4138 6460
415 355 487 411 ρε
1549 355 2052 412 οοΜιιΕΝΤΑιιιΑ
2092 359 2160 416 IN
2197 361 2535 423 PSALMOS.
3600 384 3672 439 ξε

983 472 1127 525 ΨΑΛ
1136 474 1274 526 ΜΟΣ
1303 474 1429 526 PA'.
2006 524 2007 533 η

500 562 830 625 Ἀκολούθως
854 564 886 634 ἡ
918 564 1028 635 ᾠδὴ
1061 567 1094 634 ἡ
1125 564 1373 635 παροῦσα
1398 564 1494 618 xa‘t
1520 566 1554 635 ἡ
1589 566 1693 637 πρὸ
1717 566 1887 638 αὐτῆς
1908 565 2002 619 τοῦ

414 659 472 710 ἐν
497 656 686 727 Κυρίῳ
711 655 1128 725 τετελειωμένου
1167 655 1665 727 ταπεινοφροσύνης
1702 656 1884 726 φωνὰς
1908 675 2003 710 πε-

415 750 690 820 ριέχουσα,
726 746 821 800 καὶ
856 746 1091 817 μάλιστα
1132 745 1226 799 τοῦ
1259 747 1556 817 δυναμένου
1598 748 1801 816 λέγειν·
1840 749 2002 801 Ἕνε-

411 857 518 892 κεν
539 840 645 893 τοῦ
693 840 984 908 ὀνόματός
1020 854 1137 893 σου
1172 838 1463 908 ὑπέμεινά
1494 854 1588 903 σε,
1619 840 1817 908 Κύριε.
1857 839 1916 892 '0
1943 840 1999 892 δὲ

409 934 573 987 Δαυῒδ
602 934 678 996 ώς
700 932 845 995 εἰκὸς
879 932 1211 1004 μεμαθηκὼς
1251 933 1359 986 ἀπὸ
1381 933 1489 985 τῶν
1517 931 1607 985 τοῦ
1639 934 1794 1001 ἁγίου
1824 932 1997 985 Πνεύ-

413 1044 581 1096 ματος
615 1026 828 1095 φωνῶν,
844 1026 926 1078 ὅτι
947 1025 1264 1095 τιςίλασμὸς
1286 1026 1435 1096 παρά
1455 1026 1533 1095 τῷ
1553 1025 1691 1095 Θεῷ,
1713 1026 1806 1077 καὶ
1829 1024 1995 1098 πολλὴ

409 1121 538 1190 παρ’
599 1118 747 1189 αὐτῷ
813 1117 1081 1188 λύτρωσις
1139 1118 1187 1168 εἰ
1242 1116 1603 1175 πιστεύσειεν,
1683 1116 1996 1184 ἀναγκαίως

409 1212 598 1264 ἑαυτὸν
618 1211 917 1281 προσφέρει
934 1209 1012 1279 τῷ
1030 1210 1316 1279 Λυτρωτῇ·
1343 1208 1422 1259 διὸ
1453 1208 1544 1259 καὶ
1572 1208 1990 1278 ὲπιγέγραπται’

411 1302 522 1356 Τοῦ
558 1301 741 1355 Δαυῒδ
780 1304 865 1366 εὶς
907 1300 1278 1367 παραίτησιν
1308 1297 1853 1366 πλημμελημάτων,
1886 1300 1993 1365 τὰς

409 1394 562 1459 ὶδίιις
627 1392 1087 1461 ἐξαριθμοῦντος
1153 1390 1573 1458 ἀνδραγαθίας.
1621 1390 1695 1441 Οὐ
1772 1388 1990 1442 πώποτε

404 1485 535 1557 γὰρ,
570 1486 755 1556 φησιν,
787 1483 1033 1554 ἐπήρθην
1066 1480 1247 1543 καθὼς
1277 1482 1458 1550 ἄρχων
1492 1480 1578 1532 ἐπ’
1608 1480 1759 1544 ἔθνος
1786 1479 1950 1535 αὐτοῦ
1972 1496 1986 1511 υ

2600 485 2929 544 PSALMUS
2964 490 3176 547 CXXX.

2183 573 2433 645 Congrue
2478 591 2717 645 praesens
2740 580 2865 645 oda,
2919 581 3152 651 itemque
3188 586 3523 655 praecedens,
3568 587 3669 642 ho—

2105 664 2267 719 minis
2320 666 2372 719 in
2430 666 2539 722 Deo
2602 669 2830 737 perfecti
2903 672 3132 728 humiles
3192 690 3352 730 voces
3407 678 3666 741 continet,

2103 757 2481 825 praecipueque
2515 759 2631 827 ejus
2663 762 2753 829 qui
2780 764 2953 829 possit
2984 763 3195 819 dicere:
3233 767 3458 836 Propter
3482 787 3668 823 nomen

2102 855 2252 898 tuum
2277 847 2510 901 sustinui
2544 858 2613 913 te,
2641 849 2861 905 Domine
2895 852 2959 906 ³³.
3003 854 3169 909 David
3199 867 3380 910 autem
3423 858 3664 926 edoctus,

2101 945 2158 990 ut
2193 937 2449 994 credibile
2500 950 2601 1000 est.
2654 956 2681 995 a
2718 944 2895 998 sancti
2928 944 3163 1014 Spiritus
3208 950 3463 1017 oraculis,
3506 954 3667 1005 mise~

2099 1028 2388 1082 ricordiam
2452 1032 2591 1099 apud
2626 1026 2793 1085 Deum
2847 1035 3076 1090 inveniri
3138 1040 3525 1110 cepiosamque
3573 1058 3664 1097 re-

2099 1120 2478 1187 demptionem,
2516 1122 2562 1175 si
2595 1124 2758 1179 modo
2786 1126 3052 1191 crederet,
3089 1132 3400 1185 necessario
3429 1134 3661 1202 seipsum

2097 1211 2317 1265 exhibet
2344 1211 2713 1281 Redemptori.
2764 1215 2943 1281 Quare
2973 1226 3026 1271 et
3049 1220 3362 1275 inscribitur
3392 1242 3406 1277 ι
3441 1223 3661 1281 Davidis

2096 1302 2164 1354 ad
2218 1304 2635 1372 deprecationem
2694 1317 3058 1375 peccatorum,
3113 1328 3195 1364 res
3252 1329 3285 1365 a
3347 1331 3401 1367 se
3461 1320 3663 1388 egregio

2094 1404 2269 1462 gestas
2310 1397 2647 1452 recenseatis.
2708 1395 2991 1468 Nunquam
3038 1402 3213 1466 enim,
3265 1404 3469 1474 inquit,
3522 1408 3663 1462 fastu

2095 1483 2274 1538 elatus
2309 1499 2449 1550 sum,
2483 1499 2578 1540 ceu
2620 1488 2798 1556 gentis
2831 1490 3126 1560 princeps;
3158 1474 3333 1562 neque
3367 1496 3440 1549 ita
3469 1513 3659 1567 super-

403 1578 526 1630 οὗτε
563 1580 668 1648 μὴν
708 1575 1020 1647 ὲχαυνώθην
1052 1572 1250 1643 βλέψας
1278 1572 1382 1638 ἔξω
1411 1572 1567 1635 Θεοῦ,
1600 1574 1694 1626 καὶ
1729 1573 1830 1643 τῆς
1855 1572 1968 1644 πρὸ.

2090 1574 2176 1628 hia
2214 1576 2381 1629 tumui
2417 1585 2476 1629 ut
2512 1577 2605 1631 Dei
2636 1581 2979 1648 prmsentiam
3008 1597 3115 1637 non
3156 1593 3485 1654 spectarem,
3523 1588 3655 1643 etin

400 1671 491 1722 τὸν
521 1668 684 1723 αὑτοῦ
721 1667 884 1737 φόϐον
916 1665 1228 1728 συστάσεως
1261 1664 1554 1733 καθυφείς·
1588 1664 1711 1717 οὕτε
1744 1665 1903 1718 πάλιν
1930 1666 1968 1717 ὲκ

2089 1679 2156 1719 eo
2196 1665 2437 1720 timendo
2458 1671 2828 1724 constantiam
2861 1672 3193 1729 omitterem.
3215 1673 3403 1746 Neque
3443 1679 3568 1733 item
3600 1680 3657 1734 in

400 1763 580 1832 τρυφῇ
612 1759 883 1822 πλουσίως
932 1757 1179 1827 διεξῆγον
1221 1756 1313 1809 τὸν
1359 1756 1509 1825 βίονο
1558 1756 1678 1809 οὐδέ
1710 1775 1761 1809 τι
1804 1758 1968 1827 μεῖζογ

2090 1757 2304 1811 deliciis
2335 1757 2622 1815 afﬂuenter
2653 1762 2804 1828 vixi;
2839 1779 3018 1835 neque
3064 1766 3131 1821 de
3160 1782 3245 1821 me
3279 1769 3521 1839 meisque
3571 1786 3659 1826 re-

398 1815 694 1923 ὲίρρύνησα,
724 1815 878 1921 φησι,
915 1815 1044 1916 περί
1069 1815 1329 1919 έμαυτοῦ,
1358 1815 1468 1901 τῶν
1495 1815 1943 1919 προσόντων-ἐμοί
1967 1869 1968 1875 η

2090 1846 2191 1901 bus
2225 1857 2422 1915 praeter
2454 1851 2776 1907 modestiam
2815 1815 2997 1910 sensi:
3040 1859 3186 1927 quod
3225 1815 3449 1914 faciunt:
3490 1862 3526 1915 ii
3565 1862 3656 1931 qui

396 1944 567 1996 ὁποῖοί
610 1943 754 2005 τινές
810 1944 947 1994 εἰσιν
984 1942 1033 1993 oi
1088 1942 1299 1993 συνετοὶ
1344 1942 1475 2011 παρ’
1506 1942 1737 2006 ἑαυτοῖς,
1777 1942 1869 1993 καὶ
1901 1944 1968 1995 ὲν-

2088 1935 2307 1990 sibimet
2336 1938 2436 2007 ipsi
2482 1939 2727 1995 videntur
2756 1943 3025 2013 ingeniosi
3066 1963 3130 2003 ac
3165 1950 3460 2019 sapientes.

394 2035 564 2089 ώπιον
596 2034 774 2088 αὐτῶν
799 2035 989 2105 ὲπιστή
1000 2044 1177 2103 μονες.

620 2125 957 2179 Ἐλπισάτω
998 2125 1237 2193 Ἰσραὴλ
1259 2126 1358 2179 ἐπὶ
1392 2124 1500 2177 τὸν
1529 2124 1750 2192 Κύριον

2332 2124 2335 2127 ⁷
2362 2118 2522 2173 Vens.
2554 2121 2607 2174 5.
2636 2121 2820 2191 Speret
2853 2124 3024 2181 Israel
3049 2129 3102 2182 in
3134 2127 3375 2185 Domino.

470 2218 677 2287 ’Ὠσπερ
706 2217 838 2286 ἐγὼ,
876 2218 1038 2287 φησὶν
1064 2220 1091 2270 ὁ
1123 2217 1375 2287 βασιλεὺς
1407 2215 1587 2278 Δαυῒδ,
1614 2215 1871 2279 τοσοῦτος
1903 2215 1968 2269 (In

2168 2208 2321 2263 Sicut
2358 2213 2502 2265 enim
2534 2227 2653 2282 ego,
2711 2215 2787 2267 ait
2826 2231 2919 2270 rex
2976 2218 3165 2283 David,
3201 2220 3323 2274 talis
3364 2230 3654 2293 tantusque

392 2309 488 2361 καὶ
512 2308 752 2373 τοιοῦτος
779 2310 939 2381 ἀνὴρ,
976 2310 1233 2362 ταπεινὸν
1262 2309 1497 2378 ὲμαυτδν
1527 2309 1857 2380 κατέστησα,
1887 2310 1968 2362 καῖ

2084 2302 2168 2356 vir
2200 2301 2457 2357 humilem
2488 2318 2572 2357 me
2612 2304 2735 2371 feci,
2785 2322 2979 2376 meque
3002 2310 3173 2364 obtuli
3230 2313 3649 2381 misericordiae,

394 2402 741 2469 προσήγαγον
772 2400 1002 2470 ἐμαυτὸν
1031 2398 1107 2468 τῷ
1132 2398 1341 2469 ᾖὶασμῷ
1374 2400 1467 2453 καὶ
1495 2398 1571 2469 τῷ
1605 2400 1861 2471 Λυτρωτῇ
1888 2401 1968 2452 καῖ

2083 2393 2544 2464 Redemptorique
2582 2411 2646 2449 ac
2672 2395 2989 2463 Servatori;
3022 2401 3094 2454 ita
3127 2401 3337 2470 reliquo
3375 2405 3537 2458 etiam
3570 2404 3650 2460 ls-

391 2492 625 2562 Σωτῆρι,
664 2492 835 2556 οὕτως
877 2493 970 2545 καὶ
1002 2491 1077 2561 τῷ
1110 2474 1280 2561 λοιπῷ
1320 2490 1532 2562 Ἰσραὴλ
1576 2490 1968 2560 ἐπαγγέλλομαι

2080 2486 2212 2540 raeli
2247 2487 2509 2551 denuntio
2554 2500 2612 2541 ut
2637 2488 2973 2545 conﬁdenter
3008 2494 3074 2546 ad
3106 2494 3533 2549 misericordiam
3563 2512 3648 2550 ac-

397 2581 741 2652 οαρσούντως
781 2582 1063 2652 προσιέναι
1106 2581 1184 2651 τῷ
1225 2581 1473 2651 ἱλασμῷ·
1518 2581 1761 2653 ἀκριϐῶς
1798 2581 1973 2645 εἰδὼς,

389 2672 469 2725 ὅτι
501 2673 660 2736 αὐτὸς
689 2673 1022 2745 λυτρώσεται
1047 2673 1136 2726 τὸν
1174 2673 1408 2743 Ἰσραὴλ,
1444 2674 1492 2725 εἰ
1520 2673 1856 2745 προσδράμοι
1887 2676 1977 2727 αύ-

387 2766 484 2837 τῷ,
519 2768 582 2818 ὲκ
606 2766 796 2819 πασῶν
819 2764 926 2817 τῶν
952 2764 1190 2836 ἀνομιῶν
1221 2766 1408 2819 αὑτοῦ.

930 2858 1223 2910 ΨΑΛΜΟΣ
1254 2859 1335 2910 ΡΛ
1345 2857 1424 2910 Α’.

620 2950 841 3016 Ὤμοσε
859 2950 1073 3016 Κύριος
1103 2946 1182 3013 τῷ
1221 2949 1400 3002 Δαυῒδ
1424 2948 1732 3014 ἀλήθειαν.

467 3040 816 3111 Ὀμωμοκὸτι
844 3040 900 3092 δὲ
929 3040 1006 3111 τῷ
1035 3039 1216 3103 Δαυῖδ,
1261 3039 1617 3112 ἀντώμοσενὸ
1641 3040 1773 3105 Θεὸς
1807 3041 1971 3114 ζητή-

2077 2578 2256 2630 cedat.
2292 2577 2424 2630 Nam
2454 2575 2624 2646 probe
2656 2578 2791 2640 scio,
2850 2578 2968 2633 fore
3011 2590 3069 2633 ut
3102 2580 3240 2636 Deus
3275 2582 3527 2639 lsraelem
3563 2598 3643 2637 re.

2077 2669 2268 2735 dimat,
2301 2670 2347 2723 si
2382 2671 2450 2723 ad
2488 2685 2610 2725 eum
2653 2671 2983 2733 confu'rerit,
3010 2688 3077 2727 ex
3114 2675 3368 2729 omnibus
3393 2675 3647 2745 iniquita-

2078 2762 2219 2817 tibus
2266 2760 2403 2829 ejus.
3248 2768 3257 2773 “

2566 2851 2893 2908 PSALMUS
2932 2852 3170 2910 CXXXI.

2182 2943 2347 2997 Vens.
2386 2942 2475 2996 11.
2504 2941 2714 2998 Iuravit
2750 2944 3001 2998 Dominus
3028 2946 3219 2999 Davidi
3242 2948 3531 3004 veritatem.

2142 3033 2358 3090 Juranti
2410 3035 2595 3090 Davidi
2632 3036 2868 3091 vicissim
2894 3036 3100 3107 juravit
3144 3036 3307 3102 Deus,
3352 3040 3399 3091 ei
3438 3039 3527 3108 qui
3563 3036 3644 3092 lo-

388 3148 538 3185 σαντι
570 3132 661 3186 τὸν
688 3132 852 3185 τόπον
894 3131 1104 3203 μαθεῖν,
1128 3132 1336 3203 δωρεὰν
1364 3133 1487 3197 δοὺς
1507 3133 1567 3186 τὸ
1592 3133 1686 3187 καὶ
1715 3133 1772 3200 ἐξ
1802 3135 1964 3188 αὐτοῦ

2075 3143 2193 3181 cum
2237 3141 2570 3198 cognoscere
2604 3128 2818 3193 avebat,
2854 3130 3091 3199 gratuito
3128 3132 3339 3184 donans
3370 3146 3641 3202 prmroga-

383 3222 682 3294 προελθεῖν·
704 3225 837 3278 "Ira
848 3224 945 3278 διὰ
961 3224 1068 3278 δύο
1086 3225 1444 3294 πραγμάτων
1459 3227 1926 3294 ἀμεταθέτων,ώς
1942 3228 1969 3279 ὁ

386 3316 597 3380 nacta;
611 3334 793 3387 φησιν,
807 3317 876 3370 ἐν
892 3318 980 3381 οἷς
995 3318 1186 3371 ἀδύνα
1197 3335 1304 3370 τον
1318 3319 1663 3385 ψεύσασθαι
1678 3319 1784 3372 τὸν
1799 3319 1967 3386 Θεὸν,

298 3472 303 3483 1
386 3409 644 3478 ἰσχυρὰν
666 3407 1070 3477 παράκλησιν,
1100 3409 1227 3480 περὶ
1256 3402 1329 3462 ὦν
1359 3408 1576 3479 ηὔξατο,
1602 3408 1893 3477 λάϐωμεν.
1976 3466 1979 3479 γ

394 3578 487 3631 Ἐκ
520 3579 752 3646 καρποῦ
794 3578 904 3647 τῆς
948 3581 1178 3645 κοιλίας
1224 3595 1339 3633 σου
1400 3581 1657 3650 θήσομαι
1702 3581 1800 3634 ἐπὶ
1858 3581 1966 3634 τοῦ

987 3652 1204 3718 θρόνου
1227 3666 1362 3704 σου.

464 3741 680 3812 Ἐπειδὴ
714 3742 800 3805 σὺ,
832 3742 1016 3812 φησιν,
1052 3740 1195 3794 οὕτω
1229 3742 1526 3804 πιστεύσας
1566 3740 1788 3794 τοιαῦτα
1816 3742 1966 3814 ηὔξω

379 3833 604 3901 γνῶναι,
642 3833 964 3903 βουλόμενος
1011 3833 1198 3903 μαθεῖν
1231 3835 1360 3905 περὶ
1412 3833 1507 3886 τοῦ
1537 3834 1704 3886 τόπου
1741 3834 1842 3903 τῆς
1884 3836 1965 3898 εἰς

377 3925 696 3995 ἀνθρώπους
734 3925 968 3994 ἀφίξεως
1002 3924 1096 3977 τοῦ
1145 3925 1417 3996 Σωτῆρος,
1452 3925 1606 3994 δέχου
1646 3924 1709 3995 δὴ
1745 3924 1836 3978 καὶ
1870 3924 1965 3977 αὐ-

378 4017 469 4079 τὸς
509 4017 610 4087 τὴν
646 4017 999 4083 ἐπαγγελίαν,
1042 4018 1137 4069 καὶ
1178 4017 1329 4085 γίνου
1371 4016 1617 4079 διάκονος
1643 4017 1741 4087 τῆς
1786 4033 1962 4087 σωτη-

378 4107 495 4178 ρίου
524 4108 810 4175 γενέσεως.
845 4108 943 4170 Σὸς
963 4107 1071 4178 γὰρ
1099 4107 1250 4160 ἔσται
1284 4107 1493 4178 καρπὸς
1521 4109 1549 4159 ὁ
1580 4107 1959 4176 γενησόμενος,

374 4201 439 4251 ἐκ
468 4200 565 4267 σῆς
593 4198 844 4269 διαδοχῆς
871 4198 963 4251 καὶ
1004 4200 1067 4249 ἐκ
1100 4197 1194 4273 σοῦ
1227 4198 1536 4269 σπέρματος
1568 4197 1962 4268 προελευσόμε-

372 4309 461 4353 νος
484 4311 495 4322 ο
526 4291 606 4343 διὸ
628 4293 721 4344 καὶ
754 4291 901 4362 αὐτῷ
926 4290 1208 4361 δοθήσεται
1235 4290 1367 4342 ώσεὶ
1396 4290 1802 4361 ὲπηγγελμένος
1832 4289 1957 4362 θρό-

369 4399 481 4446 νος,
511 4382 601 4435 διὰ
632 4383 692 4434 τὸ
723 4382 923 4452 μηδένα
951 4382 1135 4452 ἕτερον
1182 4382 1215 4453 ἦ
1252 4383 1410 4452 μόνον
1437 4383 1528 4435 τὸν
1568 4384 1633 4436 ἐκ
1679 4382 1770 4435 σοῦ
1826 4399 1958 4452 προ-

2077 3220 2243 3273 tivam
2264 3230 2321 3273 ut
2349 3228 2403 3274 et
2433 3221 2658 3289 ipsemet
2676 3219 2793 3291 ejus
2817 3222 2988 3289 stirpe
3005 3222 3281 3285 oriretur;
3304 3219 3370 3274 Ut
3396 3238 3485 3289 per
3507 3223 3644 3276 duas

2077 3330 2158 3366 res
2199 3313 2518 3377 inmobiles,
2569 3323 2737 3383 prout
2790 3312 2994 3367 Paulus
3034 3313 3131 3375 ait,
3167 3313 3355 3380 quibus
3399 3314 3641 3381 impossi-

2071 3405 2170 3458 bile
2203 3416 2277 3458 est
2314 3405 2523 3457 mentiri
2555 3404 2745 3491 Deuom,
2774 3403 3002 3457 validum
3032 3404 3281 3457 solatium
3303 3404 3369 3469 ³⁸,
3396 3406 3537 3459 circa
3569 3419 3637 3461 ea

2069 3514 2191 3566 quae
2224 3498 2454 3567 quisque
2495 3499 2649 3567 petit,
2680 3497 2989 3552 habeamus.

2070 3589 2237 3643 Vens.
2278 3588 2365 3644 Η.
2414 3586 2493 3641 De
2546 3591 2722 3662 [metu
2754 3592 2948 3643 ventris
2990 3590 3066 3643 tui
3094 3604 3284 3659 ponam
3312 3605 3469 3656 super
3493 3590 3639 3642 thro-

2701 3676 2823 3713 num
2854 3672 3026 3715 tuum.

2137 3748 2402 3816 Quoniam
2469 3759 2551 3812 tu,
2612 3751 2813 3818 inquit,
2873 3751 2948 3804 ita
3011 3750 3282 3816 credens,’
3308 3762 3638 3820 cognoscere

2066 3842 2181 3896 haec
2211 3843 2431 3910 optasti,
2473 3857 2670 3911 nempe
2696 3842 2873 3896 locum
2900 3857 3006 3912 quo
3042 3846 3108 3896 ad
3151 3843 3400 3897 homines
3446 3850 3637 3894 ventu-

2068 3951 2160 3989 rus
2216 3945 2298 3989 est
2341 3934 2612 4001 Salvator,
2673 3935 2858 4003 accipe
2908 3937 3047 3990 hanc
3099 3937 3372 3998 notitiam.
3422 3944 3478 3988 et
3518 3942 3636 3987 esto

2064 4027 2317 4081 salutaris
2368 4025 2484 4093 ejus
2529 4026 2832 4081 nativitatis
2882 4027 3153 4082 minister.
3214 4026 3446 4081 Fructus
3492 4026 3632 4079 enim

2069 4129 2191 4173 tuus
2219 4119 2323 4172 erit
2345 4119 2437 4187 qui
2472 4118 2687 4173 futurus
2712 4129 2820 4185 est,
2841 4133 2906 4173 ex
2939 4127 3027 4173 tua
3055 4119 3313 4188 progenie
3342 4132 3407 4170 ac
3430 4115 3636 4170 semine

2062 4220 2469 4278 proventurus:
2507 4210 2742 4279 ideoque
2775 4221 2830 4265 et
2868 4211 2971 4281 ipsi
3012 4211 3232 4264 dabitur
3260 4213 3488 4262 thronus
3520 4222 3638 4276 pro-

2062 4306 2282 4370 missus,
2326 4304 2453 4373 quia
2507 4320 2665 4360 nemo
2709 4314 2792 4360 est
2833 4305 2993 4369 alius,
3038 4314 3233 4373 praater
3285 4302 3433 4354 illum
3478 4317 3545 4354 ex
3578 4310 3632 4354 te

2064 4398 2359 4463 oriturum,
2389 4398 2482 4466 qui
2515 4398 2571 4450 iu
2606 4397 2878 4465 promisso
2903 4396 3099 4451 throno
3123 4396 3312 4449 sedere
3335 4404 3630 4446 mereatur.

370 4475 743 4544 ελευσόμενον,
776 4474 923 4539 ἄξιον
963 4472 1098 4528 εἶναι
1142 4474 1234 4527 τοῦ
1263 4474 1345 4527 σοὶ
1378 4474 1792 4545 ὲπηγγελμένου
1828 4474 1952 4544 θρό-

2075 4488 2238 4554 luare
2273 4495 2329 4541 et
2379 4485 2598 4540 Gabriel
2629 4485 2810 4539 Mariae
2850 4486 3026 4539 dixit:
3070 4483 3135 4536 Et
3181 4481 3323 4535 dabit
3367 4479 3446 4533 illi
3494 4479 3633 4532 Deus

370 4584 483 4619 νου.
517 4564 813 4633 Τοιγαροῦν
843 4566 935 4618 καὶ
963 4569 990 4618 ὁ
1020 4565 1261 4637 Γαϐριὴλ
1296 4567 1432 4637 πρὸς
1456 4568 1554 4637 τὴν
1589 4567 1821 4636 Μαριάμ
1850 4584 1952 4636 φη-

372 4675 457 4711 σι·
487 4658 592 4710 Καὶ
630 4657 805 4710 δώσει
829 4656 988 4722 αὐτῷ
1015 4660 1045 4709 ό
1083 4657 1226 4722 Θεὸς
1262 4656 1369 4710 τὸν
1400 4658 1616 4723 θρόνον
1634 4657 1815 4711 Δαυῒδ
1845 4659 1951 4711 τοῦ

368 4752 591 4819 πατρὸς
608 4750 814 4813 αὐτοῦ,
848 4750 943 4803 καὶ
990 4750 1352 4814 ,βασιλεύσει
1387 4750 1485 4803 ἐπὶ
1510 4749 1616 4803 τὸν
1644 4746 1814 4803 οἷκον
1852 4751 1951 4803 Ἰα-

367 4841 490 4894 κὼϐ
514 4843 602 4907 εὶς
632 4840 737 4893 τὸν
769 4841 976 4894 αἰῶνα.

379 4934 512 4987 Ἐὰν
539 4932 919 5001 φυλάξωνται
954 4936 1008 4987 ol
1053 4935 1175 4988 υἱοί
1202 4950 1317 4988 σου
1339 4931 1453 5000 τὴν
1482 4932 1776 4999 διαθήκην
1805 4950 1944 5001 μου.

434 5024 877 5095 Καθεσθήσονται
910 5026 997 5078 ἐπ’
1031 5026 1193 5079 αὐτὸν
1231 5025 1431 5096 δηλαδὴ
1469 5024 1558 5077 τὸν
1591 5023 1682 5077 τοῦ
1714 5022 1948 5095 Χριστοῦ

365 5117 550 5187 Θρόνον
586 5120 634 5171 οί
670 5116 836 5172 αὐτοῦ
887 5118 1127 5189 μαθηταὶ
1161 5118 1253 5171 καὶ
1284 5117 1548 5187 διάδοχοι·
1598 5116 1738 5186 πλὴν
1778 5116 1950 5179 οὐδεὶς

368 5209 559 5278 φθόνος
586 5212 679 5264 καὶ
711 5213 822 5273 τοῖς
853 5214 963 5273 σοῖς
992 5212 1149 5273 υἱοῖς,
1180 5204 1224 5262 ὦ
1257 5208 1439 5274 Δαυῖδ,
1474 5208 1718 5260 τουτέστι
1746 5210 1855 5270 τοῖς
1886 5209 1949 5260 ὲκ

365 5302 686 5371 περιτομῆς,
717 5302 809 5355 καὶ
849 5304 897 5354 εἰ
931 5300 1317 5372 παραδέξοιντο
1358 5300 1449 5352 τὸν
1487 5299 1739 5371 Χριστδν,
1778 5300 1871 5352 καὶ
1899 5301 1948 5351 εί

363 5393 680 5463 φυλάξοιντο
710 5395 808 5465 τὴν
859 5393 1121 5464 διαθήκην
1159 5410 1256 5463 μου
1288 5392 1379 5445 καὶ
1415 5390 1483 5444 τὰ
1511 5390 1787 5463 μαρτύριά
1818 5408 1943 5461 μου,

361 5488 423 5539 οὐ
460 5486 528 5538 τὰ
572 5484 660 5538 διά
701 5487 801 5555 τῆς
851 5486 1074 5558 πρώτης
1115 5484 1434 5555 νομοθεσίας
1479 5484 1758 5554 δεδομένα,
1806 5482 1943 5536 ἀλλά

359 5578 532 5631 ταῦτα
561 5578 597 5631 ἃ.
623 5577 818 5643 διδάξω
837 5579 1054 5644 αὐτοὺς,
1089 5577 1346 5648 μέλλοντα
1375 5578 1556 5639 αὐτοῖς
1586 5575 1809 5646 ὕστερον
1841 5593 1941 5631 πο-

358 5685 420 5722 τε
449 5668 927 5741 παραδοθήσεσθαι
973 5669 1060 5723 διὰ
1098 5669 1197 5738 τῆς
1223 5669 1415 5738 καινῆς
1448 5668 1731 5738 διαθήκης
1764 5668 1811 5719 εἰ
1838 5666 1945 5736 γάρ

434 5810 478 5841 ³³
506 5809 647 5864 Psal.
684 5827 873 5877 CXXIX,
902 5812 953 5867 4.
1032 5811 1256 5867 3"llebr.
1289 5827 1360 5878 Vl,
1392 5810 1474 5865 18.
1555 5813 1598 5843 ³³
1627 5804 1758 5867 Luc.
1805 5828 1840 5876 ι,
1872 5811 1959 5865 5:2.

2059 4580 2303 4631 thronum
2344 4576 2560 4631 Davidis
2600 4578 2765 4645 patris
2798 4578 2934 4644 ejus,
2962 4576 3297 4646 regnabitque
3349 4590 3505 4643 super
3546 4572 3633 4625 do-

2060 4688 2202 4725 mum
2246 4669 2413 4724 Jacob
2452 4672 2506 4722 in
2536 4669 2875 4724 a’ternum“.

2062 4929 2228 4984 Vnus.
2255 4930 2341 4984 12.
2366 4929 2422 4986 Si
2448 4932 2903 5001 custodierintﬁlii
2932 4932 3009 4985 tui
3034 4939 3396 4985 testamentum
3436 4945 3628 4986 meum.

2131 5020 2408 5076 Sedebuut
2463 5037 2628 5092 super
2690 5025 2808 5092 ipso
2871 5024 3123 5079 videlicet
3175 5021 3374 5077 Christi
3435 5024 3629 5073 throno

2060 5110 2311 5180 discipuli
2359 5113 2477 5181 ejus
2503 5128 2568 5167 ac
2600 5128 2969 5168 successores.
3010 5111 3396 5165 Verumtamen
3445 5125 3513 5162 ne
3553 5108 3627 5161 tui

2059 5202 2277 5270 quidem
2315 5203 2433 5273 lilii,
2460 5221 2492 5261 ο
2532 5205 2722 5272 David,
2758 5205 2863 5260 ulla
2918 5220 2976 5258 re
3021 5202 3433 5264 fraudabuntur,
3467 5200 3517 5253 id
3546 5208 3629 5252 est

2056 5295 2499 5352 circumcisionis
2533 5298 2774 5362 asseclae,
2813 5298 2856 5352 si
2889 5298 3045 5350 modo
3085 5295 3361 5349 Christum
3409 5306 3629 5360 recepe-

2055 5387 2190 5454 rint,
2233 5398 2529 5459 etpactum
2582 5406 2759 5444 meum
2805 5406 2872 5444 ac
2922 5387 3225 5457 testimonia
3267 5382 3624 5446 servaverint,

2053 5495 2160 5535 non
2191 5481 2282 5535 illa
2308 5483 2374 5537 ad
2400 5483 2642 5553 priorem
2696 5482 3092 5551 legislationem
3134 5475 3488 5547 pertinentia,
3529 5476 3623 5527 sed

2051 5588 2115 5627 ea
2153 5590 2273 5644 qua:
2305 5577 2503 5631 deinde
2534 5576 2678 5645 ipsos
2708 5575 2935 5637 docebo,
2977 5585 3203 5641 qumque
3238 5569 3359 5625 novi
3404 5565 3623 5622 lmdcris

2057 5675 2301 5735 tempore
2357 5669 2614 5723 tradenda
2656 5674 2803 5724 sunt.
2841 5664 3076 5722 Omnino
3116 5663 3162 5721 si
3211 5663 3327 5718 haec
3370 5669 3624 5720 servave-
