4138 6422
509 323 584 379 27
1201 317 1475 376 EUSEBII
1512 315 1997 376 CESABIENSIS
2030 313 2184 372 OPP.
2222 313 2406 370 PARS
2440 312 2530 371 111.
2565 342 2621 357 -ι
2671 312 3081 370 EXEGETICA.
3712 312 3785 366 28

531 441 664 501 rint.
702 438 806 508 ipsi
834 437 1134 511 quoquejn
1181 436 1380 491 throno
1407 422 1518 500 tuo’,
1548 436 1638 505 qui
1682 433 1900 491 Chrislt)
1942 451 2096 506 para-

2210 432 2522 502 φυλάξοιντο
2549 430 2744 494 ταῦτα,
2799 431 2896 485 καὶ
2937 429 3092 484 αὐτοὶ
3148 427 3532 484 καθευδοΰνται
3555 427 3649 483 ἐπὶ
3689 429 3783 483 τὸν

520 541 607 586 tus
639 540 748 593 est,
771 528 1058 584 sedebunt.

592 621 757 677 Vsus.
799 620 888 675 15.
930 617 1176 672 Praedam
1208 617 1322 681 eius
1356 617 1659 672 benedicens
1699 619 2023 684 benedicens,

826 704 1078 757 pauperes
1111 686 1224 755 ejus
1264 691 1514 742 saturnbo
1542 690 1788 755 panibus.

592 778 903 836 Secundum
958 792 1262 847 artugngen,
1313 778 1493 845 pneda
1545 777 1728 833 Siouis
1761 779 1795 832 ii
1838 789 1966 833 sunt
2003 780 2094 850 qui

530 873 760 942 piscium
794 874 963 926 instar
1017 871 1085 926 ab
1113 870 1442 942 evangelicis
1491 872 1911 941 apostolicisque
1962 872 2099 929 reti-

524 966 623 1021 bus
657 963 899 1033 quotidie
926 962 1241 1031 capiuntur.
1274 960 1550 1030 Pauperes
1571 973 1753 1019 autem
1785 963 1904 1033 ejus
1926 962 2097 1030 beati,

526 1070 757 1125 quorum
792 1062 880 1109 est
925 1068 1151 1123 regnum
1185 1050 1305 1116 Dei,
1336 1053 1427 1122 qui
1459 1067 1654 1122 panem
1685 1053 1751 1108 de
1775 1053 1921 1110 ctelo
1950 1053 2101 1108 dela-

520 1159 677 1218 psum
728 1146 917 1201 edunt.
970 1143 1080 1198 Sed
1120 1154 1176 1198 et
1219 1143 1463 1211 ejusdem
1516 1141 1699 1198 Sionis
1759 1145 2100 1209 sacerdotes,

521 1250 807 1310 postquam
837 1252 897 1294 se
926 1236 1160 1307 iustitia,
1187 1245 1243 1290 nt
1273 1237 1370 1303 sit,
1403 1236 1694 1300 induerint,
1724 1252 1754 1290 a
1793 1237 1903 1292 Deo
1929 1236 2104 1292 salute

523 1331 843 1385 induuntur.
912 1326 1117 1383 Deinde
1159 1328 1227 1382 de
1276 1327 1408 1382 viris
1463 1327 1667 1382 sanctis
1717 1326 1882 1382 verba
1947 1325 2102 1392 facit,

522 1422 723 1475 virtute
755 1434 821 1474 ac
852 1418 977 1473 vita:
1006 1433 1210 1487 genere
1256 1418 1310 1471 in
1352 1416 1597 1472 Ecclesia
1640 1416 2100 1486 praecellentibus.

524 1513 601 1567 lle
652 1510 850 1582 quibus
914 1509 1139 1579 Aquilus
1177 1509 1347 1563 dicit:
1394 1505 1723 1562 Laudatione
1775 1507 2103 1574 laudabunt;

524 1606 889 1677 Symmachus
919 1612 1123 1668 autem,
1150 1600 1521 1657 Benedicentes
1551 1600 1878 1657 benedicent.

527 1800 697 1858 Vnus.
737 1801 823 1858 18.
861 1801 1028 1873 Super
1051 1802 1223 1871 ipsum
1245 1808 1423 1855 autem
1461 1799 1714 1872 eﬂorebit
1748 1797 2105 1865 sanctiﬁcatio
2134 1789 2178 1844 Β

1250 1887 1388 1926 mea.

610 1964 720 2020 Hoc
756 1964 822 2018 de
844 1960 1053 2019 Joanne
1093 1962 1244 2025 dicit,
1268 1962 1422 2029 juxta
1456 1961 1668 2016 Domini
1709 1957 1972 2017 ell'atum:
2005 1957 2108 2014 Ille

528 2063 642 2107 erat
668 2054 885 2108 lucerna
916 2054 1109 2108 ardens
1133 2064 1180 2107 et
1203 2053 1439 2107 relucens
1463 2051 1529 2108 ³⁸.
1568 2052 1715 2107 Licet
1736 2052 1840 2106 hoc
1869 2059 1924 2104 et
1951 2050 2111 2105 aliter

530 2155 627 2211 per
674 2150 914 2210 tempora
977 2140 1413 2210 persecutionum
1460 2154 1815 2209 cognoscere.
1863 2137 2109 2211 Symma-

528 2233 663 2287 chus
689 2247 817 2287 vero
845 2233 1174 2287 consecratio
1201 2231 1441 2301 scripsit.
1471 2230 1767 2287 Consecrat
1792 2246 1984 2302 reapse
2010 2243 2109 2301 per

528 2328 839 2381 universum
883 2326 1071 2381 orbem
1133 2324 1497 2382 sanctiﬁcatio
1552 2323 1873 2381 Servatoris
1927 2323 2105 2380 nostri

526 2415 845 2474 Ecclesiam.

1000 2506 1324 2564 PSALMUS
1361 2505 1627 2564 CXXXII.

598 2602 764 2658 Vsus.
799 2601 851 2658 Ι.
894 2600 1030 2655 Ecce
1068 2600 1193 2671 quid
1240 2601 1443 2677 bonum
1472 2609 1522 2653 et
1555 2598 1684 2670 quid
1711 2598 2037 2666 jucundum,

916 2670 1109 2741 prwter
1133 2687 1290 2737 quam
1320 2670 1584 2733 habitare,
1615 2679 1724 2725 etc.

603 2757 718 2814 Non
747 2775 909 2813 omne
938 2759 1161 2825 bonum,
1191 2761 1395 2829 pariter
1422 2770 1478 2815 et
1506 2759 1809 2828 jucundum
1838 2769 1919 2812 est
1950 2775 1965 2824 ;
2012 2773 2107 2812 ue-

527 2867 634 2922 que
664 2866 827 2907 omne
863 2851 1187 2920 jucundum,
1230 2851 1389 2907 simul
1441 2862 1496 2906 et
1540 2854 1741 2906 bonum
1790 2862 1897 2909 est.
1942 2850 2108 2906 llulta

527 2946 675 2999 enim
699 2955 827 3001 sunt
858 2945 1057 3013 dulcia,
1085 2954 1138 3001 et
1169 2955 1347 3001 tamen
1380 2960 1546 3016 prava
1576 2965 1590 3002 :
1630 2952 1685 3002 et
1712 2946 1957 3001 vicissim
2000 2946 2107 3001 alia

531 3035 803 3093 laboriosa
829 3049 976 3103 sunt,
1008 3039 1104 3095 sed
1146 3048 1324 3094 tamen
1350 3042 1511 3094 bona.
1559 3038 1949 3094 Verumtamen
1978 3053 2109 3094 con-

2196 522 2385 594 θρόνον
2420 541 2514 578 σου
2542 524 2635 577 τὸν
2661 522 2739 593 τῷ
2764 520 2986 593 Χριστῷ
3005 520 3424 592 ἡτοιμασμένον.

2202 614 2323 684 Τὴν
2343 618 2534 685 θήραν
2561 613 2752 681 αὐτῆς
2780 610 3041 685 εὐλογῶν
3077 612 3411 685 εὐλογήσω,
3451 609 3595 678 τοὺς
3627 624 3782 664 πτω-

2529 685 2681 755 χοὺς
2702 684 2892 752 αὐτῆς
2920 681 3193 753 χορτάσω
3221 682 3433 750 ἄρτων.

2269 777 2426 832 Κατὰ
2452 776 2508 831 δὲ
2536 776 2845 846 ἀναγωγήν,
2876 775 3018 847 θὴρα
3046 772 3181 827 Σιὼν
3212 775 3264 826 οὶ
3288 773 3444 844 δίκην
3472 771 3668 844 ἰχθύων
3695 770 3785 826 διὰ

2198 870 2308 925 τῶν
2332 868 2704 939 εύαγγελικῶν
2728 869 2823 923 καὶ
2851 866 3224 922 ἀποστολικῶν
3249 864 3480 919 δικτύων
3511 865 3783 937 ὁσημέραι

2202 961 2574 1035 ζωγρούμενοι
2597 977 2612 990 ·
2649 959 2854 1032 πτωχοὶ
2897 957 2955 1013 δι
2984 958 3155 1030 αὐτῆς
3183 960 3231 1011 οἱ
3258 957 3540 1029 μακάριοι,
3581 957 3665 1010 ὅτι
3688 956 3786 1009 αύ-

2201 1054 2311 1109 τῶν
2336 1056 2486 1107 ἔστιν
2509 1056 2543 1124 ἡ
2576 1052 2821 1124 βασιλεία
2852 1052 2961 1106 τῶν
2993 1050 3237 1122 οὐρανῶν
3260 1068 3273 1081 ·
3315 1051 3367 1104 οἶ
3398 1049 3491 1103 τὸν
3520 1050 3683 1121 ἄρτον
3710 1065 3787 1101 σι-

2201 1145 2421 1202 τοῦνται
2451 1144 2543 1200 τὸν
2563 1144 2625 1211 ἐξ
2651 1143 2881 1211 ούρανοῦ
2907 1143 3218 1198 καταϐάντα
3241 1160 3254 1173 ·
3286 1141 3422 1196 ἀλλὰ
3458 1141 3551 1196 καὶ
3580 1141 3631 1194 οί
3653 1138 3786 1195 ταύ-

2200 1257 2305 1310 της
2338 1241 2527 1311 ἱερεῖς,
2571 1238 2787 1310 πρῶτον
2826 1238 3052 1301 ἑαυτοὺς
3086 1236 3453 1306 δικαιοσύνην,
3492 1234 3571 1298 ὡς
3609 1228 3783 1297 εἶπεν,

2206 1330 2542 1395 ἐνδύσαντες,
2574 1330 2680 1383 ὑπὸ
2710 1327 2846 1383 Θεοῦ
2881 1326 3293 1401 περιϐάλλονται
3327 1326 3602 1399 σωτηρίαν
3621 1343 3635 1357 ο
3667 1320 3786 1380 εἶτα

2206 1422 2355 1491 λέγει
2378 1422 2506 1493 περὶ
2537 1421 2647 1475 τῶν
2673 1422 2858 1485 ὁσίων,
2891 1419 3001 1473 τῶν
3025 1419 3194 1492 ἁρετῇ
3219 1420 3314 1474 καὶ
3461 1418 3789 1490 διαπρεπόν-
3848 1431 3861 1443 ⁸

2208 1531 2317 1569 των
2337 1515 2396 1567 ὲν
2441 1513 2764 1586 Ἐκκλησίᾳ’
2809 1513 2939 1584 περὶ
2966 1505 3041 1565 ὧν
3079 1511 3309 1577 ’Δκύλας
3339 1512 3440 1584 μιν
3466 1511 3591 1584 ἔφη·
3617 1510 3787 1565 Alri-

2209 1622 2305 1660 σει
2328 1604 2715 1660 αινέσουσινο
2740 1605 2771 1658 ό
2789 1603 2848 1658 δὲ
2886 1604 3203 1677 Σύμμαχος,
3233 1602 3663 1675 Εὐφημοῦντες
3691 1603 3790 1659 οὐ·

2209 1696 2623 1769 φημήσουσιν.

2325 1788 2459 1844 Ἐπὶ
2486 1789 2556 1843 δὲ
2585 1788 2774 1844 αὑτὸν
2797 1789 3122 1859 ἐξανθήσει
3146 1789 3211 1844 τὸ
3238 1786 3507 1860 ἁγίασμὰ
3526 1804 3669 1858 μου.

2278 1970 2449 2025 Τοῦτο
2481 1971 2610 2044 περὶ
2651 1971 2896 2026 Ἰωάννου
2928 1973 3085 2041 φησι,
3114 1969 3257 2026 κατὰ
3285 1971 3346 2024 τὸ
3376 1969 3665 2043 εἰρημένον
3693 1986 3795 2025 πα-

2212 2061 2283 2135 ρὰ
2305 2063 2512 2135 Κυρίου
2536 2079 2549 2093 ⁵
2591 2062 2850 2130 Ἐκεῖνος
2871 2058 2952 2133 ἦν
2974 2067 3008 2118 ό
3025 2066 3254 2134 ,λύχνος
3292 2066 3325 2118 ὀ
3351 2064 3666 2133 καιόμενος
3689 2062 3790 2116 καί

2206 2158 2460 2227 φαίνων.
2485 2153 2642 2211 Ἐστι
2680 2155 2738 2210 δι
2760 2154 2936 2211 ταῦτα
2969 2155 3065 2212 καὶ
3094 2156 3269 2220 άλλως
3313 2156 3441 2210 ίδεῐν
3481 2153 3624 2209 κατὰ
3664 2155 3796 2217 τοὺς

2209 2248 2320 2304 τῶν
2363 2246 2620 2319 διωγμῶν
2658 2247 2884 2322 καιρούς
2903 2265 2918 2279 ο
2944 2249 2971 2302 ό
2998 2247 3056 2302 δὲ
3076 2247 3392 2320 Σύμμαχος,
3417 2250 3449 2301 ό
3474 2244 3795 2317 ἁγιασμὸς,

2208 2335 2386 2406 εἶπεν,
2427 2340 2617 2394 αὑτοῦ
2641 2357 2656 2370 ο
2692 2339 2912 2409 ἁγιάζει
2952 2338 3061 2413 γὰρ
3083 2338 3204 2394 καθ’
3241 2339 3369 2410 ὅλης
3411 2339 3512 2409 τῆς
3536 2337 3793 2409 οἰκουμέ-

2210 2450 2308 2505 νης
2325 2432 2388 2486 τδ
2412 2429 2508 2486 τοῦ
2540 2431 2791 2504 Σωτῆρος
2820 2432 2977 2503 ἡμῶν
3003 2433 3063 2485 ιν
3080 2434 3147 2503 τῇ
3189 2429 3486 2504 Ἐκκλησία
3522 2431 3793 2501 ἁγίασμα.

2762 2523 3055 2578 ἸἏΛΜΟΣ
3086 2523 3256 2580 PAB'.

2226 2613 2369 2669 Ἰδοὺ
2405 2612 2482 2682 δὴ
2513 2613 2570 2668 τι
2600 2612 2795 2669 καλὸν
2820 2613 2853 2680 ἦ
2892 2614 2949 2695 τί
2982 2614 3258 2737 reperiar,
3295 2614 3433 2669 ἀλλ’
3476 2612 3515 2682 ἢ
3548 2612 3615 2668 τὸ
3656 2627 3798 2667 κατ-

2796 2701 3005 2737 οιλιειν.
3027 2703 3079 2737 κ.
3103 2702 3153 2737 τ.
3215 2722 3231 2737 .

2796 2701 3005 2748 οιλιειν,
3027 2703 3079 2738 κ.
3103 2702 3153 2737 τ.
3182 2701 3231 2739 Α.

2283 2774 2359 2827 υύ
2394 2776 2503 2828 πᾶν
2543 2775 2606 2828 τὸ
2650 2774 2835 2831 καλὸν.
2866 2776 2965 2848 ἡδη
3010 2776 3104 2829 καὶ
3133 2776 3365 2848 τερπνόν
3388 2793 3402 2806 ·
3438 2775 3558 2830 οὐδὲ
3581 2775 3643 2829 τὸ
3671 2791 3797 2846 τερ-

2215 2866 2368 2932 πνὸν,
2401 2867 2619 2932 πάντως
2644 2868 2737 2921 καὶ
2776 2867 2938 2922 καλόν
2961 2886 2974 2899 ·
3010 2868 3180 2922 πολλὰ
3210 2869 3319 2940 γὰρ
3351 2867 3481 2940 ἡδέα
3513 2868 3632 2938 μὲν,
3666 2864 3798 2937 φαῦ-

2211 2956 2278 3012 λα
2297 2958 2355 3013 δέ
2377 2976 2390 2989 ·
2426 2958 2501 3022 ὡς
2528 2959 2622 3013 καὶ⁸
2647 2959 2812 3031 ἔτερα
2840 2960 3073 3014 ἐπίπονα
3095 2961 3215 3032 μὲν,
3245 2959 3426 3029 ἀγαθὰ
3451 2959 3509 3013 δέ
3530 2976 3545 2991 ·
3575 2958 3797 3030 όμόνοια

2209 3049 2266 3103 δὲ
2296 3052 2395 3104 καὶ
2424 3052 2614 3124 είρήνη
2644 3050 2833 3123 ψυχῶν
2877 3053 3326 3124 ὁμοφρονούντων
3354 3051 3450 3106 καὶ
3481 3049 3799 3123 ὁμοδοξοῦν-

528 3131 713 3187 cordia
760 3142 815 3185 et
858 3147 961 3202 pax
1018 3132 1322 3186 animarum
1372 3146 1560 3202 parem
1614 3141 1851 3188 mentem
1893 3141 2109 3189 senten-

2216 3159 2341 3208 των,
2375 3142 2542 3214 ἄμφω
2562 3143 2703 3198 κατὰ
2724 3145 2786 3197 τὸ
2810 3143 2942 3198 αὐτὸ
2973 3146 3066 3198 καὶ
3092 3145 3153 3197 τὸ
3179 3142 3411 3214 τερπνὸν
3432 3142 3608 3196 καὶτὸ
3634 3138 3797 3196 καλὸν

532 3223 769 3293 tiamque
819 3223 1144 3287 foventium,
1205 3235 1495 3294 utramque
1563 3240 1680 3279 rem
1741 3224 2110 3291 laudabiliter,

531 3329 727 3384 nempe
755 3324 808 3370 et
836 3316 1038 3369 bonum
1065 3325 1118 3368 et
1141 3316 1439 3385 jucundum
1498 3327 1686 3373 tenere
1733 3317 1957 3372 dicitur.
2005 3318 2111 3373 Ne-

530 3419 637 3472 que
660 3403 714 3458 id
742 3403 944 3457 dicitur
985 3405 1053 3459 de
1111 3404 1377 3461 fratribus
1418 3422 1523 3460 una
1560 3416 1772 3467 tantum
1814 3408 2115 3462 habitanti-

530 3495 656 3559 bus,
689 3495 787 3550 sed
812 3495 878 3549 de
907 3496 1172 3551 unitatem
1222 3497 1384 3552 simul
1428 3498 1802 3566 servantibus,
1848 3510 2009 3570 prout
2038 3502 2111 3552 ait

528 3585 862 3654 Apostolus:
900 3584 969 3641 Ut
1019 3587 1073 3640 id
1106 3587 1279 3658 ipsum
1316 3605 1494 3643 omnes
1527 3590 1737 3653 dicatis,
1779 3606 1941 3662 neque
1973 3592 2113 3645 schi-

539 3686 715 3730 smata
752 3676 894 3731 inter
923 3695 1014 3732 vos
1054 3680 1207 3745 sint;
1242 3680 1337 3734 sed
1379 3696 1487 3734 una
1513 3680 1798 3751 eademque
1835 3692 2007 3736 mente
2044 3699 2108 3737 ac

540 3767 801 3821 sententia
844 3778 1005 3823 estote
1047 3772 1399 3839 coagmentati
1443 3769 1509 3826 ".
1560 3771 1741 3828 Monet
1795 3784 2002 3838 autem,
2038 3790 2107 3829 ne

528 3858 725 3913 bunum
751 3860 1228 3929 atquejucundum
1267 3864 1318 3917 iu
1357 3878 1588 3933 corpore
1614 3864 1905 3935 carnisque
1956 3865 2106 3921 volu-

532 3959 682 4021 ptate
714 3955 1078 4020 reponendum
1118 3963 1392 4024 putemus.

637 4041 799 4095 Vsus.
830 4040 886 4094 5.
925 4041 1073 4097 Sicut
1109 4059 1197 4097 ros
1227 4041 1510 4115 Hermonis
1540 4046 1633 4115 qui
1656 4045 1925 4099 descendit
1956 4046 2015 4100 in

1096 4123 1298 4167 montes
1338 4111 1534 4168 Sionis.

598 4204 754 4260 Mons
799 4214 883 4261 est
935 4204 1173 4261 llormon
1220 4203 1433 4260 Libano
1476 4205 1753 4274 adiacens,
1795 4207 1846 4261 in
1875 4223 1984 4280 quo
2019 4209 2110 4265 nix

530 4296 694 4350 nmlta
746 4298 1081 4368 congeritur,
1139 4310 1304 4367 quam
1351 4297 1638 4368 Scriptura
1696 4299 1837 4354 roris
1893 4300 2113 4355 nomine

528 4389 795 4459 designat.
846 4387 983 4456 Quia
1026 4404 1160 4461 ergo
1201 4405 1292 4445 ros
1334 4390 1446 4457 ille,
1496 4405 1565 4446 ex
1614 4391 1801 4447 multis
1849 4392 2111 4450 collectus

2215 3233 2358 3305 ἔχειν
2386 3238 2688 3291 ἐπαινεῖται
2713 3254 2727 3267 ·
2770 3237 2832 3291 ού
2865 3236 2925 3290 τὸ
2964 3238 3240 3290 κατοικεῖν
3285 3234 3548 3304 ἀδελφοὺς
3589 3233 3798 3299 ἁπλῶς,

2213 3326 2328 3380 ἀλλ’
2359 3327 2487 3381 ὅταν
2518 3328 2610 3381 ἐπὶ
2637 3328 2699 3381 τὸ
2728 3328 2861 3382 αὐτὸ
2900 3321 3025 3392 ὦσι,
3059 3327 3202 3382 κατὰ
3237 3325 3328 3383 τὸν
3372 3326 3691 3380 ’Λτιόστολον
3708 3324 3800 3379 λέ-

2214 3435 2407 3487 γοντα·
2446 3419 2581 3474 Ἵνα
2609 3418 2677 3473 τὸ
2693 3419 2840 3473 αὐτὸ
2871 3418 3090 3488 λέγητε
3116 3418 3361 3485 πάντες,
3384 3417 3574 3487 καὶμὴ
3594 3414 3800 3472 eisrar-

2213 3511 2355 3581 ὑμῖν
2371 3512 2699 3581 σχίσματα·
2730 3507 2837 3581 ἦτε·
2862 3510 2931 3564 δὲ
2957 3511 3417 3580 κατηρτισμένοι
3435 3509 3513 3575 τῷ
3527 3509 3807 3576 adniti-ct

2214 3603 2314 3656 καὶ
2331 3602 2408 3671 τῇ
2427 3601 2583 3671 αὐτῇ
2600 3601 2824 3672 γνώμῃ*
2847 3601 3087 3655 διδάσκει
3115 3602 3174 3656 δὲ
3202 3600 3262 3654 τὸ
3281 3601 3443 3655 καλὸν
3466 3601 3558 3654 καὶ
3584 3601 3647 3655 τὸ
3668 3616 3797 3671 τερ-

2214 3694 2347 3748 πνὸν
2392 3693 2469 3766 μὴ
2510 3696 2570 3748 ὲν
2604 3692 2838 3765 σώματι,
2876 3693 3013 3765 μηδὲ
3054 3695 3112 3748 ιν
3148 3693 3310 3765 ἡδονῇ
3368 3692 3587 3767 σαρκῶν
3651 3692 3799 3747 τίθε-

2219 3783 2366 3840 σθαι.

2226 4047 2325 4115 Ὠς
2360 4045 2582 4117 δρόσος
2609 4046 2869 4118 Ἀερμὼν
2906 4047 2945 4116 ἡ
2972 4046 3419 4101 καταϐαίνουσα
3448 4046 3546 4102 ἐπὶ
3584 4047 3656 4101 τὰ
3689 4045 3801 4116 ὅρη

2968 4135 3092 4172 ιωικ

2968 4135 3092 4172 stur.

2289 4210 2453 4281 Ὅρος
2481 4211 2630 4264 ἐστὶν
2674 4120 3034 4283 mpnf-:5
3064 4206 3497 4281 παρακείμενεον
3521 4204 3600 4276 τῷ
3628 4206 3798 4260 Διδά-

2213 4318 2309 4373 νῳ,
2338 4302 2423 4371 ἐφ’
2456 4302 2484 4355 δ
2506 4300 2642 4373 χιὼν
2675 4301 2967 4369 συνάγεται
2990 4297 3178 4369 πολλὴ,
3207 4294 3395 4368 ἥντινα
3421 4297 3450 4349 ὁ
3478 4298 3646 4366 Λόγος
3671 4297 3798 4370 δρό-

2214 4409 2308 4446 σον
2335 4392 2645 4463 ὠνόμασεν·
2686 4390 2876 4462 ἐπειδὴ
2901 4388 2958 4443 δὲ
2995 4390 3027 4459 ἡ
3058 4388 3247 4461 δρόσος
3275 4389 3455 4460 ἐκείνη
3500 4391 3534 4463 ἡ
3568 4392 3632 4443 ὲκ
3666 4389 3797 4443 πολ-

528 4480 699 4548 guttis
723 4495 894 4534 unum
919 4495 1117 4549 corpus
1149 4480 1383 4536 eﬂicilur
1428 4492 1483 4536 et
1532 4484 1922 4554 compingitur,
1960 4499 2107 4540 recte

2213 4483 2321 4537 λῶν
2367 4482 2710 4555 συναγομένη
2764 4481 3057 4551 σταγόνων,
3103 4482 3192 4552 ὑφ’
3238 4479 3297 4533 ἒν
3344 4483 3798 4553 σωματοποιεῖται

531 4569 789 4625 Ecclesia:
821 4572 1173 4626 concordiam
1202 4581 1366 4642 atque
1406 4588 1733 4629 consensum
1768 4579 2110 4646 comparavit

528 4664 747 4717 diverso
792 4661 1043 4730 exemplo
1096 4678 1203 4718 non
1241 4663 1351 4717 nivi
1383 4665 1724 4733 permanenti
1756 4667 1809 4720 in
1839 4666 2109 4722 llermone

528 4762 733 4815 monte,
775 4751 872 4807 sed
914 4752 963 4805 ei
1014 4768 1136 4822 qua:
1189 4752 1242 4807 in
1303 4753 1488 4811 Siouis
1536 4766 1754 4812 montes
1806 4758 2108 4813 descendit.

526 4842 772 4913 Namque
818 4852 879 4897 ut
921 4844 1062 4900 nivis
1098 4844 1312 4912 c0piam
1357 4846 1749 4918 intelligamus,
1785 4866 1943 4907 mons
1969 4847 2110 4906 Her-

528 4950 653 4989 mon
679 4935 732 4987 iu
762 4936 1068 5006 exemplum
1117 4947 1369 5007 sumptus
1419 4949 1534 5006 est;
1589 4949 1648 4996 ut
1682 4953 1861 4998 autem
1899 4960 2110 4999 morum

526 5029 826 5081 secundum
853 5027 1019 5083 Deum
1054 5029 1405 5085 concordiam
1430 5033 1766 5103 signiﬁcaret
1796 5035 2105 5103 Psalmista,

529 5133 707 5174 rorem
738 5120 791 5173 in
823 5131 1034 5177 montes
1069 5119 1260 5177 Sionis
1282 5123 1700 5181 descendentem
1735 5129 2055 5182 nominavit.

671 5295 839 5351 Vsus.
880 5296 935 5351 5.
971 5294 1236 5363 Quoniam
1270 5301 1384 5355 illic
1410 5303 1682 5358 mandavit
1721 5302 1979 5360 Dominus

1088 5371 1523 5426 benedictionem.

600 5455 712 5512 Illic
751 5457 904 5524 dicit,
955 5460 1095 5528 apud
1140 5462 1343 5519 fratres
1393 5465 1743 5521 concorditer
1779 5465 2106 5524 habitantes.

530 5554 716 5616 neque
772 5548 916 5605 hanc
964 5566 1309 5609 communem
1349 5557 1539 5624 vitam,
1584 5556 1680 5612 sed
1721 5557 2108 5626 immortalem,

533 5638 805 5707 intelligit.

614 5760 661 5795 ³⁸
688 5760 905 5831 Junua‘,
934 5765 1025 5821 35.
1101 5768 1143 5800 "
1183 5766 1347 5826 ICor.
1380 5784 1423 5837 ι,
1456 5770 1540 5827 10.

2212 4577 2309 4630 καὶ
2342 4577 2752 4647 συμπήγνυται,
2798 4573 3025 4638 εἰκότως
3050 4573 3149 4646 τὴν
3177 4573 3275 4644 τῆς
3321 4572 3645 4644 Ἐκκλὴσίας
3666 4572 3798 4643 όμό-

2213 4685 2364 4723 νοιαν
2405 4668 2500 4722 καὶ
2535 4666 2856 4738 συμφωνίαν
2897 4666 3164 4719 ἀπείκασε
3202 4665 3270 4718 δι’
3300 4666 3485 4736 ἑτέρου
3536 4664 3799 4737 παραδεί-

2214 4775 2425 4832 γματος
2454 4759 2515 4812 ού
2555 4761 2620 4831 τῇ
2658 4758 2796 4829 χιόνι
2842 4761 2909 4831 τῇ
2955 4756 3308 4829 άπομενυύσῃ
3339 4758 3396 4809 ἐν
3436 4756 3512 4828 τῷ
3553 4756 3801 4828 Ἀερμὼν

2211 4851 2350 4925 opst,
2372 4849 2509 4905 ἀλλὰ
2536 4854 2602 4923 τῇ
2626 4849 3030 4925 καταϐαινούσῃ
3052 4849 3146 4905 ἐπὶ
3160 4849 3229 4903 τὰ
3254 4849 3354 4921 6ρὴ
3380 4849 3516 4902 Σιών
3532 4865 3546 4880 ο
3583 4850 3670 4902 ἴνα
3701 4849 3799 4920 μὲν

2214 4942 2325 5015 γὰρ
2346 4944 2629 5015 νοήσωμεν
2649 4943 2711 4996 τὸ
2734 4942 2938 5013 πλῆθος
2959 4943 3057 5015 τῆς
3083 4941 3281 5013 χιόνος,
3303 4941 3363 4994 τὸ
3403 4941 3647 5014 Ἀερμὼν
3677 4941 3802 5011 ὅρος

2217 5034 2602 5107 νταρείλίγιτται⁸
2635 5037 2721 5089 ἴνα
2748 5035 2804 5088 δὲ
2832 5034 2927 5089 τοῦ
2959 5035 3103 5089 κατὰ
3125 5034 3257 5087 Θεὸν
3287 5034 3677 5105 πολιτεύματος
3705 5033 3801 5106 τὴν

2214 5128 2533 5198 συμφωνίαν
2577 5125 2814 5200 δηλώσῃ,
2860 5128 2951 5181 ἐπὶ
2978 5125 3048 5180 τὰ
3093 5124 3195 5198 ὅρη
3233 5125 3372 5178 Σιὼν
3412 5125 3514 5197 ἔφη
3555 5123 3803 5179 κατιέναι

2210 5220 2310 5292 τὴν
2336 5220 2545 5292 δρόσον.

2320 5312 2448 5365 Ὅτι
2474 5310 2604 5365 ἐκεῖ
2624 5312 2959 5366 ἐνετείλατο
3002 5310 3215 5378 Κύριος
3239 5308 3355 5377 τὴν
3387 5310 3689 5380 εὐλογίαν.

2304 5471 2452 5523 ’Ἐκεῖ
2472 5469 2619 5538 λέγει
2659 5468 2809 5540 παρὰ
2832 5471 2945 5532 τοῖς
2980 5466 3326 5521 κατοικοῦσιν
3352 5466 3602 5535 ἀδελφοῖς
3630 5464 3808 5520 {nisi

2220 5563 2376 5618 αὐτό·
2404 5564 2499 5618 καὶ
2531 5560 2677 5635 ζωὴν
2704 5562 2768 5617 ού
2795 5559 2895 5633 τὴν
2928 5561 3136 5632 κοινὴν,
3175 5560 3310 5614 ἀλλὰ
3345 5559 3443 5632 τὴν
3474 5559 3764 5613 ἀθάνατον.
