4138 6428
365 347 436 404 29
1373 343 1379 349 ’
1492 346 1871 406 COMMENTA
1884 347 1927 402 Β

2041 347 2110 403 ΙΝ
2148 348 2485 405 PSALMOS.
3556 354 3629 411 30

891 462 1185 517 ΨΑΔΜΟΣ
1218 464 1384 521 ΡΛΓ’.

648 554 696 605 Ε
703 551 999 622 ὑλογήσαι
1033 567 1107 607 σε
1139 555 1354 622 Κύριος
1392 554 1461 608 ἐκ
1493 554 1666 609 Σιών.

440 643 576 714 Ἤδη
612 643 689 714 τῷ
745 644 997 717 Ἀϐραὰμ
1041 647 1288 717 εἴρηται·
1318 650 1385 701 Οἱ
1421 646 1818 717 εὐλογοῦντές
1850 664 1945 713 σε,

364 737 755 805 εὔιόνγτηνται·
810 736 1036 808 δυνάμει
1086 738 1143 791 δὲ
1202 738 1392 791 ἑαυτὸν
1443 737 1656 806 εὐλογεῖ
1712 740 1741 791 ὁ
1790 736 1947 792 τοῦτο

366 825 533 879 ποιῶν
556 842 570 855 ·
602 826 650 879 εί
677 826 735 879 δὲ
769 827 860 880 ἐπὶ
886 827 979 879 τοῦ
1025 828 1296 900 Ἀϐραὰμ,
1325 830 1480 899 πόσῳ
1510 828 1710 899 μᾶλλον
1734 830 1825 882 ἐπὶ
1851 828 1945 882 τοῦ

363 916 608 990 Κυρίου;
660 919 722 972 οὐ
765 918 874 990 γὰρ
929 920 1095 973 δεῖται
1142 921 1242 990 τῆς
1290 922 1417 992 παρ’
1462 920 1620 991 ἡμῶν
1674 918 1941 988 εὐλογίας.

367 1011 635 1074 Ἕκαστος
683 1010 739 1063 δὲ
773 1012 950 1082 ἑαυτῷ
990 1010 1295 1083 χαρίζεται,
1348 1014 1441 1066 καὶ
1478 1012 1667 1065 ἑαυτὸν
1710 1012 1942 1079 εὐλογεῖ,

365 1102 684 1171 ἀντευλογού
693 1120 850 1173 μενος
874 1103 977 1155 ὑπὸ
1000 1103 1091 1156 τοῦ
1115 1102 1221 1157 τῶν
1239 1104 1375 1157 ὅλων
1401 1103 1650 1173 Ποιητοῦ.
1680 1104 1769 1156 Διὸ
1797 1103 1947 1175 πρῶ-

365 1210 454 1245 τον
481 1194 712 1265 εἴρηται·
751 1197 1068 1264 Εὐλογεῑτε
1096 1196 1202 1249 τὸν
1240 1198 1476 1265 Κύριον·
1513 1190 1611 1249 εἶθ’
1640 1196 1787 1267 ἑξῆς·
1823 1198 1942 1250 Εὑ-

361 1286 624 1356 λογνήσαι
646 1302 722 1340 σε
752 1289 989 1356 Κύριος.
1404 1278 1407 1281 δ

876 1380 1167 1433 ΨΛΛΜΟΣ
1216 1381 1300 1433 ΡΛ
1308 1379 1383 1432 A'.

430 1466 508 1537 Τῇ
540 1467 646 1520 τῶν
659 1468 811 1539 ᾠδῶν
837 1470 1041 1542 ἐσχάτῃ
1065 1469 1161 1534 τὰς
1187 1469 1357 1533 αὐτὰς
1384 1468 1523 1540 ἔχων
1544 1469 1737 1536 λέξεις,
1755 1472 1784 1523 ό
1802 1488 1941 1542 παρ-

360 1557 437 1611 ὼν
488 1555 636 1621 αἶνος
704 1560 928 1623 εἰκότως
972 1562 1333 1633 παράκειται·
1383 1561 1463 1613 διὸ
1499 1560 1560 1613 τὸ
1603 1562 1941 1630 ἀλληλούῑα

360 1651 811 1723 προγέγραπται·
846 1652 942 1705 τοῦ
980 1653 1080 1723 μὲν
1109 1652 1385 1721 ἀλληλοὺ
1422 1652 1708 1723 δηλοῦντος
1748 1654 1808 1706 τὸ
1848 1657 1937 1707 αὶ-

1977 467 2025 523 Α

2511 462 2831 519 PSALMUS
2880 464 3163 520 CXXXIII.

2221 554 2389 613 Vens.
2424 558 2477 612 5.
2520 557 2808 612 Benedic-at
2841 554 3175 612 te‘Dominus
3206 575 3272 612 ea:
3296 558 3448 613 Sion.

2116 645 2256 701 Olim
2294 648 2604 701 Ahrahamo
2643 649 2843 702 dictum
2880 647 3019 701 fuit:
3056 649 3159 714 Qui
3205 659 3254 702 te
3289 651 3624 713 benedicunt,

2050 736 2303 790 benedicti
2338 748 2460 791 sunt
2483 737 2549 789 ³⁸.
2587 736 2897 791 Virtualiter
2922 750 3101 791 autent
3133 748 3304 793 semet
3338 740 3625 806 benedicit,

2048 832 2139 899 qui
2178 832 2230 884 id
2276 832 2407 899 agit.
2443 829 2596 896 Quod
2639 830 2683 884 si
2737 829 2789 882 in
2825 829 3138 883 Abrahamo
3188 830 3377 894 valuit,
3420 839 3624 897 quanto

2049 923 2222 991 magis
2248 922 2301 975 in
2328 921 2597 975 Domino?
2625 919 2737 974 Non
2766 921 2911 974 enim
2946 921 2993 976 is
3034 935 3219 976 nostra
3256 924 3625 977 benedictione

2048 1015 2273 1086 indiget.
2335 1013 2719 1082 Unusquisque
2764 1022 2945 1066 autem
3004 1015 3106 1069 sibi
3156 1015 3520 1085 gratiﬁcatur,
3568 1026 3622 1069 et

2046 1107 2147 1160 sibi
2206 1107 2495 1165 benedicit,
2552 1108 2678 1174 quia
2730 1107 2971 1160 vicissim
3023 1108 3093 1161 ab
3148 1108 3386 1161 oumium
3440 1110 3617 1160 rerum

2044 1197 2308 1253 Creatore
2350 1198 2709 1252 benedicitur.
2756 1198 2879 1251 Ideo
2914 1198 3088 1267 primo
3123 1199 3325 1252 dictum
3362 1207 3443 1251 est
3472 1212 3487 1251 :
3522 1194 3625 1251 Be-

2043 1292 2268 1345 uedicite
2298 1290 2602 1344 Dominum.
2644 1289 2844 1343 Deinde
2874 1307 2886 1343 :
2922 1289 3203 1342 Benedicot
3235 1300 3283 1343 te
3307 1289 3584 1343 Dominus.

2512 1379 2835 1435 PSALMUS
2876 1379 3159 1435 CXXXIV.

2113 1471 2439 1527 Laudativus
2490 1472 2579 1527 hic
2612 1472 2850 1542 psalmus
2892 1473 3088 1527 merito
3136 1472 3479 1543 subiungitur
3521 1487 3620 1543 po-

2040 1571 2244 1617 stremo
2272 1564 2626 1627 canticorum,
2647 1565 2769 1632 quia
2812 1563 3001 1617 iisdem
3034 1563 3390 1617 locutiouibus
3418 1565 3617 1627 utitur;

2040 1670 2205 1724 quam
2239 1656 2308 1709 ob
2342 1670 2454 1709 rem
2486 1655 2705 1709 alleluia
2735 1671 2954 1724 quoque
2986 1654 3035 1710 ei
3069 1655 3440 1725 pra’ponitur:
3474 1670 3621 1708 nam-

357 1744 533 1809 νεῖτε,
568 1744 661 1797 τοῦ
694 1746 739 1798 δ’
780 1745 862 1809 Ia,
884 1746 991 1799 τὸν
1022 1747 1261 1814 Κύριον.
1296 1745 1453 1799 Εἴποι
1485 1746 1530 1798 δ’
1562 1746 1626 1799 ἄν
1647 1764 1730 1809 τις
1769 1745 1927 1817 ῦμνον

2039 1762 2143 1815 que
2183 1745 2364 1810 allelu,
2400 1745 2620 1799 laudate
2658 1745 2950 1815 signiﬁcat,
2997 1747 3071 1809 ia,
3118 1745 3420 1801 Dominum.
3471 1745 3620 1798 Dicet

356 1830 495 1888 εῖναι
540 1836 607 1889 τὰ
644 1837 855 1907 πρῶτα,
900 1837 975 1902 ὡς
1028 1840 1085 1891 ὲν
1124 1837 1392 1909 προοιμίῳ
1438 1837 1773 1909 διεγείροντα
1810 1838 1927 1901 τοὺς

2040 1855 2170 1891 sane
2198 1839 2396 1908 aliquis
2427 1840 2663 1907 priorem
2714 1838 2902 1906 psalmi
2951 1848 3180 1907 partem,
3220 1837 3406 1906 hymni
3440 1836 3615 1889 locum

357 1929 861 1999 προσταττομένους
907 1931 1077 1982 αἰνεῖν
1120 1929 1210 1982 τὸν
1251 1929 1417 1981 Θεόν·
1468 1929 1803 1999 ἀρχομένους
1840 1930 1934 1982 τοῦ

354 2018 504 2071 αῖνου
539 2020 646 2073 ἀπὸ
671 2020 787 2085 τοῦ,
821 2022 1019 2088 Κύριε,
1044 2020 1112 2074 τὸ
1135 2021 1321 2089 ὄνομά
1349 2037 1465 2075 σου
1485 2024 1571 2087 εΙς
1592 2022 1700 2075 τὸν
1727 2021 1931 2077 αἰῶνα.

352 2110 600 2181 Κατηχεῖ
624 2112 681 2165 δὲ
715 2112 1074 2186 ἀποστρέφων
1108 2111 1363 2179 εἰδώλων,
1400 2114 1494 2166 καὶ
1522 2114 1763 2168 διδάσκει
1791 2115 1932 2183 γνῶ-

354 2218 439 2253 σιν
470 2202 627 2258 θεοῦ.
664 2205 928 2275 Τοιαύτης
956 2206 1065 2278 γάρ
1094 2206 1223 2269 τοὺς
1249 2204 1346 2259 νῦν
1365 2204 1440 2277 (8)
1474 2204 1533 2269 ἐξ
1572 2204 1739 2259 ὲθνῶν
1768 2224 1936 2278 προσ-

356 2294 534 2356 ιόντας
575 2294 681 2347 ἔδει
724 2298 907 2365 τυχεῖν
959 2298 1367 2369 παραινέσεως·
1419 2298 1513 2361 οὓς
1568 2300 1661 2351 καὶ
1711 2299 1931 2364 δούλους

353 2386 525 2449 καλεῖ,
558 2388 722 2458 μήπω
763 2386 823 2439 τὸ
858 2386 1075 2459 πνεῦμα
1114 2389 1213 2458 τῆς
1248 2388 1519 2451 υἱοθεσίας
1553 2389 1930 2460 ἀνειληφότας.

352 2474 424 2526 Συ
433 2475 646 2545 μῦαίνει
674 2475 731 2528 δὲ
746 2475 966 2540 τούτους
990 2477 1096 2548 πρὸ
1127 2477 1224 2549 (8')
1258 2479 1357 2548 τῆς
1376 2479 1792 2548 παλιγγενεσίας
1811 2481 1932 2533 λου-

348 2565 500 2636 τροῦ,
527 2566 715 2619 στάσιν
735 2566 878 2636 ἔχειν
900 2570 956 2620 ὲν
978 2567 1111 2637 οἴκῳ
1134 2568 1269 2621 Θεοῦ
1296 2568 1402 2622 τῶν
1428 2570 1591 2623 αὑτοῦ
1616 2571 1929 2641 προπύλων,

345 2656 463 2710 ἀλλ’
521 2658 582 2710 οῦ
642 2657 749 2711 τῶν
804 2658 1068 2712 ἐνδοτάτω
1121 2661 1402 2730 τυχόντας·
1459 2663 1769 2736 εἰσαγωγὴν
1821 2664 1931 2737 γὰρ

344 2747 523 2819 ἔσχον,
575 2748 687 2802 ἀλλ’
734 2749 794 2801 ού
838 2748 1133 2804 τελείωσιν.
1178 2751 1436 2823 Διάφοροί
1481 2770 1544 2822 γε
1598 2754 1703 2826 μὴν
1746 2756 1928 2822 αὐλαὶ,

345 2842 470 2893 ἐπεὶ
498 2840 591 2894 καὶ
617 2841 860 2913 διάφοροι
880 2841 985 2895 τῶν
1007 2844 1379 2914 εἰσαγομένων
1406 2846 1455 2897 οἱ
1486 2845 1611 2915 βίοι·
1644 2849 1931 2920 προκοπῆς

344 2932 423 2995 δὲ,
459 2931 520 2984 τὸ
551 2932 687 3003 μετὰ
714 2932 776 2985 τὸ
802 2934 969 2985 αἰνεῖν
1001 2933 1063 2985 τὸ
1092 2933 1264 3004 ὄνομα
1294 2935 1523 3006 Κυρίου,
1560 2937 1722 2989 αὑτὸν
1756 2937 1818 3008 δὴ
1847 2940 1930 2991 αἰ-

343 3023 494 3077 νέσαι
536 3023 626 3076 τὸν
670 3024 903 3095 Κύριον·
939 3025 1019 3077 δεῖ
1049 3024 1157 3095 γὰρ
1194 3025 1408 3096 πρῶτον
1446 3026 1657 3097 μαθεῖν,
1691 3030 1772 3081 ὅτι
1815 3029 1928 3083 ἔστι

343 3113 478 3166 Θεοῦ
506 3115 699 3182 Λόγος,
731 3113 1049 3185 ἐφεστηκὼς
1071 3115 1150 3186 τῷ
1180 3117 1342 3169 παντὶ
1368 3117 1578 3188 κόσμῳ,
1609 3120 1702 3171 καὶ
1730 3119 1924 3171 δεσπό-

343 3204 453 3268 ζων
502 3207 686 3261 αὑτοῦ·
735 3203 854 3261 εἶτα
894 3208 1021 3278 περί
1068 3207 1363 3271 τεοούσίας
1405 3209 1572 3262 αὑτοῦ
1607 3210 1800 3280 μαθεῖν
1827 3213 1922 3265 καὶ

342 3298 643 3368 δυνάμεως,
673 3300 798 3353 Υίόν
824 3317 882 3352 τε
898 3299 1099 3368 γνῶναι
1129 3302 1389 3372 μονογενῆ
1421 3301 1514 3354 τοῦ
1546 3300 1705 3356 Θεοῦ.

2040 1940 2223 1983 ιιιιιυΐϐ
2246 1969 2261 1989 ,
2298 1929 2550 1984 excitatis
2600 1930 2653 1983 in
2701 1928 2972 1997 procemio
3019 1928 3082 1979 iis
3115 1928 3206 1996 qui
3245 1926 3335 1980 Dei
3370 1927 3618 1980 laudibus

2035 2021 2281 2075 dicendis
2328 2022 2526 2075 addicti
2558 2032 2721 2085 sunt;
2770 2020 2859 2088 qui
2894 2035 3082 2089 reapse
3116 2018 3369 2072 laudandi
3402 2018 3613 2071 initium

2037 2112 2241 2166 faciunt
2260 2113 2328 2166 ab
2358 2112 2463 2167 illis
2483 2113 2687 2176 verbis,
2709 2128 2894 2165 nomen
2919 2122 3088 2178 tuum,
3115 2110 3354 2176 Domine,
3385 2112 3440 2165 in
3465 2120 3619 2165 teter-

2036 2219 2179 2256 uum.
2227 2204 2478 2257 Doctrina
2530 2212 2710 2255 autem
2756 2203 2991 2257 traditur
3034 2204 3101 2255 ab
3136 2201 3292 2256 idolis
3342 2211 3615 2265 avertens,

2035 2305 2089 2350 et
2132 2295 2221 2348 Dei
2271 2295 2516 2349 notitiam
2570 2294 2848 2363 ingerens.
2903 2292 3029 2347 Hazc
3074 2293 3179 2347 illis
3223 2294 3338 2348 ﬁeri
3387 2294 3617 2348 debebat

2035 2386 2360 2452 adhortatio,
2395 2387 2485 2454 qui
2519 2402 2661 2439 nunc
2688 2401 2751 2439 ex
2780 2386 3015 2439 ethnicis
3049 2387 3115 2439 ad
3144 2386 3301 2439 ﬁdem
3327 2385 3614 2450 accedunt,

2034 2493 2169 2547 quos
2205 2478 2365 2531 etiam
2414 2492 2600 2532 servos
2645 2478 2906 2546 appellat,
2960 2488 3146 2547 utpote
3189 2478 3439 2546 spiritum
3480 2477 3615 2532 ado-

2032 2571 2234 2639 pliOnis
2271 2571 2507 2623 nondum
2545 2569 2789 2638 adeptos.
2838 2568 3030 2624 Solent
3072 2579 3252 2623 autem
3286 2569 3336 2621 hi
3366 2578 3492 2624 ante
3526 2583 3614 2622 τοι

2033 2661 2400 2731 generationis
2444 2660 2745 2724 lavacrum,
2782 2661 3072 2714 stationem
3122 2660 3321 2714 habere
3369 2660 3419 2713 in
3456 2660 3617 2713 domo

2034 2754 2126 2809 Dei
2161 2765 2286 2808 ante
2326 2753 2493 2819 fores,
2526 2752 2765 2806 nondum
2797 2753 2848 2805 in
2899 2755 3156 2807 interiora
3191 2753 3388 2821 recepti
3424 2768 3438 2806 :
3486 2766 3613 2806 eru-

2030 2848 2257 2901 diuntur
2286 2846 2453 2908 enim,
2487 2846 2579 2899 sed
2627 2845 2807 2899 adlmc
2852 2859 2957 2897 non
3001 2856 3125 2898 sunt
3158 2842 3403 2913 perfecti.
3448 2842 3618 2898 Porro

2032 2934 2261 2986 diversae
2282 2941 2410 2986 sunt
2447 2931 2604 2995 aulae,
2652 2933 2780 3001 quia
2824 2934 3040 2986 diversa
3084 2942 3166 2987 est
3194 2934 3613 2987 catechumeno-

2034 3041 2150 3078 rum
2178 3024 2287 3077 vita
2315 3044 2327 3078 :
2359 3023 2561 3092 gradus
2594 3038 2722 3077 vero
2755 3025 3035 3093 provectio
3065 3034 3148 3079 est
3183 3034 3304 3093 post
3338 3024 3611 3079 laudatum

2032 3133 2225 3171 nomen
2265 3114 2498 3181 Domini,
2541 3115 2825 3169 Dominum
2873 3116 3050 3184 ipsum
3099 3117 3343 3171 laudare.
3391 3117 3617 3187 Oportet

2029 3209 2171 3262 enim
2208 3208 2439 3276 primum
2475 3206 2720 3267 discere,
2758 3207 2847 3261 Dei
2882 3222 3003 3261 esse
3034 3208 3267 3261 Verbum
3309 3210 3451 3276 quod
3488 3210 3611 3261 uni-

2028 3316 2183 3354 verso
2249 3300 2446 3354 tumulo
2493 3298 2745 3366 przesidet
2799 3313 2863 3352 ac
2913 3298 3221 3352 dominatur
3263 3316 3277 3353 :
3326 3300 3521 3355 deinde
3556 3311 3614 3357 Ct

347 3390 464 3459 ejus
520 3391 879 3447 substantiam
932 3393 1341 3463 potentiamque
1395 3411 1750 3465 c0guoseere,
1789 3406 1845 3453 et
1882 3399 2025 3467 quod
2067 3396 2157 3449 Dei
2194 3397 2262 3449 sit
2298 3394 2633 3465 Uuigenitus.

361 3530 586 3585 Αινεῖτε
618 3528 724 3581 τὸν
747 3529 987 3597 Κύριον,
1023 3532 1112 3584 ὅτι
1155 3531 1377 3601 ἀγαθὸς
1411 3534 1647 3602 Κύριος,
1681 3552 1735 3588 κ.
1767 3553 1818 3591 τ.
1846 3536 1897 3591 λ.

424 3618 575 3670 Ἐπεὶ
605 3618 807 3687 ἀγαθὸς
833 3618 1054 3693 Κύριος,
1088 3622 1287 3674 αἰνεῖτε
1317 3621 1502 3675 αὐτόν.
1553 3624 1711 3677 Αἰτία
1740 3626 1796 3679 δὲ
1825 3627 1919 3680 τοῦ

337 3710 527 3771 αἰνεῖν,
564 3709 625 3762 τὸ
672 3710 874 3779 ἀγαθὸν
907 3714 966 3765 οὐ
1010 3712 1150 3766 κατὰ
1194 3712 1409 3784 μέθεξιν
1451 3709 1613 3779 εἶναι,
1661 3716 1922 3781 ὡσαύτως

336 3800 395 3853 δὲ
428 3800 505 3871 τῷ
531 3802 707 3874 Πατρί
734 3802 833 3874 (9).
857 3804 1122 3875 Αίνοῦμεν
1145 3806 1201 3858 δὲ
1233 3807 1292 3857 οὐ
1319 3809 1384 3876 τῇ
1409 3804 1552 3871 λέξει
1582 3808 1760 3877 μόνον,
1787 3809 1922 3862 ἀλλὰ

277 3884 301 3945 ,⁸
337 3892 433 3943 καί
464 3891 679 3961 μεθέξει
711 3893 821 3946 τῶν
850 3894 1069 3962 ἀγαθῶν
1104 3895 1292 3959 αὐτοῦ,
1320 3896 1395 3960 ὡς
1428 3897 1546 3951 δέον
1592 3899 1648 3951 δὲ
1680 3902 1746 3972 τῇ
1785 3901 1921 3954 θεω-

345 3980 434 4049 ρὶᾳ
481 3981 577 4033 καὶ
603 3985 716 4046 τοῖς
746 3982 1185 4054 θεολογουμένοις
1230 3988 1411 4060 ἔργοις
1444 3990 1707 4061 πράττειν
1752 3992 1925 4063 ἁρμό-

339 4070 425 4123 δια
448 4111 461 4131 ,
511 4071 589 4134 τὸ,
633 4072 871 4127 Ψάλατε
912 4075 992 4141 τῷ
1024 4078 1267 4147 ὀνόματι
1294 4072 1527 4145 αὑτοῦ,⁹
1545 4084 1918 4154 έπενήνεκται·

338 4161 495 4214 τοῦτο
524 4162 631 4234 γὰρ
665 4164 764 4235 ἡδὺ
792 4167 886 4218 καὶ
924 4168 1066 4239 ὑπὲρ
1110 4172 1289 4224 πᾶσαν
1318 4174 1663 4245 χρηστότητα
1685 4191 1696 4203 ·
1741 4176 1922 4231 αἰνοῦ-

340 4269 440 4323 μεν
480 4253 537 4306 δὲ
570 4256 730 4309 αὑτὸν
759 4258 879 4310 ἐπεὶ
906 4260 1188 4327 ἐξελέξατο
1218 4264 1393 4335 ἐαυτῷ
1436 4264 1526 4317 τὸν
1572 4266 1924 4338 πτερνίζοντα

2029 3533 2189 3585 Vnus.
2216 3531 2269 3584 3.
2296 3528 2534 3583 Laudate
2552 3529 2853 3595 Dominum,
2872 3529 2997 3597 quia
3024 3528 3187 3583 bonus
3211 3528 3483 3593 Dominus,
3501 3539 3609 3585 etc.

2097 3622 2361 3689 Quoniam
2429 3621 2605 3677 benus
2667 3630 2750 3676 est
2803 3621 3090 3686 Dominus,
3141 3621 3315 3690 ipsum
3368 3622 3609 3678 laudate.

2024 3713 2199 3769 Causa
2252 3722 2433 3767 autem
2490 3713 2746 3765 laudandi
2804 3722 2906 3775 est,
2960 3713 3172 3766 bonitas
3219 3714 3335 3780 ejus
3383 3728 3486 3766 non
3539 3731 3607 3768 ex

2023 3802 2257 3870 quadam
2284 3801 2713 3869 participatione.
2734 3801 2825 3853 sed
2850 3800 2970 3865 quia
2998 3801 3219 3868 perinde
3239 3811 3321 3855 est
3344 3816 3406 3855 ac
3422 3801 3604 3860 Pater.

2026 3895 2336 3949 Laudamus
2366 3903 2543 3947 autem
2580 3907 2686 3945 non
2721 3891 2900 3944 verbis
2928 3890 3126 3956 solum,
3163 3892 3254 3945 sed
3287 3893 3449 3946 etiam
3483 3909 3613 3961 par-

2030 3986 2344 4055 ticipatione
2392 3985 2657 4038 bonorum
2700 3979 2815 4047 ejus
2864 3998 2878 4034 :
2929 3981 3057 4050 quia
3098 3984 3351 4036 nimirum
3393 3994 3609 4054 oportet

2030 4080 2341 4133 theorvtica:
2371 4076 2729 4146 Spt'Cltlallonl
2749 4086 2802 4130 ct
2831 4078 3144 4146 theologica:
3163 4079 3355 4149 regulae
3375 4078 3609 4143 actibus,

2027 4169 2263 4238 reliquos
2304 4183 2483 4222 mores
2528 4169 2861 4231 consentire,
2914 4167 3158 4231 Psallite,
3212 4170 3448 4222 additum
3500 4181 3608 4232 est,

2030 4260 2228 4313 nomini
2286 4259 2423 4329 ejus,
2458 4259 2585 4326 quia
2635 4259 2792 4314 dulce
2837 4259 2889 4312 id
2929 4268 3052 4321 est,
3095 4269 3149 4312 et
3190 4275 3350 4328 super
3391 4276 3606 4314 omnem

336 4342 406 4394 rit
456 4342 601 4413 πάθη
652 4346 746 4398 καὶ
794 4347 892 4411 τὰς
937 4352 1133 4415 κακίας
1187 4352 1402 4415 Ἰακὼϐ,
1460 4355 1713 4409 ἐκλεκτὸν
1760 4358 1919 4411 αὐτὸν

2032 4353 2367 4407 suavitatem.
2401 4350 2569 4405 Porro
2601 4366 2726 4406 eum
2755 4350 3060 4414 laudamus,
3090 4351 3214 4419 quia
3246 4353 3348 4405 sibi
3402 4352 3603 4422 delegit

335 4432 620 4500 τιθέμενος
651 4437 738 4490 διὰ
782 4439 842 4491 τὺ
884 4442 1307 4499 καταλελυκέναι
1338 4447 1437 4511 τὰς
1481 4450 1546 4501 ἐκ
1577 4449 1775 4513 κακίας
1825 4451 1920 4503 καὶ

337 4523 525 4576 παθῶν
559 4526 734 4591 πάλας
756 4546 768 4559 ·
805 4529 940 4584 ἀλλὰ
968 4535 1060 4587 καὶ
1087 4536 1176 4588 τὸν
1210 4540 1327 4605 μετ’
1359 4539 1523 4591 αὑτὸν
1566 4540 1658 4593 τὸν
1700 4540 1915 4605 Ἰακὼϐ,

336 4617 399 4667 ἐκ
431 4619 717 4689 προκοπῆς
760 4621 1147 4694 ἀποδειχθέντα
1192 4629 1429 4699 Ἰσραὴλ,
1475 4631 1554 4694 είς
1602 4649 1918 4702 περιουσια-

337 4705 471 4776 σμὸν
504 4708 681 4780 ἑαυτῷ
722 4710 1019 4778 ἐξελέξατο·
1058 4717 1152 4770 καὶ
1192 4717 1279 4773 διὰ
1311 4719 1468 4772 τοῦτο
1496 4720 1622 4784 λαός
1658 4722 1773 4774 ἐστι
1816 4740 1915 4775 πε-

334 4798 571 4871 ριούσιος
603 4802 711 4855 ἀπὸ
745 4803 961 4859 πάντων
1001 4808 1109 4860 τῶν
1143 4809 1311 4863 ἐθνῶν
1346 4811 1657 4883 περιουσίου
1691 4814 1917 4884 γενομέ-

331 4909 446 4956 νου,
484 4894 700 4948 πάντων
730 4897 856 4967 περὶ
882 4898 981 4968 τὴν
1012 4899 1198 4952 οὐσίαν
1232 4902 1326 4955 καὶ
1356 4902 1453 4972 τὴν
1482 4901 1715 4972 ὕπαρξιν
1745 4919 1915 4956 κατα-

333 4984 639 5055 γινομένου,
684 4987 764 5059 τῷ
805 4990 1049 5061 μετέχειν
1091 4992 1259 5063 αὐτῆς
1298 4994 1451 5055 ὄντος
1480 4994 1574 5048 καὶ
1617 4992 1782 5064 σοφοῦ
1820 4996 1916 5048 καὶ

334 5076 504 5143 Λόγου
525 5077 681 5134 Θεοῦ.

334 5160 535 5242 {ldum
569 5164 687 5242 ὅσα
728 5168 1033 5242 ἠθέλησεν
1068 5175 1100 5225 o'
1154 5175 1367 5242 Κύριος
1404 5176 1697 5242 ἐποίησεν
1737 5178 1809 5230 ἐν
1836 5177 1918 5242 τῷ

404 5234 636 5314 φ’φαφζῷ
668 5239 765 5291 καὶ
796 5240 865 5314 et;
905 5234 981 5314 τῇ
1031 5242 1128 5311 γῆ,
1171 5234 1253 5297 ἐν’
1282 5234 1411 5313 ταῖς
1445 5234 1784 5314 θαλάσσαις
1818 5234 1918 5302 καὶ

403 5299 472 5353 ἐν
500 5299 726 5374 πάσαις
757 5309 889 5376 ταῖς
922 5299 1238 5379 ἀϐύσσοις.

405 5392 588 5451 Πάντα
620 5399 720 5453 ὅσα
764 5403 1020 5474 ἐποίησεν
1062 5407 1090 5458 ὁ
1139 5408 1365 5479 Κύριος,
1412 5407 1552 5463 καλά
1598 5410 1769 5475 ἐστιν,
1820 5410 1916 5464 ἅτε

405 5573 453 5606 ⁸³
475 5574 613 5631 Gen.
646 5595 744 5643 ιιι,
781 5580 836 5636 5.

401 5664 477 5736 (8)
510 5667 605 5721 llic
636 5671 791 5752 vides
835 5673 1048 5752 Eusebii
1078 5675 1429 5752 Caesariensis
1485 5689 1751 5749 tempora,
1781 5684 1904 5752 qui-

476 5742 757 5860 ρεξτε-ἔρειο
798 5746 1140 5800 ethnicorum
1181 5750 1248 5803 ad
1299 5751 1571 5807 Christum
1599 5742 1908 5808 'conversio

439 5823 465 5859 a
497 5847 511 5860 .

439 5823 511 5862 at.

2026 4454 2356 4498 ever-tentem
2383 4443 2523 4497 mala
2551 4454 2604 4499 et
2634 4444 2947 4512 iniquitates
2972 4445 3139 4499 Jacob
3171 4484 3185 4507 ,
3219 4444 3450 4498 electmn
3481 4460 3604 4500 eum

2025 4538 2387 4599 constituens,
2436 4536 2561 4604 quia
2611 4535 2771 4589 solvit
2809 4538 3066 4606 nequitiae
3094 4537 3452 4606 dolorumque
3485 4553 3607 4592 cer-

2027 4626 2251 4679 tamina.
2284 4624 2389 4680 Sed
2420 4634 2477 4680 et
2511 4626 2659 4679 illum
2692 4625 2782 4695 qui
2819 4636 2939 4696 post
2965 4627 3222 4683 Jacobum
3257 4628 3378 4693 fuit,
3418 4643 3609 4698 nempe

2023 4730 2144 4771 eum
2173 4718 2263 4786 qui
2301 4716 2559 4785 temporis
2606 4731 2894 4787 progressu
2933 4719 3112 4775 dictus
3161 4729 3244 4775 est
3286 4720 3473 4784 Israel,
3514 4736 3607 4790 pe-

2023 4809 2278 4864 culiarem
2329 4808 2430 4863 sibi
2481 4823 2578 4862 ceu
2630 4811 3033 4878 possessionem
3073 4811 3275 4883 delegit
3319 4828 3333 4865 :
3380 4812 3607 4881 ideoque

2022 4900 2251 4970 populus
2297 4908 2379 4953 est
2424 4900 2735 4969 peculiaris,
2775 4917 2841 4958 ex
2884 4903 3135 4957 omnibus
3168 4904 3459 4973 gentibus;
3513 4917 3604 4972 pe-

2023 4991 2268 5051 culiaris.
2308 4992 2552 5059 inquam,
2591 4994 2864 5061 possessio
2912 5003 2967 5047 et
3012 4995 3318 5049 substantia
3354 4994 3601 5059 elTectus,

2027 5094 2298 5153 quatenus
2332 5098 2451 5137 eam
2488 5094 2633 5139 tenet
2661 5086 2878 5155 sapiens
2905 5087 2996 5141 Dei
3027 5085 3283 5140 Verbum.

2028 5176 2191 5229 Vens.
2227 5175 2278 5228 6.
2332 5174 2525 5229 Omnia
2578 5193 2902 5244 qturcunque
2951 5177 3119 5230 voluit
3177 5177 3431 5231 Dominus
3479 5177 3599 5245 fecit

2094 5248 2158 5368 it;
2196 5246 2324 5326 uelo
2374 5258 2419 5299 et
2478 5250 2532 5298 in
2588 5257 2752 5311 terra,
2802 5256 2860 5300 tu
2907 5249 3141 5301 maribus
3194 5256 3242 5300 et
3296 5249 3352 5301 in
3398 5249 3599 5301 cunctis

2094 5335 2125 5368 ιι
2165 5333 2316 5368 ussts.

2094 5333 2316 5387 twyssts.

2099 5407 2446 5477 Quaecunque
2480 5409 2737 5463 Dominus
2787 5408 2936 5475 fecit,
2986 5409 3125 5463 bona
3161 5414 3308 5474 sunt,
3344 5409 3469 5478 quia
3506 5424 3602 5468 νο-

2084 5680 2186 5812 ts')
2229 5643 2387 5766 Deest
2425 5684 2544 5741 τοῦ.
2581 5686 2739 5741 Em.

2108 5753 2163 5812 9)
2193 5754 2581 5810 Ammadverte
2641 5759 2739 5812 hue

2099 5753 2163 5821 :9)
2193 5754 2581 5810 Animadverte
2641 5754 2856 5812 Eusebii
2898 5756 3206 5815 doctrinam
3235 5764 3593 5821 or'nodoan

2012 5822 2077 5877 de
2108 5822 2216 5879 Deo
2248 5823 2459 5893 Verbo.
