4138 6398
581 286 651 344 51
1257 298 1529 356 EUSEBII
1564 300 2046 360 CESARIENSIS
2082 301 2127 359 ο

2226 344 2236 359 .
2275 302 2456 359 PARS
2494 305 2582 361 ΙΙΙ.
2616 338 2684 351 -
2719 306 3128 367 EXEGETICA.
3773 321 3843 377 62

581 403 725 459 lente
754 405 864 460 Dea
895 407 962 463 ad
990 410 1361 470 exsistendum
1391 421 1672 486 perducta.
1724 420 1783 476 Si
1813 421 1942 491 quid
1973 431 2127 477 tamet

2226 462 2231 482 ,
2263 420 2528 494 θελήματι
2543 424 2677 478 8εοῦ
2690 428 3032 499 γεγενημένα
3051 447 3064 459 ·
3093 431 3143 483 εί
3174 429 3234 484 δέ
3258 431 3311 484 τί
3344 433 3492 485 ἐστιν
3519 434 3577 487 ὲν
3601 435 3836 510 οὐρανῷ,

577 502 666 550 est
705 497 758 551 in
797 502 960 564 caelo,
996 503 1155 557 veluti
1183 507 1447 572 spiritalia
1481 511 1759 580 nequitiae,
1784 521 1880 565 aut
1913 513 1967 566 in
1996 521 2164 576 terra,

2264 514 2340 579 ὡς
2376 516 2443 569 τά
2476 519 2818 587 πνευματικὰ
2847 522 2946 588 τῆς
2978 522 3260 594 πονηρίας,
3296 525 3329 595 ἦ
3360 527 3420 580 ὲν
3461 531 3528 600 τῇ
3571 534 3641 602 γῇ
3674 532 3750 597 ὡς
3787 536 3838 588 οι

581 587 747 642 veluti
798 590 1046 647 homines
1091 604 1438 665 peccatores,.
1475 610 1571 656 aut.
1616 603 1670 657 in
1719 603 1984 671 maribus,
2018 606 2127 661 vela

2263 608 2576 681 ἁμαρτωλοὶ
2590 610 2938 685 ἀνθρωποι,ἢ
2973 615 3032 667 ὲν
3060 587 3179 679 ταῖς
3219 587 3541 686 θαλάσσαις..
3679 587 3836 696 ipse?)

577 679 829 736 draconis
871 682 1203 751 improbitas,
1237 696 1330 743 aut
1370 691 1422 744 in
1462 693 1697 765 ahyssis,
1727 695 1878 750 velut
1897 697 2127 767 iniquita

2261 679 2551 772 δράκοντος
2579 679 2767 768 κακία,
2799 706 2833 776 ἢ
2868 679 2938 758 ὲν.
2977 709 3097 771 ταῖς
3131 708 3394 774 ἀϐύσσοις
3420 679 3571 784 ὼςυή
3605 679 3839 788 πονηρία

575 770 929 827 scelestarum
988 776 1221 843 illarum,
1275 781 1368 851 qui
1418 783 1543 839 illuc
1596 786 1750 841 abire
1790 787 1927 856 jussi
1987 798 2156 856 sunt;

466 932 470 937 Ι
577 861 733 931 haec,
794 866 1049 937 inquam,
1098 871 1239 926 Deus
1292 890 1399 930 non
1453 877 1635 934 eﬂecit
1692 880 1975 936 voluntate
2033 898 2152 939 sua.

577 954 820 1027 Namque
847 974 914 1015 ex
947 975 1045 1017 ore
1073 960 1288 1021 Domini
1324 967 1469 1024 haud
1503 971 1797 1041 prodibunt
1824 972 1961 1027 mala
1994 974 2154 1029 simul

571 1057 624 1102 et
676 1050 897 1106 bonum.

680 1140 845 1200 Vsus.
880 1146 934 1202 7.
970 1148 1077 1214 Qui
1108 1151 1286 1205 educit
1321 1160 1499 1209 ventos
1526 1154 1592 1207 de
1624 1157 1888 1212 thesauris
1921 1159 2052 1213 suis.

642 1235 775 1292 Dum
827 1239 916 1296 hic
964 1242 1103 1299 dicit
1161 1250 1485 1313 thesauros,
1554 1252 1698 1307 haud
1745 1269 1878 1309 sane
1946 1256 2151 1313 indicat

568 1332 829 1398 quosdam
883 1349 1005 1389 esse
1063 1345 1349 1392 ventorum
1390 1341 1713 1410 thesauros,
1760 1344 1855 1399 sed
1901 1344 2147 1414 jubentis

565 1423 747 1490 potius
779 1424 1141 1491 celeritatem,
1175 1438 1231 1484 et
1263 1432 1341 1485 rei
1386 1448 1652 1503 possessas
1684 1445 1931 1507 paratam
1971 1437 2146 1493 facili—

565 1523 756 1569 tatem.
799 1516 954 1574 Sicut
986 1521 1131 1576 enim
1161 1523 1252 1593 qui
1287 1526 1600 1582 thesaurum
1652 1531 1793 1601 apud
1840 1546 1901 1586 se
1950 1530 2139 1599 habet,

2256 791 2366 846 τῶν
2416 796 2912 865 προστασσομένων
2951 798 3070 850 ἐκεῖ
3114 798 3367 855 ἀπελθεῖν
3419 802 3624 868 κακῶν,
3677 806 3838 861 τοῦτο

2255 883 2352 953 οὐχ
2379 884 2408 936 ό
2439 883 2570 947 Θεὸς
2596 886 2817 956 εποίησε
2846 887 2922 957 τῷ
2950 886 3217 959 θελήματι
3248 892 3412 946 αὑτοῦ
3435 909 3450 923 ’
3483 897 3547 949 ὲκ
3578 896 3686 967 γάρ
3714 899 3835 952 στό-

2257 988 2425 1040 ματος
2468 973 2670 1044 Κυρίου
2721 976 2822 1028 οὐκ
2889 977 3234 1044 ἐξελεύσεται
3285 983 3355 1038 τά
3414 985 3562 1039 κακά
3616 989 3712 1042 καὶ
3767 989 3833 1044 τὸ

2252 1063 2475 1132 ἀγαθόν.

2402 1157 2457 1209 '0
2483 1156 2716 1227 ἐξάγων
2743 1160 3003 1230 ἀνέμους
3027 1162 3095 1217 ἐκ
3128 1166 3449 1233 θησαυρῶν
3478 1171 3685 1228 αὐτοῦ.

2319 1246 2393 1300 Τὸ
2416 1249 2591 1302 είπεϊν
2623 1250 2686 1303 ὲκ
2717 1250 3028 1323 θησαυρῶν,
3053 1256 3115 1307 οὐ
3139 1255 3299 1310 τοῦτο
3340 1258 3492 1329 δηλοί
3517 1262 3599 1315 ὅτι
3624 1263 3830 1335 θησαυ-

2250 1337 2332 1406 ροί
2366 1339 2510 1402 τινές
2541 1340 2647 1393 είσι
2673 1341 2781 1395 τῶν
2813 1343 3052 1414 ἀνέμων,
3093 1346 3231 1401 ἀλλά
3255 1348 3317 1400 τὸ
3348 1349 3564 1419 ἕτοιμον
3587 1353 3680 1406 τοῦ
3705 1358 3826 1410 ἑπι-

2243 1427 2549 1495 τάττοντος,
2582 1430 2644 1483 τὸ
2674 1430 2897 1487 εῠκολον
2935 1434 3036 1506 τῆς
3086 1437 3331 1507 κτήσεως
3375 1445 3825 1515 παρεσκευασμέ-

2244 1533 2365 1571 νον’
2417 1518 2606 1593 ὥσπερ
2651 1521 2718 1575 ἂν
2770 1523 2799 1575 ό
2850 1525 2909 1576 ὲν
2958 1524 3219 1598 θησαυρῷ
3265 1528 3405 1598 ἔχων
3457 1532 3595 1600 μετά
3639 1533 3823 1599 ἀδείας

562 1605 817 1675 expedite
869 1610 1194 1681 admodum,
1248 1619 1680 1689 quotiescunque
1742 1621 1890 1689 vult,
1943 1632 2127 1678 cuncta

2240 1605 2426 1676 ἐξάγει
2458 1610 2634 1663 πάντα
2657 1611 2751 1665 καὶ
2770 1613 2859 1665 ὅτε
2886 1612 3159 1684 βούλεται,
3189 1616 3363 1682 οὕτως
3388 1620 3481 1673 καὶ
3502 1622 3531 1673 ό
3555 1623 3647 1675 τοῦ
3677 1640 3817 1679 παν-

568 1692 697 1748 inde
733 1697 975 1768 profert;
1026 1702 1098 1758 ita
1129 1714 1189 1759 et
1207 1707 1448 1762 omnium
1488 1707 1719 1765 Creatar
1748 1722 1939 1768 cuncta
1981 1711 2127 1770 facile

2239 1700 2330 1765 τὸς
2365 1703 2704 1775 Δημιουργὸς
2738 1705 2914 1759 πάντα
2938 1706 3174 1771 εὐκόλως
3205 1710 3426 1782 ἐποίησε
3455 1714 3549 1768 καὶ
3569 1718 3634 1787 τῇ
3658 1715 3818 1785 φύσει

559 1783 758 1855 effecit,
789 1800 843 1844 et
872 1793 938 1845 ad
965 1795 1345 1852 exsistentiam
1371 1801 1641 1868 perduxit.

2242 1793 2578 1865 παρέδωκεν.

670 1877 835 1935 Vens.
869 1882 922 1937 8.
973 1884 1081 1949 Qui
1117 1892 1377 1956 percussit
1405 1892 1757 1962 primaqenita
1786 1893 2031 1967 Egypti.

2421 1888 2527 1954 Ὄς
2553 1888 2814 1955 ἐπάταξε
2836 1892 2909 1946 τὰ
2932 1894 3278 1960 πρωτότοκα
3304 1896 3629 1966 Αἰγύπτου.

629 1972 765 2038 Quia
799 1977 1038 2032 nonnulli
1084 1981 1354 2036 mundana
1390 1988 1761 2043 tantummodo
1795 2003 1860 2044 ac
1889 1989 2127 2046 caelestia

2322 1978 2539 2051 Ἐπειδὴ
2589 1980 2646 2034 δὲ
2695 1979 2764 2033 τὰ
2820 1981 3049 2037 καθόλου
3096 1985 3190 2039 καὶ
3226 1986 3456 2058 οὐράνιά
3496 1989 3629 2058 φασί
3670 2006 3815 2057 τινες

556 2062 745 2119 dicunt
788 2068 1124 2136 providentia
1171 2072 1263 2128 Dei
1312 2075 1629 2143 gubernari,
1654 2077 1996 2134 demonstrat
2042 2082 2127 2135 hu-

2236 2072 2465 2143 προνοίᾳ
2496 2072 2813 2129 διοικεῖσθαι
2849 2077 2986 2149 μόνῃ
3019 2077 3175 2143 θεοῦ,
3227 2079 3498 2134 δείκνυσιν
3537 2082 3615 2147 ὡς
3660 2082 3813 2154 μέλει

557 2169 712 2209 mana
745 2171 962 2228 quoque
996 2176 1142 2216 curae
1175 2178 1296 2219 esse
1322 2166 1523 2235 eidem,
1562 2170 1653 2237 qui
1681 2178 1736 2223 et
1765 2162 2127 2241 nunc‘impias

2233 2163 2328 2217 καὶ
2373 2162 2481 2216 τῶν
2532 2166 2888 2239 ἀνθρωπίνων
2932 2168 3102 2241 αὐτῷ,
3154 2172 3250 2224 καὶ
3300 2170 3395 2226 νῦν
3426 2173 3552 2237 τοὺς
3596 2175 3812 2238 ἀσεϐεῖς

552 2245 727 2312 punit,
774 2255 831 2301 et
880 2249 1089 2318 piorum
1141 2268 1317 2325 genus
1363 2258 1623 2327 protegit.
1671 2259 1777 2315 Sed
1812 2262 1958 2317 enim
2000 2264 2127 2318 olim

552 2334 768 2368 nulla.“
798 2339 973 2368 ,ιη-ιι..
1005 2352 1119 2368 ι.---
1154 2344 1361 2368 n-.._:_e
1417 2349 1468 2368 ε)
1510 2360 1582 2368 __-
1618 2350 1711 2368 lx,-
1744 2353 1785 2368 ,ν
1853 2354 1905 2368 ..

2232 2254 2513 2319 κολάζοντι
2564 2259 2657 2311 καὶ
2699 2256 2809 2311 τῶν
2856 2260 3096 2314 εὐσεϐῶν
3136 2264 3490 2335 οἰκειουμένῳ
3528 2265 3590 2317 τὸ
3628 2266 3806 2333 γένος.

2245 2347 2400 2368 ’Δὶῖλ
2441 2348 2557 2368 _l_\,
2675 2351 2690 2368 ι
2765 2346 2792 2368 τ
2970 2354 2982 2368 ι
3056 2356 3098 2368 ’ν
3185 2355 3197 2368 ι
3322 2356 3346 2368 Α
3386 2356 3402 2368 ε
3457 2356 3499 2368 με
3610 2357 3635 2368 ο
3676 2358 3709 2368 Α
3779 2356 3805 2368 ιο

551 2334 768 2401 «ιυίιίθιη
797 2339 975 2407 partio
1003 2352 1123 2397 erat
1154 2344 1387 2414 Domini,
1416 2349 1470 2403 id
1502 2360 1587 2404 est
1618 2350 1712 2406 Dei
1744 2353 1930 2422 Verbi,
1959 2370 2127 2425 papu-

2245 2347 2402 2400 Ἀλλά
2435 2348 2601 2403 πάλαι
2631 2351 2732 2421 μὲν
2762 2346 2831 2422 ἦν
2865 2354 3023 2423 μερὶς
3056 2355 3282 2427 Κυρίου,
3316 2356 3515 2427 δηλαδὴ
3544 2357 3637 2410 τοῦ
3671 2356 3807 2410 Θεοῦ

549 2424 637 2481 lus
678 2427 798 2495 ejus
847 2428 1053 2499 Iacob,
1096 2433 1370 2493 funiculus
1408 2441 1747 2499 baereditatis
1794 2445 1912 2516 ejus
1940 2424 2124 2504 Israel.

548 2512 842 2585 Postquam
878 2535 1007 2577 vero
1041 2523 1113 2579 ab
1154 2540 1307 2580 suam
1353 2512 1837 2602 irreligiositatem‘
1868 2537 1959 2593 ille
2004 2554 2128 2608 pro-

545 2604 729 2673 lapsus
772 2617 890 2675 est,
940 2612 1146 2668 dictum
1190 2615 1293 2671 fuit
1342 2620 1637 2677 humanato
1665 2624 1849 2680 Verbo
1886 2646 1900 2683 :
1938 2604 2064 2685 Pete
2091 2649 2124 2685 a

547 2711 647 2760 πε,
677 2708 727 2752 et
758 2701 896 2756 dabo
926 2704 1023 2757 tibi
1051 2716 1229 2775 gentes
1258 2708 1618 2769 hereditatem
1649 2726 1793 2771 tuam
1816 2719 1880 2773 ⁸².

652 2874 816 2932 Vens.
850 2880 939 2936 ιδ.
965 2880 1211 2952 Domine,
1241 2903 1431 2944 nomen
1464 2901 1611 2947 tuum
1650 2895 1704 2949 in
1738 2907 2014 2954 internum.

615 2967 754 3023 Nihil
781 2978 1064 3043 tantopere
1096 2978 1166 3032 ad
1191 2979 1430 3037 divinam
1462 2982 1865 3044 Providentiam
1883 3004 2117 3061 spectat.

538 3074 701 3130 quam
743 3063 938 3121 docere
978 3067 1249 3134 homines,
1285 3086 1352 3127 ne
1382 3088 1562 3131 rerum
1602 3077 1742 3134 hanc
1776 3082 2105 3138 uuiversita-
2143 3114 2187 3171 ε

540 3162 646 3206 tem
676 3154 794 3212 sine
828 3157 1197 3226 gubernatore
1227 3177 1350 3219 esse
1379 3167 1627 3226 credant.
1672 3170 1850 3235 Quare
1888 3182 1947 3229 et
1980 3189 2113 3231 can-

541 3246 695 3301 tinua
720 3250 861 3318 apud
900 3266 1001 3306 nos
1040 3263 1124 3309 est
1162 3255 1255 3309 Dei
1289 3261 1572 3323 memoria,
1597 3262 1752 3330 cujus
1786 3267 2119 3337 magnitudi-

539 3350 662 3391 nem
709 3354 739 3393 a
773 3341 1072 3408 majoribus
1118 3346 1265 3399 servi
1299 3347 1416 3417 ejus
1449 3350 1658 3416 edocti,
1712 3358 2000 3421 praesentia
2040 3359 2121 3413 di-

536 3443 661 3484 cere
695 3434 914 3488 discunt
946 3445 1002 3491 et
1029 3438 1256 3499 audent.
1308 3443 1444 3497 satis
1488 3445 1645 3514 gnari
1696 3444 1811 3501 fore
1844 3456 1902 3502 ut
1934 3465 2119 3505 recre-

533 3532 721 3591 entur,
752 3526 879 3595 quia
922 3528 1189 3595 judicium
1224 3533 1317 3586 Iiet
1346 3533 1413 3590 de
1444 3537 1653 3606 reliquo
1684 3540 1902 3609 populo,
1929 3557 2116 3598 eorum

533 3629 694 3671 causa
743 3617 835 3687 qui
874 3617 969 3674 Dei
1020 3637 1217 3676 nomen
1263 3623 1439 3680 sciunt
1473 3638 1529 3682 et
1568 3632 1830 3685 memoria
1877 3646 2114 3693 versant.

528 3706 636 3763 Pro
663 3709 745 3765 eis
790 3710 1007 3780 itaque,
1054 3720 1310 3785 tanquam
1342 3733 1445 3789 pro
1483 3724 1661 3778 servis
1696 3725 1851 3781 venia
1906 3731 2118 3798 egenti-

527 3800 631 3855 bus
646 3840 662 3859 .
700 3802 1053 3872 deprecatur.

639 3889 799 3946 Vnus.
836 3893 924 3950 15.
958 3895 1113 3950 ldola
1140 3901 1373 3968 gentium
1404 3914 1681 3972 argentum
1712 3916 1762 3961 et
1791 3926 2004 3965 aurum.

599 3982 867 4039 Absoluta
906 3986 1213 4058 theologica
1242 3992 1388 4045 circa
1423 3993 1707 4051 Dominum
1751 4013 2025 4067 sermone,
2060 4013 2115 4058 et

527 4076 883 4144 providentiae
917 4077 1037 4147 ejus
1065 4085 1281 4152 magnis
1311 4087 1569 4154 aperihus
1600 4095 1956 4157 enumeratis,
1993 4105 2111 4149 tan-

526 4182 689 4236 quam
736 4170 913 4226 adhuc
959 4188 1147 4229 servos
1198 4191 1294 4231 eos
1335 4179 1642 4248 alloquens,
1687 4183 1777 4251 qui
1822 4199 1890 4238 ex
1926 4201 2112 4244 errore

523 4259 873 4331 palytheismi
916 4279 1090 4334 nuper
1132 4281 1524 4334 accesserant,
1571 4273 1760 4343 objicit
1804 4288 2107 4345 putatarum

521 4353 652 4405 olim
682 4355 751 4408 ab
782 4355 919 4424 ipsis
954 4357 1182 4414 deorum
1225 4362 1716 4433 vituperationem;
1749 4382 2106 4431 consentanea

2228 2440 2424 2509 Λόγου,
2458 2441 2585 2506 λαὸς
2631 2442 2795 2496 αὐτοῦ
2850 2444 3063 2511 Ἰακὼϐ,
3113 2450 3400 2519 σχοινισμα
3445 2450 3811 2521 κληρονομίας

2227 2533 2393 2587 αὐτοῦ
2443 2535 2699 2606 Ἰσραήλ’
2747 2537 2936 2608 ἐπειδὴ
2978 2537 3035 2592 δὲ
3079 2538 3147 2591 δι’
3187 2540 3254 2611 ην
3300 2540 3522 2611 ἔδρασεν
3550 2542 3807 2597 ἀσέϐειαν

2226 2625 2430 2688 ἐκεῖνος
2470 2626 2845 2691 ἐκπέπτωκεν,
2880 2628 3360 2701 ὲνανθρωπήσαντι
3403 2632 3671 2688 λέλεκται·
3706 2636 3809 2691 Αἵ-

2224 2730 2403 2781 τησαι
2436 2715 2571 2783 παρ’
2595 2717 2763 2785 ἐμοῦ,
2813 2716 2912 2790 καί
2936 2716 3108 2772 δώσω
3133 2736 3229 2773 σοι
3261 2721 3405 2789 ἔθνη
3438 2722 3554 2790 τὴν
3585 2727 3806 2794 unpe-

2222 2802 2441 2871 νομίαν
2471 2818 2609 2857 σου.

2434 2897 2632 2963 Κύριε,
2666 2896 2732 2951 τὸ
2765 2896 2952 2967 ὄνομά
2982 2911 3099 2952 σου
3130 2902 3219 2967 εις
3251 2901 3358 2955 τὸν
3382 2902 3587 2958 αἰῶνα.

2294 2986 2458 3040 Οὐδὲν
2490 2987 2632 3042 οὕτω
2654 2989 2753 3061 τῆς
2775 2988 2926 3055 θείας
2950 2991 3234 3064 Προνοίας,
3256 2994 3332 3055 ὼς
3358 2995 3418 3048 τὸ
3439 2996 3646 3061 διδάξαι
3676 2999 3803 3063 τοὺς

2220 3077 2542 3149 ἀνθρώπους
2575 3080 2653 3151 μὴ
2695 3080 2990 3138 ἀδέσποτον
3017 3080 3155 3140 εἶναι
3189 3086 3253 3139 τὸ
3293 3088 3434 3140 πάνθ
3477 3088 3599 3141 ὅθεν
3625 3090 3721 3143 καὶ
3764 3093 3798 3161 η

2221 3168 2477 3241 διηνεκὴς
2506 3171 2672 3225 αὐτοῦ
2722 3175 2910 3246 μνήμη
2952 3175 3259 3249 καθέστηκε
3290 3178 3419 3250 παρ’
3455 3180 3608 3250 ἡμῖν,
3638 3173 3701 3234 οὗ
3740 3181 3805 3236 τὸ

2225 3262 2457 3333 μέγεθος
2504 3264 2592 3318 διὰ
2637 3266 2747 3319 τῶν
2800 3267 3180 3339 προλαϐόντων
3227 3273 3277 3324 oi
3314 3270 3490 3325 δοῦλοι
3534 3272 3800 3343 μαθόντες

2220 3362 2406 3427 αὑτοῦ,
2440 3365 2510 3419 τά
2538 3364 2781 3436 παρόντα
2811 3364 2990 3434 λέγειν
3016 3366 3358 3423 διδάσκονται
3384 3369 3478 3422 καὶ
3511 3370 3795 3443 παραθαρ-

2223 3453 2495 3524 ρύνονται.
2534 3454 2794 3526 μαθόντες
2828 3455 2902 3519 ὡς
2930 3458 3016 3511 ἐπ’
3044 3459 3228 3521 αὐτοῖς
3261 3459 3794 3531 παρακληθήσονται,

2219 3545 2318 3614 τῆς
2365 3545 2598 3616 κρίσεως
2648 3546 3047 3619 ἀκολουθούσης
3089 3552 3202 3612 τοῖς
3248 3549 3453 3615 λοιποῖς
3501 3550 3596 3604 τοῦ
3641 3551 3793 3616 λαοῦ,

2217 3638 2329 3700 τοῖς
2356 3638 2693 3705 ἐπεγνωκόσι
2723 3638 2783 3691 τὸ
2814 3638 2983 3710 ὄνομα
3016 3641 3202 3703 αὑτοῦ,
3238 3641 3333 3694 καὶ
3358 3641 3420 3694 τὸ
3452 3644 3794 3714 μνημόσυνον

2217 3723 2430 3795 ἔχουσιν
2453 3743 2466 3755 ·
2503 3728 2589 3779 ἐπ’
2617 3727 2847 3792 ἐκείνοις
2891 3728 2948 3781 δὲ
2982 3730 3057 3791 ὡς
3087 3730 3152 3783 ἂν
3183 3731 3276 3783 ἐπὶ
3307 3730 3512 3795 δούλοις
3545 3731 3791 3803 συγγνιίμ

2216 3834 2324 3887 μης
2345 3816 2708 3888 ἐπιδεομὲνοις
2735 3820 3154 3889 παρακαλεῖται.

2290 3907 2366 3961 Τὰ
2393 3909 2613 3962 εἴδωλα
2643 3909 2762 3963 τῶν
2788 3909 2983 3963 ἐθνῶν
3011 3911 3295 3979 ἀργύριον
3320 3912 3419 3965 καὶ
3444 3913 3721 3981 χρυσίον.

2282 3999 2609 4065 Συντελέσας
2640 4001 2738 4072 τὴν
2770 4003 2898 4075 περὶ
2940 4000 3035 4056 τοῦ
3091 4004 3296 4076 Κυρίου
3347 4004 3647 4072 θεολογίαν,
3697 4006 3791 4060 καὶ

2210 4089 2307 4157 τῆς
2355 4091 2609 4161 προνοίας
2658 4090 2822 4145 αὐτοῦ
2865 4092 2965 4157 τὰς
3017 4094 3417 4165 μεγαλουργίας
3466 4093 3786 4159 καταλέξας,

2209 4180 2284 4244 ὡς
2318 4181 2396 4233 ἔτι
2430 4180 2635 4246 δούλοις
2670 4181 2877 4253 ὁμιλῶν
2907 4186 3020 4244 τοῖς
3055 4187 3117 4235 ὲκ
3150 4184 3249 4251 τῆς
3286 4182 3550 4236 πολυθέου
3583 4184 3791 4256 πλάνης

2207 4273 2331 4342 ἄρτι
2356 4262 2836 4344 προσεληλυθόσιν,
2861 4272 3319 4344 ἀντιπαραϐάλλει
3336 4273 3441 4326 τῶν
3466 4275 3630 4328 πάλαι
3659 4274 3786 4346 παρ’

2208 4366 2389 4427 αὐτοῖς
2432 4365 2833 4436 νενομισμένων
2873 4364 3009 4417 θεῶν
3059 4364 3150 4417 τὸν
3204 4364 3442 4436 ἔλεγχον,
3482 4364 3788 4429 ἀκολούθως

523 4444 780 4499 nimirum
828 4448 913 4503 his
960 4465 1080 4518 quin
1125 4466 1292 4523 supra
1339 4455 1574 4521 dixerat,
1624 4473 1831 4529 nempe,
1872 4461 1981 4533 Ego
2011 4482 2099 4519 co-

2226 4453 2284 4522 ιῖς
2336 4458 2593 4530 ἀνωτέρω
2624 4460 2835 4529 είρήκει
2855 4477 2868 4489 ο
2899 4459 3002 4524 ὅτι,
3069 4456 3216 4528 Ἐγὼ
3244 4458 3475 4527 ἔγνωκα
3495 4459 3580 4511 ὅτι
3605 4458 3788 4529 μέγας

519 4537 679 4606 gnavi
709 4539 848 4607 quod
885 4557 1107 4610 magnus
1137 4554 1214 4598 est
1240 4544 1522 4605 Dominus.
1554 4548 1620 4602 Et
1653 4550 1904 4607 Dominus
1932 4567 2107 4613 noster

2226 4547 2443 4613 Κύριος,
2486 4546 2587 4600 καὶ
2645 4549 2678 4600 ὁ
2714 4549 2931 4616 Κύριος
2976 4545 3144 4616 ἡμῶν
3174 4546 3336 4615 παρὰ
3376 4545 3606 4612 πάντας
3645 4546 3786 4613 τοὺς

517 4643 683 4696 supra
739 4645 917 4685 omnes
962 4632 1084 4686 deos
1111 4634 1179 4691 ‘°.
1238 4634 1497 4691 Dominus
1533 4654 1716 4696 nosmr
1763 4643 1877 4700 hazc
1916 4655 1971 4701 et
2014 4649 2103 4703 illa

2226 4640 2381 4704 ῖεούς
2405 4655 2417 4669 ’
2450 4642 2478 4692 ὀ
2511 4640 2610 4711 μὲν
2638 4641 2745 4713 γάρ
2784 4639 2990 4711 Κύριος
3035 4638 3193 4709 ἡμῶν
3218 4639 3344 4692 τάδε
3382 4639 3476 4692 καὶ
3503 4638 3628 4692 τάδε
3672 4638 3785 4708 είρ-

518 4716 673 4785 Γειείῑ,
712 4729 823 4776 tum
858 4724 1156 4778 universim
1188 4733 1302 4781 tum
1326 4728 1487 4781 etiam
1520 4732 1816 4799 partiatint.
1848 4734 2101 4793 Gentium

2226 4729 2413 4797 (deum
2445 4730 2502 4783 ἐν
2530 4747 2588 4783 τε
2627 4734 2739 4795 τοῖς
2772 4730 2998 4784 καθόλου
3045 4731 3139 4783 καὶ
3187 4732 3245 4783 ὲν
3279 4732 3389 4793 τοῖς
3422 4729 3515 4782 ἐπὶ
3548 4730 3778 4801 μέρους·

517 4819 698 4865 autem
738 4812 832 4894 dii,
877 4813 1074 4882 quibus
1105 4830 1202 4872 vos
1239 4833 1454 4888 quoque
1480 4822 1693 4894 decepti
1720 4841 1909 4881 errore
1938 4838 2097 4884 antea

2226 4824 2255 4874 ii
2284 4821 2339 4874 δὲ
2382 4821 2490 4876 τῶν
2532 4822 2702 4877 ἐθνῶν
2737 4822 2866 4886 θεοὶ,
2896 4822 2989 4887 οὒς
3016 4823 3112 4877 καὶ⁵
3149 4823 3305 4875 αὐτοὶ
3352 4821 3782 4890 πεπλανημένως

516 4889 846 4966 credebatis,
881 4904 1022 4958 nihil
1060 4917 1215 4961 erant
1247 4907 1392 4964 aliud
1420 4925 1579 4980 quam
1616 4889 1832 4969 inartua
1862 4925 1916 4970 et
1950 4922 2114 4971 mut‘a‘

2226 4913 2483 4983 ;νομίξετε
2515 4915 2797 4988 πρότερον,
2835 4914 2987 4968 οὐδὲν
3027 4911 3167 4985 ἦσαν
3191 4913 3377 4985 ἕτερον
3405 4913 3439 4984 ἢ
3474 4889 3662 4966 εἴδωλα
3695 4928 3783 4964 νε-

514 4989 826 5048 simulacra.
870 4995 1020 5051 Scite
1052 5008 1230 5054 autem
1268 5010 1323 5055 et
1350 5001 1710 5071 Symmachus
1735 5023 1854 5077 pro,
1899 5008 2096 5063 similes

514 5081 620 5111 ἱΙΙὶ-
668 5084 793 5111 Δ--.
829 5088 915 5111 -..ε
958 5089 1157 5111 tun-MA.
1198 5108 1235 5111 _,
1299 5095 1309 5105 -
1359 5106 1371 5111 _
1544 5108 1554 5111 Α
1606 5110 1614 5111 ,
1886 5100 1916 5111 ..

2226 5007 2312 5075 ιρά
2348 5005 2442 5058 καὶ
2477 5006 2659 5075 κωφά.
2697 5006 3013 5077 Χαριέντως
3041 5004 3100 5059 δὲ
3130 5005 3225 5058 καὶ
3266 5007 3295 5057 ὁ
3338 5004 3632 5075 Σύμμαχος

512 5081 620 5134 illis
659 5084 793 5151 [iant
823 5088 915 5158 qui
955 5089 1157 5157 faciunt
1186 5108 1268 5158 ea,
1299 5095 1690 5167 interpretatus
1734 5114 1822 5154 εει
1867 5100 2092 5159 dicens:

2226 5097 2317 5161 :06,
2365 5097 2555 5167 ὅμοιοι
2598 5097 2803 5164 αὐτοῖς
2850 5097 3117 5168 γένοιντο
3161 5100 3214 5150 οἱ
3256 5096 3569 5160 ποιοῦντες
3604 5093 3777 5160 αὐτὰ,

512 5174 646 5228 velut
667 5176 783 5246 ipsa
808 5179 941 5246 ﬁant
971 5185 1059 5249 qui
1083 5183 1283 5252 faciunt
1307 5204 1392 5253 ea,
1419 5198 1468 5243 et
1494 5191 1791 5261 quicunque
1812 5192 1940 5261 ipsis
1967 5211 2094 5250 con-

2226 5192 2540 5261 ijL'ijEUO‘EV
2564 5190 2756 5256 εἰπὼν,
2796 5192 2876 5257 ὡς
2903 5190 3056 5243 αὐτὰ
3080 5188 3350 5258 γένοιντο
3382 5190 3434 5239 οὶ
3464 5185 3781 5251 ποιοῦντες

511 5264 710 5332 ﬁdunt.
751 5269 956 5351 Revera
999 5273 1143 5328 enim
1176 5276 1268 5345 qui
1301 5276 1615 5333 inanimatis
1646 5281 1808 5335 rebus
1837 5292 2090 5353 tanquam

2226 5282 2367 5346 ιῠτὰ,
2400 5283 2496 5337 καὶ
2531 5282 2650 5349 πᾶς
2675 5287 2707 5338 ό
2733 5283 3032 5349 πεποιθὼς
3066 5281 3291 5348 αὐτοῖς.
3325 5280 3434 5334 Καὶ
3462 5280 3571 5349 γὰρ
3606 5279 3776 5342 ὅντως

928 5344 955 5427 ἶ,
989 5362 1360 5434 lapidescente
1405 5368 1609 5432 anima,
1642 5368 1785 5424 idem
1816 5344 2091 5439 patiuntur
2193 5368 2243 5419 οἱ
2280 5344 2393 5430 τοῖς
2420 5344 2649 5439 ἀψύχοιὲ
2678 5369 2753 5432 ὡς
2786 5366 2930 5430 θεοῖς
2965 5344 3340 5438 προσέχοντεςν
3367 5362 3557 5434 ὥσπερ
3588 5359 3779 5416 dm“

2194 5457 2457 5522 θωθέντες
2490 5460 2589 5531 τὴν
2621 5459 2820 5530 ψυχὴν,
2859 5457 2956 5511 καὶ
2997 5456 3151 5510 αὐτοὶ
3182 5456 3244 5508 τὸ
3271 5453 3404 5508 αὐτὸ
3442 5451 3774 5506 πεπόνθασιν

2190 5555 2304 5613 τοῖς
2339 5552 2829 5623 προσκυνουμένοις
2863 5551 2953 5603 ὑπ’
2994 5547 3194 5610 αὐτῶν,
3220 5545 3530 5617 ὀφθαλμοὺς
3555 5542 3773 5614 εχοντδς

2190 5646 2281 5699 καὶ
2306 5647 2367 5700 οὐ
2392 5646 2698 5716 βλέποντες,
2725 5640 2840 5701 ὦτα
2862 5644 3076 5715 ἔχοντες
3101 5644 3193 5700 καὶ
3216 5642 3319 5696 οὐκ
3343 5638 3651 5703 ἀκούοντες.

512 5356 618 5410 dtis
642 5362 955 5427 attendunt,
989 5362 1360 5434 lapidescente
1405 5368 1609 5432 anima,
1642 5368 1785 5424 idem
1816 5375 2091 5442 patiuntur

512 5449 654 5518 quod
699 5451 797 5505 abs
840 5468 902 5509 se
941 5453 1084 5509 culta
1127 5448 1292 5525 idola,
1330 5472 1524 5526 nempe
1559 5459 1746 5515 oculos
1784 5462 1989 5521 habent
2010 5478 2088 5533 ,ει

511 5553 616 5593 non
650 5541 855 5610 vident,
889 5560 1050 5601 aures
1078 5546 1283 5603 habent
1312 5557 1370 5603 et
1403 5563 1510 5601 non
1543 5549 1791 5607 audiunt.

581 5737 625 5769 ”
653 5737 796 5796 Psnl.
824 5757 884 5807 ll,
916 5742 968 5796 8.
999 5750 1013 5760 ’
1049 5744 1091 5774 ⁵⁸
1123 5742 1261 5798 Psal.
1299 5760 1518 5810 custv,
1552 5745 1603 5800 5.
