4138 6442
373 405 446 464 35

466 517 692 588 Ὅμοιοι
720 516 924 582 αὐτοῖς
951 516 1218 585 γένοιντο
1248 519 1300 570 oi
1334 518 1650 585 ποιοῦντες
1678 519 1850 574 αὐτά.

438 609 502 662 Οἰ
553 609 651 678 μὲν
697 606 1085 678 προειρημένοι
1149 608 1323 676 ὅμοιοι
1382 609 1718 679 γενήσονται,
1768 610 1800 680 ἢ
1852 611 1945 664 καὶ

366 700 620 769 γεγόνασι
652 702 766 761 τοῖς
797 697 1002 751 ἑαυτῶν
1035 699 1175 762 θεοῖς
1194 716 1206 728 ·
1235 702 1282 751 οἰ
1315 700 1371 753 δὲ
1395 703 1474 764 εἰς
1503 701 1592 754 τὸν
1619 703 1813 774 κλῆρον
1842 720 1947 756 πα-

368 788 730 860 ραληφθέντες
761 790 856 842 τοῦ
889 789 1046 852 Θεοῦ,
1073 789 1167 842 καὶ
1189 789 1318 853 λαὸς
1357 791 1521 845 αὐτοῦ
1567 793 1941 863 χρηματίσαν-

365 898 475 945 τες,
507 883 916 951 Εὐλογήσατε,
943 883 1096 953 φησι,
1120 883 1481 950 τὸνΚύριοιν,
1499 885 1774 938 τουτέστιν
1795 887 1944 938 ἁνευο

366 976 676 1044 φημήσατε,
714 974 782 1027 τὰ
825 974 1031 1046 μεγάλα
1062 975 1284 1038 ἑαυτοὺς
1307 975 1665 1044 ὠφελοῦντεςο
1697 977 1940 1030 καλεῖται

361 1064 418 1117 δὲ
435 1063 648 1136 πρῶτον
666 1065 756 1118 ἐπὶ
769 1064 867 1136 τὴν
891 1067 1138 1136 εὐλογίαν
1163 1072 1189 1122 6
1325 1069 1458 1124 Θεοῦ
1475 1070 1654 1135 λαὸς,ὁ
1672 1071 1834 1124 καλού
1843 1089 1938 1142 με-

361 1171 449 1219 νος
480 1152 626 1220 οἶκος
673 1158 909 1230 Ἰσραὴλ,
962 1159 1022 1211 τὸ
1055 1160 1392 1232 ὐποδεὸηκὸς
1429 1163 1614 1231 τάγμα
1657 1163 1753 1217 τοῦ
1803 1163 1940 1234 πλή-

361 1247 484 1311 θους
505 1265 517 1278 °
545 1249 793 1321 δεύτερον
834 1250 889 1303 δὲ
916 1251 1057 1304 κατά
1088 1253 1353 1306 ἀνάϐασιν
1375 1255 1467 1306 καὶ
1494 1254 1764 1325 ὑπεροχὴν
1790 1251 1937 1320 οἶκος

371 1340 581 1412 Ἀαρών
603 1358 615 1370 ·
645 1343 739 1396 καὶ
778 1342 960 1412 τρίτον
989 1345 1022 1414 ἡ
1057 1344 1198 1415 φυλὴ
1229 1347 1377 1398 πᾶσα
1409 1349 1439 1416 ἡ
1469 1346 1714 1418 ἱερατικὴ
1739 1348 1935 1401 καλου-

361 1432 494 1504 μένη
521 1428 666 1496 οἶκος
706 1433 869 1486 Λευΐ⁶
916 1435 1009 1488 καὶ
1052 1435 1190 1506 μετὰ
1231 1437 1438 1500 πάντας
1468 1438 1723 1508 ἀνωτέρω
1755 1440 1802 1491 οἰ
1836 1456 1934 1510 φο-

358 1523 607 1595 ϐούμενοι
647 1526 736 1578 τὸν
762 1525 966 1597 Κύριον
985 1543 999 1558 ο
1034 1522 1176 1580 οὗτοι
1203 1528 1260 1580 δὲ
1293 1525 1434 1599 ἦσαν
1473 1531 1609 1600 πρὸς
1633 1529 1725 1594 οὓς
1753 1532 1781 1582 6
1825 1533 1934 1595 πᾶς

357 1614 522 1686 ὕμνος
568 1617 1045 1688 προσπεφώνηται·
1099 1621 1147 1672 οε
1188 1620 1252 1691 δὴ
1299 1622 1356 1673 ἐν
1402 1622 1543 1693 ἀρχῇ
1590 1621 1684 1674 τοῦ
1731 1623 1932 1687 παντὸς

351 1706 566 1776 ψαλμοῦ
588 1708 965 1778 ὠνομασμένοι
985 1708 1178 1774 δοῦλοι,
1202 1711 1400 1781 δηλαδὴ
1417 1713 1466 1764 oi.
1494 1713 1550 1778 ἐξ
1581 1711 1747 1765 ἐθνῶν
1764 1731 1932 1784 προσ-

355 1798 524 1861 ιόντες
566 1801 631 1869 τῇ
682 1800 880 1853 πίστει.
919 1803 981 1854 Εἰ
1039 1803 1144 1874 γὰρ
1203 1803 1264 1856 τὸ
1304 1806 1411 1857 πᾶν
1469 1805 1733 1857 Ἰουδαίων
1779 1807 1929 1870 ἔθνος

1507 404 2014 463 COMMENTABIA
2051 407 2120 462 IN
2158 407 2496 466 PSALMOS.

1979 531 2028 587 Α
2200 524 2364 578 Vens.
2398 525 2485 579 18.
2526 522 2738 579 Similes
2772 523 2877 577 illis
2911 524 3042 593 [iant
3076 523 3165 593 qui
3195 523 3396 592 faciunt
3427 540 3508 579 ea.

3560 412 3630 468 '54

2119 616 2366 671 Praedicti
2401 617 2700 672 idololatrze
2749 617 2956 671 similes
3005 616 3157 680 ﬁent,
3205 616 3294 670 vel
3336 616 3448 685 jam
3500 625 3628 672 sunt

2046 706 2198 771 facti,
2234 709 2335 761 diis
2365 708 2499 762 suis.
2539 708 2708 763 Secus
2751 723 2901 772 vero,
2938 708 3028 776 qui
3071 708 3124 761 in
3170 719 3368 761 sortem
3399 707 3492 760 Dei
3536 721 3624 758 as-

2045 797 2244 866 sumpti
2273 798 2429 861 estis,
2460 806 2517 850 et
2542 797 2769 867 populus
2799 799 2916 865 ejus
2945 795 3264 859 ceusemiui,
3297 791 3618 855 Benedicite,

2044 888 2241 956 inquit,
2271 887 2537 952 Domino;
2577 889 2747 951 idest,
2775 887 3100 949 collaudata,
3144 902 3247 940 non
3286 885 3402 939 sine
3427 897 3622 952 magna

2043 978 2276 1032 utilitate
2307 989 2510 1032 vestra.
2542 978 2758 1033 Primus
2787 990 2965 1033 autem
2996 980 3062 1032 ad
3097 978 3422 1031 laudandum
3461 989 3622 1028 voca-

2043 1079 2130 1122 tur
2165 1070 2256 1124 Dei
2304 1070 2550 1138 popnlus,
2587 1070 2678 1138 qui
2725 1070 2918 1123 dicitur
2945 1071 3137 1124 domus
3182 1068 3437 1134 lsraelis,
3483 1067 3618 1120 ordo

2041 1162 2265 1215 inferior
2291 1161 2484 1228 plebis.
2533 1161 2784 1216 Secundo
2815 1161 2957 1225 loco,
2996 1162 3070 1214 uti
3112 1161 3311 1230 gradus
3350 1156 3618 1214 excelsior

2037 1264 2093 1309 et
2117 1257 2382 1320 eminens,
2418 1255 2611 1310 domus
2638 1255 2888 1308 Aaronis.
2917 1253 3103 1306 Tertio
3127 1250 3476 1306 sacerdotalis
3499 1250 3620 1302 uni-

2036 1362 2192 1402 versa
2217 1348 2408 1402 domus
2428 1347 2578 1402 Levi.
2609 1347 2888 1402 Postremo
2908 1346 3138 1414 denique
3161 1356 3412 1413 tanquam
3441 1341 3616 1397 omni-

2035 1438 2135 1493 bus
2167 1440 2508 1494 sublimiores
2533 1440 2622 1509 qui
2655 1442 2843 1493 timent
2864 1438 3170 1493 Dominum.
3207 1437 3270 1491 lli
3305 1445 3450 1500 sunt,
3474 1449 3614 1503 quos

2035 1531 2319 1585 universus
2345 1531 2574 1600 hymnus
2596 1530 2904 1598 alloquitur.
2933 1529 3032 1594 Qui
3061 1539 3240 1582 autem
3267 1527 3418 1581 initi'o
3447 1527 3612 1581 totius

2035 1622 2222 1690 psalmi
2251 1623 2594 1690 appellantur
2622 1627 2791 1688 servi,
2828 1623 2864 1674 ii
2900 1631 3026 1674 sunt
3053 1619 3142 1688 qui
3179 1634 3243 1673 ex
3281 1617 3510 1672 ethnicis
3542 1617 3610 1670 ad

2033 1714 2190 1766 fidem
2227 1723 2591 1770 accesserunt.
2621 1712 2752 1767 Nam
2781 1715 2826 1768 si
2851 1715 3100 1768 universa
3123 1711 3428 1767 Judaeorum
3464 1709 3612 1762 natio

2033 1806 2305 1870 praedictis
2341 1805 2514 1859 tribus
2543 1807 2823 1861 ordinibus
2868 1803 3362 1875 comprehenditur,
3399 1801 3612 1856 lsraelis

351 1893 734 1965 περιείληπται
773 1893 859 1948 διὰ
903 1894 1009 1947 τῶν
1051 1873 1356 1968 εἰρημένων
1403 1896 1571 1969 τριῶν
1615 1897 1917 1967 ταγμάτων.

2035 1897 2303 1963 videlicet,
2346 1909 2400 1952 et
2443 1899 2766 1953 familiarum
2826 1900 3056 1953 Aaronis
3105 1913 3166 1952 ac
3199 1897 3367 1960 Levi;
3416 1894 3609 1962 reliqui

348 1983 443 2036 τοῦ
487 2000 547 2037 τε
599 1984 831 2056 Ἰσραὴλ,
876 1985 970 2038 καί
1011 1986 1104 2038 τοῦ
1151 1986 1301 2040 οἴκου
1363 1985 1593 2058 Ἀαρὼν,
1637 1989 1729 2041 καὶ
1779 1988 1929 2042 οἴκου

349 2077 502 2142 Λευῒ,
539 2078 714 2148 ἕτεροι
746 2079 895 2150 παρά
919 2079 1140 2145 τούτους
1167 2082 1309 2146 τίνες
1337 2082 1401 2135 ἂν
1440 2078 1550 2135 εἶεν
1580 2084 1628 2136 οἰ
1664 2083 1931 2155 φοϐούμε-

346 2187 429 2222 νοι
457 2171 548 2224 τὸν
586 2171 808 2243 Κύριον,
843 2175 889 2225 εἰ
931 2173 1004 2244 μὴ
1046 2172 1105 2237 ἐξ
1139 2173 1308 2226 ἐθνῶν
1341 2173 1417 2244 τῷ
1461 2171 1552 2229 τοῦ
1605 2176 1739 2229 Θεοῦ
1787 2176 1929 2248 λόγῳ

347 2261 846 2332 προσεληλυθότες;
875 2264 923 2315 οἳ
958 2264 1051 2317 καὶ
1087 2265 1428 2317 διδάσκονται
1453 2265 1712 2334 εὐλογεῖν·
1738 2271 1929 2322 Εὐλο-

348 2349 528 2418 γητὸς
549 2352 764 2418 Κύριος
789 2353 857 2403 ἐκ
878 2352 1051 2416 Σιὼν,
1072 2356 1104 2405 ό
1132 2354 1422 2407 κατοικῶν⁴
1451 2355 1864 2426 Ἰερουσαλὴμ,
1891 2359 1923 2428 ἢ

348 2441 448 2513 τὴν
487 2444 572 2496 ἀεὶ
625 2445 890 2514 μένουσαν
937 2447 1030 2499 τοῦ
1066 2447 1198 2501 Θεοῦ
1249 2451 1420 2514 πόλιν,
1465 2452 1522 2504 ἐν
1642 2453 1701 2505 τὸ
1729 2453 1926 2525 ἀληθὲς

334 2539 514 2588 ’νοοῖτο
552 2536 617 2590 ἂν
645 2539 1058 2609 κατοικητήριον
1090 2539 1182 2592 τοῦ
1214 2541 1348 2593 Θεοῦ
1379 2541 1510 2612 ('10).

871 2630 1160 2684 ΨΑΛΜΟΣ
1210 2635 1377 2688 ΡΛΕ¹.

525 2720 608 2786 Τῷ
634 2721 956 2790 ποιήσαντι
988 2723 1292 2793 θαυμάσια
1314 2725 1549 2796 μεγάλα
1563 2731 1748 2797 μόνῳ.

401 2811 734 2885 Θαυμαστὸν
777 2816 832 2868 δὲ
875 2817 966 2868 καὶ
997 2816 1133 2886 πρὸς
1159 2816 1323 2882 λέξιν,
1355 2821 1403 2871 εἰ
1438 2821 1666 2892 οὐρανὸς
1704 2823 1800 2892 μέν
1827 2824 1921 2876 καὶ

335 2904 477 2977 μόνῃ
495 2903 595 2976 θέα
621 2908 719 2976 τὴν
743 2907 932 2976 σοφίαν
961 2907 1151 2978 δηλοῦν
1173 2907 1266 2961 τοῦ
1287 2910 1394 2981 (l0)
1425 2911 1580 2977 Θεοῦ,
1613 2914 1832 2983 μεγέθει
1861 2933 1920 2968 τε

329 2997 434 3050 καὶ
465 2996 652 3050 κάλλει
679 2999 772 3051 καὶ
800 2998 1134 3071 πολυχρονίῳ
1167 3005 1336 3072 μονῇ·
1369 3003 1436 3074 γῆ
1483 3003 1540 3056 δὲ
1584 3006 1918 3076 πανταχόθεν

339 3087 774 3160 περικλυζομένη
818 3094 930 3155 τοῖς
973 3091 1129 3145 ὕδασι
1178 3093 1274 3146 καὶ
1325 3094 1584 3148 σύστασιν
1628 3097 1725 3168 τὴν
1781 3099 1918 3152 ἰδίαν

2032 2004 2142 2059 prce
2182 1990 2266 2044 his
2302 1991 2552 2046 timentes
2587 1991 2892 2056 Dotninum,
2927 1992 3144 2061 quinam
3173 2000 3333 2044 erunt
3370 1989 3473 2043 nisi
3514 1989 3606 2057 qtti

2031 2098 2095 2137 ex
2155 2085 2387 2140 ethnicis
2441 2085 2507 2140 ad
2561 2084 2656 2139 Dei
2717 2086 3014 2139 doctrinam
3073 2081 3458 2138 accesserunt?
3513 2080 3607 2150 qui

2029 2176 2192 2230 etiam
2227 2177 2489 2231 docentur
2517 2178 2596 2231 sic
2620 2178 2942 2232 benedicere
2970 2194 2983 2230 :
3015 2175 3325 2230 Benedictus
3348 2173 3605 2228 Dominus

2029 2266 2292 2330 ex.Siou,
2347 2269 2437 2338 qui
2482 2268 2682 2321 habitat
2740 2265 3077 2330 Jerusalem,
3140 2267 3254 2320 sive
3300 2273 3603 2320 manentem

2028 2372 2238 2426 semper
2275 2357 2367 2413 Dei
2399 2361 2706 2424 civitatem,
2740 2360 2792 2412 in
2834 2374 2939 2428 qua
2985 2373 3112 2412 vera
3153 2358 3242 2411 Dei
3287 2355 3604 2426 intelligitur

2027 2447 2309 2506 habitatio.

2507 2628 2830 2685 PSALMUS
2870 2628 3130 2685 CXXXV.

2150 2720 2311 2775 Vens.
2337 2720 2390 2774 4.
2428 2718 2497 2774 Ei
2518 2723 2606 2790 qui
2631 2721 2760 2791 facit
2792 2723 3058 2776 mirabilia
3084 2737 3273 2791 magna
3303 2719 3468 2776 solus.

2097 2811 2238 2866 Sane
2282 2812 2349 2866 ad
2399 2812 2634 2867 litteram
2688 2815 2933 2868 mirabile
2981 2822 3100 2877 est,
3166 2812 3596 2882 quandoquidem

2023 2905 2219 2959 crelum
2260 2906 2377 2959 solo
2416 2906 2611 2960 intuitu
2655 2908 2976 2976 sapientiam
3011 2907 3103 2961 Dei
3133 2905 3502 2975 magnitudine
3534 2921 3599 2960 ac

2021 2997 2424 3065 pulchritudine
2459 3015 2580 3065 sua,
2619 3009 2673 3054 et
2713 3010 2820 3053 tam
2855 2999 3090 3068 spatiosa
3124 3000 3339 3053 aevitate
3372 2999 3596 3052 demon-

2021 3098 2155 3143 strat
2198 3106 2211 3144 :
2255 3099 2400 3144 terra
2456 3102 2635 3146 autem
2683 3090 3007 3145 alluentibus
3063 3092 3300 3158 undique
3345 3089 3597 3143 fluctibus

337 3178 708 3245 φυλάττουσαν
725 3195 737 3207 ·
766 3181 898 3233 πᾶσι
922 3182 978 3234 δέ
998 3180 1088 3234 τὸν
1109 3181 1324 3237 αἰώνιον
1350 3184 1496 3237 ἔλεον
1520 3188 1548 3238 6
1576 3187 1915 3258 μελογράφος

2022 3182 2327 3237 firmitatem
2379 3199 2529 3239 suam
2589 3185 2849 3239 retinens.
2901 3183 2996 3238 llis
3035 3183 3285 3238 omnibus
3336 3192 3594 3236 aeternam

341 3268 672 3335 συνέζευξεν,
700 3271 886 3343 ἐπειδὴ
915 3273 975 3324 οὐ
998 3271 1085 3326 διὰ
1111 3275 1301 3346 χρείαν
1324 3276 1529 3330 οἰκείαν
1549 3281 1576 3332 6
1601 3279 1752 3346 Θεὸς,
1778 3280 1915 3334 ἀλλὰ

2021 3275 2444 3330 misericordiam
2492 3277 2737 3331 melodus
2780 3276 3062 3340 innexuit,
3114 3277 3378 3345 siquidem
3452 3275 3595 3329 haud

335 3358 426 3413 διὰ
459 3360 625 3431 μόνην
655 3361 1059 3433 φιλανθρωπίαν
1082 3364 1511 3440 ἐδημιούργησεν
1537 3371 1770 3425 ἅπαντα.

727 3562 811 3630 Τῷ
837 3565 1168 3630 πατάξαντι
1199 3567 1524 3637 Αἴγυπτον.

399 3656 465 3708 Εἰ
500 3655 574 3728 μὴ
605 3655 881 3722 πέπεισαι,
925 3660 1077 3728 φησι,
1117 3660 1344 3732 προνοίᾳ
1384 3661 1519 3716 Θεοῦ
1559 3666 1652 3718 καὶ
1688 3666 1912 3738 δυνάμει

327 3748 422 3801 τὸν
448 3749 736 3819 σύμπαντα
772 3750 974 3821 κόσμον
1007 3753 1101 3805 καὶ
1125 3751 1193 3805 τὰ
1227 3752 1416 3806 τούτου
1447 3755 1588 3826 μέρη
1625 3757 1914 3830 διακυϐερ-

334 3841 547 3904 νᾶσθαι,
584 3842 640 3893 ἐν
673 3843 958 3914 ἀμφιϐόλῳ
989 3845 1046 3896 δὲ
1071 3844 1216 3914 ἔχεις
1257 3849 1329 3917 μή
1361 3865 1438 3918 πη
1468 3847 1538 3902 τὰ
1576 3851 1716 3903 κατὰ
1747 3852 1912 3923 μέρος

330 3933 427 3988 καὶ
458 3933 526 3987 τὰ
553 3935 868 4007 ἀνθρώπινα
914 3939 1220 4006 παρορᾶται
1256 3939 1349 3990 ὐπ’
1387 3940 1574 4005 αὐτοῦ,
1607 3942 1798 4010 γνῶθι,
1829 3946 1912 3998 ὄτι

333 4024 558 4077 καὶτῶν
585 4027 676 4078 ἐπὶ
705 4027 807 4097 γῆς
841 4027 939 4096 οὐχ
963 4023 1122 4098 ἦττον
1160 4030 1192 4099 ἣ
1221 4029 1330 4083 τῶν
1363 4034 1485 4085 κατ’
1523 4034 1750 4104 οὐρανὸν
1780 4053 1912 4107 προ-

334 4122 482 4172 νοεῖ*
519 4121 838 4191 μετέρχεται
869 4123 998 4190 γοῦν
1034 4123 1173 4176 κατὰ
1203 4125 1425 4194 χρόνους
1460 4126 1567 4178 τῶν
1608 4126 1910 4199 ἀνθρώπων

330 4209 453 4262 καθ’
481 4210 783 4282 ὑπερϐολὴν
809 4213 999 4276 ἀθέους
1026 4215 1121 4267 καὶ
1147 4215 1382 4281 ἀσεϐεῖς,
1412 4216 1602 4290 ῶσπερ
1631 4219 1762 4271 ποτὲ
1786 4221 1909 4284 τοὺς

327 4302 657 4369 Αἰγυπτίους
685 4303 968 4374 μετῆλθεν,
1001 4306 1093 4358 καὶ
1124 4306 1292 4376 αὐτὴν
1316 4306 1412 4378 τὴν
1443 4295 1747 4375 Αἰγυπτίαν
1774 4311 1904 4380 γῆν.

329 4393 660 4464 Προῖσταται
707 4394 764 4446 δέ
814 4396 972 4450 πάλιν
1002 4398 1094 4450 xui.
1125 4399 1438 4468 ὑπερμαχεῖ
1478 4399 1587 4452 τῶν
1619 4399 1904 4468 θεοφιλῶν,

326 4485 420 4538 καὶ
449 4484 509 4537 οὐ
541 4485 715 4555 μόνων
740 4486 939 4551 αὐτῶν,
967 4488 1103 4540 ἀλλά
1123 4492 1217 4542 καὶ
1242 4490 1350 4543 τῶν
1373 4492 1579 4545 τούτων
1600 4493 1902 4560 ἀπογόνων,

2018 3366 2088 3420 ob
2117 3366 2349 3435 aliquem
2396 3381 2553 3421 suum
2604 3382 2756 3421 usum
2787 3365 2930 3421 Deus
2953 3406 2968 3432 ,
3011 3368 3106 3421 sed
3148 3368 3219 3422 ob
3257 3366 3424 3423 solam
3462 3381 3594 3438 erga

2019 3455 2267 3511 homines
2305 3456 2690 3526 benignitatem
2720 3458 2902 3511 omnia
2945 3457 3171 3512 creavit.

2278 3569 2446 3625 Vens.
2477 3571 2565 3627 10.
2604 3570 2708 3636 Qui
2736 3573 2990 3641 percussit
3014 3570 3329 3642 Egyptum.

2089 3659 2144 3714 Si
2190 3659 2330 3716 forte
2375 3662 2518 3716 haud
2551 3662 2750 3727 credis,
2777 3663 2978 3742 inquit,
3009 3664 3100 3718 Dei
3140 3660 3474 3733 providentia
3526 3675 3592 3716 ac

2015 3751 2214 3806 virtute
2256 3753 2570 3808 universum
2622 3755 2880 3807 mundum
2913 3753 3136 3822 ejusque
3183 3764 3361 3823 partes
3391 3754 3588 3823 guber-

2017 3844 2166 3906 nari,
2217 3843 2541 3913 duhitasque
2589 3859 2674 3900 res
2727 3843 3038 3912 singillatim
3093 3845 3359 3898 humanas
3408 3844 3476 3897 ab
3522 3860 3590 3898 eo

2015 3933 2246 3988 fortasse
2290 3935 2507 4004 negligi,
2552 3936 2712 3988 velim
2760 3936 2922 4000 scias,
2971 3935 3146 4003 ipsum
3185 3949 3272 3988 res
3313 3935 3453 3988 haud
3485 3936 3586 3987 nti-

2014 4041 2115 4079 nus
2143 4036 2384 4081 terrenas
2415 4043 2572 4096 quam
2609 4027 2856 4082 ccelestes
2893 4043 3104 4082 curare.
3138 4027 3274 4097 Ergo
3308 4028 3587 4097 persequi-

2012 4128 2119 4184 tur,
2148 4120 2480 4187 temporibus
2508 4120 2734 4184 idoneis,
2766 4121 3011 4175 homines
3036 4122 3333 4189 pt'atsertim
3363 4123 3585 4191 insigni-

2014 4221 2097 4265 ter
2131 4211 2463 4281 irreligiosos
2516 4221 2568 4265 et
2622 4211 2849 4280 impios;
2893 4212 3050 4264 sicuti
3093 4211 3383 4279 aliquando
3417 4212 3586 4283 {Egy-

2010 4303 2135 4372 ptiis
2169 4318 2465 4371 eorumque
2515 4303 2718 4371 regioni
2766 4304 3026 4355 incubuit.
3063 4301 3304 4372 Protegit
3343 4304 3583 4358 vicissim

2011 4407 2170 4465 atque
2209 4395 2448 4450 defendit
2494 4395 2719 4448 dilectos
2767 4409 2921 4457 suos,
2983 4408 3156 4462 neque
3208 4395 3303 4447 hos
3352 4405 3581 4460 tantum,

2010 4501 2194 4539 verum
2225 4487 2388 4538 etiam
2427 4485 2662 4551 ipsorum
2714 4492 2991 4550 posteros;
3043 4483 3197 4536 sicuti
3233 4498 3420 4551 reapse
3455 4484 3584 4539 fecit

326 4575 515 4648 ὥσπερ
557 4577 665 4629 τῶν
703 4578 790 4631 διὰ
822 4581 1099 4644 Μωύσέως
1145 4581 1604 4655 ἠλευθερωμένων
1637 4585 1759 4637 τότε
1805 4585 1905 4654 τῆς

2020 4579 2208 4646 ereptis
2240 4588 2366 4632 tunc
2399 4592 2493 4645 per
2515 4575 2749 4646 Moysen:
2783 4575 2850 4626 ab
2873 4573 3247 4646 Egyptiorum
3280 4579 3578 4642 servitute;

325 4669 455 4740 παρ’
482 4671 802 4738 Αἰγυπτίοις
841 4671 1103 4736 δουλείας,
1142 4673 1236 4737 οὓς
1275 4673 1647 4745 ἠλευθέρωσεν
1690 4676 1852 4739 αὐτὸς
1879 4677 1906 4728 6

323 4763 416 4814 ἐπὶ
447 4761 663 4815 πάντων
689 4761 841 4826 Θεὸς,
865 4763 966 4815 οὐκ
996 4763 1169 4826 ἄλλως
1202 4765 1233 4833 ἢ
1270 4767 1612 4839 ἐκτεταμένη
1642 4769 1785 4839 χειρὶ
1810 4769 1905 4820 καὶ

324 4852 532 4923 ἰσχυρῷ
569 4853 812 4923 βραχίονι
858 4854 1230 4924 χρησάμενος·
1259 4858 1342 4928 εῐη
1374 4856 1418 4909 δ’
1448 4857 1513 4913 ἂν
1545 4852 1701 4923 οὗτος
1737 4860 1766 4911 6
1808 4858 1902 4912 τοῦ

391 4990 493 5058 (9')
545 4991 708 5044 Deest
739 4992 852 5046 τοῦ.
895 4992 1052 5047 Εοιτ.

388 5061 501 5140 (ιο)
545 5061 598 5112 In
629 5062 907 5142 codicibus
1021 5063 1220 5142 f._257.
1260 5067 1315 5128 b,
1345 5075 1400 5122 et
1423 5066 1490 5122 G.
1525 5067 1732 5142 £207,
1775 5067 1896 5142 aliis

319 5132 734 5213 Rzllli'l’l‘l“veliiis
762 5133 901 5213 idem
933 5132 1046 5213 fere
1071 5134 1434 5213 fragmentum
1472 5138 1748 5213 scribitur.
1777 5139 1893 5191 ΕΥ-

608 5199 792 5282 Ταηῦτα
812 5202 908 5282 μέν
932 5202 1220 5282 είηηφασί,
1233 5210 1345 5282 τοῖς
1367 5207 1890 5282 ποιοῦσιμτάεῖδωλα·

318 5270 426 5347 δ’δὲ
458 5270 584 5332 λαὸς
612 5270 705 5322 τοῦ
740 5270 943 5342 Κυρίου
977 5270 1081 5327 καί
1109 5278 1137 5328 6
1170 5275 1369 5346 κλῆρος
1393 5279 1555 5330 αὐτοῦ
1576 5280 1896 5333 ἀπολαυέτω

318 5355 419 5390 της
470 5341 548 5390 είς
593 5342 756 5390 αὐτὸν
808 5344 1084 5390 εὐωτιηίαε
1109 5363 1122 5376 ο
1163 5347 1379 5390 πρῶτον
1425 5349 1452 5390 ἡ
1492 5345 1640 5390 nT-tmr
1682 5351 1890 5390 ‘ln-nn-M

318 5343 419 5406 τῆς
470 5343 548 5400 εἰς
593 5343 756 5394 αὐτὸν
808 5344 1084 5414 εὐφημίας
1109 5363 1122 5376 ο
1163 5343 1379 5416 πρῶτον
1425 5349 1452 5400 6
1492 5345 1640 5411 οἶκος
1682 5351 1895 5420 Ἰσραὴλ

316 5409 505 5490 τάγμα
527 5409 588 5460 τὸ
611 5411 950 5490 ὐίιτοϐεϐ-ηκός
966 5431 978 5443 ·
1001 5409 1215 5490 ἐίταῗτὸ
1245 5418 1612 5490 ὐπερανέχονζ
1625 5415 1771 5483 οἶκος
1801 5421 1893 5472 τοῦ

329 5435 505 5496 suum;
527 5435 588 5460 τυ
612 5435 978 5482 υποοευηκος·
1012 5435 1130 5470 ειτα
1155 5435 1215 5468 το
1245 5435 1347 5468 υπε
1387 5435 1594 5490 ανεχον,
1625 5435 1771 5483 οικος
1801 5438 1892 5472 του

343 5478 540 5548 Ααρὼν
565 5495 576 5508 ·
609 5477 728 5534 εἶτα
762 5483 870 5536 τῶν
903 5485 1090 5554 ἱερέων
1119 5489 1152 5558 ἡ
1185 5488 1334 5540 πᾶσα
1353 5435 1495 5557 fzpul‘
1519 5531 1534 5550 ,
1563 5487 1708 5552 οἶκος
1740 5491 1892 5542 Άευῖο

329 5551 411 5602 καὶ
438 5549 656 5603 πάντων
680 5551 946 5613 ἀνώτερον
972 5557 1019 5608 οἰ
1049 5557 1214 5613 φοὸού
1225 5575 1368 5613 μενοι
1389 5507 1727 5613 τὸνἸίύοιον.
1757 5561 1892 5613 πρὸς

315 5551 411 5634 καὶ
438 5549 656 5603 πάντων
680 5549 1019 5624 ἁνώτερονόἰ
1049 5549 1370 5627 φοϐούμενοί
1385 5549 1479 5612 τὸν
1501 5549 1727 5631 Κύριον,
1757 5561 1895 5632 πρὸς

313 5635 408 5701 ρνξ
513 5622 619 5684 πᾶς
649 5620 829 5701 ,ὓιέγος
873 5627 1378 5701 Ἰεροςπεφῶνηταιο,
1422 5630 1515 5701 καὶ
1554 5633 1675 5683 κατέ
1722 5630 1895 5700 ἁρχὲίς

315 5689 618 5776 ἐρρέθησαν
643 5689 838 5776 δοῦλοι,
871 5689 937 5747 δι”
965 5689 1038 5748 ὧν
1060 5689 1184 5760 τοὺς
1213 5689 1277 5763 ἐξ
1325 5697 1496 5776 ἐθνῶν
1541 5689 1898 5752 πεπιστεύἶιόξ-

315 5775 413 5822 τας
443 5761 740 5839 ἐδήλωσεν·
771 5763 914 5839 τίνες
951 5768 1138 5839 γὰροί
1174 5761 1498 5839 φοϐούμενοι
1533 5770 1621 5822 τὸν
1667 5771 1892 5839 Κύριον,

209 5909 212 5912 Ι
317 5832 466 5900 παρὰ
496 5833 564 5886 τὰ
597 5834 724 5905 τρία
751 5832 1010 5904 τάγματα
1030 5832 1138 5890 τῶν
1173 5832 1468 5905 Ἰουδαίων;
1497 5840 1633 5894 Σιὼν
1657 5840 1712 5894 δὲ
1749 5832 1894 5908 λέγει

2009 4687 2145 4742 quos
2201 4672 2312 4740 ipse
2360 4670 2659 4725 communis
2713 4668 2854 4722 Deus
2909 4668 3159 4723 liberavit
3209 4671 3348 4724 haud
3397 4671 3578 4736 aliter,

2013 4783 2171 4834 quam
2224 4778 2383 4817 manu
2435 4778 2528 4814 sua
2571 4771 2816 4826 extenta,
2856 4762 3184 4831 brachiaque
3229 4763 3354 4816 forti
3402 4773 3576 4816 utens.

2010 4857 2108 4912 Est
2156 4865 2333 4910 autem
2383 4853 2488 4908 hoc
2534 4854 2708 4922 ipsum
2749 4853 2842 4907 Dei
2889 4851 3140 4919 Verbum,
3191 4867 3287 4921 per
3333 4855 3472 4921 quod
3527 4863 3582 4906 et

2008 4994 2522 5064 καὶςίερουσαλὴμ,
2551 4994 2649 5064 τὴν
2677 4994 2764 5046 ἀεὶ
2797 4994 3076 5064 μένουσαν⁸
3091 4991 3183 5064 τοῦ
3228 4990 3362 5064 Θεοῦ
3399 4990 3574 5064 πόλιν,

2003 5071 2060 5138 ἐν
2187 5060 2248 5118 τὸ
2279 5060 2490 5138 ἀληθές
2539 5060 2956 5138 κατοικητῇριον
2996 5060 3298 5138 τοῦ-Θεοῦ·
3335 5060 3489 5138 ’κατὰ
3516 5061 3572 5113 δὲ

2001 5127 2203 5207 νόησιν,
2240 5137 2288 5189 οἰ
2315 5127 2609 5207 διορατικοί
2646 5127 2916 5207 μὲνόἰᾷἱος
2942 5134 3039 5207 τοῦ
3078 5131 3299 5207 Ἰσραὴλ.
3324 5131 3574 5207 ὀψόμενοι

2003 5181 2220 5285 καθαρᾷ
2252 5181 2463 5285 ’καρδίᾳ
2511 5181 2673 5285 Θεόνῗ
2718 5204 2849 5285 οίνδὲ
2882 5181 3099 5285 τελείως
3141 5181 3258 5256 διξαὶ.Ι
3287 5181 3576 5285 ξερξ-έικῶς

2003 5271 2166 5330 αὐτὸν
2188 5271 2274 5352 ἀεὶ
2297 5271 2716 5352 θεραπεύοντες,
2735 5271 2886 5352 οἶκος
2926 5273 3163 5352 Ἀαρών*
3215 5271 3310 5352 καὶ
3342 5271 3401 5350 οἰ
3452 5271 3575 5352 tot}

2003 5365 2110 5418 των
2143 5341 2532 5418 ὑποδεέὲτερον
2559 5347 2676 5417 μὲν,
2699 5341 3188 5418 ἐξυπηρετούμενοι
3228 5341 3285 5394 δὲ
3327 5341 3571 5418 τῷ-ναῷ,

2004 5413 2152 5479 οἶκος
2179 5416 2330 5480 Λευῒ,
2356 5407 2450 5480 οὓς
2481 5407 2986 5485 ἄν’τιςννεωκόρους
3004 5483 3010 5485 Α
3030 5407 3308 5485 καλέσειεν
3323 5426 3336 5439 °
3376 5407 3500 5464 εἶτα
3517 5407 3570 5485 οξ

2003 5488 2061 5580 ἐς
2086 5486 2387 5580 ἀλλογενῶν
2410 5487 2556 5580 φόῗρ
2589 5485 2721 5580 Θεοῦ
2761 5481 3168 5580 πρρστιθέμενοι
3189 5481 3442 5580 ’ἓτξάντίς

2002 5549 2094 5615 οῦν
2125 5549 2454 5625 εὐλογοῦσιν,
2493 5549 2768 5624 ἀναλόγως
2805 5549 2862 5606 δὲ
2911 5549 3158 5625 ἕκαστον⁸
3203 5550 3352 5621 δηλοῖ
3387 5551 3443 5604 δὲ
3473 5549 3574 5625 καὶ

1994 5621 2439 5702 ’τὴνἙκκλησίαν
2482 5621 2854 5702 Ἰερουσαλὴμ³
2895 5625 2992 5695 τὴν
3022 5622 3095 5702 μὴ
3126 5621 3352 5702 ξχουσμν
3383 5622 3568 5702 σπῖλον

1989 5701 2032 5771 τῆ
2053 5690 2064 5702 ’
2086 5690 2310 5771 ῥυτίδας
2339 5699 2434 5771 τὴν
2490 5690 2712 5771 εἰρήνην
2745 5690 2984 5771 δρῶσαν,
3024 5690 3102 5771 ἣν.
3135 5690 3339 5771 ’[ησοῦς
3386 5690 3569 5745 δίδωσι

1982 5751 2204 5838 δκέκίωνῖ
2233 5751 2499 5835 Εὶρήέην
2523 5751 2638 5838 ibi”
2660 5751 2814 5838 ἓμὴίΐ
2846 5751 3057 5838 sum“
3074 5751 3234 5832 ὑμῖῦο

2071 5833 2208 5910 (10⁸)
2250 5833 2506 5905 Δήλοῦιο.
2541 5837 2699 5889 Forte
2723 5833 2889 5904 δηλοῖ.
2932 5834 3087 5886 Ευιτ.
