4138 6416
513 363 585 421 ’53
1192 359 1463 416 EUSEBII
1501 359 1974 416 CESARIENSIS
2010 359 2164 415 OPP.
2204 359 2384 415 PARS
2419 359 2506 417 Ill.
2547 391 2614 402 —
2654 358 3067 416 EXEGETICA.
3709 358 3780 414 36

515 481 646 536 olim
689 489 746 536 et
821 493 963 533 nunc
1013 478 1177 532 etiam
1225 489 1417 533 cuncta
1469 479 1784 536 hominibus
1828 479 2090 535 beneﬁcia

2204 476 2327 531 Βεοῦ
2357 479 2526 546 Λόγος
2551 478 2597 548 (l
2617 479 2684 547 l),
2713 478 2780 532 δι’
2812 473 2872 532 οὗ
2901 479 2995 532 καὶ
3021 477 3186 532 πάλαι
3209 478 3303 530 καὶ
3325 477 3418 530 νῦν
3445 478 3543 541 τὰς
3574 480 3652 539 είς
3686 479 3778 529 ἀν-

518 573 820 643 hanignitas
850 569 944 624 Dei
975 572 1162 640 Optimi
1196 573 1429 625 confert.

731 751 892 806 νεεδ.
926 751 1011 806 19.
1049 751 1188 805 Seon
1219 768 1391 820 regem
1423 752 1878 809 Amorrha'orum.

587 841 934 914 Interpretari
968 843 1205 897 solemus
1228 845 1576 898 Amorrhzeos
1605 845 1821 913 quidem
1854 845 2096 916 loquaces

520 946 925 1004 exasperantcs;
973 947 1028 987 et
1073 936 1264 988 horum
1313 952 1491 1004 regem
1535 935 1700 998 Seon,
1756 939 2096 990 tcntationcm

521 1033 573 1077 et
592 1023 1064 1078 exacerbationem.
1092 1023 1338 1092 Namque
1362 1026 1610 1079 homines
1628 1026 1929 1093 sotihistica:
1954 1027 2099 1078 fran-

521 1115 602 1170 dis
645 1115 799 1183 periti
849 1131 1040 1184 aspere
1090 1131 1232 1184 saepe
1280 1117 1593 1186 loquuntur,
1641 1121 1951 1188 pariterque
1983 1120 2095 1172 vel-

523 1205 633 1259 lent
664 1206 911 1260 veritatis
945 1221 1163 1276 quoque
1205 1221 1476 1262 amatores
1528 1208 1903 1263 fraudulenter
1951 1211 2097 1278 loqui

521 1306 578 1350 et
635 1299 916 1359 occinere.
973 1309 1137 1368 atque
1189 1301 1411 1353 Omnino
1469 1300 1599 1354 nihil
1655 1301 1799 1353 aliud
1857 1312 2101 1369 spectant

521 1402 682 1454 quam
711 1397 770 1441 ut
798 1398 993 1442 vexent
1018 1401 1178 1458 atque
1201 1401 1543 1459 exasperent.
1575 1391 1747 1444 Busan
1773 1408 1924 1457 vero,
1955 1395 2098 1463 quod

519 1481 868 1550 ignominiam
903 1483 1203 1549 significat,
1241 1485 1608 1552 improborum
1642 1485 1946 1552 pudendam
1987 1503 2098 1540 ina-

522 1571 697 1626 litiam
733 1576 949 1627 denotat
980 1593 992 1626 :
1025 1577 1175 1642 cujus
1220 1593 1312 1630 rex
1344 1577 1424 1632 On
1463 1593 1585 1631 cum
1623 1579 1764 1632 Seon
1803 1580 2098 1642 occiditur;

525 1672 585 1716 ut
639 1665 819 1719 Israeli
874 1677 1014 1720 terra
1077 1683 1240 1736 quam
1286 1669 1426 1723 male
1482 1670 1783 1724 retinebant
1835 1673 2100 1735 tradatur,

2195 567 2444 638 θρώπους
2484 568 2803 639 εὐεργεσίας
2845 571 2878 639 ἡ
2913 567 3289 639 φιλανθρωπία
3322 568 3414 622 τοῦ
3461 568 3775 637 παναγάθου

2193 660 2328 713 Θεοῦ
2359 660 2771 733 κατειργάσατο.

2404 753 2516 806 Τὸν
2541 751 2712 819 Σηὼν
2739 751 3004 816 ,ϐασιλέα
3035 751 3152 805 τῶν
3184 753 3556 820 Ὰμοῤῥαίων.

2277 841 2702 912 Ἐρμηνεύονται
2730 842 2786 895 δὲ
2833 844 3147 912 Ἀμορῤαῖοι
3179 843 3276 912 μὲν
3301 841 3550 909 λωητοὶ
3591 859 3781 909 παρα-

2196 933 2632 999 πικραίνοντες,
2669 934 2761 986 καὶ
2792 935 2820 985 ὁ
2852 932 3056 985 τούτων
3081 932 3332 1002 βασιλεὺς
3367 931 3541 1003 Σηὼν,
3573 947 3778 999 πειρα-

2197 1025 2353 1092 σμὸς
2379 1025 2472 1077 καὶ
2502 1027 2907 1093 παροργισμός
2930 1041 2943 1054 °
2972 1026 3020 1077 οἱ
3059 1024 3220 1077 δεινοὶ
3250 1025 3356 1096 γάρ
3398 1025 3533 1095 πρὸς
3561 1025 3780 1094 ἀπάτην

2202 1116 2518 1186 σοφιστικὴν
2540 1117 3061 1188 καταπικραίνοντές
3083 1117 3220 1168 εἰσιν
3249 1116 3490 1185 λαλητοὶ,
3518 1117 3641 1178 τοὺς
3666 1117 3783 1170 ὅσοι

2200 1209 2299 1277 τῆς
2326 1209 2581 1280 ἀληθείας
2608 1211 2744 1261 είσὶν
2775 1210 3003 1276 ἐρασταὶ
3038 1208 3282 1272 θέλοντες
3317 1209 3409 1261 ἐπὶ
3438 1208 3652 1277 ἀπάτης
3687 1209 3782 1260 λα-

2201 1299 2408 1352 λεῖσθαι
2449 1300 2541 1352 καί
2583 1298 2824 1370 ᾅδεσθαι,
2884 1297 3164 1369 πειράζειν
3203 1315 3262 1350 τε
3297 1300 3390 1350 καὶ⁵
3426 1296 3780 1368 παροργίζειν

2201 1390 2414 1460 ἔχοντες
2441 1391 2532 1444 τὸν
2575 1391 2797 1445 σκοπόν.
2847 1392 3027 1446 Βασαν
3059 1392 3114 1444 δὲ
3148 1393 3452 1460 αἰσχύνην
3499 1391 3780 1462 μεθερμη-

2201 1482 2488 1551 νευομένη,
2536 1482 2635 1552 τὴν
2678 1485 2803 1547 τοὺς
2841 1486 3044 1548 κακοὺς
3083 1483 3547 1554 καταισχύνουσιν
3583 1483 3782 1536 κακίαν

2202 1574 2382 1645 δηλοῖ·
2409 1570 2476 1646 ἦς
2499 1575 2528 1626 ὁ
2557 1574 2806 1644 βασιλεὺς
2833 1577 2948 1641 Ὧν,
2978 1578 3073 1630 σὺν
3097 1577 3173 1646 τῷ
3193 1575 3344 1645 Σηὼν
3371 1574 3777 1628 ἀποκτίννυται’

2203 1666 2350 1726 ὅπως
2383 1663 2460 1733 τῷ
2498 1665 2713 1738 Ἰσραὴλ
2740 1668 2772 1737 ἡ
2802 1668 2895 1736 γῆ,
2922 1669 2986 1737 ἢν
3014 1668 3196 1731 κακῶς
3225 1666 3507 1738 ἐκράτουν,
3535 1683 3780 1735 σοφιστι-

524 1758 616 1825 qui
662 1759 856 1815 callido
902 1770 956 1813 et
1008 1761 1194 1830 iniquo
1243 1776 1531 1828 possessu,
1587 1765 1929 1834 nmlignoqne
1981 1781 2100 1819 eam

2206 1755 2317 1818 κῶς
2339 1756 2432 1808 καὶ
2461 1758 2598 1826 μετὰ
2636 1759 2914 1829 μοχθηρᾶς
2936 1761 3101 1827 ἕξεως
3126 1762 3251 1831 περὶ
3274 1761 3371 1830 τὴν
3396 1761 3502 1813 τῶν
3525 1761 3784 1832 πραγμά-

526 1850 971 1904 adtninistrantes
1028 1852 1264 1920 ingenio,
1319 1869 1544 1923 regnare
1603 1856 1949 1910 videbantur.
2005 1858 2103 1912 Ve-

2206 1863 2312 1899 των
2340 1846 2707 1919 διατρίϐοντες
2738 1849 2918 1916 φύσιν,
2940 1850 3219 1913 δοκοῦντες
3263 1850 3564 1920 βασιλεύειν
3590 1850 3780 1919 αύτῆςο

529 1951 832 1995 rumtamen
877 1943 1018 1996 dicta
1063 1954 1204 1998 terra
1253 1946 1339 2000 his
1384 1961 1568 2016 erepta
1624 1952 1857 2004 traditur
1897 1953 1948 2006 in
1978 1969 2101 2007 sor-

529 2038 633 2082 tem
665 2030 879 2096 lsraeli,
917 2031 1059 2086 ﬁdeli
1103 2049 1263 2088 servo
1306 2035 1451 2091 illius
1497 2039 1587 2106 qui
1635 2054 1818 2094 rerum
1857 2041 2099 2095 omnium

525 2133 718 2176 IIICIOI‘
754 2134 859 2180 851.

595 2213 756 2270 Vens.
786 2217 874 2272 25.
904 2217 1041 2284 Quia
1077 2222 1132 2273 in
1162 2221 1465 2274 humilitate
1492 2233 1671 2275 nostra
1703 2239 1900 2276 ntentor
1918 2224 2020 2293 fuit

1067 2293 1234 2344 nostri
1265 2293 1543 2346 Dominus.

590 2377 647 2434 In
669 2356 1040 2449 superioribus
1066 2399 1282 2454 quoque
1315 2387 1465 2440 varie
1501 2387 1937 2441 demonstratum
1970 2385 2096 2450 fuit,

526 2487 634 2526 non
657 2487 779 2528 eum
812 2475 902 2543 qui
953 2476 1020 2528 de
1070 2473 1298 2530 Judaico
1348 2493 1549 2546 genere
1577 2481 1794 2545 oritur,
1843 2479 2099 2535 lsraelem

525 2574 669 2624 esse,
705 2562 799 2615 sed
833 2577 954 2615 eum
985 2563 1074 2630 qni
1105 2566 1349 2620 moribus
1376 2567 1575 2637 dignus
1606 2569 1709 2624 hoc
1740 2571 1958 2624 nomine
1995 2585 2100 2626 est.

529 2648 653 2705 Non
682 2653 818 2705 enim
852 2669 1028 2707 omnes
1065 2656 1151 2724 qui
1198 2657 1262 2710 de
1307 2657 1506 2712 lsrnele
1536 2671 1703 2724 sunt,
1751 2661 1807 2713 Ιιὶ
1846 2673 1970 2716 sunt
2015 2663 2100 2718 ls-

528 2740 639 2794 rael
669 2740 713 2772 “
748 2757 761 2792 :
795 2758 959 2812 neque
989 2744 1086 2796 illa
1123 2762 1243 2815 quo:
1275 2750 1478 2815 publice
1502 2750 1561 2818 ﬁt
1587 2790 1602 2814 ,
1649 2753 1978 2807 circumcisio
2003 2767 2100 2820 est,

527 2843 585 2885 nt
617 2833 693 2887 ait
723 2835 1015 2904 Apostolus
1041 2875 1057 2900 ,
1088 2842 1178 2891 sed
1208 2841 1262 2893 in
1289 2843 1495 2895 occulto
1538 2846 1714 2912 potius
1757 2844 1980 2902 Judmus
2005 2889 2019 2909 ,
2052 2860 2100 2902 et

525 2925 702 2978 cordis
745 2925 1118 2992 circumcisio,
1167 2949 1270 2985 non
1314 2937 1873 3000 sccundumlittcram.
1910 2943 2000 2992 ml
2047 2942 2103 2994 in

525 3015 709 3079 spiritu
737 3032 755 3068 :
787 3018 941 3086 cujus
974 3019 1090 3072 laus
1125 3037 1229 3074 non
1253 3039 1317 3076 ex
1345 3025 1665 3090 hominibus,
1695 3031 1786 3083 sed
1815 3047 1880 3083 ea:
1911 3031 2016 3084 Deo
2034 3032 2098 3085 “.

2203 1937 2315 1991 ἀλλ’
2366 1939 2725 2010 ἀφαιρεθεῖσα
2769 1941 2948 1993 αὐτῶν
2998 1945 3030 2011 ἡ
3090 1943 3501 2013 ἐρμηνευομένη
3554 1942 3646 2013 γῆ,
3703 1942 3784 2006 είς

2203 2032 2530 2100 κατάσχεσιν
2562 2031 2640 2102 τῷ
2691 2034 2907 2104 Ἰσραήλ
2945 2034 3144 2088 δίδοται
3180 2037 3271 2087 ἐπὶ
3307 2035 3386 2105 τῷ
3429 2037 3784 2106 κληρονομεῖν

2202 2123 2390 2194 αὐτὴν,
2427 2122 2597 2194 δούλῳ
2624 2126 2830 2194 γνησίῳ
2856 2125 2949 2178 τοῦ
2982 2127 3196 2179 πάντων
3240 2126 3414 2180 αἰτίου
3439 2127 3779 2196 τυγχάνοντι.

2204 2213 2333 2266 Ὀτι
2373 2213 2444 2265 ἐν
2483 2213 2557 2282 τῇ
2608 2215 2962 2339 taxea-dxi?
3013 2216 3180 2284 ἡμῶν
3236 2216 3505 2286 ἐμνήσθη
3536 2214 3717 2287 ξτὶμῶν
3751 2220 3786 2270 ό

2925 2305 3107 2339 vmcc.

2925 2305 3107 2353 vptcrc.

2273 2372 2382 2426 Καὶ
2426 2373 2484 2425 ἐν
2527 2375 2640 2436 τοῖς
2670 2374 2927 2445 ἀνωτέρω
2973 2375 3245 2447 διαφόρως
3286 2377 3633 2430 ἐπεδείκνυτο
3685 2377 3787 2430 Ἰσ-

2205 2463 2362 2533 ραὴλ,
2392 2466 2450 2516 ού
2501 2465 2560 2518 τὸ
2604 2466 2758 2533 γένος
2809 2467 2918 2521 τῶν
2981 2468 3250 2521 Ἰουδαίων
3290 2470 3571 2540 ὑπάρχων,
3610 2469 3724 2523 ἀλλ’
3756 2470 3786 2522 ό

2203 2553 2410 2604 τοιόσδε
2439 2557 2537 2623 τῆς
2555 2554 2863 2620 θεοσεϐείας
2885 2558 3103 2628 τρόποις
3121 2561 3136 2626 (
3151 2559 3249 2626 I2)°
3265 2561 3346 2612 οὐ
3369 2560 3476 2628 γὰρ
3492 2559 3714 2625 πάντες
3730 2562 3784 2612 ol

2202 2641 2271 2705 ἐξ
2300 2643 2564 2710 Ἰσραὴλ.
2585 2640 2750 2698 οὗτοι
2783 2646 3050 2713 Ἰσραή.1’
3077 2648 3218 2700 οὐδὲ
3235 2650 3269 2715 ὴ
3285 2649 3354 2700 ἐν
3371 2649 3448 2714 τῷ
3463 2649 3697 2718 φανερῷ
3716 2650 3786 2701 ἐν

2202 2734 2383 2800 σαρκὶ
2416 2735 2722 2803 περιτομὴ,
2765 2737 2906 2789 κατά
2934 2738 3377 2800 τδνἊπόστολον,
3408 2739 3546 2791 ἀλλ’
3572 2742 3603 2791 ό
3619 2740 3686 2791 ἐν
3708 2739 3788 2805 τῷ

2203 2822 2446 2890 κρυπτῷ
2475 2823 2764 2890 Ἰουδαῖος
2784 2868 2798 2890 ,
2830 2827 2924 2900 καί
2947 2827 3230 2895 πεμτομὴ
3251 2827 3497 2896 καρδίας
3514 2831 3584 2881 οὐ
3606 2828 3786 2898 γράμ-

2196 2931 2335 2982 ματ(
2351 2913 2511 2967 ἀλλὰ
2527 2916 2831 2982 πνεύματι·
2847 2913 2919 2972 οὗ
2935 2921 2966 2970 ό
2978 2917 3226 2981 ἔπαινος
3236 2920 3345 2970 οὐκ
3363 2918 3431 2982 ἐξ
3443 2918 3785 2988 ἀνθρώπων,

2203 3003 2339 3056 ἀλλ’
2359 3005 2427 3056 ἐκ
2451 3003 2557 3057 τοῦ
2578 3006 2745 3058 Θεοῦ·
2773 3005 2865 3060 καὶ
2892 3007 3039 3076 ἡμᾶς
3054 3003 3147 3059 οὖν
3178 3008 3304 3070 τοὺς
3326 3007 3384 3071 ἐξ
3412 3008 3577 3060 ἐθνῶν
3608 3010 3789 3078 (ήμεῖς

527 3099 638 3156 Nos
690 3119 903 3174 quoque
953 3110 1118 3178 igitur
1147 3113 1238 3181 qui
1287 3127 1353 3168 ex
1396 3117 1632 3172 ethnicis
1683 3121 1933 3174 venimus
1979 3127 2100 3190 (nos

2204 3096 2310 3165 γάρ
2349 3097 2516 3166 ἐσμεν
2553 3099 2585 3168 ἡ
2637 3099 2906 3168 περιτομὴ
2941 3100 3034 3151 καὶ
3068 3099 3319 3170 ἀληθινὸς
3376 3099 3638 3170 Ἰσραήλ),
3671 3100 3790 3152 ελυ-

527 3193 671 3248 enim
718 3211 907 3268 reapse
963 3200 1309 3258 circumcisio
1359 3221 1547 3262 sumus
1595 3224 1863 3279 verusque
1915 3213 2099 3283 Israel)

2207 3186 2456 3257 τρώσατο
2486 3190 2550 3241 ἐκ
2587 3188 2696 3242 τῶν
2730 3190 2940 3259 ἐχθρῶν
2985 3192 3140 3262 ἡμῶν
3194 3191 3394 3262 μᾶλλον
3433 3192 3464 3262 ἦ
3511 3192 3787 3256 ἐκείνουςο

532 3306 650 3356 nos,
681 3293 900 3362 inquatn
928 3336 944 3359 ,
974 3299 1156 3365 potius
1187 3315 1251 3355 ex
1287 3301 1520 3358 inimicis
1553 3305 1817 3371 liberavit,
1850 3324 2010 3378 quam
2040 3311 2106 3364 il-

531 3381 632 3438 los.
669 3385 880 3441 Etenim
934 3389 1008 3442 illi
1037 3406 1100 3444 ex
1150 3392 1384 3463 Egypto
1424 3397 1788 3460 discedentes.
1819 3415 2108 3468 corporeos

531 3475 784 3546 fugerunt
813 3491 1092 3550 tyrannos.
1110 3483 1495 3541 Verumtamen
1523 3491 1706 3557 pravis
1735 3493 1974 3547 moribus
1997 3495 2108 3548 ani-

531 3587 648 3624 mm
677 3589 802 3627 snas
835 3573 1140 3632 inﬁcientes
1163 3618 1179 3643 ,
1205 3580 1582 3634 occubuerunt
1614 3582 1664 3636 in
1698 3583 1912 3638 deserto
1947 3586 2108 3642 idolo-

531 3659 703 3713 latrizc
734 3662 920 3720 dediti.
948 3662 1058 3718 Nos
1085 3676 1266 3720 autem
1305 3681 1489 3721 revera
1542 3671 1772 3724 redemit
1802 3674 1868 3728 de
1911 3677 2107 3732 anima:

529 3763 728 3802 nosme
779 3750 1026 3808 hostibus
1051 3796 1066 3819 ,
1104 3770 1422 3826 memorque
1473 3762 1642 3813 nostri
1679 3763 1855 3832 magis
1914 3767 2013 3820 fuit
2048 3768 2102 3821 in

530 3840 830 3897 humilitate
883 3854 1070 3899 nostra
1122 3862 1283 3914 quam
1323 3849 1559 3908 illorum.
1596 3851 1843 3923 Namque
1879 3855 1952 3908 illi
1985 3858 2106 3925 qni-

531 3927 654 3983 dem
685 3946 912 4000 corpore
943 3936 1250 3991 serviebant
1279 3937 1566 4009 Egyptiis.
1601 3955 1798 3998 nostrae
1829 3961 1960 4001 vero
1989 3949 2106 4002 ani-

535 4035 635 4074 mae
663 4020 895 4077 ludibrio
920 4035 1078 4079 erant
1105 4027 1462 4095 daemonibus,
1497 4041 1552 4085 et
1582 4034 1681 4086 sub
1716 4035 1872 4089 tnalis
1901 4039 2106 4108 spiriti-

532 4109 633 4168 bus
665 4113 934 4170 humiliati
965 4132 1199 4175 eramus.
1237 4118 1410 4175 Tanta
1443 4137 1572 4176 vero
1602 4136 1685 4177 est
1737 4126 2104 4183 misericordia

532 4201 648 4267 Dei,
684 4215 865 4260 utnon
898 4209 1073 4262 solum
1102 4210 1310 4279 piorum
1347 4228 1532 4267 curam
1564 4227 1736 4284 gerat,
1772 4229 1823 4270 et
1852 4219 1953 4273 sibi
1979 4236 2104 4289 pro-

532 4295 916 4366 pinquantibus
951 4302 1225 4368 consulat,
1269 4317 1456 4358 verum
1487 4307 1652 4360 etiam
1680 4317 1966 4366 terrestres
1988 4327 2106 4366 om-

531 4404 628 4444 nes
655 4391 993 4458 providentia
1021 4407 1118 4447 sua
1154 4397 1575 4464 complectatur,
1611 4416 1786 4471 neque
1814 4404 2104 4459 rationales

532 4480 704 4534 solum
735 4485 830 4536 sed
879 4486 1046 4538 etiam
1102 4487 1448 4544 irrationales
1476 4530 1492 4555 ,
1521 4493 1841 4563 cunctisque
1869 4497 1922 4549 in
1959 4507 2101 4550 terra
2134 4525 2183 4585 υ

533 4571 789 4627 alimenta
835 4577 1200 4634 animantibus
1248 4580 1524 4650 praebeat,
1574 4584 1864 4660 unicuique
1918 4589 2104 4658 generi

534 4663 750 4729 idonea,
798 4673 855 4720 et
891 4667 1014 4719 vita:
1063 4671 1372 4725 necessaria
1400 4674 1706 4744 suppeditet
1739 4690 1756 4729 :
1796 4685 1851 4730 et
1885 4693 1983 4731 nos
2012 4677 2108 4731 de-

531 4769 678 4808 mum
717 4756 768 4808 in
801 4756 967 4812 cados
1004 4759 1126 4812 hinc
1156 4761 1471 4816 transferat.
1521 4765 1887 4831 Quamobrem
1925 4784 2108 4821 serum

532 4845 832 4902 Psalniista:
859 4861 1137 4919 postquam
1160 4855 1314 4919 dixit,
1345 4852 1451 4920 Qui
1472 4856 1565 4909 dat
1593 4873 1767 4911 escam
1791 4860 1936 4911 omni
1959 4860 2106 4912 carni

534 4953 635 4993 nos
669 4940 720 4992 in
765 4941 962 4994 caelum
1016 4945 1369 5012 transmittit,
1421 4961 1610 5001 rursus
1652 4949 1842 5004 dicens
1877 4967 1890 5002 :
1923 4948 2098 5010 Con/i-

533 5033 714 5086 temini
749 5031 879 5098 Deo,
909 5037 1045 5102 caeli,
1077 5039 1324 5108 quoniam
1353 5041 1408 5093 in
1447 5051 1704 5094 internum
1747 5041 2107 5096 misericordia

529 5123 666 5195 ejus.

986 5217 1304 5278 PSALMUS
1353 5220 1638 5276 CXXXVI.

595 5309 757 5366 Caret
806 5311 896 5366 hic
947 5314 1188 5384 psalmus
1245 5315 1405 5369 titulo
1459 5316 1602 5384 apud
1651 5313 1939 5386 Hebraeos;
1977 5335 2098 5374 nam

603 5494 651 5528 “
681 5495 839 5552 Rom.
868 5514 944 5562 Ix,
969 5497 1021 5553 6.
1101 5497 1146 5529 δ’
1187 5498 1345 5552 Itoni.
1373 5515 1435 5565 ιι,
1465 5499 1558 5566 28,
1599 5497 1688 5553 29.

602 5637 937 5708 (|I)Recole
964 5639 1186 5692 omnino
1218 5641 1472 5694 adnotata
1507 5653 1536 5692 α
1574 5639 1733 5696 nobis
1768 5642 1820 5695 in
1857 5652 2091 5697 tractatu

530 5707 806 5779 Cyrilli
860 5708 932 5779 De
990 5708 1160 5762 Maria
1194 5711 1436 5778 deipara,
1486 5725 1605 5779 cap.
1654 5711 1710 5775 5,
1758 5713 1825 5766 de
1873 5713 2100 5767 Domino

526 5777 679 5841 Jesu,
724 5794 821 5848 pro
869 5777 1055 5844 Josue,
1088 5777 1398 5836 exeuntium
1449 5777 1682 5852 Aigypto
1728 5781 2098 5838 Israelitarum

2207 3282 2256 3332 οί
2294 3281 2390 3350 μὲν
2419 3280 2528 3352 γάρ
2562 3280 2620 3345 ἐξ
2651 3283 2926 3350 Αἰγύπτου
2973 3284 3342 3355 προελθόντες,
3379 3287 3505 3348 τοὺς
3553 3302 3791 3355 σωματι-

2209 3372 2336 3434 κοὺς
2381 3371 2639 3440 ἐξέφυγον
2696 3375 3026 3444 τυράννους·
3083 3378 3411 3446 ἐπαγόμενοι
3455 3377 3511 3430 δὲ
3564 3381 3621 3430 ἐν
3670 3381 3792 3442 ταῖς

2207 3461 2414 3514 ἑαυτῶν
2446 3462 2645 3532 ψυχαῖς
2666 3466 2791 3526 τοὺς
2819 3465 3034 3527 ἀσεϐεῖς
3064 3467 3319 3536 τρόπους,
3347 3467 3701 3520 πεπτώκασιν
3731 3470 3790 3521 ἐν

2207 3556 2271 3624 τῇ
2310 3555 2500 3624 ἐρήμῳ
2526 3555 3100 3627 είδωλολατρήσαντες.
3147 3559 3323 3628 Ἦμᾶς
3346 3559 3401 3612 δὲ
3427 3559 3640 3630 ἀληθῶς
3673 3559 3794 3612 ἐλυ·

2205 3644 2452 3715 τρώσατο
2509 3647 2574 3699 ἐκ
2625 3647 2733 3701 τῶν
2796 3651 2895 3717 τῆς
2963 3649 3142 3719 ψυχῆς
3197 3650 3353 3720 ἡμῶν
3413 3650 3644 3722 ἐχθρῶν,
3698 3652 3794 3704 καὶ

2207 3737 2449 3808 ἐμνήσθη
2499 3738 2656 3809 ήμῶν
2706 3741 2764 3791 ἐν
2805 3741 2871 3809 τῇ
2920 3740 3249 3793 ταπεινώσει
3294 3741 3451 3811 ἡμῶν
3504 3741 3702 3811 μᾶλλον
3756 3742 3791 3813 ἢ

2205 3829 2432 3882 ἐκείνων
2456 3846 2469 3858 ·
2505 3831 2556 3882 ot
2596 3830 2694 3900 μὲν
2738 3830 2848 3900 γὰρ
2890 3830 3136 3901 σώμασιν
3168 3833 3447 3886 ἐδούλευον
3481 3839 3594 3897 τοῖς
3623 3836 3791 3902 Λίγυ-

2206 3920 2405 3982 πτίοις,
2433 3920 2594 3989 ἡμεῖς
2637 3918 2694 3972 δὲ
2728 3924 2848 3983 ταῖς
2877 3920 3078 3991 ψυχαῖς
3113 3923 3305 3986 αὑταῖς
3348 3923 3618 3994 δαιμόνων
3652 3921 3793 3996 ἦμεν

2206 4011 2452 4080 παίγνια,
2487 4013 2583 4065 καὶ
2623 4011 2728 4064 ὑπὸ
2754 4015 2869 4076 τοῖς
2904 4019 3158 4086 πονηροῖς
3198 4016 3505 4086 πνεύμασιν
3544 4012 3684 4087 ἦμεν
3715 4033 3796 4069 τεο

2205 4105 2617 4175 ταπεινωμένοι.
2659 4103 2922 4159 Τοσοῦτον
2954 4107 3012 4160 δέ
3055 4110 3170 4160 ἐστι
3215 4108 3276 4160 τὸ
3317 4108 3464 4172 ἔλεος
3497 4109 3591 4161 τοῦ
3631 4108 3791 4172 Θεοῦ,

2203 4194 2281 4258 ὡς
2311 4196 2384 4268 μὴ
2429 4197 2588 4265 μόνον
2621 4195 2878 4267 κήδεσθαι.
2914 4198 3023 4250 τῶν
3059 4198 3349 4261 θεοσεὸῶν,
3381 4201 3475 4252 καὶ
3506 4202 3613 4253 τῶν
3644 4200 3794 4270 αύτῷ

2204 4287 2617 4358 πλησιαζόντων
2664 4288 2994 4357 φροντίζειν,
3045 4289 3181 4343 ἀλλά
3230 4292 3322 4344 καὶ
3373 4292 3590 4347 πάντων
3644 4293 3795 4359 ἅπαξ

2203 4379 2392 4442 ἁπλῶς
2429 4380 2538 4434 τῶν
2573 4381 2667 4433 ἐπὶ
2700 4382 2803 4450 γῆς
2842 4381 2940 4451 τὴν
2975 4382 3230 4452 πρόνοιαν
3267 4385 3557 4448 ποιεῖσθαι,
3594 4387 3688 4442 καὶ
3729 4388 3791 4439 ού

2205 4470 2441 4539 λογικῶν
2492 4454 2668 4542 μόνων
2723 4471 2860 4525 ἀλλά
2904 4475 2996 4526 καὶ
3043 4473 3273 4542 ἀλόγων,
3326 4477 3403 4540 ὠς
3443 4479 3795 4550 ἐπιχορηγεῖν

2206 4562 2414 4632 τροφὰς
2443 4565 2576 4616 πᾶσι
2602 4565 2715 4627 τοῖς
2750 4565 2844 4617 ἐπὶ
2873 4566 2974 4636 γῆς
3008 4565 3193 4632 ζώοις,
3221 4567 3434 4637 ἑκάστῳ
3464 4586 3523 4621 τε
3550 4570 3694 4637 γένει
3724 4569 3794 4623 τὰ

2207 4655 2513 4726 πρόσφορα,
2563 4657 2655 4709 καὶ
2705 4657 2771 4710 τὰ
2824 4658 3133 4729 κατάλληλα
3181 4660 3318 4731 πρὸς
3364 4664 3464 4731 τὴν
3499 4662 3641 4732 ζωὴν
3690 4661 3792 4715 δω-

2213 4745 2456 4817 ρεῖσθαι,
2499 4748 2750 4803 ἐντεῦθέν
2808 4767 2867 4802 τε
2925 4750 3086 4804 πάλιν
3142 4752 3223 4815 είς
3274 4753 3504 4824 οὐρανὸν
3562 4753 3789 4824 διήκειν.

2208 4837 2410 4910 Διόπερ
2456 4839 2663 4909 δλόγος
2710 4842 2846 4912 μετά
2891 4843 2949 4895 τὸ
2994 4843 3183 4911 φάναι,
3224 4845 3286 4897 '0
3320 4845 3525 4911 διδοὺς
3563 4845 3795 4914 τροφὴν

2211 4928 2380 5000 πάσῃ
2425 4934 2636 5001 σαρκὶ,
2672 4935 2984 5005 ἀναπέμπει
3029 4937 3178 5006 ἡμᾶς
3226 4939 3304 5000 είς
3345 4937 3606 5008 οὐρανὸν,
3641 4933 3794 5000 αὖθις

2213 5018 2418 5089 λέγων’
2454 5023 2945 5095 Ἐξομολογεῖσθε
2977 5026 3058 5091 τῷ
3090 5025 3217 5091 Θεῷ
3259 5028 3366 5082 τοῦ
3400 5029 3682 5096 οὐρανοῦ,
3704 5028 3792 5082 ὅτι

2207 5115 2299 5179 εις
2315 5114 2422 5166 τὸν
2434 5114 2619 5168 αἰῶνα
2637 5117 2702 5170 τὸ
2720 5119 2891 5184 ἕλεος
2907 5135 2946 5171 a
2957 5119 3118 5174 ὺτοῦ.

2738 5211 3032 5266 mmo}:
3076 5212 3258 5278 P.\f,".

2292 5299 2353 5352 '0
2403 5301 2594 5373 παρὼν
2648 5303 2896 5375 ψαλμδς,
2947 5305 3320 5376 ἀνεπίγραφος
3375 5306 3612 5376 ὑπάρχει
3665 5306 3792 5376 παρ’

2207 5640 2366 5697 duce.
2397 5638 2532 5694 Nam
2591 5649 2648 5695 et
2712 5639 2978 5694 Eusebius
3043 5639 3364 5710 conspirare
3426 5653 3549 5694 cum
3608 5634 3794 5711 Cyrilli

2207 5711 2552 5779 aliormnqne
2583 5711 2856 5765 sententia
2890 5711 3123 5766 videtur.

2281 5782 2397 5854 (ιε)
2431 5782 2567 5837 Cod.
2597 5781 2820 5852 τρόπος.
