4138 6404
321 401 389 459 3'7
1446 395 1952 455 COMMENTARIA
1989 394 2056 451 IN
2096 394 2436 453 PSALMOS.
3517 391 3586 446 58

332 520 623 593 Ἑϐραίοις,
670 520 764 573 καὶ
809 519 932 573 οὔτε
968 519 1110 583 τίνος
1152 520 1269 573 ἐστὶ
1297 520 1736 591 προγέγραπται,
1784 516 1908 570 οὔτε

2018 527 2191 582 neque
2222 514 2337 583 cjns
2365 527 2554 570 auctor
2600 514 2931 577 inscribitur,
2974 525 3148 581 neque
3175 511 3329 577 cuius
3364 512 3584 580 generis

325 613 480 666 ποίου
508 612 760 681 τυγχάνει
788 611 992 674 εἴδους·
1033 612 1146 665 ἀλλ’
1177 612 1292 665 ἐστι
1332 612 1460 682 ψιλὴ
1494 611 1798 682 προφητεία
1838 614 1902 663 ἐκ

324 704 615 777 προσώπου
660 704 769 758 τῶν
816 706 872 757 ἐν
916 704 1195 758 Βαϐυλῶνι
1242 705 1550 775 γενομένων
1598 704 1898 774 λεγομένη·

327 797 419 849 καὶ
445 796 604 849 τοῦτο
628 796 683 849 δὲ
712 796 1008 867 σημειώσει
1037 797 1112 861 ὡς
1141 797 1197 849 ἕν
1225 814 1364 849 τισιν
1391 797 1498 849 τῶν
1527 796 1901 867 ἀντιγράφων,

328 888 469 941 κατά
498 888 1055 961 τοὺςἘϐδομήκοντα,
1088 891 1487 962 ἐπιγέγραπται
1525 890 1777 958 Ἀγγαίου
1812 888 1905 943 καὶ

330 980 619 1051 Ζαχαρίου.

328 1070 633 1141 Μακάριος
677 1071 745 1138 ὃς
796 1070 1207 1175 ἀνταποδώσεξ
1253 1088 1351 1126 σοι
1408 1071 1474 1125 τὸ
1520 1069 1905 1140 ἀνταπόδομά

1053 1158 1193 1195 σουλ

409 1232 467 1285 '0
518 1233 865 1304 μακαρισμὸς
911 1235 991 1296 εἰς
1046 1233 1286 1296 ἐκείνους
1340 1233 1728 1303 περιστήσεται
1779 1232 1906 1295 τοὺς

328 1324 679 1388 ἀποδιδόντας
724 1326 792 1377 τά
826 1326 1086 1395 ἀμοιϐαῖα
1127 1329 1193 1397 τῇ
1240 1309 1538 1387 Βαϐυλῶνι,
1570 1325 1663 1377 καὶ
1704 1324 1795 1377 τὸν
1838 1324 1906 1378 τὰ

328 1419 498 1489 νήπια
516 1418 694 1472 αὐτῶν
711 1419 1162 1490 προσαράσσοντα
1183 1421 1248 1488 τῇ
1271 1416 1445 1488 πέτρᾳ
1468 1416 1563 1470 καλ⁴
1579 1415 1905 1483 ἀναιροῦντα

331 1508 472 1561 αὐτά
490 1526 502 1539 ο
540 1511 634 1562 καὶ
662 1510 769 1581 γὰρ
797 1508 876 1578 τῷ
910 1509 1021 1561 ὄντι
1039 1550 1052 1573 ,
1075 1509 1137 1562 τὸ
1167 1509 1265 1579 μὲν
1298 1506 1513 1579 πρῶτον
1548 1508 1814 1579 μακάριον
1838 1502 1906 1578 ἦν

329 1600 390 1652 τὸ
443 1602 516 1672 μὴ
562 1601 856 1653 Θεάσασθαί
901 1618 1028 1653 ποτε
1058 1602 1156 1670 τήν
1196 1599 1519 1665 Βαϐυλῶνα,
1557 1599 1689 1669 μηδέ
1738 1601 1794 1651 ἐν
1838 1600 1904 1669 τῇ

333 1692 590 1762 συγχύσει
632 1693 882 1761 γενέσθαι
923 1693 1031 1746 τῶν
1076 1692 1278 1763 ταύτης
1313 1692 1534 1746 κακῶν
1583 1694 1631 1744 εί
1666 1692 1722 1744 δέ
1762 1691 1908 1756 ἅπαξ

327 1798 415 1844 τις
440 1782 651 1849 γένοιτο
685 1784 741 1835 ἐν
775 1783 910 1853 αὐτῇ
943 1781 1234 1835 ἀποπεσὼν
1263 1783 1372 1834 τῶν
1406 1781 1749 1851 κρειττόνων,
1800 1798 1906 1850 μα-

2004 620 2224 660 carmen
2260 608 2367 672 sit,
2401 608 2622 665 dicitur.
2676 608 2851 662 Porro
2878 616 2962 660 est
2996 605 3223 672 simplex
3258 606 3540 672 prophetia
3569 641 3588 670 ,

2004 714 2125 759 qua;
2199 701 2456 753 recitatur
2494 716 2557 754 cx
2623 702 2960 768 captivorum
3012 696 3285 766 Babylone
3336 708 3588 762 persona.

2007 790 2138 857 Ejus
2178 790 2256 843 rei
2301 791 2560 843 indicium
2585 800 2687 853 est,
2717 790 2863 859 quod
2902 789 2954 841 in
2992 787 3199 854 aliquot
3239 783 3587 853 Septuaginta

2006 882 2368 951 interpretum
2431 882 2834 952 exetiiplaribus
2890 880 3210 934 inscribitur
3280 879 3480 946 Aggwo
3534 885 3590 928 et

2008 972 2306 1026 Zacharim.

2043 1066 2209 1121 Vens.
2246 1066 2299 1120 8.
2350 1063 2548 1118 Beatus
2582 1065 2671 1135 qui
2721 1065 2973 1170 retrib'nel
3020 1062 3115 1115 tibi
3161 1061 3553 1115 retributionem

2706 1145 2847 1170 111119»)

2704 1145 2849 1186 luant
2877 1145 2890 1187 .'

2077 1228 2363 1283 Beatitudo
2410 1226 2516 1281 illis
2547 1235 2847 1296 reputatur,
2896 1225 2986 1294 qui
3021 1224 3277 1279 talionem
3329 1222 3586 1293 Babyloni

2010 1322 2253 1385 reddent,
2280 1329 2332 1373 et
2362 1320 2451 1388 qui
2483 1318 2735 1388 parvulos
2758 1317 2874 1385 cjtts
2904 1327 3067 1386 petra:
3092 1316 3261 1370 illisos
3290 1318 3584 1369 necabunt.

2013 1413 2220 1467 Revera
2280 1413 2424 1465 enim
2477 1412 2530 1463 in
2567 1409 2756 1479 primis
2813 1410 3026 1461 beatum
3076 1408 3263 1461 fuisset
3316 1422 3587 1474 nunquam

2009 1519 2234 1558 cernere
2263 1501 2593 1573 Babylonem
2624 1540 2639 1565 ,
2676 1514 2851 1569 neque
2882 1501 2934 1552 in
2966 1498 3228 1551 malorum
3263 1497 3379 1564 ejus
3419 1496 3592 1549 collu-

2009 1598 2095 1651 vie
2126 1596 2356 1651 versari.
2395 1592 2501 1647 Sed
2541 1600 2828 1661 postquam
2874 1590 3069 1658 aliquis
3097 1572 3461 1658 prosperitate.
3496 1588 3591 1641 de-

2003 1688 2180 1757 jectus
2208 1728 2222 1753 ,
2252 1685 2357 1739 illic
2383 1683 2719 1745 exstitisset,
2756 1681 2944 1735 beatus
2973 1694 3104 1733 sane
3137 1685 3504 1745 reputaretur,
3542 1674 3587 1729 si

2009 1792 2130 1846 quae
2154 1790 2347 1845 passus
2379 1786 2523 1829 esset
2550 1811 2564 1835 ,
2604 1770 2832 1825 invicem
2869 1769 3190 1823 retribueret
3215 1806 3231 1830 ,
3263 1777 3320 1821 et
3352 1764 3590 1835 Babylo-

330 1874 519 1945 κάριος
547 1874 611 1928 ἂν
658 1874 742 1946 εἴη
776 1877 823 1927 εἰ
863 1874 897 1928 ἃ
940 1874 1204 1928 πέπονθεν
1260 1875 1555 1945 ποιήσειεν,
1598 1873 1690 1925 καὶ
1734 1874 1910 1924 ἀνται-

2018 1870 2132 1923 nios
2187 1867 2429 1921 vicissim
2466 1867 2966 1935 captivatel,atque
3002 1863 3145 1929 ipsas
3168 1858 3590 1927 Babyloniormn

330 1966 738 2039 χμαλωτήσειεν
763 1970 888 2031 τοὺς
923 1967 1312 2031 Βαϐυλωνίους,
1349 1967 1442 2019 καὶ
1472 1966 1641 2029 αὑτὰς
1670 1964 1767 2028 τὰς
1802 1964 1907 2017 τῶν

332 2059 687 2112 Βαϐυλωνίων
716 2059 893 2129 ψυχάς
930 2060 1229 2130 μεταγάγοι
1263 2058 1355 2111 ἐπὶ
1386 2057 1477 2110 τόν
1512 2057 1605 2110 106
1649 2056 1782 2109 Θεοῦ
1816 2056 1910 2125 φό-

332 2150 445 2204 ϐον.
488 2152 551 2204 Εἰ
593 2151 647 2203 δὲ
696 2152 788 2204 καὶ
834 2152 903 2204 τά
955 2152 1125 2221 νήπια
1169 2132 1349 2203 αὐτῶν
1387 2149 1461 2220 μὴ
1504 2150 1909 2219 συγχωρήσειεν

331 2242 584 2313 αὐξῆσαι,
617 2242 754 2295 ἀλλὰ
802 2242 1140 2312 συντρίψειεν
1183 2242 1320 2311 πρὸς
1356 2242 1422 2311 τῇ
1461 2227 1662 2310 πέτρᾳ,
1701 2238 1908 2292 πολλῶν

331 2333 397 2387 ἂν
433 2335 643 2402 γένοιτο
685 2333 1116 2405 μακαριώτερος.
1158 2332 1479 2394 Βαϐυλῶνος
1521 2331 1580 2383 δὲ
1628 2332 1794 2403 νήπια
1844 2330 1911 2385 τὰ

334 2421 626 2493 σπέρματα
664 2424 766 2493 τῆς
810 2423 1026 2486 κακίας,
1065 2424 1158 2475 καὶ
1188 2421 1283 2485 τὰς
1310 2420 1485 2492 ἀρχὰς
1516 2420 1623 2473 τῶν
1660 2437 1913 2490 συγχυτι-

334 2515 446 2568 κῶν
507 2516 941 2587 ἁμαρτημάτων,
981 2516 1081 2568 οὐκ
1142 2515 1206 2567 ἂν
1246 2515 1515 2586 ἁμάρτοις
1552 2512 1752 2566 εἰπών·
1779 2512 1814 2565 ἂ
1847 2512 1911 2583 δὴ

333 2606 409 2677 τῷ
444 2607 586 2677 λόγῳ
616 2606 693 2677 τῷ
734 2605 983 2677 σωτηρίῳ
1023 2606 1076 2676 (ή
1114 2606 1288 2676 πέτρα
1333 2606 1442 2676 γὰρ
1482 2601 1549 2676 ἦν
1588 2607 1615 2657 ὁ
1660 2603 1911 2676 Χριστὸς)

333 2702 579 2771 ἀναιρεῖν
618 2699 754 2769 πρὸς
787 2699 847 2751 τὸ
897 2698 971 2770 μὴ
997 2698 1181 2764 αὔξειν
1205 2740 1218 2764 ,
1250 2698 1387 2768 μηδὲ
1420 2699 1499 2760 είς
1541 2696 1678 2768 ἔργα
1712 2698 1913 2769 προέρ-

333 2792 521 2864 χεσθαι
558 2790 848 2845 σπουδάσει
880 2793 908 2844 ὁ
942 2793 997 2843 ἐν
1029 2791 1239 2855 τούτοις
1279 2788 1733 2861 μακαριζόμενος.

881 2884 1171 2937 ΨΑΛΜΟΣ
1199 2883 1367 2936 ΡΛΖ’.

347 2975 898 3047 Ἐξομολογήσομαί
923 2990 1041 3040 σοι,
1074 2975 1269 3042 Κύριε,
1296 2974 1364 3027 ἐν
1392 2973 1505 3041 ὅλῃ
1532 2971 1744 3040 καρδίᾳ
1771 2989 1911 3041 μου.

409 3134 618 3203 ’Ὠσπερ
645 3135 673 3186 ό
700 3131 903 3194 τέλειος
935 3130 994 3194 ἐξ
1024 3130 1151 3199 ὅλης
1176 3128 1357 3199 ψυχῆς
1390 3128 1485 3180 καὶ
1510 3127 1791 3198 δυνάμεως
1820 3127 1913 3179 καὶ

2010 1966 2220 2019 animas
2250 1962 2314 2015 ad
2352 1960 2443 2015 Dei
2480 1962 2729 2014 timorem
2765 1953 3111 2010 transferret.
3144 1951 3297 2018 Quod
3324 1952 3369 2004 si
3395 1960 3448 2003 et
3475 1949 3593 2007 illoe-

2013 2071 2130 2109 rum
2160 2052 2423 2124 parvulos
2458 2053 2601 2106 haud
2630 2049 2818 2104 siverit
2844 2045 3157 2100 adolescere
3189 2084 3202 2107 ,
3241 2020 3335 2097 sea
3366 2042 3592 2095 illiserit

2014 2158 2201 2218 petrae,
2240 2145 2410 2200 multo
2453 2145 2559 2199 erit
2592 2143 2821 2198 felicior.
2847 2138 2964 2194 Jam
2995 2154 3123 2193 vero
3148 2137 3440 2208 Babylonis
3468 2151 3595 2203 par-

2011 2242 2191 2305 vulos,
2222 2249 2368 2293 recte
2398 2237 2663 2307 intelliges
2694 2235 2949 2305 nequitiae
2980 2232 3209 2295 semina,
3237 2240 3290 2284 et
3317 2230 3590 2282 variormn

2012 2326 2373 2395 scaturigines
2402 2336 2784 2395 peccatorum,
2823 2338 2943 2391 quae
2992 2320 3303 2375 Servatoris
3329 2317 3595 2371 doctrinis

2015 2415 2161 2483 (nam
2211 2425 2360 2484 petra
2414 2423 2497 2467 est
2527 2412 2802 2481 Christus)
2842 2411 3092 2465 occidere
3120 2450 3134 2471 ,
3167 2422 3232 2462 ne
3282 2407 3597 2461 adolescant

2014 2513 2176 2570 atque
2208 2502 2260 2555 in
2289 2513 2473 2554 actum
2522 2510 2815 2571 erumpant
2837 2539 2854 2567 ,
2886 2499 3102 2554 curabit
3133 2497 3179 2552 is
3222 2500 3312 2565 qui
3342 2498 3444 2551 hoc
3475 2495 3597 2551 loco

2015 2594 2206 2648 beatus
2233 2593 2580 2663 pratdicatur.

2470 2854 2791 2911 PSALMUS
2829 2851 3137 2909 CXXXVII.

2053 2950 2218 3005 Vsus.
2266 2949 2318 3003 1.
2365 2947 2667 3015 Conﬁtebor
2700 2948 2824 3009 tibi,
2864 2945 3126 3010 Domine,
3168 2942 3221 2997 in
3266 2950 3374 2995 toto
3409 2941 3568 2996 corde

2743 3034 2880 3070 meo.
3496 3050 3501 3055 ,

2092 3110 2269 3165 Sicuti
2299 3108 2572 3179 perfectus
2610 3108 2776 3162 homo
2796 3146 2812 3172 ,
2844 3107 3006 3159 Deum
3035 3111 3142 3157 tota
3170 3104 3373 3168 anima,
3398 3100 3600 3166 nervis,

343 3226 525 3297 ἰσχύος
552 3192 741 3295 ἀγαπᾷ
769 3224 859 3277 τὸν
884 3192 1035 3286 Θεδν,
1066 3192 1397 3275 ούνδίασπῶν
1421 3221 1519 3284 τὰς
1543 3192 1799 3290 δυνάμεις
1821 3220 1917 3289 τῆς

2022 3218 2086 3258 ac
2116 3203 2321 3256 viribus
2356 3209 2543 3264 amat,
2577 3200 2716 3254 haud
2746 3196 2995 3265 equidem
3029 3194 3232 3248 amoris
3259 3194 3342 3246 sui
3381 3192 3606 3246 faculta-

343 3318 536 3373 ἑαυτοῦ
585 3318 802 3387 ἀγάπης
848 3317 975 3386 περὶ
1012 3314 1137 3369 ἄλλο
1168 3332 1245 3379 τι,
1285 3312 1398 3365 ἀλλ’
1433 3311 1569 3375 ὅλως
1606 3309 1918 3382 ἀνηρτημέ-

340 3430 431 3475 νος
467 3411 627 3483 μόνου
665 3408 759 3462 106
789 3407 945 3473 Θεοῦ,
975 3406 1147 3470 οὕτως
1186 3407 1279 3459 καὶ
1306 3407 1467 3469 αὐτὸς
1499 3406 1556 3457 ἐν
1588 3406 1687 3476 ὅλη
1724 3403 1920 3474 καρδία

339 3506 737 3578 ὲξομολογεῖται
790 3502 1125 3574 εὐχαριστῶν
1174 3499 1253 3571 τῷ
1299 3498 1438 3569 Θεῷ.
1486 3498 1716 3568 Θαρσῶν
1762 3497 1817 3549 δὲ
1854 3499 1919 3566 τῇ

337 3596 561 3666 τοιαύτῃ
596 3592 761 3647 αὑτοῦ
797 3591 1108 3663 παρρησία,
1134 3589 1227 3642 καὶ
1274 3586 1451 3651 εἰδὼς,
1486 3587 1567 3639 ὃτι
1597 3586 1653 3638 ἐν
1703 3582 1922 3654 μεγάλῳ

340 3692 553 3762 θεάτρῳ
594 3688 671 3758 τῷ
714 3686 823 3739 τῶν
866 3683 1163 3756 ἀνθρώπων
1198 3681 1318 3752 βίῳ,
1356 3679 1515 3733 θείων
1549 3676 1796 3746 ἀγγέλων
1829 3676 1924 3729 καὶ

340 3775 670 3849 λειτουργῶν
712 3774 846 3828 Θεοῦ
891 3769 1230 3843 ἐφορώντων,
1276 3770 1371 3823 κα)¹
1411 3767 1699 3838 θεωμένων
1732 3767 1827 3830 τὰς
1866 3768 1923 3818 ἐν

341 3870 461 3941 Θεῷ
509 3868 790 3941 προκοπὰς
823 3866 1020 3928 αὑτοῦ,
1067 3865 1167 3936 τὴν
1207 3863 1590 3935 προσήκουσαν
1635 3858 1924 3911 ἀποδίδωσι

342 3963 421 4033 τῷ
454 3962 573 4032 Θεῷ
609 3960 890 4030 λατρείαν,
926 3959 1020 4011 καί
1068 3972 1256 4027 φησιν·
1292 3953 1401 4007 Καὶ
1434 3952 1713 4007 ἐναντίον
1756 3949 1927 4022 ἀγγέ-

345 4057 470 4107 λων
495 4050 673 4121 ψαλῶ
698 4067 818 4104 σοι.

496 4140 913 4211 Προσκυνήσω
943 4140 1093 4208 πρὸς
1119 4138 1228 4192 τὸν
1252 4135 1405 4191 ναὸν
1435 4136 1607 4203 ἅγιόν
1632 4152 1768 4190 σου.

417 4238 752 4309 Προσκυνεῖν
803 4232 1197 4303 ἐπαγγέλλεται
1245 4231 1384 4303 πρὸς
1427 4230 1554 4285 ναὸν
1608 4227 1781 4297 ἀγιον,
1829 4226 1929 4298 τὴν

359 4327 684 4400 Ἐκκλησίαν
707 4323 902 4397 δηλῶν,
947 4324 981 4395 ἢ
1031 4323 1131 4395 τὴν
1164 4321 1485 4390 ἐπουράνιον
1553 4316 1926 4388 Ἰερουσαλὴμ,

346 4416 415 4494 ἦς
441 4421 613 4483 τύπος
643 4420 671 4472 ὁ
701 4418 794 4470 ἐπὶ
820 4416 923 4485 γῆς
955 4416 1168 4487 ὑπῆρχε
1201 4412 1328 4476 ναός
1351 4430 1363 4442 ·
1403 4405 1522 4464 εἶτα
1547 4409 1705 4481 χάριν
1739 4408 1929 4494 ὁμολο-

2022 3308 2101 3351 tes
2134 3295 2449 3351 distraltens
2477 3294 2544 3347 ad
2579 3293 2724 3346 aliud
2751 3289 2969 3359 quidvis
2994 3328 3010 3353 ,
3044 3288 3139 3342 sed
3166 3302 3194 3339 a
3225 3286 3337 3341 solo
3372 3286 3481 3339 Deo
3510 3286 3605 3338 de-

2020 3388 2293 3457 pendens;
2345 3386 2426 3439 sic
2477 3392 2534 3438 et
2591 3382 2873 3436 Psaltnista
2930 3388 3040 3433 toto
3090 3377 3253 3457 corde
3287 3378 3600 3438 confitetur,

2020 3454 2226 3549 gratias
2256 3492 2422 3545 agens
2463 3476 2590 3530 Deo.
2618 3472 2754 3527 Tum
2780 3474 2954 3527 elatus
2986 3454 3214 3525 hac'sua
3251 3468 3444 3522 fiducia
3470 3508 3487 3534 ,
3523 3468 3601 3520 vi-

2021 3571 2258 3637 densque
2307 3582 2365 3621 se
2406 3566 2456 3619 in
2508 3579 2700 3634 magno
2737 3565 2984 3616 humana:
3024 3560 3144 3611 vita:
3200 3559 3435 3616 theatro,
3485 3571 3606 3609 nec-

2023 3676 2129 3715 non
2187 3659 2490 3715 cteleStium
2531 3656 2845 3725 angelorum
2878 3693 2894 3717 ,
2928 3652 3020 3721 qui
3069 3649 3240 3718 ipsius
3266 3648 3404 3716 apud
3436 3645 3605 3700 Deum

2024 3749 2325 3822 ptofectum
2361 3757 2647 3818 spectant,
2678 3745 3083 3798 conuenientem
3120 3740 3226 3793 Deo
3258 3738 3449 3791 tribuit
3489 3737 3604 3792 cnl-

2024 3854 2178 3907 tum,
2225 3844 2408 3912 aitque
2444 3858 2458 3896 :
2499 3840 2563 3894 Et
2607 3840 2660 3891 in
2708 3850 2983 3904 conspectu
3023 3833 3331 3904 angelorum
3374 3828 3607 3900 psallam

2024 3936 2139 3989 tibi.

2122 4116 2289 4171 Vens.
2316 4115 2371 4170 2.
2401 4113 2649 4168 Adorabo
2681 4111 2750 4165 ad
2778 4108 3026 4176 templum
3058 4116 3302 4160 sanctum
3336 4113 3503 4157 tuum.

2096 4212 2461 4264 Adoraturum
2498 4222 2559 4261 se
2593 4202 2822 4274 spondet
2851 4200 2904 4253 in
2936 4209 3128 4254 sancto
3159 4194 3390 4263 templo,
3424 4190 3612 4246 Eccle-

2028 4304 2162 4357 siam
2213 4302 2520 4366 dcnotans,
2571 4296 2655 4352 vel
2704 4294 2979 4349 caelestem
3039 4286 3378 4350 Jerusalem,
3454 4285 3609 4353 cujus

2028 4405 2147 4450 erat
2180 4403 2340 4464 typus
2369 4398 2625 4445 terrestre
2664 4385 2941 4454 templum.
2978 4379 3179 4435 Deinde
3212 4376 3438 4447 gratiam
3486 4391 3609 4445 pro-

346 4473 436 4587 ξέτ
465 4473 997 4580 καταξιωθεὶςέλέου
1030 4473 1413 4577 καί-ἀληθείας
1447 4473 1603 4557 6506.
1624 4473 1787 4554 "AVB;
1811 4491 1872 4552 οὗ
1900 4499 1917 4552 οἳ

2034 4491 2237 4551 litetur,
2272 4487 2399 4556 quia
2432 4487 2626 4555 dignus
2656 4483 2727 4536 sit
2772 4481 2991 4534 habitus
3033 4473 3403 4530 misericordia
3431 4479 3485 4523 et
3515 4484 3607 4520 vu-

2065 4583 2075 4587 -
2231 4580 2260 4587 -
2307 4580 2318 4587 .
2388 4578 2424 4587 -
2618 4575 2649 4587 ..
2995 4565 3349 4587 ,χωλῷ--..Μ
3402 4569 3607 4587 “mu

347 4609 667 4679 Σύμμαχος,
701 4603 833 4671 περὶ
862 4601 969 4655 τοῦ
995 4599 1208 4664 ἐλέους
1230 4615 1347 4652 σου
1372 4596 1471 4650 καὶ
1498 4593 1608 4662 τῆς
1642 4591 1929 4659 ἀληθείας

349 4719 488 4765 σου,
541 4700 726 4769 λέγει’
788 4695 966 4766 τυχὼν
1018 4695 1126 4766 γὰρ
1181 4693 1333 4746 ἐλέου
1389 4689 1546 4752 Θεοῦ,
1598 4687 1783 4740 τύπων
1836 4685 1931 4737 καὶ

353 4792 636 4865 συμϐόλων
669 4788 1013 4860 ἀπήλλακται
1035 4826 1049 4851 ,
1083 4788 1139 4839 ἐν
1185 4783 1455 4855 πσεύματι
1488 4781 1545 4834 δὲ
1577 4780 1672 4833 καὶ
1705 4775 1932 4848 ἀληθείᾳ

351 4884 634 4958 λατρεύειν
662 4882 781 4953 Θεῷ
809 4878 1161 4951 κατηξίωται.

363 5055 1068 5137 Ἐξομολογησὰσθωοςάῖ
1095 5069 1195 5133 σοι
1215 5094 1228 5117 ,
1261 5054 1456 5132 Κρέριε,
1490 5047 1711 5111 πάντες
1739 5046 1792 5097 οἱ
1818 5043 1933 5108 ,ϐα-

883 5132 1079 5191 σιλεῖς
1117 5142 1228 5190 της
1271 5142 1400 5192 γης.

426 5224 691 5287 Πολλάκις
724 5238 930 5292 παρετη
941 5220 1206 5291 ρήσαμεν,
1233 5215 1314 5268 ὅτι
1337 5213 1445 5265 τῶν
1466 5209 1693 5281 ψαλμῶν
1725 5209 1772 5260 οἱ
1799 5207 1935 5277 μήτε

359 5310 549 5384 ὕμνον,
589 5312 722 5382 μήτε
750 5309 911 5380 ᾠδὴν,
941 5309 1077 5378 μήτε
1110 5303 1342 5375 ψαλμὸν,
1368 5303 1401 5373 ή
1428 5320 1478 5355 τι
1506 5301 1693 5371 ἕτερον
1724 5297 1937 5368 ἔχοντες

358 5402 704 5478 προγραφὴν,
733 5402 893 5457 ἄλλου
928 5399 1079 5471 παρά
1109 5397 1280 5452 ταῦτα
1312 5395 1635 5465 τυχχάνουσι
1667 5390 1939 5462 χαρακτῆ-

362 5512 472 5568 ρος,
508 5495 688 5554 ὁποῖος
712 5494 739 5543 ὁ
765 5490 955 5561 παρὼν
986 5486 1330 5561 πφφητικῆς
1364 5483 1602 5554 μετέχων
1631 5478 1931 5547 δυνάμεως·

359 5565 447 5639 διὰ
468 5584 576 5657 γὰρ
607 5582 716 5635 τῶν
753 5580 1129 5652 προλαϐόντων
1154 5573 1683 5647 ἐξομολογησάμενος
1702 5571 1730 5623 ὁ
1752 5565 1934 5631 Δαυῖδ,

374 5675 515 5729 Ἀλλ’
568 5675 665 5727 οὐκ
719 5671 851 5741 ἐγὼ,
911 5672 1062 5742 φησὶ,
1110 5671 1168 5723 ἐν
1221 5666 1496 5739 βασιλεῦσι
1542 5664 1699 5735 μόνος
1743 5659 1935 5714 τούτου

1960 4563 2003 4618 Ῑ)
2036 4583 2198 4635 ritate
2230 4580 2342 4633 Dei.
2388 4578 2494 4632 Pro
2541 4575 2737 4643 quibus
2780 4570 2963 4625 verbis
2995 4565 3372 4639 Symmachus,
3399 4569 3612 4632 proptrr

2036 4671 2457 4726 misericordiam
2488 4678 2629 4719 tuam
2666 4674 2714 4718 et
2756 4664 3030 4716 veritatem
3061 4666 3206 4711 tuam
3234 4696 3251 4721 ,
3287 4654 3437 4709 dicit.
3473 4650 3609 4706 Nam

2039 4763 2131 4817 Dei
2170 4758 2597 4815 misericordiam
2633 4754 2861 4823 adeptus
2884 4791 2901 4816 ,
2936 4748 3082 4820 typis
3127 4744 3495 4817 symbolisque
3522 4757 3611 4796 sc-

2039 4854 2227 4923 positis
2254 4891 2271 4917 ,
2298 4855 2350 4906 in
2379 4848 2574 4921 spiritu
2606 4863 2670 4902 ac
2709 4845 2939 4899 veritate
2971 4843 3141 4897 Deum
3176 4839 3405 4892 adorare
3444 4835 3613 4901 impc-

2041 4944 2227 4999 travit.

2096 5040 2263 5095 Vens.
2293 5032 2349 5088 4.
2368 5030 2735 5100 Conﬁteantur
2768 5027 2895 5088 tibi,
2926 5022 3147 5078 Domine
3168 5060 3182 5083 ,
3209 5033 3384 5073 omnes
3414 5029 3557 5082 reges

2743 5109 2920 5152 terrae.

2110 5200 2264 5271 Saepe
2294 5194 2700 5256 observavimus
2729 5189 2964 5258 psalmos
2995 5183 3114 5238 illos
3145 5179 3238 5249 qui
3268 5187 3449 5244 neque
3475 5184 3608 5223 can-

2042 5295 2130 5350 tici
2157 5261 2333 5362 neque
2363 5287 2554 5361 psalmi
2585 5324 2600 5348 ,
2663 5296 2839 5352 neque
2883 5275 3183 5348 quamlibet
3226 5269 3387 5323 aliam
3422 5261 3615 5316 inscri-

2041 5388 2277 5460 ptionem
2308 5383 2531 5443 habent,
2558 5376 2830 5431 diversum
2851 5369 2919 5424 ab
2945 5368 3031 5422 his
3060 5365 3613 5460 characterem-gere-

2042 5447 2100 5533 re
2125 5518 2140 5539 ,
2177 5472 2476 5544 cuiusmodi
2514 5477 2598 5523 est
2634 5466 2723 5520 bic
2762 5459 3081 5532 prophetica
3108 5456 3316 5507 virtute
3353 5447 3616 5501 imbutus.

2042 5535 2175 5621 Nam
2211 5535 2493 5633 sitperiore
2520 5555 2861 5613 confessione
2896 5549 3037 5603 facta
3072 5542 3267 5607 David,
3296 5538 3482 5607 Atqui,
3516 5535 3617 5597 ait,

2041 5673 2147 5712 non
2194 5669 2294 5725 ego
2325 5653 2474 5707 solus
2519 5650 2661 5704 inter
2686 5659 2839 5713 reges
2864 5642 2950 5695 his
2978 5631 3349 5709 prterogativis
3373 5641 3491 5683 sum
3520 5626 3617 5677 de-

390 5721 499 5729 ------
573 5721 665 5727 νη-
721 5721 771 5741 -.
921 5721 1062 5742 nn,
1153 5721 1157 5723 γ
1222 5721 1236 5739 ,ν
1542 5721 1553 5735 ,
1681 5721 1693 5725 -

363 5766 725 5839 κατηξιώθην,
757 5764 995 5819 πλεῖστοι
1022 5763 1078 5815 δὲ
1110 5760 1341 5814 τοιοῦτοι
1368 5759 1709 5829 γενήσονται,
1741 5750 1917 5823 δηλαδῆ

2050 5721 2268 5803 coratus
2294 5786 2308 5810 ,
2345 5743 2439 5799 sed
2487 5737 2704 5811 plurimi
2747 5734 2972 5803 posthac
3022 5736 3226 5793 erunt,
3276 5735 3468 5791 nempe
3497 5721 3617 5787 post

367 5827 594 5933 τὸ
624 5827 886 5933 κήρυγμα
919 5856 1012 5911 106
1046 5855 1296 5926 Σωτῆρος
1316 5871 1329 5883 '
1375 5827 1468 5906 καὶ
1489 5827 1731 5920 μάλιστα
1755 5847 1843 5899 ὅτε
1884 5861 1917 5896 τι

2053 5836 2366 5894 Servatoris
2416 5827 2853 5903 praedicationem
2895 5840 2911 5889 ;

2974 5822 3242 5892 praecipue
3305 5828 3435 5869 vero
3493 5822 3620 5864 cum
