4138 6398
495 376 565 432 39
1136 362 1403 422 EUSEBII
1440 353 1912 419 CESARIENSIS
1943 353 2093 409 OPP.
2136 349 2320 407 PARS
2357 348 2446 405 Ill.
2488 379 2556 389 —
2596 342 3009 401 EXEGETICA.
3689 342 3757 398 ιο

496 493 784 551 mu‘ltitudo
831 487 1070 560 gentium
1120 485 1364 553 ingressa
1422 479 1625 543 fuerit,
1683 486 1741 531 et
1793 472 2062 529 secundus

2189 466 2437 536 τλήρωμα
2465 461 2573 515 τῶν
2602 458 2772 513 ἐθνῶν
2804 456 3041 529 εἰσέλθῃ,
3078 457 3172 510 καὶ
3199 459 3234 530 ἡ
3258 457 3491 530 δευτέρα
3520 453 3614 509 τοῦ
3637 455 3757 510 Σω.

495 584 699 641 Christi
725 582 989 636 adventus
1020 576 1298 632 acciderit.
1335 572 1485 627 Tunc
1509 570 1653 625 enim
1680 580 1876 634 magna
1905 578 2071 633 appa-

501 652 642 731 rebit
682 672 850 743 gloria
880 666 1115 724 Domini.
1163 665 1402 732 Namque
1448 659 1773 730 imperativo
1802 656 1957 713 modo
1985 652 2070 709 vel

498 766 758 836 Optativo,
788 763 965 817 futura
996 758 1261 815 interdum
1289 757 1619 811 denotantur
1644 752 1939 808 secundum
1974 763 2070 818 pe-

498 856 755 913 culiarem
783 851 1130 907 Hebraeorum
1175 844 1650 903 consuetudinem.
1685 871 1759 884 —
1790 839 2070 895 Vaticina-

502 954 591 996 tnr
638 940 886 995 dill‘usum
937 940 1002 992 iri
1052 952 1151 1006 per
1182 951 1375 991 omnes
1406 945 1598 1006 gentes
1644 932 1737 988 Dei
1789 929 2071 995 notitiam;

499 1034 688 1089 Cuncti
722 1031 887 1094 enim,
923 1029 1121 1098 inquit,
1154 1042 1314 1097 reges
1339 1035 1501 1081 terra:
1526 1023 1924 1080 conﬁtebuntur
1954 1020 2070 1081 tibi.

499 1127 823 1194 audientqne
851 1121 1035 1177 omnia
1066 1119 1230 1174 verba
1274 1117 1388 1172 oris
1418 1115 1512 1170 Dei
1539 1154 1555 1181 ,
1600 1123 1655 1170 et
1687 1112 1988 1169 cantabunt
2017 1111 2072 1164 in

498 1219 601 1272 viis
648 1214 879 1270 Domini.
933 1211 1058 1266 Haec
1107 1220 1289 1264 autem
1322 1206 1536 1262 nonnisi
1590 1213 1712 1276 post
1761 1203 2075 1259 Servatoris

501 1310 670 1366 nostri
714 1306 1157 1377 [medicationem
1191 1302 1398 1356 exitum
1432 1307 1587 1354 nacta
1631 1307 1779 1351 sunt.
1814 1294 1931 1351 Via:
1975 1310 2074 1350 au-

502 1412 609 1456 tem
648 1398 881 1453 virtutes
928 1401 1099 1457 sunt,
1147 1404 1269 1461 quae
1315 1389 1383 1444 ad
1435 1389 1528 1444 Dei
1577 1388 1827 1445 notitiam
1874 1386 2074 1457 perdu—

500 1500 670 1561 cunt.;

570 1666 737 1720 Vens.
772 1664 824 1719 6.
861 1663 1113 1719 Excelsus
1145 1663 1402 1718 Dominus
1440 1675 1488 1717 et
1515 1660 1741 1716 humilia
1771 1660 2006 1728 respicit.

578 1756 711 1823 Quae
756 1758 1101 1825 propheticus
1154 1756 1381 1824 spiritus
1433 1753 1490 1808 in
1542 1754 1658 1823 ipso
1684 1760 1740 1807 et
1779 1766 1876 1821 per
1905 1750 2078 1820 ipsum

2169 558 2334 629 τῆρος
2362 554 2586 623 γένηται
2635 550 2924 621 παρουσία·
2945 548 3068 601 τότε
3095 547 3204 618 γὰρ
3225 548 3524 620 ὀφθήσεται
3549 544 3758 617 μεγάλη

2169 647 2264 703 τοῦ
2299 644 2504 715 Κυρίου
2539 644 2574 714 ἡ
2618 642 2775 708 δόξα·
2810 639 3222 710 προστακτικῶς
3253 639 3310 692 δὲ
3349 640 3444 699 καὶ
3491 636 3760 701 εὐκτικῶς

2172 737 2283 791 ἔσθ’
2344 736 2434 789 ὅτε
2488 732 2559 786 τὰ
2611 731 2868 802 μέλλοντα
2928 728 3181 799 δηλοῦται
3199 768 3227 803 ,_
3274 728 3420 783 κατά
3471 742 3595 781 τινα
3651 726 3761 781 τῶν

2183 827 2449 899 Ἐὁραίων
2493 822 2804 894 συνήθειαν.
2846 852 2916 862 -
2943 820 3284 892 Προφητεύει
3315 820 3444 893 περὶ
3475 819 3575 890 τῆς
3625 818 3755 890 μελ-

2171 919 2372 989 λούσης
2402 914 2769 981 ὲεαπλοῦσθαι
2807 914 2887 975 είς
2935 912 3113 965 πάντα
3151 910 3280 982 ἔθνη
3319 910 3413 965 τοῦ
3443 910 3578 963 Θεοῦ
3617 907 3759 979 γνὼ-

2175 1027 2329 1075 σεως·
2359 1010 2552 1062 Ἔσται
2590 1006 2721 1077 γὰρ,
2752 1006 2938 1076 φησὶν,
2961 1004 3050 1057 ὅτε
3080 1003 3280 1067 πάντες
3309 1003 3360 1056 οἱ
3395 1001 3631 1072 βασιλεῖς
3658 998 3760 1071 τῆς

2173 1101 2276 1173 γῆς
2318 1095 2801 1171 ἑξομολογήσονταί
2846 1111 2928 1148 σοι
2964 1094 3057 1148 καὶ
3103 1094 3427 1148 ἀκούσονται
3471 1092 3647 1146 πάντα
3689 1091 3761 1145 τά

2176 1194 2397 1264 ῥήματα
2434 1189 2529 1244 τοῦ
2563 1188 2829 1259 στόματος
2857 1186 3016 1251 Θεοῦ,
3050 1186 3145 1240 καὶ
3175 1187 3258 1240 ὅτι
3299 1186 3522 1258 ᾇσονται
3551 1185 3610 1238 ὲν
3634 1185 3758 1248 ταῖς

2175 1279 2314 1342 ὁδοῖς
2354 1278 2582 1350 Κυρίου.
2610 1276 2796 1330 Ταῦτα
2822 1275 2880 1329 δὲ
2911 1276 3011 1329 οὐκ
3051 1274 3239 1329 ἄλλοτε
3274 1277 3308 1346 ἢ
3349 1274 3487 1346 μετὰ
3510 1274 3573 1328 τὺ
3599 1274 3761 1342 εὐαγ-

2174 1369 2390 1439 γελικδν
2418 1371 2681 1440 κήρυγμα
2712 1367 2805 1421 τοῦ
2835 1367 3090 1439 Σωτῆρος
3117 1366 3277 1438 ημῶν
3308 1366 3497 1429 τέλους
3529 1365 3759 1437 τετύχη-

2176 1479 2291 1517 κεν.
2334 1460 2474 1514 Ὁδο)⁵
2521 1460 2578 1513 δέ
2609 1461 2747 1512 εἰσιν
2779 1460 2836 1512 αἱ
2882 1458 3105 1529 ἀρεταὶ,
3136 1459 3193 1512 αί
3223 1457 3485 1529 φέρουσαι
3524 1456 3621 1509 ἐπὶ
3659 1455 3760 1526 τὴν

2176 1556 2378 1623 γνῶσιν
2402 1550 2497 1605 τοῦ
2528 1548 2688 1603 Θεοῦ.

2332 1639 2603 1709 ’Υψηλὸς
2633 1639 2871 1705 Κύριος,
2905 1637 3002 1691 καί
3035 1636 3108 1690 τὰ
3140 1640 3391 1693 ταπεινὰ
3409 1634 3617 1707 ἐφορᾷ.

2252 1732 2334 1786 Τὰ
2364 1732 2470 1785 ὑπὸ
2494 1729 2588 1785 τοῦ
2617 1716 2956 1802 προφητικοῦ
2984 1731 3295 1801 πνεύματος
3321 1732 3379 1784 ἐν
3405 1730 3554 1801 αὐτῷ
3576 1731 3670 1787 καὶ
3690 1730 3759 1786 δι’

507 1818 722 1901 locutus
758 1818 952 1900 luerat
980 1886 995 1910 ,
1044 1818 1207 1900 David
1262 1818 1632 1914 cognoscens,
1690 1818 1901 1897 laetatur
1926 1818 2073 1910 iquin

2189 1820 2340 1875 ιύτοῦ
2365 1820 2666 1892 λαληθέντα
2697 1818 2884 1890 μαθὼν
2909 1820 2938 1872 ὁ
2967 1820 3147 1885 Δαυῖδ,
3180 1820 3373 1893 θαρρεῖ
3396 1822 3473 1884 ὡς
3506 1820 3748 1893 ἐφορῶν-

509 1936 653 1990 Dens
680 1935 902 1989 humilia
949 1934 1214 2005 respicit,
1249 1942 1305 1989 et
1334 1932 1606 2004 pressuris
1650 1931 1771 2002 ejus
1801 1942 2075 2001 protector

510 2028 683 2084 adest.
749 2060 755 2067 ~
784 2007 827 2055 ⁸

604 2145 762 2204 Vens.
797 2145 850 2200 7.
880 2144 942 2201 Si
959 2144 1296 2199 ambularem
1318 2145 1381 2198 in
1407 2143 1578 2197 medio
1600 2140 1983 2202 tribulationis.

1019 2216 1299 2283 oioi/icabis
1330 2229 1431 2279 me,
1460 2221 1566 2267 etc.

576 2306 787 2363 Clarius
821 2304 1181 2376 Symmachus
1207 2303 1349 2358 dixit
1379 2320 1394 2357 :
1425 2301 1489 2357 Si
1521 2300 1856 2355 ambulauero
1892 2298 1948 2353 in
1971 2314 2078 2352 nte-

506 2398 595 2449 dio
626 2394 980 2448 tribulationis
1006 2433 1021 2458 ,
1064 2390 1395 2447 conseroabis
1436 2406 1518 2444 nte
1543 2402 1562 2441 :
1593 2397 1778 2443 contra
1822 2389 2075 2442 anhelan-

512 2498 587 2541 tes
620 2487 860 2540 inimicos
895 2500 1037 2538 meos
1085 2499 1300 2536 manant
1347 2493 1492 2536 tuam
1523 2481 1794 2541 extendes,
1826 2479 2078 2533 servabit-

508 2592 609 2647 que
666 2590 746 2628 me
796 2576 1011 2627 dextera
1052 2581 1164 2625 tua.
1206 2571 1461 2625 Dominus
1503 2586 1613 2624 rem
1652 2586 1748 2639 pro
1789 2586 1873 2623 sne
1913 2567 2082 2637 conﬁ-

508 2669 631 2721 ciet.

954 2816 1275 2887 PSALMUS
1311 2816 1646 2874 CXXXVIII.

582 2907 750 2964 Vens.
776 2909 830 2963 1.
862 2907 1104 2974 Domine,
1134 2909 1367 2977 probasti
1387 2924 1489 2974 me,
1522 2918 1570 2962 et
1602 2907 1889 2977 cognouisti
1909 2922 2011 2961 me.

584 3001 848 3069 Quoniam
877 3000 1035 3069 igitur
1063 3010 1260 3054 nostras
1280 3014 1497 3069 quoque
1522 3000 1645 3054 vita:
1677 3009 1889 3067 tempus
1920 2998 2085 3052 habet

514 3092 760 3149 dimensa
818 3108 848 3148 a
897 3094 1007 3148 Deo
1059 3092 1339 3148 intervalla
1366 3131 1382 3156 ,
1429 3092 1744 3148 universum
1786 3090 1916 3146 vitae
1947 3104 2082 3146 mea:

2179 1930 2269 1975 τος
2293 1913 2363 1967 τὰ
2392 1910 2623 1965 ταπεινά
2654 1909 2747 1963 τοῦ
2775 1909 2943 1978 Θεοῦ,
2982 1911 3058 1975 ὡς
3083 1913 3143 1966 ὲν
3179 1916 3301 1977 ταῖς
3330 1911 3575 1983 θλίψεσιν
3611 1913 3761 1986 αὑτῷ

2186 2005 2675 2076 συνασπιζομένου.

2189 2117 2325 2171 Ἐὰν
2343 2115 2612 2184 πορευθῶ
2638 2117 2894 2189 ἐνμέσῳ
2920 2119 3202 2188 θλίψεως,
3229 2116 3419 2186 δήσῃς
3436 2134 3536 2187 με,
3556 2134 3613 2171 κ.
3631 2135 3685 2172 τ.
3709 2117 3759 2174 λ.

2250 2264 2588 2338 Σαφέστερον
2630 2266 2686 2320 δὲ
2718 2267 2747 2319 ὁ
2786 2267 3079 2340 Σύμμαχος
3123 2267 3263 2340 ἔφη·
3318 2268 3460 2322 Ἐὰν
3492 2265 3762 2337 πορευθῶ

2177 2354 2275 2410 διὰ
2315 2356 2513 2426 μέσης
2565 2359 2861 2427 θλίψεως,
2906 2361 3263 2427 περισὼσεις
3304 2375 3414 2429 με·
3470 2358 3618 2412 κατὰ
3651 2356 3763 2426 τῆς

2178 2447 2490 2515 ἀναπνοῆς
2542 2447 2662 2503 τῶν
2696 2448 2925 2518 ἐχθρῶν
2950 2468 3070 2519 μου
3113 2450 3375 2517 ἐκτενεῖς
3412 2450 3579 2520 χεῖρά
3621 2465 3761 2513 σου,

2180 2540 2280 2593 καί
2319 2541 2506 2594 σώσει
2549 2557 2627 2609 με
2664 2542 2703 2609 ἡ
2748 2540 2919 2605 δεξιά
2967 2555 3120 2596 σου·
3173 2546 3388 2610 Κύριος
3428 2540 3764 2597 ἐπιτελέσῃ

2182 2630 2335 2699 ὑπὲρ
2364 2631 2531 2701 ἐμοῦ.

2718 2795 3011 2849 ΨΔΛΜΟΣ
3046 2797 3220 2852 ΡΛΗ’.

2360 2912 2560 2980 Κύριε,
2593 2909 2959 2979 ἐδοκίμασάς
2992 2928 3100 2981 με,
3141 2910 3241 2966 καί
3273 2910 3461 2981 ἔγνως
3489 2929 3584 2982 με.

2268 3003 2422 3057 Ἐπεὶ
2446 3002 2625 3055 τοίνυν
2651 3004 2745 3056 καὶ
2783 3007 2812 3058 ὁ
2836 3005 3026 3075 χρόνος
3051 3007 3150 3075 τῆς
3183 3003 3455 3075 ἡμετέρας
3483 3005 3628 3075 ζωῆς
3652 3003 3765 3076 ἔχει

2186 3094 2310 3149 τινὰ
2366 3094 2711 3165 διαστήματα
2765 3095 3155 3167 μεμετρημένα
3201 3094 3354 3167 παρὰ
3394 3095 3541 3166 Θεῷ,
3589 3095 3765 3149 πάντα

517 3193 729 3255 tempus
750 3226 765 3249 ,
799 3184 1010 3255 inquit,
1043 3184 1292 3253 viamque
1341 3183 1606 3241 hactenus
1633 3180 1937 3238 conlectam
1968 3180 2085 3250 ipse

2189 3203 2291 3256 μου
2324 3188 2423 3257 τῆς
2453 3184 2599 3254 ζωῆς
2640 3186 2733 3240 τὸν
2775 3188 3006 3259 χρόνον,
3038 3188 3190 3257 φησὶ,
3240 3187 3336 3241 καὶ
3378 3188 3478 3260 τὴν
3526 3188 3648 3243 ὁδὸν
3694 3188 3764 3260 ἢν

515 3285 787 3332 scrutatus
815 3291 895 3331 ΘΒ.

586 3366 751 3423 Vsus.
783 3368 836 3423 6.
866 3367 1128 3423 Hirabilis
1156 3370 1299 3439 facta
1336 3378 1416 3423 est
1448 3369 1669 3424 scientia
1699 3376 1792 3421 tua
1825 3384 1890 3422 ea:
1913 3382 2013 3421 nte.

589 3460 845 3528 Superat,
871 3446 1070 3529 inquit,
1099 3460 1244 3517 vires
1274 3475 1443 3525 meas,
1473 3469 1528 3514 et
1549 3467 1702 3515 extra
1734 3472 1907 3513 meam
1935 3472 2087 3512 eom-

516 3546 927 3619 prchensionem
958 3559 1044 3606 est
1091 3553 1279 3606 horam
1306 3551 1563 3622 cognitio,
1615 3551 1688 3605 ita
1722 3558 1783 3603 ut
1819 3563 1883 3605 ea
1911 3563 2088 3620 neque

514 3644 823 3712 excogitare
843 3657 1015 3712 neque
1038 3656 1301 3698 enarrare
1327 3657 1544 3714 queam.
1562 3641 1923 3710 Quantumvis
1941 3641 2086 3697 enim

516 3734 747 3803 dixero,
794 3749 857 3789 ea
903 3749 1071 3804 parva
1123 3749 1187 3789 ac
1231 3735 1457 3789 minima
1494 3749 1603 3804 pra:
1630 3733 1812 3790 divina
1845 3733 2085 3803 potentia

518 3824 759 3892 fuerint,
797 3826 950 3893 cujus
997 3826 1412 3893 comprehensio
1447 3839 1624 3880 meam
1675 3824 1815 3896 fugit
1851 3823 2086 3879 tenuita-

519 3925 653 3979 tem,
687 3917 795 3970 imo
827 3918 1065 3970 omnium
1095 3917 1292 3971 virium
1325 3915 1625 3971 defectum.

566 4028 733 4083 Vsus.
764 4027 867 4083 l6.
892 4027 1261 4097 Imperfectum
1289 4045 1462 4083 meum
1485 4029 1721 4084 viderunt
1760 4027 1900 4082 oculi
1935 4028 2035 4081 tui.

590 4118 745 4185 Quod
787 4120 1020 4173 nondum
1062 4119 1187 4184 feci,
1208 4119 1401 4189 inquit,
1441 4127 1695 4189 tanquam
1731 4118 1847 4189 jam
1881 4117 2085 4172 factum

518 4209 773 4276 intueris;
804 4218 859 4265 et
894 4209 1129 4263 nondum
1169 4220 1325 4267 natos
1349 4251 1365 4277 ,
1394 4221 1647 4279 tanquam
1677 4210 1791 4280 jam
1823 4210 1877 4264 in
1911 4208 2087 4265 lucem

519 4299 695 4355 editos
735 4301 897 4358 nosti.
925 4298 1109 4354 Potest
1141 4309 1320 4355 autem
1346 4299 1638 4370 dupliciter
1665 4296 1895 4369 intelligi
1929 4298 2089 4353 inno-

522 4390 697 4443 centin
723 4404 863 4453 mea,
895 4398 952 4443 et
981 4387 1198 4443 malitiae
1239 4388 1481 4443 carentia
1507 4425 1525 4454 ,
1558 4386 1702 4441 nulla
1728 4385 1974 4455 indigens
2006 4384 2092 4438 in-

520 4480 836 4551 qnisitione.
878 4479 1010 4535 Nam
1050 4481 1264 4536 curiosa
1298 4481 1654 4537 observantia
1694 4478 1800 4533 dici
1832 4491 1969 4546 opus
1999 4491 2091 4546 po-

524 4542 624 4625 test
667 4589 682 4625 :
720 4582 803 4626 est
849 4580 1028 4627 autem
1076 4572 1389 4642 imperfecta
1440 4573 1650 4636 anima,
1687 4584 1810 4640 qua:
1849 4542 2087 4625 nondum
2120 4542 2166 4597 Β

522 4663 732 4737 virtute.
757 4671 813 4717 et
849 4663 1077 4719 scientia
1114 4665 1400 4719 informata
1437 4663 1624 4721 luerit.

662 4795 828 4850 Vtilis.
856 4795 939 4867 i9.
973 4793 1086 4849 Viri
1114 4797 1457 4867 sanguinum,
1478 4794 1735 4867 declinata
1764 4810 1793 4847 a
1825 4809 1923 4848 me.

621 4866 787 4921 Vens.
813 4866 905 4921 20.
946 4866 1225 4935 Accipient
1249 4869 1303 4919 in
1338 4866 1571 4919 vanitate
1594 4866 1824 4918 civitates
1851 4875 1989 4917 tuas.

596 4956 728 5013 Cum
753 4958 976 5012 dixisset
999 4957 1071 5029 (ν.
1099 4957 1221 5029 I7):
1242 4956 1505 5011 Mihivero
1530 4956 1683 5010 nimis
1708 4956 1949 5009 honorati
1972 4965 2091 5008 sunt

527 5053 684 5107 amici
724 5051 843 5120 tui,
888 5050 1070 5116 Deus;
1121 5050 1318 5104 merito
1356 5048 1607 5104 inimicos
1658 5046 1753 5102 Dei
1794 5049 2096 5103 detestatur

523 5150 686 5208 atque
706 5154 737 5193 a
777 5154 837 5193 se
858 5147 1120 5193 removet.
1152 5139 1262 5193 Imo
1289 5153 1409 5192 cum
1434 5138 1563 5194 item
1581 5139 1802 5194 dixisset
1822 5138 1941 5193 fore
1963 5147 2088 5191 tem-

522 5248 646 5299 pus,
669 5248 776 5304 quo
805 5241 1117 5303 peccatores
1147 5230 1287 5288 Deus
1322 5231 1437 5301 ipse
1471 5232 1775 5297 interliciet,
1804 5231 1914 5299 jam
1950 5246 2095 5286 nunc

524 5323 645 5377 illos
667 5323 853 5393 procul
880 5338 942 5377 se
975 5332 1146 5389 arcet,
1181 5339 1249 5377 ne
1287 5322 1414 5392 quid
1442 5323 1636 5378 habeat
1658 5338 1781 5377 cum
1811 5322 1919 5377 illis
1945 5337 2094 5376 com-

524 5429 690 5470 mune
712 5455 728 5481 ,
774 5429 953 5484 neque
989 5428 1053 5469 ex
1093 5415 1328 5483 ipsorum
1359 5416 1760 5486 propinquitate
1803 5415 2094 5470 detrimen-

527 5515 642 5561 tum
690 5505 890 5574 capiat.
927 5502 1167 5572 Namque
1197 5504 1261 5559 ad
1312 5506 1682 5562 contentiosos
1729 5519 2009 5560 sermones
2038 5514 2095 5559 et

529 5596 970 5660 controversias,
1017 5593 1288 5649 incassum
1337 5602 1462 5650 tuas
1512 5596 1762 5650 civitates
1799 5595 2091 5665 accipient,

528 5685 794 5741 vocabulo
864 5686 1136 5741 civitatum
1212 5687 1422 5742 divinas
1494 5685 1805 5755 Scripturas
1873 5687 2094 5758 signiti-

529 5792 661 5834 cans
686 5819 703 5847 ,
743 5792 878 5850 quas
907 5777 1103 5836 frustra
1148 5790 1370 5836 sumunt
1415 5778 1733 5836 heterodoxi
1758 5817 1774 5847 ,
1815 5789 1871 5837 et
1899 5794 2006 5838 non
2037 5791 2095 5836 ut

2188 3274 2404 3347 διῆλθον
2432 3274 2593 3337 αὐτὸς
2627 3275 2959 3345 ὲξιχνίασας.

2380 3364 2836 3435 Ἐθαυμαστώθη
2866 3368 2905 3434 ὴ
2933 3364 3157 3435 γνῶσίς
3178 3381 3295 3422 σου
3329 3366 3398 3432 ἐξ
3423 3366 3587 3437 ἐμοῦ.

2191 3462 2237 3507 ,ς
2274 3457 2590 3521 Ἐπιὸαίνει,
2622 3458 2776 3529 φησὶ,
2802 3457 2900 3528 τὴν
2936 3458 3077 3529 ἐμὴν
3100 3457 3350 3530 δύναμιν,
3386 3461 3479 3512 καὶ
3511 3457 3771 3516 trahenti

2193 3549 2340 3603 ἔστιν
2366 3550 2464 3621 τῆς
2488 3549 2628 3621 ἐμῆς
2651 3547 3002 3619 καταλήψεως
3036 3550 3070 3619 ἡ
3098 3548 3306 3604 τούτων
3336 3548 3557 3619 γνῶσις.
3585 3550 3662 3615 ὡς
3691 3550 3769 3623 μὴ

2191 3638 2451 3694 δύνασθαί
2485 3656 2554 3711 με
2582 3638 2824 3710 ἐξευρεῖν
2860 3639 2995 3711 μηδὲ
3027 3638 3263 3705 ἐξειπεῖν
3290 3641 3451 3696 αὐτά.
3488 3643 3629 3696 Ὅσα
3660 3641 3771 3713 γὰρ

2193 3729 2259 3784 ἂν
2299 3729 2459 3796 εῐπω,
2496 3729 2670 3802 μικρὰ
2716 3731 2811 3784 καὶ
2858 3730 3113 3801 ἐλάχιστα
3161 3732 3417 3803 τυγχάνει
3450 3736 3548 3805 τῆς
3580 3734 3772 3804 θεῖκῆς

2192 3822 2495 3894 δυνάμεως,
2527 3817 2596 3894 ἦς
2641 3823 2945 3894 κατάληψις
2987 3824 3085 3895 τὴν
3122 3824 3261 3897 ἐμὴν
3295 3825 3635 3898 σμικρότητα
3676 3828 3773 3881 καὶ

2192 3911 2438 3967 οὐθενίαν
2467 3912 2768 3983 διαφεύγει.

2291 4023 2751 4093 Ἀκατέργαστόν
2776 4041 2896 4093 μου
2934 4020 3098 4079 εἶδον
3135 4028 3191 4080 οι
3225 4026 3522 4097 ὀφθαλμοί
3559 4041 3698 4082 σου.

2264 4114 2338 4169 Τὸ
2368 4116 2533 4187 μήπω
2550 4117 2793 4188 πραχθέν
2812 4134 2922 4189 μοι,
2940 4117 3126 4189 φησὶν,
3145 4117 3222 4181 ὡς
3243 4118 3345 4190 ἢδη
3373 4118 3623 4173 τελεσθὲν
3639 4118 3772 4174 καθ-
3876 4170 3887 4181 ,

2193 4208 2347 4280 ορᾷς,
2378 4208 2475 4261 καὶ
2499 4208 2627 4271 τοὺς
2650 4206 2791 4272 τέως
2815 4208 2890 4280 μὴ
2920 4207 3233 4278 τεχθέντας,
3260 4209 3336 4271 ὡς
3361 4208 3460 4280 ήδη
3481 4209 3771 4279 τεχθέντας

2194 4300 2501 4354 ἐπίστασαι.
2535 4300 2770 4355 Δύναται
2802 4299 2862 4352 δὲ
2896 4297 3134 4353 νοεῖσθαι
3163 4298 3327 4369 διχῶς
3351 4299 3413 4353 τὸ
3446 4300 3653 4354 ἄκακον
3679 4302 3774 4355 καὶ

2195 4390 2487 4463 ἁπόνηρον,
2534 4392 2629 4445 καὶ
2647 4389 3000 4457 ἀνεξέταστον
3041 4407 3142 4461 μου
3161 4407 3175 4422 ο
3212 4390 3371 4462 ἔργον
3406 4391 3516 4464 γὰρ
3554 4395 3588 4464 η
3621 4392 3776 4464 περί-

2194 4499 2312 4536 νοια
2349 4481 2602 4551 λέγεσθαι
2636 4479 2870 4548 ὀφείλει·
2917 4479 3326 4550 άκατέργαστος
3368 4481 3426 4534 δέ
3468 4483 3585 4536 ἐστι
3625 4480 3774 4554 ψυχὴ

2189 4576 2224 4644 ἠ
2260 4575 2425 4646 μήπω
2450 4574 2517 4628 δι’
2549 4573 2754 4645 ἀρετῆς
2782 4571 3130 4644 μορφωθεῖσα
3162 4572 3256 4627 καὶ
3285 4572 3558 4643 γνώσεως.

2196 4795 2435 4867 Ἄνδρες
2478 4793 2756 4865 αἱμάτων,
2792 4794 3109 4851 limuls-ars
3147 4795 3247 4850 ἀπ’
3273 4795 3442 4865 ἐμοῦ.
3466 4795 3776 4865 Λήψονται

2460 4869 2548 4930 sit;
2578 4868 2944 4934 ματαιότητιι
2978 4867 3087 4932 τὰς
3123 4869 3333 4930 πόλεις
3367 4882 3506 4922 σου.

2271 4955 2475 5022 Εἰπὼν,
2494 4957 2651 5027 Ἐμοί
2675 4956 2743 5010 δὲ
2769 4958 2913 5011 λίαν
2952 4958 3325 5028 ἐτιμήθησαν
3370 4961 3424 5012 ol
3453 4959 3775 5028 φίλοισου,

2199 5052 2234 5106 ὀ
2268 5049 2431 5114 Θεὸς,
2462 5049 2687 5113 εἰκότως
2715 5051 2841 5113 τοὺς
2871 5049 3099 5122 ἐχθροὺς
3131 5050 3225 5103 τοῦ
3268 5049 3404 5105 Θεοῦ
3435 5052 3779 5123 παραιτεῖται

2199 5143 2294 5197 καὶ
2341 5141 2632 5195 ἀπελαύνει
2685 5142 2907 5196 ἑαυτοῦ·
2954 5142 3090 5197 ἀλλὰ
3141 5142 3236 5196 καὶ
3278 5142 3656 5214 μνημονεύσας
3696 5142 3779 5195 ὅτι

2198 5231 2350 5285 ἔσται
2376 5248 2459 5296 τις
2480 5230 2669 5303 καιρὸς
2695 5233 2753 5283 ὲν
2784 5224 2829 5300 ᾧ
2859 5232 2985 5295 τοὺς
3012 5231 3370 5302 ἁμαρτωλοὺς
3407 5229 3569 5293 αὐτὸς
3589 5232 3617 5284 ὁ
3646 5229 3780 5294 Θεὸς

2198 5322 2504 5385 ἀποκτενεῖ,
2528 5320 2777 5373 ἐντεῦθεν
2810 5321 2913 5392 ἤδη
2943 5321 3037 5374 καὶ
3063 5319 3288 5382 τούτους
3332 5317 3527 5373 ἑαυτοῦ
3557 5318 3778 5391 μακρὰν

2200 5410 2433 5474 ἐλαύνει,
2466 5412 2541 5474 ὡς
2565 5411 2631 5465 ἂν
2676 5411 2751 5483 μὴ
2779 5411 3033 5475 κοινωνὸς
3062 5410 3241 5464 αὐτῶν
3281 5410 3509 5478 γένοιτο,
3546 5410 3682 5483 μηδὲ
3713 5411 3780 5465 εκ

2197 5502 2292 5558 τοῦ
2344 5504 2663 5576 πλησιάζειν
2713 5486 2960 5576 μετάσχῃ
3007 5504 3107 5575 τῆς
3154 5505 3284 5576 παρ’
3322 5502 3502 5557 αὐτῶν
3551 5502 3774 5575 βλάϐης.

2212 5597 2364 5651 Ἐπεὶ
2400 5597 2457 5650 δὲ
2493 5598 2586 5651 καὶ
2622 5600 2702 5660 είς
2740 5598 3049 5669 ἐριστικοὺς
3094 5596 3285 5667 λόγους
3304 5597 3397 5651 καὶ
3430 5596 3635 5668 ἔριδας,
3676 5596 3778 5662 τὰς

2202 5688 2298 5754 σὰς
2337 5689 2415 5752 είς
2443 5690 2779 5761 ματαιότητα
2816 5688 3075 5759 λήψονται
3100 5689 3302 5755 πόλεις,
3328 5689 3428 5753 τὰς
3456 5688 3606 5753 θείας
3636 5689 3778 5762 Ppu-

2204 5783 2311 5854 φὰς
2339 5782 2523 5847 πόλεις
2558 5782 3024 5856 χρηματιζούσας,
3050 5783 3297 5856 ματαίως
3327 5782 3385 5836 δὲ
3412 5781 3615 5846 ταύτας
3637 5781 3778 5856 λαμο
