4138 6418
361 432 423 483 Μ
964 424 969 427 λ
1502 420 1959 477 COMMENTAIII

2063 418 2115 473 lN
2158 418 2495 476 rsawos.
3563 420 3634 473 ιιι
3735 388 3739 393 ’

363 546 614 599 ὗάνουσιν
644 544 692 596 οἱ
720 542 1038 615 ἑτερόδοξοι,
1064 542 1157 596 καὶ
1173 541 1272 612 οὑχ
1294 542 1369 605 ὡς
1401 542 1483 595 δεῖ
1509 542 1646 611 (15)·
1675 542 1942 612 ἀποστρέ-

2064 549 2339 611 ιροιιειει.
2381 540 2495 596 Iloc
2532 556 2630 612 ego
2675 540 2952 596 hominum
2988 553 3162 611 genus
3186 554 3410 593 aversor
3455 549 3510 592 et
3552 539 3637 593 fu—

365 654 533 708 φομαι
563 637 655 689 καὶ
688 635 923 689 ὲκκλίνω
952 637 1048 688 ἀπ’
1072 634 1272 689 αὑτῶν.

783 726 1124 796 Δοκίμασόν
1146 743 1244 795 με,
1280 728 1313 779 ό
1354 726 1516 789 Θεός.

433 817 617 870 Εἰπὼν
673 817 730 868 ὲν
772 817 936 887 ἀρχῇ,
972 817 1178 885 Κύριε,
1221 814 1589 883 ἐδοκίμασὰς
1646 832 1723 884 με
1757 814 1856 868 καί
1889 815 1947 869 ἕ-

362 927 517 979 γνως
535 925 633 977 με,
656 907 751 961 νῦν
776 907 852 971 ὡς
885 908 1052 979 μήπω
1075 907 1420 977 δοκιμασθεὶς
1446 906 1573 978 ἔφη,
1609 906 1948 975 Δοκίμιισόν

363 1018 457 1071 με,
496 1001 694 1069 Κύριε,
730 999 829 1055 καί
860 997 1042 1069 γνῶθι
1069 998 1185 1067 τὴν
1214 998 1469 1068 καρδίαν
1489 1016 1630 1068 μου.
1674 999 1786 1051 Καὶ
1824 997 1946 1050 τότε

370 1093 466 1163 μὲν
487 1092 723 1165 εἴρηται,
759 1090 878 1160 Τὴν
908 1090 1110 1160 τρίϐον
1128 1109 1248 1160 μου
1282 1091 1379 1144 καί
1409 1090 1524 1159 τὴν
1549 1090 1804 1158 σχοῖνόν
1827 1108 1947 1159 μου

364 1182 738 1253 ἐξιχνίασας,
775 1182 874 1236 καί
919 1180 1122 1246 πάσας
1149 1183 1257 1246 τὰς
1291 1182 1469 1247 ὁδούς
1493 1200 1613 1251 μου
1644 1182 1943 1251 προεῖδε-ς’

367 1275 490 1348 ἄρτι
534 1275 610 1338 δὲ,
649 1275 910 1328 Ἔτασόν
928 1291 1024 1343 με,
1052 1273 1149 1325 καὶ
1172 1270 1351 1341 γνῶθι
1386 1273 1493 1336 τὰς
1519 1272 1757 1341 τρίϐους
1793 1289 1913 1341 μου
1933 1290 1947 1301 ⁸

370 1366 568 1436 μήποτ’
612 1360 705 1418 οὖν
740 1366 838 1418 οὑκ
873 1365 1091 1418 ἐναντία
1120 1364 1287 1430 λέγει.
1324 1364 1456 1416 Τότε
1499 1364 1609 1435 γὰρ
1646 1362 1834 1427 ἀπλῶς
1862 1363 1948 1415 δε-

368 1456 693 1527 δοκιμάσθαι
749 1457 843 1510 καὶ
882 1456 1153 1524 ἐγνῶσθαι
1198 1452 1342 1517 εἷπε,
1388 1454 1483 1507 νύν
1523 1456 1581 1508 δὲ
1620 1454 1833 1527 εὔχεται
1868 1456 1952 1509 δο-

372 1549 721 1619 κιμασθῆναι,
772 1550 919 1611 ὅπως
954 1548 1169 1619 γνωσθῇ
1211 1549 1244 1618 ἡ
1290 1548 1488 1619 καρδία
1532 1547 1731 1600 αὑτοῦ·
1769 1550 1951 1619 μεῖζον

370 1640 479 1710 γὰρ
503 1641 561 1693 τὸ
589 1640 825 1712 καθαρὸν
862 1642 955 1694 καὶ
982 1641 1138 1705 εύθὲς
1172 1644 1239 1712 τῇ
1268 1642 1467 1713 καρδίᾳ
1511 1640 1605 1694 τοῦ
1639 1640 1828 1705 ἁπλῶς
1856 1658 1954 1693 κα-

372 1733 538 1803 θαρὸν
565 1734 658 1786 καὶ
692 1733 827 1804 εὑθῆ
851 1733 1147 1804 ὑπάρχειν·
1178 1733 1273 1787 καὶ
1301 1733 1589 1805 ὑπεραίρει
1630 1732 1727 1787 τοῦ
1767 1733 1953 1796 ἁπλῶς

367 1824 767 1896 δοκιμασθέντα
811 1824 1118 1897 γνωσθῆναι
1166 1824 1247 1896 τῷ
1293 1825 1689 1897 δοκιμασθῆναι
1729 1824 1821 1878 ἐπὶ
1876 1824 1953 1895 τῷ

2052 646 2161 698 gio.

2590 721 2759 775 Proba
2796 738 2901 785 me,
2937 720 3099 775 Deus.

2124 820 2296 885 Quum
2321 816 2476 871 initio
2490 815 2737 880 dixisset,
2759 812 3000 877 Domine,
3017 812 3255 883 probasti
3279 830 3358 867 me
3379 822 3427 865 et
3448 827 3637 881 cogito.

2053 912 2171 964 nisti
2218 925 2319 976 me,
2378 923 2521 962 nunc
2566 921 2662 960 ceu
2720 908 2957 959 nondum
2999 907 3261 976 probatus
3299 907 3418 958 ait:
3458 906 3639 959 Proba

2054 1020 2156 1067 me,
2203 1001 2445 1064 Domine,
2489 1009 2537 1053 et
2585 1000 2716 1051 scito
2754 1014 2844 1051 cor
2889 1014 3082 1051 meum.
3133 998 3201 1053 Et
3247 1007 3375 1051 tunc
3420 998 3635 1065 quidem

2056 1096 2255 1149 dictum
2300 1094 2453 1147 fuit:
2506 1090 2576 1145 Et
2626 1089 2921 1159 funiculum
2972 1106 3144 1143 meum
3186 1090 3535 1160 investigasti,
3585 1095 3637 1141 ct

2056 1205 2231 1241 omnes
2273 1188 2383 1240 vias
2428 1200 2570 1238 meas
2609 1183 2944 1251 prwvidisti;
2984 1198 3125 1236 nunc
3177 1197 3345 1248 vero,
3384 1180 3638 1237 Scrutare

2056 1292 2176 1340 me,
2231 1284 2279 1328 et
2340 1288 2586 1342 cognosce
2637 1270 2851 1323 semitas
2906 1284 3071 1321 meas.
3128 1267 3392 1323 Neutrubi
3454 1277 3635 1322 tamen

2057 1369 2333 1422 contraria
2385 1368 2649 1435 loquitur.
2694 1363 2847 1416 Tunc
2886 1364 3033 1417 enim
3089 1362 3411 1431 simpliciter
3450 1363 3638 1431 explo-

2062 1470 2235 1512 ratum
2270 1474 2327 1512 se
2360 1468 2411 1511 et
2444 1457 2721 1525 cognitum
2759 1455 2934 1515 dixit;
2974 1468 3118 1507 nunc
3142 1468 3273 1507 vero
3298 1463 3419 1506 orat
3454 1452 3639 1522 explo-

2062 1552 2170 1604 rari
2220 1566 2297 1603 se.
2344 1549 2512 1619 Majas
2551 1549 2695 1602 enim
2735 1548 2862 1617 quid
2914 1556 3036 1612 est,
3078 1561 3271 1614 purum
3320 1556 3640 1613 rectumque

2061 1641 2259 1695 habere
2280 1656 2394 1705 cor,
2419 1656 2579 1708 quam
2611 1640 2926 1707 simpliciter
2954 1653 3073 1693 esse
3105 1654 3297 1707 purum
3327 1645 3383 1691 et
3406 1620 3650 1691 rectum.

2059 1732 2352 1802 Longeque
2367 1743 2587 1802 praestat
2602 1733 2817 1800 cognito
2836 1747 2931 1799 per
2941 1729 3368 1799 explorationem
3384 1728 3642 1796 simplici-

2063 1825 2423 1905 ter'homini,
2462 1826 2547 1880 ille
2577 1826 2667 1895 qui
2701 1826 2961 1894 probatus
2999 1834 3083 1879 est
3116 1838 3213 1892 per
3249 1822 3432 1877 cordis
3454 1820 3643 1891 cogni-

370 1915 678 1987 γνωσθῆναι
706 1916 805 1987 τὴν
839 1915 1065 1987 καρδίαν
1095 1915 1260 1969 αὐτοῦ
1282 1932 1297 1946 ·
1336 1915 1475 1970 ἀλλά
1512 1917 1607 1970 καὶ
1637 1915 1734 1969 τοῦ
1769 1914 1953 1976 ἁπλῶς

2063 1920 2283 1973 tionem.
2334 1918 2541 1973 Rursus
2572 1919 2744 1987 majus
2772 1918 2900 1987 quid
2930 1926 3015 1972 est
3037 1958 3052 1981 ,
3087 1917 3131 1971 si
3164 1916 3267 1971 vite
3290 1914 3408 1983 ejus
3438 1913 3645 1983 eripio-‘-

371 2007 741 2079 πρωραθῆναι
766 2008 864 2071 τὰς
892 2008 1044 2073 ὁδοὺς
1086 2006 1275 2073 αὑτοῦ,
1325 2007 1510 2080 μεῖζον
1555 2008 1616 2061 τὸ
1645 2007 1957 2077 γνωσθῆναι

369 2099 469 2163 τὰς
510 2099 731 2172 τρίὸους
779 2100 1107 2163 ὲτασθέντας
1148 2100 1338 2155 αὑτοῦ.
1379 2101 1473 2153 Διὸ
1530 2082 1627 2154 καὶ
1673 2100 1953 2171 ἐπήγαγε·

370 2192 480 2246 Καὶ
526 2192 613 2245 ἰδὲ
663 2194 717 2246 εὶ
764 2188 919 2257 εἶδες
962 2193 1221 2262 ἀνομίαν
1254 2193 1326 2246 ἐν
1373 2192 1526 2262 ἐμοὶ,
1580 2192 1859 2245 τουτέστιν
1902 2193 1959 2244 ὲν

371 2283 487 2349 ἕξει
527 2283 623 2336 καὶ
654 2282 893 2337 διαθέσει
930 2299 1055 2353 μου.
1094 2282 1324 2353 Φέρεται
1361 2282 1456 2335 καὶ
1496 2281 1695 2345 οὕτως’
1727 2280 1837 2334 Καὶ
1873 2280 1962 2333 ἰδὲ

371 2379 427 2430 ει
467 2375 608 2440 ὁδὸς
651 2376 905 2445 ἀνομίας
950 2376 1020 2427 ὲν
1073 2375 1236 2444 ἐμοί’
1289 2375 1580 2438 τουτέστι,
1629 2374 1964 2445 κατανόησον

376 2469 425 2520 εἰ
458 2466 660 2520 ὦδευσέ
702 2483 835 2520 ποτε
864 2469 922 2520 ὲν
946 2469 1013 2537 τῇ
1056 2465 1203 2537 ψυχῇ
1234 2484 1335 2537 μου
1362 2466 1581 2537 ἀνομία,
1610 2465 1685 2530 ὡς
1714 2464 1833 2537 ἴχνη
1864 2466 1963 2536 τῆς

373 2558 495 2612 ὁδοῦ
527 2558 697 2628 αὐτῆς
744 2561 922 2629 μεῖναι
970 2558 1101 2629 παρ’
1143 2559 1289 2629 ἐμοί.
1327 2560 1516 2629 Ὅμως
1547 2558 1605 2611 δὲ
1653 2558 1747 2611 καὶ
1780 2560 1829 2611 εί
1871 2576 1962 2612 το-

375 2650 549 2721 σαύτη
580 2653 644 2704 ὲκ
676 2649 770 2703 σοῦ
806 2649 1011 2704 καὶδιά
1042 2651 1102 2703 σὲ
1130 2649 1489 2722 κατώρθωται
1518 2667 1609 2719 μοι
1638 2650 1963 2721 ἀναμαρτη-

375 2741 487 2803 σία,
533 2741 646 2795 ἀλλ’
680 2738 774 2796 οὖν
821 2744 885 2795 σὺ
923 2742 1213 2813 ὡδήγησάς
1242 2741 1325 2811 ’με
1367 2742 1425 2794 ὲν
1468 2740 1575 2811 ὁδῷ
1622 2741 1838 2812 αἱωνίᾳ,
1871 2741 1965 2795 ἐπὶ

375 2834 675 2890 ἀθανασίαν
714 2836 810 2889 καὶ
847 2836 1160 2907 ἀφθαρσίαν
1185 2835 1416 2908 ἀγούσῃ.

931 2928 1222 2980 ΨΑΛΜΟΣ
1248 2928 1417 2982 ΡΛΘ’.

533 3019 866 3073 Πεσοῦνται
896 3020 987 3072 ἐπ’
1023 3018 1246 3085 αὐτοὺς
1272 3018 1568 3087 ἄνθρακες
1600 3019 1811 3086 πυρός.

450 3110 614 3181 Δίκην
644 3110 753 3182 γὰρ
784 3109 968 3181 ὑφέξει
1007 3110 1144 3182 πρὸς
1179 3109 1366 3174 αὐτοῦ,
1402 3110 1558 3165 νόσον
1595 3107 1733 3179 ἔχων
1780 3106 1968 3162 τοιαύ·

378 3220 499 3274 την.

466 3295 680 3363 Ἄνδρα
700 3294 911 3349 ἄδικον
932 3295 1086 3349 κακά
1122 3296 1400 3363 θηρεύσει
1423 3297 1513 3361 είς
1535 3294 1882 3364 διαφθοράν.

454 3452 519 3505 Τί
553 3454 609 3507 δέ
638 3455 784 3507 ἐστιν
813 3456 892 3516 εἰς
929 3453 1262 3526 διαφθοράν;
1296 3454 1379 3507 ὅτι
1420 3452 1604 3507 πολλοὶ
1645 3451 1967 3525 θηρεύονται

380 3548 460 3610 είς
485 3546 779 3617 σωτηρίαν,
814 3546 889 3610 ὡς
918 3550 965 3599 οί
1000 3548 1150 3618 παρά
1178 3547 1287 3601 τῶν
1310 3546 1644 3609 ἀποστόλων,
1681 3545 1755 3608 ὡς
1779 3548 1827 3598 οἱ
1860 3561 1966 3596 πα-

380 3640 452 3714 ρὰ
486 3639 593 3694 τῶν
624 3640 795 3710 ἁγίων
842 3640 1052 3712 ἀνδρῶν
1074 3658 1086 3668 ‘
1132 3640 1248 3695 ἀλλ’
1273 3640 1329 3692 οἵ
1344 3656 1408 3708 γε
1440 3638 1667 3710 πονηροὶ
1703 3638 1832 3691 ὅταν
1863 3637 1968 3689 ὑπὸ

378 3733 481 3802 τῆς
515 3734 711 3796 κακίας
752 3733 1071 3804 θηρεύονται
1096 3732 1191 3786 καὶ
1222 3732 1447 3803 φθορᾶς·
1479 3732 1587 3793 πᾶς
1620 3730 1727 3800 γὰρ
1764 3729 1967 3791 ἄδικος,

379 3825 570 3897 ὥσπερ
598 3826 703 3878 ὑπὸ
748 3824 954 3888 οἰκείας
980 3825 1137 3877 νόσου
1168 3822 1487 3896 διαφθαρεὶς
1511 3822 1618 3874 ὑπὸ
1644 3822 1745 3891 τῆς
1774 3820 1966 3874 ἑαυτοῦ

382 3916 598 3981 κακίας,
647 3917 800 3988 δίκην
836 3915 1020 3985 ὑφέξει
1058 3915 1157 3986 τὴν
1206 3915 1586 3985 προσήκουσαν
1612 3930 1625 3942 ·
1673 3912 1831 3983 ἱκανὴ
1859 3910 1969 3982 γάρ

384 4017 531 4066 ἐστιν
554 4013 674 4065 ἀντὶ⁸
708 4013 888 4083 πάσης
907 4010 1174 4081 τιμωρίας
1216 4009 1315 4081 τὴν
1339 4008 1564 4078 ἔχουσαν
1589 4006 1759 4079 αὐτὴν
1790 4006 1969 4077 ψυχὴν

382 4104 711 4175 διαφθεῖραι.

387 4199 615 4268 Ἐγνων
654 4196 743 4249 ὅτι
782 4193 1019 4261 ποιήσει
1049 4193 1264 4260 Κύριος
1286 4191 1400 4259 τὴν
1438 4191 1642 4259 κρίσιν
1681 4190 1787 4244 τοῦ
1820 4207 1971 4243 πτω-

1110 4302 1244 4355 χου.

466 4378 745 4432 Ἐντεῦθεν
783 4381 810 4432 ὁ
831 4376 1083 4448 Σολομὼν
1111 4375 1413 4447 ὠφεληθεὶς
1439 4375 1530 4428 τὸν
1566 4374 1773 4446 πατέρα
1805 4374 1969 4444 φησὶν

381 4471 443 4525 ὲν
468 4471 546 4542 τῷ
588 4470 983 4542 Ἐκκλησιαστῇ
1007 4486 1019 4499 ⁵
1072 4471 1251 4535 Τέλος
1289 4469 1478 4537 λόγου
1510 4466 1575 4519 τὸ
1614 4465 1737 4520 πᾶν
1762 4466 1966 4530 ἄκουε,

382 4566 465 4618 ὅτι
492 4563 614 4619 πᾶν
631 4565 697 4617 τὸ
724 4564 949 4633 ποίημα
987 4562 1116 4626 ἄξει
1136 4564 1168 4615 ό
1192 4561 1337 4625 Θεὸς
1364 4562 1452 4623 είς
1481 4560 1703 4626 κρίσιν,
1727 4558 1797 4610 ἐν
1820 4572 1970 4611 παν·

2063 2021 2193 2063 rata:
2245 2018 2561 2076 noscantur,
2615 2024 2776 2079 quam
2813 2009 2857 2062 si
2903 2008 3274 2062 tantummodo
3308 2006 3644 2075 prtevidean-

2061 2112 2165 2155 tur.
2204 2101 2410 2156 Idcirco
2442 2102 2647 2156 addidit
2679 2119 2694 2156 :
2744 2100 2813 2155 Et
2848 2101 2964 2155 vide
3004 2117 3073 2155 an
3111 2104 3194 2154 via
3238 2099 3538 2170 iniquitatis
3588 2100 3645 2150 in

2060 2212 2140 2250 me
2170 2197 2263 2261 sit,
2305 2195 2356 2249 id
2390 2206 2473 2249 est
2505 2195 2556 2248 in
2592 2196 2777 2250 habitu
2812 2210 2874 2248 ac
2907 2208 3105 2265 genere
3146 2192 3269 2245 vitae
3317 2206 3472 2245 mean
3504 2190 3643 2244 Fer-

2062 2298 2151 2341 tur
2188 2298 2241 2340 ct
2285 2288 2386 2340 alia
2436 2288 2787 2357 explanatio:
2834 2286 2901 2340 Et
2933 2286 3046 2340 vide
3077 2302 3202 2339 num
3233 2285 3315 2337 via
3345 2283 3643 2352 iniquitatis

2060 2379 2115 2431 in
2146 2395 2228 2431 me
2257 2379 2322 2432 sit
2349 2392 2368 2430 :
2398 2378 2448 2431 id
2481 2389 2584 2444 est,
2618 2380 2844 2433 observa
2881 2395 2947 2431 an
2980 2379 3267 2447 aliquando
3296 2374 3555 2444 iniquitas
3588 2375 3642 2427 in

2065 2485 2154 2525 me
2187 2471 2258 2525 sit
2282 2481 2548 2539 grassata,
2581 2472 2653 2524 ita
2699 2481 2758 2524 ut
2805 2471 3032 2541 vestigia
3069 2470 3275 2524 semita:
3315 2468 3433 2537 ejus
3468 2469 3519 2521 in
3557 2482 3645 2520 me

2066 2563 2360 2631 Supersint.
2398 2561 2763 2616 Nihilominus
2808 2561 2909 2614 etsi
2944 2569 3092 2613 tanta
3130 2560 3229 2613 fuit
3261 2574 3327 2613 ex
3370 2570 3420 2611 te
3465 2566 3519 2610 et
3548 2573 3644 2626 per

2070 2664 2120 2709 te
2166 2655 2473 2709 innocentia
2515 2672 2631 2709 mea
2659 2696 2672 2719 ,
2712 2665 2765 2707 tn
2824 2665 3004 2707 tamen
3050 2653 3181 2707 mihi
3230 2652 3336 2705 dux
3382 2666 3439 2705 es
3473 2652 3526 2705 in
3560 2651 3645 2703 via

2067 2754 2269 2799 :eterna
2299 2785 2315 2810 ,
2356 2762 2474 2815 quae
2506 2747 2572 2799 ad
2603 2745 3010 2799 immortalitem
3052 2741 3649 2811 incorruptibilitalem-

2069 2850 2173 2903 quc
2211 2836 2477 2905 perducit.

2529 2926 2855 2982 PSALMUS
2894 2926 3180 2982 CXXXIX.

2221 3015 2378 3071 Vsus.
2416 3018 2502 3071 II.
2531 3018 2731 3072 Cadent
2765 3034 2919 3085 super
2948 3034 3035 3071 eos
3068 3018 3205 3087 ignis
3228 3018 3499 3071 carbones.

2142 3106 2363 3161 Pmnam
2426 3109 2623 3178 quippe
2673 3125 2702 3162 a
2752 3108 2862 3162 Deo
2910 3111 3140 3174 releret,
3194 3110 3285 3178 qui
3341 3109 3647 3179 bajusmodi

2073 3201 2262 3254 morbo
2294 3200 2522 3254 laborat.

1996 3281 2038 3339 (ἶ
2078 3293 2236 3349 Vsus.
2279 3292 2371 3348 12.
2439 3290 2621 3347 Virum
2665 3292 2917 3361 injustum
2976 3293 3117 3347 mala
3166 3294 3369 3364 capient
3418 3294 3488 3347 ad
3529 3311 3651 3348 cor-

2708 3365 3021 3431 ruptionem.

2139 3456 2278 3525 Quid
2304 3466 2385 3511 est
2414 3457 2479 3510 ad
2510 3458 2957 3527 corruptionem?
2993 3472 3186 3527 nempe
3222 3457 3348 3527 quia
3382 3457 3533 3513 multi
3558 3472 3651 3512 ca-

2071 3549 2293 3618 piuntur
2314 3549 2379 3602 ad
2411 3548 2662 3615 salutem,
2690 3560 2749 3603 ut
2776 3549 2848 3602 illi
2885 3553 2977 3619 qui
3014 3552 3079 3605 ab
3120 3550 3378 3621 apostolis
3410 3552 3646 3606 sanctis-

2069 3660 2174 3714 que
2203 3645 2355 3699 viris.
2394 3642 2771 3698 Verumtamen
2819 3645 2892 3698 illi
2930 3643 3161 3711 improbi
3188 3652 3314 3696 sunt
3345 3643 3434 3712 qui
3464 3657 3494 3695 a
3536 3658 3650 3696 ma-

2071 3736 2183 3789 litia
2209 3736 2498 3804 capiuntur
2526 3745 2580 3787 et
2615 3735 2940 3802 corruptela.
2994 3734 3184 3799 Quiris
3217 3733 3359 3786 enim
3412 3730 3647 3798 injustas

2072 3839 2327 3899 tanquam
2365 3827 2553 3881 intimo
2584 3826 2773 3880 morbo
2797 3837 3081 3894 corruptus
3114 3826 3349 3894 nequitia
3382 3842 3500 3890 sua.
3527 3838 3650 3895 pae-

2072 3936 2194 3975 nam
2261 3935 2555 3989 congruam
2626 3922 2880 3992 perferet.
2958 3918 3199 3988 Namque
3264 3920 3332 3973 ad
3399 3934 3649 3974 corrum-

2070 4015 2299 4084 pendam
2360 4015 2630 4078 animam,
2693 4014 2933 4084 cajusvis
2981 4030 3153 4085 putate
3207 4013 3364 4079 loco,
3410 4011 3650 4083 nequitia

2071 4110 2284 4168 sufﬁcit.

2074 4202 2238 4259 Vsus.
2285 4206 2370 4259 15.
2431 4202 2660 4274 Cognovi
2717 4206 2840 4285 quia
2884 4203 3041 4287 (σείει
3088 4202 3338 4255 Dominus
3378 4201 3649 4272 judicium

2763 4290 2950 4340 inopis.

2143 4365 2278 4422 Ilinc
2306 4365 2561 4421 Salomon
2589 4366 2734 4419 Patri
2759 4364 3059 4433 sum-agnus
3088 4363 3162 4416 ait
3195 4363 3246 4442 in
3276 4362 3605 4417 Ecclesiaste
3632 4379 3645 4414 :

2077 4457 2262 4512 Finem
2327 4473 2689 4527 summamque
2743 4457 2903 4507 totius
2952 4454 3206 4507 sermonis
3244 4452 3407 4517 audi;
3457 4466 3651 4520 nempe

2073 4552 2214 4622 quod
2245 4567 2396 4605 omne
2432 4550 2629 4619 factum
2680 4549 2907 4601 adducet
2957 4546 3095 4599 Deus
3148 4547 3205 4598 in
3247 4546 3541 4615 judicium,
3584 4546 3650 4597 de

382 4658 437 4710 τὶ
464 4624 913 4724 παρεωραμένξ),
944 4624 1053 4707 ἐάν
1083 4670 1144 4707 τε
1164 4651 1412 4721 ἀγαθὸν,
1439 4624 1549 4703 ἐάν
1573 4666 1635 4702 τε
1664 4648 1931 4717 πονηρόν
1948 4666 1960 4678 ·

2074 4646 2217 4698 omni
2251 4644 2578 4705 abscondito,
2633 4642 2740 4694 sive
2804 4641 2859 4693 id
2915 4641 3108 4693 bonum
3158 4640 3339 4706 fuerit,
3381 4641 3486 4693 sive
3528 4654 3649 4691 ma-

383 4749 477 4802 καὶ
500 4747 595 4800 νῦν
611 4747 738 4817 γὰρ,
774 4747 961 4816 φησὶν,
988 4745 1063 4808 ὡς
1096 4747 1273 4815 κρινεῖ
1289 4746 1317 4796 ό
1341 4742 1473 4805 Θεὸς
1499 4742 1728 4795 ἐκδικῶν
1754 4742 1844 4794 τὸν
1870 4740 1965 4794 νῦν

383 4837 857 4908 καταπονούμενον
900 4836 1107 4907 πένητα
1152 4835 1247 4888 καί
1285 4833 1521 4904 πτωχόν.
1568 4832 1691 4885 Ἐπὶ
1728 4833 1964 4904 χρηστὸν

381 4932 437 4984 δὲ
467 4932 605 5002 μετά
621 4930 794 4983 ταῦτα
821 4929 973 4992 τέλος
1002 4926 1338 4997 κατέστρεψε
1370 4926 1463 4979 τὸν
1482 4924 1695 4994 ψαλμόν
1721 4942 1733 4953 ·
1759 4924 1840 4977 διὸ
1868 4925 1963 4978 καὶ

381 5023 481 5087 Εἰς
509 5021 687 5085 τέλος
721 5020 1150 5092 ἐπιγέγραπται,
1197 5018 1293 5089 τὴν
1329 5016 1698 5093 ἀποκειμένην
1735 5017 1849 5079 τοῖς
1891 5014 1968 5067 δι-

382 5113 557 5176 καίοις
605 5112 777 5180 λέγων
836 5111 1047 5167 ἐλπίδα.
1118 5111 1175 5165 '0
1221 5109 1279 5161 δὲ
1326 5109 1638 5180 Σύμμαχος,
1683 5108 1843 5174 παρὰ
1890 5104 1972 5171 τῷ

384 5202 680 5269 προσώπῳ
718 5216 856 5267 σου,
901 5202 1069 5270 λέγει.
1103 5201 1168 5253 Τί
1213 5199 1271 5253 δὲ
1292 5201 1539 5271 κρεῖττον
1566 5197 1660 5252 τοῦ
1695 5197 1969 5269 κεκαθαρ-

388 5293 522 5363 μένῃ
577 5294 783 5365 διανοίᾳ
828 5294 1119 5365 πρόσωπον
1183 5292 1319 5364 πρὸς
1368 5292 1657 5363 πρόσωπον
1711 5291 1845 5362 όρᾴν
1880 5288 1971 5343 τὸν

382 5384 547 5448 Θεόνς
597 5386 736 5438 κατὰ
764 5387 856 5439 τὸν
889 5385 985 5438 τοῦ
1019 5386 1268 5455 Σωτῆρος
1309 5381 1655 5455 μακαρισμὸν
1683 5380 1926 5443 εἰπόντος
1947 5397 1961 5409 ·

382 5476 674 5544 Μακάριοι
713 5481 767 5530 ot
811 5478 1055 5545 καθαροί
1108 5475 1183 5545 τῇ
1220 5476 1453 5544 καρδίᾳ,
1504 5475 1593 5528 ὅτι
1644 5473 1812 5529 αὐτοὶ
1860 5470 1964 5523 τὸν

385 5564 534 5619 Θεὸν
560 5565 813 5635 ὄψονται
835 5584 850 5597 ο
887 5563 948 5623 οὗ
976 5567 1229 5637 τυχόντες
1250 5566 1746 5636 εὐχαριστήσουσιν.

454 5725 497 5756 ⁸³
524 5724 701 5781 Eccle.
738 5737 837 5788 xu,
866 5722 952 5787 I3,
985 5724 1065 5776 Η.
1139 5722 1186 5753 ⁸³
1222 5722 1412 5777 Matth.
1452 5736 1501 5786 ν,
1533 5721 1587 5776 8.

2070 4735 2181 4787 tum
2221 4735 2287 4787 δ’.
2332 4733 2397 4786 Et
2444 4748 2587 4787 nunc
2647 4732 2815 4796 enim,
2882 4730 3078 4800 inquit,
3128 4730 3395 4799 judicabit
3450 4730 3648 4784 vindex

2074 4830 2212 4883 Deus
2250 4828 2317 4882 de
2347 4842 2585 4897 paupere
2624 4840 2884 4893 oppresso
2914 4832 2967 4879 et
2997 4824 3063 4878 de
3108 4823 3283 4893 inope.
3322 4821 3483 4877 Felici
3520 4837 3644 4876 mox

2069 4923 2175 4974 line
2202 4920 2469 4988 psalmum
2500 4918 2777 4971 concludit
2815 4917 3066 4985 (ideoque
3106 4926 3161 4970 et
3208 4918 3260 4970 in
3309 4916 3467 4969 titulo
3512 4918 3650 4969 scri-

2068 5024 2216 5085 ptum
2245 5022 2327 5067 est
2356 5011 2423 5065 In
2458 5011 2639 5081 liuent)
2669 5012 2961 5080 repositam
2987 5009 3151 5078 justis
3197 5022 3345 5077 spem
3388 5005 3646 5061 recitans.

2069 5105 2438 5177 Symmachus
2481 5114 2683 5169 autem,
2727 5102 2868 5173 apud
2906 5102 3092 5172 [aciem
3127 5109 3296 5162 tuam,
3327 5099 3476 5153 dicit.
3508 5096 3647 5162 Quid

2067 5210 2198 5250 vero
2239 5195 2582 5264 praestantius
2631 5208 2796 5262 quam
2848 5207 2984 5262 puro
3037 5191 3201 5244 corde
3248 5188 3417 5242 Deum
3465 5200 3646 5240 coram

2069 5286 2357 5357 spectare?
2390 5297 2549 5354 prout
2581 5287 2719 5342 dixit
2745 5286 3005 5341 Servatur
3030 5301 3042 5337 :
3069 5282 3220 5336 Beati
3247 5278 3441 5332 mundo
3468 5280 3647 5340 corde,

2069 5378 2320 5447 quoniam
2355 5378 2453 5446 ipsi
2499 5376 2666 5431 Deum
2688 5376 2931 5431 uidebunt
2953 5374 2998 5405 ⁸³
3026 5374 3039 5427 ε
3077 5389 3237 5443 quam
3269 5384 3383 5424 rem
3425 5371 3644 5440 adepti,

2070 5468 2275 5535 gratias
2304 5477 2483 5538 agent.

457 5884 569 5954 (l3)
614 5881 849 5950 Insignis
884 5878 1099 5933 Eusebii
1141 5876 1405 5931 sententia
1450 5876 1516 5932 de
1559 5874 1728 5931 sacris
1769 5871 1937 5939 libris,
1968 5869 2101 5924 nihil
2138 5866 2384 5923 utilitatis
2413 5864 2551 5934 apud
2583 5860 2867 5918 hrcrcticos
2906 5857 3238 5915 habentibus

659 5978 931 6036 ΡΑτιιοι..
980 5974 1098 6034 (in.
1148 5973 1199 6033 Χ
1215 5970 1378 6030 XIV.

3243 5956 3282 6013 2
