4138 6408
547 408 619 466 ιδ
1225 411 1492 467 EUSEBII
1532 412 1641 468 C.£
1651 411 2007 468 SARIENSIS
2044 412 2119 468 OF

2239 412 2416 467 PARS
2454 412 2543 469 lll.
2583 443 2651 452 —-
2692 411 3107 468 EXEGETICA.
3749 410 3819 464 Η»

1076 520 1398 577 PSALMUS
1430 521 1591 578 CXL.

616 615 864 674 Psalmns
885 614 976 670 hic
997 628 1180 684 parem
1209 627 1273 667 ac
1304 614 1552 682 superior
1586 614 1804 669 titulum
1842 614 2002 685 gerit.
2029 613 2125 669 Est

547 720 729 766 autem
776 706 1014 771 Davidis,
1059 706 1413 776 eamdemque
1459 706 1568 760 vim
1625 707 1807 778 procis
1856 707 2121 777 continet.

548 803 661 859 Hoc
701 812 879 857 tamen
909 799 1136 870 amplius
1168 798 1357 865 habet,
1397 801 1539 869 quod
1574 801 1749 871 magis
1784 809 1869 856 est
1904 800 2127 871 dogma-

546 895 707 957 ticus,
759 900 813 946 et
833 891 987 960 plura
1016 901 1182 961 atque
1212 891 1432 946 utiliora
1477 893 1579 947 sub
1613 891 1769 947 initio
1815 892 1991 948 docet.
2034 892 2126 946 Ait

544 987 709 1057 igitur
740 1008 753 1040 -.
780 983 1038 1039 Clamavi.
1068 983 1222 1039 Haud
1252 999 1386 1039 sane
1410 999 1604 1055 magna
1633 999 1768 1039 voce
1798 992 1854 1039 et
1883 982 2125 1037 clamore

542 1090 700 1131 usum
724 1088 844 1130 esse
868 1074 1235 1144 psalmistam,
1254 1075 1480 1129 credere
1506 1075 1702 1139 decet;
1737 1089 1864 1129 nam
1895 1073 2121 1130 silentes

541 1181 759 1238 quoque
785 1167 937 1222 audit
976 1167 1138 1221 Deus.
1187 1165 1281 1221 Sic
1324 1166 1490 1221 etiam
1537 1166 1708 1238 Moysi
1756 1167 1990 1221 traditur
2042 1167 2123 1222 di-

538 1269 685 1315 ctum
705 1276 722 1317 :
743 1258 885 1325 Quid
911 1259 980 1313 ad
997 1274 1078 1312 me
1101 1259 1299 1313 clamas
1313 1258 1398 1314 ⁸δῖ
1420 1256 1524 1314 Sed
1546 1258 1636 1328 qui
1660 1272 1853 1328 magna
1871 1258 2122 1328 dogmata

540 1368 571 1406 a
601 1351 712 1407 Deo
747 1352 1036 1416 didicerat,
1077 1352 1278 1406 eximio
1314 1352 1484 1406 animi
1521 1349 1719 1405 all'ectu
1762 1348 1975 1419 fideque
2021 1348 2120 1403 ali-

538 1444 668 1514 quid
692 1458 722 1498 a
748 1444 859 1499 Deo
896 1451 1107 1514 petens,
1156 1443 1229 1497 ita
1275 1443 1341 1497 ad
1370 1457 1494 1497 eum
1533 1441 1827 1497 clamabat.
1859 1439 2040 1507 Quare
2065 1450 2117 1495 et

541 1534 774 1592 ﬁdenter
804 1534 885 1588 ait
916 1533 1225 1601 :Quoniam
1251 1533 1373 1589 talis
1407 1548 1551 1598 sum,
1599 1543 1655 1588 et
1699 1532 1772 1587 ita
1802 1532 2001 1595 clamo,
2035 1543 2120 1585 at-

540 1629 707 1683 tende
733 1627 851 1681 voci
886 1640 1022 1681 mea:
1049 1628 1175 1681 dum
1206 1625 1273 1681 ad
1310 1636 1363 1680 te
1390 1626 1586 1680 clamo.
1634 1623 1846 1694 Quippe
1875 1624 1970 1693 qui
2018 1638 2117 1692 pu-

542 1734 660 1773 ram
697 1719 870 1773 habeo
895 1733 1006 1772 nou
1036 1729 1270 1772 utentem
1296 1716 1693 1779 tantummodo,
1733 1715 1828 1768 sed
1855 1723 1911 1769 et
1939 1713 2115 1769 labto-

2150 532 2197 588 Α

2790 522 3082 577 ΨΔΛΜΟΣ
3116 522 3248 575 PM'.

2311 614 2643 681 ’Δκολοόθως
2677 615 2758 687 τῷ
2788 616 3081 688 προάγοντι
3115 612 3315 685 ψαλμῷ
3336 614 3432 668 καὶ
3446 606 3602 678 οὗτος
3627 613 3804 684 ἐπιγέ-

2225 723 2468 778 γραπται
2489 724 2503 738 ·
2537 707 2655 761 ἐστι
2678 707 2741 761 δὲ
2768 707 2862 762 τοῦ
2891 708 3078 773 Δαυῒδ,
3107 708 3205 761 καὶ
3225 706 3326 778 τὴν
3357 706 3529 777 αὐτὴν
3569 706 3681 778 εχει
3713 707 3812 779 τῆς

2224 801 2535 873 προσευχῆς
2562 801 2810 872 δύναμιν.
2849 802 3004 872 Ἔχει
3022 800 3081 854 δέ
3110 817 3164 853 τι
3181 798 3345 853 πλέον
3377 793 3533 863 οὗτος
3559 799 3804 870 δόγματι

2224 894 2464 967 κώτερος
2483 894 2581 960 ὢν,
2609 897 2704 949 καὶ
2723 895 2946 949 πλείονα
2962 895 3057 949 καὶ
3083 892 3482 965 ὠφελιμώτερα
3497 892 3584 948 διὰ
3602 894 3702 965 τῆς
3716 893 3811 965 ἀρ-

2223 987 2326 1058 χῆς
2347 987 2639 1043 παιδεύωψ
2661 988 2757 1041 καὶ
2773 987 2957 1059 φησιν’
2987 986 3335 1055 Ἐκέκραεαο
3352 986 3412 1039 οὐ
3427 986 3645 1049 πάντως
3659 984 3812 1059 φωνῇ

2222 1080 2437 1151 μεγάλῃ
2470 1080 2563 1134 καὶ
2596 1078 2691 1151 βοῇ
2728 1079 3032 1151 κεχρῆσθαι
3063 1079 3226 1132 αὑτὸν
3254 1079 3523 1150 προσήκει
3566 1077 3813 1150 ὑπολαμ-

2223 1170 2431 1225 6άνειν·
2476 1171 2571 1226 καὶ
2598 1170 2927 1225 σιωπώντων
2954 1169 3062 1244 γὰρ
3087 1170 3276 1225 ἀκούει
3305 1173 3334 1225 6
3357 1169 3491 1234 Θεός
3513 1186 3526 1199 ·
3552 1168 3697 1222 οὕτω
3717 1170 3813 1225 καὶ

2220 1262 2431 1335 Μωῡσῇ
2459 1264 2675 1334 λέγεται
2706 1264 2989 1336 είρηκέναι
3012 1280 3027 1293 ο
3070 1264 3132 1318 Τί
3150 1260 3310 1330 ,ϐοᾷς
3344 1261 3496 1331 πρὸς
3518 1260 3635 1332 ne;
3671 1261 3812 1315 Ἀλλ’

2218 1357 2248 1408 6
2275 1356 2489 1426 μεγάλα
2517 1356 2763 1427 δόγματα
2791 1357 2920 1429 περὶ
2962 1355 3100 1409 Θεοῦ
3147 1354 3507 1426 κεκτημένος,
3539 1353 3812 1426 ὑπερϐαλ-

2218 1449 2386 1521 λούσῃ
2412 1464 2473 1501 τε
2499 1447 2737 1502 διαθέσει
2756 1448 2851 1501 καὶ
2874 1448 3057 1501 πίστει
3092 1445 3260 1501 αίτῶν
3280 1463 3334 1499 τι
3362 1445 3513 1517 παρὰ
3538 1444 3633 1499 τοῦ
3650 1444 3810 1509 Θεοῦ,

2217 1538 2391 1603 οὕτως
2430 1537 2695 1611 ἐκίκραξε
2736 1538 2873 1610 πρὸς
2905 1538 3103 1592 αὐτόν·
3136 1537 3218 1591 διὸ
3243 1537 3340 1591 καὶ
3366 1537 3584 1610 θαρσῶν
3605 1555 3772 1610 φησιν
3793 1554 3809 1569 ’

2217 1630 2438 1704 Ἐπειδὴ
2474 1631 2718 1696 τοιοῦτός
2756 1633 2892 1702 ειμι,
2926 1632 3021 1685 καὶ
3052 1629 3277 1685 τοιαῦτα
3311 1630 3439 1702 βοῶ,
3470 1632 3712 1703 πρόσχες
3741 1632 3813 1704 τῇ

2217 1726 2367 1795 φωνῇ
2411 1739 2513 1794 μου
2555 1725 2615 1778 ἐν
2637 1722 2716 1796 τῷ
2753 1725 3088 1797 κεκραγέναι
3124 1742 3192 1796 με
3228 1725 3365 1797 πρὸς
3402 1724 3497 1778 at“
3529 1723 3606 1788 ὡς
3640 1723 3813 1778 καθα-

539 1824 664 1863 rum
685 1823 873 1865 vocem
915 1824 946 1862 a
992 1807 1293 1873 mendacio,
1337 1806 1576 1877 periurio
1601 1815 1658 1861 et
1695 1804 1965 1861 convicio.
2018 1803 2116 1861 His

2222 1816 2323 1889 ρὰν
2351 1816 2491 1888 ἔχων
2518 1817 2580 1870 οὐ
2636 1816 2796 1887 μόνον
2826 1818 2928 1890 τὴν
2956 1816 3217 1883 διάνοιαν,
3269 1816 3405 1872 ἀλλὰ
3455 1817 3552 1870 καὶ
3589 1815 3688 1889 τὴν
3722 1813 3815 1870 διὰ

539 1903 707 1957 etiam
737 1912 1131 1972 consequenter
1160 1900 1348 1956 addit:

543 2087 701 2143 Vsus.
758 2086 814 2143 2.
876 2064 1127 2141 Elevalio'
1182 2072 1431 2166 manuum
1497 2099 1732 2138 mearum
1798 2082 2122 2151 sacriﬁcium

1146 2167 1509 2225 uespertinum.

603 2249 717 2309 Hoc
748 2248 1013 2321 intelliges
1044 2262 1111 2303 ex
1137 2248 1281 2302 dicto
1308 2247 1551 2318 Apostoli
1578 2266 1592 2303 :
1636 2245 1769 2301 Volo
1801 2248 1941 2301 viros
1963 2259 2119 2299 orare

530 2347 759 2393 testantes
797 2354 962 2408 puras
1005 2352 1217 2399 manus,
1276 2337 1391 2391 sine
1448 2336 1532 2390 ira
1575 2345 1626 2390 et
1667 2335 2116 2391 murmurationi—

532 2432 627 2484 bus
659 2429 704 2461 "
739 2447 755 2484 :
787 2443 1024 2498 namque
1046 2439 1102 2484 et
1125 2428 1218 2482 ille
1244 2438 1353 2482 tam
1388 2429 1780 2498 cogitationum
1810 2428 1942 2483 facit
1965 2443 2119 2483 men-

533 2521 735 2575 tionem
777 2534 941 2589 quam
989 2530 1236 2574 actuum.
1301 2518 1499 2573 Verum
1556 2519 1705 2588 impii
1766 2533 2116 2588 nequaquam

534 2627 726 2666 manus
747 2610 1057 2666 Sustollunl.
1075 2609 1199 2664 ideo
1228 2610 1434 2664 dictum
1465 2618 1544 2664 est
1571 2609 1677 2663 illis
1709 2628 1721 2663 :
1751 2608 1885 2664 Cum
1930 2625 2117 2663 manus

534 2714 729 2758 vestras
756 2703 824 2756 ad
861 2719 942 2757 me
966 2704 1278 2766 extendens,
1309 2702 1504 2772 faciem
1530 2717 1700 2756 meam
1729 2712 1763 2755 a
1803 2703 1943 2755 robis
1971 2716 2120 2754 aver-

530 2807 641 2850 tam
686 2796 753 2848 “.
797 2797 1023 2866 Oportet
1071 2809 1203 2849 vero
1251 2795 1305 2849 in
1356 2795 1525 2848 altum
1578 2807 1732 2849 actus
1789 2793 2116 2859 sustollere,

532 2894 695 2956 atque
714 2898 809 2941 eos
826 2895 987 2957 prout
1016 2885 1125 2941 Deo
1158 2884 1419 2955 placuerit
1443 2886 1723 2954 perlicere.

538 3164 699 3225 Vens.
719 3166 775 3224 4.
807 3164 891 3219 Ne
915 3163 1143 3219 declines
1171 3177 1264 3215 cor
1284 3176 1455 3214 meum
1481 3158 1551 3212 ad
1579 3156 1801 3211 malitiae
1824 3171 2108 3218 sermones.

710 3240 778 3293 ad
813 3234 1142 3292 excusandas
1186 3231 1552 3287 excusationes
1591 3229 1647 3282 in
1686 3230 1931 3299 peccatis.

607 3400 685 3457 Ne
707 3395 946 3456 subverti
981 3394 1129 3450 sinas
1164 3401 1325 3462 atque
1372 3391 1427 3445 in
1473 3387 1807 3445 contrarium
1859 3383 2113 3441 inclinari

533 3495 791 3550 donatam
825 3494 994 3545 semel
1038 3503 1070 3544 a
1120 3497 1172 3542 te
1206 3483 1339 3540 mihi
1370 3492 1633 3538 mentem.
1676 3477 1805 3547 Pro,
1848 3478 1917 3530 ad
1956 3492 2116 3531 excu-

532 3582 729 3645 sandas
758 3582 1123 3637 excusationes
1151 3579 1207 3632 in
1242 3574 1489 3644 peccatis,
1529 3570 1896 3644 Symmachus
1923 3569 2115 3633 edidit,

534 3676 605 3730 ad
633 3672 939 3746 cogitandus
966 3672 1175 3742 iniquas
1216 3666 1585 3739 cogitationes,
1626 3662 1827 3719 clarius
1865 3662 2114 3731 equidem

531 3767 785 3825 dictionis
811 3775 1048 3821 mentem
1092 3761 1423 3833 exprimens.
1465 3757 1671 3815 Deinde
1708 3755 1999 3811 Psalmista
2049 3753 2116 3807 ad

529 3861 742 3934 praxim
774 3857 1070 3915 revertitur
1112 3856 1325 3921 dicens,
1356 3869 1477 3909 cum
1514 3851 1815 3907 hominibus
1844 3849 2117 3920 operanti»

534 3955 629 4006 bus
661 3950 1019 4020 iniquitatem,
1070 3956 1119 4002 et
1164 3962 1272 4000 non
1322 3944 1628 3999 combinabo
1673 3958 1795 3996 cum
1822 3940 1998 3996 electis
2029 3955 2118 3993 eo-

530 4057 675 4095 rum.
704 4037 813 4094 Pro
842 4053 949 4107 quo
978 4048 1170 4091 rursus
1196 4033 1559 4104 Symmachus
1595 4030 1798 4086 clarius
1845 4031 2119 4098 interpreo

534 4144 679 4189 tatus
740 4140 827 4189 est
884 4130 1074 4185 dicens
1126 4146 1140 4183 :
1202 4125 1336 4181 Cum
1394 4125 1694 4179 hominibus
1775 4121 2119 4193 operantibus

531 4226 897 4298 iniquitatem,
952 4238 1015 4277 ne
1061 4220 1307 4275 dulcibus
1372 4217 1585 4288 quidem
1636 4218 1872 4285 ipsorum
1927 4231 2119 4269 conue-

531 4336 671 4375 scar.
720 4315 846 4372 Non
883 4331 996 4382 ero,
1048 4311 1246 4384 inquit,
1298 4324 1417 4363 cum
1464 4308 1604 4373 istis,
1651 4309 1699 4361 si
1738 4317 1817 4374 tu,
1872 4305 2118 4370 Domine,

533 4411 833 4466 custodiam
882 4409 965 4461 ori
1017 4420 1130 4459 meo
1172 4403 1438 4473 posueris,
1480 4411 1528 4455 et
1574 4408 1935 4469 purpuratum
1993 4396 2121 4450 mihi

534 4506 841 4557 thesaurum
874 4497 1278 4553 conservaveris.
1318 4493 1487 4549 Electi
1533 4507 1699 4562 porro
1747 4504 1963 4554 eorum,
1996 4503 2120 4544 cre-

2221 1907 2329 1962 τῶν
2348 1908 2570 1978 χειλέων
2592 1909 2775 1980 φωνὴν
2799 1909 2906 1962 άπὸ
2930 1908 3180 1979 ψεύδους,
3208 1908 3493 1982 ἐπιορκίας
3507 1926 3565 1962 τε
3595 1909 3689 1963 καὶ
3710 1908 3812 1963 λοι-

2220 2001 2426 2074 δορίας.
2456 1996 2553 2065 Οἷς
2570 2002 2666 2055 καὶ
2688 2000 3002 2066 ἀκολούθως
3028 2002 3311 2075 ἐπήγαγεν
3331 2018 3346 2032 ’

2332 2095 2623 2163 Ἔπαρσις
2650 2092 2766 2148 τῶν
2793 2092 3007 2163 χειρῶν
3044 2112 3168 2166 μου
3194 2094 3376 2149 θυσία
3404 2091 3714 2163 ἐσπερινή.

2286 2256 2522 2326 Νοήσεις
2550 2253 2607 2308 δέ
2650 2252 2810 2307 τοῦτο
2846 2253 2957 2307 ἀπὸ
2992 2250 3089 2305 τοῦ
3126 2252 3306 2321 λέγειν
3341 2251 3434 2306 τὸν
3467 2250 3812 2306 Ἀπόστειλον*

2218 2348 2519 2415 Βούλομαι
2552 2344 2695 2409 τοὺς
2732 2343 2958 2414 ἄνδρας
2984 2345 3429 2413 προσεύχεσθαι
3458 2343 3817 2414 ἐπαίροντας

2219 2440 2432 2505 ὁσίους
2482 2437 2707 2508 χεῖρας,
2754 2437 2931 2507 χωρὶς
2976 2435 3158 2505 ὀργῆς
3196 2435 3294 2490 καὶ
3325 2433 3812 2506 διαγογγυσμῶν·

2220 2533 2473 2594 κάκεῖνος
2500 2532 2612 2602 γὰρ
2632 2529 2772 2599 ὁμοῦ
2798 2530 2893 2582 καὶ⁵
2917 2529 3026 2582 τῶν
3058 2528 3201 2582 κατὰ
3220 2529 3458 2583 διάνοιαν
3480 2528 3819 2600 ἐμνημόνευ-

2221 2641 2304 2688 σε,
2335 2624 2432 2678 καὶ
2475 2621 2587 2676 τῶν
2614 2620 2758 2675 κατὰ
2810 2620 3013 2692 πρᾶξιν
3037 2637 3051 2651 ’
3105 2623 3156 2674 οί
3198 2621 3255 2675 δὲ
3291 2621 3508 2685 ἀσεϐεῖς
3554 2621 3817 2674 οὐδέποτε

2219 2719 2405 2790 χεῖρας
2447 2714 2770 2783 ἐπαίρουσι’
2826 2713 2908 2766 διὸ
2958 2712 3206 2766 λέλεκται
3252 2713 3389 2785 πρὸς
3431 2712 3648 2777 αὐτούς’
3683 2711 3818 2768 ὀτ⁹

2219 2809 2298 2863 ἂν
2319 2806 2428 2872 τὰς
2467 2806 2672 2877 χεῖρας
2706 2806 3008 2873 ἐκτείνητε
3036 2805 3187 2875 πρὸς
3219 2806 3319 2875 μὲ,
3355 2806 3716 2876 ἀποστρέψει»
3744 2807 3818 2860 τὸ

2218 2902 2551 2970 πρόσωπόν
2574 2917 2695 2969 μου
2722 2900 2825 2969 ἀφ’
2852 2896 3021 2968 ὑμῶν
3041 2914 3056 2929 ·
3100 2898 3351 2969 ἐπαίρειν
3373 2898 3430 2951 δὲ
3463 2899 3545 2952 δεῖ
3577 2901 3657 2962 είς
3679 2897 3819 2968 ὕψος

2216 2991 2317 3055 τὰς
2346 2990 2594 3061 πράξεις,
2628 2992 2724 3045 καὶ⁵
2767 2989 3111 3061 ἀρεσκόντως
3147 2989 3318 3053 αὑτὰς
3351 2990 3429 3061 τῷ
3473 2989 3594 3061 Θεῷ
3634 2992 3820 3045 ἐπιτε-

2217 3083 2351 3138 λεῖν.
2946 3084 2953 3091 ’

2220 3176 2315 3243 Μὴ
2353 3176 2649 3244 ἐκκλίνῃς
2692 3174 2807 3242 τὴν
2845 3174 3097 3244 καρδίαν
3136 3192 3258 3244 μου
3303 3176 3393 3245 εἰς
3438 3176 3663 3245 λόγους
3703 3187 3818 3228 πο-

2138 3229 2185 3289 c
2221 3229 2517 3317 am...
2549 3229 2654 3300 .2;
2683 3229 3155 3315 προφασίζεσθαῖ
3181 3229 3609 3314 «mea...»
3636 3229 3820 3315 ξιμαρ.

2285 3319 2457 3383 τίαις.

2287 3412 2378 3482 Μὴ
2410 3411 2772 3483 συγχωρήσῃς
2802 3408 3234 3481 παρατραπῆναι
3286 3409 3380 3463 καὶ
3410 3407 3819 3481 παρακλιθῆναι

2217 3504 2298 3567 εἰς
2332 3503 2394 3556 τὸ
2433 3504 2676 3558 ἐναντίον
2697 3491 2800 3574 ⁴ἑὴν
2842 3502 2991 3566 ἅπαξ
3033 3501 3222 3565 ἁπλῶς
3272 3500 3820 3556 κατασκευασθεῖσάν

2221 3612 2322 3666 μου
2361 3595 2600 3651 διάνοιαν
2625 3613 2639 3626 ·
2689 3595 2813 3649 ἀντὶ
2846 3595 2902 3649 δὲ
2930 3594 3045 3658 τοῦ,
3078 3593 3547 3664 προφασίζεσθαι
3587 3593 3821 3662 προφά-

2218 3703 2351 3753 σεις
2382 3687 2452 3740 ἐν
2496 3687 2826 3757 ἁμαρτίαις,
2874 3688 2903 3740 6
2945 3685 3262 3757 Σύμμαχος,
3300 3686 3535 3739 ἐννοεῖν
3576 3685 3822 3747 ἐννοίας

2220 3780 2606 3849 παρανόμους
2641 3777 2904 3845 ἐξέδωκε,
2947 3778 3282 3848 σαφέστερον
3325 3776 3673 3848 ἑρμηνεύσας
3714 3774 3821 3846 τὴν

2220 3871 2455 3944 θεωρίαν
2503 3869 2598 3924 τοῦ
2644 3869 2825 3938 λόγου.
2862 3866 2995 3923 Εἶτα
3046 3868 3209 3922 πάλιν
3247 3868 3563 3939 μεταϐαίνει
3614 3865 3708 3920 ἐπὶ
3752 3865 3821 3918 τὺ

2221 3961 2526 4035 πρακτικὸν
2569 3961 2817 4030 φάσκων,
2861 3961 2985 4014 σὺν
3028 3958 3363 4029 ἀνθρώποις
3403 3956 3820 4027 ἐργαζομένοις

2220 4054 2336 4122 τὴν
2363 4052 2638 4122 ἀνομίαν,
2660 4052 2759 4106 καὶ
2780 4055 2851 4106 οὐ
2872 4052 2958 4122 μὴ
2981 4051 3315 4106 συνδυάσω
3334 4051 3486 4121 μετὰ
3508 4049 3627 4104 τῶν
3643 4050 3819 4104 em-

2221 4142 2383 4198 κτῶν
2415 4140 2634 4197 αὐτῶν.
2691 4142 2832 4196 Ἀνθ’
2859 4138 2920 4197 οὗ
2955 4141 3115 4195 πάλιν
3156 4143 3185 4194 6
3215 4141 3511 4212 Σύμμαχος
3546 4139 3815 4209 σαφέστε-

2226 4255 2315 4309 ρον
2354 4238 2698 4309 ἡρμήνευσεν
2736 4235 2929 4301 είπὼν,
2970 4236 3097 4290 Σὺν
3142 4236 3476 4305 ἀνθρώποις
3507 4233 3819 4304 ἐργαζομέ-

2220 4348 2352 4396 νοις
2386 4329 2645 4393 ἀδικίαν,
2679 4327 2837 4399 μηδέ
2873 4327 3241 4399 συμφάῃοιμι
3284 4328 3357 4383 τὰ
3395 4327 3544 4395 ἡδέα
3591 4324 3816 4381 αὐτῶν.

2226 4422 2349 4475 Οὐκ
2385 4420 2598 4489 ἔσομαι
2630 4420 2762 4490 γὰρ,
2789 4419 2976 4492 φησὶν,
3000 4419 3120 4489 ἅμα
3148 4420 3401 4485 τούτοις,
3423 4420 3533 4472 ἐὰν
3561 4417 3666 4482 σὺ,
3695 4417 3817 4472 Κύ-

2215 4528 2335 4580 ριε,
2378 4510 2666 4581 φυλακὴν
2691 4507 2771 4575 τῷ
2792 4512 3043 4579 στόματι
3066 4511 3251 4577 θείης,
3275 4510 3371 4564 καί
3399 4509 3507 4563 τὸν
3520 4524 3820 4579 προκατα-

535 4591 695 4647 dendi
726 4599 854 4647 sunt
884 4589 959 4643 illi
1001 4587 1093 4656 qui
1131 4586 1399 4641 malorum
1446 4591 1667 4637 actuum
1711 4596 1937 4637 suorum
1977 4594 2119 4650 pra:-

2218 4578 2642 4656 σκευασθέντα
2663 4618 2765 4671 μοι
2787 4578 3097 4670 θησαυρὸν
3120 4597 3509 4669 διατηρήσας.
3544 4578 3819 4652 Ἐκλεκτοὶ

537 4694 719 4740 textus
739 4690 1013 4753 qumrunt,
1038 4680 1130 4749 qui
1162 4678 1376 4748 pejores
1400 4684 1529 4734 sunt
1551 4676 1657 4733 illis
1689 4676 1780 4745 qui
1820 4673 1939 4730 sine
1981 4689 2123 4744 pra:-

538 4784 691 4833 textu
714 4776 1001 4847 palamque
1026 4782 1276 4843 peccant.

540 4996 705 5050 Vsus.
743 4993 796 5047 6.
842 4991 1089 5060 Absorpti
1130 4997 1253 5043 sunt
1266 4988 1436 5056 juncti
1470 4996 1635 5058 petra:
1670 4984 1879 5056 judices
1917 5000 2118 5040 eorum.

612 5085 970 5158 Symmachus
997 5093 1179 5138 autem
1212 5103 1225 5136 ;
1258 5080 1445 5134 Adhuc
1476 5080 1620 5133 enim
1642 5079 1814 5131 oratio
1840 5093 1956 5131 mea
1975 5078 2124 5130 intra

537 5168 800 5249 nequitias
824 5174 1041 5228 illorum
1070 5188 1093 5226 :
1134 5171 1419 5227 euellentur
1446 5180 1609 5238 petra
1648 5168 1889 5222 manibus
1912 5166 2124 5236 judices

535 5285 717 5325 eorum
746 5283 766 5321 :
790 5266 1011 5321 audient
1044 5266 1199 5318 verba
1235 5279 1352 5316 mea
1393 5260 1719 5316 dulcissima.
1767 5258 1941 5315 Sicuti
1980 5257 2125 5327 agri-

536 5361 655 5416 cola
698 5376 817 5414 cum
865 5369 1061 5412 terram
1110 5356 1331 5425 Irangit,
1388 5355 1461 5408 ita
1488 5371 1614 5408 ossa
1654 5364 1825 5409 vestra
1865 5353 2125 5421 dissipata

2222 4695 2280 4751 δὲ
2303 4694 2507 4749 τούτων
2530 4688 2641 4749 εἶεν
2666 4695 2717 4747 oi
2744 4693 3109 4763 σκηπτόμενοι
3139 4692 3443 4764 προφάσεις
3467 4692 3552 4760 ἐφ’
3573 4684 3654 4754 οἷς
3678 4689 3820 4762 δρῶ-

2225 4806 2279 4843 σι
2314 4788 2529 4853 κακῶς
2566 4788 2828 4860 χειρόνων
2854 4786 3021 4840 ὄντων
3052 4785 3161 4841 τῶν
3188 4786 3316 4840 ἄνευ
3346 4785 3692 4857 προφάσεως,
3723 4782 3821 4837 καὶ

2224 4883 2683 4947 ἀνεπικαλύπτως
2711 4881 3077 4954 ἁνομοόντων.

2224 4978 2663 5044 Κατεπόθησαν
2698 4975 2959 5046 ἐχόμενα
3006 4972 3229 5043 πέτρας
3265 4975 3320 5027 οἱ
3351 4970 3545 5041 κριταὶ
3594 4967 3817 5024 αὐτῶν.

2305 5076 2363 5130 '0
2394 5075 2450 5130 δέ
2482 5074 2806 5147 Σύμμαχος·
2848 5076 2972 5129 Ἔτι
3016 5074 3129 5146 τὰρ
3155 5070 3254 5126 καὶ
3289 5071 3329 5138 ἡ
3350 5066 3660 5139 προσευχὴ
3693 5085 3821 5137 μου

2221 5160 2396 5226 ἐντὸς
2416 5159 2536 5215 τῶν
2573 5157 2800 5214 κακιῶν
2835 5157 3035 5214 αὐτῶν
3056 5174 3070 5188 ο
3094 5154 3523 5224 ἐκτιλήσονται
3543 5152 3614 5205 ἐν
3645 5150 3820 5220 χερσὶ

2223 5256 2445 5326 πέτρας
2478 5257 2533 5309 οὶ
2568 5253 2763 5339 κριταὶ
2798 5250 3030 5309 αὐτῶν·
3062 5251 3427 5305 ἀκούσονται
3460 5245 3677 5316 ῥήσεις
3697 5262 3821 5339 μου

2222 5344 2480 5413 ἡδίστας
2503 5360 2517 5376 ο
2540 5334 2746 5413 ὥσπερ
2765 5341 3020 5413 γεωργὸς
3053 5340 3148 5394 ὅτ’
3170 5339 3247 5393 ἂν
3275 5338 3490 5407 ρήσσῃ
3529 5336 3645 5405 τὴν
3673 5334 3817 5406 τῆν,

535 5460 654 5506 sunt
690 5466 836 5503 secus
870 5447 1093 5516 inferos.
1126 5445 1282 5501 Nunc
1324 5460 1453 5500 vero
1488 5445 1753 5502 rationem
1789 5443 1993 5508 reddit,
2022 5456 2119 5497 cur

2229 5438 2310 5503 ὡς
2353 5437 2729 5506 ἐσκορπίσθη
2771 5432 2941 5504 ὑμῶν
2974 5433 3048 5487 τὰ
3089 5429 3243 5486 ὀστᾶ
3284 5429 3443 5501 παρὰ
3484 5429 3591 5484 τὸν
3637 5427 3814 5494 ᾅδην.

535 5558 659 5597 cum
697 5541 1080 5611 peccatoribus
1120 5554 1227 5593 non
1277 5538 1552 5594 combinet
1584 5556 1597 5593 :
1632 5535 1830 5593 sullicit
1865 5535 2010 5591 enim
2053 5533 2119 5587 il-

2230 5530 2341 5603 Τὴν
2372 5529 2551 5584 αἰτίαν
2578 5529 2637 5584 δὲ
2662 5527 2757 5583 νῦν
2790 5526 2986 5595 ἐπάγει
3026 5523 3120 5578 τοῦ
3157 5524 3234 5596 μὴ
3279 5522 3595 5586 συνδυάζειν
3637 5521 3819 5589 ἀμαρ-

537 5635 712 5689 lorum
740 5634 980 5689 societas
1009 5634 1074 5686 ad
1108 5632 1345 5687 animam
1384 5645 1564 5685 meam
1604 5627 2000 5699 dissipandam,
2028 5635 2116 5680 at-

2226 5623 2447 5687 τωλοίς·
2480 5621 2642 5694 ἱκανὴ
2672 5620 2781 5691 γὰρ
2813 5618 2994 5672 αὐτῶν
3021 5618 3056 5690 ἡ
3078 5616 3353 5680 κοινωνία,
3384 5614 3540 5686 φησι,
3563 5612 3822 5682 suam.

536 5742 644 5801 que
666 5727 733 5781 ad
770 5727 1009 5796 ipsorum
1047 5726 1344 5797 nequitiam
1388 5723 1521 5778 mihi
1564 5718 1968 5776 insinuandam.
1994 5718 2116 5774 1am

2229 5720 2385 5774 πίσαι
2419 5733 2521 5791 μου
2556 5716 2655 5786 τὴν
2694 5711 2895 5785 ψυχὴν,
2930 5711 3027 5766 καὶ
3059 5708 3169 5764 τῶν
3209 5707 3419 5763 κακιῶν
3450 5705 3631 5761 αὐτῶν
3670 5703 3823 5759 ἔνδον

608 5917 654 5948 ⁸⁸
695 5914 979 5980 ΙύιοιΙ.ιιν,
1002 5912 1084 5969 l5.
1164 5912 1206 5943 “
1236 5908 1253 5963 l
1293 5908 1433 5964 Tim.
1460 5923 1527 5988 tt,
1555 5906 1607 5961 8.
1685 5905 1870 5979 .“lsa.
1904 5921 1940 5973 ι,
1971 5903 2057 5959 15.
