4138 6416
371 418 442 472 45
1508 425 2014 486 COMMENTARIA
2054 433 2120 487 IN
2162 435 2498 496 PSALMOS.
3563 456 3633 510 46
3722 457 3738 487 θ

263 549 268 554 “
367 537 660 592 ἀπολαϐεῖν
679 556 693 569 ·
723 540 785 593 τὸ
814 540 870 593 δὲ
917 541 1338 608 ἐκτιλήσονται
1368 545 1536 615 δηλοῖ,
1570 548 1652 601 ὅτι
1696 550 1789 603 καὶ
1821 551 1926 604 τοὺς

2052 559 2272 611 verbum
2334 561 2611 615 evellenlur
2654 564 3007 634 demonstrat,
3066 568 3180 624 fore
3223 581 3280 625 ut
3322 588 3446 628 suos
3485 577 3636 644 prin-

368 629 575 683 εαυτῶν
598 629 864 701 ἄρχοντας
888 633 982 686 καὶ
1005 635 1196 706 κριτὰς
1221 636 1370 689 ἴδωσι
1391 641 1854 710 κατασπωμένους
1889 645 1953 696 ὲκ

372 717 558 790 ῥιζῶν,
603 719 792 792 ῶσπερ
825 723 1276 796 ἀποτιλλομένους
1316 727 1542 800 δυνάμει
1586 732 1679 784 τοῦ
1731 734 1951 805 στερεοῦ

368 808 550 877 λόγου.

660 903 756 972 Μὴ
791 904 1132 975 ἀπανέλῃς
1157 909 1272 979 τὴν
1296 911 1511 981 ψυχήν
1527 933 1668 983 μου.

448 993 504 1046 '0
525 994 817 1067 Σύμμαχος
834 1000 956 1052 ἀντὶ
978 999 1092 1063 τοῦ,
1117 1003 1228 1055 οὐκ
1247 1004 1599 1074 ἀντανέλῃς,
1620 1006 1707 1076 μὴ
1738 1010 1952 1066 ἀποκε-

362 1082 584 1153 νιώσης,
601 1089 873 1155 τουτέστι,
904 1091 977 1160 μὴ
1011 1095 1370 1166 συγχωρήσῃς
1395 1096 1486 1149 τὸν
1502 1098 1858 1170 ἀποκείμενον
1886 1106 1946 1157 ὲν

362 1179 428 1247 τῇ
467 1177 611 1250 ψυχῇ
662 1197 761 1250 μου
799 1181 1001 1250 ἀγαθὸν
1036 1183 1306 1257 θησαυρὸν
1337 1189 1778 1263 ἀποκενωθῆναγ
1824 1195 1946 1248 τότε

361 1269 471 1340 γὰρ
499 1270 720 1339 ἀφόϐως
755 1273 1147 1346 ἀπελεύσομαι,
1193 1279 1378 1350 φησὶν,
1424 1280 1501 1332 ὅτ’
1537 1279 1602 1334 ἂν
1633 1283 1949 1354 ἁμαρτωλοὶ

359 1362 472 1424 τοῖς
496 1362 706 1415 ἑαυτῶν
736 1367 1083 1436 περιπαρῶσι
1114 1367 1373 1434 δικτύοις.

887 1445 1180 1511 mmor
1219 1461 1396 1516 PMA’.

360 1543 671 1611 Συνέσεως
691 1544 770 1611 τῷ
791 1547 991 1628 Δαυζδ2
1009 1549 1078 1602 ἐν
1097 1549 1177 1615 τῷ
1194 1548 1346 1606 εἶναι
1366 1554 1554 1628 αὐτὸν
1575 1557 1645 1610 ἐν
1673 1557 1754 1624 τῷ
1791 1571 1947 1628 σπη-

885 1619 1057 1685 λαίῳ,
1099 1624 1432 1692 προσευχὴ.

429 1703 584 1757 Καὶό
613 1713 700 1770 νς¹
731 1695 922 1777 ὁμοίαν
964 1708 1076 1780 ἔχει
1115 1711 1213 1783 τὴν
1257 1714 1568 1787 ἐπιγραφὴν
1598 1716 1773 1782 οὕτως
1796 1736 1808 1748 ·
1843 1720 1946 1785 Είς

357 1795 420 1848 τὸ
445 1796 639 1864 τέλος,
664 1799 749 1868 μὴ
773 1799 1140 1872 διαφθείρῃς,
1174 1803 1253 1870 τῷ
1289 1807 1472 1861 Δαυῒδ
1504 1811 1590 1872 είς
1614 1815 1944 1880 στηλογρα-

2057 646 2205 714 cipes
2244 647 2564 718 judicesque
2635 656 2898 711 radicitus
2968 662 3298 729 exstirpatos
3367 676 3629 736 cernant,

2056 738 2268 794 evulsos
2302 739 2458 796 veluti
2488 745 2643 800 fortis
2673 747 2821 802 verbi
2847 749 3062 805 virtute.

2293 917 2454 972 Vens.
2489 918 2543 971 8.
2577 919 2660 973 Ne
2686 923 2900 990 auferas
2930 927 3160 980 animam
3190 943 3377 983 meam.

2124 1005 2484 1076 Symmachus
2511 1026 2612 1080 pro
2650 1013 2862 1083 auferas
2886 1016 3041 1084 dicit,
3081 1034 3144 1071 ne
3169 1036 3404 1086 evacues,
3437 1020 3491 1076 id
3521 1029 3627 1088 est,

2051 1112 2121 1153 ne
2147 1099 2298 1152 sinas
2327 1101 2618 1168 repositum
2654 1103 2704 1157 in
2744 1105 2921 1159 anima
2963 1123 3079 1160 mea
3137 1110 3448 1165 thesaurum
3497 1125 3627 1168 eva-

2052 1192 2225 1244 cuari.
2249 1191 2407 1246 Tunc
2447 1194 2590 1246 enim
2623 1209 2868 1262 securus,
2906 1197 3096 1266 inquit,
3135 1202 3314 1268 abibo,
3353 1219 3476 1257 cum
3512 1205 3625 1259 suis

2052 1282 2184 1351 ipsis
2221 1296 2542 1354 peccatores
2573 1289 2996 1358 implicabnntur
3021 1292 3246 1348 retibus.

2565 1464 2688 1520 PSA
2702 1468 2887 1524 LMUS
2926 1469 3102 1524 CXLI.

2051 1555 2214 1610 Vsus.
2254 1557 2304 1610 1.
2342 1555 2643 1613 lntellectus
2684 1560 2891 1645 Davidi,
2942 1580 3060 1615 cum
3087 1573 3219 1617 esset
3255 1565 3307 1618 in
3335 1566 3621 1634 spelunca;

2736 1644 2927 1686 oratio.

2118 1715 2360 1774 Similem
2425 1720 2551 1774 huic
2604 1722 3088 1793 quinquagesimus
3159 1741 3374 1795 quoque
3435 1738 3622 1784 sextus

2045 1810 2284 1877 psalmus
2312 1811 2523 1875 titulum
2577 1814 2757 1876 habet,
2809 1832 3002 1885 nempe
3032 1835 3047 1871 :
3100 1816 3167 1872 In
3208 1820 3390 1886 ﬁnem,
3421 1839 3483 1875 ne
3512 1839 3624 1876 cor-

351 1885 520 1953 φίαν,
552 1889 622 1941 ἐν
651 1888 729 1954 τῷ
753 1891 942 1944 αὑτὸν
969 1893 1435 1964 ἀποδιδράσκειν
1465 1897 1581 1950 ἀπὸ
1613 1899 1926 1968 προσώποι

2045 1920 2282 1969 rumpas.
2327 1903 2516 1957 Davidi
2543 1909 2596 1959 in
2624 1906 2767 1960 tituli
2797 1908 3215 1977 inscriptionem,
3259 1927 3376 1963 cum
3420 1930 3452 1965 a
3483 1913 3622 1981 facie

351 1980 550 2034 Σαοὺλ
579 1987 666 2047 εις
702 1983 767 2037 τὸ
796 1985 1124 2053 σπήλαιον.
1161 1989 1349 2041 Κεῖται
1386 1989 1442 2042 δὲ
1471 1991 1504 2061 ἡ
1540 1992 1748 2062 ἱστορία
1780 1994 1838 2045 ὲν
1869 1996 1935 2064 τῇ

351 2071 543 2145 πρώτῃ
575 2073 680 2126 τῶν
725 2074 1049 2129 Βασιλειῶψ
1097 2077 1208 2130 Καὶ
1244 2078 1426 2146 ἀνέϐη
1470 2081 1651 2133 Δαυΐὸ
1687 2081 1935 2146 ἐκεῖθεν,

349 2165 446 2218 καὶ
478 2164 759 2220 ἐκάθισεν
781 2169 851 2221 ἐν
883 2169 1008 2234 τοῖς
1033 2171 1363 2237 σπηλαίοις
1388 2171 1514 2236 τοῖς
1547 2174 1788 2242 ὀχυροῖς
1819 2175 1940 2244 Ἐγ-

347 2257 522 2326 γαδδί
540 2275 555 2290 ·
583 2259 680 2312 καὶ
706 2259 942 2330 ἐγένετο
965 2262 1047 2325 ὠς
1078 2261 1414 2331 ἐπέστρεψε
1447 2265 1648 2318 Σαοὺλ
1691 2265 1939 2320 ὄπισθεν

349 2349 467 2404 τῶν
494 2352 883 2422 ἀλλοφύλων
917 2357 1016 2410 καὶ
1043 2356 1410 2428 ἀνήγγειλαν
1440 2360 1603 2427 αὐτῷ
1626 2361 1932 2432 λέγοντες,

363 2441 506 2497 Ἰδοὺ
537 2445 720 2498 Δαυτδ
746 2447 815 2501 ἐν
844 2447 920 2515 τῇ
949 2449 1146 2519 ἐρήμῳ
1180 2452 1467 2522 ἘγγαδδΛ
1527 2454 1637 2508 Καὶ
1672 2455 1932 2525 παρέλα-

347 2535 412 2586 ϐε
439 2534 639 2588 Σαοὺλ
679 2540 1063 2607 τρισχιλίους
1089 2541 1664 2610 ἅνδρας,ἐκλεκτοὺς
1687 2547 1755 2600 ἐκ
1785 2561 1934 2601 παν-

347 2626 448 2690 τὸς
494 2626 752 2695 Ἰσραὴλ,
789 2630 887 2683 καὶ
919 2632 1212 2700 ἐπορεύθη
1247 2634 1354 2689 τοῦ
1391 2635 1584 2704 ζητεῖν
1613 2637 1721 2691 τὸν
1753 2639 1934 2692 Δαυῒδ

345 2716 444 2768 και
477 2717 620 2782 τοὺς
652 2717 874 2789 ἄνδρας
905 2722 1048 2787 τοὺς
1073 2726 1201 2792 μετ’
1233 2729 1442 2794 αὑτοῦ,
1474 2730 1571 2783 ἐπὶ
1607 2733 1934 2800 πρόσωπον

344 2806 456 2876 τῆς
483 2808 668 2878 θήρας
708 2810 828 2864 τῶν
858 2813 1101 2883 ἐλάφων
1119 2834 1131 2846 ³
1177 2819 1276 2872 καὶ
1307 2816 1499 2891 ἦλθον
1529 2825 1616 2887 εὶς
1643 2823 1752 2889 τὰς
1776 2825 1935 2895 μάν-

343 2898 491 2967 δρας
523 2900 642 2954 τῶν
665 2903 973 2972 προϐάτων
995 2907 1093 2961 ἐπὶ
1119 2909 1236 2978 τὴν
1262 2911 1407 2966 ὀδόν
1437 2915 1536 2967 καὶ
1560 2916 1658 2968 ἐπὶ
1685 2917 1751 2970 τὸ
1775 2917 1933 2986 σπή-

344 2994 518 3047 λαιον
537 3011 550 3023 ’
579 2995 680 3048 καὶ
713 2996 962 3065 εἰσῆλθε
1002 3002 1206 3057 Σαοὺλ
1235 3005 1323 3068 εἰς
1349 3005 1416 3060 τὸ
1447 3006 1756 3072 σπήλαιον·
1788 3011 1932 3065 ἀπο·

2045 1990 2228 2046 Saulis
2250 1992 2452 2058 fugeret
2473 1996 2525 2046 in
2554 1996 2871 2064 speluncam.
2900 1998 3085 2052 Exstat
3112 2011 3289 2054 autem
3314 2002 3536 2057 historia
3567 2004 3618 2056 in

2043 2085 2219 2154 primo
2272 2085 2582 2155 Regnorum
2638 2088 2798 2143 libro.
2854 2089 2922 2144 Et
2977 2093 3208 2146 ascendit
3253 2094 3381 2146 illuc
3425 2094 3616 2157 David,

2045 2179 2378 2248 conseditque
2416 2181 2471 2232 in
2516 2179 2647 2234 locis
2685 2183 2902 2236 munitis
2947 2182 3218 2254 Engaddi.
3259 2183 3618 2256 Contigitque,

2044 2279 2100 2321 ut
2150 2273 2426 2324 revertenti
2471 2269 2625 2326 Sauli
2655 2272 2719 2324 de
2772 2271 3188 2343 alienigenarum
3217 2279 3614 2343 persecutione,

2043 2367 2306 2419 diceretur
2347 2367 2395 2421 ei
2429 2384 2449 2420 :
2491 2367 2625 2421 Ecce
2683 2367 2850 2422 David
2897 2369 2951 2421 in
2995 2369 3199 2421 deserto
3240 2367 3488 2438 Engaddi
3515 2385 3614 2426 est.

2041 2457 2279 2527 Sumptis
2303 2477 2423 2529 ergo
2449 2459 2582 2515 Saul
2611 2461 2774 2513 tribus
2799 2460 3070 2513 hominum
3101 2461 3421 2515 delectorum
3444 2463 3610 2516 milli-

2040 2549 2134 2601 bus
2162 2564 2227 2601 ea:
2271 2549 2511 2602 universo
2553 2547 2776 2614 Israele,
2821 2549 3049 2617 perrexit
3087 2550 3155 2602 ad
3192 2549 3612 2620 investigandum

2037 2639 2290 2693 Doridem
2315 2640 2527 2710 ejusque
2559 2642 2793 2705 comites,
2817 2641 2884 2692 ad
2909 2641 3080 2694 locum
3099 2641 3191 2707 qui
3226 2641 3421 2694 dicitur
3457 2659 3614 2696 vena-

2039 2732 2112 2785 tio
2146 2748 2419 2786 cervorum
2465 2749 2483 2786 :
2519 2743 2875 2803 veneruntque
2903 2733 2972 2786 ad
3013 2734 3195 2787 caulas
3226 2735 3400 2788 ovium
3437 2735 3494 2787 in
3526 2735 3613 2788 via

2038 2837 2160 2888 qua:
2180 2823 2248 2874 ad
2275 2839 2485 2890 specum
2508 2823 2670 2876 ducit.
2707 2821 3084 2894 Ingressusque
3111 2834 3186 2878 est
3226 2823 3359 2878 Saul
3399 2825 3469 2877 ad
3493 2841 3614 2892 pur-

2037 2916 2237 2984 gandos
2268 2918 2422 2983 pedes
2461 2931 2581 2969 suos
2623 2916 2679 2968 in
2713 2932 2941 2985 specum.
2990 2914 3058 2970 Et
3095 2917 3262 2971 David
3297 2919 3612 2988 comitesque

2037 3008 2151 3075 ejus
2177 3009 2232 3059 in
2247 3008 2599 3068 ,interioribus
2633 3008 2775 3061 antri
2804 3011 3038 3074 partibus
3066 3009 3297 3063 latebant
3325 3008 3391 3064 ‘7.

343 3082 626 3138 κοινῶσαι
654 3085 765 3157 (14)
802 3087 944 3153 τοὺς
969 3091 1160 3156 πόδας
1191 3095 1377 3150 αὑτοῦ
1397 3112 1410 3125 ⁸
1443 3099 1541 3152 καὶ
1573 3098 1756 3152 Δαυῒδ
1784 3101 1881 3155 καὶ
1904 3103 1957 3155 οί
1989 3097 2203 3166 ἄνδρες
2239 3099 2366 3168 μετ’
2394 3098 2580 3152 αὑτοῦ
2618 3099 2689 3152 ἐν
2728 3100 2938 3169 μέρεσι
2982 3101 3106 3165 τοῖς
3143 3100 3455 3171 ἐσωτέροις
3499 3104 3608 3159 τοῦ

342 3179 647 3244 σπηλαίου
668 3181 982 3242 ἐκάθηντο.

411 3269 737 3342 Προεγράφη
768 3273 801 3341 ή
853 3274 1061 3345 ἱστορία
1097 3279 1129 3347 ἡ
1177 3280 1303 3350 περὶ
1332 3281 1502 3336 Σαοὺλ
1529 3285 1623 3338 καὶ
1652 3285 1745 3340 τοῦ
1787 3303 1926 3358 σπη-

2101 3283 2274 3350 Supra
2309 3283 2510 3350 scripta
2548 3281 2660 3349 jam
2697 3281 2800 3340 fuit
2830 3283 3006 3339 Saulis
3034 3285 3258 3341 historia
3295 3296 3459 3355 atque
3482 3301 3608 3356 spe-

341 3359 488 3412 λαίου
511 3377 522 3390 ο
550 3361 610 3413 τὸ
639 3361 696 3414 δὲ
717 3363 810 3416 τοῦ
845 3366 1009 3419 Δαόὶδ
1036 3367 1205 3439 ὄνομα
1237 3371 1508 3444 διαφόρως
1540 3377 1922 3448 ἑρμηνεύεται,

339 3451 412 3513 ὡς
453 3451 714 3518 πολλάκις
745 3456 1072 3529 εἰρήκαμεν,
1109 3462 1203 3514 καὶ
1237 3463 1510 3536 διαφόρως
1554 3468 1921 3541 λαμόάνεται’

337 3542 425 3595 ὅτε
459 3542 568 3616 γὰρ
601 3546 680 3608 εἰς
698 3547 988 3618 πρόσωπον
1010 3551 1104 3604 τοῦ
1132 3554 1335 3624 Κυρίου
1354 3549 1628 3629 εὑρήσεις,
1652 3561 1794 3615 οὕτω
1815 3563 1928 3616 κεί-

341 3652 501 3706 μενον
546 3637 905 3710 ἑρμηνεύεται
937 3646 1382 3714 πεποθημὲνος·
1415 3650 1503 3703 ὅτε
1543 3650 1599 3704 δὲ
1635 3655 1715 3716 είς
1755 3655 1927 3726 πρόσ-

335 3743 483 3781 ωπον
515 3727 622 3779 τῶν
672 3730 1090 3802 ἁμαρτανόντων
1137 3737 1228 3789 καὶ
1255 3738 1712 3809 ἐπιστρεφόντων,
1748 3747 1923 3819 ἑρμη-

335 3817 549 3872 νεύεται
597 3819 1087 3891 ἐξουθενημένος,
1145 3825 1232 3879 διὰ
1275 3828 1374 3893 τὰς
1406 3831 1682 3905 ἁμαρτίας
1735 3817 1920 3893 αὐτού.

335 3909 448 3963 Νῦν
477 3909 572 3962 τοῦ
611 3910 772 3964 Δαυῖδ
808 3911 982 3984 ὄνομα
1009 3914 1194 3968 λαϐεῖν
1227 3917 1373 3972 ἐστιν
1405 3923 1486 3985 είς
1531 3924 1623 3976 τὸν
1673 3925 1797 3980 λαὸν
1830 3929 1922 3982 τὸν

335 4002 695 4072 ἡμαρτηκότα
722 4004 813 4055 καὶ
837 4005 916 4067 εἰς
946 4005 1159 4060 σύνεσιν
1189 4008 1431 4076 ἐλθόντα,
1462 4017 1556 4069 καὶ
1580 4017 1638 4070 ἐν
1674 4018 1922 4092 σπηλαίῳ

337 4090 500 4143 αὑτὸν
540 4092 991 4158 κατακλείσαντα,
1033 4097 1126 4149 καὶ
1173 4103 1606 4174 προσευχόμενον
1644 4109 1780 4178 μετὰ
1827 4090 1920 4164 δαε-

336 4182 520 4252 κρύων
551 4184 804 4255 ἰσχυρῶς,
829 4188 923 4240 καὶ
945 4186 1452 4262 ἐξομολογούμενον,
1485 4197 1561 4260 ὡς
1580 4201 1673 4252 καὶ
1701 4201 1830 4253 αὐτὸ
1858 4203 1922 4256 τὸ

335 4275 661 4347 ἐπίγραμμα
684 4278 842 4331 τοῦτο
868 4277 1052 4351 δηλοῖ·
1081 4282 1282 4351 ὁμοίως
1313 4285 1370 4338 δὲ
1403 4288 1494 4341 καὶ
1520 4291 1548 4342 ό
1567 4290 1778 4363 ψαλμδς
1798 4294 1922 4347 ταῦ-

331 4383 402 4418 τα
433 4366 694 4421 διδάσκει.

451 4459 554 4513 Ἐν
580 4457 661 4525 τῷ
689 4459 993 4516 ἐκλείπειν
1019 4463 1089 4528 ἐξ
1121 4465 1269 4535 ἐμοῦ
1302 4467 1371 4521 τὸ
1403 4471 1646 4541 πνεῦμά
1663 4491 1801 4543 μου.

401 4549 616 4623 Σφόδρα
652 4553 999 4625 καταλλήλως
1042 4558 1106 4627 τῇ
1149 4556 1242 4611 τοῦ
1279 4560 1470 4631 καιροῦ
1499 4564 1595 4616 καὶ
1626 4564 1722 4618 τοῦ
1749 4567 1914 4620 τόπου

2029 3372 2219 3426 luncas.
2251 3372 2468 3425 Davidis
2497 3383 2678 3427 autem
2703 3387 2897 3426 nomen
2922 3375 3072 3430 varie
3090 3375 3432 3443 interpretari
3455 3377 3604 3444 licet,

2029 3477 2086 3519 ut
2127 3481 2268 3535 sa-pe
2304 3467 2416 3535 jam
2462 3467 2703 3520 diximus
2763 3467 3022 3541 varieque
3079 3468 3414 3539 intelligitur.
3464 3470 3602 3525 Nam

2025 3573 2146 3612 cum
2188 3559 2254 3612 de
2292 3557 2511 3612 homine
2551 3557 2642 3611 Dei
2673 3556 2876 3611 dictum
2919 3557 3187 3622 invenies,
3221 3569 3350 3614 tunc
3401 3561 3480 3615 sic
3513 3576 3602 3626 po-

2024 3649 2212 3712 situm,
2258 3650 2528 3718 signiﬁcat
2577 3649 2954 3702 desideratum.
2993 3649 3129 3704 Cum
3181 3661 3357 3704 autem
3397 3651 3450 3704 in
3480 3665 3601 3720 per-

2024 3754 2155 3792 soua
2200 3738 2540 3806 peccantium
2581 3746 2636 3791 et
2673 3748 2856 3791 tamen
2892 3738 3326 3807 resipiscentium
3365 3755 3599 3811 usurpa-

2025 3841 2131 3893 tur,
2159 3840 2286 3884 tunc
2321 3839 2556 3899 spretum
2597 3828 3026 3899 interpretamur
3063 3842 3284 3900 propter
3311 3830 3430 3901 ejus
3469 3847 3599 3900 pec-

2020 3930 2162 3976 cata.
2228 3919 2381 3975 Nunc
2433 3921 2652 3976 Davidis
2709 3936 2904 3976 nomen
2950 3923 3017 3977 de
3058 3923 3254 3992 populo
3307 3935 3598 3994 peccatore

2023 4013 2339 4077 adhibetur;
2375 4014 2732 4082 resipiscente
2760 4023 2963 4081 tamen,
2996 4021 3052 4066 et
3081 4014 3133 4067 in
3172 4028 3338 4082 specu
3366 4030 3426 4070 se
3459 4031 3593 4072 con-

2023 4106 2292 4170 ('ltlthllle,
2319 4115 2368 4159 et
2393 4121 2516 4159 cum
2550 4104 2805 4174 lacrymis
2835 4104 3011 4159 valide
3031 4113 3224 4159 orante
3244 4114 3299 4158 et
3332 4109 3596 4161 contiten-

2023 4209 2094 4260 te,
2129 4209 2187 4252 ut
2216 4199 2331 4268 ipsa
2369 4197 2650 4267 inscriptio
2689 4198 3049 4253 demonstrat.
3086 4196 3331 4252 Psalmus
3375 4213 3592 4269 quoque

2021 4293 2133 4360 ipse
2163 4290 2350 4344 eadem
2375 4290 2550 4344 docet.

2112 4464 2277 4520 Vens.
2307 4463 2362 4517 4.
2391 4462 2457 4516 1η
2494 4461 2784 4530 deﬁciendo
2812 4477 2878 4514 ea:
2915 4476 2996 4514 me
3019 4461 3259 4529 spiritum
3299 4477 3488 4515 meum.

2091 4557 2490 4615 Convenieuter
2531 4555 2822 4608 admodum
2863 4563 2917 4608 et.
2956 4555 3218 4620 temporis
3253 4563 3309 4608 et
3344 4553 3446 4609 loci
3492 4570 3596 4608 an-

334 4646 530 4715 συνοχῇ
559 4645 652 4696 καὶ
675 4644 847 4698 ταῦτα
877 4645 1124 4702 λέλεκται
1146 4666 1160 4679 ’
1195 4650 1318 4704 ὅσον
1346 4651 1454 4726 γὰρ
1483 4655 1570 4709 ἐπ’
1604 4656 1911 4729 ἀνθρώποις

2029 4654 2208 4725 gustiis
2242 4651 2358 4706 hzec
2390 4663 2604 4719 quoque
2636 4647 2778 4702 dicta
2818 4647 2986 4702 luere.
3023 4646 3157 4700 Nam
3207 4658 3469 4717 quantum
3504 4664 3594 4711 res

328 4734 475 4788 ἔνδον
523 4736 582 4788 ἐν
614 4736 691 4807 τῷ
725 4737 972 4809 σπηλαίῳ
1013 4741 1389 4812 συνεχόμενος,
1431 4747 1628 4811 παντὸς
1663 4748 1908 4820 δρασμοῦ

327 4827 422 4880 καὶ
452 4828 629 4900 φυγῆς
678 4828 1081 4895 ὲπεκέκλειστο,
1111 4830 1235 4885 οὔτε
1289 4833 1387 4905 μία
1412 4853 1471 4890 τε
1528 4839 1709 4910 παρῆν
1759 4841 1907 4913 αύτῷ

329 4919 579 4992 βοηθείας
598 4919 754 4984 ἐλπίς
772 4937 785 4950 ·
809 4921 924 4975 ἀλλ’
951 4923 1072 4976 οὐδὲ
1101 4918 1171 4995 ἦν
1199 4927 1227 4977 ό
1256 4926 1356 4997 τὴν
1377 4927 1554 5000 ψυχὴν
1587 4931 1751 4985 αὐτοῦ
1783 4933 1905 5003 ῥυό-

329 5028 489 5081 μενος
529 5012 563 5084 ﬁ
599 5011 894 5085 ἐπιζητῶν.
939 5014 1113 5087 Ὀρῶν
1145 5015 1202 5069 δὲ
1235 5018 1363 5082 τοὺς
1385 5019 1483 5089 τῆς
1519 5021 1698 5093 ψυχῆς
1737 5024 1901 5078 αὐτοῦ

327 5104 550 5175 νοητοὺς
575 5103 824 5176 ἐχθροὺς,
857 5105 977 5159 ὅλον
1007 5107 1166 5161 τοῦτο
1200 5113 1732 5182 κατεργασαμένους,
1762 5115 1904 5184 λέγω

324 5195 382 5248 δὲ
408 5195 468 5247 τὸ
500 5196 758 5251 εἰσελθεῖν
786 5198 958 5252 Σαοὺλ
983 5200 1064 5262 εἰς
1089 5199 1150 5253 τὸ
1182 5201 1442 5272 σπήλαιον
1475 5205 1614 5277 ὑπὲρ
1642 5205 1737 5260 τοῦ
1775 5208 1903 5262 συλ-

323 5283 596 5356 ληφθῆναι
645 5289 737 5342 τὺν
789 5289 970 5355 Δαυῒδ,
1010 5291 1236 5355 εἰκότως
1269 5292 1453 5362 ἔλεγεν
1475 5296 1554 5363 τὸ,
1589 5299 1904 5368 "Expugnare

323 5375 546 5446 παγίδα
579 5395 702 5446 μοι.
727 5378 871 5432 Ἀλλ’
916 5381 976 5432 οὐ
1015 5384 1436 5455 προκεχωρήκει
1479 5386 1662 5450 αὐτοῖς
1703 5389 1771 5442 τὰ
1804 5389 1905 5460 τῆς

321 5469 548 5538 παγίδος
575 5467 665 5521 διὰ
699 5469 797 5541 τὴν
824 5473 1188 5545 προκειμένην
1216 5478 1524 5549 προσευχήν
1543 5496 1556 5508 ·
1604 5479 1818 5552 θαρσῶν
1848 5481 1905 5536 δὲ

319 5563 389 5631 τῇ
417 5558 511 5614 τοῦ
545 5560 662 5631 βίου
701 5561 864 5614 αὖτοῦ
901 5565 1117 5637 πορείᾳ,
1153 5569 1273 5631 ταῖς
1310 5583 1369 5620 τε
1403 5569 1631 5638 πράξεσι
1662 5572 1757 5627 καὶ
1784 5576 1905 5638 ταῖς

391 5714 474 5768 ’⁷1
509 5715 643 5787 Reg.
681 5732 832 5784 xxiv,
865 5717 972 5772 l-«i.

370 5854 502 5926 I(ti)
535 5853 607 5911 Ita
638 5857 760 5913 cod.
794 5857 902 5915 Sed
935 5874 1061 5915 num
1083 5874 1189 5932 pro
1222 5860 1601 5916 ἀποκενῶσαιῖ

2016 4747 2266 4800 humanae
2312 4741 2579 4804 ferebant,
2636 4737 2776 4790 intra
2833 4752 3050 4808 specum
3115 4737 3402 4792 conclusus
3441 4739 3592 4792 omni

2013 4834 2278 4892 evadendi
2338 4831 2599 4888 facultate
2654 4827 2963 4900 effugioque
3013 4831 3272 4894 carebat,
3325 4830 3588 4900 nullaque

2012 4940 2131 4989 erat
2159 4929 2344 4984 auxilii
2366 4944 2512 4997 spes,
2544 4943 2644 4984 nec
2677 4929 2964 4999 quisquam
3008 4927 3175 4981 vitam
3203 4927 3324 4996 ejus
3356 4927 3590 4981 liberare

2012 5023 2308 5091 sntagebat.
2341 5019 2540 5076 Videns
2585 5030 2766 5075 autem
2806 5021 3001 5074 anima:
3031 5035 3146 5075 suae
3185 5019 3585 5074 intellectuales

2011 5120 2196 5174 hostes
2231 5114 2354 5168 huic
2383 5113 2597 5183 negotio
2625 5113 2885 5178 intentos,
2926 5112 3168 5176 Saulem,
3226 5113 3469 5182 inquam,
3504 5114 3586 5166 iu-

2013 5217 2093 5261 tra
2115 5221 2336 5276 Specum
2360 5208 2663 5277 ingressum
2687 5204 2755 5257 ad
2783 5205 3102 5274 capiendum
3131 5206 3407 5270 Davidem,
3437 5215 3586 5260 recte

2011 5299 2232 5353 aiebat:
2265 5297 2530 5368 Laqueunt
2561 5298 2937 5352 absconderant
2967 5298 3117 5351 mihi.
3155 5297 3260 5352 Sed
3292 5311 3586 5351 caruerunt

2011 5388 2208 5445 effectu
2248 5391 2683 5447 insidiaeillorum
2744 5401 2964 5460 propter
3004 5390 3144 5444 hanc
3183 5403 3425 5458 precem.
3467 5387 3584 5458 Ipse

2012 5491 2198 5536 autem
2228 5483 2467 5539 conlisus
2497 5485 2619 5552 vita:
2647 5498 2759 5538 suae
2786 5481 3358 5546 rationi,'actibusque
3391 5491 3447 5535 et
3478 5482 3582 5536 viis

2010 5575 2208 5645 quibus
2236 5575 2530 5645 institerat,
2568 5577 2766 5648 injuste
2804 5574 3062 5645 expulsus
3107 5581 3164 5628 et
3214 5581 3581 5643 oppugnatus,
