4138 6420
566 410 636 463 ιΠ
1236 405 1504 462 EUSEBll
1543 401 2020 459 CESARIENSIS
2061 400 2213 456 OPP.
2255 400 2435 455 PARS
2475 400 2563 455 Ill.
2600 431 2666 440 —-
2708 399 3122 456 EXEGETICA.
3761 398 3832 450 ιιι

563 526 693 582 dicit
727 524 838 578 Deo
869 541 881 576 :
914 533 967 576 et
996 531 1050 576 tu
1073 519 1366 589 cognovisti
1389 519 1612 573 semitas
1636 532 1808 574 meas.

851 791 1007 845 Vens.
1035 791 1086 844 6.
1117 791 1199 843 Ad
1235 800 1302 853 te,
1335 789 1580 854 Domine,
1614 789 1862 843 clamavi.

636 888 842 942 Rursus
876 887 975 938 hoc
1015 883 1176 937 etiam
1212 883 1329 938 loco
1369 881 1610 936 clamare
1663 894 1721 936 se
1772 881 1991 948 fatetur,
2035 896 2139 934 non

563 977 904 1048 simpliciter,
934 974 1026 1028 sed
1059 974 1126 1025 ad
1155 972 1459 1025 Dominum.
1483 970 1697 1040 Alioqui
1726 985 1825 1024 nec
1853 957 1971 1023 ﬁeri
1992 981 2143 1040 pote—

565 1081 647 1126 rat
677 1081 734 1124 ut
762 1083 949 1123 vocem
982 1065 1276 1128 attolleret,
1319 1073 1587 1131 praesente
1628 1063 1804 1117 hoste.
1853 1061 1971 1117 Jam
2011 1077 2141 1118 vero

566 1167 620 1218 in
664 1162 772 1216 Deo
808 1157 1181 1213 tantummodo
1229 1171 1377 1224 spem
1425 1169 1578 1209 suam
1629 1154 1936 1223 reposuisse
1972 1155 2140 1208 conli-

568 1267 704 1319 tens,
738 1269 766 1307 a
796 1266 962 1319 scopo
998 1265 1105 1305 non
1149 1247 1452 1313 aberravit;
1482 1246 1680 1302 etenim
1707 1261 1832 1316 spes
1866 1262 1973 1302 non
2010 1262 2140 1303 con-

565 1349 761 1401 fundit.
805 1344 937 1398 Nam
964 1342 1065 1396 etsi
1091 1341 1274 1412 aliqua
1308 1341 1606 1394 viventium
1659 1349 1803 1392 terra
1852 1339 1945 1405 sit,
1993 1341 2141 1407 equi-

565 1441 710 1505 dem,
740 1437 938 1505 inquit,
967 1434 1140 1488 l'ateor
1184 1447 1356 1488 meam
1397 1441 1446 1486 te
1488 1431 1660 1486 solum
1693 1446 1813 1486 esse
1852 1447 2024 1500 spem.
2057 1431 2138 1486 Tu

563 1533 710 1586 enim
747 1545 872 1599 spes
916 1543 1033 1582 mea
1067 1540 1126 1581 es
1156 1528 1206 1580 in
1244 1536 1386 1579 terra
1430 1525 1724 1578 viventium
1746 1565 1762 1588 ,
1815 1525 1894 1578 ita
1925 1533 2004 1588 ut,
2035 1523 2137 1578 nisi

569 1635 620 1679 te
645 1623 927 1681 haberem,
968 1619 1110 1673 baud
1144 1618 1254 1688 jam
1296 1617 1602 1671 viventibus
1638 1626 1794 1671 terra:
1825 1615 2014 1670 incolis
2045 1615 2139 1668 ad-

568 1728 910 1770 numerarer.
937 1709 1105 1764 Porro
1135 1709 1425 1763 viventium
1457 1718 1623 1773 terra,
1648 1722 1992 1777 nequaquam
2023 1707 2138 1760 haec

568 1817 653 1863 est
697 1820 819 1875 quae
849 1819 878 1858 a
909 1803 1064 1858 nobis
1111 1801 1378 1864 calcatur,
1431 1800 1622 1854 mortis
1669 1803 1814 1854 enim
1861 1815 1924 1854 ea
1957 1799 2137 1867 potius

2169 523 2215 578 Α
2242 516 2381 579 ὁδοῖς
2431 512 2520 578 αἷς
2556 515 2823 579 ἐϐάδιζεν,
2868 516 3068 580 ἀδίκως
3126 513 3482 585 ἐλαυνόμενος
3531 513 3625 566 καὶ
3672 515 3833 565 πολε-
3913 518 3926 530 ⁸

2247 606 2534 679 μούμενος,
2571 608 2704 678 φησὶ
2750 607 2829 678 τῷ
2853 607 2974 678 Θεῷ
2995 625 3008 638 ·
3059 607 3154 660 καὶ
3181 608 3246 660 σὺ
3274 606 3445 674 ἐγνως
3480 603 3579 667 τάς
3612 604 3830 675 τρίϐους

2247 717 2373 772 μου.

2612 790 2769 859 Πρὸς
2795 790 2889 853 σὲ,
2915 792 3110 859 Κύριε,
3136 789 3453 859 ἐκέκραξα.

2315 882 2482 935 Πάλιν
2512 883 2604 936 καὶ
2644 884 2880 936 ἐνταῦθα
2912 881 3139 954 κράζειν
3179 882 3448 952 ὁμολογεῖ,
3484 881 3583 952 οὐχ
3614 881 3824 946 ἁπλῶς,

2242 973 2376 1027 ἀλλὰ
2404 974 2541 1046 πρὸς
2572 975 2664 1027 τὸν
2691 976 2895 1046 Κύριον
2914 992 2928 1006 ’
2968 975 3144 1038 ἄλλως
3171 975 3282 1045 γὰρ
3303 974 3563 1028 ἀδύνατον
3585 969 3653 1046 ἦν
3678 975 3830 1045 αὐτῷ

2242 1066 2427 1138 φωνὴν
2463 1068 2704 1135 ἀφιέναι,
2749 1067 2974 1138 πλησίον
3020 1066 3288 1139 παρόντος
3327 1065 3423 1119 τοῦ
3470 1065 3699 1137 ἐχθροῦ’
3730 1064 3830 1137 τὴν

2243 1157 2414 1228 μόνην
2448 1158 2504 1212 δὲ
2547 1158 2732 1211 ἐλπίδα
2761 1157 2928 1212 αὑτοῦ
2974 1159 3064 1212 τὸν
3095 1158 3226 1211 Θεὸν
3269 1157 3413 1227 ἔχειν
3464 1157 3827 1229 ὁμολογήσας,

2238 1250 2340 1303 οὐκ
2366 1249 2593 1314 ἐξέπεσε
2621 1249 2716 1303 τοῦ
2756 1250 2961 1304 σκοποῦ
2983 1268 2995 1280 ·
3044 1253 3077 1321 ἡ
3117 1250 3224 1322 γὰρ
3254 1251 3407 1313 ἐλπὶς
3437 1250 3497 1304 οὐ
3533 1248 3828 1319 καταισχύ-

2241 1358 2339 1394 νει·
2361 1340 2494 1394 άλλά
2523 1341 2616 1394 καὶ
2641 1341 2696 1394 εῐ
2722 1359 2806 1406 τις
2834 1342 2985 1396 ἔσται
3010 1346 3080 1413 γῆ
3113 1341 3349 1406 ζώντων,
3380 1340 3646 1412 ὁμολογῶ,
3671 1343 3825 1410 φησι,

2243 1432 2511 1504 μηδεμίαν
2539 1433 2683 1502 ἔχειν
2712 1437 2896 1505 χώραν
2926 1437 2982 1487 ἐν
3007 1434 3178 1505 ταύτῃ
3210 1434 3243 1505 ἦ
3277 1434 3334 1486 σὲ
3368 1434 3526 1504 μόνον
3552 1433 3650 1503 τὴν
3687 1434 3827 1505 ἐμὴν

2239 1525 2462 1578 ἐλπίδα·
2502 1527 2568 1579 σὺ
2594 1526 2702 1598 γὰρ
2726 1522 2776 1579 εἶ
2809 1525 2962 1590 Θεὸς,
2989 1529 3022 1598 ἡ
3054 1527 3211 1597 μερίς
3241 1543 3342 1596 μου
3378 1527 3436 1578 ἐν
3469 1527 3539 1595 γῇ
3573 1523 3822 1588 ζώντων·

2239 1616 2313 1681 ώς
2347 1619 2394 1670 εί
2431 1617 2506 1687 μὴ
2535 1618 2594 1670 σέ
2631 1615 2796 1689 εἶχον,
2818 1621 2918 1672 οὐκ
2943 1618 3008 1672 ἂν
3036 1617 3328 1688 ἐξετάσθην
3358 1617 3487 1669 ποτέ
3515 1618 3571 1668 ἐν
3601 1619 3671 1686 γῇ
3696 1614 3830 1680 ζών-

2238 1726 2364 1762 των.
2411 1709 2636 1763 Ζώντων
2683 1710 2741 1764 δὲ
2778 1711 2876 1781 γῆ,
2909 1711 3006 1779 ούχ
3045 1711 3079 1781 ἡ
3117 1709 3430 1780 πατουμένη
3473 1707 3568 1761 νῦν
3599 1709 3734 1779 πρὸς
3761 1708 3826 1778 ἡ·

2246 1801 2382 1871 μῶν,
2413 1800 2646 1854 Θανάτου
2674 1801 2784 1874 γὰρ
2817 1802 2889 1872 γῆ
2914 1802 3006 1854 καὶ
3031 1801 3239 1872 νεκρῶν
3268 1799 3430 1868 αῦτη,
3451 1798 3564 1852 ἀλλ’
3597 1799 3665 1868 ὴν
3699 1797 3828 1868 κλη-

571 1911 713 1954 terra
767 1908 870 1961 est,
927 1897 1020 1952 sed
1065 1911 1226 1966 quam
1276 1895 1440 1949 mites
1471 1893 1886 1955 haereditabunt,
1929 1892 1983 1945 in
2034 1905 2137 1960 qua

2248 1869 2644 1964 ρονομήσουσιν
2686 1869 2970 1964 οἷ’πραεῖς
2991 1913 3002 1924 ·
3056 1869 3142 1961 eq}
3239 1891 3438 1956 ζῶντες
3464 1892 3664 1954 πάντες
3689 1889 3828 1944 κατᾷ

567 2007 757 2045 (mines
786 1991 1027 2043 viventes
1057 1999 1258 2042 aeterna
1288 2001 1408 2040 cum
1450 1986 1558 2038 vita
1595 1984 1858 2038 habitant.

567 2085 733 2140 V’Ens.
778 2083 832 2136 5.
884 2079 1005 2134 Non
1022 2089 1132 2160 erat
1176 2079 1264 2159 qui
1308 2085 1637 2158 cognosceret
1688 2091 1790 2128 me.
1831 2104 1900 2113 —
1937 2073 2003 2127 Et
2036 2090 2139 2127 non

867 2163 941 2205 εει
978 2159 1066 2218 qui
1101 2159 1329 2216 requirat
1369 2163 1600 2200 amatam
1645 2162 1833 2198 meam.

634 2245 692 2300 Si
723 2244 846 2313 quis
875 2244 944 2297 ab
985 2245 1080 2306 iis,
1113 2241 1204 2311 qui
1247 2239 1498 2295 ecclesiis
1549 2252 1779 2307 praeesse
1823 2236 2141 2290 existiman-

563 2347 670 2401 tur,
704 2337 994 2407 negligitur
1017 2344 1073 2389 et
1101 2333 1416 2388 nullatenus
1454 2329 1776 2398 requiritur,
1821 2328 2141 2396 tempestive

564 2429 668 2483 hoc
697 2427 882 2490 dicet;
939 2434 993 2479 et
1022 2425 1166 2493 quod
1197 2423 1441 2492 sequitur
1475 2419 1659 2483 addet,
1699 2419 1995 2473 clamorem
2034 2417 2142 2472 sci-

563 2519 691 2571 licet
725 2516 1009 2578 ad-Deum,
1033 2524 1087 2567 et
1112 2527 1170 2566 se
1209 2527 1312 2565 non
1344 2526 1566 2580 sperare
1591 2525 1619 2564 ιι
1651 2509 2006 2578 principibus,
2041 2509 2137 2562 sed

565 2623 595 2662 a
626 2606 891 2671 Domino;
937 2614 994 2659 et
1023 2602 1328 2670 portionem
1359 2616 1418 2653 se
1471 2599 1668 2652 habere
1700 2598 1752 2651 in
1784 2608 1924 2651 terra
1952 2597 2141 2651 viven-

499 2717 512 2730 ο
567 2699 725 2763 tium,
756 2711 861 2751 non
901 2705 1083 2750 autem
1112 2693 1165 2746 in
1201 2703 1341 2746 terra
1374 2689 1682 2744 oblivionis.

1076 2783 1398 2841 PSALMUS
1434 2782 1637 2839 CXLII.

636 2882 956 2951 Quicunque
1004 2880 1255 2934 maximis
1300 2876 1689 2931 tentationibus
1729 2873 2141 2942 immodicisque

565 2974 836 3043 pressaris
886 2982 1124 3042 urgetur,
1147 2970 1432 3027 commode
1455 2979 1630 3024 utetur
1663 2965 1916 3038 praesenti
1955 2980 2136 3032 prece.

569 3069 858 3137 Propterea
908 3065 1144 3133 psalmus
1181 3064 1300 3118 sine
1340 3061 1493 3115 titulo
1549 3071 1654 3114 est.
1697 3059 1861 3112 Audit
1918 3057 2136 3127 quidem

567 3174 761 3215 omnes
787 3157 1066 3218 Dominus,
1100 3169 1304 3225 paucos
1332 3163 1510 3208 tamen
1551 3152 1794 3208 exaudit.
1839 3149 2136 3219 Ca'teroqui

2239 1984 2340 2054 τὴν
2373 1983 2586 2037 αἰώνιον
2612 1983 2756 2056 ζωὴν
2790 1984 3171 2055 διατρίϐουσιν.

2245 2078 2367 2128 οὐκ
2390 2075 2470 2144 ἦν
2500 2080 2532 2129 o'
2560 2075 2972 2146 ἐπιγινώσκων
2994 2077 3288 2144 Ila—013x
3314 2075 3484 2127 ἐστιν
3519 2076 3550 2127 ό
3573 2068 3832 2139 ἐκζητῶν·

2729 2147 2843 2212 τὴν
2871 2147 3084 2214 ψυχήν
3103 2163 3240 2213 μου.

2325 2238 2384 2290 Ὁ
2413 2237 2518 2290 ὑπὸ
2542 2238 2650 2290 τῶν
2678 2238 3035 2312 προΐστασθαι
3065 2236 3173 2289 τῶν
3200 2234 3505 2306 ἐκκλησιῶν
3537 2233 3831 2305 νομιζομέ-

2238 2348 2347 2384 νων
2372 2329 2739 2401 ἀμελούμενος
2788 2332 2881 2384 καὶ
2917 2329 3161 2400 μηδόλως
3215 2327 3611 2397 ἐκζητούμενος
3652 2324 3831 2378 εὐκαί-

2245 2440 2352 2493 ρως
2380 2421 2537 2475 τοῦτο
2589 2424 2734 2492 ἐρεῖ·
2768 2423 2863 2476 καὶ
2900 2422 2962 2474 τὸ
3003 2421 3128 2490 ἐξῆς
3157 2420 3409 2490 ἐπιφέρει
3447 2419 3508 2471 τὸ
3559 2417 3830 2488 κεκραγὸς

2243 2514 2378 2584 πρὸς
2404 2514 2494 2565 τὸν
2535 2513 2688 2576 Θεὸν,
2718 2513 2812 2565 καὶ
2848 2513 2924 2582 μὴ
2954 2511 3196 2574 ἐλπίζειν
3221 2513 3314 2565 ἐπὶ
3342 2511 3683 2582 ἡγουμένοις,
3711 2510 3828 2563 ἀλλ’

2243 2606 2336 2658 ἐπὶ
2371 2605 2583 2675 Κυρίῳ,
2615 2605 2710 2657 και⁵
2748 2605 2944 2675 μερίδα
2967 2603 3109 2673 ἐχειν
3144 2605 3203 2657 ἐν
3243 2607 3313 2674 γῇ
3348 2602 3564 2666 ζώντων
3605 2603 3699 2655 καὶ
3727 2602 3832 2658 οῦκ

2245 2699 2304 2750 ἐν
2339 2697 2741 2769 ἐπιλελησμένῃ
2765 2699 2858 2765 γῇ.

2792 2787 3084 2840 ΨΑΛΜΟΣ
3113 2786 3289 2839 PMB’.

2313 2883 2430 2944 Πᾶς
2457 2883 2485 2935 ὁ
2517 2881 2574 2933 ἐν
2615 2880 2890 2949 μεγίστοις
2926 2881 3250 2950 πειρασμοῖς
3276 2878 3370 2930 καὶ
3396 2877 3636 2945 θλίψεσιν
3659 2878 3831 2950 ὑπεπτ-

2244 2973 2567 3036 6αλλούσαις
2590 2971 2993 3042 ἐξεταζόμενος,
3030 2971 3301 3041 εὐκαίρως
3329 2971 3590 3039 χρήσαιτο
3608 2973 3672 3038 τῇ
3704 2986 3834 3041 προ-

2243 3066 2467 3136 κειμένῃ
2500 3067 2776 3135 προσευχῇ
2799 3080 2812 3092 ·
2857 3063 2936 3115 διὸ
2986 3063 3079 3115 καὶ
3114 3062 3488 3133 ἀνεπίγραφος
3527 3063 3554 3114 ὁ
3593 3061 3828 3132 ψαλμός.

2243 3156 2459 3211 Ἀκούει
2479 3156 2576 3227 μὲν
2594 3151 2686 3208 οὖν
2711 3156 2928 3208 πάντων
2943 3157 2970 3207 ό
2988 3153 3212 3225 Κύριος,
3234 3154 3428 3221 ὀλίγων
3443 3153 3500 3206 δέ
3522 3152 3792 3206 είσακούει
3812 3168 3830 3182 ο

567 3253 613 3306 si
647 3252 713 3306 iis
735 3252 823 3319 qui
875 3264 974 3304 nos
1021 3256 1183 3303 orant
1239 3261 1427 3300 aurem
1495 3245 1883 3316 praeberemus,
1940 3253 2141 3297 nostra:

2245 3249 2337 3302 ἐὰν
2371 3248 2480 3301 τῶν
2521 3247 2792 3318 δεομένων
2829 3245 2985 3317 ἡμῶν
3028 3245 3443 3315 ἐπακούσωμεν,
3498 3245 3834 3313 ἀκουσθησο-

567 3343 771 3406 pariter
806 3355 994 3410 preces
1039 3339 1379 3392 audirentur.
1425 3336 1586 3391 Certe
1632 3336 1723 3404 qui
1771 3349 1894 3389 cum
1945 3333 2138 3388 ﬁducia

2245 3340 2383 3412 μεθα
2416 3341 2510 3393 καὶ
2555 3339 2706 3392 αὐτοί
2728 3356 2742 3370 ο
2781 3340 2810 3391 ό
2844 3338 3061 3410 θαρσῶν
3096 3338 3152 3391 δέ
3188 3341 3254 3408 τῇ
3301 3337 3493 3390 ἐαυτοῦ
3550 3339 3829 3409 προσευχῇ

566 3445 708 3497 orat,
768 3435 1067 3488 auditorem
1125 3445 1389 3502 provocat
1439 3431 1634 3484 Deum.
1686 3427 1791 3481 Alii
1843 3425 1996 3479 aiunt
2032 3441 2138 3479 non

2245 3433 2516 3502 ἀκροατὴν
2554 3434 2710 3485 καλεῖ
2749 3431 2841 3484 τὸν
2868 3431 3020 3484 Θεόν.
3075 3430 3257 3484 ’Λλλοι
3297 3429 3351 3482 δέ
3402 3446 3533 3498 φασι
3569 3413 3643 3500 μῆ
3691 3423 3832 3480 εἶναι

563 3541 688 3581 esse
735 3525 853 3579 sine
906 3522 1061 3577 titulo
1105 3521 1393 3590 psalmum,
1432 3521 1526 3574 sed
1568 3517 1790 3572 inscribi
1832 3534 1846 3570 :
1896 3513 2141 3569 Psalmus

2246 3523 2617 3593 ἀνεπίγραφον
2645 3523 2736 3576 τὸν
2773 3522 3006 3592 ψαλμὸν,
3042 3523 3153 3576 ἀλλ’
3187 3520 3608 3592 ἐπιγεγράφθαι,
3666 3522 3830 3575 Ψαλ-

569 3617 784 3678 l)avidi,
815 3631 934 3668 cum
989 3629 1106 3668 eum
1151 3612 1295 3680 [ilius
1329 3620 1725 3680 persequeretur
1766 3620 1784 3658 :
1831 3606 1922 3661 sed
1956 3621 2059 3660 non
2087 3605 2139 3658 iu

2245 3615 2351 3682 μὸς
2389 3613 2467 3679 τῷ
2505 3615 2705 3681 Δαυῒδ,
2750 3614 2846 3668 ὅτε
2873 3615 3060 3668 αὐτὸν
3101 3618 3135 3668 ὁ
3165 3614 3295 3677 υίὸς
3333 3612 3710 3666 κατεδίωκεν.
3749 3613 3829 3663 οὗ

566 3709 775 3762 cunctis
828 3703 1363 3774 interpretationibus
1417 3703 1519 3756 hoc
1579 3701 1824 3769 ponitur.
1877 3699 2134 3752 Altamen

2245 3707 2328 3760 διὰ
2359 3708 2547 3761 πασῶν
2581 3707 2761 3776 μέντοι
2792 3707 2900 3760 τῶν
2922 3705 3226 3778 ἐρμηνειῶν
3281 3705 3600 3776 πρόσκειται
3634 3701 3789 3755 τοῦτο
3811 3719 3824 3731 ·

564 3815 686 3870 qum
721 3800 811 3853 hic
831 3797 1110 3857 dicuntur,
1139 3811 1245 3850 non
1281 3802 1602 3863 repugnant.
1637 3789 1743 3846 Sed
1779 3789 1910 3844 nihil
1937 3791 2138 3851 obstat,

566 3890 857 3961 quominus
884 3889 952 3942 de
982 3887 1166 3940 Saulis
1193 3885 1567 3954 persecutione
1592 3884 1708 3936 hcec
1748 3881 1890 3936 dicta
1919 3879 2138 3934 fuerint.

713 3980 876 4034 Vens.
906 3979 962 4034 4.
1000 3977 1241 4032 Τανάίιιηι
1271 3993 1458 4044 passus
1484 3985 1556 4029 est
1583 3978 1800 4041 spiritus
1829 3990 1995 4028 meus.

643 4072 877 4142 Spiritus
900 4069 1134 4124 hominis
1165 4068 1381 4122 ta:dium
1407 4067 1637 4136 patitur,
1670 4081 1790 4120 cum
1830 4081 1928 4119 cor
1951 4065 2142 4118 turba-

571 4178 659 4220 tur
713 4175 1086 4218 rememorans
1142 4159 1414 4230 quomodo
1478 4157 1731 4210 inimicus
1784 4155 2145 4224 prostraverit

568 4255 718 4311 humi
748 4254 909 4307 vitam
935 4251 1074 4320 ejus,
1104 4264 1333 4318 eamque
1383 4249 1435 4302 in
1470 4247 1769 4302 tenebrosis
1816 4245 1954 4300 locis
2010 4261 2143 4300 con-

569 4348 810 4403 stituerit
836 4356 892 4399 ut
915 4355 1160 4399 mortuos
1198 4341 1404 4398 seculi.
1449 4340 1775 4404 Turbatum,
1808 4340 2004 4408 inquit,
2049 4353 2146 4392 cor

571 4453 770 4500 meutn,
807 4437 1110 4506 passionem
1146 4435 1294 4488 intus
1319 4432 1609 4495 continuit,
1643 4446 1749 4485 non
1794 4431 1930 4484 adeo
1961 4432 2144 4484 conci-

2240 3799 2309 3852 τὰ
2338 3798 2392 3851 δὲ
2435 3799 2706 3868 λεγόμενα
2737 3799 2836 3852 οὐκ
2869 3800 3155 3870 ἀλλότριαο
3203 3798 3357 3850 οὐδὲν
3383 3797 3440 3849 δέ
3473 3795 3671 3849 κωλύει
3699 3795 3833 3866 περὶ

2243 3893 2341 3962 τῆς
2375 3892 2478 3945 ὑπὸ
2511 3891 2684 3944 Σαοὺλ
2705 3890 2937 3957 διώξεως
2960 3889 3211 3961 εἰρῆσθαι
3245 3889 3400 3942 αὐτά.

2487 3983 2842 4051 Ἠκηδίασεν
2865 3983 2959 4036 ἐπ’
2985 3982 3090 4050 ἐμὲ
3111 3982 3174 4034 τὸ
3209 3980 3444 4050 πνεῦμά
3463 3998 3604 4049 μου.

2314 4075 2388 4127 Τὸ
2448 4073 2664 4146 πνεῦμα
2714 4073 2810 4128 τοῦ
2857 4072 3143 4146 ἀνθρώπου
3193 4075 3252 4126 τὸ
3303 4076 3360 4126 ἐν
3407 4072 3558 4142 αύτῷ
3605 4071 3826 4140 ἀκηδιᾷ,

2244 4166 2519 4237 ἐπειδάνή
2553 4167 2748 4237 καρδία
2792 4165 3036 4236 ταραχθῇ
3072 4164 3370 4235 μνησθεῖσα
3413 4162 3530 4225 πῶς
3572 4165 3600 4216 ὁ
3635 4161 3831 4233 ἐχθρὸς

2245 4259 2610 4312 ἐταπείνωσεν
2638 4261 2716 4321 είς
2757 4259 2858 4329 τὴν
2873 4257 2978 4325 γῆν
3018 4258 3118 4325 τὴν
3151 4255 3294 4326 ζωὴν
3332 4253 3521 4323 αὐτῆς,
3552 4255 3644 4307 καὶ
3669 4253 3744 4317 ὡς
3770 4255 3828 4306 ἐ-

2245 4349 2466 4403 κάθισεν
2499 4351 2666 4422 αὐτὴν
2706 4353 2766 4404 ἐν
2796 4351 3085 4411 σκοτεινοῖς
3113 4347 3187 4410 ώς
3215 4348 3439 4417 νεκροὺς
3473 4346 3666 4408 αἰῶνος
3691 4361 3704 4374 ·
3729 4360 3830 4398 τα-

2250 4442 2504 4514 ραχθεῖσα
2531 4442 2609 4507 δὲ,
2646 4442 2830 4511 φησὶν,
2864 4444 2895 4510 ἡ
2925 4439 3119 4511 καρδία
3154 4456 3255 4510 μου
3285 4441 3342 4492 ἐν
3366 4440 3525 4508 αὐτῇ,
3557 4437 3703 4490 ἔνδον
3722 4437 3824 4488 ἐπ-

572 4531 728 4592 dens,
773 4536 832 4581 ut
876 4527 1049 4595 palam
1103 4525 1312 4580 cunctis
1357 4523 1636 4580 extraneis
1681 4520 1823 4576 foret
1859 4521 1977 4588 ejus
2030 4529 2141 4574 tur-

2249 4535 2373 4605 ἐσχε
2409 4535 2470 4587 τὸ
2513 4533 2683 4596 πάθος
2712 4532 2990 4595 παντελῶς
3023 4531 3098 4602 μὴ
3124 4530 3451 4591 ἐκπεσοῦσα,
3503 4530 3578 4591 ώς
3609 4529 3690 4591 είς
3720 4544 3824 4596 φα·-

569 4619 734 4674 batio.

749 4823 911 4877 Vens.
937 4822 990 4876 5.
1030 4819 1232 4874 Memor
1248 4819 1326 4887 [ui
1369 4820 1572 4872 dierum
1604 4819 1966 4887 antiquorum.

643 4915 778 4983 Quia
814 4924 869 4968 et
900 4913 1109 4983 Moyses
1135 4911 1355 4964 mandat
1393 4911 1616 4963 dicens:
1642 4907 2146 4964 Recordamim'die—

573 5028 693 5066 rum
747 5005 929 5064 swculi
962 5007 1048 5072 ⁸⁶;
1116 5013 1170 5056 et
1224 5002 1392 5057 David
1449 5003 1650 5070 pariter
1697 5001 1821 5057 ait:
1861 5008 2144 5056 Annorum

573 5111 888 5158 wternorum
919 5097 1219 5160 memini,et
1239 5094 1568 5148 consideravi
1587 5093 1632 5126 ’⁵⁸
1661 5111 1676 5160 ;
1712 5103 1856 5149 recte
1875 5094 1980 5148 sibi
2015 5107 2147 5148 cou-

572 5194 756 5249 sulens
791 5191 898 5255 hic,
936 5189 1090 5258 cujus
1120 5202 1215 5242 cor
1251 5187 1521 5240 turbatum
1559 5195 1666 5249 est,
1695 5185 1932 5241 recurrit
1964 5185 2147 5240 animo

573 5287 642 5340 ad
674 5285 923 5353 antiquos
945 5282 1063 5337 dies
1086 5296 1232 5344 suos,
1264 5281 1459 5350 quibus
1479 5289 1602 5333 ante
1631 5280 1996 5336 turbationem
2019 5277 2143 5333 felix

575 5389 727 5443 erat,
783 5375 867 5430 vel
919 5376 1168 5443 antiquas
1217 5373 1476 5428 historias
1519 5372 1570 5427 in
1609 5381 1844 5427 mentem
1880 5381 2142 5426 revocat:

574 5480 961 5538 resumptaque
989 5482 1170 5520 rerum
1200 5465 1478 5529 memoria,
1507 5464 1802 5519 meditatur
1833 5478 2000 5532 opera
2031 5463 2149 5528 Dei,

575 5571 631 5615 et
683 5575 936 5614 manuum
983 5558 1099 5628 ejus
1147 5557 1400 5622 facturas,
1441 5571 1549 5609 non
1599 5556 1872 5609 modicum
1908 5571 1976 5609 cx
2007 5556 2152 5609 anti-

575 5653 698 5722 quis
744 5650 1060 5705 lectionibus
1113 5651 1356 5704 solamen
1415 5648 1669 5718 capiens,
1721 5648 1849 5701 dum
1903 5663 1970 5704 ex
2020 5649 2152 5718 ipsis

650 5829 693 5857 ⁸³
729 5826 884 5881 Deut.
931 5825 1198 5893 xsxu,7.
1278 5823 1323 5854 ⁸⁸
1373 5820 1513 5876 l’sal.
1566 5835 1750 5884 ωλι-ι,
1804 5823 1857 5874 6.

2247 4626 2400 4697 νερὸν
2422 4625 2594 4678 ἐλθεῖν
2620 4627 2731 4687 τοῖς
2756 4625 2908 4687 πᾶσι,
2948 4623 3043 4676 καὶ
3071 4625 3182 4685 toi;
3205 4620 3360 4682 ἐκτὸς
3391 4618 3698 4689 γνωσθῆναι
3724 4617 3828 4688 τὴν

2247 4719 2507 4789 ταραχήν.

2575 4826 2917 4896 Ἐμνήσθην
2956 4825 3191 4896 ἡμερῶν
3226 4825 3508 4894 ἀρχαίων.

2331 4921 2484 4973 Ἐπεὶ
2519 4920 2611 4972 καί
2629 4919 2912 4989 όΜωῦσῆς
2941 4919 3267 4989 προστάττει
3290 4917 3483 4984 λέγων,
3505 4912 3832 4978 Μνήσθητε

2249 5012 2474 5082 ἡμέρας
2506 5010 2754 5075 αἰῶνος·
2789 5014 2882 5064 καὶ
2912 5014 2940 5065 ὁ
2981 5009 3146 5064 Δαυτδ
3201 5010 3363 5062 πάλιν
3397 5008 3553 5079 φησι,
3583 5006 3693 5060 Καὶ
3721 5005 3830 5070 ἐτη

2251 5101 2455 5156 αἰώνια
2485 5102 2818 5171 ἐμνήσθην,
2851 5103 2947 5156 καὶ
2990 5101 3360 5172 ἐμελέτησφ·
3397 5100 3620 5160 εἰκότως
3669 5096 3832 5167 θερα-

2253 5192 2435 5246 πεύων
2473 5193 2665 5246 ἐαυτὸν
2712 5195 2740 5247 ὁ
2767 5192 3060 5267 ταραχθεὶς
3103 5192 3200 5262 τὴν
3254 5190 3502 5262 καρδίαν,
3543 5185 3832 5257 ἀνατρέχει

2253 5280 2347 5333 ἐπὶ
2378 5281 2476 5344 τὰς
2508 5283 2740 5346 παλαιὰς
2773 5282 2940 5337 αὑτοῦ
2974 5281 3206 5352 ἡμέρας,
3241 5281 3339 5343 τὰς
3376 5278 3481 5350 πρὸ
3526 5275 3626 5346 τῆς
3658 5291 3830 5344 ταΡ²“

2256 5373 2379 5443 χῆς,
2415 5376 2473 5427 ἐν
2501 5370 2588 5438 αἶς
2622 5374 2927 5447 κατώρθου,
2961 5376 2993 5445 ἢ
3021 5376 3113 5427 ἐπὶ
3145 5374 3241 5436 τὰς
3277 5371 3513 5434 παλαιὰς
3551 5370 3791 5441 ἱστορίας
3812 5387 3828 5399 ·

2257 5465 2352 5518 καὶ
2393 5466 2492 5536 τὴν
2540 5469 2760 5536 μνήμην
2813 5465 3121 5527 ἀναλαὸὼν,
3167 5464 3364 5535 μελετᾷ
3409 5465 3466 5516 ἐν
3497 5465 3608 5524 τοῖς
3650 5461 3833 5531 ἔργοις

2256 5556 2351 5611 τοῦ
2375 5557 2531 5621 Θεοῦ,
2572 5559 2666 5612 καὶ
2700 5562 2758 5611 ἐν
2799 5561 2911 5622 τοῖς
2956 5559 3224 5628 ποιήμασι
3258 5557 3366 5609 τῶν
3403 5553 3600 5625 χειρῶν
3641 5551 3829 5614 αὐτοῦ,

2256 5651 2318 5703 οῦ
2351 5652 2553 5722 μικρᾶς
2586 5651 2869 5720 τυγχάνων
2911 5649 3260 5722 παραμυθίας
3305 5647 3414 5700 ἀπὸ
3440 5645 3548 5697 τῶν
3587 5641 3838 5698 παλαιῶν
