4138 6428
351 374 420 428 49
1488 368 1941 427 ΟΟΜΜΕΝΤΑΒΙ

2045 367 2105 422 lN
2153 367 2492 424 PSALMOS.
3556 365 3624 420 50

351 491 827 562 ἀναγνωσμάτων,
877 489 1164 560 μανθάνων
1211 487 1270 554 ἐξ
1312 489 1516 554 αὐτῶν,
1560 489 1642 541 ὅτι
1674 490 1801 552 τοὺς
1837 505 1941 540 πα-

2057 487 2356 556 t-oguoscit,
2391 495 2602 540 veteres
2635 485 2757 540 illos
2789 484 3039 555 plurimis
3091 485 3359 555 presseris
3396 499 3459 540 ac
3505 491 3626 538 ten-

353 585 537 646 λαιοὺς
578 583 718 655 μετὰ
770 583 968 654 μυρίας
998 581 1202 653 θλίψεις
1225 584 1320 636 καὶ
1349 583 1688 653 πειρασμοὺς
1713 580 1943 633 ἐπεσκέ-

357 695 520 732 πτετο
547 678 575 729 6
603 676 755 742 Θεὸς,
779 678 872 729 καὶ
899 677 1028 740 ὅσας
1065 676 1338 748 παρέσχεν
1359 676 1543 738 αὐτοῖς
1560 674 1857 745 θεραπείας
1879 691 1940 726 τε

356 771 448 824 καὶ
480 769 821 842 εὐεργεσίας.
884 767 1046 820 Ἀλλά
1077 769 1172 820 καὶ
1217 769 1275 821 ἐν
1307 770 1420 830 τοῖς
1451 767 1549 837 τῆς
1581 765 1942 836 δημιουργίας

355 862 532 930 λόγοις
577 861 812 932 μελετῶν
860 859 1224 932 ἐθεραπεύετο
1253 860 1354 931 τὴν
1386 858 1584 929 ψυχὴν,
1623 858 1945 927 παιδευόμε-

355 971 466 1019 νος,
499 953 575 1017 ὡς
604 954 705 1006 οὐκ
735 952 882 1006 ἔστιν
912 951 1249 1024 ἀπρονόητος
1271 953 1299 1004 ὁ
1331 950 1438 1004 τῶν
1467 949 1769 1021 ἀνθρώπων
1807 949 1941 1018 βίος,

355 1043 474 1098 οῦδὲ
513 1043 886 1117 ἀθεράπευτος
927 1045 961 1114 ή
1010 1043 1104 1096 τοῦ
1149 1043 1512 1114 ταραχθέντος
1544 1041 1721 1111 ψυχή·
1773 1041 1945 1112 ἐφορᾷ

353 1137 413 1191 δὲ
444 1137 539 1191 καὶ
586 1136 857 1208 ἐφέστηκε
894 1137 1060 1189 πᾶσιν
1108 1137 1137 1187 6
1169 1134 1264 1188 τοῦ
1306 1133 1442 1188 Θεοῦ
1484 1133 1656 1202 Λόγος
1717 1131 1942 1204 ἰώμενος

355 1232 479 1293 τοὺς
505 1230 996 1302 συντετριμμένους
1021 1228 1119 1300 τὴν
1148 1228 1400 1300 καρδίαν.

354 1321 682 1376 Ateste-tacta
710 1323 860 1392 πρὸς
889 1321 964 1375 σὲ
997 1319 1113 1392 τὰς.
1137 1320 1340 1392 χεῖράς
1377 1336 1525 1389 μουο
1556 1319 1594 1386 ἠ
1622 1318 1792 1388 ψυχή
1823 1336 1943 1388 μου

861 1393 943 1456 ὡς
976 1390 1051 1461 γῆ
1076 1389 1337 1460 ἄνυδρός
1367 1405 1486 1443 σοι.

425 1483 706 1554 Μνησθεὶς
750 1484 858 1538 τῶν
910 1482 1154 1555 ἀρχαίων
1193 1482 1417 1553 ήμερῶν
1461 1481 1524 1534 ἐκ
1567 1481 1668 1552 τῆς
1716 1479 1946 1552 μελέτης

355 1575 463 1628 τῶν
497 1575 656 1629 θείων
689 1575 1156 1644 ἀναγνωσμάτων,
1189 1573 1288 1638 τὰς
1319 1573 1508 1645 χεῖράς
1539 1591 1662 1644 μου,
1704 1573 1799 1626 καὶ
1846 1572 1947 1634 τὰς

352 1669 440 1722 διὰ
471 1667 757 1739 μετανοίας
785 1666 1014 1738 πράξεις
1044 1666 1291 1736 καθαράς
1317 1683 1399 1718 σοι
1431 1665 1740 1727 ἐπιδεικνὺς
1765 1663 1947 1716 διεπέ-

352 1776 512 1822 τασα,
561 1757 734 1821 οὕτως
781 1756 948 1826 διψῶν
984 1773 1098 1820 σου,
1133 1757 1162 1808 6
1191 1756 1342 1819 Θεὸς,
1375 1756 1470 1808 καὶ
1503 1755 1602 1826 τῆς
1647 1753 1799 1826 παρὰ
1847 1752 1942 1806 σοῦ

2048 580 2343 634 tationibus
2398 595 2427 632 a
2484 579 2594 634 Deo
2647 579 2816 634 fuisse
2868 577 3138 643 visitatus,
3189 584 3240 632 et
3287 585 3486 648 quanta
3537 577 3629 632 hic

2045 671 2280 725 remedia
2333 671 2523 724 iisdem
2576 669 2868 725 contulerit
2920 684 2987 724 ac
3052 669 3334 724 beneﬁcia.
3400 669 3625 738 Insuper

2045 765 2170 816 dum
2219 777 2400 816 rerum
2451 762 2783 817 creationem
2824 777 3006 817 secum
3042 771 3281 832 reputat,
3327 763 3512 816 animo
3543 777 3630 815 re-

2044 863 2282 918 creatur,
2333 852 2458 922 quia
2496 853 2656 907 discit
2715 853 2882 907 vitam
2944 853 3219 907 hominum
3271 853 3624 907 Providentia

2046 959 2152 999 non
2216 944 2493 1009 destitui,
2571 960 2745 1014 neque
2800 961 2954 1000 suum
3031 946 3305 1000 turbatum
3381 946 3622 1000 animum

2047 1034 2291 1089 remedio
2346 1048 2562 1100 carere,
2611 1050 2735 1090 eum
2783 1036 3035 1090 omnibus
3083 1036 3391 1105 inspectans
3442 1037 3626 1105 praesit

2048 1126 2147 1182 Dei
2178 1125 2440 1193 Verbum,
2471 1143 2501 1182 a
2549 1142 2656 1196 quo
2687 1129 2917 1184 contriti
2955 1128 3118 1183 corde
3163 1137 3444 1184 sanantur.

2052 1309 2214 1364 Vens.
2231 1309 2283 1363 6.
2313 1308 2562 1378 Expandi
2587 1323 2776 1362 manus
2793 1324 2934 1362 meas
2955 1309 3024 1360 ad
3043 1317 3125 1370 te;
3152 1310 3331 1364 anima
3354 1325 3472 1363 mea
3494 1311 3624 1363 sicut

2578 1391 2721 1432 terra
2751 1380 2864 1432 sine
2889 1395 3026 1447 aqua
3046 1381 3160 1431 tibi.

2118 1472 2342 1528 Dierum
2403 1472 2752 1542 antiquorum
2816 1479 3040 1540 prepter
3093 1470 3308 1526 divinas
3366 1471 3626 1527 lectiones

2046 1580 2298 1630 memor,
2353 1579 2549 1620 manus
2601 1577 2750 1619 meas
2797 1563 3131 1634 paenitentia
3170 1564 3426 1632 operibus
3475 1579 3630 1618 mun-

2045 1659 2204 1714 datas
2247 1656 2315 1712 ad
2367 1666 2420 1713 te
2480 1657 2814 1726 expandens,
2849 1669 2898 1713 te
2936 1658 3149 1722 sitiens,
3184 1659 3344 1726 Deus,
3377 1660 3626 1728 praeben-

2047 1751 2286 1820 damque
2313 1763 2344 1803 a
2377 1758 2429 1804 te
2458 1750 2819 1816 curationem,
2852 1766 2958 1805 non
3003 1751 3161 1805 modo
3190 1766 3289 1806 ceu
3321 1765 3516 1806 cervus
3559 1752 3628 1806 ad

356 1849 572 1913 ίάσεως,
612 1850 673 1902 οὐ
720 1849 880 1920 μόνον
926 1847 986 1901 ὃν
1024 1847 1224 1918 τρόπον
1265 1846 1464 1916 ἔλαφος
1501 1846 1594 1899 ἐπὶ
1619 1844 1718 1908 τὰς
1760 1843 1941 1915 πηγὰς

2053 1843 2234 1896 fontes
2264 1855 2559 1910 aquarum,
2597 1857 2782 1897 verum
2833 1855 2893 1897 ut
2939 1842 3087 1897 arida
3132 1853 3187 1898 et
3234 1843 3352 1898 sine
3400 1844 3630 1898 humore

353 1939 460 1994 τῶν
491 1941 720 2003 ὑδάτων,
765 1939 899 1993 ἀλλὰ
938 1938 1031 1992 καὶ
1063 1938 1138 2000 ὡς
1170 1937 1396 2008 ἄνυδρος
1428 1937 1522 1990 καὶ
1553 1934 1693 2007 ξηρὰ
1722 1935 1796 2004 γῆ
1825 1934 1945 2007 ὀρέ-

351 2045 508 2100 γεται
537 2029 631 2082 τοῦ
660 2031 746 2082 ἐπ’
769 2028 938 2100 αὐτὴν
966 2027 1243 2090 κατιόντος
1268 2025 1447 2079 ὑετοῦ.
1474 2027 1538 2080 Ei
1576 2026 1634 2080 δὲ
1675 2026 1770 2079 καὶ
1797 2025 1944 2078 ἔστιν

353 2125 388 2194 ἡ
424 2122 569 2194 ψυχή
615 2139 715 2191 μου
761 2122 837 2185 ὡς
865 2121 939 2191 γῆ
970 2121 1216 2192 ἄνυδρος.
1255 2117 1332 2181 ὡς
1377 2117 1514 2189 πρὸς
1557 2118 1617 2171 σέ
1665 2117 1758 2170 τδν
1811 2117 1943 2171 Θεὸν

352 2213 576 2284 τοιαύτη
611 2213 758 2267 ἐστίν
777 2230 790 2243 ο
821 2212 944 2266 καθ’
969 2211 1166 2282 ἑαυτὴν
1193 2211 1301 2281 γὰρ
1327 2209 1422 2262 καὶ
1449 2209 1526 2272 ὼς
1555 2211 1612 2262 ἐν
1642 2209 1943 2280 ἀνθρώπων

355 2305 638 2378 συγκρίσει
695 2304 918 2375 γόνιμος
973 2305 1066 2356 καὶ
1118 2301 1380 2373 τεθηλυῖα
1439 2301 1668 2373 καρπῶν
1717 2298 1944 2369 ἀγαθῶν

356 2397 620 2466 ὑπάρχει·
660 2398 743 2448 σοὶ
771 2395 828 2449 δὲ
859 2393 1086 2465 ἄνυδρός
1124 2395 1276 2446 ἐστιν
1305 2392 1498 2457 οὕτως,
1529 2393 1602 2456 ὡς
1629 2393 1690 2445 ού
1718 2392 1943 2446 δικαιωι

356 2488 582 2558 θήσεται
619 2485 850 2539 ἐνώπιόν
879 2501 973 2538 σου
1001 2487 1109 2548 πᾶς
1148 2483 1277 2547 ζῶν.

361 2577 515 2647 Ταχὺ
544 2575 913 2647 είσάκουσόν
945 2592 1042 2647 με,
1077 2592 1130 2627 κ.
1158 2591 1208 2626 τ.
1330 2575 1425 2647 Μὴ
1455 2575 1847 2647 ἁγποονοτρέψῃς
1878 2573 1943 2627 τὸ

743 2645 1069 2714 πρόσωπόν
1096 2658 1213 2698 σου
1239 2645 1339 2697 ἀπ’
1367 2646 1536 2715 ἐμοῦ.

434 2736 524 2790 Ἐν
570 2739 683 2800 τοῖς
730 2735 1116 2803 κατεπείγουσι
1148 2736 1362 2805 καιροῖς
1408 2733 1518 2788 τῶν
1566 2733 1943 2806 περιστάσεων

352 2828 474 2898 ἦτοι
503 2831 560 2882 ἐν
588 2828 848 2898 διωγμοῖς
880 2827 914 2900 ἢ
943 2830 1057 2891 τοῖς
1106 2827 1356 2898 ἐσχάτοις
1403 2826 1692 2890 κινδύνοις,
1723 2825 1943 2878 ἐπειδὰν

353 2917 804 2990 παρακινδυνεύει
856 2917 1000 2981 τινὸς
1051 2919 1084 2988 ή
1134 2916 1302 2988 ψυχή,
1353 2917 1696 2980 ἐκλείποντος
1743 2916 1839 2970 τοῦ
1885 2919 1943 2970 ἐν

352 3012 488 3082 αὐτῇ
518 3010 847 3082 πνεύματος,
891 3011 985 3064 καὶ
1024 3010 1126 3080 τῆς
1159 3009 1385 3082 καρδίας
1418 3011 1474 3062 ἐν
1500 3011 1637 3081 αὐτῇ
1680 3026 1944 3080 ταραττο-

357 3105 544 3174 μένης,
573 3106 841 3176 προσήκει
870 3105 1072 3176 ὁμοίως
1106 3104 1183 3175 τῷ
1216 3104 1380 3158 Δαυῒδ
1404 3104 1583 3173 λέγειν
1615 3105 1942 3176 εὐχομένους

2050 1941 2194 1987 terra
2237 1931 2582 2000 depluentem
2634 1934 2686 1988 in
2740 1948 2801 1989 se
2835 1935 3070 1989 imbrem
3113 1945 3360 2006 exoptat.
3393 1933 3622 1990 Etiamsi

2045 2037 2178 2079 vero
2216 2023 2394 2077 anima
2421 2037 2540 2078 mea
2571 2033 2658 2080 est
2689 2023 2851 2080 veluti
2889 2024 3007 2079 sine
3035 2039 3174 2094 aqua
3207 2035 3376 2090 terra,
3410 2039 3540 2096 erga
3574 2035 3628 2081 te

2049 2116 2302 2170 nimirum
2334 2115 2408 2170 ita
2448 2129 2509 2170 se
2546 2116 2745 2182 habet;
2803 2127 3061 2173 caeterum
3098 2133 3208 2188 prae
3247 2117 3368 2171 aliis
3393 2118 3631 2173 homini-

2048 2207 2148 2261 bus
2165 2205 2360 2262 fertilis
2373 2217 2476 2271 est,
2499 2216 2555 2262 et
2575 2209 2846 2263 bonorum
2870 2207 3144 2262 fructuum
3171 2223 3277 2263 non
3299 2209 3587 2264 infecunda
3611 2231 3627 2265 :

2049 2298 2168 2362 tibi,
2192 2299 2440 2368 inquam,
2457 2307 2541 2354 est
2559 2299 2734 2369 arida,
2755 2301 2883 2371 quia
2906 2317 3012 2359 non
3032 2300 3422 2370 justiﬁcabitur
3443 2315 3627 2357 coram

2048 2400 2100 2445 te
2129 2389 2414 2461 quisquam
2455 2391 2662 2447 vivens.

2050 2569 2207 2626 Vers.
2235 2571 2290 2624 7.
2325 2569 2444 2626 Cito
2473 2572 2670 2626 exaudi
2727 2589 2833 2634 me,
2884 2583 2994 2626 etc.
3050 2573 3133 2628 Ne
3184 2586 3390 2628 avertas
3439 2575 3630 2643 facient

2684 2652 2832 2696 tuam
2863 2661 2894 2696 a
2922 2660 3023 2697 nte.

2118 2734 2449 2805 Urgentibus
2492 2735 2871 2790 calamitatum
2926 2737 3264 2806 temporibus
3294 2737 3410 2791 sive
3438 2751 3626 2805 perse-

2045 2827 2354 2883 cutionibus
2379 2829 2753 2898 extremisque
2785 2829 3219 2895 discriminibus,
3245 2845 3369 2884 cum
3398 2829 3630 2897 alicujus

2045 2916 2228 2970 anima
2257 2917 2624 2987 periclitatur,
2667 2918 3048 2974 deﬁcientibus
3076 2919 3195 2988 ejus
3231 2920 3462 2984 viribus,
3494 2936 3632 2975 con-

2044 3009 2262 3064 turbato
2293 3011 2482 3076 corde,
2526 3011 2658 3066 utile
2692 3021 2778 3066 est
2803 3029 2926 3068 cum
2955 3014 3163 3068 Davide
3194 3023 3418 3069 orantes
3443 3011 3629 3068 dicere

2046 3099 2264 3156 Christo
2292 3119 2305 3155 :
2339 3099 2557 3156 Exaudi
2593 3121 2695 3172 me,
2733 3104 2975 3160 Domine.
3010 3106 3196 3177 Neque
3228 3117 3408 3161 tamen
3439 3107 3498 3160 in-
3528 3108 3630 3160 hu-

352 3193 422 3248 τά
449 3193 1099 3264 Χριστοῦ,Εισάκουο’όν
1120 3212 1216 3264 με,
1249 3197 1425 3264 Κύριε
1444 3212 1458 3226 ’
1487 3197 1547 3249 οὐ
1579 3197 1685 3268 μὴν
1716 3197 1809 3250 ἐπὶ
1832 3199 1941 3261 τοῖς

2049 3195 2228 3249 manis
2257 3196 2487 3263 negotiis
2520 3181 2624 3250 hoc
2659 3211 2878 3264 precum
2913 3212 3112 3267 genere
3147 3198 3222 3251 uti
3259 3199 3624 3253 necessarium

353 3285 715 3358 ἀνθρωπίνοις
777 3287 1096 3358 πράγμασιν
1159 3289 1456 3356 ἀναγκαῖον
1513 3288 1834 3360 κεχρῆσθαι.
1872 3320 1941 3331 --

367 3378 482 3446 Ἐφ’
510 3379 633 3431 ὅσον
687 3377 786 3449 μὲν
838 3379 900 3431 τὸ
948 3380 1238 3451 πρόσωπόν
1291 3397 1384 3433 σου
1419 3381 1668 3447 καταξιοί
1715 3399 1783 3452 με
1832 3383 1940 3438 τῶν

356 3469 499 3522 ἰδίων
528 3469 715 3535 αὑτοῦ,
741 3469 803 3522 τὸ
827 3469 942 3538 φῶς
978 3486 1072 3523 σου
1105 3472 1252 3524 ἐστὶν
1282 3474 1339 3526 ἐν
1369 3472 1513 3543 ἐμοὶ,
1540 3473 1634 3526 καὶ
1658 3473 1809 3527 πᾶσά
1839 3492 1940 3546 μου

352 3558 686 3630 ἀπελήλαται
729 3561 951 3613 σκοτία·
1001 3560 1129 3614 ὥστ’
1181 3562 1246 3615 ἂν
1304 3564 1496 3616 εἰπεῖν’
1571 3563 1938 3634 Ἐσημειώθη

351 3652 443 3720 ἐφ’
475 3649 634 3720 ἡμᾶς
680 3651 748 3705 τὸ
782 3651 908 3722 φῶς
945 3654 1051 3708 τοῦ
1090 3653 1416 3724 προσώπου
1464 3669 1605 3719 σου,
1649 3658 1857 3725 Κύριε·
1893 3660 1942 3711 εί

350 3743 407 3797 δὲ
445 3744 849 3815 άποστρέψειάς
895 3763 1026 3800 ποτε
1071 3745 1134 3800 τὸ
1169 3746 1464 3819 πρόσωπόν
1511 3765 1606 3802 σου
1658 3750 1753 3803 ἀπ’
1783 3751 1939 3821 ἐμοῦ,

360 3835 571 3906 γίνομαι
612 3837 672 3891 ἐν
700 3837 894 3908 σκοτίᾳ
925 3840 982 3891 ἐν
1083 3837 1326 3907 γίνονται
1360 3839 1563 3903 πάντες
1591 3841 1640 3892 οἱ
1678 3841 1942 3895 καταϐαί-

351 3943 534 3988 νοντες
562 3927 641 3989 είς
669 3927 869 3981 λάκκον
889 3945 901 3958 ·
937 3930 994 3981 ἐν
1033 3923 1078 3998 ᾧ
1110 3929 1301 4002 λάκκῳ
1323 3930 1477 3984 οὐδὲν
1513 3931 1703 4003 ἕτερόν
1731 3935 1876 3987 ἐστιν
1906 3934 1939 4006 ἢ

353 4016 418 4070 τὸ
445 4017 776 4088 καλούμενον
811 4021 1004 4084 σκότος
1027 4020 1311 4093 ἐξώτερον.

367 4109 703 4164 Ἀκουστόν
747 4113 1010 4181 ποίησόν
1054 4132 1156 4184 μοι
1193 4115 1261 4169 τὸ
1293 4115 1445 4186 πρωῒ
1475 4117 1541 4169 τὸ
1577 4117 1750 4182 ἔλεός
1801 4132 1940 4171 σου.

434 4267 523 4320 Ἐν
551 4271 666 4332 τοῖς
713 4273 1043 4340 πειρασμοῖς
1088 4271 1272 4336 ἐλέους
1313 4270 1458 4326 θείου
1495 4273 1763 4344 δεόμεθα·
1804 4275 1941 4345 ὅπερ

353 4358 552 4428 γένοιτ’
581 4358 646 4413 ἂν
691 4360 750 4412 ὲν
789 4364 910 4425 ταῖς
961 4364 1293 4434 προσευχαῖς
1332 4363 1713 4435 ἐγρηγορότως
1746 4363 1941 4434 σχολά-

355 4451 562 4521 ζοιμεν,
593 4451 688 4505 καὶ
735 4453 966 4522 μάλιστα
1008 4455 1149 4509 κατὰ
1189 4455 1382 4528 καιρὸν
1406 4456 1499 4508 τὸν
1528 4455 1768 4519 ἑωθινὸν,
1801 4455 1942 4508 ὥστε

2043 3285 2469 3353 est.—Quandiu
2502 3288 2670 3343 facies
2711 3299 2800 3343 tua
2826 3305 2925 3344 suo
2959 3305 3042 3345 me
3071 3301 3316 3359 respectu
3350 3292 3626 3361 dignatur,

2045 3378 2226 3436 lumen
2261 3384 2408 3434 tuum
2442 3381 2495 3434 in
2521 3396 2608 3436 me
2631 3392 2739 3446 est,
2765 3393 2927 3451 atque
2953 3399 3144 3438 omnes
3171 3386 3431 3439 recedunt
3468 3394 3626 3438 tene-

2044 3472 2185 3540 hrae;
2219 3473 2289 3527 ita
2328 3482 2387 3528 ut
2419 3472 2596 3528 dicam
2629 3491 2642 3528 :
2688 3472 2968 3544 Signatum
3020 3487 3092 3532 est
3137 3491 3294 3545 super
3320 3477 3630 3553 nos‘lumen

2043 3567 2220 3620 vultus
2247 3569 2346 3631 tui,
2376 3566 2603 3621 Domine
2625 3568 2694 3620 ⁸⁸.
2723 3566 2876 3634 Quod
2899 3571 2943 3622 si
2977 3569 3182 3624 vultum
3217 3579 3364 3623 tuum
3389 3583 3626 3635 avertas,

2048 3658 2239 3712 decido
2260 3660 2313 3712 in
2342 3661 2598 3715 tenebras
2623 3677 2762 3731 quas
2786 3662 2820 3715 ii
2855 3663 3136 3731 patiuntur
3163 3662 3257 3731 qui
3289 3662 3626 3717 descendunt

2044 3749 2098 3803 in
2124 3750 2298 3805 lacum
2321 3769 2334 3817 ;
2359 3767 2466 3820 quo
2487 3753 2540 3807 in
2563 3754 2682 3808 lacu
2704 3753 2835 3807 nihil
2853 3754 2998 3808 aliud
3016 3766 3280 3824 estquam
3299 3753 3626 3818 exteriores,

2045 3842 2132 3897 ιιιὶ·
2153 3843 2509 3913 appellantur,
2551 3845 2807 3902 tenebrae.

2049 4107 2209 4162 Vens.
2264 4109 2318 4163 8.
2373 4108 2628 4161 Auditum
2681 4108 2769 4176 fac
2817 4109 2948 4162 mihi
3002 4123 3156 4162 mane
3202 4106 3625 4160 misericordiam

2715 4189 2881 4234 tuum.

2117 4271 2210 4326 Dei
2233 4270 2610 4327 misericordia
2641 4273 2692 4326 in
2717 4271 3108 4326 tentationibus
3135 4269 3472 4340 indigemus;
3501 4282 3622 4336 quae

2046 4374 2106 4420 ut
2160 4364 2317 4421 nobis
2369 4366 2646 4431 obveniat,
2696 4364 2990 4434 vigilanter
3041 4365 3296 4433 precibus
3344 4379 3624 4428 vacemus,

2048 4459 2315 4513 matutino
2351 4458 2652 4527 praesertim
2700 4467 2962 4524 tempore,
3005 4467 3063 4508 ut
3098 4457 3277 4510 dicere
3303 4457 3578 4526 possimus
3608 4475 3624 4512 :

353 4540 610 4595 δύνασθαι
659 4540 870 4610 λέγειν’
921 4545 983 4597 Ὀ
1029 4546 1196 4613 Θεὸς,
1236 4549 1270 4601 δ
1321 4548 1467 4612 Θεός
1495 4564 1636 4616 μου,
1671 4547 1822 4616 πρὸς
1864 4546 1941 4601 σὲ

2045 4551 2218 4616 Deus,
2239 4550 2379 4605 Deus
2404 4566 2572 4613 meus,
2600 4550 2670 4602 ad
2698 4559 2748 4602 te
2777 4550 2842 4601 de
2871 4549 2985 4603 luce
3019 4548 3174 4618 vigilo
3196 4549 3265 4602 ⁵¹.

355 4632 613 4697 ὀρθρίᾷυ.
1106 4689 1113 4697 .

382 4651 388 4677 ⁵
425 4651 460 4688 υ
497 4651 613 4693 ιςω.
1106 4689 1113 4697 .

382 4651 734 4796 ριξνώρισόν
759 4745 882 4796 μοι,
913 4729 1108 4797 Κύριε,
1133 4729 1277 4784 ὁδὸν
1303 4730 1374 4784 ἐν
1401 4725 1441 4803 ᾖ
1469 4731 1855 4805 πορεύσομαι.

436 4888 568 4942 Ἀπὸ
596 4887 692 4942 τοῦ
717 4889 891 4960 χαμαὶ
916 4889 1129 4945 κεῖσθαι
1157 4889 1255 4963 τὴν
1297 4891 1436 4964 ἐμὴν
1472 4891 1608 4965 πρὸς
1667 4893 1734 4951 σὲ»
1753 4893 1932 4965 ψυχὴν

2045 4728 2202 4783 Vens.
2227 4731 2279 4784 8.
2335 4730 2528 4782 Notam
2578 4727 2664 4796 [ac
2717 4727 2883 4848 tzillti,
2931 4727 3173 4792 Domine,
3232 4729 3368 4782 tiam
3410 4730 3462 4781 in
3523 4745 3627 4798 qua

2639 4815 2722 4848 am
2764 4815 2794 4848 ll
2820 4815 2921 4848 em.

2639 4815 2921 4852 amentem.

2115 4890 2248 4943 Dum
2275 4889 2461 4944 anima
2484 4905 2602 4945 mea
2623 4888 2772 4957 jacet
2803 4889 2951 4942 huini
2980 4899 3284 4958 prostrata,
3308 4889 3623 4959 imploranti

352 4979 689 5035 άνατείναντι
744 4983 1032 5054 μετανοίας
1077 4983 1246 5050 δεῖξον
1299 4984 1439 5048 ὁδὸν,
1479 4984 1512 5056 ἢ
1548 4983 1647 5055 τὴν
1692 4984 1932 5054 ἄγουσαν

2045 4981 2175 5035 mihi
2221 4982 2561 5050 pmnitentiae
2595 4982 2735 5035 viam
2767 4983 3011 5048 ostende,
3060 4999 3180 5051 qua:
3221 4993 3346 5053 post
3378 4985 3625 5052 corporis

355 5071 492 5139 μετὰ
513 5073 763 5144 σώματος
785 5074 1106 5147 ἀπαλλαγὴν
1132 5077 1224 5129 ἐπὶ
1246 5075 1313 5130 τὰ
1343 5076 1568 5146 οὐράνια
1594 5077 1724 5150 (l5)'
1749 5078 1940 5150 θνητὸς

2047 5075 2438 5142 depositionem
2476 5077 2632 5131 ducit
2655 5083 2707 5131 in
2739 5079 2963 5133 caelum.
3004 5077 3137 5132 Nam
3181 5088 3445 5142 mortuus,
3485 5093 3624 5145 quo-

353 5162 461 5234 γάρ
485 5165 601 5230 πῶς
628 5167 694 5220 ἂν
726 5169 915 5239 νοήσαι
943 5167 1042 5231 τὰς
1066 5167 1220 5233 ὁδοὺς
1248 5169 1443 5236 aurei;
1473 5171 1614 5240 τάχα
1639 5170 1804 5235 δέτις
1839 5173 1940 5237 τὰς

2045 5167 2206 5220 modo
2251 5168 2368 5223 vias
2421 5185 2550 5225 suas
2599 5171 2934 5241 cognoscet?
2984 5170 3242 5227 Fortasse
3287 5170 3488 5240 aliquis
3534 5170 3626 5238 qui

353 5263 624 5333 προτέρας
662 5261 815 5325 ὁδοὺς
839 5262 1078 5316 Μωῦσέα
1103 5261 1198 5316 καὶ
1223 5264 1350 5328 τοὺς
1378 5265 1661 5336 προφήτας
1687 5264 1932 5335 βαδίσας,

2046 5259 2386 5328 antiquiores
2422 5262 2560 5325 vias,
2610 5262 2874 5334 Mnyscm,
2902 5263 3153 5332 inquam,
3199 5271 3252 5316 et
3301 5262 3623 5330 prophetas,

353 5352 493 5406 κατὰ
513 5353 594 5418 τὸ,
623 5354 812 5425 Στῆτε
835 5355 906 5408 ἐν
937 5355 1068 5420 ταῖς
1097 5354 1279 5424 ὁδοῖς,
1315 5355 1414 5408 καὶ
1446 5355 1782 5424 ἠρωτήσατε
1811 5357 1933 5426 rpi-

2045 5352 2376 5420 decurrerit;
2409 5351 2564 5420 juxta
2604 5355 2768 5409 illud:
2805 5355 2955 5410 State
2979 5356 3034 5408 in
3062 5355 3181 5419 viis,
3211 5354 3624 5407 etsciscitamini

352 5445 495 5507 εους
535 5444 754 5512 Κυρίου
779 5445 1042 5510 αἰωνίας,
1079 5445 1217 5518 μετὰ
1256 5444 1460 5510 ταύτας
1488 5448 1586 5518 τὴν
1612 5448 1730 5501 ὁδὸν
1754 5445 1932 5519 ζητῶν

2045 5446 2104 5498 de
2132 5447 2580 5505 semitisDomini
2618 5453 2826 5505 teternis
2859 5453 2944 5515 u;
2990 5459 3106 5519 post
3154 5449 3274 5515 has,
3307 5448 3503 5502 bonam
3528 5449 3622 5500 de-

350 5534 448 5606 τὴν
477 5534 708 5606 ἀγαθὴν,
751 5535 829 5607 τῷ
871 5537 1074 5609 ταύτης
1120 5539 1238 5609 ἐρεῖ
1261 5538 1449 5609 πατρὶ,
1482 5539 1576 5592 καὶ⁴
1610 5539 1934 5607 γινώσκοντι

2045 5538 2205 5608 nique
2237 5541 2379 5596 viam
2407 5557 2654 5613 quaerens
2700 5544 2842 5598 dicet
2895 5541 3056 5604 huius
3104 5541 3266 5610 palri.
3307 5541 3624 5611 νίπυηιίῐιω

422 5651 470 5684 ⁸ο
494 5651 636 5707 Psal.
667 5667 746 5718 tv,
783 5654 832 5708 7.
907 5656 950 5688 ³¹
984 5656 1126 5711 Psal.
1159 5673 1294 5725 uti,
1333 5659 1388 5714 2.
1465 5659 1511 5689 ⁵²
1543 5656 1655 5712 Jer.
1708 5673 1784 5722 vt,
1819 5658 1904 5711 16.

352 5811 362 5822 _
423 5742 536 5811 (13)
559 5742 724 5822 Yides
752 5744 932 5822 hic_de
948 5747 1234 5822 animabus
1257 5749 1376 5822 sine
1397 5750 1717 5822 corporibus
1747 5748 1912 5822 etiam

352 5814 405 5868 in
471 5814 668 5869 caelum
748 5815 1077 5886 recipiendis
1148 5814 1514 5891 sentcntiam'l
1565 5818 1930 5888 antiquissimi

2026 5749 2244 5827 Euseoti
2311 5759 2500 5807 contra
2588 5748 2945 5807 recentiorum
3005 5749 3320 5806 Graecorqu
3397 5743 3627 5802 caeodo-

2044 5835 2094 5873 ιιι
2103 5836 2185 5873 illi]
2196 5857 2206 5870 .
