4138 6440
497 347 562 408 51
1168 349 1436 404 EUSEBII
1477 346 1956 403 CZESABIENS‘IS
1996 344 2150 400 OPP.
2193 338 2376 397 PARS
2415 339 2504 396 III.
2550 369 2618 380 —-
2658 335 3070 392 EXEGETICA.
3683 329 3752 383 5‘2

492 465 620 519 filiis
653 465 968 522 idonearum
1002 466 1214 534 perito:
1255 462 1483 518 Ostende
1522 465 1647 517 mihi
1685 464 1822 517 viam
1865 465 1918 516 in
1960 481 2063 532 qua

2174 460 2264 529 τὴν
2295 458 2411 511 ὁδὸν
2439 457 2547 509 τῶν
2578 455 2710 509 υἱῶν
2734 455 2813 519 τὸ,
2833 453 3142 521 Γνὼρισόν
3151 469 3250 520 μοι
3278 448 3421 503 ὁδὸν
3446 447 3753 514 ταύτηνεγ

494 557 758 612 ambulent
783 573 802 610 :
833 574 952 625 qum
978 559 1192 628 quidem
1222 566 1492 612 annuente
1513 556 1670 611 Patre
1691 567 1861 611 semet
1887 568 2067 610 osten-

496 651 630 703 dens
655 651 731 703 ait
772 650 952 720 dignis
999 667 1013 703 :
1048 649 1158 718 Ego
1179 667 1295 704 sum
1327 650 1432 711 via,
1474 666 1624 703 nemo
1659 651 1799 702 enim
1824 650 1962 703 venit
1997 650 2066 702 ad

499 735 715 791 Patrem
740 741 840 792 nisi
864 757 954 806 per
976 757 1054 792 me
1080 741 1146 794 ⁸³.

641 917 800 971 Vens.
848 919 936 971 Ii.
986 915 1214 988 Propter
1248 934 1435 972 nomen
1470 928 1644 977 tuum.
1683 916 1921 972 Domine.

569 1008 756 1062 Simile
789 1010 886 1064 hoc
919 1009 1140 1062 dictioni
1170 1008 1242 1062 illi
1273 1023 1288 1061 :
1334 1007 1459 1062 Non
1490 1009 1660 1071 nobis,
1693 1006 1935 1073 Domine,
1965 1024 2070 1063 non

495 1100 661 1166 nobis,
681 1102 771 1152 sed
789 1103 1090 1154 uominituo
1104 1099 1172 1154 da
1190 1099 1486 1168 gloriam“.
1510 1098 1621 1153 Non
1641 1100 1783 1152 enim
1802 1101 1853 1154 in
1871 1111 2068 1154 semet-

495 1189 630 1255 ipsis
682 1200 895 1255 oportet
925 1190 1221 1244 confidere.
1253 1190 1353 1255 Qui
1383 1201 1562 1244 autem
1596 1192 1923 1246 tentationes
1956 1191 2068 1244 for-

499 1281 627 1334 titer
659 1281 996 1344 toleraverit,
1029 1281 1112 1336 his
1141 1282 1300 1336 bOuis
1333 1283 1489 1350 potiri
1517 1293 1718 1352 speret,
1754 1292 1938 1352 utpote
1974 1285 2063 1354 qui

497 1380 722 1437 angusta
781 1385 1193 1441 aerumnosaque
1228 1374 1308 1428 via
1345 1375 1446 1427 iter
1469 1373 1680 1428 fecerit.

501 1459 664 1516 Vens.
702 1463 789 1516 Η.
823 1461 1103 1529 [Εςιιξιαιι
1143 1474 1233 1518 tua
1267 1467 1450 1519 educes
1482 1468 1547 1521 de
1585 1467 1922 1524 tribulatione
1945 1472 2064 1525 ani-

1123 1551 1261 1587 mam
1293 1553 1456 1590 meam
1468 1576 1480 1590 ι

573 1624 709 1677 Vere
746 1623 1020 1679 tribulatio
1048 1625 1242 1679 anima:
1277 1637 1380 1692 est,
1417 1643 1538 1681 cum
1585 1630 1820 1684 hominis
1847 1631 1957 1686 vita
2001 1631 2066 1686 ad

499 1723 700 1768 terram
736 1715 1121 1782 prosternitur,
1148 1725 1201 1770 et
1230 1719 1433 1793 ipse‘in
1465 1721 1703 1775 tenebris
1734 1721 1905 1776 sedet.
1938 1721 2069 1776 Pra-

2171 544 2212 623 ᾖ
2240 549 2623 616 πορεύσομαμ
2644 548 2764 616 ἣτις
2786 543 3166 604 ἐπινεύσαντος
3195 539 3289 594 τοῦ
3319 540 3531 611 Πατρδς
3556 538 3753 609 ἑαυτὴν

2175 639 2546 710 ἐμφανίζουσα
2582 638 2727 705 λέγει
2771 639 2880 701 τοῖς
2928 635 3124 700 ἀξίοις·
3171 631 3311 701 Ἐγώ
3341 635 3456 701 ειμι
3501 630 3538 697 ἡ
3589 629 3749 692 ὁδός·

2173 731 2371 793 οὐδεὶς
2418 731 2529 799 τὰρ
2571 729 2802 797 ἔρχεται
2843 726 2991 795 πρὸς
3037 724 3144 778 τὸν
3191 724 3424 792 Πατέρα
3454 725 3507 776 εὶ
3547 719 3634 791 μὴ
3678 719 3754 772 δι’

2175 820 2338 891 ἐμοῦ.

2419 911 2674 965 Ἕνεκεν
2704 909 2810 962 τοῦ
2842 909 3131 977 ὀνόματός
3155 907 3505 974 σου,Κύριε.
3742 947 3747 956 .

2245 1004 2468 1075 Ὅμοιον
2495 1002 2651 1056 τοῦτο
2668 1001 2765 1071 τῷ,
2788 1000 2883 1068 Μὴ
2909 999 3073 1069 ἡμῖν,
3094 1002 3288 1067 Κύριε,
3308 997 3392 1068 μὴ
3425 996 3585 1066 ἡμῖν,
3614 996 3752 1051 ἀλλ’

2173 1097 2210 1162 ἢ
2256 1095 2335 1160 τῷ
2379 1095 2625 1164 ὀνόματί
2659 1109 2776 1146 σου
2805 1092 2911 1157 δὸς
2947 1091 3167 1154 δόξανμ
3201 1091 3264 1143 ού
3293 1090 3401 1160 γάρ
3430 1091 3515 1158 ἐφ’
3545 1090 3753 1150 ἑαυτοῖς

2174 1187 2278 1260 χρὴ
2305 1186 2544 1259 θαρρεῖν.
2584 1185 2642 1236 '0
2671 1184 2727 1236 δὲ
2759 1184 2885 1246 τοὺς
2926 1182 3264 1254 πειρασμοὺς
3295 1181 3588 1251 ὑπομείνας
3628 1196 3749 1248 γεν-

2176 1279 2339 1341 ναίως
2389 1276 2656 1341 ἐλπιζέτω
2697 1275 2900 1328 τούτων
2945 1277 3158 1345 τυχεῖν,
3199 1273 3275 1338 ὠς
3321 1273 3386 1328 ἂν
3432 1274 3620 1342 στενὴν
3660 1272 3751 1326 καὶ

2171 1369 2534 1440 τεθλιμμένην
2561 1367 2806 1430 ὁδεύσας.

2186 1463 2288 1516 Ἑν
2321 1460 2396 1529 τῇ
2424 1460 2778 1527 δικαιοσύνῃ
2806 1475 2922 1513 σου
2951 1457 3187 1522 ἐξάξεις
3229 1456 3297 1510 ἐκ
3337 1457 3599 1525 θλίψεως
3639 1454 3752 1524 τὴν

2780 1529 2992 1598 ψυχήν
3018 1547 3156 1598 μου.

2244 1623 2437 1694 Ψυχῆς
2480 1621 2695 1693 ἀληθῶς
2748 1621 2927 1690 θλίψις
2967 1620 3030 1673 τὸ
3084 1617 3487 1688 ταπεινωθῆναι
3524 1620 3602 1681 είς
3649 1619 3753 1688 γῆν

2173 1717 2270 1788 τὴν
2308 1717 2451 1788 ζωὴν
2496 1716 2680 1780 αὑτοῦ,
2715 1717 2808 1768 καὶ
2849 1719 2904 1768 ἐν
2950 1718 3239 1777 σκοτεινοῖς
3281 1715 3443 1766 αὑτὸν
3479 1714 3750 1784 καθῆσαι·

499 1803 582 1855 vis
619 1819 836 1872 quoque
881 1806 1308 1873 cogitationibus
1341 1819 1398 1863 et
1448 1811 1800 1880 cupiditatum
1853 1811 2065 1866 ﬂamma

2175 1811 2268 1865 καὶ
2300 1813 2328 1863 ό
2359 1809 2464 1862 ὑπὸ
2491 1808 2766 1878 λογισμῶν
2793 1808 2849 1860 δὲ
2877 1807 3092 1876 φαύλων
3121 1808 3216 1860 καὶ
3242 1807 3541 1877 πυρώσεως
3567 1808 3754 1862 παθῶν

496 1893 678 1947 anima
701 1896 818 1964 ejus
843 1906 1032 1950 vexata
1059 1897 1334 1970 aﬂiigitur,
1371 1904 1582 1956 nemine
1609 1919 1671 1957 ex
1701 1903 1786 1958 his
1805 1905 2075 1974 pressuris

2178 1902 2562 1973 ἐνοχλούμενος
2590 1901 2686 1972 τὴν
2717 1901 2893 1972 ψυχὴν
2931 1899 3172 1953 θλίϐεται
3194 1915 3211 1932 ο
3240 1899 3454 1962 ούδενὸς
3492 1899 3547 1952 δὲ
3592 1900 3753 1952 ἄλλου

425 2011 428 2014 ~
498 1983 790 2050 liberante,
826 1999 1026 2055 praeter
1062 1992 1302 2047 cordium
1333 1996 1612 2048 conscium
1657 1995 1846 2050 Deum.
1885 1996 1990 2050 Sed
2021 2008 2074 2051 et

496 2074 607 2139 ille,
642 2077 726 2130 cui
768 2080 1098 2149 'deceptores
1148 2084 1418 2150 negotium
1463 2086 1772 2152 facessunt,
1828 2089 2074 2143 turbatur

498 2169 684 2224 animo
737 2185 1081 2242 magnopere,
1115 2176 1414 2242 praesertim
1469 2193 1589 2230 cum
1641 2179 1851 2235 illorum
1890 2180 2073 2248 sophi-

496 2269 669 2320 smata
692 2262 830 2315 haud
861 2262 1046 2317 valens
1076 2279 1392 2336 coarguere,
1418 2283 1484 2322 ue
1508 2270 1738 2324 veritate
1769 2271 2074 2341 depellatur

499 2353 670 2405 timet.
709 2353 812 2407 Sed
855 2355 1012 2425 hujus
1051 2357 1290 2420 attimam
1329 2358 1466 2413 Deus
1499 2361 1644 2414 omni
1679 2376 1934 2430 pressura
1962 2364 2072 2417 eri-

430 2519 438 2527 .
501 2444 634 2511 piet,
669 2444 976 2501 illuminans
1013 2465 1132 2503 eam
1170 2451 1390 2519 suisque
1423 2453 1589 2506 radiis
1616 2453 1963 2521 collustrans,
1995 2462 2071 2507 at-

500 2549 606 2597 que
636 2545 695 2589 ut
732 2537 784 2590 in
817 2553 913 2591 sua
949 2537 1162 2606 justitia
1191 2541 1340 2594 vivat
1367 2541 1650 2609 adjuvans,
1679 2546 1752 2597 uti
1791 2559 1952 2615 supra
1983 2547 2073 2601 de-

499 2637 862 2682 monstratum
898 2629 1018 2684 fttit.
1049 2629 1219 2686 Porro
1251 2633 1626 2690 misericordia
1666 2637 1757 2691 Dei
1787 2639 2071 2692 destruen-

503 2732 591 2772 tur
647 2720 874 2784 inimici,
929 2738 1036 2777 non
1094 2725 1548 2791 substantialiter,
1605 2730 1707 2783 hoc
1755 2730 1899 2784 enim
1955 2730 2070 2786 ﬁeri

499 2815 706 2882 nequit,
733 2815 826 2868 sed
851 2815 1067 2884 dempta
1097 2817 1163 2871 iis
1193 2817 1473 2884 facultate,
1521 2835 1625 2890 qua
1667 2822 1816 2891 justo
1865 2823 2069 2878 homini

497 2907 880 2973 adversantur,
943 2905 1170 2977 ejusque
1221 2910 1457 2964 animam
1508 2922 1728 2967 vexant.
1787 2911 1879 2969 Sic
1923 2915 2068 2969 enim

499 2997 714 3066 requies
740 2997 890 3068 justo
915 3002 1039 3065 erit,
1080 3013 1135 3057 et
1176 3010 1328 3056 extra
1373 3001 1570 3056 bellum
1622 3005 1673 3057 in
1713 3020 1847 3074 pace
1889 3006 2066 3075 deget.

2176 1996 2279 2050 ἓν..
2332 2013 2360 2048 ν
2415 1993 2670 2064 τοιαύτης
2723 1993 2953 2062 θλίψεως
2995 1991 3424 2063 ἐλευθεροῦντος,
3472 1992 3504 2062 ἦ
3555 1991 3648 2046 τοῦ
3697 1992 3757 2045 τὸ

2176 2086 2419 2157 κρυπτὸν
2481 2087 2579 2154 τῆς
2644 2085 2871 2155 καρδίας
2925 2084 3124 2146 εἰδότος
3181 2083 3337 2136 Θεοῦ.
3390 2083 3547 2135 Ἀλλὰ
3591 2085 3684 2137 καὶ
3728 2085 3758 2136 6

2175 2180 2279 2233 ὑπὸ
2312 2180 2642 2249 διοχλήσεων
2685 2176 3017 2231 ἀπατεώνων
3069 2179 3166 2247 τὴν
3210 2178 3385 2246 ψυχὴν
3425 2177 3759 2247 ταραττόμε-

2173 2288 2260 2334 νος
2293 2270 2524 2323 θλίϐοιτο
2559 2270 2623 2323 ἂν
2669 2267 2920 2340 μεγάλως
2964 2269 3050 2320 ὅτε
3082 2268 3337 2337 μάλιστα,
3373 2269 3430 2320 ού
3463 2268 3758 2337 δυνάμενος

2171 2362 2465 2432 διελέγχειν
2511 2360 2578 2413 τὰ
2626 2361 2952 2428 σοφίσματα,
3004 2357 3310 2410 εὐλαϐεῖται
3348 2357 3420 2428 μὴ
3468 2356 3756 2427 ἀποσφαλῇ

2171 2454 2271 2523 τῆς
2329 2451 2616 2522 ἀληθείας·
2680 2452 2862 2519 ἐξάγει
2929 2451 2985 2502 δὲ
3043 2450 3223 2520 ψυχὴν
3284 2449 3465 2519 πάσης
3528 2447 3759 2516 θλίψεως

2172 2541 2452 2612 τοιαύτης,
2497 2539 2824 2609 ἐπιλάμπων
2877 2537 3044 2609 αὐτὴν
3092 2538 3187 2590 καὶ
3230 2535 3602 2604 καταλάμπων
3637 2536 3758 2596 ταῖς

2177 2633 2334 2695 ἰδίαις
2386 2633 2777 2706 μαρμαρυγαῖς
2820 2631 2915 2684 καὶ
2967 2630 3114 2696 ἀγων
3165 2629 3336 2698 αὐτὴν
3379 2630 3460 2690 εἰς
3506 2628 3565 2678 τὸ
3593 2626 3757 2694 ζῆσαι

2174 2727 2317 2778 κατά
2347 2725 2443 2796 τὴν
2476 2724 2824 2794 δικαιοσύνην
2855 2723 3044 2785 αὐτοῦ,
3086 2723 3160 2784 ὡς
3209 2722 3437 2790 ἔναγχος
3478 2718 3757 2772 ἀποδέδειο

2173 2833 2318 2869 κται.
2359 2816 2528 2868 Ἐλέει
2553 2815 2608 2868 δὲ
2635 2813 2770 2866 Θεοῦ
2807 2811 3343 2882 ὲξολοθρευθήσονται
3383 2811 3430 2862 οἱ
3461 2809 3661 2878 ἐχθροὶ,
3695 2807 3757 2858 οὐ

2172 2910 2293 2962 κατ’
2307 2907 2496 2960 οὐσίαν
2510 2905 2879 2976 φθειρόμενοι(
2891 2905 2995 2973 I6),
3018 2902 3274 2955 ἀδύνατον
3297 2901 3406 2971 γὰρ
3426 2900 3600 2962 τοῦτο,
3626 2899 3760 2952 ἀλλὰ

2171 2999 2269 3070 τὴν
2303 2999 2415 3065 ἓξιν
2443 2996 2826 3059 ἀποϐαλόντες,
2864 2996 2943 3048 δι’
2971 2995 3036 3065 ἣν
3070 2993 3256 3064 ἐχθροὶ
3287 2992 3380 3046 τοῦ
3413 2992 3623 3045 δικαίου
3666 2991 3760 3043 καὶ

499 3085 621 3141 Mox
663 3103 968 3158 provocans
1003 3092 1314 3148 invocatum
1369 3109 1524 3148 suum
1579 3097 1646 3149 ad
1701 3098 2067 3164 annuendum,

2174 3091 2451 3153 θλίϐοντες
2491 3090 2589 3161 τὴν
2621 3088 2795 3158 ψυχὴν
2827 3085 2992 3140 αὐτοῦ
3047 3086 3401 3157 τυγχάνουσιν
3426 3102 3440 3115 ’
3481 3083 3622 3136 οὕτω
3653 3082 3761 3151 γὰρ

499 3181 652 3236 addit
681 3198 696 3236 :
739 3182 877 3247 Quia
911 3201 1085 3240 servus
1115 3198 1236 3240 tuus
1264 3203 1356 3255 ego
1399 3203 1535 3240 sum.
1572 3187 1638 3242 Et
1672 3189 1888 3258 quidem
1918 3192 2062 3245 omni

2174 3184 2230 3235 ἐν
2274 3182 2458 3236 ἀνέσει
2501 3180 2654 3233 ἔσται
2687 3181 2715 3231 ό
2756 3178 2964 3241 δίκαιος
3008 3178 3133 3231 ἄνευ
3182 3176 3418 3246 πολέμου
3465 3176 3521 3227 ἐν
3568 3175 3762 3243 εἰρήνῃ

501 3274 843 3340 possessione
874 3275 1152 3348 gloriaque
1182 3278 1342 3351 longe
1372 3278 1562 3334 melius
1594 3290 1678 3336 est
1710 3294 1925 3335 servum
1951 3295 2072 3337 esse

2174 3275 2393 3342 διάγων.
2439 3271 2869 3340 Ἑκκαλούμενος
2894 3269 2950 3322 δέ
2975 3267 3111 3338 πρὸς
3137 3268 3198 3320 τὸ
3229 3266 3510 3320 ἐπινεῦσαι
3535 3264 3624 3318 τὸν
3658 3281 3762 3314 πα-

504 3363 598 3418 Dei
649 3383 664 3420 :
719 3364 872 3434 cujus
924 3369 1001 3423 rei
1056 3371 1486 3440 magnitudinem
1539 3372 1799 3426 Servator
1855 3387 2074 3443 quoque

2179 3364 2599 3436 ρακαλούμενον,
2629 3364 2873 3431 ἐπήγαγε
2901 3360 2983 3422 τὸ,
3018 3360 3144 3412 Ὅτι
3171 3362 3202 3412 ό
3237 3357 3452 3420 δοῦλός
3498 3372 3614 3409 σου
3645 3353 3761 3422 εἰμί

497 3457 755 3524 exposuit
811 3459 1160 3523 astantibus,
1211 3461 1456 3516 dicens:
1509 3459 1615 3515 Vos
1663 3478 1744 3515 me
1799 3462 2073 3530 appellatis

2176 3459 2307 3527 ἐγώ.
2344 3456 2652 3528 κτημάτων
2676 3455 2732 3508 δὲ
2764 3454 2857 3506 καὶ
2892 3451 3223 3522 αὐχημάτων
3256 3450 3316 3502 τὺ
3347 3449 3598 3519 μέγιστον
3623 3464 3759 3517 χρηο

502 3549 787 3608 Domitium
801 3559 848 3602 et
882 3551 1216 3619 Magistrum,
1251 3561 1301 3606 et
1341 3554 1463 3607 bene
1488 3554 1685 3618 dicitis,
1707 3570 1822 3607 sum
1847 3555 1981 3608 enim
2003 3555 2071 3608 ⁸⁸.

2182 3551 2405 3620 ματίσαι
2455 3548 2591 3601 Θεοῦ
2632 3547 2836 3599 δοῦλον.
2883 3544 3131 3597 Δείκνυσι
3176 3543 3232 3595 δὲ
3279 3542 3338 3594 τὸ
3382 3539 3608 3611 μέγεθος
3638 3537 3760 3591 τού-

499 3637 642 3702 Nihil
671 3639 886 3694 demum
917 3651 1201 3710 tantopere
1241 3643 1426 3708 hostes
1456 3653 1675 3701 nostros
1705 3643 1892 3714 fugat,
1915 3659 2075 3713 quam

2177 3661 2270 3697 του
2297 3643 2390 3696 καὶ
2415 3643 2444 3694 ὁ
2477 3641 2667 3710 Σωτὴρ
2694 3639 2868 3706 λέγων
2908 3639 3020 3699 τοῖς
3069 3634 3316 3688 συνοῦσιν
3342 3631 3490 3702 αύτῷ
3515 3650 3528 3662 ·
3568 3629 3765 3699 Ὑμεῖς

498 3731 759 3799 spiritalis
809 3733 1114 3789 meditatio.

2179 3730 2426 3803 φωνεῖτέ
2449 3748 2524 3800 με
2550 3733 2582 3784 ὀ
2605 3729 2820 3797 Κύριος
2841 3726 2937 3780 καί
2966 3729 2998 3780 ὁ
3020 3724 3412 3786 Διδάσκαλος,
3442 3721 3540 3775 καί
3566 3719 3764 3784 καλῶς

2178 3825 2403 3892 λέγετε,
2419 3821 2533 3891 εἰμί
2551 3819 2664 3888 γάρ
2683 3836 2696 3849 ·
2720 3819 2871 3871 οὐδὲν
2892 3817 3063 3880 οὕτως
3086 3815 3378 3869 ἀποδιώκει
3393 3817 3516 3876 τοὺς
3537 3812 3765 3883 ἐχθροὺς

2181 3916 2357 3987 ἡμῶν,
2401 3914 2476 3978 ὼς
2509 3913 2708 3984 θεωρία
2749 3912 3091 3981 πνευματική
3124 3911 3256 3980 (I7).

2723 4002 3010 4055 ΨΑΛΜΟΣ
3053 4003 3230 4056 PMI".

2254 4099 2315 4150 Ei
2357 4097 2453 4168 μὲν
2497 4096 2790 4168 ἀναφέρεις
2836 4095 3006 4149 ταῦτα
3051 4094 3145 4146 ἐπὶ
3177 4092 3267 4146 τὸν
3306 4092 3487 4153 Δαυῒδ,
3533 4089 3768 4160 μάλιστα

2183 4190 2262 4242 δτι
2301 4190 2442 4242 κατά
2471 4206 2591 4242 τινα
2631 4188 2739 4242 τῶν
2782 4187 3132 4260 ἀντιγράφων
3179 4185 3577 4256 ἐπιγέγραπται
3632 4180 3767 4250 πρὸς

506 4277 653 4330 hitur
691 4274 758 4330 de
781 4274 1026 4341 Goliath,
1076 4274 1224 4329 dices
1246 4273 1512 4343 psalmum
1547 4272 1733 4328 Davidi
1760 4289 2075 4344 congruere,

2184 4282 2275 4334 τὸν
2311 4280 2528 4345 Γολιὰθ,
2562 4283 2709 4352 ἐρεῖς
2739 4278 3000 4349 ἁρμόζειν
3033 4274 3202 4344 αὐτῷ,
3232 4275 3372 4328 κατὰ
3397 4275 3494 4344 τὴν
3526 4272 3769 4343 ἱστορίαν

505 4368 617 4434 qui,
647 4377 708 4422 ut
738 4377 816 4422 est
849 4368 902 4421 in
946 4367 1200 4430 historia,
1235 4366 1413 4418 virum
1451 4365 1597 4418 illum
1634 4365 1764 4418 vicit
1795 4381 1901 4419 non
1934 4380 2075 4420 com-

2186 4375 2494 4444 νενικηκότι
2519 4373 2608 4425 τὸν
2637 4372 2806 4442 ἄνδρα
2828 4371 2890 4422 οὑ
2936 4372 3002 4440 τῇ
3037 4370 3190 4438 κοινῇ
3224 4367 3543 4437 παντευχίᾳ,
3585 4381 3768 4419 πεποι-

507 4460 654 4513 muni
689 4469 962 4512 armatura
989 4499 1004 4524 ,
1041 4460 1135 4514 sed
1171 4473 1267 4513 sua
1318 4472 1444 4524 erga
1495 4458 1659 4511 Deum
1705 4457 1896 4512 ﬁducia
1934 4476 1946 4510 :
1977 4471 2075 4525 qua

2187 4465 2342 4536 θήσει
2397 4465 2455 4518 δὲ
2507 4467 2575 4534 τῇ
2630 4463 2722 4515 ἐπὶ
2763 4461 2854 4514 τὸν
2895 4461 3066 4513 Θεόν·
3114 4459 3173 4512 ὃν
3211 4457 3399 4528 ὥσπερ
3450 4454 3769 4510 διδάσκαλον

507 4551 609 4603 sibi
663 4550 924 4619 magistro
955 4560 1264 4620 assumpto,
1318 4559 1448 4602 tunc
1497 4549 1721 4617 quidem
1770 4548 2075 4603 Goliathum

2187 4525 2644 4629 ἐπιγραφόμενος,
2698 4553 2819 4606 τότε
2879 4552 2978 4622 μὲν
3025 4551 3115 4603 τὸν
3161 4525 3462 4619 Γολιὰθ-τῇ
3509 4548 3770 4619 σφενδόνῃ

505 4641 669 4695 funda
722 4643 888 4696 ictum
943 4641 1250 4708 interfecit;
1301 4641 1438 4694 alias
1487 4655 1616 4695 vero
1660 4641 1714 4695 iu
1756 4655 1888 4710 agro
1938 4640 2075 4695 ferat

2187 4649 2400 4703 καθεῖλε
2442 4647 2649 4719 βαλών·
2697 4645 2883 4700 ἄλλοτε
2930 4645 2986 4698 δὲ
3033 4644 3156 4707 τοὺς
3207 4643 3326 4696 κατ’
3380 4641 3548 4712 ἀγρὸν
3597 4639 3770 4709 θῆρας

507 4733 854 4800 strangulatus
884 4732 1185 4787 interemit.
1222 4733 1414 4798 Decuit
1437 4747 1564 4786 vero
1593 4733 1933 4802 potissimum
1964 4733 2075 4786 hazc

2186 4746 2304 4807 ταῖς
2322 4743 2477 4812 χερσὶ
2506 4740 2713 4808 πνίγων
2729 4740 2944 4810 ἀνῄρει.
2964 4737 3208 4806 Ἐπρεπε
3235 4735 3292 4788 δέ
3319 4733 3552 4804 μάλιστα
3582 4732 3675 4784 ἐπὶ
3701 4734 3767 4800 τῇ

506 4840 705 4880 οιιιιετε
729 4827 794 4878 ad
821 4825 1160 4893 psalterium,
1193 4841 1315 4880 cum
1367 4827 1614 4879 tnanibns
1659 4825 1952 4894 digitisque
1985 4839 2075 4894 pro

2187 4834 2280 4890 τοῦ
2310 4833 2610 4910 ψαλτηρίου
2656 4829 2984 4901 ἀνακρούσει
3011 4828 3183 4882 ταῦτα
3223 4827 3404 4895 λέγειν
3425 4825 3608 4887 αὑτὸν,
3657 4824 3768 4884 ὅτε,

508 4920 714 4987 plectro
745 4927 924 4983 utens,
946 4918 1251 4984 invisibiles
1281 4919 1554 4981 daemonas
1576 4917 1791 4971 Saulem
1821 4930 2075 4980 vexantes

2186 4930 2304 4990 ταῖς
2369 4925 2526 4997 χερσὶ
2569 4923 2664 4978 καὶ
2704 4926 2815 4986 τοῖς
2856 4922 3137 4984 δακτύλοις
3185 4921 3305 4974 ἀντὶ
3351 4917 3443 4971 τοῦ
3493 4917 3771 4987 πλήκτρου

510 5009 733 5079 fugavit.
757 5011 909 5076 Quod
943 5012 985 5066 si
1014 5012 1082 5064 ad
1107 5011 1352 5081 quemvis
1377 5011 1580 5078 justum
1618 5012 1730 5064 ha'c
1757 5011 2075 5078 referantur,

2192 5018 2492 5091 χρώμενος,
2521 5019 2648 5080 τοὺς
2677 5016 2940 5087 ἀοράτους
2962 5014 3220 5085 δαίμονας
3254 5011 3450 5081 ἧλαυνε
3489 5009 3565 5080 τῷ
3600 5009 3772 5062 Σαούλ

509 5101 658 5155 dices
679 5111 904 5156 cunctas
932 5102 1170 5158 hominis
1201 5103 1308 5156 Deo
1332 5103 1509 5162 dilecti
1540 5103 1779 5159 actiones
1804 5105 1854 5159 in
1885 5105 2075 5158 adver-

2192 5110 2559 5180 ἐνοχλοῦντας.
2611 5110 2673 5162 EI
2714 5109 2757 5161 δ’
2805 5109 2896 5161 ἐπὶ
2944 5108 3122 5170 πάντα
3166 5105 3374 5158 δίκαιον
3419 5103 3672 5170 άνάγοιτο
3704 5100 3774 5152 τὰ

507 5193 778 5246 seriarum
811 5201 1142 5261 potestatum
1179 5193 1404 5246 exitium
1434 5207 1678 5262 vergere,
1705 5194 1811 5247 Deo
1842 5196 1964 5261 ipso~
1991 5195 2075 5247 has

2198 5203 2356 5274 ῥητὰ,
2385 5204 2528 5272 ἐρεῖς
2554 5201 2732 5264 πάσας
2771 5199 2866 5252 τοῦ
2896 5196 3176 5266 θεοφιλοῦς
3203 5195 3430 5268 πράξεις
3455 5193 3776 5263 καθαίρεσιν

511 5301 768 5339 manuum
827 5285 1178 5355 operationes
1222 5284 1506 5350 dirigente.
1542 5287 1746 5355 Digitos
1779 5287 1900 5354 ejus
1930 5285 2075 5348 dicit,

2195 5279 2303 5346 τῶν
2346 5294 2734 5364 ἀντικειμένων
2764 5292 3046 5362 δυνάμεων
3089 5292 3353 5360 ἐνεργεῖν,
3394 5287 3490 5340 τοῦ
3528 5285 3663 5338 Θεοῦ
3691 5284 3774 5338 δι-

508 5394 668 5446 upera
684 5380 848 5434 etiam
869 5379 1348 5434 tuinitntthumanm
1366 5380 1486 5432 vitm
1503 5367 1858 5452 deuntausJ'lt
1874 5379 2075 5447 quiden‘

2194 5382 2462 5446 δασκάλου
2503 5386 2602 5458 τῆς
2650 5384 2866 5438 τοιᾶσδε
2918 5382 3026 5436 τῶν
3069 5382 3268 5454 χειρῶν
3316 5381 3590 5443 ἐκτάσεως
3633 5394 3777 5446 γινο-

513 5487 766 5526 tnauuum
801 5487 1020 5527 suarum
1052 5472 1370 5526 extensione
1413 5471 1624 5541 Moyses
1659 5469 1991 5524 Amalecitas
2032 5469 2075 5522 iu

2197 5476 2392 5545 μένου·
2440 5479 2563 5542 τοὺς
2617 5477 2676 5531 δὲ
2724 5474 3016 5540 δακτύλους
3068 5473 3233 5528 αὑτοῦ
3300 5473 3398 5536 τὰς
3450 5473 3612 5544 μέχρι
3664 5467 3778 5522 τῶν

1001 3995 1322 4052 PSALMUS
1351 3995 1579 4052 CXLIII.

579 4089 636 4143 Si
669 4087 828 4158 hujus
851 4089 1042 4158 psa|mi
1074 4089 1463 4144 continentiam
1486 4092 1552 4143 ad
1573 4090 1824 4145 Davidem
1851 4089 2080 4158 referas,

508 4182 810 4251 praesertim
844 4181 970 4250 quia
1008 4182 1059 4234 in
1113 4180 1390 4235 nonnullis
1439 4181 1842 4249 exemplaribus
1882 4181 2081 4235 inscri-

583 5583 632 5615 ⁵³
667 5581 943 5648 .Ιοιιιι.ιιιι·,
977 5583 1029 5638 6.
1107 5581 1309 5636 "I’sal.
1344 5599 1498 5646 CXIII,
1541 5585 1587 5636 I.
1663 5584 1708 5614 ⁸⁵
1759 5580 1917 5636 Joan.
1950 5598 2068 5650 xm,
2101 5585 2186 5640 15.

585 5721 700 5791 (16)
741 5721 794 5774 In
831 5720 1012 5805 codice
1059 5738 1268 5805 carioso
1321 5725 1515 5805 lacuna
1560 5723 1846 5805 suppletur
1877 5741 2078 5805 πριιιι-

2193 5745 2404 5780 ηοιιενοι
2415 5768 2425 5780 .

585 5746 700 5791 μυ)
741 5746 794 5774 Ill
831 5746 1012 5780 unum:
1059 5746 1268 5783 l'ﬂl'lQSU
1321 5746 1515 5782 lacuna
1560 5746 1846 5793 suppletur
1891 5746 2078 5780 νείκεσι·
2192 5746 2267 5797 ρῠξ

517 5795 651 5851 tiurc
708 5808 864 5846 manu
901 5793 1282 5865 φθεγγόμενοι.
1336 5793 1448 5863 Ego
1494 5805 1674 5848 tamen
1725 5795 1887 5852 malui
1932 5796 2082 5862 φθει-

2269 5799 2379 5863 ιίῖ)
2416 5798 2807 5856 Animadverte
2855 5796 2954 5860 pia:
2987 5795 3355 5852 meditationis
3386 5790 3622 5848 laudent.
