  <div class='ocr_page' id='page_1' title='image "/cluster/home/n/w/nwhite01/storage/ocr_20150623/24:no.6/coo.31924054873058/040.png"; bbox 0 0 4138 6418; ppageno 0'>
   <div class='ocr_carea' id='block_1_1' title="bbox 385 349 3645 413">
    <p class='ocr_par' dir='ltr' id='par_1_1' title="bbox 385 349 3645 413">
     <span class='ocr_line' id='line_1_1' title="bbox 385 349 3645 413; baseline 0.001 -4"><span class='ocrx_word' id='word_1_1' title='bbox 385 352 454 409; x_wconf 79' lang='lat'><strong>53</strong></span> <span class='ocrx_word' id='word_1_2' title='bbox 1521 349 2029 407; x_wconf 78' lang='lat' dir='ltr'><strong>COMMENTARIA</strong></span> <span class='ocrx_word' id='word_1_3' title='bbox 2070 351 2135 407; x_wconf 78' lang='lat' dir='ltr'><strong>iN</strong></span> <span class='ocrx_word' id='word_1_4' title='bbox 2171 350 2510 410; x_wconf 81' lang='lat' dir='ltr'><strong>PSALMOS.</strong></span> <span class='ocrx_word' id='word_1_5' title='bbox 3576 358 3645 413; x_wconf 65' lang='grc'><strong>54</strong></span> 
     </span>
    </p>
   </div>
   <div class='ocr_carea' id='block_1_2' title="bbox 382 472 1972 549">
    <p class='ocr_par' dir='ltr' id='par_1_2' title="bbox 382 472 1972 547">
     <span class='ocr_line' id='line_1_2' title="bbox 382 472 1972 547; baseline -0.001 -19"><span class='ocrx_word' id='word_1_6' title='bbox 382 473 725 547; x_wconf 84' lang='grc' dir='ltr'>μικροτάτων</span> <span class='ocrx_word' id='word_1_7' title='bbox 760 472 1043 544; x_wconf 74' lang='grc' dir='ltr'>ἐνεργείας</span> <span class='ocrx_word' id='word_1_8' title='bbox 1073 472 1183 525; x_wconf 88' lang='grc' dir='ltr'><strong>τῶν</strong></span> <span class='ocrx_word' id='word_1_9' title='bbox 1212 472 1354 526; x_wconf 87' lang='grc' dir='ltr'><strong>κατά</strong></span> <span class='ocrx_word' id='word_1_10' title='bbox 1378 472 1467 527; x_wconf 76' lang='grc' dir='ltr'><strong>τὸν</strong></span> <span class='ocrx_word' id='word_1_11' title='bbox 1494 472 1831 546; x_wconf 81' lang='grc' dir='ltr'>ἀνθρώπινον</span> <span class='ocrx_word' id='word_1_12' title='bbox 1858 475 1972 544; x_wconf 81' lang='grc' dir='ltr'>βίον</span> 
     </span>
    </p>
   </div>
   <div class='ocr_carea' id='block_1_3' title="bbox 2072 472 3643 549">
    <p class='ocr_par' dir='ltr' id='par_1_3' title="bbox 2076 478 3643 549">
     <span class='ocr_line' id='line_1_3' title="bbox 2076 478 3643 549; baseline 0.002 -16"><span class='ocrx_word' id='word_1_13' title='bbox 2076 480 2256 549; x_wconf 80' lang='lat' dir='ltr'><strong>fugam</strong></span> <span class='ocrx_word' id='word_1_14' title='bbox 2288 480 2556 534; x_wconf 75' lang='lat' dir='ltr'><strong>vertebat.</strong></span> <span class='ocrx_word' id='word_1_15' title='bbox 2595 478 2807 534; x_wconf 86' lang='lat' dir='ltr'><strong>Videsis</strong></span> <span class='ocrx_word' id='word_1_16' title='bbox 2839 478 3002 533; x_wconf 90' lang='lat' dir='ltr'><strong>etiam</strong></span> <span class='ocrx_word' id='word_1_17' title='bbox 3052 493 3119 533; x_wconf 90' lang='lat' dir='ltr'><strong>ne</strong></span> <span class='ocrx_word' id='word_1_18' title='bbox 3172 479 3312 536; x_wconf 86' lang='lat' dir='ltr'><strong>forte</strong></span> <span class='ocrx_word' id='word_1_19' title='bbox 3353 481 3424 536; x_wconf 81' lang='lat' dir='ltr'><strong>sit</strong></span> <span class='ocrx_word' id='word_1_20' title='bbox 3484 483 3643 538; x_wconf 86' lang='lat' dir='ltr'><strong>Chri-</strong></span> 
     </span>
    </p>
   </div>
   <div class='ocr_carea' id='block_1_4' title="bbox 376 564 1966 637">
    <p class='ocr_par' dir='ltr' id='par_1_4' title="bbox 376 564 1966 637">
     <span class='ocr_line' id='line_1_4' title="bbox 376 564 1966 637; baseline 0.001 -19"><span class='ocrx_word' id='word_1_21' title='bbox 376 565 613 637; x_wconf 73' lang='grc' dir='ltr'>ἐδήλωσε</span> <span class='ocrx_word' id='word_1_22' title='bbox 634 580 645 591; x_wconf 88' lang='grc'><strong>·</strong></span> <span class='ocrx_word' id='word_1_23' title='bbox 699 564 794 617; x_wconf 76' lang='grc' dir='ltr'><strong>καὶ</strong></span> <span class='ocrx_word' id='word_1_24' title='bbox 834 564 1078 635; x_wconf 83' lang='grc' dir='ltr'>Μωῢσῆς</span> <span class='ocrx_word' id='word_1_25' title='bbox 1121 564 1178 616; x_wconf 83' lang='grc' dir='ltr'>δὲ</span> <span class='ocrx_word' id='word_1_26' title='bbox 1205 565 1302 628; x_wconf 85' lang='grc' dir='ltr'><strong>τὰς</strong></span> <span class='ocrx_word' id='word_1_27' title='bbox 1327 568 1513 636; x_wconf 83' lang='grc' dir='ltr'>χεῖρας</span> <span class='ocrx_word' id='word_1_28' title='bbox 1537 565 1790 619; x_wconf 79' lang='grc' dir='ltr'>ἐκτείνων</span> <span class='ocrx_word' id='word_1_29' title='bbox 1815 567 1966 637; x_wconf 80' lang='grc' dir='ltr'>ὲτρο-</span> 
     </span>
    </p>
   </div>
   <div class='ocr_carea' id='block_1_5' title="bbox 378 655 1963 728">
    <p class='ocr_par' dir='ltr' id='par_1_5' title="bbox 378 655 1963 728">
     <span class='ocr_line' id='line_1_5' title="bbox 378 655 1963 728; baseline -0.001 -16"><span class='ocrx_word' id='word_1_30' title='bbox 378 657 544 712; x_wconf 80' lang='grc' dir='ltr'>ποῦτο</span> <span class='ocrx_word' id='word_1_31' title='bbox 582 656 675 709; x_wconf 84' lang='grc' dir='ltr'><strong>τὸν</strong></span> <span class='ocrx_word' id='word_1_32' title='bbox 732 655 998 726; x_wconf 83' lang='grc' dir='ltr'>Ἀμαλήκ.</span> <span class='ocrx_word' id='word_1_33' title='bbox 1051 655 1193 727; x_wconf 80' lang='grc' dir='ltr'>Ὅρα</span> <span class='ocrx_word' id='word_1_34' title='bbox 1234 656 1289 710; x_wconf 81' lang='grc' dir='ltr'><strong>δὲ</strong></span> <span class='ocrx_word' id='word_1_35' title='bbox 1322 658 1395 728; x_wconf 85' lang='grc' dir='ltr'>μὴ</span> <span class='ocrx_word' id='word_1_36' title='bbox 1438 658 1671 726; x_wconf 85' lang='grc' dir='ltr'>Χριστὸς</span> <span class='ocrx_word' id='word_1_37' title='bbox 1702 660 1729 711; x_wconf 87' lang='grc' dir='ltr'>ὁ</span> <span class='ocrx_word' id='word_1_38' title='bbox 1771 657 1963 725; x_wconf 88' lang='grc' dir='ltr'>λέγων,</span> 
     </span>
    </p>
   </div>
   <div class='ocr_carea' id='block_1_6' title="bbox 375 747 1966 823">
    <p class='ocr_par' dir='ltr' id='par_1_6' title="bbox 375 747 1966 823">
     <span class='ocr_line' id='line_1_6' title="bbox 375 747 1966 823; baseline -0.001 -20"><span class='ocrx_word' id='word_1_39' title='bbox 375 748 803 823; x_wconf 86' lang='grc' dir='ltr'>τροπωσάμενος</span> <span class='ocrx_word' id='word_1_40' title='bbox 834 748 962 809; x_wconf 81' lang='grc' dir='ltr'>τοὺς</span> <span class='ocrx_word' id='word_1_41' title='bbox 998 747 1265 818; x_wconf 88' lang='grc' dir='ltr'>ἀοράτους</span> <span class='ocrx_word' id='word_1_42' title='bbox 1307 747 1535 819; x_wconf 80' lang='grc' dir='ltr'>ἐχθρούς</span> <span class='ocrx_word' id='word_1_43' title='bbox 1558 766 1571 779; x_wconf 87' lang='grc'><strong>·</strong></span> <span class='ocrx_word' id='word_1_44' title='bbox 1616 748 1766 819; x_wconf 87' lang='grc' dir='ltr'>δηλοῖ</span> <span class='ocrx_word' id='word_1_45' title='bbox 1804 748 1914 820; x_wconf 83' lang='grc' dir='ltr'><strong>γὰρ</strong></span> <span class='ocrx_word' id='word_1_46' title='bbox 1938 750 1966 801; x_wconf 87' lang='grc' dir='ltr'><strong>ὁ</strong></span> 
     </span>
    </p>
   </div>
   <div class='ocr_carea' id='block_1_7' title="bbox 376 838 1966 911">
    <p class='ocr_par' dir='ltr' id='par_1_7' title="bbox 376 838 1966 911">
     <span class='ocr_line' id='line_1_7' title="bbox 376 838 1966 911; baseline -0.001 -18"><span class='ocrx_word' id='word_1_47' title='bbox 376 840 607 911; x_wconf 76' lang='grc' dir='ltr'>ψαλμὸς,</span> <span class='ocrx_word' id='word_1_48' title='bbox 639 840 715 902; x_wconf 84' lang='grc' dir='ltr'>ὡς</span> <span class='ocrx_word' id='word_1_49' title='bbox 751 838 1115 909; x_wconf 81' lang='grc' dir='ltr'><strong>δειχθήσεται,</strong></span> <span class='ocrx_word' id='word_1_50' title='bbox 1158 838 1254 892; x_wconf 77' lang='grc' dir='ltr'><strong>καὶ</strong></span> <span class='ocrx_word' id='word_1_51' title='bbox 1283 838 1511 892; x_wconf 89' lang='grc' dir='ltr'>κάθοδον</span> <span class='ocrx_word' id='word_1_52' title='bbox 1556 839 1721 894; x_wconf 88' lang='grc' dir='ltr'>αὑτοῦ</span> <span class='ocrx_word' id='word_1_53' title='bbox 1764 840 1862 911; x_wconf 87' lang='grc' dir='ltr'>τὴν</span> <span class='ocrx_word' id='word_1_54' title='bbox 1907 839 1966 907; x_wconf 77' lang='grc' dir='ltr'>ἐξ</span> 
     </span>
    </p>
   </div>
   <div class='ocr_carea' id='block_1_8' title="bbox 376 931 1963 1004">
    <p class='ocr_par' dir='ltr' id='par_1_8' title="bbox 376 931 1963 1004">
     <span class='ocr_line' id='line_1_8' title="bbox 376 931 1963 1004; baseline -0.001 -18"><span class='ocrx_word' id='word_1_55' title='bbox 376 931 630 1004; x_wconf 80' lang='grc' dir='ltr'>οὐρανοῦ,</span> <span class='ocrx_word' id='word_1_56' title='bbox 680 932 772 984; x_wconf 72' lang='grc' dir='ltr'><strong>καὶ</strong></span> <span class='ocrx_word' id='word_1_57' title='bbox 813 932 1023 1003; x_wconf 85' lang='grc' dir='ltr'>τροπὴν</span> <span class='ocrx_word' id='word_1_58' title='bbox 1076 931 1367 1001; x_wconf 82' lang='grc' dir='ltr'><strong>δαιμόνων,</strong></span> <span class='ocrx_word' id='word_1_59' title='bbox 1406 932 1499 985; x_wconf 71' lang='grc' dir='ltr'><strong>καὶ</strong></span> <span class='ocrx_word' id='word_1_60' title='bbox 1543 931 1733 1002; x_wconf 82' lang='grc' dir='ltr'>κλῆσιν</span> <span class='ocrx_word' id='word_1_61' title='bbox 1776 931 1963 996; x_wconf 83' lang='grc' dir='ltr'>ὲθνῶν,</span> 
     </span>
    </p>
   </div>
   <div class='ocr_carea' id='block_1_9' title="bbox 378 1022 833 1086">
    <p class='ocr_par' dir='ltr' id='par_1_9' title="bbox 378 1022 833 1086">
     <span class='ocr_line' id='line_1_9' title="bbox 378 1022 833 1086; baseline -0.007 -9"><span class='ocrx_word' id='word_1_62' title='bbox 378 1026 472 1077; x_wconf 76' lang='grc' dir='ltr'><strong>καὶ</strong></span> <span class='ocrx_word' id='word_1_63' title='bbox 515 1023 608 1076; x_wconf 89' lang='grc' dir='ltr'><strong>δύο</strong></span> <span class='ocrx_word' id='word_1_64' title='bbox 650 1022 833 1086; x_wconf 88' lang='grc' dir='ltr'>λαούς.</span> 
     </span>
    </p>
   </div>
   <div class='ocr_carea' id='block_1_10' title="bbox 569 1112 1785 1183">
    <p class='ocr_par' dir='ltr' id='par_1_10' title="bbox 569 1112 1785 1183">
     <span class='ocr_line' id='line_1_10' title="bbox 569 1112 1785 1183; baseline -0.003 -14"><span class='ocrx_word' id='word_1_65' title='bbox 569 1116 632 1169; x_wconf 83' lang='lat'><strong>&#39;0</strong></span> <span class='ocrx_word' id='word_1_66' title='bbox 654 1114 1025 1168; x_wconf 76' lang='grc' dir='ltr'>ὑποτάσσων</span> <span class='ocrx_word' id='word_1_67' title='bbox 1051 1114 1158 1167; x_wconf 80' lang='grc' dir='ltr'>τὸν</span> <span class='ocrx_word' id='word_1_68' title='bbox 1181 1115 1336 1168; x_wconf 79' lang='grc' dir='ltr'>λαόν</span> <span class='ocrx_word' id='word_1_69' title='bbox 1358 1131 1479 1182; x_wconf 86' lang='grc' dir='ltr'><strong>μου</strong></span> <span class='ocrx_word' id='word_1_70' title='bbox 1523 1115 1625 1167; x_wconf 77' lang='grc' dir='ltr'>ὑπ’</span> <span class='ocrx_word' id='word_1_71' title='bbox 1663 1112 1785 1183; x_wconf 84' lang='grc' dir='ltr'>ἐμέ.</span> 
     </span>
    </p>
   </div>
   <div class='ocr_carea' id='block_1_11' title="bbox 448 1205 1967 1279">
    <p class='ocr_par' dir='ltr' id='par_1_11' title="bbox 448 1205 1967 1279">
     <span class='ocr_line' id='line_1_11' title="bbox 448 1205 1967 1279; baseline -0.001 -19"><span class='ocrx_word' id='word_1_72' title='bbox 448 1207 583 1260; x_wconf 89' lang='grc' dir='ltr'>Θεοῦ</span> <span class='ocrx_word' id='word_1_73' title='bbox 618 1209 735 1260; x_wconf 78' lang='grc' dir='ltr'>ἐστι</span> <span class='ocrx_word' id='word_1_74' title='bbox 771 1208 833 1259; x_wconf 85' lang='grc' dir='ltr'><strong>τὸ</strong></span> <span class='ocrx_word' id='word_1_75' title='bbox 882 1206 1209 1259; x_wconf 86' lang='grc' dir='ltr'>ὑποτάσσειν</span> <span class='ocrx_word' id='word_1_76' title='bbox 1245 1207 1336 1261; x_wconf 80' lang='grc' dir='ltr'><strong>τὸν</strong></span> <span class='ocrx_word' id='word_1_77' title='bbox 1370 1205 1564 1259; x_wconf 80' lang='grc' dir='ltr'>ἑαυτοῦ</span> <span class='ocrx_word' id='word_1_78' title='bbox 1601 1205 1728 1259; x_wconf 82' lang='grc' dir='ltr'>λαὸν</span> <span class='ocrx_word' id='word_1_79' title='bbox 1758 1205 1967 1279; x_wconf 85' lang='grc' dir='ltr'>ἀνθρώ-</span> 
     </span>
    </p>
   </div>
   <div class='ocr_carea' id='block_1_12' title="bbox 383 1298 1968 1369">
    <p class='ocr_par' dir='ltr' id='par_1_12' title="bbox 383 1298 1968 1369">
     <span class='ocr_line' id='line_1_12' title="bbox 383 1298 1968 1369; baseline 0 -17"><span class='ocrx_word' id='word_1_80' title='bbox 383 1315 539 1362; x_wconf 87' lang='grc' dir='ltr'>ποις·</span> <span class='ocrx_word' id='word_1_81' title='bbox 568 1300 705 1369; x_wconf 79' lang='grc' dir='ltr'>ὅπερ</span> <span class='ocrx_word' id='word_1_82' title='bbox 732 1299 779 1351; x_wconf 82' lang='grc' dir='ltr'><strong>εί</strong></span> <span class='ocrx_word' id='word_1_83' title='bbox 809 1299 883 1369; x_wconf 82' lang='grc' dir='ltr'>μὴ</span> <span class='ocrx_word' id='word_1_84' title='bbox 922 1300 986 1351; x_wconf 79' lang='grc' dir='ltr'><strong>ἐκ</strong></span> <span class='ocrx_word' id='word_1_85' title='bbox 1029 1298 1164 1350; x_wconf 85' lang='grc' dir='ltr'>Θεοῦ</span> <span class='ocrx_word' id='word_1_86' title='bbox 1207 1299 1429 1366; x_wconf 85' lang='grc' dir='ltr'>γίνοιτο,</span> <span class='ocrx_word' id='word_1_87' title='bbox 1464 1298 1564 1351; x_wconf 88' lang='grc' dir='ltr'><strong>οὑκ</strong></span> <span class='ocrx_word' id='word_1_88' title='bbox 1598 1299 1664 1352; x_wconf 82' lang='grc' dir='ltr'>ἄν</span> <span class='ocrx_word' id='word_1_89' title='bbox 1702 1315 1833 1351; x_wconf 89' lang='grc' dir='ltr'>ποτε</span> <span class='ocrx_word' id='word_1_90' title='bbox 1876 1298 1968 1366; x_wconf 86' lang='grc' dir='ltr'>γέ-</span> 
     </span>
    </p>
   </div>
   <div class='ocr_carea' id='block_1_13' title="bbox 385 1389 1965 1461">
    <p class='ocr_par' dir='ltr' id='par_1_13' title="bbox 385 1389 1965 1461">
     <span class='ocr_line' id='line_1_13' title="bbox 385 1389 1965 1461; baseline 0 -18"><span class='ocrx_word' id='word_1_91' title='bbox 385 1408 527 1443; x_wconf 86' lang='grc' dir='ltr'>νοιτο</span> <span class='ocrx_word' id='word_1_92' title='bbox 544 1389 657 1461; x_wconf 76' lang='grc'><strong>(18)</strong></span> <span class='ocrx_word' id='word_1_93' title='bbox 675 1407 687 1419; x_wconf 86' lang='grc'><strong>’</strong></span> <span class='ocrx_word' id='word_1_94' title='bbox 716 1390 836 1443; x_wconf 84' lang='grc' dir='ltr'>οὐδὲ</span> <span class='ocrx_word' id='word_1_95' title='bbox 851 1390 958 1461; x_wconf 85' lang='grc' dir='ltr'>γὰρ</span> <span class='ocrx_word' id='word_1_96' title='bbox 983 1390 1223 1459; x_wconf 84' lang='grc' dir='ltr'>Μωῦσῆς</span> <span class='ocrx_word' id='word_1_97' title='bbox 1248 1391 1492 1461; x_wconf 79' lang='grc' dir='ltr'>ἡγήσατο</span> <span class='ocrx_word' id='word_1_98' title='bbox 1512 1389 1577 1444; x_wconf 86' lang='grc' dir='ltr'><strong>ἂν</strong></span> <span class='ocrx_word' id='word_1_99' title='bbox 1594 1389 1687 1443; x_wconf 87' lang='grc' dir='ltr'><strong>τοῦ</strong></span> <span class='ocrx_word' id='word_1_100' title='bbox 1712 1390 1965 1444; x_wconf 78' lang='grc' dir='ltr'>τοσούτου</span> 
     </span>
    </p>
   </div>
   <div class='ocr_carea' id='block_1_14' title="bbox 387 1480 1968 1553">
    <p class='ocr_par' dir='ltr' id='par_1_14' title="bbox 387 1480 1968 1553">
     <span class='ocr_line' id='line_1_14' title="bbox 387 1480 1968 1553; baseline -0.001 -18"><span class='ocrx_word' id='word_1_101' title='bbox 387 1482 643 1553; x_wconf 79' lang='grc' dir='ltr'>πλήθους,</span> <span class='ocrx_word' id='word_1_102' title='bbox 679 1482 754 1553; x_wconf 82' lang='grc' dir='ltr'><strong>μὴ</strong></span> <span class='ocrx_word' id='word_1_103' title='bbox 780 1480 875 1535; x_wconf 89' lang='grc' dir='ltr'><strong>τοῦ</strong></span> <span class='ocrx_word' id='word_1_104' title='bbox 906 1482 1113 1550; x_wconf 85' lang='grc' dir='ltr'>Κυρίου</span> <span class='ocrx_word' id='word_1_105' title='bbox 1154 1481 1520 1547; x_wconf 70' lang='grc' dir='ltr'>ὑποτάξαντος</span> <span class='ocrx_word' id='word_1_106' title='bbox 1718 1484 1808 1535; x_wconf 78' lang='grc' dir='ltr'><strong>τὸν</strong></span> <span class='ocrx_word' id='word_1_107' title='bbox 1843 1483 1968 1536; x_wconf 79' lang='grc' dir='ltr'>ἑαυ-</span> 
     </span>
    </p>
   </div>
   <div class='ocr_carea' id='block_1_15' title="bbox 383 1572 1966 1645">
    <p class='ocr_par' dir='ltr' id='par_1_15' title="bbox 383 1572 1966 1645">
     <span class='ocr_line' id='line_1_15' title="bbox 383 1572 1966 1645; baseline 0 -18"><span class='ocrx_word' id='word_1_108' title='bbox 383 1574 478 1628; x_wconf 88' lang='grc' dir='ltr'><strong>τοῦ</strong></span> <span class='ocrx_word' id='word_1_109' title='bbox 513 1573 660 1637; x_wconf 83' lang='grc' dir='ltr'>λαὸν,</span> <span class='ocrx_word' id='word_1_110' title='bbox 692 1574 753 1626; x_wconf 87' lang='grc' dir='ltr'><strong>οὑ</strong></span> <span class='ocrx_word' id='word_1_111' title='bbox 780 1573 847 1626; x_wconf 90' lang='grc' dir='ltr'>δι’</span> <span class='ocrx_word' id='word_1_112' title='bbox 874 1573 1052 1626; x_wconf 85' lang='grc' dir='ltr'>ὅπλων</span> <span class='ocrx_word' id='word_1_113' title='bbox 1092 1573 1124 1642; x_wconf 83' lang='grc' dir='ltr'>ἢ</span> <span class='ocrx_word' id='word_1_114' title='bbox 1167 1572 1255 1627; x_wconf 90' lang='grc' dir='ltr'><strong>διά</strong></span> <span class='ocrx_word' id='word_1_115' title='bbox 1300 1573 1659 1643; x_wconf 80' lang='grc' dir='ltr'>παρατάξεως</span> <span class='ocrx_word' id='word_1_116' title='bbox 1690 1574 1966 1645; x_wconf 85' lang='grc' dir='ltr'>ἀνθρωπί-</span> 
     </span>
    </p>
   </div>
   <div class='ocr_carea' id='block_1_16' title="bbox 386 1664 1525 1737">
    <p class='ocr_par' dir='ltr' id='par_1_16' title="bbox 386 1664 1525 1737">
     <span class='ocr_line' id='line_1_16' title="bbox 386 1664 1525 1737; baseline 0.001 -19"><span class='ocrx_word' id='word_1_117' title='bbox 386 1682 502 1735; x_wconf 89' lang='grc' dir='ltr'>νης,</span> <span class='ocrx_word' id='word_1_118' title='bbox 530 1664 616 1718; x_wconf 79' lang='grc' dir='ltr'>διὰ</span> <span class='ocrx_word' id='word_1_119' title='bbox 640 1666 695 1719; x_wconf 86' lang='grc' dir='ltr'><strong>δὲ</strong></span> <span class='ocrx_word' id='word_1_120' title='bbox 737 1667 833 1737; x_wconf 84' lang='grc' dir='ltr'><strong>τῆς</strong></span> <span class='ocrx_word' id='word_1_121' title='bbox 872 1665 1181 1736; x_wconf 85' lang='grc' dir='ltr'>κρείττονος</span> <span class='ocrx_word' id='word_1_122' title='bbox 1224 1666 1525 1736; x_wconf 83' lang='grc' dir='ltr'>δυνάμεως.</span> 
     </span>
    </p>
   </div>
   <div class='ocr_carea' id='block_1_17' title="bbox 384 1756 1967 1826">
    <p class='ocr_par' dir='ltr' id='par_1_17' title="bbox 384 1756 1967 1826">
     <span class='ocr_line' id='line_1_17' title="bbox 384 1756 1967 1826; baseline 0 -15"><span class='ocrx_word' id='word_1_123' title='bbox 384 1758 583 1826; x_wconf 79' lang='grc' dir='ltr'>Κύριε,</span> <span class='ocrx_word' id='word_1_124' title='bbox 624 1757 683 1810; x_wconf 86' lang='grc' dir='ltr'><strong>τί</strong></span> <span class='ocrx_word' id='word_1_125' title='bbox 714 1756 885 1810; x_wconf 81' lang='grc' dir='ltr'>ἐστιν</span> <span class='ocrx_word' id='word_1_126' title='bbox 925 1756 1253 1825; x_wconf 78' lang='grc' dir='ltr'>ἅνθρωπος,</span> <span class='ocrx_word' id='word_1_127' title='bbox 1301 1757 1389 1810; x_wconf 80' lang='grc' dir='ltr'>ὅτι</span> <span class='ocrx_word' id='word_1_128' title='bbox 1427 1756 1738 1826; x_wconf 79' lang='grc' dir='ltr'>ἐγνώσθης</span> <span class='ocrx_word' id='word_1_129' title='bbox 1770 1756 1967 1823; x_wconf 85' lang='grc' dir='ltr'>αὐτῷ;</span> 
     </span>
    </p>
   </div>
   <div class='ocr_carea' id='block_1_18' title="bbox 2069 570 3645 640">
    <p class='ocr_par' dir='ltr' id='par_1_18' title="bbox 2069 570 3645 640">
     <span class='ocr_line' id='line_1_18' title="bbox 2069 570 3645 640; baseline 0.002 -15"><span class='ocrx_word' id='word_1_130' title='bbox 2069 579 2207 637; x_wconf 90' lang='lat' dir='ltr'><strong>stus,</strong></span> <span class='ocrx_word' id='word_1_131' title='bbox 2274 572 2363 640; x_wconf 89' lang='lat' dir='ltr'><strong>qui</strong></span> <span class='ocrx_word' id='word_1_132' title='bbox 2424 571 2558 625; x_wconf 91' lang='lat' dir='ltr'><strong>ait:</strong></span> <span class='ocrx_word' id='word_1_133' title='bbox 2613 571 2666 624; x_wconf 92' lang='lat' dir='ltr'><strong>in</strong></span> <span class='ocrx_word' id='word_1_134' title='bbox 2727 571 2912 639; x_wconf 81' lang='lat' dir='ltr'><strong>fugam</strong></span> <span class='ocrx_word' id='word_1_135' title='bbox 2978 570 3276 639; x_wconf 89' lang='lat' dir='ltr'><strong>conjiciens</strong></span> <span class='ocrx_word' id='word_1_136' title='bbox 3343 571 3645 628; x_wconf 81' lang='lat' dir='ltr'><strong>invisibiles</strong></span> 
     </span>
    </p>
   </div>
   <div class='ocr_carea' id='block_1_19' title="bbox 2072 660 3645 729">
    <p class='ocr_par' dir='ltr' id='par_1_19' title="bbox 2072 660 3645 729">
     <span class='ocr_line' id='line_1_19' title="bbox 2072 660 3645 729; baseline 0.002 -13"><span class='ocrx_word' id='word_1_137' title='bbox 2072 661 2281 716; x_wconf 80' lang='lat' dir='ltr'><strong>hostes.</strong></span> <span class='ocrx_word' id='word_1_138' title='bbox 2313 661 2447 715; x_wconf 87' lang='lat' dir='ltr'><strong>Nam</strong></span> <span class='ocrx_word' id='word_1_139' title='bbox 2480 660 2741 729; x_wconf 88' lang='lat' dir='ltr'><strong>psalmus,</strong></span> <span class='ocrx_word' id='word_1_140' title='bbox 2775 672 2833 715; x_wconf 87' lang='lat' dir='ltr'><strong>ut</strong></span> <span class='ocrx_word' id='word_1_141' title='bbox 2862 662 3347 727; x_wconf 89' lang='lat' dir='ltr'><strong>demonstrabilur,</strong></span> <span class='ocrx_word' id='word_1_142' title='bbox 3398 672 3454 717; x_wconf 91' lang='lat' dir='ltr'><strong>et</strong></span> <span class='ocrx_word' id='word_1_143' title='bbox 3494 666 3645 719; x_wconf 84' lang='lat' dir='ltr'><strong>redi-</strong></span> 
     </span>
    </p>
   </div>
   <div class='ocr_carea' id='block_1_20' title="bbox 2071 751 3646 823">
    <p class='ocr_par' dir='ltr' id='par_1_20' title="bbox 2071 751 3646 823">
     <span class='ocr_line' id='line_1_20' title="bbox 2071 751 3646 823; baseline 0.003 -18"><span class='ocrx_word' id='word_1_144' title='bbox 2071 760 2183 807; x_wconf 91' lang='lat' dir='ltr'><strong>tum</strong></span> <span class='ocrx_word' id='word_1_145' title='bbox 2244 751 2361 821; x_wconf 89' lang='lat' dir='ltr'><strong>ejus</strong></span> <span class='ocrx_word' id='word_1_146' title='bbox 2422 754 2489 807; x_wconf 88' lang='lat' dir='ltr'><strong>de</strong></span> <span class='ocrx_word' id='word_1_147' title='bbox 2566 751 2752 818; x_wconf 76' lang='lat' dir='ltr'><strong>ctelo,</strong></span> <span class='ocrx_word' id='word_1_148' title='bbox 2815 764 2872 807; x_wconf 91' lang='lat' dir='ltr'><strong>et</strong></span> <span class='ocrx_word' id='word_1_149' title='bbox 2943 752 3125 823; x_wconf 82' lang='lat' dir='ltr'><strong>fugam</strong></span> <span class='ocrx_word' id='word_1_150' title='bbox 3183 754 3537 823; x_wconf 69' lang='lat' dir='ltr'><strong>daemonum,</strong></span> <span class='ocrx_word' id='word_1_151' title='bbox 3593 765 3646 810; x_wconf 87' lang='lat' dir='ltr'><strong>et</strong></span> 
     </span>
    </p>
   </div>
   <div class='ocr_carea' id='block_1_21' title="bbox 2068 834 3643 915">
    <p class='ocr_par' dir='ltr' id='par_1_21' title="bbox 2068 834 3643 915">
     <span class='ocr_line' id='line_1_21' title="bbox 2068 834 3643 915; baseline 0.004 -21"><span class='ocrx_word' id='word_1_152' title='bbox 2068 840 2307 910; x_wconf 71' lang='lat' dir='ltr'><strong>gentium</strong></span> <span class='ocrx_word' id='word_1_153' title='bbox 2353 842 2729 910; x_wconf 81' lang='lat' dir='ltr'><strong>vocationem,</strong></span> <span class='ocrx_word' id='word_1_154' title='bbox 2778 843 2915 899; x_wconf 89' lang='lat' dir='ltr'><strong>duos</strong></span> <span class='ocrx_word' id='word_1_155' title='bbox 2960 842 3194 914; x_wconf 88' lang='lat' dir='ltr'><strong>denique</strong></span> <span class='ocrx_word' id='word_1_156' title='bbox 3246 845 3494 915; x_wconf 86' lang='lat' dir='ltr'><strong>populos,</strong></span> <span class='ocrx_word' id='word_1_157' title='bbox 3545 834 3643 900; x_wconf 80' lang='lat' dir='ltr'><strong>de-</strong></span> 
     </span>
    </p>
   </div>
   <div class='ocr_carea' id='block_1_22' title="bbox 2069 940 2243 987">
    <p class='ocr_par' dir='ltr' id='par_1_22' title="bbox 2069 940 2243 987">
     <span class='ocr_line' id='line_1_22' title="bbox 2069 940 2243 987; baseline -0.011 -1"><span class='ocrx_word' id='word_1_158' title='bbox 2069 940 2243 987; x_wconf 88' lang='lat' dir='ltr'><strong>notat.</strong></span> 
     </span>
    </p>
   </div>
   <div class='ocr_carea' id='block_1_23' title="bbox 2141 1113 3572 1182">
    <p class='ocr_par' dir='ltr' id='par_1_23' title="bbox 2141 1113 3572 1182">
     <span class='ocr_line' id='line_1_23' title="bbox 2141 1113 3572 1182; baseline -0.002 -11"><span class='ocrx_word' id='word_1_159' title='bbox 2141 1116 2307 1171; x_wconf 74' lang='lat' dir='ltr'><strong>Vens.</strong></span> <span class='ocrx_word' id='word_1_160' title='bbox 2343 1114 2400 1169; x_wconf 77' lang='grc'>2.</span> <span class='ocrx_word' id='word_1_161' title='bbox 2446 1113 2550 1180; x_wconf 82' lang='lat' dir='ltr'><strong>Qui</strong></span> <span class='ocrx_word' id='word_1_162' title='bbox 2570 1114 2801 1167; x_wconf 82' lang='lat' dir='ltr'><strong>subdidit</strong></span> <span class='ocrx_word' id='word_1_163' title='bbox 2831 1113 3080 1182; x_wconf 83' lang='lat' dir='ltr'><strong>populum</strong></span> <span class='ocrx_word' id='word_1_164' title='bbox 3116 1130 3283 1167; x_wconf 89' lang='lat' dir='ltr'><strong>meum</strong></span> <span class='ocrx_word' id='word_1_165' title='bbox 3330 1114 3425 1168; x_wconf 82' lang='lat' dir='ltr'><strong>sub</strong></span> <span class='ocrx_word' id='word_1_166' title='bbox 3468 1129 3572 1168; x_wconf 87' lang='lat' dir='ltr'><strong>me.</strong></span> 
     </span>
    </p>
   </div>
   <div class='ocr_carea' id='block_1_24' title="bbox 2142 1205 3643 1277">
    <p class='ocr_par' dir='ltr' id='par_1_24' title="bbox 2142 1205 3643 1277">
     <span class='ocr_line' id='line_1_24' title="bbox 2142 1205 3643 1277; baseline -0.001 -16"><span class='ocrx_word' id='word_1_167' title='bbox 2142 1208 2237 1263; x_wconf 88' lang='lat' dir='ltr'><strong>Dei</strong></span> <span class='ocrx_word' id='word_1_168' title='bbox 2270 1215 2356 1262; x_wconf 86' lang='lat' dir='ltr'><strong>est</strong></span> <span class='ocrx_word' id='word_1_169' title='bbox 2379 1207 2637 1277; x_wconf 88' lang='lat' dir='ltr'><strong>populum</strong></span> <span class='ocrx_word' id='word_1_170' title='bbox 2662 1220 2819 1259; x_wconf 90' lang='lat' dir='ltr'><strong>suum</strong></span> <span class='ocrx_word' id='word_1_171' title='bbox 2851 1205 3159 1258; x_wconf 88' lang='lat' dir='ltr'><strong>hominibus</strong></span> <span class='ocrx_word' id='word_1_172' title='bbox 3181 1206 3469 1273; x_wconf 83' lang='lat' dir='ltr'><strong>subjicere,</strong></span> <span class='ocrx_word' id='word_1_173' title='bbox 3502 1206 3643 1276; x_wconf 94' lang='lat' dir='ltr'><strong>quod</strong></span> 
     </span>
    </p>
   </div>
   <div class='ocr_carea' id='block_1_25' title="bbox 2070 1296 3645 1368">
    <p class='ocr_par' dir='ltr' id='par_1_25' title="bbox 2070 1296 3645 1368">
     <span class='ocr_line' id='line_1_25' title="bbox 2070 1296 3645 1368; baseline -0.001 -14"><span class='ocrx_word' id='word_1_174' title='bbox 2070 1300 2176 1355; x_wconf 85' lang='lat' dir='ltr'><strong>nisi</strong></span> <span class='ocrx_word' id='word_1_175' title='bbox 2206 1315 2234 1353; x_wconf 92' lang='lat' dir='ltr'><strong>a</strong></span> <span class='ocrx_word' id='word_1_176' title='bbox 2267 1299 2376 1354; x_wconf 93' lang='lat' dir='ltr'><strong>Deo</strong></span> <span class='ocrx_word' id='word_1_177' title='bbox 2403 1299 2513 1361; x_wconf 81' lang='lat' dir='ltr'><strong>fiat,</strong></span> <span class='ocrx_word' id='word_1_178' title='bbox 2547 1313 2823 1367; x_wconf 85' lang='lat' dir='ltr'><strong>nunquam</strong></span> <span class='ocrx_word' id='word_1_179' title='bbox 2880 1298 2991 1352; x_wconf 86' lang='lat' dir='ltr'><strong>ﬁet.</strong></span> <span class='ocrx_word' id='word_1_180' title='bbox 3045 1296 3176 1351; x_wconf 86' lang='lat' dir='ltr'><strong>Nam</strong></span> <span class='ocrx_word' id='word_1_181' title='bbox 3221 1312 3393 1367; x_wconf 84' lang='lat' dir='ltr'><strong>neque</strong></span> <span class='ocrx_word' id='word_1_182' title='bbox 3436 1298 3645 1368; x_wconf 83' lang='lat' dir='ltr'><strong>Moyses</strong></span> 
     </span>
    </p>
   </div>
   <div class='ocr_carea' id='block_1_26' title="bbox 2072 1389 3643 1460">
    <p class='ocr_par' dir='ltr' id='par_1_26' title="bbox 2072 1389 3643 1460">
     <span class='ocr_line' id='line_1_26' title="bbox 2072 1389 3643 1460; baseline -0.001 -13"><span class='ocrx_word' id='word_1_183' title='bbox 2072 1392 2233 1447; x_wconf 82' lang='lat' dir='ltr'><strong>talem</strong></span> <span class='ocrx_word' id='word_1_184' title='bbox 2308 1400 2627 1460; x_wconf 70' lang='lat' dir='ltr'><strong>tantamque</strong></span> <span class='ocrx_word' id='word_1_185' title='bbox 2698 1389 3102 1445; x_wconf 91' lang='lat' dir='ltr'><strong>multitudinem</strong></span> <span class='ocrx_word' id='word_1_186' title='bbox 3179 1390 3465 1457; x_wconf 84' lang='lat' dir='ltr'><strong>rexisset,</strong></span> <span class='ocrx_word' id='word_1_187' title='bbox 3537 1389 3643 1446; x_wconf 90' lang='lat' dir='ltr'><strong>nisi</strong></span> 
     </span>
    </p>
   </div>
   <div class='ocr_carea' id='block_1_27' title="bbox 2068 1480 3644 1553">
    <p class='ocr_par' dir='ltr' id='par_1_27' title="bbox 2068 1480 3644 1553">
     <span class='ocr_line' id='line_1_27' title="bbox 2068 1480 3644 1553; baseline -0.001 -15"><span class='ocrx_word' id='word_1_188' title='bbox 2068 1483 2118 1538; x_wconf 92' lang='lat' dir='ltr'><strong>ei</strong></span> <span class='ocrx_word' id='word_1_189' title='bbox 2167 1482 2428 1538; x_wconf 86' lang='lat' dir='ltr'><strong>Dominus</strong></span> <span class='ocrx_word' id='word_1_190' title='bbox 2486 1481 2741 1553; x_wconf 88' lang='lat' dir='ltr'><strong>populum</strong></span> <span class='ocrx_word' id='word_1_191' title='bbox 2774 1497 2931 1537; x_wconf 91' lang='lat' dir='ltr'><strong>suum</strong></span> <span class='ocrx_word' id='word_1_192' title='bbox 2987 1480 3336 1547; x_wconf 85' lang='lat' dir='ltr'><strong>subdidisset,</strong></span> <span class='ocrx_word' id='word_1_193' title='bbox 3392 1497 3499 1536; x_wconf 93' lang='lat' dir='ltr'><strong>non</strong></span> <span class='ocrx_word' id='word_1_194' title='bbox 3551 1496 3644 1536; x_wconf 86' lang='lat' dir='ltr'><strong>ar-</strong></span> 
     </span>
    </p>
   </div>
   <div class='ocr_carea' id='block_1_28' title="bbox 2070 1574 3649 1646">
    <p class='ocr_par' dir='ltr' id='par_1_28' title="bbox 2070 1574 3649 1646">
     <span class='ocr_line' id='line_1_28' title="bbox 2070 1574 3649 1646; baseline 0 -15"><span class='ocrx_word' id='word_1_195' title='bbox 2070 1578 2173 1632; x_wconf 80' lang='lat' dir='ltr'><strong>mis</strong></span> <span class='ocrx_word' id='word_1_196' title='bbox 2233 1592 2409 1646; x_wconf 90' lang='lat' dir='ltr'><strong>neque</strong></span> <span class='ocrx_word' id='word_1_197' title='bbox 2456 1577 2738 1631; x_wconf 86' lang='lat' dir='ltr'><strong>hominum</strong></span> <span class='ocrx_word' id='word_1_198' title='bbox 2791 1576 3077 1641; x_wconf 80' lang='lat' dir='ltr'><strong>exercitu,</strong></span> <span class='ocrx_word' id='word_1_199' title='bbox 3134 1575 3228 1631; x_wconf 89' lang='lat' dir='ltr'><strong>sed</strong></span> <span class='ocrx_word' id='word_1_200' title='bbox 3278 1574 3502 1631; x_wconf 89' lang='lat' dir='ltr'><strong>meliore</strong></span> <span class='ocrx_word' id='word_1_201' title='bbox 3550 1590 3649 1646; x_wconf 76' lang='lat' dir='ltr'><strong>po-</strong></span> 
     </span>
    </p>
   </div>
   <div class='ocr_carea' id='block_1_29' title="bbox 2073 1668 2263 1723">
    <p class='ocr_par' dir='ltr' id='par_1_29' title="bbox 2073 1668 2263 1723">
     <span class='ocr_line' id='line_1_29' title="bbox 2073 1668 2263 1723; baseline -0.005 -1"><span class='ocrx_word' id='word_1_202' title='bbox 2073 1668 2263 1723; x_wconf 85' lang='lat' dir='ltr'><strong>tentia.</strong></span> 
     </span>
    </p>
   </div>
   <div class='ocr_carea' id='block_1_30' title="bbox 2070 1757 3649 1827">
    <p class='ocr_par' dir='ltr' id='par_1_30' title="bbox 2070 1757 3649 1827">
     <span class='ocr_line' id='line_1_30' title="bbox 2070 1757 3649 1827; baseline -0.002 -13"><span class='ocrx_word' id='word_1_203' title='bbox 2070 1758 2235 1823; x_wconf 73' lang='lat' dir='ltr'><strong>Vens,</strong></span> <span class='ocrx_word' id='word_1_204' title='bbox 2270 1758 2325 1811; x_wconf 71' lang='lat'><strong>2‘.</strong></span> <span class='ocrx_word' id='word_1_205' title='bbox 2354 1757 2593 1825; x_wconf 86' lang='lat' dir='ltr'><strong>Domine,</strong></span> <span class='ocrx_word' id='word_1_206' title='bbox 2618 1758 2746 1827; x_wconf 81' lang='lat' dir='ltr'><strong>quid</strong></span> <span class='ocrx_word' id='word_1_207' title='bbox 2770 1766 2845 1811; x_wconf 80' lang='lat' dir='ltr'><strong>est</strong></span> <span class='ocrx_word' id='word_1_208' title='bbox 2873 1758 3048 1823; x_wconf 87' lang='lat' dir='ltr'><strong>homo,</strong></span> <span class='ocrx_word' id='word_1_209' title='bbox 3076 1757 3203 1826; x_wconf 82' lang='lat' dir='ltr'><strong>quia</strong></span> <span class='ocrx_word' id='word_1_210' title='bbox 3243 1757 3523 1811; x_wconf 74' lang='lat' dir='ltr'><strong>innotuisti</strong></span> <span class='ocrx_word' id='word_1_211' title='bbox 3550 1758 3597 1812; x_wconf 82' lang='lat' dir='ltr'><strong>ei</strong></span> <span class='ocrx_word' id='word_1_212' title='bbox 3624 1758 3649 1811; x_wconf 82' lang='grc'><em>7</em></span> 
     </span>
    </p>
   </div>
   <div class='ocr_carea' id='block_1_31' title="bbox 452 1826 1972 1922">
    <p class='ocr_par' dir='ltr' id='par_1_31' title="bbox 452 1848 1968 1922">
     <span class='ocr_line' id='line_1_31' title="bbox 452 1848 1968 1922; baseline 0 -20"><span class='ocrx_word' id='word_1_213' title='bbox 452 1849 788 1905; x_wconf 86' lang='grc' dir='ltr'>Πυνθάνεται</span> <span class='ocrx_word' id='word_1_214' title='bbox 810 1848 1009 1918; x_wconf 84' lang='grc' dir='ltr'>ὁλόγος</span> <span class='ocrx_word' id='word_1_215' title='bbox 1031 1850 1463 1922; x_wconf 83' lang='grc' dir='ltr'>ὲρωτηματικῶς</span> <span class='ocrx_word' id='word_1_216' title='bbox 1492 1850 1573 1915; x_wconf 85' lang='grc' dir='ltr'><strong>τὸ,</strong></span> <span class='ocrx_word' id='word_1_217' title='bbox 1599 1850 1650 1902; x_wconf 84' lang='grc' dir='ltr'><strong>τι</strong></span> <span class='ocrx_word' id='word_1_218' title='bbox 1693 1849 1840 1903; x_wconf 75' lang='grc' dir='ltr'>ἐστιν</span> <span class='ocrx_word' id='word_1_219' title='bbox 1876 1851 1968 1904; x_wconf 81' lang='grc' dir='ltr'><strong>ἄν·</strong></span> 
     </span>
    </p>
   </div>
   <div class='ocr_carea' id='block_1_32' title="bbox 2072 1826 3651 1922">
    <p class='ocr_par' dir='ltr' id='par_1_32' title="bbox 2141 1826 3651 1919">
     <span class='ocr_line' id='line_1_32' title="bbox 2141 1826 3651 1919; baseline -0.003 -14"><span class='ocrx_word' id='word_1_220' title='bbox 2141 1850 2534 1918; x_wconf 84' lang='lat' dir='ltr'><strong>lnterrogativo</strong></span> <span class='ocrx_word' id='word_1_221' title='bbox 2584 1826 2746 1903; x_wconf 84' lang='lat' dir='ltr'><strong>medo</strong></span> <span class='ocrx_word' id='word_1_222' title='bbox 2788 1850 2981 1919; x_wconf 65' lang='lat' dir='ltr'><strong>quaerit</strong></span> <span class='ocrx_word' id='word_1_223' title='bbox 3019 1849 3345 1914; x_wconf 84' lang='lat' dir='ltr'><strong>Psalmista,</strong></span> <span class='ocrx_word' id='word_1_224' title='bbox 3394 1850 3522 1918; x_wconf 89' lang='lat' dir='ltr'><strong>quid</strong></span> <span class='ocrx_word' id='word_1_225' title='bbox 3578 1849 3651 1902; x_wconf 91' lang='lat' dir='ltr'><strong>sit</strong></span> 
     </span>
    </p>
   </div>
   <div class='ocr_carea' id='block_1_33' title="bbox 386 1939 1968 2013">
    <p class='ocr_par' dir='ltr' id='par_1_33' title="bbox 386 1939 1968 2013">
     <span class='ocr_line' id='line_1_33' title="bbox 386 1939 1968 2013; baseline 0 -20"><span class='ocrx_word' id='word_1_226' title='bbox 386 1942 623 2012; x_wconf 84' lang='grc' dir='ltr'>θρωπος,</span> <span class='ocrx_word' id='word_1_227' title='bbox 646 1942 795 2013; x_wconf 81' lang='grc' dir='ltr'>ἡμᾶς</span> <span class='ocrx_word' id='word_1_228' title='bbox 820 1939 1026 2005; x_wconf 78' lang='grc' dir='ltr'>διδάξαι</span> <span class='ocrx_word' id='word_1_229' title='bbox 1054 1941 1395 2013; x_wconf 87' lang='grc' dir='ltr'>βουλόμενος,</span> <span class='ocrx_word' id='word_1_230' title='bbox 1423 1943 1505 1995; x_wconf 83' lang='grc' dir='ltr'><strong>ὅτι</strong></span> <span class='ocrx_word' id='word_1_231' title='bbox 1528 1942 1672 2011; x_wconf 83' lang='grc' dir='ltr'>μέγα</span> <span class='ocrx_word' id='word_1_232' title='bbox 1690 1959 1739 1994; x_wconf 89' lang='grc' dir='ltr'><strong>τι</strong></span> <span class='ocrx_word' id='word_1_233' title='bbox 1757 1940 1968 2010; x_wconf 82' lang='grc' dir='ltr'>ἄνθρω-</span> 
     </span>
    </p>
   </div>
   <div class='ocr_carea' id='block_1_34' title="bbox 384 2032 1969 2105">
    <p class='ocr_par' dir='ltr' id='par_1_34' title="bbox 384 2032 1969 2105">
     <span class='ocr_line' id='line_1_34' title="bbox 384 2032 1969 2105; baseline 0 -21"><span class='ocrx_word' id='word_1_234' title='bbox 384 2050 515 2097; x_wconf 85' lang='grc' dir='ltr'>πος·</span> <span class='ocrx_word' id='word_1_235' title='bbox 543 2033 603 2085; x_wconf 85' lang='grc' dir='ltr'><strong>οὑ</strong></span> <span class='ocrx_word' id='word_1_236' title='bbox 662 2032 771 2103; x_wconf 88' lang='grc' dir='ltr'><strong>γάρ</strong></span> <span class='ocrx_word' id='word_1_237' title='bbox 829 2033 895 2087; x_wconf 86' lang='grc' dir='ltr'>ἄν</span> <span class='ocrx_word' id='word_1_238' title='bbox 941 2032 1185 2105; x_wconf 80' lang='grc' dir='ltr'>ἐχώρησε</span> <span class='ocrx_word' id='word_1_239' title='bbox 1222 2032 1358 2086; x_wconf 86' lang='grc' dir='ltr'>Θεοῦ</span> <span class='ocrx_word' id='word_1_240' title='bbox 1397 2032 1620 2102; x_wconf 89' lang='grc' dir='ltr'>γνῶσιν,</span> <span class='ocrx_word' id='word_1_241' title='bbox 1661 2033 1767 2086; x_wconf 81' lang='grc' dir='ltr'>οὐδ’</span> <span class='ocrx_word' id='word_1_242' title='bbox 1808 2033 1873 2085; x_wconf 88' lang='grc' dir='ltr'><strong>ἂν</strong></span> <span class='ocrx_word' id='word_1_243' title='bbox 1922 2035 1969 2085; x_wconf 83' lang='grc' dir='ltr'><strong>ὲ-</strong></span> 
     </span>
    </p>
   </div>
   <div class='ocr_carea' id='block_1_35' title="bbox 386 2125 1968 2197">
    <p class='ocr_par' dir='ltr' id='par_1_35' title="bbox 386 2125 1968 2197">
     <span class='ocr_line' id='line_1_35' title="bbox 386 2125 1968 2197; baseline -0.001 -18"><span class='ocrx_word' id='word_1_244' title='bbox 386 2125 597 2197; x_wconf 81' lang='grc' dir='ltr'>μνήσθη</span> <span class='ocrx_word' id='word_1_245' title='bbox 614 2125 779 2179; x_wconf 86' lang='grc' dir='ltr'>αὑτοῦ</span> <span class='ocrx_word' id='word_1_246' title='bbox 803 2127 831 2178; x_wconf 85' lang='grc' dir='ltr'>ὁ</span> <span class='ocrx_word' id='word_1_247' title='bbox 848 2125 978 2189; x_wconf 83' lang='grc' dir='ltr'>Θεὸς</span> <span class='ocrx_word' id='word_1_248' title='bbox 993 2125 1186 2191; x_wconf 78' lang='grc' dir='ltr'>οὕτως,</span> <span class='ocrx_word' id='word_1_249' title='bbox 1204 2125 1278 2189; x_wconf 82' lang='grc' dir='ltr'><strong>ὡς</strong></span> <span class='ocrx_word' id='word_1_250' title='bbox 1295 2126 1387 2178; x_wconf 85' lang='lat' dir='ltr'><strong>xu‘t</strong></span> <span class='ocrx_word' id='word_1_251' title='bbox 1404 2127 1626 2196; x_wconf 76' lang='grc' dir='ltr'>Σωτῆρα</span> <span class='ocrx_word' id='word_1_252' title='bbox 1651 2126 1745 2179; x_wconf 71' lang='grc' dir='ltr'>καὶ</span> <span class='ocrx_word' id='word_1_253' title='bbox 1759 2128 1968 2197; x_wconf 87' lang='grc' dir='ltr'>Λυτρω-</span> 
     </span>
    </p>
   </div>
   <div class='ocr_carea' id='block_1_36' title="bbox 383 2216 1971 2289">
    <p class='ocr_par' dir='ltr' id='par_1_36' title="bbox 383 2216 1971 2289">
     <span class='ocr_line' id='line_1_36' title="bbox 383 2216 1971 2289; baseline 0.001 -20"><span class='ocrx_word' id='word_1_254' title='bbox 383 2217 481 2286; x_wconf 84' lang='grc' dir='ltr'>τὴν</span> <span class='ocrx_word' id='word_1_255' title='bbox 512 2216 889 2281; x_wconf 77' lang='grc' dir='ltr'>ἐξαποστεῖλαι</span> <span class='ocrx_word' id='word_1_256' title='bbox 934 2216 1083 2288; x_wconf 86' lang='grc' dir='ltr'>αὑτῷ</span> <span class='ocrx_word' id='word_1_257' title='bbox 1118 2217 1209 2270; x_wconf 80' lang='grc' dir='ltr'><strong>τὸν</strong></span> <span class='ocrx_word' id='word_1_258' title='bbox 1241 2218 1434 2271; x_wconf 78' lang='grc' dir='ltr'>ἑαυτοῦ</span> <span class='ocrx_word' id='word_1_259' title='bbox 1468 2219 1658 2287; x_wconf 86' lang='grc' dir='ltr'>Λόγον.</span> <span class='ocrx_word' id='word_1_260' title='bbox 1708 2218 1971 2289; x_wconf 88' lang='grc' dir='ltr'>Παραινεί</span> 
     </span>
    </p>
   </div>
   <div class='ocr_carea' id='block_1_37' title="bbox 383 2308 1967 2381">
    <p class='ocr_par' dir='ltr' id='par_1_37' title="bbox 383 2308 1967 2381">
     <span class='ocr_line' id='line_1_37' title="bbox 383 2308 1967 2381; baseline 0 -21"><span class='ocrx_word' id='word_1_261' title='bbox 383 2308 439 2360; x_wconf 79' lang='grc' dir='ltr'>δὲ</span> <span class='ocrx_word' id='word_1_262' title='bbox 471 2310 528 2363; x_wconf 83' lang='grc' dir='ltr'>ὲν</span> <span class='ocrx_word' id='word_1_263' title='bbox 562 2309 642 2380; x_wconf 85' lang='grc' dir='ltr'>τῷ</span> <span class='ocrx_word' id='word_1_264' title='bbox 672 2309 821 2379; x_wconf 84' lang='grc' dir='ltr'>αὑτῷ</span> <span class='ocrx_word' id='word_1_265' title='bbox 864 2310 957 2362; x_wconf 76' lang='grc' dir='ltr'>καὶ</span> <span class='ocrx_word' id='word_1_266' title='bbox 995 2309 1220 2380; x_wconf 85' lang='grc' dir='ltr'>μηδενὸς</span> <span class='ocrx_word' id='word_1_267' title='bbox 1263 2308 1551 2381; x_wconf 85' lang='grc' dir='ltr'>ἀνθρώπου</span> <span class='ocrx_word' id='word_1_268' title='bbox 1586 2312 1967 2381; x_wconf 73' lang='grc' dir='ltr'>καταφρονεῖν,</span> 
     </span>
    </p>
   </div>
   <div class='ocr_carea' id='block_1_38' title="bbox 385 2402 1969 2473">
    <p class='ocr_par' dir='ltr' id='par_1_38' title="bbox 385 2402 1969 2473">
     <span class='ocr_line' id='line_1_38' title="bbox 385 2402 1969 2473; baseline 0.001 -20"><span class='ocrx_word' id='word_1_269' title='bbox 385 2402 477 2454; x_wconf 72' lang='grc' dir='ltr'><strong>καὶ</strong></span> <span class='ocrx_word' id='word_1_270' title='bbox 515 2402 595 2454; x_wconf 85' lang='grc' dir='ltr'>ὅτι</span> <span class='ocrx_word' id='word_1_271' title='bbox 640 2402 829 2473; x_wconf 72' lang='grc' dir='ltr'>μηδεὶς</span> <span class='ocrx_word' id='word_1_272' title='bbox 872 2402 1019 2469; x_wconf 81' lang='grc' dir='ltr'>ἄξιον</span> <span class='ocrx_word' id='word_1_273' title='bbox 1048 2402 1303 2473; x_wconf 84' lang='grc' dir='ltr'>κατορθοῖ</span> <span class='ocrx_word' id='word_1_274' title='bbox 1324 2403 1423 2472; x_wconf 87' lang='grc' dir='ltr'><strong>τῆς</strong></span> <span class='ocrx_word' id='word_1_275' title='bbox 1461 2403 1715 2472; x_wconf 79' lang='grc' dir='ltr'>τοιαύτης</span> <span class='ocrx_word' id='word_1_276' title='bbox 1751 2403 1969 2473; x_wconf 77' lang='grc' dir='ltr'>εὐεργε-</span> 
     </span>
    </p>
   </div>
   <div class='ocr_carea' id='block_1_39' title="bbox 388 2493 529 2556">
    <p class='ocr_par' dir='ltr' id='par_1_39' title="bbox 388 2493 529 2556">
     <span class='ocr_line' id='line_1_39' title="bbox 388 2493 529 2556; baseline 0.035 -13"><span class='ocrx_word' id='word_1_277' title='bbox 388 2493 529 2556; x_wconf 82' lang='grc' dir='ltr'>σίας.</span> 
     </span>
    </p>
   </div>
   <div class='ocr_carea' id='block_1_40' title="bbox 473 2585 1871 2654">
    <p class='ocr_par' dir='ltr' id='par_1_40' title="bbox 473 2585 1871 2654">
     <span class='ocr_line' id='line_1_40' title="bbox 473 2585 1871 2654; baseline 0.001 -16"><span class='ocrx_word' id='word_1_278' title='bbox 473 2586 670 2653; x_wconf 77' lang='grc' dir='ltr'>Κύριε,</span> <span class='ocrx_word' id='word_1_279' title='bbox 708 2585 920 2638; x_wconf 77' lang='grc' dir='ltr'>κλῖνον</span> <span class='ocrx_word' id='word_1_280' title='bbox 951 2586 1247 2654; x_wconf 81' lang='grc' dir='ltr'>οὐρανούς</span> <span class='ocrx_word' id='word_1_281' title='bbox 1269 2600 1406 2650; x_wconf 83' lang='grc' dir='ltr'>σου,</span> <span class='ocrx_word' id='word_1_282' title='bbox 1440 2585 1539 2638; x_wconf 79' lang='grc' dir='ltr'>καὶ</span> <span class='ocrx_word' id='word_1_283' title='bbox 1566 2585 1871 2653; x_wconf 81' lang='grc' dir='ltr'>κατάϐηθι.</span> 
     </span>
    </p>
   </div>
   <div class='ocr_carea' id='block_1_41' title="bbox 457 2662 1969 2749">
    <p class='ocr_par' dir='ltr' id='par_1_41' title="bbox 457 2662 1969 2749">
     <span class='ocr_line' id='line_1_41' title="bbox 457 2662 1969 2749; baseline 0.001 -22"><span class='ocrx_word' id='word_1_284' title='bbox 457 2662 668 2746; x_wconf 81' lang='grc' dir='ltr'>Σφόδρα</span> <span class='ocrx_word' id='word_1_285' title='bbox 709 2676 1023 2745; x_wconf 83' lang='grc' dir='ltr'>ἀναγκαίως</span> <span class='ocrx_word' id='word_1_286' title='bbox 1052 2677 1144 2743; x_wconf 73' lang='grc' dir='ltr'>καὶ</span> <span class='ocrx_word' id='word_1_287' title='bbox 1176 2676 1487 2740; x_wconf 82' lang='grc' dir='ltr'>ἀκολούθως</span> <span class='ocrx_word' id='word_1_288' title='bbox 1519 2676 1715 2749; x_wconf 80' lang='grc' dir='ltr'><strong>[λέγει]</strong></span> <span class='ocrx_word' id='word_1_289' title='bbox 1746 2677 1852 2735; x_wconf 76' lang='grc' dir='ltr'>καὶ,</span> <span class='ocrx_word' id='word_1_290' title='bbox 1874 2678 1969 2729; x_wconf 90' lang='grc' dir='ltr'>αὑ-</span> 
     </span>
    </p>
   </div>
   <div class='ocr_carea' id='block_1_42' title="bbox 384 2767 1971 2841">
    <p class='ocr_par' dir='ltr' id='par_1_42' title="bbox 384 2767 1971 2841">
     <span class='ocr_line' id='line_1_42' title="bbox 384 2767 1971 2841; baseline 0 -18"><span class='ocrx_word' id='word_1_291' title='bbox 384 2767 473 2823; x_wconf 71' lang='grc' dir='ltr'><strong>τὸν</strong></span> <span class='ocrx_word' id='word_1_292' title='bbox 508 2767 809 2839; x_wconf 80' lang='grc' dir='ltr'>καταϐῆναι</span> <span class='ocrx_word' id='word_1_293' title='bbox 846 2768 938 2822; x_wconf 81' lang='grc' dir='ltr'><strong>τὸν</strong></span> <span class='ocrx_word' id='word_1_294' title='bbox 988 2768 1081 2822; x_wconf 89' lang='grc' dir='ltr'><strong>τοῦ</strong></span> <span class='ocrx_word' id='word_1_295' title='bbox 1116 2769 1251 2822; x_wconf 86' lang='grc' dir='ltr'>Θεοῦ</span> <span class='ocrx_word' id='word_1_296' title='bbox 1296 2769 1466 2837; x_wconf 91' lang='grc' dir='ltr'>Λόγον</span> <span class='ocrx_word' id='word_1_297' title='bbox 1515 2771 1594 2833; x_wconf 89' lang='grc' dir='ltr'><strong>είς</strong></span> <span class='ocrx_word' id='word_1_298' title='bbox 1652 2768 1971 2841; x_wconf 74' lang='grc' dir='ltr'>καθαίρεσιν</span> 
     </span>
    </p>
   </div>
   <div class='ocr_carea' id='block_1_43' title="bbox 383 2858 1969 2932">
    <p class='ocr_par' dir='ltr' id='par_1_43' title="bbox 383 2858 1969 2932">
     <span class='ocr_line' id='line_1_43' title="bbox 383 2858 1969 2932; baseline 0.004 -22"><span class='ocrx_word' id='word_1_299' title='bbox 383 2858 490 2913; x_wconf 87' lang='grc' dir='ltr'><strong>τῶν</strong></span> <span class='ocrx_word' id='word_1_300' title='bbox 517 2858 792 2929; x_wconf 85' lang='grc' dir='ltr'>πολεμίων</span> <span class='ocrx_word' id='word_1_301' title='bbox 809 2876 823 2889; x_wconf 87' lang='grc'><strong>·</strong></span> <span class='ocrx_word' id='word_1_302' title='bbox 854 2862 902 2913; x_wconf 82' lang='grc' dir='ltr'><strong>εί</strong></span> <span class='ocrx_word' id='word_1_303' title='bbox 930 2859 1037 2932; x_wconf 82' lang='grc' dir='ltr'>γὰρ</span> <span class='ocrx_word' id='word_1_304' title='bbox 1066 2862 1157 2914; x_wconf 73' lang='grc' dir='ltr'><strong>καὶ</strong></span> <span class='ocrx_word' id='word_1_305' title='bbox 1182 2861 1250 2914; x_wconf 84' lang='grc' dir='ltr'>τὰ</span> <span class='ocrx_word' id='word_1_306' title='bbox 1273 2861 1528 2931; x_wconf 84' lang='grc' dir='ltr'>μάλιστα,</span> <span class='ocrx_word' id='word_1_307' title='bbox 1551 2864 1707 2931; x_wconf 77' lang='grc' dir='ltr'>φησὶ,</span> <span class='ocrx_word' id='word_1_308' title='bbox 1728 2861 1969 2917; x_wconf 74' lang='grc' dir='ltr'>διδάσκει</span> 
     </span>
    </p>
   </div>
   <div class='ocr_carea' id='block_1_44' title="bbox 383 2950 1971 3025">
    <p class='ocr_par' dir='ltr' id='par_1_44' title="bbox 383 2950 1971 3025">
     <span class='ocr_line' id='line_1_44' title="bbox 383 2950 1971 3025; baseline 0.002 -21"><span class='ocrx_word' id='word_1_309' title='bbox 383 2950 481 3014; x_wconf 84' lang='grc' dir='ltr'>τὰς</span> <span class='ocrx_word' id='word_1_310' title='bbox 504 2951 643 3023; x_wconf 79' lang='grc' dir='ltr'>ἐμὰς</span> <span class='ocrx_word' id='word_1_311' title='bbox 668 2955 854 3024; x_wconf 81' lang='grc' dir='ltr'>χεῖρας</span> <span class='ocrx_word' id='word_1_312' title='bbox 878 2953 972 3006; x_wconf 73' lang='grc' dir='ltr'><strong>καὶ</strong></span> <span class='ocrx_word' id='word_1_313' title='bbox 1013 2954 1139 3018; x_wconf 77' lang='grc' dir='ltr'>τοὺς</span> <span class='ocrx_word' id='word_1_314' title='bbox 1175 2953 1471 3017; x_wconf 80' lang='grc' dir='ltr'>δακτύλους</span> <span class='ocrx_word' id='word_1_315' title='bbox 1502 2955 1649 3017; x_wconf 86' lang='grc' dir='ltr'>ὅπως</span> <span class='ocrx_word' id='word_1_316' title='bbox 1675 2954 1779 3025; x_wconf 88' lang='grc' dir='ltr'>χρὴ</span> <span class='ocrx_word' id='word_1_317' title='bbox 1814 2954 1971 3007; x_wconf 65' lang='grc' dir='ltr'>πολετ-</span> 
     </span>
    </p>
   </div>
   <div class='ocr_carea' id='block_1_45' title="bbox 386 3044 1972 3118">
    <p class='ocr_par' dir='ltr' id='par_1_45' title="bbox 386 3044 1972 3118">
     <span class='ocr_line' id='line_1_45' title="bbox 386 3044 1972 3118; baseline 0.002 -22"><span class='ocrx_word' id='word_1_318' title='bbox 386 3047 527 3113; x_wconf 87' lang='grc' dir='ltr'>μεῖν,</span> <span class='ocrx_word' id='word_1_319' title='bbox 561 3044 696 3096; x_wconf 90' lang='grc' dir='ltr'><strong>ἀλλά</strong></span> <span class='ocrx_word' id='word_1_320' title='bbox 723 3046 819 3098; x_wconf 73' lang='grc' dir='ltr'>καὶ</span> <span class='ocrx_word' id='word_1_321' title='bbox 849 3044 930 3108; x_wconf 83' lang='grc' dir='ltr'><strong>τίς</strong></span> <span class='ocrx_word' id='word_1_322' title='bbox 976 3046 1125 3116; x_wconf 81' lang='grc' dir='ltr'>ἰσχὺς</span> <span class='ocrx_word' id='word_1_323' title='bbox 1172 3046 1481 3118; x_wconf 87' lang='grc' dir='ltr'>ἀνθρώπου,</span> <span class='ocrx_word' id='word_1_324' title='bbox 1515 3048 1608 3099; x_wconf 73' lang='grc' dir='ltr'><strong>καὶ</strong></span> <span class='ocrx_word' id='word_1_325' title='bbox 1649 3046 1787 3116; x_wconf 86' lang='grc' dir='ltr'>πόση</span> <span class='ocrx_word' id='word_1_326' title='bbox 1815 3045 1972 3099; x_wconf 87' lang='grc' dir='ltr'>δύνα-</span> 
     </span>
    </p>
   </div>
   <div class='ocr_carea' id='block_1_46' title="bbox 387 3136 1972 3210">
    <p class='ocr_par' dir='ltr' id='par_1_46' title="bbox 387 3136 1972 3210">
     <span class='ocr_line' id='line_1_46' title="bbox 387 3136 1972 3210; baseline 0 -22"><span class='ocrx_word' id='word_1_327' title='bbox 387 3154 479 3206; x_wconf 86' lang='grc' dir='ltr'><strong>μις</strong></span> <span class='ocrx_word' id='word_1_328' title='bbox 513 3136 607 3189; x_wconf 86' lang='grc' dir='ltr'><strong>τοῦ</strong></span> <span class='ocrx_word' id='word_1_329' title='bbox 632 3136 826 3208; x_wconf 83' lang='grc' dir='ltr'>θνητοῦ</span> <span class='ocrx_word' id='word_1_330' title='bbox 862 3140 955 3192; x_wconf 73' lang='grc' dir='ltr'><strong>καὶ</strong></span> <span class='ocrx_word' id='word_1_331' title='bbox 988 3138 1307 3210; x_wconf 85' lang='grc' dir='ltr'>ματαιότητι</span> <span class='ocrx_word' id='word_1_332' title='bbox 1335 3137 1711 3209; x_wconf 81' lang='grc' dir='ltr'>ὁμοιωθέντος,</span> <span class='ocrx_word' id='word_1_333' title='bbox 1746 3137 1881 3208; x_wconf 83' lang='grc' dir='ltr'>πρὸς</span> <span class='ocrx_word' id='word_1_334' title='bbox 1911 3136 1972 3189; x_wconf 87' lang='grc' dir='ltr'><strong>τὸ</strong></span> 
     </span>
    </p>
   </div>
   <div class='ocr_carea' id='block_1_47' title="bbox 383 3225 1968 3301">
    <p class='ocr_par' dir='ltr' id='par_1_47' title="bbox 383 3225 1968 3301">
     <span class='ocr_line' id='line_1_47' title="bbox 383 3225 1968 3301; baseline 0.003 -24"><span class='ocrx_word' id='word_1_335' title='bbox 383 3225 675 3299; x_wconf 84' lang='grc' dir='ltr'>δυνηθῆναι</span> <span class='ocrx_word' id='word_1_336' title='bbox 719 3233 908 3300; x_wconf 85' lang='grc' dir='ltr'>στῆναι</span> <span class='ocrx_word' id='word_1_337' title='bbox 951 3229 1091 3283; x_wconf 83' lang='grc' dir='ltr'><strong>κατά</strong></span> <span class='ocrx_word' id='word_1_338' title='bbox 1133 3230 1231 3300; x_wconf 85' lang='grc' dir='ltr'><strong>τῆς</strong></span> <span class='ocrx_word' id='word_1_339' title='bbox 1278 3231 1543 3300; x_wconf 82' lang='grc' dir='ltr'>τοσαύτης</span> <span class='ocrx_word' id='word_1_340' title='bbox 1582 3228 1968 3301; x_wconf 83' lang='grc' dir='ltr'>παρατάξεως;</span> 
     </span>
    </p>
   </div>
   <div class='ocr_carea' id='block_1_48' title="bbox 385 3317 1972 3394">
    <p class='ocr_par' dir='ltr' id='par_1_48' title="bbox 385 3317 1972 3394">
     <span class='ocr_line' id='line_1_48' title="bbox 385 3317 1972 3394; baseline 0.002 -24"><span class='ocrx_word' id='word_1_341' title='bbox 385 3317 465 3371; x_wconf 73' lang='grc' dir='ltr'><strong>διὸ</strong></span> <span class='ocrx_word' id='word_1_342' title='bbox 499 3322 563 3373; x_wconf 84' lang='grc' dir='ltr'><strong>σὺ</strong></span> <span class='ocrx_word' id='word_1_343' title='bbox 606 3321 786 3387; x_wconf 82' lang='grc' dir='ltr'>αὑτὸς,</span> <span class='ocrx_word' id='word_1_344' title='bbox 821 3317 865 3376; x_wconf 83' lang='grc' dir='ltr'>ὧ</span> <span class='ocrx_word' id='word_1_345' title='bbox 892 3321 1085 3393; x_wconf 87' lang='grc' dir='ltr'>Κύριε,</span> <span class='ocrx_word' id='word_1_346' title='bbox 1127 3322 1303 3375; x_wconf 82' lang='grc' dir='ltr'>κλῖνον</span> <span class='ocrx_word' id='word_1_347' title='bbox 1351 3323 1636 3394; x_wconf 82' lang='grc' dir='ltr'>οὐρανοὺς,</span> <span class='ocrx_word' id='word_1_348' title='bbox 1674 3323 1767 3375; x_wconf 73' lang='grc' dir='ltr'><strong>καὶ</strong></span> <span class='ocrx_word' id='word_1_349' title='bbox 1803 3320 1972 3373; x_wconf 87' lang='grc' dir='ltr'>κατά-</span> 
     </span>
    </p>
   </div>
   <div class='ocr_carea' id='block_1_49' title="bbox 387 3411 1972 3485">
    <p class='ocr_par' dir='ltr' id='par_1_49' title="bbox 387 3411 1972 3485">
     <span class='ocr_line' id='line_1_49' title="bbox 387 3411 1972 3485; baseline 0.001 -23"><span class='ocrx_word' id='word_1_350' title='bbox 387 3411 530 3481; x_wconf 81' lang='grc' dir='ltr'>ϐηθι.</span> <span class='ocrx_word' id='word_1_351' title='bbox 567 3413 841 3485; x_wconf 81' lang='grc' dir='ltr'>Οὑρανοὺς</span> <span class='ocrx_word' id='word_1_352' title='bbox 870 3414 928 3467; x_wconf 94' lang='grc' dir='ltr'><strong>δέ</strong></span> <span class='ocrx_word' id='word_1_353' title='bbox 975 3432 1104 3484; x_wconf 81' lang='grc' dir='ltr'>φησι</span> <span class='ocrx_word' id='word_1_354' title='bbox 1145 3414 1242 3477; x_wconf 82' lang='grc' dir='ltr'>τὰς</span> <span class='ocrx_word' id='word_1_355' title='bbox 1288 3415 1679 3484; x_wconf 81' lang='grc' dir='ltr'>ἐπινοουμένας</span> <span class='ocrx_word' id='word_1_356' title='bbox 1722 3416 1779 3467; x_wconf 79' lang='grc' dir='ltr'><strong>ἐν</strong></span> <span class='ocrx_word' id='word_1_357' title='bbox 1824 3412 1972 3483; x_wconf 80' lang='grc' dir='ltr'>αὐτῷ</span> 
     </span>
    </p>
   </div>
   <div class='ocr_carea' id='block_1_50' title="bbox 383 3502 1972 3578">
    <p class='ocr_par' dir='ltr' id='par_1_50' title="bbox 383 3502 1972 3578">
     <span class='ocr_line' id='line_1_50' title="bbox 383 3502 1972 3578; baseline -0.001 -20"><span class='ocrx_word' id='word_1_358' title='bbox 383 3502 678 3574; x_wconf 86' lang='grc' dir='ltr'>δυνάμεις·</span> <span class='ocrx_word' id='word_1_359' title='bbox 715 3506 789 3568; x_wconf 87' lang='grc' dir='ltr'>ὡς</span> <span class='ocrx_word' id='word_1_360' title='bbox 821 3506 879 3560; x_wconf 84' lang='grc' dir='ltr'><strong>δὲ</strong></span> <span class='ocrx_word' id='word_1_361' title='bbox 928 3507 1112 3578; x_wconf 83' lang='grc' dir='ltr'>πατὴρ</span> <span class='ocrx_word' id='word_1_362' title='bbox 1158 3506 1392 3577; x_wconf 82' lang='grc' dir='ltr'>νηπίοις,</span> <span class='ocrx_word' id='word_1_363' title='bbox 1441 3508 1535 3559; x_wconf 58' lang='grc' dir='ltr'><strong>καὶ¹</strong></span> <span class='ocrx_word' id='word_1_364' title='bbox 1578 3506 1654 3571; x_wconf 84' lang='grc' dir='ltr'><strong>ὡς</strong></span> <span class='ocrx_word' id='word_1_365' title='bbox 1703 3506 1972 3578; x_wconf 79' lang='grc' dir='ltr'>μαθηταῖς</span> 
     </span>
    </p>
   </div>
   <div class='ocr_carea' id='block_1_51' title="bbox 381 3593 1187 3666">
    <p class='ocr_par' dir='ltr' id='par_1_51' title="bbox 381 3593 1187 3666">
     <span class='ocr_line' id='line_1_51' title="bbox 381 3593 1187 3666; baseline 0.005 -19"><span class='ocrx_word' id='word_1_366' title='bbox 381 3593 702 3660; x_wconf 82' lang='grc' dir='ltr'>διδάσκαλος</span> <span class='ocrx_word' id='word_1_367' title='bbox 742 3598 1187 3666; x_wconf 84' lang='grc' dir='ltr'>συγκαταϐαίνει.</span> 
     </span>
    </p>
   </div>
   <div class='ocr_carea' id='block_1_52' title="bbox 538 3686 1825 3759">
    <p class='ocr_par' dir='ltr' id='par_1_52' title="bbox 538 3686 1825 3759">
     <span class='ocr_line' id='line_1_52' title="bbox 538 3686 1825 3759; baseline 0.005 -21"><span class='ocrx_word' id='word_1_368' title='bbox 538 3686 1001 3753; x_wconf 75' lang='grc' dir='ltr'>Ἐξαπόστειλον</span> <span class='ocrx_word' id='word_1_369' title='bbox 1030 3689 1144 3758; x_wconf 78' lang='grc' dir='ltr'>τὴν</span> <span class='ocrx_word' id='word_1_370' title='bbox 1169 3690 1338 3759; x_wconf 72' lang='grc' dir='ltr'>χεῖρά</span> <span class='ocrx_word' id='word_1_371' title='bbox 1365 3706 1482 3744; x_wconf 85' lang='grc' dir='ltr'><strong>σου</strong></span> <span class='ocrx_word' id='word_1_372' title='bbox 1512 3691 1580 3755; x_wconf 81' lang='grc' dir='ltr'><strong>ἐξ</strong></span> <span class='ocrx_word' id='word_1_373' title='bbox 1608 3691 1825 3759; x_wconf 72' lang='grc' dir='ltr'>ὕψους.</span> 
     </span>
    </p>
   </div>
   <div class='ocr_carea' id='block_1_53' title="bbox 467 3778 1973 3855">
    <p class='ocr_par' dir='ltr' id='par_1_53' title="bbox 467 3778 1973 3855">
     <span class='ocr_line' id='line_1_53' title="bbox 467 3778 1973 3855; baseline 0.004 -24"><span class='ocrx_word' id='word_1_374' title='bbox 467 3778 896 3845; x_wconf 80' lang='grc' dir='ltr'>Ἐξαπόστειλον,</span> <span class='ocrx_word' id='word_1_375' title='bbox 926 3783 1090 3852; x_wconf 67' lang='grc' dir='ltr'>φησιν</span> <span class='ocrx_word' id='word_1_376' title='bbox 1114 3784 1143 3834; x_wconf 83' lang='grc' dir='ltr'>ὁ</span> <span class='ocrx_word' id='word_1_377' title='bbox 1174 3782 1405 3855; x_wconf 69' lang='grc' dir='ltr'>ψαλμὸς,</span> <span class='ocrx_word' id='word_1_378' title='bbox 1440 3784 1539 3855; x_wconf 85' lang='grc' dir='ltr'>τὴν</span> <span class='ocrx_word' id='word_1_379' title='bbox 1568 3785 1854 3855; x_wconf 85' lang='grc' dir='ltr'>ποιητικὴν</span> <span class='ocrx_word' id='word_1_380' title='bbox 1879 3785 1973 3838; x_wconf 78' lang='grc' dir='ltr'><strong>καὶ</strong></span> 
     </span>
    </p>
   </div>
   <div class='ocr_carea' id='block_1_54' title="bbox 384 3871 1972 3945">
    <p class='ocr_par' dir='ltr' id='par_1_54' title="bbox 384 3871 1972 3945">
     <span class='ocr_line' id='line_1_54' title="bbox 384 3871 1972 3945; baseline 0.003 -22"><span class='ocrx_word' id='word_1_381' title='bbox 384 3871 723 3944; x_wconf 83' lang='grc' dir='ltr'>φυλακτικὴν</span> <span class='ocrx_word' id='word_1_382' title='bbox 770 3872 878 3927; x_wconf 89' lang='grc' dir='ltr'><strong>τῶν</strong></span> <span class='ocrx_word' id='word_1_383' title='bbox 926 3873 1063 3928; x_wconf 80' lang='grc' dir='ltr'>ὅλων</span> <span class='ocrx_word' id='word_1_384' title='bbox 1098 3876 1257 3945; x_wconf 82' lang='grc' dir='ltr'>χεῖρα</span> <span class='ocrx_word' id='word_1_385' title='bbox 1302 3876 1394 3927; x_wconf 75' lang='grc' dir='ltr'>ἐπὶ</span> <span class='ocrx_word' id='word_1_386' title='bbox 1439 3873 1517 3945; x_wconf 80' lang='grc' dir='ltr'><strong>τῷ</strong></span> <span class='ocrx_word' id='word_1_387' title='bbox 1566 3875 1845 3941; x_wconf 78' lang='grc' dir='ltr'>ἐξελέσθαι</span> <span class='ocrx_word' id='word_1_388' title='bbox 1878 3876 1972 3929; x_wconf 78' lang='grc' dir='ltr'><strong>καὶ</strong></span> 
     </span>
    </p>
   </div>
   <div class='ocr_carea' id='block_1_55' title="bbox 388 3960 1972 4039">
    <p class='ocr_par' dir='ltr' id='par_1_55' title="bbox 388 3960 1972 4039">
     <span class='ocr_line' id='line_1_55' title="bbox 388 3960 1972 4039; baseline 0.004 -26"><span class='ocrx_word' id='word_1_389' title='bbox 388 3960 655 4032; x_wconf 81' lang='grc' dir='ltr'>ῥύσασθαί</span> <span class='ocrx_word' id='word_1_390' title='bbox 691 3981 758 4033; x_wconf 88' lang='grc' dir='ltr'><strong>με</strong></span> <span class='ocrx_word' id='word_1_391' title='bbox 787 3965 852 4017; x_wconf 78' lang='grc' dir='ltr'>ὲκ</span> <span class='ocrx_word' id='word_1_392' title='bbox 878 3964 986 4017; x_wconf 91' lang='grc' dir='ltr'><strong>τῶν</strong></span> <span class='ocrx_word' id='word_1_393' title='bbox 1033 3964 1241 4017; x_wconf 82' lang='grc' dir='ltr'>πολλῶν</span> <span class='ocrx_word' id='word_1_394' title='bbox 1271 3965 1477 4020; x_wconf 84' lang='grc' dir='ltr'>ὑδάτων</span> <span class='ocrx_word' id='word_1_395' title='bbox 1506 3968 1598 4020; x_wconf 76' lang='grc' dir='ltr'><strong>καὶ</strong></span> <span class='ocrx_word' id='word_1_396' title='bbox 1634 3966 1743 4021; x_wconf 87' lang='grc' dir='ltr'><strong>τῶν</strong></span> <span class='ocrx_word' id='word_1_397' title='bbox 1773 3968 1972 4039; x_wconf 89' lang='grc' dir='ltr'>χειρῶν</span> 
     </span>
    </p>
   </div>
   <div class='ocr_carea' id='block_1_56' title="bbox 384 4053 1973 4126">
    <p class='ocr_par' dir='ltr' id='par_1_56' title="bbox 384 4053 1973 4126">
     <span class='ocr_line' id='line_1_56' title="bbox 384 4053 1973 4126; baseline 0.004 -21"><span class='ocrx_word' id='word_1_398' title='bbox 384 4053 811 4126; x_wconf 83' lang='grc' dir='ltr'>τῶνάλλοτρίων</span> <span class='ocrx_word' id='word_1_399' title='bbox 832 4055 962 4108; x_wconf 84' lang='grc' dir='ltr'>υἱῶν</span> <span class='ocrx_word' id='word_1_400' title='bbox 980 4072 993 4085; x_wconf 81' lang='grc'><em>’</em></span> <span class='ocrx_word' id='word_1_401' title='bbox 1023 4056 1243 4109; x_wconf 79' lang='grc' dir='ltr'>δυνατὸν</span> <span class='ocrx_word' id='word_1_402' title='bbox 1270 4057 1326 4110; x_wconf 88' lang='grc' dir='ltr'>δὲ</span> <span class='ocrx_word' id='word_1_403' title='bbox 1351 4058 1411 4110; x_wconf 84' lang='grc' dir='ltr'><strong>τὸ</strong></span> <span class='ocrx_word' id='word_1_404' title='bbox 1436 4058 1493 4125; x_wconf 77' lang='grc' dir='ltr'>ἐξ</span> <span class='ocrx_word' id='word_1_405' title='bbox 1523 4058 1729 4112; x_wconf 86' lang='grc' dir='ltr'>ὑδάτων</span> <span class='ocrx_word' id='word_1_406' title='bbox 1762 4059 1973 4112; x_wconf 84' lang='grc' dir='ltr'>πολλῶν</span> 
     </span>
    </p>
   </div>
   <div class='ocr_carea' id='block_1_57' title="bbox 386 4145 1972 4221">
    <p class='ocr_par' dir='ltr' id='par_1_57' title="bbox 386 4145 1972 4221">
     <span class='ocr_line' id='line_1_57' title="bbox 386 4145 1972 4221; baseline 0.006 -26"><span class='ocrx_word' id='word_1_407' title='bbox 386 4145 649 4217; x_wconf 78' lang='grc' dir='ltr'>ρυσθῆναι</span> <span class='ocrx_word' id='word_1_408' title='bbox 682 4148 855 4199; x_wconf 86' lang='grc' dir='ltr'>είπεῖν</span> <span class='ocrx_word' id='word_1_409' title='bbox 883 4146 991 4200; x_wconf 92' lang='grc' dir='ltr'><strong>τῶν</strong></span> <span class='ocrx_word' id='word_1_410' title='bbox 1022 4148 1273 4220; x_wconf 85' lang='grc' dir='ltr'>πονηρῶν</span> <span class='ocrx_word' id='word_1_411' title='bbox 1304 4150 1584 4221; x_wconf 84' lang='grc' dir='ltr'>δυνάμεων</span> <span class='ocrx_word' id='word_1_412' title='bbox 1616 4151 1710 4205; x_wconf 75' lang='grc' dir='ltr'>καὶ</span> <span class='ocrx_word' id='word_1_413' title='bbox 1740 4151 1833 4204; x_wconf 88' lang='grc' dir='ltr'><strong>τοῦ</strong></span> <span class='ocrx_word' id='word_1_414' title='bbox 1855 4152 1972 4204; x_wconf 92' lang='grc' dir='ltr'>δια-</span> 
     </span>
    </p>
   </div>
   <div class='ocr_carea' id='block_1_58' title="bbox 384 4238 1972 4313">
    <p class='ocr_par' dir='ltr' id='par_1_58' title="bbox 384 4238 1972 4313">
     <span class='ocr_line' id='line_1_58' title="bbox 384 4238 1972 4313; baseline 0.003 -23"><span class='ocrx_word' id='word_1_415' title='bbox 384 4239 665 4294; x_wconf 63' lang='grc' dir='ltr'>ϐόλουρτοῦ</span> <span class='ocrx_word' id='word_1_416' title='bbox 711 4238 975 4309; x_wconf 87' lang='grc' dir='ltr'>βασιλέως</span> <span class='ocrx_word' id='word_1_417' title='bbox 1013 4240 1230 4293; x_wconf 86' lang='grc' dir='ltr'>πάντων</span> <span class='ocrx_word' id='word_1_418' title='bbox 1280 4241 1390 4295; x_wconf 91' lang='grc' dir='ltr'><strong>τῶν</strong></span> <span class='ocrx_word' id='word_1_419' title='bbox 1430 4242 1722 4296; x_wconf 67' lang='grc' dir='ltr'>τοιούτων*</span> <span class='ocrx_word' id='word_1_420' title='bbox 1759 4243 1972 4313; x_wconf 78' lang='grc' dir='ltr'>ἐξαιρε-</span> 
     </span>
    </p>
   </div>
   <div class='ocr_carea' id='block_1_59' title="bbox 383 4331 1974 4405">
    <p class='ocr_par' dir='ltr' id='par_1_59' title="bbox 383 4331 1974 4405">
     <span class='ocr_line' id='line_1_59' title="bbox 383 4331 1974 4405; baseline 0.003 -22"><span class='ocrx_word' id='word_1_421' title='bbox 383 4331 541 4403; x_wconf 80' lang='grc' dir='ltr'>θῆναι</span> <span class='ocrx_word' id='word_1_422' title='bbox 563 4331 619 4384; x_wconf 79' lang='grc' dir='ltr'>δὲ</span> <span class='ocrx_word' id='word_1_423' title='bbox 646 4333 740 4385; x_wconf 82' lang='grc' dir='ltr'><strong>καὶ</strong></span> <span class='ocrx_word' id='word_1_424' title='bbox 766 4334 830 4386; x_wconf 80' lang='grc' dir='ltr'>ὲκ</span> <span class='ocrx_word' id='word_1_425' title='bbox 849 4333 1030 4404; x_wconf 79' lang='grc' dir='ltr'>χειρὸς</span> <span class='ocrx_word' id='word_1_426' title='bbox 1053 4332 1158 4386; x_wconf 89' lang='grc' dir='ltr'><strong>τῶν</strong></span> <span class='ocrx_word' id='word_1_427' title='bbox 1181 4333 1477 4405; x_wconf 84' lang='grc' dir='ltr'>ἀλλοτρίων</span> <span class='ocrx_word' id='word_1_428' title='bbox 1505 4334 1655 4399; x_wconf 80' lang='grc' dir='ltr'>υἱῶν,</span> <span class='ocrx_word' id='word_1_429' title='bbox 1684 4333 1793 4387; x_wconf 83' lang='grc' dir='ltr'><strong>τῶν</strong></span> <span class='ocrx_word' id='word_1_430' title='bbox 1823 4337 1974 4405; x_wconf 84' lang='grc' dir='ltr'>ἐνερ-</span> 
     </span>
    </p>
   </div>
   <div class='ocr_carea' id='block_1_60' title="bbox 383 4424 1974 4496">
    <p class='ocr_par' dir='ltr' id='par_1_60' title="bbox 383 4424 1974 4496">
     <span class='ocr_line' id='line_1_60' title="bbox 383 4424 1974 4496; baseline 0.003 -20"><span class='ocrx_word' id='word_1_431' title='bbox 383 4425 665 4495; x_wconf 83' lang='grc' dir='ltr'>γουμένων</span> <span class='ocrx_word' id='word_1_432' title='bbox 710 4425 803 4477; x_wconf 81' lang='grc' dir='ltr'>ὑπ’</span> <span class='ocrx_word' id='word_1_433' title='bbox 843 4425 1021 4478; x_wconf 85' lang='grc' dir='ltr'>αὑτῶν</span> <span class='ocrx_word' id='word_1_434' title='bbox 1059 4424 1394 4496; x_wconf 88' lang='grc' dir='ltr'>ἀνθρώπων·</span> <span class='ocrx_word' id='word_1_435' title='bbox 1433 4425 1532 4490; x_wconf 87' lang='grc' dir='ltr'><strong>τάς</strong></span> <span class='ocrx_word' id='word_1_436' title='bbox 1578 4429 1974 4492; x_wconf 76' lang='grc' dir='ltr'>ἐπαναστάσεις</span> 
     </span>
    </p>
   </div>
   <div class='ocr_carea' id='block_1_61' title="bbox 2070 1940 3650 2011">
    <p class='ocr_par' dir='ltr' id='par_1_61' title="bbox 2070 1940 3650 2011">
     <span class='ocr_line' id='line_1_61' title="bbox 2070 1940 3650 2011; baseline -0.001 -14"><span class='ocrx_word' id='word_1_437' title='bbox 2070 1942 2231 1999; x_wconf 86' lang='lat' dir='ltr'><strong>homo</strong></span> <span class='ocrx_word' id='word_1_438' title='bbox 2253 1960 2267 2008; x_wconf 89' lang='lat'>;</span> <span class='ocrx_word' id='word_1_439' title='bbox 2303 1941 2501 1998; x_wconf 88' lang='lat' dir='ltr'><strong>docere</strong></span> <span class='ocrx_word' id='word_1_440' title='bbox 2526 1956 2624 1996; x_wconf 92' lang='lat' dir='ltr'><strong>nos</strong></span> <span class='ocrx_word' id='word_1_441' title='bbox 2649 1940 2859 2003; x_wconf 86' lang='lat' dir='ltr'><strong>volens,</strong></span> <span class='ocrx_word' id='word_1_442' title='bbox 2890 1956 3145 2011; x_wconf 81' lang='lat' dir='ltr'><strong>magnum</strong></span> <span class='ocrx_word' id='word_1_443' title='bbox 3169 1940 3296 2010; x_wconf 90' lang='lat' dir='ltr'><strong>quid</strong></span> <span class='ocrx_word' id='word_1_444' title='bbox 3322 1954 3445 1995; x_wconf 89' lang='lat' dir='ltr'><strong>esse</strong></span> <span class='ocrx_word' id='word_1_445' title='bbox 3472 1940 3650 1995; x_wconf 89' lang='lat' dir='ltr'><strong>bomi-</strong></span> 
     </span>
    </p>
   </div>
   <div class='ocr_carea' id='block_1_62' title="bbox 2072 2033 3647 2104">
    <p class='ocr_par' dir='ltr' id='par_1_62' title="bbox 2072 2033 3647 2104">
     <span class='ocr_line' id='line_1_62' title="bbox 2072 2033 3647 2104; baseline -0.001 -16"><span class='ocrx_word' id='word_1_446' title='bbox 2072 2050 2217 2089; x_wconf 87' lang='lat' dir='ltr'><strong>nem.</strong></span> <span class='ocrx_word' id='word_1_447' title='bbox 2248 2035 2418 2089; x_wconf 85' lang='lat' dir='ltr'><strong>Secus</strong></span> <span class='ocrx_word' id='word_1_448' title='bbox 2450 2037 2617 2099; x_wconf 90' lang='lat' dir='ltr'><strong>enim,</strong></span> <span class='ocrx_word' id='word_1_449' title='bbox 2657 2049 2831 2104; x_wconf 88' lang='lat' dir='ltr'><strong>neque</strong></span> <span class='ocrx_word' id='word_1_450' title='bbox 2860 2033 2976 2103; x_wconf 90' lang='lat' dir='ltr'><strong>ipse</strong></span> <span class='ocrx_word' id='word_1_451' title='bbox 3001 2034 3094 2089; x_wconf 89' lang='lat' dir='ltr'><strong>Dei</strong></span> <span class='ocrx_word' id='word_1_452' title='bbox 3120 2035 3368 2088; x_wconf 88' lang='lat' dir='ltr'><strong>notitiam</strong></span> <span class='ocrx_word' id='word_1_453' title='bbox 3400 2044 3647 2104; x_wconf 88' lang='lat' dir='ltr'><strong>caperet,</strong></span> 
     </span>
    </p>
   </div>
   <div class='ocr_carea' id='block_1_63' title="bbox 2072 2126 3647 2196">
    <p class='ocr_par' dir='ltr' id='par_1_63' title="bbox 2072 2126 3647 2196">
     <span class='ocr_line' id='line_1_63' title="bbox 2072 2126 3647 2196; baseline -0.001 -15"><span class='ocrx_word' id='word_1_454' title='bbox 2072 2143 2245 2196; x_wconf 83' lang='lat' dir='ltr'><strong>neque</strong></span> <span class='ocrx_word' id='word_1_455' title='bbox 2265 2128 2422 2181; x_wconf 81' lang='lat' dir='ltr'><strong>Deus</strong></span> <span class='ocrx_word' id='word_1_456' title='bbox 2469 2135 2751 2196; x_wconf 84' lang='lat' dir='ltr'><strong>tantopere</strong></span> <span class='ocrx_word' id='word_1_457' title='bbox 2802 2126 2922 2196; x_wconf 91' lang='lat' dir='ltr'><strong>ejus</strong></span> <span class='ocrx_word' id='word_1_458' title='bbox 2969 2128 3328 2194; x_wconf 88' lang='lat' dir='ltr'><strong>meminisset,</strong></span> <span class='ocrx_word' id='word_1_459' title='bbox 3370 2138 3431 2182; x_wconf 92' lang='lat' dir='ltr'><strong>ut</strong></span> <span class='ocrx_word' id='word_1_460' title='bbox 3480 2128 3647 2182; x_wconf 88' lang='lat' dir='ltr'><strong>etiam</strong></span> 
     </span>
    </p>
   </div>
   <div class='ocr_carea' id='block_1_64' title="bbox 2072 2215 3647 2287">
    <p class='ocr_par' dir='ltr' id='par_1_64' title="bbox 2072 2215 3647 2287">
     <span class='ocr_line' id='line_1_64' title="bbox 2072 2215 3647 2287; baseline 0.001 -16"><span class='ocrx_word' id='word_1_461' title='bbox 2072 2218 2414 2271; x_wconf 89' lang='lat' dir='ltr'><strong>Servatorem</strong></span> <span class='ocrx_word' id='word_1_462' title='bbox 2444 2215 2966 2285; x_wconf 84' lang='lat' dir='ltr'><strong>Redemptoremque</strong></span> <span class='ocrx_word' id='word_1_463' title='bbox 3005 2216 3053 2270; x_wconf 91' lang='lat' dir='ltr'><strong>ei</strong></span> <span class='ocrx_word' id='word_1_464' title='bbox 3096 2219 3328 2272; x_wconf 90' lang='lat' dir='ltr'><strong>mitteret</strong></span> <span class='ocrx_word' id='word_1_465' title='bbox 3371 2220 3647 2287; x_wconf 87' lang='lat' dir='ltr'><strong>proprium</strong></span> 
     </span>
    </p>
   </div>
   <div class='ocr_carea' id='block_1_65' title="bbox 2073 2306 3649 2377">
    <p class='ocr_par' dir='ltr' id='par_1_65' title="bbox 2073 2306 3649 2377">
     <span class='ocr_line' id='line_1_65' title="bbox 2073 2306 3649 2377; baseline -0.002 -15"><span class='ocrx_word' id='word_1_466' title='bbox 2073 2307 2331 2362; x_wconf 81' lang='lat' dir='ltr'><strong>Verbum.</strong></span> <span class='ocrx_word' id='word_1_467' title='bbox 2361 2306 2541 2362; x_wconf 82' lang='lat' dir='ltr'><strong>Monet</strong></span> <span class='ocrx_word' id='word_1_468' title='bbox 2576 2308 2736 2362; x_wconf 89' lang='lat' dir='ltr'><strong>simul</strong></span> <span class='ocrx_word' id='word_1_469' title='bbox 2764 2323 2832 2363; x_wconf 90' lang='lat' dir='ltr'><strong>ne</strong></span> <span class='ocrx_word' id='word_1_470' title='bbox 2853 2322 3183 2377; x_wconf 91' lang='lat' dir='ltr'><strong>quemquam</strong></span> <span class='ocrx_word' id='word_1_471' title='bbox 3211 2309 3482 2361; x_wconf 85' lang='lat' dir='ltr'><strong>hominem</strong></span> <span class='ocrx_word' id='word_1_472' title='bbox 3516 2323 3649 2361; x_wconf 92' lang='lat' dir='ltr'><strong>con-</strong></span> 
     </span>
    </p>
   </div>
   <div class='ocr_carea' id='block_1_66' title="bbox 2075 2400 3646 2470">
    <p class='ocr_par' dir='ltr' id='par_1_66' title="bbox 2075 2400 3646 2470">
     <span class='ocr_line' id='line_1_66' title="bbox 2075 2400 3646 2470; baseline 0 -17"><span class='ocrx_word' id='word_1_473' title='bbox 2075 2408 2420 2463; x_wconf 81' lang='lat' dir='ltr'><strong>temnamus;</strong></span> <span class='ocrx_word' id='word_1_474' title='bbox 2474 2408 2530 2454; x_wconf 89' lang='lat' dir='ltr'><strong>et</strong></span> <span class='ocrx_word' id='word_1_475' title='bbox 2576 2401 2718 2469; x_wconf 90' lang='lat' dir='ltr'><strong>quod</strong></span> <span class='ocrx_word' id='word_1_476' title='bbox 2763 2416 2922 2457; x_wconf 91' lang='lat' dir='ltr'><strong>nemo</strong></span> <span class='ocrx_word' id='word_1_477' title='bbox 2953 2401 3215 2457; x_wconf 89' lang='lat' dir='ltr'><strong>beneficio</strong></span> <span class='ocrx_word' id='word_1_478' title='bbox 3248 2411 3400 2455; x_wconf 90' lang='lat' dir='ltr'><strong>tanto</strong></span> <span class='ocrx_word' id='word_1_479' title='bbox 3425 2400 3646 2470; x_wconf 79' lang='lat' dir='ltr'><strong>dignum</strong></span> 
     </span>
    </p>
   </div>
   <div class='ocr_carea' id='block_1_67' title="bbox 2072 2491 2451 2561">
    <p class='ocr_par' dir='ltr' id='par_1_67' title="bbox 2072 2491 2451 2561">
     <span class='ocr_line' id='line_1_67' title="bbox 2072 2491 2451 2561; baseline 0.005 -18"><span class='ocrx_word' id='word_1_480' title='bbox 2072 2491 2274 2559; x_wconf 85' lang='lat' dir='ltr'><strong>aliquid</strong></span> <span class='ocrx_word' id='word_1_481' title='bbox 2306 2502 2451 2561; x_wconf 84' lang='lat' dir='ltr'><strong>agat.</strong></span> 
     </span>
    </p>
   </div>
   <div class='ocr_carea' id='block_1_68' title="bbox 2073 2584 3645 2649">
    <p class='ocr_par' dir='ltr' id='par_1_68' title="bbox 2073 2584 3645 2649">
     <span class='ocr_line' id='line_1_68' title="bbox 2073 2584 3645 2649; baseline -0.001 -10"><span class='ocrx_word' id='word_1_482' title='bbox 2073 2584 2237 2639; x_wconf 59' lang='grc' dir='ltr'>νεεδ.</span> <span class='ocrx_word' id='word_1_483' title='bbox 2277 2584 2331 2639; x_wconf 82' lang='lat'><strong>5.</strong></span> <span class='ocrx_word' id='word_1_484' title='bbox 2389 2584 2629 2649; x_wconf 86' lang='lat' dir='ltr'><strong>Domine,</strong></span> <span class='ocrx_word' id='word_1_485' title='bbox 2674 2585 2871 2639; x_wconf 84' lang='lat' dir='ltr'><strong>inclina</strong></span> <span class='ocrx_word' id='word_1_486' title='bbox 2913 2587 3065 2640; x_wconf 73' lang='lat' dir='ltr'><strong>caelos</strong></span> <span class='ocrx_word' id='word_1_487' title='bbox 3109 2594 3248 2649; x_wconf 81' lang='lat' dir='ltr'><strong>tuos,</strong></span> <span class='ocrx_word' id='word_1_488' title='bbox 3296 2595 3343 2639; x_wconf 84' lang='lat' dir='ltr'><strong>et</strong></span> <span class='ocrx_word' id='word_1_489' title='bbox 3376 2585 3645 2638; x_wconf 82' lang='lat' dir='ltr'><strong>descende.</strong></span> 
     </span>
    </p>
   </div>
   <div class='ocr_carea' id='block_1_69' title="bbox 2143 2674 3648 2749">
    <p class='ocr_par' dir='ltr' id='par_1_69' title="bbox 2143 2674 3648 2749">
     <span class='ocr_line' id='line_1_69' title="bbox 2143 2674 3648 2749; baseline -0.002 -19"><span class='ocrx_word' id='word_1_490' title='bbox 2143 2674 2462 2733; x_wconf 81' lang='lat' dir='ltr'><strong>Necessario</strong></span> <span class='ocrx_word' id='word_1_491' title='bbox 2479 2677 2765 2732; x_wconf 84' lang='lat' dir='ltr'><strong>admodum</strong></span> <span class='ocrx_word' id='word_1_492' title='bbox 2784 2688 2839 2732; x_wconf 91' lang='lat' dir='ltr'><strong>et</strong></span> <span class='ocrx_word' id='word_1_493' title='bbox 2854 2690 3215 2733; x_wconf 88' lang='lat' dir='ltr'><strong>consentanee</strong></span> <span class='ocrx_word' id='word_1_494' title='bbox 3235 2677 3437 2749; x_wconf 81' lang='lat' dir='ltr'><strong>[dicit],</strong></span> <span class='ocrx_word' id='word_1_495' title='bbox 3472 2678 3648 2745; x_wconf 92' lang='lat' dir='ltr'><strong>ipsum</strong></span> 
     </span>
    </p>
   </div>
   <div class='ocr_carea' id='block_1_70' title="bbox 2074 2769 3648 2827">
    <p class='ocr_par' dir='ltr' id='par_1_70' title="bbox 2074 2769 3648 2827">
     <span class='ocr_line' id='line_1_70' title="bbox 2074 2769 3648 2827; baseline -0.002 -3"><span class='ocrx_word' id='word_1_496' title='bbox 2074 2770 2419 2824; x_wconf 84' lang='lat' dir='ltr'><strong>descendisse</strong></span> <span class='ocrx_word' id='word_1_497' title='bbox 2458 2770 2547 2827; x_wconf 91' lang='lat' dir='ltr'><strong>Dei</strong></span> <span class='ocrx_word' id='word_1_498' title='bbox 2598 2769 2835 2825; x_wconf 80' lang='lat' dir='ltr'><strong>Verbum</strong></span> <span class='ocrx_word' id='word_1_499' title='bbox 2897 2772 2964 2826; x_wconf 90' lang='lat' dir='ltr'><strong>ad</strong></span> <span class='ocrx_word' id='word_1_500' title='bbox 3022 2771 3260 2827; x_wconf 80' lang='lat' dir='ltr'><strong>hostium</strong></span> <span class='ocrx_word' id='word_1_501' title='bbox 3316 2771 3648 2825; x_wconf 87' lang='lat' dir='ltr'><strong>destructio-</strong></span> 
     </span>
    </p>
   </div>
   <div class='ocr_carea' id='block_1_71' title="bbox 2075 2863 3648 2934">
    <p class='ocr_par' dir='ltr' id='par_1_71' title="bbox 2075 2863 3648 2934">
     <span class='ocr_line' id='line_1_71' title="bbox 2075 2863 3648 2934; baseline -0.002 -17"><span class='ocrx_word' id='word_1_502' title='bbox 2075 2880 2221 2917; x_wconf 78' lang='lat' dir='ltr'><strong>nem.</strong></span> <span class='ocrx_word' id='word_1_503' title='bbox 2254 2864 2486 2919; x_wconf 81' lang='lat' dir='ltr'><strong>Etiamsi</strong></span> <span class='ocrx_word' id='word_1_504' title='bbox 2521 2864 2690 2927; x_wconf 90' lang='lat' dir='ltr'><strong>enim,</strong></span> <span class='ocrx_word' id='word_1_505' title='bbox 2740 2864 2939 2934; x_wconf 90' lang='lat' dir='ltr'><strong>inquit,</strong></span> <span class='ocrx_word' id='word_1_506' title='bbox 2992 2863 3210 2933; x_wconf 81' lang='lat' dir='ltr'><strong>egregie</strong></span> <span class='ocrx_word' id='word_1_507' title='bbox 3254 2863 3412 2915; x_wconf 88' lang='lat' dir='ltr'><strong>docet</strong></span> <span class='ocrx_word' id='word_1_508' title='bbox 3458 2876 3648 2914; x_wconf 85' lang='lat' dir='ltr'><strong>manus</strong></span> 
     </span>
    </p>
   </div>
   <div class='ocr_carea' id='block_1_72' title="bbox 2073 2953 3648 3025">
    <p class='ocr_par' dir='ltr' id='par_1_72' title="bbox 2073 2953 3648 3025">
     <span class='ocr_line' id='line_1_72' title="bbox 2073 2953 3648 3025; baseline -0.003 -16"><span class='ocrx_word' id='word_1_509' title='bbox 2073 2971 2221 3011; x_wconf 83' lang='lat' dir='ltr'><strong>meas</strong></span> <span class='ocrx_word' id='word_1_510' title='bbox 2252 2957 2317 3009; x_wconf 90' lang='lat' dir='ltr'><strong>ad</strong></span> <span class='ocrx_word' id='word_1_511' title='bbox 2343 2956 2568 3019; x_wconf 85' lang='lat' dir='ltr'><strong>bellum,</strong></span> <span class='ocrx_word' id='word_1_512' title='bbox 2620 2965 2860 3011; x_wconf 89' lang='lat' dir='ltr'><strong>attamen</strong></span> <span class='ocrx_word' id='word_1_513' title='bbox 2883 2956 3141 3025; x_wconf 84' lang='lat' dir='ltr'><strong>quantula</strong></span> <span class='ocrx_word' id='word_1_514' title='bbox 3170 2964 3253 3007; x_wconf 90' lang='lat' dir='ltr'><strong>est</strong></span> <span class='ocrx_word' id='word_1_515' title='bbox 3284 2954 3365 3007; x_wconf 88' lang='lat' dir='ltr'><strong>vis</strong></span> <span class='ocrx_word' id='word_1_516' title='bbox 3390 2953 3648 3016; x_wconf 87' lang='lat' dir='ltr'><strong>hominis,</strong></span> 
     </span>
    </p>
   </div>
   <div class='ocr_carea' id='block_1_73' title="bbox 2074 3045 3653 3116">
    <p class='ocr_par' dir='ltr' id='par_1_73' title="bbox 2074 3045 3653 3116">
     <span class='ocr_line' id='line_1_73' title="bbox 2074 3045 3653 3116; baseline -0.005 -13"><span class='ocrx_word' id='word_1_517' title='bbox 2074 3058 2132 3103; x_wconf 89' lang='lat' dir='ltr'><strong>et</strong></span> <span class='ocrx_word' id='word_1_518' title='bbox 2157 3048 2407 3102; x_wconf 87' lang='lat' dir='ltr'><strong>morituri</strong></span> <span class='ocrx_word' id='word_1_519' title='bbox 2446 3048 2621 3101; x_wconf 92' lang='lat' dir='ltr'><strong>virtus</strong></span> <span class='ocrx_word' id='word_1_520' title='bbox 2653 3047 2743 3116; x_wconf 86' lang='lat' dir='ltr'><strong>qui</strong></span> <span class='ocrx_word' id='word_1_521' title='bbox 2778 3048 3006 3101; x_wconf 89' lang='lat' dir='ltr'><strong>vanitati</strong></span> <span class='ocrx_word' id='word_1_522' title='bbox 3048 3045 3243 3099; x_wconf 87' lang='lat' dir='ltr'><strong>similis</strong></span> <span class='ocrx_word' id='word_1_523' title='bbox 3269 3055 3373 3108; x_wconf 90' lang='lat' dir='ltr'><strong>est,</strong></span> <span class='ocrx_word' id='word_1_524' title='bbox 3404 3054 3460 3097; x_wconf 91' lang='lat' dir='ltr'><strong>ut</strong></span> <span class='ocrx_word' id='word_1_525' title='bbox 3488 3052 3653 3096; x_wconf 67' lang='lat' dir='ltr'><strong>tanta:</strong></span> 
     </span>
    </p>
   </div>
   <div class='ocr_carea' id='block_1_74' title="bbox 2078 3135 3653 3209">
    <p class='ocr_par' dir='ltr' id='par_1_74' title="bbox 2078 3135 3653 3209">
     <span class='ocr_line' id='line_1_74' title="bbox 2078 3135 3653 3209; baseline -0.004 -16"><span class='ocrx_word' id='word_1_526' title='bbox 2078 3140 2320 3195; x_wconf 87' lang='lat' dir='ltr'><strong>hostium</strong></span> <span class='ocrx_word' id='word_1_527' title='bbox 2345 3139 2479 3193; x_wconf 85' lang='lat' dir='ltr'><strong>aciei</strong></span> <span class='ocrx_word' id='word_1_528' title='bbox 2511 3140 2769 3194; x_wconf 84' lang='lat' dir='ltr'><strong>resistere</strong></span> <span class='ocrx_word' id='word_1_529' title='bbox 2797 3139 3013 3209; x_wconf 88' lang='lat' dir='ltr'><strong>possit?</strong></span> <span class='ocrx_word' id='word_1_530' title='bbox 3048 3138 3190 3207; x_wconf 84' lang='lat' dir='ltr'><strong>Ergo</strong></span> <span class='ocrx_word' id='word_1_531' title='bbox 3220 3148 3285 3191; x_wconf 63' lang='lat' dir='ltr'><strong>tu,</strong></span> <span class='ocrx_word' id='word_1_532' title='bbox 3310 3138 3447 3206; x_wconf 84' lang='lat' dir='ltr'><strong>ipse,</strong></span> <span class='ocrx_word' id='word_1_533' title='bbox 3475 3135 3653 3189; x_wconf 86' lang='lat' dir='ltr'><strong>Domi-</strong></span> 
     </span>
    </p>
   </div>
   <div class='ocr_carea' id='block_1_75' title="bbox 2074 3229 3649 3297">
    <p class='ocr_par' dir='ltr' id='par_1_75' title="bbox 2074 3229 3649 3297">
     <span class='ocr_line' id='line_1_75' title="bbox 2074 3229 3649 3297; baseline -0.003 -12"><span class='ocrx_word' id='word_1_534' title='bbox 2074 3247 2165 3297; x_wconf 91' lang='lat' dir='ltr'><strong>ne,</strong></span> <span class='ocrx_word' id='word_1_535' title='bbox 2202 3232 2370 3287; x_wconf 78' lang='lat' dir='ltr'><strong>caelos</strong></span> <span class='ocrx_word' id='word_1_536' title='bbox 2396 3231 2620 3294; x_wconf 89' lang='lat' dir='ltr'><strong>inclina,</strong></span> <span class='ocrx_word' id='word_1_537' title='bbox 2651 3242 2705 3286; x_wconf 92' lang='lat' dir='ltr'><strong>et</strong></span> <span class='ocrx_word' id='word_1_538' title='bbox 2748 3231 3037 3285; x_wconf 86' lang='lat' dir='ltr'><strong>descende.</strong></span> <span class='ocrx_word' id='word_1_539' title='bbox 3066 3229 3247 3285; x_wconf 64' lang='lat' dir='ltr'><strong>Cocles</strong></span> <span class='ocrx_word' id='word_1_540' title='bbox 3284 3238 3462 3282; x_wconf 89' lang='lat' dir='ltr'><strong>autem</strong></span> <span class='ocrx_word' id='word_1_541' title='bbox 3498 3229 3649 3295; x_wconf 82' lang='lat' dir='ltr'><strong>dicit,</strong></span> 
     </span>
    </p>
   </div>
   <div class='ocr_carea' id='block_1_76' title="bbox 2073 3321 3652 3394">
    <p class='ocr_par' dir='ltr' id='par_1_76' title="bbox 2073 3321 3652 3394">
     <span class='ocr_line' id='line_1_76' title="bbox 2073 3321 3652 3394; baseline -0.003 -17"><span class='ocrx_word' id='word_1_542' title='bbox 2073 3341 2195 3394; x_wconf 64' lang='lat' dir='ltr'><strong>quae</strong></span> <span class='ocrx_word' id='word_1_543' title='bbox 2225 3325 2295 3379; x_wconf 90' lang='lat' dir='ltr'><strong>ibi</strong></span> <span class='ocrx_word' id='word_1_544' title='bbox 2330 3324 2703 3394; x_wconf 84' lang='lat' dir='ltr'><strong>intelliguntur</strong></span> <span class='ocrx_word' id='word_1_545' title='bbox 2726 3338 2847 3378; x_wconf 84' lang='lat' dir='ltr'><strong>esse</strong></span> <span class='ocrx_word' id='word_1_546' title='bbox 2880 3331 3194 3392; x_wconf 79' lang='lat' dir='ltr'><strong>potestates.</strong></span> <span class='ocrx_word' id='word_1_547' title='bbox 3227 3321 3399 3376; x_wconf 84' lang='lat' dir='ltr'><strong>Porro</strong></span> <span class='ocrx_word' id='word_1_548' title='bbox 3430 3337 3526 3376; x_wconf 82' lang='lat' dir='ltr'><strong>ceu</strong></span> <span class='ocrx_word' id='word_1_549' title='bbox 3556 3336 3652 3388; x_wconf 84' lang='lat' dir='ltr'><strong>pa-</strong></span> 
     </span>
    </p>
   </div>
   <div class='ocr_carea' id='block_1_77' title="bbox 2077 3413 3655 3485">
    <p class='ocr_par' dir='ltr' id='par_1_77' title="bbox 2077 3413 3655 3485">
     <span class='ocr_line' id='line_1_77' title="bbox 2077 3413 3655 3485; baseline -0.003 -15"><span class='ocrx_word' id='word_1_550' title='bbox 2077 3428 2157 3470; x_wconf 88' lang='lat' dir='ltr'><strong>ter</strong></span> <span class='ocrx_word' id='word_1_551' title='bbox 2191 3417 2256 3470; x_wconf 85' lang='lat' dir='ltr'><strong>ad</strong></span> <span class='ocrx_word' id='word_1_552' title='bbox 2289 3416 2543 3485; x_wconf 89' lang='lat' dir='ltr'><strong>parvulos</strong></span> <span class='ocrx_word' id='word_1_553' title='bbox 2585 3415 2744 3480; x_wconf 90' lang='lat' dir='ltr'><strong>lilios,</strong></span> <span class='ocrx_word' id='word_1_554' title='bbox 2795 3430 2893 3469; x_wconf 84' lang='lat' dir='ltr'><strong>ceu</strong></span> <span class='ocrx_word' id='word_1_555' title='bbox 2946 3416 3011 3469; x_wconf 85' lang='lat' dir='ltr'><strong>ad</strong></span> <span class='ocrx_word' id='word_1_556' title='bbox 3053 3414 3350 3485; x_wconf 85' lang='lat' dir='ltr'><strong>discipulos</strong></span> <span class='ocrx_word' id='word_1_557' title='bbox 3394 3413 3655 3482; x_wconf 73' lang='lat' dir='ltr'><strong>magister</strong></span> 
     </span>
    </p>
   </div>
   <div class='ocr_carea' id='block_1_78' title="bbox 2073 3510 2372 3564">
    <p class='ocr_par' dir='ltr' id='par_1_78' title="bbox 2073 3510 2372 3564">
     <span class='ocr_line' id='line_1_78' title="bbox 2073 3510 2372 3564; baseline -0.003 -1"><span class='ocrx_word' id='word_1_558' title='bbox 2073 3510 2372 3564; x_wconf 83' lang='lat' dir='ltr'><strong>descendit.</strong></span> 
     </span>
    </p>
   </div>
   <div class='ocr_carea' id='block_1_79' title="bbox 2292 3678 3435 3753">
    <p class='ocr_par' dir='ltr' id='par_1_79' title="bbox 2292 3678 3435 3753">
     <span class='ocr_line' id='line_1_79' title="bbox 2292 3678 3435 3753; baseline -0.006 -2"><span class='ocrx_word' id='word_1_559' title='bbox 2292 3695 2454 3753; x_wconf 74' lang='lat' dir='ltr'><strong>Vens.</strong></span> <span class='ocrx_word' id='word_1_560' title='bbox 2503 3696 2555 3751; x_wconf 89' lang='lat'><strong>7.</strong></span> <span class='ocrx_word' id='word_1_561' title='bbox 2592 3696 2787 3750; x_wconf 79' lang='lat' dir='ltr'><strong>Emitte</strong></span> <span class='ocrx_word' id='word_1_562' title='bbox 2806 3709 3020 3748; x_wconf 82' lang='lat' dir='ltr'><strong>manum</strong></span> <span class='ocrx_word' id='word_1_563' title='bbox 3044 3678 3188 3747; x_wconf 78' lang='lat' dir='ltr'><strong>tuam</strong></span> <span class='ocrx_word' id='word_1_564' title='bbox 3213 3708 3281 3746; x_wconf 66' lang='lat' dir='ltr'><strong>ea;</strong></span> <span class='ocrx_word' id='word_1_565' title='bbox 3308 3692 3435 3745; x_wconf 85' lang='lat' dir='ltr'><strong>alto.</strong></span> 
     </span>
    </p>
   </div>
   <div class='ocr_carea' id='block_1_80' title="bbox 2144 3787 3647 3859">
    <p class='ocr_par' dir='ltr' id='par_1_80' title="bbox 2144 3787 3647 3859">
     <span class='ocr_line' id='line_1_80' title="bbox 2144 3787 3647 3859; baseline -0.001 -16"><span class='ocrx_word' id='word_1_566' title='bbox 2144 3787 2364 3854; x_wconf 88' lang='lat' dir='ltr'><strong>Emitte,</strong></span> <span class='ocrx_word' id='word_1_567' title='bbox 2409 3789 2484 3842; x_wconf 92' lang='lat' dir='ltr'><strong>ait</strong></span> <span class='ocrx_word' id='word_1_568' title='bbox 2522 3790 2781 3859; x_wconf 86' lang='lat' dir='ltr'><strong>psalmus,</strong></span> <span class='ocrx_word' id='word_1_569' title='bbox 2830 3789 3195 3857; x_wconf 87' lang='lat' dir='ltr'><strong>operatricem</strong></span> <span class='ocrx_word' id='word_1_570' title='bbox 3251 3788 3647 3855; x_wconf 87' lang='lat' dir='ltr'><strong>tutelaremque</strong></span> 
     </span>
    </p>
   </div>
   <div class='ocr_carea' id='block_1_81' title="bbox 2074 3878 3648 3948">
    <p class='ocr_par' dir='ltr' id='par_1_81' title="bbox 2074 3878 3648 3948">
     <span class='ocr_line' id='line_1_81' title="bbox 2074 3878 3648 3948; baseline 0.001 -16"><span class='ocrx_word' id='word_1_571' title='bbox 2074 3879 2313 3933; x_wconf 86' lang='lat' dir='ltr'><strong>omnium</strong></span> <span class='ocrx_word' id='word_1_572' title='bbox 2339 3895 2584 3947; x_wconf 89' lang='lat' dir='ltr'><strong>manum,</strong></span> <span class='ocrx_word' id='word_1_573' title='bbox 2618 3892 2677 3934; x_wconf 91' lang='lat' dir='ltr'><strong>ut</strong></span> <span class='ocrx_word' id='word_1_574' title='bbox 2706 3895 2869 3935; x_wconf 88' lang='lat' dir='ltr'><strong>eruas</strong></span> <span class='ocrx_word' id='word_1_575' title='bbox 2907 3880 3213 3948; x_wconf 85' lang='lat' dir='ltr'><strong>liberesque</strong></span> <span class='ocrx_word' id='word_1_576' title='bbox 3257 3893 3342 3933; x_wconf 92' lang='lat' dir='ltr'><strong>me</strong></span> <span class='ocrx_word' id='word_1_577' title='bbox 3365 3879 3432 3933; x_wconf 93' lang='lat' dir='ltr'><strong>de</strong></span> <span class='ocrx_word' id='word_1_578' title='bbox 3460 3878 3648 3934; x_wconf 72' lang='lat' dir='ltr'><strong>multis</strong></span> 
     </span>
    </p>
   </div>
   <div class='ocr_carea' id='block_1_82' title="bbox 2075 3971 3654 4041">
    <p class='ocr_par' dir='ltr' id='par_1_82' title="bbox 2075 3971 3654 4041">
     <span class='ocr_line' id='line_1_82' title="bbox 2075 3971 3654 4041; baseline 0.001 -16"><span class='ocrx_word' id='word_1_579' title='bbox 2075 3971 2348 4037; x_wconf 69' lang='lat' dir='ltr'><strong>ﬂuctibus,</strong></span> <span class='ocrx_word' id='word_1_580' title='bbox 2371 3981 2425 4026; x_wconf 88' lang='lat' dir='ltr'><strong>et</strong></span> <span class='ocrx_word' id='word_1_581' title='bbox 2448 3974 2749 4029; x_wconf 85' lang='lat' dir='ltr'><strong>alienorum</strong></span> <span class='ocrx_word' id='word_1_582' title='bbox 2782 3972 3016 4027; x_wconf 82' lang='lat' dir='ltr'><strong>ﬁliorum</strong></span> <span class='ocrx_word' id='word_1_583' title='bbox 3052 3973 3321 4027; x_wconf 82' lang='lat' dir='ltr'><strong>manibus.</strong></span> <span class='ocrx_word' id='word_1_584' title='bbox 3364 3971 3480 4026; x_wconf 80' lang='lat' dir='ltr'><strong>Jam</strong></span> <span class='ocrx_word' id='word_1_585' title='bbox 3516 3973 3654 4041; x_wconf 89' lang='lat' dir='ltr'><strong>eripi</strong></span> 
     </span>
    </p>
   </div>
   <div class='ocr_carea' id='block_1_83' title="bbox 2074 4062 3657 4134">
    <p class='ocr_par' dir='ltr' id='par_1_83' title="bbox 2074 4062 3657 4134">
     <span class='ocr_line' id='line_1_83' title="bbox 2074 4062 3657 4134; baseline -0.001 -17"><span class='ocrx_word' id='word_1_586' title='bbox 2074 4063 2141 4117; x_wconf 91' lang='lat' dir='ltr'><strong>de</strong></span> <span class='ocrx_word' id='word_1_587' title='bbox 2177 4062 2671 4128; x_wconf 77' lang='lat' dir='ltr'><strong>multislluetibus,</strong></span> <span class='ocrx_word' id='word_1_588' title='bbox 2715 4064 2955 4133; x_wconf 81' lang='lat' dir='ltr'><strong>intelligi</strong></span> <span class='ocrx_word' id='word_1_589' title='bbox 2978 4073 3157 4134; x_wconf 88' lang='lat' dir='ltr'><strong>potest</strong></span> <span class='ocrx_word' id='word_1_590' title='bbox 3195 4063 3261 4119; x_wconf 91' lang='lat' dir='ltr'><strong>de</strong></span> <span class='ocrx_word' id='word_1_591' title='bbox 3294 4063 3451 4118; x_wconf 89' lang='lat' dir='ltr'><strong>malis</strong></span> <span class='ocrx_word' id='word_1_592' title='bbox 3501 4075 3657 4133; x_wconf 87' lang='lat' dir='ltr'><strong>pote-</strong></span> 
     </span>
    </p>
   </div>
   <div class='ocr_carea' id='block_1_84' title="bbox 2074 4155 3655 4227">
    <p class='ocr_par' dir='ltr' id='par_1_84' title="bbox 2074 4155 3655 4227">
     <span class='ocr_line' id='line_1_84' title="bbox 2074 4155 3655 4227; baseline 0.001 -19"><span class='ocrx_word' id='word_1_593' title='bbox 2074 4155 2324 4219; x_wconf 75' lang='lat' dir='ltr'><strong>statibus,</strong></span> <span class='ocrx_word' id='word_1_594' title='bbox 2355 4166 2410 4209; x_wconf 93' lang='lat' dir='ltr'><strong>et</strong></span> <span class='ocrx_word' id='word_1_595' title='bbox 2445 4155 2513 4210; x_wconf 90' lang='lat' dir='ltr'><strong>de</strong></span> <span class='ocrx_word' id='word_1_596' title='bbox 2544 4157 2733 4211; x_wconf 90' lang='lat' dir='ltr'><strong>harum</strong></span> <span class='ocrx_word' id='word_1_597' title='bbox 2786 4158 3028 4212; x_wconf 84' lang='lat' dir='ltr'><strong>omnium</strong></span> <span class='ocrx_word' id='word_1_598' title='bbox 3077 4171 3203 4227; x_wconf 78' lang='lat' dir='ltr'><strong>rege</strong></span> <span class='ocrx_word' id='word_1_599' title='bbox 3251 4156 3485 4211; x_wconf 87' lang='lat' dir='ltr'><strong>diabolo.</strong></span> <span class='ocrx_word' id='word_1_600' title='bbox 3523 4156 3655 4209; x_wconf 88' lang='lat' dir='ltr'><strong>item</strong></span> 
     </span>
    </p>
   </div>
   <div class='ocr_carea' id='block_1_85' title="bbox 2074 4244 3656 4313">
    <p class='ocr_par' dir='ltr' id='par_1_85' title="bbox 2074 4244 3656 4313">
     <span class='ocr_line' id='line_1_85' title="bbox 2074 4244 3656 4313; baseline 0.001 -16"><span class='ocrx_word' id='word_1_601' title='bbox 2074 4244 2309 4299; x_wconf 67' lang='lat' dir='ltr'><strong>liberari</strong></span> <span class='ocrx_word' id='word_1_602' title='bbox 2331 4245 2398 4300; x_wconf 89' lang='lat' dir='ltr'><strong>de</strong></span> <span class='ocrx_word' id='word_1_603' title='bbox 2426 4246 2728 4302; x_wconf 74' lang='lat' dir='ltr'><strong>alienorum</strong></span> <span class='ocrx_word' id='word_1_604' title='bbox 2772 4246 3008 4300; x_wconf 85' lang='lat' dir='ltr'><strong>filiorum</strong></span> <span class='ocrx_word' id='word_1_605' title='bbox 3044 4245 3313 4307; x_wconf 73' lang='lat' dir='ltr'><strong>manibus,</strong></span> <span class='ocrx_word' id='word_1_606' title='bbox 3361 4259 3556 4313; x_wconf 91' lang='lat' dir='ltr'><strong>nempe</strong></span> <span class='ocrx_word' id='word_1_607' title='bbox 3587 4244 3656 4298; x_wconf 83' lang='lat' dir='ltr'><strong>de</strong></span> 
     </span>
    </p>
   </div>
   <div class='ocr_carea' id='block_1_86' title="bbox 2076 4334 3653 4394">
    <p class='ocr_par' dir='ltr' id='par_1_86' title="bbox 2076 4334 3653 4394">
     <span class='ocr_line' id='line_1_86' title="bbox 2076 4334 3653 4394; baseline -0.003 -2"><span class='ocrx_word' id='word_1_608' title='bbox 2076 4339 2363 4394; x_wconf 81' lang='lat' dir='ltr'><strong>commotis</strong></span> <span class='ocrx_word' id='word_1_609' title='bbox 2446 4339 2679 4393; x_wconf 81' lang='lat' dir='ltr'><strong>illorum</strong></span> <span class='ocrx_word' id='word_1_610' title='bbox 2732 4344 2957 4394; x_wconf 81' lang='lat' dir='ltr'><strong>obsessa</strong></span> <span class='ocrx_word' id='word_1_611' title='bbox 3038 4334 3368 4390; x_wconf 85' lang='lat' dir='ltr'><strong>hominibus.</strong></span> <span class='ocrx_word' id='word_1_612' title='bbox 3438 4334 3653 4389; x_wconf 87' lang='lat' dir='ltr'><strong>Etenim</strong></span> 
     </span>
    </p>
   </div>
   <div class='ocr_carea' id='block_1_87' title="bbox 2033 4426 3657 4498">
    <p class='ocr_par' dir='ltr' id='par_1_87' title="bbox 2033 4426 3657 4498">
     <span class='ocr_line' id='line_1_87' title="bbox 2033 4426 3657 4498; baseline -0.001 -16"><span class='ocrx_word' id='word_1_613' title='bbox 2033 4491 2036 4493; x_wconf 13' lang='grc' dir='ltr'><strong>Α</strong></span> <span class='ocrx_word' id='word_1_614' title='bbox 2078 4429 2337 4497; x_wconf 89' lang='lat' dir='ltr'><strong>impetum</strong></span> <span class='ocrx_word' id='word_1_615' title='bbox 2369 4432 2727 4483; x_wconf 88' lang='lat' dir='ltr'><strong>leutationum</strong></span> <span class='ocrx_word' id='word_1_616' title='bbox 2752 4441 2918 4498; x_wconf 90' lang='lat' dir='ltr'><strong>atque</strong></span> <span class='ocrx_word' id='word_1_617' title='bbox 2943 4428 3256 4497; x_wconf 89' lang='lat' dir='ltr'><strong>impiorum,</strong></span> <span class='ocrx_word' id='word_1_618' title='bbox 3279 4442 3448 4495; x_wconf 85' lang='lat' dir='ltr'><strong>aquas</strong></span> <span class='ocrx_word' id='word_1_619' title='bbox 3472 4426 3657 4496; x_wconf 82' lang='lat' dir='ltr'><strong>appel-</strong></span> 
     </span>
    </p>
   </div>
   <div class='ocr_carea' id='block_1_88' title="bbox 384 4516 1972 4594">
    <p class='ocr_par' dir='ltr' id='par_1_88' title="bbox 384 4516 1963 4588">
     <span class='ocr_line' id='line_1_88' title="bbox 384 4516 1963 4588; baseline 0.001 -19"><span class='ocrx_word' id='word_1_620' title='bbox 384 4516 494 4588; x_wconf 83' lang='grc' dir='ltr'>γὰρ</span> <span class='ocrx_word' id='word_1_621' title='bbox 537 4516 647 4570; x_wconf 88' lang='grc' dir='ltr'><strong>τῶν</strong></span> <span class='ocrx_word' id='word_1_622' title='bbox 678 4518 999 4588; x_wconf 86' lang='grc' dir='ltr'>πειρασμῶν</span> <span class='ocrx_word' id='word_1_623' title='bbox 1031 4517 1126 4571; x_wconf 80' lang='grc' dir='ltr'>καὶ</span> <span class='ocrx_word' id='word_1_624' title='bbox 1177 4517 1285 4570; x_wconf 89' lang='grc' dir='ltr'><strong>τῶν</strong></span> <span class='ocrx_word' id='word_1_625' title='bbox 1327 4518 1550 4571; x_wconf 73' lang='grc' dir='ltr'>ἀσεϐῶν</span> <span class='ocrx_word' id='word_1_626' title='bbox 1573 4518 1742 4573; x_wconf 79' lang='grc' dir='ltr'>ὕδατα</span> <span class='ocrx_word' id='word_1_627' title='bbox 1776 4518 1963 4575; x_wconf 82' lang='grc' dir='ltr'>ἐκάλε-</span> 
     </span>
    </p>
   </div>
   <div class='ocr_carea' id='block_1_89' title="bbox 2072 4516 3656 4594">
    <p class='ocr_par' dir='ltr' id='par_1_89' title="bbox 2077 4519 3656 4588">
     <span class='ocr_line' id='line_1_89' title="bbox 2077 4519 3656 4588; baseline -0.002 -15"><span class='ocrx_word' id='word_1_628' title='bbox 2077 4519 2230 4585; x_wconf 82' lang='lat' dir='ltr'><strong>lavit,</strong></span> <span class='ocrx_word' id='word_1_629' title='bbox 2254 4529 2312 4573; x_wconf 88' lang='lat' dir='ltr'><strong>ut</strong></span> <span class='ocrx_word' id='word_1_630' title='bbox 2333 4530 2387 4574; x_wconf 86' lang='lat' dir='ltr'><strong>et</strong></span> <span class='ocrx_word' id='word_1_631' title='bbox 2418 4520 2544 4574; x_wconf 87' lang='lat' dir='ltr'><strong>alibi</strong></span> <span class='ocrx_word' id='word_1_632' title='bbox 2577 4522 2652 4574; x_wconf 89' lang='lat' dir='ltr'><strong>ait</strong></span> <span class='ocrx_word' id='word_1_633' title='bbox 2682 4535 2697 4573; x_wconf 89' lang='lat'><strong>:</strong></span> <span class='ocrx_word' id='word_1_634' title='bbox 2758 4519 3013 4573; x_wconf 77' lang='lat' dir='ltr'><strong>Forsitan</strong></span> <span class='ocrx_word' id='word_1_635' title='bbox 3064 4534 3215 4588; x_wconf 67' lang='lat' dir='ltr'><strong>aqua:</strong></span> <span class='ocrx_word' id='word_1_636' title='bbox 3253 4519 3656 4572; x_wconf 77' lang='lat' dir='ltr'><strong>submersissent</strong></span> 
     </span>
    </p>
   </div>
   <div class='ocr_carea' id='block_1_90' title="bbox 387 4608 1967 4679">
    <p class='ocr_par' dir='ltr' id='par_1_90' title="bbox 387 4608 1967 4679">
     <span class='ocr_line' id='line_1_90' title="bbox 387 4608 1967 4679; baseline 0.001 -18"><span class='ocrx_word' id='word_1_637' title='bbox 387 4626 499 4671; x_wconf 87' lang='grc' dir='ltr'>σεν,</span> <span class='ocrx_word' id='word_1_638' title='bbox 527 4608 601 4671; x_wconf 86' lang='grc' dir='ltr'>ὡς</span> <span class='ocrx_word' id='word_1_639' title='bbox 636 4610 731 4662; x_wconf 75' lang='lat' dir='ltr'><strong>xui.</strong></span> <span class='ocrx_word' id='word_1_640' title='bbox 760 4609 992 4679; x_wconf 82' lang='grc' dir='ltr'>ἀλλαχοῦ</span> <span class='ocrx_word' id='word_1_641' title='bbox 1020 4626 1209 4679; x_wconf 77' lang='grc' dir='ltr'>φησιν’</span> <span class='ocrx_word' id='word_1_642' title='bbox 1235 4611 1393 4679; x_wconf 80' lang='grc' dir='ltr'>Ἀρα,</span> <span class='ocrx_word' id='word_1_643' title='bbox 1411 4610 1475 4662; x_wconf 79' lang='grc' dir='ltr'>τὸ</span> <span class='ocrx_word' id='word_1_644' title='bbox 1504 4610 1663 4678; x_wconf 81' lang='grc' dir='ltr'>ὕδωρ</span> <span class='ocrx_word' id='word_1_645' title='bbox 1688 4612 1967 4664; x_wconf 78' lang='grc' dir='ltr'>κατεπόν-</span> 
     </span>
    </p>
   </div>
   <div class='ocr_carea' id='block_1_91' title="bbox 383 4683 1967 4771">
    <p class='ocr_par' dir='ltr' id='par_1_91' title="bbox 383 4683 1967 4771">
     <span class='ocr_line' id='line_1_91' title="bbox 383 4683 1967 4771; baseline 0.003 -20"><span class='ocrx_word' id='word_1_646' title='bbox 383 4714 553 4753; x_wconf 78' lang='grc' dir='ltr'>τισεν</span> <span class='ocrx_word' id='word_1_647' title='bbox 603 4683 794 4769; x_wconf 51' lang='grc' dir='ltr'><em>ήὶλᾶῳ</em></span> <span class='ocrx_word' id='word_1_648' title='bbox 843 4703 935 4753; x_wconf 82' lang='grc' dir='ltr'><strong>καὶ</strong></span> <span class='ocrx_word' id='word_1_649' title='bbox 979 4701 1173 4754; x_wconf 55' lang='grc' dir='ltr'>πάλιν</span> <span class='ocrx_word' id='word_1_650' title='bbox 1217 4700 1429 4756; x_wconf 84' lang='grc' dir='ltr'>Σῶσόν</span> <span class='ocrx_word' id='word_1_651' title='bbox 1449 4719 1546 4771; x_wconf 78' lang='grc' dir='ltr'><strong>με,</strong></span> <span class='ocrx_word' id='word_1_652' title='bbox 1601 4706 1633 4756; x_wconf 87' lang='grc' dir='ltr'><strong>ό</strong></span> <span class='ocrx_word' id='word_1_653' title='bbox 1676 4703 1839 4767; x_wconf 82' lang='grc' dir='ltr'>Θεὸς,</span> <span class='ocrx_word' id='word_1_654' title='bbox 1877 4702 1967 4756; x_wconf 82' lang='grc' dir='ltr'>ὅτι</span> 
     </span>
    </p>
   </div>
   <div class='ocr_carea' id='block_1_92' title="bbox 383 4790 1967 4863">
    <p class='ocr_par' dir='ltr' id='par_1_92' title="bbox 383 4790 1967 4863">
     <span class='ocr_line' id='line_1_92' title="bbox 383 4790 1967 4863; baseline 0.003 -20"><span class='ocrx_word' id='word_1_655' title='bbox 383 4790 760 4860; x_wconf 82' lang='grc' dir='ltr'>είσήλθοσαν</span> <span class='ocrx_word' id='word_1_656' title='bbox 794 4792 981 4845; x_wconf 82' lang='grc' dir='ltr'>ὕδατα</span> <span class='ocrx_word' id='word_1_657' title='bbox 1010 4792 1119 4857; x_wconf 77' lang='grc' dir='ltr'>ἕως</span> <span class='ocrx_word' id='word_1_658' title='bbox 1152 4793 1361 4863; x_wconf 70' lang='grc' dir='ltr'>ψυχῆς</span> <span class='ocrx_word' id='word_1_659' title='bbox 1384 4811 1533 4862; x_wconf 80' lang='grc' dir='ltr'>μου’</span> <span class='ocrx_word' id='word_1_660' title='bbox 1567 4793 1874 4857; x_wconf 80' lang='grc' dir='ltr'>ἀκολούθως</span> <span class='ocrx_word' id='word_1_661' title='bbox 1911 4795 1967 4847; x_wconf 75' lang='grc' dir='ltr'>δὲ</span> 
     </span>
    </p>
   </div>
   <div class='ocr_carea' id='block_1_93' title="bbox 387 4882 1968 4956">
    <p class='ocr_par' dir='ltr' id='par_1_93' title="bbox 387 4882 1968 4956">
     <span class='ocr_line' id='line_1_93' title="bbox 387 4882 1968 4956; baseline 0.001 -21"><span class='ocrx_word' id='word_1_662' title='bbox 387 4882 525 4953; x_wconf 87' lang='grc' dir='ltr'><strong>μετά</strong></span> <span class='ocrx_word' id='word_1_663' title='bbox 562 4885 661 4956; x_wconf 86' lang='grc' dir='ltr'>τὴν</span> <span class='ocrx_word' id='word_1_664' title='bbox 700 4884 1001 4937; x_wconf 85' lang='grc' dir='ltr'>κατάϐασιν</span> <span class='ocrx_word' id='word_1_665' title='bbox 1027 4884 1124 4937; x_wconf 88' lang='grc' dir='ltr'><strong>τοῦ</strong></span> <span class='ocrx_word' id='word_1_666' title='bbox 1149 4886 1283 4938; x_wconf 88' lang='grc' dir='ltr'>Θεοῦ</span> <span class='ocrx_word' id='word_1_667' title='bbox 1310 4887 1504 4955; x_wconf 86' lang='grc' dir='ltr'>Λόγου,</span> <span class='ocrx_word' id='word_1_668' title='bbox 1551 4885 1648 4956; x_wconf 86' lang='grc' dir='ltr'>τὴν</span> <span class='ocrx_word' id='word_1_669' title='bbox 1676 4885 1968 4956; x_wconf 80' lang='grc' dir='ltr'>ἐπιϐουλὴν</span> 
     </span>
    </p>
   </div>
   <div class='ocr_carea' id='block_1_94' title="bbox 382 4975 1970 5048">
    <p class='ocr_par' dir='ltr' id='par_1_94' title="bbox 382 4975 1970 5048">
     <span class='ocr_line' id='line_1_94' title="bbox 382 4975 1970 5048; baseline 0 -20"><span class='ocrx_word' id='word_1_670' title='bbox 382 4975 490 5029; x_wconf 76' lang='grc' dir='ltr'><strong>τῶν</strong></span> <span class='ocrx_word' id='word_1_671' title='bbox 546 4976 828 5031; x_wconf 57' lang='grc' dir='ltr'>ἀσεϐῶνω</span> <span class='ocrx_word' id='word_1_672' title='bbox 874 4975 1038 5029; x_wconf 87' lang='grc' dir='ltr'>αὑτοῦ</span> <span class='ocrx_word' id='word_1_673' title='bbox 1080 4994 1201 5047; x_wconf 85' lang='grc' dir='ltr'>τῳ..</span> <span class='ocrx_word' id='word_1_674' title='bbox 1250 4976 1605 5048; x_wconf 77' lang='grc' dir='ltr'>θεασάμενος,</span> <span class='ocrx_word' id='word_1_675' title='bbox 1645 4975 1970 5048; x_wconf 70' lang='grc' dir='ltr'>τάπροκεί-</span> 
     </span>
    </p>
   </div>
   <div class='ocr_carea' id='block_1_95' title="bbox 388 5068 825 5137">
    <p class='ocr_par' dir='ltr' id='par_1_95' title="bbox 388 5068 825 5137">
     <span class='ocr_line' id='line_1_95' title="bbox 388 5068 825 5137; baseline 0.007 -17"><span class='ocrx_word' id='word_1_676' title='bbox 388 5084 525 5137; x_wconf 85' lang='grc' dir='ltr'>μενα</span> <span class='ocrx_word' id='word_1_677' title='bbox 558 5068 825 5135; x_wconf 75' lang='grc' dir='ltr'>θεσπίζει.</span> 
     </span>
    </p>
   </div>
   <div class='ocr_carea' id='block_1_96' title="bbox 739 5160 1607 5232">
    <p class='ocr_par' dir='ltr' id='par_1_96' title="bbox 739 5160 1607 5232">
     <span class='ocr_line' id='line_1_96' title="bbox 739 5160 1607 5232; baseline -0.001 -17"><span class='ocrx_word' id='word_1_678' title='bbox 739 5161 920 5232; x_wconf 78' lang='grc' dir='ltr'><strong>’ῼδὴν</strong></span> <span class='ocrx_word' id='word_1_679' title='bbox 966 5160 1196 5230; x_wconf 58' lang='grc' dir='ltr'>καινὴν</span> <span class='ocrx_word' id='word_1_680' title='bbox 1217 5161 1441 5231; x_wconf 80' lang='grc' dir='ltr'>ᾅσομαί</span> <span class='ocrx_word' id='word_1_681' title='bbox 1488 5178 1607 5216; x_wconf 86' lang='grc' dir='ltr'>σοι.</span> 
     </span>
    </p>
   </div>
   <div class='ocr_carea' id='block_1_97' title="bbox 460 5252 1977 5325">
    <p class='ocr_par' dir='ltr' id='par_1_97' title="bbox 460 5252 1977 5325">
     <span class='ocr_line' id='line_1_97' title="bbox 460 5252 1977 5325; baseline 0.001 -20"><span class='ocrx_word' id='word_1_682' title='bbox 460 5252 629 5322; x_wconf 71' lang='grc' dir='ltr'>ᾍδει,</span> <span class='ocrx_word' id='word_1_683' title='bbox 657 5255 752 5307; x_wconf 85' lang='lat' dir='ltr'><strong>xu‘t</strong></span> <span class='ocrx_word' id='word_1_684' title='bbox 777 5255 877 5325; x_wconf 81' lang='grc' dir='ltr'>τὴν</span> <span class='ocrx_word' id='word_1_685' title='bbox 908 5254 1100 5325; x_wconf 84' lang='grc' dir='ltr'>καινὴν</span> <span class='ocrx_word' id='word_1_686' title='bbox 1140 5253 1406 5324; x_wconf 88' lang='grc' dir='ltr'>διαθήκην</span> <span class='ocrx_word' id='word_1_687' title='bbox 1449 5255 1506 5306; x_wconf 84' lang='grc' dir='ltr'><strong>ὲν</strong></span> <span class='ocrx_word' id='word_1_688' title='bbox 1554 5257 1666 5317; x_wconf 76' lang='grc' dir='ltr'>τοῖς</span> <span class='ocrx_word' id='word_1_689' title='bbox 1708 5254 1842 5325; x_wconf 74' lang='grc' dir='ltr'>περ),</span> <span class='ocrx_word' id='word_1_690' title='bbox 1878 5254 1977 5324; x_wconf 79' lang='grc' dir='ltr'><strong>τῆς</strong></span> 
     </span>
    </p>
   </div>
   <div class='ocr_carea' id='block_1_98' title="bbox 2076 4611 3657 4681">
    <p class='ocr_par' dir='ltr' id='par_1_98' title="bbox 2076 4611 3657 4681">
     <span class='ocr_line' id='line_1_98' title="bbox 2076 4611 3657 4681; baseline -0.003 -15"><span class='ocrx_word' id='word_1_691' title='bbox 2076 4630 2170 4666; x_wconf 79' lang='lat' dir='ltr'><strong>nos</strong></span> <span class='ocrx_word' id='word_1_692' title='bbox 2192 4614 2255 4665; x_wconf 77' lang='grc'><strong>⁵⁸.</strong></span> <span class='ocrx_word' id='word_1_693' title='bbox 2292 4612 2463 4666; x_wconf 69' lang='lat' dir='ltr'><strong>Item:</strong></span> <span class='ocrx_word' id='word_1_694' title='bbox 2503 4612 2660 4666; x_wconf 85' lang='lat' dir='ltr'><strong>Salva</strong></span> <span class='ocrx_word' id='word_1_695' title='bbox 2698 4628 2803 4677; x_wconf 89' lang='lat' dir='ltr'><strong>me,</strong></span> <span class='ocrx_word' id='word_1_696' title='bbox 2846 4612 3099 4677; x_wconf 83' lang='lat' dir='ltr'><strong>Domine,</strong></span> <span class='ocrx_word' id='word_1_697' title='bbox 3145 4612 3270 4681; x_wconf 85' lang='lat' dir='ltr'><strong>quia</strong></span> <span class='ocrx_word' id='word_1_698' title='bbox 3324 4611 3657 4665; x_wconf 81' lang='lat' dir='ltr'><strong>intraverunt</strong></span> 
     </span>
    </p>
   </div>
   <div class='ocr_carea' id='block_1_99' title="bbox 2077 4709 3656 4778">
    <p class='ocr_par' dir='ltr' id='par_1_99' title="bbox 2077 4709 3656 4778">
     <span class='ocr_line' id='line_1_99' title="bbox 2077 4709 3656 4778; baseline -0.001 -17"><span class='ocrx_word' id='word_1_699' title='bbox 2077 4726 2229 4778; x_wconf 73' lang='lat' dir='ltr'><strong>aqua:</strong></span> <span class='ocrx_word' id='word_1_700' title='bbox 2261 4725 2422 4777; x_wconf 79' lang='lat' dir='ltr'><strong>usque</strong></span> <span class='ocrx_word' id='word_1_701' title='bbox 2451 4709 2517 4761; x_wconf 85' lang='lat' dir='ltr'><strong>ad</strong></span> <span class='ocrx_word' id='word_1_702' title='bbox 2542 4710 2777 4761; x_wconf 80' lang='lat' dir='ltr'><strong>animam</strong></span> <span class='ocrx_word' id='word_1_703' title='bbox 2808 4725 2976 4762; x_wconf 86' lang='lat' dir='ltr'><strong>meam</strong></span> <span class='ocrx_word' id='word_1_704' title='bbox 3000 4709 3069 4762; x_wconf 77' lang='grc'><strong>⁵⁷.</strong></span> <span class='ocrx_word' id='word_1_705' title='bbox 3099 4709 3478 4763; x_wconf 87' lang='lat' dir='ltr'><strong>Consentanee</strong></span> <span class='ocrx_word' id='word_1_706' title='bbox 3526 4721 3656 4761; x_wconf 84' lang='lat' dir='ltr'><strong>vero</strong></span> 
     </span>
    </p>
   </div>
   <div class='ocr_carea' id='block_1_100' title="bbox 2078 4801 3656 4872">
    <p class='ocr_par' dir='ltr' id='par_1_100' title="bbox 2078 4801 3656 4872">
     <span class='ocr_line' id='line_1_100' title="bbox 2078 4801 3656 4872; baseline 0.001 -20"><span class='ocrx_word' id='word_1_707' title='bbox 2078 4811 2196 4871; x_wconf 84' lang='lat' dir='ltr'><strong>post</strong></span> <span class='ocrx_word' id='word_1_708' title='bbox 2219 4801 2307 4853; x_wconf 86' lang='lat' dir='ltr'><strong>Dei</strong></span> <span class='ocrx_word' id='word_1_709' title='bbox 2339 4801 2495 4853; x_wconf 85' lang='lat' dir='ltr'><strong>Verbi</strong></span> <span class='ocrx_word' id='word_1_710' title='bbox 2514 4801 2862 4865; x_wconf 87' lang='lat' dir='ltr'><strong>descensum,</strong></span> <span class='ocrx_word' id='word_1_711' title='bbox 2883 4802 3175 4872; x_wconf 89' lang='lat' dir='ltr'><strong>impiorum</strong></span> <span class='ocrx_word' id='word_1_712' title='bbox 3200 4801 3425 4857; x_wconf 82' lang='lat' dir='ltr'><strong>insidias</strong></span> <span class='ocrx_word' id='word_1_713' title='bbox 3445 4801 3656 4863; x_wconf 87' lang='lat' dir='ltr'><strong>videns,</strong></span> 
     </span>
    </p>
   </div>
   <div class='ocr_carea' id='block_1_101' title="bbox 2078 4891 2834 4962">
    <p class='ocr_par' dir='ltr' id='par_1_101' title="bbox 2078 4891 2834 4962">
     <span class='ocr_line' id='line_1_101' title="bbox 2078 4891 2834 4962; baseline 0.001 -17"><span class='ocrx_word' id='word_1_714' title='bbox 2078 4891 2449 4962; x_wconf 85' lang='lat' dir='ltr'><strong>suprascripta</strong></span> <span class='ocrx_word' id='word_1_715' title='bbox 2478 4891 2834 4946; x_wconf 86' lang='lat' dir='ltr'><strong>vaticinatur.</strong></span> 
     </span>
    </p>
   </div>
   <div class='ocr_carea' id='block_1_102' title="bbox 2253 5153 3475 5212">
    <p class='ocr_par' dir='ltr' id='par_1_102' title="bbox 2253 5153 3475 5212">
     <span class='ocr_line' id='line_1_102' title="bbox 2253 5153 3475 5212; baseline 0.002 -4"><span class='ocrx_word' id='word_1_716' title='bbox 2253 5154 2416 5209; x_wconf 66' lang='lat' dir='ltr'><strong>Vens.</strong></span> <span class='ocrx_word' id='word_1_717' title='bbox 2451 5154 2505 5209; x_wconf 85' lang='lat'><strong>9.</strong></span> <span class='ocrx_word' id='word_1_718' title='bbox 2551 5153 2828 5210; x_wconf 86' lang='lat' dir='ltr'><strong>Canticum</strong></span> <span class='ocrx_word' id='word_1_719' title='bbox 2865 5172 3057 5210; x_wconf 81' lang='lat' dir='ltr'><strong>novum</strong></span> <span class='ocrx_word' id='word_1_720' title='bbox 3093 5156 3321 5212; x_wconf 75' lang='lat' dir='ltr'><strong>cantabo</strong></span> <span class='ocrx_word' id='word_1_721' title='bbox 3362 5157 3475 5210; x_wconf 83' lang='lat' dir='ltr'><strong>tibi.</strong></span> 
     </span>
    </p>
   </div>
   <div class='ocr_carea' id='block_1_103' title="bbox 2149 5234 3659 5319">
    <p class='ocr_par' dir='ltr' id='par_1_103' title="bbox 2149 5234 3659 5319">
     <span class='ocr_line' id='line_1_103' title="bbox 2149 5234 3659 5319; baseline 0.001 -16"><span class='ocrx_word' id='word_1_722' title='bbox 2149 5248 2332 5312; x_wconf 83' lang='lat' dir='ltr'><strong>Gatiit,</strong></span> <span class='ocrx_word' id='word_1_723' title='bbox 2386 5264 2445 5304; x_wconf 89' lang='lat' dir='ltr'><strong>se</strong></span> <span class='ocrx_word' id='word_1_724' title='bbox 2497 5265 2692 5304; x_wconf 80' lang='lat' dir='ltr'><strong>novum</strong></span> <span class='ocrx_word' id='word_1_725' title='bbox 2741 5265 2957 5319; x_wconf 87' lang='lat' dir='ltr'><strong>quoque</strong></span> <span class='ocrx_word' id='word_1_726' title='bbox 3004 5248 3183 5305; x_wconf 69' lang='lat' dir='ltr'><strong>fmdus</strong></span> <span class='ocrx_word' id='word_1_727' title='bbox 3232 5250 3283 5303; x_wconf 91' lang='lat' dir='ltr'><strong>in</strong></span> <span class='ocrx_word' id='word_1_728' title='bbox 3327 5234 3413 5303; x_wconf 84' lang='lat' dir='ltr'><strong>liis</strong></span> <span class='ocrx_word' id='word_1_729' title='bbox 3440 5263 3561 5318; x_wconf 73' lang='lat' dir='ltr'><strong>qua:</strong></span> <span class='ocrx_word' id='word_1_730' title='bbox 3588 5249 3659 5305; x_wconf 86' lang='lat' dir='ltr'><strong>de</strong></span> 
     </span>
    </p>
   </div>
   <div class='ocr_carea' id='block_1_104' title="bbox 387 5342 1972 5418">
    <p class='ocr_par' dir='ltr' id='par_1_104' title="bbox 387 5342 1972 5418">
     <span class='ocr_line' id='line_1_104' title="bbox 387 5342 1972 5418; baseline 0.002 -23"><span class='ocrx_word' id='word_1_731' title='bbox 387 5342 611 5397; x_wconf 86' lang='grc' dir='ltr'>καθόδου</span> <span class='ocrx_word' id='word_1_732' title='bbox 635 5346 729 5399; x_wconf 89' lang='grc' dir='ltr'><strong>τοῦ</strong></span> <span class='ocrx_word' id='word_1_733' title='bbox 755 5346 892 5399; x_wconf 87' lang='grc' dir='ltr'>Θεοῦ</span> <span class='ocrx_word' id='word_1_734' title='bbox 917 5347 1095 5415; x_wconf 81' lang='grc' dir='ltr'>Λόγου</span> <span class='ocrx_word' id='word_1_735' title='bbox 1119 5346 1618 5418; x_wconf 73' lang='grc' dir='ltr'>προφητευομένοις</span> <span class='ocrx_word' id='word_1_736' title='bbox 1666 5363 1769 5416; x_wconf 87' lang='grc' dir='ltr'><strong>μνη</strong></span> <span class='ocrx_word' id='word_1_737' title='bbox 1780 5363 1972 5417; x_wconf 85' lang='grc' dir='ltr'>μονευ-</span> 
     </span>
    </p>
   </div>
   <div class='ocr_carea' id='block_1_105' title="bbox 2072 5342 3659 5418">
    <p class='ocr_par' dir='ltr' id='par_1_105' title="bbox 2072 5342 3659 5407">
     <span class='ocr_line' id='line_1_105' title="bbox 2072 5342 3659 5407; baseline 0.002 -12"><span class='ocrx_word' id='word_1_738' title='bbox 2072 5343 2249 5397; x_wconf 87' lang='lat' dir='ltr'><strong>reditu</strong></span> <span class='ocrx_word' id='word_1_739' title='bbox 2285 5342 2377 5398; x_wconf 90' lang='lat' dir='ltr'><strong>Dei</strong></span> <span class='ocrx_word' id='word_1_740' title='bbox 2418 5343 2580 5398; x_wconf 85' lang='lat' dir='ltr'><strong>Verbi</strong></span> <span class='ocrx_word' id='word_1_741' title='bbox 2614 5344 2971 5407; x_wconf 87' lang='lat' dir='ltr'><strong>vaticinatur,</strong></span> <span class='ocrx_word' id='word_1_742' title='bbox 3005 5343 3418 5397; x_wconf 87' lang='lat' dir='ltr'><strong>memoravisse.</strong></span> <span class='ocrx_word' id='word_1_743' title='bbox 3448 5342 3659 5398; x_wconf 87' lang='lat' dir='ltr'><strong>ideirco</strong></span> 
     </span>
    </p>
   </div>
   <div class='ocr_carea' id='block_1_106' title="bbox 386 5434 1969 5509">
    <p class='ocr_par' dir='ltr' id='par_1_106' title="bbox 386 5434 1969 5509">
     <span class='ocr_line' id='line_1_106' title="bbox 386 5434 1969 5509; baseline 0.002 -22"><span class='ocrx_word' id='word_1_744' title='bbox 386 5434 545 5505; x_wconf 86' lang='grc' dir='ltr'>θῆναι</span> <span class='ocrx_word' id='word_1_745' title='bbox 568 5454 581 5466; x_wconf 71' lang='grc'><strong><em>⁸</em></strong></span> <span class='ocrx_word' id='word_1_746' title='bbox 618 5436 697 5489; x_wconf 84' lang='grc' dir='ltr'><strong>διὸ</strong></span> <span class='ocrx_word' id='word_1_747' title='bbox 730 5436 987 5509; x_wconf 77' lang='grc' dir='ltr'>δηλοῦται</span> <span class='ocrx_word' id='word_1_748' title='bbox 1034 5438 1173 5509; x_wconf 74' lang='grc' dir='ltr'>αὕτη</span> <span class='ocrx_word' id='word_1_749' title='bbox 1211 5438 1303 5491; x_wconf 80' lang='grc' dir='ltr'><strong>διὰ</strong></span> <span class='ocrx_word' id='word_1_750' title='bbox 1332 5437 1433 5508; x_wconf 80' lang='grc' dir='ltr'><strong>τῆς</strong></span> <span class='ocrx_word' id='word_1_751' title='bbox 1474 5442 1665 5509; x_wconf 83' lang='grc' dir='ltr'>καινῆς</span> <span class='ocrx_word' id='word_1_752' title='bbox 1686 5438 1849 5509; x_wconf 77' lang='grc' dir='ltr'>ᾠδῆς.</span> <span class='ocrx_word' id='word_1_753' title='bbox 1878 5439 1969 5490; x_wconf 84' lang='grc' dir='ltr'>Ἐν</span> 
     </span>
    </p>
   </div>
   <div class='ocr_carea' id='block_1_107' title="bbox 384 5525 1969 5601">
    <p class='ocr_par' dir='ltr' id='par_1_107' title="bbox 384 5525 1969 5601">
     <span class='ocr_line' id='line_1_107' title="bbox 384 5525 1969 5601; baseline 0.001 -23"><span class='ocrx_word' id='word_1_754' title='bbox 384 5525 463 5598; x_wconf 83' lang='grc' dir='ltr'>τῷ</span> <span class='ocrx_word' id='word_1_755' title='bbox 498 5527 554 5580; x_wconf 82' lang='grc' dir='ltr'>δὲ</span> <span class='ocrx_word' id='word_1_756' title='bbox 591 5527 769 5597; x_wconf 90' lang='grc' dir='ltr'>λέγειν</span> <span class='ocrx_word' id='word_1_757' title='bbox 810 5530 1023 5600; x_wconf 85' lang='grc' dir='ltr'>καινὴν,</span> <span class='ocrx_word' id='word_1_758' title='bbox 1056 5529 1409 5585; x_wconf 87' lang='grc' dir='ltr'>πεπαλαίωκε</span> <span class='ocrx_word' id='word_1_759' title='bbox 1449 5529 1546 5601; x_wconf 81' lang='grc' dir='ltr'><strong>τὴν</strong></span> <span class='ocrx_word' id='word_1_760' title='bbox 1595 5529 1838 5601; x_wconf 80' lang='grc' dir='ltr'>πρώτην,</span> <span class='ocrx_word' id='word_1_761' title='bbox 1893 5527 1969 5590; x_wconf 81' lang='grc' dir='ltr'><strong>ῶς</strong></span> 
     </span>
    </p>
   </div>
   <div class='ocr_carea' id='block_1_108' title="bbox 490 5667 1694 5735">
    <p class='ocr_par' dir='ltr' id='par_1_108' title="bbox 490 5667 1694 5735">
     <span class='ocr_line' id='line_1_108' title="bbox 490 5667 1694 5735; baseline -0.001 -13"><span class='ocrx_word' id='word_1_762' title='bbox 490 5668 539 5701; x_wconf 76' lang='grc'>⁸³</span> <span class='ocrx_word' id='word_1_763' title='bbox 581 5667 723 5722; x_wconf 84' lang='lat' dir='ltr'><strong>Psal.</strong></span> <span class='ocrx_word' id='word_1_764' title='bbox 767 5683 961 5735; x_wconf 69' lang='lat' dir='ltr'><strong>cum,</strong></span> <span class='ocrx_word' id='word_1_765' title='bbox 998 5669 1053 5722; x_wconf 70' lang='grc'>4.</span> <span class='ocrx_word' id='word_1_766' title='bbox 1125 5669 1358 5725; x_wconf 76' lang='grc' dir='ltr'>⁵⁷ῬεοΙ.</span> <span class='ocrx_word' id='word_1_767' title='bbox 1404 5685 1595 5734; x_wconf 80' lang='lat' dir='ltr'><strong>vam,</strong></span> <span class='ocrx_word' id='word_1_768' title='bbox 1638 5669 1694 5721; x_wconf 75' lang='lat'><strong>9..</strong></span> 
     </span>
    </p>
   </div>
   <div class='ocr_carea' id='block_1_109' title="bbox 460 5806 2113 5881">
    <p class='ocr_par' dir='ltr' id='par_1_109' title="bbox 460 5806 2113 5881">
     <span class='ocr_line' id='line_1_109' title="bbox 460 5806 2113 5881; baseline -0.003 -16"><span class='ocrx_word' id='word_1_769' title='bbox 460 5808 572 5876; x_wconf 86' lang='lat' dir='ltr'><strong>(l8)</strong></span> <span class='ocrx_word' id='word_1_770' title='bbox 619 5808 878 5881; x_wconf 80' lang='lat' dir='ltr'><strong>Congruit</strong></span> <span class='ocrx_word' id='word_1_771' title='bbox 917 5809 1335 5865; x_wconf 72' lang='lat' dir='ltr'><strong>Euscbiuscutu</strong></span> <span class='ocrx_word' id='word_1_772' title='bbox 1359 5810 1481 5865; x_wconf 78' lang='lat' dir='ltr'><strong>divo</strong></span> <span class='ocrx_word' id='word_1_773' title='bbox 1525 5809 2019 5874; x_wconf 55' lang='lat' dir='ltr'><strong>Paulﬂliomdilll,</strong></span> <span class='ocrx_word' id='word_1_774' title='bbox 2066 5806 2113 5872; x_wconf 90' lang='lat' dir='ltr'><strong>l,</strong></span> 
     </span>
    </p>
   </div>
   <div class='ocr_carea' id='block_1_110' title="bbox 2078 5435 3659 5491">
    <p class='ocr_par' dir='ltr' id='par_1_110' title="bbox 2078 5435 3659 5491">
     <span class='ocr_line' id='line_1_110' title="bbox 2078 5435 3659 5491; baseline 0.001 -2"><span class='ocrx_word' id='word_1_775' title='bbox 2078 5435 2134 5489; x_wconf 92' lang='lat' dir='ltr'><strong>id</strong></span> <span class='ocrx_word' id='word_1_776' title='bbox 2170 5436 2349 5489; x_wconf 72' lang='lat' dir='ltr'><strong>fmdus</strong></span> <span class='ocrx_word' id='word_1_777' title='bbox 2385 5452 2524 5491; x_wconf 86' lang='lat' dir='ltr'><strong>novo</strong></span> <span class='ocrx_word' id='word_1_778' title='bbox 2558 5438 2775 5489; x_wconf 89' lang='lat' dir='ltr'><strong>cantico</strong></span> <span class='ocrx_word' id='word_1_779' title='bbox 2826 5438 3249 5490; x_wconf 86' lang='lat' dir='ltr'><strong>demonstratur.</strong></span> <span class='ocrx_word' id='word_1_780' title='bbox 3293 5435 3431 5489; x_wconf 91' lang='lat' dir='ltr'><strong>Dum</strong></span> <span class='ocrx_word' id='word_1_781' title='bbox 3476 5443 3659 5491; x_wconf 89' lang='lat' dir='ltr'><strong>autem</strong></span> 
     </span>
    </p>
   </div>
   <div class='ocr_carea' id='block_1_111' title="bbox 2077 5525 3658 5600">
    <p class='ocr_par' dir='ltr' id='par_1_111' title="bbox 2077 5525 3658 5600">
     <span class='ocr_line' id='line_1_111' title="bbox 2077 5525 3658 5600; baseline 0.001 -19"><span class='ocrx_word' id='word_1_782' title='bbox 2077 5542 2276 5581; x_wconf 90' lang='lat' dir='ltr'><strong>novum</strong></span> <span class='ocrx_word' id='word_1_783' title='bbox 2308 5527 2460 5594; x_wconf 89' lang='lat' dir='ltr'><strong>dicit,</strong></span> <span class='ocrx_word' id='word_1_784' title='bbox 2493 5528 2644 5597; x_wconf 87' lang='lat' dir='ltr'><strong>prius</strong></span> <span class='ocrx_word' id='word_1_785' title='bbox 2694 5528 2831 5581; x_wconf 84' lang='lat' dir='ltr'><strong>illud</strong></span> <span class='ocrx_word' id='word_1_786' title='bbox 2876 5525 3207 5595; x_wconf 81' lang='lat' dir='ltr'><strong>autiquavit,</strong></span> <span class='ocrx_word' id='word_1_787' title='bbox 3235 5535 3295 5581; x_wconf 93' lang='lat' dir='ltr'><strong>ut</strong></span> <span class='ocrx_word' id='word_1_788' title='bbox 3322 5527 3398 5582; x_wconf 90' lang='lat' dir='ltr'><strong>ait</strong></span> <span class='ocrx_word' id='word_1_789' title='bbox 3423 5528 3658 5600; x_wconf 77' lang='lat' dir='ltr'><strong>Aposw—</strong></span> 
     </span>
    </p>
   </div>
   <div class='ocr_carea' id='block_1_112' title="bbox 2168 5798 2995 5873">
    <p class='ocr_par' dir='ltr' id='par_1_112' title="bbox 2168 5798 2995 5873">
     <span class='ocr_line' id='line_1_112' title="bbox 2168 5798 2995 5873; baseline -0.011 -12"><span class='ocrx_word' id='word_1_790' title='bbox 2168 5798 2289 5861; x_wconf 73' lang='lat' dir='ltr'><strong>Non</strong></span> <span class='ocrx_word' id='word_1_791' title='bbox 2318 5816 2391 5862; x_wconf 80' lang='lat' dir='ltr'><strong>est</strong></span> <span class='ocrx_word' id='word_1_792' title='bbox 2425 5812 2649 5873; x_wconf 72' lang='lat' dir='ltr'><strong>potestas</strong></span> <span class='ocrx_word' id='word_1_793' title='bbox 2678 5802 2779 5856; x_wconf 76' lang='lat' dir='ltr'><strong>nisi</strong></span> <span class='ocrx_word' id='word_1_794' title='bbox 2810 5818 2841 5855; x_wconf 88' lang='lat' dir='ltr'><strong>a</strong></span> <span class='ocrx_word' id='word_1_795' title='bbox 2868 5799 2995 5854; x_wconf 80' lang='lat' dir='ltr'><strong>Deo.</strong></span> 
     </span>
    </p>
   </div>
  </div>
