4138 6364
463 290 546 371 ’53
1168 286 1432 343 EUSEBII
1469 286 1930 342 CAESARIENSIS
1970 287 2120 343 OPP.
2159 285 2338 342 PARS
2375 285 2461 344 Ill.
2497 318 2565 328 —
2604 285 3007 341 EXEGETICA.
3643 280 3713 335 56

480 411 649 466 lus”.
693 409 767 462 De
815 407 1124 476 hujusmodi
1173 409 1390 462 cantico
1437 408 1579 462 dicta
1630 416 1758 462 sunt
1802 416 1858 462 et
1899 408 2035 462 illa:

2147 425 2304 479 φησιν
2326 409 2354 460 ὁ
2391 407 2707 470 Ἀπόστολος
2725 425 2739 438 ο
2766 407 2894 478 περὶ
2920 404 3121 476 ταύτης
3147 404 3393 458 λέλεκται
3417 403 3517 474 τῆς
3534 402 3680 473 ᾠδῆς
3693 421 3706 432 ’

479 499 699 554 Cantate
740 496 967 551 Domino
996 497 1256 552 canticum
1290 513 1499 560 novum,
1536 505 1747 551 cantate
1789 497 2033 563 Domino,

2143 501 2364 570 ’ᾼσατε
2409 497 2489 563 τῷ
2529 499 2725 567 Κυρίῳ
2767 491 2931 566 ᾆσμα
2979 495 3206 558 καινὸν,
3249 495 3439 562 ᾇσατε
3485 493 3564 558 τῷ
3597 499 3713 548 Κυ-

479 593 649 645 ontnis
677 601 818 644 terra
848 589 917 642 δ’.
946 587 1171 656 Insuper
1201 605 1215 640 :
1249 583 1518 651 Psallant,
1553 587 1747 656 inquit,
1789 587 2038 656 psalterio

2147 588 2443 659 ρίφ,κᾶσα
2462 590 2500 656 ἠ
2537 588 2612 659 γῆ
2635 607 2648 619 ·
2678 588 2809 642 ἀλλά
2832 591 2948 652 καὶ,
2978 585 3240 647 suum,
3259 588 3439 655 φησὶν,
3461 587 3531 638 ὲν
3559 589 3713 653 ψαλ-

479 678 840 743 decacltordo;
865 677 1154 745 practicam
1185 676 1418 730 innuens
1441 678 1630 741 vitam,
1662 677 1844 730 anima
1881 678 2040 731 simul

479 781 536 824 et
566 785 790 840 corpore
837 775 1169 825 onerantem.
1221 767 1360 822 Sunt
1389 768 1533 822 enim
1573 769 1813 836 quinque
1861 771 2043 826 carnis

480 875 692 923 sensus,
717 860 954 928 quinque
997 857 1124 910 item
1154 856 1348 910 animae
1395 857 1669 926 potentiae,
1703 857 1898 924 quibus
1921 870 2044 910 cor-

479 952 629 1021 porci
667 965 857 1006 sensus
901 957 1206 1004 moventur.

727 1129 894 1184 Vens.
928 1129 1016 1183 10.
1055 1129 1159 1195 Qui
1191 1130 1282 1182 dat
1316 1129 1538 1182 salutem
1579 1127 1811 1198 regibus.

550 1221 651 1290 Qui
691 1221 949 1276 caelorum
980 1236 1203 1290 regnum
1243 1235 1340 1274 nos
1388 1219 1590 1284 docuit,
1637 1233 1788 1287 reges
1819 1233 1912 1272 eos
1937 1216 2044 1270 elli-

479 1315 554 1368 cit
596 1313 690 1383 qui
723 1312 813 1367 illo
864 1311 1011 1382 digni
1062 1311 1285 1377 fuerim,
1334 1313 1534 1382 quibus
1561 1313 1720 1364 etiam
1745 1311 1794 1364 vi
1829 1311 2044 1380 pcopria

480 1405 712 1458 salutem
759 1403 967 1457 confert
1008 1419 1023 1468 ;
1084 1401 1354 1471 simulque
1398 1409 1543 1455 recte
1601 1409 1844 1469 agentes,
1891 1409 2045 1454 extra

482 1495 687 1564 peccati
725 1494 1064 1549 dominatum
1100 1492 1272 1563 ponit.
1320 1491 1520 1561 Utique
1556 1492 1807 1546 Christus
1835 1492 1888 1544 in
1913 1488 2048 1544 Pro-

479 1587 685 1642 verbiis
720 1587 888 1642 dicit:
919 1585 1019 1640 Par
1043 1602 1125 1639 me
1155 1602 1298 1656 reges
1332 1593 1551 1655 regnant
1577 1585 1643 1637 “.
1675 1583 1798 1638 llasc
1819 1596 2048 1637 cernens

482 1677 776 1746 Apostolus
800 1677 1073 1732 scribebat
1100 1697 1113 1731 :
1152 1676 1280 1731 Sine
1309 1675 1459 1730 nobis
1501 1675 1828 1745 regnavistis,
1861 1684 1908 1728 et
1941 1674 2047 1726 uti-

2141 684 2317 752 τηρίῳ
2343 681 2701 750 δεκαχόρδφ,
2727 681 2817 734 τὸν
2850 679 3151 752 πρακτικὸν
3193 677 3557 748 αἰνιττόμενος
3599 677 3712 746 βίον

2140 774 2227 828 διά
2266 773 2440 844 ψυχῆς
2485 774 2581 826 καὶ
2624 772 2875 842 σώματος
2927 771 3343 842 ὲνεργούμενονι
3403 769 3563 821 πέντε
3613 768 3711 838 μὲν

2142 867 2308 919 ὅντων
2336 863 2537 934 σαρκὸς
2571 863 2956 934 αἰσθητηρίων,
2998 865 3154 915 πέντε
3188 863 3243 916 δὲ
3271 860 3377 913 τῶν
3403 861 3500 929 τῆς
3531 860 3708 928 ψυχῆς

2143 956 2442 1024 δυνάμεων,
2477 955 2546 1009 δι’
2589 948 2664 1008 ὧν
2691 953 2760 1007 τά
2791 955 3123 1026 αἰσθητήρια
3161 953 3253 1008 τοῦ
3281 951 3528 1023 σώματος
3551 954 3712 1004 κινεῖ-

2145 1067 2232 1103 ται
2263 1048 2394 1118 (49).

2255 1139 2340 1204 Τῷ
2369 1139 2593 1192 διδόντι
2636 1135 2748 1204 τὴν
2775 1137 3082 1204 σωτηρίαν
3110 1134 3233 1201 τοῖς
3253 1133 3583 1198 ,ϐασιλεῦσι

2227 1232 2284 1286 Ὀ
2314 1230 2529 1296 διδάξας
2557 1228 2828 1300 βασιλείαν
2860 1227 3122 1300 οὐρανῶν,
3158 1226 3391 1296 βασιλεῖς
3422 1225 3711 1294 ἐργάζεται

2144 1323 2269 1386 τοὺς
2297 1322 2750 1392 καταξιουμένους
2780 1319 2972 1388 αὐτῆς,
3000 1314 3080 1381 οἷς
3111 1317 3291 1370 δίδωσι
3319 1316 3419 1387 τὴν
3451 1315 3580 1384 παρ’
3612 1313 3712 1364 αύ-

2145 1412 2240 1466 τοῦ
2289 1413 2590 1484 σωτηρίαν·
2630 1414 2747 1484 ἅμα
2786 1411 2844 1464 δὲ
2896 1408 3269 1481 κατορθώσασι
3322 1407 3383 1460 τὸ
3435 1405 3508 1478 μὴ
3561 1404 3712 1474 βασι-

2146 1501 2392 1555 λεύεσθαι
2423 1501 2529 1554 ὑπὸ
2571 1501 2842 1573 ἁμαρτίας
2862 1517 2875 1530 ·
2913 1498 3143 1570 Χριστὸς
3174 1498 3217 1551 δ’
3244 1499 3390 1550 ἐστὶν
3423 1499 3451 1549 6
3479 1497 3535 1548 ἐν
3576 1495 3715 1567 Παρ-

2144 1594 2350 1662 οιμίαις
2389 1592 2592 1660 λέγων’
2631 1593 2711 1645 Δι’
2756 1590 2901 1661 ἐμοῦ
2936 1589 3223 1655 ,Βασιλεῖς
3272 1588 3710 1652 βασιλεύουσιο

2148 1683 2318 1737 ταῦτα
2367 1682 2521 1747 εἰδὼς
2569 1683 2599 1736 6
2661 1683 2977 1745 Ἀπόστολος
3026 1682 3262 1755 ἔγραφε·
3319 1679 3503 1746 Χωρὶς
3547 1676 3715 1745 ἡμῶν

484 1785 606 1822 unm
637 1769 994 1838 regnaveritis,
1022 1779 1076 1820 ut
1100 1777 1147 1820 et
1175 1783 1267 1820 nos
1299 1767 1560 1820 vobiscum
1594 1781 1960 1835 conregnemus
1979 1764 2041 1815 ".

2147 1772 2609 1838 ἐϐασιλεύσατε,
2651 1771 2752 1826 καί
2793 1772 3015 1840 ὄφελόν
3039 1788 3102 1840 τε
3135 1770 3589 1829 ἐϐασιλεύσατε,
3615 1767 3714 1818 ira

485 1862 758 1930 Quoniam
807 1877 935 1933 ergo
977 1863 1060 1916 his
1083 1861 1311 1916 salutem
1363 1861 1504 1916 Deus
1551 1860 1799 1929 largitur,
1853 1860 2047 1918 merito

485 1955 586 2024 ipsi
619 1969 837 2024 quoque
871 1955 1059 2008 Davidi
1092 1968 1244 2023 spem
1295 1953 1489 2007 bonam
1539 1952 1814 2008 oraculum
1850 1953 2044 2022 injicit,

484 2049 600 2102 fore
628 2055 743 2100 uta
781 2046 1041 2114 peccatis,
1079 2045 1130 2098 in
1157 2060 1275 2114 quae
1315 2044 1604 2114 aliquando
1637 2045 1855 2111 cecidit,
1907 2045 2048 2099 redi-

481 2147 681 2193 matur.
741 2137 877 2193 Nam
928 2136 1090 2192 Verbi
1145 2137 1236 2192 Dei
1289 2137 1583 2192 descensus
1614 2137 1800 2191 Davidi
1835 2152 2048 2206 quoque

482 2246 600 2284 cum
657 2229 780 2284 aliis
826 2230 1098 2286 beneficus
1130 2230 1366 2294 exstitit,
1405 2230 1497 2298 qni
1536 2231 1809 2286 nativitati
1844 2231 1960 2301 ejus
1991 2230 2045 2284 in

480 2336 643 2376 carne
667 2321 933 2376 inserviit.

486 2497 649 2552 Vatis.
697 2497 781 2552 10.
826 2497 933 2563 Qui
971 2499 1180 2552 redimit
1233 2498 1487 2552 Davidem
1531 2517 1735 2554 servum
1794 2519 1948 2558 suum
1985 2507 2049 2562 de

1036 2569 1215 2637 gladio
1242 2568 1495 2636 maligno.

555 2657 780 2714 Gladius
818 2660 1111 2730 malignus,
1144 2660 1326 2728 lingua
1383 2670 1465 2715 est
1509 2664 1816 2730 atheorum,
1845 2678 1898 2722 et
1927 2668 2047 2722 illo-

485 2766 604 2804 rum
635 2765 916 2805 sermones
943 2750 1033 2819 qui
1083 2751 1416 2820 sophismata
1461 2755 1720 2810 adversus
1760 2757 1924 2812 Deum
1955 2773 2053 2813 ex-

484 2841 746 2908 cogitant,
779 2850 841 2895 ut
872 2843 1084 2898 animas
1129 2843 1481 2899 interficiant.
1529 2845 1718 2901 Manus
1776 2860 1953 2903 autem
1989 2851 2050 2904 li-

486 2932 680 2984 liorum
711 2931 1038 2997 alienorum,
1099 2942 1252 2988 actus
1297 2946 1423 2988 sunt
1469 2945 1524 2990 et
1572 2940 1678 2991 vita
1715 2939 1926 2993 illorum
1957 2941 2047 3008 qui

487 3022 584 3076 Dei
615 3023 760 3077 cultu
788 3023 946 3079 alieni
981 3034 1144 3089 sunt;
1174 3040 1402 3093 quorum
1433 3042 1496 3082 os
1529 3027 1794 3083 fabulosis
1823 3030 2050 3101 figmen-

2148 1865 2247 1918 καὶ
2280 1864 2451 1934 ἡμεῖς
2485 1864 2626 1934 ὑμῖν
2659 1865 3266 1932 συμϐασιλεύσωμεν·
3301 1861 3423 1914 ἐπεὶ
3467 1855 3557 1913 οῦν
3590 1857 3715 1911 τού-

2145 1972 2258 2019 τοις
2289 1956 2570 2027 χαρίζεται
2597 1957 2625 2008 6
2657 1954 2790 2018 Θεὸς
2819 1953 2918 2024 τὴν
2954 1951 3248 2024 σωτηρίαν,
3274 1951 3497 2012 είκότως
3523 1950 3615 2002 καὶ
3639 1947 3716 2017 τῷ

2147 2046 2307 2100 Δαυῖδ
2332 2047 2542 2115 ἀγαθάς
2583 2045 2805 2110 ἐλπίδας
2834 2046 3138 2115 ὑπογράφει
3172 2045 3233 2096 τὸ
3260 2043 3436 2110 λόγιον
3455 2081 3469 2104 ,
3509 2041 3584 2104 ὡς
3625 2041 3716 2095 λυ·-

2145 2138 2545 2210 τρωθησομὲνῳ
2582 2140 2673 2207 ἀφ’
2708 2133 2784 2192 ὢν
2830 2137 3046 2190 πώποτε
3085 2135 3370 2189 πέπτωκεν
3400 2133 3712 2204 ἁμαρτιῶν·

2145 2233 2178 2301 ἠ
2208 2229 2316 2300 γὰρ
2346 2229 2570 2292 κάθοδος
2603 2229 2696 2282 τοῦ
2727 2229 2862 2282 Θεοῦ
2894 2229 3068 2296 Λόγου
3101 2226 3244 2298 μετά
3278 2226 3386 2278 τῶν
3413 2225 3585 2279 ἄλλων
3622 2226 3716 2278 καὶ

2146 2319 2223 2391 τῷ
2251 2319 2413 2372 Δαυτδ
2439 2320 2770 2390 εὑεργητικὴ
2800 2319 3108 2388 γεγένηται,
3141 2317 3237 2370 ac:
3276 2314 3716 2384 διακονησαμένῳ

2145 2414 2212 2482 τῇ
2247 2411 2494 2480 ὲνσάρκῳ
2519 2410 2682 2464 αὑτοῦ
2715 2409 2943 2479 γενέσει.

2156 2501 2238 2568 Τῷ
2266 2501 2649 2571 λυτρουμένῳ
2678 2501 2858 2576 Δαυῒό
2885 2501 2988 2553 τόν
3016 2498 3241 2576 δοῦλον
3273 2497 3457 2551 αὑτοῦ
3486 2496 3553 2548 ἐκ
3573 2497 3716 2562 ῥομ-

2679 2573 2861 2639 φαίας
2898 2573 3185 2636 πονηράς.

2233 2663 2501 2734 Ῥομφαία
2529 2662 2740 2734 πονηρά
2782 2665 2815 2733 ἡ
2854 2661 3069 2730 γλῶττά
3101 2663 3216 2713 ἐστι
3246 2659 3352 2711 τῶν
3393 2657 3588 2720 ἀθέων,
3625 2659 3717 2709 καὶ

2149 2756 2199 2808 οἱ
2226 2755 2384 2823 λόγον
2403 2754 2508 2807 τῶν
2534 2753 2603 2807 τὰ
2647 2755 2952 2824 σοφίσματα
2982 2752 3120 2806 κατὰ
3165 2751 3256 2804 τοῦ
3295 2751 3429 2803 Θεοῦ
3463 2748 3720 2820 μελετών-

2149 2863 2256 2900 των
2295 2847 2373 2908 είς
2400 2843 2461 2897 τὸ
2493 2843 2738 2913 φονεύειν
2765 2843 2961 2913 ψυχάς·
3005 2843 3124 2914 χεὶρ
3149 2841 3206 2894 δὲ
3234 2839 3363 2894 υἱῶν
3403 2839 3715 2909 ἀλλοτρίων,

2151 2933 2347 3006 πρᾶξις
2379 2935 2472 2988 καὶ
2500 2937 2528 2987 6
2553 2934 2664 3004 βίος
2691 2934 2798 2987 τῶν
2835 2934 3128 3005 ἀλλοτρίων
3161 2936 3260 3003 τῆς
3287 2930 3616 2992 θεοσεϐείας,
3643 2923 3720 2982 ὧν

2152 3030 2209 3080 ὲν
2251 3027 2438 3098 μύθοις
2470 3026 2856 3096 ἀναπλάσμασι
2886 3027 2980 3078 καὶ
3005 3027 3126 3088 ταῖς
3156 3025 3285 3094 περὶ
3313 3021 3545 3076 εἰδώλων
3587 3021 3721 3074 ττλά-

489 3117 558 3169 tis
589 3123 643 3170 et
673 3115 936 3170 idolorum
987 3118 1268 3172 erroribus
1315 3118 1552 3188 loquitur
1593 3121 1882 3176 vanitates.
1942 3122 2047 3178 Ho-

2148 3137 2266 3182 ναις
2292 3119 2352 3171 τὸ
2381 3119 2554 3188 στόμα
2581 3117 2733 3172 λαλεῖ
2771 3119 3134 3188 ματαιότητας
3153 3133 3165 3144 ⁸
3195 3115 3397 3168 τούτων
3427 3114 3482 3168 δὲ
3517 3114 3608 3166 καί
3630 3113 3719 3166 δε-

488 3222 604 3262 rum
637 3208 799 3261 etiam
830 3209 1072 3274 dextera,
1105 3209 1156 3262 id
1184 3218 1268 3264 est
1298 3209 1380 3263 vis
1409 3213 1708 3280 operosior,
1740 3214 1966 3268 avaritia
1998 3225 2053 3268 et

492 3296 694 3365 rapinis
723 3309 1037 3366 occupatur.
1068 3299 1389 3368 Hujusmodi
1435 3312 1591 3356 erant
1641 3305 1837 3372 prioris
1871 3305 2049 3375 populi

491 3387 758 3452 homines,
787 3388 942 3442 sicuti
976 3390 1176 3444 dictum
1206 3400 1308 3446 est.
1345 3391 1420 3445 Ex
1456 3391 1542 3448 bis
1563 3392 1674 3460 jam
1701 3410 1842 3448 nunc
1878 3397 2052 3450 denuo

487 3489 610 3532 urat
665 3477 830 3532 David
881 3495 941 3534 se
988 3481 1145 3550 eripi,
1195 3498 1263 3536 ne
1302 3483 1415 3552 pari
1461 3494 1804 3553 peccatorum
1856 3502 2054 3558 genere

491 3569 786 3624 irretiatur.

492 3659 772 3717 “133.12.
818 3662 1056 3729 Quorum
1102 3665 1204 3730 ﬁlii
1253 3666 1388 3734 sicut
1441 3667 1658 3722 novella:
1700 3668 2054 3736 plantationes

1017 3737 1071 3788 in
1100 3736 1375 3804 juventute
1406 3754 1524 3790 sua.

556 3821 672 3877 Non
705 3823 904 3893 prioris
937 3827 1503 3896 tantummodo'pOpuli
1541 3829 1659 3894 lilii,
1694 3831 1787 3883 sed
1808 3831 2051 3884 ommum

487 3930 518 3968 a
561 3915 653 3968 Dei
681 3915 826 3970 cultu
861 3915 1189 3980 alienorum,
1223 3932 1324 3972 ceu
1357 3935 1509 3973 novze
1535 3920 1903 3988 plantationes
1929 3929 2057 3976 sunt

2155 3209 2263 3274 ξιὰ,
2288 3210 2558 3264 τουτέστιν
2586 3213 2618 3280 ἡ
2650 3209 3069 3279 πρακτικωτέρα
3105 3208 3352 3276 δύναμις,
3384 3206 3511 3276 περὶ
3535 3205 3721 3257 πλεον-

2153 3302 2299 3367 εξίας
2357 3301 2452 3354 καὶ
2501 3302 2753 3372 ἁρπαγὰς
2792 3299 3117 3369 ἀσχολεῖται.
3147 3299 3388 3352 Τοιοῦτοι
3428 3298 3472 3350 δ’
3515 3297 3579 3350 ἀν
3614 3291 3723 3348 εΙεν

2153 3394 2247 3447 καὶ
2281 3395 2327 3446 οἱ
2368 3393 2432 3445 ὲκ
2463 3392 2556 3446 τοῦ
2597 3393 2861 3463 προτέρου
2902 3391 3053 3451 λαοῦ.
3099 3391 3218 3444 καθ’
3258 3389 3293 3442 ἀ
3332 3389 3574 3458 εἴρηται·
3616 3387 3724 3439 ἀπὸ

2152 3486 2354 3539 τούτων
2370 3480 2462 3537 οὖν
2482 3485 2574 3537 ἐπὶ
2592 3484 2684 3536 τοῦ
2708 3485 2969 3554 παρόντος
2985 3483 3082 3554 ήδη
3103 3482 3352 3550 δεύτερον
3378 3483 3407 3532 6
3434 3478 3595 3532 Δαυῖδ
3629 3481 3726 3548 pu-

2155 3577 2346 3647 σθῆναι
2374 3575 2609 3646 εὔχεται,
2629 3575 2714 3628 ἵνα
2740 3575 2813 3646 μὴ
2828 3575 2939 3645 ἁλῷ
2961 3577 3070 3638 τοῖς
3089 3573 3293 3643 ὁμοίοις
3315 3573 3721 3641 ἁμαρτήμασιν.
3789 3591 3808 3610 ο

2152 3665 2264 3722 Ὧν
2301 3671 2355 3723 οι
2399 3668 2516 3722 υίοί
2545 3667 2626 3732 ὡς
2660 3667 2921 3753 νεόφυτα
2955 3665 3239 3744 ζδρυμέγα
3276 3663 3346 3715 ἑν
3375 3661 3449 3728 τῇ
3492 3662 3725 3727 νεότητι

2830 3754 3045 3790 aettur.

2225 3832 2332 3885 Τοῦ
2361 3832 2627 3902 προτέρου
2650 3829 2781 3884 λαοῦ
2807 3831 2856 3882 oi
2877 3828 2982 3881 υἱοὶ
3007 3828 3068 3880 ού
3105 3827 3285 3896 μόνον,
3311 3825 3444 3878 ἀλλά
3477 3825 3568 3876 καὶ
3598 3823 3726 3874 πάν-

2152 3940 2258 3976 των
2284 3922 2391 3974 τῶν
2418 3920 2712 3991 ἀλλοτρίων
2757 3920 2856 3988 τῆς
2883 3916 3188 3978 θεοσεϐείας
3221 3916 3295 3978 ὡς
3323 3913 3555 3982 νεόφυτά
3580 3914 3726 3965 ἔστιν

488 4007 542 4058 in
569 4004 852 4074 juventute
878 3995 999 4060 Sua.
1030 4005 1168 4062 Jusli
1199 4016 1376 4061 autem
1415 4009 1649 4062 hominis
1681 4024 1808 4062 caro
1838 4009 2047 4062 infirma

2157 4011 2416 4084 ἱδρυμένα
2459 4015 2516 4064 ὲν
2573 4014 2638 4081 τῇ
2687 4010 2895 4079 νεότητι
2938 4007 3143 4060 αὐτῶν·
3201 4004 3293 4058 τοῦ
3340 4003 3395 4056 δὲ
3440 4002 3648 4056 δικαίου
3687 4003 3722 4070 ἡ

486 4104 589 4159 est,
621 4103 675 4147 et
719 4093 835 4161 ejus
874 4095 1068 4149 mentis
1111 4093 1284 4150 fastus
1323 4107 1624 4152 emortuus.
1680 4097 1920 4162 Illorum,
1963 4098 2047 4168 qui

2157 4101 2292 4174 σάρξ
2321 4105 2468 4157 ἐστιν
2506 4103 2756 4173 ἀσθενὴς,
2791 4102 2882 4155 καὶ
2916 4101 2975 4152 τὸ
3009 4097 3263 4171 φρόνημά
3310 4099 3425 4150 ἐστι
3461 4111 3727 4162 νενεκρω-

487 4192 555 4246 de
604 4191 1016 4248 circumcisione
1078 4202 1226 4258 sunt,
1282 4194 1406 4251 filiae
1465 4209 1680 4264 quoque
1745 4196 2047 4251 meretricio

2158 4194 2315 4264 μένον
2335 4213 2348 4225 ·
2382 4195 2586 4249 τούτων
2627 4194 2736 4247 τῶν
2775 4195 2839 4246 ὲκ
2881 4191 3186 4265 περιτομῆς
3219 4190 3311 4242 καὶ
3344 4189 3398 4240 αἰ
3432 4186 3728 4256 θυγατέρες

487 4295 637 4342 more
669 4289 795 4335 sunt
828 4290 1125 4347 exornatae,
1155 4284 1222 4337 ad
1267 4283 1448 4353 templi
1491 4285 1777 4355 imaginem
1812 4286 1902 4358 ubi
1947 4287 2047 4355 spi-

2155 4287 2443 4359 ἑταιρικῶς
2486 4289 2594 4340 εἰσι
2637 4284 3046 4354 κεκοσμημέναι
3093 4282 3168 4345 ὡς
3209 4282 3462 4352 ὁμοίωμα
3501 4280 3631 4335 ναοῦ
3670 4281 3728 4331 ὲν

488 4372 622 4424 ritus
656 4373 826 4426 malus
855 4373 1138 4429 inhabitat.
1172 4372 1295 4428 Ideo
1323 4375 1392 4431 de
1423 4375 1526 4430 illis
1571 4377 1703 4430 dicit
1751 4379 2007 4447 propheta
2035 4397 2047 4432 :

2152 4370 2196 4445 ᾧ
2233 4379 2466 4451 πονηρὸν
2506 4376 2723 4448 πνεῦμα
2764 4377 2994 4429 ὲνοικεῐ’
3028 4375 3109 4428 διό
3151 4391 3283 4444 φησι
3324 4375 3451 4445 περὶ
3482 4372 3660 4424 αὐτῶν
3699 4372 3730 4423 6

487 4461 777 4524 Propterea
831 4463 1156 4520 incesserunt
1200 4466 1330 4534 ﬁliai
1377 4465 1552 4520 Sionis
1604 4477 1776 4522 erecto
1817 4469 1972 4532 collo,
1999 4480 2047 4523 et

2153 4469 2468 4539 προφήτηςο
2529 4467 2672 4520 Ἁνθ⁹
2717 4457 2805 4519 ὧν
2848 4463 3262 4534 ἐπορεύθησαν
3308 4463 3367 4512 αἱ
3413 4457 3729 4527 θυγγιτέρες

487 4571 604 4608 cum
651 4556 860 4611 nutibus
904 4559 1181 4613 oculorum
1205 4560 1272 4626 θ’,
1299 4569 1352 4614 et
1378 4559 1608 4628 reliqua.
1657 4559 1842 4616 Sancti
1871 4572 2047 4616 autem

2155 4559 2310 4614 Σιὼν
2343 4560 2413 4613 ἐν
2441 4556 2659 4628 ὑψηλῷ
2683 4556 2961 4627 τραχήλῳ
2984 4556 3078 4610 καὶ
3109 4555 3177 4607 ἐν
3200 4554 3492 4620 νεύμασιν
3518 4552 3728 4618 ὀφθαλ-

488 4644 735 4701 homiues
767 4649 1019 4718 templum
1053 4651 1145 4704 Dei
1180 4660 1322 4713 sunt,
1365 4662 1418 4705 et
1461 4652 1553 4705 Dei
1590 4651 1810 4720 spiritus
1843 4651 1893 4705 in
1923 4651 2047 4721 ipsis

2150 4651 2302 4721 μῶν,
2323 4651 2416 4704 καὶ
2443 4650 2511 4703 τά
2543 4650 2700 4720 ἑξῆς·
2731 4652 2779 4703 οἱ
2805 4648 2861 4701 δὲ
2891 4648 3035 4714 ἆγιοι
3086 4647 3208 4708 ναός
3235 4646 3338 4696 εἰσι
3365 4641 3522 4706 Θεοῦ,
3553 4642 3642 4693 καὶ
3671 4639 3730 4692 τὸ

487 4735 775 4791 inhabitat.
809 4737 874 4797 Et
906 4739 1118 4794 illorum
1168 4741 1383 4808 quidem
1409 4741 1685 4794 abundant
1728 4741 2047 4796 redundant-

2157 4741 2373 4813 πνεῦμα
2393 4741 2487 4794 τοῦ
2507 4739 2640 4796 Θεοῦ
2669 4741 2810 4793 οἰκεῖ
2837 4741 2895 4793 ὲν
2924 4739 3133 4800 αὐτοῖς’
3161 4738 3252 4790 καὶ
3276 4734 3385 4788 τῶν
3417 4734 3514 4804 μὲν
3542 4746 3728 4801 περιτ-

486 4840 593 4892 que
619 4840 821 4889 penora
852 4827 1338 4881 tbesaurizantium
1369 4829 1421 4882 in
1456 4839 1596 4882 terra
1627 4838 1681 4884 et
1713 4830 2006 4884 dicentium
2036 4843 2047 4883 ε

2155 4834 2302 4888 τεύει
2330 4835 2425 4888 καὶ
2458 4834 2684 4903 ὑπερχεϊ
2714 4830 2782 4885 τά
2812 4834 3012 4901 ταμεία
3039 4828 3472 4900 θησαυριζόντων
3506 4825 3598 4878 ἐπὶ
3632 4823 3728 4891 τῆς

487 4917 765 4971 Destruam
800 4917 988 4973 horrea
1013 4936 1130 4972 mea
1154 4929 1202 4973 et
1229 4919 1488 4982 ampliora
1530 4920 1802 4991 a'diﬁcabo
1836 4920 1921 4988 ⁶⁸;
1955 4922 2047 4975 ho-

2159 4926 2281 4996 γῆς’
2328 4926 2422 4979 καὶ
2466 4924 2749 4993 λεγόντων,
2779 4920 3017 4977 Καθελῶ
3042 4939 3159 4988 μου
3188 4920 3294 4983 τὰς
3313 4916 3618 4983 ἀποθήκας
3634 4913 3728 4967 καὶ

486 5025 607 5064 rum
637 5020 824 5065 contra
857 5015 1144 5068 thesaurus
1171 5014 1222 5066 in
1256 5014 1395 5066 coelo
1421 5023 1522 5068 est.
1551 5014 1766 5068 Illorum
1811 5028 1944 5069 oves
1978 5012 2047 5067 fe-

2156 5015 2427 5086 μείζονας
2446 5014 2838 5082 οἰκοδομήσωο
2869 5013 2976 5065 τῶν
3009 5012 3066 5064 δὲ
3108 5011 3137 5062 6
3183 5009 3453 5081 θησαυρός
3499 5008 3646 5060 ἐστιν
3673 5008 3730 5058 ὲν

485 5104 678 5159 eundi:
695 5120 759 5158 ac
781 5120 1105 5170 numerosae,
1137 5107 1409 5175 bovesque
1440 5106 1630 5169 crassi,
1663 5105 1970 5174 cuiusmodi
2000 5105 2047 5158 in

2163 5108 2376 5180 οὐρανῷ
2393 5125 2408 5138 ·
2434 5107 2528 5161 καὶ
2555 5106 2660 5160 τῶν
2693 5107 2790 5176 μὲν
2815 5106 2930 5159 ἔστι
2961 5104 3208 5176 πρόϐατα
3243 5101 3511 5155 πολύτοκα
3537 5097 3710 5168 πληθύ

486 5192 698 5263 ιΕεγριί
723 5195 989 5264 ubertate,
1009 5213 1203 5266 nempe
1230 5197 1307 5252 illi
1325 5197 1548 5267 pulchra
1567 5197 1745 5267 specie
1764 5207 1820 5251 et
1842 5195 2047 5250 eximiis

2163 5217 2343 5264 νοντα,
2369 5200 2463 5254 καὶ
2502 5199 2620 5269 βόες
2662 5201 2875 5268 παχεῖς,
2901 5199 3077 5252 ὁποῖοι
3119 5199 3216 5266 τῆς
3257 5193 3530 5261 Αἰγύπτου
3565 5189 3732 5260 εὐθη-

487 5285 741 5340 carnibus
767 5302 904 5354 quos
926 5287 1055 5342 vidit
1073 5287 1307 5344 Pharao.
1329 5291 1434 5345 Sed
1448 5289 1583 5358 justi
1613 5288 1714 5343 viri
1731 5287 1872 5343 ovile
1893 5299 2047 5356 pura!

2162 5293 2278 5355 νίας
2301 5308 2313 5321 '
2356 5290 2510 5345 καλοὶ
2557 5290 2666 5362 γάρ
2694 5289 2771 5359 τῷ
2810 5289 2937 5342 εῖδει
2967 5289 3062 5341 καὶ
3104 5286 3348 5340 ἐκλεκτοὶ
3392 5286 3511 5345 ταῖς
3543 5280 3731 5352 σαρξὶν

487 5373 720 5439 animas,
754 5387 810 5431 et
836 5379 1004 5434 bonas
1052 5395 1114 5432 ac
1157 5382 1448 5436 rationales
1483 5399 1615 5438 oves
1653 5381 2047 5451 complectitur.

2160 5379 2302 5455 ἦσαν
2326 5383 2421 5448 οὓς
2446 5379 2582 5437 εἶδεν
2607 5386 2636 5438 ὁ
2661 5381 2880 5453 Φαραώ⁸
2912 5381 3006 5434 τοῦ
3034 5380 3090 5434 δὲ
3113 5378 3317 5432 δικαίου
3344 5378 3379 5448 ἡ
3406 5374 3605 5446 ποίμνη
3627 5373 3729 5440 ψυ-

486 5466 589 5537 χὰς
619 5468 927 5538 ἀκεραίους,
959 5474 1050 5525 καὶ
1077 5474 1255 5542 ἀγαθά
1281 5476 1374 5529 καὶ
1407 5475 1602 5543 λογικά
1646 5475 1891 5544 πρόϐατα
1936 5477 2350 5547 ἐμπεριείληφε.

558 5581 604 5611 ⁸⁸
636 5580 926 5646 llebr.vm.
959 5588 1040 5642 l3.
1117 5589 1163 5619 ¹⁹
1195 5589 1333 5643 Psal.
1368 5605 1491 5657 xcv,
1529 5591 1577 5643 ι.
1690 5591 1733 5621 ⁸ο
1769 5590 1931 5644 Prov.
1968 5605 2047 5645 vn

2152 5593 2202 5647 5.
2281 5594 2320 5623 ³¹
2355 5591 2523 5646 lCor.
2551 5607 2625 5659 2v,
2657 5590 2709 5646 8.
2789 5589 2832 5620 ⁶²
2873 5587 3083 5648 lsa.m.
3121 5585 3202 5639 16.
3281 5584 3324 5614 ⁸³
3360 5581 3490 5638 Luc.
3517 5579 3724 5645 xtIJS.

559 5693 670 5764 (l9)
701 5694 904 5756 Videsis
929 5699 1129 5758 Niceno
1161 5701 1450 5760 Serrarum
1483 5704 1718 5776 episcopi
1749 5705 2072 5777 prooemium
2107 5722 2135 5761 a
2169 5708 2324 5764 nobis
2355 5707 2558 5763 editum
2585 5707 2650 5762 ad
2676 5713 2924 5761 catenam
2956 5701 3007 5756 in
3041 5698 3298 5754 [’sahnos.
