4138 6408
350 356 409 411 57
1471 350 1975 407 COMMENTARIA
2015 350 2081 406 IN
2121 352 2465 410 PSALMOS.
3536 355 3605 409 58

416 471 523 525 Του
564 468 825 541 [δικαίου]
860 469 959 539 μὲν
998 469 1087 523 διὰ
1132 468 1194 522 τὸ
1245 468 1530 537 φοϐεῖσθαι
1572 468 1664 521 τὸν
1698 468 1923 541 Κύριον,

2101 468 2241 525 Justi
2267 470 2390 536 viri,
2418 476 2707 540 propterea
2736 468 2881 538 quod
2926 467 3212 522 Dominum
3254 467 3427 530 timet,
3463 465 3603 522 beati

355 563 605 634 μακάριοι
657 566 706 616 oi
739 564 848 615 υἱοὶ
888 560 1020 613 ὡσεὶ
1051 561 1286 629 νεόφυτά
1329 563 1464 614 εἰσιν
1505 559 1701 613 ἐλαιῶν
1741 560 1926 632 κύκλῳ

357 657 453 726 τῆς
484 654 767 726 τραπέζης
795 652 961 706 αὑτοῦ
986 670 999 682 ·
1033 652 1141 705 τῶν
1169 652 1225 704 δὲ
1264 651 1557 723 ἀλλοτρίων
1606 655 1654 705 οί
1710 654 1814 705 υἱοὶ
1851 652 1928 716 ὡς

355 744 577 813 νεόφυτα
607 740 869 812 ἱδρυμένα
902 742 959 793 ὲν
980 744 1047 812 τῇ
1074 741 1287 811 νεότητι
1321 741 1518 793 αὐτῶν.
1550 741 1802 812 Κάκείνῳ
1830 741 1928 812 μὲν

352 836 449 888 οὐκ
473 836 580 887 εἰσὶ
618 833 950 903 θυγατέρες·
996 832 1208 895 τούτοις
1239 832 1296 886 δέ
1342 835 1445 885 εἰσι
1478 832 1927 907 κεκαλλωπισμέ-

351 938 458 985 ναι,
499 922 1043 993 περικεκοσμημέναι
1068 922 1144 985 ὼς
1189 922 1440 992 ὁμοίωμα
1486 921 1649 977 ναοῦ·
1693 923 1929 993 κάκείνῳ

355 1013 452 1083 μὲν
483 1015 619 1066 είσὶν
656 1014 761 1065 υἱοὶ
789 1012 942 1076 υἱῶν,
976 1012 1185 1074 τούτοις
1211 1012 1266 1065 δὲ
1303 1013 1422 1083 ούχί
1446 1030 1459 1042 ·
1493 1012 1571 1065 ἔτι
1606 1012 1798 1082 ἐκείνῳ
1830 1012 1929 1081 μὲν

351 1102 532 1155 οὐκέτι
573 1106 796 1173 ταμεῖον
836 1102 958 1155 οὐδὲ
995 1102 1278 1172 ἀποθήκη·
1308 1102 1512 1155 τούτων
1540 1102 1596 1154 δὲ
1623 1101 1691 1155 τὰ
1732 1105 1930 1172 ταμεῖα

353 1195 534 1266 πλήρη
566 1194 969 1265 ὲξερευγόμενα
1009 1196 1074 1247 ὲκ
1105 1193 1298 1247 τούτου
1330 1196 1409 1257 εἰς
1436 1192 1593 1245 τοῦτο
1612 1211 1624 1222 ·
1657 1194 1748 1245 καὶ
1790 1193 1931 1247 κατὰ

351 1286 413 1339 τὸ
453 1286 778 1355 Εὑαγγέλιον
808 1286 865 1339 δὲ
895 1288 1008 1350 τοῖς
1035 1285 1391 1357 τρεφομένοις
1424 1285 1529 1337 ὑπὸ
1559 1283 1652 1338 τοῦ
1680 1286 1930 1355 οὐρανίου

354 1379 570 1450 Πατρὸς
614 1380 878 1443 πετεινοῖς
928 1377 1021 1430 τοῦ
1056 1376 1285 1447 ούρανοῦ
1331 1376 1515 1429 οὐκέτι
1559 1379 1781 1446 ταμεῖον
1813 1376 1932 1429 οὐδὲ

352 1471 623 1542 ἀποθήκη.
670 1472 790 1524 Υἱοὶ
820 1472 868 1523 oi
902 1470 1174 1541 αἱρετικοὶ
1227 1469 1396 1538 λόγοι,
1445 1470 1538 1522 καὶ
1577 1468 1648 1523 τὰ
1689 1472 1933 1542 νοήματα

352 1562 430 1627 ὡς
462 1563 713 1631 νεόφυτα,
744 1563 831 1615 διὰ
863 1563 961 1633 τὴν
1006 1563 1356 1632 καινοτομίαν
1378 1578 1391 1591 ·
1437 1561 1735 1634 θυγατέρες
1765 1564 1821 1617 αί
1847 1563 1935 1616 λέ-

354 1654 463 1717 ξεις
484 1670 497 1683 ·
528 1653 1036 1724 κεκαλλωπισμέναι
1058 1652 1115 1706 δὲ
1138 1653 1225 1707 διὰ
1247 1653 1347 1726 τὴν
1375 1654 1594 1725 φράσιν,
1625 1655 1749 1709 ναὸν
1780 1651 1933 1709 οὖσαι

350 1744 445 1797 τοῦ
479 1746 842 1817 φρονήματος.

525 1838 646 1889 Οὐκ
676 1835 808 1889 ἐστι
836 1835 1195 1905 κατάπτωμα
1225 1836 1517 1905 φραγμοῦ,
1554 1854 1609 1890 κ.
1637 1854 1687 1888 τ.
1714 1835 1764 1890 λ.

421 1928 531 1983 Ka‘t
566 1930 623 1981 ὲν
670 1927 751 1999 τῷ
790 1927 905 1981 Ἰὼϐ
949 1928 1195 2001 εἴρηται·
1231 1929 1335 1982 Διὰ
1378 1929 1435 1981 τί
1467 1929 1704 1993 ἀσεϐεῖς
1764 1927 1930 1993 ζῶσι,

351 2020 798 2074 πεπαλαίωνται
831 2019 900 2072 δὲ
940 2021 1039 2073 καὶ
1075 2020 1145 2073 ἐν
1167 2021 1444 2087 mimico);
1476 2022 1571 2074 καὶ
1602 2020 1671 2073 τὰ
1705 2018 1930 2089 ἐφεξῆς·

351 2111 489 2183 πλὴν
515 2112 787 2184 ἐπιφέρει·
812 2114 894 2165 Οὐ
909 2112 1037 2181 μὴν
1050 2112 1148 2166 καί
1180 2111 1658 2182 ἁσεϐῶνλύχνος
1687 2112 1937 2179 σϐεσθή-

349 2218 541 2256 σεται.
574 2202 683 2256 Καὶ
716 2205 774 2255 ὲν
803 2201 1186 2273 ἑϐδομηκοπῷ
1213 2200 1449 2272 δευτέρῳ
1471 2200 1671 2272 ψαλμῷ
1693 2201 1931 2270 λέγεται·

364 2291 659 2359 Ἑζήλωσα
696 2292 797 2345 ἐπὶ
833 2293 959 2358 τοῖς
993 2294 1259 2361 ἀνόμοις,
1288 2292 1537 2361 εἰρήνην
1576 2291 1938 2362 ἁμαρτωλῶν

352 2382 604 2453 θεωρῶν,
634 2384 730 2436 καὶ
756 2382 826 2436 τά
862 2381 1007 2454 ἑξῆς·
1045 2376 1117 2435 ὧν
1148 2382 1241 2436 καὶ
1269 2382 1451 2435 αὐτῶν
1478 2384 1511 2453 ὴ
1543 2381 1696 2445 λύσις
1738 2382 1937 2452 ἐπάγε-

351 2492 441 2528 ται
464 2476 523 2527 ὲν
547 2474 645 2544 τῷ,
674 2473 799 2537 Πῶς
832 2474 1077 2543 ἐγένοντο
1110 2476 1189 2537 είς
1216 2475 1530 2545 ὲρήμωσινς
1562 2474 1792 2539 ἐξάπινα
1828 2475 1937 2527 ἀπ-

352 2562 551 2617 ώλοντο
577 2562 663 2616 διὰ
680 2562 778 2634 τὴν
793 2562 1049 2615 ἀϐουλίαν
1070 2560 1270 2624 αὐτῶν,
1293 2561 1369 2623 ὡς
1397 2559 1645 2613 ἐνύπνιον
1670 2561 1937 2631 ὲξεγειρο-

354 2649 549 2719 μένων.

878 2737 1172 2791 ΨΑΛΜΟΣ
1222 2738 1398 2791 PMA’.

419 2829 559 2884 Οὔτε
597 2830 665 2883 δι’
696 2829 925 2900 ὀργάνου
963 2826 1057 2881 τοῦ
1090 2827 1427 2899 καλουμένου
1467 2828 1761 2899 ψαλτηρίου
1791 2828 1937 2883 λέλε-

352 2939 475 2977 κται
512 2921 581 2974 τὰ
614 2921 970 2992 προκείμενα,
1013 2918 1137 2973 οὔτε
1177 2920 1244 2973 δι’
1289 2920 1454 2992 ᾠδῆς,
1504 2921 1625 2974 καθ’
1650 2922 1837 2993 ἕτερον
1878 2922 1935 2975 δὲ

350 3014 569 3086 τρόπον,
595 3014 837 3079 Αἴνεσις
862 3013 1287 3085 ἐπιγέγραπται.

560 3108 701 3161 Καθ’
728 3105 996 3173 ἑκάστην
1021 3107 1250 3177 ἡμέραν
1274 3107 1591 3177 εὐλογήσω
1624 3124 1717 3162 σε.

434 3199 601 3271 Ἀρχὴ
655 3201 785 3271 παρ’
845 3200 1116 3270 Ἑϐραίοις
1165 3201 1260 3254 τοῦ
1312 3202 1583 3274 παρόντος
1637 3201 1818 3273 στίχου
1872 3201 1933 3256 τὸ

354 3290 454 3361 βήθ
481 3290 612 3360 ('20).
636 3291 889 3345 Διδάσκει
914 3291 1067 3345 δὲὸτι
1086 3294 1350 3364 προσήκει
1376 3292 1563 3365 ῶσπερ
1579 3293 1935 3365 όφειλὴνέκάο

354 3398 486 3452 στης
516 3383 730 3453 ἡμέρας
759 3383 838 3454 τῷ
874 3384 994 3455 Θεῷ
1028 3384 1121 3438 τὸν
1160 3385 1327 3456 ὖμνον
1364 3385 1690 3440 ἀποδιδόναι.
1733 3427 1743 3439 .
1780 3387 1937 3458 μηδε-

355 3476 483 3545 μιᾶς
515 3472 727 3546 ἡμέρας
768 3473 847 3543 τῷ
884 3474 1003 3545 Θεῷ
1031 3474 1199 3546 ὕμνον
1245 3477 1529 3548 ὀλιγωρεῖν
1571 3478 1666 3530 καὶ
1698 3475 1933 3548 ἀπολιμ-

351 3564 613 3619 πάνεσθαι
661 3566 796 3637 (21).
829 3567 1047 3639 Διανοίᾳ
1094 3568 1191 3638 μὲν
1234 3563 1326 3621 οὖν
1357 3569 1450 3621 καὶ
1494 3567 1803 3639 λογισμοῖς,
1840 3570 1935 3623 καὶ

351 3657 488 3728 αὐτῇ
527 3657 621 3711 τοῦ
652 3659 711 3711 ἐν
738 3660 871 3729 ἡμῖν
903 3659 1211 3730 πνεύματος
1234 3660 1463 3730 δυνάμει
1492 3661 1654 3713 αὐτὸν
1680 3660 1771 3714 τὸν
1802 3660 1936 3715 Θεὸν

350 3748 590 3820 ὑψοῦμεν
632 3750 726 3802 καὶ
753 3750 1081 3822 εὐλογοῦμεν
1100 3767 1113 3781 ·
1147 3752 1351 3822 χείλεσι
1381 3751 1438 3804 δὲ
1465 3751 1559 3804 καὶ
1590 3750 1804 3821 θνητοῖς
1839 3752 1936 3822 ῥή-

353 3857 488 3911 μασι
516 3840 610 3893 τοῦ
640 3841 772 3894 Θεοῦ
811 3842 873 3894 τὸ
909 3843 1079 3913 ὄνομα
1121 3842 1435 3914 δοξάζομεν·
1476 3844 1575 3896 Αεὶ
1621 3844 1702 3907 σὲ,
1746 3842 1931 3914 φησὶν,

242 3952 247 3959 ·
351 3932 536 4001 ὑμνῶν
581 3933 836 3998 διατελῶ,
889 3935 985 3987 καὶ
1040 3935 1298 4005 οὐδεμίαν
1352 3935 1580 4006 ἄμοιρον
1637 3934 1782 3988 ἐάσω
1833 3934 1935 4005 τῆς

354 4022 648 4092 ὑμνῳδίας.
675 4023 822 4077 Ἀντὶ
859 4025 915 4077 δὲ
948 4024 1063 4088 τοῦ,
1089 4027 1175 4091 εὶς
1205 4027 1313 4078 τεν
1342 4024 1527 4080 αἰῶνα
1558 4026 1663 4081 τοῦ
1697 4026 1931 4094 αἰῶνος,

352 4113 381 4164 ὀ
407 4112 505 4181 μὲν
547 4114 778 4178 Ἀκύλας
806 4115 1011 4181 εἰσέτι,
1046 4119 1075 4170 ὀ
1102 4117 1158 4170 δὲ
1196 4118 1489 4191 Σύμμαχος
1517 4118 1808 4189 διηνεκῶς
1835 4123 1934 4192 ἠρ-

354 4204 650 4275 μήνευσαν.
680 4238 752 4248 -
797 4208 1087 4262 Ἀκόλουθα
1117 4210 1172 4264 δὲ
1201 4211 1378 4265 πάντα
1417 4216 1531 4277 τοῖς
1566 4213 1929 4285 προλαϐοῦσι·

351 4297 519 4351 εἰπὼν
556 4300 667 4371 γάρ
711 4300 1027 4370 εὐλογήσω
1079 4303 1176 4356 καὶ
1224 4304 1483 4372 ὑείθώσω,
1550 4304 1821 4358 δείκνυσιν
1857 4304 1934 4369 ὡς

349 4389 502 4443 οὐδὲν
526 4391 673 4463 αὐτῷ
708 4393 1064 4464 προστίθησιν
1089 4397 1122 4467 ἡ
1152 4413 1231 4448 πα
1246 4397 1294 4467 ρ’
1323 4396 1484 4468 ἡμῶν
1507 4396 1782 4468 εὐφημία·
1815 4398 1934 4451 ἐαυ-

2030 558 2125 612 lilii
2159 569 2412 627 tanquam
2441 560 2665 613 novella:
2694 560 2829 612 oleae
2860 567 2986 612 sunt
3011 558 3155 613 eirea
3185 572 3427 611 mensam
3461 556 3600 622 ejus.

2030 650 2137 704 Sed
2170 650 2472 704 alienorum
2506 668 2533 702 a
2565 651 2675 704 Deo
2724 648 3005 703 hominum
3054 648 3169 713 ﬁlii,
3218 647 3444 703 novella:
3481 656 3608 700 sunt

2030 740 2395 810 plantationes
2423 740 2476 794 in
2503 740 2789 807 juventute
2819 755 2938 794 sua.
2979 740 3043 793 Et
3068 740 3231 807 priori
3267 739 3504 806 quidem,
3538 738 3605 791 tl-

2029 830 2117 885 lias
2151 844 2256 883 non
2288 837 2446 894 sunt;
2483 831 2569 884 his
2594 842 2773 884 autem
2821 832 3001 900 specie
3035 830 3260 899 pulchra
3306 838 3361 883 et
3399 839 3606 883 ornatae

2032 919 2205 973 instar
2241 918 2446 988 templi.
2481 918 2654 972 Priori
2682 927 2808 973 sunt
2860 918 2953 972 ﬁlii
2984 918 3256 982 ﬁliorum;
3295 918 3379 971 his
3404 933 3607 986 nequa-

2031 1026 2215 1080 quam.
2236 1010 2461 1079 lnsnper
2481 1010 2646 1079 priori
2681 1025 2785 1063 non
2817 1019 2901 1064 est
2930 1026 3077 1072 arca,
3111 1025 3285 1080 neque
3316 1012 3602 1074 horreum;

2033 1101 2120 1156 his
2149 1110 2329 1156 autem
2363 1102 2732 1171 promptuaria
2762 1103 2866 1157 hac
2899 1102 3023 1156 illac
3046 1103 3390 1170 pertinentia.
3419 1101 3603 1170 Atqui,

2033 1196 2328 1249 secundum
2365 1193 2740 1263 Evangelium,
2789 1194 2913 1249 coeli
2967 1194 3277 1249 volatilibus
3326 1211 3355 1248 a
3393 1195 3605 1249 cmlesti

2035 1285 2198 1341 Patre
2231 1287 2455 1342 uutritis
2509 1302 2613 1341 non
2664 1296 2747 1341 est
2798 1288 3228 1357 promptuarinm
3277 1300 3450 1355 neque
3482 1287 3607 1341 bor-

2035 1394 2185 1432 reum
2213 1380 2279 1434 “.
2309 1379 2451 1443 Filii,
2482 1378 2856 1449 intelliguntur
2910 1378 3285 1433 haereticorum
3308 1390 3602 1435 sermones,

2033 1485 2337 1540 eorumque
2372 1479 2678 1525 commenta
2726 1480 2982 1539 tanquam
3047 1484 3198 1523 nova:
3248 1467 3606 1535 plantationes

2034 1563 2102 1617 ob
2166 1563 2242 1617 rei
2301 1563 2622 1618 novitatem.
2680 1561 2853 1627 Filia},
2917 1562 3291 1631 intelliguntur
3348 1562 3606 1615 vocabula

2036 1654 2259 1724 pulchra
2290 1662 2345 1709 et
2368 1665 2561 1709 ornata
2618 1654 2685 1709 ad
2738 1654 3088 1727 loquendum,
3132 1662 3186 1707 et
3230 1651 3393 1706 veluti
3441 1653 3609 1706 fastus

2039 1744 2313 1814 templum.

2240 1834 2403 1889 Vens.
2444 1835 2531 1889 Η.
2574 1834 2695 1888 Non
2724 1847 2795 1888 est
2825 1838 2980 1888 ruina
3008 1835 3270 1898 maceriis,
3301 1844 3405 1888 etc.

2106 1925 2163 1981 lu
2192 1927 2292 1982 Joh
2325 1943 2540 1997 quoque
2566 1929 2763 1981 dicitur
2789 1947 2801 1982 :
2846 1928 2954 1982 Cur
2982 1928 3126 1995 impii
3154 1928 3348 1992 vivunt,
3379 1937 3424 1980 et
3449 1927 3504 1980 in
3530 1926 3614 1980 alia

2038 2018 2175 2071 vitiis
2197 2028 2566 2072 consenescunt
2600 2017 2682 2072 "?
2717 2030 2769 2073 et
2804 2019 3033 2088 reliqua.
3071 2015 3456 2072 Verumtamen
3484 2019 3612 2072 sub-

2032 2106 2153 2176 jicit
2181 2126 2194 2161 :
2234 2107 2464 2163 Tametsi
2489 2110 2767 2179 impiorum
2796 2110 3009 2163 lucerna
3043 2110 3406 2177 exstinguetur
3431 2108 3496 2162 “.
3546 2108 3613 2160 Et

2040 2202 2093 2254 in
2128 2202 2530 2272 septuagesimo
2554 2202 2792 2256 secundo
2817 2201 3065 2272 psalmo:
3105 2198 3283 2254 Zelavi
3323 2216 3478 2269 super
3502 2200 3609 2252 ini-

2036 2308 2189 2363 quos,
2218 2308 2400 2359 pacem
2427 2302 2757 2360 peccatorum
2806 2291 2983 2345 videns
3013 2291 3078 2354 ",
3114 2299 3167 2343 et
3195 2289 3426 2357 reliqua.
3462 2290 3609 2355 Quo-

2039 2399 2159 2438 rum
2194 2383 2391 2438 solutio
2424 2382 2767 2454 subiungitur
2806 2382 2892 2438 his
2926 2383 3150 2437 verbis:
3201 2383 3481 2448 Quomodo
3530 2398 3614 2435 re-

2039 2477 2182 2532 dacti
2214 2486 2343 2531 sunt
2372 2477 2439 2531 ad
2469 2476 2863 2531 solitudinem?
2908 2475 3089 2529 subito
3132 2474 3409 2541 perierunt
3434 2472 3503 2527 ob
3532 2472 3614 2526 in-

2038 2569 2499 2625 considerantiam
2574 2585 2751 2625 suam.
2812 2584 2910 2624 ceu
2976 2568 3246 2623 somnium
3306 2564 3614 2636 evigilantis

2038 2672 2223 2717 mente
2258 2661 2461 2717 deﬂuit.

2539 2752 2860 2810 PSALMUS
2899 2750 3127 2808 CXLIV.

2110 2842 2295 2913 Neque
2322 2845 2387 2899 ad
2417 2860 2680 2915 organum
2729 2861 2905 2914 neque
2962 2848 3029 2901 ad
3085 2844 3402 2916 psalterium
3439 2845 3617 2900 dictns

2038 2934 2135 2988 fuit
2166 2935 2254 2989 hic
2291 2936 2555 3004 psalmus,
2580 2951 2756 3004 neque
2795 2936 2992 2990 cantici
3030 2936 3431 3007 autcnjuslibet
3456 2935 3615 2991 metri

2038 3041 2232 3080 nomen
2271 3026 2452 3093 habet,
2485 3026 2578 3081 sed
2612 3027 2754 3081 Laus
2787 3027 3119 3083 inscribitur.

2185 3117 2347 3173 Vens.
2381 3117 2435 3174 2.
2478 3117 2585 3174 Per
2612 3120 2844 3190 singulos
2877 3123 2987 3175 dies
3018 3121 3312 3174 benedicam
3356 3121 3472 3174 tibi.

2114 3207 2329 3263 Initium
2357 3210 2500 3278 apud
2530 3210 2788 3266 Hebraeos
2818 3211 3104 3279 prmsentis
3134 3210 3386 3265 versiculi
3415 3217 3499 3266 est
3525 3210 3617 3265 lit-

2038 3311 2151 3358 tera
2214 3302 2351 3356 beth.
2419 3302 2687 3357 Docemur
2744 3314 2968 3371 autem,
3026 3313 3279 3373 oportere
3357 3314 3616 3372 tanquam

2037 3393 2469 3463 uniuscujusque
2504 3394 2609 3448 diei
2641 3395 2907 3462 debitum,
2960 3396 3220 3467 hymnum
3265 3397 3372 3450 Deo
3414 3394 3619 3464 persol-

2035 3500 2183 3550 vere,
2215 3485 2382 3549 nullo,
2417 3485 2657 3556 inquam,
2690 3488 2776 3542 die
2801 3489 3145 3559 hymuodiam
3181 3488 3420 3543 divinam
3450 3486 3619 3557 negli-

2036 3592 2162 3648 gere
2197 3586 2287 3631 ant
2315 3577 2594 3633 omittere.
2627 3579 2692 3633 Et
2716 3590 2897 3635 mente
2942 3580 3182 3649 quidem,
3236 3590 3290 3634 et
3334 3578 3620 3647 cogitatio-

2036 3670 2221 3737 nibus,
2277 3678 2333 3724 et
2382 3670 2497 3739 ipsa
2542 3670 2769 3741 spiritus
2810 3672 2858 3726 vi
2912 3672 3078 3725 Deum
3109 3670 3418 3726 extollimus
3457 3678 3620 3740 atque

2039 3760 2368 3816 laudamus:
2400 3762 2559 3815 labiis
2589 3776 2719 3816 vero
2758 3772 2811 3816 et
2839 3763 3102 3831 perituris
3147 3762 3331 3816 verbis
3377 3760 3472 3815 Dei
3522 3775 3620 3814 no-

2040 3866 2162 3906 men
2202 3852 2594 3923 glorilicamus.
2629 3852 2727 3917 Te,
2764 3853 2963 3923 inquit,
3009 3868 3229 3923 semper
3266 3854 3483 3924 hymnis
3529 3869 3620 3909 ce-

2045 3942 2220 4008 lebro,
2253 3943 2566 4013 nullamque
2615 3944 2756 3999 diem
2811 3944 3018 4015 absque
3065 3946 3354 4017 hymnodia
3401 3956 3621 4016 prmter—

2041 4034 2215 4089 mitto.
2247 4032 2364 4090 Jam
2402 4050 2498 4105 pro
2531 4036 2735 4101 verbis,
2771 4038 2826 4091 in
2864 4053 2966 4091 δαῖε
2984 4036 3132 4092 ulum
3188 4037 3391 4103 sa'cuh',
3427 4038 3618 4108 Aquila

2035 4126 2428 4196 interpretatus
2465 4136 2575 4194 est,
2604 4144 2767 4199 usque
2792 4121 2990 4195 adhuc,
3034 4130 3396 4200 Symmachus
3438 4141 3620 4185 autem

2036 4220 2383 4276 continenter.
2412 4250 2483 4260 ——
2504 4219 2710 4275 Cuncta
2744 4231 2925 4277 autem
2956 4231 3321 4275 consentanea
3357 4231 3485 4276 sunt
3514 4222 3623 4290 pri-

2034 4310 2242 4365 oribus.
2276 4309 2410 4365 Nam
2438 4326 2562 4365 cmn
2620 4312 2841 4377 dixerit,
2878 4312 3112 4366 laudabo
3150 4322 3203 4367 et
3239 4312 3510 4375 exaltabo,
3545 4313 3621 4366 si-

2035 4401 2266 4471 gniﬁcat.
2290 4402 2424 4457 nihil
2455 4402 2562 4457 Deo
2588 4404 2711 4457 addi
2752 4417 2783 4457 a
2833 4404 3042 4458 nostris
3084 4403 3352 4459 laudibus.
3399 4402 3622 4459 Nosmet

349 4481 478 4544 τοὺς
510 4480 568 4533 δὲ
613 4481 1032 4556 λαμπρύνομεν,
1068 4482 1217 4540 αἶνον
1254 4486 1311 4540 δὲ
1351 4488 1431 4550 εἰς
1459 4487 1551 4539 τὸν
1588 4483 1736 4541 αἶνον
1777 4504 1932 4557 προσ-

2042 4494 2222 4563 potius
2270 4494 2632 4558 illustramus,
2684 4496 2810 4549 dum
2854 4493 3070 4549 laudem
3123 4496 3283 4552 laude
3336 4498 3620 4552 connecti-

351 4570 591 4639 άγοντες.

504 4665 612 4718 Καὶ
645 4664 719 4733 τῇ
745 4666 1101 4736 δικαιοσύνῃ
1128 4684 1245 4723 σου
1276 4670 1773 4737 ἀγαλλιάσοφται.

419 4755 521 4808 Διὰ
562 4757 766 4811 τούτων
805 4759 1047 4813 διδάσκει
1089 4760 1184 4814 τοῦ
1219 4762 1354 4814 Θεοῦ
1401 4762 1499 4826 τὰς
1539 4763 1760 4833 ἀρετὰς,
1809 4764 1932 4817 ὅσαι

350 4847 429 4911 εἰς
461 4849 609 4919 ἡμᾶς
642 4849 939 4921 διήκουσιν,
976 4852 1069 4920 ἀφ’
1104 4845 1181 4905 ὧν
1221 4853 1382 4907 αύτὸν
1425 4855 1520 4907 καὶ
1558 4855 1929 4926 γνωρίζομεν·

350 4937 448 5001 τὰς
475 4941 585 5011 γὰρ
621 4941 758 5014 ὑπὲρ
779 4944 927 5014 ἡμᾶς
959 4942 1306 5015 ἀθεωρήτους
1329 4948 1463 5016 ἡμῖν
1489 4945 1655 5011 οὔσας
1683 4947 1777 5000 καὶ
1803 4948 1934 5001 άκα-

349 5027 672 5098 ταλήπτους,
697 5033 795 5103 οὐχ
822 5027 932 5086 οἷόν
964 5032 1024 5085 τέ
1059 5035 1175 5087 ἐστι
1204 5034 1370 5107 θνητῇ
1403 5037 1563 5104 φύσει
1592 5038 1929 5109 περιλαϐεῖν.

364 5116 475 5200 ξΑεὶ
505 5120 562 5173 δὲ
597 5124 677 5185 είς
713 5125 861 5194 ἡμᾶς
902 5124 1203 5194 φθάνουσαι
1237 5126 1331 5179 τοῦ
1385 5128 1521 5180 Θεοῦ
1570 5129 1784 5200 ἀρεταὶ,
1837 5130 1932 5199 ἀφ’

350 5199 426 5261 ὧν
455 5211 615 5266 αὑτὸν
653 5214 1017 5287 γινώσκομεν,
1054 5219 1110 5271 αἱ
1142 5218 1318 5288 φωναί
1352 5220 1491 5272 εἰσιν
1518 5216 1694 5277 αὗται.

423 5526 467 5557 ⁸⁸
498 5524 690 5582 Matth.
728 5543 799 5593 v1,
833 5530 921 5585 26.
1000 5533 1044 5563 ⁸⁵
1072 5531 1174 5587 Job
1200 5550 1311 5598 xm,
1340 5531 1390 5585 '7.

425 5709 537 5774 (20)
573 5710 778 5781 Nempe
806 5705 1058 5779 nti-5:3,
1092 5720 1145 5771 in
1170 5721 1311 5774 omni
1331 5722 1433 5776 die.

2038 4600 2178 4640 mus.

2264 4673 2429 4729 Vsus.
2464 4674 2518 4727 7.
2556 4673 2628 4729 Et
2657 4677 2870 4745 Iustitia
2910 4687 3001 4731 tua
3051 4678 3405 4734 exsultabant.

2110 4765 2206 4821 His
2227 4767 2410 4821 verbis
2438 4767 2678 4822 declarat
2707 4767 2798 4824 Dei
2831 4770 3081 4838 virtutes,
3114 4780 3387 4842 quatenus
3414 4770 3481 4825 ad
3518 4787 3619 4828 nos

2040 4857 2355 4922 deveniunt,
2385 4871 2454 4912 ex
2476 4858 2675 4927 quibus
2710 4862 2959 4915 eumdem
2990 4864 3373 4932 cognoscimus
3400 4882 3415 4929 ;
3449 4864 3617 4919 virtu-

2043 4960 2145 5013 tes,
2208 4949 2451 5019 inqnam,
2496 4950 2654 5007 nobis
2706 4954 3039 5021 superiores,
3092 4954 3395 5010 invisibiles
3435 4963 3490 5009 et
3527 4955 3615 5007 iu-

2040 5041 2586 5110 comprehensibiles,
2660 5060 2799 5113 quas
2868 5045 3113 5101 mortalis
3179 5058 3369 5100 natura
3437 5056 3615 5099 mente

2040 5132 2327 5202 complecti
2358 5135 2567 5204 nequit.
2636 5136 2892 5193 Attamen
2955 5138 3046 5193 Dei
3099 5139 3329 5192 virtutes
3358 5146 3615 5208 perpetuo

2041 5223 2106 5278 ad
2151 5240 2252 5279 nos
2284 5226 2658 5295 decurrentes,
2701 5246 2768 5284 ex
2802 5232 3006 5301 quibus
3051 5246 3175 5287 eum
3219 5230 3612 5301 cognoscimus,

2041 5314 2121 5369 ha:
2151 5316 2373 5372 totidem
2405 5334 2568 5375 voces
2595 5331 2742 5377 sunt.

1468 5535 1668 5590 “ibid.
1704 5535 1787 5589 17.
1867 5536 1909 5567 ⁸⁷
1971 5535 2115 5593 Psal.
2167 5554 2334 5607 Lxxu,
2372 5542 2426 5596 ’5.

424 5780 533 5853 (ιιι)
562 5780 949 5855 Observemus,
991 5798 1124 5844 teste
1159 5790 1409 5860 Eusebio,
1464 5793 1769 5865 bynmodia
1793 5792 2121 5863 quotidiana:
2153 5794 2205 5851 in
2238 5796 2477 5853 Ecclesia
2511 5795 2978 5854 consuetudinem.
