4138 6412
519 341 588 397 59
1192 332 1459 390 enses“
1499 327 1983 385 exesammvsns
2018 326 2171 384 ore.
2213 324 2392 382 puts
2427 324 2520 380 tu.
2549 356 2616 365 —
2655 323 3069 379 EXECETICA.
3235 305 3240 310 ’
3704 329 3772 377 συ

623 458 791 511 πω.
813 456 872 510 8.
903 454 1193 509 Βίτωνα
1218 453 1591 576 iniseriam
1623 451 1906 515 Dominus,
1935 458 1992 504 et

1191 538 1418 576 reiaua.

1191 538 1418 593 reliqua.

581 621 723 676 Cum
755 618 887 672 nihil
913 631 1012 672 nos
1037 630 1302 679 essemus,
1329 626 1507 683 neque
1537 613 1718 668 adhuc
1737 611 2090 673 exsistentes,

521 713 573 766 in
605 711 781 764 lucem
811 707 1060 777 protulit.
1097 705 1302 760 Deinde
1331 720 1499 774 prava
1537 704 1707 759 multa
1739 711 1989 773 agentes,
2037 711 2094 756 et

519 803 752 872 superbo
777 807 1089 868 contemptu
1116 799 1380 864 viventes,
1415 813 1520 852 non
1545 812 1644 866 pro
1675 795 1883 850 meritis
1907 808 2094 864 perse-

517 895 722 964 quitur,
771 892 862 948 sed
899 891 1212 954 miseretur,
1241 890 1444 958 diuque
1487 904 1586 944 nos
1629 898 1790 943 vocat
1824 886 1889 940 ad
1919 887 2094 954 poeni-

520 984 764 1049 tentiam,
797 983 922 1051 quia
953 991 1183 1035 mortem
1213 981 1520 1050 peccatoris
1550 994 1654 1034 non
1687 979 1824 1044 vult,
1855 979 1948 1033 sed
1979 995 2093 1033 ma-

516 1075 599 1144 gis
621 1074 739 1146 ejus
766 1073 1170 1142 paenitentiam.
1223 1071 1407 1141 Neque
1444 1072 1518 1126 ita
1547 1087 1674 1142 erga
1724 1086 1851 1125 suos
1882 1081 2088 1124 tantum

519 1183 577 1220 se
600 1166 757 1236 gerit,
787 1165 882 1219 sed
916 1179 1047 1234 erga
1076 1177 1266 1218 omnes
1293 1163 1518 1216 omnino
1544 1180 1558 1225 ;
1587 1170 1671 1216 est
1698 1161 1844 1216 enim
1880 1160 2092 1216 cunctis

517 1257 800 1328 benignus.

552 1434 714 1490 Vatis.
750 1435 804 1490 9.
839 1433 906 1488 Et
941 1434 1454 1554 miserationesiejus
1486 1447 1643 1500 super
1686 1429 1863 1483 omnia
1893 1444 2054 1498 Opera

1173 1519 1286 1554 eius
1331 1518 1433 1554 em.

1173 1518 1433 1569 ejusdem.

583 1593 852 1661 Quoniam
902 1593 1282 1648 miserationes
1335 1591 1452 1662 ejus
1509 1591 1727 1646 cunctis
1794 1590 2089 1661 prmvalent

511 1685 756 1753 ejusdem
784 1686 1062 1754 operibus,
1100 1692 1498 1752 consequenter
1543 1683 1746 1738 dictum
1794 1692 1914 1736 est:
1947 1681 2087 1736 Con-

2119 450 2164 507 Δ
2187 447 2517 514 Οικτίρμων
2540 446 2637 498 καὶ
2660 444 2934 513 ἐλεήμων
2956 446 2988 497 ὀ
3013 444 3246 510 Κύριος,
3273 443 3365 495 καὶ
3387 440 3453 494 τά
3484 439 3766 498 ἀκόλουθα.

2264 599 2354 669 Μὴ
2381 599 2489 668 γάρ
2531 598 2691 661 ὄντας
2719 599 2893 668 ἡμᾶς,
2921 597 3054 668 μηδὲ
3087 596 3422 663 ὑφεστῶτας,
3451 599 3765 670 παρήγαγεν

2191 692 2271 754 εἰς
2302 689 2416 758 φῶς
2435 706 2448 720 ο
2491 685 2612 744 εἶτα
2641 688 2810 742 πολλὰ
2843 688 3086 760 δρῶντας
3127 688 3273 742 κακά
3305 689 3398 742 καὶ
3431 705 3767 760 καταφρονη-

2189 783 2356 846 τικῶς
2404 782 2627 851 ἔχοντας
2682 783 2878 845 αὐτοὺς
2927 782 2987 834 ού
3045 780 3364 852 μετέρχεται
3414 784 3533 834 κατ’
3577 781 3764 846 ἀξίανο

2191 873 2280 944 ὲμ.
2312 912 2327 928 .
2355 873 2411 926 δὲ
2437 875 2595 937 ἐλεεῖ,
2624 873 2761 926 ἀλλά
2792 875 2885 928 καὶ
2923 873 3268 943 μακροθυμεῖ
3294 871 3766 944 προσκαλούμενος

2189 965 2337 1035 ἡμᾶς
2366 965 2446 1027 είς
2483 963 2794 1034 μετάνοιαν,
2829 961 2918 1015 διά
2951 962 3011 1014 τὸ
3049 962 3124 1032 μὴ
3167 961 3450 1031 βούλεσθαι
3479 961 3570 1014 τὸν
3608 961 3769 1014 θάνα-

2189 1073 2279 1108 τον
2326 1055 2420 1108 τοῦ
2466 1054 2812 1127 ἁμαρτωλοῦ,
2862 1055 2938 1118 ὠς
2979 1055 3077 1125 τὴν
3127 1055 3416 1125 μετάνοιαν
3465 1053 3657 1108 αὐτοῦ’
3706 1055 3767 1106 ού

2193 1143 2350 1214 μόνον
2386 1144 2443 1197 δὲ
2486 1144 2614 1214 περὶ
2661 1143 2787 1207 τοὺς
2819 1143 3053 1206 οἰκείους
3095 1141 3253 1195 τοῦτό
3297 1145 3480 1206 ἐστιν,
3512 1141 3647 1196 ἀλλά
3675 1142 3768 1194 καὶ

2190 1235 2319 1306 περὶ
2369 1235 2576 1297 πάντας
2632 1234 3001 1300 ἁπαξαπλῶς,
3061 1233 3184 1287 ἐπεὶ
3232 1234 3326 1286 καὶ
3371 1233 3606 1305 χρηστός
3652 1234 3768 1285 ἐστι

2187 1328 2302 1389 τοῖς
2338 1325 2635 1396 σύμπασιν.

2188 1418 2298 1472 Καὶ
2333 1420 2388 1471 οὶ
2417 1417 2702 1486 οἰκτιρμοί
2735 1417 2920 1471 αὑτοῦ
2945 1415 3041 1469 ἐπὶ
3072 1415 3269 1468 πάντα
3297 1413 3370 1467 τὰ
3395 1415 3539 1483 ἔργα
3560 1414 3766 1468 αὑτοῦ.

2273 1593 2493 1663 Ἐπειδὴ
2532 1594 2581 1645 οἱ
2626 1593 2902 1663 οἱκτιρμοὶ
2947 1589 3111 1645 αὑτοῦ
3159 1591 3251 1643 ὲπὶ
3295 1590 3472 1644 πάντα
3523 1588 3590 1642 τά
3634 1587 3771 1659 ἔργα

2189 1685 2377 1742 αὐτοῦ.
2415 1685 2726 1750 ἀκολούθως
2752 1686 3036 1738 λέλεκται·
3078 1681 3771 1753 Ἐξομολογησάσθωσάν

511 1779 770 1846 [iteantur
803 1778 895 1830 tibi
925 1777 982 1830 in
1007 1778 1182 1830 omnia
1213 1792 1371 1845 opera
1413 1785 1524 1828 tua.
1580 1775 1821 1829 Debetur
1848 1774 1897 1828 ei
1936 1773 2085 1827 insu—

2189 1790 2289 1829 σοι
2322 1774 2520 1829 πάντα
2560 1777 2632 1829 τὰ
2670 1775 2815 1844 ἔργα
2860 1791 3008 1828 σουο
3057 1773 3470 1843 προσοφείλεται
3515 1770 3661 1840 αὐτῷ
3695 1770 3771 1831 ὡς

513 1877 634 1938 per,
660 1879 719 1922 ut
749 1869 878 1939 ipsa:
902 1883 1022 1937 quae
1051 1868 1320 1922 inanimes
1356 1866 1740 1920 existimantur
1798 1875 2083 1930 creaturae,

511 1975 647 2015 voce
673 1961 1061 2030 propemodum
1093 1959 1288 2013 emissa
1322 1958 1528 2026 gratias
1559 1958 1608 2010 ei
1649 1968 1837 2027 agant,
1869 1967 1922 2009 et
1951 1973 2083 2009 con-

513 2050 773 2105 {iteantur
801 2050 1038 2104 creatori
1090 2063 1213 2103 suo.
1260 2047 1562 2116 Participat
1587 2047 1732 2100 enim
1763 2046 2085 2114 sapientiam

509 2141 628 2208 ejus
654 2156 989 2210 unaquaeque
1009 2141 1078 2194 ab
1097 2155 1163 2195 eo
1195 2140 1344 2194 varie
1368 2147 1685 2194 constructa
1721 2147 1997 2200 creatura,
2031 2147 2086 2190 et

509 2234 618 2286 vim
651 2233 948 2288 creationis
985 2231 1223 2287 mirabili
1263 2231 1497 2285 artiﬁcio
1525 2230 1710 2285 sentit.
1759 2227 2088 2298 Specialiter

507 2338 636 2378 vero
665 2323 1045 2393 praecipueque
1075 2323 1249 2378 sancti
1284 2321 1403 2391 ejus
1436 2321 1696 2391 majorem
1750 2319 1925 2374 laudis
1971 2334 2087 2388 par-

509 2425 615 2470 tem
647 2416 996 2470 retribnunt:
1031 2430 1154 2469 nam
1180 2414 1248 2469 iis
1282 2430 1402 2484 qua:
1426 2414 1668 2484 cogitant
1707 2423 1872 2482 atque
1897 2420 2082 2480 agunt,

505 2521 732 2576 regnum
759 2507 878 2574 ejus
906 2507 1228 2577 praedicant,
1263 2507 1318 2561 in
1369 2517 1714 2561 antecessum
1764 2505 1818 2558 id
1858 2503 2087 2558 manife-

507 2607 742 2662 stantes,
769 2606 827 2651 ut
865 2607 1125 2667 tanquam
1155 2598 1206 2652 ei
1242 2599 1558 2660 militantes,
1592 2596 1764 2664 gloria
1791 2597 1900 2650 sint
1934 2595 2084 2664 regni

507 2691 650 2756 ejus.
689 2689 1072 2745 Praedicabunt
1124 2691 1252 2745 item
1301 2690 1715 2744 connaturalem
1760 2705 1928 2760 regno
1967 2690 2085 2758 ejus

506 2781 870 2846 dominatum,
899 2791 954 2837 et
979 2783 1123 2852 quod
1176 2798 1516 2852 unaqumque
1545 2793 1796 2836 creatura
1835 2783 2086 2837 ordinate

505 2874 556 2927 ei
593 2874 801 2928 subest.
839 2873 970 2929 Cum
1014 2876 1124 2928 sint
1177 2873 1423 2930 benevoli
1475 2875 1528 2928 hi
1563 2875 1652 2943 qni
1688 2874 1858 2944 gratia
1893 2883 1978 2927 tua
2015 2875 2084 2928 ad

507 2975 560 3019 te
593 2981 690 3034 per
712 2967 1057 3020 sanctitatem
1084 2967 1335 3022 conversi
1369 2974 1514 3031 sunt,
1551 2967 1690 3020 bona
1726 2981 1824 3020 sua
1855 2965 1975 3020 sine
2005 2965 2082 3019 in-

504 3055 650 3109 vidia
694 3058 1102 3112 communicant
1156 3072 1255 3126 per
1309 3057 1683 3128 magisterium
1736 3057 1863 3112 [iliis
1907 3057 2083 3112 homi-

2189 1866 2285 1920 καὶ
2313 1866 2452 1919 αύτά
2473 1866 2541 1919 τὰ
2570 1865 2903 1936 νομιζόμενα
2933 1861 3072 1918 εἶναι
3097 1863 3300 1933 ἀψυχα,
3339 1862 3521 1932 φωνὴν
3544 1861 3772 1929 ἀφιέντα

2191 1960 2472 2029 μονονουχὶ
2516 1959 2859 2028 εὐχαριστεῖν
2911 1958 3004 2010 καὶ
3048 1955 3482 2026 ἐξομολογεῖσθαι
3524 1953 3600 2023 τῷ
3648 1970 3768 2005 ποι-

2187 2051 2379 2120 ήσαντι
2412 2049 2573 2104 αὑτά.
2600 2049 2837 2120 Μετέχει
2870 2049 2980 2120 γάρ
3006 2047 3103 2117 τῆς
3129 2046 3294 2100 αὑτοῦ
3328 2047 3517 2115 σοφίας
3544 2047 3771 2099 ἕκαστον

2186 2141 2351 2195 αὑτοῦ
2394 2141 2504 2194 τῶν
2552 2142 2731 2213 ἔργων
2783 2143 3044 2206 ποικίλως
3097 2141 3622 2210 κατεσκευασμένον,
3677 2141 3771 2194 καὶ

2187 2233 2474 2300 πανσόφως
2543 2235 2767 2304 μετέχον
2839 2233 2939 2303 τῆς
2995 2234 3394 2304 δημιουργικῆς
3453 2233 3767 2301 δυνάμεωςο

2185 2325 2583 2396 ἀφωρισμένως
2640 2325 2697 2379 δὲ
2743 2326 2835 2379 καὶ
2890 2326 3184 2398 ἐξαιρέτως
3218 2329 3266 2379 οἱ
3313 2328 3450 2380 ὅσιοι
3503 2325 3664 2378 αὑτοῦ
3710 2325 3772 2378 τὸ

2189 2417 2372 2489 μεῖζον
2412 2417 2511 2487 τῆς
2560 2418 2998 2489 ὲξομολογήσεως
3049 2419 3398 2472 ἀποδιδόασι·
3445 2419 3512 2472 δι’
3545 2412 3619 2471 ὧν
3663 2418 3770 2488 γὰρ

2186 2510 2443 2582 φρονοῦσι
2491 2513 2584 2564 καὶ
2621 2511 2937 2581 πράττουσι,
2967 2510 3064 2581 τὴν
3095 2511 3368 2579 βασιλείαν
3410 2510 3573 2564 αὑτοῦ
3622 2511 3771 2582 ἐροῦ-

2188 2621 2293 2667 σιν,
2326 2605 2713 2675 ἐμφανίζοντες
2750 2603 3182 2675 προγευστικῶς,
3216 2602 3292 2666 ὼς
3329 2603 3478 2672 αὐτῷ
3516 2619 3770 2674 στρατευ‹

2188 2700 2411 2768 σάμενοι
2441 2696 2600 2762 δόξαν
2629 2692 2769 2750 εἶναι
2803 2697 2901 2766 τῆς
2943 2696 3222 2766 βασιλείας
3251 2694 3416 2749 αὑτοῦ
3437 2712 3450 2725 ο
3479 2695 3770 2766 λαλήσουσι

2185 2791 2242 2844 δὲ
2285 2790 2379 2843 καὶ
2421 2790 2645 2860 συμφυῆ
2683 2788 3003 2844 δυναστείαν
3035 2791 3101 2859 τῇ
3140 2788 3412 2860 βασιλείᾳ,
3460 2789 3534 2853 ὼς
3563 2789 3769 2842 ἕκαστα

2183 2879 2290 2932 τῶν
2315 2879 2628 2949 κτισμάτων
2660 2878 2974 2949 τεταμένως
3011 2876 3160 2948 αύτῷ
3193 2877 3556 2930 ὑποτέτακται
3575 2895 3588 2908 ·
3618 2879 3770 2942 ὄντες

2185 2970 2556 3044 φιλάνθρωποι
2584 2971 2633 3023 οἱ
2663 2969 2765 3040 τῆς
2799 2968 2936 3040 πρὸς
2964 2969 3025 3022 σὲ
3055 2970 3150 3022 καὶ
3182 2968 3332 3038 παρά
3360 2969 3453 3021 σοῦ
3493 2969 3768 3038 ὁσιότητος

2187 3062 2662 3134 μεταποιούμενοι,
2703 3059 2954 3130 ἀφθόνως
2991 3054 3065 3114 ὧν
3097 3059 3253 3130 ἔσχον
3283 3059 3503 3128 ἀγαθῶν
3550 3061 3767 3131 μεταδι-

506 3161 658 3202 num.
717 3145 918 3202 Rerum
976 3149 1374 3214 tantummodo,
1418 3163 1539 3218 quae
1585 3149 1880 3204 humanam
1912 3149 2080 3202 vitam

2184 3157 2336 3210 δόασι
2384 3157 2497 3218 τοῖς
2541 3154 2650 3207 τῶν
2684 3150 2990 3222 ἀνθρώπων
3033 3151 3168 3214 υἱοῖς
3201 3150 3623 3216 διδασκαλικῶς·
3673 3149 3769 3221 μό-

504 3240 798 3301 excedunt,
828 3240 1092 3310 magister
1133 3249 1298 3310 atque
1331 3249 1648 3295 antecessor
1674 3239 1928 3294 Christus
1960 3247 2042 3293 est
2068 3254 2086 3303 ;

507 3345 632 3384 cum
665 3329 700 3384 ii
733 3331 828 3400 qui
859 3332 1037 3385 adhuc
1065 3331 1159 3385 ﬁlii
1192 3331 1472 3386 hominum
1501 3341 1678 3396 erant,
1727 3331 1970 3399 magistri
1998 3345 2086 3385 es-

504 3431 625 3475 sent
654 3419 832 3478 eﬂecti
877 3424 943 3478 ab
971 3424 1039 3479 iis
1077 3439 1218 3494 quos
1267 3425 1386 3494 ipse
1436 3423 1695 3478 Christus
1742 3425 2083 3478 erudiverat.

503 3511 704 3567 Paulus
733 3514 903 3586 igitur
935 3530 1040 3570 non
1092 3516 1158 3570 ab
1184 3515 1519 3581 hominibus,
1557 3525 1653 3569 aut
1680 3531 1779 3582 per
1807 3515 2080 3578 homines,

502 3603 598 3658 sed
627 3619 656 3657 a
687 3606 1024 3662 revelatione
1053 3606 1180 3663 Jesu
1210 3607 1412 3663 Christi
1448 3617 1673 3678 accepto
1703 3606 2075 3677 Evangelio“,

505 3695 667 3764 idque
703 3696 947 3764 edoctus,
1005 3699 1251 3768 gentium
1304 3698 1497 3754 doctor
1525 3699 1578 3753 in
1609 3697 1714 3752 ﬁde
1761 3712 1826 3752 ac
1855 3697 2083 3752 veritate

501 3788 692 3843 evasit.
725 3787 865 3855 Quin
892 3789 1028 3844 adeo
1065 3788 1330 3850 Servator
1373 3790 1490 3860 ipsc
1538 3788 1686 3844 misit
1709 3789 1982 3859 apostolos
2013 3790 2080 3844 ad

501 3879 777 3936 docendas
828 3892 1051 3952 gentes;
1105 3895 1245 3951 quos
1291 3889 1454 3934 antea
1506 3890 1793 3935 monuerat
1822 3895 1890 3936 ne
1916 3895 2079 3950 quem

502 3971 824 4042 magistrum
882 3973 936 4026 in
981 3981 1127 4025 terra
1165 3971 1526 4039 appellarent.
1573 3972 1703 4039 Quae
1744 3987 1875 4042 ergo
1918 3973 1987 4027 ab
2015 3988 2080 4028 eo

503 4061 684 4114 sancti
718 4062 954 4126 discunt,
988 4063 1104 4116 hazc
1135 4061 1262 4114 liliis
1293 4062 1578 4116 hominum
1612 4063 1918 4119 notiticant.

2177 3241 2287 3300 ’νων
2316 3246 2426 3318 γάρ
2457 3245 2566 3300 τῶν
2610 3245 2708 3314 τὴν
2741 3244 3087 3316 ἀνθρωπίνην
3122 3243 3267 3314 ζωὴν
3295 3242 3771 3315 ὑπεραναϐεϐηκό-

2180 3357 2288 3392 των
2329 3337 2650 3400 διδάσκαλος
2693 3335 2786 3388 καὶ
2821 3335 3137 3407 καθηγητὴς
3178 3338 3207 3389 6
3251 3335 3506 3408 Χριστὸς,
3546 3335 3655 3388 τῶν
3688 3335 3769 3387 ἔτι

2180 3428 2556 3498 τυγχανόντων
2594 3425 2728 3479 υἱῶν
2764 3425 3066 3497 ἀνθρώπων
3097 3425 3434 3480 διδασκάλων
3468 3425 3769 3496 γινομένων

2183 3519 2288 3572 ὑπὸ
2315 3519 2428 3572 τῶν
2461 3518 2565 3571 ὑπὸ
2602 3517 2841 3588 Χριστοῦ
2871 3517 3318 3589 πεπαιδευμένων
3337 3535 3350 3547 ’
3396 3516 3608 3580 Παῦλος
3638 3517 3770 3586 γοῦν

2183 3616 2211 3668 6
2245 3612 2319 3684 μὴ
2353 3610 2507 3682 παρά
2531 3609 2833 3682 ἀνθρώπων
2851 3609 2998 3680 ,ἡδί
3025 3608 3348 3680 ἀνθρώπων,
3375 3608 3513 3662 ἀλλά
3538 3610 3604 3663 δι’
3634 3612 3772 3664 ἀποο-

2185 3702 2471 3771 καλύψεως
2499 3700 2672 3771 Ἰησοῦ
2695 3700 2930 3772 Χριστοῦ
2955 3697 3288 3771 παραλύων
3310 3699 3401 3752 καὶ
3419 3700 3688 3770 διδαχθεὶς
3709 3702 3775 3753 τὸ

2185 3791 2538 3862 Εὑαγγέλιον,
2560 3791 2879 3855 διδάσκαλος
2903 3790 3071 3844 ἐθνῶν
3097 3792 3154 3843 ὲν
3178 3790 3358 3843 πίστει
3394 3792 3488 3844 καὶ
3509 3791 3736 3863 ἀληθεία
3751 3811 3765 3823 ο

2185 3882 2377 3953 ἀμέλει
2405 3881 2537 3952 γοῦν
2579 3882 2673 3938 καὶ
2705 3882 2870 3943 αὐτὸς
2897 3867 2930 3934 6
2957 3882 3149 3953 Σωτὴρ
3175 3881 3448 3952 ἐκπέμπει
3482 3883 3606 3946 τοὺς
3643 3884 3775 3936 ἀπο-

2187 3975 2407 4040 στόλους
2437 3975 2529 4028 ὲπὶ
2555 3975 2633 4046 τῷ
2666 3974 3007 4047 μαθητεῦσαί
3033 3975 3208 4029 πάντα
3237 3973 3307 4026 τά
3334 3974 3483 4044 ἔθνη,
3507 3975 3776 4046 πρότερον

2186 4067 2480 4130 παιδεύσας
2501 4068 2700 4131 αὐτοὺς
2725 4067 2800 4138 μὴ
2825 4067 3010 4121 καλεῖν
3044 4066 3364 4121 διδάσκαλον
3391 4067 3486 4121 ἐπὶ
3511 4068 3611 4139 τῆς
3634 4068 3765 4138 γῆς·

500 4149 538 4204 ἀ
566 4149 744 4205 τοίνυν
767 4155 896 4226 παρ’
920 4153 1085 4208 αύτοῦ
1120 4154 1481 4226 μανθάνουσιν
1521 4157 1570 4209 οἱ
1609 4158 1765 4223 ὅσιοι,
1794 4157 2116 4229 γνωρίζουσι
2135 4162 2247 4223 τοῖς
2281 4159 2390 4213 τῶν
2419 4159 2721 4231 ἀνθρώπων
2749 4161 2904 4224 υἱοῖς.

574 4267 739 4324 Vens.
779 4271 866 4324 M.
906 4269 1108 4326 Fidelis
1150 4271 1412 4326 Dominus
1443 4274 1496 4328 in
1519 4275 1849 4330 sermonibus
1873 4280 2004 4332 suis.

573 4381 776 4437 Fidelis
821 4383 985 4447 Deus,
1024 4401 1130 4440 non
1178 4388 1333 4456 quasi
1374 4387 1534 4442 [idem
1580 4389 1937 4458 participans,
1981 4390 2074 4443 sed

2384 4275 2603 4338 Πιστὸς
2632 4275 2848 4342 Κύριος
2875 4273 2946 4325 ἐν
2968 4271 3095 4336 τοῖς
3121 4273 3328 4340 λόγοις
3359 4270 3564 4325 αὑτοῦ.

2255 4385 2452 4448 Πιστὸς
2487 4384 2543 4436 δὲ
2577 4385 2605 4436 6
2642 4382 2776 4446 Θεὸς
2818 4382 2917 4451 οὐχ
2955 4381 3032 4444 ὡς
3074 4380 3317 4450 μετέχων
3352 4381 3619 4444 πίστεως,
3654 4380 3770 4433 ἀλλ’

499 4474 630 4543 quia
687 4474 792 4529 ﬁde
849 4476 1044 4544 dignus
1089 4478 1315 4534 dicitur.
1367 4481 1574 4534 Cuncta
1599 4481 1744 4534 enim
1770 4497 1890 4549 qua:
1915 4481 2073 4544 dicit,

2184 4475 2253 4538 ὼς
2286 4475 2597 4540 ἀξιόπιστος
2635 4474 2880 4544 εἴρηταιο
2913 4471 3092 4526 πάντα
3137 4472 3246 4544 γὰρ
3283 4473 3318 4527 ἀ
3355 4473 3503 4542 λέγει
3535 4475 3765 4542 γίνεταισ

501 4574 660 4630 ιιιιιιι,
686 4563 840 4632 juxta
869 4566 1000 4621 illud
1036 4585 1049 4621 :
1095 4567 1218 4638 Ipse
1247 4571 1418 4625 dixit:
1451 4568 1642 4625 Nonne
1669 4571 1851 4640 faciet,
1879 4581 1927 4624 et
1969 4588 2075 4624 non

2181 4567 2321 4621 κατά
2351 4567 2432 4630 τὸ,
2465 4565 2660 4633 Αὐτὸς
2689 4561 2879 4618 εἶπεν
2911 4563 3058 4634 Οὐχὶ
3094 4565 3332 4630 ποιήσει
3369 4565 3466 4618 καὶ
3499 4566 3634 4634 οὐκὶ
3669 4566 3770 4635 ἑμ-

499 4658 734 4710 manebit
773 4657 859 4711 "‘3
886 4659 1110 4729 Insuper
1153 4661 1325 4716 illud:
1369 4661 1569 4716 Caelum
1631 4673 1679 4716 et
1723 4675 1863 4717 terra
1897 4673 2077 4716 trans-

2184 4659 2375 4730 μενεῖ;
2397 4659 2547 4729 λέγει
2569 4660 2627 4713 δὲ
2661 4660 2756 4713 καὶ
2787 4660 2868 4712 τό·
2908 4660 2970 4713 '0
3001 4658 3257 4727 oivparbc
3291 4658 3390 4712 καὶ
3424 4660 3461 4726 ὴ
3505 4657 3581 4728 γῆ
3620 4672 3768 4728 παρη

499 4749 674 4814 ibnnl,
692 4765 956 4803 sermones
984 4763 1160 4805 autem
1187 4753 1284 4806 mei
1309 4770 1410 4807 non
1433 4755 1860 4821 praeteribunt".
1890 4753 2076 4808 Justus

500 4840 629 4894 item
664 4849 769 4907 est,
811 4852 1078 4911 quatenus
1109 4844 1420 4914 impertitur
1463 4847 1732 4901 creaturis
1777 4847 1888 4901 suis
1914 4846 2078 4914 justi-

502 4933 673 4987 tiam:
724 4934 885 4988 sicuti
924 4936 1092 4989 etiam
1141 4947 1362 4990 sanctus
1397 4937 1450 4992 in
1487 4937 1574 5002 iis,
1606 4939 1696 5007 qui
1727 4937 2076 4992 sanctitatem

497 5024 621 5091 ejus
641 5025 992 5094 participant.
1035 5027 1274 5096 Denique
1316 5029 1583 5098 sapientia
1627 5029 1887 5084 Servator
1910 5037 1996 5081 est
2025 5027 2078 5080 in

499 5123 590 5176 ιιι».
617 5119 708 5185 qui
739 5117 917 5172 instar
939 5117 1054 5186 ejus
1079 5121 1352 5190 sapientes
1381 5131 1524 5178 sunt.

499 5203 662 5260 Vens.
702 5207 792 5264 15.
832 5207 912 5264 Τιι
935 5210 1031 5264 das
1055 5226 1227 5264 escam
1252 5211 1468 5265 illorum
1502 5221 1732 5280 tempore
1756 5217 2072 5277 opportuno.

575 5296 664 5351 Ait
687 5300 853 5353 etiam
881 5301 1150 5356 Eusebius
1175 5303 1344 5356 Deum
1374 5318 1481 5356 non
1505 5310 1718 5354 tantum
1746 5313 1869 5354 esse
1896 5298 2078 5369 lapso-

503 5400 624 5440 rum
669 5391 939 5446 medicum
984 5403 1041 5449 et
1087 5394 1493 5449 contractorum
1533 5401 1872 5460 sanatorem,
1897 5397 1992 5448 sed
2023 5401 2080 5448 et

2183 4754 2518 4817 ελεύσεται,
2569 4756 2623 4806 οἱ
2675 4751 2744 4806 δὲ
2776 4753 2946 4823 λόγοι
2979 4769 3100 4822 μου
3143 4753 3215 4805 οὐ
3261 4752 3348 4821 μὴ
3398 4751 3762 4820 παρέλθωσι.

2180 4845 2290 4898 Καὶ⁹
2332 4845 2477 4908 ὅσιος
2515 4844 2594 4908 δὲ,
2629 4844 2706 4908 ὡς
2761 4845 3038 4915 ὁσιότητος
3079 4843 3396 4914 μεταδιδοὺς
3436 4847 3547 4902 τοῖς
3585 4843 3769 4914 ἔργοις

2185 4935 2372 4988 αὐτοῦ’
2408 4935 2602 5008 ὥσπερ
2634 4935 2729 4990 καὶ
2763 4936 2915 5004 ἆγιος
2945 4938 3003 4989 ὲν
3026 4938 3139 5000 τοῖς
3175 4933 3461 5004 μετέχουσι
3494 4935 3594 5004 τῆς
3625 4933 3770 5002 ἀγιό-

2183 5041 2346 5095 τητος
2387 5025 2552 5079 αὐτοῦ
2572 5042 2586 5056 ο
2625 5027 2718 5079 καὶ
2748 5026 2909 5096 σοφία
2935 5025 3086 5079 ἐστὶν
3116 5024 3145 5076 6
3179 5024 3370 5095 Σωτὴρ
3407 5025 3464 5076 ὲν
3502 5027 3615 5087 τοῖς
3648 5024 3767 5077 κατ’

2185 5117 2346 5170 αὐτὸν
2379 5121 2581 5187 σοφοῖς.

2290 5210 2372 5263 Σὺ
2410 5210 2588 5276 δίδως
2627 5209 2740 5279 τὴν
2773 5211 3006 5280 τροφὴν
3037 5208 3236 5262 αὐτῶν
3264 5209 3334 5260 ἐν
3369 5208 3655 5276 εὐκαιρίᾳ.

2253 5301 2389 5370 Φησὶ
2435 5301 2492 5354 δὲ
2523 5304 2616 5355 καὶ
2651 5305 2680 5356 6
2707 5302 2965 5364 Εὐσέϐιος
3007 5301 3142 5370 (-22),
3172 5299 3248 5362 ὡς
3284 5299 3345 5352 ού
3388 5298 3546 5369 μόνον
3584 5296 3766 5368 ἰατρός

2184 5395 2332 5447 ἐστιν
2360 5396 2388 5448 ὁ
2417 5394 2549 5458 Θεὸς
2587 5394 2697 5448 τῶν
2728 5394 3119 5457 πεπτωκότων,
3155 5393 3249 5445 καὶ
3284 5391 3627 5463 θεραπευτὴς
3658 5388 3766 5442 τῶν

609 5569 872 5638 "631.1,
918 5575 970 5630 1.
1044 5573 1254 5631 "Num.
1295 5591 1453 5642 χχιιι,
1487 5575 1574 5631 i9.
1643 5575 1690 5606 ⁷⁸
1740 5573 1872 5634 Luc.
1924 5591 2043 5642 ut,
2084 5577 2174 5632 53.

577 5708 692 5778 (2'2)
735 5708 955 5764 Eusebii
997 5727 1193 5766 nomen
1227 5713 1278 5766 in
1328 5712 1611 5767 codicibus
1648 5728 1785 5781 quos
1823 5713 2074 5768 adhibui-

508 5794 628 5834 mus
667 5789 984 5836 constanter
1035 5784 1087 5838 in
1147 5784 1486 5854 marginibus
1533 5783 1791 5840 scribitur
1840 5786 2079 5840 omnium

2184 5727 2306 5781 qua:
2331 5711 2602 5764 edidimus
2623 5707 3221 5781 fragmentorumJloe
3283 5716 3464 5760 tamen
3505 5705 3622 5781 loco
3666 5719 3743 5757 au

2189 5778 2309 5839 etor
2333 5781 2552 5838 Catena:
2579 5778 2785 5838 codicis
2818 5781 2858 5837 C
2884 5781 3052 5835 etiam
3085 5780 3136 5836 in
3171 5788 3428 5836 contextu
3457 5778 3656 5845 posuit.
