4138 6402
371 338 435 393 61
838 386 841 395 ,
1499 340 1951 399 COMMENTARI

2062 347 2101 403 Ν
2143 350 2267 407 PSA
2277 352 2367 409 LM
2375 354 2478 412 03.
3568 364 3638 419 α

375 456 857 529 κατερῤαγμένων,
904 456 1041 511 ἀλλά
1086 458 1181 511 καῖ
1234 461 1468 531 τροφεὺς
1508 462 1625 515 τῶν
1660 464 1951 519 ἁπάντων·

2062 474 2302 529 omninm
2331 477 2687 533 nutritum.
2736 478 3107 546 Quamobrem
3126 484 3374 538 omnium
3402 490 3513 536 tam
3538 500 3635 535 ut.

374 549 457 605 διὸ
496 550 589 603 καὶ
616 548 834 603 πάντων
862 549 970 603 τῶν
1001 550 1232 618 λογικῶν
1262 569 1323 605 τε
1357 553 1452 606 καὶ
1488 555 1698 623 ἀλόγων
1726 556 1881 621 ζώων
1909 562 1957 612 οἱ

378 636 646 706 ὀφθαλμοὶ
686 635 798 690 ἀνω
829 639 909 700 εἰς
938 638 1101 691 αὑτὸν
1130 640 1515 707 ἀναϐλέπουσι,
1563 645 1658 698 καὶ
1704 651 1958 716 φυσικαῖς

376 746 486 784 τισι
530 729 625 782 καί
660 728 935 793 διδακταῖς
967 733 1166 802 ὁρμαῖς
1216 734 1352 805 πρὸς
1400 735 1563 788 αὐτὸν
1601 736 1817 792 πάντων
1855 740 1958 807 ἀφ-

376 822 646 895 ορώντων,
686 823 849 887 αὐτὸς
877 821 965 878 οἷα
1010 826 1195 899 πατὴρ
1230 828 1436 896 ἀγαθὸς
1484 830 1584 894 τὰς
1612 832 1819 902 τροφὰς
1846 834 1959 896 τοῖς

376 922 587 988 καιροῖς
613 918 932 990 ἐπιτηδείως
966 911 1154 975 ἄλλοτε
1182 920 1346 985 ἄλλας
1376 927 1623 995 χορηγεῖ,
1653 928 1766 987 τοῖς
1795 926 1959 979 πᾶσιν

375 1011 476 1083 τὴν
508 1014 670 1084 χείρά
688 1030 747 1066 τε
784 1013 883 1083 τὴν
920 1013 1340 1087 δημιουργικὴν,
1369 1016 1616 1069 τουτέστι
1653 1018 1753 1088 τὴν
1801 1017 1961 1071 δύνα-

381 1121 494 1174 μιν,
530 1102 778 1168 ὲξαπλῶν
807 1104 1057 1174 ἀφθόνως
1089 1107 1183 1159 καὶ
1226 1107 1644 1171 ἀνεπικωλύτως
1682 1110 1789 1162 πᾶν
1820 1107 1957 1172 ζῶον

379 1195 686 1267 ἐμπίπλησι
712 1196 813 1268 τῆς
843 1196 953 1250 τῶν
994 1199 1084 1252 ὑπ’
1114 1198 1279 1252 αὐτοῦ
1317 1199 1674 1271 δωρουμένων
1715 1200 1959 1254 ἀπολαύ-

378 1304 534 1351 σεως.

389 1379 603 1449 Ἐγγύς
645 1382 860 1449 Κύριος
892 1380 1041 1503 πᾱὲγι
1081 1381 1733 1505 Ξοὶῖςθέῗικαλουμένοις
1772 1382 1961 1437 αὑτὸν

1010 1468 1045 1503 ν
1166 1470 1203 1505 n
1242 1468 1273 1504 ε
1297 1469 1354 1505 α.

1010 1468 1045 1503 ν
1085 1468 1354 1520 annon-ria.

403 1620 410 1627 _
446 1537 578 1596 Εἶτα
611 1542 797 1615 ἐπειδὴ
825 1544 1018 1612 ὀλίγων
1052 1546 1169 1598 ἐστὶ
1197 1545 1258 1598 τὸ
1286 1544 1548 1599 δύνασθαι
1575 1546 1959 1618 ἐπιστημόνως

375 1635 536 1689 αὐτὸν
590 1636 988 1703 ἐπικαλεῖσθαι,
1042 1638 1137 1692 καὶ
1198 1637 1588 1702 καταξιοῦσθαι
1644 1639 1811 1693 αὐτοῦ
1861 1640 1961 1710 τῆς

376 1728 565 1800 ἀκοῆς,
611 1728 862 1799 ἐπιφέρει
909 1730 1225 1797 ἀναγκαίως
1268 1729 1627 1784 ὲπαναλαϐὼν
1662 1731 1753 1784 τὸν
1802 1730 1959 1799 λόγον

2059 565 2340 621 tionalium
2384 585 2552 639 quam
2602 573 2771 626 etiam
2816 575 3217 629 irrationalium
3266 576 3634 631 animantium

2059 659 2200 714 oculi
2228 660 2296 713 ad
2328 676 2452 715 eum
2501 664 2829 733 suspiciunt,
2880 676 2934 721 et
2982 667 3327 723 naturalibus
3352 668 3638 736 insitisque

2062 752 2301 806 motibus
2342 752 2488 807 illum
2519 766 2791 825 spectant,
2839 760 2963 813 dum
3007 760 3123 828 ipse
3163 768 3221 814 ut
3268 761 3446 814 bonus
3482 769 3639 830 pater

2062 845 2401 914 temporibus
2429 847 2638 903 idoneis
2686 864 2841 905 escas
2888 852 3062 905 modis
3092 852 3259 906 variis
3306 853 3635 923 suppeditat,

2058 937 2382 1006 cunctisque
2428 954 2650 994 manum
2700 957 2851 995 suam
2892 944 3239 1009 creatricem,
3279 943 3330 997 id
3358 954 3443 999 est
3483 958 3635 997 suam

2065 1026 2347 1095 virtutem,
2399 1029 2741 1086 abundanter
2764 1042 2818 1086 et
2841 1034 2959 1087 sine
2987 1034 3096 1089 ullo
3123 1034 3509 1104 impedimento
3535 1036 3638 1088 im-

2058 1121 2329 1189 pertiens,
2383 1137 2546 1177 omne
2605 1125 2809 1179 animal
2851 1124 3035 1195 replet
3098 1127 3362 1181 donorum
3414 1143 3634 1182 suorum

2061 1209 2257 1266 fructu.

2072 1386 2232 1448 Vsus.
2270 1391 2360 1447 i8.
2392 1390 2566 1462 Prope
2602 1403 2676 1446 est
2718 1393 2974 1475 Dominus
3008 1395 3245 1447 omnibus
3276 1394 3637 1447 invocantibus

2609 1481 2725 1518 eum
2768 1467 2821 1517 in
2856 1467 3092 1517 ueritate.

2136 1553 2345 1609 Deinde
2368 1556 2494 1625 quia
2532 1571 2828 1627 paucorum
2865 1567 2951 1613 est
2995 1557 3268 1627 sapienter
3313 1571 3434 1611 eum
3468 1556 3639 1639 ηἰηνο-

2062 1660 2211 1714 care,
2241 1657 2407 1717 atque
2440 1647 2557 1716 ejus
2581 1649 2933 1713 exauditione
2966 1649 3160 1719 dignos
3194 1650 3406 1715 haberi,
3447 1664 3637 1704 neces-

2062 1741 2208 1796 sario
2238 1756 2548 1796 sermonem
2580 1757 2870 1797 resumens
2907 1742 3017 1796 ait:
3054 1757 3161 1795 non
3198 1741 3450 1796 omnibus
3487 1741 3639 1794 invo-

377 1818 471 1873 καὶ
510 1819 676 1889 φησὶν
706 1819 787 1872 ὅτι
841 1819 900 1872 ού
950 1821 1085 1873 πᾶσι
1118 1822 1232 1883 τοῖς
1273 1820 1728 1891 ἐπικαλουμένοις
1777 1821 1957 1886 αὐτὸν,

2067 1832 2320 1888 cantibus
2361 1847 2507 1897 eum,
2564 1833 2657 1887 sed
2704 1832 2773 1888 iis
2808 1832 3184 1887 tantummodo
3221 1833 3309 1902 qui
3340 1847 3463 1887 cum
3497 1832 3641 1884 veri-

377 1910 513 1970 ἀλλά
544 1910 723 1981 μόνοις
750 1912 861 1974 τοῖς
900 1907 961 1964 ὲ⁶ν
1007 1910 1235 1983 ἀληθείᾳ
1269 1909 1427 1965 τοῦτο
1461 1911 1796 1982 πράττουσιν
1834 1912 1959 1964 ὲπι-

376 2004 662 2074 τυγχάνει·
712 2003 821 2057 τῶν
873 2004 980 2076 γὰρ
1021 2004 1097 2076 μὴ
1141 2003 1400 2059 τοιούτων
1454 2004 1671 2075 μακρὰν
1717 2005 1959 2073 ἀφέστη-

376 2113 499 2149 κεν·
535 2091 617 2159 οἷς
654 2096 748 2148 καὶ
786 2095 984 2166 φησίν·
1028 2100 1097 2151 Αἱ
1131 2097 1407 2167 ἁμαρτίαι
1435 2096 1604 2167 ὑμῶν
1646 2095 1962 2151 διιστῶσιν

373 2187 491 2247 ἀνὰ
512 2186 708 2256 μέσον
733 2186 880 2257 ἐμοῦ
907 2186 1004 2241 καὶ
1034 2185 1231 2256 ὑμῶν·
1262 2190 1392 2261 περὶ
1421 2188 1627 2241 τούτων
1655 2188 1712 2241 δὲ
1745 2190 1840 2243 καὶ
1866 2188 1962 2242 ἀλ-

375 2277 540 2349 λαχοῦ
590 2280 837 2334 λέλεκται
861 2296 873 2310 ·
940 2281 1096 2333 Διότι
1153 2283 1207 2333 οἱ
1239 2280 1652 2348 μακρύνοντες
1707 2279 1962 2345 ἑαυτοὺς

377 2371 495 2425 ἀπὸ
547 2372 663 2427 σοῦ
703 2371 1087 2427 ἀπολοῦνται.
1136 2372 1279 2425 nam
1322 2371 1421 2443 μὲν
1462 2367 1554 2426 οὖν
1606 2373 1773 2441 ἐγγὺς
1819 2372 1961 2426 κατὰ

377 2464 634 2537 πρόνοιαν
652 2506 668 2531 ,
706 2465 847 2520 κατά
878 2465 1061 2535 σχέσιν
1091 2465 1148 2517 δὲ
1184 2468 1295 2528 τοῖς
1332 2465 1429 2519 σὺν
1459 2465 1738 2536 ἐπιστήμῃ
1765 2464 1961 2518 καλοῦ-

379 2572 467 2615 σι·
501 2555 661 2608 τοῦτο
688 2556 796 2626 γὰρ
821 2555 903 2617 τὸ,
932 2556 1004 2608 ἐν
1043 2555 1315 2622 ἀληθείᾳ.
1353 2584 1421 2596 -ι
1465 2555 1620 2609 Μετὰ
1646 2556 1745 2627 τὴν
1774 2558 1960 2627 κοινὴν

372 2648 430 2700 δὲ
467 2646 723 2719 πρόνοιαν
768 2646 1046 2717 ἐξαίρετον
1099 2645 1199 2716 τὴν
1228 2647 1356 2717 περὶ
1383 2645 1492 2699 τῶν
1528 2645 1737 2699 πιστῶν
1765 2648 1960 2718 ἐπενή-

373 2757 519 2812 νοχε,
554 2741 614 2794 τὸ
646 2740 901 2794 τοιούτων
931 2740 1099 2809 ὲγγὺς
1144 2736 1315 2804 εἶναι,
1360 2742 1454 2795 καί
1485 2740 1746 2812 μειζόνως
1778 2740 1959 2795 αὐτῶν

377 2832 741 2903 προνοεῖσθαι.

376 2926 626 2980 Αἵνεσιν
651 2925 874 2993 Κυρίου
916 2924 1177 2996 λαλήσει
1207 2924 1276 2978 τὸ
1310 2926 1507 2995 στόμα
1546 2944 1687 2996 μου,
1725 2926 1823 2979 καὶ
1855 2928 1955 2981 εὑ-

409 2996 656 3069 λογείτω
694 2995 864 3049 πᾶσα
895 2995 1051 3063 σὰρξ
1081 2996 1147 3049 τὸ
1186 2996 1375 3065 ὄνομα
1411 2997 1477 3050 τὸ
1511 2996 1683 3067 ἅγιον
1712 2997 1918 3051 αὑτοῦ.

444 3088 594 3152 Τέως
628 3088 724 3158 μὲν
755 3085 921 3139 αἰνῶν
947 3086 1006 3138 οὐ
1036 3085 1292 3155 διαλείψω
1320 3086 1474 3140 Θεόν.
1500 3086 1744 3158 Εύχομαι
1770 3087 1828 3139 δὲ
1865 3086 1962 3139 καὶ

2067 1934 2177 1980 tate
2216 1926 2269 1979 id
2313 1934 2505 1995 agunt,
2540 1927 2789 1981 occurrit
2822 1945 2837 1983 :
2886 1942 3120 1996 namque
3157 1926 3226 1980 ab
3258 1927 3327 1980 iis
3357 1925 3447 1994 qui
3484 1923 3641 1978 aliter

2064 2032 2122 2073 se
2160 2017 2385 2084 habent,
2416 2018 2577 2087 longe
2617 2017 2794 2073 abest.
2832 2017 3038 2084 Quibus
3063 2018 3227 2073 etiam
3270 2019 3379 2072 ait:
3413 2014 3641 2071 Peccata

2062 2121 2235 2164 vestra
2262 2126 2344 2163 me
2380 2127 2411 2163 a
2452 2110 2596 2163 vobis
2636 2110 2973 2178 separant“.
3010 2110 3086 2165 De
3134 2111 3219 2165 his
3258 2110 3387 2165 alibi
3423 2125 3643 2179 quoque

2063 2202 2270 2256 dictum
2326 2212 2450 2254 est:
2501 2197 2764 2265 Quoniam
2792 2200 2885 2268 qui
2932 2219 2962 2253 a
3002 2211 3051 2255 te
3100 2218 3155 2255 se
3196 2200 3463 2271 elangant,
3524 2219 3645 2272 per-

2064 2294 2305 2347 ibunt".
2339 2291 2566 2347 Cunctis
2603 2293 2787 2361 itaque
2826 2294 3169 2362 providentia
3206 2308 3300 2347 sua
3345 2308 3512 2363 prope
3555 2294 3644 2348 ad-

2074 2395 2180 2452 est,
2213 2385 2306 2441 sed
2339 2395 2518 2439 tamen
2549 2386 2692 2455 quod
2717 2384 2779 2438 ad
2822 2384 3072 2440 allectum
3103 2386 3322 2449 attinet,
3366 2388 3520 2439 adest
3567 2385 3644 2437 in-

2064 2477 2388 2533 vocantibus
2415 2492 2541 2531 cum
2576 2477 2880 2547 sapientia;
2908 2477 2959 2531 id
2985 2478 3127 2531 enim
3165 2475 3438 2547 signiﬁcat
3466 2477 3524 2528 in
3559 2492 3644 2528 ve-

2065 2570 2248 2624 ritate.
2313 2568 2443 2624 Post
2493 2570 2801 2641 generalem
2864 2569 3283 2640 providentiam,
3348 2566 3640 2637 specialem

2064 2676 2193 2731 erga
2247 2661 2431 2717 ﬁdeles
2478 2662 2683 2729 intulit,
2740 2676 2930 2731 nempe
2978 2660 3121 2731 quod
3157 2661 3242 2716 his
3279 2674 3449 2730 prope
3477 2658 3638 2720 adsit,

2063 2754 2351 2825 magisque
2391 2754 2659 2810 consulat.

2066 2930 2234 2986 Vsus.
2262 2932 2352 2985 2|.
2392 2932 2627 2985 Laudem
2674 2930 2887 2985 Domini
2944 2930 3192 3001 loquetur
3243 2945 3301 2982 os
3345 2943 3541 3001 meum,
3592 2937 3640 2980 et

2243 3005 2513 3056 benedicat
2536 3003 2708 3056 omnis
2735 3018 2861 3054 caro
2898 2998 3102 3054 nomini
3131 3011 3312 3054 sancto
3341 2998 3473 3067 ejus.

2140 3093 2361 3148 Interim
2392 3108 2420 3146 a
2460 3092 2553 3146 Dei
2596 3091 2849 3146 laudibus
2890 3104 2996 3144 non
3036 3088 3321 3144 desistam.
3372 3086 3512 3159 Opto
3542 3102 3642 3141 au-

374 3180 565 3234 θᾶττον
599 3179 869 3253 ἀποϐῆναι
895 3179 995 3250 τὴν
1028 3178 1293 3247 λέγουσαν
1333 3180 1669 3251 προφητείαν
1690 3197 1702 3209 ·
1749 3177 1957 3247 Ὲκχεῶ

2068 3192 2178 3239 tem
2210 3184 2449 3239 celerius
2480 3185 2532 3237 in
2578 3198 2690 3237 rem
2731 3181 2973 3237 conferri
3011 3182 3353 3251 prophetiam
3398 3181 3519 3249 qua;
3562 3181 3642 3234 di-

373 3272 492 3329 ἀπὸ
536 3272 642 3325 τοῦ
685 3271 1032 3340 Πνεύματός
1067 3288 1188 3340 μου
1214 3271 1312 3325 ἐπὶ
1351 3270 1558 3326 πᾶσαν
1584 3271 1813 3341 σάρκα·
1842 3271 1955 3329 καί·

376 3362 551 3418 Πᾶσα
588 3360 746 3429 πνοὴ
786 3359 1078 3417 αίνεσάτω
1110 3360 1219 3414 τὸν
1246 3362 1498 3430 Κύριον·
1531 3362 1682 3416 ἔσται
1714 3364 1771 3418 δὲ
1803 3365 1961 3420 τοῦτο

377 3453 540 3529 ἡνίκα
580 3450 644 3504 τὸ
682 3452 951 3525 πλήρωμα
984 3452 1095 3511 τῶν
1132 3451 1302 3506 ἐθνῶν
1332 3452 1579 3527 εἰσέλθῃ,
1611 3455 1700 3507 ὅτε
1730 3457 1824 3510 καὶ
1852 3458 1960 3511 πᾶν

375 3546 530 3614 γένος
580 3544 884 3617 ἀνθρώπων
944 3546 1281 3618 σωθήσεται·
1345 3547 1519 3618 στόμα
1575 3546 1631 3605 δὲ
1691 3548 1837 3618 λέγει
1900 3551 1961 3603 τὸ

371 3638 582 3709 νοητὸν,
618 3638 744 3710 περῖ¹
772 3631 832 3692 οὗ
850 3640 943 3709 κα).
977 3638 1424 3712 ἀλλαχοῢ·Πᾶσα
1449 3640 1606 3708 σὰρξ
1621 3641 1963 3710 εὐλογοῦσα

372 3729 438 3785 τό
474 3729 661 3800 ὄνομα
687 3732 906 3799 Κυρίου
934 3730 1384 3801 ἐσται,δηλονότι
1418 3731 1505 3796 εὶς
1522 3728 1629 3782 τόν
1657 3730 1841 3785 αἰῶνα
1861 3732 1959 3784 καὶ

370 3822 457 3887 είς
486 3820 595 3874 τὸν
612 3820 798 3877 αἰῶνα
824 3822 931 3877 τοῦ
951 3822 1187 3892 αἰῶνος,
1215 3822 1453 3897 ὀψομένη
1481 3822 1541 3874 τὸ
1568 3823 1837 3892 σωτήριον
1863 3821 1956 3875 τοῦ

371 3912 530 3978 Θεοῦ,
557 3914 650 3966 καὶ
675 3915 775 3967 οὐκ
800 3911 932 3968 οὖσα
956 3914 1036 3987 ’ὡς
1069 3915 1280 3983 χόρτος.

909 4004 1200 4057 ΨΑΛΜΟΣ
1237 4006 1416 4059 ΡΜΕ’.

444 4091 518 4144 Τὸ
547 4092 841 4164 ἀλληλούῖα
886 4089 1034 4148 αἶνον
1075 4096 1283 4166 Κυρίου
1326 4097 1608 4167 σημαίνει·
1645 4095 1818 4160 οὕτως
1851 4095 1960 4168 γὰρ

372 4183 735 4255 ἑρμηνεύεται
770 4186 802 4254 ἡ
832 4183 976 4250 λέξις
996 4201 1008 4215 ·
1046 4184 1192 4238 ἔστιν
1223 4181 1315 4239 οὖν
1350 4186 1446 4240 καὶ
1477 4187 1539 4239 τὸ
1572 4186 1956 4259 προκείμενον,

371 4271 548 4339 αἶνος·
591 4275 672 4329 διὸ
708 4274 782 4345 δὴ·
820 4276 1122 4348 ἀρχόμενος
1175 4296 1340 4349 φησιν
1387 4279 1417 4331 ό
1464 4278 1651 4347 λόγος·
1689 4278 1874 4345 Αἶνει,
1918 4278 1957 4344 ἡ

372 4365 545 4437 ψυχή
565 4385 708 4436 μου,
732 4366 841 4421 τόν
868 4371 1107 4439 Κύριον,
1128 4371 1246 4441 ἤτοι
1269 4369 1363 4424 τοῦ
1388 4370 1696 4452 πνεύματος
1720 4373 1786 4441 τῇ
1812 4370 1956 4441 ψυχῇ

372 4459 907 4531 παρακελευομένου,
945 4462 978 4532 ἢ
1016 4462 1187 4532 αὐτῆς
1221 4464 1421 4534 ἑαυτῇ·
1454 4459 1554 4516 εἷθ’
1600 4461 1959 4516 ὑπακούσασα

2070 3279 2179 3334 cit:
2210 3277 2504 3347 Eﬂ‘undam
2552 3276 2616 3330 de
2656 3273 2863 3345 Spiritu
2923 3291 3034 3329 meo
3076 3290 3231 3342 super
3282 3289 3489 3327 onmem
3526 3289 3643 3325 car-

2065 3387 2182 3425 nem
2208 3372 2255 3402 ⁷³
2281 3388 2295 3438 ;
2324 3379 2416 3424 et:
2455 3366 2641 3422 Omnis
2687 3367 2905 3436 spiritus
2958 3365 3139 3420 laudet
3192 3365 3491 3420 Dominum.
3532 3364 3643 3419 Hoc

2068 3477 2200 3518 vero
2246 3461 2527 3530 continget
2565 3475 2686 3515 cum
2728 3457 3010 3529 plenitudo
3047 3457 3291 3528 gentiqu
3346 3457 3642 3518 introierit,

2063 3565 2119 3610 et
2156 3554 2471 3608 universum
2500 3552 2784 3605 hominum
2822 3566 2999 3621 genus
3021 3549 3231 3604 salvum
3268 3548 3382 3603 ﬁet.
3417 3546 3489 3602 Os
3512 3547 3644 3600 dicit

2064 3645 2453 3709 intellectuale,
2482 3643 2714 3710 utalibi,
2765 3642 2951 3698 Omnis
2985 3660 3108 3697 caro
3141 3643 3402 3697 benedice!
3442 3640 3643 3693 nomini

2062 3737 2276 3791 Domini
2306 3738 2360 3789 in
2389 3735 2644 3789 swcnlum
2677 3743 2727 3787 et
2770 3736 2827 3787 in
2866 3735 3120 3787 sarculum
3160 3732 3434 3797 oraculi",
3497 3730 3643 3785 salu-

2065 3838 2179 3883 tare
2208 3828 2299 3881 Dei
2334 3818 2667 3897 spectatura,
2698 3839 2799 3878 nec
2827 3824 2940 3890 jam
2972 3824 3147 3879 instar
3178 3823 3286 3877 feni
3319 3821 3568 3877 decidua.

2571 4002 2892 4060 PSALMUS
2926 4001 3134 4058 CXLV.

2130 4090 2360 4153 Alleluia
2393 4095 2605 4151 laudem
2634 4095 2845 4149 Domini
2892 4093 3185 4163 signiﬁcat.
3234 4090 3325 4145 Sic
3359 4090 3503 4144 enim
3547 4105 3644 4144 ex-

2061 4189 2291 4259 plicatur
2320 4186 2664 4243 vocabulum.
2698 4183 2843 4238 Laus
2862 4183 3150 4250 estitaque
3206 4194 3444 4249 praesens
3498 4180 3643 4249 psal-

2062 4294 2182 4334 mus
2200 4296 2212 4333 :
2229 4292 2397 4348 quare
2418 4285 2473 4331 et
2491 4274 2707 4344 incipit:
2732 4271 2939 4337 Lauda,
2969 4272 3148 4324 anima
3172 4286 3308 4333 mea,
3334 4268 3640 4330 Dominum;

2060 4373 2175 4427 sive
2195 4370 2417 4440 spiritus
2435 4369 2669 4422 animam
2689 4366 3027 4429 adhortetur,
3047 4362 3163 4417 sive
3187 4362 3301 4431 ipsa
3326 4376 3404 4417 se.
3440 4361 3643 4417 Deinde

2061 4465 2317 4518 mandato
2341 4462 2748 4530 obtemperans,
2777 4464 3027 4527 prompte
3074 4455 3361 4524 respondet
3406 4454 3592 4509 dicens
3625 4472 3639 4507 :

369 4550 447 4621 τῷ
491 4552 894 4623 προστάγματι,
948 4554 1243 4625 προθύμως
1285 4554 1641 4626 ἀποκρίνεται
1682 4553 1950 4623 λέγουσα·

2062 4554 2316 4609 Laudabo
2345 4551 2629 4607 Dominum
2665 4550 2722 4603 in
2747 4549 2853 4601 vita
2899 4563 3035 4611 mea,
3091 4545 3317 4615 psallam
3366 4545 3477 4600 Deo
3527 4562 3643 4600 meo

361 4642 590 4698 Αὶνέσω
616 4646 833 4714 Κύριον
862 4645 931 4699 ὲν
950 4645 1061 4715 ζωῇ
1070 4665 1211 4717 μου,
1257 4648 1429 4709 ψαλῶ
1460 4647 1541 4715 τῷ
1560 4647 1683 4714 Θεῷ
1706 4665 1827 4718 μου
1843 4647 1946 4714 ἕως

367 4735 638 4807 ὑπάρχω.
662 4738 725 4791 Ei
757 4738 814 4791 δὲ
837 4738 1105 4803 ἀθάνατός
1131 4741 1276 4794 ἐστιν
1299 4742 1333 4811 ἡ
1360 4741 1531 4812 ψυχὴ,
1562 4741 1649 4793 ἀεί
1677 4758 1737 4794 τε
1764 4742 1829 4812 ζῇ
1858 4741 1955 4795 καὶ

368 4827 604 4899 ὑπάρχει
645 4829 739 4895 καὶ
770 4831 908 4899 μετά
944 4831 1046 4903 τὴν
1082 4831 1176 4891 τοῦ
1208 4832 1459 4903 σώματος
1501 4832 1819 4902 ἀπαλλαγὴν
1865 4833 1955 4885 δυ-

366 4920 599 4991 ναμένη,
636 4922 821 4992 φησίν·
854 4923 941 4985 Ὠς
988 4923 1097 4994 ἄρα
1138 4924 1259 4977 οὐδὲ
1306 4924 1527 4978 πώποτε
1556 4924 1833 4995 παύσομαι
1863 4926 1950 4978 αί-

367 5011 533 5066 νοῦσα
578 5014 670 5066 τὸν
716 5014 939 5086 Κύριον,
985 5016 1098 5069 ἀλλ’
1147 5018 1228 5079 είς
1280 5018 1525 5088 μακροὺς
1581 5016 1803 5081 αἰῶνας,
1857 5017 1954 5071 καὶ

370 5104 549 5169 πάντα
574 5104 664 5158 τὸν
692 5108 789 5177 τῆς
812 5106 1082 5161 ἀθανάτου
1111 5107 1257 5178 ζωῆς
1286 5125 1388 5178 μου
1419 5108 1554 5178 βίον,
1583 5109 1737 5163 οὐδὲν
1767 5110 1955 5181 ἕτερον

370 5195 680 5263 πράττουσα
698 5184 799 5249 τοῦ
834 5197 1004 5253 αἰνεῖν
1036 5198 1127 5251 τὸν
1150 5198 1353 5270 Κύριον
1376 5198 1687 5253 διατελέσω.
1732 5200 1817 5264 Ὠς
1845 5199 1950 5268 ψυ-

370 5284 473 5355 χῆς
498 5285 554 5338 δὲ
586 5287 878 5342 ἀκουστέον
918 5288 1182 5361 λεγούσης
1204 5290 1285 5354 τὸ,
1311 5288 1421 5356 ἕως
1444 5288 1712 5360 ὑπάρχω,
1746 5292 1845 5361 οὐχ
1876 5291 1953 5355 ὡς

373 5375 672 5445 μελλούσης
700 5379 817 5448 μετ’
845 5379 986 5433 αὐτὰ
1028 5380 1103 5452 μὴ
1137 5380 1427 5450 ὑπάρχειν,
1463 5380 1576 5433 ἀλλ’
1609 5383 1689 5444 εἰς
1723 5380 1951 5451 ἄπειρον

369 5468 462 5521 τὸν
488 5467 589 5538 τῆς
630 5468 918 5540 ὑπάρξεως
950 5472 1120 5544 αὐτῆς
1143 5474 1334 5545 χρόνον
1357 5473 1468 5544 (25)
1507 5472 1744 5533 αἰνέσειν
1782 5473 1953 5540 ἐπαγ-

366 5561 698 5643 γελλομένης
720 5563 811 5617 τὸν
831 5565 1055 5636 Κύριον.

442 5681 486 5712 ⁷¹
515 5682 616 5738 lsa.
646 5700 756 5749 Lux,
781 5685 834 5738 2.
912 5687 957 5717 τ’
983 5684 1124 5741 Psal.
1161 5702 1330 5752 Lxxu,
1374 5687 1463 5740 27.
1541 5687 1588 5718 ⁷³
1610 5685 1746 5741 Juel.
1780 5702 1840 5749 ll,
1879 5685 1973 5739 28.

2060 4645 2298 4718 quandiu
2332 4644 2505 4714 fuero.
2536 4642 2688 4709 Quod
2712 4643 2755 4696 si
2792 4640 3117 4697 immortalis
3144 4648 3228 4695 est
3261 4639 3466 4707 anima,
3494 4653 3641 4694 sem-

2061 4750 2264 4807 perque
2293 4736 2428 4790 vivit
2454 4744 2509 4789 et
2536 4742 2620 4788 est
2646 4733 2807 4787 etiam
2840 4741 2965 4802 post
2992 4733 3292 4787 discessum
3330 4746 3360 4785 a
3390 4744 3641 4799 corpore,

2057 4830 2182 4899 jure
2214 4842 2316 4883 suo
2345 4828 2424 4882 ait
2454 4824 2774 4894 :Nunquam
2797 4824 3043 4879 desinam
3070 4825 3290 4878 laudare
3315 4822 3640 4887 Dominum;

2062 4921 2156 4977 sed
2209 4920 2367 4989 longa
2422 4917 2645 4984 sarcula,
2681 4923 2736 4970 et
2781 4925 2950 4971 totum
2997 4913 3321 4968 immortalis
3345 4926 3480 4967 mea:
3519 4912 3642 4963 vitae

2061 5026 2295 5085 tempus,
2324 5012 2540 5068 nonnisi
2598 5010 2823 5066 laudans
2878 5007 3167 5065 Dominum
3198 5007 3513 5075 transigam.
3550 5001 3642 5056 Sic

2057 5109 2223 5165 etiam
2245 5106 2532 5163 audiamus
2561 5104 2828 5160 dicentem
2850 5104 3111 5167 animam,
3134 5100 3302 5154 donec
3323 5098 3494 5168 (itero,
3532 5111 3640 5148 non

2059 5201 2202 5270 quod
2229 5210 2417 5268 postea
2453 5214 2556 5253 non
2586 5200 2659 5254 sit
2696 5200 2977 5262 duratura,
3005 5194 3098 5250 sed
3134 5194 3259 5263 quia
3292 5192 3344 5245 in
3369 5187 3642 5244 inﬁnitum

2060 5305 2275 5365 tempus
2328 5293 2509 5347 futura
2558 5294 2630 5348 sit
2677 5291 3030 5349 subsistentia
3063 5288 3199 5357 ejus,
3248 5285 3473 5357 parique
3515 5296 3642 5353 spa-

2060 5387 2135 5442 tio
2169 5385 2454 5442 Dominum
2487 5401 2546 5442 se
2582 5385 2925 5442 laudaturum
2948 5380 3249 5453 promittat.

2051 5686 2100 5717 '”
2122 5684 2263 5745 Psal.
2303 5700 2480 5751 cxuv,
2510 5684 2603 5740 2i.

446 5800 559 5871 (95)
577 5801 927 5875 Perspicuum
956 5802 1176 5862 Eusebii
1207 5805 1272 5862 de
1304 5806 1497 5863 animae
1518 5806 1931 5864 immortalitate
1964 5806 2357 5866 testimonium.
