4138 6408
475 335 547 390 65
1185 331 1449 386 EUSEBII
1486 333 1956 393 CrESARlﬁNSIS
1994 334 2149 389 DPP.
2190 333 2371 389 PARS
2411 331 2500 388 Ill.
2541 359 2611 370 -
2645 325 3063 384 EXEGETICA.
3676 328 3746 378 64

640 449 804 503 Vsus.
843 447 898 501 3.
945 445 1123 501 Nolite
1153 446 1415 514 conﬁdere
1451 446 1503 498 in
1531 447 1885 514 principibus.

553 541 662 596 lloc
692 541 868 595 simile
894 541 967 593 illi
1003 558 1016 592 :
1045 537 1252 592 Bonum
1275 549 1349 590 est
1394 537 1660 604 conﬁdere
1688 539 1742 590 in
1785 538 2008 590 Domino
2031 577 2046 601 ,

473 651 632 705 quam
662 634 921 700 conlidere
950 633 1003 685 in
1040 631 1268 684 homine.
1314 629 1520 684 Bonum
1543 640 1621 685 est
1647 647 1857 698 sperare
1888 648 1919 684 α
1945 629 2052 684 Do-

475 724 642 787 mino,
676 740 832 793 quam
870 738 1080 784 sperare
1108 739 1140 774 α
1169 721 1497 788 principibus
1526 722 1592 776 ⁷⁵.
1629 721 1685 775 Id
1735 732 1912 776 autem
1942 721 2052 793 syl-

477 817 704 885 logismo
737 815 1092 868 demonstrat.
1124 811 1258 865 Nam
1305 812 1347 865 si
1393 812 1517 880 ipsi,
1552 813 1724 880 inquit
1755 851 1771 875 ,
1823 811 2048 866 salutem

475 908 576 960 sibi
607 921 922 972 comparare
972 905 1358 973 nequiverunt,
1421 921 1669 974 quasnam
1728 907 1832 958 erit
1867 906 1934 958 ab
1967 906 2050 960 his

477 995 712 1048 utilitas?
749 993 934 1062 Neque
964 995 1108 1048 enim
1153 995 1335 1048 valent
1362 995 1689 1065 semetipsos
1728 1005 1902 1049 morte
1934 995 2049 1048 eri-

475 1101 605 1156 pere
635 1095 756 1154 post
784 1086 1077 1138 terminum
1113 1103 1124 1139 :
1155 1101 1280 1137 nam
1312 1083 1598 1140 morientis
1623 1085 1856 1138 hominis
1887 1085 2052 1153 spiri-

476 1189 560 1234 tus
575 1193 847 1246 egrcssus,
873 1176 1001 1232 illuc
1030 1177 1186 1230 vadet
1209 1190 1315 1245 quo
1344 1175 1661 1229 abducetur.
1689 1175 1915 1244 Reliqua
1949 1177 2048 1230 hu-

477 1268 636 1322 minis
672 1283 800 1336 pars
848 1267 902 1321 in
959 1267 1236 1336 pulverem
1290 1280 1444 1318 suum
1485 1275 1804 1330 revertetur,
1842 1277 2051 1321 natura:

473 1357 574 1428 legi
613 1359 946 1428 obsequens,
972 1373 1136 1426 quam
1182 1355 1340 1410 initio
1361 1354 1504 1410 Deus
1527 1357 1731 1410 Adamo
1751 1358 1942 1411 statuit
1968 1358 2051 1412 di-

472 1467 601 1506 cens
633 1470 647 1506 :
680 1449 866 1504 Pulvis
898 1468 971 1514 es,
1025 1459 1075 1502 et
1106 1450 1160 1502 in
1188 1449 1452 1516 puluerem
1482 1449 1756 1502 reverteris
1803 1449 1871 1500 "‘.
1905 1449 2051 1514 Quo-

473 1557 593 1595 rmn
651 1542 945 1596 verborum
988 1554 1184 1595 sensus
1232 1547 1359 1593 est:
1396 1536 1637 1593 Consilia
1693 1540 1899 1605 omnia,
1930 1556 2051 1609 quae

473 1635 650 1689 adhuc
679 1635 784 1688 vita
824 1634 1021 1687 comite
1052 1633 1192 1702 apud
1240 1649 1299 1689 se
1360 1633 1606 1702 cogitans
1657 1643 2006 1701 congesserat
2030 1674 2046 1698 ,

474 1727 628 1794 quasi
663 1725 882 1780 iuturus
920 1736 1179 1792 internus,
1207 1741 1538 1780 coacervatis
1564 1726 1618 1779 in
1657 1736 1801 1779 terra
1833 1725 2050 1779 thesau-

2084 453 2132 508 Il.

2485 441 2583 510 Μὴ
2612 441 2936 494 πεποίθατε
2964 438 3058 491 ἐπ’
3084 436 3380 506 ἁρχοντας

2227 534 2448 604 Ὅμοιον
2468 531 2567 602 τῷ,
2594 531 2846 601 Ἀγαθὸν
2880 529 3230 583 πεποιθέναι
3273 528 3370 581 ἐπὶ
3417 530 3656 596 Κύριον,
3701 528 3740 596 ἦ

2151 623 2493 678 πεποιθέναι
2514 623 2606 676 ἐπ’
2626 621 2959 691 ἄνθρωπον
2989 620 3215 690 ἀγαθὸν
3239 615 3504 680 ἐλπίζειν
3514 621 3610 672 ἑιτὶ
3629 621 3742 674 Κύ-

2143 733 2299 782 ριον,
2339 716 2377 783 ἢ
2407 714 2677 779 ἐλπίζειν
2708 713 2802 767 ἐπ’
2824 713 3144 782 ἄρχοντας’
3172 709 3330 763 τοῦτο
3364 709 3420 763 δὲ
3445 711 3741 783 παρίστησι

2150 807 2239 862 διὰ
2266 804 2647 877 συλλογισμοῦ·
2678 807 2728 858 εί
2768 805 2876 875 γάρ
2906 804 3085 867 αὐτοὶ,
3115 803 3299 873 φησὶν,
3331 803 3546 866 ἑαυτοῖς
3588 820 3742 875 περι-

2152 899 2480 972 ποιήσασθαι
2523 899 2797 971 σωτηρίαν
2823 898 2920 969 οὑχ
2946 892 3050 949 οἷοί
3078 897 3138 949 τέ
3171 898 3298 962 είσι,
3328 896 3412 959 τίς
3440 897 3506 949 ἂν
3534 897 3744 966 γένοιτο

2149 992 2257 1046 ἀπὸ
2283 991 2391 1046 τῶν
2416 991 2674 1045 τοιούτων
2701 990 2972 1060 ὠφέλεια;
3001 989 3123 1042 οὑδὲ
3169 989 3280 1062 γάρ
3319 989 3579 1044 δύνανται
3609 991 3741 1044 ἑαυ-

2150 1085 2275 1148 τοὺς
2319 1081 2596 1148 ἐξελέσθαι
2639 1081 2735 1135 τοῦ
2776 1081 3005 1135 θανάτου
3037 1080 3176 1152 μετά
3202 1081 3265 1134 τὸ
3301 1080 3456 1144 τέλος
3482 1080 3594 1151 (94)
3616 1100 3628 1112 ·
3683 1081 3744 1134 τὸ

2156 1176 2253 1247 μὲν
2268 1176 2378 1248 γὰρ
2392 1175 2487 1229 τοῦ
2512 1173 2838 1246 θνήσκοντος
2855 1172 3196 1239 ἐξελεύσεται
3227 1171 3446 1244 πνεῦμα
3463 1173 3597 1243 (25),
3616 1173 3744 1226 ἔνθα

2154 1268 2220 1322 ἂν
2252 1269 2444 1342 ἀπάγῃ
2466 1270 2494 1320 6
2520 1267 2778 1336 ἀπάγων’
2813 1267 2842 1318 6
2867 1265 2923 1320 δὲ
2953 1265 3138 1330 λοιπὸς
3164 1264 3450 1337 ἄνθρωπος
3474 1267 3746 1336 ἀποστρέ-

2151 1361 2244 1431 ψει
2273 1363 2354 1424 εἰς
2378 1360 2477 1431 τὴν
2503 1360 2606 1430 γῆν
2647 1357 2836 1420 αὐτοῦ,
2864 1357 3029 1428 νόμον
3071 1357 3288 1426 φύσεως
3315 1358 3538 1430 πληρῶν
3561 1359 3619 1411 6v
3645 1359 3745 1410 ὲπ-

2153 1451 2396 1522 έσκηψεν
2415 1450 2652 1522 ἀρχῆθεν
2672 1452 2700 1503 6
2724 1449 2858 1513 Θεὸς
2876 1448 2955 1520 τῷ
2988 1448 3161 1520 ’Λδάμ
3193 1448 3380 1502 εἰπών·
3412 1449 3501 1517 Γῆ
3534 1446 3606 1514 εἴ,
3647 1450 3745 1502 καὶ

2151 1544 2240 1608 εὶς
2298 1539 2416 1612 γῆν
2473 1541 2829 1595 ἀπελεύσει·
2879 1533 2940 1593 06
3000 1539 3322 1611 λεγόμενον,
3377 1542 3440 1594 Οἱ
3495 1541 3746 1610 λογισμοὶ

2153 1634 2355 1697 πάντες
2385 1631 2477 1696 οὓς
2512 1631 2594 1686 ἔτι
2622 1631 2830 1702 περιὼν
2870 1630 2946 1702 τῷ
2972 1631 3075 1702 βίῳ
3105 1633 3387 1702 συνήγαγε
3415 1636 3543 1704 παρ’
3570 1632 3747 1702 ἑαυτῷ

2151 1723 2549 1794 διανοούμενος,
2585 1724 2680 1776 καὶ
2721 1720 2912 1795 ὥσπερ
2955 1740 3040 1787 τις
3084 1721 3307 1787 αἰώνιος
3352 1724 3602 1790 συνάγων
3653 1723 3749 1776 καὶ

478 1829 596 1879 ros,
631 1815 891 1870 terribilia
931 1830 991 1870 se
1022 1817 1292 1870 facturum
1340 1817 1635 1886 spondens,
1671 1825 1726 1870 et
1752 1815 1874 1870 aliis
1906 1830 2049 1870 com-

2155 1816 2501 1889 θησαυρίζων
2525 1817 2618 1869 ἐπὶ
2647 1817 2769 1886 γῆς,
2808 1818 3056 1886 ποιήσειν
3094 1833 3155 1869 τε
3184 1816 3253 1870 τὰ
3279 1817 3429 1870 δεινά
3468 1815 3746 1884 ἐπαγγελ-

474 1908 713 1967 minaus,
752 1923 858 1960 una
891 1907 1025 1960 hora
1073 1907 1336 1976 dissipata
1379 1907 1656 1976 peribunt,
1688 1916 1908 1972 cuncta,
1969 1908 2051 1961 in—

474 2014 661 2068 quam,
685 1997 908 2053 consilia
941 1998 1357 2062 dominantimn,
1389 2000 1479 2068 qui
1525 2014 1557 2052 a
1603 1999 1760 2068 plebe
1792 1999 2054 2068 suspicieo

474 2092 697 2147 bantur.
742 2091 808 2145 Et
841 2090 1058 2160 quidem
1121 2091 1254 2144 dicit
1318 2092 1588 2162 principes
1636 2091 1796 2159 hujus
1825 2089 2049 2155 saeculi;

475 2197 709 2250 namque
734 2192 789 2236 et
816 2182 866 2234 hi
903 2181 1170 2236 caducum
1223 2183 1424 2237 habent
1464 2182 1852 2252 principatum.
1903 2179 2054 2236 Unus

474 2268 670 2322 salutis
697 2282 892 2322 auctor
916 2270 1179 2324 Servator
1198 2279 1302 2334 cst,
1330 2272 1421 2340 qui
1446 2271 1523 2324 ait
1549 2288 1564 2325 ι
1619 2269 1788 2325 Nemo
1820 2271 2053 2338 amplius

475 2359 708 2414 salvabit
738 2371 935 2428 praeter
956 2377 1065 2417 me.
1103 2361 1160 2416 Si
1187 2377 1318 2432 ergo
1347 2363 1413 2416 ab
1455 2362 1566 2424 illo,
1610 2377 1715 2416 non
1750 2372 1930 2415 autem
1971 2362 2050 2414 vi-

474 2450 625 2504 ribus
654 2451 887 2520 propriis
909 2451 1208 2518 salvantur,
1237 2455 1506 2522 quomodo
1541 2454 1671 2509 alios
1705 2454 1921 2510 salvare
1954 2471 2051 2523 po-

472 2550 655 2597 terunt
683 2544 706 2597 1'

585 2725 746 2783 Vsus.
783 2726 838 2781 6.
874 2726 977 2792 Qui
1011 2728 1240 2782 custodit
1280 2728 1550 2782 veritatem
1583 2732 1634 2781 in
1666 2731 1946 2784 saeuiunt.

563 2818 767 2889 Nempe
797 2819 1065 2874 dictorum
1116 2836 1361 2886 suorum,
1390 2838 1509 2890 qua:
1541 2823 1593 2876 in
1631 2823 1929 2893 Scripturis
1957 2841 2053 2880 ex-

474 2914 673 2982 posuit,
701 2914 988 2967 veritatem
1013 2915 1391 2982 comprobans.
1416 2913 1669 2970 Promisit
1689 2919 1834 2971 enim
1855 2934 1913 2974 se
1933 2934 2050 2984 eos,

475 3021 598 3060 cum
623 3005 890 3076 judicium
926 3003 1038 3072 ﬁet,
1067 3004 1516 3078 puniturum,qui
1549 3007 1600 3086 in
1630 3020 1893 3076 praesente
1941 3012 2050 3065 vita

477 3099 662 3169 inique
681 3113 741 3152 se
762 3098 1050 3167 gesserint.
1074 3095 1170 3153 Est
1204 3107 1258 3152 et
1289 3097 1391 3152 alia
1414 3099 1704 3168 promissio
1734 3117 1748 3154 :
1783 3099 1936 3154 Beati
1959 3103 2050 3172 qui

475 3192 711 3245 esuriant
734 3200 786 3245 et
811 3192 1019 3257 sitiunt,
1043 3192 1291 3260 quoniam
1350 3192 1449 3258 ipsi
1492 3193 1902 3259 saturabuntur,
1962 3212 2051 3250 vos

475 3291 652 3334 (autem
700 3281 941 3335 esurialis
996 3283 1063 3336 τ’.
1105 3281 1246 3349 Quin
1287 3281 1420 3336 adeo
1467 3283 1780 3338 sensibilem
1832 3302 2054 3356 quoque

476 3388 658 3427 escam
694 3374 960 3430 iamelicis
983 3376 1034 3429 in
1062 3376 1279 3431 deserto
1301 3377 1546 3432 exhibuit
1571 3394 1790 3448 manna,
1821 3390 1877 3435 et
1899 3381 2056 3450 quin-

475 3479 584 3534 que
607 3465 883 3520 hominum
902 3467 1064 3522 millia
1096 3469 1380 3534 saturavit,
1400 3478 1456 3523 et
1485 3484 1581 3538 per
1607 3487 1827 3527 corvum
1853 3475 2054 3539 Eliam,

463 3566 530 3638 ‘et
585 3572 682 3628 per
743 3559 1057 3628 pr0phetam
1095 3560 1402 3614 Abacucum
1445 3562 1744 3620 Danielem.
1785 3563 1880 3620 Jus
1911 3565 2047 3620 dixit

476 3647 801 3702 calumniam
854 3651 1024 3719 passis
1060 3649 1292 3721 Josepho
1319 3662 1483 3722 atque
1528 3655 1818 3721 Susanna,
1857 3657 1935 3711 illi
1987 3656 2056 3710 ab

476 3739 728 3812 Egyptia
763 3739 960 3796 femina
982 3783 996 3808 ,
1025 3744 1150 3799 huic
1175 3759 1204 3796 a
1235 3742 1508 3811 judicibus
1547 3745 1787 3812 lsraclis,
1842 3762 2052 3802 necnon

478 3837 664 3892 Davidi
719 3851 750 3890 a
783 3835 964 3892 Saule.
1014 3836 1176 3894 Plena
1221 3837 1529 3906 huiusmodi
1568 3838 1836 3908 exemplis
1871 3839 2052 3893 divina

474 3929 746 3984 volumina
776 3938 918 3983 snnt.

477 4017 644 4073 Vens.
692 4019 742 4071 7.
783 4017 1036 4072 Dominus
1082 4018 1235 4100 soivit
1276 4023 1617 4101 compeditos,
1667 4020 1927 4074 Dominus
1962 4022 2054 4074 dat

999 4094 1148 4142 caecis
1187 4094 1519 4160 sapientiam.

544 4181 894 4250 Compedltos
919 4181 1101 4245 solvit,
1133 4183 1512 4237 remissionem
1562 4191 1915 4253 peccatorum
1953 4182 2056 4238 lar-

473 4275 627 4344 giens
654 4276 720 4331 iis
760 4276 852 4346 qui
902 4275 1226 4332 delictorum
1269 4292 1490 4332 suorum
1537 4275 1746 4329 catenis
1776 4277 2052 4331 constrin-

475 4374 695 4437 guntu‘r.
731 4369 953 4425 Videtur
981 4379 1157 4426 autem
1188 4371 1276 4425 his
1305 4366 1490 4424 verbis
1538 4366 1882 4422 vocationem
1919 4385 2052 4440 gen-

2154 1907 2398 1979 λόμενος,
2431 1909 2527 1962 καὶ¹
2571 1907 2732 1961 πάλιν
2761 1908 2971 1978 ἑτέροις
2996 1907 3259 1973 ἀπειλῶν,
3297 1908 3404 1961 67:6
3437 1908 3567 1975 μίαν
3598 1907 3749 1978 ὧραι

2156 1999 2566 2071 σὸεσθήσονται,
2607 2000 2702 2053 καὶ
2735 1999 3067 2054 ἀπολοῦνται
3099 2002 3300 2064 πάντες
3333 2002 3381 2053 oi
3411 2000 3750 2070 διαλογισμοὶ

2153 2092 2355 2154 αὐτῶν,
2379 2092 2578 2164 δηλαδὴ
2603 2091 2712 2146 τῶν
2750 2092 3032 2164 ἀρχόντων
3057 2091 3170 2146 τῶν
3197 2093 3347 2164 παρά
3372 2092 3588 2155 πολλοῖς
3623 2091 3749 2146 θαυ-

2155 2183 2501 2255 μαξομένων.
2550 2186 2711 2255 Λέγοι
2753 2187 2799 2240 δ’
2845 2187 2912 2241 ἂν
2959 2187 3056 2242 καὶ
3103 2187 3374 2261 ἄρχοντας
3416 2189 3606 2243 τούτου
3653 2187 3750 2242 τοῦ

2153 2277 2374 2340 αἰῶνος·
2408 2279 2770 2353 μεταπτωτὴν
2802 2280 2914 2352 γὰρ
2958 2283 3053 2334 καὶ
3081 2276 3228 2335 οὗτοι
3281 2282 3465 2352 ἔχουσι
3511 2281 3608 2352 τὴν
3646 2283 3750 2352 ἀρ-

2153 2372 2286 2442 χήν’
2332 2374 2360 2425 6
2397 2371 2454 2424 δὲ
2503 2371 2691 2444 Σωτὴρ
2727 2373 2887 2444 μόνος
2930 2372 3104 2437 αἴτιος
3146 2374 3442 2446 σωτηρίας,
3487 2377 3515 2427 6
3545 2373 3748 2446 λέγέυν·

2153 2467 2347 2532 Σὼζων
2384 2465 2570 2520 οὐκέτι
2611 2465 2793 2538 πάρεξ
2829 2465 2995 2536 ὲμοῦ’
3033 2466 3082 2518 εἰ
3112 2465 3291 2519 τοίνυν
3336 2465 3394 2532 ἐξ
3440 2463 3626 2518 αὑτοῦ·
3658 2465 3752 2518 καὶ

2152 2560 2252 2612 οὐκ
2275 2559 2485 2613 οἴκοθεν
2522 2557 2807 2624 σώζονται,
2849 2557 2966 2621 πῶς
2998 2557 3218 2628 ἑτέρους
3259 2556 3453 2622 σώζειν
3493 2558 3749 2629 δυνήσον-

2153 2668 2240 2704 ται
2267 2668 2281 2716 ;

2264 2741 2378 2795 Τὸν
2413 2739 2818 2812 φυλάσσοντα
2847 2737 3142 2804 ἀλήθειαν
3171 2741 3258 2804 εἰς
3283 2737 3389 2791 τὸν
3413 2737 3623 2794 αἰῶνα.

2224 2833 2346 2888 Τῶν
2388 2833 2563 2902 λόγων
2614 2830 2802 2896 αὑτοῦ,
2839 2827 2914 2885 ὧν
2943 2833 3002 2885 ὲν
3043 2833 3165 2896 ταῖς
3207 2832 3246 2883 Γ
3252 2835 3451 2904 ραφαῖς
3491 2835 3750 2904 ἐπηγγεί-

2153 2922 2306 2988 λατο,
2366 2922 2734 2994 πιστούμενος
2791 2920 2892 2992 τὴν
2937 2921 3232 2992 ἀλήθειανο
3285 2921 3593 2994 ὲκδικήσειν
3640 2924 3747 2997 γὰρ

2155 3017 2522 3089 ἐπηγγείλατο
2565 3015 2694 3077 τοὺς
2733 3013 2876 3068 κατὰ
2909 3012 3002 3066 τὸν
3035 3014 3278 3087 παρόντα
3304 3013 3416 3085 βίον
3452 3015 3747 3087 ἀδικουμέ-

2156 3127 2300 3172 νους,
2329 3110 2388 3162 ὲν
2413 3107 2593 3179 καιρῷ
2615 3105 2694 3177 τῷ
2716 3107 2818 3178 τῆς
2839 3106 3074 3177 κρίσεως
3097 3123 3108 3134 ·
3139 3106 3233 3159 καὶ
3259 3105 3389 3177 ἄλλη
3421 3105 3744 3174 ἐπαγγελία,

2158 3199 2238 3254 τό·
2261 3198 2548 3266 Μακάριοι
2569 3201 2621 3252 oi
2638 3197 2962 3261 πεινῶντες
2987 3194 3085 3248 καὶ
3110 3194 3424 3265 διψῶντες,
3451 3199 3538 3250 ὅτι
3574 3197 3744 3250 αὐτοὶ

2158 3287 2701 3358 χορτασθήσονται,
2724 3285 2894 3356 ὑμεῖς
2913 3284 2981 3338 δὲ
3009 3284 3341 3340 πεινάσετε
3361 3286 3498 3341 ἀλλά
3534 3289 3628 3340 καὶ
3663 3288 3746 3340 αξ-

2161 3378 2372 3450 σθητῶς
2421 3377 2624 3452 τροφὴν
2673 3379 2731 3430 έν
2780 3378 2974 3450 ἐρήμῳ
3017 3380 3130 3442 τοῖς
3175 3377 3400 3431 πεινῶσι
3451 3379 3511 3432 τὸ
3570 3379 3748 3449 μάννα

2160 3471 2424 3543 παρέσχε,
2464 3471 2558 3525 καὶ
2586 3470 2747 3524 πέντε
2799 3469 3044 3541 χιλιάδας
3084 3470 3353 3543 διέθρεψε,
3386 3472 3482 3525 καὶ
3523 3470 3609 3523 διά
3651 3487 3747 3523 κο·

2163 3563 2347 3632 ρὰκων
2387 3560 2595 3625 Ἠλίαν,
2625 3562 2720 3614 καὶ
2749 3561 2818 3614 δι’
2863 3559 3188 3632 ’Δμϐακοὺμ
3211 3560 3304 3614 τοῦ
3340 3563 3616 3632 προφήτου
3655 3558 3748 3612 τὸν

2161 3651 2389 3725 Δανιήλο
2426 3652 2647 3724 ἐποίησε
2677 3653 2735 3706 δὲ
2771 3653 2945 3726 κρίμα
2967 3656 3080 3718 τοῖς
3113 3653 3494 3724 ἀδικουμένοις
3543 3653 3746 3722 Ἰωσὴφ

2161 3745 2254 3799 καὶ
2281 3745 2556 3817 Σωσάννῃ,
2589 3745 2665 3817 τῷ
2699 3746 2800 3816 μὲν
2829 3745 2936 3799 ὑπὸ
2961 3746 3061 3816 τῆς
3096 3746 3422 3813 Αἰγυπτίας,
3455 3746 3522 3814 τῇ
3548 3743 3606 3796 δὲ
3640 3743 3749 3796 ὑπὸ

2158 3839 2266 3892 τῶν
2298 3837 2500 3910 κριτῶν
2547 3836 2780 3909 Ἰσραὴλ,
2821 3837 2915 3892 καὶ
2945 3835 3024 3907 τῷ
3054 3834 3218 3888 Δαυῒδ
3263 3835 3365 3890 67:6
3404 3833 3603 3888 Σαούλ.
3638 3835 3750 3887 Καὶ

2159 3928 2340 3999 πλήρη
2362 3927 2470 3980 τῶν
2495 3927 2748 3982 τοιούτων
2777 3927 2848 3982 τά
2882 3927 2999 3981 θεῖα
3026 3927 3437 4000 συγγράμματα

2156 4024 2371 4091 Κύριος
2426 4023 2557 4076 λύει
2617 4021 3094 4146 πεπεδημξνρυς,
3144 4023 3361 4092 Κύριος
3413 4017 3604 4089 σοφοῖ
3657 4037 3754 4072 τυ·

2830 4110 2872 4146 φ
2917 4110 3045 4146 ουρ.

2829 4110 3045 4162 φλους.

2227 4183 2642 4256 Πεπεδημένους
2675 4185 2812 4249 λύει,
2851 4184 3047 4254 ἄφεσιν
3096 4183 3384 4253 ἁμαρτιῶν
3415 4181 3593 4244 διδοὺς
3631 4183 3752 4244 ταῖς

2156 4280 2365 4350 σειραῖς
2409 4277 2516 4331 τῶν
2579 4279 2726 4332 ίδίων
2777 4275 3198 4348 ἁμαρτημάτων
3261 4272 3747 4343 κατεσφιγμένοις.

2157 4372 2340 4426 Ἐοικε
2365 4371 2421 4425 δὲ
2451 4370 2541 4425 διὰ
2565 4370 2771 4424 τούτων
2787 4366 3123 4422 αἰνίττεσθαι
3143 4366 3243 4437 τὴν
3271 4366 3380 4420 τῶν
3415 4363 3590 4420 ἐθνῶν
3617 4364 3750 4434 κλῆ-

476 4460 608 4514 tium
638 4461 880 4529 inuuere,
929 4476 1138 4516 necnon
1189 4459 1404 4516 Domini
1461 4459 1604 4513 inter
1633 4458 1884 4515 homines
1911 4476 2049 4530 pra:-

2157 4479 2261 4525 σιν,
2292 4461 2388 4516 καὶ
2419 4460 2516 4514 τοῦ
2549 4459 2759 4530 Κυρίου
2791 4456 2892 4528 τὴν
2934 4458 3016 4520 εἰς
3049 4455 3372 4528 ἀνθρώπους
3416 4456 3749 4526 παρουσίαν,

474 4554 728 4620 sentiam,
756 4566 809 4608 et
841 4555 970 4610 hinc
999 4555 1198 4609 factam
1233 4555 1492 4611 omnibus
1547 4551 1890 4606 medicinam.
1918 4553 2043 4610 Haec

473 4643 606 4697 mihi
632 4644 883 4710 cogitatio
922 4645 1132 4709 incidit,
1160 4644 1214 4698 in
1246 4641 1568 4697 memoriam
1601 4645 1872 4698 revocanti
1897 4644 2050 4702 Isaia

471 4736 536 4790 de
557 4735 844 4790 Servatore
869 4746 1053 4792 nostro
1078 4735 1514 4805 praedictionem,
1561 4748 1664 4803 qua
1709 4737 1874 4792 dicit:
1911 4740 2047 4794 Ecce

470 4827 619 4894 posui
659 4837 706 4880 te
732 4836 788 4880 ut
808 4829 880 4882 sis
913 4829 1083 4898 {cadus
1105 4826 1334 4898 generis,
1365 4823 1539 4879 lumen
1556 4829 1809 4896 gentium;
1834 4842 1888 4883 ut
1909 4849 2041 4885 ocu-

470 4919 546 4973 los
576 4936 834 4975 ctccoruot
859 4922 1089 4990 operias,
1114 4931 1172 4974 ut
1198 4917 1421 4973 vinculis
1452 4919 1678 4974 delentos
1705 4926 1950 4990 expedias
1975 4926 2042 4980 ⁷⁸.

471 5011 562 5092 Sic
591 5015 734 5067 enim
770 5023 826 5068 et
869 5014 972 5070 hoc
999 5014 1122 5068 loco
1171 5009 1436 5067 Dominus
1479 5014 1809 5082 compeditos
1856 5017 2041 5072 solvit.

469 5101 602 5157 Tum
665 5114 720 5158 et
778 5104 906 5158 illud
949 5105 1149 5158 dicitur
1200 5120 1214 5155 :
1283 5099 1538 5155 Dominus
1596 5104 1689 5156 dat
1735 5107 1886 5160 cwcis
1949 5123 2042 5160 sa-

467 5197 737 5262 pientiam.
771 5195 918 5251 Sane
943 5197 1144 5251 mirum
1177 5202 1285 5259 est,
1313 5207 1542 5261 corpore
1580 5197 1756 5260 caecis,
1787 5199 1905 5268 plus
1945 5199 2049 5252 ali-

469 5289 596 5358 quid
649 5289 1026 5360 intelligentia
1073 5289 1257 5342 inesse
1307 5283 1518 5351 solere,
1559 5288 1685 5356 quia
1725 5287 1863 5346 Deus
1924 5290 2050 5345 illos

535 5463 582 5494 ’⁷⁸
618 5462 759 5518 Psal.
807 5479 984 5530 cxvu,
1017 5464 1072 5529 8,
1095 5463 1149 5518 9.
1229 5459 1274 5492 ⁷⁸
1301 5457 1443 5515 Gen.
1496 5474 1581 5526 ιιι,
1618 5457 1704 5515 l9.
1779 5463 1824 5496 ⁷⁷
1852 5463 2042 5521 Matth.

2153 5462 2210 5530 i;
2251 5463 2384 5522 Luc.
2432 5479 2522 5528 Vi,
2551 5465 2653 5533 2t,
2688 5467 2782 5521 25.

537 5625 650 5697 (28)
682 5627 756 5681 De
786 5623 1108 5697 praescripto
1150 5621 1282 5697 vita:
1331 5621 1561 5697 termino
1592 5622 1786 5697 legesis
1819 5627 2032 5697 longam

468 5691 813 5824 iigersmni
840 5691 1166 5764 patriarcha:
1203 5691 1324 5749 (ΖΡ.
1346 5691 1786 5752 αἱδεειιειὶοιιειιι
1822 5715 1850 5754 a
1886 5691 2043 5754 nobis

521 5783 534 5822 Ι
618 5781 648 5821 ε
690 5777 844 5822 Jan»

2153 4556 2253 4627 τήν
2298 4572 2358 4608 τε
2404 4554 2471 4607 δι’
2523 4553 2696 4624 αὐτῆς
2756 4550 2930 4604 ἅπασι
2995 4549 3369 4620 γενησομένην
3425 4548 3746 4620 θεραπεί;δ.

2151 4648 2321 4701 Τοῦτο
2361 4646 2418 4700 δὲ
2453 4648 2597 4700 νοεῖν
2633 4661 2723 4715 μοι
2763 4641 3002 4712 ἐπῆλθεν
3031 4643 3111 4704 είς
3161 4643 3384 4714 μνήμην
3419 4640 3749 4696 ἀναλαϐόντι

2149 4739 2248 4812 τήν
2291 4740 2514 4793 Ἡσαΐου
2544 4738 2673 4809 περὶ
2703 4735 2800 4790 τοῦ
2830 4736 3082 4808 Σωτῆρος
3114 4735 3274 4808 ήμῶν
3309 4733 3639 4806 πρόρῂσιν,
3675 4730 3749 4784 δι’

2150 4829 2219 4905 ἦς
2246 4851 2410 4906 φησιν
2430 4851 2444 4864 ·
2501 4831 2647 4886 Ἰδοὺ
2681 4828 2917 4886 τέθεικά
2942 4844 3019 4884 σε
3041 4833 3129 4896 εἰς
3166 4828 3468 4896 διαθήκην
3504 4826 3745 4896 γένους,

2149 4929 2237 4991 εὶς
2262 4923 2388 4995 φῶς
2420 4921 2632 4988 ἐθνῶν,
2659 4921 2893 4988 ἀνοῖξαι
2919 4923 3272 4994 ὀφθαλμοὺς
3322 4919 3594 4989 τυφλῶν,
3649 4918 3747 4983 ἐξ·

2151 5017 2395 5088 αγαγεῖν
2417 5018 2487 5070 ἐκ
2510 5014 2751 5086 δεσμῶν
2781 5015 3161 5088 δεδεμένους.
3190 5014 3351 5070 Οὕτω
3378 5014 3489 5086 γὰρ
3529 5016 3626 5068 καὶ
3659 5014 3746 5066 ὲν-

2152 5106 2327 5160 ταῦθα
2356 5109 2385 5158 6
2429 5105 2635 5177 Κύριος
2659 5107 2776 5160 λύει
2806 5108 3250 5180 πεπεδημένουςο
3299 5105 3512 5175 εἴρηται
3554 5105 3612 5158 δὲ
3654 5105 3746 5156 καὶ

2152 5199 2236 5262 τὸ,
2284 5200 2348 5251 '0
2379 5199 2595 5266 Κύριος
2629 5199 2819 5269 σοφοῖ
2861 5201 3155 5270 τυφλούς·
3186 5196 3470 5269 θαυμάσαι
3500 5195 3544 5248 δ’
3570 5195 3743 5257 ἔστιν,

2153 5291 2303 5353 ὅπως
2331 5289 2423 5342 καὶ
2450 5289 2564 5351 τοῖς
2582 5290 2650 5344 τὰ
2676 5291 2905 5361 σώματα
2931 5292 3128 5361 πηροῖς
3177 5288 3367 5341 πλεῖόν
3391 5303 3445 5338 τι
3479 5286 3747 5349 συνέσεως

2859 5467 2905 5498 τ’
2937 5466 3042 5522 lsa.
3080 5479 3212 5528 sui,
3248 5462 3300 5517 6.

2228 5627 2340 5696 (25)
2376 5627 2451 5681 De
2510 5628 2708 5682 animat
2760 5627 2908 5681 exitu
2941 5627 3136 5696 legitur
3187 5622 3415 5696 homilia
3449 5621 3508 5676 S.
3550 5619 3740 5696 Cyrilli

2156 5694 2699 5761 Alex.editionibtts,
2733 5712 2896 5766 quam
2940 5694 3119 5752 tamen
3149 5694 3370 5766 codices
3392 5706 3420 5743 a
3443 5706 3528 5766 me
3553 5694 3746 5744 obser-

2158 5769 2269 5825 vati
2297 5766 2596 5838 Theophila
2629 5762 2960 5837 ejus'patruo
2986 5784 3049 5824 ac
3083 5764 3363 5824 decessori
3405 5762 3674 5815 tribuunt.
