4138 6436
411 430 480 484 cs
867 406 875 413 ’
1538 420 2033 479 COMMENTARIA
2072 423 2134 476 IN
2176 422 2513 481 PSALMOS.
3617 430 3688 483 eo

411 548 664 621 πάρεστι,
720 544 813 599 τοῦ
859 544 995 598 Θεοῦ
1029 542 1351 614 σοφίσαντος
1380 542 1576 607 αὐτοὺς
1604 544 1725 596 ἀντί
1758 542 1856 613 τῆς
1890 542 1997 595 τῶν

2103 544 2362 598 acntioris
2414 545 2612 615 ingenii
2667 544 2848 610 eﬂicit,
2905 554 3123 615 propter
3161 542 3441 598 oculorum
3481 542 3692 600 orbita-

411 640 703 713 ὀφθαλμῶν
735 640 1062 709 στερήσεως.

669 731 966 801 Ὀρερανὸν
994 728 1093 782 καί
1129 727 1325 797 χήραν
1360 726 1759 795 ἀναλήψεται.

479 826 544 878 Αἱ
577 822 952 878 ἀποϐαλοῦσαι
974 821 1144 893 ψυχαὶ
1172 820 1263 875 τὸν
1298 819 1590 891 γενόμενον
1617 820 1673 870 ὲν
1701 816 1871 888 κακίᾳ
1896 833 2001 869 πα-

408 917 543 989 τέρα
569 916 749 970 αὐτῶν
767 913 1035 976 διάϐολον,
1060 914 1093 986 ἢ
1121 913 1215 967 καὶ
1238 912 1427 985 ἄνδρα,
1457 909 1693 982 ὀρφαναὶ
1714 909 1808 962 καὶ
1830 909 1997 979 χῆραι

411 1006 924 1080 ἀναλαμϐανόμεναί
990 1008 1129 1060 εἰσι·
1203 1004 1408 1058 τούτων
1476 1000 1915 1072 ἀναληφθέντων,
1963 1003 1997 1073 ὴ

410 1099 518 1153 τῶν
546 1096 885 1169 ἁμαρτωλῶν
925 1095 1042 1159 ὁδὸς
1067 1096 1168 1148 οὐκ
1200 1094 1336 1166 ἄλλη
1362 1094 1461 1165 τῆς
1507 1093 1708 1154 κακίας
1738 1086 1870 1143 οὖσα
1897 1091 2001 1143 ὑπὸ

411 1190 547 1244 Θεοῦ
575 1188 1026 1261 ἀφανισθήσεται.
1059 1189 1170 1241 Καὶ
1210 1186 1382 1240 ταῦτα
1424 1185 1524 1255 μὲν
1557 1184 1805 1254 εἴρηνται
1836 1180 2001 1253 ἀλλη-

410 1280 795 1355 γορικώτερον.
852 1280 1053 1352 Χηρῶν
1108 1280 1164 1332 δὲ
1217 1278 1367 1347 λέγει
1437 1278 1497 1329 οὐ
1540 1276 1651 1329 τῶν
1697 1274 1997 1346 τυχουσῶν,

409 1374 545 1427 ἀλλὰ
566 1373 676 1426 τῶν
700 1373 797 1425 σὺν
818 1371 1010 1441 ἁγνείᾳ
1035 1369 1129 1423 καὶ
1158 1368 1446 1439 σεμνότητι
1477 1364 1836 1419 διατελουσῶν
1856 1405 1871 1430 ,
1902 1365 1998 1436 ὀρ-

411 1466 596 1535 φανῶν
654 1465 732 1529 δὲ,
763 1465 891 1527 τοὺς
925 1462 1237 1520 θεοσεϐείας
1269 1460 1431 1513 ἕνεκα
1464 1458 1861 1522 καταλιπόντας
1909 1474 2001 1526 γε-

412 1559 538 1621 νεάς
567 1558 696 1629 (‘26).

933 1646 1226 1700 ΨΑΛΜΟΣ
1264 1645 1440 1711 ΡΜςν

493 1740 582 1793 Ἐν
612 1738 688 1809 τῷ
715 1738 941 1809 παρόντι
971 1735 1173 1807 ψαλμῷ
1216 1732 1336 1788 ἀντὶ
1364 1733 1482 1799 τοῦ,
1520 1733 1738 1787 αἰνεῖτε
1766 1733 1874 1787 τὸν
1894 1734 2003 1787 Κύ-

404 1849 556 1903 ριον,
580 1834 608 1885 ὁ
630 1833 725 1903 μὲν
755 1831 1070 1903 Σύμμαχος,
1103 1830 1462 1897 ἀλληλούῖα,
1491 1827 1579 1881 ὅτι
1603 1826 1828 1894 ἀγαθὸν
1849 1827 1995 1895 ᾠδὴ,

2107 646 2235 692 tem.

2327 728 2487 783 Vsus.
2520 731 2571 785 9.
2611 729 2880 799 l’upillum
2906 741 2954 784 et
2977 731 3189 784 viduam
3218 731 3486 801 suscipiat.

2174 825 2385 877 Anima:
2422 839 2541 893 quze
2567 838 2598 876 a
2627 823 2843 878 diabolo
2878 832 3032 891 patre
3060 827 3300 891 ipsarum
3333 833 3426 877 aut
3454 823 3570 877 viro
3596 822 3678 876 de-

2104 915 2306 968 stituta:
2368 912 2608 977 fuerunt,
2654 914 2734 966 ha:
2780 912 3163 967 videlicetillae
3187 912 3594 982 suntorphanaz
3622 926 3687 964 ac

2105 1002 2279 1057 vidua:
2302 1016 2439 1072 quas
2490 1002 2631 1056 Dens
2665 1002 2911 1070 suscipit.
2950 1001 3044 1055 llis
3091 1004 3378 1071 susceptis.
3440 1013 3689 1071 peccato-

2110 1111 2227 1149 rum
2264 1110 2355 1148 seu
2403 1094 2622 1149 malitia:
2653 1096 2736 1147 via
2764 1095 3077 1148 destruetur
3105 1110 3133 1148 a
3174 1094 3302 1149 Deo.
3359 1094 3535 1163 Atque
3573 1095 3689 1150 haec

2106 1188 2399 1258 allegorice
2438 1188 2616 1257 potius
2637 1198 2763 1241 sunt
2806 1188 2971 1242 dicta.
3003 1189 3078 1243 De
3112 1189 3291 1243 viduis
3311 1198 3489 1241 autem
3523 1188 3690 1258 loqui-

2104 1290 2193 1335 tur
2224 1296 2328 1334 non
2362 1281 2717 1350 quibuslibet,
2746 1282 2839 1334 sed
2878 1280 3071 1349 pudice
3130 1290 3423 1350 sancteque
3454 1282 3688 1335 viventi-

2104 1371 2227 1425 bus.
2261 1371 2500 1441 Pnpillos
2524 1374 2754 1440 denique
2797 1371 3033 1440 appellat
3072 1371 3166 1440 qui
3198 1371 3476 1441 religionis
3522 1386 3683 1426 causa

2106 1466 2368 1519 omittunt
2393 1465 2616 1535 generis
2651 1464 3120 1534 propagationem.

2601 1660 2920 1715 PSALMUS
2962 1658 3191 1716 CXLVI.

2174 1754 2450 1809 Praesente
2486 1756 2537 1808 in
2557 1755 2787 1822 psalmo,
2813 1769 2933 1822 pro,
2961 1754 3177 1807 laudate
3205 1752 3507 1818 Dominum,
3530 1753 3687 1825 Sym-

2105 1850 2330 1902 machus
2347 1847 2502 1911 dixit,
2522 1847 2758 1909 alleluia,
2776 1847 2901 1916 quia
2919 1847 3050 1900 bona
3070 1863 3151 1900 res
3173 1847 3458 1909 canticum,
3486 1848 3685 1901 omissa

409 1926 649 2000 εἴρηκεν,
684 1928 1085 1998 ἀνερμήνευτον
1119 1923 1363 1993 φυλάξας
1394 1922 1493 1994 τὴν
1536 1920 1808 1992 Ἐϐραίων
1852 1920 1998 1986 λέξιν

2103 1941 2551 2008 interpretatione
2580 1939 2833 1994 Hebraici
2864 1939 3138 2002 vocabuli,
3171 1939 3536 2008 signiﬁcantis
3568 1939 3683 1993 lau-

408 2018 507 2091 τὴν
539 2019 910 2090 σημαίνουσαν
940 2018 1020 2081 τὸ,
1071 2016 1288 2070 αὶνεῖτε
1326 2015 1434 2069 τὸν
1476 2014 1716 2082 Κύριον.
1764 2013 1998 2083 Ὁμοίως

408 2111 465 2164 δὲ
495 2111 590 2163 καὶ
615 2111 649 2179 ἡ
680 2110 906 2179 πέμπτη
933 2108 1163 2172 ἔκδοσις,
1200 2107 1419 2161 αἱνεῖτε
1457 2105 1565 2159 τὸν
1599 2106 1679 2169 ὶὰ,
1710 2103 1994 2169 ἐξέδωκεν.

420 2203 480 2257 '0
529 2203 629 2275 μὲν
653 2197 745 2256 οὖν
777 2202 883 2273 πρὸ
915 2202 1105 2256 τούτου
1138 2200 1354 2271 ψαλμδς
1392 2201 1491 2270 μιᾷ
1519 2198 1663 2269 ψυχῇ
1700 2200 1869 2251 αἰνεῖν
1908 2198 1998 2251 τὸν

410 2294 613 2366 Κύριον
649 2292 1119 2366 παρακελεύεται·
1164 2290 1401 2345 ἐνταῦθα
1434 2291 1492 2344 δὲ
1525 2290 1753 2362 πλήθεσι
1778 2290 1998 2358 λέγεται

412 2386 494 2449 τὸ,
520 2385 738 2439 αἰνεῖτε
768 2385 873 2438 τὸν
896 2386 1137 2453 Κύριοιν
1162 2382 1348 2453 ἐπειδὴ
1372 2381 1574 2447 οὐδεὶς
1597 2381 1818 2451 ἀγαθὸς
1844 2385 1893 2435 εί
1911 2380 1997 2450 μὴ

410 2475 499 2546 εἷς
533 2483 566 2533 ὁ
600 2480 761 2545 Θεὸς,
800 2479 1024 2541 εἰκότως
1069 2478 1176 2531 πᾶν
1205 2477 1267 2530 τὸ
1295 2478 1377 2539 είς
1412 2474 1577 2529 αὑτοῦ
1608 2474 1765 2541 δόξαν
1798 2477 2001 2544 ἀναφε-

413 2570 660 2642 ρόμενον,
694 2571 786 2623 καὶ
819 2572 897 2632 εἰς
957 2568 1122 2622 αὑτοῦ
1154 2569 1320 2639 τιμὴν
1354 2568 1749 2639 πραττόμενον,
1795 2567 1998 2636 ἀγαθὸν

408 2662 475 2717 ἂν
508 2662 614 2732 εἴη·
651 2661 840 2732 ὥσπερ
883 2654 975 2712 οὖν
1008 2660 1103 2712 καὶ
1140 2658 1344 2726 ἀγαθὸν
1377 2660 1405 2711 6
1446 2657 1657 2729 ψαλμδς
1689 2657 1766 2720 ὼς
1816 2655 1881 2709 ἂν
1918 2658 1998 2721 εἰς

408 2753 612 2822 ἀγαθὸν
638 2753 768 2805 Θεὸν
786 2751 1259 2822 ἀναπεμπόμενος.
1293 2750 1433 2803 Ἀνθ’
1461 2744 1521 2803 οὗ
1551 2750 1578 2801 6
1604 2749 1702 2820 μὲν
1744 2748 1994 2811 Ἀκύλας,

405 2845 635 2915 ἀγαθὸν
665 2842 954 2915 ἐγκώμιον
980 2844 1344 2915 ήρμήνευσεν⁹
1369 2844 1396 2893 6
1422 2841 1478 2894 δὲ
1506 2840 1823 2912 Σύμμαχος,
1852 2842 1998 2910 ἀγα-

412 2938 521 2994 θὸν
548 2937 695 3005 ᾠδή.
747 2937 821 2990 Οὐ
860 2936 965 3008 μὴν
997 2935 1133 2989 ἀλλὰ
1166 2935 1260 2988 καὶ
1284 2937 1316 3004 ἡ
1343 2933 1551 2996 αἵνεσις
1578 2936 1610 3003 ὴ
1638 2935 1717 2996 εἰς
1742 2934 1833 2986 τὸν
1867 2932 2000 2985 Θεὸν

412 3029 845 3101 ἀναπεμπομένη
890 3027 1091 3090 παντός
1128 3044 1188 3079 τε
1240 3023 1474 3088 εὐώδους
1527 3023 1872 3095 θυμιάματος
1905 3023 2001 3077 καὶ

412 3124 591 3196 πάσης
613 3123 808 3196 ἡδονῆς
828 3122 993 3195 ἡδίων
1019 3119 1168 3191 αὐτῷ
1194 3118 1475 3189 τυγχάνει·
1504 3116 1599 3171 καὶ
1625 3117 1733 3188 γὰρ
1763 3116 1839 3180 ὡς
1866 3116 2000 3185 άλη-

412 3217 521 3279 θῶς
553 3213 699 3279 αἶνος
734 3214 868 3267 Θεοῦ
903 3216 966 3267 ὲκ
995 3213 1219 3283 λογικῆς
1257 3211 1351 3264 καὶ
1396 3210 1643 3281 καθαρᾶς
1682 3208 2001 3279 ἀναπεμπό-

2102 2035 2223 2086 date
2249 2032 2552 2086 Dominum.
2581 2032 2845 2088 Similiter
2866 2033 3120 2099 etquinta
3153 2032 3342 2097 editio,
3369 2033 3585 2087 laudate
3608 2034 3685 2097 ia,

2101 2126 2299 2193 posuit.
2336 2125 2599 2194 Superior
2628 2126 2811 2195 itaque
2849 2126 3094 2195 psalmus
3121 2128 3211 2182 uni
3240 2128 3435 2180 anima:
3460 2126 3686 2180 laudare

2102 2216 2387 2271 Dominum
2407 2220 2659 2278 mandat;
2693 2219 2781 2273 hic
2806 2228 2936 2274 ver
2963 2220 3296 2274 multitudini
3325 2220 3544 2283 dicitur,
3569 2220 3686 2272 Iau-

2101 2310 2222 2362 date
2242 2309 2545 2365 Dominum.
2565 2309 2831 2376 Quoniam
2851 2328 2998 2365 nemo
3018 2314 3183 2364 bonus
3201 2313 3301 2365 nisi
3326 2330 3460 2365 unus
3472 2312 3685 2375 Deus",

2103 2412 2249 2454 recte
2271 2402 2532 2470 quidquid
2577 2408 2644 2455 ad
2691 2401 2810 2468 ejus
2836 2402 3062 2472 gloriam
3100 2404 3358 2467 refertur,
3396 2414 3563 2471 atque
3612 2402 3687 2458 ob

2103 2492 2636 2547 enntbonorandnm
2688 2493 2771 2557 ﬁt,
2826 2494 3025 2548 bonum
3084 2510 3206 2549 esse
3255 2495 3681 2550 existimabitur.

2104 2583 2276 2638 Sicuti
2306 2599 2453 2638 nunc
2484 2587 2649 2640 etiam
2687 2586 2823 2640 bona
2860 2602 2945 2641 res
2967 2586 3208 2656 psa‘lnins
3233 2586 3452 2651 dicitur,
3491 2602 3586 2640 ceu
3619 2590 3685 2641 ad

2070 2676 2302 2731 bonum
2347 2675 2513 2730 Deum
2561 2678 2819 2732 directus.
2850 2675 2958 2732 Pro
3002 2694 3109 2749 quo
3136 2679 3328 2749 Aquila
3373 2679 3564 2732 bonum
3595 2696 3689 2734 οη-

2103 2770 2329 2825 comium
2379 2770 2765 2838 interpretatus
2814 2786 2920 2825 est.
2962 2771 3322 2842 Symmachus
3370 2786 3522 2838 vero,
3552 2774 3685 2826 bona

2105 2880 2185 2916 res
2216 2864 2508 2917 canticum.
2534 2865 2879 2932 Caateroqnin
2910 2878 2963 2918 et
2991 2864 3107 2919 laus
3129 2881 3249 2934 quae
3278 2865 3345 2918 ad
3382 2864 3548 2919 Deum
3588 2881 3687 2921 οισ-

2105 2955 2313 3009 tollitur
2347 2955 2498 3009 omni
2527 2957 2699 3010 odoro
2731 2956 3103 3027 thymiamate,
3142 2957 3397 3025 omnique
3423 2956 3687 3027 jucundi-

2107 3056 2217 3101 tate
2257 3048 2600 3103 snaviorest.
2650 3049 2858 3118 lleapse
2894 3050 3037 3103 enim
3091 3049 3331 3105 laudatio
3357 3051 3445 3104 Dei
3487 3065 3551 3103 ex
3594 3066 3674 3102 ra-

2108 3140 2296 3193 tionali
2326 3156 2571 3209 puraque
2607 3142 2907 3210 procedens
2950 3142 3156 3207 anima,
3186 3152 3435 3210 pergrata
3478 3141 3553 3195 illi
3577 3142 3684 3196 erit

2104 3240 2159 3284 et
2191 3231 2383 3286 dulcis.
2415 3230 2626 3287 Gaudet
2654 3234 2797 3288 enim
2830 3233 2989 3290 Dens.
3012 3234 3350 3302 libenterque
3384 3233 3576 3304 recipit
3605 3243 3689 3288 ta-

417 3324 573 3378 μενος
622 3307 799 3378 ψυχῆς
849 3304 1152 3377 προσφιλὴς
1196 3303 1262 3356 ἂν
1310 3302 1395 3373 εἴη
1448 3300 1619 3372 αὐτῷ,
1666 3302 1762 3355 καὶ
1808 3299 1884 3364 ὡς
1935 3300 1998 3354 ἂν

2106 3323 2208 3378 lem
2244 3325 2495 3380 humanae
2527 3328 2725 3381 mentis
2763 3327 3020 3379 fructum.

413 3400 572 3473 εἴπερ
599 3418 681 3465 τις
710 3399 859 3470 ἡδύς*
887 3398 1066 3470 χαίρει
1091 3397 1199 3469 γὰρ
1231 3396 1326 3450 καὶ
1354 3386 1677 3467 ἀποδέχεται
1703 3395 1795 3449 τὸν
1827 3393 2002 3447 τοιοῦ-

413 3511 505 3546 τον
532 3492 633 3564 τῆς
665 3492 1013 3564 ἀνθρωπίνης
1044 3490 1281 3555 διανοίας
1312 3489 1543 3562 καρπόν.

424 3586 487 3639 '0
522 3586 766 3656 ἰώμενος
792 3585 937 3651 τοὺς
975 3583 1521 3655 συντετριμμένους
1562 3580 1679 3650 τὴν
1724 3579 1997 3649 καρδίαν.

494 3680 713 3751 Ἐπειδὴ
753 3678 1006 3752 Σωτῆρὸς
1050 3682 1165 3732 ἐστι
1242 3678 1337 3733 καὶ
1397 3675 1584 3749 ἰατροῦ
1634 3674 1696 3727 τὸ
1748 3673 1999 3727 ἰάσασθαι

412 3775 506 3828 καὶ
539 3772 967 3843 καταδεσμεύειν
1018 3770 1087 3825 τὰ
1133 3768 1595 3840 συντετριμμένα,
1646 3766 1871 3827 εἰκότως
1906 3764 2001 3817 καὶ

409 3866 498 3919 διὰ
519 3866 723 3919 τούτων
749 3864 965 3935 νοηθείη
986 3862 1147 3925 αὐτὸς
1173 3863 1247 3914 ῶν
1273 3864 1300 3914 6
1331 3860 1578 3931 Κύριοςὸ
1604 3857 1794 3927 Σωτὴρ
1819 3859 1850 3926 ἠ
1861 3855 1997 3926 μῶν,

409 3960 438 4009 6
466 3956 559 4008 τοῦ
590 3955 724 4007 Θεοῦ
757 3955 929 4021 Λόγος
950 3993 965 4014 ,
1001 3956 1029 4005 6
1060 3950 1255 4005 εἰπών’
1304 3952 1387 4003 Οὐ
1420 3949 1629 4019 χρείαν
1668 3948 1920 4016 ἔχουσιν
1946 3950 2001 4000 οἱ

416 4053 735 4123 ἰσχύοντες
782 4048 1007 4117 ἰατροῦ,
1056 4046 1191 4100 ἀλλ’
1244 4048 1298 4099 οί
1337 4043 1534 4108 κακῶς
1576 4043 1838 4111 ἔχοντες*
1889 4043 2000 4094 οὐκ

412 4144 601 4217 ἦλθον
634 4146 887 4198 καλέσαι
946 4142 1235 4205 δικαίους,
1284 4138 1444 4192 ἀλλὰ
1488 4134 1876 4205 ἁμαρτωλοὺς
1908 4136 2000 4198 εἰς

407 4235 750 4308 μετάνοιαν.
784 4232 986 4303 Ψυχῶν
1027 4231 1082 4284 δὲ
1125 4229 1198 4282 ὢν
1232 4228 1431 4300 ἰατρὸς,
1465 4226 1594 4290 τοὺς
1639 4226 1739 4297 τὴν
1772 4225 1999 4296 καρδίαν

414 4324 924 4398 συντετριμμένους,
972 4323 1068 4375 καὶ
1094 4320 1202 4373 τῶν
1229 4319 1368 4373 κατὰ
1397 4319 1561 4388 φύσιν
1582 4316 1861 4386 λογισμῶν
1897 4334 2000 4368 πα-

418 4418 925 4495 ρατετραμμένουςς
977 4415 1041 4466 ὲκ
1092 4412 1192 4485 τῆς
1230 4412 1427 4482 νοητῆς
1480 4408 1859 4479 αἰχμαλωσίας
1908 4407 1999 4459 λυ-

411 4512 765 4585 τρωσάμενος
790 4510 1017 4562 ἰάσεται.
1061 4506 1119 4559 '0
1150 4506 1245 4576 μὲν
1264 4502 1560 4574 Σύμμαχός
1580 4517 1768 4572 φησιν,
1811 4500 1875 4551 '0
1903 4498 1995 4551 ιώ-

409 4622 593 4673 μενος
624 4601 766 4667 τοὺς
791 4597 1240 4667 κεκλασμένους
1272 4595 1387 4662 τὴν
1418 4594 1690 4661 καρδίαν,
1729 4591 1827 4644 καὶ
1873 4591 1999 4643 ἐπι-

2352 3583 2517 3638 VERS.
2552 3585 2605 3640 5.
2637 3584 2745 3650 Qui
2788 3597 2943 3640 sanat
2975 3588 3229 3641 contritas
3259 3589 3435 3641 corde.

2177 3675 2441 3742 Quoniam
2490 3677 2798 3733 Servatoris
2858 3681 3160 3750 tnetliciqne
3196 3681 3428 3736 ollicinm
3468 3693 3552 3737 est
3602 3697 3691 3737 sa-

2103 3781 2239 3818 nare
2267 3776 2321 3818 et
2350 3768 2585 3820 contrita
2635 3767 2878 3837 alligare,
2920 3780 3065 3822 recte
3107 3780 3157 3821 et
3190 3770 3318 3823 hine
3349 3772 3689 3840 dignoscitur

2105 3857 2244 3910 idem
2282 3858 2542 3911 Dominus
2571 3868 2757 3912 noster
2788 3860 2878 3913 Dei
2936 3859 3172 3913 Verbum
3219 3862 3309 3929 qui
3349 3863 3526 3916 dixit:
3560 3864 3688 3919 Non

2103 3963 2230 4010 onus
2262 3957 2334 4000 est
2365 3948 2563 4000 medico
2601 3948 2917 4013 valentibus,
2951 3951 3039 4003 sed
3068 3952 3277 4020 (egrotis
3318 3950 3385 4005 ⁸⁸.
3421 3951 3542 4008 Νοη
3570 3960 3687 4011 veni

2101 4054 2286 4091 vocare
2304 4038 2502 4107 justas,
2529 4043 2618 4093 sed
2646 4054 2942 4109 peccatores
2970 4046 3036 4096 ad
3064 4047 3420 4112 paenitentiam
3452 4048 3517 4102 ".
3552 4048 3684 4101 Ani-

2103 4147 2312 4185 tuarum
2353 4134 2534 4201 itaque
2570 4138 2691 4188 cum
2734 4136 2805 4189 sit
2838 4137 3099 4200 medicus,
3138 4138 3204 4191 iis
3225 4139 3313 4205 qui
3350 4140 3515 4193 corde
3559 4155 3688 4195 con-

2103 4223 2211 4274 triti
2241 4232 2388 4285 sunt,
2420 4234 2473 4276 et
2506 4240 2532 4276 a
2566 4235 2718 4279 recto
2750 4236 2960 4279 natura:
2990 4229 3216 4282 consilio
3244 4230 3444 4294 aversi,
3472 4231 3540 4284 de
3570 4231 3683 4300 spi-

2102 4316 2244 4369 ritali
2285 4318 2581 4386 redemptis
2616 4319 2931 4389 captivitate
2956 4321 3280 4375 medebitur.
3317 4320 3687 4393 Symmachus

2101 4408 2271 4461 dicit:
2310 4408 2413 4473 Qui
2448 4423 2603 4463 sanat
2633 4412 2937 4479 confracta:
2976 4415 3156 4475 corde,
3180 4422 3228 4466 et
3259 4414 3448 4482 alligat
3478 4414 3681 4481 fractu-

2100 4515 2187 4552 ras
2205 4516 2410 4568 eorum,
2436 4504 2727 4559 rationales
2748 4504 3001 4557 nimirum
3024 4504 3224 4559 fascias
3242 4506 3680 4576 circnmponens.

2104 4590 2195 4645 Sic
2237 4607 2369 4662 ergo
2426 4593 2675 4662 alligavit
2725 4594 3065 4663 spiritalibus
3100 4596 3565 4668 rationalibnsque
3603 4597 3680 4651 la-

412 4671 653 4764 δεσμῶν
678 4690 1020 4758 κατάγματα
1053 4686 1273 4747 αὐτῶν,
1315 4683 1559 4756 δηλονότι
1592 4682 1825 4751 δεσμοὺς
1868 4680 1998 4733 ὑπο-

2105 4683 2257 4750 ιιιιείς
2289 4684 2563 4737 hominem
2601 4701 2629 4738 a
2667 4684 2972 4739 latronibus
3002 4685 3340 4739 vulneratum
3370 4697 3424 4741 et
3474 4687 3682 4741 contri-

415 4786 625 4840 ϐάλλων
667 4780 939 4851 λογικούς·
999 4777 1145 4831 οῦτω
1172 4775 1303 4845 γοῦν
1335 4775 1568 4845 ἐπέδησε
1601 4776 1713 4835 τοῖς
1749 4788 1996 4842 πνευμα-

2106 4781 2218 4825 tum
2246 4774 2371 4826 dum
2407 4773 2799 4845 Hierosolymis
2836 4774 3240 4831 Hieriehuntem
3268 4779 3642 4833 descenderet.

414 4882 586 4945 τικοῖς
630 4876 722 4932 καὶ
772 4878 1009 4945 λογικοῖς
1052 4874 1269 4944 δεσμοῖς
1324 4871 1415 4924 τὸν
1467 4869 1572 4923 ὑπὸ
1619 4866 1833 4939 λῃστῶν
1879 4867 2353 4938 τραυματισθέντα
2406 4870 2500 4923 καὶ
2548 4870 2901 4941 συντριϐέντα
2956 4873 3013 4923 ὲν
3058 4870 3137 4942 τῷ
3179 4870 3527 4925 καταϐαίνειν
3574 4870 3695 4925 ἀπὸ

425 4972 778 5048 Ἰερουσαλὴμ
806 4973 884 5035 εἰς
924 4970 988 5022 ’Ῑε
1000 4967 1155 5040 ριχώ.

416 5075 524 5129 Kal
573 5071 880 5141 δεσμεύων
910 5068 983 5121 τὰ
1011 5064 1445 5141 Δσυντρίμματα
1499 5059 1717 5141 αὐτῶν.
1771 5059 1836 5112 '0
1872 5058 2000 5127 ἀρι-

717 5139 879 5210 θμῶν
901 5136 1102 5203 πλήθη
1168 5132 1426 5202 ἄστρων,
1463 5150 1516 5186 κ.
1547 5149 1599 5185 τ.
1628 5132 1677 5185 λ.

485 5235 642 5290 Μετὰ
667 5234 727 5287 τὸ
770 5230 1022 5287 ἰάσασθαι
1060 5229 1187 5291 τοὺς
1221 5224 1719 5296 συντετριμμένους
1744 5221 1843 5293 τὴν
1869 5238 2003 5292 καρ-

394 5327 555 5388 δίαν,
590 5325 685 5379 καὶ
720 5324 883 5394 δῆσαι
929 5320 998 5374 τὰ
1038 5318 1420 5390 σύντριμματα
1467 5314 1666 5379 αὐτῶν,
1712 5312 2002 5380 ἐπανάγων

417 5422 496 5483 εἰς
542 5417 640 5489 τὴν
692 5415 928 5485 φυσικὴν
974 5412 1163 5481 ὑγείαν
1213 5410 1341 5472 τοὺς
1394 5407 1563 5461 πάλαι
1619 5406 2002 5477 νενοσηκότας,

416 5508 713 5581 φωστῆράς
737 5523 795 5559 τε
823 5506 1017 5567 αὐτοὺς
1038 5501 1514 5573 ἀπεργασάμενος,
1539 5497 1721 5564 ἀξίους
1742 5494 1836 5549 τοῦ
1865 5495 1995 5567 παρ’

418 5601 582 5657 αὐτοῦ
632 5597 866 5672 ἀριθμοῦ
910 5595 1222 5665 καθίστησι.
1276 5591 1534 5663 Συνὴθως
1567 5592 1596 5643 6
1650 5588 1808 5658 λόγος
1854 5604 1996 5658 συμ-

417 5697 608 5750 πλέκει
636 5694 695 5747 τό
722 5708 781 5744 τε
813 5690 942 5761 περὶ
980 5688 1253 5758 σωτηρίας
1283 5684 1606 5756 ἀνθρώπων,
1639 5683 1734 5736 καὶ
1760 5680 1833 5734 τὰ
1868 5682 1998 5752 περὶ

490 5795 535 5829 ⁷⁸
567 5792 733 5847 Marc.
765 5806 822 5855 x,
856 5789 943 5844 18.
1029 5786 1073 5816 ⁸ο
1113 5782 1419 5848 Matth.tx,
1451 5782 1539 5838 l2.
1614 5781 1658 5813 ⁸⁸
1697 5779 1828 5835 Luc.
1860 5794 1916 5846 ν,
1947 5776 2037 5832 32.

496 5883 603 5956 (‘26)
634 5882 779 5936 Laus
812 5878 1092 5935 caelibatus
1122 5873 1380 5943 religiosi.

2289 5058 2451 5112 Vens.
2470 5058 2521 5111 ὅ.
2560 5057 2625 5111 Et
2647 5058 2875 5127 alligans
2898 5059 3234 5111 contritiones
3267 5073 3467 5111 eorum.

2200 5129 2363 5183 Vens.
2395 5131 2446 5183 4.
2488 5128 2591 5193 Qui
2616 5138 2853 5183 numerat
2878 5128 3262 5182 multitudinem
3293 5128 3587 5180 stellarum.

2178 5220 2306 5275 Post
2329 5232 2549 5275 sanatos
2602 5236 2698 5275 eos
2725 5222 2816 5289 qui
2852 5222 3068 5274 fuerant
3118 5222 3282 5274 corde
3326 5218 3578 5281 contriti,
3628 5229 3685 5273 et

2107 5321 2230 5380 post
2260 5311 2496 5381 ipsornrn
2541 5310 2901 5366 contritiones
2965 5310 3237 5379 alligatas,
3273 5308 3327 5360 in
3378 5306 3681 5363 naturalem

2110 5403 2471 5458 valetudinem
2501 5405 2629 5457 olim
2660 5418 2834 5473 aegros
2880 5416 3169 5473 reponens,
3203 5415 3404 5468 eosque
3451 5399 3689 5453 lumina-

2106 5496 2247 5549 rium
2282 5496 2452 5550 instar
2479 5496 2530 5550 in
2557 5496 2689 5551 orbe
2712 5495 3008 5560 eollocans,
3037 5495 3227 5562 dignos
3250 5492 3426 5545 electo
3452 5506 3686 5545 numero

2106 5602 2207 5641 suo
2242 5586 2424 5644 ellicit.
2468 5588 2616 5642 More
2660 5587 2822 5642 solito
2860 5586 3143 5639 Psalmista
3192 5582 3384 5637 salutis
3435 5584 3686 5638 humanm

2108 5688 2486 5750 argumentum
2521 5693 2643 5735 cum
2676 5674 2964 5731 universali
2994 5673 3338 5730 Providentia
3386 5670 3689 5740 connectit,
