4138 6450
463 413 527 468 57
1163 409 1424 466 EUSEBII
1463 408 1931 465 CESARIENSIS
1970 406 2120 463 OPP.
2165 406 2343 461 PARS
2383 404 2472 461 ιιι.
2510 436 2580 446 —
2618 406 3035 467 EXEGETICA.
3256 396 3263 401 ’
3646 424 3716 475 σε

458 531 837 584 demonstrans
859 527 1030 585 Deum
1051 542 1159 582 non
1192 531 1424 597 partium
1480 525 1854 581 tantummodo
1880 523 2019 579 orbis

2133 522 2233 591 τῆς
2264 520 2495 575 καθόλου
2528 523 2815 593 Προνοίας,
2846 526 3082 592 δεικνὺς,
3099 528 3176 591 ὡς
3202 529 3265 582 οὺ
3298 530 3459 600 μόνον
3492 536 3715 602 κηόεται

459 633 645 673 curam
665 634 867 689 gerere.
889 635 1073 673 vermn
1101 619 1266 672 etiam
1296 619 1657 673 humanorum
1680 619 2024 686 dogmatum:

459 722 514 765 et
546 713 688 779 quod
714 711 860 766 solus
889 712 1105 765 noverit
1145 713 1423 764 astrorum
1457 723 1772 770 numerum,
1800 706 2027 776 positio-

461 818 578 866 nes,
609 812 663 857 et
683 818 897 868 causas,
926 802 1328 871 magnitudines
1349 816 1570 871 quoque
1609 811 1665 853 et
1697 799 1984 854 distantias
2009 836 2027 863 ,

461 893 762 949 virtuteset
803 892 1116 958 eiiicaciam,
1169 895 1465 963 unicuique
1521 893 1775 948 idoneum
1832 905 2029 945 nomen

462 985 758 1052 imponens.
1292 1048 1299 1053 _

604 1072 765 1128 Vens.
791 1073 843 1127 7.
873 1054 1155 1128 Prwcinite
1182 1074 1412 1128 Domino
1456 1074 1510 1127 in
1531 1073 1884 1142 confessione.

530 1162 909 1236 Symmachus,
943 1162 1220 1220 Recensete
1260 1164 1373 1220 Deo
1408 1165 1808 1234 confessionem,
1854 1162 2029 1218 canit:

459 1255 565 1311 Deo
583 1267 769 1311 nostro'
790 1275 909 1311 cum
934 1259 1075 1328 lyra.
1110 1258 1300 1328 Aquila
1332 1276 1348 1312 :
1372 1256 1645 1312 Recensete
1664 1256 1888 1311 Domino
1908 1271 2028 1309 cum

454 1350 742 1418 gratiarum
782 1350 1012 1414 actione,
1053 1351 1224 1403 canite
1259 1348 1371 1403 Deo
1405 1360 1590 1402 nostro
1643 1364 1762 1400 cum
1791 1346 2023 1400 cithara.

454 1441 553 1506 Qui
607 1440 731 1496 aliis
784 1441 1185 1495 confessionem
1219 1449 1274 1495 et
1316 1440 1581 1510 psalmum
1613 1438 1907 1507 imperant,
1943 1438 2028 1492 di-

454 1533 595 1588 versi
615 1532 733 1587 sine
761 1531 927 1587 dubio
949 1539 1077 1586 sunt
1101 1532 1168 1585 ab
1192 1531 1259 1586 iis
1294 1529 1493 1601 quibus
1537 1530 1854 1600 imperatur.
1882 1527 2027 1596 Ergo

454 1626 649 1680 chorus
677 1622 1024 1693 propheticus
1048 1632 1105 1678 et
1133 1622 1460 1691 apostolicus
1486 1620 1555 1676 ad
1577 1621 1827 1675 eumdem
1856 1618 2024 1674 Deum

452 1730 567 1775 eos,
597 1714 687 1784 qui
717 1715 783 1769 de
810 1728 1038 1768 numero
1081 1730 1187 1768 non
1221 1721 1399 1775 erant,
1446 1721 1622 1774 vocat,
1665 1711 1917 1766 ethnicos
1950 1710 2027 1764 ni-

2128 610 2238 662 τῶν
2275 610 2370 664 τοῦ
2403 612 2612 682 κόσμου
2644 614 2849 685 μερῶν,
2902 615 3040 669 ἀλλὰ
3076 619 3171 671 καὶ
3212 619 3321 673 τῶν
3354 621 3714 693 ἀνθρωπίνων

2128 701 2445 772 δογμάτωνο
2483 704 2577 756 καὶ
2613 705 2773 774 μόνος
2797 706 3033 777 ἀριθμὸν
3076 708 3293 781 ἄστρων
3333 708 3464 772 οἶδε.
3496 714 3590 766 καὶ
3622 713 3713 767 θέ-

2130 810 2263 857 σεις,
2309 793 2405 847 καὶ
2452 793 2552 858 τὰς
2600 797 2800 862 αἰτίας,
2853 798 3055 873 μεγέθη
3102 818 3160 854 τε
3193 802 3287 855 καὶ
3326 803 3714 876 ἀποστήματα,

2128 884 2385 956 δυνάμεις
2415 902 2475 938 τε
2509 887 2605 940 καὶ
2634 890 2940 960 ἐνεργείας,
2964 892 3180 963 ἑκάστῳ
3207 894 3516 967 πρόσφορον
3544 896 3714 969 ὄνομα

2128 976 2359 1048 τίθησιν.

2296 1068 2615 1137 Ἐξὰρξατε
2654 1068 2735 1134 τῷ
2762 1072 2959 1140 Κυρίῳ
2989 1073 3059 1126 ἐν
3086 1074 3542 1147 ἐξομολογήσει.

2210 1159 2267 1212 '0
2299 1158 2616 1231 Σύμμαχος,
2649 1163 3031 1227 Καταλέεατε
3059 1164 3141 1230 τῷ
3182 1168 3381 1237 Κυρίῳ
3424 1170 3713 1239 ἐξομολό-

2127 1266 2329 1321 γησιν,
2374 1251 2769 1321 μελῳδήσατε
2819 1253 2901 1318 τῷ
2963 1254 3084 1321 Θεῷ
3129 1256 3300 1327 ήμῶν
3345 1258 3445 1313 διὰ
3496 1263 3706 1331 λύρας.

2140 1341 2391 1406 Ἀκύλας,
2424 1344 2805 1408 Καταλέξατε
2849 1344 2930 1411 τῷ
2972 1350 3169 1415 Κυρίῳ
3219 1350 3291 1403 ἐν
3338 1353 3710 1421 εὐχαριστίᾳ,

2120 1431 2513 1502 μελῳδήσατε
2540 1433 2621 1499 τῷ
2649 1433 2771 1500 Θεῷ
2801 1435 2971 1505 ἡμῶν
2992 1437 3063 1491 ἐν
3086 1438 3319 1507 κιθάρᾳ.
3349 1441 3412 1493 0i
3435 1444 3713 1513 προστάτ-

2125 1542 2307 1588 τοντες
2338 1525 2545 1597 ἑτέροις
2578 1524 3016 1596 ἐξομολογεῖσθαι
3048 1530 3143 1583 καὶ
3173 1530 3417 1599 ψάλλειν,
3444 1533 3620 1605 ἐτεροι
3644 1534 3713 1590 ἂν

2125 1613 2234 1671 εἷεν
2273 1617 2382 1670 τῶν
2426 1618 2932 1690 προσταττομένωνο
2969 1620 3130 1691 χορὸς
3156 1621 3335 1675 τοίνυν
3376 1625 3712 1695 προφητικὸς

2123 1709 2214 1764 διὰ
2245 1709 2466 1788 τούτων,
2481 1710 2576 1764 καὶ
2600 1709 2961 1774 άποστολικδς
2992 1712 3088 1765 ἐπὶ
3113 1713 3205 1769 τὸν
3240 1714 3402 1769 αὐτὸν
3427 1715 3559 1769 Θεὸν
3582 1716 3711 1782 τοὺς

454 1806 672 1869 mirum,
706 1806 894 1861 dicens
926 1824 940 1859 :
977 1804 1201 1859 Psaltite
1240 1804 1350 1859 Deo
1375 1816 1579 1858 nostra.
1609 1800 1809 1858 Jubent
1840 1814 2019 1857 autem

2130 1804 2204 1875 μὴ
2235 1804 2397 1868 ὄντας
2419 1802 2480 1869 ἐξ
2505 1803 2684 1858 αὐτῶν
2711 1802 3083 1869 ἀνακαλεῖται,
3119 1806 3246 1866 τοὺς
3270 1806 3379 1860 ἀπὸ
3401 1806 3511 1861 τῶν
3538 1807 3710 1862 ἐθνῶν

453 1898 569 1953 haec
594 1898 778 1960 verba,
814 1905 991 1951 mente
1022 1897 1243 1965 quidem
1274 1906 1330 1951 et
1360 1894 1781 1965 cogitationibus
1829 1896 2019 1948 animo:

2127 1864 2390 1967 δηλονότι,
2423 1864 2693 1965 λέγοντεςο
2734 1897 2971 1953 Ψάλατε
3016 1864 3097 1963 np
3144 1864 3267 1962 Θεῷ
3300 1897 3490 1967 ἡμῶν.
3531 1900 3710 1971 Προσ-

453 1990 723 2053 conﬁteri,
754 1989 1000 2059 corporis
1028 1998 1210 2042 autem
1240 1989 1519 2058 Operibus,
1550 1985 1718 2041 veluti
1759 1986 1913 2056 pulsa
1944 1984 2025 2039 ci-

452 2078 632 2145 thara,
685 2080 785 2148 ipsi
837 2078 1098 2149 psallere.
1131 2077 1198 2133 Et
1242 2078 1459 2147 quidem
1491 2092 1642 2132 more
1677 2091 1776 2131 suo
1826 2091 2026 2145 corpus

450 2169 687 2239 psalterii
723 2170 1052 2239 citharaeque
1076 2169 1297 2224 nomine
1330 2167 1617 2223 Psalmista
1644 2167 1892 2231 denotat,
1924 2181 2023 2222 ceu

449 2260 712 2316 concinne
737 2270 795 2316 et
815 2261 1060 2330 sapiente
1094 2276 1222 2317 cum
1253 2260 1537 2315 harmonia
1566 2270 1933 2329 compactum.
1965 2259 2022 2314 In

448 2351 552 2408 huc
587 2353 731 2407 enim
763 2368 918 2408 mens
962 2353 1180 2408 virtutis
1206 2352 1464 2422 operibus
1502 2367 1728 2420 canens,
1781 2354 2021 2408 divinam

446 2443 859 2515 spiritalemque
888 2444 1001 2501 Deo
1036 2444 1220 2501 reddit
1259 2443 1569 2500 melodiam.

629 2725 792 2782 Vnus.
834 2727 886 2781 9.
922 2724 1025 2790 Qui
1050 2727 1142 2778 dat
1179 2704 1349 2778 escam
1382 2723 1544 2793 pullis
1566 2738 1841 2777 corvorum

956 2797 1319 2850 invocantibus
1357 2812 1503 2849 eum.

518 2886 739 2941 Tradita
769 2885 927 2939 nobis
958 2894 1041 2939 est
1081 2884 1307 2955 physica
1338 2881 1581 2953 quaedam
1614 2880 1893 2947 doctrina,
1924 2894 2023 2935 ceu

449 2977 492 3033 si
521 2976 648 3046 pulli
694 2991 983 3031 corvorum
1017 2988 1048 3029 a
1100 2977 1217 3029 suis
1246 2972 1588 3044 parentibus,
1622 2986 1728 3025 non
1760 2986 1915 3042 atque
1959 2986 2025 3026 ac

448 3069 589 3123 alius
612 3067 823 3139 generis
861 3067 1040 3121 avium
1083 3066 1237 3135 pulli,
1291 3064 1530 3119 alantur.
1560 3062 1769 3119 Revera
1802 3064 2022 3119 destitui

448 3161 700 3216 dicuntur
751 3175 781 3214 a
833 3161 1169 3231 genitoribus
1218 3159 1331 3213 suis
1388 3172 1677 3213 corvorum
1720 3156 1875 3225 pulli,
1926 3155 2021 3210 sed

452 3261 635 3305 tamen
661 3250 820 3306 aliter
844 3251 911 3303 ali
942 3248 1265 3303 mirabiliter
1293 3266 1323 3303 a
1355 3247 1447 3302 Dei
1473 3246 1737 3317 potentia.
1787 3244 1926 3300 Nam
1966 3256 2023 3299 et

448 3353 736 3412 antequam
785 3343 986 3412 proprii
1048 3350 1302 3411 parentes
1364 3339 1650 3404 accedant,
1718 3337 1872 3391 hiare
1923 3351 2020 3392 ore

445 3435 723 3501 dicuntur,
777 3448 916 3488 esca:
955 3433 1321 3497 necessitate;
1370 3439 1448 3495 et,
1478 3441 1539 3485 ut
1568 3430 1747 3486 solent
1795 3430 1872 3485 illi
1921 3429 2019 3499 qui

451 3526 619 3583 Deum
678 3526 968 3591 invocant,
1005 3524 1234 3579 naturali
1282 3523 1513 3594 quodam
1545 3522 1804 3577 instinctu
1835 3522 2015 3576 cibqu

445 3629 631 3689 petere
653 3619 723 3672 ab
750 3632 815 3671 eo
841 3618 930 3685 qui
962 3626 1215 3670 naturam
1242 3613 1483 3669 donavit.
1505 3612 1683 3682 Atque
1711 3614 1783 3667 ita
1811 3610 2018 3669 deferri

447 3713 513 3764 ad
550 3725 645 3763 eos
677 3724 775 3779 per
803 3723 983 3764 aerem
1018 3721 1202 3763 escam
1229 3708 1492 3776 aliquam,
1528 3719 1663 3760 aura
1694 3706 1925 3775 quadam
1963 3707 2015 3759 in

441 3819 502 3859 os
531 3803 789 3859 delatam.

907 3996 1234 4054 I’SALMUS
1261 3994 1521 4054 CXLVII.

610 4090 774 4145 Vens.
813 4088 868 4143 8.
895 4089 1228 4144 Annuntians
1253 4091 1458 4144 verbum
1489 4104 1644 4143 suum
1664 4087 1855 4143 Iacob.

510 4183 604 4238 Ait
638 4182 923 4237 Eusebius.
963 4184 1235 4237 Accurate
1269 4181 1560 4236 admodum
1615 4180 1830 4235 videtur
1881 4179 2014 4233 mihi

445 4276 545 4333 hoc
576 4276 892 4331 vocabulum
924 4274 1129 4344 aliquid
1164 4274 1386 4339 docere,
1447 4287 1641 4343 nempe
1690 4273 2014 4326 annuntians

442 4384 729 4423 sermonem
767 4385 921 4422 suum
948 4367 1174 4422 Iacobo.
1207 4365 1324 4420 Non
1354 4365 1501 4421 enim
1531 4365 1669 4419 dixit
1693 4366 1901 4418 mittens
1931 4363 2013 4419 vel

440 4461 528 4529 qui
553 4462 716 4514 misit.
752 4460 912 4515 Aliud
936 4475 1065 4516 vero
1095 4469 1179 4514 est
1201 4459 1555 4523 annuntiare,
1601 4455 1747 4511 aliud
1797 4456 2014 4511 mittere

2126 1988 2311 2041 τάττει
2350 1989 2408 2042 δὲ
2459 1990 2487 2041 ό
2531 1988 2688 2058 λόγος
2713 1989 2922 2060 διανοίᾳ
2956 1988 3057 2061 μέν
3097 1991 3192 2042 καὶ
3227 1988 3507 2060 λογισμοῖς
3530 1991 3709 2064 ψυχῆς

2126 2078 2594 2149 ἐξομολογεῖσθαι,
2649 2078 2832 2150 ἔργοις
2877 2080 2936 2134 δὲ
2992 2081 3106 2145 τοῖς
3164 2080 3256 2134 διὰ
3301 2081 3398 2135 τοῦ
3457 2081 3708 2153 σώματος

2124 2165 2312 2240 ὥσπερ
2372 2168 2461 2223 διά
2518 2168 2748 2240 κιθάρας
2799 2169 3199 2241 ἐνεργουμένης
3250 2169 3476 2241 ψάλλειν
3532 2171 3705 2243 αὐτῷ’

2125 2258 2368 2331 συνήθως
2394 2260 2452 2313 δέ
2481 2261 2543 2314 τὸ
2578 2260 2737 2333 σῶμα
2776 2261 3075 2333 ψαλτήριον
3107 2263 3205 2317 καὶ
3232 2263 3467 2335 κιθάραν
3492 2264 3709 2335 ὠνόμα-

2125 2370 2237 2416 σεν,
2269 2353 2366 2407 ἅτε
2393 2352 2683 2426 εὐρύθμως
2713 2356 2810 2409 καὶ
2843 2354 2963 2426 μεθ’
2981 2354 3248 2427 ἁρμονίας
3278 2357 3452 2427 σοφῆς
3489 2357 3710 2426 συγκεί-

2127 2464 2286 2518 μενον
2303 2464 2318 2478 ·
2364 2450 2423 2501 ἐν
2464 2447 2639 2518 τούτῳ
2663 2447 2774 2521 γὰρ
2813 2451 2841 2503 ὁ
2865 2450 2991 2514 νοῦς
3017 2451 3454 2523 ἀνακρουόμενος
3479 2450 3567 2506 διά
3597 2451 3709 2506 τῶν

2125 2541 2244 2593 κατ’
2278 2539 2481 2610 ἀρετὴν
2525 2538 2779 2610 πράξεων
2821 2541 2921 2612 τὴν
2941 2538 3153 2597 ’ἔνθεον
3190 2544 3286 2596 καὶ
3331 2543 3709 2617 πνευματικὴν

2128 2630 2398 2702 μελῳδίαν
2430 2631 2746 2702 ἀναπέμπει
2777 2630 2856 2703 τῷ
2879 2631 3000 2704 Θεῷ
3034 2632 3177 2704 (27).

2125 2721 2358 2776 Διδόντι
2390 2721 2754 2795 τροφὴν-,καὶ
2783 2725 2908 2790 τοῖς
2954 2728 3238 2795 νεοσσοῖς
3273 2723 3391 2780 τῶν
3431 2726 3708 2795 κοράκων

2470 2792 2593 2858 τοῖς
2621 2791 3121 2864 ἐπικαλουμένοις
3147 2797 3353 2850 αὐτόν.

2197 2877 2369 2937 Ἦλθε
2404 2883 2462 2936 δέ
2488 2900 2572 2947 τις
2605 2885 2684 2948 εἰς
2708 2886 2857 2956 ἡμᾶς
2905 2884 3131 2953 φυσικὸς
3154 2886 3331 2955 λόγος,
3361 2885 3438 2951 ὠς
3473 2886 3548 2959 μὴ
3579 2904 3707 2960 τρε-

2126 2975 2376 3045 φομένων
2398 2975 2626 3029 νεοττῶν
2641 2975 2752 3029 τῶν
2775 2977 3026 3048 κοράκων
3045 2977 3148 3030 ὑπὸ
3170 2977 3279 3033 τῶν
3300 2980 3702 3050 γεννησάντων,

2124 3065 2326 3137 ὁμοίως
2356 3070 2469 3130 τοῖς
2497 3066 2603 3120 τῶν
2632 3067 2808 3121 ἄλλων
2846 3066 3049 3139 ὀρνέων
3092 3068 3345 3134 νεοττοῖς·
3382 3070 3707 3124 καταλείπε-

2126 3154 2250 3208 σθαι
2282 3155 2381 3226 μέν
2412 3155 2520 3227 γάρ
2558 3154 2665 3208 τῶν
2704 3156 2956 3227 κοράκων
2986 3157 3118 3227 φασὶ⁵
3157 3158 3283 3222 τοὺς
3310 3159 3561 3223 νεοττοὺς
3600 3157 3704 3211 ὑπὸ

2126 3245 2234 3299 τῶν
2258 3246 2681 3317 γεγεννηκότων,
2706 3246 2999 3319 τρέφεσθαι
3036 3248 3094 3303 δέ
3116 3247 3261 3321 ἄλλῳ
3298 3249 3583 3321 παραδόξῳ
3607 3248 3703 3303 τοῦ

2127 3338 2264 3392 Θεοῦ
2310 3339 2571 3411 δυνάμειο
2626 3339 2824 3410 μηκέτι
2887 3342 2994 3414 γάρ
3054 3341 3237 3408 αὐτοῖς
3295 3342 3703 3414 πλησιαζόντων

2127 3432 2551 3503 γεγεννηκότων,
2600 3430 2890 3503 κεχηνέναι
2931 3432 2991 3486 τὺ
3034 3433 3203 3504 στόμα
3250 3432 3459 3505 τροφῆς
3502 3433 3703 3503 ἐνδείᾳ,

2126 3523 2222 3576 καὶ
2258 3522 2493 3576 ἐοικέναι
2530 3521 2977 3593 ἐπικαλουμένοις
3014 3524 3107 3577 τὸν
3154 3524 3309 3588 Θεὸν,
3358 3527 3560 3595 φυσικῇ
3597 3541 3704 3578 τινι

2127 3613 2375 3685 ἐνεργείᾳ
2407 3614 2507 3684 τὴν
2530 3614 2734 3686 τροφὴν
2764 3612 3046 3680 αἰτοῦντας
3074 3615 3225 3687 παρά
3250 3615 3344 3670 τοῦ
3374 3615 3435 3669 τὸ
3448 3611 3585 3671 εἶναι
3606 3619 3704 3692 αύ-

2124 3709 2237 3770 τοῖς
2266 3704 2637 3779 δεδωρημένου
2655 3723 2669 3735 ·
2699 3705 2842 3759 οὕτω
2870 3706 2928 3760 δὲ
2959 3707 3221 3779 φέρεσθαι
3262 3706 3448 3772 αὐτοῖς
3480 3725 3599 3763 τινα
3643 3709 3703 3774 ἐξ

2124 3797 2284 3869 ἀέρος
2324 3799 2530 3870 τροφὴν
2563 3797 2707 3853 κατὰ
2743 3797 2838 3852 τοῦ
2886 3800 3155 3871 στόματος
3197 3799 3304 3853 ὑπό
3344 3816 3489 3864 τινος
3526 3800 3703 3874 αὔρας

2126 3890 2360 3944 συνωθου
2366 3890 2555 3963 μένην.

2666 4005 2958 4060 ΨΑΛΜΟΣ
2991 4007 3171 4060 ΡΜΖ’.

2203 4098 2266 4151 '0
2293 4096 2692 4168 ἀπαγγέλλων
2718 4098 2827 4152 τὸν
2861 4098 3048 4167 λόγον
3069 4093 3259 4153 αὐτοῦ
3290 4096 3371 4163 τῷ
3413 4095 3628 4153 Ἰακώϐ.

2189 4190 2324 4261 Φησὶ
2344 4190 2402 4243 δὲ
2432 4189 2526 4243 καὶ
2547 4188 2575 4240 ό
2602 4188 2863 4252 Εύσὲὃιος
2893 4190 3028 4261 (28).
3049 4189 3261 4260 Σφόδρα
3286 4189 3342 4241 δέ
3376 4188 3700 4263 ἀπηκριϐω-

2124 4282 2298 4352 μένως
2326 4298 2416 4353 μοι
2444 4281 2642 4351 δοκεῖὴ
2675 4280 2924 4351 παροῦσα
2951 4280 3095 4344 λέξις
3111 4279 3405 4347 διδάσκειν,
3441 4277 3494 4333 Ὀ
3518 4280 3703 4350 ἀπατ-

2120 4373 2353 4442 γέλλων
2378 4371 2486 4425 τόν
2507 4372 2695 4440 λόγον
2734 4371 2922 4425 αὐτοῦ
2948 4370 3028 4437 τῷ
3067 4368 3288 4446 Ἰακώϐ·
3320 4370 3381 4425 ού
3407 4372 3516 4445 γάρ
3549 4374 3703 4444 εἴρη-

2118 4479 2236 4526 κεν,
2281 4465 2316 4516 ό
2363 4461 2782 4524 ἀποστέλλων,
2817 4460 2850 4532 ἢ
2898 4464 2931 4516 ό
2975 4462 3368 4528 ἀποστείλας.
3412 4462 3573 4517 ’Δλλο
3603 4463 3700 4535 δή·

443 4554 524 4611 vel
553 4554 713 4608 mitti.
757 4551 914 4607 Prius
946 4555 1093 4608 enim
1129 4550 1408 4623 portendit
1436 4551 1580 4620 quod
1615 4549 1856 4604 futurum
1889 4558 2008 4615 est,

2123 4571 2225 4607 που
2248 4552 2398 4606 ἐστὶν
2424 4553 2779 4622 ἀπαγγεῖλαι,
2807 4552 2901 4606 καὶ
2924 4552 3051 4608 ἄλλο
3082 4554 3142 4607 τὸ
3168 4552 3484 4608 ἀποστεῖλαι
3514 4553 3548 4626 ἢ
3572 4556 3704 4608 ἀπο-

441 4652 494 4699 et
524 4643 806 4714 praedicit;
858 4643 1087 4698 alterum
1118 4659 1249 4700 vero
1307 4656 1421 4697 rem
1455 4650 1773 4710 praesentem
1807 4639 2009 4712 signin-

441 4745 546 4800 cat,
571 4737 624 4791 id
651 4743 756 4803 est,
786 4749 947 4805 quem
983 4735 1099 4805 ipse
1126 4735 1275 4790 misit
1296 4735 1363 4789 ad
1393 4733 1819 4804 praedicandum.
1851 4733 1925 4787 Ita
1955 4739 2016 4785 ut

440 4826 779 4881 annuntiatio
803 4825 1019 4894 quidem
1057 4834 1114 4879 et
1164 4823 1444 4895 praedictio
1471 4822 1662 4888 futuri,
1706 4824 1797 4878 uni
1824 4821 2011 4877 lsraeli

441 4917 583 4974 facta
634 4916 827 4983 fuerit;
870 4917 1058 4971 missio
1116 4930 1298 4970 autem
1360 4931 1464 4971 non
1498 4916 1627 4970 huic
1667 4914 1782 4978 uni,
1818 4928 2010 4970 verum

437 5013 600 5065 etiam
636 5011 850 5065 cunctis
874 5009 996 5063 aliis
1014 5009 1291 5078 gentibus.
1331 5005 1444 5061 Sed
1478 5006 1712 5062 fortasse
1732 5006 1881 5061 dicet
1907 5006 2012 5061 ali-

437 5102 559 5171 quis
586 5120 600 5157 :
637 5102 698 5156 Si
725 5102 936 5158 caeteris
969 5100 1279 5157 hominibus
1306 5100 1695 5155 revelationem
1718 5115 1824 5155 non
1858 5099 2010 5166 fecit,

438 5198 707 5266 quomodo
746 5210 840 5251 eos
872 5198 1046 5266 punit,
1074 5207 1267 5263 nempe
1299 5194 1465 5248 etiam
1497 5192 1619 5246 illos
1649 5191 1740 5260 qui
1777 5200 1907 5246 ante
1934 5192 2013 5245 le-

438 5300 558 5354 gem
593 5286 867 5350 vixerunt,
904 5295 959 5340 et
1003 5295 1116 5339 toto
1160 5284 1297 5339 orbe
1335 5291 1661 5352 peccatores
1688 5279 1883 5334 fuere?
1922 5279 2012 5334 Di-

439 5378 611 5432 cimus
636 5392 770 5447 ergo
800 5377 902 5431 hos
933 5376 1151 5446 quidem
1173 5374 1412 5446 judicari
1445 5388 1474 5427 a
1509 5372 1621 5427 Deo
1658 5386 1723 5425 ex
1742 5371 1867 5440 jure
1920 5387 2013 5426 na-

441 5466 626 5532 turali,
652 5467 797 5537 quod
830 5466 987 5522 nobis
1042 5465 1312 5530 inhaeret;
1358 5461 1631 5517 lsraelitas
1674 5469 1854 5513 autem
1899 5466 2011 5513 tum

437 5559 559 5628 jure
588 5557 845 5625 naturali,
869 5569 982 5615 tum
999 5561 1165 5613 etiam
1185 5556 1420 5625 scripto,
1452 5552 1527 5606 ita
1556 5561 1616 5606 ut
1648 5550 1822 5621 majus
1846 5550 2015 5607 bene-

2112 4644 2579 4699 στέλλεσθαιοητδ
2622 4644 2730 4715 μένι
2764 4643 2873 4717 γὰρ
2914 4643 3219 4718 προμηνύει
3268 4646 3331 4699 τὸ
3373 4645 3563 4717 μέλλον
3604 4645 3702 4700 καὶ¹

2112 4736 2388 4810 προλέγει’
2437 4736 2499 4790 τὺ
2535 4736 2592 4790 δέ
2631 4736 2934 4807 παρουσίαν
2978 4738 3255 4809 σημαίνει,
3306 4738 3401 4791 καὶ
3432 4738 3525 4791 τὸν
3563 4739 3702 4793 άπυ-

2114 4827 2381 4881 σταλὲντα
2417 4827 2484 4880 δι’
2515 4826 2710 4881 ἐαυτοῦ
2738 4828 3026 4900 κηρύττειν
3046 4847 3059 4860 ·
3092 4829 3231 4883 ὥστε
3272 4829 3370 4901 τὴν
3398 4831 3495 4901 μὲν
3520 4831 3702 4898 άπαγ-

2113 4916 2301 4987 γελίαν
2332 4919 2428 4972 καὶ
2452 4919 2550 4989 τὴν
2579 4920 2882 4992 πρόρρησιν
2908 4920 3001 4974 τοῦ
3035 4920 3343 4992 μέλλοντος,
3368 4918 3700 4991 γεγενῆσθαι

2120 5006 2273 5080 παρὰ
2322 5008 2469 5080 μόνῳ
2499 5008 2578 5080 τῷ
2624 5009 2859 5082 Ἰσραὴλ,
2905 5010 3003 5084 τὴν
3035 5010 3091 5064 δέ
3137 5011 3443 5082 ἀποστολὴν
3488 5010 3589 5065 οὐκ
3631 5010 3700 5065 ἂν

2118 5097 2311 5170 ἐκείνῳ
2346 5100 2512 5171 μόνῳ,
2558 5099 2695 5155 άλλά
2740 5103 2835 5156 καὶ
2882 5105 3016 5157 πᾶσι
3061 5105 3173 5168 τοῖς
3220 5102 3425 5165 λοιποῖς
3465 5101 3695 5155 ἔθνεσιν.

2105 5183 2269 5245 ,Ἀλλ’
2302 5185 2431 5249 ῖσως
2456 5185 2599 5241 εἴποι
2630 5205 2713 5252 τις
2738 5188 2824 5242 άνο
2851 5191 2961 5244 Καὶ
2990 5190 3065 5261 μὴ
3084 5190 3333 5262 δηλώσας
3359 5194 3471 5254 τοῖς
3491 5190 3699 5256 λοιποῖς

2117 5274 2445 5347 ἀνθρώποις,
2488 5279 2605 5344 πῶς
2636 5281 2831 5346 αὐτοὺς
2871 5282 3109 5347 κολάζει,
3153 5287 3249 5337 καὶ
3287 5284 3416 5348 τοὺς
3454 5282 3561 5354 πρὸ
3603 5282 3697 5337 τοῦ

2116 5369 2285 5439 νόμου
2315 5370 2410 5423 καὶ
2445 5372 2569 5435 τοὺς
2598 5373 2913 5444 ἅπανταχοῦ
2954 5373 3055 5444 τῆς
3095 5374 3422 5445 οἰκουμένης
3447 5375 3700 5447 ἁμαρτά-

2120 5476 2310 5523 νοντας
2334 5476 2349 5526 ;
2381 5462 2490 5514 Καὶ
2524 5464 2721 5535 φαμέν·
2750 5465 2984 5530 Τούτους
3010 5468 3109 5537 μέν
3145 5467 3321 5540 κρίνει
3351 5468 3459 5522 άπὸ
3481 5468 3576 5522 τοῦ
3604 5486 3701 5537 φυ-

2124 5550 2279 5605 σικοῦ
2322 5552 2486 5624 νόμου
2522 5556 2619 5610 καὶ
2661 5556 2757 5610 τοῦ
2792 5559 2850 5609 ἐν
2889 5560 3044 5630 ἡμῖν,
3084 5561 3209 5625 τοὺς
3248 5559 3306 5614 δὲ
3358 5559 3700 5632 Ἰσραηλίτας

511 5786 623 5859 (9.7)
657 5787 856 5843 Confer
891 5801 1076 5842 rursus
1106 5786 1230 5859 hac
1264 5796 1428 5859 super
1468 5794 1526 5834 re
1569 5777 2007 5859 Nicetae‘editum
2046 5793 2077 5835 a
2104 5781 2260 5838 nobis
2277 5777 2562 5855 prologum
2597 5782 2818 5842 Catenae
2855 5786 3076 5844 Patrum
3102 5788 3156 5847 in
3184 5750 3449 5847 Psalmos.

510 5847 622 5926 (28}
647 5859 843 5916 Recole
874 5861 1127 5915 adnotata
1167 5856 1232 5910 ad
1270 5847 1537 5924 psaltriam
1572 5861 1754 5915 cxuv,
1782 5847 1869 5903 l5.
