4138 6446
393 415 464 472 69
1524 410 1971 468 COMMENTARI

2072 416 2138 470 IN
2179 412 2521 471 PSALMOS.
3597 410 3667 462 70

392 538 489 591 καὶ
530 538 636 590 ἀπὸ
661 535 849 588 τούτου
886 536 980 589 καὶ
1014 534 1123 588 ἀπὸ
1166 534 1262 587 τοῦ
1309 535 1557 606 γραπτοῦ
1604 536 1739 605 (29),
1764 535 1905 588 ὥστε
1948 539 1971 589 i

2090 538 2293 599 ﬁcium,
2331 536 2552 605 majoris
2606 533 2974 589 damnationis
3022 534 3107 588 his
3137 547 3301 587 causa
3361 532 3475 598 ﬁat,
3529 530 3667 584 obe-

393 629 563 699 πολλὴ
604 628 894 698 εὐεργεσία
939 628 1185 692 πλείονος
1228 628 1410 692 αὑτοῖς
1440 630 1821 700 κατακρίσεως
1856 631 1971 683 ὑπό-

2089 629 2352 683 dientiam
2384 628 2806 699 negligentibus.
2843 628 3048 682 Idcirco
3088 627 3230 681 Deus
3280 625 3422 679 haud
3484 624 3663 677 dixit:

394 721 545 785 θεσις
591 720 802 788 γίνεται
855 721 1288 793 ῥερᾳθυμηκόσι·
1328 721 1416 775 διὰ
1456 721 1617 774 τοῦτο
1680 723 1773 775 καὶ
1818 724 1971 787 αὑτὸς

2084 721 2200 775 Non
2233 722 2361 775 fecit
2384 722 2530 774 onmi
2574 722 2742 791 genti,
2775 722 2868 775 sed
2897 720 2987 775 Sic
3022 736 3123 773 non
3146 718 3307 790 fecit;
3338 717 3390 771 id
3418 724 3523 780 est,
3560 731 3664 768 non

390 811 491 864 οὐκ
530 808 701 876 εἶπεν,
744 814 827 867 ὅτι
858 812 958 865 οὑκ
998 814 1222 883 ἐποίησε
1257 815 1419 867 παντὶ
1451 814 1616 878 ἔθνει,
1649 815 1763 869 ἀλλ’
1794 818 1971 883 οὕτως

2086 815 2299 869 tabulas
2329 813 2499 878 misit,
2528 829 2633 866 non
2666 814 2875 868 litteras
2899 814 2950 867 in
2976 822 3159 868 monte
3184 811 3338 875 Sina,
3366 810 3460 865 sed
3496 823 3664 878 pecu-

390 904 501 955 οὺκ
516 903 790 972 ἐποίησε·
810 904 1087 957 τουτέστιν
1109 904 1169 956 οὑ
1198 904 1414 969 πλάκας
1441 905 1707 976 ἔπεμψεν,
1725 908 1784 960 οὑ
1806 909 1971 979 γράμ-

2086 907 2300 961 liariter
2329 912 2535 960 tantum
2563 904 2782 962 Iudaeis.

393 1010 538 1062 ματα
606 993 673 1048 τὰ
712 994 806 1048 ἐπὶ
870 996 963 1048 τοῦ
1030 996 1215 1050 Σινέου
1264 997 1443 1069 ὅρους,
1497 999 1636 1053 ἀλλὰ
1704 1003 1818 1064 τοῖς
1871 1002 2001 1053 ’1ου-

389 1082 558 1153 δαίοις
589 1092 653 1143 ὲκ
686 1108 752 1144 πε
762 1091 1026 1162 ριουσίας.

909 1188 1204 1241 ΨΑΛΜΟΣ
1256 1188 1440 1241 ΡΜΗ’.

470 1274 560 1327 Ἐν
597 1276 696 1346 μὲν
724 1276 801 1348 τῷ
831 1279 952 1349 ρμε¹
992 1279 1192 1350 ψαλμῷ
1242 1281 1340 1351 μία
1373 1280 1497 1333 καθ’
1531 1281 1729 1353 ἑαυτὴν
1760 1282 1793 1353 ή
1828 1281 1975 1353 ψυχὴ

387 1366 480 1419 τὸν
514 1366 718 1440 Κύριον
771 1372 941 1425 αἰνεῖν
976 1372 1276 1438 ἐκελεύετο,
1321 1373 1619 1441 φάσκοντος
1664 1373 1759 1425 τοῦ
1793 1374 1975 1442 λόγου,

388 1458 573 1522 Αῖνει,
612 1459 650 1526 ἡ
696 1460 866 1530 ψυχή
906 1480 1046 1532 μου,
1084 1463 1193 1517 τὸν
1224 1466 1462 1533 Κύριον.
1510 1466 1596 1517 Ἐν
1629 1465 1686 1517 δὲ
1731 1464 1807 1535 τῷ
1859 1466 1977 1536 μετ’

388 1550 553 1602 αὑτὸν
584 1551 790 1621 πλῆθος
821 1554 914 1606 ἐπὶ
960 1556 1049 1607 τὸν
1083 1553 1233 1609 αἶνον
1268 1556 1451 1610 ἐκάλει
1481 1556 1569 1610 διὰ
1599 1556 1716 1620 τοῦ,
1758 1558 1980 1611 Αἰτεῖτε

388 1641 625 1708 Κύριον,
660 1642 749 1695 ὅτι
778 1644 1001 1714 ἀγαθὸν
1026 1649 1270 1718 ψαλμός
1290 1666 1302 1678 ·
1342 1650 1433 1701 ἐπὶ
1462 1649 1520 1701 δὲ
1550 1648 1643 1701 τοῦ
1677 1648 1806 1720 ἑξῆς
1839 1650 1974 1721 αὑτὴ

2563 1185 2885 1243 PSALMUS
2912 1185 3186 1241 CXLVIII.

2153 1283 2208 1335 lu
2235 1283 2444 1349 psalmo
2489 1281 2705 1349 quidem
2737 1294 2896 1344 chv,
2947 1278 3037 1332 uni
3089 1292 3185 1347 per
3216 1293 3273 1332 se
3319 1277 3515 1332 anima:
3546 1276 3660 1330 lau-

2081 1372 2216 1428 dare
2256 1373 2541 1427 Dominum
2570 1372 2958 1441 imperabatur.
2994 1369 3067 1423 lbi
3096 1370 3237 1423 enim
3266 1370 3461 1424 dicitur
3483 1389 3495 1424 :
3519 1369 3662 1422 Lau-

2081 1466 2149 1518 da
2177 1504 2193 1528 ,
2249 1466 2426 1518 anima
2453 1481 2565 1518 mea
2590 1504 2606 1529 ,
2660 1462 2942 1516 Dominum
2974 1462 3039 1514 ⁸³.
3085 1460 3141 1515 In
3194 1462 3439 1529 proximo
3481 1470 3660 1516 autem

2087 1557 2375 1611 multitudo
2414 1557 2745 1611 invitabatur
2796 1557 2879 1610 his
2924 1555 3108 1609 verbis
3148 1554 3433 1611 :Laudate
3479 1556 3665 1610 Domi-

2085 1664 2207 1700 num
2230 1689 2245 1714 ,
2279 1649 2527 1718 quoniam
2554 1650 2689 1701 bona
2726 1663 2805 1700 res
2837 1647 3072 1715 psalmus
3098 1647 3164 1701 ⁸³.
3200 1647 3441 1717 Denique
3472 1648 3523 1702 in
3557 1649 3665 1702 alio

398 1732 757 1804 Ἰερουσαλὴμ
806 1733 966 1787 τοῦτο
1006 1736 1268 1809 πράττειν
1320 1738 1719 1809 προσετάττετο
1770 1741 1830 1792 ὲν
1872 1738 1971 1810 τῷ,

2080 1739 2444 1807 subsequente
2474 1738 2589 1805 ipsa
2639 1738 2973 1791 Hierusalem
3007 1738 3111 1792 hoc
3139 1753 3297 1807 agere
3321 1737 3615 1805 jubebatur
3649 1760 3662 1795 :

402 1824 687 1891 Ἐπαίνει,
734 1826 1147 1899 Ἰερουσαλὴμ,
1191 1832 1300 1885 τὸν
1341 1833 1581 1900 Κύριον.
1644 1833 1977 1897 Ἀκολούθως

388 1911 482 1970 οὖν
508 1917 737 1983 ἐκείνοις
768 1921 795 1973 6
824 1921 1184 1993 προκείμενος
1215 1919 1365 1988 αἶνος
1391 1925 1648 1978 ἐπιτείνει
1671 1926 1731 1978 τὺ
1765 1926 1978 1997 παράγ-

389 2009 586 2079 γελμα,
634 2012 771 2081 μετὰ
822 2012 922 2083 τὴν
967 2016 1199 2087 μερικὴν
1249 2016 1650 2087 παρακέλευσιν
1702 2012 1864 2084 αῦξον
1916 2019 1978 2071 τὸ

389 2102 748 2173 πρόσταγμα·
786 2104 999 2175 ἁθρόως
1042 2124 1101 2159 τε
1148 2104 1283 2178 ὁμοῦ
1327 2108 1429 2179 τὴν
1476 2108 1709 2179 γενητὴν
1758 2110 1976 2165 ἃπασαν

391 2194 563 2247 κτίσιν
592 2196 691 2266 τήν
723 2214 783 2249 τε
810 2197 1094 2270 ὁρωμένην
1126 2200 1219 2253 καὶ
1248 2199 1345 2272 τὴν
1372 2201 1602 2271 ἀόρατον
1637 2203 1731 2255 ἐπὶ
1764 2200 1857 2257 τὸν
1890 2201 1977 2257 αῖ-

388 2302 477 2337 νον
507 2285 600 2338 τοῦ
635 2287 771 2339 Θεοῦ
804 2292 1092 2361 παρορμᾷ’
1127 2292 1268 2345 κατὰ
1312 2294 1409 2362 μὲν
1454 2294 1551 2365 τὴν
1590 2297 1764 2367 ἀρχὴν
1803 2296 1872 2350 τὰ
1918 2298 1976 2352 ἐν

389 2378 504 2438 τοῖς
526 2378 774 2448 οὐρανοῖς
806 2381 900 2432 καὶ
928 2381 1079 2435 τὰ·ὲν
1108 2386 1220 2447 τοῖς
1244 2384 1489 2453 ὑψίστοις
1517 2387 1787 2441 ἁνακαλού
1797 2404 1972 2460 μενος·

394 2463 595 2534 προῖὼν
628 2466 685 2518 δὲ
726 2466 793 2520 τὰ
824 2468 917 2521 ἐπὶ
956 2470 1057 2539 τῆς
1085 2473 1188 2543 γῆς
1224 2474 1319 2527 καὶ
1356 2475 1426 2528 τὰ
1463 2479 1521 2529 ὲν
1548 2480 1670 2540 ταῖς
1695 2477 1973 2544 ἁϐύσσοις,

389 2556 488 2625 οὑχ
532 2559 608 2621 ὡς
652 2559 869 2613 πάντων
907 2562 1087 2633 ψυχῆς
1133 2567 1227 2617 καὶ
1267 2566 1426 2635 λόγου
1471 2571 1828 2641 μετεχόντων,
1859 2573 1973 2626 ἀλλ’

388 2648 469 2709 είς
510 2647 686 2700 ταῦτα
726 2650 852 2714 τοὺς
896 2651 1053 2720 λόγου
1087 2656 1472 2728 μετειληχότας
1506 2661 1837 2716 ἀποϐλέπειν
1883 2681 1976 2717 κε·-

389 2735 557 2804 λεύει,
602 2740 695 2794 καὶ
744 2742 843 2812 τὴν
874 2743 1085 2809 τούτοις
1116 2748 1416 2819 γενομένην
1456 2752 1645 2821 σοφίαν
1689 2770 1971 2826 καταμαν-

391 2825 670 2893 θάνοντας,
703 2830 793 2883 τὸν
816 2833 1054 2905 Ηοιητὴν
1078 2836 1359 2905 ἀνυμνεῑν.

856 2923 965 2976 Καὶ
995 2922 1185 2979 πᾶσαι
1218 2925 1499 2984 ἄϐυσσοι.

462 3012 688 3083 ’Έτερος
754 3014 1027 3080 ἀϐύσσους
1072 3017 1169 3089 τὴν
1218 3019 1326 3073 τῶν
1370 3024 1736 3095 καταχθονίων
1801 3028 1971 3099 ἔφησε

2079 1828 2289 1893 Lauda,
2323 1828 2679 1895 Hierusalem,
2708 1828 2990 1883 Dominum
3016 1829 3083 1883 ⁸³⁵.
3118 1830 3494 1885 Couseutanea
3527 1845 3666 1899 pra:-

2077 1919 2238 1974 dictis
2287 1934 2526 1988 praesens
2556 1920 2674 1974 laus
2720 1918 2941 1987 jussum
2971 1921 3231 1989 ampliat;
3278 1931 3333 1975 et
3363 1923 3663 1992 congestim

2076 2021 2380 2065 creaturam
2411 2012 2572 2065 simul
2606 2014 2916 2067 universam
2954 2022 3062 2066 tam
3098 2014 3364 2069 visibilem
3389 2030 3551 2083 quam
3580 2015 3662 2068 in-

2077 2103 2347 2159 visibilem
2374 2106 2439 2158 ad
2474 2104 2564 2158 Dei
2601 2104 2815 2159 laudem
2844 2105 3047 2161 excitat
3080 2127 3092 2161 :
3129 2107 3283 2161 initio
3310 2107 3528 2176 quidem
3559 2120 3665 2161 co:-

2078 2196 2231 2251 Iestia
2280 2206 2336 2251 et
2383 2197 2755 2252 excelsissima
2789 2197 3026 2252 invitans
3057 2216 3071 2253 :
3109 2213 3234 2252 mox
3263 2199 3618 2269 progrediens
3644 2239 3659 2261 ,

2077 2288 2360 2342 terrestria
2404 2297 2459 2341 et
2507 2302 2626 2357 qua:
2662 2288 2713 2340 in
2753 2288 2965 2356 abyssis
3011 2298 3329 2343 versantur:
3366 2304 3471 2343 non
3516 2290 3659 2356 quod

2074 2379 2256 2431 omnia
2285 2378 2465 2431 anima
2497 2388 2550 2431 et
2592 2377 2801 2444 loquela
2835 2379 3055 2446 praedita
3092 2380 3218 2441 sint,
3256 2381 3349 2434 sed
3386 2380 3657 2448 homines,

2074 2469 2169 2537 qui
2203 2468 2410 2537 loquela
2439 2478 2562 2523 sunt
2592 2470 2820 2538 praediti,
2843 2469 2996 2537 jubet
3030 2471 3150 2525 illas
3173 2481 3453 2527 creaturas
3483 2473 3658 2542 respi-

2076 2576 2199 2616 cere
2228 2602 2244 2627 ,
2296 2573 2350 2614 et
2396 2576 2707 2629 expressam
2751 2562 2809 2617 in
2860 2563 2943 2617 his
2975 2561 3067 2617 Dei
3101 2564 3423 2632 sapientiam
3454 2580 3659 2635 cogno-

2077 2661 2312 2719 scentes,
2343 2652 2655 2709 Creatorem
2682 2655 2899 2725 hymnis
2926 2656 3227 2711 celebrare.

2468 2924 2633 2978 Vens.
2666 2924 2720 2976 7.
2760 2923 2825 2976 Et
2860 2940 3039 2978 omnes
3062 2926 3256 2995 abyssi.

2146 3016 2296 3071 Alius
2328 3017 2542 3085 quidam
2579 3018 2803 3087 abyssos
2826 3020 2955 3073 dicit
2983 3033 3105 3072 esse
3128 3021 3538 3074 subterraneam
3576 3036 3661 3075 re-

389 3102 595 3175 χώραν,
638 3107 780 3160 κατὰ
810 3108 1023 3162 Παῦλον
1060 3111 1282 3164 εἰπόντα
1304 3130 1316 3143 ο
1348 3114 1439 3187 Μὴ
1466 3116 1646 3189 εἴπῃς,
1678 3121 1773 3186 Τίς
1798 3138 1971 3175 κατα-

2077 3109 2291 3177 gionem
2317 3149 2332 3173 ,
2365 3119 2524 3176 prout
2563 3108 2761 3163 Paulus
2792 3110 2867 3163 ait
2905 3127 2918 3162 :
2954 3108 3033 3164 Ne
3060 3111 3231 3175 dicas,
3268 3110 3398 3176 Quis
3446 3111 3653 3165 descen-

391 3195 635 3262 ϐήσεται
671 3201 757 3265 εὶς
804 3200 918 3269 τὴν
974 3201 1271 3269 ἄϐυσσον,
1325 3207 1572 3261 τουτέστι
1620 3211 1856 3278 Χριστὸν
1910 3216 1974 3267 ὲκ

391 3291 598 3359 νεκρῶν
655 3293 979 3360 ἁναγαγεῖν;
1022 3296 1115 3347 καὶ
1170 3298 1229 3349 ὲν
1298 3296 1455 3363 Ἰὼϐ,
1499 3302 1601 3353 Ἐν
1639 3301 1726 3366 δὲ,
1784 3306 1972 3377 φησὶν,

395 3379 634 3448 ἴχνεσιν
683 3384 957 3438 ἀϐύσσου
996 3388 1473 3458 περιεπάτησας;
1506 3394 1732 3465 Μήποτε
1778 3397 1834 3451 δὲ
1882 3402 1974 3455 καὶ

390 3471 547 3525 τοῦτο
576 3474 779 3543 πλῆθος
812 3476 1015 3531 ὑδάτων
1043 3480 1191 3551 δηλοί
1216 3482 1338 3535 καθ’
1374 3476 1434 3536 οὗ
1463 3488 1835 3559 περιεπάτησε
1861 3492 1974 3545 Κύ-

394 3581 541 3634 ριος;
575 3566 649 3629 ὡς
680 3567 773 3636 ἀφ’
808 3569 1001 3640 ἐτέρας
1033 3573 1208 3644 ἀρχῆς
1232 3571 1370 3630 εἶναι
1402 3577 1483 3641 τὸ,
1514 3579 1881 3650 Ἀνοίγ-ονται
1905 3584 1973 3639 δέ

389 3670 486 3708 σοι
508 3657 656 3726 φόϐῳ
680 3661 864 3714 πύλαι
896 3663 1189 3730 θανάτου;

537 3834 757 3903 ’ᾼσατε
791 3836 868 3901 τῷ
902 3840 1098 3909 Κυρίῳ
1131 3835 1296 3911 ᾆσμα
1328 3847 1559 3909 καινὸν,
1589 3865 1642 3899 κ.
1678 3867 1730 3901 τ.
1761 3850 1811 3903 λ.

460 3924 567 3975 Τοῦ
602 3927 787 3980 καινοῦ
812 3929 1055 3999 ᾄσματος
1078 3931 1260 4001 (50)...
1286 3937 1350 4004 τῇ
1369 3934 1478 3988 τῶν
1499 3937 1660 3990 ὁσίων
1677 3938 1971 4013 Ἐκκλησία

388 4012 649 4083 ᾀδομένου
678 4058 692 4081 ,
740 4016 937 4090 δηλαδὴ
986 4019 1085 4090 τῆς
1132 4022 1225 4074 τοῦ
1268 4024 1519 4097 Σωτῆρος
1568 4029 1727 4098 ήμῶν
1759 4012 1970 4103 Καινῆς

387 4102 705 4174 Διαθήκης..
739 4105 951 4177 παλαιῷ
984 4111 1266 4180 προσέχων
1313 4114 1529 4187 Ἰσραὴλ
1560 4117 1637 4189 τῷ
1682 4118 1771 4172 διὰ
1804 4102 1970 4175 Μωὺ-

388 4196 524 4258 σέως
545 4213 558 4226 ο
580 4196 640 4248 τὸ
668 4199 851 4251 καινὸν
877 4199 933 4252 δὲ
960 4200 1114 4253 τοῦτο
1144 4205 1538 4277 παράδειγμα..
1568 4211 1964 4282 εὑιρραινέσθω’

385 4286 548 4349 αὐτὸς
594 4286 701 4356 γὰρ
733 4283 799 4357 ἦν
849 4288 877 4339 6
914 4288 1008 4340 τοῦ
1038 4290 1173 4343 Θεοῦ
1213 4294 1383 4361 Λόγος
1433 4298 1460 4348 6
1502 4300 1848 4369 χρηματίσας
1890 4301 1968 4373 τῷ

384 4379 629 4441 Μωῦσεῖ,
681 4381 773 4432 καὶ
815 4380 905 4432 τὸν
961 4382 1174 4454 Ἰσραὴλ
1222 4384 1507 4455 ἐξαγαγὼν
1552 4390 1617 4443 ἐκ
1662 4393 1761 4463 τῆς
1800 4394 1967 4463 Αίγύ-

2077 3204 2161 3254 det
2212 3204 2266 3254 in
2314 3201 2557 3271 abyssum
2584 3200 2652 3267 ⁸⁵,
2692 3201 2744 3253 id
2784 3211 2868 3255 est
2917 3199 2986 3254 ob
3035 3201 3310 3255 Christum
3362 3218 3389 3255 a
3428 3205 3658 3258 mortuis

2076 3295 2483 3349 revocandum?
2519 3295 2580 3347 Et
2611 3294 2749 3361 apud
2780 3293 2972 3347 Jobum
3007 3310 3020 3347 :
3059 3293 3124 3348 In
3150 3295 3433 3363 profundo,
3459 3295 3657 3365 inquit,

2074 3386 2249 3454 abyssi
2271 3384 2555 3437 ambulasti
2586 3383 2675 3436 3“?
2706 3383 2840 3437 Num
2872 3382 3013 3437 forte
3041 3387 3205 3437 etiam
3238 3386 3343 3438 hoc
3374 3387 3658 3451 vocabulo,

2074 3474 2226 3543 copia
2260 3489 2525 3543 aquarum
2552 3475 2843 3527 denotatur
2865 3488 3026 3543 supra
3051 3489 3209 3542 quam
3236 3475 3531 3530 ambulavit
3557 3477 3661 3530 Do-

2075 3568 2255 3622 minus
2284 3566 2305 3619 ?
2337 3567 2411 3621 ita
2435 3576 2492 3620 ut
2521 3566 2742 3621 aliunde
2790 3567 3116 3635 repetendus
3146 3567 3216 3620 sit
3242 3583 3434 3623 sensus
3460 3570 3659 3623 verbo-

2074 3674 2193 3711 rum
2229 3674 2243 3709 :
2278 3657 2602 3725 Aperiantur
2641 3660 2735 3712 tibi
2760 3696 2777 3722 ,
2825 3658 3038 3712 timoris
3070 3672 3231 3711 causa
3256 3697 3273 3723 ,
3319 3670 3487 3726 poma
3518 3676 3660 3713 mor-

2072 3751 2137 3803 tis
2152 3750 2196 3781 ⁸⁷
2224 3749 2246 3801 ?

2143 3840 2306 3894 Vens.
2342 3840 2395 3893 I.
2421 3838 2645 3892 Cantate
2674 3837 2902 3891 Domino
2928 3839 3190 3892 canticum
3221 3856 3433 3906 novum,
3474 3849 3580 3895 etc.

2142 3930 2293 3985 Novo
2328 3929 2542 3983 cantico
2568 3929 2619 3981 in
2639 3936 2951 3981 sanctorum
2989 3928 3229 3983 Ecclesia
3260 3940 3479 4003 cantato
3502 3948 3656 3986 nem-

2070 4037 2136 4090 pe
2156 4020 2287 4075 Novi
2318 4019 2563 4074 Faederis
2596 4018 2902 4073 Servatoris
2934 4020 3172 4074 nostri...
3196 4022 3386 4088 veteri,
3418 4036 3538 4091 quae
3560 4025 3657 4077 da-

2070 4123 2123 4168 ta
2157 4112 2259 4167 fuit
2292 4128 2389 4182 per
2430 4111 2669 4182 Moysem
2700 4151 2714 4175 ,
2749 4111 2856 4182 legi
2892 4113 3175 4168 adhaerens
3210 4112 3397 4170 Israel.
3444 4114 3651 4169 Novum

2072 4207 2172 4259 hoc
2206 4204 2550 4275 exemplar...
2586 4203 2840 4258 exsultet.
2875 4203 3051 4273 Ipsum
3081 4206 3226 4259 enim
3258 4215 3377 4259 erat
3412 4205 3502 4262 Dei
3534 4208 3656 4262 Ver-

2070 4297 2219 4362 bum,
2253 4298 2393 4366 quod
2430 4295 2597 4367 Moysi
2632 4296 2852 4351 oracula
2880 4296 3100 4361 edebat,
3130 4305 3183 4351 et
3212 4296 3461 4351 lsraelem
3488 4296 3653 4369 Egy-

2070 4400 2161 4459 pto
2186 4390 2392 4455 eduxit,
2421 4390 2632 4459 sibique
2661 4403 2727 4443 ex
2763 4402 2828 4441 eo
2858 4386 3109 4457 populum
3142 4387 3473 4457 peculiarem
3512 4388 3648 4443 eﬂ'e-

387 4485 520 4556 πτθυ
548 4469 682 4541 (51),
713 4473 944 4541 ποιήσας
980 4490 1039 4524 τε
1074 4475 1237 4529 αὑτὸν
1284 4478 1480 4532 ἑαυτοῦ
1522 4480 1668 4536 λαόν.
1709 4462 1833 4547 Τοῖς
1866 4462 1964 4556 μὲν

2072 4483 2162 4535 cit.
2210 4480 2365 4537 Filiis
2394 4497 2523 4550 ergo
2554 4481 2799 4550 apprime
2845 4479 3027 4534 Sionis
3063 4478 3283 4532 mandat
3326 4478 3561 4549 gaudere
3594 4491 3649 4533 et

384 4554 475 4612 οὖν
504 4560 638 4622 υίοίς
671 4559 807 4613 Σιὼν
847 4562 1056 4633 χαίρειν
1090 4566 1183 4617 καὶ
1210 4567 1470 4640 ὰγαλλιᾷν
1510 4572 1750 4643 πρώτοις
1781 4554 1964 4649 παρα-

384 4649 664 4705 κελεύεται
697 4654 790 4705 ὲπ).
822 4653 899 4723 τῷ
934 4655 1145 4724 βασιλεῖ
1182 4659 1392 4713 αὑτῶν·
1429 4664 1592 4727 αὑτὸς
1624 4665 1681 4718 δὲ
1725 4663 1794 4739 ἦν
1830 4670 1966 4734 ..τὸς

384 4742 546 4796 πάλιν
573 4744 601 4795 6
636 4743 729 4797 τοῦ
765 4744 900 4798 Θεοῦ
929 4747 1119 4815 Λόγος,
1155 4750 1323 4803 πάλαι
1368 4753 1466 4823 μὲν
1502 4756 1681 4810 αὑτῶν
1711 4758 1967 4829 βασιλεὺς

382 4830 477 4897 ὢν,
527 4832 751 4907 ὕστερον
795 4834 850 4888 δὲ
885 4838 1243 4908 παραιτηθεὶς
1277 4840 1393 4912 [ὑπ’
1439 4844 1665 4915 αὑῙτῶνο
1702 4848 1781 4901 διὸ
1830 4851 1965 4922 πρὸς

382 4924 473 4977 τὸν
524 4926 809 4997 προφήτην
844 4927 1097 4999 Σαμουὴλ
1133 4945 1298 4998 φησιν
1353 4948 1366 4961 ο
1396 4935 1478 4987 οὐ
1524 4935 1600 4988 σὲ
1639 4938 1963 5008 ἐξουθενή-

382 5033 583 5081 κασιν,
650 5018 789 5071 ἀλλ’
839 5018 989 5087 ἐμὲ..
1046 5020 1133 5089 μὴ
1179 5023 1541 5085 ,βασιλεύειν
1588 5029 1682 5081 ἐπ’
1737 5032 1958 5088 αὐτῶν.

382 5108 534 5161 Ἐπεὶ
562 5109 617 5162 δὲ
664 5108 737 5181 μὴ
782 5110 1093 5182 ὑπήκουσαν
1128 5115 1192 5183 τῇ
1237 5113 1446 5185 κλήσει,
1483 5119 1709 5185 εἰκότως
1735 5124 1834 5195 τῆς
1864 5125 1963 5195 χά-

386 5216 530 5270 ριτος
583 5202 685 5272 τῆς
744 5204 1081 5276 εὐφροσύνης
1136 5206 1366 5271 ἑαυτοὺς
1411 5211 1732 5283 ἐστέρησαν·
1782 5216 1852 5270 τά
1894 5234 1959 5285 γε

386 5290 491 5363 μὴν
525 5292 651 5364 ἔθνη
678 5295 770 5347 τὸν
794 5296 1024 5359 ἐκείνοις
1064 5294 1321 5377 πρώτοιξ
1335 5304 1778 5375 κατηγγελμένον
1805 5307 1960 5378 βασι-

469 5435 513 5465 ⁸¹
549 5434 692 5489 Psal.
744 5454 902 5501 CXLV,
954 5439 1009 5492 2.

1111 5439 1160 5471 ⁸³
1189 5439 1335 5514 Psal.
1378 5456 1556 5514 envy,
1610 5452 1654 5504 l.

378 5504 421 5537 ⁸⁷
450 5506 580 5559 ibid.
616 5506 702 5559 17.

800 5510 846 5540 ⁸⁸
870 5510 889 5563 I
913 5510 1043 5581 Reg.
1076 5525 1199 5576 vui,
1227 5511 1279 5565 7.

453 5643 564 5714 (29)
596 5644 770 5715 Magni
800 5647 953 5714 pretii
977 5658 1059 5703 est
1086 5649 1200 5705 haec
1227 5638 1444 5705 Eusebii
1476 5648 1718 5704 doctrina
1750 5652 1819 5707 ob
1848 5652 1955 5705 sol-

381 5715 583 5792 vendas
614 5716 681 5768 de
721 5716 1279 5792 ethnicorum‘salute
1309 5721 1391 5774 vel
1424 5719 1776 5775 damnatione
1828 5738 1952 5792 pro-

382 5784 583 5854 positas
609 5799 644 5854 ra
684 5786 1018 5854 philosophis
1046 5789 1407 5845 diﬂicultales.

456 5853 567 5924 (30)
603 5853 770 5925 Hujus
805 5858 1087 5928 lragmeuti
1127 5860 1328 5917 lacunae
1359 5862 1411 5916 in
1444 5860 1745 5930 antiquiore
1775 5861 1955 5919 lacero

1762 5452 1808 5483 ⁸⁵
1844 5453 1990 5508 Psal.
2052 5470 2251 5519 chvu,
2324 5455 2410 5509 12.

2060 4575 2333 4626 exsultare
2362 4571 2432 4626 ob
2467 4586 2645 4641 regem
2680 4572 2940 4640 ipsorum.
2972 4571 3084 4625 Hoc
3110 4580 3290 4624 autem
3321 4582 3440 4624 erat
3472 4573 3648 4640 ipsum

2063 4664 2155 4719 Dei
2183 4665 2460 4728 Verbum,
2488 4665 2615 4718 olim
2646 4663 2863 4734 quidem
2891 4678 2984 4718 rex
3018 4664 3252 4727 illorum,
3285 4678 3445 4733 quem
3478 4665 3531 4718 hi
3562 4675 3646 4717 ta-

2063 4771 2185 4809 men
2234 4756 2427 4809 deinde
2480 4765 2864 4808 recusarunt...
2905 4754 3047 4808 unde
3093 4753 3370 4822 propheta!
3409 4752 3644 4807 Samueli

2062 4848 2241 4901 aiebat
2277 4865 2289 4900 :
2325 4845 2449 4900 Non
2483 4858 2532 4899 te
2567 4855 2989 4912 contempserunt
3015 4884 3030 4910 ,
3075 4848 3165 4899 sed
3201 4861 3281 4898 me
3304 4884 3320 4909 ,
3365 4847 3647 4914 quominus

2065 4957 2221 5015 super
2246 4956 2333 4994 eos
2356 4956 2561 5009 regnem
2585 4939 2653 4993 ⁸⁸.
2680 4939 2747 4993 Ει
2786 4940 2913 5007 quia
2944 4938 3219 4993 vocationi
3252 4952 3360 4991 non
3391 4937 3645 4991 obedive-

2065 5043 2235 5097 runt,
2280 5034 2475 5088 merito
2509 5032 2783 5102 semetipsi
2824 5033 2994 5103 gratia
3034 5031 3237 5085 laetitia
3287 5032 3641 5084 orbaverunt.

2063 5123 2134 5178 Et
2179 5124 2530 5194 praedicatum
2579 5126 2800 5194 quidem
2862 5124 3108 5193 apprime
3158 5122 3362 5177 Judaais
3417 5134 3596 5191 regem
3626 5162 3642 5183 ,

2063 5226 2254 5286 gentes
2280 5232 2403 5272 eum
2433 5227 2794 5287 agnoscentes
2819 5217 3196 5279 admiserunt,
3242 5215 3471 5282 ideoque
3506 5213 3643 5267 laeti—

2062 5309 2156 5374 tia,
2184 5323 2304 5379 quae
2320 5310 2614 5364 secundum
2635 5308 2800 5364 Deum
2818 5317 2923 5373 erat,
2948 5317 3004 5362 et
3023 5305 3315 5363 exsultatio
3333 5305 3465 5375 ipsis
3496 5306 3642 5359 acci-

2524 5456 2568 5486 ss
2602 5455 2757 5509 Rom.
2815 5470 2868 5521 χ,
2900 5453 2954 5507 7.
3066 5451 3115 5481 ⁸⁸
3140 5449 3242 5503 Job
3285 5464 3518 5515 xxxvut,
3549 5449 3639 5505 IG.

2060 5660 2357 5739 exemplari
2385 5668 2692 5739 supersunt.

2120 5727 2241 5808 _(5l)
2280 5727 2475 5785 Recole
2503 5730 2643 5785 dicta
2669 5747 2699 5786 a
2726 5730 2879 5785 nobis
2909 5731 2960 5785 in
2986 5740 3096 5785 not.
3131 5731 3199 5785 ad
3228 5747 3363 5787 vers.
3401 5733 3464 5786 I0
3489 5728 3639 5801 psal-

2062 5813 2132 5852 IlII
2159 5814 2356 5854 CXXXV.
