4138 6402
547 349 616 409 τι
1263 361 1527 419 EUSEBII
1565 362 2037 423 CIESARIENSIS
2073 367 2224 423 OPP.
2265 369 2447 427 PARS
2484 371 3097 432 lll.—EXEGETICA.
3761 391 3830 442 Ἠ

548 473 652 530 dit.
684 474 819 531 Hinc
853 484 969 532 toto
993 477 1127 533 orbe
1155 489 1346 549 gentes
1391 480 1443 534 in
1483 481 1597 536 suis
1642 483 1894 539 ecclesiis
1920 484 2116 540 laudan

2247 488 2342 542 λέα
2386 489 2682 558 ἐπιγνόντα
2710 491 3092 557 κατεδέξαντο·
3119 494 3308 567 διόπερ
3337 499 3370 568 ἡ
3403 498 3543 552 κατὰ
3577 500 3709 554 Θεὸν
3739 504 3830 555 εύ-

550 579 750 619 nomen
778 567 896 634 ejus
927 583 1024 622 ceu
1057 570 1259 638 prOprii
1286 573 1452 640 regis,
1485 572 1580 627 Dei
1608 574 1821 630 scilicet
1855 574 2017 632 Verbi
2039 577 2131 632 Je-

548 668 612 707 su
642 656 843 711 Christi
876 675 1068 713 nomen
1102 661 1258 728 pleno
1285 662 1455 716 choro
1484 679 1607 718 cum
1654 667 1892 735 tripudio
1917 667 2129 739 glorillo

548 755 760 798 cantes.
796 745 900 800 Sed
934 757 984 800 et
1014 749 1104 816 qui
1154 750 1412 806 solitatim
1443 754 1622 826 degit,
1657 756 1816 810 bonis
1854 762 1969 814 suis
1995 760 2133 813 acti-

548 834 655 889 bus
679 847 730 890 et
757 839 999 907 corporis
1045 844 1526 901 exercitationibus
1559 849 1818 918 hymnum
1863 853 2130 921 quodam-

549 929 714 982 modo
741 939 793 983 et
846 930 1211 988 laudationem
1247 933 1360 990 Deo
1397 939 1636 993 coniicit.
1683 941 1738 995 ltl
1794 944 2131 1000 credibiliter

544 1018 844 1085 praedicens
893 1021 1179 1079 Psalmista
1224 1029 1400 1098 pergit
1437 1029 1629 1096 jubere
1675 1042 1734 1085 ut
1769 1043 2028 1106 tympano
2076 1046 2132 1092 et

543 1110 805 1178 psalterio
823 1114 1059 1183 psallant
1081 1118 1130 1172 ei
1157 1135 1171 1171 :
1187 1121 1428 1190 tympani
1450 1123 1709 1178 vocabulo
1727 1124 1988 1181 denotans
2008 1144 2130 1184 cor-

542 1217 682 1271 pus,
723 1205 984 1274 psalterio
1017 1209 1342 1279 spiritum...
1374 1217 1751 1284 mortiﬁcantes
1778 1221 2014 1274 membra
2042 1239 2131 1274 su-

541 1309 635 1360 per
696 1305 897 1350 terram
923 1299 992 1363 '9,
1051 1311 1098 1353 et
1149 1302 1278 1356 Jesu
1328 1307 1786 1375 mortiﬁcationem
1811 1313 1864 1365 in
1915 1330 2130 1380 corpore

541 1385 977 1453 circumferentes
1021 1392 1089 1446 ’°.
1147 1394 1246 1460 Qui
1290 1397 1568 1452 exsultant
1618 1399 1688 1454 ob
1738 1417 1920 1473 regem
1970 1421 2125 1460 suum

542 1489 648 1529 una
683 1493 807 1532 cum
833 1481 1214 1540 exsultante...
1245 1488 1332 1555 qui
1381 1488 1511 1543 fecit
1553 1506 1746 1548 eum...
1791 1505 2046 1567 tympano
2074 1509 2127 1554 et

540 1568 808 1634 psalterio
836 1573 1090 1639 psallunt.

2240 580 2483 652 φροσύνη
2507 581 2608 660 ,καὶ
2652 583 2976 651 ἀγαλλίασις
3009 586 3268 656 μετῆλθεν
3292 590 3378 642 ἐπ’
3409 592 3578 646 αύτά·
3613 593 3734 647 ὅθεν
3761 596 3829 648 τά

2241 673 2342 740 μὲν
2370 671 2491 725 καθ’
2520 673 2646 743 ὅλης
2671 674 2773 745 τῆς
2805 676 3131 748 οἰκουμένης
3157 678 3283 751 ἔθνη
3312 684 3430 744 ταῖς
3456 683 3666 738 ἑαυτῶν
3709 686 3830 739 Ἐκ-

2239 759 2493 830 κλησίαις
2552 761 2762 815 αἰνοῦσι
2793 763 2854 816 τὸ
2879 764 3047 836 ὄνομα
3087 767 3252 821 αὑτοῦ
3280 771 3372 822 τοῦ
3409 771 3671 840 βασιλέως
3703 776 3829 828 ἑαυ-

2235 851 2368 919 τῶν,
2403 853 2461 906 ὲν
2485 853 2633 924 χορῷ
2662 854 2758 908 τοῦ
2788 856 2924 910 Θεοῦ
2955 858 3127 926 Λόγου
3157 859 3216 911 τὸ
3247 860 3419 931 ὄνομα
3455 863 3661 936 Ἰησοῦν
3696 867 3830 938 Χρι-

2237 942 2365 996 στὸν
2399 945 2537 1015 μετὰ
2567 945 2784 1016 χορείας
2810 945 3140 1014 δοξάζοντεςν
3161 949 3297 1004 ἀλλὰ
3325 953 3460 1005 καὶὸ
3483 955 3670 1019 καθεὶς
3697 957 3827 1028 παρ’

2236 1040 2418 1111 ἐαυτῷ
2458 1059 2609 1095 ..νων
2636 1043 2681 1095 δ’
2720 1043 2902 1114 ἔργων
2936 1044 3172 1113 ἀγαθῶν,
3209 1047 3304 1100 καὶ
3333 1047 3421 1100 διὰ
3453 1046 3680 1119 τῶν.τοῦ
3724 1047 3830 1101 od)-

2240 1151 2410 1204 ματος
2445 1135 2697 1207 πράξεων
2735 1137 2805 1190 τά
2837 1138 3192 1192 συντελοῦντα
3229 1141 3308 1202 εἰς
3347 1138 3517 1210 ὕμνον
3554 1140 3648 1194 καὶ
3688 1139 3830 1205 δοξο-

2235 1221 2426 1291 λογίαν
2461 1225 2558 1277 τοῦ
2582 1224 2717 1278 Θεοῦ
2757 1226 3169 1299 διαπράττεται.
3207 1231 3449 1294 Εἰκότως
3487 1230 3649 1284 τοῦτο
3693 1233 3828 1284 αὐτὸ

2235 1316 2528 1386 προλαϐὼν
2548 1318 2577 1369 6
2599 1317 2754 1386 λόγος
2786 1320 3114 1390 προστάττει
3143 1321 3367 1390 φάσκων
3387 1339 3401 1352 ο
3441 1323 3527 1377 Ἐν
3560 1326 3828 1395 τυμπάνῳ

2235 1409 2329 1460 καὶ
2379 1409 2662 1480 ψαλτηρίῳ
2690 1410 3022 1479 ψαλάτωσαν
3061 1413 3211 1483 αύτῷ
3236 1431 3248 1444 ·
3297 1416 3582 1486 τύμπανον
3619 1417 3718 1487 μὲν
3765 1417 3827 1468 τὸ

2236 1501 2400 1572 σῶμα
2423 1503 2869 1575 προσαγορεύων,
2903 1505 3202 1577 ψαλτήριον
3237 1507 3294 1561 δὲ
3335 1508 3395 1562 τὸ
3441 1509 3702 1580 πνεῦμα..
3732 1527 3828 1564 γε·

2233 1593 2579 1662 κρώσαντες
2611 1597 2682 1650 τὰ
2703 1597 2862 1666 μέλη
2895 1599 2968 1652 τὰ
2995 1600 3093 1652 ἐπὶ
3129 1599 3240 1666 τῆς
3267 1600 3399 1670 γῆςν
3434 1603 3532 1654 καὶ
3566 1603 3678 1672 τὴν
3721 1603 3829 1671 ’1η-

540 1663 672 1769 σοῧ,
700 1665 996 1735 νέκρωσιν
1044 1674 1116 1725 ἐν
1164 1674 1246 1741 τῷ
1294 1677 1522 1748 σώματι
1576 1683 2027 1754 περιφέροντεςο
2077 1689 2126 1742 oi
2169 1691 2570 1763 ἀγαλλιώμενοι
2635 1663 2728 1746 ἐπὶ
2790 1692 2866 1764 τῷ
2909 1693 3118 1763 βασιλεῖ
3145 1663 3471 1767 “licitam
3494 1696 3573 1767 τῷ
3600 1663 3827 1769 “mimi-

541 1755 775 1827 νομένῳ.
806 1796 821 1811 .
868 1765 1154 1834 ποιήσαντι
1185 1771 1368 1835 αὐτὸν,
1400 1773 1459 1824 ὲν
1484 1775 1754 1847 τυμπάνῳ
1796 1781 1889 1834 καὶ
1919 1755 2556 1853 ψαλτηρίῳ-ψάλλουσιν.

1043 1858 1368 1917 PSALMUS
1400 1861 1631 1918 CXLIX.

761 1945 922 2002 Vsus.
958 1948 1012 2004 5.
1042 1948 1390 2006 Lwtabuntur
1416 1955 1471 2008 in
1495 1957 1755 2012 cubilibus
1785 1960 1913 2015 suis.

609 2033 784 2089 Aliter
814 2051 940 2092 vero
967 2077 983 2101 ,
1017 2049 1250 2095 mortem
1283 2054 1597 2100 sanctorum
1638 2051 1903 2107 vacabqu
1934 2055 2129 2110 cubili-

536 2123 630 2177 bus
665 2125 867 2181 innuit.
919 2127 1313 2186 Dormitionem
1353 2137 1556 2205 quippe
1584 2139 1726 2194 solet
1753 2158 1872 2197 eam
1925 2161 2127 2202 vocare

533 2216 853 2287 Scriptura,
908 2220 1122 2276 dicente
1174 2222 1341 2280 Paulo
1390 2246 1404 2281 :
1458 2227 1533 2282 De
1583 2230 1969 2291 dormientibus
2021 2257 2121 2292 au-

531 2316 632 2360 tem
677 2311 800 2364 nolo
846 2327 932 2366 vos
986 2315 1279 2383 ignorare,
1331 2319 1524 2388 fratres
1569 2325 1637 2381 ⁹¹.
1693 2327 1857 2385 Vetus
1907 2347 2126 2402 quoque

531 2399 942 2458 ‘l‘estamentum
988 2407 1068 2462 ait
1116 2426 1130 2463 :
1173 2409 1434 2469 Dormirit
1490 2417 1664 2474 David
1723 2438 1842 2475 cum
1883 2399 2122 2493 patribus

527 2495 639 2546 suis
670 2495 740 2549 ".

531 2583 697 2640 Vens.
717 2585 772 2640 6.
805 2585 1177 2681 Exultationes
1206 2593 1305 2649 Dei
1329 2597 1628 2681 in__gutt_ure
1648 2622 1856 2674 eorum,
1883 2620 1931 2664 et
1955 2612 2122 2681 gladii

882 2670 1136 2727 ancipites
1161 2670 1218 2717 in
1251 2670 1494 2725 manibus
1523 2675 1779 2743 ipsorum.

600 2745 883 2818 lttOpinate
929 2752 1122 2820 Aquila
1179 2771 1504 2825 pmsentem
1556 2769 1884 2822 sententiam
1949 2785 2116 2841 expo-

529 2835 662 2901 suit,
695 2838 824 2890 dum
851 2838 1200 2896 Hebraeorum
1231 2849 1496 2903 vocabulo
1517 2859 1706 2917 servit,
1726 2857 1910 2915 dicens
1939 2880 1953 2915 :
1987 2835 2113 2917 Gla-

526 2928 650 2981 dius
697 2931 893 2998 gemini
923 2934 1030 2986 oris
1055 2935 1110 2988 in
1151 2952 1315 2990 manu
1349 2939 1602 3004 ipsorum.
1639 2945 1749 3000 Sed
1782 2959 1836 3002 et
1867 2951 1952 3006 his
1985 2969 2116 3008 con-

531 3021 698 3073 traria
745 3033 1114 3078 memorantur
1151 3027 1374 3084 alicubi.
1431 3032 1558 3087 Filii
1586 3038 1862 3093 hominum
1885 3084 1900 3109 ,
1936 3046 2110 3101 dentes

525 3126 706 3162 eorum
751 3129 901 3167 arma
934 3125 982 3168 et
1026 3119 1274 3185 sagittw,
1307 3132 1352 3174 et
1398 3122 1577 3193 lingua
1628 3129 1870 3197 ipsorum
1903 3136 2111 3204 gladius

2765 1877 3056 1932 ΨΑΛΜΟΣ
3097 1877 3280 1932 PMG’.

2410 1967 2898 2037 Ἆγαλλιάσονται
2924 1970 3024 2023 ἐπὶ
3055 1970 3174 2024 τῶν
3204 1972 3417 2026 κριτῶν
3447 1971 3666 2029 αὐτῶν.

2311 2059 2520 2124 Ἀλλως
2542 2061 2598 2113 δὲ
2623 2061 2715 2114 τὸν
2753 2061 2981 2116 θάνατον
3003 2063 3112 2116 τῶν
3148 2064 3315 2117 ὁσίων
3344 2064 3566 2135 ᾐνίξατο
3589 2066 3679 2119 διὰ
3705 2065 3826 2121 τῶν

2227 2151 2460 2205 κριτῶν.
2493 2152 2764 2224 Κοίμησιν
2789 2152 2897 2221 γάρ
2923 2153 3084 2207 εῐωθε
3121 2155 3310 2208 καλεῖν
3351 2156 3515 2210 αὑτὸν
3548 2159 3581 2228 ή
3610 2158 3822 2230 Γραφὴ.

2225 2238 2476 2307 λέγοντος
2512 2241 2605 2294 καὶ
2641 2240 2879 2294 Παύλου’
2907 2243 3050 2310 Περὶ
3081 2242 3151 2296 δὲ
3182 2244 3305 2298 τῶν
3333 2246 3710 2315 κοιμωμένων
3749 2249 3826 2302 οὺ

2225 2330 2382 2386 θέλω
2394 2329 2548 2401 ὑμᾶς
2569 2332 2830 2402 ἀγνοεῖν,
2846 2333 3118 2402 ἀδελφοίο
3143 2335 3238 2388 καὶ
3262 2337 3296 2406 ἡ
3321 2336 3531 2390 Παλαιὰ
3552 2337 3609 2391 δέ
3633 2353 3820 2409 φησιν·

2237 2423 2554 2493 Ἐκοιμήθη
2590 2423 2776 2478 Δαυῒδ
2806 2426 2958 2494 μετὰ
2986 2425 3108 2480 τῶν
3133 2426 3408 2496 πατέρων
3431 2429 3639 2483 αὑτοῦ.

2223 2605 2294 2656 Al
2321 2600 2590 2682 ﬁdi-(basio
2610 2603 2724 2685 Ξρῦ
2757 2603 3008 2685 Θεοῦ-ἐν
3034 2603 3290 2684 λᾴρυγγι
3308 2605 3655 2685 (setting-xui
3672 2609 3820 2678 ῥομ-

2404 2672 2572 2741 φαῖαι
2601 2672 2875 2742 δίστομοι
2905 2673 2976 2725 ἐν
3004 2673 3134 2739 ταῖς
3161 2672 3380 2743 χερσὶύ
3404 2675 3622 2729 αὐτῶν.

2295 2763 2624 2835 Παραδόξως
2665 2765 2723 2817 δὲ
2778 2763 3011 2828 Ἀκύλας
3047 2764 3149 2835 τὴν
3187 2764 3543 2818 ἀποδοθεῖσαν
3581 2767 3822 2823 διάνοιαν

2221 2858 2557 2930 παρέστησε,
2587 2856 2879 2920 δουλεύσας
2907 2859 2972 2927 τῇ
2999 2857 3108 2910 τῶν
3147 2857 3418 2929 Ἐϐραίων
3446 2862 3594 2931 φωνῇ
3622 2860 3813 2914 εἰπών·

2217 2949 2498 3018 Μάχαιρα
2521 2947 2836 3018 στομάτων
2870 2949 2982 3019 (52)
3015 2948 3084 3002 ἐν
3107 2949 3256 3018 χειρί
3280 2948 3498 3002 αὐτῶν.
3537 2951 3696 3005 Ἀλλὰ
3723 2952 3816 3006 καὶ

2219 3042 2354 3112 περὶ
2399 3038 2510 3092 τῶν
2547 3039 2811 3103 τοιούτοις
2837 3041 3092 3094 ἐναντίων
3127 3041 3246 3108 (55)
3276 3042 3493 3111 εἴρηταί
3521 3060 3645 3095 πουο
3691 3044 3811 3098 Υἱοὶ

2216 3131 2637 3200 ἀνθρώπων,οὶ
2661 3132 2906 3198 ὀδόντες
2949 3132 3148 3186 αὐτῶν
3192 3133 3354 3186 ὅπλα
3382 3135 3479 3187 καὶ
3499 3135 3680 3202 βέλη,
3713 3135 3810 3188 καί

523 3212 714 3257 acutus
755 3203 827 3271 ”,
875 3215 935 3260 ut
975 3209 1229 3266 occidant
1262 3224 1526 3284 quotquot
1563 3220 1700 3289 ipsis
1733 3226 1934 3294 captivi
1986 3245 2111 3288 suc-

2224 3227 2256 3294 ἠ
2273 3223 2528 3294 γλῶσσα
2543 3223 2740 3278 αὐτῶν
2748 3223 3013 3294 χαιρα
3031 3223 3215 3289 ὀξεῖα,
3231 3225 3564 3294 φονευόντων
3577 3228 3698 3289 τοὺς
3718 3225 3810 3278 ὑπ’

522 3295 808 3350 cumbunt.
851 3295 1074 3368 PrOprie
1108 3317 1241 3358 vero
1271 3306 1505 3376 gladium
1537 3314 1741 3380 gemini
1778 3318 1894 3372 oris
1918 3358 1933 3383 ,
1968 3325 2106 3378 acti-

521 3387 625 3441 bus
655 3390 899 3443 exerceri
942 3394 1099 3446 docet
1137 3393 1452 3454 Psalmista.
1487 3399 1858 3472 Dicitautem,
1896 3412 2104 3468 exalta-

517 3479 692 3532 tiones
723 3478 821 3534 Dei
846 3481 900 3535 in
929 3494 1137 3552 gutture
1158 3503 1346 3542 eorum
1367 3529 1382 3555 ,
1408 3494 1532 3560 quia
1563 3511 1701 3552 voce
1735 3500 2022 3560 utebantur
2049 3509 2102 3564 in

515 3571 675 3625 verbi
713 3573 1048 3643 ministerio,
1080 3580 1227 3648 apud
1262 3594 1358 3636 eos
1385 3585 1474 3653 qui
1507 3589 1703 3644 audire
1734 3599 1982 3659 poterant
2015 3610 2102 3654 at-

2218 3317 2405 3372 αὐτῶν
2427 3318 2722 3389 ἡλωκότας.
2767 3320 2996 3383 Οικείως
3027 3318 3084 3372 δὲ
3127 3319 3226 3390 τὴν
3260 3319 3359 3390 μὲν
3396 3319 3672 3392 μάχαιραν
3705 3320 3813 3373 τῶν

2219 3411 2505 3482 στομάτων
2549 3412 2606 3464 ὲν
2634 3413 2753 3474 ταῖς
2797 3410 3062 3477 πράξεσιν
3109 3412 3354 3483 ἐνεργεῖν
3397 3412 3425 3463 6
3467 3411 3624 3480 λόγος
3675 3427 3814 3483 παρ-

2216 3501 2443 3570 έστησε,
2495 3499 2601 3565 τὰς
2630 3500 2686 3553 δὲ
2714 3502 2982 3568 ὑψώσεις
3009 3499 3115 3553 τοῦ
3147 3499 3296 3553 Θεοῦ
3326 3500 3396 3552 ἐν
3442 3499 3522 3565 τῷ
3562 3501 3814 3569 στόματι

2213 3591 2442 3657 αὐτῶν,
2474 3595 2624 3662 φωνῇ
2649 3591 2756 3662 γὰρ
2778 3592 3016 3663 ἐχρῶντο
3050 3592 3143 3644 ἐπὶ
3164 3591 3488 3663 διδασκαλίᾳ
3508 3591 3602 3646 τοῦ
3627 3591 3811 3660 λόγου,

515 3662 773 3718 tollentes
809 3665 1088 3736 hymnum.
1123 3671 1358 3728 Actibus
1394 3688 1570 3732 autem
1624 3681 1736 3734 vim
1784 3691 2105 3747 exserebant

2224 3685 2380 3757 παρὰ
2405 3688 2514 3748 τοῖς
2535 3685 2755 3739 ἀκούειν
2784 3662 3106 3757 δυναμένοις
3133 3662 3472 3753 άνυψοῦντες
3496 3684 3587 3737 τὸν
3609 3683 3809 3756 ὕμνονο

510 3755 840 3812 adversariae
868 3762 1124 3828 potentia:
1151 3763 1458 3821 victricem.
1499 3769 1692 3826 Manus
1729 3772 1939 3832 illorum
1963 3819 1980 3845 ,
2011 3798 2100 3837 ac-

2224 3755 2347 3842 tui;
2381 3777 2440 3831 δὲ
2486 3778 2746 3850 πράξεσιν
2793 3755 2945 3848 ἰσχὺν
2993 3772 3143 3846 εἶχον
3189 3776 3581 3847 καθαιρετικὴν
3630 3755 3814 3849 πάσης

509 3856 597 3904 tus
622 3847 779 3915 dicit,
825 3851 942 3906 sive
977 3854 1050 3907 rei
1097 3857 1355 3924 gerendae
1380 3874 1562 3915 curam
1607 3876 1939 3932 susceptam.
1972 3873 2101 3932 Erat

2224 3847 2609 3942 ὶντικειμένης
2633 3847 2931 3940 δυνάμεως.
2961 3868 3167 3940 Χεῖρας
3195 3866 3294 3937 μὲν
3325 3866 3506 3921 αὐτῶν
3533 3867 3630 3933 τὰς
3670 3847 3813 3940 πρά-

507 3949 698 3994 aulem
729 3941 848 3996 hac
883 3945 1196 4013 evangelica
1230 3948 1561 4018 praedicatio,
1597 3969 1726 4024 qua:
1748 3956 1955 4027 gladius
1975 3982 2100 4036 quo-

2224 3967 2337 4032 ξεις
2388 3941 2576 4032 φησιν,
2632 3962 2750 4032 ἢτοι
2795 3963 2861 4032 ἣν
2917 3959 3353 4031 μετεχειρίζοντο
3405 3959 3808 4031 πραγματείαν.

508 4046 618 4098 que
655 4032 994 4097 nominatur,
1027 4036 1155 4103 quia
1194 4037 1457 4093 malorum
1503 4053 1560 4097 et
1595 4045 1937 4114 impurorum
1985 4032 2097 4127 ἐνί-

2224 4059 2286 4112 λῦ
2297 4073 2378 4125 τη
2401 4053 2458 4106 δὲ
2485 4050 2550 4125 ἦν
2576 4056 2604 4107 6
2627 4054 2977 4123 εύαγγελικὸς
3005 4051 3183 4120 λόγος,
3205 4050 3264 4114 ὃς
3289 4051 3383 4104 καὶ
3411 4050 3656 4121 ῥομφαία
3679 4050 3812 4102 ὠνο-

509 4125 716 4178 ,ίιυηηι
765 4139 964 4194 greges
1011 4129 1406 4198 persequitur,
1458 4141 1512 4186 et
1565 4151 1861 4206 oppressas
1917 4125 2099 4219 inique

2224 4147 2438 4215 ιάσθη,
2464 4144 2796 4199 ὲκδιῶκουσα
2821 4146 2917 4209 τὰς
2950 4145 3057 4198 τῶν
3082 4144 3334 4215 πονηρῶν
3365 4145 3458 4196 καὶ
3484 4143 3812 4214 ἀκαθάρτων

507 4227 704 4286 gentes
753 4217 1056 4285 ulciscitur,
1104 4230 1163 4276 et
1219 4221 1621 4282 idololatricum
1678 4232 1862 4300 populi
1893 4217 2092 4299 cultum

2224 4241 2558 4311 τνευμάτων
2607 4239 2839 4307 ἀγέλας·
2892 4241 3067 4290 ποιεῖν
3112 4245 3172 4287 τε
3224 4235 3323 4305 τὴν
3369 4233 3646 4304 ἐκδίκησιν
3701 4235 3813 4286 τῶν

507 4309 780 4363 cmend“-
2206 4309 2581 4407 ἠδικήμένων
2609 4329 2797 4395 ἐθνῶν,
2827 4331 2920 4383 καὶ
2963 4328 3204 4396 ἐλέγχειν
3234 4326 3327 4380 τοῦ
3369 4325 3499 4378 λαοῦ
3532 4326 3630 4397 τὴν
3659 4325 3814 4379 εἰδω-

2200 4427 2384 4482 λολατ
2395 4423 2565 4494 ρείαν.

512 4480 684 4538 Vens.
712 4483 762 4538 8.
799 4486 880 4540 Ad
915 4486 1212 4558 alligandos
1240 4507 1382 4561 reges
1408 4509 1588 4548 eorum
1611 4501 2091 4577 compedibus,etc.

2353 4480 2592 4568 δεῖσθαι
2609 4511 2753 4578 τοὺς
2776 4509 3058 4576 βασιλεῖς
3079 4507 3354 4564 αὑτῶν-ὲν
3369 4508 3599 4575 πέδαις,
3617 4527 3670 4562 κ.
3689 4527 3736 4562 τ.
3757 4509 3806 4564 λ.

580 4576 1036 4648 Quandoquidem
1065 4583 1209 4638 haud
1237 4583 1397 4642 aliter
1423 4587 1624 4645 licebat
1649 4595 1864 4663 eripere
1910 4576 1974 4658 ac
2018 4606 2086 4662 li-
2120 4609 2163 4664 D

512 4667 713 4723 berare
759 4684 855 4725 eos
894 4671 988 4740 qui
1021 4672 1325 4730 daemonum
1379 4679 1508 4735 olim
1547 4690 1936 4752 premebantur
1971 4711 2090 4753 ser-

2224 4722 2288 4758 ται
2330 4697 2471 4759 τοὺς
2499 4667 2669 4750 πάλαι
2702 4667 3071 4768 τοῖςδαίμοσι
3123 4667 3556 4768 δεδοίΐωμένους
3597 4694 3630 4765 ἢ
3678 4667 3812 4749 καθ-

511 4766 668 4829 vitio,
701 4764 806 4819 nisi
833 4764 1057 4820 domitis
1094 4769 1434 4840 alligatisque
1465 4775 1704 4846 ipsorum
1733 4780 2092 4860 principibus,

2224 4787 2608 4852 ιποτάξαντας
2626 4788 2892 4859 πρότερον
2921 4764 3015 4842 καὶ
3033 4764 3445 4858 καταδήσαντας
3462 4791 3592 4851 τοὺς
3608 4787 3808 4858 ἄρχον-

511 4855 716 4910 merito
747 4855 858 4910 haec
908 4857 1086 4927 pergit
1117 4860 1325 4914 dicere.
1367 4861 1495 4920 Loci
1533 4881 1754 4923 sensum
1801 4855 2092 4941 cognosces

2224 4903 2299 4949 τας
2336 4880 2551 4942 αὐτῶν,
2605 4855 2830 4942 εἰκότως
2871 4855 3234 4935 ὲπιλὲλεκται-
3258 4880 3453 4935 ταῦτα.
3485 4855 3716 4950 Νοήσεις
3753 4879 3809 4931 δὲ

509 4949 679 5004 etiam
704 4963 734 5000 a
767 4947 1076 5006 Servatoris
1105 4967 1240 5007 voce
1270 4953 1496 5013 dicentis
1535 4978 1549 5014 :
1589 4961 1868 5026 Quomodo
1900 4967 2091 5040 aliquis

2224 4947 2296 5030 ια).
2339 4971 2510 5027 τοῦτο
2545 4971 2657 5024 ἀπὸ
2698 4971 2797 5040 τῆς
2841 4972 3110 5044 σωτηρίου
3141 4973 3346 5042 φωνῆς,
3381 4974 3450 5026 δι’
3476 4967 3544 5044 ἦς
3569 4947 3806 5042 εἴρηταιο

509 5041 719 5113 ingredi
757 5055 924 5109 potest
971 5045 1184 5098 damunt
1227 5046 1379 5115 {ortis
1401 5091 1417 5116 ,
1449 5053 1662 5123 ejusque
1692 5073 1816 5109 vasa
1846 5058 2090 5130 diripere,

2224 5070 2342 5136 Ίῶς
2361 5066 2623 5121 δύναταί
2640 5083 2731 5132 τις
2753 5041 3052 5123 εἰσελθεῖν
3071 5041 3162 5134 sic,
3177 5041 3291 5135 τὴκ
3302 5041 3632 5122 οὶκίαν-τοῦ
3645 5069 3811 5134 ισχυ-

509 5138 612 5191 nisi
643 5135 794 5204 prius
822 5136 1013 5206 fortem
1043 5138 1360 5209 alligaverit,
1393 5157 1447 5197 ut
1481 5155 1592 5200 tum
1627 5150 1842 5201 demum
1875 5151 2090 5209 domum

2224 5135 2439 5214 tor-imi
2460 5159 2532 5212 τὰ
2546 5159 2740 5227 σκεύη
2766 5161 2955 5215 αὐτοῦ
2968 5158 3319 5229 διαρπάσαι,
3339 5160 3448 5214 ἐὰν
3462 5157 3548 5228 μὴ
3573 5155 3811 5225 πρῶτον

2277 4603 2523 4675 Ἐπειδὴ
2550 4606 2652 4658 οὐκ
2678 4603 2852 4668 άλλως
2888 4599 2954 4675 ἦν
2990 4602 3354 4672 ὑπεξαγαγεῖν
3384 4604 3478 4658 καὶ
3509 4601 3809 4674 ἐλευθερῶ-

578 5313 627 5344 ⁸⁸
654 5312 833 5368 Colos.
868 5330 953 5379 ut,
981 5315 1035 5369 5.
1110 5317 1157 5348 ’°
1210 5317 1251 5371 ll
1276 5319 1400 5376 Cor.
1433 5339 1505 5389 tv,
1536 5325 1624 5380 lO.
1717 5327 1763 5359 "
1795 5327 1816 5381 Ι
1849 5328 2041 5387 Thess.
2077 5351 2150 5402 tv,
2185 5340 2277 5393 12.

579 5425 697 5498 (⁸52)
727 5429 875 5506 Alius
907 5431 1119 5506 codex,
1165 5437 1345 5506 στόμα
1382 5441 1580 5496 αὐτῶν.
1623 5475 1692 5484 -
1729 5445 1898 5501 Vides
1925 5447 2092 5503 Euse-

514 5497 662 5588 bium
676 5503 884 5588 stricto
909 5497 1069 5583 sensu
1091 5497 1591 5588 intellexisseapud
1616 5497 2094 5588 ᾼιιιιὶἰξιιῇῗσῖομά-

673 5579 738 5653 ex
767 5568 1300 5653 Illebraiconmtnls
1367 5568 1757 5653 oris'duplic'is.
1807 5568 2094 5653 (Sict-tio",

515 5637 644 5724 qpia
666 5632 876 5724 \Latine
909 5656 1011 5724 non
1040 5632 1472 5724 dicitnusioriunt
1509 5632 1607 5705 νέῖ
1639 5632 1927 5708 orum‘cas.
1969 5632 2092 5724 εἶζηῖ

515 5703 684 5780 plur.)
724 5707 789 5756 At
822 5707 872 5757 in
908 5711 1216 5777 polyglottis
1246 5713 1420 5771 Lond.
1463 5703 2098 5780 αείέὶαὶτῐέόιῐέιῖὶιῆὶὶέὶ

519 5776 752 5841 pborico
776 5815 791 5841 ,
819 5789 981 5844 quem
1005 5776 1369 5850 signiﬁcatum
1406 5789 1529 5844 inde
1559 5790 1903 5859 desumptqu
1929 5776 2096 5851 ιιὸέιῖ.

2373 5335 2421 5368 ³⁸
2467 5335 2531 5390 lll
2569 5336 2771 5407 Reg.u.
2801 5341 2890 5395 l0.
3003 5339 3051 5373 "
3081 5338 3226 5396 Psal.
3260 5355 3344 5394 LVI
3377 5381 3390 5403 ,
3431 5341 3485 5393 5.

2195 5452 2495 5536 [anconius
2546 5456 2609 5536 in
2633 5454 2893 5536 liexaplis
2931 5457 3202 5536 apposuit_
3237 5458 3335 5536 ipsi
3379 5455 3607 5536 Aquila}.
3640 5455 3804 5523 Atqui

2193 5525 2472 5582 Eusebius
2510 5526 2610 5606 nisi
2656 5529 2720 5580 ad
2757 5530 3008 5606 strict-um
3049 5527 3298 5606 vocabuli
3347 5527 3630 5606 originalis
3675 5541 3806 5606 sen-

2195 5611 2323 5650 sum
2378 5597 2740 5667 respexisset,
2789 5597 3046 5667 Aquilam
3094 5599 3164 5652 de
3207 5597 3490 5652 idiOtismo
3533 5595 3804 5650 llebraico

2198 5680 2355 5720 reum
2386 5678 2490 5717 non
2525 5666 2744 5732 egisset.

2271 5732 2390 5804 (33)
2423 5733 2506 5789 Al.
2539 5739 2685 5803 cod.,
2716 5737 2826 5795 τῶν
2859 5735 3119 5792 τοιούτων
3152 5739 3418 5793 ἐναντίον.
