4138 6408
509 431 584 489 78
1194 425 1462 482 EUSEBII
1500 420 1987 479 CxESARlENSIS
2026 417 2174 474 OPP.
2220 414 2401 470 PARS
2439 414 2533 469 Ill.
2577 442 2645 455 -ο
2684 408 3099 466 EXEGETICA.
3474 383 3494 399 ’
3715 406 3783 460 78

511 545 765 614 spiritum
791 557 1028 615 praesens
1063 556 1240 597 sermo
1268 542 1333 596 ad
1378 539 1775 611 hymnologiam
1808 543 2085 608 provocat,

2225 533 2286 584 πὶ
2327 531 2426 601 τὴν
2480 527 2805 600 ὕμνολογίαν
2850 524 3130 587 ἀνακαλεῖ,
3172 522 3286 575 ἀλλ’
3331 521 3454 575 ἐπεὶ
3488 521 3560 592 μὴ
3588 521 3789 592 τρόπος

513 639 637 709 quia
661 648 840 693 tamen
873 652 976 692 non
1006 650 1145 689 unus
1174 644 1256 690 est
1288 635 1530 688 omnium
1566 632 1759 685 tundus
1785 644 1959 699 neque
1992 630 2100 681 aui-

513 725 590 780 mi
625 723 852 779 aﬂ'ectus
882 764 896 785 ,
950 738 1052 774 nou
1105 720 1224 773 sine
1274 716 1537 785 analogia:
1571 731 1765 770 norma
1808 713 2100 781 unicuique

514 814 767 868 idoneum
816 825 1078 882 organum
1137 811 1341 879 hymno
1410 805 1775 865 adhibendum
1829 803 2096 858 decernit.

521 906 762 973 Namque
789 903 862 958 illi
895 902 986 972 qui
1021 916 1212 956 omnes
1240 900 1444 954 virtute
1473 897 1813 967 superaverit
1841 938 1856 963 ,
1895 897 1959 950 ad
1988 894 2101 948 latt-

515 999 635 1052 dem
669 995 967 1051 canendum
1022 993 1165 1048 tubae
1200 990 1443 1047 sonitum
1472 989 1746 1052 attribuit,
1792 988 1916 1059 quia
1948 986 2101 1041 vidc-

515 1081 646 1135 licet
675 1079 1167 1133 instrumentorum
1195 1074 1444 1129 omuium
1466 1072 1812 1128 vocalissima
1839 1080 1923 1125 est
1949 1071 2100 1133 tuha,

516 1182 574 1226 et
603 1170 808 1239 majore
835 1167 1172 1236 l'ortioreque
1192 1158 1250 1220 vi
1274 1179 1413 1233 opus
1440 1171 1524 1220 est
1570 1164 1621 1218 ei
1648 1163 1739 1232 qui
1769 1161 1858 1216 illa
1898 1162 1973 1215 uti
2013 1176 2104 1215 ve-

522 1260 604 1317 lit.
640 1256 1138 1334 llujusmodieraut
1166 1253 1304 1308 sacri
1339 1250 1570 1321 apostoli
1606 1249 1939 1311 Servatoris,
1974 1262 2105 1316 quo-

526 1367 645 1405 rum
676 1364 810 1404 sane
835 1349 888 1403 iu
914 1349 1229 1403 universam
1264 1353 1467 1400 terram
1494 1357 1662 1399 sonus
1702 1342 1895 1405 exivit,
1941 1350 2107 1410 atque

519 1444 586 1497 ad
614 1441 800 1496 mundi
829 1440 1099 1495 terminos
1142 1436 1307 1494 verba
1346 1436 1584 1506 ipsorum
1617 1436 1682 1499 ’⁷,
1718 1434 1844 1488 dum
1872 1433 2104 1489 vocalis-

521 1535 716 1587 simam
771 1531 1046 1600 Evangelii
1102 1528 1543 1599 prmdicationem
1596 1526 1875 1587 facerent,
1916 1525 1990 1579 ita
2047 1534 2108 1579 ut

520 1638 683 1679 aures
707 1624 990 1678 homiumn
1025 1637 1157 1676 voce
1189 1621 1403 1674 illorum
1440 1617 1799 1689 replerentur.
1835 1617 1941 1672 Sed
1983 1630 2103 1672 cum

523 1732 631 1770 non
662 1729 852 1769 ornues
895 1712 1114 1767 valeant
1145 1712 1285 1766 tubae
1322 1726 1451 1766 voce
1479 1750 1495 1775 ,
1545 1725 1697 1781 :t-que
1728 1726 1792 1765 ac
1833 1709 2059 1779 apostoli
2087 1750 2102 1774 ,

527 1805 695 1860 Deum
748 1804 1013 1867 laudare,
1072 1801 1456 1856 eoudescendit
1510 1816 1691 1855 sermo
1756 1799 2103 1868 Psalmistm,

2202 621 2281 685 εἷς
2304 622 2411 675 τῶν
2447 621 2685 683 πάντων,
2721 618 2853 689 μηδὲ
2886 615 3036 688 [μία]
3063 614 3322 677 διάθεσις,
3354 614 3472 668 κατ’
3498 613 3792 680 ἀναλογίαν

2203 716 2415 786 ἑκάστῳ
2456 712 2686 785 ὀργανόν
2714 728 2767 763 τι
2801 712 2934 782 πρὸς
2977 708 3069 761 τὸν
3116 707 3284 778 ὕμνον
3318 707 3622 778 ἐπιτήδειον
3659 706 3793 774 ἀφο-

2207 808 2361 880 ρίζει·
2402 808 2431 859 ὁ
2466 806 2565 877 μὲν
2594 804 2703 876 γάρ
2730 821 2815 867 τις
2850 799 3281 870 ὲπαναϐεϐηκὼς
3313 803 3379 871 τῇ
3408 800 3575 872 ἀρετῇ
3606 815 3791 869 κρειτ-

2202 900 2369 962 τόνως
2415 897 2556 968 ὑπὲρ
2588 897 2820 958 πάντας,
2870 894 2963 947 τὸν
3008 888 3157 946 αἶνον
3207 892 3531 947 ἀποδίδωσιν
3575 893 3634 943 ὲν
3677 890 3796 960 ἤχῳ

2207 992 2523 1059 σάλπιγγος,
2558 988 2745 1059 ἐπειδὴ
2785 987 3000 1041 πάντων
3027 986 3276 1056 ὀργάνων
3311 982 3795 1056 μεγαλοφωνοτέρα

2206 1086 2238 1154 ἡ
2272 1080 2523 1150 σάλπιγξ,
2556 1081 2650 1133 καὶ
2682 1078 2925 1149 μείζονος
2958 1077 3052 1129 καὶ
3083 1076 3480 1148 κραταιοτέρας
3513 1075 3796 1145 δυνάμεως

2204 1173 2285 1225 δεῖ
2311 1174 2424 1234 τοῖς
2468 1170 2603 1241 αὐτῇ
2641 1168 2965 1241 χρωμένοις·
2999 1166 3229 1221 τοιοῦτοι
3263 1162 3406 1238 ἦσαν
3432 1168 3484 1219 oi
3527 1168 3665 1237 ἱεροὶ
3698 1164 3798 1220 τοῦ

2207 1263 2459 1334 Σωτῆρος
2492 1260 2800 1324 ἀπόστολοι,
2846 1252 2922 1312 ὧν
2955 1259 3021 1330 δὴ
3059 1260 3139 1322 εἰς
3170 1259 3350 1311 πᾶσαν
3383 1256 3481 1327 τὴν
3509 1257 3612 1326 γῆν
3651 1256 3800 1326 egi).-

2208 1353 2298 1406 θεν
2327 1355 2355 1406 ὀ
2379 1352 2636 1421 φθόγγος,
2660 1352 2755 1405 καὶ
2793 1351 2871 1414 ei;
2897 1349 2965 1403 τά
2998 1351 3211 1421 πέρατα
3236 1349 3336 1420 τῆς
3372 1346 3695 1417 οἰκουμένης
3730 1346 3802 1399 τὰ

2209 1449 2430 1519 ῥήματα
2463 1446 2663 1512 αὐτῶν,
2692 1445 2771 1517 τῷ
2803 1444 3171 1516 μεγαλοφώνῳ
3197 1444 3293 1497 τοῦ
3326 1441 3681 1519 εὐαγγελιωῦ
3709 1459 3800 1511 κη-

2211 1539 2485 1609 ρύγματος
2518 1536 2879 1609 χρησαμένων
3000 1534 3304 1606 ἀνθρώπων
3322 1518 3678 1604 πληρωθῆναι
3701 1532 3803 1601 τῆς

2209 1632 2392 1703 φωνῆς
2426 1630 2625 1685 αὐτῶν.
2664 1629 2882 1699 Ἐπειδὴ
2933 1628 3007 1700 μὴ
3039 1628 3243 1691 πάντες
3270 1621 3370 1681 οἷοί
3417 1626 3479 1679 τέ
3511 1628 3618 1678 εἰσι
3662 1625 3804 1678 κατὰ

2207 1726 2334 1788 τοὺς
2357 1723 2690 1786 ἀποστόλους
2726 1723 2784 1775 ὲν
2812 1724 2964 1792 φωνῇ
2998 1721 3298 1789 σάλπιγγος
3328 1721 3518 1791 ὑμνεῖν
3541 1718 3633 1770 τὸν
3649 1715 3804 1778 Θεὸν,

2212 1813 2635 1883 συγκαταϐαινει
2676 1812 2705 1864 ὁ
2748 1810 2906 1880 λόγος
2956 1812 3052 1865 καὶ
3115 1807 3551 1881 παρακελεύεται
3601 1806 3806 1877 ἑτέροις

526 1896 856 1964 mandatque
894 1893 1018 1949 aliis
1054 1893 1269 1961 quidem
1318 1893 1392 1945 uti
1433 1891 1692 1961 psalterio
1728 1901 1820 1944 aut
1856 1891 2067 1945 cithara
2090 1933 2105 1957 ,

2220 1880 2316 1977 μὲν
2345 1902 2654 1975 ψαλτηρίῳ,
2690 1902 2901 1973 ἑτέροις
2937 1901 2994 1955 δὲ
3041 1880 3264 1972 κιθάρᾳ,
3307 1899 3402 1954 καὶ
3544 1896 3723 1960 ἄλλοις
3746 1894 3807 1948 δν

526 1985 651 2041 aliis
679 1995 934 2054 tympano
959 2023 975 2048 ,
1004 1983 1126 2037 aliis
1165 1982 1283 2052 ipso
1314 1997 1479 2053 opere
1516 1992 1568 2037 et
1594 1985 1839 2052 corporis
1871 1981 2106 2050 actibus,

524 2083 829 2152 animmque
882 2080 1182 2149 composito
1237 2086 1291 2132 et
1351 2076 1669 2131 harmonico
1736 2086 1882 2129 motu
1941 2077 2108 2130 Deum

525 2174 822 2229 laudare...
849 2172 1053 2241 Spiritu
1088 2168 1496 2226 inhabitante...
1516 2182 1638 2223 cum
1665 2167 1865 2220 dixerit
1896 2187 1907 2221 :
1934 2166 2112 2221 Orabo

526 2265 738 2334 spiritu,
777 2264 938 2317 orabo
974 2273 1023 2317 et
1051 2271 1218 2316 mente
1242 2260 1311 2313 ⁸⁸.
1345 2258 1462 2315 1am
1485 2275 1606 2315 cum
1637 2259 1738 2313 tria
1782 2258 1893 2314 siut
1928 2259 1979 2313 in
2019 2274 2113 2312 no-

527 2357 680 2413 bis...
712 2369 915 2412 sermo.

725 2533 898 2591 Vens.
928 2536 979 2592 l.
1007 2533 1252 2589 Laudate
1280 2532 1444 2587 Deum
1468 2532 1522 2585 in
1547 2532 1744 2585 sanctis
1777 2531 1912 2599 ejus.

604 2625 801 2693 Aquila
861 2625 1082 2694 quidem
1124 2624 1182 2677 in
1230 2620 1562 2688 sanctiﬁcata
1593 2618 1707 2688 ejus
1742 2618 1910 2683 dicit;
1958 2616 2145 2687 svnt--

531 2717 761 2775 machus
804 2725 983 2770 autem
1016 2715 1070 2768 in
1110 2722 1292 2766 sancto
1335 2709 1470 2780 ejus.
1510 2706 1754 2762 Laudate
1792 2723 1908 2761 eum
1939 2707 1993 2761 in
2022 2705 2122 2775 [ir-

534 2818 800 2864 mento
887 2804 1096 2860 virtutis
1148 2802 1285 2872 ejus.
1363 2799 1789 2855 Firmamentum
1855 2800 2118 2855 ccelorum

536 2913 647 2954 non
695 2896 872 2963 dicit,
907 2909 1080 2965 neque
1111 2892 1343 2963 alicujus
1372 2890 1472 2947 loci
1501 2906 1665 2960 supra
1712 2892 1813 2946 hos
1846 2890 2118 2946 altissimi.

535 2987 694 3042 Alius
741 2995 826 3041 est
873 2993 1095 3040 sanctus
1126 2983 1264 3048 Dei,
1302 2996 1462 3052 quem
1497 2983 1979 3051 perhorrescentes
2012 2981 2125 3033 ἀίο-

537 3092 730 3135 mones
751 3078 970 3134 aiebant
996 3092 1012 3131 :
1041 3076 1247 3133 Scimus
1276 3086 1324 3130 te
1350 3075 1468 3144 quis
1492 3077 1563 3129 sis
1591 3084 1807 3129 sanctus
1835 3072 1932 3126 Dei
1952 3074 2032 3137 9’;
2057 3074 2123 3126 ad

2210 1994 2515 2067 τυμπάνοις
2678 1995 2791 2056 τοῖς
2834 1992 2935 2063 μὲν
2969 1991 3035 2044 δι’
3063 1990 3241 2062 ἔργων
3263 2029 3278 2054 ,
3311 1988 3406 2042 καὶ
3451 1986 3541 2041 διά
3573 1984 3682 2038 τῶν
3709 1980 3808 2040 τοῦ

2215 2087 2466 2159 σώματος
2493 2086 2766 2156 πράξεων,
2796 2087 2909 2148 τοῖς
2954 2083 3013 2136 δὲ
3047 2082 3113 2136 δι’
3147 2082 3318 2151 αὐτῆς
3362 2078 3543 2149 ψυχῆς
3664 2076 3811 2147 κινή-

2216 2196 2355 2243 σεως
2382 2177 2675 2250 εὐρύθμως
2725 2175 2821 2230 καὶ
2851 2174 3188 2246 ὲναρμονίως
3350 2170 3443 2224 τοῦ
3487 2166 3804 2238 Πνεύματος

2215 2267 2309 2321 τοῦ
2342 2264 2725 2329 κατοικοῦντος
2867 2265 2952 2317 ἐπ’
3003 2265 3069 2317 ἂν
3106 2262 3263 2335 λέγῃ·
3303 2259 3676 2333 Προσεύξομαι
3730 2256 3811 2325 τῷ

2217 2350 2513 2426 πνεύματι,
2535 2353 2902 2426 προσεύξομαι
2927 2352 2984 2406 δὲ
3008 2353 3103 2406 καὶ
3141 2351 3221 2422 τῷ
3244 2352 3345 2404 νοῒ·
3368 2348 3536 2421 τριῶν
3558 2348 3614 2401 δὲ
3641 2348 3811 2401 ὄντων
3874 2397 3879 2401 .

2216 2444 2324 2497 τῶν
2354 2446 2411 2498 ὲν
2436 2447 2569 2517 ἡμῖν
2696 2458 2733 2513 η
2764 2444 2795 2496 ὁ
2818 2442 2993 2511 λόγος.

2454 2534 2685 2589 Αἰνεῖτε
2721 2534 2871 2587 Θεὸν
2898 2534 2969 2586 ἐν
2991 2530 3113 2596 τοῖς
3139 2531 3329 2601 ἁγίοις
3361 2528 3568 2583 αὐτοῦ.

2303 2626 2361 2680 Ὀ
2392 2626 2600 2697 μέντοι
2642 2624 2873 2688 ’Δκύλας
2912 2614 2982 2677 ei
3007 2622 3353 2693 ὴγνασμένῳ
3378 2620 3565 2674 αὐτοῦ
3599 2635 3750 2688 φησι·
3785 2620 3815 2671 ὁ

2219 2719 2276 2772 δὲ
2310 2717 2625 2788 Σύμμαχος.
2666 2716 2735 2769 ἐν
2763 2714 2845 2780 τῷ
2873 2715 3019 2783 ἁγίῳ
3044 2714 3251 2769 αὑτοῦ.
3279 2710 3506 2767 Αἰνεῖτε
3536 2709 3725 2763 αὑτὸν
3746 2709 3816 2762 ἐν·

2223 2807 2583 2876 στερεώματι
2608 2805 2918 2873 δυνάμεως
2941 2804 3147 2857 αὑτοῦ.
3176 2803 3287 2855 Καὶ
3317 2802 3390 2872 μή
3424 2816 3553 2853 ποτε
3584 2798 3690 2852 τῶν
3720 2798 3814 2851 οὐ·

2229 2897 2405 2969 ρανῶν
2458 2898 2551 2949 καὶ
2582 2895 2687 2949 τῶν
2721 2895 2862 2962 ὑπὲρ
2896 2894 3115 2958 τούτους
3154 2893 3415 2963 ύψίστωνο
3445 2891 3630 2962 ἕτερός
3669 2892 3816 2943 ἐστιν

2228 2989 2383 3057 ἅγιος
2410 2987 2505 3041 τοῦ
2537 2986 2697 3049 Θεοῦ,
2723 2985 2784 3039 ὃν
2812 2985 3254 3054 καταπλαγέντες
3297 2983 3391 3035 καὶ
3421 2982 3670 3052 δαίμονες
3703 2980 3816 3032 ἔλε-

2227 3096 2340 3147 γον·
2371 3075 2739 3147 Οἷδαμέν’σε
2772 3077 2865 3140 τίς
2895 3076 2951 3129 εἴ
2986 3078 3018 3129 ό
3043 3074 3211 3145 ἅγιος
3242 3072 3351 3127 τοῦ
3390 3072 3557 3128 Θεοῦο
3591 3072 3649 3125 ὲν
3689 3064 3732 3139 ᾧ
3765 3072 3815 3123 οἱ

537 3182 698 3237 quem
729 3166 818 3236 qui
852 3165 1200 3237 pervenerint
1222 3205 1239 3231 ,
1286 3179 1585 3234 congruum
1620 3154 1860 3233 perfecte
1903 3161 2118 3232 religio-

2231 3170 2528 3240 γενόμενοι,
2572 3168 2664 3221 τὸν
2710 3168 2986 3236 πρέποντα
3028 3169 3139 3229 τοῖς
3172 3165 3355 3237 ἄκρως
3384 3161 3815 3232 τετελειωμένοις

536 3259 617 3314 sis
656 3259 918 3333 hymnum
947 3256 1201 3312 attollere
1241 3265 1515 3328 poterunt.
1542 3254 1693 3321 Quid
1714 3254 1858 3309 enim
1890 3255 2124 3319 beatius,

538 3364 699 3418 quam
735 3349 784 3404 ei
808 3363 927 3404 esse
955 3347 1296 3418 copulatum,
1332 3354 1387 3401 et
1422 3360 1521 3415 per
1543 3344 1693 3398 illum
1725 3342 1920 3397 Patri?
1950 3344 2126 3410 Quan-

537 3454 699 3507 quam
728 3446 979 3508 oportet,
1007 3453 1107 3492 nos
1146 3437 1214 3491 ad
1244 3436 1535 3506 prophetas
1578 3449 1795 3504 quoque
1816 3444 1881 3495 et
1907 3446 2125 3505 apostoo

539 3529 621 3585 los
672 3541 1053 3600 martyresque
1099 3528 1495 3598 respicientes,
1550 3525 1773 3582 laudare
1808 3529 2124 3582 eorumdem

541 3617 710 3673 Deum
737 3657 753 3683 ,
800 3617 893 3688 qui
941 3617 1102 3672 talem
1152 3616 1464 3673 hominibus
1503 3617 1848 3687 egregiorum
1883 3617 2122 3670 virorqu

541 3710 757 3779 copiam
795 3710 1088 3764 concessit.

630 3798 798 3854 Vsus.
820 3798 877 3854 Ω.
914 3797 1155 3854 Laudate
1181 3815 1300 3852 eum
1329 3799 1614 3853 secundum
1651 3798 2039 3853 multitudinem

1059 3870 1438 3937 magnitudinis
1463 3870 1602 3938 ejus.
2034 3870 2035 3873 “

616 3959 969 4030 Πηειιιιωιιιιο
1013 3960 1161 4014 enim
1196 3959 1317 4027 ejus
1347 3959 1551 4013 creatio
1577 3958 1865 4028 plurimam
1896 3960 2128 4029 hymno-

543 4051 746 4121 logiam
772 4050 1005 4121 requirit
1036 4071 1050 4104 :
1090 4052 1479 4121 magnitudinis
1507 4053 1657 4106 enim
1687 4052 1807 4121 ejus
1842 4050 2024 4104 nullus
2044 4061 2127 4105 est

548 4143 816 4198 terminus
848 4144 887 4197 ⁸.
918 4142 1090 4198 Porro
1121 4142 1268 4198 haud
1312 4141 1544 4207 suadet,
1588 4152 1646 4195 ut
1672 4156 1855 4211 parem
1885 4143 2003 4212 ejus
2039 4142 2123 4197 di-

544 4236 739 4306 gnitsti
792 4235 1053 4308 hymnum
1084 4234 1331 4288 dicamus
1358 4274 1374 4300 ,
1426 4218 1570 4303 quod
1601 4232 1718 4287 ﬁeri
1764 4235 1995 4303 nequit;
2030 4234 2124 4288 sed

545 4326 780 4395 postulat
806 4336 862 4380 ut
894 4340 994 4395 pro
1021 4324 1250 4387 viribus,
1270 4323 1659 4394 tuaguitudinis
1687 4322 1805 4391 eius
1833 4323 2130 4378 multitudi-

549 4432 671 4471 nem
705 4426 1050 4486 reputantes,
1085 4416 1137 4471 id
1163 4430 1413 4483 agamus.
1494 4440 1497 4443 -

550 4546 2986 4577 “3:”:me

2202 4565 2343 4574 _——_.

2231 3263 2397 3333 ὕμνον
2430 3260 2747 3331 ἀναπέμψαι
2789 3260 3127 3329 δυνήσονται.
3174 3259 3239 3310 Τί
3266 3258 3376 3329 γὰρ
3404 3253 3815 3327 μακαριώτερον

2229 3353 2520 3418 ἐνωΘὲντος
2546 3351 2714 3421 αὐτῷ,
2747 3352 2841 3405 καὶ
2870 3351 2936 3404 δι’
2961 3350 3130 3404 αὐτοῦ
3157 3350 3235 3421 τῷ
3260 3348 3463 3421 Πατρί;
3499 3346 3620 3419 Χρὴ
3642 3345 3702 3399 δὲ
3724 3342 3820 3400 καὶ

2228 3447 2308 3508 εἰς
2351 3446 2476 3509 τοὺς
2532 3444 2817 3515 προψήτας
2867 3442 2961 3497 καὶ
3009 3441 3345 3504 ἀποστόλους
3386 3440 3481 3493 καὶ
3537 3438 3820 3510 μάρτυρας

2227 3535 2569 3607 ἀφορῶντας,
2599 3537 2858 3605 ἀνυμνεῖν
2904 3533 3086 3587 αὐτῶν
3130 3533 3222 3587 τὸν
3257 3531 3410 3595 Θεὸν,
3447 3531 3539 3583 τὸν
3565 3527 3820 3599 τοιαύτην

2229 3625 2537 3697 ἀνθρώποις
2566 3624 2786 3694 ἀγαθῶν
2816 3624 3026 3697 ἀνδρῶν
3056 3623 3227 3696 φορὰν
3261 3622 3641 3695 χαρισάμενον.

2233 3802 2461 3858 Αἰνεῖτε
2497 3802 2683 3856 αὐτὸν
2706 3802 2856 3856 κατὰ
2883 3802 2946 3856 τὸ
2980 3802 3215 3891 πλῇθος
3248 3801 3359 3871 τῆς
3377 3802 3819 3871 μεγαλωσύνης

2925 3890 3132 3926 αυτου.

2307 3966 2579 4018 Ἔκαστον
2610 3965 2716 4037 γὰρ
2750 3965 2914 4019 αὐτοῦ
2942 3963 3328 4037 δημιούργημα
3366 3962 3536 4015 δεῖται
3564 3961 3823 4030 πλείστης

2236 4057 2576 4128 ὑμνολογίας·
2626 4057 2726 4127 τῆς
2773 4057 2881 4128 γὰρ
2925 4056 3315 4128 μεγαλωσύνης
3364 4054 3526 4111 αὐτοῦ
3575 4054 3676 4107 οὐκ
3706 4054 3825 4106 ἐστι

2233 4148 2426 4218 πέρας⁹
2460 4148 2519 4200 ού
2553 4147 2698 4217 λέγει
2744 4148 2800 4201 δὲ
2842 4148 3171 4220 ἀντίρροπον
3199 4148 3382 4209 αὐτοῖς
3413 4144 3700 4199 ἀποδοῦναι
3731 4144 3825 4198 τὸν

2235 4239 2423 4309 ὕμνον·
2460 4239 2717 4293 ἀδύνατον
2749 4240 2875 4309 γάρ·
2905 4238 3040 4292 ἀλλὰ
3064 4239 3128 4290 τὸ
3153 4236 3294 4290 κατὰ
3329 4236 3556 4306 δύναμιν
3583 4237 3819 4299 ἀπαιτεῖ,

2236 4326 2549 4392 ἐννοοῦντας
2578 4330 2640 4381 τὸ
2669 4328 2873 4399 πλῆθος
2912 4328 3012 4398 τῆς
3042 4326 3431 4398 μεγαλωσύνης
3458 4326 3642 4380 αὑτοῦ.

2978 4548 3822 4579 ,ΜΗ-ι

1040 4721 1520 4813 EUSEBII
1605 4719 2343 4825 FRAGMENTA
2405 4721 2527 4808 IN
2606 4716 3345 4814 PROVERBIA.

1629 4889 1764 4953 (MAI,
1789 4887 2082 4938 Bibliotheca
2104 4900 2225 4937 nova
2253 4889 2479 4948 Patrum,
2506 4888 2588 4947 iV,
2617 4889 2749 4952 316.)

620 5199 675 5253 7,
735 5194 1058 5266 Impleamus
1132 5199 1313 5247 domos
1339 5201 1548 5247 nostras
1604 5194 1810 5269 spoliis.
1893 5194 2129 5249 Eusebii.
2167 5199 2212 5257 ο

553 5288 802 5358 Spoliant
861 5285 1127 5339 daemonia
1176 5284 1297 5337 illos
1339 5297 1475 5353 quos
1538 5283 1768 5338 vicerint
1817 5300 1830 5336 :
1878 5285 2138 5339 aul'crunt

553 5378 761 5437 scilicet
805 5376 870 5432 ah
903 5375 1035 5449 ipsis
1071 5374 1166 5429 Dei
1203 5381 1560 5440 artuaturam,
1598 5374 1761 5429 idest
1804 5374 2032 5445 galeam,
2066 5375 2137 5428 lo-

623 5490 668 5522 "
695 5489 837 5545 Psal.
868 5503 1026 5552 xvtu,
1067 5485 1121 5542 5.
1200 5486 1287 5539 "I
1322 5484 1448 5539 Cor.
1483 5500 1597 5548 xlv,
1646 5485 1734 5539 15.
1811 5485 1856 5516 ⁸⁸
1887 5485 2053 5539 Marc.
2083 5500 2118 5550 ι,

2220 5487 2267 5549 i;
2305 5486 2443 5542 Luc.
2474 5503 2552 5552 tv,
2581 5488 2671 5544 54.

553 5584 806 5638 tinniens.
843 5602 862 5636 ι
897 5582 1322 5654 Hymni‘qnoque
1350 5580 1729 5654 pronuntiandi
1763 5594 1903 5654 sunt,
1939 5583 2003 5634 de
2026 5582 2142 5650 qui-

554 5654 651 5708 bus
693 5656 888 5707 dit-tum
921 5650 996 5706 cit
1028 5667 1046 5705 :
1081 5650 1339 5705 Narratio
1382 5651 1613 5703 hominis
1646 5651 1902 5720 religiosi,
1937 5666 2141 5718 semper

558 5726 787 5791 sapiens.
832 5741 848 5771 ι
888 5721 959 5776 0s
982 5721 1118 5791 justi
1159 5721 1502 5773 meditabitur
1532 5720 1843 5791 sapientiam
1873 5759 1885 5781 ,
1916 5737 1942 5791 is
1964 5730 2029 5791 et
2058 5735 2138 5772 re-

554 5787 722 5860 liqua.
758 5791 876 5848 Hoc
899 5787 997 5858 est;
1030 5804 1214 5857 mente,
1232 5792 1435 5860 lingua,
1455 5800 1501 5843 et
1533 5804 1620 5843 ore
1648 5787 1813 5843 Deum
1842 5790 2127 5844 celebrare.

2313 5195 2375 5259 ζ’.
2429 5194 2764 5264 Πλὴσωμεν
2808 5194 2876 5247 δὲ
2913 5195 3123 5258 οῖκους
3182 5191 3508 5262 ἡμετέρους
3552 5192 3809 5254 ,σκύλων

2245 5284 2524 5337 Εὐσεϐίου.
2561 5285 2917 5338 Σκυλεύουσιν
2944 5284 3038 5347 οὕς
3067 5282 3292 5336 νικῶσιν
3316 5285 3365 5335 oi
3387 5283 3659 5352 δαίμονες,
3688 5284 3817 5353 λαμ-

2244 5375 2499 5439 ϐάνοντες
2538 5376 2632 5429 ἀπ’
2668 5376 2844 5429 αὐτῶν
2875 5377 2975 5447 τὴν
3006 5377 3099 5429 τοῦ
3128 5376 3263 5431 Θεοῦ
3299 5374 3616 5440 πανοπλίαν,
3664 5375 3820 5445 ἤγουν

2761 5491 2775 5520 ¹
2806 5488 2956 5543 Psal.
2985 5504 3166 5554 cxuv,
3194 5488 3247 5543 5.

2247 5581 2387 5636 Bene
2416 5597 2543 5652 ivero
2567 5598 2763 5637 sonans
2792 5583 3093 5652 cymbalum
3136 5583 3263 5638 dicit
3292 5580 3587 5636 Psalmista
3616 5596 3829 5636 suum

2244 5651 2673 5731 modulatamque
2694 5651 2887 5731 uocem,
2914 5669 3043 5731 ante
3061 5669 3167 5707 rem
3202 5652 3635 5731 clare_exprintit,
3672 5667 3827 5718 quam

2243 5721 2401 5794 etiam
2457 5721 2791 5794 iubilationis
2837 5721 3134 5793 cymbalum
3192 5723 3472 5794 appellarit
3573 5724 3830 5778 rictarialt

2239 5793 2431 5851 hymno
2471 5793 2738 5848 idoneum.
