4138 6398
396 403 470 461 ,77
1325 401 1834 457 COMMENTARIA
1876 403 1940 456 IN
1981 405 2240 464 ISAIAM.
2285 407 2787 462 -—-.l’R1EF.—\TIO.
3607 415 3676 466 78

391 529 597 587 :rieam.
627 534 682 580 et
724 523 959 594 gladium
1001 525 1242 594 spiritus.
1304 524 1439 579 Sunt
1467 535 1653 580 autem
1688 527 1971 580 «laetuonio-

2087 531 2183 600 τὴν
2242 533 2670 602 περικεφαλαίαν
2703 532 2800 586 καὶ
2854 530 3078 603 θίῖξρακα
3135 533 3226 584 καὶ
3272 531 3368 602 τὴν
3404 531 3678 604 μάχαιραν

403 632 520 670 rum
547 615 761 678 domus,
794 614 1160 671 maleﬁcorum
1192 615 1469 669 hominum
1505 617 1976 685 congregationes,

399 722 536 777 quas
579 707 744 761 etiam
798 707 1025 776 implere
1083 706 1282 762 vellent
1327 707 1555 776 spoliis,
1603 709 1654 760 id
1695 718 1780 762 est
1825 709 1982 763 bonis

398 798 702 868 quaejJstis
730 799 991 868 eripiunt.
1032 799 1194 868 Atqui
1231 797 1504 868 quomodo
1535 797 1708 866 spolia
1740 798 1983 867 appellas

397 904 484 954 ea,
515 905 634 958 quae
656 890 810 943 .liaud
836 889 960 944 belli
988 889 1115 958 jure
1145 889 1360 959 cepisti,
1403 889 1497 942 sed
1541 888 1652 944 sola
1681 889 1982 958 iniquitate

389 980 543 1034 .male
581 981 674 1034 tibi
695 988 860 1050 parta
891 979 1055 1034 sunt?

470 1070 524 1125 8.
552 1069 618 1124 Et
642 1081 878 1143 torquem
905 1087 1122 1126 aureum
1156 1071 1294 1123 circa
1321 1068 1514 1123 collum
1538 1079 1704 1123 tuum.
1738 1068 1977 1123 Eusebii.

391 1159 572 1215 Sicuti
608 1175 766 1230 caput
793 1172 848 1216 et
885 1162 1084 1217 collum
1117 1162 1374 1216 denotant
1403 1170 1660 1224 mentem,
1703 1162 1774 1214 ita
1810 1160 1976 1214 etiam

384 1253 610 1322 torquis
645 1265 701 1308 et
742 1269 939 1309 corona
975 1254 1279 1309 scientiam.

2083 622 2174 675 τοῦ
2224 623 2558 693 πνεύματος·
2616 619 2751 676 οἶκοι
2801 623 2855 676 δὲ
2897 622 3076 677 αὐτῶν
3113 625 3169 679 αἱ
3196 623 3304 693 τῶν
3353 623 3675 694 κακούργων

2083 715 2391 786 ἐκκλησίαι,
2429 715 2492 779 ἃς
2523 717 2614 769 καὶ
2645 715 2920 786 ἐμπλῆσαι
2948 715 3242 786 βούλωνται
3279 714 3512 781 σκῦλων,
3556 717 3674 787 ἦτοι

2084 809 2313 880 καρπῶν
2359 802 2432 862 ὧν
2463 811 2525 861 ὲκ
2555 808 2662 861 τῶν
2689 809 2912 862 δικαίων
2941 808 3280 880 ἁρπάζουσι·
3329 807 3448 871 πῶς
3493 807 3551 860 δὲ
3581 809 3674 861 καὶ

2086 897 2257 954 σκῦλα
2288 900 2710 969 προσαγορεύεις
2736 899 2805 952 τὰ
2823 899 2910 970 ,μὴ
2942 900 3177 970 πολέμου
3206 899 3354 970 νόμῳ
3377 897 3671 968 ληφθέντα,

2083 993 2196 1046 ἀλλ’
2215 995 2276 1046 ἐκ
2302 991 2514 1062 γυμνῆς
2533 991 2634 1059 τῆς
2663 990 2874 1054 ἀδικίας
2901 991 3086 1054 κακῶς
3121 1008 3200 1043 σοι
3237 989 3670 1061 περιγενόμενας

2155 1093 2223 1156 η’.
2255 1084 2367 1138 Καὶ
2399 1081 2610 1137 κλοιὸν
2646 1083 2909 1150 χρύσεον
2937 1083 3069 1148 περὶ
3108 1080 3187 1146 τῷ
3225 1081 3528 1150 τραχήλῳ.
3564 1080 3673 1134 Εὔ-

2084 1178 2287 1232 σεϐίου.
2327 1177 2539 1245 ’Ὠσπερ
2575 1173 2631 1226 δὲ
2658 1173 2867 1243 κεφαλὴ
2895 1174 2988 1226 καὶ
3020 1172 3289 1244 τράχηλος
3310 1173 3399 1226 τὸν
3425 1171 3549 1225 νοῦν
3573 1172 3673 1243 δη·-

2085 1268 2283 1332 λοῦσιν,
2318 1267 2461 1322 οὕτω
2486 1267 2577 1320 καὶ
2597 1265 2773 1326 κλοιὸς
2802 1266 2896 1318 καὶ
2925 1264 3186 1332 στέφανος
3215 1264 3314 1333 τὴν
3341 1262 3563 1334 γνῶσιν.

403 1396 3527 1435 W

1377 1778 1381 1781 _
1479 1562 2576 1734 ΕΥΣΕΒΙΟΥ

1564 1837 1805 1922 ΤΟΥ
1879 1830 2482 1923 ΠΑΜΦΙΑΟΥ
2570 1958 2572 1962 τ

657 2027 1884 2168 ΥΠΟΜΝΗΜΑΤΑ
1956 2034 2218 2159 ΕΙΣ
2294 2030 2643 2162 ΤΟΝ
2723 2027 3393 2162 ΗΣΑΙΑΝ.

1138 2419 1902 2578 EUSEBII
1997 2386 2928 2574 PAMPHILI

978 2710 2045 2826 ‘COMMENTARIA
2136 2713 2284 2824 IN
2366 2710 3045 2824 HESAIAM.

1434 2931 1804 2994 (Mos-rumors,
1833 2929 2060 2983 Collectio
2081 2943 2205 2980 nova
2233 2933 2457 2992 Pati-wn,
2485 2938 2518 2981 t.
2551 2934 2633 2996 ll.)

1684 3230 2370 3356 'P‘R/EFATIO.

458 3431 578 3485 Non
613 3429 666 3486 in
694 3429 873 3484 animo
902 3439 1043 3494 erat,
1076 3443 1197 3483 cum
1241 3431 1308 3483 ab
1352 3427 1504 3482 initio
1528 3428 1676 3482 lianc
1712 3427 1978 3498 συλλογὴν
2009 3435 2052 3490 Β
2081 3426 2278 3481 decimi
2313 3427 2520 3491 saeculi,
2555 3425 2645 3480 ubi
2674 3425 3064 3494 Espositiones
3092 3425 3305 3483 Eusebii
3331 3435 3385 3484 et
3418 3428 3670 3493 aliorum.

379 3537 612 3592 operum
663 3521 875 3592 publico
903 3521 1306 3577 destinabamus
1334 3519 1475 3584 usui,
1515 3519 1727 3575 Eusebii
1774 3522 1825 3573 in
1870 3519 1976 3574 lle-

379 3602 560 3667 saiam
610 3613 686 3684 (1)
728 3613 1146 3669 Commentariis
1194 3627 1411 3666 manum
1457 3612 1744 3666 admovere
1797 3629 1810 3664 :
1854 3625 1977 3664 nam

377 3718 508 3756 cum
538 3703 704 3758 codex
733 3701 791 3757 S.
821 3701 1045 3757 Taurini
1091 3701 1442 3756 Ebroicensis
1484 3700 1757 3754 sexdecim
1801 3699 1976 3752 solum

383 3795 597 3849 llesaite
645 3797 827 3865 capita
877 3810 1001 3850 cum
1051 3794 1462 3849 commentariis
1493 3791 1845 3846 circumferat
1878 3807 1893 3852 ;
1921 3800 1978 3844 ut

375 3885 594 3954 reliqua
621 3886 828 3940 sarcire
849 3899 1138 3954 possemus
1158 3924 1174 3945 ,
1202 3884 1540 3938 diuturniore
1567 3898 1731 3949 opera
1760 3890 1813 3936 et
1854 3898 1976 3952 pero

375 3974 679 4041 ~.qnisitione
702 3989 837 4041 opus
861 3973 976 4027 fore
1010 3974 1354 4041 putabamus.
1386 3969 1588 4026 Verum
1624 3972 1712 4027 tibi
1748 3971 1812 4026 ad
1840 3987 1972 4042 ope-

388 4065 466 4117 ris
496 4064 946 4118 restaurationem
987 4064 1220 4132 amplam
1263 4063 1314 4117 in
1350 4064 1629 4118 codicibus
1672 4064 1850 4134 Regiis
1883 4080 1974 4120 se-

372 4166 559 4226 getem
610 4153 792 4209 offerri
856 4155 1011 4209 nobis
1061 4155 1575 4219 animadvertimus,
1609 4171 1704 4224 spe
1737 4173 1799 4211 ac
1825 4156 1975 4226 cupi-

387 4246 516 4300 dine
539 4246 666 4300 moti
697 4247 833 4300 bene
865 4247 1113 4316 gerendae
1153 4247 1251 4309 rei,
1292 4260 1393 4301 nec
1426 4246 1667 4301 deterriti
1714 4247 1972 4302 horumce

382 4337 632 4391 codicum
665 4336 1012 4407 legendorum
1052 4335 1392 4399 dillicultate,
1422 4339 1847 4391 commentarios
1876 4337 1974 4392 de-

379 4421 903 4486 mum,-ut‘facultas
955 4422 1098 4488 tulit,
1147 4423 1424 4489 eruimus,
1471 4433 1525 4477 et
1552 4422 1610 4476 in
1641 4431 1969 4491 postremam

376 4510 610 4580 hujusce
647 4512 776 4566 tomi
825 4523 1058 4582 partem,
1089 4514 1234 4582 quod
1287 4513 1394 4568 alio
1438 4522 1566 4568 tunc
1609 4529 1712 4567 non
1745 4513 1966 4578 liceret,

381 4602 751 4673 conjiciendos
781 4604 1056 4659 duximus.
1105 4602 1304 4659 Verum
1341 4614 1451 4659 tum
1505 4605 1606 4658 bac
1639 4604 1706 4658 de
1743 4619 1824 4669 re,
1855 4615 1966 4658 tum

381 4694 453 4752 de
479 4697 870 4750 commentario
902 4697 1042 4764 ipso,
1085 4711 1185 4767 pro
1223 4711 1379 4751 more
1423 4703 1608 4750 nostro
1647 4695 1864 4765 praefari
1899 4710 1966 4749 ne

381 4803 693 4856 graventur.

1134 4901 1231 4971 §I.

377 4990 460 5046 De
485 4993 748 5047 codicibus
788 4993 925 5046 unde
965 4993 1224 5116 ρτίῦίεωςι
1249 4991 1458 5046 Eusebii
1489 4990 1880 5044 Commentaria
1912 4991 1965 5042 in

1035 5081 1037 5083 ·
1088 5077 1305 5116 etaiam.

1035 5077 1078 5116 ἠ
1088 5077 1305 5116 etaiam.

451 5153 522 5211 Ut
541 5151 654 5222 jam
684 5156 864 5211 dicere
906 5155 1319 5224 occupavimus,
1359 5154 1529 5209 codex
1575 5151 1921 5208 Ebroieensis
1947 5191 1963 5214 ,

375 5243 506 5299 olim
545 5247 837 5301 cardinalis
870 5245 1134 5309 Perronii,
1159 5261 1320 5314 quem
1364 5245 1451 5299 ille
1482 5245 1532 5297 in
1567 5244 1717 5298 Italia
1755 5258 1820 5297 ex
1869 5257 1964 5296 ve-

375 5337 540 5391 tustis
588 5338 865 5392 codicibus
897 5336 1132 5393 exscribi
1187 5337 1438 5400 curavit,
1480 5341 1621 5391 inter
1668 5335 1770 5389 alia
1827 5339 1965 5389 bene

379 5427 545 5480 multa
575 5426 1036 5481 Commentarinm
1067 5426 1282 5481 Eusebii
1318 5425 1370 5480 in
1409 5425 1652 5481 Psalmos
1675 5464 1690 5488 ,
1714 5435 1769 5479 et
1799 5425 1966 5478 Euse-

331 5514 335 5518 ’
377 5516 449 5570 bii
478 5517 724 5588 ejusdem
753 5518 805 5571 in
840 5517 1094 5572 ﬂesaiam
1135 5519 1406 5572 sexdecim
1441 5519 1618 5586 capita
1655 5517 1963 5586 complecti-

375 5615 488 5662 tur.
517 5609 599 5664 Ad
625 5609 743 5665 haec
766 5625 894 5665 vero
922 5625 990 5666 ex
1020 5611 1206 5667 codice
1233 5610 1403 5680 Regio
1433 5626 1586 5664 num.
1632 5608 1796 5672 2458,
1829 5610 1960 5663 duo-

2084 3534 2188 3574 non
2225 3517 2470 3588 cicerpti
2506 3529 2559 3573 et
2580 3519 2886 3588 compendii
2915 3535 3086 3585 more,
3128 3522 3221 3576 sed
3265 3520 3399 3585 fuse,
3432 3533 3589 3593 prout
3617 3525 3670 3578 ξκ

2082 3611 2216 3680 ipsis
2266 3611 2580 3665 auctoribus
2615 3611 2936 3677 exstabant,
2978 3621 3346 3677 assumuntur,
3384 3613 3671 3668 Commen-

2081 3701 2252 3754 tarios
2284 3716 2312 3754 a
2348 3700 2606 3754 vicesimo
2650 3709 2849 3754 octavo
2879 3703 3054 3769 capite
3099 3704 3160 3756 ad
3194 3705 3670 3772 quadragesimum

2078 3792 2313 3859 primum
2357 3791 2589 3844 mutuati
2635 3805 2848 3844 sumus.
2894 3790 3130 3861 Reliqua
3179 3808 3310 3848 vero
3351 3809 3416 3848 ex
3453 3797 3672 3853 Catenis

2073 3882 2262 3952 Regiis
2295 3881 2685 3951 manuscriptis
2724 3881 3013 3945 sarcimus,
3049 3897 3201 3940 num.
3250 3885 3412 3953 1891,
3449 3886 3588 3942 1892
3615 3898 3672 3943 et

2076 3974 2238 4040 2157,
2274 3987 2500 4044 quarum
2546 3975 2725 4044 prima
2775 3983 2829 4029 et
2864 3983 3161 4043 postrema,
3214 3976 3670 4045 membranacere,

2077 4066 2273 4119 decimi
2307 4065 2492 4119 smeuli
2517 4074 2664 4120 sunt.
2685 4065 2764 4120 Ea
2794 4080 2925 4120 vero
2946 4080 3068 4135 quae
3091 4066 3231 4121 i892
3264 4077 3500 4136 notatur,
3515 4070 3673 4126 bom-

2074 4157 2292 4227 byciua,
2333 4157 2642 4212 duodecimi
2675 4158 2894 4225 saeculi,
2925 4173 2989 4213 ae
3046 4158 3204 4230 longe
3260 4160 3500 4217 melioris
3529 4171 3670 4218 nota-

2073 4258 2129 4302 et
2159 4248 2284 4302 ﬁdei
2322 4258 2404 4303 est
2455 4263 2619 4317 quam
2657 4249 2800 4303 alite.
2843 4247 2911 4304 Ut
2946 4259 3125 4304 autem
3179 4265 3246 4305 ex
3307 4266 3516 4317 eorum,
3547 4269 3670 4321 quae

2075 4340 2283 4409 integra
2313 4349 2627 4409 supersunt,
2654 4340 3066 4410 comparatione
3115 4340 3378 4409 liquidum
3418 4353 3522 4405 est.
3551 4345 3668 4400 bac

2072 4439 2262 4483 catena
2287 4431 2575 4485 admodum
2606 4446 2780 4499 pauca
2833 4432 3056 4498 omittit,
3085 4433 3479 4502 explicationes
3532 4436 3667 4492 inte-

2070 4533 2194 4588 gras
2222 4515 2401 4582 aﬂert,
2435 4519 2762 4590 Eusebiique
2800 4519 3106 4574 orationem
3128 4561 3144 4586 ,
3175 4537 3276 4577 nec
3306 4523 3524 4579 brevius
3555 4541 3658 4581 nec

2069 4622 2226 4662 secus
2251 4609 2530 4677 exprimit.
2561 4608 2728 4677 Hujus
2753 4609 2880 4663 item
2915 4611 2990 4664 rei
3028 4621 3403 4682 argumentum
3433 4629 3500 4670 ex
3529 4615 3654 4671 Hie-

2072 4699 2280 4768 ronymi
2311 4699 2366 4754 in
2396 4689 2650 4755 'Hesaiam
2667 4699 3086 4757 Commentariis
3110 4703 3340 4760 eruitur.
3378 4704 3509 4758 Nam
3529 4721 3653 4762 cum

1989 4771 2036 4827 (ἶ
2076 4790 2438 4861 Hieronymus
2468 4791 2682 4846 Eusebii
2710 4793 3314 4861 interpretationesnon
3349 4797 3662 4867 infrequen-

2077 4889 2159 4932 ter
2191 4881 2256 4932 ad
2288 4881 2512 4934 verbum
2548 4895 2684 4950 pene
2715 4882 3028 4947 transierat,
3054 4884 3182 4939 hinc
3214 4885 3524 4954 conjectura
3551 4900 3660 4950 est.
3736 4892 3745 4931 δ

2076 4971 2262 5037 plenas
2295 4971 2414 5026 illas
2445 4972 2791 5044 integrasque
2816 4974 2868 5028 in
2894 4975 3100 5030 Catena
3129 4975 3333 5043 afferri,
3363 4979 3551 5048 quales
3580 4981 3664 5035 ni-

2075 5064 2272 5116 mirum
2301 5063 2665 5137 Hieronymus
2701 5081 2767 5121 ex
2798 5066 3225 5124 Commentariis
3258 5080 3514 5125 verterat.

2147 5153 2363 5210 Monere
2416 5171 2482 5210 ne
2521 5157 2701 5226 pigeat
2754 5159 3000 5213 codicem
3038 5160 3411 5233 Colbertinpm
3470 5175 3663 5217 nume-

2075 5260 2135 5298 ro
2159 5245 2322 5310 2596,
2359 5245 2487 5301 olim
2532 5246 2879 5304 Bibliotheca:
2921 5249 3180 5313 Tbuanae,
3219 5251 3432 5305 initium
3491 5251 3658 5306 Com-

2075 5338 2469 5392 mentariorum
2523 5339 2704 5394 Basilii
2758 5341 2811 5394 iu
2864 5339 3139 5406 Hesaiam,
3172 5343 3386 5397 Eusebii
3437 5346 3660 5398 nomine

2072 5428 2427 5486 circumferre
2465 5434 2564 5486 hoc
2598 5435 2792 5500 modo,
2819 5434 3081 5488 Εὑσεϐξου
3114 5434 3207 5487 τοῦ
3246 5435 3532 5509 ῌαμφίλου
3565 5440 3658 5509 ἑρ-

2075 5523 2272 5591 μηνεία
2307 5525 2385 5586 εἰς
2411 5524 2503 5577 τὸν
2539 5527 2827 5598 προφήτην
2866 5527 3096 5580 Ἡσαΐαν
3116 5525 3274 5594 λόγος
3297 5528 3366 5581 α’.
3397 5529 3529 5585 ‘lnit.
3555 5531 3659 5584 Εὕ-

2074 5610 2232 5674 ξασθε
2263 5613 2336 5684 μὴ
2357 5615 2608 5683 γενέσθαι
2627 5616 2726 5687 τὴν
2760 5619 2934 5689 φυγὴν
2956 5617 3126 5671 ὑμῶν.
3153 5617 3354 5678 Deinde
3373 5633 3502 5676 vero
3522 5622 3657 5689 hil't‘,

453 5725 532 5805 (1)
564 5723 813 5780 "emittm
852 5741 959 5781 non
1012 5726 1210 5782 Isaiam
1253 5728 1564 5792 scribimus,
1597 5725 2054 5805 vocemCra‘eam
2125 5729 2352 5794 Ἡσαΐας
2413 5731 2726 5802 sequentes,
2793 5735 2897 5789 etsi
2967 5732 3227 5788 llebraicc
3254 5740 3429 5798 mwa
3451 5728 3660 5787 Iesaialt

377 5797 668 5856 scribatur.
