4138 6424
513 443 583 500 ’19

473 529 480 563 l

1191 439 1457 495 EUSEBII
1497 438 1977 496 CrESAlllENSlS
2016 439 2165 495 (lPP.
2210 441 2397 497 PARS
2437 439 2525 496 ιιι.
2570 472 2636 482 -—-
2679 441 3095 498 EXEGETICA.

3739 447 3810 503 80

513 575 636 632 qua
693 561 837 631 apud
869 558 1124 614 Basiliam
1177 573 1282 611 una
1323 556 1463 611 serie
1511 557 1785 628 leguntur,
1824 574 1947 614 cum
2007 561 2106 615 hoc
2141 568 2181 622 Α
2215 575 2342 614 oros
2372 559 2634 628 legerem,
2663 560 2808 615 aliud
2840 571 3010 616 multo
3053 562 3255 631 reperi,
3285 575 3450 632 quam
3488 563 3671 620 tndice
3698 579 3820 634 pro-

512 651 671 708 titulo
704 660 940 718 exstant,
958 650 1212 712 ὑπόθεσις
1243 648 1525 706 Εὑσεὸίου.
1547 651 1670 706 luit.
1717 651 1937 723 Ἐπειδὴ
1961 653 2103 707 κατὰ

511 744 742 817 χρόνους
774 743 994 813 γέγονεν
1023 744 1051 794 ὁ
1097 743 1405 812 προφήτης.
1438 741 1571 798 Post
1603 743 1719 797 bare
1753 743 2104 797 Commenta-

511 835 628 889 rius
660 832 1053 888 inchoaturhis
1086 831 1267 885 verbis
1304 850 1316 885 :
1364 831 1598 904 Ὄρασις
1644 839 1714 888 α’,
1753 834 1989 905 "Opust;
2035 835 2102 905 ἥν

504 922 644 979 εἶδεν
680 925 936 996 Ἡσαΐας,
988 934 1095 978 etc.
1139 922 1262 977 lttit.
1312 925 1432 979 Τῶν
1476 927 1609 997 παρ’
1657 927 1790 996 ἡμῖν
1839 926 2102 998 αἰσθητη-

507 1017 636 1089 ρίων
668 1015 730 1068 τὸ
756 1015 1178 1086 ἐναργέστατον.
1213 1015 1402 1071 L‘trum
1435 1024 1615 1071 autem
1658 1017 1774 1072 haec
1808 1016 2103 1072 Commen-

505 1109 642 1163 taria
680 1107 858 1162 Basilii
896 1107 1004 1162 sint
1045 1122 1252 1173 necne,
1293 1123 1398 1164 non
1456 1109 1593 1163 satis
1643 1109 1907 1164 convenit
1960 1109 2103 1162 inter

500 1203 813 1268 scriptorcs.
838 1199 909 1253 At
937 1198 972 1253 ii
1009 1200 1170 1252 etiam
1201 1200 1291 1267 qui
1325 1199 1515 1255 Basilii
1560 1215 1683 1256 esse
1730 1210 2097 1274 propugnant,

501 1289 717 1343 initium
763 1287 892 1342 illttd
951 1288 1286 1358 prmfationis
1336 1304 1486 1344 more
1525 1290 1870 1358 pra-missum
1898 1330 1913 1354 ,
1948 1306 2098 1344 assu-

500 1390 740 1436 mentum
789 1381 1059 1450 quoddam
1092 1396 1211 1436 esse
1261 1381 1504 1436 fatentur
1540 1399 1554 1436 :
1583 1383 1724 1450 quod
1779 1396 1880 1435 nec
1912 1381 2098 1436 Basilii

494 1471 586 1536 sit,
607 1487 709 1528 nec
735 1471 1140 1527 Commentario
1166 1473 1219 1527 itt
1254 1473 1506 1528 llesaiam
1537 1473 1851 1536 conveniat,
1875 1483 1929 1527 et
1949 1473 2097 1527 aliud

495 1580 722 1632 prorsus
745 1574 888 1636 agat.
922 1565 1035 1635 Ego
1060 1581 1189 1620 vero
1215 1564 1450 1620 Eusebio
1480 1563 1655 1619 multo
1676 1564 1858 1618 minus
1895 1565 2097 1618 ascribi

493 1670 656 1724 posse
682 1663 828 1726 puto,
853 1664 963 1709 tum
990 1657 1060 1711 ob
1087 1657 1214 1726 styli
1234 1655 1666 1725 discrepantiam
1688 1654 1850 1724 plane
1877 1655 2099 1724 εοιιειιὶ-

492 1762 676 1812 cnam,
698 1757 806 1802 tum
832 1747 956 1816 quia
983 1747 1384 1816 subscquentes
1411 1747 1825 1811 Commentarii,
1858 1747 1951 1816 qui
1978 1762 2098 1815 pcr-

491 1839 622 1892 inde
655 1838 869 1894 Eusebii
895 1839 1117 1894 nomine
1141 1838 1335 1893 eodem
1370 1838 1424 1892 in
1453 1837 1643 1891 codice
1669 1827 2096 1906 subjunguntur,

2211 652 2482 706 mittebat.
2517 652 2842 722 Ubicunque
2875 653 3022 708 enim
3075 668 3200 709 eum
3255 653 3483 709 historia
3525 653 3812 720 defecerit,

2209 741 2408 794 transit
2448 741 2515 795 ad
2545 741 2885 812 allegoriam,
2921 751 2978 797 et
3009 742 3082 798 ita
3124 752 3378 813 separata
3413 746 3711 809 consociat,
3749 755 3813 800 ttt

2209 829 2382 884 mirer
2429 844 2553 884 eum
2600 847 2742 886 nova
2790 833 3060 888 sermonis
3088 833 3294 888 fabrica
3333 835 3386 890 in
3423 851 3587 890 unum
3615 853 3814 907 corpus

2205 919 2440 988 lapidem
2473 921 2791 992 ferrumque
2813 923 3168 994 conjungere.
3208 924 3322 979 Hoc
3372 928 3608 981 breviter
3630 929 3817 983 admo—

2205 1013 2326 1077 nui,
2358 1028 2427 1067 ne
2455 1014 2578 1082 quis
2606 1027 2708 1068 nos
2751 1017 2901 1084 pule't
2943 1031 3010 1070 ex
3055 1016 3198 1071 illius
3247 1018 3490 1073 fontibus
3538 1029 3817 1075 mutuasse

2205 1117 2331 1169 quae
2355 1102 2587 1158 dicimus
2611 1119 2626 1167 ;
2663 1118 2786 1156 nam
2811 1113 2866 1158 et
2893 1103 2943 1158 in
2968 1106 3220 1173 pra-senti
3255 1108 3498 1177 capitulo
3527 1109 3814 1164 adversum

2203 1189 2425 1247 Iudaeos
2458 1202 2513 1248 et
2556 1193 2988 1264 Hierosolymam
3031 1195 3163 1249 dicit
3207 1197 3549 1266 prOphetiam
3604 1199 3760 1270 dirigi
3795 1217 3813 1254 :

2204 1287 2351 1354 quod
2384 1288 2437 1341 itt
2492 1288 2758 1357 principio
2817 1289 2937 1343 fidei
2984 1288 3316 1344 Christianae
3347 1293 3415 1345 ad
3454 1301 3592 1347 totas
3625 1304 3814 1362 gentes

2203 1377 2466 1446 epistolas
2499 1380 2768 1446 miserint,
2799 1394 2865 1435 ne
2887 1380 3235 1449 susciperent
3257 1383 3808 1451 passionetnChristi,

2202 1478 2256 1524 et
2305 1469 2555 1524 miserint
2589 1486 2762 1539 usque
2808 1473 2876 1528 ad
2937 1472 3278 1543 Ethiopiam
3313 1484 3368 1528 et
3407 1476 3807 1531 occidentalem

2205 1561 2447 1631 plagam,
2475 1570 2753 1631 totumque
2791 1563 2979 1617 orbem
3030 1563 3193 1633 hujus
3238 1563 3588 1634 blasphemia:
3639 1567 3812 1622 disse-

2203 1652 2507 1706 minatione
2554 1652 2973 1722 compleverint.
3012 1673 3031 1705 ι
3065 1654 3236 1721 Quam
3294 1655 3804 1724 interpretationem

2203 1741 2270 1795 ad
2303 1743 2553 1796 eumdem
2602 1743 2780 1798 locum
2835 1744 3080 1812 pluribus
3124 1740 3472 1814 prosequitur
3505 1746 3805 1810 Eusebius,

2205 1842 2260 1886 ut
2289 1830 2487 1900 cuique
2523 1832 2706 1887 videre
2747 1831 2924 1886 liceat.
2960 1832 3115 1899 Quod
3146 1849 3310 1903 porro
3337 1835 3412 1887 ait
3445 1833 3810 1906 Hieronymus

488 1929 692 1986 diversi
735 1945 956 2000 prorsus
989 1946 1017 1984 a
1057 1928 1490 1985 Commentariis
1513 1926 1750 1983 Eusebii
1799 1938 1945 1983 sunt.
1985 1928 2092 1983 Cu-
2127 1913 2168 1971 Β
2198 1924 2491 1979 Eusebium
2519 1925 2679 1980 modo
2705 1925 2985 1979 litteralem
3005 1936 3062 1981 et
3107 1926 3453 1990 historicatn,
3487 1930 3645 1982 modo
3671 1929 3806 1986 alle-

482 2018 573 2085 jus
605 2027 778 2089 "porro
807 2019 880 2076 sit
911 2011 1294 2074 assumentum
1329 2014 1642 2086 hujusmodi
1676 2031 1783 2071 non
1810 2018 1944 2072 satis
1969 2032 2093 2088 per-

483 2121 756 2179 spectum.
791 2109 1066 2165 Caeterum
1122 2107 1386 2170 ὑπόθεσις
1412 2107 1522 2173 illa,
1559 2107 1717 2176 cujus
1745 2109 1956 2163 inititun
1987 2117 2090 2175 est,

493 2201 720 2275 Ἐπειδὴ
753 2204 897 2257 κατὰ
929 2201 1159 2273 χρόνους
1180 2240 1195 2262 .
1227 2209 1285 2254 ut
1325 2214 1488 2270 supra
1527 2201 1794 2265 diximus,
1825 2203 1892 2255 ad
1929 2202 2091 2257 Com-

482 2297 817 2353 mentarium
854 2295 1006 2348 illum
1035 2293 1126 2362 qui
1154 2291 1336 2347 Basilii
1366 2293 1588 2347 nomine
1619 2293 2087 2364 insignitur,ltaud

481 2389 652 2445 dubie
699 2387 937 2457 pertinet
978 2402 993 2439 :
1040 2399 1164 2438 nam
1209 2384 1262 2438 in
1316 2385 1503 2440 codice
1549 2383 1718 2455 Regio
1764 2385 2089 2458 bombycino

481 2479 798 2538 duodecimi
851 2477 1063 2541 saeculi,
1100 2477 1154 2531 in
1203 2474 1381 2532 fronte
1425 2475 1843 2547 Expositionum
1890 2477 1942 2531 itt
1981 2477 2087 2533 lle-

481 2575 662 2628 saiatn
695 2570 880 2624 Basilii
913 2568 1134 2624 nomine
1160 2567 1529 2638 praemittitur.
1551 2568 1683 2634 Qua:
1713 2569 1892 2640 autem
1920 2569 2086 2640 hypo-

483 2663 626 2722 thesi
661 2667 928 2732 praeeunt,
953 2645 1134 2716 aliena
1160 2668 1218 2714 et
1247 2658 1523 2728 adjectitia
1550 2673 1674 2714 esse
1708 2646 1984 2715 videntur.

1227 2749 1254 2821 ς
1289 2749 1349 2807 ιι.

491 2843 537 2900 ι.
582 2842 908 2899 Testimonia
951 2851 1180 2898 veterum
1215 2842 1279 2894 de
1330 2841 1548 2896 Eusebii
1592 2841 2002 2898 Commentariis
2037 2845 2089 2896 in

570 2912 855 2968 Hesaiam.
895 2911 961 2964 Il.
1004 2911 1082 2965 De
1125 2927 1310 2980 genere
1354 2913 1759 2980 interpretandi.
1807 2911 1895 2967 ΙΙΙ.
1937 2913 2090 2966 Nihil

560 2983 713 3054 dubii
773 2981 920 3054 31:8pr
943 2983 1364 3054 rimatdrqz'gc.
1534 2982 1653 3048 Quo
1706 2992 1935 3054 tempore
1977 2985 2088 3036 Ιηιό

561 3050 959 3106 Commentario
994 3051 1218 3105 ediderit
1255 3051 1533 3106 Eusebius.

548 3144 590 3195 1.
616 3144 925 3194 Testimonia
960 3147 1211 3254 veteremH
1228 3142 1529 3216 deiEusebii
1570 3144 1951 3196 Commentariis
1973 3143 2024 3192 in

1217 3217 1416 3254 esatam.

1217 3217 1416 3254 esatam.

559 3291 926 3360 Hieronymus
949 3288 1044 3344 lib.
1073 3288 1148 3342 De
1169 3289 1512 3357 scriptoribus
1540 3287 1912 3342 ecclesiasticis
1951 3288 2089 3342 inter

489 3376 596 3432 alia
627 3374 847 3431 Eusebii
870 3377 1174 3444 opera,hoc
1195 3376 1319 3430 item
1345 3387 1613 3431 recenset.
1634 3375 1702 3429 Et
1729 3378 1782 3430 in
1813 3375 2085 3442 flesaiaut,

489 3469 700 3539 inquit,
731 3469 894 3521 libros
939 3469 1137 3522 decem.
1176 3467 1229 3521 ltt
1286 3468 1506 3536 prologo
1547 3477 1726 3523 autem
1766 3469 1816 3523 in
1858 3469 2084 3540 Exposi-

489 3557 693 3612 tionem
726 3554 956 3622 llesaite,
980 3556 1058 3611 sic
1085 3557 1243 3610 habet
1271 3576 1283 3611 :
1307 3556 1566 3611 Eusebius
1589 3574 1792 3629 quoque
1821 3557 2086 3628 Pamphili

479 3648 642 3716 juxta
669 3646 971 3702 historicum
994 3647 1420 3717 explanationem
1456 3650 1754 3719 quindecim
1793 3650 1959 3704 edidit
1995 3667 2082 3704 t‘O-

483 3738 714 3794 lumina.
754 3739 824 3793 At
855 3738 1250 3812 Hieronymum
1301 3740 1416 3795 sive
1455 3741 1626 3797 libros
1657 3742 1772 3797 sive
1811 3743 2081 3797 volumina

482 3838 774 3894 memoret,
804 3829 1038 3897 idipsum
1066 3829 1375 3900 signiﬁcare
1411 3831 1616 3903 liquet;
1651 3848 1776 3889 nam
1803 3834 1858 3888 in
1889 3834 2078 3888 eodem

486 3920 717 3989 prologo
755 3921 824 3974 de
857 3918 1094 3992 Origene
1132 3923 1258 3976 talia
1293 3923 1440 3978 latur
1487 3943 1500 3979 ε
1553 3923 1812 3994 Origenes
1859 3927 2079 3995 triginta

483 4012 781 4078 volumina,
809 4027 836 4065 e
872 4013 1059 4081 quibus
1100 4014 1374 4069 vicesimus
1405 4026 1584 4068 sextus
1626 4017 1756 4070 liber
1800 4033 1905 4072 non
1936 4019 2078 4072 inre-

485 4104 638 4160 uitur
664 4117 682 4165 ;
711 4102 854 4156 unde
888 4103 1056 4173 igitur
1088 4105 1248 4158 modo
1292 4104 1502 4170 decem,
1552 4106 1713 4161 modo
1741 4107 2077 4176 quindecim,

481 4195 708 4250 Eusebii
749 4196 940 4262 libros,
973 4213 1067 4253 seu
1106 4197 1378 4250 volumina
1406 4205 1623 4250 exstare
1648 4197 1781 4251 dicit
1809 4198 1833 4251 ?
1864 4197 1920 4251 id
1951 4213 2081 4252 sane

481 4286 569 4341 vel
610 4287 1004 4357 exemplarium
1038 4285 1323 4352 varietati;
1355 4271 1539 4355 parem
1574 4286 1773 4356 quippe
1800 4288 1855 4340 in
1891 4285 2078 4340 Histo-

485 4379 564 4432 ria
591 4380 947 4432 ecclesiastica
979 4379 1246 4447 ejusdem,
1267 4377 1676 4432 distinctionum
1710 4378 2077 4433 diversitatem

483 4467 990 4536 deprehendimus;
1038 4470 1121 4524 vel
1167 4468 1582 4523 amanuensium
1633 4469 1765 4525 vitio
1813 4471 2070 4527 ascribas.

2117 3253 2160 3314 C

2197 2017 2438 2087 goricam
2463 2017 2831 2072 narrationem
2860 2017 3171 2083 instituere,
3199 2017 3451 2072 omnibus
3469 2019 3644 2088 palam
3676 2020 3802 2085 erit,

2194 2110 2238 2162 si
2271 2107 2351 2162 vel
2386 2107 2716 2178 primoribus
2743 2108 2960 2176 quidem
3015 2107 3187 2162 labiis
3233 2110 3331 2162 hos
3358 2108 3805 2164 Commentarios

2193 2199 2498 2268 attigerint.
2553 2197 2708 2265 Quod
2757 2207 2940 2252 autem
2996 2199 3136 2252 dicit
3171 2213 3230 2254 se
3290 2214 3398 2252 ttou
3458 2214 3525 2253 es
3559 2199 3804 2252 "Eusebii

2193 2290 2434 2347 fontibus
2469 2291 2738 2354 hausisse,
2771 2289 2837 2344 de
2889 2298 3001 2344 toto
3051 2289 3460 2345 Commentario
3509 2290 3800 2357 intelligas.

2191 2382 2297 2438 Tot
2322 2383 2470 2438 enim
2497 2393 2755 2454 tantaque
2788 2385 2988 2440 ibidem
3018 2391 3241 2437 enarrat
3271 2381 3655 2453 Hieronymus,
3680 2399 3802 2452 quat

2191 2473 2458 2530 Eusebius
2500 2488 2567 2530 ne
2597 2490 2756 2530 nosse
2783 2474 2999 2543 quidem
3024 2513 3040 2539 ,
3072 2474 3269 2528 nedum
3306 2487 3570 2528 enarrare
3603 2474 3799 2542 potuit,

2193 2574 2252 2618 ut
2310 2563 2659 2634 periniquum
2737 2573 2881 2618 esset
2935 2561 3346 2632 Hieronymiaui
3397 2560 3796 2617 Comnteutarii

2192 2654 2424 2726 gloriam
2460 2654 2512 2708 itt
2547 2653 2845 2708 Eusebium
2894 2653 3174 2708 conferre.
3227 2652 3482 2706 Attamen
3522 2652 3613 2708 ille
3659 2655 3800 2709 bene

2193 2747 2364 2801 multa
2402 2763 2466 2800 ex
2511 2748 2663 2803 hisee
2692 2746 3119 2802 Commentariis
3163 2747 3480 2818 expiscatus
3523 2757 3627 2814 est,
3661 2764 3799 2819 quo-

2194 2856 2315 2894 rum
2347 2840 2626 2895 minimam
2657 2851 2865 2911 partem
2897 2855 2998 2895 nos
3025 2840 3191 2894 variis
3215 2839 3268 2894 in
3300 2838 3432 2893 locis
3463 2834 3799 2904 notavimus.-

2191 2932 2464 2988 thlernm
2519 2933 2622 2990 hac
2671 2933 2928 2989 cautione
2982 2934 3110 3003 jure
3173 2931 3345 2984 utitur
3379 2930 3793 3000 Hieronymus:

2191 3025 2321 3094 quia
2361 3041 2484 3080 cum
2523 3040 2786 3081 censores
2835 3024 2987 3080 multi
3030 3025 3212 3080 invido
3241 3024 3400 3080 oculo
3441 3024 3557 3094 ejus
3591 3025 3793 3094 scripta

2195 3117 2495 3172 lustrarent
2518 3157 2533 3182 ,
2561 3115 2866 3187 periculum
2901 3123 3022 3171 erat
3069 3131 3136 3170 ne
3174 3116 3346 3186 ipsum
3376 3117 3538 3187 plagii
3572 3118 3795 3174 nomine

2196 3206 2590 3272 incesserent;
2638 3206 2731 3261 sed
2790 3205 2920 3261 illud
2971 3206 3166 3274 injuria
3203 3205 3406 3260 factum
3457 3214 3793 3262 essetznam

2191 3296 2444 3367 quantuli
2476 3295 2635 3367 pretii
2673 3305 2802 3351 sunt
2839 3311 2904 3352 ea
2943 3311 3065 3366 quae
3107 3311 3174 3351 ex
3226 3297 3461 3352 Eusebio
3508 3297 3791 3363 delibavit,

2189 3386 2235 3440 si
2275 3393 2664 3454 comparentur
2694 3400 2814 3440 cum
2847 3386 2946 3450 iis,
2977 3399 3099 3455 qua:
3133 3387 3195 3440 S.
3240 3385 3442 3440 Doctor
3474 3387 3686 3441 erudite
3723 3385 3797 3443 de

2189 3477 2465 3532 llebraico
2502 3486 2650 3532 textu
2693 3491 2757 3532 ac
2794 3477 2860 3532 de
2902 3477 3138 3532 lectione
3184 3477 3414 3548 vulgata:
3447 3477 3647 3548 passim
3681 3476 3795 3532 dis-

2187 3569 2387 3624 seruit.
2418 3567 2530 3624 Nec
2571 3569 2668 3626 abs
2712 3585 2771 3625 re
2810 3569 2948 3623 forte
2985 3569 3134 3623 diCas
3185 3568 3475 3624 Eusebium
3509 3579 3563 3623 et
3599 3568 3796 3624 lliero-

2181 3651 2418 3733 'nymum
2459 3663 2649 3718 eadem
2677 3663 2792 3734 ipsa
2817 3677 2882 3716 ex
2919 3661 3172 3732 Origenis
3202 3661 3624 3719 Commentariis
3650 3664 3794 3720 hau-

2184 3754 2350 3808 sisse.

2259 3846 2317 3898 ltt
2349 3844 2810 3901 Pra-liminariltus
2845 3845 2909 3900 ad
2944 3844 3194 3914 Procopii
3229 3843 3696 3900 Commentarittm
3729 3844 3788 3902 in

2185 3937 2445 3994 llesaiam
2475 3947 2700 3992 curante
2726 3938 2887 3991 Petro
2911 3937 3164 3992 Curterio
3192 3937 3420 4003 editum,
3457 3937 3572 3992 haec
3597 3938 3790 4006 legun-

2184 4041 2275 4084 tur
2301 4045 2368 4084 ex
2394 4031 2577 4084 codice
2603 4029 2794 4083 Bettati
2815 4029 3070 4082 Marcltali
3104 4048 3116 4083 :
3144 4027 3472 4101 Μετελήφθη
3501 4031 3529 4082 ὁ
3557 4029 3790 4095 Ἡσαΐας

2181 4117 2294 4170 ἀπὸ
2327 4118 2661 4188 ἀντιγράφου
2698 4117 2790 4170 τοῦ
2839 4117 2986 4171 ἀϐδᾶ
3022 4116 3426 4181 ’Δπολλιναρίον
3469 4118 3562 4170 τοῦ
3607 4135 3787 4172 κοινο-

2182 4203 2586 4282 6ιάρχου,ὲνῷ
2643 4209 3035 4263 καθυπόκειται
3076 4210 3338 4264 ταῦτα....
3398 4209 3726 4281 Μετελήφῦη
3757 4210 3788 4264 ὁ

2193 4307 2426 4369 Ἡσαΐας
2466 4308 2530 4359 ὲκ
2579 4305 2686 4359 τῶν
2735 4305 2876 4359 κατὰ
2900 4306 2998 4370 τὰς
3032 4307 3273 4370 ἐκδῦσεις
3313 4305 3609 4370 Ἐξαπλῶν,
3654 4306 3787 4358 ἀντ-

2180 4398 2388 4468 εϐλήθη
2431 4396 2486 4450 δὲ
2514 4399 2607 4450 καὶ
2644 4397 2781 4468 πρὸς
2811 4397 2894 4449 ἓτε
2906 4415 2996 4468 ρον
3013 4398 3330 4464 Ἐξαπλοῦν,
3348 4397 3470 4468 ἕχον
3494 4399 3591 4468 τὴν
3609 4413 3788 4468 παρα-

2181 4491 2486 4561 σημεξωσιν
2528 4483 2827 4560 ταύτην...
2893 4491 3240 4563 Διώροωνται
3302 4484 3544 4562 ἀκριϐῶς
3611 4492 3784 4544 πᾶσαι

484 4557 758 4613 Czetertnu
786 4557 900 4610 lucc
929 4573 1020 4611 seu
1068 4558 1429 4624 voluminum,
1457 4573 1552 4614 seu
1582 4558 1846 4614 librorum
1878 4562 2072 4615 distiu~

2191 4557 2271 4636 ιε--
2305 4579 2571 4642 ἐκδόσεις·
2616 4557 3028 4651 ἀντεϐλήθησαν
3085 4581 3192 4651 γὰρ
3247 4557 3393 4652 πρὸς-
3443 4579 3785 4652 τετραπλοῦν

485 4651 596 4704 ctio
617 4648 730 4717 jam
768 4651 857 4705 ditt
889 4651 1066 4718 periit,
1100 4652 1327 4722 ejusque
1353 4667 1420 4707 ne
1458 4651 1742 4723 vestigium
1773 4655 1988 4727 quidem
2021 4657 2070 4710 in

484 4741 774 4800 codicibus
808 4742 1092 4810 reperitur.

561 4834 710 4886 Idem
745 4831 1104 4903 llieronytnus
1135 4835 1186 4888 itt
1233 4835 1453 4905 prologo
1486 4836 1550 4890 ad
1582 4836 1775 4892 librum
1815 4853 1846 4890 v
1873 4837 1928 4890 in
1967 4836 2068 4892 lls-
2098 4836 2100 4838 ’

482 4923 802 4982 saiamlttec
831 4925 1029 4979 habet:
1069 4944 1087 4976 ι
1137 4925 1276 4992 Quid
1327 4927 1488 4998 igitur
1514 4926 1752 4984 faciam?
1782 4929 2076 4985 subeamue

482 5030 650 5088 opus,
685 5015 738 5068 in
769 5030 875 5084 quo
902 5017 1252 5071 eruditissimi
1284 5017 1384 5071 viri
1414 5019 1764 5082 sudaverunt,
1788 5018 2076 5089 Origenem

481 5105 684 5176 loquor
712 5115 766 5160 et
798 5106 1084 5160 Eusebium
1123 5107 1420 5178 Pamphili.
1448 5125 1681 5180 quorum
1715 5109 1855 5163 alter
1895 5110 2078 5166 liberis

482 5197 764 5268 allegoriae
799 5198 989 5266 spatiis
1017 5209 1298 5269 evagatur,
1357 5211 1415 5257 et
1446 5201 1821 5272 interpretatis
1854 5201 2080 5255 nomini-

482 5290 588 5346 bus
617 5289 980 5358 singulorum,
1011 5290 1284 5360 ingenium
1323 5309 1480 5348 suum
1513 5294 1640 5348 facit
1684 5291 1942 5346 Ecclesiae
1985 5309 2076 5348 sa-

484 5394 770 5437 cramenta
803 5404 814 5437 :
847 5383 988 5438 alter
1019 5383 1329 5439 historicam
1359 5387 1752 5457 expositionem
1786 5385 1942 5438 titulo
1993 5400 2079 5438 re-

485 5472 846 5540 promittens.
879 5473 1148 5529 interdum
1197 5476 1532 5530 obliviscitur
1598 5475 1904 5543 propositi,
1940 5477 2072 5531 etin

437 5627 442 5642 .
484 5557 742 5628 Origenis
775 5560 909 5613 scita
961 5563 1205 5618 concedit
1244 5566 1268 5618 ’ἐ
1307 5583 1324 5615 ι
1371 5563 1486 5620 Sub
1521 5565 1634 5618 haec
1687 5571 1870 5616 autem
1919 5564 2074 5620 initio

484 5649 687 5720 capitis
711 5650 1130 5722 decimi-octavi,
1180 5657 1250 5710 ita
1283 5655 1527 5724 loquitur
1557 5674 1571 5708 :
1611 5673 1630 5706 ι
1664 5653 1924 5710 Eusebius
1958 5655 2070 5710 Ca:-

488 5742 752 5797 s:triensis
798 5744 1105 5802 historicum
1149 5748 1647 5815 interpretationem
1689 5745 1845 5800 titulo
1890 5763 2073 5817 repro-

454 5833 734 5907 ‘tnittcus,
766 5835 988 5892 diversis
1020 5839 1268 5897 sensibus
1322 5845 1620 5908 evagatur;
1658 5835 1810 5906 Cujus
1853 5853 1974 5894 cum
2013 5840 2074 5894 li-

2191 4669 2441 4723 Ἦσαῖαν·
2463 4668 2542 4721 ἔτι
2566 4669 2621 4722 δὲ
2653 4669 2745 4722 καὶ
2770 4671 2905 4741 πρὸς
2923 4673 3234 4738 Ἐξαπλοῦν.
3255 4673 3397 4744 Πρὸς
3425 4671 3656 4734 τούτοις,
3689 4671 3788 4724 καὶ

2180 4760 2292 4815 ἀπὸ
2337 4761 2437 4828 τῆς
2475 4759 2668 4830 ἀρχῆς,
2713 4759 2818 4825 ἓως
2871 4761 2965 4816 τοῦ
3017 4763 3295 4834 ὁράματος
3349 4763 3547 4834 Τύρου,
3597 4763 3788 4832 τὸμων

2180 4848 2528 4919 ἐξηγητικῶν
2581 4852 2660 4912 εἰς
2695 4849 2786 4902 τὸν
2827 4852 3054 4908 Ἡσαΐαν
3093 4855 3422 4925 Ὠριγένους,
3477 4852 3571 4906 xui.
3624 4852 3792 4923 ἀκρι-

2182 4938 2295 5000 ϐῶς
2355 4940 2750 5010 ἐπιστήσαντες
2799 4946 2864 5014 τῇ
2929 4946 3138 5017 ἐννοίᾳ,
3196 4945 3316 4999 καθ’
3350 4944 3418 5008 ἣν
3475 4943 3792 5014 ἐξηγήσατο

2182 5031 2425 5101 ἑκάστην
2457 5031 2621 5098 λέξιν,
2657 5035 2777 5087 καθ’
2799 5035 2873 5100 ὼς
2902 5031 3015 5090 οἷόν
3056 5055 3114 5090 τε
3156 5033 3244 5108 ἦν,
3274 5038 3367 5090 καὶ
3402 5037 3509 5089 πᾶν
3544 5033 3792 5104 ἀμφίϐο-

2145 5124 2274 5192 ,λον
2319 5121 2455 5176 κατὰ
2499 5124 2596 5194 τὴν
2631 5126 2838 5179 ἐκείνου
2886 5127 3094 5182 ἔννοιαν
3140 5127 3590 5200 διωρθωσάμεθα.
3635 5125 3793 5196 Πρὸς

2181 5214 2394 5276 τούτοις
2442 5219 2727 5290 συνεκρίθη
2761 5223 2794 5291 ἡ
2842 5221 2949 5274 τῶν
2972 5221 3377 5292 Ἐϐὂομήκοιτα
3417 5220 3646 5281 ἔκδοσις,
3684 5219 3791 5273 καὶ

2182 5305 2322 5377 πρὸς
2373 5305 2439 5358 τὰ
2487 5308 2588 5361 ὑπὸ
2631 5311 2889 5364 Εὐσεϐίου
2932 5315 3010 5376 εἰς
3056 5313 3146 5365 τὴν
3189 5313 3415 5366 Ἡσαΐαν
3469 5311 3785 5382 εἰρημένα,

2185 5392 2282 5445 καὶ
2309 5393 2365 5444 ἐν
2401 5390 2480 5457 οἷς
2543 5395 2869 5465 διεφώνουν,
2904 5401 3003 5472 τῆς
3051 5399 3363 5472 ἐξηγήσεως
3418 5401 3516 5473 τὴν
3569 5402 3793 5458 ἔννοιαν

2185 5483 2539 5555 ζητήσαντες,
2556 5488 2692 5560 πρὸς
2711 5491 2880 5560 αὐτὴν
2912 5491 3349 5564 ὲδιωρθώσαμεν.
3382 5492 3436 5546 ld
3474 5503 3589 5547 est:
3623 5511 3640 5543 ι
3668 5494 3796 5547 Εκ-

2183 5576 2418 5643 sm'iptus
2454 5592 2536 5632 est
2566 5579 2623 5632 lli
2646 5580 2795 5634 saias
2830 5585 2896 5635 ab
2921 5583 3214 5651 exemplari
3258 5585 3471 5640 abbatis
3499 5584 3798 5654 Apollina—

2186 5665 2248 5718 rii
2273 5668 2689 5729 ('(BllObidl‘Cll:P,
2720 5669 2770 5721 itt
2795 5685 2898 5736 quo
2921 5671 3031 5726 haec
3054 5675 3133 5726 snl
3151 5671 3482 5741 jiciuntur...
3507 5672 3796 5744 Desuntp.

2183 5769 2307 5826 pttts
2370 5768 2453 5811 est
2506 5758 2727 5811 llesaias
2777 5761 2842 5812 ab
2879 5761 3128 5832 llexaplis
3180 5765 3502 5829 editionum,
3546 5763 3803 5830 collatus

2181 5853 2360 5896 autem
2385 5855 2472 5897 .rst
2500 5858 2619 5898 cum
2639 5843 2878 5917 lli-xaplo
2897 5851 3018 5919 alio,
3037 5854 3087 5904 in
3115 5868 3221 5920 quo
3251 5853 3350 5908 ista
3374 5853 3798 5920 adnotantur...
