4138 6400
373 360 437 417 8i
1300 364 1807 422 COM‘MEATARIA
1849 368 1913 423 IN
1956 368 2215 428 ISAIAM.
2256 408 2321 415 —
2361 376 2750 455 PIL'EFATVIO.
3574 388 3643 441 εξ

368 481 636 534 Accurate
688 478 957 534 editiones
998 494 1186 535 omnes
1237 494 1495 537 correctae
1535 494 1697 551 sunt;
1740 486 1928 540 collata

2054 489 2411 559 τυγχάνουσιν
2432 511 2443 521 ·
2469 493 2700 548 ἴστωσαν
2723 494 2828 566 γὰρ
2849 496 2922 559 ὡς
2948 496 3006 549 οὐ
3043 498 3201 567 μόνον
3234 498 3500 570 διαφόρως
3522 503 3647 570 ἠνέ-

366 572 512 627 enim
540 572 900 627 fueruntcum
936 558 1162 641 tetraplo
1190 573 1417 643 llesaim,
1453 582 1505 629 et
1532 591 1652 631 cum
1688 577 1946 647 llexaplo.

366 662 570 716 Praeter
620 662 762 725 haut,
807 660 874 716 ab
921 662 1078 717 initio
1118 664 1281 718 etiam
1311 709 1325 732 ,
1371 681 1546 735 usque
1582 668 1648 720 ad
1684 669 1946 723 visionem

368 748 517 820 Tyri,
547 750 857 805 accuratius
891 757 1235 807 emendatum
1283 764 1386 809 εει.
1429 755 1564 809 Nam
1609 772 1729 811 cum
1776 766 1948 812 tomo~

364 855 484 895 rum
521 842 887 910 Expositionis
931 841 1182 909 Origenis
1232 844 1286 899 in
1329 845 1578 926 Hesaiam
1608 849 1763 917 cepia
1795 848 1948 904 nobis

362 940 531 997 esset,
563 932 752 986 sedulo
781 933 1127 988 advertentes
1155 950 1261 1004 quo
1292 950 1456 991 sensu
1487 938 1731 1008 singulas
1758 941 1948 995 dictio-

361 1038 458 1077 nes
488 1023 806 1093 accepisset,
845 1038 944 1093 pro
969 1024 1228 1081 facultate
1254 1027 1518 1097 quidquid
1555 1030 1773 1084 dubiant
1805 1044 1944 1099 erat,

361 1115 430 1168 ad
478 1114 621 1169 illius
668 1116 991 1170 sententiam
1024 1118 1386 1173 correximus.
1431 1117 1703 1176 Praeterea
1751 1122 1944 1177 collata

358 1216 444 1261 est
478 1206 641 1259 etiam
677 1206 1030 1278 Septuaginta
1072 1206 1429 1280 lnterpretum
1467 1211 1654 1278 editio,
1692 1228 1816 1270 cum
1856 1216 1944 1286 iis,

357 1312 479 1366 qua:
512 1297 564 1351 in
590 1296 839 1352 Hesaiam
876 1299 1094 1368 scripsit
1120 1299 1384 1356 Eusebius
1413 1312 1500 1357 :et
1521 1302 1574 1358 in
1603 1306 1799 1374 quibus
1826 1320 1941 1364 erat

356 1388 618 1453 varietas,
640 1388 893 1460 indagato
918 1390 1297 1460 explicationis
1317 1406 1502 1459 sensu,
1528 1394 1595 1450 ad
1631 1397 1746 1465 ejus
1782 1398 1940 1456 ﬁdem

353 1480 783 1535 emcndavimus.
825 1497 844 1532 ι
892 1478 1190 1552 Procopius
1224 1494 1408 1552 certe,
1440 1490 1531 1557 qui
1586 1503 1652 1543 ex
1698 1498 1941 1546 veterum

352 1567 672 1622 collectione
706 1583 862 1622 suum
894 1569 948 1624 in
988 1570 1236 1627 Hesaiam
1276 1573 1742 1633 Commentariun:
1781 1582 1939 1636 adorv

353 1660 522 1725 navit,
558 1674 624 1714 ex
656 1659 893 1717 Eusebio
938 1664 1141 1731 passim
1171 1667 1339 1721 multa
1378 1668 1639 1740 decerpit,
1677 1676 1838 1729 modo
1874 1674 1940 1729 ad

350 1750 588 1805 litteram
616 1761 670 1806 et
694 1753 916 1807 verbum
942 1753 1006 1809 de
1028 1756 1195 1811 verbo
1225 1773 1239 1822 ;
1280 1759 1461 1824 modo,
1498 1770 1552 1816 et
1582 1762 1798 1831 quidem
1829 1763 1939 1818 fre-

348 1840 620 1907 quentius,
654 1840 871 1897 Eusebii
914 1856 1073 1899 sensa
1130 1847 1485 1924 paucioribus
1532 1853 1813 1921 exprimit.
1842 1853 1947 1909 Ve—
1979 1854 2020 1910 Β

350 1943 468 1982 rum
517 1929 606 1984 hic
659 1929 913 2002 Procopii
966 1933 1407 1995 Commentarius
1456 1941 1633 1995 media
1691 1940 1809 1999 fere
1860 1946 1943 1999 sui

344 2028 500 2086 parte
531 2028 819 2077 truncatus
857 2025 924 2078 ad
959 2040 1057 2081 nos
1110 2027 1367 2103 devenit,
1400 2029 1737 2091 lectionibus
1767 2034 1945 2091 llexa-

344 2109 553 2179 plerum
591 2112 844 2182 refertus,
868 2130 1098 2187 quarum
1152 2129 1212 2172 ut
1259 2122 1550 2178 nonnullas
1580 2125 1746 2181 habet
1782 2128 1946 2185 Euse-

342 2198 576 2266 hius,ita
612 2201 902 2274 plerasque
931 2205 1110 2274 aﬁ‘ert,
1142 2207 1413 2282 Procopio
1436 2213 1668 2271 intactas
1698 2226 1753 2273 et
1788 2218 1943 2275 inob-

339 2300 606 2346 servatas.
629 2292 921 2362 Caeterum,
966 2296 1187 2354 allatum
1237 2301 1377 2359 istuc
1424 2305 1490 2359 de
1539 2306 1746 2364 Hesaia:
1798 2309 1941 2367 libro

344 2379 741 2446 testimonium,
776 2384 954 2453 palam
985 2396 1069 2443 est
1118 2391 1383 2461 scriptum
1425 2394 1598 2454 fuisse
1648 2408 1936 2470 antequam

341 2464 580 2537 llexapla
626 2468 932 2526 interirent.
977 2473 1132 2541 Quod
1174 2482 1516 2547 quandonam
1561 2464 1849 2554 acciderit,
1884 2491 1935 2545 in

340 2559 660 2615 collectione
687 2559 1055 2633 Hexaplorum
1097 2570 1408 2640 propediem
1456 2572 1687 2643 edenda,
1715 2578 1935 2653 indaga-

343 2649 522 2706 bimus
556 2651 653 2722 (ε).

412 2740 505 2796 llis
530 2742 803 2812 subjicere
835 2747 1011 2804 visum
1038 2757 1121 2807 est
1150 2751 1434 2825 prologum
1470 2756 1522 2812 in
1548 2759 1734 2816 codice
1762 2760 1932 2832 Regio

336 2829 664 2902 bombycino
694 2834 911 2890 Catenae
941 2837 993 2891 in
1023 2838 1273 2895 Hesaiam
1298 2846 1601 2915 praztixum,
1632 2850 1723 2917 qui
1744 2829 1930 2908 lectori

351 2937 453 2977 nec
485 2924 815 2995 injucundus
846 2943 946 2983 nec
972 2929 1344 2995 infructuosus
1373 2938 1499 2992 erit.

334 3063 647 3143 Πρόλογρςί
660 3063 769 3143 τοᾷ
801 3064 1166 3143 λογιωτρτοηυ
1218 3068 1319 3122 καὶ
1368 3077 1928 3143 πανευγενεστάτου

405 3133 590 3215 κυροῖ)
634 3131 917 3215 Volcis-fro?
958 3134 1068 3205 τῆς
1102 3139 1505 3211 Δρουγγαρίας
1546 3131 1663 3215 (ἔρι’)
1692 3149 1781 3212 εὶς
1824 3131 1929 3201 τὸῶ

404 3202 695 3271 μακάριον
732 3204 997 3260 Ἡσαΐαν.

404 3336 516 3405 Τῆς
550 3353 885 3410 προφητειας
910 3324 1005 3397 τοῦ
1048 3340 1337 3397 Θεσπεσίου
1378 3346 1600 3401 Ἡσαΐου
1628 3350 1722 3404 τοῦ
1757 3370 1925 3423 μεγασ-

328 3425 701 3497 λοφωνοτάτου
727 3432 835 3485 τῶν
862 3434 1157 3505 προφητῶν
1197 3438 1296 3508 τὴν
1330 3438 1512 3509 βίϐλον
1554 3443 1694 3512 μετὰ
1735 3449 1923 3519 χεῖρας

329 3517 530 3585 λαϐὼν,
553 3522 648 3575 καὶ
663 3523 867 3610 ταύτης
883 3525 984 3597 τὴν
1000 3527 1306 3597 ἀνάγνωσιν
1330 3535 1720 3605 ποιησάμενος,
1740 3517 1836 3592 καί
1849 3540 1923 3610 μὴ

326 3610 594 3681 εὑρίσκων
631 3615 729 3685 τῆς
762 3602 871 3670 τῶν
901 3620 1303 3690 γεγραμμένων
1340 3602 1578 3689 διανοίας
1613 3602 1919 3696 ἐφικέσθαι,

326 3702 461 3772 πρὸς
494 3705 622 3767 τοὺς
666 3708 872 3779 ταύτην
913 3712 1348 3782 ήρμηνευκότας,
1393 3716 1562 3786 ήγουν
1592 3719 1922 3792 ὑπομνημα-

324 3791 581 3857 τίσαντας
610 3795 915 3867 ἀνέδραμον
935 3838 950 3863 ,
978 3800 1072 3852 καὶ
1102 3802 1201 3873 τὴν
1242 3803 1394 3857 λύσιν
1434 3805 1544 3859 τῶν
1572 3805 1919 3877 ζητουμένων

321 3881 613 3955 δ.αφόρως,
648 3887 723 3950 ὡς
762 3883 871 3942 οἷόν
913 3906 994 3953 τε,
1037 3890 1233 3962 εὑρὼν,
1272 3895 1570 3961 ἀναγκαῖον
1623 3899 1919 3969 ἡγησάμην

320 3973 447 4041 τῇδε
500 3977 566 4044 τῇ
611 3974 778 4045 βίϐλῳ
837 3980 1214 4048 παραθέσθαι,
1251 3982 1338 4036 ἵνα
1374 3989 1488 4049 τοῖς
1532 3988 1918 4058 ἐντυγχάνουσι

322 4064 624 4134 κατάδηλος
674 4069 708 4137 ή
753 4068 860 4122 τῶν
895 4071 1302 4145 ιάπορουμένων
1354 4080 1621 4149 σαφήνεια
1669 4080 1913 4151 γένηται.

320 4156 527 4226 Μηδεὶς
574 4157 631 4211 δὲ
691 4158 767 4223 ὡς
817 4162 1140 4233 ἑτεροδόξων
1194 4166 1490 4237 ἑρμηνείας
1556 4173 1918 4241 συναγαγόντι

320 4245 639 4314 ὲγκαλείτω·
687 4250 832 4321 φημὶ
875 4250 940 4323 δὴ
997 4253 1323 4325 Ὠριγένους,
1360 4259 1453 4311 καὶ
1508 4260 1770 4314 Εὐσεὸίου
1821 4264 1914 4317 τοῦ

320 4338 677 4410 Καισαρείας,
706 4343 800 4395 καὶ
829 4341 1106 4416 Θεοδώρου
1159 4347 1507 4419 Ἡρακλείας,
1535 4352 1629 4405 καλ⁸
1650 4354 1912 4408 Εὐσεϐίου

331 4432 585 4504 Ἐμέσης,
613 4437 706 4489 καὶ
740 4438 1145 4510 Ἀπολλιναρίου
1165 4482 1178 4506 ,
1204 4443 1299 4495 καὶ
1327 4442 1658 4516 Θεοδωρίτου
1687 4448 1872 4520 Κύρου
1896 4467 1909 4480 ·

2056 579 2261 650 χθησαν
2287 585 2343 635 έν
2386 586 2498 647 τοῖς
2539 587 2771 655 νοήμασι
2813 585 2912 655 τῆς
2954 585 3309 642 θεοπνεύστου
3348 590 3569 663 Γραφῆς
3598 596 3646 646 οἱ

2054 672 2257 742 ταύτην
2296 676 2721 743 ήρμηνευκότες,
2752 676 2887 730 ἀλλὰ
2924 676 2980 729 δὲ
3025 680 3119 731 καὶ
3154 680 3292 734 αὐτὰ
3320 681 3389 737 τὰ
3425 684 3648 754 ῥήματα

2055 762 2154 832 τῆς
2191 764 2358 833 αὐτῆς
2392 766 2539 827 Θείας
2576 767 2800 838 Γραφῆς
2834 770 2933 823 οὐκ
2971 769 3100 832 ἴσως
3140 769 3519 835 διεστείλαντο,
3553 777 3647 829 καὶ

2054 853 2195 907 οὕτω
2226 854 2323 925 τὴν
2363 858 2657 927 ἑρμηνείαν
2689 860 2984 930 ἐπέθηκαν.
3030 862 3087 914 ’0
3136 862 3231 942 μεν
3267 862 3375 941 γὰρ
3407 865 3646 939 πλείους,

2053 946 2081 998 ὁ
2101 944 2156 997 δὲ
2185 946 2380 1015 ἥττους
2414 948 2626 1017 στίχους
2654 949 3004 1020 προθέμενος,
3029 951 3127 1023 τὴν
3158 953 3415 1024 ἐξήγησιν
3456 956 3647 1027 ἐποιήι-

2056 1052 2204 1090 σατο.
2228 1036 2337 1089 Καὶ
2371 1037 2434 1089 ἐκ
2468 1038 2659 1092 τούτου
2688 1041 2935 1095 δοκοῦσιν
2981 1045 3029 1095 οἱ
3061 1043 3284 1117 ὀιριθμολ¹
3308 1047 3420 1109 τοῖς
3472 1064 3645 1117 κεφα-

2052 1124 2224 1189 λαίοις
2268 1128 2633 1199 ἐπικείμενοι,
2662 1132 3031 1202 ἀναχαιτίζειν
3071 1135 3131 1187 τὸ
3160 1135 3351 1204 ἔδαφος
3378 1136 3647 1205 ἀναγινώ-

2054 1233 2280 1283 σκοντας
2302 1221 2379 1283 εἰς
2402 1220 2463 1273 τὸ
2500 1223 2685 1293 πρόσω
2720 1223 2942 1294 βαίνειν.
2980 1225 3099 1296 Χρὴ
3138 1222 3228 1280 οὖν
3258 1229 3352 1281 καὶ
3392 1228 3643 1300 δεύτερον

2052 1308 2146 1361 καὶ
2170 1309 2349 1380 τρίτον
2395 1313 2689 1380 κεφάλαον
2721 1313 2814 1368 τοῦ
2855 1316 3083 1385 ἐδάφους
3116 1318 3210 1387 τῆς
3242 1319 3402 1387 ἁγίας
3420 1320 3643 1395 Γραφῆς

2050 1400 2438 1469 ἀναγινώσκειν
2473 1420 2487 1434 ο
2516 1406 2608 1458 καὶ
2638 1404 2778 1460 οὕτω
2822 1406 2921 1470 τὰς
2964 1408 3290 1478 ὲγκειμένας
3322 1412 3637 1482 ἑρμηνείας,

2052 1488 2117 1541 ἵν’
2151 1490 2456 1546 εὐσύνοπτοι
2493 1494 2643 1549 ἔσται
2682 1498 2794 1559 τοῖς
2835 1496 3221 1567 ἐντυγχάνουσι
3258 1497 3325 1551 τὰ
3369 1502 3636 1571 νοήματα.

2051 1594 2313 1668 Prologus
2352 1600 2697 1654 eruditissimi
2738 1608 2788 1654 et
2833 1602 3143 1655 nobilissimi
3184 1603 3383 1658 domini
3409 1604 3637 1660 Joannis

2362 1668 2649 1739 Drttngarii
2682 1673 2735 1724 in
2777 1671 2986 1726 beatum
3034 1670 3311 1726 Hesaiam.

2124 1800 2143 1835 ι
2173 1782 2569 1854 PrOphetarum
2607 1786 3033 1855 eloquentissimi
3069 1789 3235 1845 divini
3271 1789 3481 1847 llesaite
3499 1792 3637 1848 libro

2049 1876 2347 1944 prophetia:
2395 1892 2506 1946 pra:
2543 1879 2795 1934 manibus
2846 1889 3094 1949 accepto,
3147 1894 3323 1951 eoque
3372 1883 3631 1950 perteue,

2049 1980 2170 2019 cum
2206 1967 2532 2036 scriptorum
2563 1971 2916 2040 assequendae
2962 1971 3130 2026 menti
3159 1988 3258 2041 par
3301 1988 3407 2029 non
3430 1988 3630 2037 essem,

2048 2056 2115 2110 ad
2146 2058 2263 2127 ejus
2294 2058 2644 2127 interpretes,
2665 2075 2758 2115 seu
2795 2071 3252 2119 commentatores
3273 2079 3357 2119 me
3392 2066 3630 2129 contuli;

2044 2164 2108 2205 ac
2134 2148 2225 2203 ubi
2259 2149 2550 2203 dubiorum
2577 2150 2901 2207 solutionem
2950 2153 3100 2208 varie
3132 2155 3351 2210 allatam
3379 2159 3629 2212 animad-

2041 2240 2586 2304 verti,necessarium
2608 2240 2733 2295 duxi
2758 2242 2879 2297 huic
2908 2242 3045 2297 libro
3068 2258 3286 2299 manum
3317 2247 3629 2315 admovere,

2041 2339 2102 2384 ut
2142 2344 2259 2397 quae
2300 2329 2499 2384 ibidem
2527 2329 2758 2386 obscura
2787 2340 2843 2387 et
2874 2332 3052 2388 dubias
3075 2336 3357 2395 sententia:
3385 2346 3627 2403 exstant,

2040 2416 2197 2486 plana
2228 2415 2536 2486 legentibus
2579 2421 2894 2475 evaderent.
2934 2420 3019 2477 Ne
3045 2423 3167 2492 quis
3195 2438 3325 2480 vero
3354 2426 3483 2481 mihi
3521 2429 3629 2483 criv

2039 2508 2169 2561 mini
2224 2518 2419 2573 vertat,
2457 2511 2601 2579 quod
2644 2512 3102 2571 heterodoxorum
3148 2517 3628 2586 interpretationes

2036 2598 2634 2673 collegerirn,:0rigenis
2652 2604 2798 2669 dico,
2818 2606 3032 2665 Eusebii
3059 2606 3429 2678 Cwsariensis,
3450 2611 3628 2668 Theo~

2036 2691 2153 2745 deri
2202 2691 2576 2761 lleracleotae,
2618 2695 2839 2752 Eusebii
2882 2697 3169 2768 Emeseni,
3208 2701 3532 2771 Apollinarii
3572 2714 3629 2761 e:

2037 2780 2360 2839 Theodoreti
2389 2786 2511 2855 Cyri
2545 2804 2559 2840 :
2585 2801 2708 2841 nam
2738 2789 2795 2853 ii,
2831 2804 2954 2845 cum
2980 2806 3084 2846 non
3110 2793 3177 2848 de
3215 2794 3329 2849 suis
3360 2794 3626 2864 dogmati-

2035 2872 2135 2928 bus
2167 2875 2331 2930 verba
2367 2874 2598 2944 faciunt,
2644 2879 2914 2934 interdum
2943 2882 3173 2951 pulchre
3207 2885 3617 2943 ratiocinantur.

2034 2961 2089 3019 ld
2116 2980 2278 3034 porro
2309 2982 2415 3022 non
2443 2977 2575 3023 nutu
2603 2978 2658 3025 et
2690 2971 2961 3027 arbitratu
3005 2989 3127 3029 meo
3155 2974 3297 3041 feci;
3333 2977 3427 3032 sed
3463 2978 3625 3033 obse-

2033 3066 2191 3112 cutus
2215 3058 2563 3116 sanctissimo
2592 3060 2740 3117 Patri
2772 3073 2965 3119 nostro
3010 3063 3244 3134 Cyrillo,
3270 3066 3490 3125 Christo
3522 3069 3622 3125 ad-

2034 3149 2191 3206 dicue
2220 3161 2279 3206 ct
2298 3167 2507 3224 magna;
2525 3154 2902 3213 Alexandrina:
2925 3158 3163 3214 civitatis
3186 3161 3619 3235 archiepiscopo,

2028 3242 2118 3310 qui
2148 3242 2202 3296 in
2231 3258 2328 3297 sua
2363 3246 2430 3300 ad
2465 3245 2749 3315 Eulogium
2779 3248 3004 3317 epistola
3036 3249 3114 3303 ait
3158 3263 3174 3303 :
3215 3269 3235 3302 ι
3282 3251 3402 3309 Non
3438 3257 3621 3311 omnia

2030 3332 2410 3390 luereticorum
2467 3336 2613 3391 dicta
2674 3336 2929 3407 fugienda
2985 3348 3042 3394 et
3082 3345 3384 3411 respuenda
3446 3357 3615 3415 sunt;

2027 3424 2195 3480 multa
2231 3427 2377 3481 enim
2405 3428 2754 3493 confitentur,
2781 3445 2902 3499 qua:
2932 3446 3031 3487 nos
3070 3433 3201 3490 item
3226 3438 3567 3495 conﬁtemur.
3596 3459 3616 3493 ι

2026 3510 2140 3568 Hoc
2181 3514 2310 3569 item
2366 3517 2629 3572 monitum
2674 3520 2931 3575 lectorem
2968 3523 3110 3579 volui
3133 3564 3150 3593 ,
3185 3542 3438 3597 magnum
3474 3531 3619 3585 scili-

2024 3611 2111 3659 cet
2138 3603 2395 3659 Basilium
2431 3605 2594 3673 hujus
2628 3612 2926 3680 prophetiae
2951 3624 3161 3684 partem
3199 3616 3615 3687 interpretatum

2023 3710 2145 3751 esse
2176 3711 2190 3747 :
2219 3711 2337 3763 quae
2363 3705 2537 3751 tamen
2569 3699 2966 3770 interpretatio,
2998 3721 3067 3759 an
3089 3706 3215 3775 ejus
3246 3709 3340 3773 sit,
3372 3724 3402 3763 a
3433 3710 3617 3767 multis

2024 3784 2076 3838 iu
2129 3786 2348 3839 dubium
2408 3796 2647 3842 vocatur.
2688 3788 2877 3859 Opera:
2934 3795 3166 3861 pretium
3218 3812 3435 3868 quoque
3485 3802 3615 3857 duxi

2024 3875 2124 3928 hoc
2154 3873 2454 3945 legentibus
2485 3876 2724 3934 indicare
2760 3888 3034 3938 et.notum
3067 3884 3269 3952 facere,
3294 3889 3615 3961 interpretes

2021 3975 2076 4019 et
2109 3974 2585 4034 commentatores,
2628 3985 2741 4025 non
2779 3973 2958 4042 modo,
2991 3978 3167 4044 quoad
3212 3980 3408 4038 divina:
3461 3984 3614 4039 Scri-

2020 4068 2193 4125 pturaa
2221 4073 2439 4113 sensum
2469 4070 2526 4115 et
2557 4060 2997 4132 intelligentiam,
3034 4078 3223 4125 mutuo
3254 4071 3565 4143 discrepare
3593 4113 3613 4143 ,

2020 4150 2113 4204 sed
2143 4150 2306 4204 etiam
2365 4151 2480 4219 ipsa
2536 4152 2734 4210 divinae
2783 4157 3077 4226 Scriptura:
3135 4162 3298 4216 verba
3351 4179 3458 4220 non
3495 4168 3609 4233 pari

2020 4241 2181 4296 modo
2227 4242 2539 4299 distinxisse
2587 4244 2642 4299 in
2688 4247 2804 4305 suis
2858 4249 3443 4321 interpretationibus;
3484 4272 3607 4311 nam

2025 4333 2117 4388 alii
2170 4336 2448 4405 pluribus,
2487 4338 2580 4393 alii
2629 4340 2975 4409 paucioribus
3013 4345 3278 4413 appositis
3320 4348 3610 4416 versibus,

2016 4428 2388 4494 expositiones
2437 4444 2562 4484 suas
2613 4431 2947 4486 adornarunt
2994 4449 3009 4485 :
3052 4435 3285 4505 indeque
3335 4448 3421 4495 est
3464 4442 3609 4510 quod

317 4524 376 4577 ὲν
396 4521 477 4590 οἷς
500 4526 609 4597 γὰρ
643 4528 717 4599 μή
750 4529 876 4601 περὶ
909 4530 1018 4584 τῶν
1052 4532 1196 4586 ἰδίων
1227 4533 1515 4606 δογμάτων
1552 4538 1909 4608 διαλέγονται,

2033 4520 2231 4575 numeri
2257 4521 2525 4592 capitibus
2564 4524 2770 4592 prwlixi
2804 4539 2919 4590 eos,
2956 4527 3048 4595 qui
3083 4536 3285 4582 textum
3317 4530 3489 4599 ipstnn
3526 4531 3606 4587 Ie-

315 4612 464 4669 ἔστιν
483 4616 570 4669 ὅτε
590 4618 769 4682 καλῶς
791 4620 1161 4679 ἐπιϐάλλουσι.
1178 4624 1289 4677 Καὶ
1314 4626 1471 4681 τοῦτο
1496 4627 1552 4680 δὲ
1570 4630 1669 4683 οὐκ
1687 4632 1910 4685 αὐτονόο

320 4723 437 4777 μως
466 4708 767 4780 πεποίηκα·
794 4710 907 4762 ἀλλ’
924 4712 1298 4785 ἀκολουθήσας
1325 4716 1404 4787 τῷ
1430 4718 1717 4791 ἁγιωτάτῳ
1756 4724 1912 4794 ἡμῶν

316 4797 493 4867 Πατρὶ
531 4798 608 4869 τῷ
646 4797 747 4868 τῆς
799 4800 1178 4873 Ἀλεξάνδρου,
1214 4804 1562 4878 φιλοχρίστου
1583 4850 1598 4875 ,
1628 4811 1911 4879 Μεγαλου-

318 4887 522 4951 πόλεως
548 4890 961 4963 ἀρχιεπισκόπῳ
991 4893 1246 4965 Κυρίλλῳ
1266 4936 1279 4960 ,
1309 4898 1540 4967 φήσαντι
1570 4901 1628 4954 ὲν
1672 4904 1736 4972 τῇ
1777 4903 1913 4973 πρὸς

314 4978 571 5046 Εύλόγιον
614 4982 906 5053 ἐπιστολῇ·
940 4984 1022 5037 Οὐ
1044 4984 1242 5039 πάντα
1275 4986 1394 5041 ὅσα
1423 4987 1716 5059 λέγουσιν
1737 4996 1792 5047 οἱ
1822 4997 1909 5049 al-

310 5070 531 5137 ρετικοὶ
587 5073 833 5141 φεύγειν
884 5073 981 5127 καὶ
1026 5077 1441 5144 παραιτεῖσθαι
1495 5081 1611 5149 χρή
1659 5099 1672 5112 ο
1708 5085 1911 5140 πολλὰ

210 5206 221 5213 ,λ
316 5162 424 5231 γὰρ
461 5165 864 5234 ὁμολογοῦσιν
883 5160 971 5219 ὧν
998 5168 1095 5220 καὶ
1119 5169 1292 5239 ἡμεῖς
1341 5168 1769 5243 ὁμολογοῦμεν.
1796 5177 1907 5230 Καὶ

315 5251 472 5304 τοῦτο
504 5253 559 5305 δὲ
589 5255 886 5327 κατάδηλον
914 5258 1053 5310 ποιῶ
1081 5262 1193 5322 τοῖς
1225 5260 1665 5331 ἐντυγχάνουσιν,
1686 5264 1761 5327 ὡς
1789 5267 1817 5317 ὁ
1848 5266 1907 5320 ὲν

314 5343 491 5409 ἁγίοις
537 5345 832 5417 Βασίλειος,
883 5349 1048 5420 μέρος
1077 5368 1127 5403 τι
1150 5351 1244 5422 τῆς
1284 5353 1343 5405 ὲν
1381 5353 1537 5423 χερσὶ
1571 5356 1908 5427 προφητείας

313 5436 814 5509 ήρμήνευσεν·ἥτις
852 5441 1117 5512 ἑρμηνεία
1149 5443 1300 5515 παρά
1327 5443 1541 5508 πολλοῖς
1571 5446 1906 5517 ἀμφιϐάλλε-

313 5543 419 5580 ται.
452 5529 771 5596 Ἀναγκαῖον
802 5530 859 5582 δὲ
887 5531 1073 5602 ᾠήθην
1107 5534 1201 5587 καὶ
1228 5532 1386 5588 τοῦτο
1422 5537 1746 5608 παραθεῖναι
1765 5538 1905 5610 τῷδε

313 5616 393 5687 τῷ
422 5620 690 5689 προοιμίῳ
713 5620 850 5691 πρὸς
879 5622 1185 5693 φανέρωσιν
1216 5625 1310 5679 καὶ
1350 5629 1648 5700 σαφήνειαν
1676 5632 1786 5695 τοῖς
1814 5632 1901 5687 ὲν-

385 5791 461 5863 (2)
490 5789 623 5849 Vide
662 5792 884 5864 hujusce
916 5792 1235 5868 Patrologia:
1264 5808 1301 5858 t.
1344 5800 1460 5860 XV.

2020 4623 2173 4682 gunt,
2205 4614 2271 4668 ad
2305 4614 2560 4670 ulteriora
2592 4618 2868 4674 remittere
2917 4621 3228 4676 videantur.
3266 4623 3413 4693 Opus
3442 4626 3606 4694 igitur

2020 4713 2104 4757 est
2126 4704 2354 4758 alterum
2375 4706 2662 4762 tertiumve
2683 4719 2842 4777 caput
2869 4721 3047 4767 textus
3073 4724 3276 4769 sanctae
3309 4715 3609 4785 Scriptura:

2020 4794 2220 4864 legere,
2249 4804 2303 4850 et
2336 4807 2519 4863 postea
2554 4799 2828 4868 appositas
2868 4802 3378 4873 interpretationes,
3411 4818 3471 4862 ut
3510 4821 3605 4863 ea-

2020 4898 2140 4938 rum
2171 4900 2363 4940 sensus
2395 4886 2581 4944 lectori
2611 4889 2787 4945 facilis
2815 4892 3118 4964 obviusque
3152 4897 3243 4951 sit.
3279 4915 3299 4948 ι

2092 4974 2158 5031 lli
2199 4992 2410 5045 omnes,
2462 4980 2536 5034 uti
2583 4982 2786 5048 videas,
2821 4986 3137 5054 scriptores,
3167 4988 3423 5043 videlicet
3471 4989 3597 5045 Ori-

2008 5082 2194 5136 genes,
2240 5067 2509 5125 Eusebius
2548 5072 2923 5141 Caesariensis,
2955 5076 3275 5135 Theodorus
3305 5079 3596 5137 Heracleo-

2010 5167 2111 5223 tes,
2154 5159 2422 5216 Eusebius
2459 5163 2790 5233 Emcsenus,
2839 5168 3207 5237 Apollinarius
3239 5180 3295 5226 et
3336 5171 3590 5227 Theodo-

2014 5259 2185 5318 retus,
2216 5252 2360 5307 inter
2391 5255 2680 5311 haereticos
2723 5260 3192 5315 numerabantur:
3231 5276 3336 5329 qua
3373 5263 3438 5316 de
3475 5277 3532 5315 re
3561 5278 3592 5317 a

2010 5341 2242 5410 septimo
2285 5344 2484 5401 suaculo
2521 5362 2624 5401 una
2656 5347 2759 5403 fuit
2791 5350 3031 5404 omnium
3067 5349 3238 5405 ferme
3278 5351 3592 5407 Graecorum

2012 5435 2305 5489 sententia.
2350 5435 2533 5491 Basilii
2576 5453 2707 5495 vero
2739 5439 3178 5496 Commentarius
3248 5441 3340 5497 ille
3390 5443 3594 5513 imper-
3640 5474 3641 5477 η

2011 5520 2207 5588 fectus,
2255 5525 2307 5580 in
2357 5527 2569 5593 νοθείας
2614 5531 2974 5600 suspicionem
3014 5541 3259 5600 vocatus,
3304 5544 3360 5589 ut
3397 5535 3594 5590 testifi-

2015 5623 2172 5670 catur
2196 5613 2436 5675 Joannes
2466 5619 2571 5677 iste
2604 5619 2961 5692 Drungarius,
2991 5639 3020 5680 a
3049 5623 3235 5681 multis
3262 5626 3423 5682 hodie
3451 5625 3595 5687 inter
