4138 6416
529 392 601 447 85
1204 390 1475 448 EUSEBH
1511 391 1987 448 CESAHIENSIS
2024 393 2174 450 OPP.
2216 393 2392 448 PARS
2430 394 2516 448 Ill.
2556 423 2624 436 η
2665 391 3073 449 EXEGETICA.
3717 396 3777 452 81

521 509 684 565 dubia
717 523 877 577 opera
918 515 1189 563 censetur.
1225 508 1509 563 Hodiernis
1540 525 1700 577 porro
1731 511 2093 579 scriptoribus
2123 517 2165 570 Α
2197 510 2393 574 cuum',
2438 509 2532 578 qui
2584 509 2709 562 hinc
2743 507 3141 578 quamplurima
3191 508 3526 574 expiscatur,
3557 523 3611 562 et
3652 525 3778 562 nou-

520 583 646 654 hac.
685 599 962 653 dubitandi
1004 614 1163 654 causa
1193 609 1295 664 est,
1343 600 1620 654 silentium
1672 617 1862 670 nempe
1898 602 2091 656 Hiero-

519 689 690 758 nymi,
719 689 812 758 qui
846 703 967 743 cum
999 690 1051 742 in
1085 690 1306 758 prologo
1339 705 1438 744 suo
1469 691 1535 743 ad
1568 690 1782 745 Iiesaiae
1812 693 2094 746 Commen-

518 781 656 832 taria
707 795 923 842 omnes,
975 790 1238 848 quotquot
1290 791 1448 836 antea
1511 781 1714 837 llesaia:
1772 787 2091 853 interpretes

515 879 770 936 egerant,
822 879 1072 924 accurate
1133 882 1443 933 recenseat,
1500 889 1565 926 ne
1613 875 1718 943 γρὺ
1765 873 1980 941 quidem
2027 875 2093 928 de

517 956 694 1011 Basilii
751 961 1148 1012 commentario
1206 961 1410 1025 habet;
1464 964 1669 1017 (ἐι-πνοῆς
1720 971 1898 1015 autem
1967 963 2090 1015 hinc

513 1047 656 1100 haud
689 1048 851 1102 dubie
883 1050 1122 1116 susiiicio
1172 1054 1512 1114 nascebatur,
1543 1055 1681 1122 quod
1728 1055 1898 1125 styius
1927 1054 2090 1108 Com-

513 1140 902 1196 mentariorum
971 1142 1244 1199 Basiliano
1294 1147 1446 1215 longe
1501 1147 1766 1199 absimilis
1821 1147 2086 1201 videatur.

513 1230 648 1285 Rem
693 1232 957 1287 mittimus
997 1238 1220 1302 nostris,
1265 1238 1355 1306 qui
1390 1236 1571 1291 Basilii
1617 1251 1840 1305 operum
1891 1235 2087 1290 editio-

513 1337 634 1376 nem
666 1336 862 1376 novam
897 1323 1184 1378 adornant.

581 1411 708 1466 Haec
748 1421 938 1467 catena
986 1429 1013 1466 a
1055 1413 1261 1470 Joanne
1313 1417 1612 1484 Drungario
1655 1417 1880 1471 collecta
1933 1435 2087 1490 repe-

511 1503 652 1557 ritur
687 1503 814 1557 item
866 1504 917 1556 in
959 1505 1143 1558 codice
1194 1506 1362 1575 Regio
1422 1523 1570 1560 num.
1603 1507 1763 1571 18M,
1799 1509 1978 1562 surculi
2030 1525 2083 1575 x,

511 1595 964 1659 membranaceo,
1009 1604 1197 1663 estque
1240 1597 1308 1650 ibi
1344 1612 1534 1666 magna
1579 1599 1660 1650 sui
1711 1608 1862 1667 parte
1900 1599 2085 1652 mutila

513 1685 582 1736 ab
618 1685 792 1738 initio.
821 1686 1018 1739 Catena
1054 1695 1236 1740 autem
1274 1687 1382 1740 alia
1428 1688 1480 1740 in
1519 1688 1686 1756 Regio
1721 1689 1910 1742 codice
1946 1688 2086 1741 2457

515 1777 584 1830 ab
624 1777 726 1830 hac
772 1775 931 1844 longe
977 1777 1193 1831 diversa
1243 1785 1358 1841 est,
1401 1791 1464 1830 ac
1491 1792 1756 1846 perquam
1811 1777 2084 1830 minimam

2201 617 2476 669 nunquam
2528 599 2746 654 Eusebii
2799 598 3299 668 interpretationes,
3340 608 3398 651 ut
3449 598 3538 652 hic
3577 598 3780 652 haben-

2198 702 2302 754 tur,
2354 692 2509 760 quasi
2567 691 2662 744 abs
2714 706 2771 744 re
2809 691 2971 744 datas
3010 690 3228 759 depellit
3259 698 3316 743 et‘
3347 687 3616 746 confutat.
3662 689 3778 744 lmo

2196 784 2310 850 ipse
2348 781 2615 835 Eusebius
2657 796 2779 836 sese
2825 781 2999 851 prodit
3055 781 3214 848 hujus
3249 781 3643 835 Commentarii
3679 797 3780 835 au-

2195 883 2429 937 ctorem,
2479 888 2598 926 cum
2653 884 2828 928 motas
2884 876 2951 928 ab
3007 874 3254 929 Ethnicis
3307 875 3359 928 in
3410 873 3779 928 Christianum

2194 977 2388 1016 nomen
2439 965 2753 1018 vexationes
2804 975 2858 1020 et
2897 965 3263 1028 carniﬁcinas,
3294 967 3532 1035 itemque
3580 967 3780 1034 princi-

2193 1068 2316 1120 pum
2362 1053 2490 1106 olini
2543 1054 2838 1108 infidelium
2875 1057 2942 1108 ad
3001 1055 3160 1110 fidem
3211 1057 3664 1120 conversionem,
3721 1065 3782 1110 ut

2189 1145 2435 1198 oculatus
2491 1145 2642 1199 testis
2683 1155 2988 1199 memorat:
3029 1149 3124 1200 sed
3184 1149 3420 1202 maxime
3476 1149 3564 1202 ubi
3601 1149 3782 1202 Chro-

2191 1235 2309 1288 nica
2358 1237 2427 1289 ab
2479 1251 2538 1291 se
2593 1237 2736 1291 edita
2794 1239 2982 1292 laudat
3034 1238 3121 1293 his
3174 1241 3352 1293 verbis
3403 1241 3468 1292 ad
3525 1254 3644 1309 cap.
3677 1248 3781 1295 xui

2190 1321 2415 1388 liesaim,
2452 1326 2540 1396 Τῷ
2580 1328 2636 1380 δὲ
2666 1330 2928 1397 φάσκοντι
2959 1331 3124 1400 λόγῳ·
3173 1332 3317 1385 Ἰδοὺ
3349 1329 3606 1400 ἐπεγερῶ
3639 1329 3786 1400 ὑμῖν

2187 1415 2328 1480 τοὺς
2373 1416 2638 1484 Μήδους,
2693 1422 2964 1492 μαρτυρεῖ
3010 1424 3042 1492 ἡ
3092 1422 3192 1490 τῆς
3241 1423 3476 1491 ἱστορίας
3516 1421 3776 1484 ἔκϐασις·

2188 1503 2536 1574 ἀνάγραπτος
2569 1504 2704 1561 οὖσα
2739 1512 2888 1580 παρὰ
2921 1512 3035 1573 τοῖς
3091 1511 3359 1580 Ἑλλήνων
3392 1510 3459 1562 τὰ
3502 1509 3780 1574 Χαλδαϊκὰ

2189 1591 2282 1643 καὶ
2314 1593 2382 1644 τὰ
2419 1594 2754 1666 Ἀσσυριακὰ
2788 1597 3289 1669 συγγραψαμένοις.
3322 1601 3431 1661 τοῖς
3466 1615 3522 1650 τε
3558 1598 3624 1650 τὰ
3668 1599 3780 1668 M‘i'

2186 1678 2309 1732 δικὰ
2358 1683 2734 1756 ἱστορηκόσινο
2769 1681 2842 1741 ὧν
2879 1689 2973 1740 καὶ
3019 1690 3180 1758 ἡμεῖς
3223 1689 3482 1751 πλείστας
3525 1689 3780 1754 ἀνελεξά-

2194 1769 2331 1837 μεοα
2382 1777 2690 1844 μαρτυρίας
2734 1777 2791 1828 ὲν
2828 1781 2937 1839 τοῖς
2955 1779 3261 1849 πονηθεῖοιν
3304 1781 3433 1848 ἡμῖν
3471 1779 3780 1847 Χρονικοῖς

477 1895 480 1899 ·
515 1867 758 1920 locorum
798 1874 1005 1934 partem
1040 1865 1217 1930 affert,
1267 1865 1676 1934 innumerisque
1727 1869 1936 1922 mendis
1982 1867 2085 1921 foe-
2119 1855 2160 1910 Β
2195 1862 2637 1932 σι’]Ὑράμμασι.
2682 1863 2738 1922 Id
2783 1877 2900 1933 est,
2946 1887 2962 1919 ι
2995 1868 3130 1923 lluic
3169 1880 3345 1924 autem
3381 1871 3526 1924 dicto
3579 1889 3590 1923 :
3640 1867 3777 1922 Ecce

516 1957 700 2020 datur,
751 1957 852 2011 etsi
905 1956 1227 2025 perantiqua
1277 1973 1289 2008 :
1335 1971 1458 2010 nam
1497 1956 1690 2010 decimi
1746 1958 1871 2010 item
1913 1958 2092 2014 saeculi

514 2057 618 2100 est.

513 2153 576 2207 ll.
603 2157 678 2207 De
700 2171 889 2220 genere
924 2158 1288 2218 interpretandi
1318 2163 1369 2206 et
1392 2158 1454 2206 de
1501 2164 1722 2207 veterum
1765 2159 2092 2220 interpretum

1255 2232 1343 2267 usu
1353 2256 1363 2266 .

583 2322 736 2389 Quod
781 2322 848 2375 ad
896 2321 1302 2390 interpretandi
1339 2321 1630 2384 rationem,
1678 2335 1782 2390 qua
1831 2322 2094 2377 Eusebius

512 2413 616 2468 hoc
662 2414 716 2466 in
752 2413 1154 2466 Commentario
1201 2413 1392 2476 utitur,
1445 2412 1711 2465 adeantur
1767 2427 1829 2466 ea
1882 2427 2002 2480 quae
2039 2415 2091 2467 in

513 2502 974 2557 Prmliminaribus
1023 2502 1100 2556 ad
1144 2502 1522 2571 Expositiones
1595 2503 1655 2556 in
1702 2502 1944 2558 Psalmos
1991 2505 2093 2559 hac

514 2594 582 2646 de
615 2607 676 2664 re
711 2592 950 2645 diximus
989 2592 1070 2662 (3)
1104 2610 1117 2645 :
1156 2593 1343 2646 eodem
1397 2593 1541 2645 enim
1594 2592 1879 2660 utrobique
1920 2594 2090 2662 cxpiio

513 2683 672 2736 eandi
717 2696 918 2750 genere
963 2682 1206 2752 procedit
1247 2700 1260 2736 :
1297 2696 1360 2736 ae
1413 2683 1701 2738 litteralem
1743 2685 1922 2750 modo,
1968 2700 2090 2740 mox

513 2772 941 2845 mystagogicum
982 2780 1036 2827 et
1085 2773 1437 2843 allegorieum
1487 2788 1705 2828 sensum
1757 2775 1992 2843 exquirit
2039 2785 2092 2830 et

515 2862 695 2920 affert.
729 2847 993 2918 Nimirum
1029 2877 1092 2918 ea
1125 2863 1451 2932 explanandi
1484 2865 1567 2916 via
1600 2865 1650 2916 in
1683 2863 1916 2918 Psalmis
1950 2875 2004 2920 et
2038 2867 2092 2919 in

515 2953 805 3025 prophetia
841 2953 1072 3017 llesaim,
1104 2953 1198 3010 ubi
1230 2953 1490 3022 frequens
1519 2954 1720 3010 Christi
1750 2964 1805 3010 et
1840 2957 2094 3012 Ecclesiae

515 3047 738 3109 mentio,
781 3045 1078 3113 praesertim
1126 3045 1359 3099 ineunda
1390 3055 1512 3100 est:
1543 3061 1707 3115 quam
1753 3047 2090 3117 disciplinam

517 3136 970 3205 evangelistarum
1035 3135 1511 3205 apostolorumque
1571 3138 1821 3206 exemplo
1873 3147 2093 3194 tenuere

519 3225 621 3280 SS.
660 3225 869 3279 Patres.
924 3224 1284 3290 Quamobrem
1344 3225 1703 3296 ilieronymus
1741 3243 1847 3281 non
1892 3243 1957 3283 eo
1992 3230 2098 3283 Eu-

519 3316 730 3371 sebium
779 3317 996 3384 canpit,
1042 3317 1184 3384 quod
1238 3314 1488 3371 llesaiam
1540 3317 1834 3386 allegorice
1871 3319 2097 3374 subinde

518 3423 674 3464 more
709 3408 1138 3476 interpretetur;
1187 3409 1281 3462 sed
1335 3408 1478 3476 quod
1537 3411 1928 3477 promissorum
1996 3411 2098 3465 im-

516 3515 747 3565 memor,
775 3501 867 3568 qui
897 3515 956 3554 se
987 3499 1278 3554 litteralem
1306 3498 1734 3568 historieamque
1775 3501 2096 3556 sententiam

479 3617 482 3620 ~
514 3590 806 3646 allaturum
845 3590 1128 3660 professus
1166 3598 1315 3654 erat,
1363 3590 1633 3644 interdum
1667 3592 1749 3644 ad.
1784 3591 2098 3661 allegoriam

514 3683 765 3737 declinet.
816 3681 950 3735 Nam
1007 3682 1122 3750 ipse
1171 3679 1536 3749 Hieronymus
1568 3681 1620 3735 in
1664 3681 1946 3751 allegoriis
1991 3681 2098 3737 fre-

513 3787 716 3840 quens,
764 3771 906 3825 banc
960 3771 1124 3826 tradit
1167 3767 1221 3824 in
1273 3783 1497 3841 pretogo
1549 3771 1836 3838 regulam:
1893 3790 1910 3822 ε
1945 3770 2098 3828 Unde

512 3871 636 3930 post
692 3859 936 3914 historias
985 3861 1305 3922 veritatem,
1357 3857 1712 3928 spiritualiter
1782 3859 2094 3928 accipienda

518 3962 658 4006 sunt
675 3954 898 4006 omnia:
927 3961 984 4004 et
1029 3950 1110 4004 sic
1145 3947 1326 4006 ludam
1372 3958 1428 4002 et
1474 3947 1800 4014 Jerusalem,
1847 3949 2094 4020 Babylon

518 4052 574 4096 et
613 4041 984 4104 Rbilisthiim,
1033 4039 1189 4095 Moab
1235 4049 1290 4093 et
1347 4038 1673 4105 Damascus,
1721 4039 2098 4109 Egyptuset

519 4131 799 4188 desertum
851 4143 1020 4192 mare,
1071 4128 1301 4184 ldumtea
1331 4137 1386 4182 et
1433 4128 1652 4190 Arabia,
1695 4142 1760 4182 ac
1806 4127 1976 4182 Vallis
2019 4129 2098 4182 vi-

519 4222 724 4286 sionis;
773 4229 830 4274 et
881 4219 949 4273 ad
999 4227 1302 4272 extremum
1348 4217 1528 4286 Tyrus
1571 4225 1626 4271 et
1665 4217 2094 4286 visio-quadru-

518 4313 750 4381 pedum,
786 4310 1138 4380 intelligenda
1177 4315 1332 4372 sunt;
1367 4317 1426 4362 ut
1454 4315 1649 4362 cuncta
1685 4322 1996 4376 quaeramus
2043 4309 2096 4365 iu

518 4416 720 4456 sensu:
749 4412 802 4456 et
838 4402 892 4454 in
919 4403 1183 4456 omnibus.
1200 4400 1308 4463 his,
1339 4399 1494 4468 quasi
1528 4399 1742 4466 sapiens
1767 4398 2098 4454 architectus

521 4491 722 4546 Paulus
773 4490 1050 4559 apostolus
1074 4488 1256 4560 iaciat.
1298 4489 1752 4550 fundamentum,
1797 4487 1940 4555 quod
1989 4504 2092 4542 non

519 4592 603 4635 εει
637 4581 780 4635 aliud
811 4590 1006 4649 praeter
1031 4581 1213 4636 .Iesum
1243 4581 1540 4636 Christum.
1573 4595 1592 4628 ›

596 4671 959 4741 ilexaplorum
1015 4687 1078 4726 ac
1131 4680 1372 4726 veterum
1422 4670 1779 4736 interpretum
1830 4667 2096 4724 lectiones

523 4764 725 4830 passim
783 4762 944 4817 affert
987 4761 1254 4816 Eusebius
1273 4800 1298 4824 ,,
1341 4768 1397 4814 et
1438 4759 1654 4827 quidem
1695 4758 1890 4818 multas
1939 4759 2096 4828 queis

526 4853 890 4923 Hieronymus
941 4867 1080 4909 usus.
1129 4867 1235 4904 non
1285 4859 1386 4905 est.
1437 4850 1629 4904 Sicubi.
1674 4864 1801 4903 vero
1846 4850 2094 4903 eamdem

524 4952 758 5013 uterque
803 4943 1088 4998 lectionem
1151 4943 1434 5008 exscribit,
1463 4942 1728 4998 Eusebius
1772 4941 2096 5009 prolixiores

521 5035 792 5088 exhibet:
841 5050 963 5088 nam
1021 5033 1396 5105 Hieronymus.
1442 5049 1556 5088 una.
1610 5032 1852 5087 alterave
1914 5028 2100 5082 vocula

523 5135 834 5188 contentus,
869 5126 1151 5180 lectionem
1191 5127 1320 5181 item
1363 5122 1687 5181 Hebraicani
1717 5119 1930 5188 adjicit,
1957 5119 2100 5187 quod

523 5217 705 5273 rarius
741 5228 968 5288 praestat
999 5219 1282 5275 Eusebius.

921 5322 1003 5372 lli.
1031 5323 1160 5372 Nihil
1182 5321 1317 5371 dubii
1339 5334 1419 5382 ιιρὶ
1439 5331 1696 5380 mam".

597 5405 706 5462 lies
749 5422 814 5462 ex
849 5421 907 5462 se
937 5408 1085 5461 clara
1122 5416 1179 5460 et
1209 5416 1395 5475 aperta
1430 5414 1532 5466 est,
1574 5404 1758 5468 hosce,
1787 5416 1924 5472 quos
1956 5416 2100 5456 nunc

525 5499 754 5563 edimus,
785 5514 1075 5568 germanos
1098 5509 1152 5552 et
1182 5511 1343 5552 veros
1367 5511 1488 5552 esse
1514 5494 1734 5550 Eusebii
1767 5495 1820 5548 in
1849 5492 2100 5550 llesaiam

530 5590 982 5646 Commentarios.
1036 5590 1090 5644 ld
1144 5587 1459 5656 Hieronymi
1533 5586 1835 5642 testimonio
1887 5584 2102 5652 (2008in

602 5751 680 5823 (ὃ)
712 5749 842 5804 Vide
871 5759 1072 5804 lentum
1105 5747 1462 5818 superiorem.

2127 4532 2173 4588 D

2202 1955 2462 2007 suscitabo
2516 1959 2662 2011 vobis
2723 1957 2943 2024 Medos,
3022 1961 3135 2028 ipse
3205 1962 3448 2015 historiae
3521 1971 3778 2026 eventus,

2203 2033 2668 2104 testimonium-et
2729 2052 2886 2106 fidem
2937 2053 3084 2105 addit
3133 2069 3148 2106 ς
3189 2068 3306 2121 quae
3356 2053 3580 2106 historia
3637 2053 3784 2121 apud

2199 2135 2441 2204 Grzecos,
2473 2139 2563 2206 qui
2603 2140 2928 2203 Chaldaica,
2961 2142 3247 2210 Assyriaca
3291 2151 3344 2196 et
3398 2142 3601 2196 Medica
3640 2142 3781 2196 scri-

2201 2237 2443 2295 pserunt,
2477 2231 2748 2296 reperitur
2780 2246 3055 2300 :quorum
3107 2247 3205 2287 nos
3257 2233 3568 2286 testimonia
3607 2231 3776 2285 multa

2199 2317 2512 2387 collegimus
2539 2320 2588 2372 in
2621 2320 2891 2375 Chronicis
2922 2322 3144 2377 nostris.
3187 2340 3206 2374 ι

2199 2421 2280 2471 IV.
2313 2424 2419 2482 Quo
2457 2427 2682 2486 tempore
2726 2425 2831 2474 haec
2853 2426 3213 2476 Commentaria
3255 2424 3503 2475 Eusebius
3543 2425 3777 2473 ediderit.

2273 2505 2396 2560 llzee
2429 2521 2597 2574 porro
2651 2523 2755 2560 una
2810 2508 2863 2561 in
2924 2509 3008 2564 bis
3047 2508 3469 2562 Commentariis
3522 2506 3778 2575 temporis

2203 2605 2328 2649 nota
2361 2607 2662 2665 comparet.
2697 2599 2822 2652 Post
2852 2597 2996 2652 edita
3035 2613 3228 2667 nempe
3260 2598 3543 2662 Chronica,
3581 2597 3633 2650 id
3669 2607 3784 2672 est,

2199 2695 2319 2754 post
2367 2701 2566 2739 annum
2613 2686 2739 2750 521,
2766 2686 3142 2756 Expositiones
3186 2691 3238 2739 in
3275 2685 3524 2740 llesaiam
3577 2685 3779 2750 edidis,

2198 2791 2304 2845 quo
2366 2787 2547 2830 autem
2617 2792 2796 2837 anno.
2859 2792 2926 2832 ne
2988 2777 3296 2847 conjectare
3371 2776 3588 2846 quidem
3646 2787 3778 2845 poe-

2203 2882 2410 2921 Sllil'lllS.
3061 2899 3064 2902 η

2201 3049 2238 3103 Ι.
2283 3049 2540 3105 Eusebius
2571 3068 2726 3120 parce
2757 3061 2808 3106 et
2839 3052 3009 3106 sobrie
3046 3051 3111 3106 de
3157 3049 3299 3104 Filio
3328 3050 3422 3104 Dei
3452 3051 3682 3120 loquitur
3724 3049 3784 3102 iis

2269 3119 2351 3172 liis
2409 3119 2832 3175 Comuientariis.
2905 3121 2968 3174 ll.
3043 3120 3238 3174 Contra
3297 3122 3475 3173 atheos
3517 3119 3567 3174 et
3616 3135 3773 3185 gene-

2272 3189 2494 3242 thliacos
2527 3191 2784 3259 interdum
2814 3191 2940 3259 agit.
2967 3189 3052 3242 lll.
3079 3189 3353 3259 Apostolos
3388 3189 3778 3259 quatuordecius

2281 3269 2547 3326 timuerat.
2585 3258 2675 3313 IV.
2723 3257 3026 3326 Singularis
3057 3257 3132 3312 de
3154 3259 3469 3326 martyribus
3520 3257 3778 3310 narratio.

2277 3323 2340 3378 V.
2374 3326 2681 3395 Princirum
2729 3323 3059 3380 sa'c'ularium
3104 3343 3224 3395 erga
3268 3323 3556 3380 Ecclesium
3592 3327 3780 3395 piem.

2207 3437 2243 3485 Ι.
2268 3436 2514 3485 Eusebius
2552 3449 2700 3498 parce
2725 3442 2779 3485 et
2799 3435 2961 3498 sobrie
2990 3437 3052 3484 de
3090 3435 3218 3485 Filio
3239 3435 3334 3485 Dei
3380 3436 3600 3498 loquitur
3624 3437 3675 3484 in
3706 3434 3790 3484 hil

2797 3497 3188 3547 Commentariis.

2273 3577 2372 3641 Qui
2431 3577 2483 3630 in
2534 3577 2950 3632 Commentariis
3003 3578 3054 3632 in
3111 3576 3356 3631 Psalmos
3428 3589 3666 3630 errorem
3712 3575 3785 3628 de

2207 3667 2342 3723 Filio
2381 3666 2472 3721 Dei
2512 3682 2670 3721 suum
2728 3669 2928 3736 passim
2984 3667 3316 3736 insperserat
3362 3666 3644 3730 Eusebius,
3691 3665 3782 3718 hic

2203 3775 2369 3829 parce
2414 3771 2469 3816 et
2511 3761 2692 3816 sobrie
2733 3775 2795 3815 ea
2848 3761 2914 3815 de
2966 3774 3024 3814 re
3055 3767 3114 3813 ut
3164 3757 3455 3827 plurimum
3499 3757 3779 3825 loquitur:

2207 3852 2558 3920 quamobrem
2602 3851 2962 3922 Hieronymus
2991 3849 3082 3917 qui
3113 3847 3450 3902 Psalmorum
3482 3844 3785 3914 Expositio-

2208 3956 2331 3994 nem
2359 3941 2629 3996 Arianicis
2660 3942 2938 3995 erroribus
2969 3953 3244 4009 aspersam
3283 3951 3404 3992 esse
3441 3936 3788 4000 testiﬁcatur,

2208 4034 2338 4086 nihil
2376 4034 2680 4102 hujusmodi
2717 4035 2971 4088 observat
2998 4035 3050 4087 in
3090 4034 3196 4088 hoc
3225 4031 3638 4087 commentario.
3672 4029 3778 4084 Sed

2207 4124 2329 4191 quia
2359 4125 2588 4177 arduum
2630 4134 2715 4179 est
2754 4126 2842 4178 diu
2880 4125 3217 4192 multumque
3248 4124 3507 4184 scribere,
3551 4122 3680 4190 quin
3715 4135 3783 4176 ex

2207 4223 2384 4268 mente
2432 4216 2710 4285 scriptoris
2756 4215 2959 4284 aliquid
3013 4213 3095 4268 vel
3145 4214 3516 4285 imprudenter
3562 4210 3778 4274 eflluat,

2206 4321 2310 4361 non
2358 4308 2590 4361 obscure
2631 4308 2959 4361 sententiam
2995 4319 3147 4359 suam
3189 4307 3368 4372 prodit
3403 4304 3666 4359 Eusebius
3710 4305 3777 4357 ad

2205 4411 2324 4465 cap.
2355 4413 2511 4459 xuii,
2543 4398 2632 4450 ubi
2670 4396 2722 4448 in
2755 4397 2868 4450 haec
2902 4394 3064 4450 verba
3100 4413 3114 4447 :
3153 4394 3292 4462 Ἐγὼ
3322 4397 3350 4448 ὁ
3382 4395 3535 4459 Θεὸς,
3568 4396 3662 4448 καὶ
3681 4395 3784 4448 οὐκ

2205 4491 2319 4544 ἔστι
2350 4489 2525 4559 παρὲξ
2555 4489 2689 4558 ἐμοῦ
2737 4488 2944 4553 σώζων,
2973 4489 3023 4542 id
3059 4499 3141 4543 est
3166 4506 3181 4544 :
3219 4506 3238 4540 ι
3268 4489 3376 4556 Ego
3400 4488 3562 4552 Deus,
3590 4496 3645 4540 et
3674 4500 3780 4539 non

2203 4591 2496 4649 estpraeter
2523 4597 2606 4635 me
2631 4581 2724 4649 qui
2753 4581 2958 4634 salvum
2979 4580 3160 4646 faciat,
3177 4579 3571 4635 ssicillehabet
3595 4595 3609 4632 :
3635 4579 3780 4640 Μιᾶς

2201 4672 2310 4740 γὰρ
2347 4670 2513 4742 οὔσης
2551 4672 2746 4742 ἀρχῆς,
2779 4671 2876 4739 μία
2906 4673 2989 4740 εἴη
3023 4671 3144 4741 ἂνή
3183 4671 3392 4741 Θεότης,
3493 4685 3783 4739 συμπαρα-

2201 4761 2533 4830 λαμϐάνεται
2579 4762 2671 4812 καὶ
2718 4761 2751 4828 ἡ
2784 4759 2875 4811 τοῦ
2926 4759 3263 4827 Μονογενοῦς
3292 4761 3456 4812 αὐτοῦ
3511 4759 3778 4827 θεολογια.

2204 4852 2316 4916 Hoc
2365 4860 2449 4904 est
2484 4869 2496 4904 :
2540 4868 2557 4900 ι
2589 4850 2722 4903 Nam
2755 4865 2876 4904 cum
2911 4867 3076 4907 unum
3129 4864 3198 4906 snt
3262 4853 3585 4922 principium
3610 4891 3625 4917 ,
3676 4865 3782 4902 una

2204 4944 2364 5004 fuerit
2409 4953 2464 4996 et
2497 4944 2692 5004 deitas,
2738 4955 2970 5011 quacum
3005 4946 3303 4999 assumitur
3353 4942 3624 5011 Unigeniti
3658 4940 3780 5009 ejus

2205 5034 2563 5103 theologiam
2619 5033 2710 5086 ubi
2765 5050 2869 5088 non
2923 5036 3044 5091 ideo
3092 5034 3214 5088 Filii
3269 5033 3596 5103 theologiam
3655 5046 3780 5086 cum

2205 5135 2426 5194 paterna
2461 5124 2662 5179 deitate
2706 5127 2910 5180 assumi
2945 5127 3081 5190 vult,
3115 5126 3255 5193 quod
3308 5125 3478 5179 deitas
3521 5123 3639 5178 Filii
3673 5139 3777 5178 una

2204 5219 2504 5285 eademque
2535 5218 2606 5271 sit
2635 5225 2799 5286 atque
2833 5226 3060 5286 paterna
3088 5235 3100 5270 :
3133 5233 3254 5271 nam
3285 5200 3419 5270 eam.
3444 5215 3532 5270 ille
3561 5225 3778 5271 senten-

2130 5311 2140 5319 '
2206 5311 2330 5362 tiam
2363 5319 2422 5362 ut
2473 5308 2834 5364 Sabellianam
2879 5309 3110 5376 respuit;
3147 5309 3242 5361 sed
3289 5307 3432 5376 quod
3479 5308 3549 5362 ob
3583 5307 3779 5362 simili-

2207 5400 2444 5454 tudinem
2496 5400 2804 5468 quamdam,
2852 5399 2921 5452 ab
2952 5410 3073 5452 ortu
3128 5397 3266 5452 Deus
3316 5399 3619 5468 appellatus
3671 5399 3781 5463 sit,

2205 5494 2468 5562 siquidem
2499 5492 2744 5561 principii
2770 5500 2825 5544 et
2853 5489 3071 5546 deitatis
3104 5491 3363 5545 unitatem
3398 5491 3450 5544 in
3478 5491 3593 5545 solo
3615 5490 3782 5546 Patre

2206 5585 2411 5640 servari
2446 5583 2521 5638 ait
2551 5583 2659 5648 hic,
2690 5591 2743 5637 et
2775 5581 2974 5650 passim
3006 5582 3352 5653 apertiusque
3401 5583 3455 5637 in
3488 5583 3610 5639 aliis
3645 5597 3780 5654 ope-
