4138 6446
400 357 470 411 85
1314 354 1400 409 C0
1414 353 1827 409 MMENTARIA
1870 353 1937 407 IN

2074 352 2236 409 .IAM.
2279 384 2343 392 -
2381 350 2780 408 PRAZFATIO.
3611 362 3681 411 so
3742 324 3747 325 ί

405 470 589 531 ribus,
662 472 751 519 ut‘
786 470 1249 518 commonstratur
1312 482 1363 518 III
1430 466 1885 534 praeliminaribus
1937 467 2002 520 ad
2035 471 2076 527 Α
2108 475 2453 529 accedentes,
2492 472 2837 532 usurparent.
2869 462 3070 517 Locum
3124 462 3322 519 afferre
3369 481 3438 521 ne
3480 469 3680 538 pigeat.

400 556 865 612 Counnentarium
900 554 951 607 iu
988 553 1255 619 Psalmos,
1291 556 1379 609 ubi
1414 557 1627 612 videsis.

534 664 596 712 ll.
618 661 796 714 Contra
821 662 997 709 atheus
1018 666 1069 709 et
1091 661 1434 723 genethliacos
1455 662 1705 711 interdum
1727 666 1844 725 agit.

363 728 377 783 ί
471 746 608 812 Quia
680 744 897 800 Eusebii
954 760 1100 808 arvo,
1152 746 1292 799 atbei
1352 745 1541 808 multi,
1594 755 1650 801 et
1709 748 1982 816 religionis

398 836 603 891 nullius
654 837 904 891 homines
977 846 1174 900 erant,
1226 837 1317 906 qui
1376 837 1488 893 fato
1548 853 1738 893 onmes
1801 856 1981 895 rerum

395 937 623 982 eventus
660 928 1032 991 ascriberent;
1068 927 1309 995 ejusdem
1356 927 1542 982 farinae
1587 928 1836 982 homines
1869 944 1985 997 pas-

396 1018 498 1072 sim
533 1014 830 1072 inseetatur
859 1018 1125 1073 Eusebius
1161 1019 1271 1083 hic,
1307 1029 1363 1072 ut
1397 1019 1448 1073 in
1478 1018 1902 1075 Commentariis
1929 1022 1980 1075 in

397 1107 675 1162 Psalmos:
702 1108 793 1163 ubi
823 1118 933 1162 tum
964 1109 1194 1173 ratione,
1213 1118 1322 1163 tum
1352 1111 1617 1178 exemplis
1639 1112 1978 1181 comprobat,

397 1198 635 1251 numinis
678 1198 1020 1267 providentia
1062 1198 1318 1252 mundum
1357 1199 1748 1254 administrari.
1794 1218 1811 1250 σ
1843 1199 1978 1255 Nam

396 1302 519 1340 cum
555 1287 825 1355 sapientes
863 1288 1020 1355 hujus
1070 1286 1270 1359 saeculi,
1300 1306 1319 1339 ι
1354 1288 1435 1341 sic
1483 1286 1572 1342 ille
1604 1288 1671 1341 ad
1718 1302 1840 1358 cap.
1874 1304 1978 1355 χι,

401 1397 419 1428 ι
449 1377 629 1431 omnia
678 1386 975 1446 spontaneo
1025 1379 1239 1433 cuidam
1279 1394 1460 1432 rerum
1508 1380 1710 1442 motui,
1758 1394 1822 1434 ac
1874 1379 1980 1433 for-

396 1468 533 1523 tuito
582 1468 815 1523 naturali
872 1468 1020 1524 casui
1070 1479 1125 1523 et
1172 1468 1282 1524 fato
1314 1471 1624 1535 ascribant;
1670 1474 1979 1529 necessario

392 1574 634 1628 praesens
681 1575 882 1626 sermo,
939 1560 1142 1614 nullam
1187 1576 1370 1616 rerum
1427 1562 1654 1617 fortuito
1706 1578 1834 1619 casu
1880 1558 1978 1619 ὁκ-

392 1647 606 1713 sistere,
636 1648 732 1701 sed
766 1648 946 1702 omnia
987 1664 1109 1703 cum
1161 1663 1415 1703 mensura
1458 1659 1513 1704 et
1549 1666 1778 1706 numero
1810 1669 1838 1706 a
1877 1653 1979 1706 Do-

392 1739 561 1806 mino,
603 1740 695 1809 qui
731 1739 870 1794 Deus
910 1742 1259 1810 przedicatur,
1306 1742 1605 1796 constituta
1656 1742 1844 1809 fuisse,
1879 1746 1975 1800 de-

2088 557 2167 608 Ad
2198 555 2342 609 illum
2376 556 2580 610 llesaiae
2606 570 2819 608 versum
2845 569 2963 620 cap.
2992 570 3114 609 xuv
3142 575 3152 608 :
3180 551 3369 621 Οὗτος
3390 556 3543 624 ἐρεῖ’
3571 558 3682 613 Τοῦ

2090 648 2238 701 Θεοῦ
2270 652 2419 717 ειμι,
2457 649 2552 701 καὶ
2598 644 2777 711 οὗτος
2819 646 3117 712 ,βοήσεται
3167 647 3264 700 ἐπὶ
3311 647 3392 713 τῷ
3438 650 3682 718 ὀνόματι

2100 739 2332 803 Ἰακὼϐ,
2382 739 2477 790 καὶ
2527 738 2726 805 ἕτερος
2772 737 3087 805 ἐπιγράψει
3145 736 3220 805 τῇ
3272 738 3420 807 χειρὶ
3467 739 3677 795 αὑτθῦο

2092 830 2203 883 Τοῦ
2237 828 2385 883 Θεοῦ
2415 831 2550 897 εἶμι,
2587 829 2683 881 καὶ
2716 829 2813 880 ἐπὶ
2850 828 2928 894 τῷ
2959 829 3204 898 ὀνόματι
3239 830 3486 900 Ἰσραὴλ
3522 831 3677 900 ,ϐοή-

2085 936 2287 973 σεται·
2325 920 2376 973 id
2426 928 2509 973 est
2552 938 2564 971 :
2601 938 2617 969 ι
2652 918 2748 971 llic
2793 919 2933 974 dicet
2966 939 2978 973 :
3024 921 3116 975 Dei
3155 936 3305 987 sum,
3334 932 3389 976 et
3438 923 3528 977 hic
3568 923 3679 977 cla—

2036 1053 2041 1057 .
2086 1012 2255 1064 mabit
2303 1012 2353 1063 in
2405 1011 2624 1064 nomine
2668 1009 2865 1075 Iacob;
2917 1020 2973 1065 et
3020 1013 3159 1066 alius
3203 1013 3476 1068 describet
3511 1030 3675 1069 manu

2085 1116 2181 1155 sua
2211 1119 2222 1152 :
2251 1100 2340 1153 Dei
2384 1116 2526 1165 sum,
2561 1109 2616 1153 et
2666 1099 2717 1152 in
2757 1100 2977 1153 nomine
3010 1100 3176 1156 Israel
3218 1102 3507 1169 clamabit;
3542 1124 3561 1157 ι
3597 1106 3678 1161 sic

2086 1193 2247 1245 habet
2285 1192 2372 1244 ille
2413 1210 2425 1245 :
2474 1190 2764 1260 Θαυμάσαι
2796 1190 2854 1241 δὲ
2908 1190 3056 1255 ἐστι,
3106 1193 3200 1245 καὶ
3254 1195 3675 1264 καταπλαγῆναι

2084 1282 2296 1353 ἀληθῶς
2349 1282 2448 1353 τὴν
2486 1277 2608 1333 θεῶν
2660 1281 3013 1352 προφητικῶν
3076 1281 3248 1350 λόγων
3302 1284 3550 1356 δύναμιν,
3599 1286 3678 1350 ὡς

2084 1377 2264 1439 αὐτοῖς
2299 1374 2481 1446 ἔργοις
2524 1372 2592 1426 τὰ
2643 1374 3057 1443 ἀποτελέσματα
3109 1375 3545 1448 παρειλήφαμεν.
3585 1379 3673 1432 Ἐν

2083 1465 2213 1535 γοῦν
2249 1469 2358 1528 τοῖς
2404 1465 2523 1518 καθ’
2572 1467 2721 1536 ἡμᾶς
2774 1466 2974 1529 αὐτοὺς
3029 1466 3343 1536 γενομένοις
3389 1469 3672 1541 διωγμοῖς,

2085 1559 2311 1622 πολλοὺς
2346 1559 2453 1611 τῶν
2494 1558 2806 1626 ἀλλοφύλων
2854 1560 3024 1613 ἐθνῶν
3056 1560 3420 1631 ἐθεασάμεθα,
3464 1578 3673 1632 προαρ-

2084 1650 2354 1715 πάζοντας
2398 1652 2609 1714 ἑαυτοῖς
2643 1652 2739 1714 τὰς
2780 1650 2887 1704 τῶν
2936 1651 3106 1719 ἁγίων
3145 1652 3353 1723 ἀνδρῶν
3399 1669 3673 1724 προσηγοφ

2087 1743 2235 1811 ρίαςο
2282 1738 2356 1795 ὧν
2397 1745 2424 1794 ὁ
2474 1743 2569 1811 μὲν
2606 1742 2794 1796 ἑαυτὸν
2834 1741 3028 1795 Ἰακὼϐ
3078 1743 3295 1807 ἐκάλει,
3351 1745 3444 1796 καὶ
3488 1744 3675 1815 ἕτερος
3744 1804 3753 1813 ι

390 1829 630 1884 οΙιιι-ιιι.»
682 1829 806 1884 Pari
858 1833 1015 1895 modo
1073 1832 1347 1886 invehitur
1394 1833 1447 1885 in
1495 1847 1589 1887 eos
1631 1835 1755 1903 qui,
1806 1838 1967 1890 motui

2094 1832 2330 1904 Ἰσραὴλ,
2391 1833 2548 1896 ἄλλος
2581 1834 2637 1887 δὲ
2695 1833 2983 1904 Ἰερεμίαν,
3039 1834 3132 1888 καὶ
3178 1834 3403 1887 Ἡσαΐαν
3447 1834 3671 1903 ἕτερος,

391 1930 665 1976 astrorum
726 1921 910 1975 omnia
984 1924 1360 1985 ascribentes,
1410 1925 1653 1994 genesim
1716 1926 1981 1996 cujusque

389 2012 784 2080 explorabant:
817 2015 908 2084 qui
945 2013 1261 2084 frequentes
1313 2016 1406 2069 illa
1439 2024 1759 2083 tempestate
1791 2026 1974 2071 erant.

392 2101 646 2173 Legimus
690 2119 822 2160 sane.
860 2106 1149 2160 Eusebium
1187 2106 1550 2172 Emesenum,
1594 2109 1739 2177 quod
1783 2108 1979 2162 ἀποτε-

385 2192 727 2267 λεσματικὴν
801 2206 1118 2261 exerceret,
1176 2212 1204 2251 a
1261 2196 1421 2266 plebe
1488 2196 1705 2267 pulsum
1780 2200 1978 2256 throno

386 2282 557 2340 fuisse

517 2374 602 2424 ΙΙΙ.
631 2377 681 2426 -Α
693 2379 909 2439 postolos
932 2382 1307 2441 quatuordecim
1332 2390 1559 2433 numerat
1584 2384 1844 2434 Eusebius.

462 2459 749 2529 Apostolos
791 2465 1205 2531 quatuordecim
1260 2477 1509 2522 recenset
1556 2468 1846 2532 Eusebius,
1894 2468 1976 2522 ni-

388 2552 586 2605 tnirum
637 2553 921 2608 duodecim
964 2556 1085 2611 illos
1118 2557 1400 2629 pristinos,
1433 2558 1657 2614 Matthia
1693 2560 1746 2614 in
1793 2560 1972 2614 locum

383 2641 535 2697 Jnda:
602 2645 899 2713 proditoris
948 2647 1331 2703 duodecimum
1400 2650 1580 2706 locum
1642 2659 1971 2721 occupante,

387 2731 609 2787 Paulum
638 2746 690 2790 et
720 2734 981 2791 Jacobum
1016 2737 1237 2794 fratrem
1276 2739 1521 2807 Domini;
1554 2756 1677 2796 nam
1710 2741 1970 2797 Jacobum

383 2823 532 2877 illum
566 2825 789 2881 fratrem
821 2825 1058 2892 Detnini,
1087 2807 1249 2883 alium
1282 2846 1311 2884 a
1341 2829 1542 2886 Jacobo
1572 2832 1776 2902 Alpinei
1810 2843 1967 2905 putat

383 2931 525 2971 esse.
579 2917 714 2973 'l‘res
772 2920 956 2988 itaque
1004 2920 1331 2992 ὁμωνύμους
1390 2924 1666 2993 apostolos
1718 2938 1969 2985 numerat

387 3007 672 3074 Eusebius,
712 3010 971 3065 Jacabum
1023 3013 1251 3067 fratrem
1296 3012 1544 3079 Joannis,
1582 3015 1842 3073 Jacobum
1874 3021 1969 3075 Al-

2082 1925 2174 1977 καὶ
2232 1926 2426 1996 Δανιὴλ
2469 1926 2629 1979 πάλιν
2675 1926 2853 1989 ἄλλος.
2902 1926 3139 1978 Τοιαῦτα
3187 1926 3316 1994 γοῦν
3368 1924 3670 1995 ἐπιγραφό-

2085 2031 2234 2084 μενοι
2305 2017 2552 2086 ὀνόματα
2604 2016 2695 2068 ἐπὶ
2749 2016 2809 2069 τὸ
2879 2016 3176 2087 μαρτύριον
3231 2016 3326 2069 τοῦ
3384 2015 3519 2068 Θεοῦ
3575 2017 3674 2070 σὺν

2081 2107 2260 2177 πολλῷ
2290 2107 2480 2179 θάρσει
2511 2108 2603 2160 καὶ
2639 2108 2921 2180 παρρησίᾳ
2956 2107 3239 2179 παρῄεσαν
3259 2125 3272 2137 ·
3310 2107 3345 2160 ἃ.
3372 2106 3436 2178 δὴ
3470 2108 3671 2179 σημαί-

2079 2212 2242 2249 νουσα
2284 2198 2316 2267 ἡ
2352 2197 2658 2268 προφητεία
2704 2198 2900 2267 φησίν·
2942 2193 3130 2262 Οὗτος
3174 2197 3311 2266 ἐρεῖ·
3365 2197 3475 2251 Τοῦ
3523 2196 3671 2251 Θεοῦ

2077 2289 2213 2355 ειμι,
2239 2305 2292 2340 κ.
2322 2305 2369 2339 τ.
2398 2287 2447 2340 λ.
2478 2287 2588 2342 lloe
2611 2298 2730 2342 est:
2766 2308 2784 2340 ι
2811 2288 3171 2366 Μὶιιινῐξριιιιιθ
3201 2289 3346 2343 subit
3374 2288 3671 2358 prophetiae

2077 2380 2186 2433 vim
2222 2390 2276 2434 et
2303 2380 2623 2444 efIicaciam,
2654 2391 2710 2434 et
2743 2396 2905 2449 quam
2945 2394 3074 2434 vere
3100 2380 3177 2435 rei
3209 2390 3466 2439 eventum
3495 2380 3670 2435 oculis

2076 2467 2504 2538 perceperimus.
2554 2467 2687 2521 Nam
2721 2468 2773 2521 in
2808 2467 3279 2537 persecutionibus
3308 2476 3497 2531 nostro
3532 2477 3668 2519 tem-

2077 2573 2209 2629 pore
2236 2559 2549 2622 concitatis,
2576 2558 2775 2613 multos
2818 2573 2883 2613 ex
2921 2556 3245 2626 alienigenis
3290 2557 3540 2625 gentibus
3589 2556 3671 2609 vi-

2077 2652 2417 2720 dimus,,qui
2474 2661 2790 2706 sanctorum
2852 2651 3095 2704 virorum
3154 2650 3373 2703 nomina
3433 2663 3669 2716 usurpa-

2074 2741 2233 2807 bant;
2272 2741 2410 2797 alius
2443 2743 2644 2812 quippe
2674 2756 2795 2797 sese
2838 2741 3102 2797 Jacobum
3150 2739 3487 2809 appellabat;
3527 2742 3669 2796 alius

2075 2835 2353 2899 lsraelem,
2389 2835 2527 2889 alius
2575 2834 2905 2900 Jeremiam;
2953 2835 3041 2889 hic
3078 2832 3358 2897 llesaiam,
3408 2833 3513 2887 iste
3553 2831 3664 2887 Da-

2074 2925 2294 2982 nielem.
2350 2926 2564 2980 Etenim
2618 2926 2701 2981 bis
2756 2926 2861 2981 sibi
2914 2924 3169 2995 ascriptis
3224 2923 3556 2988 nominibus,
3591 2924 3662 2977 ad

2075 3017 2395 3088 martyrium
2461 3032 2559 3086 pro
2613 3017 2721 3070 Deo
2779 3015 3122 3071 subeundum
3187 3030 3310 3070 cum
3360 3012 3561 3068 fiducia
3610 3022 3666 3068 et

384 3100 519 3168 pinati
544 3140 557 3161 ,
593 3109 648 3154 et
699 3098 961 3157 Iacobum
1012 3103 1234 3159 fratrem
1276 3105 1529 3174 Domini,
1574 3124 1732 3179 quem
1779 3112 1855 3167 ait
1899 3114 1967 3168 ab
1998 3144 2040 3203 ο
2074 3109 2380 3165 constantia
2416 3109 2769 3164 accedebant.
2796 3107 2925 3173 Quae
2962 3106 3242 3177 prophetia
3269 3106 3498 3171 indicat,
3532 3105 3658 3159 dum

382 3190 498 3257 ipso
519 3189 733 3245 Christo
752 3192 1060 3263 episcopum
1080 3192 1589 3265 Jerosolymitanum
1612 3203 1966 3259 constitutum

382 3279 566 3335 fuisse.
619 3280 774 3337 Hunc
803 3299 965 3353 porro
1004 3286 1180 3342 locum
1219 3288 1585 3360 Hieronymus
1625 3308 1690 3348 ex
1731 3293 1969 3353 Eusebio

382 3374 447 3427 ad
486 3376 704 3430 verbum
752 3394 912 3447 pene,
964 3388 1024 3433 ut
1058 3382 1259 3449 passim
1307 3383 1479 3448 solet,
1528 3386 1838 3449 transtulit,
1876 3389 1966 3457 qui

383 3472 559 3520 tamen
594 3481 713 3522 eam
760 3470 930 3538 ipsam
973 3472 1284 3540 opinionem
1319 3475 1371 3528 in
1412 3474 1554 3530 libro
1595 3474 1794 3532 Contra
1838 3477 1967 3535 lle!-

378 3556 577 3611 m'dium
621 3570 932 3630 oppugnat,
985 3564 1228 3634 duosque
1295 3575 1503 3621 tantum
1551 3566 1784 3625 Jacobos
1846 3586 1967 3626 esse

378 3646 639 3704 defendit.
666 3651 852 3706 Trium
890 3670 1053 3725 porro
1096 3655 1423 3713 Jacoborum
1453 3661 1761 3729 opinionem
1794 3661 1965 3719 Euseo

376 3740 499 3796 bius
542 3757 609 3795 ex
654 3742 892 3813 Origene
926 3756 1207 3803 mutuatus
1240 3750 1496 3805 videtur:
1531 3765 1654 3805 nam
1708 3752 1754 3807 is
1802 3768 1962 3822 quem

376 3832 477 3888 sibi
511 3833 743 3889 alterum
789 3835 908 3903 ejus
946 3838 1222 3907 opinionis
1261 3851 1546 3895 auctorem
1578 3842 1805 3896 ascribit
1858 3844 1964 3899 Eu-

374 3924 582 3997 sebius,
623 3925 717 3978 lib.
746 3941 783 3978 u
825 3926 972 3982 Hist.
996 3929 1148 3995 eccl.,
1182 3945 1303 3999 cap.
1334 3932 1387 3998 l,
1423 3931 1682 3997 Clemens
1714 3934 1966 3990 videlicet

373 4014 799 4080 Alexandrinus,
830 4017 1048 4073 Eusebii
1089 4021 1378 4075 sententiae
1405 4021 1750 4087 adversatur,
1781 4024 1874 4078 δύο
1903 4026 1961 4080 δὲ

372 4103 630 4171 γεγόνασι
666 4105 933 4170 Ἰἁκωὸοι,
966 4108 1046 4162 sic
1093 4108 1201 4173 ille,
1232 4107 1313 4175 εἷς
1344 4113 1372 4164 ὁ
1414 4110 1652 4175 δίκαιος·
1688 4113 1873 4186 ἕτερος
1907 4118 1963 4171 δὲ

371 4196 401 4248 ὁ
432 4197 839 4267 καρατομηθείς
877 4215 890 4252 :
936 4217 954 4249 ι
986 4198 1101 4253 1)υο
1131 4207 1311 4255 autem
1370 4199 1555 4256 Jacobi
1596 4202 1781 4271 fuere;
1825 4207 1963 4261 alius

368 4285 568 4354 justus,
594 4302 617 4339 ο
666 4286 780 4341 sive
810 4288 1018 4355 Minor;
1072 4307 1091 4340 ι
1123 4290 1263 4345 alius
1299 4293 1391 4360 qui
1444 4294 1625 4362 capite
1679 4305 1961 4352 truncatus

372 4383 478 4440 est,
503 4393 526 4426 ι
555 4389 648 4429 seu
688 4375 879 4446 Major.
909 4376 1019 4433 Nec
1054 4378 1266 4434 felicius
1292 4386 1480 4436 eodem
1517 4381 1677 4448 libro,
1716 4398 1837 4455 cap.
1863 4386 1956 4450 25,

2075 3202 2153 3256 ait
2201 3221 2214 3255 :
2265 3200 2365 3254 Hic
2393 3201 2527 3253 dicet
2562 3216 2578 3251 :
2610 3201 2703 3253 Dei
2738 3215 2885 3265 sum,
2920 3210 3024 3253 etc.
3076 3217 3094 3251 ι

2182 3292 2241 3344 ν.
2270 3289 2559 3354 Principum
2580 3292 2886 3341 saecularium
2912 3303 3031 3352 erga
3058 3290 3331 3339 Ecclesiam
3366 3291 3543 3352 pietas.

2143 3371 2204 3429 In
2263 3375 2407 3430 hunc
2460 3390 2676 3430 versum
2736 3388 2857 3444 cap.
2910 3388 3036 3428 itth
3074 3392 3086 3427 :
3121 3392 3138 3424 ι
3176 3374 3239 3427 Ει
3293 3384 3457 3428 erunt
3507 3387 3663 3444 reges

2071 3467 2284 3522 nutritii
2320 3467 2426 3532 tui,
2462 3476 2518 3523 et
2566 3466 2767 3536 reginae
2806 3465 3051 3520 nutrices
3098 3475 3243 3530 tute,
3269 3483 3288 3518 ι
3336 3466 3452 3520 hzec
3494 3465 3662 3521 habet

2070 3559 2340 3614 Eusebius
2376 3567 2679 3614 memoratu
2736 3558 2898 3628 plane
2947 3557 3151 3627 digna:
3196 3575 3213 3609 ι
3245 3557 3398 3623 Quod
3444 3558 3513 3612 ad
3561 3558 3658 3612 lit-

2074 3659 2244 3705 teram
2282 3651 2564 3721 impletum
2617 3650 2751 3720 ipsis
2787 3649 2965 3705 oculis
2992 3650 3290 3716 cernimus,
3328 3651 3454 3704 dum
3495 3649 3532 3704 ii
3564 3649 3659 3717 qui

2068 3754 2383 3810 supremum
2439 3741 2729 3811 imperium
2767 3742 3040 3805 obtinent,
3090 3741 3426 3805 Ecclesiam,
3478 3742 3656 3796 nutri-

2070 3832 2266 3884 tiorum
2302 3831 2497 3892 instar,
2544 3838 2760 3899 gestant
2788 3840 2844 3885 et
2881 3831 3112 3887 fovent:
3150 3847 3215 3886 ac
3266 3833 3469 3901 reginas
3517 3847 3656 3901 gen-

2069 3919 2220 3981 tium,
2255 3918 2306 3971 id
2342 3925 2445 3980 est,
2487 3917 2825 3987 singularum
2874 3919 3113 3989 gentium
3162 3929 3215 3975 et
3248 3921 3655 3989 provinciarum

2067 4014 2443 4083 magistratus,
2488 4026 2725 4082 superno
2766 4012 2881 4081 regi
2933 4013 3345 4080 ministrantes,
3394 4024 3655 4086 tanquam

2064 4104 2328 4167 nutrices,
2387 4102 2716 4172 pauperibus
2779 4103 3037 4159 Ecclesiae
3094 4105 3448 4176 imperatorio
3517 4115 3653 4163 nutu

2062 4209 2329 4249 annonam
2380 4193 2772 4264 suppeditant:
2806 4209 2977 4264 quare
3018 4195 3260 4251 nutrices
3286 4196 3413 4265 ejus
3453 4212 3656 4253 vocan-

2065 4292 2182 4348 tur;
2214 4285 2327 4338 sit'e
2354 4284 2650 4337 secundum
2670 4283 3078 4355 Symmachum,
3103 4302 3123 4337 ι
3151 4284 3233 4340 lac
3261 4287 3600 4356 praebentes;
3625 4307 3650 4345 ι

2062 4376 2141 4431 sic
2183 4377 2327 4430 enim
2360 4374 2529 4429 habet
2583 4392 2596 4428 :
2643 4375 2711 4428 Et
2755 4376 2948 4446 regina:
2987 4392 3168 4430 eorum
3202 4378 3287 4432 lac
3322 4380 3650 4440 urtebebunt.

374 4462 733 4535 Hegesippum
762 4477 819 4519 ut
847 4468 949 4522 sibi
980 4469 1367 4538 astipulantem
1393 4469 1570 4526 affert.
1604 4470 1694 4527 Ille
1725 4490 1958 4545 namque

2074 4467 2198 4534 Quis
2228 4478 2408 4522 autem
2461 4475 2787 4522 memoratos
2832 4466 3117 4536 prafectos
3167 4484 3400 4528 cernens
3457 4474 3512 4528 in
3559 4490 3653 4531 ec-

369 4552 632 4611 Jacobum
680 4558 894 4627 quidem
943 4574 1065 4615 cum
1112 4561 1373 4631 apostolis
1409 4561 1709 4619 Ecclesiam
1741 4564 1961 4622 Jeroso-

373 4647 687 4720 lymitanam
723 4653 932 4708 rexisse
975 4653 1084 4717 ait,
1130 4670 1232 4710 nec
1268 4656 1389 4712 ideo
1439 4666 1615 4713 tamen
1666 4659 1840 4728 ipsum
1890 4676 1956 4716 ex

374 4740 443 4794 12
478 4743 846 4811 apostolorum
892 4760 1120 4801 numero
1163 4762 1269 4800 non
1318 4747 1509 4815 fuisse,
1550 4751 1638 4806 vel
1693 4753 1956 4820 declarat,

370 4831 453 4886 vel
488 4833 685 4887 innuit.
718 4832 872 4900 Quod
914 4851 1042 4890 vero
1076 4837 1127 4890 in
1157 4837 1593 4896 Commentariis
1626 4842 1680 4895 in
1709 4842 1958 4900 Psalmos

370 4922 449 4976 ait
497 4922 786 4989 Eusebius,
817 4925 961 4979 haud
997 4925 1217 4982 difficile
1250 4945 1371 4984 esse
1415 4930 1682 5001 cujusque
1735 4943 1955 5002 aposto-

370 5008 547 5064 lorum
598 5013 795 5067 tribum
847 5017 1162 5084 assiguare,
1206 5017 1293 5072 hic
1342 5019 1670 5073 confirmare
1720 5021 1953 5088 videtur,

373 5101 500 5155 dum
540 5102 619 5156 ait
668 5101 864 5158 Jndam
931 5107 1234 5175 apostolum
1287 5109 1624 5177 proditorem
1684 5125 1750 5165 ex
1813 5113 1955 5167 tribu

372 5190 630 5259 Epitraim
662 5193 853 5251 fuisse.

516 5307 597 5356 ιν.
627 5308 902 5370 Singularis
925 5309 1126 5360 Eusebii
1148 5312 1211 5360 de
1238 5313 1531 5374 martyribus
1554 5319 1786 5366 narratio.

445 5389 734 5457 Singulare
786 5407 1011 5460 prorsus
1055 5403 1140 5447 est
1182 5394 1326 5462 quod
1364 5396 1529 5451 habet
1575 5399 1844 5453 Eusebius
1890 5400 1956 5455 de

372 5481 439 5535 iis
488 5480 614 5551 qui,
658 5484 1050 5549 ex'gentilibus
1082 5486 1149 5539 ad
1187 5487 1344 5541 fidem
1395 5490 1675 5555 conversi,
1709 5492 1773 5544 ad
1808 5506 1954 5545 mar-

373 5573 571 5641 tyrium
619 5573 983 5639 accedebant;
1032 5578 1175 5645 quod
1208 5580 1438 5647 scilicet,
1474 5582 1709 5652 propriis
1760 5584 1956 5653 positis

374 5661 704 5727 nominibus,
732 5663 1032 5732 priscorum
1069 5670 1509 5736 patriarcharum
1554 5680 1611 5725 ct
1655 5673 1951 5741 propheta-

375 5765 494 5807 rum
531 5755 820 5816 vocabula.
868 5756 933 5811 ad
980 5773 1168 5814 necem
1205 5775 1303 5817 oro
1348 5761 1567 5818 Christo
1619 5763 1952 5820 subeundam

2063 4558 2225 4613 clesia
2262 4558 2354 4612 Dei
2388 4572 2564 4627 genua
2606 4556 2848 4622 flectere,
2878 4573 2942 4613 ac
2978 4559 3031 4612 in
3065 4559 3305 4621 frontem
3338 4563 3491 4618 humi
3529 4580 3651 4636 pro-

2062 4648 2353 4712 cumbere,
2396 4661 2502 4701 non
2565 4647 2801 4702 fateatur
2852 4647 2993 4705 hanc
3047 4653 3388 4721 prophetiam
3443 4655 3514 4710 ad
3558 4656 3647 4713 lit-

2064 4747 2232 4792 teram
2278 4737 2603 4806 completam
2657 4756 2814 4805 esse,
2864 4759 2969 4812 qua
3016 4744 3220 4801 diserte
3268 4746 3381 4802 ait:
3411 4764 3431 4800 ι
3471 4747 3650 4820 Super

2061 4831 2255 4885 faciem
2281 4838 2437 4883 terrae
2464 4830 2766 4887 adorabunt
2792 4843 2865 4898 te,
2893 4845 2948 4889 et
2986 4837 3260 4905 pulverem
3315 4838 3649 4908 pedumtuo-

2069 4938 2190 4977 rutn
2217 4922 2476 4991 litigent.»
2514 4922 2611 4978 Ubi
2638 4924 2789 4979 vides
2819 4926 2948 4980 item
2981 4944 3190 4985 morem
3223 4929 3646 4999 genuflectendi,

2061 5029 2125 5068 ac
2155 5013 2207 5067 in
2244 5023 2444 5067 terram
2481 5017 2894 5084 procumbendi,
2934 5020 3022 5075 hic
3053 5033 3112 5076 ut
3145 5022 3196 5076 in
3225 5022 3647 5081 Commentariis

2060 5102 2113 5157 in
2162 5102 2406 5157 Psalmos
2440 5103 2745 5173 prmdicari.

2774 5196 2800 5267 §
2845 5196 2932 5252 tv.

2060 5283 2101 5337 Ι.
2141 5283 2921 5361 DenterasesJudteorumall.
2962 5287 3038 5361 ρο
3073 5291 3393 5361 patriarcha
3422 5300 3472 5342 et
3516 5306 3647 5361 apo-

2128 5354 2278 5406 stolis
2331 5356 2471 5421 apud
2514 5354 2752 5409 Judmos.
2816 5356 2902 5410 Ill.
2953 5354 3211 5411 Eusebius
3267 5357 3491 5415 Ilebrwo
3544 5354 3645 5415 ἆο-

2128 5434 2270 5559 ;tore
2309 5432 2385 5475 est
2420 5441 2565 5477 usus.
2600 5423 2685 5478 IV.
2716 5426 2799 5477 .‘lit
2844 5436 3037 5481 terram
3072 5445 3174 5480 non
3221 5445 3329 5481 esse
3384 5432 3646 5500 spltwrica

2155 5508 2320 5545 arma.

2490 5584 2527 5632 l.
2564 5585 2872 5635 Deuteroses
2904 5587 3202 5637 Judaeorum.

2130 5666 2346 5724 Iudaeos
2383 5683 2703 5741 plerumque
2738 5673 3052 5738 insectatur,
3085 5677 3196 5743 qui,
3226 5678 3452 5733 dimisso
3489 5679 3640 5734 Scri-

2059 5770 2344 5832 pturarum
2382 5778 2509 5820 vero
2563 5765 2809 5833 tramite,
2840 5766 3161 5825 tfznbulosas
3214 5766 3527 5829 deuteros'cs
3571 5774 3639 5828 ad
