4138 6418
496 316 566 368 ιη
1187 313 1457 372 Ευεεθιι
1495 311 1976 373 CIESARIESSIS
2014 313 2051 367 0

2154 352 2166 365 .
2212 309 2391 366 PARS
2427 310 2516 366 ΙΙΙ.
2560 343 2628 352 -
2667 311 3078 371 EXEGETICA.
3691 321 3764 375 88

499 431 749 487 lectionis
781 431 1203 502 explicationem
1235 433 1575 486 adhiberent.
1610 428 1873 484 Doctores
1904 441 2082 482 autem
2113 433 2159 490 Α
2189 426 2400 479 videtur
2434 427 2763 496 Epiphanius
2796 429 2927 482 hazr.
2959 445 3154 493 xxviii,
3186 446 3334 486 num.
3365 435 3431 486 λιι
3467 437 3633 498 ῦῦτος
3653 437 3763 509 γὰρ

494 526 761 589 ipsorum,
786 523 878 592 qui
920 523 1224 577 doctrinam
1279 522 1743 590 cauponahantnr,
1785 534 1814 574 e
1848 534 1906 574 re
1949 536 2080 575 cau-

493 628 662 679 pones
691 613 822 666 dicti
856 621 1020 665 sunt:
1058 613 1149 681 qui
1182 611 1363 666 vinum
1399 627 1538 680 aqua
1583 611 1909 674 miscebant,
1950 611 2076 664 dum

491 717 748 757 sermone
795 703 848 757 in
885 718 1080 771 aquam
1134 701 1390 766 resoluto,
1433 715 1640 755 meram
1682 711 1736 756 et
1767 701 2076 755 restrictum

489 795 800 848 divinarum
857 794 1262 862 Scripturarum
1327 805 1566 849 mentem
1595 833 1610 857 ,
1660 808 1758 861 per
1797 807 2076 846 commen-

492 885 641 938 titias
697 899 826 939 suas
894 885 1216 941 deuteroses
1279 883 1574 939 foedarent.
1607 901 1627 934 ›
1687 882 1852 936 Erant
1913 895 2076 948 porro

488 975 835 1039 deuteroses,
887 976 1003 1030 sive
1053 976 1308 1030 secunda:
1363 977 1720 1041 traditiones,
1779 973 2074 1043 Epiphanio

490 1071 627 1118 teste
657 1065 790 1118 har.
821 1079 1020 1128 xxxm,
1056 1082 1110 1118 n.
1137 1065 1194 1130 9,
1223 1064 1592 1134 quadruplicis
1613 1064 1852 1131 generis;
1886 1063 2074 1132 prima:

488 1151 694 1220 Moysis
728 1153 952 1207 nomine
989 1152 1556 1218 circumferebantur;
1600 1153 1850 1207 secundae
1899 1151 2071 1206 Rabbi

490 1236 729 1301 Ἀκιὸας
763 1238 938 1303 tertiae
967 1237 1160 1304 Addm,
1224 1238 1341 1292 sive
1374 1236 1557 1301 Judze;
1594 1244 1798 1305 quarta:
1836 1235 2069 1290 ﬁliorum

482 1329 819 1382 Assamontei
865 1338 1047 1383 erant.
1077 1328 1419 1383 Traditiones
1460 1327 1576 1381 illas
1612 1327 1821 1382 Hebraei
1872 1335 2070 1381 vocant

480 1425 675 1486 natura.
708 1419 914 1486 Misna,
943 1421 1089 1490 quod
1140 1420 1280 1475 idem
1319 1430 1475 1474 sonat
1506 1427 1667 1488 atque
1696 1419 1925 1472 secunda
1964 1429 2070 1473 tra-

482 1512 639 1564 ditio.
671 1512 754 1565 An
787 1527 954 1582 porro
982 1513 1084 1567 illae
1114 1513 1180 1567 ab
1211 1512 1449 1582 antiquis
1484 1511 1714 1566 laudatae
1750 1511 2066 1568 traditiones

484 1603 691 1657 eaedem
748 1613 916 1672 atque
969 1604 1243 1659 hodiernae
1296 1605 1436 1669 sint,
1493 1605 1794 1660 edisserere
1838 1619 1943 1659 non
1977 1613 2062 1661 est

485 1694 724 1748 instituti
769 1697 962 1750 nostri.

677 1806 739 1856 ll.
764 1807 839 1857 De
868 1809 1150 1870 patriarchis
1175 1814 1227 1858 et
1254 1809 1487 1871 apostolis
1509 1811 1637 1871 apud
1657 1810 1870 1860 Iudaeos.

519 1889 712 1956 -Quod
760 1891 827 1944 ad
877 1892 1213 1960 patriarchas
1251 1889 1598 1957 Judazorum,
1649 1908 1771 1963 qua:
1821 1893 2060 1964 dignitas

484 1981 706 2035 nonnisi
747 1989 868 2050 post
904 1982 1050 2036 urbis
1087 1982 1357 2037 excidium
1390 1992 1648 2052 usurpata
1694 1991 1936 2054 putatur,
1966 1999 2060 2038 eo-

479 2088 602 2128 rum
654 2077 983 2132 mentionem
1036 2078 1165 2132 facit
1218 2078 1486 2134 Eusebius
1531 2077 1596 2133 ad
1636 2087 1797 2148 caput
1846 2078 2057 2133 llesaiae

477 2176 559 2227 nt,
589 2180 640 2218 v.
666 2167 718 2226 4.
756 2167 840 2222 his
881 2155 1094 2223 verbis:
1122 2169 1218 2232 Τίς
1260 2165 1352 2224 οὖν
1379 2171 1523 2242 ὀρῶν
1564 2171 1693 2234 τοὺς
1736 2171 1886 2244 παρά
1924 2172 2056 2226 Ἰου-

475 2253 643 2318 δαίοις
669 2257 1114 2337 ,ὀνομαζομένους
1151 2262 1528 2333 πατριάρχας,
1564 2261 1882 2325 νεανίσκους
1922 2262 2055 2333 ἀλη-

473 2343 598 2410 θῶς,
629 2346 689 2398 οὐ
715 2347 813 2418 τὴν
845 2349 952 2402 τῶν
987 2353 1256 2422 σωμάτων
1282 2352 1522 2424 ἡλικίαν,
1561 2353 1698 2408 ἀλλά
1729 2355 1830 2418 τὰς
1873 2355 2053 2427 ψυχὰς

470 2435 697 2501 ἀτελεῖς,
735 2439 838 2514 καὶ⁴
856 2439 1052 2504 ἐνδεεῖς
1088 2443 1334 2512 φρενῶν;
1368 2443 1499 2507 τούς
1535 2461 1594 2498 τε
1625 2444 1845 2506 λοιποὺς
1871 2444 2054 2498 αὐτῶν

469 2524 841 2593 διδασκάλους,
876 2531 977 2584 οὔκ
1007 2531 1075 2586 ἂν
1103 2533 1248 2587 εἴποι
1281 2536 1592 2606 ἒμπαίκτας
1622 2533 1792 2601 εἶναι,
1838 2537 1934 2590 καὶ
1959 2535 2055 2599 οὓς

469 2614 500 2681 ἡ
531 2616 839 2685 προφητεία
863 2618 1088 2690 ὲδήλου;
1121 2620 1175 2674 ld
1204 2629 1287 2675 est
1319 2643 1331 2677 :
1367 2639 1386 2672 ι
1413 2623 1547 2687 Quis
1588 2637 1720 2693 ergo
1745 2623 2056 2694 conspectis

469 2704 613 2767 illis,
665 2707 755 2775 qui
805 2710 945 2777 apud
987 2710 1204 2768 Judazos
1259 2714 1585 2782 patriarcha:
1630 2724 1918 2781 vocantur,
1962 2731 2056 2774 eos

468 2811 576 2851 non
605 2813 866 2866 corporea
909 2809 1139 2867 statura,
1168 2803 1264 2858 sed
1299 2804 1467 2858 animi
1509 2804 1954 2873 imperfectione,
1989 2823 2056 2866 ac

468 2888 666 2942 mentis
714 2889 1046 2960 indigentia,
1095 2908 1222 2948 vere
1269 2909 1469 2964 pueros
1513 2910 1620 2951 non
1675 2907 1870 2964 vocet;
1919 2897 2052 2956 reli-

467 2993 710 3046 quosque
735 2993 922 3036 eorum
952 2983 1227 3052 doctores,
1275 3001 1383 3040 non
1417 2987 1568 3042 dicat
1599 3002 1721 3044 esse
1751 2990 2050 3057 derisores,

466 3067 650 3134 quales
680 3071 963 3139 prophetia
1004 3072 1240 3129 indicat?
1267 3095 1286 3128 ι
1321 3076 1493 3131 Erant
1523 3093 1686 3148 porro
1725 3082 2054 3150 patriarcha

467 3159 740 3228 principes
765 3160 1007 3218 Iudaicae
1033 3166 1230 3234 gentis,
1267 3175 1402 3224 teste
1429 3167 1731 3239 Epiphanio
1756 3173 1887 3230 bar.
1916 3191 2046 3241 xxx,

468 3267 617 3305 num.
643 3253 698 3318 4,
728 3265 778 3308 et
813 3253 1016 3311 Codice
1059 3257 1440 3316 Theodosiano
1471 3261 1508 3315 Ι.
1539 3279 1652 3329 xw,
1693 3265 1776 3320 tit.
1804 3267 1858 3322 8.
1890 3265 2048 3325 Hune

467 3355 596 3397 vero
649 3343 867 3400 Eusebii
923 3347 1101 3402 locum
1149 3349 1230 3405 sic
1272 3353 1535 3422 exprimit
1581 3353 1944 3427 Hieronymus
1992 3359 2044 3414 in

466 3435 716 3490 eumdem
765 3439 1092 3494 versiculum
1132 3458 1146 3494 :
1181 3459 1201 3493 σ
1227 3442 1652 3503 .Consideremus
1700 3450 2046 3518 patriarchas

463 3524 797 3595 Iudaeorum,
825 3541 880 3586 et
905 3532 1155 3600 juvenes.
1191 3536 1308 3590 sive
1339 3552 1561 3607 pueros,
1589 3539 2042 3616 el'feminatosque

461 3633 525 3672 ac
553 3618 767 3677 deliciis
801 3623 1103 3690 aﬁluen‘tes,
1133 3636 1189 3683 et
1229 3627 1504 3700 impletam
1551 3636 1890 3706 prophetiam
1919 3653 2042 3695 esse

459 3723 784 3778 cernemus;
819 3735 838 3767 ι
879 3717 934 3770 id
982 3732 1049 3772 ex
1082 3719 1342 3785 Eusebio,
1395 3732 1456 3777 ut
1504 3733 1560 3780 et
1605 3726 1864 3798 pleraque
1909 3731 2040 3798 alia,

462 3810 762 3858 tutttuarus.
792 3805 868 3859 De
898 3808 1160 3876 apostolis
1188 3809 1316 3864 item
1350 3810 1661 3871 Judzcorum
1702 3819 1868 3873 verba
1910 3819 2042 3876 facit

457 3886 722 3947 Eusebius
761 3896 828 3949 ad
869 3908 1228 3966 caput.xvm,
1255 3903 1390 3970 v.1,
1430 3903 1484 3956 '0
1531 3905 1934 3961 ἀποστέλλω·
1971 3909 2044 3963 ἐν

458 3980 744 4051 θαλάσσῃ
776 3983 1000 4053 ὅμηρα·
1039 3990 1092 4043 id
1125 4001 1210 4047 est
1240 4013 1256 4048 :
1291 4012 1310 4044 ι
1337 3994 1439 4060 Qui
1471 3996 1640 4051 mittit
1681 3996 1739 4052 in
1763 4013 1916 4054 mare
1944 4001 2044 4056 ob-

459 4070 646 4124 sides:
675 4089 700 4122 .s
749 4073 838 4128 ubi
887 4075 1250 4146 Symmachus
1293 4082 1480 4148 vertit,
1526 4084 1875 4140 ἀποστέλλων
1910 4088 2044 4142 ἀπο-

456 4160 677 4223 στόλους
699 4163 758 4216 ὲν
777 4163 1044 4239 θαλάσσῃο
1071 4187 1093 4221 ι
1116 4168 1219 4236 Qui
1246 4172 1413 4226 mittit
1437 4175 1712 4242 apostolos
1731 4175 1784 4230 in
1813 4192 1992 4246 mare;
2018 4196 2040 4231 ι

456 4250 571 4304 hsce
596 4253 741 4307 enim
768 4254 955 4324 adjicit
983 4259 1091 4313 ποῖ
1128 4277 1190 4313 τε
1217 4261 1505 4317 ἀπόστολοι
1533 4263 1736 4330 αὐτῶν,
1759 4265 2044 4331 ἐπιστολὰς

456 4341 699 4412 βιϐλίνας
728 4347 1100 4421 κομιζόμενοι,
1133 4352 1391 4426 ὑπεράνω
1423 4370 1486 4407 τε
1519 4353 1629 4410 τῶν
1661 4355 1869 4411 ὑδάτων
1916 4375 2043 4411 ναυ-

454 4430 790 4503 τιλλόμενοι,
825 4437 922 4491 καὶ
983 4441 1084 4512 τὴν
1137 4442 1413 4498 θάλασσαν
1457 4444 1819 4514 ἐμπλέοντες,
1863 4447 2039 4502 ἀπαν-

453 4523 622 4592 ταχοῦ
668 4525 771 4597 γῆς
820 4528 1113 4601 διέτρεχον,
1157 4533 1251 4586 τὸν
1297 4532 1552 4605 περὶτοῦ
1593 4535 1843 4608 Σωτῆρος
1881 4538 2038 4610 ἡμῶν

455 4615 892 4684 ἑνδιαόάλλοντες
936 4622 1113 4692 λόγον.
1154 4627 1512 4692 Ἀποστόλους
1535 4630 1592 4683 δὲ
1619 4631 1786 4685 εἰσέτι
1819 4633 1916 4686 καὶ
1942 4633 2038 4688 νῦν

454 4703 575 4768 ἔθος
615 4709 765 4762 ἐστὶν
817 4712 1092 4778 Ἰουδαίοις
1137 4716 1424 4786 ὀνομάζειν
1488 4719 1614 4783 τοὺς
1647 4720 1718 4775 τὰ
1770 4721 2040 4791 ἐγκύκλια

452 4798 758 4870 γράμματα
807 4807 958 4876 παρά
1007 4807 1118 4862 τῶν
1160 4809 1438 4880 ἀρχόντων
1492 4813 1670 4869 αὐτῶν
1716 4815 2038 4887 ἐπικομιζο-

462 4887 676 4973 μένους.
719 4891 835 4950 Hoc
882 4906 969 4951 est
1021 4915 1037 4952 :
1090 4917 1109 4950 ι
1139 4898 1489 4971 Apostolique
1508 4919 1726 4972 earum,
1776 4905 2038 4976 epistolas

455 4977 688 5039 hihlinas
723 4983 1058 5055 deferentes,
1097 5005 1164 5044 ac
1194 5005 1355 5062 supra
1383 4996 1604 5050 dorsum
1652 5011 1940 5066 aquarum,
1982 5004 2040 5052 et

452 5072 510 5124 in
545 5075 681 5129 mari
709 5075 1050 5148 navigantes,
1100 5081 1299 5152 ubique
1335 5093 1602 5141 terrarum
1634 5087 2040 5153 discurrebant,

451 5177 756 5220 sermonem
808 5168 878 5223 de
933 5167 1228 5230 Servatore
1294 5183 1485 5231 nostro
1535 5175 1831 5231 calumniis
1883 5175 2038 5230 velli-

450 5249 650 5311 cantes.
678 5257 961 5328 Apostolos
987 5277 1118 5318 vero
1147 5267 1312 5321 etiam
1343 5283 1487 5322 nunc
1521 5266 1689 5321 Judaei
1723 5279 2038 5336 nuncupare

450 5345 628 5399 solent
660 5363 777 5417 eos,
827 5350 918 5420 qui
976 5352 1277 5411 circulares
1325 5357 1632 5426 principum
1676 5371 1894 5413 suorum
1945 5358 2038 5412 lit-

452 5443 594 5490 teras
627 5437 1053 5511 circumquaque
1079 5444 1386 5499 deferunt.»
1413 5446 1539 5501 Htec
1573 5461 1733 5516 porro
1762 5458 2032 5518 postrema

446 5526 636 5592 verba,
665 5529 1000 5598 ἀποστόλους
1042 5535 1099 5588 δὲ
1143 5536 1311 5588 εἰσέτι
1357 5537 1452 5590 καὶ
1494 5537 1610 5604 νῦν,
1641 5547 1769 5606 etc.,
1799 5543 2031 5612 ascripta

452 5615 617 5672 habes
641 5623 778 5688 apud
802 5622 1216 5688 (Ecumenium,
1239 5625 1308 5678 ad
1339 5624 1630 5694 Epistolam
1653 5631 1720 5683 ad
1742 5630 2027 5687 Romanos.

448 5706 523 5761 Dc
574 5712 834 5780 apostolis
885 5714 1194 5774 Judtrorum
1267 5715 1484 5784 paulum
1549 5720 1756 5776 diversa
1815 5723 2029 5781 tradere

2180 518 2210 568 ὁ
2251 513 2510 584 Ἰώσηπος
2559 515 2664 568 τῶν
2718 517 2847 586 παρ’
2879 517 3062 580 αὐτοῖς
3112 516 3495 587 ἀξιωματικῶν
3551 521 3762 592 ἀνδρῶν

2179 606 2490 676 ἐναρίθμιος
2537 602 2623 676 ἦν.
2656 607 2776 659 Εὶσὶ
2820 607 2876 661 δὲ
2909 603 3053 661 οὗτοι
3096 607 3232 678 μετά
3277 607 3366 661 τὸν
3415 612 3762 684 πατριάρχην

2179 695 2462 749 ἀπόστολοι
2526 695 2880 766 καλούμενοι⁹
2931 697 3351 770 προσεδρεύουσι
3403 700 3460 753 δὲ
3516 703 3596 772 τῷ
3650 720 3761 757 πα-

2178 788 2434 858 τριάρχῃ,
2466 786 2561 838 καὶ
2594 787 2689 841 σὺν
2731 787 2879 858 αὐτῷ
2923 788 3200 851 πολλάκις,
3233 791 3326 843 καὶ
3372 793 3428 843 ὲν
3467 794 3621 850 νυκτὶ
3662 792 3760 848 καὶ

2176 880 2234 932 ὲν
2276 879 2472 950 ἡμέρᾳ,
2525 880 2760 949 συνεχῶς
2807 880 3084 948 διάγουσι,
3133 880 3221 934 διὰ
3257 881 3318 934 τὸ
3364 883 3755 952 συμϐουλεύειν

2175 971 2270 1022 καὶ
2319 969 2609 1040 ἀναφέρειν
2672 969 2820 1040 αὐτῷ
2867 969 2936 1023 τά
2981 970 3122 1023 κατά
3167 971 3258 1024 τὸν
3313 971 3496 1042 νόμον.
3535 971 3589 1026 ld
3636 984 3750 1028 est:

2181 1080 2200 1114 ι
2233 1061 2442 1117 Etenim
2492 1062 2579 1116 hic
2640 1061 2751 1130 ipse
2800 1059 3067 1130 Josephus
3115 1061 3258 1116 inter
3299 1063 3559 1132 dignitate
3618 1081 3755 1134 pra:-

2173 1161 2380 1207 SIantes
2428 1150 2573 1205 viros
2640 1165 2803 1221 penes
2859 1149 3067 1206 Iudaeos
3125 1153 3568 1206 numerabatur:
3617 1169 3758 1222 quos

2172 1253 2292 1312 post
2332 1243 2695 1312 patriarcham
2739 1242 3011 1312 apostolos
3048 1243 3348 1297 nominant.
3393 1243 3648 1300 Assident
3696 1247 3753 1301 hi

2169 1328 2514 1398 patriarchae,
2546 1337 2598 1382 et
2648 1342 2772 1382 cum
2820 1343 2887 1383 eo
2936 1329 3133 1398 sacpius
3179 1331 3270 1384 diu
3311 1340 3582 1402 noctuque
3627 1349 3754 1388 ver—

2168 1427 2358 1473 santur
2384 1436 2397 1472 :
2426 1419 2569 1489 quod
2617 1419 2790 1474 eidem
2828 1435 2856 1474 a
2893 1419 3138 1475 consiliis
3171 1421 3309 1486 sint,
3350 1429 3406 1476 et
3451 1422 3518 1477 de
3564 1423 3629 1478 iis
3667 1439 3758 1480 re-

2167 1507 2376 1572 ferant,
2424 1524 2544 1579 quae
2593 1510 2658 1563 ad
2697 1509 2866 1580 legem
2922 1509 3197 1580 pertinere
3236 1510 3549 1566 videntur.»
3598 1511 3750 1580 Quos

2166 1602 2330 1674 igitur
2376 1603 2442 1656 ad
2498 1603 2710 1658 litteras
2754 1601 2896 1658 ultro
2945 1603 3198 1674 citroque
3247 1603 3498 1658 ferendas
3545 1606 3756 1660 consti-

2165 1703 2310 1747 tutos
2343 1696 2419 1747 ait
2467 1691 2766 1757 Eusebius,
2816 1695 3035 1748 eosdem
3085 1703 3297 1761 contra,
3351 1703 3510 1750 noctu
3550 1695 3748 1765 diuque

2088 1777 2136 1837 B
2167 1795 2348 1839 astare
2397 1785 2743 1854 patriarchae,
2793 1784 3004 1854 ipsique
3045 1799 3072 1838 a
3115 1784 3360 1842 consiliis
3392 1801 3515 1841 esse
3567 1797 3752 1841 narrat

2161 1876 2519 1946 Epiphanius.
2577 1875 2774 1931 Verum
2831 1876 3046 1932 Eusebii
3096 1877 3386 1946 explicatio
3440 1892 3562 1933 cum
3617 1895 3754 1934 voce

2162 1965 2489 2029 ἀπόστολος,
2537 1965 2588 2019 id
2645 1974 2728 2021 est
2777 1968 2988 2034 missus,
3041 1969 3214 2037 magis
3265 1971 3538 2024 consentit
3585 1989 3600 2023 :
3656 1972 3746 2025 cui

2157 2056 2357 2111 accinit
2377 2057 2557 2112 Codex
2583 2056 3084 2113 TheodosianusDe
3115 2057 3345 2125 ludatis,
3384 2059 3476 2116 lib.
3507 2076 3618 2125 xiv,
3653 2063 3746 2130 qui

2157 2145 2237 2201 sic
2271 2147 2432 2203 habet
2459 2167 2472 2202 :
2516 2167 2535 2199 ι
2567 2147 3004 2216 Superstitionis,
3037 2148 3245 2217 inquit,
3275 2148 3503 2217 indigna:
3535 2159 3653 2214 est,
3689 2160 3749 2206 ιιι

2156 2237 2588 2308 archisynagogi,
2617 2239 2732 2294 sive
2778 2239 3078 2309 presbyteri
3127 2236 3457 2303 Iudaeorum,
3482 2240 3564 2292 vel
3608 2255 3750 2308 quos

2156 2325 2259 2397 ipsi
2309 2328 2584 2397 apostolos
2638 2337 2863 2394 vocant,
2905 2329 2996 2398 qui
3054 2329 3120 2383 ad
3169 2330 3493 2400 exigendum
3546 2345 3740 2386 surum

2154 2426 2318 2486 atque
2363 2426 2664 2486 argentum,
2693 2433 2721 2471 a
2762 2418 3068 2487 patriarcha
3116 2427 3266 2473 certo
3314 2427 3557 2488 tempore
3603 2420 3740 2476 diri-

2156 2516 2372 2579 gnntur,
2415 2525 2443 2562 a
2481 2509 2707 2580 singulis
2741 2519 2985 2565 exactam
3031 2525 3300 2564 summam
3345 2520 3512 2580 atque
3551 2527 3740 2568 susce-

2156 2607 2326 2666 ptam,
2373 2600 2438 2653 ad
2473 2599 2720 2655 eumdem
2753 2609 3049 2671 reportent.
3086 2619 3106 2653 ›
3153 2600 3260 2656 Sed
3295 2601 3526 2658 fortasse
3563 2605 3748 2659 conci-

2158 2687 2348 2742 lientur
2395 2690 2695 2758 opiniones,
2739 2691 2783 2746 si
2824 2691 3084 2756 dicamus,
3129 2692 3405 2761 apostolos
3433 2691 3742 2750 Judzeorum

2160 2785 2445 2845 atrumque
2474 2778 2790 2847 praestitisse
2818 2795 3044 2849 munus;
3081 2790 3140 2835 ut
3173 2781 3383 2838 scilicet
3412 2784 3739 2852 patriarchae

2155 2868 2476 2937 assiderent,
2503 2885 2568 2924 ac
2595 2870 2714 2942 ejus
2745 2869 2899 2942 iussa
2931 2880 2986 2930 et
3018 2871 3280 2942 epistolas
3308 2872 3456 2930 ultro
3489 2876 3740 2946 citroque

2159 2955 2454 3014 deferrent.

2408 3107 2493 3159 ill.
2521 3108 2769 3160 Eusebius
2791 3109 3006 3161 Hebraeo
3027 3111 3231 3162 doctore
3252 3118 3330 3164 est
3351 3127 3489 3164 usus.

2218 3255 2299 3312 Ad
2329 3265 2490 3327 caput
2521 3272 2652 3316 vero
2678 3273 2713 3310 ν
2741 3257 2820 3314 ait
2849 3257 3090 3326 Iudaeos,
3117 3260 3210 3331 qui
3241 3260 3312 3316 ab
3351 3262 3638 3317 athsorum
3680 3271 3738 3319 et

2148 3346 2552 3403 idololatrarum
2581 3348 2863 3404 consortio
2885 3348 3109 3404 minime
3139 3350 3527 3416 abhorrebant,
3560 3351 3736 3408 solum

2146 3437 2583 3494 Christianorum
2617 3438 3035 3496 contubernium
3065 3443 3356 3508 aversari,
3395 3442 3607 3514 pia:th
3652 3459 3740 3498 re-

2144 3527 2368 3600 ligionis
2414 3529 2653 3586 cultores
2691 3529 2896 3600 ubique
2928 3528 3130 3600 pellere
3157 3539 3214 3586 et
3260 3546 3478 3587 vexare.
3521 3532 3631 3588 Nec
3657 3543 3741 3588 ta-

2145 3634 2266 3676 men
2295 3621 2519 3675 insitum
2549 3620 2681 3675 illud
2707 3618 3021 3675 Iudaeorum
3053 3620 3253 3676 animis
3284 3621 3336 3676 in
3365 3622 3734 3678 Christianqu

2145 3726 2343 3766 nomen
2393 3711 2576 3766 odium
2637 3710 2928 3767 Eusebium
2982 3713 3285 3779 deterruit,
3335 3715 3624 3785 quominus
3677 3715 3732 3770 in

2144 3800 2566 3857 Commentariis
2613 3802 2726 3858 suis
2759 3801 2991 3859 ilebrrco
3031 3807 3255 3862 doctore
3285 3806 3359 3861 sit
3389 3820 3539 3871 usus,
3569 3821 3598 3859 a
3628 3820 3737 3875 quo

2145 3908 2250 3949 non
2293 3893 2461 3949 semel
2490 3908 2551 3950 se
2598 3894 3080 3964 interpretationes
3124 3896 3357 3950 mutuari
3394 3911 3522 3952 suas
3561 3897 3733 3966 proﬁ-

2146 3990 2308 4037 tetur.
2336 3981 2425 4049 Et,
2454 3985 2599 4052 quod
2629 3983 2889 4042 observes
2917 3985 3103 4051 velim,
3133 3987 3440 4057 ubicunque
3471 3987 3734 4072 Eusebius

2145 4087 2207 4129 se
2249 4073 2315 4128 ab
2343 4072 2572 4130 Hebraeo
2602 4074 2847 4141 doctore,
2878 4075 2964 4132 vel
3007 4077 3078 4131 ab
3111 4075 3353 4132 Hebraeis
3383 4077 3588 4147 aliquid
3619 4077 3734 4131 edi-

2146 4162 2345 4220 dicisse
2373 4165 2482 4231 ait,
2530 4164 2731 4221 ibidem
2771 4165 3134 4237 Hieronymus
3163 4183 3222 4223 se
3265 4169 3495 4240 idipsum
3529 4170 3596 4226 ab
3627 4167 3734 4225 He-

2151 4253 2306 4311 braeo
2337 4256 2560 4312 doctore
2587 4256 2864 4326 accepisse
2895 4257 3235 4312 testiﬁcatur.

2246 4365 2333 4416 IV.
2361 4365 2615 4418 Eusebius
2635 4369 2709 4416 ait
2728 4371 2913 4418 terram
2938 4380 3037 4416 non
3065 4379 3176 4418 esse
3191 4370 3428 4434 spinet-ica
3453 4372 3620 4426 forma.

2219 4449 2487 4506 Eusebius
2511 4451 2836 4520 plerumque
2867 4450 2922 4504 in
2952 4449 3375 4510 Commentariis
3405 4454 3458 4510 in
3485 4455 3728 4512 Psalmos

2145 4541 2276 4598 dicit
2300 4541 2560 4597 mundum
2590 4539 2855 4610 sphaerica
2888 4538 3058 4595 forma
3081 4554 3230 4607 esse;
3263 4545 3356 4599 sed
3386 4546 3563 4605 addita
3595 4562 3728 4602 cau-

2149 4634 2316 4701 tione,
2363 4645 2484 4688 eam
2532 4645 2658 4688 esse
2707 4632 3063 4702 quorumdam
3112 4635 3417 4704 Opinionem
3464 4640 3577 4704 ait,
3625 4655 3724 4695 nec

2146 4727 2382 4783 obscure
2422 4724 2732 4781 subindicat
2763 4739 2824 4780 se
2857 4723 2987 4780 item
3019 4728 3206 4784 eadem
3246 4731 3515 4786 sententia
3551 4746 3673 4787 esse
3703 4749 3724 4787 :

2130 4829 2247 4872 .nec
2277 4824 2460 4868 tamen
2492 4813 2545 4868 id
2574 4821 2762 4884 aperte
2811 4816 3049 4884 proﬁteri
3083 4819 3272 4886 audet,
3313 4823 3440 4890 quia
3475 4820 3723 4878 fortassis

2145 4906 2304 4977 longe
2334 4904 2481 4961 aliud
2521 4905 2866 4960 aestimabant
2901 4907 3045 4964 illius
3090 4911 3270 4965 δεουιὶ
3304 4911 3619 4966 Christiani.
3653 4913 3722 4967 At

2145 4997 2234 5052 hic
2296 5003 2524 5051 coactus
2590 4995 2885 5052 secundum
2940 4999 3213 5071 vulgarem
3287 5001 3722 5059 Christianorum

2144 5095 2382 5142 mentem
2437 5086 2587 5140 illum
2638 5085 2850 5144 Bessis:
2901 5089 3078 5148 locum
3123 5107 3243 5163 cap.
3292 5109 3361 5149 st.
3401 5094 3718 5165 explanare,

2152 5194 2170 5229 ι
2202 5177 2303 5243 Qui
2336 5176 2530 5232 statuit
2555 5177 2752 5233 ctelutn
2794 5183 2947 5248 quasi
2985 5181 3268 5250 fornicem,
3299 5195 3355 5240 et
3383 5185 3630 5240 extendit
3663 5194 3721 5239 ut

2144 5266 2550 5322 tabernaculum
2595 5269 2660 5325 ad
2692 5270 3069 5341 habitandum,
3098 5293 3116 5328 ι
3166 5277 3232 5330 ad
3264 5276 3472 5332 Cosmte
3501 5277 3716 5346 Opinio-

2141 5373 2265 5414 nem
2301 5372 2526 5429 prorsus
2553 5362 2759 5416 accedit
2785 5380 2801 5419 :
2833 5381 2852 5414 ι
2883 5364 3100 5430 Deinde.
3125 5369 3317 5439 inquit,
3352 5385 3658 5425 sermonem
3683 5386 3717 5426 e

2145 5457 2286 5504 terra
2313 5448 2553 5520 erigens,
2584 5452 2864 5510 universos
2892 5458 3110 5524 excitat,
3149 5469 3208 5514 ut
3233 5461 3510 5516 caelestem
3546 5461 3714 5516 forni-

2139 5554 2280 5603 cem,
2304 5549 2361 5595 et
2390 5540 2825 5613 hemisphaerium
2852 5547 2977 5603 illud
2997 5563 3157 5618 supra
3188 5560 3385 5606 terram
3411 5551 3631 5618 elatum,
3656 5561 3711 5606 ct

2140 5645 2369 5687 camera:
2408 5631 2579 5688 instar
2603 5638 2852 5693 omnibus
2895 5641 3197 5707 imminens,
3237 5643 3610 5708 admirentur;
3644 5657 3708 5698 ac

2139 5721 2375 5794 cogitent
2403 5735 2600 5795 quanta
2627 5728 2695 5784 sit
2719 5728 2891 5786 virtus
2919 5728 3058 5802 ejus,
3087 5733 3177 5804 qni
3203 5735 3397 5791 caelum
3431 5734 3702 5801 condidit;
