4138 6446
332 345 342 362 ⁸
377 346 447 405 89
1380 333 1887 391 COMMENTARIA
1930 332 1997 387 IN
2038 332 2301 387 ISMAM.
2335 361 2403 373 --
2440 333 2595 389 CAP.
2636 333 2678 387 1.
3607 339 3667 395 9f

377 462 866 533 considerentque,
920 471 1029 513 non
1072 455 1189 511 sine
1226 467 1390 509 causa
1426 456 1494 507 ah
1542 468 1607 508 eo
1642 451 1863 514 coelum
1889 458 1971 504 ιιι-
2000 455 2047 514 Α
2079 448 2234 514 vidit,
2278 464 2386 504 non
2422 464 2608 518 parem
2656 448 2762 504 iiiis
2796 448 2851 504 in
2900 450 3291 522 philosophicis
3338 460 3665 511 astronomi-

378 552 657 609 hernaculi
710 552 883 606 instar
918 546 1278 602 constitutum
1332 545 1525 611 tuisse,
1574 558 1808 611 superne
1842 544 1964 610 qni-

378 646 500 699 dem
536 656 837 715 expansum
868 655 1030 712 supra
1066 639 1272 702 omnia,
1301 652 1423 708 quae
1455 636 1596 691 intra
1635 635 1807 705 ipsum
1838 648 1968 689 con-

380 735 659 799 tinentur;
694 732 762 787 iis
810 745 941 785 vero
967 730 1059 800 qui
1102 744 1268 798 supra
1308 726 1507 782 cmlum
1540 733 1687 791 sunt,
1725 723 1969 777 substra-

376 834 487 878 tum
539 824 605 878 ad
660 822 1014 878 domicilium.
1044 840 1063 874 ι
1118 818 1248 887 Qua":
1314 814 1583 887 ipsissima
1627 823 1709 869 est
1757 812 1968 869 Cosmae

374 906 643 986 Egyptii,
690 930 753 968 ac
784 928 923 985 pene
952 914 1195 969 omnium
1241 920 1484 965 veterum
1529 908 1784 969 Patrum,
1836 920 1962 960 sen-

376 1006 567 1067 tentia,
613 1003 990 1075 Chrysostomi
1034 1001 1263 1064 scilicet,
1296 998 1572 1055 Severiaui
1611 995 1959 1059 Gahalorum,

373 1095 659 1163 Augustini
691 1104 746 1149 et
778 1094 1032 1158 alinrum,
1063 1094 1153 1163 qui
1182 1092 1380 1148 costum
1412 1093 1465 1144 in
1499 1088 1721 1143 fornicis
1752 1101 1957 1143 morem

372 1195 533 1240 terra:
579 1186 883 1249 imminere,
928 1201 993 1240 ac
1026 1188 1384 1255 uudequaque
1419 1181 1589 1235 muris
1630 1178 1958 1232 ﬁrmissimis

373 1288 534 1331 teme
566 1277 743 1346 inuiti,
766 1278 1013 1332 arbitrati
1044 1287 1190 1339 sunt,
1223 1275 1615 1344 antipodasque
1650 1278 1955 1339 negarunt:

374 1367 475 1421 rati
512 1383 614 1421 non
647 1383 806 1437 posse
837 1366 1085 1422 homines
1115 1368 1169 1420 in
1207 1364 1472 1433 oppositis
1510 1374 1665 1417 terra:
1712 1361 1957 1430 partibus

370 1461 613 1516 adversis
642 1462 887 1531 vestigiis
934 1470 1102 1527 stare,
1133 1460 1468 1527 sphaaracque
1490 1457 1799 1526 Opinionem
1830 1469 1955 1508 cum

370 1553 649 1621 Scriptura
680 1553 857 1607 divina
890 1566 1151 1620 pugnare.
1181 1549 1447 1604 Nimirum
1478 1548 1653 1611 Deus,
1681 1548 1771 1615 qui
1805 1545 1956 1601 nobis

2067 538 2255 608 eisque
2289 538 2538 608 peritiam
2573 540 2790 595 indidit.
2831 540 2973 607 Quid
3008 542 3154 598 enim
3200 545 3266 598 ad
3320 547 3666 601 sanctitatem

2070 646 2396 700 morumque
2428 632 2801 687 sinceritatem
2849 635 3104 691 conferat
3139 633 3365 702 hujusce
3404 637 3480 691 rei
3532 640 3659 692 uoti

2070 721 2141 775 tia
2161 722 2392 775 ’lVerum
2411 722 2509 775 hac
2522 722 2590 775 de
2609 738 2667 775 re
2700 722 2947 790 pluribus
2969 733 3149 780 aetum
3169 727 3325 779 estin
3351 727 3665 796 prmfatione

2068 813 2136 867 ad
2176 813 2384 867 Cosmm
2413 811 2659 881 [Egyptii
2706 814 3131 884 Topographiam
3177 817 3565 872 Christianam.
3619 820 3666 875 ls

2066 904 2211 957 enim
2250 919 2358 958 non
2394 905 2555 960 modo
2602 905 2826 960 Patrum
2872 909 3184 976 opinionem
3234 911 3519 979 pro’viriji
3567 913 3665 965 de-

2066 995 2255 1065 fendit,
2287 1006 2341 1049 et
2388 997 2456 1051 ab
2490 1007 2805 1053 exterorum
2855 1012 3053 1057 conatu
3092 1002 3377 1057 vindicare
3425 1005 3657 1073 satagit;

2061 1087 2157 1141 sed
2202 1087 2389 1150 etiam,
2435 1095 2695 1157 quantum
2749 1089 2980 1145 facultas
3030 1093 3260 1147 humana
3317 1104 3522 1163 potest,
3566 1110 3663 1148 ex-

2063 1178 2227 1246 plicat
2274 1186 2328 1232 et
2358 1178 2555 1246 aperit,
2604 1179 2696 1248 qui
2747 1180 2958 1248 possint
3007 1185 3301 1239 secundum
3339 1196 3656 1241 sanctorum

2063 1270 2282 1325 Patrum
2333 1272 2694 1334 sententiam,
2742 1288 2935 1326 cursus
3006 1274 3158 1340 solis,
3212 1276 3444 1345 eclipses
3499 1277 3659 1342 Iunze,

2066 1372 2338 1417 astrorum
2406 1374 2617 1426 motus,
2672 1371 2978 1432 cmtcraqne
3030 1366 3211 1419 omnia
3280 1368 3528 1435 intelligi.
3582 1368 3657 1422 Ibi

2068 1455 2289 1507 videsis.
2340 1453 2465 1509 llmc
2521 1454 2572 1507 in
2618 1456 2962 1511 eruditorum
3016 1458 3361 1511 commodum
3420 1461 3660 1529 praemit-

2066 1546 2226 1603 tenda
2277 1544 2551 1599 duximus.
2594 1546 2672 1600 'l‘u
2710 1561 2857 1611 vero,
2911 1548 3140 1603 candide
3202 1547 3392 1615 lector,
3441 1550 3561 1604 vale
3605 1559 3660 1603 et

370 1654 585 1699 sanctus
618 1645 733 1697 illos
769 1646 819 1697 iu
853 1644 1113 1698 doctrina:
1163 1656 1485 1710 uterumque
1522 1640 1809 1707 magistros
1840 1652 1968 1707 pro—
2001 1625 2041 1681 Β
2074 1634 2157 1689 his
2184 1633 2385 1689 fruere.

370 1792 2323 1820 .——-—-—-————.——_*—-__

953 1958 1755 2097 ΕΥΣΕΒΙΟΥ
1838 1951 3068 2091 ΥΠΟΜΝΗΜΑΤΑ

1666 2200 1839 2285 ΕΙΣ
1898 2201 2295 2286 ΗΣΑΙΑΝ
2313 2262 2333 2284 .

621 2522 1175 2639 EUSEBII
1258 2522 2317 2643 COMMENTARIA
2399 2529 2546 2643 IN
2637 2523 3324 2642 HESAIAM.

893 2904 1292 2959 ΚΕΦΑΛΔΙΟΝ
1330 2902 1409 2960 A'.

430 3015 449 3047 ι
500 2995 738 3067 Ὅρασις
782 2995 849 3064 ἢν
886 2994 993 3048 ῐδεν
1037 2997 1266 3060 Ἡσαΐας
1316 2996 1432 3059 υἱὸς
1471 2995 1683 3067 Ἀμὼς,
1732 2998 1799 3067 ἣν
1841 2995 1948 3049 ἴδεν
1976 2979 2019 3036 C

356 3087 497 3141 κατὰ
524 3087 623 3158 τῆς
663 3085 925 3149 Ἰουδαίας
964 3088 1059 3141 καὶ
1092 3086 1233 3141 κατὰ
1288 3088 1646 3159 Ἰερουσαλὴμ
1698 3088 1756 3140 ὲν
1793 3088 1946 3158 βασι-

354 3180 473 3249 λείςι
509 3177 722 3242 Ὀζίου,
765 3179 859 3231 καὶ
903 3178 1276 3251 ’1ωαθὰμ,καὶ
1312 3180 1502 3250 Ἀχὰζ,
1540 3180 1633 3234 καὶ
1677 3178 1944 3245 Ἐζεκίου,

353 3270 402 3323 nl
446 3269 803 3327 ἐϐασίλευσαν
843 3270 946 3340 τῆς
1000 3271 1277 3335 Ἰουδαίας.
1320 3274 1542 3337 Ἀκουε,
1572 3273 1804 3345 οῦρανὲ,
1852 3274 1949 3327 καὶ

354 3360 629 3425 ὲνωτὶζου.
665 3362 758 3433 γῆ,
800 3363 880 3415 ὅτι
911 3363 1115 3435 Κύριος
1144 3365 1425 3437 ἐλάλησεν.
1466 3366 1629 3430 Υἱοὺς
1679 3366 1948 3437 ἐγέννησα

352 3451 448 3505 καὶ
475 3450 700 3521 ῦψωσα·
731 3454 886 3509 αὐτοὶ
914 3455 971 3507 δέ
1009 3473 1075 3526 με
1105 3456 1401 3528 ἠθέτησαν.
1439 3477 1458 3511 ι
1489 3458 1749 3522 Σύνθετος
1789 3461 1817 3513 ὁ
1852 3460 1948 3514 ἇν-

352 3545 567 3616 θρωπος
599 3548 664 3599 ἐκ
695 3545 874 3618 ψυχῆς
903 3549 995 3601 καὶ
1021 3547 1293 3619 σώματος’
1320 3552 1353 3615 ἡ
1387 3551 1523 3623 σὰρξ
1550 3551 1659 3604 ἀπὸ
1690 3552 1791 3621 τῆς
1820 3555 1943 3624 γῆς,

351 3636 554 3707 ἡψυχὴ
597 3626 846 3709 οὐρανία.
893 3640 1046 3694 Ἐπεὶ
1083 3637 1178 3694 οὖν
1222 3642 1359 3714 πρὸς
1398 3643 1686 3715 ἀμφότερα
1708 3643 1944 3716 αὐτῶνή

351 3728 640 3795 συγγένειά
664 3731 832 3794 ἐστιν,
859 3731 1080 3784 ἐπὶτῶν
1105 3734 1453 3789 οἰκειοτάτων
1482 3735 1646 3789 αὐτοῦ
1683 3736 1779 3807 τὴν
1811 3755 1947 3809 μαρ-

348 3819 537 3891 τυρίαν
589 3820 802 3891 ἐλέγχει
838 3838 851 3851 ·
904 3842 923 3872 ι
975 3823 1142 3887 Υἰοὺς
1188 3824 1455 3894 ἐγέννησα
1519 3828 1615 3883 καὶ
1663 3827 1877 3897 ὕψωσα.
1919 3847 1938 3880 ι

349 3909 387 3961 Γ
390 3912 660 3980 εννήσεως
720 3912 834 3982 εἴδη
897 3913 1019 3965 δύο·
1054 3916 1086 3983 ἡ
1116 3915 1211 3983 μὲν
1244 3917 1277 3984 ἡ
1303 3916 1441 3970 κατὰ
1466 3917 1597 3969 θεὸν
1639 3919 1940 3989 μόρφωσις,

348 4001 409 4065 ἐξ
441 4001 618 4070 ἔργων
677 4004 773 4055 καὶ
808 4004 1123 4075 παραδοχῆς
1171 4005 1459 4076 δογμάτων
1502 4008 1896 4081 ἐπιτελουμένη
1925 4027 1938 4041 ·

347 4092 423 4157 ὡς
450 4094 616 4165 γεννᾷ
644 4092 857 4158 Παῦλος
873 4094 941 4148 δι’
964 4096 1298 4164 Εὑαγγελίου
1320 4099 1448 4162 τοὺς
1473 4100 1722 4170 μαθητὰς
1752 4102 1938 4156 αὐτοῦ.

423 4379 442 4411 ι
476 4361 659 4430 Ἔγνω
690 4360 817 4433 βοῦς
838 4362 932 4417 τὸν
952 4364 1319 4435 κτησάμενον,
1341 4366 1435 4419 καὶ
1463 4365 1584 4430 ὄνος
1606 4365 1704 4438 τὴν
1733 4368 1939 4440 φάτνην

2690 2900 2922 2957 CAPUT
2972 2900 3016 2955 Ι.

2133 2995 2296 3052 Vens.
2340 2997 2394 3061 1,
2444 2995 2497 3054 2.
2564 3015 2583 3047 ι
2617 2994 2767 3051 Visio
2800 3009 2965 3065 quam
3024 2992 3158 3049 vidit
3223 2991 3452 3047 Hesaias
3504 2991 3649 3049 ﬁlius

2055 3086 2245 3151 Amos,
2279 3101 2444 3155 quam
2480 3085 2616 3141 vidit
2639 3093 2841 3153 contra
2879 3081 3144 3148 Judazam,
3176 3091 3231 3137 et
3270 3091 3458 3138 contra
3482 3078 3646 3136 Jeru-

2052 3178 2246 3245 Salem,
2274 3177 2632 3248 regnantibus
2664 3176 2818 3247 Ozia,
2864 3175 3140 3240 Joatham,
3194 3175 3378 3229 Achaz
3413 3182 3467 3227 et
3509 3174 3648 3228 Eze-

2052 3269 2199 3336 chia,
2230 3270 2323 3338 qui
2368 3277 2737 3341 regnaverunt
2788 3269 2842 3322 in
2890 3267 3100 3327 Iudaea.
3147 3266 3287 3323 Audi
3322 3266 3543 3329 coelum,
3590 3275 3648 3320 et

2054 3361 2281 3419 auribus
2306 3361 2524 3430 percipe
2573 3370 2742 3424 terra,
2790 3361 2919 3430 quia
2964 3359 3227 3415 Dominus
3258 3358 3475 3434 loeutus
3535 3368 3641 3413 est.

2051 3453 2217 3509 Filios
2242 3455 2404 3527 genui
2436 3462 2491 3507 et
2514 3453 2748 3519 exaltavi
2780 3469 2795 3507 :
2827 3452 2900 3507 illi
2938 3461 3119 3506 autem
3150 3458 3637 3521 sprevernutme.»

2051 3545 2227 3602 llnmo
2256 3561 2321 3617 ex
2342 3548 2532 3617 anima
2566 3556 2618 3615 et
2640 3561 2881 3614 corpore
2903 3544 3234 3603 constitutus
3264 3553 3386 3599 est:
3415 3558 3542 3597 caro
3575 3556 3641 3596 ex

2052 3648 2219 3701 terra,
2277 3639 2459 3703 anima
2513 3639 2761 3694 caalestis
2814 3636 3054 3693 exsistit.
3120 3636 3256 3703 Quia
3312 3650 3444 3690 vero
3514 3648 3638 3687 cum

2050 3740 2283 3797 utroque
2304 3746 2502 3803 eorum
2531 3731 2921 3800 cognationem
2947 3730 3112 3787 habet
3142 3730 3306 3785 homo
3325 3770 3341 3795 ,
3381 3729 3527 3784 circa
3568 3741 3635 3781 ea

2049 3836 2169 3890 qua:
2225 3822 2325 3890 ipsi
2393 3822 2633 3881 maxime
2681 3819 2900 3889 propria
2979 3828 3108 3872 sunt
3146 3819 3485 3882 .teSIimonio
3540 3833 3643 3878 suo

2050 3914 2225 3982 ipsum
2256 3913 2505 3981 coarguit
2538 3929 2552 3966 :
2582 3931 2602 3964 ι
2626 3912 2795 3971 Filios
2827 3911 2989 3979 genui
3015 3917 3071 3965 et
3103 3910 3362 3968 exaltavi.
3392 3928 3414 3967 ›
3462 3907 3643 4002 Gene-

2046 4002 2282 4063 rationis
2335 4003 2453 4065 dua:
2503 4002 2717 4071 species
2761 4010 2909 4068 sunt,
2960 4016 3191 4072 quarum
3240 4002 3342 4059 alia
3398 4009 3499 4060 est.
3532 4000 3641 4055 illa

2047 4092 2347 4157 secundum
2408 4092 2583 4154 Deum
2638 4091 2834 4157 forma,
2881 4106 3003 4160 quae.
3041 4106 3106 4145 ex
3149 4091 3405 4159 operibus
3461 4095 3515 4143 et
3569 4101 3637 4142 ex

2048 4184 2430 4239 mandatorum
2487 4183 2837 4255 perceptione
2882 4182 3164 4254 perﬁcitur
3207 4200 3221 4236 :
3262 4196 3366 4250 qua
3424 4180 3640 4235 ratione

2045 4275 2249 4339 Paulus
2279 4275 2574 4345 discipulos
2604 4290 2735 4333 suos
2766 4289 2865 4345 per
2894 4273 3247 4345 Evangelinm
3277 4273 3473 4343 gignit.

2116 4366 2283 4428 Vrsas.
2323 4368 2377 4423 5.
2419 4386 2438 4419 ι
2475 4367 2740 4439 Cognovit
2768 4367 2865 4424 bos
2907 4380 3305 4437 possessorem,
3345 4374 3401 4419 et
3449 4363 3637 4418 asimts

346 4450 439 4503 τοῦ
489 4450 677 4524 κυρίου
717 4452 884 4507 αὑτοῦ
912 4473 924 4487 ·
976 4455 1193 4527 Ἰσραὴλ
1221 4456 1278 4511 δέ
1322 4474 1391 4527 με
1434 4457 1536 4510 οὐκ
1576 4457 1737 4527 ἔγνω,
1783 4461 1877 4515 καὶ
1910 4463 1938 4515 ὁ

2052 4472 2284 4528 praesepe
2313 4457 2519 4520 domini
2557 4460 2662 4523 sui,
2696 4457 2864 4515 Israel
2887 4467 3068 4517 autem
3095 4472 3182 4512 me
3212 4470 3319 4511 non
3352 4456 3631 4527 cognovit,

345 4539 472 4604 λαός
498 4559 565 4612 με
597 4542 658 4595 οὐ
686 4543 975 4613 συνῆκεν.»
1002 4543 1140 4608 Βοῦς
1169 4545 1267 4615 μὲν
1287 4546 1381 4599 καὶ
1404 4545 1544 4612 ὄνος,
1576 4550 1778 4619 φυσικῇ
1805 4566 1940 4617 φαν-

344 4632 509 4703 τασίᾳ.
534 4635 661 4697 τοὺς
673 4634 972 4705 τρέφοντας
995 4636 1453 4704 ἐπιγινώσκουσιν
1471 4655 1484 4670 ·
1514 4640 1562 4691 οἱ
1585 4640 1643 4693 δὲ
1667 4639 1940 4711 τοσαύτης

344 4723 669 4787 ἀξιωθέντες
702 4726 855 4797 παρὰ
882 4726 976 4781 τοῦ
1003 4726 1139 4780 Θεοῦ
1164 4729 1441 4799 προνοίας,
1461 4729 1537 4791 ὡς
1569 4731 1642 4801 μὴ
1674 4730 1832 4801 μόνον
1852 4730 1939 4784 λο-

344 4817 533 4883 γικοὺς
564 4817 930 4887 καταστῆναι,
963 4817 1101 4870 ἀλλὰ
1136 4818 1231 4872 καὶ
1271 4818 1399 4881 λαᾲν
1430 4820 1566 4875 Θεοῦ
1599 4824 1937 4893 χρηματίσαι

345 4904 768 4979 καταξιωθῆναι,
800 4910 932 4962 υἱῶν
990 4926 1049 4961 τε
1090 4911 1432 4981 προσηγορίᾳ
1456 4911 1782 4983 τιμηθῆναι,
1828 4916 1937 4969 οὐδ’

343 4997 548 5069 δμοίως
598 5001 713 5064 τοῖς
764 5000 981 5070 ἀλόγοις
1016 4999 1297 5071 θρέμμασι
1336 5002 1429 5055 τὸν
1476 5005 1815 5075 γεννήσαντα
1844 5007 1939 5064 καὶ

344 5090 641 5161 θρέψαντα,
680 5094 991 5165 τιμήσαντά
1021 5110 1081 5146 τε
1123 5093 1218 5147 καὶ
1263 5094 1557 5163 ὑψώσαντα
1598 5099 1796 5162 αὐτοὺς
1824 5098 1940 5154 Κύ-

344 5200 458 5254 ριον
485 5184 751 5253 έγνωσαν.
783 5181 951 5256 Οἶμαι
970 5186 1027 5239 δὲ
1050 5185 1138 5239 διὰ
1162 5185 1368 5241 τούτων
1394 5189 1751 5259 προφητικῶς
1772 5189 1941 5244 αἰνίτ-

341 5290 400 5326 τε
407 5275 550 5339 σθαι,
565 5276 642 5339 ὡς
656 5276 747 5330 τὸν
758 5279 802 5330 Χ
813 5277 994 5348 ριστὸν
1005 5277 1099 5331 τοῦ
1110 5277 1247 5331 Θεοῦ
1263 5279 1424 5334 αὐτὸν
1451 5279 1579 5333 ὄντα
1591 5280 1682 5337 τὸν
1711 5281 1794 5335 Κύ
1804 5300 1936 5355 ριον,

346 5362 530 5433 μόνοις
559 5366 743 5430 αὐτοῖς
767 5367 826 5433 ἐξ
858 5368 1115 5421 ἁπάντων
1152 5367 1263 5429 τῶν
1306 5368 1477 5423 ἐθνῶν
1522 5371 1938 5445 ἐπιδημήσαντα

341 5455 484 5520 κατὰ
526 5456 626 5526 τὴν
697 5457 1145 5530 ἐνανθρώπησιν,
1231 5461 1290 5511 οὺ
1348 5461 1769 5531 παραδέξονται,
1818 5466 1939 5520 οὐδὲ

341 5547 738 5617 ἐτιιγνώσονται
769 5549 953 5616 αὐτὸν,
1003 5551 1123 5607 οὐδὲ
1156 5552 1470 5621 νοήσουσιν,
1506 5554 1619 5608 ἀλλ’
1654 5555 1770 5615 οὐδὲ
1806 5574 1933 5612 συν-

340 5639 553 5708 ﬁsa-Jac.

417 5746 436 5778 ι
476 5729 611 5783 Οὐαὶ
657 5730 804 5797 ἔθνος
849 5734 1189 5807 ἁμαρτωλὸν,
1218 5740 1347 5806 λαὸς
1374 5740 1584 5813 πλήρης
1621 5740 1932 5812 ἀμαρτῖας,

2040 4559 2096 4605 et
2131 4549 2367 4619 populus
2401 4565 2491 4603 me
2527 4565 2635 4607 non
2674 4547 2969 4607 intellexit.
2999 4564 3019 4600 ι
3057 4547 3162 4603 Bos
3190 4546 3408 4616 quidem
3440 4555 3495 4602 et
3524 4547 3636 4601 asi-

2042 4656 2145 4699 nus
2180 4656 2247 4705 ex
2293 4638 2526 4695 naturali
2585 4638 2846 4697 instinctu
2884 4651 3001 4703 eos,
3049 4637 3143 4706 qui
3177 4636 3497 4691 alimentum
3526 4635 3635 4691 sibi

2042 4731 2429 4802 suppeditant,
2483 4728 2990 4801 cegnoscuntzqui
3048 4744 3179 4787 vero
3229 4738 3381 4783 tanta
3439 4744 3470 4783 a
3524 4729 3641 4784 Deo

2040 4822 2387 4891 providentia
2414 4821 2618 4891 dignati
2646 4829 2805 4883 sunt,
2830 4829 2895 4879 aut
2938 4836 3047 4877 non
3088 4821 3249 4875 modo
3280 4820 3635 4875 rationabiles

2041 4922 2247 4977 essent,
2277 4912 2372 4973 sed
2398 4912 2563 4967 etiam
2605 4911 2838 4982 populus
2873 4912 2968 4968 Dei
3000 4923 3347 4977 vocarentur,
3370 4913 3636 4965 liliorum-

2040 5016 2147 5071 que
2178 5002 2397 5061 nomine
2422 5013 2777 5067 ornarentur,
2815 5018 2922 5059 non
2972 5004 3091 5072 pari
3128 5013 3292 5072 atque
3330 5003 3488 5057 bruta
3539 5001 3632 5069 ju-

2041 5100 2227 5151 menta
2262 5094 2423 5150 modo
2450 5108 2576 5150 eum
2608 5094 2701 5163 qui
2733 5108 2795 5149 se
2822 5095 3032 5165 genuit,
3067 5094 3348 5159 enutrivit,
3388 5094 3633 5148 honora-

2039 5184 2126 5238 vit-
2172 5193 2232 5240 et
2286 5185 2569 5251 exultavit,
2627 5186 2915 5241 Dominum
2963 5201 3260 5258 agnovere.
3320 5187 3415 5241 llis
3468 5201 3636 5253 porro

2040 5277 2277 5339 arbitror
2300 5279 2621 5349 prophetiae
2644 5280 3010 5346 subindicari,
3037 5282 3154 5337 fore
3178 5288 3235 5334 ut
3262 5278 3432 5333 Judazi
3457 5278 3634 5344 illum,

2041 5376 2132 5445 qui
2181 5374 2431 5431 Christus
2483 5374 2577 5430 Dei
2628 5381 2683 5429 et
2722 5374 2841 5442 ipse
2885 5374 3190 5438 Dominus,
3230 5374 3437 5444 quique
3486 5376 3634 5443 apud

2042 5468 2187 5534 illos,
2225 5483 2339 5539 prae
2368 5467 2491 5523 aliis
2521 5467 2779 5531 omnibus
2805 5467 3079 5537 gentibus,
3127 5467 3288 5522 homo
3314 5468 3635 5537 pcregrina-

2044 5570 2133 5617 tus
2166 5568 2278 5625 est,
2313 5574 2422 5614 non
2451 5560 2821 5629 susciperent,
2852 5572 3032 5629 neque
3064 5569 3480 5627 cognoscerent,
3528 5572 3633 5615 nec

2042 5661 2223 5707 mente
2254 5650 2637 5721 intelligerent.

2122 5741 2287 5800 Vsus.
2333 5744 2382 5799 4.
2450 5745 2584 5799 σγα)
2648 5744 2790 5814 ςρηιί
2846 5741 3169 5815 pcccatrici,
3220 5744 3414 5815 populo
3464 5744 3627 5814 pleno
