  <div class='ocr_page' id='page_1' title='image "/cluster/home/n/w/nwhite01/storage/ocr_20150623/24:no.6/coo.31924054873058/059.png"; bbox 0 0 4138 6434; ppageno 0'>
   <div class='ocr_carea' id='block_1_1' title="bbox 492 308 3773 392">
    <p class='ocr_par' dir='ltr' id='par_1_1' title="bbox 492 308 3773 392">
     <span class='ocr_line' id='line_1_1' title="bbox 492 308 3773 392; baseline 0.001 -6"><span class='ocrx_word' id='word_1_1' title='bbox 492 332 553 386; x_wconf 82' lang='grc'><strong>91</strong></span> <span class='ocrx_word' id='word_1_2' title='bbox 1179 331 1450 387; x_wconf 70' lang='grc' dir='ltr'><strong>ΕυδΕΒΠ</strong></span> <span class='ocrx_word' id='word_1_3' title='bbox 1487 331 1972 388; x_wconf 68' lang='lat' dir='ltr'><strong>CAESARIENSIS</strong></span> <span class='ocrx_word' id='word_1_4' title='bbox 2011 331 2161 388; x_wconf 82' lang='lat' dir='ltr'><strong>OPP.</strong></span> <span class='ocrx_word' id='word_1_5' title='bbox 2205 333 2384 390; x_wconf 74' lang='lat' dir='ltr'><strong>PARS</strong></span> <span class='ocrx_word' id='word_1_6' title='bbox 2423 335 2507 389; x_wconf 81' lang='grc' dir='ltr'><strong>ΠΙ.</strong></span> <span class='ocrx_word' id='word_1_7' title='bbox 2551 365 2621 378; x_wconf 93' lang='grc'><strong>-</strong></span> <span class='ocrx_word' id='word_1_8' title='bbox 2657 332 3073 392; x_wconf 77' lang='lat' dir='ltr'><strong>EXEGETICA.</strong></span> <span class='ocrx_word' id='word_1_9' title='bbox 3323 308 3328 312; x_wconf 31' lang='lat'>&#39;</span> <span class='ocrx_word' id='word_1_10' title='bbox 3701 336 3773 391; x_wconf 82' lang='lat'><strong>92</strong></span> 
     </span>
    </p>
   </div>
   <div class='ocr_carea' id='block_1_2' title="bbox 459 445 2081 521">
    <p class='ocr_par' dir='ltr' id='par_1_2' title="bbox 459 445 2081 515">
     <span class='ocr_line' id='line_1_2' title="bbox 459 445 2081 515; baseline 0.002 -16"><span class='ocrx_word' id='word_1_11' title='bbox 459 445 802 515; x_wconf 38' lang='lat' dir='ltr'><strong>.iniquitate,</strong></span> <span class='ocrx_word' id='word_1_12' title='bbox 830 447 1024 501; x_wconf 83' lang='lat' dir='ltr'><strong>semini</strong></span> <span class='ocrx_word' id='word_1_13' title='bbox 1066 446 1230 512; x_wconf 88' lang='lat' dir='ltr'><strong>malo,</strong></span> <span class='ocrx_word' id='word_1_14' title='bbox 1264 447 1388 501; x_wconf 78' lang='lat' dir='ltr'><strong>filiis</strong></span> <span class='ocrx_word' id='word_1_15' title='bbox 1426 447 1649 515; x_wconf 81' lang='lat' dir='ltr'><strong>iniquis.</strong></span> <span class='ocrx_word' id='word_1_16' title='bbox 1705 447 2081 515; x_wconf 85' lang='lat' dir='ltr'><strong>Dercliquistis</strong></span> 
     </span>
    </p>
   </div>
   <div class='ocr_carea' id='block_1_3' title="bbox 2187 445 3827 521">
    <p class='ocr_par' dir='ltr' id='par_1_3' title="bbox 2192 446 3827 521">
     <span class='ocr_line' id='line_1_3' title="bbox 2192 446 3827 521; baseline -0.002 -20"><span class='ocrx_word' id='word_1_17' title='bbox 2192 449 2413 521; x_wconf 79' lang='grc' dir='ltr'>σπέρμα</span> <span class='ocrx_word' id='word_1_18' title='bbox 2435 450 2690 520; x_wconf 68' lang='grc' dir='ltr'>πονηρὸν,</span> <span class='ocrx_word' id='word_1_19' title='bbox 2711 448 2818 500; x_wconf 77' lang='grc' dir='ltr'>υἱοὶ</span> <span class='ocrx_word' id='word_1_20' title='bbox 2844 448 3055 519; x_wconf 79' lang='grc' dir='ltr'>ἄνομοι.</span> <span class='ocrx_word' id='word_1_21' title='bbox 3093 447 3511 516; x_wconf 82' lang='grc' dir='ltr'>Ἐγκατελίπετε</span> <span class='ocrx_word' id='word_1_22' title='bbox 3545 446 3636 499; x_wconf 65' lang='grc' dir='ltr'>τὸν</span> <span class='ocrx_word' id='word_1_23' title='bbox 3660 447 3772 500; x_wconf 79' lang='grc' dir='ltr'><strong>Κύ-</strong></span> <span class='ocrx_word' id='word_1_24' title='bbox 3813 453 3827 484; x_wconf 64' lang='grc' dir='ltr'><strong>θ</strong></span> 
     </span>
    </p>
   </div>
   <div class='ocr_carea' id='block_1_4' title="bbox 491 537 2076 602">
    <p class='ocr_par' dir='ltr' id='par_1_4' title="bbox 491 537 2076 602">
     <span class='ocr_line' id='line_1_4' title="bbox 491 537 2076 602; baseline 0.002 -12"><span class='ocrx_word' id='word_1_25' title='bbox 491 537 803 602; x_wconf 78' lang='lat' dir='ltr'><strong>Dominum,</strong></span> <span class='ocrx_word' id='word_1_26' title='bbox 839 547 894 591; x_wconf 91' lang='lat' dir='ltr'><strong>et</strong></span> <span class='ocrx_word' id='word_1_27' title='bbox 931 538 1187 592; x_wconf 88' lang='lat' dir='ltr'><strong>irritastis</strong></span> <span class='ocrx_word' id='word_1_28' title='bbox 1235 547 1486 592; x_wconf 90' lang='lat' dir='ltr'><strong>sanctum</strong></span> <span class='ocrx_word' id='word_1_29' title='bbox 1536 538 1701 592; x_wconf 88' lang='lat' dir='ltr'><strong>Israel</strong></span> <span class='ocrx_word' id='word_1_30' title='bbox 1735 558 1747 592; x_wconf 93' lang='lat'><strong>:</strong></span> <span class='ocrx_word' id='word_1_31' title='bbox 1780 539 2076 593; x_wconf 90' lang='lat' dir='ltr'><strong>abalienati</strong></span> 
     </span>
    </p>
   </div>
   <div class='ocr_carea' id='block_1_5' title="bbox 491 626 2076 699">
    <p class='ocr_par' dir='ltr' id='par_1_5' title="bbox 491 626 2076 699">
     <span class='ocr_line' id='line_1_5' title="bbox 491 626 2076 699; baseline 0.001 -17"><span class='ocrx_word' id='word_1_32' title='bbox 491 639 616 682; x_wconf 89' lang='lat' dir='ltr'><strong>sunt</strong></span> <span class='ocrx_word' id='word_1_33' title='bbox 681 639 1005 682; x_wconf 83' lang='lat' dir='ltr'><strong>retrorsum.</strong></span> <span class='ocrx_word' id='word_1_34' title='bbox 1038 647 1057 680; x_wconf 71' lang='grc' dir='ltr'><strong>ι</strong></span> <span class='ocrx_word' id='word_1_35' title='bbox 1125 626 1250 681; x_wconf 91' lang='lat' dir='ltr'><strong>ldeo</strong></span> <span class='ocrx_word' id='word_1_36' title='bbox 1308 643 1438 696; x_wconf 88' lang='lat' dir='ltr'><strong>ergo</strong></span> <span class='ocrx_word' id='word_1_37' title='bbox 1492 627 1806 683; x_wconf 74' lang='lat' dir='ltr'><strong>Judaeorum</strong></span> <span class='ocrx_word' id='word_1_38' title='bbox 1861 640 2076 699; x_wconf 83' lang='lat' dir='ltr'><strong>gentem</strong></span> 
     </span>
    </p>
   </div>
   <div class='ocr_carea' id='block_1_6' title="bbox 492 720 2077 790">
    <p class='ocr_par' dir='ltr' id='par_1_6' title="bbox 492 720 2077 790">
     <span class='ocr_line' id='line_1_6' title="bbox 492 720 2077 790; baseline 0.002 -17"><span class='ocrx_word' id='word_1_39' title='bbox 492 720 740 790; x_wconf 78' lang='lat' dir='ltr'><strong>coarguit</strong></span> <span class='ocrx_word' id='word_1_40' title='bbox 795 721 1158 788; x_wconf 84' lang='lat' dir='ltr'><strong>miseramque</strong></span> <span class='ocrx_word' id='word_1_41' title='bbox 1215 720 1477 788; x_wconf 73' lang='lat' dir='ltr'><strong>prmdicat</strong></span> <span class='ocrx_word' id='word_1_42' title='bbox 1531 721 1774 789; x_wconf 79' lang='lat' dir='ltr'><strong>Spiritus</strong></span> <span class='ocrx_word' id='word_1_43' title='bbox 1831 733 2077 786; x_wconf 86' lang='lat' dir='ltr'><strong>sanctus.</strong></span> 
     </span>
    </p>
   </div>
   <div class='ocr_carea' id='block_1_7' title="bbox 492 809 2078 882">
    <p class='ocr_par' dir='ltr' id='par_1_7' title="bbox 492 809 2078 882">
     <span class='ocr_line' id='line_1_7' title="bbox 492 809 2078 882; baseline 0.003 -20"><span class='ocrx_word' id='word_1_44' title='bbox 492 811 616 878; x_wconf 88' lang='lat' dir='ltr'><strong>quia</strong></span> <span class='ocrx_word' id='word_1_45' title='bbox 652 811 891 863; x_wconf 73' lang='lat' dir='ltr'><strong>omnium</strong></span> <span class='ocrx_word' id='word_1_46' title='bbox 922 809 1076 877; x_wconf 91' lang='lat' dir='ltr'><strong>plane</strong></span> <span class='ocrx_word' id='word_1_47' title='bbox 1112 809 1356 878; x_wconf 82' lang='lat' dir='ltr'><strong>gentium</strong></span> <span class='ocrx_word' id='word_1_48' title='bbox 1403 811 1643 865; x_wconf 89' lang='lat' dir='ltr'><strong>deterior</strong></span> <span class='ocrx_word' id='word_1_49' title='bbox 1694 821 1799 876; x_wconf 84' lang='lat' dir='ltr'><strong>est,</strong></span> <span class='ocrx_word' id='word_1_50' title='bbox 1851 822 1906 866; x_wconf 91' lang='lat' dir='ltr'><strong>et</strong></span> <span class='ocrx_word' id='word_1_51' title='bbox 1951 814 2078 882; x_wconf 87' lang='lat' dir='ltr'><strong>quia</strong></span> 
     </span>
    </p>
   </div>
   <div class='ocr_carea' id='block_1_8' title="bbox 492 899 2080 969">
    <p class='ocr_par' dir='ltr' id='par_1_8' title="bbox 492 899 2080 969">
     <span class='ocr_line' id='line_1_8' title="bbox 492 899 2080 969; baseline 0.004 -16"><span class='ocrx_word' id='word_1_52' title='bbox 492 899 567 953; x_wconf 91' lang='lat' dir='ltr'><strong>illi</strong></span> <span class='ocrx_word' id='word_1_53' title='bbox 603 915 777 966; x_wconf 79' lang='lat' dir='ltr'><strong>neque</strong></span> <span class='ocrx_word' id='word_1_54' title='bbox 803 913 865 952; x_wconf 81' lang='lat' dir='ltr'><strong>ex</strong></span> <span class='ocrx_word' id='word_1_55' title='bbox 893 899 1203 966; x_wconf 76' lang='lat' dir='ltr'><strong>adeptione,</strong></span> <span class='ocrx_word' id='word_1_56' title='bbox 1250 915 1429 969; x_wconf 83' lang='lat' dir='ltr'><strong>neque</strong></span> <span class='ocrx_word' id='word_1_57' title='bbox 1460 915 1526 956; x_wconf 83' lang='lat' dir='ltr'><strong>ex</strong></span> <span class='ocrx_word' id='word_1_58' title='bbox 1569 904 1781 958; x_wconf 78' lang='lat' dir='ltr'><strong>honore</strong></span> <span class='ocrx_word' id='word_1_59' title='bbox 1816 903 2080 960; x_wconf 87' lang='lat' dir='ltr'><strong>divinitus</strong></span> 
     </span>
    </p>
   </div>
   <div class='ocr_carea' id='block_1_9' title="bbox 492 989 2080 1062">
    <p class='ocr_par' dir='ltr' id='par_1_9' title="bbox 492 989 2080 1062">
     <span class='ocr_line' id='line_1_9' title="bbox 492 989 2080 1062; baseline 0.003 -19"><span class='ocrx_word' id='word_1_60' title='bbox 492 991 596 1044; x_wconf 89' lang='lat' dir='ltr'><strong>sibi</strong></span> <span class='ocrx_word' id='word_1_61' title='bbox 646 989 863 1055; x_wconf 90' lang='lat' dir='ltr'><strong>collato,</strong></span> <span class='ocrx_word' id='word_1_62' title='bbox 917 990 1144 1043; x_wconf 76' lang='lat' dir='ltr'><strong>exaltati</strong></span> <span class='ocrx_word' id='word_1_63' title='bbox 1194 991 1479 1056; x_wconf 81' lang='lat' dir='ltr'><strong>videlicet,</strong></span> <span class='ocrx_word' id='word_1_64' title='bbox 1533 1009 1596 1048; x_wconf 88' lang='lat' dir='ltr'><strong>ac</strong></span> <span class='ocrx_word' id='word_1_65' title='bbox 1644 995 2080 1062; x_wconf 75' lang='lat' dir='ltr'><strong>przccellentibus</strong></span> 
     </span>
    </p>
   </div>
   <div class='ocr_carea' id='block_1_10' title="bbox 492 1081 2079 1156">
    <p class='ocr_par' dir='ltr' id='par_1_10' title="bbox 492 1081 2079 1156">
     <span class='ocr_line' id='line_1_10' title="bbox 492 1081 2079 1156; baseline 0.004 -20"><span class='ocrx_word' id='word_1_66' title='bbox 492 1083 808 1136; x_wconf 87' lang='lat' dir='ltr'><strong>muneribus</strong></span> <span class='ocrx_word' id='word_1_67' title='bbox 845 1081 910 1134; x_wconf 91' lang='lat' dir='ltr'><strong>ab</strong></span> <span class='ocrx_word' id='word_1_68' title='bbox 939 1097 1005 1135; x_wconf 92' lang='lat' dir='ltr'><strong>eo</strong></span> <span class='ocrx_word' id='word_1_69' title='bbox 1034 1084 1243 1148; x_wconf 80' lang='lat' dir='ltr'><strong>donati,</strong></span> <span class='ocrx_word' id='word_1_70' title='bbox 1278 1086 1554 1153; x_wconf 90' lang='lat' dir='ltr'><strong>quidpiam</strong></span> <span class='ocrx_word' id='word_1_71' title='bbox 1602 1087 1852 1143; x_wconf 88' lang='lat' dir='ltr'><strong>utilitatis</strong></span> <span class='ocrx_word' id='word_1_72' title='bbox 1891 1104 2079 1156; x_wconf 86' lang='lat' dir='ltr'><strong>perce-</strong></span> 
     </span>
    </p>
   </div>
   <div class='ocr_carea' id='block_1_11' title="bbox 492 1175 2081 1250">
    <p class='ocr_par' dir='ltr' id='par_1_11' title="bbox 492 1175 2081 1250">
     <span class='ocr_line' id='line_1_11' title="bbox 492 1175 2081 1250; baseline 0.004 -24"><span class='ocrx_word' id='word_1_73' title='bbox 492 1181 685 1241; x_wconf 88' lang='lat' dir='ltr'><strong>perunt</strong></span> <span class='ocrx_word' id='word_1_74' title='bbox 716 1189 730 1226; x_wconf 91' lang='lat'><strong>:</strong></span> <span class='ocrx_word' id='word_1_75' title='bbox 763 1175 871 1226; x_wconf 91' lang='lat' dir='ltr'><strong>imo</strong></span> <span class='ocrx_word' id='word_1_76' title='bbox 912 1190 1040 1228; x_wconf 84' lang='lat' dir='ltr'><strong>vero</strong></span> <span class='ocrx_word' id='word_1_77' title='bbox 1069 1190 1138 1229; x_wconf 89' lang='lat' dir='ltr'><strong>ne</strong></span> <span class='ocrx_word' id='word_1_78' title='bbox 1166 1191 1230 1229; x_wconf 85' lang='lat' dir='ltr'><strong>ex</strong></span> <span class='ocrx_word' id='word_1_79' title='bbox 1266 1176 1439 1245; x_wconf 82' lang='lat' dir='ltr'><strong>plagis</strong></span> <span class='ocrx_word' id='word_1_80' title='bbox 1487 1177 1704 1246; x_wconf 87' lang='lat' dir='ltr'><strong>quidem</strong></span> <span class='ocrx_word' id='word_1_81' title='bbox 1740 1182 2081 1250; x_wconf 88' lang='lat' dir='ltr'><strong>et_castiga-</strong></span> 
     </span>
    </p>
   </div>
   <div class='ocr_carea' id='block_1_12' title="bbox 494 1253 2085 1340">
    <p class='ocr_par' dir='ltr' id='par_1_12' title="bbox 494 1253 2085 1340">
     <span class='ocr_line' id='line_1_12' title="bbox 494 1253 2085 1340; baseline 0.006 -24"><span class='ocrx_word' id='word_1_82' title='bbox 494 1253 962 1330; x_wconf 72' lang='grc' dir='ltr'>ῑίοιιί1›ιιε,’‹ιιιείε</span> <span class='ocrx_word' id='word_1_83' title='bbox 1005 1282 1035 1319; x_wconf 91' lang='lat' dir='ltr'><strong>a</strong></span> <span class='ocrx_word' id='word_1_84' title='bbox 1083 1267 1192 1320; x_wconf 89' lang='lat' dir='ltr'><strong>Deo</strong></span> <span class='ocrx_word' id='word_1_85' title='bbox 1233 1267 1549 1335; x_wconf 88' lang='lat' dir='ltr'><strong>frequenter</strong></span> <span class='ocrx_word' id='word_1_86' title='bbox 1601 1269 1652 1323; x_wconf 85' lang='lat' dir='ltr'><strong>vi</strong></span> <span class='ocrx_word' id='word_1_87' title='bbox 1699 1271 1907 1325; x_wconf 88' lang='lat' dir='ltr'><strong>amoris</strong></span> <span class='ocrx_word' id='word_1_88' title='bbox 1960 1286 2085 1340; x_wconf 88' lang='lat' dir='ltr'><strong>per-</strong></span> 
     </span>
    </p>
   </div>
   <div class='ocr_carea' id='block_1_13' title="bbox 501 1355 2085 1432">
    <p class='ocr_par' dir='ltr' id='par_1_13' title="bbox 501 1355 2085 1432">
     <span class='ocr_line' id='line_1_13' title="bbox 501 1355 2085 1432; baseline 0.008 -28"><span class='ocrx_word' id='word_1_89' title='bbox 501 1363 674 1416; x_wconf 92' lang='lat' dir='ltr'><strong>moto,</strong></span> <span class='ocrx_word' id='word_1_90' title='bbox 713 1355 1012 1421; x_wconf 85' lang='lat' dir='ltr'><strong>impietatis</strong></span> <span class='ocrx_word' id='word_1_91' title='bbox 1043 1373 1154 1411; x_wconf 69' lang='lat' dir='ltr'><strong>sum</strong></span> <span class='ocrx_word' id='word_1_92' title='bbox 1205 1373 1369 1412; x_wconf 89' lang='lat' dir='ltr'><strong>causa</strong></span> <span class='ocrx_word' id='word_1_93' title='bbox 1407 1358 1588 1414; x_wconf 85' lang='lat' dir='ltr'><strong>aflecti</strong></span> <span class='ocrx_word' id='word_1_94' title='bbox 1638 1370 1785 1428; x_wconf 91' lang='lat' dir='ltr'><strong>sunt,</strong></span> <span class='ocrx_word' id='word_1_95' title='bbox 1840 1362 2085 1432; x_wconf 73' lang='lat' dir='ltr'><strong>resipue~</strong></span> 
     </span>
    </p>
   </div>
   <div class='ocr_carea' id='block_1_14' title="bbox 494 1449 2083 1522">
    <p class='ocr_par' dir='ltr' id='par_1_14' title="bbox 494 1449 2083 1522">
     <span class='ocr_line' id='line_1_14' title="bbox 494 1449 2083 1522; baseline 0.006 -24"><span class='ocrx_word' id='word_1_96' title='bbox 494 1454 619 1498; x_wconf 86' lang='lat' dir='ltr'><strong>runt</strong></span> <span class='ocrx_word' id='word_1_97' title='bbox 649 1460 664 1498; x_wconf 89' lang='lat'><strong>:</strong></span> <span class='ocrx_word' id='word_1_98' title='bbox 699 1460 847 1510; x_wconf 90' lang='lat' dir='ltr'><strong>nam,</strong></span> <span class='ocrx_word' id='word_1_99' title='bbox 893 1463 911 1496; x_wconf 83' lang='grc' dir='ltr'><strong>ι</strong></span> <span class='ocrx_word' id='word_1_100' title='bbox 941 1463 1097 1510; x_wconf 85' lang='lat' dir='ltr'><strong>quem</strong></span> <span class='ocrx_word' id='word_1_101' title='bbox 1130 1449 1306 1518; x_wconf 75' lang='lat' dir='ltr'><strong>diligit</strong></span> <span class='ocrx_word' id='word_1_102' title='bbox 1345 1449 1625 1515; x_wconf 80' lang='lat' dir='ltr'><strong>Dominus,</strong></span> <span class='ocrx_word' id='word_1_103' title='bbox 1677 1451 1936 1522; x_wconf 82' lang='lat' dir='ltr'><strong>castigat,</strong></span> <span class='ocrx_word' id='word_1_104' title='bbox 1985 1453 2083 1506; x_wconf 82' lang='lat' dir='ltr'><strong>fla-</strong></span> 
     </span>
    </p>
   </div>
   <div class='ocr_carea' id='block_1_15' title="bbox 505 1535 2086 1610">
    <p class='ocr_par' dir='ltr' id='par_1_15' title="bbox 505 1535 2086 1610">
     <span class='ocr_line' id='line_1_15' title="bbox 505 1535 2086 1610; baseline 0.008 -25"><span class='ocrx_word' id='word_1_105' title='bbox 505 1535 670 1603; x_wconf 73' lang='lat' dir='ltr'><strong>gellat</strong></span> <span class='ocrx_word' id='word_1_106' title='bbox 699 1543 878 1588; x_wconf 86' lang='lat' dir='ltr'><strong>autem</strong></span> <span class='ocrx_word' id='word_1_107' title='bbox 913 1549 1125 1589; x_wconf 83' lang='lat' dir='ltr'><strong>omnem</strong></span> <span class='ocrx_word' id='word_1_108' title='bbox 1161 1537 1350 1602; x_wconf 84' lang='lat' dir='ltr'><strong>lilium,</strong></span> <span class='ocrx_word' id='word_1_109' title='bbox 1384 1554 1543 1609; x_wconf 88' lang='lat' dir='ltr'><strong>quem</strong></span> <span class='ocrx_word' id='word_1_110' title='bbox 1573 1541 1861 1610; x_wconf 80' lang='lat' dir='ltr'><strong>accipit“.</strong></span> <span class='ocrx_word' id='word_1_111' title='bbox 1892 1560 1909 1593; x_wconf 80' lang='grc' dir='ltr'><strong>ι</strong></span> <span class='ocrx_word' id='word_1_112' title='bbox 1954 1542 2086 1608; x_wconf 86' lang='lat' dir='ltr'><strong>Quis</strong></span> 
     </span>
    </p>
   </div>
   <div class='ocr_carea' id='block_1_16' title="bbox 493 1626 2084 1700">
    <p class='ocr_par' dir='ltr' id='par_1_16' title="bbox 493 1626 2084 1700">
     <span class='ocr_line' id='line_1_16' title="bbox 493 1626 2084 1700; baseline 0.008 -24"><span class='ocrx_word' id='word_1_113' title='bbox 493 1636 674 1678; x_wconf 88' lang='lat' dir='ltr'><strong>autem</strong></span> <span class='ocrx_word' id='word_1_114' title='bbox 713 1626 803 1680; x_wconf 91' lang='lat' dir='ltr'><strong>ille</strong></span> <span class='ocrx_word' id='word_1_115' title='bbox 837 1626 958 1693; x_wconf 89' lang='lat' dir='ltr'><strong>fuit,</strong></span> <span class='ocrx_word' id='word_1_116' title='bbox 1005 1643 1160 1692; x_wconf 88' lang='lat' dir='ltr'><strong>quem</strong></span> <span class='ocrx_word' id='word_1_117' title='bbox 1193 1628 1602 1697; x_wconf 87' lang='lat' dir='ltr'><strong>dercliquerunt</strong></span> <span class='ocrx_word' id='word_1_118' title='bbox 1627 1671 1642 1694; x_wconf 87' lang='lat'><strong>,</strong></span> <span class='ocrx_word' id='word_1_119' title='bbox 1676 1631 1785 1686; x_wconf 82' lang='lat' dir='ltr'><strong>nisi</strong></span> <span class='ocrx_word' id='word_1_120' title='bbox 1813 1631 2084 1700; x_wconf 82' lang='lat' dir='ltr'><strong>Christus,</strong></span> 
     </span>
    </p>
   </div>
   <div class='ocr_carea' id='block_1_17' title="bbox 492 1716 2086 1792">
    <p class='ocr_par' dir='ltr' id='par_1_17' title="bbox 492 1716 2086 1792">
     <span class='ocr_line' id='line_1_17' title="bbox 492 1716 2086 1792; baseline 0.008 -25"><span class='ocrx_word' id='word_1_121' title='bbox 492 1730 654 1782; x_wconf 85' lang='lat' dir='ltr'><strong>quem</strong></span> <span class='ocrx_word' id='word_1_122' title='bbox 701 1717 824 1783; x_wconf 86' lang='lat' dir='ltr'><strong>quia</strong></span> <span class='ocrx_word' id='word_1_123' title='bbox 872 1716 1226 1771; x_wconf 82' lang='lat' dir='ltr'><strong>it&#39;ritaverunt</strong></span> <span class='ocrx_word' id='word_1_124' title='bbox 1277 1727 1332 1772; x_wconf 89' lang='lat' dir='ltr'><strong>et</strong></span> <span class='ocrx_word' id='word_1_125' title='bbox 1373 1719 1810 1790; x_wconf 80' lang='lat' dir='ltr'><strong>det‘cliquerunt,</strong></span> <span class='ocrx_word' id='word_1_126' title='bbox 1853 1737 1915 1778; x_wconf 87' lang='lat' dir='ltr'><strong>ea</strong></span> <span class='ocrx_word' id='word_1_127' title='bbox 1966 1739 2086 1792; x_wconf 68' lang='lat' dir='ltr'><strong>qua:</strong></span> 
     </span>
    </p>
   </div>
   <div class='ocr_carea' id='block_1_18' title="bbox 493 1807 1370 1877">
    <p class='ocr_par' dir='ltr' id='par_1_18' title="bbox 493 1807 1370 1877">
     <span class='ocr_line' id='line_1_18' title="bbox 493 1807 1370 1877; baseline 0.006 -18"><span class='ocrx_word' id='word_1_128' title='bbox 493 1807 898 1874; x_wconf 73' lang='lat' dir='ltr'><strong>Subsequuntur</strong></span> <span class='ocrx_word' id='word_1_129' title='bbox 929 1811 1168 1877; x_wconf 89' lang='lat' dir='ltr'><strong>perpessi</strong></span> <span class='ocrx_word' id='word_1_130' title='bbox 1203 1811 1370 1864; x_wconf 85' lang='lat' dir='ltr'><strong>sunt?</strong></span> 
     </span>
    </p>
   </div>
   <div class='ocr_carea' id='block_1_19' title="bbox 568 1897 2076 1972">
    <p class='ocr_par' dir='ltr' id='par_1_19' title="bbox 568 1897 2076 1972">
     <span class='ocr_line' id='line_1_19' title="bbox 568 1897 2076 1972; baseline 0.007 -23"><span class='ocrx_word' id='word_1_131' title='bbox 568 1897 727 1950; x_wconf 72' lang='lat' dir='ltr'><strong>Vsus.</strong></span> <span class='ocrx_word' id='word_1_132' title='bbox 767 1899 821 1960; x_wconf 84' lang='lat'><strong>5,</strong></span> <span class='ocrx_word' id='word_1_133' title='bbox 853 1899 905 1954; x_wconf 87' lang='lat'><strong>6.</strong></span> <span class='ocrx_word' id='word_1_134' title='bbox 955 1916 972 1948; x_wconf 79' lang='grc' dir='ltr'><strong>ι</strong></span> <span class='ocrx_word' id='word_1_135' title='bbox 1006 1898 1146 1964; x_wconf 87' lang='lat' dir='ltr'><strong>Quid</strong></span> <span class='ocrx_word' id='word_1_136' title='bbox 1180 1900 1362 1954; x_wconf 87' lang='lat' dir='ltr'><strong>adhuc</strong></span> <span class='ocrx_word' id='word_1_137' title='bbox 1391 1903 1780 1968; x_wconf 91' lang='lat' dir='ltr'><strong>percutiamini</strong></span> <span class='ocrx_word' id='word_1_138' title='bbox 1813 1904 2076 1972; x_wconf 88' lang='lat' dir='ltr'><strong>adjicien—</strong></span> 
     </span>
    </p>
   </div>
   <div class='ocr_carea' id='block_1_20' title="bbox 495 1989 2085 2059">
    <p class='ocr_par' dir='ltr' id='par_1_20' title="bbox 495 1989 2085 2059">
     <span class='ocr_line' id='line_1_20' title="bbox 495 1989 2085 2059; baseline 0.006 -16"><span class='ocrx_word' id='word_1_139' title='bbox 495 1999 577 2044; x_wconf 78' lang='lat' dir='ltr'><strong>tes</strong></span> <span class='ocrx_word' id='word_1_140' title='bbox 610 1989 1192 2057; x_wconf 82' lang='lat' dir='ltr'><strong>iniquitatem?omne</strong></span> <span class='ocrx_word' id='word_1_141' title='bbox 1239 2001 1407 2059; x_wconf 87' lang='lat' dir='ltr'><strong>caput</strong></span> <span class='ocrx_word' id='word_1_142' title='bbox 1453 1992 1506 2045; x_wconf 93' lang='lat' dir='ltr'><strong>in</strong></span> <span class='ocrx_word' id='word_1_143' title='bbox 1557 1992 1762 2058; x_wconf 89' lang='lat' dir='ltr'><strong>labore,</strong></span> <span class='ocrx_word' id='word_1_144' title='bbox 1817 2004 1870 2050; x_wconf 88' lang='lat' dir='ltr'><strong>et</strong></span> <span class='ocrx_word' id='word_1_145' title='bbox 1922 2011 2085 2052; x_wconf 88' lang='lat' dir='ltr'><strong>omne</strong></span> 
     </span>
    </p>
   </div>
   <div class='ocr_carea' id='block_1_21' title="bbox 490 2081 2083 2154">
    <p class='ocr_par' dir='ltr' id='par_1_21' title="bbox 490 2081 2083 2154">
     <span class='ocr_line' id='line_1_21' title="bbox 490 2081 2083 2154; baseline 0.005 -20"><span class='ocrx_word' id='word_1_146' title='bbox 490 2097 587 2137; x_wconf 89' lang='lat' dir='ltr'><strong>cor</strong></span> <span class='ocrx_word' id='word_1_147' title='bbox 627 2081 677 2134; x_wconf 93' lang='lat' dir='ltr'><strong>in</strong></span> <span class='ocrx_word' id='word_1_148' title='bbox 732 2081 996 2143; x_wconf 87' lang='lat' dir='ltr'><strong>tristitia;</strong></span> <span class='ocrx_word' id='word_1_149' title='bbox 1037 2098 1065 2134; x_wconf 89' lang='lat' dir='ltr'><strong>a</strong></span> <span class='ocrx_word' id='word_1_150' title='bbox 1108 2081 1338 2148; x_wconf 84' lang='lat' dir='ltr'><strong>pedibus</strong></span> <span class='ocrx_word' id='word_1_151' title='bbox 1371 2097 1545 2152; x_wconf 92' lang='lat' dir='ltr'><strong>usque</strong></span> <span class='ocrx_word' id='word_1_152' title='bbox 1568 2086 1634 2138; x_wconf 85' lang='lat' dir='ltr'><strong>ad</strong></span> <span class='ocrx_word' id='word_1_153' title='bbox 1666 2097 1828 2154; x_wconf 90' lang='lat' dir='ltr'><strong>caput</strong></span> <span class='ocrx_word' id='word_1_154' title='bbox 1861 2103 1970 2141; x_wconf 89' lang='lat' dir='ltr'><strong>non</strong></span> <span class='ocrx_word' id='word_1_155' title='bbox 1998 2097 2083 2142; x_wconf 90' lang='lat' dir='ltr'><strong>est</strong></span> 
     </span>
    </p>
   </div>
   <div class='ocr_carea' id='block_1_22' title="bbox 491 2170 2079 2243">
    <p class='ocr_par' dir='ltr' id='par_1_22' title="bbox 491 2170 2079 2243">
     <span class='ocr_line' id='line_1_22' title="bbox 491 2170 2079 2243; baseline 0.004 -18"><span class='ocrx_word' id='word_1_156' title='bbox 491 2171 547 2226; x_wconf 90' lang='lat' dir='ltr'><strong>in</strong></span> <span class='ocrx_word' id='word_1_157' title='bbox 579 2184 642 2224; x_wconf 85' lang='lat' dir='ltr'><strong>ec</strong></span> <span class='ocrx_word' id='word_1_158' title='bbox 672 2171 905 2225; x_wconf 81' lang='lat' dir='ltr'><strong>sanitas.</strong></span> <span class='ocrx_word' id='word_1_159' title='bbox 960 2170 1191 2234; x_wconf 80' lang='lat' dir='ltr'><strong>Vulnus,</strong></span> <span class='ocrx_word' id='word_1_160' title='bbox 1243 2170 1406 2236; x_wconf 84' lang='lat' dir='ltr'><strong>livor,</strong></span> <span class='ocrx_word' id='word_1_161' title='bbox 1458 2173 1614 2243; x_wconf 80' lang='lat' dir='ltr'><strong>plaga</strong></span> <span class='ocrx_word' id='word_1_162' title='bbox 1672 2186 1909 2231; x_wconf 89' lang='lat' dir='ltr'><strong>tumens.</strong></span> <span class='ocrx_word' id='word_1_163' title='bbox 1965 2177 2079 2231; x_wconf 75' lang='lat' dir='ltr'><strong>Non</strong></span> 
     </span>
    </p>
   </div>
   <div class='ocr_carea' id='block_1_23' title="bbox 491 2262 2080 2340">
    <p class='ocr_par' dir='ltr' id='par_1_23' title="bbox 491 2262 2080 2340">
     <span class='ocr_line' id='line_1_23' title="bbox 491 2262 2080 2340; baseline 0.006 -24"><span class='ocrx_word' id='word_1_164' title='bbox 491 2262 617 2317; x_wconf 88' lang='lat' dir='ltr'><strong>licet</strong></span> <span class='ocrx_word' id='word_1_165' title='bbox 642 2262 910 2330; x_wconf 83' lang='lat' dir='ltr'><strong>malagma</strong></span> <span class='ocrx_word' id='word_1_166' title='bbox 939 2263 1233 2340; x_wconf 71' lang='lat' dir='ltr'><strong>imponere</strong></span> <span class='ocrx_word' id='word_1_167' title='bbox 1254 2302 1270 2329; x_wconf 92' lang='lat'><strong>,</strong></span> <span class='ocrx_word' id='word_1_168' title='bbox 1305 2279 1478 2334; x_wconf 90' lang='lat' dir='ltr'><strong>neque</strong></span> <span class='ocrx_word' id='word_1_169' title='bbox 1503 2267 1707 2332; x_wconf 87' lang='lat' dir='ltr'><strong>oleum,</strong></span> <span class='ocrx_word' id='word_1_170' title='bbox 1741 2284 1916 2337; x_wconf 91' lang='lat' dir='ltr'><strong>neque</strong></span> <span class='ocrx_word' id='word_1_171' title='bbox 1947 2270 2080 2340; x_wconf 84' lang='lat' dir='ltr'><strong>liga-</strong></span> 
     </span>
    </p>
   </div>
   <div class='ocr_carea' id='block_1_24' title="bbox 490 2339 2083 2421">
    <p class='ocr_par' dir='ltr' id='par_1_24' title="bbox 490 2339 2083 2421">
     <span class='ocr_line' id='line_1_24' title="bbox 490 2339 2083 2421; baseline 0.006 -15"><span class='ocrx_word' id='word_1_172' title='bbox 490 2365 690 2407; x_wconf 84' lang='lat' dir='ltr'><strong>menta.</strong></span> <span class='ocrx_word' id='word_1_173' title='bbox 719 2373 743 2401; x_wconf 72' lang='grc' dir='ltr'><strong>ι</strong></span> <span class='ocrx_word' id='word_1_174' title='bbox 784 2355 886 2418; x_wconf 80' lang='lat' dir='ltr'><strong>Qui</strong></span> <span class='ocrx_word' id='word_1_175' title='bbox 923 2339 1038 2406; x_wconf 72' lang='lat' dir='ltr'><strong>fieri</strong></span> <span class='ocrx_word' id='word_1_176' title='bbox 1077 2361 1306 2421; x_wconf 85' lang='lat' dir='ltr'><strong>poterat,</strong></span> <span class='ocrx_word' id='word_1_177' title='bbox 1342 2364 1400 2408; x_wconf 91' lang='lat' dir='ltr'><strong>ut</strong></span> <span class='ocrx_word' id='word_1_178' title='bbox 1430 2355 1576 2411; x_wconf 88' lang='lat' dir='ltr'><strong>aliud</strong></span> <span class='ocrx_word' id='word_1_179' title='bbox 1611 2359 1678 2411; x_wconf 90' lang='lat' dir='ltr'><strong>ad</strong></span> <span class='ocrx_word' id='word_1_180' title='bbox 1711 2339 2003 2415; x_wconf 85' lang='lat' dir='ltr'><strong>sanitatem</strong></span> <span class='ocrx_word' id='word_1_181' title='bbox 2026 2371 2083 2416; x_wconf 93' lang='lat' dir='ltr'><strong>et</strong></span> 
     </span>
    </p>
   </div>
   <div class='ocr_carea' id='block_1_25' title="bbox 493 2444 2079 2522">
    <p class='ocr_par' dir='ltr' id='par_1_25' title="bbox 493 2444 2079 2522">
     <span class='ocr_line' id='line_1_25' title="bbox 493 2444 2079 2522; baseline 0.007 -26"><span class='ocrx_word' id='word_1_182' title='bbox 493 2445 723 2499; x_wconf 82' lang='lat' dir='ltr'><strong>salutem</strong></span> <span class='ocrx_word' id='word_1_183' title='bbox 766 2444 1165 2499; x_wconf 90' lang='lat' dir='ltr'><strong>restituendam</strong></span> <span class='ocrx_word' id='word_1_184' title='bbox 1196 2445 1551 2514; x_wconf 89' lang='lat' dir='ltr'><strong>pharmacum</strong></span> <span class='ocrx_word' id='word_1_185' title='bbox 1588 2451 1932 2519; x_wconf 90' lang='lat' dir='ltr'><strong>reperirent,</strong></span> <span class='ocrx_word' id='word_1_186' title='bbox 1985 2454 2079 2522; x_wconf 91' lang='lat' dir='ltr'><strong>qui</strong></span> 
     </span>
    </p>
   </div>
   <div class='ocr_carea' id='block_1_26' title="bbox 493 2529 2081 2604">
    <p class='ocr_par' dir='ltr' id='par_1_26' title="bbox 493 2529 2081 2604">
     <span class='ocr_line' id='line_1_26' title="bbox 493 2529 2081 2604; baseline 0.007 -16"><span class='ocrx_word' id='word_1_187' title='bbox 493 2534 782 2588; x_wconf 87' lang='lat' dir='ltr'><strong>Dominum</strong></span> <span class='ocrx_word' id='word_1_188' title='bbox 845 2529 1182 2604; x_wconf 83' lang='lat' dir='ltr'><strong>abnegarant</strong></span> <span class='ocrx_word' id='word_1_189' title='bbox 1223 2551 1236 2586; x_wconf 92' lang='lat'><strong>:</strong></span> <span class='ocrx_word' id='word_1_190' title='bbox 1282 2551 1442 2604; x_wconf 88' lang='lat' dir='ltr'><strong>quem</strong></span> <span class='ocrx_word' id='word_1_191' title='bbox 1502 2553 1608 2594; x_wconf 90' lang='lat' dir='ltr'><strong>non</strong></span> <span class='ocrx_word' id='word_1_192' title='bbox 1659 2553 1930 2596; x_wconf 85' lang='lat' dir='ltr'><strong>noverunt</strong></span> <span class='ocrx_word' id='word_1_193' title='bbox 1980 2560 2081 2599; x_wconf 91' lang='lat' dir='ltr'><strong>nec</strong></span> 
     </span>
    </p>
   </div>
   <div class='ocr_carea' id='block_1_27' title="bbox 494 2627 2079 2700">
    <p class='ocr_par' dir='ltr' id='par_1_27' title="bbox 494 2627 2079 2700">
     <span class='ocr_line' id='line_1_27' title="bbox 494 2627 2079 2700; baseline 0.006 -22"><span class='ocrx_word' id='word_1_194' title='bbox 494 2627 882 2680; x_wconf 73' lang='lat' dir='ltr'><strong>intellexerunt</strong></span> <span class='ocrx_word' id='word_1_195' title='bbox 929 2627 1219 2680; x_wconf 81' lang='lat' dir='ltr'><strong>advenisse</strong></span> <span class='ocrx_word' id='word_1_196' title='bbox 1262 2627 1366 2681; x_wconf 88' lang='lat' dir='ltr'><strong>sibi</strong></span> <span class='ocrx_word' id='word_1_197' title='bbox 1424 2629 1731 2684; x_wconf 89' lang='lat' dir='ltr'><strong>animarum</strong></span> <span class='ocrx_word' id='word_1_198' title='bbox 1784 2635 2079 2700; x_wconf 91' lang='lat' dir='ltr'><strong>medicum,</strong></span> 
     </span>
    </p>
   </div>
   <div class='ocr_carea' id='block_1_28' title="bbox 492 2719 2080 2787">
    <p class='ocr_par' dir='ltr' id='par_1_28' title="bbox 492 2719 2080 2787">
     <span class='ocr_line' id='line_1_28' title="bbox 492 2719 2080 2787; baseline 0.008 -17"><span class='ocrx_word' id='word_1_199' title='bbox 492 2720 583 2787; x_wconf 89' lang='lat' dir='ltr'><strong>qui</strong></span> <span class='ocrx_word' id='word_1_200' title='bbox 619 2719 769 2775; x_wconf 86' lang='lat' dir='ltr'><strong>solus</strong></span> <span class='ocrx_word' id='word_1_201' title='bbox 820 2734 1039 2773; x_wconf 87' lang='lat' dir='ltr'><strong>onmem</strong></span> <span class='ocrx_word' id='word_1_202' title='bbox 1089 2723 1339 2776; x_wconf 90' lang='lat' dir='ltr'><strong>morbum</strong></span> <span class='ocrx_word' id='word_1_203' title='bbox 1384 2729 1440 2776; x_wconf 89' lang='lat' dir='ltr'><strong>et</strong></span> <span class='ocrx_word' id='word_1_204' title='bbox 1503 2737 1722 2779; x_wconf 87' lang='lat' dir='ltr'><strong>omnem</strong></span> <span class='ocrx_word' id='word_1_205' title='bbox 1773 2726 2080 2782; x_wconf 87' lang='lat' dir='ltr'><strong>animarum</strong></span> 
     </span>
    </p>
   </div>
   <div class='ocr_carea' id='block_1_29' title="bbox 493 2807 1371 2879">
    <p class='ocr_par' dir='ltr' id='par_1_29' title="bbox 493 2807 1371 2879">
     <span class='ocr_line' id='line_1_29' title="bbox 493 2807 1371 2879; baseline 0.001 -17"><span class='ocrx_word' id='word_1_206' title='bbox 493 2807 868 2862; x_wconf 82' lang='lat' dir='ltr'><strong>infirmitatem</strong></span> <span class='ocrx_word' id='word_1_207' title='bbox 898 2824 1094 2862; x_wconf 90' lang='lat' dir='ltr'><strong>curare</strong></span> <span class='ocrx_word' id='word_1_208' title='bbox 1124 2811 1371 2879; x_wconf 84' lang='lat' dir='ltr'><strong>poterat?</strong></span> 
     </span>
    </p>
   </div>
   <div class='ocr_carea' id='block_1_30' title="bbox 567 2895 2080 2968">
    <p class='ocr_par' dir='ltr' id='par_1_30' title="bbox 567 2895 2080 2968">
     <span class='ocr_line' id='line_1_30' title="bbox 567 2895 2080 2968; baseline 0.005 -18"><span class='ocrx_word' id='word_1_209' title='bbox 567 2895 736 2950; x_wconf 69' lang='lat' dir='ltr'><strong>Vens.</strong></span> <span class='ocrx_word' id='word_1_210' title='bbox 775 2896 827 2958; x_wconf 88' lang='lat'><strong>7,</strong></span> <span class='ocrx_word' id='word_1_211' title='bbox 877 2896 928 2950; x_wconf 91' lang='lat'><strong>8.</strong></span> <span class='ocrx_word' id='word_1_212' title='bbox 994 2914 1012 2947; x_wconf 82' lang='grc' dir='ltr'><strong>ι</strong></span> <span class='ocrx_word' id='word_1_213' title='bbox 1052 2897 1220 2952; x_wconf 84' lang='lat' dir='ltr'><strong>Terra</strong></span> <span class='ocrx_word' id='word_1_214' title='bbox 1281 2907 1458 2954; x_wconf 86' lang='lat' dir='ltr'><strong>vestra</strong></span> <span class='ocrx_word' id='word_1_215' title='bbox 1523 2901 1774 2968; x_wconf 78' lang='lat' dir='ltr'><strong>deserta,</strong></span> <span class='ocrx_word' id='word_1_216' title='bbox 1825 2903 2080 2962; x_wconf 87' lang='lat' dir='ltr'><strong>civitates</strong></span> 
     </span>
    </p>
   </div>
   <div class='ocr_carea' id='block_1_31' title="bbox 492 2988 2077 3059">
    <p class='ocr_par' dir='ltr' id='par_1_31' title="bbox 492 2988 2077 3059">
     <span class='ocr_line' id='line_1_31' title="bbox 492 2988 2077 3059; baseline 0.009 -23"><span class='ocrx_word' id='word_1_217' title='bbox 492 2995 691 3041; x_wconf 78' lang='lat' dir='ltr'><strong>vestrae</strong></span> <span class='ocrx_word' id='word_1_218' title='bbox 737 3002 1013 3042; x_wconf 72' lang='lat' dir='ltr'><strong>succensa:</strong></span> <span class='ocrx_word' id='word_1_219' title='bbox 1055 2988 1167 3058; x_wconf 90' lang='lat' dir='ltr'><strong>igni</strong></span> <span class='ocrx_word' id='word_1_220' title='bbox 1205 3008 1215 3042; x_wconf 92' lang='lat'><strong>:</strong></span> <span class='ocrx_word' id='word_1_221' title='bbox 1257 2990 1539 3059; x_wconf 82' lang='lat' dir='ltr'><strong>regionem</strong></span> <span class='ocrx_word' id='word_1_222' title='bbox 1599 3002 1838 3048; x_wconf 78' lang='lat' dir='ltr'><strong>vestram</strong></span> <span class='ocrx_word' id='word_1_223' title='bbox 1890 3010 2077 3050; x_wconf 87' lang='lat' dir='ltr'><strong>coram</strong></span> 
     </span>
    </p>
   </div>
   <div class='ocr_carea' id='block_1_32' title="bbox 497 3076 2076 3149">
    <p class='ocr_par' dir='ltr' id='par_1_32' title="bbox 497 3076 2076 3149">
     <span class='ocr_line' id='line_1_32' title="bbox 497 3076 2076 3149; baseline 0.009 -21"><span class='ocrx_word' id='word_1_224' title='bbox 497 3076 658 3130; x_wconf 84' lang='lat' dir='ltr'><strong>vobis</strong></span> <span class='ocrx_word' id='word_1_225' title='bbox 688 3077 850 3131; x_wconf 87' lang='lat' dir='ltr'><strong>alieni</strong></span> <span class='ocrx_word' id='word_1_226' title='bbox 900 3077 1210 3135; x_wconf 89' lang='lat' dir='ltr'><strong>devorant:</strong></span> <span class='ocrx_word' id='word_1_227' title='bbox 1252 3089 1308 3134; x_wconf 90' lang='lat' dir='ltr'><strong>et</strong></span> <span class='ocrx_word' id='word_1_228' title='bbox 1350 3081 1595 3137; x_wconf 85' lang='lat' dir='ltr'><strong>desolata</strong></span> <span class='ocrx_word' id='word_1_229' title='bbox 1647 3093 1751 3149; x_wconf 83' lang='lat' dir='ltr'><strong>est,</strong></span> <span class='ocrx_word' id='word_1_230' title='bbox 1804 3099 1998 3142; x_wconf 84' lang='lat' dir='ltr'><strong>eversa</strong></span> <span class='ocrx_word' id='word_1_231' title='bbox 2048 3103 2076 3142; x_wconf 88' lang='lat' dir='ltr'><strong>a</strong></span> 
     </span>
    </p>
   </div>
   <div class='ocr_carea' id='block_1_33' title="bbox 495 3168 2083 3242">
    <p class='ocr_par' dir='ltr' id='par_1_33' title="bbox 495 3168 2083 3242">
     <span class='ocr_line' id='line_1_33' title="bbox 495 3168 2083 3242; baseline 0.009 -23"><span class='ocrx_word' id='word_1_232' title='bbox 495 3168 708 3238; x_wconf 88' lang='lat' dir='ltr'><strong>populis</strong></span> <span class='ocrx_word' id='word_1_233' title='bbox 740 3169 954 3234; x_wconf 89' lang='lat' dir='ltr'><strong>alienis,</strong></span> <span class='ocrx_word' id='word_1_234' title='bbox 980 3173 1123 3226; x_wconf 82' lang='lat' dir='ltr'><strong>sicut</strong></span> <span class='ocrx_word' id='word_1_235' title='bbox 1147 3171 1558 3228; x_wconf 87' lang='lat' dir='ltr'><strong>tabernaculum</strong></span> <span class='ocrx_word' id='word_1_236' title='bbox 1578 3173 1631 3228; x_wconf 92' lang='lat' dir='ltr'><strong>in</strong></span> <span class='ocrx_word' id='word_1_237' title='bbox 1653 3176 1837 3242; x_wconf 85' lang='lat' dir='ltr'><strong>vinea,</strong></span> <span class='ocrx_word' id='word_1_238' title='bbox 1865 3186 1917 3234; x_wconf 89' lang='lat' dir='ltr'><strong>et</strong></span> <span class='ocrx_word' id='word_1_239' title='bbox 1941 3179 2083 3234; x_wconf 90' lang='lat' dir='ltr'><strong>sicut</strong></span> 
     </span>
    </p>
   </div>
   <div class='ocr_carea' id='block_1_34' title="bbox 497 3260 2077 3330">
    <p class='ocr_par' dir='ltr' id='par_1_34' title="bbox 497 3260 2077 3330">
     <span class='ocr_line' id='line_1_34' title="bbox 497 3260 2077 3330; baseline 0.007 -17"><span class='ocrx_word' id='word_1_240' title='bbox 497 3260 771 3330; x_wconf 87' lang='lat' dir='ltr'><strong>tugurium</strong></span> <span class='ocrx_word' id='word_1_241' title='bbox 801 3263 855 3316; x_wconf 92' lang='lat' dir='ltr'><strong>in</strong></span> <span class='ocrx_word' id='word_1_242' title='bbox 902 3266 1304 3330; x_wconf 87' lang='lat' dir='ltr'><strong>cucumerario,</strong></span> <span class='ocrx_word' id='word_1_243' title='bbox 1359 3267 1504 3321; x_wconf 88' lang='lat' dir='ltr'><strong>sicut</strong></span> <span class='ocrx_word' id='word_1_244' title='bbox 1553 3266 1749 3323; x_wconf 89' lang='lat' dir='ltr'><strong>civitas</strong></span> <span class='ocrx_word' id='word_1_245' title='bbox 1783 3269 2031 3326; x_wconf 89' lang='lat' dir='ltr'><strong>obsessa.</strong></span> <span class='ocrx_word' id='word_1_246' title='bbox 2059 3291 2077 3324; x_wconf 72' lang='grc' dir='ltr'><strong>ι</strong></span> 
     </span>
    </p>
   </div>
   <div class='ocr_carea' id='block_1_35' title="bbox 493 3349 2087 3432">
    <p class='ocr_par' dir='ltr' id='par_1_35' title="bbox 493 3349 2087 3432">
     <span class='ocr_line' id='line_1_35' title="bbox 493 3349 2087 3432; baseline 0.008 -28"><span class='ocrx_word' id='word_1_247' title='bbox 493 3349 576 3405; x_wconf 81' lang='lat' dir='ltr'><strong>Ad</strong></span> <span class='ocrx_word' id='word_1_248' title='bbox 600 3353 900 3408; x_wconf 89' lang='lat' dir='ltr'><strong>custodiam</strong></span> <span class='ocrx_word' id='word_1_249' title='bbox 933 3354 1202 3410; x_wconf 89' lang='lat' dir='ltr'><strong>fructuum</strong></span> <span class='ocrx_word' id='word_1_250' title='bbox 1242 3357 1295 3410; x_wconf 92' lang='lat' dir='ltr'><strong>in</strong></span> <span class='ocrx_word' id='word_1_251' title='bbox 1327 3356 1502 3413; x_wconf 87' lang='lat' dir='ltr'><strong>vineis</strong></span> <span class='ocrx_word' id='word_1_252' title='bbox 1534 3361 1875 3415; x_wconf 87' lang='lat' dir='ltr'><strong>nascentium</strong></span> <span class='ocrx_word' id='word_1_253' title='bbox 1911 3361 2087 3432; x_wconf 84' lang='lat' dir='ltr'><strong>figun-</strong></span> 
     </span>
    </p>
   </div>
   <div class='ocr_carea' id='block_1_36' title="bbox 499 3445 2085 3521">
    <p class='ocr_par' dir='ltr' id='par_1_36' title="bbox 499 3445 2085 3521">
     <span class='ocr_line' id='line_1_36' title="bbox 499 3445 2085 3521; baseline 0.009 -27"><span class='ocrx_word' id='word_1_254' title='bbox 499 3451 588 3496; x_wconf 88' lang='lat' dir='ltr'><strong>tur</strong></span> <span class='ocrx_word' id='word_1_255' title='bbox 627 3445 883 3500; x_wconf 89' lang='lat' dir='ltr'><strong>teutoria.</strong></span> <span class='ocrx_word' id='word_1_256' title='bbox 942 3446 1077 3500; x_wconf 88' lang='lat' dir='ltr'><strong>Cum</strong></span> <span class='ocrx_word' id='word_1_257' title='bbox 1131 3463 1261 3518; x_wconf 85' lang='lat' dir='ltr'><strong>ergo</strong></span> <span class='ocrx_word' id='word_1_258' title='bbox 1316 3450 1477 3506; x_wconf 87' lang='lat' dir='ltr'><strong>vinea</strong></span> <span class='ocrx_word' id='word_1_259' title='bbox 1528 3452 1764 3521; x_wconf 82' lang='lat' dir='ltr'><strong>prepriis</strong></span> <span class='ocrx_word' id='word_1_260' title='bbox 1813 3451 2085 3514; x_wconf 70' lang='lat' dir='ltr'><strong>fructibus</strong></span> 
     </span>
    </p>
   </div>
   <div class='ocr_carea' id='block_1_37' title="bbox 496 3535 2087 3609">
    <p class='ocr_par' dir='ltr' id='par_1_37' title="bbox 496 3535 2087 3609">
     <span class='ocr_line' id='line_1_37' title="bbox 496 3535 2087 3609; baseline 0.01 -24"><span class='ocrx_word' id='word_1_261' title='bbox 496 3535 667 3609; x_wconf 76' lang='lat' dir='ltr'><strong>probe</strong></span> <span class='ocrx_word' id='word_1_262' title='bbox 723 3535 987 3591; x_wconf 87' lang='lat' dir='ltr'><strong>instructa</strong></span> <span class='ocrx_word' id='word_1_263' title='bbox 1048 3546 1168 3605; x_wconf 84' lang='lat' dir='ltr'><strong>est,</strong></span> <span class='ocrx_word' id='word_1_264' title='bbox 1217 3541 1365 3594; x_wconf 91' lang='lat' dir='ltr'><strong>omni</strong></span> <span class='ocrx_word' id='word_1_265' title='bbox 1413 3556 1544 3597; x_wconf 86' lang='lat' dir='ltr'><strong>cura</strong></span> <span class='ocrx_word' id='word_1_266' title='bbox 1614 3553 1668 3598; x_wconf 92' lang='lat' dir='ltr'><strong>et</strong></span> <span class='ocrx_word' id='word_1_267' title='bbox 1715 3543 2087 3603; x_wconf 86' lang='lat' dir='ltr'><strong>sollicitudine</strong></span> 
     </span>
    </p>
   </div>
   <div class='ocr_carea' id='block_1_38' title="bbox 504 3624 2090 3704">
    <p class='ocr_par' dir='ltr' id='par_1_38' title="bbox 504 3624 2090 3704">
     <span class='ocr_line' id='line_1_38' title="bbox 504 3624 2090 3704; baseline 0.008 -30"><span class='ocrx_word' id='word_1_268' title='bbox 504 3624 801 3677; x_wconf 85' lang='lat' dir='ltr'><strong>tentorium</strong></span> <span class='ocrx_word' id='word_1_269' title='bbox 835 3636 1117 3691; x_wconf 86' lang='lat' dir='ltr'><strong>servatur,</strong></span> <span class='ocrx_word' id='word_1_270' title='bbox 1155 3628 1312 3683; x_wconf 89' lang='lat' dir='ltr'><strong>itaut</strong></span> <span class='ocrx_word' id='word_1_271' title='bbox 1339 3640 1525 3686; x_wconf 89' lang='lat' dir='ltr'><strong>custos</strong></span> <span class='ocrx_word' id='word_1_272' title='bbox 1553 3633 1845 3704; x_wconf 90' lang='lat' dir='ltr'><strong>diligenter</strong></span> <span class='ocrx_word' id='word_1_273' title='bbox 1878 3633 2090 3703; x_wconf 72' lang='lat' dir='ltr'><strong>prospi-</strong></span> 
     </span>
    </p>
   </div>
   <div class='ocr_carea' id='block_1_39' title="bbox 496 3707 2087 3791">
    <p class='ocr_par' dir='ltr' id='par_1_39' title="bbox 496 3707 2087 3791">
     <span class='ocr_line' id='line_1_39' title="bbox 496 3707 2087 3791; baseline 0.011 -32"><span class='ocrx_word' id='word_1_274' title='bbox 496 3707 623 3775; x_wconf 89' lang='lat' dir='ltr'><strong>ciat,</strong></span> <span class='ocrx_word' id='word_1_275' title='bbox 657 3723 744 3772; x_wconf 85' lang='lat' dir='ltr'><strong>ne,</strong></span> <span class='ocrx_word' id='word_1_276' title='bbox 774 3711 865 3779; x_wconf 90' lang='lat' dir='ltr'><strong>qui</strong></span> <span class='ocrx_word' id='word_1_277' title='bbox 894 3712 947 3765; x_wconf 93' lang='lat' dir='ltr'><strong>in</strong></span> <span class='ocrx_word' id='word_1_278' title='bbox 984 3713 1067 3767; x_wconf 89' lang='lat' dir='ltr'><strong>via</strong></span> <span class='ocrx_word' id='word_1_279' title='bbox 1096 3725 1449 3782; x_wconf 55' lang='lat' dir='ltr'><strong>praetereunt,</strong></span> <span class='ocrx_word' id='word_1_280' title='bbox 1488 3719 1699 3775; x_wconf 86' lang='lat' dir='ltr'><strong>fructus</strong></span> <span class='ocrx_word' id='word_1_281' title='bbox 1745 3721 1866 3791; x_wconf 86' lang='lat' dir='ltr'><strong>ejus</strong></span> <span class='ocrx_word' id='word_1_282' title='bbox 1897 3723 2087 3778; x_wconf 85' lang='lat' dir='ltr'><strong>decer-</strong></span> 
     </span>
    </p>
   </div>
   <div class='ocr_carea' id='block_1_40' title="bbox 495 3799 2084 3878">
    <p class='ocr_par' dir='ltr' id='par_1_40' title="bbox 495 3799 2084 3878">
     <span class='ocr_line' id='line_1_40' title="bbox 495 3799 2084 3878; baseline 0.011 -29"><span class='ocrx_word' id='word_1_283' title='bbox 495 3808 644 3863; x_wconf 86' lang='lat' dir='ltr'><strong>pant.</strong></span> <span class='ocrx_word' id='word_1_284' title='bbox 687 3799 822 3854; x_wconf 89' lang='lat' dir='ltr'><strong>Cum</strong></span> <span class='ocrx_word' id='word_1_285' title='bbox 874 3813 1054 3859; x_wconf 90' lang='lat' dir='ltr'><strong>autem</strong></span> <span class='ocrx_word' id='word_1_286' title='bbox 1100 3806 1259 3861; x_wconf 83' lang='lat' dir='ltr'><strong>vinea</strong></span> <span class='ocrx_word' id='word_1_287' title='bbox 1318 3807 1658 3865; x_wconf 82' lang='lat' dir='ltr'><strong>infructuosa</strong></span> <span class='ocrx_word' id='word_1_288' title='bbox 1714 3823 1820 3878; x_wconf 90' lang='lat' dir='ltr'><strong>est,</strong></span> <span class='ocrx_word' id='word_1_289' title='bbox 1875 3813 2008 3868; x_wconf 81' lang='lat' dir='ltr'><strong>illud</strong></span> <span class='ocrx_word' id='word_1_290' title='bbox 2053 3828 2084 3866; x_wconf 89' lang='lat' dir='ltr'><strong>a</strong></span> 
     </span>
    </p>
   </div>
   <div class='ocr_carea' id='block_1_41' title="bbox 491 3891 2080 3974">
    <p class='ocr_par' dir='ltr' id='par_1_41' title="bbox 491 3891 2080 3974">
     <span class='ocr_line' id='line_1_41' title="bbox 491 3891 2080 3974; baseline 0.009 -30"><span class='ocrx_word' id='word_1_291' title='bbox 491 3891 742 3956; x_wconf 87' lang='lat' dir='ltr'><strong>custode,</strong></span> <span class='ocrx_word' id='word_1_292' title='bbox 768 3900 825 3945; x_wconf 91' lang='lat' dir='ltr'><strong>ut</strong></span> <span class='ocrx_word' id='word_1_293' title='bbox 853 3903 1282 3952; x_wconf 87' lang='lat' dir='ltr'><strong>consentaneum</strong></span> <span class='ocrx_word' id='word_1_294' title='bbox 1314 3909 1418 3966; x_wconf 84' lang='lat' dir='ltr'><strong>est,</strong></span> <span class='ocrx_word' id='word_1_295' title='bbox 1459 3903 1769 3974; x_wconf 85' lang='lat' dir='ltr'><strong>negligitur.</strong></span> <span class='ocrx_word' id='word_1_296' title='bbox 1795 3905 2080 3970; x_wconf 86' lang='lat' dir='ltr'><strong>Quamob-</strong></span> 
     </span>
    </p>
   </div>
   <div class='ocr_carea' id='block_1_42' title="bbox 495 3977 2088 4054">
    <p class='ocr_par' dir='ltr' id='par_1_42' title="bbox 495 3977 2088 4054">
     <span class='ocr_line' id='line_1_42' title="bbox 495 3977 2088 4054; baseline 0.013 -23"><span class='ocrx_word' id='word_1_297' title='bbox 495 3992 608 4031; x_wconf 88' lang='lat' dir='ltr'><strong>rem</strong></span> <span class='ocrx_word' id='word_1_298' title='bbox 645 3977 1004 4037; x_wconf 85' lang='lat' dir='ltr'><strong>lsraeliticum</strong></span> <span class='ocrx_word' id='word_1_299' title='bbox 1039 3987 1294 4054; x_wconf 88' lang='lat' dir='ltr'><strong>populum</strong></span> <span class='ocrx_word' id='word_1_300' title='bbox 1327 3989 1647 4046; x_wconf 86' lang='lat' dir='ltr'><strong>derelictum</strong></span> <span class='ocrx_word' id='word_1_301' title='bbox 1718 3993 1784 4047; x_wconf 89' lang='lat' dir='ltr'><strong>iri</strong></span> <span class='ocrx_word' id='word_1_302' title='bbox 1839 3995 2088 4050; x_wconf 75' lang='lat' dir='ltr'><strong>intermi-</strong></span> 
     </span>
    </p>
   </div>
   <div class='ocr_carea' id='block_1_43' title="bbox 498 4076 2084 4144">
    <p class='ocr_par' dir='ltr' id='par_1_43' title="bbox 498 4076 2084 4144">
     <span class='ocr_line' id='line_1_43' title="bbox 498 4076 2084 4144; baseline 0.013 -23"><span class='ocrx_word' id='word_1_303' title='bbox 498 4079 683 4134; x_wconf 89' lang='lat' dir='ltr'><strong>natur,</strong></span> <span class='ocrx_word' id='word_1_304' title='bbox 763 4082 955 4141; x_wconf 87' lang='lat' dir='ltr'><strong>utpote</strong></span> <span class='ocrx_word' id='word_1_305' title='bbox 1015 4076 1109 4144; x_wconf 90' lang='lat' dir='ltr'><strong>qui</strong></span> <span class='ocrx_word' id='word_1_306' title='bbox 1168 4088 1598 4136; x_wconf 78' lang='lat' dir='ltr'><strong>consentaneum</strong></span> <span class='ocrx_word' id='word_1_307' title='bbox 1667 4083 1906 4139; x_wconf 91' lang='lat' dir='ltr'><strong>fructum</strong></span> <span class='ocrx_word' id='word_1_308' title='bbox 1976 4101 2084 4141; x_wconf 92' lang='lat' dir='ltr'><strong>non</strong></span> 
     </span>
    </p>
   </div>
   <div class='ocr_carea' id='block_1_44' title="bbox 495 4161 2085 4238">
    <p class='ocr_par' dir='ltr' id='par_1_44' title="bbox 495 4161 2085 4238">
     <span class='ocr_line' id='line_1_44' title="bbox 495 4161 2085 4238; baseline 0.013 -25"><span class='ocrx_word' id='word_1_309' title='bbox 495 4161 732 4216; x_wconf 86' lang='lat' dir='ltr'><strong>emittat.</strong></span> <span class='ocrx_word' id='word_1_310' title='bbox 764 4162 1089 4220; x_wconf 85' lang='lat' dir='ltr'><strong>&#39;l‘imendum</strong></span> <span class='ocrx_word' id='word_1_311' title='bbox 1126 4169 1310 4238; x_wconf 87' lang='lat' dir='ltr'><strong>itaque</strong></span> <span class='ocrx_word' id='word_1_312' title='bbox 1345 4172 1502 4232; x_wconf 87' lang='lat' dir='ltr'><strong>nobis</strong></span> <span class='ocrx_word' id='word_1_313' title='bbox 1533 4184 1640 4238; x_wconf 89' lang='lat' dir='ltr'><strong>est,</strong></span> <span class='ocrx_word' id='word_1_314' title='bbox 1665 4189 1734 4229; x_wconf 85' lang='lat' dir='ltr'><strong>ne</strong></span> <span class='ocrx_word' id='word_1_315' title='bbox 1765 4176 2085 4234; x_wconf 78' lang='lat' dir='ltr'><strong>infructuosi</strong></span> 
     </span>
    </p>
   </div>
   <div class='ocr_carea' id='block_1_45' title="bbox 495 4251 2085 4335">
    <p class='ocr_par' dir='ltr' id='par_1_45' title="bbox 495 4251 2085 4335">
     <span class='ocr_line' id='line_1_45' title="bbox 495 4251 2085 4335; baseline 0.013 -32"><span class='ocrx_word' id='word_1_316' title='bbox 495 4251 686 4318; x_wconf 84' lang='lat' dir='ltr'><strong>simus,</strong></span> <span class='ocrx_word' id='word_1_317' title='bbox 724 4264 780 4309; x_wconf 91' lang='lat' dir='ltr'><strong>ut</strong></span> <span class='ocrx_word' id='word_1_318' title='bbox 806 4271 873 4310; x_wconf 92' lang='lat' dir='ltr'><strong>ne</strong></span> <span class='ocrx_word' id='word_1_319' title='bbox 893 4272 957 4311; x_wconf 83' lang='lat' dir='ltr'><strong>ex</strong></span> <span class='ocrx_word' id='word_1_320' title='bbox 985 4258 1065 4312; x_wconf 90' lang='lat' dir='ltr'><strong>ira</strong></span> <span class='ocrx_word' id='word_1_321' title='bbox 1097 4259 1192 4314; x_wconf 85' lang='lat' dir='ltr'><strong>Dei</strong></span> <span class='ocrx_word' id='word_1_322' title='bbox 1222 4262 1563 4319; x_wconf 86' lang='lat' dir='ltr'><strong>deseramur.</strong></span> <span class='ocrx_word' id='word_1_323' title='bbox 1601 4265 1841 4335; x_wconf 87' lang='lat' dir='ltr'><strong>Spiritus</strong></span> <span class='ocrx_word' id='word_1_324' title='bbox 1862 4278 2085 4324; x_wconf 89' lang='lat' dir='ltr'><strong>sanctus</strong></span> 
     </span>
    </p>
   </div>
   <div class='ocr_carea' id='block_1_46' title="bbox 494 4347 2079 4424">
    <p class='ocr_par' dir='ltr' id='par_1_46' title="bbox 494 4347 2079 4424">
     <span class='ocr_line' id='line_1_46' title="bbox 494 4347 2079 4424; baseline 0.013 -30"><span class='ocrx_word' id='word_1_325' title='bbox 494 4347 700 4412; x_wconf 83' lang='lat' dir='ltr'><strong>estqui</strong></span> <span class='ocrx_word' id='word_1_326' title='bbox 751 4363 848 4402; x_wconf 83' lang='lat' dir='ltr'><strong>nos</strong></span> <span class='ocrx_word' id='word_1_327' title='bbox 887 4352 1147 4406; x_wconf 81' lang='lat' dir='ltr'><strong>custodit;</strong></span> <span class='ocrx_word' id='word_1_328' title='bbox 1213 4352 1348 4407; x_wconf 89' lang='lat' dir='ltr'><strong>Cum</strong></span> <span class='ocrx_word' id='word_1_329' title='bbox 1408 4355 1573 4424; x_wconf 89' lang='lat' dir='ltr'><strong>igitur</strong></span> <span class='ocrx_word' id='word_1_330' title='bbox 1632 4358 1814 4412; x_wconf 87' lang='lat' dir='ltr'><strong>anima</strong></span> <span class='ocrx_word' id='word_1_331' title='bbox 1866 4359 2079 4416; x_wconf 90' lang='lat' dir='ltr'><strong>fructus</strong></span> 
     </span>
    </p>
   </div>
   <div class='ocr_carea' id='block_1_47' title="bbox 2189 536 3769 610">
    <p class='ocr_par' dir='ltr' id='par_1_47' title="bbox 2189 536 3769 610">
     <span class='ocr_line' id='line_1_47' title="bbox 2189 536 3769 610; baseline -0.003 -18"><span class='ocrx_word' id='word_1_332' title='bbox 2189 557 2319 608; x_wconf 84' lang='grc' dir='ltr'>ριον,</span> <span class='ocrx_word' id='word_1_333' title='bbox 2345 541 2438 592; x_wconf 79' lang='grc' dir='ltr'>καὶ</span> <span class='ocrx_word' id='word_1_334' title='bbox 2454 540 2843 610; x_wconf 86' lang='grc' dir='ltr'>παρωργίσατε</span> <span class='ocrx_word' id='word_1_335' title='bbox 2869 539 2958 591; x_wconf 82' lang='grc' dir='ltr'><strong>τὸν</strong></span> <span class='ocrx_word' id='word_1_336' title='bbox 2978 539 3128 606; x_wconf 73' lang='grc' dir='ltr'>ἆγιον</span> <span class='ocrx_word' id='word_1_337' title='bbox 3161 537 3255 590; x_wconf 88' lang='grc' dir='ltr'><strong>τοῦ</strong></span> <span class='ocrx_word' id='word_1_338' title='bbox 3281 537 3513 609; x_wconf 64' lang='grc' dir='ltr'>Ἰσραήλν</span> <span class='ocrx_word' id='word_1_339' title='bbox 3533 536 3769 608; x_wconf 80' lang='grc' dir='ltr'>ἀπηλλοο</span> 
     </span>
    </p>
   </div>
   <div class='ocr_carea' id='block_1_48' title="bbox 2184 627 3772 701">
    <p class='ocr_par' dir='ltr' id='par_1_48' title="bbox 2184 627 3772 701">
     <span class='ocr_line' id='line_1_48' title="bbox 2184 627 3772 701; baseline -0.001 -20"><span class='ocrx_word' id='word_1_340' title='bbox 2184 629 2492 701; x_wconf 74' lang='grc' dir='ltr'>τρτώθησαν</span> <span class='ocrx_word' id='word_1_341' title='bbox 2523 633 2602 693; x_wconf 88' lang='grc' dir='ltr'><strong>είς</strong></span> <span class='ocrx_word' id='word_1_342' title='bbox 2623 631 2692 683; x_wconf 86' lang='grc' dir='ltr'><strong>τά</strong></span> <span class='ocrx_word' id='word_1_343' title='bbox 2713 630 2907 684; x_wconf 84' lang='grc' dir='ltr'>ὀπίσω.</span> <span class='ocrx_word' id='word_1_344' title='bbox 2938 649 2956 682; x_wconf 77' lang='grc' dir='ltr'><strong>ι</strong></span> <span class='ocrx_word' id='word_1_345' title='bbox 2989 629 3086 682; x_wconf 84' lang='grc' dir='ltr'>Διά</span> <span class='ocrx_word' id='word_1_346' title='bbox 3109 628 3280 682; x_wconf 89' lang='grc' dir='ltr'>ταῦτα</span> <span class='ocrx_word' id='word_1_347' title='bbox 3316 628 3444 696; x_wconf 87' lang='grc' dir='ltr'>γοῦν</span> <span class='ocrx_word' id='word_1_348' title='bbox 3478 627 3772 697; x_wconf 74' lang='grc' dir='ltr'>ἀπελέγχει</span> 
     </span>
    </p>
   </div>
   <div class='ocr_carea' id='block_1_49' title="bbox 2182 716 3774 788">
    <p class='ocr_par' dir='ltr' id='par_1_49' title="bbox 2182 716 3774 788">
     <span class='ocr_line' id='line_1_49' title="bbox 2182 716 3774 788; baseline -0.001 -16"><span class='ocrx_word' id='word_1_349' title='bbox 2182 721 2243 774; x_wconf 75' lang='grc' dir='ltr'>τὸ</span> <span class='ocrx_word' id='word_1_350' title='bbox 2289 722 2556 774; x_wconf 78' lang='grc' dir='ltr'><strong>Ἰουδαίων</strong></span> <span class='ocrx_word' id='word_1_351' title='bbox 2609 721 2781 784; x_wconf 74' lang='grc' dir='ltr'>ἔθνος,</span> <span class='ocrx_word' id='word_1_352' title='bbox 2821 721 2915 774; x_wconf 78' lang='grc' dir='ltr'><strong>καὶ</strong></span> <span class='ocrx_word' id='word_1_353' title='bbox 2940 720 3213 784; x_wconf 77' lang='grc' dir='ltr'>ταλανίζει</span> <span class='ocrx_word' id='word_1_354' title='bbox 3244 720 3438 782; x_wconf 74' lang='grc' dir='ltr'>αὑτοὺς</span> <span class='ocrx_word' id='word_1_355' title='bbox 3458 719 3518 770; x_wconf 82' lang='grc' dir='ltr'><strong>τὸ</strong></span> <span class='ocrx_word' id='word_1_356' title='bbox 3551 716 3774 788; x_wconf 89' lang='grc' dir='ltr'>Πνεῦμα</span> 
     </span>
    </p>
   </div>
   <div class='ocr_carea' id='block_1_50' title="bbox 2182 809 3774 882">
    <p class='ocr_par' dir='ltr' id='par_1_50' title="bbox 2182 809 3774 882">
     <span class='ocr_line' id='line_1_50' title="bbox 2182 809 3774 882; baseline -0.001 -18"><span class='ocrx_word' id='word_1_357' title='bbox 2182 813 2242 864; x_wconf 81' lang='grc' dir='ltr'>τὸ</span> <span class='ocrx_word' id='word_1_358' title='bbox 2270 813 2425 880; x_wconf 84' lang='grc' dir='ltr'>ἀγιον</span> <span class='ocrx_word' id='word_1_359' title='bbox 2443 854 2455 876; x_wconf 92' lang='grc'><strong>,</strong></span> <span class='ocrx_word' id='word_1_360' title='bbox 2507 813 2584 876; x_wconf 87' lang='grc' dir='ltr'>ὡς</span> <span class='ocrx_word' id='word_1_361' title='bbox 2629 813 2848 865; x_wconf 88' lang='grc' dir='ltr'>πάντων</span> <span class='ocrx_word' id='word_1_362' title='bbox 2880 812 2988 865; x_wconf 87' lang='grc' dir='ltr'><strong>τῶν</strong></span> <span class='ocrx_word' id='word_1_363' title='bbox 3017 811 3186 864; x_wconf 90' lang='grc' dir='ltr'>ἐθνῶν</span> <span class='ocrx_word' id='word_1_364' title='bbox 3212 809 3447 882; x_wconf 85' lang='grc' dir='ltr'>χείρους,</span> <span class='ocrx_word' id='word_1_365' title='bbox 3477 810 3570 862; x_wconf 75' lang='grc' dir='ltr'>καὶ</span> <span class='ocrx_word' id='word_1_366' title='bbox 3598 809 3673 870; x_wconf 83' lang='grc' dir='ltr'>ὡς</span> <span class='ocrx_word' id='word_1_367' title='bbox 3713 810 3774 862; x_wconf 74' lang='grc' dir='ltr'><strong>τὸ</strong></span> 
     </span>
    </p>
   </div>
   <div class='ocr_carea' id='block_1_51' title="bbox 2187 902 3774 976">
    <p class='ocr_par' dir='ltr' id='par_1_51' title="bbox 2187 902 3774 976">
     <span class='ocr_line' id='line_1_51' title="bbox 2187 902 3774 976; baseline -0.004 -17"><span class='ocrx_word' id='word_1_368' title='bbox 2187 906 2352 976; x_wconf 79' lang='grc' dir='ltr'>μηδὲν</span> <span class='ocrx_word' id='word_1_369' title='bbox 2389 905 2792 975; x_wconf 72' lang='grc' dir='ltr'>ὠφεληθέντας,</span> <span class='ocrx_word' id='word_1_370' title='bbox 2832 906 2967 975; x_wconf 76' lang='grc' dir='ltr'>μήτε</span> <span class='ocrx_word' id='word_1_371' title='bbox 2999 907 3061 956; x_wconf 91' lang='grc' dir='ltr'><strong>ἐκ</strong></span> <span class='ocrx_word' id='word_1_372' title='bbox 3090 905 3187 974; x_wconf 77' lang='grc' dir='ltr'><strong>τῆς</strong></span> <span class='ocrx_word' id='word_1_373' title='bbox 3222 902 3511 966; x_wconf 72' lang='grc' dir='ltr'><strong>υἱοθεσίας,</strong></span> <span class='ocrx_word' id='word_1_374' title='bbox 3539 905 3674 974; x_wconf 76' lang='grc' dir='ltr'>μήτε</span> <span class='ocrx_word' id='word_1_375' title='bbox 3715 902 3774 966; x_wconf 79' lang='grc' dir='ltr'>ἐξ</span> 
     </span>
    </p>
   </div>
   <div class='ocr_carea' id='block_1_52' title="bbox 2182 992 3774 1067">
    <p class='ocr_par' dir='ltr' id='par_1_52' title="bbox 2182 992 3774 1067">
     <span class='ocr_line' id='line_1_52' title="bbox 2182 992 3774 1067; baseline -0.003 -19"><span class='ocrx_word' id='word_1_376' title='bbox 2182 994 2250 1067; x_wconf 76' lang='grc' dir='ltr'>ἧς</span> <span class='ocrx_word' id='word_1_377' title='bbox 2282 995 2433 1066; x_wconf 86' lang='grc' dir='ltr'><strong>παρά</strong></span> <span class='ocrx_word' id='word_1_378' title='bbox 2457 994 2594 1047; x_wconf 88' lang='grc' dir='ltr'>Θεοῦ</span> <span class='ocrx_word' id='word_1_379' title='bbox 2619 996 2785 1065; x_wconf 82' lang='grc' dir='ltr'>τιμῆς</span> <span class='ocrx_word' id='word_1_380' title='bbox 2811 994 3118 1064; x_wconf 72' lang='grc' dir='ltr'><strong>ἠξιώθησαν</strong></span> <span class='ocrx_word' id='word_1_381' title='bbox 3138 1011 3150 1023; x_wconf 78' lang='grc'><strong><em>⁸</em></strong></span> <span class='ocrx_word' id='word_1_382' title='bbox 3177 993 3483 1062; x_wconf 61' lang='grc' dir='ltr'>ὑψωθέντες</span> <span class='ocrx_word' id='word_1_383' title='bbox 3503 994 3598 1046; x_wconf 71' lang='grc' dir='ltr'>καὶ</span> <span class='ocrx_word' id='word_1_384' title='bbox 3626 992 3774 1044; x_wconf 83' lang='grc' dir='ltr'>πλεί-</span> 
     </span>
    </p>
   </div>
   <div class='ocr_carea' id='block_1_53' title="bbox 2187 1079 3773 1154">
    <p class='ocr_par' dir='ltr' id='par_1_53' title="bbox 2187 1079 3773 1154">
     <span class='ocr_line' id='line_1_53' title="bbox 2187 1079 3773 1154; baseline -0.004 -16"><span class='ocrx_word' id='word_1_385' title='bbox 2187 1104 2327 1139; x_wconf 79' lang='grc' dir='ltr'>στων</span> <span class='ocrx_word' id='word_1_386' title='bbox 2373 1087 2513 1138; x_wconf 82' lang='grc' dir='ltr'>ὅσων</span> <span class='ocrx_word' id='word_1_387' title='bbox 2548 1085 2840 1154; x_wconf 82' lang='grc' dir='ltr'>ἐξαιρέτων</span> <span class='ocrx_word' id='word_1_388' title='bbox 2871 1083 3019 1153; x_wconf 73' lang='grc' dir='ltr'>παρὰ</span> <span class='ocrx_word' id='word_1_389' title='bbox 3040 1081 3204 1134; x_wconf 84' lang='grc' dir='ltr'>αὑτοῦ</span> <span class='ocrx_word' id='word_1_390' title='bbox 3234 1081 3624 1151; x_wconf 76' lang='grc' dir='ltr'><strong>τετυχηκότες·</strong></span> <span class='ocrx_word' id='word_1_391' title='bbox 3659 1079 3773 1133; x_wconf 81' lang='grc' dir='ltr'>ἀλλ’</span> 
     </span>
    </p>
   </div>
   <div class='ocr_carea' id='block_1_54' title="bbox 2181 1170 3775 1245">
    <p class='ocr_par' dir='ltr' id='par_1_54' title="bbox 2181 1170 3775 1245">
     <span class='ocr_line' id='line_1_54' title="bbox 2181 1170 3775 1245; baseline -0.004 -15"><span class='ocrx_word' id='word_1_392' title='bbox 2181 1177 2306 1230; x_wconf 79' lang='grc' dir='ltr'><strong>ούδέ</strong></span> <span class='ocrx_word' id='word_1_393' title='bbox 2332 1178 2388 1242; x_wconf 82' lang='grc' dir='ltr'>ἐξ</span> <span class='ocrx_word' id='word_1_394' title='bbox 2413 1170 2486 1228; x_wconf 82' lang='grc' dir='ltr'><strong>ῶν</strong></span> <span class='ocrx_word' id='word_1_395' title='bbox 2511 1176 2770 1238; x_wconf 73' lang='grc' dir='ltr'><strong>πολλάκις</strong></span> <span class='ocrx_word' id='word_1_396' title='bbox 2796 1174 3112 1245; x_wconf 77' lang='grc' dir='ltr'>ἐπλήγησαν</span> <span class='ocrx_word' id='word_1_397' title='bbox 3144 1174 3210 1226; x_wconf 80' lang='grc' dir='ltr'>δι’</span> <span class='ocrx_word' id='word_1_398' title='bbox 3227 1172 3532 1242; x_wconf 78' lang='grc' dir='ltr'>ὑπερϐολὴν</span> <span class='ocrx_word' id='word_1_399' title='bbox 3554 1172 3775 1242; x_wconf 82' lang='grc' dir='ltr'><strong>ἀγάπης</strong></span> 
     </span>
    </p>
   </div>
   <div class='ocr_carea' id='block_1_55' title="bbox 2185 1263 3774 1338">
    <p class='ocr_par' dir='ltr' id='par_1_55' title="bbox 2185 1263 3774 1338">
     <span class='ocr_line' id='line_1_55' title="bbox 2185 1263 3774 1338; baseline -0.004 -17"><span class='ocrx_word' id='word_1_400' title='bbox 2185 1268 2321 1322; x_wconf 84' lang='grc' dir='ltr'>Θεοῦ</span> <span class='ocrx_word' id='word_1_401' title='bbox 2349 1271 2678 1338; x_wconf 76' lang='grc' dir='ltr'>τυπτόμενοι</span> <span class='ocrx_word' id='word_1_402' title='bbox 2710 1267 2802 1320; x_wconf 66' lang='grc' dir='ltr'><strong>καὶ</strong></span> <span class='ocrx_word' id='word_1_403' title='bbox 2872 1265 3244 1334; x_wconf 76' lang='grc' dir='ltr'>κολαζόμενοι,</span> <span class='ocrx_word' id='word_1_404' title='bbox 3270 1264 3379 1316; x_wconf 87' lang='grc' dir='ltr'><strong>τῶν</strong></span> <span class='ocrx_word' id='word_1_405' title='bbox 3410 1263 3774 1333; x_wconf 77' lang='grc' dir='ltr'>ἀσεϐημάτων</span> 
     </span>
    </p>
   </div>
   <div class='ocr_carea' id='block_1_56' title="bbox 2187 1352 3771 1428">
    <p class='ocr_par' dir='ltr' id='par_1_56' title="bbox 2187 1352 3771 1428">
     <span class='ocr_line' id='line_1_56' title="bbox 2187 1352 3771 1428; baseline -0.005 -16"><span class='ocrx_word' id='word_1_406' title='bbox 2187 1359 2366 1412; x_wconf 84' lang='grc' dir='ltr'>αὐτῶν</span> <span class='ocrx_word' id='word_1_407' title='bbox 2405 1360 2626 1412; x_wconf 73' lang='grc' dir='ltr'>ἐνεκενο</span> <span class='ocrx_word' id='word_1_408' title='bbox 2668 1377 2686 1410; x_wconf 82' lang='grc' dir='ltr'><strong>ι</strong></span> <span class='ocrx_word' id='word_1_409' title='bbox 2737 1361 2832 1410; x_wconf 84' lang='grc' dir='ltr'>Ὃν</span> <span class='ocrx_word' id='word_1_410' title='bbox 2881 1359 2988 1428; x_wconf 78' lang='grc' dir='ltr'>γὰρ</span> <span class='ocrx_word' id='word_1_411' title='bbox 3030 1359 3221 1426; x_wconf 73' lang='grc' dir='ltr'>ἀγαπᾷ</span> <span class='ocrx_word' id='word_1_412' title='bbox 3267 1355 3469 1424; x_wconf 83' lang='grc' dir='ltr'>Κύριος</span> <span class='ocrx_word' id='word_1_413' title='bbox 3504 1352 3771 1415; x_wconf 77' lang='grc' dir='ltr'>παιδεύει,</span> 
     </span>
    </p>
   </div>
   <div class='ocr_carea' id='block_1_57' title="bbox 2191 1438 3774 1521">
    <p class='ocr_par' dir='ltr' id='par_1_57' title="bbox 2191 1438 3774 1521">
     <span class='ocr_line' id='line_1_57' title="bbox 2191 1438 3774 1521; baseline -0.005 -19"><span class='ocrx_word' id='word_1_414' title='bbox 2191 1452 2445 1521; x_wconf 80' lang='grc' dir='ltr'>μαστιγοῖ</span> <span class='ocrx_word' id='word_1_415' title='bbox 2469 1450 2524 1502; x_wconf 90' lang='grc' dir='ltr'><strong>δέ</strong></span> <span class='ocrx_word' id='word_1_416' title='bbox 2557 1449 2734 1502; x_wconf 86' lang='grc' dir='ltr'>πάντα</span> <span class='ocrx_word' id='word_1_417' title='bbox 2751 1449 2885 1512; x_wconf 80' lang='grc' dir='ltr'>υἱὸν,</span> <span class='ocrx_word' id='word_1_418' title='bbox 2903 1448 2961 1500; x_wconf 75' lang='grc' dir='ltr'>ὃν</span> <span class='ocrx_word' id='word_1_419' title='bbox 2983 1447 3362 1518; x_wconf 82' lang='grc' dir='ltr'>παραδέχεται.</span> <span class='ocrx_word' id='word_1_420' title='bbox 3381 1465 3398 1495; x_wconf 70' lang='grc' dir='ltr'><strong>ι</strong></span> <span class='ocrx_word' id='word_1_421' title='bbox 3415 1445 3511 1507; x_wconf 78' lang='grc' dir='ltr'><strong>Τίς</strong></span> <span class='ocrx_word' id='word_1_422' title='bbox 3541 1443 3596 1496; x_wconf 83' lang='grc' dir='ltr'><strong>δέ</strong></span> <span class='ocrx_word' id='word_1_423' title='bbox 3619 1438 3686 1514; x_wconf 81' lang='grc' dir='ltr'>ἦν</span> <span class='ocrx_word' id='word_1_424' title='bbox 3715 1441 3774 1495; x_wconf 78' lang='grc' dir='ltr'>ὃν</span> 
     </span>
    </p>
   </div>
   <div class='ocr_carea' id='block_1_58' title="bbox 2189 1534 3774 1611">
    <p class='ocr_par' dir='ltr' id='par_1_58' title="bbox 2189 1534 3774 1611">
     <span class='ocr_line' id='line_1_58' title="bbox 2189 1534 3774 1611; baseline -0.003 -19"><span class='ocrx_word' id='word_1_425' title='bbox 2189 1539 2563 1608; x_wconf 88' lang='grc' dir='ltr'>ἐγκατέλιπον,</span> <span class='ocrx_word' id='word_1_426' title='bbox 2590 1541 2668 1611; x_wconf 81' lang='grc' dir='ltr'>ἢὸ</span> <span class='ocrx_word' id='word_1_427' title='bbox 2684 1540 2935 1610; x_wconf 87' lang='grc' dir='ltr'>Χριστός·</span> <span class='ocrx_word' id='word_1_428' title='bbox 2956 1539 3014 1591; x_wconf 82' lang='grc' dir='ltr'>ὃν</span> <span class='ocrx_word' id='word_1_429' title='bbox 3035 1538 3125 1591; x_wconf 80' lang='grc' dir='ltr'>διὰ</span> <span class='ocrx_word' id='word_1_430' title='bbox 3151 1538 3213 1589; x_wconf 77' lang='grc' dir='ltr'><strong>τὸ</strong></span> <span class='ocrx_word' id='word_1_431' title='bbox 3242 1535 3654 1608; x_wconf 82' lang='grc' dir='ltr'>παρωργικέναι</span> <span class='ocrx_word' id='word_1_432' title='bbox 3680 1534 3774 1588; x_wconf 75' lang='grc' dir='ltr'>καὶ</span> 
     </span>
    </p>
   </div>
   <div class='ocr_carea' id='block_1_59' title="bbox 2190 1625 3771 1700">
    <p class='ocr_par' dir='ltr' id='par_1_59' title="bbox 2190 1625 3771 1700">
     <span class='ocr_line' id='line_1_59' title="bbox 2190 1625 3771 1700; baseline -0.004 -17"><span class='ocrx_word' id='word_1_433' title='bbox 2190 1631 2726 1700; x_wconf 86' lang='grc' dir='ltr'>ἐγκαταλελοιπέναι,</span> <span class='ocrx_word' id='word_1_434' title='bbox 2773 1631 2842 1684; x_wconf 86' lang='grc' dir='ltr'><strong>τά</strong></span> <span class='ocrx_word' id='word_1_435' title='bbox 2863 1631 2989 1700; x_wconf 75' lang='grc' dir='ltr'>ἑξῆς</span> <span class='ocrx_word' id='word_1_436' title='bbox 3021 1629 3383 1699; x_wconf 77' lang='grc' dir='ltr'>ἐπιλεγόμενα</span> <span class='ocrx_word' id='word_1_437' title='bbox 3409 1625 3771 1690; x_wconf 88' lang='grc' dir='ltr'>πεπόνθασιν;</span> 
     </span>
    </p>
   </div>
   <div class='ocr_carea' id='block_1_60' title="bbox 2266 1887 3774 1963">
    <p class='ocr_par' dir='ltr' id='par_1_60' title="bbox 2266 1887 3774 1963">
     <span class='ocr_line' id='line_1_60' title="bbox 2266 1887 3774 1963; baseline -0.003 -19"><span class='ocrx_word' id='word_1_438' title='bbox 2266 1913 2283 1944; x_wconf 81' lang='grc' dir='ltr'><strong>ι</strong></span> <span class='ocrx_word' id='word_1_439' title='bbox 2327 1894 2391 1946; x_wconf 87' lang='grc' dir='ltr'>Τί</span> <span class='ocrx_word' id='word_1_440' title='bbox 2439 1894 2519 1946; x_wconf 78' lang='grc' dir='ltr'>ἔτι</span> <span class='ocrx_word' id='word_1_441' title='bbox 2571 1893 2815 1963; x_wconf 79' lang='grc' dir='ltr'>πληγῆτε</span> <span class='ocrx_word' id='word_1_442' title='bbox 2872 1891 3255 1963; x_wconf 81' lang='grc' dir='ltr'>προστιθέντες</span> <span class='ocrx_word' id='word_1_443' title='bbox 3305 1887 3569 1960; x_wconf 88' lang='grc' dir='ltr'>ἀνομίαν;</span> <span class='ocrx_word' id='word_1_444' title='bbox 3626 1888 3774 1940; x_wconf 78' lang='grc' dir='ltr'>πᾶσα</span> 
     </span>
    </p>
   </div>
   <div class='ocr_carea' id='block_1_61' title="bbox 2189 1977 3788 2054">
    <p class='ocr_par' dir='ltr' id='par_1_61' title="bbox 2189 1977 3788 2054">
     <span class='ocr_line' id='line_1_61' title="bbox 2189 1977 3788 2054; baseline -0.005 -16"><span class='ocrx_word' id='word_1_445' title='bbox 2189 1985 2396 2054; x_wconf 70' lang='grc' dir='ltr'>κεφαλὴ</span> <span class='ocrx_word' id='word_1_446' title='bbox 2425 1985 2502 2046; x_wconf 87' lang='grc' dir='ltr'>εἰς</span> <span class='ocrx_word' id='word_1_447' title='bbox 2544 1984 2725 2046; x_wconf 89' lang='grc' dir='ltr'>πόνον,</span> <span class='ocrx_word' id='word_1_448' title='bbox 2752 1983 2846 2035; x_wconf 78' lang='grc' dir='ltr'><strong>καὶ</strong></span> <span class='ocrx_word' id='word_1_449' title='bbox 2889 1985 3039 2036; x_wconf 65' lang='grc' dir='ltr'>πᾶσα</span> <span class='ocrx_word' id='word_1_450' title='bbox 3087 1980 3282 2052; x_wconf 86' lang='grc' dir='ltr'>καρδία</span> <span class='ocrx_word' id='word_1_451' title='bbox 3316 1981 3395 2042; x_wconf 85' lang='grc' dir='ltr'>εἰς</span> <span class='ocrx_word' id='word_1_452' title='bbox 3423 1979 3599 2044; x_wconf 80' lang='grc' dir='ltr'>λύπην</span> <span class='ocrx_word' id='word_1_453' title='bbox 3621 1995 3633 2007; x_wconf 91' lang='grc'><strong>·</strong></span> <span class='ocrx_word' id='word_1_454' title='bbox 3668 1977 3788 2030; x_wconf 61' lang='grc' dir='ltr'><strong>ἀπο</strong></span> 
     </span>
    </p>
   </div>
   <div class='ocr_carea' id='block_1_62' title="bbox 2188 2067 3772 2143">
    <p class='ocr_par' dir='ltr' id='par_1_62' title="bbox 2188 2067 3772 2143">
     <span class='ocr_line' id='line_1_62' title="bbox 2188 2067 3772 2143; baseline -0.004 -15"><span class='ocrx_word' id='word_1_455' title='bbox 2188 2076 2366 2128; x_wconf 82' lang='grc' dir='ltr'>ποδῶν</span> <span class='ocrx_word' id='word_1_456' title='bbox 2413 2075 2517 2138; x_wconf 76' lang='grc' dir='ltr'><strong>ἕως</strong></span> <span class='ocrx_word' id='word_1_457' title='bbox 2559 2073 2803 2143; x_wconf 77' lang='grc' dir='ltr'>κεφαλὴν</span> <span class='ocrx_word' id='word_1_458' title='bbox 2848 2073 2948 2125; x_wconf 90' lang='grc' dir='ltr'><strong>οὑκ</strong></span> <span class='ocrx_word' id='word_1_459' title='bbox 2981 2073 3127 2124; x_wconf 77' lang='grc' dir='ltr'>ἐστιν</span> <span class='ocrx_word' id='word_1_460' title='bbox 3165 2073 3223 2124; x_wconf 91' lang='grc' dir='ltr'><strong>ἐν</strong></span> <span class='ocrx_word' id='word_1_461' title='bbox 3267 2069 3416 2140; x_wconf 85' lang='grc' dir='ltr'>αύτῷ</span> <span class='ocrx_word' id='word_1_462' title='bbox 3463 2067 3772 2140; x_wconf 86' lang='grc' dir='ltr'>όλοκληρία.</span> 
     </span>
    </p>
   </div>
   <div class='ocr_carea' id='block_1_63' title="bbox 2185 2161 3776 2238">
    <p class='ocr_par' dir='ltr' id='par_1_63' title="bbox 2185 2161 3776 2238">
     <span class='ocr_line' id='line_1_63' title="bbox 2185 2161 3776 2238; baseline -0.004 -17"><span class='ocrx_word' id='word_1_463' title='bbox 2185 2168 2440 2238; x_wconf 86' lang='grc' dir='ltr'>Τραῦμα,</span> <span class='ocrx_word' id='word_1_464' title='bbox 2479 2165 2716 2236; x_wconf 66' lang='grc' dir='ltr'>μώλωψ,</span> <span class='ocrx_word' id='word_1_465' title='bbox 2774 2165 2954 2235; x_wconf 82' lang='grc' dir='ltr'>πληγὴ</span> <span class='ocrx_word' id='word_1_466' title='bbox 3007 2164 3435 2234; x_wconf 79' lang='grc' dir='ltr'>φλεγμαίνουσα.</span> <span class='ocrx_word' id='word_1_467' title='bbox 3493 2163 3607 2215; x_wconf 88' lang='grc' dir='ltr'>Οὑκ</span> <span class='ocrx_word' id='word_1_468' title='bbox 3658 2161 3776 2215; x_wconf 78' lang='grc' dir='ltr'>ἐστι</span> 
     </span>
    </p>
   </div>
   <div class='ocr_carea' id='block_1_64' title="bbox 2188 2251 3772 2326">
    <p class='ocr_par' dir='ltr' id='par_1_64' title="bbox 2188 2251 3772 2326">
     <span class='ocr_line' id='line_1_64' title="bbox 2188 2251 3772 2326; baseline -0.003 -19"><span class='ocrx_word' id='word_1_469' title='bbox 2188 2254 2453 2326; x_wconf 84' lang='grc' dir='ltr'>μάλαγμα</span> <span class='ocrx_word' id='word_1_470' title='bbox 2477 2252 2765 2317; x_wconf 85' lang='grc' dir='ltr'>ἐπιθεῖναι,</span> <span class='ocrx_word' id='word_1_471' title='bbox 2793 2252 2918 2305; x_wconf 81' lang='grc' dir='ltr'>οὑτε</span> <span class='ocrx_word' id='word_1_472' title='bbox 2944 2253 3143 2315; x_wconf 75' lang='grc' dir='ltr'>ἔλαιον,</span> <span class='ocrx_word' id='word_1_473' title='bbox 3179 2251 3302 2304; x_wconf 81' lang='grc' dir='ltr'>οὑτε</span> <span class='ocrx_word' id='word_1_474' title='bbox 3331 2251 3720 2322; x_wconf 83' lang='grc' dir='ltr'>καταδεσμούς.</span> <span class='ocrx_word' id='word_1_475' title='bbox 3748 2269 3772 2302; x_wconf 70' lang='grc' dir='ltr'><strong><em>δ</em></strong></span> 
     </span>
    </p>
   </div>
   <div class='ocr_carea' id='block_1_65' title="bbox 2185 2340 3777 2416">
    <p class='ocr_par' dir='ltr' id='par_1_65' title="bbox 2185 2340 3777 2416">
     <span class='ocr_line' id='line_1_65' title="bbox 2185 2340 3777 2416; baseline -0.003 -16"><span class='ocrx_word' id='word_1_476' title='bbox 2185 2347 2308 2410; x_wconf 90' lang='grc' dir='ltr'><strong>Πῶς</strong></span> <span class='ocrx_word' id='word_1_477' title='bbox 2348 2347 2403 2400; x_wconf 83' lang='grc' dir='ltr'><strong>δὲ</strong></span> <span class='ocrx_word' id='word_1_478' title='bbox 2443 2348 2535 2399; x_wconf 69' lang='grc' dir='ltr'><strong>καὶ</strong></span> <span class='ocrx_word' id='word_1_479' title='bbox 2574 2340 2684 2398; x_wconf 75' lang='grc' dir='ltr'>οἷόν</span> <span class='ocrx_word' id='word_1_480' title='bbox 2735 2363 2793 2398; x_wconf 87' lang='grc' dir='ltr'><strong>τε</strong></span> <span class='ocrx_word' id='word_1_481' title='bbox 2848 2341 2915 2416; x_wconf 74' lang='grc' dir='ltr'>ἦν</span> <span class='ocrx_word' id='word_1_482' title='bbox 2957 2344 3144 2414; x_wconf 79' lang='grc' dir='ltr'>ἕτερον</span> <span class='ocrx_word' id='word_1_483' title='bbox 3195 2344 3393 2406; x_wconf 78' lang='grc' dir='ltr'>αὑτοὺς</span> <span class='ocrx_word' id='word_1_484' title='bbox 3455 2343 3644 2411; x_wconf 86' lang='grc' dir='ltr'>ὑγείας</span> <span class='ocrx_word' id='word_1_485' title='bbox 3683 2344 3777 2396; x_wconf 79' lang='grc' dir='ltr'>καὶ</span> 
     </span>
    </p>
   </div>
   <div class='ocr_carea' id='block_1_66' title="bbox 2186 2433 3776 2508">
    <p class='ocr_par' dir='ltr' id='par_1_66' title="bbox 2186 2433 3776 2508">
     <span class='ocr_line' id='line_1_66' title="bbox 2186 2433 3776 2508; baseline -0.003 -18"><span class='ocrx_word' id='word_1_486' title='bbox 2186 2437 2461 2508; x_wconf 82' lang='grc' dir='ltr'>σωτηρίας</span> <span class='ocrx_word' id='word_1_487' title='bbox 2506 2435 2788 2504; x_wconf 85' lang='grc' dir='ltr'>ποιητικὸν</span> <span class='ocrx_word' id='word_1_488' title='bbox 2823 2434 3078 2506; x_wconf 82' lang='grc' dir='ltr'>εὑρέσθαι</span> <span class='ocrx_word' id='word_1_489' title='bbox 3124 2434 3416 2505; x_wconf 83' lang='grc' dir='ltr'>φάρμακον</span> <span class='ocrx_word' id='word_1_490' title='bbox 3457 2433 3776 2504; x_wconf 82' lang='grc' dir='ltr'>ἀρνησαμέ-</span> 
     </span>
    </p>
   </div>
   <div class='ocr_carea' id='block_1_67' title="bbox 2183 2521 3776 2597">
    <p class='ocr_par' dir='ltr' id='par_1_67' title="bbox 2183 2521 3776 2597">
     <span class='ocr_line' id='line_1_67' title="bbox 2183 2521 3776 2597; baseline -0.004 -15"><span class='ocrx_word' id='word_1_491' title='bbox 2183 2545 2307 2592; x_wconf 87' lang='grc' dir='ltr'>νους</span> <span class='ocrx_word' id='word_1_492' title='bbox 2351 2527 2442 2580; x_wconf 72' lang='grc' dir='ltr'>τὸν</span> <span class='ocrx_word' id='word_1_493' title='bbox 2487 2526 2719 2597; x_wconf 80' lang='grc' dir='ltr'>Κύριον·</span> <span class='ocrx_word' id='word_1_494' title='bbox 2775 2524 2910 2596; x_wconf 87' lang='grc' dir='ltr'><strong>μηδέ</strong></span> <span class='ocrx_word' id='word_1_495' title='bbox 2955 2525 3337 2593; x_wconf 86' lang='grc' dir='ltr'>ἐπεγνωκότας</span> <span class='ocrx_word' id='word_1_496' title='bbox 3395 2524 3579 2589; x_wconf 79' lang='grc' dir='ltr'>αὑτὸν,</span> <span class='ocrx_word' id='word_1_497' title='bbox 3639 2521 3776 2593; x_wconf 63' lang='grc' dir='ltr'>μηδὲ</span> 
     </span>
    </p>
   </div>
   <div class='ocr_carea' id='block_1_68' title="bbox 2187 2617 3774 2693">
    <p class='ocr_par' dir='ltr' id='par_1_68' title="bbox 2187 2617 3774 2693">
     <span class='ocr_line' id='line_1_68' title="bbox 2187 2617 3774 2693; baseline -0.004 -17"><span class='ocrx_word' id='word_1_498' title='bbox 2187 2623 2464 2686; x_wconf 86' lang='grc' dir='ltr'>συνιέντας</span> <span class='ocrx_word' id='word_1_499' title='bbox 2498 2622 2906 2693; x_wconf 74' lang='grc' dir='ltr'>ἐπιδημήσαντα</span> <span class='ocrx_word' id='word_1_500' title='bbox 2924 2622 3104 2683; x_wconf 83' lang='grc' dir='ltr'>αὑτοῖς</span> <span class='ocrx_word' id='word_1_501' title='bbox 3126 2620 3216 2672; x_wconf 80' lang='grc' dir='ltr'><strong>τὸν</strong></span> <span class='ocrx_word' id='word_1_502' title='bbox 3243 2619 3348 2672; x_wconf 91' lang='grc' dir='ltr'><strong>τῶν</strong></span> <span class='ocrx_word' id='word_1_503' title='bbox 3363 2618 3550 2688; x_wconf 75' lang='grc' dir='ltr'>ψυχῶν</span> <span class='ocrx_word' id='word_1_504' title='bbox 3569 2617 3774 2688; x_wconf 80' lang='grc' dir='ltr'>ἰατρὸν,</span> 
     </span>
    </p>
   </div>
   <div class='ocr_carea' id='block_1_69' title="bbox 2185 2703 3773 2786">
    <p class='ocr_par' dir='ltr' id='par_1_69' title="bbox 2185 2703 3773 2786">
     <span class='ocr_line' id='line_1_69' title="bbox 2185 2703 3773 2786; baseline -0.006 -20"><span class='ocrx_word' id='word_1_505' title='bbox 2185 2716 2277 2767; x_wconf 74' lang='grc' dir='ltr'>τὸν</span> <span class='ocrx_word' id='word_1_506' title='bbox 2309 2716 2469 2786; x_wconf 90' lang='grc' dir='ltr'>μόνον</span> <span class='ocrx_word' id='word_1_507' title='bbox 2502 2717 2683 2767; x_wconf 76' lang='grc' dir='ltr'>πᾶσαν</span> <span class='ocrx_word' id='word_1_508' title='bbox 2713 2713 2866 2766; x_wconf 86' lang='grc' dir='ltr'>νόσον</span> <span class='ocrx_word' id='word_1_509' title='bbox 2901 2713 2994 2764; x_wconf 74' lang='grc' dir='ltr'><strong>καὶ</strong></span> <span class='ocrx_word' id='word_1_510' title='bbox 3040 2713 3219 2764; x_wconf 78' lang='grc' dir='ltr'>πᾶσαν</span> <span class='ocrx_word' id='word_1_511' title='bbox 3268 2708 3537 2780; x_wconf 83' lang='grc' dir='ltr'>μαλακίαν</span> <span class='ocrx_word' id='word_1_512' title='bbox 3581 2703 3773 2776; x_wconf 77' lang='grc' dir='ltr'>ψυχῶν</span> 
     </span>
    </p>
   </div>
   <div class='ocr_carea' id='block_1_70' title="bbox 2183 2801 3380 2879">
    <p class='ocr_par' dir='ltr' id='par_1_70' title="bbox 2183 2801 3380 2879">
     <span class='ocr_line' id='line_1_70' title="bbox 2183 2801 3380 2879; baseline -0.007 -19"><span class='ocrx_word' id='word_1_513' title='bbox 2183 2806 2320 2879; x_wconf 80' lang='grc' dir='ltr'>ὁμοῦ</span> <span class='ocrx_word' id='word_1_514' title='bbox 2349 2807 2444 2860; x_wconf 72' lang='grc' dir='ltr'><strong>καὶ</strong></span> <span class='ocrx_word' id='word_1_515' title='bbox 2466 2805 2733 2874; x_wconf 83' lang='grc' dir='ltr'>σωμάτων</span> <span class='ocrx_word' id='word_1_516' title='bbox 2765 2802 3018 2856; x_wconf 78' lang='grc' dir='ltr'>ἰάσασθαι</span> <span class='ocrx_word' id='word_1_517' title='bbox 3046 2801 3344 2870; x_wconf 79' lang='grc' dir='ltr'>δυνάμενον</span> <span class='ocrx_word' id='word_1_518' title='bbox 3365 2841 3380 2864; x_wconf 94' lang='grc'><strong>,</strong></span> 
     </span>
    </p>
   </div>
   <div class='ocr_carea' id='block_1_71' title="bbox 2260 2889 3778 2968">
    <p class='ocr_par' dir='ltr' id='par_1_71' title="bbox 2260 2889 3778 2968">
     <span class='ocr_line' id='line_1_71' title="bbox 2260 2889 3778 2968; baseline -0.003 -19"><span class='ocrx_word' id='word_1_519' title='bbox 2260 2917 2278 2949; x_wconf 85' lang='grc' dir='ltr'><strong>ι</strong></span> <span class='ocrx_word' id='word_1_520' title='bbox 2323 2899 2388 2951; x_wconf 82' lang='grc' dir='ltr'><em>Ἡ</em></span> <span class='ocrx_word' id='word_1_521' title='bbox 2419 2899 2490 2968; x_wconf 84' lang='grc' dir='ltr'><strong>γῆ</strong></span> <span class='ocrx_word' id='word_1_522' title='bbox 2523 2896 2677 2966; x_wconf 89' lang='grc' dir='ltr'>ὑμῶν</span> <span class='ocrx_word' id='word_1_523' title='bbox 2717 2894 2942 2966; x_wconf 75' lang='grc' dir='ltr'>ἔρημος,</span> <span class='ocrx_word' id='word_1_524' title='bbox 2980 2894 3038 2945; x_wconf 76' lang='grc' dir='ltr'>αἱ</span> <span class='ocrx_word' id='word_1_525' title='bbox 3083 2892 3264 2955; x_wconf 83' lang='grc' dir='ltr'>πόλεις</span> <span class='ocrx_word' id='word_1_526' title='bbox 3309 2889 3464 2961; x_wconf 87' lang='grc' dir='ltr'>ὑμῶν</span> <span class='ocrx_word' id='word_1_527' title='bbox 3507 2890 3778 2961; x_wconf 82' lang='grc' dir='ltr'>πυρίκαυ-</span> 
     </span>
    </p>
   </div>
   <div class='ocr_carea' id='block_1_72' title="bbox 2186 2983 3778 3059">
    <p class='ocr_par' dir='ltr' id='par_1_72' title="bbox 2186 2983 3778 3059">
     <span class='ocr_line' id='line_1_72' title="bbox 2186 2983 3778 3059; baseline -0.006 -15"><span class='ocrx_word' id='word_1_528' title='bbox 2186 3008 2300 3044; x_wconf 90' lang='grc' dir='ltr'>στοι</span> <span class='ocrx_word' id='word_1_529' title='bbox 2329 2991 2430 3059; x_wconf 80' lang='grc' dir='ltr'><strong>τὴν</strong></span> <span class='ocrx_word' id='word_1_530' title='bbox 2470 2987 2653 3058; x_wconf 87' lang='grc' dir='ltr'>χώραν</span> <span class='ocrx_word' id='word_1_531' title='bbox 2682 2986 2836 3057; x_wconf 89' lang='grc' dir='ltr'>ὑμῶν</span> <span class='ocrx_word' id='word_1_532' title='bbox 2873 2985 3105 3037; x_wconf 86' lang='grc' dir='ltr'>ἐνώπιον</span> <span class='ocrx_word' id='word_1_533' title='bbox 3135 2983 3291 3053; x_wconf 87' lang='grc' dir='ltr'>ὑμῶν</span> <span class='ocrx_word' id='word_1_534' title='bbox 3345 2983 3616 3054; x_wconf 85' lang='grc' dir='ltr'>ἀλλότριοι</span> <span class='ocrx_word' id='word_1_535' title='bbox 3645 2999 3778 3036; x_wconf 76' lang='grc' dir='ltr'>κατο</span> 
     </span>
    </p>
   </div>
   <div class='ocr_carea' id='block_1_73' title="bbox 2184 3073 3778 3151">
    <p class='ocr_par' dir='ltr' id='par_1_73' title="bbox 2184 3073 3778 3151">
     <span class='ocr_line' id='line_1_73' title="bbox 2184 3073 3778 3151; baseline -0.006 -14"><span class='ocrx_word' id='word_1_536' title='bbox 2184 3083 2456 3138; x_wconf 83' lang='grc' dir='ltr'>εσθίουσιν</span> <span class='ocrx_word' id='word_1_537' title='bbox 2488 3081 2659 3151; x_wconf 80' lang='grc' dir='ltr'>αὑτήν</span> <span class='ocrx_word' id='word_1_538' title='bbox 2679 3096 2692 3109; x_wconf 71' lang='grc' dir='ltr'><strong>ο</strong></span> <span class='ocrx_word' id='word_1_539' title='bbox 2735 3079 2830 3131; x_wconf 73' lang='grc' dir='ltr'><strong>καὶ</strong></span> <span class='ocrx_word' id='word_1_540' title='bbox 2868 3077 3152 3146; x_wconf 69' lang='grc' dir='ltr'>ἡρέμωται</span> <span class='ocrx_word' id='word_1_541' title='bbox 3185 3075 3645 3146; x_wconf 83' lang='grc' dir='ltr'>κατεστραμμένη</span> <span class='ocrx_word' id='word_1_542' title='bbox 3672 3073 3778 3129; x_wconf 72' lang='grc' dir='ltr'>ὑπὸ</span> 
     </span>
    </p>
   </div>
   <div class='ocr_carea' id='block_1_74' title="bbox 2187 3167 3827 3244">
    <p class='ocr_par' dir='ltr' id='par_1_74' title="bbox 2187 3167 3827 3244">
     <span class='ocr_line' id='line_1_74' title="bbox 2187 3167 3827 3244; baseline -0.006 -15"><span class='ocrx_word' id='word_1_543' title='bbox 2187 3175 2330 3230; x_wconf 89' lang='grc' dir='ltr'>λαῶν</span> <span class='ocrx_word' id='word_1_544' title='bbox 2384 3173 2698 3244; x_wconf 85' lang='grc' dir='ltr'>ἀλλοτρίων,</span> <span class='ocrx_word' id='word_1_545' title='bbox 2755 3172 2832 3234; x_wconf 88' lang='grc' dir='ltr'>ὼς</span> <span class='ocrx_word' id='word_1_546' title='bbox 2884 3169 3058 3240; x_wconf 84' lang='grc' dir='ltr'>σκηνὴ</span> <span class='ocrx_word' id='word_1_547' title='bbox 3107 3171 3165 3221; x_wconf 87' lang='grc' dir='ltr'><strong>ἐν</strong></span> <span class='ocrx_word' id='word_1_548' title='bbox 3219 3167 3523 3238; x_wconf 79' lang='grc' dir='ltr'>ἀμπελῶνι,</span> <span class='ocrx_word' id='word_1_549' title='bbox 3576 3168 3670 3220; x_wconf 72' lang='grc' dir='ltr'><strong>καὶ</strong></span> <span class='ocrx_word' id='word_1_550' title='bbox 3702 3167 3778 3231; x_wconf 86' lang='grc' dir='ltr'><strong>ὡς</strong></span> <span class='ocrx_word' id='word_1_551' title='bbox 3823 3217 3827 3219; x_wconf 80' lang='lat'><strong><em>_</em></strong></span> 
     </span>
    </p>
   </div>
   <div class='ocr_carea' id='block_1_75' title="bbox 2187 3265 3782 3339">
    <p class='ocr_par' dir='ltr' id='par_1_75' title="bbox 2187 3265 3782 3339">
     <span class='ocr_line' id='line_1_75' title="bbox 2187 3265 3782 3339; baseline -0.003 -19"><span class='ocrx_word' id='word_1_552' title='bbox 2187 3267 2632 3339; x_wconf 77' lang='grc' dir='ltr'>όπωροφυλάκιον</span> <span class='ocrx_word' id='word_1_553' title='bbox 2681 3268 2738 3319; x_wconf 86' lang='grc' dir='ltr'>ὲν</span> <span class='ocrx_word' id='word_1_554' title='bbox 2774 3265 3109 3336; x_wconf 84' lang='grc' dir='ltr'>σικυηλάτῳ,</span> <span class='ocrx_word' id='word_1_555' title='bbox 3142 3267 3218 3330; x_wconf 81' lang='grc' dir='ltr'><strong>ὡς</strong></span> <span class='ocrx_word' id='word_1_556' title='bbox 3275 3266 3431 3329; x_wconf 85' lang='grc' dir='ltr'>πόλις</span> <span class='ocrx_word' id='word_1_557' title='bbox 3461 3265 3782 3334; x_wconf 82' lang='grc' dir='ltr'>πολιορκου-</span> 
     </span>
    </p>
   </div>
   <div class='ocr_carea' id='block_1_76' title="bbox 2192 3351 3780 3429">
    <p class='ocr_par' dir='ltr' id='par_1_76' title="bbox 2192 3351 3780 3429">
     <span class='ocr_line' id='line_1_76' title="bbox 2192 3351 3780 3429; baseline -0.005 -17"><span class='ocrx_word' id='word_1_558' title='bbox 2192 3358 2324 3429; x_wconf 83' lang='grc' dir='ltr'>μένη</span> <span class='ocrx_word' id='word_1_559' title='bbox 2343 3357 2436 3426; x_wconf 74' lang='grc'><strong>(4).</strong></span> <span class='ocrx_word' id='word_1_560' title='bbox 2453 3375 2469 3407; x_wconf 76' lang='grc' dir='ltr'><strong>ι</strong></span> <span class='ocrx_word' id='word_1_561' title='bbox 2496 3359 2588 3420; x_wconf 82' lang='grc' dir='ltr'><strong>Εἰς</strong></span> <span class='ocrx_word' id='word_1_562' title='bbox 2605 3355 2847 3428; x_wconf 72' lang='grc' dir='ltr'>φρουρὰν</span> <span class='ocrx_word' id='word_1_563' title='bbox 2858 3356 2965 3409; x_wconf 90' lang='grc' dir='ltr'><strong>τῶν</strong></span> <span class='ocrx_word' id='word_1_564' title='bbox 2988 3358 3044 3409; x_wconf 83' lang='grc' dir='ltr'><strong>ἐν</strong></span> <span class='ocrx_word' id='word_1_565' title='bbox 3060 3357 3178 3417; x_wconf 84' lang='grc' dir='ltr'>ταῖς</span> <span class='ocrx_word' id='word_1_566' title='bbox 3193 3354 3459 3424; x_wconf 83' lang='grc' dir='ltr'>ἀμπέλοις</span> <span class='ocrx_word' id='word_1_567' title='bbox 3483 3351 3710 3424; x_wconf 85' lang='grc' dir='ltr'>καρπῶν</span> <span class='ocrx_word' id='word_1_568' title='bbox 3723 3353 3780 3405; x_wconf 80' lang='lat' dir='ltr'><strong>ai</strong></span> 
     </span>
    </p>
   </div>
   <div class='ocr_carea' id='block_1_77' title="bbox 2191 3443 3782 3519">
    <p class='ocr_par' dir='ltr' id='par_1_77' title="bbox 2191 3443 3782 3519">
     <span class='ocr_line' id='line_1_77' title="bbox 2191 3443 3782 3519; baseline -0.004 -17"><span class='ocrx_word' id='word_1_569' title='bbox 2191 3449 2388 3519; x_wconf 68' lang='grc' dir='ltr'>σκηναὶ</span> <span class='ocrx_word' id='word_1_570' title='bbox 2421 3450 2744 3519; x_wconf 81' lang='grc' dir='ltr'>πήγνυνται.</span> <span class='ocrx_word' id='word_1_571' title='bbox 2777 3449 2946 3501; x_wconf 81' lang='grc' dir='ltr'>Ὅταν</span> <span class='ocrx_word' id='word_1_572' title='bbox 2971 3447 3069 3518; x_wconf 90' lang='grc' dir='ltr'><strong>μέν</strong></span> <span class='ocrx_word' id='word_1_573' title='bbox 3099 3443 3191 3500; x_wconf 80' lang='grc' dir='ltr'><strong>οὖν</strong></span> <span class='ocrx_word' id='word_1_574' title='bbox 3214 3446 3413 3518; x_wconf 84' lang='grc' dir='ltr'>εὑθηνῇ</span> <span class='ocrx_word' id='word_1_575' title='bbox 3433 3448 3542 3508; x_wconf 81' lang='grc' dir='ltr'>τοῖς</span> <span class='ocrx_word' id='word_1_576' title='bbox 3561 3445 3782 3506; x_wconf 74' lang='grc' dir='ltr'>οἰκείοις</span> 
     </span>
    </p>
   </div>
   <div class='ocr_carea' id='block_1_78' title="bbox 2191 3536 3783 3613">
    <p class='ocr_par' dir='ltr' id='par_1_78' title="bbox 2191 3536 3783 3613">
     <span class='ocr_line' id='line_1_78' title="bbox 2191 3536 3783 3613; baseline -0.004 -18"><span class='ocrx_word' id='word_1_577' title='bbox 2191 3545 2426 3613; x_wconf 82' lang='grc' dir='ltr'>καρποῖς</span> <span class='ocrx_word' id='word_1_578' title='bbox 2459 3545 2490 3612; x_wconf 81' lang='grc' dir='ltr'>ἠ</span> <span class='ocrx_word' id='word_1_579' title='bbox 2517 3541 2790 3612; x_wconf 72' lang='grc' dir='ltr'>ἄμπελος,</span> <span class='ocrx_word' id='word_1_580' title='bbox 2832 3540 3245 3610; x_wconf 81' lang='grc' dir='ltr'>σπουδάζεταιὴ</span> <span class='ocrx_word' id='word_1_581' title='bbox 3276 3537 3448 3610; x_wconf 79' lang='grc' dir='ltr'>σκηνὴ</span> <span class='ocrx_word' id='word_1_582' title='bbox 3481 3537 3574 3590; x_wconf 78' lang='grc' dir='ltr'><strong>καὶ</strong></span> <span class='ocrx_word' id='word_1_583' title='bbox 3600 3536 3783 3605; x_wconf 83' lang='grc' dir='ltr'>πάσης</span> 
     </span>
    </p>
   </div>
   <div class='ocr_carea' id='block_1_79' title="bbox 2189 3626 3783 3704">
    <p class='ocr_par' dir='ltr' id='par_1_79' title="bbox 2189 3626 3783 3704">
     <span class='ocr_line' id='line_1_79' title="bbox 2189 3626 3783 3704; baseline -0.007 -16"><span class='ocrx_word' id='word_1_584' title='bbox 2189 3634 2432 3698; x_wconf 81' lang='grc' dir='ltr'>ἀξιοῦται</span> <span class='ocrx_word' id='word_1_585' title='bbox 2487 3632 2841 3704; x_wconf 70' lang='grc' dir='ltr'>ἐπιμελείαςο</span> <span class='ocrx_word' id='word_1_586' title='bbox 2889 3631 3029 3684; x_wconf 74' lang='grc' dir='ltr'>ὥστε</span> <span class='ocrx_word' id='word_1_587' title='bbox 3075 3631 3168 3684; x_wconf 75' lang='grc' dir='ltr'>ἀπ’</span> <span class='ocrx_word' id='word_1_588' title='bbox 3214 3629 3386 3699; x_wconf 77' lang='grc' dir='ltr'>αὑτῆς</span> <span class='ocrx_word' id='word_1_589' title='bbox 3427 3626 3783 3681; x_wconf 77' lang='grc' dir='ltr'>κατοπτεύειν</span> 
     </span>
    </p>
   </div>
   <div class='ocr_carea' id='block_1_80' title="bbox 2187 3717 3778 3795">
    <p class='ocr_par' dir='ltr' id='par_1_80' title="bbox 2187 3717 3778 3795">
     <span class='ocr_line' id='line_1_80' title="bbox 2187 3717 3778 3795; baseline -0.006 -16"><span class='ocrx_word' id='word_1_590' title='bbox 2187 3727 2280 3779; x_wconf 83' lang='grc' dir='ltr'><strong>τὸν</strong></span> <span class='ocrx_word' id='word_1_591' title='bbox 2308 3725 2543 3794; x_wconf 79' lang='grc' dir='ltr'>φύλακα,</span> <span class='ocrx_word' id='word_1_592' title='bbox 2579 3725 2788 3794; x_wconf 84' lang='grc' dir='ltr'>μήποτε</span> <span class='ocrx_word' id='word_1_593' title='bbox 2819 3722 3093 3795; x_wconf 86' lang='grc' dir='ltr'>τρυγῶσιν</span> <span class='ocrx_word' id='word_1_594' title='bbox 3116 3721 3288 3790; x_wconf 78' lang='grc' dir='ltr'>αὑτὴν</span> <span class='ocrx_word' id='word_1_595' title='bbox 3320 3721 3370 3772; x_wconf 80' lang='grc' dir='ltr'>οἱ</span> <span class='ocrx_word' id='word_1_596' title='bbox 3393 3717 3778 3789; x_wconf 77' lang='grc' dir='ltr'>παραπορευόο</span> 
     </span>
    </p>
   </div>
   <div class='ocr_carea' id='block_1_81' title="bbox 2200 3805 3783 3889">
    <p class='ocr_par' dir='ltr' id='par_1_81' title="bbox 2200 3805 3783 3889">
     <span class='ocr_line' id='line_1_81' title="bbox 2200 3805 3783 3889; baseline -0.007 -18"><span class='ocrx_word' id='word_1_597' title='bbox 2200 3834 2349 3889; x_wconf 85' lang='grc' dir='ltr'>μενοι</span> <span class='ocrx_word' id='word_1_598' title='bbox 2396 3817 2494 3887; x_wconf 81' lang='grc' dir='ltr'>τὴν</span> <span class='ocrx_word' id='word_1_599' title='bbox 2544 3815 2685 3868; x_wconf 79' lang='grc' dir='ltr'>ὁδόν.</span> <span class='ocrx_word' id='word_1_600' title='bbox 2737 3815 2902 3867; x_wconf 81' lang='grc' dir='ltr'>Ὅταν</span> <span class='ocrx_word' id='word_1_601' title='bbox 2956 3813 3013 3866; x_wconf 74' lang='grc' dir='ltr'><strong>δὲ</strong></span> <span class='ocrx_word' id='word_1_602' title='bbox 3065 3812 3316 3882; x_wconf 81' lang='grc' dir='ltr'>ἄκαρπος</span> <span class='ocrx_word' id='word_1_603' title='bbox 3362 3805 3437 3883; x_wconf 81' lang='grc' dir='ltr'>ᾖ,</span> <span class='ocrx_word' id='word_1_604' title='bbox 3496 3808 3783 3879; x_wconf 78' lang='grc' dir='ltr'>ἀμελεῖται</span> 
     </span>
    </p>
   </div>
   <div class='ocr_carea' id='block_1_82' title="bbox 2191 3897 3784 3976">
    <p class='ocr_par' dir='ltr' id='par_1_82' title="bbox 2191 3897 3784 3976">
     <span class='ocr_line' id='line_1_82' title="bbox 2191 3897 3784 3976; baseline -0.008 -15"><span class='ocrx_word' id='word_1_605' title='bbox 2191 3907 2505 3976; x_wconf 87' lang='grc' dir='ltr'>ἀναγκαίως</span> <span class='ocrx_word' id='word_1_606' title='bbox 2546 3907 2646 3976; x_wconf 85' lang='grc' dir='ltr'>τῆς</span> <span class='ocrx_word' id='word_1_607' title='bbox 2682 3903 2930 3974; x_wconf 89' lang='grc' dir='ltr'>ἀμπέλου</span> <span class='ocrx_word' id='word_1_608' title='bbox 2975 3902 3042 3955; x_wconf 86' lang='grc' dir='ltr'><strong>τά</strong></span> <span class='ocrx_word' id='word_1_609' title='bbox 3085 3901 3452 3972; x_wconf 77' lang='grc' dir='ltr'>φυλακτήρια.</span> <span class='ocrx_word' id='word_1_610' title='bbox 3493 3899 3591 3951; x_wconf 79' lang='grc' dir='ltr'>Διά</span> <span class='ocrx_word' id='word_1_611' title='bbox 3623 3897 3784 3950; x_wconf 87' lang='grc' dir='ltr'>τοῦτο</span> 
     </span>
    </p>
   </div>
   <div class='ocr_carea' id='block_1_83' title="bbox 2189 3990 3784 4067">
    <p class='ocr_par' dir='ltr' id='par_1_83' title="bbox 2189 3990 3784 4067">
     <span class='ocr_line' id='line_1_83' title="bbox 2189 3990 3784 4067; baseline -0.004 -19"><span class='ocrx_word' id='word_1_612' title='bbox 2189 3997 2284 4050; x_wconf 85' lang='grc' dir='ltr'><strong>τοῦ</strong></span> <span class='ocrx_word' id='word_1_613' title='bbox 2328 3994 2724 4067; x_wconf 85' lang='grc' dir='ltr'>Ἰσραηλιτικοῦ</span> <span class='ocrx_word' id='word_1_614' title='bbox 2755 3994 2882 4048; x_wconf 92' lang='grc' dir='ltr'>λαοῦ</span> <span class='ocrx_word' id='word_1_615' title='bbox 2913 3995 3012 4063; x_wconf 80' lang='grc' dir='ltr'>τὴν</span> <span class='ocrx_word' id='word_1_616' title='bbox 3040 3992 3426 4063; x_wconf 69' lang='grc' dir='ltr'>ἐγκατάλειψιν</span> <span class='ocrx_word' id='word_1_617' title='bbox 3443 3991 3676 4053; x_wconf 84' lang='grc' dir='ltr'>ἀπειλεῖ,</span> <span class='ocrx_word' id='word_1_618' title='bbox 3706 3990 3784 4052; x_wconf 85' lang='grc' dir='ltr'>ὡς</span> 
     </span>
    </p>
   </div>
   <div class='ocr_carea' id='block_1_84' title="bbox 2194 4077 3783 4162">
    <p class='ocr_par' dir='ltr' id='par_1_84' title="bbox 2194 4077 3783 4162">
     <span class='ocr_line' id='line_1_84' title="bbox 2194 4077 3783 4162; baseline -0.006 -19"><span class='ocrx_word' id='word_1_619' title='bbox 2194 4091 2268 4162; x_wconf 80' lang='grc' dir='ltr'><strong>μὴ</strong></span> <span class='ocrx_word' id='word_1_620' title='bbox 2295 4087 2772 4160; x_wconf 78' lang='grc' dir='ltr'>καρποφοροῦντος</span> <span class='ocrx_word' id='word_1_621' title='bbox 2797 4087 2867 4140; x_wconf 87' lang='grc' dir='ltr'><strong>τά</strong></span> <span class='ocrx_word' id='word_1_622' title='bbox 2906 4087 3287 4141; x_wconf 81' lang='grc' dir='ltr'>ἐπιϐάλλοντα.</span> <span class='ocrx_word' id='word_1_623' title='bbox 3323 4083 3656 4154; x_wconf 77' lang='grc' dir='ltr'>Φοϐηθῶμεν</span> <span class='ocrx_word' id='word_1_624' title='bbox 3688 4077 3783 4134; x_wconf 79' lang='grc' dir='ltr'><strong>οῦν</strong></span> 
     </span>
    </p>
   </div>
   <div class='ocr_carea' id='block_1_85' title="bbox 2190 4173 3782 4250">
    <p class='ocr_par' dir='ltr' id='par_1_85' title="bbox 2190 4173 3782 4250">
     <span class='ocr_line' id='line_1_85' title="bbox 2190 4173 3782 4250; baseline -0.006 -18"><span class='ocrx_word' id='word_1_625' title='bbox 2190 4176 2326 4232; x_wconf 70' lang='grc' dir='ltr'>εἶναι</span> <span class='ocrx_word' id='word_1_626' title='bbox 2376 4180 2635 4250; x_wconf 80' lang='grc' dir='ltr'>ἄκαρποι,</span> <span class='ocrx_word' id='word_1_627' title='bbox 2689 4178 2764 4248; x_wconf 82' lang='grc' dir='ltr'><strong>μὴ</strong></span> <span class='ocrx_word' id='word_1_628' title='bbox 2792 4175 3315 4246; x_wconf 77' lang='grc' dir='ltr'>ἐγκαταλειφθῶμεν</span> <span class='ocrx_word' id='word_1_629' title='bbox 3343 4175 3446 4227; x_wconf 68' lang='grc' dir='ltr'><strong>ὑπο</strong></span> <span class='ocrx_word' id='word_1_630' title='bbox 3469 4175 3567 4244; x_wconf 81' lang='grc' dir='ltr'>τῆς</span> <span class='ocrx_word' id='word_1_631' title='bbox 3611 4173 3782 4244; x_wconf 78' lang='grc' dir='ltr'>ὀργῆς</span> 
     </span>
    </p>
   </div>
   <div class='ocr_carea' id='block_1_86' title="bbox 2187 4266 3781 4338">
    <p class='ocr_par' dir='ltr' id='par_1_86' title="bbox 2187 4266 3781 4338">
     <span class='ocr_line' id='line_1_86' title="bbox 2187 4266 3781 4338; baseline -0.004 -14"><span class='ocrx_word' id='word_1_632' title='bbox 2187 4270 2282 4324; x_wconf 86' lang='grc' dir='ltr'><strong>τοῦ</strong></span> <span class='ocrx_word' id='word_1_633' title='bbox 2310 4270 2466 4324; x_wconf 85' lang='grc' dir='ltr'>Θεοῦ.</span> <span class='ocrx_word' id='word_1_634' title='bbox 2503 4272 2576 4323; x_wconf 83' lang='grc' dir='ltr'><strong>Τὸ</strong></span> <span class='ocrx_word' id='word_1_635' title='bbox 2625 4268 2896 4338; x_wconf 78' lang='grc' dir='ltr'>φυλάσσον</span> <span class='ocrx_word' id='word_1_636' title='bbox 2943 4270 3114 4338; x_wconf 78' lang='grc' dir='ltr'>ἡμᾶς,</span> <span class='ocrx_word' id='word_1_637' title='bbox 3147 4268 3208 4320; x_wconf 79' lang='grc' dir='ltr'>τὸ</span> <span class='ocrx_word' id='word_1_638' title='bbox 3255 4267 3480 4337; x_wconf 87' lang='grc' dir='ltr'>Πνεῦμα</span> <span class='ocrx_word' id='word_1_639' title='bbox 3525 4266 3586 4318; x_wconf 81' lang='grc' dir='ltr'><strong>τὸ</strong></span> <span class='ocrx_word' id='word_1_640' title='bbox 3627 4266 3781 4334; x_wconf 79' lang='grc' dir='ltr'>ἆγιόν</span> 
     </span>
    </p>
   </div>
   <div class='ocr_carea' id='block_1_87' title="bbox 2188 4355 3780 4429">
    <p class='ocr_par' dir='ltr' id='par_1_87' title="bbox 2188 4355 3780 4429">
     <span class='ocr_line' id='line_1_87' title="bbox 2188 4355 3780 4429; baseline -0.002 -18"><span class='ocrx_word' id='word_1_641' title='bbox 2188 4361 2354 4413; x_wconf 87' lang='grc' dir='ltr'>ἐστιν.</span> <span class='ocrx_word' id='word_1_642' title='bbox 2397 4361 2566 4414; x_wconf 87' lang='grc' dir='ltr'>Ὅταν</span> <span class='ocrx_word' id='word_1_643' title='bbox 2612 4359 2710 4429; x_wconf 80' lang='grc' dir='ltr'>μὲν</span> <span class='ocrx_word' id='word_1_644' title='bbox 2753 4355 2844 4411; x_wconf 76' lang='grc' dir='ltr'><strong>οὖν</strong></span> <span class='ocrx_word' id='word_1_645' title='bbox 2890 4360 3215 4428; x_wconf 86' lang='grc' dir='ltr'>καρποφορῇ</span> <span class='ocrx_word' id='word_1_646' title='bbox 3265 4359 3298 4428; x_wconf 77' lang='grc' dir='ltr'><strong>ἡ</strong></span> <span class='ocrx_word' id='word_1_647' title='bbox 3343 4357 3490 4428; x_wconf 81' lang='grc' dir='ltr'>ψυχὴ</span> <span class='ocrx_word' id='word_1_648' title='bbox 3515 4355 3640 4420; x_wconf 77' lang='grc' dir='ltr'>ἀξια</span> <span class='ocrx_word' id='word_1_649' title='bbox 3672 4356 3780 4408; x_wconf 90' lang='grc' dir='ltr'><strong>τῶν</strong></span> 
     </span>
    </p>
   </div>
   <div class='ocr_carea' id='block_1_88' title="bbox 494 4441 2081 4524">
    <p class='ocr_par' dir='ltr' id='par_1_88' title="bbox 494 4441 2081 4520">
     <span class='ocr_line' id='line_1_88' title="bbox 494 4441 2081 4520; baseline 0.014 -36"><span class='ocrx_word' id='word_1_650' title='bbox 494 4442 826 4488; x_wconf 73' lang='lat' dir='ltr'><strong>aeternorum</strong></span> <span class='ocrx_word' id='word_1_651' title='bbox 857 4441 1240 4506; x_wconf 87' lang='lat' dir='ltr'><strong>penuariorum</strong></span> <span class='ocrx_word' id='word_1_652' title='bbox 1280 4443 1474 4509; x_wconf 85' lang='lat' dir='ltr'><strong>dignos</strong></span> <span class='ocrx_word' id='word_1_653' title='bbox 1519 4445 1750 4513; x_wconf 82' lang='lat' dir='ltr'><strong>profert,</strong></span> <span class='ocrx_word' id='word_1_654' title='bbox 1801 4457 1912 4503; x_wconf 91' lang='lat' dir='ltr'><strong>tum</strong></span> <span class='ocrx_word' id='word_1_655' title='bbox 1960 4465 2081 4520; x_wconf 82' lang='lat' dir='ltr'><strong>per-</strong></span> 
     </span>
    </p>
   </div>
   <div class='ocr_carea' id='block_1_89' title="bbox 2187 4441 3781 4524">
    <p class='ocr_par' dir='ltr' id='par_1_89' title="bbox 2187 4449 3781 4520">
     <span class='ocr_line' id='line_1_89' title="bbox 2187 4449 3781 4520; baseline -0.001 -16"><span class='ocrx_word' id='word_1_656' title='bbox 2187 4452 2423 4505; x_wconf 79' lang='grc' dir='ltr'>αίωνίων</span> <span class='ocrx_word' id='word_1_657' title='bbox 2473 4449 2792 4519; x_wconf 88' lang='grc' dir='ltr'>ἀποθηκῶν,</span> <span class='ocrx_word' id='word_1_658' title='bbox 2844 4449 3152 4520; x_wconf 86' lang='grc' dir='ltr'>παραμένει</span> <span class='ocrx_word' id='word_1_659' title='bbox 3199 4450 3294 4502; x_wconf 73' lang='grc' dir='ltr'><strong>καὶ</strong></span> <span class='ocrx_word' id='word_1_660' title='bbox 3339 4449 3633 4518; x_wconf 77' lang='grc' dir='ltr'>φυλάσσει,</span> <span class='ocrx_word' id='word_1_661' title='bbox 3687 4451 3781 4502; x_wconf 73' lang='grc' dir='ltr'><strong>καὶ</strong></span> 
     </span>
    </p>
   </div>
   <div class='ocr_carea' id='block_1_90' title="bbox 499 4525 2079 4610">
    <p class='ocr_par' dir='ltr' id='par_1_90' title="bbox 499 4525 2079 4610">
     <span class='ocr_line' id='line_1_90' title="bbox 499 4525 2079 4610; baseline 0.013 -34"><span class='ocrx_word' id='word_1_662' title='bbox 499 4531 684 4578; x_wconf 88' lang='lat' dir='ltr'><strong>manet</strong></span> <span class='ocrx_word' id='word_1_663' title='bbox 713 4525 803 4579; x_wconf 87' lang='lat' dir='ltr'><strong>ille</strong></span> <span class='ocrx_word' id='word_1_664' title='bbox 845 4537 1050 4595; x_wconf 88' lang='lat' dir='ltr'><strong>custos,</strong></span> <span class='ocrx_word' id='word_1_665' title='bbox 1093 4541 1148 4586; x_wconf 93' lang='lat' dir='ltr'><strong>et</strong></span> <span class='ocrx_word' id='word_1_666' title='bbox 1178 4531 1472 4602; x_wconf 85' lang='lat' dir='ltr'><strong>singularis</strong></span> <span class='ocrx_word' id='word_1_667' title='bbox 1495 4534 1594 4590; x_wconf 90' lang='lat' dir='ltr'><strong>feri</strong></span> <span class='ocrx_word' id='word_1_668' title='bbox 1633 4537 1856 4594; x_wconf 89' lang='lat' dir='ltr'><strong>insidias</strong></span> <span class='ocrx_word' id='word_1_669' title='bbox 1891 4543 2079 4610; x_wconf 89' lang='lat' dir='ltr'><strong>procul</strong></span> 
     </span>
    </p>
   </div>
   <div class='ocr_carea' id='block_1_91' title="bbox 431 4615 2078 4687">
    <p class='ocr_par' dir='ltr' id='par_1_91' title="bbox 431 4615 2078 4687">
     <span class='ocr_line' id='line_1_91' title="bbox 431 4615 2078 4687; baseline 0.014 -22"><span class='ocrx_word' id='word_1_670' title='bbox 431 4624 434 4628; x_wconf 51' lang='grc' dir='ltr'><strong>λ</strong></span> <span class='ocrx_word' id='word_1_671' title='bbox 499 4615 706 4685; x_wconf 87' lang='lat' dir='ltr'><strong>abigit;</strong></span> <span class='ocrx_word' id='word_1_672' title='bbox 740 4631 867 4671; x_wconf 91' lang='lat' dir='ltr'><strong>cum</strong></span> <span class='ocrx_word' id='word_1_673' title='bbox 898 4629 1079 4674; x_wconf 87' lang='lat' dir='ltr'><strong>autem</strong></span> <span class='ocrx_word' id='word_1_674' title='bbox 1115 4637 1277 4675; x_wconf 87' lang='lat' dir='ltr'><strong>uvam</strong></span> <span class='ocrx_word' id='word_1_675' title='bbox 1301 4623 1447 4679; x_wconf 84' lang='lat' dir='ltr'><strong>fellis</strong></span> <span class='ocrx_word' id='word_1_676' title='bbox 1473 4633 1527 4679; x_wconf 85' lang='lat' dir='ltr'><strong>et</strong></span> <span class='ocrx_word' id='word_1_677' title='bbox 1552 4627 1771 4684; x_wconf 90' lang='lat' dir='ltr'><strong>botrum</strong></span> <span class='ocrx_word' id='word_1_678' title='bbox 1807 4634 2078 4687; x_wconf 65' lang='lat' dir='ltr'><strong>amarituo</strong></span> 
     </span>
    </p>
   </div>
   <div class='ocr_carea' id='block_1_92' title="bbox 497 4703 2077 4778">
    <p class='ocr_par' dir='ltr' id='par_1_92' title="bbox 497 4703 2077 4778">
     <span class='ocr_line' id='line_1_92' title="bbox 497 4703 2077 4778; baseline 0.016 -24"><span class='ocrx_word' id='word_1_679' title='bbox 497 4703 642 4759; x_wconf 86' lang='lat' dir='ltr'><strong>dinis</strong></span> <span class='ocrx_word' id='word_1_680' title='bbox 671 4706 908 4775; x_wconf 88' lang='lat' dir='ltr'><strong>profert,</strong></span> <span class='ocrx_word' id='word_1_681' title='bbox 965 4709 1364 4768; x_wconf 83' lang='lat' dir='ltr'><strong>infructuosam</strong></span> <span class='ocrx_word' id='word_1_682' title='bbox 1417 4716 1653 4771; x_wconf 91' lang='lat' dir='ltr'><strong>animam</strong></span> <span class='ocrx_word' id='word_1_683' title='bbox 1697 4719 1789 4775; x_wconf 90' lang='lat' dir='ltr'><strong>ille</strong></span> <span class='ocrx_word' id='word_1_684' title='bbox 1831 4722 2077 4778; x_wconf 85' lang='lat' dir='ltr'><strong>deserit:</strong></span> 
     </span>
    </p>
   </div>
   <div class='ocr_carea' id='block_1_93' title="bbox 497 4799 2080 4882">
    <p class='ocr_par' dir='ltr' id='par_1_93' title="bbox 497 4799 2080 4882">
     <span class='ocr_line' id='line_1_93' title="bbox 497 4799 2080 4882; baseline 0.015 -37"><span class='ocrx_word' id='word_1_685' title='bbox 497 4803 550 4846; x_wconf 88' lang='lat' dir='ltr'><strong>et</strong></span> <span class='ocrx_word' id='word_1_686' title='bbox 575 4802 702 4849; x_wconf 90' lang='lat' dir='ltr'><strong>tunc</strong></span> <span class='ocrx_word' id='word_1_687' title='bbox 727 4799 780 4850; x_wconf 91' lang='lat' dir='ltr'><strong>in</strong></span> <span class='ocrx_word' id='word_1_688' title='bbox 803 4801 1052 4868; x_wconf 89' lang='lat' dir='ltr'><strong>quemvis</strong></span> <span class='ocrx_word' id='word_1_689' title='bbox 1085 4802 1301 4860; x_wconf 88' lang='lat' dir='ltr'><strong>brutum</strong></span> <span class='ocrx_word' id='word_1_690' title='bbox 1331 4807 1647 4876; x_wconf 83' lang='lat' dir='ltr'><strong>cogitatum,</strong></span> <span class='ocrx_word' id='word_1_691' title='bbox 1671 4821 1726 4865; x_wconf 91' lang='lat' dir='ltr'><strong>et</strong></span> <span class='ocrx_word' id='word_1_692' title='bbox 1751 4811 1804 4864; x_wconf 92' lang='lat' dir='ltr'><strong>in</strong></span> <span class='ocrx_word' id='word_1_693' title='bbox 1829 4815 2080 4882; x_wconf 84' lang='lat' dir='ltr'><strong>quamvis</strong></span> 
     </span>
    </p>
   </div>
   <div class='ocr_carea' id='block_1_94' title="bbox 499 4885 2079 4966">
    <p class='ocr_par' dir='ltr' id='par_1_94' title="bbox 499 4885 2079 4966">
     <span class='ocr_line' id='line_1_94' title="bbox 499 4885 2079 4966; baseline 0.013 -30"><span class='ocrx_word' id='word_1_694' title='bbox 499 4885 932 4945; x_wconf 87' lang='lat' dir='ltr'><strong>irrationabilem</strong></span> <span class='ocrx_word' id='word_1_695' title='bbox 981 4896 1477 4966; x_wconf 86' lang='lat' dir='ltr'><strong>concupiscentiam</strong></span> <span class='ocrx_word' id='word_1_696' title='bbox 1526 4902 1728 4956; x_wconf 89' lang='lat' dir='ltr'><strong>decidit</strong></span> <span class='ocrx_word' id='word_1_697' title='bbox 1789 4903 1905 4958; x_wconf 88' lang='lat' dir='ltr'><strong>illa.</strong></span> <span class='ocrx_word' id='word_1_698' title='bbox 1964 4901 2079 4957; x_wconf 83' lang='lat' dir='ltr'><strong>Ple-</strong></span> 
     </span>
    </p>
   </div>
   <div class='ocr_carea' id='block_1_95' title="bbox 498 4981 2084 5061">
    <p class='ocr_par' dir='ltr' id='par_1_95' title="bbox 498 4981 2084 5061">
     <span class='ocr_line' id='line_1_95' title="bbox 498 4981 2084 5061; baseline 0.012 -33"><span class='ocrx_word' id='word_1_699' title='bbox 498 4989 728 5046; x_wconf 84' lang='lat' dir='ltr'><strong>rumque</strong></span> <span class='ocrx_word' id='word_1_700' title='bbox 777 4995 941 5048; x_wconf 84' lang='lat' dir='ltr'><strong>porro</strong></span> <span class='ocrx_word' id='word_1_701' title='bbox 973 4981 1258 5054; x_wconf 84' lang='lat' dir='ltr'><strong>Scriptura</strong></span> <span class='ocrx_word' id='word_1_702' title='bbox 1295 4988 1548 5046; x_wconf 88' lang='lat' dir='ltr'><strong>lsraelem</strong></span> <span class='ocrx_word' id='word_1_703' title='bbox 1599 4994 1818 5060; x_wconf 85' lang='lat' dir='ltr'><strong>vineam</strong></span> <span class='ocrx_word' id='word_1_704' title='bbox 1878 4992 2084 5061; x_wconf 88' lang='lat' dir='ltr'><strong>tropice</strong></span> 
     </span>
    </p>
   </div>
   <div class='ocr_carea' id='block_1_96' title="bbox 498 5069 2079 5151">
    <p class='ocr_par' dir='ltr' id='par_1_96' title="bbox 498 5069 2079 5151">
     <span class='ocr_line' id='line_1_96' title="bbox 498 5069 2079 5151; baseline 0.011 -33"><span class='ocrx_word' id='word_1_705' title='bbox 498 5069 806 5136; x_wconf 85' lang='lat' dir='ltr'><strong>nuncupat;</strong></span> <span class='ocrx_word' id='word_1_706' title='bbox 846 5077 984 5147; x_wconf 44' lang='lat' dir='ltr'><strong>utﬁt</strong></span> <span class='ocrx_word' id='word_1_707' title='bbox 1013 5072 1236 5130; x_wconf 83' lang='lat' dir='ltr'><strong>Vineam</strong></span> <span class='ocrx_word' id='word_1_708' title='bbox 1269 5092 1332 5132; x_wconf 81' lang='lat' dir='ltr'><strong>ex</strong></span> <span class='ocrx_word' id='word_1_709' title='bbox 1378 5079 1618 5151; x_wconf 65' lang='lat' dir='ltr'><strong>Egypto</strong></span> <span class='ocrx_word' id='word_1_710' title='bbox 1662 5081 2028 5149; x_wconf 85' lang='lat' dir='ltr'><strong>transtulisti;</strong></span> <span class='ocrx_word' id='word_1_711' title='bbox 2061 5101 2079 5135; x_wconf 73' lang='grc' dir='ltr'><strong>ι</strong></span> 
     </span>
    </p>
   </div>
   <div class='ocr_carea' id='block_1_97' title="bbox 495 5159 2081 5241">
    <p class='ocr_par' dir='ltr' id='par_1_97' title="bbox 495 5159 2081 5241">
     <span class='ocr_line' id='line_1_97' title="bbox 495 5159 2081 5241; baseline 0.012 -31"><span class='ocrx_word' id='word_1_712' title='bbox 495 5165 571 5223; x_wconf 89' lang='lat' dir='ltr'><strong>et,</strong></span> <span class='ocrx_word' id='word_1_713' title='bbox 636 5177 657 5211; x_wconf 81' lang='grc' dir='ltr'><strong>ι</strong></span> <span class='ocrx_word' id='word_1_714' title='bbox 685 5159 853 5216; x_wconf 81' lang='lat' dir='ltr'><strong>Vinea</strong></span> <span class='ocrx_word' id='word_1_715' title='bbox 889 5163 1028 5219; x_wconf 87' lang='lat' dir='ltr'><strong>facta</strong></span> <span class='ocrx_word' id='word_1_716' title='bbox 1063 5176 1147 5222; x_wconf 91' lang='lat' dir='ltr'><strong>est</strong></span> <span class='ocrx_word' id='word_1_717' title='bbox 1181 5169 1379 5224; x_wconf 85' lang='lat' dir='ltr'><strong>dilecto</strong></span> <span class='ocrx_word' id='word_1_718' title='bbox 1410 5169 1458 5203; x_wconf 81' lang='grc'><strong>¹⁹</strong></span> <span class='ocrx_word' id='word_1_719' title='bbox 1481 5185 1521 5235; x_wconf 73' lang='grc' dir='ltr'>ς»</span> <span class='ocrx_word' id='word_1_720' title='bbox 1571 5179 1648 5234; x_wconf 91' lang='lat' dir='ltr'><strong>et,</strong></span> <span class='ocrx_word' id='word_1_721' title='bbox 1709 5188 1728 5221; x_wconf 83' lang='grc' dir='ltr'><strong>ι</strong></span> <span class='ocrx_word' id='word_1_722' title='bbox 1755 5172 1866 5241; x_wconf 82' lang='lat' dir='ltr'><strong>Ego</strong></span> <span class='ocrx_word' id='word_1_723' title='bbox 1900 5183 2081 5228; x_wconf 88' lang='lat' dir='ltr'><strong>autem</strong></span> 
     </span>
    </p>
   </div>
   <div class='ocr_carea' id='block_1_98' title="bbox 499 5249 2077 5326">
    <p class='ocr_par' dir='ltr' id='par_1_98' title="bbox 499 5249 2077 5326">
     <span class='ocr_line' id='line_1_98' title="bbox 499 5249 2077 5326; baseline 0.01 -23"><span class='ocrx_word' id='word_1_724' title='bbox 499 5249 733 5318; x_wconf 80' lang='lat' dir='ltr'><strong>plantavi</strong></span> <span class='ocrx_word' id='word_1_725' title='bbox 770 5263 820 5308; x_wconf 83' lang='lat' dir='ltr'><strong>te</strong></span> <span class='ocrx_word' id='word_1_726' title='bbox 860 5256 1072 5312; x_wconf 84' lang='lat' dir='ltr'><strong>vineam</strong></span> <span class='ocrx_word' id='word_1_727' title='bbox 1121 5258 1482 5326; x_wconf 89' lang='lat' dir='ltr'><strong>fructuosam,</strong></span> <span class='ocrx_word' id='word_1_728' title='bbox 1532 5271 1701 5316; x_wconf 86' lang='lat' dir='ltr'><strong>totam</strong></span> <span class='ocrx_word' id='word_1_729' title='bbox 1751 5277 1935 5317; x_wconf 84' lang='lat' dir='ltr'><strong>veram</strong></span> <span class='ocrx_word' id='word_1_730' title='bbox 1983 5266 2024 5322; x_wconf 83' lang='grc'><strong>⁸.</strong></span> <span class='ocrx_word' id='word_1_731' title='bbox 2059 5284 2077 5318; x_wconf 73' lang='grc' dir='ltr'><strong>ι</strong></span> 
     </span>
    </p>
   </div>
   <div class='ocr_carea' id='block_1_99' title="bbox 2186 4539 3780 4613">
    <p class='ocr_par' dir='ltr' id='par_1_99' title="bbox 2186 4539 3780 4613">
     <span class='ocr_line' id='line_1_99' title="bbox 2186 4539 3780 4613; baseline 0 -19"><span class='ocrx_word' id='word_1_732' title='bbox 2186 4541 2470 4613; x_wconf 74' lang='grc' dir='ltr'>πόρρωθεν</span> <span class='ocrx_word' id='word_1_733' title='bbox 2509 4541 2765 4611; x_wconf 88' lang='grc' dir='ltr'>ἀπείργει</span> <span class='ocrx_word' id='word_1_734' title='bbox 2795 4539 2895 4604; x_wconf 88' lang='grc' dir='ltr'><strong>τάς</strong></span> <span class='ocrx_word' id='word_1_735' title='bbox 2934 4540 3029 4592; x_wconf 87' lang='grc' dir='ltr'><strong>τοῦ</strong></span> <span class='ocrx_word' id='word_1_736' title='bbox 3074 4541 3258 4610; x_wconf 87' lang='grc' dir='ltr'>μονιοῦ</span> <span class='ocrx_word' id='word_1_737' title='bbox 3290 4541 3386 4593; x_wconf 90' lang='grc' dir='ltr'><strong>τοῦ</strong></span> <span class='ocrx_word' id='word_1_738' title='bbox 3430 4541 3627 4612; x_wconf 83' lang='grc' dir='ltr'>ἀγρίου</span> <span class='ocrx_word' id='word_1_739' title='bbox 3659 4542 3780 4594; x_wconf 88' lang='grc' dir='ltr'>ἐπι-</span> 
     </span>
    </p>
   </div>
   <div class='ocr_carea' id='block_1_100' title="bbox 2185 4629 3781 4702">
    <p class='ocr_par' dir='ltr' id='par_1_100' title="bbox 2185 4629 3781 4702">
     <span class='ocr_line' id='line_1_100' title="bbox 2185 4629 3781 4702; baseline -0.001 -18"><span class='ocrx_word' id='word_1_740' title='bbox 2185 4632 2412 4694; x_wconf 74' lang='grc' dir='ltr'>ϐουλάς·</span> <span class='ocrx_word' id='word_1_741' title='bbox 2452 4632 2579 4683; x_wconf 83' lang='grc' dir='ltr'>ὅταν</span> <span class='ocrx_word' id='word_1_742' title='bbox 2615 4631 2670 4682; x_wconf 79' lang='grc' dir='ltr'><strong>δὲ</strong></span> <span class='ocrx_word' id='word_1_743' title='bbox 2703 4629 2975 4701; x_wconf 82' lang='grc' dir='ltr'>σταφυλὴν</span> <span class='ocrx_word' id='word_1_744' title='bbox 3014 4631 3176 4701; x_wconf 84' lang='grc' dir='ltr'>χολῆς</span> <span class='ocrx_word' id='word_1_745' title='bbox 3210 4632 3430 4702; x_wconf 77' lang='grc' dir='ltr'>γεωργῇ</span> <span class='ocrx_word' id='word_1_746' title='bbox 3458 4631 3553 4683; x_wconf 75' lang='grc' dir='ltr'><strong>καὶ</strong></span> <span class='ocrx_word' id='word_1_747' title='bbox 3585 4629 3781 4700; x_wconf 87' lang='grc' dir='ltr'>βότρυν</span> 
     </span>
    </p>
   </div>
   <div class='ocr_carea' id='block_1_101' title="bbox 2187 4721 3777 4794">
    <p class='ocr_par' dir='ltr' id='par_1_101' title="bbox 2187 4721 3777 4794">
     <span class='ocr_line' id='line_1_101' title="bbox 2187 4721 3777 4794; baseline -0.001 -19"><span class='ocrx_word' id='word_1_748' title='bbox 2187 4722 2412 4792; x_wconf 89' lang='grc' dir='ltr'>πικρίας</span> <span class='ocrx_word' id='word_1_749' title='bbox 2443 4722 2674 4794; x_wconf 80' lang='grc' dir='ltr'>ἐκφέρῃ,</span> <span class='ocrx_word' id='word_1_750' title='bbox 2699 4721 3282 4792; x_wconf 84' lang='grc' dir='ltr'>ἐγκαταλιμπάνει-τὴν</span> <span class='ocrx_word' id='word_1_751' title='bbox 3311 4723 3557 4793; x_wconf 80' lang='grc' dir='ltr'>ἄκαρπον</span> <span class='ocrx_word' id='word_1_752' title='bbox 3577 4723 3777 4791; x_wconf 74' lang='grc' dir='ltr'>ψυχήν·</span> 
     </span>
    </p>
   </div>
   <div class='ocr_carea' id='block_1_102' title="bbox 2189 4812 3780 4884">
    <p class='ocr_par' dir='ltr' id='par_1_102' title="bbox 2189 4812 3780 4884">
     <span class='ocr_line' id='line_1_102' title="bbox 2189 4812 3780 4884; baseline 0.001 -20"><span class='ocrx_word' id='word_1_753' title='bbox 2189 4813 2284 4864; x_wconf 74' lang='grc' dir='ltr'>καὶ</span> <span class='ocrx_word' id='word_1_754' title='bbox 2310 4814 2428 4865; x_wconf 88' lang='grc' dir='ltr'>τότε</span> <span class='ocrx_word' id='word_1_755' title='bbox 2460 4813 2565 4864; x_wconf 87' lang='grc' dir='ltr'><strong>ὑπὸ</strong></span> <span class='ocrx_word' id='word_1_756' title='bbox 2596 4813 2801 4875; x_wconf 83' lang='grc' dir='ltr'>παντὸς</span> <span class='ocrx_word' id='word_1_757' title='bbox 2832 4812 3094 4883; x_wconf 85' lang='grc' dir='ltr'>λογισμοῦ</span> <span class='ocrx_word' id='word_1_758' title='bbox 3125 4812 3425 4884; x_wconf 83' lang='grc' dir='ltr'>θηριώδους</span> <span class='ocrx_word' id='word_1_759' title='bbox 3460 4813 3556 4865; x_wconf 80' lang='grc' dir='ltr'>καὶ</span> <span class='ocrx_word' id='word_1_760' title='bbox 3601 4813 3780 4881; x_wconf 83' lang='grc' dir='ltr'>πάσης</span> 
     </span>
    </p>
   </div>
   <div class='ocr_carea' id='block_1_103' title="bbox 2184 4905 3781 4976">
    <p class='ocr_par' dir='ltr' id='par_1_103' title="bbox 2184 4905 3781 4976">
     <span class='ocr_line' id='line_1_103' title="bbox 2184 4905 3781 4976; baseline -0.001 -18"><span class='ocrx_word' id='word_1_761' title='bbox 2184 4905 2380 4974; x_wconf 89' lang='grc' dir='ltr'>ἀλόγου</span> <span class='ocrx_word' id='word_1_762' title='bbox 2412 4905 2714 4976; x_wconf 84' lang='grc' dir='ltr'>ἐπιθυμίας</span> <span class='ocrx_word' id='word_1_763' title='bbox 2739 4909 3152 4961; x_wconf 83' lang='grc' dir='ltr'>καταπεσεῖται.</span> <span class='ocrx_word' id='word_1_764' title='bbox 3189 4905 3466 4975; x_wconf 85' lang='grc' dir='ltr'>Πολλαχοῦ</span> <span class='ocrx_word' id='word_1_765' title='bbox 3500 4905 3556 4957; x_wconf 84' lang='grc' dir='ltr'>δὲ</span> <span class='ocrx_word' id='word_1_766' title='bbox 3585 4921 3745 4975; x_wconf 87' lang='grc' dir='ltr'>τροπι</span> <span class='ocrx_word' id='word_1_767' title='bbox 3769 4934 3781 4946; x_wconf 90' lang='lat'><strong>-</strong></span> 
     </span>
    </p>
   </div>
   <div class='ocr_carea' id='block_1_104' title="bbox 2185 4993 3782 5070">
    <p class='ocr_par' dir='ltr' id='par_1_104' title="bbox 2185 4993 3782 5070">
     <span class='ocr_line' id='line_1_104' title="bbox 2185 4993 3782 5070; baseline 0.004 -20"><span class='ocrx_word' id='word_1_768' title='bbox 2185 4995 2296 5060; x_wconf 89' lang='grc' dir='ltr'><strong>κῶς</strong></span> <span class='ocrx_word' id='word_1_769' title='bbox 2311 4997 2606 5070; x_wconf 80' lang='grc' dir='ltr'>ἀμπελῶνα</span> <span class='ocrx_word' id='word_1_770' title='bbox 2625 4997 2715 5049; x_wconf 84' lang='grc' dir='ltr'><strong>τὸν</strong></span> <span class='ocrx_word' id='word_1_771' title='bbox 2749 4997 2964 5068; x_wconf 82' lang='grc' dir='ltr'>Ἰσραὴλ</span> <span class='ocrx_word' id='word_1_772' title='bbox 2985 5000 3014 5050; x_wconf 85' lang='grc' dir='ltr'>ὁ</span> <span class='ocrx_word' id='word_1_773' title='bbox 3045 4996 3203 5063; x_wconf 88' lang='grc' dir='ltr'>λόγος</span> <span class='ocrx_word' id='word_1_774' title='bbox 3228 4993 3625 5066; x_wconf 80' lang='grc' dir='ltr'>προσαγορεύει</span> <span class='ocrx_word' id='word_1_775' title='bbox 3645 5010 3658 5023; x_wconf 85' lang='grc'><em>’</em></span> <span class='ocrx_word' id='word_1_776' title='bbox 3705 4994 3782 5056; x_wconf 79' lang='grc' dir='ltr'><strong>ὼς</strong></span> 
     </span>
    </p>
   </div>
   <div class='ocr_carea' id='block_1_105' title="bbox 2182 5085 3782 5157">
    <p class='ocr_par' dir='ltr' id='par_1_105' title="bbox 2182 5085 3782 5157">
     <span class='ocr_line' id='line_1_105' title="bbox 2182 5085 3782 5157; baseline -0.001 -19"><span class='ocrx_word' id='word_1_777' title='bbox 2182 5085 2262 5150; x_wconf 85' lang='grc' dir='ltr'><strong>τὸ,</strong></span> <span class='ocrx_word' id='word_1_778' title='bbox 2291 5103 2307 5136; x_wconf 83' lang='grc' dir='ltr'><strong>ι</strong></span> <span class='ocrx_word' id='word_1_779' title='bbox 2342 5086 2622 5156; x_wconf 76' lang='grc' dir='ltr'>’Ἄμπελον</span> <span class='ocrx_word' id='word_1_780' title='bbox 2651 5087 2710 5152; x_wconf 82' lang='grc' dir='ltr'>ἐξ</span> <span class='ocrx_word' id='word_1_781' title='bbox 2745 5087 3025 5155; x_wconf 78' lang='grc' dir='ltr'>Αἰγύπτου</span> <span class='ocrx_word' id='word_1_782' title='bbox 3061 5088 3197 5157; x_wconf 84' lang='grc' dir='ltr'>μετῆ</span> <span class='ocrx_word' id='word_1_783' title='bbox 3209 5103 3325 5156; x_wconf 89' lang='grc' dir='ltr'>ρας·</span> <span class='ocrx_word' id='word_1_784' title='bbox 3351 5105 3369 5137; x_wconf 73' lang='grc' dir='ltr'><strong>ι</strong></span> <span class='ocrx_word' id='word_1_785' title='bbox 3389 5087 3503 5146; x_wconf 73' lang='grc' dir='ltr'>καὶ,</span> <span class='ocrx_word' id='word_1_786' title='bbox 3525 5105 3542 5135; x_wconf 87' lang='grc' dir='ltr'><strong>ι</strong></span> <span class='ocrx_word' id='word_1_787' title='bbox 3576 5085 3782 5154; x_wconf 71' lang='grc' dir='ltr'>Ἄμπε-</span> 
     </span>
    </p>
   </div>
   <div class='ocr_carea' id='block_1_106' title="bbox 2184 5173 3780 5248">
    <p class='ocr_par' dir='ltr' id='par_1_106' title="bbox 2184 5173 3780 5248">
     <span class='ocr_line' id='line_1_106' title="bbox 2184 5173 3780 5248; baseline -0.001 -21"><span class='ocrx_word' id='word_1_788' title='bbox 2184 5173 2289 5227; x_wconf 88' lang='grc' dir='ltr'>λὼν</span> <span class='ocrx_word' id='word_1_789' title='bbox 2322 5174 2552 5246; x_wconf 76' lang='grc' dir='ltr'>ἐγενήθη</span> <span class='ocrx_word' id='word_1_790' title='bbox 2574 5175 2651 5246; x_wconf 81' lang='grc' dir='ltr'>τῷ</span> <span class='ocrx_word' id='word_1_791' title='bbox 2677 5179 2863 5248; x_wconf 79' lang='grc' dir='ltr'>ἡγαπη</span> <span class='ocrx_word' id='word_1_792' title='bbox 2873 5177 3036 5246; x_wconf 86' lang='grc' dir='ltr'>μένῳ·</span> <span class='ocrx_word' id='word_1_793' title='bbox 3054 5195 3071 5226; x_wconf 74' lang='grc' dir='ltr'><strong>ι</strong></span> <span class='ocrx_word' id='word_1_794' title='bbox 3089 5177 3204 5242; x_wconf 74' lang='grc' dir='ltr'>καὶ,</span> <span class='ocrx_word' id='word_1_795' title='bbox 3230 5194 3248 5226; x_wconf 84' lang='grc' dir='ltr'><strong>ι</strong></span> <span class='ocrx_word' id='word_1_796' title='bbox 3272 5175 3413 5243; x_wconf 84' lang='grc' dir='ltr'><strong>Ἐγὼ</strong></span> <span class='ocrx_word' id='word_1_797' title='bbox 3432 5175 3489 5228; x_wconf 88' lang='grc' dir='ltr'><strong>δέ</strong></span> <span class='ocrx_word' id='word_1_798' title='bbox 3505 5173 3780 5243; x_wconf 83' lang='grc' dir='ltr'>ἐφύτευσά</span> 
     </span>
    </p>
   </div>
   <div class='ocr_carea' id='block_1_107' title="bbox 2189 5265 3779 5340">
    <p class='ocr_par' dir='ltr' id='par_1_107' title="bbox 2189 5265 3779 5340">
     <span class='ocr_line' id='line_1_107' title="bbox 2189 5265 3779 5340; baseline -0.003 -20"><span class='ocrx_word' id='word_1_799' title='bbox 2189 5285 2248 5320; x_wconf 88' lang='grc' dir='ltr'><strong>σε</strong></span> <span class='ocrx_word' id='word_1_800' title='bbox 2273 5269 2528 5338; x_wconf 82' lang='grc' dir='ltr'>ἄμπελον</span> <span class='ocrx_word' id='word_1_801' title='bbox 2571 5269 2945 5340; x_wconf 84' lang='grc' dir='ltr'>καρποφόρον,</span> <span class='ocrx_word' id='word_1_802' title='bbox 2998 5268 3181 5320; x_wconf 81' lang='grc' dir='ltr'>πᾶσαν</span> <span class='ocrx_word' id='word_1_803' title='bbox 3205 5267 3486 5337; x_wconf 82' lang='grc' dir='ltr'>ἀληθινήν.</span> <span class='ocrx_word' id='word_1_804' title='bbox 3522 5285 3539 5316; x_wconf 76' lang='grc' dir='ltr'><strong>ι</strong></span> <span class='ocrx_word' id='word_1_805' title='bbox 3573 5266 3635 5318; x_wconf 84' lang='lat' dir='ltr'><strong>El</strong></span> <span class='ocrx_word' id='word_1_806' title='bbox 3659 5265 3716 5318; x_wconf 80' lang='grc' dir='ltr'><strong>δέ</strong></span> <span class='ocrx_word' id='word_1_807' title='bbox 3749 5266 3779 5315; x_wconf 82' lang='grc' dir='ltr'>ὁ</span> 
     </span>
    </p>
   </div>
   <div class='ocr_carea' id='block_1_108' title="bbox 575 5369 2426 5450">
    <p class='ocr_par' dir='ltr' id='par_1_108' title="bbox 575 5369 2426 5450">
     <span class='ocr_line' id='line_1_108' title="bbox 575 5369 2426 5450; baseline 0.01 -28"><span class='ocrx_word' id='word_1_808' title='bbox 575 5369 619 5400; x_wconf 74' lang='grc'><strong>⁸⁸</strong></span> <span class='ocrx_word' id='word_1_809' title='bbox 647 5369 808 5425; x_wconf 87' lang='lat' dir='ltr'><strong>Prov.</strong></span> <span class='ocrx_word' id='word_1_810' title='bbox 841 5388 923 5436; x_wconf 88' lang='grc' dir='ltr'>ιιι,</span> <span class='ocrx_word' id='word_1_811' title='bbox 948 5373 1032 5428; x_wconf 71' lang='lat'><strong>12.</strong></span> <span class='ocrx_word' id='word_1_812' title='bbox 1111 5377 1132 5406; x_wconf 82' lang='grc'><strong><em>²</em></strong></span> <span class='ocrx_word' id='word_1_813' title='bbox 1155 5375 1296 5430; x_wconf 80' lang='lat' dir='ltr'><strong>Psal.</strong></span> <span class='ocrx_word' id='word_1_814' title='bbox 1329 5391 1517 5438; x_wconf 80' lang='lat' dir='ltr'><strong>Lxxtx,</strong></span> <span class='ocrx_word' id='word_1_815' title='bbox 1550 5376 1602 5429; x_wconf 89' lang='lat'><strong>9.</strong></span> <span class='ocrx_word' id='word_1_816' title='bbox 1659 5387 1678 5416; x_wconf 76' lang='grc'>⁸</span> <span class='ocrx_word' id='word_1_817' title='bbox 1703 5387 1719 5406; x_wconf 84' lang='grc'>⁶</span> <span class='ocrx_word' id='word_1_818' title='bbox 1746 5383 1859 5440; x_wconf 82' lang='lat' dir='ltr'><strong>Jsa.</strong></span> <span class='ocrx_word' id='word_1_819' title='bbox 1889 5401 1942 5450; x_wconf 84' lang='lat' dir='ltr'><strong>v,</strong></span> <span class='ocrx_word' id='word_1_820' title='bbox 1978 5385 2028 5438; x_wconf 80' lang='lat' dir='ltr'><strong>l.</strong></span> <span class='ocrx_word' id='word_1_821' title='bbox 2053 5384 2074 5415; x_wconf 88' lang='grc'>³</span> <span class='ocrx_word' id='word_1_822' title='bbox 2099 5381 2209 5440; x_wconf 83' lang='lat' dir='ltr'><strong>Jer.</strong></span> <span class='ocrx_word' id='word_1_823' title='bbox 2245 5401 2303 5449; x_wconf 89' lang='lat' dir='ltr'><strong>tt,</strong></span> <span class='ocrx_word' id='word_1_824' title='bbox 2335 5386 2426 5444; x_wconf 71' lang='lat'><strong>21.</strong></span> 
     </span>
    </p>
   </div>
   <div class='ocr_carea' id='block_1_109' title="bbox 571 5463 2076 5540">
    <p class='ocr_par' dir='ltr' id='par_1_109' title="bbox 571 5463 2076 5540">
     <span class='ocr_line' id='line_1_109' title="bbox 571 5463 2076 5540; baseline 0.009 -25"><span class='ocrx_word' id='word_1_825' title='bbox 571 5465 649 5530; x_wconf 62' lang='lat'><strong>(5)</strong></span> <span class='ocrx_word' id='word_1_826' title='bbox 681 5463 776 5540; x_wconf 74' lang='lat' dir='ltr'><strong>llis</strong></span> <span class='ocrx_word' id='word_1_827' title='bbox 798 5467 993 5540; x_wconf 82' lang='lat' dir='ltr'><strong>similia</strong></span> <span class='ocrx_word' id='word_1_828' title='bbox 1027 5469 1190 5540; x_wconf 86' lang='lat' dir='ltr'><strong>habet</strong></span> <span class='ocrx_word' id='word_1_829' title='bbox 1219 5469 1585 5540; x_wconf 84' lang='lat' dir='ltr'><strong>Hieronymus</strong></span> <span class='ocrx_word' id='word_1_830' title='bbox 1606 5473 1660 5525; x_wconf 86' lang='lat' dir='ltr'><strong>in</strong></span> <span class='ocrx_word' id='word_1_831' title='bbox 1698 5473 1842 5527; x_wconf 86' lang='lat' dir='ltr'><strong>hunc</strong></span> <span class='ocrx_word' id='word_1_832' title='bbox 1877 5476 2076 5540; x_wconf 88' lang='lat' dir='ltr'><strong>locum,</strong></span> 
     </span>
    </p>
   </div>
   <div class='ocr_carea' id='block_1_110' title="bbox 503 5534 2077 5612">
    <p class='ocr_par' dir='ltr' id='par_1_110' title="bbox 503 5534 2077 5612">
     <span class='ocr_line' id='line_1_110' title="bbox 503 5534 2077 5612; baseline 0.011 -31"><span class='ocrx_word' id='word_1_833' title='bbox 503 5541 668 5612; x_wconf 67' lang='lat' dir='ltr'><strong>atque</strong></span> <span class='ocrx_word' id='word_1_834' title='bbox 703 5534 773 5586; x_wconf 88' lang='lat' dir='ltr'><strong>ita</strong></span> <span class='ocrx_word' id='word_1_835' title='bbox 803 5536 1083 5605; x_wconf 86' lang='lat' dir='ltr'><strong>loquitur:</strong></span> <span class='ocrx_word' id='word_1_836' title='bbox 1120 5557 1138 5590; x_wconf 81' lang='grc' dir='ltr'><strong>ι</strong></span> <span class='ocrx_word' id='word_1_837' title='bbox 1171 5539 1226 5612; x_wconf 87' lang='lat' dir='ltr'><strong>In</strong></span> <span class='ocrx_word' id='word_1_838' title='bbox 1259 5534 1637 5596; x_wconf 82' lang='lat' dir='ltr'><strong>cucumerario</strong></span> <span class='ocrx_word' id='word_1_839' title='bbox 1668 5559 1906 5612; x_wconf 87' lang='lat' dir='ltr'><strong>quoque,</strong></span> <span class='ocrx_word' id='word_1_840' title='bbox 1933 5534 2077 5612; x_wconf 85' lang='lat' dir='ltr'><strong>quod</strong></span> 
     </span>
    </p>
   </div>
   <div class='ocr_carea' id='block_1_111' title="bbox 506 5599 2078 5680">
    <p class='ocr_par' dir='ltr' id='par_1_111' title="bbox 506 5599 2078 5680">
     <span class='ocr_line' id='line_1_111' title="bbox 506 5599 2078 5680; baseline 0.011 -28"><span class='ocrx_word' id='word_1_841' title='bbox 506 5599 654 5680; x_wconf 52' lang='lat' dir='ltr'><strong>LXX</strong></span> <span class='ocrx_word' id='word_1_842' title='bbox 694 5599 965 5670; x_wconf 56' lang='lat' dir='ltr'><strong>pomor&#39;um</strong></span> <span class='ocrx_word' id='word_1_843' title='bbox 1025 5611 1318 5662; x_wconf 78' lang='lat' dir='ltr'><strong>custodiam</strong></span> <span class='ocrx_word' id='word_1_844' title='bbox 1368 5619 1583 5680; x_wconf 77' lang='lat' dir='ltr'><strong>vocant,</strong></span> <span class='ocrx_word' id='word_1_845' title='bbox 1651 5599 1906 5680; x_wconf 43' lang='lat' dir='ltr'><strong>parvulae,</strong></span> <span class='ocrx_word' id='word_1_846' title='bbox 1943 5599 2078 5669; x_wconf 71' lang='lat' dir='ltr'><strong>fiunt</strong></span> 
     </span>
    </p>
   </div>
   <div class='ocr_carea' id='block_1_112' title="bbox 508 5673 2074 5743">
    <p class='ocr_par' dir='ltr' id='par_1_112' title="bbox 508 5673 2074 5743">
     <span class='ocr_line' id='line_1_112' title="bbox 508 5673 2074 5743; baseline 0.011 -23"><span class='ocrx_word' id='word_1_847' title='bbox 508 5673 704 5726; x_wconf 65' lang='lat' dir='ltr'><strong>rasulm</strong></span> <span class='ocrx_word' id='word_1_848' title='bbox 750 5685 966 5743; x_wconf 84' lang='lat' dir='ltr'><strong>propter</strong></span> <span class='ocrx_word' id='word_1_849' title='bbox 1003 5679 1255 5731; x_wconf 85' lang='lat' dir='ltr'><strong>ardorem</strong></span> <span class='ocrx_word' id='word_1_850' title='bbox 1299 5679 1429 5732; x_wconf 91' lang='lat' dir='ltr'><strong>solis</strong></span> <span class='ocrx_word' id='word_1_851' title='bbox 1479 5695 1539 5734; x_wconf 85' lang='lat' dir='ltr'><strong>ac</strong></span> <span class='ocrx_word' id='word_1_852' title='bbox 1569 5673 1761 5737; x_wconf 39' lang='lat' dir='ltr'><strong>&#39;radios</strong></span> <span class='ocrx_word' id='word_1_853' title='bbox 1807 5684 2074 5738; x_wconf 87' lang='lat' dir='ltr'><strong>declinau-</strong></span> 
     </span>
    </p>
   </div>
   <div class='ocr_carea' id='block_1_113' title="bbox 511 5743 2071 5824">
    <p class='ocr_par' dir='ltr' id='par_1_113' title="bbox 511 5743 2071 5824">
     <span class='ocr_line' id='line_1_113' title="bbox 511 5743 2071 5824; baseline 0.013 -34"><span class='ocrx_word' id='word_1_854' title='bbox 511 5743 607 5794; x_wconf 85' lang='lat' dir='ltr'><strong>dos</strong></span> <span class='ocrx_word' id='word_1_855' title='bbox 630 5761 639 5795; x_wconf 90' lang='lat'><strong>:</strong></span> <span class='ocrx_word' id='word_1_856' title='bbox 663 5751 715 5797; x_wconf 87' lang='lat' dir='ltr'><strong>et</strong></span> <span class='ocrx_word' id='word_1_857' title='bbox 746 5745 870 5798; x_wconf 83' lang='lat' dir='ltr'><strong>inde</strong></span> <span class='ocrx_word' id='word_1_858' title='bbox 896 5747 975 5800; x_wconf 77' lang='lat' dir='ltr'><strong>vel</strong></span> <span class='ocrx_word' id='word_1_859' title='bbox 1009 5748 1366 5816; x_wconf 59' lang='lat' dir='ltr'><strong>hominesne!</strong></span> <span class='ocrx_word' id='word_1_860' title='bbox 1391 5750 1662 5819; x_wconf 79' lang='lat' dir='ltr'><strong>bestiolas,</strong></span> <span class='ocrx_word' id='word_1_861' title='bbox 1684 5769 1800 5824; x_wconf 64' lang='lat' dir='ltr'><strong>qum</strong></span> <span class='ocrx_word' id='word_1_862' title='bbox 1829 5754 2071 5811; x_wconf 85' lang='lat' dir='ltr'><strong>insidiari</strong></span> 
     </span>
    </p>
   </div>
   <div class='ocr_carea' id='block_1_114' title="bbox 2193 5472 3772 5543">
    <p class='ocr_par' dir='ltr' id='par_1_114' title="bbox 2193 5472 3772 5543">
     <span class='ocr_line' id='line_1_114' title="bbox 2193 5472 3772 5543; baseline -0.003 -13"><span class='ocrx_word' id='word_1_863' title='bbox 2193 5475 2369 5530; x_wconf 90' lang='lat' dir='ltr'><strong>solent</strong></span> <span class='ocrx_word' id='word_1_864' title='bbox 2415 5473 2555 5527; x_wconf 91' lang='lat' dir='ltr'><strong>natis</strong></span> <span class='ocrx_word' id='word_1_865' title='bbox 2581 5472 2849 5543; x_wconf 79' lang='lat' dir='ltr'><strong>frugibus,</strong></span> <span class='ocrx_word' id='word_1_866' title='bbox 2874 5472 3117 5542; x_wconf 86' lang='lat' dir='ltr'><strong>abigunt.</strong></span> <span class='ocrx_word' id='word_1_867' title='bbox 3172 5473 3308 5526; x_wconf 85' lang='lat' dir='ltr'><strong>Cum</strong></span> <span class='ocrx_word' id='word_1_868' title='bbox 3363 5483 3542 5526; x_wconf 72' lang='lat' dir='ltr'><strong>autem</strong></span> <span class='ocrx_word' id='word_1_869' title='bbox 3593 5473 3772 5526; x_wconf 82' lang='lat' dir='ltr'><strong>ablata</strong></span> 
     </span>
    </p>
   </div>
   <div class='ocr_carea' id='block_1_115' title="bbox 2187 5543 3775 5613">
    <p class='ocr_par' dir='ltr' id='par_1_115' title="bbox 2187 5543 3775 5613">
     <span class='ocr_line' id='line_1_115' title="bbox 2187 5543 3775 5613; baseline -0.002 -15"><span class='ocrx_word' id='word_1_870' title='bbox 2187 5543 3041 5613; x_wconf 86' lang='lat' dir='ltr'><strong>fuerintistiusmodigenimina,</strong></span> <span class='ocrx_word' id='word_1_871' title='bbox 3084 5555 3361 5598; x_wconf 83' lang='lat' dir='ltr'><strong>remanent</strong></span> <span class='ocrx_word' id='word_1_872' title='bbox 3403 5544 3611 5597; x_wconf 90' lang='lat' dir='ltr'><strong>arentia</strong></span> <span class='ocrx_word' id='word_1_873' title='bbox 3664 5543 3775 5595; x_wconf 87' lang='lat' dir='ltr'><strong>fru-</strong></span> 
     </span>
    </p>
   </div>
   <div class='ocr_carea' id='block_1_116' title="bbox 2187 5612 3774 5680">
    <p class='ocr_par' dir='ltr' id='par_1_116' title="bbox 2187 5612 3774 5680">
     <span class='ocr_line' id='line_1_116' title="bbox 2187 5612 3774 5680; baseline -0.003 -11"><span class='ocrx_word' id='word_1_874' title='bbox 2187 5617 2352 5669; x_wconf 91' lang='lat' dir='ltr'><strong>ticum</strong></span> <span class='ocrx_word' id='word_1_875' title='bbox 2406 5612 2764 5676; x_wconf 80' lang='lat' dir='ltr'><strong>umbracula,</strong></span> <span class='ocrx_word' id='word_1_876' title='bbox 2823 5612 3128 5680; x_wconf 59' lang='lat' dir='ltr'><strong>casumque</strong></span> <span class='ocrx_word' id='word_1_877' title='bbox 3176 5614 3461 5668; x_wconf 86' lang='lat' dir='ltr'><strong>recedente</strong></span> <span class='ocrx_word' id='word_1_878' title='bbox 3511 5614 3774 5667; x_wconf 84' lang='lat' dir='ltr'><strong>custode:</strong></span> 
     </span>
    </p>
   </div>
   <div class='ocr_carea' id='block_1_117' title="bbox 2184 5683 3777 5753">
    <p class='ocr_par' dir='ltr' id='par_1_117' title="bbox 2184 5683 3777 5753">
     <span class='ocr_line' id='line_1_117' title="bbox 2184 5683 3777 5753; baseline 0.002 -18"><span class='ocrx_word' id='word_1_879' title='bbox 2184 5687 2307 5753; x_wconf 83' lang='lat' dir='ltr'><strong>quia</strong></span> <span class='ocrx_word' id='word_1_880' title='bbox 2337 5698 2442 5736; x_wconf 92' lang='lat' dir='ltr'><strong>nou</strong></span> <span class='ocrx_word' id='word_1_881' title='bbox 2477 5683 2639 5736; x_wconf 84' lang='lat' dir='ltr'><strong>habet</strong></span> <span class='ocrx_word' id='word_1_882' title='bbox 2668 5683 2809 5753; x_wconf 84' lang='lat' dir='ltr'><strong>ultra</strong></span> <span class='ocrx_word' id='word_1_883' title='bbox 2838 5683 2981 5751; x_wconf 87' lang='lat' dir='ltr'><strong>quod</strong></span> <span class='ocrx_word' id='word_1_884' title='bbox 3013 5693 3228 5753; x_wconf 78' lang='lat' dir='ltr'><strong>servet,</strong></span> <span class='ocrx_word' id='word_1_885' title='bbox 3251 5703 3268 5734; x_wconf 76' lang='grc' dir='ltr'><strong>ι</strong></span> <span class='ocrx_word' id='word_1_886' title='bbox 3297 5694 3350 5738; x_wconf 83' lang='lat' dir='ltr'><strong>et</strong></span> <span class='ocrx_word' id='word_1_887' title='bbox 3383 5691 3576 5739; x_wconf 68' lang='grc' dir='ltr'>εωιριει</span> <span class='ocrx_word' id='word_1_888' title='bbox 3601 5725 3615 5750; x_wconf 96' lang='grc'><strong>,</strong></span> <span class='ocrx_word' id='word_1_889' title='bbox 3653 5694 3777 5752; x_wconf 67' lang='lat' dir='ltr'><strong>qua</strong></span> 
     </span>
    </p>
   </div>
   <div class='ocr_carea' id='block_1_118' title="bbox 2185 5751 3291 5820">
    <p class='ocr_par' dir='ltr' id='par_1_118' title="bbox 2185 5751 3291 5820">
     <span class='ocr_line' id='line_1_118' title="bbox 2185 5751 3291 5820; baseline -0.006 -9"><span class='ocrx_word' id='word_1_890' title='bbox 2185 5751 2310 5810; x_wconf 82' lang='lat' dir='ltr'><strong>item</strong></span> <span class='ocrx_word' id='word_1_891' title='bbox 2352 5753 2438 5808; x_wconf 87' lang='lat' dir='ltr'><strong>ille</strong></span> <span class='ocrx_word' id='word_1_892' title='bbox 2478 5751 2777 5820; x_wconf 83' lang='lat' dir='ltr'><strong>transtulit,</strong></span> <span class='ocrx_word' id='word_1_893' title='bbox 2809 5754 2901 5807; x_wconf 87' lang='lat' dir='ltr'><strong>scd</strong></span> <span class='ocrx_word' id='word_1_894' title='bbox 2930 5752 3291 5816; x_wconf 85' lang='grc' dir='ltr'>συνοπτικῶς.</span> 
     </span>
    </p>
   </div>
  </div>
