4138 6432
386 396 454 455 93
616 401 622 405 ’
1387 391 1890 448 ΟΟΜΜΕΝΤΑΙΗᾹ
1933 392 1979 445 ID

2084 391 2292 447 ΞΛΙΑΜ.
2336 425 2401 433 -
2441 391 2593 446 CAP.
2634 392 2674 446 l.
3576 394 3646 449 9‘

398 512 612 582 Ἰσραὴλ
633 509 910 578 ἀμπελὼν,
951 510 1120 580 σκηνὴ
1145 511 1240 580 τῆς
1264 509 1507 578 ἀμπέλου
1533 508 1735 576 ταύτης
1768 511 1795 561 6
1821 502 1966 571 οἶκος

2084 507 2222 573 Quod
2248 509 2293 563 si
2323 508 2484 563 Israel
2509 510 2660 562 vinea
2701 507 2882 573 fuerit,
2917 508 3324 563 tabernaculum
3367 524 3496 564 sane
3527 511 3647 580 ejus

389 603 527 672 τάχα
568 603 596 654 6
624 601 715 654 τοῦ
756 601 886 654 ναοῦ
914 619 926 630 ·
961 603 1226 671 σκήνωμα
1257 599 1366 669 γὰρ
1405 598 1560 669 δόξης
1597 598 1834 666 ἐλέγετο,
1854 600 1968 663 καὶ,

397 710 410 734 ν
447 693 730 762 σκήνωμα,
773 686 832 745 οὗ
875 691 1289 760 κατεσκήνωσεν
1325 690 1382 741 ἐν
1403 688 1731 759 ἀνθρώποις.
1777 709 1795 738 ι
1827 689 1973 750 Ἕως

393 781 491 832 ut"
525 777 618 834 οὖν
662 783 748 834 ὅτε
796 783 968 833 ἐποίει
1005 781 1214 851 καρπὸν
1248 780 1435 842 πολὺν,
1476 782 1569 832 καὶ
1606 781 1638 850 ἡ
1687 779 1860 850 σκηνὴ
1889 779 1974 832 διά

391 877 488 940 την
525 868 633 921 τῶν
680 870 909 940 καρπῶν
951 870 1197 938 φυλακὴν
1245 869 1619 936 συνειστήκει·
1669 867 1792 919 ἐπεὶ
1843 866 1898 918 δὲ
1947 868 1976 918 6

391 962 664 1028 φυτεύσας
682 961 851 1033 α’ύτὴν
880 963 1060 1032 ἔμεινε
1082 960 1174 1012 τοῦ
1202 959 1425 1029 ποιῆσαι
1443 957 1736 1027 σταφυλὴν,
1753 957 1972 1027 ἐποίησε

392 1051 448 1104 δέ
480 1051 742 1114 ἀκάνθας,
758 1047 842 1113 αἷς
864 1051 952 1102 τὸν
971 1049 1172 1119 Κύριον
1196 1048 1594 1116 ἐστεφάνωσαν,
1623 1047 1715 1098 καὶ
1731 1047 1972 1116 ἐστράφη

391 1143 542 1196 πᾶσα
572 1144 652 1205 είς
683 1143 906 1212 πικρίαν
928 1160 940 1171 ·
979 1142 1204 1211 ἐποίησε
1236 1141 1342 1210 γάρ
1386 1138 1656 1208 σταφυλὴν
1689 1138 1850 1208 χολῆς
1883 1139 1977 1190 καὶ

394 1231 588 1302 βότρυν
632 1232 890 1304 πικρίαςι
925 1233 1004 1284 διὸ
1042 1232 1133 1285 κοιλ⁴
1181 1233 1261 1295 είς
1304 1231 1364 1282 τὸ
1410 1230 1604 1300 βρῶμα
1649 1229 1855 1281 ἔδωκαν
1899 1228 1977 1298 τῷ

391 1323 587 1393 Κυρίῳ
633 1323 793 1392 χολήν
817 1326 849 1352 ·“
872 1323 961 1375 διὰ
989 1323 1146 1374 τοῦτο
1193 1320 1590 1390 ἐγκατελείφθη
1614 1323 1646 1387 ή
1679 1321 1851 1391 σκηνὴ
1885 1319 1975 1372 τοῦ

392 1412 732 1481 ἀμπελῶνος.
765 1425 783 1461 ἀ
829 1412 956 1464 Ἰδοὺ
992 1411 1120 1482 γάρ,
1153 1413 1342 1481 φησιν,
1377 1413 1596 1479 ἀφίεται
1627 1411 1753 1480 ὑμῖν
1779 1411 1807 1461 ὁ
1833 1407 1977 1473 οἶκος

395 1500 550 1570 ὑμῶν
601 1501 832 1572 ἔρημος·
879 1521 898 1552 ›
945 1503 1068 1553 τότε
1115 1501 1406 1572 ἐπληρώθη
1460 1505 1492 1572 ἡ
1544 1501 1744 1570 ἀπειλὴ
1795 1500 1973 1570 αῦτη·

400 1610 417 1640 ι
452 1591 876 1661 Ἐγκατελείφθη
917 1592 1026 1663 γάρ
1067 1593 1143 1656 ὠς
1174 1595 1346 1664 σκηνὴ
1383 1594 1439 1645 ἐν
1482 1591 1788 1664 ἀμπελῶνι.
1829 1611 1845 1642 ι
1889 1591 1978 1657 Ἐξ

394 1682 604 1734 ἐκείνου
639 1682 821 1734 λοιπὸν
855 1684 950 1734 καὶ
989 1686 1108 1746 ταῖς
1141 1685 1392 1751 νεφέλαις
1436 1683 1739 1736 ἐνετείλατο
1771 1680 1865 1734 τοῦ
1903 1683 1977 1752 μὴ

397 1773 589 1842 βρέξαι
612 1773 704 1825 ἐπὶ
744 1774 835 1826 τὸν
867 1773 1186 1844 ἀμπελῶνα.
1222 1774 1319 1826 Διά
1359 1775 1516 1827 τοῦτο
1546 1775 1730 1826 οὐκέτι
1761 1774 1978 1845 προφῆ-

2076 601 2268 654 domus
2305 600 2484 668 templi
2513 600 2616 654 erit
2645 619 2656 653 :
2683 615 2806 653 nam
2841 599 3253 654 tabernaculum
3287 601 3480 670 gloriae
3511 603 3646 656 dici-

2079 700 2182 754 tur,
2229 698 2305 754 et,
2363 690 2852 755 «tabernaculum,
2906 690 2992 743 ubi
3042 690 3304 744 habitavit
3358 691 3412 744 in
3470 691 3646 745 horni-

2077 782 2232 834 nibus
2268 779 2310 834 ⁸.
2342 799 2360 832 ι
2423 781 2606 834 Donec
2642 782 2824 850 itaque
2870 783 3095 836 multum
3133 782 3365 837 fructum
3397 776 3646 849 protulit,

2078 866 2488 922 tabernaculum
2544 868 2609 921 ad
2666 871 2937 924 fructuum
2991 872 3294 925 custodiam
3350 870 3645 926 substitit:
3737 925 3743 929 .

2077 959 2203 1027 quia
2245 975 2383 1013 vero
2411 960 2503 1029 qui
2544 961 2809 1029 plantavit
2850 976 3003 1027 eam,
3053 965 3384 1032 exspectavit
3413 975 3468 1017 ut
3501 966 3646 1020 face-

2079 1058 2154 1101 ret
2207 1065 2391 1113 uvam,
2446 1050 2796 1104 recitantem
2851 1053 3054 1122 spinas,
3119 1053 3313 1121 quibus
3364 1055 3644 1108 Dominum

2076 1150 2427 1206 coronarunt,
2493 1151 2600 1195 tota
2636 1157 2902 1197 conversa
2943 1153 3027 1198 est
3079 1145 3130 1197 in
3188 1145 3645 1200 amaritudinem:

2079 1230 2206 1284 fecit
2251 1231 2394 1286 enim
2448 1248 2604 1285 uvam
2656 1231 2797 1287 fellis
2845 1244 2897 1288 et
2958 1234 3166 1286 botrum
3221 1237 3644 1290 amaritudinis:

2079 1319 2304 1388 ideoque
2337 1320 2388 1373 iu
2424 1309 2608 1390 potum
2655 1322 2881 1375 Domino
2933 1322 3000 1376 fel
3047 1323 3355 1391 dederunt;
3399 1341 3462 1381 ua
3518 1340 3648 1381 sane

2078 1411 2144 1467 de
2172 1426 2335 1467 causa
2363 1413 2774 1466 tabernaculum
2808 1414 2978 1468 vinea:
3019 1414 3331 1468 derelictum
3361 1427 3442 1471 est
3477 1435 3490 1472 :
3523 1434 3644 1472 nam

2085 1519 2101 1551 ι
2131 1516 2298 1564 ecce,
2363 1502 2579 1569 inquit,
2642 1500 2982 1572 relinquetur
3035 1505 3188 1558 vobis
3236 1506 3429 1561 domus
3470 1519 3647 1563 vestra

2080 1591 2292 1645 deserta
2353 1592 2392 1644 '.
2420 1610 2438 1642 ι
2485 1591 2635 1645 Tunc
2675 1606 2804 1646 vere
2839 1592 3057 1662 impleta
3101 1605 3185 1650 est
3228 1595 3314 1649 illa
3353 1599 3651 1653 commina-

2082 1681 2178 1740 tio.
2237 1681 2437 1734 etenim
2477 1698 2494 1730 ι
2525 1680 2787 1735 derelicta
2835 1689 2920 1734 est
2954 1684 3096 1737 sicut
3145 1684 3554 1740 tabernaculum
3593 1690 3646 1742 in

2079 1777 2279 1829 vinea:
2317 1795 2336 1826 ι
2365 1776 2563 1829 exinde
2615 1789 2744 1830 vero
2791 1776 3022 1832 nubibus
3069 1779 3346 1833 mandavit
3394 1795 3460 1834 ne
3502 1782 3651 1848 plue-

394 1879 483 1915 ται
511 1865 638 1932 παρ’
665 1864 868 1926 αὐτοῖς,
903 1853 1087 1916 ούκέτί
1121 1861 1344 1935 οὐρανία
1378 1865 1570 1936 χάρις’
1605 1863 1740 1917 ἀλλὰ
1758 1865 1979 1932 γέγονεν

2085 1877 2205 1920 rent
2257 1881 2421 1935 super
2471 1866 2704 1920 vineam.
2761 1865 2970 1921 Idcirco
3030 1883 3135 1923 non
3188 1869 3329 1922 ultra
3375 1871 3651 1940 prephetaa

396 1956 474 2017 si;
502 1954 694 2024 χέρσον
724 1955 816 2006 καὶ
839 1955 1233 2024 καταπάτημα,
1262 1956 1316 2007 οἵ
1339 1972 1399 2007 τε
1452 1956 1696 2026 φραγμοὶ
1723 1954 1818 2006 τοῦ
1848 1955 1974 2007 ναοῦ

397 2045 604 2097 ἐκείνου
656 2045 1072 2117 καθῃρέθησαν,
1122 2048 1150 2098 6
1185 2045 1602 2116 ύπερασπισμὸς
1655 2045 1761 2097 τῶν
1811 2044 1977 2111 ἁγίων

395 2135 693 2204 δυνάμεων,
741 2137 846 2208 κᾷν
895 2153 944 2188 τι
984 2137 1325 2207 ἐργάσωνται
1369 2135 1510 2188 κατά
1542 2136 1634 2188 τὸν
1666 2137 1849 2206 νόμον,
1899 2136 1977 2198 είς

397 2226 671 2280 ἀπώλειάν
709 2230 843 2280 ἐστι.
885 2249 901 2278 ι
938 2229 1048 2280 Καὶ
1087 2228 1160 2290 ὡς
1189 2227 1658 2298 ὀπωροφυλάκιον,
1700 2226 1885 2296 φησὶν,
1922 2227 1978 2278 ἐν

398 2314 728 2384 σικυηλάτῳ.
776 2334 793 2365 ι
828 2315 1092 2385 Σημαίνει
1127 2316 1306 2368 τοίνυν
1341 2316 1429 2368 διὰ
1460 2315 1652 2368 τούτου
1693 2315 1789 2385 τὴν
1847 2332 1980 2368 παν-

404 2393 535 2473 τελῆ
556 2405 731 2457 αὐτῶν
761 2404 1067 2475 ἀκαρπίαν·
1098 2405 1202 2468 ἕως
1236 2407 1333 2476 μέν
1363 2405 1471 2477 γὰρ
1506 2404 1734 2476 καρπῶν
1759 2403 1978 2468 ἀγαθῶν

401 2495 777 2566 πεπλήρωται,
831 2498 922 2550 τὸν
954 2498 1295 2569 φρουροῦντα
1341 2501 1434 2551 καὶ
1482 2497 1822 2567 φυλάσσοντα
1856 2497 1978 2550 ἐκέ-

401 2602 594 2660 3:1;1'2;
607 2577 885 2660 ᾂςσκηνὴν
905 2589 1236 2659 πηξάμενος,
1254 2588 1458 2642 ἀνωθεν
1475 2575 1568 2657 ἀφ’
1583 2589 1786 2659 ὑψηλοῦ
1803 2590 1980 2658 ἀφορᾷ

401 2680 494 2731 καὶ¹
527 2683 870 2750 περισκοπεῖ,
907 2679 1001 2732 καὶ
1041 2679 1298 2748 φυλάττει
1323 2680 1413 2732 τὸν
1451 2679 1768 2748 ἀμπελῶνα.
1793 2681 1919 2733 El6’
1951 2684 1979 2734 6

397 2768 588 2822 τούτου
621 2770 832 2841 καρπὸς
859 2769 1154 2840 ἀφαιρεθῇ,
1187 2769 1493 2840 τηνικαῦτα
1517 2773 1544 2823 6
1574 2770 1767 2839 φύλαξ,
1797 2771 1873 2834 ὡς
1905 2772 1978 2842 μὴ

400 2861 481 2924 είς
517 2861 743 2930 μάταιον
774 2861 988 2931 κάμνῃ,
1038 2859 1135 2930 τὴν
1172 2862 1376 2934 σκηνὴν
1423 2861 1627 2932 ἔρημον
1666 2862 1977 2930 ἀπολιπὼν,

396 2953 674 3025 ἀναχωρεῖ
698 2953 796 3024 τῆς
818 2953 1080 3021 φυλακῆς.

2081 1970 2244 2025 penes
2272 1955 2389 2009 illos
2414 1963 2557 2020 sunt,
2593 1971 2695 2010 non
2736 1958 2980 2012 celestis
3015 1960 3222 2028 gratia;
3251 1962 3344 2014 sed
3387 1977 3651 2016 conversa

2077 2055 2162 2100 est
2195 2047 2248 2098 in
2294 2047 2498 2099 aridam
2531 2056 2584 2100 et
2627 2046 2680 2099 in
2714 2048 3186 2103 conculcationem
3209 2089 3226 2114 ,
3268 2065 3423 2119 sepes
3471 2054 3650 2120 templi

2079 2135 2221 2191 illius
2251 2136 2545 2191 destructa
2574 2147 2722 2204 sunt,
2769 2152 2986 2192 necnon
3034 2148 3346 2194 sanctarum
3388 2139 3653 2196 virtutum

2080 2228 2546 2298 propugnaculum
2592 2247 2606 2283 :
2645 2244 2711 2283 ac
2763 2230 2980 2284 etiamsi
3025 2231 3300 2300 quidpiam
3357 2235 3652 2287 secundum

2082 2319 2254 2388 legem
2287 2327 2474 2388 agant,
2499 2320 2553 2374 id
2587 2319 2690 2373 illis
2719 2320 2771 2373 in
2802 2321 3097 2389 perniciem
3144 2322 3328 2376 vertit.
3364 2339 3383 2375 ι
3413 2323 3480 2376 Et
3513 2322 3656 2377 sicut

2083 2409 2378 2478 tugurium,
2404 2410 2503 2475 ait,
2541 2409 2595 2462 in
2623 2411 3026 2464 cucumerario.
3055 2430 3075 2463 ›
3124 2410 3214 2466 His
3266 2413 3447 2482 itaque
3480 2413 3652 2484 signi-

2081 2497 2207 2553 ﬁcat
2244 2501 2613 2556 omnimodam
2643 2502 2784 2569 apud
2825 2502 2946 2557 illos
2980 2501 3259 2557 fructuum
3286 2506 3655 2563 vacuitatem:

2081 2591 2252 2645 donec
2281 2591 2427 2644 enim
2475 2591 2637 2646 bonis
2687 2589 2952 2645 fructibus
2978 2593 3327 2660 implebatur,
3373 2595 3654 2649 custodem

2084 2680 2149 2733 ad
2177 2679 2487 2749 praesidium
2512 2679 2794 2733 obtinebat
2823 2694 2971 2746 eum,
3014 2681 3104 2750 qui
3151 2691 3360 2737 structo
3410 2685 3657 2739 taberna-

2080 2769 2229 2834 culo,
2265 2785 2295 2824 e
2324 2769 2542 2824 sublimi
2581 2771 2832 2825 observat
2860 2780 2916 2824 et
2960 2772 3184 2842 respicit
3214 2773 3450 2828 vineam.
3504 2773 3657 2842 Quod

2081 2860 2125 2914 si
2153 2860 2362 2915 fruetus
2393 2859 2517 2928 ejus
2551 2860 2849 2926 auferatur,
2885 2871 3012 2917 tunc
3041 2872 3246 2926 custos,
3273 2878 3340 2917 ne
3368 2863 3422 2916 in
3457 2878 3656 2918 vanum

2081 2949 2310 3014 laboret,
2346 2951 2756 3006 tabernaculum
2792 2936 3073 3008 descrtum
3103 2953 3435 3022 relinquens,
3473 2957 3660 3011 absce-

2081 3042 2161 3098 dit
2189 3057 2218 3096 a
2245 3041 2512 3097 custodia.

494 3247 518 3282 ς
543 3219 654 3273 Καὶ
701 3221 749 3271 εἰ
804 3219 878 3290 μὴ
927 3218 1130 3291 Κύριος
1186 3217 1412 3272 Σαϐαὼθ
1465 3219 1820 3287 ἐγκατέλιπεν
1849 3219 1979 3290 ἡμῖν

2159 3212 2321 3269 Vens.
2363 3214 2417 3280 9,
2467 3213 2551 3268 10.
2617 3214 2737 3270 «Et
2776 3215 2882 3271 nisi
2925 3215 3184 3272 Dominus
3232 3215 3478 3272 Sabaoth
3533 3217 3662 3271 reli-

406 3306 649 3381 σ-πέρμα,
677 3309 752 3371 ὡς
779 3308 985 3378 Σόδομα
1014 3308 1080 3361 ἂν
1108 3309 1468 3382 ἐγενήθημεν,
1494 3310 1590 3362 καὶ
1621 3309 1696 3374 ὡς
1728 3311 1982 3382 Γόμορρα

405 3400 470 3466 ἂν
497 3399 880 3471 ὡμοιώθημεν.
919 3399 1208 3453 Ἀκούσατε
1241 3400 1400 3469 λόγον
1444 3401 1651 3474 Κυρίου
1673 3441 1687 3466 ,
1723 3400 1984 3473 ἄρχοντες

404 3494 681 3563 Σοδόμων·
730 3496 1024 3565 προσέχετε
1055 3493 1216 3564 νόμον
1259 3492 1416 3560 Θεοῦ,
1450 3490 1576 3555 λαὸς
1609 3491 1911 3562 Γομόρρας.
1958 3510 1977 3544 ι

417 3583 740 3656 Ἐπειδήπερ
763 3585 857 3638 ἐπὶ
880 3587 944 3656 τῇ
983 3584 1093 3637 τῶν
1127 3584 1379 3655 πατέριον
1426 3585 1596 3655 ἀρετῇ
1649 3582 1984 3653 σεμνυνόμε-

325 3728 330 3730 .
402 3691 512 3737 νοι,
557 3675 698 3744 μέγα
742 3675 1022 3745 ἐφρόνουν,
1053 3674 1129 3737 ὡς
1152 3674 1246 3726 τοῦ
1289 3673 1541 3744 Ἀϐραὰμ
1582 3673 1734 3735 ὄντες
1759 3671 1984 3744 σπέρμα

403 3765 497 3818 καὶ
537 3764 630 3818 τοῦ
679 3765 894 3836 Ἰσραὴλ
926 3765 1214 3832 ἀπόγονοι·
1263 3765 1488 3828 εἰκότως
1532 3764 1593 3815 τὸ
1640 3762 1984 3833 μεγάλαυχον

403 3856 581 3909 αὐτῶν
606 3859 634 3910 6
666 3857 823 3924 λόγος
852 3858 1118 3922 ταπεινοῖ,
1145 3856 1237 3909 καὶ
1264 3855 1325 3907 τὸ
1353 3855 1578 3925 μάταιον
1608 3855 1777 3924 οἴημα
1799 3853 1986 3907 καθαι-

406 3950 490 4017 ρεῖ
511 3964 524 3980 ·
557 3949 682 4008 τοὺς
715 3946 812 4016 μὲν
847 3945 1113 4015 ἄρχοντας
1146 3943 1237 3998 τοῦ
1269 3944 1552 4015 διαϐοήτου
1597 3943 1841 4014 Ἰσραὴλ,
1885 3944 1983 3996 Σο-

402 4036 580 4105 δόμων
602 4037 865 4105 άρχοντας
885 4035 1187 4104 ὀνομάζων,
1213 4034 1374 4087 αὑτὸν
1397 4033 1454 4086 δὲ
1472 4033 1562 4086 τὸν
1578 4033 1986 4105 χρηματίζοντα

403 4124 532 4176 λαὸν
561 4124 653 4176 τοῦ
683 4123 843 4187 Θεοῦ,
872 4123 1000 4176 λαὸν
1033 4123 1315 4197 Ιζομόῤῥας
1342 4123 1650 4187 ἀποκαλῶν,
1676 4125 1750 4188 ὡς
1770 4125 1857 4178 διὰ
1877 4125 1985 4176 τῶν

406 4214 537 4268 ἰσων
574 4214 1024 4284 ἐπιτηδευμάτων
1064 4217 1177 4278 τοῖς
1218 4215 1385 4268 πάλαι
1426 4211 1986 4286 ἀσεϐήσασινόμοιω-

405 4302 593 4356 θέντα·
637 4303 883 4374 Σοδόμων
931 4303 1157 4374 ἄρχουσι
1206 4304 1299 4357 καὶ
1343 4303 1627 4375 Γόμόρβας
1661 4305 1776 4374 λαῷ
1807 4321 1985 4375 παρα-

404 4393 586 4446 ϐάλλει
606 4394 823 4458 αὐτοὺς,
845 4393 935 4448 διὰ
953 4394 1052 4465 τὴν
1071 4393 1371 4464 μέλλουσαν
1391 4397 1574 4458 αὐτοῖς
1598 4395 1983 4448 ἐπελεύσεσθαι

2085 3304 2292 3374 quisset
2331 3303 2489 3359 nobis
2534 3319 2718 3360 semen
2745 3344 2759 3370 ,
2797 3307 2952 3374 quasi
2996 3305 3231 3360 Sodoma
3265 3306 3577 3374 fuissemus,
3603 3319 3665 3364 et

2085 3395 2403 3452 Gomorrhae
2431 3395 2636 3450 similes
2661 3409 2923 3451 essemus.
2952 3396 3151 3450 Audite
3176 3398 3396 3450 verbum
3417 3397 3658 3466 Domini,

2086 3486 2357 3557 principes
2383 3483 2773 3550 Sodomorum,
2807 3486 3068 3540 attendite
3103 3485 3205 3554 legi
3255 3487 3370 3549 Dei,
3417 3487 3651 3556 populus

2086 3575 2420 3632 Gomorrhaa.
2450 3593 2468 3624 ι
2531 3576 2665 3641 Quia
2701 3576 2768 3629 de
2815 3583 3030 3644 patrum
3083 3575 3286 3644 virtute
3339 3575 3658 3645 gloriantes,

2089 3679 2347 3736 magnum
2396 3664 2700 3733 sapicbant,
2749 3673 2935 3733 utpote
2967 3665 3057 3734 qui
3096 3666 3329 3718 Abrahae
3376 3678 3559 3718 semen
3603 3673 3660 3719 et

2087 3755 2306 3810 lsraelis
2351 3763 2579 3822 nepotes
2627 3763 2812 3807 essent
2840 3793 2855 3819 ,
2895 3754 3106 3808 illorum
3144 3755 3507 3822 arrogantiam
3538 3755 3662 3823 jure

2089 3843 2362 3912 deprimit,
2417 3852 2724 3909 Vanamque
2767 3856 2957 3895 eorum
3014 3843 3324 3910 opinionem
3374 3845 3440 3897 de
3485 3845 3666 3899 medio

2090 3934 2250 4000 tollit,
2284 3934 2410 3988 dum
2437 3932 2683 4002 praeclari
2712 3932 2861 3987 illius
2897 3932 3113 3994 Israelis
3159 3934 3445 4004 principes,
3491 3934 3663 3990 Sodo»

2088 4038 2298 4078 morum
2341 4024 2619 4092 principes
2648 4030 2948 4089 nuncupat,
2989 4032 3042 4076 et
3074 4023 3328 4091 populum
3359 4023 3505 4076 illum
3544 4024 3661 4094 Dei,

2087 4115 2345 4186 populum
2395 4112 2714 4168 Gomorrhze
2771 4123 2969 4178 vocat;
3025 4123 3211 4183 utpote
3266 4114 3355 4182 qui
3397 4115 3465 4168 ob
3511 4115 3662 4183 paria

2088 4206 2268 4261 studia
2304 4205 2410 4258 illis
2441 4204 2567 4258 olim
2601 4204 2782 4272 impiis
2827 4204 3022 4258 similis
3053 4203 3291 4258 evaserit
3324 4222 3337 4257 :
3373 4205 3490 4258 sive
3541 4204 3666 4259 illos

2086 4297 2435 4366 principibus
2485 4296 2848 4350 Sodomorum
2896 4304 2950 4346 et
2989 4292 3310 4347 Gomorrhte
3359 4305 3663 4363 comparat,

2087 4390 2154 4443 ob
2181 4398 2476 4457 venturum,
2499 4385 2604 4438 illis
2636 4383 2944 4448 excidium;
2992 4391 3053 4436 ut
3087 4382 3281 4437 accidit
3315 4384 3525 4452 populis
3557 4381 3660 4437 Se-

405 4487 789 4556 καταστροφήν
809 4503 822 4516 ο
859 4486 934 4550 ὡς
965 4490 1077 4550 τοῖς
1099 4487 1167 4540 τά
1189 4488 1398 4558 Σόδομα
1423 4488 1517 4540 καὶ
1541 4487 1799 4558 Γόμορρα
1832 4489 1952 4558 οίκή
1968 4519 1979 4528 -

2090 4480 2249 4533 doma
2298 4487 2353 4530 et
2411 4475 2775 4530 Gomorrham
2819 4472 3224 4535 incolentibus,
3269 4473 3363 4543 qui
3412 4475 3657 4528 omnium
3746 4519 3748 4522 .

407 4592 564 4629 σασιν
618 4576 843 4646 ἀνδράσι
872 4578 1089 4631 πάντων
1124 4577 1425 4648 ἀνθρώπων
1460 4577 1843 4642 ἀσεϐεστάτοις
1891 4596 1985 4647 γε-

405 4665 590 4719 νέσθαι
617 4668 1129 4738 μνημονευομένοις.

480 4776 498 4807 ι
532 4758 596 4809 Τί
631 4774 720 4827 μοι
757 4758 958 4827 πλῆθος
977 4759 1084 4811 τῶν
1108 4759 1306 4813 θυσιῶν
1351 4759 1525 4830 ὑμῶν,
1559 4759 1706 4828 λέγει
1735 4759 1978 4828 Κύριος;

406 4846 629 4918 Πλήρης
687 4847 804 4917 εἰμὶ
869 4847 1332 4919 ὁλοκαυτωμάτων
1389 4851 1558 4919 κριῶν
1593 4867 1606 4880 ο
1664 4852 1759 4903 καὶ
1816 4850 1982 4921 στέαρ

403 4937 604 5009 ἀρνῶν,
640 4940 734 4991 καὶ
770 4934 916 5009 ,αἷμα
961 4940 1176 5010 ταύρων
1221 4941 1315 4993 καὶ
1355 4941 1574 5009 τράγων
1603 4943 1664 4994 οὺ
1701 4941 1981 5010 βούλομαι,

403 5028 512 5080 οὐδ’
544 5028 606 5081 ἂν
661 5029 896 5101 ἔρχησθε
950 5029 1177 5100 ὀφθῆναί
1223 5048 1332 5100 μοι.
1393 5033 1490 5094 Τίς
1529 5031 1638 5103 γὰρ
1693 5030 1984 5101 ἐξεζήτησε

404 5117 575 5171 ταῦτα
599 5121 663 5171 ἐκ
678 5120 784 5172 τῶν
811 5120 1007 5191 χειρῶν
1025 5121 1208 5190 ὑμῶν;
1241 5141 1258 5174 ι
1291 5121 1434 5192 Πρὸς
1465 5118 1557 5176 οὖν
1578 5123 1704 5185 τοὺς
1730 5122 1799 5174 τά
1819 5121 1986 5175 δεινό-

405 5227 542 5263 τατα
573 5209 712 5264 κατά
748 5209 840 5264 τοῦ
882 5211 1086 5282 Κυρίου
1118 5211 1513 5282 τολμήσαντας,
1557 5212 1766 5274 θυσίαις
1805 5212 1862 5264 δὲ
1896 5213 1988 5264 καὶ

407 5299 678 5364 σπονδαῖς,
703 5300 795 5352 καὶ
817 5301 938 5362 ταῖς
966 5299 1153 5362 ἀλλαις
1178 5299 1318 5352 κατὰ
1336 5299 1426 5352 τὸν
1453 5301 1616 5369 νόμον
1647 5304 1986 5371 σωματικαῖς

405 5385 680 5454 λατρείαις
734 5387 1047 5440 ἱλάσκεσθαι
1084 5389 1174 5440 τὸν
1214 5388 1345 5440 Θεὸν
1386 5388 1725 5459 νομίζοντας,
1760 5392 1789 5442 6
1829 5389 1984 5456 λόγος

405 5477 749 5530 ἀποτείνεται
803 5480 1050 5546 φάσκων,
1094 5500 1111 5531 ι
1163 5481 1229 5533 Τί
1285 5499 1378 5553 μοι
1404 5482 1606 5553 πλῆθος
1641 5482 1747 5536 τῶν
1783 5482 1982 5536 θυσιῶν

405 5568 580 5636 ὑμῶν,
610 5567 754 5634 λέγει
781 5570 1014 5639 Κύριος;
1049 5590 1066 5622 ι
1105 5573 1198 5625 καὶ
1226 5573 1293 5626 τά
1319 5572 1464 5642 ἑξῆς.

477 5766 497 5794 ’⁵
531 5765 669 5820 l‘sal.
698 5783 901 5832 ωιχνιι,
934 5769 1021 5824 60.
1100 5772 1120 5802 '
1166 5771 1354 5828 Matth.
1385 5787 1542 5838 xxztt,
1576 5773 1666 5828 58.

2093 4574 2371 4627 hominum
2403 4568 2708 4639 impiissimi
2737 4567 2866 4622 olim
2895 4565 3065 4622 fuisse
3107 4576 3501 4623 memorantur.

2166 4755 2306 4808 Vens
2346 4753 2406 4806 11
2436 4792 2451 4817 ,
2494 4751 2581 4806 12.
2629 4769 2647 4802 ι
2677 4749 2813 4815 Quid
2862 4748 2993 4802 mihi
3035 4749 3318 4804 multitudo
3357 4748 3661 4806 sacriﬁcio—

2091 4863 2207 4901 rum
2235 4853 2559 4908 vestrorum,
2607 4843 2740 4897 dicit
2770 4841 3072 4896 Dominus?
3120 4843 3321 4898 Plenus
3360 4857 3477 4897 sum
3513 4842 3669 4898 holo-

2087 4938 2289 4992 caustis
2312 4937 2544 4990 arietum
2572 4951 2584 4987 :
2615 4944 2671 4990 et.
2704 4937 2918 5006 adipem
2943 4951 3225 5005 agnorum,
3253 4944 3308 4989 et
3339 4935 3656 5003 sanguinem

2091 5038 2368 5084 taurorum
2414 5037 2468 5083 et
2500 5030 2784 5083 hircorum
2817 5027 2962 5093 nolo,
3001 5043 3106 5081 nec
3163 5027 3392 5080 veniatis
3434 5027 3486 5078 in
3531 5040 3666 5079 con-

2089 5131 2333 5189 spectum
2386 5135 2585 5173 meum.
2623 5120 2755 5186 Quis
2788 5121 2931 5176 enim
2971 5119 3253 5187 requisivit
3301 5116 3416 5172 haec
3459 5118 3523 5170 de
3553 5131 3667 5168 ma—

2099 5208 2258 5263 nibus
2306 5208 2547 5262 vestris?
2588 5227 2606 5259 ι
2637 5207 2944 5276 Eusitaque
2999 5221 3182 5261 sermo
3248 5205 3506 5274 respicit,
3576 5205 3664 5270 qui

2093 5299 2294 5352 atrocia
2339 5307 2529 5352 contra
2563 5298 2847 5352 Dominum
2871 5297 3094 5366 aggredi
3148 5295 3290 5359 ausi,
3335 5291 3668 5357 sacriﬁciis,

2091 5389 2445 5444 libamiuibus
2517 5389 3100 5457 aliisquesecundum
3166 5386 3334 5453 legem
3393 5385 3667 5452 corporeis

2090 5479 2411 5534 ministeriis
2444 5479 2610 5533 Deum
2638 5496 2697 5532 se
2732 5478 2949 5548 placare
2980 5492 3138 5546 posse
3166 5484 3356 5544 putant
3390 5491 3403 5528 :
3432 5474 3623 5542 aitque
3649 5492 3664 5528 ;

2095 5569 2277 5635 «Quid
2346 5571 2476 5624 mihi
2535 5569 2824 5625 multitudo
2875 5567 3267 5624 sacriﬁciorum
3324 5574 3668 5627 vestrorum,

2089 5659 2218 5713 dicit
2253 5660 2546 5716 Dmninus?
2575 5679 2594 5713 ι
2631 5669 2684 5715 ct
2711 5669 2928 5746 caetera.
