4138 6428
511 353 583 409 95
1201 343 1474 402 EUSEBII
1511 340 1985 400 CESARIE‘NSIS
2021 340 2173 398 OPP.
2215 341 2394 397 PARS
2430 341 2520 397 lll.
2572 372 2615 380 —
2668 339 3078 396 EXEGE-TICA.
3719 346 3790 401 96

593 470 755 526 Vitas.
804 470 988 524 l5-l5.
1034 486 1052 520 t
1081 466 1310 523 Calcare
1359 466 1558 521 atrium
1599 479 1777 518 meum
1816 480 1925 519 non
1966 463 2088 532 adji-

2282 481 2300 514 ι
2339 464 2537 516 Πατεῖν
2591 462 2678 532 τὴν
2727 463 2898 534 αύλήν
2951 479 3054 532 μου
3093 462 3154 514 οὐ
3200 461 3592 534 προσθήσεσθε.
3662 457 3788 517 Ἐὰν

515 559 700 614 cietis.
738 557 796 612 Si
837 556 1065 612 tuleritis
1101 555 1357 621 similam,
1386 569 1584 608 vanum
1616 553 1941 625 thymiama,
1971 554 2101 608 abo-

518 651 749 707 minatio
773 650 1033 704 mlbiest.
1082 646 1410 702 Neomenias
1449 654 1685 711 vestras,
1737 653 1791 699 et
1838 644 2100 711 Sabbata,

518 751 575 798 et
604 742 744 796 diem
782 755 1031 810 magnam
1072 753 1179 793 non
1205 737 1324 792 fero
1360 753 1377 792 :
1407 735 1679 808 jejunium
1731 744 1785 790 et
1834 735 2097 791 cesSatio-

519 848 643 890 nem
676 841 730 888 et
763 831 1078 886 neomenias
1111 839 1328 885 vestras
1361 839 1418 884 et
1471 828 1843 886 solenmitates
1888 837 2100 882 vestras

514 925 631 980 odit
670 925 849 976 anima
889 937 1027 977 mea.
1067 921 1224 975 Facti
1265 922 1403 976 estis
1454 921 1587 976 mihi
1638 923 1689 973 in
1741 921 2097 974 satietatem:

517 1031 621 1070 non
656 1016 795 1069 ultra
836 1013 1082 1069 tolerabo
1107 1023 1334 1086 peccata
1364 1023 1569 1069 vestra.
1602 1012 1668 1066 Et
1692 1027 1817 1068 cum
1837 1011 2100 1065 extende-

515 1108 638 1162 ritis
667 1121 860 1161 manus
901 1115 1114 1160 vestras
1157 1106 1224 1160 ad
1268 1121 1376 1172 me,
1417 1113 1661 1160 avertam
1721 1103 1908 1160 oculos
1949 1119 2099 1160 meos

515 1212 546 1251 a
574 1196 730 1251 vobis
765 1215 780 1250 :
810 1205 865 1250 et
898 1196 942 1249 si
969 1195 1460 1265 multiplicaveritis
1488 1195 1966 1264 supplicationem,
1989 1208 2094 1248 non

511 1289 802 1343 exaudiam
839 1303 963 1343 vos:
992 1303 1118 1343 nam
1143 1303 1335 1343 manus
1353 1297 1545 1342 vestrre
1569 1288 1833 1358 sanguine
1867 1286 2094 1356 plenam

512 1379 620 1436 Sed
645 1381 772 1450 quia
806 1396 910 1435 non
943 1390 1316 1451 cognoverunt
1347 1379 1660 1445 Dominum,
1708 1391 1764 1436 et
1807 1379 1935 1450 quia
1990 1393 2098 1435 non

512 1471 907 1526 intellexerunt
971 1488 1116 1538 eum,
1168 1471 1294 1540 quia
1353 1471 1764 1541 dereliquerunt
1821 1485 1984 1534 eum,
2046 1479 2099 1525 et

515 1562 875 1618 irritaverant
919 1572 1166 1620 sanctum
1216 1563 1380 1618 Israet
1412 1582 1425 1618 :
1461 1571 1518 1617 et
1574 1564 1642 1617 ad
1698 1563 1812 1617 ltzec
1878 1561 2095 1626 omnia,

515 1653 647 1722 quia
686 1669 878 1708 manus
902 1669 1091 1708 eorum
1128 1655 1390 1724 sanguine
1417 1653 1591 1722 plena:
1626 1653 1868 1720 fuerunt,
1894 1653 1964 1708 ob
1994 1667 2101 1708 cte-

515 1744 638 1798 dem
672 1742 894 1810 Christi,
919 1760 1078 1814 quam
1104 1754 1222 1814 post
1254 1753 1548 1800 sexcentos
1581 1744 1937 1812 interemptos
1972 1759 2098 1814 pro-

512 1835 730 1904 phetas,
757 1845 1157 1903 perpetrarent,
1192 1844 1248 1890 et
1281 1835 1549 1904 sanguine
1596 1835 1786 1904 repleti
1815 1844 1974 1901 sunt;
2011 1835 2096 1891 bis

511 1927 763 1992 omnibus
797 1929 1104 1990 recensitis,
1144 1941 1356 1982 necnon
1395 1925 1531 1995 legis
1563 1927 1836 1982 solutione
1858 1967 1874 1993 ,
1906 1927 2093 1998 templi

512 2016 749 2080 excidio,
781 2031 845 2072 ac
881 2018 1213 2074 omnimodis
1264 2016 1580 2086 suppliciis;
1632 2018 1875 2087 peccati,
1940 2019 2096 2087 cujus

509 2122 670 2163 causa
704 2109 820 2164 haec
849 2109 1095 2179 perpessi
1129 2115 1278 2173 sunt,
1309 2107 1547 2176 speciem
1571 2108 1766 2162 edocet
1792 2125 1808 2162 z
1838 2107 2096 2178 ipsosque

507 2205 756 2262 accusat,
786 2213 891 2253 non
923 2198 992 2252 de
1027 2197 1302 2252 idolorum
1335 2196 1506 2260 cultu,
1544 2210 1652 2253 non
1695 2197 1761 2252 de
1799 2195 2090 2263 adulterio,

508 2301 608 2342 nec
646 2287 714 2340 de
737 2287 1005 2353 avaritia;
1040 2287 1134 2342 sed
1172 2288 1238 2344 de
1265 2289 1433 2344 caede.
1465 2285 1601 2342 Nam
1635 2272 1784 2342 timui
1816 2288 2093 2358 impietate

505 2388 559 2432 et
589 2379 882 2448 iniquitate
931 2379 1172 2436 deterior
1217 2389 1302 2436 est
1340 2395 1530 2436 eorum
1567 2390 1760 2436 contra
1802 2380 2090 2435 Dominum

507 2469 718 2525 insania
752 2487 768 2536 ;
804 2471 917 2527 bare
958 2472 1159 2542 quippe
1205 2486 1308 2526 vox
1355 2470 1571 2528 illorum
1621 2481 1752 2527 est:
1809 2490 1828 2523 ι
1857 2469 2093 2540 Sanguis

504 2557 625 2636 ejus
657 2574 823 2627 super
854 2575 954 2615 nos
989 2570 1043 2614 et
1072 2575 1236 2630 super
1270 2558 1412 2614 filios
1442 2569 1661 2616 nostros
1685 2561 1728 2614 ⁸.
1759 2577 1778 2612 ι
1822 2559 1920 2614 llic
1961 2574 2092 2615 san-

502 2650 624 2720 guis
651 2650 773 2704 illos
801 2651 1050 2728 pristinis
1100 2651 1441 2721 optimisque
1492 2651 1940 2719 possessionibus
1975 2651 2091 2720 pri-

505 2744 652 2797 vavit
683 2761 697 2796 :
727 2744 814 2799 hic
843 2745 1070 2814 sanguis
1093 2743 1216 2799 illos
1239 2759 1338 2814 per
1369 2748 1544 2798 totum
1575 2741 1766 2797 orbem
1795 2740 2092 2812 inquilinos

503 2831 708 2903 cﬂ'ecit.

580 2924 744 2980 Vens.
789 2926 876 2993 16,
903 2926 989 2982 17.
1033 2946 1051 2979 ι
1076 2911 1393 2992 Lavar'nini,
1427 2926 1616 2982 mundi
1651 2933 1847 2994 estote,
1875 2923 2092 2980 auferte

502 3017 741 3072 malitias
785 3016 855 3072 de
894 3018 1183 3073 animabus
1230 3018 1430 3073 vestris
1475 3017 1546 3072 ab
1605 3017 1781 3073 oculis
1830 3015 2082 3072 vestris:

2208 556 2409 625 φέρητε
2442 555 2751 624 σεμίδαλιν,
2801 555 3027 625 μάταιον
3061 553 3330 624 θυμίαμα,
3370 554 3645 626 βδέλυγμά
3699 555 3788 625 μοί

2202 646 2338 698 ἐστι.
2385 647 2494 708 Τὰς
2541 644 2839 716 νουμηνίας
2882 647 3071 717 ὑμῶν,
3129 646 3222 698 καὶ
3259 647 3326 698 τὰ
3371 646 3643 709 Σάϐϐατα,
3695 647 3788 699 καὶ

2203 737 2418 809 ἡμέραν
2451 737 2694 808 μεγάλην
2724 739 2823 790 ούκ
2858 739 3141 808 ἀνέχομαι,
3174 738 3427 807 νηστείαν
3462 739 3554 790 καὶ
3590 739 3787 809 ἀργίαν

2201 830 2296 882 καὶ
2326 828 2426 892 τὰς
2456 829 2753 899 νουμηνίας
2782 827 2934 898 ὑμῶν
2971 830 3065 882 καὶ
3093 829 3192 892 τὰς
3225 829 3416 900 ἑορτὰς
3451 829 3604 900 ὑμῶν
3641 832 3786 899 μισεῖ

2199 921 2232 989 ἡ
2269 920 2414 991 ψυχή
2462 936 2584 989 μου.
2622 919 2948 990 Ἐγενὴθητέ
2984 937 3074 989 μοι
3103 922 3182 980 εἰς
3217 920 3535 992 πλησμονήν
3557 937 3570 950 ⁸
3602 922 3785 974 ούκέτι

2200 1013 2387 1083 ἀνήσω
2445 1012 2533 1075 τὰς
2569 1012 2840 1083 ἁμαρτίας
2873 1011 3047 1082 ὑμῶν.
3102 1013 3273 1064 Ὅταν
3323 1012 3420 1074 τάς
3470 1014 3660 1083 χεῖρας
3691 1014 3783 1064 ὲκ-

2198 1104 2410 1174 τείνητε
2444 1104 2572 1175 πρὸς
2601 1104 2690 1175 μὲ,
2719 1104 3048 1175 άποστρέψω
3075 1106 3198 1167 τοὺς
3223 1104 3532 1175 ὀφθαλμούς
3561 1122 3660 1174 μου
3689 1092 3790 1174 ἀφ’

2201 1194 2231 1246 ὑ
2240 1192 2356 1263 μῶν
2374 1210 2387 1222 ο
2425 1193 2518 1246 καὶ
2543 1192 2638 1246 ὲάν
2668 1192 2976 1263 πληθύνητε
2998 1193 3093 1263 τὴν
3115 1192 3319 1263 δέησιν,
3347 1193 3447 1244 οὐκ
3471 1192 3788 1247 είσακούσου

2204 1301 2302 1354 μαι
2330 1285 2482 1354 ὑμῶν
2505 1301 2519 1316 '
2556 1285 2610 1338 αἱ
2641 1284 2748 1356 γὰρ
2784 1287 2968 1354 χεῖρες
3008 1282 3161 1354 ὑμῶν
3197 1285 3427 1354 αἵματος
3465 1284 3711 1356 πλήρεις.
3759 1303 3780 1336 ι

2212 1375 2349 1427 Ἀλλ’
2364 1376 2445 1428 ὅτι
2465 1374 2539 1446 μὴ
2566 1375 2810 1442 ἔγνωσαν
2829 1375 2919 1428 τὸν
2952 1374 3177 1445 Κύριον,
3204 1375 3297 1427 καὶ
3319 1375 3400 1428 ὃτι
3434 1375 3508 1446 μὴ
3543 1375 3787 1445 συνῆκαν

2201 1469 2392 1530 αὑτὸν,
2438 1469 2522 1520 ὃτι
2557 1467 2917 1537 ἐγκατέλιπον
2966 1468 3150 1532 αὑτὸν,
3187 1469 3283 1521 καὶ
3335 1467 3662 1539 παρώξυναν
3692 1470 3783 1522 τὸν

2200 1560 2354 1628 ἆγιον
2389 1559 2482 1613 τοῦ
2529 1561 2778 1633 Ἰσραὴλ,
2820 1562 2914 1614 καὶ
2957 1561 3094 1630 πρὸς
3128 1561 3302 1614 ἅπασι
3337 1561 3568 1626 τούτοις,
3614 1563 3694 1614 δτι
3725 1563 3784 1616 αἱ

2200 1654 2382 1724 χεῖρες
2431 1653 2611 1705 αὐτῶν
2663 1653 2952 1721 γεγόνασιν
3003 1654 3236 1722 αἵματος
3275 1653 3501 1723 πλήρεις
3543 1652 3634 1708 διά
3681 1652 3785 1723 τῆς

2200 1743 2342 1797 κατά
2374 1743 2469 1797 τοῦ
2497 1745 2736 1815 Χριστοῦ
2767 1734 3102 1816 μιαιφονίας,
3136 1746 3204 1815 ἢν
3229 1745 3366 1816 μετά
3404 1746 3603 1816 μυρίας
3636 1763 3783 1814 προ-

2201 1834 2560 1905 φητοκτονίας
2587 1835 2934 1906 εἰργάσαντο,
2959 1835 3053 1889 καὶ
3077 1835 3365 1903 γεγόνασιν
3391 1835 3624 1904 αἵματος
3645 1835 3783 1908 πλήο

2200 1942 2336 1996 ρεις,
2359 1925 2535 1979 πάντα
2566 1924 2697 1994 γοῦν
2724 1924 3030 1989 διεξελθὼν,
3053 1925 3148 1978 καὶ
3177 1925 3274 1996 τὴν
3300 1925 3395 1980 τοῦ
3421 1927 3585 1996 νόμου
3606 1927 3780 1994 λύσιν,

2197 2017 2292 2069 καὶ
2323 2015 2419 2068 τοῦ
2454 2015 2585 2068 ναοῦ
2608 2016 2708 2086 τὴν
2735 2016 3051 2079 κατάλυσιν,
3087 2017 3179 2070 καὶ
3211 2016 3308 2081 τὰς
3333 2017 3676 2082 παντοδαπάς
3696 2034 3781 2071 τι·

2199 2109 2432 2180 μωρίας,
2483 2109 2544 2162 τὺ
2593 2104 2732 2172 εἶδος
2763 2110 2860 2179 τῆς
2904 2110 3183 2180 ἁμαρτίας
3227 2109 3488 2175 ἐδίδαξεν,
3537 2102 3597 2162 οὗ
3621 2109 3783 2180 χάριν

2195 2199 2535 2253 πεπόνθασι·
2578 2201 2671 2253 καὶ
2711 2204 3007 2272 κατηγορεῖ
3047 2199 3248 2262 αὐτῶν,
3285 2199 3386 2252 οὐκ
3422 2198 3655 2253 εἰδώλων
3693 2199 3783 2253 θε-

2197 2290 2454 2361 ραπείαν,
2480 2292 2602 2344 οὐδὲ
2627 2292 2875 2362 μοιχείαν
2906 2293 3000 2344 καὶ
3029 2290 3366 2357 πλεονεξίαν,
3399 2290 3535 2345 ἀλλά
3565 2309 3782 2362 μιαιφο-

2193 2384 2332 2438 νίαν.
2364 2384 2555 2455 Πάσης
2589 2384 2699 2456 γὰρ
2737 2383 3058 2448 δυσσεϐείας
3101 2386 3194 2438 καὶ
3226 2383 3592 2454 παρανομίας,
3624 2383 3782 2454 χαλε-ι

2195 2477 2419 2548 πωτέρα
2447 2479 2480 2547 ἡ
2503 2476 2646 2530 κατά
2678 2475 2773 2529 τοῦ
2802 2476 3013 2547 Κυρίου
3046 2475 3213 2546 μανία
3237 2493 3250 2507 ο
3282 2474 3466 2528 αὐτῶν
3498 2473 3608 2545 γάρ
3635 2475 3782 2527 ἐστιν

2195 2569 2228 2638 ὴ
2253 2567 2424 2638 φωνὴ,
2465 2587 2483 2618 t
2531 2567 2605 2619 Τὸ
2627 2561 2766 2637 αἷμα
2797 2564 2960 2620 αὐτοῦ
2979 2568 3064 2636 ἐφ’
3089 2567 3239 2636 ἡμᾶς
3256 2565 3361 2618 καὶ
3400 2563 3494 2617 ἐπὶ
3520 2564 3589 2616 τά
3616 2563 3784 2617 τέκνα

2193 2658 2374 2728 ἡμῶν.
2421 2677 2438 2709 ι
2467 2657 2638 2710 Τοῦτο
2666 2658 2727 2710 τὸ
2751 2651 2909 2728 αἷμα,
2936 2657 3036 2728 τῆς
3063 2655 3297 2720 παλαιᾶς
3331 2655 3528 2716 αὐτοὺς
3558 2653 3783 2724 ἐστέρη-

2197 2766 2288 2802 σεν
2318 2748 2613 2820 εὐκληρίας
2635 2766 2648 2779 ’
2682 2748 2842 2802 τοῦτο
2872 2748 2932 2801 τὸ
2971 2741 3112 2819 αἷμα
3140 2746 3428 2820 μετοίκους
3472 2744 3572 2813 τῆς
3603 2743 3782 2796 οίκου-

2197 2841 2366 2914 μένης
2391 2842 2658 2913 ἀπέφηνε.

2270 2953 2288 2986 ι
2324 2932 2639 3000 Λούσασθε,
2673 2931 2906 3003 καθαροὶ
2943 2928 3192 2999 γένεσθε,
3219 2929 3448 3000 ἀφέλετε
3481 2929 3581 3002 τὰς
3615 2941 3782 3002 πονη-

2197 3028 2321 3098 ρίας
2353 3027 2462 3081 ἀπὸ
2501 3026 2611 3080 τῶν
2642 3026 2830 3097 ψυχῶν
2865 3025 3018 3096 ὑμῶν
3054 3025 3320 3079 ἀπέναντι
3347 3027 3456 3080 τῶν
3488 3022 3782 3094 ὀφθαλμῶν

503 3109 770 3177 quiescite
819 3124 849 3163 a
890 3108 1116 3164 malitiis
1151 3110 1354 3168 vestris
1377 3147 1395 3175 ,
1431 3109 1623 3164 discite
1651 3109 1789 3164 bene
1818 3109 2025 3166 facere.
2063 3127 2083 3161 ι

2195 3119 2372 3190 ὑμῶν·
2409 3117 2691 3171 παύσασθε
2741 3117 2850 3170 ἀπὸ
2892 3117 3000 3171 τῶν
3050 3118 3324 3189 πονηριῶν
3375 3117 3549 3188 ὑμῶν,
3580 3117 3779 3187 μάθετε

502 3200 807 3255 Admodum
864 3210 1269 3270 consequenter
1317 3212 1610 3273 postquam
1649 3203 1828 3272 prima
1877 3201 2090 3258 dixerat

500 3289 667 3356 Deus,
698 3291 786 3346 bis
832 3291 962 3345 item
1001 3301 1331 3348 memoratos
1378 3293 1742 3348 Sodomorum
1785 3292 2087 3364 principes,

498 3393 566 3434 ac
598 3381 850 3450 populum
877 3381 1197 3436 Gomorrba:
1221 3381 1273 3437 in
1307 3397 1458 3453 spem
1494 3383 1692 3438 bonam
1732 3382 1996 3438 transfert
2032 3389 2090 3438 et

498 3481 728 3538 evocat;
781 3473 826 3527 si
876 3474 1141 3528 malitiam
1174 3474 1535 3546 deponentes,
1587 3483 1644 3529 et
1700 3489 1730 3528 a
1783 3474 2089 3530 voluntario

499 3564 592 3619 illo
625 3567 928 3620 secundum
957 3581 1283 3638 corpoream
1319 3567 1491 3637 legem
1520 3567 1672 3623 cultu
1703 3568 2085 3634 abscedentes,

499 3655 648 3710 Νονο
675 3655 1050 3726 rTestamento,
1071 3673 1336 3730 novaeque
1360 3660 1465 3730 legi
1494 3670 1550 3715 et
1578 3661 1745 3715 verbo
1769 3659 2086 3730 obsequen-

499 3757 581 3804 tes
608 3747 830 3804 fuerint.
867 3749 1233 3817 Quamobrem
1267 3763 1555 3821 postquam
1592 3768 1654 3807 ea
1701 3767 1820 3823 qua:
1865 3751 2086 3808 Veteris

493 3835 828 3893 Testamenti
855 3850 1036 3905 erant,
1063 3843 1297 3912 carptim
1328 3843 1541 3912 tetigit,
1576 3841 1711 3896 Novi
1745 3841 2082 3898 Testamenti

496 3933 758 3999 mysteria
793 3932 1026 3988 inducit.
1081 3935 1212 4000 Quae
1239 3936 1356 4004 ipse
1399 3934 1456 3987 in
1487 3933 1800 4003 Evangeliis
1834 3934 2082 3998 tradidit,

493 4015 702 4084 dicens,
739 4036 757 4068 ι
789 4017 901 4072 Nisi
952 4021 1077 4088 quis
1132 4032 1356 4077 renatus
1388 4021 1554 4075 fuerit
1579 4037 1646 4077 ex
1688 4038 1831 4092 aqua
1857 4033 1913 4078 et
1959 4023 2086 4093 Spi-

495 4107 626 4172 ritu,
663 4123 768 4162 non
803 4110 1027 4164 intrabit
1067 4111 1120 4164 in
1157 4124 1384 4181 regnum
1418 4111 1679 4167 caelorum
1705 4115 1750 4165 τ.
1780 4131 1904 4164 »-«
1927 4113 2084 4180 Quae-

494 4199 601 4254 rite
623 4199 916 4268 judicium,
951 4202 1182 4258 liberate
1213 4203 1831 4282 Oppressum..judicate
1853 4205 2079 4274 pupillo,

490 4290 764 4348 defendite
787 4295 1026 4348 viduam.
1058 4314 1074 4346 ι
1120 4294 1175 4349 Id
1208 4305 1291 4350 est
1317 4310 1344 4348 a
1387 4295 1596 4351 malitia
1621 4296 1891 4362 translati,
1935 4297 2076 4352 uein

493 4395 562 4438 eo
587 4384 896 4452 steteritis;
929 4385 1023 4440 sed
1055 4385 1222 4440 vitam
1269 4386 1475 4441 virtute
1503 4393 1754 4441 ornatam
1789 4387 2075 4458 suscipite.

567 4640 734 4698 Vens.
770 4642 858 4698 l8.
905 4662 924 4695 ι
956 4644 1022 4699 Et
1062 4645 1262 4713 venite,
1299 4655 1356 4702 et
1387 4647 1927 4717 disceptemus,'dicit
1968 4650 2078 4706 Do-

493 4734 677 4789 minus
714 4753 725 4788 :
760 4745 815 4789 et
869 4737 913 4791 si
967 4736 1174 4792 fuerint
1225 4750 1450 4807 peccata
1480 4749 1659 4795 vestra
1707 4750 1767 4796 u-t
1813 4757 2080 4813 purpura,

491 4826 860 4893 quasinivem
900 4827 1202 4896 dealbabo;
1241 4838 1297 4884 et
1328 4831 1372 4885 si
1403 4831 1607 4885 fuerint
1655 4841 1718 4887 ut
1765 4835 2075 4898 coccinum,

491 4917 647 4986 quasi
682 4917 861 4972 lanam
898 4919 1182 4975 dealbabo.
1220 4939 1239 4973 ι
1274 4921 1478 4978 Deinde
1505 4925 1662 4995 quasi
1711 4924 1766 4978 in
1815 4921 2074 4976 tribunali

489 5023 591 5079 ego
634 5018 690 5064 et
725 5026 819 5066 vos
858 5011 1224 5081 disceptemus
1262 5030 1407 5085 :ego
1465 5018 1686 5086 quidem
1743 5028 2078 5069 enumerans

490 5109 692 5167 quanta
725 5101 825 5154 sim
855 5116 882 5154 a
904 5101 1057 5156 vobis
1087 5117 1399 5173 perpessus,
1427 5116 1485 5160 et
1520 5112 1727 5174 quanta
1764 5103 1921 5157 vobis
1953 5117 2075 5157 mu-

490 5207 618 5246 nera
651 5193 978 5248 contulerim
1009 5211 1024 5248 :
1051 5209 1113 5251 ac
1148 5197 1424 5265 quomodo
1454 5205 1579 5266 post
1624 5203 1772 5249 tanta
1806 5195 2071 5262 facinora,

491 5284 731 5339 omnium
768 5285 1038 5340 malorum
1082 5297 1394 5342 vestrorum
1427 5286 1662 5351 oblitus,
1695 5297 1910 5342 vestras
1936 5301 2074 5356 pra:-

495 5376 640 5431 dicto
663 5380 928 5447 sanguine
955 5392 1258 5448 purpureas
1293 5379 1510 5433 animas
1534 5378 1972 5444 emundaverim,
2005 5393 2071 5435 ac

491 5482 584 5534 per
647 5467 928 5531 lavacrum
992 5469 1429 5540 regenerationis
1481 5467 1606 5524 nive
1672 5470 2074 5540 splendidiores

545 5609 566 5639 ⁸
596 5607 968 5678 lilatth.xxvn,
989 5611 1082 5666 25.
1160 5611 1184 5642 ⁷
1213 5609 1374 5665 Joan.
1406 5623 1489 5677 tu,
1523 5609 1576 5666 5.

562 5728 638 5798 (5}
705 5727 828 5785 Haec
861 5728 990 5785 item
1025 5725 1280 5799 exprimit
1311 5725 1670 5796 Hieronymus
1695 5729 1760 5786 ad
1791 5729 1936 5787 hunc
1964 5728 2066 5788 loc.

2196 3207 2361 3264 καλὸν
2393 3210 2590 3261 ποιεῖν.
2632 3226 2652 3263 ›
2684 3206 2897 3278 Σφόδρα
2937 3206 3070 3276 γοῦν
3112 3206 3422 3270 ἀκολούθως
3467 3205 3536 3259 τὰ
3587 3204 3781 3274 πρῶτα

2195 3299 2435 3373 εἰρηκὼς
2457 3303 2486 3354 ό
2512 3299 2666 3365 Θεδς,
2701 3299 2782 3353 ἔτι
2808 3299 3098 3355 καὶταῦτα
3119 3301 3255 3371 πρὸς
3283 3301 3408 3363 τοὺς
3440 3298 3781 3370 δηλωθέντας

2194 3392 2462 3464 ἄρχοντας
2491 3391 2760 3461 Σοδόμων,
2786 3390 2880 3445 καὶ
2913 3390 3003 3444 τὸν
3036 3390 3164 3444 λαὸν
3196 3389 3480 3462 Γομόρρας
3507 3388 3778 3460 διεξέρχε-

2193 3501 2284 3538 ται
2312 3482 2413 3554 (5),
2463 3482 2557 3535 ἐπὶ
2589 3481 2802 3551 ἀγαθάς
2827 3481 3052 3544 ἐλπίδας
3094 3481 3290 3543 αὐτοὺς
3316 3477 3777 3550 προκαλούμενος,

2193 3573 2242 3625 εί
2277 3571 2638 3642 μεταθέμενοι
2685 3571 2784 3641 τῆς
2831 3571 3030 3634 κακίας
3059 3570 3154 3624 καὶ
3187 3570 3285 3640 τῆς
3328 3568 3779 3641 ὲθελοθρησκείας

2191 3660 2292 3731 τῆς
2346 3658 2488 3713 κατά
2540 3659 2630 3712 τὸν
2692 3658 3004 3730 σωματικὸν
3061 3658 3227 3729 νόμον
3278 3659 3737 3729 ἀναχωρήσαντες
3761 3695 3776 3720 ,

2194 3751 2427 3821 ὑπήκοοι
2453 3749 2698 3820 γένοιντο
2727 3749 2828 3819 τῆς
2857 3750 3067 3819 Καινῆς
3105 3748 3384 3820 Διαθήκης
3411 3749 3504 3800 καὶ
3532 3747 3625 3801 τοῦ
3655 3765 3777 3800 και-

2181 3842 2282 3896 ενοῢ
2313 3843 2479 3914 νόμου
2514 3843 2610 3894 καὶ
2641 3841 2822 3909 λόγου.
2853 3839 2945 3892 Διὸ
2976 3839 3112 3910 μετά
3133 3839 3230 3910 τὴν
3257 3839 3561 3910 παρόρασιν
3591 3838 3698 3892 τῶν
3721 3841 3778 3892 ὲν

2191 3937 2258 4006 τῇ
2282 3933 2495 4004 Παλαιᾷ
2517 3931 2782 4003 Διαθήκῃ,
2809 3930 2879 3984 τά
2907 3931 3005 4000 τῆς
3033 3930 3241 4000 Καινῆς
3272 3929 3549 4000 Διαθήκης
3569 3929 3778 3998 εἰσάγει

2195 4025 2495 4095 μυστήρια.
2522 4025 2588 4080 Ἀ
2615 4020 2679 4092 δὴ
2714 4022 2808 4073 καὶ
2833 4022 2888 4073 ὲν
2915 4023 3030 4083 τοῖς
3051 4019 3407 4087 Εὐαγγελίοις
3436 4019 3600 4082 αὐτὸς
3641 4036 3780 4089 παρ-

2191 4113 2363 4165 εδίδου
2397 4111 2600 4180 λέγων·
2645 4128 2663 4161 t
2716 4109 2842 4162 Ἐἀν
2875 4109 2947 4179 μή
3004 4125 3090 4172 τις
3124 4108 3460 4178 ἀναγεννηθῇ
3489 4107 3547 4173 ἐξ
3580 4107 3772 4170 ὓδατος

2189 4204 2283 4257 καὶ
2307 4201 2638 4272 πνεύματος,
2671 4200 2734 4252 οὐ
2771 4199 2845 4267 μὴ
2877 4198 3099 4271 είσέλθῃ
3127 4201 3205 4261 εἰς
3231 4199 3331 4269 τὴν
3365 4197 3643 4268 βασιλείαν
3670 4197 3777 4251 τῶν

2187 4296 2486 4368 οὐρανῶν.»
2505 4282 2622 4348 -⁶ι
2665 4293 3038 4364 Ἐκζητήσατε
3066 4294 3270 4364 κρίσιν,
3299 4293 3535 4364 ῥύσασθε
3561 4292 3777 4346 ἀδικού-

2191 4406 2373 4460 μενον,
2423 4387 2650 4460 κρίνατε
2705 4385 2969 4458 ὀριρανῷ,
3019 4385 3111 4440 καὶ
3167 4385 3490 4439 δικαιώσατε
3543 4387 3712 4457 χήρᾳ.
3751 4403 3770 4436 ι

2108 4493 2162 4556 D
2192 4479 2398 4546 Ἤγουν
2431 4475 2830 4545 μεταὸαλόντες
2871 4475 2971 4545 τῆς
3004 4474 3225 4539 κακίας,
3261 4475 3335 4545 μὴ
3369 4476 3532 4547 μέχρι
3585 4475 3774 4528 τούτου

2190 4568 2371 4638 στῆτε,
2403 4567 2494 4619 τὸν
2515 4566 2571 4618 δὲ
2591 4567 2711 4618 κατ’
2736 4566 2941 4637 ἀρετὴν
2967 4564 3265 4619 ἀναλάϐετε
3297 4566 3431 4635 βίον.

2262 4676 2280 4709 ι
2317 4659 2428 4712 Καὶ
2463 4658 2638 4722 δεῦτε,
2673 4659 2767 4710 καὶ
2799 4657 3175 4728 διαλεχθῶμεν
3219 4658 3322 4728 (6),
3353 4657 3502 4726 λέγει
3543 4658 3770 4730 Κύριος·

2184 4749 2280 4802 καλ⁸
2321 4749 2414 4802 ὲάν
2459 4741 2592 4800 ὦσιν
2622 4749 2677 4801 αί
2732 4747 3000 4818 ἁμαρτίαι
3037 4746 3194 4817 ὑμῶν
3243 4747 3320 4810 ὡς
3350 4747 3650 4816 φοινικοῦν,
3697 4747 3772 4808 ὡς

2184 4841 2339 4910 χιόνα
2387 4837 2664 4893 λευκανῶ·
2699 4838 2795 4892 ἐὰν
2821 4838 2878 4891 δὲ
2911 4831 3044 4890 ὦσιν
3077 4837 3154 4901 ὡς
3179 4837 3455 4901 κόκκινον,
3496 4839 3571 4902 ὡς
3628 4837 3771 4908 ἔριον

2185 4931 2451 4985 λευκανῶ.
2493 4949 2511 4982 ι
2542 4926 2657 4982 Εἶθ’
2688 4929 2765 4993 ὼς
2793 4931 2851 4982 ὲν
2882 4929 3632 5000 δικαστηρίῳδιελεγχθῶμεν
3661 4928 3772 4997 ἐγώ

2183 5040 2242 5076 τε
2267 5024 2360 5076 καὶ
2393 5024 2550 5094 ὑμεῖς
2571 5041 2583 5052 ·
2620 5021 2730 5090 ἐγὼ
2759 5021 2854 5092 μὲν
2881 5022 2982 5074 ὅσα
3009 5020 3255 5074 πέπονθα
3279 5021 3558 5092 ὑφ’ὑμῶν,
3589 5022 3690 5073 ὅσα
3713 5038 3772 5073 τε

2186 5109 2330 5180 ὑμᾶς
2359 5109 2548 5179 ἔτυχον
2581 5108 2954 5179 εὐεργετήσας
2993 5109 3527 5180 καταριθμούμενος,
3571 5110 3666 5162 καὶ
3697 5109 3774 5173 ὡς

2186 5201 2326 5271 μετά
2352 5201 2591 5256 τοσαῦτα
2623 5202 3078 5273 πλημμελήματα
3112 5202 3332 5258 πάντων
3365 5201 3551 5255 κακῶν
3590 5201 3771 5270 ἀμνή-

2184 5307 2366 5344 στειαν
2402 5291 2743 5360 ποιούμενος,
2775 5291 3203 5362 πεφοινιγμένας
3219 5291 3247 5344 ὑ
3255 5291 3370 5362 μῶν
3392 5290 3488 5352 τάς
3508 5289 3684 5360 ψυχὰς
3707 5291 3773 5344 ἐκ

2179 5376 2272 5431 τοῦ
2314 5377 2705 5448 προλεχθέντος
2759 5379 2993 5448 αἵματος
3040 5378 3323 5450 ἐκάθηρα,
3380 5379 3771 5451 λαμπροτέρας

2179 5470 2356 5542 χιόνος
2393 5470 2566 5535 αὐτάς
2587 5471 2679 5526 διὰ
2708 5475 2806 5546 τῆς
2829 5474 2924 5529 τοῦ
2957 5473 3186 5544 λουτροῦ
3220 5473 3642 5544 παλιγγενεσίας
3671 5489 3771 5527 κα,-

2252 5723 2330 5796 (6)
2369 5722 2499 5798 Reg.
2532 5722 2773 5782 secunda
2807 5738 2990 5793 manu,
3029 5719 3448 5794 διελεγχθῶμεν.
