4138 6470
369 436 439 493 97
1359 434 1862 503 CDMMENTARIA
1898 435 1970 492 lN
2010 433 2248 493 [SAIAM
2310 465 2381 478 —-
2417 435 2570 497 CAP.
2611 435 2654 490 l.

3580 444 3648 496 93

364 553 680 627 ταπήσας·
719 553 879 626 ὑμεῖς
906 553 963 609 δὲ
993 553 1049 608 εἴ
1086 573 1170 620 τις
1206 554 1336 627 ύμῖν
1383 557 1520 629 πρὸς
1557 557 1654 628 τὴν
1689 556 1948 630 τοσαύτην

2065 556 2188 612 illas
2237 555 2650 619 constituerim,
2705 567 2803 610 vos
2858 561 3062 623 autem,
3117 555 3162 610 si
3215 555 3398 627 aliqua
3452 567 3644 640 contra

365 646 528 718 χάριν
553 645 766 699 ἕνεσται
795 645 972 714 λόγος,
1009 647 1090 710 εἰς
1119 647 1352 717 φανερὸν
1384 645 1574 700 τοῦτον
1597 647 1792 714 ἄγετε.

447 755 466 789 ι
501 737 611 789 Καὶ
640 737 736 790 ἐὰν
763 735 954 808 θέλητε
987 739 1082 791 καὶ
1115 737 1476 809 είσακούσητέ
1509 755 1632 808 μου,
1663 738 1734 792 τά
1775 738 1956 808 ἀγαθά

362 826 465 899 τῆς
499 828 605 898 γῆς
635 825 876 897 φάγεσθε
900 847 914 860 ο
951 828 1046 883 ἐὰν
1070 828 1146 900 μὴ
1167 829 1378 900 θέλητε,
1429 830 1565 901 μηδὲ
1589 831 1954 902 είσακούσητέ

366 937 489 990 μου.
530 921 778 991 μάχαιρα
807 919 953 992 ὑμᾶς
975 920 1293 975 κατέδεταιο
1326 923 1386 975 τὺ
1415 921 1524 993 γὰρ
1549 924 1724 994 στόμα
1747 925 1954 996 Κυρίου

365 1010 595 1082 ἐλάλησε
649 1010 843 1066 ταῦτα.
900 1031 919 1065 ι
986 1011 1254 1066 Ἐνταῦθα
1305 1012 1361 1065 δὲ
1403 1014 1432 1065 ὁ
1477 1013 1636 1082 λόγος
1681 1013 1758 1077 ὡς
1813 1015 1952 1085 πρὸς

380 1101 666 1166 Ἰουδαίους
687 1101 1089 1174 διαλεγόμενος,
1122 1098 1210 1157 οἷα
1240 1104 1470 1173 νηπίους
1504 1105 1701 1168 αὐτοὺς
1739 1103 1826 1158 διὰ
1855 1105 1956 1175 τῆς

371 1191 690 1262 σωματικῆς
722 1193 1054 1262 ἐπαγγελίας
1071 1193 1350 1248 πείθεσθαι
1365 1197 1478 1258 τοῖς
1493 1193 1802 1266 εἰρημένοις
1823 1212 1956 1266 προ-

363 1280 587 1350 τρέπει·
622 1282 759 1354 πρὸς
805 1283 863 1336 δὲ
908 1283 1000 1337 τὸν
1029 1283 1207 1356 ἀληθῆ
1253 1284 1434 1352 λόγον,
1481 1284 1586 1354 γῆς
1630 1285 1728 1356 τῆς
1771 1284 1950 1356 ψυχῆς

359 1373 656 1444 νοουμένης
704 1373 847 1428 κατὰ
893 1377 994 1446 τὴν
1041 1376 1310 1446 σωτήριον
1363 1373 1715 1446 παραϐολήν·
1773 1375 1806 1445 ἦ
1859 1374 1950 1427 τὸν

361 1463 684 1534 ἐπουράνιον
713 1463 928 1532 λέγεται
952 1462 1357 1536 παραδέχεσθαι
1393 1464 1616 1534 σπόρον,
1655 1464 1949 1518 ἀκόλουθόν

362 1557 511 1608 ἐστιν
540 1553 719 1624 ἀγαθὰ
738 1556 916 1626 ψυχῆς
943 1557 1080 1609 νοεῖν
1102 1555 1335 1626 ξτοιτὰς
1365 1557 1484 1608 κατ’
1510 1555 1711 1626 ἀρετὴν
1743 1573 1949 1627 προκο-
1966 1579 1978 1592 ·

359 1645 470 1708 πάς
506 1647 600 1699 καὶ
632 1644 961 1709 τελειώσεις,
995 1646 1028 1716 ἢ
1071 1645 1140 1699 τὰ
1174 1644 1564 1716 ἐπηγγελμένα
1601 1647 1744 1716 αὐτῇ
1781 1646 1838 1698 ἔν
1877 1648 1947 1717 τῇ

355 1734 470 1788 τῶν
515 1735 762 1807 οὐρανῶν
802 1735 1071 1807 βασιλείᾳ.
1113 1737 1277 1790 Ὅθεν
1308 1737 1445 1809 πρὸς
1495 1738 1595 1806 μὲν
1637 1736 1734 1807 τὴν
1767 1734 1946 1804 λέξιν,

354 1827 550 1881 αὐτίκα
583 1831 695 1892 τοῖς
724 1825 902 1896 λόγοις
927 1828 1284 1899 ἐπηκολούθει
1315 1831 1348 1900 ὴ
1382 1828 1470 1881 διὰ
1498 1827 1607 1881 τῶν
1636 1827 1814 1900 ἔργων
1853 1827 1946 1880 έκ-

2059 659 2264 707 tantam
2313 651 2544 722 gratiam
2581 650 2738 704 adest
2771 645 2935 716 ratio,
2963 664 3084 704 eam
3123 651 3335 720 publice
3382 652 3640 721 proferte.

2129 742 2296 799 Vens.
2325 742 2412 809 l9,
2440 738 2533 797 20.
2579 759 2598 792 ‹
2648 738 2712 796 Ει
2741 741 2786 798 si
2818 740 3101 798 volueritis
3129 753 3184 798 et
3216 743 3494 799 audieritis
3523 761 3633 809 me,

2056 833 2196 889 bona
2259 841 2422 886 terra:
2469 830 2804 897 comedetis;
2856 833 2999 902 quod
3065 833 3110 886 si
3162 833 3484 899 nolueritis,
3541 850 3643 890 nec

2056 921 2340 976 audieritis
2392 934 2478 975 me
2509 959 2525 985 ,
2595 918 2807 989 gladius
2858 935 2953 977 vos
3013 922 3295 976 devorabit
3337 943 3349 977 :
3404 915 3527 978 nam
3579 940 3642 980 os

2057 1013 2269 1067 Domini
2304 1012 2419 1066 haec
2466 1011 2707 1067 locutum
2761 1021 2868 1070 est.
2899 1031 2919 1065 ι
2952 1011 3050 1068 Hic
3078 1015 3234 1082 quasi
3265 1014 3479 1072 Iudaeos
3509 1018 3641 1072 allo-

2055 1119 2253 1177 quens,
2308 1104 2454 1173 ipsos
2499 1119 2601 1158 ceu
2655 1100 2892 1158 infantes
2921 1117 3020 1172 per
3051 1118 3371 1173 corpoream
3406 1107 3642 1176 promis-

2053 1196 2268 1251 sionem
2309 1192 2580 1258 hortatur,
2609 1203 2666 1247 ut
2698 1192 2863 1248 dictis
2893 1195 3276 1262 obtemperent
3302 1212 3316 1259 ;
3354 1207 3412 1250 at
3441 1213 3639 1252 secun-

2054 1286 2181 1341 dum
2217 1297 2402 1340 veram
2439 1281 2777 1353 intelligendi
2824 1282 3112 1345 rationem,
3162 1299 3287 1339 cum
3336 1296 3480 1341 terra
3537 1303 3638 1356 pro

2053 1375 2232 1428 anima
2266 1373 2565 1444 reputantla
2605 1373 2698 1438 sit,
2730 1373 3030 1427 secundum
3062 1373 3364 1429 Salvatoris
3399 1378 3636 1445 parabo-

2052 1461 2160 1518 lam
2197 1477 2209 1522 :
2244 1455 2368 1534 qua:
2399 1472 2543 1517 terra
2572 1463 2798 1517 caeleste
2843 1477 3024 1517 semen
3074 1465 3353 1534 suscipere
3404 1467 3636 1533 dicitur;

2052 1555 2180 1610 hinc
2209 1554 2564 1624 consequitur
2586 1553 2781 1608 animae
2821 1554 2959 1607 bona
2995 1554 3084 1608 bic
3116 1569 3237 1610 esse
3269 1555 3638 1625 intelligenda,

2051 1637 2261 1695 scilicet
2291 1640 2592 1710 profectum
2625 1651 2682 1696 et
2715 1638 3106 1712 perfectionem
3139 1645 3432 1697 secundum
3468 1646 3642 1699 virtu-

2053 1739 2159 1786 tem
2189 1743 2502 1800 acceptam,
2555 1731 2642 1787 vel
2696 1733 2840 1787 bona
2891 1732 2994 1802 ipsi
3045 1733 3100 1787 in
3154 1748 3321 1803 regno
3368 1734 3640 1790 caelorum

2050 1823 2343 1893 promissa.
2387 1824 2735 1895 Quapropter
2774 1825 3077 1880 secundum
3127 1823 3368 1878 litteram
3397 1825 3640 1894 quidem,

355 1918 516 1983 ϐασις
535 1937 547 1949 ·
574 1921 923 1992 παραχρῆμα
955 1921 1063 1993 γὰρ
1096 1922 1190 1974 καὶ
1212 1922 1313 1975 ούκ
1343 1923 1423 1985 είς
1453 1920 1672 1993 μακράν
1700 1923 1748 1974 οἱ
1779 1921 1940 1974 ἀπει-

2052 1916 2215 1971 verba
2257 1930 2439 1970 rerum
2487 1924 2714 1971 eventus
2772 1931 2896 1970 mox
2946 1925 3274 1970 οοηεθειιιιιε
3333 1925 3455 1981 est;
3509 1933 3637 1972 nam

354 2010 634 2082 θήσαντες,
662 2016 728 2084 τῇ
761 2013 870 2066 τῶν
910 2013 1186 2084 πολεμίων
1229 2014 1476 2086 μαχαίρᾳ
1519 2013 1900 2084 παρεδόθησαν
1925 2030 1940 2044 ·

353 2103 690 2160 ἐπελθόντων
721 2085 926 2169 ἀὐτοῖς
971 2104 1260 2176 Ῥωμαίων
1287 2145 1301 2170 ,
1356 2085 1452 2159 καὶ
1508 2106 1749 2177 πολέμου
1794 2106 1945 2178 νόμῳ

353 2194 562 2258 πάντας
594 2196 1018 2266 χειρωσαμένων
1039 2214 1051 2226 ·
1089 2198 1138 2251 εί
1171 2198 1227 2252 δὲ
1268 2198 1363 2250 καὶ
1394 2196 1674 2268 διαϐολική
1707 2197 1793 2260 τίς
1827 2199 1944 2250 ἐστι

355 2285 626 2356 μάχαιρα,
650 2285 939 2360 καὶταύτῃ
962 2287 1167 2341 ἔκδοτοι
1192 2288 1472 2357 γεγόνασι,
1503 2285 1591 2340 διὰ
1625 2287 1686 2340 τὸ
1712 2286 1934 2358 ἀπειθῑγ

354 2391 445 2430 σαι
474 2379 539 2448 τῇ
572 2377 767 2449 κλήσει
791 2378 890 2448 τῆς
915 2377 1008 2431 τοῦ
1033 2378 1168 2432 Θεοῦ
1199 2380 1444 2451 χάριτος.

425 2551 593 2616 «Πῶς
625 2551 844 2621 ἐγένετο
887 2552 1059 2624 πόρνη
1108 2553 1265 2617 πόλις
1310 2553 1477 2625 πιστὴ
1519 2553 1678 2617 Σιὼν,
1733 2555 1949 2627 πλήρης

349 2642 618 2714 κρίσεως;
655 2643 712 2695 ἐν
815 2642 1128 2716 δικαιοσύνη
1167 2643 1436 2715 ἐκοιμήθη
1472 2645 1528 2696 ἐν
1577 2645 1737 2715 αὐτῇ,
1777 2644 1870 2698 νῦν
1891 2645 1948 2698 δὲ

347 2733 626 2804 φονευταί.
654 2751 778 2785 ι-ι
809 2733 943 2786 Τίνα
968 2733 1076 2788 τῶν
1109 2733 1405 2806 προφητῶν
1429 2734 1526 2786 οὐκ
1545 2734 1873 2789 ἀπέκτειναν
1901 2735 1949 2788 οἱ

351 2823 585 2895 πατέρες
605 2823 758 2895 ὑμῶν
778 2824 872 2878 καὶ
894 2825 1083 2896 ύμεῖς;
1109 2844 1128 2878 ι
1151 2825 1408 2879 Διδάσκει
1423 2825 1603 2878 τοίνυν
1627 2825 1655 2877 ό
1671 2825 1828 2895 λόγος
1845 2824 1948 2896 (7),

347 2915 425 2980 ὥς
482 2915 652 2969 πάλαι
686 2915 785 2990 μὲν
818 2915 918 2985 τὴν
950 2915 1105 2969 πόλιν
1155 2915 1378 2988 ᾤκησαν
1426 2917 1617 2988 ἄνδρες
1635 2917 1837 2981 πιστοὶ,
1881 2915 1950 2969 δι’

349 2998 425 3058 ὧν
458 3005 623 3075 πιστὴ
658 3004 811 3068 πόλις
833 3004 1234 3076 ἐχρημάτιζεν·
1268 3004 1458 3077 ὥσπερ
1493 3005 1560 3059 ἂν
1594 3005 1648 3058 εἴ
1668 3023 1751 3070 τις
1783 3007 1948 3070 είποι,

350 3093 561 3146 πιστῶν
596 3092 748 3156 πόλις
771 3110 783 3124 ο
831 3093 968 3146 ἀλλὰ
1003 3093 1096 3146 καὶ
1135 3091 1350 3165 πλήρης
1376 3094 1612 3166 κρίσεως
1643 3090 1711 3166 ἦν
1743 3095 1839 3149 καὶ
1870 3093 1950 3148 δι-

348 3185 663 3256 καιοσύνης,
699 3185 776 3249 ὡς
816 3185 881 3238 ἂν
921 3183 1194 3258 ἐναρέτων
1235 3185 1424 3257 ψυχῶν
1460 3187 1775 3258 οίκητήριόν
1818 3203 1948 3240 ποτε

345 3278 636 3350 γενομένητ
664 3277 745 3331 διὸ
765 3278 1124 3349 κεκοιμᾶσθαι
1146 3280 1203 3332 ὲν
1228 3280 1364 3350 αὐτῇ
1393 3278 1758 3350 δικαιοσύνην,
1784 3296 1945 3332 τουτ-

345 3371 512 3434 έστιν,
561 3369 840 3441 ἐνοικῆσαι
892 3371 985 3424 καὶ
1039 3369 1456 3425 ἀναπεπαῦσθαι
1496 3369 1733 3443 εἴρηται.
1769 3371 1945 3426 Πάλαι

347 3462 457 3533 γὰρ
480 3461 694 3534 πλήρης
725 3461 928 3516 τούτων
957 3461 1219 3533 ἐτύγχανε
1240 3479 1252 3492 ·
1299 3461 1440 3533 τάχα
1487 3479 1590 3515 που
1634 3462 1778 3517 κατὰ
1819 3465 1947 3528 τοὺς

345 3554 573 3624 χρόνους
613 3553 796 3619 Δαυῒδ,
827 3553 886 3618 ὃς
919 3554 1135 3626 πρῶτος
1182 3554 1316 3608 ἐλὼν
1349 3555 1447 3626 τὴν
1481 3555 1634 3608 πόλιν
1668 3557 1732 3608 ἐκ
1766 3557 1948 3628 χειρὸς

346 3642 681 3714 ἀλλοφύλων,
712 3645 810 3718 τὴν
839 3645 1068 3700 κιϐωτὸν
1099 3647 1192 3700 τοῦ
1249 3646 1384 3700 Θεοῦ
1412 3648 1504 3700 καὶ¹
1526 3646 1625 3718 τὴν
1655 3647 1860 3718 σκηνὴν
1888 3649 1946 3702 ἐν

347 3737 483 3808 αὐτῇ
521 3739 912 3807 κατεστήσατο,
942 3737 1106 3801 αὑτός
1159 3754 1217 3791 τε
1247 3734 1416 3808 αὐτὴν
1444 3735 1629 3808 ᾤκησε
1678 3733 1945 3807 βασίλειον

348 3829 635 3897 ἀποδείξας
665 3829 884 3896 ἑαυτοῦ,
909 3831 984 3894 ὼς
1007 3829 1346 3902 χρηματίσαι
1373 3830 1526 3884 πόλιν
1557 3829 1738 3882 Δαυῖδ.

425 4027 445 4060 α
471 4007 544 4060 Τὸ
566 4007 827 4078 ἀργύριον
856 4006 1010 4077 ὑμῶν
1047 4006 1335 4076 ἀδόκιμον·
1378 4005 1428 4058 οἱ
1469 4002 1706 4075 κάπηλοι
1743 4019 1838 4057 σου
1864 4002 1945 4074 μί-

349 4114 540 4167 σγουσι
573 4097 666 4150 τὸν
697 4093 839 4150 οἶνον
863 4096 1034 4150 ὕδατι.
1059 4116 1077 4148 ι
1111 4091 1220 4149 Ἦν
1245 4097 1354 4166 γὰρ
1385 4097 1445 4148 τὸ
1477 4095 1740 4170 ἀργύριον
1763 4093 1943 4148 αὐτῶν

347 4191 627 4263 ἀδόκιμον,
668 4188 856 4261 ἐπειδὴ
898 4188 1036 4260 μετὰ
1068 4188 1129 4241 τὸ
1160 4181 1543 4258 ἐκπορνεῦσαι,
1594 4185 1687 4241 καὶ
1750 4204 1942 4256 φονευ-

347 4283 445 4347 τὰς
466 4279 740 4352 γενέσθαι,
786 4277 1208 4351 προσεποιοῦντο
1238 4277 1550 4342 θεοσεϐείας
1581 4276 1736 4346 λόγον
1759 4279 1942 4346 ἀπαγ-

347 4373 557 4445 γέλλειν
589 4373 683 4426 καὶ
714 4371 812 4434 τὰς
842 4369 990 4433 θείας
1021 4367 1246 4442 Γραφὰς
1274 4368 1653 4441 διερμηνεύειν
1683 4369 1778 4422 καὶ
1815 4367 1941 4421 δευ-

346 4464 609 4537 τερώσεις
645 4461 883 4535 μυθικὰς
911 4461 1180 4516 ποιεῖσθαι
1209 4459 1802 4531 τῶνάναγνωσμάτων.
1833 4459 1941 4512 Καὶ

349 4556 503 4611 αὐτοὶ
533 4555 590 4609 δὲ
618 4557 667 4608 οἱ
685 4552 1004 4608 ’διδάσκαλοι
1033 4551 1210 4606 αὐτῶν
1235 4551 1641 4622 καπηλεύοντες
1668 4550 1766 4622 τὴν
1799 4549 1940 4602 διδα-
1977 4588 2018 4642 D

351 4647 599 4711 σκαλίαν,
630 4647 865 4718 κάπηλοι
899 4645 1193 4716 προσφυῶς
1222 4643 1618 4716 ὠνομάσθησαν
1657 4642 1943 4714 μιγνύντες

348 4741 439 4793 τὸν
469 4735 611 4792 οἶνον
648 4739 818 4801 ὕδατι,
871 4738 1014 4809 λόγῳ
1059 4737 1404 4809 ἐξυδαροῦντι
1445 4736 1535 4790 τὸν
1575 4736 1812 4809 ἄκρατον
1848 4735 1942 4788 καὶ

349 4831 736 4886 ἐπιστυπτικὸν
760 4830 869 4884 τῶν
906 4829 1276 4882 θεοπνεύστων
1309 4827 1542 4900 Γραφῶν
1573 4827 1698 4882 νοῦν
1723 4825 1810 4880 διὰ
1841 4830 1941 4898 τῆς

353 4923 587 4997 μυθικῆς
609 4923 789 4980 αύτῶν
823 4923 916 4977 καὶ
947 4919 1221 4996 ληρώδους
1242 4919 1638 4992 δευτερώσεως.

426 5126 445 5161 ι
467 5109 529 5162 Oi
583 5107 834 5180 ἄρχοντές
867 5123 959 5160 σου
989 5103 1294 5168 ἀπειθοῦσι,
1335 5101 1581 5157 κοινωνοὶ
1618 5097 1882 5154 κλεπτῶν.
1915 5116 1932 5149 ι

356 5199 509 5253 Οὕτω
544 5199 867 5270 καλούμενοι
917 5197 1022 5250 om
1061 5195 1153 5250 τοῦ
1189 5195 1445 5265 Σωτῆρος
1491 5193 1590 5263 οὐχ
1616 5191 1894 5262 ὑπήκουον
1924 5204 1934 5217 ·

355 5290 538 5353 ἁπλῶς
566 5289 622 5343 δὲ
651 5292 843 5352 είπεῖν,
863 5287 981 5360 Θεῷ
1011 5285 1346 5349 ἀπειθοῦσιν,
1374 5284 1712 5345 ἐκκλίνοντες
1735 5282 1827 5335 ἀπ’
1853 5279 1948 5332 αύ-

349 5382 447 5438 τοῦ
477 5383 573 5435 καὶ
617 5384 724 5445 τοῖς
754 5380 1198 5451 διατεταγμένοις
1230 5377 1321 5431 ὑπ’
1355 5375 1522 5430 αὐτοῦ
1558 5373 1632 5446 μὴ
1676 5372 1948 5444 ἐμμένον-

352 5487 464 5539 τες,
512 5490 531 5522 ¢
561 5471 882 5540 ἀγαπῶντες
913 5471 1081 5544 δῶρα,
1118 5469 1407 5532 διώκοντες
1446 5466 1813 5536 ἀνταπόδομα,
1860 5464 1951 5535 ὀρ-

354 5563 544 5630 φανοῖς
573 5561 635 5613 ού
665 5563 960 5632 κρίνοντες,
989 5561 1083 5614 καὶ
1133 5557 1315 5632 κρίσιν
1343 5555 1527 5629 χηρῶν
1557 5556 1620 5608 ού
1653 5552 1950 5626 προσέχον-

427 5672 448 5704 ⁸
487 5674 586 5727 At
641 5687 738 5737 vn,
773 5672 864 5729 52.

2046 2006 2357 2072 confestim,
2411 2009 2511 2062 nec
2553 2008 2724 2063 multo
2765 2019 2887 2078 post
2918 2009 3101 2076 elapso
3137 2016 3401 2077 tempore,
3429 2008 3639 2073 immo-

2047 2096 2213 2169 rigeri
2242 2097 2314 2153 illi
2347 2099 2534 2169 gladio
2563 2099 2910 2153 inimicorum
2939 2101 3123 2154 traditi
3149 2110 3295 2166 sunt,
3321 2101 3637 2171 irrumpen-

2049 2189 2194 2244 tibus
2229 2187 2498 2244 Romanis
2527 2205 2593 2244 ac
2631 2190 2758 2246 belli
2785 2190 2899 2258 lege
2922 2193 3136 2246 cunctis
3177 2191 3229 2245 in
3262 2193 3638 2262 captivitatem

2047 2279 2309 2347 redactis;
2339 2281 2483 2350 quod
2535 2280 2580 2335 si
2637 2279 2943 2335 diabolicus
2996 2281 3215 2351 gladius
3270 2281 3463 2347 fuerit,
3511 2283 3639 2337 huic

2048 2386 2266 2443 quoque
2307 2372 2473 2428 dediti
2513 2383 2666 2442 sunt,
2711 2372 2856 2445 quod
2903 2374 3122 2428 vocanti
3164 2375 3352 2444 gratiae
3391 2373 3487 2428 Dei
3527 2388 3636 2429 non

2049 2461 2512 2532 obtemperarent.
3286 2457 3296 2465 ’

2126 2553 2288 2610 Vens.
2328 2555 2421 2611 2|.
2468 2574 2488 2608 ‹
2535 2557 2817 2625 Quomodo
2851 2560 2992 2616 facta
3035 2569 3116 2616 est
3146 2561 3409 2615 meretrix
3437 2559 3638 2617 civitas

2053 2640 2228 2702 ﬁdelis
2260 2645 2413 2712 Sion,
2445 2647 2602 2718 plena
2627 2648 2857 2718 judicii‘l
2889 2651 2941 2704 in
2974 2666 3078 2720 qua
3101 2650 3316 2719 justitia
3355 2653 3641 2716 dormivit,

2052 2751 2198 2792 nunc
2235 2745 2418 2792 autem
2453 2738 2762 2804 homicidae.
2802 2725 2822 2792 ᾖ
2865 2770 2936 2781 -
2975 2757 2995 2790 «
3041 2739 3210 2807 Quem
3245 2741 3638 2810 prophetarqu

2051 2839 2161 2879 non
2200 2823 2595 2880 interfecerunt
2634 2835 2814 2897 patres
2870 2828 3036 2883 vestri
3085 2837 3142 2882 et
3169 2829 3358 2884 vos“?
3406 2848 3424 2881 ι
3471 2829 3640 2884 Docet

2053 2915 2219 2986 igitur
2241 2916 2372 2970 olim
2404 2917 2624 2987 quidem
2672 2917 2951 2974 civitatem
3003 2918 3299 2974 incoluisse
3349 2919 3534 2974 ﬁdeles
3559 2922 3640 2975 vi-

2055 3020 2166 3074 ros,
2199 3021 2431 3077 quorum
2473 3022 2637 3063 causa
2667 3007 2864 3064 civitas
2915 3009 3091 3064 fidelis
3135 3009 3460 3076 vocabatur;
3504 3024 3568 3063 ac
3591 3010 3638 3064 si

2053 3095 2180 3165 quis
2207 3095 2434 3164 diceret,
2465 3099 2660 3154 civitas
2706 3097 2985 3165 fidelium;
3024 3099 3134 3153 imo
3170 3099 3336 3154 etiam
3367 3098 3524 3170 plena
3551 3099 3642 3168 ju-

2056 3186 2184 3244 dicii
2217 3197 2412 3245 eratet
2454 3189 2711 3258 justitize,
2749 3200 2934 3260 utpote
2981 3204 3099 3260 qua:
3150 3191 3447 3261 probarem
3505 3189 3636 3243 olim

2053 3277 2362 3334 animarum
2391 3279 2728 3336 domicilium
2778 3280 2942 3336 fuerit
2977 3299 2991 3336 :
3044 3259 3448 3351 quarejustitia
3491 3281 3543 3335 in
3572 3297 3637 3335 ea

2052 3369 2407 3436 dormivisse,
2438 3372 2490 3426 id
2523 3381 2627 3436 est,
2664 3373 3003 3428 inhabitasse
3027 3383 3082 3428 et
3104 3371 3376 3442 quievisse
3415 3372 3638 3428 dicitur.

2050 3460 2192 3518 Olim
2234 3462 2436 3534 quippe
2470 3464 2670 3521 talibus
2723 3465 2882 3534 plena
2933 3465 3064 3520 viris
3113 3474 3266 3531 erat;
3309 3474 3368 3518 ut
3407 3463 3641 3519 fortasse

2052 3562 2297 3624 tempore
2359 3555 2598 3620 Davidis,
2656 3555 2747 3626 qui
2803 3556 3015 3626 primus
3067 3557 3258 3610 urbem
3310 3555 3511 3623 eripuit
3568 3569 3637 3608 ex

2051 3644 2305 3699 manibus
2385 3644 2822 3716 allophylorum,
2874 3660 3059 3700 arcam
3121 3627 3216 3700 Dei
3267 3646 3323 3699 et
3385 3642 3643 3697 taberna-

2051 3731 2235 3787 culum
2277 3731 2351 3787 ibi
2397 3734 2627 3813 .posuit,
2686 3734 2741 3789 in
2796 3749 2969 3804 eaque
3021 3734 3136 3804 ipse
3193 3732 3476 3798 habitavit,
3545 3746 3638 3785 re-

2048 3824 2304 3892 giamque
2344 3820 2677 3887 constituit,
2718 3823 2792 3876 ita
2829 3832 2887 3876 ut
2935 3823 3130 3878 civitas
3180 3822 3351 3876 David
3391 3823 3641 3892 appella-

2051 3923 2166 3968 I'BIII
2177 3929 2221 3966 l'.

2118 4004 2284 4062 Vsus.
2321 4003 2413 4060 2'2.
2449 4024 2467 4057 ι
2508 4003 2805 4075 Argentum
2856 4015 3097 4060 vestrum
3150 4020 3257 4061 non
3294 4004 3580 4075 probatum
3615 4021 3634 4060 :

2048 4109 2322 4167 caupones
2363 4098 2438 4151 tui
2480 4096 2666 4150 vinum
2723 4110 2863 4165 aqua
2905 4096 3159 4152 miscent.
3203 4115 3222 4148 ι
3270 4096 3510 4164 Eratque
3544 4110 3633 4150 ar-

2047 4189 2268 4254 gentum
2290 4201 2478 4241 eorum
2516 4200 2622 4240 non
2647 4186 2961 4256 probatum,
2996 4186 3121 4255 quia
3147 4196 3433 4256 postquam
3459 4185 3636 4239 forni-

2046 4277 2180 4332 carii
2208 4286 2264 4332 et
2287 4277 2573 4356 homicida:
2597 4287 2722 4332 sunt
2745 4275 2946 4343 effecti,
2971 4292 3029 4331 se
3049 4292 3189 4331 vera:
3215 4277 3486 4348 religionis
3514 4293 3634 4332 ver-

2047 4369 2172 4423 bum
2199 4369 2525 4425 annuntiare
2559 4380 2614 4426 et
2657 4370 2870 4425 divinas
2921 4368 3234 4438 Scripturas
3286 4369 3632 4438 interpretari

2045 4460 2408 4527 simulabant,
2442 4460 2571 4516 dum
2606 4459 2875 4516 fabulosae
2921 4460 3240 4515 deuteroses
3273 4461 3340 4514 ad
3381 4459 3634 4515 lectionis

2048 4554 2468 4624 explicationem
2497 4552 2838 4608 adhiberent.
2891 4553 3148 4606 Doctores
3188 4566 3318 4607 vero
3365 4551 3632 4620 ipsorum,

2051 4649 2142 4717 qui
2177 4646 2480 4701 doctrinam
2518 4645 2996 4712 cauponabantur,
3052 4657 3083 4697 e
3109 4658 3166 4697 re
3195 4657 3476 4712 caupones
3501 4643 3634 4699 dicti

2051 4747 2198 4803 sunt,
2235 4737 2324 4806 qui
2353 4736 2534 4788 viuum
2571 4742 2711 4802 aqua
2760 4733 3080 4797 miscebant,
3123 4733 3250 4786 dum
3297 4747 3548 4787 sermone
3579 4733 3635 4786 in

2049 4843 2243 4897 aquam
2300 4825 2572 4890 resoluto,
2601 4839 2810 4879 meram
2859 4833 2914 4880 et
2967 4825 3275 4880 restrictam
3325 4825 3632 4878 divinarum
3671 4895 3676 4900 ~

2050 4917 2454 4987 Seripturaruiu
2494 4925 2725 4969 mentem
2771 4930 2869 4986 per
2907 4916 3310 4971 commentitias
3341 4930 3468 4971 suas
3497 4915 3632 4970 deu-
3662 4903 3690 4987 ε’

2051 5017 2258 5058 teroses
2285 5003 2578 5058 fmdarent.
3661 5003 3689 5068 ί,

2127 5095 2290 5148 Vens.
2320 5093 2414 5148 23.
2456 5112 2474 5146 ι
2510 5093 2791 5163 Principes
2813 5093 2889 5148 tui
2919 5109 3023 5148 non
3059 5093 3465 5162 obtemperant,
3497 5091 3618 5150 soci

2051 5185 2250 5239 furum.
2281 5203 2302 5238 ι
2344 5185 2438 5238 Sic
2487 5184 2664 5240 Vocati
2699 5200 2729 5238 a
2781 5181 3078 5239 Servatore
3129 5198 3236 5236 non
3284 5184 3631 5249 obtempera-

2047 5277 2176 5330 bant
2204 5293 2218 5330 :
2249 5275 2304 5330 in
2342 5290 2575 5340 summa,
2633 5275 2741 5330 Deo
2793 5283 3120 5345 repugnant,
3175 5271 3513 5328 declinantes
3565 5267 3638 5320 ab
3676 5263 3682 5269 ’

2048 5382 2134 5431 οο,
2166 5377 2222 5422 et
2249 5369 2302 5422 in
2332 5367 2622 5438 praeceptis
2648 5367 2767 5434 ejus
2793 5383 2900 5420 non
2937 5359 3244 5427 manentes,
3283 5381 3301 5413 ς
3341 5360 3628 5429 diligentes

2053 5473 2299 5521 munera,
2339 5457 2752 5512 retributionem
2802 5462 3213 5525 persequentes,
3264 5449 3470 5520 pupillo
3523 5463 3634 5502 nm

2045 5547 2376 5618 iudicantes,
2411 5554 2464 5600 et
2506 5561 2728 5602 causam
2779 5545 2950 5597 viduae
3003 5555 3108 5595 non
3165 5539 3562 5596 attendentes:
3611 5557 3630 5586 ι

429 5768 508 5836 (7)
552 5765 674 5822 llzec
717 5761 987 5822 nonnullis
1033 5765 1255 5836 adiectis
1307 5760 1599 5836 manifeste
1646 5756 1927 5817 transtulit
1989 5753 2375 5827 Hieronymus,
2411 5753 2502 5826 qui
2555 5753 2628 5808 ait
2665 5770 2678 5806 :
2713 5749 2821 5808 Nec
2864 5743 3067 5817 ambigo
3108 5746 3272 5816 fuisse
3307 5747 3357 5801 in
3401 5763 3460 5801 ra
3502 5764 3628 5802 saa-

357 5833 466 5893 cto's
500 5838 653 5905 viros,
681 5847 733 5893 et
771 5847 990 5902 czetcra,
1022 5849 1139 5903 quae
1177 5833 1250 5888 ibi
1280 5834 1503 5888 vidcsis.
