4138 6466
475 379 548 436 99
1159 372 1422 431 EUSEBII
1463 369 1949 427 CESARIENSIS
1990 369 2140 426 OPP.
2187 365 2363 424 PARS
2402 366 2490 423 Ill.
2546 352 3044 426 —EXEGETICA.

3653 378 3755 431 100

475 504 601 545 cum
620 486 895 559 proditore
915 485 1050 541 Juda
1069 485 1279 540 iurante
1297 489 1702 547 concurrentes,
1723 479 1864 550 juris
1885 480 2053 551 aequi-

2168 496 2269 543 τες.
2295 497 2315 531 ι
2349 478 2444 550 mp
2466 472 2559 532 οῦν
2592 479 2825 553 προδότῃ
2839 481 3008 552 Ἰούδα
3036 481 3317 536 κλέπτοντι
3339 486 3630 553 συνιόντες,
3655 492 3756 561 τὴν

480 589 647 635 tatem
679 578 838 632 donis
868 566 1323 631 venumdabanL'

554 670 717 728 Vnus.
747 671 819 725 9.6
849 670 979 724 —26.
1036 689 1055 722 ‹
1091 669 1377 739 Propterea
1446 668 1564 723 haec
1618 667 1751 723 dicit
1802 665 2060 721 Dominus
2134 718 2146 728 ,

483 762 745 819 Dominus
773 761 1011 816 Sabaoth
1046 780 1058 814 :
1088 759 1177 814 Vae
1207 760 1521 830 potentibus
1542 758 1709 813 Israel
1742 777 1756 813 :
1793 774 1903 835 non
1936 772 2058 810 ces-

483 854 631 908 sabit
672 853 813 906 enim
845 851 995 905 furor
1028 864 1179 904 meus
1231 851 1284 904 in
1315 849 1673 915 adversariis,
1715 858 1769 902 et
1798 847 2058 917 judicium

485 942 551 996 de
579 943 820 996 hostibus
867 940 998 994 meis
1028 939 1243 993 faciam.
1283 940 1351 993 Et
1378 939 1609 992 inferum
1641 952 1856 991 manum
1888 949 2062 989 meam

485 1040 669 1087 contra
712 1040 781 1095 te,
829 1039 882 1084 ct
914 1029 1261 1083 inllammahu
1308 1039 1359 1082 te
1407 1029 1474 1083 ad
1533 1043 1726 1096 purum
1759 1042 1775 1080 :
1807 1027 2062 1080 immori-

483 1137 642 1193 geros
689 1129 869 1174 autem
914 1120 1141 1188 perdam
1195 1128 1250 1174 et
1307 1118 1653 1186 consiliarios
1705 1126 1827 1171 tuos
1871 1115 2063 1171 sicula

482 1213 769 1283 principio.
837 1230 855 1263 ι
894 1209 1258 1265 Inﬂammabo
1309 1216 1363 1264 te
1417 1209 1585 1279 igitur
1628 1208 1692 1261 ad
1739 1222 1956 1277 purum,
2010 1206 2063 1261 id

482 1312 587 1367 est,
637 1303 703 1357 ad
749 1302 1092 1371 purgandum
1134 1308 1189 1354 et
1234 1299 1655 1354 discernendum
1698 1298 1973 1368 improbos
1994 1297 2063 1351 ab

480 1393 725 1450 urbanis.
779 1392 963 1458 Quare
1022 1390 1321 1445 secundum
1376 1388 1766 1460 Symmachum
1822 1388 2059 1443 dicitur:

485 1502 509 1539 ε
542 1484 612 1538 Et
643 1480 995 1537 inﬂammabo
1025 1481 1091 1534 ad
1119 1495 1310 1550 purum
1339 1480 1569 1532 scoriam
1597 1487 1772 1544 tuam;
1814 1496 1833 1529 ι
1868 1492 2064 1532 secun-

482 1577 610 1633 dum
662 1575 914 1645 Aquilam
969 1588 1134 1628 vero:
1183 1590 1202 1623 ι
1253 1572 1318 1626 Ει
1356 1568 1700 1625 inﬂammabo
1748 1568 1812 1623 ad
1871 1583 2063 1638 purum

488 1669 713 1721 acinum
763 1677 934 1719 tuum.
973 1683 993 1716 ι
1044 1661 1506 1730 Quemadmodum
1555 1663 1699 1715 enim
1746 1660 1838 1730 qui
1893 1670 2066 1715 amet

489 1758 701 1813 ferrum
728 1757 849 1826 igne
882 1763 1135 1826 purgant,
1167 1752 1398 1807 scoriam
1427 1751 1721 1820 abjiciunt,
1751 1761 1809 1805 et
1841 1751 1931 1820 qui
1965 1754 2062 1804 ho-

2160 567 2430 641 όρθότητα
2457 570 2550 622 τοῦ
2575 568 2784 623 δικαίου
2809 569 3001 643 δώροις
3024 572 3383 642 ἐπίπρασκον.

2241 680 2259 711 ι
2290 660 2389 712 Διά
2409 659 2567 713 τοῦτο
2597 660 2721 715 τάδε
2745 661 2893 729 λέγει
2914 662 3122 734 Κύριος
3152 664 3181 714 6
3205 664 3481 735 Δεσπότης
3501 665 3754 733 Σαϐαὼθ,
3798 724 3803 729 ,

2166 751 2299 804 θύαὶ
2331 752 2383 803 οἱ
2425 750 2699 820 ἰσχύοντες
2746 752 2988 824 Ἰσραηλ-
3035 753 3096 806 ού
3144 754 3406 807 παύσεται
3440 756 3549 828 γάρ
3600 774 3702 827 μου
3728 760 3757 810 6

2166 842 2334 914 θυμὸς
2363 846 2420 897 ἐν
2445 846 2557 907 τοῖς
2584 845 2946 909 ὑπεναντίοις,
2982 846 3077 899 καὶ
3110 847 3288 918 κρίσιν
3313 847 3377 900 ὲκ
3405 847 3514 901 τῶν
3545 848 3756 921 ἐχθρῶν

2169 952 2270 1005 μου
2309 936 2550 1006 ποιήσω·
2590 936 2684 988 καὶ
2715 936 2901 1003 ἐπάξω
2936 936 3036 1009 τὴν
3076 939 3236 1009 χεῖρά
3281 957 3383 1010 μου
3421 940 3513 993 ἐπὶ
3547 943 3630 1007 σὲ,
3661 943 3757 997 καὶ

2167 1021 2406 1093 πυρώσω
2456 1040 2515 1076 σε
2549 1025 2629 1087 εἰς
2658 1024 2917 1097 καθαρὸν,
2950 1027 3076 1089 τοὺς
3125 1027 3182 1079 δὲ
3232 1029 3597 1096 ἀπειθοῦντας
3651 1033 3760 1088 ἀπ-

2165 1116 2355 1179 ολέσω,
2386 1116 2477 1168 καὶ
2510 1117 2636 1178 τοὺς
2682 1116 3015 1186 συμϐούλους
3060 1134 3153 1170 σου
3184 1118 3258 1183 ώς
3305 1120 3365 1173 τὸ
3394 1120 3487 1174 ἀπ’
3512 1123 3706 1192 ἀρχῆς.
3731 1139 3755 1175 ι

2167 1202 2415 1273 Πυρώσω
2452 1219 2510 1255 σε
2530 1199 2622 1256 οὖν
2654 1204 2734 1267 εἰς
2754 1205 3012 1274 καθαρὸν,
3039 1207 3334 1271 τουτέστιν,
3362 1210 3455 1262 ἐπὶ
3482 1210 3559 1280 τῷ
3591 1210 3759 1266 καθᾶρ-

2170 1310 2256 1364 ραι
2291 1294 2386 1345 καὶ
2412 1293 2685 1364 διακρῖναι
2747 1296 2877 1357 τοῦς
2911 1296 3145 1364 φαύλους
3208 1298 3314 1351 ἀπὸ
3345 1299 3454 1351 τῶν
3492 1301 3757 1356 ἀστείων.

2168 1382 2260 1435 Διὸ
2298 1384 2440 1438 κατά
2472 1384 2563 1437 τὸν
2598 1384 2895 1456 Σύμμαχον
2938 1387 3176 1458 εἷρηται-
3216 1408 3234 1438 ι
3260 1390 3367 1442 Kal
3398 1390 3634 1460 πυρώσω
3678 1394 3759 1459 είς

2167 1475 2405 1547 καθαρὸν
2431 1475 2527 1547 τὴν
2560 1478 2799 1548 σκωρίαν
2825 1495 2916 1530 σου
2938 1496 2950 1507 ·
2977 1497 2997 1531 ι
3035 1481 3177 1534 κατά
3199 1481 3255 1534 δὲ
3285 1482 3360 1551 (8)
3387 1482 3478 1536 τὸν
3507 1484 3757 1539 Ἀκύλαν*

2171 1582 2191 1614 ι
2222 1565 2333 1617 Καὶ
2357 1564 2593 1635 πυρώσω
2623 1566 2703 1628 εἰς
2734 1565 2973 1639 καθαρὸν
2992 1567 3053 1620 τὸ
3078 1570 3410 1641 γιγαρτῶδές
3431 1588 3544 1625 σου.
3579 1594 3597 1625 ι
3632 1575 3760 1627 Ὠσ-

2168 1671 2273 1725 περ
2300 1653 2409 1725 γάρ
2438 1656 2487 1706 οἰ
2519 1654 2871 1726 καθαίροντες
2905 1655 2993 1710 διὰ
3026 1657 3121 1712 τοῦ
3159 1660 3331 1731 πυρὸς
3374 1661 3575 1731 χαλκὸν
3608 1664 3639 1734 ἢ
3677 1663 3759 1716 σί-

2168 1744 2355 1817 δηρον,
2384 1745 2484 1815 τὴν
2509 1746 2752 1816 σκωρίαν
2778 1746 3168 1814 ἀποϐάλλουσι,
3218 1751 3312 1804 καὶ
3343 1753 3392 1805 οί
3418 1754 3542 1816 τοὺς
3566 1754 3762 1826 βότρυς

485 1857 606 1904 trus
649 1848 822 1903 vineae
873 1846 925 1900 in
983 1844 1345 1898 torcularibus
1400 1850 1677 1909 premunt,
1735 1843 1951 1895 acinum
2005 1850 2062 1897 et

2170 1838 2270 1907 τῆς
2300 1836 2545 1907 ἀμπέλου
2573 1837 2630 1889 ὲν
2648 1839 2770 1900 ταῖς
2801 1837 2980 1907 ληνοῖς
3004 1839 3300 1904 πιέζοντες,
3322 1840 3382 1894 τδ
3404 1843 3759 1916 γιγαρτῶδεςν

484 1936 755 2008 superﬂua
774 1935 1103 1990 calcatarum
1135 1945 1361 1986 uvarum
1388 1930 1702 2000 expellunt;
1736 1933 1950 1995 eodem,
1983 1932 2064 1984 iu-

486 2029 627 2100 quit,
657 2027 814 2082 modo
848 2037 902 2080 et
932 2041 1031 2095 ego
1064 2023 1420 2078 iutiammaho
1469 2020 1535 2075 ad
1583 2036 1778 2091 purum
1842 2022 2061 2076 acinum

490 2129 661 2173 tttttm.

556 2208 722 2264 Vrsas.
745 2210 835 2265 27.
868 2227 885 2260 ι
920 2208 986 2262 Et
1009 2216 1131 2278 post
1151 2206 1265 2261 haec
1292 2205 1572 2261 vocaberis
1595 2206 1790 2261 civitas
1809 2206 2063 2275 justitirc,

493 2298 811 2367 metropolis
851 2295 1029 2351 lidelis
1058 2295 1190 2349 Sion
1226 2314 1240 2350 :
1275 2311 1399 2349 nam
1440 2311 1564 2351 cum
1591 2296 1797 2366 judicio
1829 2296 2063 2352 salvahi-

485 2398 572 2445 tur
604 2388 894 2460 captivitas
922 2390 1063 2458 eius.
1099 2407 1117 2440 ι
1165 2388 1522 2442 Communem
1566 2388 1847 2444 civitatem
1879 2398 2064 2459 postea

479 2480 914 2537 constituendam
947 2479 1261 2547 alloquitur,
1306 2495 1474 2548 quant
1514 2478 1742 2548 iustitia:
1786 2481 2065 2534 civitatem

481 2582 663 2637 vocat,
698 2580 753 2626 ct
783 2570 1129 2637 metropolim
1177 2569 1388 2623 ﬁdelem
1439 2569 1595 2634 Sion,
1640 2571 1740 2638 piae
1790 2570 2069 2640 religionis

481 2662 791 2719 institutum
833 2669 888 2714 et
910 2668 1111 2715 castum
1160 2658 1261 2713 hoc
1311 2660 1535 2715 nomine
1584 2675 1879 2715 exornans.
1924 2662 2071 2716 Sane

482 2766 619 2807 vero
649 2750 742 2805 ille
769 2752 901 2805 olim
925 2750 1068 2818 apud
1094 2747 1313 2804 Judzeos
1345 2749 1567 2818 sapiens
1590 2750 1898 2817 exciderat;
1928 2765 2073 2805 nunc

485 2852 667 2897 autem
695 2842 750 2897 in
770 2841 1027 2896 universa
1054 2847 1198 2895 terra
1232 2855 1327 2911 per
1351 2839 1553 2896 Christi
1584 2840 1876 2896 Ecclesiam
1910 2840 2069 2911 erigi-

484 2944 594 2999 tur,
627 2933 879 2990 l‘undatus
909 2947 1072 3003 supra
1119 2943 1349 3002 petram.
1388 2931 1453 2987 lli
1499 2948 1627 2989 vero
1667 2943 1794 2988 sunt
1837 2934 2072 3002 pulchra:

481 3024 726 3083 civitatis
772 3021 1050 3093 prwsules,
1094 3022 1310 3092 judices
1356 3030 1411 3075 et
1454 3020 1771 3084 consiliarii,
1821 3020 1911 3090 qui
1959 3020 2069 3075 ini-

486 3100 625 3171 tium
666 3116 737 3169 ab
787 3113 1048 3184 apostolis
1094 3120 1152 3167 et
1203 3112 1483 3182 discipulis
1536 3111 1842 3168 Salvatoris
1896 3111 2066 3166 nostri

486 3212 853 3274 acceperunt:
890 3218 956 3257 ex
996 3217 1182 3258 eorum
1216 3216 1347 3258 vero
1379 3204 1726 3259 successione
1744 3204 2066 3268 etiamnum,

485 3296 641 3364 quasi
657 3308 723 3349 ex
750 3295 892 3349 bono
908 3295 1116 3350 semine
1142 3295 1246 3350 orti
1273 3296 1645 3366 resplendent,
1682 3296 1776 3351 Dei
1809 3295 2067 3351 Ecclesiae

486 3383 745 3453 praesides
778 3384 1084 3439 constituti.
1122 3385 1337 3440 Etenim
1384 3386 1475 3455 qui
1512 3385 1655 3455 apud
1689 3386 1856 3441 Deum
1891 3386 2066 3441 salute

488 3474 633 3543 digni
662 3474 884 3543 iudicati
912 3474 1132 3539 fuerint,
1168 3476 1228 3543 ii,
1263 3477 1467 3546 inquit,
1505 3477 1606 3530 soli
1647 3476 1915 3544 promissa
1938 3492 2065 3531 cun-

486 3575 825 3634 sequentur:
864 3566 990 3621 dum
1030 3564 1200 3621 Judaei
1229 3566 1434 3621 frustra
1479 3568 1853 3639 imaginantur
1899 3569 2064 3621 tutius

485 3657 664 3725 gentis
692 3671 807 3711 sua:
828 3656 1251 3712 conversionem
1284 3655 1419 3711 fore.
1449 3655 1849 3711 Liberationem
1885 3666 2063 3711 autem

487 3760 518 3796 a
557 3745 871 3813 captivitate
923 3736 1328 3815 intelligendum
1382 3756 1459 3801 est
1529 3762 1645 3802 esse
1710 3747 2063 3801 mutationem

485 3837 788 3890 animarum
844 3838 913 3893 ab
954 3853 1137 3893 errore
1196 3837 1261 3893 ad
1295 3852 1480 3891 veram
1523 3838 1616 3893 Dei
1645 3839 2010 3909 cognitionem
2048 3857 2061 3892 :

485 3943 650 3996 quam
703 3928 953 3982 Salvator
1003 3929 1327 3995 declaravit,
1361 3944 1506 3992 cum,
1552 3938 1776 3998 accepto
1812 3929 1865 3983 in
1905 3943 2066 3999 syna-

483 4031 622 4085 goga
670 4016 880 4070 llesaize
919 4017 1081 4081 libro,
1136 4018 1384 4087 lectaque
1431 4017 1675 4072 clausula
1717 4032 1787 4071 ex
1835 4033 2063 4089 persona

487 4113 607 4183 ejus
642 4114 755 4166 haec
782 4110 1102 4174 dicente’-;r
1152 4114 1390 4182 Spiritus
1421 4115 1634 4188 Domini
1663 4131 1831 4185 super
1863 4132 1967 4179 me,
2001 4132 2067 4171 eo

488 4201 634 4270 quod
686 4203 900 4255 unxerit
956 4217 1074 4269 me,
1116 4202 1499 4273 evangelizare
1548 4205 1873 4273 pauperibus
1918 4207 2066 4261 misit

490 4305 595 4355 tite,
632 4310 648 4339 ι
686 4301 804 4347 etc.
838 4330 855 4357 ,
895 4291 1157 4361 replicato
1205 4286 1348 4347 libro
1404 4293 1588 4347 intulit
1621 4309 1635 4348 :
1665 4311 1685 4344 ι
1727 4292 1897 4349 llodie
1952 4296 2066 4349 hazc

490 4366 769 4449 Scriptura
804 4381 1023 4452 impleta
1068 4390 1154 4438 est
1207 4383 1260 4438 in
1305 4383 1530 4437 auribus
1562 4384 1777 4450 vestris,
1811 4404 1831 4437 ι
1866 4386 2063 4441 docens

490 4483 549 4521 se
575 4472 971 4538 redemptorcm
1008 4474 1368 4526 humanarum
1406 4474 1713 4528 animarum
1737 4489 1878 4530 esse.

564 4730 726 4785 Vens.
761 4730 851 4786 28.
890 4750 909 4784 ι
945 4732 1013 4787 Et
1039 4744 1393 4791 conterentur
1428 4738 1633 4808 iniqui,
1665 4750 1718 4794 et
1745 4752 2063 4809 peccatores

490 4820 673 4890 simul,
695 4834 746 4876 et
768 4824 861 4893 qui
894 4825 1297 4895 dcreliquerunt
1328 4828 1607 4885 Dominum
1632 4833 2010 4887 ronllcientur.
2038 4853 2054 4884 ι

492 4912 599 4967 Sed
632 4914 698 4968 de
732 4914 910 4970 medio
941 4916 1207 4972 tollendos
1234 4933 1356 4975 esse
1387 4922 1464 4975 ait
1492 4924 1746 4991 nequitias
1782 4924 2058 4978 doctores.

488 5004 716 5069 Quinam
751 5020 881 5060 vero
908 5006 944 5061 ii
975 5018 1180 5072 essent,
1212 5009 1263 5064 in
1296 5012 1726 5080 prmeedentibus
1753 5012 2065 5065 declaratur

491 5094 575 5148 bis
605 5095 821 5150 verbis:
861 5112 881 5149 ι
910 5096 1000 5151 ναξ
1018 5099 1163 5168 genti
1198 5102 1487 5169 peccatrici
1546 5102 1743 5172 uopulo
1774 5100 1931 5170 pleno
1958 5102 2062 5155 ini-

487 5187 729 5253 qttltatis.
770 5205 789 5239 ι

561 5275 839 5333 νειελθ.
885 5297 905 5329 ι
947 5280 1081 5344 Quia
1135 5284 1538 5338 confundentur
1566 5298 1730 5353 super
1767 5282 1905 5338 idola
1937 5299 2059 5349 sua,

489 5380 608 5430 quae
654 5367 755 5438 ipsi
811 5371 1086 5438 volebant,
1125 5382 1181 5428 et
1214 5373 1621 5429 confundentur
1666 5389 1829 5443 super
1873 5375 2059 5430 hortus

488 5472 638 5522 suos,
671 5473 808 5527 quos
840 5464 1287 5532 concupiverunt.
1317 5485 1333 5517 ι
1368 5464 1634 5521 Cancrum
1664 5466 1886 5535 pudoris
1935 5482 2058 5520 sen-

559 5552 579 5581 ⁹
616 5551 748 5616 Luc,
784 5569 851 5622 Iv,
893 5558 980 5624 18,
1009 5558 1101 5612 21.

560 5666 817 5758 lgzmllrcc
870 5667 1287 5740 interpretatio,
1355 5682 1491 5728 teste
1568 5673 1933 5748 Hieronymo,
1983 5689 2066 5734 cst
2130 5680 2515 5749 Theodotionis
2563 5706 2577 5758 ;

487 5740 666 5792 vidui'u
677 5754 720 5790 r.

2173 1929 2268 1980 καὶ
2300 1926 2368 1980 τά
2398 1926 2633 1998 περισσὰ
2684 1926 2792 1980 τῶν
2814 1929 3229 2000 ὲκπατηθέντων
3265 1930 3505 2003 βοτρύων
3534 1931 3781 2008 ἀπορρΓ.

2167 2022 2384 2081 πτουσί,
2414 2018 2505 2070 τὸν
2568 2017 2729 2071 αύτδν
2761 2019 2961 2090 τρόπον
2990 2020 3163 2089 κάγὼ,
3205 2021 3359 2092 φησι,
3403 2021 3643 2093 πυρώσω
3681 2024 3763 2089 εἰς

2163 2108 2406 2180 καθαρὸν
2437 2108 2498 2161 τὸ
2529 2108 2865 2178 γιγαρτῶδές
2895 2126 3009 2164 σου.

2242 2217 2260 2248 ι
2286 2197 2395 2250 Καὶ
2431 2198 2570 2267 μετά
2597 2196 2772 2250 ταῦτα
2797 2197 3049 2271 κληθήσῃ
3082 2199 3233 2264 πόλις
3257 2192 3622 2272 δικαιοσύνης,
3661 2219 3768 2275 μη-

2164 2289 2415 2361 τρόπολις
2450 2288 2614 2360 πιστὴ
2645 2288 2811 2342 Σιώνδ
2858 2290 2996 2360 μετά
3029 2290 3137 2363 γάρ
3169 2293 3435 2363 κρίματος
3463 2293 3765 2366 σωθήσεται

2167 2382 2200 2451 ἡ
2232 2379 2577 2450 αἰχμαλωσία
2610 2380 2802 2451 αὐτῆς.
2827 2398 2845 2431 ι
2875 2380 2954 2451 Τῇ
3000 2381 3139 2451 μετά
3172 2381 3346 2436 ταῦτα
3385 2384 3766 2457 συστησομένη

2168 2475 2319 2543 κοινῇ
2355 2471 2529 2537 πόλει,
2560 2470 2627 2541 ἦν
2650 2489 2770 2524 τινα
2800 2471 2896 2524 καὶ
2929 2471 3085 2524 πόλιν
3109 2471 3454 2543 δικαιοσύνης
3487 2473 3762 2544 ὀνομάζει.

2171 2564 2262 2617 καὶ
2293 2563 2622 2634 μητρόπολιν
2658 2560 2853 2633 πιστὴν
2882 2563 3044 2627 Σιὼν,
3078 2563 3222 2617 οὕτω
3250 2565 3561 2637 προσειπὼν
3589 2565 3651 2617 τὸ
3672 2565 3767 2618 σύ-

2174 2669 2353 2723 στημα
2393 2652 2489 2705 τοῦ
2532 2653 2813 2722 θεοφιλοῦς
2870 2653 3285 2725 πολιτεύματος.
3334 2655 3391 2707 ’0
3449 2655 3615 2708 πάλαι
3665 2654 3765 2725 μὲν

2173 2745 2390 2806 συνετὸς
2436 2742 2587 2814 παρά
2628 2743 2903 2808 Ἰουδαίοις
2980 2744 3375 2799 διεπεπτώκει·
3422 2745 3518 2799 νῦν
3551 2747 3609 2801 δὲ
3642 2746 3764 2800 καθ’

2171 2836 2297 2905 ὅλης
2319 2835 2418 2904 τῆς
2448 2834 2773 2905 οἰκουμένης
2795 2834 2883 2889 διά
2910 2836 3009 2907 τῆς
3032 2833 3124 2889 τοῦ
3158 2836 3394 2906 Χριστοῦ
3437 2837 3763 2909 Ἑκκλησῖας

2172 2928 2467 2998 ἐγήγερται
2500 2924 2963 2996 τεθεμελιωμένος
2989 2927 3082 2979 ἐπὶ
3113 2928 3213 2999 τὴν
3248 2928 3475 2999 πέτραν.
3508 2928 3672 2981 Αὐτοὶ
3705 2927 3764 2983 δι

2170 3020 2272 3091 τῆς
2294 3018 2465 3088 καλῆς
2485 3017 2692 3082 πόλεως
2714 3020 2762 3071 οἰ
2786 3018 3149 3090 προεστῶτες,
3177 3021 3380 3090 κριταὶ,
3404 3020 3498 3073 καὶ
3526 3018 3765 3091 σύμϐου-

2171 3110 2275 3175 λοι,
2309 3109 2358 3163 ο¹ί
2389 3110 2564 3181 ἀρχὴν
2613 3109 2712 3179 μὲν
2747 3109 2853 3162 ἀπὸ
2883 3108 2991 3163 τῶν
3025 3109 3337 3165 ἀποστόλων
3374 3111 3469 3164 καὶ
3500 3109 3759 3180 μαθητῶν

2171 3202 2267 3257 τοῦ
2291 3203 2541 3274 Σωτῆρος
2566 3201 2727 3273 ἡμῶν
2751 3201 3035 3273 εἰλήφασιν
3055 3221 3067 3233 ·
3100 3204 3163 3256 ὲκ
3187 3203 3244 3257 δὲ
3277 3205 3375 3275 τῆς
3400 3205 3621 3258 ἐκείνων
3650 3202 3773 3258 διαέ

2170 3293 2333 3364 δοχῆς
2381 3293 2547 3345 εἰσέτι
2581 3293 2675 3345 καὶ
2707 3291 2823 3357 νῦν,
2853 3292 3041 3365 ὥσπερ
3092 3296 3156 3347 ὲκ
3209 3294 3524 3366 σπέρματος
3556 3294 3765 3365 ἀγαθοῦ

2172 3381 2367 3452 φύντες
2396 3382 2815 3453 διαλάμπουσιν,
2840 3384 3093 3457 πρόεδροι
3121 3385 3219 3455 τῆς
3248 3385 3343 3439 τοῦ
3376 3385 3511 3440 Θεοῦ
3539 3387 3768 3458 Ἐκκλη-

2174 3475 2296 3538 σίας
2328 3475 2691 3538 καθεστῶτες.
2740 3477 2803 3529 Οἰ
2831 3476 2940 3547 γάρ
2977 3477 3253 3548 σωτηρίας
3280 3477 3421 3542 ἄξιοι
3469 3477 3619 3548 παρά
3648 3477 3768 3548 Θεῷ

2171 3565 2469 3637 κριθέντες,
2487 3566 2638 3638 μόνοι
2655 3566 2957 3632 τεύξονται,
2978 3567 3133 3638 φησὶ,
3153 3572 3254 3639 τῆς
3282 3568 3638 3638 ἐπαγγελίας,
3657 3568 3768 3622 τῶν

2183 3655 2450 3709 Ἰουδαίων
2493 3658 2669 3727 μάτην
2711 3658 3131 3729 φανταζομένων
3166 3660 3498 3731 ἐπιστροφὴν
3549 3659 3766 3713 ἔσεσθαι

2171 3745 2264 3798 τοῦ
2291 3747 2491 3809 παντὸς
2512 3747 2694 3801 αὐτῶν
2716 3748 2921 3813 ἔθνους.
2952 3750 3342 3821 Αἰχμαλωσίας
3368 3750 3423 3804 δὲ
3453 3751 3767 3823 ἐλευθερίαν

2171 3832 2276 3907 χρὴ
2300 3839 2462 3901 νοεῖν,
2497 3839 2596 3909 τὴν
2628 3839 2736 3892 ἀπὸ
2761 3839 2863 3911 τῆς
2900 3841 3109 3912 πλάνης
3163 3843 3258 3896 ὲπί
3306 3843 3405 3914 τὴν
3458 3842 3635 3914 ἀληθῆ
3670 3843 3765 3897 τοῦ

2169 3927 2305 3980 Θεοῦ
2336 3928 2537 3997 γνῶσιν
2574 3931 2875 4009 μεταβολὴν
2902 3934 3010 3987 τῶν
3034 3935 3221 4006 ψυχῶν
3246 3954 3257 3966 ·
3296 3936 3363 4007 ἣν
3391 3936 3482 3990 καὶ
3510 3938 3539 3989 6
3574 3937 3767 4010 Σωτὴρ

2171 4017 2429 4090 παρίστη,
2461 4021 2695 4091 ὁπηνίκα
2738 4026 2796 4076 ὲν
2826 4028 2889 4096 τῇ
2916 4030 3205 4099 συναγωγῇ
3240 4026 3420 4081 λαΰὼν
3445 4030 3544 4100 τὴν
3582 4026 3761 4098 βίϐλον

2169 4107 2262 4160 τοῦ
2302 4108 2545 4176 Ἡσαΐου,
2573 4114 2670 4184 τήν
2692 4130 2751 4166 τε
2778 4117 3082 4188 περικοπὴν
3104 4118 3368 4187 ἀναγνοὺς
3390 4119 3487 4191 τὴν
3512 4122 3576 4173 ὲκ
3600 4134 3763 4190 προσο

2168 4199 2316 4254 ώπου
2360 4203 2524 4257 αὐτοῦ
2560 4207 2844 4275 φήσασαν·
2893 4227 2911 4259 ι
2939 4209 3162 4280 Πνεῦμα
3195 4213 3400 4282 Κυρίου
3438 4213 3526 4264 ἐπ’
3552 4211 3670 4282 ἐμὲ,
3702 4203 3764 4264 οὗ

2168 4293 2373 4347 εἵνεκεν
2398 4293 2581 4367 ἔχρισέ
2607 4313 2694 4367 με,
2720 4299 3174 4368 εὐαγγελίσασθαι
3202 4304 3437 4372 πτωχοῖς
3458 4301 3764 4356 ἀπέσταλκέ

2170 4401 2238 4454 με
2260 4401 2273 4414 ·
2309 4385 2544 4456 κηρύξαι
2575 4388 2947 4458 αἰχμαλώτοις
2982 4390 3176 4459 ἄφεσιν
3199 4409 3213 4422 ⁸
3244 4411 3262 4445 ι
3302 4394 3395 4446 καὶ
3425 4392 3632 4459 πτύξας
3664 4393 3763 4464 τὴν

2094 4510 2139 4563 D
2169 4477 2370 4548 βίϐλον,
2407 4475 2527 4533 εἷπε
2552 4497 2564 4509 ·
2603 4499 2624 4532 ι
2646 4482 2895 4554 Σήμερον
2937 4485 2969 4555 ἡ
3004 4484 3195 4557 Γραφὴ
3237 4486 3376 4558 αὓτη
3407 4487 3762 4557 πεπλήρωται

2167 4570 2225 4620 ὲν
2244 4571 2356 4630 τοῖς
2384 4568 2517 4621 ώσὶν
2545 4570 2699 4640 ὑμῶν
2720 4588 2733 4600 ο
2764 4592 2782 4622 ι
2811 4573 3078 4627 διδάσκων
3105 4574 3189 4646 δὴ,
3216 4576 3291 4639 ώς
3321 4576 3480 4640 αὐτὸς
3508 4578 3590 4647 εἴη
3619 4577 3646 4629 6
3668 4576 3760 4632 λυ-

2162 4660 2375 4731 τρωτὴς
2405 4661 2509 4713 τῶν
2542 4663 2900 4733 ἀνθρωπίνων
2920 4664 3130 4736 ψυχῶν.

2237 4771 2255 4801 σ
2285 4753 2393 4805 Καὶ
2430 4754 2874 4826 συντρισὴσονται
2906 4759 2953 4810 οἰ
2986 4758 3197 4828 ἄνομοι,
3230 4776 3324 4813 και
3353 4760 3400 4811 οἱ
3433 4759 3755 4833 ἁμαρτωλοὶ

2160 4844 2295 4915 ἅμα,
2332 4846 2427 4898 καὶ
2459 4848 2506 4898 οἰ
2534 4848 2991 4915 ἐγκαταλιπόντες
3031 4846 3123 4902 τὸν
3153 4850 3358 4924 Κύριον
3407 4848 3760 4921 συντελεσθῆ-

2168 4950 2370 4991 σονται.
2409 4955 2426 4985 ι
2476 4936 2614 4989 Ἀλλ’
2647 4939 2889 4992 ἐκποδὼν
2937 4938 3183 5007 γίνεσθαι
3209 4940 3336 5003 τοὺς
3364 4939 3464 5009 τῆς
3493 4938 3760 5011 πονηρίας

2164 5025 2539 5091 διδασκάλους.
2571 5027 2726 5092 Τίνες
2777 5029 2834 5083 δὲ
2868 5025 3008 5102 ἦσαν
3051 5022 3215 5090 οῦτοι,
3264 5029 3504 5096 ἐδίδαξεν
3544 5029 3573 5082 6
3603 5028 3760 5097 λόγος

2164 5115 2251 5169 διὰ
2279 5116 2387 5169 τῶν
2420 5118 2747 5191 ἔμπροσθεν,
2780 5119 2948 5174 εἰπών
2968 5138 2980 5149 '
3022 5140 3039 5172 ι
3063 5121 3200 5174 0ύαί¹
3231 5121 3380 5184 ἔθνος
3399 5119 3754 5193 ἀμαρτωλόν’

2164 5203 2290 5269 λαὸς
2320 5193 2533 5279 πλήρης
2560 5205 2806 5279 ἀνομίας.
2837 5228 2854 5260 ι

2240 5318 2258 5348 r
2286 5299 2429 5352 Διό-ει
2457 5284 3008 5374 καταισχυνθήσονται
3042 5301 3136 5354 ἐπὶ
3158 5305 3270 5364 τοῖς
3297 5300 3535 5364 εἰδώλοις
3551 5298 3755 5362 αὐτῶν,

2164 5389 2200 5444 ἃ
2238 5391 2388 5443 αύτοί
2419 5391 2731 5461 ἠϐούλοντο,
2791 5393 2886 5446 καὶ
2933 5392 3454 5462 ἐπαισχυνθήσονται
3505 5392 3598 5445 ἐπὶ
3646 5393 3759 5454 τοῖς

2167 5480 2362 5551 κήποις
2414 5480 2614 5547 αὐτῶν,
2648 5482 2683 5538 a
2709 5481 3088 5554 ἐπεθύμησαν.
3118 5502 3135 5532 ι
3192 5481 3337 5555 Πλὴν
3372 5483 3465 5535 ἐπὶ
3511 5484 3624 5544 τοῖς
3673 5480 3757 5533 αἰ-

2633 5702 2802 5757 quare
2850 5688 3086 5761 _Aquil:e
3162 5705 3358 5746 nomen
3444 5690 3736 5762 irrepsisse
