4138 6460
396 422 495 475 101

1388 425 1888 480 (ΣΟΜΜΕΝΤΛΙΗᾹ
1934 427 1998 482 ΙΝ
2040 430 2291 485 ISAIAM.
2332 463 2392 472 —
2437 433 2588 487 CAP.
2630 436 2692 490 ΙΙ.

3585 450 3685 504 102

395 541 586 611 σχροίς
617 540 848 609 αἰσχύνη
878 541 941 592 ἐκ
977 542 1385 612 συναισθήσεως
1424 545 1606 606 αὐτοῖς
1639 545 1964 616 ἐγγενομένη

2067 600 2068 605 η
2105 562 2217 610 sus,
2254 562 2412 616 quem
2447 550 2513 604 de
2537 551 2695 606 foedis
2725 553 2840 607 suis
2868 557 3036 621 gestis
3060 561 3372 629 percepturi
3405 574 3549 631 sunt,
3578 567 3682 621 im-

389 632 499 703 τῆς
543 632 901 702 ἀναισχύντου
932 635 1026 686 καὶ
1057 634 1307 697 ἀναιδοῦς
1361 637 1736 706 προαιρέσεως
1769 638 1994 708 μεταϐο-

389 722 497 797 λὴν
523 725 704 787 αὐτοῖς
735 724 960 794 ἔμελλεν
984 726 1325 797 ἐμποιήσειν.

471 834 490 866 ¢
506 816 758 868 Ἔσονται
779 817 886 888 γάρ
903 816 978 880 ὡς
1003 817 1315 888 τερέϐινθος
1337 819 1745 891 ἀποϐεϐληκυῖα
1777 824 1844 877 τά
1869 824 1993 893 φύλ-

387 905 479 970 λα,
518 907 613 960 καὶ
648 908 724 971 ὼς
755 909 1084 979 παράδεισος
1131 908 1274 982 ῦδωρ
1309 911 1382 980 μὴ
1440 911 1609 980 ἔχων⁸
1637 933 1653 964 ›
1719 917 1766 967 οἰ
1823 916 1990 970 πάλαι

385 997 545 1060 ὄντες
574 998 833 1069 ἁμπελὼν
874 1000 1080 1071 Κυρίου
1121 1000 1368 1066 Σαϐαὼθ,
1418 1004 1511 1055 καὶ
1545 1003 1699 1056 ἐλαία
1751 1005 1986 1069 εὔσκιος.

386 1089 458 1142 Εἰ
491 1089 621 1159 γοῦν
641 1108 726 1154 τις
758 1091 1014 1144 θεάσαιτο
1038 1092 1138 1155 τὰς
1162 1093 1290 1163 παρ’
1316 1093 1500 1158 αὐτοῖς
1520 1094 1628 1148 τῶν
1659 1096 1820 1150 θείων
1848 1099 1987 1170 Γρα-

388 1181 511 1250 φῶν
543 1183 893 1252 ἐπαγγελίας,
941 1184 1184 1254 νομικῶν
1217 1202 1276 1238 τε
1312 1187 1402 1238 καὶ
1438 1189 1791 1257 προφητικῶν
1841 1193 1880 1243 Γ
1885 1209 1984 1262 ρα-

386 1273 512 1343 φῶν
546 1275 898 1344 ἀναγνώσεις,
933 1277 1129 1346 βίϐλων
1161 1295 1220 1329 τε
1268 1278 1552 1349 ἱστορικῶν
1587 1282 1680 1332 καὶ
1712 1283 1986 1354 στιχηρῶν

385 1365 570 1434 λόγον,
603 1367 878 1438 ὑμνῳδίας
908 1386 966 1422 τε
993 1369 1248 1440 τρόπους,
1284 1372 1376 1423 καὶ
1409 1371 1759 1442 ψαλμῳδίας·
1797 1375 1983 1442 ὄψεται

383 1457 721 1526 παράδεισον
747 1458 982 1529 ἀληθῶς,
1035 1461 1126 1512 καὶ
1157 1459 1398 1530 λειμῶνα
1430 1464 1698 1518 παντοίων
1741 1465 1978 1533 ἀγαθῶν.

381 1544 451 1597 Εἰ
478 1546 534 1598 δέ
569 1546 820 1618 ζητήσειε
870 1550 1001 1620 παρ’
1031 1550 1211 1613 αὐτοῖς
1242 1550 1331 1603 τὸν
1374 1550 1614 1622 ἔμψυχον
1641 1553 1736 1606 καὶ
1760 1555 1981 1626 γόνιμον

377 1637 480 1689 καὶ
511 1636 686 1701 ζῶντα
720 1639 912 1706 Λόγον,
941 1635 1002 1691 οὗ
1029 1642 1056 1692 ὁ
1087 1641 1254 1694 πίνων
1284 1643 1464 1713 πηγὴν
1494 1644 1603 1709 ἐξει
1631 1627 1821 1706 ὓδατος
1847 1645 1981 1709 ζῶν-

373 1744 471 1791 τος
499 1728 792 1799 ἁλλομένου
827 1733 906 1794 είς
935 1729 1078 1802 ζωὴν
1106 1731 1322 1786 αἰώνιον
1347 1751 1357 1764 ⁸
1385 1734 1484 1787 οὐκ
1516 1735 1580 1788 ἂν
1601 1735 1772 1806 εὖροι.

458 2008 475 2040 ι
505 1990 614 2043 Καὶ
644 1990 796 2045 ἔσται
829 1995 862 2064 ἡ
901 1995 1051 2064 ἰσχὺς
1071 1996 1261 2067 ξαύτῶν
1293 1999 1368 2062 ὡς
1401 1999 1622 2070 καλάμη
1648 2004 1985 2069 στυππείου,.

369 2081 474 2134 καὶ
521 2083 578 2135 αἰ
617 2084 872 2154 ἐργασίαι
909 2088 1087 2140 αὐτῶν
1113 2089 1188 2152 ὠς
1220 2090 1413 2146 σπινθῆ
1426 2108 1516 2162 ρες
1541 2109 1554 2121 ·
1579 2091 1674 2144 καὶ
1701 2110 1974 2148 κατακαυ-

362 2171 636 2242 θήσονται
658 2177 706 2227 οί
741 2177 951 2248 ἄνομοι,
985 2180 1079 2232 καὶ
1107 2181 1154 2233 οἱ
1179 2181 1497 2253 ἁμαρτωλοί
1547 2184 1664 2254 ἅμα
1690 2203 1702 2215 '
1745 2189 1839 2240 καὶ
1872 2190 1973 2242 οὐκ

361 2257 532 2310 ἔσται
561 2262 588 2313 ὁ
615 2260 840 2314 σϐέσων.
869 2283 886 2313 ι
923 2263 996 2316 Ού
1029 2265 1198 2328 σίτου,
1223 2267 1344 2320 οὐδέ
1375 2286 1515 2331 τινος
1545 2271 1732 2340 ἐτέρου
1767 2271 1874 2325 τῶν
1905 2274 1970 2326 ἀ-

359 2337 653 2417 ναγκαίων
677 2352 922 2424 καλάμη,
950 2355 1038 2408 διὰ
1072 2356 1128 2408 τὸ
1148 2357 1460 2430 ἀφῃρῆσθαι
1483 2362 1578 2413 ἀπ’
1610 2337 1788 2414 αὐτῶν
1819 2364 1968 2434 ἰσχύ-

356 2457 506 2493 οντα
534 2443 626 2494 καί
665 2443 973 2513 ἰσχύουσαν,
1031 2446 1124 2499 καὶ
1172 2450 1324 2518 ἰσχὺν
1352 2448 1540 2519 ἄρτου,
1597 2451 1689 2503 καὶ
1720 2452 1792 2505 τὰ
1820 2453 1966 2523 ἑξῆς.

360 2531 467 2582 Διὸ
491 2531 612 2584 οὐδὲ
661 2533 915 2587 δύνανται
960 2534 1139 2603 λέγειν
1182 2541 1296 2601 τοῖς
1337 2540 1573 2609 Χριστοῦ
1603 2543 1888 2615 ’μαθηταῖς
1916 2547 1970 2598 ὀ-
2001 2577 2027 2589 κ

368 2622 545 2690 μοίως
569 2638 581 2652 ο
635 2647 651 2672 ς
676 2624 863 2680 Πάντα
901 2626 1156 2696 ίσχύομεν
1181 2630 1241 2680 ἐν
1286 2629 1362 2699 τῷ
1394 2631 1782 2704 ἐνδυναμοῦντι
1823 2636 1968 2706 ἡμᾶς

362 2712 518 2800 Θεῶο
546 2733 564 2764 ι
599 2717 714 2781 καὶ,
753 2735 770 2768 ι
792 2717 888 2780 Τίς
934 2720 1081 2789 ἡμᾶς
1103 2722 1326 2793 χωρίσει
1364 2725 1471 2777 ἀπὸ
1499 2726 1597 2796 τῆς
1624 2728 1847 2800 ἀγάπης
1871 2730 1965 2784 τοῦ

361 2795 644 2878 Χριστοῦ;
679 2807 856 2878 θλίψις
883 2811 914 2881 ἢ
951 2815 1316 2886 στενοχωρία;
1349 2835 1364 2866 ι
1402 2817 1495 2870 καὶ
1523 2795 1591 2871 τά
1625 2795 1774 2890 ἑξῆς.
1801 2795 1967 2876 Ὀῦτω

359 2897 422 2952 δὲ
448 2897 668 2966 γέγονεν
699 2901 876 2954 αὐτῶν
926 2903 958 2974 ἡ
993 2906 1144 2975 ἰσχὺς
1177 2906 1252 2970 ὡς
1278 2908 1498 2979 καλάμη
1538 2913 1858 2979 στυππείου,
1891 2917 1966 2979 ὡς

365 2992 448 3064 μὴ
502 2993 662 3064 μόνον
695 2994 956 3049 ἀπολέσαι
988 2999 1087 3068 τὴν
1138 2999 1476 3072 ἐλευθερίαν,
1523 2998 1642 3074 ἐνῇ
1700 3006 1965 3078 πρότερον

360 3085 604 3156 ἐκόμων,
656 3086 950 3158 αὐτονομίᾳ
994 3089 1089 3142 καὶ
1147 3091 1392 3163 βασιλείᾳ
1444 3094 1618 3164 οἰκείᾳ
1667 3094 1961 3166 χρώμενοι,

2046 925 2052 932 ·
2095 908 2238 964 libus
2297 911 2458 979 foliis,
2518 922 2573 968 et
2636 917 2774 972 sicut
2817 922 3103 987 paradisus
3144 925 3260 978 sine
3293 941 3432 995 aqua

2099 637 2317 706 pudenti
2337 649 2390 694 et
2409 641 2778 699 inverecundo
2801 650 2990 702 eorum
3016 651 3298 718 proposito
3323 664 3680 712 mutationem

2097 727 2307 781 afferet.

2167 818 2328 873 Vens.
2359 821 2449 878 50.
2486 840 2504 873 ε
2531 822 2699 878 Erunt
2728 827 2869 881 enim
2904 829 3044 885 sicut
3079 833 3416 889 terebinthus
3442 835 3679 893 deﬂuen-

3470 947 3482 982 :
3525 949 3542 981 ›
3584 933 3676 1001 qui

2092 999 2224 1053 olim
2249 1011 2405 1055 erant
2435 1004 2592 1059 vinea
2618 1006 2831 1064 Domini
2863 1010 3124 1075 Sabaoth,
3149 1024 3204 1068 et
3231 1015 3370 1072 oliva
3397 999 3674 1077 umbrosa.

2094 1089 2150 1144 Si
2189 1092 2312 1159 quis
2343 1094 2488 1147 enim
2525 1100 2827 1165 respexerit
2849 1102 2912 1154 ad
2945 1106 3211 1171 promissa
3240 1123 3360 1175 quze
3399 1110 3451 1164 in
3478 1113 3676 1169 divinis

2091 1179 2391 1251 Scripturis
2415 1201 2581 1253 penes
2609 1187 2728 1242 illos
2755 1192 3046 1257 habentur,
3080 1198 3146 1250 ad
3189 1196 3436 1268 legalium
3467 1211 3524 1256 et
3543 1219 3671 1272 pro-

2087 1271 2430 1338 pheticarum
2481 1275 2898 1347 Scripturarum
2949 1283 3246 1352 lectiones,
3293 1291 3357 1343 ad
3409 1271 3669 1349 librorum

2089 1372 2199 1416 tam
2251 1364 2657 1433 historicorum,
2697 1385 2859 1438 quam
2907 1377 3255 1430 metricorum
3309 1392 3657 1450 concentum,

2085 1453 2274 1506 modos
2298 1463 2351 1507 et
2375 1455 2733 1523 psalmodias,
2763 1461 2810 1515 is
2837 1477 2964 1518 vere
2995 1469 3327 1533 paradisum,
3360 1481 3414 1524 et
3441 1486 3658 1540 pratum

2083 1540 2242 1633 bonis
2268 1545 2522 1633 omnibus
2567 1549 2830 1617 repletum
2867 1553 3067 1609 videat.
3093 1558 3254 1622 Quod
3286 1561 3332 1614 si
3363 1565 3483 1629 quis
3514 1567 3656 1633 apud

2083 1629 2202 1683 illos
2223 1631 2544 1698 animatum,
2573 1635 2750 1692 fertile
2779 1654 2845 1693 ac
2877 1641 3069 1696 vivens
3099 1646 3334 1701 Verbum
3365 1629 3663 1718 quaesierit,

2081 1735 2145 1775 ex
2202 1738 2310 1792 quo
2367 1726 2614 1796 quisquis
2668 1731 2912 1798 biberit,
2976 1735 3198 1790 habebit
3253 1737 3458 1794 fontem
3510 1758 3666 1812 aqua

2085 1813 2248 1878 vivae,
2281 1814 2531 1872 salientis
2583 1819 2636 1873 in
2686 1821 2852 1877 vitam
2895 1834 3189 1894 aeternam;
3227 1831 3542 1900 neutiquam
3577 1835 3662 1889 in-

2010 1887 2054 1940 Β
2084 1905 2286 1960 veniat.

2147 1993 2315 2052 Vsus.
2339 1999 2431 2055 ⁸51.
2463 2018 2484 2054 ι
2518 2001 2584 2056 Et
2619 2002 2723 2058 erit
2767 2003 3029 2062 fortitudo
3054 2008 3271 2063 illorum
3312 2019 3372 2065 ut
3418 2011 3664 2069 calamus

2075 2095 2286 2158 stuppas
2315 2101 2370 2145 et
2396 2107 2533 2160 opus
2558 2109 2747 2148 eorum
2778 2105 2834 2150 ut
2863 2099 3152 2154 scintillae:
3179 2111 3235 2155 et
3267 2102 3661 2158 comburantur

2076 2177 2248 2246 iniqui
2295 2189 2350 2235 et
2396 2194 2708 2252 peccatores
2747 2187 2928 2253 simul,
2971 2197 3024 2243 et
3053 2205 3161 2244 non
3194 2193 3298 2247 erit
3316 2194 3408 2262 qui
3449 2195 3659 2250 exstin-

2073 2278 2221 2338 guat.
2263 2289 2281 2322 ι
2311 2269 2428 2326 Non
2471 2273 2764 2342 frumenti,
2805 2285 2900 2331 aut
2948 2278 3175 2338 alterius
3225 2282 3525 2351 eujuspiam
3561 2301 3657 2338 ne-

2074 2363 2333 2417 cessariae
2387 2364 2488 2430 rei,
2546 2365 2831 2432 calamus,
2874 2367 3000 2436 quia
3056 2370 3271 2426 ablatus
3318 2382 3404 2427 est
3441 2375 3509 2428 ab
3547 2375 3658 2430 illis

2074 2450 2333 2508 robustus
2357 2465 2411 2508 et
2453 2455 2698 2520 robusta,
2743 2458 2907 2511 robur
2961 2460 3137 2528 panis,
3167 2470 3270 2514 etc.
3314 2461 3438 2518 Ideo
3477 2465 3658 2518 dicere

2071 2554 2348 2613 nequeunt
2369 2547 2595 2615 perinde
2629 2557 2794 2617 atque
2823 2549 3027 2605 Christi
3069 2552 3324 2622 discipuli
3354 2575 3365 2609 :
3399 2572 3418 2605 ι
3458 2553 3653 2610 Omnia

2069 2649 2358 2704 possumus
2410 2637 2463 2690 in
2501 2651 2584 2700 eo,
2639 2638 2731 2706 qui
2780 2654 2878 2693 nos
2917 2640 3186 2694 confortat
3239 2642 3348 2696 Deo
3385 2645 3466 2709 '°;
3505 2662 3523 2695 ι
3554 2653 3649 2698 et:

2075 2743 2095 2776 σ
2127 2725 2260 2793 Quis
2293 2741 2393 2782 nos
2426 2728 2700 2797 separabit
2721 2744 2751 2782 a
2789 2729 3057 2786 charitate
3079 2731 3328 2788 Christi?
3356 2735 3652 2803 tribulatio,

2069 2831 2136 2869 an
2174 2817 2423 2887 angustia
2472 2817 2568 2869 ”?
2611 2839 2632 2870 ι
2681 2826 2736 2872 et
2783 2827 3001 2874 caetera.
3053 2821 3126 2874 Ita
3180 2837 3344 2890 porro
3395 2815 3656 2879 fortitudo

2068 2922 2255 2963 eorum
2293 2917 2352 2960 ut
2393 2907 2638 2963 calamus
2661 2919 2870 2978 stuppa:
2909 2911 3048 2964 facta
3089 2921 3212 2975 est;
3266 2922 3319 2965 ut
3353 2929 3456 2967 non
3487 2915 3647 2969 modo

2068 2997 2405 3064 libertatem,
2434 3012 2538 3066 qua
2589 2999 2740 3067 prius
2765 3001 3124 3071 pr0priojure
3150 3018 3213 3057 ac
3244 3018 3416 3072 regno
3440 3015 3654 3060 utentes

2066 3087 2349 3152 florebant,
2377 3089 2732 3153 amitterent,
2766 3093 2860 3144 sed
2889 3091 3052 3145 etiam
3082 3093 3364 3162 quibusvis
3393 3094 3652 3150 Romanis

358 3175 506 3230 ἀλλά
532 3177 628 3229 καὶ
662 3180 774 3240 τοῖς
798 3177 1021 3248 τυχοῦσι
1065 3177 1350 3250 Ῥωμαίων
1383 3183 1743 3253 στρατιώταις
1767 3186 1964 3256 ἀνδρά-

2069 3176 2331 3231 militibus
2358 3179 2652 3234 servirent.
2678 3178 2876 3232 Eorum
2901 3180 3101 3250 quippe
3123 3197 3286 3252 opera
3315 3183 3454 3253 ignis
3482 3200 3647 3238 causa

357 3284 417 3320 σι
453 3267 741 3322 δουλεύειν.
775 3271 887 3322 Καὶ
912 3271 1090 3324 αὐτῶν
1117 3271 1226 3342 γὰρ
1252 3274 1306 3325 αί
1334 3274 1583 3342 ἐργασίαι
1614 3277 1744 3346 πυρὶ
1771 3277 1960 3340 αἴτιαι,

358 3359 463 3411 ἆτε
503 3358 564 3410 οὐ
598 3360 798 3430 χρυσὸν
816 3361 936 3414 οὐδὲ
974 3361 1212 3432 ἄργυρον
1247 3363 1366 3416 οὐδὲ
1399 3363 1579 3427 λίθους
1613 3367 1848 3436 τιμίους,
1877 3367 1965 3431 ξύ-

355 3448 454 3502 λον
499 3449 553 3502 δὲ
587 3451 746 3520 μόνον
788 3452 881 3506 καὶ
916 3451 1168 3523 καλάμην
1201 3454 1648 3526 οἰκοδομούντων.
1703 3459 1868 3529 Ὁρᾷς
1910 3461 1964 3512 ὃ-

357 3557 484 3603 πως
528 3541 870 3613 πυρπόλησιν
920 3543 1015 3596 καὶ
1067 3546 1394 3616 ἐμπρησμὸν
1443 3547 1659 3600 ἀπειλεῖ
1711 3549 1891 3612 αὐτοῖς
1935 3551 1963 3602 ὁ

355 3630 521 3699 λόγος
548 3647 561 3660 ο
617 3632 709 3684 καὶ
748 3633 906 3686 τοῦτο
936 3634 1087 3698 τέλος
1145 3636 1244 3706 τῆς
1296 3637 1575 3707 παρούσης
1628 3639 1748 3692 κατ’
1781 3639 1961 3692 αὐτῶν

355 3724 729 3794 προφητείας·
759 3725 786 3778 ὃ
823 3726 885 3797 δὴ
921 3728 1014 3780 καὶ
1039 3728 1382 3799 παραχρῆμα
1409 3729 1546 3799 πρὸς
1578 3729 1720 3794 λέξιν
1756 3729 1956 3800 ἀπέϐη,

352 3814 458 3867 καὶ
492 3815 592 3866 οὐκ
630 3817 711 3878 εἰς
751 3815 968 3887 μακρὰν
1003 3817 1142 3887 μετὰ
1172 3817 1268 3888 τὴν
1300 3817 1440 3871 κατὰ
1486 3817 1580 3870 τοῦ
1615 3819 1867 3888 Σωτῆρος
1895 3822 1959 3888 ὴ-

357 3903 482 3974 μῶν
511 3903 713 3975 τόλμαν
738 3905 1180 3976 πυρποληθείσης
1208 3907 1390 3970 αὐτοῖς
1422 3907 1523 3974 τῆς
1548 3909 1952 3980 μητροπόλεως,

351 3996 471 4052 τῶν
505 4011 565 4047 τε
614 3997 671 4047 ἐν
709 3996 843 4066 αὐτῇ
889 3997 1102 4050 ἀσεϐῶν
1145 4000 1208 4050 ἐκ
1237 3997 1343 4051 τῶν
1376 3998 1590 4053 οἰκείων
1640 3999 1954 4072 σπινθήρων

351 4087 418 4144 τὸ
451 4086 715 4140 ἄσϐεστον
744 4087 854 4158 πῦρ
903 4088 962 4140 τὸ
995 4088 1230 4151 αίῶνιον,
1269 4090 1363 4142 καὶ
1392 4089 1490 4157 τὴν
1517 4091 1580 4144 ἐκ
1619 4090 1753 4143 Θεοῦ
1787 4092 1953 4162 ὀργὴν

350 4181 415 4236 ἐν
439 4181 471 4250 ἡ
484 4178 625 4251 μέρξι
647 4179 814 4248 ὀργῆς
847 4180 1026 4244 αὐτοῖς
1047 4183 1517 4253 ταμιευσαμένων.

907 4270 1304 4322 ΚΕΦΛΛΛΙΟΝ
1340 4271 1416 4324 B’.

432 4380 451 4410 ι
477 4360 534 4412 ’0
561 4359 718 4428 λόγος
745 4361 772 4412 ὁ
805 4361 1093 4430 γενόμενος
1129 4362 1278 4432 παρὰ
1311 4361 1518 4433 Κυρίου
1547 4364 1684 4434 πρὸς
1723 4365 1950 4418 Ἡσαΐαν

349 4453 473 4506 υίὸν
503 4451 682 4522 Ἀμὼς
707 4453 834 4522 περὶ
866 4453 959 4522 τῆς
991 4452 1249 4510 Ἰουδαίας
1271 4453 1364 4506 καὶ
1399 4453 1526 4525 περί
1559 4450 1946 4527 Ἰερουσαλήμ⁹

2071 3261 2340 3320 fuerunt:
2383 3266 2583 3336 quippe
2621 3267 2714 3335 qui
2754 3281 2860 3320 non
2902 3284 3132 3336 aurum,
3182 3287 3288 3326 non
3343 3285 3649 3341 argentum,

2069 3372 2175 3410 non
2216 3355 2425 3426 lapides
2458 3358 2753 3425 pretiosos,
2784 3358 2879 3412 sed
2923 3358 3128 3430 lignum
3175 3370 3380 3415 tantum
3407 3349 3460 3416 et
3501 3364 3651 3420 cala—

2069 3464 2214 3502 mum
2265 3447 2623 3505 aedilicareut.
2665 3449 2851 3505 Videu‘
2879 3449 3150 3520 quomodo
3192 3452 3439 3509 ﬂammas
3474 3465 3527 3510 et
3562 3457 3648 3510 il-

2067 3539 2316 3592 cendium
2357 3540 2722 3594 comminetur
2747 3541 2919 3609 ipsis?
2946 3540 3008 3594 Et
3037 3541 3123 3595 hic
3147 3541 3269 3597 linis
3297 3551 3381 3598 est
3419 3559 3650 3613 prmseu-

2067 3628 2134 3682 tis
2175 3638 2368 3683 contra
2410 3628 2533 3683 illos
2588 3630 2911 3698 prophetiae,
2960 3629 3114 3698 cujus
3163 3643 3386 3687 eventus
3438 3634 3646 3702 statim,I

2065 3737 2240 3790 neque
2280 3722 2354 3776 ita
2387 3721 2557 3775 multo
2584 3731 2706 3790 post
2752 3732 3127 3792 perpetratum
3173 3733 3361 3780 c0ntra
3396 3724 3648 3784 Salvato.

2063 3827 2176 3865 rem
2225 3821 2475 3866 nostrum
2533 3812 2763 3874 facinus,
2817 3813 2886 3865 ad
2936 3812 3173 3867 litteram
3223 3817 3468 3885 contigit,
3519 3833 3642 3874 cum

2060 3918 2250 3957 eorum
2283 3903 2600 3972 metropolis
2624 3905 2876 3960 incendio
2907 3908 3103 3960 tradita
3134 3917 3235 3970 est,
3276 3917 3330 3963 et
3370 3910 3516 3978 impii
3544 3913 3643 3965 ho-

2061 3993 2236 4046 mines
2273 3993 2326 4046 in
2355 4007 2416 4046 ea
2465 4004 2874 4049 commorautes
2919 4010 2986 4050 ex
3034 3997 3282 4052 scintillis
3321 3999 3432 4051 suis
3462 4001 3639 4067 ignem

2060 4087 2558 4158 iuexstinguibilem
2589 4103 2652 4143 ac
2690 4097 2950 4143 a-ternum
2978 4130 2992 4152 ,
3035 4091 3280 4161 iramque
3320 4091 3412 4147 Dei
3458 4093 3510 4146 iu
3551 4093 3641 4147 die

2060 4181 2152 4235 itte
2183 4180 2286 4235 sibi
2321 4180 2762 4234 recoudiderunl.

2672 4269 2902 4326 CAPUT
2949 4269 3012 4325 ll.

2129 4361 2293 4416 Vens.
2329 4362 2447 4415 1-4.
2490 4378 2508 4411 ι
2557 4359 2789 4412 Verbum
2821 4361 2961 4427 quod
2991 4359 3192 4412 factum
3226 4369 3307 4414 est
3338 4374 3367 4413 a
3407 4359 3637 4418 Domino

2055 4453 2122 4506 ad
2152 4453 2400 4507 llesaiam
2427 4451 2594 4506 filium
2618 4453 2781 4504 Amos
2801 4452 2941 4504 circa
2969 4450 3207 4504 Judaeam
3227 4448 3632 4506 etJerusalem:

347 4547 436 4602 ὃτι
470 4545 623 4602 ἔσται
647 4547 703 4598 ἐν
735 4547 856 4606 ταῖς
893 4544 1146 4613 ἐσχάταις
1189 4544 1423 4615 ἡμέραις
1457 4546 1694 4614 ἐμφανὲς
1732 4544 1791 4598 τὸ
1823 4546 1950 4616 ὅρος

2067 4545 2182 4612 1uia
2239 4545 2346 4598 erit
2403 4543 2454 4597 in
2514 4542 2832 4598 novi-simis
2856 4542 3048 4596 diebus
3100 4541 3424 4610 conspicuus
3479 4557 3635 4596 mons

346 4637 449 4692 τοῦ
479 4635 706 4708 Κυρίου,
743 4635 836 4688 καὶ
867 4638 894 4688 ὁ
944 4633 1090 4699 οἶκος
1134 4635 1225 4687 τοῦ
1255 4635 1387 4689 Θεοῦ
1419 4636 1503 4688 ἐπ’
1540 4636 1721 4706 ἄκρων
1749 4638 1856 4690 τῶν
1891 4639 1946 4688 ὀ-

353 4731 518 4800 ρέων,
554 4728 647 4780 καὶ
691 4726 1036 4796 ὑψωθήσεται
1067 4725 1318 4796 ὑπεράνω
1354 4726 1462 4778 τῶν
1500 4725 1724 4795 βουνῶν,
1757 4728 1849 4780 καὶ
1884 4729 1944 4797 ἧ-

349 4823 540 4889 ξουσιν
566 4820 650 4871 ἐπ’
677 4818 809 4871 αὐτὸ
838 4818 1010 4870 πάντα
1035 4817 1101 4891 tit
1124 4816 1250 4887 ἔθνη
1301 4817 1408 4869 Καὶ
1438 4817 1790 4888 πορεύσονται
1818 4818 1942 4886 ἔθνη

351 4909 550 4973 πολλὰ,
581 4907 674 4960 καί
711 4906 927 4978 ἐροῦσι·
971 4906 1155 4967 Δεῦτε,
1192 4908 1283 4959 καὶ
1308 4906 1597 4976 ἀναδῶμεν
1619 4908 1699 4970 εἰς
1724 4908 1783 4959 τὸ
1817 4909 1938 4978 ὅρος

353 5001 587 5073 Κυρίου,
611 5000 700 5052 καὶ
727 4999 806 5060 εἰς
833 4998 923 5049 τὸν
951 4993 1096 5049 οἶκον
1121 4996 1213 5049 τοῦ
1235 4997 1368 5049 Θεοῦ
1400 4995 1590 5050 Ἰακώϐ
1611 5013 1622 5025 ·
1662 4998 1754 5049 καὶ
1777 4998 1940 5065 ἀναγ-

354 5093 507 5161 γελεῖ
538 5093 669 5162 ἡμῖν
698 5089 795 5162 τὴν
828 5089 944 5142 ὁδὸν
976 5087 1160 5152 αὑτοῦ,
1198 5090 1302 5152 ,καὶ
1337 5088 1713 5157 πορευσόμεθα
1756 5091 1812 5143 ἐν
1847 5091 1941 5142 αύ-

355 5188 446 5258 τῇ.
479 5186 572 5236 Ἐκ
599 5182 708 5254 γάρ
738 5182 875 5236 Σιὼν
922 5180 1260 5247 ἐξελεύσεται
1297 5183 1475 5250 νόμος,
1512 5182 1605 5235 καὶ
1642 5183 1798 5250 λόγος
1827 5186 1941 5236 Κυ-

360 5275 482 5346 ρίου
521 5273 582 5342 ἐξ
624 5273 994 5346 Ἰερουσαλήμ.
1047 5272 1154 5326 Καὶ
1198 5275 1374 5344 κρινεῖ
1406 5272 1507 5324 ἀνά
1544 5274 1707 5343 μέσον
1759 5274 1864 5325 τῶν
1895 5277 1949 5327 ἐ-

359 5360 525 5428 θνῶν,
553 5361 646 5414 καὶ
666 5361 932 5430 ἐξελέγξει
959 5361 1084 5414 λαὸν
1114 5360 1280 5414 πολὺν
1312 5362 1490 5423 αὐτός.
1518 5381 1536 5412 ι
1568 5362 1738 5425 Αὐτὸς
1770 5363 1826 5414 δέ
1856 5363 1949 5414 καὶ
1979 5412 1982 5415 .

357 5452 626 5525 διέκρινεν
647 5453 750 5506 ἀνὰ
781 5455 941 5524 μέσον
964 5454 1072 5506 τῶν
1113 5452 1302 5514 ἐθνῶν,
1334 5453 1600 5522 ἀφορίσας
1625 5452 1802 5522 ἐαυτῷ
1824 5453 1948 5514 τοὺς

360 5543 566 5609 ἀξίους,
604 5543 696 5596 καὶ
745 5543 1102 5613 ἐκλεξάμενος
1145 5543 1270 5605 τοὺς
1301 5541 1532 5612 κλητοὺς
1579 5542 1684 5594 ἀπὸ
1713 5541 1820 5594 τῶν
1873 5541 1948 5612 μὴ

360 5635 635 5689 τοιούτων.
681 5634 861 5696 υύτως
883 5631 974 5689 οῦν
1009 5634 1113 5687 ἀνά
1145 5635 1306 5704 μέσον
1337 5632 1444 5685 τῶν
1474 5631 1642 5686 ἐθνῶν
1670 5633 1949 5703 διακρίνας

361 5723 390 5776 ὁ
419 5723 770 5791 εὐαγγελικδς
819 5723 1000 5792 νόμος,
1031 5721 1156 5775 λαὸν
1191 5722 1356 5776 πολὺν
1397 5721 1644 5791 ἤλεγξεν,
1673 5721 1790 5791 ἦτοι
1821 5722 1948 5783 τοὺς

439 5836 733 5892 “.l‘hiliuu.
770 5851 840 5900 tv,
888 5836 972 5891 i5.
1053 5835 1091 5866 ¹¹
1122 5835 1277 5890 llom.
1322 5852 1437 5903 vm,
1468 5837 1565 5891 .55.

2057 4635 2270 4689 Domini
2322 4644 2377 4688 et
2426 4634 2618 4688 domus
2660 4632 2753 4687 Dei
2797 4648 2962 4701 supra
3007 4633 3266 4687 verticem
3319 4632 3632 4686 montium:

2053 4739 2108 4782 et
2177 4727 2485 4780 elcvabitur
2539 4739 2702 4792 super
2754 4724 2966 4779 colles:
3022 4733 3076 4779 et
3127 4724 3342 4779 venient
3392 4725 3454 4776 ad
3507 4739 3634 4777 eum

2053 4832 2242 4872 omnes
2298 4825 2507 4884 gentes.
2562 4813 2628 4868 Et
2664 4815 2818 4869 ibunt
2870 4814 3048 4884 populi
3112 4814 3263 4868 multi
3296 4822 3350 4868 et
3401 4813 3629 4869 dicent:

2027 4909 2275 4973 ‘\’enite,
2338 4905 2698 4960 aseendamus
2751 4905 2818 4958 ad
2872 4917 3111 4959 montem
3179 4903 3393 4958 Domini
3451 4914 3507 4958 et
3565 4906 3630 4958 ad

2051 5001 2269 5053 domum
2301 4997 2392 5051 Dei
2421 4995 2626 5051 Jacob:
2660 5005 2713 5050 et
2742 4996 3086 5050 annuntiahit
3107 4996 3261 5051 nobis
3283 4996 3426 5049 viam
3454 5010 3628 5057 suam,

2052 5102 2107 5144 et
2148 5091 2463 5144 incedemus
2501 5087 2555 5142 in
2599 5104 2684 5142 ca.
2737 5087 2873 5141 Nam
2923 5103 2987 5141 ex
3028 5087 3157 5142 Sion
3203 5088 3370 5141 exibit
3416 5086 3524 5147 lex.
3578 5097 3632 5138 et

2055 5182 2276 5234 verbum
2328 5179 2538 5234 Domini
2577 5193 2638 5233 ex
2689 5177 3012 5232 Jerusalem.
3066 5177 3131 5231 Et
3179 5176 3445 5247 judicath
3492 5176 3629 5228 inter

2049 5286 2258 5344 gentes,
2314 5281 2370 5354 et
2418 5282 2610 5341 arguet
2658 5270 2916 5340 populum
2972 5269 3198 5324 multum
3260 5267 3394 5336 ipse.
3437 5287 3455 5316 ι
3513 5266 3628 5354 Ipsi»

2049 5372 2228 5416 autem
2249 5345 2519 5428 judicavit
2539 5363 2683 5418 inter
2710 5371 2924 5430 gentes,
2956 5375 3049 5414 eos
3077 5359 3166 5426 qui
3207 5372 3266 5410 se
3294 5355 3437 5423 digni
3469 5350 3627 5408 erant

2047 5454 2150 5508 sibi
2191 5467 2507 5524 segregans,
2538 5461 2869 5520 vocatosque
2903 5467 2930 5502 a
2965 5464 3069 5502 non
3113 5448 3318 5500 vocatis
3369 5446 3622 5515 scligens.

2049 5542 2142 5596 Sic
2173 5542 2357 5611 itaque
2389 5542 2469 5597 lex
2513 5540 2850 5607 evangelica,
2896 5540 2949 5591 in
2994 5536 3172 5590 med-io
3213 5535 3454 5604 gentium
3487 5534 3626 5599 diju-

2049 5633 2262 5700 dirans,
2301 5634 2531 5689 multum
2567 5631 2821 5703 populum
2852 5629 3127 5698 coarguit;
3177 5629 3289 5681 sive
3319 5628 3405 5692 iis,
3436 5628 3525 5695 qui
3569 5627 3622 5678 in

2048 5741 2107 5779 se
2127 5725 2476 5781 crediderunt
2503 5725 2567 5778 de
2596 5723 2826 5794 pristino
2850 5734 3038 5776 errore
3065 5736 3160 5774 suo
3184 5720 3484 5785 convictis;
3506 5716 3622 5773 sive
