4138 6482
461 405 564 463 105

1190 401 1460 461 EUSEBII
1500 399 1985 458 CAESARIENSIS
2022 401 2175 462 OPP.
2205 403 2388 462 PARS
2427 405 2513 460 111.
2555 433 2626 446 -
2665 405 3079 465 ΕΧΕΟΕΤΙΟΑ.

3654 417 3761 472 101

461 522 552 586 iis,
585 519 676 590 qui
715 533 821 574 non
853 517 1226 582 credinerunt,
1262 525 1322 572 ιιι
1357 522 1550 586 suapte
1577 513 1740 584 culpa
1775 518 2050 586 pereunti-

2159 521 2240 583 εἰς
2269 519 2431 572 αὐτὸν
2465 520 2900 584 πεπιστευκότας
2947 519 3257 588 ἀπελέγξας
3309 521 3408 593 τὴν
3460 523 3519 575 ἐν
3573 526 3759 590 αὐτοῖς

463 613 587 677 bus,
620 609 942 666 confutatis.

538 829 562 865 ι
603 811 668 865 Ει
703 808 1050 879 confringent
1081 805 1294 875 gladios
1342 821 1474 862 suos
1508 807 1563 861 in
1607 815 1816 871 aratra,
1847 816 1904 863 et
1931 806 2053 863 lan-

465 921 591 961 ceas
631 919 759 959 suas
811 903 863 955 in
915 901 1123 956 falces:
1159 910 1215 956 et
1267 915 1376 956 non
1430 900 1632 955 levabit
1680 915 1813 970 gens
1860 909 2048 956 contra

460 1005 680 1070 gentem
733 995 996 1065 gladium,
1046 1003 1103 1049 et
1159 1007 1267 1049 non
1318 994 1729 1050 exercebuntur
1779 994 1923 1050 ultra
1983 997 2051 1050 ad

462 1091 727 1160 praalium.
766 1107 785 1142 ι
839 1087 956 1142 Non
1013 1088 1156 1142 ultra
1197 1086 1450 1143 bellicam
1491 1097 1664 1142 artem
1692 1087 1962 1155 ediscunt,
1995 1088 2049 1142 in

462 1195 647 1250 quase
671 1180 820 1250 prius
857 1194 889 1233 a
915 1194 1105 1247 puero,
1147 1181 1308 1247 quasi
1356 1179 1689 1242 necessaria,
1741 1193 1837 1248 per
1889 1195 2052 1250 agros

460 1280 517 1327 et
543 1273 706 1326 urbes
734 1273 1088 1336 exercebant,
1129 1271 1436 1327 vicinorum
1472 1272 1712 1326 hostium
1756 1271 2052 1328 formidine

460 1362 738 1418 commoti.
779 1363 892 1417 lmo
917 1362 1080 1416 etiam
1109 1361 1199 1431 qui
1227 1362 1519 1417 Dominum
1579 1371 1826 1417 nostrum
1859 1360 2049 1417 Iesum

459 1456 738 1510 Christum
823 1463 1236 1523 susceperunt,
1301 1453 1450 1520 omni
1519 1451 1801 1524 praeliandi
1869 1454 2052 1509 studio

459 1544 717 1612 exempti,
754 1544 806 1598 in
841 1557 971 1611 pace
993 1544 1207 1598 dentum
1241 1552 1560 1611 versantur;
1599 1543 1670 1596 ita
1699 1553 1888 1598 utnon
1913 1543 2052 1599 ulte-

461 1635 576 1690 rius
643 1637 713 1690 ab
780 1634 1106 1689 adversariis
1179 1634 1544 1704 potestatibus
1611 1644 2049 1706 oppugnentur,

460 1741 639 1795 neque
695 1726 1032 1782 damonibus
1105 1725 1157 1779 in
1220 1740 1280 1780 se
1342 1724 1472 1780 olim
1541 1725 1834 1795 imperium
1903 1725 2050 1781 obti-

459 1816 719 1871 nentibus
784 1816 982 1871 subditi
1033 1814 1162 1869 sint.
1210 1813 1419 1881 Quibus
1475 1814 1740 1870 Servator
1787 1814 1903 1885 ipse
1951 1829 2047 1885 pa-

437 1905 580 1962 cem
629 1922 928 1976 procurans
975 1920 1130 1961 suam
1167 1907 1287 1960 ait:
1339 1900 1367 1958 ἰ
1405 1903 1604 1961 Pacem
1637 1919 1816 1960 meam
1849 1903 1920 1962 do
1955 1921 2050 1963 vo-
2083 1882 2123 1938 Β

462 2001 547 2056 bis
576 2000 642 2055 “.
691 2015 710 2052 ι

533 2091 693 2146 Vsus.
730 2091 785 2146 5.
828 2109 846 2141 ι
886 2090 954 2144 Et
999 2103 1169 2156 nunc,
1209 2091 1406 2146 domus
1449 2089 1639 2154 Iacob,
1677 2089 1885 2154 venite,
1932 2103 2043 2144 am-

458 2182 705 2238 bulemus
741 2182 795 2236 in
842 2180 1050 2236 lumine
1095 2180 1332 2239 Domini.
1366 2199 1386 2234 ι
1417 2181 1834 2252 Consequenter
1864 2183 2050 2252 itaque

455 2273 741 2344 propheta,
765 2281 1052 2343 postquam
1077 2274 1319 2341 gentium
1348 2275 1712 2336 vocationem,
1739 2279 1796 2328 et
1821 2270 2048 2327 effusam

455 2366 510 2422 in
550 2381 741 2420 omnes
791 2363 1042 2420 homines
1100 2378 1290 2432 pacem
1347 2365 1659 2431 recensuit,
1712 2378 1871 2419 suum
1917 2377 2048 2430 erga

455 2457 756 2512 familiares
803 2471 934 2512 suos
985 2455 1245 2510 affectum
1301 2465 1704 2511 commonstrat
1734 2471 1749 2509 :
1779 2453 2038 2525 populum

455 2565 612 2604 suum
644 2547 1173 2612 commonefaciens,
1209 2554 1270 2600 ut
1325 2545 1528 2600 Christi
1578 2544 1816 2615 gratiam
1867 2542 2048 2598 omnl-

454 2641 554 2695 bus
582 2640 835 2708 gentibus
878 2638 1066 2692 datam
1111 2643 1165 2691 et
1215 2635 1397 2690 lumen
1443 2636 1820 2706 evangelicum
1875 2635 2052 2691 susci-

455 2733 620 2802 piat:
667 2744 940 2800 seseque,
999 2729 1068 2784 ad
1124 2728 1510 2784 concitandum
1567 2727 2051 2799 instigandumque

457 2822 762 2890 populum,
826 2819 1019 2875 iisdem
1085 2818 1430 2883 adnumerat,
1486 2827 1790 2887 auctorque
1847 2828 1933 2873 est
1992 2827 2052 2874 ut

457 2915 632 2969 lucem
669 2913 885 2968 Domini
944 2912 1162 2966 adeant.
1200 2909 1399 2966 Lucem
1443 2925 1606 2981 porro
1631 2910 1847 2966 Domini
1893 2921 2052 2966 vocat

457 3005 630 3075 legem
685 3001 820 3058 Novi
875 3003 1211 3059 Testamenti
1263 3017 1330 3060 ex
1382 2999 1514 3058 Sion
1574 3002 1964 3082 prodeuntem,
1993 3012 2049 3060 et

455 3096 700 3152 salutare
720 3094 1210 3165 evangelicumque
1238 3094 1490 3149 verbum.

527 3183 694 3241 Vsus.
723 3185 778 3240 6.
812 3203 831 3237 ι
872 3183 1086 3276 Dimisit
1110 3183 1256 3238 enim
1299 3182 1556 3254 populum
1598 3195 1796 3276 suum,
1825 3179 2043 3239 domum
2073 3219 2116 3276 Ο

457 3277 624 3332 Israel
672 3291 689 3331 :
743 3277 872 3346 quia
927 3275 1136 3344 repleta
1196 3281 1282 3329 est
1340 3284 1402 3330 ut
1465 3289 1514 3332 a_
1557 3274 1829 3345 principio
1897 3283 2044 3329 terra

457 3383 646 3424 eorum
706 3369 982 3424 vaticiniis
1019 3408 1035 3435 ,
1099 3377 1161 3425 ut
1225 3380 1372 3425 terra
1435 3366 1870 3438 alienigenarum
1917 3384 1934 3424 ς
1992 3376 2048 3422 et

457 3461 612 3514 multi
688 3461 781 3516 lilii
835 3461 1155 3532 alienigenae
1195 3459 1325 3516 facti
1378 3470 1507 3516 sunt
1548 3461 1652 3516 eis.
1691 3476 1712 3512 ι
1757 3458 1854 3516 llic
1891 3459 2046 3529 quasi

457 3550 570 3606 Deo
615 3550 988 3607 defensionem
1068 3565 1271 3622 parans
1307 3593 1322 3619 ,
1403 3565 1630 3606 causam
1707 3547 1868 3606 affert
1948 3567 2048 3606 cur

455 3657 550 3697 eos
583 3642 852 3698 dimiserit
886 3643 973 3698 his
1021 3641 1206 3698 verbis
1237 3661 1250 3697 :
1284 3660 1302 3695 ι
1334 3641 1474 3709 Ouia
1526 3641 1732 3713 repleta
1783 3648 1888 3706 est,
1927 3652 1987 3696 ttt
2015 3658 2044 3696 a

455 3733 742 3803 principio,
795 3741 940 3786 terra
998 3747 1188 3788 eorum
1237 3733 1537 3798 vaticiniis,
1594 3751 1614 3786 ι
1671 3740 1726 3789 et
1773 3743 1978 3789 eastern
2028 3751 2043 3787 :

455 3827 651 3896 quibus
694 3823 938 3880 declarat
982 3823 1158 3894 ipsum
1207 3839 1316 3880 non
1371 3825 1492 3880 sine
1538 3837 1709 3881 causa
1757 3835 1855 3880 eos
1886 3826 2048 3881 dimi—

454 3920 614 3972 sisse.

524 4010 692 4064 Vsus.
727 4008 843 4064 7-9.
887 4025 904 4059 ι
946 4005 1173 4077 Repleta
1214 4014 1300 4063 est
1348 4007 1493 4061 enim
1537 4016 1686 4063 terra
1729 4022 1918 4063 eorum
1966 4024 2048 4064 ar-

457 4111 620 4170 gento
654 4108 710 4154 et
741 4113 910 4166 auro,
960 4107 1016 4152 et
1057 4113 1166 4153 non
1210 4107 1330 4153 erat
1364 4112 1628 4154 numerus
1660 4100 2046 4154 thesaurorum

459 4195 709 4248 illorum:
748 4200 802 4247 et
835 4191 1040 4260 repleta
1073 4199 1160 4246 est
1188 4199 1333 4245 terra
1367 4191 1550 4259 equis,
1590 4199 1646 4245 et
1679 4191 2048 4247 innumerabi-

456 4285 534 4339 les
563 4298 757 4338 currus
792 4281 911 4351 ejus
939 4300 953 4336 :
987 4291 1043 4337 et
1078 4281 1285 4352 repleta
1317 4291 1402 4336 est
1435 4290 1583 4336 terra
1620 4283 2048 4338 abominationi-

455 4377 557 4432 bus
579 4390 803 4446 Operum
829 4390 1087 4430 manuum
1111 4390 1302 4432 eorum
1321 4417 1336 4442 ,
1364 4383 1421 4430 et
1443 4375 1812 4430 adoraverunt
1831 4389 1894 4430 ea
1923 4391 2044 4447 qua:

456 4467 706 4522 fecerunt.
749 4469 901 4539 digiti
933 4483 1158 4522 eorum:
1200 4476 1258 4522 et
1294 4466 1606 4522 incurvavit
1651 4481 1712 4522 se
1759 4467 1952 4533 homo,
1989 4478 2045 4522 et

2149 612 2430 682 ,προτέραν
2463 611 2692 680 πλάνην,
2739 612 2771 680 ἢ
2823 612 2950 674 τοὺς
2985 612 3060 683 μὴ
3091 613 3171 674 εἰς
3201 612 3364 666 αὐτὸν
3393 619 3759 670 πεπιστευκὸ-

2155 720 2256 766 τας
2294 701 2519 772 ἐλέγξας
2545 703 2698 773 παρά
2741 703 2842 772 τὴν
2893 702 3072 758 αὐτῶν
3109 705 3288 759 αἰτίαν
3321 707 3752 778 ἀπολλυμένους,

2234 821 2254 854 ι
2275 803 2386 856 Καὶ
2419 803 2748 871 συγκόψουσι
2771 800 2871 863 τάς
2903 801 3179 872 μαχαίρας
3214 799 3393 852 αὐτῶν
3419 800 3499 862 εἰς
3524 800 3751 872 ἄροτρα,

2157 897 2252 950 καὶ
2281 895 2379 958 τὰς
2413 894 2637 958 ζιϐύνας
2675 893 2965 956 αύτῶν.εἰς
2988 892 3230 964 δρέπανα
3252 908 3264 921 ·
3303 891 3396 944 καὶ
3433 892 3493 944 ού
3528 893 3602 963 μὴ
3646 893 3752 964 ἄρῃ

2159 986 2310 1048 ἔθνος
2336 984 2423 1038 ἐπ’
2447 983 2598 1046 ἔθνος
2630 983 2927 1053 μάχαιραν,
2955 983 3051 1034 καὶ
3072 983 3133 1034 ού
3172 982 3245 1052 μὴ
3279 980 3525 1050 μάθωσιν
3548 980 3627 1034 ἔτι
3661 1000 3754 1034 πο-

2157 1077 2365 1148 λεμεῖν.
2395 1096 2412 1126 ι
2451 1075 2650 1128 Οὐκέτι
2684 1074 2794 1146 γάρ
2826 1073 3166 1126 διδάσκονται
3196 1072 3265 1125 τὰ
3294 1072 3587 1143 πολεμικὰ,
3617 1072 3652 1126 ἃ
3688 1073 3752 1144 δὴ

2157 1169 2421 1240 πρότερον
2441 1168 2517 1232 ὡς
2541 1169 2814 1236 ἀναγκαῖα
2837 1169 2900 1220 ἐκ
2924 1166 3127 1220 παίδων
3155 1165 3276 1218 κατ’
3305 1166 3508 1235 ἀγροὺς
3533 1165 3628 1216 καὶ
3653 1181 3754 1236 κα-

2155 1262 2228 1315 τὰ
2279 1261 2462 1326 πόλεις
2503 1261 2771 1330 ἠσκοῦντο
2797 1259 2884 1314 διὰ
2918 1259 3009 1313 τὸν
3055 1259 3166 1313 ἀπὸ
3219 1258 3326 1310 τῶν
3361 1256 3751 1329 πλησιοχώρων

2159 1353 2433 1424 πολεμίων
2473 1353 2637 1422 φόϐον
2661 1370 2674 1383 ⁸
2713 1352 2850 1406 ἀλλά
2885 1353 2977 1406 καὶ
3003 1351 3053 1404 οἱ
3075 1349 3499 1419 καταδεξάμενοι
3520 1349 3610 1402 τὸν
3635 1350 3750 1401 Κύ-

2158 1463 2272 1517 ριον
2317 1446 2472 1516 ἡμῶν
2513 1444 2717 1516 Ἰησοῦν
2747 1445 3002 1516 Χριστὸν,
3041 1443 3222 1512 πάσης
3275 1440 3578 1511 πολεμικῆς
3613 1458 3749 1512 προ-

2155 1539 2418 1606 αιρέσεως
2453 1537 2881 1605 ἀπαλλαγέντες,
2914 1537 2972 1588 ἐν
3001 1537 3196 1608 εἰρήνῃ
3219 1534 3404 1587 λοιπὸν
3433 1534 3711 1600 διάγουσιν
3732 1549 3745 1561 ·

2154 1629 2230 1692 ὡς
2270 1629 2468 1700 μηκέτι
2505 1629 2611 1682 ὑπὸ
2647 1629 2750 1682 τῶν
2775 1612 3165 1698 ἀντικειμένων
3189 1627 3471 1696 δυνάμεων
3499 1625 3750 1695 πολεμεῖ.

2157 1719 2303 1784 σθαι,
2344 1719 2478 1790 μηδὲ
2510 1720 2853 1791 ὑποχειρίους
2881 1717 3020 1772 εἶναι
3053 1719 3162 1771 τῶν
3193 1718 3359 1772 πάλαι
3401 1717 3748 1787 κρατούντων

2156 1815 2335 1869 αὐτῶν
2382 1814 2674 1884 δαιμόνων.
2705 1808 2800 1877 οἷς
2830 1814 2923 1867 καὶ
2956 1815 2984 1866 ὁ
3012 1814 3204 1884 Σωτὴρ
3225 1813 3387 1874 αὐτὸς
3419 1814 3517 1884 τὴν
3551 1812 3748 1865 ἑαυτοῦ

2152 1905 2430 1979 προξενῶν
2464 1906 2684 1978 εἰρήνην
2720 1905 2888 1976 φησί·
2939 1923 2956 1955 ι
2986 1905 3221 1975 Εἰρήνην
3246 1905 3346 1975 τὴν
3377 1906 3516 1976 ἐμὴν
3555 1904 3748 1976 δίδωμι

2153 2000 2302 2070 sum.

2228 2111 2246 2142 ‹
2279 2091 2388 2144 Καὶ
2417 2090 2533 2153 νῦν,
2563 2089 2592 2142 ὁ
2620 2085 2767 2152 οἰκος
2795 2089 2888 2142 τοῦ
2930 2088 3147 2152 Ἰακὼϐ,
3185 2088 3362 2151 δεῦτε,
3395 2088 3750 2160 πορευθῶμεν

2149 2183 2208 2235 ἐν
2237 2182 2314 2253 τῷ
2338 2183 2475 2251 φωτί
2502 2181 2729 2253 Κυρίου.
2758 2201 2776 2232 ι
2823 2181 3156 2243 Ἀκολούθως
3184 2180 3362 2234 τοίνυν
3387 2183 3415 2234 ὁ
3439 2182 3746 2251 προφήτης,

2149 2273 2438 2342 διεξελθὼν
2475 2273 2586 2327 τῶν
2626 2272 2797 2326 ἐθνῶν
2839 2273 2940 2343 τὴν
2979 2272 3194 2342 κλῆσιν,
3229 2273 3325 2326 καὶ
3359 2274 3457 2343 τὴν
3495 2272 3748 2342 χυθεῖσαν

2151 2369 2230 2429 εἰς
2263 2366 2471 2429 πάντας
2493 2364 2814 2437 ἀνθρώπους
2847 2365 3092 2435 εἰρήνην,
3127 2364 3225 2435 τὴν
3253 2367 3332 2428 εἰς
3353 2366 3477 2428 τοὺς
3516 2367 3749 2430 οἰκείους

2150 2455 2483 2510 ἐνδείκνυται
2505 2454 2906 2524 φιλοστοργίαν,
2938 2454 3273 2524 παρακαλῶν
3301 2455 3392 2508 τὸν
3409 2455 3534 2508 λαὸν
3557 2457 3745 2522 αὑτοῦ,

2151 2545 2515 2610 ὐποδέξασθαι
2536 2545 2635 2615 τὴν
2660 2547 2793 2598 πᾶσι
2817 2548 2930 2608 τοῖς
2951 2545 3128 2598 ἔθνεσι
3143 2545 3481 2616 δωρηθεῖσαν
3501 2545 3596 2598 τοῦ
3622 2547 3750 2618 Χρι-

2153 2635 2281 2690 στοῦ
2307 2637 2488 2706 χάριν,
2523 2636 2615 2688 καὶ
2646 2635 2707 2688 τὸ
2746 2635 2860 2704 φῶς
2891 2635 2954 2688 τὸ
2995 2635 3369 2703 εύαγγελικόν.
3402 2637 3745 2705 Συγκαταλέ-

2151 2746 2238 2798 γει
2263 2729 2320 2782 δὲ
2353 2729 2582 2791 ἐκείνοις
2610 2730 2704 2782 καὶ
2731 2727 2944 2793 ἑαυτὸν,
2973 2729 3053 2792 εἰς
3081 2729 3395 2801 προτροπὴν
3426 2731 3520 2783 καὶ
3542 2731 3747 2802 παρόρ-

2155 2838 2322 2892 μησιν
2341 2819 2434 2874 τοῦ
2476 2820 2627 2884 λαοῦ,
2660 2819 3063 2891 παραινετικῶς
3091 2819 3423 2891 παρακαλῶν
3451 2819 3545 2874 τοῦ
3571 2821 3747 2890 φωτὸς

2152 2912 2359 2984 Κυρίου
2393 2913 2823 2983 μεταλαγχάνειν
2841 2931 2854 2944 ·
2882 2913 2998 2984 φῶς
3028 2913 3233 2986 Κυρίου
3264 2913 3546 2984 ὀνομάζων
3569 2913 3662 2966 τὸν
3683 2916 3747 2966 ἐκ

2152 3001 2290 3057 Σιὼν
2320 3004 2648 3075 προελθόντα
2668 3006 2833 3075 νόμον
2858 3005 2960 3076 τῆς
2977 3005 3184 3077 Καινῆς
3211 3006 3503 3077 Διαθήκης,
3531 3007 3624 3059 καὶ
3654 3005 3745 3058 τὸν

2151 3096 2420 3168 σωτήριον
2453 3097 2548 3150 καὶ
2579 3097 2935 3166 εύαγγελικὸν
2963 3099 3142 3167 λόγον.

2228 3207 2247 3239 ι
2272 3188 2466 3258 ’Λνῆκε
2492 3188 2601 3261 γὰρ
2623 3189 2714 3242 τὸν
2735 3189 2860 3242 λαὸν
2883 3189 3070 3255 αὐτοῦ,
3099 3190 3190 3244 τὸν
3212 3185 3360 3244 οἷκον
3400 3191 3637 3262 Ἰσραὴλ,
3660 3191 3744 3244 δτι

2149 3278 2392 3351 ἐπλήσθη
2426 3279 2503 3342 ὡς
2525 3281 2585 3333 τὸ
2613 3281 2707 3334 ἀπ’
2728 3281 2952 3352 ἀρχῆςή
2977 3281 3127 3354 χώρα
3142 3282 3321 3336 αὐτῶν
3351 3282 3742 3355 κληδονισμῶν,

2147 3371 2223 3436 ὡς
2255 3374 2287 3442 ἡ
2317 3371 2428 3424 τῶν
2465 3371 2799 3441 ἀλλοφύλων,
2836 3375 2932 3428 καὶ
2969 3375 3136 3428 τέκνα
3171 3374 3340 3428 πολλά
3384 3375 3656 3446 ἀλλόφυλα
3692 3379 3747 3428 ἐ-

2147 3461 2349 3532 γενήθη
2379 3463 2581 3526 αὐτοῖς.
2613 3483 2629 3514 ι
2665 3463 2764 3516 Διά
2793 3465 2845 3516 τί
2871 3464 2928 3516 δέ
2957 3465 3119 3519 αύτδν
3142 3466 3362 3535 ἀνῆκεν,
3397 3466 3588 3539 ῶσπερ
3609 3468 3746 3520 ἀπο-

2148 3552 2475 3624 λογούμενος
2511 3555 2652 3625 ὑπὲρ
2678 3554 2774 3608 τοῦ
2823 3555 2980 3620 Θεοῦ,
3015 3557 3116 3620 τὰς
3144 3557 3323 3620 αἰτίας
3365 3557 3578 3628 τίθησιν
3614 3559 3744 3628 ἑξῆς

2149 3645 2448 3716 ἐπιφέρων⁹
2487 3647 2642 3700 (Ὅτι
2663 3647 2970 3720 ἐνεπλήσθη
3002 3651 3036 3719 ἡ
3068 3649 3220 3720 χώρα
3247 3649 3426 3702 αὐτῶν
3459 3650 3535 3713 ὡς
3561 3650 3621 3703 τὸ
3647 3649 3744 3704 ἀπ’

2149 3736 2326 3808 ἀρχῆς
2356 3737 2752 3808 κλῃδονισμῶν,
2777 3761 2794 3791 ν
2853 3741 2948 3793 καὶ
2974 3741 3042 3794 τὰ
3067 3741 3193 3813 ἑξῆς
3218 3758 3231 3771 ’
3284 3742 3348 3795 δι’
3372 3734 3446 3795 ὧν
3475 3742 3745 3814 παρίστη-

2152 3843 2256 3893 σιν,
2281 3829 2361 3881 δτι
2387 3829 2460 3901 μὴ
2492 3828 2703 3898 ἀλόγως
2733 3831 2928 3894 αὐτοὺς
2952 3833 3174 3904 ἀνῆκεν.

2226 4025 2246 4058 ι
2299 4007 2636 4080 Ἐνεπλήσθη
2687 4009 2864 4080 γὰρή
2910 4010 3063 4083 χώρα
3107 4012 3288 4065 αὐτῶν
3341 4014 3607 4085 ἀργυρίου
3648 4016 3744 4068 καὶ

2151 4100 2394 4171 χρυσίου,
2431 4103 2524 4154 καί¹
2556 4102 2656 4156 οὐκ
2683 4098 2752 4174 ἦν
2789 4104 3024 4174 ἀριθμὸς
3056 4104 3164 4157 τῶν
3201 4105 3492 4177 θησαυρῶν
3526 4108 3738 4161 αὐτῶνθ

2150 4193 2243 4245 καὶ
2275 4194 2579 4265 ἐνεπλήσθη
2617 4195 2649 4265 ή
2679 4194 2752 4264 γῆ
2782 4196 2986 4260 ἵππων,
3016 4199 3112 4250 καί⁵
3133 4198 3234 4250 οὐκ
3266 4193 3334 4268 ἦν
3369 4200 3600 4270 ἀριθμδς
3633 4200 3742 4252 τῶν

2150 4284 2412 4355 ἁρμάτων
2450 4285 2664 4340 αὐτῶνθ
2701 4287 2796 4340 καὶ
2829 4288 3133 4360 ἐνεπλήσθη
3168 4293 3200 4362 ἡ
3238 4291 3310 4360 γῆ
3355 4291 3742 4362 βδελυγμάτων

2147 4373 2255 4426 τῶν
2313 4374 2490 4446 ἔργων
2532 4375 2642 4428 τῶν
2681 4377 2878 4448 χειρῶν
2929 4379 3140 4444 αὐτῶν,
3195 4383 3288 4434 καὶ
3323 4383 3741 4454 προσεκύνησαν

2147 4459 2230 4528 οἷς
2263 4465 2526 4537 ἐποίησαν
2557 4469 2606 4519 οἰ
2636 4467 2892 4522 δάκτυλοι
2928 4469 3108 4523 αὐτῶν
3127 4487 3140 4502 ·
3173 4474 3266 4525 καὶ
3301 4473 3496 4533 ἔκυψεν
3527 4474 3741 4546 ἀνθρω-

457 4557 780 4615 humiliatus
824 4569 911 4615 est
968 4559 1071 4614 vir.
1118 4577 1136 4611 ›
1195 4559 1438 4626 Eorum,
1490 4573 1884 4630 quorumnam,
1939 4560 2042 4616 nisi

2151 4573 2272 4620 πος,
2315 4557 2410 4610 καὶ
2443 4557 2780 4630 ἐταπεινώθη
2832 4560 2991 4631 ἀνήρ.
3049 4581 3066 4611 ι
3106 4562 3279 4616 Τίνων
3314 4564 3511 4629 αὐτῶν,
3547 4564 3578 4634 ἢ
3631 4564 3741 4617 τῶν

458 4649 888 4721 alienigenarum
913 4650 1278 4705 habitatorum
1304 4651 1397 4720 qui
1431 4653 1800 4706 adoraverunt
1826 4666 1890 4707 ea
1922 4668 2044 4722 qua:

457 4740 710 4797 fecerunt
732 4741 887 4810 digiti
917 4741 1142 4796 eorum?
1184 4740 1310 4796 Haec
1333 4757 1498 4812 porro
1525 4745 1708 4799 omnia
1744 4753 1939 4815 gentes
1970 4746 2045 4800 si-

454 4833 720 4904 gnificant
759 4832 1117 4904 alienigenas,
1153 4848 1275 4904 qua:
1321 4835 1374 4891 in
1417 4833 1724 4892 Jerusalem
1769 4845 1826 4892 et
1860 4838 1913 4891 in
1943 4835 2043 4892 Ju-

459 4925 574 4978 da2a
600 4925 928 4979 habitatura:
959 4933 1139 4980 erant.
1186 4926 1316 4992 Quae
1357 4935 1480 4998 post
1523 4926 1830 4982 Salvatoris
1869 4927 2040 4982 nostri

456 5016 773 5081 adventum,
799 5023 853 5070 et
879 5024 998 5084 post
1019 5015 1279 5071 emissam
1300 5016 1473 5072 lucem
1499 5015 1898 5086 evangelicam,
1921 5029 2042 5085 qua

458 5103 788 5160 illuminavit
842 5119 1032 5160 omnes
1093 5114 1328 5175 gentes,
1379 5106 1650 5176 completa
1700 5115 1867 5161 sunt:
1913 5106 2040 5176 quia

459 5195 784 5266 prophetam
837 5209 942 5250 non
985 5198 1296 5262 audierunt,
1347 5212 1410 5252 se
1464 5198 1539 5252 ita
1595 5197 2036 5266 compellantem,

463 5306 483 5339 ι
524 5288 734 5356 Venite,
771 5289 1116 5346 ambulemus
1152 5290 1206 5346 in
1240 5290 1451 5347 lumine
1489 5289 1728 5345 Domini.
1769 5307 1790 5341 ι

527 5468 690 5527 Vens.
728 5469 912 5526 10-12.
948 5491 966 5524 ι
1001 5472 1069 5526 Ει
1097 5486 1203 5526 non
1232 5471 1502 5527 dimittam
1534 5485 1668 5527 eos:
1702 5480 1757 5527 et
1800 5471 2040 5544 ingredi-

459 5563 588 5617 mini
625 5564 676 5616 iu
731 5574 937 5633 petras,
985 5574 1039 5620 et
1079 5564 1480 5619 abscondimini
1516 5565 1568 5619 in
1625 5575 1767 5620 terra
1816 5580 1846 5619 a
1901 5564 2042 5620 facie

461 5653 673 5708 timoris
705 5653 914 5710 Domini
946 5663 1002 5711 et
1046 5670 1076 5709 a
1113 5653 1285 5734 gloria
1320 5654 1663 5734 fortitudinis
1695 5655 1814 5736 ejus
1848 5673 1861 5712 :
1915 5670 2038 5731 cum

533 5799 574 5828 ¹²
597 5795 750 5854 Joan.
782 5813 893 5862 xw,
920 5798 1010 5852 27.

2151 4648 2464 4718 ἀλλοφύλων
2497 4651 2796 4722 οἰκητόρων
2828 4653 2878 4705 οἳ
2913 4655 3007 4706 καὶ
3044 4656 3457 4726 προσεκύνησαν
3484 4652 3564 4720 οἷς
3595 4657 3740 4709 ἐποί-

2151 4755 2291 4809 ησαν
2325 4741 2372 4792 οἰ
2406 4739 2662 4793 δάκτυλοι
2713 4742 2924 4807 αὐτῶνς
2974 4743 3163 4797 Ταῦτα
3201 4746 3378 4798 πάντα
3426 4743 3741 4816 σημαντικρὰ

2150 4829 2408 4899 τυγχάνει
2451 4829 2762 4900 ἀλλοφύλων
2801 4832 2989 4892 ἐθνῶν.
3026 4835 3326 4904 μελλόντων
3364 4839 3532 4890 οἰκεῖν
3569 4839 3739 4908 αὐτήν

2152 4935 2211 4972 τε
2243 4919 2341 4991 τὴν
2378 4921 2737 4993 Ἰερουσαλὴμ
2781 4925 2876 4976 καὶ
2903 4924 3000 4994 τὴν
3046 4926 3304 4980 Ἰουδαίαν
3337 4927 3538 4999 χώραν.
3583 4930 3648 4980 Ἀ
3673 4927 3738 4998 δὴ

2152 5011 2456 5082 ἐπληροῦτο
2500 5013 2640 5082 μετά
2675 5014 2773 5085 τὴν
2807 5015 2900 5068 τοῦ
2935 5017 3187 5088 Σωτῆρος
3217 5019 3373 5088 ὴμῶν
3415 5022 3738 5091 παρουσίαν,

2151 5103 2246 5154 καί⁵
2283 5103 2422 5173 μετά
2453 5103 2545 5156 τὸν
2586 5103 2743 5172 λόγον
2773 5107 2866 5160 τὸν
2912 5109 3224 5178 φωτίσαντα
3259 5110 3436 5164 πάντα
3468 5110 3536 5164 τὰ
3570 5110 3697 5180 ἔθνη
3721 5128 3735 5142 ο

2150 5196 2336 5267 ἐπειδὴ
2379 5198 2454 5268 μὴ
2499 5198 2816 5269 ὑπήκουσαν
2849 5201 2942 5254 τοῦ
2993 5201 3325 5273 κεκληκότος
3367 5204 3564 5265 αὐτοὺς
3601 5219 3738 5272 προ-

2149 5287 2349 5358 φήτου·
2385 5305 2404 5340 ι
2450 5289 2612 5343 Δεῦτε
2661 5292 2755 5344 καὶ
2803 5292 3161 5364 πορευθῶμεν
3203 5296 3260 5346 ἐν
3312 5293 3391 5364 τῷ
3434 5295 3575 5363 φωτὶ
3624 5296 3738 5347 Κυ-

2153 5380 2290 5450 ρίου.
2328 5399 2348 5432 ι

2231 5489 2250 5523 ι
2287 5473 2397 5526 Καὶ
2429 5473 2490 5527 οὐ
2523 5473 2599 5547 μὴ
2638 5475 2824 5546 ἀνήσω
2867 5477 3100 5541 αὐτοὺς,
3131 5479 3225 5532 καὶ
3257 5479 3628 5533 συνεισέλθετε
3658 5481 3739 5544 εἰς

2148 5560 2246 5626 τὰς
2285 5563 2510 5636 πέτρας,
2542 5566 2638 5620 καὶ
2670 5565 2980 5638 κρύπτεσθε
3010 5571 3091 5632 εἰς
3121 5570 3220 5640 τὴν
3251 5571 3352 5641 γῆν
3380 5573 3488 5624 ἀπὸ
3518 5571 3739 5641 προσώ-

2152 5671 2252 5709 που
2286 5656 2381 5711 τοῦ
2408 5657 2572 5726 φόϐου
2602 5659 2834 5730 Κυρίου,
2867 5661 3094 5716 καὶνάπὺ
3119 5662 3218 5734 τῆς
3245 5663 3402 5735 δόξης
3431 5666 3530 5736 τῆς
3556 5663 3739 5736 ἰσχύος
