4138 6402
390 414 414 465 -1
425 410 494 466 υς

1362 398 1862 458 (ῙΟΜΜΕΝΤΑΒΙᾹ
1907 399 1973 455 ΙΝ
2011 392 2273 457 lSAlAM.
2313 434 2378 444 —-
2417 400 2573 460 CAP.
2616 404 2678 458 11.

3568 412 3671 465 illi}

390 503 578 570 αὑτοῦ,
608 504 736 556 ὅταν
763 502 966 571 ἀναστῇ
994 497 1226 572 Θραῦσαι
1259 500 1360 570 τὴν
1403 501 1529 571 γῆν.
1568 499 1630 551 Οἱ
1662 498 1770 569 γὰρ
1793 498 1987 566 ὀφθαλ-

2094 502 2398 555 surrexerit
2433 503 2499 554 ad
2528 503 2913 557 conterendam
2949 512 3172 560 terram.
3208 503 3340 559 Nam
3376 506 3518 561 oculi
3563 509 3669 561 Do—

393 593 485 663 μοὶ
516 590 716 663 Κυρίου
746 590 960 659 senm,
990 591 1017 641 ό
1044 588 1100 641 δὲ
1133 588 1418 661 ἄνθρωπος
1446 588 1723 650 ταπεινός.
1756 588 1865 640 Καὶ
1890 605 1985 640 τα⁶

391 680 787 753 πεινωθήσεται
819 680 881 733 τὸ
913 678 1046 749 ὕψος
1077 679 1185 733 τῶν
1216 677 1540 750 ἀνθρώπων,
1566 679 1661 732 καὶ
1695 678 1983 750 ὑψωθήσε-

388 793 477 830 ται
514 774 719 845 Κύριος
767 772 925 844 μόνος
971 774 1028 824 ἐν
1058 775 1124 843 τῇ
1169 773 1353 843 ἡμέρᾳ
1382 773 1599 843 ἐκείνῃ·
1654 772 1835 844 ἡμέρα
1874 772 1985 843 γὰρ

390 868 593 941 Κυρίου
623 866 853 922 Σαϐαὼθ
880 866 974 919 ἐπὶ
1004 865 1180 919 πάντα
1202 866 1464 936 ὑϐριστὴν
1488 866 1583 918 καὶ
1607 865 1979 936 ὑπερήφανον,

389 960 485 1012 καὶ
518 960 611 1011 ἐπὶ
646 960 822 1012 πάντα
855 957 1056 1028 ὑψηλὸν
1107 957 1201 1010 καὶ
1239 958 1544 1028 μετέωρον,
1582 958 1676 1011 καὶ
1715 974 1985 1009 ταπεινω-

389 1054 677 1125 θήσονταιο
721 1073 739 1105 ι
774 1054 912 1124 ὅπερ
944 1050 1183 1123 ἡγοῦμαι
1214 1053 1341 1124 περὶ
1370 1051 1471 1122 τῆς
1502 1051 1715 1123 ἡμέρας
1739 1051 1836 1122 τῆς
1865 1052 1985 1123 κρί-

392 1160 531 1206 σεως
561 1142 814 1212 λέγεσθαι
834 1160 848 1172 ·
881 1143 962 1196 διὸ
991 1144 1051 1195 ού
1088 1143 1216 1213 περὶ
1250 1142 1426 1214 μόνων
1466 1141 1732 1195 Ἰουδαίων
1757 1144 1787 1194 ὁ
1827 1142 1984 1210 λόγος

389 1235 459 1288 τὰ
488 1236 733 1308 παρόντα
761 1234 1028 1300 θεσπίζει,
1060 1234 1362 1298 καθολικῶς
1391 1234 1448 1287 δὲ
1476 1236 1605 1305 περὶ
1632 1233 1849 1287 πάντων
1874 1234 1984 1287 τῶν

392 1327 611 1380 τοιῶνδε
646 1326 970 1399 ἀνθρώπων.
1008 1327 1400 1398 Προαναφωνεί
1434 1327 1616 1381 τοίνυν
1663 1326 1984 1398 καθαίρεσιν

393 1419 615 1473 ἔσεσθαι
644 1421 741 1492 τῆς
779 1423 837 1473 ὲν
883 1419 1191 1490 ἀνθρώποις
1222 1419 1664 1491 εἰδωλολατρείας
1684 1436 1697 1449 ·
1739 1420 1899 1490 μόνον
1928 1420 1985 1473 δὲ

395 1511 550 1583 παρὰ
588 1517 701 1576 τοῖς
746 1513 910 1566 πᾶσιν
954 1512 1263 1585 ἀνθρώποις
1308 1511 1572 1581 ύψοῦσθαι
1621 1510 1714 1565 τὸν
1758 1512 1983 1583 Κύριον,

396 1604 596 1668 παντὸς
638 1602 932 1674 ύψώματος
975 1603 1341 1676 ἐπαιρομένου
1382 1602 1523 1656 κατὰ
1576 1604 1677 1673 τῆς
1733 1602 1988 1672 γνώσεως

389 1695 488 1750 τοῦ
520 1696 655 1751 Θεοῦ
676 1738 691 1762 ,
717 1697 1167 1767 ταπεινουμένου.

471 1811 490 1842 ι
524 1792 635 1844 Καὶ
667 1791 759 1844 ἐπὶ
790 1793 971 1844 πᾶσαν
1000 1788 1189 1860 κέδρον
1222 1788 1316 1843 τοῦ
1354 1788 1588 1842 Λιϐάνου
1614 1788 1722 1841 τῶν
1764 1787 1985 1858 ὑψηλῶν

2089 594 2225 647 mini
2260 595 2543 660 sublimes,
2577 596 2741 650 homo
2769 606 2949 652 autem
2982 599 3224 655 humilis.
3255 599 3323 655 Et
3355 602 3670 657 humiliahi-

2090 694 2178 739 tur
2216 684 2448 739 altitudo
2480 686 2783 754 hominum,
2822 697 2879 744 et
2906 690 3244 745 exaltabitur
3286 692 3547 748 Dominus
3584 712 3674 747 su-

2088 777 2170 831 lus
2209 777 2264 830 in
2302 777 2391 831 die
2425 778 2548 831 illa:
2595 781 2712 834 dies
2759 782 2904 836 enim
2958 781 3174 837 Domini
3211 783 3454 840 Sabaoth
3504 802 3671 857 super

2084 862 2302 924 omnem
2333 870 2790 925 contumeliosum
2825 880 2881 926 et
2909 875 3225 942 superbum,
3268 886 3323 929 et
3360 892 3524 946 super
3553 896 3671 932 υιιι-

2088 976 2213 1017 nem
2258 963 2535 1017 excelsum
2573 973 2631 1016 et
2668 962 2995 1029 sublimem,
3049 976 3100 1019 et
3147 968 3601 1024 humiliabuntur.
3645 989 3664 1021 ι

2083 1054 2219 1121 Qua:
2243 1063 2378 1123 puto
2405 1054 2473 1107 de
2499 1054 2588 1109 die
2613 1055 2805 1124 judicii
2831 1057 3044 1124 prolata
3076 1058 3265 1116 fuisse.
3298 1061 3669 1128 Quamobrem

2088 1162 2195 1201 non
2240 1149 2308 1202 de
2354 1145 2558 1204 Judaeis
2595 1157 2805 1202 tantum
2839 1150 2955 1205 haec
3012 1153 3363 1216 vaticinatur,
3412 1156 3504 1208 sed
3544 1157 3671 1208 uui-

2087 1240 2291 1294 versim
2323 1240 2390 1295 de
2413 1241 2672 1296 omnibus
2702 1242 3010 1311 hujusmodi
3047 1244 3377 1302 hominibus.
3412 1247 3672 1300 Prmnun-

2091 1331 2191 1383 tiat
2244 1331 2431 1401 itaque
2480 1335 2833 1388 evertendam
2870 1348 2993 1390 esse
3027 1336 3169 1406 apud
3202 1338 3453 1392 homines
3498 1340 3671 1393 idolo—

2091 1422 2327 1488 latriam,
2364 1423 2652 1494 solumque
2686 1426 2739 1480 in
2777 1427 3088 1482 hominibus
3117 1428 3465 1483 exaltaudum
3498 1430 3673 1484 Domi-

2092 1529 2218 1566 num
2249 1529 2390 1578 esse,
2440 1516 2696 1584 depressa
2721 1519 2865 1570 οιιιιιί
2916 1528 3109 1572 contra
3165 1520 3259 1574 Dei
3308 1523 3673 1592 cognitionem

2088 1606 2410 1676 insurgentc
2441 1608 2786 1665 celsitudine.

2166 1791 2332 1848 Vens.
2364 1794 2557 1849 15-17.
2599 1814 2618 1846 ι
2648 1794 2714 1849 Ει
2736 1811 2899 1866 super
2914 1812 3106 1853 omnes
3133 1785 3327 1854 cedi-os
3354 1799 3548 1855 Libani
3581 1819 3678 1857 ex-

392 1882 490 1936 καὶ
524 1881 842 1953 μετεώρων,
878 1882 971 1935 καὶ
1008 1881 1101 1934 ἐπὶ
1132 1881 1241 1934 πᾶν
1272 1878 1487 1951 δένδρον
1521 1880 1746 1950 βαλάνου
1778 1880 1979 1941 Βασὰν,

2094 1888 2273 1942 celsas
2307 1898 2363 1942 et
2394 1887 2680 1953 sublimes,
2711 1900 2768 1944 et
2813 1905 2977 1960 super
3010 1906 3229 1947 omnem
3269 1907 3530 1962 quercum
3572 1894 3677 1946 Ba-

387 1974 488 2027 καὶ
538 1975 630 2027 ἐπὶ
673 1976 779 2028 πᾶν
825 1973 1024 2044 ὑψηλὸν
1068 1972 1215 2045 ὅρος,
1269 1972 1364 2026 καὶ
1416 1972 1511 2024 ἐπὶ
1561 1972 1741 2024 πάντα
1794 1971 1981 2041 βουνὸν

394 2066 617 2137 ὑψηλὸν,
646 2067 741 2120 καὶ
778 2066 872 2118 ἐπὶ
910 2064 1088 2118 πάντα
1122 2063 1333 2136 πύργον
1362 2062 1587 2135 ὑψηλὸν,
1618 2063 1713 2116 καὶ
1748 2062 1841 2115 ἐπὶ
1875 2064 1985 2115 πᾶν

392 2163 571 2230 τεῖχος
622 2158 846 2229 ὑψηλὸν,
894 2159 990 2213 καὶ
1040 2159 1132 2212 ἐπὶ
1164 2159 1273 2212 πᾶν
1325 2156 1510 2210 πλοῖον
1554 2153 1853 2223 θαλάσσης,
1890 2154 1986 2209 καὶ

395 2252 489 2304 ἐπὶ
523 2252 703 2304 πᾶσαν
742 2249 872 2303 θέαν
908 2249 1108 2303 πλοίων
1141 2249 1404 2312 κάλλους
1440 2247 1535 2301 καὶ
1576 2245 1985 2317 ταπεινωθήσε-

396 2359 489 2396 ται
521 2345 629 2406 πᾶς
658 2343 965 2413 ἄνθρωπος,
1012 2343 1108 2397 καὶ
1146 2344 1394 2396 πεσεῖται
1439 2340 1599 2413 ῦϐρις
1634 2341 1743 2392 τῶν
1774 2338 1987 2412 ἀνθρώ-

400 2449 539 2485 πων.
587 2451 605 2482 ι
655 2431 931 2507 Ἐπιϐαλῶ
959 2433 1043 2484 ἐπ’
1076 2432 1276 2495 αὐτοὺς
1308 2430 1368 2484 τὸ
1400 2430 1613 2484 δίκτυόν
1651 2447 1777 2499 μου,
1808 2427 1990 2493 καθὼς

397 2523 469 2576 τὰ
497 2521 721 2575 πετεινὰ
745 2521 838 2575 τοῦ
867 2520 1099 2593 ούρανοῦ
1128 2520 1347 2585 κατάξω
1379 2521 1595 2585 αὐτούς.
1626 2520 1780 2592 Τάχα
1807 2520 1865 2573 δὲ
1897 2521 1991 2573 καὶ

400 2614 543 2668 κατά
580 2613 677 2684 τὴν
726 2613 1184 2685 προσδοκωμένην
1230 2614 1326 2666 τοῦ
1374 2614 1582 2686 Κυρίου
1631 2614 1846 2686 ⁴ἡμέραν
1890 2614 1991 2684 τῆς

399 2701 656 2775 κρίσεως,
677 2702 776 2773 τὴν
801 2700 913 2754 τῶν
939 2702 1195 2756 τοιούτων
1221 2702 1442 2757 πάντων
1466 2703 1745 2757 ἀπώλειαν
1770 2704 1991 2758 ἔσεσθαι

401 2790 772 2864 προφητεύει·
799 2784 901 2845 ὧδέ
933 2809 1047 2853 πως
1089 2791 1434 2864 αἰνιξάμενος
1462 2792 1993 2887 ὲπικεκαλυμμένως

398 2885 526 2948 τοὺς
547 2883 881 2956 κρατοῦντας
901 2883 994 2937 τοῦ
1017 2883 1213 2948 αἰῶνος
1227 2883 1440 2950 τούτου,
1454 2886 1551 2938 κα)⁵
1576 2885 1646 2939 τὰ
1668 2884 1799 2956 ὕψη,
1818 2883 1994 2939 καῖτὰ

398 2975 706 3047 ἀξιώματα,
719 2975 818 3040 τάς
832 2993 894 3028 τε
903 2975 1080 3050 ἀρχὰς
1094 2976 1190 3033 καὶ
1204 2976 1301 3040 τὰς
1317 2974 1586 3042 ἐξουσίας,
1600 2979 1693 3033 καί
1709 2980 1834 3041 τοὺς
1844 2981 1902 3032 ὲν
1917 2977 1996 3048 τῷ

399 3068 505 3139 βίῳ
526 3068 980 3141 κοσμοκράτορας
1004 3068 1130 3132 τοὺς
1158 3067 1251 3121 τὸν
1276 3067 1412 3122 Θεὸν
1445 3068 1521 3141 μὴ
1542 3070 1946 3140 ὲπεγνωκότας.

479 3178 498 3210 ι
560 3161 669 3212 Καὶ¹
718 3158 1065 3230 ὑψωθήσεται
1116 3159 1321 3230 Κύριος
1373 3159 1534 3230 μόνος
1582 3162 1641 3213 ὲν
1688 3162 1755 3232 τῇ
1811 3161 1996 3233 ἡμέρᾳ

398 3237 608 3325 ἐκείνῃ,
654 3252 748 3307 καὶ
790 3251 859 3304 τὰ
893 3252 1249 3324 χειροποίητα
1302 3252 1481 3307 πάντα
1525 3252 1989 3324 κατακρύιιρουσιν,

401 3345 813 3412 είσενέγκαντες
844 3345 925 3403 εἰς
971 3343 1040 3397 τὰ
1089 3345 1326 3415 σπήλαια
1369 3344 1464 3397 καὶ
1498 3345 1578 3408 εἰς
1618 3344 1717 3409 τὰς
1754 3345 1993 3416 σχισμὰς

403 3437 513 3491 τῶν
536 3437 772 3508 πετρῶν,
789 3437 886 3489 καὶ
904 3438 984 3500 είς
1012 3437 1111 3501 τὰς
1127 3437 1377 3509 τρώγλας
1394 3437 1496 3508 τῆς
1521 3438 1646 3509 γῆς,
1679 3438 1789 3490 άπὸ
1818 3454 1992 3511 προσ-

397 3528 556 3582 ώπου
599 3528 693 3582 τοῦ
768 3529 936 3599 φόϐου
972 3531 1202 3599 Κυρίου,
1235 3530 1330 3584 καὶ
1379 3530 1487 3583 ἀπὸ
1529 3531 1629 3601 τῆς
1677 3529 1838 3602 δόξης
1894 3530 1994 3601 τῆς

408 3622 591 3693 ἰσχύος
623 3622 810 3686 αὑτοῦ,
846 3623 972 3677 ὅταν
1000 3624 1206 3694 ἀναστῇ
1232 3619 1466 3692 θραῦσαι
1491 3620 1589 3691 τὴν
1617 3621 1739 3691 γῆν.
1774 3640 1791 3671 ι
1833 3619 1994 3672 Ἀλλὰ

402 3719 500 3771 καὶ
536 3720 584 3771 οἱ
623 3717 859 3782 ἀσεϐεῖς,
899 3717 1000 3788 τῆς
1029 3716 1125 3771 τοῦ
1155 3718 1363 3789 Κυρίου
1408 3714 1710 3784 ἐπιστάσης
1750 3714 1988 3785 ἡμέρας,

404 3811 501 3874 τὰς
528 3809 686 3875 δόξας
709 3809 909 3873 αὐτῶν,
937 3811 1003 3873 ἃς
1032 3808 1176 3881 εἶχον
1204 3809 1469 3881 πρότερον
1502 3810 1560 3860 ὲν
1586 3809 1652 3877 τῇ
1682 3806 1830 3877 ψυχῇ
1864 3805 1994 3876 περὶ

402 3905 504 3973 τῆς
553 3903 813 3957 πολυθέου
858 3903 1089 3974 πλάνης,
1128 3899 1576 3973 κατακρύψουσιν
1607 3900 1664 3951 ὲν
1696 3900 1817 3960 ταῖς
1848 3897 1995 3969 διερ-

409 3996 673 4064 ρωγυίαις
699 3995 878 4049 αὐτῶν
905 3994 1186 4057 διανοίαις,
1220 3992 1510 4047 ὲκϐαλοῦσί
1552 4007 1610 4043 τε
1642 3991 1735 4044 καὶ
1758 3989 1994 4061 ἀπορρί-

405 4088 568 4156 ψουσι
604 4085 699 4140 τοῦ
748 4086 959 4139 ἑαυτῶν
992 4084 1256 4156 λογισμοῦ
1308 4087 1484 4138 πᾶσαν
1524 4086 1621 4155 τὴν
1653 4085 1825 4155 ψευδῆ
1866 4085 1994 4155 περὶ

405 4178 514 4231 τῶν
544 4178 776 4231 εἰδώλων
816 4177 1102 4250 ὑπόληψιν.

484 4288 501 4319 ι
539 4270 618 4340 Τῇ
647 4269 755 4340 γὰρ
781 4267 964 4340 ἡμέρᾳ
992 4269 1178 4342 ἐκείνῃ
1218 4268 1436 4322 ἐκϐαλεῖ
1462 4268 1749 4339 ἄνθρωπος
1781 4268 1852 4322 τά
1880 4267 1996 4339 βδε-

407 4361 658 4433 λῦγματα
690 4359 857 4416 αὐτοῦ
892 4361 960 4415 τὰ
988 4362 1207 4434 ἀργυρᾶ
1246 4362 1341 4415 καὶ
1368 4361 1437 4414 τά
1481 4363 1677 4434 χρυσᾶ,
1706 4362 1742 4416 ἃ
1771 4361 1994 4431 ἐποίησε

410 4455 734 4523 προσκυνεῖν
785 4450 899 4516 τοῖς
953 4453 1199 4524 ματαίοις
1241 4454 1335 4508 καὶ
1383 4456 1505 4517 ταῖς
1555 4453 1859 4525 νυκτερίσι,
1898 4453 1992 4505 τοῦ

2091 1994 2218 2042 san,
2256 1991 2312 2033 et
2339 1995 2510 2050 super
2536 1996 2754 2036 omnem
2793 1994 3037 2038 montem
3078 1983 3379 2053 excelsum,
3418 1996 3472 2040 et
3515 2002 3678 2058 super

2091 2087 2315 2127 omnem
2353 2074 2550 2129 collem
2578 2076 2880 2144 excelsum,
2918 2086 2973 2131 et
3006 2093 3174 2147 super
3217 2093 3436 2133 omnem
3483 2082 3677 2134 turrim

2092 2162 2403 2232 sublimem,
2431 2176 2490 2221 et
2535 2181 2701 2238 super
2743 2182 2967 2222 omnem
3010 2184 3224 2224 murum
3272 2172 3590 2236 excelsum,
3621 2185 3679 2228 et

2093 2270 2255 2324 super
2302 2272 2521 2313 omnem
2576 2274 2771 2314 navem
2828 2260 3041 2326 maris,
3113 2271 3173 2317 81.
3232 2278 3401 2333 super
3460 2280 3677 2320 omnem

2094 2357 2373 2416 aspectum
2414 2351 2830 2419 pulchritudinis
2876 2355 3094 2408 navium
3135 2368 3154 2409 :
3201 2364 3258 2410 et
3304 2356 3679 2412 humiliabitur

2095 2439 2276 2493 omnis
2307 2440 2492 2505 homo,
2533 2454 2589 2496 et
2624 2443 2785 2497 cadet
2816 2442 3046 2498 altitudo
3076 2444 3339 2499 virorum.
3376 2463 3395 2496 ι
3433 2445 3679 2516 lujiciam

2094 2530 2150 2585 in
2189 2546 2286 2586 eos
2328 2542 2444 2588 rete
2475 2548 2680 2598 meum,
2724 2536 2980 2604 ipsosque
3027 2536 3203 2590 instar
3238 2536 3517 2591 volucrum
3553 2540 3678 2592 caeli

2096 2624 2401 2679 detraham.
2436 2625 2694 2681 Fortasse
2721 2644 2854 2684 vero
2882 2630 3127 2684 omnium
3155 2632 3455 2702 perniciem
3491 2633 3544 2686 in
3588 2631 3680 2686 illa

2097 2726 2410 2787 exspectata
2475 2720 2690 2776 Domini
2741 2721 2830 2776 die
2890 2722 3009 2778 fore
3067 2725 3426 2791 vaticinatur,
3486 2727 3682 2798 hisque

2094 2808 2330 2866 obscure
2364 2811 2683 2868 subindicat
2726 2816 3001 2884 principes
3047 2817 3210 2887 hujus
3254 2819 3478 2886 swculi,
3517 2820 3683 2875 celsi-

2101 2899 2336 2965 tudines,
2369 2901 2683 2971 dignitates,
2717 2904 3061 2976 principatus
3110 2917 3166 2963 et
3212 2917 3539 2979 potestates,
3574 2910 3683 2964 hu—

2092 2991 2290 3063 jusque
2331 2996 2518 3050 mundi
2554 3007 2835 3064 rectores,
2884 2999 2976 3069 qui
3014 2998 3183 3055 Deum
3228 3017 3336 3057 nou
3388 3014 3679 3060 noverunt.

2021 3207 2064 3266 ο
2174 3176 2337 3234 Vens.
2377 3178 2575 3246 18,19.
2613 3199 2633 3233 ι
2669 3181 2738 3236 Et
2768 3181 3100 3238 exaltahilur
3132 3183 3395 3241 Dominus
3428 3186 3579 3241 solus
3626 3186 3683 3242 in

2097 3269 2187 3324 die
2220 3270 2331 3336 illa,
2376 3274 2639 3327 etemnia
2669 3275 2981 3329 manul’acta
3028 3274 3397 3341 abscondent,
3445 3277 3684 3332 inferen-

2072 3372 2182 3427 tes
2225 3363 2279 3418 in
2321 3365 2612 3436 speluncas
2663 3376 2719 3421 et
2759 3366 2813 3420 in
2854 3366 3129 3423 scissuras
3178 3380 3490 3437 petrarum,
3524 3380 3581 3425 et
3627 3372 3682 3426 in

2094 3456 2366 3511 foramina
2411 3467 2594 3523 terrae,
2628 3473 2659 3512 a
2704 3460 2841 3516 facie
2884 3461 3094 3518 timoris
3131 3463 3375 3529 Domini,
3412 3475 3468 3519 et
3508 3480 3538 3518 a
3572 3464 3684 3535 glo-

2097 3547 2176 3601 ria
2212 3549 2435 3605 virtutis
2467 3550 2629 3619 ejus:
2666 3568 2792 3608 cum
2827 3555 3137 3609 surrexerit
3173 3557 3240 3609 ad
3274 3557 3680 3624 percutiendum

2099 3645 2321 3692 terram.
2365 3658 2385 3692 ι
2437 3639 2578 3707 Quin
2625 3645 2787 3696 etiam
2843 3645 3028 3713 impii,
3077 3646 3401 3701 adveniente
3467 3646 3683 3715 Domini

2098 3730 2206 3793 die,
2242 3733 2527 3802 opiniones
2560 3750 2713 3798 suas,
2746 3752 2885 3805 quas
2914 3738 3059 3793 circa
3100 3738 3425 3808 pluralitatis
3455 3740 3682 3795 deorum

2097 3840 2344 3879 errorem
2382 3836 2565 3879 mente
2593 3827 2744 3895 prius
2786 3828 3085 3892 tenebant,
3131 3828 3185 3882 in
3235 3828 3479 3885 discissis
3510 3840 3564 3885 et
3603 3832 3685 3884 di-

2099 3917 2276 3986 ruptis
2322 3917 2601 3972 mentibus
2645 3919 2758 3972 suis
2809 3919 3200 3987 occultabunt,
3253 3931 3419 3990 atque
3464 3937 3680 3976 omnem

2099 4009 2411 4063 mendacem
2448 4010 2516 4064 de
2559 4010 2720 4066 idolis
2750 4012 3060 4083 opinionem
3105 4013 3470 4068 eliminabunt
3503 4025 3555 4067 et
3587 4016 3681 4068 ah-

2091 4099 2292 4167 jicient
2329 4117 2395 4157 ex
2428 4101 2763 4172 cogitatione
2791 4119 2911 4159 sua.

2156 4273 2319 4331 Vens.
2343 4275 2541 4331 (ΞΟ-22.
2565 4297 2584 4329 ι
2610 4277 2745 4333 Nam
2777 4281 2829 4335 in
2848 4279 2936 4335 die
2961 4280 3051 4335 illa
3078 4280 3259 4349 ejiciet
3286 4281 3450 4335 homo
3475 4282 3685 4337 abomi-

2101 4369 2349 4425 nationes
2401 4386 2529 4426 suas
2577 4383 2866 4445 argenteas
2906 4383 2961 4427 et
2999 4389 3217 4438 aureas,
3244 4388 3381 4444 quas
3433 4374 3581 4438 fecit,
3625 4384 3686 4428 ut

2098 4462 2359 4517 adoraret
2387 4478 2526 4517 vana
2559 4474 2616 4518 et
2657 4466 3103 4535 vespertiliones,
3139 4475 3199 4521 ut
3247 4467 3582 4539 ingrediatur
3630 4471 3685 4523 in

410 4544 671 4597 εἰσελθεῖν
703 4547 783 4608 είς
823 4544 923 4608 τὰς
959 4543 1210 4616 τρώγλας
1242 4544 1342 4615 τῆς
1394 4546 1621 4617 στερεᾶς
1655 4544 1863 4616 πέτρας
1900 4544 1992 4597 καὶ

2104 4554 2367 4609 foramina
2410 4555 2560 4611 durae
2598 4566 2766 4624 petrae
2796 4566 2851 4612 et
2886 4558 3158 4614 scissuras
3191 4569 3496 4629 petrarum,
3528 4577 3556 4613 a
3601 4560 3683 4615 fa-

409 4637 508 4701 τάς
538 4635 776 4707 σχισμὰς
810 4634 922 4691 τῶν
951 4637 1167 4709 πετρῶν
1202 4637 1312 4691 ἀπὸ
1348 4637 1642 4710 προσώπου
1684 4636 1780 4690 τοῦ
1830 4636 1996 4707 φόϐου

410 4727 617 4796 Κυρίου
656 4729 749 4780 κοιλ⁴
776 4726 884 4781 ἀπὸ
932 4728 1033 4799 τῆς
1071 4726 1230 4800 δόξης
1274 4728 1375 4799 τῆς
1415 4729 1597 4800 ἰσχύος
1641 4728 1830 4791 αὐτοῦ,
1871 4729 1998 4781 ὅταν

381 4824 616 4893 ,ἀναστῇ
670 4821 903 4895 θραῦσαι
955 4824 1055 4893 τὴν
1097 4823 1221 4894 γῆν.
1272 4843 1287 4874 ι
1341 4823 1848 4895 Εἰδωλολατρούσης
1899 4823 1998 4893 τῆς

422 4917 798 4988 Ἰερουσαλὴμ,
850 4915 1048 4987 μᾶλλον
1093 4915 1150 4968 δὲ
1196 4916 1415 4986 ἀπάσης
1455 4917 1858 4987 πεπυρωμένης
1900 4914 2000 4984 τῆς

429 5012 698 5075 Ἰουδαίας,
731 5012 1010 5080 κατεχεῖτο
1047 5008 1246 5080 τρόπον
1272 5007 1393 5061 τινὰ
1418 5007 1518 5077 τῆς
1554 5008 1812 5070 Ἰουδαίας
1834 5010 1864 5060 ό
1890 5008 1999 5060 Βα-

408 5104 689 5158 ϐυλωνίων
728 5102 964 5173 πόλεμος
984 5118 996 5131 ο
1029 5101 1102 5166 οἶ,
1134 5101 1316 5153 πᾶσαν
1357 5098 1836 5173 καταδῃώσαντες,
1866 5100 2001 5153 άπε-

410 5197 635 5250 κτόνασι
683 5196 780 5267 μὲν
822 5196 950 5257 τοὺς
987 5193 1461 5264 κατειλημμένους
1482 5209 1495 5223 ο
1550 5192 1748 5261 γύναια
1799 5191 1856 5244 δὲ
1907 5192 2002 5245 καὶ

414 5287 608 5350 παῖδας
652 5286 1001 5357 άπεκόμισαν
1038 5286 1118 5349 είς
1162 5284 1262 5355 τὴν
1296 5282 1507 5337 ἑαυτῶν
1547 5283 1671 5355 γῆν.
1714 5281 1862 5353 Πλὴν
1903 5282 2002 5351 τῆς

413 5378 604 5447 ἐφόδου
627 5378 1160 5450 προαπηγγελμένης
1186 5377 1287 5430 καὶ
1315 5374 1614 5447 μελλούσης
1646 5374 1890 5439 ἔσεσθαι,
1923 5389 2003 5427 το-

416 5471 605 5525 σοῦτον
636 5474 747 5534 τοῖς
777 5469 1050 5532 Ἰουδαίοις
1082 5468 1275 5537 γέγονε
1305 5467 1491 5538 δεῖμα,
1524 5469 1619 5521 καὶ
1648 5465 1891 5535 ἀγωνίας
1921 5466 2006 5527 εἰς

391 5563 574 5632 ζτοῦτο
608 5561 990 5626 πεπτώκασιν,
1025 5562 1101 5624 ὡς
1153 5563 1211 5613 ὲν
1256 5560 1545 5632 σπηλαίοις
1591 5561 1685 5614 καὶ
1727 5562 1850 5622 ταῖς
1895 5557 2004 5610 τῶν

388 5626 557 5727 1όρῶν
597 5656 844 5728 ῥωγμαῖς
879 5653 1385 5725 κατακρύπτεσθαι,
1413 5652 1508 5706 καὶ
1541 5651 1743 5714 τόπους
1768 5648 2004 5713 ἀϐάτους

414 5748 880 5819 καταλαμϐάνειν,
904 5747 1121 5819 ἁπάσης
1143 5749 1323 5803 αὐτῶν
1346 5746 1641 5818 ἁτονούσης
1662 5743 1843 5816 χειρὸς
1868 5744 2005 5815 πρὸς

412 5842 515 5913 τὴν
549 5838 656 5893 τῶν
698 5838 961 5891 ἐπιόντων
993 5835 1329 5890 ἀντίστασιν.

655 5933 929 5994 l’naoc.
966 5928 1083 5990 (in.
1121 5928 1352 5991 XXIV.

2100 4649 2185 4702 cie
2233 4648 2446 4703 timoris
2491 4648 2705 4703 Domini
2761 4659 2817 4704 et
2862 4666 2890 4703 a
2941 4650 3112 4720 gloria
3160 4651 3499 4708 fortitudinis
3543 4653 3683 4724 ejus,

2102 4756 2225 4795 cum
2256 4743 2558 4796 surrexerit
2593 4743 2660 4795 ad
2690 4745 3079 4797 conterendam
3110 4753 3341 4799 terram.
3380 4764 3399 4797 ι
3433 4746 3566 4800 Dum
3594 4743 3685 4801 Je-

2103 4833 2340 4887 rusalem
2375 4832 2515 4885 idola
2546 4833 2784 4898 coleret,
2818 4832 2927 4887 imo
2961 4834 3143 4902 potius
3181 4850 3306 4889 cum
3351 4845 3462 4890 tota
3496 4834 3681 4890 Judaza

2105 4929 2517 4993 incenderetur,
2558 4927 2609 4980 in
2638 4926 2824 4982 Judzea
2864 4928 3120 4984 diiiusum
3162 4914 3567 4999 quodammodo
3599 4940 3687 4984 est

2102 5020 2524 5091 Babyloniorum
2557 5020 2755 5074 bellum
2782 5038 2797 5074 :
2829 5021 2946 5090 qui,
2977 5021 3066 5074 illa
3095 5022 3310 5090 penitus
3341 5029 3573 5084 vasrata,
3601 5034 3687 5074 ca-

2103 5124 2228 5186 ptos
2266 5114 2412 5168 viros
2454 5114 2885 5179 interiecerant;
2932 5114 3189 5173 mulieres
3221 5128 3351 5167 vero
3390 5123 3446 5167 et
3488 5127 3686 5182 pueros

2106 5207 2159 5262 in
2190 5216 2392 5261 terram
2429 5222 2583 5262 suam
2633 5205 3047 5261 transtulerunt.
3088 5204 3361 5260 Czeterum
3400 5217 3521 5257 cum
3561 5202 3687 5257 talis

2106 5298 2341 5369 irruptio
2387 5298 2755 5368 praenuntiata
2796 5295 2989 5352 fuisset
3021 5307 3076 5352 et
3114 5296 3295 5350 futura
3326 5301 3492 5355 esset,
3536 5302 3686 5347 tanto

2105 5387 2274 5444 Judaei
2307 5399 2455 5446 metu
2490 5389 2772 5460 perterriti
2811 5396 2957 5451 sunt,
2989 5397 3045 5441 et
3088 5389 3142 5441 in
3176 5394 3355 5439 tantas
3410 5383 3689 5453 angustias

2107 5482 2339 5547 redacti,
2393 5492 2448 5536 ut
2491 5482 2544 5536 in
2585 5480 2859 5552 speluncis
2915 5489 2971 5533 et
3024 5478 3080 5531 in
3123 5476 3384 5530 montium
3430 5475 3688 5530 scissuris

2107 5589 2230 5630 sese
2264 5574 2625 5641 occultarent,
2667 5583 2722 5628 et
2754 5572 2897 5626 invia
2932 5570 3050 5624 loca
3088 5577 3365 5637 peterent,
3413 5583 3536 5624 cum
3576 5580 3688 5620 ma-

2108 5681 2212 5722 nus
2260 5682 2450 5723 eorum
2494 5666 2560 5721 ad
2609 5665 2985 5721 obsistendum
3029 5660 3412 5718 invadentibus
3462 5670 3690 5730 prorsus

2108 5755 2315 5814 debiles
2336 5765 2539 5812 essent.

3348 5914 3389 5976 Is
