4138 6402
530 374 631 429 i0?
1210 366 1475 427 EUSEBII
1513 366 1990 424 CIESARIENSIS
2027 364 2175 420 ΟΡΡ.
2221 365 2403 422 PARS
2442 365 2528 422 lll.
2572 398 2641 407 -—
2680 357 3096 421 EXEGETlCA.
3717 363 3817 418 l08

1141 502 1369 566 cum
1404 510 1489 565 Ill.
2134 490 2183 545 Α
2767 505 2775 557 1

2134 490 2183 545 Α
2767 503 3165 557 ΚΕΦΑΛΑΙΟΝ
3205 503 3274 554 ιι.

604 603 767 660 \‘xas.
815 601 935 657 l-2.
970 618 988 653 ι
1025 599 1162 654 Ecce
1204 598 1465 653 Dominus
1520 596 1764 652 Sabaoth
1822 595 2034 651 auferet
2075 608 2105 647 a

2288 616 2308 647 ι
2352 598 2482 650 ’ἰδοὺ
2513 596 2579 667 δὴ
2606 598 2636 650 ὁ
2672 595 2943 664 δεσπότης
2972 593 3179 666 Κύριος
3217 592 3450 648 Σαϐαὼθ
3489 592 3683 665 ἀφελεῖ
3707 584 3818 648 ἀπὸ

526 694 710 749 Judma
740 701 795 749 et
831 708 861 747 a
896 691 1218 753 Jerusalem,
1262 691 1549 744 robustum
1580 699 1635 744 et
1676 690 1989 752 robustam,
2028 702 2108 741 ro-

2210 685 2314 756 τῆς
2371 685 2631 749 Ἰουδαίας
2687 686 2783 740 καὶ
2826 686 2936 739 ἀπὸ
2990 685 3373 758 Ἰερουσαλὴμ,
3419 684 3675 755 ἰσχύοντα
3719 686 3818 740 καὶ

526 787 630 840 bur
659 785 815 855 panis
841 793 898 839 et
932 784 1097 839 robur
1141 797 1320 852 aqum,
1365 781 1643 853 gigantem
1696 790 1750 836 et
1798 781 1989 835 fortem
2028 779 2109 833 vi-

2213 777 2504 848 ἰσχύουσαν
2527 816 2543 841 ,
2582 779 2739 849 ἰσχὺν
2767 777 2936 849 ἄρτου
2973 777 3069 829 καὶ
3117 778 3273 848 ἰσχὺν
3303 775 3535 843 ὓδατος,
3578 777 3816 849 γίγαντα

525 890 672 936 rum,
742 874 1057 929 bellatorem
1126 883 1181 929 et
1231 870 1497 939 iudicem,
1551 880 1607 924 et
1651 871 2012 941 prephetam,
2053 879 2109 925 et

2211 870 2309 924 καὶ
2338 869 2589 941 ἰσχύοντα
2610 869 2917 941 ἄνθρωπον,
2943 868 3278 940 πολεμιστὴν
3297 868 3394 924 καὶ
3408 868 3693 941 δικαστὴν,
3719 872 3817 925 καὶ

522 964 779 1028 ariolum,
819 974 872 1019 et
902 980 1111 1021 senem.
1147 984 1165 1015 ι
1203 964 1261 1019 ld
1295 979 1462 1034 porro
1493 964 1772 1034 continget
1822 962 1956 1028 illis,
1996 975 2105 1016 non

2214 964 2526 1035 προφήτην,
2549 964 2645 1017 καὶ
2669 962 2995 1034 στοχαστὴν,
3027 963 3125 1016 καὶ
3159 961 3556 1035 πρεσϐύτερον.
3598 982 3618 1015 ι
3640 964 3816 1018 Τοῦτο

520 1054 591 1110 ob
621 1055 1008 1118 idololatriam,
1034 1070 1136 1111 nec
1166 1055 1237 1110 ob
1272 1055 1380 1110 alia
1418 1056 1666 1126 quaedam
1701 1054 1977 1118 facinora;
2013 1053 2106 1108 sed

2208 1055 2266 1108 δὲ
2300 1055 2640 1127 συμϐήσεται
2663 1055 2867 1118 αὐτοῖς,
2891 1054 3015 1108 οὐτε
3035 1055 3102 1108 δι’
3128 1054 3593 1126 εἰδωλολατρείαι
3609 1055 3734 1110 οὔτε
3745 1057 3814 1111 δι’

518 1148 589 1202 ob
619 1145 793 1202 solum
834 1149 1122 1203 consilium
1155 1163 1285 1204 vere
1327 1149 1577 1219 impium,
1617 1148 1887 1205 nefarium
1913 1157 1970 1203 et
2014 1147 2108 1201 im-

2209 1147 2407 1219 ἑτέρας
2450 1146 2680 1219 πράξεις
2720 1147 2902 1211 τινάς·
2949 1146 3041 1201 διὰ
3084 1147 3255 1218 μόνην
3299 1148 3358 1201 δὲ
3400 1146 3598 1220 βουλὴν
3651 1148 3814 1204 ἄθεον

519 1239 754 1308 probum
810 1251 1005 1296 contra
1070 1241 1364 1296 Dominum
1434 1242 1651 1296 initum.
1721 1242 2107 1297 Animadverte

2208 1236 2451 1309 άληθῶς,
2488 1237 2582 1290 καί⁸
2623 1236 2818 1307 ἀσεϐῆ,
2855 1237 2952 1290 καὶ
2988 1238 3255 1309 πονηρὰν,
3282 1237 3381 1309 τὴν
3406 1236 3547 1291 κατά
3578 1238 3672 1293 τοῦ
3708 1242 3818 1294 Ku-

520 1330 688 1399 igitur
733 1346 843 1401 quo
886 1339 1047 1401 pacto
1099 1341 1226 1398 post
1281 1331 1401 1385 illas
1448 1346 1641 1387 omnes
1679 1334 1943 1387 adversus
1987 1331 2107 1386 illos

2211 1330 2353 1399 ρίου.
2394 1330 2505 1384 Sta
2543 1328 2677 1400 γοῦν
2714 1332 2865 1395 ὅπως
2903 1331 3044 1403 μετά
3092 1331 3274 1395 πάσας
3310 1331 3410 1395 τὰς
3460 1333 3585 1385 κατ’
3631 1332 3815 1388 αὐτῶν

516 1423 820 1480 intentatas
862 1424 1062 1486 minas,
1095 1423 1181 1477 his
1225 1425 1403 1477 verbis
1432 1421 1632 1478 inferat
1664 1441 1677 1476 :

1271 1425 1403 1477 erhis
1432 1421 1632 1478 inferat
1664 1441 1677 1476 :
2206 1422 2443 1486 ἀπειλάς
2471 1424 2672 1492 ἐπάγει
2697 1422 2873 1493 λέγων
2891 1440 2905 1454 ·

584 1528 608 1568 ι
635 1516 924 1570 Peccatum
953 1525 1130 1570 autem
1163 1530 1373 1577 eorum,
1407 1516 1562 1584 quasi
1596 1515 1978 1582 Sodomorum,
2003 1532 2103 1572 an-

2284 1533 2305 1565 (
2342 1514 2454 1586 Τὴν
2475 1505 2535 1568 δὲ
2563 1516 2839 1587 ἁμαρτίαν
2868 1515 3050 1569 αὐτῶν
3077 1517 3154 1580 ὡς
3184 1517 3433 1587 Σοδόμων
3466 1517 3814 1591 ἀπήγγειλαν

509 1610 973 1666 nttnliaveruntet
989 1611 1419 1671 declaraverunt.
1434 1612 1526 1667 Vm
1539 1612 1733 1667 animm
1748 1627 1959 1680 eorum,
1975 1614 2103 1684 quia

2203 1604 2305 1658 καὶ
2352 1606 2699 1675 ἐνεφάνισαν.
2750 1606 2890 1660 οὐαὶ
2924 1609 2991 1678 τῇ
3036 1606 3182 1677 ψυχῇ
3231 1608 3433 1673 αὐτῶν,
3491 1610 3574 1662 ὅτι
3622 1610 3816 1681 βεϐού-

511 1703 760 1757 iniernnt
792 1703 1078 1758 consilium
1115 1703 1311 1757 malum
1331 1713 1519 1758 contra
1555 1706 1786 1773 seipsos,
1819 1705 2101 1761 dicentes:

2202 1698 2427 1753 λευνται
2472 1701 2671 1773 βουλὴν
2724 1702 2966 1773 πονηρὰν
3002 1702 3123 1757 καθ’
3170 1703 3382 1757 ἑαυτῶν
3430 1704 3699 1771 εἰπόντες,
3726 1708 3813 1762 ὅτι

508 1793 814 1891 All-igemus
868 1788 1096 1891 justum,
1138 1784 1262 1866 quia
1313 1794 1549 1851 dillicilis
1588 1797 1747 1891 nobis
1777 1808 1879 1853 est.
1921 1815 1940 1847 ι
1976 1795 2142 1891 Haecl

2202 1791 2479 1862 Δήσωμεν
2506 1792 2602 1845 τὸν
2627 1792 2859 1854 δίκαιον.
2886 1794 2970 1847 ὅτι
2986 1795 3322 1866 δύσχρηστος
3350 1796 3482 1867 ἡμῖν
3507 1799 3645 1852 ἐστι.
3684 1818 3703 1850 ι
3735 1800 3813 1853 Τὸ

508 1886 718 1957 quippe
736 1900 898 1941 causa
919 1886 1184 1941 minarum
1207 1887 1447 1941 omnium
1472 1897 1606 1941 erat.
1629 1886 1767 1942 lliuc
1790 1902 1952 1957 porro
1976 1887 2094 1943 sine
2128 1882 2142 1891 ”

2198 1882 2318 1955 γὰρ
2342 1883 2515 1938 αἴτιον
2544 1884 2654 1938 τῶν
2677 1886 3091 1957 ἀπειλουμένων
3114 1888 3371 1942 ἀπάντων
3397 1890 3557 1944 τοῦτο
3580 1887 3668 1962 ἦν.
3696 1894 3811 1946 Καὶ

508 1977 891 2032 controversia
942 1979 1158 2047 probari
1212 1980 1421 2032 :estimo
1461 1979 1577 2034 ltmc
1622 1988 1749 2049 post
1799 1978 2093 2034 Salvatoris

2194 1975 2262 2027 ὲκ
2315 1975 2526 2030 τούτων
2592 1978 2652 2032 δὲ
2694 1979 3116 2050 ἀναμφιλέκτως
3157 1976 3311 2052 οἶμαι
3355 1982 3705 2038 συνίστασθαι
3746 1984 3812 2037 τὺ

505 2073 806 2125 adventurm
846 2071 1006 2126 linem
1047 2073 1343 2142 acoepisse.
1377 2071 1679 2127 Cnnfertim
1725 2087 1855 2142 ergo
1898 2080 1954 2127 et
1985 2087 2092 2126 una

2196 2067 2349 2137 μετὰ
2382 2069 2480 2141 τὴν
2518 2072 2789 2143 σωτήριον
2822 2072 3129 2143 παρουσίαν
3159 2071 3333 2127 ταῦτα
3364 2072 3550 2136 τέλους
3579 2090 3809 2145 τετυχη-

503 2162 810 2218 secundum
858 2165 1233 2233 prophetiam,
1275 2163 1456 2217 omnia
1508 2162 1578 2217 ab
1625 2161 1928 2218 Jentsalem
1961 2172 2017 2217 et
2059 2176 2088 2215 a

2193 2158 2382 2213 κέναι.
2426 2161 2666 2233 Ἀθρὸως
2707 2158 2802 2216 οὖν
2841 2163 3055 2230 ἐξέλιπε
3090 2164 3186 2217 καὶ
3231 2163 3481 2237 ἀφῃρέθη
3526 2165 3667 2218 κατά
3704 2165 3809 2236 τὴν

497 2250 690 2310 Iudaea
726 2252 1047 2310 defecerunt
1082 2265 1137 2310 et
1182 2254 1359 2311 ablata
1411 2266 1571 2322 sunt,
1609 2270 1719 2309 non
1762 2256 1896 2319 alio,
1928 2271 2087 2325 quam

2192 2253 2567 2323 προφητείαν,
2618 2254 2729 2308 ἀπό
2775 2272 2835 2309 τε
2882 2244 2985 2326 τῆς
3042 2254 3396 2326 Ἰερουσαλὴμ
3422 2257 3516 2309 καὶ
3557 2257 3666 2309 ἀπὸ
3701 2256 3810 2326 τῆς

497 2356 842 2403 structorum
875 2358 1066 2404 contra
1096 2348 1441 2402 Salvatorem
1482 2356 1735 2402 nostrum
1770 2348 2087 2401 insidiarum

2204 2342 2498 2406 Ἰουδαίας,
2544 2344 2683 2414 ὁμοῦ
2718 2344 2786 2398 τά
2826 2344 3029 2405 πάντα,
3068 2344 3168 2397 οὐκ
3213 2344 3400 2398 ἄλλοτε
3445 2345 3478 2416 ἦ
3519 2345 3662 2399 κατά
3701 2350 3809 2421 τὴν

496 2449 774 2511 tempore.
818 2441 895 2495 Ac
929 2441 1109 2510 primo
1138 2440 1301 2495 ablati
1362 2449 1493 2495 sunt
1546 2440 1805 2495 robustus
1835 2450 1890 2495 et
1926 2426 2089 2494 robu-

2189 2433 2295 2487 τοῦ
2329 2435 2583 2508 Σωτῆρος
2608 2437 2765 2508 ἡμῶν
2794 2436 3111 2507 ἐπιϐουλήν.
3135 2437 3246 2490 Καὶ
3280 2436 3494 2508 πρῶτον
3524 2439 3809 2511 ἀφῃρέθη-

493 2537 608 2596 sta,
650 2530 791 2595 sive,
827 2532 1125 2585 secundum
1179 2530 1450 2599 Aquilam,
1502 2546 1522 2582 ι
1572 2529 1806 2585 fulcrum
1838 2537 1894 2585 et
1939 2530 2091 2586 fulci-

2195 2542 2306 2579 σαν
2362 2528 2619 2597 ἰσχύοντα
2661 2529 2755 2583 καὶ
2800 2528 3126 2599 ἰσχύουσαν·
3166 2528 3199 2600 ἢ
3234 2528 3376 2582 κατὰ
3407 2530 3499 2583 τδν
3547 2530 3803 2590 Ἀκύλαν.

492 2625 751 2677 mentum
773 2662 787 2682 ,
830 2640 848 2673 ι
883 2621 990 2686 vel,
1014 2624 1305 2677 secundum
1336 2619 1750 2694 Symmachum,
1775 2638 1796 2673 ι
1830 2631 2092 2676 sustenta-

2199 2635 2221 2670 ε
2288 2617 2528 2691 ἔρεισμα
2559 2622 2653 2674 καὶ
2701 2621 2985 2692 ὲρεισμόν·
3028 2640 3047 2672 ι
3095 2621 3128 2691 ἢ
3172 2620 3313 2674 κατά
3348 2622 3441 2674 τὸν
3483 2621 3802 2695 Σύμμαχον,

496 2713 687 2771 culum
705 2726 759 2771 et
782 2716 1120 2770 sustentatio.
1137 2734 1156 2768 ι
1176 2715 1329 2783 Quod
1355 2714 1621 2787 intelligas
1641 2715 1942 2771 secundum
1972 2729 2093 2786 apo.

2199 2729 2221 2763 ι
2261 2712 2546 2783 στήριγμα
2571 2714 2664 2766 καί
2695 2714 3014 2785 στηριγμόν.
3053 2733 3071 2763 ι
3103 2714 3280 2784 Ὅπερ
3305 2715 3520 2784 νοήσεις
3549 2716 3686 2769 κατὰ
3709 2717 3805 2770 τὸν

492 2810 756 2868 stolicum
795 2823 1124 2871 sermonem,
1151 2810 1239 2878 qui
1274 2808 1521 2863 lmmines
1547 2818 1735 2862 sancta
1777 2808 1891 2862 vita
1935 2821 2092 2863 exor-

2193 2805 2564 2869 ἀεοστολικὸν
2593 2804 2767 2874 λόγον,
2801 2805 2860 2868 δς
2889 2806 3017 2868 τοὺς
3048 2804 3149 2876 βίῳ
3171 2804 3245 2874 τῷ
3269 2804 3411 2858 κατὰ
3433 2805 3566 2859 Θεὸν
3588 2808 3803 2879 εμπρέ-

497 2909 689 2964 natos,
707 2898 993 2954 columnas
1016 2906 1072 2951 et
1101 2897 1499 2951 firmamentum
1522 2894 1757 2949 vocavit.
1778 2892 1845 2947 Et
1871 2893 2089 2965 quidem

2194 2911 2412 2960 ποντας
2445 2897 2670 2960 στύλους
2703 2914 2762 2950 τε
2805 2897 2899 2951 καὶ
2942 2897 3223 2969 ἑδραίωμα
3255 2897 3524 2967 ὠνόμασει
3573 2899 3802 2965 Πάντως

497 2994 672 3046 etiam
707 2989 851 3060 apud
876 2990 1122 3059 priscum
1155 2988 1301 3043 illum
1331 2986 1587 3059 popttlum
1636 2986 1872 3057 quidam
1908 2996 2087 3050 erant,

2188 2988 2255 3042 δέ
2290 3004 2395 3040 που
2426 2990 2520 3042 καὶ
2558 2987 2711 3059 παρά
2732 2987 2810 3058 τῷ
2842 2987 3095 3059 προτέρῳ
3122 2985 3236 3057 λαῷ
3265 2981 3405 3057 ἦσάν
3436 3003 3580 3051 τινες
3607 2987 3804 3060 ὥσπερ

495 3077 590 3146 qui
632 3092 730 3147 pro
763 3075 926 3130 totius
952 3076 1128 3146 gentis
1150 3076 1519 3131 sustentaculo
1564 3075 1758 3132 haberi
1791 3086 2081 3149 poterant:

2192 3078 2557 3152 ἑδραιώματα
2590 3079 2683 3133 τοῦ
2718 3080 2921 3144 παντὸς
2953 3079 3133 3133 αὐτῶν
3165 3079 3384 3142 ἔθνους,
3426 3078 3520 3143 οὓς
3558 3080 3799 3153 ἀρθήπ..

495 3181 641 3239 quos
685 3168 750 3223 de
792 3168 968 3223 medio
1010 3183 1197 3223 eorum
1231 3168 1503 3224 tollendos
1533 3178 1656 3225 esse
1691 3170 2077 3225 comminatur.
2100 3180 2129 3239 ι(

1537 3178 1656 3225 esse
1691 3170 2077 3225 comminatur.
2100 3180 2153 3239 vc,
2191 3173 2328 3228 σθαι
2360 3174 2453 3226 ἀπ’
2489 3173 2667 3226 αὐτῶν
2698 3173 2729 3224 ὁ
2756 3172 2916 3241 λόγος
2942 3171 3171 3225 ἀπειλεῖ.

574 3284 595 3318 ι
642 3266 833 3320 Robur
864 3266 1021 3334 panis
1050 3273 1104 3319 et
1154 3267 1323 3320 robur
1362 3280 1536 3336 aqum.
1589 3286 1609 3320 ι
1660 3264 1787 3323 Haec
1816 3281 1951 3321 vero
1985 3267 2089 3338 spi-

2276 3282 2300 3318 s
2351 3266 2526 3337 ’ἰσχὺν
2570 3265 2738 3336 ἄρτου
2786 3264 2881 3318 καὶ
2929 3265 3083 3335 ἰσχὺν
3124 3264 3335 3329 ὓδατος.
3398 3283 3416 3316 ι
3466 3264 3688 3337 Νοητῶς
3735 3267 3797 3321 δὲ

496 3359 687 3415 rituali
717 3368 869 3415 more
898 3359 1195 3427 accipiens,
1225 3359 1482 3414 advenas
1508 3360 1689 3423 velim,
1722 3375 1829 3413 non
1865 3372 2082 3429 panem,

2186 3358 2682 3429 ἐπιλαμϐανόμενος
2706 3358 2901 3421 ταῦτα,
2927 3359 3049 3430 δρα,
3077 3358 3158 3411 ὅτι
3177 3358 3276 3412 οὐκ
3297 3357 3482 3429 ἄρτον,
3498 3357 3795 3432 οὕτε,θδισ›ρ

495 3465 608 3504 non
653 3465 851 3519 aquam
890 3448 1238 3503 auferendam
1288 3465 1410 3504 esse
1456 3451 1584 3518 dici,
1641 3453 1736 3506 sed
1781 3451 1953 3507 robur
1995 3469 2086 3523 pa-

2181 3447 2353 3507 εἷπεν
2389 3450 2643 3521 ἀψελεῖν,
2689 3450 2805 3503 ἀλλ’
2846 3450 2999 3521 ἰσχὺν
3038 3450 3204 3523 ἄρτου
3241 3451 3336 3504 καὶ
3373 3451 3525 3521 ἰσχὺν
3564 3450 3794 3516 ὓδατος·

496 3541 581 3595 nis
633 3549 687 3594 et
741 3540 911 3594 robur
967 3536 1156 3609 aquae;
1202 3540 1353 3610 'quod
1409 3553 1479 3594 ex
1526 3539 1749 3596 alterius
1798 3543 2083 3612 praphctas

2183 3547 2335 3617 ὅπερ
2360 3545 2577 3616 νοήσεις
2601 3544 2694 3613 ἀφ’
2725 3543 2914 3614 ἑτέρου
2946 3544 3222 3615 προῳήτου
3253 3545 3556 3616 φήσαντος·
3591 3560 3610 3593 ι
3658 3543 3798 3598 Ἰδοὺ

492 3629 683 3687 Verbis
737 3628 1043 3699 intelligas:
1111 3647 1131 3681 ι
1175 3628 1342 3693 Ecce,
1407 3629 1610 3701 inquit,
1664 3632 1780 3688 dies
1829 3634 2075 3702 veniunt,

2183 3638 2403 3710 ἡμέραι
2440 3635 2708 3706 ἔρχονται,
2737 3634 2886 3703 λέγει
2917 3635 3119 3707 Κύριος
3139 3676 3155 3700 ,
3188 3637 3281 3689 καὶ
3311 3634 3594 3690 ἀποστελῶ
3630 3633 3797 3707 λιμὸν

491 3723 629 3779 dicit
663 3722 955 3787 Dominus,
984 3731 1059 3776 ‘et
1111 3722 1321 3776 mittam
1368 3722 1565 3778 famem
1614 3739 1784 3795 super
1842 3733 2077 3792 terram;

2186 3729 2287 3785 ἐπὶ
2325 3729 2426 3799 τὴν
2468 3727 2605 3797 γῆν⁸
2650 3727 2713 3780 οὐ
2757 3725 2912 3797 λιμὸν
2948 3728 3131 3798 ἄρτου,
3191 3728 3306 3782 οὐδὲ
3360 3726 3520 3798 δίψαν
3560 3725 3794 3793 ὓδατος,

497 3824 607 3872 non
656 3815 1057 3886 famem.'panis
1085 3854 1101 3880 ,
1159 3828 1259 3870 nec
1300 3816 1447 3871 sitim
1495 3833 1683 3888 aqute;
1730 3819 1826 3874 sed
1879 3818 2079 3875 famem

2190 3819 2336 3877 ἀλλά
2364 3817 2525 3889 λιμὸν
2557 3816 2649 3870 τοῦ
2685 3816 2917 3870 ἀκοῦσαι
2954 3815 3109 3886 λόγον
3138 3817 3364 3889 Κυρίου.
3406 3836 3424 3868 ι
3470 3818 3655 3871 Ἔστιν
3694 3814 3797 3872 οὖν

493 3909 753 3965 audiendi
782 3907 1008 3963 verbum
1044 3907 1256 3963 Domini
1284 3908 1351 3963 η.
1386 3909 1534 3965 ιῈει
1565 3912 1725 3980 igitur
1765 3912 1963 3966 animm
1991 3926 2084 3982 pa-

2183 3910 2375 3984 ψυχῆς
2405 3910 2570 3982 ἄρτος
2600 3908 2892 3981 θρεπτικὸς
2937 3925 3019 3972 τις
3047 3907 3201 3977 λόγος
3227 3946 3239 3970 ,
3286 3909 3381 3962 καί
3412 3909 3577 3963 ποτὸν
3607 3909 3794 3964 ὡσαύ-

478 4001 603 4067 h‘is,
641 4010 818 4054 sermo
850 4000 1124 4069 quispiam
1168 4001 1353 4057 alendi
1403 4002 1453 4055 vi
1487 4002 1778 4071 praeditus;
1811 4003 2084 4057 similiter-

2181 4022 2298 4069 τως
2339 4000 2592 4070 λογικόν·
2642 3994 2719 4053 ὧν
2766 4001 2813 4053 εἰ
2867 3999 2964 4053 καὶ
3011 3998 3289 4070 νομίζουσι
3343 3998 3792 4071 μεταλαμϐάνειν

492 4105 601 4161 que
629 4099 791 4160 potus
833 4089 1208 4146 rationabilis:
1244 4106 1479 4162 quorum
1515 4093 1617 4148 etsi
1654 4091 1825 4149 δηθιεί
1866 4109 1924 4148 se
1964 4110 2082 4164 par-

2198 4091 2478 4148 Ἰουδαίων
2511 4090 2716 4154 παῖδες,
2753 4091 2811 4142 ὲν
2841 4088 2919 4160 τῷ
2947 4088 3048 4153 τὰς
3091 4088 3243 4153 θείας
3281 4089 3593 4161 διέρχεσθαι
3643 4091 3792 4163 Γρα-

494 4182 689 4253 ticipes
715 4195 838 4237 esse
875 4190 1095 4253 putent,
1141 4185 1271 4238 dum
1305 4182 1519 4239 divinas
1568 4183 1878 4255 Scripturas
1911 4195 2083 4241 trans-

2185 4185 2318 4256 φάς,
2348 4183 2446 4237 καὶ
2477 4182 2607 4255 περί
2636 4181 2738 4245 τάς
2764 4179 3102 4252 ὲκμαθήσεις
3123 4181 3217 4234 καὶ
3242 4180 3572 4250 ὲπαγγελίας
3600 4183 3791 4236 αὐτῶν

446 4268 748 4339 "currunt,
789 4282 846 4329 et
888 4274 1033 4331 circa
1076 4275 1424 4345 disciplinam
1460 4279 1969 4348 promissiOnesque
1996 4294 2080 4332 ea-

2185 4275 2536 4348 φιλοκαλείν*
2563 4272 2702 4327 ἀλλά
2733 4272 2833 4344 τὴν
2868 4271 2947 4345 (6)
2984 4272 3137 4343 ἰσχὺν
3176 4272 3285 4325 τῶν
3330 4272 3640 4345 θρεπτικῶν
3695 4274 3791 4328 λύε

495 4378 616 4421 rum
661 4365 903 4420 studiose
944 4376 1275 4421 versantur:
1321 4377 1378 4421 at
1415 4370 1583 4423 robur
1618 4370 1920 4424 nutrientis
1960 4383 2079 4423 ser-

2183 4386 2321 4439 γων,
2352 4366 2454 4421 καὶ
2484 4366 2547 4420 τὸ
2588 4365 2880 4438 θρεπτικὸν
2909 4365 3010 4436 τῆς
3041 4364 3307 4429 ζωοποιοῦ
3339 4367 3444 4437 γῆς
3472 4368 3573 4421 οὐκ
3599 4365 3666 4420 ἂν
3699 4368 3791 4421 εὖ-

497 4458 677 4513 monis
699 4498 716 4523 ,
750 4458 1088 4528 vlvilicaequ'e
1121 4470 1283 4516 terra:
1328 4458 1684 4530 alimentum,
1740 4478 1903 4518 nemo
1940 4467 2077 4533 apud
2108 4525 2131 4535 _

2189 4477 2305 4535 ροις
2338 4460 2470 4532 παρ’
2512 4460 2715 4522 αὐτοῖς.
2762 4459 2963 4530 Ἀρτου
2991 4457 3170 4512 τοίνυν
3204 4457 3364 4511 πάλιν
3388 4459 3489 4513 οὐκ
3516 4457 3791 4530 αἰσθητοῦ

480 4556 645 4620 'tpsos
696 4550 951 4619 reperiat.
998 4549 1197 4607 Panem
1259 4562 1388 4625 ergo
1442 4556 1697 4610 sensilem
1762 4525 2114 4626 neutiquamj

2154 4525 2298 4629 ’μνη
2310 4525 2559 4622 μονεύει⁸
2602 4552 2717 4607 ἀλλ’
2751 4525 2872 4607 οὐδὲ
2923 4552 3130 4606 ὑδάτων
3175 4550 3286 4605 τῶν
3327 4553 3384 4605 ὲν
3439 4525 3788 4622 καταχρησει

496 4652 795 4710 memorat;
835 4657 933 4699 nec
977 4648 1145 4715 aQuas
1189 4647 1378 4701 itidem
1422 4664 1542 4717 quae
1577 4649 1688 4703 triti
1730 4663 1795 4703 ac
1839 4664 2079 4704 commu-

2184 4644 2340 4719 κοινῇ
2361 4662 2374 4676 ·
2430 4645 2641 4700 ἐκείνου
2688 4645 2745 4699 δὲ
2801 4644 2999 4716 μᾶλλον
3050 4645 3178 4718 περὶ
3226 4636 3287 4697 οὗ
3340 4662 3502 4717 φησιν
3548 4647 3576 4698 ὁ
3613 4648 3788 4703 Δαυῒδ

496 4738 580 4792 nis
609 4738 721 4792 sint
754 4750 914 4806 usus;
949 4741 1041 4794 sed
1077 4740 1224 4795 illum
1263 4742 1445 4810 potius
1476 4758 1709 4812 panem,
1748 4743 1816 4797 de
1856 4757 1964 4811 quo
2000 4746 2077 4801 ait

2189 4761 2209 4794 ι
2246 4742 2411 4812 ἄρτον
2431 4735 2663 4810 οὐρανοῦ
2696 4736 2892 4791 ἔδωκεν
2924 4738 3129 4801 αὐτοῖς,
3167 4736 3330 4809 ἄρτον
3359 4737 3607 4805 ἀγγέλων
3635 4737 3783 4808 ἐφα-

483 4819 666 4884 ~David
702 4845 716 4883 :
754 4848 771 4881 ι
806 4823 1006 4884 Panem
1041 4832 1164 4885 cmli
1199 4834 1344 4888 dedit
1380 4834 1485 4897 eis,
1530 4849 1724 4903 panem
1760 4834 2075 4905 angelorum

2182 4851 2281 4902 γεν
2328 4830 2631 4902 ἄνθρωπος.
2695 4849 2712 4881 ι
2770 4829 3006 4882 Ὑδάτων
3046 4846 3105 4883 τε
3151 4828 3549 4900 διαμεμνῆσθαι
3590 4846 3782 4901 φαμεν

496 4923 842 4980 manducavit
867 4923 1029 4979 homo
1053 4926 1151 4979 “.i
1187 4926 1368 4995 Aquas
1397 4927 1525 4979 item
1558 4927 1734 4996 ipsum
1762 4927 2087 4983 meminisse.

2182 4926 2347 4981 αὐτὸν
2378 4923 2607 4994 νοητῶν,
2644 4923 2771 4993 περὶ
2798 4915 2873 4975 ὧν
2911 4921 3073 4984 αὑτός
3105 4921 3207 4974 πού
3239 4938 3403 4992 φησιν
3430 4922 3458 4973 ὁ
3485 4923 3782 4995 προφήτης

491 5015 726 5071 dicimus
775 5016 1120 5085 spirituales,
1177 5020 1246 5073 de
1309 5018 1509 5088 quibus
1569 5018 1735 5072 lsaias
1792 5021 2062 5088 propheta

2199 5018 2429 5081 Ἠσαίας
2447 5034 2462 5049 ’
2499 5034 2517 5067 ι
2539 5017 2650 5069 Καὶ
2666 5016 3020 5085 ἀντλήσουσιν
3037 5012 3181 5084 ὕδωρ
3213 5016 3327 5084 μετ’
3355 5013 3693 5085 εὐφροσύνης
3711 5018 3782 5071 ὲκ

489 5106 619 5163 alibi
654 5106 702 5141 ¹⁸
733 5106 859 5162 talia
896 5109 1066 5164 fatur:
1106 5129 1126 5163 ι
1162 5111 1239 5165 Et
1268 5109 1524 5165 haurieut
1558 5116 1753 5179 aquam
1795 5125 1916 5164 cum
1943 5127 2076 5180 gau-

2185 5110 2297 5164 τῶν
2335 5108 2524 5180 πηγῶν
2557 5107 2651 5161 τοῦ
2681 5105 2956 5178 Σωτηρίου
2980 5121 2993 5134 '
3030 5124 3047 5156 ι
3070 5105 3164 5157 καὶ
3195 5104 3300 5175 μὴν
3328 5106 3421 5157 καὶ
3436 5104 3780 5169 αὑτδςὸΣω-

488 5201 570 5255 dio
616 5196 689 5256 de
716 5199 966 5258 fontibus
994 5201 1303 5259 Salutaris:
1348 5221 1367 5255 ι
1403 5203 1531 5271 quin
1562 5212 1616 5256 et
1642 5202 1756 5272 ipse
1787 5201 2071 5260 Salvator:

2181 5204 2319 5275 τήρ·
2372 5220 2390 5253 ι
2429 5201 2545 5265 Πᾶς
2585 5201 2614 5253 ὁ
2642 5200 2814 5253 πίνων
2843 5201 2907 5251 ἐκ
2938 5193 3034 5248 τοῦ
3063 5194 3253 5259 ὓδατος
3280 5195 3469 5250 τούτου
3489 5235 3505 5259 ,
3550 5194 3776 5269 διψήσει

485 5307 503 5341 ι
557 5289 753 5346 Ombis
780 5291 868 5361 qui
904 5292 1040 5348 bibit
1064 5308 1135 5348 ex
1173 5293 1276 5348 hac
1317 5302 1477 5360 aqua,
1527 5290 1674 5347 sitiet
1709 5291 1944 5359 iterum;
1984 5295 2075 5363 qui

2179 5294 2372 5347 πάλιν·
2398 5292 2456 5356 ὃς
2481 5291 2526 5345 δ’
2553 5290 2619 5345 ἂν
2650 5291 2750 5363 πίῃ
2781 5293 2844 5343 ἐκ
2868 5288 2963 5342 τοῦ
2991 5287 3182 5352 ὓδατος
3203 5282 3263 5341 οὗ
3286 5287 3396 5356 ἐγὼ
3414 5288 3570 5341 δώσω
3595 5289 3773 5361 αὐτῷ,

486 5395 624 5439 vero
652 5378 857 5438 biberit
912 5397 978 5437 ex
1030 5394 1209 5453 aqua,
1260 5397 1424 5454 quam
1462 5393 1563 5454 ego
1595 5383 1735 5438 dabo
1768 5384 1841 5450 ei,
1872 5383 1972 5440 ﬂet
2020 5389 2074 5443 in

2176 5388 2467 5458 γενήσεται
2497 5385 2556 5439 ἐν
2587 5383 2735 5453 αὐτῷ
2765 5381 2916 5453 πηγὴ
2957 5380 3147 5444 ὓδατος
3188 5380 3482 5451 ἁλλομένου
3511 5381 3590 5444 εἰς
3619 5379 3776 5455 ζωὴν

484 5486 547 5526 eo
596 5472 719 5531 fons
757 5484 910 5546 aquae
941 5473 1196 5530 salientis
1226 5475 1280 5529 in
1319 5473 1490 5528 vitam
1518 5482 1777 5530 aaternam
1810 5474 1873 5529 ".
1906 5493 1925 5528 ι
1965 5475 2075 5531 llu-

2180 5476 2420 5533 αἰώνιον.
2476 5496 2495 5529 ι
2538 5476 2705 5539 Σύνες
2735 5474 2792 5528 δὲ
2832 5472 3077 5546 ἀκριϐῶς
3118 5473 3218 5537 τὰς
3264 5472 3389 5543 περὶ
3423 5471 3627 5526 τούτων
3667 5472 3771 5529 νοῦ

564 5647 610 5683 ⁸³
640 5652 809 5707 Amos
852 5659 979 5717 rut,
1021 5650 1104 5707 ll.
1180 5650 1226 5681 “
1260 5649 1401 5704 Psal.
1426 5664 1639 5715 uxvu,
1666 5651 1759 5706 Ἠ.
1837 5650 1882 5685 ¹⁸
1908 5653 2043 5725 Cap.
2067 5655 2198 5724 xtt,:

1260 5649 1401 5704 Psal.
1426 5664 1639 5715 uxvn,
1666 5651 1759 5706 ει.
1837 5650 1882 5685 ¹⁸
1908 5653 2043 5725 Cap.
2067 5670 2169 5724 ιη,
2189 5654 2247 5710 3.
2324 5656 2370 5693 ’⁸
2393 5652 2555 5709 Joan.
2579 5666 2654 5718 tv,
2685 5652 2767 5717 l5,
2801 5651 2879 5709 Ιιί.

560 5835 702 5902 (9-6)
742 5835 894 5893 llt'nc
925 5839 1049 5893 item
1085 5836 1261 5894 locum
1290 5838 1565 5911 expressit.
1593 5836 1973 5909 Hieronymus,
2001 5839 2159 5899 initio
2186 5839 2405 5897 secundi
2447 5837 2596 5894 libri.
