4138 6462
394 347 497 403 Ιίιθ

1351 345 1858 402 COMMENTARIA
1902 345 1966 400 IN
2009 347 2265 404 ISAIAM.
2309 381 2373 392 —-
2413 349 2564 406 CAP.
2606 342 2692 407 Ill.

3569 360 3670 417 H0

391 468 674 538 προφήτου
705 467 914 535 φωνάς·
959 469 1018 521 οὐ
1054 469 1163 540 γὰρ
1203 470 1424 542 εἴρηκεν
1458 470 1642 533 ἁπλῶς
1677 471 1967 541 ἀφαιρεθή-

2083 473 2172 542 jus
2204 488 2366 541 porro
2397 475 2674 543 propheta:
2707 487 2768 528 ea
2816 473 2882 531 de
2915 491 2972 530 re
3006 484 3168 532 Voces
3207 488 3459 532 accurate
3510 475 3672 533 intel-

395 560 582 614 σεσθαι
604 561 711 614 τῶν
757 562 1024 615 Ἰουδαίων
1042 563 1205 634 ἄρτον
1233 581 1292 616 τε
1311 566 1404 618 καὶ
1431 564 1594 636 ὕδωρ,
1625 565 1738 618 ἀλλ’
1770 585 1787 614 ι
1827 569 1979 635 ἰσχὺν

389 655 556 727 ἄρτου
578 654 670 706 καὶ
699 655 850 724 ἰσχὺν
875 653 1092 718 ὓδατος·
1137 674 1156 706 ι
1181 657 1275 708 καὶ
1290 656 1372 722 δεῖ
1397 657 1542 725 ἡμᾶς
1567 656 1772 709 οἴεσθαι
1802 656 1977 709 τοιοῦ-

386 743 478 798 τόν
503 762 555 800 τι
577 745 846 798 διδάσκειν
876 745 1159 814 βούλεσθαι
1189 747 1371 799 αὐτόν.
1411 748 1601 817 Ἡμεῖς
1626 747 1734 818 γὰρ
1756 750 1869 812 τοῖς
1900 751 1975 800 ἱε-

388 835 504 906 ροῖς
532 837 1020 906 περιτυγχάνοντες
1061 837 1260 906 λόγοις,
1315 840 1408 892 καὶ
1447 840 1544 903 τὰς
1591 840 1740 905 θείας
1789 843 1976 910 ἀναγι-

386 924 684 989 νώσκοντες
744 928 985 999 Γραφάς,
1055 926 1176 984 εἶτα
1237 931 1509 994 συνιέντες
1562 933 1752 997 αὑτὰς,
1822 935 1974 1003 ἰσχὺν

383 1019 549 1089 ἄρτου
589 1020 780 1090 νοητοῦ
829 1021 1128 1091 δεχόμεθα’
1174 1042 1192 1074 ‹
1235 1024 1309 1076 Οὐ
1338 1024 1446 1095 γὰρ
1487 1027 1571 1076 ἐπ’
1605 1025 1754 1096 ἄρτῳ
1809 1026 1972 1096 μόνῳ,

383 1111 538 1180 φησι,
594 1109 818 1182 ζήσεται
871 1113 1192 1183 ἄνθρωπος·
1253 1115 1367 1167 ἀλλ’
1417 1117 1510 1168 ἐπὶ
1554 1117 1718 1169 παντὶ
1768 1118 1974 1186 ῥήματι

383 1201 800 1273 ἐκπορευομένῳ
859 1203 946 1256 διὰ
1003 1205 1270 1275 στόματος
1325 1206 1482 1261 Θεοῦ.
1553 1227 1570 1257 ι
1634 1205 1866 1276 Ὁμοίως
1915 1207 1972 1260 δὲ

382 1297 596 1366 νοήσεις
629 1295 724 1348 καὶ
769 1299 854 1365 ἐφ’
906 1296 1115 1351 ὑδάτων
1165 1297 1393 1366 νοητῶν.
1456 1299 1699 1351 Ἰουδαῖοί
1755 1315 1818 1367 γε
1866 1300 1972 1370 μὴν

381 1386 566 1456 ἔχουσι
605 1388 701 1458 μὲν
726 1393 816 1441 τὸν
842 1387 1004 1460 ἄρτον
1044 1389 1138 1442 καὶ
1165 1390 1226 1442 τὸ
1263 1389 1408 1461 ὕδωρ
1432 1389 1509 1442 ἔτι
1530 1407 1542 1419 ·
1582 1386 1974 1463 πολυπραγμο-

381 1477 534 1532 νοῦσι
551 1480 660 1551 γὰρ
688 1478 756 1532 τὰ
778 1479 1057 1542 Μωῦσέως
1074 1481 1400 1551 γράμματα,
1429 1483 1522 1534 καὶ
1541 1481 1969 1547 ἀναγινώσκουσι

381 1569 473 1622 τὸν
511 1571 671 1639 νόμον
691 1587 703 1599 ·
741 1571 928 1640 ἐπειδὴ
963 1571 1020 1624 δὲ
1053 1571 1417 1640 γινώσκουσιν
1447 1574 1620 1637 οὐδὲν,
1657 1575 1756 1626 οὐκ
1788 1575 1970 1644 ἔχουσι

381 1662 480 1732 τὴν
505 1664 658 1729 ίσγὺν
690 1663 783 1716 τοῦ
815 1665 1002 1734 ἄρτου,
1042 1663 1167 1718 οὒτε
1203 1667 1308 1737 μὴν
1327 1667 1426 1736 τὴν
1457 1668 1608 1736 ἰσχὺν
1637 1668 1729 1720 τοῦ
1754 1669 1964 1731 ὕδατος.

380 1750 550 1804 Ψιλὸν
595 1757 694 1820 γάρ
748 1754 932 1816 αὐτοῖς
980 1755 1072 1806 καὶ
1117 1755 1278 1824 μόνον
1328 1755 1387 1808 τὸ
1443 1757 1678 1828 γράμμα
1721 1758 1963 1824 δέδοται,

2089 563 2265 632 ligas:
2320 579 2424 616 non
2465 569 2611 617 enim
2659 564 2983 633 simpliciter
3024 569 3197 632 dixit,
3234 569 3588 624 auferendum
3637 589 3666 623 ει

2085 654 2286 710 ιιιίίιιξίε
2321 671 2444 710 esse
2477 671 2671 726 panem
2718 669 2772 711 et
2811 675 3051 728 aquam;
3094 661 3186 715 sed
3227 680 3245 712 ι
3300 664 3466 717 robur
3512 663 3667 732 panis

2085 758 2138 801 et
2171 750 2336 802 robur
2363 764 2555 816 aquae:
2593 770 2611 802 ι
2650 766 2853 820 parque
2887 763 2972 806 est
3013 762 3071 807 ut
3100 769 3198 808 nos
3230 770 3352 809 eum
3389 756 3663 825 quidpiam

2085 840 2260 893 simile
2297 841 2527 894 edocere
2588 843 2934 898 arbitremur.
2986 843 3097 900 Nos
3139 847 3339 916 quippe
3389 849 3442 902 in
3492 851 3666 903 sacris

2084 931 2429 984 sermonibus
2472 943 2778 999 versantes,
2828 947 2892 988 ac
2933 935 3145 991 divinas
3188 937 3500 1007 Scripturas
3541 956 3666 1008 pero

2083 1035 2226 1088 saepe
2270 1021 2527 1090 legentes,
2581 1037 2645 1077 ac
2695 1025 2914 1078 demum
2955 1028 3098 1094 ipsas
3142 1028 3540 1097 intelligentes,
3574 1033 3661 1085 hic

2082 1112 2384 1180 spiritualis
2425 1113 2582 1182 panis
2627 1114 2734 1166 vim
2770 1115 3164 1186 intelligimus:
3207 1136 3226 1168 ι
3268 1118 3381 1173 Νοιι
3427 1123 3570 1176 enim
3605 1123 3658 1176 in

2082 1219 2224 1271 pane
2279 1204 2428 1269 solo,
2493 1207 2603 1269 ait,
2651 1206 2790 1260 vivet
2838 1207 3036 1270 homo;
3102 1209 3196 1262 sed
3257 1210 3492 1265 inomni
3533 1228 3658 1266 ver-

2081 1295 2153 1348 bo
2199 1296 2340 1363 quod
2388 1295 2664 1364 egreditur
2707 1311 2804 1364 per
2846 1311 2908 1350 os
2943 1297 3032 1351 Dei
3061 1297 3125 1350 ".
3173 1317 3191 1349 ι
3235 1298 3420 1366 Aquas
3456 1303 3664 1368 pariter

2079 1386 2394 1456 spirituales
2441 1388 2714 1458 intelligas
2755 1399 2994 1458 oportet.
3025 1388 3194 1445 Judtei
3224 1406 3353 1445 sane
3386 1409 3578 1461 panem
3604 1405 3661 1449 et

2079 1494 2277 1547 aquam
2321 1478 2524 1532 habent
2554 1481 2864 1546 hactenus;
2903 1494 3024 1533 nam
3056 1463 3256 1551 Moysis
3309 1486 3510 1553 scripta
3562 1502 3661 1540 cu.

2080 1574 2287 1625 t'iOSiIIS
2329 1571 2620 1637 evolvunt,
2663 1573 2940 1642 legemque
2977 1576 3319 1645 yperlegunt;
3354 1581 3477 1646 quia
3530 1594 3661 1633 vero

2079 1659 2210 1713 nihil
2250 1656 2594 1729 intelligunt,
2644 1665 2810 1714 robur
2861 1665 3016 1730 panis
3065 1681 3170 1718 non
3213 1666 3436 1731 habent,
3484 1685 3660 1738 neque

2079 1752 2245 1804 robur
2280 1767 2433 1820 aqua:
2465 1755 2729 1808 obtinent.
2786 1753 2912 1807 Sola
2963 1757 3164 1825 quippe
3206 1765 3260 1811 et
3303 1762 3445 1813 nuda
3481 1762 3659 1814 littera

377 1842 549 1914 ἄρτου
585 1847 682 1914 μὲν
712 1846 807 1897 καὶ
836 1844 1028 1908 ὓδατος
1061 1845 1330 1916 ὑπόληψιν
1380 1846 1521 1916 ἔχον,
1555 1848 1752 1918 τρέφον
1785 1848 1841 1900 δὲ
1873 1850 1967 1901 αὑ-

2075 1858 2335 1898 concessa
2376 1844 2484 1899 illis
2522 1853 2638 1908 est,
2689 1861 2809 1914 qua.-
2861 1847 3078 1913 quidem
3128 1848 3366 1917 aliquam
3414 1853 3570 1918 panis
3605 1863 3660 1904 et

377 1938 508 2002 τοὺς
537 1941 657 1992 κατ’
683 1938 872 1992 οὐδένα
900 1939 1101 2010 τρόπον
1133 1943 1212 2002 είς
1245 1937 1458 2004 εὐεξίαν
1489 1939 1586 2011 τὴν
1607 1941 1826 2009 νοητήν.
1862 1941 1970 1992 Καὶ

381 2031 723 2102 μαρτυρήσει
761 2032 987 2100 γράφων
1022 2034 1049 2084 ό
1083 2031 1293 2095 Παῦλος
1316 2048 1328 2062 ·
1377 2051 1394 2082 ι
1449 2033 1611 2102 Ἀχρι
1648 2033 1756 2103 γὰρ
1801 2034 1971 2102 σήμε-

381 2138 494 2192 ρον,
541 2122 706 2192 ἡνίκα
745 2121 1181 2189 ἀναγινώσκεται
1226 2123 1497 2192 Μωῦσῆς,
1556 2121 1821 2192 κάλυμμα
1876 2123 1969 2173 ἐπὶ

377 2215 474 2285 τὴν
509 2214 733 2284 καρδίαν
763 2214 942 2267 αὐτῶν
989 2218 1198 2277 κεῖται,
1245 2234 1264 2266 ι
1319 2215 1394 2286 μὴ
1432 2215 1967 2284 ἀνακαλυπτόμενον,

379 2303 463 2353 ὅτι
489 2303 798 2374 ὲνΧριστῷ
837 2306 1214 2374 καταργεῖται.
1247 2305 1359 2357 Καὶ
1397 2304 1519 2357 καθ’
1541 2304 1728 2375 ἓτερον
1764 2303 1822 2356 δὲ
1849 2300 1971 2370 τρό-

384 2411 485 2446 πον
512 2395 828 2467 ἀφῃρῆσθαι
871 2413 1054 2466 φαμεν
1096 2399 1160 2450 ὲκ
1200 2396 1298 2466 τῆς
1339 2395 1607 2449 Ἰουδαίων
1649 2395 1970 2465 συναγωγῆς

384 2487 537 2555 ἰσχὺν
563 2486 729 2557 ἄρτου
758 2488 852 2540 καὶ
886 2490 1038 2558 ἰσχὺν
1067 2488 1256 2550 ὓδατος
1279 2506 1292 2518 ο
1317 2489 1411 2541 καὶ
1435 2488 1598 2557 ¹λόγος
1628 2488 1746 2542 ἐστὶ
1780 2505 1972 2558 μυστι-

379 2575 495 2639 κός.
541 2577 730 2647 Ἡμεῖς
767 2579 866 2647 μὲν
898 2578 1004 2649 γάρ
1031 2581 1080 2631 οἱ
1101 2579 1186 2631 διὰ
1216 2579 1453 2643 πίστεως
1480 2580 1805 2652 κεκλημένοι
1834 2579 1970 2652 πρὸς

379 2670 675 2740 ἁγιασμὸν,
701 2670 794 2723 τὸν
820 2670 982 2742 ἄρτον
1013 2670 1210 2742 ἔχομεν
1240 2673 1331 2726 τὸν
1349 2672 1408 2736 ἐξ
1435 2673 1689 2744 οὐρανοῦ,
1724 2675 1968 2727 τουτέστι

379 2760 636 2830 Χριστὸν,
687 2761 805 2831 ἦτοι
844 2761 904 2813 τὺ
941 2762 1100 2832 σῶμα
1149 2762 1334 2817 αὑτοῦ,
1381 2761 1443 2814 Εἰ
1480 2763 1537 2815 δὲ
1567 2762 1629 2834 δή
1665 2781 1747 2826 τις
1771 2762 1966 2834 ἔροιτο,

379 2849 510 2903 ποία
535 2851 620 2912 τίς
657 2852 804 2903 ὲστιν
841 2853 872 2922 ἡ
903 2854 1056 2922 ίσχὺς
1091 2852 1277 2917 αὐτοῦ,
1326 2853 1505 2922 φαμὲν
1541 2853 1621 2905 ὃτι
1674 2851 1963 2916 ζωοποιός·

375 2942 562 2996 δίδωσι
606 2945 714 3016 γάρ
755 2944 833 3016 τῷ
875 2946 1065 3016 κόσμῳ
1117 2945 1284 3016 ζωήν.
1326 2947 1631 3018 Προσίεμεν
1674 2946 1730 2998 δὲ
1769 2946 1969 3016 ὁμοίως

378 3035 476 3087 καὶ
495 3038 562 3106 τῇ
592 3035 678 3088 διὰ
708 3035 802 3088 τοῦ
847 3037 1001 3104 ἁγίου
1032 3036 1410 3106 βαπτίσματος
1444 3037 1649 3107 χάριτι,
1686 3036 1779 3088 τοῦ
1811 3035 1969 3103 ἁγιά-

378 3127 562 3192 ζοντος
591 3130 735 3199 ἡμᾶς
768 3129 958 3193 ὓδατος
983 3131 1082 3201 τὴν
1117 3131 1269 3199 ἰσχὺν
1298 3126 1438 3182 εἶναι
1477 3129 1746 3197 λέγοντες,
1789 3129 1964 3201 ἁμαρ-

377 3221 508 3274 τιῶν
546 3221 840 3284 ἀπόθεσιν,
882 3223 1242 3292 ἀναγέννησιν
1290 3221 1666 3290 πνευματικὴν
1705 3221 1785 3282 εἰς
1831 3235 1966 3289 συμ-

315 3297 318 3299 ’
381 3312 617 3383 μορφίαν
664 3312 760 3384 τὴν
793 3315 872 3376 εἰς
914 3313 1076 3366 αὑτὸν
1117 3314 1208 3366 τὸν
1249 3309 1518 3382 Χριστόν·
1563 3312 1655 3364 καὶ
1695 3308 1831 3381 πρὸς
1874 3312 1967 3363 ἐπὶ

375 3403 609 3471 τούτοις,
653 3405 966 3477 παρρησίαν
993 3405 1200 3458 εἰσόδου
1228 3407 1324 3476 τῆς
1353 3407 1431 3467 εἰς
1454 3402 1550 3474 τὴν
1582 3402 1690 3455 τῶν
1722 3402 1965 3473 οὐρανῶν

378 3480 678 3559 βασιλείαν.
751 3498 875 3551 Ἐὰν
945 3499 1055 3569 γάρ
1127 3515 1233 3561 τις,
1285 3497 1437 3567 φησι,
1480 3514 1498 3546 ι
1539 3495 1614 3565 μὴ
1642 3495 1872 3566 γεννηθῇ
1906 3496 1964 3563 ἐξ

377 3583 569 3648 ὓδατος
615 3588 709 3640 καὶ⁸
771 3586 1098 3658 πνεύματος,
1148 3588 1207 3640 οὐ
1269 3585 1490 3640 δύναται
1551 3584 1813 3637 εἰσελθεῖν
1882 3586 1964 3648 εἰς

374 3676 476 3748 τὴν
531 3676 806 3748 βασιλείαν
865 3679 972 3732 τῶν
1021 3679 1287 3751 οὐρανῶν.
1333 3699 1351 3731 ι
1399 3675 1752 3748 Ἐστέρηνται
1799 3676 1855 3729 δὲ
1913 3678 1962 3730 οἱ

388 3769 631 3841 Ἰουδαῖοι
679 3770 787 3823 τῶν
815 3771 1072 3824 τοιούτων
1114 3769 1362 3838 ἀγαθῶν·
1403 3771 1462 3821 οὐ
1511 3770 1620 3841 γάρ
1670 3773 1784 3822 ἐστι
1833 3768 1962 3838 παρ’

374 3840 559 3924 αὐτοῖς
598 3863 750 3932 ἰσχὺς
786 3863 972 3934 ἄρτου,
1011 3863 1285 3914 τουτέστιν
1318 3862 1351 3930 ἡ
1381 3863 1438 3912 ἐν
1463 3860 1686 3931 Χριστῷ
1731 3857 1961 3924 ζωοποί-

372 3971 518 4024 ησις,
547 3955 652 4007 οὐδ’
684 3954 864 4024 έχουσι
888 3955 985 4024 τὴν
1014 3953 1107 4005 τοῦ
1135 3951 1322 4014 ὓδατος
1354 3950 1500 4020 ἰσχύν
1528 3968 1540 3980 °
1570 3952 1962 4020 άπομεμένηκε

375 4045 484 4116 γὰρ
507 4045 564 4098 ἐν
592 4045 772 4106 αὐτοῖς
807 4044 1174 4105 ἀναπόνιπτος
1199 4045 1231 4113 ἡ
1271 4041 1515 4112 ἁμαρτία
1534 4058 1548 4071 ·
1589 4041 1689 4093 οὐκ
1726 4036 1963 4094 εἰσελαύ-

375 4153 557 4192 νουσιν
585 4138 665 4199 εἰς
692 4135 790 4207 τὴν
820 4135 926 4188 τῶν
962 4133 1207 4205 οὐρανῶν
1250 4133 1545 4204 βασιλείαν,
1581 4129 1672 4187 τὸν
1716 4131 1962 4202 εἰσκομί-

373 4229 536 4296 ζοντα
575 4230 808 4301 Χριστὸν
851 4227 1230 4297 ἀτιμάζοντες.
1276 4227 1349 4279 Οὐ
1395 4226 1504 4296 γὰρ
1550 4225 1837 4278 ἐπίστευον
1877 4224 1962 4277 λέ-

371 4338 574 4391 γοντι·ι
598 4320 738 4390 Ἐγώ
770 4321 885 4392 εἰμι
914 4322 947 4390 ἡ
978 4320 1115 4382 ὁδὸς,
1140 4340 1156 4368 ι
1183 4321 1298 4382 καὶ,
1321 4339 1337 4370 ι
1363 4317 1503 4386 Ἐγώ
1532 4320 1649 4387 εἰμι
1682 4319 1714 4387 ἡ
1742 4315 1901 4386 θύρα.
1936 4335 1953 4367 ι

505 4415 613 4468 Καὶ
644 4413 1132 4484 πεντηκόνταρχον,
1164 4412 1256 4465 xui.
1287 4410 1600 4480 θαυμαστὸν
1633 4407 1955 4479 σύμὸουλον,

373 4508 467 4562 καὶ
516 4506 678 4576 σοφὸν
713 4505 1073 4576 ἀρχιτέκτονα
1094 4544 1107 4567 ,
1137 4505 1232 4558 καὶ
1267 4501 1484 4556 συνετὸν
1517 4502 1825 4590 ἀκροατήν.
1847 4500 1956 4551 Καὶ
1989 4535 2034 4590 D

372 4599 652 4668 ἐπιστήσω
677 4597 997 4658 νεανίσκους
1021 4595 1284 4665 ἄρχοντας
1312 4591 1510 4653 αὐτῶν,
1539 4591 1634 4642 καὶ
1655 4589 1955 4660 ἐμπαῖκται

372 4688 750 4760 κυριεύσουσιν
788 4686 986 4740 αὐτῶν.
1036 4705 1054 4737 ι
1096 4685 1171 4753 (7)
1207 4685 1301 4748 Τίς
1341 4681 1434 4736 οὖν
1468 4681 1611 4754 όρῶν
1651 4682 1778 4744 τοὺς
1805 4680 1957 4750 παρά

385 4780 659 4843 Ἰουδαίοις
734 4776 1166 4849 ὀνομαζομένους
1233 4775 1598 4847 πατριάρχας,
1637 4773 1953 4838 νεανίσκους

371 4871 611 4942 ἀληθῶς,
640 4871 700 4924 οὐ
739 4871 838 4942 τὴν
865 4869 973 4922 τῶν
1006 4871 1272 4939 σωμάτων
1300 4867 1536 4940 ἡλικίαν,
1565 4865 1700 4918 ἀλλά
1725 4866 1824 4928 τὰς
1857 4864 1958 4934 ψυ-

372 4965 474 5037 χὰς
506 4964 716 5027 ἀτελεῖς
750 4964 844 5017 καὶ
868 4960 1067 5024 ὲνδεεῖς
1107 4961 1339 5031 φρενῶν,
1372 4959 1497 5022 τούς
1528 4975 1588 5010 τε
1621 4954 1840 5018 λοιποὺς
1863 4955 1960 5008 αὑ-

372 5056 479 5110 τῶν
511 5055 883 5118 διδασκάλους,
923 5055 1023 5107 οὐκ
1053 5053 1116 5106 ἂν
1157 5053 1299 5105 εἴποι
1327 5047 1639 5122 ὲμπαίκτας
1669 5043 1829 5112 εἶναι,
1866 5048 1958 5100 καὶ

372 5143 465 5208 οὓς
493 5149 526 5217 ἡ
565 5145 870 5217 προφητεία
904 5144 1124 5215 toﬁ-1w;

449 5349 468 5383 ι
503 5331 610 5384 Καὶ
629 5331 986 5402 συμπεσεῖται
1015 5333 1042 5384 ό
1075 5329 1226 5394 λαὸς,
1264 5327 1550 5400 ἄνθρωπος
1585 5329 1720 5399 πρὸς
1743 5327 1957 5400 ἄνθρω-

372 5438 498 5488 των,
523 5423 617 5476 καὶ
650 5424 933 5493 ἄνθρωπος
965 5423 1102 5494 πρὸς
1129 5422 1220 5475 τὸν
1251 5421 1477 5490 πλησίον
1511 5417 1674 5474 αὑτοῦ
1693 5437 1704 5449 ·
1736 5440 1753 5470 ι
1784 5420 1951 5491 μηδε-

2079 1949 2233 2001 aquae
2261 1935 2525 1990 rationem
2558 1946 2614 1991 et
2645 1938 2957 2004 opinionem
2997 1940 3212 2004 habeat,
3259 1957 3435 2010 neque
3477 1951 3659 1996 tamen

2079 2027 2199 2081 illos
2235 2028 2508 2083 ullatenus
2538 2029 2652 2083 alat
2681 2032 2746 2084 ad
2777 2030 2976 2085 bonam
3007 2033 3233 2102 spiritus
3266 2035 3658 2089 valetudinem.

2075 2118 2248 2184 Quam
2293 2136 2406 2173 rem
2446 2119 2644 2176 Paulus
2699 2123 3059 2187 testiﬁcatur,
3110 2125 3195 2179 his
3221 2127 3441 2180 verbis:
3494 2144 3513 2177 ι
3553 2123 3658 2179 Sed

2075 2227 2246 2280 nsque
2276 2211 2327 2265 in
2356 2211 2680 2266 hodiernqu
2717 2215 2883 2279 diem,
2918 2229 3041 2269 cum
3072 2215 3268 2288 legitur
3295 2217 3526 2287 Moyses,
3564 2234 3658 2271 ve-

2075 2303 2251 2355 lamen
2293 2303 2528 2371 positum
2572 2313 2657 2357 est
2691 2319 2855 2371 super
2899 2321 2994 2360 cor
3041 2321 3228 2361 eorum
3261 2307 3328 2372 η,
3363 2327 3380 2357 ι
3424 2322 3529 2360 ιιοιι
3569 2323 3656 2360 re-

2072 2395 2329 2460 velatum,
2361 2396 2488 2464 quia
2523 2396 2575 2451 in
2615 2397 2838 2452 Christo
2869 2398 3132 2454 aufertur.
3169 2399 3292 2452 Alio
3325 2399 3451 2453 item
3493 2400 3653 2453 mode

2073 2480 2304 2537 dicimus
2334 2484 2574 2539 ablatum
2609 2487 2778 2541 fuisse
2819 2503 2846 2540 a
2887 2485 3200 2542 .ludzeorum
3242 2502 3516 2558 synagoga
3567 2504 3656 2544 ro-

2073 2575 2177 2628 bur
2212 2576 2370 2644 panis
2399 2587 2452 2630 et
2507 2577 2674 2632 robur
2717 2593 2917 2648 aqua}:
2960 2595 3142 2632 sermo
3173 2590 3352 2634 autem
3396 2581 3654 2648 mysticus

2071 2675 2174 2721 est.
2224 2665 2336 2722 Nos
2387 2668 2586 2740 quippe
2641 2670 2731 2738 qui
2787 2685 2882 2740 per
2935 2669 3090 2725 tidem
3141 2673 3313 2725 vocati
3368 2686 3556 2726 sumus
3584 2673 3652 2726 ad

2074 2758 2590 2825 sanctiﬁcationem,
2631 2773 2824 2827 panem
2876 2763 3137 2815 habemus
3179 2763 3244 2816 de
3293 2764 3457 2828 cielo,
3514 2762 3652 2817 sedi.

2072 2865 2159 2905 cet
2187 2851 2486 2916 Christum,
2531 2853 2648 2906 sive
2677 2868 2879 2922 corpus
2911 2855 3048 2922 ejus.
3085 2855 3238 2920 Quod
3268 2855 3309 2908 si
3347 2855 3473 2924 quis
3506 2871 3652 2924 qua:-

2074 2951 2180 3008 rat,
2220 2945 2496 3012 quodnam
2545 2945 2616 2998 sit
2669 2948 2835 3000 robur
2873 2946 3021 3014 ejus,
3079 2947 3328 3011 dicimus,
3378 2946 3650 3001 viviticum

2071 3047 2234 3088 esse:
2273 3049 2397 3087 nam
2431 3034 2525 3089 dat
2561 3035 2728 3090 vitam
2775 3039 2998 3092 mundo.
3036 3037 3361 3092 Accedimus
3403 3038 3650 3092 similiter

2078 3125 2142 3178 ad
2176 3128 2406 3196 gratiam
2453 3128 2599 3181 sacri
2639 3129 2932 3198 baptismi:
2977 3143 3042 3182 ac
3086 3131 3317 3184 dicimus
3358 3145 3511 3199 aqua:
3553 3145 3650 3184 nos

2069 3218 2466 3273 sanctiﬁcantis
2535 3218 2701 3274 robur
2770 3235 2895 3275 esse
2955 3233 3301 3289 peccatorum
3355 3221 3649 3289 depositio-

2069 3325 2215 3375 nem,
2253 3311 2724 3379 regenerationem
2760 3312 3100 3378 spiritualem
3152 3315 3218 3365 ad
3269 3311 3631 3367 conformatio

2069 3416 2192 3454 nem
2234 3400 2287 3453 in
2324 3400 2499 3472 ipsum
2540 3401 2866 3464 Christum;
2911 3402 2977 3455 ad
3029 3403 3144 3457 baac
3191 3417 3340 3468 vero,
3395 3401 3647 3457 liduciam

2069 3491 2410 3562 ingrediendi
2462 3495 2513 3548 in
2545 3508 2770 3560 regnum
2816 3492 3081 3547 caelorum
3114 3509 3130 3558 ;
3169 3508 3292 3547 nam
3326 3493 3441 3548 ait:
3475 3513 3494 3547 ι
3533 3494 3646 3553 Nisi

2065 3585 2190 3653 quis
2229 3595 2450 3640 renatus
2496 3585 2663 3640 fuerit
2693 3601 2758 3640 ex
2809 3600 2948 3653 aqua
2993 3594 3051 3639 et
3099 3586 3327 3653 Spiritu,
3378 3601 3485 3640 non
3543 3602 3641 3654 po-

2067 3685 2173 3732 test
2213 3677 2417 3733 intrare
2453 3679 2505 3731 in
2547 3693 2774 3746 regnum
2805 3677 3067 3731 caelorum
3091 3677 3154 3732 '9.
3205 3696 3225 3729 ι
3261 3676 3429 3732 Judaei
3463 3688 3644 3733 autem

2067 3769 2151 3822 bis
2213 3768 2368 3822 bonis
2423 3770 2745 3838 privantur:
2809 3783 2913 3820 non
2960 3769 3106 3822 enim
3170 3783 3334 3837 penes
3394 3769 3512 3823 illos
3561 3781 3642 3823 est

2067 3858 2234 3910 robur
2268 3872 2447 3925 panis,
2500 3858 2552 3910 id
2586 3867 2689 3919 est,
2741 3855 3036 3910 viviﬁcatio
3085 3858 3135 3909 in
3171 3858 3428 3910 Christo:
3469 3871 3642 3928 neque

2066 3945 2193 4000 item
2247 3947 2411 4000 robur
2441 3961 2595 4015 aqua:
2626 3946 2917 4000 obtinent:
2978 3962 3100 4000 nam
3147 3962 3314 4015 penes
3359 3948 3478 4002 illos
3512 3963 3641 4017 pee-

2064 4045 2241 4093 catum
2275 4039 2393 4094 sine
2419 4039 2696 4092 ablutione
2747 4048 3034 4105 remanet;
3084 4054 3260 4108 neque
3299 4042 3366 4095 ad
3414 4059 3639 4112 regnum

2064 4129 2329 4184 caelorum
2373 4129 2619 4190 tendunt,
2664 4129 2757 4198 qui
2802 4128 3080 4183 Christum
3117 4145 3182 4183 eo
3231 4130 3515 4186 ducentem
3555 4133 3643 4186 dc-

2064 4222 2257 4274 decore
2297 4217 2595 4273 affecerint.
2654 4219 2838 4290 Neque
2876 4220 3020 4273 enim
3056 4221 3405 4276 crediderunt
3453 4223 3641 4279 dicen-

2064 4315 2102 4368 ti
2125 4357 2139 4380 ,
2180 4331 2198 4365 ι
2240 4314 2349 4382 Ego
2379 4330 2498 4368 sum
2530 4315 2613 4366 via
2645 4314 2714 4378 '°,
2756 4333 2774 4364 ι
2809 4321 2886 4379 et,
2922 4330 2941 4364 ‹
2981 4315 3090 4384 Ego
3127 4331 3244 4367 sum
3275 4316 3473 4368 ostium
3505 4317 3569 4372 ".
3611 4333 3635 4370 ι

2136 4405 2299 4461 Vens.
2337 4406 2455 4460 5-4.
2513 4425 2531 4458 ι
2571 4406 2635 4459 Ει
2673 4407 2974 4475 principem
3017 4421 3181 4475 super
3221 4408 3636 4477 quinquaginta.

2062 4506 2117 4552 et
2155 4497 2527 4552 admirabilem
2573 4496 2981 4562 consiliarium,
3017 4509 3072 4550 et
3113 4497 3413 4564 sapientein
3465 4497 3641 4550 archi-

2063 4597 2262 4643 tectum
2301 4596 2356 4640 et
2411 4587 2728 4656 prudentem
2799 4587 3126 4640 auditorem.
3190 4585 3257 4640 Et
3313 4587 3638 4642 constituam

2058 4696 2257 4750 pueros
2287 4680 2559 4749 principes
2599 4693 2811 4742 eorum,
2855 4688 2910 4732 et
2959 4679 3232 4733 derisores
3279 4677 3640 4732 dominabun-

2047 4778 2148 4829 tur
2182 4775 2282 4829 eis.
2322 4793 2340 4826 ι
2375 4774 2508 4838 Quis
2555 4787 2686 4842 ergo
2737 4772 3040 4839 conspectis
3088 4772 3180 4835 iis,
3218 4772 3310 4840 qui
3363 4771 3505 4841 apud
3540 4770 3637 4826 Ju-

2059 4870 2206 4922 daaos
2231 4866 2562 4935 patriarchae
2600 4876 2898 4928 vocantur;
2934 4879 3041 4918 non
3079 4879 3207 4919 vere
3252 4879 3473 4934 pueros,
3527 4880 3636 4919 non

2059 4974 2320 5026 corporea
2345 4967 2578 5018 statura,
2608 4957 2701 5010 sed
2734 4957 2901 5010 animi
2938 4956 3364 5025 imperfectione,
3395 4973 3460 5011 ac
3487 4971 3643 5010 mene

2062 5051 2130 5106 tis
2178 5049 2514 5120 indigentia,
2579 5058 2872 5115 nuncupet,
2928 5050 3268 5118 reliquosque
3303 5063 3490 5103 eorum
3533 5047 3638 5102 do-

2057 5154 2274 5201 ctores,
2323 5155 2428 5194 non
2482 5141 2757 5194 derisores
2813 5142 2989 5207 dicat,
3037 5153 3091 5194 et
3128 5141 3320 5210 quales
3367 5141 3456 5193 hic
3503 5155 3636 5208 pro-

2057 5236 2218 5303 pheta
2260 5232 2568 5302 signiﬁCat?

2135 5323 2296 5378 Vens.
2338 5325 2392 5378 5.
2435 5341 2453 5375 ι
2504 5324 2570 5378 Ει
2615 5324 2787 5377 irruet
2836 5324 3084 5393 populus,
3139 5325 3299 5378 homo
3343 5322 3409 5375 ad
3455 5322 3632 5378 homi-

2060 5431 2208 5483 nem,
2239 5429 2292 5470 et
2331 5421 2493 5471 homo
2525 5417 2589 5470 ad
2623 5417 2930 5485 proximum
2967 5433 3163 5470 suum:
3214 5434 3232 5466 ι
3269 5417 3408 5483 quod
3456 5414 3637 5471 nullus

448 5585 698 5640 "Matth.
725 5584 870 5648 tv,4.
949 5582 993 5614 ¹⁸
1015 5581 1053 5635 ll
1075 5581 1203 5636 Cor.
1237 5597 1316 5646 ιιι,
1354 5579 1443 5638 15.
1523 5579 1564 5612 ¹⁹
1594 5577 1752 5634 Joan.
1782 5594 1861 5643 ιιι,
1891 5578 1945 5631 '5.
2020 5577 2068 5609 ³⁰
2087 5576 2249 5636 Joan.
2280 5591 2393 5641 xw,
2431 5578 2484 5632 6.
2563 5579 2604 5608 “
2636 5576 2856 5641 .loan..\',
2884 5579 2932 5631 7.

445 5729 521 5799 (7)
554 5728 652 5783 Hic
682 5725 1066 5799 Hieronymus,
1097 5724 1570 5799 cConsideremug
1603 5723 1944 5799 patriarchas

370 5793 713 5856 ludaiormn;
742 5807 794 5853 et
824 5793 1069 5864 iuvenes,
1105 5796 1218 5851 sive
1240 5811 1459 5865 pueros,
1499 5793 1943 5862 etleininatosque

2055 5739 2118 5778 ac
2151 5722 2362 5780 deliciis
2392 5723 2700 5794 afﬂuentes:
2733 5734 2789 5780 et
2818 5723 3091 5792 impletam
3141 5724 3478 5794 prophetiam
3510 5737 3632 5780 esse

2053 5809 2361 5852 cernemus.
2395 5815 2414 5848 Ι
