4138 6436
506 349 602 401 lli

1177 339 1443 398 EUSEBII
1480 334 1959 397 CzESARlENSIS
1997 335 2151 396 ΟΡΡ.
2192 337 2377 395 PARS
2415 336 2504 396 lll.
2547 373 2616 381 —
2654 337 3068 397 EXEGETICA.

3670 342 3773 399 ΗΞ

504 468 644 523 ordo
709 476 886 532 esset,
935 481 1108 537 neque
1169 467 1386 521 verbum
1431 464 1522 518 Dei
1563 463 1616 517 in
1684 461 1792 518 illis
1840 476 2075 517 versare-

2192 462 2321 532 μιᾶς
2353 462 2557 529 τάξεως
2582 461 2770 533 οὔσης,
2805 460 2939 533 μηδέ
2965 458 3123 530 λόγου
3160 454 3295 511 θεοῦ
3326 458 3386 511 ἐν
3411 455 3595 522 αὐτοῖς
3621 459 3771 513 πολι-

505 571 614 616 lttt‘.

580 653 745 709 Vsus.
790 651 913 706 6-8.
966 668 984 702 ι
1033 649 1166 717 Quia
1223 648 1594 719 apprehendat
1650 648 1810 702 homo
1856 646 2081 703 fratrem

505 760 663 802 suum
691 782 711 810 ,
746 753 840 799 aut
876 742 1230 797 domesticum
1277 740 1449 810 patris
1496 740 1605 804 sui,
1649 739 1857 804 dicens,
1909 738 2084 796 Vesti-

509 846 752 892 mentum
799 834 989 900 habes,
1018 834 1275 903 princeps
1300 842 1419 887 esto
1451 831 1631 896 nobis,
1664 843 1720 885 et
1752 831 1905 887 cibus
1933 847 2083 887 meus

505 930 606 984 sub
647 938 698 982 te
743 927 835 982 sit.
880 924 947 979 Et
991 925 1328 995 respondens
1373 924 1427 978 in
1482 923 1569 978 die
1617 923 1707 977 illa
1757 924 1934 981 dicet:
1965 924 2079 979 Non

505 1036 601 1076 ero
627 1019 878 1091 princeps
913 1027 1069 1081 tuus;
1113 1033 1222 1072 non
1255 1016 1400 1071 enim
1434 1016 1487 1069 in
1522 1016 1685 1071 domo
1715 1029 1832 1071 mea
1871 1027 1956 1071 est
1983 1033 2078 1087 pa-

505 1113 609 1173 nis,
655 1122 833 1179 neque
875 1107 1285 1162 vestimentum.
1317 1103 1438 1159 Non
1473 1119 1569 1160 ero
1598 1106 1851 1175 princeps
1894 1104 2078 1175 populi

503 1203 705 1273 hujus:
747 1200 874 1271 quia
902 1198 1235 1268 relinquitur
1274 1195 1599 1262 Jerusalem,
1642 1207 1697 1251 et
1734 1194 1917 1251 Jndzea
1958 1211 2080 1250 cor-

503 1297 634 1350 ruit.
684 1312 705 1348 »
754 1293 936 1362 Quare
986 1290 1040 1344 in
1092 1297 1300 1345 tantam
1345 1289 1544 1344 mentis
1584 1289 1865 1358 penuriam
1906 1297 1959 1343 et
1991 1290 2080 1344 iu-

496 1387 803 1456 digentiam
836 1392 1103 1438 venturos
1149 1380 1271 1435 illos
1312 1395 1434 1436 esse
1463 1380 1633 1447 dicit,
1683 1390 1742 1434 ut
1785 1396 1959 1450 neque
1991 1396 2079 1435 ve-

494 1478 815 1531 stimentum
878 1486 1055 1543 neque
1123 1486 1327 1542 panem
1387 1472 1647 1538 habeant,
1692 1472 1765 1525 ita
1818 1481 1876 1525 ut
1915 1471 2078 1525 vesti-

499 1577 745 1623 mentum
785 1562 1150 1633 spiritualiter
1186 1561 1360 1632 accipi
1396 1562 1589 1631 possit,
1624 1576 1721 1632 pro
1758 1561 1959 1617 decoro
1987 1576 2073 1616 οῖς

500 1669 743 1728 natoque
782 1669 1061 1723 sermone,
1091 1656 1185 1727 qui
1230 1655 1429 1709 animae
1469 1669 1656 1710 eorum
1690 1655 2076 1725 turpitudinem

488 1748 757 1817 obtegat,
792 1743 949 1812 panis
981 1754 1164 1798 autent
1218 1744 1444 1815 intelligi
1481 1744 1651 1815 possit
1688 1744 1771 1811 is,
1821 1746 1914 1815 qui
1961 1745 2077 1798 ani—

491 1854 647 1895 anam
678 1837 940 1892 enutriat.

576 1948 597 1982 ι
636 1930 699 1985 Et
737 1929 937 1999 lingua
969 1944 1156 1984 eorum
1189 1942 1312 1983 cum
1345 1928 1627 1999 iniquitate
1648 1969 1664 1994 ,
1700 1928 1935 1983 Domino
1970 1944 2078 1982 non

499 2020 986 2091 obtemperantes:
1028 2021 1289 2089 quoniam
1332 2035 1479 2075 nunc
1522 2019 1807 2074 lnuniliata
1850 2030 1937 2075 est
1966 2020 2079 2091 giu-

498 2113 579 2167 ria
623 2126 836 2167 eorum.
868 2130 898 2164 ο
929 2113 1124 2167 Annon
1169 2112 1386 2180 linguas
1424 2126 1555 2166 suas
1581 2122 1918 2167 exacuerunt
1950 2130 2081 2166 con-

502 2212 588 2256 tra
631 2202 950 2266 Dominum,
990 2202 1209 2271 quando
1249 2204 1415 2257 hasce
1465 2202 1661 2271 impias
1711 2202 1946 2258 emisere
1984 2217 2080 2257 vo-

492 2309 615 2359 ces,
651 2311 670 2346 ι
714 2291 899 2359 Tolle,
943 2293 1069 2349 tolle
1125 2309 1290 2360 eum;
1364 2303 1421 2349 et
1475 2294 1696 2364 sanguis
1742 2293 1861 2365 ejus
1917 2309 2080 2365 super

497 2401 600 2440 nos
647 2395 705 2442 et
738 2401 900 2457 super
938 2386 1082 2441 ﬁlios
1120 2397 1338 2442 nostros
1365 2386 1457 2439 "‘l
1487 2404 1506 2438 ι
1544 2384 1698 2440 Tunc
1749 2400 1937 2440 revera
1980 2383 2081 2440 lin-

496 2493 605 2549 gua
638 2493 827 2533 eorum
878 2486 935 2533 et
972 2477 1154 2532 studia
1191 2492 1408 2542 eorum,
1445 2478 1744 2532 secundum
1786 2473 2079 2546 Aquilam,

496 2581 686 2625 contra
727 2568 1016 2625 Dominum
1068 2567 1249 2633 fuere,
1300 2568 1372 2624 ad
1410 2566 1855 2625 exacerbandum
1900 2565 2077 2634 illum,

496 2663 798 2716 secundum
832 2658 1248 2731 Symmachum.

567 2756 733 2811 Vsus.
769 2753 926 2810 9-12.
955 2770 974 2805 ι
1003 2751 1070 2806 Et
1092 2752 1287 2824 linguae
1304 2765 1496 2807 eorum
1529 2750 1729 2821 iniqua:
1763 2764 1779 2804 :
1818 2765 1941 2821 qua
1977 2749 2085 2806 Do—

494 2847 630 2904 mini
695 2850 823 2901 ‘sunt
878 2858 984 2900 non
1047 2844 1296 2900 credunt.
1354 2840 1541 2911 Itaque
1597 2856 1741 2897 nunc
1795 2841 2080 2897 humiliata

485 2940 669 3010 gloria
697 2952 912 3003 eorum,
943 2945 1000 2992 et
1035 2933 1282 2992 confusio
1312 2932 1491 2988 vultus
1526 2946 1716 2987 eorum
1744 2932 1946 2986 restitit
1975 2930 2076 2986 eis.

496 3034 787 3089 Peccatum
816 3039 996 3085 autem
1030 3042 1192 3084 suum
1234 3026 1394 3098 quasi
1422 3023 1782 3080 Sodomorum
1814 3022 2082 3090 praedica-

2187 552 2501 624 τευομένου.

2261 662 2281 694 ι
2321 644 2442 697 Ὀτι
2483 643 2806 716 ἐπιλήψεται
2847 642 3134 712 ἄνθρωπος
3166 640 3261 695 τοῦ
3302 641 3533 712 ἀδελφοῦ
3581 643 3770 713 αὐτοῦ,

2184 732 2345 804 ἢτοῦ
2393 734 2595 787 οἰκείου
2642 732 2741 788 τοῦ
2797 734 3003 806 πατρὸς
3046 732 3235 797 αὑτοῦ,
3287 732 3500 803 λέγων·
3538 736 3772 808 Ἰμάτιον

2183 823 2349 894 ἔχεις,
2388 824 2630 896 ἀρχηγὸς
2663 823 2821 894 γενοῦ
2859 826 3036 897 ἡμῶν,
3082 824 3177 879 καὶ
3210 824 3271 879 τὸ
3313 825 3510 898 βρῶμα
3538 828 3599 882 τὸ
3639 830 3772 900 ἐμὸν

2183 915 2289 968 ὑπὸ
2329 915 2388 969 σὲ
2427 916 2588 970 ἔστω.
2628 918 2740 971 Καὶ
2780 919 3100 991 ἀποκριθεὶς
3140 921 3199 974 ἐν
3246 923 3313 992 τῇ
3350 920 3536 991 ἡμέρᾳ
3586 920 3771 995 ἐκείνῃ

2184 1010 2330 1081 ἐρεῖ·
2363 1008 2477 1061 Ούκ
2508 1009 2702 1080 ἔσομαί
2750 1026 2844 1063 σου
2876 1012 3149 1084 ἀρχηγός’
3190 1013 3250 1066 οὒ
3281 1012 3391 1084 γὰρ
3436 1014 3495 1067 ἐν
3529 1011 3609 1084 τῷ
3637 1015 3771 1085 οίκῳ

2184 1099 2287 1171 μοῦ
2321 1101 2466 1154 ἐστιν
2513 1101 2705 1173 ἀρτος,
2734 1102 2852 1155 οὐδὲ
2887 1104 3119 1174 ἱμάτιον.
3153 1105 3268 1159 Οὐκ
3299 1104 3492 1176 ἐσομαι
3530 1106 3771 1177 ἀρχηγὸς

2179 1191 2275 1245 τοῦ
2331 1191 2460 1246 λαοῦ
2507 1192 2732 1259 τούτου,
2780 1195 2863 1248 ὅτι
2913 1195 3123 1251 ἀνεῖται
3184 1196 3568 1268 Ἰερουσαλὴμ,
3603 1198 3697 1251 καὶ
3731 1199 3766 1269 ἠ

2192 1283 2420 1338 Ἰουδαία
2454 1283 2846 1355 συμπέπτωκε.
2890 1305 2908 1338 ι
2951 1286 3042 1339 Διδ
3079 1288 3175 1342 καὶ
3215 1289 3295 1353 είς
3329 1287 3595 1361 τοσαύτην
3626 1307 3771 1343 πτω-

2178 1376 2328 1447 χείαν
2370 1375 2582 1447 φρενῶν
2614 1377 2706 1430 καὶ
2742 1377 2946 1432 ἔνδειαν
2984 1379 3199 1434 ἐλάσειν
3244 1380 3441 1443 αὐτούς
3476 1397 3660 1451 φησιν,
3693 1382 3769 1445 ὡς

2182 1466 2315 1537 μηδὲ
2362 1466 2606 1536 ἱματίου,
2639 1468 2773 1539 μηδὲ
2826 1469 2993 1540 ἄρτου
3039 1472 3325 1543 εὐπορεῖν·
3378 1473 3593 1542 ἱματίου
3647 1473 3766 1543 μὲν,

2179 1557 2615 1628 ἐκλαμϐάνεσθαι
2654 1559 2953 1632 δυναμένου
3000 1564 3241 1634 νοητῶς,
3290 1562 3385 1616 τοῦ
3433 1564 3768 1635 εὐσχήμονος

2179 1650 2273 1701 καὶ
2299 1649 2523 1720 κοσμίου
2557 1649 2714 1719 λόγου
2746 1651 2838 1704 τοῦ
2869 1652 3236 1717 καλύπτοντος
3258 1654 3436 1707 αὐτῶν
3462 1653 3561 1723 τῆς
3589 1655 3767 1733 ψυχῆς

2164 1740 2277 1810 ’τὴν
2306 1740 2723 1813 ἀσχημοσύνηνο
2758 1741 2923 1812 ἀρτου
2952 1743 3007 1796 δὲ
3036 1736 3131 1797 τοῦ
3161 1744 3258 1815 τῆς
3284 1743 3522 1807 διανοίας
3553 1744 3771 1815 θρεπτι-

2184 1847 2281 1883 κου
2290 1870 2303 1882 .

2258 1940 2277 1972 ι
2321 1922 2431 1975 Καὶ
2476 1923 2534 1976 αἱ
2562 1922 2805 1992 γλῶσσαι
2846 1924 3027 1977 αὐτῶν
3065 1925 3203 1996 μετά
3249 1924 3497 1998 ἀνομίας,
3530 1928 3598 1981 τὰ
3632 1928 3768 1999 πρὸς

2182 2014 2384 2085 Κύριον
2421 2015 2806 2080 ἀπειθοῦντες
2850 2018 2984 2071 διότι
3027 2019 3123 2073 νῦν
3175 2018 3514 2091 ἐταπεινώθη
3565 2023 3599 2091 ἡ
3641 2021 3767 2084 δόξα

2174 2106 2381 2162 αὐτῶν.
2424 2126 2442 2159 ι
2477 2108 2554 2179 (8)
2586 2109 2658 2161 Ἦ
2697 2109 2819 2180 οὐχὶ
2843 2110 2943 2174 τὰς
2971 2111 3181 2164 ἑαυτῶν
3211 2112 3486 2184 ἠκόνησαν
3516 2112 3767 2182 γλώσσας

2182 2202 2321 2257 κατά
2352 2202 2446 2256 τοῦ
2480 2203 2710 2275 Κυρίου,
2746 2206 2983 2277 ὁπηνίκα
3011 2208 3111 2271 τὰς
3148 2207 3363 2270 ἀσεϐεῖς
3389 2208 3620 2278 ἠφίεσαν
3657 2226 3769 2277 φω-

2181 2293 2278 2356 νὰέ
2314 2293 2593 2362 λέγοντεςο
2624 2312 2643 2344 ι
2675 2290 2827 2366 Αἶρε,
2864 2290 2985 2367 αἶρε
3016 2297 3196 2351 αὐτόν·
3226 2297 3289 2351 τὺ
3312 2290 3450 2369 αἷμα
3480 2298 3644 2352 αὑτοῦ
3681 2299 3768 2368 ἐφ’

2177 2386 2328 2456 ἡμᾶς
2362 2384 2457 2438 καὶ
2489 2385 2582 2437 ἐπὶ
2608 2384 2676 2439 τὰ
2712 2385 2876 2438 τέκνα
2917 2387 3111 2458 ἡμῶνς
3153 2409 3170 2440 ι
3219 2388 3354 2442 Τότε
3382 2389 3491 2460 γὰρ
3517 2389 3590 2453 t'o;
3637 2390 3770 2459 ἀλη-

2181 2475 2290 2540 θῶς
2319 2478 2353 2547 ἡ
2388 2475 2609 2545 γλῶσσα
2657 2477 2839 2531 αὐτῶν
2883 2480 2977 2532 καί¹
3017 2479 3086 2533 τά
3116 2479 3525 2552 ἐπιτηδεύματα
3564 2481 3763 2543 αὐτῶν,

2179 2567 2323 2622 κατά
2357 2569 2449 2623 τὸν
2491 2569 2743 2634 Ἀκύλαν,
2773 2569 2917 2624 κατά
2945 2571 3039 2625 τοῦ
3084 2572 3291 2645 Κυρίου
3322 2572 3566 2643 γέγονεν,
3596 2576 3674 2638 είς
3705 2575 3769 2628 τὸ

2181 2660 2595 2731 παριπικρᾶναι
2620 2660 2800 2726 αὑτὸν,
2831 2660 2973 2715 κατά
3003 2662 3322 2734 Σύμμαχον.

2259 2766 2278 2800 ι
2320 2750 2436 2803 Καὶ
2468 2752 2521 2804 αί
2553 2750 2796 2820 γλῶσσαι
2828 2752 3009 2809 αὐτῶν
3051 2753 3189 2824 μετά
3232 2754 3482 2827 ἀνομίας,
3523 2756 3595 2810 τά
3630 2758 3765 2831 πρὸς

2180 2839 2384 2914 Κύριον
2428 2844 2799 2911 ἀπειθοῦντες.
2854 2846 3000 2901 Διότι
3032 2847 3130 2902 νῦν
3172 2849 3509 2923 ἐταπεινώθη
3557 2852 3590 2923 ὴ
3636 2851 3765 2918 δόξα

2181 2934 2379 3001 αὐτῶν,
2413 2937 2508 2989 καὶ
2537 2939 2570 3009 η
2604 2936 2834 3010 αἰσχύνη
2869 2938 3050 2993 αὐτῶν
3080 2939 3176 2994 τοῦ
3208 2940 3502 3012 προσώπου
3529 2944 3762 3016 ἀντέστη

2180 3026 2381 3089 αὐτοῖς.
2417 3026 2528 3098 Τὴν
2570 3026 2627 3080 δέ
2673 3028 2951 3100 ἁμαρτίαν
2980 3029 3162 3085 αὐτῶν
3192 3032 3269 3095 ὡς
3308 3030 3558 3103 Σοδόμων
3589 3033 3765 3105 ἀνήγ-

492 3133 626 3181 runt
666 3133 722 3180 et
768 3121 1137 3196 publicarunt.
1180 3115 1275 3174 Vae
1323 3118 1518 3174 animae
1544 3129 1756 3180 eorum,
1792 3116 1919 3186 quia
1943 3114 2075 3169 inie-

2179 3117 2363 3186 γειλαν
2420 3119 2514 3172 καὶ
2558 3119 2901 3190 ἐνεφάνισαν.
2935 3121 3071 3175 υύαὶ
3106 3124 3173 3194 τῇ
3215 3122 3359 3195 ψυχῇ
3400 3124 3599 3189 αὐτῶν,
3631 3124 3764 3179 διότι

496 3226 626 3273 runt
659 3215 944 3272 consilium
967 3211 1167 3268 malum
1231 3220 1423 3266 contra
1452 3224 1534 3275 se,
1566 3208 1843 3263 dicentes:
1868 3206 2075 3275 Allige-

496 3325 619 3365 mus
642 3310 872 3380 justum,
907 3305 1035 3376 quia
1063 3303 1271 3360 inutilis
1300 3311 1384 3359 est
1404 3300 1581 3357 nobis.
1629 3299 1818 3371 Itaque
1871 3300 2077 3355 fructus

496 3417 725 3473 operum
776 3414 1000 3456 suorum
1069 3396 1378 3453 comedent.
1426 3393 1518 3451 Va:
1546 3393 1754 3463 iniquo,
1795 3391 1939 3448 mala
1978 3407 2077 3461 pro

496 3495 755 3567 operibus
817 3507 1075 3548 manuum
1113 3488 1230 3559 ejus
1280 3488 1542 3544 evenient
1579 3484 1879 3556 ei.P0pnle
1901 3499 2074 3551 meus,

498 3597 789 3641 exactores
816 3584 981 3638 vestri
1014 3583 1297 3637 demetunt
1325 3595 1449 3646 vos,
1487 3587 1545 3634 et
1582 3578 1865 3648 exigentes
1901 3577 2078 3632 domi-

496 3687 702 3732 nantur
731 3675 905 3729 vobis.
942 3671 1153 3743 Popule
1182 3685 1355 3735 meus,
1400 3670 1493 3741 qui
1537 3669 1728 3725 beatos
1756 3682 1855 3723 vos
1876 3667 2077 3739 praedi-

495 3776 652 3831 cunt,
687 3765 961 3834 decipiunt
990 3776 1107 3828 vos,
1137 3770 1193 3817 et
1229 3761 1484 3816 semitam
1529 3759 1729 3830 pedum
1770 3768 2077 3813 vestrorum

497 3860 740 3914 turbant.
779 3876 799 3909 ι
835 3855 969 3911 Cum
993 3852 1202 3910 Iudaici
1234 3852 1417 3924 populi
1442 3849 1741 3922 principes,
1764 3847 2076 3903 Judzcorum

486 3950 638 4004 bona
671 3947 773 4002 sibi
806 3946 1065 4016 colligere
1099 3942 1299 3998 vellent
1328 3958 1423 4014 per
1442 3940 1710 4012 primitias
1733 3949 1786 3996 et
1812 3942 2074 4003 decimas,

498 4040 747 4108 aliasque
784 4050 872 4091 res
905 4035 1033 4100 sibi,
1063 4044 1246 4105 utpote
1274 4033 1614 4103 principibus
1645 4042 1701 4087 et
1733 4033 2074 4096 doctoribus,

480 4131 726 4194 ‘oblatas,
768 4144 872 4183 non
915 4127 1167 4184 sinebant
1210 4140 1306 4181 eos
1356 4125 1424 4179 ad
1477 4124 1677 4178 Christi
1712 4124 2074 4193 cognitionem

496 4224 779 4279 accedere.
804 4221 939 4276 Cum
979 4235 1113 4290 ergo
1150 4233 1315 4287 supra
1368 4225 1669 4271 memorata
1708 4216 1858 4270 lucra
1894 4217 2076 4285 exige-

491 4324 657 4381 rent,
693 4315 813 4370 idco
847 4321 1138 4385 peccantes
1164 4325 1271 4367 non
1300 4307 1711 4379 coarguebatur,
1749 4308 1841 4363 sed
1892 4306 2075 4361 omnia

492 4408 564 4462 ad
591 4407 960 4462 adulationem
1009 4405 1065 4461 in
1118 4401 1407 4471 colloquiis
1454 4409 1839 4470 temperantes,
1884 4398 2076 4452 beatos

2182 3208 2555 3279 βεϐούλευνται
2572 3209 2765 3283 βουλὴν
2782 3212 3026 3285 πονηρὰν
3055 3212 3178 3267 καθ’
3206 3215 3437 3281 ἑαυτῶν,
3472 3217 3722 3281 εἰπόντες
3745 3234 3757 3249 ’

2175 3304 2438 3375 Δήσωμεν
2466 3304 2557 3358 τὸν
2585 3304 2817 3370 δίκαιον,
2839 3308 2921 3361 ὅτι
2943 3306 3280 3381 δύσχρηστος
3303 3311 3435 3381 ἡμῖν
3462 3313 3631 3366 ἐστιν.
3650 3311 3766 3366 Τοί-

2176 3413 2273 3450 νυν
2308 3396 2379 3451 τά
2398 3397 2713 3468 γεννήματα
2748 3399 2857 3454 τῶν
2887 3397 3066 3471 ἔργων
3094 3400 3275 3454 αὐτῶν
3299 3401 3592 3471 Δφάγονται.
3625 3403 3764 3456 Οὐαὶ

2175 3487 2254 3560 τῷ
2285 3488 2493 3560 ἀνόμῳ,
2534 3464 2750 3561 πονηρὰ
2780 3464 2932 3544 κατὰ,
2952 3464 3019 3544 τὰ
3050 3491 3189 3563 ἔργα
3218 3464 3332 3547 τῶῖ
3368 3464 3568 3566 χειρῶν
3596 3494 3761 3548 αὑτοῦ

2177 3578 2518 3651 συμϐήσεται
2540 3580 2707 3653 αὐτῷ.
2739 3583 2881 3648 Δαός
2917 3599 3041 3655 μου,
3072 3585 3121 3637 οί
3149 3586 3460 3658 πράκτορες
3486 3586 3641 3659 ὑμῶν
3668 3604 3764 3641 κα-

2176 3670 2458 3743 λαμῶνται
2516 3674 2681 3745 ὑμᾶς,
2741 3676 2836 3730 καὶ
2893 3676 2942 3729 oi
3000 3676 3361 3743 ἀπαιτοῦντες
3416 3679 3764 3753 κυριεύουσιν

2179 3762 2354 3835 ὑμῶν.
2407 3765 2550 3829 Δαός
2597 3783 2720 3837 μου,
2779 3768 2827 3821 οί
2876 3768 3278 3841 μακαρίζοντες
3310 3771 3455 3842 ὑμᾶς
3484 3771 3763 3826 πλανῶσιν

2177 3855 2344 3927 ὑμᾶς,
2380 3857 2474 3911 καὶ
2506 3858 2604 3930 τὴν
2629 3858 2814 3931 τρίϐον
2845 3860 2954 3914 τῶν
2981 3861 3157 3916 ποδῶν
3189 3863 3343 3935 ὑμῶν
3389 3865 3762 3937 ἐκταράσσου-

2181 3964 2233 4002 σι
2254 3948 2351 4019 Gl).
2387 3969 2405 4001 ι
2435 3950 2756 4024 Βουλόμενοι
2794 3954 2863 4007 τὰ
2896 3954 3049 4027 παρά
3097 3956 3192 4008 τοῦ
3227 3956 3357 4011 λαοῦ
3402 3959 3657 4028 συνάγειν
3710 3962 3762 4013 oi

2176 4040 2435 4114 ἄρχοντες
2463 4043 2556 4097 τοῦ
2608 4043 2876 4100 Ἰουδαίων
2900 4047 3085 4111 ἔθνους
3112 4047 3179 4101 δι’
3200 4049 3463 4122 ἀπαρχῶν
3487 4051 3581 4105 καὶ
3597 4051 3762 4106 δεκα-

2176 4132 2307 4195 τῶν,
2329 4133 2421 4186 καὶ
2438 4133 2611 4189 ἄλλων
2629 4135 2738 4189 τῶν
2761 4136 2945 4201 αὐτοῖς
2965 4139 3041 4201 ὡς
3061 4137 3289 4210 ἄρχουσι
3312 4141 3405 4194 καὶ
3422 4140 3763 4206 διδασκάλοις

2178 4224 2658 4294 προσφερομένων,
2722 4227 2822 4279 ούκ
2883 4228 3187 4300 ἐπέτρεπον
3239 4231 3338 4303 τὴν
3392 4233 3474 4296 είς
3524 4233 3763 4305 Χριστὸν

2175 4311 2378 4381 γνῶσιν
2420 4315 2617 4381 αὐτοὺς
2661 4317 2973 4373 ἀναλαϐεῖν.
3032 4321 3416 4389 ’Λπαιτοῦντες
3464 4326 3642 4379 τοίνυν
3691 4325 3764 4380 τὰ

2178 4403 2544 4487 προλεχθέντα
2588 4406 2779 4479 κέρδη,
2810 4407 3017 4463 τούτων
3061 4411 3224 4466 ἕνεκα
3253 4413 3375 4467 ούδέ
3418 4415 3545 4480 τοὺς
3579 4415 3763 4487 ἀμαρ-

477 4512 592 4555 -eos
616 4497 1022 4568 praedicabant;
1054 4504 1114 4552 et
1137 4510 1168 4550 a
1193 4502 1341 4549 recta
1370 4492 1456 4546 via
1484 4491 1552 4547 ad
1581 4490 1827 4546 salutare
1847 4489 2071 4544 verbum

2178 4492 2436 4562 τὰνοντας
2483 4498 2744 4571 ἤλεγχονο
2799 4502 2978 4556 πάντα
3028 4502 3085 4556 δέ
3132 4504 3270 4577 πρὸς
3316 4506 3604 4562 κολακείαν
3635 4509 3763 4579 όμι-

495 4591 735 4645 ducente
782 4597 1116 4653 avertentes,
1161 4601 1386 4658 gressus
1433 4586 1629 4640 animae
1648 4601 1845 4640 eorum
1885 4583 2072 4637 devia-

480 4682 651 4738 bant.

562 4863 726 4920 Vsus.
755 4861 941 4918 ιδ-ιι.
976 4879 995 4914 ι
1030 4861 1136 4918 Sed
1158 4875 1302 4916 nunc
1327 4862 1688 4918 constituetur
1709 4857 2068 4928 injudicium,

490 4958 651 5013 sistet
682 4958 736 5010 iu
773 4954 1032 5022 judicium
1084 4952 1336 5022 populum
1382 4968 1585 5007 suum:
1642 4952 1759 5022 ipse
1810 4950 2070 5007 Dominus

478 5051 544 5106 lin
569 5048 838 5121 judicium
869 5050 1050 5102 veniet
1091 5061 1214 5102 cum
1268 5044 1582 5101 senioribus
1624 5044 1805 5114 populi
1853 5055 1908 5100 et
1946 5060 2069 5100 cum

486 5141 829 5213 principibus
884 5140 1020 5211 cjus.
1046 5157 1077 5193 ι»
1113 5139 1418 5193 Admodum
1464 5146 1876 5204 consentanea,
1917 5146 2071 5206 post-

470 5252 645 5307 quam
673 5235 908 5307 primum
939 5231 1245 5289 Salvatoris
1280 5232 1577 5285 adventum
1633 5243 1697 5284 ac
1758 5228 2066 5300 principum

483 5327 666 5400 populi
694 5325 1036 5385 eversionem
1050 5323 1379 5378 vaticinatus
1405 5330 1526 5389 est,
1559 5323 1781 5377 secundi
1802 5322 2066 5376 adventus

470 5423 601 5492 ejus
620 5421 866 5477 notitiam
889 5418 1054 5474 tradit
1070 5416 1156 5472 his
1180 5414 1394 5470 verbis:
1423 5431 1441 5464 ι
1466 5413 1584 5482 Ipse
1600 5412 1861 5469 Dominus
1882 5415 2066 5471 veniet

544 5540 600 5573 "
626 5538 788 5595 Joan.
818 5554 935 5607 ιιι,
971 5537 1059 5593 l5.
1091 5526 1290 5591 Matth;
1326 5548 1498 5603 ιινιι,
1524 5534 1621 5600 25,

444 5616 469 5663 ,ι
557 5655 632 5798 (8;
666 5655 800 5711 Hinc
822 5666 1037 5724 quoque
1072 5650 1443 5774 hieronymus
1473 5657 1721 5723 quaedam
1746 5660 2047 5729 excerpsit.

555 5727 609 5795 (9
674 5725 799 5780 Haec
847 5728 919 5779 ita
964 5730 1222 5798 exprimat
1260 5721 1291 5775 ι
1318 5738 1671 5798 rerorrymus:
1723 5746 1742 5780 ι
1782 5727 2047 5798 Loquitur

555 5721 631 5798 (9)
674 5725 799 5780 "ire
840 5721 919 5779 ita
952 5721 1222 5804 'expritttit
1260 5721 1671 5804 Hieronymus:
1723 5746 1742 5780 ι
1782 5721 2052 5804 Loquitur

484 5795 665 5853 autem
700 5810 877 5853 sermo
906 5795 1254 5860 propheticus
1286 5802 1476 5851 contra
1504 5796 1726 5855 Scribas
1771 5810 1828 5857 et
1866 5795 2050 5857 Phari-

2178 4586 2417 4654 λοῦντες,
2452 4591 2787 4662 ἐμακάριζον
2819 4593 3018 4659 αὐτούς
3041 4613 3056 4626 ·
3106 4599 3201 4651 καὶ
3231 4598 3634 4672 ἀποτρέποντες
3660 4602 3762 4672 τῆς

2177 4679 2574 4763 εὐθείαςὶόδοῦ,
2603 4683 2705 4754 τῆς
2733 4685 2975 4759 ἀγούσης
3018 4689 3113 4743 ἐπὶ
3155 4689 3246 4745 τὸν
3280 4692 3546 4764 σωτήριον
3582 4693 3761 4762 λόγον,

2174 4772 2490 4847 διέστρεφον
2515 4776 2694 4831 αὐτῶν
2727 4779 2794 4834 τά
2832 4781 2931 4853 τῆς
2958 4780 3137 4853 ψυχῆς
3172 4783 3413 4856 βήματα.

2254 4886 2273 4919 ι
2329 4866 2488 4921 Ἀλλά
2526 4868 2621 4924 νῦν
2648 4873 3052 4944 καταστήσεται
3081 4876 3162 4938 είς
3208 4876 3411 4947 κρίσιν,
3445 4876 3542 4930 καὶ
3573 4877 3762 4949 στήσει

2185 4958 2267 5022 είς
2308 4958 2489 5030 κρίσιν
2521 4960 2611 5015 τὸν
2642 4961 2769 5017 λαὸν
2801 4963 2999 5018 αὐτοῦ·
3033 4965 3197 5028 αὐτὸς
3226 4968 3431 5042 Κύριος
3456 4970 3538 5032 είς
3580 4968 3764 5040 κρίσιν

2175 5048 2296 5119 ἥξει
2331 5050 2469 5121 μετά
2500 5052 2610 5108 τῶν
2659 5054 3046 5129 πρεσϐυτέρων
3073 5056 3165 5110 τοῦ
3198 5056 3331 5112 λαοῦ
3361 5059 3453 5114 καὶ
3485 5061 3622 5131 μετά
3653 5060 3764 5114 τῶν

2176 5142 2451 5213 ἀρχόντων
2479 5145 2668 5200 αὐτοῦ.
2700 5165 2719 5197 ι
2745 5146 2957 5220 Σφόδρα
2984 5148 3043 5202 δὲ
3069 5148 3380 5215 ἀκολούθως
3406 5151 3507 5224 τὴν
3540 5150 3765 5223 πρώτην

2173 5232 2270 5287 τοῦ
2302 5234 2552 5308 Σωτῆρος
2578 5239 2884 5307 παρουσίαν
2929 5239 3214 5306 θεσπίσας,
3245 5241 3344 5296 καὶ
3384 5241 3483 5314 τὴν
3511 5243 3619 5296 τῶν
3663 5244 3765 5314 ἀρ-

2174 5325 2376 5396 χόντων
2408 5328 2501 5381 τοῦ
2532 5328 2661 5383 λαοῦ
2704 5329 3054 5405 διαστροφὴν,
3079 5333 3195 5405 ⁵τῆς
3237 5333 3493 5407 δευτέρας
3524 5333 3763 5403 ἀφίξεως

2173 5418 2342 5473 αὐτοῦ
2372 5421 2707 5493 παραδίδωσι
2732 5423 2833 5496 τὴν
2859 5423 3086 5495 γνῶσιν,
3113 5424 3308 5496 λέγων·
3336 5426 3540 5491 (Δὺτδς
3557 5427 3763 5497 Κύριος

2162 5678 2321 5727 satis,
2377 5664 2469 5734 qni
2524 5666 2704 5737 turpis
2753 5666 2888 5723 lucri
2918 5666 3117 5737 gratia,
3166 5675 3228 5722 ut
3272 5665 3584 5737 acciperent
3618 5664 3760 5720 ιιιιεί-

2163 5752 2301 5801 mas,
2333 5754 2353 5790 ι
2385 5750 2518 5807 etc.,
2555 5736 2646 5795 ubi
2672 5739 2806 5796 item
2835 5736 2954 5810 qua:
2984 5736 3627 5808 subsequunturlegcsis.
