4138 6408
374 402 471 456 H5

1323 389 1837 447 COMMENTARIA
1880 389 1944 443 IN
1986 389 2239 445 lSAlAM.
2281 422 2346 431 —
2386 390 2538 447 CAP.
2582 390 2671 449 IV.

3548 401 3645 457 ιιι

367 522 485 591 ἣξει
507 522 585 583 εἰς
613 516 815 589 κρίσιν.
844 534 860 567 ι
885 514 978 567 καὶ
1010 512 1075 565 τὰ
1094 510 1236 581 ἑξῆς.
1272 531 1284 561 ι
1311 510 1499 581 Ὑμεῖς
1527 511 1581 563 δὲ
1606 508 1957 580 ἐνεπυρίσατε

2068 508 2120 562 in
2175 508 2461 577 judicium,
2504 530 2521 563 ›
2550 520 2656 564 etc.
2693 531 2710 561 ‹
2747 509 2853 565 Vos
2880 523 3061 568 autem
3087 514 3407 573 incendistis
3434 520 3644 577 vincam

366 613 457 665 τὸν
483 608 781 680 ἀμπελῶνά
831 624 954 676 μου,
1017 604 1112 656 καὶ
1154 602 1377 672 ἁρπαγὴ
1402 600 1495 653 τοῦ
1518 599 1734 670 πτωχοῦ
1759 602 1816 651 ὲν
1848 600 1959 660 τοῖς

367 706 536 763 οἴκοις
570 700 744 770 ὑμῶν.
776 718 793 749 ι
834 696 940 758 οὓς
973 695 1047 757 ὡς
1081 694 1468 764 παραστάντας
1494 692 1588 761 ⁸τῷ
1616 691 1710 743 τοῦ
1754 690 1956 760 Κυρίου

370 793 576 863 βήματι
631 789 1073 858 καταμέμφεται,
1136 786 1231 838 καὶ
1285 786 1363 846 εἰς
1416 784 1708 854 πρόσωπον
1762 782 1959 844 αὐτοὺς

370 884 692 954 ἁπελέγχει·
742 883 867 935 λαὸν
904 881 959 933 δὲ
1002 879 1165 932 αὑτοῦ
1204 877 1486 941 ἀποκαλεῖ,
1534 878 1625 929 καὶ
1666 876 1960 946 ἀμπελῶνα

370 974 537 1027 αὐτοῦ
571 972 1071 1045 ὲμπεπυρισμένον,
1105 973 1231 1035 τοὺς
1271 970 1412 1025 κατὰ
1464 970 1821 1040 συναρπαγὴν
1865 968 1958 1020 καὶ

368 1067 702 1139 διαστροφὴν
734 1068 843 1121 τῶν
876 1065 1211 1119 διδασκάλων
1254 1065 1662 1136 ἠπατημένους,
1698 1063 1791 1126 οὓς
1826 1064 1958 1116 ἀνα-

371 1160 704 1231 καλούμενος
731 1160 826 1212 καὶ
868 1158 1003 1230 πρὸς
1030 1158 1219 1211 ἑαυτὸν
1264 1157 1628 1227 ἐπιστρέφων,
1662 1154 1960 1227 ἀποτρέπει

370 1251 470 1321 τῆς
500 1251 609 1303 τῶν
638 1250 1041 1321 προλεχΘέντ-ων
1071 1247 1394 1318 διαστρόφου
1422 1245 1789 1307 διδασκαλίας.

451 1362 469 1393 ι
510 1342 575 1393 Τί
605 1343 763 1412 ὑμεῖς
810 1341 1046 1393 ἀδικεῖτε
1087 1338 1179 1391 τὸν
1226 1339 1355 1391 λαόν
1392 1356 1517 1409 μου,
1572 1338 1664 1389 καὶ
1702 1337 1762 1389 τὸ
1796 1336 1963 1409 πρόσ-

372 1449 523 1485 ωπον
558 1432 662 1485 τῶν
710 1431 943 1502 πτωχῶν
972 1431 1393 1500 καταισχύνετε;
1432 1449 1449 1480 ι
1490 1428 1649 1491 Ἔθος
1682 1431 1796 1491 τοῖς
1839 1427 1960 1481 ἀδι-

375 1523 534 1577 κοῦσι
585 1525 677 1577 καὶ
714 1523 1131 1593 ἀποστεροῦσιν,
1170 1522 1389 1575 ἐπειδάν
1427 1520 1782 1589 ὲγκαλοῦνται
1812 1521 1963 1591 παρὰ

372 1613 481 1665 τῶν
514 1613 877 1684 ἠδικημένων,
914 1612 1101 1683 ὕϐρεσι
1136 1614 1229 1665 καὶ
1263 1612 1553 1683 λοιδορίαις
1581 1610 1964 1679 καταισχύνειν

374 1705 440 1756 αὑ
450 1706 590 1769 τοὺς,
613 1704 1039 1771 ἐξευτελίζοντες
1056 1706 1147 1757 καὶ
1169 1704 1382 1773 πληγὰς
1399 1702 1770 1766 ἀπειλοῦντες.
1794 1702 1964 1755 Τοῦτο

372 1794 466 1850 οὖν
504 1814 657 1868 φησι,
707 1798 817 1867 Τὴν
861 1798 990 1867 ὑμῖν
1042 1794 1426 1869 προσήκουσαν
1477 1796 1542 1847 ἐκ
1592 1794 1691 1865 τῆς
1750 1796 1963 1858 ἀδικίας

2065 616 2266 667 meam,
2302 613 2356 656 et
2420 604 2609 670 rapina
2663 605 2917 673 pauperis
2968 606 3021 659 in
3074 608 3324 664 domibus
3372 613 3588 666 vestris.
3622 633 3643 666 ι

2070 691 2217 758 Quos
2275 703 2333 746 ut
2394 694 2649 749 tribunali
2709 697 2917 751 Domini
2972 708 3223 755 astantes
3272 700 3539 772 objurgat,
3593 714 3648 760 et.

2065 787 2211 855 ipsos
2266 801 2447 839 coram
2515 789 2783 856 coarguit.
2839 790 3098 859 Populum
3158 803 3337 848 autem
3385 810 3539 849 suum
3593 810 3647 853 et

2064 878 2280 931 vineam
2320 894 2472 931 suam
2514 878 2801 933 incensam
2832 894 2986 936 vocat
3017 898 3130 946 eos,
3161 885 3251 953 qui
3282 901 3347 939 cx
3380 889 3562 956 rapina
3594 900 3649 943 et

2065 969 2426 1038 perversitate
2464 970 2743 1024 doctorum
2788 971 2997 1042 decepti
3041 984 3167 1028 sunt
3198 990 3211 1027 :
3239 991 3375 1045 quos
3413 993 3647 1033 evocans

2064 1071 2114 1116 et
2138 1062 2204 1115 ad
2236 1076 2297 1117 se
2334 1064 2637 1127 reducens,
2672 1078 2699 1115 a
2735 1078 2993 1133 perversa
3019 1080 3439 1123 memoratarum
3470 1072 3646 1125 homi-

2067 1169 2196 1207 num
2229 1153 2474 1208 doctrina
2506 1153 2727 1207 avertit.

2146 1334 2434 1391 Vens.15.
2489 1354 2507 1386 ‹
2546 1335 2683 1401 Quid
2731 1352 2826 1391 vos
2880 1337 3075 1405 injuria
3132 1341 3341 1397 aﬂicitis
3395 1344 3648 1414 pepulum

2067 1441 2267 1488 meum,
2286 1438 2340 1481 et
2362 1428 2565 1481 vultum
2585 1444 2879 1498 pauperum
2897 1431 3314 1487 confunditis?»
3340 1434 3452 1490 Mos
3475 1448 3556 1491 est
3583 1440 3649 1493 iis

2070 1524 2161 1591 qui
2195 1522 2448 1589 injuriam
2491 1523 2729 1577 inferunt
2770 1535 2823 1579 et
2855 1526 3151 1596 abripiunt,
3186 1537 3242 1581 ut
3283 1545 3402 1584 cum
3436 1547 3464 1584 a
3508 1533 3650 1589 lmsis

2069 1615 2501 1683 expostulantur,
2551 1617 2895 1671 contumeliis
2939 1627 2991 1671 et
3030 1621 3291 1674 conviciis
3344 1623 3485 1691 ipsos
3514 1640 3650 1678 cou-

2068 1705 2348 1767 l‘undaut,
2410 1706 2805 1773 vilipendentes
2869 1722 2932 1760 ac
2993 1708 3180 1778 plagas
3230 1714 3649 1767 comminantes.

2070 1795 2183 1850 lloc
2213 1797 2385 1867 igitur
2422 1798 2526 1862 ait,
2571 1798 2969 1867 Congruentem
3003 1802 3156 1855 vobis
3183 1818 3245 1855 ex
3279 1803 3423 1857 illata
3456 1805 3649 1875 injuria

370 1891 633 1961 αἰσχύνην
665 1892 892 1961 ταύτην,
928 1893 992 1944 ἐκ
1016 1892 1116 1962 τῆς
1149 1890 1466 1963 τυραννίδος
1496 1890 1651 1960 ὑμῶν
1676 1892 1789 1953 τοῖς
1818 1908 1957 1943 πτω-

2068 1890 2355 1957 pudorem,
2388 1890 2673 1960 tyrannica
2722 1890 2771 1943 vi
2801 1900 3036 1957 utentes,
3080 1892 3134 1946 in
3166 1908 3433 1963 pauperes
3471 1896 3654 1950 refun-

371 1990 485 2058 χοίς
528 1986 909 2058 περιτρέπετε.

449 2098 468 2129 ι
502 2079 641 2132 Τάδε
670 2078 816 2147 λέγει
855 2077 1083 2149 Κύριος·
1123 2070 1353 2129 Ἀνθ’ῶν
1383 2074 1675 2146 ύψῶθησαν
1710 2074 1766 2128 αἱ
1798 2074 1962 2143 θυγα-

369 2168 527 2239 τέρες
564 2169 722 2232 Σιὼν,
768 2168 863 2221 καὶ
894 2164 1271 2239 ἐπορεύθησαν
1316 2164 1507 2235 ὑψηλῷ
1552 2165 1831 2237 τραχήλῳ,
1868 2165 1963 2218 καὶ

369 2264 431 2315 ὲν
473 2261 735 2332 νεύμασιν
778 2260 1089 2330 ὀφθαλμῶν,
1128 2261 1223 2313 καὶ
1266 2261 1334 2329 τῇ
1378 2259 1577 2331 πορείᾳ
1620 2258 1727 2311 τῶν
1767 2257 1960 2323 ποδῶν,

374 2356 491 2425 ἅμα
540 2354 801 2425 σύρουσαι
854 2356 979 2417 τοὺς
1026 2353 1284 2424 χιτῶνας,
1332 2352 1427 2405 καὶ
1468 2355 1580 2414 τοῖς
1634 2352 1792 2404 ποσὶν
1847 2350 1963 2421 ἅμα

375 2451 699 2515 παίζουσαι·
735 2452 827 2503 καὶ
871 2450 1199 2505 ταπεινώσει
1232 2448 1438 2520 Κύριος
1470 2449 1498 2500 ό
1532 2447 1664 2510 Θεὸς
1689 2445 1963 2518 ἀρχούσας

374 2542 683 2613 θυγατέρας
721 2540 879 2603 Σιὼν,
912 2544 1005 2595 καὶ
1042 2542 1247 2613 Κύριος
1286 2538 1630 2608 ἀποκαλύψει
1672 2538 1734 2591 τὸ
1776 2539 1964 2609 σχῆμα

374 2635 573 2689 αὐτῶν.
610 2653 627 2685 ι
669 2633 901 2687 Δύναται
929 2634 983 2686 δὲ
1017 2632 1190 2686 ταῦτα
1221 2634 1295 2705 μὴ
1327 2634 1455 2703 περὶ
1483 2631 1661 2703 μόνων
1683 2630 1961 2700 γυναικῶν

372 2726 647 2797 λέγεσθαι,
678 2724 814 2779 ἀλλά
860 2727 952 2779 καὶ
992 2727 1120 2797 περὶ
1148 2725 1333 2797 ψυχῶν
1368 2724 1582 2796 χαύνων
1613 2726 1707 2779 καὶ
1733 2724 1962 2796 τεθηλυ-

376 2820 573 2890 μένων.

916 2909 1217 2963 ΚΕΦΑΛΑΙ
1225 2909 1316 2961 ΟΝ
1351 2912 1422 2963 Δθ.

450 3024 467 3059 ι
505 3006 615 3059 Καὶ
658 3004 1017 3076 ἐπιλήψονται
1052 3004 1190 3057 ἑπτὰ
1230 3006 1487 3071 γυναῖκες
1517 3002 1806 3073 ἀνθρώπου
1844 3002 1964 3066 ἐνὸς

370 3096 647 3168 λέγουσαι*
675 3098 778 3151 Τὸν
817 3098 981 3169 ἄρτον
1011 3096 1166 3168 ήμῶν
1206 3096 1515 3168 φαγόμεθα,
1545 3096 1640 3150 καὶ
1664 3096 1733 3149 τὰ
1769 3096 1963 3167 ἱμάτια

370 3191 527 3261 ήμῶν
560 3189 1023 3262 περιϐαλούμεθα·
1066 3189 1203 3262 πλὴν
1229 3191 1290 3244 τὸ
1332 3192 1503 3262 δνομα
1535 3189 1596 3244 τὸ
1641 3190 1732 3243 σὺν
1760 3190 1960 3261 κεκλή-

370 3282 486 3335 σθω
518 3281 601 3350 ὲιρ’
630 3282 797 3351 ἡμᾶς.
829 3298 847 3332 ι
882 3279 975 3351 Μὴ
1008 3279 1118 3351 γὰρ
1143 3280 1312 3334 ἐνδεῖν
1332 3298 1384 3333 τι
1410 3280 1602 3343 αὐταῖς
1644 3279 1678 3349 ἢ
1714 3279 1872 3349 μόνον
1898 3280 1961 3332 τὸ

368 3372 537 3427 αὐτοῦ
579 3373 771 3443 ὄνομα,
814 3371 908 3425 κα)⁵
942 3372 1117 3427 δοκεῖν
1156 3373 1301 3444 ἔχειν
1342 3374 1436 3427 τὸν
1485 3371 1823 3444 προεστῶτα.
1872 3374 1963 3427 Διὸ

368 3463 447 3525 ὡς
472 3464 609 3534 πρὸς
649 3463 875 3515 σπάνιόν
907 3480 1031 3517 τινα
1070 3464 1281 3529 τοῦτον,
1313 3464 1422 3518 τῶν
1456 3463 1668 3517 πολλῶν
1697 3464 1963 3518 ἀπολωλό-

368 3572 499 3621 των,
525 3555 657 3623 φασὶ
693 3554 829 3627 πρὸς
858 3554 1050 3609 αὐτόν·
1086 3574 1105 3607 ι
1151 3556 1297 3627 Πλὴν
1344 3557 1404 3610 τὸ
1434 3556 1606 3628 ὄνομα
1649 3574 1742 3610 σου
1773 3556 1962 3629 κεκλή-

373 3644 485 3697 σθω
519 3647 603 3714 ἐφ’
636 3647 806 3717 ἡμᾶς,
844 3666 863 3699 ι
913 3646 1007 3701 καὶ
1047 3646 1114 3700 τὰ
1141 3646 1289 3718 ἑξῆς.

446 3849 463 3881 ι
508 3831 585 3901 Τῇ
619 3830 674 3883 δὲ
707 3831 893 3903 ἡμέρᾳ
918 3831 1103 3904 ἐκείνῃ
1130 3830 1427 3901 ἐπιλάμψει
1472 3833 1499 3883 ὀ
1536 3831 1666 3894 Θεὸς
1707 3832 1765 3883 ὲν
1797 3830 1957 3901 βουλῇ

374 3918 513 3989 μετά
533 3920 692 3991 δόξης
726 3922 817 3973 ἐπὶ
846 3924 944 3992 τῆς
972 3921 1093 3990 γῆς,
1129 3920 1224 3973 τοῦ
1262 3920 1478 3988 ὑψῶσαι
1507 3922 1600 3972 καὶ
1628 3920 1848 3986 δοξάσαι
1894 3921 1959 3972 τὸ

370 4010 732 4078 καταλειφθὲν
766 4009 858 4063 τοῦ
913 4009 1152 4081 Ἰσραήλ.
1212 4011 1324 4062 Καὶ
1359 4010 1513 4062 ἔσται
1549 4010 1608 4063 τὸ
1639 4009 1958 4078 ὑπολειφθὲν

370 4102 429 4152 ἐν
463 4100 622 4165 Σιὼν,
650 4100 744 4153 καὶ
766 4099 827 4152 τὸ
855 4098 1211 4167 καταλειφθὲν
1247 4101 1303 4152 ἐν
1347 4099 1723 4173 Ἰερουσαλὴμ,
1754 4101 1802 4155 οἳ
1836 4099 1960 4173 κλη-

366 4191 625 4264 θήσονται
667 4195 885 4257 πάντες,
930 4194 978 4245 οἱ
1008 4192 1310 4264 γραφέντες
1355 4195 1436 4257 είς
1474 4194 1617 4265 ζωήν
1659 4196 1717 4247 ὲν
1770 4196 1957 4267 Ἰερου-

368 4286 574 4356 σαλήμ.
610 4304 628 4337 ι
663 4287 773 4339 Καὶ
800 4286 945 4339 ἔστιν
970 4285 1114 4356 ἔργῳ
1140 4286 1475 4358 παραλαϐεῖν
1497 4288 1645 4352 ὅπως
1678 4290 1724 4341 οἱ
1751 4288 1955 4359 πρῶτοι

363 4381 430 4433 ἐκ
454 4376 548 4431 τοῦ
588 4378 805 4450 Ἰσραὴλ
843 4382 922 4443 εἰς
956 4380 1048 4433 τὸν
1082 4380 1317 4453 Χριστὸν
1352 4380 1797 4445 πεπιστευκότες,
1828 4382 1957 4434 ἀπό-

366 4472 563 4534 στολοι,
596 4472 690 4524 καὶ
719 4471 979 4543 μαθηταὶ,
1006 4473 1101 4527 καὶ
1140 4473 1527 4543 εῦαγγελισταὶ
1556 4471 1649 4525 τοῦ
1678 4473 1952 4545 Σωτῆρος,

2071 1980 2221 2033 ditis.

2142 2074 2304 2126 Vana.
2354 2072 2536 2137 16,17.
2572 2092 2591 2124 ι
2629 2072 2754 2130 llaec
2782 2074 2912 2129 dicit
2937 2076 3195 2131 Dominus
3238 2096 3250 2131 :
3280 2076 3388 2132 Pro
3417 2094 3482 2132 eo
3510 2082 3651 2148 quod

2067 2164 2295 2218 elevata:
2351 2174 2477 2219 sunt
2522 2164 2646 2221 ﬁlim
2689 2165 2851 2233 Sion,
2901 2179 2956 2222 et
3006 2168 3422 2225 ambulaverunt
3468 2182 3653 2226 erecto

2067 2255 2229 2319 collo,
2258 2265 2312 2310 et
2340 2256 2562 2311 nutibus
2596 2257 2902 2323 oculorum,
2939 2270 2993 2315 et
3031 2275 3218 2329 gressu
3263 2262 3458 2331 pedum
3489 2263 3652 2317 simul

2071 2349 2349 2401 trahentes
2393 2347 2627 2413 tunicas,
2673 2355 2728 2401 et
2780 2349 3010 2418 pedibus
3056 2351 3219 2404 simul
3264 2351 3510 2407 ludentes
3551 2362 3652 2408 :et

2073 2439 2384 2494 lmmiliabit
2460 2440 2728 2494 Dominus
2790 2442 2935 2497 Deus
2998 2442 3362 2513 principatum
3427 2455 3649 2515 agentes

2068 2531 2207 2585 ﬁlias
2245 2531 2398 2597 Sion,
2440 2542 2494 2587 et
2534 2533 2792 2588 Dominus
2821 2534 3080 2588 revelabit
3112 2537 3353 2590 habitum
3385 2551 3593 2593 earum.
3623 2559 3643 2592 ι

2072 2624 2307 2679 Possunt
2360 2626 2473 2681 liaéc
2529 2641 2634 2681 non
2667 2626 2734 2682 de
2776 2628 3095 2683 mulieribus
3149 2638 3376 2694 tantum,
3437 2633 3528 2686 sed
3583 2634 3651 2687 de

2069 2718 2323 2773 mollibus
2376 2719 2539 2773 etiam
2600 2729 2657 2774 et
2747 2720 3076 2777 effeminatis
3141 2724 3427 2782 animabus
3504 2726 3648 2780 dicta

2067 2808 2254 2866 fuisse.

2671 2904 2903 2960 CAPUT
2951 2906 3042 2961 IV.

2140 2994 2306 3053 Vsus.
2362 2996 2415 3050 1.
2474 3015 2493 3049 ι
2546 2996 2607 3052 Et
2669 2999 3082 3068 apprehendent
3131 3010 3337 3071 septem
3392 3002 3651 3057 mulieres

2067 3088 2340 3144 hominem
2393 3105 2582 3157 unum,
2640 3090 2906 3158 dicentes,
2954 3091 3154 3147 Panem
3212 3104 3455 3149 nostrum
3498 3111 3653 3149 ruan-

2066 3184 2434 3249 ducabimus,
2504 3194 2560 3239 et
2616 3185 2962 3242 vestimentis
3036 3189 3237 3243 nostris
3292 3191 3648 3258 operiemur:

2066 3286 2322 3331 cteterum
2362 3293 2557 3330 nomen
2598 3286 2747 3330 tuum
2801 3289 3027 3333 vocetur
3075 3296 3240 3351 super
3295 3298 3414 3337 nos.
3456 3302 3475 3335 ι
3508 3284 3649 3340 Nihil

2064 3369 2208 3425 enim
2251 3369 2403 3423 aiunt
2443 3370 2631 3425 deesse
2682 3369 2810 3434 sibi,
2851 3370 2952 3424 nisi
3000 3387 3194 3427 nomen
3243 3372 3362 3442 ejus
3410 3384 3649 3431 tanturn-

2064 3460 2242 3524 modo,
2281 3469 2340 3515 et
2392 3468 2451 3514 ut
2502 3470 2791 3529 patronum
2846 3461 3049 3517 habere
3090 3466 3401 3522 videantur.
3446 3470 3652 3536 Quam-

2062 3551 2250 3606 obrern
2290 3566 2436 3615 eum,
2475 3560 2665 3620 utpote
2702 3553 2819 3623 qui,
2857 3553 3038 3608 multis
3068 3556 3117 3609 in
3158 3559 3452 3626 perniciem
3485 3561 3647 3628 datis,

2061 3657 2320 3712 perrarus
2353 3642 2425 3696 sit
2458 3642 2702 3707 relictus,
2761 3645 2841 3699 sic
2895 3645 3265 3716 alloquuntur,
3318 3669 3338 3702 ι
3380 3651 3646 3708 Caeterum

2062 3749 2261 3789 nomen
2293 3743 2441 3787 tuum
2474 3743 2698 3788 νοεειιιῐ·
2727 3748 2891 3802 super
2921 3750 3038 3799 nos,
3080 3756 3099 3789 ι
3130 3748 3183 3793 et
3214 3750 3433 3796 caetera.

2130 3828 2295 3883 Vens.
2326 3826 2384 3891 2,
2414 3828 2466 3880 5.
2507 3846 2524 3877 ι
2559 3827 2612 3881 1η
2644 3826 2729 3879 die
2755 3827 2843 3880 illa
2886 3829 3124 3885 illucebit
3152 3834 3290 3887 Deus
3319 3834 3370 3887 in
3417 3836 3650 3892 consilio

2059 3934 2183 3973 cum
2216 3918 2386 3988 gloria
2424 3934 2589 3990 super
2620 3928 2846 3986 terram,
2876 3923 2941 3976 ad
2967 3923 3323 3980 exaltandum
3349 3936 3404 3982 et
3440 3928 3647 3998 glorili-

2058 4013 2291 4067 candum
2354 4012 2498 4082 quod
2562 4013 2882 4069 derelictum
2939 4024 3024 4069 est
3079 4031 3147 4071 ex
3208 4015 3393 4073 Israel.
3438 4019 3504 4074 Et
3541 4021 3648 4075 erit

2058 4107 2202 4177 quod
2237 4106 2488 4161 relictum
2513 4120 2597 4161 est
2628 4109 2681 4161 in
2714 4109 2867 4176 Sion,
2914 4121 2969 4164 et
3014 4114 3157 4180 quod
3200 4113 3445 4167 relictum
3476 4114 3526 4166 iu
3555 4112 3645 4167 Je-

2059 4199 2319 4261 rusalem,
2352 4200 2444 4268 qui
2480 4201 2825 4255 vocabuntur
2846 4216 3060 4267 omnes,
3098 4204 3186 4273 qui
3218 4205 3406 4274 scripti
3436 4212 3561 4259 sunt
3588 4205 3639 4259 in

2057 4290 2165 4343 vita
2200 4289 2253 4343 in
2297 4289 2625 4345 Jerusalem.
2660 4309 2681 4345 ι
2727 4291 2881 4346 Licet
2912 4304 3088 4346 autem
3137 4294 3254 4362 ipso
3298 4309 3462 4363 opere
3517 4310 3643 4363 per-

2057 4382 2292 4452 spicere,
2354 4384 2625 4451 quomodo
2675 4384 2834 4452 primi
2880 4398 2944 4437 ex
2980 4382 3205 4448 Israele,
3233 4386 3321 4453 qui
3379 4387 3430 4438 in
3486 4387 3644 4439 Chri-

2057 4487 2199 4530 Stum
2231 4474 2601 4540 crediderunt,
2630 4475 2883 4543 apostoli,
2917 4476 3167 4545 discipuli
3203 4488 3257 4531 et
3287 4478 3643 4541 evangelista:

365 4562 661 4634 ὐψώθησαν
710 4564 802 4617 καὶ
834 4562 1222 4635 ὲδοξάσθησαν,
1275 4563 1351 4627 ὡς
1386 4563 1663 4635 πανταχοῦ
1711 4564 1813 4634 γῆς
1859 4566 1953 4617 καὶ

2062 4565 2387 4631 Servatoris,
2447 4567 2670 4621 exaltati
2710 4577 2766 4622 et
2804 4567 2975 4635 gloria
3017 4568 3196 4624 allecti
3249 4570 3358 4623 siut
3386 4612 3400 4635 ,
3462 4571 3534 4625 ita
3584 4580 3642 4624 ut

366 4655 489 4708 καθ’
518 4654 646 4725 ὅλης
671 4654 766 4725 τῆς
792 4655 1119 4727 οἰκουμένης
1141 4658 1427 4725 ἐπιφανεῖς
1458 4655 1658 4718 αὐτοὺς
1677 4655 1948 4722 γενέσθαι·

366 4748 461 4799 καὶ
492 4746 658 4800 εἰσέτι
693 4746 787 4799 καὶ
818 4746 913 4799 νῦν
948 4747 1098 4818 παρά
1133 4749 1265 4800 πᾶσι
1291 4750 1410 4811 ’τοῖς
1439 4745 1675 4807 ἔθνεσιν,
1728 4746 1954 4817 Ἕλλησί

363 4856 423 4891 τε
455 4839 549 4893 καὶ
582 4837 899 4911 βαρϐάροις,
922 4838 1242 4903 δοξάζεσθαι
1269 4839 1449 4893 αὐτῶν
1474 4840 1568 4893 καὶ
1590 4838 1828 4911 τοῦνομα
1860 4841 1955 4893 καὶ

361 4931 459 5002 τὴν
488 4932 855 4986 διδασκαλίαν.
891 4931 1060 4985 Μόνοι
1095 4927 1187 4985 οὖν
1231 4925 1376 4985 οῦτοι
1411 4932 1556 5001 ἆγιοι
1588 4932 1951 5004 κληθήσονται

357 5025 408 5076 οἱ
439 5022 869 5089 καταξιωθέντες
892 5024 1171 5095 γραφῆναι
1198 5025 1278 5087 είς
1304 5024 1403 5094 τὴν
1434 5023 1649 5078 αίῶνιον
1680 5022 1825 5094 ζωὴν
1847 5025 1947 5094 τῆς

359 5118 681 5189 ἐπουρανίου
737 5117 1113 5190 Ἰερουσαλήμ.
1164 5118 1275 5170 Καὶ
1308 5116 1519 5179 τούτοις
1568 5115 1815 5187 παράθες
1849 5114 1942 5168 τοῦ

358 5211 610 5282 Σωτῆρος
662 5210 815 5282 ήμῶν
854 5210 951 5283 τὴν
1003 5211 1141 5282 πρὸς
1184 5211 1313 5274 τοὺς
1368 5208 1699 5273 ἀποστόλους
1736 5207 1939 5279 φωνὴν,

356 5302 424 5355 δι’
458 5297 525 5374 ἧς
558 5305 792 5375 εἴρηται,
818 5324 835 5357 ι
863 5306 983 5359 Ὅτι
1014 5304 1085 5358 τὰ
1134 5305 1375 5376 ὀνόματα
1422 5302 1575 5373 ὑμῶν
1618 5301 1833 5373 ἐγράφη
1884 5302 1941 5355 ἐν

354 5398 468 5460 τοῖς
502 5396 769 5466 οὐρανοῖς.
801 5415 820 5449 ι

431 5506 451 5539 ‹
494 5488 621 5541 Ὅτι
642 5488 896 5541 ὲκπλυνεῖ
916 5489 1120 5561 Κύριος
1141 5490 1231 5544 τὸν
1254 5489 1426 5561 ῥύπον
1448 5504 1556 5541 των
1575 5487 1704 5540 υἱῶν
1726 5487 1945 5540 καὶτῶν

360 5578 674 5651 θυγατέρων
697 5578 859 5643 Σιὼν,
889 5582 1056 5634 καὶτὸ
1076 5575 1216 5652 αἷμα
1247 5582 1315 5634 ἰε
1325 5579 1560 5653 ρουσαλὴ
1569 5597 1607 5650 μ
1627 5578 1948 5648 ἐκκαθαριεῑ

357 5675 421 5727 ὲκ
454 5672 618 5744 μέσου
653 5671 832 5726 αὐτῶν
867 5674 925 5725 ἐν
971 5672 1241 5746 πνεύματι
1274 5674 1510 5745 κρίσεως
1543 5672 1635 5726 καὶ
1675 5670 1942 5743 πνεύματι

440 5854 485 5886 ’³
507 5853 634 5908 Luc.
667 5870 718 5917 Χ,
755 5854 845 5909 ‘20.

2057 4659 2254 4727 ubique
2303 4669 2572 4712 terrarum
2603 4671 2667 4711 ac
2693 4672 2790 4726 per
2832 4658 3142 4714 universum
3185 4661 3372 4715 orbem
3427 4661 3641 4732 conspi-

2054 4752 2140 4805 cui
2175 4751 2516 4806 evaderent:
2553 4759 2608 4803 et
2642 4751 2709 4804 ad
2750 4752 2857 4806 hoc
2894 4768 3065 4821 usque
3111 4763 3324 4823 tempus
3356 4755 3497 4821 apud
3523 4769 3641 4807 om-

2051 4860 2149 4900 nes
2190 4854 2400 4913 gentes,
2436 4854 2547 4897 tam
2574 4843 2795 4899 Graecas
2832 4860 2995 4915 quam
3029 4845 3317 4911 barbaras,
3352 4861 3547 4900 nomen
3587 4856 3643 4901 et

2051 4933 2297 4988 doctrina
2328 4949 2520 4989 eorum
2562 4934 2899 4993 celebretur.
2936 4936 3000 4989 lli
3032 4952 3165 5003 ergo
3196 4936 3301 4989 soli
3351 4940 3524 4991 sancti
3546 4951 3642 4991 vo-

2057 5024 2350 5086 cabuntur,
2380 5024 2471 5090 qui
2505 5022 2658 5090 digni
2686 5022 2857 5077 habiti
2891 5032 3019 5077 sunt
3072 5034 3133 5076 ut
3171 5024 3541 5078 scriberentur
3587 5023 3638 5076 in

2054 5126 2255 5168 arterua
2312 5116 2420 5168 vita
2486 5116 2727 5169 caalestis
2776 5115 3097 5170 Jerusalem.
3148 5115 3241 5170 llis
3298 5130 3461 5184 porro
3502 5113 3642 5168 adde

2054 5203 2355 5258 Salvatoris
2387 5206 2556 5259 nostri
2586 5220 2775 5259 vocem
2816 5207 2883 5259 ad
2917 5206 3198 5274 apostolos
3222 5206 3496 5267 emissam,
3533 5220 3635 5274 qua

2055 5296 2279 5364 dicitur,
2338 5316 2355 5348 ι
2390 5298 2524 5363 Quia
2549 5299 2766 5354 nomina
2812 5308 2990 5355 vestra
3030 5299 3232 5367 scripta
3272 5308 3399 5351 sunt
3440 5298 3490 5350 in
3526 5313 3638 5353 cu:-

2049 5388 2115 5443 lis
2143 5388 2206 5442 ”.
2235 5408 2253 5440 ι

2130 5482 2300 5538 Vsus.
2339 5483 2457 5539 5.6.
2506 5502 2525 5536 ι
2556 5484 2693 5552 Quia
2740 5484 2926 5539 abluet
2968 5484 3227 5539 Dominus
3274 5482 3465 5537 sordes
3499 5484 3635 5537 ﬁlio-

2057 5595 2175 5636 rum
2210 5589 2265 5635 et
2297 5579 2535 5635 filiarum
2569 5580 2722 5649 Sion,
2748 5590 2798 5635 et
2825 5578 3146 5649 sanguinem
3180 5576 3483 5633 Jerusalem
3514 5594 3635 5649 pur-

2065 5670 2212 5741 gabit
2248 5688 2313 5729 ex
2344 5672 2523 5729 medio
2558 5686 2746 5729 eorum
2804 5670 2858 5727 in
2888 5670 3081 5743 spiritu
3121 5668 3310 5739 judicii
3351 5680 3406 5726 et
3438 5669 3631 5741 Spiriu
