4138 6404
530 429 632 489 ηδ
1198 435 1467 491 EUSEBH
1505 435 1988 495 CESARIENSIS
2026 436 2177 495 OPP.
2220 437 2406 494 PARS
2441 439 2530 493 Ill.
2570 468 2638 479 —
2678 438 3089 496 EXEGETICA.
3445 492 3464 496 ,
3699 443 3815 494 illi

531 550 965 632 (ιοιιιῑιιιειιίοηίις.⁸
986 552 1050 605 Et
1076 552 1273 617 veniet,
1303 564 1356 606 et
1383 554 1491 607 erit
1522 564 1669 609 totus
1707 556 1866 612 locus
1899 558 2105 612 montis

2219 557 2476 620 καύσεως.
2515 556 2622 610 Kal
2652 557 2792 626 ἥξει,
2849 556 2943 609 καὶ
2983 554 3133 607 ἔσται
3165 555 3273 617 πᾶς
3322 553 3486 616 τόπος
3518 551 3615 605 τοῦ
3648 552 3819 624 ὅρους

533 638 767 702 Sion,et
800 644 980 716 omnia
1008 655 1128 709 qua:
1162 640 1214 693 in
1260 640 1488 693 circuitu
1537 641 1658 711 ejus
1709 651 1856 707 sunt,
1905 646 2104 699 nebula

2219 645 2377 709 Σιὼν,
2401 648 2496 699 καὶ
2528 646 2707 699 πάντα
2735 647 2803 699 τὰ
2832 644 3147 715 περικύκλῳ
3174 644 3343 713 αὐτῆς
3372 643 3584 696 σκιάσει
3608 642 3820 713 νεφέλη

529 730 637 785 diei
669 732 1037 796 obumbrabit,
1081 740 1135 786 et
1159 734 1313 803 quasi
1362 732 1534 797 fumo,
1597 745 1652 789 et
1706 738 1858 807 quasi
1902 737 2108 791 lumine

2219 737 2448 809 ἡμέρας,
2471 737 2566 790 καὶ
2596 738 2670 800 ὠς
2710 736 2943 799 καπνοῦ,
2968 736 3062 788 καὶ
3093 736 3170 797 ὼς
3192 735 3369 803 φωτὸς
3391 735 3687 804 καιομένου
3723 751 3823 787 νυ-

533 834 694 876 noctu
726 824 968 883 ardente.
998 824 1146 877 omni
1193 825 1366 891 gloria
1419 826 1727 897 obtegetur.
1792 828 1855 881 Et
1906 830 2018 883 erit
2056 832 2108 883 in

2219 832 2360 895 κτὺς,
2380 832 2530 901 πάσῃ
2543 834 2610 900 τῇ
2629 830 2756 902 δόξῃ
2772 828 3237 898 σκεπασθήσεται.
3259 828 3369 879 Kal
3386 826 3538 879 ἔσται
3554 828 3635 890 είς
3651 825 3824 879 σκιὰν

527 914 777 968 umbram
813 915 881 969 ab
909 926 1064 978 :letl,
1102 926 1159 971 et
1187 916 1240 969 in
1270 917 1663 986 protectionem
1714 929 1767 972 et
1792 920 2113 976 absconsio-

2219 922 2319 977 ὰπὸ
2339 921 2641 992 καύματος,
2676 922 2771 974 καὶ
2801 923 2860 973 ἐν
2898 920 3075 990 σκέπῃ
3119 920 3215 973 καὶ
3248 920 3306 971 ἐν
3346 919 3672 990 ἀποκρύφῳ,
3704 918 3825 972 άπὸ

526 1019 646 1059 nem
692 1018 722 1058 a
750 1004 950 1060 duritie
983 1017 1037 1060 et
1061 1007 1266 1077 pluvia.
1299 1024 1317 1057 ι
1363 1006 1664 1062 Lavacrum
1726 1012 2109 1079 regeneratio-

2219 1014 2586 1086 σκληρότητος
2613 1014 2708 1067 καὶ
2738 1011 2919 1065 ὑετοῦ.
2956 1030 2975 1063 ι
3009 1011 3206 1079 Σαφῶς
3235 1012 3344 1082 γὰρ
3373 1011 3433 1063 τὺ
3464 1010 3689 1082 λουτρὸν
3713 1010 3823 1079 τῆς

528 1093 634 1156 nis,
679 1095 826 1163 quod
879 1096 1032 1163 prius
1080 1096 1397 1151 declarabat
1460 1098 1546 1152 liis
1608 1099 1810 1162 verbis,
1865 1118 1884 1151 ι
1939 1099 2113 1155 Lava-

2219 1106 2668 1174 παλιγγενεσίας,
2692 1105 2721 1157 ὂ
2736 1106 2831 1157 καὶ
2848 1103 2938 1157 διὰ
2952 1103 3064 1155 τῶν
3084 1102 3393 1175 ἔμπροσθεν
3412 1103 3600 1174 ἐδήλου
3613 1102 3824 1171 λέγων’

527 1182 685 1248 mini,
711 1186 900 1240 mundi
931 1195 1129 1250 estote,
1159 1203 1179 1237 ο
1212 1186 1380 1241 etiam
1412 1203 1553 1242 nunc
1580 1200 1766 1257 aperte
1796 1190 2107 1260 pollicetur.

2220 1216 2239 1249 ι
2282 1197 2590 1259 Λούσασθε,
2615 1198 2708 1250 καὶ
2734 1196 2966 1267 καθαροὶ
2988 1195 3235 1263 γένεσθε,
3265 1216 3283 1247 ι
3315 1198 3409 1249 καὶ
3433 1196 3528 1249 νῦν
3549 1197 3824 1265 ἐπαγγέλ-

527 1273 651 1329 Ηαιο
681 1292 847 1346 porro
878 1278 1011 1332 dicit
1039 1278 1105 1332 de
1134 1279 1222 1343 iis,
1256 1280 1349 1348 qui
1388 1296 1513 1335 cum
1539 1284 1705 1338 caedis
1734 1284 1939 1339 Christi
1985 1301 2109 1355 par-

2219 1289 2390 1342 λεται.
2421 1290 2584 1355 Λέγει
2608 1289 2666 1342 δὲ
2699 1288 2876 1342 ταῦτα
2903 1286 3166 1357 περὶτῶν
3203 1288 3682 1358 κεκοινωνηκότων
3717 1288 3827 1359 μὲν

526 1368 729 1436 ticipes
761 1367 1015 1433 fuissent,
1071 1385 1171 1423 nec
1209 1370 1440 1426 multum
1508 1384 1694 1442 postea
1746 1374 2109 1444 resipuerunt.

2219 1384 2281 1452 τῇ
2316 1383 2461 1435 κατὰ
2494 1382 2587 1435 τοῦ
2617 1381 2870 1450 Σωτῆρος
2908 1380 3212 1449 μιαιφονίᾳ,
3257 1380 3452 1450 μικρὸν
3494 1380 3553 1433 δὲ
3585 1379 3828 1452 ὕστερον

2216 1473 2640 1543 μεταϐαλόντων
2663 1472 2759 1524 καὶ
2782 1472 3170 1541 γνωρισάντων
3194 1470 3359 1523 αὐτοῦ
3378 1470 3439 1523 τὸ
3460 1470 3823 1539 Εὑαγγέλιον.

525 1552 658 1609 Sion
699 1554 829 1624 agit,
858 1570 979 1623 quze
1026 1556 1075 1611 in
1109 1557 1379 1624 superiori
1436 1558 1675 1611 clausula
1720 1560 2113 1615 incusabantur

2219 1566 2331 1619 Kal
2361 1563 2670 1634 θυγατέρας
2698 1561 2838 1617 Σιὼν
2867 1562 3141 1632 ἐπιφέρει,
3177 1562 3277 1626 τάς
3306 1564 3363 1614 ἐν
3394 1566 3460 1634 τῇ
3504 1562 3829 1635 ἔμπροσθεν

525 1644 612 1702 his
639 1646 827 1700 verbis
853 1667 864 1703 :
900 1665 918 1697 ι
953 1647 1087 1712 Quia
1114 1648 1367 1706 exaltatzr
1393 1651 1653 1705 sttntllliaa
1666 1650 1823 1715 Sion,
1850 1661 1905 1705 et
1929 1663 2109 1707 erecta

2219 1659 2497 1727 περικοπῇ
2528 1654 3023 1725 κατηγορηθείσας,
3057 1657 3115 1707 ἐν
3156 1654 3235 1724 τῷ
3269 1654 3559 1722 λέγεσθαι·
3599 1674 3619 1707 ι
3674 1654 3830 1708 Ἀνθ⁹

525 1737 745 1790 cervice
796 1738 1284 1807 incedebantnget
1332 1751 1551 1797 caetera.
1590 1743 1927 1811 Sanguinem
1986 1758 2110 1797 vero

2219 1743 2289 1800 ὧν
2326 1747 2624 1817 ὑψώθησαν
2666 1748 2721 1800 αἱ
2763 1729 3079 1817 θυγατέρες
3110 1745 3269 1811 Σιὼν,
3309 1748 3406 1800 καὶ
3442 1746 3832 1818 ἐπορεύθησαν

526 1828 837 1883 Jerusalem
886 1831 1027 1884 miro
1079 1846 1210 1886 sane
1261 1833 1422 1887 modo
1464 1843 1622 1888 vocat
1673 1834 1883 1888 easdem
1939 1835 2007 1889 ibi
2055 1835 2105 1888 in

2219 1839 2414 1910 ὑψηλῴ
2440 1839 2723 1911 τραχήλῳ,
2763 1860 2781 1891 δ
2831 1842 2926 1892 καὶ¹
2958 1840 3027 1892 τὰ
3056 1838 3267 1903 τούτοις
3295 1840 3556 1909 ἑπόμενα.
3586 1833 3739 1909 Αἷμα
3763 1839 3830 1891 δὲ

528 1917 823 1972 Servatore
845 1930 1210 1987 perpetratam
1238 1937 1252 1975 :
1285 1923 1415 1991 quia
1452 1923 1641 1978 istltac
1687 1938 1851 1977 causa
1884 1922 1983 1976 fuit
2011 1939 2103 1976 ex-

2220 1900 2288 1981 Ίε
2300 1900 2592 1999 ροῦσαλὴμ
2609 1900 2953 1999 ’θαυμαστῶς
2982 1900 3261 1984 ἀποκαλεῖν
3278 1932 3377 2002 τὴν
3401 1900 3552 1985 ’κατὰ
3575 1900 3672 1984 τοῦ
3708 1932 3832 1987 Σω-

536 2015 852 2070 tremaaloci
887 2017 1039 2070 illius
1082 2016 1426 2076 vastationis.
1473 2017 1536 2072 Et
1571 2018 1887 2072 consideres
1933 2018 2089 2072 velim

2219 2021 2383 2093 τῆρος
2422 2020 2795 2092 προαχθεῖσαν
2828 2023 2886 2073 ἐν
2920 2022 3055 2092 αὐτῇ
3104 2022 3438 2092 μιαιφονίαν,
3477 2022 3565 2075 διὰ
3594 2022 3656 2074 τὸ
3688 2021 3833 2076 ταύ-

454 2158 458 2163 .
523 2122 710 2164 annon
748 2109 834 2162 hic
863 2122 1043 2163 sermo
1074 2109 1317 2179 apprime
1362 2110 1656 2165 conveniat
1700 2125 1824 2164 cum
1873 2125 2105 2180 evange-

2219 2134 2314 2188 την
2345 2116 2530 2171 αἰτίαν
2554 2115 2839 2183 γεγονέναι
2861 2116 2960 2185 τῆς
2987 2117 3220 2185 ἐσχάτης
3244 2116 3477 2186 ἐρημίας
3505 2115 3599 2168 τοῦ
3626 2115 3833 2168 τόπου.

524 2199 634 2254 lico
680 2198 771 2255 illo
816 2200 1128 2255 testimonio
1175 2199 1242 2254 de
1289 2198 1583 2255 Servatore
1624 2210 1835 2263 nostro,
1874 2200 1966 2255 ubi
2020 2201 2101 2257 sic

2219 2211 2329 2263 Kal
2366 2208 2468 2261 θέα
2496 2209 2546 2260 εἰ
2591 2206 2668 2280 μὴ
2711 2204 2920 2278 σφόδρα
2948 2207 3238 2277 σύμφωνός
3274 2209 3421 2260 ἐστιν
3448 2208 3477 2260 6
3505 2207 3698 2278 παρὼν
3730 2206 3837 2260 λό-

2202 2318 2309 2371 γος
2333 2302 2407 2372 τῇ
2427 2301 2764 2373 εὐαγγελικῇ
2793 2300 3072 2372 μαρτυρίᾳ
3091 2302 3221 2372 περὶ
3245 2299 3338 2353 τοῦ
3366 2300 3614 2371 Σωτῆρος
3636 2301 3836 2372 ἡμῶν,

2202 2395 2239 2467 ἢ
2272 2393 2538 2447 ἐδίδασκε
2574 2392 2811 2462 λέγουσα
2835 2409 2850 2424 ⁸
2884 2410 2902 2444 ι
2935 2393 3106 2455 Αὐτὸς
3132 2392 3274 2463 ὑμᾶς
3303 2391 3552 2461 βαπτίσει
3572 2393 3630 2444 ἐν
3657 2392 3839 2446 Πνεῦ-

2212 2503 2360 2557 ματι
2404 2486 2548 2557 ἁγίῳ
2593 2488 2689 2539 καὶ
2719 2485 2875 2555 πυρί.
2910 2504 2929 2536 ι
2968 2484 3041 2536 T6
3074 2482 3206 2554 γάρ,
3243 2503 3262 2535 ι
3308 2485 3364 2537 ἐν
3398 2483 3666 2554 πνεύματι
3700 2485 3841 2557 κρί-

2208 2592 2368 2638 σεως
2423 2576 2516 2628 καὶ
2573 2574 2846 2645 πνεύματι
2906 2571 3153 2633 καύσεως
3188 2591 3208 2624 ι
3233 2569 3351 2635 τοῦ,
3394 2588 3413 2621 ι
3451 2570 3509 2622 ἐν
3543 2568 3843 2641 Πνεύματι

2210 2668 2372 2740 ἁγίῳ
2396 2667 2491 2723 καὶ
2521 2685 2593 2720 πα
2604 2667 2675 2738 pl,
2707 2686 2723 2717 ι
2759 2665 2911 2718 οὐδὲν
2940 2663 3204 2735 διαφέρει.
3226 2663 3336 2717 Kal
3361 2662 3411 2715 οί
3439 2662 3746 2734 ιπυρωτικοὶ⁸
3771 2661 3842 2714 δὲ

2209 2761 2402 2830 λόγοι,
2435 2760 2845 2828 καθαπτόμενοι
2878 2756 3079 2819 αὐτῶν,
3118 2755 3381 2825 κάθαρσιν
3413 2752 3687 2806 ἐνεποίουν
3717 2751 3845 2804 τῶν

2209 2852 2674 2924 ἁμαρτημάτων.
2716 2849 2830 2903 Καὶ
2864 2851 2893 2902 6
2922 2846 3115 2918 Σωτὴρ
3150 2847 3351 2917 ὁμοίως
3384 2846 3443 2897 ἐν
3470 2843 3549 2914 τῷ
3583 2844 3843 2913 Euan:-

2208 2943 2319 3014 λίῳ
2380 2941 2667 3013 βαπτίσειν
2700 2941 2921 3009 λέγεται
2946 2940 3068 3009 οὐχὶ
3107 2937 3279 3001 ῦδατι,
3305 2936 3419 2990 ἀλλ’
3445 2938 3502 2990 ἐν
3545 2935 3844 3007 Πνεύματι

2210 3038 2314 3091 καὶ
2372 3036 2432 3087 ἐν
2476 3034 2635 3105 πυρί.
2671 3033 2843 3089 Τοῦτο
2876 3031 2985 3102 γὰρ
3021 3030 3264 3097 ἐδίδαξεν
3304 3030 3334 3081 6
3387 3029 3660 3100 Ἰωάννης,
3699 3031 3846 3101 περὶ

2216 3129 2326 3201 μὲν
2386 3126 2582 3183 ἐαυτοῦ
2630 3123 2822 3188 εἰπὼν,
2878 3141 2894 3174 ι
2958 3121 3099 3192 Ἐγὼ
3144 3124 3242 3193 μὲν
3288 3123 3434 3194 ὑμᾶς
3479 3121 3732 3192 βαπτίζω
3773 3124 3846 3176 ἐν

2134 3240 2176 3295 c
2211 3222 2409 3275 ὕδατι·
2456 3239 2474 3270 ι
2509 3219 2641 3288 περὶ
2665 3218 2721 3271 δέ
2755 3217 2850 3270 τοῦ
2891 3217 3164 3286 Σωτῆρος·
3200 3236 3217 3267 ι
3260 3215 3429 3279 Αὐτὸς
3460 3215 3604 3285 ὑμᾶς
3630 3211 3847 3283 βαπτί-

2216 3329 2304 3371 σει
2343 3312 2409 3362 ἐν
2444 3307 2725 3380 Ηνεύματι
2752 3307 2893 3376 άγίῳ
2926 3307 3020 3360 καὶ
3043 3307 3194 3377 πυρί.
3236 3325 3253 3356 ι

524 1471 580 1512 ct
608 1459 971 1528 Evangelinm
1010 1461 1181 1530 ipsius
1215 1475 1574 1531 agnoverunt.
1622 1466 1755 1521 Hinc
1791 1468 1858 1521 de
1901 1468 2112 1523 ﬁliabus

522 2292 772 2356 habetur,
807 2312 826 2344 ι
853 2291 972 2361 Ipse
1007 2308 1105 2349 vos
1134 2294 1437 2363 baptizabit
1477 2296 1531 2349 in
1572 2294 1779 2363 Spiritu
1823 2307 2013 2351 sancto
2047 2306 2103 2350 et

518 2380 646 2452 igne
666 2383 743 2445 _“.
773 2402 792 2439 ι
834 2382 964 2437 Illud
998 2383 1164 2449 enim,
1206 2402 1223 2436 ι
1252 2385 1308 2442 in
1350 2386 1549 2454 spiritu
1594 2385 1780 2453 indicii
1813 2395 1868 2440 et
1905 2387 1960 2440 in
1991 2387 2104 2455 spi-

519 2477 626 2534 ritu
653 2475 1081 2542 combustionis,
1116 2497 1134 2529 ›
1172 2478 1308 2533 nihil
1348 2477 1533 2532 diﬂ'ert
1574 2479 1639 2533 ab
1683 2478 1795 2542 illo,
1848 2497 1864 2530 I
1898 2478 1952 2532 in
1985 2477 2105 2546 Spi-

522 2568 628 2623 ritu
662 2576 856 2623 sancto
877 2578 931 2622 et
954 2569 1099 2639 igne.
1139 2587 1158 2621 ι
1196 2569 1339 2639 lgnei
1372 2584 1502 2622 vero
1537 2583 1817 2623 sermones
1864 2568 1973 2621 illis
2013 2569 2107 2621 atl-

522 2659 683 2722 moti,
719 2667 1067 2731 peccatorum
1097 2658 1539 2713 emundationem
1564 2660 1914 2728 peragebant.
1951 2659 2106 2715 Item-

524 2765 633 2819 que
666 2749 922 2805 Salvator
954 2760 1142 2805 noster
1170 2751 1224 2806 in
1258 2751 1559 2821 Evangelio
1583 2752 1783 2806 dicitur
1831 2752 2108 2822 baptizare

526 2856 634 2893 non
674 2842 727 2894 in
771 2857 909 2910 aqua
937 2881 953 2905 ,
993 2843 1086 2897 sed
1137 2842 1191 2897 in
1250 2843 1456 2912 Spiritu
1526 2852 1581 2896 et
1628 2843 1768 2913 igne.
1823 2841 1934 2898 Hoc
1963 2842 2106 2897 enim

525 2936 724 2987 edocet
763 2931 1022 2997 Joannes.
1068 2935 1137 2989 de
1174 2949 1232 2990 se
1270 2935 1488 3004 quidem
1548 2935 1755 2999 dicens,
1802 2952 1822 2987 ι
1850 2935 1964 3005 Ego
2014 2949 2109 2990 vos

528 3024 749 3092 baptizo
781 3023 831 3077 in
862 3039 999 3094 aqua
1021 3024 1104 3089 ";
1138 3043 1156 3076 ι
1184 3027 1248 3080 de
1265 3025 1548 3079 Salvatore
1576 3036 1779 3091 autem,
1810 3043 1829 3078 ι
1870 3023 1991 3096 Ipse
2013 3038 2108 3082 vos

529 3112 831 3188 baptizabit
861 3114 914 3167 in
949 3112 1152 3183 Spiritu
1183 3124 1374 3171 sancto
1408 3123 1463 3172 et
1503 3114 1624 3185 igne
1641 3116 1709 3170 “.
1740 3134 1759 3167 ι

1156 3391 1386 3449 CAPUT
1431 3392 1492 3448 V.

606 3481 770 3537 Vsus.
807 3483 862 3537 1.
901 3502 919 3536 ι
948 3482 1191 3540 Cantabo
1215 3485 1417 3540 dilecto
1451 3486 1726 3541 canticum
1758 3486 1951 3545 Dilccli
1987 3489 2114 3552 mei,

530 3576 706 3629 vinem
732 3590 885 3630 [ηοω.
916 3576 1086 3634 Vinea
1117 3576 1253 3631 facta
1278 3586 1362 3630 est
1387 3577 1585 3633 dilecto
1611 3578 1662 3631 in
1694 3594 1887 3645 cornu,
1911 3580 1963 3633 in
2002 3579 2117 3636 loco

528 3668 739 3736 pingui.
772 3686 790 3717 ι
828 3666 940 3722 Hoc
971 3668 1134 3737 igitur
1166 3669 1403 3734 cantico,
1437 3684 1557 3738 quae
1585 3669 1635 3723 in
1672 3671 1827 3725 vinea
1860 3686 1961 3726 sua
1990 3688 2116 3742 ope.

528 3772 680 3819 ratus
720 3771 803 3817 est
830 3772 1133 3827 enumerat,
1161 3762 1441 3832 vineaeque
1493 3762 1902 3831 improbitatem
1955 3778 2114 3819 coar-

2762 3399 3158 3452 ΚΕΦΑΛΑΙΟΝ
3202 3400 3275 3456 Ε’.

2298 3511 2320 3545 ι
2365 3492 2525 3563 ’ᾼσω
2559 3491 2626 3562 δὴ
2670 3488 2751 3561 τῷ
2794 3490 3138 3560 ἠγαπημένῳ
3179 3486 3330 3563 ᾇσμα
3368 3487 3464 3548 τοῦ
3515 3488 3853 3558 ’Δγαπητοῦ

2222 3606 2359 3661 μου,
2401 3585 2481 3656 τῷ
2509 3582 2798 3654 ἀμπελῶνί
2829 3598 2951 3653 μου.
3000 3582 3282 3653 ’Δμπελὼν
3310 3580 3545 3652 ἐγενήθη
3584 3578 3661 3650 τῷ
3689 3581 3853 3651 ἠγα-

2218 3677 2470 3750 πημένῳ
2511 3678 2573 3728 ἐν
2605 3675 2817 3745 κέρατι,
2852 3676 2910 3726 ἐν
2945 3675 3095 3745 τόπῳ
3123 3675 3286 3729 πίονι.
3332 3693 3351 3725 ι
3386 3675 3485 3727 Διά
3517 3674 3700 3728 τοίνυν
3735 3677 3857 3750 τῆς

2216 3772 2379 3844 ᾠδῆς
2404 3767 2614 3837 ταύτης
2649 3766 2749 3830 τὰς
2775 3768 2857 3829 είς
2897 3765 2988 3819 τὸν
3016 3767 3316 3837 ἀμπελῶνα
3345 3764 3538 3823 ἑαυτοῦ
3562 3766 3859 3839 ἐργασίας

526 3856 675 3924 guil:
711 3870 775 3906 ac
805 3868 869 3907 ea
900 3869 1020 3923 quae
1048 3852 1150 3922 ipsi
1184 3864 1445 3908 eventura
1470 3862 1600 3909 sunt
1624 3855 1976 3909 vaticinatur.
2031 3855 2119 3909 Di—

527 3948 674 3999 citur
698 3961 830 4015 ergo
863 3945 916 3999 in
947 3959 1113 4000 cornu
1142 3959 1284 4011 esse,
1327 3947 1454 4013 quia
1501 3946 1553 3999 in
1588 3960 1700 4013 Ipsa
1743 3944 2117 4020 Hierosolyma

533 4039 681 4107 regia
720 4036 1034 4106 metropolis
1085 4036 1369 4095 consistit:
1422 4036 1562 4092 solet
1607 4048 1783 4093 autem
1834 4036 2119 4109 Scriptura

531 4146 741 4187 cornua
772 4129 928 4201 regni
958 4143 1284 4184 memorare.

2220 3861 2685 3934 καταριθμεῖται,
2739 3860 2835 3912 καὶ
2878 3857 2973 3945 τοῦ
3019 3857 3342 3929 ἀμπελῶνος
3380 3854 3479 3926 τὴν
3523 3855 3860 3945 μοχθηρίαν

2219 3956 2474 4024 ἐλέγχει·
2523 3949 2770 4014 θεσπίζει
2804 3947 2863 4001 δὲ
2902 3944 3094 4001 καὶτὰ
3128 3946 3389 4019 μέλλοντα
3429 3944 3578 4015 αὐτῷ
3616 3947 3859 4022 συμϐή-

2221 4046 2445 4106 σεσθαι.
2482 4042 2714 4109 Λέγεται
2745 4038 2878 4108 γοῦν
2907 4040 2965 4091 ἐν
3001 4040 3194 4109 κέρατι
3223 4034 3385 4100 εἶναι,
3425 4035 3514 4089 διὰ
3545 4036 3609 4089 τὸ
3640 4040 3864 4113 cuni}.

2222 4159 2314 4197 ναι
2345 4135 2639 4207 βασιλικὴν
2682 4131 3016 4204 μητρόπολιν
3057 4134 3116 4184 ἐν
3157 4132 3293 4201 αὐτῇ
3330 4132 3398 4200 τῇ
3437 4129 3861 4205 Ἰερουσαλήμ.

2220 4227 2391 4288 εἴωθε
2421 4225 2533 4295 γὰρ
2560 4226 2595 4295 ἡ
2626 4220 2818 4294 Γραφὴ
2844 4222 3056 4292 κέρατα
3077 4220 3178 4290 τῆς
3212 4218 3487 4291 βασιλείας
3519 4218 3868 4289 ὀνομάζειν.

599 4312 768 4367 Vens.
804 4311 859 4369 2.
909 4330 927 4363 ι
975 4311 1040 4366 Et
1087 4324 1271 4379 sepem
1318 4310 1684 4379 circumposui
1718 4320 1773 4365 et
1806 4310 2033 4378 vallavi,
2062 4323 2116 4369 et

2306 4339 2326 4371 ι
2362 4318 2473 4371 Kal
2499 4312 2757 4386 φραγμὸν
2774 4310 3077 4383 περιέθηκα
3099 4313 3196 4365 καὶ
3218 4309 3571 4381 ἐχαράκωσα,
3591 4311 3693 4363 καὶ
3715 4312 3873 4386 ἐφύ-

530 4406 777 4476 plantavi
808 4405 1021 4459 vineam
1058 4402 1264 4459 Sorec:
1298 4411 1348 4454 et
1377 4403 1642 4457 aedificavi
1676 4403 1864 4459 turrim
1922 4404 1974 4457 in
2021 4419 2116 4460 me-

2225 4426 2402 4466 τευσα
2450 4406 2695 4477 ἄμπελον
2740 4404 2954 4474 Σορήκ·
2997 4403 3093 4459 καὶ
3132 4402 3463 4472 ᾠκοδόμησα
3512 4400 3739 4473 πύργον
3801 4409 3876 4462 δν

531 4499 622 4552 dio
653 4494 797 4561 ejus,
846 4505 898 4546 et
944 4494 1291 4562 protorcular
1324 4493 1430 4547 fodi
1482 4495 1536 4545 in
1586 4507 1670 4546 ea.
1702 4512 1721 4545 ι
1760 4494 1957 4562 Sepem
1996 4507 2116 4548 νυνι]

2234 4504 2391 4577 μέσῳ
2424 4497 2612 4561 αὑτοῦ,
2648 4497 2743 4553 καὶ
2774 4496 3063 4568 προλήνιον
3088 4494 3275 4567 ὥρυξα
3301 4494 3359 4547 ἐν
3404 4491 3555 4563 αὐτῷ
3630 4512 3647 4545 ι
3685 4495 3878 4572 Περι-

532 4589 927 4657 circumposuit
948 4588 1020 4653 ei,
1043 4586 1294 4642 videlicet
1314 4584 1461 4639 omni
1491 4584 1707 4654 populo,
1727 4601 1884 4653 quem
1917 4588 2116 4651 angelis

2234 4595 2440 4664 έθηκεν
2490 4586 2584 4645 οὖν
2629 4586 2780 4657 αὐτῷ
2824 4588 3099 4657 φραγμὸν,
3145 4584 3345 4657 δηλαδὴ
3386 4582 3464 4654 τῷ
3490 4586 3657 4638 παντὶ
3705 4587 3877 4664 λαῷ⁹

530 4685 968 4747 circumquaque
1028 4677 1278 4731 munivit.
1329 4677 1451 4736 Alio
1505 4677 1634 4729 item
1687 4679 1848 4731 modo
1902 4676 2116 4731 Vallavit

2233 4686 2459 4744 πάντως
2483 4698 2584 4735 που
2606 4681 2860 4749 άῇγέλοις
2883 4679 3048 4733 αὑτὸν
3072 4677 3433 4751 περιφράξας.
3478 4676 3882 4749 Ἐχαράκωσε

531 4789 679 4837 cam,
724 4771 1003 4841 prophetis
1047 4782 1101 4824 et.
1147 4768 1348 4825 sanctis
1382 4768 1518 4822 viris
1573 4768 1742 4838 ipsam
1786 4768 2020 4823 fulciens
2069 4780 2126 4823 et

529 4876 871 4923 sustentans.
899 4862 1038 4928 Quin
1084 4861 1249 4915 etiam
1301 4859 1566 4929 plantavit
1596 4873 1716 4912 eam
1762 4861 1977 4914 vineam
2022 4860 2119 4913 So-

533 4978 652 5023 rec,
716 4974 881 5029 quam
942 4956 1310 5030 Symmachus
1376 4955 1792 5023 interpretatur,
1870 4953 2124 5009 electam.

527 5052 663 5123 Qtne
694 5061 876 5103 autem
915 5048 1104 5103 istbaec
1126 5046 1288 5099 vinea
1322 5055 1459 5109 erat,
1509 5042 1614 5096 nisi
1652 5043 1808 5111 plane
1838 5042 2125 5109 Scriptura

530 5144 803 5203 divinitus
858 5141 1146 5210 inspirata,
1200 5147 1255 5191 et
1310 5139 1412 5206 pia:
1465 5134 1745 5203 religionis
1791 5149 1995 5197 sermo,
2044 5137 2128 5191 vel

529 5242 699 5295 etiam
729 5237 911 5306 ipsum
937 5233 1029 5287 Dei
1058 5230 1326 5291 verbum,
1357 5229 1500 5297 quod
1559 5226 1615 5279 in
1662 5225 1970 5296 Evangeliis
2013 5227 2127 5285 base

532 5340 595 5393 ale
623 5350 685 5392 se
711 5337 875 5391 docet
906 5346 970 5386 ac
1010 5330 1278 5400 loquitur,
1328 5344 1346 5377 ι
1377 5327 1488 5395 Ego
1528 5338 1649 5378 sum
1702 5323 1827 5377 vitis
1875 5339 2027 5383 vera,
2069 5338 2124 5380 et

468 5490 473 5494 ,
529 5427 696 5482 Pater
725 5441 880 5480 meus
922 5421 1161 5492 agricola
1195 5426 1283 5473 est
1303 5416 1391 5469 "'2
1425 5434 1444 5467 ι
1492 5413 1573 5469 Ex
1602 5413 1720 5482 ipso
1753 5415 1952 5484 quippe
1977 5416 2126 5483 prior

454 5499 500 5588 τ’
533 5521 659 5573 item
690 5518 921 5588 populus
951 5516 1263 5569 divinarum
1300 5508 1710 5577 disciplinarqu
1736 5506 2126 5573 plantationem

532 5609 759 5679 accepit.
791 5603 1147 5661 Protorcular
1183 5610 1370 5653 autem
1406 5596 1542 5651 fodit
1581 5593 1634 5647 itt
1673 5607 1760 5658 ea,
1793 5596 1969 5655 altare
2020 5598 2125 5648 sri-

532 5699 661 5756 licet
697 5699 941 5769 positum
973 5704 1101 5749 ante
1130 5689 1409 5760 templum.

2230 4778 2290 4836 δὲ
2323 4774 2421 4826 καλ⁸
2464 4771 2637 4836 ἄλλως
2666 4770 2848 4835 αὐτὸν,
2898 4770 3212 4839 προφήταις
3240 4768 3335 4821 καὶ
3366 4766 3543 4836 ἁγίοις
3575 4767 3884 4843 ἀνδράσιν

2234 4843 2628 4932 ὑτέοστηρίξας.
2684 4858 2845 4917 Ἀλλὰ
2887 4857 2983 4911 καὶ
3011 4854 3411 4924 κατεφύτευσεν
3447 4852 3621 4923 αὐτὴν
3661 4855 3885 4929 ἄμπε.

2227 4961 2323 5014 λον
2349 4954 2535 5025 Σορήκ
2553 4969 2566 4983 ο
2595 4953 2663 5024 ἢν
2680 4954 2708 5005 6
2733 4951 3032 5022 Σύμμαχος
3060 4948 3403 5019 ἡρμήνευσεν
3427 4944 3736 5019 ἐκλεκτήν.
3766 4954 3887 5021 τις

2224 5051 2283 5111 δὲ
2313 5042 2388 5117 ἦν
2421 5042 2559 5114 αὕτη
2594 5046 2628 5114 ὴ
2655 5041 2900 5115 ἄμπελος
2931 5040 2967 5115 ἢ
3020 5040 3238 5102 πάντως
3272 5053 3374 5090 που
3403 5040 3436 5107 ή
3478 5035 3889 5113 θεόπνευστος

2230 5136 2456 5217 Γραφὴ,
2485 5135 2577 5188 καὶ
2598 5137 2627 5189 6
2656 5135 2756 5205 τῆς
2779 5130 3091 5193 θεοσεϐείας
3116 5129 3293 5198 λόγος,
3318 5128 3352 5200 ἢ
3379 5127 3471 5180 καὶ
3498 5125 3665 5217 αύτδς
3701 5133 3739 5185 ό
3767 5137 3889 5192 τοῦ

2228 5216 2380 5286 Θεοῦ
2409 5225 2603 5295 Λόγος,
2638 5226 2668 5279 6
2710 5226 2770 5278 ἐν
2815 5221 3175 5292 Εὑαγγελίοις
3217 5221 3346 5295 περὶ
3382 5216 3579 5272 ἑαυτοῦ
3621 5220 3889 5297 διδάξας

2232 5324 2335 5378 καὶ
2375 5317 2567 5383 εἰπὼν,
2598 5337 2617 5370 ι
2671 5316 2813 5386 Ἐγώ
2851 5319 2969 5387 είμι
2995 5316 3031 5385 ἡ
3063 5312 3307 5384 ἄμπελος
3345 5309 3662 5383 ὴάληθινη,
3700 5320 3820 5373 καὶ
3854 5326 3891 5378 ἀ

2233 5411 2440 5485 Πατήρ
2472 5427 2572 5479 μου
2601 5411 2632 5465 6
2654 5409 2939 5482 γεωργός;
2983 5425 3004 5459 ι
3057 5403 3149 5469 Ἐξ
3172 5401 3337 5458 αὐτοῦ
3366 5403 3476 5474 γὰρ
3505 5403 3600 5455 καὶ
3631 5405 3663 5457 6
3692 5414 3889 5481 πρῶ-

2228 5524 2328 5569 τος
2365 5500 2498 5565 λαὸζ
2538 5502 2633 5572 τὴν
2673 5502 2784 5556 τῶν
2816 5500 2981 5556 θείων
3014 5495 3272 5571 μαθητῶν
3317 5492 3728 5570 [μαθημάτων]
3765 5521 3891 5579 (pp.

2233 5597 2397 5650 τείαν
2460 5591 2665 5662 εἴληφε.
2711 5591 3012 5662 Προλήνιον
3056 5583 3150 5643 οὖν
3197 5586 3413 5660 ὀρύττει
3458 5585 3516 5639 ἐν
3552 5586 3719 5665 αὐτῷ
3816 5599 3892 5653 τὸ

2235 5687 2350 5757 πρὸ
2380 5681 2477 5735 τοῦ
2518 5681 2646 5735 ναοῦ
2687 5682 3090 5755 θυσιαστήριον.

599 5880 648 5917 ’δ
686 5878 887 5937 Matth.
914 5888 1002 5941 tu,
1028 5872 1115 5928 ll.
1194 5870 1241 5903 "
1273 5867 1430 5926 Joan.
1476 5883 1517 5937 ι,
1552 5866 1639 5923 ςιϐ.
1716 5869 1759 5896 ’⁸
1791 5864 1930 5921 ibid.
1972 5865 2058 5923 55.

2219 5866 2376 5922 quit.
2408 5877 2500 5926 XV,
2534 5862 2581 5916 1.
