  <div class='ocr_page' id='page_1' title='image "/cluster/home/n/w/nwhite01/storage/ocr_20150623/24:no.6/coo.31924054873058/072.png"; bbox 0 0 4138 6426; ppageno 0'>
   <div class='ocr_carea' id='block_1_1' title="bbox 415 387 517 447">
    <p class='ocr_par' dir='ltr' id='par_1_1' title="bbox 415 387 517 447">
     <span class='ocr_line' id='line_1_1' title="bbox 415 387 517 447; baseline 0 -2"><span class='ocrx_word' id='word_1_1' title='bbox 415 387 517 447; x_wconf 71' lang='grc'><strong>117</strong></span> 
     </span>
    </p>
   </div>
   <div class='ocr_carea' id='block_1_2' title="bbox 493 502 2076 575">
    <p class='ocr_par' dir='ltr' id='par_1_2' title="bbox 493 502 2076 575">
     <span class='ocr_line' id='line_1_2' title="bbox 493 502 2076 575; baseline -0.003 -16"><span class='ocrx_word' id='word_1_2' title='bbox 493 531 508 559; x_wconf 68' lang='grc' dir='ltr'><strong>ι</strong></span> <span class='ocrx_word' id='word_1_3' title='bbox 555 508 665 559; x_wconf 65' lang='grc' dir='ltr'>Καὶ</span> <span class='ocrx_word' id='word_1_4' title='bbox 697 505 884 575; x_wconf 83' lang='grc' dir='ltr'>έμεινα</span> <span class='ocrx_word' id='word_1_5' title='bbox 907 503 1004 558; x_wconf 82' lang='grc' dir='ltr'><strong>τοῦ</strong></span> <span class='ocrx_word' id='word_1_6' title='bbox 1040 503 1264 573; x_wconf 69' lang='grc' dir='ltr'>ποιῆσαι</span> <span class='ocrx_word' id='word_1_7' title='bbox 1289 502 1588 572; x_wconf 72' lang='grc' dir='ltr'>σταφυλὴν,</span> <span class='ocrx_word' id='word_1_8' title='bbox 1621 502 1712 554; x_wconf 70' lang='grc' dir='ltr'><strong>καὶ</strong></span> <span class='ocrx_word' id='word_1_9' title='bbox 1746 502 1998 569; x_wconf 75' lang='grc' dir='ltr'>ἐποίησεν</span> <span class='ocrx_word' id='word_1_10' title='bbox 2030 509 2076 560; x_wconf 85' lang='grc' dir='ltr'><strong>Λ</strong></span> 
     </span>
    </p>
   </div>
   <div class='ocr_carea' id='block_1_3' title="bbox 413 591 2004 664">
    <p class='ocr_par' dir='ltr' id='par_1_3' title="bbox 413 591 2004 664">
     <span class='ocr_line' id='line_1_3' title="bbox 413 591 2004 664; baseline -0.006 -10"><span class='ocrx_word' id='word_1_11' title='bbox 413 599 676 660; x_wconf 71' lang='grc' dir='ltr'>ἀκάνθας.</span> <span class='ocrx_word' id='word_1_12' title='bbox 705 597 812 650; x_wconf 72' lang='grc' dir='ltr'>Καὶ</span> <span class='ocrx_word' id='word_1_13' title='bbox 838 595 932 648; x_wconf 91' lang='grc' dir='ltr'><strong>νῦν</strong></span> <span class='ocrx_word' id='word_1_14' title='bbox 958 595 1007 648; x_wconf 81' lang='grc' dir='ltr'>οἱ</span> <span class='ocrx_word' id='word_1_15' title='bbox 1042 593 1378 657; x_wconf 71' lang='grc' dir='ltr'><strong>ἐνοικοῦντες</strong></span> <span class='ocrx_word' id='word_1_16' title='bbox 1401 594 1458 646; x_wconf 80' lang='grc' dir='ltr'><strong>ἐν</strong></span> <span class='ocrx_word' id='word_1_17' title='bbox 1500 591 1877 664; x_wconf 74' lang='grc' dir='ltr'>Ἰερουσαλὴμ,</span> <span class='ocrx_word' id='word_1_18' title='bbox 1910 593 2004 645; x_wconf 71' lang='grc' dir='ltr'><strong>καὶ</strong></span> 
     </span>
    </p>
   </div>
   <div class='ocr_carea' id='block_1_4' title="bbox 414 684 2005 764">
    <p class='ocr_par' dir='ltr' id='par_1_4' title="bbox 414 684 2005 764">
     <span class='ocr_line' id='line_1_4' title="bbox 414 684 2005 764; baseline -0.006 -18"><span class='ocrx_word' id='word_1_19' title='bbox 414 693 698 764; x_wconf 75' lang='grc' dir='ltr'>ἄνθρωπος</span> <span class='ocrx_word' id='word_1_20' title='bbox 725 688 820 742; x_wconf 88' lang='grc' dir='ltr'><strong>τοῦ</strong></span> <span class='ocrx_word' id='word_1_21' title='bbox 871 687 1063 750; x_wconf 83' lang='grc' dir='ltr'>Ἰούδα,</span> <span class='ocrx_word' id='word_1_22' title='bbox 1099 687 1320 758; x_wconf 81' lang='grc' dir='ltr'>κρίνατε</span> <span class='ocrx_word' id='word_1_23' title='bbox 1356 688 1412 738; x_wconf 91' lang='grc' dir='ltr'><strong>ἐν</strong></span> <span class='ocrx_word' id='word_1_24' title='bbox 1447 686 1591 756; x_wconf 78' lang='grc' dir='ltr'>ἐμοὶ,</span> <span class='ocrx_word' id='word_1_25' title='bbox 1629 685 1724 737; x_wconf 73' lang='grc' dir='ltr'>καὶ</span> <span class='ocrx_word' id='word_1_26' title='bbox 1759 685 1862 738; x_wconf 72' lang='grc' dir='ltr'><strong>ἀνὰ</strong></span> <span class='ocrx_word' id='word_1_27' title='bbox 1911 684 2005 754; x_wconf 92' lang='grc' dir='ltr'>μέ-</span> 
     </span>
    </p>
   </div>
   <div class='ocr_carea' id='block_1_5' title="bbox 416 775 2004 853">
    <p class='ocr_par' dir='ltr' id='par_1_5' title="bbox 416 775 2004 853">
     <span class='ocr_line' id='line_1_5' title="bbox 416 775 2004 853; baseline -0.006 -15"><span class='ocrx_word' id='word_1_28' title='bbox 416 803 507 838; x_wconf 74' lang='grc' dir='ltr'><strong>σον</strong></span> <span class='ocrx_word' id='word_1_29' title='bbox 536 781 630 837; x_wconf 84' lang='grc' dir='ltr'><strong>τοῦ</strong></span> <span class='ocrx_word' id='word_1_30' title='bbox 666 780 986 853; x_wconf 85' lang='grc' dir='ltr'>ἀμπελῶνός</span> <span class='ocrx_word' id='word_1_31' title='bbox 1021 797 1143 850; x_wconf 85' lang='grc' dir='ltr'>μου.</span> <span class='ocrx_word' id='word_1_32' title='bbox 1182 777 1247 830; x_wconf 90' lang='grc' dir='ltr'>Τί</span> <span class='ocrx_word' id='word_1_33' title='bbox 1273 779 1490 849; x_wconf 85' lang='grc' dir='ltr'>ποιήσω</span> <span class='ocrx_word' id='word_1_34' title='bbox 1519 777 1598 829; x_wconf 80' lang='grc' dir='ltr'>ἔτι</span> <span class='ocrx_word' id='word_1_35' title='bbox 1618 776 1696 846; x_wconf 81' lang='grc' dir='ltr'>τῷ</span> <span class='ocrx_word' id='word_1_36' title='bbox 1722 775 2004 848; x_wconf 84' lang='grc' dir='ltr'>ἀμπελῶνί</span> 
     </span>
    </p>
   </div>
   <div class='ocr_carea' id='block_1_6' title="bbox 415 867 2003 944">
    <p class='ocr_par' dir='ltr' id='par_1_6' title="bbox 415 867 2003 944">
     <span class='ocr_line' id='line_1_6' title="bbox 415 867 2003 944; baseline -0.005 -17"><span class='ocrx_word' id='word_1_37' title='bbox 415 893 539 944; x_wconf 81' lang='grc' dir='ltr'>μου,</span> <span class='ocrx_word' id='word_1_38' title='bbox 567 874 662 927; x_wconf 74' lang='grc' dir='ltr'><strong>καὶ</strong></span> <span class='ocrx_word' id='word_1_39' title='bbox 686 872 785 925; x_wconf 75' lang='grc' dir='ltr'><strong>οὐκ</strong></span> <span class='ocrx_word' id='word_1_40' title='bbox 814 871 1046 940; x_wconf 87' lang='grc' dir='ltr'>ἐποίησα</span> <span class='ocrx_word' id='word_1_41' title='bbox 1076 869 1260 940; x_wconf 53' lang='lat' dir='ltr'><strong>atomi);</strong></span> <span class='ocrx_word' id='word_1_42' title='bbox 1287 869 1420 922; x_wconf 85' lang='grc' dir='ltr'>διότι</span> <span class='ocrx_word' id='word_1_43' title='bbox 1447 868 1638 939; x_wconf 69' lang='grc' dir='ltr'>ἔμεινα</span> <span class='ocrx_word' id='word_1_44' title='bbox 1659 868 1752 922; x_wconf 89' lang='grc' dir='ltr'><strong>τοῦ</strong></span> <span class='ocrx_word' id='word_1_45' title='bbox 1781 867 2003 937; x_wconf 77' lang='grc' dir='ltr'>ποιῆσαι</span> 
     </span>
    </p>
   </div>
   <div class='ocr_carea' id='block_1_7' title="bbox 415 956 2005 1036">
    <p class='ocr_par' dir='ltr' id='par_1_7' title="bbox 415 956 2005 1036">
     <span class='ocr_line' id='line_1_7' title="bbox 415 956 2005 1036; baseline -0.006 -18"><span class='ocrx_word' id='word_1_46' title='bbox 415 964 712 1036; x_wconf 82' lang='grc' dir='ltr'>σταφυλὴν,</span> <span class='ocrx_word' id='word_1_47' title='bbox 746 963 969 1034; x_wconf 83' lang='grc' dir='ltr'>ἐποίησε</span> <span class='ocrx_word' id='word_1_48' title='bbox 1017 961 1074 1013; x_wconf 74' lang='grc' dir='ltr'>δὲ</span> <span class='ocrx_word' id='word_1_49' title='bbox 1121 961 1380 1024; x_wconf 79' lang='grc' dir='ltr'>ἀκάνθας.</span> <span class='ocrx_word' id='word_1_50' title='bbox 1418 960 1533 1013; x_wconf 82' lang='grc' dir='ltr'>Νῦν</span> <span class='ocrx_word' id='word_1_51' title='bbox 1584 956 1676 1014; x_wconf 86' lang='grc' dir='ltr'><strong>οῦν</strong></span> <span class='ocrx_word' id='word_1_52' title='bbox 1721 957 2005 1027; x_wconf 85' lang='grc' dir='ltr'>ἁναγγελῶ</span> 
     </span>
    </p>
   </div>
   <div class='ocr_carea' id='block_1_8' title="bbox 413 1049 2006 1126">
    <p class='ocr_par' dir='ltr' id='par_1_8' title="bbox 413 1049 2006 1126">
     <span class='ocr_line' id='line_1_8' title="bbox 413 1049 2006 1126; baseline -0.003 -18"><span class='ocrx_word' id='word_1_53' title='bbox 413 1058 543 1126; x_wconf 85' lang='grc' dir='ltr'>ὑμῖν</span> <span class='ocrx_word' id='word_1_54' title='bbox 571 1054 622 1106; x_wconf 88' lang='grc' dir='ltr'><strong>τί</strong></span> <span class='ocrx_word' id='word_1_55' title='bbox 647 1055 858 1124; x_wconf 82' lang='grc' dir='ltr'>ποιήσω</span> <span class='ocrx_word' id='word_1_56' title='bbox 890 1050 968 1122; x_wconf 82' lang='grc' dir='ltr'><strong>τῷ</strong></span> <span class='ocrx_word' id='word_1_57' title='bbox 997 1049 1283 1121; x_wconf 86' lang='grc' dir='ltr'>ἀμπελῶνί</span> <span class='ocrx_word' id='word_1_58' title='bbox 1323 1069 1423 1122; x_wconf 88' lang='grc' dir='ltr'><strong>μου</strong></span> <span class='ocrx_word' id='word_1_59' title='bbox 1446 1067 1458 1081; x_wconf 89' lang='grc'><strong>·</strong></span> <span class='ocrx_word' id='word_1_60' title='bbox 1501 1049 1712 1118; x_wconf 85' lang='grc' dir='ltr'>Ἀφελῶ</span> <span class='ocrx_word' id='word_1_61' title='bbox 1743 1050 1834 1103; x_wconf 83' lang='grc' dir='ltr'><strong>τὸν</strong></span> <span class='ocrx_word' id='word_1_62' title='bbox 1868 1066 2006 1120; x_wconf 83' lang='grc' dir='ltr'>φρα-</span> 
     </span>
    </p>
   </div>
   <div class='ocr_carea' id='block_1_9' title="bbox 413 1142 2005 1218">
    <p class='ocr_par' dir='ltr' id='par_1_9' title="bbox 413 1142 2005 1218">
     <span class='ocr_line' id='line_1_9' title="bbox 413 1142 2005 1218; baseline -0.003 -17"><span class='ocrx_word' id='word_1_63' title='bbox 413 1149 552 1218; x_wconf 87' lang='grc' dir='ltr'>γμὸν</span> <span class='ocrx_word' id='word_1_64' title='bbox 587 1146 772 1209; x_wconf 80' lang='grc' dir='ltr'>αὑτοῦ,</span> <span class='ocrx_word' id='word_1_65' title='bbox 810 1147 904 1207; x_wconf 70' lang='grc' dir='ltr'>καὶ</span> <span class='ocrx_word' id='word_1_66' title='bbox 946 1145 1098 1198; x_wconf 73' lang='grc' dir='ltr'>ἔσται</span> <span class='ocrx_word' id='word_1_67' title='bbox 1139 1147 1218 1207; x_wconf 82' lang='grc' dir='ltr'>εἰς</span> <span class='ocrx_word' id='word_1_68' title='bbox 1262 1144 1605 1216; x_wconf 74' lang='grc' dir='ltr'>διαρπαγήνο</span> <span class='ocrx_word' id='word_1_69' title='bbox 1656 1144 1750 1198; x_wconf 76' lang='grc' dir='ltr'><strong>καὶ</strong></span> <span class='ocrx_word' id='word_1_70' title='bbox 1791 1142 2005 1196; x_wconf 80' lang='grc' dir='ltr'>καθελῶ</span> 
     </span>
    </p>
   </div>
   <div class='ocr_carea' id='block_1_10' title="bbox 413 1236 2006 1309">
    <p class='ocr_par' dir='ltr' id='par_1_10' title="bbox 413 1236 2006 1309">
     <span class='ocr_line' id='line_1_10' title="bbox 413 1236 2006 1309; baseline -0.003 -17"><span class='ocrx_word' id='word_1_71' title='bbox 413 1240 504 1293; x_wconf 71' lang='grc' dir='ltr'><strong>τὸν</strong></span> <span class='ocrx_word' id='word_1_72' title='bbox 549 1241 722 1309; x_wconf 82' lang='grc' dir='ltr'>τοῖχον</span> <span class='ocrx_word' id='word_1_73' title='bbox 766 1236 954 1300; x_wconf 78' lang='grc' dir='ltr'>αὑτοῦ,</span> <span class='ocrx_word' id='word_1_74' title='bbox 997 1239 1090 1289; x_wconf 82' lang='grc' dir='ltr'><strong>καὶ</strong></span> <span class='ocrx_word' id='word_1_75' title='bbox 1131 1236 1283 1290; x_wconf 76' lang='grc' dir='ltr'>ἔσται</span> <span class='ocrx_word' id='word_1_76' title='bbox 1327 1239 1408 1300; x_wconf 88' lang='grc' dir='ltr'><strong>είς</strong></span> <span class='ocrx_word' id='word_1_77' title='bbox 1449 1236 1856 1307; x_wconf 73' lang='grc' dir='ltr'>καταπάτημαο</span> <span class='ocrx_word' id='word_1_78' title='bbox 1910 1237 2006 1290; x_wconf 73' lang='grc' dir='ltr'><strong>καὶ</strong></span> 
     </span>
    </p>
   </div>
   <div class='ocr_carea' id='block_1_11' title="bbox 412 1319 2004 1402">
    <p class='ocr_par' dir='ltr' id='par_1_11' title="bbox 412 1319 2004 1402">
     <span class='ocr_line' id='line_1_11' title="bbox 412 1319 2004 1402; baseline -0.003 -17"><span class='ocrx_word' id='word_1_79' title='bbox 412 1319 609 1402; x_wconf 72' lang='grc' dir='ltr'>ἀνήτω</span> <span class='ocrx_word' id='word_1_80' title='bbox 643 1331 736 1383; x_wconf 74' lang='grc' dir='ltr'>τὸν</span> <span class='ocrx_word' id='word_1_81' title='bbox 772 1329 1069 1401; x_wconf 69' lang='grc' dir='ltr'>ἀμπελῶνα</span> <span class='ocrx_word' id='word_1_82' title='bbox 1104 1348 1224 1400; x_wconf 82' lang='grc' dir='ltr'>μου,</span> <span class='ocrx_word' id='word_1_83' title='bbox 1264 1329 1358 1382; x_wconf 73' lang='grc' dir='ltr'>καὶ</span> <span class='ocrx_word' id='word_1_84' title='bbox 1393 1329 1452 1382; x_wconf 79' lang='grc' dir='ltr'><strong>οὑ</strong></span> <span class='ocrx_word' id='word_1_85' title='bbox 1503 1329 1578 1399; x_wconf 84' lang='grc' dir='ltr'>μὴ</span> <span class='ocrx_word' id='word_1_86' title='bbox 1627 1328 1858 1398; x_wconf 80' lang='grc' dir='ltr'><strong>τιμηθῇ,</strong></span> <span class='ocrx_word' id='word_1_87' title='bbox 1897 1328 2004 1380; x_wconf 79' lang='grc' dir='ltr'>οὐδ’</span> 
     </span>
    </p>
   </div>
   <div class='ocr_carea' id='block_1_12' title="bbox 413 1420 2005 1492">
    <p class='ocr_par' dir='ltr' id='par_1_12' title="bbox 413 1420 2005 1492">
     <span class='ocr_line' id='line_1_12' title="bbox 413 1420 2005 1492; baseline -0.001 -18"><span class='ocrx_word' id='word_1_88' title='bbox 413 1422 476 1474; x_wconf 80' lang='grc' dir='ltr'><strong>οὐ</strong></span> <span class='ocrx_word' id='word_1_89' title='bbox 506 1422 581 1492; x_wconf 79' lang='grc' dir='ltr'>μὴ</span> <span class='ocrx_word' id='word_1_90' title='bbox 613 1423 817 1492; x_wconf 81' lang='grc' dir='ltr'>σκαφῇ,</span> <span class='ocrx_word' id='word_1_91' title='bbox 849 1421 943 1474; x_wconf 72' lang='grc' dir='ltr'><strong>καὶ</strong></span> <span class='ocrx_word' id='word_1_92' title='bbox 972 1421 1302 1492; x_wconf 77' lang='grc' dir='ltr'>ἀναϐήσεται</span> <span class='ocrx_word' id='word_1_93' title='bbox 1330 1423 1409 1484; x_wconf 84' lang='grc' dir='ltr'><strong>είς</strong></span> <span class='ocrx_word' id='word_1_94' title='bbox 1443 1421 1626 1483; x_wconf 76' lang='grc' dir='ltr'>αὑτὸν,</span> <span class='ocrx_word' id='word_1_95' title='bbox 1655 1420 1728 1484; x_wconf 87' lang='grc' dir='ltr'>ὼς</span> <span class='ocrx_word' id='word_1_96' title='bbox 1766 1422 1845 1482; x_wconf 86' lang='grc' dir='ltr'><strong>είς</strong></span> <span class='ocrx_word' id='word_1_97' title='bbox 1878 1420 2005 1491; x_wconf 85' lang='grc' dir='ltr'>χέρ-</span> 
     </span>
    </p>
   </div>
   <div class='ocr_carea' id='block_1_13' title="bbox 418 1509 2004 1582">
    <p class='ocr_par' dir='ltr' id='par_1_13' title="bbox 418 1509 2004 1582">
     <span class='ocr_line' id='line_1_13' title="bbox 418 1509 2004 1582; baseline -0.001 -17"><span class='ocrx_word' id='word_1_98' title='bbox 418 1531 530 1578; x_wconf 92' lang='grc' dir='ltr'>σον,</span> <span class='ocrx_word' id='word_1_99' title='bbox 576 1513 806 1568; x_wconf 79' lang='grc' dir='ltr'>ἄκανθα.</span> <span class='ocrx_word' id='word_1_100' title='bbox 848 1513 959 1567; x_wconf 79' lang='grc' dir='ltr'><strong>Καὶ</strong></span> <span class='ocrx_word' id='word_1_101' title='bbox 999 1516 1120 1576; x_wconf 81' lang='grc' dir='ltr'>ταῖς</span> <span class='ocrx_word' id='word_1_102' title='bbox 1153 1512 1404 1582; x_wconf 73' lang='grc' dir='ltr'>νεφέλαις</span> <span class='ocrx_word' id='word_1_103' title='bbox 1437 1509 1759 1580; x_wconf 82' lang='grc' dir='ltr'>ὲντελοῦμαι</span> <span class='ocrx_word' id='word_1_104' title='bbox 1790 1509 1883 1564; x_wconf 86' lang='grc' dir='ltr'><strong>τοῦ</strong></span> <span class='ocrx_word' id='word_1_105' title='bbox 1931 1511 2004 1582; x_wconf 81' lang='grc' dir='ltr'>μὴ</span> 
     </span>
    </p>
   </div>
   <div class='ocr_carea' id='block_1_14' title="bbox 415 1600 2008 1673">
    <p class='ocr_par' dir='ltr' id='par_1_14' title="bbox 415 1600 2008 1673">
     <span class='ocr_line' id='line_1_14' title="bbox 415 1600 2008 1673; baseline -0.002 -18"><span class='ocrx_word' id='word_1_106' title='bbox 415 1603 606 1673; x_wconf 86' lang='grc' dir='ltr'>βρέξαι</span> <span class='ocrx_word' id='word_1_107' title='bbox 633 1605 714 1666; x_wconf 81' lang='grc' dir='ltr'><strong>είς</strong></span> <span class='ocrx_word' id='word_1_108' title='bbox 746 1604 907 1656; x_wconf 77' lang='grc' dir='ltr'>αὑτὸν</span> <span class='ocrx_word' id='word_1_109' title='bbox 942 1603 1115 1656; x_wconf 81' lang='grc' dir='ltr'>ὑετόν.</span> <span class='ocrx_word' id='word_1_110' title='bbox 1163 1623 1182 1654; x_wconf 68' lang='grc' dir='ltr'><strong>ι</strong></span> <span class='ocrx_word' id='word_1_111' title='bbox 1221 1602 1471 1668; x_wconf 80' lang='grc' dir='ltr'><strong>Νεφέλας</strong></span> <span class='ocrx_word' id='word_1_112' title='bbox 1502 1600 1677 1671; x_wconf 82' lang='grc' dir='ltr'>δηλῶν</span> <span class='ocrx_word' id='word_1_113' title='bbox 1709 1603 1836 1664; x_wconf 78' lang='grc' dir='ltr'>τοὺς</span> <span class='ocrx_word' id='word_1_114' title='bbox 1884 1618 2008 1671; x_wconf 86' lang='grc' dir='ltr'><strong>προ⁴</strong></span> 
     </span>
    </p>
   </div>
   <div class='ocr_carea' id='block_1_15' title="bbox 415 1690 2006 1764">
    <p class='ocr_par' dir='ltr' id='par_1_15' title="bbox 415 1690 2006 1764">
     <span class='ocr_line' id='line_1_15' title="bbox 415 1690 2006 1764; baseline -0.001 -18"><span class='ocrx_word' id='word_1_115' title='bbox 415 1690 621 1764; x_wconf 70' lang='grc' dir='ltr'>φῆταςο</span> <span class='ocrx_word' id='word_1_116' title='bbox 656 1693 791 1747; x_wconf 71' lang='grc' dir='ltr'>ἀλλὰ</span> <span class='ocrx_word' id='word_1_117' title='bbox 831 1696 923 1746; x_wconf 73' lang='grc' dir='ltr'><strong>καὶ</strong></span> <span class='ocrx_word' id='word_1_118' title='bbox 957 1692 1043 1746; x_wconf 72' lang='grc' dir='ltr'><strong>διὰ</strong></span> <span class='ocrx_word' id='word_1_119' title='bbox 1088 1693 1147 1744; x_wconf 88' lang='grc' dir='ltr'><strong>τὸ</strong></span> <span class='ocrx_word' id='word_1_120' title='bbox 1179 1692 1415 1763; x_wconf 69' lang='grc' dir='ltr'>καθαρὸν</span> <span class='ocrx_word' id='word_1_121' title='bbox 1451 1691 1632 1745; x_wconf 74' lang='grc' dir='ltr'>αὐτῶν</span> <span class='ocrx_word' id='word_1_122' title='bbox 1665 1692 1761 1744; x_wconf 68' lang='grc' dir='ltr'><strong>καὶ</strong></span> <span class='ocrx_word' id='word_1_123' title='bbox 1787 1692 2006 1760; x_wconf 77' lang='grc' dir='ltr'>διαυγὲς</span> 
     </span>
    </p>
   </div>
   <div class='ocr_carea' id='block_1_16' title="bbox 411 1781 2008 1854">
    <p class='ocr_par' dir='ltr' id='par_1_16' title="bbox 411 1781 2008 1854">
     <span class='ocr_line' id='line_1_16' title="bbox 411 1781 2008 1854; baseline -0.003 -17"><span class='ocrx_word' id='word_1_124' title='bbox 411 1783 506 1837; x_wconf 84' lang='grc' dir='ltr'><strong>τοῦ</strong></span> <span class='ocrx_word' id='word_1_125' title='bbox 551 1784 688 1854; x_wconf 79' lang='grc' dir='ltr'>βίου,</span> <span class='ocrx_word' id='word_1_126' title='bbox 731 1782 962 1852; x_wconf 79' lang='grc' dir='ltr'>νεφέλας</span> <span class='ocrx_word' id='word_1_127' title='bbox 1008 1783 1207 1845; x_wconf 68' lang='grc' dir='ltr'>αὐτοὺς</span> <span class='ocrx_word' id='word_1_128' title='bbox 1242 1781 1427 1834; x_wconf 86' lang='grc' dir='ltr'>καλεῖ·</span> <span class='ocrx_word' id='word_1_129' title='bbox 1470 1781 1558 1835; x_wconf 80' lang='grc' dir='ltr'>διὰ</span> <span class='ocrx_word' id='word_1_130' title='bbox 1589 1781 1795 1835; x_wconf 74' lang='grc' dir='ltr'>τούτων</span> <span class='ocrx_word' id='word_1_131' title='bbox 1832 1781 1942 1851; x_wconf 76' lang='grc' dir='ltr'>γὰρ</span> <span class='ocrx_word' id='word_1_132' title='bbox 1981 1783 2008 1832; x_wconf 99' lang='lat'><strong>6</strong></span> 
     </span>
    </p>
   </div>
   <div class='ocr_carea' id='block_1_17' title="bbox 1377 380 2682 441">
    <p class='ocr_par' dir='ltr' id='par_1_17' title="bbox 1377 380 2682 441">
     <span class='ocr_line' id='line_1_17' title="bbox 1377 380 2682 441; baseline -0.005 -1"><span class='ocrx_word' id='word_1_133' title='bbox 1377 383 1879 441; x_wconf 64' lang='lat' dir='ltr'><strong>COMMENTARIA</strong></span> <span class='ocrx_word' id='word_1_134' title='bbox 1919 383 1984 438; x_wconf 75' lang='grc' dir='ltr'><strong>ΙΝ</strong></span> <span class='ocrx_word' id='word_1_135' title='bbox 2026 383 2276 438; x_wconf 68' lang='grc' dir='ltr'><strong>ΙΞᾹΙᾹΜ.</strong></span> <span class='ocrx_word' id='word_1_136' title='bbox 2318 413 2385 423; x_wconf 87' lang='grc'><strong><em>-</em></strong></span> <span class='ocrx_word' id='word_1_137' title='bbox 2423 383 2573 438; x_wconf 77' lang='lat' dir='ltr'><strong>CAP.</strong></span> <span class='ocrx_word' id='word_1_138' title='bbox 2618 380 2682 434; x_wconf 82' lang='lat' dir='ltr'><strong>V.</strong></span> 
     </span>
    </p>
   </div>
   <div class='ocr_carea' id='block_1_18' title="bbox 3585 379 3683 434">
    <p class='ocr_par' dir='ltr' id='par_1_18' title="bbox 3585 379 3683 434">
     <span class='ocr_line' id='line_1_18' title="bbox 3585 379 3683 434; baseline -0.041 0"><span class='ocrx_word' id='word_1_139' title='bbox 3585 379 3683 434; x_wconf 81' lang='lat' dir='ltr'><strong>H8</strong></span> 
     </span>
    </p>
   </div>
   <div class='ocr_carea' id='block_1_19' title="bbox 2180 495 3682 568">
    <p class='ocr_par' dir='ltr' id='par_1_19' title="bbox 2180 495 3682 568">
     <span class='ocr_line' id='line_1_19' title="bbox 2180 495 3682 568; baseline -0.001 -15"><span class='ocrx_word' id='word_1_140' title='bbox 2180 501 2340 556; x_wconf 70' lang='lat' dir='ltr'><strong>Vens.</strong></span> <span class='ocrx_word' id='word_1_141' title='bbox 2373 501 2490 554; x_wconf 75' lang='lat'><strong>3-6.</strong></span> <span class='ocrx_word' id='word_1_142' title='bbox 2537 520 2554 551; x_wconf 87' lang='grc'>‹</span> <span class='ocrx_word' id='word_1_143' title='bbox 2612 500 2678 553; x_wconf 80' lang='lat' dir='ltr'><strong>Et</strong></span> <span class='ocrx_word' id='word_1_144' title='bbox 2730 497 3038 568; x_wconf 74' lang='lat' dir='ltr'><strong>exspectavi</strong></span> <span class='ocrx_word' id='word_1_145' title='bbox 3083 507 3139 550; x_wconf 94' lang='lat' dir='ltr'><strong>ut</strong></span> <span class='ocrx_word' id='word_1_146' title='bbox 3180 495 3382 549; x_wconf 85' lang='lat' dir='ltr'><strong>faceret</strong></span> <span class='ocrx_word' id='word_1_147' title='bbox 3439 511 3590 558; x_wconf 80' lang='lat' dir='ltr'><strong>uvas,</strong></span> <span class='ocrx_word' id='word_1_148' title='bbox 3627 508 3682 551; x_wconf 67' lang='lat' dir='ltr'><strong>et</strong></span> 
     </span>
    </p>
   </div>
   <div class='ocr_carea' id='block_1_20' title="bbox 2110 583 3683 656">
    <p class='ocr_par' dir='ltr' id='par_1_20' title="bbox 2110 583 3683 656">
     <span class='ocr_line' id='line_1_20' title="bbox 2110 583 3683 656; baseline -0.001 -16"><span class='ocrx_word' id='word_1_149' title='bbox 2110 589 2236 640; x_wconf 72' lang='lat' dir='ltr'><strong>fecit</strong></span> <span class='ocrx_word' id='word_1_150' title='bbox 2269 588 2476 656; x_wconf 85' lang='lat' dir='ltr'><strong>spinas.</strong></span> <span class='ocrx_word' id='word_1_151' title='bbox 2530 587 2595 641; x_wconf 86' lang='lat' dir='ltr'><strong>Et</strong></span> <span class='ocrx_word' id='word_1_152' title='bbox 2650 602 2792 640; x_wconf 89' lang='lat' dir='ltr'><strong>nunc</strong></span> <span class='ocrx_word' id='word_1_153' title='bbox 2829 586 2920 654; x_wconf 86' lang='lat' dir='ltr'><strong>qui</strong></span> <span class='ocrx_word' id='word_1_154' title='bbox 2980 586 3217 640; x_wconf 90' lang='lat' dir='ltr'><strong>incolitis</strong></span> <span class='ocrx_word' id='word_1_155' title='bbox 3263 583 3586 649; x_wconf 73' lang='lat' dir='ltr'><strong>Jerusalem,</strong></span> <span class='ocrx_word' id='word_1_156' title='bbox 3628 596 3683 638; x_wconf 92' lang='lat' dir='ltr'><strong>et</strong></span> 
     </span>
    </p>
   </div>
   <div class='ocr_carea' id='block_1_21' title="bbox 2109 677 3683 749">
    <p class='ocr_par' dir='ltr' id='par_1_21' title="bbox 2109 677 3683 749">
     <span class='ocr_line' id='line_1_21' title="bbox 2109 677 3683 749; baseline -0.003 -15"><span class='ocrx_word' id='word_1_157' title='bbox 2109 681 2272 734; x_wconf 83' lang='lat' dir='ltr'><strong>homo</strong></span> <span class='ocrx_word' id='word_1_158' title='bbox 2330 679 2491 743; x_wconf 86' lang='lat' dir='ltr'><strong>Juda,</strong></span> <span class='ocrx_word' id='word_1_159' title='bbox 2526 680 2781 749; x_wconf 85' lang='lat' dir='ltr'><strong>judicate.</strong></span> <span class='ocrx_word' id='word_1_160' title='bbox 2827 680 2970 734; x_wconf 84' lang='lat' dir='ltr'><strong>inter</strong></span> <span class='ocrx_word' id='word_1_161' title='bbox 3020 694 3106 732; x_wconf 89' lang='lat' dir='ltr'><strong>me</strong></span> <span class='ocrx_word' id='word_1_162' title='bbox 3174 688 3229 731; x_wconf 93' lang='lat' dir='ltr'><strong>et</strong></span> <span class='ocrx_word' id='word_1_163' title='bbox 3287 678 3429 732; x_wconf 90' lang='lat' dir='ltr'><strong>inter</strong></span> <span class='ocrx_word' id='word_1_164' title='bbox 3468 677 3683 731; x_wconf 88' lang='lat' dir='ltr'><strong>vineam</strong></span> 
     </span>
    </p>
   </div>
   <div class='ocr_carea' id='block_1_22' title="bbox 2109 770 3682 837">
    <p class='ocr_par' dir='ltr' id='par_1_22' title="bbox 2109 770 3682 837">
     <span class='ocr_line' id='line_1_22' title="bbox 2109 770 3682 837; baseline -0.003 -12"><span class='ocrx_word' id='word_1_165' title='bbox 2109 786 2304 825; x_wconf 83' lang='lat' dir='ltr'><strong>meam.</strong></span> <span class='ocrx_word' id='word_1_166' title='bbox 2357 770 2496 837; x_wconf 78' lang='lat' dir='ltr'><strong>Quid</strong></span> <span class='ocrx_word' id='word_1_167' title='bbox 2548 772 2739 826; x_wconf 84' lang='lat' dir='ltr'><strong>faciam</strong></span> <span class='ocrx_word' id='word_1_168' title='bbox 2787 772 2965 826; x_wconf 88' lang='lat' dir='ltr'><strong>adhuc</strong></span> <span class='ocrx_word' id='word_1_169' title='bbox 2987 771 3159 825; x_wconf 78' lang='lat' dir='ltr'><strong>vinea:</strong></span> <span class='ocrx_word' id='word_1_170' title='bbox 3206 785 3359 836; x_wconf 67' lang='lat' dir='ltr'><strong>mete,</strong></span> <span class='ocrx_word' id='word_1_171' title='bbox 3403 770 3682 837; x_wconf 84' lang='lat' dir='ltr'><strong>quodnon</strong></span> 
     </span>
    </p>
   </div>
   <div class='ocr_carea' id='block_1_23' title="bbox 2109 857 3688 930">
    <p class='ocr_par' dir='ltr' id='par_1_23' title="bbox 2109 857 3688 930">
     <span class='ocr_line' id='line_1_23' title="bbox 2109 857 3688 930; baseline -0.001 -17"><span class='ocrx_word' id='word_1_172' title='bbox 2109 861 2210 915; x_wconf 87' lang='lat' dir='ltr'><strong>feci</strong></span> <span class='ocrx_word' id='word_1_173' title='bbox 2244 862 2293 916; x_wconf 89' lang='lat' dir='ltr'><strong>ei</strong></span> <span class='ocrx_word' id='word_1_174' title='bbox 2322 862 2344 914; x_wconf 86' lang='lat'><strong>?</strong></span> <span class='ocrx_word' id='word_1_175' title='bbox 2374 862 2502 930; x_wconf 84' lang='lat' dir='ltr'><strong>quia</strong></span> <span class='ocrx_word' id='word_1_176' title='bbox 2533 862 2842 930; x_wconf 76' lang='lat' dir='ltr'><strong>exspec1avi</strong></span> <span class='ocrx_word' id='word_1_177' title='bbox 2885 872 2942 915; x_wconf 89' lang='lat' dir='ltr'><strong>ut</strong></span> <span class='ocrx_word' id='word_1_178' title='bbox 2993 861 3196 916; x_wconf 81' lang='lat' dir='ltr'><strong>faceret</strong></span> <span class='ocrx_word' id='word_1_179' title='bbox 3236 876 3387 927; x_wconf 88' lang='lat' dir='ltr'><strong>uvas,</strong></span> <span class='ocrx_word' id='word_1_180' title='bbox 3423 859 3515 914; x_wconf 89' lang='lat' dir='ltr'><strong>sed</strong></span> <span class='ocrx_word' id='word_1_181' title='bbox 3559 857 3688 912; x_wconf 84' lang='lat' dir='ltr'><strong>fecit</strong></span> 
     </span>
    </p>
   </div>
   <div class='ocr_carea' id='block_1_24' title="bbox 2107 953 3682 1022">
    <p class='ocr_par' dir='ltr' id='par_1_24' title="bbox 2107 953 3682 1022">
     <span class='ocr_line' id='line_1_24' title="bbox 2107 953 3682 1022; baseline -0.001 -16"><span class='ocrx_word' id='word_1_182' title='bbox 2107 954 2333 1022; x_wconf 88' lang='lat' dir='ltr'><strong>spinas?</strong></span> <span class='ocrx_word' id='word_1_183' title='bbox 2372 955 2529 1008; x_wconf 76' lang='lat' dir='ltr'><strong>Nune</strong></span> <span class='ocrx_word' id='word_1_184' title='bbox 2571 955 2736 1022; x_wconf 88' lang='lat' dir='ltr'><strong>igitur</strong></span> <span class='ocrx_word' id='word_1_185' title='bbox 2765 954 3106 1008; x_wconf 88' lang='lat' dir='ltr'><strong>annuntiabo</strong></span> <span class='ocrx_word' id='word_1_186' title='bbox 3135 955 3292 1009; x_wconf 86' lang='lat' dir='ltr'><strong>vobis</strong></span> <span class='ocrx_word' id='word_1_187' title='bbox 3322 955 3450 1022; x_wconf 88' lang='lat' dir='ltr'><strong>quid</strong></span> <span class='ocrx_word' id='word_1_188' title='bbox 3487 953 3682 1007; x_wconf 87' lang='lat' dir='ltr'><strong>faciam</strong></span> 
     </span>
    </p>
   </div>
   <div class='ocr_carea' id='block_1_25' title="bbox 2109 1044 3686 1114">
    <p class='ocr_par' dir='ltr' id='par_1_25' title="bbox 2109 1044 3686 1114">
     <span class='ocr_line' id='line_1_25' title="bbox 2109 1044 3686 1114; baseline 0.001 -17"><span class='ocrx_word' id='word_1_189' title='bbox 2109 1045 2280 1099; x_wconf 76' lang='lat' dir='ltr'><strong>vinea:</strong></span> <span class='ocrx_word' id='word_1_190' title='bbox 2311 1060 2442 1099; x_wconf 61' lang='lat' dir='ltr'><strong>mea:</strong></span> <span class='ocrx_word' id='word_1_191' title='bbox 2473 1066 2485 1100; x_wconf 89' lang='lat'>:</span> <span class='ocrx_word' id='word_1_192' title='bbox 2513 1045 2767 1099; x_wconf 84' lang='lat' dir='ltr'><strong>Auferam</strong></span> <span class='ocrx_word' id='word_1_193' title='bbox 2798 1061 2978 1114; x_wconf 87' lang='lat' dir='ltr'><strong>sepem</strong></span> <span class='ocrx_word' id='word_1_194' title='bbox 3022 1045 3163 1114; x_wconf 84' lang='lat' dir='ltr'><strong>ejus,</strong></span> <span class='ocrx_word' id='word_1_195' title='bbox 3209 1053 3266 1101; x_wconf 91' lang='lat' dir='ltr'><strong>et</strong></span> <span class='ocrx_word' id='word_1_196' title='bbox 3315 1045 3420 1100; x_wconf 89' lang='lat' dir='ltr'><strong>erit</strong></span> <span class='ocrx_word' id='word_1_197' title='bbox 3450 1047 3503 1098; x_wconf 93' lang='lat' dir='ltr'><strong>in</strong></span> <span class='ocrx_word' id='word_1_198' title='bbox 3543 1044 3686 1098; x_wconf 86' lang='lat' dir='ltr'><strong>dire-</strong></span> 
     </span>
    </p>
   </div>
   <div class='ocr_carea' id='block_1_26' title="bbox 2107 1133 3686 1206">
    <p class='ocr_par' dir='ltr' id='par_1_26' title="bbox 2107 1133 3686 1206">
     <span class='ocr_line' id='line_1_26' title="bbox 2107 1133 3686 1206; baseline -0.001 -18"><span class='ocrx_word' id='word_1_199' title='bbox 2107 1137 2345 1206; x_wconf 87' lang='lat' dir='ltr'><strong>ptionem</strong></span> <span class='ocrx_word' id='word_1_200' title='bbox 2376 1137 2624 1192; x_wconf 90' lang='lat' dir='ltr'><strong>:diruam</strong></span> <span class='ocrx_word' id='word_1_201' title='bbox 2655 1137 2948 1196; x_wconf 83' lang='lat' dir='ltr'><strong>maceriam</strong></span> <span class='ocrx_word' id='word_1_202' title='bbox 2973 1135 3112 1205; x_wconf 87' lang='lat' dir='ltr'><strong>ejus,</strong></span> <span class='ocrx_word' id='word_1_203' title='bbox 3153 1145 3208 1190; x_wconf 90' lang='lat' dir='ltr'><strong>et</strong></span> <span class='ocrx_word' id='word_1_204' title='bbox 3229 1136 3333 1190; x_wconf 91' lang='lat' dir='ltr'><strong>erit</strong></span> <span class='ocrx_word' id='word_1_205' title='bbox 3373 1137 3423 1189; x_wconf 91' lang='lat' dir='ltr'><strong>in</strong></span> <span class='ocrx_word' id='word_1_206' title='bbox 3462 1133 3686 1190; x_wconf 86' lang='lat' dir='ltr'><strong>concul-</strong></span> 
     </span>
    </p>
   </div>
   <div class='ocr_carea' id='block_1_27' title="bbox 2109 1226 3689 1295">
    <p class='ocr_par' dir='ltr' id='par_1_27' title="bbox 2109 1226 3689 1295">
     <span class='ocr_line' id='line_1_27' title="bbox 2109 1226 3689 1295; baseline -0.003 -14"><span class='ocrx_word' id='word_1_207' title='bbox 2109 1229 2378 1281; x_wconf 84' lang='lat' dir='ltr'><strong>cationem</strong></span> <span class='ocrx_word' id='word_1_208' title='bbox 2419 1245 2431 1280; x_wconf 84' lang='lat'>:</span> <span class='ocrx_word' id='word_1_209' title='bbox 2464 1236 2518 1280; x_wconf 93' lang='lat' dir='ltr'><strong>et</strong></span> <span class='ocrx_word' id='word_1_210' title='bbox 2543 1226 2844 1295; x_wconf 77' lang='lat' dir='ltr'><strong>relinquam</strong></span> <span class='ocrx_word' id='word_1_211' title='bbox 2882 1226 3095 1279; x_wconf 86' lang='lat' dir='ltr'><strong>vineam</strong></span> <span class='ocrx_word' id='word_1_212' title='bbox 3137 1241 3332 1291; x_wconf 85' lang='lat' dir='ltr'><strong>meam,</strong></span> <span class='ocrx_word' id='word_1_213' title='bbox 3375 1235 3429 1280; x_wconf 89' lang='lat' dir='ltr'><strong>et</strong></span> <span class='ocrx_word' id='word_1_214' title='bbox 3460 1241 3565 1279; x_wconf 91' lang='lat' dir='ltr'><strong>non</strong></span> <span class='ocrx_word' id='word_1_215' title='bbox 3591 1240 3689 1294; x_wconf 89' lang='lat' dir='ltr'><strong>pu-</strong></span> 
     </span>
    </p>
   </div>
   <div class='ocr_carea' id='block_1_28' title="bbox 2111 1315 3688 1386">
    <p class='ocr_par' dir='ltr' id='par_1_28' title="bbox 2111 1315 3688 1386">
     <span class='ocr_line' id='line_1_28' title="bbox 2111 1315 3688 1386; baseline -0.001 -16"><span class='ocrx_word' id='word_1_216' title='bbox 2111 1318 2335 1379; x_wconf 87' lang='lat' dir='ltr'><strong>tabitur,</strong></span> <span class='ocrx_word' id='word_1_217' title='bbox 2379 1333 2556 1386; x_wconf 86' lang='lat' dir='ltr'><strong>neque</strong></span> <span class='ocrx_word' id='word_1_218' title='bbox 2583 1316 2839 1379; x_wconf 89' lang='lat' dir='ltr'><strong>fodietur,</strong></span> <span class='ocrx_word' id='word_1_219' title='bbox 2871 1325 2924 1369; x_wconf 89' lang='lat' dir='ltr'><strong>et</strong></span> <span class='ocrx_word' id='word_1_220' title='bbox 2953 1326 3203 1369; x_wconf 74' lang='lat' dir='ltr'><strong>crescent</strong></span> <span class='ocrx_word' id='word_1_221' title='bbox 3235 1315 3286 1369; x_wconf 92' lang='lat' dir='ltr'><strong>in</strong></span> <span class='ocrx_word' id='word_1_222' title='bbox 3311 1330 3393 1379; x_wconf 89' lang='lat' dir='ltr'><strong>ea,</strong></span> <span class='ocrx_word' id='word_1_223' title='bbox 3429 1325 3688 1385; x_wconf 86' lang='lat' dir='ltr'><strong>tanquam</strong></span> 
     </span>
    </p>
   </div>
   <div class='ocr_carea' id='block_1_29' title="bbox 2110 1405 3689 1477">
    <p class='ocr_par' dir='ltr' id='par_1_29' title="bbox 2110 1405 3689 1477">
     <span class='ocr_line' id='line_1_29' title="bbox 2110 1405 3689 1477; baseline 0 -15"><span class='ocrx_word' id='word_1_224' title='bbox 2110 1409 2162 1462; x_wconf 90' lang='lat' dir='ltr'><strong>in</strong></span> <span class='ocrx_word' id='word_1_225' title='bbox 2205 1409 2406 1463; x_wconf 91' lang='lat' dir='ltr'><strong>inculta</strong></span> <span class='ocrx_word' id='word_1_226' title='bbox 2467 1417 2637 1472; x_wconf 89' lang='lat' dir='ltr'><strong>terra,</strong></span> <span class='ocrx_word' id='word_1_227' title='bbox 2695 1408 2887 1477; x_wconf 65' lang='lat' dir='ltr'><strong>spinae.</strong></span> <span class='ocrx_word' id='word_1_228' title='bbox 2928 1407 2991 1460; x_wconf 83' lang='lat' dir='ltr'><strong>Et</strong></span> <span class='ocrx_word' id='word_1_229' title='bbox 3023 1405 3256 1460; x_wconf 89' lang='lat' dir='ltr'><strong>nubibus</strong></span> <span class='ocrx_word' id='word_1_230' title='bbox 3301 1408 3570 1462; x_wconf 78' lang='lat' dir='ltr'><strong>mandabo</strong></span> <span class='ocrx_word' id='word_1_231' title='bbox 3619 1418 3689 1462; x_wconf 81' lang='lat' dir='ltr'><strong>ne</strong></span> 
     </span>
    </p>
   </div>
   <div class='ocr_carea' id='block_1_30' title="bbox 2109 1495 3688 1568">
    <p class='ocr_par' dir='ltr' id='par_1_30' title="bbox 2109 1495 3688 1568">
     <span class='ocr_line' id='line_1_30' title="bbox 2109 1495 3688 1568; baseline 0.001 -18"><span class='ocrx_word' id='word_1_232' title='bbox 2109 1499 2294 1568; x_wconf 88' lang='lat' dir='ltr'><strong>pluant</strong></span> <span class='ocrx_word' id='word_1_233' title='bbox 2326 1513 2492 1567; x_wconf 86' lang='lat' dir='ltr'><strong>super</strong></span> <span class='ocrx_word' id='word_1_234' title='bbox 2517 1513 2636 1552; x_wconf 86' lang='lat' dir='ltr'><strong>eam</strong></span> <span class='ocrx_word' id='word_1_235' title='bbox 2677 1497 2933 1567; x_wconf 85' lang='lat' dir='ltr'><strong>pluviam.</strong></span> <span class='ocrx_word' id='word_1_236' title='bbox 2963 1515 2980 1547; x_wconf 74' lang='grc' dir='ltr'><strong>ι</strong></span> <span class='ocrx_word' id='word_1_237' title='bbox 3013 1495 3192 1550; x_wconf 84' lang='lat' dir='ltr'><strong>Nubes</strong></span> <span class='ocrx_word' id='word_1_238' title='bbox 3226 1512 3428 1550; x_wconf 88' lang='lat' dir='ltr'><strong>vocans</strong></span> <span class='ocrx_word' id='word_1_239' title='bbox 3459 1498 3688 1568; x_wconf 89' lang='lat' dir='ltr'><strong>prophe-</strong></span> 
     </span>
    </p>
   </div>
   <div class='ocr_carea' id='block_1_31' title="bbox 2115 1583 3688 1661">
    <p class='ocr_par' dir='ltr' id='par_1_31' title="bbox 2115 1583 3688 1661">
     <span class='ocr_line' id='line_1_31' title="bbox 2115 1583 3688 1661; baseline 0 -17"><span class='ocrx_word' id='word_1_240' title='bbox 2115 1601 2195 1644; x_wconf 85' lang='lat' dir='ltr'><strong>tas</strong></span> <span class='ocrx_word' id='word_1_241' title='bbox 2221 1610 2240 1661; x_wconf 73' lang='lat'><strong><em>;</em></strong></span> <span class='ocrx_word' id='word_1_242' title='bbox 2277 1607 2410 1658; x_wconf 89' lang='lat' dir='ltr'><strong>quos</strong></span> <span class='ocrx_word' id='word_1_243' title='bbox 2449 1591 2518 1643; x_wconf 93' lang='lat' dir='ltr'><strong>ob</strong></span> <span class='ocrx_word' id='word_1_244' title='bbox 2563 1590 2858 1659; x_wconf 78' lang='lat' dir='ltr'><strong>puritatem</strong></span> <span class='ocrx_word' id='word_1_245' title='bbox 2894 1597 2949 1644; x_wconf 89' lang='lat' dir='ltr'><strong>et</strong></span> <span class='ocrx_word' id='word_1_246' title='bbox 2992 1590 3114 1642; x_wconf 65' lang='lat' dir='ltr'><strong>vita:</strong></span> <span class='ocrx_word' id='word_1_247' title='bbox 3144 1583 3489 1656; x_wconf 85' lang='lat' dir='ltr'><strong>splendorem</strong></span> <span class='ocrx_word' id='word_1_248' title='bbox 3518 1590 3688 1644; x_wconf 80' lang='lat' dir='ltr'><strong>nubes</strong></span> 
     </span>
    </p>
   </div>
   <div class='ocr_carea' id='block_1_32' title="bbox 2112 1668 3688 1750">
    <p class='ocr_par' dir='ltr' id='par_1_32' title="bbox 2112 1668 3688 1750">
     <span class='ocr_line' id='line_1_32' title="bbox 2112 1668 3688 1750; baseline 0.001 -17"><span class='ocrx_word' id='word_1_249' title='bbox 2112 1668 2381 1750; x_wconf 82' lang='lat' dir='ltr'><strong>appellat:</strong></span> <span class='ocrx_word' id='word_1_250' title='bbox 2422 1681 2616 1734; x_wconf 86' lang='lat' dir='ltr'><strong>borum</strong></span> <span class='ocrx_word' id='word_1_251' title='bbox 2668 1679 2813 1733; x_wconf 87' lang='lat' dir='ltr'><strong>enim</strong></span> <span class='ocrx_word' id='word_1_252' title='bbox 2853 1694 3020 1747; x_wconf 84' lang='lat' dir='ltr'><strong>Opera</strong></span> <span class='ocrx_word' id='word_1_253' title='bbox 3052 1680 3294 1733; x_wconf 66' lang='lat' dir='ltr'><strong>caelestis</strong></span> <span class='ocrx_word' id='word_1_254' title='bbox 3344 1681 3476 1747; x_wconf 88' lang='lat' dir='ltr'><strong>ipsis</strong></span> <span class='ocrx_word' id='word_1_255' title='bbox 3503 1695 3688 1734; x_wconf 86' lang='lat' dir='ltr'><strong>sermo</strong></span> 
     </span>
    </p>
   </div>
   <div class='ocr_carea' id='block_1_33' title="bbox 2112 1771 3688 1846">
    <p class='ocr_par' dir='ltr' id='par_1_33' title="bbox 2112 1771 3688 1846">
     <span class='ocr_line' id='line_1_33' title="bbox 2112 1771 3688 1846; baseline 0 -20"><span class='ocrx_word' id='word_1_256' title='bbox 2112 1771 2378 1836; x_wconf 82' lang='lat' dir='ltr'><strong>dabatur,</strong></span> <span class='ocrx_word' id='word_1_257' title='bbox 2441 1773 2639 1843; x_wconf 82' lang='lat' dir='ltr'><strong>quibus</strong></span> <span class='ocrx_word' id='word_1_258' title='bbox 2685 1771 2946 1846; x_wconf 71' lang='lat' dir='ltr'><strong>Dominus</strong></span> <span class='ocrx_word' id='word_1_259' title='bbox 3003 1786 3064 1826; x_wconf 87' lang='lat' dir='ltr'><strong>se</strong></span> <span class='ocrx_word' id='word_1_260' title='bbox 3100 1771 3464 1826; x_wconf 82' lang='lat' dir='ltr'><strong>discessurum</strong></span> <span class='ocrx_word' id='word_1_261' title='bbox 3516 1772 3688 1826; x_wconf 86' lang='lat' dir='ltr'><strong>inter-</strong></span> 
     </span>
    </p>
   </div>
   <div class='ocr_carea' id='block_1_34' title="bbox 410 1860 2364 1946">
    <p class='ocr_par' dir='ltr' id='par_1_34' title="bbox 410 1860 2364 1946">
     <span class='ocr_line' id='line_1_34' title="bbox 410 1860 2364 1946; baseline -0.002 -19"><span class='ocrx_word' id='word_1_262' title='bbox 410 1875 659 1946; x_wconf 69' lang='grc' dir='ltr'>οὐράνιος</span> <span class='ocrx_word' id='word_1_263' title='bbox 689 1874 870 1935; x_wconf 77' lang='grc' dir='ltr'>αὐτοῖς</span> <span class='ocrx_word' id='word_1_264' title='bbox 894 1875 1211 1945; x_wconf 77' lang='grc' dir='ltr'>ἐχορηγεῖτο</span> <span class='ocrx_word' id='word_1_265' title='bbox 1246 1871 1431 1941; x_wconf 85' lang='grc' dir='ltr'>λόγος·</span> <span class='ocrx_word' id='word_1_266' title='bbox 1468 1867 1548 1936; x_wconf 76' lang='grc' dir='ltr'>οἷς</span> <span class='ocrx_word' id='word_1_267' title='bbox 1580 1872 1796 1926; x_wconf 83' lang='grc' dir='ltr'>ἀπειλεῖ</span> <span class='ocrx_word' id='word_1_268' title='bbox 1826 1873 1854 1924; x_wconf 90' lang='lat'><strong>6</strong></span> <span class='ocrx_word' id='word_1_269' title='bbox 1888 1873 2002 1926; x_wconf 81' lang='grc' dir='ltr'><strong>Κύ-</strong></span> <span class='ocrx_word' id='word_1_270' title='bbox 2037 1860 2078 1914; x_wconf 75' lang='grc' dir='ltr'>Β</span> <span class='ocrx_word' id='word_1_271' title='bbox 2109 1862 2364 1929; x_wconf 69' lang='grc' dir='ltr'><strong>ιῐιῖηιβιυΐ-</strong></span> 
     </span>
    </p>
   </div>
   <div class='ocr_carea' id='block_1_35' title="bbox 411 1964 1119 2043">
    <p class='ocr_par' dir='ltr' id='par_1_35' title="bbox 411 1964 1119 2043">
     <span class='ocr_line' id='line_1_35' title="bbox 411 1964 1119 2043; baseline -0.003 -23"><span class='ocrx_word' id='word_1_272' title='bbox 411 1983 528 2043; x_wconf 85' lang='grc' dir='ltr'>ριος</span> <span class='ocrx_word' id='word_1_273' title='bbox 558 1966 886 2035; x_wconf 75' lang='grc' dir='ltr'>ἀποστήσειν</span> <span class='ocrx_word' id='word_1_274' title='bbox 921 1966 986 2017; x_wconf 76' lang='grc' dir='ltr'>αὑ</span> <span class='ocrx_word' id='word_1_275' title='bbox 995 1964 1119 2018; x_wconf 87' lang='grc' dir='ltr'>τῶν.</span> 
     </span>
    </p>
   </div>
   <div class='ocr_carea' id='block_1_36' title="bbox 486 2059 2004 2130">
    <p class='ocr_par' dir='ltr' id='par_1_36' title="bbox 486 2059 2004 2130">
     <span class='ocr_line' id='line_1_36' title="bbox 486 2059 2004 2130; baseline 0.001 -20"><span class='ocrx_word' id='word_1_276' title='bbox 486 2080 504 2110; x_wconf 77' lang='grc' dir='ltr'><strong>ι</strong></span> <span class='ocrx_word' id='word_1_277' title='bbox 545 2060 775 2130; x_wconf 81' lang='grc' dir='ltr'>Ἐμεινα</span> <span class='ocrx_word' id='word_1_278' title='bbox 802 2059 896 2113; x_wconf 85' lang='grc' dir='ltr'><strong>τοῦ</strong></span> <span class='ocrx_word' id='word_1_279' title='bbox 925 2059 1146 2130; x_wconf 76' lang='grc' dir='ltr'>ποιῆσαι</span> <span class='ocrx_word' id='word_1_280' title='bbox 1170 2061 1374 2130; x_wconf 77' lang='grc' dir='ltr'>κρίσιν,</span> <span class='ocrx_word' id='word_1_281' title='bbox 1404 2059 1632 2130; x_wconf 79' lang='grc' dir='ltr'>ἐποίησε</span> <span class='ocrx_word' id='word_1_282' title='bbox 1661 2059 1718 2112; x_wconf 83' lang='grc' dir='ltr'><strong>δέ</strong></span> <span class='ocrx_word' id='word_1_283' title='bbox 1750 2059 2004 2130; x_wconf 85' lang='grc' dir='ltr'>ἀνομίαν,</span> 
     </span>
    </p>
   </div>
   <div class='ocr_carea' id='block_1_37' title="bbox 408 2148 2006 2224">
    <p class='ocr_par' dir='ltr' id='par_1_37' title="bbox 408 2148 2006 2224">
     <span class='ocr_line' id='line_1_37' title="bbox 408 2148 2006 2224; baseline -0.001 -20"><span class='ocrx_word' id='word_1_284' title='bbox 408 2149 504 2204; x_wconf 75' lang='grc' dir='ltr'><strong>καὶ</strong></span> <span class='ocrx_word' id='word_1_285' title='bbox 535 2150 594 2203; x_wconf 83' lang='grc' dir='ltr'><strong>οὐ</strong></span> <span class='ocrx_word' id='word_1_286' title='bbox 622 2149 993 2220; x_wconf 73' lang='grc' dir='ltr'>δικαιοσύνην,</span> <span class='ocrx_word' id='word_1_287' title='bbox 1041 2148 1179 2204; x_wconf 73' lang='grc' dir='ltr'>ἀλλὰ</span> <span class='ocrx_word' id='word_1_288' title='bbox 1211 2151 1479 2220; x_wconf 86' lang='grc' dir='ltr'>κραυγήν.</span> <span class='ocrx_word' id='word_1_289' title='bbox 1529 2170 1546 2200; x_wconf 80' lang='grc' dir='ltr'><strong>ι</strong></span> <span class='ocrx_word' id='word_1_290' title='bbox 1597 2151 1862 2224; x_wconf 79' lang='grc' dir='ltr'>Κραυγὴν</span> <span class='ocrx_word' id='word_1_291' title='bbox 1897 2150 2006 2222; x_wconf 80' lang='grc' dir='ltr'>γὰρ</span> 
     </span>
    </p>
   </div>
   <div class='ocr_carea' id='block_1_38' title="bbox 408 2237 2008 2321">
    <p class='ocr_par' dir='ltr' id='par_1_38' title="bbox 408 2237 2008 2321">
     <span class='ocr_line' id='line_1_38' title="bbox 408 2237 2008 2321; baseline -0.001 -25"><span class='ocrx_word' id='word_1_292' title='bbox 408 2239 606 2310; x_wconf 78' lang='grc' dir='ltr'>ἀφίησι</span> <span class='ocrx_word' id='word_1_293' title='bbox 631 2240 780 2292; x_wconf 80' lang='grc' dir='ltr'>πᾶσα</span> <span class='ocrx_word' id='word_1_294' title='bbox 806 2240 944 2311; x_wconf 81' lang='grc' dir='ltr'>πρὸς</span> <span class='ocrx_word' id='word_1_295' title='bbox 968 2238 1197 2292; x_wconf 74' lang='grc' dir='ltr'>θάνατον</span> <span class='ocrx_word' id='word_1_296' title='bbox 1223 2239 1490 2310; x_wconf 84' lang='grc' dir='ltr'>ἁμαρτία,</span> <span class='ocrx_word' id='word_1_297' title='bbox 1513 2237 1721 2311; x_wconf 82' lang='grc' dir='ltr'>βοώσης</span> <span class='ocrx_word' id='word_1_298' title='bbox 1745 2239 1844 2310; x_wconf 78' lang='grc' dir='ltr'>τῆς</span> <span class='ocrx_word' id='word_1_299' title='bbox 1874 2241 2008 2321; x_wconf 73' lang='grc' dir='ltr'>πρά-</span> 
     </span>
    </p>
   </div>
   <div class='ocr_carea' id='block_1_39' title="bbox 410 2329 2006 2404">
    <p class='ocr_par' dir='ltr' id='par_1_39' title="bbox 410 2329 2006 2404">
     <span class='ocr_line' id='line_1_39' title="bbox 410 2329 2006 2404; baseline 0.002 -22"><span class='ocrx_word' id='word_1_300' title='bbox 410 2330 548 2395; x_wconf 84' lang='grc' dir='ltr'>ξεως·</span> <span class='ocrx_word' id='word_1_301' title='bbox 585 2330 784 2402; x_wconf 76' lang='grc' dir='ltr'>αὐτῆς·</span> <span class='ocrx_word' id='word_1_302' title='bbox 820 2329 964 2384; x_wconf 74' lang='grc' dir='ltr'>οὕτω</span> <span class='ocrx_word' id='word_1_303' title='bbox 991 2330 1123 2399; x_wconf 86' lang='grc' dir='ltr'>γοῦν</span> <span class='ocrx_word' id='word_1_304' title='bbox 1164 2330 1380 2403; x_wconf 79' lang='grc' dir='ltr'>εἴρηται</span> <span class='ocrx_word' id='word_1_305' title='bbox 1408 2331 1488 2398; x_wconf 79' lang='grc' dir='ltr'><strong>τὸ,</strong></span> <span class='ocrx_word' id='word_1_306' title='bbox 1531 2351 1549 2382; x_wconf 72' lang='grc' dir='ltr'><strong>ι</strong></span> <span class='ocrx_word' id='word_1_307' title='bbox 1589 2332 1744 2403; x_wconf 75' lang='grc' dir='ltr'><strong>⁴ι’ωνὴ</strong></span> <span class='ocrx_word' id='word_1_308' title='bbox 1777 2332 2006 2404; x_wconf 80' lang='grc' dir='ltr'>αἵματος</span> 
     </span>
    </p>
   </div>
   <div class='ocr_carea' id='block_1_40' title="bbox 415 2420 1498 2494">
    <p class='ocr_par' dir='ltr' id='par_1_40' title="bbox 415 2420 1498 2494">
     <span class='ocr_line' id='line_1_40' title="bbox 415 2420 1498 2494; baseline 0.001 -20"><span class='ocrx_word' id='word_1_309' title='bbox 415 2421 582 2474; x_wconf 77' lang='grc' dir='ltr'>’Ἅϐελ</span> <span class='ocrx_word' id='word_1_310' title='bbox 609 2421 706 2474; x_wconf 90' lang='grc' dir='ltr'><strong>τοῦ</strong></span> <span class='ocrx_word' id='word_1_311' title='bbox 731 2420 960 2491; x_wconf 83' lang='grc' dir='ltr'>ἀδελφοῦ</span> <span class='ocrx_word' id='word_1_312' title='bbox 991 2438 1082 2473; x_wconf 88' lang='grc' dir='ltr'><strong>σου</strong></span> <span class='ocrx_word' id='word_1_313' title='bbox 1113 2421 1213 2494; x_wconf 76' lang='grc' dir='ltr'>βοᾲ</span> <span class='ocrx_word' id='word_1_314' title='bbox 1247 2425 1382 2493; x_wconf 83' lang='grc' dir='ltr'>πρὸς</span> <span class='ocrx_word' id='word_1_315' title='bbox 1411 2433 1498 2494; x_wconf 82' lang='grc' dir='ltr'><strong>με.</strong></span> 
     </span>
    </p>
   </div>
   <div class='ocr_carea' id='block_1_41' title="bbox 491 2596 2004 2677">
    <p class='ocr_par' dir='ltr' id='par_1_41' title="bbox 491 2596 2004 2677">
     <span class='ocr_line' id='line_1_41' title="bbox 491 2596 2004 2677; baseline 0.003 -23"><span class='ocrx_word' id='word_1_316' title='bbox 491 2619 512 2654; x_wconf 73' lang='grc' dir='ltr'><strong>ι</strong></span> <span class='ocrx_word' id='word_1_317' title='bbox 548 2596 622 2656; x_wconf 77' lang='grc' dir='ltr'>Θῦ</span> <span class='ocrx_word' id='word_1_318' title='bbox 652 2601 775 2672; x_wconf 68' lang='grc' dir='ltr'><strong>⁶γὰρ</strong></span> <span class='ocrx_word' id='word_1_319' title='bbox 808 2600 1074 2672; x_wconf 84' lang='grc' dir='ltr'>ἐργῶνται</span> <span class='ocrx_word' id='word_1_320' title='bbox 1105 2601 1236 2662; x_wconf 78' lang='grc' dir='ltr'>δέκα</span> <span class='ocrx_word' id='word_1_321' title='bbox 1262 2603 1430 2676; x_wconf 74' lang='grc' dir='ltr'>ζεύγη</span> <span class='ocrx_word' id='word_1_322' title='bbox 1481 2603 1641 2673; x_wconf 81' lang='grc' dir='ltr'>βοῶν,</span> <span class='ocrx_word' id='word_1_323' title='bbox 1675 2605 1887 2677; x_wconf 82' lang='grc' dir='ltr'>ποιήσει</span> <span class='ocrx_word' id='word_1_324' title='bbox 1915 2624 2004 2659; x_wconf 86' lang='grc' dir='ltr'>κε-</span> 
     </span>
    </p>
   </div>
   <div class='ocr_carea' id='block_1_42' title="bbox 413 2692 2005 2778">
    <p class='ocr_par' dir='ltr' id='par_1_42' title="bbox 413 2692 2005 2778">
     <span class='ocr_line' id='line_1_42' title="bbox 413 2692 2005 2778; baseline -0.007 -31"><span class='ocrx_word' id='word_1_325' title='bbox 413 2693 612 2772; x_wconf 81' lang='grc' dir='ltr'>ράμιον</span> <span class='ocrx_word' id='word_1_326' title='bbox 639 2693 698 2746; x_wconf 70' lang='grc' dir='ltr'>ἓν</span> <span class='ocrx_word' id='word_1_327' title='bbox 718 2710 731 2724; x_wconf 75' lang='grc' dir='ltr'><strong><em>ο</em></strong></span> <span class='ocrx_word' id='word_1_328' title='bbox 760 2693 853 2746; x_wconf 73' lang='grc' dir='ltr'><strong>καὶ</strong></span> <span class='ocrx_word' id='word_1_329' title='bbox 877 2695 905 2746; x_wconf 79' lang='lat'><strong>6</strong></span> <span class='ocrx_word' id='word_1_330' title='bbox 923 2692 1161 2765; x_wconf 84' lang='grc' dir='ltr'>σπείρων</span> <span class='ocrx_word' id='word_1_331' title='bbox 1190 2695 1435 2766; x_wconf 75' lang='grc' dir='ltr'>ἀρτάϐας</span> <span class='ocrx_word' id='word_1_332' title='bbox 1469 2694 1548 2760; x_wconf 84' lang='grc' dir='ltr'>ἓξ,</span> <span class='ocrx_word' id='word_1_333' title='bbox 1585 2699 1798 2769; x_wconf 76' lang='grc' dir='ltr'>ποιήσει</span> <span class='ocrx_word' id='word_1_334' title='bbox 1830 2699 2005 2778; x_wconf 61' lang='grc' dir='ltr'>μέτρα</span> 
     </span>
    </p>
   </div>
   <div class='ocr_carea' id='block_1_43' title="bbox 411 2783 2006 2862">
    <p class='ocr_par' dir='ltr' id='par_1_43' title="bbox 411 2783 2006 2862">
     <span class='ocr_line' id='line_1_43' title="bbox 411 2783 2006 2862; baseline 0.006 -26"><span class='ocrx_word' id='word_1_335' title='bbox 411 2785 555 2856; x_wconf 87' lang='grc' dir='ltr'>τρία.</span> <span class='ocrx_word' id='word_1_336' title='bbox 599 2804 616 2834; x_wconf 75' lang='grc' dir='ltr'><strong>ι</strong></span> <span class='ocrx_word' id='word_1_337' title='bbox 651 2783 918 2846; x_wconf 81' lang='grc' dir='ltr'>Σπανίους</span> <span class='ocrx_word' id='word_1_338' title='bbox 963 2785 1116 2848; x_wconf 71' lang='grc' dir='ltr'>τινὰς</span> <span class='ocrx_word' id='word_1_339' title='bbox 1144 2788 1272 2850; x_wconf 72' lang='grc' dir='ltr'>τοὺς</span> <span class='ocrx_word' id='word_1_340' title='bbox 1316 2789 1374 2840; x_wconf 81' lang='grc' dir='ltr'><strong>ἐν</strong></span> <span class='ocrx_word' id='word_1_341' title='bbox 1409 2787 1592 2851; x_wconf 77' lang='grc' dir='ltr'>αὐτοῖς</span> <span class='ocrx_word' id='word_1_342' title='bbox 1641 2789 2006 2862; x_wconf 80' lang='grc' dir='ltr'>εὑρεθησομέ-</span> 
     </span>
    </p>
   </div>
   <div class='ocr_carea' id='block_1_44' title="bbox 411 2865 1928 2946">
    <p class='ocr_par' dir='ltr' id='par_1_44' title="bbox 411 2865 1928 2946">
     <span class='ocr_line' id='line_1_44' title="bbox 411 2865 1928 2946; baseline 0.007 -20"><span class='ocrx_word' id='word_1_343' title='bbox 411 2890 534 2938; x_wconf 78' lang='grc' dir='ltr'>νους</span> <span class='ocrx_word' id='word_1_344' title='bbox 561 2875 833 2946; x_wconf 77' lang='grc' dir='ltr'>σωτηρίας</span> <span class='ocrx_word' id='word_1_345' title='bbox 859 2873 1044 2942; x_wconf 77' lang='grc' dir='ltr'>ἀξίους</span> <span class='ocrx_word' id='word_1_346' title='bbox 1076 2878 1392 2933; x_wconf 74' lang='grc' dir='ltr'>αἰνίττεται.</span> <span class='ocrx_word' id='word_1_347' title='bbox 1708 2865 1719 2873; x_wconf 19' lang='grc' dir='ltr'>ἢ</span> <span class='ocrx_word' id='word_1_348' title='bbox 1926 2872 1928 2874; x_wconf 25' lang='grc'><strong>⁷</strong></span> 
     </span>
    </p>
   </div>
   <div class='ocr_carea' id='block_1_45' title="bbox 487 3052 2002 3132">
    <p class='ocr_par' dir='ltr' id='par_1_45' title="bbox 487 3052 2002 3132">
     <span class='ocr_line' id='line_1_45' title="bbox 487 3052 2002 3132; baseline 0.007 -28"><span class='ocrx_word' id='word_1_349' title='bbox 487 3073 504 3103; x_wconf 76' lang='grc' dir='ltr'>ί</span> <span class='ocrx_word' id='word_1_350' title='bbox 549 3053 685 3105; x_wconf 69' lang='grc' dir='ltr'><strong>Οὐαὶ</strong></span> <span class='ocrx_word' id='word_1_351' title='bbox 713 3054 760 3105; x_wconf 78' lang='lat' dir='ltr'><strong>oi</strong></span> <span class='ocrx_word' id='word_1_352' title='bbox 787 3052 1124 3124; x_wconf 81' lang='grc' dir='ltr'>ἐγειρόμενοι</span> <span class='ocrx_word' id='word_1_353' title='bbox 1158 3053 1216 3107; x_wconf 83' lang='grc' dir='ltr'><strong>τὸ</strong></span> <span class='ocrx_word' id='word_1_354' title='bbox 1245 3055 1412 3127; x_wconf 78' lang='grc' dir='ltr'>πρωῒ,</span> <span class='ocrx_word' id='word_1_355' title='bbox 1440 3058 1533 3112; x_wconf 58' lang='grc' dir='ltr'><strong>κοιλ⁸</strong></span> <span class='ocrx_word' id='word_1_356' title='bbox 1563 3057 1626 3111; x_wconf 84' lang='grc' dir='ltr'>τὸ</span> <span class='ocrx_word' id='word_1_357' title='bbox 1660 3058 1852 3132; x_wconf 87' lang='grc' dir='ltr'>σίκερα</span> <span class='ocrx_word' id='word_1_358' title='bbox 1879 3061 2002 3114; x_wconf 86' lang='grc' dir='ltr'>διώ-</span> 
     </span>
    </p>
   </div>
   <div class='ocr_carea' id='block_1_46' title="bbox 411 3145 2002 3224">
    <p class='ocr_par' dir='ltr' id='par_1_46' title="bbox 411 3145 2002 3224">
     <span class='ocr_line' id='line_1_46' title="bbox 411 3145 2002 3224; baseline -0.008 -26"><span class='ocrx_word' id='word_1_359' title='bbox 411 3163 618 3208; x_wconf 69' lang='grc' dir='ltr'>κοντες,</span> <span class='ocrx_word' id='word_1_360' title='bbox 649 3147 696 3198; x_wconf 78' lang='grc' dir='ltr'>οἱ</span> <span class='ocrx_word' id='word_1_361' title='bbox 735 3146 987 3216; x_wconf 86' lang='grc' dir='ltr'>μένοντες</span> <span class='ocrx_word' id='word_1_362' title='bbox 1025 3147 1086 3199; x_wconf 86' lang='grc' dir='ltr'><strong>τὸ</strong></span> <span class='ocrx_word' id='word_1_363' title='bbox 1125 3146 1241 3216; x_wconf 61' lang='grc' dir='ltr'><strong>ὀψέ·</strong></span> <span class='ocrx_word' id='word_1_364' title='bbox 1279 3149 1306 3200; x_wconf 92' lang='lat'><strong>6</strong></span> <span class='ocrx_word' id='word_1_365' title='bbox 1337 3147 1442 3220; x_wconf 71' lang='grc' dir='ltr'><strong>γὰρ</strong></span> <span class='ocrx_word' id='word_1_366' title='bbox 1475 3145 1615 3214; x_wconf 70' lang='grc' dir='ltr'>οἶνος</span> <span class='ocrx_word' id='word_1_367' title='bbox 1643 3153 1843 3218; x_wconf 62' lang='grc' dir='ltr'><strong>αὐτοὺς</strong></span> <span class='ocrx_word' id='word_1_368' title='bbox 1873 3172 2002 3224; x_wconf 30' lang='lat' dir='ltr'><strong>cur,</strong></span> 
     </span>
    </p>
   </div>
   <div class='ocr_carea' id='block_1_47' title="bbox 412 3214 2071 3316">
    <p class='ocr_par' dir='ltr' id='par_1_47' title="bbox 412 3214 2071 3316">
     <span class='ocr_line' id='line_1_47' title="bbox 412 3214 2071 3316; baseline 0.006 -26"><span class='ocrx_word' id='word_1_369' title='bbox 412 3239 625 3290; x_wconf 76' lang='grc' dir='ltr'>καύσει.</span> <span class='ocrx_word' id='word_1_370' title='bbox 673 3257 692 3290; x_wconf 74' lang='grc' dir='ltr'><strong>ι</strong></span> <span class='ocrx_word' id='word_1_371' title='bbox 738 3214 857 3308; x_wconf 14' lang='grc' dir='ltr'><strong>ήΤῆς</strong></span> <span class='ocrx_word' id='word_1_372' title='bbox 895 3214 1264 3309; x_wconf 78' lang='grc' dir='ltr'>ἀποστολικῆς</span> <span class='ocrx_word' id='word_1_373' title='bbox 1292 3214 1492 3306; x_wconf 75' lang='grc' dir='ltr'>λέξεως</span> <span class='ocrx_word' id='word_1_374' title='bbox 1520 3241 1617 3313; x_wconf 78' lang='grc' dir='ltr'>τὴν</span> <span class='ocrx_word' id='word_1_375' title='bbox 1651 3214 1910 3316; x_wconf 78' lang='grc' dir='ltr'>ἐξήγησιν</span> <span class='ocrx_word' id='word_1_376' title='bbox 1941 3214 2001 3300; x_wconf 72' lang='grc' dir='ltr'><strong>τὸ</strong></span> <span class='ocrx_word' id='word_1_377' title='bbox 2029 3214 2071 3271; x_wconf 77' lang='lat' dir='ltr'><strong><em>C</em></strong></span> 
     </span>
    </p>
   </div>
   <div class='ocr_carea' id='block_1_48' title="bbox 413 3329 2002 3407">
    <p class='ocr_par' dir='ltr' id='par_1_48' title="bbox 413 3329 2002 3407">
     <span class='ocr_line' id='line_1_48' title="bbox 413 3329 2002 3407; baseline 0.008 -26"><span class='ocrx_word' id='word_1_378' title='bbox 413 3330 586 3400; x_wconf 74' lang='grc' dir='ltr'>παρὸν</span> <span class='ocrx_word' id='word_1_379' title='bbox 631 3330 788 3382; x_wconf 88' lang='grc' dir='ltr'>τοῦτο</span> <span class='ocrx_word' id='word_1_380' title='bbox 826 3329 990 3401; x_wconf 82' lang='grc' dir='ltr'>μέρος</span> <span class='ocrx_word' id='word_1_381' title='bbox 1027 3331 1127 3401; x_wconf 84' lang='grc' dir='ltr'>τῆς</span> <span class='ocrx_word' id='word_1_382' title='bbox 1170 3333 1510 3405; x_wconf 79' lang='grc' dir='ltr'>προφητείας</span> <span class='ocrx_word' id='word_1_383' title='bbox 1556 3336 1832 3407; x_wconf 80' lang='grc' dir='ltr'>περιέχει·</span> <span class='ocrx_word' id='word_1_384' title='bbox 1868 3338 2002 3392; x_wconf 86' lang='grc' dir='ltr'>διότι</span> 
     </span>
    </p>
   </div>
   <div class='ocr_carea' id='block_1_49' title="bbox 411 3422 2004 3503">
    <p class='ocr_par' dir='ltr' id='par_1_49' title="bbox 411 3422 2004 3503">
     <span class='ocr_line' id='line_1_49' title="bbox 411 3422 2004 3503; baseline 0.006 -29"><span class='ocrx_word' id='word_1_385' title='bbox 411 3423 538 3494; x_wconf 77' lang='grc' dir='ltr'>γὰρ,</span> <span class='ocrx_word' id='word_1_386' title='bbox 578 3423 731 3493; x_wconf 79' lang='grc' dir='ltr'>φησὶ,</span> <span class='ocrx_word' id='word_1_387' title='bbox 766 3441 782 3473; x_wconf 87' lang='grc'><em>‹</em></span> <span class='ocrx_word' id='word_1_388' title='bbox 830 3422 1067 3476; x_wconf 85' lang='grc' dir='ltr'>Μέθυσοι</span> <span class='ocrx_word' id='word_1_389' title='bbox 1102 3423 1379 3494; x_wconf 82' lang='grc' dir='ltr'>βασιλείαν</span> <span class='ocrx_word' id='word_1_390' title='bbox 1411 3425 1544 3479; x_wconf 86' lang='grc' dir='ltr'>Θεοῦ</span> <span class='ocrx_word' id='word_1_391' title='bbox 1573 3429 1634 3480; x_wconf 78' lang='grc' dir='ltr'><strong>οὐ</strong></span> <span class='ocrx_word' id='word_1_392' title='bbox 1673 3427 2004 3503; x_wconf 60' lang='grc' dir='ltr'>κληρονομῆ-</span> 
     </span>
    </p>
   </div>
   <div class='ocr_carea' id='block_1_50' title="bbox 411 3514 2002 3595">
    <p class='ocr_par' dir='ltr' id='par_1_50' title="bbox 411 3514 2002 3595">
     <span class='ocr_line' id='line_1_50' title="bbox 411 3514 2002 3595; baseline 0.007 -30"><span class='ocrx_word' id='word_1_393' title='bbox 411 3531 584 3567; x_wconf 80' lang='grc' dir='ltr'>σουσι’</span> <span class='ocrx_word' id='word_1_394' title='bbox 627 3535 645 3565; x_wconf 74' lang='grc' dir='ltr'><strong>ι</strong></span> <span class='ocrx_word' id='word_1_395' title='bbox 672 3515 954 3567; x_wconf 88' lang='grc' dir='ltr'>τουτέστιν</span> <span class='ocrx_word' id='word_1_396' title='bbox 977 3516 1026 3568; x_wconf 77' lang='grc' dir='ltr'>οἱ</span> <span class='ocrx_word' id='word_1_397' title='bbox 1048 3514 1172 3595; x_wconf 81' lang='grc' dir='ltr'>ἄρτι</span> <span class='ocrx_word' id='word_1_398' title='bbox 1193 3516 1291 3588; x_wconf 84' lang='grc' dir='ltr'>τὴν</span> <span class='ocrx_word' id='word_1_399' title='bbox 1323 3518 1388 3570; x_wconf 83' lang='grc' dir='ltr'><strong>ὲκ</strong></span> <span class='ocrx_word' id='word_1_400' title='bbox 1420 3519 1519 3589; x_wconf 86' lang='grc' dir='ltr'>τῆς</span> <span class='ocrx_word' id='word_1_401' title='bbox 1542 3520 1791 3592; x_wconf 85' lang='grc' dir='ltr'>νεότητος</span> <span class='ocrx_word' id='word_1_402' title='bbox 1817 3523 2002 3577; x_wconf 81' lang='grc' dir='ltr'>ἄνοιαν</span> 
     </span>
    </p>
   </div>
   <div class='ocr_carea' id='block_1_51' title="bbox 410 3607 2002 3686">
    <p class='ocr_par' dir='ltr' id='par_1_51' title="bbox 410 3607 2002 3686">
     <span class='ocr_line' id='line_1_51' title="bbox 410 3607 2002 3686; baseline 0.006 -26"><span class='ocrx_word' id='word_1_403' title='bbox 410 3607 757 3677; x_wconf 82' lang='grc' dir='ltr'>ἀποθέμενοι,</span> <span class='ocrx_word' id='word_1_404' title='bbox 793 3609 886 3660; x_wconf 69' lang='grc' dir='ltr'><strong>καὶ</strong></span> <span class='ocrx_word' id='word_1_405' title='bbox 916 3609 1037 3662; x_wconf 76' lang='grc' dir='ltr'>ἀντὶ</span> <span class='ocrx_word' id='word_1_406' title='bbox 1070 3609 1169 3680; x_wconf 78' lang='grc' dir='ltr'>τῆς</span> <span class='ocrx_word' id='word_1_407' title='bbox 1206 3609 1300 3662; x_wconf 82' lang='grc' dir='ltr'><strong>τοῦ</strong></span> <span class='ocrx_word' id='word_1_408' title='bbox 1347 3611 1508 3680; x_wconf 83' lang='grc' dir='ltr'>λόγου</span> <span class='ocrx_word' id='word_1_409' title='bbox 1541 3614 1825 3686; x_wconf 77' lang='grc' dir='ltr'>δυνάμεως</span> <span class='ocrx_word' id='word_1_410' title='bbox 1852 3617 2002 3670; x_wconf 73' lang='grc' dir='ltr'>εὐτό-</span> 
     </span>
    </p>
   </div>
   <div class='ocr_carea' id='block_1_52' title="bbox 409 3700 2000 3781">
    <p class='ocr_par' dir='ltr' id='par_1_52' title="bbox 409 3700 2000 3781">
     <span class='ocr_line' id='line_1_52' title="bbox 409 3700 2000 3781; baseline 0.006 -29"><span class='ocrx_word' id='word_1_411' title='bbox 409 3718 515 3763; x_wconf 87' lang='grc' dir='ltr'><strong>νως</strong></span> <span class='ocrx_word' id='word_1_412' title='bbox 565 3700 962 3755; x_wconf 79' lang='grc' dir='ltr'>καταπαλαίειν</span> <span class='ocrx_word' id='word_1_413' title='bbox 1016 3702 1082 3754; x_wconf 77' lang='grc' dir='ltr'>τὰ</span> <span class='ocrx_word' id='word_1_414' title='bbox 1137 3701 1308 3774; x_wconf 79' lang='grc' dir='ltr'>πάθη,</span> <span class='ocrx_word' id='word_1_415' title='bbox 1365 3703 1798 3777; x_wconf 80' lang='grc' dir='ltr'>ἀνατρεπόμενοι</span> <span class='ocrx_word' id='word_1_416' title='bbox 1869 3712 2000 3781; x_wconf 84' lang='grc' dir='ltr'>παρ’</span> 
     </span>
    </p>
   </div>
   <div class='ocr_carea' id='block_1_53' title="bbox 408 3789 1997 3869">
    <p class='ocr_par' dir='ltr' id='par_1_53' title="bbox 408 3789 1997 3869">
     <span class='ocr_line' id='line_1_53' title="bbox 408 3789 1997 3869; baseline 0.006 -24"><span class='ocrx_word' id='word_1_417' title='bbox 408 3793 611 3856; x_wconf 71' lang='grc' dir='ltr'>αὐτῶν,</span> <span class='ocrx_word' id='word_1_418' title='bbox 642 3795 733 3846; x_wconf 71' lang='grc' dir='ltr'><strong>καὶ</strong></span> <span class='ocrx_word' id='word_1_419' title='bbox 760 3789 871 3848; x_wconf 77' lang='grc' dir='ltr'>οἷόν</span> <span class='ocrx_word' id='word_1_420' title='bbox 905 3812 1025 3848; x_wconf 87' lang='grc' dir='ltr'>τινα</span> <span class='ocrx_word' id='word_1_421' title='bbox 1069 3794 1238 3866; x_wconf 84' lang='grc' dir='ltr'>μέθην</span> <span class='ocrx_word' id='word_1_422' title='bbox 1271 3796 1339 3849; x_wconf 75' lang='grc' dir='ltr'>τὰ</span> <span class='ocrx_word' id='word_1_423' title='bbox 1363 3797 1510 3868; x_wconf 75' lang='grc' dir='ltr'>πάθη</span> <span class='ocrx_word' id='word_1_424' title='bbox 1549 3799 1997 3869; x_wconf 83' lang='grc' dir='ltr'>μεταδιώκοντες.</span> 
     </span>
    </p>
   </div>
   <div class='ocr_carea' id='block_1_54' title="bbox 410 3885 2002 3961">
    <p class='ocr_par' dir='ltr' id='par_1_54' title="bbox 410 3885 2002 3961">
     <span class='ocr_line' id='line_1_54' title="bbox 410 3885 2002 3961; baseline 0.005 -23"><span class='ocrx_word' id='word_1_425' title='bbox 410 3887 569 3949; x_wconf 74' lang='grc' dir='ltr'>Εἰκὸς</span> <span class='ocrx_word' id='word_1_426' title='bbox 600 3887 655 3939; x_wconf 77' lang='grc' dir='ltr'>δὲ</span> <span class='ocrx_word' id='word_1_427' title='bbox 678 3889 802 3949; x_wconf 72' lang='grc' dir='ltr'>τοὺς</span> <span class='ocrx_word' id='word_1_428' title='bbox 845 3885 1129 3961; x_wconf 75' lang='grc' dir='ltr'>Ἰουδαίους</span> <span class='ocrx_word' id='word_1_429' title='bbox 1159 3890 1252 3940; x_wconf 70' lang='grc' dir='ltr'>καὶ</span> <span class='ocrx_word' id='word_1_430' title='bbox 1287 3888 1424 3960; x_wconf 76' lang='grc' dir='ltr'>μετὰ</span> <span class='ocrx_word' id='word_1_431' title='bbox 1455 3890 1556 3961; x_wconf 83' lang='grc' dir='ltr'>τὴν</span> <span class='ocrx_word' id='word_1_432' title='bbox 1586 3891 1728 3955; x_wconf 78' lang='grc' dir='ltr'>κατὰ</span> <span class='ocrx_word' id='word_1_433' title='bbox 1755 3891 1849 3944; x_wconf 86' lang='grc' dir='ltr'><strong>τοῦ</strong></span> <span class='ocrx_word' id='word_1_434' title='bbox 1886 3893 2002 3946; x_wconf 83' lang='grc' dir='ltr'><strong>Σω-</strong></span> 
     </span>
    </p>
   </div>
   <div class='ocr_carea' id='block_1_55' title="bbox 408 3978 2002 4050">
    <p class='ocr_par' dir='ltr' id='par_1_55' title="bbox 408 3978 2002 4050">
     <span class='ocr_line' id='line_1_55' title="bbox 408 3978 2002 4050; baseline -0.003 -8"><span class='ocrx_word' id='word_1_435' title='bbox 408 3979 571 4049; x_wconf 74' lang='grc' dir='ltr'>τῆρος</span> <span class='ocrx_word' id='word_1_436' title='bbox 618 3978 772 4048; x_wconf 79' lang='grc' dir='ltr'>ἡμῶν</span> <span class='ocrx_word' id='word_1_437' title='bbox 801 3979 1024 4048; x_wconf 89' lang='grc' dir='ltr'>τόλμαν,</span> <span class='ocrx_word' id='word_1_438' title='bbox 1082 3981 1171 4032; x_wconf 85' lang='grc' dir='ltr'>ὅτε</span> <span class='ocrx_word' id='word_1_439' title='bbox 1205 3980 1373 4050; x_wconf 84' lang='grc' dir='ltr'>ἐχρῆν</span> <span class='ocrx_word' id='word_1_440' title='bbox 1422 3983 1624 4046; x_wconf 71' lang='grc' dir='ltr'>αὐτοὺς</span> <span class='ocrx_word' id='word_1_441' title='bbox 1657 3983 1874 4036; x_wconf 81' lang='grc' dir='ltr'>πενθεῖν</span> <span class='ocrx_word' id='word_1_442' title='bbox 1913 3983 2002 4038; x_wconf 76' lang='grc' dir='ltr'>διὰ</span> 
     </span>
    </p>
   </div>
   <div class='ocr_carea' id='block_1_56' title="bbox 409 4069 2002 4146">
    <p class='ocr_par' dir='ltr' id='par_1_56' title="bbox 409 4069 2002 4146">
     <span class='ocr_line' id='line_1_56' title="bbox 409 4069 2002 4146; baseline 0.004 -24"><span class='ocrx_word' id='word_1_443' title='bbox 409 4071 508 4140; x_wconf 87' lang='grc' dir='ltr'><strong>τὴν</strong></span> <span class='ocrx_word' id='word_1_444' title='bbox 540 4069 834 4139; x_wconf 86' lang='grc' dir='ltr'>μέλλουσαν</span> <span class='ocrx_word' id='word_1_445' title='bbox 870 4069 1276 4141; x_wconf 70' lang='grc' dir='ltr'>καταλήψεσθαι</span> <span class='ocrx_word' id='word_1_446' title='bbox 1302 4073 1501 4136; x_wconf 78' lang='grc' dir='ltr'>αὐτοὺς</span> <span class='ocrx_word' id='word_1_447' title='bbox 1530 4075 1719 4145; x_wconf 81' lang='grc' dir='ltr'>ὀργὴν,</span> <span class='ocrx_word' id='word_1_448' title='bbox 1763 4078 2002 4146; x_wconf 87' lang='grc' dir='ltr'>κραιπά-</span> 
     </span>
    </p>
   </div>
   <div class='ocr_carea' id='block_1_57' title="bbox 409 4160 1996 4238">
    <p class='ocr_par' dir='ltr' id='par_1_57' title="bbox 409 4160 1996 4238">
     <span class='ocr_line' id='line_1_57' title="bbox 409 4160 1996 4238; baseline 0.006 -25"><span class='ocrx_word' id='word_1_449' title='bbox 409 4161 545 4230; x_wconf 87' lang='grc' dir='ltr'>λαις,</span> <span class='ocrx_word' id='word_1_450' title='bbox 572 4161 664 4214; x_wconf 88' lang='grc' dir='ltr'><strong>καί</strong></span> <span class='ocrx_word' id='word_1_451' title='bbox 697 4160 1080 4230; x_wconf 77' lang='grc' dir='ltr'>οἰνοφλυγίαις,</span> <span class='ocrx_word' id='word_1_452' title='bbox 1101 4163 1195 4216; x_wconf 68' lang='grc' dir='ltr'>καὶ</span> <span class='ocrx_word' id='word_1_453' title='bbox 1223 4168 1289 4236; x_wconf 76' lang='grc' dir='ltr'>τῇ</span> <span class='ocrx_word' id='word_1_454' title='bbox 1317 4163 1453 4237; x_wconf 77' lang='grc' dir='ltr'>ἄλλῃ</span> <span class='ocrx_word' id='word_1_455' title='bbox 1481 4169 1662 4238; x_wconf 80' lang='grc' dir='ltr'>τρυφῇ</span> <span class='ocrx_word' id='word_1_456' title='bbox 1697 4167 1996 4237; x_wconf 77' lang='grc' dir='ltr'>σχολάζειν.</span> 
     </span>
    </p>
   </div>
   <div class='ocr_carea' id='block_1_58' title="bbox 408 4249 2001 4329">
    <p class='ocr_par' dir='ltr' id='par_1_58' title="bbox 408 4249 2001 4329">
     <span class='ocr_line' id='line_1_58' title="bbox 408 4249 2001 4329; baseline 0.006 -27"><span class='ocrx_word' id='word_1_457' title='bbox 408 4250 499 4313; x_wconf 81' lang='grc' dir='ltr'><strong>Διὸ</strong></span> <span class='ocrx_word' id='word_1_458' title='bbox 545 4249 920 4314; x_wconf 81' lang='grc' dir='ltr'>ταλανίζονται</span> <span class='ocrx_word' id='word_1_459' title='bbox 975 4251 1080 4305; x_wconf 80' lang='grc' dir='ltr'><strong>ὑπὸ</strong></span> <span class='ocrx_word' id='word_1_460' title='bbox 1125 4252 1218 4306; x_wconf 83' lang='grc' dir='ltr'><strong>τοῦ</strong></span> <span class='ocrx_word' id='word_1_461' title='bbox 1250 4253 1430 4323; x_wconf 87' lang='grc' dir='ltr'>λόγου,</span> <span class='ocrx_word' id='word_1_462' title='bbox 1473 4256 1550 4320; x_wconf 86' lang='grc' dir='ltr'>ὡς</span> <span class='ocrx_word' id='word_1_463' title='bbox 1582 4257 2001 4329; x_wconf 83' lang='grc' dir='ltr'>ἀνεπαισθήτως</span> 
     </span>
    </p>
   </div>
   <div class='ocr_carea' id='block_1_59' title="bbox 409 4340 1995 4417">
    <p class='ocr_par' dir='ltr' id='par_1_59' title="bbox 409 4340 1995 4417">
     <span class='ocr_line' id='line_1_59' title="bbox 409 4340 1995 4417; baseline 0.006 -24"><span class='ocrx_word' id='word_1_464' title='bbox 409 4340 622 4412; x_wconf 77' lang='grc' dir='ltr'>ἔχοντες</span> <span class='ocrx_word' id='word_1_465' title='bbox 638 4342 747 4395; x_wconf 89' lang='grc' dir='ltr'><strong>τῶν</strong></span> <span class='ocrx_word' id='word_1_466' title='bbox 769 4343 891 4395; x_wconf 85' lang='grc' dir='ltr'>ὅσον</span> <span class='ocrx_word' id='word_1_467' title='bbox 913 4341 1064 4396; x_wconf 80' lang='grc' dir='ltr'>οῦπω</span> <span class='ocrx_word' id='word_1_468' title='bbox 1087 4345 1547 4417; x_wconf 64' lang='grc' dir='ltr'>καταληψομένων</span> <span class='ocrx_word' id='word_1_469' title='bbox 1569 4348 1766 4412; x_wconf 73' lang='grc' dir='ltr'>αὐτοὺς</span> <span class='ocrx_word' id='word_1_470' title='bbox 1789 4349 1995 4404; x_wconf 83' lang='grc' dir='ltr'>κακῶν.</span> 
     </span>
    </p>
   </div>
   <div class='ocr_carea' id='block_1_60' title="bbox 484 4519 2075 4610">
    <p class='ocr_par' dir='ltr' id='par_1_60' title="bbox 484 4519 2075 4610">
     <span class='ocr_line' id='line_1_60' title="bbox 484 4519 2075 4610; baseline 0.005 -39"><span class='ocrx_word' id='word_1_471' title='bbox 484 4538 503 4570; x_wconf 76' lang='grc' dir='ltr'><strong>ι</strong></span> <span class='ocrx_word' id='word_1_472' title='bbox 535 4519 809 4610; x_wconf 38' lang='grc' dir='ltr'>διετὰγὰρ</span> <span class='ocrx_word' id='word_1_473' title='bbox 831 4519 1066 4592; x_wconf 82' lang='grc' dir='ltr'>κιθάρας</span> <span class='ocrx_word' id='word_1_474' title='bbox 1094 4521 1188 4574; x_wconf 74' lang='grc' dir='ltr'><strong>καὶ</strong></span> <span class='ocrx_word' id='word_1_475' title='bbox 1219 4520 1543 4592; x_wconf 78' lang='grc' dir='ltr'>ψαλτηρίου,</span> <span class='ocrx_word' id='word_1_476' title='bbox 1580 4524 1674 4577; x_wconf 76' lang='grc' dir='ltr'><strong>καὶ</strong></span> <span class='ocrx_word' id='word_1_477' title='bbox 1700 4524 1998 4595; x_wconf 80' lang='grc' dir='ltr'>τυμπάνων</span> <span class='ocrx_word' id='word_1_478' title='bbox 2031 4555 2075 4610; x_wconf 76' lang='lat' dir='ltr'><strong>D</strong></span> 
     </span>
    </p>
   </div>
   <div class='ocr_carea' id='block_1_61' title="bbox 405 4607 1996 4688">
    <p class='ocr_par' dir='ltr' id='par_1_61' title="bbox 405 4607 1996 4688">
     <span class='ocr_line' id='line_1_61' title="bbox 405 4607 1996 4688; baseline 0.003 -24"><span class='ocrx_word' id='word_1_479' title='bbox 405 4611 497 4664; x_wconf 81' lang='grc' dir='ltr'><strong>τὸν</strong></span> <span class='ocrx_word' id='word_1_480' title='bbox 522 4607 665 4664; x_wconf 83' lang='grc' dir='ltr'>οἶνον</span> <span class='ocrx_word' id='word_1_481' title='bbox 715 4610 961 4664; x_wconf 87' lang='grc' dir='ltr'>πίνουσι·</span> <span class='ocrx_word' id='word_1_482' title='bbox 1001 4611 1068 4664; x_wconf 71' lang='grc' dir='ltr'>τὰ</span> <span class='ocrx_word' id='word_1_483' title='bbox 1116 4612 1173 4664; x_wconf 82' lang='grc' dir='ltr'>δὲ</span> <span class='ocrx_word' id='word_1_484' title='bbox 1221 4613 1357 4685; x_wconf 78' lang='grc' dir='ltr'>ἔργα</span> <span class='ocrx_word' id='word_1_485' title='bbox 1391 4614 1596 4685; x_wconf 80' lang='grc' dir='ltr'>Κυρίου</span> <span class='ocrx_word' id='word_1_486' title='bbox 1649 4617 1749 4669; x_wconf 79' lang='grc' dir='ltr'><strong>οὐκ</strong></span> <span class='ocrx_word' id='word_1_487' title='bbox 1801 4617 1996 4688; x_wconf 77' lang='grc' dir='ltr'>ἐμϐλέ-</span> 
     </span>
    </p>
   </div>
   <div class='ocr_carea' id='block_1_62' title="bbox 407 4703 1998 4775">
    <p class='ocr_par' dir='ltr' id='par_1_62' title="bbox 407 4703 1998 4775">
     <span class='ocr_line' id='line_1_62' title="bbox 407 4703 1998 4775; baseline 0.003 -20"><span class='ocrx_word' id='word_1_488' title='bbox 407 4719 589 4768; x_wconf 81' lang='grc' dir='ltr'>πουσι,</span> <span class='ocrx_word' id='word_1_489' title='bbox 627 4705 719 4756; x_wconf 75' lang='grc' dir='ltr'><strong>καὶ</strong></span> <span class='ocrx_word' id='word_1_490' title='bbox 760 4703 828 4757; x_wconf 73' lang='grc' dir='ltr'>τὰ</span> <span class='ocrx_word' id='word_1_491' title='bbox 869 4703 1006 4773; x_wconf 78' lang='grc' dir='ltr'>ἔργα</span> <span class='ocrx_word' id='word_1_492' title='bbox 1039 4703 1147 4756; x_wconf 84' lang='grc' dir='ltr'><strong>τῶν</strong></span> <span class='ocrx_word' id='word_1_493' title='bbox 1189 4705 1384 4775; x_wconf 88' lang='grc' dir='ltr'>χειρῶν</span> <span class='ocrx_word' id='word_1_494' title='bbox 1415 4705 1582 4759; x_wconf 81' lang='grc' dir='ltr'>αὐτοῦ</span> <span class='ocrx_word' id='word_1_495' title='bbox 1618 4708 1680 4759; x_wconf 74' lang='grc' dir='ltr'><strong>οὐ</strong></span> <span class='ocrx_word' id='word_1_496' title='bbox 1707 4708 1998 4762; x_wconf 83' lang='grc' dir='ltr'>κατανοοῦ-</span> 
     </span>
    </p>
   </div>
   <div class='ocr_carea' id='block_1_63' title="bbox 411 4793 1994 4867">
    <p class='ocr_par' dir='ltr' id='par_1_63' title="bbox 411 4793 1994 4867">
     <span class='ocr_line' id='line_1_63' title="bbox 411 4793 1994 4867; baseline 0.004 -21"><span class='ocrx_word' id='word_1_497' title='bbox 411 4812 512 4847; x_wconf 89' lang='grc' dir='ltr'>σιν.</span> <span class='ocrx_word' id='word_1_498' title='bbox 556 4815 571 4845; x_wconf 77' lang='grc' dir='ltr'><strong>ι</strong></span> <span class='ocrx_word' id='word_1_499' title='bbox 624 4793 761 4846; x_wconf 79' lang='grc' dir='ltr'>Ἀλλ’</span> <span class='ocrx_word' id='word_1_500' title='bbox 796 4794 916 4847; x_wconf 77' lang='grc' dir='ltr'>οὐδὲ</span> <span class='ocrx_word' id='word_1_501' title='bbox 954 4796 1066 4858; x_wconf 77' lang='grc' dir='ltr'>τοῖς</span> <span class='ocrx_word' id='word_1_502' title='bbox 1096 4793 1261 4859; x_wconf 88' lang='grc' dir='ltr'>θείοις</span> <span class='ocrx_word' id='word_1_503' title='bbox 1295 4797 1584 4867; x_wconf 82' lang='grc' dir='ltr'>προσέχειν</span> <span class='ocrx_word' id='word_1_504' title='bbox 1634 4799 1854 4866; x_wconf 87' lang='grc' dir='ltr'>λογίοις,</span> <span class='ocrx_word' id='word_1_505' title='bbox 1901 4802 1994 4852; x_wconf 78' lang='grc' dir='ltr'><strong>καὶ</strong></span> 
     </span>
    </p>
   </div>
   <div class='ocr_carea' id='block_1_64' title="bbox 407 4885 1993 4958">
    <p class='ocr_par' dir='ltr' id='par_1_64' title="bbox 407 4885 1993 4958">
     <span class='ocr_line' id='line_1_64' title="bbox 407 4885 1993 4958; baseline 0.004 -20"><span class='ocrx_word' id='word_1_506' title='bbox 407 4886 508 4957; x_wconf 81' lang='grc' dir='ltr'><strong>τὴν</strong></span> <span class='ocrx_word' id='word_1_507' title='bbox 543 4886 753 4940; x_wconf 81' lang='grc' dir='ltr'>ἐκεῖθεν</span> <span class='ocrx_word' id='word_1_508' title='bbox 785 4886 1050 4957; x_wconf 81' lang='grc' dir='ltr'>ὠφέλειαν</span> <span class='ocrx_word' id='word_1_509' title='bbox 1097 4887 1439 4958; x_wconf 82' lang='grc' dir='ltr'>καρποῦσθαι</span> <span class='ocrx_word' id='word_1_510' title='bbox 1486 4885 1597 4942; x_wconf 78' lang='grc' dir='ltr'>οἷόν</span> <span class='ocrx_word' id='word_1_511' title='bbox 1628 4907 1683 4943; x_wconf 88' lang='grc' dir='ltr'><strong>τε</strong></span> <span class='ocrx_word' id='word_1_512' title='bbox 1721 4893 1846 4954; x_wconf 65' lang='grc' dir='ltr'>τοὺς</span> <span class='ocrx_word' id='word_1_513' title='bbox 1885 4909 1993 4944; x_wconf 87' lang='grc' dir='ltr'>κω-</span> 
     </span>
    </p>
   </div>
   <div class='ocr_carea' id='block_1_65' title="bbox 413 4983 1998 5058">
    <p class='ocr_par' dir='ltr' id='par_1_65' title="bbox 413 4983 1998 5058">
     <span class='ocr_line' id='line_1_65' title="bbox 413 4983 1998 5058; baseline 0.003 -22"><span class='ocrx_word' id='word_1_514' title='bbox 413 4985 673 5055; x_wconf 76' lang='grc' dir='ltr'>μαστικὸν</span> <span class='ocrx_word' id='word_1_515' title='bbox 709 4984 822 5054; x_wconf 80' lang='grc' dir='ltr'>βίον</span> <span class='ocrx_word' id='word_1_516' title='bbox 866 4983 1299 5055; x_wconf 78' lang='grc' dir='ltr'>ἀσπαζομένους,</span> <span class='ocrx_word' id='word_1_517' title='bbox 1346 4985 1440 5039; x_wconf 74' lang='grc' dir='ltr'><strong>καὶ</strong></span> <span class='ocrx_word' id='word_1_518' title='bbox 1489 4985 1628 5058; x_wconf 84' lang='grc' dir='ltr'>μέθῃ</span> <span class='ocrx_word' id='word_1_519' title='bbox 1663 4987 1756 5040; x_wconf 76' lang='grc' dir='ltr'>καὶ</span> <span class='ocrx_word' id='word_1_520' title='bbox 1805 4987 1998 5058; x_wconf 86' lang='grc' dir='ltr'>κορδα-</span> 
     </span>
    </p>
   </div>
   <div class='ocr_carea' id='block_1_66' title="bbox 408 5078 1050 5149">
    <p class='ocr_par' dir='ltr' id='par_1_66' title="bbox 408 5078 1050 5149">
     <span class='ocr_line' id='line_1_66' title="bbox 408 5078 1050 5149; baseline -0.003 -17"><span class='ocrx_word' id='word_1_521' title='bbox 408 5080 624 5148; x_wconf 85' lang='grc' dir='ltr'>κισμοῖς</span> <span class='ocrx_word' id='word_1_522' title='bbox 656 5078 1050 5149; x_wconf 74' lang='grc' dir='ltr'>κεχρημένους.</span> 
     </span>
    </p>
   </div>
   <div class='ocr_carea' id='block_1_67' title="bbox 483 5207 1995 5326">
    <p class='ocr_par' dir='ltr' id='par_1_67' title="bbox 483 5207 1995 5326">
     <span class='ocr_line' id='line_1_67' title="bbox 483 5207 1995 5326; baseline 0.003 -24"><span class='ocrx_word' id='word_1_523' title='bbox 483 5271 502 5302; x_wconf 87' lang='grc'><strong><em>‹</em></strong></span> <span class='ocrx_word' id='word_1_524' title='bbox 540 5253 728 5305; x_wconf 85' lang='grc' dir='ltr'>Τοίνυν</span> <span class='ocrx_word' id='word_1_525' title='bbox 757 5207 1101 5324; x_wconf 77' lang='grc' dir='ltr'>αἰχμάλωτος</span> <span class='ocrx_word' id='word_1_526' title='bbox 1138 5255 1166 5306; x_wconf 87' lang='lat'><strong>6</strong></span> <span class='ocrx_word' id='word_1_527' title='bbox 1195 5255 1322 5318; x_wconf 88' lang='grc' dir='ltr'>λαός</span> <span class='ocrx_word' id='word_1_528' title='bbox 1359 5273 1458 5326; x_wconf 83' lang='grc' dir='ltr'><strong>μου</strong></span> <span class='ocrx_word' id='word_1_529' title='bbox 1495 5254 1752 5325; x_wconf 77' lang='grc' dir='ltr'>ἐγενήθη,</span> <span class='ocrx_word' id='word_1_530' title='bbox 1800 5253 1887 5308; x_wconf 69' lang='grc' dir='ltr'><strong>διὰ</strong></span> <span class='ocrx_word' id='word_1_531' title='bbox 1934 5254 1995 5307; x_wconf 84' lang='grc' dir='ltr'><strong>τὸ</strong></span> 
     </span>
    </p>
   </div>
   <div class='ocr_carea' id='block_1_68' title="bbox 411 5343 1994 5417">
    <p class='ocr_par' dir='ltr' id='par_1_68' title="bbox 411 5343 1994 5417">
     <span class='ocr_line' id='line_1_68' title="bbox 411 5343 1994 5417; baseline 0.003 -23"><span class='ocrx_word' id='word_1_532' title='bbox 411 5344 485 5413; x_wconf 80' lang='grc' dir='ltr'>μὴ</span> <span class='ocrx_word' id='word_1_533' title='bbox 529 5343 724 5397; x_wconf 85' lang='grc' dir='ltr'>εἰδέναι</span> <span class='ocrx_word' id='word_1_534' title='bbox 757 5346 953 5408; x_wconf 74' lang='grc' dir='ltr'>αὐτοὺς</span> <span class='ocrx_word' id='word_1_535' title='bbox 999 5346 1090 5398; x_wconf 82' lang='grc' dir='ltr'><strong>τὸν</strong></span> <span class='ocrx_word' id='word_1_536' title='bbox 1124 5345 1348 5416; x_wconf 77' lang='grc' dir='ltr'>Κύριον,</span> <span class='ocrx_word' id='word_1_537' title='bbox 1384 5347 1480 5398; x_wconf 76' lang='grc' dir='ltr'><strong>καὶ</strong></span> <span class='ocrx_word' id='word_1_538' title='bbox 1526 5345 1729 5416; x_wconf 81' lang='grc' dir='ltr'>πλῆθος</span> <span class='ocrx_word' id='word_1_539' title='bbox 1761 5345 1994 5417; x_wconf 80' lang='grc' dir='ltr'>ἐγενήθη</span> 
     </span>
    </p>
   </div>
   <div class='ocr_carea' id='block_1_69' title="bbox 406 5434 1995 5509">
    <p class='ocr_par' dir='ltr' id='par_1_69' title="bbox 406 5434 1995 5509">
     <span class='ocr_line' id='line_1_69' title="bbox 406 5434 1995 5509; baseline 0.001 -21"><span class='ocrx_word' id='word_1_540' title='bbox 406 5434 615 5504; x_wconf 81' lang='grc' dir='ltr'>νεκρῶν</span> <span class='ocrx_word' id='word_1_541' title='bbox 656 5435 742 5489; x_wconf 77' lang='grc' dir='ltr'>διὰ</span> <span class='ocrx_word' id='word_1_542' title='bbox 787 5436 944 5508; x_wconf 79' lang='grc' dir='ltr'>λιμὸν</span> <span class='ocrx_word' id='word_1_543' title='bbox 979 5439 1074 5491; x_wconf 71' lang='grc' dir='ltr'><strong>καὶ</strong></span> <span class='ocrx_word' id='word_1_544' title='bbox 1122 5437 1273 5507; x_wconf 67' lang='grc' dir='ltr'>δίψος</span> <span class='ocrx_word' id='word_1_545' title='bbox 1317 5437 1506 5500; x_wconf 82' lang='grc' dir='ltr'>ὓδατος</span> <span class='ocrx_word' id='word_1_546' title='bbox 1548 5437 1680 5508; x_wconf 80' lang='lat'><strong>(10).</strong></span> <span class='ocrx_word' id='word_1_547' title='bbox 1719 5458 1738 5490; x_wconf 73' lang='grc' dir='ltr'><strong>ο</strong></span> <span class='ocrx_word' id='word_1_548' title='bbox 1788 5437 1995 5509; x_wconf 85' lang='grc' dir='ltr'>Ῥητῶς</span> 
     </span>
    </p>
   </div>
   <div class='ocr_carea' id='block_1_70' title="bbox 477 5553 1464 5621">
    <p class='ocr_par' dir='ltr' id='par_1_70' title="bbox 477 5553 1464 5621">
     <span class='ocr_line' id='line_1_70' title="bbox 477 5553 1464 5621; baseline -0.004 -8"><span class='ocrx_word' id='word_1_549' title='bbox 477 5555 521 5588; x_wconf 79' lang='grc'><strong>³⁸</strong></span> <span class='ocrx_word' id='word_1_550' title='bbox 551 5553 685 5612; x_wconf 86' lang='lat' dir='ltr'><strong>Gen.</strong></span> <span class='ocrx_word' id='word_1_551' title='bbox 727 5570 801 5621; x_wconf 84' lang='lat' dir='ltr'><strong>Iv,</strong></span> <span class='ocrx_word' id='word_1_552' title='bbox 835 5557 917 5611; x_wconf 87' lang='lat' dir='ltr'><strong>l0.</strong></span> <span class='ocrx_word' id='word_1_553' title='bbox 994 5559 1038 5589; x_wconf 75' lang='grc'><strong>³⁸</strong></span> <span class='ocrx_word' id='word_1_554' title='bbox 1070 5557 1087 5611; x_wconf 91' lang='lat' dir='ltr'><strong>I</strong></span> <span class='ocrx_word' id='word_1_555' title='bbox 1121 5557 1245 5611; x_wconf 85' lang='lat' dir='ltr'><strong>Cor.</strong></span> <span class='ocrx_word' id='word_1_556' title='bbox 1277 5571 1345 5620; x_wconf 65' lang='grc' dir='ltr'><strong>τι,</strong></span> <span class='ocrx_word' id='word_1_557' title='bbox 1383 5556 1464 5610; x_wconf 80' lang='lat' dir='ltr'><strong>lt).</strong></span> 
     </span>
    </p>
   </div>
   <div class='ocr_carea' id='block_1_71' title="bbox 483 5696 1986 5768">
    <p class='ocr_par' dir='ltr' id='par_1_71' title="bbox 483 5696 1986 5768">
     <span class='ocr_line' id='line_1_71' title="bbox 483 5696 1986 5768; baseline -0.002 -16"><span class='ocrx_word' id='word_1_558' title='bbox 483 5699 596 5768; x_wconf 88' lang='lat' dir='ltr'><strong>(l0)</strong></span> <span class='ocrx_word' id='word_1_559' title='bbox 636 5698 761 5753; x_wconf 69' lang='lat' dir='ltr'><strong>llaec</strong></span> <span class='ocrx_word' id='word_1_560' title='bbox 793 5698 864 5752; x_wconf 85' lang='lat' dir='ltr'><strong>ita</strong></span> <span class='ocrx_word' id='word_1_561' title='bbox 894 5699 1260 5756; x_wconf 73' lang='lat' dir='ltr'><strong>llieronvmus</strong></span> <span class='ocrx_word' id='word_1_562' title='bbox 1295 5701 1482 5763; x_wconf 83' lang='lat' dir='ltr'><strong>vertir,</strong></span> <span class='ocrx_word' id='word_1_563' title='bbox 1517 5717 1534 5750; x_wconf 78' lang='grc' dir='ltr'><strong>ι</strong></span> <span class='ocrx_word' id='word_1_564' title='bbox 1567 5697 1694 5768; x_wconf 67' lang='lat' dir='ltr'><strong>llaec</strong></span> <span class='ocrx_word' id='word_1_565' title='bbox 1717 5697 1872 5768; x_wconf 73' lang='lat' dir='ltr'><strong>juxta</strong></span> <span class='ocrx_word' id='word_1_566' title='bbox 1905 5696 1986 5749; x_wconf 90' lang='lat' dir='ltr'><strong>lit-</strong></span> 
     </span>
    </p>
   </div>
   <div class='ocr_carea' id='block_1_72' title="bbox 411 5767 1986 5838">
    <p class='ocr_par' dir='ltr' id='par_1_72' title="bbox 411 5767 1986 5838">
     <span class='ocr_line' id='line_1_72' title="bbox 411 5767 1986 5838; baseline -0.003 -15"><span class='ocrx_word' id='word_1_567' title='bbox 411 5767 582 5825; x_wconf 82' lang='lat' dir='ltr'><strong>teram</strong></span> <span class='ocrx_word' id='word_1_568' title='bbox 611 5771 879 5824; x_wconf 81' lang='lat' dir='ltr'><strong>accidisse</strong></span> <span class='ocrx_word' id='word_1_569' title='bbox 918 5772 1114 5838; x_wconf 82' lang='lat' dir='ltr'><strong>pepulo</strong></span> <span class='ocrx_word' id='word_1_570' title='bbox 1153 5769 1463 5827; x_wconf 68' lang='lat' dir='ltr'><strong>Iudaeorum</strong></span> <span class='ocrx_word' id='word_1_571' title='bbox 1506 5769 1608 5836; x_wconf 73' lang='lat' dir='ltr'><strong>sub</strong></span> <span class='ocrx_word' id='word_1_572' title='bbox 1659 5767 1986 5836; x_wconf 78' lang='lat' dir='ltr'><strong>Vespasiano</strong></span> 
     </span>
    </p>
   </div>
   <div class='ocr_carea' id='block_1_73' title="bbox 411 5838 1984 5908">
    <p class='ocr_par' dir='ltr' id='par_1_73' title="bbox 411 5838 1984 5908">
     <span class='ocr_line' id='line_1_73' title="bbox 411 5838 1984 5908; baseline -0.003 -13"><span class='ocrx_word' id='word_1_573' title='bbox 411 5851 466 5896; x_wconf 89' lang='lat' dir='ltr'><strong>et</strong></span> <span class='ocrx_word' id='word_1_574' title='bbox 521 5839 642 5899; x_wconf 82' lang='lat' dir='ltr'><strong>Tito</strong></span> <span class='ocrx_word' id='word_1_575' title='bbox 691 5841 952 5897; x_wconf 75' lang='lat' dir='ltr'><strong>llontanis</strong></span> <span class='ocrx_word' id='word_1_576' title='bbox 1007 5841 1383 5908; x_wconf 74' lang='lat' dir='ltr'><strong>principibus,</strong></span> <span class='ocrx_word' id='word_1_577' title='bbox 1435 5851 1543 5895; x_wconf 86' lang='lat' dir='ltr'><strong>tam</strong></span> <span class='ocrx_word' id='word_1_578' title='bbox 1591 5838 1775 5895; x_wconf 67' lang='lat' dir='ltr'><strong>erca</strong></span> <span class='ocrx_word' id='word_1_579' title='bbox 1824 5852 1984 5906; x_wconf 85' lang='lat' dir='ltr'><strong>quam</strong></span> 
     </span>
    </p>
   </div>
   <div class='ocr_carea' id='block_1_74' title="bbox 2183 2046 3690 2124">
    <p class='ocr_par' dir='ltr' id='par_1_74' title="bbox 2183 2046 3690 2124">
     <span class='ocr_line' id='line_1_74' title="bbox 2183 2046 3690 2124; baseline -0.001 -19"><span class='ocrx_word' id='word_1_580' title='bbox 2183 2051 2345 2106; x_wconf 72' lang='lat' dir='ltr'><strong>Vens.</strong></span> <span class='ocrx_word' id='word_1_581' title='bbox 2377 2051 2430 2104; x_wconf 85' lang='lat'><strong>7.</strong></span> <span class='ocrx_word' id='word_1_582' title='bbox 2467 2070 2484 2102; x_wconf 73' lang='grc' dir='ltr'><strong>ι</strong></span> <span class='ocrx_word' id='word_1_583' title='bbox 2520 2049 2846 2122; x_wconf 84' lang='lat' dir='ltr'><strong>Exspectavi</strong></span> <span class='ocrx_word' id='word_1_584' title='bbox 2889 2058 2946 2105; x_wconf 89' lang='lat' dir='ltr'><strong>ut</strong></span> <span class='ocrx_word' id='word_1_585' title='bbox 2989 2049 3192 2104; x_wconf 84' lang='lat' dir='ltr'><strong>faceret</strong></span> <span class='ocrx_word' id='word_1_586' title='bbox 3218 2046 3508 2124; x_wconf 78' lang='lat' dir='ltr'><strong>judicium,</strong></span> <span class='ocrx_word' id='word_1_587' title='bbox 3563 2047 3690 2104; x_wconf 83' lang='lat' dir='ltr'><strong>fecit</strong></span> 
     </span>
    </p>
   </div>
   <div class='ocr_carea' id='block_1_75' title="bbox 2108 2126 3692 2213">
    <p class='ocr_par' dir='ltr' id='par_1_75' title="bbox 2108 2126 3692 2213">
     <span class='ocr_line' id='line_1_75' title="bbox 2108 2126 3692 2213; baseline 0 -17"><span class='ocrx_word' id='word_1_588' title='bbox 2108 2151 2287 2198; x_wconf 90' lang='lat' dir='ltr'><strong>autem</strong></span> <span class='ocrx_word' id='word_1_589' title='bbox 2344 2142 2712 2213; x_wconf 87' lang='lat' dir='ltr'><strong>iniquitatem,</strong></span> <span class='ocrx_word' id='word_1_590' title='bbox 2768 2151 2824 2198; x_wconf 91' lang='lat' dir='ltr'><strong>et</strong></span> <span class='ocrx_word' id='word_1_591' title='bbox 2876 2157 2982 2197; x_wconf 92' lang='lat' dir='ltr'><strong>non</strong></span> <span class='ocrx_word' id='word_1_592' title='bbox 3023 2126 3315 2212; x_wconf 82' lang='lat' dir='ltr'><strong>justitiam,</strong></span> <span class='ocrx_word' id='word_1_593' title='bbox 3356 2144 3452 2198; x_wconf 91' lang='lat' dir='ltr'><strong>sed</strong></span> <span class='ocrx_word' id='word_1_594' title='bbox 3488 2143 3692 2198; x_wconf 78' lang='lat' dir='ltr'><strong>clarue-</strong></span> 
     </span>
    </p>
   </div>
   <div class='ocr_carea' id='block_1_76' title="bbox 2110 2233 3684 2304">
    <p class='ocr_par' dir='ltr' id='par_1_76' title="bbox 2110 2233 3684 2304">
     <span class='ocr_line' id='line_1_76' title="bbox 2110 2233 3684 2304; baseline -0.001 -15"><span class='ocrx_word' id='word_1_595' title='bbox 2110 2234 2259 2289; x_wconf 64' lang='lat' dir='ltr'><strong>rem.’</strong></span> <span class='ocrx_word' id='word_1_596' title='bbox 2279 2253 2298 2286; x_wconf 74' lang='grc' dir='ltr'><strong>ι</strong></span> <span class='ocrx_word' id='word_1_597' title='bbox 2331 2233 2466 2288; x_wconf 86' lang='lat' dir='ltr'><strong>Nam</strong></span> <span class='ocrx_word' id='word_1_598' title='bbox 2506 2249 2671 2289; x_wconf 89' lang='lat' dir='ltr'><strong>omne</strong></span> <span class='ocrx_word' id='word_1_599' title='bbox 2701 2247 2981 2304; x_wconf 87' lang='lat' dir='ltr'><strong>peccatum</strong></span> <span class='ocrx_word' id='word_1_600' title='bbox 3013 2236 3081 2289; x_wconf 87' lang='lat' dir='ltr'><strong>ad</strong></span> <span class='ocrx_word' id='word_1_601' title='bbox 3101 2246 3359 2302; x_wconf 87' lang='lat' dir='ltr'><strong>mortem,</strong></span> <span class='ocrx_word' id='word_1_602' title='bbox 3387 2235 3684 2290; x_wconf 84' lang='lat' dir='ltr'><strong>clamorem</strong></span> 
     </span>
    </p>
   </div>
   <div class='ocr_carea' id='block_1_77' title="bbox 2107 2324 3685 2396">
    <p class='ocr_par' dir='ltr' id='par_1_77' title="bbox 2107 2324 3685 2396">
     <span class='ocr_line' id='line_1_77' title="bbox 2107 2324 3685 2396; baseline -0.001 -17"><span class='ocrx_word' id='word_1_603' title='bbox 2107 2324 2330 2392; x_wconf 87' lang='lat' dir='ltr'><strong>emittit,</strong></span> <span class='ocrx_word' id='word_1_604' title='bbox 2372 2328 2642 2380; x_wconf 88' lang='lat' dir='ltr'><strong>clamante</strong></span> <span class='ocrx_word' id='word_1_605' title='bbox 2695 2327 2778 2381; x_wconf 89' lang='lat' dir='ltr'><strong>vel</strong></span> <span class='ocrx_word' id='word_1_606' title='bbox 2815 2327 2928 2396; x_wconf 90' lang='lat' dir='ltr'><strong>ipsa</strong></span> <span class='ocrx_word' id='word_1_607' title='bbox 2981 2328 3239 2382; x_wconf 88' lang='lat' dir='ltr'><strong>actione:</strong></span> <span class='ocrx_word' id='word_1_608' title='bbox 3295 2326 3376 2381; x_wconf 89' lang='lat' dir='ltr'><strong>sic</strong></span> <span class='ocrx_word' id='word_1_609' title='bbox 3416 2325 3563 2380; x_wconf 89' lang='lat' dir='ltr'><strong>enim</strong></span> <span class='ocrx_word' id='word_1_610' title='bbox 3599 2324 3685 2379; x_wconf 85' lang='lat' dir='ltr'><strong>di—</strong></span> 
     </span>
    </p>
   </div>
   <div class='ocr_carea' id='block_1_78' title="bbox 2110 2416 3688 2489">
    <p class='ocr_par' dir='ltr' id='par_1_78' title="bbox 2110 2416 3688 2489">
     <span class='ocr_line' id='line_1_78' title="bbox 2110 2416 3688 2489; baseline -0.001 -18"><span class='ocrx_word' id='word_1_611' title='bbox 2110 2429 2256 2472; x_wconf 86' lang='lat' dir='ltr'><strong>ctum</strong></span> <span class='ocrx_word' id='word_1_612' title='bbox 2297 2427 2400 2484; x_wconf 90' lang='lat' dir='ltr'><strong>est,</strong></span> <span class='ocrx_word' id='word_1_613' title='bbox 2445 2437 2463 2470; x_wconf 74' lang='grc' dir='ltr'><strong>ι</strong></span> <span class='ocrx_word' id='word_1_614' title='bbox 2494 2419 2609 2474; x_wconf 78' lang='lat' dir='ltr'><strong>Vox</strong></span> <span class='ocrx_word' id='word_1_615' title='bbox 2655 2421 2939 2489; x_wconf 80' lang='lat' dir='ltr'><strong>sanguinis</strong></span> <span class='ocrx_word' id='word_1_616' title='bbox 2971 2419 3106 2474; x_wconf 85' lang='lat' dir='ltr'><strong>Abel</strong></span> <span class='ocrx_word' id='word_1_617' title='bbox 3142 2418 3327 2473; x_wconf 78' lang='lat' dir='ltr'><strong>fratris</strong></span> <span class='ocrx_word' id='word_1_618' title='bbox 3370 2416 3446 2471; x_wconf 92' lang='lat' dir='ltr'><strong>tui</strong></span> <span class='ocrx_word' id='word_1_619' title='bbox 3491 2416 3688 2471; x_wconf 89' lang='lat' dir='ltr'><strong>clamat</strong></span> 
     </span>
    </p>
   </div>
   <div class='ocr_carea' id='block_1_79' title="bbox 2108 2509 2432 2564">
    <p class='ocr_par' dir='ltr' id='par_1_79' title="bbox 2108 2509 2432 2564">
     <span class='ocr_line' id='line_1_79' title="bbox 2108 2509 2432 2564; baseline -0.009 -1"><span class='ocrx_word' id='word_1_620' title='bbox 2108 2509 2173 2563; x_wconf 85' lang='lat' dir='ltr'><strong>ad</strong></span> <span class='ocrx_word' id='word_1_621' title='bbox 2207 2525 2292 2564; x_wconf 85' lang='lat' dir='ltr'><strong>me</strong></span> <span class='ocrx_word' id='word_1_622' title='bbox 2315 2509 2379 2564; x_wconf 74' lang='grc'><strong>’³.</strong></span> <span class='ocrx_word' id='word_1_623' title='bbox 2413 2527 2432 2560; x_wconf 73' lang='grc' dir='ltr'><strong>ι</strong></span> 
     </span>
    </p>
   </div>
   <div class='ocr_carea' id='block_1_80' title="bbox 2181 2601 3681 2673">
    <p class='ocr_par' dir='ltr' id='par_1_80' title="bbox 2181 2601 3681 2673">
     <span class='ocr_line' id='line_1_80' title="bbox 2181 2601 3681 2673; baseline -0.001 -17"><span class='ocrx_word' id='word_1_624' title='bbox 2181 2601 2346 2658; x_wconf 76' lang='lat' dir='ltr'><strong>Vens.</strong></span> <span class='ocrx_word' id='word_1_625' title='bbox 2377 2602 2466 2657; x_wconf 77' lang='grc'><strong>10.</strong></span> <span class='ocrx_word' id='word_1_626' title='bbox 2512 2621 2530 2654; x_wconf 78' lang='grc' dir='ltr'><strong>ι</strong></span> <span class='ocrx_word' id='word_1_627' title='bbox 2569 2603 2668 2659; x_wconf 89' lang='lat' dir='ltr'><strong>Ubi</strong></span> <span class='ocrx_word' id='word_1_628' title='bbox 2725 2618 2867 2658; x_wconf 79' lang='lat' dir='ltr'><strong>enim</strong></span> <span class='ocrx_word' id='word_1_629' title='bbox 2910 2613 3071 2659; x_wconf 90' lang='lat' dir='ltr'><strong>arant</strong></span> <span class='ocrx_word' id='word_1_630' title='bbox 3101 2605 3284 2658; x_wconf 89' lang='lat' dir='ltr'><strong>decem</strong></span> <span class='ocrx_word' id='word_1_631' title='bbox 3313 2601 3435 2673; x_wconf 78' lang='lat' dir='ltr'><strong>iuga</strong></span> <span class='ocrx_word' id='word_1_632' title='bbox 3495 2604 3681 2666; x_wconf 90' lang='lat' dir='ltr'><strong>boum,</strong></span> 
     </span>
    </p>
   </div>
   <div class='ocr_carea' id='block_1_81' title="bbox 2109 2693 3685 2764">
    <p class='ocr_par' dir='ltr' id='par_1_81' title="bbox 2109 2693 3685 2764">
     <span class='ocr_line' id='line_1_81' title="bbox 2109 2693 3685 2764; baseline -0.001 -16"><span class='ocrx_word' id='word_1_633' title='bbox 2109 2693 2273 2749; x_wconf 86' lang='lat' dir='ltr'><strong>faciet</strong></span> <span class='ocrx_word' id='word_1_634' title='bbox 2311 2695 2660 2764; x_wconf 83' lang='lat' dir='ltr'><strong>lagunculam</strong></span> <span class='ocrx_word' id='word_1_635' title='bbox 2718 2711 2918 2750; x_wconf 87' lang='lat' dir='ltr'><strong>unam:</strong></span> <span class='ocrx_word' id='word_1_636' title='bbox 2969 2705 3024 2751; x_wconf 91' lang='lat' dir='ltr'><strong>et</strong></span> <span class='ocrx_word' id='word_1_637' title='bbox 3079 2695 3172 2764; x_wconf 87' lang='lat' dir='ltr'><strong>qui</strong></span> <span class='ocrx_word' id='word_1_638' title='bbox 3205 2695 3438 2750; x_wconf 89' lang='lat' dir='ltr'><strong>seminat</strong></span> <span class='ocrx_word' id='word_1_639' title='bbox 3466 2693 3685 2747; x_wconf 86' lang='lat' dir='ltr'><strong>artabas</strong></span> 
     </span>
    </p>
   </div>
   <div class='ocr_carea' id='block_1_82' title="bbox 2105 2783 3688 2857">
    <p class='ocr_par' dir='ltr' id='par_1_82' title="bbox 2105 2783 3688 2857">
     <span class='ocr_line' id='line_1_82' title="bbox 2105 2783 3688 2857; baseline -0.002 -14"><span class='ocrx_word' id='word_1_640' title='bbox 2105 2804 2222 2851; x_wconf 81' lang='lat' dir='ltr'><strong>sex,</strong></span> <span class='ocrx_word' id='word_1_641' title='bbox 2274 2786 2434 2843; x_wconf 81' lang='lat' dir='ltr'><strong>faciet</strong></span> <span class='ocrx_word' id='word_1_642' title='bbox 2465 2803 2750 2843; x_wconf 87' lang='lat' dir='ltr'><strong>mensuras</strong></span> <span class='ocrx_word' id='word_1_643' title='bbox 2777 2797 2907 2843; x_wconf 83' lang='lat' dir='ltr'><strong>tres.</strong></span> <span class='ocrx_word' id='word_1_644' title='bbox 2941 2808 2959 2841; x_wconf 72' lang='grc' dir='ltr'><strong>ι</strong></span> <span class='ocrx_word' id='word_1_645' title='bbox 2989 2787 3164 2841; x_wconf 78' lang='lat' dir='ltr'><strong>llaros</strong></span> <span class='ocrx_word' id='word_1_646' title='bbox 3205 2787 3464 2857; x_wconf 84' lang='lat' dir='ltr'><strong>quosdam</strong></span> <span class='ocrx_word' id='word_1_647' title='bbox 3512 2783 3688 2840; x_wconf 72' lang='lat' dir='ltr'><strong>homi-</strong></span> 
     </span>
    </p>
   </div>
   <div class='ocr_carea' id='block_1_83' title="bbox 2107 2875 3685 2950">
    <p class='ocr_par' dir='ltr' id='par_1_83' title="bbox 2107 2875 3685 2950">
     <span class='ocr_line' id='line_1_83' title="bbox 2107 2875 3685 2950; baseline -0.001 -16"><span class='ocrx_word' id='word_1_648' title='bbox 2107 2895 2224 2943; x_wconf 88' lang='lat' dir='ltr'><strong>nes,</strong></span> <span class='ocrx_word' id='word_1_649' title='bbox 2261 2879 2354 2948; x_wconf 92' lang='lat' dir='ltr'><strong>qui</strong></span> <span class='ocrx_word' id='word_1_650' title='bbox 2393 2880 2534 2949; x_wconf 91' lang='lat' dir='ltr'><strong>apud</strong></span> <span class='ocrx_word' id='word_1_651' title='bbox 2569 2879 2714 2950; x_wconf 89' lang='lat' dir='ltr'><strong>ipsos</strong></span> <span class='ocrx_word' id='word_1_652' title='bbox 2750 2880 2921 2934; x_wconf 89' lang='lat' dir='ltr'><strong>salute</strong></span> <span class='ocrx_word' id='word_1_653' title='bbox 2951 2879 3099 2950; x_wconf 83' lang='lat' dir='ltr'><strong>digni</strong></span> <span class='ocrx_word' id='word_1_654' title='bbox 3151 2879 3507 2947; x_wconf 84' lang='lat' dir='ltr'><strong>reperientur,</strong></span> <span class='ocrx_word' id='word_1_655' title='bbox 3557 2875 3685 2932; x_wconf 83' lang='lat' dir='ltr'><strong>sub-</strong></span> 
     </span>
    </p>
   </div>
   <div class='ocr_carea' id='block_1_84' title="bbox 2107 2970 2333 3024">
    <p class='ocr_par' dir='ltr' id='par_1_84' title="bbox 2107 2970 2333 3024">
     <span class='ocr_line' id='line_1_84' title="bbox 2107 2970 2333 3024; baseline -0.004 0"><span class='ocrx_word' id='word_1_656' title='bbox 2107 2970 2333 3024; x_wconf 82' lang='lat' dir='ltr'><strong>indicat.</strong></span> 
     </span>
    </p>
   </div>
   <div class='ocr_carea' id='block_1_85' title="bbox 2179 3059 3682 3132">
    <p class='ocr_par' dir='ltr' id='par_1_85' title="bbox 2179 3059 3682 3132">
     <span class='ocr_line' id='line_1_85' title="bbox 2179 3059 3682 3132; baseline -0.003 -17"><span class='ocrx_word' id='word_1_657' title='bbox 2179 3061 2343 3116; x_wconf 69' lang='lat' dir='ltr'><strong>Vens.</strong></span> <span class='ocrx_word' id='word_1_658' title='bbox 2380 3061 2467 3116; x_wconf 81' lang='lat' dir='ltr'><strong>ll.</strong></span> <span class='ocrx_word' id='word_1_659' title='bbox 2507 3079 2524 3113; x_wconf 73' lang='grc' dir='ltr'><strong>ι</strong></span> <span class='ocrx_word' id='word_1_660' title='bbox 2559 3059 2651 3116; x_wconf 70' lang='grc' dir='ltr'><strong>ναξ</strong></span> <span class='ocrx_word' id='word_1_661' title='bbox 2690 3062 2757 3116; x_wconf 91' lang='lat' dir='ltr'><strong>iis</strong></span> <span class='ocrx_word' id='word_1_662' title='bbox 2782 3063 2871 3131; x_wconf 93' lang='lat' dir='ltr'><strong>qui</strong></span> <span class='ocrx_word' id='word_1_663' title='bbox 2899 3077 3056 3116; x_wconf 84' lang='lat' dir='ltr'><strong>mane</strong></span> <span class='ocrx_word' id='word_1_664' title='bbox 3086 3069 3338 3132; x_wconf 85' lang='lat' dir='ltr'><strong>surgunt,</strong></span> <span class='ocrx_word' id='word_1_665' title='bbox 3374 3070 3427 3115; x_wconf 93' lang='lat' dir='ltr'><strong>et</strong></span> <span class='ocrx_word' id='word_1_666' title='bbox 3453 3061 3682 3115; x_wconf 78' lang='lat' dir='ltr'><strong>siceram</strong></span> 
     </span>
    </p>
   </div>
   <div class='ocr_carea' id='block_1_86' title="bbox 2106 3153 3684 3225">
    <p class='ocr_par' dir='ltr' id='par_1_86' title="bbox 2106 3153 3684 3225">
     <span class='ocr_line' id='line_1_86' title="bbox 2106 3153 3684 3225; baseline -0.003 -17"><span class='ocrx_word' id='word_1_667' title='bbox 2106 3166 2546 3224; x_wconf 81' lang='lat' dir='ltr'><strong>persequuntur;</strong></span> <span class='ocrx_word' id='word_1_668' title='bbox 2587 3157 2680 3225; x_wconf 89' lang='lat' dir='ltr'><strong>qui</strong></span> <span class='ocrx_word' id='word_1_669' title='bbox 2725 3164 2946 3209; x_wconf 91' lang='lat' dir='ltr'><strong>manent</strong></span> <span class='ocrx_word' id='word_1_670' title='bbox 2988 3169 3255 3224; x_wconf 86' lang='lat' dir='ltr'><strong>vespere:</strong></span> <span class='ocrx_word' id='word_1_671' title='bbox 3315 3155 3500 3208; x_wconf 85' lang='lat' dir='ltr'><strong>vinum</strong></span> <span class='ocrx_word' id='word_1_672' title='bbox 3541 3153 3684 3207; x_wconf 87' lang='lat' dir='ltr'><strong>enim</strong></span> 
     </span>
    </p>
   </div>
   <div class='ocr_carea' id='block_1_87' title="bbox 2106 3245 3682 3317">
    <p class='ocr_par' dir='ltr' id='par_1_87' title="bbox 2106 3245 3682 3317">
     <span class='ocr_line' id='line_1_87' title="bbox 2106 3245 3682 3317; baseline -0.001 -17"><span class='ocrx_word' id='word_1_673' title='bbox 2106 3248 2393 3302; x_wconf 90' lang='lat' dir='ltr'><strong>comburet</strong></span> <span class='ocrx_word' id='word_1_674' title='bbox 2449 3261 2565 3303; x_wconf 90' lang='lat' dir='ltr'><strong>eos.</strong></span> <span class='ocrx_word' id='word_1_675' title='bbox 2615 3265 2635 3300; x_wconf 74' lang='grc' dir='ltr'><strong>ι</strong></span> <span class='ocrx_word' id='word_1_676' title='bbox 2685 3247 2985 3317; x_wconf 88' lang='lat' dir='ltr'><strong>Apostolici</strong></span> <span class='ocrx_word' id='word_1_677' title='bbox 3046 3247 3174 3301; x_wconf 86' lang='lat' dir='ltr'><strong>dicti</strong></span> <span class='ocrx_word' id='word_1_678' title='bbox 3243 3245 3682 3316; x_wconf 84' lang='lat' dir='ltr'><strong>explanationem</strong></span> 
     </span>
    </p>
   </div>
   <div class='ocr_carea' id='block_1_88' title="bbox 2106 3339 3684 3411">
    <p class='ocr_par' dir='ltr' id='par_1_88' title="bbox 2106 3339 3684 3411">
     <span class='ocr_line' id='line_1_88' title="bbox 2106 3339 3684 3411; baseline -0.001 -19"><span class='ocrx_word' id='word_1_679' title='bbox 2106 3353 2231 3408; x_wconf 85' lang='lat' dir='ltr'><strong>pars</strong></span> <span class='ocrx_word' id='word_1_680' title='bbox 2282 3340 2396 3394; x_wconf 71' lang='lat' dir='ltr'><strong>baac</strong></span> <span class='ocrx_word' id='word_1_681' title='bbox 2455 3341 2753 3411; x_wconf 70' lang='lat' dir='ltr'><strong>prophetia:</strong></span> <span class='ocrx_word' id='word_1_682' title='bbox 2805 3342 3045 3396; x_wconf 90' lang='lat' dir='ltr'><strong>continet</strong></span> <span class='ocrx_word' id='word_1_683' title='bbox 3085 3358 3099 3395; x_wconf 88' lang='lat'><strong>:</strong></span> <span class='ocrx_word' id='word_1_684' title='bbox 3135 3355 3255 3394; x_wconf 88' lang='lat' dir='ltr'><strong>nam</strong></span> <span class='ocrx_word' id='word_1_685' title='bbox 3305 3339 3444 3404; x_wconf 78' lang='lat' dir='ltr'><strong>ideo,</strong></span> <span class='ocrx_word' id='word_1_686' title='bbox 3491 3339 3684 3406; x_wconf 88' lang='lat' dir='ltr'><strong>inquit,</strong></span> 
     </span>
    </p>
   </div>
   <div class='ocr_carea' id='block_1_89' title="bbox 2111 3430 3684 3502">
    <p class='ocr_par' dir='ltr' id='par_1_89' title="bbox 2111 3430 3684 3502">
     <span class='ocr_line' id='line_1_89' title="bbox 2111 3430 3684 3502; baseline 0.006 -19"><span class='ocrx_word' id='word_1_687' title='bbox 2111 3449 2131 3483; x_wconf 72' lang='grc' dir='ltr'><strong>ι</strong></span> <span class='ocrx_word' id='word_1_688' title='bbox 2172 3430 2318 3485; x_wconf 85' lang='lat' dir='ltr'><strong>Ebrii</strong></span> <span class='ocrx_word' id='word_1_689' title='bbox 2353 3447 2574 3502; x_wconf 89' lang='lat' dir='ltr'><strong>regnum</strong></span> <span class='ocrx_word' id='word_1_690' title='bbox 2624 3433 2717 3488; x_wconf 87' lang='lat' dir='ltr'><strong>Dei</strong></span> <span class='ocrx_word' id='word_1_691' title='bbox 2769 3448 2874 3487; x_wconf 93' lang='lat' dir='ltr'><strong>non</strong></span> <span class='ocrx_word' id='word_1_692' title='bbox 2921 3431 3273 3501; x_wconf 78' lang='lat' dir='ltr'><strong>possidebunt</strong></span> <span class='ocrx_word' id='word_1_693' title='bbox 3297 3432 3381 3495; x_wconf 69' lang='lat'><strong>&#39;9;</strong></span> <span class='ocrx_word' id='word_1_694' title='bbox 3424 3447 3442 3481; x_wconf 74' lang='grc' dir='ltr'><strong>ι</strong></span> <span class='ocrx_word' id='word_1_695' title='bbox 3501 3430 3552 3483; x_wconf 77' lang='lat' dir='ltr'><strong>id</strong></span> <span class='ocrx_word' id='word_1_696' title='bbox 3580 3441 3684 3493; x_wconf 76' lang='grc' dir='ltr'>εει.</span> 
     </span>
    </p>
   </div>
   <div class='ocr_carea' id='block_1_90' title="bbox 2106 3524 3688 3595">
    <p class='ocr_par' dir='ltr' id='par_1_90' title="bbox 2106 3524 3688 3595">
     <span class='ocr_line' id='line_1_90' title="bbox 2106 3524 3688 3595; baseline -0.001 -18"><span class='ocrx_word' id='word_1_697' title='bbox 2106 3524 2197 3594; x_wconf 90' lang='lat' dir='ltr'><strong>qui</strong></span> <span class='ocrx_word' id='word_1_698' title='bbox 2230 3527 2466 3578; x_wconf 89' lang='lat' dir='ltr'><strong>nondum</strong></span> <span class='ocrx_word' id='word_1_699' title='bbox 2486 3525 2791 3595; x_wconf 82' lang='lat' dir='ltr'><strong>juventutis</strong></span> <span class='ocrx_word' id='word_1_700' title='bbox 2821 3525 3596 3594; x_wconf 88' lang='lat' dir='ltr'><strong>insipientiamdeposuerunt,</strong></span> <span class='ocrx_word' id='word_1_701' title='bbox 3632 3535 3688 3577; x_wconf 88' lang='lat' dir='ltr'><strong>et</strong></span> 
     </span>
    </p>
   </div>
   <div class='ocr_carea' id='block_1_91' title="bbox 2105 3607 3742 3684">
    <p class='ocr_par' dir='ltr' id='par_1_91' title="bbox 2105 3607 3742 3684">
     <span class='ocr_line' id='line_1_91' title="bbox 2105 3607 3742 3684; baseline -0.003 -15"><span class='ocrx_word' id='word_1_702' title='bbox 2105 3615 2221 3684; x_wconf 89' lang='lat' dir='ltr'><strong>qui,</strong></span> <span class='ocrx_word' id='word_1_703' title='bbox 2259 3631 2382 3670; x_wconf 91' lang='lat' dir='ltr'><strong>cum</strong></span> <span class='ocrx_word' id='word_1_704' title='bbox 2430 3615 2771 3670; x_wconf 90' lang='lat' dir='ltr'><strong>turbulentos</strong></span> <span class='ocrx_word' id='word_1_705' title='bbox 2818 3615 2989 3669; x_wconf 86' lang='lat' dir='ltr'><strong>animi</strong></span> <span class='ocrx_word' id='word_1_706' title='bbox 3041 3629 3218 3668; x_wconf 83' lang='lat' dir='ltr'><strong>metus</strong></span> <span class='ocrx_word' id='word_1_707' title='bbox 3267 3623 3487 3667; x_wconf 90' lang='lat' dir='ltr'><strong>strenue</strong></span> <span class='ocrx_word' id='word_1_708' title='bbox 3513 3628 3686 3682; x_wconf 80' lang='lat' dir='ltr'><strong>Oppu-</strong></span> <span class='ocrx_word' id='word_1_709' title='bbox 3737 3607 3742 3612; x_wconf 87' lang='grc'><strong>’</strong></span> 
     </span>
    </p>
   </div>
   <div class='ocr_carea' id='block_1_92' title="bbox 2112 3705 3683 3777">
    <p class='ocr_par' dir='ltr' id='par_1_92' title="bbox 2112 3705 3683 3777">
     <span class='ocr_line' id='line_1_92' title="bbox 2112 3705 3683 3777; baseline 0.001 -20"><span class='ocrx_word' id='word_1_710' title='bbox 2112 3720 2283 3777; x_wconf 79' lang='lat' dir='ltr'><strong>gnare</strong></span> <span class='ocrx_word' id='word_1_711' title='bbox 2331 3705 2597 3769; x_wconf 83' lang='lat' dir='ltr'><strong>debeant,’</strong></span> <span class='ocrx_word' id='word_1_712' title='bbox 2631 3707 2697 3760; x_wconf 85' lang='lat' dir='ltr'><strong>ab</strong></span> <span class='ocrx_word' id='word_1_713' title='bbox 2749 3706 2815 3760; x_wconf 89' lang='lat' dir='ltr'><strong>iis</strong></span> <span class='ocrx_word' id='word_1_714' title='bbox 2848 3715 3034 3760; x_wconf 89' lang='lat' dir='ltr'><strong>contra</strong></span> <span class='ocrx_word' id='word_1_715' title='bbox 3063 3705 3472 3763; x_wconf 85' lang='lat' dir='ltr'><strong>subvertuntur.</strong></span> <span class='ocrx_word' id='word_1_716' title='bbox 3498 3713 3551 3758; x_wconf 88' lang='lat' dir='ltr'><strong>et</strong></span> <span class='ocrx_word' id='word_1_717' title='bbox 3584 3719 3683 3758; x_wconf 88' lang='lat' dir='ltr'><strong>cett</strong></span> 
     </span>
    </p>
   </div>
   <div class='ocr_carea' id='block_1_93' title="bbox 2105 3795 3682 3862">
    <p class='ocr_par' dir='ltr' id='par_1_93' title="bbox 2105 3795 3682 3862">
     <span class='ocr_line' id='line_1_93' title="bbox 2105 3795 3682 3862; baseline 0 -13"><span class='ocrx_word' id='word_1_718' title='bbox 2105 3798 2396 3862; x_wconf 80' lang='lat' dir='ltr'><strong>quamdam</strong></span> <span class='ocrx_word' id='word_1_719' title='bbox 2453 3795 2795 3860; x_wconf 83' lang='lat' dir='ltr'><strong>ebrietatem,</strong></span> <span class='ocrx_word' id='word_1_720' title='bbox 2859 3795 3030 3849; x_wconf 89' lang='lat' dir='ltr'><strong>animi</strong></span> <span class='ocrx_word' id='word_1_721' title='bbox 3107 3796 3327 3848; x_wconf 85' lang='lat' dir='ltr'><strong>morbos</strong></span> <span class='ocrx_word' id='word_1_722' title='bbox 3381 3805 3682 3850; x_wconf 86' lang='lat' dir='ltr'><strong>sectantur.</strong></span> 
     </span>
    </p>
   </div>
   <div class='ocr_carea' id='block_1_94' title="bbox 2108 3885 3680 3960">
    <p class='ocr_par' dir='ltr' id='par_1_94' title="bbox 2108 3885 3680 3960">
     <span class='ocr_line' id='line_1_94' title="bbox 2108 3885 3680 3960; baseline 0.001 -20"><span class='ocrx_word' id='word_1_723' title='bbox 2108 3888 2413 3943; x_wconf 86' lang='lat' dir='ltr'><strong>Verisimile</strong></span> <span class='ocrx_word' id='word_1_724' title='bbox 2460 3903 2623 3960; x_wconf 91' lang='lat' dir='ltr'><strong>porro</strong></span> <span class='ocrx_word' id='word_1_725' title='bbox 2667 3896 2750 3941; x_wconf 86' lang='lat' dir='ltr'><strong>est</strong></span> <span class='ocrx_word' id='word_1_726' title='bbox 2799 3885 3017 3942; x_wconf 56' lang='lat' dir='ltr'><strong>Iudaeos</strong></span> <span class='ocrx_word' id='word_1_727' title='bbox 3066 3897 3186 3956; x_wconf 89' lang='lat' dir='ltr'><strong>post</strong></span> <span class='ocrx_word' id='word_1_728' title='bbox 3226 3887 3430 3942; x_wconf 90' lang='lat' dir='ltr'><strong>editum</strong></span> <span class='ocrx_word' id='word_1_729' title='bbox 3489 3899 3680 3941; x_wconf 80' lang='lat' dir='ltr'><strong>contra</strong></span> 
     </span>
    </p>
   </div>
   <div class='ocr_carea' id='block_1_95' title="bbox 2106 3979 3680 4050">
    <p class='ocr_par' dir='ltr' id='par_1_95' title="bbox 2106 3979 3680 4050">
     <span class='ocr_line' id='line_1_95' title="bbox 2106 3979 3680 4050; baseline 0 -16"><span class='ocrx_word' id='word_1_730' title='bbox 2106 3980 2444 4036; x_wconf 76' lang='lat' dir='ltr'><strong>Salvator-em</strong></span> <span class='ocrx_word' id='word_1_731' title='bbox 2491 3989 2739 4035; x_wconf 91' lang='lat' dir='ltr'><strong>nostrmn</strong></span> <span class='ocrx_word' id='word_1_732' title='bbox 2787 3979 2986 4044; x_wconf 87' lang='lat' dir='ltr'><strong>scelus,</strong></span> <span class='ocrx_word' id='word_1_733' title='bbox 3040 3993 3162 4034; x_wconf 90' lang='lat' dir='ltr'><strong>eum</strong></span> <span class='ocrx_word' id='word_1_734' title='bbox 3220 3995 3320 4050; x_wconf 85' lang='lat' dir='ltr'><strong>par</strong></span> <span class='ocrx_word' id='word_1_735' title='bbox 3356 3979 3680 4047; x_wconf 88' lang='lat' dir='ltr'><strong>fuisseteos,</strong></span> 
     </span>
    </p>
   </div>
   <div class='ocr_carea' id='block_1_96' title="bbox 2106 4070 3678 4140">
    <p class='ocr_par' dir='ltr' id='par_1_96' title="bbox 2106 4070 3678 4140">
     <span class='ocr_line' id='line_1_96' title="bbox 2106 4070 3678 4140; baseline 0 -15"><span class='ocrx_word' id='word_1_736' title='bbox 2106 4070 2326 4126; x_wconf 85' lang='lat' dir='ltr'><strong>ultionis</strong></span> <span class='ocrx_word' id='word_1_737' title='bbox 2346 4087 2450 4139; x_wconf 89' lang='lat' dir='ltr'><strong>qua</strong></span> <span class='ocrx_word' id='word_1_738' title='bbox 2480 4071 2771 4125; x_wconf 83' lang='lat' dir='ltr'><strong>invadendi</strong></span> <span class='ocrx_word' id='word_1_739' title='bbox 2798 4079 2956 4126; x_wconf 86' lang='lat' dir='ltr'><strong>erant</strong></span> <span class='ocrx_word' id='word_1_740' title='bbox 2989 4081 3159 4136; x_wconf 90' lang='lat' dir='ltr'><strong>metu,</strong></span> <span class='ocrx_word' id='word_1_741' title='bbox 3182 4071 3388 4140; x_wconf 80' lang='lat' dir='ltr'><strong>lugere,</strong></span> <span class='ocrx_word' id='word_1_742' title='bbox 3417 4071 3678 4139; x_wconf 85' lang='lat' dir='ltr'><strong>crapulis,</strong></span> 
     </span>
    </p>
   </div>
   <div class='ocr_carea' id='block_1_97' title="bbox 2106 4161 3683 4233">
    <p class='ocr_par' dir='ltr' id='par_1_97' title="bbox 2106 4161 3683 4233">
     <span class='ocr_line' id='line_1_97' title="bbox 2106 4161 3683 4233; baseline -0.001 -16"><span class='ocrx_word' id='word_1_743' title='bbox 2106 4163 2482 4226; x_wconf 86' lang='lat' dir='ltr'><strong>ebrietatibus,</strong></span> <span class='ocrx_word' id='word_1_744' title='bbox 2532 4163 2761 4233; x_wconf 85' lang='lat' dir='ltr'><strong>aliisque</strong></span> <span class='ocrx_word' id='word_1_745' title='bbox 2823 4161 3188 4231; x_wconf 79' lang='lat' dir='ltr'><strong>voluptatibus</strong></span> <span class='ocrx_word' id='word_1_746' title='bbox 3246 4177 3492 4216; x_wconf 90' lang='lat' dir='ltr'><strong>vacasse.</strong></span> <span class='ocrx_word' id='word_1_747' title='bbox 3539 4161 3683 4229; x_wconf 86' lang='lat' dir='ltr'><strong>Qua-</strong></span> 
     </span>
    </p>
   </div>
   <div class='ocr_carea' id='block_1_98' title="bbox 2106 4254 3679 4324">
    <p class='ocr_par' dir='ltr' id='par_1_98' title="bbox 2106 4254 3679 4324">
     <span class='ocr_line' id='line_1_98' title="bbox 2106 4254 3679 4324; baseline 0.001 -18"><span class='ocrx_word' id='word_1_748' title='bbox 2106 4264 2326 4324; x_wconf 87' lang='lat' dir='ltr'><strong>propter</strong></span> <span class='ocrx_word' id='word_1_749' title='bbox 2384 4254 2567 4308; x_wconf 88' lang='lat' dir='ltr'><strong>miseri</strong></span> <span class='ocrx_word' id='word_1_750' title='bbox 2628 4271 2657 4308; x_wconf 92' lang='lat' dir='ltr'><strong>a</strong></span> <span class='ocrx_word' id='word_1_751' title='bbox 2717 4254 2995 4324; x_wconf 86' lang='lat' dir='ltr'><strong>Scriptura</strong></span> <span class='ocrx_word' id='word_1_752' title='bbox 3055 4255 3437 4324; x_wconf 68' lang='lat' dir='ltr'><strong>praedicantur,</strong></span> <span class='ocrx_word' id='word_1_753' title='bbox 3493 4263 3679 4322; x_wconf 84' lang='lat' dir='ltr'><strong>utpote</strong></span> 
     </span>
    </p>
   </div>
   <div class='ocr_carea' id='block_1_99' title="bbox 2102 4342 3680 4412">
    <p class='ocr_par' dir='ltr' id='par_1_99' title="bbox 2102 4342 3680 4412">
     <span class='ocr_line' id='line_1_99' title="bbox 2102 4342 3680 4412; baseline 0 -16"><span class='ocrx_word' id='word_1_754' title='bbox 2102 4344 2192 4412; x_wconf 88' lang='lat' dir='ltr'><strong>qui</strong></span> <span class='ocrx_word' id='word_1_755' title='bbox 2224 4342 2370 4399; x_wconf 93' lang='lat' dir='ltr'><strong>nullo</strong></span> <span class='ocrx_word' id='word_1_756' title='bbox 2398 4359 2520 4399; x_wconf 81' lang='lat' dir='ltr'><strong>mox</strong></span> <span class='ocrx_word' id='word_1_757' title='bbox 2566 4343 2867 4400; x_wconf 82' lang='lat' dir='ltr'><strong>futurorum</strong></span> <span class='ocrx_word' id='word_1_758' title='bbox 2898 4343 3160 4397; x_wconf 90' lang='lat' dir='ltr'><strong>malorum</strong></span> <span class='ocrx_word' id='word_1_759' title='bbox 3193 4359 3352 4398; x_wconf 77' lang='lat' dir='ltr'><strong>sensu</strong></span> <span class='ocrx_word' id='word_1_760' title='bbox 3397 4357 3680 4398; x_wconf 87' lang='lat' dir='ltr'><strong>moveren-</strong></span> 
     </span>
    </p>
   </div>
   <div class='ocr_carea' id='block_1_100' title="bbox 2106 4447 2207 4491">
    <p class='ocr_par' dir='ltr' id='par_1_100' title="bbox 2106 4447 2207 4491">
     <span class='ocr_line' id='line_1_100' title="bbox 2106 4447 2207 4491; baseline 0.01 -1"><span class='ocrx_word' id='word_1_761' title='bbox 2106 4447 2156 4490; x_wconf 92' lang='lat' dir='ltr'><strong>tu</strong></span> <span class='ocrx_word' id='word_1_762' title='bbox 2166 4451 2207 4491; x_wconf 91' lang='lat' dir='ltr'><strong>r.</strong></span> 
     </span>
    </p>
   </div>
   <div class='ocr_carea' id='block_1_101' title="bbox 2181 4526 3679 4601">
    <p class='ocr_par' dir='ltr' id='par_1_101' title="bbox 2181 4526 3679 4601">
     <span class='ocr_line' id='line_1_101' title="bbox 2181 4526 3679 4601; baseline 0.001 -19"><span class='ocrx_word' id='word_1_763' title='bbox 2181 4527 2344 4582; x_wconf 70' lang='lat' dir='ltr'><strong>Vsus.</strong></span> <span class='ocrx_word' id='word_1_764' title='bbox 2374 4527 2462 4583; x_wconf 68' lang='lat'><strong>1‘2.</strong></span> <span class='ocrx_word' id='word_1_765' title='bbox 2515 4544 2536 4580; x_wconf 71' lang='grc' dir='ltr'><strong>ι</strong></span> <span class='ocrx_word' id='word_1_766' title='bbox 2565 4526 2700 4584; x_wconf 80' lang='lat' dir='ltr'><strong>Nam</strong></span> <span class='ocrx_word' id='word_1_767' title='bbox 2746 4545 2869 4584; x_wconf 92' lang='lat' dir='ltr'><strong>cum</strong></span> <span class='ocrx_word' id='word_1_768' title='bbox 2893 4529 3128 4591; x_wconf 86' lang='lat' dir='ltr'><strong>cithara,</strong></span> <span class='ocrx_word' id='word_1_769' title='bbox 3164 4528 3420 4598; x_wconf 86' lang='lat' dir='ltr'><strong>psalterio</strong></span> <span class='ocrx_word' id='word_1_770' title='bbox 3452 4538 3506 4584; x_wconf 90' lang='lat' dir='ltr'><strong>et</strong></span> <span class='ocrx_word' id='word_1_771' title='bbox 3537 4538 3679 4601; x_wconf 89' lang='lat' dir='ltr'><strong>lym-</strong></span> 
     </span>
    </p>
   </div>
   <div class='ocr_carea' id='block_1_102' title="bbox 2107 4621 3683 4692">
    <p class='ocr_par' dir='ltr' id='par_1_102' title="bbox 2107 4621 3683 4692">
     <span class='ocr_line' id='line_1_102' title="bbox 2107 4621 3683 4692; baseline 0.002 -18"><span class='ocrx_word' id='word_1_772' title='bbox 2107 4623 2262 4692; x_wconf 86' lang='lat' dir='ltr'><strong>panis</strong></span> <span class='ocrx_word' id='word_1_773' title='bbox 2297 4621 2477 4674; x_wconf 84' lang='lat' dir='ltr'><strong>vinum</strong></span> <span class='ocrx_word' id='word_1_774' title='bbox 2504 4631 2730 4692; x_wconf 82' lang='lat' dir='ltr'><strong>potant:</strong></span> <span class='ocrx_word' id='word_1_775' title='bbox 2766 4636 2930 4690; x_wconf 89' lang='lat' dir='ltr'><strong>opera</strong></span> <span class='ocrx_word' id='word_1_776' title='bbox 2994 4633 3172 4676; x_wconf 88' lang='lat' dir='ltr'><strong>autem</strong></span> <span class='ocrx_word' id='word_1_777' title='bbox 3212 4623 3420 4676; x_wconf 86' lang='lat' dir='ltr'><strong>Domini</strong></span> <span class='ocrx_word' id='word_1_778' title='bbox 3449 4637 3551 4676; x_wconf 93' lang='lat' dir='ltr'><strong>non</strong></span> <span class='ocrx_word' id='word_1_779' title='bbox 3595 4638 3683 4677; x_wconf 85' lang='lat' dir='ltr'><strong>re-</strong></span> 
     </span>
    </p>
   </div>
   <div class='ocr_carea' id='block_1_103' title="bbox 2104 4713 3675 4782">
    <p class='ocr_par' dir='ltr' id='par_1_103' title="bbox 2104 4713 3675 4782">
     <span class='ocr_line' id='line_1_103' title="bbox 2104 4713 3675 4782; baseline -0.001 -14"><span class='ocrx_word' id='word_1_780' title='bbox 2104 4714 2363 4782; x_wconf 84' lang='lat' dir='ltr'><strong>spiciunt,</strong></span> <span class='ocrx_word' id='word_1_781' title='bbox 2400 4723 2457 4767; x_wconf 94' lang='lat' dir='ltr'><strong>et</strong></span> <span class='ocrx_word' id='word_1_782' title='bbox 2495 4728 2657 4782; x_wconf 89' lang='lat' dir='ltr'><strong>opera</strong></span> <span class='ocrx_word' id='word_1_783' title='bbox 2697 4729 2952 4767; x_wconf 89' lang='lat' dir='ltr'><strong>manuum</strong></span> <span class='ocrx_word' id='word_1_784' title='bbox 2975 4714 3089 4780; x_wconf 90' lang='lat' dir='ltr'><strong>ejus</strong></span> <span class='ocrx_word' id='word_1_785' title='bbox 3121 4729 3226 4767; x_wconf 92' lang='lat' dir='ltr'><strong>non</strong></span> <span class='ocrx_word' id='word_1_786' title='bbox 3260 4713 3620 4768; x_wconf 87' lang='lat' dir='ltr'><strong>considerant.</strong></span> <span class='ocrx_word' id='word_1_787' title='bbox 3655 4732 3675 4766; x_wconf 67' lang='grc' dir='ltr'><strong>ι</strong></span> 
     </span>
    </p>
   </div>
   <div class='ocr_carea' id='block_1_104' title="bbox 2109 4807 3676 4879">
    <p class='ocr_par' dir='ltr' id='par_1_104' title="bbox 2109 4807 3676 4879">
     <span class='ocr_line' id='line_1_104' title="bbox 2109 4807 3676 4879; baseline -0.001 -18"><span class='ocrx_word' id='word_1_788' title='bbox 2109 4807 2302 4863; x_wconf 85' lang='lat' dir='ltr'><strong>Verum</strong></span> <span class='ocrx_word' id='word_1_789' title='bbox 2334 4824 2432 4863; x_wconf 92' lang='lat' dir='ltr'><strong>nec</strong></span> <span class='ocrx_word' id='word_1_790' title='bbox 2465 4807 2584 4862; x_wconf 83' lang='lat' dir='ltr'><strong>ﬁeri</strong></span> <span class='ocrx_word' id='word_1_791' title='bbox 2626 4818 2862 4877; x_wconf 86' lang='lat' dir='ltr'><strong>poterat,</strong></span> <span class='ocrx_word' id='word_1_792' title='bbox 2899 4819 2955 4862; x_wconf 90' lang='lat' dir='ltr'><strong>ut</strong></span> <span class='ocrx_word' id='word_1_793' title='bbox 2993 4811 3050 4875; x_wconf 89' lang='lat' dir='ltr'><strong>ii,</strong></span> <span class='ocrx_word' id='word_1_794' title='bbox 3095 4809 3186 4879; x_wconf 90' lang='lat' dir='ltr'><strong>qui</strong></span> <span class='ocrx_word' id='word_1_795' title='bbox 3221 4809 3476 4864; x_wconf 83' lang='lat' dir='ltr'><strong>lascivam</strong></span> <span class='ocrx_word' id='word_1_796' title='bbox 3511 4808 3676 4861; x_wconf 86' lang='lat' dir='ltr'><strong>vitam</strong></span> 
     </span>
    </p>
   </div>
   <div class='ocr_carea' id='block_1_105' title="bbox 2104 4900 3679 4971">
    <p class='ocr_par' dir='ltr' id='par_1_105' title="bbox 2104 4900 3679 4971">
     <span class='ocr_line' id='line_1_105' title="bbox 2104 4900 3679 4971; baseline -0.001 -17"><span class='ocrx_word' id='word_1_797' title='bbox 2104 4902 2595 4971; x_wconf 85' lang='lat' dir='ltr'><strong>amplectebantur,</strong></span> <span class='ocrx_word' id='word_1_798' title='bbox 2637 4915 2702 4955; x_wconf 90' lang='lat' dir='ltr'><strong>ac</strong></span> <span class='ocrx_word' id='word_1_799' title='bbox 2749 4902 3003 4956; x_wconf 88' lang='lat' dir='ltr'><strong>ebrietati</strong></span> <span class='ocrx_word' id='word_1_800' title='bbox 3058 4900 3548 4970; x_wconf 82' lang='lat' dir='ltr'><strong>saltationibusque</strong></span> <span class='ocrx_word' id='word_1_801' title='bbox 3590 4901 3679 4954; x_wconf 87' lang='lat' dir='ltr'><strong>de-</strong></span> 
     </span>
    </p>
   </div>
   <div class='ocr_carea' id='block_1_106' title="bbox 2102 4988 3681 5057">
    <p class='ocr_par' dir='ltr' id='par_1_106' title="bbox 2102 4988 3681 5057">
     <span class='ocr_line' id='line_1_106' title="bbox 2102 4988 3681 5057; baseline -0.001 -12"><span class='ocrx_word' id='word_1_802' title='bbox 2102 4992 2197 5045; x_wconf 92' lang='lat' dir='ltr'><strong>diti</strong></span> <span class='ocrx_word' id='word_1_803' title='bbox 2249 5000 2428 5054; x_wconf 86' lang='lat' dir='ltr'><strong>erant,</strong></span> <span class='ocrx_word' id='word_1_804' title='bbox 2463 4991 2662 5045; x_wconf 86' lang='lat' dir='ltr'><strong>divinis</strong></span> <span class='ocrx_word' id='word_1_805' title='bbox 2707 4990 3052 5046; x_wconf 84' lang='lat' dir='ltr'><strong>attenderem</strong></span> <span class='ocrx_word' id='word_1_806' title='bbox 3113 4990 3347 5046; x_wconf 83' lang='lat' dir='ltr'><strong>oraculis</strong></span> <span class='ocrx_word' id='word_1_807' title='bbox 3406 4991 3474 5044; x_wconf 89' lang='lat' dir='ltr'><strong>ab</strong></span> <span class='ocrx_word' id='word_1_808' title='bbox 3508 4988 3681 5057; x_wconf 82' lang='lat' dir='ltr'><strong>iisque</strong></span> 
     </span>
    </p>
   </div>
   <div class='ocr_carea' id='block_1_107' title="bbox 2102 5081 2736 5153">
    <p class='ocr_par' dir='ltr' id='par_1_107' title="bbox 2102 5081 2736 5153">
     <span class='ocr_line' id='line_1_107' title="bbox 2102 5081 2736 5153; baseline -0.003 -17"><span class='ocrx_word' id='word_1_809' title='bbox 2102 5082 2336 5137; x_wconf 84' lang='lat' dir='ltr'><strong>fructum</strong></span> <span class='ocrx_word' id='word_1_810' title='bbox 2373 5081 2736 5153; x_wconf 80' lang='lat' dir='ltr'><strong>perciperent.</strong></span> 
     </span>
    </p>
   </div>
   <div class='ocr_carea' id='block_1_108' title="bbox 2176 5251 3679 5326">
    <p class='ocr_par' dir='ltr' id='par_1_108' title="bbox 2176 5251 3679 5326">
     <span class='ocr_line' id='line_1_108' title="bbox 2176 5251 3679 5326; baseline 0.001 -20"><span class='ocrx_word' id='word_1_811' title='bbox 2176 5252 2337 5308; x_wconf 72' lang='lat' dir='ltr'><strong>Vens.</strong></span> <span class='ocrx_word' id='word_1_812' title='bbox 2385 5254 2468 5310; x_wconf 79' lang='lat' dir='ltr'><strong>l5.</strong></span> <span class='ocrx_word' id='word_1_813' title='bbox 2506 5273 2525 5307; x_wconf 75' lang='grc' dir='ltr'><strong>ι</strong></span> <span class='ocrx_word' id='word_1_814' title='bbox 2559 5255 2726 5326; x_wconf 81' lang='lat' dir='ltr'><strong>Igitur</strong></span> <span class='ocrx_word' id='word_1_815' title='bbox 2753 5256 2999 5326; x_wconf 86' lang='lat' dir='ltr'><strong>captivus</strong></span> <span class='ocrx_word' id='word_1_816' title='bbox 3026 5255 3257 5325; x_wconf 89' lang='lat' dir='ltr'><strong>populus</strong></span> <span class='ocrx_word' id='word_1_817' title='bbox 3304 5267 3458 5308; x_wconf 84' lang='lat' dir='ltr'><strong>meus</strong></span> <span class='ocrx_word' id='word_1_818' title='bbox 3501 5251 3679 5308; x_wconf 84' lang='lat' dir='ltr'><strong>factus</strong></span> 
     </span>
    </p>
   </div>
   <div class='ocr_carea' id='block_1_109' title="bbox 2101 5343 3674 5418">
    <p class='ocr_par' dir='ltr' id='par_1_109' title="bbox 2101 5343 3674 5418">
     <span class='ocr_line' id='line_1_109' title="bbox 2101 5343 3674 5418; baseline -0.002 -18"><span class='ocrx_word' id='word_1_819' title='bbox 2101 5355 2204 5411; x_wconf 90' lang='lat' dir='ltr'><strong>est,</strong></span> <span class='ocrx_word' id='word_1_820' title='bbox 2235 5363 2302 5401; x_wconf 88' lang='lat' dir='ltr'><strong>eo</strong></span> <span class='ocrx_word' id='word_1_821' title='bbox 2332 5347 2475 5415; x_wconf 90' lang='lat' dir='ltr'><strong>quod</strong></span> <span class='ocrx_word' id='word_1_822' title='bbox 2502 5362 2606 5400; x_wconf 90' lang='lat' dir='ltr'><strong>non</strong></span> <span class='ocrx_word' id='word_1_823' title='bbox 2636 5348 2994 5418; x_wconf 75' lang='lat' dir='ltr'><strong>cognoverint</strong></span> <span class='ocrx_word' id='word_1_824' title='bbox 3033 5346 3319 5401; x_wconf 88' lang='lat' dir='ltr'><strong>Dominum</strong></span> <span class='ocrx_word' id='word_1_825' title='bbox 3347 5362 3362 5398; x_wconf 88' lang='lat'><strong>:</strong></span> <span class='ocrx_word' id='word_1_826' title='bbox 3401 5355 3455 5398; x_wconf 90' lang='lat' dir='ltr'><strong>et</strong></span> <span class='ocrx_word' id='word_1_827' title='bbox 3491 5343 3674 5398; x_wconf 85' lang='lat' dir='ltr'><strong>multi-</strong></span> 
     </span>
    </p>
   </div>
   <div class='ocr_carea' id='block_1_110' title="bbox 2107 5437 3670 5511">
    <p class='ocr_par' dir='ltr' id='par_1_110' title="bbox 2107 5437 3670 5511">
     <span class='ocr_line' id='line_1_110' title="bbox 2107 5437 3670 5511; baseline -0.003 -17"><span class='ocrx_word' id='word_1_828' title='bbox 2107 5441 2232 5494; x_wconf 91' lang='lat' dir='ltr'><strong>tudo</strong></span> <span class='ocrx_word' id='word_1_829' title='bbox 2251 5450 2587 5494; x_wconf 87' lang='lat' dir='ltr'><strong>mortuorum</strong></span> <span class='ocrx_word' id='word_1_830' title='bbox 2606 5438 2710 5494; x_wconf 89' lang='lat' dir='ltr'><strong>fuit</strong></span> <span class='ocrx_word' id='word_1_831' title='bbox 2731 5454 2954 5511; x_wconf 87' lang='lat' dir='ltr'><strong>propter</strong></span> <span class='ocrx_word' id='word_1_832' title='bbox 2975 5440 3168 5496; x_wconf 86' lang='lat' dir='ltr'><strong>famem</strong></span> <span class='ocrx_word' id='word_1_833' title='bbox 3194 5445 3249 5492; x_wconf 85' lang='lat' dir='ltr'><strong>et</strong></span> <span class='ocrx_word' id='word_1_834' title='bbox 3274 5437 3420 5492; x_wconf 86' lang='lat' dir='ltr'><strong>sitim</strong></span> <span class='ocrx_word' id='word_1_835' title='bbox 3448 5451 3622 5507; x_wconf 71' lang='lat' dir='ltr'><strong>aquae.</strong></span> <span class='ocrx_word' id='word_1_836' title='bbox 3651 5454 3670 5489; x_wconf 74' lang='grc' dir='ltr'><strong>ι</strong></span> 
     </span>
    </p>
   </div>
   <div class='ocr_carea' id='block_1_111' title="bbox 2100 5678 3674 5780">
    <p class='ocr_par' dir='ltr' id='par_1_111' title="bbox 2100 5678 3674 5780">
     <span class='ocr_line' id='line_1_111' title="bbox 2100 5678 3674 5780; baseline -0.004 -28"><span class='ocrx_word' id='word_1_837' title='bbox 2100 5697 2289 5754; x_wconf 83' lang='lat' dir='ltr'><strong>Latina</strong></span> <span class='ocrx_word' id='word_1_838' title='bbox 2347 5708 2534 5780; x_wconf 78' lang='lat' dir='ltr'><strong>narrat</strong></span> <span class='ocrx_word' id='word_1_839' title='bbox 2587 5699 2833 5780; x_wconf 79' lang='lat' dir='ltr'><strong>historia.</strong></span> <span class='ocrx_word' id='word_1_840' title='bbox 2895 5678 3044 5767; x_wconf 76' lang='lat' dir='ltr'><strong>Quod</strong></span> <span class='ocrx_word' id='word_1_841' title='bbox 3091 5695 3462 5767; x_wconf 81' lang='lat' dir='ltr'><strong>spiritualitcr,</strong></span> <span class='ocrx_word' id='word_1_842' title='bbox 3514 5691 3674 5748; x_wconf 78' lang='lat' dir='ltr'><strong>hodie</strong></span> 
     </span>
    </p>
   </div>
   <div class='ocr_carea' id='block_1_112' title="bbox 2099 5778 2825 5840">
    <p class='ocr_par' dir='ltr' id='par_1_112' title="bbox 2099 5778 2825 5840">
     <span class='ocr_line' id='line_1_112' title="bbox 2099 5778 2825 5840; baseline 0.003 -16"><span class='ocrx_word' id='word_1_843' title='bbox 2099 5786 2316 5840; x_wconf 87' lang='lat' dir='ltr'><strong>quoque</strong></span> <span class='ocrx_word' id='word_1_844' title='bbox 2345 5778 2640 5836; x_wconf 72' lang='lat' dir='ltr'><strong>patiuntur,</strong></span> <span class='ocrx_word' id='word_1_845' title='bbox 2668 5788 2686 5822; x_wconf 74' lang='grc' dir='ltr'><strong>ι</strong></span> <span class='ocrx_word' id='word_1_846' title='bbox 2719 5778 2825 5826; x_wconf 82' lang='lat' dir='ltr'><strong>etc.</strong></span> 
     </span>
    </p>
   </div>
  </div>
