4138 6446
338 359 436 418 {SH

1292 358 1797 417 COMMENTARIA
1834 360 1901 416 ΙΝ
1940 360 2189 420 ISAIAM.
2229 396 2300 407 —
2335 364 2486 421 CAP.
2526 364 2618 422 VI.

3500 371 3534 425 Ἰ
3544 371 3614 426 9.2

333 481 446 537 τῶν
478 480 610 534 ὡσεὶ
642 480 917 553 κονιορτὸς
944 479 1298 551 ἀναϐήσεται.
1324 503 1342 535 ι
1364 483 1428 536 Ἥ
1446 484 1738 556 ὡραιότης,
1772 484 1927 555 φησὶ,

2035 500 2153 538 rum
2183 485 2339 556 quasi
2383 487 2558 555 pulvis
2594 493 2870 540 ascenuet.
2903 504 2927 538 ι
2973 484 3219 554 Species,
3261 486 3457 556 inquit,
3484 505 3612 544 cor-

338 573 435 630 τοῦ
469 575 740 647 σώματος,
770 578 866 630 καὶ
899 577 933 648 ή
963 575 1056 629 τοῦ
1098 576 1330 631 πλούτου
1360 578 1486 642 δόξα
1526 579 1622 630 καὶ
1661 578 1755 630 τοῦ
1788 595 1927 631 παν-

338 670 433 733 τὸς
461 669 644 732 ἔθνους
671 671 704 740 ὴ
734 669 1056 739 εὐπρέπεια,
1080 671 1205 724 ὅσον
1233 671 1442 724 οὐδέπω
1472 670 1753 743 κονιορτοῦ
1774 671 1930 743 δίκην

339 760 879 832 διασκεδασθήσεται.
919 780 938 812 ι
962 764 1036 815 Οὐ
1059 763 1170 834 γὰρ
1199 762 1468 834 ἠθέλησαν
1487 763 1579 815 τὸν
1621 764 1786 833 νόμον
1817 764 1932 817 Κυ-

342 855 455 925 ρίου
508 852 775 905 Σαϐαὼθ⁸
825 853 962 907 ἀλλά
1001 854 1064 907 τὸ
1110 855 1292 925 λόγιον
1346 854 1440 908 τοῦ
1493 855 1651 923 ἁγίου
1713 855 1930 928 Ἰσραὴλ

336 943 684 1016 παρώξυναν.
719 964 737 996 ι
772 945 933 998 Ποῖον
962 946 1147 1017 νόμον,
1183 947 1214 1018 ἢ
1248 948 1387 1018 τάχα
1420 948 1547 1019 περὶ
1579 941 1640 1001 οὗ
1670 947 1930 1019 ἀνωτέρω

334 1034 540 1103 ἔλεγεν,
562 1055 579 1085 ι
605 1036 701 1088 Ἐκ
745 1035 855 1106 γὰρ
894 1035 1033 1088 Σιὼν
1067 1037 1406 1102 ἐξελεύσεται
1440 1038 1624 1108 νόμος,
1654 1037 1746 1090 καὶ
1773 1036 1929 1106 λόγος

333 1126 541 1196 Κυρίου
575 1124 634 1189 ἐξ
673 1126 1057 1197 ’ῐερουσαλήμς
1094 1146 1111 1177 ι
1156 1126 1397 1198 Ἐπειδὴ,
1427 1127 1612 1197 φησὶν,
1640 1127 1741 1178 οὐκ
1766 1126 1931 1196 ἡδου-

332 1216 577 1287 λὴθησαν
608 1218 699 1270 τὸν
736 1218 901 1288 νόμον
932 1220 1030 1290 τῆς
1070 1220 1262 1290 καινῆς
1297 1219 1572 1291 Διαθήκης
1596 1235 1610 1248 ⁸
1657 1217 1793 1272 ἀλλά
1837 1218 1929 1272 τὸν

334 1308 515 1373 ζῶντα
540 1309 635 1362 τοῦ
670 1310 805 1362 Θεοῦ
834 1310 1005 1379 Λόγον
1033 1310 1376 1382 παρώξυναν.

412 1420 429 1449 ι
461 1399 667 1452 Τούτου
697 1400 857 1471 χάριν
888 1398 1144 1470 ἐθυμώθη
1188 1399 1394 1470 Κύριος
1428 1399 1521 1451 ἐπὶ
1548 1398 1640 1452 τὸν
1670 1398 1800 1453 λαὸν
1831 1399 1930 1452 αὐ-

335 1491 459 1545 τοῦ·
486 1511 501 1542 ι
527 1491 586 1543 ὃν
608 1492 770 1555 αὐτὸς
796 1492 894 1562 μὲν
926 1491 1184 1560 ἠϐούλετο
1213 1493 1412 1543 οἰκεῖον
1441 1489 1606 1543 αὐτοῦ
1636 1490 1763 1542 λαὸν
1788 1484 1928 1543 εἷναί

336 1603 396 1638 τε
435 1586 527 1638 καὶ
554 1582 946 1655 χρηματίζειν·
989 1586 1038 1636 οἱ
1084 1584 1130 1635 δ’
1165 1584 1265 1636 οὐκ
1311 1581 1614 1651 ἐϐούλοντο.
1662 1582 1928 1652 Σημαίνει

334 1676 391 1729 δὲ
420 1676 508 1728 διὰ
531 1676 735 1729 τούτων
764 1675 1039 1744 πολεμίων
1067 1674 1254 1743 ἔφοδον
1283 1675 1378 1727 καὶ
1407 1673 1614 1743 πλῆθος
1643 1672 1751 1726 τῶν
1776 1675 1930 1727 ἀναι-

336 1768 649 1840 ρουμένων·
686 1767 762 1831 ὡς
783 1767 878 1822 καὶ
911 1766 1050 1820 αὐτά
1085 1766 1423 1839 πληροῦσθαι
1463 1766 1534 1819 τὰ
1566 1766 1669 1837 ὅρη
1718 1765 1928 1836 νεκρῶν

2031 576 2195 646 poris,
2243 578 2559 632 divitiarum
2612 576 2783 646 gloria
2838 585 2896 631 et
2966 578 3130 633 totius
3181 578 3360 645 gentis
3420 582 3609 647 decor,

2029 667 2266 737 pulveris
2292 668 2608 724 fereinstar
2630 670 3009 739 dissipabitur.
3065 689 3083 722 ι
3120 669 3418 726 Noluerunt
3463 673 3609 728 enim

2009 760 2200 831 legem
2231 761 2447 815 Domini
2501 762 2782 827 Sabaoth;
2833 763 2927 817 sed
2974 764 3196 818 verbum
3229 764 3403 819 sancti
3445 765 3612 820 Israel

2031 852 2413 908 irritaverunt.
2440 872 2459 904 ›
2498 854 2670 919 Quam
2698 854 2894 921 legem,
2927 855 3028 909 nisi
3060 869 3178 909 eam
3219 857 3287 911 de
3315 872 3418 927 qua
3451 873 3613 926 snpe-

2030 947 2145 1002 rius
2182 946 2422 1008 dicebat,
2457 964 2476 997 ι
2506 944 2641 999 Nam
2675 946 2740 999 de
2770 947 2898 999 Sion
2934 950 3106 1001 exibit
3157 949 3266 1011 lex,
3301 957 3356 1004 et
3384 949 3610 1003 verbum

2031 1035 2243 1091 Domini
2283 1036 2348 1090 de
2381 1034 2727 1090 Jerusalem?
2763 1055 2781 1089 ι
2834 1037 2994 1105 Quia,
3028 1040 3225 1108 inquit,
3255 1040 3387 1096 Novi
3419 1040 3615 1096 Testa-

2031 1127 2200 1181 menti
2260 1127 2433 1196 legem
2467 1127 2797 1195 noluerunt;
2862 1130 2972 1184 imo
3026 1133 3185 1186 etiam
3228 1131 3466 1188 Verbum
3518 1133 3613 1187 Dei

2029 1220 2222 1274 vivens
2247 1218 2626 1274 irritaverunt.

2105 1398 2275 1454 Vens.
2303 1400 2395 1455 ΞΒ.
2442 1418 2462 1452 ι
2496 1399 2621 1456 Ideo
2651 1402 2822 1456 iratus
2852 1410 2937 1456 est
2983 1403 3244 1461 Dominus
3270 1406 3326 1460 in
3352 1408 3609 1479 populum

2030 1504 2215 1544 suum.
2252 1509 2272 1543 ›
2314 1490 2483 1557 Quem
2518 1493 2634 1562 ipse
2666 1494 2885 1562 quidem
2918 1496 3198 1566 proprium
3220 1499 3322 1551 sibi
3353 1501 3612 1569 populum

2030 1595 2153 1637 esse
2184 1591 2239 1638 et
2264 1583 2527 1653 appellari
2558 1585 2804 1649 volebat;
2841 1587 2940 1657 ipsi
2978 1603 3108 1643 vero
3148 1589 3480 1644 abnuerunt.
3514 1590 3612 1644 His

2030 1687 2195 1742 porro
2233 1673 2505 1742 signiﬁcat
2538 1674 2894 1731 inimicorum
2948 1679 3305 1748 irruptionem
3336 1696 3400 1735 ac
3441 1696 3613 1737 caeso-

2030 1779 2150 1820 rum
2189 1765 2592 1821 multitudinem
2624 1810 2640 1834 ,
2679 1769 2752 1824 ita
2782 1779 2840 1824 ut
2877 1772 3041 1826 etiam
3087 1781 3300 1827 montes
3331 1775 3615 1829 cadaveri-

335 1862 625 1931 σωμάτων,
670 1862 766 1913 καὶ¹
804 1859 901 1931 τὴν
942 1858 1127 1931 χώραν
1173 1859 1392 1913 ἃπασαν
1442 1858 1553 1911 τῶν
1587 1857 1928 1929 θνησιμαίων

2034 1858 2134 1911 bus
2164 1856 2498 1925 repleantur,
2533 1865 2594 1912 et
2620 1860 2874 1915 universa
2913 1862 3062 1932 regio
3094 1861 3398 1917 morticinis
3423 1877 3617 1925 eorum

333 1952 513 2005 αὐτῶν
548 1952 751 2023 μεστὴν
775 1951 1047 2021 γενέσθαι.
1076 1952 1259 2006 Πάντα
1288 1952 1346 2005 δὲ
1368 1951 1543 2004 ταῦτα
1573 1952 1758 2013 αὐτοῖς
1789 1967 1929 2020 συμ-

332 2044 557 2116 ϐήσεται
591 2047 655 2099 ἐκ
682 2045 782 2115 τῆς
814 2043 923 2096 τῶν
944 2042 1219 2115 πολεμίων
1248 2043 1459 2113 ἐφόδου·
1489 2043 1557 2113 ἢν
1585 2045 1687 2121 οὐκ
1718 2041 1778 2107 ἐξ
1804 2044 1932 2096 ἐαυ-

330 2136 440 2189 τῶν
497 2137 856 2208 ἐποιήσαντο·
910 2135 1043 2199 Θεὸς
1091 2135 1149 2188 δέ
1192 2132 1330 2206 ἦγεν
1371 2136 1589 2199 αὐτοὺς,
1646 2134 1930 2207 μονονουχὶ

337 2226 519 2297 σύρων
553 2227 649 2280 καὶ
680 2226 856 2279 ἕλκων
905 2226 998 2278 ἐπὶ
1026 2226 1125 2298 τὴν
1156 2226 1265 2279 τῶν
1294 2226 1781 2298 καταγορηθέντων
1833 2243 1931 2279 πο-

333 2317 604 2390 λιορκίαν.

414 2429 432 2461 ι
476 2411 613 2463 Ἀλλ’
644 2410 726 2463 ἔτι
765 2412 799 2483 ἡ
847 2412 970 2483 χεὶρ
1000 2409 1179 2482 ὑψηλή
1203 2427 1221 2447 ’λ
1254 2409 1541 2483 τοιγαροῦν
1569 2410 1692 2481 ἀρεῖ
1726 2409 1930 2482 σύσση-

342 2519 442 2574 μον
474 2504 587 2566 τοῖς
617 2502 794 2557 ἔθνεσι
822 2505 933 2566 τοῖς
969 2501 1262 2573 μακρόθεν,
1290 2503 1383 2555 καὶ
1414 2505 1592 2573 συριεῖ
1615 2502 1814 2565 αὐτοὺς
1833 2499 1930 2554 ἀπ’

338 2595 511 2666 ἄκρου
539 2594 638 2664 τῆς
669 2595 792 2664 γῆς.
821 2613 839 2645 ι
890 2593 1099 2665 ’Υψηλὴ
1145 2592 1276 2662 γοῦν
1307 2596 1340 2664 ἡ
1373 2592 1469 2646 τοῦ
1497 2592 1632 2646 Θεοῦ
1663 2593 1785 2665 χεὶρ
1807 2594 1929 2647 κατ’

339 2685 518 2739 αὐτῶν
550 2685 765 2759 ὐπῆρχε
801 2685 891 2740 διὰ
925 2686 987 2738 τὸ
1018 2685 1279 2756 ἐπίμονον
1310 2685 1487 2740 αὐτῶν
1519 2686 1620 2756 τῆς
1648 2685 1923 2749 ἀπιστίας.

338 2778 411 2831 Τὸ
437 2779 548 2850 γὰρ
574 2777 639 2849 δὴ
669 2780 871 2850 χεῖρον,
902 2778 983 2832 ὅτι
1011 2778 1133 2831 οὐδέ
1166 2778 1372 2831 τούτων
1410 2778 1733 2849 γινομένων,
1769 2778 1924 2850 φησὶ,

340 2870 737 2942 ἐπιεικέστεροι
789 2869 1101 2939 γεγόνασιν,
1156 2869 1291 2923 ἀλλά
1341 2871 1454 2933 τοῖς
1499 2869 1686 2934 αὐτοῖς
1734 2870 1931 2942 ἐπιμέ-

340 2978 541 3015 νουσιν.
832 3023 851 3046 .

414 3075 431 3108 ι
455 3056 566 3109 Καὶ
589 3052 772 3126 βοήσει
793 3053 860 3107 δι’
883 3052 1080 3117 αὐτοὺς
1095 3055 1153 3107 ἐν
1168 3054 1233 3124 τῇ
1260 3051 1447 3125 ἡμέρα
1475 3053 1660 3125 ἐκείνῃ
1680 3053 1757 3116 ὡς
1776 3052 1929 3126 φωνὴ

2032 1949 2188 2020 plena
2221 1952 2438 2008 evadat.
2467 1950 2595 2008 Hice
2641 1963 2824 2008 autem
2857 1954 3038 2008 omnia
3080 1969 3145 2009 ex
3185 1956 3421 2010 hostium
3464 1957 3620 2010 inva-

2030 2043 2185 2098 sione
2209 2044 2342 2114 ipsis
2380 2046 2679 2100 evenient:
2723 2063 2887 2115 quam
2919 2049 3023 2117 ipsi
3057 2063 3168 2103 non
3213 2056 3413 2118 suapte
3465 2057 3616 2104 motu

2030 2133 2285 2190 fecerunt
2318 2179 2333 2203 ,
2367 2139 2460 2192 sed
2485 2137 2595 2193 Deo
2624 2149 2849 2209 agente,
2877 2148 2933 2195 et
2961 2149 3173 2195 tantum
3221 2156 3329 2195 non
3366 2140 3622 2195 trahente

2033 2240 2098 2280 ac
2123 2226 2363 2297 pellente
2388 2227 2511 2284 illos
2533 2229 2599 2282 ad
2636 2245 2853 2284 reorum
2902 2231 3265 2286 obsidionem.

2105 2406 2267 2464 Vsus.
2293 2408 2383 2464 26.
2436 2429 2456 2462 ι
2494 2410 2602 2466 Sed
2634 2412 2856 2480 insuper
2892 2426 3085 2467 manus
3118 2412 3215 2467 Dei
3239 2410 3484 2468 excelsa:
3512 2411 3615 2483 igi-

2035 2509 2120 2555 tur
2150 2501 2390 2557 elevahit
2422 2504 2635 2574 signum
2664 2504 2917 2575 gentibus
2969 2504 3304 2575 longinquis,
3352 2513 3406 2559 et
3436 2502 3616 2558 trahet

2030 2607 2125 2649 eas
2150 2593 2220 2650 ab
2247 2603 2498 2651 extremo
2529 2605 2708 2651 terrae.
2755 2615 2773 2649 ι
2820 2596 3041 2651 Excelsa
3080 2598 3246 2668 igitur
3280 2603 3468 2653 contra
3496 2596 3617 2651 illos

2032 2685 2136 2739 fuit
2168 2700 2363 2742 manus
2398 2685 2521 2754 Dei,
2549 2688 2619 2742 ob
2667 2687 3073 2743 incredulitatis
3123 2702 3314 2743 eorum
3362 2702 3620 2758 perseve~

2029 2777 2289 2835 rautiam.
2336 2778 2491 2844 Quod
2545 2777 2694 2834 enim
2738 2779 2983 2834 deterius
3020 2789 3125 2843 est,
3162 2794 3231 2836 ne
3266 2779 3372 2835 illis
3396 2779 3615 2851 quidem

2030 2868 2103 2922 ita
2140 2870 2312 2940 gestis
2351 2870 2622 2940 aequiores
2665 2869 2796 2925 facti
2832 2877 2993 2936 sunt,
3032 2869 3126 2925 sed
3163 2871 3353 2926 eodem
3390 2870 3442 2923 in
3470 2877 3616 2924 statu

2033 2973 2408 3031 perseverant.

2105 3052 2271 3109 Vens.
2296 3053 2388 3109 30.
2437 3071 2457 3106 ι
2495 3053 2562 3109 Ει
2591 3054 2851 3111 clamabit
2890 3062 3116 3125 propter
3150 3069 3247 3109 eos
3293 3054 3346 3108 in
3382 3053 3472 3108 die
3519 3052 3614 3108 illa

337 3148 614 3219 θαλάσσης
653 3145 1118 3239 Ικυμαινούσης,»
1189 3144 1455 3198 Ἐνταῦθα
1509 3142 1602 3199 οὖν
1658 3145 1928 3217 προσήκει

2032 3147 2188 3217 quasi
2227 3162 2332 3202 vox
2364 3147 2536 3201 maris
2567 3147 2871 3201 aestuantis.
2899 3165 2918 3199 ι
2954 3146 3054 3201 llic
3078 3147 3617 3202 animadvertendum

337 3220 771 3310 ἐπιστῆσαι¹τὸν
814 3236 975 3300 νοῦν,
1025 3236 1102 3301 ὡς
1147 3236 1210 3289 τὸ
1258 3236 1464 3309 πλῆθος
1505 3236 1616 3290 τῶν
1653 3237 1929 3310 πολεμίων

337 3334 489 3404 φωνῇ
521 3330 798 3401 θαλάσσης
830 3330 1087 3400 ἐξομοιοῖ.

871 3421 1270 3475 ΚΕΦΑΛΑῙΟΝ
1303 3424 1393 3489 τῖ’.

414 3535 433 3567 ι
460 3517 571 3570 Καὶ
600 3515 816 3584 ἐγένετο
842 3512 935 3567 τοῦ
983 3514 1253 3579 ἐνιαυτοῦ,
1283 3510 1343 3569 οῦ
1373 3512 1645 3568 ἀπέθανεν
1685 3513 1867 3580 Ὀζίας
1900 3515 1933 3568 6

337 3606 610 3680 βασιλεύς.
639 3628 657 3659 ι
697 3607 798 3660 Διά
834 3607 887 3660 τί
914 3606 988 3685 μὴ
1019 3606 1098 3659 ἐτι
1127 3606 1329 3671 ζῶντος
1370 3606 1547 3672 Ὀζίου
1575 3605 1675 3679 τὴν
1709 3624 1930 3677 προκει-

339 3703 508 3771 μένην
533 3700 655 3771 ὄψιν
686 3697 855 3772 ἐώρα,
883 3698 997 3752 ἀλλ’
1027 3701 1084 3752 ἐν
1106 3698 1185 3770 τῷ
1209 3698 1319 3752 ἔτει
1411 3697 1678 3752 ἀπέθανεν
1702 3715 1716 3764 ;
1751 3694 1925 3770 οἶμαι,

334 3793 446 3856 ὅτι,
499 3791 587 3846 διὰ
635 3792 697 3846 τὸ
746 3791 1058 3865 ἐπαρθῆναι
1113 3790 1310 3853 αὐτὸν,
1363 3790 1459 3843 καὶ
1515 3791 1615 3861 τὴν
1665 3789 1929 3861 μηδαμῶς

336 3888 723 3958 προσήκουσαν
753 3883 902 3952 αὐτῷ
935 3883 1255 3953 ἐγχειρῆσαι
1289 3880 1481 3933 θυσίαν
1518 3883 1925 3951 προσενεγκεῖν,

335 3976 478 4030 ὥστε
506 3977 602 4030 καὶ
634 3976 733 4047 τὴν
764 3975 969 4046 λέπραν
997 3972 1304 4042 ἐπανθῆσαι
1325 3971 1404 4050 τῷ
1430 3971 1709 4043 προσώπῳ
1738 3971 1926 4037 αὐτοῦ,

337 4070 488 4132 εἰκὸς
519 4064 587 4140 ἦν
626 4064 1108 4137 ἀνακεχωρηκέναι
1144 4065 1245 4135 τὴν
1276 4063 1437 4135 χάριν
1462 4062 1557 4116 τοῦ
1585 4063 1720 4116 Θεοῦ
1752 4067 1928 4119 πάντα

336 4161 428 4214 τὸν
470 4159 661 4232 χρόνον
710 4158 811 4228 τῆς
848 4154 1013 4210 αὐτοῦ
1050 4155 1216 4226 ζωῆς,
1252 4155 1375 4209 καθ’
1410 4155 1468 4209 ὃν
1516 4156 1929 4230 λελεπρωμένος

338 4253 577 4324 κατῴκει
609 4250 708 4322 τὴν
750 4247 1130 4321 Ἰερουσαλήμ.
1161 4248 1379 4321 Λεπροῦ
1415 4248 1523 4321 γὰρ
1555 4249 1817 4320 βασιλέως
1846 4252 1925 4302 oi-

339 4344 562 4407 κοῦντος
589 4343 682 4397 τὸν
702 4341 887 4406 τόπον,
916 4341 1142 4407 εἰκότως
1167 4342 1584 4414 ἀνακεχωρήκει
1614 4344 1647 4414 ἡ
1680 4341 1806 4409 δόξα
1832 4341 1927 4396 τοῦ

337 4437 496 4499 Θεοῦ.
544 4437 697 4488 Ἐπεὶ
727 4434 785 4487 δὲ
830 4433 1087 4488 ἐτελεύτα
1121 4434 1221 4505 μὲν
1251 4436 1477 4498 ἐκεῖνος,
1533 4434 1756 4489 Ἰωάθαν
1797 4435 1853 4489 δέ
1897 4435 1927 4488 ὁ

2031 3248 2136 3306 est,
2195 3239 2372 3307 ipsum
2438 3238 2844 3293 multitudinem
2898 3237 3138 3293 hostium
3185 3240 3354 3294 maris
3408 3239 3614 3293 sonitui

2032 3345 2377 3402 comparare.

2642 3421 2874 3479 CAPUT
2918 3422 2999 3477 Vl.

2104 3511 2269 3569 Vens.
2302 3513 2354 3567 Ι.
2401 3532 2420 3566 ι
2449 3514 2516 3567 Ει
2540 3515 2742 3569 factum
2778 3524 2864 3569 est
2911 3516 2966 3570 in
3012 3532 3179 3578 anno,
3221 3531 3330 3585 quo
3370 3522 3621 3570 mortuus

2029 3614 2114 3658 est
2166 3622 2260 3660 rex
2307 3606 2488 3662 Ozias.
2519 3625 2538 3659 ›
2573 3608 2755 3675 Quare
2815 3623 2922 3662 non
2980 3609 3201 3663 vivente
3253 3609 3435 3664 adhuc
3481 3607 3619 3663 Ozia

2030 3695 2170 3750 hanc
2196 3696 2462 3751 visionem
2507 3697 2719 3763 habuit,
2769 3698 2864 3752 sed
2911 3713 2977 3753 eo
3025 3712 3170 3752 anno
3197 3712 3306 3766 quo
3337 3697 3426 3752 ille
3469 3712 3621 3750 mor-

2034 3799 2155 3844 tuus
2182 3789 2305 3843 est?
2332 3789 2457 3857 quia
2490 3790 2579 3843 ille
2601 3791 2778 3846 elatus
2799 3791 3004 3855 animo,
3032 3791 3361 3844 sacrilicium
3388 3788 3613 3858 oﬂerre,

2030 3881 2181 3951 quod
2208 3880 2369 3935 ollicii
2402 3880 2483 3934 sui
2513 3896 2619 3934 non
2644 3891 2786 3947 erat,
2806 3897 3094 3952 aggressus
3122 3891 3228 3947 est,
3275 3882 3346 3936 ita
3377 3889 3436 3934 ut
3467 3880 3619 3950 lepra

2031 3976 2084 4028 in
2137 3973 2286 4028 vultu
2335 3974 2451 4043 ejus
2486 3982 2823 4043 erumperet,
2876 3974 3117 4029 arbitror
3170 3989 3270 4044 par
3318 3972 3508 4034 fuisse,
3555 3980 3618 4026 ut

2031 4068 2204 4133 gratia
2233 4066 2325 4120 Dei
2361 4066 2638 4121 recederet
2671 4074 2786 4119 toto
2809 4068 2932 4120 vitae
2981 4066 3126 4121 illius
3181 4075 3448 4133 tempore,
3504 4079 3618 4134 quo

2032 4156 2276 4226 leprosus
2301 4155 2582 4210 habitabat
2619 4155 2671 4209 in
2719 4154 3043 4211 Jerusalem.
3082 4154 3220 4209 Nam
3247 4158 3462 4224 leproso
3488 4169 3621 4223 rege

2033 4249 2210 4303 locum
2236 4247 2532 4311 incolente,
2559 4247 2730 4315 gloria
2759 4247 2854 4301 Dei
2881 4248 3078 4302 merito
3108 4255 3432 4301 recesserat.
3457 4245 3617 4299 Post-

2031 4356 2197 4410 quam
2223 4348 2403 4393 autem
2451 4338 2680 4394 obiisset
2718 4338 2830 4403 ille,
2891 4347 2947 4394 et
3004 4338 3256 4394 Joatham
3310 4337 3454 4391 illius
3495 4337 3617 4407 ejuJ

2031 4449 2258 4504 regnum
2282 4433 2612 4503 excepisset,
2643 4433 2709 4485 de
2756 4446 2862 4500 quo
2893 4431 3158 4501 scriptum
3192 4438 3296 4493 est,
3339 4447 3357 4481 ι
3389 4429 3454 4483 Et
3483 4428 3614 4483 fecit

338 4528 454 4591 υίδς
482 4525 648 4581 αὐτοῦ
681 4526 778 4598 τὴν
811 4526 1085 4598 βασιλείαν
1111 4526 1401 4592 διεδέξατο,
1454 4526 1583 4599 περὶ
1622 4520 1684 4581 οὗ
1729 4527 1928 4599 γέγρα-

2041 4534 2244 4580 rectum
2297 4525 2350 4578 in
2402 4523 2576 4580 oculis
2621 4522 2832 4579 Domini
2869 4522 2948 4588 ³¹;
3005 4540 3026 4573 ι
3079 4520 3203 4589 jure
3248 4523 3438 4575 eodem
3495 4521 3617 4588 ipso

339 4638 493 4683 πται,
521 4638 539 4669 ι
565 4618 675 4671 Καὶ
703 4618 927 4690 ἐποίησε
945 4619 1007 4672 τὸ
1026 4618 1180 4683 εὐθὲς
1195 4620 1251 4673 ἐν
1267 4619 1563 4690 ὀφθαλμοῖς
1577 4620 1803 4692 Κυρίου’
1820 4640 1837 4671 ι
1859 4622 1936 4673 εί-

339 4713 512 4776 κότως
540 4710 657 4764 κατ’
681 4710 843 4764 αὐτὸν
860 4711 1067 4763 ἐκεῖνον
1083 4710 1172 4763 τὸν
1189 4709 1432 4764 ἐνιαυτὸν
1455 4711 1513 4763 ἐν
1537 4703 1580 4776 ᾧ
1605 4710 1634 4762 6
1656 4709 1932 4777 λελεπρω-

342 4805 501 4877 μένος
538 4802 864 4874 μετηλλάχει
907 4801 997 4855 τὸν
1041 4800 1176 4871 βίον,
1217 4804 1245 4855 6
1286 4801 1344 4856 δὲ
1381 4801 1674 4873 εὐάρεστος
1706 4801 1783 4873 τῷ
1814 4802 1933 4875 Θεῷ

339 4897 438 4969 τὴν
484 4895 764 4967 βασιλείαν
810 4893 1101 4959 διεδέξατο,
1155 4888 1312 4957 αὖθις
1352 4894 1386 4965 ἡ
1430 4892 1557 4961 δόξα
1592 4892 1801 4965 Κυρίου
1843 4894 1936 4946 ὲπ-

340 4990 498 5061 ανῄει
532 4990 625 5043 ἐπὶ
654 4988 745 5041 τὸν
788 4982 957 5049 οἷκον,
986 4986 1184 5057 δηλαδὴ
1219 4985 1313 5039 τὸν
1342 4985 1469 5039 ναὸν
1492 4984 1722 5056 Κυρίου.
1759 4986 1825 5037 Ὃ
1861 4984 1925 5055 δὴ

338 5081 434 5134 καὶ
460 5081 666 5154 ἱστορεῖ
685 5081 715 5132 6
738 5078 1257 5151 προφήτης>.έγων,ι
1278 5078 1389 5132 Καὶ
1403 5076 1621 5147 ἐγένετο
1633 5075 1727 5130 τοῦ
1749 5079 1929 5130 ἐνιαυ-

339 5170 456 5234 τοῦ,
486 5164 548 5224 οῦ
575 5171 845 5225 ἀπέθανεν
881 5171 1063 5236 Ὀζίας
1086 5174 1114 5225 6
1141 5170 1411 5241 βασιλεὺς,
1441 5165 1581 5223 εἶδον
1606 5170 1698 5223 τὸν
1724 5169 1928 5240 Κύριον

342 5261 652 5333 καθήμενον
696 5263 789 5316 ἐπὶ
831 5262 1022 5334 θρόνου
1067 5262 1274 5335 ὑψηλοῦ
1314 5264 1409 5316 καὶ
1456 5263 1789 5336 ἐπηρμένου·
1835 5264 1930 5315 καὶ

334 5355 559 5426 ’πλήρης
584 5356 612 5407 6
643 5350 790 5419 οἶκος
825 5356 924 5426 τῆς
961 5355 1120 5428 δόξης
1161 5353 1349 5411 αὐτοῦ.
1373 5374 1390 5406 ι
1425 5350 1593 5426 Οἶμαι
1624 5356 1682 5408 δὲ
1717 5355 1810 5409 καὶ
1837 5354 1926 5409 διὰ

343 5448 548 5501 τούτων
574 5446 942 5518 παρίστασθαι
967 5449 1052 5512 τίς
1074 5450 1190 5502 ποτ’
1210 5443 1279 5519 ἦν
1306 5451 1334 5501 6
1355 5447 1445 5500 διὰ
1474 5447 1652 5518 πάσης
1672 5448 1772 5519 τῆς
1797 5466 1928 5520 προ-

343 5538 573 5609 φητείας
614 5538 943 5610 δηλούμενος
983 5540 1189 5613 Κύριος
1236 5539 1485 5597 Σαϐαὼθ.
1512 5542 1610 5606 Τίς
1651 5541 1707 5596 δὲ
1731 5534 1924 5607 aii-cog;

356 5628 418 5686 Ὀ
446 5629 758 5701 Μονογενὴς
775 5630 921 5696 Υἱὸς,
948 5634 976 5685 6
998 5633 1077 5688 ὢν
1106 5636 1186 5698 εἰς
1212 5634 1303 5689 τὸν
1336 5633 1535 5689 κόλπον
1568 5633 1662 5687 τοῦ
1689 5633 1926 5706 Πατρδς,

419 5813 460 5847 ³⁸
491 5811 551 5868 ιν
588 5813 717 5882 Reg.
757 5826 852 5879 xv,
882 5811 972 5866 54.

2034 4630 2199 4681 anno,
2236 4631 2343 4686 quo
2401 4624 2457 4672 et
2506 4617 2758 4685 leprosus
2790 4615 2955 4668 vitam
2997 4614 3232 4681 obierat,
3271 4623 3322 4667 et
3371 4615 3459 4668 vir
3502 4614 3618 4670 Deo

2032 4708 2271 4779 placitus
2318 4706 2902 4777 regnum‘exceperat,
2948 4705 3120 4776 gloria
3189 4706 3407 4761 Domini
3452 4722 3619 4776 super

2032 4800 2253 4855 domum
2276 4813 2494 4855 reversa
2521 4808 2628 4863 est,
2657 4797 2868 4853 scilicet
2899 4812 3063 4868 super
3089 4798 3347 4866 templum
3371 4797 3614 4852 Domini.

2032 4892 2186 4960 Quod
2241 4893 2496 4948 videlicet
2527 4901 2754 4947 enarrat
2798 4891 3063 4962 propheta
3119 4891 3340 4946 dicens:
3388 4909 3408 4943 ι
3439 4891 3505 4945 Et
3534 4890 3616 4943 fa-

2032 4996 2180 5041 ctum
2211 4995 2293 5041 est
2327 4987 2379 5040 in
2417 4999 2581 5052 anno,
2612 4999 2721 5054 quo
2756 4996 3006 5039 mortuus
3034 4994 3118 5038 est
3167 4999 3261 5038 rex
3293 4982 3476 5049 Ozias,
3504 4982 3618 5036 vidi

2033 5079 2321 5134 Dominum
2383 5078 2665 5134 sedentem
2715 5094 2882 5149 super
2926 5081 3182 5135 thronum
3230 5077 3504 5150 excelsum
3561 5086 3617 5131 et

2034 5170 2347 5226 elevalum:
2385 5180 2440 5226 et
2487 5172 2645 5241 plena
2687 5183 2807 5227 erat
2837 5175 3031 5229 domus
3076 5172 3246 5239 gloria
3277 5170 3412 5238 ejus.
3453 5189 3473 5222 ι
3515 5168 3619 5224 IE-

2036 5264 2198 5320 stimo
2225 5264 2311 5318 his
2335 5264 2656 5333 signiﬁcari,
2683 5266 2805 5336 quis
2842 5266 2914 5321 sit
2954 5267 3043 5321 ille
3082 5265 3340 5319 Dominus
3372 5263 3616 5319 Sabaoth

2036 5355 2091 5409 in
2145 5354 2247 5410 hac
2310 5365 2422 5411 tota
2481 5356 2769 5425 prophetia
2825 5357 3115 5412 indicatus.
3170 5355 3368 5424 Ecquis
3430 5361 3615 5409 autem

2035 5446 2169 5503 ille?
2212 5447 2538 5519 Unigenitus
2569 5447 2767 5511 Filius,
2800 5450 2893 5518 qui
2925 5459 3010 5504 est
3041 5448 3092 5502 in
3128 5447 3250 5501 sinu
3282 5445 3482 5513 Patris,
3519 5447 3616 5517 qui

2035 5541 2367 5596 descendens
2394 5557 2456 5595 ex
2485 5541 2706 5611 propria
2743 5538 3140 5609 magnitudine,
3172 5538 3297 5591 inde
3333 5552 3457 5592 sese
3487 5537 3619 5591 visi-

2038 5632 2202 5688 bilem
2240 5643 2296 5689 et
2335 5632 2886 5703 comprehensibiletu
2916 5629 3228 5687 hominibus
3253 5628 3616 5687 ellicit.Visus
