4138 6418
521 399 624 454 1⁵25

1189 396 1460 456 EllSEBll
1498 393 1977 454 CESARIENSIS
2015 395 2166 453 OPP.
2208 392 2389 451 PARS
2426 391 2514 449 lll.
2554 425 2623 434 —
2667 392 3079 451 EXEGETICA.

3684 397 3789 458 124

520 526 603 566 est
629 522 684 568 et
711 513 1045 578 Abrahamo,
1085 528 1209 568 cum
1244 513 1381 568 dixit
1419 512 1492 577 ei,
1531 531 1548 563 ι
1580 510 1788 565 Semini
1829 520 1922 565 tuo
1963 510 2091 565 dahc

2208 509 2656 565 ὑποκαταϐαίνων
2712 509 2806 564 τοῦ
2859 511 2989 564 ἰδίου
3041 507 3323 582 μεγέθους,
3377 511 3689 583 σμικρύνων
3731 513 3788 566 δὲ

528 618 730 658 terram
760 606 899 660 hanc
926 606 991 658 ³³.
1027 625 1047 658 ι
1074 602 1242 660 lnfert
1271 605 1460 672 itaque
1491 603 1800 674 Scriptura,
1831 619 1850 655 ι
1879 601 1944 657 Ει
1969 603 2100 657 :edi-

527 696 714 751 ticavit
740 696 811 751 ibi
835 697 1006 751 altare
1036 695 1285 759 Domino,
1323 696 1415 764 qui
1448 694 1596 749 visus
1633 694 1811 748 fuerat
1858 695 1908 748 ei
1946 693 1990 724 ⁸³
2023 710 2037 761 ;
2075 712 2094 745 ι

520 803 587 842 ac
629 803 865 856 rursum,
915 805 932 840 ι
963 787 1244 842 Abraham
1278 786 1456 842 factus
1487 796 1572 842 est
1603 801 1874 841 annorum
1930 802 2100 842 noua-

521 881 694 947 ginta,
735 889 789 934 et
827 879 976 933 visus
1025 888 1111 934 est
1155 879 1203 934 ei
1245 879 1508 933 Dominus
1547 877 1632 942 “;
1685 897 1704 929 ι
1762 878 2096 948 iterumque,

526 989 545 1021 ς
577 970 642 1024 Ει
686 970 830 1025 visus
863 979 948 1024 est
975 969 1235 1024 Dominus
1277 969 1511 1024 Abrahae
1549 969 1614 1022 ad
1647 982 1907 1036 quercum
1933 967 2101 1022 Mam-

519 1065 616 1116 bre
646 1062 711 1115 ³³.
744 1081 762 1114 ι
797 1062 873 1117 De
912 1060 1063 1116 Isaac
1098 1075 1318 1131 quoque
1360 1061 1565 1114 dictum
1601 1071 1706 1126 est,
1747 1079 1764 1112 ι
1803 1060 1870 1114 Et
1909 1060 2097 1129 profe-

519 1164 644 1208 ctus
671 1162 756 1208 est
785 1162 838 1209 et
871 1154 1122 1209 ascendit
1151 1154 1216 1206 ad
1256 1163 1476 1221 puteum
1515 1153 1832 1222 juramenti,
1869 1163 1923 1208 et
1950 1154 2101 1209 visus

519 1255 603 1298 est
636 1246 895 1301 Dominus
927 1245 1028 1316 ipsi
1078 1245 1132 1298 in
1169 1254 1330 1299 nocte
1357 1244 1448 1296 illa
1485 1243 1550 1296 “.
1589 1263 1608 1294 ι
1656 1243 2001 1314 Rursumque
2033 1247 2101 1300 de

514 1338 684 1393 Jacob
736 1339 956 1400 dicitur,
1013 1355 1032 1389 ι
1069 1337 1182 1408 Ego
1221 1353 1340 1391 sum
1395 1337 1556 1401 Deus,
1617 1337 1708 1404 qni
1761 1337 1912 1391 visus
1977 1353 2097 1390 sum

517 1431 655 1494 tibi;
695 1449 716 1483 ι
749 1431 846 1487 sed
877 1431 1044 1485 etiam
1099 1445 1222 1485 cum
1270 1430 1419 1482 venit
1465 1447 1483 1480 ι
1532 1429 1586 1482 in
1640 1427 1830 1484 Bethel
1871 1429 1986 1498 ipse
2042 1439 2099 1484 et

515 1523 770 1593 p0pulus,
803 1522 1047 1593 quicum
1078 1538 1145 1578 eo
1175 1531 1318 1587 erat,
1349 1521 1641 1576 aedificavit
1673 1521 1744 1575 ibi
1787 1521 2002 1575 altare:
2045 1530 2100 1575 et

513 1615 729 1668 vocavit
764 1629 961 1669 nomen
997 1615 1188 1670 domus
1236 1613 1466 1679 Betbcl;
1505 1613 1576 1668 ibi
1604 1615 1746 1666 enim
1789 1613 1889 1681 ipsi
1926 1629 2097 1684 appa-

515 1707 629 1760 ruit
663 1707 804 1762 Deus
823 1707 908 1773 ";
949 1725 970 1759 ι
1017 1706 1326 1776 iterumque
1370 1707 1574 1760 dictum
1603 1715 1709 1769 est,
1757 1725 1774 1758 ι
1809 1703 1972 1760 Visus
2015 1715 2100 1761 est

513 1809 699 1854 autem
746 1800 888 1855 Deus
927 1796 1099 1854 Jacob
1143 1798 1324 1853 adhuc
1378 1799 1430 1852 in
1479 1796 1626 1852 Luza
1655 1798 1744 1863 ³⁸;
1783 1817 1801 1848 ι
1853 1798 2096 1868 aliasque

519 1895 661 1949 dixit
707 1894 782 1948 illi
830 1893 882 1947 in
929 1891 1173 1948 hominis
1200 1891 1388 1960 specie
1415 1906 1712 1960 apparens,
1750 1908 1768 1942 ι
1802 1889 1917 1944 Νοιι
1951 1890 2091 1943 ultra

517 1983 807 2038 vocabitur
830 1996 1024 2038 nomen
1058 1991 1206 2034 tuum
1236 1978 1412 2035 Jacoh
1446 1998 1460 2034 :
1507 1983 1605 2035 sed
1659 1980 1821 2034 Israel
1849 1979 1958 2034 erit
1991 1996 2094 2036 no-

514 2088 642 2128 men
689 2081 840 2126 tuum
872 2071 936 2125 ³⁹.
964 2090 984 2124 ι
1018 2069 1247 2136 Quando
1298 2073 1514 2125 vocavit
1559 2085 1758 2124 nomen
1799 2069 1927 2135 loci,
1955 2072 2092 2140 Spe-

507 2166 615 2218 cies
645 2163 769 2229 Dei,
799 2163 1007 2228 dicens,
1035 2181 1056 2214 ι
1088 2160 1208 2216 Vidi
1236 2162 1381 2216 enim
1416 2163 1582 2216 Deum
1616 2163 1755 2217 facie
1783 2164 1850 2218 ad
1872 2162 2089 2227 faciem,

508 2268 566 2311 et
589 2255 737 2311 salva
777 2254 920 2309 facta
946 2263 1029 2309 est
1055 2254 1237 2307 anima
1291 2269 1410 2307 mea
1437 2255 1505 2307 δ’.
1546 2274 1565 2307 ι
1613 2253 1830 2325 Moyses
1870 2271 2090 2324 quoque

511 2351 678 2405 Deum
731 2347 822 2418 qui
867 2345 1090 2402 oracula
1152 2347 1253 2402 sibi
1305 2345 1521 2413 edebat,
1586 2348 1798 2418 rogavit
1861 2349 2091 2413 dicens,

514 2459 534 2490 ι
572 2438 628 2494 Si
659 2437 842 2493 inveni
874 2437 1108 2507 gratiam
1139 2437 1193 2490 in
1231 2445 1522 2506 conspectu
1558 2446 1672 2499 tuo,
1703 2439 1930 2492 ostende
1961 2439 2091 2493 mihi

509 2530 763 2599 teipsum,
792 2527 1237 2598 cognoscibiliter
1294 2537 1350 2581 te
1398 2528 1614 2582 videam
1655 2528 1724 2581 ⁶¹.
1752 2547 1770 2579 ι
1833 2525 1928 2582 llle
1963 2543 2094 2583 vero

510 2625 790 2695 respondit
823 2624 875 2678 ei
903 2624 1114 2687 dicens,
1147 2641 1166 2674 ι
1201 2621 1270 2676 Ει
1298 2623 1401 2677 hoc
1427 2625 1653 2677 verbum
1701 2625 1845 2694 quod
1887 2624 2094 2679 locutus

510 2733 593 2782 es,
642 2715 880 2770 faciam:
941 2713 1197 2768 invenisti
1247 2715 1394 2768 enim
1447 2717 1675 2782 gratiam
1704 2717 1757 2769 in
1801 2729 2092 2784 conspectu

509 2822 632 2863 meo
652 2806 717 2860 δ’.
754 2825 773 2860 ι
810 2805 1061 2864 Ezechiel
1090 2807 1217 2861 item
1247 2807 1486 2875 eumqui
1519 2808 1673 2865 sedet
1700 2822 1866 2878 super
1896 2810 2093 2864 cheru-

508 2900 620 2954 bim
654 2898 809 2965 vidit,
839 2898 998 2968 quasi
1041 2898 1279 2968 speciem
1324 2897 1592 2955 hominis:
1642 2915 1671 2954 a
1727 2899 1926 2954 lumbis
1977 2900 2094 2969 ejus

511 3007 683 3061 usque
722 2993 788 3046 ad
843 2993 1010 3046 imum
1049 2992 1193 3062 ignis
1232 3001 1374 3057 erat,
1420 3001 1476 3046 et
1524 3006 1555 3046 a
1597 2991 1796 3048 lumbis
1844 2993 1963 3064 ejus
1995 3010 2089 3048 us-

509 3099 616 3151 que
644 3083 711 3136 ad
738 3098 1034 3149 summum,
1083 3084 1299 3154 species
1339 3081 1550 3138 electri.
1587 3083 1796 3151 Quibus
1836 3086 2092 3142 omnibus

2203 603 2414 666 ἑαυτὸν,
2443 601 2503 666 ἐξ
2535 602 2743 656 ἐκείνου
2769 604 2964 674 ὀρατὺν
2987 603 3079 656 καὶ
3107 602 3447 674 καταληπτὸν
3481 603 3788 676 ἀνθρώποις

2203 696 2366 747 ποιεῖ.
2409 693 2586 764 Ὠφθη
2634 695 2728 747 xa‘t
2769 693 2848 764 τῷ
2889 694 3158 766 Ἀδραὰμ,
3202 695 3365 765 ἡνίκα
3409 691 3562 749 εἶπεν
3610 697 3784 769 αὐτῷ·

2209 803 2227 836 ι
2254 786 2537 856 Σπέρματί
2573 802 2668 839 σου
2688 785 2843 839 δώσω
2863 785 2961 856 τὴν
2981 787 3083 856 γῆν
3100 785 3301 857 ταύτην
3320 789 3335 852 (
3347 787 3452 857 ll).
3477 809 3494 840 ι
3518 789 3790 858 Ἐπιλέγει

2201 873 2294 930 οῦν
2341 879 2374 947 ἡ
2429 877 2652 948 Γραφή⁶
2692 897 2709 928 ι
2733 879 2841 932 Καὶ
2888 878 3235 950 ᾠκοδόμησεν
3263 883 3379 933 ἐκεῖ
3403 883 3791 955 θυσιαστήριον

2201 967 2279 1038 τῷ
2314 969 2501 1040 Κυρίῳ
2529 968 2606 1040 τῷ
2635 970 2850 1039 ὀφθέντι
2879 971 3052 1041 αὐτῷ·
3084 993 3101 1024 ι
3128 974 3220 1025 καὶ
3263 974 3452 1027 πάλιψ
3488 993 3506 1026 ι
3543 976 3792 1047 Ἀϐραὰμ

2202 1061 2417 1128 ἐγένετο
2453 1061 2589 1114 ἐτῶν
2637 1063 2982 1133 ἐνενήκοντα,
3016 1065 3109 1118 καὶ
3149 1065 3302 1136 ὤφθη
3336 1066 3482 1136 αὐτῷ
3514 1066 3783 1138 Κύριοςοι

2203 1155 2299 1207 καὶ
2333 1153 2495 1207 πάλιν
2515 1170 2527 1182 ·
2557 1172 2573 1204 ι
2597 1155 2706 1207 Καὶ
2740 1152 2894 1225 ὤφθη
2926 1153 3128 1224 Κύριος
3171 1156 3248 1225 τῷ
3285 1158 3533 1229 Ἀϐραὰμ
3560 1159 3695 1237 πρὸς
3722 1163 3787 1231 τῇ

2201 1244 2323 1316 δρυῒ
2348 1249 2412 1316 τῇ
2432 1246 2698 1317 Μαμϐρῆ.
2730 1267 2746 1298 ι
2783 1248 2892 1300 Καὶ
2920 1250 3048 1319 περὶ⁹
3075 1247 3168 1300 τοῦ
3188 1249 3370 1302 Ἰσαὰκ
3396 1250 3630 1322 εἴρηται·
3651 1255 3792 1307 «Καὶ

2201 1339 2496 1410 ἐπορεύθη,
2542 1341 2635 1392 καὶ
2660 1339 2826 1410 ἀνέϐη
2878 1339 2972 1393 ἐπὶ
3031 1339 3090 1392 τὸ
3125 1341 3300 1412 φρέαρ
3337 1341 3429 1395 τοῦ
3464 1343 3650 1418 ὅρκου,
3695 1345 3792 1398 xai.

2201 1429 2357 1500 ὤφθη
2397 1431 2600 1501 Κύριος
2640 1429 2787 1501 αὑτῴ
2829 1432 2886 1482 ἐν
2914 1433 2979 1500 τῇ
3027 1432 3180 1483 νυκτὶ
3214 1433 3414 1503 ἐκείνῃ⁸
3443 1454 3461 1484 ι
3503 1435 3595 1490 καὶ
3632 1431 3791 1503 αὖθις

2201 1523 2294 1574 ἐπὶ
2322 1521 2418 1575 τοῦ
2462 1521 2656 1576 Ἰακὼὸ
2678 1523 2921 1594 εἴρηταιο
2954 1542 2971 1574 ι
3013 1522 3152 1591 Ἑγὼ
3178 1526 3292 1594 είμι
3319 1527 3348 1578 ὀ
3369 1524 3521 1590 Θεὸς,
3551 1527 3579 1578 ὀ
3603 1527 3792 1597 ὀφθείς

2203 1630 2317 1667 σοι·
2348 1633 2366 1666 ι
2405 1613 2542 1668 ἀλλὰ
2585 1615 2678 1668 καὶ
2704 1616 2791 1668 ὅτε
2830 1610 2993 1685 ἦλθεν
3029 1636 3044 1666 ι
3069 1617 3147 1678 είς
3193 1616 3392 1688 Βαιθὴλ
3421 1618 3584 1682 αὐτὸς
3628 1622 3720 1673 καὶ
3761 1625 3790 1678 ὀ

2201 1704 2328 1769 λαὸς
2368 1707 2397 1758 ὁ
2450 1710 2566 1778 μετ’
2622 1705 2810 1770 αὑτοῦ,
2846 1707 3194 1778 ᾠκοδόμησεν
3239 1711 3356 1762 ἐκεῖ
3388 1709 3788 1782 θυσιαστήριον,

2203 1800 2296 1852 xa‘t
2329 1799 2554 1853 ἐκάλεσε
2578 1799 2639 1852 τὸ
2665 1799 2834 1869 ὄνομα
2863 1798 2954 1852 τοῦ
2984 1799 3134 1852 οἴκου
3159 1800 3391 1871 Βαιθηλ·
3422 1804 3538 1856 ἐκεῖ
3558 1802 3665 1878 γὰρ
3694 1805 3788 1856 αὺ-

2199 1891 2278 1962 τῷ
2319 1893 2492 1964 ἐφάνη
2534 1894 2562 1944 ὀ
2607 1892 2757 1956 Θεός.
2786 1912 2803 1943 ι
2853 1893 2962 1944 Καὶ
3004 1893 3167 1944 πάλιν
3207 1894 3442 1964 εἴρηται·
3481 1913 3499 1946 ι
3523 1896 3696 1968 Ὠφθη
3733 1899 3790 1951 δὲ

2199 1985 2227 2037 ὀ
2268 1983 2401 2047 Θεὸς
2439 1985 2517 2054 τῷ
2568 1983 2760 2038 Ἰακὼϐ
2805 1984 2900 2036 καὶ
2947 1985 3026 2036 ἑτι
3059 1987 3114 2036 ἐν
3162 1988 3374 2051 Λουζᾶ·
3404 2009 3421 2038 ι
3461 1990 3554 2046 καὶ
3603 1989 3789 2043 ἄλλοτε

2197 2071 2348 2128 εἶπεν
2373 2075 2521 2145 αὐτῷ
2545 2076 2601 2129 ἐν
2648 2077 2884 2146 σχήματι
2918 2076 3206 2146 ἀνθρώπου
3258 2079 3472 2147 ὀφθείς·
3504 2100 3521 2131 ι
3557 2081 3667 2140 Οὐκ
3709 2082 3791 2138 ἐτι

2198 2165 2525 2238 κληθήσεται
2564 2167 2624 2219 τδ
2666 2168 2836 2237 ὀνομα
2868 2185 2960 2221 σου
2988 2169 3182 2222 Ἰακώϐ
3203 2186 3216 2199 ·
3246 2170 3359 2224 ἀλλ’
3396 2172 3610 2244 Ἰσραὴλ
3635 2174 3789 2226 ἔσται

2194 2260 2257 2313 τὸ
2290 2260 2462 2330 δνομά
2490 2275 2581 2312 σου
2603 2276 2616 2288 °
2646 2279 2664 2309 ι
2691 2259 2780 2312 ὅτε
2817 2261 2911 2313 καὶ
2943 2260 3169 2314 ἐκάλεσε
3194 2264 3254 2314 τὸ
3299 2263 3468 2333 ὄνομα
3506 2264 3597 2317 τοῦ
3620 2265 3789 2318 τόπου

2191 2345 2366 2414 Εἶδος
2418 2348 2566 2403 Θεοῦ
2595 2347 2764 2401 εἰπὼν
2781 2366 2794 2379 ο
2829 2368 2848 2400 ι
2873 2351 2912 2402 Ε
2937 2350 3025 2403 δον
3057 2353 3164 2424 γὰρ
3190 2353 3321 2406 Θεὸν
3344 2355 3631 2424 πρόσωπον
3654 2357 3789 2429 πρὸς

2196 2443 2506 2514 πρόσωπον,
2559 2445 2650 2498 καὶ
2700 2443 2880 2514 ἐσώθη
2917 2461 3016 2515 μου
3055 2447 3086 2514 ἡ
3137 2445 3302 2516 ψυχή.
3337 2466 3352 2496 ι
3397 2448 3505 2500 Καὶ
3549 2449 3789 2518 Μωῦσῆς

2196 2535 2253 2589 δέ
2276 2535 2366 2589 τὸν
2391 2536 2802 2608 χρηματίζοντα
2828 2537 2979 2607 αῦτῷ
3001 2537 3132 2590 Θεὸν
3163 2539 3407 2592 ἱκέτευσε
3438 2538 3611 2608 λέγων
3633 2557 3645 2569 ·
3680 2561 3696 2590 ι
3725 2541 3790 2594 Εί

2194 2627 2404 2699 εὕρηκα
2439 2629 2599 2698 χάριν
2626 2628 2857 2681 ἐνώπιόν
2894 2645 3008 2692 σου,
3065 2630 3365 2699 ἐμφάνισόν
3399 2648 3491 2701 μοι
3523 2631 3785 2687 σεαυτόνο

2194 2719 2452 2788 γνωστῶς
2487 2719 2582 2773 ἴδω
2620 2736 2701 2773 σε.
2730 2740 2749 2772 ι
2804 2722 2860 2773 ’0
2903 2720 2959 2772 δὲ
3004 2720 3338 2791 ἁπεκρίνατο
3373 2721 3522 2796 αὑτῷ
3571 2723 3745 2791 λέγων
3772 2739 3787 2752 ·

2201 2827 2217 2858 ι
2250 2810 2359 2861 Καὶ
2410 2807 2600 2862 τοῦτόν
2649 2827 2731 2862 σοι
2776 2809 2866 2862 τὸν
2909 2809 3068 2877 λόγον
3130 2809 3188 2862 ὃν
3239 2813 3467 2881 εἴρηκας
3538 2814 3785 2883 ποιήσω·

2194 2900 2438 2974 εὕρηκας
2469 2901 2579 2973 γὰρ
2613 2903 2773 2974 χάριν
2799 2901 3030 2956 ἐνώπιόν
3061 2919 3183 2972 μου.
3213 2923 3230 2952 ι
3276 2901 3436 2956 Ἀλλὰ
3477 2906 3570 2957 καὶ
3599 2907 3628 2958 ὀ
3689 2907 3786 2958 Ἰε-

2195 2993 2385 3065 ζεκιηλ
2437 2994 2530 3047 τὸν
2577 2995 2670 3046 ἐπὶ
2717 2993 2827 3046 τῶν
2870 2994 3134 3065 χερουὸὶμ
3172 2993 3476 3065 καθήμενον
3507 2992 3665 3060 εἶδεν,
3709 2998 3789 3062 ὡς

2195 3086 2386 3158 ὅρασιν
2428 3085 2738 3157 ἀνθρώπου,
2788 3085 2896 3140 ἀπὸ
2943 3085 3043 3155 τῆς
3089 3086 3290 3154 ὀσφύος
3341 3088 3504 3140 αὑτοῦ
3543 3091 3635 3142 καὶ
3682 3089 3787 3155 ἐως

508 3175 800 3230 ediscimus
858 3176 1097 3232 visiones
1140 3193 1170 3232 a
1223 3179 1500 3248 przedictis
1555 3178 1690 3232 viris
1733 3178 1948 3233 habitas
1983 3197 2089 3235 non

2200 3178 2351 3229 κάτω
2383 3175 2515 3246 πῦρ,
2571 3178 2664 3229 καὶ
2697 3176 2805 3229 ἀπὸ
2840 3176 2941 3246 τῆς
2973 3174 3174 3242 ὀσφύος
3217 3176 3381 3231 αὑτοῦ
3414 3179 3506 3230 καὶ
3541 3177 3646 3241 ἕως
3675 3180 3787 3232 ἄνω

507 3265 714 3320 similes
744 3265 954 3332 fuisse,
998 3269 1092 3322 sed
1139 3269 1426 3334 diversas;
1487 3286 1610 3323 nam
1669 3267 1841 3341 Moysi
1873 3272 2091 3340 quidem

509 3359 714 3412 dictum
763 3369 872 3424 est,
929 3379 947 3412 ι
979 3359 1094 3415 Non
1135 3363 1341 3432 poteris
1394 3363 1579 3417 videre
1624 3361 1818 3417 faciem
1867 3380 2089 3418 meam:

508 3465 614 3504 non
641 3450 784 3505 enim
815 3452 1021 3507 videbit
1045 3453 1208 3509 homo
1241 3453 1434 3509 faciem
1473 3469 1671 3518 meam,
1704 3465 1760 3508 et
1793 3455 1935 3511 vivet
1961 3456 2024 3509 ⁸³.
2065 3475 2086 3510 ι

507 3543 789 3611 Siquidem
837 3544 1014 3600 vultus
1043 3544 1136 3600 Dei
1172 3545 1357 3612 Verbi,
1383 3557 1440 3602 et
1466 3548 1641 3602 deitas
1673 3545 1945 3618 Unigeniti
1970 3549 2092 3604 Filii

503 3631 625 3698 Dei,
672 3635 887 3689 mortali
943 3646 1152 3692 natura:
1194 3639 1707 3706 comprehensibilis
1763 3640 2089 3711 neutiquam

502 3724 686 3779 fuerit.
745 3726 1013 3783 Ezechieli
1067 3740 1250 3784 autem
1311 3728 1473 3786 Verbi
1541 3731 1714 3802 gloria
1768 3747 1864 3802 per
1921 3734 2091 3804 aenig-

502 3829 646 3872 mata
672 3820 784 3874 visa
838 3819 977 3876 fuit:
1013 3821 1246 3878 Abrahze
1303 3838 1430 3878 vero
1479 3827 1578 3883 sub
1632 3825 1869 3880 hominis
1913 3823 2089 3880 forma

507 3912 737 3980 ﬁgurate
768 3914 920 3969 visus
952 3927 1058 3979 est,
1108 3917 1182 3970 ita
1237 3927 1293 3971 ut
1349 3919 1451 3972 sub
1492 3933 1697 3987 quercu
1738 3919 2087 3987 consisteret,

507 4005 676 4072 pedes
702 4005 970 4069 ablueret,
1003 4016 1060 4060 et
1089 4021 1290 4061 mensa:
1310 4023 1539 4062 consors
1571 4017 1738 4062 esset.
1796 4007 2092 4063 Similiter-

503 4108 618 4162 que
656 4110 779 4150 cum
833 4095 1037 4152 Jacobo
1094 4098 1259 4152 homo
1317 4098 1529 4153 luctans
1587 4099 1892 4166 inducitur,
1926 4115 2088 4169 quem

503 4185 792 4256 Scriptura
815 4188 1034 4258 quidem
1063 4187 1343 4242 hominem
1377 4188 1652 4258 appellat;
1701 4188 1792 4243 ille
1843 4204 1972 4244 vero
1994 4187 2089 4258 qui

500 4277 787 4332 oraculum
829 4278 1046 4343 edebat,
1095 4294 1115 4330 ι
1155 4276 1274 4333 Non
1344 4278 1658 4344 voizabitnr,
1725 4278 1925 4348 inquit,
1992 4293 2089 4332 no-

501 4385 628 4428 .nzen
685 4381 833 4426 tuum
883 4371 1092 4438 Jacob;
1141 4372 1236 4427 sed
1296 4372 1461 4428 Israel
1515 4374 1622 4428 erit
1663 4387 1856 4428 nomen
1913 4382 2085 4439 tuum,

499 4463 628 4530 quia
663 4464 820 4517 tortis
849 4463 995 4519 fuisti
1030 4480 1154 4519 cum
1192 4465 1303 4520 Deo
1323 4463 1413 4532 “;
1455 4483 1474 4516 ι
1518 4465 1661 4519 unde
1698 4476 1753 4518 et
1799 4463 1971 4522 Jacob
2008 4467 2088 4520 di-

2201 3267 2360 3338 ὑπέρ,
2389 3267 2578 3337 ὅρασιν
2606 3267 2898 3339 ἠλέκτρου.
2936 3268 3011 3318 Δι’
3039 3260 3114 3320 ὧν
3152 3267 3409 3327 ἁπάντων
3441 3268 3784 3339 μανθάνομεν

2195 3359 2294 3428 οὐχ
2326 3358 2516 3428 ὁμοίας
2564 3359 2660 3421 τὰς
2689 3358 2954 3420 ὀπτασίας
2977 3356 3302 3427 γεγενῆσθαι
3332 3361 3444 3420 τοῖς
3479 3358 3780 3429 προλεχθεὶ

2197 3467 2304 3514 σιν,
2355 3450 2490 3504 ἀλλὰ
2537 3449 2862 3520 διαφόφυς·
2907 3447 2985 3518 τῷ
3033 3449 3130 3518 μὲν
3178 3450 3286 3525 γὰρ
3320 3450 3526 3520 Μωῦσῇ
3576 3451 3780 3520 εἴρητο·

2200 3561 2220 3593 ι
2247 3542 2321 3594 Οὐ
2351 3542 2556 3612 δυνήσῃ
2589 3539 2716 3592 ἰδεῖν
2746 3539 2807 3591 τὸ
2838 3537 3129 3610 πρόσωπόν
3165 3555 3266 3610 μου
3289 3555 3301 3566 ·
3337 3537 3396 3588 οῦ
3431 3538 3537 3608 γὰρ
3571 3536 3654 3610 ἴδῃ
3685 3537 3776 3590 ἄν-

2195 3635 2413 3706 θρωπος
2449 3635 2509 3688 τὸ
2552 3632 2840 3704 πρόσωπόν
2895 3649 3031 3702 μου,
3080 3632 3175 3684 καὶ
3223 3631 3461 3700 ζήσεται·
3491 3651 3509 3682 ι
3561 3631 3621 3683 τὸ
3672 3629 3784 3701 γὰρ

2196 3728 2485 3799 πρόσωπον
2516 3725 2610 3778 τοῦ
2647 3723 2782 3777 Θεοῦ
2822 3725 2996 3792 Λόγου
3031 3723 3125 3776 καὶ
3165 3726 3197 3797 ἡ
3231 3723 3422 3795 θεότης
3469 3723 3563 3776 τοῦ
3600 3724 3774 3777 Μονο-

2193 3819 2386 3890 γενοῦς
2433 3818 2563 3871 Υἱοῦ
2597 3819 2690 3871 τοῦ
2725 3817 2860 3870 Θεοῦ
2913 3817 3079 3888 θνητῇ
3130 3816 3287 3886 φύσει
3334 3818 3433 3869 οῦκ
3470 3816 3535 3870 ἂν
3573 3817 3784 3886 γένοιτο

2194 3913 2546 3983 καταληπτήο
2589 3912 2682 3964 καὶ
2729 3910 2807 3981 τῷ
2849 3908 3110 3980 Ἰεζεκιὴλ
3140 3909 3196 3962 δέ
3231 3912 3263 3984 ἡ
3322 3908 3412 3966 τοῦ
3448 3909 3621 3976 Λόγου
3654 3909 3779 3977 δόξαν

2191 3999 2257 4056 δι’
2295 4000 2633 4070 αἰνιγμάτων
2667 3998 2990 4070 ἐθεωρεῖτο·
3029 3997 3106 4068 τῷ
3151 3997 3205 4050 δὲ
3254 3999 3504 4072 Ἀϐραὰμ
3538 4001 3783 4069 ἐσχημα-

2192 4091 2443 4162 τισμένος
2474 4092 2683 4161 ἑωρᾶτο
2731 4091 2788 4142 ἐν
2834 4087 3126 4160 ἀνθρώπου
3173 4093 3378 4163 μορφῇ,
3425 4090 3499 4153 ὡς
3549 4091 3642 4144 καὶ
3679 4092 3784 4144 ὑπὸ

2190 4183 2289 4252 τὴν
2321 4182 2452 4253 δρῦν
2485 4181 2761 4250 γενέσθαι,
2795 4182 2888 4234 καὶ
2915 4183 3042 4245 τοὺς
3070 4181 3236 4245 πόδας
3268 4181 3655 4250 ἀπονίψασθαι,
3686 4183 3782 4236 καὶ

2189 4274 2471 4349 τραπέζης
2520 4275 2876 4344 κοινωνῆσαι·
2913 4274 3116 4344 ὁμοίως
3169 4275 3262 4327 καί
3305 4276 3394 4327 ἐπὶ
3435 4274 3529 4327 τοῦ
3585 4275 3781 4328 Ἰακὼϐ

2190 4365 2284 4424 ἄνθ
2297 4382 2475 4436 ρωπος
2503 4366 2752 4436 εἰσῆκται
2786 4365 3051 4428 παλαίων,
3085 4364 3143 4416 δν
3171 4367 3202 4435 ἡ
3235 4366 3332 4436 μὲν
3360 4365 3549 4442 Γραφὴ
3572 4365 3782 4435 ἄνθρω-

2192 4478 2290 4512 πον
2322 4457 2598 4530 ὀνομάζει,
2631 4459 2793 4534 αὐτὸς
2821 4457 2877 4510 δὲ
2909 4460 2936 4510 ὀ
2981 4459 3358 4529 χρηματίζων,
3405 4478 3420 4508 ι
3448 4460 3522 4511 Οῦ
3571 4457 3779 4528 κληθη-

501 4554 688 4617 cebat,
725 4573 743 4606 ι
782 4553 898 4608 Vidi
927 4555 1070 4610 enim
1105 4555 1271 4610 Deum
1307 4555 1448 4611 facie
1473 4557 1539 4611 ad
1563 4554 1781 4624 faciem,
1834 4567 1889 4612 et
1934 4558 2084 4612 salva

2195 4568 2344 4604 σεται
2388 4552 2446 4606 τὸ
2489 4551 2660 4622 ὄνομα
2717 4568 2831 4613 σου,
2885 4551 3070 4622 φησιν,
3134 4549 3347 4603 Ἰα>.ώ6’
3400 4550 3513 4602 ἀλλ’
3561 4551 3780 4621 Ἰσραὴλ

501 4643 649 4698 facta
684 4645 964 4699 estanima
997 4662 1119 4700 mea
1147 4646 1214 4699 ⁸⁸.
1243 4666 1261 4698 ι
1294 4645 1390 4700 llic
1422 4661 1550 4700 vero
1582 4647 1842 4716 propheta
1874 4664 1933 4703 se
1949 4664 2084 4717 quo-

503 4749 610 4803 que
642 4733 869 4804 gloriam
902 4734 1019 4804 ejus
1054 4736 1255 4792 vidisse
1292 4738 1630 4794 testificatur.
1677 4739 1846 4809 Igitur
1887 4740 2083 4794 Salva-

497 4826 634 4882 toris
668 4827 834 4882 nostri
861 4825 988 4883 Jesu
1013 4828 1210 4888 Christi
1231 4831 1482 4899 gloriam,
1507 4841 1566 4885 ut
1588 4832 1641 4885 in
1670 4831 1920 4901 praesenti
1958 4848 2083 4886 nar-

499 4926 609 4984 rat,
641 4922 967 4988 conspexit:
999 4938 1106 4976 non
1136 4922 1292 4992 plane
1318 4924 1590 4994 corporis,
1611 4925 1706 4979 sed
1729 4925 1928 4979 mentis
1950 4940 2082 4980 ocu-

496 5008 566 5063 lis
601 5026 631 5064 a
662 5010 872 5092 Spiritu
919 5025 1109 5068 sancto
1155 5016 1480 5070 illustratis:
1518 5017 1659 5072 sicut
1694 5018 1839 5071 enim
1884 5033 2081 5086 corpo-

498 5100 572 5156 ris
611 5103 750 5156 oculi
791 5119 822 5156 a
872 5103 1011 5159 lucis
1062 5107 1213 5160 radio
1258 5109 1503 5163 exterius
1549 5107 1969 5162 subministrato
2012 5108 2080 5162 ad

495 5194 779 5250 sensibilia
845 5195 1074 5251 videnda
1134 5200 1442 5268 juvanlur;
1505 5200 1694 5252 eodem
1749 5201 1908 5253 modo
1952 5217 2081 5268 pur-

496 5297 636 5351 gatae
681 5289 882 5342 mentis
918 5290 1091 5354 oculi,
1134 5291 1204 5344 ab
1245 5289 1576 5357 intelligibili
1634 5291 1756 5344 luce
1802 5290 2078 5355 irradiati,

494 5375 679 5433 divina
716 5379 1076 5451 contemplari
1116 5391 1368 5454 possunt.
1409 5383 1774 5448 Quamobrem
1817 5379 2080 5436 Senator

575 5535 778 5592 “Gen.
811 5555 909 5601 xu,
951 5540 1006 5593 ’1.
1082 5541 1127 5572 ⁸³
1158 5540 1295 5593 Ihid.
1394 5539 1439 5570 ³⁵
1472 5539 1606 5596 Gen.
1651 5557 1782 5605 xvii,
1829 5542 1873 5593 Ι.

1966 5540 2012 5571 ³⁵
2036 5539 2174 5594 Gen.
2221 5556 2376 5606 xvm,
2425 5541 2471 5596 Ι.

2187 4642 2340 4694 ἐσται
2379 4641 2439 4693 τὸ
2471 4641 2644 4712 ὄνομά
2673 4658 2786 4703 σου,
2817 4643 2896 4694 ὅτι
2923 4642 3211 4711 ἐνίσχυσας
3243 4640 3378 4710 μετᾶ
3411 4639 3573 4693 Θεοῦ·
3597 4661 3613 4690 ι
3653 4639 3778 4693 ὅθεν

2187 4734 2280 4787 καὶ
2326 4731 2520 4785 Ἰακὼϐ
2550 4733 2734 4801 ἔλεγεν
2755 4751 2768 4764 ’
2811 4753 2828 4784 ι
2853 4731 3003 4786 Εἶδον
3033 4733 3141 4804 γὰρ
3164 4732 3296 4786 Θεὸν
3327 4733 3614 4804 πρόσωπον
3643 4733 3781 4803 πρὸς

2186 4823 2498 4894 πρόσωπον,
2549 4825 2640 4876 καὶ
2687 4823 2865 4896 ἐσώθη
2912 4841 3012 4894 μου
3061 4826 3092 4894 ἠ
3145 4824 3310 4895 ψυχή.
3342 4845 3358 4874 ι
3407 4825 3464 4876 Ὀ
3493 4823 3548 4876 δέ
3584 4821 3778 4893 παρὼν

2185 4916 2476 4987 προφήτης
2528 4916 2654 4968 ἰδεῖν
2700 4917 2793 4970 καὶ
2848 4917 3009 4980 αὐτὸς
3059 4919 3420 4987 μαρτυρεῖται
3470 4916 3564 4990 τὴν
3614 4915 3776 4980 δόξαν

2189 5007 2373 5060 αὑτοῦ.
2401 5007 2609 5060 οὐκοῦν
2628 5007 2728 5077 τῆς
2750 5006 2844 5060 τοῦ
2877 5006 3127 5077 Σωτῆρος
3157 5005 3311 5077 ἡμῶν
3341 5005 3514 5077 Ἰησοῦ
3536 5005 3776 5078 Χριστοῦ

2189 5099 2344 5164 δόξαν
2373 5099 2460 5152 διὰ
2490 5098 2596 5150 τῶν
2620 5100 2994 5171 προκειμένων
3017 5098 3282 5170 ἑώρακεν,
3305 5101 3364 5152 οὐ
3403 5100 3614 5162 παντως
3644 5117 3778 5170 σαρ-

2191 5193 2283 5254 κὸς
2315 5191 2631 5262 ὀφθαλμοῖς,
2669 5195 2780 5256 τοῖς
2819 5193 2875 5245 δέ
2915 5193 3012 5264 τῆς
3041 5192 3299 5255 διανοίας,
3343 5192 3776 5261 πεφωτισμένοις

2191 5285 2296 5340 ὑπὸ
2338 5283 2431 5337 τοῦ
2484 5285 2642 5354 ἁγίου
2676 5284 3024 5358 Πνεῦματος·
3055 5284 3129 5348 ὠς
3159 5284 3267 5354 γὰρ
3305 5285 3352 5335 οἱ
3387 5282 3480 5336 te;
3522 5282 3774 5352 σώματος

2190 5377 2295 5430 ὑπὸ
2328 5377 2424 5448 τῆς
2463 5376 2661 5441 ἔξωθεν
2679 5377 3090 5450 χορηγουμὲνης
3122 5375 3214 5428 τοῦ
3236 5375 3410 5446 φωτὸς
3441 5374 3616 5443 αὐγῆς
3649 5391 3775 5427 συν-

2549 5542 2592 5572 ³⁶
2631 5540 2767 5596 Gen.
2819 5555 2970 5602 xxvt,
3027 5539 3116 5592 25.
3212 5539 3254 5569 "
3298 5538 3436 5592 Gen.
3501 5551 3665 5598 xxxv,
3717 5535 3770 5587 7.

503 5606 733 5678 ’,ζ’-0811.
784 5627 971 5667 suun.
1015 5613 1070 5666 5.
1147 5611 1190 5643 ³⁸
1221 5610 1355 5665 Gen.
1408 5627 1582 5670 xxxii.
1647 5613 1738 5665 ‘38.
1771 5601 1778 5605 ’
1814 5609 2088 5666 “lbid.3t

2204 5612 2245 5644 “
2275 5601 2444 5666 Exod.
2486 5629 2679 5678 xxviii,
2737 5611 2820 5667 l3.
2843 5609 2888 5640 "
2915 5601 3048 5665 Ibid.
3081 5601 3162 5661 Η.
3185 5609 3229 5640 ⁸³
3261 5610 3430 5664 Exod.
3453 5622 3643 5672 xxxnt,
3676 5609 3766 5660 20.

503 5676 553 5718 0⁸
575 5676 709 5731 Cen.
739 5696 912 5748 xxxii,
942 5681 1036 5746 ‘28,
1097 5680 1142 5712 “
1180 5679 1317 5736 Gen.
1350 5697 1519 5737 xxxii.
1559 5681 1646 5737 ὅθ.

574 5836 694 5907 (l6)
733 5836 852 5892 llaxc
883 5854 1094 5911 quoque
1134 5839 1491 5907 llietonymu:
1533 5843 1806 5907 exprimit.
1844 5839 1936 5896 sed
1983 5841 2342 5898 paucioribus.
