4138 6438
404 453 507 508 ωε

1363 451 1869 508 COMMENTABIA
1912 452 1978 507 ΙΝ
2019 449 2279 508 ISAIAM.
2312 482 2384 495 —
2417 451 2574 508 CAP.
2617 449 2707 509 Vi.

3565 449 3672 508 {26

403 565 690 640 εργοῦνται
741 579 820 630 εις
847 564 909 618 τὸ
935 563 1153 636 βλέπειν
1180 565 1248 619 τὰ
1279 565 1532 636 αἰσθητά,
1557 567 1648 621 τὸν
1677 566 1837 620 αὑτὸν
1864 565 1989 636 τρό-

2104 569 2208 620 liazc
2247 566 2466 622 docuit:
2514 585 2534 617 ¢
2563 564 2712 619 Beati
2756 564 2958 619 mundo
3008 563 3197 627 corde,
3253 563 3510 635 quoniam
3566 563 3670 635 ipsi

404 675 508 712 πον
537 658 603 712 τά
637 657 735 728 τῆς
759 656 1181 729 κεκαθαρμένης
1201 658 1378 728 ψυχῆς
1408 659 1632 730 ὄμματα
1660 659 1765 711 ὑπὸ
1795 657 1985 728 νοεροῦ

2098 659 2262 711 Deum
2303 657 2653 713 videbunt“.
2689 676 2708 708 ι

403 749 580 820 φωτὸς
630 748 1101 820 καταυγαζόμενα,
1152 751 1221 804 τὰ
1266 751 1384 804 θεῖα
1411 752 1768 807 κατοπτεύειν
1803 751 2047 804 δύναται.
2084 751 2173 804 Διὸ
2200 752 2293 805 καὶ
2321 754 2348 806 ὁ
2377 753 2569 823 Σωτήρ
2595 750 2743 804 τοῦτ’
2775 751 3020 806 ἐδίδασκε
3041 767 3055 780 ο
3093 769 3110 802 ι
3139 749 3483 820 Μακάριοιοὶ
3509 748 3671 803 καθα-

406 841 486 910 ροὶ
521 840 588 908 τῇ
630 839 848 910 καρδία,
885 840 965 892 ὅτι
1001 841 1155 895 αὐτοὶ
1180 841 1274 894 τὸν
1306 841 1442 896 Θεὸν
1471 843 1714 912 ὄψονται.
1747 864 1764 896 ι

479 949 496 982 ι
519 930 630 982 Καὶ
663 931 906 1002 σεραφὶμ
938 932 1286 1004 εἱστήκεισαν
1328 933 1514 1006 κύκλῳ
1543 937 1730 1001 αὐτοῦ,
1772 936 1832 1002 ἐξ
1861 937 1994 991 πτέ-

403 1038 569 1093 ρυγες
596 1021 674 1092 τῷ
707 1023 806 1085 ἐνὶ,
844 1025 938 1076 καὶ
973 1023 1032 1090 ἐξ
1080 1025 1351 1096 πτέρυγες
1378 1026 1457 1098 τῷ
1491 1028 1588 1082 ἐνί.
1617 1047 1636 1079 ι
1689 1025 1996 1098 Ἀσώματοί

399 1130 545 1178 τινες
579 1114 720 1168 θεῖαι
751 1117 844 1168 κα)⁸
889 1116 1252 1188 ύπερκόσμιοι
1303 1119 1580 1190 δυνάμεις,
1609 1119 1676 1184 ἃς
1703 1121 1796 1174 καὶ
1826 1124 1853 1173 ὁ
1885 1123 1993 1174 Δα-

403 1205 522 1276 νιὴλ
566 1207 750 1278 ἐδήλου
795 1208 1002 1276 λέγων,
1063 1228 1081 1262 ι
1108 1210 1289 1264 Χίλιαι
1335 1211 1567 1281 χιλιάδες
1619 1212 1993 1283 ἐλειτούργουν

404 1296 574 1367 αὐτῷ,
616 1298 712 1351 καὶ
749 1298 942 1370 μύριαι
989 1302 1247 1372 μυριάδες
1294 1307 1753 1376 παρειστήκεισαν
1786 1304 1994 1374 ἐμπρο-

407 1389 533 1442 σθεν
561 1391 746 1443 αὐτοῦ.
779 1411 797 1443 ι
817 1391 920 1444 Δύο
947 1394 1044 1462 μὲν
1073 1389 1302 1447 εἶναιτὰ
1333 1397 1573 1465 σεραφὶμ
1600 1396 1848 1449 ἐντεῦθεν
1879 1396 1997 1449 ἐνό-

410 1497 576 1551 μισαν
609 1481 786 1535 ἄλλον
830 1481 940 1550 ἐγὼ
969 1483 1047 1545 δὲ,
1095 1485 1400 1556 ἐπιστήσας
1432 1489 1497 1556 τῇ
1533 1485 1742 1556 διανοίᾳ
1772 1487 1872 1556 τῆς
1904 1485 1993 1538 λε-

406 1571 609 1644 γούσης
647 1574 868 1644 Γραφῆς
921 1574 1103 1645 κύκλῳ
1133 1576 1297 1629 αὑτοῦ
1343 1577 1413 1629 τὰ
1459 1578 1704 1648 σεραφὶμ
1751 1578 1992 1642 ἑστάναι,

407 1663 644 1734 ἠγοῦμαι
693 1665 867 1718 ταῦτα
918 1667 1180 1736 στεφάνου
1229 1668 1385 1740 δίκην
1427 1669 1763 1740 πανταχόθεν
1805 1669 1995 1742 ὥσπερ

411 1753 582 1824 μέγαν
627 1755 850 1825 βασιλέα
894 1757 1314 1829 δορυφοροῦντα.
1369 1759 1464 1826 Ἓξ
1504 1760 1560 1812 δὲ
1603 1761 1871 1832 πτέρυγες
1917 1760 1996 1831 τῷ

406 1846 485 1899 ἐνὶ
505 1847 750 1916 λέγονται
772 1849 1235 1919 προσπεφυκέναι,
1250 1850 1327 1920 τῷ
1345 1852 1573 1906 ἕκαστον
1599 1853 1992 1924 κεκοσμῆσθαι,

405 1935 595 2010 ὥσπερ
635 1940 912 2011 πτέρυξιν,
960 1942 1222 2012 ἐμφύτοις
1253 1943 1476 2013 ἀρεταῖς
1510 1945 1604 1998 καὶ
1647 1946 1993 2016 μετεωροπό-

410 2047 542 2102 ροις,
592 2027 679 2094 αἷς
721 2032 1049 2105 διιπτάμενα
1103 2035 1164 2088 δι’
1219 2035 1451 2106 ούρανοῦ
1503 2037 1600 2090 καὶ
1649 2037 1994 2108 αἰθεροφόροι

405 2123 687 2196 φέρονται,
711 2128 928 2193 νοηταῖς
951 2143 1062 2178 τισι
1095 2125 1353 2197 χρώμενα
1381 2128 1706 2199 ἐνεργείαις,
1741 2129 1998 2200 πραγμά-

2171 930 2335 984 Vsus.
2375 928 2429 982 2.
2476 945 2493 979 ι
2527 927 2593 981 Ει
2631 927 2903 996 serapbim
2930 927 3148 980 stabant
3185 927 3236 979 in
3273 924 3503 978 circuitu
3529 923 3672 992 eius,

2097 1038 2190 1080 sex
2215 1022 2313 1077 alte
2351 1021 2468 1082 uni,
2501 1029 2554 1074 et
2580 1035 2672 1073 sex
2702 1019 2802 1073 ala:
2831 1018 3010 1073 alteri.
3045 1037 3062 1070 ι
3093 1018 3433 1086 lncorporeze
3476 1032 3675 1088 nempe

2099 1116 2368 1184 quaedam,
2409 1112 2610 1166 divinae
2647 1119 2699 1166 et
2742 1126 2905 1179 supra
2954 1110 3211 1164 mundum
3263 1110 3454 1181 positae
3495 1111 3674 1165 virtu-

2097 1217 2198 1271 tes,
2234 1220 2370 1274 quas
2402 1203 2587 1257 Daniel
2609 1202 2942 1265 declarabat,
2985 1202 3170 1256 dicens
3211 1217 3226 1255 :
3287 1220 3307 1255 ι
3337 1202 3502 1258 Millia
3545 1203 3674 1258 mile

2095 1299 2227 1352 lium
2269 1298 2656 1350 ministrabant
2694 1295 2765 1360 ei,
2805 1305 2860 1349 et
2899 1295 3082 1351 decies
3121 1295 3318 1350 millies
3368 1297 3506 1350 dena
3557 1295 3676 1351 mil-

2098 1391 2168 1444 lia
2209 1389 2463 1443 astabant
2503 1388 2554 1441 in
2595 1396 2891 1456 conspectu
2931 1387 3051 1457 ejus
3091 1387 3157 1440 ".
3208 1406 3227 1441 ι
3277 1386 3411 1442 llinc
3452 1387 3544 1443 alii
3583 1401 3679 1444 ar-

2096 1483 2282 1539 bitrati
2343 1490 2471 1536 sunt
2533 1481 2640 1535 duo
2694 1495 2816 1535 esse
2867 1480 3144 1548 seraphin:
3186 1499 3198 1534 :
3241 1495 3343 1548 ego
3369 1481 3678 1536 accuratius

2097 1575 2381 1643 explorata
2423 1571 2726 1639 Scriptura:
2767 1580 2972 1634 mente,
3014 1585 3136 1639 qua:
3161 1569 3263 1636 ait,
3306 1571 3580 1640 serapbim
3621 1571 3675 1625 iu

2097 1666 2326 1721 circuitu
2367 1664 2484 1733 ejus
2537 1664 2775 1726 stetisse,
2838 1663 3049 1718 aestimo
3095 1663 3196 1718 hos
3249 1677 3467 1718 corona:
3506 1664 3679 1719 instar

2097 1775 2219 1812 eum
2257 1758 2494 1826 undique
2531 1771 2631 1811 ceu
2666 1769 2844 1824 regem
2879 1771 3132 1826 magnum
3157 1755 3413 1825 stipasse.
3441 1755 3550 1811 Sex
3583 1772 3680 1810 au-

2101 1861 2207 1904 tem
2261 1851 2362 1904 alae
2399 1849 2491 1904 uni
2531 1863 2652 1904 esse
2704 1849 2981 1913 dicuntur,
3021 1849 3168 1918 quod
3222 1849 3420 1920 singuli
3476 1849 3681 1904 innatis

2097 1951 2153 1997 et
2188 1941 2512 1996 sublimibus
2550 1939 2842 1996 virtutibus
2879 1941 3036 2011 quasi
3077 1940 3176 1996 alis
3213 1953 3476 1998 ornentur
3506 1959 3520 1996 :
3561 1943 3683 2012 qni,-

2101 2033 2199 2087 bus
2229 2033 2481 2088 volantes
2510 2048 2609 2102 per
2649 2032 2846 2088 ccelum
2906 2042 2961 2088 et
2994 2048 3175 2088 aerem
3217 2036 3488 2100 feruntur,
3524 2034 3686 2090 intel-

2101 2124 2289 2194 ligibili
2316 2123 2549 2194 quadam
2608 2125 2802 2196 agendi
2850 2124 2901 2178 vi
2949 2133 3185 2187 utentes.
3227 2141 3335 2196 qua
3386 2127 3543 2182 nobis
3596 2141 3687 2182 res

404 2231 514 2268 των
541 2215 701 2270 τινών
741 2218 996 2288 ἀρρήτων
1047 2220 1178 2288 ἡμῖν
1228 2218 1696 2282 ἀποτελεστικαῖς.
1752 2220 1840 2283 Ὠς
1887 2220 1998 2292 γὰρ

2104 2215 2362 2284 quasdam
2394 2229 2626 2271 arcanas
2663 2224 2987 2286 Operantur.
3028 2216 3496 2283 Quemadmodum
3536 2218 3682 2273 enim

408 2307 468 2360 ἐν
496 2306 804 2378 ἀνθρώποις
831 2309 880 2360 οἱ
914 2309 1058 2376 ἆγιοι
1080 2307 1176 2360 τοῦ
1201 2307 1338 2360 Θεοῦ
1369 2308 1724 2379 χαρισμάτων
1752 2312 1999 2380 μετεῖχον

409 2398 756 2468 κρειττόνων,
786 2398 861 2461 ὼς
889 2399 1252 2469 προφητεύειν
1282 2399 1348 2452 τὰ
1378 2399 1658 2470 μέλλοντα,
1695 2402 1789 2455 καὶ
1813 2401 2002 2466 νόσους

413 2487 618 2555 ἰᾶσθαι,
657 2489 750 2542 καὶ
790 2491 1018 2560 νεκροὺς
1055 2490 1301 2561 ἀνιστᾷν,
1348 2494 1444 2544 καὶ
1492 2491 1768 2559 γλώσσαις
1799 2493 1999 2560 λαλεῖν,

412 2581 607 2650 σοφίας
653 2598 714 2634 τε
785 2583 880 2635 καὶ
930 2581 1186 2649 γνώσεως
1245 2583 1526 2653 μετέχειν·
1570 2585 1603 2654 ἢ
1658 2586 1752 2638 καὶ
1813 2585 2000 2659 ὥσπερ

409 2670 553 2725 κατὰ
577 2671 638 2724 τὸ
674 2671 835 2743 σῶμα
865 2677 1112 2741 φυσικοῖς
1152 2674 1526 2745 αἰσθητηρίοις
1567 2677 1887 2748 κεχρήμεθα
1910 2677 2002 2731 τὸν

409 2763 643 2836 ἀριθμὸν
686 2765 868 2830 πέντε,
921 2765 1065 2819 οὕτω
1108 2784 1209 2818 που
1255 2767 1396 2838 τάχα
1452 2769 1551 2840 τήν
1603 2769 1713 2822 τῶν
1753 2770 2002 2839 ἀγγέλων

415 2855 576 2925 φύσιν
611 2857 777 2921 εἰκὸς,
807 2857 1072 2928 δυνάμεσι
1113 2858 1282 2923 θείαις
1310 2860 1420 2913 τισὶ
1452 2861 1544 2914 καί
1572 2879 1734 2915 τινων
1763 2862 2003 2932 παραδό-

411 2947 516 3014 ξων
546 2951 943 3020 ἐνεργητικαῖς,
989 2954 1121 3022 ήμῐν
1161 2951 1217 3005 δὲ
1282 2951 1608 3021 ἀγνώστοις,
1662 2953 1998 3025 κεχρῆσθαιο

411 3042 476 3106 ἃς
516 3042 580 3113 δὴ
615 3043 892 3114 πτέρυγας
935 3045 964 3097 ὁ
1006 3044 1163 3113 λόγος
1207 3045 1488 3117 ὠνόμασεν
1514 3063 1528 3075 ·
1575 3047 1699 3099 ἐπεὶ
1739 3047 1834 3100 καὶ
1875 3046 2002 3119 περὶ

419 3136 518 3190 τῶν
546 3137 762 3220 ἀνέμων
790 3139 1034 3210 εἴρηταιο
1072 3159 1090 3191 ι
1129 3140 1185 3193 '0
1223 3140 1547 3211 περιπατῶν
1581 3141 1674 3194 ἐπὶ
1701 3142 1996 3212 πτερύγων

416 3229 628 3300 ἀνέμων
649 3249 661 3260 ·
692 3251 711 3284 ι
743 3232 803 3284 οὐ
833 3233 1051 3295 πάντως
1078 3233 1454 3287 ἐκπιπτόντων
1483 3233 1640 3304 ήμῶν
1681 3236 1773 3288 ἐπὶ
1804 3235 1874 3289 τὰ
1901 3253 2006 3289 σω-

419 3323 626 3391 ματικά
651 3325 926 3395 σχήματα,
951 3322 1026 3387 ὡς
1054 3322 1160 3377 τῶν
1189 3324 1409 3396 ἀνέμων
1443 3325 1644 3398 ὀρνέων
1681 3326 1836 3398 δίκην
1883 3345 2006 3387 πτε-

419 3414 792 3484 ρυσσομένων.

491 3527 510 3558 ι
539 3509 649 3562 Καὶ
687 3511 808 3573 ταῖς
849 3509 948 3581 μὲν
985 3509 1102 3564 δυσὶ
1136 3511 1547 3564 κατεκάλυπτον
1584 3511 1645 3563 τὸ
1687 3511 1998 3582 πρόσωπον,

418 3600 512 3654 καὶ
557 3604 677 3664 ταῖς
714 3601 834 3654 δυσὶ
885 3601 1294 3656 κατεκάλυπτω
1336 3605 1461 3666 τοὺς
1514 3603 1702 3666 πόδας,
1749 3603 1844 3657 καὶ
1882 3605 2000 3666 ταῖς
2028 3574 2074 3634 c

417 3694 567 3747 δυσὶν
611 3693 893 3748 ἐπέταντο.
921 3715 938 3746 ι
989 3696 1062 3748 Τὸ
1117 3697 1408 3767 πρόσωπον
1454 3694 1633 3749 τοίνυν
1678 3695 2002 3758 ἐκάλυπτον,

417 3788 479 3838 οὐ
525 3786 588 3839 τὸ
631 3787 724 3840 τοῦ
772 3789 1001 3860 Κυρίου,
1033 3789 1110 3852 ώς
1139 3790 1205 3843 ἂν
1234 3789 1440 3860 οἰηθείη
1474 3806 1579 3853 τις,
1607 3789 1741 3842 ἀλλά
1779 3789 1841 3842 τὸ
1881 3790 2008 3841 ἐαυ-

417 3875 559 3929 τῶψ
601 3877 676 3941 ὼς
717 3878 791 3949 μὴ
821 3878 1024 3949 τολμᾷν
1068 3879 1255 3940 ἀτενὲς
1295 3879 1506 3947 ἀφορᾷν
1550 3879 1630 3941 εἰς
1668 3879 1728 3931 τὸ
1769 3877 2006 3948 θεωρού-

422 3986 602 4038 μενον.
661 3988 680 4020 ‹
702 3971 790 4022 Διὸ
839 3969 1015 4032 οὐδεὶς
1058 3969 1200 4037 ἔγνω
1237 3969 1330 4021 τὸν
1369 3970 1518 4032 Υίὸν,
1558 3971 1606 4022 εί
1653 3969 1727 4041 μὴ
1777 3970 1938 4041 μόνος
1978 3971 2008 4023 ὁ

419 4061 688 4131 γεννήσας
737 4060 899 4112 αὐτὸν
951 4060 1160 4132 Πατήρ.
1192 4079 1212 4112 ›
1271 4060 1605 4114 Ἑκάλυπτον
1657 4061 1714 4114 δέ
1756 4063 2008 4128 καὶτοὺς

420 4153 608 4215 πόδας,
653 4151 723 4205 τὰ
765 4151 969 4222 ἔσχατα
1020 4152 1120 4222 τῆς
1163 4153 1371 4214 οἰκείας
1421 4153 1647 4224 πορείας
1691 4157 1785 4210 καὶ
1829 4155 1905 4220 ώς
1942 4155 2009 4209 ἂν

419 4246 564 4298 εἴποι
589 4262 693 4309 τις,
720 4244 787 4296 τὰ
819 4244 1037 4314 βήματα
1083 4242 1177 4296 τοῦ
1213 4243 1329 4314 βίου
1365 4244 1460 4308 τὰς
1491 4245 1716 4316 πράξεις
1757 4247 2011 4301 ἐπισκιά-

420 4337 602 4401 ζοντα,
654 4337 727 4408 μὴ
775 4335 1112 4400 ἀκαλύπτοις
1157 4337 1285 4390 ποσὶ
1343 4335 1422 4408 τῷ
1471 4336 1680 4392 ἑαυτῶν
1724 4341 2010 4412 παραστή-

422 4445 566 4482 κοιεν
602 4429 828 4499 βασιλεῖ.

501 4541 520 4573 ι
546 4523 656 4576 Καὶ
676 4524 977 4594 ἐκέκραγον
997 4523 1184 4594 ἕτερος
1210 4522 1348 4595 πρὸς
1369 4522 1573 4595 ἕτερον,
1601 4523 1810 4592 Ἄγιος,
1832 4525 2006 4593 ἅγιος,

423 4615 576 4682 ἅγιος
626 4613 829 4684 Κύριος
882 4614 1107 4667 Σαὸαώθ
1136 4632 1148 4645 ⁸
1208 4615 1420 4688 πλήρης
1477 4617 1625 4669 πᾶσα
1682 4617 1716 4686 ή
1771 4615 1844 4687 γῆ
1908 4619 2008 4688 τῆς

422 4706 580 4774 δόξης
629 4702 812 4758 αὑτοῦ.
838 4724 856 4756 ι
898 4705 972 4758 Ού
1024 4706 1150 4776 μίαν
1172 4707 1280 4778 γὰρ
1305 4707 1534 4776 ἠφίεσαν
1566 4707 1768 4779 φωνὴν,
1798 4707 1918 4761 οὐδὲ
1943 4711 2010 4763 ἀ-

423 4797 596 4871 θρόως
620 4797 756 4868 ὁμοῦ
780 4798 957 4851 πάντα
980 4801 1133 4870 κοινῇ
1159 4799 1361 4870 ταύτην
1388 4799 1722 4870 ἀνέπεμπον,
1752 4799 1868 4855 ἀλλ’
1893 4800 2010 4854 ἐτε-

425 4908 517 4963 ρον
557 4890 693 4961 πρὸς
731 4889 793 4942 τὸ
831 4889 1016 4958 ἕτερον
1060 4892 1320 4960 ἐμφαῖνον
1351 4892 1412 4944 τὸ
1454 4889 1646 4945 ἑαυτοῦ
1677 4890 1883 4963 θαῦμα,
1915 4895 2008 4948 καὶ

428 4983 521 5054 τὴν
566 4981 828 5051 ἔκπληξιν
869 4981 968 5052 τήν
1007 4984 1100 5035 ἐπὶ
1142 4983 1219 5053 τῷ
1268 4984 1658 5055 θεωρουμένῳ·
1710 4985 1909 5056 μᾶλλον
1951 4985 2007 5039 δὲ

429 5073 896 5146 ὑπερεξέπληττεν
923 5074 1062 5128 αὐτὰ
1088 5076 1120 5146 ή
1154 5075 1261 5129 ἀπὸ
1288 5075 1396 5128 τῶν
1431 5075 1780 5148 ὑψηλοτάτων
1805 5078 1898 5132 ἐπὶ
1940 5077 2008 5132 τὰ

426 5167 656 5220 ταπεινά
691 5165 988 5230 κατάϐασις
1022 5167 1117 5221 τοῦ
1149 5167 1282 5221 Θεοῦ
1317 5168 1510 5236 Λόγου.
1556 5169 1886 5240 Ἑκέκραγον
1915 5166 2010 5225 οὖν

424 5257 524 5327 οὐχ
561 5256 710 5322 ἅπαξ
741 5259 830 5312 τὸν
870 5260 1141 5330 ἀγιασμὸν
1181 5259 1368 5322 αὑτοῦ,
1399 5260 1533 5314 ἀλλά
1570 5263 1665 5315 καὶ
1709 5262 1968 5326 πολλάκις
1993 5279 2007 5296 ’

432 5348 635 5416 μᾶλλον
668 5349 724 5400 δὲ
761 5351 840 5414 εἰς
884 5350 1254 5422 ἀναρίθμητον
1293 5352 1387 5405 καὶ
1417 5354 1495 5416 εἰς
1527 5353 1774 5426 ἄπειρον,
1807 5357 1902 5409 καὶ
1933 5359 2014 5421 εἰς

425 5439 514 5496 ἀεὶ
561 5441 1136 5513 ὑπερεκπληττόμενα,
1162 5443 1474 5515 Προγνώσει
1519 5446 1698 5499 τοίνυν
1737 5447 1832 5500 τοῦ
1883 5449 2012 5518 μέλ-

423 5530 607 5595 λοντος
668 5530 1118 5602 ὑπερεθαύμαζον
1160 5534 1228 5586 τά
1281 5537 1542 5605 σεραφὶμ,
1587 5536 1701 5610 ὃδὴ
1749 5540 1843 5591 καὶ
1891 5541 2014 5593 ἁκο-

425 5624 629 5686 λούθως
656 5626 769 5687 τοῖς
807 5621 1170 5694 θεσπίσμασιν
1191 5627 1442 5691 ἐτελεῖτο,
1482 5629 1620 5698 μετὰ
1648 5629 1745 5688 τὴν
1785 5633 1864 5694 εις
1905 5631 2003 5685 ἀν-

427 5715 680 5788 θρώπους
719 5716 812 5770 τοῦ
850 5716 1100 5788 Σωτῆρος
1139 5719 1292 5790 ήμῶν
1322 5721 1646 5792 παρουσίαν,
1681 5721 1770 5786 Ἐξ
1797 5722 2004 5775 ἐκείνου

499 5891 544 5925 ⁸⁸
573 5891 764 5954 hiauit.
812 5911 860 5962 r,
894 5894 945 5948 8.
1025 5895 1066 5928 "
1098 5897 1234 5954 [λιι.
1269 5901 1489 5970 vn,_l0.
1569 5899 1612 5933 ⁵⁸
1651 5899 1790 5958 Psal.
1830 5915 1945 5969 cui,
1975 5903 2028 5959 3.

2105 2305 2247 2359 inter
2274 2305 2541 2370 homines,
2577 2305 2756 2360 sancti
2809 2305 2925 2372 Dei,
2966 2306 3357 2362 charismatum
3394 2309 3683 2365 meliorum

2103 2398 2400 2465 participes
2437 2406 2618 2461 erant,
2644 2396 2718 2451 ita
2756 2407 2812 2451 ut
2844 2396 3026 2452 futura
3058 2401 3511 2465 prtenuntiarent,
3543 2417 3687 2456 mor-

2105 2489 2204 2540 bos
2240 2494 2523 2550 curarent,
2565 2495 2811 2543 mortuos
2851 2488 3207 2555 suscitarent,
3271 2490 3548 2560 variisque
3579 2490 3686 2547 lin-

2105 2579 2225 2648 guis
2254 2577 2628 2647 loquerentur,
2663 2581 2933 2651 sapientia
2967 2590 3021 2636 et
3053 2581 3284 2636 scientia
3312 2582 3568 2638 instructi
3605 2598 3688 2638 es-

2102 2681 2260 2738 sent;
2305 2681 2399 2726 ant
2428 2672 2888 2742 quemadmodum
2925 2672 3226 2728 secundum
3252 2688 3476 2744 corpus,
3529 2684 3688 2729 natu-
3745 2747 3748 2751 ι

2103 2764 2308 2819 ralibus
2353 2763 2611 2820 sensibus
2667 2763 2874 2818 utimur
2922 2779 3148 2820 numero
3184 2766 3464 2836 quinque;
3524 2767 3596 2822 ita
3631 2775 3688 2823 et

2105 2858 2422 2928 angelorum
2462 2867 2718 2913 naturam
2768 2857 2972 2913 divinis
3011 2858 3363 2928 quibusdam,
3404 2875 3470 2916 ac
3511 2861 3681 2918 mira-

2103 2948 2292 3003 bilium
2362 2947 2731 3005 effectricibus
2800 2950 3095 3006 virtutibus
3165 2951 3473 3021 ignotisque
3531 2953 3690 3008 nobis

2105 3039 2180 3093 uti
2222 3039 2517 3094 verisimile
2551 3049 2658 3105 est,
2691 3055 2828 3112 quas
2859 3040 3071 3095 scilicet
3108 3039 3222 3096 alas
3263 3041 3548 3112 Scriptura
3595 3058 3692 3098 vo-

2138 3141 2213 3185 at.
2259 3131 2703 3200 Quandoquidem
2739 3132 2808 3187 de
2844 3134 3020 3186 ventis
3083 3134 3247 3187 etiam
3315 3133 3516 3188 dictum
3584 3145 3690 3197 est,

2109 3239 2127 3273 ι
2158 3221 2258 3288 Qui
2300 3221 2542 3275 ambulat
2593 3235 2757 3290 super
2803 3234 3010 3290 pennas
3061 3230 3345 3275 ventorum
3389 3221 3468 3289 “;
3518 3240 3537 3273 ι
3601 3221 3692 3276 ubi

2105 3329 2204 3368 nos
2245 3328 2352 3368 non
2407 3312 2474 3366 ad
2513 3326 2808 3382 corporeas
2861 3313 3062 3381 tiguras
3125 3312 3488 3375 decurrimus,
3535 3313 3692 3380 quasi

2103 3406 2312 3461 scilicet
2349 3405 2519 3469 venti,
2547 3406 2718 3458 instar
2742 3403 2944 3466 avium,
2986 3403 3179 3472 pennis
3219 3403 3470 3457 instructi
3524 3403 3654 3460 sint.

2181 3515 2200 3550 ι
2256 3498 2320 3552 Ει
2359 3499 2567 3552 duabus
2614 3497 2832 3568 quidem
2899 3497 3156 3567 tegebant
3205 3496 3422 3563 faciem,
3485 3496 3694 3550 duabus

2107 3597 2287 3643 autem
2316 3587 2567 3642 velabaut
2605 3587 2794 3656 pedes,
2851 3595 2911 3640 et
2963 3586 3175 3642 duabus
3213 3586 3487 3641 volabant.
3516 3604 3536 3638 ι
3582 3583 3693 3640 Fa-

2109 3679 2248 3733 ciem
2273 3680 2456 3747 itaque
2495 3677 2771 3741 velabant,
2797 3694 2904 3731 non
2948 3677 3182 3738 Domini,
3225 3686 3285 3731 ut
3333 3677 3456 3745 quis
3499 3685 3690 3746 putet,

2108 3769 2204 3824 sed
2243 3785 2434 3824 suam:
2474 3769 2620 3838 quod
2661 3785 2767 3822 non
2805 3770 3068 3822 auderent
3096 3767 3367 3836 objectam
3407 3783 3520 3822 rem
3560 3767 3696 3823 dell.

2048 3888 2051 3890 -
2108 3862 2194 3916 xis
2242 3860 2416 3915 oculis
2485 3861 2706 3915 intueri.
2776 3861 3003 3928 «Quare
3056 3875 3219 3915 nemo
3282 3859 3432 3914 novit
3474 3859 3691 3926 Filium,

2111 3952 2216 4007 nisi
2257 3953 2346 4021 qui
2388 3953 2573 4022 genuit
2610 3951 2786 4022 ipsum
2816 3951 2998 4006 Pater.
3026 3971 3046 4005 ι
3090 3951 3262 4006 Pedes
3300 3965 3517 4022 quoque
3557 3951 3695 4006 vela-

2110 4043 2271 4109 bant,
2315 4045 2523 4100 scilicet
2587 4053 2835 4099 extrema
2893 4043 3294 4114 progressionis
3349 4059 3484 4108 suae,
3530 4053 3585 4100 et
3634 4055 3694 4098 ut

2109 4135 2376 4205 quispiam
2418 4134 2635 4200 dixerit,
2673 4134 2798 4190 vitae
2823 4149 3067 4205 gressus,
3125 4149 3239 4204 quo
3277 4135 3520 4190 actiones
3561 4149 3695 4188 suas

2109 4226 2512 4290 inumbrarent,
2547 4235 2605 4280 ut
2637 4241 2704 4280 ne
2746 4227 2904 4280 nudis
2944 4225 3171 4295 pedibus
3233 4225 3345 4295 regi
3401 4238 3501 4280 suo
3546 4233 3695 4282 asta:

2113 4327 2254 4374 rent.

2189 4528 2353 4583 Vsus.
2399 4526 2454 4580 5.
2529 4543 2550 4578 ι
2596 4525 2663 4580 Ει
2723 4525 3038 4584 clamabant
3101 4524 3240 4580 alter
3309 4525 3375 4580 ad
3432 4525 3693 4592 alterum,

2113 4621 2361 4680 Sanctus.
2396 4627 2638 4683 sanctus,
2665 4627 2887 4676 sanctus
2929 4617 3189 4674 Dominus
3220 4616 3494 4675 Sabaoth:
3538 4619 3696 4690 plena

2111 4722 2196 4768 est
2243 4712 2418 4766 onmis
2471 4722 2613 4766 terra
2659 4711 2829 4781 gloria
2867 4708 3002 4778 ejus.
3036 4728 3056 4762 ο
3097 4711 3214 4766 Non
3275 4727 3438 4766 unam
3496 4713 3696 4782 quippe

2110 4800 2431 4855 emittebant
2468 4813 2676 4864 vocem,
2705 4815 2878 4868 neque
2909 4815 3100 4855 nnmes
3126 4799 3288 4856 simul
3341 4803 3482 4859 hanc
3510 4802 3696 4873 profe-

2041 4925 2086 4982 ο
2121 4893 2330 4958 rebanl,
2353 4893 2448 4946 sed
2478 4890 2616 4945 alter
2656 4892 2724 4946 ad
2754 4891 3010 4960 alterum,
3072 4893 3494 4950 admirationem
3538 4908 3695 4950 suam

2117 4981 2462 5046 exhibentes,
2509 4997 2717 5038 necnon
2789 4993 3064 5054 stuporem
3116 4999 3186 5038 ex
3246 4984 3335 5041 tali
3386 4983 3698 5056 spectaculo

2119 5085 2441 5146 conceptum
2469 5093 2484 5142 ;
2520 5076 2625 5131 imo
2655 5076 2838 5148 potius
2878 5076 3337 5147 obstupescebant
3363 5079 3434 5133 ob
3467 5076 3697 5134 descen-

2117 5187 2234 5227 sum
2269 5169 2364 5226 Dei
2399 5171 2562 5226 Verbi
2600 5188 2666 5226 ex
2693 5171 3012 5226 celsissimis
3047 5171 3114 5226 ad
3158 5171 3402 5228 humilia.
3449 5170 3566 5226 Non
3605 5186 3698 5226 se-

2120 5258 2226 5317 mel
2258 5259 2461 5330 itaque,
2517 5276 2692 5330 ncque
2729 5262 2929 5330 sacpius
2965 5272 3170 5318 tantum
3210 5261 3696 5320 sanctiﬁcationem

2115 5353 2232 5422 ejus
2265 5352 2726 5418 clamabant;sed
2759 5357 2810 5408 iu
2854 5356 3126 5411 inﬁnitum
3159 5366 3367 5426 tempus
3395 5368 3460 5408 ac
3480 5367 3696 5424 semper

2118 5457 2342 5516 stupore
2403 5447 2638 5516 perculsi
2707 5450 3186 5515 vociferabantur;
3224 5464 3290 5504 ex
3342 5447 3510 5504 futuri
3565 5463 3697 5516 ergo

2120 5537 2460 5608 praescientia
2497 5539 2772 5609 serapbim
2813 5555 3156 5611 summopere
3184 5539 3521 5594 mirabantur
3541 5539 3694 5602 illud.

2115 5628 2258 5696 quod
2317 5631 2554 5694 scilicet,
2592 5643 2992 5701 consequenter
3028 5633 3094 5686 ad
3119 5632 3397 5698 vaticinia,
3440 5641 3563 5700 post
3598 5631 3694 5683 ad—

2123 5734 2342 5780 ventum
2376 5724 2677 5782 Salvatoris
2709 5725 2882 5781 nosnri
2930 5726 3013 5797 ad,
3048 5723 3322 5787 homines.
3365 5721 3688 5780 οοηυιῑρόιεη
