4138 6404
467 379 572 437 {27
1179 370 1452 432 EUSEB"
1486 366 1968 427 CAESARIENSIS
2005 363 2157 422 OPP.
2199 362 2378 418 PARS
2414 361 2503 417 Ill.
2542 391 2613 404 —-
2649 357 3061 416 EXEGETICA.
3636 365 3741 421 €28

465 514 574 557 est.
613 499 748 553 llinc
781 497 924 553 enim
957 511 1146 551 revera
1182 496 1234 548 in
1268 493 1508 547 omnium
1539 491 1776 561 gentium
1802 489 2048 544 nottt‘ia‘m
2081 489 2099 544 ἐ

2101 485 2262 556 ιγάρ
2305 483 2380 547 ὡς
2419 481 2633 552 ἀληθῶς
2678 482 2844 536 πᾶσιν
2879 480 3124 552 ἐγνώσθη
3166 483 3281 545 τοῖς
3307 480 3504 546 ἔθνεσι,
3535 484 3628 535 καὶ
3657 486 3735 546 είς

471 595 644 656 venit,
689 602 747 646 et
794 592 846 643 in
905 603 1120 642 omnem
1167 595 1390 651 terram,
1440 599 1548 638 non
1585 583 1745 636 modo
1785 581 2048 651 cognitio,

2155 579 2336 631 πᾶσαν
2366 573 2642 646 ἐκηρύχθη
2682 573 2780 644 τὴν
2826 575 2950 645 γῆν,
2993 573 3052 626 οὑ
3103 573 3261 644 μόνον
3287 574 3565 644 ἡγνῶσις,
3605 575 3741 630 ἀλλὰ

474 685 742 738 sedetiam
762 680 925 751 gloria
947 677 1225 743 theologia:
1259 675 1432 743 ipsum
1471 674 1766 742 spectantis
1791 671 2047 742 pervasit.

1641 674 1766 728 IllliS
1791 671 2047 742 pervasit.
2154 669 2252 722 καὶ¹
2282 670 2314 739 ἡ
2341 662 2472 730 δόξαί
2494 666 2593 735 τῆς
2626 666 2752 737 περὶ
2782 665 2950 718 αὑτοῦ
2980 665 3275 734 θεολογίας.

552 775 713 828 Vens.
754 772 808 826 4.
846 792 862 822 ι
895 771 958 824 Ει
997 767 1265 823 sublatum
1295 777 1377 822 est
1407 765 1821 832 superliminare
1845 781 1872 818 a
1898 779 2052 828 vove,

2231 779 2250 812 ι
2282 760 2389 812 Καὶ
2430 757 2642 829 ἐπήρθη
2684 757 2988 828 ὑπέρθυρον
3025 758 3134 810 ἀπὸ
3163 759 3259 828 τῆς
3290 757 3492 827 φωνῆς,
3525 752 3591 828 ἦς
3621 756 3741 810 ἐκέ-

477 883 583 936 qua
615 867 964 921 clamabant:
1000 872 1053 916 et
1096 860 1288 914 domus
1332 864 1532 927 repleta
1575 868 1657 912 est
1699 858 1864 911 fumo.
1893 874 1912 908 ι
1958 855 2055 911 llis

2156 870 2383 925 κραγον,
2417 851 2509 904 καὶ
2554 852 2582 903 6
2627 846 2773 914 οἶκος
2823 849 3065 921 ἐπλήσθη
3102 849 3333 904 καπνοῦ.
3368 868 3386 899 ι
3438 850 3741 908 Αίνίττεται.

478 953 848 1008 subindicatur
879 950 993 1004 fore
1025 959 1102 1016 ut,
1137 959 1251 1003 toto
1286 950 1424 1003 orbe
1477 949 1646 1019 gloria
1681 947 1796 1016 ejus
1826 945 2052 1014 repleto,

2155 946 2335 998 τοίνυν
2381 945 2409 997 6
2459 943 2635 1010 λόγος,
2681 942 2756 1006 ὼς
2796 941 2924 1013 ἄρα,
2959 942 3340 1013 πληρουμένης
3382 942 3483 1011 τῆς
3512 943 3614 1012 γῆς
3643 944 3740 1013 τῆς

478 1042 810 1096 revelaretur
860 1042 904 1095 is
946 1040 1037 1109 qui
1068 1055 1131 1092 eo
1183 1041 1237 1092 in
1278 1039 1394 1092 loco
1426 1045 1642 1101 stabat,
1681 1039 1752 1091 ita
1801 1048 1880 1103 ut,
1926 1038 2056 1092 sub-

2157 1033 2315 1104 δόξης
2344 1031 2529 1096 αὑτοῦ,
2561 1031 2897 1102 γυμνοῦσθαι
2934 1031 3160 1102 ἔμελλεν
3185 1032 3213 1082 6
3241 1033 3299 1083 ἐν
3331 1031 3523 1100 ἐκείνῳ
3555 1031 3634 1101 τῷ
3658 1032 3744 1084 τό·-

477 1133 588 1187 lato
631 1132 1031 1201 superliminari
1060 1171 1074 1195 ,
1116 1131 1510 1200 comprehendi
1560 1139 1742 1200 posset
1786 1148 1798 1182 :
1849 1130 2057 1183 locam-

2161 1143 2269 1195 πῳ,
2302 1125 2378 1188 ὡς
2407 1124 2620 1177 καὶτοῦ
2665 1124 2972 1197 ὑπερθύρου
3015 1123 3294 1196 ἀρθέντος,
3327 1123 3741 1194 καταληφθήσε-

477 1241 583 1294 qne
629 1225 778 1279 fumo
829 1225 1145 1290 replendum
1206 1238 1360 1285 esse,
1425 1222 1532 1291 igni
1595 1223 1850 1275 traditum
1888 1241 1900 1275 :
1932 1237 2054 1274 nam

2162 1216 2310 1279 σθαι,
2361 1215 2567 1268 καπνοῦ
2619 1233 2676 1268 τε
2729 1215 2942 1286 πλήρης
2975 1216 3194 1268 ἐσεσθαι
3221 1214 3543 1286 παραδοθεὶς
3588 1215 3741 1283 πυρί·

478 1318 658 1371 finitus
690 1319 829 1385 ignis
861 1318 1076 1385 signum
1119 1325 1224 1368 est.
1270 1316 1362 1370 llis
1390 1332 1520 1384 ergo
1553 1315 1834 1383 Scriptura
1872 1319 2058 1367 incen-

2162 1309 2334 1376 πυρὸς
2367 1307 2475 1380 γὰρ
2527 1311 2749 1379 σημεῖον
2792 1311 2820 1361 6
2874 1309 3098 1370 καπνός.
3149 1307 3394 1378 ᾘνίξατο
3432 1307 3611 1360 τοίνυν
3658 1307 3745 1360 διὰ

480 1411 628 1464 dium
685 1410 804 1463 loco
847 1409 972 1463 huic
1007 1419 1329 1462 eventurum
1373 1408 1602 1461 obscure
1662 1408 1862 1459 indicat
1901 1425 1912 1459 :
1951 1421 2059 1474 quo

2161 1402 2366 1456 τούτων
2394 1405 2422 1456 6
2455 1402 2632 1470 λόγος,
2668 1402 2760 1454 τὸν
2790 1401 2883 1454 ἐπὶ
2913 1401 3056 1453 τέλει
3083 1399 3445 1469 κατειληφότα
3467 1399 3556 1452 τὸν
3584 1399 3743 1451 τόπον

478 1513 722 1572 peracto,
751 1503 954 1570 repleta
987 1512 1071 1556 est
1103 1502 1362 1555 universa
1410 1510 1552 1553 terra
1580 1497 1748 1566 gloria
1794 1498 2003 1550 Domini
2042 1515 2055 1549 :

2163 1495 2513 1566 ἐμπρησμὸν·
2543 1494 2660 1564 μεθ’
2685 1495 2744 1546 ὃν
2770 1493 3062 1566 ἐπληρώθη
3103 1494 3254 1546 πᾶσα
3285 1494 3321 1562 ἡ
3357 1492 3428 1561 γῆ
3460 1491 3558 1560 τῆς
3590 1491 3745 1560 δόξης

480 1609 588 1647 non
643 1609 747 1645 una
804 1594 966 1647 domo
1019 1601 1078 1645 ut
1128 1603 1310 1654 antea,
1375 1589 1468 1643 sed
1528 1589 1831 1642 innumeris
1891 1589 2061 1642 multo

2163 1585 2390 1656 Κυρίου·
2426 1586 2525 1638 ούκ
2550 1585 2627 1637 ἔτι
2662 1585 2779 1647 ἐνὸς
2811 1584 2982 1648 οἴκου,
3015 1583 3224 1654 μυρίων
3252 1582 3307 1634 δὲ
3343 1582 3461 1634 καθ’
3492 1582 3620 1652 ὃλην
3649 1581 3747 1654 τὴν

481 1686 955 1755 νΓζΡδῐιιιιιίοτίὺιιε
983 1701 1082 1752 per
1123 1685 1430 1737 universam
1467 1691 1669 1735 terram
1703 1680 1975 1734 excitatis.

1973 1723 1975 1732 .
2163 1677 2487 1747 οἰκουμένην
2520 1676 2652 1729 πολὺ
2688 1675 3009 1748 κρειττόνων
3039 1674 3246 1727 ἐκείνου
3277 1674 3607 1727 συστάντων.

556 1779 724 1832 Vens.
765 1778 816 1832 5.
854 1797 871 1828 ι
899 1777 961 1830 Ει
989 1777 1121 1842 dixi,
1153 1773 1196 1830 Ο
1219 1775 1380 1829 miser
1397 1788 1517 1843 ego,
1543 1772 1668 1842 quia
1701 1780 2063 1840 compunctus
2095 1841 2126 1843 _

2241 1786 2259 1817 ι
2296 1767 2406 1819 Kal
2451 1764 2596 1821 εἶπα·
2642 1762 2712 1818 Ὦ
2739 1766 2906 1829 τάλας
2935 1764 3065 1832 ἐγὼ,
3097 1766 3178 1818 ὅτι
3210 1764 3636 1833 κατανένυγμαι,
3668 1764 3749 1816 ὅτι

486 1886 606 1924 sum
639 1871 800 1938 :quia
822 1871 982 1922 homo
1007 1884 1128 1923 cum
1162 1867 1290 1930 sim,
1321 1876 1374 1920 et
1399 1866 1607 1934 impura
1641 1863 1780 1917 labia
1811 1863 2060 1928 habeam,
2095 1841 2120 1897 Ῑ

2117 1841 2140 1897 3
2168 1857 2452 1929 ἄνθρωπος
2495 1857 2570 1910 ὢν
2604 1858 2697 1911 καὶ
2736 1857 3021 1927 ἀκάθαρτα
3045 1856 3113 1909 τά
3142 1857 3296 1927 χείλη
3324 1855 3480 1924 ἔχων,
3508 1859 3564 1908 ἐν
3601 1856 3751 1925 μέσῳ

489 1970 543 2021 in
572 1967 747 2020 tnedio
773 1965 954 2033 populi
988 1966 1197 2032 impura
1236 1960 1374 2014 labia
1410 1957 1662 2012 habentis
1697 1972 1796 2027 ego
1836 1956 2058 2010 habito:

2166 1950 2296 2026 λαοῦ
2331 1949 2616 2021 ἀκάθαρτα
2651 1948 2806 2020 χείλη
2847 1949 3058 2018 ἔχοντος
3087 1948 3197 2016 ἐγὼ
3225 1948 3377 2000 οἰκῶ·
3415 1947 3510 2000 καὶ
3538 1946 3629 1999 τὸν
3659 1946 3749 2015 βα-

486 2069 542 2110 et
575 2073 749 2128 regem
786 2056 1069 2110 Dominum
1113 2052 1351 2106 Sabaoth
1381 2050 1485 2103 vidi
1521 2049 1694 2103 oculis
1740 2050 1894 2102 meis.
1927 2067 1945 2098 ι
1994 2049 2065 2102 Se

2167 2043 2321 2098 σιλέα
2371 2044 2574 2116 Κύριον
2624 2041 2852 2098 Σαϐαὼθ
2903 2038 3040 2094 εἶδον
3068 2043 3178 2104 τοῖς
3213 2040 3513 2111 ὀφθαλμοῖς
3561 2059 3682 2111 μου.
3729 2060 3748 2091 ι

485 2160 667 2204 autem
700 2149 966 2217 impurum
1005 2160 1124 2199 esse
1155 2144 1466 2206 conﬁtetur,
1503 2157 1607 2195 non
1642 2140 1823 2194 anima
1851 2180 1864 2202 ,
1892 2156 2064 2208 neque

2177 2137 2462 2208 Ὁμολογεῖ
2509 2137 2565 2189 δὲ
2609 2135 2917 2207 ἀκάθαρτος
2965 2129 3103 2186 εἶναι
3152 2133 3213 2186 ού
3255 2133 3350 2203 τὴν
3391 2133 3589 2204 ψυχὴν,
3637 2131 3752 2185 ἀλλ’

489 2251 600 2294 10ῐο
651 2253 918 2308 corpore,
972 2237 1232 2306 quoniam
1292 2233 1498 2286 nullius
1555 2231 1779 2300 impura:
1836 2231 2063 2283 actionis

2164 2230 2285 2282 ούδέ
2317 2230 2376 2281 τὸ
2411 2228 2586 2299 σῶμα
2623 2228 2746 2280 ἐπεὶ
2771 2227 3041 2298 μηδεμίαν
3074 2224 3253 2295 ἐαυτῴ
3277 2225 3584 2296 ἀκάθαρτον
3614 2226 3751 2296 πρᾶ-

486 2333 587 2388 sibi
616 2332 867 2388 conscius
907 2339 1056 2395 erat;
1097 2329 1190 2385 sed
1224 2329 1340 2385 sola
1381 2325 1486 2383 sibi
1519 2323 1658 2379 labia
1696 2327 1908 2394 impura
1944 2338 2064 2375 esse

2168 2319 2248 2385 ξιν
2286 2319 2520 2391 συνῄδειο
2560 2318 2696 2389 μόνα
2733 2318 2789 2372 δὲ
2837 2318 2905 2370 τά
2943 2317 3096 2388 χείλη
3147 2317 3431 2388 ἀκάθαρτα
3465 2316 3753 2386 ἐσχηκέναι

487 2422 601 2487 ait,
630 2421 785 2491 quasi
819 2420 1072 2475 videlicet
1101 2419 1367 2488 reliquum
1397 2433 1604 2488 corpus
1629 2430 1684 2472 et
1714 2419 1897 2470 anima
1929 2429 2061 2482 pura

2167 2414 2334 2485 φησι,
2376 2413 2452 2477 ὠς
2513 2413 2606 2466 τοῦ
2655 2412 2844 2465 λοιποῦ
2882 2412 3135 2483 σώματος
3175 2413 3323 2484 αύτῷ
3361 2412 3753 2483 καθαρεύοντος

487 2511 674 2580 fuerit,
710 2512 1014 2566 secundum
1045 2510 1199 2575 illud,
1245 2526 1264 2558 ι
1293 2509 1442 2562 Beati
1480 2507 1682 2561 mundo
1701 2508 1887 2567 corde,
1929 2520 2066 2574 quo-

2168 2508 2262 2562 καὶ
2311 2507 2411 2577 τῆς
2455 2506 2652 2576 ψυχῆς,
2698 2507 2839 2560 κατά
2880 2507 2962 2569 τὸ,
2995 2526 3011 2558 ι
3045 2507 3320 2578 Μακάριοι
3349 2507 3399 2558 οἱ
3431 2505 3661 2576 καθαροὶ
3687 2507 3753 2576 τῇ

489 2605 637 2656 niam
696 2601 798 2672 ipsi
853 2600 1022 2655 Deum
1083 2601 1344 2654 videbunt
1391 2599 1458 2652 ".
1494 2616 1512 2650 ι
1569 2597 1739 2653 Labia
1770 2613 1900 2651 vero
1959 2612 2066 2650 non

2170 2600 2387 2670 καρδίᾳ,
2423 2600 2502 2652 ὅτι
2554 2599 2709 2652 αὐτοὶ
2739 2599 2830 2651 τὸν
2875 2599 3006 2651 Θεὸν
3052 2599 3271 2667 δᾲονται
3306 2599 3420 2669 (12)
3479 2619 3496 2650 ν
3529 2599 3636 2652 Καὶ
3689 2599 3753 2651 τα

490 2694 711 2747 aliunde
763 2692 973 2761 impura
1025 2690 1282 2755 habebat,
1341 2705 1505 2760 quam
1553 2705 1583 2744 a
1621 2689 1896 2758 colloquio
1943 2704 2066 2742 cum

2169 2689 2321 2759 χείλη
2345 2689 2400 2742 δὲ
2428 2687 2711 2760 ἀκάθαρτα
2736 2683 2882 2758 εἶχεν
2903 2689 3002 2741 οὐκ
3032 2689 3270 2753 ἄλλοθεν,
3303 2691 3335 2760 ἢ
3365 2689 3471 2743 ἀπὸ
3495 2689 3596 2758 τῆς
3621 2687 3754 2760 πρὸς

490 2786 722 2856 impuris
769 2783 1083 2840 hominibus
1130 2783 1284 2837 inito.
1333 2781 1468 2835 Nam
1511 2781 1636 2850 quia
1667 2797 1787 2835 cum
1843 2781 2069 2849 impuris

2172 2785 2295 2846 τοὺς
2323 2781 2663 2850 ἀκαθάρτους
2690 2782 2924 2852 ὁμιλίας.
2945 2781 3306 2849 Ἠναγκάζετο
3333 2782 3460 2852 γὰρ,
3487 2782 3562 2845 ὼς
3590 2780 3756 2846 εἰκὸς,
3796 2788 3806 2799 '

487 2876 624 2930 viris
669 2875 1012 2940 versabatur,
1066 2889 1252 2928 eorum
1313 2873 1662 2944 improbitate
1715 2873 1875 2942 digna
1905 2871 2070 2927 verba

2171 2875 2498 2945 ἀκαθάρτοις
2545 2876 2770 2946 ἀνδράσι
2811 2875 3178 2946 προσομιλῶν,
3215 2874 3340 2939 ἀξια
3391 2874 3490 2943 τῆς
3535 2874 3758 2926 ἐκείνων

491 2969 744 3038 proferre
769 2976 1017 3028 coactus.
1060 2966 1186 3021 inde
1217 2966 1374 3022 labiis
1407 2966 1653 3034 impurus
1679 2973 1818 3019 erat.

2172 2967 2504 3037 φθέγγεσθαι
2535 2966 2856 3038 μοχθηρίας,
2891 2966 2957 3019 δι’
2989 2961 3063 3020 ὧν
3097 2966 3385 3036 ἐμολύνετο
3411 2967 3480 3019 τὰ
3510 2965 3685 3036 χείλη.

569 3055 730 3110 Vens.
771 3057 823 3122 6,
867 3056 920 3111 7.
948 3076 964 3107 ι
992 3056 1055 3110 Et
1086 3057 1284 3111 missus
1316 3067 1400 3110 est
1434 3056 1500 3110 ad
1527 3072 1616 3112 me
1655 3072 1794 3110 unus
1819 3056 1884 3110 de
1915 3069 2068 3111 sera-

2249 3080 2266 3112 ι
2301 3062 2408 3114 Kal.
2435 3059 2716 3131 ἀπεστάλη
2749 3060 2884 3130 πρὸς
2920 3059 2987 3129 μέ
3028 3059 3084 3110 ἓν
3129 3057 3238 3111 τῶν
3279 3059 3540 3130 σεραφὶμ,
3571 3061 3666 3112 καὶ
3700 3059 3761 3112 ἐν

489 3149 665 3219 phhn,
693 3158 746 3201 et
769 3149 819 3201 in
847 3163 1006 3202 manu
1027 3163 1120 3202 sua
1147 3147 1378 3202 habebat
1401 3151 1689 3205 carbonem
1715 3147 1878 3218 ignis,
1907 3163 2066 3218 quem
2093 3191 2123 3247 ί

2123 3191 2139 3246 :
2175 3149 2240 3218 τῇ
2267 3147 2411 3218 χειρὶ
2435 3146 2599 3200 αὑτοῦ
2620 3144 2761 3217 εἶχεν
2789 3146 3034 3218 ἄνθρακα
3060 3147 3248 3219 πυρὸς,
3275 3147 3333 3200 ὃν
3360 3151 3424 3217 τῇ
3446 3147 3617 3200 λαὸίδι
3638 3147 3757 3200 ἔλα-

491 3241 698 3308 forcipe
748 3240 946 3293 tulerat
974 3239 1041 3295 de
1070 3239 1225 3294 altari
1263 3257 1275 3292 :
1311 3250 1365 3295 et
1393 3240 1565 3311 tetigit
1610 3240 1754 3293 labia
1808 3255 1947 3292 mea.
2005 3238 2070 3291 Et
2099 3238 2125 3247 “

2124 3238 2139 3246 ”
2176 3240 2270 3292 ϐεν
2302 3238 2411 3292 ἀπὸ
2441 3238 2536 3291 τοῦ
2573 3238 2980 3310 θυσιαστηρίου,
3028 3239 3119 3292 καὶ
3148 3239 3325 3309 ἥψατο
3349 3239 3419 3292 τά
3449 3239 3600 3310 χείλη
3634 3257 3758 3310 μου.

493 3330 652 3394 dixit,
697 3330 838 3384 Ecce
867 3329 1040 3400 tetigit
1074 3331 1176 3384 hoc
1207 3330 1348 3384 labia
1383 3339 1493 3384 tua.
1527 3348 1546 3381 ι
1604 3329 1750 3383 Talis
1791 3337 1872 3383 est
1905 3329 2070 3383 carbo

2175 3332 2286 3384 Καὶ
2340 3327 2481 3383 εἷπε·
2549 3331 2679 3384 Ἰδοὺ
2724 3331 2902 3400 ἥψατο
2951 3329 3108 3383 τοῦτο
3150 3331 3256 3382 τῶν
3305 3331 3526 3400 χειλέων
3575 3349 3688 3385 σου.
3736 3351 3754 3382 ι

497 3423 688 3477 altaris
719 3439 734 3475 ε
763 3438 827 3475 ac
878 3421 1112 3476 fortasse
1159 3420 1404 3478 clemens
1460 3422 1548 3475 ille
1594 3421 1854 3475 Dominus
1900 3421 2071 3475 altare

2174 3421 2427 3484 Τοιοῦτός
2482 3421 2630 3474 ἐστιν
2657 3423 2684 3474 6
2711 3421 2917 3494 ἄνθραξ
2943 3421 3037 3475 τοῦ
3057 3421 3464 3491 θυσιαστηρίου,
3493 3421 3631 3492 τάχα
3657 3439 3759 3473 που

493 3528 652 3565 suum
689 3511 1024 3566 Salutaribus
1060 3509 1368 3581 huiusmodi
1420 3526 1484 3565 ac
1527 3509 1890 3580 purgantibus
1946 3525 2068 3562 car-

2175 3516 2267 3571 τοῦ
2303 3515 2679 3588 φιλανθρώπου
2728 3518 2930 3588 Κυρίου
2968 3516 3299 3589 πληροῦντος
3336 3518 3396 3570 τὸ
3438 3516 3627 3570 ἑαυτοῦ
3669 3516 3756 3568 θυ-

495 3606 726 3659 honibus
767 3605 955 3671 replet.
990 3604 1172 3670 Quare
1201 3605 1408 3660 dictum
1445 3613 1527 3658 est
1553 3603 1747 3658 alicubi
1790 3603 1857 3669 ",
1894 3621 1912 3653 ι
1937 3602 2071 3656 Car-

2178 3611 2490 3682 σιαστήριον
2517 3610 2772 3663 τοιούτων
2798 3609 2959 3665 τινῶν
2988 3610 3268 3680 σωτηρίων
3298 3611 3390 3662 καὶ
3417 3608 3761 3680 καθαρτικῶν

491 3701 663 3756 bones
713 3699 960 3754 succensi
1015 3709 1143 3753 sunt
1183 3699 1252 3751 ab
1295 3712 1380 3752 eo.
1414 3715 1431 3748 ι
1485 3697 1735 3766 Deosque
1776 3695 1888 3765 ipse
1932 3695 2071 3764 apud

2177 3701 2483 3772 ἀνθράκων.
2520 3703 2610 3755 Διὸ
2639 3702 2882 3755 λέλεκταί
2910 3719 3027 3754 που·
3069 3722 3087 3752 ι
3118 3701 3418 3771 Ἀνθρακες
3446 3700 3761 3770 ἀνήφθησαν

495 3792 732 3862 Moysem
774 3792 914 3861 ignis
973 3805 1307 3845 consumens
1375 3790 1554 3845 dictus
1607 3798 1740 3844 est:
1783 3799 1947 3858 atque
2019 3789 2070 3841 in

2177 3794 2272 3846 ἀπ’
2307 3793 2488 3846 αὐτοῦ.
2532 3813 2550 3844 ι
2605 3794 2714 3846 Καὶ
2741 3796 2768 3846 6
2805 3794 2936 3856 Θεὸς
2961 3793 3017 3846 δέ
3052 3793 3210 3855 αὐτὸς
3239 3794 3385 3861 παρά
3415 3794 3618 3862 Μωῦσῇ
3655 3791 3762 3862 πῦρ

497 3881 810 3950 Evangeliis
863 3880 1124 3936 Servator
1171 3880 1377 3934 dicitur
1429 3879 1716 3950 baptimre
1761 3879 1813 3932 in
1868 3878 2072 3948 Spiritu

2178 3885 2571 3939 καταναλίσκον
2607 3887 2838 3956 εἴρηται·
2869 3886 2960 3938 καὶ
2987 3884 3174 3956 Σωτὴρ
3206 3885 3262 3936 ἐν
3289 3884 3637 3952 Εύαγγελίοις
3666 3884 3763 3953 βα·-

495 3982 686 4028 sancto
721 3972 776 4025 et
830 3971 976 4041 igne.
1013 3970 1108 4025 llis
1157 3986 1320 4040 porro
1355 3971 1608 4034 omnibus
1629 3972 1944 4037 edocemur,
1982 3987 2075 4025 ne-

2180 3979 2367 4030 πτίςαι
2409 3979 2465 4030 ἐν
2510 3978 2789 4049 Πνεύματι
2832 3979 2972 4049 ἁγίῳ
3014 3979 3108 4032 κα)⁸
3157 3979 3290 4049 πυρὶ
3325 3977 3762 4058 μεμαρτύρηται·

496 4064 697 4116 minem
724 4077 900 4131 posse,
937 4061 1042 4116 nisi
1079 4076 1174 4130 per
1204 4061 1451 4115 divinum
1475 4061 1673 4131 ignem,
1699 4062 2073 4116 remissionem

2179 4069 2266 4121 διὰ
2296 4070 2500 4123 τούτων
2533 4071 2787 4124 ἀπάντων
2821 4071 3165 4133 παιδεύοντος
3196 4071 3341 4140 ἡμᾶς
3365 4070 3458 4123 τοῦ
3495 4070 3652 4138 λόγου
3691 4069 3764 4141 μὴ

500 4166 851 4227 peccatorum
898 4154 1182 4225 consequi.
1261 4152 1457 4208 Merito
1507 4153 1691 4223 itaque
1752 4162 1934 4208 tantus
1988 4152 2076 4212 ille

2180 4161 2352 4225 ἄλλως
2396 4161 2653 4216 δύνασθαί
2681 4181 2802 4217 τινα
2849 4166 3031 4234 τυχεῖν
3076 4164 3321 4232 ἀφέσεως
3357 4163 3765 4234 ἁμαρτημάτων

495 4249 756 4318 propheta
813 4251 1050 4303 carbone
1106 4246 1250 4315 ignis
1297 4255 1576 4316 purgatur.
1631 4247 1888 4312 Qumnam
1943 4260 2079 4300 vero

2179 4253 2212 4324 ἢ
2261 4254 2347 4306 διὰ
2391 4254 2484 4308 τοῦ
2512 4255 2653 4308 θείου
2688 4257 2879 4327 πυρός.
2933 4257 3171 4319 Εἰκότως
3195 4252 3284 4309 οὖν
3317 4258 3408 4310 καὶ
3451 4259 3479 4309 6
3518 4256 3766 4318 τοσοῦτος

499 4340 818 4409 iniquitates
873 4350 928 4394 et
967 4349 1191 4409 peccata
1249 4338 1577 4393 auferuntur
1617 4339 1684 4392 ab
1726 4351 1811 4402 eo,
1861 4337 1963 4390 nisi
2012 4352 2073 4390 ea

2181 4348 2467 4418 προφήτης
2496 4347 2563 4400 δι’
2596 4347 2868 4419 ἄνθρακος
2916 4348 3085 4419 πυρὸς
3136 4349 3470 4418 καθαίρεται.
3516 4349 3682 4410 Ποίας
3711 4349 3767 4400 δὲ

498 4433 698 4502 quibus
752 4431 953 4502 repleta
1016 4431 1155 4487 labia
1218 4445 1315 4484 sua
1382 4445 1504 4485 esse
1555 4428 1894 4484 confitetur?
1946 4428 2076 4484 Post

2179 4437 2408 4508 ἀνομίας
2436 4439 2528 4491 καὶ
2558 4439 2830 4508 ἁμαρτίας
2878 4438 3190 4509 ἀφαιρεῖται
3216 4439 3248 4509 ἣ
3282 4433 3355 4491 ὧν
3383 4440 3451 4492 τὰ
3484 4439 3633 4509 χείλη
3668 4439 3764 4490 αύ-

500 4534 778 4596 peractam
819 4539 948 4577 vero
995 4539 1180 4578 eorum
1210 4522 1621 4592 purgationem,
1673 4532 2075 4590 consequenter
2108 4541 2134 4598 ί

2131 4541 2153 4595 )
2179 4525 2273 4578 τοῦ
2309 4527 2698 4600 πεπληρῶσθαι
2725 4527 3008 4599 ὁμολογεῐ;
3039 4529 3189 4581 Μετά
3217 4530 3271 4581 δὲ
3302 4529 3401 4601 τὴν
3435 4529 3635 4582 τούτων
3667 4529 3765 4581 κά-

500 4633 631 4672 voce
664 4617 903 4673 sedentis
942 4617 997 4670 in
1034 4616 1225 4670 throno
1263 4615 1532 4684 dignatur,
1581 4628 1684 4684 qua
1723 4613 1960 4668 dicitur:

2183 4619 2396 4690 θαρσιν,
2422 4619 2727 4684 ἀκολούθως
2761 4621 2854 4673 καὶ
2885 4623 3033 4692 φωνῇ
3065 4620 3307 4686 ἀξιοῦται
3335 4621 3427 4675 τοῦ
3462 4623 3767 4692 καθημένου

2184 4712 2277 4764 ἐπὶ
2307 4712 2518 4782 θρόνου,
2551 4712 2706 4779 λεγού
2717 4728 2834 4782 σηςο

577 4802 737 4857 Vens.
780 4802 832 4856 8.
879 4818 898 4852 ι
923 4805 1093 4866 Quem
1126 4797 1384 4854 mittam?
1422 4799 1488 4854 Ει
1509 4800 1630 4868 quis
1657 4798 1757 4855 ibit
1799 4801 1866 4854 ad
1901 4814 2071 4868 popu-

2263 4822 2280 4852 ι
2313 4802 2444 4855 Τίνα
2468 4802 2784 4868 ἀποστελῶ;
2840 4803 2948 4856 Καὶ
2992 4803 3075 4867 τίς
3122 4803 3446 4877 πορεύσεται
3493 4802 3629 4872 πρὸς
3678 4801 3768 4854 τὸν

498 4893 607 4948 lum
638 4892 821 4948 hunc?
857 4892 921 4946 Et
951 4893 1084 4957 dixi,
1112 4893 1250 4949 Ecce
1279 4909 1403 4965 ego,
1427 4893 1578 4948 mitto
1603 4910 1744 4950 me.»
1780 4891 1893 4948 [iac
1918 4908 2072 4960 voce,

2187 4897 2314 4950 λαὸν
2341 4897 2563 4962 τοῦτον;
2611 4898 2722 4950 Καὶ
2765 4893 2911 4950 εἶπα·
2934 4897 3062 4950 Ἰδοὺ
3109 4897 3239 4967 ἐγὼ,
3266 4896 3581 4951 ἀπόστειλον
3615 4913 3702 4966 με.
3746 4913 3763 4946 ι

498 4987 973 5058 ηιιεείηιοτιῐιοιίὶιι
1029 4988 1202 5054 posita
1253 4997 1351 5051 est,
1402 4989 1680 5057 prophetae
1735 4986 2074 5040 alacritatem

2197 4989 2514 5061 Ἐδοκίμαζε
2541 4991 2596 5043 δὲ
2623 4991 2730 5062 ἄρα
2756 4991 2976 5064 τοιαύτῃ
2995 4993 3143 5061 φωνῇ
3173 4990 3352 5060 μέσως
3382 4987 3649 5058 ἀφειμένη
3673 4986 3771 5058 τὴν

499 5086 763 5148 expertus
795 5085 898 5141 est,
942 5087 1000 5130 ut
1031 5077 1075 5133 is
1103 5077 1187 5132 vei
1231 5077 1573 5132 bonisaltem
1624 5076 1887 5146 propositi
1929 5091 2074 5131 mer-

2183 5081 2277 5135 τοῦ
2325 5085 2601 5154 προφήτου
2640 5082 2966 5154 προθυμίαν,
2998 5083 3073 5144 ὡς
3101 5082 3165 5135 ἂν
3201 5081 3298 5152 τῆς
3337 5080 3547 5150 ἀγαθῆς
3579 5095 3769 5149 προαι-

499 5171 684 5224 cedem
754 5170 1041 5240 reciperet.
1104 5169 1512 5237 Quamobrem,
1586 5183 1692 5223 non
1756 5167 2075 5238 imperantis

2187 5175 2388 5246 ρέσεως
2444 5176 2628 5246 μισθὸν
2671 5177 2955 5248 κτήσηται.
2993 5175 3082 5227 Διὸ
3125 5175 3184 5227 ού
3235 5172 3648 5245 προστακτικῶς
3679 5172 3773 5222 αύ-

501 5279 653 5319 more
692 5263 868 5333 ipsum
912 5263 1073 5334 jussit
1125 5264 1309 5326 abire,
1367 5263 1461 5317 sed
1503 5264 1554 5317 in
1605 5261 1782 5316 medio
1805 5263 2076 5317 sermonis

2185 5265 2276 5318 τὸν
2306 5267 2589 5319 ἐκέλευσεν
2615 5267 2851 5320 ἀπιέναι·
2884 5266 3063 5338 μέσως
3090 5264 3144 5317 δὲ
3175 5263 3378 5336 ἠρώτα,
3413 5263 3496 5327 τίς
3530 5262 3612 5334 εἴη
3635 5263 3772 5314 ἕτοι-

502 5357 824 5426 interrogat,
853 5358 976 5426 quis
1004 5357 1075 5411 sit
1106 5356 1172 5410 ad
1203 5357 1254 5409 id
1299 5357 1566 5424 agendum
1607 5365 1853 5425 paratus.

1147 5356 1172 5410 d
1203 5357 1254 5409 id
1299 5357 1566 5424 agendum
1607 5365 1853 5425 paratus.
2191 5375 2288 5429 μος
2321 5359 2480 5412 τοῦτο
2505 5360 2781 5431 πράττειν.

573 5446 738 5503 Vens.
778 5450 831 5504 9.
881 5468 899 5501 ι
928 5449 988 5506 Et
1034 5450 1203 5516 dixit,
1232 5449 1405 5515 Vade,
1464 5457 1518 5502 et
1571 5449 1657 5503 dic
1688 5448 1884 5518 populo
1917 5449 2074 5504 huic:

2265 5469 2283 5501 ι
2316 5453 2425 5504 Καὶ
2475 5447 2612 5504 εἷπε·
2662 5451 2984 5523 Πορεύθητι,
3014 5450 3104 5504 καὶ
3134 5446 3284 5504 εἷπον
3314 5449 3391 5521 τῷ
3431 5448 3542 5519 λαῷ
3574 5445 3767 5516 τούτῳ⁸

501 5540 705 5598 Auditu
735 5543 963 5598 audietis
1015 5551 1068 5597 et
1101 5557 1208 5596 non
1243 5540 1591 5610 intelligetis;
1627 5551 1683 5596 et
1709 5542 2064 5612 respicientes

2187 5543 2350 5614 Ἀκοῇ
2400 5541 2660 5596 ἀκούσετε
2689 5581 2702 5605 ,
2753 5542 2846 5596 καὶ
2880 5542 2942 5594 οὐ
2979 5540 3054 5612 μὴ
3103 5541 3317 5612 συνῆτε
3348 5541 3439 5593 καὶ
3484 5536 3771 5609 βλέποντες

577 5727 623 5759 δ’
653 5727 842 5781 Matth.
883 5743 934 5793 v,
962 5731 1015 5783 8.
1093 5728 1138 5758 ³ο
1163 5726 1304 5780 Psal.
1333 5742 1465 5790 xui,
1492 5729 1545 5784 9.

589 5821 702 5892 (li)
763 5822 885 5878 llaec
940 5825 1077 5893 apud
1126 5823 1512 5894 Hieronymum
1550 5825 1817 5882 habentur
1844 5826 1896 5882 in
1943 5827 2083 5882 hunc
2124 5828 2319 5885 locum.
