4138 6400
348 373 448 427 ηις)

1315 352 1821 409 COMMENTARIA
1861 352 1926 407 lN
1965 352 2219 408 ISAIAM.
2264 385 2331 395 ——
2368 352 2521 409 CAP.
2564 352 2650 409 Vl.

3507 344 3611 399 1'50

346 481 591 555 βλέψετε,
628 478 717 531 καὶ
756 477 816 529 ού
860 475 935 546 μὴ
967 473 1131 542 ἴδητε.
1177 489 1195 521 ›
1250 471 1382 522 Τίνα
1412 471 1467 522 δὲ
1501 470 1785 541 βλέποντες
1818 468 1935 539 βλέ-

2042 469 2368 537 respicietis,
2416 481 2470 525 et
2510 488 2616 525 non
2663 471 2936 525 videbitis.
2970 487 2991 522 ο
3052 467 3310 534 Quaenam
3363 462 3612 516 videntes

342 578 525 647 ψουσι,
573 571 665 624 καὶ
710 570 854 632 τίνος
905 568 1039 636 ἀκοῇ
1088 564 1432 627 ἀκούσονται,
1469 564 1531 615 οὐ
1562 562 1927 633 παρέστησεν·

346 670 476 739 ἡμῖν
500 661 811 717 καταλιπὼν
840 661 1061 713 σκοπεῖν
1090 662 1153 711 ἐκ
1170 658 1269 727 τῆς
1283 656 1377 709 τοῦ
1405 656 1563 723 λόγου
1592 653 1929 717 ἀκολουθίας,

345 754 609 824 λεγούσης
643 755 745 814 ὅτι,
776 750 975 803 Τοῦτον
1002 750 1058 802 ὃν
1095 750 1159 802 σὺ
1209 747 1461 801 τεθέασαι
1494 746 1719 817 Κύριον,
1751 746 1843 799 καὶ
1874 744 1933 799 ὃν

343 853 454 913 τοῖς
480 851 591 912 σοῖς
617 846 912 917 ὀφθαλμοῖς
952 839 1111 907 εἶδες,
1147 836 1191 895 ὦ
1240 842 1514 913 προφῆτα,
1541 839 1729 892 τοῦτον
1774 840 1868 892 καὶ
1906 841 1935 893 ὁ

343 942 470 1003 λαὸς
503 931 656 1001 οὗτός
687 954 821 990 ποτε
857 934 1067 1003 ὄψεται·
1098 930 1235 985 ἀλλά
1262 931 1354 983 καὶ
1384 930 1484 999 τῆς
1530 928 1712 998 φωνῆς
1741 923 1934 998 ἦςέπὶ

344 1032 439 1084 τοῦ
481 1030 743 1102 παρόντος
774 1028 1039 1097 ἀκήκοας,
1074 1023 1438 1077 ἐπακούσεται
1484 1018 1662 1091 καιρῷ
1694 1036 1797 1072 τινι
1840 1020 1934 1071 καὶ

347 1122 527 1184 αὐτὸς,
569 1122 627 1172 ού
657 1120 762 1190 μὴν
793 1117 887 1170 καὶ
916 1117 1157 1184 συνήσει,
1183 1114 1304 1166 ούδέ
1336 1112 1624 1180 γνώσεται,
1651 1112 1771 1163 οὐδὲ
1808 1110 1931 1179 βου-

344 1213 567 1285 λήσεται
620 1210 783 1264 αὑτοῦ
834 1209 930 1279 τὴν
967 1208 1126 1279 χάριν
1175 1205 1597 1278 παραδέξασθαι.
1652 1204 1846 1272 Σαφῶς
1876 1204 1932 1256 δέ

337 1302 434 1355 -διά
465 1300 667 1355 τούτων
693 1299 789 1369 τὴν
821 1300 899 1361 εἰς
937 1294 1259 1367 ἀνθρώπους
1287 1294 1450 1346 αὑτοῦ
1480 1291 1783 1365 παρουσίαν
1811 1292 1935 1363 ἐδή-

345 1395 459 1447 λου.
933 1461 938 1466 α

423 1506 441 1537 ‹
486 1484 793 1555 Ἐπαχύνθη
832 1482 939 1552 γάρ
980 1484 1013 1552 ὴ
1065 1480 1257 1552 καρδία
1287 1478 1379 1532 τοῦ
1418 1478 1548 1531 λαοῦ
1579 1478 1791 1541 τούτου,
1839 1477 1933 1529 καὶ

348 1583 460 1643 τοῖς
485 1580 616 1631 ὠσὶν
639 1577 814 1631 αὐτῶν
840 1576 1048 1647 βαρέως
1070 1576 1329 1645 ἤκουσαν,
1359 1572 1595 1634 καὶτοὺς
1624 1570 1934 1640 ὀφθαλμοὺς

348 1672 524 1727 αὐτῶν
570 1671 914 1739 ἐκάμμυσαν,
953 1668 1163 1738 μήποτε
1206 1664 1354 1717 ἴδωσι
1405 1667 1517 1725 τοῖς
1558 1661 1873 1731 ὀφθαλμοῖς.
1910 1680 1928 1712 ι

358 1762 418 1815 '0
455 1761 552 1831 μὲν
583 1758 689 1829 γὰρ
719 1757 927 1827 Σωτὴρ,
958 1756 1053 1809 ἅτε
1087 1755 1201 1824 φῶς
1232 1754 1512 1824 ὑπάρχων,
1548 1752 1764 1804 πάντων
1792 1750 1934 1819 ἐφώ-

346 1826 467 1913 τιξε*
502 1826 602 1913 τὰς
628 1826 824 1919 ψυχάς·
862 1826 948 1910 δὼς
979 1848 1074 1899 καὶ
1112 1845 1331 1914 τυφλοῖς
1375 1843 1435 1896 τὸ
1470 1843 1687 1912 βλέπειν
1717 1841 1936 1913 χαρίζε-
1967 1826 2009 1879 Β

348 1940 491 1993 σθαι·
538 1940 586 1992 οἱ
623 1939 678 1991 δὲ
706 1940 833 2001 τοὺς
860 1936 1170 2007 ὀφθαλμοὺς
1206 1933 1391 2005 ἕμυον,
1422 1933 1560 1986 ὥστε
1589 1932 1663 2004 μὴ
1698 1932 1936 2002 βλέπεινο

347 2033 442 2087 καὶ
471 2031 613 2085 οὕτω
645 2030 932 2101 βλέποντες
957 2030 1056 2082 οὐκ
1081 2028 1323 2080 ἔϐλεπον.
1359 2028 1524 2079 Ὅταν
1584 2025 1692 2097 γάρ
1719 2042 1821 2088 τις,
1851 2025 1937 2076 ἐν-

344 2125 602 2186 ατενίσας
618 2124 712 2176 καὶ
738 2122 981 2194 ἀκριϐῶς
1007 2120 1362 2190 θεασάμενος,
1384 2118 1631 2190 ὑπερίδῃ,
1650 2118 1743 2171 καὶ
1768 2134 1938 2171 κατα-

346 2219 594 2288 φρονήσῃ
618 2213 710 2267 τοῦ
742 2213 1045 2283 ὁρωμένου,
1092 2210 1126 2281 ἢ
1182 2210 1329 2281 μύση
1374 2209 1443 2262 τά
1492 2210 1717 2279 ὄμματα
1765 2225 1939 2278 προσ-

348 2306 670 2376 ποιούμενος
716 2306 789 2375 μὴ
836 2304 1162 2374 ἑωρακέναι,
1196 2304 1316 2356 τότε
1348 2302 1558 2372 βλέπων
1583 2302 1683 2355 οὐκ
1713 2296 1841 2354 εἶδε.
1867 2302 1941 2353 Τὸ

355 2399 455 2469 μὲν
485 2396 578 2451 οὖν
606 2398 796 2468 βλέψαι
828 2395 1070 2467 ὑπῆρξεν
1114 2396 1298 2458 αὐτοῖς
1333 2395 1441 2448 ἀπὸ
1466 2394 1566 2463 τῆς
1599 2394 1819 2464 χάριτος
1844 2392 1939 2445 τοῦ

349 2490 629 2559 ὀφθέντος·
661 2490 721 2542 τὸ
748 2488 804 2542 δὲ
846 2487 920 2559 μὴ
951 2489 1079 2541 ἰδεῖν
1106 2486 1451 2558 συμϐέϐηκεν
1489 2488 1599 2540 ἀπὸ
1624 2485 1717 2539 τοῦ
1743 2487 1941 2549 αὐτοὺς

355 2580 522 2651 μῦσαι
544 2581 669 2643 τοὺς
692 2579 901 2632 ἑαυτῶν
923 2577 1254 2648 ὀφθαλμοὺς,
1280 2579 1373 2631 καὶ
1401 2578 1833 2649 προσποιηθῆναι
1866 2578 1940 2650 μὴ

355 2671 593 2741 βλέπειν.
621 2670 778 2722 υῦτω
803 2670 861 2723 δὲ
896 2671 989 2724 καὶ
1014 2671 1151 2739 ἀκοῇ
1184 2670 1370 2722 ἀκούει
1400 2688 1505 2735 τις,
1534 2671 1627 2723 καὶ
1655 2670 1816 2724 πάλιν
1841 2672 1941 2723 οὐκ

351 2760 561 2814 ἀκούει⁹
593 2761 811 2813 ἐπειδὰν
841 2761 917 2833 μὴ
950 2763 1078 2832 συνῇ
1110 2761 1178 2813 τά
1221 2760 1508 2832 λεγόμενα,
1545 2761 1579 2832 ἢ
1616 2762 1743 2817 ὅταν
1767 2780 1943 2834 παρα-

352 2857 490 2926 κούῃ
534 2856 629 2907 καὶ
663 2857 977 2926 καταφρονῇ
1018 2853 1126 2906 τῶν
1173 2852 1501 2923 λεγομένων.
1554 2853 1849 2925 Συμϐαίνει
1882 2854 1940 2907 δὲ

353 2946 531 3011 τοῦτο,
568 2947 786 3001 ἐπειδάν
837 2964 922 3010 τις
971 2946 1040 2999 τὰ
1087 2940 1200 2999 ὦτα
1249 2947 1442 3001 ἑαυτοῦ
1488 2947 1714 3020 βαρύνῃ,
1752 2947 1939 3021 ὥσπερ

350 3032 675 3104 ἀποφράξας
718 3034 811 3086 καὶ
843 3034 1226 3103 ἀποκωφώσας
1275 3037 1435 3090 αὑτά.
1487 3035 1650 3089 Ταῦτ’
1690 3033 1783 3090 οὖν
1824 3037 1943 3090 ἔσε-

2036 560 2320 626 vidcbunt,
2349 570 2403 615 et
2430 577 2682 631 quaenam
2718 564 2903 617 auditu
2943 560 3187 622 audient,
3228 572 3335 611 non
3369 554 3612 608 declara-

2035 653 2135 717 vit,
2165 652 2217 706 id
2246 653 2704 709 considerandum
2750 654 2908 708 nobis
2937 652 3252 720 relinquens
3300 662 3363 701 ex
3401 658 3613 700 sermo-

2035 743 2120 795 nis
2159 742 2322 807 serie,
2347 758 2466 812 quae
2494 742 2576 798 sic
2601 744 2767 799 habet
2805 761 2818 796 :
2847 744 3018 811 Quem
3051 752 3106 795 tu
3150 737 3381 793 intueris
3420 734 3611 789 Domi-

2035 848 2184 898 num,
2220 845 2275 888 et
2317 850 2477 905 quem
2510 836 2642 905 ipsis
2680 836 2850 891 oculis
2886 836 3054 901 vides,
3084 848 3116 887 o
3147 830 3431 902 propheta,
3467 828 3615 881 hunc

2035 934 2089 977 et
2114 925 2201 979 hic
2233 926 2463 995 populus
2490 926 2778 994 aliquando
2804 926 3009 979 videbit
3034 940 3050 989 ;
3084 924 3179 979 sed
3204 923 3367 976 etiam
3400 933 3612 978 vocem,

2036 1030 2196 1085 quam
2242 1027 2295 1072 tu
2331 1018 2385 1071 in
2441 1018 2695 1087 praesenti
2760 1017 3041 1081 audivisti,
3096 1024 3151 1070 et
3206 1015 3321 1084 ipse
3374 1010 3609 1081 quodam

2037 1120 2277 1180 tempore
2309 1111 2491 1164 audiet
2526 1128 2540 1163 :
2574 1124 2749 1181 neque
2779 1118 2961 1163 tamen
2995 1107 3252 1173 intelliget
3295 1106 3381 1159 vel
3414 1117 3617 1172 cogno-

2036 1212 2192 1269 scet,
2249 1216 2425 1270 neque
2495 1203 2725 1273 gratiam
2794 1201 2911 1268 ejus
2969 1200 3245 1268 suscipere
3294 1198 3463 1251 volet.
3524 1194 3618 1249 His

2037 1302 2218 1347 autem
2277 1301 2465 1363 aperte
2524 1309 2683 1348 suum
2737 1293 2803 1346 ad
2860 1292 3110 1347 homines
3144 1292 3435 1345 adventum
3473 1287 3619 1341 indi-

2036 1386 2217 1440 cabat.

2112 1477 2277 1532 Vens.
2319 1477 2407 1532 10.
2475 1478 2895 1549 «Aggravatum
2954 1486 3036 1531 est
3096 1476 3241 1532 enim
3288 1490 3383 1530 cor
3436 1472 3617 1543 pepuli

2039 1566 2219 1636 hujus,
2266 1581 2321 1625 et
2354 1570 2581 1624 auribus
2633 1570 2875 1639 graviter
2928 1568 3259 1631 audierunt,
3320 1576 3377 1621 et
3429 1566 3618 1621 oculos

2038 1675 2165 1713 suos
2194 1661 2543 1726 clauserunt,
2601 1676 2667 1715 ne
2724 1661 2865 1715 forte
2919 1660 3137 1713 videant
3188 1658 3378 1713 oculis.
3413 1675 3432 1709 ι
3482 1655 3616 1709 Nam

2042 1751 2293 1805 Salvator
2341 1752 2563 1821 quidem
2598 1762 2805 1818 noster,
2850 1752 3031 1806 lumen
3064 1765 3184 1804 cum
3231 1750 3322 1814 sit,
3378 1750 3619 1802 omnium

2043 1843 2254 1896 animas
2282 1842 2648 1909 illuminavit,
2700 1845 2773 1898 ita
2815 1854 2873 1897 ut
2912 1851 2966 1897 et
2992 1842 3155 1898 caecis
3182 1840 3360 1894 visum
3393 1839 3622 1909 largire-

2044 1941 2172 1996 tu';
2235 1930 2307 1983 illi
2340 1946 2470 1985 vero
2498 1932 2687 1988 oculos
2727 1932 3074 1995 claudebant,
3112 1940 3172 1985 ut
3202 1946 3309 1986 non
3340 1930 3619 1993 viderent;

2042 2033 2203 2092 atque
2243 2022 2324 2078 sic
2368 2023 2614 2079 videntes
2669 2040 2775 2078 non
2832 2024 3110 2079 videbant.
3149 2024 3282 2077 Cum
3323 2022 3467 2075 enim
3500 2026 3624 2089 quis

2042 2115 2315 2183 intuitus,
2365 2126 2419 2170 et
2471 2132 2530 2171 re
2579 2126 2875 2189 conspecta
2941 2117 3247 2186 diligenter,
3299 2131 3412 2169 rem
3446 2116 3619 2169 visam

2042 2209 2274 2277 despicit
2320 2219 2374 2263 et
2415 2211 2743 2274 contemnit,
2803 2225 2866 2265 ac
2903 2209 3107 2265 claudit
3158 2208 3368 2273 oculos,
3402 2223 3462 2261 se
3511 2223 3619 2262 non

2042 2299 2229 2353 videre
2264 2298 2562 2366 simulans;
2600 2310 2726 2354 tunc
2759 2299 3082 2369 respiciens,
3130 2313 3241 2354 non
3272 2299 3426 2352 vidit.
3466 2296 3621 2364 Quod

2042 2392 2210 2463 igitur
2244 2392 2513 2458 viderent,
2564 2393 2618 2447 id
2661 2408 2726 2448 ex
2774 2394 2951 2462 gratia
3007 2393 3125 2462 ejus
3164 2394 3260 2463 qui
3312 2392 3620 2455 videbatur,

2044 2486 2176 2555 ipsis
2209 2485 2417 2551 inerat;
2461 2487 2601 2555 quod
2638 2498 2819 2541 autem
2870 2504 2976 2541 non
3038 2488 3308 2552 viderent,
3370 2486 3420 2539 id
3456 2500 3522 2539 ex
3556 2502 3622 2539 eo

2043 2578 2295 2633 veniebat
2324 2580 2467 2648 quod
2489 2579 2679 2633 oculos
2707 2578 3062 2644 clauderent,
3112 2590 3166 2634 et
3199 2595 3259 2635 se
3293 2594 3399 2632 non
3435 2580 3623 2632 videre

2042 2668 2391 2723 simularent.
2429 2669 2506 2723 Ita
2538 2669 2747 2738 pariter
2777 2669 2900 2738 quis
2932 2669 3118 2723 auditu
3155 2668 3326 2733 audit,
3353 2678 3408 2725 et
3440 2680 3621 2722 tamen

2043 2774 2152 2813 non
2197 2762 2388 2826 audit;
2446 2761 2664 2831 quando
2700 2775 2762 2815 ea
2813 2776 2934 2829 qua:
2968 2762 3226 2815 dicuntur
3266 2778 3371 2816 non
3420 2761 3623 2816 intelli-

2042 2852 2163 2920 git,
2201 2863 2296 2907 aut
2326 2869 2449 2908 cum
2478 2854 2639 2908 dictis
2672 2869 2777 2908 non
2813 2853 3188 2923 obtemperat,
3225 2868 3399 2922 eaque
3446 2854 3624 2923 despi-

2042 2944 2139 3000 cit.
2193 2944 2309 2999 lloc
2340 2959 2506 3013 porro
2537 2945 2828 3014 contingit,
2880 2960 3003 3000 cum
3036 2946 3158 3014 quis
3187 2961 3347 2999 aures
3371 2959 3501 3000 suas
3527 2962 3622 3015 ago

2042 3046 2253 3105 gravat,
2311 3052 2403 3091 eas
2460 3038 2617 3106 quasi
2679 3039 2942 3092 obturans
2999 3048 3053 3094 et
3107 3038 3300 3092 surdas
3356 3039 3619 3092 ctliciens.

355 3122 478 3176 σθαι
508 3124 633 3192 περὶ
662 3126 753 3178 τὸν
780 3125 889 3179 τῶν
921 3127 1190 3182 Ἰουδαίων
1212 3127 1340 3183 λαὸν
1367 3130 1399 3200 ἡ
1430 3128 1579 3199 φωνὴ
1610 3128 1702 3181 τοῦ
1731 3130 1937 3201 Κυρίου

2045 3123 2171 3178 Haec
2196 3125 2362 3195 igitur
2388 3122 2615 3180 Judaico
2638 3126 2837 3196 pepulo
2876 3126 3057 3181 futura
3102 3142 3244 3194 esse,
3274 3144 3375 3182 vox
3410 3129 3623 3184 Domini

353 3216 658 3271 ἐθέσπισεν.
706 3217 1037 3289 Ἐπληροῦτο
1068 3219 1123 3271 δὲ
1165 3219 1224 3273 τὸ
1265 3220 1424 3291 ἔργον
1467 3220 1557 3273 ἐπὶ
1588 3220 1686 3291 τῆς
1711 3218 1805 3272 τοῦ
1836 3220 1939 3273 Σω-

344 3308 517 3379 τῆρος
550 3309 705 3381 ἡμῶν
741 3310 1054 3382 ἐπιδημίας,
1098 3311 1217 3365 καθ’
1247 3313 1333 3384 ἢν,
1372 3314 1615 3383 παρόντα
1654 3313 1816 3365 αὑτὸν
1844 3314 1940 3381 ὀφ-

356 3400 580 3471 θαλμοῖς
602 3401 854 3472 ὁρῶντες,
882 3403 982 3455 ούκ
1004 3402 1250 3466 ἔϐλεπον,
1283 3404 1379 3457 καὶ
1401 3404 1723 3459 διδάσκοντα
1754 3404 1822 3457 τά
1848 3422 1941 3476 μυ-

346 3493 555 3564 ρια
581 3494 679 3565 τῆς
709 3493 981 3563 βασιλείας
1009 3496 1068 3548 ού
1101 3498 1358 3567 συνῆκαν.

431 3603 449 3634 ι
481 3585 591 3637 Καὶ
639 3581 789 3640 εἶπα·
844 3587 988 3651 Ἕως
1015 3588 1169 3654 πότε,
1204 3589 1411 3660 Κύριε;
1453 3590 1563 3643 Καὶ
1588 3584 1757 3645 εἶπεν·
1797 3591 1941 3655 Ἕως

356 3676 424 3730 ἂν
447 3678 773 3749 ἐρημωθῶσι
793 3680 996 3748 πόλεις,
1022 3700 1040 3732 ι
1078 3683 1173 3735 καὶ
1199 3681 1267 3735 τά
1292 3681 1439 3753 ἑξῆς.
1475 3684 1586 3737 Καὶ
1612 3683 1774 3755 μέχρι
1798 3682 1940 3746 τίνος

356 3770 659 3843 παρατείνῃ
686 3771 747 3823 τὸ
772 3771 1147 3843 ἀρῤώστημα;
1186 3774 1294 3826 Καὶ
1324 3775 1499 3844 ἐρωτᾷ
1520 3773 1711 3842 λέγων’
1746 3791 1764 3824 ι
1795 3774 1942 3835 Ἕως

357 3862 509 3925 πότε,
532 3862 734 3933 Κύριε;
761 3882 778 3913 ι
798 3864 850 3915 τί
884 3866 991 3935 γὰρ
1008 3864 1161 3917 ἔσται
1189 3866 1340 3929 τέλος
1363 3866 1462 3935 τῆς
1491 3865 1749 3937 τοιαύτης
1766 3864 1940 3918 αὐτῶν

357 3952 619 4021 ἀϐλεψίας
649 3953 760 4023 (l3)
783 3970 797 4018 ;
839 3955 1098 4024 Σημαίνει
1124 3953 1217 4009 οὖν
1236 3956 1323 4010 διὰ
1351 3957 1554 4009 τούτων
1580 3958 1678 4028 τὴν
1696 3956 1944 4010 ἐπελθοῦ-

358 4060 457 4095 σαν
474 4041 695 4113 πρὼτην
725 4043 829 4096 ὑπὸ
866 4043 1150 4114 Ῥωμαίων
1172 4045 1248 4116 τῷ
1264 4047 1413 4117 τόπῳ
1440 4047 1774 4119 πολιορκίαν,
1805 4047 1943 4119 μετά

355 4138 428 4191 τὰ
450 4137 593 4192 κατὰ
615 4138 707 4191 τοῦ
732 4139 982 4210 Σωτῆρος
1012 4140 1194 4203 αὐτοῖς
1214 4140 1575 4211 τολμηθέντα,
1603 4141 1725 4195 καθ’
1745 4143 1810 4213 ἢν
1834 4141 1941 4202 τῶν

368 4230 635 4284 Ἰουδαίων
660 4229 906 4283 πλεῖσται
933 4230 1117 4293 πόλεις
1140 4232 1231 4284 ἐπὶ
1260 4231 1658 4303 αὐτοκράτορος
1688 4234 1939 4285 Οὐεσπα-

360 4322 544 4375 σιανοῦ
586 4321 874 4397 δῃωθεῖσαι
902 4322 1127 4392 ἀφανεῖς
1154 4323 1433 4386 παντελῶς
1460 4324 1818 4395 κατέστησαν’
1866 4324 1941 4387 ὡς

360 4416 495 4486 μηδέ
525 4416 744 4487 μνήμην
769 4414 946 4469 αὐτῶν
979 4414 1115 4487 μηδέ
1139 4415 1307 4487 ὄνομα
1334 4415 1759 4488 περιλείπεσθαι.
1786 4414 1942 4469 Οῦτω

2047 3219 2393 3273 vaticinatur.
2426 3218 2707 3288 lmpletum
2743 3231 2924 3273 autem
2968 3219 3098 3273 illud
3141 3219 3245 3274 fuit
3294 3221 3345 3274 in
3386 3222 3625 3276 adventu

2043 3310 2346 3365 Salvatoris
2374 3310 2573 3375 nostri,
2602 3326 2732 3379 quo,
2770 3311 2896 3365 dum
2921 3322 3243 3380 prmsentem
3266 3308 3419 3365 illum
3450 3314 3626 3367 oculis

2042 3412 2351 3468 cernerent,
2401 3419 2509 3457 non
2562 3403 2850 3468 videbant,
2909 3413 2963 3457 et
3025 3403 3314 3459 docentem
3366 3407 3624 3474 mysteria

2044 3497 2216 3564 regni,
2248 3510 2351 3549 non
2382 3494 2774 3577 intelligebant.

2115 3590 2281 3645 Vens.
2339 3590 2429 3644 ll.
2497 3589 2612 3644 «Et
2672 3589 2803 3653 dixi,
2863 3589 3179 3660 Usquequo,
3239 3591 3500 3645 Domine?
3558 3591 3627 3649 Et

2042 3679 2201 3743 dixit,
2232 3681 2414 3733 Donec
2457 3678 2773 3732 desolentur
2805 3679 3082 3743 civitates,
3114 3697 3132 3729 ›
3164 3690 3273 3732 etc.
3310 3680 3374 3731 Et
3426 3695 3626 3748 usque-

2042 3789 2148 3842 quo
2178 3770 2393 3825 durabit
2420 3769 2708 3824 inﬁrmitas
2730 3770 2753 3822 ?
2779 3768 3086 3839 lnterrogat
3112 3771 3319 3833 dicens,
3358 3789 3375 3821 ι
3405 3770 3592 3840 Usque

2043 3877 2175 3931 quo,
2207 3862 2479 3916 Domine?
2514 3881 2531 3911 ι
2565 3861 2687 3929 quis
2722 3861 2865 3914 enim
2887 3859 3008 3913 finis
3035 3863 3137 3913 erit
3173 3860 3481 3928 lmjusmodi
3506 3864 3625 3916 illo-

2045 3969 2162 4006 rum
2207 3953 2513 4007 cazcitatis?
2558 3952 2656 4007 His
2708 3952 2852 4006 enim
2919 3951 3189 4019 signiﬁcat
3244 3954 3474 4022 primam
3524 3957 3627 4009 sub

2045 4044 2304 4099 Romanis
2340 4044 2581 4099 futuram
2633 4043 2735 4099 loci
2787 4044 3151 4111 obsidionem,
3199 4057 3321 4115 p05t
3364 4046 3505 4100 edita
3557 4050 3625 4100 ab

2044 4137 2177 4207 ipsis
2211 4146 2398 4191 contra
2431 4136 2774 4192 Salvatorem
2807 4136 3055 4191 facinora
3088 4156 3101 4191 :
3129 4153 3235 4207 qua
3288 4138 3469 4191 multa:
3522 4139 3622 4193 Ju-

2045 4229 2283 4284 daeorum
2309 4230 2563 4284 civitates
2592 4231 2692 4284 sub
2724 4229 3062 4298 Vespasiano
3088 4231 3420 4299 imperatore
3446 4240 3626 4283 vasta-

2048 4332 2134 4387 ιω,
2167 4321 2281 4377 solo
2326 4323 2549 4392 penitus
2588 4332 2816 4391 aequata:
2850 4331 3009 4386 sunt,
3068 4322 3140 4375 ita
3187 4331 3243 4374 ut
3290 4337 3475 4375 earmn
3526 4338 3626 4375 nec

2046 4414 2310 4468 memoria
2364 4430 2464 4469 nec
2514 4429 2711 4469 nomen
2777 4413 3193 4482 relinqueretur.
3252 4412 3384 4467 Cum
3442 4423 3623 4467 autem

360 4524 477 4570 πως
511 4506 744 4577 ἐρημίαν
774 4506 1009 4576 παντελῆ
1070 4507 1530 4577 προαγορεύοντος
1593 4506 1684 4560 τοῦ
1743 4507 1901 4575 λόγου
1925 4546 1939 4571 ,

2048 4508 2417 4561 omnimodam
2464 4504 2857 4559 desolationem
2900 4519 3081 4559 sermo
3113 4505 3406 4575 significet,
3445 4508 3624 4559 couti-

360 4598 663 4670 ἐπληροῦτο
686 4599 741 4652 δέ
767 4600 859 4652 καὶ
882 4597 1019 4670 αῦτη
1049 4599 1190 4652 κατά
1220 4601 1345 4661 τοὺς
1386 4599 1666 4673 Ἀδριανοῦ
1698 4600 1941 4671 χρόνους,

360 4693 479 4746 καθ’
508 4692 599 4755 οὒς
626 4691 885 4759 δευτέραν
916 4690 1309 4761 ὑπομείναντες
1347 4691 1585 4744 Ἰουδαῖοι
1606 4690 1941 4761 πολιορκίαν,

360 4786 441 4847 εἰς
470 4783 628 4837 τοῦτο
655 4783 716 4836 τὸ
761 4781 929 4836 κακὸν
957 4782 1341 4855 περιέστησαν,
1384 4783 1459 4845 ὡς
1499 4783 1683 4853 νόμοις
1714 4782 1806 4835 καὶ
1832 4782 1947 4835 δια-

359 4878 631 4949 τάγμασιν
660 4878 1140 4947 αύτοκρατορικοῖς
1172 4876 1305 4946 μηδέ
1336 4875 1396 4940 ἐξ
1422 4876 1667 4929 ἀπόπτου
1694 4874 1792 4946 τὴν
1821 4875 1946 4946 ἐρη-

362 4965 491 5034 μίαν
515 4964 615 5034 τῆς
640 4963 849 5017 ἑαυτῶν
873 4962 1254 5035 μητροπόλεως
1284 4964 1506 5035 θεωρεῖν
1528 4962 1938 5036 ἐπιτρέπεσθαι.

436 5078 456 5110 ‹
503 5061 612 5112 Καὶ
643 5058 778 5131 μετὰ
809 5058 981 5113 ταῦτα
1033 5061 1300 5129 μακρυνεῖ
1326 5061 1354 5112 ὁ
1387 5059 1518 5124 Θεὸς
1548 5061 1677 5123 τοὺς
1726 5057 1938 5130 ἀνθρώ-

365 5169 520 5216 πους,
552 5153 646 5204 καὶ
669 5152 717 5205 οἱ
748 5151 1195 5221 καταλειφθέντες
1222 5150 1686 5222 πληθυνθήσονται
1718 5152 1811 5203 ἐπὶ
1839 5155 1938 5225 τῆς

359 5243 483 5313 γῆς.
519 5244 629 5296 Καὶ
662 5244 735 5297 ἐτ’
768 5246 853 5297 ἐπ’
892 5244 1061 5315 αὐτῆς
1109 5245 1223 5297 ἐστι
1259 5244 1319 5297 τὸ
1357 5244 1694 5299 ἐπιδέκατον.
1740 5266 1757 5297 ι
1794 5245 1938 5315 Σύμ-

364 5351 537 5406 μαχος
573 5334 799 5400 ἐξέδωκε
819 5353 831 5366 ·
873 5356 891 5389 ‹
939 5337 1171 5407 Μακράν
1203 5338 1421 5409 ποιήσει
1456 5336 1659 5408 Κύριος
1687 5338 1813 5402 τοὺς
1844 5338 1938 5390 ἀν-

362 5425 634 5497 θρώπους.
691 5444 710 5477 ι
746 5428 1006 5498 Σημαίνει
1045 5427 1155 5499 γὰρ
1189 5426 1218 5479 ὁ
1250 5425 1405 5495 λόγος
1447 5425 1536 5481 διὰ
1577 5426 1676 5496 τῆς
1726 5424 1939 5478 τοιᾶσδε

359 5520 476 5579 τοῦ,
501 5539 517 5571 ι
536 5522 827 5590 μακρυνεῖ,
855 5542 872 5570 ι
894 5520 1207 5590 ἑρμηνείας,
1224 5521 1393 5590 ῆγουν
1406 5515 1521 5581 τοῦ,
1544 5535 1562 5568 ι
1586 5515 1805 5589 μακρὰν
1819 5533 1941 5569 ποι-

363 5611 507 5682 ήσει,
544 5632 561 5662 ι
586 5610 653 5682 ἢν
697 5609 837 5663 κατά
863 5610 953 5663 τὸν
991 5611 1149 5665 αὑτὸν
1185 5611 1377 5681 χρόνον
1416 5609 1715 5680 ὑπέμειναν
1736 5610 1939 5679 αἰχμα-

2046 4600 2123 4668 git
2151 4608 2207 4651 et
2232 4598 2319 4650 illa
2350 4595 2575 4649 Adriani
2637 4606 2904 4665 tempore,
2943 4612 3067 4651 cum
3102 4594 3295 4663 Judaei,
3331 4600 3624 4652 secundam

2045 4691 2184 4761 passi
2236 4689 2595 4751 obsidionem,
2659 4689 2713 4742 in
2763 4697 2972 4742 tantum
3014 4689 3345 4743 calamitatis
3393 4689 3627 4744 devene-

2044 4792 2190 4844 runt,
2218 4792 2274 4833 ut
2305 4780 2517 4850 legibus
2558 4790 2611 4833 et
2648 4778 2820 4846 jussis
2860 4781 3265 4849 imperatoriis,
3301 4797 3367 4835 ne
3403 4783 3626 4852 quidem

2046 4873 2233 4943 procul
2269 4871 2588 4940 metropolis
2630 4886 2742 4926 suae
2781 4873 3095 4927 vastitatem
3128 4874 3447 4943 conspicere
3496 4890 3623 4944 per-

2052 4964 2420 5043 mitterentur.

2124 5054 2286 5111 Vsns.
2332 5057 2417 5110 l2.
2466 5075 2485 5108 ι
2520 5056 2583 5110 Et
2629 5065 2815 5125 postea
2864 5056 3144 5128 elongabit
3177 5057 3317 5112 Deus
3354 5058 3621 5123 homines,

2048 5157 2103 5203 et
2136 5149 2229 5217 qui
2272 5148 2444 5203 relicti
2492 5148 2699 5203 fuerint
2742 5148 3256 5217 multiplicabuntur
3307 5164 3469 5218 super
3517 5160 3625 5203 ter-

2051 5255 2185 5295 ram.
2219 5241 2285 5295 Et
2314 5242 2493 5297 adhuc
2526 5258 2690 5313 super
2720 5258 2841 5298 eam
2874 5252 2958 5296 est
2990 5243 3298 5297 decimatio.
3324 5261 3343 5294 ι
3378 5242 3629 5312 Symma-

2047 5334 2184 5388 chus
2226 5335 2430 5400 edidit,
2491 5352 2510 5386 ι
2542 5334 2727 5406 Longe
2775 5335 2943 5389 faciet
2987 5335 3246 5388 Dominus
3302 5335 3571 5391 homines.
3602 5357 3623 5392 ι

2048 5425 2163 5481 Hac
2214 5426 2701 5497 interpretatione,
2767 5445 2783 5477 σ
2816 5426 3130 5497 elongabit,
3168 5447 3186 5479 ι
3253 5426 3367 5480 sive
3427 5445 3444 5478 ι
3474 5426 3633 5497 longe

2046 5516 2230 5579 faciet,
2265 5538 2284 5572 ι
2315 5502 2515 5574 indicat
2547 5520 2827 5591 Scriptura
2865 5519 3237 5589 captivitatem
3268 5517 3437 5584 illam,
3468 5536 3631 5588 quam

2049 5626 2115 5665 eo
2149 5611 2262 5679 ipso
2292 5621 2535 5685 tempore
2564 5612 2850 5669 multitudo
2893 5610 3130 5667 Judaica‘
3156 5611 3334 5681 gentis
3374 5626 3629 5681 perpesu

434 5792 549 5866 (t3)
588 5744 717 5859 llaec
752 5792 878 5846 item
921 5793 974 5845 in
1016 5788 1331 5860 Hieronymi
1370 5790 1797 5859 Commentario,
1847 5789 1937 5847 sed
1978 5786 2245 5861 pluribus.
