4138 6446
533 341 628 396 131

1209 335 1480 394 EUSEBII
1517 331 2005 392 CESARIENSIS
2043 328 2196 385 ΟΡΡ.
2236 329 2421 387 PARS
2455 331 2548 388 lli.
2588 360 2657 371 —
2694 325 3110 385 EXEGETICA.

3693 325 3799 378 1ῧὲ

531 470 641 522 est,
669 473 885 514 necnon
925 455 1316 526 dispersionem
1349 454 1493 507 illam
1527 468 1657 522 qua,
1686 451 1813 505 dum
1842 448 2094 503 instanti-

2205 446 2407 502 λωσίαν
2453 447 2514 500 τὸ
2569 444 2773 516 πλῆθος
2822 444 2917 498 τοῦ
2983 444 3251 498 Ἰουδαῖων
3307 444 3509 509 ἔθνους,
3557 444 3649 499 καὶ
3708 442 3800 495 τὸν

534 551 640 605 bus
669 549 1077 603 calamitatibus
1116 562 1177 601 se
1215 548 1579 614 proripereut,
1615 542 1915 611 disgregati
1953 548 2101 593 sunt.

535 661 556 692 ε
593 641 813 696 Residui
869 654 995 694 vero
1048 637 1551 705 multiplicabuntur
1582 649 1753 703 super
1797 643 1998 687 terram
2034 650 2052 682 ι
2087 648 2101 684 :

531 734 623 789 alii
649 734 859 788 scilicet
888 747 918 786 a
951 731 1160 799 primis.
1184 729 1285 783 'l‘ot
1315 738 1495 782 autem
1528 740 1762 780 numero
1789 726 1888 792 ipsi
1920 732 2101 788 erunt,

529 837 615 889 ut,
660 841 781 878 cum
815 824 1002 894 primis
1027 820 1350 891 comparati,
1382 818 1566 874 multis
1604 818 1850 887 partibus
1883 816 2101 871 illorum

529 916 932 970 multitudinem
963 922 1242 984 superent.

1124 1089 1353 1147 CAPUT
1399 1089 1503 1145 VII.

593 1185 756 1241 Vsus.
799 1183 915 1239 1-5.
961 1202 981 1236 ι
1012 1183 1078 1237 Ει
1125 1183 1331 1238 facwm
1363 1193 1449 1238 cst
1475 1183 1529 1236 in
1556 1180 1745 1237 diebus
1779 1181 1962 1237 Acha:
2006 1179 2101 1235 lilii

521 1274 816 1339 Joatham,
873 1273 970 1328 lilii
1009 1273 1160 1329 Ozia-
1190 1275 1333 1345 regis
1379 1272 1516 1327 Juda
1544 1313 1561 1336 ,
1607 1268 1853 1327 ascendit
1899 1271 2101 1326 Raasin

522 1382 619 1421 rex
649 1367 839 1429 Aram,
884 1375 939 1421 et
992 1364 1207 1419 Phacee
1255 1364 1396 1419 lilius
1433 1363 1694 1418 Romeliae
1723 1377 1818 1417 rex
1848 1360 2015 1416 Israel
2045 1363 2101 1416 in

519 1457 848 1524 Jerusalem,
909 1455 976 1511 ad
1026 1456 1383 1526 praeliandum
1436 1463 1623 1510 contra
1679 1469 1842 1508 eam:
1881 1462 1938 1507 et
1994 1467 2100 1507 non

519 1557 820 1618 potuerunt
869 1549 1122 1604 obsidere
1164 1564 1308 1604 eam.
1364 1548 1432 1603 Et
1478 1546 1875 1601 nuntiaverunt
1916 1543 2101 1599 domui

2205 538 2598 607 διασκεδασμὺν
2626 538 2686 590 ὃν
2718 536 3173 608 διεσκεδάσθησαν
3205 536 3497 606 φεύγοντες
3537 536 3639 600 τάς
3669 538 3793 590 επι-

2206 631 2463 701 κειμένας
2491 630 2677 693 αὐτοῖς
2708 629 3009 700 συμφοράς.
3047 648 3065 679 ι
3106 631 3215 682 Καὶ
3249 632 3297 681 οἱ
3334 624 3793 697 καταλειφθέντες

2202 724 2261 778 δὲ
2294 721 2759 793 πληθυνθήσονται
2788 722 2881 774 ἐπὶ
2909 720 3012 789 τῆς
3042 720 3146 790 γῆς
3165 737 3177 750 ·
3226 739 3244 770 ι
3280 720 3458 791 ἕτεροι
3486 721 3637 783 ὄντες
3682 720 3791 772 τῶν

2204 816 2507 888 προτέρων.
2540 813 2797 868 Τοσοῦτοι
2842 814 2899 867 δὲ
2926 808 3070 867 οὗτοι
3103 812 3337 875 ἔσονται,
3371 812 3468 878 ὡς,
3504 809 3788 883 παραϐαλ-

2202 907 2463 979 λομένους
2489 906 2685 970 αὐτοὺς
2712 908 2826 968 τοῖς
2857 904 3125 977 πρώτοις,
3160 901 3622 976 πολλοστημόριον
3649 900 3789 956 εἶναι

2203 996 2517 1068 νομίζεσθαι
2542 996 2636 1050 τοῦ
2664 996 2887 1049 ἐκείνων
2915 996 3171 1067 πλήθους.

2735 1088 3131 1141 ΚΕΦΑΛΑΙΟΝ
3176 1086 3251 1141 Z'.

2278 1200 2297 1233 t
2328 1180 2440 1235 Καὶ
2468 1179 2683 1251 ἐγένετο
2703 1196 2758 1233 εν
2781 1182 2899 1242 ταῖς
2927 1178 3163 1251 ἡμέραις
3197 1178 3366 1250 Ἀχὰζ
3391 1179 3482 1234 τοῦ
3523 1182 3785 1256 Ἰωάθαμ,

2200 1274 2296 1328 τοῦ
2316 1273 2433 1328 υἱοῦ
2470 1273 2642 1339 Ὀζίου
2671 1270 2935 1343 βασιλέως
2970 1270 3161 1335 Ἰούδα,
3197 1270 3364 1343 ἀνέϐη
3404 1271 3662 1327 Ῥαασσὶν
3692 1271 3787 1344 βαρ

2204 1368 2385 1432 σιλεὺς
2435 1366 2634 1438 Ἀράμ,
2666 1366 2761 1420 καὶ
2808 1362 2985 1419 Φακέε
3029 1366 3143 1429 υἱὸς
3201 1363 3497 1436 Ῥωμελίου
3531 1365 3786 1436 βασιλεὺς

2214 1458 2428 1531 Ἰσραὴλ
2458 1458 2550 1511 ἐπὶ
2587 1457 2963 1529 Ἰερουσαλὴμ.
2993 1456 3298 1527 πολεμῆσαι
3327 1457 3500 1527 αὐτην
3520 1473 3533 1487 ·
3565 1458 3658 1510 καὶ
3686 1458 3786 1512 οὐκ

2199 1550 2540 1622 ἠδυνήθησαν
2583 1545 2943 1621 πολιορκῆσαι
2981 1549 3172 1617 αὐτήν.
3223 1548 3333 1601 Kai.
3383 1549 3663 1619 ἀνηγγέλη
3703 1551 3783 1614 εἰς

520 1640 693 1697 David
726 1641 971 1697 dicentes
998 1657 1012 1694 :
1039 1640 1523 1696 ConsensitAram
1558 1653 1682 1692 cum
1723 1637 2003 1707 Ephraim,
2049 1646 2094 1690 et

2199 1641 2291 1695 τὸν
2318 1636 2464 1695 οἶκον
2492 1640 2676 1705 Δαυῖδ,
2710 1640 2959 1708 λέγοντες
2978 1658 2990 1670 ·
3024 1636 3411 1712 Συνεφὼνησεν
3439 1641 3615 1710 Ἀρὰμ
3650 1642 3784 1712 πρὸς

521 1735 828 1803 stupefacta
875 1741 960 1786 est
1009 1732 1191 1787 anima
1236 1732 1378 1802 ejus,
1426 1740 1483 1786 et
1531 1732 1709 1783 anima
1749 1729 1929 1799 populi
1959 1729 2099 1797 ejus,

523 1828 669 1880 sicut
700 1825 897 1896 lignum
941 1828 995 1882 in
1046 1826 1178 1882 silva
1227 1839 1259 1878 a
1310 1831 1473 1877 vento
1523 1830 1791 1876 movetur.
1853 1819 1918 1874 Et
1965 1819 2102 1873 dixit

524 1917 787 1973 Dominus
814 1919 880 1973 ad
931 1917 1147 1981 Isaiam,
1179 1916 1453 1986 Egredere
1475 1915 1529 1968 in
1568 1927 1857 1967 occursum
1891 1910 2097 1975 Achat,

523 2020 585 2067 tu
630 2021 687 2067 et
730 2012 822 2082 qui
883 2010 1173 2066 derelictus
1223 2017 1308 2063 est
1343 2005 1513 2062 Jasub
1554 2005 1695 2059 lilius
1740 2013 1883 2057 tuus.
1914 2022 1935 2055 ι
1994 2002 2100 2056 Par

523 2100 722 2172 quippe
755 2109 963 2157 eratut
1002 2099 1278 2169 prophetae
1319 2097 1498 2160 ﬁlius,
1550 2095 1641 2164 qui
1690 2108 1796 2148 non
1830 2109 1935 2147 una
1973 2108 2095 2146 cum

521 2192 720 2263 populo
751 2200 1066 2261 corruptus,
1094 2192 1187 2245 sed
1231 2198 1472 2258 paterna
1497 2186 1762 2241 doctrinae
1792 2194 1951 2239 tenax
1982 2184 2096 2236 fue-

518 2294 628 2349 rat,
664 2282 792 2338 hinc
823 2297 1061 2353 presens
1088 2280 1465 2337 institueretur
1487 2293 1516 2333 a
1540 2286 1714 2347 patre,
1746 2292 1869 2333 cum
1898 2276 2092 2332 ﬁducia

517 2373 830 2434 accedente.
857 2388 921 2427 ac
939 2371 1091 2443 iussa
1108 2378 1459 2440 exsequente.

597 2555 758 2609 Vsus.
799 2554 854 2609 4.
899 2574 918 2607 ι
941 2554 1008 2610 Ει
1039 2554 1185 2608 dices
1211 2553 1282 2618 ei,
1319 2550 1465 2607 Cave
1506 2559 1567 2607 ut
1593 2552 1867 2621 quiescas,
1928 2559 1984 2605 et
2029 2564 2095 2604 ne

518 2646 739 2710 timeas,
771 2660 949 2715 neque
974 2645 1280 2699 inlirmetur
1305 2643 1490 2697 anima
1516 2652 1603 2694 tua
1630 2658 1660 2696 a
1697 2643 1907 2697 duobus
1937 2640 2096 2710 lignis

519 2736 803 2792 titionibus
826 2737 1217 2806 fumigantibus
1245 2734 1327 2788 his
1358 2775 1375 2799 ,
1405 2752 1426 2786 ι
1470 2735 1669 2804 quibus
1708 2734 1844 2787 nihil
1878 2734 2096 2789 luminis

518 2827 671 2895 insit,
700 2828 790 2880 sed
817 2826 911 2895 qui
941 2826 1215 2881 exstincto
1258 2823 1437 2878 titioni
1469 2834 1678 2878 tantum
1726 2823 1930 2878 similes
1963 2824 2091 2877 sint.

517 2916 837 2987 Huiusmodi
868 2918 1066 2987 quippe
1096 2925 1221 2971 sunt
1247 2917 1354 2971 duo
1378 2917 1451 2971 illi
1482 2931 1658 2985 reges,
1688 2929 1922 2985 quorum
1948 2921 2091 2968 metu

517 3017 575 3062 et
622 3007 909 3062 formidine
952 3007 1173 3061 teneris.
1219 3005 1443 3061 Etiamsi
1491 3006 1637 3060 enim
1692 3006 1778 3059 vis
1829 3005 1917 3058 illa
1976 3019 2090 3059 mea

2200 1734 2291 1787 τὸν
2334 1732 2603 1805 Ἐφρατμ’
2639 1733 2735 1785 καὶ
2757 1728 2948 1801 ἐξέστη
2976 1732 3008 1802 ἡ
3047 1732 3190 1801 ψυχὴ
3224 1731 3412 1791 αὐτοῦ,
3449 1731 3540 1784 καὶ
3574 1734 3606 1801 ἡ
3636 1730 3780 1802 ψυχὴ

2199 1820 2293 1877 τοῦ
2324 1822 2454 1877 λαοῦ
2486 1822 2672 1885 αὑτοῦ,
2699 1822 2758 1874 δν
2782 1820 2982 1892 τρόπον
3006 1819 3063 1873 ὲν
3085 1820 3276 1892 δρυμῷ
3306 1816 3459 1886 ξύλον
3485 1818 3591 1873 ὑπὸ
3620 1820 3782 1874 πνεύ-

2201 1933 2370 1987 ματος
2422 1914 2673 1984 σαλευθῇ,
2724 1915 2833 1966 Καὶ
2880 1908 3001 1966 εἷπε
3058 1911 3263 1984 Κύριος
3314 1912 3451 1985 πρὸς
3520 1914 3779 1966 Ἡσαΐαν·

2203 2006 2422 2071 Ἔξελθε
2456 2007 2536 2069 εἰς
2559 2004 2882 2075 συνάντησιν
2918 2003 3103 2074 ’Δχάζ,
3131 2005 3195 2058 σὺ
3223 2005 3315 2057 καὶ
3345 2004 3373 2055 ὁ
3404 2000 3783 2072 καταλειφθεὶς

2210 2098 2421 2151 Ἰασοὺϐ
2454 2099 2483 2149 ὁ
2523 2097 2636 2159 uid;
2666 2112 2781 2149 σου.
2823 2115 2840 2146 ι
2882 2095 3029 2148 Ἔδει
3062 2095 3118 2147 δὲ
3150 2095 3243 2146 καὶ
3291 2093 3381 2147 τδν
3423 2094 3538 2146 υἱὸν
3569 2094 3780 2164 προφή-

2194 2207 2311 2252 του,
2361 2190 2435 2259 μὴ
2476 2183 2940 2257 συνδιαφθαρέντα
2983 2185 3062 2255 τῷ
3100 2186 3314 2256 πλήθει,
3350 2185 3781 2254 ὲναπομείναντα

2193 2280 2252 2333 δὲ
2280 2283 2346 2351 τῇ
2393 2282 2626 2351 πατρικῇ
2659 2277 3001 2347 διδασκαλίᾳ,
3051 2277 3450 2348 μαθητεύεσθαι
3483 2275 3542 2340 ἐξ
3570 2276 3778 2329 ἐκείνου

2193 2372 2271 2443 τῷ
2315 2372 2502 2444 πατρὶ,
2545 2372 2634 2425 διά
2657 2368 2750 2424 τοῦ
2798 2373 3045 2442 παρεῖναι
3079 2370 3227 2441 αὐτῷ
3270 2368 3576 2439 θαρσαλέως
3611 2384 3781 2439 προσ-

2198 2465 2328 2518 ιόντι
2354 2465 2448 2531 καὶ
2480 2464 2769 2536 πράττοντι
2797 2464 2864 2516 τά
2893 2462 3244 2534 κελευόμενα.

2272 2576 2290 2608 ι
2332 2558 2440 2611 Kal.
2470 2555 2615 2627 ἐρεῖς
2642 2556 2817 2626 αὐτῷ*
2850 2554 3088 2621 Φύλαξαι
3125 2556 3215 2608 τοῦ
3251 2555 3540 2625 ἡσυχάσαι,
3582 2551 3674 2608 καὶ
3702 2552 3778 2624 μὴ

2197 2648 2385 2716 φοὸοὖ,
2425 2648 2560 2719 μηδὲ
2597 2646 2893 2701 ἀσθενείτω
2923 2649 2955 2717 ἡ
2984 2646 3130 2717 ψυχή
3166 2663 3257 2700 σου
3288 2647 3397 2700 ἀπὸ
3428 2646 3537 2699 τῶν
3569 2647 3661 2699 δύο
3691 2645 3781 2710 ξύ-

2195 2736 2303 2796 λων
2328 2741 2434 2795 τῶν
2458 2739 2630 2793 δαλῶν
2650 2739 2759 2793 τῶν
2784 2738 3197 2810 καπνιζομένων
3217 2737 3441 2803 τούτων,
3479 2758 3497 2790 ι
3526 2737 3778 2809 οὐδαμῶς

2198 2831 2295 2902 μὲν
2327 2830 2441 2900 φῶς
2477 2830 2709 2901 ἑχόντων
2727 2871 2742 2894 ,
2776 2830 2919 2901 δαλῷ
2949 2830 3007 2884 δὲ
3061 2830 3221 2901 μόνον
3253 2829 3569 2901 ἐσϐεσμένῳ
3603 2828 3778 2882 ἐοικό-

2193 2942 2319 2977 των.
2351 2922 2596 2977 Τοιοῦτοι
2622 2920 2731 2996 γάρ
2773 2924 2917 2987 τινές
2946 2921 3085 2976 εἰσιν
3113 2925 3161 2977 οἱ
3190 2923 3284 2976 δύο
3327 2923 3584 2993 βασιλεῖς,
3612 2915 3686 2975 ὧν
3719 2921 3779 2973 ὲν

2194 3015 2344 3088 φόϐῳ
2372 3018 2467 3071 καὶ
2497 3015 2669 3085 ἀγῶνι
2698 3015 3059 3087 καθέστηκας.
3093 3015 3154 3068 Ei
3184 3014 3293 3086 γὰρ
3321 3012 3417 3068 καὶ
3443 3015 3511 3069 τά
3543 3012 3779 3084 μάλιστα

518 3099 935 3171 castigationem
993 3100 1337 3165 immittens,
1414 3114 1579 3168 quam
1634 3099 1768 3152 iram
1821 3098 2092 3167 appellare

2195 3106 2226 3176 ἡ
2261 3104 2577 3179 παιδευτική
2605 3123 2705 3176 μου
2735 3102 2980 3175 δύναμις,
3013 3107 3077 3177 ἦν
3109 3106 3277 3176 ὀργὴν
3303 3105 3596 3158 ἀποκαλεῖν
3621 3103 3779 3157 εἴωθε

518 3192 697 3246 solent
733 3192 911 3246 divina
940 3191 1185 3255 oracula,
1241 3206 1334 3245 vos
1363 3192 1593 3246 antehac
1636 3190 1835 3260 saepius
1875 3192 2091 3243 invase—

517 3287 611 3349 rit,
665 3285 733 3338 ad
787 3282 1215 3338 confutationem
1264 3298 1478 3347 eorum,
1521 3282 1613 3354 qui
1657 3297 1821 3350 penes
1875 3297 1971 3335 vos
2017 3281 2091 3334 dii

514 3376 898 3430 vocabantur:
931 3375 1125 3445 quibus
1159 3389 1256 3429 vos
1300 3375 1521 3444 quidem
1570 3373 1839 3436 lldebatis,
1883 3383 1942 3427 at
1971 3373 2092 3427 illos

516 3467 652 3522 nihil
680 3481 800 3522 esse
820 3467 1230 3535 comprobatum
1258 3474 1364 3530 est,
1407 3481 1532 3520 cum
1557 3479 1652 3519 vos
1686 3463 1889 3518 inimici
1923 3463 2090 3519 vestri

514 3558 762 3613 subditos
801 3573 866 3612 ac
897 3557 1175 3612 dedititios
1207 3565 1502 3627 caperent;
1552 3566 1786 3610 attamen
1836 3554 2090 3624 quoniam

418 3650 423 3655 ⁷
514 3649 596 3704 ira
629 3664 745 3704 mea
772 3649 979 3719 iniqua
1021 3665 1127 3704 non
1163 3658 1285 3714 est,
1328 3658 1516 3716 utpote
1563 3649 1736 3702 bonus
1783 3647 1944 3713 Deus,
1998 3645 2091 3715 qui

514 3756 611 3797 vos
642 3749 800 3795 antea
848 3741 915 3795 ad
964 3741 1257 3795 utilitatem
1308 3749 1553 3795 vestram
1609 3739 1890 3809 corripui;
1948 3752 2095 3793 nunc

513 3833 708 3889 iterum
743 3833 1111 3887 inﬁrmitatem
1174 3842 1413 3885 vestram
1471 3840 1640 3885 totam
1691 3831 1919 3894 curabo,
1967 3832 2093 3895 si,a

513 3926 744 4001 pristino
768 3939 957 3980 errore
987 3935 1170 3978 vestro
1196 3923 1581 3993 resipisceutes
1602 3960 1618 3985 ,
1663 3922 1751 3991 pie
1779 3936 1939 3989 agere
1967 3936 2094 3976 vere

514 4017 794 4073 ediscatis.

589 4108 753 4163 Vsus.
795 4106 849 4171 8,
874 4103 927 4163 9.
952 4124 972 4159 ι
995 4104 1100 4162 Sed
1132 4106 1311 4160 adhuc
1335 4104 1617 4177 sexaginta
1643 4104 1880 4174 quinque
1912 4103 2093 4169 annis,

513 4199 730 4257 deﬁciet
772 4213 1001 4269 regnum
1054 4198 1309 4268 Ephraim
1344 4214 1372 4251 a
1407 4198 1623 4267 populo.
1655 4216 1674 4248 ο
1740 4195 1851 4252 Hoc
1888 4197 2019 4251 item
2062 4212 2093 4250 a

513 4293 771 4364 propheta
796 4291 981 4345 Achaz
1014 4291 1233 4356 ediscit,
1287 4305 1392 4342 non
1444 4290 1533 4341 diu
1592 4274 1782 4359 postea
1833 4288 2094 4342 Samaria:

516 4395 736 4452 regnum
765 4381 1079 4435 solvendmn
1126 4394 1247 4436 esse
1268 4421 1283 4446 ,
1316 4379 1533 4433 subdito
1558 4379 1757 4447 populo
1798 4394 1906 4433 una
1964 4393 2089 4432 cum

2192 3195 2265 3250 τά
2309 3196 2483 3265 λόγια,
2532 3194 2797 3268 μετῆλθεν
2848 3197 2991 3266 ὑμᾶς
3024 3194 3084 3248 τὸ
3121 3196 3403 3266 πρότερον,
3438 3196 3518 3258 εις
3558 3193 3781 3264 ἔλεγχον

2190 3289 2298 3341 τῶν
2323 3286 2738 3359 ὀνομαζομένων
2764 3285 2917 3357 ὑμῶν
2946 3286 3105 3349 θεων,
3129 3281 3209 3349 οἷς
3243 3284 3521 3355 ὲθαρσεῐτε
3553 3283 3651 3354 μὲν
3681 3283 3779 3338 αὐ·

2190 3381 2295 3441 τοι,
2323 3380 2371 3432 οἳ
2398 3378 2454 3432 δὲ
2484 3378 2546 3431 τὸ
2577 3379 2742 3449 μηδὲν
2769 3379 2922 3441 ὄντες
2951 3377 3355 3448 ἀπηλέγχοντο,
3389 3375 3624 3446 ὁπηνίκα
3653 3375 3779 3429 ὑπο-

2190 3470 2427 3540 χειρίους
2451 3469 2596 3539 ὑμᾶς
2625 3463 2765 3522 εἷλον
2793 3470 2843 3521 οἱ
2875 3468 3141 3538 πολέμιοι·
3174 3468 3342 3538 ὅμως,
3374 3465 3497 3519 επεὶ
3529 3466 3602 3535 μή
3630 3465 3778 3517 ἐστιν

2193 3564 2227 3633 ἡ
2258 3562 2367 3633 ἐμὴ
2395 3560 2532 3632 ὀργὴ
2559 3561 2893 3631 παράνομος,
2918 3559 2993 3622 ὡς
3022 3558 3224 3626 ἀγαθὸς
3246 3556 3377 3620 Θεδς
3403 3556 3564 3621 αὐτὸς
3596 3557 3689 3608 καὶ
3713 3556 3778 3608 τὸ

2193 3648 2409 3721 πρῶτον
2461 3650 2606 3720 ὑμᾶς
2650 3650 2741 3701 ἐπὶ
2774 3647 2852 3719 τῷ
2895 3649 3227 3719 συμφέροντι
3271 3647 3505 3711 παίσας·
3544 3646 3639 3699 καὶ
3678 3644 3777 3698 νῦν

2192 3737 2349 3805 αὖθις
2399 3742 2506 3795 πᾶν
2539 3740 2599 3794 τὺ
2626 3742 2839 3812 νόσημα
2865 3739 3019 3811 ὑμῶν
3064 3740 3305 3811 ἰάσομαι,
3350 3740 3447 3793 ὲάν
3467 3779 3481 3803 ,
3513 3740 3777 3808 ἐπιστρα-

2194 3830 2386 3902 φέντες
2417 3829 2516 3903 τῆς
2549 3832 2821 3904 προτέρας
2851 3831 3080 3903 πλάνης,
3116 3831 3337 3902 μάθοιτε
3367 3831 3609 3885 εὐσεϐεῖν
3639 3828 3777 3900 ἀλη-

2194 3923 2321 3987 θῶς.

2270 4125 2289 4160 t
2341 4106 2478 4160 Ἀλλ’
2513 4102 2593 4160 ἔτι
2642 4106 2904 4178 ἐξήκοντα
2943 4099 3106 4158 πέντε
3149 4102 3285 4158 ἐτῶν
3328 4102 3569 4172 ὲκλείψει
3602 4104 3635 4176 ἡ
3676 4102 3777 4173 βαι

2194 4200 2366 4253 σιλεία
2409 4196 2651 4269 Ἐφραῒμ
2689 4198 2798 4251 ἀπὸ
2848 4196 2998 4251 λαοῦ.
3061 4216 3078 4247 ι
3130 4196 3409 4250 Μανθάνει
3455 4196 3633 4249 τοίνυν
3679 4198 3777 4249 καὶ

2192 4293 2348 4347 τοῦτο
2377 4290 2528 4363 παρά
2560 4290 2653 4344 τοῦ
2686 4293 2963 4362 προφήτου
2994 4292 3022 4343 ὁ
3064 4289 3230 4359 Ἀχάζ
3248 4305 3261 4320 °
3298 4289 3373 4352 ὡς
3405 4288 3527 4343 ὅσον
3557 4287 3708 4342 οὔπω
3738 4290 3774 4358 ἠ

2192 4385 2292 4456 τῆς
2318 4381 2632 4453 Σαμαρείας
2660 4380 2905 4451 βασιλεία
2941 4379 3399 4447 καταλυθήσεται,
3425 4379 3520 4433 τοῦ
3550 4381 3608 4433 εν
3631 4379 3768 4449 αὐτῇ

514 4472 731 4542 regibus
755 4473 809 4527 in
838 4472 1211 4542 captivitatem
1258 4472 1511 4537 abducto,
1556 4480 1720 4540 atque
1756 4471 1828 4525 ob
1876 4469 2083 4525 nefaria

2196 4474 2612 4548 βασιλευομένου
2657 4472 2788 4526 λαοῦ
2836 4473 3018 4535 αὐτοῖς
3073 4471 3380 4525 θασιλεῦσιν
3424 4471 3766 4541 αἰχμαλώτου

514 4574 667 4635 gesta
702 4564 754 4617 in
794 4563 1045 4634 Assyrios
1084 4561 1370 4617 translato.
1424 4562 1581 4630 Quod
1633 4561 1700 4629 si,
1747 4563 1843 4627 ait,
1878 4572 2091 4632 tempus

515 4669 677 4710 nosse
705 4664 981 4723 peroptes,
1006 4656 1145 4709 scito
1187 4656 1345 4711 anuis
1379 4653 1577 4712 abhinc
1613 4653 1897 4723 sexaginta
1926 4655 2089 4722 quin-

511 4761 621 4818 que
662 4756 946 4800 venturum
976 4746 1327 4816 Assyriorum
1359 4762 1541 4818 regem
1570 4786 1586 4816 ,
1624 4746 1877 4816 ipsosque
1904 4759 2089 4800 omnes

511 4840 757 4910 captivos
781 4840 1162 4904 abducturum,
1195 4838 1248 4892 in
1280 4854 1543 4909 suamque
1597 4837 1872 4907 regionem
1916 4846 2091 4892 trans-

511 4942 856 5004 portaturum
882 4946 1020 4986 esse.
1062 4929 1363 5000 Hazcjussit
1393 4929 1534 4986 Deus
1558 4930 1880 4999 prophetam
1908 4944 2085 4984 enun-

516 5024 674 5086 tiare,
711 5032 821 5077 tum
863 5022 963 5091 ipsi
1000 5024 1182 5077 Acha:
1205 5061 1221 5087 ,
1266 5033 1378 5076 tum
1432 5020 1650 5076 subdito
1684 5021 1895 5111 .populo
1928 5038 1943 5076 :
1977 5035 2085 5089 quo
2119 5066 2125 5071 .

516 5115 622 5169 illis
648 5124 841 5169 auctor
874 5123 1037 5178 esset,
1086 5124 1144 5167 ut
1180 5113 1247 5166 ad
1270 5129 1329 5167 se
1356 5122 1828 5177 converterentur,
1875 5126 1939 5165 ac
1966 5126 2086 5166 cre-

512 5207 723 5268 derent,
784 5219 958 5274 neque
1004 5204 1168 5259 ductis
1202 5204 1362 5258 lidem
1415 5212 1692 5273 negarent.
1747 5199 1874 5257 Illos
1923 5216 2085 5271 porro

510 5297 788 5365 sexaginta
816 5297 1058 5365 quinque
1097 5310 1291 5359 annos,
1328 5293 1480 5347 aiunt
1507 5292 1856 5347 Hebraeorum
1887 5292 1979 5346 lilii
2018 5292 2084 5345 ad

512 5404 677 5442 unum
727 5388 972 5456 expletus
1031 5385 1388 5454 deprehendi,
1441 5384 1486 5438 si
1536 5387 1658 5455 quis
1697 5401 1727 5438 a
1777 5400 1881 5438 xxv
1941 5384 2086 5438 Ozias

517 5479 664 5546 regni
690 5493 833 5531 anno
856 5487 1171 5547 computum
1201 5477 1465 5529 ordiatur.

589 5743 753 5803 Vsus.
796 5745 883 5817 10,
919 5745 1008 5803 il.
1054 5766 1073 5800 ι
1104 5746 1171 5804 Et
1222 5745 1421 5819 adjecit
1473 5746 1731 5807 Dominus
1794 5747 1940 5818 loqui
2009 5749 2075 5804 ad

2190 4567 2576 4637 γενησομένου,
2617 4564 2713 4617 καὶ
2770 4565 2849 4627 εἰς
2888 4564 3205 4635 Ἀσσυρίους
3245 4562 3771 4633 ἀποικισθησομένου

2188 4659 2275 4712 διὰ
2302 4659 2400 4722 τὰς
2431 4654 2870 4727 ὑπερϐαλλούσας
2899 4656 3077 4709 αὐτῶν
3109 4656 3400 4726 ἀθεμίτους
3434 4656 3680 4728 πράξεις.
3708 4657 3772 4710 El

2187 4749 2243 4802 δὲ
2287 4746 2493 4802 καὶτὸν
2529 4747 2717 4819 χρόνον
2744 4744 2949 4809 ποθεῖς,
2987 4749 3141 4816 φησι,
3178 4746 3388 4816 μαθεῖν,
3416 4746 3672 4813 γίνωσκε,
3694 4744 3775 4808 ὡς

2186 4836 2317 4894 εἵσω
2345 4840 2606 4912 ἑξήκοντα
2637 4840 2731 4893 καὶ
2760 4839 2919 4893 πέντε
2950 4839 3086 4891 ἑτῶν
3105 4880 3119 4903 ,
3150 4838 3345 4901 mea;
3375 4841 3405 4893 ὁ
3435 4838 3544 4891 τῶν
3589 4838 3772 4890 Ἀσσυ-

2189 4926 2320 5003 ρίων
2356 4930 2628 5001 βασιλεὺς,
2657 4930 2865 4990 πάντας
2903 4931 3100 4993 αὐτοὺς
3124 4928 3352 5001 λήψεται
3381 4931 3475 4981 καὶ
3501 4927 3772 4997 αἰχμαλώ-

2185 5033 2308 5084 τους
2335 5022 2415 5083 εἰς
2445 5022 2544 5092 τὴν
2571 5020 2763 5073 ἑαυτοῦ
2800 5019 3064 5090 μετοικιεϊ
3091 5018 3295 5091 χώραν.
3326 5017 3513 5071 Ταῦτα
3538 5015 3616 5086 τῷ
3644 5032 3773 5087 προ-

2186 5116 2334 5185 φήτῃ
2362 5113 2541 5181 λέγειν
2568 5113 2597 5165 ὁ
2622 5112 2753 5175 Θεὸς
2786 5112 3149 5184 προσέταττεν
3178 5109 3325 5181 αὑτῷ
3368 5126 3427 5162 τε
3466 5109 3544 5179 τῷ
3581 5108 3768 5177 Ἀχάζ,

2185 5206 2279 5257 καὶ
2305 5204 2382 5275 τῷ
2410 5202 2500 5256 ὑπ’
2548 5203 2709 5258 αὐτὸν
2738 5202 2854 5275 λαῷ
2873 5222 2886 5235 ⁸
2925 5202 3228 5275 παρορμῶν
3276 5203 3476 5266 αὐτοὺς
3514 5201 3652 5272 πρὸς
3682 5202 3776 5253 αὺ-

2194 5293 2284 5346 ’δν
2319 5292 2681 5364 ἐπιστρέφειν,
2727 5292 3001 5347 πιστεύειν
3029 5310 3086 5345 τε
3121 5293 3213 5345 καὶ
3263 5293 3333 5362 μὴ
3377 5292 3624 5344 άπιστεῖν
3657 5294 3773 5349 τοῖς

2195 5385 2533 5455 εἰρημένοις·
2578 5387 2645 5438 τά
2688 5402 2750 5454 γε
2807 5385 2911 5456 μὴν
2958 5384 3215 5453 ἑξήκοντα
3265 5384 3425 5436 πέντε
3464 5382 3556 5452 an.
3608 5381 3774 5447 φασιν

2203 5476 2467 5548 Ἑϐραίων
2532 5476 2714 5540 παῖδες
2764 5478 2843 5539 εἰς
2902 5476 2963 5528 τὸ
3010 5474 3237 5545 ἀκριϐὲς
3295 5471 3769 5544 συμπληροῦσθαι,

2190 5568 2338 5630 εἴτις
2361 5565 2609 5639 ἀριθμεῖν
2635 5567 3002 5639 ἄρξηταιτοὺς
3024 5566 3244 5635 χρόνους
3269 5566 3376 5618 ἀπὸ
3398 5565 3493 5617 τοῦ
3516 5563 3771 5633 πέμπτου

2190 5660 2283 5713 καὶ
2308 5658 2553 5712 εἰκοστοῦ
2583 5657 2735 5721 ἔτους
2760 5658 2861 5727 τῆς
2912 5657 3088 5721 ὐζίου
3122 5656 3415 5725 βασιλείας.

2264 5770 2281 5801 ι
2332 5750 2439 5803 Καὶ
2490 5750 2788 5814 προσέθετο
2834 5749 3033 5814 Κύριος
3080 5748 3308 5813 λαλῆσαι
3361 5748 3495 5813 πρὸς
3561 5740 3768 5812 Ἀχάζο
