4138 6448
333 358 432 413 135

1287 357 1788 414 COMMENTARIA
1827 355 1896 412 IN
1939 355 2196 411 iSAlAM.
2242 389 2303 398 —
2345 355 2499 411 CAP.
2542 355 2662 412 VH.

3510 360 3611 414 εει

334 476 559 547 Αίτησαι
602 475 814 547 σεαυτῷ
844 479 1066 548 σημεῖον
1101 477 1249 548 παρά
1283 479 1490 550 Κυρίου
1521 475 1615 532 τοῦ
1649 477 1785 531 Θεοῦ
1823 495 1917 532 σου

2026 476 2210 531 Achar.
2250 477 2458 541 dicens,
2496 475 2626 531 Pete
2655 476 2751 532 tibi
2777 477 2988 547 signum
3027 492 3055 531 a
3091 477 3322 532 Domino
3349 478 3459 533 Deo
3495 487 3610 538 tua,

333 567 412 631 είς
452 565 634 638 βάθος,
675 565 708 636 ἢ
750 569 829 630 είς
871 565 1021 636 ὕψος.
1065 586 1081 617 ι
1135 568 1281 621 Ἀντί
1308 568 1365 621 δὲ
1394 567 1510 634 τοῦ,
1548 587 1565 619 ι
1606 571 1685 633 εἰς
1733 569 1916 639 βάθος,

333 659 363 728 ἣ
426 659 506 723 είς
541 657 693 728 ὕψος,
735 676 754 709 ι
786 659 816 710 6
850 659 948 730 μὲν
983 657 1299 730 Σύμμαχος,
1333 676 1352 710 t
1394 658 1627 730 Αίτησαι
1683 660 1915 730 σεαυτῷ,

333 752 487 822 φησι,
528 751 752 822 σημεῖον
785 748 936 821 παρά
966 750 1173 820 Κυρίου
1207 746 1344 802 Θεοῦ
1402 765 1524 803 σου·
1579 749 1808 819 βάθυνον
1836 752 1919 813 είς

333 843 484 916 ᾅδην,
513 844 547 910 ἣ
573 845 652 908 εἰς
681 842 814 914 ὕψος
837 842 949 896 ἄνω
969 859 983 873 ·
1030 861 1048 893 ι
1088 843 1116 894 6
1155 842 1210 895 δὲ
1251 841 1502 907 Ἀκύλας,
1535 862 1554 892 ‹
1603 841 1918 915 Ἐπερὼτη-

333 953 425 988 σον
452 935 665 1007 σεαυτῷ
696 937 923 1008 σημεῖον
948 933 1103 1006 παρὰ
1139 935 1345 1006 Κυρίου
1374 934 1468 988 τοῦ
1507 934 1642 988 Θεοῦ
1673 952 1786 988 σου·
1827 934 1921 1004 βά-

330 1025 489 1080 θυνον
515 1028 595 1090 είς
631 1025 786 1098 ᾅδην,
833 1023 1166 1097 μετειῦρισον
1202 1025 1281 1086 είς
1311 1023 1476 1094 ὕψος·
1524 1044 1542 1074 ι
1592 1027 1620 1078 6
1650 1025 1707 1078 δὲ
1734 1024 1921 1078 Θεοδο-
1957 1042 1965 1049 ·

330 1112 489 1183 τίων,
533 1138 552 1170 ι
588 1109 818 1189 Ᾱίτησαι
846 1117 1055 1189 σεαυτῷ
1083 1118 1234 1190 παρά
1257 1117 1464 1189 Κυρίου
1495 1117 1588 1171 τοῦ
1615 1116 1751 1171 Θεοῦ
1783 1135 1876 1171 σου
1900 1135 1914 1148 ·

332 1210 560 1282 βάθυνον
586 1213 665 1275 είς
693 1211 846 1284 ᾅδην,
880 1210 1094 1281 ὕψωσον
1132 1210 1264 1264 ἄνω.
1307 1230 1325 1262 ι
1361 1209 1653 1264 Κελεύεται
1686 1209 1866 1264 τοίνυν
1891 1212 1920 1264 6

345 1301 512 1374 Ἀχάζ
546 1307 770 1375 σημεῖον
805 1306 1058 1375 αίτῆσαι,
1103 1301 1172 1356 δι’
1203 1297 1263 1356 οὕ
1303 1301 1643 1374 σωθήσεσθαι
1697 1301 1919 1373 ἔμελλεν

331 1394 494 1458 αὐτὸς
521 1402 579 1448 τε
620 1396 713 1449 καὶ
737 1398 766 1450 ὁ
807 1398 904 1450 σὺν
929 1395 1078 1466 αὐτῷ
1114 1395 1259 1458 λαός.
1303 1394 1582 1459 Ἐξουσίαν
1617 1393 1676 1448 δὲ
1705 1395 1918 1448 δίδωσιν

334 1485 486 1556 αὐτῷ
526 1489 554 1540 6
588 1488 719 1551 Θεὸς
760 1488 1026 1559 αἱρέσεως
1055 1486 1150 1540 τοῦ
1187 1487 1438 1558 σημείου,
1469 1486 1578 1539 εἴτε
1623 1487 1688 1540 ἐκ
1723 1487 1920 1557 βάθους

331 1580 629 1652 αἰτήσειεν,
661 1579 811 1646 αὐτῷ
838 1580 1055 1650 δοθῆναι
1093 1578 1273 1641 τοῦτο,
1318 1579 1384 1632 ὲκ
1431 1578 1626 1649 βάθους
1665 1580 1763 1649 οὐχ
1803 1582 1919 1635 ἐτέ-

334 1689 431 1746 ρου
475 1675 507 1746 ἢ
539 1673 631 1727 τοῦ
659 1673 800 1728 κατά
831 1675 920 1728 τὸν
956 1674 1089 1744 ᾅδην
1109 1690 1121 1703 ο
1148 1674 1258 1726 είτε
1291 1671 1351 1737 ἐξ
1389 1672 1578 1742 ὕψους,
1609 1673 1703 1726 καὶ
1737 1673 1919 1727 αὐτῶν

333 1767 441 1820 τῶν
471 1768 582 1821 ἄνω
618 1767 927 1838 μετεώρων.

2025 568 2077 622 in
2109 569 2459 638 profundum,
2496 580 2590 624 aut
2625 569 2679 624 in
2703 569 2934 626 altum.»
2969 569 3074 624 Pro
3102 570 3216 638 illo,
3253 591 3271 622 ε
3297 572 3353 626 in
3384 571 3612 643 profun-

2021 662 2174 725 dum,
2225 672 2320 718 aut
2386 664 2440 717 in
2490 662 2699 723 altum.
2735 681 2754 714 ι
2809 662 3174 734 Symmachus
3227 663 3448 733 quidem
3513 664 3612 726 ait,

2029 771 2048 804 ‹
2075 752 2208 807 Pete
2236 753 2332 808 tibi
2358 753 2575 821 signum
2603 768 2633 806 a
2669 753 2900 810 Domino
2948 753 3058 808 Deo
3098 762 3219 820 tuo,
3271 755 3516 824 deprime
3554 755 3609 809 in

2022 843 2321 905 infernum.
2345 853 2443 898 aut
2485 845 2540 898 in
2581 845 2858 899 excelsum
2903 859 3105 915 supra;
3137 864 3156 897 ι
3213 847 3410 916 Aquila
3454 861 3610 907 vero.

2028 953 2046 987 ι
2071 931 2220 1008 Roga
2262 937 2360 992 tibi
2386 937 2600 1007 signum
2636 951 2664 990 a
2699 937 2928 992 Domino
2957 938 3070 993 Deo
3114 947 3229 1003 tuo,
3277 938 3526 1009 deprime
3557 940 3610 991 in

2021 1027 2321 1092 infernum,
2350 1028 2499 1084 eleva
2538 1029 2590 1083 in
2631 1027 2834 1094 altum;
2861 1048 2880 1080 ι
2931 1029 3256 1096 Theodotio,
3289 1051 3308 1082 ι
3338 1031 3471 1085 Pete
3514 1030 3608 1084 tibi

2022 1121 2237 1192 signum
2276 1135 2304 1175 a
2356 1119 2588 1176 Domino
2619 1120 2727 1174 Deo
2786 1129 2900 1184 tuo,
2932 1121 3176 1191 deprime
3206 1125 3260 1178 in
3312 1123 3604 1187 infernum,

2022 1212 2176 1268 eleva
2208 1213 2261 1267 in
2289 1212 2510 1266 altum.)
2539 1209 2767 1266 Jubetnr
2789 1227 2921 1284 ergo
2947 1213 3129 1268 Achaz
3155 1214 3370 1284 signum
3395 1224 3606 1284 petere,

2022 1321 2129 1376 quo
2163 1315 2277 1360 tum
2325 1305 2460 1375 ipse.
2514 1314 2624 1360 tum
2659 1305 2884 1374 popultts
2924 1305 3042 1374 ejus
3073 1307 3299 1362 salutem
3340 1323 3607 1364 consecu-

2024 1409 2177 1453 turus
2223 1407 2363 1452 erat.
2424 1395 2765 1451 Facultatem
2806 1407 2988 1451 autem
3048 1399 3148 1468 ipsi
3200 1400 3406 1468 praebet
3463 1400 3607 1455 Deus

2021 1488 2252 1560 eligendi
2283 1488 2447 1557 signi,
2497 1503 2562 1542 ac
2594 1489 2638 1542 si
2686 1503 2752 1542 ex
2792 1487 3072 1558 profundo
3113 1497 3300 1558 petat;
3357 1506 3424 1546 ex
3471 1507 3600 1560 pro-

2024 1579 2213 1642 fundo,
2257 1594 2363 1633 non
2390 1580 2498 1632 alio
2525 1579 2738 1633 scilicet
2779 1595 2941 1648 quam
2985 1580 3229 1646 inl'erno,
3275 1596 3334 1636 se
3373 1598 3606 1638 conces-

2023 1688 2246 1739 surum;
2285 1675 2330 1726 sl
2354 1686 2486 1727 vero
2511 1687 2580 1726 ex
2617 1672 2748 1736 alto,
2782 1681 2877 1726 aut
2910 1687 2975 1726 ex
3005 1673 3416 1731 sublimioribus
3443 1675 3608 1744 locis,

2024 1779 2082 1819 se
2110 1765 2362 1818 daturum
2389 1763 2678 1832 pollicetur

409 1878 428 1911 ‹
468 1860 575 1912 Καὶ
604 1854 757 1912 εἶπεν
791 1855 976 1928 Ἀχάζ,
1003 1857 1078 1910 (l6
1119 1857 1193 1930 μὴ
1218 1858 1446 1928 αἰτήσω,
1483 1857 1592 1910 οὐδ’
1615 1857 1676 1910 οὐ
1711 1855 1784 1928 μὴ
1809 1874 1917 1910 πει-

2105 1851 2265 1906 Vsns.
2309 1853 2398 1909 12.
2446 1871 2465 1904 ε
2493 1853 2559 1908 Ει
2587 1854 2728 1907 dixit
2757 1853 2964 1920 Acnaz,
2997 1853 3113 1909 Non
3142 1864 3323 1924 petam
3345 1900 3359 1923 ,
3407 1865 3463 1911 et
3497 1872 3606 1912 non

333 1951 486 2024 ράσω
523 1950 743 2024 Κύριον.
791 1970 810 2002 ι
855 1951 1156 2004 Ἀναίνεται
1204 1951 1267 2022 δὴ
1310 1945 1424 2013 οῦν,
1471 1949 1568 2004 ἅτε
1602 1948 1668 2021 δὴ
1715 1949 1920 2020 ἀσεϐής

330 2044 427 2106 ὢν,
454 2044 546 2098 καὶ
577 2043 650 2116 μὴ
671 2043 982 2116 πειθαρχῶν
1009 2042 1089 2114 τῷ
1104 2043 1222 2114 Θεῷ
1246 2042 1542 2106 κελεύοντι,
1573 2041 1648 2113 μὴ
1672 2041 1728 2095 δὲ
1750 2041 1919 2095 θέλων

328 2132 637 2208 ἀπόπειραν
665 2136 848 2190 λαϐεῖν
887 2139 985 2204 τῆς
1012 2135 1106 2189 τοῦ
1139 2135 1274 2189 Θεοῦ
1309 2132 1741 2206 παραδοξοποιοῦ
1771 2133 1923 2187 δυνά-

333 2245 502 2298 μεως.

410 2336 429 2370 (
460 2318 570 2370 Καὶ
603 2316 754 2370 εἶπεν
777 2335 789 2347 ·
837 2315 1134 2370 ’Λκούσατε
1165 2317 1249 2386 δὴ,
1279 2309 1429 2380 οἶκος
1465 2313 1656 2369 Δαυῖδ·
1703 2314 1795 2385 Μὴ
1835 2331 1921 2384 μι-

334 2409 468 2481 κρὸν
497 2410 626 2477 ὑμῖν
674 2409 861 2477 ἀγῶνα
904 2408 1165 2480 παρέχειν
1204 2407 1534 2480 ἀνθρώποις,
1576 2405 1695 2470 πῶς
1731 2407 1922 2478 Κυρίῳ

332 2501 604 2572 παρέχετε
635 2501 855 2570 ἀγῶνας
896 2519 914 2551 ι
954 2501 1078 2553 Ἐπὶ
1103 2502 1167 2572 τῇ
1193 2499 1286 2553 τοῦ
1315 2499 1509 2570 ἀνδρὸς
1534 2497 1762 2570 ἀπονοίᾳ
1792 2515 1919 2568 σχε-

331 2591 560 2654 τλιάσας
596 2592 624 2644 6
667 2591 984 2664 προφήτης,
1019 2589 1077 2657 ἐξ
1115 2590 1315 2643 οἰκείου
1360 2588 1653 2662 προσώπου
1677 2587 1744 2641 τὰ
1789 2588 1920 2658 ἑξῆς

331 2676 593 2751 ἐπιλέγει.
624 2681 810 2736 Ταῦτα
837 2682 894 2735 δὲ
928 2683 956 2734 6
999 2682 1098 2753 μὲν
1141 2681 1372 2746 Ἀκύλας
1397 2680 1587 2735 τοῦτον
1608 2681 1921 2754 ἡρμήνευσε

329 2775 422 2829 τὸν
450 2775 648 2848 τρόπον
668 2793 682 2806 ο
737 2795 756 2827 t
808 2775 1102 2829 Ἀκούσατε
1133 2775 1222 2847 δὴ,
1250 2771 1398 2839 οἶκος
1425 2775 1617 2828 Δαυῖδο
1649 2775 1796 2847 Μήτι
1821 2773 1923 2826 6M-

333 2876 428 2938 γὀν
471 2869 705 2941 μοχθοῦν
745 2867 974 2940 ἄνδρας,
1018 2869 1100 2922 ὅτι
1154 2867 1402 2940 μοχθεῖτε
1435 2867 1529 2921 καί
1562 2883 1626 2936 γε
1663 2866 1755 2919 τὸν
1787 2865 1922 2919 Θεόν

331 2977 469 3032 μου;
531 2981 547 3012 ι
589 2961 647 3014 Ὀ
695 2950 752 3014 δὲ
809 2959 1135 3013 Θεοδοτίωνο
1199 2979 1217 3011 ι
1279 2957 1572 3012 Ἀκούσατε
1619 2958 1715 3028 δὴ,
1772 2953 1922 3022 οἶκος

332 3046 526 3108 Δαυῒδ·
576 3053 665 3126 Μὴ
717 3053 912 3124 μικρὸν
964 3051 1151 3120 ἀγῶνα
1210 3052 1472 3123 παρέχειν
1505 3050 1785 3122 ἀνδράσιν,
1838 3051 1921 3103 ὅτι

330 3146 518 3216 ἀγῶνα
567 3145 837 3218 παρέχετε
881 3145 975 3199 καί
1011 3161 1075 3213 γε
1107 3142 1186 3215 τῷ
1218 3142 1338 3214 Θεῷ
1376 3160 1508 3214 μου;
1546 3161 1564 3193 ι
1599 3143 1656 3196 Ὁ
1678 3143 1734 3197 δὲ
1771 3141 1920 3212 Σύμ-

334 3252 538 3311 μαχος·
593 3259 611 3291 ι
682 3238 974 3292 Ἀκούσατε
1010 3237 1096 3310 δὴ,
1127 3233 1275 3301 οἶκος
1314 3237 1507 3290 Δαυῖδ·
1542 3236 1633 3309 Μὴ
1685 3237 1784 3289 οὐκ
1827 3233 1918 3289 αὕ-

329 3349 532 3404 ταρκες
562 3333 690 3402 ὑμῖν
724 3330 926 3384 κοποῦν
952 3328 1294 3401 ἀνθρώπους,
1321 3331 1401 3383 ὅτι
1437 3330 1670 3383 κοποῦτε
1698 3330 1778 3383 έτι
1821 3330 1917 3386 καὶ

329 3424 422 3476 τὸν
468 3421 601 3475 Θεόν
637 3438 775 3494 μου;
821 3441 840 3473 ι
881 3421 1039 3474 Ἐστι
1071 3420 1128 3474 δὲ
1167 3423 1194 3475 6
1221 3419 1347 3484 νοῦς
1380 3419 1491 3474 τῶν
1535 3420 1915 3493 προκειμένων

333 3517 592 3580 τοιοῦτος·
625 3516 699 3569 06
726 3515 833 3569 παύ
843 3514 1000 3569 σεσθέ
1029 3532 1159 3568 ποτε
1183 3517 1294 3578 τοῖς
1315 3514 1409 3568 τοῦ
1433 3514 1568 3568 Θεοῦ
1588 3513 1918 3587 ἀνθρώποις.

331 3607 477 3678 λέγω
505 3608 568 3680 δὴ
614 3602 729 3672 τοῖς
772 3609 1099 3680 προφήταις,
1145 3608 1346 3672 κόπους
1388 3608 1479 3661 καὶ⁵
1530 3607 1780 3679 μόχθους,
1824 3609 1919 3662 καὶ

329 3700 550 3771 ἀγῶνας
617 3701 745 3764 τοὺς
797 3701 938 3772 ὑπὲρ
983 3701 1084 3772 τῆς
1135 3701 1405 3774 ὑμετέρας
1454 3701 1727 3773 σωτηρίας
1779 3717 1919 3772 παρ-

330 3778 579 3861 έχοντες;
619 3790 779 3844 Ἀλλά
821 3791 886 3862 δὴ
921 3791 1018 3844 καὶ
1051 3789 1200 3861 αὐτῷ
1243 3788 1321 3860 τῷ
1345 3788 1460 3859 ιμῷ
1491 3789 1632 3859 Θεῷ,
1673 3789 1729 3842 ὃν
1762 3790 1920 3859 ὑμεῖς

325 3883 574 3952 ἀγνοεῖτε
628 3883 724 3936 καὶ
778 3883 1059 3954 ἀρνεῖσθε,
1119 3885 1187 3953 τῇ
1245 3879 1494 3948 πολυθέῳ
1556 3882 1918 3953 προσέχοντες

328 3973 528 4045 πλάνῃ,
546 3972 818 4044 σκυλμοῦς
837 3973 931 4025 καὶ
947 3973 1170 4036 κόπους,
1195 3973 1288 4025 καὶ
1314 3972 1534 4040 ἀγῶνας
1555 3972 1914 4042 παρέχοντες,

326 4064 408 4136 τῷ
446 4064 520 4136 μὴ
563 4063 845 4134 βούλεσθαι
881 4062 1154 4117 πιστεύειν
1203 4063 1366 4117 αὐτοῦ
1395 4065 1516 4127 ταῖς
1536 4061 1912 4132 ἐπαγγελίαις,

331 4157 468 4229 μηδὲ
499 4156 570 4211 τὰ
599 4154 1002 4225 κεκελευσμένα
1038 4156 1332 4227 πράττειν;

407 4267 425 4299 ι
480 4247 579 4303 Διά
616 4246 774 4300 τοῦτο
809 4245 970 4299 δώσει
1018 4246 1221 4320 Κύριος
1273 4247 1435 4312 αὐτὸς
1481 4247 1610 4320 ὑμῖν
1655 4250 1912 4321 σημεῖον·

336 4330 473 4393 ’Ἰδοὺ
503 4337 774 4411 παρθένος
803 4339 860 4391 έν
889 4339 1089 4411 γαστρὶ
1117 4338 1365 4411 λήψεται,
1407 4340 1502 4395 καὶ
1534 4339 1747 4406 τέξεται
1779 4341 1913 4406 υἱὸν,

331 4430 425 4482 καὶ
475 4428 726 4491 καλέσεις
766 4427 825 4480 τὸ
883 4427 1053 4498 ὄνομα
1104 4427 1266 4481 αὑτοῦ
1327 4429 1694 4501 Ἐμμανουήλ.
1758 4451 1776 4482 ι
1827 4431 1915 4496 Τί,

1867 3191 1990 3269 ᾖ(ιῖ

2026 1945 2252 1998 tentabo
2298 1943 2608 1998 Dominum.
2643 1964 2662 1997 ι
2716 1944 2956 2000 Recusat
3009 1947 3265 2002 videlicet
3309 1957 3369 2002 nt
3406 1949 3611 2018 impius

2024 2053 2087 2091 ac
2122 2038 2216 2092 Dei
2250 2046 2522 2106 praecepto
2550 2052 2656 2091 non
2678 2038 3010 2106 obsequens,
3043 2053 3144 2092 nec
3167 2039 3356 2095 volens
3379 2051 3605 2111 stupen-

2023 2129 2104 2183 da:
2127 2127 2343 2183 virtutis
2381 2128 2478 2183 Dei
2505 2129 2935 2199 experimentum
2966 2145 3189 2202 capere.

2095 2313 2263 2369 Vens.
2307 2313 2397 2368 l5.
2445 2333 2465 2366 ι
2495 2314 2562 2369 Et
2603 2315 2759 2381 dixit,
2783 2315 2982 2371 Audite
3009 2330 3162 2387 ergo,
3195 2316 3389 2373 domus
3413 2319 3603 2380 David.

2022 2402 2292 2474 Numquid
2317 2420 2508 2475 parum
2539 2407 2694 2460 vobis
2717 2417 2800 2462 est
2824 2407 3133 2463 molestiam
3158 2409 3399 2477 pmbere
3429 2411 3608 2464 homi-

2023 2497 2202 2564 nibus,
2241 2513 2339 2552 cur
2378 2499 2608 2554 Domino
2659 2500 2965 2554 molestiam
3031 2501 3320 2568 praahetis?
3348 2520 3367 2553 ι
3414 2505 3604 2556 Homi-

2023 2589 2108 2645 nis
2143 2589 2429 2644 stultitiam
2458 2591 2749 2646 miseratus
2774 2592 3064 2660 propheta,
3113 2607 3180 2646 ex
3225 2593 3444 2663 propria
3475 2609 3602 2662 per-

2022 2693 2156 2737 sona
2182 2697 2302 2752 quae
2333 2693 2633 2753 sequuntur
2664 2683 3003 2753 pronuntiat.
3039 2682 3165 2739 Haec
3207 2699 3373 2755 porro
3406 2684 3603 2754 Aquila

2023 2776 2127 2830 hoc
2179 2775 2340 2829 modo
2377 2777 2845 2845 interpretatur:
2893 2793 2912 2827 ι
2956 2776 3153 2830 Audite
3201 2793 3353 2846 ergo,
3412 2779 3605 2833 domus

2025 2866 2217 2933 David,
2262 2865 2532 2937 Numquid
2565 2883 2756 2937 parum
2793 2867 3032 2940 aliligere
3057 2870 3221 2936 viros,
3248 2872 3375 2938 quia
3408 2870 3606 2941 amigi-

2025 2958 2094 3013 tis
2128 2959 2293 3014 etiam
2337 2959 2508 3014 Deum
2541 2961 2762 3014 meum?
2791 2980 2808 3012 ι
2843 2960 3148 3017 Theodotio
3193 2972 3396 3028 autem,
3445 2983 3464 3017 ι
3491 2966 3608 3018 Au-

2023 3048 2135 3104 dite
2167 3066 2322 3122 ergo,
2349 3051 2542 3105 domus
2574 3051 2764 3116 David,
2797 3051 3067 3122 Numquid
3091 3067 3279 3122 parum
3306 3053 3606 3108 molestiam

2025 3141 2270 3211 praebere
2304 3143 2460 3208 viris,
2503 3143 2630 3212 quia
2665 3143 2975 3197 molestiam
3008 3143 3262 3212 praebetis
3301 3145 3462 3198 etiam
3500 3146 3608 3199 Deo

2027 3234 2236 3288 meo?)
2297 3233 2658 3305 Symmachus
2711 3249 2864 3298 vero,
2925 3235 3168 3289 «Audite
3223 3250 3377 3304 ergo,
3413 3237 3608 3290 domus

2031 3325 2233 3391 David,
2274 3325 2470 3382 Annon
2509 3324 2741 3381 sulliciet
2782 3325 2939 3380 vobis
2978 3325 3279 3396 defatigare
3323 3328 3606 3393 homines,

2026 3424 2152 3492 quia
2202 3421 2513 3494 defatigatis
2559 3423 2724 3477 etiam
2778 3422 2947 3475 Deum
2988 3421 3264 3476 meum?»
3317 3421 3610 3478 Praesentis

2024 3529 2187 3583 porro
2227 3515 2356 3569 dicti
2391 3527 2544 3569 mens
2591 3514 2706 3569 haec
2760 3523 2864 3578 est,
2916 3511 3279 3582 Nunquamne
3319 3513 3609 3568 cessabltis

2028 3604 2119 3659 Dei
2146 3605 2479 3673 hominibus,
2513 3605 2766 3660 videlicet
2796 3605 3076 3675 prophetis
3101 3620 3200 3675 pro
3221 3615 3404 3660 vestra
3433 3605 3608 3660 salute

2026 3695 2426 3761 laborantibus,
2464 3695 2906 3766 defatigationes,
2957 3696 3175 3751 labores
3220 3705 3276 3751 et
3326 3695 3608 3750 molestias

2026 3787 2300 3856 prabere?
2356 3786 2464 3841 Sed
2521 3787 2760 3841 etiamne
2807 3786 2906 3852 ipsi
2956 3786 3068 3840 Deo
3120 3799 3262 3849 meo,
3314 3801 3476 3856 quem
3507 3799 3608 3838 vos

2027 3879 2288 3950 ignoratis
2338 3887 2394 3932 et
2451 3878 2686 3948 negatis,
2734 3877 3035 3931 multorum
3085 3877 3370 3930 numinum
3429 3877 3606 3933 error!

2026 3969 2218 4036 dediti,
2257 3969 2554 4032 molestias.
2591 3969 3006 4039 defatigationes
3049 3979 3105 4023 et
3145 3970 3363 4024 labores
3391 3967 3606 4037 przube-

2027 4063 2172 4129 bilis,
2224 4062 2471 4117 nolentes
2519 4063 2639 4133 ejus
2685 4059 2972 4132 promissis
3015 4060 3174 4116 ﬁdem
3207 4060 3436 4128 habere,
3500 4074 3604 4116 nec

2025 4154 2141 4224 ejus
2161 4162 2430 4223 praecepta
2456 4152 2722 4225 exsequi?

2097 4244 2263 4302 Vens.
2301 4245 2390 4302 M.
2423 4263 2444 4298 ‹
2480 4244 2709 4315 Propter
2737 4245 2843 4300 hoc
2869 4244 3023 4301 dabit
3066 4243 3327 4302 Dominus
3369 4245 3486 4318 ipse
3509 4260 3606 4302 vo-

2023 4340 2109 4395 bis
2159 4341 2366 4410 signum
2397 4357 2412 4394 :
2439 4338 2580 4394 Ecce
2610 4340 2763 4408 virgo
2796 4337 2850 4393 in
2884 4349 3041 4394 utero
3069 4339 3378 4408 concipiet,
3424 4347 3480 4394 et
3508 4355 3605 4408 pa-

2025 4435 2131 4488 riet
2181 4433 2370 4500 lilium,
2421 4442 2476 4488 et
2519 4432 2740 4487 vocabis
2791 4445 2988 4486 nomen
3037 4433 3155 4502 ejus
3205 4431 3542 4487 Emmanuel.
3576 4451 3597 4483 ι

333 4524 516 4593 φησιν,
545 4523 660 4575 ἐστὶ
683 4522 745 4574 τὸ
774 4524 1039 4595 σωτήριον
1083 4525 1326 4594 σημεῖον,
1353 4523 1381 4576 ὃ
1413 4525 1507 4578 καὶ¹
1546 4523 1620 4596 μὴ
1665 4517 1916 4595 βουλομέὲ

2027 4526 2176 4594 Quod
2218 4534 2344 4592 est,
2369 4524 2544 4594 inquit
2570 4564 2585 4588 ,
2618 4525 2830 4595 sigmnm
2858 4523 3124 4591 salutare,
3157 4524 3301 4592 quod
3325 4524 3479 4580 vobis
3515 4525 3601 4578 vel

331 4635 441 4682 νοις
472 4617 601 4686 ὑμῖν
638 4613 898 4687 napi-555:;
938 4615 1237 4688 παράδοξόν
1280 4633 1332 4670 τι
1370 4615 1554 4673 θαῦμα
1595 4615 1749 4669 ἔσται
1779 4617 1912 4669 ποτὲ

331 4711 390 4762 ἐν
428 4707 756 4780 ἀνθρώποις,
799 4707 895 4760 καὶ
943 4709 1165 4778 σημεῖον
1223 4707 1489 4778 μηδέποτε
1533 4707 1798 4762 ἀκουσθέν
1847 4709 1911 4761 ὲκ

327 4799 425 4853 τοῦ
462 4798 662 4861 παντὸς
692 4797 906 4862 αἰῶνος.
938 4798 1214 4870 Παρθένος
1241 4801 1432 4870 κυήσει
1469 4799 1592 4869 δίχα
1629 4799 1729 4870 τῆς
1773 4799 1912 4870 πρὸς

331 4891 500 4962 ἄνδρα
525 4889 826 4954 κοινωνίας,
860 4886 952 4944 καὶ
980 4890 1112 4944 Θεὸν
1133 4893 1401 4962 γεννήσει,
1432 4892 1659 4963 Σωτῆρα
1681 4891 1772 4943 τοῦ
1803 4891 1913 4944 τῶν

333 4981 635 5055 ἀνθρώπων
662 4981 872 5052 γένους.
896 4981 1096 5036 Τοῦτον
1125 4983 1284 5036 αὑτὸν
1306 4983 1396 5036 τὸν
1426 4983 1685 5054 μέλλοντα
1717 4983 1916 5054 λαγχά-

332 5091 443 5128 νειν
478 5073 730 5144 τοιαύτης
752 5075 1056 5145 γεννήσεως
1085 5074 1217 5128 Θεὸν
1242 5077 1464 5145 σημεῖον
1489 5075 1617 5147 ὑμῖν
1651 5078 1916 5148 σωτήριον

335 5164 582 5219 ἐντεῦθεν
626 5165 772 5236 ἤδηὸ
816 5165 948 5229 Θεὸς
995 5164 1259 5237 παρέχειο
1311 5166 1338 5219 6
1380 5166 1442 5238 δὴ
1483 5167 1578 5219 καὶ
1615 5169 1699 5230 είς
1751 5166 1915 5238 βάθος

338 5255 436 5324 μὲν
477 5254 541 5307 δι’
585 5257 649 5324 ἢν
703 5256 989 5327 ποιήσεται
1037 5256 1232 5327 μέχρις
1282 5256 1406 5328 ᾅδου
1453 5257 1777 5324 κατάϐασιν,
1833 5261 1915 5322 είς

335 5345 466 5418 ὕψος
494 5347 550 5400 δὲ
593 5347 678 5400 διὰ
711 5348 809 5420 τὴν
848 5350 926 5412 είς
960 5351 1224 5421 οὐρανοὺς
1255 5349 1536 5405 ἐπάνοδον.
1572 5352 1644 5404 Σὺ
1675 5347 1790 5414 οὖν,
1841 5347 1916 5404 οἶ-

333 5456 428 5504 κος
461 5437 644 5501 Δαυῒδ,
678 5439 924 5493 ἐντεῦθεν
958 5441 1057 5513 ήδη
1107 5441 1247 5495 κατά
1285 5442 1375 5494 τὸν
1417 5441 1604 5513 καιρὸν
1636 5443 1734 5512 τῆς
1781 5444 1915 5513 πρὸς

332 5533 456 5595 τοὺς
487 5529 760 5601 παρόντας
791 5530 1078 5602 πολεμίους
1114 5531 1391 5604 συμϐολῆς
1421 5533 1691 5586 άνακαλοῦ
1724 5533 1907 5598 αὐτὸν,

344 5616 693 5694 Ἐμμανουήλ
723 5623 1095 5692 ἐπονομάζων,
1122 5624 1262 5695 ὅπερ
1286 5626 1350 5678 ἐκ
1371 5625 1469 5696 τῆς
1495 5626 1791 5697 ἑρμηνείας
1810 5627 1912 5698 ’τὴν

338 5705 431 5767 τοῦ
464 5715 622 5783 λόγου
657 5712 953 5784 παρίστησι
992 5713 1253 5787 δύναμιν·
1292 5733 1311 5767 t
1371 5717 1489 5787 μεθ’
1537 5717 1694 5788 ήμῶν
1737 5738 1754 5770 ι
1804 5719 1912 5792 γὰρ

349 5825 365 5860 ι
407 5810 432 5862 6
455 5808 586 5870 θεὸς
616 5827 634 5857 ι
668 5807 816 5873 δηλοῖ
841 5805 1098 5873 τοῦνομα.
1132 5807 1408 5864 Πιστεύων
1430 5804 1523 5864 οὗν
1551 5809 1688 5878 δῆτα
1708 5810 1786 5879 τῷ
1817 5827 1912 5880 ση-

2026 4617 2334 4672 nolentibus
2363 4617 2670 4685 praebebit?
2711 4617 3033 4684 stupendum
3066 4617 3337 4685 quoddam
3366 4616 3602 4671 miracu-

2026 4707 2132 4760 lum
2179 4706 2469 4776 aliqnando
2506 4706 2558 4759 in
2590 4705 2902 4760 hominibus
2933 4707 3077 4772 erit,
3107 4720 3171 4759 ac
3211 4706 3426 4775 signum
3466 4722 3604 4761 nun-

2024 4812 2186 4867 quam
2215 4797 2364 4851 omni
2397 4795 2594 4851 saeculo
2627 4796 2897 4850 auditum.
2927 4795 3091 4867 Virgo
3125 4806 3338 4851 uterum
3367 4797 3604 4867 gestabit

2025 4891 2143 4944 sine
2175 4887 2280 4942 ulla
2313 4903 2434 4943 cum
2477 4888 2596 4942 viro
2621 4887 3010 4943 consuetudine
3033 4928 3049 4956 ,
3085 4899 3140 4943 et
3176 4890 3343 4944 Deum
3378 4891 3598 4960 gignet,

2022 4979 2246 5034 humani
2277 4979 2492 5049 generis
2525 4977 2886 5032 Salvatorem.
2913 4981 3064 5035 Hunc
3095 4981 3292 5050 ipsum,
3317 4983 3407 5051 qui
3438 4981 3601 5034 talem

2021 5083 2201 5128 ortum
2225 5072 2490 5128 ducturus
2533 5082 2620 5128 est
2644 5115 2660 5138 ,
2694 5074 2868 5128 Deum
2895 5113 2911 5140 ,
2939 5079 2993 5129 in
3026 5075 3243 5143 signum
3272 5072 3426 5128 vobis
3453 5074 3600 5128 salu-

2023 5174 2139 5220 tare
2163 5163 2274 5234 jam
2304 5166 2506 5222 exhinc
2551 5165 2693 5222 Deus
2729 5170 2954 5222 exhibet
2986 5183 3000 5234 ;
3038 5168 3184 5236 quod
3204 5176 3260 5221 et
3288 5167 3341 5220 in
3381 5165 3602 5236 profun-

2020 5256 2147 5311 dttm
2172 5268 2227 5311 et
2251 5262 2304 5311 in
2333 5259 2499 5313 altum
2526 5261 2884 5322 extendetur;
2914 5260 2968 5313 in
3005 5258 3328 5327 profundum
3359 5255 3598 5324 quidem.

2022 5363 2118 5418 per
2146 5351 2470 5406 descensum
2504 5366 2662 5406 suum
2693 5365 2864 5421 usque
2901 5350 2972 5405 ad
3005 5349 3315 5410 infernum;-
3348 5345 3400 5399 in
3429 5345 3600 5398 altum

2023 5457 2176 5508 vero,
2216 5457 2312 5512 per
2343 5458 2498 5498 suum
2526 5444 2591 5498 ad
2615 5445 2785 5499 caelos
2817 5443 3075 5498 reditum.
3111 5439 3192 5493 Tu
3221 5453 3372 5508 ergo,
3404 5439 3600 5492 domus

2020 5534 2191 5590 David
2219 5575 2235 5602 ,
2272 5534 2388 5605 jam
2435 5536 2490 5590 in
2541 5545 2785 5606 tempore
2832 5534 2990 5602 hujus
3033 5547 3155 5586 cum
3205 5531 3444 5585 inimicis
3494 5531 3600 5584 tuis

2021 5641 2388 5697 congressus,
2436 5643 2602 5683 evoca
2648 5628 2799 5683 illum
2827 5667 2842 5691 ,
2891 5623 3209 5681 Emmanuel
3241 5637 3597 5692 nnncupans,

2021 5720 2163 5790 quod
2201 5733 2269 5774 ex
2315 5719 2626 5791 signiﬁcatu
2673 5719 2826 5772 verbi
2868 5718 3120 5773 virtutem
3171 5715 3414 5769 declarat
3445 5733 3462 5770 ;
3497 5713 3601 5768 hoc

2021 5811 2220 5882 quippe
2238 5826 2455 5881 nomen,
2482 5831 2500 5865 ι
2541 5811 2825 5867 nobiscum
2859 5809 3018 5876 Dens,
3054 5827 3072 5860 ι
3110 5801 3600 5878 signiﬁcat.‘Signo
