4138 6406
543 390 650 446 155

1255 386 1520 443 EUSEBII
1557 381 2041 439 CAEISARIENSIS
2079 379 2229 437 ΟΡΡ.
2272 374 2455 437 PARS
2500 382 2587 437 Ill.
2615 413 2675 421 -—
2701 377 3114 437 EXEGETJCA.

3726 381 3835 436 136

540 512 733 581 itaque
762 511 918 571 fidem
960 510 1167 564 habens
1196 508 1407 564 confide
1438 524 1450 560 :
1478 521 1653 575 neque
1700 506 1845 559 ultra
1878 503 2128 559 Damasci

2237 504 2376 575 μείῳ
2403 503 2617 574 θάρσει,
2654 503 2749 556 καὶ
2788 501 2986 573 μηκέτι
3018 500 3119 572 μὲν
3148 499 3305 563 θεοὺς
3335 499 3607 553 ἀνακαλού
3643 502 3835 571 Δαμα-

539 599 678 655 deos
719 601 939 655 invoces
963 640 978 661 .
1003 612 1185 668 neque
1211 611 1307 653 eos
1327 637 1342 659 ,
1374 596 1467 665 qui
1504 611 1611 650 non
1643 603 1793 659 sunt,
1832 594 2132 649 auxiliares

539 692 642 744 tibi
678 693 928 754 ascribe;
960 692 1057 745 sed
1086 690 1525 755 Ernmauuelem,
1563 698 1753 758 utpote
1793 687 1964 742 Deum
2005 699 2131 739 cum

534 783 857 841 hominibus
889 783 1185 847 aliquando
1215 791 1581 846 versaturum,
1605 781 1825 844 invoca,
1859 794 1984 835 cum
2009 791 2132 848 per-

532 873 684 929 fecta
723 875 918 930 liducia
954 888 1206 944 sperans,
1239 888 1307 928 ac
1331 872 1569 928 nominis
1596 872 1787 926 virtuti
1825 870 1988 925 fidem
2035 870 2131 923 ha-

535 965 702 1019 hens.

603 1055 718 1111 Sed
756 1070 858 1111 nos
893 1064 1184 1126 postquam
1218 1054 1325 1109 huc
1372 1052 1730 1114 devenimus,
1779 1051 2131 1105 animadver»

531 1157 655 1201 tere
687 1160 785 1215 par
810 1154 920 1210 est,
959 1160 1070 1215 quo
1094 1156 1258 1216 pacto
1281 1144 1570 1213 pr0phetia
1622 1143 1804 1198 domui
1854 1141 2024 1196 David
2054 1142 2131 1195 di-

528 1246 686 1292 serte
718 1238 1004 1308 przecipiat
1027 1279 1043 1304 ,
1090 1247 1152 1291 ut
1187 1252 1315 1291 eum
1351 1236 1444 1305 qui
1476 1250 1544 1289 ex
1570 1234 1793 1305 Virgine
1818 1233 2130 1290 nasciturus

530 1342 620 1386 est
645 1370 662 1394 ,
694 1329 1113 1386 Emmanuelem
1144 1338 1443 1399 nuncupet.
1474 1325 1611 1382 Nam
1649 1338 1704 1380 tu
1735 1327 1849 1395 ipsa
1877 1366 1894 1391 ,
1939 1326 2131 1380 domus

537 1423 734 1489 David,
766 1437 891 1492 qua:
917 1422 1030 1492 jam
1061 1420 1343 1491 prophetae
1373 1419 1503 1473 ades
1527 1457 1544 1484 ,
1587 1418 1815 1488 ejusque
1847 1427 2131 1470 sermones

528 1514 696 1570 audis
726 1555 743 1580 ,
771 1529 899 1569 eum
933 1513 1026 1583 qui
1052 1514 1107 1567 in
1142 1511 1405 1567 vaticinia
1433 1511 1630 1574 fertur,
1660 1509 1883 1565 vocabis
1912 1507 2131 1562 Emma-

532 1607 706 1672 nuel;
738 1620 805 1660 ac
830 1606 877 1660 si
902 1605 1110 1659 clarius
1134 1604 1366 1670 diceret,
1399 1600 1536 1656 Eum
1576 1602 1673 1655 tibi
1698 1598 2128 1669 adjutoremfre-

532 1699 800 1768 quentius
821 1711 1011 1763 evoca,
1036 1696 1355 1765 plerumque
1387 1693 1798 1748 Emmanuelem
1830 1690 2129 1761 appellans.

2238 593 2391 657 σκοῦ,
2430 594 2565 664 μηδὲ
2593 593 2719 656 τοὺς
2762 592 2836 663 μὴ
2870 592 3028 654 ὀντας
3060 590 3288 662 βοηθοὺς
3317 591 3627 664 ὲπιγράφου
3664 609 3836 645 σεαυ-

2231 684 2327 739 τοῦ
2352 702 2365 714 ·
2402 686 2496 738 τὸν
2522 685 2581 739 δὲ
2611 681 2980 755 Ἐμμανουήλ,
3010 682 3086 745 ὡς
3111 682 3178 738 ἂν
3205 682 3338 737 Θεὸν
3365 683 3676 756 ἀνθρώποις
3708 702 3837 738 συν-

2233 778 2495 850 εσόμενόν
2540 796 2706 846 ποτε,
2763 779 2941 843 κάλει,
2978 778 3199 850 θαρσῶν
3240 777 3339 831 σὺν
3372 776 3699 848 πεποιθήσει
3737 794 3838 832 τε·

2232 868 2374 942 λείᾳ,
2407 870 2683 926 πιστεύων
2712 873 2778 943 τῇ
2805 872 2909 943 τῆς
2943 868 3319 944 προσηγορίας
3345 868 3590 940 δυνάμει.

2317 1054 2455 1108 Ἀλλ’
2485 1054 2717 1109 ἐνταῦθα
2749 1054 3076 1126 γενομένους
3106 1054 3258 1126 ἡμᾶς
3305 1052 3600 1124 ἐπιστῆσαι
3654 1067 3833 1124 προσ-

2230 1148 2380 1219 ήκει,
2411 1147 2488 1211 ὼς
2516 1146 2759 1220 ἀκριϐῶς
2789 1150 2826 1218 ή
2869 1147 3178 1219 προφητεία
3208 1145 3289 1217 τῷ
3314 1145 3449 1217 οἴκῳ
3471 1145 3635 1199 Δαυῒδ
3657 1161 3836 1217 προσ·

2230 1241 2441 1308 τάττει,
2485 1240 2710 1295 καλέσαι
2755 1238 2851 1293 τὸν
2891 1241 2955 1293 ὲκ
2999 1242 3099 1310 τῆς
3144 1237 3420 1310 Παρθένου
3466 1237 3838 1308 γενησόμενον

2244 1331 2617 1404 Ἐμμανουήλ.
2664 1333 2737 1386 Σὺ
2766 1331 2878 1403 γὰρ
2904 1330 3085 1395 αὐτὸς,
3120 1333 3149 1385 ὀ
3177 1326 3324 1394 οἶκος
3359 1328 3541 1390 ama,
3572 1330 3601 1381 ὀ
3631 1328 3726 1382 νῦν
3752 1327 3838 1398 τῷ

2232 1426 2495 1498 προφήτῃ
2551 1424 2881 1497 συμπαρὼν,
2931 1425 3027 1478 καὶ
3076 1422 3271 1477 τούτου
3327 1421 3678 1495 ἀκροώμενος
3718 1422 3837 1475 τῶν

2230 1515 2410 1585 λόγων
2458 1516 2548 1569 τὸν
2586 1515 2982 1586 θεσπιζόμενον
3030 1516 3284 1579 καλέσεις
3337 1514 3716 1585 Ἐμμανουήλ·
3754 1522 3837 1577 ὡς

2229 1610 2280 1661 εί
2350 1609 2684 1681 σαφέστερον
2743 1606 2949 1674 ἔλεγεν,
3026 1603 3321 1659 Ἐπικαλοῦ
3381 1603 3576 1676 βοηθὸν
3646 1602 3837 1673 ἑαυτῷ

2230 1699 2499 1770 συνεχῶς,
2557 1698 2819 1763 πολλάκις
2875 1696 3225 1768 Ἐμμανουήλ
3267 1695 3571 1767 ὀνομάζων,
3619 1696 3711 1748 καὶ
3754 1693 3838 1759 ὡς

540 1802 606 1842 ac
632 1795 694 1840 ut
724 1796 1050 1856 praesentem
1097 1786 1191 1840 tibi
1227 1787 1394 1841 Deum
1426 1783 1760 1838 vociferans.
1786 1781 1940 1838 Licet
1982 1782 2127 1837 enim

2232 1794 2467 1846 συνόντα
2496 1810 2578 1846 σοι
2605 1792 2760 1858 Θεὸν,
2792 1790 2981 1845 τοῦτον
3005 1788 3446 1860 ἀνακαλούμενος
3466 1806 3478 1818 ·
3525 1790 3572 1841 εἰ
3598 1788 3706 1860 γὰρ
3734 1787 3839 1842 καὶ

540 1854 879 1947 longissimis
916 1877 1116 1931 abhinc
1151 1876 1488 1945 temporibus
1518 1874 1760 1929 futurum
1786 1874 1878 1937 sit,
1904 1882 1961 1925 ut
2003 1887 2126 1927 eum

2231 1885 2301 1939 τὰ
2329 1885 2565 1957 μάλιστα
2593 1854 2826 1957 μακροῖς
2857 1883 3083 1954 ὕστερον
3109 1854 3322 1954 χρόνοις
3343 1884 3376 1952 ἡ
3410 1854 3687 1953 Παρθένος
3709 1879 3839 1934 τοῦ-

543 1967 718 2040 Virgo
759 1969 811 2023 in
852 1978 1009 2024 utero
1034 1977 1216 2038 gestet
1239 1976 1296 2022 et
1332 1966 1550 2037 pariat;
1578 1968 1799 2035 quando
1835 1965 2132 2035 prophetia:

544 2060 1006 2130 complementum
1032 2060 1305 2125 adveniet,
1345 2058 1566 2128 quando
1601 2059 1692 2112 ille
1720 2059 1889 2113 totius
1915 2059 2132 2129 generis

539 2152 770 2206 humani
823 2153 1075 2207 Salvator
1101 2152 1494 2214 declarabitur,
1543 2150 1655 2205 alio
1688 2159 1876 2206 utetur
1908 2150 2133 2206 nomine

536 2263 566 2299 ο
608 2245 784 2300 salute
809 2246 1084 2311 derivato;
1118 2246 1213 2300 sed
1236 2244 1348 2312 jam
1373 2244 1478 2300 hoc
1517 2253 1766 2315 tempore
1806 2253 1861 2299 tu
1885 2283 1904 2310 ,
1933 2243 2131 2299 domus

535 2337 712 2394 David
735 2376 753 2403 ,
798 2351 920 2408 qua:
951 2338 1152 2392 bonum
1201 2351 1231 2390 a
1268 2335 1378 2392 Deo
1426 2336 1625 2407 pignus
1655 2333 1965 2402 accepisti,
2005 2348 2131 2389 eum

532 2431 731 2486 invoca
758 2470 776 2496 ,
819 2427 1233 2484 Emmanuelem
1276 2427 1557 2498 appellans
1591 2443 1605 2481 :
1648 2425 1883 2482 salutem
1932 2425 2133 2496 quippe

533 2519 635 2575 tibi
680 2518 930 2575 credenti
976 2528 1033 2573 et
1079 2518 1242 2572 dictis
1287 2517 1692 2588 ubtemperanti
1744 2531 1945 2573 nomen
2001 2514 2133 2571 illud

532 2609 877 2668 conciliabit.
917 2608 976 2665 Si
1017 2610 1167 2666 enim
1200 2609 1408 2665 dictum
1446 2608 1680 2676 fuisset,
1711 2626 1732 2660 ι
1770 2608 1840 2663 Et
1865 2609 2135 2664 vocabunt

534 2719 740 2760 nomen
778 2703 895 2771 ejus
922 2700 1247 2758 Emmanuel
1268 2741 1286 2766 ,
1325 2720 1345 2753 ι
1385 2702 1567 2758 visum
1590 2701 1785 2757 fuisset
1809 2701 1863 2756 in
1892 2700 2132 2756 futurum

533 2805 756 2867 tempus
782 2803 949 2850 totam
981 2794 1325 2864 prophetiam
1360 2793 1678 2859 remittere;
1728 2793 1835 2847 hoc
1865 2793 2009 2847 enim
2037 2808 2132 2861 pa-

534 2898 628 2946 cto
654 2885 943 2969 dubitapdi
974 2901 1144 2941 causa
1168 2886 1573 2957 amphibologia
1606 2886 1660 2941 in
1698 2899 1960 2941 sermone
1999 2885 2133 2941 fuis-

535 2992 662 3047 set;
701 2978 1142 3049 quandoquidem
1176 2978 1221 3032 is
1244 2978 1337 3048 qui
1379 2992 1445 3034 ex
1487 2988 1676 3034 sancta
1716 2976 1945 3051 Virgine
1974 2988 2132 3034 natus

534 3081 624 3127 est
669 3070 920 3126 Salvator
963 3079 1169 3134 noster,
1207 3084 1313 3123 non
1337 3068 1705 3136 Emmanuel,
1728 3070 1824 3126 sed
1852 3066 2013 3126 Jesus
2039 3084 2132 3122 vo-

535 3174 699 3217 catus
722 3171 807 3215 est
833 3199 851 3225 ,
889 3161 1188 3216 secundum
1217 3159 1395 3229 angeli
1434 3160 1717 3215 oraculum
1749 3158 1988 3230 Iosepho
2019 3161 2131 3216 edi-

538 3265 655 3310 tum
686 3255 775 3310 his
804 3254 1003 3322 verbis,
1039 3272 1058 3306 ι
1098 3252 1176 3308 Ne
1213 3253 1406 3310 timeas
1444 3254 1698 3320 accipere
1729 3252 1958 3306 Mariam
1994 3268 2122 3308 cou-

533 3345 722 3419 jngem
757 3356 905 3400 tuam
935 3365 950 3400 :
978 3345 1124 3415 quod
1167 3345 1316 3399 enim
1355 3345 1407 3398 in
1438 3360 1502 3400 ea
1536 3355 1722 3398 natum
1750 3352 1875 3410 est,
1907 3360 1972 3399 ex
2004 3346 2126 3415 Spi-

539 3440 648 3495 ritu
679 3448 871 3492 sancto
893 3448 996 3492 est.
1030 3437 1214 3492 Pariet
1239 3445 1422 3491 autem
1463 3435 1633 3490 filium
1657 3477 1673 3502 ,
1699 3448 1753 3492 et
1782 3438 2003 3493 vocabis
2033 3453 2129 3494 no-

534 3547 665 3589 men
695 3531 815 3601 ejus
843 3528 1029 3585 Jesum
1062 3548 1075 3583 :
1107 3531 1221 3600 ipse
1251 3532 1398 3583 enim
1432 3529 1641 3584 salvum
1677 3529 1844 3585 faciet
1875 3531 2127 3600 pepulum

536 3640 700 3683 suum
731 3640 761 3677 a
801 3624 1046 3692 peccatis
1071 3624 1188 3693 ejus
1212 3623 1281 3675 ει.
1326 3642 1345 3673 ι
1385 3622 1441 3676 Si
1476 3623 1657 3690 itaque
1684 3620 1863 3690 Jesus,
1899 3640 2004 3677 non
2034 3640 2128 3679 au-

535 3729 646 3774 tem
677 3715 1020 3779 Emmanuel,
1051 3730 1246 3770 nomen
1285 3715 1503 3783 accepit
1547 3714 1809 3770 Dominus
1853 3725 2043 3770 noster
2075 3727 2129 3772 et

534 3812 793 3869 Salvator
833 3827 904 3865 ex
954 3810 1172 3879 Virgine
1205 3819 1370 3864 natus
1396 3808 1695 3863 secundum
1741 3808 2082 3879 prophetiam
2111 3828 2125 3876 ;

534 3904 811 3974 quomodo
843 3916 1033 3958 verum
1057 3901 1222 3956 fuerit
1247 3901 1535 3956 oraculum
1564 3900 1781 3968 dicens,
1811 3920 1832 3954 ι
1868 3903 1934 3956 Ει
1965 3917 2131 3957 voca-

537 4000 680 4054 bunt
730 4009 928 4051 nomen
972 3993 1092 4061 ejus
1138 3993 1503 4049 Emmanuel?
1541 4013 1560 4047 ι
1601 3993 1970 4061 Quamobrem
2022 4012 2129 4051 non

536 4091 635 4145 illo
687 4088 850 4143 modo
880 4086 1082 4141 dictum
1128 4096 1255 4152 est,
1298 4102 1409 4141 non
1454 4086 1600 4141 enim
1640 4088 1709 4142 ab
1743 4089 1999 4144 omnibus
2031 4090 2132 4147 hoc

536 4177 762 4234 nomine
797 4175 1158 4247 appellandus
1183 4187 1303 4231 erat
1328 4193 1343 4240 ;
1376 4177 1472 4231 sed
1501 4188 1752 4233 accurate
1780 4179 2131 4249 propheticus

535 4284 718 4326 sermo
763 4269 843 4323 sic
884 4267 1090 4330 habet,
1126 4286 1145 4321 ι
1188 4268 1256 4322 Ει
1315 4268 1563 4323 vocabis.
1610 4288 1630 4323 ι
1668 4269 1746 4323 Tu
1792 4270 1942 4325 enim
1972 4270 2084 4337 ipsa
2110 4312 2126 4337 ,

533 4363 733 4418 domus
768 4360 966 4429 David,
996 4359 1155 4427 cujus
1182 4376 1346 4416 causa
1388 4362 1489 4418 hoc
1515 4362 1829 4417 vaticinium
1875 4364 2131 4418 enuntia-

535 4466 652 4521 tur,
684 4464 913 4523 accepto
944 4452 1139 4508 salutis
1165 4454 1387 4524 pignore
1414 4496 1429 4519 ,
1461 4471 1571 4526 quo
1606 4465 1849 4527 tempore
1876 4471 2000 4511 cum
2031 4458 2131 4510 iui-

2229 1995 2326 2033 τον
2361 1979 2554 2049 κυήσει
2590 1978 2684 2031 καὶ
2716 1977 2963 2042 τέξεται·
3004 1976 3093 2029 ὅτε
3135 1975 3228 2028 καὶ
3259 1974 3319 2027 τὺ
3351 1974 3704 2045 ἀποτέλεσμα
3737 1989 3839 2042 γε·-

2228 2070 2460 2141 νήσεται
2490 2070 2589 2139 τῆς
2621 2068 2981 2140 προφητείας,
3014 2067 3105 2119 ὅτε
3139 2064 3234 2119 καὶ
3267 2064 3456 2135 Σωτὴρ
3485 2064 3839 2134 ἀναφανήσε-

2228 2176 2322 2214 ται
2351 2158 2449 2212 τοῦ
2476 2157 2677 2223 παντὸς
2701 2157 3009 2230 ἀνθρώπων
3029 2157 3243 2226 γένους,
3271 2156 3351 2226 τῷ
3374 2155 3545 2228 ἑτέρω
3566 2156 3838 2231 χρήσεται

2227 2254 2460 2325 ὀνόματι
2495 2254 2594 2324 τῆς
2624 2251 2900 2323 σωτηρίας
2932 2248 3206 2322 ἐπωνύμῳ
3227 2268 3238 2279 ·
3269 2249 3384 2302 ἀλλ’
3414 2246 3660 2301 ἐντεῦθεν
3701 2246 3835 2319 ἥδη,

2231 2347 2322 2410 σὺ,
2351 2347 2382 2398 ὀ
2402 2341 2549 2409 οἶκος
2569 2343 2752 2407 Δαυῒδ,
2774 2342 2981 2413 ἀγαθὸν
3007 2341 3259 2413 σύνθημα
3280 2340 3430 2413 παρὰ
3452 2338 3585 2393 Θεοῦ
3622 2337 3833 2403 λαϐὼν,

2229 2435 2535 2501 ἀνακαλυῦ,
2560 2435 2650 2489 τὸν
2690 2435 3041 2507 Ἐμμανουὴλ
3066 2434 3350 2505 ὀνομάζων
3367 2450 3381 2464 ·
3416 2430 3690 2503 σωτηρίαν
3719 2430 3837 2501 γάρ

2235 2547 2320 2583 σοι
2359 2528 2669 2583 πιστεύοντι
2720 2530 2816 2583 καὶ
2860 2526 3248 2599 πειθαρχοῦντι
3278 2529 3389 2589 τοῖς
3434 2524 3751 2593 λεγομένοις
3798 2524 3836 2594 ή

2231 2618 2463 2689 τοιαύτη
2490 2618 2810 2690 προξενήσει
2841 2617 3052 2688 κλῆσις.
3080 2613 3143 2670 Εἰ
3177 2616 3277 2686 μὲν
3300 2610 3393 2668 οὖν
3423 2615 3629 2686 εἴρητο,
3665 2632 3683 2663 ι
3719 2614 3837 2666 Καὶ⁵

2234 2710 2527 2766 καλέσουσι
2562 2710 2624 2764 τὸ
2659 2710 2836 2781 ὀνομα
2863 2696 3027 2763 αύτοῦ
3080 2706 3447 2779 Ἐμμανουήλ,
3490 2726 3507 2756 ι
3552 2702 3730 2771 ἔδοξεν
3764 2704 3836 2759 ἂν

2234 2804 2317 2867 είς
2370 2801 2632 2874 μέλλοντα
2674 2801 2868 2874 χρόνον
2902 2801 3001 2871 τὴν
3044 2802 3225 2854 πᾶσαν
3265 2799 3659 2870 παραπέμπειν
3696 2814 3835 2870 προ-

2234 2892 2468 2964 φητείαν
2490 2909 2504 2923 ο
2535 2890 2680 2946 οὕτω
2720 2890 2835 2962 γὰρ
2868 2887 3198 2961 ἀμφιϐολίαν
3244 2882 3389 2957 εἶχεν
3420 2887 3450 2939 ὀ
3480 2884 3637 2953 λόγος
3656 2901 3671 2913 ’
3708 2882 3839 2936 ἐπεὶ

2235 2986 2314 3058 μὴ
2357 2974 2724 3056 Ἐμμανουήλ,
2753 2981 2892 3035 ἀλλὰ
2927 2980 3134 3053 Ἰησοῦς
3157 2979 3422 3050 κέκληται
3446 2977 3509 3031 τὺ
3533 2978 3705 3047 ὀνομα
3733 2974 3834 3028 τοῖι

2232 3084 2300 3136 ὲκ
2328 3081 2430 3152 τῆς
2459 3081 2623 3149 ἁγίας
2663 3077 2941 3151 Παρθένου
2974 3076 3323 3147 γεννηθέντος
3364 3074 3614 3144 Σωτῆρος
3649 3071 3831 3143 ἡμῶν,

2232 3173 2381 3229 κατὰ
2412 3173 2503 3227 τὸν
2529 3172 2625 3225 τοῦ
2652 3170 2888 3242 ἀγγέλου
2917 3168 3305 3241 χρηματισμὸν
3330 3169 3578 3239 φήσαντα
3611 3165 3689 3236 τῷ
3727 3165 3835 3217 Ἰω-

2233 3268 2346 3339 σήφ
2366 3283 2381 3297 ·
2413 3283 2432 3317 ι
2472 3264 2564 3336 Μὴ
2591 3263 2836 3334 φοϐηθῇς
2863 3260 3197 3334 παραλαϐεῖν
3229 3260 3447 3332 Μαρίαν
3471 3258 3568 3329 τὴν
3595 3257 3835 3327 γυναῖκά

2231 3376 2366 3416 σου’
2411 3359 2473 3413 τὸ
2510 3358 2620 3429 γὰρ
2659 3358 2716 3410 ὲν
2747 3357 2884 3427 αὐτῇ
2935 3354 3196 3426 γεννηθὲν
3237 3354 3304 3408 ὲκ
3336 3350 3650 3423 Πνεύματός
3682 3352 3837 3403 ἐστιν

2226 3453 2414 3524 ἁγίου.
2442 3450 2669 3516 Τέξεται
2702 3449 2759 3503 δὲ
2793 3448 2929 3514 υἱὸν,
2961 3448 3058 3502 καὶ
3087 3445 3340 3510 καλέσεις
3380 3444 3441 3497 τὸ
3467 3444 3636 3514 ὄνομα
3665 3442 3838 3495 αὑτοῦ

2242 3543 2489 3616 Ἰησοῦν·
2533 3540 2696 3605 αὐτὸς
2735 3540 2845 3612 γάρ
2890 3540 3055 3592 σώσει
3098 3537 3191 3591 τὸν
3219 3537 3345 3590 λαὸν
3375 3535 3541 3591 αὑτοῦ
3583 3534 3687 3587 ἀπὸ
3721 3535 3841 3589 τῶν

2228 3634 2520 3709 ἁμαρτιῶν
2559 3632 2745 3687 αὑτοῦ.
2798 3650 2815 3683 ι
2863 3631 2925 3685 El
2970 3625 3064 3683 οὖν
3106 3628 3351 3700 Ἰησοῦς,
3395 3627 3508 3681 ἀλλ’
3541 3625 3661 3695 οὐχὶ
3700 3626 3842 3695 Ἐμ-

2234 3725 2480 3800 μανουὴλ
2518 3727 2577 3779 τὸ
2611 3723 2898 3794 ἐπώνυμον
2945 3722 3169 3792 εἴληφεν
3202 3723 3231 3773 ὁ
3280 3721 3485 3791 Κύριος
3539 3717 3694 3790 ήμῶν
3743 3720 3839 3771 καὶ

2230 3821 2448 3891 Σωτὴρ,
2475 3820 2539 3872 ἐκ
2564 3817 2663 3888 τῆς
2688 3815 2965 3888 Παρθένου
3004 3812 3286 3885 γεννηθεὶς
3314 3813 3456 3866 κατὰ
3492 3811 3591 3883 τὴν
3625 3828 3839 3882 προφη-

2230 3913 2413 3968 τείαν·
2451 3910 2569 3973 πῶς
2601 3910 2668 3963 ἂν
2703 3908 2785 3962 ἔτι
2816 3905 3086 3978 ἠλήθευσε
3113 3904 3176 3957 τὸ
3203 3904 3384 3972 λόγιον
3416 3903 3619 3974 φῆσαν,
3662 3924 3679 3953 ι
3722 3904 3838 3957 Καὶ

2230 4006 2525 4062 καλέσουσι
2549 4002 2609 4056 τὸ
2628 4002 2800 4073 ὄνομα
2826 4000 2990 4054 αὐτοῦ
3030 3997 3416 4069 Ἐμμανουήλ;
3457 4016 3474 4048 ι
3505 3996 3702 4066 Διόπερ
3731 3997 3837 4049 οὐκ

2229 4099 2451 4169 εἴρηται
2496 4095 2595 4165 μὲν
2641 4093 2844 4157 οὕτως’
2897 4094 2959 4146 ού
3014 4090 3125 4162 γὰρ
3177 4088 3401 4159 ἔμελλεν
3452 4087 3558 4141 ὑπὸ
3613 4089 3837 4143 πάντων

2227 4190 2407 4260 τούτῳ
2435 4186 2715 4242 καλεῖσθαι
2744 4185 2821 4256 τῷ
2854 4185 3206 4257 προσρήματι
3228 4198 3240 4210 ·
3280 4180 3520 4253 ἀκριϐῶς
3554 4180 3612 4234 δὲ
3640 4180 3669 4232 ό
3698 4196 3840 4251 προ-

2230 4281 2461 4354 φητικὸς
2502 4280 2681 4348 λόγος,
2719 4298 2737 4329 ι
2781 4278 2891 4330 Καὶ
2925 4275 3195 4338 καλέσεις,
3243 4293 3260 4325 ι
3303 4272 3568 4343 περιέχει.
3614 4273 3686 4326 Σὺ
3720 4272 3835 4342 γὰρ

2229 4370 2415 4432 αὐτὸς,
2451 4369 2481 4420 ὀ
2507 4363 2655 4429 οἶκος
2688 4365 2870 4426 Δαυῒδ,
2905 4364 2970 4418 δι’
3001 4364 3061 4417 ὃν
3104 4363 3273 4417 ταῦτα
3317 4362 3655 4427 θεσπίζεται,
3705 4362 3835 4415 σύν-

2237 4463 2392 4533 θημα
2438 4458 2713 4529 σωτηρίας
2765 4455 2946 4510 λαϐὼν
2993 4456 3131 4509 κατὰ
3173 4456 3261 4508 τὸν
3306 4454 3497 4526 καιρὸν
3538 4457 3638 4525 τῆς
3692 4455 3831 4526 πρὸς

538 4546 702 4601 micis
746 4545 1098 4616 congrederis
1122 4585 1137 4609 ,
1171 4548 1345 4616 ipsum
1399 4549 1813 4605 Emman‘uelem
1845 4563 1979 4603 voca
2005 4588 2021 4613 ,
2072 4560 2126 4605 et

2231 4556 2361 4615 τοὺς
2396 4550 2687 4621 πολεμίους
2739 4548 3034 4619 συμϐολῆς.
3103 4546 3453 4617 Ἐμμανουήλ
3504 4545 3681 4609 κάλει,
3734 4548 3830 4599 καὶ

537 4635 788 4692 victoria:
832 4637 902 4690 de
933 4635 1173 4690 inimicis
1209 4648 1377 4707 partae
1421 4648 1706 4694 auctorem
1747 4636 1962 4693 ascribe
1992 4655 2005 4691 :
2038 4642 2129 4709 qui

534 4725 835 4797 aliquando
866 4726 1083 4795 quidem
1121 4742 1189 4782 ex
1240 4729 1463 4798 Virgine
1506 4731 1853 4795 nasciturus,
1897 4730 1989 4784 sed
2016 4728 2132 4804 jam

539 4820 686 4877 Deus
716 4831 771 4874 et
794 4821 1071 4875 nobiscum
1090 4830 1192 4885 est,
1222 4830 1275 4876 et
1292 4821 1403 4892 jam
1434 4822 1534 4877 tibi
1565 4837 1761 4893 magna
1794 4823 1862 4879 ad
1898 4822 2126 4880 salutem

537 4913 755 4970 tribuit.
785 4912 979 4966 Divino
1015 4911 1198 4981 itaque
1224 4923 1495 4983 praecepto
1528 4912 1690 4968 fidem
1731 4914 1942 4971 habens
1967 4954 1982 4980 ,
2014 4915 2128 4972 fre-

533 5015 774 5078 quenter
798 5006 973 5073 ipsum
1004 5005 1197 5062 invoca
1222 5006 1561 5074 adjutorem,
1585 5005 1993 5064 Emmanuelem
2027 5024 2127 5082 ap-

533 5099 768 5176 pellans.
797 5097 1039 5164 Quadam
1077 5098 1227 5153 enim
1258 5096 1571 5165 hujusmodi
1621 5115 1718 5154 ceu
1751 5102 2128 5160 iucautationc

536 5206 678 5263 opus
705 5198 829 5256 est,
856 5200 918 5244 ιιι
951 5205 1017 5244 ne
1063 5188 1404 5245 daemonibus
1441 5189 1797 5247 auxiliaribus
1836 5194 2088 5250 attendas
2111 5234 2128 5261 ,

537 5284 635 5341 sed
665 5283 840 5340 solum
867 5282 1283 5339 Emmanuelem
1312 5281 1531 5338 iuvoces
1553 5322 1569 5350 ,
1602 5299 1669 5338 ac
1698 5300 1795 5355 per
1822 5285 1995 5354 ipsum
2040 5303 2130 5342 sa-

536 5377 707 5432 lutem
737 5376 1096 5433 nanciscaris.
1124 5373 1382 5430 Nonnulli
1419 5389 1548 5431 vero
1576 5376 1687 5431 haec
1728 5378 1953 5434 minime
1979 5381 2128 5450 cogi-

2232 4647 2335 4716 τῆς
2368 4645 2475 4697 τῶν
2511 4642 2787 4712 πολεμίων
2819 4642 2984 4712 ἥττης
3035 4641 3342 4713 ἐπεγράφου
3382 4639 3569 4693 τοῦτον
3616 4638 3789 4691 αἴτιον
3810 4654 3825 4667 ·

2233 4743 2301 4794 ἐκ
2344 4737 2625 4809 Παρθένου
2667 4736 2765 4806 μὲν
2799 4735 3194 4805 γεννησόμενόν
3239 4751 3390 4795 ποτε,
3438 4734 3537 4804 ήδη
3584 4733 3639 4786 δὲ
3693 4733 3829 4787 Θεὸν

2231 4830 2384 4890 ὄντα,
2428 4828 2524 4881 καὶ
2575 4826 2693 4897 μεθ’
2729 4823 2884 4894 ἡμῶν
2924 4824 3073 4886 ὄντα,
3121 4822 3370 4876 ἐντεῦθεν
3408 4822 3464 4875 δὲ
3497 4822 3597 4893 ήδη
3632 4821 3700 4874 τὰ
3730 4838 3831 4892 με·

2233 4919 2379 4991 γάλα
2414 4918 2549 4992 πρὸς
2578 4916 2853 4988 σωτηρίαν
2884 4915 3276 4987 χαριτούμενόν
3307 4931 3409 4967 σοι.
3428 4913 3707 4966 Πιστεύων
3730 4909 3829 4966 οὖν

2231 5011 2313 5083 τῷ
2374 5010 2504 5080 θείῳ
2558 5009 2976 5081 προστάγματι,
3037 5006 3276 5076 συνεχῶς
3350 5006 3511 5058 αὑτὸν
3561 5004 3827 5059 ἐπικαλοῦ

2234 5100 2452 5173 βοηθὸν,
2504 5097 2851 5171 Ἐμμανουήλ
2891 5096 3195 5169 ὀνομάζων.
3232 5097 3503 5167 Τοιαύτης
3550 5097 3656 5168 γάρ
3681 5114 3830 5160 τινος

2233 5195 2424 5267 ὥσπερ
2473 5193 2687 5265 ἐπῳδῆς
2721 5192 2897 5265 χρεία,
2944 5192 3082 5263 πρὸς
3119 5190 3181 5244 τὺ
3228 5190 3303 5262 μὴ
3346 5191 3565 5262 δαίμοσι
3607 5191 3827 5263 βοηθοῖς

2234 5286 2556 5359 προσέχεινο
2605 5284 2765 5356 μόνον
2796 5284 2851 5337 δὲ
2883 5284 2974 5336 τὸν
3034 5282 3380 5354 Ἐμμανουήλ
3420 5284 3822 5349 ἐπικαλεῖσθαι,

2232 5378 2330 5430 καὶ
2363 5377 2429 5430 δι’
2463 5374 2631 5429 αύτοῦ
2664 5372 2954 5436 σώζεσθαι.
2982 5371 3169 5425 Ταῦτα
3212 5373 3286 5444 μὴ
3314 5374 3608 5442 νοήσαντές
3655 5391 3822 5437 τινες,

542 5478 721 5524 tantes
739 5509 758 5536 ,
782 5469 838 5524 in
867 5466 1162 5539 Evangelio
1191 5465 1489 5523 secundum
1519 5465 1834 5522 Matthzeum
1863 5512 1879 5534 ,
1908 5486 2008 5541 pro
2033 5470 2123 5526 illo

2231 5469 2288 5520 ἐν
2318 5464 2397 5537 τῷ
2419 5465 2563 5521 κατὰ
2589 5463 2868 5519 Ματθαίον
2898 5463 3235 5534 Εὐαγγελίῳ,
3258 5464 3380 5516 ἀντὶ
3403 5463 3519 5525 τοῦ,
3554 5483 3573 5515 ι
3608 5472 3700 5517 καὶ
3722 5482 3828 5517 κα-

544 5577 567 5613 ι
603 5568 661 5615 et
686 5559 934 5625 vocabis,
972 5579 990 5611 ι
1035 5578 1053 5611 ι
1085 5568 1142 5615 et
1165 5556 1461 5624 vocabunt,
1496 5576 1516 5611 ι
1546 5560 1816 5629 scripsere
1852 5580 1865 5617 :
1897 5572 1951 5618 at
1994 5578 2124 5632 pro-

2231 5560 2426 5626 λέσεις,
2447 5578 2571 5611 μοι
2593 5558 2688 5611 καὶ
2701 5554 3007 5618 καλέσουσι,
3045 5573 3061 5607 ο
3102 5556 3463 5627 πεποιήκασιν
3482 5573 3496 5587 ·
3523 5556 3620 5627 οὐχ
3649 5555 3828 5620 οὓτως

541 5652 761 5720 phetica
814 5652 979 5706 lectio
1020 5667 1125 5706 non
1153 5650 1237 5706 sic
1270 5647 1468 5719 habet;
1497 5651 1593 5708 sed
1636 5648 1908 5711 llebmca
1963 5654 2124 5712 lectio

2231 5653 2458 5726 ἐχούσης
2486 5652 2586 5722 τῆς
2610 5649 2958 5721 προφητικῆς
2978 5648 3177 5717 λέξεως
3200 5666 3213 5679 '
3244 5651 3280 5720 ἦ
3313 5666 3372 5702 τε
3407 5648 3514 5721 γὰρ
3557 5648 3829 5722 Ἐϐραῖκὴ

608 5831 659 5865 ³⁸
680 5830 876 5888 Matth.
913 5845 952 5890 ι.
979 5829 1067 5890 20.
1106 5829 1202 5887 21.
