4138 6414
330 339 429 393 157

1247 328 1755 387 COMMENTARIA
1794 326 1859 381 IN
1900 326 2158 381 ISAIAM.
2200 356 2264 366 -——
2304 322 2455 379 CAP.
2502 319 2610 374 V'll.

3494 316 3590 369 1³53

329 454 503 525 φωνὴ,
533 451 701 522 ταύτῃ
734 467 791 504 τε
827 452 1194 523 καταλληλως,
1240 452 1333 504 καὶ
1374 451 1611 512 ἅπαντες
1650 450 1699 502 oi
1739 451 1911 519 ἑρμη-

2029 463 2134 502 :um
2159 447 2259 500 hac
2290 454 2472 498 nostra
2504 439 2797 507 congruit:
2831 447 2882 492 et
2921 451 3111 491 omnes
3146 436 3470 501 interpretes
3505 451 3593 484 va-

330 550 535 612 νευταὶ,
569 544 871 611 καλέσεις,
900 545 1280 598 ἐκδεδώκασιν.

410 659 429 691 ι
469 638 858 708 Βούτυρονοκαὶ
890 636 1010 707 μέλι
1039 636 1291 706 φάγεται,
1329 638 1457 708 πρὶν
1490 636 1523 706 ἦ
1570 634 1771 702 γνῶναι
1813 633 1913 685 αύ-

331 730 444 796 τὸν,
474 730 506 801 ἢ
539 728 861 801 προελέσθαι
896 726 1128 798 πονηρά,
1159 727 1479 792 ἐκλέξασθαι
1512 727 1573 779 τὸ
1615 725 1839 794 ἀγαθόν.
1892 743 1909 774 ι

333 823 395 875 Ei
415 821 544 890 γοῦν
570 820 868 890 θαυμάζεις
894 819 1025 871 Θεὸν
1058 818 1395 890 γεννώμενον
1425 818 1660 880 ἀκούων,
1698 816 1917 868 πίστευ-

334 932 448 977 σον,
490 916 572 967 ὂτι
606 914 699 966 καὶ
735 915 908 984 τροφῇ
956 912 1164 983 νηπίων
1210 913 1494 983 χρήσεται.
1527 912 1602 963 Ού
1632 911 1742 982 γάρ
1778 909 1918 963 κατά

330 1024 451 1059 τινα
507 1007 808 1075 φαντασίαν
842 1005 1135 1076 ὀφθήσεται
1168 1005 1483 1076 ἅνθρωπος,
1522 1004 1634 1076 (Η)
1684 1001 1808 1055 οὔτε
1839 1002 1919 1073 τῷ

330 1098 510 1152 δοκεῖν
557 1097 708 1151 ἔσται
757 1097 818 1150 τὸ
866 1097 1186 1166 γινόμενονο
1237 1096 1351 1150 ἀλλ’
1400 1094 1616 1165 ἀληθῶς
1663 1096 1918 1164 τοιαύτην

333 1190 599 1260 ὑπομενεῖ
642 1190 930 1259 γέννησιν,
977 1187 1051 1252 ώς
1102 1190 1424 1258 κοινωνῆσαι
1457 1186 1665 1255 νηπίων
1711 1186 1913 1256 τροφῇ·

336 1283 583 1355 βουτύρῳ
602 1282 746 1351 λέγω
772 1283 865 1334 καὶ
889 1281 1063 1352 μέλιτι
1087 1280 1287 1351 ὁμοίως
1312 1283 1422 1343 τοῖς
1445 1280 1649 1341 λοιποῖς
1674 1277 1915 1348 βρέφεσι.

334 1374 506 1441 Τοῦτο
537 1374 634 1444 μὲν
660 1370 751 1426 οὖν
776 1372 1143 1443 ἀνθρώπινον·
1181 1372 1240 1425 τὸ
1267 1372 1324 1424 δὲ
1352 1373 1449 1442 τῆς
1477 1372 1727 1442 θεότητος
1755 1369 1918 1423 αὑτοῦ

336 1465 741 1536 παραστατικὸν
762 1467 935 1517 ἐκεῖνο
960 1464 1024 1518 ἀν
1052 1465 1162 1533 εἴη,
1188 1464 1269 1516 ὅτι
1293 1465 1422 1534 πρὶν
1452 1463 1485 1533 ἢ
1508 1463 1709 1531 γνῶναι
1733 1462 1917 1525 αὑτὸν,

335 1555 370 1626 ἢ
406 1555 723 1626 προελέσθαι
760 1556 989 1626 πονηρὰ,
1038 1554 1313 1620 ἐκλὲξεται
1356 1555 1417 1607 τὸ
1448 1554 1684 1623 ἀγαθὸν,
1718 1556 1812 1608 καὶ
1853 1555 1921 1608 τὰ

338 1648 485 1718 ἑξῆς.
521 1648 781 1719 Σημαίνει
824 1648 880 1700 δὲ
914 1651 941 1701 ὁ
974 1648 1150 1715 λόγος,
1187 1649 1268 1700 ὅτι
1313 1651 1407 1702 καὶ
1448 1648 1575 1719 παρ’
1622 1648 1790 1719 αὐτὴν
1822 1649 1921 1719 τὴν

336 1740 587 1810 γέννησιν
614 1740 943 1813 διακριτικός
973 1756 1057 1803 τις
1100 1736 1185 1809 ἦν,
1222 1740 1313 1791 καὶ
1349 1738 1572 1808 ἀγαθῶν
1614 1739 1917 1810 ποιητικὸς,

2019 540 2165 593 εαὺίε
2189 538 2494 591 ediderunt.

2102 630 2262 684 Vens.
2300 628 2385 681 15.
2419 645 2437 678 ι
2478 626 2735 691 Butyrum
2769 630 2824 677 et
2853 620 2957 677 mel
2982 618 3225 674 comedet
3251 656 3266 680 ,
3297 625 3590 684 antequam

2018 724 2155 779 sciat
2178 723 2312 791 ipse,
2346 728 2435 772 aut
2460 718 2741 788 praeeligat
2788 714 2952 778 mala,
2986 713 3190 780 eligere
3220 710 3446 764 bonum.
3478 726 3498 759 ι
3531 708 3589 759 Si

2018 828 2151 882 ergo
2189 810 2408 865 miraris
2434 850 2448 873 ,
2481 825 2601 863 cum
2628 807 2816 861 audias
2858 815 3045 858 natum
3077 803 3245 855 Deum
3273 839 3289 865 ,
3322 807 3376 852 at
3403 798 3592 860 crede,

2020 906 2276 976 quoniam
2318 902 2603 957 infantium
2646 900 2769 953 cibo
2808 912 3005 952 usurus
3034 905 3133 949 est.
3176 892 3291 947 Non
3333 892 3475 977 enim
3510 906 3596 944 Se-

2020 999 2257 1054 cundum
2313 994 2601 1064 quamdam
2655 990 2998 1061 phantasiam
3053 989 3215 1042 homo
3266 983 3593 1055 apparebit,

2022 1105 2195 1159 neque
2254 1087 2465 1158 species
2504 1085 2678 1138 solum
2726 1082 2832 1135 erit
2887 1081 2939 1133 id
2991 1080 3133 1149 quod
3164 1080 3446 1149 gignetur;
3500 1077 3592 1129 sed

2020 1184 2266 1237 eumdem
2305 1194 2493 1236 revera
2541 1189 2725 1232 ortum
2783 1175 3017 1238 subibit,
3071 1175 3143 1228 ita
3200 1184 3256 1227 ut
3303 1170 3591 1226 infantium

2022 1275 2281 1329 alimento
2322 1282 2533 1337 utatur,
2566 1272 2763 1342 butyro
2789 1268 3040 1323 videlicet
3066 1278 3120 1322 et
3146 1265 3302 1320 melle
3326 1304 3342 1331 ,
3372 1264 3597 1334 perinde

2021 1378 2187 1437 atque
2220 1366 2309 1420 alii
2346 1365 2603 1420 infantes.
2634 1366 2696 1419 Et
2731 1366 2833 1419 hoc
2878 1361 3092 1431 quidem
3139 1361 3431 1413 humanum
3470 1365 3592 1410 est:

2021 1463 2162 1530 quod
2185 1468 2364 1514 autem
2413 1459 2665 1513 deitatem
2712 1458 2828 1527 ejus
2852 1458 3091 1511 declarat
3127 1453 3255 1507 illud
3295 1462 3379 1508 est
3402 1496 3417 1518 ,
3453 1453 3597 1522 quod

2022 1553 2334 1622 priusquam
2366 1551 2457 1605 ille
2488 1550 2627 1604 mala
2662 1551 2746 1605 vel
2779 1549 2985 1603 noverit
3022 1547 3104 1601 vel
3144 1545 3460 1615 prmtulerit,
3508 1544 3602 1597 eli-

2024 1654 2111 1714 get
2149 1632 2349 1697 bonum
2375 1684 2390 1709 ,
2426 1654 2532 1696 etc.
2573 1641 2669 1697 His
2708 1657 2872 1713 porro
2904 1640 3242 1710 signiﬁcatur
3272 1638 3357 1692 vel
3395 1636 3449 1690 in
3484 1637 3603 1704 ipso

2023 1746 2147 1787 ortu
2174 1732 2522 1786 discernendi
2551 1733 2601 1786 vi
2631 1732 2915 1801 praeditum
2945 1770 2960 1794 ,
2985 1746 3047 1785 ac
3077 1731 3338 1784 bonorum
3363 1736 3601 1798 patrato-

334 1834 364 1884 ὁ
410 1832 791 1902 Ἐμμανουὴλ,
825 1831 885 1883 τὸ
925 1830 1170 1902 κριτικὸν
1213 1832 1273 1896 ἐξ
1319 1831 1531 1884 ἐκείνου
1566 1830 1919 1900 κεκτημένος,

2029 1841 2138 1880 rem
2181 1825 2583 1879 Emmanuelem
2613 1826 2801 1889 fuisse,
2825 1822 2937 1891 jam
2964 1832 3089 1876 tunc
3128 1822 3315 1892 judicii
3344 1819 3602 1875 facultate

336 1926 431 1977 καὶ
459 1925 849 1995 ἀποσειόμενος
893 1924 991 1995 μὲν
1025 1925 1086 1977 τὸ
1116 1925 1283 1978 κακόν
1301 1942 1313 1954 ·
1351 1924 1510 1995 μόνον
1538 1923 1595 1977 δὲ
1622 1923 1685 1976 τὸ
1721 1923 1923 1992 ἀγαθὸν

333 2015 756 2086 ἀποδεχόμενος.
798 2014 1067 2085 Τοιαύτης
1100 2014 1209 2085 γάρ
1256 2014 1407 2068 ἔσται
1432 2057 1446 2081 ,
1498 2014 1668 2085 φησὶ,
1710 2012 1925 2083 φύσεως

336 2109 430 2161 καὶ
452 2108 512 2174 ἐξ
545 2108 715 2179 αὐτῆς
741 2107 839 2178 τῆς
880 2107 1209 2177 γεννήσεως.

414 2219 431 2251 t
476 2200 586 2252 Καὶ
623 2200 775 2251 ἔσται
824 2201 883 2251 ἐν
926 2200 993 2268 τῇ
1027 2197 1214 2269 ἡμέρᾳ
1250 2196 1453 2267 ἐκείνῃ,
1509 2197 1685 2266 συριεῖ
1721 2194 1926 2265 Κύριος

340 2291 549 2362 μυίαις,
603 2292 660 2344 αἳ
714 2289 1067 2361 κυριεύσουσι
1116 2289 1281 2360 μέρος
1328 2286 1578 2357 ποταμοῦ
1624 2286 1924 2354 Αἰγύπτου,

340 2384 438 2436 καὶ
464 2385 533 2452 τῇ
579 2382 832 2453 μελίσσῃ,
862 2381 896 2450 ἦ
926 2384 1073 2433 ἐστιν
1102 2383 1158 2433 ἐν
1183 2377 1338 2451 χώρᾳ
1383 2380 1704 2451 Ἀσσυρίων.
1746 2400 1764 2432 ι
1818 2381 1926 2450 Ση-

346 2472 526 2543 μαίνει
554 2472 642 2525 διά
668 2471 871 2524 τούτων
900 2473 928 2523 ὁ
952 2471 1109 2538 λόγος
1135 2469 1451 2537 Αἰγυπτίων
1480 2470 1692 2541 ἀνδρῶν
1718 2470 1924 2539 ἔφοδον,

342 2562 439 2626 οὓς
484 2580 649 2632 φησιν
686 2562 837 2632 ἥξειν
877 2562 969 2614 ἐπὶ
1011 2563 1111 2631 τὴν
1149 2561 1409 2614 Ἰουδαίαν
1432 2560 1617 2631 χώραν
1652 2562 1751 2614 οὐκ
1800 2562 1927 2615 ἄνευ

266 2672 283 2689 ο
343 2656 480 2709 Θεοῦ
503 2697 518 2721 ,
552 2655 781 2725 νεύματι
812 2656 1011 2717 αὐτοὺς
1038 2654 1131 2706 τοῦ
1167 2654 1375 2723 Κυρίου
1404 2653 1784 2725 διεγείροντος,
1831 2654 1926 2707 καὶ

341 2748 532 2819 ῶσπερ
608 2747 905 2818 συρίγματι
968 2745 1365 2817 παρορμῶντος
1419 2746 1616 2808 αὐτοὺς
1672 2745 1782 2799 ἀπὸ
1831 2747 1930 2817 τῆς

343 2839 623 2907 Αἰγύπτου
659 2857 672 2870 ’
708 2840 802 2892 καὶ
835 2840 934 2892 οὐκ
966 2838 1075 2892 ἀπὸ
1108 2838 1291 2909 πάσης
1323 2836 1550 2905 ταύτης,
1583 2836 1699 2890 ἀλλ’
1732 2839 1797 2890 ἐκ
1833 2839 1928 2908 μέ-

348 2946 474 3000 ρους
522 2930 718 3001 αύτῆς.
759 2931 829 2982 Ἢ
859 2930 955 2983 καὶ
986 2929 1074 2983 διά
1104 2929 1166 2982 τὸ
1193 2929 1413 3000 λύθροις
1444 2929 1542 2983 καὶ
1589 2928 1785 3000 αἵμασι
1818 2932 1929 2993 τοῖς

346 3020 489 3073 κατὰ
534 3022 631 3092 τὴν
679 3020 987 3092 ἀκάθαρτον
1038 3020 1482 3091 είδωλολατρείαν
1540 3020 1751 3091 χαίρειν
1805 3023 1930 3085 τοὺς

345 3112 698 3180 Αἰγυπτίους,
747 3113 1085 3185 παραϐάλλει
1132 3113 1318 3183 μυίαις
1351 3111 1545 3175 αύτούς
1569 3129 1581 3141 ·
1621 3113 1721 3183 τὴν
1743 3112 1799 3164 δὲ
1823 3111 1928 3165 τῶν

358 3204 661 3276 Ἀσσυρίων
700 3204 1002 3277 πολεμικὴν
1027 3205 1257 3275 δύναμιν
1290 3204 1377 3258 διὰ
1403 3203 1463 3258 τὸ
1493 3203 1772 3275 πολεμικῷ
1803 3205 1927 3258 κέν-

342 3313 461 3369 τρῳ
483 3297 808 3367 κεχρῆσθαι,
839 3298 936 3351 καὶ
966 3297 1073 3350 τῶν
1106 3296 1307 3350 λοιπῶν
1334 3295 1503 3349 ἐθνῶν
1528 3296 1650 3349 τότε
1682 3298 1925 3367 κρατεῖν,

352 3387 583 3457 μελίσσῃ
619 3387 911 3441 ἀπείκασε.
965 3387 1150 3441 Ταῦτα
1195 3387 1251 3439 δὲ
1295 3386 1597 3459 ἐπληροῦτο
1627 3386 1767 3440 κατὰ
1802 3388 1927 3450 τοὺς

346 3477 573 3547 χρόνους
620 3477 720 3546 τῆς
772 3476 994 3549 πρώτης
1041 3477 1357 3549 πολιορκίας
1397 3477 1766 3549 Ἰερουσαλὴμ,
1804 3476 1925 3530 καθ’

346 3569 439 3633 οὓς
455 3570 743 3638 Αἰγύπτιοι
763 3570 859 3641 μὲν
874 3573 922 3623 οί
942 3570 1263 3642 καλούμενοι
1292 3574 1444 3643 μυῖαι
1461 3570 1595 3642 (15),
1619 3572 1707 3624 ὅτε
1723 3570 1926 3625 τούτων

350 3662 602 3733 βασιλεὺς
632 3661 832 3735 Φαραὼ
866 3663 1108 3717 ἐπελθὼν
1143 3667 1206 3735 τῇ
1256 3664 1544 3724 Ἰουδαίων,
1573 3664 1665 3716 τὸν
1720 3664 1927 3717 Ἰωσίαν

346 3748 437 3804 τὸν
490 3751 713 3820 βασιλέα
754 3752 857 3822 τῆς
899 3752 1286 3825 Ἰερουσαλὴμ,
1336 3752 1446 3806 τῶν
1501 3752 1784 3822 ἐπιφανῶν
1836 3752 1929 3805 καὶ

348 3840 609 3910 θεοφιλῶν
638 3842 844 3915 ἀνδρῶν
873 3844 1087 3908 οὐδενὸς
1113 3845 1386 3917 δεύτερον,
1426 3846 1660 3916 ἀναιρεῖ.
1698 3840 1806 3896 Εἶτ’
1829 3844 1928 3896 ούκ

346 3935 427 3996 εἰς
467 3934 685 4005 μακρὰν
711 3936 740 3987 ὁ
765 3935 871 3987 τῶν
907 3936 1264 3988 Βαϐυλωνίων
1302 3934 1553 4004 βασιλεὺς
1594 3933 1929 4003 Ναϐουχοδο-

347 4024 509 4095 νόσορ
542 4027 638 4078 σὺν
693 4026 911 4099 μεγάλῃ
948 4030 1207 4098 στρατιᾶς
1248 4027 1473 4097 δυνάμει
1523 4025 1785 4089 ἐπελθὼν,
1835 4027 1934 4097 τὴν

352 4114 451 4183 μὲν
487 4113 641 4167 πόλιν
672 4115 841 4185 αὐτὴν
881 4118 945 4167 ἐκ
980 4116 1195 4186 βάθρων
1230 4112 1341 4168 εἷλε
1368 4158 1383 4182 ,
1416 4116 1507 4169 τὸν
1550 4114 1685 4168 νεὼν
1719 4132 1934 4186 πυρπο-

352 4202 520 4275 λήσας
547 4222 559 4234 ·
588 4205 649 4257 τὸ
681 4205 739 4258 δὲ
771 4206 879 4258 πᾶν
905 4205 1056 4270 ἔθνος
1082 4206 1684 4278 ἐξανδραποδισάμενος
1715 4206 1806 4259 καὶ
1835 4206 1937 4269 τὰς

2026 1918 2352 1973 instructum
2388 1932 2403 1971 :
2429 1932 2492 1971 ac
2519 1916 2716 1970 malum
2741 1912 2957 1985 quidem
2989 1916 3371 1978 excutientem,
3402 1912 3601 1967 bonum

2025 2025 2156 2065 vero
2190 2011 2454 2064 duntaxat
2486 2010 2927 2078 amplectentem.
2949 2007 3098 2062 Talis
3127 2007 3326 2078 quippe
3374 2016 3601 2067 naturxe,

2027 2100 2220 2169 inquit,
2248 2100 2331 2154 vel
2367 2102 2434 2154 ab
2468 2101 2583 2169 ipso
2610 2109 2733 2153 ortu
2773 2098 2988 2154 futurus
3015 2110 3122 2155 est.

2096 2191 2260 2246 Vens.
2304 2192 2390 2246 18.
2434 2213 2451 2243 ι
2487 2193 2552 2246 Ει
2577 2192 2683 2246 erit
2711 2192 2763 2246 in
2792 2192 2879 2245 die
2907 2192 3014 2257 illa,
3056 2192 3296 2247 sibilabit
3346 2191 3605 2248 Dominus

2029 2288 2251 2348 muscis,
2283 2297 2404 2351 qua:
2424 2281 2854 2337 dominabuntur
2882 2284 3021 2351 parti
3054 2283 3292 2336 lluuunis
3337 2281 3562 2353 Egypti
3586 2322 3601 2347 ,

2026 2384 2081 2429 et
2104 2374 2190 2444 api
2214 2413 2229 2439 ,
2271 2390 2393 2444 quae
2421 2384 2504 2430 est
2530 2376 2582 2429 in
2613 2374 2836 2443 regione
2881 2375 3250 2445 Assyriorum.
3295 2394 3313 2425 ι
3348 2374 3442 2429 llis
3472 2390 3605 2429 vero

2028 2467 2296 2533 significat
2331 2465 2713 2535 Egyptiorum
2749 2466 2990 2520 virorum
3035 2467 3392 2536 irruptiouem
3420 2484 3434 2521 :
3466 2483 3605 2537 quos

2030 2560 2105 2612 ait
2128 2574 2232 2613 non
2265 2559 2384 2612 sine
2410 2558 2518 2612 Deo
2545 2566 2804 2612 venturos
2846 2573 2969 2612 esse
3007 2559 3058 2612 in
3086 2558 3392 2613 Iudaeorum
3422 2561 3606 2629 regio-

2032 2665 2154 2702 nem
2180 2690 2195 2714 ,
2232 2650 2457 2705 Domino
2501 2666 2598 2718 per
2645 2650 2820 2704 solum
2858 2661 3049 2707 nutum
3090 2662 3501 2715 commovente,
3553 2664 3611 2706 et

2029 2744 2182 2810 quasi
2217 2743 2374 2798 sibilo
2404 2745 2677 2797 excitante
2702 2743 2822 2798 illos
2864 2759 2928 2799 ex
2961 2744 3193 2815 Egypto
3222 2760 3236 2796 :
3270 2759 3369 2798 nec
3393 2759 3459 2797 ex
3492 2753 3607 2798 tota

2033 2835 2119 2888 illa
2142 2874 2156 2899 ,
2188 2836 2283 2889 sed
2314 2849 2376 2887 ex
2425 2845 2578 2903 parte
2606 2836 2840 2905 quadam
2878 2837 3143 2904 ejusdem.
3175 2834 3267 2890 Vel
3290 2836 3414 2904 quia
3444 2835 3614 2905 Egy-

2032 2928 2127 2993 ptii
2158 2969 2171 2991 ,
2204 2941 2403 2980 cruore
2434 2935 2489 2980 et
2537 2929 2804 2998 sanguine
2838 2928 2904 2981 ab
2950 2929 3158 2998 impura
3197 2928 3503 2982 idololatria
3533 2930 3615 2982 ef-

2032 3021 2152 3073 fuso
2180 3018 2617 3085 delectabantur,
2653 3021 2799 3090 ipsos
2826 3020 3027 3075 muscis
3072 3031 3352 3090 comparat
3385 3038 3401 3074 :
3440 3022 3611 3091 Assy-

1979 3172 1994 3188 Ἰ
2036 3114 2241 3165 riorum
2274 3122 2456 3165 autem
2499 3111 2749 3167 bellicam
2787 3113 3043 3166 virtutem
3073 3153 3086 3175 ,
3149 3113 3296 3181 quod
3327 3111 3399 3166 illi
3428 3113 3610 3167 hostili

1980 3207 1996 3224 ‘
2034 3206 2243 3275 Spicqu
2267 3214 2570 3271 uterentur,
2604 3219 2669 3258 ac
2702 3205 2913 3258 caeteris
2945 3214 3069 3257 tunc
3090 3205 3341 3273 gentibus
3374 3206 3611 3274 impera-

2037 3307 2194 3361 rent,
2238 3295 2324 3367 api
2357 3295 2588 3350 similem
2618 3295 2768 3350 dicit.
2812 3294 2937 3349 llaec
2964 3311 3127 3365 porro
3166 3295 3434 3367 completa
3485 3305 3614 3352 sunt

2042 3399 2285 3459 tempore
2339 3390 2526 3459 prima;
2575 3388 3073 3458 Hierosolymorum
3136 3389 3471 3453 obsidionis,
3506 3406 3615 3460 quo

2036 3482 2273 3552 Egyptii
2300 3482 2516 3550 quidem
2546 3521 2560 3543 ,
2598 3497 2796 3535 muscae
2825 3483 2951 3535 dicti
2980 3523 2994 3545 ,
3039 3497 3160 3536 cum
3188 3496 3315 3551 rege
3342 3498 3438 3536 suo
3469 3481 3607 3534 Pha-

2038 3588 2202 3626 raone
2230 3575 2614 3640 irrumpeutes,
2647 3571 2850 3626 Josiam
2891 3573 3613 3644 llierosolymorumregem,

2036 3664 2180 3717 inter
2206 3665 2532 3730 conspicuos
2567 3664 2958 3732 religiososque
3007 3667 3151 3719 viros
3185 3666 3382 3720 nemini
3416 3681 3613 3719 secun-

2036 3753 2161 3806 dum
2191 3751 2599 3805 interfecerunt.
2650 3751 2764 3805 Non
2823 3754 2910 3806 diu
2972 3768 3096 3807 vero
3150 3764 3333 3822 postea
3386 3742 3613 3826 Babyloé

2038 3842 2247 3895 niorum
2299 3856 2394 3894 rex
2457 3839 2969 3907 Nabuchodonosor,
3016 3857 3139 3897 cum
3197 3846 3441 3900 exercitu
3502 3863 3616 3900 ma-

2038 3946 2141 4001 gno
2199 3933 2629 4001 superveniens,
2695 3933 2883 3988 urbem
2942 3937 3113 4003 ipsam
3171 3935 3415 3992 funditus
3464 3937 3613 3992 dele—

2034 4024 2155 4087 vit,
2206 4024 2572 4094 templumque
2617 4026 2896 4089 incendit,
2942 4038 3163 4099 totaque
3215 4040 3373 4100 gente
3419 4030 3470 4084 in
3520 4046 3613 4086 ea-

2036 4115 2339 4184 ptivitatem
2392 4118 2625 4170 abducta
2655 4158 2670 4183 ,
2723 4120 3057 4188 vastatisque
3103 4123 3313 4176 caeteris
3364 4123 3611 4186 urbibus,

2037 4206 2349 4263 Judaeorum
2380 4209 2612 4278 regionis
2636 4210 2890 4281 Assyrios
2916 4212 3248 4268 habitatores
3276 4213 3578 4269 constituit.

353 4299 540 4362 Αοιπάς
581 4298 794 4373 δῃώσας
841 4298 1058 4363 πόλεις,
1119 4300 1436 4371 Ἀσσυρίους
1488 4301 1780 4372 οἰκήτορας
1822 4301 1923 4370 τῆς
1966 4301 2232 4354 Ἰουδαίων
2258 4302 2559 4371 κατέστησε
2593 4301 2796 4374 χώρας.

429 4414 448 4447 ι
501 4394 589 4446 Ἐν
616 4394 682 4463 τῇ
710 4392 893 4465 ἡμέρα
925 4393 1108 4463 ἐκείνῃ
1138 4391 1311 4464 ξυριεῖ
1346 4392 1548 4462 Κύριος
1574 4392 1653 4462 τῷ
1684 4391 1829 4465 ξυρῷ
1855 4392 1929 4462 τῷ

2109 4392 2271 4447 Vens.
2304 4393 2395 4450 20.
2434 4412 2453 4445 ι
2496 4394 2549 4448 In
2591 4395 2677 4449 die
2723 4394 2808 4447 illa
2844 4396 2995 4448 radet
3040 4394 3303 4450 Dominus
3351 4396 3612 4451 novacula

354 4486 577 4559 μεγάλῳ
612 4486 707 4539 καὶ
744 4484 1172 4555 μεμεθυσμένῳ,
1222 4485 1250 4537 ὅ
1276 4488 1391 4538 ἐστι
1433 4484 1607 4556 πέραν
1636 4483 1731 4537 τοῦ
1767 4501 1932 4537 ποτα-

356 4580 456 4651 μοῦ
504 4576 600 4631 τοῦ
654 4576 918 4647 βασιλέως
982 4577 1306 4649 Ἀσσυρίων.
1358 4596 1375 4626 ι
1430 4576 1503 4628 Ού
1540 4576 1639 4647 τὴν
1688 4576 1931 4647 κεφαλὴν

355 4668 445 4725 οὖν
498 4671 664 4741 μόνην
719 4667 962 4740 ξυρήσει,
1015 4669 1115 4738 τὴν
1157 4669 1323 4723 πάλαι
1374 4668 1655 4739 κομῶσαν,
1701 4669 1789 4721 ὅτε
1832 4669 1934 4738 τῆς

355 4763 679 4834 οἰκουμένης
708 4761 971 4832 ἐκράτουν
1007 4760 1303 4830 Ἀσσύριοι,
1336 4759 1473 4812 ἀλλά
1495 4761 1589 4812 καὶ
1621 4760 1719 4822 τὰς
1740 4760 1933 4831 τρίχας

357 4856 460 4910 τῶν
497 4855 692 4918 ποδῶν,
725 4852 925 4925 δηλαδὴ
950 4853 1010 4905 τὸ
1037 4853 1283 4923 ἀνδρεῖον
1317 4853 1523 4923 σχῆμα,
1564 4853 1659 4906 καὶ
1690 4855 1781 4904 τὸν
1813 4849 1931 4903 πώ-

357 4966 505 5017 γωνα
533 4967 545 4979 ’
584 4949 832 5001 τουτέστι
878 4947 968 5000 τὸν
1008 4945 1150 5000 κατὰ
1192 4946 1352 5015 φύσιν
1387 4945 1611 5016 ἀνδράσι
1659 4944 1934 5017 πρέποντα

358 5039 578 5111 κόσμον.
633 5040 803 5111 Ξυρὸν
850 5038 905 5091 δὲ
954 5036 1367 5108 μεμεθυσμένον
1398 5037 1503 5090 ὑπὸ
1544 5036 1636 5089 τοῦ
1668 5036 1874 5108 Κυρίου
1907 5038 1935 5088 ὁ

362 5132 696 5202 προφητικδς
723 5131 948 5185 ἐκάλεσε
968 5130 1125 5198 λόγος
1155 5129 1339 5200 ἕτερόν
1359 5146 1413 5180 τι
1438 5128 1712 5198 πολεμίων
1735 5128 1891 5195 γένος
1919 5142 1934 5157 ⁶

362 5221 427 5274 δι’
456 5216 516 5273 οὗ
544 5223 633 5275 τὸν
671 5221 894 5292 βασιλέα
915 5222 1021 5272 τῶν
1064 5219 1384 5290 Ἀσσυρίων,
1409 5218 1608 5289 δηλαδὴ
1634 5218 1733 5289 τὴν
1758 5220 1937 5273 πᾶσαν

362 5312 539 5368 αὐτῶν
575 5312 848 5381 βασιλείαν
877 5329 936 5364 τε
964 5312 1058 5365 καὶ
1088 5311 1406 5364 δυναστείαν
1437 5309 1690 5381 ξυρήσειν
1717 5309 1820 5379 ἔφη
1847 5310 1939 5362 τὸν

362 5405 513 5466 Θεὸν,
545 5403 620 5466 ῶς
646 5404 905 5476 ταπεινὴν
944 5405 1139 5474 αὐτὴν,
1186 5403 1281 5456 καὶ
1340 5401 1621 5471 ἄνανδρον,
1673 5401 1767 5454 καὶ
1794 5401 1940 5454 ⁸ἀκο-

362 5513 499 5568 σμον
547 5496 639 5549 καὶ
668 5496 950 5565 ἀσχήμονα
985 5494 1282 5564 δειχθῆναι.
1311 5494 1446 5563 Παρ’
1481 5491 1652 5561 ἑτέρῳ
1694 5491 1751 5543 δὲ
1771 5530 1785 5548 .
1818 5492 1940 5545 ἀντὶ

2043 4500 2237 4554 magna
2288 4494 2344 4540 et
2395 4486 2660 4541 inebriata
2691 4526 2707 4549 ,
2764 4487 2907 4554 quod
2932 4498 3014 4541 est
3050 4488 3189 4541 ultra
3220 4486 3440 4543 ﬂuvium
3479 4491 3620 4560 regis

2039 4576 2410 4645 Assyriorum.
2454 4596 2472 4629 ι
2516 4576 2631 4631 Νοιι
2676 4588 2835 4644 caput
2865 4578 3038 4632 solum
3081 4581 3236 4634 radet
3274 4581 3402 4634 olim
3435 4596 3622 4635 coma-

2043 4679 2187 4734 tum,
2213 4684 2337 4723 cum
2380 4669 2592 4739 Assyrii
2620 4670 2738 4722 orbi
2776 4671 3142 4739 imperarent;
3175 4673 3267 4726 sed
3296 4673 3457 4726 etiam
3485 4674 3622 4741 pilos

2041 4760 2260 4827 pedum,
2298 4760 2506 4815 scilicet
2534 4761 2745 4815 virilem
2778 4763 3033 4829 formam,
3054 4772 3109 4818 et
3140 4764 3401 4827 barbam;
3437 4764 3487 4817 id
3512 4773 3620 4829 est,

2040 4861 2292 4904 ornatum
2331 4852 2474 4919 _viris
2528 4856 2827 4908 secundum
2880 4863 3130 4909 naturam
3172 4865 3619 4911 consentaneum.

2040 4941 2370 4995 Novaculam
2403 4959 2530 4997 vero
2579 4960 2606 4998 a
2650 4943 2759 4998 Deo
2794 4945 3113 4998 inebriatam
3144 4947 3286 5000 aliud
3319 4961 3488 5014 genus
3518 4946 3625 5000 ini-

2042 5035 2305 5089 micorum
2332 5048 2608 5106 nuncupat
2640 5038 2987 5108 propheticus
3011 5053 3194 5092 sermo
3229 5080 3241 5091 .
3276 5039 3432 5108 cujus
3457 5053 3618 5106 opera

2046 5138 2223 5194 regem
2261 5126 2622 5197 Assyriorum,
2654 5144 2748 5182 seu
2776 5139 2944 5183 totum
2973 5144 3160 5183 eorum
3191 5144 3413 5199 regnum
3445 5138 3498 5182 et
3523 5144 3620 5198 po-

2048 5218 2273 5270 tentiam
2317 5222 2641 5275 abrasurum
2697 5223 2862 5276 Deum
2904 5238 3026 5277 esse
3055 5223 3411 5293 pra-nuntiat;
3462 5220 3535 5274 ita
3565 5231 3621 5273 ut

2046 5307 2269 5363 humilis
2289 5351 2303 5375 ,
2331 5311 2585 5379 imbellis,
2624 5314 2897 5385 incompta
2924 5356 2937 5380 ,
2971 5326 3023 5368 et
3054 5313 3310 5369 deformis
3340 5325 3617 5383 appareat.

2046 5400 2152 5455 Pro
2209 5402 2300 5458 illo
2333 5414 2510 5460 autem
2540 5445 2556 5471 ,
2599 5424 2619 5458 ι
2662 5408 2928 5462 inebriata
2968 5404 3231 5462 novacula
3254 5444 3268 5469 ,
3313 5423 3332 5456 ι
3367 5405 3506 5459 alius
3541 5406 3625 5458 in-

2047 5501 2279 5562 terpres,
2316 5515 2334 5548 ‹
2375 5500 2625 5555 mercede
2650 5500 2941 5565 conducta,
2986 5519 3004 5552 ι
3034 5498 3213 5553 habet.

361 5590 454 5643 τοῦ
482 5586 911 5658 μεμεθυσμένῳ
933 5586 1112 5656 ξυρῷ,
1137 5586 1564 5656 μεμισθωμένῳ
1585 5582 1814 5653 εὓρηται
1842 5582 2016 5648 οὕτως
2039 5586 2265 5642 εἰπόντι.

434 5704 546 5776 (ll)
582 5705 780 5759 Eadem
814 5701 972 5773 plane
1006 5702 1367 5776 Hieronymus
1394 5703 1559 5759 habet
1591 5701 1659 5757 ad
1687 5700 1831 5756 hunc
1857 5701 2053 5758 locum.

440 5772 552 5848 (15⁷)
580 5776 701 5830 Haec
732 5778 862 5828 item
892 5774 1032 5841 apud
1068 5772 1480 5843 Hieronymum.

764 5872 1037 5931 Pyram“
1087 5869 1205 5930 Gn.
1252 5871 1487 5932 XXIV.

375 5958 423 5966 -ο-
