4138 6420
549 295 652 350 159

1222 295 1487 352 EUSEBII
1527 296 2009 352 CESABIENSIS
2049 297 2200 352 OPP.
2240 296 2422 353 PARS
2461 297 2547 354 IlI.
2587 328 2660 342 —-
2694 296 3108 355 EXEGETICA.

3706 305 3806 359 tto

622 412 784 465 Vens.
818 409 881 464 21
904 453 919 476 ,
955 413 1043 467 2‘2.
1085 430 1102 464 ι
1140 412 1202 466 Et
1232 415 1338 468 erit
1375 416 1428 469 in
1458 414 1546 470 die
1572 415 1683 481 illa,
1713 415 1918 471 nutriet
1963 417 2108 472 homt

2302 435 2320 466 ε
2363 417 2471 470 Kal
2499 415 2652 470 ἔσται
2683 417 2740 470 ὲν
2765 417 2834 488 τῆ
2868 417 3052 489 ἡμέρᾳ
3079 416 3262 487 ἐκείνη
3295 411 3485 488 θρέψει
3518 418 3806 490 ἄνθρωπος

538 519 768 557 vaccam
809 503 968 558 boum
995 543 1010 565 .
1035 516 1089 557 et
1116 507 1250 559 duas
1287 519 1438 560 oves.
1479 505 1548 560 Et
1574 507 1680 562 erit
1722 525 1753 562 a
1781 509 1937 578 copia
1963 508 2123 564 lactis

543 611 708 666 quan.
739 593 976 660 facient,
1006 607 1064 650 ut
1096 599 1345 668 butyrum
1382 606 1438 652 et
1467 599 1572 654 mel
1621 601 1873 655 comedat
1903 601 2080 657 omnis
2104 641 2120 664 ,

543 687 636 757 qui
663 686 952 742 derelictus
986 686 1150 742 fuerit
1195 687 1247 742 in
1280 697 1446 744 terra.
1485 707 1504 742 ι
1545 690 1860 746 Extremam
1891 708 2124 763 pauper-

453 850 455 852 .
546 788 712 833 tatem
740 787 795 834 et
823 779 1054 850 inopiam
1083 781 1166 834 his
1194 779 1542 849 subindicat;
1577 786 1685 838 imo
1712 784 1876 839 etiam
1897 795 1954 840 et
1981 785 2121 839 rari-

547 879 708 924 tatem
738 869 989 924 frumenti
1034 870 1099 925 ad
1132 871 1314 926 cibum
1347 875 1744 942 praestandum.
1793 873 1926 930 Nam
1975 876 2122 946 quod

540 975 647 1014 non
687 960 846 1015 boum
879 975 1091 1030 greges,
1150 961 1245 1017 sed
1270 977 1433 1016 unam
1469 971 1674 1018 tantum
1710 981 1932 1020 vaccam
1961 967 2123 1020 homo

540 1052 836 1118 possideat,
865 1061 920 1106 et
947 1053 1092 1122 quod
1126 1068 1236 1108 non
1262 1054 1427 1120 ovile,
1479 1055 1573 1110 sed
1601 1055 1737 1111 duas
1763 1066 1970 1113 tantum
1993 1073 2123 1113 oves

537 1144 686 1217 alat‘,
734 1153 991 1200 extrema:
1040 1144 1207 1201 fuerit
1277 1145 1471 1216 inopia)
1521 1160 1942 1218 argumentum;
1991 1151 2122 1220 quin

529 1237 699 1291 etiam
727 1239 870 1306 quod
900 1238 1147 1293 residuus
1173 1237 1226 1292 in
1256 1246 1399 1293 terra
1419 1239 1650 1308 populus
1681 1243 1874 1312 butyro
1912 1251 2121 1297 tantum

534 1338 591 1384 et
619 1329 778 1384 melle
809 1329 988 1383 alatur
1007 1374 1021 1396 ,
1050 1330 1101 1383 id
1133 1328 1330 1384 famem
1359 1329 1515 1401 panis
1543 1331 1807 1387 declarat.
1833 1332 1930 1389 Hic
1959 1347 2122 1403 porro

535 1430 653 1479 erat
703 1421 928 1492 populus
962 1424 1061 1476 sub
1094 1421 1320 1479 Godolia
1344 1462 1360 1489 ,
1395 1439 1559 1493 quem
1607 1426 1678 1480 ob
1713 1425 1971 1480 frumenti
2029 1442 2122 1496 pe-

535 1513 790 1580 nuriam,
839 1515 1033 1584 exiguo
1080 1529 1338 1582 pecorum
1375 1515 1518 1570 lacte
1563 1524 1619 1571 et
1666 1516 1862 1588 butyro
1909 1516 1962 1570 in
2014 1517 2117 1571 ali-

535 1612 779 1658 mentum
830 1617 1054 1658 usurum
1099 1605 1431 1674 prmmmtiat
1482 1622 1498 1658 :
1554 1605 1806 1660 universa
1857 1605 2116 1677 regione,

534 1695 606 1750 ob
634 1696 871 1750 virorum
895 1696 1222 1764 paucitatem
1250 1695 1303 1751 in
1321 1697 1595 1752 desertum
1621 1707 1678 1752 et
1707 1696 1760 1750 in
1782 1695 1969 1767 spinas
1991 1710 2118 1752 con-

537 1801 715 1841 versa.

608 1995 772 2051 Vsus.
804 1995 902 2051 25.
948 2013 968 2048 ι
1013 1995 1216 2050 Et-errt
1241 1996 1298 2051 in
1331 1996 1418 2052 die
1449 1997 1537 2051 illa
1560 2037 1580 2063 ,
1608 1999 1789 2053 omnis
1835 1997 1990 2054 locus
2021 1995 2112 2052 ubi

536 2089 736 2144 fuerint
783 2087 929 2144 mille
958 2088 1126 2144 vinea:
1149 2127 1168 2154 ,
1224 2088 1372 2143 mille
1415 2089 1708 2157 siclorum,
1743 2091 1795 2144 in
1839 2078 2112 2146 desertum

533 2183 644 2237 erit
668 2191 724 2237 et
765 2182 817 2237 in
866 2181 1101 2252 spinam.
1146 2197 1168 2232 θ
1209 2179 1362 2248 Quod
1404 2181 1567 2252 igitur
1617 2191 1764 2237 terra
1815 2181 2017 2237 inculta
2055 2190 2110 2237 et

525 2274 702 2344 spinis
731 2272 929 2329 referta
980 2274 1096 2337 sit,
1131 2272 1405 2328 frumento
1434 2274 1688 2340 carebit;
1739 2288 1914 2346 neque
1946 2275 2114 2330 homo

527 2367 618 2437 qui
649 2366 897 2422 residuus
922 2367 1030 2422 erit
1057 2405 1073 2432 ,
1101 2373 1310 2420 natura:
1335 2365 1662 2435 congruenti
1691 2367 1838 2430 cibo,
1869 2376 1963 2422 aut
1985 2367 2114 2424 vino

528 2460 821 2526 nutrietur,
882 2457 991 2512 imo
1017 2457 1196 2527 potius
1233 2456 1378 2512 lacte
1405 2497 1421 2522 ,
1447 2459 1665 2530 butyro,
1690 2469 1745 2514 et
1781 2459 1941 2516 melle
1965 2477 1980 2527 ;
2013 2459 2080 2516 iis
2098 2493 2112 2502 -

521 2566 633 2618 que
665 2565 770 2604 non
803 2565 835 2605 a
869 2563 1161 2604 numeroso
1212 2547 1376 2604 boum
1407 2564 1573 2620 grege
1595 2588 1613 2615 ,
1649 2565 1826 2618 neque
1857 2550 1926 2606 ab
1957 2551 2116 2606 ovili-

521 2643 630 2696 bus
659 2642 1034 2710 congregatis,
1085 2639 1180 2694 sed
1208 2654 1275 2693 ex
1305 2639 1499 2694 ovibus
1529 2641 1854 2710 quibusdam
1894 2652 1950 2698 et
1994 2645 2113 2697 ani-

528 2731 760 2787 malibus
789 2730 1022 2785 miseris.
1050 2727 1184 2784 Nam
1212 2729 1352 2784 alius
1382 2743 1449 2784 ex
1481 2747 1584 2785 una
1615 2732 1807 2786 bucula
1829 2770 1847 2794 ,
1878 2731 2016 2788 alius
2045 2749 2110 2787 ex

527 2822 739 2879 duabus
766 2823 958 2878 ovibus
984 2824 1034 2878 id
1073 2821 1426 2878 mutuabitur.

601 3030 764 3086 Vsus.
793 3031 883 3088 25.
935 3049 955 3082 ι
1017 3030 1084 3086 Et
1111 3029 1293 3086 omnis
1333 3043 1486 3084 mons
1533 3037 1716 3084 aratas
1741 3028 2108 3099 arabitur,'et

2223 509 2453 579 δάμαλιν
2479 508 2618 578 βοῶν
2660 509 2756 563 καὶ
2800 510 2895 564 δύο
2941 509 3212 582 πρόϐατα.
3247 511 3358 564 Kal
3386 510 3538 565 ἔσται
3572 512 3683 566 ἀπὸ
3709 513 3804 568 τοῦ

2225 601 2474 655 πλεῖστον
2503 605 2678 656 ποιεῖν
2711 602 2873 670 γάλα,
2911 601 3171 672 βούτυρον
3198 602 3294 656 καὶ
3329 602 3455 673 μέλι
3475 607 3668 674 φαγεῖν
3695 608 3805 670 πᾶς

2223 693 2252 744 ό
2280 692 2660 762 καταλειφθεὶς
2685 693 2778 747 ἐπὶ
2806 692 2904 763 τὴν
2933 694 3059 763 γῆν.
3107 713 3126 745 ι
3183 693 3465 764 Πτωχείαν
3487 711 3546 747 τε
3580 697 3677 750 καὶ
3703 714 3803 751 πε-

2223 785 2344 839 νίαν
2371 784 2820 856 ὑπερϐάλλουσαν
2847 784 3146 838 αἰνίττεται
3165 785 3254 838 διὰ
3272 784 3480 839 τούτων
3503 804 3516 816 ·
3549 787 3686 842 ἀλλά
3707 790 3803 843 καὶ

2223 873 2427 928 ἔνδειαν
2461 875 2557 928 καὶ
2585 873 2779 928 σπάνιν
2803 874 2902 945 τῆς
2917 874 3025 928 ἀπὸ
3049 873 3145 928 τοῦ
3177 875 3323 929 σίτου
3352 877 3582 948 τροφῆς⁶
3610 879 3672 932 τὸ
3693 881 3801 954 γὰρ

2227 967 2302 1036 μὴ
2332 966 2468 1036 βοῶν
2493 966 2716 1034 ἀγέλας,
2767 967 2896 1038 μίαν
2925 966 2982 1020 δὲ
3024 968 3193 1038 μόνην
3231 967 3460 1039 δάμαλιν
3502 971 3800 1041 κεκτῆσθαι

2223 1056 2530 1128 ἄνθρωπον,
2584 1057 2680 1110 καὶ
2721 1057 2784 1110 τὸ
2833 1056 2908 1128 μὴ
2954 1057 3206 1127 ποίμνιον
3258 1056 3568 1128 προϐάτων,
3618 1058 3712 1112 δύο
3742 1060 3803 1114 δὲ

2222 1147 2471 1220 πρόϐατα
2502 1148 2643 1218 μόνα
2668 1147 2913 1219 τρέφειν,
2941 1147 3042 1217 τῆς
3066 1149 3302 1218 ἐσχάτης
3330 1147 3398 1202 ἀν
3426 1149 3636 1217 γένοιτο
3662 1152 3801 1205 ἀπο⁹

2226 1240 2344 1310 ρίας
2373 1239 2640 1310 σύμϐολον
2668 1256 2682 1269 ·
2717 1237 2856 1293 ἀλλὰ
2883 1238 2981 1292 καὶ
3005 1238 3067 1292 τὸ
3096 1237 3342 1310 βουτύρῳ
3371 1241 3669 1311 τρέφεσθαι
3705 1243 3799 1296 καὶ

2225 1327 2400 1398 μέλιτι
2428 1327 2605 1382 πάντα
2643 1328 2737 1381 τὸν
2787 1326 3218 1397 καταλειφθέντα
3252 1327 3348 1380 ἐπὶ
3380 1329 3479 1398 τῆς
3509 1330 3612 1400 γῆς
3651 1330 3798 1395 λαὸν,

2221 1417 2377 1487 λιμὸν
2409 1417 2574 1489 ἀρτου
2608 1417 2959 1489 παρίστησιν.
3008 1413 3176 1481 Οὗτος
3197 1417 3256 1470 δὲ
3281 1412 3348 1490 ἦν
3389 1419 3418 1470 ό
3451 1419 3546 1472 ἐπὶ
3569 1413 3672 1473 ’τοῦ
3705 1421 3801 1475 Γο-

2219 1507 2391 1561 δολίου
2414 1507 2564 1572 λαὸς,
2593 1509 2652 1563 ὃν
2679 1509 2768 1563 sia
2794 1507 3028 1581 ἀπορίαν
3051 1508 3151 1579 τῆς
3169 1508 3278 1562 ἀπὸ
3306 1510 3456 1562 σίτου
3489 1513 3699 1582 τροφῆς
3738 1515 3798 1566 έν

2223 1599 2546 1671 βραχυτάτῳ
2591 1600 2926 1672 θρεμμάτων
2971 1599 3204 1670 γάλακτι
3255 1600 3350 1654 καὶ
3391 1600 3636 1675 βουτύρῳ
3663 1621 3798 1676 τρα-

2223 1692 2491 1762 φήσεσθαι
2569 1691 2979 1762 προαγορεύει,
3035 1693 3133 1763 τῆς
3189 1691 3372 1766 χώρας
3433 1695 3651 1766 ἀπάσης
3718 1700 3799 1762 είς

2144 1774 2186 1828 Β
2214 1783 2409 1855 χέρσον
2444 1784 2538 1837 καὶ
2577 1783 2820 1837 ἀκανθαν
2857 1783 2946 1838 διά
2991 1784 3202 1854 ἀνδρῶν
3247 1785 3488 1856 ἐρημίαν
3530 1787 3799 1862 μεταϐλη-

2218 1875 2426 1947 θείσης.

2290 2009 2308 2043 ι
2349 1989 2460 2044 Kal
2481 1989 2632 2043 ἔσται
2655 1989 2714 2044 ὲν
2739 1990 2807 2060 τῇ
2836 1987 3022 2060 ἡμέρᾳ
3047 1988 3252 2060 ἐκείνη,
3280 1991 3390 2054 πᾶς
3415 1990 3579 2056 τόπος
3607 1985 3670 2046 οὗ
3701 1992 3798 2047 ιάν

2214 2075 2316 2134 ὦσι
2344 2081 2514 2152 χίλιαι
2543 2081 2800 2152 ἀμπελοι,
2843 2080 3031 2150 χιλίων
3059 2081 3281 2147 σίκλων,
3315 2084 3394 2146 είς
3432 2083 3624 2154 χέρσον
3650 2084 3799 2139 ἔσον-

2213 2191 2303 2228 ται
2336 2175 2430 2227 καὶ
2458 2175 2538 2238 είς
2579 2174 2842 2228 ἄκανθαν.
2901 2191 2920 2224 ι
2977 2173 3184 2227 Οὐκοῦν
3213 2175 3301 2228 διά
3346 2176 3408 2229 τὸ
3443 2176 3635 2248 χέρσον
3658 2173 3798 2233 εῖναι

2213 2265 2311 2335 τὴν
2338 2266 2444 2335 γῆν
2488 2265 2578 2318 καὶ
2603 2264 2857 2318 ἀκανθῶν
2914 2262 3120 2336 πλήρη,
3164 2268 3311 2320 σῖτον
3336 2267 3436 2336 οὐχ
3464 2266 3575 2332 ῐξει
3606 2285 3620 2298 ·
3670 2269 3796 2324 οὐδὲ

2213 2359 2553 2430 τραφήσεται
2586 2358 2652 2427 τῇ
2702 2356 2846 2410 κατά
2875 2357 3038 2427 φύσιν
3076 2356 3362 2430 ἄνθρωπος
3409 2361 3584 2431 τροφῇ
3636 2377 3796 2433 περι-

2213 2451 2476 2522 λειφθεὶς,
2529 2450 2646 2505 ἀλλ’
2676 2449 2799 2504 οὐδὲ
2831 2449 2960 2521 οἴνῳ
3005 2452 3265 2522 χρήσεται
3292 2491 3308 2516 ,
3355 2450 3587 2520 γάλακτι
3613 2451 3669 2505 δὲ
3702 2453 3797 2507 καὶ

2211 2543 2484 2616 βουτύρῳ,
2519 2545 2616 2597 καὶ
2647 2543 2825 2614 μέλιτι
2851 2559 2865 2573 °
2901 2543 2998 2595 καὶ
3033 2542 3266 2608 τούτοις,
3297 2544 3395 2597 οὐκ
3423 2545 3532 2598 ἀπὸ
3557 2544 3794 2617 πλήθους

2213 2636 2412 2708 ἀγέλης
2445 2635 2603 2705 βοῶν,
2649 2635 2758 2688 οὐδ’
2785 2635 2893 2688 ἀπὸ
2939 2633 3205 2704 ποιμνίων
3239 2635 3528 2706 προϐάτων
3567 2653 3797 2704 συναγο-

2213 2730 2420 2800 μένοις,
2465 2728 2580 2782 ἀλλ’
2604 2727 2663 2792 ἐξ
2694 2725 2930 2780 εὐτελῶν
2970 2726 3064 2779 καὶ
3100 2725 3336 2799 οἰκτρῶν
3372 2726 3548 2792 ζώων.
3603 2729 3662 2782 '0
3694 2729 3795 2799 μὲν

2212 2823 2321 2894 γάρ
2352 2838 2437 2886 τις
2468 2821 2576 2874 ἀπὸ
2606 2821 2736 2890 μιᾶς
2768 2817 3074 2890 δαμάλεως,
3100 2821 3130 2872 ό
3165 2817 3222 2872 δὲ
3249 2820 3357 2874 ἀπὸ
3383 2819 3478 2874 δύο
3506 2820 3796 2892 προϐάτων

2213 2917 2499 2985 ποιήσεται
2526 2911 2720 2966 ταῦτα.

2293 3047 2311 3080 ι
2354 3026 2467 3080 Kal
2515 3027 2622 3079 πᾶν
2673 3026 2800 3096 δρος
2848 3023 3252 3097 ὴροτριωμένον
3303 3024 3793 3097 ἀροτριωθήσεται,

529 3140 636 3178 ι.οη
668 3124 846 3178 veniet
873 3123 1001 3178 illuc
1033 3123 1200 3178 timor
1226 3141 1240 3178 :
1271 3124 1379 3179 erit
1420 3122 1563 3177 enim
1608 3137 1641 3176 a
1675 3122 1891 3179 deserto
1918 3133 1974 3178 et
2000 3125 2108 3194 spi-

2212 3121 2308 3176 καὶ⁵
2356 3121 2416 3173 οὐ
2483 3119 2557 3190 μὴ
2616 3117 2821 3190 ἐπέλθῃ
2877 3120 2995 3172 ἐκεῖ
3045 3117 3208 3187 φόϐος
3249 3135 3262 3147 ·
3324 3119 3478 3172 ἔσται
3528 3118 3636 3191 γάρ
3684 3117 3795 3172 ἀπὸ

529 3214 613 3269 nis
646 3214 698 3268 in
730 3227 928 3284 pascua
963 3212 1096 3270 ovis.
1137 3231 1156 3264 ›

1113 3319 1344 3379 CAPUT
1379 3319 1513 3376 Vlll.

597 3439 764 3495 Vsus.
799 3441 851 3494 1.
888 3458 904 3492 ι
947 3439 1014 3494 Ει
1037 3439 1173 3492 dixit
1203 3437 1464 3494 Dominus
1504 3438 1572 3492 ad
1618 3452 1740 3504 me,
1789 3435 1956 3493 Sume
2005 3437 2102 3492 tibi

525 3533 722 3588 librum
753 3547 951 3587 novum
979 3532 1242 3600 grandem
1276 3548 1290 3586 :
1317 3539 1370 3584 et
1419 3531 1598 3584 scribe
1628 3530 1681 3584 in
1725 3530 1816 3584 illo
1842 3529 1980 3600 stylo
2005 3529 2101 3583 ho-

525 3625 705 3680 minis.
744 3641 762 3675 l
793 3621 1086 3692 Postquam
1119 3620 1279 3674 [litem
1331 3621 1588 3673 narrandi
1632 3618 1759 3672 fecit
1801 3632 1863 3672 ea
1904 3633 2022 3687 quae
2049 3617 2100 3670 in

522 3715 834 3772 memoratis
856 3715 1047 3771 diebus
1073 3714 1256 3768 futura
1289 3721 1439 3776 sunt,
1475 3711 1852 3766 narrationem
1889 3710 1955 3764 de
1977 3723 2099 3763 ortu

522 3805 894 3863 Emmanuelis
926 3803 1170 3858 resumit.
1195 3802 1371 3872 Super
1393 3815 1501 3870 quo
1538 3801 1720 3855 domui
1753 3798 1924 3853 David
1960 3813 2100 3868 prae-

521 3914 735 3970 ceptum
769 3907 887 3954 erat
914 3939 928 3962 ,
955 3906 1016 3951 ut
1050 3894 1436 3951 iucantationis
1473 3892 1589 3948 loco
1612 3891 1975 3947 Emmanuelis
2003 3905 2099 3944 no-

523 4008 645 4046 men
696 3992 1012 4053 invocaret;
1057 3988 1218 4054 idque
1259 4001 1382 4040 cum
1435 3999 1528 4053 spe
1577 4000 1641 4039 ac
1691 3983 1884 4038 fiducia
1911 4021 1926 4046 ,
1957 3981 2101 4053 quod

521 4084 640 4154 ejus
668 4095 769 4152 ope
805 4081 873 4134 ab
905 4078 1318 4134 imminentibus
1351 4077 1562 4132 duobus
1595 4075 1816 4145 regibus
1856 4075 2097 4130 liberan-

521 4176 588 4230 da
617 4173 708 4229 sit.
737 4170 873 4240 Quia
916 4185 1045 4226 vero
1086 4170 1270 4226 docuit
1300 4169 1708 4224 Emmanuelem
1754 4167 1907 4220 illum
1935 4206 1951 4230 ,
1983 4176 2101 4221 stn-

521 4266 752 4336 pendam
774 4273 830 4320 et
857 4261 925 4318 ab
947 4263 1185 4317 humana
1211 4272 1406 4317 natura
1438 4261 1668 4316 alienam
1694 4259 2096 4330 generationem

521 4359 831 4414 habiturum
868 4369 989 4412 esse
1020 4372 1034 4409 :
1068 4368 1194 4408 nam
1223 4369 1288 4410 ex
1317 4355 1632 4422 incorrupta
1657 4351 1832 4422 puella
1863 4391 1878 4416 ,
1907 4361 1964 4406 et
1988 4353 2094 4404 vir-

524 4447 649 4514 gine
675 4443 878 4514 nuptiis
902 4454 1125 4513 experte
1153 4444 1468 4498 nasciturus
1507 4451 1620 4497 eral
1643 4459 1658 4506 ;
1681 4441 1969 4496 admodum
2003 4457 2098 4496 ne-

2207 3216 2305 3287 τῆς
2345 3213 2542 3286 χέρσου
2573 3205 2666 3266 κάὶ
2698 3211 2940 3284 ἀκάνθης
2971 3213 3050 3275 είς
3087 3211 3337 3284 βόσκημα
3365 3210 3657 3282 προϐάτου.
3700 3230 3718 3263 ι

2732 3325 3126 3380 ΚΕΦΔΛΛΙΟΝ
3180 3328 3262 3382 H'.

2281 3459 2300 3490 ι
2336 3440 2444 3493 Kal
2495 3435 2617 3492 εἷπε
2651 3438 2854 3511 Κύριος
2887 3441 3022 3511 πρὸς
3057 3439 3148 3510 μὲ,
3196 3440 3344 3494 Λάϐε
3387 3439 3598 3511 σεαυτῷ
3630 3441 3796 3511 τόμον

2205 3533 2388 3586 καινὸν
2418 3532 2613 3602 μέγαν,
2643 3532 2737 3584 καὶ
2759 3531 2968 3601 γράψον
3007 3533 3087 3594 είς
3131 3531 3292 3583 αὑτὸν
3322 3531 3547 3600 γραφίδι
3585 3531 3796 3602 ἀνθρὼ-

2204 3644 2327 3680 που,
2361 3644 2379 3677 ›
2408 3623 2737 3687 Συντελέσας
2761 3624 2790 3676 ό
2815 3622 2972 3692 λόγος
3005 3623 3072 3676 τά
3096 3623 3435 3693 γενησόμενα
3461 3625 3519 3677 έν
3555 3622 3673 3687 ταῖς
3696 3642 3793 3677 κα-

2201 3713 2574 3784 ταλεχθείσαις
2613 3713 2881 3784 ἡμέραις,
2926 3713 3372 3784 ὲπαναλαμϐάνει
3402 3713 3501 3785 τὴν
3541 3714 3794 3786 διήγησιν

2202 3805 2298 3877 τὴν
2329 3805 2455 3875 περὶ
2478 3803 2580 3873 τῆς
2607 3805 2912 3872 γεννήσεως
2940 3802 3034 3856 τοῦ
3077 3801 3442 3873 Ἐμμανουήλ’
3469 3804 3598 3874 περὶ
3627 3796 3688 3856 οὗ
3712 3803 3797 3876 τῷ

2202 3899 2336 3968 οἴκῳ
2387 3895 2551 3949 Δαυῒδ
2594 3893 2994 3966 παρεκελεύετο
3022 3894 3143 3948 ἀντὶ
3182 3894 3396 3965 ἐπῳδῆς
3427 3894 3489 3947 τὸ
3525 3895 3620 3948 τοῦ
3666 3896 3796 3967 Ἐμ-

2205 3990 2443 4061 μανουὴλ
2496 3987 2872 4042 ἐπικαλεῖσθαι
2917 3987 3088 4058 ὄνομα
3110 4027 3126 4049 ,
3173 3985 3504 4057 θαρσοῦντος
3549 3987 3644 4040 καὶ
3701 4004 3791 4040 πι-

2205 4081 2481 4144 στεύοντος
2505 4080 2570 4134 δι’
2597 4078 2762 4132 αὑτοῦ
2793 4078 3136 4148 σωθήσεσθαι
3165 4078 3274 4132 ἀπὸ
3297 4079 3405 4131 τῶν
3431 4078 3789 4149 ἐπικειμένων

2201 4175 2383 4238 αὐτοῖς
2407 4173 2500 4227 δύο
2543 4172 2824 4243 βασιλέων.
2883 4171 3100 4243 Ἐπειδὴ
3127 4171 3184 4224 δὲ
3210 4171 3417 4236 ἐδίδαξε
3453 4172 3543 4225 τὸν
3583 4172 3792 4242 Ἐμμαο

2200 4266 2363 4338 νουὴλ
2391 4265 2552 4335 ξένην
2583 4265 2706 4319 τινὰ
2738 4264 2834 4318 καὶ
2881 4263 3168 4335 ἀλλοτρίαν
3212 4263 3313 4334 τῆς
3345 4263 3544 4334 θνητῆς
3576 4263 3789 4332 φύσεως

2200 4357 2342 4422 ἕξειν
2367 4358 2640 4427 γέννησινο
2691 4356 2753 4422 ἐξ
2789 4356 3122 4428 ἀδιαφθόρου
3167 4355 3276 4427 γὰρ
3319 4355 3557 4419 νεάνιδος
3602 4356 3696 4409 καὶ
3728 4353 3789 4420 ἐξ

2201 4449 2575 4522 ἀπειρογάμου
2625 4447 2895 4518 παρθένου
2941 4446 3318 4519 τεχθήσεσθαι,
3360 4447 3564 4516 σφόδρα
3621 4447 3788 4515 ἀναγ-

523 4539 765 4593 ισυεεοτίο
795 4536 1053 4592 Dominus
1076 4577 1091 4603 ,
1136 4539 1226 4592 hic
1251 4579 1266 4605 ,
1311 4552 1418 4592 non
1450 4537 1630 4592 Achaz
1656 4577 1671 4602 ,
1709 4550 1881 4606 neque
1910 4536 2093 4590 domui

2210 4544 2375 4607 καίως
2408 4545 2466 4596 ὲν
2491 4541 2701 4604 τούτοις
2733 4541 2915 4604 αὐτοῖς
2940 4541 2968 4592 ὁ
2996 4540 3218 4612 Κύριος,
3243 4540 3344 4593 οὐκ
3377 4539 3456 4592 ἔτι
3478 4538 3557 4609 τῷ
3600 4539 3785 4610 Ἀχὰζ,

521 4629 693 4695 Judac,
717 4631 813 4684 sed
851 4628 951 4697 ipsi
979 4627 1077 4682 soli
1107 4630 1402 4698 pr0pbeta‘,
1437 4627 1754 4697 mysterium
1792 4627 1974 4679 arcani
2001 4639 2096 4678 or-

520 4733 607 4777 tus
631 4720 999 4776 Emmanuelis
1027 4720 1229 4776 revelat
1266 4735 1281 4773 :
1316 4719 1586 4788 quomodo
1613 4717 1820 4772 scilicet
1855 4716 2092 4769 futurum

521 4815 594 4868 sit
629 4822 688 4867 ut
716 4813 867 4884 virgo
927 4812 980 4866 in
1021 4821 1174 4866 utero
1217 4811 1490 4881 concipiat
1519 4819 1574 4864 et
1603 4809 1779 4878 pariat
1805 4807 1990 4861 filium.
2030 4807 2094 4861 Ut

2204 4634 2326 4687 οὐδὲ
2360 4632 2438 4703 τῷ
2465 4631 2600 4700 οἴκῳ
2655 4631 2847 4693 Ἰούδα,
2907 4631 3020 4686 ἀλλ’
3061 4630 3211 4702 αὐτῷ
3237 4631 3383 4701 μόνῳ
3410 4629 3488 4699 τῷ
3533 4631 3789 4704 προφήτῃ

2202 4728 2262 4780 τὸ
2286 4727 2582 4797 μυστήριον
2608 4725 2982 4780 ἀποκαλύπτει
3009 4725 3107 4795 τῆς
3141 4725 3452 4796 ἀπορρήτου
3482 4723 3788 4793 γεννήσεως

2201 4816 2292 4871 τοῦ
2326 4815 2689 4887 Ἐμμανουήλ·
2711 4817 2860 4878 ὅπως
2885 4816 2916 4884 ή
2942 4815 3209 4885 παρθένος
3234 4817 3291 4867 έν
3317 4815 3514 4884 γαστρὶ
3538 4813 3786 4885 λήψεται,

518 4903 700 4972 itaque
731 4919 793 4958 ea
823 4917 942 4972 qua:
975 4902 1042 4956 ad
1074 4900 1475 4956 Emmanuelem
1509 4900 1856 4968 spectabant,
1887 4914 1991 4951 non
2024 4898 2089 4950 ad

2210 4909 2294 4963 καὶ
2320 4909 2532 4976 τέξεται
2555 4909 2690 4962 υἱόν.
2725 4907 2819 4961 Ἰν“
2850 4904 2943 4963 οὖν
2966 4908 3036 4962 τὰ
3064 4907 3193 4978 περὶ
3221 4906 3316 4960 τοῦ
3332 4905 3677 4977 Ἐμμανουήλ
3711 4906 3786 4976 μὴ

518 4997 759 5050 omnium
795 5010 956 5049 aures
1001 5003 1404 5064 spargerentur,
1455 4991 1548 5047 sed
1587 4989 1767 5052 potius
1809 4991 1859 5043 in
1895 5005 2095 5046 arcana

2210 5000 2275 5062 εἰς
2308 4999 2407 5061 τὰς
2442 4999 2658 5052 πάντων
2700 4997 2868 5062 ἀκοὰς
2905 4997 3013 5050 τῶν
3046 5013 3179 5050 ποτε
3212 4997 3457 5068 χωρήσῃ,
3489 4994 3784 5065 φυλαχθείη

518 5088 754 5158 quadam
805 5088 1070 5158 scriptura
1124 5094 1516 5147 servarentur,
1571 5083 1726 5152 jubet
1776 5083 2092 5152 prophetam

2210 5090 2253 5143 5s
2290 5091 2490 5160 μᾶλλον
2535 5091 2594 5144 ἐν
2638 5092 2935 5164 ἀπορρήτῳ
2983 5091 3190 5162 γραφῇ⁸
3241 5086 3673 5158 παρακελεύεται
3706 5085 3786 5155 τῷ

521 5180 622 5235 sibi
652 5194 868 5236 sumere
898 5189 1102 5235 tomum
1137 5193 1337 5234 novum
1376 5184 1432 5231 et
1459 5190 1712 5246 magnum
1743 5214 1758 5239 ,
1792 5176 1903 5228 sive
1925 5215 1941 5240 ,
1985 5193 2003 5226 ι
2043 5174 2095 5227 li-

2210 5184 2453 5254 προφήτῃ
2483 5181 2665 5235 λαϐεῖν
2692 5182 2871 5251 ἑαυτῷ
2913 5182 3076 5252 τόμον
3120 5179 3324 5240 καινὸν,
3363 5175 3787 5248 utramque?»

519 5274 677 5328 brum
702 5315 717 5338 ,
779 5291 798 5326 ι
831 5288 926 5329 seu
953 5315 968 5340 ,
1005 5291 1023 5326 ι
1078 5271 1449 5326 membranam
1478 5308 1494 5333 ,
1536 5285 1555 5319 ι
1590 5281 1685 5322 seu
1720 5286 1740 5320 ι
1783 5267 2032 5322 volumen
2073 5284 2090 5317 ι

2210 5289 2312 5341 ίος,
2327 5272 2387 5342 »ἢ
2409 5273 2807 5345 ιδιφθέρωμα,»
2827 5273 2859 5343 ἢ
2880 5271 3194 5340 «κεφαλίδα,
3210 5289 3226 5320 ι
3248 5269 3523 5332 κατάτοὺς
3542 5267 3781 5330 λοιπούςο

520 5366 817 5420 secundum
868 5365 1154 5434 reliquus,
1205 5381 1224 5414 ι
1285 5361 1430 5433 stylo
1468 5360 1745 5427 hominis,
1798 5379 1818 5413 ι
1873 5360 1922 5414 id
1969 5369 2092 5425 cst,

517 5469 776 5512 consueta
824 5467 878 5512 et
929 5465 1054 5512 nota
1105 5454 1417 5510 hominibus
1462 5453 1728 5521 scriptura
1761 5469 1774 5506 :
1807 5462 1889 5507 est
1933 5451 2093 5520 quip-

519 5564 588 5617 pc
618 5548 722 5603 alia
757 5547 850 5603 Dei
897 5549 1176 5618 Scriptura
1227 5563 1333 5601 non
1382 5546 1524 5617 stylo
1550 5545 1786 5600 hominis
1829 5554 2051 5599 exarata
2077 5581 2092 5606 ,

523 5640 617 5695 sed
649 5642 849 5698 virtute
881 5641 970 5696 Dei
1004 5641 1188 5706 Verbi,
1224 5657 1328 5711 qua
1363 5639 1554 5711 dignos
1588 5638 1643 5696 in
1682 5639 1822 5694 libro
1851 5639 1972 5693 vitae
2003 5638 2093 5692 de-

527 5732 735 5786 scribit.

2205 5385 2222 5416 ι
2254 5365 2476 5436 γραφίδι
2501 5365 2810 5436 ἀνθρώπου,
2839 5384 2857 5415 ›
2883 5363 3151 5425 τουτέστι,
3183 5363 3248 5432 τῇ
3280 5359 3498 5431 συνήθει
3532 5359 3623 5412 καὶ
3643 5377 3787 5427 -γνω-

2203 5455 2457 5530 ριξομένῃ
2506 5456 2815 5526 ἀνθρώποις
2857 5457 3062 5528 γραφῇο
3093 5449 3231 5508 εἶναι
3281 5452 3388 5525 γάρ
3441 5451 3607 5523 ἀλλην
3648 5450 3785 5506 Θεοῦ

2199 5549 2439 5620 Γραφήν,
2496 5551 2558 5602 ού
2603 5549 2826 5620 γραφίδι
2880 5545 3168 5620 ἀνθρώπου
3225 5546 3599 5616 γραφομένην,
3647 5544 3788 5600 ἀλλά

2198 5641 2424 5712 δυνάμει
2453 5639 2590 5694 Θεοῦ
2619 5641 2809 5709 Λόγου,
2852 5642 2974 5703 τοὺς
3018 5640 3198 5708 ἀξίους
3239 5637 3696 5710 ἁπογραφομένην
3725 5638 3786 5688 ὲν

2205 5734 2370 5795 ϐίϐλῳ
2398 5733 2629 5796 ζώντων.
