4138 6404
469 323 563 377 Hd

1374 316 1873 371 COMMENTARIA
1911 317 1975 372 ΙΝ
2006 317 2270 373 ‘lSAIAM.
2306 353 2376 362 —-
2411 322 2564 379 CAP.
2609 323 2741 379 Vlll.

3601 332 3704 385 “‘2

544 454 561 485 ‹
601 432 709 485 Kal
738 430 1041 501 προσῆλθον
1088 429 1225 501 πρὸς
1269 430 1365 496 τὴν
1398 430 1688 501 προφῆτιν,
1720 431 1813 482 καὶ
1856 429 2015 483 ἔτεκε·

2214 431 2375 487 Vens.
2405 436 2457 488 3.
2507 454 2526 486 ι
2565 435 2629 489 Et
2655 437 2859 491 accessi
2901 440 2969 492 ad
2999 439 3392 509 prophetissam
3420 479 3438 504 ,
3469 450 3521 495 et
3547 457 3705 511 prpe-

467 525 600 579 υίόν.
632 523 739 576 Καὶ
771 518 891 573 εἶπέ
938 538 1028 591 μοι
1067 520 1301 590 Κύριος·
1332 520 1575 574 Κάλεσον
1622 520 1682 572 τὸ
1732 520 1905 591 ὄνομα
1945 521 2041 573 αύ-

464 618 580 680 τοῦ,
610 615 822 686 ταχέως
844 612 1159 676 σκύλευσον,
1185 612 1349 677 ὀξέως
1372 612 1760 684 προνόμευσον.
1799 631 1816 663 ι
1863 614 2041 666 Ἐπεί-

463 726 570 781 περ
597 709 813 779 εἴρηται
842 705 1128 777 ἀνωτέρω,
1173 724 1192 757 ‹
1241 705 1372 758 Ἰδοὺ
1402 708 1435 776 ἡ
1472 704 1738 775 παρθένος
1759 706 1817 756 ὲν
1842 705 2041 774 γαστρὶ

462 802 708 875 λήψεται,
727 802 819 854 καὶ
844 798 1058 864 τέξεται
1082 798 1217 859 υἱὸν,
1246 817 1264 849 ι
1304 798 1615 866 ἀναγκαίως
1647 799 1742 849 ὲπὶ
1764 796 1857 850 τοῦ
1895 815 2039 870 παρ-

460 896 633 957 όντος,
692 893 809 955 πῶς
855 891 922 945 ἂν
958 891 1171 959 γένοιτο
1215 888 1372 942 τοῦτο
1402 889 1652 958 διασαφεῖ
1678 888 1841 952 αὐτὸς
1874 891 1904 942 6
1932 889 2040 941 Κύ-

463 1003 577 1057 ριος
605 985 777 1053 λέγων
799 1000 814 1015 ο
850 1002 868 1035 ι
906 984 1016 1035 Kal.
1048 980 1349 1052 προσῆλθον
1394 980 1529 1051 πρὸς
1564 980 1661 1050 τὴν
1691 979 1981 1051 προφῆτινν
2010 999 2029 1031 ι

459 1077 582 1130 ἀντὶ
612 1075 740 1139 τοῦ,
782 1074 922 1144 Ἐγὼ
943 1074 1103 1136 αὐτὸς
1144 1071 1576 1143 προσελεύσομαι
1613 1075 1679 1143 τῇ
1726 1072 2030 1143 προφήτιδι.

460 1169 735 1240 Προφῆτιν
769 1166 877 1238 γὰρ
908 1165 1164 1235 ὀνομάζει
1212 1162 1310 1235 τὴν
1349 1162 1441 1216 τὸν
1493 1162 1840 1233 Ἐμμανουὴλ
1886 1164 2036 1229 τεξο-

464 1261 652 1330 μένην,
692 1259 783 1311 διά
808 1258 870 1311 τὸ
904 1258 1221 1327 Πνεύματος
1257 1256 1411 1324 ἁγίου
1462 1257 1746 1327 μετασχεῖν
1772 1254 1912 1308 κατά
1942 1255 2032 1307 τὸν

460 1351 709 1419 φήσαντα
734 1349 870 1419 πρὸς
916 1348 1086 1418 αὑτήν
1119 1365 1133 1377 ·
1170 1367 1188 1400 ι
1235 1347 1458 1418 Πνεῦμα
1498 1346 1650 1414 ἅγιον
1685 1346 2031 1399 ἐπελεύσεται

461 1441 551 1492 ἐπὶ
591 1441 672 1503 σὲ,
704 1440 795 1493 καὶ⁷
821 1439 1047 1511 δύναμις
1085 1440 1338 1509 Ὑψίστου
1364 1437 1674 1492 ἐπισκιάσει
1700 1454 1802 1490 σοι.
1833 1457 1852 1488 ι
1881 1438 2027 1510 Αύτη

458 1533 632 1585 τοίνυν
681 1535 712 1603 ή
763 1531 986 1603 δύναμις
1026 1531 1120 1583 τού
1169 1530 1445 1598 Ὑψίστου,
1488 1531 1522 1598 ἡ
1564 1527 1652 1580 διὰ
1692 1529 1791 1597 τῆς
1820 1546 2029 1600 προφη-

456 1624 602 1685 τείας
622 1624 877 1691 λέγουσα,
906 1642 923 1674 ι
950 1623 1045 1675 καὶ
1073 1621 1376 1693 προσῆλθον
1398 1620 1531 1690 πρὸς
1558 1620 1657 1690 τὴν
1683 1622 1971 1691 προφῆτιν,
2003 1642 2021 1670 ι

453 1715 523 1768 τά
553 1716 815 1786 μέλλοντα
845 1716 920 1779 ὡς
952 1716 1053 1786 ἤδη
1088 1714 1348 1784 γεγονότα
1376 1712 1711 1783 διεξέρχεται
1740 1712 1883 1766 κατά
1909 1731 2028 1767 τινα

2143 524 2425 579 ritlilium.
2452 526 2517 581 Et
2551 529 2686 583 dixit
2710 530 2839 584 mihi
2871 531 3149 594 Dominus,
3174 532 3312 587 Voca
3345 550 3538 589 nomen
3563 537 3703 605 ejus,

2140 616 2247 669 cito
2275 617 2443 686 spolia
2474 618 2702 675 detrahe
2726 660 2741 686 ,
2774 624 3050 689 pra‘dare,
3080 624 3343 678 velociter
3377 627 3635 693 pnedare.
3679 647 3699 678 ι

2140 704 2275 771 Quia
2322 710 2523 763 dictum
2575 720 2659 766 est
2682 715 2953 780 'superius
2980 756 2996 780 ,
3033 732 3052 766 ι
3090 715 3230 771 Ecce
3272 718 3421 771 virgo
3462 717 3514 771 in
3548 729 3707 773 utero

2139 795 2413 863 concipiet
2437 809 2490 851 et
2516 799 2691 867 pariet
2722 801 2911 865 ﬁlium,
2954 823 2971 854 ι
3008 805 3319 860 necessario
3344 808 3394 859 iu
3425 808 3703 873 praesenti,

2139 888 2409 953 quomodo
2438 888 2488 941 id
2536 888 2737 945 factum
2787 893 2858 947 sit
2900 894 3137 950 declarat
3178 898 3294 964 ipse
3327 898 3583 952 Dominus
3621 898 3705 955 his

2140 978 2320 1032 verbis
2342 1017 2358 1042 ,
2396 997 2416 1030 ι
2444 979 2511 1033 Et
2536 983 2741 1037 accessi
2772 984 2837 1037 ad
2864 988 3297 1055 prophetissam;
3340 1009 3358 1042 ι
3394 1005 3457 1044 ac
3483 990 3528 1044 si
3557 993 3705 1048 dice-

2139 1077 2239 1133 ret,
2268 1084 2368 1138 ego
2398 1070 2513 1139 ipse
2543 1073 2597 1126 in
2624 1076 3024 1143 prepbctissam
3052 1082 3447 1149 superveniam.
3472 1082 3706 1153 Prophe-

2139 1160 2322 1214 tissam
2350 1163 2546 1232 quippe
2581 1176 2740 1219 vocat
2767 1182 2884 1221 eam
2909 1209 2925 1233 ,
2960 1186 3082 1239 quae
3113 1172 3519 1230 Emmanuelem
3555 1177 3704 1245 pari-

2139 1260 2257 1308 tura
2281 1265 2383 1318 est,
2411 1256 2537 1324 quia
2574 1256 2807 1325 Spiritus
2837 1264 3010 1316 sancti
3038 1264 3308 1333 particeps
3334 1269 3441 1322 erit
3460 1308 3481 1334 ,
3508 1284 3704 1323 secun-

2134 1346 2261 1399 dum
2297 1345 2506 1401 dictum
2538 1348 2664 1403 illud
2696 1390 2711 1414 ,
2763 1370 2782 1402 ι
2833 1352 3069 1423 Spiritus
3094 1367 3314 1413 sanctus
3358 1364 3704 1429 superveniet

2135 1434 2186 1488 in
2223 1445 2294 1501 te,
2322 1445 2377 1492 et
2402 1437 2575 1494 virtus
2614 1440 2880 1496 Altissimi
2913 1444 3259 1502 obumbrabit
3289 1450 3383 1505 tibi
3416 1451 3482 1505 ⁶².
3519 1470 3537 1503 ι
3578 1452 3704 1509 Haec

2133 1526 2297 1596 igitur
2327 1527 2497 1585 virtus
2517 1529 2804 1600 Altissimi,
2833 1550 2954 1605 quae
2977 1551 3075 1606 per
3101 1542 3438 1609 prophetiam
3468 1544 3603 1607 ait,¢
3638 1544 3703 1599 Et

2131 1618 2337 1672 accessi
2358 1622 2424 1674 ad
2443 1621 2860 1693 prophetissam,
2885 1645 2903 1677 ι
2931 1628 3111 1683 futura
3134 1633 3409 1702 quasijam
3431 1638 3701 1704 praeterita

2132 1718 2379 1764 recenset
2430 1712 2725 1767 secundum
2758 1718 3042 1784 quamdam
3075 1722 3444 1791 propheticam
3474 1741 3702 1783 consue-

453 1770 793 1878 rtpolp'qu'hv
828 1770 1128 1878 συνήθειαν.
1214 1806 1434 1876 Ταχέως
1466 1770 1780 1857 σκύλευσον.
1816 1821 1834 1854 ι
1856 1804 2015 1869 Αὐτὸς

2132 1799 2395 1855 tudinem.
2432 1820 2453 1854 ι
2496 1803 2616 1859 Cito
2640 1770 2818 1876 spolia
2851 1770 3698 1885 detrahe:ovrl-pgjgﬁu‘rverat,

449 1895 558 1968 ἀρα
604 1892 693 1967 ἦν,
729 1899 757 1950 6
790 1896 886 1949 καὶ
923 1895 1014 1948 τὸν
1057 1894 1223 1949 πάλαι
1262 1892 1480 1963 ἰσχυρὸν
1526 1891 1619 1943 τὸν
1661 1888 1903 1942 διάϐολον
1935 1907 2030 1942 κα-

446 1988 706 2059 ταδήσας,
742 1989 835 2039 καὶ
864 1986 930 2039 τά
969 1986 1142 2038 σκῦλα
1170 1983 1335 2037 αὐτοῦ
1366 1983 1696 2054 διαρπάσας.

524 2097 542 2129 ι
571 2080 679 2133 Kal
723 2077 1015 2150 προσέθετο
1056 2075 1259 2148 Κύριος
1307 2074 1540 2144 λαλῆσαί
1589 2092 1679 2145 μοι
1711 2074 1791 2128 ἔτι
1832 2074 2025 2144 λέγων,

444 2168 535 2221 διὰ
553 2168 614 2221 τὸ
637 2168 712 2239 μὴ
749 2166 1031 2237 βούλεσθαι
1066 2165 1158 2217 τὸν
1197 2162 1323 2216 λαὸν
1353 2161 1541 2214 τοῦτον
1570 2162 1630 2213 τὸ
1656 2159 1799 2232 ὕδωρ
1818 2161 1912 2214 τοῦ
1942 2162 2028 2213 Σι⁴

445 2258 624 2330 λωάμ,
654 2259 714 2312 τὸ
766 2258 1127 2328 πορευόμενον
1160 2254 1365 2326 ήσυχῆο
1410 2252 1544 2307 ἀλλά
1577 2252 1859 2322 βούλεσθαι
1885 2252 2027 2323 ἔχειν

445 2350 538 2403 τὸν
572 2350 846 2415 Ῥαασσὶν,
887 2349 1087 2402 καὶτὸν
1122 2346 1234 2399 υίδν
1273 2343 1569 2415 Ῥωμελίου
1600 2343 1821 2413 βασιλέα
1850 2346 1933 2412 ἐφ’
1966 2346 2026 2398 ύ-

451 2442 589 2512 μῶν.
617 2460 635 2493 ι
675 2440 738 2493 Τί
761 2441 817 2494 δὲ
842 2439 997 2493 τοῦτο
1035 2435 1105 2511 ἦν
1129 2438 1190 2491 τὸ
1219 2437 1361 2509 ὕδωρ
1380 2435 1472 2489 τοῦ
1489 2436 1745 2506 Σιλωάμ;
1780 2437 1835 2489 '0
1858 2439 2026 2505 ἐπηγ-

447 2532 704 2603 γελμένος
735 2533 916 2595 αὐτοῖς
959 2530 1320 2601 Ἐμμανουήλ,
1362 2549 1379 2581 ι
1405 2527 1561 2600 Πηγὴ
1593 2527 1873 2598 τυγχάνων
1900 2528 2026 2583 ὓδα-

443 2644 535 2689 τος
559 2624 852 2695 ἁλλομένου
887 2626 967 2686 εἰς
995 2622 1137 2693 ζωὴν
1170 2621 1407 2684 αἰώνιον,
1436 2640 1456 2673 ι
1513 2622 1607 2675 καὶ
1634 2621 1783 2691 πηγὴ
1836 2619 2024 2683 ὕδατος

442 2718 808 2790 πορευομένου
859 2719 939 2780 εἰς
973 2715 1117 2787 ζωὴν
1159 2714 1358 2786 ἡσυχῆ.
1396 2715 1516 2766 Ἔτι
1549 2714 1655 2785 γάρ
1679 2713 1799 2766 τότε
1828 2712 2021 2767 λανθα-

442 2810 638 2872 νόντως
679 2809 771 2862 καὶ
806 2806 1024 2878 ἡσύχως
1063 2803 1450 2876 συνεπορεύετο
1475 2802 1553 2873 τῷ
1600 2802 1735 2874 λαῷ,
1775 2801 2021 2875 ἀρδεύειν

440 2900 601 2951 αὐτὸν
628 2899 720 2953 καὶ
752 2899 1066 2950 ἐπισκοπεῖν
1093 2894 1411 2965 βουλόμενος
1438 2893 1539 2957 τὰς
1573 2893 1770 2964 ψυχὰς,
1800 2893 1890 2946 καὶ
1920 2911 2023 2964 μη-

438 2992 585 3044 δέπω
616 2990 1013 3062 κηρυττόμενος
1047 2990 1123 3050 εἰς
1148 2986 1322 3040 πάντα
1358 2986 1426 3038 τὰ
1460 2984 1606 3055 ἔθνη.
1642 2985 1733 3037 Διὸ
1758 2984 2019 3055 κέκληται

439 3083 732 3155 προσφυῶς
758 3083 818 3135 τὸ
861 3080 1027 3152 ὕδωρ,
1062 3079 1424 3151 πορευόμενον
1482 3077 1679 3148 ἡσυχῆ,
1716 3077 1810 3131 καὶ
2046 3106 2092 3168 c

436 3175 526 3229 τοῦ
554 3175 790 3246 Σιλωὰμ,
819 3175 847 3227 ὅ
903 3176 1048 3226 ἐστιν
1093 3190 1110 3223 ι
1137 3168 1560 3241 ἀπεσταλμένος.
1589 3188 1607 3220 ι
1653 3169 1710 3222 '0
1744 3169 1800 3222 δὲ
1826 3167 2015 3223 ενταῦ-

435 3267 503 3319 θα
526 3263 995 3337 κατηγορούμενος
1031 3262 1135 3314 ὑπὸ
1179 3259 1273 3314 τοῦ
1304 3260 1510 3330 Κυρίου
1532 3259 1678 3324 λαὸς,
1712 3260 1771 3313 ού
1827 3259 2016 3329 βουλη-

435 3357 546 3420 θεὶς
571 3356 858 3409 πιστεῦσαι
885 3354 962 3425 τῷ
995 3352 1392 3424 προστάγματι,
1424 3354 1519 3405 καὶ
1541 3352 1632 3405 τὸν
1668 3352 2015 3423 Ἐμμανουὴλ

432 3447 634 3511 καλεῖν,
665 3446 722 3509 ὃς
742 3442 808 3516 ἦν
841 3444 984 3515 ὕδωρ
1010 3442 1071 3496 τὸ
1091 3442 1449 3513 πορευόμενον
1473 3441 1669 3512 ἡσυχῆ,
1695 3438 1899 3511 ἔρημος
1923 3440 2013 3492 at)-

429 3538 523 3593 τοῦ
545 3540 768 3607 γίνεται.
814 3537 965 3590 Ἐπεὶ
990 3535 1166 3589 τοίνυν
1195 3534 1412 3588 ἄπιστοι
1437 3532 1608 3597 ὄντες,
1639 3530 1869 3602 ἠγάπων
1887 3531 2012 3602 μᾶλ-

427 3630 516 3684 λον
547 3628 867 3683 ὑποτάττειν
896 3628 1120 3690 ἑαυτοὺς
1150 3625 1229 3698 τῷ
1260 3624 1468 3697 βασιλεῖ
1512 3622 1825 3695 Δαμασκοῦ,
1852 3623 1884 3694 ἢ
1919 3621 2011 3692 βα-

428 3722 564 3776 σιλεί
593 3723 692 3793 τῆς
717 3721 1052 3794 Σαμαρείας,
1077 3719 1355 3790 πολεμίοις
1375 3713 1545 3781 οὖσιν,
1577 3716 1610 3787 ἢ
1655 3716 1912 3787 πράττειν
1944 3714 2009 3766 τὰ

2129 1892 2221 1959 qui
2253 1892 2403 1948 illum
2435 1895 2567 1950 olim
2605 1907 2875 1967 potentem
2911 1901 3181 1958 diabolum
3211 1904 3469 1976 alligavit,
3495 1922 3559 1961 ac
3578 1902 3701 1979 spo-

2130 1981 2198 2037 lia
2229 1983 2347 2052 ejus
2373 1986 2618 2056 diripuit.
2926 1988 2949 2009 ⁶

2201 2072 2363 2130 Vens.
2413 2076 2467 2143 5,
2517 2076 2573 2133 6.
2608 2097 2628 2130 ι
2666 2079 2736 2135 Et
2784 2082 2979 2152 adjecit
3029 2084 3283 2142 Dominus
3344 2087 3489 2158 loqui
3518 2092 3586 2145 ad
3616 2106 3703 2147 me

2128 2164 2324 2232 adhuc,
2371 2166 2604 2226 dicens:
2638 2170 2774 2237 Quia
2816 2188 2920 2227 non
2975 2175 3087 2229 vult
3113 2179 3347 2245 populus
3393 2180 3481 2236 hic
3502 2196 3698 2251 aquam

2130 2255 2353 2326 Siloam,
2382 2275 2502 2329 quae
2535 2262 2720 2331 quiete
2746 2262 2899 2330 fluit;
2934 2267 3028 2321 sed
3076 2270 3188 2322 vult
3239 2271 3440 2327 habere
3469 2272 3698 2331 Raassiu

2127 2357 2182 2402 et
2211 2348 2379 2405 filium
2407 2350 2664 2407 Romelite
2701 2354 2753 2408 in
2798 2370 2975 2424 regem
3021 2373 3188 2429 super
3224 2375 3341 2415 vos.
3384 2378 3403 2414 ι
3440 2362 3697 2431 Quaenam

2128 2437 2216 2493 illa
2262 2452 2406 2518 erat.
2425 2458 2564 2511 aqua
2600 2444 2845 2501 Siloam?
2890 2447 3206 2505 Emmanuel
3262 2452 3352 2508 ille
3401 2456 3700 2525 promissus

2127 2530 2281 2599 ipsis,
2309 2534 2402 2602 qui
2431 2544 2516 2588 est
2567 2553 2586 2586 ι
2624 2538 2746 2592 fons
2783 2554 2937 2607 aqua:
2968 2541 3208 2596 salientis
3241 2543 3295 2599 in
3332 2547 3497 2598 vitam
3548 2556 3701 2600 arter-

2129 2636 2276 2685 nam,
2316 2641 2336 2675 ›
2370 2631 2424 2677 et
2449 2624 2573 2679 fons
2603 2640 2759 2695 aqua
2787 2626 3000 2684 ﬂuentis
3024 2631 3091 2683 ad
3124 2633 3286 2687 vitam
3325 2634 3700 2704 quiete.Tunc

2125 2713 2265 2765 enim
2292 2714 2457 2768 etiam
2482 2714 2715 2772 latenter
2736 2727 2791 2774 et
2815 2722 2995 2789 quiete
3024 2723 3304 2779 incedebat
3324 2741 3444 2781 cum
3478 2729 3699 2799 populo,

2126 2813 2183 2858 ut
2216 2805 2363 2861 illum
2392 2807 2665 2878 irrigaret,
2707 2820 2762 2866 et
2792 2812 3079 2870 animabus
3120 2832 3307 2872 eorum
3339 2822 3698 2891 prospiceret,

2123 2911 2247 2950 cum
2279 2898 2518 2961 nondum
2566 2903 2892 2971 praedicatus
2938 2906 3132 2963 fuisset
3163 2909 3218 2965 in
3261 2925 3448 2967 omnes
3486 2922 3697 2982 gentes.

2123 2985 2486 3053 Quamobrem
2529 2990 2775 3061 apposite
2803 3007 3025 3051 vocatur
3052 3013 3189 3066 aqua
3236 2999 3420 3068 quiete
3448 3017 3699 3058 manans.

2122 3085 2176 3132 et
2199 3077 2319 3132 fons
2354 3079 2580 3147 Siloam,
2604 3083 2746 3151 quod
2781 3085 3067 3157 significat,
3101 3107 3119 3140 ι
3152 3091 3370 3145 missus.
3413 3113 3432 3144 ι
3463 3092 3699 3164 Populus

2122 3178 2303 3223 autem
2334 3170 2423 3226 hic
2455 3186 2483 3225 a
2522 3174 2750 3230 Domino
2791 3188 3097 3245 accusatus,
3139 3196 3259 3235 cum
3305 3184 3477 3252 jussui
3506 3200 3699 3255 parcre

2122 3266 2176 3311 et
2204 3258 2613 3317 Einmauuelem
2666 3279 2861 3322 vocare
2889 3270 3072 3333 nollet,
3124 3272 3215 3339 qui
3266 3285 3385 3328 erat
3430 3290 3572 3344 aqua
3603 3277 3699 3334 illa

2122 3350 2305 3419 quiete
2339 3368 2587 3420 manans,
2615 3355 2684 3410 ab
2712 3373 2778 3413 eo
2803 3360 3051 3415 desertus
3079 3372 3183 3418 est.
3216 3364 3355 3431 Quia
3392 3366 3575 3435 igitur,
3607 3369 3694 3422 in-

2125 3441 2310 3498 ﬁdeles
2356 3460 2477 3499 cum
2511 3458 2711 3514 essent,
2745 3450 2855 3520 regi
2904 3449 3152 3509 Damasci
3181 3464 3236 3511 et
3284 3457 3397 3527 regi
3429 3457 3693 3514 Samaria]

2122 3533 2357 3590 inimicis
2387 3537 2501 3591 suis
2531 3554 2652 3593 sese
2700 3540 2971 3611 subjicere
3007 3544 3317 3611 malebant,
3351 3564 3510 3618 quam
3538 3563 3691 3617 jussa

2118 3628 2373 3696 exsequi;
2423 3629 2544 3684 ideo
2571 3633 2932 3688 comminatur
2972 3634 3280 3706 Scriptura,
3312 3640 3584 3707 ipsosuon
3625 3642 3691 3697 iis

2117 3716 2358 3770 subditos
2384 3717 2523 3785 fore,
2556 3721 2648 3774 sed
2680 3722 2792 3792 regi
2817 3723 3184 3793 Assyriorum.

423 3818 822 3890 κεκελευσμένα
842 3837 854 3849 ·
883 3817 1071 3872 τούτου
1104 3816 1262 3889 χάριν
1289 3814 1502 3868 ἀπειλεῖ
1527 3815 1556 3866 6
1602 3812 1759 3881 λόγος
1819 3810 1893 3882 μὴ
1933 3810 2159 3873 ἐκείνοις
2212 3813 2408 3878 αὐτοὺς
2460 3816 2800 3887 ὑποχειρίους
2826 3817 3065 3885 ἔσεσθαι,
3100 3820 3235 3875 ἀλλά
3257 3821 3335 3895 τῷ
3360 3822 3468 3877 τῶν
3498 3826 3689 3880 Ἀσσυ-

423 3914 554 3985 ρίων
587 3915 810 3985 βασιλεῖ.

496 4028 515 4061 ι
538 4010 635 4063 Διά
667 4009 823 4062 τοῦτο
858 4009 967 4061 ἰδοὺ
993 4008 1183 4076 ἀνάγει
1230 4005 1435 4077 Κύριος
1462 4004 1547 4075 ἐφ’
1582 4003 1728 4073 ὑμᾶς
1762 4001 1822 4056 τὸ
1855 4000 1997 4074 ὕδωρ

416 4099 510 4154 τοῦ
542 4099 806 4171 ποταμοῦ,
839 4100 899 4153 τὸ
936 4099 1151 4171 ἰσχυρὸν
1199 4099 1294 4152 καὶ
1342 4097 1404 4151 τὸ
1435 4096 1591 4162 πολὺ,
1638 4095 1728 4149 τὸν
1772 4095 1995 4167 βασιλέα

414 4192 523 4246 τῶν
564 4193 880 4264 Ἀσσυρίων,
925 4192 1019 4246 καλ⁵
1046 4191 1142 4263 τὴν
1171 4190 1328 4257 δόξαν
1356 4188 1521 4244 αὑτοῦ
1541 4205 1553 4218 ⁸
1606 4188 1698 4240 καὶ
1725 4186 1993 4259 ἀναϐήσε-

413 4305 503 4341 ται
532 4286 625 4339 ὲπὶ
655 4287 834 4339 πᾶσαν
869 4283 1124 4353 φάραγγα
1152 4282 1327 4353 ὑμῶν,
1365 4280 1459 4334 καὶ
1492 4279 1854 4350 περιπατήσει
1901 4278 1996 4331 ἐπὶ

414 4380 522 4433 πᾶν
551 4383 728 4449 τεῖχος
750 4378 925 4449 ὑμῶν,
963 4377 1057 4430 καὶ
1091 4375 1279 4444 ἀφελεῖ
1310 4374 1417 4426 ἀπὸ
1461 4373 1560 4443 τῆς
1610 4371 1865 4435 Ἰουδαίας
1899 4370 1992 4424 ἄν·

412 4470 646 4543 θρωπον.
671 4488 689 4519 ι
720 4468 863 4538 Πρὸς
890 4464 1293 4534 ἀντιδιαστολὴν
1312 4462 1421 4535 γὰρ
1446 4462 1537 4515 τοῦ
1576 4459 1768 4523 ὓδατος
1798 4460 1890 4514 τοῦ
1918 4460 1999 4513 Σι-

409 4559 567 4631 λωὰμ
594 4556 686 4612 τοῦ
718 4558 1083 4630 πορευομένου
1119 4556 1315 4628 ἡσυχῆ,
1349 4554 1410 4607 τὸ
1439 4553 1582 4624 ὕδωρ
1612 4551 1876 4623 ἀντέθηκε
1901 4551 1993 4604 τοῦ

409 4652 674 4724 ποταμοῦ,
707 4652 767 4705 τὸ
794 4651 1008 4722 ἰσχυρὸν
1036 4649 1211 4703 καὶτὸ
1238 4646 1370 4700 πολύ
1388 4664 1399 4675 ·
1429 4643 1497 4717 ἦν
1524 4645 1583 4700 δὲ
1609 4639 1760 4707 οὗτος
1787 4645 1815 4696 ὁ
1849 4642 1996 4714 βασι-

405 4747 528 4810 λεὺς
556 4746 663 4799 τῶν
705 4744 1025 4814 Ἀσσυρίων.
1056 4742 1317 4795 Τοσοῦτον
1347 4740 1454 4810 γὰρ
1478 4737 1680 4808 πλῆθος
1705 4736 1854 4808 ἥξειν
1883 4736 1992 4790 τῶν

404 4840 677 4911 πολεμίων
707 4834 974 4900 θεσπίζει,
1005 4836 1079 4900 ὡς
1115 4836 1222 4887 πᾶν
1237 4834 1298 4887 τὸ
1329 4832 1528 4895 πλάτος
1558 4830 1659 4901 τῆς
1698 4829 1991 4899 Ἰουδαῑκῆς

401 4932 584 5008 χώρας
613 4931 940 5005 πληρώσειν,
967 4925 1328 4998 ἀφαιρεθῆναι
1356 4925 1412 4977 δὲ
1450 4923 1536 4976 ἀπ’
1575 4922 1742 4992 αὐτῆς
1774 4920 1986 4991 ἄνθρω-

403 5044 523 5090 πον,
557 5024 616 5089 ὃς
644 5024 928 5096 δυνήσεται
972 5018 1210 5090 κεφαλὴν
1243 5014 1392 5088 ἆραι,
1421 5016 1455 5087 ἦ
1488 5013 1710 5068 δυνατὸν
1738 5011 1984 5066 συντελέ-

404 5116 597 5172 σασθαί
622 5133 706 5170 τι’
751 5116 826 5179 ὼς
857 5112 1052 5186 μηκέτι
1082 5109 1320 5179 κεφαλὴν
1355 5108 1550 5169 αὐτοὺς
1573 5105 1715 5175 ἔχειν
1750 5102 1842 5156 τοῦ
1877 5101 1984 5155 λοι-

402 5206 526 5268 ποῦ,
558 5206 853 5268 τουτέστιν,
883 5204 1146 5274 ἄρχοντας
1168 5200 1260 5252 καὶ
1292 5197 1563 5269 βασιλέας.
1592 5197 1771 5265 "Amp
1800 5194 1865 5246 δι’
1887 5192 1977 5263 έρ-

397 5312 509 5365 γων
535 5295 728 5367 ἐχώρει
759 5296 852 5349 ἐπὶ
882 5294 991 5348 τῶν
1029 5291 1291 5363 Ἱερεμίου
1323 5287 1415 5342 τοῦ
1443 5287 1721 5359 προφήτου
1744 5285 1970 5356 χρόνων,

396 5387 517 5442 καθ’
556 5386 648 5449 οὓς
678 5388 903 5450 ὲπιστάς
941 5381 1408 5454 Ναϐουχοδονόσορ
1450 5382 1481 5434 6
1518 5379 1625 5433 τῶν
1674 5376 1975 5447 Ἀσσυρίων

395 5482 667 5556 βασιλεὺς,
691 5479 843 5542 τέλος
869 5478 1043 5548 ἐπῆγε
1074 5480 1187 5540 τοῖς
1211 5472 1647 5548 προειρημένοις.

466 5596 486 5626 ι
512 5574 619 5629 Kal.
667 5573 820 5626 ἔσται
852 5574 887 5645 ή
936 5567 1254 5645 παρεμϐολὴ
1285 5567 1469 5634 αὑτοῦ,
1514 5566 1651 5619 ὥστε
1684 5562 1972 5634 πληρῶσαι

388 5767 431 5799 δ’
460 5764 585 5819 Luc.
619 5780 657 5834 r,
686 5764 793 5818 55.‘

2179 4001 2340 4057 Vens.
2373 4002 2426 4068 7,
2457 4004 2513 4059 8.
2542 4003 2665 4059 Ideo
2686 4019 2813 4060 ecce
2842 4006 3064 4063 reducet
3100 4009 3360 4066 Dominus
3387 4026 3552 4082 super
3588 4028 3686 4067 vos

2102 4107 2299 4163 aquam
2353 4094 2613 4162 ﬂuminis,
2664 4096 2859 4154 fortem
2902 4108 2959 4155 et
2996 4100 3245 4168 multam,
3301 4118 3483 4173 regem
3519 4107 3682 4173 Assy-

2102 4185 2307 4241 riorum
2337 4198 2394 4242 et
2427 4186 2654 4255 gloriam
2684 4191 2805 4260 ejus
2834 4208 2848 4246 :
2879 4202 2935 4246 et
2961 4194 3217 4249 ascendet
3261 4210 3424 4265 super
3456 4211 3677 4250 omnem

2100 4280 2293 4334 vallem
2324 4292 2584 4346 veStram,
2617 4293 2673 4338 et
2699 4284 3001 4341 ambulabit
3022 4300 3185 4354 super
3210 4302 3424 4341 omnem
3462 4302 3676 4342 murum

2098 4380 2363 4435 vestrum,
2391 4381 2447 4425 et
2475 4371 2685 4428 auferet
2719 4390 2747 4427 a
2773 4372 2958 4429 Judaea
2991 4375 3288 4431 hominem.
3319 4396 3340 4429 ι
3372 4378 3455 4433 Ad
3483 4377 3675 4433 discri-

2100 4477 2222 4517 men
2255 4477 2411 4532 aquae
2448 4461 2675 4529 Siloam,
2711 4465 2895 4535 quiete
2921 4467 3214 4533 manantis,
3252 4483 3452 4537 aquam
3489 4467 3671 4523 ﬂumi-

2097 4555 2183 4611 nis
2210 4554 2401 4610 fortem
2436 4566 2493 4610 et
2538 4558 2758 4610 multam
2788 4558 3039 4627 Opposuit
3072 4558 3242 4629 :‘quaa
3291 4570 3410 4616 erat
3451 4575 3547 4616 rex
3572 4562 3673 4615 As-

2095 4647 2388 4718 syriorum.
2416 4646 2645 4701 Tantam
2671 4646 2817 4701 enim
2847 4648 3081 4703 hostium
3106 4650 3509 4707 multitudinem
3535 4667 3666 4707 veu-

2097 4749 2269 4793 turam
2302 4739 2655 4804 vaticinatur,
2695 4750 2752 4791 ut
2779 4753 2996 4795 omnem
3033 4739 3274 4797 Iudaicae
3302 4743 3541 4814 regionis
3590 4743 3668 4798 la-

2096 4832 2374 4887 titudinem
2427 4832 2670 4903 impleat,
2721 4843 2777 4888 et
2814 4834 2882 4890 ab
2935 4850 2997 4889 ea
3042 4835 3325 4891 auferatur
3354 4837 3538 4903 homo,
3572 4838 3664 4907 qui

2091 4924 2261 4993 prssit
2286 4931 2449 4993 caput
2474 4924 2759 4989 extollere,
2798 4935 2892 4981 aut
2918 4926 3197 4996 quidpiam
3243 4927 3508 4996 perﬁcere
3544 4945 3558 4980 :
3590 4928 3661 4981 ita

2090 5023 2147 5065 ut
2184 5012 2437 5081 deinceps
2467 5012 2540 5065 illi
2577 5024 2742 5083 caput
2765 5030 2872 5070 non
2900 5016 3155 5081 habeant,
3187 5016 3238 5070 id
3274 5026 3362 5070 est
3389 5015 3662 5086 principes

2087 5112 2142 5157 et
2170 5117 2342 5177 reges.
2374 5103 2507 5168 Quae
2547 5105 2723 5175 reipsa
2760 5117 3057 5162 evenerunt
3089 5106 3334 5163 Ieremia:
3386 5108 3661 5177 propheta:

2085 5171 2348 5263 tempore,
2380 5211 2489 5266 quo
2530 5171 2840 5267 irrumpens
2874 5171 3515 5255 Nabuchodonosor—rex
3560 5200 3661 5253 As~

2080 5284 2379 5354 syriorum,
2412 5287 2792 5357 praeuuutiatis
2822 5288 2984 5344 linem
3019 5287 3296 5357 imposuit.

2158 5577 2177 5609 ς
2214 5559 2278 5616 Et
2305 5560 2413 5618 erit
2456 5562 2733 5618 exercitus
2761 5563 2906 5631 ejus,
2952 5570 3008 5616 ut
3049 5558 3271 5627 impleat
3316 5560 3655 5616 latitudinem
