4138 6414
444 314 554 374 145
1119 313 1384 370 EUSEBlI
1420 311 1899 370 CAESARIENSIS
1937 313 2009 369 (if

2130 312 2313 370 PARS
2349 308 2548 369 lli.'—
2588 312 3003 370 EXEGETICA.
3599 314 3706 368 ΙΝ

448 433 688 502 regionis
737 441 874 495 tute,
927 433 1215 489 Nobiscum
1285 435 1444 490 Deus.
1485 455 1504 488 ι
1557 435 1682 490 llzec
1723 452 1939 507 quoque
1971 437 2009 490 it

2129 436 2190 489 τὸ
2217 436 2417 500 πλάτος
2448 436 2544 507 τῆς
2573 435 2755 508 χώρας
2803 453 2918 498 σου,
2951 434 3088 489 Μεθ’
3110 433 3264 505 ἡμῶν
3305 434 3332 486 6
3364 431 3516 493 Θεός.
3542 451 3559 483 ι
3594 434 3706 484 Καὶ

447 526 637 580 eodem
672 523 1037 579 Emmanuelis
1067 535 1385 596 argumento
1423 527 1718 580 insistunt:
1753 527 2009 595 incipiunt

2118 527 2291 580 ταῦτα
2321 527 2420 597 τῆς
2474 528 2602 598 περί
2630 527 2722 580 τοῦ
2770 526 3115 598 Ἐμμανουήλ
3152 525 3331 596 ἔχεται
3359 523 3665 586 ὑποθέσεως
3685 537 3699 553 ⁵

447 617 593 670 enim
642 616 711 669 ab
759 615 1143 680 Emmanuele,
1213 619 1355 686 quod
1397 618 1697 686 signiﬁcat,
1747 618 2009 671 nobiscum

2118 620 2343 690 ἄρχεται
2367 619 2497 689 γοῦν
2530 621 2638 673 ἀπὸ
2668 619 2760 673 τοῦ
2803 618 3168 692 Ἐμμανουήλ,
3202 619 3338 690 ὅπερ
3368 618 3504 682 ἐστὶ,
3544 637 3561 668 ι
3585 616 3702 688 μεθ’

450 710 610 773 Deus,
653 712 939 778 cognoscite
966 719 1174 779 gentes;
1220 724 1284 763 ac
1332 713 1546 764 rursum
1579 711 1632 764 in
1665 709 1769 765 line
1795 720 2009 765 senten-

2118 710 2272 780 ήμῶν
2293 713 2320 763 6
2351 709 2483 773 Θεός
2506 727 2519 738 '
2543 710 2716 779 γνῶτε
2749 711 2905 780 ἔθνη·
2935 729 2952 761 ι
2988 711 3081 763 καὶ
3105 705 3258 772 αὖθις
3283 709 3418 779 πρὸς
3450 709 3528 779 τῷ
3563 708 3702 761 τέλει

447 798 569 852 tiae:
603 817 621 850 ι
664 798 730 852 Ει
778 813 955 852 sermo
999 814 1156 868 quem
1207 799 1499 870 loquemini
1557 817 1664 856 non
1703 811 1918 857 maneat
1960 803 2013 857 in

447 891 618 954 vobis,
672 891 796 958 quia
839 891 1116 944 nobiscum
1165 891 1351 947 Deus:
1394 911 1413 944 ι
1449 893 1645 949 iterum
1704 894 2016 949 Emmanuel

445 983 621 1036 dictus
646 993 752 1040 est.
783 983 1077 1053 Postquam
1118 1000 1252 1054 ergo
1279 986 1536 1054 prOpbeta
1570 994 1896 1040 memoratos
1921 986 2013 1040 ho-

446 1077 617 1131 mines
658 1087 993 1147 coarguerat,
1037 1081 1179 1148 quod
1216 1080 1537 1143 noluissent,
1587 1080 1836 1134 invocato"
1883 1079 2013 1133 Em-

443 1172 708 1233 manucle,
747 1173 983 1228 inimicis
1017 1175 1326 1244 superiores
1368 1175 1621 1240 evadere,
1666 1175 1780 1246 ipse
1821 1189 1887 1229 ex
1916 1189 2012 1229 Sua

439 1266 605 1319 et'sui
637 1265 892 1320 similium
947 1282 1177 1337 persona
1232 1267 1634 1323 Emmanuelem
1685 1268 1904 1323 invocat
1934 1268 2013 1322 di-

439 1364 567 1406 cens
588 1371 600 1407 ε

507 1441 675 1497 Vens.
707 1442 761 1508 9,
799 1442 885 1497 10.
919 1462 936 1495 ι
961 1443 1250 1499 Nobiscum
1279 1445 1440 1500 Deus.
1469 1445 1795 1516 Cognoscite
1825 1458 2014 1518 gentes

437 1539 489 1584 et
520 1531 821 1596 vincimini,
866 1541 920 1586 et
970 1532 1153 1587 audite
1190 1548 1361 1604 usque
1387 1535 1453 1588 ad
1476 1543 1778 1590 extremum
1811 1545 1967 1590 terrm
1996 1553 2010 1590 :

438 1622 528 1691 qui
560 1621 734 1676 fortes
764 1621 966 1687 fuistis,
990 1625 1265 1678 vincimini
1302 1641 1317 1676 :
1353 1641 1476 1679 nam
1522 1627 1564 1682 si
1603 1627 1800 1682 iterum
1846 1627 2014 1683 fortes

440 1714 582 1777 sitis,
608 1714 802 1767 iterum
831 1714 1118 1770 vincemiui
1149 1730 1162 1767 :
1218 1726 1271 1770 et
1305 1720 1349 1771 si
1387 1718 1676 1773 consilium
1705 1719 1924 1783 ineatis,
1960 1720 2010 1773 id

441 1805 726 1874 dissipabit
773 1805 1029 1860 Dominus
1077 1826 1094 1862 :

439 1911 547 1951 non
577 1897 815 1952 manebit
845 1898 896 1951 in
929 1899 1100 1963 vobis,
1130 1899 1254 1990 quia
1291 1901 1568 1956 nobiscum
1599 1901 1762 1958 Deus.
1793 1923 1812 1955 ι
1835 1903 2004 1971 Quem

439 2003 570 2044 vero
607 1991 983 2061 cognoscetis?
1024 1990 1200 2060 ipsum
1245 1991 1653 2048 Emmanuelem
1690 2013 1706 2050 :
1739 2010 1863 2049 nam
1913 2012 2007 2065 po-

435 2081 598 2151 pulus
624 2096 688 2136 ex
728 2082 1146 2137 circumcisione
1184 2098 1358 2153 neque
1389 2085 1646 2153 cognovit
1685 2087 1880 2154 ipsum.
1913 2100 2006 2139 ne-

425 2187 541 2241 que
591 2173 888 2235 intellexit,
939 2186 1110 2240 neque
1164 2175 1462 2243 prophetiae
1511 2173 1735 2228 credere
1787 2175 2002 2229 voluit:

441 2266 534 2317 sed
565 2279 662 2317 nec
705 2265 872 2318 rictus
903 2273 1006 2328 est,
1035 2279 1134 2318 nec
1164 2274 1432 2335 prmcepto
1477 2281 1537 2319 se
1585 2265 1848 2319 subdidit.
1899 2265 2006 2322 Vos

436 2366 614 2409 autem
639 2364 846 2426 gentes,
888 2357 1139 2410 notitiam
1178 2357 1314 2426 ejus,
1355 2358 1445 2426 qui
1485 2357 1536 2410 in
1577 2357 1861 2426 prophetia
1898 2358 2008 2412 fer-

418 2454 544 2508 -'tur,
583 2447 842 2516 accipite.
871 2454 1034 2516 atque
1073 2447 1190 2502 haec
1236 2447 1617 2518 intelligentes,
1662 2449 1827 2503 nolite
1867 2449 2011 2504 relu-

421 2540 604 2600 ‘clari;
655 2538 750 2593 sed
803 2538 1081 2593 vincimiui
1125 2541 1388 2607 superati.
1433 2539 1630 2595 Audite
1681 2551 2008 2610 praeceptum

423 2646 531 2686 ‘YOS
567 2644 778 2694 omnes,
827 2631 916 2699 qui
963 2640 1135 2700 usque
1165 2631 1230 2684 ad
1264 2640 1567 2686 extremum
1602 2642 1759 2688 terrae
1799 2634 2012 2687 habita-

435 2724 505 2779 tis
535 2738 636 2778 :ac
661 2723 704 2777 si
737 2722 826 2791 qui
856 2723 908 2776 in
938 2722 1089 2776 vobis
1119 2721 1288 2777 fortes
1315 2737 1380 2776 ac
1419 2731 1690 2791 potentes,
1723 2724 1890 2779 verbo
1922 2741 2011 2778 ce-

419 2815 548 2870 -dite
580 2813 710 2867 victi
744 2821 798 2867 et
831 2813 1104 2881 superati;
1159 2812 1323 2882 idque
1351 2813 1610 2869 alacriter
1656 2816 1820 2885 agite,
1855 2816 2008 2884 gnari

423 2905 860 2970 etsi'nolueritis,
896 2904 978 2958 vel
1012 2903 1210 2959 inritos
1236 2905 1567 2973 superandos
1596 2921 1733 2962 esse.
1780 2907 1930 2974 Quod
1963 2910 2008 2963 si

436 2997 786 3053 Dei-consilio
812 3006 1190 3067 repugnantes,
1229 3002 1508 3054 machinas
1541 2999 1796 3068 quasdam
1826 3011 1878 3054 et
1928 3001 2011 3054 in-

419 3091 603 3144 sidias
633 3081 938 3144 Struxeritis
959 3096 1147 3142 contra
1178 3089 1398 3142 verbum
1424 3104 1453 3141 a
1485 3105 1590 3157 quo
1616 3091 1918 3156 vocamini;
1952 3099 2012 3142 ut

427 3180 619 3233 inania
656 3180 892 3247 aggressi
916 3178 1232 3248 arguemini.
1263 3177 1388 3232 Haec
1427 3193 1585 3248 porro
1607 3179 1857 3245 dicimus,
1884 3179 2009 3250 quia

437 3271 716 3324 nobiscutn
749 3270 1086 3323 Eutmauuel.

510 3360 673 3414 Vens.
704 3361 791 3414 il.
831 3379 849 3410 ι
884 3360 982 3414 Sic
1014 3360 1146 3414 dicit
1177 3358 1434 3413 Dominus
1465 3359 1644 3413 manui
1681 3358 1805 3414 forti
1841 3377 1854 3411 ι
1896 3358 2010 3414 Νοη

435 3455 808 3522 obsequuntur
834 3453 1069 3506 iucessui
1109 3453 1160 3505 in
1193 3452 1284 3504 'via
1319 3452 1494 3520 populi
1530 3452 1710 3520 hujus.
1751 3470 1769 3503 ι
1794 3451 2014 3504 Transit.

433 3560 561 3615 ergo
595 3547 663 3600 ad
690 3544 968 3600 iudaicum
997 3545 1247 3614 populum
1270 3586 1286 3610 ,
1325 3545 1608 3613 ipsumque
1647 3555 1704 3598 ut
1728 3543 1851 3598 forti
1898 3558 2014 3596 ma-

435 3639 525 3692 nui
558 3637 963 3707 immorigerum
991 3637 1254 3706 coarguit.
1290 3635 1422 3689 Nam
1452 3635 1519 3690 ab
1551 3636 1636 3689 illa
1664 3637 1859 3699 vocati,
1887 3651 2010 3690 cum

434 3727 656 3798 obsequi
691 3727 1039 3797 oportuisset,
1073 3727 1147 3779 illi
1176 3736 1370 3781 contra
1416 3742 1528 3779 non
1562 3725 2012 3796 obtemperabant

435 3836 497 3875 ac
529 3819 991 3876 contradicebaut.
1036 3817 1114 3872 Ne
1155 3819 1367 3882 dicatis,
1417 3819 1612 3887 inquit,
1665 3818 1856 3872 durum
1892 3832 2012 3873 esse

436 3924 760 3989 sermonem,
813 3909 956 3979 quod
1002 3919 1247 3978 oporteat
1291 3908 1586 3963 abscedere
1631 3924 1661 3962 a
1713 3908 1796 3961 via
1830 3907 2008 3978 populi

439 4004 635 4072 hujus:
675 4018 796 4056 nam
828 4003 914 4056 hic
940 4001 1151 4069 quidem
1183 3999 1407 4069 populus
1443 3999 1633 4052 durum
1682 3997 1828 4052 illum
1859 3999 2008 4051 aesti-

439 4107 586 4164 mat;
615 4110 711 4151 vos
756 4109 885 4150 vero
927 4094 1018 4165 qui
1055 4093 1391 4147 abscessistis
1441 4111 1468 4144 a
1505 4093 1589 4146 via
1621 4091 1800 4160 populi
1831 4090 2008 4156 hujus,

437 4205 505 4243 ne
537 4187 730 4242 dicatis
759 4187 901 4240 hunc
933 4199 1052 4239 esse
1084 4183 1278 4238 durum
1312 4199 1325 4233 :
1367 4182 1509 4251 quod
1542 4181 1584 4236 si
1622 4181 1657 4235 ii
1689 4197 1755 4234 ex
1788 4180 1888 4234 isto
1918 4196 2011 4246 po-

437 4280 562 4350 pulo
604 4280 695 4347 qui
734 4275 998 4332 increduli
1041 4283 1193 4338 sunt,
1228 4273 1452 4328 insidias
1495 4271 1649 4327 vobis
1689 4274 2006 4335 struxeriut,

434 4377 620 4439 utpote
661 4368 754 4439 qui
789 4366 1117 4431 defeceritis,
1165 4376 1220 4421 at
1271 4379 1366 4418 vos
1417 4364 1662 4417 timorem
1711 4377 1894 4417 eorum
1944 4377 2008 4415 ne

1147 1815 1198 1860 et
1257 1812 1477 1862 verbum
1527 1810 1668 1880 quod
1717 1811 2006 1879 loquemini
2046 1785 2082 1838 Β

2115 801 2194 870 τῷ
2221 800 2471 869 λέγεσθαι
2494 817 2509 832 ’
2551 819 2569 852 ‹
2594 803 2703 854 Καὶ
2723 802 2878 869 λόγον
2899 802 2956 854 ὃν
2994 801 3059 854 ἂν
3093 801 3382 871 λαλήσητε,
3414 801 3473 853 οὑ
3506 801 3579 871 μὴ
3605 803 3704 870 ἐμι-

2120 892 2275 964 μείνῃ
2309 894 2366 945 ἐν
2396 894 2545 963 ὑμῖν,
2581 895 2662 947 ὅτι
2714 893 2832 964 μεθ’
2855 893 3011 965 ήμῶν
3043 896 3072 947 6
3107 893 3268 957 Θεός·
3293 912 3311 944 ι
3356 891 3703 963 Ἐμμανουήλ

2116 981 2275 1034 πάλιν
2297 981 2527 1054 εἴρηται.
2565 982 2851 1051 Διελέγξας
2873 983 3049 1035 τοίνυν
3088 985 3116 1035 6
3141 984 3427 1054 προφήτης
3456 984 3583 1044 τοὺς
3610 982 3704 1051 δη-

2114 1072 2404 1139 λωθέντας,
2448 1075 2528 1127 ὅτι
2572 1074 2644 1145 μὴ
2681 1073 3068 1145 ἐϐουλήθησαν,
3103 1074 3559 1145 ἐπικαλεσάμενοι
3609 1076 3703 1127 τὸν

2129 1167 2490 1237 Ἐμμανουήλ,
2525 1168 2807 1237 κρείττους
2847 1166 3095 1234 γενέσθαι
3140 1167 3247 1219 τῶν
3280 1167 3572 1237 πολεμίων,
3607 1167 3704 1220 αὑ-

2114 1257 2204 1320 τὸς
2236 1257 2572 1311 ἐπικαλεῖται
2604 1259 2694 1311 τὸν
2731 1259 3074 1330 Ἐμμανουὴλ
3126 1259 3185 1324 ἐξ
3239 1258 3365 1311 ἰδίου
3406 1256 3699 1329 προσώπου

2115 1348 2207 1400 καὶ
2229 1346 2338 1399 τῶν
2364 1347 2511 1418 αὑτῷ
2537 1348 2954 1421 παραπλησίων,
2989 1350 3160 1416 λέγων
3177 1366 3190 1380 ⁸

2191 1458 2212 1488 ‹
2234 1438 2368 1492 Μεθ’
2403 1439 2558 1510 ἡμῶν
2587 1441 2616 1493 6
2657 1439 2809 1504 Θεός.
2841 1441 3017 1493 Γνῶτε
3047 1441 3173 1510 ἔθνη
3207 1441 3300 1493 καὶ
3324 1437 3575 1510 ἡττᾶσθε,
3606 1439 3700 1493 καὶ

2115 1530 2454 1583 ἐπακούσατε
2487 1532 2590 1596 ἕως
2624 1534 2852 1603 ἐσχάτου
2868 1537 2966 1601 τῆς
2995 1534 3116 1602 γῆς,
3141 1532 3418 1602 ἰσχυκότες
3443 1531 3696 1602 ἡττᾶσθε,

2115 1617 2210 1671 ἐὰν
2240 1618 2349 1690 γάρ
2369 1620 2530 1673 πάλιν
2568 1621 2842 1692 ἰσχύοητε.
2879 1623 3038 1676 πάλιν
3068 1619 3436 1692 ἡττηθήσεσθε
3456 1638 3469 1650 ·
3507 1621 3599 1673 καί
3632 1621 3699 1690 ἢν

2115 1710 2181 1764 ἂν
2211 1710 2568 1780 βουλεύσησθε
2603 1713 2814 1785 βουλὴν,
2844 1714 3184 1767 διασκεδάσει
3220 1713 3454 1783 Κύριος·
3485 1713 3577 1765 καὶ
3609 1711 3698 1764 λό-

2112 1819 2206 1867 γον
2237 1801 2294 1854 ὂν
2316 1801 2411 1855 ἐὰν
2443 1803 2734 1875 λαλήσητε,
2762 1805 2822 1856 ού
2855 1804 2928 1874 μὴ
2956 1803 3188 1874 ἐμμείνῃ
3215 1805 3270 1855 ἐν
3293 1804 3440 1873 ὑμῖν,
3472 1802 3552 1854 ὅτι
3581 1800 3698 1870 μεθ’

2113 1893 2269 1964 ήμῶν
2301 1895 2328 1945 6
2373 1893 2526 1958 Θεὸς.
2558 1915 2576 1946 ι
2622 1896 2755 1948 Τίνα
2801 1895 2858 1948 δὲ
2901 1895 3112 1964 γνῶτες
3148 1895 3318 1947 Αὑτὸν
3356 1893 3447 1946 τὸν
3485 1893 3697 1962 Ἐμμα-

2111 1985 2302 2056 νουήλ·
2335 1986 2362 2037 6
2394 1986 2502 2057 γὰρ
2554 1987 2616 2039 ἐκ
2665 1987 2964 2057 περιτομῆς
3017 1986 3142 2050 λαὸς
3169 1985 3291 2039 οὗτε
3330 1985 3469 2052 ἔγνω
3515 1983 3696 2045 αὑτὸν,

2111 2075 2234 2129 οὔτε
2283 2077 2536 2146 συνῆκεν,
2570 2077 2693 2130 οὔτε
2727 2076 3012 2131 πιστεῦσαι
3051 2076 3324 2149 ἠϐουλήθη
3379 2080 3443 2148 τῇ
3487 2095 3700 2150 προφη-

2109 2168 2259 2239 τείᾳ·
2283 2166 2397 2221 ἀλλ’
2435 2169 2556 2222 οὑδὲ
2588 2167 2792 2240 ἡττήθη
2821 2168 2940 2221 οὑδὲ
2970 2169 3215 2239 ὑπετάγη
3237 2169 3314 2239 τῷ
3345 2173 3700 2244 προστάγμα-

2111 2275 2182 2312 τι.
2223 2259 2410 2329 Ὑμεῖς
2440 2259 2497 2312 δὲ
2549 2260 2612 2312 τά
2636 2259 2784 2331 ἔθνη,
2809 2260 3008 2328 γνῶσιν
3032 2261 3326 2315 ἀναλάϐετε
3357 2262 3450 2316 τοῦ
3483 2280 3696 2335 προφη-

2111 2353 2424 2423 τευομένου.
2457 2353 2550 2404 καὶ
2603 2352 2847 2415 συνέντες
2881 2352 3040 2419 αὑτὰ,
3072 2354 3150 2425 μὴ
3186 2354 3417 2424 τολμᾶτε
3447 2356 3696 2409 ἀνθίστα-

2117 2444 2268 2497 σθαιν
2297 2443 2518 2497 νικᾶσθε
2549 2444 2606 2497 δέ
2644 2443 2960 2515 ἡττώμενοι.
2999 2438 3365 2499 Ἑπακοὺσατε
3394 2447 3450 2500 δὲ
3477 2448 3571 2501 καὶ
3601 2446 3697 2500 τοῦ

2116 2537 2534 2608 προστάγματος
2585 2537 2741 2606 ὑμεῖς
2798 2537 2995 2599 πάντες
3021 2538 3070 2588 οἱ
3107 2537 3298 2608 μέχρις
3343 2539 3568 2608 ἐσχάτου
3595 2539 3698 2608 τῆς

2115 2627 2216 2698 γῆς
2268 2627 2578 2690 οἰκοῦντες·
2620 2628 2761 2680 οἵτε
2795 2629 2853 2680 ἐν
2897 2628 3024 2697 ὑμῖν
3064 2628 3274 2698 ἰσχυροὶ
3322 2631 3416 2681 καὶ
3459 2629 3693 2691 δυνατοὶ,

2117 2727 2494 2794 παραχωρεῖτε
2515 2723 2594 2794 τῷ
2619 2723 2780 2796 λόγῳ,
2813 2723 3101 2794 νικώμενοι
3131 2725 3224 2778 καὶ
3245 2723 3566 2796 ἡττώμενοι,
3604 2727 3697 2780 καὶ

2114 2813 2271 2866 τοῦτο
2300 2813 2534 2885 πράξετε
2561 2814 2876 2886 προθύμως,
2911 2816 3130 2879 εἰδότες,
3163 2817 3263 2878 ὅτι,
3300 2818 3401 2870 κᾶν
3434 2817 3506 2888 μὴ
3536 2817 3696 2887 θέλη-

2115 2921 2197 2968 τε,
2222 2905 2448 2968 ἄκοντες
2495 2905 2882 2977 ἡττηθήσεσθε.
2915 2908 2976 2959 Εἰ
3006 2907 3062 2960 δὲ
3093 2907 3472 2978 ἀνθιστάμενον,
3503 2911 3567 2981 τῇ
3599 2910 3693 2962 τοῦ

2109 2994 2248 3047 Θεοῦ
2276 2995 2544 3066 βουλήσει,
2578 2995 2826 3065 μηχανάς
2853 3014 3026 3060 τινας,
3061 2997 3154 3050 καὶ
3180 2998 3471 3062 ἐπιϐουλὰς
3499 2999 3692 3069 τυρεύ-

2119 3103 2204 3138 ετε
2246 3089 2387 3140 κατὰ
2417 3086 2510 3138 τοῦ
2545 3085 2837 3150 καλοῦντος
2875 3088 3018 3157 ὑμᾶς
3061 3088 3238 3157 λόγου,
3279 3090 3695 3159 ματαιοπονοῦν-

2112 3193 2204 3242 τες
2243 3179 2648 3250 ἐλεγχθήσεσθε.
2695 3179 2880 3234 Ταῦτα
2910 3181 2967 3234 δέ
2999 3199 3195 3253 φαμεν,
3231 3184 3352 3236 ἐπεὶ
3385 3183 3503 3254 μεθ’
3536 3184 3693 3254 ἡμῶν

2113 3270 2259 3322 ἐστιν
2301 3273 2329 3324 6
2371 3270 2718 3341 ’Ἐμμανουήλ

2188 3379 2207 3412 ι
2232 3357 2387 3413 Οὑτω
2411 3360 2558 3429 λέγει
2585 3362 2788 3432 Κύριος
2812 3365 2874 3432 τῇ
2901 3365 3095 3434 ἰσχυρᾷ
3122 3364 3284 3436 χειρὶ,
3317 3363 3600 3419 ἀπειθοῦσι

2111 3453 2309 3524 πορείᾳ
2343 3454 2442 3522 τῆς
2470 3452 2591 3506 ὁδοῦ
2635 3453 2729 3506 τοῦ
2761 3453 2888 3507 λαοῦ
2939 3454 3129 3508 τούτου
3175 3474 3193 3506 ι
3234 3455 3565 3510 Μεταϐαίνει
3599 3453 3692 3512 οὑν

2111 3544 2203 3596 ἐπὶ
2228 3544 2319 3596 τὸν
2342 3544 2451 3596 τῶν
2489 3544 2754 3597 Ἰουδαίων
2799 3545 2945 3609 λαὸν,
2985 3545 3218 3616 ἐλέγχων
3250 3547 3408 3600 αὐτὸν
3433 3547 3508 3611 ὡς
3537 3549 3693 3601 ἀπει-

2108 3635 2308 3688 θοῦντα
2338 3637 2402 3706 τῇ
2439 3637 2633 3707 ἰσχυρᾷ
2659 3636 2799 3708 χειρί
2823 3653 2836 3666 ·
2883 3639 3202 3709 καλούμενοι
3236 3639 3344 3709 γὰρ
3380 3640 3471 3692 ὑπ’
3499 3640 3686 3710 αὑτῆς,

2110 3726 2226 3780 δέον
2248 3729 2560 3792 ὑπακούειν,
2585 3731 2634 3781 οἰ
2668 3728 2724 3782 δὲ
2751 3728 3005 3798 ἠπείθουν
3040 3730 3132 3782 καὶ
3158 3729 3462 3799 ἀντέλεγον.
3498 3731 3588 3800 Μὴ
3621 3731 3692 3782 εἴ-

2112 3835 2272 3889 πητε,
2302 3819 2455 3890 φησί,
2503 3819 2734 3890 σκληρὸν
2783 3816 2921 3872 εἶναι
2972 3819 3062 3872 τὸν
3094 3819 3268 3888 λόγον,
3321 3820 3411 3873 τὸν
3441 3819 3688 3889 περὶτοῦ

2112 3909 2413 3979 ἀποστῆναι
2442 3910 2552 3963 δεῖν
2593 3911 2692 3980 τῆς
2721 3911 2941 3982 πορείας
2972 3911 3065 3964 τοῦ
3106 3911 3233 3964 λαοῦ
3263 3912 3450 3964 τούτου
3471 3930 3483 3941 ·
3515 3914 3543 3964 6
3581 3911 3689 3983 γὰρ

2111 4001 2236 4064 λαὸς
2269 3995 2422 4065 οὗτος
2449 4001 2681 4073 σκληρὸν
2707 4004 2866 4056 αὑτὸν
2907 4003 3114 4074 νομίζει
3138 4020 3151 4033 ·
3187 4003 3340 4074 ὑμεῖς
3369 4004 3443 4066 δὲ,
3479 4005 3525 4056 οἱ
3555 4005 3692 4056 ἀπο-

2114 4094 2334 4156 στάντες
2361 4094 2458 4164 τῆς
2490 4094 2716 4165 πορείας
2743 4093 2835 4147 τοῦ
2858 4093 2987 4148 λαοῦ
3012 4094 3222 4159 τούτου,
3255 4095 3328 4165 μὴ
3358 4094 3552 4165 λέγητε
3577 4094 3691 4147 τοῦ·

2109 4200 2199 4236 τον
2232 4179 2370 4237 εἷῖναι
2402 4183 2635 4255 σκληρόν
2654 4202 2666 4214 ·
2702 4187 2748 4238 εἰ
2779 4185 2834 4238 δὲ
2863 4185 3259 4237 ἐπιϐουλεύοιεν
3287 4185 3416 4254 ὑμῖν
3444 4185 3520 4246 ὡς
3550 4186 3687 4237 ἀπο-

2112 4278 2320 4338 στᾶσιν,
2351 4277 2399 4328 οἰ
2433 4275 2527 4330 τοῦ
2553 4276 2681 4329 λαοῦ
2710 4277 2870 4328 αὑτοῦ
2892 4276 3130 4337 ἄπιστοι,
3161 4274 3272 4328 ἀλλ’
3294 4276 3448 4344 ὑμεῖς
3472 4275 3562 4327 τὸν
3596 4276 3690 4343 φόο

2110 4366 2201 4419 ϐον
2226 4365 2403 4420 αὑτῶν
2438 4365 2511 4438 μὴ
2542 4365 2836 4435 φοϐηθῆτε,
2855 4365 2988 4436 μηδέ
3022 4363 3360 4434 ταράσσεσθε
3391 4365 3480 4416 ὑπ’
3513 4364 3688 4417 αὑτῶν

440 4461 696 4523 timeatis,
729 4473 828 4514 nec
866 4459 932 4513 ab
964 4457 1068 4513 illis
1092 4455 1227 4527 pulsi
1251 4454 1647 4511 conturbemini
1681 4470 1696 4506 :
1728 4452 2006 4520 solumque

2113 4459 2474 4529 ἐλαυνόμενοι,
2503 4459 2659 4528 μόνον
2686 4457 2742 4508 δὲ
2771 4458 2861 4508 τὸν
2885 4455 3086 4526 Κύριον
3109 4455 3215 4508 τῶν
3241 4455 3518 4526 δυνάμεων
3536 4456 3690 4525 ἀγιά-

436 4555 724 4610 Dominum
756 4553 1010 4605 virtutum
1040 4557 1225 4606 sancte
1267 4548 1527 4613 colentes,
1554 4561 1672 4601 eum
1711 4545 2003 4599 timendum

438 4649 593 4701 vobis
641 4643 895 4698 ascribite
955 4659 969 4694 :
1012 4657 1137 4696 nam
1191 4661 1209 4693 ι
1255 4641 1467 4696 initium
1521 4638 1798 4708 sapientiae
1847 4638 2008 4690 timor

434 4740 650 4795 Domini
681 4739 756 4804 ⁵³,
796 4755 815 4788 ι
850 4751 946 4806 per
975 4752 1132 4805 quem
1183 4735 1458 4790 hominum
1489 4741 1662 4787 metus
1691 4732 1866 4786 omnis
1911 4731 2010 4783 eli-

439 4833 693 4886 minatur.

498 4922 672 4978 ‘Vnas.
707 4923 794 4976 t2.
830 4940 848 4974 ‹
893 4919 1178 4974 Dominum
1208 4919 1382 4988 ipsum
1416 4915 1773 4975 sanctilicate,
1820 4921 1874 4968 et
1897 4912 2012 4982 ipse

435 5011 542 5066 erit
587 5011 748 5063 timor
799 5018 922 5063 tuus
959 5022 974 5059 :
1024 5015 1081 5062 et
1130 5008 1174 5060 si
1212 5007 1266 5060 in
1304 5008 1416 5076 ipso
1449 5005 1713 5067 confidas,
1762 5003 1866 5057 erit
1918 5003 2010 5056 tibi

435 5103 819 5158 sanctificatio.
858 5119 877 5153 ι
907 5100 963 5156 Si
1000 5115 1151 5170 ergo.
1199 5098 1293 5163 ait,
1340 5098 1392 5152 iu
1453 5097 1569 5165 ipso
1605 5095 1872 5160 conﬁdas,
1908 5096 2013 5147 erit

437 5198 534 5253 tibi
564 5198 626 5250 in'
659 5195 1179 5257 sanctiﬁcationem,
1213 5193 1282 5246 ita
1328 5203 1385 5244 ut
1419 5203 1682 5259 corporeo
1712 5191 2009 5244 sanctitieio

439 5307 543 5345 non
579 5290 718 5344 ultra
746 5305 928 5360 egeas.
959 5288 1332 5342 Sanctiﬁcium
1368 5295 1548 5341 autem
1585 5287 1724 5355 apud
1754 5284 2008 5340 llebrmos

437 5384 728 5437 vocabatur
765 5382 1020 5450 templum
1053 5379 1178 5434 olim
1207 5379 1347 5447 apud
1377 5378 1497 5431 illos
1527 5377 1848 5439 consistens,
1867 5375 2008 5444 ejus-

434 5486 539 5542 que
569 5473 844 5527 interiora.
881 5473 999 5527 Tibi
1031 5457 1208 5541 itaque
1244 5471 1309 5526 ab
1335 5469 1446 5525 illis
1472 5469 1645 5540 pulso,
1679 5468 1770 5523 sed
1815 5468 1866 5522 in
1899 5468 2006 5523 Do-

435 5564 580 5619 mino
613 5564 926 5627 conﬁdenti,
975 5563 1332 5618 sanctiﬁcium
1364 5562 1487 5621 erit.
1536 5575 1640 5617 nou
1676 5575 1998 5631 corporeum

503 5763 550 5796 ⁸³
579 5762 717 5818 l’sal.
749 5778 840 5827 cx,
878 5763 963 5816 10.

2113 4547 2296 4612 ζοντες
2318 4546 2687 4620 ἐπιγράφεσθε
2715 4548 2923 4609 ἑαυτοῖς
2947 4545 3108 4615 φόϐον
3125 4563 3140 4578 ⁸
3179 4566 3197 4598 ‹
3219 4546 3359 4618 ἀρχὴ
3386 4565 3404 4597 ι
3437 4546 3543 4616 γὰρ
3569 4566 3587 4596 ι
3608 4563 3691 4599 σο.

2114 4639 2242 4706 φίας
2273 4637 2433 4706 φόϐος
2463 4636 2668 4707 Κυρίου
2691 4653 2703 4665 ·
2731 4655 2748 4685 ι
2805 4637 2900 4688 καὶ
2931 4635 3018 4689 διὰ
3072 4635 3256 4689 τούτου
3293 4638 3401 4700 πᾶς
3443 4637 3471 4688 6
3504 4635 3564 4699 ἐξ
3592 4637 3687 4688 ἀν-

2116 4729 2348 4800 θρώπων
2379 4729 2739 4782 ἀπελαύνεται
2775 4727 2956 4796 φόϐος.

2195 4929 2213 4961 ε
2235 4911 2437 4982 Κύριον
2467 4911 2628 4964 αὑτὸν
2660 4909 2940 4978 ἁγιάσατε,
2969 4911 3063 4964 καὶ
3095 4909 3256 4972 αὑτὸς
3290 4908 3438 4961 ἔσται
3473 4924 3564 4959 σου
3595 4905 3691 4974 φό-

2119 5003 2212 5066 ϐος
2234 5020 2247 5033 ·
2278 5004 2372 5056 καὶ
2396 5001 2490 5056 ἐὰν
2523 5003 2608 5056 ἐπ’
2638 5002 2784 5073 αὑτῷ
2818 5001 3089 5066 πεποιθὼς
3114 4997 3198 5073 ᾗς,
3239 5000 3388 5053 ἔσται
3417 5016 3498 5051 σοι
3525 5001 3604 5061 εἰς
3629 4999 3690 5050 ά-

2118 5096 2346 5164 γίασμα.
2381 5113 2400 5146 ι
2459 5095 2582 5148 Ἐὰν
2613 5091 2704 5149 οῦν
2737 5096 2822 5148 ἐπ’
2872 5093 3039 5164 αὑτῷ,
3091 5093 3242 5164 φησὶ,
3285 5089 3556 5154 πεποιθὼς
3599 5085 3686 5163 ᾗς.

2110 5188 2272 5251 αὑτὸς
2312 5187 2464 5242 ἔσται
2505 5205 2586 5240 σοι
2627 5190 2707 5252 εἰς
2731 5187 3082 5257 ἁγίασμαὼς
3113 5186 3310 5256 μηκέτι
3361 5181 3566 5236 δεῖσθαι
3590 5183 3686 5236 τσῦ

2111 5279 2423 5350 σωματικοῦ
2482 5280 2837 5352 ἁγιάσματος.
2887 5280 3156 5349 Ἀγίασμα
3195 5277 3250 5330 δὲ
3287 5275 3529 5329 ἐκαλεῖτο
3554 5275 3685 5346 παρ’

2121 5372 2390 5444 Ἑϐραίοις
2429 5374 2456 5425 6
2493 5372 2657 5425 πάλαι
2695 5368 2967 5433 συνεστὼς
3017 5371 3142 5440 παρ’
3171 5369 3350 5431 αὑτοῖς
3405 5366 3557 5431 νεὼς,
3593 5367 3688 5420 xui.

2106 5464 2294 5518 τούτου
2324 5465 2391 5518 τά
2413 5465 2696 5519 ἐνδοτάτω.
2745 5464 2938 5516 Ἔσται
2977 5481 3060 5515 σοι
3091 5463 3272 5516 τοίνυν
3295 5459 3372 5532 τῷ
3398 5457 3687 5526 ἐλαυνομέ-

2104 5577 2178 5613 νω
2204 5559 2292 5613 ὑπ’
2323 5559 2563 5625 ἐκείνων,
2603 5556 2880 5611 πεποιθότι
2924 5555 2978 5609 δέ
3024 5556 3116 5609 ἐπὶ
3146 5554 3366 5626 Κύριον,
3419 5551 3684 5620 ἁγίασμα,
