4138 6400
421 436 526 491 M5

1289 426 1799 498 'eotiMENTARm
1839 437 1906 492 11v
1939 437 2194 494 ιδΑιΑιι.
2232 471 2279 483 -ρ
2337 438 2487 496 CAP.
2524 437 2658 498 Vltl'.
3583 458 3679 514 ηε,
3758 435 3760 439 ι

421 525 569 621 obici
601 553 904 623 σωματικδς
943 554 1098 619 νεὼς,
1125 554 1239 608 ἀλλ’
1274 556 1434 620 αὐτὸς
1466 557 1495 608 6
1529 554 1731 625 Κύριος
1764 555 1980 622 ἁγιάζω·

2109 553 2400 623 te’mplum;
2457 571 2643 610 verum
2694 557 2808 626 ipse
2854 558 3145 628 Dominus,
3180 567 3271 635 qui
3321 577 3372 624 te
3427 584 3677 629 sanetum

426 660 504 705 σε,
535 643 628 697 ἐὰν
656 645 931 710 πεποιθὼς
966 643 1032 718 ᾖς
1057 649 1145 700 ἐπ’
1175 648 1354 701 αὐτόν.
1398 647 1490 700 Διὸ
1536 647 1701 718 μηδὲν
1735 644 2001 714 φοϐούμε-

422 751 510 798 νος
536 735 624 788 τὸν
653 736 776 789 ναὸν
801 737 1008 803 τοῦτον,
1038 738 1306 810 ἁναχώρει
1331 737 1499 792 αὐτοῦ
1519 755 1533 768 ’
1572 737 1789 790 πίστευε
1822 736 1877 789 δὲ
1907 741 2000 794 καὶ

421 825 608 897 θάρσει
639 827 718 898 τῷ
751 828 826 898 σῷ
850 828 998 900 φόϐῳ
1017 845 1032 859 ο
1072 829 1214 896 ἕξεις
1233 829 1340 900 γὰρ
1360 828 1521 882 αὑτὸν
1549 827 1814 899 άγίασμα.
1850 845 1866 876 ι
1887 827 1998 880 Καὶ

419 922 515 993 οὐχ
542 922 618 986 ὡς
655 922 801 976 λίθου
829 925 1215 996 προσκόμματι
1253 922 1646 995 συναντήσεσθε
1680 920 1847 991 αὐτῷ,
1878 921 1997 973 οὐδὲ

418 1016 493 1079 ὡς
521 1016 723 1086 πέτρας
749 1016 1056 1087 πτώματος.
1086 1039 1102 1069 ι
1149 1019 1306 1090 Ὁρᾷς
1332 1018 1478 1080 ὅπως
1497 1016 1657 1070 αὐτὸν
1676 1014 1766 1068 τὸν
1793 1013 1996 1086 Κύριον

417 1106 562 1160 λίθον
590 1109 1014 1180 προσκόμματος
1043 1113 1132 1163 καὶ
1161 1111 1364 1182 πέτραν
1394 1109 1688 1163 σκανδάλου
1712 1108 1993 1180 ὀνομάζεις

418 1200 511 1251 καὶ
543 1198 780 1252 τοιοῦτον
814 1201 912 1271 μὲν
941 1201 1155 1256 ἔσεσθαι
1189 1203 1349 1256 αὐτόν
1384 1220 1514 1272 φησι
1534 1205 1644 1266 τοῖς
1666 1202 1996 1272 καθημένοις

415 1290 473 1341 ἐν
518 1289 891 1363 Ἰερουσαλὴμ,
931 1293 1024 1345 καλ⁴
1081 1297 1192 1357 τοῖς
1212 1295 1362 1348 δυσὶν
1400 1295 1568 1358 οἴκοις
1600 1296 1847 1367 Ἰσραήλ·
1881 1299 1995 1359 τοῖς

416 1381 472 1431 δὲ
506 1382 584 1444 είς
608 1383 768 1436 αὐτὸν
795 1386 1209 1438 πεπιστευκόσιν
1233 1387 1478 1456 ἁγίασμα
1504 1386 1718 1440 ἔσεσθαι
1735 1387 1989 1441 διδάσκει.

417 1470 540 1534 Πῶς
563 1469 654 1526 οὖν
677 1473 890 1542 ἐγένετο
914 1474 1058 1539 λίθος
1080 1477 1499 1547 προσκόμματος
1524 1478 1615 1530 καὶ
1639 1477 1816 1548 πέτρα
1840 1495 1994 1532 σκαν-

414 1562 573 1616 δάλου
599 1566 711 1627 τοῖς
739 1566 1046 1636 εἰρημένοις
1089 1568 1430 1638 Ἐμμανουήλ
1456 1584 1469 1634 ;
1499 1567 1586 1620 διὰ
1619 1569 1716 1639 τῆς
1750 1570 1811 1621 ὲκ
1848 1569 1994 1641 Παρ-

416 1653 568 1706 θένου
601 1657 865 1726 κυήσεως.
901 1658 1056 1711 Ὅθεν
1102 1661 1193 1712 καὶ
1224 1661 1252 1712 6
1286 1659 1424 1722 θεῖος
1460 1659 1780 1724 Ἀπόστολος
1822 1661 1993 1715 ταῦτα

412 1744 677 1799 διδάσκων
700 1747 902 1816 ἔλεγεν,
941 1769 959 1800 ι
983 1751 1254 1815 Ἰουδαίοις
1287 1753 1382 1822 μὲν
1415 1753 1728 1816 σκάνδαλον,
1768 1753 1990 1825 Ἕλλησι

411 1833 469 1885 δὲ
497 1837 695 1906 μωρία.
729 1858 747 1889 ι
807 1842 868 1892 Οἱ
900 1839 1076 1893 τοίνυν
1123 1841 1474 1906 ἀπειθοῦντες
1506 1846 1570 1915 τῇ
1606 1847 1802 1916 ἰσχυρᾷ
1847 1847 1991 1915 χειρὶ

2107 643 2284 708 ellicit,
2352 644 2393 699 si
2448 654 2626 700 tamen
2671 648 2744 702 illi
2775 651 3037 707 conﬁdas.
3098 655 3222 711 ldeo
3267 657 3371 715 hoe
3421 664 3684 732 templum

2107 737 2243 790 nihil
2287 736 2698 806 pertimescens,
2739 741 2968 799 abscede
3001 747 3068 801 ab
3117 749 3207 804 illo
3243 769 3256 805 :
3303 755 3494 833 crede,
3545 764 3598 810 et
3625 758 3700 836 in.
3753 751 3764 763 ’

2106 827 2300 882 timore
2333 837 2423 883 tuo
2457 831 2668 886 conﬁde
2713 848 2728 884 :
2773 834 2947 903 ipsum
2993 838 3192 909 quippe
3231 841 3284 894 in
3319 831 3678 902 sanctiticiuut

2105 917 2350 974 habebis.
2394 938 2417 972 ι
2451 919 2637 990 Neque
2664 925 2728 977 ad
2759 940 2882 979 eum
2914 929 3068 997 quasi
3102 932 3166 984 ad
3199 943 3406 1000 petram
3439 937 3687 1016 scandali

2103 1013 2403 1078 aceedetis,
2461 1034 2630 1088 neque
2656 1018 2807 1087 quasi
2833 1022 2900 1072 ad
2947 1034 3153 1090 petram
3181 1021 3369 1082 ruinae.
3411 1048 3428 1080 ι
3467 1013 3674 1096 Viden‘,

2101 1110 2369 1174 quomodo
2400 1111 2572 1178 ipsum
2607 1110 2892 1167 Dominum
2930 1115 3161 1184 lapidem
3212 1123 3452 1180 seandali
3497 1135 3549 1176 et
3580 1141 3674 1191 pe-

2105 1208 2242 1252 tram
2271 1202 2513 1256 scandali
2560 1205 2871 1272 nuncupet?
2916 1191 3077 1278 Atqui
3116 1195 3287 1266 illum
3323 1216 3492 1283 talem
3532 1217 3675 1270 futu-

2104 1307 2219 1345 rum
2252 1296 2575 1361 prteuuntiat
2609 1297 2693 1362 iis,
2728 1299 2818 1368 qui
2856 1299 2907 1353 in
2937 1298 3259 1372 Jerusalem,
3304 1318 3358 1362 et
3385 1309 3436 1362 itt
3469 1310 3676 1366 duabus

2102 1385 2317 1439 Israelis
2355 1386 2608 1442 domibus
2665 1392 2994 1460 considunt;
3043 1404 3098 1448 at
3145 1409 3338 1461 contra
3375 1402 3428 1454 in
3474 1417 3532 1458 se
3564 1419 3678 1460 cre-

2102 1478 2353 1532 dentibus
2388 1481 2743 1535 sanctiﬁeium
2797 1483 2910 1539 fore
2957 1485 3132 1542 docet.
3182 1489 3464 1557 Quomodo
3509 1497 3675 1564 igitur

2101 1568 2418 1624 Emmanuel
2449 1570 2537 1626 ille
2568 1574 2886 1628 memoratis
2929 1575 3247 1635 hominibus
3281 1576 3457 1639 factus
3483 1598 3566 1641 est
3601 1590 3676 1642 la-

2100 1660 2181 1728 pis
2205 1662 2445 1716 seandali
2475 1674 2529 1717 et
2553 1676 2704 1734 petra
2743 1667 2978 1722 seandali
3003 1669 3026 1724 ?
3053 1687 3148 1739 per
3177 1673 3412 1744 Virginis
3439 1692 3671 1747 partum.

2099 1751 2280 1818 Quare
2316 1754 2531 1810 divinus
2557 1757 2850 1826 Apostolus
2889 1759 3006 1815 haec
3040 1763 3245 1821 docens
3281 1756 3480 1836 aiebat,
3536 1791 3554 1822 ι
3584 1771 3677 1826 Ju—

2101 1847 2229 1900 daais
2285 1849 2506 1918 quidem
2555 1853 2896 1920 scandalum,
2959 1858 3215 1925 gentibus
3262 1874 3444 1918 autem
3498 1867 3703 1922 stulti-.

412 1929 616 1998 Κυρίου
643 1929 800 2000 ἔσχον
831 1933 991 1987 αὑτὸν
1029 1934 1174 1988 λίθον
1209 1937 1635 2007 προσκόμματος
1664 1938 1757 1990 καὶ⁵
1787 1938 1980 2010 πέτραι

2101 1938 2172 1991 tia
2209 1939 2274 1992 ⁵³.
2309 1959 2328 1990 ι
2372 1939 2471 2007 Qui
2520 1958 2647 2012 ergo
2681 1944 2806 2002 forti
2858 1952 3040 2006 ntanui
3087 1954 3297 2008 Domini
3343 1957 3703 2030 intntorigeri

411 2021 688 2088 πτώσεως,
728 2027 801 2097 μὴ
837 2027 963 2081 ὄντα
995 2031 1059 2100 τῇ
1112 2029 1272 2098 φύσει
1304 2030 1540 2082 τοιοῦτον
1564 2047 1577 2060 ·
1609 2033 1721 2094 τοῖς
1748 2031 1856 2102 γάρ
1901 2049 1991 2085 πι-

413 2113 691 2169 στεύουσιν
722 2119 800 2181 είς
831 2119 991 2172 αὐτὸν
1017 2120 1262 2190 άγίασμα
1295 2123 1572 2190 τυγχάνει.
1619 2123 1776 2187 Τίνες
1801 2123 1890 2190 δέ;
1929 2128 1987 2178 Οί

410 2198 568 2268 οἶκοι,
610 2201 782 2271 εἶπεν,
826 2208 1038 2272 Ἰακὼϐ,
1067 2209 1162 2262 καὶ
1188 2211 1308 2279 οὐχὶ
1340 2212 1368 2262 ὁ
1396 2209 1560 2274 οἶκος.
1595 2211 1698 2265 Δύο
1716 2214 1822 2286 γὰρ
1853 2210 1990 2286 ἦσαν

411 2289 548 2348 οἴκοι
585 2297 822 2368 Ἰσραὴλ,
870 2295 950 2362 εἷς
982 2301 1078 2370 μὲν
1107 2303 1134 2354 6
1172 2300 1281 2354 τῶν
1310 2303 1368 2354 ἐν
1392 2304 1574 2367 αὐτοῖς
1607 2305 1900 2376 ἀρχόντων,
1935 2306 1990 2358 ἒ-

411 2403 567 2456 τερος
588 2389 644 2442 δὲ
691 2393 718 2443 6
752 2391 860 2444 τῶν
895 2395 1231 2464 ἀρχομένων.
1260 2396 1479 2459 Τούτοις
1512 2397 1568 2449 δὲ
1591 2401 1703 2461 τοῖς
1737 2398 1886 2451 δυσὶν
1914 2400 1989 2452 οἴ-

413 2496 546 2544 κοις,
573 2481 768 2554 δηλαδὴ
794 2483 1004 2555 ἀθρόως
1027 2487 1103 2556 τῷ
1124 2486 1229 2556 ὅλῳ
1258 2487 1400 2541 ἔθνει
1426 2489 1650 2560 ἄρχουσί
1683 2508 1742 2543 τε
1776 2493 1869 2545 καὶ
1899 2492 1991 2564 ἀρ-

411 2573 676 2640 χομένοις,
724 2576 812 2628 τὸν
868 2577 1070 2648 Κύριον
1101 2583 1182 2642 είς
1227 2581 1430 2649 παγίδα
1465 2584 1558 2635 καὶ
1587 2585 1666 2647 είς
1696 2585 1986 2639 σκάνδαλον

407 2661 621 2717 ἔσεσθαί
648 2683 832 2738 φησιν.

478 2867 499 2900 ι
524 2849 654 2902 Τότε
682 2855 902 2925 φανεροὶ
932 2855 1143 2910 ἔσονται
1170 2859 1219 2910 οἱ
1252 2862 1672 2934 σφραγιζόμενοι
1708 2865 1798 2919 τὸν
1823 2867 1983 2938 νόμον

401 2939 498 2993 τοῦ
536 2943 608 3013 μὴ
641 2943 850 3014 μαθεῖν.
885 2968 902 2998 ι
935 2951 997 3001 Οἱ
1019 2950 1127 3022 γὰρ
1164 2952 1224 3004 τὸ
1249 2953 1578 3024 Εὐαγγέλιον
1608 2959 1985 3032 παραδεξάμε-

403 3046 503 3091 νοι,
528 3031 619 3084 καὶ
653 3033 751 3105 ζῇν
779 3035 1146 3109 δεδιδαγμένοι
1171 3042 1310 3096 κατὰ
1342 3044 1439 3114 τὴν
1465 3049 1656 3118 καινὴν
1687 3031 1979 3124 Διαθήκην,

403 3120 592 3194 ὥσπερ
621 3128 888 3196 σφραγῖδα
913 3132 1190 3197 ἐπιθέντες
1210 3135 1288 3206 τῷ
1317 3137 1485 3209 νόμῳ,
1513 3120 1856 3198 ἀποτίθενται
1887 3120 1984 3198 αύ-

403 3212 513 3276 τὸν,
543 3213 637 3267 ἅτε
661 3217 842 3270 οὐκέτι
869 3219 995 3272 ὄντα
1021 3225 1287 3295 χρήσιμον
1319 3227 1406 3281 διὰ
1429 3229 1524 3300 τὴν
1553 3233 1645 3284 τοῦ
1676 3237 1980 3305 κρείττονος

401 3305 700 3374 παράθεσιν
720 3325 733 3338 ·
767 3311 814 3362 οἱ
843 3311 1015 3376 αὐτοὶ,
1046 3314 1284 3384 δηλονότι
1307 3322 1352 3372 οἱ
1379 3320 1439 3373 τὸ
1468 3323 1793 3393 Εὐαγγέλιον
1811 3345 1986 3400 παρα-

400 3391 700 3464 δεξάμενοι,
731 3399 829 3470 τὴν
870 3401 958 3455 διὰ
1006 3405 1239 3476 Χριστοῦ
1290 3415 1674 3484 περιμένοντες
1721 3422 1900 3493 χάριν,
1931 3426 1983 3476 ὲ-

403 3499 577 3554 ρουσι⁶

476 3596 494 3627 ι
522 3580 682 3633 Μενῶ
706 3583 909 3656 Κύριον
928 3588 1018 3642 τὸν
1046 3591 1460 3665 ἀποστρέψαντα
1489 3599 1550 3653 τὸ
1571 3603 1862 3674 πρόσωπον
1894 3609 1984 3661 αύ-

397 3667 492 3720 τοῦ
537 3671 646 3725 ἀπὸ
686 3675 781 3728 τοῦ
811 3676 960 3733 οίκου
1001 3682 1218 3753 Ἰακὼϐ,
1249 3689 1340 3742 καὶ
1373 3692 1646 3757 πεποιθὼς
1673 3696 1866 3768 ἔσομαι
1893 3701 1979 3752 ἐπ’

397 3759 567 3830 αύτῷ.
596 3781 614 3814 ι

471 3870 490 3901 ι
516 3851 645 3906 Ἰδοὺ
681 3855 789 3924 ἐγὼ
815 3860 907 3913 καὶ
949 3863 1017 3917 τά
1048 3867 1256 3930 παιδία,
1289 3871 1325 3924 ἆ
1357 3890 1445 3942 μοι
1474 3874 1672 3930 ἔδωκεν
1710 3880 1739 3931 6
1777 3882 1925 3946 Θεός.
1954 3903 1973 3935 ι

396 3941 476 3994 Τὰ
503 3944 599 4013 μὲν
629 3942 720 4000 οὖν
762 3949 1024 4006 Ἰουδαϊκὰ
1056 3959 1242 4012 παιδία
1278 3941 1564 4032 σωματικὰ
1586 3965 1644 4030 ἐξ
1670 3968 1860 4040 ἀνδρὸς
1885 3941 1979 4025 καὶ

396 4035 684 4099 γυναικός·
710 4037 778 4091 τὰ
805 4039 860 4092 δὲ
883 4043 1022 4096 αύτὰ
1067 4046 1159 4098 τοῦ
1192 4048 1360 4102 ταῦτα
1403 4035 1831 4123 χρηματίζοντος
1866 4063 1977 4114 Κυ-

397 4122 512 4191 ρίου
548 4144 565 4175 ι
589 4127 690 4180 οὐκ
713 4128 770 4194 ἐξ
799 4132 1028 4201 αἵματος
1047 4136 1166 4190 οὐδὲ
1196 4141 1258 4192 ἐκ
1283 4122 1582 4212 θελήματος
1607 4151 1825 4220 σαρκὸς,
1861 4153 1975 4206 ἀλλ’

391 4213 457 4267 ὲκ
482 4215 616 4269 Θεοῦ
648 4221 1032 4294 ἐγεννήθησαν,
1061 4247 1079 4278 ι
1111 4229 1203 4282 τοῦ
1232 4233 1443 4306 Πατρὸς
1475 4239 1698 4294 τοιαῦτα
1722 4236 1868 4314 αὐτῷ
1890 4247 1972 4299 δε-

389 4303 532 4378 δωρη
542 4308 702 4377 μένου
731 4313 893 4367 τέκνα
913 4332 926 4344 '
962 4318 1156 4388 μηκέτι
1176 4323 1254 4392 τῷ
1274 4303 1365 4378 διὰ-
1388 4329 1663 4396 Μωῡσέως
1684 4303 1974 4411 προσέχον-

390 4413 457 4448 τα
482 4398 651 4471 νόμῳ,
699 4403 812 4456 ἀλλ’
841 4406 1014 4460 εἰδότα
1047 4414 1359 4484 περιμένειν
1391 4419 1480 4475 τὸν
1512 4398 1974 4496 Κύριονικαὶῃείς

390 4489 552 4542 αὑτὸν
584 4495 916 4552 πεποιθέναι.
955 4521 972 4552 ι
994 4503 1101 4555 Καὶ
1129 4504 1278 4577 ἔσται
1307 4512 1386 4575 είς
1417 4519 1613 4584 σημεῖα
1646 4521 1740 4572 καὶ
1770 4523 1971 4594 τέρατα

2101 2029 2339 2098 fuerunt,
2376 2033 2525 2087 illunt
2561 2036 2611 2089 in
2641 2036 2869 2108 lapidem
2901 2045 3144 2099 seandali
3175 2057 3228 2100 et
3261 2057 3468 2116 petram
3496 2053 3706 2127 'ruinte

2099 2122 2425 2188 habuerunt,
2480 2142 2602 2182 eum
2655 2141 2850 2190 natura
2896 2135 3021 2192 talis
3075 2139 3301 2194 tninime
3330 2153 3513 2197 esset:
3549 2161 3703 2200 nam.

2098 2211 2150 2264 in
2200 2226 2261 2268 se
2307 2216 2657 2275 credentibus
2703 2225 3069 2280 sanctiﬁeium
3107 2239 3208 2284 est.
3253 2233 3484 2297 Quinam
3546 2250 3674 2291 vero

2060 2303 2460 2370 ‘illi?Domus,
2509 2309 2708 2381 inquit,
2760 2314 2863 2369 illa:
2892 2313 3094 2384 Jacob,
3147 2335 3254 2374 non
3307 2307 3501 2379 domus
3559 2325 3670 2381 illa.

2099 2396 2224 2447 Duae
2257 2397 2458 2467 quippe
2489 2403 2681 2464 domus
2711 2403 2931 2463 lsraelis
2977 2420 3168 2478 erant;
3206 2413 3308 2468 alia
3344 2416 3702 2488 principum,

2095 2487 2434 2543 subditorum
2465 2491 2592 2546 alia.
2646 2495 2862 2553 Duabus
2907 2515 3070 2568 porro
3109 2504 3257 2561 hisce
3301 2487 3574 2576 domibus,
3620 2511 3673 2565 id

2094 2589 2199 2644 est,
2231 2581 2500 2636 universae
2535 2586 2696 2640 simul
2725 2591 2893 2658 genti,
2934 2601 3038 2646 tant
3082 2596 3453 2666 principibus,
3505 2616 3700 2670 quant.

2093 2671 2348 2737 subditis,
2379 2673 2666 2733 Dominum
2692 2679 2743 2734 itt
2771 2681 3022 2752 laqueum
3054 2696 3106 2740 et
3132 2687 3184 2740 in
3213 2692 3530 2748 scandalum
3556 2695 3670 2748 fore

2093 2762 2386 2831 signiﬁcat.

2139 2869 2328 2934 'Vens.
2370 2879 2458 2935 16.
2507 2883 2700 2940 «Tunc
2738 2889 3010 2945 manifesti
3047 2903 3208 2946 erunt
3257 2896 3348 2968 qui
3373 2898 3693 2969 obsignant.

2092 2963 2290 3033 legem,
2320 2984 2387 3022 ne
2427 2971 2658 3030 discant.
2684 2993 2704 3027 ι
2761 2975 2896 3030 Nam
2939 2981 3029 3048 qui
3077 2965 3434 3052 Evangelium
3485 3003 3671 3044 susce-

2091 3066 2308 3125 perunt,
2340 3068 2392 3113 et
2418 3061 2508 3129 qui
2556 3067 2854 3121 secundum
2894 3068 3101 3125 Novum
3139 3072 3547 3132 Testamentum
3588 3080 3668 3132 vi-

2092 3161 2219 3202 vere
2253 3148 2560 3206 didicerunt
2583 3194 2614 3219 ,,
2644 3159 2798 3225 quasi
2856 3162 3091 3232 sigillum
3145 3165 3500 3236 itnponentes
3537 3170 3678 3240 legi,.

2093 3238 2265 3306 ipsam
2310 3243 2609 3313 deponunt,
2635 3251 2759 3318 quia
2802 3252 2872 3308 ob
2905 3256 3186 3312 meliorem
3221 3261 3512 3333 invectam,
3554 3280 3665 3319 non

2089 3331 2322 3400 amplius
2378 3337 2527 3391 utilis
2567 3350 2651 3394 est
2704 3359 2716 3396 :
2758 3343 2918 3398 iidem
2970 3347 3093 3416 ipsi,
3145 3331 3397 3408 videlicet
3457 3354 3518 3418 ii,
3571 3358 3665 3426 qui

2091 3419 2441 3490 Evangelium
2499 3442 2894 3500 susceperunt,
2947 3441 3176 3506 gratiam
3227 3427 3325 3510 per
3383 3444 3662 3502 Christum

2086 3511 2365 3570 ferendam
2395 3532 2774 3589 exspectantes
2804 3527 3016 3585 dicent:
3306 3552 3308 3554 ν

2157 3605 2325 3664 Vens.
2368 3610 2457 3664 17.
2523 3633 2540 3664 ι
2569 3612 2913 3684 Exspectabo
2942 3621 3408 3698 Domitutm,_,qni
3464 3633 3663 3687 avertit

2086 3695 2281 3752 facient
2313 3714 2469 3758 suam
2506 3720 2534 3758 a
2562 3708 2723 3761 domo
2747 3710 2936 3779 Iacob,
2970 3726 3030 3769 et
3057 3718 3322 3786 conﬁdam
3350 3722 3401 3775 in
3429 3737 3515 3777 eo.
3543 3745 3563 3776 ι

2151 3881 2316 3936 Vens.
2361 3884 2449 3940 18.
2499 3906 2518 3938 ι
2545 3886 2687 3946 Ecce
2738 3909 2839 3962 ego
2863 3905 2918 3949 et
2961 3897 3110 3966 pueri
3159 3901 3288 3970 mei,
3327 3918 3469 3974 quos
3510 3907 3658 3963 dedit

2082 3976 2209 4029 mihi
2263 3976 2428 4033 Deus.
2458 3997 2476 4030 t
2530 3979 2737 4039 Iudaici
2774 3987 2992 4056 quidem
3030 3991 3184 4058 pueri
3218 3997 3467 4064 corporei
3503 4010 3651 4066 sunt,

2078 4080 2146 4120 ex
2177 4068 2293 4122 viro
2316 4082 2371 4123 et
2396 4071 2623 4127 muliere
2647 4091 2662 4140 ;
2688 4081 2840 4144 ptteri
2879 4095 3008 4134 vero
3037 4083 3246 4152 Domini
3269 4087 3360 4156 qui
3388 4090 3504 4144 [nec
3529 4107 3655 4145 ora-

2079 4160 2196 4213 cula
2226 4162 2422 4228 intulit,
2455 4184 2474 4215 ι
2500 4182 2605 4220 non
2649 4183 2714 4224 ex
2751 4175 3128 4243 sanguittibus,
3164 4193 3342 4248 neque
3371 4199 3436 4236 ex
3462 4184 3652 4238 volun-

2079 4261 2188 4304 tate
2217 4255 2427 4332 carnis,
2462 4258 2558 4312 sed
2603 4275 2669 4314 ex
2718 4261 2825 4316 Deo
2876 4267 2984 4319 nati
3028 4278 3154 4322 sunt
3187 4269 3234 4301 ⁸⁸
3262 4287 3276 4323 :
3307 4290 3325 4323 ι
3361 4271 3523 4328 Patre
3550 4275 3651 4344 ipsi

2078 4345 2211 4401 tales
2245 4350 2408 4404 dante
2433 4350 2596 4419 ﬁlios,
2622 4354 2714 4424 qui
2743 4372 2846 4411 non
2878 4358 3020 4412 ultra
3062 4363 3260 4432 Moysis
3309 4365 3415 4435 legi
3468 4377 3649 4424 atten-

2077 4437 2227 4504 dant,
2278 4441 2376 4494 sed
2425 4442 2605 4498 sciant
2649 4457 2973 4517 exspectare
3017 4449 3304 4510 Dominum
3345 4467 3402 4512 et
3433 4460 3485 4512 in
3531 4462 3651 4530 ipso

2074 4530 2372 4587 condidere.
2439 4533 2551 4588 «Et
2587 4546 2749 4590 erunt
2793 4539 2846 4591 itt
2883 4541 3034 4611 signa
3085 4553 3141 4599 et
3189 4549 3430 4622 prodigia
3481 4553 3650 4608 multa

388 4581 557 4635 πολλὰ
589 4587 646 4638 ὲν
671 4585 747 4656 τῷ
769 4589 902 4662 οἴκῳ
943 4593 1155 4665 Ἰσραὴλ
1190 4600 1340 4671 παρὰ
1383 4581 1588 4676 Κυρίου
1617 4581 1864 4677 Σαϐαὼθ,
1911 4616 1969 4680 ὃς

389 4679 635 4707 “nam:
664 4679 720 4707 ι..
748 4681 821 4707 -.~.
850 4682 960 4707 ι--.
993 4687 1048 4707 ιη-
1074 4686 1085 4702 ι
1234 4694 1304 4707 ..η
1409 4696 1421 4707 .
1477 4697 1551 4707 -..
1721 4705 1732 4707 μ
1754 4705 1765 4707 _
1869 4706 1872 4707 ,

2121 4581 2372 4587 ,,,,,_,-_--
2445 4581 2457 4584 ε
2485 4581 2550 4588 .--
2591 4581 2749 4590 ν--η-
2793 4581 2846 4591 --ι
2883 4581 3034 4611 uua-la
3085 4581 3141 4599 ιιι
3189 4581 3430 4622 illusus“!
3482 4581 3650 4608 ιιιυιια

2089 4639 2129 4674 ut
2161 4622 2323 4676 domo
2349 4622 2518 4678 Israel
2566 4642 2597 4680 a
2646 4628 2875 4686 Domino
2916 4633 3177 4702 SabaOth,
3224 4641 3315 4707 qui
3345 4641 3552 4697 habitat
3593 4647 3650 4700 itt

389 4679 635 4729 κατοικεῖ
663 4679 720 4732 ἐν
748 4681 824 4751 τῷ
848 4682 962 4753 ὄρει
992 4686 1148 4742 Σιών.
1177 4710 1195 4741 ι
1234 4694 1304 4746 Ἦ
1339 4696 1432 4748 καὶ
1469 4697 1661 4764 ἄλλως,
1701 4705 1774 4755 Οὐ
1808 4679 1968 4774 μόνον

385 4765 454 4819 τὰ
483 4769 666 4822 παιδία
692 4771 884 4838 ταῦτα,
912 4778 1064 4848 φησὶ,
1095 4783 1158 4834 ὲκ
1183 4782 1316 4837 Θεοῦ
1347 4805 1436 4858 μοι
1469 4793 1786 4862 παραδόξως
1808 4765 1967 4850 ’δέδο-

384 4875 495 4922 ται,
527 4861 662 4916 ἀλλὰ
686 4864 780 4917 καὶ
807 4867 940 4920 ἄλλα
972 4870 1194 4927 πλεῖστα
1224 4882 1426 4947 σημεῖα
1464 4882 1556 4935 καὶ
1584 4884 1785 4955 τέρατα
1807 4893 1965 4962 γενή-

387 4965 534 5004 σεται
581 4956 639 5008 ὲν
683 4955 760 5026 τῷ
787 4957 922 5029 οἴκῳ
972 4962 1185 5034 Ἰσραὴλ
1230 4969 1370 5023 κατὰ
1398 4974 1523 5036 τοὺς
1552 4955 1962 5051 προφητεύομέ-

385 5056 506 5106 νους
529 5046 770 5116 χρόνους.

459 5148 479 5182 ι
507 5133 615 5186 Καὶ
649 5136 744 5190 ἐὰν
772 5141 964 5194 εἴπωσι
996 5145 1130 5216 πρὸς
1159 5147 1324 5217 ὑμᾶς,
1358 5152 1641 5224 Φωνήσατε
1696 5158 1820 5222 τοὺς
1852 5161 1959 5214 ἀπὸ

382 5219 484 5291 τῆς
507 5225 612 5295 γῆς
639 5231 966 5297 φωνοῦντας,
1015 5237 1106 5289 καὶ
1134 5240 1260 5302 τοὺς
1300 5219 1768 5317 ἐγγαστριμύθους
1801 5219 1862 5305 ⁷οἳ
1894 5256 1957 5307 ὲκ

381 5312 480 5382 τῆς
513 5315 716 5382 κοιλίας
745 5324 999 5391 φωνοῦσι.
1042 5329 1141 5382 οὐκ
1167 5329 1316 5395 ἔθνος
1344 5333 1480 5404 πρὸς
1516 5337 1647 5392 Θεὸν
1675 5342 1840 5396 αὐτοῦ
1863 5346 1956 5398 ὲκ-

382 5401 676 5476 ζητήσουσι
705 5414 830 5483 περὶ
855 5415 962 5468 τῶν
994 5417 1208 5481 ζώντων
1236 5423 1362 5488 τοὺς
1381 5401 1605 5498 νεκρούς
1623 5447 1637 5460 ·
1668 5433 1830 5504 νόμον
1848 5437 1956 5509 γὰρ

380 5496 460 5558 είς
482 5494 730 5595 βοήθειαν
763 5501 978 5571 ἔδωκεν,
1007 5508 1091 5562 ἵνα
1133 5511 1377 5580 εἴπωσιν,
1407 5494 1517 5588 Οὐχ
1549 5520 1622 5585 ὼς
1647 5494 1798 5595 ῥῆμα
1829 5494 1954 5580 τοῦζ

380 5601 458 5645 το.
493 5590 620 5659 περὶ
651 5583 712 5642 οὗ
741 5594 840 5646 οὐκ
867 5595 979 5651 ἔστι
1005 5599 1150 5672 δῶρα
1173 5603 1351 5660 δοῦναι
1388 5613 1514 5681 περὶ
1543 5615 1729 5671 αὐτοῦ.
1757 5637 1774 5669 ι
1811 5620 1952 5692 Προ-

381 5678 547 5732 ειπὼν
566 5675 658 5735 οὖν
688 5684 717 5736 6
745 5683 901 5754 λόγος
931 5689 997 5743 τὰ
1022 5694 1148 5764 περὶ
1188 5695 1296 5751 τῶν
1323 5703 1548 5760 παιδίων
1576 5707 1668 5762 τοῦ
1695 5712 1948 5786 Χριστοῦ,

384 5853 430 5889 ⁵⁸
467 5856 484 5911 Ι
518 5861 640 5916 Cor.
670 5864 822 5926 t,9.'5-
894 5868 940 5908 ⁸⁸
975 5867 1129 5926 Joan.
1170 5890 1206 5940 ι,
1239 5876 1328 5935 l3.

2074 4722 2257 4766 monte
2287 4710 2439 4768 Sion.
2472 4737 2488 4764 ι
2535 4717 2664 4771 Sive
2692 4719 2798 4776 alio
2823 4725 3005 4790 modo,
3033 4742 3136 4781 non
3170 4728 3221 4782 hi
3254 4739 3460 4792 tantum
3492 4738 3649 4804 pueri

2071 4819 2099 4855 a
2134 4805 2241 4858 Deo
2278 4805 2408 4860 utihi
2451 4810 2781 4866 mirabiliter
2822 4815 2930 4870 dati
2973 4829 3132 4886 sunt;
3185 4823 3279 4876 sed
3327 4825 3493 4879 etiant
3537 4827 3650 4883 alia

2067 4901 2299 4966 plurima
2324 4902 2477 4972 signa
2511 4915 2566 4958 et
2599 4909 2848 4980 prodigia
2891 4915 3018 4970 [ient
3058 4918 3109 4970 itt
3149 4920 3308 4974 domo
3331 4919 3498 4977 Israel
3535 4939 3671 4994 quo.

2075 5000 2318 5063 tempore
2347 4994 2399 5049 itt
2432 4999 2716 5066 prophetia
2752 5005 3070 5061 enuntiatur
3121 5084 3125 5087 ἢ

2137 5173 2304 5232 Vens.
2339 5179 2428 5245 19,
2470 5181 2562 5236 20.
2612 5203 2630 5235 ι
2660 5185 2726 5239 Ει
2757 5202 2877 5242 cum
2909 5191 3146 5248 dixerint
3179 5196 3244 5249 ad
3272 5208 3367 5251 vos
3398 5216 3411 5252 :
3444 5197 3641 5256 Vocate

2064 5281 2179 5334 eos,
2208 5272 2300 5340 qui
2333 5286 2400 5326 ex
2447 5284 2591 5330 terra
2635 5281 3030 5351 vociferantur,
3085 5297 3139 5342 et
3180 5292 3640 5362 engastrimythos

2065 5359 2155 5426 qui
2203 5375 2272 5414 ex
2313 5371 2503 5420 ventre
2544 5365 2840 5435 loquuntur
2873 5390 2888 5428 :
2917 5390 3021 5429 non
3074 5378 3306 5447 populus
3348 5383 3414 5436 ad
3465 5359 3654 5444 Deum

2062 5466 2219 5504 suuut
2255 5455 2548 5522 exquirent
2583 5459 2650 5513 de
2685 5461 2823 5516 vivis
2863 5481 2891 5517 a
2938 5469 3167 5524 mortuis
3196 5489 3210 5524 :
3237 5471 3408 5542 legem
3441 5477 3638 5546 quippe

2064 5538 2118 5592 itt
2173 5541 2433 5598 auxilium
2475 5547 2644 5614 dedit,
2685 5561 2743 5604 ut
2783 5551 3001 5618 dicant,
3041 5554 3153 5611 Non
3199 5538 3342 5615 sicut
3383 5538 3484 5618 hoc
3516 5538 3640 5621 ver-

2061 5631 2218 5695 bum,
2280 5633 2346 5688 de
2403 5651 2510 5706 quo
2575 5656 2683 5695 non
2735 5641 2863 5697 licet
2907 5645 3047 5700 dona
3088 5641 3286 5706 dare.t
3340 5651 3635 5726 Postquam

2061 5721 2225 5792 igitur
2265 5723 2330 5782 de
2379 5729 2560 5800 pueris
2594 5730 2796 5792 Christi
2831 5735 3042 5794 locutus
3087 5740 3304 5812 fuerat,
3341 5721 3536 5818 nempe
3567 5750 3658 5810 de-
