4138 6404
401 394 502 447 1⁸47

1072 388 1342 444 EUSEBll
1381 389 1856 446 CESARIENSIS
1893 390 2045 445 OPP.
2085 389 2265 445 PARS
2304 388 2393 444 lll.
2434 418 2503 427 —
2541 387 2956 444 EXEGETICA.

3564 391 3667 447 N8

403 509 660 583 apostolis
703 518 760 564 et
798 506 1078 577 discipulis
1135 508 1273 578 ejus,
1330 522 1540 563 necnon
1597 511 1663 563 de
1709 510 1877 577 signis
1917 521 1972 562 et

2104 509 2220 578 ,έγω
2239 508 2304 578 δὴ
2334 506 2443 560 τῶν
2473 507 2788 560 ἀποστόλων
2818 507 2912 561 καὶ
2943 506 3200 578 μαθητῶν
3234 508 3419 573 αὑτοῦ,
3455 510 3580 579 περί
3608 528 3666 564 τε

404 603 687 674 prodigiis,
722 615 843 668 qua:
883 614 976 667 per
1005 614 1100 652 eus
1130 599 1273 674 edita
1321 608 1470 661 sunt,
1521 599 1678 670 queis
1731 600 1974 670 gentium

402 697 620 750 vacatio
643 693 782 747 facta
817 701 932 752 est;
969 692 1082 746 haec
1116 700 1516 759 consequenter
1541 693 1698 748 docet
1725 693 1976 761 populum

406 803 605 840 novatn
626 796 677 839 et
711 794 981 839 recentem
1017 800 1082 838 ex
1113 783 1368 852 gentibus
1396 800 1423 838 a
1463 784 1682 840 Christo
1711 786 1976 840 constitu-

403 887 542 942 tum,
562 892 721 946 quem
742 877 812 928 ita
842 873 957 929 fere
980 875 1306 942 alloquitur:
1341 875 1464 929 llaec
1492 876 1700 939 audite,
1735 877 1976 945 discipuli

408 971 552 1032 mei,
612 970 702 1038 qui
775 982 804 1020 a
863 967 1145 1037 gentilium
1229 967 1514 1036 multiplici
1598 968 1980 1037 superstitione

412 1061 656 1116 translati
697 1059 853 1115 estis.
912 1058 967 1114 Si
1013 1059 1104 1126 qui
1136 1074 1202 1113 ex
1233 1059 1298 1112 iis
1332 1059 1422 1128 qui
1455 1060 1608 1114 vobis
1633 1058 1758 1112 oliui
1789 1058 1901 1112 noti
1928 1069 1982 1112 et

405 1153 706 1209 familiares
736 1159 894 1207 erant
919 1191 934 1216 ,
970 1151 1092 1205 sive
1117 1160 1323 1218 patres,
1352 1151 1468 1206 sive
1495 1150 1711 1222 cognati
1736 1190 1750 1212 ,
1791 1165 1886 1204 vos
1915 1152 1982 1204 ad

407 1244 693 1314 pristinum
719 1243 1076 1310 repetendum
1105 1256 1349 1296 errorem
1387 1242 1634 1304 invitent.
1685 1251 1743 1296 ut
1776 1241 1844 1296 ab
1881 1242 1984 1296 illis

405 1336 678 1391 adhibitas
716 1334 1104 1399 divinationes,
1152 1334 1369 1389 oracula
1404 1349 1467 1388 ac
1497 1335 1695 1389 similia
1727 1336 1778 1388 in
1813 1335 1986 1391 admi-

407 1427 622 1482 ratione
645 1425 896 1480 habeatis
917 1464 934 1490 ,
975 1440 1045 1480 ne
1082 1440 1269 1481 corum
1297 1425 1524 1480 consilio
1550 1425 1938 1495 obtemperetis
1970 1447 1982 1482 :

406 1534 477 1575 ne
505 1518 778 1574 miremini
811 1519 1090 1572 damonas
1122 1533 1189 1572 ex
1221 1527 1414 1574 ventre
1449 1517 1726 1572 hominum
1759 1516 1986 1586 loquen-

412 1623 511 1676 tes,
542 1627 683 1682 quos
716 1618 914 1663 vocant
943 1609 1243 1681 Pythonas,
1269 1625 1446 1681 neque
1467 1624 1562 1665 eos
1578 1610 1753 1680 quiex
1783 1610 1988 1678 praesti-

410 1705 513 1772 giis
565 1703 885 1772 quibusdam
931 1704 998 1756 de
1043 1713 1188 1758 terra
1230 1703 1528 1759 ascendere
1576 1713 1864 1772 putantur;
1895 1703 1988 1757 sed

412 1799 584 1852 solum
621 1796 907 1851 Dominum
935 1804 1174 1850 vestrum
1199 1795 1384 1850 colite.
1413 1793 1547 1848 Nam
1575 1796 1620 1848 si
1657 1804 1850 1863 gentes
1880 1795 1992 1848 sin—

2082 599 2190 652 τῶν
2217 598 2457 671 σημείων
2485 599 2710 652 καὶτῶν
2737 601 2980 670 τεράτων
2999 599 3104 653 τῶν
3127 601 3576 656 ἐπιτελεσθέντων
3602 604 3668 657 δι’

2084 691 2289 745 αὐτῶνο
2315 691 2382 744 δι’
2405 684 2482 743 ὧν
2505 691 2599 745 καὶ
2642 693 2674 760 ἡ
2709 692 2902 762 κλῆσις
2928 693 3219 762 γεγένηται
3254 693 3360 746 τῶν
3386 693 3575 757 ἐθνῶν,
3608 695 3666 747 ἀ-

2086 783 2357 846 κολούθως
2384 783 2478 836 τὸν
2505 782 2624 836 νέον
2656 783 2752 836 καὶ
2779 783 2964 836 καινὸν
2994 784 3140 846 λαὸν,
3167 785 3257 839 τὸν
3292 786 3350 852 ἐξ
3390 787 3557 853 ἐθνῶν
3583 789 3672 842 διά

2086 875 2322 948 Χριστοῦ
2355 875 2625 929 συστάντα
2665 875 2998 930 διδάσκειτά
3038 877 3392 949 προκείμενα,
3428 880 3504 943 ὡς
3535 879 3672 952 πρὸς

2087 969 2286 1031 αὐτοὺς
2314 967 2518 1036 λέγων’
2560 967 2849 1021 ’Λκούσατε
2882 968 3076 1031 ταῦτα,
3107 971 3155 1022 οί
3186 969 3309 1039 ἐμοὶ
3338 970 3594 1033 διδακτοὶ,
3621 973 3670 1023 οἱ

2087 1062 2186 1131 τῆς
2213 1061 2321 1112 τῶν
2361 1059 2528 1113 ἐθνῶν
2561 1060 2823 1113 πολυθέου
2857 1060 3066 1130 πλάνης
3100 1061 3455 1132 μεταθέμενοι
3477 1079 3489 1092 ⁸
3519 1062 3573 1114 εῐ
3589 1079 3672 1116 τι-

2089 1170 2177 1216 νες
2209 1151 2317 1205 τῶν
2348 1151 2516 1205 πάλαι
2549 1151 2840 1222 γνωρίμων
2877 1151 3002 1221 ὑμῖν
3029 1153 3120 1204 καὶ
3153 1153 3415 1222 συνήθων,
3448 1153 3672 1222 ἢπατέ-

2092 1262 2205 1316 ρες,
2239 1244 2274 1312 ἦ
2319 1245 2622 1311 συγγενεῖς,
2672 1242 3038 1314 παρακαλοῖεν
3067 1245 3209 1314 ὑμᾶς
3261 1246 3537 1298 ἐπανιέναι
3583 1248 3676 1299 ἐπὶ

2091 1339 2190 1409 τὴν
2224 1337 2494 1410 προτέραν
2538 1337 2768 1408 πλάνην,
2812 1335 3112 1408 θαυμάζειν
3139 1355 3197 1390 τε
3225 1338 3323 1400 τὰς
3347 1338 3454 1391 ἀπὸ
3489 1339 3677 1408 δαιμό-

2092 1449 2197 1484 νων
2231 1431 2363 1502 παρ⁹
2405 1430 2587 1492 αὐτοῖς
2620 1429 3047 1500 ἐπιτελουμένας
3099 1430 3357 1501 μαντείας
3403 1431 3497 1483 καὶ
3543 1447 3675 1500 χρη-

2095 1522 2285 1592 σμοὺς,
2313 1520 2408 1575 καὶ
2439 1521 2508 1574 τά
2539 1521 2792 1574 τοιαῦτα·
2828 1519 2904 1592 μὴ
2938 1521 3188 1575 πείθεσθε
3215 1526 3281 1594 τῇ
3315 1521 3518 1577 τούτων
3541 1541 3678 1592 συμ-

2095 1613 2258 1684 ϐουλῇ
2283 1629 2296 1641 ⁸
2333 1612 2407 1683 μὴ
2440 1611 2752 1683 θαυμάζετε
2794 1612 3054 1683 δαίμονας
3094 1613 3202 1666 ἀπὸ
3241 1613 3446 1676 κοιλίας
3474 1613 3680 1685 ἀνθρώ-

2097 1722 2214 1759 πων
2241 1705 2575 1774 φωνοῦντας,
2607 1704 2734 1766 τοὺς
2769 1703 3198 1774 ὀνομαζομένους
3226 1704 3503 1768 Πύθωνας,
3548 1705 3680 1776 μηδὲ

2097 1798 2222 1861 τοὺς
2241 1797 2349 1851 ἀπὸ
2373 1796 2476 1867 γῆς
2499 1797 2643 1850 κατά
2667 1813 2817 1860 τινας
2843 1797 3106 1868 γοητικάς
3136 1797 3328 1867 τέχνας
3357 1797 3563 1851 ἀνιέναι
3596 1815 3682 1849 νο-

413 1886 572 1957 gulae,
622 1886 724 1941 etsi
759 1899 947 1940 errore
971 1885 1168 1950 ductze,
1197 1899 1295 1940 suo
1325 1895 1508 1938 tamen
1541 1885 1649 1938 Deo
1674 1884 1986 1946 adhaerent,

2104 1891 2421 1962 μιζομένους
2445 1908 2458 1920 ·
2492 1890 2582 1943 τὸν
2612 1889 2670 1943 δέ
2713 1889 2896 1944 αὐτῶν
2927 1889 3130 1962 Κύριον
3167 1890 3326 1960 μόνον
3370 1890 3678 1960 περιέπετε.

414 1981 543 2052 quid
583 1980 726 2036 aliud
759 1981 824 2035 iis
848 1981 1133 2048 agendum.
1184 1979 1274 2049 qui
1318 1994 1502 2033 veram
1531 1980 1781 2035 notitiam
1814 1993 1978 2033 acce-

413 2079 631 2139 perunt,
683 2084 845 2139 quam
900 2079 958 2124 ut
1001 2069 1168 2126 Deum
1201 2086 1356 2124 suum
1409 2079 1682 2138 qnazrant,
1735 2084 1912 2138 neque
1960 2084 1990 2120 a

415 2163 668 2226 mortuis.
704 2164 812 2216 vita
844 2162 1060 2232 penitus
1088 2163 1259 2228 orbis,
1290 2164 1558 2218 curiosius
1592 2163 1895 2232 inquirant,
1939 2176 1994 2218 et

413 2256 760 2311 sciscitentur
803 2255 871 2311 de
915 2255 1084 2310 rebus
1128 2255 1195 2310 ad
1240 2255 1394 2309 vivos
1437 2255 1846 2324 spectantibus?
1895 2255 1989 2311 Dei

420 2349 604 2418 itaque
647 2350 874 2403 verbum
905 2357 961 2403 et
997 2347 1169 2418 legem
1201 2348 1570 2418 evangelicum
1618 2349 1797 2402 datam
1839 2351 1994 2403 vobis

413 2441 468 2494 in
500 2439 760 2495 auxilium
792 2441 960 2503 nacti,
996 2455 1062 2495 ex
1109 2440 1223 2510 ipsa
1267 2441 1466 2494 discite
1509 2455 1846 2510 quaecunque
1878 2441 1995 2492 vul-

417 2533 507 2598 tis,
547 2541 605 2587 et
650 2531 793 2586 hanc
839 2531 1125 2586 sectemini
1159 2550 1174 2584 :
1206 2531 1331 2600 quia
1373 2531 1492 2586 ﬁeri
1542 2533 1750 2602 nequit,
1795 2544 1852 2587 ut
1907 2533 1996 2587 ille

415 2624 575 2679 donis
595 2639 624 2677 a
650 2638 781 2679 vero
815 2624 1178 2677 dimoveatnr.

2092 1985 2154 2038 Ei
2179 1984 2287 2054 γάρ
2312 1982 2541 2036 ἕκαστον
2568 1983 2739 2048 ἔθνος,
2768 1981 2945 2035 καίτοι
2983 1981 3433 2052 πεπλανημένως,
3457 1983 3606 2050 ὅμως
3629 1981 3677 2035 δ’

2091 2070 2183 2129 οὖν
2213 2073 2306 2127 τοῦ
2333 2073 2465 2126 ἰδίου
2495 2071 2630 2125 Θεοῦ
2656 2071 2971 2144 περιέχεται
2989 2088 3003 2105 ·
3035 2072 3160 2135 τοὺς
3184 2073 3281 2140 τὴν
3309 2071 3524 2142 ἀπλανῆ
3551 2069 3684 2140 γνῶ-

2094 2189 2177 2226 σιν
2210 2170 2516 2242 εἰληφότας,
2552 2169 2605 2221 τί
2638 2169 2742 2240 χρὴ
2776 2169 3056 2240 πράττειν,
3089 2168 3122 2239 ἦ
3180 2168 3270 2221 τὸν
3316 2167 3524 2221 ἐαυτῶν
3551 2166 3684 2220 Θεὸν

2092 2263 2392 2336 ἐπιζητεῖν,
2428 2263 2520 2316 καί¹
2559 2261 2634 2333 μὴ
2665 2261 2792 2325 τοὺς
2822 2261 3050 2332 νεκροὺς
3069 2260 3560 2330 πολυπραγμονεῖν,
3589 2269 3684 2328 pr:

2095 2355 2154 2409 δέ
2207 2355 2420 2426 ἐρωτᾷν
2473 2351 2601 2424 περὶ
2657 2353 2998 2424 πραγμάτων
3049 2351 3286 2416 ζώντων,
3331 2351 3458 2414 τοὺς
3504 2350 3684 2420 πάσης

2100 2447 2248 2516 ζωῆς
2276 2444 2706 2516 ἐστερημένους;
2743 2443 2997 2513 Ἔχοντες
3021 2439 3113 2497 οὖν
3137 2444 3227 2496 τὸν
3253 2443 3346 2497 τοῦ
3374 2443 3507 2496 Θεοῦ
3529 2443 3686 2512 λόγον

2098 2540 2196 2593 ’καλ⁵
2227 2540 2390 2610 νόμον
2409 2538 2500 2591 τὸν
2526 2537 2899 2604 εύαγγελικδν,
2929 2539 3009 2599 εἰς
3038 2535 3282 2606 βοήθειαν
3316 2537 3441 2605 ὑμῖν
3473 2535 3688 2604 δεδομέ-

2101 2643 2210 2688 νον,
2247 2625 2307 2690 ἐξ
2325 2625 2488 2678 αὑτοῦ
2515 2625 2812 2696 μανθάνετε
2836 2626 2962 2694 περὶ
2987 2618 3062 2676 ὧν
3081 2624 3146 2677 ἂν
3169 2623 3422 2686 ἐθέλοιτε,
3446 2625 3538 2676 καὶ
3568 2623 3689 2675 τού⁸

413 2733 493 2788 τῳ
523 2722 807 2790 στοιχεϊτε,
837 2718 958 2772 ἐπεὶ
985 2716 1062 2789 μὴ
1101 2711 1212 2771 οἷόν
1236 2718 1294 2771 τέ
1319 2719 1468 2772 ἐστιν
1513 2717 1670 2772 αὐτὸν
1698 2718 1888 2792 δώροις
1916 2718 2176 2789 ἐκστῆναι
2199 2719 2294 2773 τοῦ
2329 2718 2581 2790 ἀληθοῦς.

490 2812 654 2867 Vens.
695 2811 785 2865 21.
833 2830 852 2862 ‹
883 2811 947 2864 Et
991 2811 1168 2866 veniet
1197 2825 1361 2880 super
1397 2827 1495 2865 vos
1527 2811 1646 2866 dira
1693 2813 1869 2868 I'auies
1897 2833 1909 2867 :
1941 2826 2000 2868 et

417 2905 527 2962 erit
561 2913 620 2958 ut
645 2903 938 2968 esurietis,
979 2902 1254 2965 dolebitis.
1291 2913 1347 2959 et
1389 2903 1728 2960 maledicetis
1764 2903 1999 2975 principi

417 3005 473 3049 et
505 2994 695 3064 patriis
725 2993 930 3063 legibus
962 3009 978 3048 :
1012 3004 1066 3049 et
1105 2995 1392 3064 respicient
1435 2995 1490 3050 in
1529 2994 1728 3051 caelum
1755 3009 1942 3066 supra.
1977 3013 1997 3047 ι

419 3085 556 3141 Cum
616 3098 747 3154 ergo
790 3083 912 3154 quis
935 3083 1134 3138 divina:
1174 3082 1307 3153 legis
1335 3093 1705 3152 transgressor
1732 3099 1796 3139 ac
1825 3087 2005 3140 deser—

423 3187 506 3233 tor
571 3175 795 3234 ell‘ectus
865 3176 1002 3242 erit,
1063 3176 1114 3230 in
1163 3174 1548 3232 olfendiculum
1604 3177 1870 3232 deductus
1934 3177 2002 3232 ab

425 3273 498 3327 iis
524 3272 616 3341 qui
641 3269 863 3327 oracula
893 3279 952 3326 et
974 3269 1341 3325 daemoniacas
1363 3269 1732 3325 divinationes
1761 3280 2000 3341 praeten-

424 3364 577 3428 duut,
603 3364 748 3417 hunc
777 3362 948 3417 fames
983 3362 1387 3419 rationabilium
1410 3361 1655 3416 ciborum
1689 3363 2000 3431 occupabit,

422 3470 636 3510 necnon
690 3469 948 3512 excessus
1005 3453 1205 3508 mentis
1255 3461 1312 3507 et
1364 3452 1696 3507 iracundia:
1732 3465 1896 3522 atque
1950 3454 2002 3507 in

425 3547 773 3618 blasphemas
817 3545 1178 3619 cogitationes
1247 3544 1493 3607 incidet,
1547 3543 1877 3600 maledicens
1926 3544 2001 3598 illi

429 3639 558 3694 olim
599 3638 712 3708 regi
770 3651 910 3700 suo,
948 3651 1111 3706 quem
1167 3635 1325 3689 deum
1377 3650 1535 3689 suum
1581 3637 1830 3689 vocabat.
1889 3655 1908 3686 ε
1941 3634 2006 3688 Et

427 3749 532 3787 non
572 3730 857 3802 perplexus
906 3730 1013 3784 erit
1056 3729 1146 3799 qui
1197 3729 1250 3783 in
1294 3728 1540 3798 angustia
1589 3737 1673 3783 est
1715 3744 1887 3798 usque
1937 3730 2004 3782 ad

429 3835 662 3892 tempus.
692 3841 712 3873 ι

1029 3908 1261 3966 CAPUT
1313 3907 1403 3964 IX.

499 4007 663 4060 Vens.
711 4007 762 4060 l.
818 4027 836 4057 ι
866 4005 980 4059 lloc
1028 4006 1261 4069 primum
1321 4003 1487 4058 bibe:
1526 4003 1634 4058 cito
1685 4001 1808 4065 fac,
1859 4003 2007 4074 regit)

427 4100 670 4154 'Lahulon
688 4109 742 4152 et
768 4109 911 4152 terra
937 4095 1302 4166 Nephthalim,
1321 4104 1374 4148 et
1404 4095 1582 4150 cteteri
1613 4094 1704 4164 qui
1737 4095 2006 4148 maritima

427 4203 483 4246 et
518 4202 668 4246 Irans
700 4189 1013 4250 Jordanem,
1041 4186 1263 4242 Galilaaa
1287 4187 1547 4256 gentium.
1581 4206 1599 4238 ι
1639 4186 1922 4241 Vulteniiu
1955 4197 2012 4240 ut

431 4290 486 4348 ii.
521 4287 614 4357 qui
649 4301 847 4355 magna
889 4283 1146 4336 salutaris
1197 4283 1289 4334 Dei
1340 4280 1608 4333 adventus
1645 4279 1764 4335 luce
1803 4282 2009 4349 dignati

431 4390 578 4446 sunt,
602 4380 841 4436 fructum
874 4376 1216 4432 rationabilis
1263 4386 1422 4447 potus
1451 4375 1706 4443 Operihus
1762 4375 2008 4430 reddant.

432 4475 614 4529 l’ritno
671 4473 854 4541 itaque
905 4470 1146 4526 Galilaais
1195 4469 1396 4524 bonmu
1441 4467 1691 4522 nuntium
1742 4466 2007 4521 declat-at.

2183 2833 2199 2862 ι
2224 2813 2336 2866 Καὶ
2361 2811 2482 2884 ἥξει
2537 2812 2622 2880 ἐφ’
2648 2811 2791 2881 ὑμᾶς
2823 2807 3036 2880 σκληρά
3083 2807 3266 2878 λιμόςο
3309 2809 3403 2860 καὶ
3437 2805 3588 2859 ἔσται
3613 2805 3689 2870 ὡς

2109 2905 2174 2960 ἂν
2205 2904 2522 2976 πεινάσητε,
2576 2901 2950 2973 λυπηθήσεσθε
2994 2901 3114 2963 καὶ,
3163 2899 3346 2962 κακῶς
3375 2898 3547 2968 ἐρεῖτε
3600 2897 3690 2952 τὸν

2107 2998 2364 3070 ἄρχοντα,
2405 2995 2501 3048 καὶ
2538 2995 2606 3049 τά
2639 2995 2846 3066 πάτρια
2869 3010 2882 3022 ν
2916 2993 3012 3046 καὶ
3064 2990 3449 3060 ἀναϐλέψονται
3483 2991 3562 3052 εἰς
3598 2988 3690 3042 τὸν

2109 3090 2338 3161 οὐρανὸν
2367 3089 2498 3143 ἄνω.
2531 3106 2550 3138 ι
2583 3089 2753 3141 Ὅταν
2779 3083 2872 3140 οὖν
2894 3084 3216 3156 παραϐάτης
3248 3083 3454 3153 γένοιτό
3481 3099 3564 3144 τις
3596 3081 3692 3134 τοῦ

2113 3179 2256 3233 θείου
2298 3177 2485 3250 νόμου,
2539 3178 2634 3231 καὶ
2681 3177 2994 3246 ἀποστάτης
3043 3173 3230 3236 αὐτοῦ,
3289 3173 3692 3235 σκανδαλισθεὶς

2107 3272 2214 3327 ὑπὸ
2239 3271 2348 3324 τῶν
2381 3273 2508 3335 τοὺς
2539 3271 2822 3342 χρησμοὺς
2848 3269 2942 3323 καὶ
2970 3268 3068 3332 τάς
3103 3267 3357 3338 μαντείας
3382 3265 3480 3329 τάς
3505 3265 3691 3334 δαιμο-

2105 3362 2264 3426 νικὰς
2302 3361 2737 3438 προϊσχομένων,
2784 3359 2942 3430 λιμὸς
2967 3357 3183 3428 τροφῶν
3231 3354 3462 3425 λογικῶν
3501 3353 3690 3407 τοῦτον

2105 3453 2430 3520 διαδέξεται,
2469 3453 2565 3508 καὶ
2613 3452 2890 3516 ἔκστασις,
2937 3451 3032 3504 καὶ
3063 3448 3438 3522 παροξυσμός·
3486 3446 3579 3500 καλ⁵
3611 3445 3692 3508 είς

2109 3547 2460 3618 βλασφήμους
2487 3547 2808 3618 ἐμπεσεῖται
2844 3544 3157 3614 λογισμοὺς,
3187 3539 3574 3612 καταρώμενος
3599 3536 3694 3590 τὸν

2108 3638 2274 3691 πάλαι
2305 3636 2527 3708 βασιλέα
2575 3635 2761 3699 αὑτοῦ,
2800 3635 2859 3687 ὃν
2904 3634 2998 3687 καὶ
3027 3633 3147 3686 θεὸν
3184 3629 3375 3685 ἐαυτοῦ
3421 3628 3688 3700 ὠνόμαζε.

2112 3752 2131 3783 ι
2159 3733 2269 3786 Καὶ
2301 3732 2402 3785 ούκ
2429 3729 2838 3802 ἀπορηθήσεται
2858 3729 2887 3779 ὁ
2913 3728 2972 3780 ἐν
3005 3725 3331 3796 στενοχωρίᾳ
3355 3723 3428 3776 ὢν
3450 3725 3554 3785 ἓως
3575 3741 3692 3775 και-

2111 3822 2273 3895 ροῦ.»

2648 3907 3046 3962 ΚΕΦΑΛΑΙΟΝ
3079 3904 3153 3958 Θ’.

2186 4027 2203 4056 ι
2225 4003 2396 4059 Τοῦτο
2421 4002 2636 4074 πρῶτον
2672 4001 2762 4054 πίε
2782 4017 2795 4030 ·
2826 4001 2961 4069 ταχὺ
2991 3999 3152 4061 ποίει,
3204 3995 3356 4069 χώρα
3387 3991 3693 4055 Ζαϐουλὼν,

2111 4101 2144 4170 ἡ
2193 4099 2266 4169 γῆ
2300 4094 2642 4166 Νεφθαλείμ,
2678 4093 2773 4146 καὶ
2800 4094 2847 4144 0i
2877 4091 3052 4144 λοιποὶ
3096 4090 3146 4143 οἱ
3169 4089 3267 4159 τὴν
3300 4088 3567 4157 παραλίαν
3600 4084 3697 4139 καὶ

2113 4191 2287 4262 πέραν
2337 4189 2430 4242 τοῦ
2470 4186 2755 4258 Ἰορδάνου,
2789 4183 3045 4237 Γαλιλαία
3089 4182 3195 4234 τῶν
3228 4179 3413 4233 ἐθνῶν.
3443 4196 3460 4226 ι
3502 4176 3697 4228 Βούλε-

2113 4298 2201 4334 ται
2222 4279 2331 4350 γὰρ
2361 4278 2426 4330 δι’
2471 4277 2648 4348 ἔργων
2682 4275 2770 4328 τὸν
2826 4272 3034 4344 καρπὸν
3063 4269 3154 4322 τοῦ
3189 4265 3406 4336 λογικοῦ
3458 4265 3697 4334 πόματος

2114 4371 2421 4427 ἀποδιδόναι
2455 4372 2580 4432 τους
2614 4365 3052 4430 καταξιωθέντας
3102 4360 3196 4414 τοῦ
3234 4358 3469 4430 μεγάλου
3523 4355 3697 4424 φωτὸς

2115 4466 2212 4536 τῆς
2244 4462 2512 4533 σωτηρίου
2560 4457 2897 4528 θεοφανείας.
2931 4454 3153 4526 Πρῶτον
3201 4449 3292 4506 οῦν
3324 4453 3434 4514 τοῖς
3466 4450 3556 4502 ἐπί
3599 4448 3697 4518 τῆς

434 4569 536 4622 Par
574 4565 774 4636 quippe
807 4573 927 4618 erat
961 4562 1237 4632 regionem
1277 4561 1422 4614 illam
1456 4577 1563 4615 non
1609 4560 1824 4614 silentio
1871 4577 1979 4630 pra:

2119 4555 2407 4618 Γαλιλαίας
2441 4551 2870 4621 εὐαγγελίζεται.
2904 4547 3052 4601 Ἔδει
3080 4546 3188 4618 γάρ
3235 4544 3368 4616 μηδέ
3389 4543 3486 4613 τὴν
3515 4540 3699 4612 χώραν

434 4656 620 4720 terire,
686 4655 738 4709 in
803 4667 910 4722 qua
977 4649 1300 4706 Emmanuel
1361 4651 1413 4704 in
1481 4665 1580 4704 suo
1643 4650 1708 4702 ad
1767 4649 2014 4705 homines

434 4749 665 4802 adventu
719 4761 903 4800 moras
955 4745 1200 4798 facturus
1257 4753 1400 4796 erat.
1456 4742 1623 4813 Regio
1667 4753 1848 4796 autem
1897 4754 2014 4797 erat

432 4840 656 4895 Galilzea
683 4878 700 4904 ,
735 4841 841 4893 imo
869 4838 1034 4892 etiam
1070 4847 1217 4891 trans
1250 4835 1542 4890 Iordanem
1574 4845 1693 4888 erat
1721 4835 1836 4888 lucc
1865 4835 2014 4888 Gali-

436 4935 556 4998 laza,
609 4934 661 4987 in
716 4948 823 5002 qua
869 4931 1214 5000 frequentius
1266 4939 1518 4983 versatus
1573 4929 1823 4982 Christus
1880 4939 2008 4981 est:

434 5042 608 5098 quare
635 5025 928 5081 salutarem
963 5033 1145 5094 potum
1175 5034 1231 5077 et
1261 5022 1434 5077 lucem
1461 5022 1576 5088 ejus
1611 5019 1804 5074 incolis
1841 5020 2018 5088 primo

438 5118 744 5172 annuntiat.
807 5114 977 5184 Hujus
1029 5130 1193 5185 porro
1251 5113 1452 5168 viviﬁci
1502 5124 1664 5181 potus
1724 5112 2014 5182 imaginem

437 5211 769 5268 sensibiliter
813 5210 1063 5264 exhibuit
1107 5207 1390 5270 Servator,
1435 5205 1674 5274 quando,
1727 5205 1930 5274 nuptiis
1964 5205 2016 5256 in

436 5306 579 5360 Cana
612 5304 851 5360 Galilaea:
886 5300 1198 5362 celebratis,
1222 5298 1454 5368 primum
1478 5297 1798 5351 miraculum
1829 5295 2017 5358 edidit,

438 5415 588 5469 aqua:
614 5399 822 5454 scilicet
852 5397 905 5450 in
939 5395 1121 5450 vinum
1147 5393 1523 5448 mutationem.

513 5581 679 5636 Vens.
712 5581 770 5634 2.
813 5598 832 5631 ‹
868 5578 1137 5648 Populus,
1175 5575 1268 5645 qui
1300 5572 1616 5626 ambulabat
1662 5571 1716 5624 in
1764 5568 2021 5635 tenebris,

443 5677 580 5730 vidit
636 5676 811 5728 lucem
865 5686 1159 5742 magnam:
1219 5669 1536 5724 habitantes
1594 5665 1648 5720 in
1704 5661 1924 5731 regione
1971 5670 2026 5714 et

442 5769 636 5821 umbra
708 5766 920 5829 mortis,
979 5765 1068 5817 lux
1123 5761 1426 5833 splendebit
1487 5773 1649 5827 super
1704 5769 1818 5809 vos.
1882 5771 1899 5802 ι
1961 5752 2026 5805 Ει

445 5862 578 5915 alias
625 5857 844 5930 quidem
897 5859 951 5913 in
998 5856 1234 5912 tenebris
1283 5854 1534 5923 agebant,
1587 5850 1678 5918 qui
1734 5855 2022 5914 antequam

2119 4645 2528 4716 ἀποσιωπῆσαι,
2566 4642 2686 4696 καθ’
2708 4643 2774 4710 ἣν
2796 4642 2894 4703 τὰς
2935 4638 3213 4708 διατριϐὰς
3242 4634 3506 4688 ποιεῖσθαι
3532 4631 3702 4702 ἠμελ-

2120 4741 2211 4792 λεν
2235 4735 2544 4808 ἀνθρώποις
2582 4733 2866 4802 ἐπιφανεὶς
2894 4735 2922 4785 ὁ
2963 4728 3325 4802 Ἐμμανουήλ.
3374 4727 3437 4778 Ἦ
3463 4723 3518 4776 δὲ
3549 4722 3702 4793 χώρα

2119 4828 2188 4902 ἦν
2215 4829 2468 4883 Γαλιλαία
2487 4845 2500 4856 ·
2529 4825 2664 4879 ἀλλὰ
2695 4825 2788 4878 καὶ
2821 4824 2990 4895 πέραν
3018 4822 3109 4876 τοῦ
3151 4819 3413 4891 Ἰορδάνου
3445 4813 3702 4884 τυγχάνει

2123 4925 2155 4994 ἡ
2193 4921 2448 4975 Γαλιλαία
2481 4918 2640 4988 αῦτη,
2678 4921 2735 4971 ἐν
2825 4915 2924 4979 τὰς
2966 4915 3220 4973 πλείστας
3254 4909 3543 4979 ἐποιήσατο
3585 4903 3698 4956 δια·

2119 5014 2311 5086 τριϐὰς
2343 5015 2372 5066 ὁ
2403 5011 2635 5082 Χριστός
2659 5029 2670 5040 ·
2697 5011 2776 5063 διὸ
2801 5011 2960 5063 ποτὸν
3003 5007 3288 5076 σωτήριον,
3335 5001 3425 5054 καὶ
3455 4999 3568 5068 φῶς
3605 4995 3702 5066 μέ-

2119 5124 2191 5173 γα
2223 5108 2335 5168 τοῖς
2363 5105 2420 5156 ἐν
2449 5104 2582 5173 αὐτῇ
2617 5098 3026 5168 εὐαγγελίζεται
3059 5095 3313 5166 πρώτοις.
3342 5088 3449 5142 Τοῦ
3471 5087 3530 5142 δὲ
3564 5087 3703 5150 ζωο-

2119 5196 2272 5250 ποιοῦ
2300 5195 2490 5249 τούτου
2522 5191 2688 5246 ποτοῦ
2723 5191 2909 5244 εἰκόνα
2939 5188 3196 5256 παρεῖχεν
3224 5185 3252 5235 ὁ
3291 5181 3480 5250 Σωτὴρ
3514 5179 3699 5248 αἰσθη-

2118 5289 2245 5352 τῶς,
2273 5287 2508 5359 ὁπηνίκα
2541 5286 2720 5355 γάμου
2754 5277 3174 5346 συντελουμένου
3204 5277 3261 5327 ἐν
3299 5273 3449 5326 Κανᾶ
3473 5272 3569 5340 τῆς
3598 5271 3698 5322 Γαο

2119 5381 2350 5444 λιλαίας,
2399 5379 2623 5450 πρῶτον,
2641 5373 2942 5448 παράδοξον
2975 5370 3288 5442 εἰργάσατο,
3324 5366 3422 5437 τὴν
3452 5365 3545 5418 τοῦ
3579 5363 3704 5416 ὖδαο

2122 5491 2211 5536 τος
2233 5475 2313 5534 εἰς
2331 5466 2472 5524 οἶνον
2504 5467 2823 5538 μεταϐολήν.

2208 5584 2226 5616 t
2249 5565 2306 5616 '0
2320 5562 2490 5625 λαὸςὸ
2507 5561 2813 5630 καθήμενος
2853 5558 2910 5608 ἐν
2941 5554 3122 5606 σκότει
3154 5548 3258 5606 εἶδε
3288 5550 3401 5620 φῶς
3450 5547 3594 5619 μέγα
3614 5561 3628 5574 °
3654 5542 3705 5596 oi

2132 5652 2510 5714 κατοικοῦντες
2541 5651 2598 5701 ἐν
2627 5648 2781 5719 χώρᾳ
2801 5647 2894 5700 καὶ
2929 5647 3058 5715 σκιᾷ
3075 5643 3324 5704 θανάτου,
3357 5639 3470 5710 φῶς
3503 5635 3705 5705 λάμψει

2132 5750 2218 5816 ἐφ’
2252 5747 2414 5816 ὑμᾶς.
2450 5763 2468 5794 ι
2507 5741 2616 5796 Καὶ
2645 5740 2818 5802 ἄλλως
2844 5738 2900 5790 δέ
2920 5741 2976 5790 ἐν
3007 5737 3186 5790 σκότει
3215 5733 3505 5801 ἐτύγχανον
3537 5731 3584 5782 οἱ
3603 5727 3707 5797 πρὸ

2130 5841 2228 5912 τῆς
2261 5835 2609 5908 ἐπιλάμψεως
2647 5832 2739 5886 τοῦ
2776 5830 3008 5903 Χριστοῦ
3051 5830 3107 5881 ἐν
3135 5826 3378 5894 ἀγνωσία
3408 5823 3557 5883 ὅντες
3615 5819 3704 5871 τοῦ
