4138 6404
366 448 464 502 H9

1263 433 1799 492 COMMENTARIA
1840 432 1907 487 IN
1947 432 2202 488 lSAlAM.
2242 465 2300 475 -
2351 434 2503 489 UAI’.
2546 432 2639 489 IX.

3518 432 3620 489 l50

365 569 539 629 φωτός
566 554 659 609 τοῦ
689 552 941 625 ἀληθινοῦ
970 568 984 581 ⁸
1015 552 1075 604 ἐν
1106 552 1236 622 σκιᾷ
1268 551 1324 604 δέ
1354 551 1585 605 θανάτου
1618 549 1758 624 ἦσαν
1786 554 1835 606 οἱ
1878 553 1946 606 τὰ

2050 555 2301 610 Christus
2375 554 2751 619 illucesceret,
2810 554 2862 609 in
2926 570 3067 609 verm
3124 554 3261 609 lucis
3314 553 3615 625 ignorantia

366 649 500 719 πρὸς
528 645 753 700 θάνατον
783 643 1208 713 ἁμαρτάνοντες,
1235 642 1376 695 κατὰ
1402 643 1683 715 τὸ,‹Ψυχὴ
1704 647 1737 715 ή
1766 646 1945 716 ἀμαρ-

365 742 615 800 τάνουσα,
643 734 780 806 αὑτὴ
810 734 1181 788 ἀποθανεῖται.
1219 752 1238 785 ι
1296 734 1434 787 Ἀλλ’
1461 735 1565 798 ἕως
1601 737 1697 805 μὲν
1752 738 1810 789 ἐν
1867 735 1945 806 τῷ

366 829 589 900 παρόντι
623 827 722 897 βίῳ
750 825 1005 895 τυγχάνει
1042 826 1067 877 6
1131 823 1268 896 πρὸς
1319 825 1544 879 θάνατον
1593 826 1941 897 ἁμαρτάνων,

366 923 460 990 οὐχ
493 918 634 972 οὕτω
665 919 841 987 πάντη
875 916 1252 970 καταπέποται
1288 916 1390 969 ὑπὸ
1440 915 1534 969 τοῦ
1586 916 1836 979 θανάτου,
1868 917 1944 980 ὡς

368 1014 442 1085 μὴ
475 1010 734 1065 δύνασθαι
773 1006 1091 1079 μεταϐαλὼν
1142 1008 1398 1079 σωθῆναι,
1456 1008 1571 1062 ἀλλ’
1610 1009 1731 1062 οὐδὲ
1772 1009 1945 1080 ἀπήλ-

363 1103 557 1156 λακται
583 1099 747 1154 αὐτοῦ
781 1099 1080 1161 παντελῶς,
1114 1099 1193 1151 διὸ
1226 1099 1441 1168 λέγεται
1495 1095 1633 1152 εἶναι
1699 1100 1756 1151 ἐν
1817 1099 1944 1169 σκιᾷ

366 1194 615 1249 θανάτου.
649 1192 795 1263 Πηλὴν
829 1191 1140 1262 ἐπιλάμψας
1190 1191 1398 1256 τούτοις
1431 1192 1686 1264 πρώτοις,
1720 1192 1817 1263 τὴν
1845 1194 1945 1263 χά-

366 1302 451 1357 ριν
477 1284 572 1339 τοῦ
611 1284 849 1356 μεγάλου
884 1283 1060 1352 φωτὸς
1083 1284 1391 1355 ἐδωρήσατο
1417 1287 1445 1337 6
1500 1284 1587 1337 διὰ
1642 1284 1751 1337 τῶν
1812 1276 1947 1355 προ-

365 1378 628 1447 κειμένων
664 1376 1067 1446 θεσπιζόμενος.
1110 1375 1198 1429 Ἐν
1229 1375 1399 1448 ταύτῃ
1429 1392 1488 1427 τε
1520 1378 1585 1445 τῇ
1615 1374 1767 1445 χώρα
1799 1373 1946 1445 πρώ-

367 1486 436 1541 τῃ
476 1471 724 1524 πλεῖστον
768 1469 893 1522 λαὸν
932 1469 1198 1540 ἐκτήσατο
1226 1508 1241 1534 ,
1298 1467 1373 1530 ὡς
1397 1467 1611 1521 καὶτὸν
1660 1465 1945 1519 ἀποστολι-

366 1561 459 1615 κδν
483 1562 642 1633 χορὸν
675 1561 734 1625 ἐξ
762 1560 939 1614 αὐτῶν
965 1560 1307 1625 ἐκλέξασθαι.
1335 1560 1491 1621 Τίνες
1519 1554 1621 1612 οὖν
1639 1554 1779 1629 ἦσαν
1810 1560 1859 1611 οἱ
1887 1559 1947 1611 ἐν

370 1654 547 1707 σκότει
576 1654 667 1706 καὶ
694 1655 821 1723 σκιᾷ
843 1652 1073 1706 θανάτου
1105 1653 1138 1724 ἢ
1191 1652 1240 1704 oi
1283 1653 1338 1704 ἐν
1366 1650 1608 1722 ἀγνωσία
1656 1649 1750 1702 τοῦ
1810 1648 1948 1704 Θεοῦ

364 1743 423 1797 τὸ
453 1743 580 1813 πρὶν
613 1741 1027 1812 κατεσχημένοι,
1062 1741 1157 1794 καὶ
1188 1744 1234 1793 οἱ
1265 1740 1341 1811 τῷ
1371 1740 1586 1810 θανάτῳ
1634 1740 1733 1810 τῆς
1767 1739 1945 1810 ψυχῆς

362 1834 744 1905 δεδουλωμένοι
766 1851 781 1899 ;

437 2035 456 2069 ι
490 2016 563 2071 Τὸ
588 2017 835 2071 πλεῖστον
862 2016 953 2071 τοῦ
983 2016 1114 2071 λαοῦ
1143 2017 1171 2070 6
1204 2017 1516 2086 κατήγαγες
1542 2017 1597 2069 ἐν
1632 2017 1942 2089 εὐφροσύνῃ

365 2126 479 2172 σου,
514 2110 607 2164 καὶ
627 2110 1093 2182 εὐφρανθήσονται
1120 2109 1348 2163 ἐνώπιόν
1381 2126 1495 2176 σου,
1529 2109 1606 2170 ὡς
1639 2110 1688 2163 οἱ
1717 2109 1945 2180 εὐφραι-

362 2201 574 2272 νόμενοι
604 2204 663 2256 ἐν
702 2204 892 2273 ἀμήτῳ
916 2242 930 2265 ,
961 2203 1055 2255 καὶ¹
1086 2201 1146 2255 ὃν
1176 2201 1374 2273 τρόπον
1402 2200 1862 2272 εὐφρανθήσονται
1895 2203 1956 2254 οἰι

363 2293 723 2365 διαιρούμενοι
762 2294 963 2348 σκῦλα’
1001 2296 1134 2348 διότι
1163 2295 1590 2367 ἀφαιρεθήσεται
1616 2296 1644 2348 6
1677 2294 1943 2363 ζυγὸςέπ⁹

366 2386 545 2440 αὐτῶν
564 2387 832 2458 κείμενος.
860 2407 879 2440 ι
922 2390 992 2442 Ἢ
1036 2388 1220 2460 ἐπειδὴ
1250 2389 1490 2442 πλεῖστοι
1544 2389 1642 2460 μὲν
1692 2389 1946 2442 ἐπίστευ-

368 2496 490 2543 σαν,
526 2479 742 2544 πλείους
769 2480 824 2534 δὲ
853 2484 919 2552 τῇ
960 2482 1189 2553 ἀπιστία
1219 2483 1601 2554 ἐναπέμειναν,
1634 2482 1861 2546 εἰκότως
1884 2483 1950 2535 τδ

365 2570 615 2624 πλεῖστον
668 2570 759 2625 τοῦ
788 2571 925 2625 λαοῦ
953 2572 1209 2627 λέλεκται
1238 2574 1337 2645 τῆς
1366 2574 1637 2645 σωτηρίου
1698 2574 1948 2645 μετειλη-

364 2662 521 2731 φέναι
548 2664 907 2735 εὐφροσύνης.
942 2666 1205 2737 Σημαίνει
1226 2667 1281 2719 δὲ
1308 2665 1398 2720 διὰ
1415 2667 1638 2729 τούτων,
1675 2667 1813 2738 πρὸς
1846 2667 1946 2737 τὴν

364 2755 654 2827 πρόχειρον
679 2756 853 2823 λέξιν·
901 2758 989 2811 Ἐν
1093 2759 1223 2812 ποτέ
1257 2759 1355 2830 μὲν
1400 2760 1508 2812 ὰπδ
1546 2759 1710 2812 πέντε
1766 2761 1946 2831 ἄρτων

368 2846 567 2916 πλῆθος
581 2848 789 2919 ἀνδρῶν
814 2849 1271 2920 πεντακισχιλίων
1289 2849 1554 2921 ἐθρέψατο
1584 2852 1642 2903 ἐν
1670 2853 1735 2922 τῇ
1758 2850 1947 2920 δηλου-

368 2938 500 3010 μένῃ
530 2937 701 3011 χώρᾳ,
754 2939 885 2994 τωτέ
917 2939 978 3005 ἐξ
1039 2941 1177 2995 ἐπτὰ
1228 2942 1694 3012 τετρακισχιλίους
1748 2942 1946 3014 ἄνδρας

364 3032 533 3102 χωρὶς
567 3032 841 3103 γυναικῶν
872 3033 971 3088 καὶ
994 3032 1234 3087 παιδίων.
1272 3034 1364 3088 Διδ
1394 3034 1641 3088 λέλεκται
1676 3034 1818 3089 κατὰ
1854 3033 1947 3087 τὸν

365 3124 660 3195 Σύμμαχον
698 3144 716 3176 ι
768 3124 1088 3198 Εὑφροσύνῃ
1118 3125 1502 3198 εὐφράνθησαν
1534 3126 1762 3180 ἐνώπιόν
1827 3142 1955 3191 σου,

2047 656 2241 701 erant:
2290 647 2342 700 in
2401 645 2594 699 umbra
2651 657 2828 700 antem
2878 646 3070 701 mortis
3114 654 3298 709 erant,
3356 654 3621 714 quotquot

2048 736 2352 792 mortaltter
2400 745 2798 805 peccaverant,
2849 737 3147 791 secundum
3178 735 3338 790 illud:
3374 754 3392 785 ι
3427 736 3619 789 Anima

2045 846 2165 899 quae
2198 828 2537 899 peccaverit,
2584 827 2702 899 ipsa
2754 830 3016 884 morietur
3048 830 3115 883 ⁸⁸.
3152 847 3171 881 ι
3222 829 3326 883 Sed
3374 829 3618 899 quaudiu

2047 919 2092 973 is
2135 919 2224 988 qui
2274 926 2469 988 peccat
2517 918 2583 971 ad
2616 928 2867 981 mortem,
2902 918 2954 972 in
2998 919 3252 987 praesenti
3288 919 3391 973 vita
3431 919 3614 988 degit,

2047 1028 2155 1065 non
2188 1013 2267 1065 ita:
2309 1026 2532 1079 prorsus
2574 1011 2901 1065 absorbetur
2934 1027 2963 1066 a
3005 1022 3197 1079 morte,
3236 1022 3294 1065 ut
3339 1028 3444 1066 non
3491 1028 3617 1081 pos-

2045 1102 2121 1156 sit
2152 1100 2519 1171 resipiscendo
2554 1102 2786 1158 salutent
2826 1102 3064 1157 nancisci
3094 1119 3108 1168 ;
3147 1103 3242 1159 sed
3290 1118 3389 1159 nec
3429 1119 3495 1157 ex
3530 1105 3616 1157 illa

2046 1197 2261 1263 penitus
2312 1194 2611 1257 liberatur,
2666 1208 2839 1263 quare
2898 1195 3100 1249 dicitur
3149 1210 3269 1251 esse
3324 1196 3377 1250 in
3424 1196 3617 1250 umbra

2049 1288 2260 1342 mortis.
2297 1287 2567 1342 Ceterum
2622 1288 2706 1342 his
2733 1286 3008 1357 prioribus
3040 1287 3393 1353 illucescens,
3436 1288 3629 1357 magni.

2047 1377 2270 1433 luminis
2307 1378 2541 1447 gratiam
2571 1378 2842 1448 elargitus
2866 1387 2948 1433 est
2979 1378 3045 1443 is,
3085 1380 3173 1447 qui
3210 1378 3261 1431 in
3293 1377 3392 1432 hoc
3423 1378 3627 1432 vatici~

2047 1469 2139 1523 nio
2177 1469 2370 1524 fertur.
2428 1470 2485 1523 ln
2524 1471 2627 1525 ltac
2668 1484 2832 1539 porro
2883 1472 3105 1541 regione
3150 1470 3325 1539 primo
3368 1485 3631 1538 magnam-

2046 1558 2232 1628 populi
2267 1559 2669 1615 multitudinem
2704 1562 3017 1630 acquisivit,
3072 1562 3144 1615 ita
3182 1569 3241 1613 ιιι
3283 1561 3445 1613 etiam
3490 1575 3619 1630 apo-

2047 1652 2302 1708 stolicum
2351 1653 2580 1708 altorum
2630 1669 2697 1709 ex
2741 1670 2808 1709 ea
2873 1654 3156 1724 deligeret.
3205 1651 3435 1718 Quinam
3489 1666 3639 1722 ergo.

2046 1753 2207 1798 erant
2239 1743 2311 1797 illi
2364 1744 2415 1797 in
2464 1744 2706 1799 tenebris
2741 1755 2797 1800 et
2836 1747 3027 1799 umbra
3079 1745 3271 1801 mortis
3300 1753 3617 1808 versantes,

2050 1835 2289 1904 nisiaqui‘
2306 1835 2460 1905 prius
2492 1836 2799 1905 ignorantia
2833 1836 2926 1890 Dei
2963 1837 3368 1899 detinebantur,
3394 1846 3449 1890 et
3475 1852 3633 1889 mor-

1978 1902 2017 1955 Β
2052 1931 2133 1984 tis
2150 1902 2346 1983 animae
2379 1902 2630 1983 servituti
2686 1929 2891 1985 addicti
2936 1930 3130 1985 erant?

2119 2020 2288 2076 Vens.
2317 2022 2436 2076 5-4.
2491 2039 2509 2073 ι
2558 2020 2843 2077 Multitudo
2887 2024 3108 2093 populi,
3150 2040 3312 2093 quam
3347 2022 3637 2077 deduxisti

2046 2114 2101 2167 in
2142 2113 2331 2168 laetitia
2380 2123 2494 2179 tua,
2547 2121 2605 2167 et
2643 2114 2972 2169 laetabuntur
3007 2130 3193 2171 coram
3237 2124 3307 2179 te,
3355 2114 3494 2169 sicut
3528 2115 3619 2184 qui

2048 2205 2300 2259 ltetantur
2346 2206 2400 2260 in
2435 2220 2635 2269 messe,
2679 2216 2732 2260 et
2778 2206 3237 2275 quemadmodum
3294 2206 3623 2259 laetabuntur

2046 2296 2138 2365 qui
2171 2296 2416 2351 dividunt
2455 2297 2676 2367 spolia:
2729 2298 2855 2367 quia
2914 2296 3194 2352 auferetur
3239 2296 3430 2368 iugum
3485 2297 3622 2362 ipsis

2048 2388 2385 2459 impositum.
2439 2407 2469 2442 ‹-
2518 2391 2684 2453 Sive,
2738 2390 2864 2459 quia
2913 2390 3068 2445 multi
3113 2389 3333 2461 quidem
3380 2389 3641 2445 credidem

2050 2489 2217 2541 runt,
2268 2479 2362 2535 sed
2416 2479 2588 2535 multo
2640 2479 2824 2551 plures
2873 2480 2926 2534 in
2976 2480 3355 2535 incredulitate
3407 2496 3624 2534 manse-

2050 2581 2207 2637 runt,
2239 2572 2363 2639 iure
2388 2574 2591 2629 dicitur
2636 2572 2832 2627 multos
2864 2588 2928 2626 cx
2962 2572 3159 2643 populo
3194 2573 3456 2627 salutaris
3489 2575 3626 2626 la-ti-

2050 2665 2150 2720 tie
2170 2676 2455 2720 consortes
2506 2664 2695 2719 fuisse.
2753 2664 2848 2719 His
2887 2680 3048 2733 porro
3100 2664 3394 2735 significat,
3446 2667 3622 2733 quoad

2047 2757 2268 2811 obvium
2310 2757 2506 2813 littera:
2555 2770 2816 2823 sensum,
2855 2758 3131 2827 regionem
3185 2756 3354 2821 illam,
3401 2758 3490 2810 ubi
3525 2757 3624 2811 all-

2047 2850 2266 2922 quando
2297 2864 2363 2906 ex
2396 2850 2638 2919 quinque
2669 2851 2898 2920 panibus
2944 2851 3156 2903 turbam
3190 2849 3432 2903 virorum
3463 2850 3623 2917 quin-

2047 2959 2152 3015 que
2188 2942 2414 3003 millium
2450 2942 3076 3011 euutrivit;.aliquaudo‘
3101 2951 3280 2996 autem
3312 2955 3378 2996 ex
3413 2951 3625 3010 septem

2049 3030 2296 3103 panibus,
2342 3040 2579 3099 quatuor
2624 3031 2790 3086 millia
2837 3031 3331 3101 virorum,.pr:eter
3367 3030 3635 3084 mulieri-ss

2048 3133 2104 3179 et
2163 3124 2453 3193 parvulos.
2489 3124 2857 3191 Quamobrem
2919 3123 3123 3178 dictum
3183 3129 3269 3178 est
3319 3122 3620 3177 secundum

365 3215 442 3280 ὡς
473 3216 809 3288 εὐφροσύνην
858 3220 919 3271 ἐν
943 3216 1213 3288 θερισμῷ..
1251 3236 1273 3268 ι
1322 3218 1476 3272 Οὕτω
1514 3217 1645 3287 γοῦν
1679 3218 1736 3272 οί·
1768 3218 1826 3271 ἐν
1855 3218 1943 3270 θε-

2051 3216 2463 3289 Symmachum,
2500 3233 2521 3268 ι
2572 3215 2785 3272 Laetitia
2829 3213 2993 3270 laetati
3050 3224 3178 3270 sunt
3228 3216 3280 3269 in
3330 3227 3621 3286 conspectu

373 3306 553 3376 ρισμῷ
574 3307 897 3378 τρεφόμενοι
928 3306 1303 3378 ἡθροισμένως
1327 3308 1467 3363 κατὰ
1494 3308 1555 3362 τὸ
1583 3309 1714 3363 αὐτὸ
1745 3326 1949 3380 συμπο-

370 3396 576 3461 σιάζειν
627 3396 868 3451 εἰώθασι.
902 3398 1058 3452 Κατὰ
1107 3399 1342 3453 διάνοιαν
1376 3401 1431 3454 δὲ
1452 3403 1499 3454 οἱ
1539 3401 1824 3455 ἀπόστολοι
1850 3400 1946 3455 τοῦ

368 3488 619 3559 Σωτῆρος
647 3489 802 3560 ήμῶν
837 3492 928 3544 καὶ
950 3492 999 3543 οξ
1029 3490 1235 3545 τούτων
1257 3492 1524 3563 διάδοχοι,
1557 3492 1688 3545 οἵτε
1726 3494 1804 3556 εἰς
1830 3492 1949 3546 δεῦ-

371 3597 432 3651 ρο
463 3581 570 3634 τῶν
591 3582 895 3654 ἐκκλησιῶν
941 3583 1102 3638 αὐτοῦ
1131 3585 1504 3657 προεστῶτες,
1517 3587 1615 3656 τῆς
1638 3584 1823 3643 ἐνθέου
1854 3586 1947 3640 εὑ-

368 3673 638 3745 φροσύνης
668 3674 1070 3745 μετελάμϐανον
1103 3674 1334 3730 ἐνώπιον
1365 3676 1459 3730 τοῦ
1493 3677 1744 3748 Σωτῆρος
1765 3676 1944 3748 ήμὶῶν,

364 3764 519 3836 δίκην
547 3765 812 3837 ἀμώντων
837 3768 1226 3839 ἐργαζόμενοι·
1271 3768 1501 3839 ἐπείπερ
1534 3770 1767 3841 ἐργάται
1807 3765 1952 3840 ἦσαν

364 3857 459 3911 τοῦ
489 3858 750 3931 θερισμοῦ
776 3863 883 3917 τῶν
919 3862 1112 3927 ἐθνῶν,
1170 3866 1575 3937 ἐμπιπλάμενοι
1608 3866 1949 3938 εὐφροσύνης

367 3950 462 4003 ἐπὶ
497 3951 575 4021 τῷ
604 3954 795 4024 πλήθει
831 3954 939 4008 τῶν
970 3954 1091 4008 καθ’
1134 3957 1372 4028 ἑκάστην
1406 3958 1703 4029 ἐκκλησίαν
1755 3958 1943 4029 ληῖων.

374 4061 393 4091 ι
423 4042 566 4095 Διότι
588 4044 864 4115 ἀφῄρηται
891 4046 919 4098 6
959 4043 1120 4113 ζυγὸς
1147 4048 1176 4099 6
1203 4048 1291 4100 ἐπ’
1313 4048 1491 4103 αὐτῶν
1516 4050 1797 4119 κείμενος,
1852 4049 1948 4102 καὶ

367 4133 401 4203 ή
435 4131 627 4202 ῥάϐδος
656 4135 749 4187 ἐπὶ
778 4134 872 4188 τοῦ
920 4134 1189 4206 τραχήλου
1249 4138 1449 4191 αὐτῶν.
1491 4158 1509 4190 ι
1566 4139 1947 4193 Ἀπεσείσαντο

368 4224 457 4277 τὸν
484 4224 652 4295 βαρὺν
684 4224 847 4294 ζυγὸν
872 4225 965 4279 τοῦ
998 4228 1063 4296 τῇ
1109 4226 1321 4298 δουλείᾳ.
1374 4229 1473 4300 τῆς
1525 4229 1800 4300 ἁμαρτίας
1848 4229 1946 4282 αύ-

369 4316 495 4380 τοὺς
530 4310 942 4384 ὑποζεύξαντος,
978 4322 1072 4373 καὶ
1111 4319 1291 4391 ῥάϐδῳ
1331 4320 1420 4373 τὸν
1448 4320 1716 4392 τράχηλον
1767 4318 1947 4374 αὐτῶν

369 4407 852 4478 κατακάμπτοντος
871 4426 883 4439 ·
920 4410 1005 4463 ἵνα
1043 4410 1102 4463 τὸ
1151 4411 1503 4463 ἀποστολικὸν
1547 4413 1807 4482 κήρυγμα
1847 4412 1945 4481 τῆς

367 4498 545 4568 ψυχῆς
572 4500 998 4565 καταϐάλλοντες
1027 4503 1101 4573 μὴ
1132 4504 1449 4572 ὑποκύψωσι
1496 4507 1562 4575 τῇ
1599 4504 1810 4576 δουλεία
1844 4504 1945 4575 τῆς

2053 3322 2165 3378 tuo,
2214 3312 2355 3365 sicut
2392 3310 2578 3365 laetitia
2636 3310 2689 3364 in
2750 3324 2945 3365 messe.
2987 3326 3006 3361 ι
3065 3309 3158 3365 Sic
3204 3309 3385 3379 itaque
3428 3312 3519 3379 qui
3572 3312 3622 3364 in

2052 3420 2229 3461 messe
2270 3405 2607 3471 nutriuntur,
2654 3403 2945 3458 confertim
2986 3412 3041 3458 et
3088 3404 3246 3458 simul
3284 3404 3491 3474 epulari
3534 3420 3626 3458 so-

2050 3497 2182 3551 lent.
2227 3496 2541 3552 Secundum
2578 3495 2917 3565 intelligendi
2968 3497 3235 3552 rationem
3284 3512 3451 3562 vero,
3497 3512 3626 3564 apo-

2048 3587 2170 3642 stoli
2203 3587 2503 3642 Salvateris
2549 3589 2746 3651 nostri,
2780 3602 2993 3643 necnon
3026 3602 3216 3643 eorum
3253 3602 3635 3649 successores,

2049 3677 2204 3743 acii,
2237 3679 2326 3747 qui
2374 3679 2441 3731 ad
2485 3679 2589 3734 hoc
2632 3694 2803 3746 usque
2846 3688 3059 3746 tempus
3109 3678 3464 3734 ecclesiarum
3508 3679 3628 3745 ejus

2046 3768 2308 3839 prtesules
2334 3769 2582 3832 filerunt,
2630 3769 2825 3823 divinae
2852 3768 3052 3823 laetitiae
3083 3769 3136 3824 in
3172 3780 3466 3837 conspectu
3504 3771 3626 3825 Sal-

2049 3860 2256 3915 vatoris
2294 3860 2469 3915 nostri
2527 3861 2820 3932 participes
2855 3872 3035 3927 erant,
3082 3863 3398 3917 metentium
3453 3863 3627 3918 instar

2046 3962 2355 4024 operantes,
2397 3954 2525 4023 quia
2581 3956 2777 4011 messis
2824 3956 3104 4027 gentilium
3164 3957 3403 4025 operarii
3441 3968 3624 4015 erant.

2048 4046 2253 4117 perfusi
2293 4047 2491 4114 gaudio
2537 4049 2607 4102 ob
2657 4049 2932 4104 fructuum
2986 4050 3042 4104 in
3097 4050 3326 4121 singulis
3375 4051 3626 4105 ecclesiis

2046 4137 2450 4194 abundantiam.
2489 4156 2507 4192 t
2533 4139 2668 4206 Quia
2693 4141 2932 4195 ablatum
2962 4151 3046 4194 est
3070 4142 3258 4212 iugum
3291 4143 3422 4208 ipsis
3447 4143 3624 4211 impn-

2046 4231 2232 4295 situm,
2271 4239 2327 4286 et
2361 4231 2513 4300 virga
2551 4248 2713 4301 supra
2755 4233 2955 4288 collum
3000 4249 3212 4287 eorum.
3265 4252 3285 4286 ι
3320 4234 3498 4289 Grave
3533 4235 3620 4303 ju-

2047 4339 2171 4393 gnm
2201 4323 2330 4377 illud
2382 4336 2768 4389 excusserunt,
2819 4325 2937 4395 ejus
2985 4325 3076 4395 qui
3124 4326 3329 4395 peccati
3370 4327 3622 4380 servituti

2047 4429 2106 4469 se
2158 4415 2473 4487 colligabat,
2510 4408 2730 4485 'quique
2760 4418 2909 4486 virga
2961 4428 3124 4490 caput
3171 4418 3411 4487 ipsorum
3443 4420 3626 4489 depri-

2051 4504 2264 4569 mebat;
2319 4514 2379 4559 ut
2431 4505 2787 4574 apostolicam
2842 4506 3286 4575 praedicationem
3337 4508 3392 4562 in
3442 4509 3628 4563 anima

368 4592 664 4662 άμαρτίας.
689 4595 758 4646 Ἢ
774 4594 912 4665 τάχα
930 4596 961 4648 ὁ
981 4597 1150 4650 πάλαι
1177 4600 1289 4661 τοῖς
1339 4596 1554 4660 σκύλοις
1576 4597 1941 4668 ἐπικείμενος,

2048 4594 2379 4659 fundantes,
2433 4611 2494 4650 se
2539 4596 2747 4665 peccati
2806 4598 3057 4652 servituti
3100 4613 3205 4652 non
3262 4597 3624 4653 innectereut.

368 4683 553 4755 φησιν,
584 4685 862 4757 ἀφῄρηται
886 4684 1065 4756 ζυγὸς,
1089 4688 1184 4742 καὶ
1215 4687 1463 4759 ἡράϐδος
1489 4688 1522 4759 ἡ
1556 4689 1649 4741 ἐπὶ
1680 4687 1772 4741 τοῦ
1815 4705 1947 4760 τρα-

366 4760 529 4847 χήλού
563 4776 671 4829 τῶν
702 4778 879 4832 αὐτῶν
909 4778 1138 4834 σκύλων.
1172 4780 1339 4848 Ζυγὸς
1370 4779 1480 4850 γὰρ
1502 4775 1571 4851 ἦν
1611 4779 1783 4850 βαρὺς
1826 4783 1947 4843 ταῖς

366 4867 444 4938 τῷ
468 4868 696 4941 διαϐόλῳ
723 4870 921 4941 ψυχαῖς
950 4871 1370 4943 δεδουλωμέναις
1420 4872 1769 4944 ἐπικείμενος
1789 4887 1805 4902 ο
1854 4874 1950 4925 καὶ

372 4958 561 5028 ῥάϐδος
581 4960 842 5032 θανατικὴ
868 4962 958 5016 τὸν
984 4963 1253 5033 τράχηλον
1282 4962 1461 5016 αὐτῶν
1483 4962 1953 5035 κατακάμπτουσα

368 5051 465 5103 καὶ
495 5054 642 5107 κάτω
667 5054 841 5108 νεύειν
885 5055 1113 5109 ποιοῦσα
1134 5072 1147 5085 ·
1182 5047 1257 5107 ὧν
1284 5054 1653 5126 ἀφῃρημένων
1677 5107 1688 5120 ,
1724 5054 1945 5116 εἰκότως

370 5138 584 5212 ἔχαιρον
607 5145 656 5197 oi
683 5144 1049 5217 διαιρούμενοι
1075 5145 1145 5199 τὰ
1172 5145 1342 5200 σκῦλα
1369 5144 1561 5200 ταῦτα.

446 5339 465 5372 ε
504 5321 614 5392 Τὴν
655 5325 763 5396 γὰρ
810 5328 1003 5397 ῥάϐδον
1056 5328 1164 5382 τῶν
1212 5327 1589 5382 ἀπαιτούντων
1632 5328 1943 5382 διεσκέδασε

368 5412 594 5485 Κύριος,
642 5416 717 5478 ὡς
745 5421 811 5488 τῇ
846 5420 1028 5492 ἡμέρα
1057 5423 1122 5491 τῇ
1180 5422 1271 5474 ἐπὶ
1297 5421 1545 5492 Μαδιάμ.
1589 5439 1607 5472 ι
1651 5420 1943 5473 Θεοδοτίων

371 5505 575 5576 μέντοι,
600 5504 695 5559 τοῦ
750 5510 1180 5577 «ἀπαιτοῦντος»
1221 5515 1586 5587 ἡρμήνευσεν,
1625 5511 1818 5576 ἐνικῶς
1852 5512 1943 5565 τὸν

367 5594 699 5648 ἀπαιτοῦντα
747 5597 842 5649 καὶ
871 5598 1249 5670 ἐκπράσσοντα
1286 5603 1561 5673 σημήνας’
1592 5601 1833 5671 δηλονότι
1853 5602 1943 5656 τὸν

368 5682 629 5749 διάϐολον,
659 5683 718 5749 ὃς
736 5686 1059 5757 ἐκπράσσων
1085 5689 1306 5744 διετέλει
1334 5690 1433 5758 τὰς
1482 5690 1589 5744 τῶν
1643 5688 1942 5760 ἀνθρώπω]

448 5887 493 5918 ⁸⁸
530 5885 726 5942 Ειιιοιι.
761 5903 915 5953 xvttt,
946 5886 1003 5941 ὦ.

2046 4686 2172 4742 Sive
2212 4686 2472 4753 fortasse,
2506 4687 2722 4756 iugum,
2754 4689 2849 4751 ait,
2897 4689 3085 4758 spoliis
3127 4689 3255 4743 olim
3290 4690 3626 4760 impositum,

2046 4778 2288 4833 ablatum
2335 4789 2457 4842 est,
2500 4794 2710 4834 necnon
2756 4781 2903 4850 virga
2953 4783 3270 4835 eorumdem
3329 4783 3626 4852 spoliorum

2047 4871 2193 4925 collo
2223 4871 2493 4940 imposita.
2526 4869 2704 4925 Grave
2735 4873 2937 4942 quippe
2959 4873 3151 4943 iugum
3195 4882 3310 4927 erat
3343 4874 3630 4927 animabus

2052 4963 2252 5018 diaboli
2295 4963 2547 5017 servituti
2595 4963 2857 5031 subjectis
2895 4966 3237 5034 impositum,
3280 4983 3343 5021 ac
3383 4967 3629 5019 mortalis

2054 5053 2226 5122 virga,
2268 5067 2389 5122 quae
2438 5053 2634 5107 coitum
2666 5055 3020 5123 deprimeret,
3057 5072 3123 5110 ac
3175 5059 3427 5111 deorsum
3470 5056 3627 5109 incli-

2054 5143 2171 5198 nari
2218 5153 2481 5213 cogeret:
2514 5146 2714 5216 quibus
2751 5147 2948 5202 ablatis
2995 5149 3187 5204 merito
3213 5149 3522 5220 gaudebant
3568 5148 3627 5213 ii,

2052 5233 2147 5304 qui
2174 5234 2291 5289 haec
2321 5235 2493 5304 spolia
2527 5237 2863 5292 dividebant.

2127 5323 2292 5379 Vens.
2326 5326 2382 5380 5.
2431 5342 2451 5376 ι
2511 5325 2726 5398 Virgam
2775 5329 2920 5381 enim
2964 5340 3282 5383 exactorum
3336 5327 3629 5397 dissipavit

2055 5416 2313 5471 Dominus
2364 5417 2507 5472 sicut
2559 5419 2611 5472 in
2658 5419 2747 5477 die
2793 5420 3025 5474 Madian.
3070 5441 3090 5472 ι
3143 5419 3446 5474 Tlteodotio
3492 5437 3625 5475 sane

2051 5509 2313 5563 exactoris
2351 5509 2737 5580 interpretatus
2771 5521 2874 5573 est,
2924 5521 3268 5582 expetentem
3304 5520 3361 5566 et
3403 5521 3624 5566 exacto-

2053 5613 2164 5653 rem
2204 5597 2551 5668 singulariter
2600 5601 2915 5668 exprimens
2941 5639 2956 5665 ,
3011 5600 3263 5655 videlicet
3308 5600 3624 5667 diabolum,

2050 5691 2143 5761 qui
2174 5692 2450 5749 exactoris
2483 5694 2844 5752 humanarum
2876 5694 3181 5750 animarum
3208 5692 3382 5753 vicem
3411 5696 3620 5766 agebat.
