4138 6450
438 438 540 501 151

1117 436 1385 497 EUSEBII
1425 436 1900 495 CESARIENSIS
1936 439 2089 497 OPP.
2129 439 2310 496 PARS
2345 437 2434 495 III.
2472 471 2543 483 —
2578 437 2993 498 EXEGETICA.

3592 438 3698 494 152

441 566 497 613 et
539 559 695 630 quasi
748 558 1030 629 vectigalia
1082 559 1441 629 cxposcebat,
1493 559 1748 614 nimirum
1794 571 2012 630 peccata

2123 560 2321 633 Li”~’)(~’l<;:
2348 562 2444 617 καὶ
2468 561 2667 632 φόρους
2699 561 2888 634 ὥσπερ
2911 560 3187 625 ἀπαιτῶν,
3214 560 3314 626 τὰς
3363 565 3703 634 χορηγουμέ-

442 666 563 718 qua:
622 649 693 704 illi
746 649 1124 704 admittebant.
1175 650 1408 705 Historia
1461 666 1588 706 vero
1641 649 1851 706 Madian
1894 668 2016 721 spe-

444 751 600 796 ctans
629 748 807 795 exstat
840 740 891 793 in
938 738 1076 793 libro
1105 737 1355 794 Judicum
1389 757 1403 792 :
1447 754 1739 814 narratque
1775 757 2019 813 tempore

443 829 732 888 Getleonis.
765 830 1010 886 inimicos
1033 845 1140 886 non
1173 830 1439 887 instructa
1479 848 1751 889 armorum
1779 836 1896 891 acie
1933 851 2018 890 su-

443 934 660 991 peratos
708 921 913 988 fuisse,
964 922 1059 977 sed
1136 923 1343 977 occulta
1372 964 1389 986 ,
1438 925 1693 980 invisibili
1742 936 1797 981 et
1837 929 2017 981 divina

441 1012 663 1065 virtute.
710 1011 801 1066 Sic
835 1011 1038 1080 itaque,
1074 1012 1302 1082 perinde
1333 1020 1498 1081 atque
1530 1012 1840 1068 Madianitis
1868 1014 2016 1068 acci-

441 1104 543 1167 dit,
573 1104 760 1159 hostes
792 1104 1004 1159 occulta
1037 1119 1200 1159 manu
1229 1106 1467 1175 superati
1501 1116 1656 1167 sunt;
1689 1118 1851 1175 atque
1877 1122 2020 1162 nunc

438 1198 519 1252 ait
543 1197 860 1267 dissipatam
891 1196 1061 1254 fuisse
1086 1198 1297 1268 virgam
1328 1201 1605 1256 exactoris
1648 1200 1883 1267 diaboli,
1920 1216 2021 1256 nec

443 1307 550 1347 non
585 1291 820 1346 aliorum
855 1290 949 1361 qui
987 1306 1111 1345 cum
1148 1306 1214 1346 eo
1259 1293 1468 1348 animas
1516 1292 1795 1347 hominum
1830 1293 2018 1362 exige-

441 1384 597 1436 bant.
626 1380 779 1436 Alius
806 1395 936 1435 vero
970 1396 1076 1435 non
1107 1384 1463 1452 exigendum,
1510 1383 1626 1448 sed,
1673 1383 2021 1453 inobsequen-

442 1473 596 1534 tt'um,
646 1472 805 1528 dixit.

518 1583 537 1615 ι
572 1564 707 1635 Quia
766 1578 981 1619 omnem
1031 1563 1287 1619 amictum
1325 1564 1449 1620 dolo
1480 1564 1791 1630 collectum,
1824 1573 1883 1620 et
1927 1580 2021 1621 ve-

442 1658 758 1712 stimentum
801 1672 926 1711 cum
984 1657 1412 1712 commutatione
1465 1658 1759 1713 restituent
1808 1667 1863 1713 et
1927 1673 2021 1711 cu-

440 1750 625 1819 pient,
660 1751 705 1806 si
743 1751 876 1804 liant
925 1749 1050 1817 igne
1090 1750 1380 1805 combusti.
1423 1768 1443 1802 ι
1479 1747 1616 1816 Quia
1658 1765 1780 1805 cum
1829 1750 2020 1806 diabo-

444 1841 528 1895 lus
558 1852 810 1897 ornatum
850 1847 1045 1901 anima
1077 1854 1135 1900 et
1178 1845 1436 1897 amictum
1486 1843 1635 1912 ejus,
1681 1854 1845 1909 atque
1876 1843 2021 1896 tuni-

2117 670 2213 717 νας
2238 651 2416 706 αὐτῶν
2439 654 2731 725 ἁμαρτίας.
2764 656 2959 709 Κεῖται
2982 654 3094 726 δέή
3144 655 3271 727 περὶ
3323 655 3425 724 τῆς
3474 654 3702 724 Μαδιάμ

2120 745 2329 816 ἱστορία
2355 747 2413 798 ἐν
2444 748 2559 809 τοῖς
2593 748 2842 819 Κριταῖς,
2872 750 3203 822 περιέχουσα
3232 748 3308 813 ὡς
3336 747 3431 802 ἐπὶ
3465 744 3561 800 τοῦ
3604 740 3702 798 Γεὲ

2116 834 2253 887 δεὼν
2274 835 2372 905 οὐχ
2397 834 2579 889 ὃπλων
2629 838 2932 909 παρατάξει
2979 840 3287 911 νενίκηνται
3329 842 3377 893 οἰ
3429 838 3699 908 πολέμιοι,

2118 925 2233 979 ἀλλ’
2265 926 2461 994 ἀφανεῖ
2474 927 2567 981 καὶ
2597 929 2835 1001 ἀοράτῳ,
2868 932 2963 985 καὶ
3016 933 3168 1005 θεῖκῇ
3207 933 3454 1002 δυνάμει.
3514 928 3702 993 Οὕτως

2117 1007 2210 1065 οὖν
2234 1011 2310 1076 ὡς
2332 1015 2426 1067 ἐπὶ
2457 1018 2570 1079 τοῖς
2602 1018 2827 1089 Μαδιάμ
2850 1021 3179 1092 ἐνικήθησαν
3205 1022 3254 1075 οἰ
3287 1020 3531 1090 πολέμιοι
3556 1018 3700 1090 χειρὶ

2118 1102 2385 1173 κρυφαία,
2418 1106 2511 1157 καὶ
2542 1105 2638 1159 νῦν
2671 1124 2802 1177 φησι
2831 1109 3205 1174 διεσκεδάσθαι
3235 1111 3333 1182 τὴν
3376 1110 3567 1182 ῥάϐδον
3605 1106 3699 1163 τοῦ

2119 1193 2478 1259 ἀπαιτοῦντος
2502 1196 2770 1267 διαϐόλου,
2808 1202 2904 1255 καὶ
2923 1201 3031 1256 τῶν
3060 1204 3158 1257 σὺν
3187 1201 3336 1273 αὐτῷ
3364 1201 3464 1265 τάς
3520 1200 3703 1272 ψυχὰς

2117 1284 2225 1337 τῶν
2250 1285 2554 1360 ἀνθρώπιον
2602 1292 3043 1363 ἐκπρασσόντων.
3093 1295 3317 1368 Ἕτερος
3342 1294 3399 1347 δὲ
3423 1295 3484 1347 οὐ
3537 1313 3555 1344 ι
3592 1293 3704 1347 τῶν

2120 1377 2493 1434 ἀπαιτούντων
2520 1401 2539 1434 ι
2589 1382 2715 1456 ἔφη,
2764 1385 2902 1439 ἀλλά
2963 1406 2981 1438 ι
3020 1386 3129 1441 τῶν
3181 1387 3592 1443 ἀπειθούντων»
3625 1381 3707 1443 εῖ-

2119 1486 2241 1524 πεν.

2195 1562 2349 1617 «Ὅτι
2373 1566 2554 1619 πᾶσαν
2588 1569 2779 1638 στολὴν
2811 1572 3249 1644 ἐπισυνηγμένην
3274 1572 3426 1645 δόλῳ,
3452 1573 3548 1627 καὶ
3579 1571 3707 1644 ἱμά-

2116 1672 2229 1709 τιον
2260 1657 2398 1727 μετὰ
2425 1660 2770 1734 καταλλαγῆς
2798 1663 3134 1729 ἀποτίσουσι,
3165 1667 3257 1738 καὶ
3288 1665 3625 1737 θελήσουσιν,
3653 1667 3702 1719 εἰ

2119 1746 2366 1815 ἐγένοντο
2432 1751 2813 1822 πυρίκαυστοι.
2860 1774 2877 1805 ι
2956 1755 3173 1827 Ἐπειδὴ
3225 1756 3316 1809 τὸν
3373 1756 3576 1826 κόσμον
3601 1754 3705 1826 τῆς

2118 1838 2295 1911 ψυχῆς
2354 1842 2450 1895 καὶ
2512 1842 2611 1915 τήν
2656 1846 2849 1919 στολὴν
2894 1849 3100 1919 -αύτῆς,
3141 1848 3231 1902 τόν
3287 1865 3347 1901 τε
3382 1849 3480 1920 τῆς
3530 1847 3707 1920 ἀρχῆς

441 1948 561 1987 cam
590 1936 962 2005 principatus,
1009 1952 1114 2006 qua
1162 1937 1510 2000 induebatur,
1550 1935 1696 1989 illam
1745 1935 2014 2004 captivam

2123 1931 2343 2001 χιτῶνα,
2367 1933 2427 1987 δν
2458 1936 2833 2007 περιεϐάλετο,
2884 1940 3122 2013 συλήσας
3151 1943 3180 1994 ὀ
3203 1940 3468 2005 διάϐολος,
3495 1942 3583 1994 ὅτε
3610 1943 3706 1993 αὑ-

446 2024 669 2088 ducens,
704 2024 1043 2094 diripuisset,
1087 2027 1287 2080 nudam
1335 2025 1483 2078 illam
1533 2038 1598 2079 ac
1642 2024 1842 2079 raedam
1887 2025 2015 2079 reli-

441 2118 592 2186 quit:
628 2117 747 2186 ejus
786 2120 910 2172 item
960 2118 1224 2183 comites,
1265 2118 1591 2173 adversariae
1616 2125 1911 2186 potestates
1948 2115 2017 2171 ab

439 2223 505 2262 ea
555 2210 815 2265 tributum
849 2210 1159 2280 exigebant,
1200 2209 1328 2264 dolo
1378 2218 1432 2264 ct
1462 2208 1676 2263 fallacia
1720 2217 1909 2263 contra
1954 2208 2016 2261 il-

440 2304 548 2359 lam
578 2313 832 2366 utentes;
870 2305 995 2374 jure
1040 2315 1324 2360 exactores
1373 2303 1493 2358 illos
1541 2303 1721 2356 omnia
1770 2302 2017 2372 persolu-

441 2406 595 2451 turos
621 2412 743 2453 esse
771 2398 905 2452 dicit
954 2397 1194 2467 Spiritus
1251 2396 1628 2467 propheticus,
1684 2394 1769 2449 his
1810 2395 2013 2457 verbis,

444 2507 465 2541 ι
504 2488 732 2545 Omnem
778 2491 1036 2545 amictum
1089 2489 1213 2544 dolo
1262 2489 1574 2553 collectum,
1620 2500 1676 2544 et
1716 2489 2016 2544 vestimen-

441 2592 551 2636 tum
601 2597 724 2637 cum
777 2584 1212 2636 commutatione
1257 2581 1564 2635 restituent.
1614 2600 1634 2634 ι
1684 2580 1849 2634 Iidem
1885 2594 2019 2634 vero

443 2672 542 2741 ipsi
578 2672 669 2742 qui
705 2672 834 2727 olim
867 2675 936 2727 ab
970 2672 1565 2727 animabusbominum
1597 2671 1879 2743 vectigalia
1921 2686 2020 2727 ex-

442 2774 752 2834 poscerent,
796 2766 979 2819 omnia
1029 2764 1083 2818 in
1143 2774 1444 2821 memorato
1489 2774 1733 2834 tempore
1787 2764 2017 2819 soluturi

440 2870 563 2912 esse
589 2856 868 2911 dicuntur.

514 2946 678 3003 Vens.
709 2947 762 3003 6.
801 2967 818 2998 ι
860 2948 996 3016 Quia
1033 2948 1291 3018 parvulus
1336 2958 1497 3004 natus
1528 2959 1606 3005 est
1641 2947 1825 3012 nobis,
1869 2956 1925 3002 et
1957 2947 2022 3002 li-

443 3040 547 3095 lius
577 3040 736 3094 datus
772 3051 855 3095 est
890 3028 1095 3096 nobis:
1143 3041 1298 3108 cujus
1341 3041 1681 3112 principatus
1719 3039 1897 3095 factus
1937 3049 2021 3094 est

443 3146 604 3200 super
654 3135 939 3187 humerum
990 3134 1125 3201 ejus.
1188 3134 1253 3189 Et
1304 3134 1593 3189 vocabitur
1630 3148 1827 3189 nomen
1879 3134 2017 3205 ejus,

444 3226 623 3293 magni
667 3226 885 3279 consilii
926 3227 1173 3296 angelus.
1207 3227 1485 3281 Adducam
1514 3228 1659 3281 enim
1695 3240 1883 3295 pacem
1928 3241 2021 3280 su-

445 3336 547 3391 per
581 3321 875 3391 principes,
904 3337 1090 3389 pacem
1119 3331 1175 3376 et
1202 3322 1490 3377 sanitatem
1523 3321 1644 3391 ipsi.
1681 3339 1703 3374 ι
1745 3320 2018 3388 Quosnam

446 3413 722 3482 principes
759 3423 1044 3477 memorat,
1088 3414 1193 3468 nisi
1237 3428 1333 3468 cos
1376 3413 1473 3484 qui
1504 3414 1573 3467 ab
1606 3413 1724 3482 ipso
1767 3413 1833 3466 ad
1876 3414 2023 3482 prin-

444 3506 684 3576 cipatum
734 3507 789 3561 in
842 3506 1085 3562 Ecclesia
1155 3509 1454 3577 gerendum
1512 3506 1794 3562 constituti
1854 3506 2023 3560 sunt?

443 3596 750 3668 Discipulos
781 3598 903 3653 dico
930 3609 983 3652 et
1011 3599 1294 3669 apostolos
1327 3599 1520 3668 ipsius,
1571 3613 1782 3653 necnon
1833 3611 2020 3652 eorum

443 3704 542 3759 per
592 3699 763 3743 totum
798 3691 988 3745 orbem
1043 3705 1410 3755 successores,
1462 3690 1664 3759 quibus
1707 3688 1889 3741 datum
1939 3697 2022 3741 est

442 3790 505 3834 ut
542 3795 674 3833 sana
707 3792 887 3834 mente
930 3790 1136 3841 essent.
1187 3791 1241 3834 et
1295 3796 1481 3849 parum
1529 3789 1717 3832 mutuo
1756 3778 2017 3839 colerent,

443 3889 566 3928 cum
619 3873 751 3941 ipsis
782 3874 1008 3938 diceret,
1047 3892 1067 3925 ‹
1102 3872 1300 3928 Pacem
1351 3887 1525 3927 meam
1578 3874 1649 3927 do
1690 3873 1870 3937 vobis,
1920 3885 2020 3940 pa-

445 3980 563 4019 cem
617 3980 792 4019 meam
851 3965 1100 4034 relinquo
1158 3964 1334 4019 vobis.
1406 3962 1633 4033 Magnus
1684 3962 2022 4032 principatus

445 4051 587 4118 ejus,
619 4061 675 4104 et
711 4051 864 4119 pacis
894 4052 1013 4122 ejus
1063 4065 1172 4105 non
1223 4054 1332 4104 erit
1380 4051 1503 4105 linis
1531 4052 1598 4106 ⁸⁷.
1634 4070 1654 4104 ι
1708 4050 2020 4107 Secundum

448 4141 876 4201 Theodotionem
925 4159 1088 4208 vero,
1125 4162 1143 4195 σ
1174 4144 1332 4200 Pacis
1362 4144 1480 4215 ejus
1534 4159 1642 4199 non
1685 4144 1795 4200 erit
1832 4145 2022 4199 termi-

447 4253 568 4291 nus.
620 4257 639 4289 ι
677 4233 924 4302 Quantus
956 4250 1124 4304 porro
1170 4233 1334 4290 fuerit
1365 4234 1508 4306 ejus,
1552 4235 1643 4304 qui
1685 4234 1739 4289 in
1785 4236 2023 4305 prophe-

448 4328 525 4381 tia
561 4325 757 4391 fertur,
788 4326 1129 4397 principatus
1163 4326 1454 4397 intelligas,
1495 4327 1541 4382 si
1582 4325 1875 4382 Ecclesiam
1906 4327 2025 4395 ejus

447 4420 504 4474 in
552 4426 671 4473 toto
722 4418 858 4472 orbe
908 4418 1267 4473 constitutam
1322 4418 1673 4485 consideres;
1722 4418 1816 4475 sed
1854 4418 2025 4473 multo

447 4507 623 4577 magis
660 4507 705 4563 si
755 4507 838 4560 his
876 4508 944 4562 de
992 4508 1084 4562 illo
1110 4507 1357 4576 Apostoli
1406 4506 1732 4563 testimoniis
1781 4510 2023 4561 animum

2123 2020 2220 2092 τὴν
2253 2022 2563 2095 ὑποχείριον
2602 2026 2796 2094 ἔλαϐε,
2844 2031 3059 2102 γυμνὴν
3114 2031 3283 2104 αὑτήν
3329 2032 3423 2085 καὶ
3473 2029 3708 2103 αἰσχρὰν

2124 2113 2491 2185 κατέστησε-θ’
2528 2118 2672 2171 αἵτε
2708 2122 2805 2174 σὺν
2851 2119 3002 2191 αὐτῷ
3033 2121 3291 2193 δυνάμεις
3331 2123 3708 2193 ἀντικείμεναι

2123 2204 2453 2278 ἐξέπραττον
2477 2209 2667 2283 αὐτὴν,
2700 2211 2836 2284 δόλῳ
2868 2214 2961 2266 καὶ
2991 2214 3175 2289 ἀπάτῃ
3209 2217 3331 2270 κατ’
3356 2214 3522 2283 αὐτῆς
3564 2212 3711 2287 χράμ

2127 2319 2323 2374 μεναι·
2379 2301 2556 2357 πάντα
2597 2304 2822 2370 εἰκότως
2881 2306 3159 2360 ἀποτίσειν
3208 2306 3426 2376 λέγεται
3462 2304 3570 2357 ὑπὸ
3612 2302 3706 2356 τοῦ

2123 2394 2462 2465 προφητικοῦ
2511 2394 2842 2465 πνεύματος,
2878 2399 3171 2470 φήσαντος,
3221 2398 3303 2452 ὅτι
3353 2395 3416 2467 δή
3477 2414 3495 2446 t
3519 2395 3710 2448 Πᾶσαν

2127 2483 2314 2555 στολὴν
2339 2486 2783 2561 ἐπισυνηγμένην
2805 2488 2961 2559 δόλῳ,
2983 2490 3078 2543 καὶ
3112 2490 3325 2560 ἰμάτιον
3350 2486 3486 2558 μετὰ
3510 2485 3708 2541 καταλ-

2123 2576 2295 2649 λαγῆς
2317 2579 2683 2633 ἀποτίσουσιν.
2717 2600 2735 2631 ι
2774 2584 2836 2634 Οἱ
2870 2583 3024 2636 αὐτοὶ
3049 2583 3107 2635 δὲ
3128 2576 3274 2635 οὗτοι
3306 2584 3355 2634 οἰ
3406 2582 3573 2635 πάλαι
3609 2581 3711 2646 τὰς

2124 2669 2235 2723 τῶν
2312 2669 2616 2741 ἀνθρώπων
2681 2672 2862 2742 ψυχὰς
2917 2674 3320 2744 ἐκπράσσοντες
3371 2672 3714 2726 ἀποτιννύειν

2125 2758 2370 2829 λέγονται
2392 2761 2569 2815 πάντα
2602 2763 2660 2815 ἐν
2691 2762 2769 2834 τῷ
2794 2763 3105 2836 δηλουμένῳ
3135 2762 3328 2835 καιρῷ.

2203 2964 2223 2998 ‹
2254 2946 2377 3001 ’Ότι
2405 2946 2616 3001 παιδίον
2649 2947 2911 3019 ἐγεννήθη
2945 2948 3095 3019 ἡμῖν,
3122 2947 3238 3011 υἱὸς
3257 2948 3351 3002 καί
3378 2946 3531 3019 ἐδόθη
3556 2947 3709 3018 ἡμῖν,

2127 3032 2189 3093 οὗ
2215 3041 2248 3110 ἡ
2282 3039 2426 3111 ἀρχὴ
2456 3038 2689 3111 ἐγενήθη
2720 3040 2813 3094 ἐπὶ
2842 3039 2937 3093 τοῦ
2955 3039 3106 3111 ὤμου
3137 3039 3323 3094 αὐτοῦ’
3352 3039 3447 3094 καὶ
3464 3037 3710 3093 καλειτται

2127 3132 2190 3186 τὸ
2212 3133 2384 3203 ὄνομα
2413 3132 2579 3186 αὐτοῦ
2617 3132 2858 3205 μεγάλης
2889 3133 3085 3205 βουλῆς
3121 3133 3373 3203 ἄγγελος.
3419 3129 3568 3197 Ἀξω
3598 3130 3710 3203 γὰρ

2128 3227 2353 3298 εἰρήνην
2378 3227 2470 3279 ἐπὶ
2509 3227 2633 3289 τοὺς
2655 3226 2939 3296 ἄρχοντας,
2973 3226 3197 3297 εἰρήνην
3230 3227 3325 3279 καὶ
3350 3225 3559 3292 ὑγίειαν
3611 3224 3712 3277 αὐ-

2121 3317 2220 3389 τῷ.
2266 3338 2285 3370 ι
2324 3317 2514 3381 Ποίους
2539 3317 2595 3370 δέ
2620 3334 2785 3388 φησιν
2823 3317 3109 3388 ἄρχοντας,
3151 3318 3183 3388 ἤ
3237 3319 3363 3381 τοὺς
3402 3317 3494 3370 ὑπ’
3542 3316 3707 3371 αὐτοῦ

2123 3410 2311 3479 ἄρχειν
2340 3408 2439 3477 τῆς
2483 3407 2808 3478 Ἐκκλησίας
2838 3405 3002 3459 αὑτοῦ
3038 3406 3511 3477 καθεσταμένους;
3551 3407 3710 3475 Λέγω

2122 3499 2184 3571 δὴ
2217 3497 2461 3569 μαθητὰς
2510 3497 2675 3552 αὐτοῦ
2709 3498 2804 3550 καὶ
2837 3496 3186 3562 ἀποστόλους,
3223 3496 3348 3561 τούς
3367 3514 3427 3550 τε
3463 3497 3561 3569 τὴν
3588 3495 3713 3549 τούς

2121 3605 2229 3641 των
2253 3588 2499 3659 διαδοχὴν
2524 3587 2960 3659 ὑποδεξαμένους
2988 3587 3109 3642 καθ’
3141 3588 3270 3660 ὅλης
3313 3589 3412 3661 τῆς
3453 3587 3709 3659 οἰκουμέ-

2122 3697 2240 3751 νης,
2276 3666 2358 3743 οἷς
2390 3679 2568 3751 ψυχῆς
2593 3680 2803 3749 ὑγίειαν
2834 3681 2927 3734 καὶ
2954 3680 3177 3751 εἰρήνην
3211 3679 3353 3750 ἔχειν
3380 3679 3515 3751 πρὸς
3541 3677 3709 3750 ἀλλή-

2122 3771 2246 3836 λους
2273 3771 2547 3843 ἐδωρεῖτο,
2583 3772 2642 3826 ἐν
2673 3770 2756 3836 οἷς
2788 3773 2924 3844 πρὸς
2953 3773 3149 3836 αὐτοὺς
3169 3771 3385 3841 ἔλεγενθ
3424 3790 3441 3823 ι
3470 3771 3712 3843 Εἰρήνην

2121 3863 2221 3934 τὴν
2248 3861 2386 3933 ἐμὴν
2445 3861 2637 3934 δίδωμι
2690 3864 2854 3931 ὑμῖν,
2901 3863 3124 3935 εἰρήνην
3168 3861 3266 3934 τὴν
3321 3863 3459 3933 ἐμὴν
3506 3860 3710 3931 ἀφίημι

2122 3954 2271 4025 ὑμῖν.
2298 3954 2524 4025 Μεγάλη
2560 3956 2593 4025 ἡ
2622 3954 2765 4026 ἀρχὴ
2801 3952 2990 4019 αὐτοῦ,
3023 3954 3240 4024 καὶτῆς
3284 3955 3509 4025 εἰρήνης
3541 3952 3710 4006 αὐτοῦ

2122 4046 2223 4099 οὐκ
2258 4044 2408 4100 ἔσται
2436 4045 2608 4109 τέλος.
2635 4063 2654 4097 ι
2690 4045 2847 4099 Κατά
2879 4044 3011 4115 γοῦν
3033 4045 3127 4099 τὸν
3153 4044 3508 4108 Θεοδοτίωνα,
3539 4063 3558 4095 ι
3595 4044 3710 4115 Τῆς

2123 4138 2346 4209 εἰρήνης
2374 4137 2539 4191 αὐτοῦ
2569 4137 2670 4190 οὐκ
2695 4136 2847 4191 ἔσται
2878 4137 3069 4209 πέρας.
3108 4156 3128 4189 ι
3185 4137 3419 4207 Νοήσεὶς
3445 4136 3503 4190 δὲ
3560 4137 3710 4198 ὅπως

2128 4230 2337 4300 μεγάλη
2363 4229 2554 4299 γέγονε
2585 4229 2681 4283 τοῦ
2713 4229 3192 4302 προφητευομένου
3224 4230 3257 4299 ή
3283 4228 3445 4299 ἀρχὴ,
3463 4227 3563 4297 τὴν
3586 4225 3711 4281 καθ’

2123 4321 2253 4393 ὅλης
2276 4322 2374 4393 τῆς
2400 4322 2726 4393 οἰκουμένης
2768 4321 3094 4391 Ἐκκλησίαν
3130 4320 3295 4373 αὑτοῦ
3326 4318 3545 4392 θεωρῶν
3569 4336 3583 4349 ’
3616 4320 3712 4373 καὶ

2126 4411 2207 4465 ἔτι
2238 4412 2436 4481 μᾶλλον
2469 4413 2772 4483 ἐπιστήσας
2798 4414 2917 4476 ταῖς
2945 4411 3041 4464 τοῦ
3086 4411 3409 4465 Ἀποστόλου
3436 4408 3564 4484 περί
3610 4412 3711 4466 αὐ-

2125 4503 2219 4557 τοῦ
2248 4504 2595 4576 μαρτυρίαις,
2623 4504 2688 4558 δι’
2715 4498 2789 4557 ὧν
2821 4520 2974 4574 φησι,
3030 4521 3047 4553 r
3101 4501 3260 4556 Κατὰ
3290 4501 3387 4575 τὴν
3434 4501 3714 4574 ἐνέργειαν

449 4598 744 4665 adhibeas,
788 4596 984 4668 quibus
1036 4599 1150 4663 ait,
1207 4616 1227 4650 ι
1289 4598 1601 4653 Secundum
1646 4601 2020 4669 operationem

2127 4596 2223 4650 τοῦ
2249 4597 2485 4669 κράτους
2515 4598 2616 4669 τῆς
2652 4596 2833 4668 ἰσχύος
2863 4596 3029 4650 αὑτοῦ
3047 4636 3061 4659 ,
3090 4597 3157 4669 ήν
3187 4596 3489 4668 ἐνήργησεν
3519 4597 3577 4649 ὲν
3634 4595 3714 4667 τῷ

448 4693 709 4761 potentia:
740 4691 959 4745 virtutis
996 4692 1140 4762 ejus,
1171 4707 1333 4761 quam
1365 4702 1622 4763 operatus
1663 4701 1747 4747 est
1778 4692 1830 4746 in
1858 4692 2023 4747 Chri-

447 4793 556 4847 sto,
589 4781 860 4838 suscitans
890 4782 1041 4836 illmn
1070 4798 1099 4837 a
1136 4784 1389 4848 mortuis,
1420 4795 1475 4838 et
1506 4785 1844 4838 constituens
1875 4783 2025 4839 illum

447 4876 502 4930 in
532 4874 757 4930 dextera
804 4889 900 4929 sua
938 4874 993 4929 in
1031 4873 1371 4939 coelestibus,
1414 4891 1576 4946 supra
1623 4891 1838 4930 omnem
1873 4875 2027 4945 prin-
2070 4950 2077 4955 ⁵

445 4969 683 5035 cip’atum
726 4975 782 5022 et
820 4976 1151 5037 potestatem
1197 4977 1252 5023 et
1295 4968 1551 5023 virtutem
1601 4977 1659 5021 et
1700 4967 2027 5022 dominatio-

445 5076 592 5124 nem.
637 5069 691 5116 et
732 5075 893 5129 supra
931 5076 1093 5115 omne
1130 5076 1326 5117 nomen
1371 5062 1512 5126 quod
1555 5061 1869 5115 nominatur
1891 5059 1959 5113 ³⁸.
2000 5077 2019 5110 ι

444 5152 524 5205 Ita
573 5166 805 5222 magnus
853 5162 939 5207 est
985 5151 1291 5206 Salvatoris
1338 5151 1508 5205 nostri
1554 5149 1927 5221 principatus,
1969 5157 2026 5204 et

446 5244 593 5315 pacis
631 5243 749 5313 ejus
797 5259 903 5298 non
940 5254 1025 5298 est
1078 5243 1237 5302 fluis:
1280 5259 1403 5297 nam
1448 5241 1890 5308 interminabilis,
1934 5256 2024 5296 se-

447 5337 683 5393 nectutis
709 5353 907 5408 expers
936 5346 992 5389 et
1023 5335 1533 5404 incircumscriptus
1569 5333 1661 5389 ille
1697 5342 1783 5388 est
1804 5349 1823 5387 :
1852 5349 2022 5403 quare

445 5430 648 5483 dictum
686 5440 791 5494 est,
834 5449 855 5482 ε
904 5429 1127 5485 Orietur
1165 5431 1221 5484 in
1274 5428 1464 5483 diebus
1513 5427 1684 5497 ipsius
1724 5426 1933 5495 justitia
1970 5438 2026 5482 et

444 5522 780 5575 abundantia
817 5524 970 5591 pacis
1005 5523 1072 5577 ³³.
1106 5541 1125 5574 ι

522 5613 685 5667 Vens.
719 5614 771 5666 7.
803 5632 822 5664 ι
855 5614 1032 5684 Super
1059 5616 1313 5669 thronum
1348 5615 1513 5670 David
1541 5621 1597 5669 et
1623 5629 1849 5685 regnum
1881 5614 2022 5685 ejus,

404 5708 509 5797 .ad
551 5707 895 5776 dirigeudum
933 5707 1097 5773 illud,
1154 5718 1209 5763 et
1250 5705 1705 5779 patrociuandum
1753 5706 1801 5760 ei
1850 5706 1901 5760 in
1936 5704 2025 5775 ju-

2127 4688 2366 4760 Χριστῷ,
2401 4689 2620 4761 ἐγείρας
2637 4689 2803 4742 αὐτὸν
2834 4690 2899 4742 ἐκ
2926 4689 3135 4761 νεκρῶν
3164 4690 3259 4744 καὶ
3281 4689 3510 4753 καθίσας
3550 4687 3715 4743 αὑτὸν

2128 4779 2186 4831 ἐν
2212 4777 2363 4849 δεξιᾷ
2392 4777 2555 4832 αὐτοῦ
2586 4779 2643 4832 ὲν
2669 4780 2782 4843 τοῖς
2804 4779 3167 4850 ἐπουρανίοις,
3222 4778 3478 4851 ὑπεράνω
3532 4778 3718 4847 πάσης

2128 4872 2303 4943 ἀρχῆς
2334 4872 2429 4925 καὶ
2472 4869 2719 4935 ἐξουσίας
2745 4910 2760 4933 ,
2797 4872 2890 4925 καὶ
2926 4871 3207 4941 δυνάμεως
3235 4871 3329 4923 κα)¹
3370 4869 3715 4941 κυριότητος,

2131 4964 2224 5016 καὶ
2257 4964 2458 5027 παντὸς
2479 4962 2740 5033 ὀνόματος
2774 4963 3200 5035 ὀνομαζομένου.
3243 4981 3260 5013 ι
3300 4960 3457 5015 Οὕτω
3503 4960 3713 5033 μεγάλη

2131 5056 2165 5126 ἡ
2192 5054 2286 5108 τοῦ
2325 5055 2577 5126 Σωτῆρος
2606 5056 2763 5128 ήμῶν
2789 5056 2951 5128 ἀρχὴ,
2987 5057 3083 5110 καὶ
3123 5057 3224 5127 τῆς
3277 5056 3497 5128 εἰρήνης
3552 5054 3715 5109 αὑτοῦ

2126 5151 2227 5204 οὐκ
2259 5149 2373 5204 ἔστι
2402 5150 2587 5214 τέλος·
2623 5149 2979 5220 ἀτελεύτητος
3027 5148 3137 5219 γὰρ
3190 5146 3285 5201 καὶ
3337 5147 3562 5218 ἀγήρως
3623 5149 3718 5203 καὶ

2127 5243 2506 5317 ἀπερίγραφος
2536 5244 2676 5315 αὓτη
2704 5243 2994 5315 τυγχάνει·
3020 5242 3102 5295 διὸ
3131 5239 3408 5294 λέλεκται·
3450 5259 3467 5290 ι
3508 5241 3722 5294 Ἀνατε-

2127 5338 2211 5390 λεῖ
2241 5339 2300 5390 ὲν
2335 5340 2455 5401 ταῖς
2477 5336 2713 5410 ἡμέραις
2773 5333 2941 5389 αὐτοῦ
2996 5333 3308 5404 δικαιοσύνη
3362 5328 3481 5386 και
3514 5332 3719 5403 πλῆθος

2130 5431 2374 5503 εἰρήνης.
2410 5449 2429 5481 ι

2198 5538 2218 5571 ‹
2272 5520 2394 5573 Ἑπί
2421 5519 2513 5573 τὸν
2547 5518 2736 5591 θρόνον
2764 5517 2929 5573 Δαυῒδ
2956 5517 3049 5571 καί¹
3085 5517 3183 5589 τὴν
3224 5518 3497 5589 βασιλείαν
3527 5515 3716 5580 αὑτοῦ,

2133 5614 2478 5689 κατορθῶσαι
2501 5613 2691 5685 αὐτὴν,
2726 5612 2820 5666 καὶ
2851 5612 3236 5668 ἀντιλαϐέσθαι
3265 5614 3323 5665 ἐν
3360 5610 3590 5684 κρίματι
3625 5610 3720 5664 καὶ

2131 5710 2190 5761 ἐν
2217 5706 2551 5779 δικαιοσύνῃ.
2601 5704 2735 5759 ’Λπὺ
2773 5703 2866 5759 τοῦ
2913 5704 3009 5760 νῦν
3067 5705 3161 5759 καὶ
3202 5706 3284 5770 εἰς
3330 5701 3423 5758 τὸν
3477 5702 3647 5758 αἰῶνα
3689 5702 3719 5755 ό

506 5917 546 5948 ³⁷
587 5908 743 5966 Joan.
781 5909 998 5976 xtv,27.
1075 5909 1119 5941 “
1150 5906 1604 5982 EphcsT,‘lD—:2l.
1633 5910 1677 5942 ⁸⁸
1710 5908 1848 5965 Psnl.
1891 5925 2040 5971 Lxxt.
2074 5910 2126 5967 7.
