4138 6404
422 430 526 488 155

1364 423 1874 480 COMMENTARIA
1913 423 1981 480 IN
2020 423 2281 481 lSAIAM.
2321 406 2390 466 ᾁ-
2426 419 2581 477 CAP.
2624 419 2713 476 tx.

3582 416 3688 471 154

422 547 583 618 ζῆλος
614 543 818 615 Κυρίου
853 540 1078 595 Σαϐαὼθ
1130 540 1346 612 ποιήσει
1410 541 1605 595 ταῦτα.
1645 559 1664 592 ι
1730 541 1898 612 Τήρει
1954 539 2012 594 δὲ

2125 540 2259 596 dicio
2309 546 2365 594 et
2407 536 2463 591 in
2493 533 2729 604 iustitia.
2778 532 2989 587 Amodo
3019 538 3074 586 et
3131 528 3184 584 in
3228 525 3484 584 saeculum
3538 528 3687 582 zelus

426 637 668 710 ἀκριϐῶς
699 636 847 699 ὅπως
885 636 984 687 οὐκ
1035 633 1247 706 εἴρηται
1294 632 1729 704 καθεσθήσεσθαι
1772 631 1865 685 εει
1913 631 2005 685 τὸν

429 731 613 803 θρόνον
646 727 809 781 Δαυῖδ
841 725 1199 789 ἀπλῶς,ὰλλὰ
1224 725 1319 779 καὶ
1346 726 1438 777 ἐπὶ
1471 727 1571 797 τὴν
1605 725 1879 796 βασιλείαν
1910 725 2009 778 αὐ-

426 817 542 877 τοῦ,
572 814 915 886 κατορθῶσαι
943 815 1109 884 αὑτήν
1130 832 1142 844 ·
1179 814 1335 884 ἡμῶν
1370 814 1897 885 προσυπακουόντων
1946 815 2007 867 τὸ

428 908 577 979 ἥξειν
605 908 767 961 αὑτὸν
798 910 889 960 ἐπὶ
916 907 994 977 τῷ
1027 905 1369 978 κατορθῶσαι
1398 905 1490 959 τὸν
1510 905 1697 976 θρόνον
1726 905 1890 959 Δαυῒδ
1912 906 2007 960 καὶ

429 1002 526 1073 τὴν
540 1002 745 1073 σκηνὴν
766 1004 1133 1053 πεπτωκυῖαν.
1151 999 1369 1069 Ἐπειδὴ
1389 998 1499 1070 γὰρ
1520 998 1892 1069 κατέστραπτο
1915 998 2008 1050 καὶ

432 1092 709 1165 καθῄρητο
739 1095 773 1164 ή
802 1091 1047 1163 βασιλεία
1076 1089 1239 1143 Δαυτδ
1264 1089 1372 1146 ἀπὸ
1403 1089 1512 1142 τῶν
1546 1088 1753 1160 χρόνων
1795 1087 1896 1157 τῆς
1929 1089 2008 1150 εἰς

433 1186 728 1240 Βαϐυλῶνα
768 1184 1140 1256 αἰχμαλωσίας
1172 1184 1264 1237 τοῦ
1298 1182 1428 1237 λαοῦ
1455 1200 1467 1213 ·
1513 1179 1650 1253 ἦσαν
1693 1182 1749 1234 δὲ
1794 1196 2009 1253 προφη-

433 1279 574 1330 τεῖαι
606 1276 957 1341 θεσπίζουσαι
980 1275 1070 1328 τὸν
1107 1274 1295 1346 θρόνον
1336 1273 1498 1327 Δαυῒδ
1527 1272 1847 1343 διαλάμψειν
1893 1290 2008 1341 φω-

434 1369 526 1432 τὸς
556 1366 782 1439 ἡλιακοῦ
810 1365 965 1436 δίκην
992 1363 1114 1418 καθ’
1144 1363 1273 1433 ὅλης
1318 1362 1418 1432 τῆς
1468 1362 1788 1431 οἰκουμένης
1814 1377 1828 1390 ’
1880 1358 2012 1412 ταύ-

434 1477 536 1531 την
559 1460 728 1530 αὐτὴν
762 1457 985 1529 ἐλήλυθε
1042 1456 1136 1527 τὴν
1193 1454 1525 1523 ἐπαγγελίαν
1579 1451 1898 1524 πληρῶσαι·
1946 1452 2011 1503 ἐκ

440 1552 750 1623 σπέρματος
780 1551 878 1621 μὲν
899 1548 1061 1601 Δαυῒδ
1088 1548 1226 1601 κατὰ
1254 1548 1431 1618 σάρκα
1455 1545 1809 1616 γεννώμενος,
1839 1561 2010 1597 κατα-

437 1642 666 1712 λάμπων
686 1642 741 1694 δὲ
772 1643 869 1705 τὰς
889 1641 999 1693 τῶν
1032 1640 1334 1712 ἀνθρώπων
1362 1639 1536 1709 ψυχάς
1555 1656 1567 1668 ο
1615 1638 1708 1691 καὶ
1736 1636 1833 1707 τὴν
1863 1635 2013 1705 βασι-

436 1734 583 1787 λείαν
606 1732 769 1787 αὑτοῦ
801 1733 1082 1804 κρατύνων
1115 1733 1203 1785 διὰ
1228 1731 1445 1785 πάντων
1473 1730 1581 1783 τῶν
1613 1729 1735 1782 καθ’
1763 1729 1892 1798 ὃλην
1914 1726 2012 1797 τὴν

434 1828 760 1897 οἰκουμένην
786 1825 974 1879 ἐθνῶν.
1024 1826 1112 1877 Ἐν
1132 1823 1341 1887 τούτοις
1369 1824 1478 1894 γὰρ
1508 1822 1599 1875 τὸν
1638 1821 1827 1892 θρόνον
1850 1818 2013 1872 Δαυῖδ

2109 631 2323 689 Domini
2363 628 2606 685 Sabaoth
2661 625 2829 681 faciet
2875 624 3009 678 haec.
3047 642 3065 675 ι
3099 622 3367 677 Observes
3410 628 3687 680 accurate,

2111 739 2219 779 non
2250 720 2574 791 simpliciter
2606 718 2813 773 dictum
2854 715 3019 771 fuisse
3059 716 3233 784 ipsum
3270 714 3321 767 in
3354 712 3549 766 throno
3586 708 3690 763 Da-

2108 819 2197 873 vid
2228 827 2504 873 sessurum
2545 825 2706 875 esse,
2750 810 2842 864 sed
2875 809 3037 863 etiam
3091 820 3253 874 super
3302 818 3525 872 regnum
3571 804 3687 871 ejus

2110 910 2177 964 ad
2216 905 2515 977 regendum
2545 900 2709 965 illud;
2744 901 2901 955 nobis
2927 898 3375 954 subaudientihus
3400 904 3687 949 venturum

2110 1001 2261 1054 illum
2297 1012 2420 1053 esse
2471 995 2537 1051 ad
2574 994 2990 1049 restaurandum
3039 990 3291 1044 thronum
3345 986 3592 1050 Davidis,
3634 995 3689 1039 et

2112 1090 2525 1146 tabernaculum
2564 1088 2700 1154 ejus,
2726 1087 2868 1155 quod
2906 1087 3112 1155 lapsum
3152 1082 3347 1136 fuerat.
3380 1078 3514 1144 Quia
3544 1079 3687 1131 enim

2111 1201 2141 1240 a
2179 1184 2515 1254 temporibus
2563 1178 2907 1250 Babylonicae
2960 1175 3296 1245 captivitatis
3330 1185 3580 1225 eversum
3636 1177 3693 1220 et

2112 1277 2382 1332 sublatum
2436 1274 2615 1329 fuerat
2667 1285 2895 1342 regnum
2952 1267 3215 1329 Davidis,
3279 1280 3342 1319 ac
3396 1261 3693 1330 prophetiae

2111 1371 2364 1431 aderant,
2396 1381 2516 1437 qua:
2565 1364 3007 1419 vaticinabantur
3044 1360 3299 1412 thronum
3348 1354 3565 1409 Davidis
3606 1366 3695 1406 so-

2112 1460 2241 1513 laris
2277 1457 2496 1511 luminis
2543 1456 2718 1510 instar
2768 1453 3164 1506 illustraturum
3211 1461 3333 1501 esse
3386 1454 3556 1498 totum
3602 1456 3696 1496 or-

2113 1552 2274 1614 bem;
2308 1550 2451 1604 hanc
2500 1547 2591 1602 ille
2633 1544 3049 1615 promissionem
3085 1538 3365 1609 impletum
3411 1536 3590 1601 venit,
3626 1548 3694 1587 ex

2114 1644 2325 1697 semine
2370 1641 2588 1711 quidem
2651 1638 2818 1693 David
2870 1633 3166 1690 secundum
3230 1642 3451 1683 carnem
3495 1637 3646 1680 natus
3675 1664 3693 1687 ,

2115 1733 2324 1787 animas
2366 1740 2541 1784 autem
2595 1729 2875 1783 hominum
2938 1722 3292 1783 illuminans,
3359 1734 3423 1772 ac
3470 1730 3693 1783 regnum

2116 1824 2233 1892 ejus
2267 1821 2405 1891 apud
2462 1835 2653 1874 omnes
2710 1818 2876 1871 totius
2913 1816 3062 1868 orbis
3112 1821 3299 1882 gentes
3344 1808 3694 1863 conﬁrmans.

434 1888 782 1990 διωρθώσατο
814 1958 829 1981 ,
899 1916 1050 1987 παρὰ
1118 1888 1392 1979 Ἰουδαίοις
1447 1888 1853 1984 καθῃρημένον.
1906 1909 2015 1962 Καὶ

2125 1888 2172 1967 In
2226 1888 2314 1967 his
2362 1912 2564 1980 quippe
2614 1924 2842 1979 regnum
2905 1904 3123 1957 Davidis
3164 1900 3374 1962 erexit,
3426 1913 3455 1949 a
3495 1893 3699 1950 Iudaeis

435 2011 591 2067 τοῦτο
629 2010 860 2081 ἔπραξεν
884 2010 991 2062 ἀπὸ
1018 2006 1111 2061 τοῦ
1142 2008 1236 2062 νῦν
1265 2008 1360 2061 καὶ
1418 2007 1499 2068 είς
1546 2004 1634 2057 τὸν
1656 2002 1829 2056 αἰῶνα
1855 2018 1868 2031 ·
1921 1999 2014 2053 τοῦ

440 2103 558 2174 μὲν,
593 2100 727 2155 «ἀπὸ
746 2100 839 2153 τοῦ
870 2100 1018 2163 νῦν,›
1050 2099 1408 2170 σημαίνοντος
1435 2097 1609 2167 ἀρχὴν
1637 2094 1832 2167 χρόνου
1888 2093 2018 2163 ὠρι-

438 2193 745 2265 σμένην,δι’
776 2189 844 2263 ἦς
867 2195 894 2245 ὁ
921 2192 1108 2263 καιρδς
1140 2190 1393 2262 ἐδηλοῦτο
1416 2191 1513 2260 τῆς
1572 2190 1651 2251 εἰς
1698 2184 2018 2258 ἀνθρώπους

438 2286 731 2357 ἐπιδημίας
769 2284 933 2338 αὑτοῦ
964 2302 978 2315 ⁸
1037 2285 1131 2337 τοῦ
1178 2283 1256 2345 δὲ,
1317 2302 1334 2333 ι
1379 2283 1459 2345 εἰς
1512 2280 1603 2333 τὸν
1644 2278 1834 2341 αἰῶνα,
1865 2296 1884 2328 ι
1921 2277 2020 2347 τὴν

440 2379 664 2440 ἄπειρον
692 2379 785 2431 καὶ
835 2377 1032 2445 διαρκῆ
1074 2375 1349 2446 βασιλείαν
1398 2371 1561 2427 αὐτοῦ
1617 2370 2017 2442 παριστῶντος.

442 2468 719 2540 Τηρητέον
759 2469 836 2529 δὲ,
901 2468 976 2530 ὡς
1010 2470 1043 2537 ἡ
1108 2466 1206 2535 μὲν
1258 2464 1448 2535 πρώτη
1499 2462 1626 2533 περὶ
1685 2460 1777 2513 τοῦ
1808 2477 2023 2531 προφη-

438 2561 730 2630 τευομένου
756 2559 1058 2630 πρόρρησις
1093 2558 1157 2609 ἐκ
1192 2555 1468 2627 Παρθένου
1511 2552 1871 2623 τεχθήσεσθαι
1926 2551 2023 2603 αὑ-

439 2654 532 2706 τὸν
560 2652 777 2723 ἐδήλου·
830 2654 862 2722 ή
906 2651 962 2703 δὲ
995 2648 1244 2720 δευτέρα,
1284 2647 1483 2700 ὡσανεί
1518 2644 1871 2717 ζητουμένου,
1906 2642 2023 2705 πῶς

442 2745 593 2798 ἔσται
626 2744 802 2806 τοῦτο,
832 2743 924 2796 τὸν
947 2741 1149 2813 Κύριον
1170 2740 1356 2810 εἰσῆγε
1378 2738 1622 2807 λέγοντα,
1659 2756 1677 2787 ι
1707 2736 1819 2789 Καὶ
1857 2751 2026 2805 προσ-

440 2836 606 2907 ῆλθον
673 2835 810 2905 πρὸς
842 2833 943 2904 τὴν
982 2832 1252 2903 προφῆτιν
1279 2847 1292 2860 ο
1348 2830 1445 2883 καὶ
1494 2830 1552 2882 ἐν
1601 2828 1801 2898 γαστρὶ
1845 2826 2024 2889 ἔλαϐε,

442 2929 536 2982 καὶ
564 2928 747 2980 ἔτεκεν
770 2926 901 2979 υίόν·
938 2944 957 2976 ι
982 2927 1013 2995 ἠ
1040 2925 1097 2977 δὲ
1134 2924 1293 2994 τρίτη
1330 2920 1516 2975 οὐκέτι
1545 2920 1872 2991 μνημονεύει
1895 2919 2029 2989 κυή-

444 3038 582 3085 σεως
628 3017 983 3090 παρθενικῆς,
1019 3016 1139 3069 οὺδέ
1181 3014 1276 3067 τοῦ
1314 3013 1518 3085 τρόπου
1574 3010 1676 3080 τῆς
1715 3009 1856 3063 κατὰ
1897 3009 2029 3062 Θεὸν

442 3111 743 3183 παραδόξου
807 3108 1123 3178 συλλήψεως
1151 3124 1164 3137 ο
1225 3104 1320 3159 ἆτε
1386 3104 1451 3175 δὴ
1526 3100 2031 3175 προμεμαθηκότων

440 3200 599 3272 ἡμῶν
647 3198 850 3261 ταῦτα,
883 3198 1009 3268 περὶ
1062 3194 1159 3248 τοῦ
1214 3194 1402 3257 παιδὸς
1453 3191 1621 3245 αὐτοῦ
1676 3189 2027 3262 διεξέρχεται,

2116 2005 2407 2061 sublatum.
2455 2002 2519 2056 Et
2547 2003 2649 2056 hoc
2685 1998 2938 2069 praestitit
2969 1997 3038 2051 ab
3090 1996 3192 2048 hoc
3238 2002 3480 2061 tempore
3523 2001 3696 2054 usque

2117 2099 2171 2152 in
2211 2094 2507 2158 saeculum;
2536 2093 2608 2146 ita
2640 2103 2698 2144 ut
2731 2090 2883 2153 illud,
2921 2105 2941 2139 ‹
2974 2085 3204 2147 amodo,
3251 2102 3270 2135 ι
3306 2081 3517 2134 initium
3561 2088 3700 2131 tem-

2118 2189 2265 2258 poris
2294 2187 2574 2241 definitum
2615 2182 2906 2253 signiticet,
2951 2193 3060 2246 quo
3092 2185 3306 2245 tempus
3333 2174 3448 2241 ejus
3494 2171 3560 2225 ad
3604 2170 3702 2223 ho—

2120 2284 2291 2336 mines
2325 2282 2588 2334 adventus
2625 2274 2972 2337 declaratur;
3002 2269 3132 2325 illud
3167 2277 3371 2329 autem,
3416 2283 3435 2315 ε
3470 2267 3522 2318 in
3554 2277 3701 2317 sem-

2120 2377 2423 2446 piternum,
2472 2389 2492 2422 ι
2524 2367 2794 2424 infinitum
2836 2381 2901 2419 ac
2949 2371 3274 2435 perpetuum
3323 2371 3549 2425 regnum
3587 2353 3703 2421 ejus

2123 2467 2384 2523 declarat.
2426 2461 2835 2518 Observandum
2878 2466 3055 2509 autem
3095 2462 3202 2515 est,
3254 2451 3482 2520 primam
3526 2447 3594 2501 de
3638 2460 3703 2498 eo

2123 2559 2213 2627 qui
2258 2558 2311 2611 in
2361 2555 2644 2626 prophetia
2693 2551 2894 2612 fertur,
2945 2544 3389 2617 praedictionem,
3437 2539 3585 2593 illum
3637 2549 3703 2589 ex

2126 2649 2346 2719 Virgine
2394 2646 2724 2701 nasciturum
2769 2655 2891 2695 esse
2933 2638 3249 2702 declarare;
3280 2629 3573 2687 secundam
3614 2643 3708 2681 ve-

2127 2758 2207 2803 ro,
2257 2756 2320 2795 ac
2359 2740 2403 2794 si
2459 2746 2768 2813 qumratur,
2824 2748 2932 2803 quo
2975 2741 3137 2799 pacto
3193 2727 3243 2781 id
3294 2726 3535 2779 futurum
3597 2721 3704 2785 sit,

2128 2837 2303 2906 ipsum
2348 2831 2631 2886 Dominum
2664 2810 2670 2813 ’
2704 2827 2786 2881 sic
2838 2826 3149 2893 loquentem
3227 2820 3505 2876 inducere,
3576 2830 3595 2863 ι
3642 2810 3709 2864 Et

2130 2905 2335 2980 accessi
2372 2922 2439 2975 ad
2492 2920 2934 2990 prophetissam:
2977 2915 3113 2970 etin
3156 2923 3309 2966 utero
3358 2905 3603 2975 accepit,
3655 2910 3711 2956 et

2130 3015 2342 3086 peperit
2363 3011 2594 3073 Filium;
2639 3030 2657 3061 ι
2704 3008 2920 3062 tertiam
2968 3015 3181 3067 autem,
3226 3001 3527 3069 virgineum
3579 3010 3709 3064 par-

2135 3119 2248 3162 tum
2286 3122 2391 3160 non
2429 3104 2573 3157 ultra
2610 3114 2936 3166 memorare,
2969 3110 3145 3165 neque
3176 3093 3393 3148 modum
3431 3092 3714 3158 stupenda

2136 3199 2283 3253 illius
2315 3195 2611 3251 secundum
2661 3190 2830 3244 Deum
2888 3184 3282 3254 conceptionis,
3319 3190 3503 3249 utpote
3556 3178 3712 3233 nobis

446 3277 773 3345 παιδεύουσα
801 3259 1053 3360 ἡμᾶς’τὰ
1074 3287 1360 3362 ἀπόρρητα
1393 3288 1491 3357 τῆς
1522 3284 1652 3357 περὶ
1704 3259 1885 3337 αὑτοῦ
1906 3284 2022 3336 θεο-

2129 3291 2271 3345 hanc
2319 3302 2433 3343 rem
2478 3285 2590 3354 jam
2622 3282 2865 3347 edoctis;
2919 3280 3013 3334 sed
3047 3280 3112 3330 de
3165 3274 3305 3329 Filio
3346 3272 3514 3340 ipsius
3547 3268 3711 3323 verba

446 3384 652 3453 λογίας·
681 3384 850 3436 ταῦτα
900 3382 957 3436 δὲ
986 3382 1163 3436 πάντα
1203 3381 1330 3452 περί
1368 3378 1462 3433 τοῦ
1506 3379 1761 3449 τυχόντος
1812 3375 2023 3431 παιδίου

447 3475 718 3543 λέγεσθαι,
748 3475 847 3527 οὐκ
883 3468 999 3527 οῖδα
1032 3474 1150 3537 πῶς
1181 3474 1503 3543 συστήσαιεν
1530 3473 1580 3524 οἰ
1604 3472 1669 3525 ἐκ
1703 3471 2023 3542 περιτομῆς,

450 3566 523 3638 μὴ
556 3566 865 3637 βουλόμενοι
900 3565 1303 3636 παραδέξασθαι
1331 3564 1420 3618 τὸν
1464 3565 1730 3636 ἡμέτερον
1776 3564 2023 3633 Σωτῆρα,

446 3654 490 3729 ᾧ
519 3662 588 3713 τὰ
610 3660 745 3730 ἔργα
773 3661 1058 3731 μαρτυρεῖ,
1093 3660 1186 3711 καὶ
1218 3658 1326 3711 τῶν
1368 3658 1762 3729 πραγμάτωνή
1806 3654 2027 3716 ἔκϐασις

446 3753 571 3815 τοὺς
598 3752 790 3818 λόγους
824 3749 1299 3823 ἐπισφραγίζεται.
1356 3768 1374 3801 t
1440 3750 1608 3820 Ζῆλος
1656 3748 1861 3818 Κυρίου
1922 3747 2028 3797 Σα-

446 3842 595 3897 ϐαὼθ
626 3844 841 3914 ποιήσει
874 3842 1071 3895 ταῦτα.
1115 3861 1133 3892 ι
1166 3842 1324 3903 Ποῖος
1352 3840 1544 3911 ζῆλος,
1581 3840 1613 3910 ἢ
1645 3840 1705 3892 ὃν
1757 3839 2029 3907 ἐζήλωσεν

448 3932 651 4001 ἀγαθὸν
683 3934 778 3985 καί
828 3933 976 4001 αὑτῷ
1017 3931 1317 4002 πρέποντα,
1357 3932 1438 3991 εἰς
1479 3929 1540 3982 τὸ
1596 3929 1764 3982 σῶσαι
1821 3928 2028 3991 πάντας

447 4024 575 4085 τοὺς
607 4022 712 4075 ὑπὸ
762 4022 856 4075 τοῦ
889 4022 1137 4075 διαϐόλου
1181 4021 1813 4086 καταδυναστευθέντας,
1835 4021 1930 4075 καὶ
1952 4021 2031 4083 εἰς

449 4113 715 4183 ἀθεότητα
729 4130 948 4166 .κατασυ
959 4113 1151 4185 ρέντας
1169 4130 1181 4177 ;

527 4412 546 4445 t
574 4393 815 4447 Θάνατον
874 4390 1160 4445 ἀπέστειλε
1232 4388 1436 4459 Κύριος
1490 4390 1580 4444 ἐπὶ
1657 4388 1884 4451 Ἰακὼϐ,
1939 4389 2033 4442 καὶ

450 4482 611 4556 ἦλθεν
640 4487 734 4539 ἐπὶ
771 4485 1023 4556 Ἰσραήλο
1074 4484 1168 4538 καὶ
1216 4484 1515 4554 γνώσονται
1555 4484 1664 4546 πᾶς
1692 4485 1719 4535 ὁ
1766 4480 1894 4544 λαός
1937 4481 2030 4534 τοῦ

464 4577 720 4649 Ἐφραῒμ,
781 4577 872 4630 καὶ
909 4578 959 4629 οἱ
992 4576 1287 4648 καθήμενοι
1322 4578 1378 4629 ἐν
1425 4575 1709 4647 Σαμαρείᾳ
1738 4576 1820 4643 ἐφ’
1878 4574 2030 4646 ’ὕϐρει

453 4673 546 4725 καὶ
578 4671 752 4741 ὑψηλῇ
780 4670 998 4741 καρδίᾳ,
1052 4670 1327 4738 λέγοντες·
1364 4670 1582 4723 Πλίνθοι
1641 4667 2025 4722 τέπτώκασιν·

452 4763 585 4817 ἀλλὰ
608 4762 763 4816 δεῦτε
793 4761 1136 4831 λαξεύσωμεν
1168 4762 1349 4825 λίθους
1382 4801 1396 4823 ,
1428 4763 1523 4813 καὶ
1555 4760 1809 4830 κόψωμεν
1860 4777 2029 4812 συκα-

457 4857 664 4926 μίνους,
701 4855 794 4908 καὶ
814 4853 1059 4923 κέδρους,
1091 4852 1186 4905 καὶ
1204 4852 1645 4923 οἰκοδομήσωμεν
1671 4851 1880 4913 ἑαυτοῖς
1896 4850 2033 4920 πύρ-

452 4966 566 5017 γον.
592 4967 610 4998 ι
657 4948 813 5000 Ἤτοι
854 4948 902 4998 οἱ
953 4945 1050 5016 τὴν
1111 4946 1421 5018 Σαμάρειαν
1479 4944 1773 5007 οἰκοῦντες,
1821 4943 2033 5015 Ἰσραὴλ

453 5038 899 5110 χρηματίζοντες,
923 5037 1018 5090 καὶ
1052 5035 1180 5099 λαός
1217 5036 1310 5090 τοῦ
1349 5035 1589 5108 Ἐφραῖμ
1622 5035 2029 5105 ὀνομαζόμενοι,

454 5129 538 5183 διὰ
562 5130 623 5182 τὸ
651 5129 1031 5200 βασιλευθῆναι
1060 5128 1165 5181 ὑπὸ
1183 5129 1293 5181 τῶν
1318 5130 1383 5180 ἐκ
1409 5127 1583 5197 φυλῆς
1631 5127 1725 5180 τοῦ
1772 5126 2031 5198 Ἑφραῒμ,

456 5219 802 5290 χλευάζοντες
851 5222 944 5275 καὶ
1006 5219 1428 5285 ἐξευτελίζοντες
1483 5219 1583 5289 τὴν
1647 5217 2032 5289 Ἰερουσαλὴμ,

457 5310 692 5374 πλίνθοις
749 5312 953 5381 ταύτην
1004 5312 1239 5380 ἔφασκον
1296 5311 1693 5381 οἰκοδομεῖσθαι
1719 5350 1733 5373 ,
1790 5311 1885 5364 καὶ
1935 5309 2033 5373 τὰς

456 5404 654 5471 στέγας
702 5405 843 5474 ἔχειν
893 5425 911 5456 ι
952 5405 1058 5458 ἀπὸ
1092 5405 1406 5475 συκαμίνων
1440 5424 1456 5453 ι
1514 5403 1546 5474 ἢ
1612 5423 1630 5454 ι
1659 5403 1976 5473 συκομόρων
2009 5419 2028 5452 ι

456 5497 599 5555 κατὰ
627 5498 750 5561 τοὺς
771 5498 989 5561 λοιποὺς
1016 5498 1379 5569 ἐρμηνευτάς.
1407 5494 1521 5549 Εἶθ’
1553 5497 1625 5560 ὡς
1661 5495 1815 5548 αὐτοὶ
1835 5493 2038 5563 βελτίο-

454 5610 523 5646 να
554 5591 705 5644 πόλιν
737 5590 1238 5653 κατασκευάσοντες
1264 5632 1277 5655 ,
1312 5588 1712 5659 ἐπηγγέλλοντο
1750 5585 1837 5637 διὰ
1875 5583 2038 5637 λίθων

458 5684 664 5748 ξυστῶν
702 5684 797 5735 καὶ
827 5682 1031 5752 κέδρων
1067 5682 1458 5753 οἰκοδομήσειν,
1500 5681 1595 5732 καὶ
1616 5678 1738 5733 ἀντὶ
1779 5675 1876 5729 τοῦ
1907 5675 2038 5729 ναοῦ

456 5775 549 5827 τοῦ
598 5776 656 5827 ἐν
708 5771 1065 5845 Ἰερουσαλὴμ
1111 5772 1317 5844 πύργον
1365 5773 1578 5835 ἑαυτοῖς
1611 5770 1935 5840 ἀναστήσειν
1980 5768 2039 5818 ἐν

459 5866 776 5934 Σαμαρείᾳ·
836 5866 915 5919 διὸ
966 5866 1055 5919 καὶ
1122 5864 1304 5929 ἐπειδὴ
1364 5864 1585 5920 τοιαῦτα
1642 5863 2037 5929 τετολμήκασιν

2133 3384 2354 3442 facere,
2413 3391 2619 3445 nosque
2673 3373 2721 3426 in
2783 3370 3066 3438 theologia!
3122 3366 3238 3433 ejus
3288 3364 3507 3418 arcanis
3557 3360 3713 3414 insti-

2132 3483 2305 3526 tuere.
2356 3469 2629 3523 Caeterum
2677 3466 2863 3517 nescio
2908 3474 3017 3529 quo
3064 3468 3224 3527 pacto
3268 3456 3301 3510 ii
3353 3455 3442 3523 qui
3492 3468 3557 3507 ex
3609 3452 3714 3505 cir-

2129 3563 2469 3619 cumcisione
2500 3567 2643 3624 sunt,
2691 3556 2807 3609 haec
2858 3555 2922 3608 de
2973 3550 3182 3620 vulgari
3231 3562 3397 3618 puero
3450 3544 3555 3598 dici
3604 3552 3718 3597 sta-

2132 3665 2315 3717 tuant,
2348 3653 2596 3707 nolentes
2624 3648 2917 3702 admittere
2948 3644 3292 3697 Salvatorem
3320 3646 3596 3697 nostrum,
3625 3633 3714 3687 cui

2131 3751 2247 3818 ipsa
2272 3759 2437 3815 opera
2477 3740 2851 3796 testimonium
2889 3736 3154 3797 afferunt,
3204 3747 3325 3786 cum
3364 3738 3594 3783 eventus
3629 3741 3718 3780 re-

2132 3854 2252 3894 rum
2300 3846 2583 3892 sermones
2648 3830 2916 3896 obsiguel.
2960 3843 2979 3876 ι
3016 3825 3176 3879 Zelus
3220 3821 3432 3877 Domini
3475 3818 3715 3873 Sabaoth

2133 3932 2295 3987 faciet
2331 3930 2466 3984 hate.
2515 3945 2532 3975 ι
2578 3923 2711 3991 Quis
2742 3922 2893 3977 zelus
2935 3920 3036 3975 nisi
3074 3918 3163 3973 ille
3201 3918 3377 3971 bonus
3416 3922 3472 3968 et
3519 3910 3719 3966 conde-

2133 4039 2283 4089 cens,
2329 4036 2439 4091 quo
2473 4020 2564 4075 ille
2602 4019 2863 4073 incensus
2896 4022 2999 4077 est,
3042 4012 3107 4065 ad
3157 4008 3387 4063 salutem
3435 4006 3503 4059 iis
3543 4001 3721 4057 omni-

2134 4119 2235 4173 bus
2265 4115 2589 4187 parandam,
2638 4112 2729 4181 qui
2767 4110 2868 4164 sub
2915 4105 3155 4160 dmninio
3204 4100 3403 4156 diaboli
3443 4106 3634 4161 erant,
3663 4103 3720 4149 et

2136 4211 2190 4265 in
2224 4209 2559 4278 impietatem
2614 4200 2879 4275 pertracti
2927 4196 3189 4253 fuerant?

2210 4392 2372 4449 Vens.
2422 4388 2579 4447 8-10.
2610 4407 2629 4441 ι
2668 4387 2894 4442 Mortem
2928 4383 3079 4437 misit
3107 4379 3367 4435 Dominus
3410 4386 3571 4444 super
3624 4367 3719 4428 Ja-

2137 4486 2263 4553 coh,
2310 4493 2366 4538 et
2418 4484 2571 4538 venit
2625 4493 2791 4547 super
2834 4474 3046 4531 Israel:
3096 4481 3151 4527 et
3200 4476 3491 4540 cognoscet
3542 4462 3718 4519 omnis

2066 4619 2106 4673 υ
2137 4578 2371 4650 populus
2418 4573 2676 4645 Ephraim
2706 4610 2720 4633 ,
2785 4577 2841 4622 et
2891 4565 2983 4635 qui
3038 4564 3228 4619 sedent
3271 4561 3325 4614 in
3370 4559 3619 4614 Samaria
3665 4555 3718 4608 in

2398 4666 2432 4673 ..
2540 4672 2547 4673 ,
2636 4661 2669 4673 ._
2858 4657 2897 4673 .,
3312 4650 3531 4673 ,ΑΜ-Α,
3582 4646 3691 4673 ΑΜ,

2139 4646 2469 4723 contumelia
2500 4672 2556 4718 et
2600 4661 2710 4714 alto
2744 4657 2929 4719 corde,
2979 4656 3261 4709 dicentes:
3310 4650 3533 4704 Lateres
3578 4646 3722 4701 ceci-

2140 4763 2372 4821 derunt;
2418 4757 2513 4812 sed
2559 4755 2764 4819 venite,
2797 4753 3041 4807 dolemus
3070 4746 3295 4816 lapides,
3350 4752 3403 4798 et
3449 4741 3721 4795 caedamus

2143 4853 2453 4926 sycaminos
2483 4859 2539 4905 et
2571 4848 2786 4911 cedros,
2817 4854 2871 4899 et
2896 4843 3230 4897 aedificemus
3258 4837 3415 4892 nobis
3445 4832 3660 4889 turrim.
3694 4849 3714 4881 ι

2142 4949 2197 5002 Id
2237 4957 2342 5011 est,
2383 4944 2419 4998 ii
2471 4942 2563 5012 qtti
2618 4939 2919 4995 Samariam
2982 4933 3252 4994 incolunt,
3306 4926 3469 4984 Israel
3509 4938 3719 4978 nuncu-

2138 5041 2274 5110 pati,
2317 5048 2371 5091 et
2398 5034 2631 5107 pupulus
2662 5031 2920 5102 Ephraim
2952 5025 3155 5089 vocati,
3197 5022 3322 5092 quia
3370 5018 3590 5088 regibus
3620 5015 3718 5068 tri-

2139 5106 2240 5189 bus
2291 5106 2546 5201 Ephraitn
2592 5127 2794 5182 subditi
2837 5131 3025 5186 erant,
3068 5119 3355 5173 irridentes
3389 5121 3443 5166 et
3489 5106 3720 5175 vilipeno

2140 5225 2332 5278 dentes
2360 5219 2688 5281 Jerusalem,
2722 5218 2892 5285 ipsam
2930 5229 2996 5267 ex
3031 5209 3292 5265 lateribus
3334 5209 3600 5257 structam
3639 5195 3721 5249 di-

2137 5313 2368 5374 cebant,
2421 5324 2484 5363 ac
2527 5307 2733 5376 tegulas
2785 5304 2985 5358 habere
3029 5317 3093 5354 ea:
3130 5294 3436 5367 sycaminis,
3476 5289 3591 5343 sive
3634 5301 3720 5340 se-

2137 5401 2375 5456 cundum
2413 5399 2649 5467 reliquos
2684 5398 3028 5462 interpretes,
3065 5403 3127 5443 ea:
3163 5382 3487 5457 sycomoris,
3525 5378 3717 5432 factas.

2142 5493 2342 5547 Deinde
2370 5506 2528 5555 vero,
2563 5504 2627 5544 ac
2674 5489 2717 5543 si
2762 5487 2835 5540 illi
2883 5480 3315 5554 praestantiorem
3354 5472 3542 5527 urbem
3575 5480 3721 5524 stru-

2143 5585 2285 5639 cturi
2316 5592 2536 5647 essent,
2579 5595 2698 5635 eam
2732 5594 2799 5633 ex
2831 5576 3019 5631 incisis
3047 5569 3317 5639 lapidibus
3344 5574 3401 5619 et
3433 5579 3500 5619 ex
3542 5561 3721 5617 cedris

2144 5691 2206 5732 se
2250 5674 2616 5730 :edificaturos
2667 5685 2790 5725 esse
2838 5663 3275 5738 pollicebantur:
3323 5669 3377 5713 et
3432 5653 3616 5723 templi
3665 5652 3719 5704 in

2142 5764 2442 5821 Jerusalem
2478 5762 2674 5817 stantis
2711 5762 2859 5823 loco,
2913 5758 3105 5810 turrim
3157 5752 3261 5807 sibi
3295 5749 3634 5804 excitatnms
3666 5743 3718 5793 in

2146 5855 2428 5921 Samaria;
2468 5854 2590 5910 ideo
2623 5849 2751 5921 quia
2783 5848 2858 5904 illi
2899 5848 2952 5903 in
2991 5852 3195 5911 tantam
3233 5838 3602 5908 arrogantiam
3631 5845 3723 5884 ve-
