4138 6474
398 421 504 478 155

1105 414 1379 472 EUSEBlI
1416 413 1898 472 CESABIENSIS
1933 413 2086 472 OPP.
2125 413 2308 470 PARS
2345 414 2435 472 Ill.
2472 444 2543 457 —
2579 411 2993 469 EXEGETICA.

3554 413 3652 470 l56

319 575 332 608 ,
398 537 518 589 nire
566 531 683 586 ausi
748 529 1000 594 fuerant,
1045 530 1302 602 deinceps
1349 532 1716 587 comminatur
1760 533 1840 588 eis
1887 533 1972 588 his

2082 530 2606 592 ἀπαυθαδιάσασθαι,
2631 527 2843 582 ἀπειλεῖ
2881 527 3063 588 αὐτοῖς
3115 524 3239 596 ἑξῆς
3283 527 3312 578 6
3347 523 3502 594 λόγος
3550 527 3656 595 φάα-

397 626 580 680 verbis
607 643 621 680 :

471 717 634 771 Vsus.
665 716 719 770 2.
766 734 784 766 ι
821 714 884 769 Et
931 714 1141 786 franget
1182 717 1321 771 Deus
1370 731 1487 781 eos,
1546 717 1638 787 qui
1677 717 1971 789 insurgunt

396 823 559 875 super
605 815 842 860 montem
887 805 1041 869 Sion,
1074 817 1130 862 et
1174 808 1425 862 inimicos
1468 808 1770 877 dissipabit.
1822 827 1842 860 ι
1875 808 1974 861 Se-

397 900 632 954 cundum
680 899 964 954 historiam
999 899 1178 964 enim,
1211 901 1357 970 quia,
1398 900 1608 969 inquit,
1652 899 1687 953 ii
1740 898 1834 970 qui
1874 899 1974 954 Sa-

398 992 624 1046 mariam
683 990 993 1046 incolebant
1042 991 1171 1049 talia
1212 991 1328 1045 ausi
1385 1000 1534 1053 sunt,
1578 1002 1631 1046 et
1669 991 1975 1061 petulanter

395 1083 633 1154 agebant
661 1091 850 1137 contra
891 1093 1129 1138 montem
1162 1082 1318 1149 Sion,
1358 1091 1416 1136 et
1452 1095 1643 1138 contra
1683 1083 1845 1137 Deum
1876 1084 1974 1136 ibi-

395 1186 520 1240 dem
558 1183 799 1245 cultum;
847 1197 941 1238 eos
1000 1196 1094 1248 se,
1143 1183 1300 1252 quasi
1347 1198 1416 1238 ex
1469 1199 1665 1254 magna
1707 1185 1976 1253 superbiae

395 1273 717 1328 celsitudine
775 1273 1160 1341 depressurum
1215 1282 1269 1326 et
1321 1273 1624 1327 fracturam
1671 1277 1975 1331 commina-

397 1376 506 1422 tur.
553 1364 590 1419 Ii
633 1365 832 1435 quippe
879 1364 970 1433 qui
1015 1374 1206 1418 contra
1263 1374 1503 1419 montem
1555 1367 1686 1422 Sion
1741 1369 1977 1426 insurre-

393 1471 622 1525 xerunt,
666 1462 832 1516 etiam
887 1459 942 1514 in
1006 1461 1182 1528 ipsum
1245 1461 1416 1515 Deum
1480 1461 1644 1530 impie
1699 1465 1974 1535 agebant:

394 1569 536 1622 quos
571 1568 632 1608 se
661 1551 1073 1607 humiliatarum
1117 1561 1174 1607 et
1213 1550 1619 1607 contracturum
1659 1569 1780 1610 esse
1811 1555 1976 1623 dicit;

396 1659 498 1698 nec
530 1642 678 1713 ipsos
721 1641 900 1708 solos,
947 1643 1042 1696 sed
1091 1641 1258 1696 etiam
1311 1641 1562 1698 inimicos
1600 1642 1716 1711 ejus
1746 1645 1980 1716 dissipa-

398 1744 577 1788 turum
615 1747 772 1788 esse:
803 1732 1120 1803 signiﬁcans
1145 1747 1242 1788 eos
1266 1747 1333 1787 ex
1370 1732 1655 1798 Damasco,
1689 1736 1778 1804 qui
1808 1737 1979 1793 Israe-

2075 638 2242 677 σκων’

2151 738 2169 768 ι
2201 716 2310 770 Καὶ
2347 715 2497 787 ράξει
2521 717 2550 768 6
2582 715 2716 779 Θεὸς
2746 717 2872 778 τοὺς
2917 711 3388 781 ἐπανισταμένους
3445 713 3538 765 ἐπὶ
3594 714 3656 766 τὸ

2073 811 2199 881 ὅρος
2226 811 2386 873 Σιὼν,
2419 810 2513 862 καὶ
2565 809 2691 871 τοὺς
2743 807 2971 878 ἐχθροὺς
3019 800 3377 858 διασκεδάσει.
3427 823 3446 856 ι
3499 805 3656 859 Κατὰ

2073 902 2203 972 γοῦν
2231 901 2328 973 τὴν
2356 901 2616 972 ἱστορίαν,
2642 899 2848 971 ἐπειδὴ,
2879 899 3066 970 φησὶν,
3101 898 3151 951 οί
3195 897 3293 968 τὴν
3345 898 3659 968 Σαμάρειαν

2074 993 2351 1056 οἰκοῦντες
2382 992 2605 1047 τοιαῦτα
2627 991 3014 1063 τετολμήκασι,
3043 991 3138 1045 καὶ
3189 989 3660 1062 κατεθρασύνοντο

2076 1087 2218 1140 κατά
2247 1085 2341 1139 τοῦ
2375 1085 2532 1158 ὅρους
2560 1084 2716 1148 Σιὼν,
2752 1084 2847 1137 καὶ
2880 1083 3020 1138 κατά
3068 1082 3162 1136 τοῦ
3211 1084 3268 1134 ὲν
3314 1083 3464 1152 αὐτῷ
3492 1101 3662 1153 τιμω-

2079 1175 2240 1246 μένου
2268 1173 2427 1237 Θεοῦ,
2461 1173 2536 1238 ὡς
2577 1174 2686 1227 ἀπὸ
2721 1174 2957 1244 μεγάλου
3015 1171 3182 1243 ὖψους
3236 1172 3337 1242 τῆς
3378 1173 3662 1243 ὑπερηφα-

2075 1268 2223 1332 νείας
2257 1268 2436 1322 αὐτῶν
2485 1265 2840 1320 ταπεινώσειν
2905 1266 2997 1320 καὶ
3044 1263 3408 1336 καταρράξειν
3464 1265 3661 1328 αὐτοὺς

2077 1361 2311 1414 ἀπειλεῖ.
2342 1361 2480 1423 Τοὺς
2512 1359 2621 1430 γὰρ
2649 1359 2740 1411 ἐπὶ
2774 1358 2834 1410 τὸ
2859 1357 2984 1430 ὅρος
3011 1356 3149 1409 Σιὼν
3198 1355 3662 1426 ἐπανισταμένους

2077 1455 2162 1506 ἐπ’
2197 1454 2360 1507 αὐτὸν
2392 1454 2482 1506 τὸν
2516 1452 2647 1505 Θεὸν
2680 1451 2898 1506 ἀσεϐεῖν
2952 1449 3294 1503 συνέϐαινεν·
3329 1447 3418 1512 οὓς
3471 1465 3663 1502 ταπει-

2078 1544 2269 1598 νώσειν
2293 1545 2384 1598 καὶ
2413 1543 2596 1615 ράξειν
2625 1543 2812 1613 φησὶν,
2839 1540 2899 1593 ού
2933 1539 3148 1610 μόνους,
3174 1537 3308 1591 ἀλλὰ
3335 1539 3430 1590 καὶ
3458 1537 3665 1599 πάντας

2077 1637 2202 1702 τοὺς
2230 1637 2456 1708 ἐχθροὺς
2485 1633 2651 1689 αὑτοῦ
2684 1632 3086 1687 διασκεδάσειν·
3124 1632 3404 1701 σημαίνων
3456 1631 3582 1693 τοὺς
3609 1631 3665 1682 ὲν

2078 1729 2356 1802 Δαμασκῷ
2426 1725 2852 1799 συμμαχοῦντας
2922 1723 3000 1794 τῷ
3066 1723 3280 1795 Ἰσραὴλ
3317 1762 3332 1785 ,
3389 1721 3530 1775 κατά
3598 1720 3667 1774 τὰ

395 1831 461 1884 lis
496 1829 896 1884 commilitones
936 1837 1091 1884 erant
1116 1868 1132 1894 ,
1187 1838 1247 1882 ut
1286 1829 1434 1898 prius
1470 1831 1726 1884 traditum
1762 1841 1865 1886 est.
1903 1834 1980 1887 Ac

2083 1820 2393 1891 ἔμπροσθεν
2427 1818 2815 1888 ἀποδεδομένα.
2838 1817 2948 1869 Καὶ
2981 1815 3188 1878 πάντας
3207 1817 3263 1870 δὲ
3293 1818 3419 1880 τοὺς
3452 1818 3518 1869 ὲκ
3559 1815 3670 1868 τῶν

395 1919 635 1982 reliquos
666 1934 858 1976 omnes
889 1921 980 1990 qui
1016 1931 1204 1976 contra
1254 1929 1491 1974 montem
1533 1921 1664 1976 Sion
1705 1933 1759 1978 et
1793 1933 1980 1978 contra

2084 1910 2290 1964 λοιπῶν
2312 1907 2776 1978 ἐπανισταμένους
2807 1907 2887 1977 τῷ
2930 1906 3045 1978 ὅρει
3075 1907 3232 1969 Σιὼν,
3293 1907 3385 1962 καὶ
3411 1905 3490 1977 τῷ
3548 1905 3672 1976 Θεῷ
3779 1965 3784 1970 ε

395 2005 562 2060 Deum
609 2006 807 2060 ibidem
851 2008 1057 2061 cultum
1109 2007 1543 2073 insurrexerunt,
1602 2023 1659 2065 se
1689 2011 1982 2080 dissipatu-

398 2113 514 2150 rinn
560 2111 682 2154 esse
728 2097 1051 2168 pollicetur:
1104 2113 1170 2154 ex
1211 2113 1440 2168 quorum
1493 2117 1722 2158 numero
1758 2103 1850 2156 alii
1916 2118 1982 2156 ex

395 2191 606 2246 oriente
649 2202 828 2258 erant,
857 2191 946 2247 alii
982 2206 1049 2246 ex
1076 2207 1271 2247 occasu
1303 2193 1456 2259 solis,
1486 2193 1648 2250 medii
1681 2205 1862 2250 autem
1889 2212 1981 2250 en-

398 2298 515 2337 rum
551 2281 725 2340 Graeci
774 2293 952 2339 erant.
1009 2282 1071 2338 l-li
1121 2285 1322 2338 etenim
1377 2300 1568 2341 omnes
1617 2297 1978 2352 memoratum

398 2377 654 2432 lsraelem
690 2375 849 2448 pleno
875 2392 974 2431 ore
1013 2379 1360 2444 devorantes,
1393 2387 1556 2448 atque
1583 2377 1636 2432 in
1667 2393 1822 2433 suum
1865 2379 1982 2434 ido-

399 2469 629 2524 lolatria:
651 2483 894 2524 errorem
913 2469 1253 2539 dciicientes,
1285 2488 1344 2529 se
1365 2473 1452 2540 iis,
1483 2472 1574 2543 qui
1606 2483 1793 2529 contra
1822 2490 1981 2529 mon-

400 2573 506 2616 tem
563 2561 694 2617 Sion
734 2562 1106 2632 insurgehant,
1160 2563 1517 2620 auxiliaturos
1545 2579 1612 2618 ac
1657 2563 1982 2621 commilito-

397 2668 494 2708 nes
524 2667 711 2708 eorum
740 2651 956 2709 futuros
983 2669 1106 2711 esse
1135 2655 1544 2725 promittebant.

470 2745 634 2801 Vens.
669 2745 853 2802 16-15.
896 2764 914 2799 ι
955 2745 1020 2800 Et
1050 2747 1271 2803 abstulit
1309 2749 1572 2804 Dominus
1596 2748 1664 2804 ab
1691 2748 1858 2812 Israel
1891 2765 1980 2804 ca-

400 2846 584 2906 putet
638 2838 895 2902 caudam,
946 2854 1198 2909 magnum
1247 2849 1306 2896 et
1340 2824 1566 2910 parvum
1618 2841 1670 2894 in
1707 2857 1814 2895 una
1860 2844 1982 2905 die,

397 2944 556 2984 senes
582 2939 637 2984 et
667 2945 761 2984 eos
789 2930 880 3001 qui
917 2932 1128 2985 vultum
1171 2932 1534 2999 admirantur,
1581 2933 1684 2986 hoc
1710 2943 1795 2988 est
1842 2935 1988 3001 prin-

395 3021 637 3090 cipium;
673 3031 727 3076 et
782 3023 1104 3092 prophetam
1157 3024 1440 3078 docentem
1495 3024 1708 3094 iniqua,
1768 3024 1859 3080 hic
1902 3037 1982 3080 est

398 3112 592 3168 cauda.
639 3131 658 3165 ι
693 3113 800 3168 Pro
832 3113 960 3179 illo,
1002 3132 1022 3166 ι
1055 3115 1293 3170 Abstulit
1329 3115 1590 3172 Dominus
1625 3117 1694 3171 ab
1725 3114 1920 3183 Israel,
1961 3137 1980 3171 ι

399 3205 616 3276 Aquila,
655 3224 675 3258 ι
719 3205 784 3260 Ει
814 3207 1004 3276 perdet
1041 3207 1338 3274 Dominus;
1376 3226 1395 3259 ι
1434 3207 1796 3278 Symmachus
1828 3224 1979 3268 vero.
2011 3239 2052 3294 ρ

405 3313 426 3348 ε
466 3295 532 3350 Et
565 3295 842 3365 disperdet
883 3295 1180 3362 Dominus;
1229 3315 1247 3348 ι
1286 3296 1624 3364 Theodotio,
1671 3317 1690 3351 ι
1731 3298 1797 3353 Ει
1832 3299 1984 3352 aufe-

403 3398 522 3455 ret,
575 3404 597 3439 ο
659 3387 713 3442 in
759 3385 942 3442 futuro
993 3388 1282 3454 dixerunt;
1339 3390 1496 3460 quasi
1544 3391 1686 3446 Deus
1734 3391 1848 3445 haec
1898 3391 1982 3445 fa-

397 3489 587 3532 cturus
625 3477 728 3530 sit:
778 3492 901 3546 qua:
938 3487 1064 3531 ante
1110 3487 1366 3533 eventum
1413 3479 1701 3548 praedicit,
1740 3490 1798 3533 ut
1832 3481 1986 3534 audi-

405 3579 550 3622 tores
579 3569 646 3622 ad
684 3568 1064 3637 ptrnitentiam
1099 3579 1376 3639 provocet,
1423 3585 1491 3626 ne
1537 3587 1658 3642 quae
1689 3572 1984 3627 commina-

403 3669 490 3716 tur
531 3659 662 3730 ipsis
693 3661 967 3715 eveniant.
996 3662 1117 3717 Una
1165 3678 1327 3732 porro
1358 3663 1445 3719 die
1483 3679 1544 3719 se
1585 3665 1840 3734 prmdicta
1869 3680 1984 3717 OIII-

403 3749 513 3815 nia,
553 3764 674 3819 qua:
703 3751 920 3820 quidem
971 3751 1259 3821 perspicua
1320 3762 1489 3819 sunt,
1539 3753 1813 3809 facturum
1865 3771 1985 3810 esse

401 3837 553 3906 dicit,
601 3839 652 3894 id
707 3849 812 3904 est,
845 3855 952 3895 uno
989 3843 1295 3912 eodemque
1333 3852 1597 3914 tempore.
1640 3843 1776 3899 Cum
1803 3855 1982 3899 autem

400 3930 531 3985 dicit
571 3941 732 4000 caput
779 3943 835 3986 ct
873 3933 1101 3987 caudam
1127 3973 1144 4000 ,
1191 3933 1413 3988 brutum
1445 3935 1653 3989 animal
1685 3936 1982 4006 signiﬁcat;

401 4021 455 4074 id
484 4022 684 4092 quippe
721 4038 828 4078 non
869 4023 1154 4079 hominum
1185 4027 1467 4094 preprium
1515 4036 1621 4094 est,
1670 4029 1813 4097 quod
1856 4045 1985 4083 cau-

403 4114 525 4167 dam
583 4113 842 4179 babcant,
893 4116 988 4170 sed
1040 4115 1326 4171 brutornm
1375 4117 1734 4172 animalium:
1785 4119 1987 4188 quibus

403 4204 657 4274 populum
707 4205 942 4261 similem
995 4222 1118 4263 esse
1163 4209 1336 4261 dicit:
1398 4209 1483 4264 vel
1542 4220 1709 4280 caput
1755 4220 1809 4264 et
1855 4226 1986 4265 cau-

404 4297 554 4360 dam,
592 4297 977 4353 rationabilem
1021 4308 1075 4352 et
1132 4298 1602 4366 lrrationabilem;
1652 4299 1983 4370 principem,

402 4387 677 4443 subditum
724 4397 781 4444 et
816 4389 1064 4444 ultimum
1104 4399 1302 4445 vocat:
1347 4390 1492 4460 quod
1541 4391 1706 4446 etiam
1763 4392 1846 4448 sic
1889 4393 1985 4448 de-

403 4478 638 4532 claravit
676 4479 884 4545 dicens,
928 4498 947 4531 ι
987 4495 1242 4550 magnum
1291 4491 1346 4536 et
1387 4498 1635 4552 parvum.
1673 4501 1694 4534 ι
1731 4482 1837 4538 Pro
1869 4486 1985 4550 illo,

2082 2000 2162 2072 τῷ
2195 1999 2429 2054 ἐνταῦθα
2463 1998 2760 2070 τιμωμένῳ
2786 2036 2800 2061 ,
2827 1997 3204 2051 διασκεδάσειν
3237 1998 3631 2066 ἐπαγγέλλεται
3651 2015 3667 2029 υ

2083 2087 2158 2147 ὧν
2212 2092 2264 2144 oi.
2325 2091 2424 2161 μὲν
2471 2086 2612 2162 ἦσαν
2666 2088 2974 2142 ἀνατολικοί
3003 2107 3168 2154 τινες,
3203 2093 3251 2143 οἱ
3286 2090 3343 2143 δὲ
3395 2090 3486 2158 ἀφ’
3522 2089 3672 2160 ἡλίου

2085 2184 2328 2256 δυσμῶν,
2366 2184 2525 2254 μέσοι
2551 2183 2607 2236 δὲ
2633 2181 2840 2234 τούτων
2879 2183 2930 2235 οἱ
2966 2182 3246 2253 Ἕλληνες.
3314 2183 3521 2246 Πάντες
3562 2182 3688 2251 γὰρ-

2079 2273 2247 2341 οὗτοι,
2264 2276 2356 2329 τὸν
2390 2274 2756 2347 προλεχθέντα
2786 2274 3004 2346 Ἰσραὴλ
3033 2275 3140 2346 ὅλῳ
3184 2273 3262 2345 τῷ
3287 2275 3516 2345 στόματι
3543 2292 3672 2328 κατ-

2085 2370 2361 2433 εσθίοντες
2394 2369 2489 2422 καὶ
2521 2367 2954 2432 καταϐάλλοντες
2981 2369 3073 2421 ἐπὶ
3107 2367 3206 2437 τὴν
3259 2367 3358 2436 τῆς
3387 2367 3672 2422 εἰδωλολα-

2080 2464 2270 2536 τρείας
2298 2462 2508 2517 ἑαυτῶν
2535 2464 2764 2534 πλάνην,
2801 2462 3016 2534 βοηθεῖν
3047 2462 3142 2515 καὶ
3170 2465 3479 2534 συμμαχεῖν
3502 2463 3672 2534 ὲπηγη

2083 2554 2332 2622 γέλλοντο
2415 2556 2528 2616 τοῖς
2604 2553 3060 2622 ὲπανισταμένοις
3125 2553 3269 2607 κατά
3342 2551 3438 2605 τοῦ
3512 2551 3688 2622 ὄρους’

2083 2644 2240 2698 Σιών.

2162 2757 2180 2788 ι
2220 2736 2330 2791 Καὶ
2381 2736 2569 2806 ἀφεῖλε
2603 2733 2807 2806 Κύριος
2849 2733 2957 2787 ἀπὸ
3003 2733 3221 2805 Ἰσραὴλ
3275 2733 3516 2804 κεφαλὴν
3577 2733 3686 2787 καὶ,

2085 2829 2274 2901 οὐρὰν,
2321 2828 2496 2899 μέγαν
2518 2828 2612 2880 καὶ
2649 2826 2843 2898 μικρὸν
2878 2829 2936 2879 ὲν
2964 2829 3063 2896 μιᾷ
3095 2826 3300 2898 ἡμέρᾳ,
3360 2825 3674 2896 πρεσϐύτην

2086 2921 2334 2983 καὶτοὺς
2388 2919 2457 2972 τά
2504 2919 2775 2991 πρόσωπα
2817 2916 3217 2988 θαυμάζοντας,
3265 2916 3402 2989 αὕτη
3440 2919 3672 2989 ήάρχή·

2087 3013 2181 3065 καὶ
2225 3011 2510 3082 προφήτην
2559 3009 2874 3064 διδάσκοντα
2927 3009 3138 3079 ἄνομα,
3175 3001 3330 3072 οὗτος
3376 3011 3410 3080 ἡ
3453 3010 3608 3081 οὐρά.
3647 3029 3683 3061 οι

2100 3104 2246 3156 Ἀντί
2295 3102 2477 3173 μέντοι
2523 3100 2641 3168 τοῦ,
2683 3101 2936 3170 «Ἀφεῖλε
2970 3100 3175 3171 Κύριος
3217 3101 3325 3154 ἀπὸ
3370 3101 3613 3172 Ἰσραὴλ,
3647 3119 3674 3152 ι

2086 3199 2114 3249 6
2143 3196 2242 3267 μὲν
2287 3195 2539 3258 Ἀκύλας,
2577 3215 2593 3245 ι
2615 3195 2711 3247 καὶ
2737 3194 3047 3266 όλοθρεύσει
3073 3193 3276 3263 Κύριος
3295 3211 3308 3224 ·
3337 3213 3355 3246 ι
3389 3197 3417 3248 6
3447 3194 3502 3246 δὲ
3536 3193 3688 3266 Σύμο-

2088 3305 2282 3360 μαχος,
2338 3307 2356 3338 ι
2400 3289 2510 3340 Καὶ
2569 3286 2938 3358 ὲξολοθρεύσει
2990 3285 3226 3357 Κύριος·
3268 3306 3288 3338 ι
3343 3286 3372 3338 6
3402 3284 3676 3338 δὲΘεοδο-

2083 3381 2234 3443 τίων,
2259 3400 2277 3432 ι
2304 3381 2413 3433 Καὶ
2438 3379 2650 3449 ἀφελεῖ,
2679 3399 2698 3431 ›
2737 3378 3072 3450 μελλητικῶς
3091 3380 3373 3449 εἰρήκασιν
3390 3396 3404 3410 ·
3433 3377 3510 3441 ὡς
3547 3377 3678 3449 μέλ-

2083 3471 2269 3535 λοντος
2305 3470 2479 3526 ταῦτα
2529 3473 2777 3543 ποιήσειν
2810 3470 2902 3524 τοῦ
2948 3469 3082 3524 Θεοῦ
3107 3487 3120 3500 ’
3157 3470 3194 3524 ἂ
3244 3472 3373 3543 πρὶν
3419 3470 3672 3538 γενέσθαι

2085 3563 2361 3634 προλέγει,
2390 3564 2739 3632 ἐπιστρέφων
2769 3566 2849 3627 είς
2884 3563 3170 3635 μετάνοιαν
3200 3565 3326 3626 τοὺς
3380 3563 3670 3634 ἀκροωμέ-

2083 3674 2227 3723 νους,
2252 3657 2326 3721 ὡς
2356 3657 2424 3712 ἂν
2469 3657 2544 3729 μὴ
2573 3657 2798 3710 πάθοιεν
2822 3658 2889 3710 τά
2915 3657 3302 3728 άπειλούμενα.
3365 3657 3453 3709 Ἐν
3487 3657 3672 3728 ἡμέρα

2083 3749 2141 3802 δὲ
2174 3751 2272 3820 μιᾷ
2306 3767 2438 3821 φησι
2489 3750 2666 3802 πάντα
2727 3751 2976 3818 ποιήσειν
3017 3749 3086 3802 τὰ
3122 3749 3491 3821 προλεχθέντα
3523 3749 3670 3820 σαφῆ

2082 3839 2419 3908 τυγχάνοντα
2440 3857 2452 3868 ·
2484 3839 2759 3892 τουτέστιν
2787 3839 2874 3908 ὑφ’
2907 3839 3001 3892 ἕνα
3027 3842 3120 3892 καὶ
3149 3841 3239 3893 τὸν
3259 3838 3423 3893 αὑτὸν
3457 3841 3669 3910 καιρόν.

2083 3932 2340 4001 Κεφαλήν
2368 3932 2425 3985 δὲ
2452 3933 2545 3986 καὶ
2587 3933 2752 4004 οὐρὰν
2785 3933 2953 3986 εἰπὼν
2975 3972 2989 3995 ,
3019 3933 3238 4003 ᾐνίξατο
3272 3933 3409 3997 ζῶον
3437 3935 3629 4002 ἄλογον
3653 3948 3667 3963 ·

2083 4025 2145 4076 οὑ
2175 4024 2284 4092 γὰρ
2308 4023 2611 4097 ἀνθρώπων
2645 4025 2793 4088 ἴδιον,
2823 4024 2961 4079 ἀλσλά
2989 4026 3143 4090 ζώων
3171 4026 3379 4095 ἀλόγων
3411 4027 3472 4078 τὸ
3502 4026 3670 4096 οὐρὰν

2083 4115 2225 4185 ἔχειν
2251 4133 2265 4146 ’
2295 4111 2376 4180 οἷς
2424 4117 2514 4169 τὸν
2566 4116 2693 4171 λαὸν
2743 4118 3136 4186 ἀφωμοίωσεν·
3194 4118 3226 4187 ἢ
3283 4117 3526 4189 κεφαλὴν
3575 4117 3671 4170 καὶ

2082 4209 2271 4279 οὐρὰν,
2294 4209 2386 4262 τὸν
2415 4209 2630 4278 λογικὸν
2669 4209 2846 4263 καὶτὸ
2873 4210 3087 4279 ἄλογον,
3117 4210 3150 4280 ἤ
3188 4211 3278 4264 τὸν
3303 4212 3538 4282 ἄρχοντα
3574 4211 3669 4264 καὶ

2082 4301 2174 4353 τὸν
2221 4302 2540 4372 ἀρχόμενον,
2575 4302 2668 4354 καὶ
2703 4301 2962 4370 ἔσχατον·
2989 4301 3017 4354 ὃ
3077 4301 3142 4372 δὴ
3203 4303 3294 4354 καὶ
3345 4302 3666 4374 διεσάφησεν

2083 4391 2273 4456 εἰπὼν,
2315 4412 2332 4443 ι
2374 4393 2546 4463 μέγαν
2596 4393 2690 4446 καὶ
2729 4393 2945 4464 μικρόν.
2979 4412 2998 4444 ι
3053 4393 3195 4446 Ἀντί
3227 4391 3282 4444 δὲ
3311 4393 3428 4456 τοῦ,
3494 4412 3511 4443 ι
3539 4394 3665 4456 τοὺς

2081 4485 2150 4539 τὰ
2170 4484 2436 4558 πρόσωπα
2470 4485 2872 4555 θαυμάζοντας,
2909 4504 2927 4536 ι
2971 4487 2999 4538 6
3032 4484 3348 4555 Σύμμαχος,
3388 4505 3406 4536 σ
3438 4487 3532 4538 καὶ
3577 4487 3664 4538 αἰ-

408 4588 428 4621 ι
472 4571 563 4638 qui
604 4570 787 4625 vultus
842 4572 1210 4639 admirantur,
1251 4592 1269 4624 ι
1308 4574 1689 4646 Symmachus,
1739 4593 1758 4626 ι
1800 4583 1856 4629 et
1892 4591 1980 4631 ve-

2082 4575 2322 4647 δέσιμον,
2351 4596 2368 4628 ι
2399 4577 2730 4647 ἡρμήνευσε.
2759 4577 2868 4629 Καὶ
2896 4571 3047 4640 οὗτος
3074 4573 3166 4630 οὖν
3195 4580 3224 4629 6
3264 4577 3541 4648 αἰδέσιμος
3572 4579 3665 4631 καὶ

409 4661 741 4727 nerabilem,
789 4679 810 4714 ι
851 4662 1246 4733 interpretatus
1283 4676 1387 4720 est.
1443 4665 1542 4720 llic
1582 4681 1711 4736 ergo
1759 4682 1984 4723 venera—

408 4751 532 4806 bilis
563 4762 616 4806 et
644 4767 835 4818 senex,
867 4766 1029 4822 caput
1066 4770 1190 4810 esse
1231 4765 1439 4824 potest;
1474 4757 1645 4810 cauda
1701 4772 1830 4811 vero
1861 4774 1985 4827 pro-

406 4841 564 4911 pheta
603 4843 695 4912 qui
748 4843 935 4914 iniqua
987 4843 1166 4910 docet,
1212 4846 1305 4915 qui
1340 4847 1493 4915 quasi
1552 4847 1694 4902 bruti
1734 4848 1988 4904 animalis

407 4938 653 4992 ultimum
693 4940 996 4994 membrum
1048 4950 1148 4996 est.
1189 4939 1298 4996 llos
1344 4943 1510 5009 igitur
1549 4943 1616 4997 de
1671 4945 1848 5000 medio
1895 4947 1990 4999 tol-

406 5026 624 5091 lendos,
682 5037 848 5096 atque
916 5043 1022 5083 uno
1091 5036 1334 5094 tempore
1378 5032 1826 5087 exterminandos
1867 5047 1988 5088 esse

406 5117 750 5172 interminatu
761 5136 804 5173 r.

478 5207 642 5266 Vens.
671 5211 755 5266 18.
794 5231 812 5262 ι
854 5211 920 5267 Et
948 5217 1308 5272 succendetur
1334 5215 1489 5284 quasi
1512 5216 1652 5284 ignis
1677 5216 1937 5285 iniquitas
1967 5236 1979 5270 :

404 5304 640 5371 ctqnasi
691 5319 914 5374 gramen
963 5305 1170 5362 siccum
1226 5308 1579 5364 devorabitnr
1620 5308 1688 5363 ab
1742 5309 1883 5377 igne.
1919 5308 1985 5362 Et

405 5393 762 5448 succendetur
779 5395 830 5449 in
852 5395 1207 5454 densitatibus
1230 5398 1421 5463 saltus,
1436 5407 1490 5452 et
1505 5397 1785 5453 devorabit
1801 5399 1981 5452 omnia

408 5498 528 5551 qua:
561 5485 767 5539 circum
790 5486 953 5542 colles
979 5499 1127 5544 sunt.
1171 5509 1190 5542 ι
1231 5491 1300 5544 Se
1344 5499 1404 5542 ut
1435 5491 1636 5544 bonum
1671 5490 1978 5544 animarum

409 5575 724 5644 agricolam,
747 5578 864 5634 haec
889 5579 1030 5636 factu
1041 5597 1158 5636 rum
1177 5597 1299 5638 esse
1317 5584 1676 5639 comminatur
1699 5583 1978 5649 Dominus;

412 5683 472 5720 nt
496 5667 754 5733 iniquitas
785 5685 972 5727 eorum
1013 5673 1257 5729 deleatur
1295 5675 1467 5729 instar
1494 5675 1677 5731 herba:
1714 5675 1983 5731 silvestris

408 5759 475 5811 ab
501 5758 624 5826 igne
648 5759 961 5830 absumpta.

488 5849 654 5908 Vens.
696 5851 880 5910 l9-‘2l.
923 5872 940 5905 ι
967 5853 1191 5925 Propter
1215 5856 1450 5914 furorem
1477 5859 1568 5915 ira:
1598 5860 1803 5917 Domini
1837 5875 1984 5915 come

2079 4669 2107 4720 6
2131 4667 2451 4739 πρεσϐύτης
2471 4667 2694 4721 δύναται
2722 4664 2860 4721 εἶναι
2899 4671 2931 4740 ἠ
2977 4669 3219 4738 κεφαλή·
3270 4671 3303 4740 ὴ
3359 4669 3416 4723 δὲ
3454 4670 3589 4740 ούρά
3632 4670 3661 4721 6

2079 4761 2345 4815 διδάσκων
2374 4761 2550 4831 ἄνομα
2583 4761 2887 4832 προφήτης,
2927 4762 3109 4814 οἱονεὶ·
3125 4761 3320 4829 ἀλόγου
3344 4759 3482 4824 ζῴου
3507 4762 3666 4832 ἐσχα-

2082 4867 2173 4903 τον
2205 4850 2363 4920 μέλος
2395 4849 2674 4922 ὑπάρχων.
2710 4851 3194 4923 Ἀφαιρεθήσεσθαι
3215 4854 3394 4906 τοίνυν
3423 4853 3664 4916 τούτους,

2079 4943 2176 4996 καὶ
2210 4941 2755 5014 ὲξολοθρευθήσεσθαι
2783 4946 2873 5015 ὑφ’
2910 4947 3004 4999 ἕνα
3038 4946 3228 5017 καιρὸν
3261 4949 3289 4998 6
3313 4946 3470 5013 λόγος
3504 4946 3665 4998 ἀπει-

2083 5033 2183 5086 λεί.

2166 5237 2182 5268 ι
2228 5218 2336 5270 Καὶ
2357 5217 2692 5288 καυθήσεται
2721 5218 2796 5282 ὼς
2825 5217 2938 5288 πῦρ
2962 5220 2994 5287 ή
3018 5217 3241 5287 ἀνομία,
3271 5218 3364 5270 καὶ
3387 5217 3462 5280 ὡς
3491 5218 3669 5289 ἄγρω-

2090 5326 2207 5372 στις
2245 5309 2383 5381 ξηρά
2425 5309 2763 5381 βρωθήσεται
2803 5310 2910 5362 ὑπὸ
2947 5310 3140 5380 πυρός.
3177 5311 3286 5363 Kal.
3328 5311 3662 5380 καυθήσεται

2087 5405 2146 5455 ὲν
2177 5407 2288 5468 τοῖς
2317 5403 2502 5457 δάσεσι
2529 5403 2624 5456 τοῦ
2655 5403 2884 5475 δρυμοῦ,
2923 5404 3018 5456 καὶ
3065 5402 3548 5472 συγκαταφάγεται
3595 5405 3665 5457 τὰ
3696 5393 3745 5473 "‘z,

2088 5495 2271 5565 κύκλῳ
2300 5495 2406 5549 τῶν
2446 5495 2648 5564 βουνῶν
2678 5496 2876 5549 πάντα.
2916 5514 2935 5546 ι
2969 5496 3223 5566 Ποιήσειν
3253 5495 3311 5549 δὲ
3359 5496 3552 5559 ταῦτα,
3587 5496 3664 5558 ὡς

2085 5588 2289 5656 ἀγαθὸς
2315 5586 2502 5658 ψυχῶν
2539 5588 2804 5657 γεωργὸς,
2839 5588 2867 5639 ό
2900 5587 3103 5659 Κύριος
3135 5587 3377 5641 ἀπειλεῖ·
3420 5589 3506 5640 ἵνα
3535 5590 3568 5658 ὴ
3606 5589 3662 5639 ὲν

2086 5683 2278 5744 αὐτοῖς.
2318 5680 2516 5750 ἀνομία
2559 5680 2833 5752 ἀφανισθῇ
2881 5679 3034 5753 δίκην
3083 5680 3383 5753 ὑλομανοῦς
3435 5680 3664 5750 βοτάνης

2089 5770 2192 5824 ὑπὸ
2227 5769 2396 5839 πυρὸς
2430 5768 2883 5839 ἁναλισκομένης.

2166 5876 2184 5910 ι
2227 5857 2324 5910 Διά
2354 5857 2522 5927 θυμὸν
2552 5857 2719 5927 ὀργῆς
2748 5858 2950 5931 Κυρίου
2982 5859 3350 5929 συγκέκαυται
3372 5860 3406 5927 ἡ
3441 5857 3513 5926 γῆ
3543 5855 3664 5923 ὅλη,
