4138 6404
368 431 467 484 157

1329 414 1835 479 COMMENTARIA
1873 415 1941 472 IN
1980 398 2237 470 ISAIAM.
2279 440 2347 452 --
2384 403 2537 462 CAP.
2576 401 2645 455 Χ.

3508 390 3535 443 1
3545 388 3610 442 58

360 549 454 600 καὶ
505 544 655 598 ἔσται
699 545 726 596 ὁ
774 544 900 604 λαὸς
941 542 1016 604 ὡς
1064 541 1546 609 κατακεκαυμένος
1595 539 1699 592 ὑπὸ
1743 536 1933 609 πυρός.

2054 539 2196 584 msta
2232 537 2317 582 est
2345 523 2599 577 universa
2636 520 2874 577 terra,ct
2901 509 3009 563 erit
3048 503 3275 575 populus
3304 501 3456 572 quasi
3491 514 3614 553 suc-

364 638 680 711 Ἀνθρωπος
714 636 804 689 τὸν
834 634 1059 703 ἀδελφὸν
1094 632 1257 686 αὑτοῦ
1291 634 1390 686 οὐκ
1417 633 1645 702 ἐλεήσειο
1680 630 1815 684 ἀλλά
1842 631 1934 681 ἐκ-

364 731 533 783 κλινεί
561 728 737 795 εἰς,τά
766 726 934 790 δεξιά,
963 726 1045 779 ὅτι
1079 725 1325 778 πεινάσει
1349 726 1443 777 καὶ
1473 723 1704 791 φάγεται
1737 724 1801 774 ἐκ
1828 721 1937 774 τῶν

364 820 685 893 ἀριστερῶν,
738 821 832 873 καὶ
882 820 943 871 ού
993 818 1067 889 μὴ
1113 816 1399 887 ἐμπλησθῇ
1435 815 1721 885 ἄνθρωπος
1767 813 1937 866 ἔσθων

363 913 459 974 τὰς
489 912 697 983 σάρκας
728 910 821 963 τοῦ
868 910 1149 981 βραχίονος
1183 908 1368 961 αὑτοῦ.
1405 909 1643 975 Φάγεται
1674 906 1783 978 γάρ
1816 907 1938 960 Μα-

362 998 566 1068 νασσῆς
596 998 690 1051 τοῦ
737 997 996 1069 Ἐφραῖμ,
1025 998 1120 1049 καὶ
1154 996 1391 1068 Ἐφραῒμ
1418 997 1510 1050 τοῦ
1539 997 1827 1067 Μανασσῆ,
1858 999 1939 1050 ὅτι

364 1088 480 1159 ἅμα
508 1089 928 1159 πολιορκήσουσι
957 1088 1047 1141 τὸν
1082 1087 1304 1141 Ἰούδαν.
1355 1090 1476 1141 Ἐπὶ
1515 1087 1726 1151 τούτοις
1776 1090 1941 1142 πᾶσιν

363 1182 463 1234 ούκ
495 1183 819 1252 ἀπεστράφη
864 1184 892 1234 ὁ
937 1180 1127 1251 θυμὸς,
1163 1180 1274 1233 ἀλλ’
1312 1180 1391 1234 ἔτι
1440 1184 1472 1250 ὴ
1514 1182 1632 1252 χεὶρ
1672 1180 1871 1251 ὑψηλή.
1919 1199 1937 1231 ›

374 1275 465 1336 Ὠς
496 1273 866 1343 ἐπαναστῆναι
904 1271 1131 1340 ἀδελφὺν
1177 1270 1419 1341 ἀδελφῷ,
1455 1272 1549 1323 καὶ
1595 1269 1800 1339 μηδένα
1847 1270 1942 1323 τοῦ

366 1366 535 1427 πέλας
568 1364 859 1433 φείσασθαι
886 1380 899 1393 ο
934 1365 1142 1426 πάντας
1173 1362 1228 1415 δὲ
1259 1362 1506 1434 ἀλλήλοις
1540 1362 1847 1433 χρήσασθαι
1870 1362 1944 1426 ὡς

367 1458 681 1528 πολεμίοις·
726 1457 802 1519 ὡς
834 1457 913 1519 εἰς
952 1454 1204 1508 τοσοῦτον
1250 1455 1464 1508 ἐλάσειν
1502 1454 1946 1526 ἀναφλεγομένην

368 1552 551 1612 αὐτοῖς
594 1549 691 1620 τὴν
731 1548 866 1618 πρὸς
898 1548 1150 1617 ἀλλήλοις
1184 1548 1391 1611 στάσιν,
1425 1549 1519 1602 καὶ
1550 1548 1643 1601 τὸν
1680 1547 1946 1619 ἐμφύλιον

366 1642 622 1711 πόλεμον,
650 1641 725 1703 ὼς
753 1641 845 1693 καὶ
877 1640 973 1701 τὰς
996 1639 1088 1691 δύο
1115 1639 1307 1707 φυλὰς,
1330 1640 1428 1711 τὴν
1453 1639 1549 1693 τοῦ
1585 1640 1823 1711 Ἐφραῒμ
1853 1640 1948 1693 καὶ

364 1731 464 1801 τὴν
484 1729 576 1783 τοῦ
600 1729 890 1801 Μανασσῆ,
918 1728 976 1794 ἐξ
1010 1730 1126 1793 ἐνὸς
1158 1730 1362 1801 πατρὸς
1386 1731 1680 1802 γενομένας
1704 1732 1798 1785 τοῦ
1838 1734 1950 1786 Ἰω-

368 1825 497 1893 σὴφ,
541 1823 646 1876 ὑπὸ
679 1821 776 1890 τὴν
819 1822 989 1892 αὐτὴν
1037 1823 1195 1887 ὄντας
1233 1822 1530 1893 βασιλείαν,
1581 1825 1709 1894 μίαν
1747 1826 1804 1879 δέ
1855 1826 1949 1879 καὶ

364 1917 465 1984 τὴν
492 1915 660 1985 αὐτὴν
707 1914 862 1967 πόλιν
899 1915 1179 1978 οἰκοῦντας
1203 1916 1536 1989 Σαμάρειαν,
1564 1916 1820 1987 ἀλλήλαις
1855 1918 1951 1969 ἐπ-

366 2005 686 2077 αναστῆναι,
714 2008 807 2059 καὶ
834 2007 959 2069 τοὺς
993 2006 1233 2074 ἀλλήλων
1262 2007 1551 2077 βραχίονας
1581 2010 1915 2076 καταφαγεῖν
1933 2024 1945 2036 ·

372 2099 569 2171 μηκέτι
619 2100 716 2170 μὲν
770 2098 1125 2168 σχολάζοντας
1165 2098 1243 2168 τῷ
1288 2100 1425 2152 κατὰ
1494 2099 1655 2153 Ἰούδα
1709 2101 1947 2170 πολέμῳ,

375 2191 507 2261 μηδὲ
538 2193 605 2261 τῇ
636 2190 921 2261 πολιορκίᾳ
952 2190 1051 2260 τῆς
1090 2190 1465 2269 Ἰερουσαλὴμ,
1502 2190 1622 2243 καθ’
1659 2190 1863 2243 ἑαυτῶν
1894 2190 1951 2242 δὲ

371 2284 741 2353 άκονήσαντας
760 2282 827 2334 τά
852 2281 1056 2335 ἑαυτῶν
1073 2282 1223 2351 ξίφη,
1248 2284 1472 2345 ἑαυτοὺς
1492 2281 1950 2354 διαχειρίσασθαι,

375 2374 468 2427 καὶ
497 2374 557 2438 ἐξ
586 2374 886 2445 ἀνθρώπων
912 2374 1190 2441 ἀφανίσαι.

917 2468 1313 2520 ΚΕΦΑΛΑΙΟΝ
1352 2469 1408 2522 I'.

449 2580 467 2609 ι
509 2559 646 2612 Οὐαὶ
684 2562 798 2621 τοῖς
851 2558 1121 2629 γράφουσι
1164 2559 1446 2629 πονηρίαν’
1495 2558 1799 2629 γράφοντες
1846 2558 1954 2631 γάρ

374 2651 640 2721 πονηρίαν
701 2649 1024 2720 γράφουσιν·
1075 2650 1414 2713 ἐκκλίνοντες
1462 2651 1641 2721 κρίσιν
1700 2651 1950 2721 πτωχῶν,

376 2739 713 2812 ἁρπάζοντες
744 2740 919 2809 κρῖμα
943 2740 1190 2810 πενήτων
1211 2738 1305 2791 τοῦ
1335 2738 1466 2793 λαοῦ
1499 2757 1621 2811 μουο
1648 2739 1788 2794 ὥστε
1814 2737 1954 2796 εἶναι

374 2831 561 2893 αὐτοῖς
594 2831 767 2901 χήραν
794 2829 874 2892 είς
903 2828 1232 2901 διαρπαγὴν,
1267 2831 1362 2884 καὶ
1388 2830 1623 2903 ὀρφανὸν
1654 2834 1735 2896 είς
1762 2850 1955 2904 προνο-

376 2924 505 2995 μήν.
550 2941 570 2973 ›
617 2920 723 2973 Τοῦ
772 2921 1103 2991 καλουμένου
1135 2918 1229 2975 οὖν
1284 2924 1518 2996 Ἰσραὴλ,
1553 2925 1697 2994 λέγω
1742 2927 1808 2998 δὴ
1860 2928 1954 2981 τοῦ

379 3014 508 3069 λαοῦ
530 3014 641 3067 τῶν
685 3013 950 3066 Ἰουδαίων
983 3015 1041 3066 ἐν
1078 3014 1361 3086 Σαμαρείᾳ
1389 3014 1827 3087 βασιλευομένου,
1862 3022 1957 3073 καὶ

373 3106 547 3159 ταῦτα
572 3104 707 3177 πρὸς
732 3108 845 3167 τοῖς
869 3104 1157 3176 προτέροις
1186 3108 1214 3157 ὁ
1235 3106 1426 3178 παρὼν
1448 3107 1603 3177 λόγος
1637 3113 1953 3182 κατηγορεῖ,

376 3199 601 3258 φάσκων
639 3196 834 3259 αὐτοὺς
866 3194 1004 3266 πρὸς
1037 3194 1153 3266 ἔριν
1184 3198 1277 3249 καὶ
1325 3197 1658 3265 φιλονεικίαν
1698 3198 1807 3251 τῶν
1856 3199 1955 3263 τὰς

377 3289 597 3360 ἀληθεῖς
638 3288 732 3341 τοῦ
777 3288 913 3341 Θεοῦ
960 3286 1297 3358 προφητείας
1344 3289 1812 3359 παραγραφόντων
1859 3290 1957 3352 τὰς

379 3378 880 3450 ψευδοπροφητείας
902 3376 1233 3431 συντάττειν.
1259 3373 1439 3432 Ἦσαν
1466 3379 1618 3448 γοῦν,
1650 3375 1791 3451 ἦσαν
1824 3380 1958 3450 ψευ-

380 3472 715 3543 δοπροφῆται
761 3471 1022 3538 πλεῖστοι,
1070 3472 1183 3525 ὅσοι
1232 3471 1289 3524 ἐν
1342 3471 1419 3543 τῷ
1482 3473 1699 3545 Ἰσραὴλ
1742 3475 1959 3529 ἐναντία

381 3564 761 3635 φθεγγόμενοι,
794 3565 885 3617 καὶ
911 3564 1129 3618 ἐναντία
1158 3564 1460 3636 γράφοντες
1487 3568 1597 3627 τοῖς
1622 3567 1845 3638 ἀληθέσι
1863 3566 1959 3622 τοῦ

379 3655 514 3708 Θεοῦ
536 3656 863 3728 προφήταις.
894 3657 957 3708 Οἱ
977 3656 1033 3709 δὲ
1050 3655 1203 3709 αὐτοὶ
1223 3657 1316 3709 καὶ
1338 3656 1659 3728 συγγραφάς
1683 3658 1964 3712 ἐποιοῦντο

382 3749 747 3820 παρανόμους,
789 3750 885 3802 καὶ
927 3749 1109 3819 πάσης
1154 3750 1419 3820 πονηρίας
1456 3752 1686 3820 μεστάς·
1726 3750 1963 3823 πένητας

379 3841 628 3911 οἰκτροὺς
654 3840 1133 3904 κατεδυνάστευον,
1160 3840 1463 3910 βιαζόμενοί
1492 3858 1549 3893 τε
1580 3842 1962 3895 ἐπλεονέκτουν

381 3931 779 4000 ἀπεριστάτους
821 3932 1090 4001 ὀρφανοὺς
1119 3932 1214 3983 καὶ
1258 3932 1453 4000 χήρας.
1499 3931 1785 3995 Τοιούτους
1823 3931 1866 3985 δ’
1897 3931 1961 3985 ἂν

382 4020 556 4084 εἴποις
582 4021 677 4074 καὶ
708 4022 835 4082 τοὺς
862 4020 949 4072 διὰ
992 4020 1282 4090 μοχθηρῶν
1316 4020 1766 4091 συγγραμμάτων
1796 4008 1963 4076 είᾶέτι

385 4113 477 4166 καὶ
502 4112 598 4166 νῦν
622 4109 1045 4182 διαστρέφοντας
1073 4111 1181 4163 τῶν
1209 4112 1610 4184 ἀκεραιοτέρων
1632 4112 1730 4177 τὰς
1762 4113 1960 4184 ψυχάς.

461 4223 479 4256 ι
524 4204 634 4257 Καὶ
660 4204 711 4255 τί
742 4204 1059 4273 ποιήσουσιν
1085 4205 1142 4257 ὲν
1182 4206 1247 4273 τῇ
1282 4204 1466 4276 ἡμέρᾳ
1493 4205 1591 4275 τῆς
1623 4206 1960 4278 ἐπισκοπῆς;

384 4300 420 4367 ἡ
448 4297 555 4369 γάρ
588 4296 765 4367 θλίψις
794 4297 923 4367 ὑμῖν
953 4296 1233 4367 πόρρωθεν
1258 4297 1397 4366 ἥξει.
1431 4298 1540 4350 Καὶ
1565 4300 1701 4369 πρὸς
1722 4300 1839 4353 τίνα
1874 4315 1966 4353 κα-

381 4388 717 4457 ταφεύξεσθε
734 4388 828 4442 τοῦ
855 4387 1218 4459 βοηθηθῆναι;
1250 4391 1345 4441 καὶ
1368 4388 1470 4442 ποῦ
1494 4390 1846 4459 καταλείψετε
1867 4390 1964 4462 τὴν

382 4480 539 4546 δόξαν
558 4482 587 4533 ὑ
596 4481 731 4552 μῶν,
754 4480 848 4534 τοῦ
873 4482 946 4552 μὴ
963 4482 1225 4552 ἐμπεσεῖν
1252 4484 1331 4545 εἰς
1356 4483 1691 4555 άπαγωγήν;
1725 4502 1743 4534 ι
1786 4485 1965 4538 Ἀπει-

2040 635 2233 675 census
2255 620 2321 670 ab
2351 617 2491 685 igne.
2530 610 2699 664 llomo
2724 604 2909 659 fratris
2935 601 3017 655 sui
3061 613 3167 651 non
3221 592 3566 648 miserebitur
3598 609 3613 645 ε

2039 713 2134 768 sed
2169 706 2463 764 declinabit
2491 704 2557 756 ad
2588 702 2891 759 dexteram,
2927 692 3052 763 quia
3085 691 3307 751 esuriet,
3343 697 3397 740 et
3428 699 3611 739 conte-

2040 804 2180 856 deta
2220 795 2477 858 sinistris,
2512 792 2695 845 etnon
2734 784 3070 840 saturabitur
3115 780 3276 833 homo
3321 774 3612 831 comedens

2040 905 2234 950 carnes
2308 882 2514 942 brachii
2592 879 2694 933 sui.
2768 872 3062 929 Devorabit
3117 872 3263 923 enim
3335 866 3614 920 Manasses

2043 980 2319 1054 Ephraim,
2355 988 2412 1031 et
2438 972 2697 1045 Ephraim
2748 968 3057 1029 Manassen,
3096 961 3224 1031 quia
3258 956 3418 1013 simul
3470 954 3615 1009 obsi-

2042 1049 2243 1130 debunt
2266 1070 2484 1125 Judam.
2526 1067 2584 1118 In
2617 1063 2701 1116 his
2730 1058 2981 1115 omnibus
3013 1071 3119 1107 non
3154 1066 3347 1107 aversa
3384 1058 3468 1104 est
3494 1049 3573 1101 ira
3596 1085 3613 1110 ,

2044 1169 2136 1222 sed
2169 1164 2344 1219 adhuc
2382 1173 2573 1213 manus
2604 1154 2842 1209 excelsa.
2889 1168 2907 1201 ι
2944 1150 3020 1203 Ita
3061 1156 3120 1201 ut
3150 1146 3395 1213 insurgat
3447 1140 3616 1194 frater

1999 1262 2005 1267 ’
2046 1260 2098 1313 in
2124 1259 2366 1317 fratrem,
2403 1267 2469 1304 ac
2505 1261 2664 1302 nemo
2697 1244 2943 1313 proximo
2975 1255 3074 1295 suo
3121 1246 3310 1305 parcat
3343 1252 3357 1287 :
3393 1245 3615 1286 omnes-

2044 1364 2153 1420 que
2181 1356 2364 1401 mutuo
2396 1350 2563 1411 agant
2584 1348 2642 1392 ut
2678 1336 2913 1399 inimici,
2941 1334 3013 1386 ita
3042 1340 3099 1383 ut
3126 1338 3312 1383 coorta
3341 1336 3395 1381 et
3423 1318 3619 1378 ardens

2050 1419 2192 1495 inter
2243 1444 2502 1503 utrosque
2559 1429 2779 1491 seditio,
2820 1436 2874 1479 et
2907 1422 3068 1478 civile
3128 1419 3327 1475 bellum
3355 1431 3420 1470 eo
3450 1428 3618 1483 usque

2045 1531 2245 1595 veniat,
2273 1536 2332 1582 ul.
2352 1526 2471 1580 duae
2499 1523 2600 1577 illa:
2641 1519 2812 1573 tribus
2836 1514 3090 1584 Epltraim
3121 1521 3176 1564 et
3208 1507 3510 1570 Manasses,
3551 1516 3619 1556 ex

2049 1637 2157 1678 uno
2182 1632 2335 1690 patre
2355 1616 2557 1685 Joseph
2577 1623 2737 1675 ortae,
2768 1624 2833 1664 ac
2881 1606 2981 1662 sub
3006 1604 3195 1659 eodem
3224 1612 3389 1667 regno
3418 1597 3619 1690 degen-

2052 1726 2152 1776 tes,
2181 1685 2344 1781 atque
2373 1724 2537 1764 unam
2564 1704 2925 1770 eamdemque
2954 1697 3143 1751 urbem
3201 1689 3499 1745 incolentes
3522 1685 3623 1739 Sa-

2053 1778 2305 1865 mariam,
2329 1809 2517 1855 contra
2554 1811 2613 1851 se
2648 1804 2834 1849 mutuo
2872 1792 3177 1858 insurgant,
3205 1798 3269 1837 ac
3299 1780 3520 1836 brachia
3542 1778 3624 1831 in-

1985 1886 2022 1940 Β
2052 1899 2222 1951 vicem
2251 1894 2531 1955 devorent,
2567 1888 2706 1943 bello
2731 1894 2919 1941 contra
2950 1880 3144 1935 ludam
3202 1874 3503 1937 inferendo,
3560 1884 3626 1923 ac

2050 1987 2316 2043 obsidioni
2344 1980 2751 2050 Hierosolyma),
2771 1992 2874 2030 non
2902 1975 3040 2028 ultra
3059 1979 3338 2031 vacantes,
3368 1965 3463 2020 sed
3488 1976 3627 2017 con-

2053 2092 2136 2136 tra
2167 2095 2226 2135 se
2256 2090 2444 2133 mutuo
2464 2076 2671 2146 gladios
2697 2081 2977 2134 acuentes,
3002 2077 3061 2122 ut
3080 2082 3140 2122 se
3163 2063 3472 2120 vulneribus
3496 2074 3628 2114 con-

2053 2174 2237 2227 ilciant
2258 2186 2322 2224 ac
2338 2168 2572 2224 deleant.

2054 2664 2377 2726 scribentes,
2411 2656 2672 2713 malitiam
2694 2653 2940 2709 scribunt
2965 2668 2980 2703 :
3010 2648 3343 2704 declinantes
3368 2645 3628 2715 judicium

2058 2768 2376 2824 pauperum,
2414 2750 2687 2819 rapientes
2714 2744 2976 2813 judicium
3015 2741 3234 2809 inopum
3269 2736 3451 2807 populi
3477 2734 3629 2799 mei;

2056 2847 2129 2898 ita
2163 2854 2222 2898 ut
2249 2844 2319 2898 sit
2355 2842 2461 2897 illis
2500 2840 2663 2894 vidua
2690 2839 2744 2892 in
2787 2837 3052 2906 rapinam,
3077 2840 3132 2886 et
3152 2830 3431 2898 orpbanus
3462 2828 3514 2882 in
3545 2827 3630 2881 di-

2059 2936 2381 3004 reptiouem.
2418 2952 2437 2985 ι
2474 2932 2628 2987 ΙΙΙιιηι
2662 2931 2917 2985 Israelem
2951 2926 3183 2988 dictum,
3228 2919 3482 2974 videlicet
3534 2914 3633 2973 Ju-

2059 3029 2271 3083 daicum
2299 3024 2553 3096 populum
2602 3036 2767 3092 regno
2810 3015 3079 3075 Samaria:
3116 3014 3411 3076 subditum,
3444 3013 3509 3067 de
3549 3011 3635 3065 bis

2060 3121 2209 3183 item,
2249 3128 2445 3189 praeter
2473 3131 2537 3169 ea
2565 3129 2684 3184 qum
2712 3109 2960 3182 superius
3013 3116 3310 3164 memorata
3335 3113 3482 3167 sunt,
3536 3117 3632 3157 ac-

2059 3218 2212 3266 cusat
2243 3208 2549 3278 Scriptura,
2581 3204 2789 3268 dicens,
2816 3218 2910 3256 eos
2932 3202 3001 3256 ob
3018 3198 3414 3255 contentionem
3432 3204 3488 3249 et
3515 3194 3634 3249 dis-

2059 3302 2420 3372 ceptationem
2469 3311 2681 3361 eorum,
2709 3294 2801 3364 qui
2832 3306 2989 3348 veras
3019 3290 3111 3346 Dei
3138 3288 3448 3360 prophetias
3482 3284 3635 3339 adul-

2064 3392 2333 3456 terabant,
2371 3387 2507 3443 falsa
2542 3384 2800 3440 vaticinia
2831 3380 3194 3439 comminisci.
3234 3379 3400 3432 Erant
3426 3379 3630 3445 itaque,

2061 3492 2219 3540 erant
2263 3480 2755 3553 pseudopmphette
2801 3476 2975 3540 multi,
3027 3475 3079 3527 in
3113 3469 3311 3528 lsraele
3360 3469 3632 3525 contraria

2061 3575 2343 3646 loquentes
2374 3582 2427 3628 et
2450 3571 2723 3626 contraria
2777 3568 3079 3623 scribentes
3129 3566 3217 3628 iis,
3252 3579 3369 3632 quae
3397 3560 3507 3614 veri
3540 3558 3631 3613 Dei

2063 3666 2337 3736 propheta:
2375 3662 2678 3716 tradebant.
2708 3659 2872 3711 Iidem
2906 3670 3036 3709 vero
3068 3655 3167 3722 ipsi
3194 3654 3393 3721 scripta
3426 3647 3634 3703 nefaria

2062 3757 2315 3819 edebant,
2345 3762 2398 3808 et
2422 3751 2572 3806 omni
2617 3748 2970 3818 improbitate
3011 3745 3213 3800 referta
3252 3760 3266 3796 :
3302 3743 3353 3795 iu
3404 3741 3639 3794 miseros

2063 3860 2328 3917 pauperes
2363 3842 2696 3897 dominatum
2732 3839 3084 3902 exercebant,
3136 3851 3200 3891 ac
3248 3834 3515 3890 violenter
3539 3847 3635 3886 su-

2065 3936 2338 4004 perbeque
2369 3933 2601 4002 agebant
2629 3931 2680 3984 in
2709 3932 2983 3999 orphanos
3012 3936 3066 3981 et
3096 3926 3288 3980 viduas
3337 3922 3637 3994 patrocinio

2064 4036 2334 4085 carentes.
2373 4025 2530 4080 Tales
2553 4026 2679 4080 item
2711 4026 2919 4080 dixeris
2942 4040 3055 4088 eos,
3097 4022 3188 4091 qui
3222 4021 3383 4076 hodie
3419 4034 3640 4091 perver-

2065 4122 2139 4177 sis
2167 4118 2386 4189 scriptis
2418 4116 2806 4186 simpliciorum
2839 4115 3049 4172 animas
3081 4125 3350 4169 evertunt.

2136 4210 2298 4263 Vens.
2333 4208 2452 4262 5-4.
2492 4224 2514 4258 ς
2552 4206 2616 4261 Et
2636 4207 2762 4276 quid
2789 4206 2991 4259 facient
3024 4206 3076 4258 in
3130 4206 3217 4259 die
3259 4200 3659 4256 visitationis?’

2065 4318 2188 4358 nam
2215 4302 2485 4356 tribulatio
2525 4300 2676 4354 vobis
2707 4315 2736 4352 e
2761 4299 3051 4367 longinquo
3081 4298 3278 4351 veniet.
3307 4296 3369 4349 Et
3392 4294 3457 4348 ad
3484 4293 3635 4364 cujus

2064 4394 2321 4447 auxilium
2374 4391 2735 4460 confugietis?
2767 4389 2826 4443 Et
2886 4389 2975 4442 ubi
3037 4387 3355 4456 relinquetis
3404 4383 3631 4455 gloriam

2065 4498 2319 4551 vestram,
2356 4500 2422 4539 ne
2443 4486 2650 4539 cadatis
2680 4484 2731 4537 in
2757 4480 3172 4537 abductionem?
3203 4499 3220 4531 ι
3258 4464 3636 4532 Cumminatnr

386 4572 470 4625 λεῖ
490 4573 665 4626 τοίνυν
693 4572 922 4636 ἐκείνοις
946 4574 971 4624 ὁ
994 4574 1332 4644 προφητικὸς
1355 4573 1510 4643 λόγος
1536 4575 1777 4644 φάσκων·
1807 4595 1826 4627 ι
1851 4578 1954 4630 Καὶ

2066 4594 2194 4650 ergo
2231 4580 2299 4632 iis
2325 4577 2671 4647 propheticus
2718 4589 2896 4628 sermo
2945 4574 3175 4625 dicens:
3216 4589 3233 4621 ι
3275 4569 3339 4622 Et
3367 4568 3496 4637 quid
3550 4567 3634 4621 fa-

383 4664 437 4717 τί
469 4665 780 4735 ποιήσουσιν
812 4665 869 4717 ἐν
897 4666 964 4735 τῇ
996 4664 1179 4736 ἡμέρᾳ
1193 4666 1292 4735 τῆς
1310 4666 1668 4736 ἐπισκοπῆς,ι
1690 4667 1811 4720 καθ’
1839 4669 1904 4738 ἢν
1933 4670 1966 4740 ἡ

389 4755 566 4827 θλίψις
579 4757 688 4809 ’καὶ
717 4757 750 4825 ἡ
783 4756 924 4809 κατά
950 4756 1156 4809 τούτων
1185 4758 1322 4829 ὀργὴ
1350 4758 1631 4831 πόρρωθεν
1657 4760 1810 4830 ἥξεις
1845 4763 1967 4816 Μα-

391 4848 530 4919 κρὰν
558 4848 667 4920 γὰρ
700 4844 865 4901 οὖσαν
902 4848 1070 4918 αὐτὴν
1092 4865 1245 4918 φησι,
1274 4848 1363 4903 διὰ
1395 4850 1455 4901 τὸ
1485 4851 1881 4905 ἀπελαύνεσθαι
1909 4853 1968 4920 ἐξ

389 4939 522 5011 ἐμοῦ
541 4940 633 4993 τοῦ
652 4940 806 4994 Θεοῦ·
823 4941 997 5011 ὑμεῖς,
1014 4934 1060 4993 ὧ
1090 4935 1255 5002 οὗτοι,
1273 4942 1405 5012 πρὸς
1423 4941 1517 5004 οὓς
1532 4944 1702 4996 ταῦτα
1734 4944 1966 5013 λέγεται,

391 5031 577 5103 ὥσπερ
613 5032 919 5103 βιαζόμενοι
961 5032 1082 5085 καθ’
1116 5033 1325 5086 ἑαυτῶν
1355 5035 1525 5105 αὐτὴν
1558 5036 1960 5089 ὲπεσπάσασθεο

391 5118 460 5192 ἦς
489 5123 836 5196 ἐπελθούσης,
866 5124 958 5177 ἐπὶ
986 5125 1107 5178 τίνα
1138 5125 1543 5194 καταφεύξεσθε
1562 5127 1658 5180 τοῦ
1692 5126 1962 5199 βοηθηθῆ-

393 5231 511 5278 ναι;
565 5232 586 5264 ι
627 5217 749 5269 Ἐπὶ
778 5218 912 5270 πᾶσι
955 5216 1169 5281 τούτοις
1207 5219 1305 5271 οὐκ
1354 5219 1679 5288 ἀπεστράφη
1714 5221 1747 5290 ὴ
1792 5221 1958 5291 ὀργή·

393 5306 507 5359 ἀλλ’
537 5305 617 5357 ἔτι
648 5309 680 5375 ὴ
706 5308 826 5379 χεὶρ
859 5309 1058 5380 ὑψηλή.
1094 5330 1113 5361 ι
1158 5311 1554 5380 Ἐπιμενόντων
1579 5312 1688 5383 γὰρ
1719 5315 1829 5376 τοῖς
1863 5314 1962 5365 αύ-

394 5399 506 5460 τοῖς
542 5397 715 5467 ἁτοπή
726 5415 854 5466 μασι
880 5400 988 5452 τῶν
1020 5401 1108 5454 διὰ
1138 5402 1231 5455 τοῦ
1263 5402 1421 5470 λόγου
1451 5404 1961 5473 κατηγορουμένων,

395 5484 686 5541 ἀκόλουθον
711 5481 779 5557 ἦν
808 5488 901 5541 καὶ
918 5490 1017 5560 τὴν
1039 5493 1156 5544 κατ’
1182 5492 1363 5547 αὐτῶν
1389 5493 1703 5565 παράμονον
1720 5494 1965 5561 γίνεσθαι

395 5582 587 5655 ὀργήν-

474 5697 492 5728 (
527 5678 661 5731 Οὐαὶ
701 5678 1023 5751 Ἀσσυρίοις,
1057 5682 1090 5750 ἡ
1128 5680 1322 5751 ῥάϐδος
1361 5679 1455 5734 τοῦ
1505 5680 1677 5751 θυμοῦ
1711 5696 1831 5751 μου⁵
1867 5681 1961 5734 καὶ

400 5772 536 5843 ὀργή
571 5774 717 5826 ἐστιν
742 5774 800 5827 ἐν
825 5775 942 5836 ταῖς
971 5774 1156 5844 χερσὶν
1181 5772 1381 5828 αὐτῶν.
1412 5775 1523 5846 Τὴν
1552 5776 1722 5845 ὀργήν
1750 5791 1849 5844 μου
1883 5776 1964 5837 εἰς

400 5861 548 5927 ἔθνος
594 5864 792 5934 ἄνομον
837 5862 1137 5938 ἀποστελῶ,
1179 5866 1273 5918 καὶ
1312 5864 1389 5935 τῷ
1432 5864 1546 5935 λαῷ
1578 5864 1694 5935 ἐμῷ
1725 5862 1966 5929 συντάξω

2065 4674 2208 4728 cient
2246 4672 2298 4723 in
2332 4671 2419 4724 die
2444 4668 2793 4733 visitationis,
2830 4687 2847 4719 ι
2877 4682 2983 4735 qua
3016 4664 3291 4718 tribulatio
3322 4673 3374 4717 et
3410 4664 3489 4716 ira
3519 4676 3638 4731 pro-

2066 4763 2150 4817 cul
2184 4763 2314 4832 ipsis
2335 4761 2551 4814 veniet?
2580 4759 2713 4814 Nam
2739 4775 2861 4812 cum
2892 4773 2954 4812 ea
2998 4756 3187 4826 procul
3218 4755 3466 4819 exsistat,
3510 4754 3636 4822 quia
3724 4760 3727 4763 ‘

2067 4858 2181 4922 ipsa
2216 4869 2246 4907 a
2276 4869 2361 4907 me
2389 4853 2499 4907 Deo
2527 4852 2802 4905 eliminata
2836 4858 2957 4916 est;
2984 4865 3080 4904 vos
3113 4863 3264 4915 sane,
3298 4847 3497 4918 quibus
3520 4846 3639 4900 haec

2067 4949 2341 5012 dicuntur,
2371 4946 2523 5015 quasi
2560 4946 2609 4997 vi
2651 4953 2869 4997 utentes
2910 4951 3103 4996 contra
3135 4955 3229 4995 vos
3288 4942 3454 5008 ipsos,
3512 4952 3633 4988 eam

2069 5039 2405 5093 attraxistis:
2444 5052 2549 5106 qua
2583 5034 3022 5106 superveniente,
3067 5033 3136 5087 ad
3182 5032 3338 5102 cujus
3374 5028 3634 5084 auxilium

2068 5130 2435 5201 confugielis?
2469 5149 2487 5182 ι
2521 5130 2696 5198 Super
2745 5128 2830 5182 his
2877 5126 3127 5181 omnibus
3162 5140 3266 5180 non
3303 5136 3496 5177 aversa
3550 5126 3636 5172 est

2070 5224 2187 5286 ira;
2215 5224 2308 5277 sed
2336 5223 2513 5277 adhuc
2538 5236 2724 5275 manus
2757 5220 2988 5275 excelsa.
3015 5239 3033 5271 ι
3053 5219 3186 5273 Nam
3216 5218 3281 5271 iis
3298 5215 3387 5282 qui
3413 5215 3463 5265 in
3493 5227 3634 5280 prte-

2069 5315 2207 5369 senti
2236 5325 2584 5377 accusantur,
2615 5315 2800 5368 eadem
2827 5314 2879 5365 in
2901 5312 3246 5375 .hsurditate
3274 5304 3636 5376 permanenti-

2075 5406 2194 5469 bus,
2215 5420 2554 5475 consequens
2577 5414 2715 5467 erat,
2754 5415 2811 5457 ut
2843 5404 2920 5459 ira
2946 5416 3161 5473 quoque
3198 5407 3559 5469 permaneret.

2140 5675 2304 5733 Vens.
2329 5676 2446 5734 5-6.
2476 5696 2495 5730 ι
2530 5678 2621 5733 Va:
2645 5678 2908 5749 Assyriis,
2945 5675 3109 5745 virga:
3160 5672 3359 5728 furoris
3393 5672 3495 5727 mei
3530 5690 3544 5726 :
3578 5682 3631 5727 et

2072 5772 2153 5826 ira
2189 5782 2274 5826 est
2309 5773 2360 5825 in
2394 5771 2637 5826 manibus
2671 5785 2877 5825 eorum.
2912 5768 3049 5821 Iram
3105 5780 3279 5820 meam
3312 5765 3365 5819 in
3415 5773 3628 5835 gentem
3672 5762 3675 5767 ’

2076 5862 2314 5932 iniquam
2340 5861 2569 5927 mittam,
2597 5867 2648 5917 et
2675 5859 2867 5929 populo
2904 5873 3021 5915 meo
3050 5857 3357 5925 pmcipiam
3388 5864 3443 5911 ut
3466 5853 3628 5909 faciat
