4118 6398
483 381 584 437 159

1149 377 1419 436 EUSEBII
1457 377 1938 434 C/ESARIENSIS
1973 377 2124 436 OPP.
2166 381 2347 436 PARS
2384 379 2474 435 Ill.
2515 411 2584 422 —
2623 373 3034 432 EXEGETICA.

3641 368 3743 423 160

479 503 650 573 spolia
685 513 740 557 et
765 503 1259 572 depOpnlationem,
1289 514 1343 557 et
1372 505 1659 559 conculcet
1699 504 1968 571 civitates,
1999 514 2056 560 et

2161 506 2384 578 ποιῆσαι
2427 504 2601 558 σκῦλα
2643 503 2735 556 καὶ
2775 498 3074 572 προνομὴν,
3123 495 3218 550 καὶ
3260 493 3598 548 καταπατεῖν
3643 492 3743 554 τὰς

479 603 754 662 ponateas
781 593 833 647 in
860 597 1157 662 pulverem.
1190 612 1208 644 ι
1243 595 1318 646 Ad
1346 594 1459 646 haec
1484 609 1652 662 usque
1687 596 2058 662 perseveravit

478 684 758 739 accusatio
780 685 1001 754 populi;
1039 694 1372 754 postquam,
1417 696 1816 753 consequenter
1847 687 1914 740 ad
1957 687 2057 740 mi-

480 790 579 827 nas
611 790 641 828 a
672 776 958 845 prophetia
993 777 1322 841 enuntiatas,
1359 792 1463 829 non
1497 776 1590 830 dtu
1617 779 1823 848 Assyrii
1853 779 2054 832 irrum-

480 875 670 934 pentes
701 865 1002 921 Samariam
1027 867 1297 930 obsident,
1322 877 1376 922 et
1407 877 1574 921 totam
1611 869 1846 938 ipsorum
1881 872 2057 940 regio-

481 971 604 1010 nem
631 957 1052 1026 depopulantur,
1090 973 1392 1028 novemque
1414 959 1653 1014 Iudaica:
1677 962 1854 1030 gentis
1883 964 2058 1016 tribus

482 1049 536 1103 in
569 1048 913 1120 Assyriorum
935 1058 1134 1103 terram
1160 1052 1400 1119 captivas
1423 1051 1718 1106 abducunt.
1749 1053 1877 1107 Post
1899 1068 2058 1106 enar—

482 1151 651 1196 ratam
682 1158 810 1212 ergo
836 1143 1019 1212 populi
1051 1143 1214 1196 Israel
1253 1143 1380 1198 dicti
1426 1145 1816 1213 captivitatem,
1862 1146 1928 1198 ad
1963 1161 2057 1200 eos

480 1233 572 1301 qui
597 1233 650 1287 in
673 1233 1040 1302 captivitatem
1056 1234 1392 1289 abduxerant
1415 1251 1592 1290 sermo
1617 1236 1965 1292 transfertur.
1993 1238 2056 1292 Hi

481 1339 647 1394 porro
671 1336 829 1379 erant
858 1327 1087 1396 Assyrii,
1131 1326 1328 1396 quibus
1360 1327 1475 1382 hazc
1513 1331 1797 1398 praesentia
1826 1331 2058 1384 eorumi-

481 1424 662 1472 natur.
688 1417 841 1484 Quod
872 1429 1074 1479 autem,
1109 1432 1232 1471 cum
1273 1419 1387 1473 haec
1443 1419 1780 1484 dicerentur,
1811 1422 1922 1491 jam
1969 1437 2060 1490 po-

480 1509 638 1577 pulus
667 1508 734 1564 ab
758 1510 999 1582 Assyriis
1021 1509 1313 1566 translatus
1329 1519 1382 1566 et
1411 1511 1659 1566 Samaria
1685 1513 1906 1569 obsessa
1928 1513 2059 1569 fuis-

481 1609 586 1661 set.
635 1599 761 1654 hinc
801 1600 980 1671 palam
1029 1609 1132 1665 est,
1181 1601 1324 1672 quod
1354 1602 1550 1656 ibidem
1584 1619 1648 1656 ex
1705 1605 2054 1676 Assyriorum

479 1693 625 1760 regis
654 1707 888 1761 persona
935 1693 1166 1759 dicatur,
1213 1711 1233 1745 ι
1263 1692 1392 1762 Cepi
1432 1694 1718 1758 Arabiam,
1759 1707 1814 1749 et
1863 1697 2058 1750 Dama-

489 1793 644 1837 SCnm
696 1791 750 1836 et
804 1782 1633 1853 Samariam:quemadmodum
1690 1787 1829 1853 illas,
1879 1788 1958 1842 sic
2004 1799 2057 1842 et

2160 598 2367 662 πόλεις,
2395 598 2490 651 καὶ
2519 596 2690 649 θεῖναι
2723 594 2894 654 αὐτὰς
2927 592 3005 654 είς
3039 588 3336 658 κονιορτόν.
3368 607 3386 637 ι
3426 586 3602 656 Μέχρι
3635 584 3745 656 γὰρ

2159 687 2266 741 τῶν
2295 688 2710 760 προειρημένων
2737 685 2867 753 ἔστη
2889 682 2955 735 τά
2985 681 3083 750 τῆς
3104 679 3198 731 τοῦ
3222 676 3354 730 λαοῦ
3373 676 3707 747 κατηγορίας
3724 715 3743 742 ,

2162 777 2281 846 μεθ’
2321 779 2388 849 ῆν
2417 776 2728 839 ἀκολούθως
2753 778 2866 837 τοῖς
2898 771 2988 826 διὰ
3014 772 3113 841 τῆς
3147 768 3484 841 προφητείας
3513 766 3742 838 ἠπειλη-

2163 870 2364 940 μένοις,
2399 872 2499 924 οὐκ
2527 872 2606 934 εἰς
2636 867 2854 940 μακρὰν
2883 863 3165 937 πόρρωθεν
3187 861 3506 924 ἐπιστάντες
3552 860 3744 912 Ἀσσυ-

2163 977 2288 1030 ριοι,
2326 960 2672 1031 πολιορκοῦσι
2699 960 2798 1030 τὴν
2825 957 3159 1028 Σαμάρειαν,
3189 955 3283 1008 καὶ
3315 955 3494 1006 πᾶσαν
3521 952 3621 1021 τὴν
3644 950 3745 1021 χώ·

2163 1069 2261 1122 ραν
2305 1050 2484 1104 αὐτῶν
2516 1049 2754 1124 δηοῦσιν,
2796 1048 2922 1111 ὅλας
2956 1064 3014 1100 τε
3060 1045 3216 1100 ἐννέα
3263 1045 3435 1114 φυλὰς
3470 1044 3564 1097 τοῦ
3609 1045 3741 1098 Ἰου-

2157 1141 2321 1195 δαίων
2368 1141 2551 1204 ἔθνους
2602 1138 2978 1211 αἰχμαλώτους
3027 1138 3106 1199 εἰς
3143 1136 3244 1206 τὴν
3301 1135 3601 1206 Ἀσσυρίων
3639 1137 3744 1188 ἀπ-

2160 1234 2372 1301 άγουσι.
2399 1233 2551 1286 Μετὰ
2573 1229 2665 1286 οὖν
2690 1232 2789 1303 τὴν
2808 1229 2901 1283 τοῦ
2917 1228 3047 1282 λαοῦ
3068 1227 3162 1282 τοῦ
3181 1228 3514 1297 καλουμένου
3532 1226 3743 1298 Ἰσραὴλ

2160 1324 2534 1394 αἰχμαλωσίαν
2581 1323 2610 1375 6
2641 1323 2796 1391 λόγος
2831 1319 3142 1391 μεταϐαίνει
3185 1320 3278 1371 ἐπὶ
3311 1319 3437 1380 τοὺς
3466 1318 3744 1388 αἰχμαλω-

2159 1417 2478 1480 τεύσαντας.
2508 1413 2688 1469 Ἦσαν
2711 1416 2767 1469 δὲ
2791 1411 2935 1469 οὗτοι
2982 1414 3277 1484 Ἀσσύριοι,
3319 1406 3400 1474 οἷς
3421 1409 3489 1463 τὰ
3520 1409 3745 1481 προκεί-

2163 1525 2299 1578 μενα
2330 1508 2560 1561 ἀπειλεῖ.
2593 1509 2716 1560 ’Ὁτι
2746 1507 2802 1559 δὲ
2830 1507 3044 1577 ἁπῆκτο
3068 1505 3172 1557 ὑπὸ
3214 1503 3516 1574 Ἀσσυρίων
3545 1504 3574 1554 6
3594 1501 3739 1564 λαὸς.

2159 1602 2252 1654 καὶ
2286 1600 2687 1672 πεπολίορκητο
2720 1602 2752 1670 ἡ
2799 1599 3103 1670 Σαμάρεια,
3136 1597 3227 1650 ὅτε
3256 1595 3326 1648 τὰ
3371 1594 3508 1664 μετὰ
3555 1595 3743 1664 χεῖρας

2160 1693 2395 1762 ἐλέγετο,
2425 1693 2581 1764 δῆλον
2620 1693 2876 1763 τυγχάνει
2922 1695 2986 1744 ἐκ
3028 1689 3122 1742 τοὶ
3167 1687 3422 1756 λέγεσθαι
3454 1688 3512 1739 ὲν
3560 1686 3742 1749 αὐτοῖς

2158 1785 2224 1837 ὲκ
2258 1783 2549 1856 προσώπου
2589 1784 2681 1837 τοῦ
2713 1785 2821 1837 τῶν
2864 1781 3162 1852 Ἀσσυρίων
3194 1779 3453 1849 βασιλέως
3474 1795 3488 1808 ·
3524 1795 3542 1827 t
3580 1776 3743 1829 Ἐλα-

480 1888 671 1929 omnes
722 1874 1056 1944 principatus
1102 1876 1344 1945 capiam;
1388 1894 1407 1928 ι
1439 1891 1502 1932 ac
1538 1892 1770 1943 rursum,
1801 1897 1820 1930 ι
1859 1878 2056 1944 Quem-

2161 1877 2253 1931 ϐον
2293 1877 2552 1949 Ἀραϐίαν
2583 1879 2677 1932 καὶ
2713 1875 3002 1947 Δαμασκὸν
3031 1875 3124 1926 καὶ
3150 1874 3460 1945 Σαμάρειαν
3484 1889 3496 1902 ·
3529 1871 3587 1923 ὃν
3619 1871 3746 1941 τρό-

480 1963 770 2017 admodum
838 1963 940 2018 feci
1001 1965 1282 2026 Samaria.
1326 1975 1381 2020 et
1428 1967 1682 2022 omnibus
1730 1970 2056 2026 manufactis

479 2053 623 2123 ejus,
651 2056 728 2110 sic
753 2055 944 2110 faciam
978 2056 1351 2128 Jerosolymaz.
1396 2078 1416 2110 ι
1450 2058 1619 2114 Docet
1643 2068 1826 2115 autem
1883 2063 2056 2118 histo-

482 2146 563 2200 ria
597 2146 648 2200 in
680 2147 868 2201 diebus
898 2148 1079 2202 Achaz
1111 2150 1426 2205 ascendisse
1479 2165 1660 2220 regem
1707 2151 2050 2222 Assyriorum

477 2237 806 2302 Samariam,
835 2250 889 2294 et
917 2240 1194 2296 obsedisse
1227 2241 1372 2296 illam
1396 2261 1409 2296 :
1437 2257 1501 2298 ac
1526 2254 1657 2298 tunc
1686 2245 1903 2311 quidem
1930 2262 2054 2314 par-

475 2337 584 2383 tem
624 2329 803 2400 populi
831 2331 1098 2402 captivam
1131 2333 1389 2389 duxisse:
1439 2336 1539 2390 sub
1585 2335 1816 2390 Ezechia
1870 2347 2052 2392 autern

474 2419 677 2478 Achati
700 2437 1022 2479 successore
1057 2424 1370 2479 universum
1405 2423 1662 2496 populum
1706 2427 2055 2483 transtulisse

474 2512 531 2568 in
561 2512 835 2584 Assyrios.

545 2784 717 2844 Vens.
757 2786 860 2841 7-9
913 2805 932 2838 ι
968 2786 1085 2855 Ipse
1111 2795 1292 2840 autem
1337 2800 1443 2840 non
1494 2786 1574 2840 sic
1603 2789 1890 2858 cogitavit,
1919 2799 1972 2844 et
2002 2789 2054 2844 in

477 2881 657 2936 anima
686 2895 792 2934 non
828 2878 908 2933 sic
932 2877 1229 2932 arbitratus
1259 2886 1342 2932 est
1366 2893 1381 2943 ;
1405 2877 1497 2932 sed
1527 2889 1733 2934 avertet
1757 2895 1910 2936 mens
1939 2879 2056 2948 ejus

484 2973 551 3027 ad
585 2981 774 3044 gentes
807 2969 1253 3026 exterminandas
1307 2985 1410 3023 non
1462 2985 1687 3041 paucas.
1717 2972 1779 3027 Et
1810 2973 1854 3027 si
1897 2974 2054 3028 dixe-

478 3065 592 3119 rint
625 3064 697 3126 ei,
733 3061 813 3117 Tu
857 3064 1006 3119 solus
1038 3079 1098 3118 es
1127 3067 1383 3137 princeps
1421 3086 1434 3122 :
1465 3065 1835 3138 respondebit,
1863 3067 2054 3122 Annon

475 3161 592 3228 cepi
619 3159 894 3230 regionem
930 3174 1090 3230 supra
1115 3159 1441 3232 Babylonem
1474 3170 1529 3217 et
1551 3161 1871 3228 Chalanem,
1904 3161 2056 3230 cujus

478 3253 644 3307 turris
673 3250 934 3305 aedificata
956 3260 1040 3305 est.
1067 3271 1080 3306 :
1106 3261 1160 3305 et
1181 3230 1297 3323 cepi
1323 3253 1603 3319 Arabiam,
1633 3263 1689 3308 et
1712 3253 2055 3320 Damascum,
2085 3230 2128 3287 δ

477 3351 534 3398 et
560 3341 901 3397 Samariam?
922 3361 940 3393 ι
973 3342 1108 3396 Cum
1141 3360 1340 3412 meam,
1384 3347 1582 3417 inquit,
1615 3356 1937 3416 potestatem
1966 3363 2058 3403 ac-

479 3433 703 3503 ceperit,
734 3447 838 3488 non
863 3435 942 3488 sic
969 3433 1057 3488 ille
1084 3435 1382 3490 arbitratus
1404 3445 1518 3503 est,
1550 3438 1644 3492 sed
1680 3438 1856 3492 elatus
1879 3447 2059 3496 mente

479 3507 601 3590 fuit,
634 3541 700 3580 ac
731 3525 775 3580 si
812 3525 1068 3596 pepulum
1102 3543 1280 3582 meum
1310 3531 1526 3598 propria
1567 3531 1767 3584 virtute
1795 3530 2060 3585 debellas-

477 3628 580 3676 set.
610 3618 721 3673 Nec
749 3617 840 3672 illo
866 3628 1160 3672 contentus
1207 3621 1442 3685 excidio,
1480 3621 1722 3676 infinitas
1761 3623 1898 3678 alias
1926 3637 2060 3692 gen-

479 3721 559 3766 tes
585 3727 643 3766 se
695 3712 1007 3766 invasurum
1047 3713 1327 3767 minatur:
1363 3715 1492 3783 quia
1536 3714 1681 3768 illam
1712 3716 2057 3784 praestantio-

478 3817 593 3856 rem
621 3816 683 3856 ac
720 3802 820 3856 sub
851 3800 943 3856 Dei
980 3803 1142 3856 tutela
1168 3803 1400 3870 positam
1437 3804 1829 3860 debellaverat.
1855 3805 2058 3872 Quam-

475 3894 665 3947 obrem
689 3893 755 3947 iis
786 3893 877 3962 qui
908 3891 1140 3961 subjecti
1169 3893 1422 3960 fuerant,
1458 3896 1784 3952 mirantibus
1811 3913 1958 3964 ettrn,
1993 3913 2058 3954 ac

477 3983 807 4049 dicentibus,
842 4003 859 4034 ι
893 3982 973 4037 Tu
1000 3984 1151 4038 solus
1184 4001 1244 4040 es
1274 3987 1552 4056 princeps,
1585 4006 1603 4039 ι
1640 3989 1936 4057 respondet
1968 3989 2058 4044 ille

477 4077 567 4132 his
594 4075 778 4131 verbis
808 4093 821 4128 :
857 4075 939 4130 Me
989 4077 1290 4147 principem
1341 4081 1577 4133 nondum
1611 4082 1818 4135 vocetis
1879 4095 2056 4150 neque

480 4169 785 4233 dominum,
817 4167 1262 4239 quandoquidem
1297 4185 1490 4225 omnes
1526 4170 1763 4240 undique
1809 4173 2057 4242 regiones

478 4263 715 4320 nondum
742 4263 857 4331 cepi
889 4279 902 4314 :
930 4272 1208 4327 caeterum,

556 4355 718 4412 Vsns.
765 4355 856 4411 l0.
899 4372 919 4406 ι
974 4354 1444 4421 Quemadmodum
1496 4355 1597 4412 bas
1646 4356 1806 4426 cepi,
1867 4357 1950 4412 sic
2002 4367 2059 4414 et

479 4461 673 4502 omnes
715 4446 1054 4515 principatus
1111 4446 1343 4515 capiam.
1401 4445 1940 4519 Ululate,sculptilia
2001 4450 2054 4504 in

479 4536 779 4595 Jerusalem
812 4547 864 4591 et
899 4536 1175 4593 Samaria.
1215 4555 1233 4590 ι
1263 4539 1345 4594 Ad
1369 4538 1514 4608 ipsos
1537 4539 1794 4610 Assyrios
1832 4555 2049 4596 eorum-

481 4644 588 4700 que
615 4627 930 4700 principem.
961 4627 1051 4698 qui
1091 4629 1204 4683 haec
1235 4641 1346 4682 tam
1371 4640 1689 4698 arroganter
1715 4632 2048 4702 proferebat,

481 4733 788 4778 sermonem
842 4718 1043 4787 dirigit.
1071 4716 1165 4772 Vae
1215 4719 1475 4790 Assyriis,
1519 4721 1619 4786 ait,
1648 4723 1774 4791 quia
1823 4738 1928 4777 non
1969 4724 2052 4777 in.

481 4811 806 4866 tellexerunt
828 4808 962 4862 iram
995 4823 1193 4872 meam,
1221 4819 1409 4864 contra
1447 4811 1783 4867 facinorosos
1811 4813 1931 4869 illos
1952 4829 2046 4868 ex-

479 4906 728 4968 citatam,
766 4900 926 4956 talem
961 4901 1096 4970 ipsis
1140 4899 1435 4956 inferenda:
1458 4902 1682 4958 ultionis
1726 4912 2051 4974 potestatem

481 4997 747 5052 indidisse
776 5013 788 5048 :
828 4996 920 5049 sed
953 4992 1323 5064 opinabantur
1350 5008 1408 5049 se
1462 5005 1651 5067 suapte
1694 4997 1892 5052 virtute
1917 5012 2053 5068 gen-

481 5096 563 5143 tes
589 5084 907 5141 debellasse.

553 5179 718 5236 Vsus.
748 5177 833 5233 ll.
865 5195 884 5230 ι
914 5175 1383 5244 Quemadmodum
1407 5177 1551 5230 enim
1591 5177 1692 5232 feci
1722 5175 1982 5234 Samarize
2001 5189 2056 5234 et

482 5273 813 5330 manufactis
835 5273 984 5343 ejus:
1021 5273 1100 5327 sic
1152 5273 1344 5364 faciam
1374 5273 1759 5343 Hierosolyma:
1787 5285 1842 5329 et
1899 5275 2054 5330 idolis

481 5368 620 5436 ejus.
647 5386 665 5419 ι
691 5366 1119 5436 Hierosolymam
1157 5367 1342 5433 itaque
1371 5365 1629 5419 Samaria!
1659 5366 1804 5433 paria
1830 5381 2055 5436 perpes-

482 5475 666 5514 suram
692 5459 1092 5514 interminatur.
1127 5455 1252 5510 [hec
1285 5471 1450 5524 porro
1474 5456 1746 5526 praedicit,
1774 5458 2055 5512 auditores

485 5553 552 5606 ad
578 5551 990 5606 conversionem
1024 5558 1080 5605 et
1112 5547 1492 5618 pmuitentiam
1535 5562 1858 5617 provocans,
1892 5559 2055 5618 atque

485 5639 716 5710 exempli
747 5640 1046 5709 formidine,
1063 5641 1128 5694 ad
1157 5636 1590 5706 resipiscentiam
1630 5639 1883 5694 invitans.
1937 5639 2054 5694 Non

486 5731 630 5787 enim
653 5730 932 5802 Assyrius,
964 5731 1160 5799 inquit,
1183 5729 1299 5784 haec
1323 5738 1511 5784 contra
1545 5727 1846 5784 Samariam
1872 5743 2058 5800 patra-

487 5825 602 5894 vit;
632 5824 725 5880 sed
753 5838 854 5894 ego
899 5823 1060 5892 Deus,
1097 5825 1261 5896 idque
1287 5823 1356 5878 ob
1391 5822 1688 5880 incolarum
1717 5824 1835 5896 ejus
1862 5825 2054 5895 impie-

2163 1988 2262 2024 πον
2288 1969 2490 2034 ταύτας
2525 1970 2850 2032 ἐλαϐον,καὶ
2885 1970 3062 2033 πάσας
3091 1969 3190 2031 τὰς
3217 1967 3390 2038 ἀρχὰς
3423 1965 3686 2035 λήψομαι·
3720 1982 3740 2016 ι

2161 2063 2256 2116 καὶ
2291 2061 2470 2114 πάλιν·
2504 2080 2522 2112 ι
2555 2062 2652 2114 Ὃν
2679 2061 2880 2132 τρόπον
2913 2062 3146 2131 ἐποίησα
3181 2058 3463 2130 Σαμαρείᾳ
3494 2059 3587 2110 καὶ
3612 2059 3746 2110 πᾶσι

2159 2157 2271 2218 τοῖς
2291 2158 2692 2225 χειροποιήτοις
2712 2155 2903 2224 αὐτῆς,
2921 2152 3064 2206 οὕτω
3083 2153 3294 2222 ποιήσω
3319 2150 3698 2220 Ἰερουσαλήμ.
3720 2167 3740 2201 ι

2159 2245 2270 2298 Καὶ
2293 2247 2326 2316 ἡ
2363 2245 2572 2318 ἱστορία
2597 2245 2654 2298 δὲ
2680 2245 2945 2306 διδάσκει,
2973 2245 3052 2296 ὅτι
3080 2245 3137 2296 ἐν
3159 2247 3280 2304 ταῖς
3308 2242 3544 2312 ἡμέραις
3581 2239 3747 2309 Ἀχὰζ

2158 2339 2326 2409 ἀνέϐη
2350 2341 2377 2391 6
2413 2338 2664 2408 βασιλεὺς
2705 2339 3003 2408 Ἀσσυρίων
3027 2339 3105 2400 εἰς
3139 2336 3470 2407 Σαμάρειαν,
3504 2336 3598 2388 καὶ
3620 2336 3747 2386 ἐπο-

2158 2429 2444 2501 λιόρκησεν
2478 2431 2647 2500 αὑτήν
2672 2447 2685 2459 ⁸
2729 2431 2821 2482 καὶ
2862 2431 3004 2492 τέως
3037 2429 3134 2498 μὲν
3174 2429 3293 2481 τότε
3346 2428 3511 2499 μέρος
3547 2444 3602 2480 τι
3651 2423 3745 2479 τοῦ

2159 2523 2290 2576 λαοῦ
2314 2521 2770 2592 ᾐχμαλώτευσεν·
2807 2523 2898 2574 ἐπὶ
2933 2521 2989 2572 δὲ
3040 2519 3282 2582 Ἐζεκίου
3325 2520 3420 2572 τοῦ
3446 2521 3535 2573 τὸν
3579 2519 3752 2588 Ἀχάζ

2160 2613 2574 2684 διαδεδεγμένου
2608 2613 2786 2666 πάντα
2829 2612 2919 2665 τὸν
2944 2611 3069 2664 λαδν
3098 2609 3376 2680 ἀπῴκισεν
3425 2613 3503 2673 εἰς
3553 2611 3746 2661 Ἀσσυ-

2165 2704 2335 2774 ρίους.

2237 2814 2256 2844 ι
2291 2793 2459 2857 Αὐτὸς
2484 2794 2541 2847 δὲ
2569 2795 2665 2866 οὐχ
2697 2794 2867 2856 οὕτως
2897 2791 3226 2864 ἐνεθυμήθη,
3257 2793 3350 2845 καὶ
3382 2795 3447 2862 τῇ
3481 2791 3624 2862 ψυχῇ
3649 2791 3746 2860 οὐχ

2162 2889 2334 2952 οὕτως
2361 2888 2689 2954 λελόγισται,
2721 2887 2854 2940 ἀλλὰ
2898 2885 3195 2950 ἀπαλλάξει
3227 2889 3256 2939 6
3296 2885 3420 2949 νοῦς
3459 2885 3624 2938 αὐτοῦ
3654 2885 3747 2936 καὶ

2162 2979 2256 3032 τοῦ
2291 2979 2416 3048 ἔθνη
2460 2977 2841 3048 ὲξολοθρεῦσαι
2870 2979 2970 3030 οὐκ
3000 2978 3174 3043 ὀλίγα.
3224 2977 3334 3031 Καὶ
3379 2977 3473 3030 ἐὰν
3521 2975 3746 3029 εἴπωσιν

2163 3069 2313 3140 αὐτῷ
2333 3087 2345 3099 ·
2381 3070 2451 3123 Σὺ
2483 3069 2642 3139 μόνος
2671 3063 2722 3120 εἷ
2743 3068 2924 3139 ἅρχων
2946 3085 2957 3093 ·
2992 3068 3086 3120 καὶ
3108 3070 3250 3139 ἐρεῖ’
3288 3069 3401 3120 Οὐκ
3431 3066 3618 3120 ἔλαϐον
3647 3067 3747 3138 τὴν

2163 3162 2347 3234 χώραν
2371 3163 2470 3235 τὴν
2496 3162 2681 3216 ἐπάνω
2713 3159 3032 3224 Βαϐυλῶνος
3056 3161 3147 3214 καὶ
3177 3159 3450 3230 Χαλάνης,
3473 3155 3534 3213 οὗ
3561 3162 3588 3213 6
3616 3159 3749 3230 πυρα

2162 3269 2259 3322 γος
2292 3251 2641 3323 ᾠκοδομήθη,
2671 3251 2764 3305 καὶ
2796 3250 2986 3304 ἔλαϐον
3032 3251 3311 3323 Ἀραϐίαν,
3339 3253 3432 3304 καὶ
3458 3250 3746 3322 Δαμασκὸν

2163 3346 2259 3399 καὶ
2302 3345 2657 3417 Σαμάρειαν;
2709 3365 2727 3395 ι
2777 3344 2887 3416 Τὴν
2931 3345 3070 3415 ὲμὴν
3113 3345 3310 3407 τοίνυν,
3362 3346 3516 3415 φησὶ,
3567 3342 3746 3399 λαϐὼν

2162 3435 2429 3501 ἐξουσίαν,
2467 3436 2568 3506 οὐχ
2597 3435 2769 3498 οὕτως
2814 3434 3142 3504 ἐνεθυμήθη,
3187 3433 3301 3487 ἀλλ’
3347 3433 3631 3506 ὑπερήρθη
3668 3432 3748 3505 τῷ

2162 3527 2430 3600 λογισμῷ,
2461 3527 2537 3591 ὡς
2565 3527 2744 3596 οἰκείᾳ
2769 3527 3000 3597 δυνάμει
3036 3525 3129 3578 τοῦ
3161 3525 3294 3595 ἐμοῦ
3327 3527 3748 3597 περιγενόμενος

2159 3620 2314 3677 λαοῦ.
2349 3618 2502 3684 Εἶτα,
2541 3619 2616 3692 μὴ
2659 3617 2948 3690 ἀρκεσθεὶς
2985 3620 3050 3688 τῇ
3083 3617 3287 3670 τούτων
3315 3617 3618 3690 πολιορκίᾳ,
3647 3636 3747 3688 μυ.

2164 3713 2255 3784 ρία
2297 3711 2430 3764 ἄλλα
2459 3710 2587 3782 ἔθνη
2626 3708 2987 3781 μετέρχεσθαι
3013 3708 3244 3771 ἀπειλεῖ,
3276 3709 3351 3772 ὡς
3377 3708 3469 3762 τοῦ
3503 3711 3747 3780 κρείττο-

2159 3821 2251 3868 τος
2282 3804 2374 3857 καὶ
2397 3801 2518 3872 Θεῷ
2541 3800 2902 3871 ἀνακειμένου
2934 3801 3237 3870 κρατήσας.
3266 3801 3356 3854 Διὸ
3378 3801 3441 3872 δὴ
3478 3801 3585 3854 τῶν
3614 3803 3747 3856 ὐπο-

2161 3896 2381 3968 χειρίων
2429 3893 2578 3965 αὑτῷ
2623 3894 2932 3964 γενομένων
2980 3892 3372 3963 θαυμαζόντων
3420 3894 3606 3952 αὑτὸν,
3652 3896 3748 3948 καὶ

2159 3989 2452 4057 λεγόντων,
2479 4007 2496 4038 ι
2533 3987 2605 4039 Σὺ
2644 3986 2803 4057 μόνος
2837 3981 2885 4038 εἷ
2929 3985 3134 4056 ἄρχων,
3172 4003 3190 4034 ι
3226 3985 3581 4057 ἀποκρίνεται
3611 3986 3747 4059 πρὸς

2161 4082 2360 4144 αὐτοὺς
2409 4081 2504 4134 καὶ
2547 4079 2724 4147 λέγει·
2775 4079 3000 4149 Μήποτε
3046 4076 3261 4130 καλεῖτε
3304 4077 3561 4148 ἄρχοντα,
3612 4079 3746 4149 μηδὲ

2165 4172 2372 4244 κύριον·
2401 4171 2524 4224 ἐπεὶ
2557 4170 2782 4241 μηδέπω
2822 4169 3000 4232 πάσας
3030 4168 3270 4239 εἰλήφειν
3309 4170 3404 4232 τὰς
3434 4171 3745 4242 ἁπανταχοῦ

2161 4263 2343 4336 χώρας
2363 4281 2376 4293 ·
2414 4261 2575 4333 πλὴν,

2236 4373 2255 4406 t
2290 4355 2386 4408 Ὃν
2414 4355 2615 4425 τρόπον
2640 4351 2845 4414 ταύτας
2875 4351 3088 4414 ἔλαϐον,
3116 4349 3260 4404 οὕτω
3299 4353 3394 4405 καὶ
3443 4353 3620 4417 πάσας
3648 4355 3745 4418 τὰς

2159 4446 2333 4519 ἀρχὰς
2365 4444 2630 4516 λήψομαι.
2677 4442 2997 4507 Ὀλολύξατε
3035 4442 3106 4496 τὰ
3137 4445 3348 4513 γλυπτὰ
3376 4447 3433 4499 ὲν
3473 4446 3744 4518 Ἰερουσα-

2162 4539 2275 4611 λὴμ
2302 4537 2396 4591 καὶ
2420 4539 2477 4589 ὲν
2509 4535 2812 4607 Σαμαρείᾳ.
2853 4554 2871 4586 ι
2901 4535 3045 4606 Πρὸς
3069 4537 3268 4601 αὐτούς
3300 4555 3358 4590 τε
3393 4539 3518 4601 τοὺς
3561 4539 3747 4592 Ἀσσυ-

2165 4631 2309 4704 ρίους
2338 4630 2430 4682 καὶ
2453 4629 2542 4682 τὸν
2570 4627 2804 4698 ἄρχοντα
2830 4628 3028 4686 αὐτῶν,
3056 4629 3279 4683 τοιαῦτα
3319 4630 3746 4694 καταλαζονευον

2163 4723 2356 4794 μένους
2385 4721 2733 4775 ἀποτείνεται
2771 4718 2973 4785 λέγων·
3016 4719 3152 4772 Οὐαὶ
3195 4721 3518 4791 Ἀσσυρίοις,
3558 4723 3640 4774 ὅτι
3670 4721 3746 4792 μὴ

2162 4816 2401 4885 συνῆκαν
2441 4813 2515 4878 ὡς
2555 4812 2664 4879 ἄρα
2692 4814 2724 4882 ἠ
2756 4811 2862 4881 ἐμὴ
2893 4812 3030 4883 ὀργὴ
3079 4815 3112 4884 ή
3157 4813 3296 4866 κατὰ
3339 4813 3448 4866 τῶν
3490 4814 3747 4886 πλημμε-

2161 4905 2396 4958 λούντων
2425 4904 2524 4974 τὴν
2553 4902 2800 4969 ἐξουσίαν
2823 4903 3006 4966 αὐτοῖς
3035 4904 3134 4974 τῆς
3159 4904 3423 4976 τοσαύτης
3461 4906 3630 4977 ὀργῆς
3657 4906 3746 4960 δέη-

2162 4998 2365 5050 δωκενο
2401 4995 2537 5049 ἀλλὰ
2580 4997 2646 5066 τῇ
2677 4994 2886 5048 ἑαυτῶν
2919 4994 3149 5065 δυνάμει
3193 4998 3593 5067 κεκρατηκέναι
3638 4999 3747 5050 τῶν

2163 5086 2334 5140 ἐθνῶν
2365 5085 2651 5140 ὑπέλαϐον.

2239 5197 2255 5229 ι
2299 5180 2393 5231 Ὃν
2421 5180 2618 5248 τρόπον
2646 5175 2755 5248 γάρ
2785 5176 3019 5248 ἐποίησα
3055 5176 3339 5249 Σαμαρείᾳ
3377 5180 3470 5232 καὶ
3493 5183 3605 5244 τοῖς
3633 5199 3746 5252 χει-

2169 5274 2472 5342 ροποιήτοις
2495 5270 2685 5340 αὐτῆς,
2720 5268 2862 5322 οὕτω
2894 5270 3106 5340 ποιήσω
3140 5269 3234 5322 καὶ
3272 5270 3626 5344 Ἰερουσαλὴμ
3652 5276 3744 5327 καὶ

2164 5366 2275 5427 τοῖς
2300 5361 2536 5427 εἰδώλοις
2570 5362 2758 5431 αὐτῆς.
2808 5379 2827 5412 ι
2873 5361 2952 5414 Τά
2998 5362 3087 5413 ίσα
3118 5361 3297 5415 τοίνυν
3343 5367 3408 5435 τῇ
3460 5365 3744 5436 Σαμαρείᾳ

2165 5456 2256 5509 καί
2300 5454 2396 5526 τὴν
2433 5453 2790 5527 Ἰερουσαλήμ
2820 5451 3103 5505 πείσεσθαι
3136 5454 3365 5508 ἀπειλεῖ.
3400 5457 3658 5529 Προλέγει
3683 5457 3742 5510 δὲ

2161 5546 2332 5601 ταῦτα
2363 5544 2803 5617 προκαλούμενος
2838 5545 2918 5607 εἰς
2947 5544 3284 5617 ἐπιστροφὴν
3319 5549 3413 5601 καὶ
3453 5547 3742 5617 μετάνοιαν

2156 5643 2282 5703 τους
2316 5638 2632 5701 ἀκούοντας,
2663 5636 2811 5708 φόϐῳ
2835 5653 2893 5689 τε
2934 5635 3028 5690 τοῦ
3060 5639 3495 5710 παραδείγματος
3524 5656 3741 5712 σωφρο-

2159 5730 2320 5794 νίζων
2355 5731 2568 5793 αὐτούς.
2599 5730 2675 5783 Οὐ
2705 5727 2814 5799 γὰρ
2854 5731 2883 5782 6
2937 5729 3239 5802 Ἀσσύριος,
3287 5731 3471 5802 φησὶν,
3515 5733 3741 5804 ἐποίησε

2161 5823 2228 5879 τὰ
2257 5824 2396 5880 κατὰ
2420 5825 2518 5895 τῆς
2549 5821 2880 5896 Σαμαρείας,
2906 5821 3020 5877 ἀλλ’
3048 5823 3160 5893 ἐγὼ
3181 5823 3209 5877 6
3232 5824 3363 5888 θεὸς
3388 5824 3474 5882 διὰ
3503 5826 3600 5890 τὰς
3631 5825 3748 5882 τῶν
