  <div class='ocr_page' id='page_1' title='image "/cluster/home/n/w/nwhite01/storage/ocr_20150623/24:no.6/coo.31924054873058/094.png"; bbox 0 0 4118 6380; ppageno 0'>
   <div class='ocr_carea' id='block_1_1' title="bbox 363 328 460 385">
    <p class='ocr_par' dir='ltr' id='par_1_1' title="bbox 363 328 460 385">
     <span class='ocr_line' id='line_1_1' title="bbox 363 328 460 385; baseline -0.052 1"><span class='ocrx_word' id='word_1_1' title='bbox 363 328 460 385; x_wconf 68' lang='grc'><strong>161</strong></span> 
     </span>
    </p>
   </div>
   <div class='ocr_carea' id='block_1_2' title="bbox 1316 319 2624 381">
    <p class='ocr_par' dir='ltr' id='par_1_2' title="bbox 1316 319 2624 381">
     <span class='ocr_line' id='line_1_2' title="bbox 1316 319 2624 381; baseline 0.002 -3"><span class='ocrx_word' id='word_1_2' title='bbox 1316 319 1815 378; x_wconf 81' lang='lat' dir='ltr'><strong>COMMENTABIA</strong></span> <span class='ocrx_word' id='word_1_3' title='bbox 1861 321 1926 375; x_wconf 88' lang='lat' dir='ltr'><strong>IN</strong></span> <span class='ocrx_word' id='word_1_4' title='bbox 1967 320 2217 376; x_wconf 84' lang='lat' dir='ltr'><strong>ISAIAM.</strong></span> <span class='ocrx_word' id='word_1_5' title='bbox 2259 352 2328 364; x_wconf 91' lang='lat'><strong>—-—</strong></span> <span class='ocrx_word' id='word_1_6' title='bbox 2363 321 2517 378; x_wconf 86' lang='lat' dir='ltr'><strong>CAP.</strong></span> <span class='ocrx_word' id='word_1_7' title='bbox 2557 322 2624 381; x_wconf 79' lang='grc' dir='ltr'><strong>Χ.</strong></span> 
     </span>
    </p>
   </div>
   <div class='ocr_carea' id='block_1_3' title="bbox 3524 331 3628 385">
    <p class='ocr_par' dir='ltr' id='par_1_3' title="bbox 3524 331 3628 385">
     <span class='ocr_line' id='line_1_3' title="bbox 3524 331 3628 385; baseline 0.01 -1"><span class='ocrx_word' id='word_1_8' title='bbox 3524 331 3628 385; x_wconf 69' lang='grc'><strong>162</strong></span> 
     </span>
    </p>
   </div>
   <div class='ocr_carea' id='block_1_4' title="bbox 361 441 1951 518">
    <p class='ocr_par' dir='ltr' id='par_1_4' title="bbox 361 441 1950 517">
     <span class='ocr_line' id='line_1_4' title="bbox 361 441 1950 517; baseline -0.004 -17"><span class='ocrx_word' id='word_1_9' title='bbox 361 445 662 517; x_wconf 78' lang='grc' dir='ltr'><strong>οἰκητόρων</strong></span> <span class='ocrx_word' id='word_1_10' title='bbox 688 442 964 506; x_wconf 84' lang='grc' dir='ltr'>ἀσεϐείας.</span> <span class='ocrx_word' id='word_1_11' title='bbox 990 441 1200 496; x_wconf 80' lang='grc' dir='ltr'>Οὐκοῦν</span> <span class='ocrx_word' id='word_1_12' title='bbox 1225 442 1370 496; x_wconf 89' lang='grc' dir='ltr'><strong>κατά</strong></span> <span class='ocrx_word' id='word_1_13' title='bbox 1394 443 1485 496; x_wconf 76' lang='grc' dir='ltr'>τὸν</span> <span class='ocrx_word' id='word_1_14' title='bbox 1507 443 1600 496; x_wconf 88' lang='grc' dir='ltr'><strong>τοῦ</strong></span> <span class='ocrx_word' id='word_1_15' title='bbox 1621 443 1833 496; x_wconf 78' lang='grc' dir='ltr'>δικαίου</span> <span class='ocrx_word' id='word_1_16' title='bbox 1863 442 1950 495; x_wconf 91' lang='grc' dir='ltr'>λό-</span> 
     </span>
    </p>
   </div>
   <div class='ocr_carea' id='block_1_5' title="bbox 2054 441 3628 518">
    <p class='ocr_par' dir='ltr' id='par_1_5' title="bbox 2057 441 3628 518">
     <span class='ocr_line' id='line_1_5' title="bbox 2057 441 3628 518; baseline 0.006 -24"><span class='ocrx_word' id='word_1_17' title='bbox 2057 451 2214 496; x_wconf 88' lang='lat' dir='ltr'><strong>tates.</strong></span> <span class='ocrx_word' id='word_1_18' title='bbox 2241 441 2410 510; x_wconf 87' lang='lat' dir='ltr'><strong>igitur</strong></span> <span class='ocrx_word' id='word_1_19' title='bbox 2434 445 2730 499; x_wconf 88' lang='lat' dir='ltr'><strong>secundum</strong></span> <span class='ocrx_word' id='word_1_20' title='bbox 2762 447 3036 512; x_wconf 64' lang='lat' dir='ltr'><strong>aequitatis</strong></span> <span class='ocrx_word' id='word_1_21' title='bbox 3074 446 3240 516; x_wconf 90' lang='lat' dir='ltr'><strong>leges,</strong></span> <span class='ocrx_word' id='word_1_22' title='bbox 3283 462 3383 518; x_wconf 86' lang='lat' dir='ltr'><strong>par</strong></span> <span class='ocrx_word' id='word_1_23' title='bbox 3405 457 3490 503; x_wconf 86' lang='lat' dir='ltr'><strong>est</strong></span> <span class='ocrx_word' id='word_1_24' title='bbox 3531 464 3628 506; x_wconf 69' lang='lat' dir='ltr'><strong>eos</strong></span> 
     </span>
    </p>
   </div>
   <div class='ocr_carea' id='block_1_6' title="bbox 363 540 1946 612">
    <p class='ocr_par' dir='ltr' id='par_1_6' title="bbox 363 540 1946 612">
     <span class='ocr_line' id='line_1_6' title="bbox 363 540 1946 612; baseline -0.001 -16"><span class='ocrx_word' id='word_1_25' title='bbox 363 561 458 612; x_wconf 86' lang='grc' dir='ltr'>γον</span> <span class='ocrx_word' id='word_1_26' title='bbox 494 543 586 595; x_wconf 79' lang='grc' dir='ltr'><strong>καὶ</strong></span> <span class='ocrx_word' id='word_1_27' title='bbox 623 543 748 603; x_wconf 78' lang='grc' dir='ltr'>τοὺς</span> <span class='ocrx_word' id='word_1_28' title='bbox 797 541 854 592; x_wconf 84' lang='grc' dir='ltr'><strong>ἐν</strong></span> <span class='ocrx_word' id='word_1_29' title='bbox 885 544 950 611; x_wconf 83' lang='grc' dir='ltr'>τῇ</span> <span class='ocrx_word' id='word_1_30' title='bbox 993 540 1345 612; x_wconf 83' lang='grc' dir='ltr'>Ἰερουσαλὴμ</span> <span class='ocrx_word' id='word_1_31' title='bbox 1381 541 1526 604; x_wconf 75' lang='grc' dir='ltr'>εἰκὸς</span> <span class='ocrx_word' id='word_1_32' title='bbox 1575 540 1946 612; x_wconf 85' lang='grc' dir='ltr'>παραδοθήσε-</span> 
     </span>
    </p>
   </div>
   <div class='ocr_carea' id='block_1_7' title="bbox 368 628 1947 702">
    <p class='ocr_par' dir='ltr' id='par_1_7' title="bbox 368 628 1947 702">
     <span class='ocr_line' id='line_1_7' title="bbox 368 628 1947 702; baseline -0.002 -16"><span class='ocrx_word' id='word_1_33' title='bbox 368 633 490 686; x_wconf 89' lang='grc' dir='ltr'>σθαι</span> <span class='ocrx_word' id='word_1_34' title='bbox 515 635 580 702; x_wconf 83' lang='grc' dir='ltr'>τῇ</span> <span class='ocrx_word' id='word_1_35' title='bbox 610 632 696 702; x_wconf 74' lang='grc' dir='ltr'>ἴση</span> <span class='ocrx_word' id='word_1_36' title='bbox 726 631 1034 702; x_wconf 73' lang='grc' dir='ltr'><strong>πολιορκίᾳ,</strong></span> <span class='ocrx_word' id='word_1_37' title='bbox 1067 631 1142 694; x_wconf 85' lang='grc' dir='ltr'>ὼς</span> <span class='ocrx_word' id='word_1_38' title='bbox 1165 630 1233 683; x_wconf 72' lang='grc' dir='ltr'><strong>τὰ</strong></span> <span class='ocrx_word' id='word_1_39' title='bbox 1272 630 1475 700; x_wconf 85' lang='grc' dir='ltr'>ἀδελφά</span> <span class='ocrx_word' id='word_1_40' title='bbox 1503 628 1947 702; x_wconf 78' lang='grc' dir='ltr'>μεταχειριζομέ-</span> 
     </span>
    </p>
   </div>
   <div class='ocr_carea' id='block_1_8' title="bbox 366 723 1462 794">
    <p class='ocr_par' dir='ltr' id='par_1_8' title="bbox 366 723 1462 794">
     <span class='ocr_line' id='line_1_8' title="bbox 366 723 1462 794; baseline -0.004 -16"><span class='ocrx_word' id='word_1_41' title='bbox 366 742 488 788; x_wconf 85' lang='grc' dir='ltr'>νους</span> <span class='ocrx_word' id='word_1_42' title='bbox 513 725 626 786; x_wconf 80' lang='grc' dir='ltr'>τοῖς</span> <span class='ocrx_word' id='word_1_43' title='bbox 653 724 722 776; x_wconf 72' lang='grc' dir='ltr'>τὰ</span> <span class='ocrx_word' id='word_1_44' title='bbox 759 723 1123 794; x_wconf 87' lang='grc' dir='ltr'>προλεχθέντα</span> <span class='ocrx_word' id='word_1_45' title='bbox 1151 723 1462 776; x_wconf 84' lang='grc' dir='ltr'>πεπονθόσι.</span> 
     </span>
    </p>
   </div>
   <div class='ocr_carea' id='block_1_9' title="bbox 441 815 1947 887">
    <p class='ocr_par' dir='ltr' id='par_1_9' title="bbox 441 815 1947 887">
     <span class='ocr_line' id='line_1_9' title="bbox 441 815 1947 887; baseline 0.001 -22"><span class='ocrx_word' id='word_1_46' title='bbox 441 834 460 865; x_wconf 74' lang='grc' dir='ltr'><strong>ι</strong></span> <span class='ocrx_word' id='word_1_47' title='bbox 497 815 605 868; x_wconf 75' lang='grc' dir='ltr'>Καὶ</span> <span class='ocrx_word' id='word_1_48' title='bbox 636 815 808 876; x_wconf 80' lang='grc' dir='ltr'>ἔσται,</span> <span class='ocrx_word' id='word_1_49' title='bbox 844 816 971 868; x_wconf 82' lang='grc' dir='ltr'>ὅταν</span> <span class='ocrx_word' id='word_1_50' title='bbox 1006 815 1295 886; x_wconf 77' lang='grc' dir='ltr'><strong>συντελέσῃ</strong></span> <span class='ocrx_word' id='word_1_51' title='bbox 1330 816 1533 887; x_wconf 83' lang='grc' dir='ltr'>Κύριος</span> <span class='ocrx_word' id='word_1_52' title='bbox 1575 816 1751 870; x_wconf 88' lang='grc' dir='ltr'>πάντα</span> <span class='ocrx_word' id='word_1_53' title='bbox 1779 815 1947 868; x_wconf 85' lang='grc' dir='ltr'>ποιῶν</span> 
     </span>
    </p>
   </div>
   <div class='ocr_carea' id='block_1_10' title="bbox 367 904 1948 977">
    <p class='ocr_par' dir='ltr' id='par_1_10' title="bbox 367 904 1948 977">
     <span class='ocr_line' id='line_1_10' title="bbox 367 904 1948 977; baseline -0.001 -17"><span class='ocrx_word' id='word_1_54' title='bbox 367 909 424 960; x_wconf 82' lang='grc' dir='ltr'><strong>ἐν</strong></span> <span class='ocrx_word' id='word_1_55' title='bbox 462 904 539 974; x_wconf 77' lang='grc' dir='ltr'><strong>τῷ</strong></span> <span class='ocrx_word' id='word_1_56' title='bbox 581 905 697 975; x_wconf 73' lang='grc' dir='ltr'>ὄρει</span> <span class='ocrx_word' id='word_1_57' title='bbox 725 905 862 958; x_wconf 86' lang='grc' dir='ltr'>Σιὼν</span> <span class='ocrx_word' id='word_1_58' title='bbox 894 906 985 958; x_wconf 78' lang='grc' dir='ltr'><strong>καὶ</strong></span> <span class='ocrx_word' id='word_1_59' title='bbox 1027 905 1402 977; x_wconf 83' lang='grc' dir='ltr'>Ἰερουσαλὴμ,</span> <span class='ocrx_word' id='word_1_60' title='bbox 1443 906 1809 977; x_wconf 75' lang='grc' dir='ltr'>ἐπισκέψομαι</span> <span class='ocrx_word' id='word_1_61' title='bbox 1856 907 1948 958; x_wconf 76' lang='grc' dir='ltr'><strong>ἐπὶ</strong></span> 
     </span>
    </p>
   </div>
   <div class='ocr_carea' id='block_1_11' title="bbox 365 995 1946 1070">
    <p class='ocr_par' dir='ltr' id='par_1_11' title="bbox 365 995 1946 1070">
     <span class='ocr_line' id='line_1_11' title="bbox 365 995 1946 1070; baseline 0.001 -20"><span class='ocrx_word' id='word_1_62' title='bbox 365 998 454 1050; x_wconf 71' lang='grc' dir='ltr'>τὸν</span> <span class='ocrx_word' id='word_1_63' title='bbox 476 995 599 1049; x_wconf 92' lang='grc' dir='ltr'>νοῦν</span> <span class='ocrx_word' id='word_1_64' title='bbox 623 997 713 1049; x_wconf 82' lang='grc' dir='ltr'><strong>τὸν</strong></span> <span class='ocrx_word' id='word_1_65' title='bbox 743 998 938 1067; x_wconf 83' lang='grc' dir='ltr'>μέγαν,</span> <span class='ocrx_word' id='word_1_66' title='bbox 974 999 1066 1050; x_wconf 76' lang='grc' dir='ltr'><strong>ἐπὶ</strong></span> <span class='ocrx_word' id='word_1_67' title='bbox 1102 998 1192 1050; x_wconf 84' lang='grc' dir='ltr'>τὸν</span> <span class='ocrx_word' id='word_1_68' title='bbox 1216 998 1449 1070; x_wconf 82' lang='grc' dir='ltr'>ἄρχοντα</span> <span class='ocrx_word' id='word_1_69' title='bbox 1473 998 1582 1051; x_wconf 90' lang='grc' dir='ltr'><strong>τῶν</strong></span> <span class='ocrx_word' id='word_1_70' title='bbox 1625 999 1946 1070; x_wconf 82' lang='grc' dir='ltr'>Ἀσσυρίων,</span> 
     </span>
    </p>
   </div>
   <div class='ocr_carea' id='block_1_12' title="bbox 367 1089 1942 1162">
    <p class='ocr_par' dir='ltr' id='par_1_12' title="bbox 367 1089 1942 1162">
     <span class='ocr_line' id='line_1_12' title="bbox 367 1089 1942 1162; baseline 0 -20"><span class='ocrx_word' id='word_1_71' title='bbox 367 1090 461 1142; x_wconf 71' lang='grc' dir='ltr'>καὶ</span> <span class='ocrx_word' id='word_1_72' title='bbox 492 1091 584 1141; x_wconf 68' lang='grc' dir='ltr'><strong>ἐπὶ</strong></span> <span class='ocrx_word' id='word_1_73' title='bbox 625 1090 685 1142; x_wconf 83' lang='grc' dir='ltr'>τὸ</span> <span class='ocrx_word' id='word_1_74' title='bbox 726 1089 857 1159; x_wconf 76' lang='grc' dir='ltr'>ὕψος</span> <span class='ocrx_word' id='word_1_75' title='bbox 898 1090 996 1160; x_wconf 86' lang='grc' dir='ltr'><strong>τῆς</strong></span> <span class='ocrx_word' id='word_1_76' title='bbox 1038 1089 1194 1161; x_wconf 80' lang='grc' dir='ltr'><strong>δόξης</strong></span> <span class='ocrx_word' id='word_1_77' title='bbox 1232 1091 1339 1143; x_wconf 90' lang='grc' dir='ltr'><strong>τῶν</strong></span> <span class='ocrx_word' id='word_1_78' title='bbox 1375 1090 1670 1162; x_wconf 78' lang='grc' dir='ltr'>ὀφθαλμῶν</span> <span class='ocrx_word' id='word_1_79' title='bbox 1699 1091 1884 1144; x_wconf 85' lang='grc' dir='ltr'>αὑτοῦ.</span> <span class='ocrx_word' id='word_1_80' title='bbox 1925 1112 1942 1142; x_wconf 67' lang='grc' dir='ltr'><strong><em>μ</em></strong></span> 
     </span>
    </p>
   </div>
   <div class='ocr_carea' id='block_1_13' title="bbox 379 1180 1949 1252">
    <p class='ocr_par' dir='ltr' id='par_1_13' title="bbox 379 1180 1949 1252">
     <span class='ocr_line' id='line_1_13' title="bbox 379 1180 1949 1252; baseline 0.002 -20"><span class='ocrx_word' id='word_1_81' title='bbox 379 1180 710 1244; x_wconf 79' lang='grc' dir='ltr'>’Δκολούθως</span> <span class='ocrx_word' id='word_1_82' title='bbox 731 1180 820 1234; x_wconf 90' lang='grc' dir='ltr'><strong>διά</strong></span> <span class='ocrx_word' id='word_1_83' title='bbox 844 1180 951 1233; x_wconf 87' lang='grc' dir='ltr'><strong>τῶν</strong></span> <span class='ocrx_word' id='word_1_84' title='bbox 978 1183 1352 1252; x_wconf 83' lang='grc' dir='ltr'>προκειμένων</span> <span class='ocrx_word' id='word_1_85' title='bbox 1381 1181 1666 1246; x_wconf 81' lang='grc' dir='ltr'>διδάσκων,</span> <span class='ocrx_word' id='word_1_86' title='bbox 1695 1183 1776 1235; x_wconf 84' lang='grc' dir='ltr'><strong>ὄτι</strong></span> <span class='ocrx_word' id='word_1_87' title='bbox 1811 1183 1949 1246; x_wconf 83' lang='grc' dir='ltr'>τέως</span> 
     </span>
    </p>
   </div>
   <div class='ocr_carea' id='block_1_14' title="bbox 369 1273 1950 1346">
    <p class='ocr_par' dir='ltr' id='par_1_14' title="bbox 369 1273 1950 1346">
     <span class='ocr_line' id='line_1_14' title="bbox 369 1273 1950 1346; baseline 0.002 -20"><span class='ocrx_word' id='word_1_88' title='bbox 369 1274 467 1345; x_wconf 81' lang='grc' dir='ltr'>μὲν</span> <span class='ocrx_word' id='word_1_89' title='bbox 523 1273 798 1344; x_wconf 79' lang='grc' dir='ltr'>Ἀσσύριοι</span> <span class='ocrx_word' id='word_1_90' title='bbox 828 1273 923 1325; x_wconf 78' lang='grc' dir='ltr'><strong>καὶ</strong></span> <span class='ocrx_word' id='word_1_91' title='bbox 949 1275 976 1326; x_wconf 99' lang='lat'><strong>6</strong></span> <span class='ocrx_word' id='word_1_92' title='bbox 1004 1274 1207 1326; x_wconf 88' lang='grc' dir='ltr'>τούτων</span> <span class='ocrx_word' id='word_1_93' title='bbox 1243 1275 1446 1346; x_wconf 79' lang='grc' dir='ltr'>ἄρχων,</span> <span class='ocrx_word' id='word_1_94' title='bbox 1499 1277 1548 1328; x_wconf 78' lang='grc' dir='ltr'>εἰ</span> <span class='ocrx_word' id='word_1_95' title='bbox 1587 1275 1681 1328; x_wconf 76' lang='grc' dir='ltr'>καὶ</span> <span class='ocrx_word' id='word_1_96' title='bbox 1722 1275 1950 1329; x_wconf 86' lang='grc' dir='ltr'>τοιαῦτα</span> 
     </span>
    </p>
   </div>
   <div class='ocr_carea' id='block_1_15' title="bbox 366 1365 1951 1438">
    <p class='ocr_par' dir='ltr' id='par_1_15' title="bbox 366 1365 1951 1438">
     <span class='ocr_line' id='line_1_15' title="bbox 366 1365 1951 1438; baseline 0.002 -21"><span class='ocrx_word' id='word_1_97' title='bbox 366 1367 524 1417; x_wconf 84' lang='grc' dir='ltr'>ὁποῖα</span> <span class='ocrx_word' id='word_1_98' title='bbox 568 1365 860 1434; x_wconf 87' lang='grc' dir='ltr'>δεδήλωται</span> <span class='ocrx_word' id='word_1_99' title='bbox 923 1365 1417 1436; x_wconf 83' lang='grc' dir='ltr'>ἀπηυθαδιάσαντο,</span> <span class='ocrx_word' id='word_1_100' title='bbox 1474 1367 1572 1438; x_wconf 77' lang='grc' dir='ltr'>τὴν</span> <span class='ocrx_word' id='word_1_101' title='bbox 1637 1366 1951 1438; x_wconf 88' lang='grc' dir='ltr'>Σαμάρειαν</span> 
     </span>
    </p>
   </div>
   <div class='ocr_carea' id='block_1_16' title="bbox 363 1457 1952 1529">
    <p class='ocr_par' dir='ltr' id='par_1_16' title="bbox 363 1457 1952 1529">
     <span class='ocr_line' id='line_1_16' title="bbox 363 1457 1952 1529; baseline 0.002 -21"><span class='ocrx_word' id='word_1_102' title='bbox 363 1457 678 1528; x_wconf 77' lang='grc' dir='ltr'>ὑποχείριον</span> <span class='ocrx_word' id='word_1_103' title='bbox 736 1457 1092 1528; x_wconf 88' lang='grc' dir='ltr'>πεποιημένοι</span> <span class='ocrx_word' id='word_1_104' title='bbox 1145 1459 1238 1511; x_wconf 81' lang='grc' dir='ltr'><strong>καὶ</strong></span> <span class='ocrx_word' id='word_1_105' title='bbox 1282 1459 1380 1528; x_wconf 84' lang='grc' dir='ltr'><strong>τὴν</strong></span> <span class='ocrx_word' id='word_1_106' title='bbox 1438 1458 1746 1529; x_wconf 81' lang='grc' dir='ltr'>Δαμασκὸν,</span> <span class='ocrx_word' id='word_1_107' title='bbox 1804 1459 1952 1529; x_wconf 84' lang='grc' dir='ltr'>ὅμως</span> 
     </span>
    </p>
   </div>
   <div class='ocr_carea' id='block_1_17' title="bbox 367 1548 1947 1622">
    <p class='ocr_par' dir='ltr' id='par_1_17' title="bbox 367 1548 1947 1622">
     <span class='ocr_line' id='line_1_17' title="bbox 367 1548 1947 1622; baseline 0.003 -23"><span class='ocrx_word' id='word_1_108' title='bbox 367 1548 545 1614; x_wconf 73' lang='grc' dir='ltr'>ἕξουσι</span> <span class='ocrx_word' id='word_1_109' title='bbox 574 1548 633 1600; x_wconf 85' lang='grc' dir='ltr'>τὸ</span> <span class='ocrx_word' id='word_1_110' title='bbox 663 1549 940 1619; x_wconf 87' lang='grc' dir='ltr'>ἐνδόσιμον</span> <span class='ocrx_word' id='word_1_111' title='bbox 978 1549 1072 1602; x_wconf 92' lang='grc' dir='ltr'><strong>τοῦ</strong></span> <span class='ocrx_word' id='word_1_112' title='bbox 1106 1550 1298 1620; x_wconf 85' lang='grc' dir='ltr'>χρόνου</span> <span class='ocrx_word' id='word_1_113' title='bbox 1334 1549 1497 1621; x_wconf 87' lang='grc' dir='ltr'>μέχρι</span> <span class='ocrx_word' id='word_1_114' title='bbox 1529 1549 1724 1622; x_wconf 79' lang='grc' dir='ltr'>καιροῦ</span> <span class='ocrx_word' id='word_1_115' title='bbox 1765 1569 1912 1612; x_wconf 89' lang='grc' dir='ltr'>τινος</span> <span class='ocrx_word' id='word_1_116' title='bbox 1934 1568 1947 1581; x_wconf 83' lang='lat'>&#39;</span> 
     </span>
    </p>
   </div>
   <div class='ocr_carea' id='block_1_18' title="bbox 367 1638 1954 1714">
    <p class='ocr_par' dir='ltr' id='par_1_18' title="bbox 367 1638 1954 1714">
     <span class='ocr_line' id='line_1_18' title="bbox 367 1638 1954 1714; baseline 0.001 -22"><span class='ocrx_word' id='word_1_117' title='bbox 367 1639 488 1710; x_wconf 78' lang='grc' dir='ltr'>μεθ’</span> <span class='ocrx_word' id='word_1_118' title='bbox 522 1639 579 1691; x_wconf 84' lang='grc' dir='ltr'>ὃν</span> <span class='ocrx_word' id='word_1_119' title='bbox 607 1640 706 1692; x_wconf 85' lang='grc' dir='ltr'><strong>ούκ</strong></span> <span class='ocrx_word' id='word_1_120' title='bbox 733 1638 811 1691; x_wconf 74' lang='grc' dir='ltr'>ἔτι</span> <span class='ocrx_word' id='word_1_121' title='bbox 860 1642 1184 1712; x_wconf 82' lang='grc' dir='ltr'>συστήσεται</span> <span class='ocrx_word' id='word_1_122' title='bbox 1223 1641 1400 1694; x_wconf 79' lang='grc' dir='ltr'>αὐτῶν</span> <span class='ocrx_word' id='word_1_123' title='bbox 1439 1643 1470 1712; x_wconf 87' lang='grc' dir='ltr'><strong>ή</strong></span> <span class='ocrx_word' id='word_1_124' title='bbox 1507 1642 1672 1714; x_wconf 84' lang='grc' dir='ltr'>ἀρχὴ,</span> <span class='ocrx_word' id='word_1_125' title='bbox 1721 1641 1820 1712; x_wconf 76' lang='grc' dir='ltr'><strong>τῆς</strong></span> <span class='ocrx_word' id='word_1_126' title='bbox 1853 1660 1954 1712; x_wconf 91' lang='grc' dir='ltr'>μα-</span> 
     </span>
    </p>
   </div>
   <div class='ocr_carea' id='block_1_19' title="bbox 367 1731 1949 1804">
    <p class='ocr_par' dir='ltr' id='par_1_19' title="bbox 367 1731 1949 1804">
     <span class='ocr_line' id='line_1_19' title="bbox 367 1731 1949 1804; baseline 0.002 -21"><span class='ocrx_word' id='word_1_127' title='bbox 367 1733 506 1802; x_wconf 82' lang='grc' dir='ltr'>κρᾶς</span> <span class='ocrx_word' id='word_1_128' title='bbox 534 1732 628 1784; x_wconf 74' lang='grc' dir='ltr'>καὶ</span> <span class='ocrx_word' id='word_1_129' title='bbox 653 1731 975 1796; x_wconf 82' lang='grc' dir='ltr'><strong>πολυτελοῦς</strong></span> <span class='ocrx_word' id='word_1_130' title='bbox 1017 1733 1293 1804; x_wconf 80' lang='grc' dir='ltr'>βασιλείας</span> <span class='ocrx_word' id='word_1_131' title='bbox 1327 1735 1406 1798; x_wconf 88' lang='grc' dir='ltr'><strong>είς</strong></span> <span class='ocrx_word' id='word_1_132' title='bbox 1449 1735 1511 1787; x_wconf 85' lang='grc' dir='ltr'><strong>τὸ</strong></span> <span class='ocrx_word' id='word_1_133' title='bbox 1544 1733 1807 1797; x_wconf 79' lang='grc' dir='ltr'>παντελὲς</span> <span class='ocrx_word' id='word_1_134' title='bbox 1848 1751 1949 1786; x_wconf 86' lang='grc' dir='ltr'>κα-</span> 
     </span>
    </p>
   </div>
   <div class='ocr_carea' id='block_1_20' title="bbox 365 1823 828 1895">
    <p class='ocr_par' dir='ltr' id='par_1_20' title="bbox 365 1823 828 1895">
     <span class='ocr_line' id='line_1_20' title="bbox 365 1823 828 1895; baseline 0.006 -20"><span class='ocrx_word' id='word_1_135' title='bbox 365 1823 567 1892; x_wconf 77' lang='grc' dir='ltr'>ταλυθη</span> <span class='ocrx_word' id='word_1_136' title='bbox 578 1841 636 1875; x_wconf 90' lang='grc' dir='ltr'>σο</span> <span class='ocrx_word' id='word_1_137' title='bbox 642 1823 828 1895; x_wconf 82' lang='grc' dir='ltr'>μένης.</span> 
     </span>
    </p>
   </div>
   <div class='ocr_carea' id='block_1_21' title="bbox 441 1909 1954 1985">
    <p class='ocr_par' dir='ltr' id='par_1_21' title="bbox 441 1909 1954 1985">
     <span class='ocr_line' id='line_1_21' title="bbox 441 1909 1954 1985; baseline 0 -21"><span class='ocrx_word' id='word_1_138' title='bbox 441 1930 460 1964; x_wconf 76' lang='grc' dir='ltr'><strong>ι</strong></span> <span class='ocrx_word' id='word_1_139' title='bbox 506 1909 640 1965; x_wconf 85' lang='grc' dir='ltr'>Εἷπε</span> <span class='ocrx_word' id='word_1_140' title='bbox 665 1913 794 1984; x_wconf 89' lang='grc' dir='ltr'><strong>γάρ,</strong></span> <span class='ocrx_word' id='word_1_141' title='bbox 827 1915 884 1966; x_wconf 92' lang='grc' dir='ltr'><strong>ἐν</strong></span> <span class='ocrx_word' id='word_1_142' title='bbox 925 1917 991 1985; x_wconf 84' lang='grc' dir='ltr'><strong>τῇ</strong></span> <span class='ocrx_word' id='word_1_143' title='bbox 1025 1912 1167 1984; x_wconf 84' lang='grc' dir='ltr'>ίσχύῖ</span> <span class='ocrx_word' id='word_1_144' title='bbox 1200 1914 1432 1983; x_wconf 87' lang='grc' dir='ltr'>ποιήσω,</span> <span class='ocrx_word' id='word_1_145' title='bbox 1464 1913 1559 1966; x_wconf 77' lang='grc' dir='ltr'><strong>καὶ</strong></span> <span class='ocrx_word' id='word_1_146' title='bbox 1604 1915 1661 1966; x_wconf 91' lang='grc' dir='ltr'><strong>ἐν</strong></span> <span class='ocrx_word' id='word_1_147' title='bbox 1694 1917 1759 1985; x_wconf 81' lang='grc' dir='ltr'>τῇ</span> <span class='ocrx_word' id='word_1_148' title='bbox 1793 1912 1954 1984; x_wconf 65' lang='grc' dir='ltr'>σοφίᾳ.</span> 
     </span>
    </p>
   </div>
   <div class='ocr_carea' id='block_1_22' title="bbox 364 2003 1955 2077">
    <p class='ocr_par' dir='ltr' id='par_1_22' title="bbox 364 2003 1955 2077">
     <span class='ocr_line' id='line_1_22' title="bbox 364 2003 1955 2077; baseline -0.001 -19"><span class='ocrx_word' id='word_1_149' title='bbox 364 2003 465 2075; x_wconf 84' lang='grc' dir='ltr'>τῆς</span> <span class='ocrx_word' id='word_1_150' title='bbox 495 2005 759 2068; x_wconf 88' lang='grc' dir='ltr'>συνέσεως</span> <span class='ocrx_word' id='word_1_151' title='bbox 783 2006 966 2074; x_wconf 86' lang='grc' dir='ltr'>ἀφελῶ</span> <span class='ocrx_word' id='word_1_152' title='bbox 987 2007 1110 2077; x_wconf 83' lang='grc' dir='ltr'>ὅρια</span> <span class='ocrx_word' id='word_1_153' title='bbox 1138 2005 1328 2068; x_wconf 81' lang='grc' dir='ltr'>ἐθνῶν,</span> <span class='ocrx_word' id='word_1_154' title='bbox 1354 2006 1447 2058; x_wconf 80' lang='grc' dir='ltr'>καὶ</span> <span class='ocrx_word' id='word_1_155' title='bbox 1472 2005 1568 2075; x_wconf 82' lang='grc' dir='ltr'>τὴν</span> <span class='ocrx_word' id='word_1_156' title='bbox 1601 2007 1750 2076; x_wconf 79' lang='grc' dir='ltr'>ἰσχὺν</span> <span class='ocrx_word' id='word_1_157' title='bbox 1778 2004 1955 2058; x_wconf 83' lang='grc' dir='ltr'>αὐτῶν</span> 
     </span>
    </p>
   </div>
   <div class='ocr_carea' id='block_1_23' title="bbox 367 2097 1954 2171">
    <p class='ocr_par' dir='ltr' id='par_1_23' title="bbox 367 2097 1954 2171">
     <span class='ocr_line' id='line_1_23' title="bbox 367 2097 1954 2171; baseline -0.002 -19"><span class='ocrx_word' id='word_1_158' title='bbox 367 2097 742 2169; x_wconf 86' lang='grc' dir='ltr'>προνομεύσω.</span> <span class='ocrx_word' id='word_1_159' title='bbox 781 2118 798 2150; x_wconf 75' lang='grc' dir='ltr'><strong>ι</strong></span> <span class='ocrx_word' id='word_1_160' title='bbox 853 2099 945 2171; x_wconf 82' lang='grc' dir='ltr'><strong>Μὴ</strong></span> <span class='ocrx_word' id='word_1_161' title='bbox 991 2099 1114 2162; x_wconf 74' lang='grc' dir='ltr'>δοὺς</span> <span class='ocrx_word' id='word_1_162' title='bbox 1149 2097 1257 2168; x_wconf 90' lang='grc' dir='ltr'><strong>γάρ</strong></span> <span class='ocrx_word' id='word_1_163' title='bbox 1307 2097 1465 2163; x_wconf 77' lang='grc' dir='ltr'>δόξαν</span> <span class='ocrx_word' id='word_1_164' title='bbox 1510 2097 1588 2168; x_wconf 83' lang='grc' dir='ltr'>τῷ</span> <span class='ocrx_word' id='word_1_165' title='bbox 1635 2097 1774 2168; x_wconf 80' lang='grc' dir='ltr'>Θεῷ,</span> <span class='ocrx_word' id='word_1_166' title='bbox 1819 2097 1954 2167; x_wconf 84' lang='grc' dir='ltr'>μηδὲ</span> 
     </span>
    </p>
   </div>
   <div class='ocr_carea' id='block_1_24' title="bbox 365 2185 1956 2262">
    <p class='ocr_par' dir='ltr' id='par_1_24' title="bbox 365 2185 1956 2262">
     <span class='ocr_line' id='line_1_24' title="bbox 365 2185 1956 2262; baseline -0.003 -18"><span class='ocrx_word' id='word_1_167' title='bbox 365 2190 740 2262; x_wconf 80' lang='grc' dir='ltr'>λογισάμενος,</span> <span class='ocrx_word' id='word_1_168' title='bbox 774 2193 854 2244; x_wconf 85' lang='grc' dir='ltr'>ὅτι</span> <span class='ocrx_word' id='word_1_169' title='bbox 884 2193 912 2244; x_wconf 92' lang='lat'><strong>6</strong></span> <span class='ocrx_word' id='word_1_170' title='bbox 944 2191 1050 2243; x_wconf 90' lang='grc' dir='ltr'><strong>τῶν</strong></span> <span class='ocrx_word' id='word_1_171' title='bbox 1081 2189 1216 2242; x_wconf 82' lang='grc' dir='ltr'>ὅλων</span> <span class='ocrx_word' id='word_1_172' title='bbox 1260 2190 1391 2253; x_wconf 81' lang='grc' dir='ltr'>Θεὸς</span> <span class='ocrx_word' id='word_1_173' title='bbox 1423 2190 1585 2254; x_wconf 73' lang='grc' dir='ltr'>αὐτὸς</span> <span class='ocrx_word' id='word_1_174' title='bbox 1615 2185 1682 2260; x_wconf 77' lang='grc' dir='ltr'><strong>ἦν</strong></span> <span class='ocrx_word' id='word_1_175' title='bbox 1725 2193 1752 2242; x_wconf 94' lang='lat'><strong>6</strong></span> <span class='ocrx_word' id='word_1_176' title='bbox 1779 2206 1956 2259; x_wconf 86' lang='grc' dir='ltr'>παρα-</span> 
     </span>
    </p>
   </div>
   <div class='ocr_carea' id='block_1_25' title="bbox 355 2275 1953 2355">
    <p class='ocr_par' dir='ltr' id='par_1_25' title="bbox 355 2275 1953 2355">
     <span class='ocr_line' id='line_1_25' title="bbox 355 2275 1953 2355; baseline -0.004 -17"><span class='ocrx_word' id='word_1_177' title='bbox 355 2285 489 2348; x_wconf 79' lang='grc' dir='ltr'>-δοὺς</span> <span class='ocrx_word' id='word_1_178' title='bbox 513 2285 659 2355; x_wconf 79' lang='grc' dir='ltr'>αύτῷ</span> <span class='ocrx_word' id='word_1_179' title='bbox 689 2275 781 2337; x_wconf 69' lang='grc' dir='ltr'><strong>καὶ</strong></span> <span class='ocrx_word' id='word_1_180' title='bbox 803 2285 891 2336; x_wconf 73' lang='grc' dir='ltr'>τὸν</span> <span class='ocrx_word' id='word_1_181' title='bbox 930 2282 1147 2353; x_wconf 80' lang='grc' dir='ltr'>Ἰσραὴλ</span> <span class='ocrx_word' id='word_1_182' title='bbox 1176 2284 1270 2335; x_wconf 73' lang='grc' dir='ltr'>καὶ</span> <span class='ocrx_word' id='word_1_183' title='bbox 1303 2281 1395 2335; x_wconf 84' lang='grc' dir='ltr'><strong>τὸν</strong></span> <span class='ocrx_word' id='word_1_184' title='bbox 1431 2282 1658 2345; x_wconf 83' lang='grc' dir='ltr'>Ἰούδαν,</span> <span class='ocrx_word' id='word_1_185' title='bbox 1689 2281 1782 2333; x_wconf 81' lang='grc' dir='ltr'><strong>καὶ</strong></span> <span class='ocrx_word' id='word_1_186' title='bbox 1817 2280 1953 2332; x_wconf 88' lang='grc' dir='ltr'>πάν-</span> 
     </span>
    </p>
   </div>
   <div class='ocr_carea' id='block_1_26' title="bbox 369 2373 1954 2447">
    <p class='ocr_par' dir='ltr' id='par_1_26' title="bbox 369 2373 1954 2447">
     <span class='ocr_line' id='line_1_26' title="bbox 369 2373 1954 2447; baseline -0.003 -18"><span class='ocrx_word' id='word_1_187' title='bbox 369 2394 466 2438; x_wconf 90' lang='grc' dir='ltr'><strong>τας</strong></span> <span class='ocrx_word' id='word_1_188' title='bbox 497 2379 622 2439; x_wconf 71' lang='grc' dir='ltr'>τοὺς</span> <span class='ocrx_word' id='word_1_189' title='bbox 663 2376 934 2447; x_wconf 82' lang='grc' dir='ltr'>τιμωρίας</span> <span class='ocrx_word' id='word_1_190' title='bbox 979 2374 1182 2438; x_wconf 79' lang='grc' dir='ltr'>ἀξίους,</span> <span class='ocrx_word' id='word_1_191' title='bbox 1224 2374 1366 2445; x_wconf 83' lang='grc' dir='ltr'>μέγα</span> <span class='ocrx_word' id='word_1_192' title='bbox 1401 2375 1690 2445; x_wconf 83' lang='grc' dir='ltr'>ἐφρόνησε,</span> <span class='ocrx_word' id='word_1_193' title='bbox 1740 2373 1954 2444; x_wconf 89' lang='grc' dir='ltr'>διανοη-</span> 
     </span>
    </p>
   </div>
   <div class='ocr_carea' id='block_1_27' title="bbox 361 2463 1952 2537">
    <p class='ocr_par' dir='ltr' id='par_1_27' title="bbox 361 2463 1952 2537">
     <span class='ocr_line' id='line_1_27' title="bbox 361 2463 1952 2537; baseline -0.003 -18"><span class='ocrx_word' id='word_1_194' title='bbox 361 2466 485 2530; x_wconf 80' lang='grc' dir='ltr'>θεὶς</span> <span class='ocrx_word' id='word_1_195' title='bbox 518 2467 612 2519; x_wconf 75' lang='grc' dir='ltr'><strong>καὶ</strong></span> <span class='ocrx_word' id='word_1_196' title='bbox 656 2467 791 2537; x_wconf 77' lang='grc' dir='ltr'>πρὸς</span> <span class='ocrx_word' id='word_1_197' title='bbox 840 2466 1028 2518; x_wconf 80' lang='grc' dir='ltr'>ἐαυτὸν</span> <span class='ocrx_word' id='word_1_198' title='bbox 1082 2463 1272 2528; x_wconf 79' lang='grc' dir='ltr'>εἰπὼν,</span> <span class='ocrx_word' id='word_1_199' title='bbox 1321 2465 1462 2519; x_wconf 87' lang='grc' dir='ltr'><strong>κατά</strong></span> <span class='ocrx_word' id='word_1_200' title='bbox 1502 2465 1590 2518; x_wconf 83' lang='grc' dir='ltr'><strong>τὸν</strong></span> <span class='ocrx_word' id='word_1_201' title='bbox 1635 2464 1952 2535; x_wconf 77' lang='grc' dir='ltr'>Σύμμαχον,</span> 
     </span>
    </p>
   </div>
   <div class='ocr_carea' id='block_1_28' title="bbox 372 2557 1950 2628">
    <p class='ocr_par' dir='ltr' id='par_1_28' title="bbox 372 2557 1950 2628">
     <span class='ocr_line' id='line_1_28' title="bbox 372 2557 1950 2628; baseline 0.001 -19"><span class='ocrx_word' id='word_1_202' title='bbox 372 2575 394 2609; x_wconf 75' lang='grc' dir='ltr'><strong>ι</strong></span> <span class='ocrx_word' id='word_1_203' title='bbox 444 2559 530 2610; x_wconf 89' lang='grc' dir='ltr'>Ἐν</span> <span class='ocrx_word' id='word_1_204' title='bbox 562 2561 627 2628; x_wconf 84' lang='grc' dir='ltr'>τῇ</span> <span class='ocrx_word' id='word_1_205' title='bbox 656 2557 880 2628; x_wconf 81' lang='grc' dir='ltr'>δυνάμει</span> <span class='ocrx_word' id='word_1_206' title='bbox 911 2559 1009 2628; x_wconf 79' lang='grc' dir='ltr'>τῆς</span> <span class='ocrx_word' id='word_1_207' title='bbox 1041 2559 1220 2628; x_wconf 79' lang='grc' dir='ltr'>χειρὸς</span> <span class='ocrx_word' id='word_1_208' title='bbox 1247 2558 1500 2628; x_wconf 84' lang='grc' dir='ltr'>ἐποίησα,</span> <span class='ocrx_word' id='word_1_209' title='bbox 1535 2577 1552 2608; x_wconf 76' lang='grc' dir='ltr'><strong>ι</strong></span> <span class='ocrx_word' id='word_1_210' title='bbox 1588 2559 1682 2610; x_wconf 76' lang='grc' dir='ltr'><strong>καὶ</strong></span> <span class='ocrx_word' id='word_1_211' title='bbox 1705 2557 1774 2610; x_wconf 80' lang='grc' dir='ltr'>τὰ</span> <span class='ocrx_word' id='word_1_212' title='bbox 1802 2557 1950 2626; x_wconf 79' lang='grc' dir='ltr'><strong>ἑξῆς.</strong></span> 
     </span>
    </p>
   </div>
   <div class='ocr_carea' id='block_1_29' title="bbox 444 2649 1956 2721">
    <p class='ocr_par' dir='ltr' id='par_1_29' title="bbox 444 2649 1956 2721">
     <span class='ocr_line' id='line_1_29' title="bbox 444 2649 1956 2721; baseline 0.001 -21"><span class='ocrx_word' id='word_1_213' title='bbox 444 2667 464 2700; x_wconf 74' lang='grc' dir='ltr'><strong>ι</strong></span> <span class='ocrx_word' id='word_1_214' title='bbox 508 2650 614 2702; x_wconf 72' lang='grc' dir='ltr'>Καὶ</span> <span class='ocrx_word' id='word_1_215' title='bbox 647 2649 810 2701; x_wconf 85' lang='grc' dir='ltr'>σείσω</span> <span class='ocrx_word' id='word_1_216' title='bbox 841 2650 1021 2712; x_wconf 84' lang='grc' dir='ltr'>πόλεις</span> <span class='ocrx_word' id='word_1_217' title='bbox 1049 2649 1496 2720; x_wconf 84' lang='grc' dir='ltr'>κατοικουμένας,</span> <span class='ocrx_word' id='word_1_218' title='bbox 1531 2651 1624 2703; x_wconf 77' lang='grc' dir='ltr'>καὶ</span> <span class='ocrx_word' id='word_1_219' title='bbox 1648 2650 1746 2721; x_wconf 82' lang='grc' dir='ltr'><strong>τὴν</strong></span> <span class='ocrx_word' id='word_1_220' title='bbox 1774 2653 1956 2703; x_wconf 84' lang='grc' dir='ltr'>οἰκου-</span> 
     </span>
    </p>
   </div>
   <div class='ocr_carea' id='block_1_30' title="bbox 369 2741 1952 2817">
    <p class='ocr_par' dir='ltr' id='par_1_30' title="bbox 369 2741 1952 2817">
     <span class='ocr_line' id='line_1_30' title="bbox 369 2741 1952 2817; baseline 0.001 -22"><span class='ocrx_word' id='word_1_221' title='bbox 369 2743 536 2814; x_wconf 84' lang='grc' dir='ltr'>μένην</span> <span class='ocrx_word' id='word_1_222' title='bbox 568 2741 695 2812; x_wconf 83' lang='grc' dir='ltr'>ὂλην</span> <span class='ocrx_word' id='word_1_223' title='bbox 725 2743 1109 2813; x_wconf 67' lang='grc' dir='ltr'>καταλήψομαι</span> <span class='ocrx_word' id='word_1_224' title='bbox 1151 2747 1217 2814; x_wconf 83' lang='grc' dir='ltr'>τῇ</span> <span class='ocrx_word' id='word_1_225' title='bbox 1254 2743 1397 2817; x_wconf 75' lang='grc' dir='ltr'>χειρὶ</span> <span class='ocrx_word' id='word_1_226' title='bbox 1438 2743 1513 2807; x_wconf 85' lang='grc' dir='ltr'>ὡς</span> <span class='ocrx_word' id='word_1_227' title='bbox 1565 2744 1806 2807; x_wconf 74' lang='grc' dir='ltr'>νοσσιὰν,</span> <span class='ocrx_word' id='word_1_228' title='bbox 1857 2745 1952 2797; x_wconf 76' lang='grc' dir='ltr'><strong>καὶ</strong></span> 
     </span>
    </p>
   </div>
   <div class='ocr_carea' id='block_1_31' title="bbox 361 2835 1949 2906">
    <p class='ocr_par' dir='ltr' id='par_1_31' title="bbox 361 2835 1949 2906">
     <span class='ocr_line' id='line_1_31' title="bbox 361 2835 1949 2906; baseline 0 -18"><span class='ocrx_word' id='word_1_229' title='bbox 361 2835 441 2898; x_wconf 81' lang='grc' dir='ltr'><strong>ὡς</strong></span> <span class='ocrx_word' id='word_1_230' title='bbox 466 2835 935 2906; x_wconf 83' lang='grc' dir='ltr'>καταλελειμμένα</span> <span class='ocrx_word' id='word_1_231' title='bbox 967 2837 1047 2888; x_wconf 80' lang='grc' dir='ltr'><strong>ὠά</strong></span> <span class='ocrx_word' id='word_1_232' title='bbox 1079 2835 1227 2906; x_wconf 85' lang='grc' dir='ltr'>ἀρῶ·</span> <span class='ocrx_word' id='word_1_233' title='bbox 1267 2836 1362 2888; x_wconf 81' lang='grc' dir='ltr'><strong>καὶ</strong></span> <span class='ocrx_word' id='word_1_234' title='bbox 1404 2837 1502 2888; x_wconf 86' lang='grc' dir='ltr'><strong>ούκ</strong></span> <span class='ocrx_word' id='word_1_235' title='bbox 1543 2836 1686 2888; x_wconf 80' lang='grc' dir='ltr'>ἔστιν</span> <span class='ocrx_word' id='word_1_236' title='bbox 1730 2835 1788 2899; x_wconf 85' lang='grc' dir='ltr'>ὃς</span> <span class='ocrx_word' id='word_1_237' title='bbox 1833 2836 1949 2889; x_wconf 89' lang='grc' dir='ltr'>δια-</span> 
     </span>
    </p>
   </div>
   <div class='ocr_carea' id='block_1_32' title="bbox 358 2925 1950 3000">
    <p class='ocr_par' dir='ltr' id='par_1_32' title="bbox 358 2925 1950 3000">
     <span class='ocr_line' id='line_1_32' title="bbox 358 2925 1950 3000; baseline 0.001 -22"><span class='ocrx_word' id='word_1_238' title='bbox 358 2925 620 2994; x_wconf 77' lang='grc' dir='ltr'>φεύξεταί</span> <span class='ocrx_word' id='word_1_239' title='bbox 659 2944 746 2996; x_wconf 89' lang='grc' dir='ltr'><strong>με,</strong></span> <span class='ocrx_word' id='word_1_240' title='bbox 781 2927 812 2997; x_wconf 82' lang='grc' dir='ltr'>ἢ</span> <span class='ocrx_word' id='word_1_241' title='bbox 849 2929 1077 3000; x_wconf 78' lang='grc' dir='ltr'>ἀντείπῃ</span> <span class='ocrx_word' id='word_1_242' title='bbox 1113 2945 1223 2998; x_wconf 88' lang='grc' dir='ltr'>μοι.</span> <span class='ocrx_word' id='word_1_243' title='bbox 1255 2927 1345 2997; x_wconf 84' lang='grc' dir='ltr'><strong>Μὴ</strong></span> <span class='ocrx_word' id='word_1_244' title='bbox 1375 2926 1764 2997; x_wconf 80' lang='grc' dir='ltr'>δοξασθήσεται</span> <span class='ocrx_word' id='word_1_245' title='bbox 1796 2927 1950 3000; x_wconf 79' lang='grc' dir='ltr'>ἀξίνη</span> 
     </span>
    </p>
   </div>
   <div class='ocr_carea' id='block_1_33' title="bbox 366 3019 1950 3092">
    <p class='ocr_par' dir='ltr' id='par_1_33' title="bbox 366 3019 1950 3092">
     <span class='ocr_line' id='line_1_33' title="bbox 366 3019 1950 3092; baseline -0.001 -18"><span class='ocrx_word' id='word_1_246' title='bbox 366 3021 491 3075; x_wconf 78' lang='grc' dir='ltr'>ἄνευ</span> <span class='ocrx_word' id='word_1_247' title='bbox 521 3019 616 3072; x_wconf 88' lang='grc' dir='ltr'><strong>τοῦ</strong></span> <span class='ocrx_word' id='word_1_248' title='bbox 661 3021 987 3085; x_wconf 83' lang='grc' dir='ltr'>κόπτοντος;</span> <span class='ocrx_word' id='word_1_249' title='bbox 1022 3021 1054 3092; x_wconf 82' lang='grc' dir='ltr'>ἢ</span> <span class='ocrx_word' id='word_1_250' title='bbox 1091 3021 1438 3090; x_wconf 72' lang='grc' dir='ltr'>ὑψωθήσεται</span> <span class='ocrx_word' id='word_1_251' title='bbox 1471 3021 1646 3092; x_wconf 85' lang='grc' dir='ltr'>πρίων</span> <span class='ocrx_word' id='word_1_252' title='bbox 1693 3019 1820 3073; x_wconf 81' lang='grc' dir='ltr'>ἄνευ</span> <span class='ocrx_word' id='word_1_253' title='bbox 1855 3019 1950 3072; x_wconf 88' lang='grc' dir='ltr'><strong>τοῦ</strong></span> 
     </span>
    </p>
   </div>
   <div class='ocr_carea' id='block_1_34' title="bbox 356 3111 2024 3210">
    <p class='ocr_par' dir='ltr' id='par_1_34' title="bbox 356 3111 2024 3210">
     <span class='ocr_line' id='line_1_34' title="bbox 356 3111 2024 3210; baseline -0.001 -44"><span class='ocrx_word' id='word_1_254' title='bbox 356 3113 614 3176; x_wconf 63' lang='grc' dir='ltr'>ἕλκοντος</span> <span class='ocrx_word' id='word_1_255' title='bbox 648 3113 829 3176; x_wconf 75' lang='grc' dir='ltr'>αὐτόν,</span> <span class='ocrx_word' id='word_1_256' title='bbox 866 3113 940 3176; x_wconf 80' lang='grc' dir='ltr'>ὡς</span> <span class='ocrx_word' id='word_1_257' title='bbox 968 3113 1031 3166; x_wconf 82' lang='grc' dir='ltr'><strong>ἄν</strong></span> <span class='ocrx_word' id='word_1_258' title='bbox 1063 3131 1146 3176; x_wconf 85' lang='grc' dir='ltr'><strong>τις</strong></span> <span class='ocrx_word' id='word_1_259' title='bbox 1179 3114 1285 3185; x_wconf 84' lang='grc' dir='ltr'><strong>ἄρῃ</strong></span> <span class='ocrx_word' id='word_1_260' title='bbox 1327 3111 1519 3183; x_wconf 71' lang='grc' dir='ltr'>ῥάϐδον</span> <span class='ocrx_word' id='word_1_261' title='bbox 1553 3111 1584 3182; x_wconf 80' lang='grc' dir='ltr'>ἢ</span> <span class='ocrx_word' id='word_1_262' title='bbox 1623 3111 1807 3176; x_wconf 83' lang='grc' dir='ltr'>ξύλον;</span> <span class='ocrx_word' id='word_1_263' title='bbox 1842 3113 1953 3165; x_wconf 77' lang='grc' dir='ltr'><strong>Καὶ</strong></span> <span class='ocrx_word' id='word_1_264' title='bbox 1981 3151 2024 3210; x_wconf 82' lang='lat' dir='ltr'><strong><em>C</em></strong></span> 
     </span>
    </p>
   </div>
   <div class='ocr_carea' id='block_1_35' title="bbox 365 3202 1950 3276">
    <p class='ocr_par' dir='ltr' id='par_1_35' title="bbox 365 3202 1950 3276">
     <span class='ocr_line' id='line_1_35' title="bbox 365 3202 1950 3276; baseline -0.001 -18"><span class='ocrx_word' id='word_1_265' title='bbox 365 3205 670 3276; x_wconf 76' lang='grc' dir='ltr'>οὐχοῦτως,</span> <span class='ocrx_word' id='word_1_266' title='bbox 692 3205 806 3258; x_wconf 78' lang='grc' dir='ltr'>ἀλλ’</span> <span class='ocrx_word' id='word_1_267' title='bbox 829 3204 1116 3257; x_wconf 83' lang='grc' dir='ltr'>ἀποστελεῖ</span> <span class='ocrx_word' id='word_1_268' title='bbox 1143 3204 1345 3274; x_wconf 84' lang='grc' dir='ltr'>Κύριος</span> <span class='ocrx_word' id='word_1_269' title='bbox 1362 3202 1588 3257; x_wconf 84' lang='grc' dir='ltr'>Σαϐαὼθ</span> <span class='ocrx_word' id='word_1_270' title='bbox 1611 3205 1692 3268; x_wconf 86' lang='grc' dir='ltr'><strong>είς</strong></span> <span class='ocrx_word' id='word_1_271' title='bbox 1724 3202 1823 3273; x_wconf 82' lang='grc' dir='ltr'>τὴν</span> <span class='ocrx_word' id='word_1_272' title='bbox 1853 3203 1950 3274; x_wconf 76' lang='grc' dir='ltr'><strong>σήν</strong></span> 
     </span>
    </p>
   </div>
   <div class='ocr_carea' id='block_1_36' title="bbox 365 3296 1953 3370">
    <p class='ocr_par' dir='ltr' id='par_1_36' title="bbox 365 3296 1953 3370">
     <span class='ocr_line' id='line_1_36' title="bbox 365 3296 1953 3370; baseline -0.001 -19"><span class='ocrx_word' id='word_1_273' title='bbox 365 3300 534 3370; x_wconf 81' lang='grc' dir='ltr'>τιμὴν</span> <span class='ocrx_word' id='word_1_274' title='bbox 581 3299 825 3370; x_wconf 80' lang='grc' dir='ltr'>ἀτιμίαν,</span> <span class='ocrx_word' id='word_1_275' title='bbox 857 3299 953 3351; x_wconf 55' lang='grc' dir='ltr'><strong>καὶ⁹</strong></span> <span class='ocrx_word' id='word_1_276' title='bbox 991 3300 1072 3361; x_wconf 83' lang='grc' dir='ltr'><strong>είς</strong></span> <span class='ocrx_word' id='word_1_277' title='bbox 1105 3298 1204 3366; x_wconf 83' lang='grc' dir='ltr'><strong>τὴν</strong></span> <span class='ocrx_word' id='word_1_278' title='bbox 1252 3297 1348 3368; x_wconf 81' lang='grc' dir='ltr'>σὴν</span> <span class='ocrx_word' id='word_1_279' title='bbox 1395 3297 1549 3364; x_wconf 80' lang='grc' dir='ltr'>δόξαν</span> <span class='ocrx_word' id='word_1_280' title='bbox 1585 3296 1695 3368; x_wconf 89' lang='grc' dir='ltr'><strong>πῦρ</strong></span> <span class='ocrx_word' id='word_1_281' title='bbox 1727 3298 1953 3368; x_wconf 90' lang='grc' dir='ltr'>καιόμε-</span> 
     </span>
    </p>
   </div>
   <div class='ocr_carea' id='block_1_37' title="bbox 369 3388 1957 3461">
    <p class='ocr_par' dir='ltr' id='par_1_37' title="bbox 369 3388 1957 3461">
     <span class='ocr_line' id='line_1_37' title="bbox 369 3388 1957 3461; baseline 0 -18"><span class='ocrx_word' id='word_1_282' title='bbox 369 3407 458 3443; x_wconf 86' lang='grc' dir='ltr'>νον</span> <span class='ocrx_word' id='word_1_283' title='bbox 491 3389 842 3460; x_wconf 87' lang='grc' dir='ltr'>καυθήσεται.</span> <span class='ocrx_word' id='word_1_284' title='bbox 888 3409 905 3442; x_wconf 75' lang='grc' dir='ltr'><strong>ι</strong></span> <span class='ocrx_word' id='word_1_285' title='bbox 945 3389 1089 3461; x_wconf 86' lang='grc' dir='ltr'>Πρὸς</span> <span class='ocrx_word' id='word_1_286' title='bbox 1120 3389 1309 3442; x_wconf 88' lang='grc' dir='ltr'>τοῦτον</span> <span class='ocrx_word' id='word_1_287' title='bbox 1360 3388 1450 3442; x_wconf 75' lang='grc' dir='ltr'><strong>τὸν</strong></span> <span class='ocrx_word' id='word_1_288' title='bbox 1493 3389 1841 3460; x_wconf 80' lang='grc' dir='ltr'>ὑπερήφανον</span> <span class='ocrx_word' id='word_1_289' title='bbox 1869 3389 1957 3443; x_wconf 83' lang='grc' dir='ltr'><strong>λο-</strong></span> 
     </span>
    </p>
   </div>
   <div class='ocr_carea' id='block_1_38' title="bbox 366 3477 1952 3550">
    <p class='ocr_par' dir='ltr' id='par_1_38' title="bbox 366 3477 1952 3550">
     <span class='ocr_line' id='line_1_38' title="bbox 366 3477 1952 3550; baseline 0.001 -20"><span class='ocrx_word' id='word_1_290' title='bbox 366 3479 585 3550; x_wconf 85' lang='grc' dir='ltr'>γισμὸν,</span> <span class='ocrx_word' id='word_1_291' title='bbox 644 3479 751 3532; x_wconf 81' lang='grc' dir='ltr'>εἴτε</span> <span class='ocrx_word' id='word_1_292' title='bbox 806 3497 891 3544; x_wconf 89' lang='grc' dir='ltr'><strong>τις</strong></span> <span class='ocrx_word' id='word_1_293' title='bbox 958 3479 1310 3550; x_wconf 84' lang='grc' dir='ltr'>ἀντικειμένη</span> <span class='ocrx_word' id='word_1_294' title='bbox 1357 3477 1582 3549; x_wconf 88' lang='grc' dir='ltr'>δύναμις</span> <span class='ocrx_word' id='word_1_295' title='bbox 1638 3478 1952 3549; x_wconf 88' lang='grc' dir='ltr'>ἐτύγχανεν,</span> 
     </span>
    </p>
   </div>
   <div class='ocr_carea' id='block_1_39' title="bbox 365 3569 1954 3644">
    <p class='ocr_par' dir='ltr' id='par_1_39' title="bbox 365 3569 1954 3644">
     <span class='ocr_line' id='line_1_39' title="bbox 365 3569 1954 3644; baseline 0.001 -21"><span class='ocrx_word' id='word_1_296' title='bbox 365 3569 553 3644; x_wconf 88' lang='grc' dir='ltr'>ῶσπερ</span> <span class='ocrx_word' id='word_1_297' title='bbox 585 3574 612 3625; x_wconf 89' lang='lat'><strong>6</strong></span> <span class='ocrx_word' id='word_1_298' title='bbox 638 3571 819 3644; x_wconf 78' lang='grc' dir='ltr'>ἄρχων</span> <span class='ocrx_word' id='word_1_299' title='bbox 850 3571 1129 3642; x_wconf 83' lang='grc' dir='ltr'>βασιλείας</span> <span class='ocrx_word' id='word_1_300' title='bbox 1159 3570 1404 3642; x_wconf 87' lang='grc' dir='ltr'>Περσῶν,</span> <span class='ocrx_word' id='word_1_301' title='bbox 1443 3571 1535 3624; x_wconf 73' lang='grc' dir='ltr'><strong>καὶ</strong></span> <span class='ocrx_word' id='word_1_302' title='bbox 1565 3573 1593 3624; x_wconf 93' lang='lat'><strong>6</strong></span> <span class='ocrx_word' id='word_1_303' title='bbox 1627 3570 1812 3644; x_wconf 84' lang='grc' dir='ltr'>ἄρχων</span> <span class='ocrx_word' id='word_1_304' title='bbox 1855 3572 1954 3642; x_wconf 88' lang='grc' dir='ltr'>βα-</span> 
     </span>
    </p>
   </div>
   <div class='ocr_carea' id='block_1_40' title="bbox 366 3661 1950 3734">
    <p class='ocr_par' dir='ltr' id='par_1_40' title="bbox 366 3661 1950 3734">
     <span class='ocr_line' id='line_1_40' title="bbox 366 3661 1950 3734; baseline 0.001 -21"><span class='ocrx_word' id='word_1_305' title='bbox 366 3661 572 3725; x_wconf 86' lang='grc' dir='ltr'>σιλείας</span> <span class='ocrx_word' id='word_1_306' title='bbox 617 3664 836 3733; x_wconf 84' lang='grc' dir='ltr'>Μήδων,</span> <span class='ocrx_word' id='word_1_307' title='bbox 890 3662 986 3716; x_wconf 56' lang='grc' dir='ltr'><strong>καὶ⁵</strong></span> <span class='ocrx_word' id='word_1_308' title='bbox 1033 3663 1061 3714; x_wconf 88' lang='lat'><strong>6</strong></span> <span class='ocrx_word' id='word_1_309' title='bbox 1107 3662 1291 3733; x_wconf 79' lang='grc' dir='ltr'>ἄρχων</span> <span class='ocrx_word' id='word_1_310' title='bbox 1324 3661 1601 3732; x_wconf 85' lang='grc' dir='ltr'>βασιλείας</span> <span class='ocrx_word' id='word_1_311' title='bbox 1649 3663 1950 3734; x_wconf 76' lang='grc' dir='ltr'>Ἐλλήνωνο</span> 
     </span>
    </p>
   </div>
   <div class='ocr_carea' id='block_1_41' title="bbox 361 3751 1948 3822">
    <p class='ocr_par' dir='ltr' id='par_1_41' title="bbox 361 3751 1948 3822">
     <span class='ocr_line' id='line_1_41' title="bbox 361 3751 1948 3822; baseline 0.001 -16"><span class='ocrx_word' id='word_1_312' title='bbox 361 3751 506 3806; x_wconf 77' lang='grc' dir='ltr'>οὕτω</span> <span class='ocrx_word' id='word_1_313' title='bbox 528 3752 636 3822; x_wconf 74' lang='grc' dir='ltr'><strong>γὰρ</strong></span> <span class='ocrx_word' id='word_1_314' title='bbox 661 3753 800 3804; x_wconf 83' lang='grc' dir='ltr'>είποι</span> <span class='ocrx_word' id='word_1_315' title='bbox 831 3751 896 3807; x_wconf 82' lang='grc' dir='ltr'><strong>ἄν</strong></span> <span class='ocrx_word' id='word_1_316' title='bbox 925 3769 1009 3812; x_wconf 91' lang='grc' dir='ltr'><strong>τις</strong></span> <span class='ocrx_word' id='word_1_317' title='bbox 1038 3753 1130 3804; x_wconf 75' lang='grc' dir='ltr'><strong>καὶ</strong></span> <span class='ocrx_word' id='word_1_318' title='bbox 1156 3751 1396 3822; x_wconf 77' lang='grc' dir='ltr'>ἄρχοντα</span> <span class='ocrx_word' id='word_1_319' title='bbox 1425 3751 1706 3822; x_wconf 86' lang='grc' dir='ltr'>βασιλείας</span> <span class='ocrx_word' id='word_1_320' title='bbox 1753 3755 1948 3808; x_wconf 84' lang='grc' dir='ltr'>Ἀσσυ-</span> 
     </span>
    </p>
   </div>
   <div class='ocr_carea' id='block_1_42' title="bbox 365 3842 1957 3916">
    <p class='ocr_par' dir='ltr' id='par_1_42' title="bbox 365 3842 1957 3916">
     <span class='ocr_line' id='line_1_42' title="bbox 365 3842 1957 3916; baseline 0 -20"><span class='ocrx_word' id='word_1_321' title='bbox 365 3843 497 3915; x_wconf 84' lang='grc' dir='ltr'>ρίων</span> <span class='ocrx_word' id='word_1_322' title='bbox 525 3843 803 3911; x_wconf 83' lang='grc' dir='ltr'>γεγονέναι</span> <span class='ocrx_word' id='word_1_323' title='bbox 824 3842 947 3894; x_wconf 77' lang='grc' dir='ltr'>τινὰ</span> <span class='ocrx_word' id='word_1_324' title='bbox 967 3843 1056 3894; x_wconf 84' lang='grc' dir='ltr'><strong>τὸν</strong></span> <span class='ocrx_word' id='word_1_325' title='bbox 1084 3842 1540 3912; x_wconf 82' lang='grc' dir='ltr'>ἀλαζονευόμενον</span> <span class='ocrx_word' id='word_1_326' title='bbox 1581 3843 1793 3906; x_wconf 75' lang='grc' dir='ltr'>καὶτὰς</span> <span class='ocrx_word' id='word_1_327' title='bbox 1823 3863 1957 3916; x_wconf 88' lang='grc' dir='ltr'>προ-</span> 
     </span>
    </p>
   </div>
   <div class='ocr_carea' id='block_1_43' title="bbox 366 3927 1952 4005">
    <p class='ocr_par' dir='ltr' id='par_1_43' title="bbox 366 3927 1952 4005">
     <span class='ocr_line' id='line_1_43' title="bbox 366 3927 1952 4005; baseline 0.002 -19"><span class='ocrx_word' id='word_1_328' title='bbox 366 3934 626 4004; x_wconf 84' lang='grc' dir='ltr'>κειμένας</span> <span class='ocrx_word' id='word_1_329' title='bbox 649 3934 832 4001; x_wconf 80' lang='grc' dir='ltr'>φωνάς</span> <span class='ocrx_word' id='word_1_330' title='bbox 859 3933 1231 4002; x_wconf 74' lang='grc' dir='ltr'>φθεγξάμενον</span> <span class='ocrx_word' id='word_1_331' title='bbox 1254 3949 1268 3962; x_wconf 91' lang='grc'><strong>·</strong></span> <span class='ocrx_word' id='word_1_332' title='bbox 1312 3933 1425 3985; x_wconf 73' lang='grc' dir='ltr'>εἴτε</span> <span class='ocrx_word' id='word_1_333' title='bbox 1451 3927 1544 3986; x_wconf 79' lang='grc' dir='ltr'>οὖν</span> <span class='ocrx_word' id='word_1_334' title='bbox 1576 3934 1712 4005; x_wconf 88' lang='grc' dir='ltr'>πρὸς</span> <span class='ocrx_word' id='word_1_335' title='bbox 1743 3934 1952 4003; x_wconf 90' lang='grc' dir='ltr'>τοῦτον,</span> 
     </span>
    </p>
   </div>
   <div class='ocr_carea' id='block_1_44' title="bbox 365 4023 1958 4099">
    <p class='ocr_par' dir='ltr' id='par_1_44' title="bbox 365 4023 1958 4099">
     <span class='ocr_line' id='line_1_44' title="bbox 365 4023 1958 4099; baseline 0.003 -22"><span class='ocrx_word' id='word_1_336' title='bbox 365 4024 476 4077; x_wconf 86' lang='grc' dir='ltr'>εἴτε</span> <span class='ocrx_word' id='word_1_337' title='bbox 495 4023 633 4095; x_wconf 82' lang='grc' dir='ltr'>πρὸς</span> <span class='ocrx_word' id='word_1_338' title='bbox 653 4024 743 4076; x_wconf 86' lang='grc' dir='ltr'>τὸν</span> <span class='ocrx_word' id='word_1_339' title='bbox 771 4023 1129 4076; x_wconf 85' lang='grc' dir='ltr'>Βαϐυλωνίων</span> <span class='ocrx_word' id='word_1_340' title='bbox 1150 4023 1375 4094; x_wconf 86' lang='grc' dir='ltr'>βασιλέα</span> <span class='ocrx_word' id='word_1_341' title='bbox 1397 4025 1487 4077; x_wconf 75' lang='grc' dir='ltr'>τὸν</span> <span class='ocrx_word' id='word_1_342' title='bbox 1514 4024 1958 4099; x_wconf 84' lang='grc' dir='ltr'>πολιορκήσαντα</span> 
     </span>
    </p>
   </div>
   <div class='ocr_carea' id='block_1_45' title="bbox 363 4115 1957 4189">
    <p class='ocr_par' dir='ltr' id='par_1_45' title="bbox 363 4115 1957 4189">
     <span class='ocr_line' id='line_1_45' title="bbox 363 4115 1957 4189; baseline 0.003 -20"><span class='ocrx_word' id='word_1_343' title='bbox 363 4115 462 4189; x_wconf 79' lang='grc' dir='ltr'><strong>τὴν</strong></span> <span class='ocrx_word' id='word_1_344' title='bbox 477 4119 514 4169; x_wconf 87' lang='lat' dir='ltr'><strong>&#39;l</strong></span> <span class='ocrx_word' id='word_1_345' title='bbox 522 4135 545 4169; x_wconf 90' lang='grc' dir='ltr'><strong>ε</strong></span> <span class='ocrx_word' id='word_1_346' title='bbox 554 4116 956 4189; x_wconf 82' lang='grc' dir='ltr'>ρουσαλὴμ,κα“ι</span> <span class='ocrx_word' id='word_1_347' title='bbox 972 4117 1061 4169; x_wconf 84' lang='grc' dir='ltr'><strong>τὸν</strong></span> <span class='ocrx_word' id='word_1_348' title='bbox 1080 4118 1202 4170; x_wconf 79' lang='grc' dir='ltr'>ναὸν</span> <span class='ocrx_word' id='word_1_349' title='bbox 1221 4119 1602 4188; x_wconf 85' lang='grc' dir='ltr'>ἐμπρήσαντα,</span> <span class='ocrx_word' id='word_1_350' title='bbox 1625 4119 1798 4173; x_wconf 88' lang='grc' dir='ltr'>πάντα</span> <span class='ocrx_word' id='word_1_351' title='bbox 1813 4137 1871 4172; x_wconf 91' lang='grc' dir='ltr'><strong>τε</strong></span> <span class='ocrx_word' id='word_1_352' title='bbox 1889 4120 1957 4174; x_wconf 79' lang='grc' dir='ltr'>τὰ</span> 
     </span>
    </p>
   </div>
   <div class='ocr_carea' id='block_1_46' title="bbox 364 4209 1956 4282">
    <p class='ocr_par' dir='ltr' id='par_1_46' title="bbox 364 4209 1956 4282">
     <span class='ocr_line' id='line_1_46' title="bbox 364 4209 1956 4282; baseline 0.001 -19"><span class='ocrx_word' id='word_1_353' title='bbox 364 4210 513 4282; x_wconf 82' lang='grc' dir='ltr'>αὐτῷ</span> <span class='ocrx_word' id='word_1_354' title='bbox 563 4209 731 4280; x_wconf 89' lang='grc' dir='ltr'>σκεύη</span> <span class='ocrx_word' id='word_1_355' title='bbox 780 4209 899 4280; x_wconf 85' lang='grc' dir='ltr'>ἱερά</span> <span class='ocrx_word' id='word_1_356' title='bbox 946 4210 1040 4262; x_wconf 78' lang='grc' dir='ltr'><strong>καὶ</strong></span> <span class='ocrx_word' id='word_1_357' title='bbox 1086 4209 1410 4280; x_wconf 82' lang='grc' dir='ltr'>ἀναθήματα</span> <span class='ocrx_word' id='word_1_358' title='bbox 1451 4210 1662 4273; x_wconf 80' lang='grc' dir='ltr'>ἑλόντα,</span> <span class='ocrx_word' id='word_1_359' title='bbox 1711 4211 1805 4265; x_wconf 73' lang='grc' dir='ltr'>καὶ</span> <span class='ocrx_word' id='word_1_360' title='bbox 1843 4215 1956 4275; x_wconf 90' lang='grc' dir='ltr'>τοῖς</span> 
     </span>
    </p>
   </div>
   <div class='ocr_carea' id='block_1_47' title="bbox 363 4299 1955 4375">
    <p class='ocr_par' dir='ltr' id='par_1_47' title="bbox 363 4299 1955 4375">
     <span class='ocr_line' id='line_1_47' title="bbox 363 4299 1955 4375; baseline 0 -19"><span class='ocrx_word' id='word_1_361' title='bbox 363 4301 528 4356; x_wconf 81' lang='grc' dir='ltr'>αὐτοῦ</span> <span class='ocrx_word' id='word_1_362' title='bbox 567 4299 805 4364; x_wconf 79' lang='grc' dir='ltr'>εἰδώλοις</span> <span class='ocrx_word' id='word_1_363' title='bbox 834 4299 1098 4353; x_wconf 85' lang='grc' dir='ltr'>ἀναθέντα</span> <span class='ocrx_word' id='word_1_364' title='bbox 1132 4302 1189 4353; x_wconf 83' lang='grc' dir='ltr'>ἐν</span> <span class='ocrx_word' id='word_1_365' title='bbox 1232 4301 1369 4372; x_wconf 80' lang='grc' dir='ltr'>αὐτῇ</span> <span class='ocrx_word' id='word_1_366' title='bbox 1423 4301 1724 4366; x_wconf 88' lang='grc' dir='ltr'>Βαϐυλῶνι,</span> <span class='ocrx_word' id='word_1_367' title='bbox 1763 4303 1955 4375; x_wconf 89' lang='grc' dir='ltr'>ῶσπερ</span> 
     </span>
    </p>
   </div>
   <div class='ocr_carea' id='block_1_48' title="bbox 362 4390 1950 4468">
    <p class='ocr_par' dir='ltr' id='par_1_48' title="bbox 362 4390 1950 4468">
     <span class='ocr_line' id='line_1_48' title="bbox 362 4390 1950 4468; baseline 0.002 -22"><span class='ocrx_word' id='word_1_368' title='bbox 362 4392 510 4446; x_wconf 90' lang='grc' dir='ltr'>δεινά</span> <span class='ocrx_word' id='word_1_369' title='bbox 543 4393 638 4445; x_wconf 68' lang='grc' dir='ltr'><strong>καὶ</strong></span> <span class='ocrx_word' id='word_1_370' title='bbox 671 4390 1078 4461; x_wconf 80' lang='grc' dir='ltr'>ἀπονενοημένα</span> <span class='ocrx_word' id='word_1_371' title='bbox 1109 4390 1454 4463; x_wconf 88' lang='grc' dir='ltr'>τολμήσαντα</span> <span class='ocrx_word' id='word_1_372' title='bbox 1485 4395 1680 4458; x_wconf 73' lang='grc' dir='ltr'>εἰπεῖν,</span> <span class='ocrx_word' id='word_1_373' title='bbox 1715 4395 1950 4468; x_wconf 88' lang='grc' dir='ltr'>ἀποκρί-</span> 
     </span>
    </p>
   </div>
   <div class='ocr_carea' id='block_1_49' title="bbox 2047 531 3628 606">
    <p class='ocr_par' dir='ltr' id='par_1_49' title="bbox 2047 531 3628 606">
     <span class='ocr_line' id='line_1_49' title="bbox 2047 531 3628 606; baseline 0.008 -22"><span class='ocrx_word' id='word_1_374' title='bbox 2047 533 2141 602; x_wconf 92' lang='lat' dir='ltr'><strong>qui</strong></span> <span class='ocrx_word' id='word_1_375' title='bbox 2177 532 2228 586; x_wconf 90' lang='lat' dir='ltr'><strong>in</strong></span> <span class='ocrx_word' id='word_1_376' title='bbox 2253 531 2650 606; x_wconf 82' lang='lat' dir='ltr'><strong>Hierosolymis</strong></span> <span class='ocrx_word' id='word_1_377' title='bbox 2679 537 2877 606; x_wconf 82' lang='lat' dir='ltr'><strong>degunt</strong></span> <span class='ocrx_word' id='word_1_378' title='bbox 2903 538 3018 605; x_wconf 88' lang='lat' dir='ltr'><strong>pari</strong></span> <span class='ocrx_word' id='word_1_379' title='bbox 3042 539 3310 594; x_wconf 85' lang='lat' dir='ltr'><strong>obsidioni</strong></span> <span class='ocrx_word' id='word_1_380' title='bbox 3339 549 3392 595; x_wconf 91' lang='lat' dir='ltr'><strong>et</strong></span> <span class='ocrx_word' id='word_1_381' title='bbox 3418 543 3628 597; x_wconf 85' lang='lat' dir='ltr'><strong>excidio</strong></span> 
     </span>
    </p>
   </div>
   <div class='ocr_carea' id='block_1_50' title="bbox 2051 625 3628 704">
    <p class='ocr_par' dir='ltr' id='par_1_50' title="bbox 2051 625 3628 704">
     <span class='ocr_line' id='line_1_50' title="bbox 2051 625 3628 704; baseline 0.007 -27"><span class='ocrx_word' id='word_1_382' title='bbox 2051 625 2209 688; x_wconf 89' lang='lat' dir='ltr'><strong>tradi,</strong></span> <span class='ocrx_word' id='word_1_383' title='bbox 2241 626 2367 693; x_wconf 86' lang='lat' dir='ltr'><strong>quia</strong></span> <span class='ocrx_word' id='word_1_384' title='bbox 2403 627 2502 696; x_wconf 84' lang='lat' dir='ltr'><strong>ipsi</strong></span> <span class='ocrx_word' id='word_1_385' title='bbox 2540 627 2689 695; x_wconf 88' lang='lat' dir='ltr'><strong>paria</strong></span> <span class='ocrx_word' id='word_1_386' title='bbox 2720 628 2809 696; x_wconf 89' lang='lat' dir='ltr'><strong>iis,</strong></span> <span class='ocrx_word' id='word_1_387' title='bbox 2845 627 2936 697; x_wconf 87' lang='lat' dir='ltr'><strong>qtti</strong></span> <span class='ocrx_word' id='word_1_388' title='bbox 2971 628 3086 697; x_wconf 87' lang='lat' dir='ltr'><strong>jam</strong></span> <span class='ocrx_word' id='word_1_389' title='bbox 3133 641 3432 687; x_wconf 88' lang='lat' dir='ltr'><strong>memorata</strong></span> <span class='ocrx_word' id='word_1_390' title='bbox 3483 634 3628 704; x_wconf 73' lang='lat' dir='ltr'><strong>passi</strong></span> 
     </span>
    </p>
   </div>
   <div class='ocr_carea' id='block_1_51' title="bbox 2049 725 2646 784">
    <p class='ocr_par' dir='ltr' id='par_1_51' title="bbox 2049 725 2646 784">
     <span class='ocr_line' id='line_1_51' title="bbox 2049 725 2646 784; baseline 0.002 -16"><span class='ocrx_word' id='word_1_391' title='bbox 2049 725 2196 777; x_wconf 92' lang='lat' dir='ltr'><strong>sunt,</strong></span> <span class='ocrx_word' id='word_1_392' title='bbox 2239 727 2646 784; x_wconf 85' lang='lat' dir='ltr'><strong>perpetrarunt.</strong></span> 
     </span>
    </p>
   </div>
   <div class='ocr_carea' id='block_1_52' title="bbox 2118 804 3625 883">
    <p class='ocr_par' dir='ltr' id='par_1_52' title="bbox 2118 804 3625 883">
     <span class='ocr_line' id='line_1_52' title="bbox 2118 804 3625 883; baseline 0.009 -24"><span class='ocrx_word' id='word_1_393' title='bbox 2118 804 2286 860; x_wconf 72' lang='lat' dir='ltr'><strong>Vens.</strong></span> <span class='ocrx_word' id='word_1_394' title='bbox 2317 807 2404 860; x_wconf 72' lang='grc'><strong>12.</strong></span> <span class='ocrx_word' id='word_1_395' title='bbox 2460 827 2478 859; x_wconf 79' lang='grc' dir='ltr'><strong>ι</strong></span> <span class='ocrx_word' id='word_1_396' title='bbox 2512 809 2580 862; x_wconf 86' lang='grc' dir='ltr'>Ει</span> <span class='ocrx_word' id='word_1_397' title='bbox 2617 810 2756 873; x_wconf 91' lang='lat' dir='ltr'><strong>erit,</strong></span> <span class='ocrx_word' id='word_1_398' title='bbox 2817 826 2942 866; x_wconf 91' lang='lat' dir='ltr'><strong>cum</strong></span> <span class='ocrx_word' id='word_1_399' title='bbox 2999 813 3303 883; x_wconf 89' lang='lat' dir='ltr'><strong>impleverit</strong></span> <span class='ocrx_word' id='word_1_400' title='bbox 3360 815 3625 872; x_wconf 86' lang='lat' dir='ltr'><strong>Dominus</strong></span> 
     </span>
    </p>
   </div>
   <div class='ocr_carea' id='block_1_53' title="bbox 2049 899 3630 974">
    <p class='ocr_par' dir='ltr' id='par_1_53' title="bbox 2049 899 3630 974">
     <span class='ocr_line' id='line_1_53' title="bbox 2049 899 3630 974; baseline 0.005 -20"><span class='ocrx_word' id='word_1_401' title='bbox 2049 899 2229 954; x_wconf 84' lang='lat' dir='ltr'><strong>omnia</strong></span> <span class='ocrx_word' id='word_1_402' title='bbox 2272 899 2451 954; x_wconf 84' lang='lat' dir='ltr'><strong>facere</strong></span> <span class='ocrx_word' id='word_1_403' title='bbox 2479 900 2531 954; x_wconf 91' lang='lat' dir='ltr'><strong>in</strong></span> <span class='ocrx_word' id='word_1_404' title='bbox 2585 913 2767 957; x_wconf 90' lang='lat' dir='ltr'><strong>monte</strong></span> <span class='ocrx_word' id='word_1_405' title='bbox 2807 902 2935 958; x_wconf 89' lang='lat' dir='ltr'><strong>Sion</strong></span> <span class='ocrx_word' id='word_1_406' title='bbox 2968 915 3022 958; x_wconf 91' lang='lat' dir='ltr'><strong>et</strong></span> <span class='ocrx_word' id='word_1_407' title='bbox 3059 907 3111 960; x_wconf 88' lang='lat' dir='ltr'><strong>in</strong></span> <span class='ocrx_word' id='word_1_408' title='bbox 3147 906 3468 974; x_wconf 80' lang='lat' dir='ltr'><strong>Jerusalem,</strong></span> <span class='ocrx_word' id='word_1_409' title='bbox 3497 908 3630 964; x_wconf 86' lang='lat' dir='ltr'><strong>visi-</strong></span> 
     </span>
    </p>
   </div>
   <div class='ocr_carea' id='block_1_54' title="bbox 2052 994 3630 1072">
    <p class='ocr_par' dir='ltr' id='par_1_54' title="bbox 2052 994 3630 1072">
     <span class='ocr_line' id='line_1_54' title="bbox 2052 994 3630 1072; baseline 0.008 -26"><span class='ocrx_word' id='word_1_410' title='bbox 2052 994 2178 1047; x_wconf 87' lang='lat' dir='ltr'><strong>tabo</strong></span> <span class='ocrx_word' id='word_1_411' title='bbox 2202 1002 2439 1048; x_wconf 86' lang='lat' dir='ltr'><strong>mentem</strong></span> <span class='ocrx_word' id='word_1_412' title='bbox 2471 1009 2748 1065; x_wconf 84' lang='lat' dir='ltr'><strong>magnam,</strong></span> <span class='ocrx_word' id='word_1_413' title='bbox 2796 999 3096 1066; x_wconf 85' lang='lat' dir='ltr'><strong>principem</strong></span> <span class='ocrx_word' id='word_1_414' title='bbox 3147 1001 3516 1072; x_wconf 83' lang='lat' dir='ltr'><strong>Assyriorum,</strong></span> <span class='ocrx_word' id='word_1_415' title='bbox 3573 1013 3630 1058; x_wconf 86' lang='lat' dir='ltr'><strong>et</strong></span> 
     </span>
    </p>
   </div>
   <div class='ocr_carea' id='block_1_55' title="bbox 2051 1084 3630 1158">
    <p class='ocr_par' dir='ltr' id='par_1_55' title="bbox 2051 1084 3630 1158">
     <span class='ocr_line' id='line_1_55' title="bbox 2051 1084 3630 1158; baseline 0.007 -19"><span class='ocrx_word' id='word_1_416' title='bbox 2051 1084 2435 1140; x_wconf 84' lang='lat' dir='ltr'><strong>celsitudinem</strong></span> <span class='ocrx_word' id='word_1_417' title='bbox 2489 1085 2677 1154; x_wconf 71' lang='lat' dir='ltr'><strong>gloriae</strong></span> <span class='ocrx_word' id='word_1_418' title='bbox 2712 1087 2993 1142; x_wconf 73' lang='lat' dir='ltr'><strong>oculorum</strong></span> <span class='ocrx_word' id='word_1_419' title='bbox 3049 1089 3187 1158; x_wconf 91' lang='lat' dir='ltr'><strong>ejus.</strong></span> <span class='ocrx_word' id='word_1_420' title='bbox 3225 1112 3242 1144; x_wconf 78' lang='grc'><strong>»</strong></span> <span class='ocrx_word' id='word_1_421' title='bbox 3281 1091 3377 1147; x_wconf 87' lang='lat' dir='ltr'><strong>llis</strong></span> <span class='ocrx_word' id='word_1_422' title='bbox 3429 1109 3630 1150; x_wconf 85' lang='lat' dir='ltr'><strong>conse-</strong></span> 
     </span>
    </p>
   </div>
   <div class='ocr_carea' id='block_1_56' title="bbox 2051 1177 3628 1256">
    <p class='ocr_par' dir='ltr' id='par_1_56' title="bbox 2051 1177 3628 1256">
     <span class='ocr_line' id='line_1_56' title="bbox 2051 1177 3628 1256; baseline 0.008 -27"><span class='ocrx_word' id='word_1_423' title='bbox 2051 1187 2281 1244; x_wconf 90' lang='lat' dir='ltr'><strong>quenter</strong></span> <span class='ocrx_word' id='word_1_424' title='bbox 2303 1177 2482 1243; x_wconf 82' lang='lat' dir='ltr'><strong>docet,</strong></span> <span class='ocrx_word' id='word_1_425' title='bbox 2501 1180 2753 1248; x_wconf 82' lang='lat' dir='ltr'><strong>Assyrios</strong></span> <span class='ocrx_word' id='word_1_426' title='bbox 2779 1181 2993 1235; x_wconf 86' lang='lat' dir='ltr'><strong>tandem</strong></span> <span class='ocrx_word' id='word_1_427' title='bbox 3016 1192 3276 1238; x_wconf 82' lang='lat' dir='ltr'><strong>eteorum</strong></span> <span class='ocrx_word' id='word_1_428' title='bbox 3305 1187 3628 1256; x_wconf 84' lang='lat' dir='ltr'><strong>principem,</strong></span> 
     </span>
    </p>
   </div>
   <div class='ocr_carea' id='block_1_57' title="bbox 2051 1267 3628 1347">
    <p class='ocr_par' dir='ltr' id='par_1_57' title="bbox 2051 1267 3628 1347">
     <span class='ocr_line' id='line_1_57' title="bbox 2051 1267 3628 1347; baseline 0.011 -31"><span class='ocrx_word' id='word_1_429' title='bbox 2051 1267 2150 1319; x_wconf 93' lang='lat' dir='ltr'><strong>etsi</strong></span> <span class='ocrx_word' id='word_1_430' title='bbox 2182 1281 2300 1320; x_wconf 91' lang='lat' dir='ltr'><strong>cum</strong></span> <span class='ocrx_word' id='word_1_431' title='bbox 2342 1267 2454 1332; x_wconf 90' lang='lat' dir='ltr'><strong>tali,</strong></span> <span class='ocrx_word' id='word_1_432' title='bbox 2480 1269 2755 1338; x_wconf 89' lang='lat' dir='ltr'><strong>qoalijam</strong></span> <span class='ocrx_word' id='word_1_433' title='bbox 2800 1270 3132 1326; x_wconf 83' lang='lat' dir='ltr'><strong>declaratum</strong></span> <span class='ocrx_word' id='word_1_434' title='bbox 3166 1285 3272 1339; x_wconf 90' lang='lat' dir='ltr'><strong>est,</strong></span> <span class='ocrx_word' id='word_1_435' title='bbox 3320 1279 3628 1347; x_wconf 78' lang='lat' dir='ltr'><strong>arrogantia</strong></span> 
     </span>
    </p>
   </div>
   <div class='ocr_carea' id='block_1_58' title="bbox 2051 1358 3630 1438">
    <p class='ocr_par' dir='ltr' id='par_1_58' title="bbox 2051 1358 3630 1438">
     <span class='ocr_line' id='line_1_58' title="bbox 2051 1358 3630 1438; baseline 0.008 -26"><span class='ocrx_word' id='word_1_436' title='bbox 2051 1358 2280 1428; x_wconf 77' lang='lat' dir='ltr'><strong>egerint,</strong></span> <span class='ocrx_word' id='word_1_437' title='bbox 2320 1358 2628 1416; x_wconf 88' lang='lat' dir='ltr'><strong>Samariam</strong></span> <span class='ocrx_word' id='word_1_438' title='bbox 2663 1370 2716 1415; x_wconf 90' lang='lat' dir='ltr'><strong>et</strong></span> <span class='ocrx_word' id='word_1_439' title='bbox 2762 1363 3086 1418; x_wconf 83' lang='lat' dir='ltr'><strong>Damascum</strong></span> <span class='ocrx_word' id='word_1_440' title='bbox 3143 1368 3496 1438; x_wconf 83' lang='lat' dir='ltr'><strong>subegerint,</strong></span> <span class='ocrx_word' id='word_1_441' title='bbox 3549 1381 3630 1425; x_wconf 87' lang='lat' dir='ltr'><strong>ta-</strong></span> 
     </span>
    </p>
   </div>
   <div class='ocr_carea' id='block_1_59' title="bbox 2054 1454 3630 1532">
    <p class='ocr_par' dir='ltr' id='par_1_59' title="bbox 2054 1454 3630 1532">
     <span class='ocr_line' id='line_1_59' title="bbox 2054 1454 3630 1532; baseline 0.008 -28"><span class='ocrx_word' id='word_1_442' title='bbox 2054 1465 2174 1505; x_wconf 89' lang='lat' dir='ltr'><strong>men</strong></span> <span class='ocrx_word' id='word_1_443' title='bbox 2210 1454 2276 1505; x_wconf 87' lang='lat' dir='ltr'><strong>ad</strong></span> <span class='ocrx_word' id='word_1_444' title='bbox 2308 1460 2519 1506; x_wconf 91' lang='lat' dir='ltr'><strong>certum</strong></span> <span class='ocrx_word' id='word_1_445' title='bbox 2574 1468 2745 1522; x_wconf 85' lang='lat' dir='ltr'><strong>usque</strong></span> <span class='ocrx_word' id='word_1_446' title='bbox 2788 1455 3079 1507; x_wconf 90' lang='lat' dir='ltr'><strong>terminum</strong></span> <span class='ocrx_word' id='word_1_447' title='bbox 3114 1473 3332 1513; x_wconf 89' lang='lat' dir='ltr'><strong>usuram</strong></span> <span class='ocrx_word' id='word_1_448' title='bbox 3367 1463 3630 1532; x_wconf 88' lang='lat' dir='ltr'><strong>temporis</strong></span> 
     </span>
    </p>
   </div>
   <div class='ocr_carea' id='block_1_60' title="bbox 2053 1545 3626 1617">
    <p class='ocr_par' dir='ltr' id='par_1_60' title="bbox 2053 1545 3626 1617">
     <span class='ocr_line' id='line_1_60' title="bbox 2053 1545 3626 1617; baseline 0.006 -18"><span class='ocrx_word' id='word_1_449' title='bbox 2053 1545 2370 1610; x_wconf 89' lang='lat' dir='ltr'><strong>habituros;</strong></span> <span class='ocrx_word' id='word_1_450' title='bbox 2427 1559 2532 1613; x_wconf 92' lang='lat' dir='ltr'><strong>quo</strong></span> <span class='ocrx_word' id='word_1_451' title='bbox 2563 1546 2771 1616; x_wconf 86' lang='lat' dir='ltr'><strong>elapso,</strong></span> <span class='ocrx_word' id='word_1_452' title='bbox 2805 1549 3092 1617; x_wconf 89' lang='lat' dir='ltr'><strong>imperium</strong></span> <span class='ocrx_word' id='word_1_453' title='bbox 3127 1568 3314 1605; x_wconf 86' lang='lat' dir='ltr'><strong>eorum</strong></span> <span class='ocrx_word' id='word_1_454' title='bbox 3349 1569 3454 1608; x_wconf 92' lang='lat' dir='ltr'><strong>non</strong></span> <span class='ocrx_word' id='word_1_455' title='bbox 3487 1555 3626 1610; x_wconf 88' lang='lat' dir='ltr'><strong>ultra</strong></span> 
     </span>
    </p>
   </div>
   <div class='ocr_carea' id='block_1_61' title="bbox 2055 1635 3633 1712">
    <p class='ocr_par' dir='ltr' id='par_1_61' title="bbox 2055 1635 3633 1712">
     <span class='ocr_line' id='line_1_61' title="bbox 2055 1635 3633 1712; baseline 0.011 -27"><span class='ocrx_word' id='word_1_456' title='bbox 2055 1635 2336 1698; x_wconf 83' lang='lat' dir='ltr'><strong>consistet,</strong></span> <span class='ocrx_word' id='word_1_457' title='bbox 2371 1635 2626 1691; x_wconf 89' lang='lat' dir='ltr'><strong>diuturno</strong></span> <span class='ocrx_word' id='word_1_458' title='bbox 2667 1637 2760 1693; x_wconf 87' lang='lat' dir='ltr'><strong>illo</strong></span> <span class='ocrx_word' id='word_1_459' title='bbox 2804 1655 2867 1694; x_wconf 86' lang='lat' dir='ltr'><strong>ac</strong></span> <span class='ocrx_word' id='word_1_460' title='bbox 2895 1639 3109 1696; x_wconf 84' lang='lat' dir='ltr'><strong>ﬂorenti</strong></span> <span class='ocrx_word' id='word_1_461' title='bbox 3138 1642 3363 1712; x_wconf 88' lang='lat' dir='ltr'><strong>imperio</strong></span> <span class='ocrx_word' id='word_1_462' title='bbox 3391 1643 3633 1702; x_wconf 86' lang='lat' dir='ltr'><strong>funditus</strong></span> 
     </span>
    </p>
   </div>
   <div class='ocr_carea' id='block_1_62' title="bbox 2055 1738 2266 1780">
    <p class='ocr_par' dir='ltr' id='par_1_62' title="bbox 2055 1738 2266 1780">
     <span class='ocr_line' id='line_1_62' title="bbox 2055 1738 2266 1780; baseline 0.009 -2"><span class='ocrx_word' id='word_1_463' title='bbox 2055 1738 2266 1780; x_wconf 73' lang='grc' dir='ltr'>θνοτεο.</span> 
     </span>
    </p>
   </div>
   <div class='ocr_carea' id='block_1_63' title="bbox 2126 1906 3633 1984">
    <p class='ocr_par' dir='ltr' id='par_1_63' title="bbox 2126 1906 3633 1984">
     <span class='ocr_line' id='line_1_63' title="bbox 2126 1906 3633 1984; baseline 0.011 -24"><span class='ocrx_word' id='word_1_464' title='bbox 2126 1906 2294 1963; x_wconf 76' lang='lat' dir='ltr'><strong>Vens.</strong></span> <span class='ocrx_word' id='word_1_465' title='bbox 2336 1908 2423 1963; x_wconf 77' lang='grc'><strong>15.</strong></span> <span class='ocrx_word' id='word_1_466' title='bbox 2464 1928 2482 1961; x_wconf 82' lang='grc' dir='ltr'><strong>ι</strong></span> <span class='ocrx_word' id='word_1_467' title='bbox 2525 1910 2667 1964; x_wconf 80' lang='lat' dir='ltr'><strong>Dixit</strong></span> <span class='ocrx_word' id='word_1_468' title='bbox 2693 1913 2860 1978; x_wconf 84' lang='lat' dir='ltr'><strong>enim,</strong></span> <span class='ocrx_word' id='word_1_469' title='bbox 2893 1915 2946 1968; x_wconf 93' lang='lat' dir='ltr'><strong>In</strong></span> <span class='ocrx_word' id='word_1_470' title='bbox 2982 1915 3306 1974; x_wconf 77' lang='lat' dir='ltr'><strong>fortitudine</strong></span> <span class='ocrx_word' id='word_1_471' title='bbox 3334 1919 3633 1984; x_wconf 88' lang='lat' dir='ltr'><strong>faciam,et</strong></span> 
     </span>
    </p>
   </div>
   <div class='ocr_carea' id='block_1_64' title="bbox 2058 1999 3636 2084">
    <p class='ocr_par' dir='ltr' id='par_1_64' title="bbox 2058 1999 3636 2084">
     <span class='ocr_line' id='line_1_64' title="bbox 2058 1999 3636 2084; baseline 0.011 -34"><span class='ocrx_word' id='word_1_472' title='bbox 2058 1999 2108 2050; x_wconf 94' lang='lat' dir='ltr'><strong>in</strong></span> <span class='ocrx_word' id='word_1_473' title='bbox 2146 2001 2413 2068; x_wconf 83' lang='lat' dir='ltr'><strong>sapientia</strong></span> <span class='ocrx_word' id='word_1_474' title='bbox 2452 2004 2753 2070; x_wconf 62' lang='lat' dir='ltr'><strong>prudentia!</strong></span> <span class='ocrx_word' id='word_1_475' title='bbox 2780 2021 2912 2060; x_wconf 75' lang='lat' dir='ltr'><strong>meae</strong></span> <span class='ocrx_word' id='word_1_476' title='bbox 2945 2006 3191 2062; x_wconf 81' lang='lat' dir='ltr'><strong>auferam</strong></span> <span class='ocrx_word' id='word_1_477' title='bbox 3225 2015 3483 2066; x_wconf 90' lang='lat' dir='ltr'><strong>terminos</strong></span> <span class='ocrx_word' id='word_1_478' title='bbox 3503 2029 3636 2084; x_wconf 75' lang='lat' dir='ltr'><strong>gen-</strong></span> 
     </span>
    </p>
   </div>
   <div class='ocr_carea' id='block_1_65' title="bbox 2059 2090 3637 2174">
    <p class='ocr_par' dir='ltr' id='par_1_65' title="bbox 2059 2090 3637 2174">
     <span class='ocr_line' id='line_1_65' title="bbox 2059 2090 3637 2174; baseline 0.013 -32"><span class='ocrx_word' id='word_1_479' title='bbox 2059 2090 2212 2154; x_wconf 86' lang='lat' dir='ltr'><strong>tium,</strong></span> <span class='ocrx_word' id='word_1_480' title='bbox 2238 2092 2677 2148; x_wconf 85' lang='lat' dir='ltr'><strong>etfortitudinem</strong></span> <span class='ocrx_word' id='word_1_481' title='bbox 2698 2110 2890 2151; x_wconf 89' lang='lat' dir='ltr'><strong>earum</strong></span> <span class='ocrx_word' id='word_1_482' title='bbox 2915 2099 3227 2155; x_wconf 80' lang='lat' dir='ltr'><strong>devastaho.</strong></span> <span class='ocrx_word' id='word_1_483' title='bbox 3255 2121 3274 2154; x_wconf 73' lang='grc' dir='ltr'><strong>ι</strong></span> <span class='ocrx_word' id='word_1_484' title='bbox 3303 2103 3409 2156; x_wconf 92' lang='lat' dir='ltr'><strong>Deo</strong></span> <span class='ocrx_word' id='word_1_485' title='bbox 3434 2106 3637 2174; x_wconf 82' lang='lat' dir='ltr'><strong>quippe</strong></span> 
     </span>
    </p>
   </div>
   <div class='ocr_carea' id='block_1_66' title="bbox 2057 2183 3632 2264">
    <p class='ocr_par' dir='ltr' id='par_1_66' title="bbox 2057 2183 3632 2264">
     <span class='ocr_line' id='line_1_66' title="bbox 2057 2183 3632 2264; baseline 0.011 -31"><span class='ocrx_word' id='word_1_486' title='bbox 2057 2183 2280 2251; x_wconf 80' lang='lat' dir='ltr'><strong>gloriam</strong></span> <span class='ocrx_word' id='word_1_487' title='bbox 2315 2201 2418 2238; x_wconf 92' lang='lat' dir='ltr'><strong>non</strong></span> <span class='ocrx_word' id='word_1_488' title='bbox 2453 2185 2723 2254; x_wconf 81' lang='lat' dir='ltr'><strong>tribuens,</strong></span> <span class='ocrx_word' id='word_1_489' title='bbox 2753 2205 2927 2260; x_wconf 83' lang='lat' dir='ltr'><strong>neque</strong></span> <span class='ocrx_word' id='word_1_490' title='bbox 2971 2205 3156 2246; x_wconf 84' lang='lat' dir='ltr'><strong>secum</strong></span> <span class='ocrx_word' id='word_1_491' title='bbox 3197 2203 3453 2264; x_wconf 77' lang='lat' dir='ltr'><strong>reputans</strong></span> <span class='ocrx_word' id='word_1_492' title='bbox 3506 2198 3632 2251; x_wconf 85' lang='lat' dir='ltr'><strong>uni-</strong></span> 
     </span>
    </p>
   </div>
   <div class='ocr_carea' id='block_1_67' title="bbox 2055 2280 3634 2358">
    <p class='ocr_par' dir='ltr' id='par_1_67' title="bbox 2055 2280 3634 2358">
     <span class='ocr_line' id='line_1_67' title="bbox 2055 2280 3634 2358; baseline 0.009 -27"><span class='ocrx_word' id='word_1_493' title='bbox 2055 2294 2336 2334; x_wconf 91' lang='lat' dir='ltr'><strong>versorum</strong></span> <span class='ocrx_word' id='word_1_494' title='bbox 2364 2280 2530 2335; x_wconf 90' lang='lat' dir='ltr'><strong>Deum</strong></span> <span class='ocrx_word' id='word_1_495' title='bbox 2557 2297 2698 2347; x_wconf 90' lang='lat' dir='ltr'><strong>esse,</strong></span> <span class='ocrx_word' id='word_1_496' title='bbox 2729 2286 2820 2354; x_wconf 90' lang='lat' dir='ltr'><strong>qui</strong></span> <span class='ocrx_word' id='word_1_497' title='bbox 2853 2286 2951 2354; x_wconf 90' lang='lat' dir='ltr'><strong>ipsi</strong></span> <span class='ocrx_word' id='word_1_498' title='bbox 2980 2298 3032 2342; x_wconf 90' lang='lat' dir='ltr'><strong>et</strong></span> <span class='ocrx_word' id='word_1_499' title='bbox 3057 2287 3310 2344; x_wconf 90' lang='lat' dir='ltr'><strong>lsraelem</strong></span> <span class='ocrx_word' id='word_1_500' title='bbox 3341 2299 3396 2345; x_wconf 88' lang='lat' dir='ltr'><strong>et</strong></span> <span class='ocrx_word' id='word_1_501' title='bbox 3416 2290 3634 2358; x_wconf 81' lang='lat' dir='ltr'><strong>Judam,</strong></span> 
     </span>
    </p>
   </div>
   <div class='ocr_carea' id='block_1_68' title="bbox 2055 2371 3636 2449">
    <p class='ocr_par' dir='ltr' id='par_1_68' title="bbox 2055 2371 3636 2449">
     <span class='ocr_line' id='line_1_68' title="bbox 2055 2371 3636 2449; baseline 0.009 -26"><span class='ocrx_word' id='word_1_502' title='bbox 2055 2379 2109 2423; x_wconf 92' lang='lat' dir='ltr'><strong>et</strong></span> <span class='ocrx_word' id='word_1_503' title='bbox 2139 2385 2328 2426; x_wconf 89' lang='lat' dir='ltr'><strong>omnes</strong></span> <span class='ocrx_word' id='word_1_504' title='bbox 2357 2371 2491 2426; x_wconf 89' lang='lat' dir='ltr'><strong>alios</strong></span> <span class='ocrx_word' id='word_1_505' title='bbox 2537 2374 2803 2443; x_wconf 83' lang='lat' dir='ltr'><strong>supplicio</strong></span> <span class='ocrx_word' id='word_1_506' title='bbox 2856 2378 3045 2447; x_wconf 87' lang='lat' dir='ltr'><strong>dignos</strong></span> <span class='ocrx_word' id='word_1_507' title='bbox 3089 2381 3426 2449; x_wconf 89' lang='lat' dir='ltr'><strong>tradiderat;</strong></span> <span class='ocrx_word' id='word_1_508' title='bbox 3465 2383 3636 2438; x_wconf 77' lang='lat' dir='ltr'><strong>altum</strong></span> 
     </span>
    </p>
   </div>
   <div class='ocr_carea' id='block_1_69' title="bbox 2055 2460 3630 2536">
    <p class='ocr_par' dir='ltr' id='par_1_69' title="bbox 2055 2460 3630 2536">
     <span class='ocr_line' id='line_1_69' title="bbox 2055 2460 3630 2536; baseline 0.009 -23"><span class='ocrx_word' id='word_1_509' title='bbox 2055 2460 2323 2527; x_wconf 76' lang='lat' dir='ltr'><strong>sapiebat,</strong></span> <span class='ocrx_word' id='word_1_510' title='bbox 2344 2461 2616 2530; x_wconf 90' lang='lat' dir='ltr'><strong>cogitans,</strong></span> <span class='ocrx_word' id='word_1_511' title='bbox 2646 2473 2702 2517; x_wconf 90' lang='lat' dir='ltr'><strong>et</strong></span> <span class='ocrx_word' id='word_1_512' title='bbox 2733 2465 2800 2519; x_wconf 90' lang='lat' dir='ltr'><strong>ad</strong></span> <span class='ocrx_word' id='word_1_513' title='bbox 2837 2467 3078 2536; x_wconf 89' lang='lat' dir='ltr'><strong>seipsum</strong></span> <span class='ocrx_word' id='word_1_514' title='bbox 3103 2469 3309 2534; x_wconf 87' lang='lat' dir='ltr'><strong>dicens,</strong></span> <span class='ocrx_word' id='word_1_515' title='bbox 3334 2476 3630 2528; x_wconf 89' lang='lat' dir='ltr'><strong>secundum</strong></span> 
     </span>
    </p>
   </div>
   <div class='ocr_carea' id='block_1_70' title="bbox 2057 2549 3432 2625">
    <p class='ocr_par' dir='ltr' id='par_1_70' title="bbox 2057 2549 3432 2625">
     <span class='ocr_line' id='line_1_70' title="bbox 2057 2549 3432 2625; baseline 0.009 -22"><span class='ocrx_word' id='word_1_516' title='bbox 2057 2549 2464 2618; x_wconf 74' lang='lat' dir='ltr'><strong>Symmachum,</strong></span> <span class='ocrx_word' id='word_1_517' title='bbox 2509 2569 2527 2603; x_wconf 78' lang='grc' dir='ltr'><strong>ι</strong></span> <span class='ocrx_word' id='word_1_518' title='bbox 2561 2550 2617 2605; x_wconf 92' lang='lat' dir='ltr'><strong>In</strong></span> <span class='ocrx_word' id='word_1_519' title='bbox 2644 2555 2846 2610; x_wconf 91' lang='lat' dir='ltr'><strong>virtute</strong></span> <span class='ocrx_word' id='word_1_520' title='bbox 2881 2573 3072 2611; x_wconf 89' lang='lat' dir='ltr'><strong>manus</strong></span> <span class='ocrx_word' id='word_1_521' title='bbox 3101 2557 3224 2625; x_wconf 83' lang='lat' dir='ltr'><strong>feci,</strong></span> <span class='ocrx_word' id='word_1_522' title='bbox 3265 2579 3284 2612; x_wconf 73' lang='grc' dir='ltr'><strong>ι</strong></span> <span class='ocrx_word' id='word_1_523' title='bbox 3320 2570 3432 2616; x_wconf 89' lang='lat' dir='ltr'><strong>etc.</strong></span> 
     </span>
    </p>
   </div>
   <div class='ocr_carea' id='block_1_71' title="bbox 2127 2640 3634 2720">
    <p class='ocr_par' dir='ltr' id='par_1_71' title="bbox 2127 2640 3634 2720">
     <span class='ocr_line' id='line_1_71' title="bbox 2127 2640 3634 2720; baseline 0.011 -26"><span class='ocrx_word' id='word_1_524' title='bbox 2127 2640 2290 2697; x_wconf 74' lang='lat' dir='ltr'><strong>Vens.</strong></span> <span class='ocrx_word' id='word_1_525' title='bbox 2321 2643 2508 2696; x_wconf 74' lang='grc'><strong>14-16.</strong></span> <span class='ocrx_word' id='word_1_526' title='bbox 2558 2662 2577 2695; x_wconf 78' lang='grc' dir='ltr'><strong>ι</strong></span> <span class='ocrx_word' id='word_1_527' title='bbox 2616 2644 2678 2697; x_wconf 86' lang='lat' dir='ltr'><strong>Et</strong></span> <span class='ocrx_word' id='word_1_528' title='bbox 2729 2650 3085 2704; x_wconf 90' lang='lat' dir='ltr'><strong>commovebo</strong></span> <span class='ocrx_word' id='word_1_529' title='bbox 3119 2651 3281 2706; x_wconf 88' lang='lat' dir='ltr'><strong>urbes</strong></span> <span class='ocrx_word' id='word_1_530' title='bbox 3317 2653 3587 2709; x_wconf 81' lang='lat' dir='ltr'><strong>habitatas</strong></span> <span class='ocrx_word' id='word_1_531' title='bbox 3617 2697 3634 2720; x_wconf 88' lang='lat'><strong>,</strong></span> 
     </span>
    </p>
   </div>
   <div class='ocr_carea' id='block_1_72' title="bbox 2053 2735 3636 2815">
    <p class='ocr_par' dir='ltr' id='par_1_72' title="bbox 2053 2735 3636 2815">
     <span class='ocr_line' id='line_1_72' title="bbox 2053 2735 3636 2815; baseline 0.009 -28"><span class='ocrx_word' id='word_1_532' title='bbox 2053 2744 2108 2788; x_wconf 90' lang='lat' dir='ltr'><strong>et</strong></span> <span class='ocrx_word' id='word_1_533' title='bbox 2134 2735 2455 2789; x_wconf 87' lang='lat' dir='ltr'><strong>universmn</strong></span> <span class='ocrx_word' id='word_1_534' title='bbox 2483 2738 2667 2792; x_wconf 90' lang='lat' dir='ltr'><strong>orbem</strong></span> <span class='ocrx_word' id='word_1_535' title='bbox 2692 2740 3150 2808; x_wconf 88' lang='lat' dir='ltr'><strong>comprehendam</strong></span> <span class='ocrx_word' id='word_1_536' title='bbox 3184 2759 3343 2798; x_wconf 90' lang='lat' dir='ltr'><strong>manu</strong></span> <span class='ocrx_word' id='word_1_537' title='bbox 3376 2748 3528 2815; x_wconf 88' lang='lat' dir='ltr'><strong>quasi</strong></span> <span class='ocrx_word' id='word_1_538' title='bbox 3556 2750 3636 2801; x_wconf 83' lang='lat' dir='ltr'><strong>ni-</strong></span> 
     </span>
    </p>
   </div>
   <div class='ocr_carea' id='block_1_73' title="bbox 2056 2825 3637 2906">
    <p class='ocr_par' dir='ltr' id='par_1_73' title="bbox 2056 2825 3637 2906">
     <span class='ocr_line' id='line_1_73' title="bbox 2056 2825 3637 2906; baseline 0.009 -29"><span class='ocrx_word' id='word_1_539' title='bbox 2056 2825 2204 2886; x_wconf 79' lang='lat' dir='ltr'><strong>dunt,</strong></span> <span class='ocrx_word' id='word_1_540' title='bbox 2230 2825 2456 2894; x_wconf 86' lang='lat' dir='ltr'><strong>etquasi</strong></span> <span class='ocrx_word' id='word_1_541' title='bbox 2485 2841 2586 2881; x_wconf 89' lang='lat' dir='ltr'><strong>ova</strong></span> <span class='ocrx_word' id='word_1_542' title='bbox 2615 2827 2874 2883; x_wconf 88' lang='lat' dir='ltr'><strong>derelicta</strong></span> <span class='ocrx_word' id='word_1_543' title='bbox 2899 2830 3139 2885; x_wconf 80' lang='lat' dir='ltr'><strong>auferam</strong></span> <span class='ocrx_word' id='word_1_544' title='bbox 3173 2848 3187 2884; x_wconf 92' lang='lat'><strong>:</strong></span> <span class='ocrx_word' id='word_1_545' title='bbox 3222 2845 3275 2887; x_wconf 91' lang='lat' dir='ltr'><strong>et</strong></span> <span class='ocrx_word' id='word_1_546' title='bbox 3305 2850 3409 2889; x_wconf 92' lang='lat' dir='ltr'><strong>non</strong></span> <span class='ocrx_word' id='word_1_547' title='bbox 3440 2844 3524 2890; x_wconf 89' lang='lat' dir='ltr'><strong>est</strong></span> <span class='ocrx_word' id='word_1_548' title='bbox 3544 2839 3637 2906; x_wconf 86' lang='lat' dir='ltr'><strong>qui</strong></span> 
     </span>
    </p>
   </div>
   <div class='ocr_carea' id='block_1_74' title="bbox 2057 2917 3640 2998">
    <p class='ocr_par' dir='ltr' id='par_1_74' title="bbox 2057 2917 3640 2998">
     <span class='ocr_line' id='line_1_74' title="bbox 2057 2917 3640 2998; baseline 0.009 -28"><span class='ocrx_word' id='word_1_549' title='bbox 2057 2917 2279 2986; x_wconf 74' lang='lat' dir='ltr'><strong>effugiat</strong></span> <span class='ocrx_word' id='word_1_550' title='bbox 2307 2934 2416 2982; x_wconf 89' lang='lat' dir='ltr'><strong>me,</strong></span> <span class='ocrx_word' id='word_1_551' title='bbox 2449 2929 2541 2972; x_wconf 88' lang='lat' dir='ltr'><strong>aut</strong></span> <span class='ocrx_word' id='word_1_552' title='bbox 2566 2921 2906 2976; x_wconf 85' lang='lat' dir='ltr'><strong>contradicat</strong></span> <span class='ocrx_word' id='word_1_553' title='bbox 2962 2923 3115 2978; x_wconf 91' lang='lat' dir='ltr'><strong>mihi.</strong></span> <span class='ocrx_word' id='word_1_554' title='bbox 3152 2924 3404 2996; x_wconf 84' lang='lat' dir='ltr'><strong>Nunquid</strong></span> <span class='ocrx_word' id='word_1_555' title='bbox 3438 2927 3640 2998; x_wconf 85' lang='lat' dir='ltr'><strong>gloria-</strong></span> 
     </span>
    </p>
   </div>
   <div class='ocr_carea' id='block_1_75' title="bbox 2055 3010 3638 3089">
    <p class='ocr_par' dir='ltr' id='par_1_75' title="bbox 2055 3010 3638 3089">
     <span class='ocr_line' id='line_1_75' title="bbox 2055 3010 3638 3089; baseline 0.008 -26"><span class='ocrx_word' id='word_1_556' title='bbox 2055 3010 2199 3063; x_wconf 91' lang='lat' dir='ltr'><strong>bitur</strong></span> <span class='ocrx_word' id='word_1_557' title='bbox 2231 3013 2440 3065; x_wconf 89' lang='lat' dir='ltr'><strong>securis</strong></span> <span class='ocrx_word' id='word_1_558' title='bbox 2481 3013 2600 3066; x_wconf 90' lang='lat' dir='ltr'><strong>sine</strong></span> <span class='ocrx_word' id='word_1_559' title='bbox 2629 3013 2909 3068; x_wconf 76' lang='lat' dir='ltr'><strong>czedente?</strong></span> <span class='ocrx_word' id='word_1_560' title='bbox 2951 3028 3044 3070; x_wconf 89' lang='lat' dir='ltr'><strong>aut</strong></span> <span class='ocrx_word' id='word_1_561' title='bbox 3088 3019 3414 3074; x_wconf 76' lang='lat' dir='ltr'><strong>exaltabitur</strong></span> <span class='ocrx_word' id='word_1_562' title='bbox 3461 3037 3638 3089; x_wconf 89' lang='lat' dir='ltr'><strong>serra,</strong></span> 
     </span>
    </p>
   </div>
   <div class='ocr_carea' id='block_1_76' title="bbox 2057 3102 3637 3181">
    <p class='ocr_par' dir='ltr' id='par_1_76' title="bbox 2057 3102 3637 3181">
     <span class='ocr_line' id='line_1_76' title="bbox 2057 3102 3637 3181; baseline 0.008 -26"><span class='ocrx_word' id='word_1_563' title='bbox 2057 3103 2173 3157; x_wconf 79' lang='lat' dir='ltr'><strong>sine</strong></span> <span class='ocrx_word' id='word_1_564' title='bbox 2203 3102 2453 3157; x_wconf 84' lang='lat' dir='ltr'><strong>trahente</strong></span> <span class='ocrx_word' id='word_1_565' title='bbox 2483 3103 2648 3170; x_wconf 89' lang='lat' dir='ltr'><strong>illam,</strong></span> <span class='ocrx_word' id='word_1_566' title='bbox 2685 3115 2744 3159; x_wconf 91' lang='lat' dir='ltr'><strong>ut</strong></span> <span class='ocrx_word' id='word_1_567' title='bbox 2796 3109 2916 3176; x_wconf 89' lang='lat' dir='ltr'><strong>quis</strong></span> <span class='ocrx_word' id='word_1_568' title='bbox 2947 3107 3138 3163; x_wconf 78' lang='lat' dir='ltr'><strong>elierat</strong></span> <span class='ocrx_word' id='word_1_569' title='bbox 3196 3112 3402 3181; x_wconf 81' lang='lat' dir='ltr'><strong>virgam</strong></span> <span class='ocrx_word' id='word_1_570' title='bbox 3437 3123 3528 3166; x_wconf 87' lang='lat' dir='ltr'><strong>aut</strong></span> <span class='ocrx_word' id='word_1_571' title='bbox 3570 3115 3637 3168; x_wconf 87' lang='lat' dir='ltr'><strong>li-</strong></span> 
     </span>
    </p>
   </div>
   <div class='ocr_carea' id='block_1_77' title="bbox 2058 3194 3640 3263">
    <p class='ocr_par' dir='ltr' id='par_1_77' title="bbox 2058 3194 3640 3263">
     <span class='ocr_line' id='line_1_77' title="bbox 2058 3194 3640 3263; baseline 0.009 -18"><span class='ocrx_word' id='word_1_572' title='bbox 2058 3194 2269 3263; x_wconf 72' lang='lat' dir='ltr'><strong>gnum?</strong></span> <span class='ocrx_word' id='word_1_573' title='bbox 2307 3196 2376 3247; x_wconf 89' lang='lat' dir='ltr'><strong>At</strong></span> <span class='ocrx_word' id='word_1_574' title='bbox 2407 3211 2512 3248; x_wconf 92' lang='lat' dir='ltr'><strong>non</strong></span> <span class='ocrx_word' id='word_1_575' title='bbox 2552 3196 2651 3262; x_wconf 90' lang='lat' dir='ltr'><strong>sic,</strong></span> <span class='ocrx_word' id='word_1_576' title='bbox 2684 3198 2775 3251; x_wconf 90' lang='lat' dir='ltr'><strong>sed</strong></span> <span class='ocrx_word' id='word_1_577' title='bbox 2807 3199 2986 3253; x_wconf 87' lang='lat' dir='ltr'><strong>mittet</strong></span> <span class='ocrx_word' id='word_1_578' title='bbox 3025 3201 3284 3257; x_wconf 90' lang='lat' dir='ltr'><strong>Dominus</strong></span> <span class='ocrx_word' id='word_1_579' title='bbox 3319 3203 3558 3258; x_wconf 85' lang='lat' dir='ltr'><strong>Sabaoth</strong></span> <span class='ocrx_word' id='word_1_580' title='bbox 3587 3207 3640 3260; x_wconf 89' lang='lat' dir='ltr'><strong>in</strong></span> 
     </span>
    </p>
   </div>
   <div class='ocr_carea' id='block_1_78' title="bbox 2060 3289 3645 3367">
    <p class='ocr_par' dir='ltr' id='par_1_78' title="bbox 2060 3289 3645 3367">
     <span class='ocr_line' id='line_1_78' title="bbox 2060 3289 3645 3367; baseline 0.009 -27"><span class='ocrx_word' id='word_1_581' title='bbox 2060 3289 2320 3343; x_wconf 76' lang='lat' dir='ltr'><strong>honorem</strong></span> <span class='ocrx_word' id='word_1_582' title='bbox 2347 3298 2494 3340; x_wconf 85' lang='lat' dir='ltr'><strong>tuam</strong></span> <span class='ocrx_word' id='word_1_583' title='bbox 2525 3289 2897 3358; x_wconf 74' lang='lat' dir='ltr'><strong>ignominiam,</strong></span> <span class='ocrx_word' id='word_1_584' title='bbox 2922 3303 2977 3345; x_wconf 91' lang='lat' dir='ltr'><strong>et</strong></span> <span class='ocrx_word' id='word_1_585' title='bbox 3000 3293 3051 3346; x_wconf 91' lang='lat' dir='ltr'><strong>in</strong></span> <span class='ocrx_word' id='word_1_586' title='bbox 3077 3293 3302 3364; x_wconf 84' lang='lat' dir='ltr'><strong>gloriam</strong></span> <span class='ocrx_word' id='word_1_587' title='bbox 3325 3305 3472 3349; x_wconf 91' lang='lat' dir='ltr'><strong>tuum</strong></span> <span class='ocrx_word' id='word_1_588' title='bbox 3504 3298 3645 3367; x_wconf 82' lang='lat' dir='ltr'><strong>ignis</strong></span> 
     </span>
    </p>
   </div>
   <div class='ocr_carea' id='block_1_79' title="bbox 2057 3381 3645 3458">
    <p class='ocr_par' dir='ltr' id='par_1_79' title="bbox 2057 3381 3645 3458">
     <span class='ocr_line' id='line_1_79' title="bbox 2057 3381 3645 3458; baseline 0.006 -27"><span class='ocrx_word' id='word_1_589' title='bbox 2057 3381 2381 3434; x_wconf 88' lang='lat' dir='ltr'><strong>comburens</strong></span> <span class='ocrx_word' id='word_1_590' title='bbox 2411 3381 2756 3435; x_wconf 89' lang='lat' dir='ltr'><strong>accendetur.</strong></span> <span class='ocrx_word' id='word_1_591' title='bbox 2795 3401 2813 3433; x_wconf 75' lang='grc' dir='ltr'><strong>ι</strong></span> <span class='ocrx_word' id='word_1_592' title='bbox 2846 3383 2924 3435; x_wconf 83' lang='lat' dir='ltr'><strong>Ad</strong></span> <span class='ocrx_word' id='word_1_593' title='bbox 2961 3384 3099 3440; x_wconf 84' lang='lat' dir='ltr'><strong>hanc</strong></span> <span class='ocrx_word' id='word_1_594' title='bbox 3126 3387 3412 3454; x_wconf 87' lang='lat' dir='ltr'><strong>superbam</strong></span> <span class='ocrx_word' id='word_1_595' title='bbox 3433 3382 3645 3458; x_wconf 73' lang='lat' dir='ltr'><strong>cogita-</strong></span> 
     </span>
    </p>
   </div>
   <div class='ocr_carea' id='block_1_80' title="bbox 2056 3469 3642 3546">
    <p class='ocr_par' dir='ltr' id='par_1_80' title="bbox 2056 3469 3642 3546">
     <span class='ocr_line' id='line_1_80' title="bbox 2056 3469 3642 3546; baseline 0.008 -25"><span class='ocrx_word' id='word_1_596' title='bbox 2056 3469 2295 3534; x_wconf 87' lang='lat' dir='ltr'><strong>tionem;</strong></span> <span class='ocrx_word' id='word_1_597' title='bbox 2350 3471 2463 3524; x_wconf 83' lang='lat' dir='ltr'><strong>sive</strong></span> <span class='ocrx_word' id='word_1_598' title='bbox 2515 3487 2576 3525; x_wconf 90' lang='lat' dir='ltr'><strong>ea</strong></span> <span class='ocrx_word' id='word_1_599' title='bbox 2637 3471 2919 3539; x_wconf 83' lang='lat' dir='ltr'><strong>cujusdam</strong></span> <span class='ocrx_word' id='word_1_600' title='bbox 2967 3474 3295 3530; x_wconf 70' lang='lat' dir='ltr'><strong>adversante</strong></span> <span class='ocrx_word' id='word_1_601' title='bbox 3357 3483 3642 3546; x_wconf 71' lang='lat' dir='ltr'><strong>potestatis</strong></span> 
     </span>
    </p>
   </div>
   <div class='ocr_carea' id='block_1_81' title="bbox 2059 3558 3640 3637">
    <p class='ocr_par' dir='ltr' id='par_1_81' title="bbox 2059 3558 3640 3637">
     <span class='ocr_line' id='line_1_81' title="bbox 2059 3558 3640 3637; baseline 0.008 -26"><span class='ocrx_word' id='word_1_602' title='bbox 2059 3558 2244 3624; x_wconf 86' lang='lat' dir='ltr'><strong>fuerit,</strong></span> <span class='ocrx_word' id='word_1_603' title='bbox 2264 3560 2441 3628; x_wconf 88' lang='lat' dir='ltr'><strong>quaiis</strong></span> <span class='ocrx_word' id='word_1_604' title='bbox 2465 3569 2583 3616; x_wconf 86' lang='lat' dir='ltr'><strong>erat</strong></span> <span class='ocrx_word' id='word_1_605' title='bbox 2614 3565 2866 3632; x_wconf 89' lang='lat' dir='ltr'><strong>princeps</strong></span> <span class='ocrx_word' id='word_1_606' title='bbox 2891 3567 3039 3634; x_wconf 87' lang='lat' dir='ltr'><strong>regni</strong></span> <span class='ocrx_word' id='word_1_607' title='bbox 3072 3565 3386 3630; x_wconf 83' lang='lat' dir='ltr'><strong>Persarum,</strong></span> <span class='ocrx_word' id='word_1_608' title='bbox 3415 3577 3468 3621; x_wconf 92' lang='lat' dir='ltr'><strong>et</strong></span> <span class='ocrx_word' id='word_1_609' title='bbox 3493 3572 3640 3637; x_wconf 87' lang='lat' dir='ltr'><strong>prin-</strong></span> 
     </span>
    </p>
   </div>
   <div class='ocr_carea' id='block_1_82' title="bbox 2057 3652 3629 3726">
    <p class='ocr_par' dir='ltr' id='par_1_82' title="bbox 2057 3652 3629 3726">
     <span class='ocr_line' id='line_1_82' title="bbox 2057 3652 3629 3726; baseline 0.006 -22"><span class='ocrx_word' id='word_1_610' title='bbox 2057 3666 2188 3720; x_wconf 90' lang='lat' dir='ltr'><strong>ceps</strong></span> <span class='ocrx_word' id='word_1_611' title='bbox 2217 3652 2366 3720; x_wconf 81' lang='lat' dir='ltr'><strong>regni</strong></span> <span class='ocrx_word' id='word_1_612' title='bbox 2399 3652 2703 3720; x_wconf 75' lang='lat' dir='ltr'><strong>Medorum,</strong></span> <span class='ocrx_word' id='word_1_613' title='bbox 2734 3667 2788 3709; x_wconf 92' lang='lat' dir='ltr'><strong>et</strong></span> <span class='ocrx_word' id='word_1_614' title='bbox 2817 3658 3068 3724; x_wconf 85' lang='lat' dir='ltr'><strong>princeps</strong></span> <span class='ocrx_word' id='word_1_615' title='bbox 3093 3657 3243 3726; x_wconf 89' lang='lat' dir='ltr'><strong>regni</strong></span> <span class='ocrx_word' id='word_1_616' title='bbox 3272 3657 3584 3712; x_wconf 67' lang='lat' dir='ltr'><strong>Graecorum</strong></span> <span class='ocrx_word' id='word_1_617' title='bbox 3613 3676 3629 3714; x_wconf 87' lang='lat'><strong>:</strong></span> 
     </span>
    </p>
   </div>
   <div class='ocr_carea' id='block_1_83' title="bbox 2057 3743 3638 3820">
    <p class='ocr_par' dir='ltr' id='par_1_83' title="bbox 2057 3743 3638 3820">
     <span class='ocr_line' id='line_1_83' title="bbox 2057 3743 3638 3820; baseline 0.005 -24"><span class='ocrx_word' id='word_1_618' title='bbox 2057 3743 2136 3796; x_wconf 90' lang='lat' dir='ltr'><strong>sic</strong></span> <span class='ocrx_word' id='word_1_619' title='bbox 2169 3744 2315 3795; x_wconf 88' lang='lat' dir='ltr'><strong>enim</strong></span> <span class='ocrx_word' id='word_1_620' title='bbox 2375 3744 2648 3814; x_wconf 89' lang='lat' dir='ltr'><strong>quispiam</strong></span> <span class='ocrx_word' id='word_1_621' title='bbox 2710 3747 2912 3801; x_wconf 83' lang='lat' dir='ltr'><strong>dixerit</strong></span> <span class='ocrx_word' id='word_1_622' title='bbox 2977 3761 3100 3802; x_wconf 89' lang='lat' dir='ltr'><strong>esse</strong></span> <span class='ocrx_word' id='word_1_623' title='bbox 3151 3749 3451 3817; x_wconf 88' lang='lat' dir='ltr'><strong>principem</strong></span> <span class='ocrx_word' id='word_1_624' title='bbox 3486 3753 3638 3820; x_wconf 89' lang='lat' dir='ltr'><strong>rcgui</strong></span> 
     </span>
    </p>
   </div>
   <div class='ocr_carea' id='block_1_84' title="bbox 2056 3832 3635 3907">
    <p class='ocr_par' dir='ltr' id='par_1_84' title="bbox 2056 3832 3635 3907">
     <span class='ocr_line' id='line_1_84' title="bbox 2056 3832 3635 3907; baseline 0.009 -22"><span class='ocrx_word' id='word_1_625' title='bbox 2056 3832 2427 3902; x_wconf 81' lang='lat' dir='ltr'><strong>Assyriorum,</strong></span> <span class='ocrx_word' id='word_1_626' title='bbox 2463 3843 2786 3902; x_wconf 88' lang='lat' dir='ltr'><strong>arroganter</strong></span> <span class='ocrx_word' id='word_1_627' title='bbox 2814 3847 3087 3906; x_wconf 88' lang='lat' dir='ltr'><strong>agentem,</strong></span> <span class='ocrx_word' id='word_1_628' title='bbox 3136 3848 3298 3907; x_wconf 91' lang='lat' dir='ltr'><strong>atque</strong></span> <span class='ocrx_word' id='word_1_629' title='bbox 3345 3839 3442 3896; x_wconf 88' lang='lat' dir='ltr'><strong>has</strong></span> <span class='ocrx_word' id='word_1_630' title='bbox 3471 3856 3635 3900; x_wconf 81' lang='lat' dir='ltr'><strong>voces</strong></span> 
     </span>
    </p>
   </div>
   <div class='ocr_carea' id='block_1_85' title="bbox 2057 3925 3636 4005">
    <p class='ocr_par' dir='ltr' id='par_1_85' title="bbox 2057 3925 3636 4005">
     <span class='ocr_line' id='line_1_85' title="bbox 2057 3925 3636 4005; baseline 0.006 -28"><span class='ocrx_word' id='word_1_631' title='bbox 2057 3925 2392 3978; x_wconf 88' lang='lat' dir='ltr'><strong>emittentem</strong></span> <span class='ocrx_word' id='word_1_632' title='bbox 2424 3941 2438 3990; x_wconf 92' lang='lat'><strong>;</strong></span> <span class='ocrx_word' id='word_1_633' title='bbox 2484 3925 2601 3980; x_wconf 84' lang='lat' dir='ltr'><strong>sive</strong></span> <span class='ocrx_word' id='word_1_634' title='bbox 2634 3926 2698 3979; x_wconf 91' lang='lat' dir='ltr'><strong>ad</strong></span> <span class='ocrx_word' id='word_1_635' title='bbox 2731 3928 2896 3992; x_wconf 88' lang='lat' dir='ltr'><strong>hunc,</strong></span> <span class='ocrx_word' id='word_1_636' title='bbox 2924 3927 3167 3997; x_wconf 89' lang='lat' dir='ltr'><strong>inquam,</strong></span> <span class='ocrx_word' id='word_1_637' title='bbox 3201 3931 3320 3985; x_wconf 84' lang='lat' dir='ltr'><strong>sive</strong></span> <span class='ocrx_word' id='word_1_638' title='bbox 3356 3932 3421 3985; x_wconf 88' lang='lat' dir='ltr'><strong>ad</strong></span> <span class='ocrx_word' id='word_1_639' title='bbox 3453 3949 3636 4005; x_wconf 79' lang='lat' dir='ltr'><strong>regem</strong></span> 
     </span>
    </p>
   </div>
   <div class='ocr_carea' id='block_1_86' title="bbox 2056 4014 3636 4090">
    <p class='ocr_par' dir='ltr' id='par_1_86' title="bbox 2056 4014 3636 4090">
     <span class='ocr_line' id='line_1_86' title="bbox 2056 4014 3636 4090; baseline 0.008 -22"><span class='ocrx_word' id='word_1_640' title='bbox 2056 4014 2498 4087; x_wconf 84' lang='lat' dir='ltr'><strong>Babyloniorum,</strong></span> <span class='ocrx_word' id='word_1_641' title='bbox 2539 4019 2631 4088; x_wconf 92' lang='lat' dir='ltr'><strong>qui</strong></span> <span class='ocrx_word' id='word_1_642' title='bbox 2669 4018 3104 4090; x_wconf 86' lang='lat' dir='ltr'><strong>Hierosolymam</strong></span> <span class='ocrx_word' id='word_1_643' title='bbox 3143 4023 3378 4089; x_wconf 90' lang='lat' dir='ltr'><strong>obsedit,</strong></span> <span class='ocrx_word' id='word_1_644' title='bbox 3408 4034 3463 4080; x_wconf 91' lang='lat' dir='ltr'><strong>et</strong></span> <span class='ocrx_word' id='word_1_645' title='bbox 3505 4037 3636 4081; x_wconf 89' lang='lat' dir='ltr'><strong>tem-</strong></span> 
     </span>
    </p>
   </div>
   <div class='ocr_carea' id='block_1_87' title="bbox 2057 4109 3638 4186">
    <p class='ocr_par' dir='ltr' id='par_1_87' title="bbox 2057 4109 3638 4186">
     <span class='ocr_line' id='line_1_87' title="bbox 2057 4109 3638 4186; baseline 0.008 -25"><span class='ocrx_word' id='word_1_646' title='bbox 2057 4110 2204 4178; x_wconf 88' lang='lat' dir='ltr'><strong>plum</strong></span> <span class='ocrx_word' id='word_1_647' title='bbox 2243 4109 2506 4176; x_wconf 89' lang='lat' dir='ltr'><strong>incendit,</strong></span> <span class='ocrx_word' id='word_1_648' title='bbox 2536 4121 2590 4166; x_wconf 88' lang='lat' dir='ltr'><strong>et</strong></span> <span class='ocrx_word' id='word_1_649' title='bbox 2619 4113 2802 4166; x_wconf 91' lang='lat' dir='ltr'><strong>omnia</strong></span> <span class='ocrx_word' id='word_1_650' title='bbox 2835 4129 2990 4167; x_wconf 88' lang='lat' dir='ltr'><strong>sacra</strong></span> <span class='ocrx_word' id='word_1_651' title='bbox 3019 4129 3143 4169; x_wconf 86' lang='lat' dir='ltr'><strong>vasa</strong></span> <span class='ocrx_word' id='word_1_652' title='bbox 3176 4115 3292 4186; x_wconf 83' lang='lat' dir='ltr'><strong>ejus</strong></span> <span class='ocrx_word' id='word_1_653' title='bbox 3324 4125 3378 4171; x_wconf 87' lang='lat' dir='ltr'><strong>et</strong></span> <span class='ocrx_word' id='word_1_654' title='bbox 3412 4118 3638 4174; x_wconf 85' lang='lat' dir='ltr'><strong>donaria</strong></span> 
     </span>
    </p>
   </div>
   <div class='ocr_carea' id='block_1_88' title="bbox 2058 4201 3640 4276">
    <p class='ocr_par' dir='ltr' id='par_1_88' title="bbox 2058 4201 3640 4276">
     <span class='ocr_line' id='line_1_88' title="bbox 2058 4201 3640 4276; baseline 0.006 -22"><span class='ocrx_word' id='word_1_655' title='bbox 2058 4201 2305 4267; x_wconf 89' lang='lat' dir='ltr'><strong>abstulit,</strong></span> <span class='ocrx_word' id='word_1_656' title='bbox 2338 4219 2402 4258; x_wconf 91' lang='lat' dir='ltr'><strong>ac</strong></span> <span class='ocrx_word' id='word_1_657' title='bbox 2444 4204 2496 4256; x_wconf 91' lang='lat' dir='ltr'><strong>in</strong></span> <span class='ocrx_word' id='word_1_658' title='bbox 2556 4205 2666 4274; x_wconf 88' lang='lat' dir='ltr'><strong>ipsa</strong></span> <span class='ocrx_word' id='word_1_659' title='bbox 2698 4205 2972 4276; x_wconf 88' lang='lat' dir='ltr'><strong>Babylone</strong></span> <span class='ocrx_word' id='word_1_660' title='bbox 3006 4206 3159 4261; x_wconf 85' lang='lat' dir='ltr'><strong>idolis</strong></span> <span class='ocrx_word' id='word_1_661' title='bbox 3199 4209 3312 4262; x_wconf 90' lang='lat' dir='ltr'><strong>suis</strong></span> <span class='ocrx_word' id='word_1_662' title='bbox 3347 4225 3640 4265; x_wconf 81' lang='lat' dir='ltr'><strong>consecra—</strong></span> 
     </span>
    </p>
   </div>
   <div class='ocr_carea' id='block_1_89' title="bbox 2056 4293 3670 4368">
    <p class='ocr_par' dir='ltr' id='par_1_89' title="bbox 2056 4293 3670 4368">
     <span class='ocr_line' id='line_1_89' title="bbox 2056 4293 3670 4368; baseline 0.006 -24"><span class='ocrx_word' id='word_1_663' title='bbox 2056 4293 2170 4357; x_wconf 88' lang='lat' dir='ltr'><strong>vit;</strong></span> <span class='ocrx_word' id='word_1_664' title='bbox 2211 4304 2399 4362; x_wconf 91' lang='lat' dir='ltr'><strong>utpote</strong></span> <span class='ocrx_word' id='word_1_665' title='bbox 2431 4295 2520 4364; x_wconf 91' lang='lat' dir='ltr'><strong>qui</strong></span> <span class='ocrx_word' id='word_1_666' title='bbox 2547 4297 2729 4366; x_wconf 84' lang='lat' dir='ltr'><strong>gravia</strong></span> <span class='ocrx_word' id='word_1_667' title='bbox 2765 4308 2820 4351; x_wconf 91' lang='lat' dir='ltr'><strong>et</strong></span> <span class='ocrx_word' id='word_1_668' title='bbox 2859 4297 3046 4351; x_wconf 83' lang='lat' dir='ltr'><strong>insana</strong></span> <span class='ocrx_word' id='word_1_669' title='bbox 3079 4297 3325 4368; x_wconf 88' lang='lat' dir='ltr'><strong>proferre</strong></span> <span class='ocrx_word' id='word_1_670' title='bbox 3356 4316 3520 4356; x_wconf 87' lang='lat' dir='ltr'><strong>ausus</strong></span> <span class='ocrx_word' id='word_1_671' title='bbox 3542 4316 3635 4357; x_wconf 87' lang='lat' dir='ltr'><strong>es-</strong></span> <span class='ocrx_word' id='word_1_672' title='bbox 3668 4351 3670 4353; x_wconf 85' lang='lat'><strong>.</strong></span> 
     </span>
    </p>
   </div>
   <div class='ocr_carea' id='block_1_90' title="bbox 2058 4389 3640 4458">
    <p class='ocr_par' dir='ltr' id='par_1_90' title="bbox 2058 4389 3640 4458">
     <span class='ocr_line' id='line_1_90' title="bbox 2058 4389 3640 4458; baseline 0.003 -16"><span class='ocrx_word' id='word_1_673' title='bbox 2058 4398 2161 4452; x_wconf 90' lang='lat' dir='ltr'><strong>set,</strong></span> <span class='ocrx_word' id='word_1_674' title='bbox 2179 4392 2471 4458; x_wconf 83' lang='lat' dir='ltr'><strong>respondet</strong></span> <span class='ocrx_word' id='word_1_675' title='bbox 2492 4389 2844 4458; x_wconf 88' lang='lat' dir='ltr'><strong>prepheticus</strong></span> <span class='ocrx_word' id='word_1_676' title='bbox 2860 4404 3073 4443; x_wconf 90' lang='lat' dir='ltr'><strong>sermo:</strong></span> <span class='ocrx_word' id='word_1_677' title='bbox 3103 4391 3325 4456; x_wconf 89' lang='lat' dir='ltr'><strong>Deinde,</strong></span> <span class='ocrx_word' id='word_1_678' title='bbox 3351 4393 3640 4448; x_wconf 88' lang='lat' dir='ltr'><strong>oomnium</strong></span> 
     </span>
    </p>
   </div>
   <div class='ocr_carea' id='block_1_91' title="bbox 371 4478 1951 4556">
    <p class='ocr_par' dir='ltr' id='par_1_91' title="bbox 371 4478 1951 4556">
     <span class='ocr_line' id='line_1_91' title="bbox 371 4478 1951 4556; baseline 0 -19"><span class='ocrx_word' id='word_1_679' title='bbox 371 4501 510 4537; x_wconf 67' lang='lat' dir='ltr'><strong>JETat</strong></span> <span class='ocrx_word' id='word_1_680' title='bbox 542 4483 806 4551; x_wconf 89' lang='grc' dir='ltr'>φάσκωνὸ</span> <span class='ocrx_word' id='word_1_681' title='bbox 830 4483 1164 4553; x_wconf 83' lang='grc' dir='ltr'>προφητικδς</span> <span class='ocrx_word' id='word_1_682' title='bbox 1185 4483 1363 4551; x_wconf 87' lang='grc' dir='ltr'>λόγος·</span> <span class='ocrx_word' id='word_1_683' title='bbox 1385 4478 1652 4556; x_wconf 79' lang='grc' dir='ltr'><strong>Εἷτα,(16)</strong></span> <span class='ocrx_word' id='word_1_684' title='bbox 1679 4479 1722 4539; x_wconf 88' lang='grc' dir='ltr'><strong>ῶ</strong></span> <span class='ocrx_word' id='word_1_685' title='bbox 1748 4487 1951 4541; x_wconf 53' lang='grc' dir='ltr'>πάντωε</span> 
     </span>
    </p>
   </div>
   <div class='ocr_carea' id='block_1_92' title="bbox 2054 4478 3643 4556">
    <p class='ocr_par' dir='ltr' id='par_1_92' title="bbox 2072 4479 3643 4556">
     <span class='ocr_line' id='line_1_92' title="bbox 2072 4479 3643 4556; baseline 0.005 -21"><span class='ocrx_word' id='word_1_686' title='bbox 2072 4479 2416 4546; x_wconf 85' lang='lat' dir='ltr'><strong>stultissime,</strong></span> <span class='ocrx_word' id='word_1_687' title='bbox 2447 4497 2552 4536; x_wconf 92' lang='lat' dir='ltr'><strong>non</strong></span> <span class='ocrx_word' id='word_1_688' title='bbox 2576 4480 2729 4535; x_wconf 80' lang='lat' dir='ltr'><strong>vides</strong></span> <span class='ocrx_word' id='word_1_689' title='bbox 2748 4497 2853 4535; x_wconf 92' lang='lat' dir='ltr'><strong>non</strong></span> <span class='ocrx_word' id='word_1_690' title='bbox 2868 4495 3030 4550; x_wconf 89' lang='lat' dir='ltr'><strong>posse</strong></span> <span class='ocrx_word' id='word_1_691' title='bbox 3053 4483 3310 4548; x_wconf 88' lang='lat' dir='ltr'><strong>securim,</strong></span> <span class='ocrx_word' id='word_1_692' title='bbox 3344 4484 3494 4541; x_wconf 90' lang='lat' dir='ltr'><strong>nullo</strong></span> <span class='ocrx_word' id='word_1_693' title='bbox 3512 4501 3643 4556; x_wconf 90' lang='lat' dir='ltr'><strong>ope-</strong></span> 
     </span>
    </p>
   </div>
   <div class='ocr_carea' id='block_1_93' title="bbox 361 4573 1950 4645">
    <p class='ocr_par' dir='ltr' id='par_1_93' title="bbox 361 4573 1950 4645">
     <span class='ocr_line' id='line_1_93' title="bbox 361 4573 1950 4645; baseline 0.002 -16"><span class='ocrx_word' id='word_1_694' title='bbox 361 4575 751 4645; x_wconf 81' lang='grc' dir='ltr'>ἀφρονέστατε,</span> <span class='ocrx_word' id='word_1_695' title='bbox 780 4575 840 4627; x_wconf 85' lang='grc' dir='ltr'>οὐ</span> <span class='ocrx_word' id='word_1_696' title='bbox 866 4575 1118 4644; x_wconf 60' lang='grc' dir='ltr'>συνορᾷς,</span> <span class='ocrx_word' id='word_1_697' title='bbox 1147 4575 1229 4627; x_wconf 86' lang='grc' dir='ltr'><strong>ὃτι</strong></span> <span class='ocrx_word' id='word_1_698' title='bbox 1258 4573 1383 4628; x_wconf 72' lang='grc' dir='ltr'>οὔτε</span> <span class='ocrx_word' id='word_1_699' title='bbox 1417 4576 1582 4643; x_wconf 82' lang='grc' dir='ltr'>πέλυξ</span> <span class='ocrx_word' id='word_1_700' title='bbox 1605 4579 1797 4631; x_wconf 79' lang='grc' dir='ltr'>ἑαυτόν</span> <span class='ocrx_word' id='word_1_701' title='bbox 1819 4596 1950 4632; x_wconf 89' lang='grc' dir='ltr'>ποτε</span> 
     </span>
    </p>
   </div>
   <div class='ocr_carea' id='block_1_94' title="bbox 363 4665 1949 4741">
    <p class='ocr_par' dir='ltr' id='par_1_94' title="bbox 363 4665 1949 4741">
     <span class='ocr_line' id='line_1_94' title="bbox 363 4665 1949 4741; baseline 0.003 -22"><span class='ocrx_word' id='word_1_702' title='bbox 363 4669 639 4738; x_wconf 87' lang='grc' dir='ltr'>κινήσειεν</span> <span class='ocrx_word' id='word_1_703' title='bbox 672 4668 764 4719; x_wconf 73' lang='grc' dir='ltr'><strong>ἐπὶ</strong></span> <span class='ocrx_word' id='word_1_704' title='bbox 799 4666 975 4737; x_wconf 80' lang='grc' dir='ltr'>κοπὴν</span> <span class='ocrx_word' id='word_1_705' title='bbox 1015 4665 1192 4730; x_wconf 79' lang='grc' dir='ltr'>ξύλου,</span> <span class='ocrx_word' id='word_1_706' title='bbox 1233 4667 1310 4738; x_wconf 83' lang='grc' dir='ltr'>μὴ</span> <span class='ocrx_word' id='word_1_707' title='bbox 1352 4668 1540 4739; x_wconf 78' lang='grc' dir='ltr'>ἐτέρου</span> <span class='ocrx_word' id='word_1_708' title='bbox 1575 4669 1949 4741; x_wconf 87' lang='grc' dir='ltr'>ἐνεργοῦντος,</span> 
     </span>
    </p>
   </div>
   <div class='ocr_carea' id='block_1_95' title="bbox 364 4757 1948 4834">
    <p class='ocr_par' dir='ltr' id='par_1_95' title="bbox 364 4757 1948 4834">
     <span class='ocr_line' id='line_1_95' title="bbox 364 4757 1948 4834; baseline 0.001 -22"><span class='ocrx_word' id='word_1_709' title='bbox 364 4759 486 4812; x_wconf 79' lang='grc' dir='ltr'>ούτε</span> <span class='ocrx_word' id='word_1_710' title='bbox 517 4759 694 4830; x_wconf 83' lang='grc' dir='ltr'>πρίων</span> <span class='ocrx_word' id='word_1_711' title='bbox 726 4759 887 4812; x_wconf 87' lang='grc' dir='ltr'>διέλοι</span> <span class='ocrx_word' id='word_1_712' title='bbox 915 4757 980 4811; x_wconf 84' lang='grc' dir='ltr'>ἂν</span> <span class='ocrx_word' id='word_1_713' title='bbox 1006 4757 1073 4811; x_wconf 78' lang='grc' dir='ltr'><strong>τὰ</strong></span> <span class='ocrx_word' id='word_1_714' title='bbox 1104 4759 1237 4828; x_wconf 88' lang='grc' dir='ltr'>πρὸς</span> <span class='ocrx_word' id='word_1_715' title='bbox 1268 4759 1432 4813; x_wconf 85' lang='grc' dir='ltr'>αὐτοῦ</span> <span class='ocrx_word' id='word_1_716' title='bbox 1475 4761 1801 4833; x_wconf 80' lang='grc' dir='ltr'>πριζόμενα,</span> <span class='ocrx_word' id='word_1_717' title='bbox 1843 4781 1948 4834; x_wconf 88' lang='grc' dir='ltr'>μη-</span> 
     </span>
    </p>
   </div>
   <div class='ocr_carea' id='block_1_96' title="bbox 363 4850 1948 4922">
    <p class='ocr_par' dir='ltr' id='par_1_96' title="bbox 363 4850 1948 4922">
     <span class='ocr_line' id='line_1_96' title="bbox 363 4850 1948 4922; baseline 0.001 -17"><span class='ocrx_word' id='word_1_718' title='bbox 363 4850 511 4916; x_wconf 72' lang='grc' dir='ltr'>δενὸς</span> <span class='ocrx_word' id='word_1_719' title='bbox 549 4853 816 4917; x_wconf 75' lang='grc' dir='ltr'>ἕλκοντος,</span> <span class='ocrx_word' id='word_1_720' title='bbox 871 4850 990 4904; x_wconf 78' lang='grc' dir='ltr'>οὐδὲ</span> <span class='ocrx_word' id='word_1_721' title='bbox 1031 4850 1226 4922; x_wconf 73' lang='grc' dir='ltr'>ῥάϐδος</span> <span class='ocrx_word' id='word_1_722' title='bbox 1273 4850 1492 4921; x_wconf 79' lang='grc' dir='ltr'>τύψειεν</span> <span class='ocrx_word' id='word_1_723' title='bbox 1533 4854 1598 4908; x_wconf 80' lang='grc' dir='ltr'><strong>ἄν</strong></span> <span class='ocrx_word' id='word_1_724' title='bbox 1641 4872 1780 4920; x_wconf 90' lang='grc' dir='ltr'>τινα,</span> <span class='ocrx_word' id='word_1_725' title='bbox 1827 4855 1948 4908; x_wconf 81' lang='grc' dir='ltr'>οὐδὲ</span> 
     </span>
    </p>
   </div>
   <div class='ocr_carea' id='block_1_97' title="bbox 367 4942 1946 5018">
    <p class='ocr_par' dir='ltr' id='par_1_97' title="bbox 367 4942 1946 5018">
     <span class='ocr_line' id='line_1_97' title="bbox 367 4942 1946 5018; baseline 0.001 -20"><span class='ocrx_word' id='word_1_726' title='bbox 367 4945 520 5011; x_wconf 72' lang='grc' dir='ltr'>ξύλον</span> <span class='ocrx_word' id='word_1_727' title='bbox 547 4946 797 5018; x_wconf 83' lang='grc' dir='ltr'>πλήξειεν</span> <span class='ocrx_word' id='word_1_728' title='bbox 827 4942 1146 5015; x_wconf 84' lang='grc' dir='ltr'>αὐτομάτως</span> <span class='ocrx_word' id='word_1_729' title='bbox 1181 4944 1532 5016; x_wconf 88' lang='grc' dir='ltr'>κινούμενον;</span> <span class='ocrx_word' id='word_1_730' title='bbox 1560 4945 1681 5018; x_wconf 80' lang='grc' dir='ltr'>Χρὴ</span> <span class='ocrx_word' id='word_1_731' title='bbox 1713 4947 1767 4999; x_wconf 82' lang='grc' dir='ltr'>δὲ</span> <span class='ocrx_word' id='word_1_732' title='bbox 1798 4946 1946 5016; x_wconf 91' lang='grc' dir='ltr'>λογί-</span> 
     </span>
    </p>
   </div>
   <div class='ocr_carea' id='block_1_98' title="bbox 369 5039 1948 5114">
    <p class='ocr_par' dir='ltr' id='par_1_98' title="bbox 369 5039 1948 5114">
     <span class='ocr_line' id='line_1_98' title="bbox 369 5039 1948 5114; baseline 0.001 -21"><span class='ocrx_word' id='word_1_733' title='bbox 369 5041 581 5107; x_wconf 81' lang='grc' dir='ltr'>σασθαι,</span> <span class='ocrx_word' id='word_1_734' title='bbox 611 5043 693 5094; x_wconf 85' lang='grc' dir='ltr'><strong>ὃτι</strong></span> <span class='ocrx_word' id='word_1_735' title='bbox 717 5041 840 5094; x_wconf 75' lang='grc' dir='ltr'>οὕτε</span> <span class='ocrx_word' id='word_1_736' title='bbox 873 5059 954 5094; x_wconf 90' lang='grc' dir='ltr'><strong>σοι</strong></span> <span class='ocrx_word' id='word_1_737' title='bbox 975 5041 1204 5113; x_wconf 85' lang='grc' dir='ltr'>διακόνῳ</span> <span class='ocrx_word' id='word_1_738' title='bbox 1228 5042 1340 5096; x_wconf 66' lang='lat' dir='ltr'><strong>om</strong></span> <span class='ocrx_word' id='word_1_739' title='bbox 1367 5042 1466 5112; x_wconf 82' lang='grc' dir='ltr'><strong>τῆς</strong></span> <span class='ocrx_word' id='word_1_740' title='bbox 1491 5039 1586 5093; x_wconf 93' lang='grc' dir='ltr'><strong>τοῦ</strong></span> <span class='ocrx_word' id='word_1_741' title='bbox 1611 5041 1746 5094; x_wconf 85' lang='grc' dir='ltr'>Θεοῦ</span> <span class='ocrx_word' id='word_1_742' title='bbox 1778 5041 1948 5114; x_wconf 78' lang='grc' dir='ltr'>ὀργῆς</span> 
     </span>
    </p>
   </div>
   <div class='ocr_carea' id='block_1_99' title="bbox 367 5131 1949 5204">
    <p class='ocr_par' dir='ltr' id='par_1_99' title="bbox 367 5131 1949 5204">
     <span class='ocr_line' id='line_1_99' title="bbox 367 5131 1949 5204; baseline 0.003 -23"><span class='ocrx_word' id='word_1_743' title='bbox 367 5131 597 5202; x_wconf 84' lang='grc' dir='ltr'>τοσαύτη</span> <span class='ocrx_word' id='word_1_744' title='bbox 627 5133 809 5204; x_wconf 81' lang='grc' dir='ltr'>παρῆν</span> <span class='ocrx_word' id='word_1_745' title='bbox 837 5132 1086 5204; x_wconf 89' lang='grc' dir='ltr'>δύναμις,</span> <span class='ocrx_word' id='word_1_746' title='bbox 1119 5135 1193 5198; x_wconf 85' lang='grc' dir='ltr'>ὡς</span> <span class='ocrx_word' id='word_1_747' title='bbox 1233 5133 1441 5204; x_wconf 84' lang='grc' dir='ltr'>μυρίων</span> <span class='ocrx_word' id='word_1_748' title='bbox 1468 5131 1636 5185; x_wconf 86' lang='grc' dir='ltr'>ἐθνῶν</span> <span class='ocrx_word' id='word_1_749' title='bbox 1669 5147 1949 5199; x_wconf 73' lang='grc' dir='ltr'>κατακρα-</span> 
     </span>
    </p>
   </div>
   <div class='ocr_carea' id='block_1_100' title="bbox 366 5222 1943 5298">
    <p class='ocr_par' dir='ltr' id='par_1_100' title="bbox 366 5222 1943 5298">
     <span class='ocr_line' id='line_1_100' title="bbox 366 5222 1943 5298; baseline 0.001 -24"><span class='ocrx_word' id='word_1_750' title='bbox 366 5222 551 5293; x_wconf 79' lang='grc' dir='ltr'>τῆσαι,</span> <span class='ocrx_word' id='word_1_751' title='bbox 586 5227 678 5278; x_wconf 78' lang='grc' dir='ltr'>καὶ</span> <span class='ocrx_word' id='word_1_752' title='bbox 725 5225 913 5279; x_wconf 87' lang='grc' dir='ltr'>τούσδε</span> <span class='ocrx_word' id='word_1_753' title='bbox 954 5226 1053 5298; x_wconf 81' lang='grc' dir='ltr'>μὲν</span> <span class='ocrx_word' id='word_1_754' title='bbox 1099 5226 1342 5289; x_wconf 85' lang='grc' dir='ltr'>κόπτειν,</span> <span class='ocrx_word' id='word_1_755' title='bbox 1393 5224 1610 5294; x_wconf 83' lang='grc' dir='ltr'>ἐτέρους</span> <span class='ocrx_word' id='word_1_756' title='bbox 1635 5223 1692 5276; x_wconf 84' lang='grc' dir='ltr'><strong>δὲ</strong></span> <span class='ocrx_word' id='word_1_757' title='bbox 1739 5223 1943 5287; x_wconf 89' lang='grc' dir='ltr'>παίειν,</span> 
     </span>
    </p>
   </div>
   <div class='ocr_carea' id='block_1_101' title="bbox 367 5313 1942 5391">
    <p class='ocr_par' dir='ltr' id='par_1_101' title="bbox 367 5313 1942 5391">
     <span class='ocr_line' id='line_1_101' title="bbox 367 5313 1942 5391; baseline 0 -24"><span class='ocrx_word' id='word_1_758' title='bbox 367 5315 551 5379; x_wconf 84' lang='grc' dir='ltr'>πόλεις</span> <span class='ocrx_word' id='word_1_759' title='bbox 576 5334 636 5370; x_wconf 85' lang='grc' dir='ltr'><strong>τε</strong></span> <span class='ocrx_word' id='word_1_760' title='bbox 694 5318 817 5382; x_wconf 77' lang='grc' dir='ltr'>ὅλας</span> <span class='ocrx_word' id='word_1_761' title='bbox 848 5316 1412 5391; x_wconf 77' lang='grc' dir='ltr'>ἐξανδραποδίζεσθαι,</span> <span class='ocrx_word' id='word_1_762' title='bbox 1442 5316 1535 5370; x_wconf 70' lang='grc' dir='ltr'>καὶ</span> <span class='ocrx_word' id='word_1_763' title='bbox 1569 5315 1736 5387; x_wconf 89' lang='grc' dir='ltr'>μυρία</span> <span class='ocrx_word' id='word_1_764' title='bbox 1764 5313 1942 5385; x_wconf 85' lang='grc' dir='ltr'>πλήθη</span> 
     </span>
    </p>
   </div>
   <div class='ocr_carea' id='block_1_102' title="bbox 366 5405 1944 5482">
    <p class='ocr_par' dir='ltr' id='par_1_102' title="bbox 366 5405 1944 5482">
     <span class='ocr_line' id='line_1_102' title="bbox 366 5405 1944 5482; baseline -0.004 -18"><span class='ocrx_word' id='word_1_765' title='bbox 366 5409 864 5482; x_wconf 84' lang='grc' dir='ltr'>καταστρωννύναι,</span> <span class='ocrx_word' id='word_1_766' title='bbox 901 5411 1100 5474; x_wconf 86' lang='grc' dir='ltr'>παντὸς</span> <span class='ocrx_word' id='word_1_767' title='bbox 1132 5410 1369 5480; x_wconf 87' lang='grc' dir='ltr'>πρίονος,</span> <span class='ocrx_word' id='word_1_768' title='bbox 1405 5408 1499 5461; x_wconf 75' lang='grc' dir='ltr'><strong>καὶ</strong></span> <span class='ocrx_word' id='word_1_769' title='bbox 1531 5405 1814 5470; x_wconf 87' lang='grc' dir='ltr'>πελέκυος,</span> <span class='ocrx_word' id='word_1_770' title='bbox 1850 5407 1944 5458; x_wconf 81' lang='grc' dir='ltr'><strong>καὶ</strong></span> 
     </span>
    </p>
   </div>
   <div class='ocr_carea' id='block_1_103' title="bbox 368 5495 1941 5575">
    <p class='ocr_par' dir='ltr' id='par_1_103' title="bbox 368 5495 1941 5575">
     <span class='ocr_line' id='line_1_103' title="bbox 368 5495 1941 5575; baseline -0.006 -17"><span class='ocrx_word' id='word_1_771' title='bbox 368 5503 566 5575; x_wconf 78' lang='grc' dir='ltr'>ῥάϐδου</span> <span class='ocrx_word' id='word_1_772' title='bbox 595 5502 796 5574; x_wconf 86' lang='grc' dir='ltr'>χείρονι</span> <span class='ocrx_word' id='word_1_773' title='bbox 821 5503 1114 5574; x_wconf 85' lang='grc' dir='ltr'>γενομένῳ,</span> <span class='ocrx_word' id='word_1_774' title='bbox 1143 5504 1190 5555; x_wconf 88' lang='grc' dir='ltr'><strong>εί</strong></span> <span class='ocrx_word' id='word_1_775' title='bbox 1217 5501 1291 5574; x_wconf 80' lang='grc' dir='ltr'>μὴ</span> <span class='ocrx_word' id='word_1_776' title='bbox 1315 5500 1446 5564; x_wconf 84' lang='grc' dir='ltr'>Θεὸς</span> <span class='ocrx_word' id='word_1_777' title='bbox 1473 5495 1541 5572; x_wconf 81' lang='grc' dir='ltr'><strong>ἦν</strong></span> <span class='ocrx_word' id='word_1_778' title='bbox 1563 5500 1591 5552; x_wconf 87' lang='grc' dir='ltr'>ὁ</span> <span class='ocrx_word' id='word_1_779' title='bbox 1615 5501 1679 5570; x_wconf 79' lang='grc' dir='ltr'>τῇ</span> <span class='ocrx_word' id='word_1_780' title='bbox 1708 5500 1773 5569; x_wconf 79' lang='grc' dir='ltr'>σῇ</span> <span class='ocrx_word' id='word_1_781' title='bbox 1797 5498 1941 5569; x_wconf 76' lang='grc' dir='ltr'>χειρὶ</span> 
     </span>
    </p>
   </div>
   <div class='ocr_carea' id='block_1_104' title="bbox 439 5641 1942 5768">
    <p class='ocr_par' dir='ltr' id='par_1_104' title="bbox 439 5641 1942 5768">
     <span class='ocr_line' id='line_1_104' title="bbox 439 5641 1942 5768; baseline -0.006 -68"><span class='ocrx_word' id='word_1_782' title='bbox 439 5645 551 5716; x_wconf 82' lang='lat' dir='ltr'><strong>(i6)</strong></span> <span class='ocrx_word' id='word_1_783' title='bbox 594 5643 692 5699; x_wconf 84' lang='lat' dir='ltr'><strong>Hic</strong></span> <span class='ocrx_word' id='word_1_784' title='bbox 721 5642 936 5698; x_wconf 84' lang='lat' dir='ltr'><strong>Eusebii</strong></span> <span class='ocrx_word' id='word_1_785' title='bbox 973 5644 1322 5768; x_wconf 67' lang='lat' dir='ltr'><strong>inter8retem</strong></span> <span class='ocrx_word' id='word_1_786' title='bbox 1362 5642 1476 5698; x_wconf 88' lang='lat' dir='ltr'><strong>fere</strong></span> <span class='ocrx_word' id='word_1_787' title='bbox 1519 5641 1630 5713; x_wconf 86' lang='lat' dir='ltr'><strong>agit</strong></span> <span class='ocrx_word' id='word_1_788' title='bbox 1681 5641 1942 5722; x_wconf 76' lang='lat' dir='ltr'><strong>Hierony-</strong></span> 
     </span>
     <span class='ocr_line' id='line_1_105' title="bbox 439 5711 1938 5768; baseline -0.003 0"><span class='ocrx_word' id='word_1_789' title='bbox 439 5732 489 5768; x_wconf 67' lang='grc' dir='ltr'>ωε</span> <span class='ocrx_word' id='word_1_790' title='bbox 511 5733 529 5768; x_wconf 81' lang='lat'><strong>-.</strong></span> <span class='ocrx_word' id='word_1_791' title='bbox 569 5731 692 5768; x_wconf 87' lang='lat' dir='ltr'><strong>nam</strong></span> <span class='ocrx_word' id='word_1_792' title='bbox 719 5717 799 5768; x_wconf 88' lang='lat' dir='ltr'><strong>sic</strong></span> <span class='ocrx_word' id='word_1_793' title='bbox 831 5714 1012 5768; x_wconf 89' lang='lat' dir='ltr'><strong>habet.</strong></span> <span class='ocrx_word' id='word_1_794' title='bbox 1045 5731 1065 5764; x_wconf 78' lang='grc' dir='ltr'><strong>ι</strong></span> <span class='ocrx_word' id='word_1_795' title='bbox 1183 5713 1500 5768; x_wconf 87' lang='lat' dir='ltr'><strong>stultissime</strong></span> <span class='ocrx_word' id='word_1_796' title='bbox 1530 5711 1938 5766; x_wconf 89' lang='lat' dir='ltr'><strong>mortahum....</strong></span> 
     </span>
    </p>
   </div>
   <div class='ocr_carea' id='block_1_105' title="bbox 370 5711 1938 5777">
    <p class='ocr_par' dir='ltr' id='par_1_105' title="bbox 370 5711 1938 5777">
     <span class='ocr_line' id='line_1_106' title="bbox 370 5711 1938 5777; baseline -0.003 -8"><span class='ocrx_word' id='word_1_797' title='bbox 370 5711 489 5772; x_wconf 85' lang='lat' dir='ltr'><strong>mus</strong></span> <span class='ocrx_word' id='word_1_798' title='bbox 511 5711 541 5772; x_wconf 71' lang='grc' dir='ltr'><strong>ι</strong></span> <span class='ocrx_word' id='word_1_799' title='bbox 569 5731 692 5769; x_wconf 86' lang='lat' dir='ltr'><strong>nam</strong></span> <span class='ocrx_word' id='word_1_800' title='bbox 719 5717 799 5769; x_wconf 91' lang='lat' dir='ltr'><strong>sic</strong></span> <span class='ocrx_word' id='word_1_801' title='bbox 831 5714 1012 5777; x_wconf 89' lang='lat' dir='ltr'><strong>habet,</strong></span> <span class='ocrx_word' id='word_1_802' title='bbox 1045 5731 1065 5764; x_wconf 76' lang='grc' dir='ltr'><strong>ι</strong></span> <span class='ocrx_word' id='word_1_803' title='bbox 1101 5711 1145 5768; x_wconf 93' lang='grc' dir='ltr'>Ο</span> <span class='ocrx_word' id='word_1_804' title='bbox 1183 5713 1500 5768; x_wconf 87' lang='lat' dir='ltr'><strong>stultissime</strong></span> <span class='ocrx_word' id='word_1_805' title='bbox 1530 5711 1938 5766; x_wconf 68' lang='lat' dir='ltr'><strong>mortalium...</strong></span> 
     </span>
    </p>
   </div>
   <div class='ocr_carea' id='block_1_106' title="bbox 368 5781 1944 5852">
    <p class='ocr_par' dir='ltr' id='par_1_106' title="bbox 368 5781 1944 5852">
     <span class='ocr_line' id='line_1_107' title="bbox 368 5781 1944 5852; baseline -0.003 -14"><span class='ocrx_word' id='word_1_806' title='bbox 368 5789 639 5851; x_wconf 79' lang='lat' dir='ltr'><strong>quomodo</strong></span> <span class='ocrx_word' id='word_1_807' title='bbox 669 5787 713 5840; x_wconf 88' lang='lat' dir='ltr'><strong>si</strong></span> <span class='ocrx_word' id='word_1_808' title='bbox 739 5783 945 5841; x_wconf 87' lang='lat' dir='ltr'><strong>securis</strong></span> <span class='ocrx_word' id='word_1_809' title='bbox 984 5783 1248 5852; x_wconf 84' lang='lat' dir='ltr'><strong>glorietur</strong></span> <span class='ocrx_word' id='word_1_810' title='bbox 1283 5793 1472 5840; x_wconf 84' lang='lat' dir='ltr'><strong>contra</strong></span> <span class='ocrx_word' id='word_1_811' title='bbox 1499 5798 1622 5838; x_wconf 88' lang='lat' dir='ltr'><strong>eum</strong></span> <span class='ocrx_word' id='word_1_812' title='bbox 1658 5781 1750 5852; x_wconf 88' lang='lat' dir='ltr'><strong>qui</strong></span> <span class='ocrx_word' id='word_1_813' title='bbox 1782 5795 1944 5838; x_wconf 75' lang='lat' dir='ltr'><strong>secue</strong></span> 
     </span>
    </p>
   </div>
   <div class='ocr_carea' id='block_1_107' title="bbox 2055 4576 3640 4650">
    <p class='ocr_par' dir='ltr' id='par_1_107' title="bbox 2055 4576 3640 4650">
     <span class='ocr_line' id='line_1_108' title="bbox 2055 4576 3640 4650; baseline 0.003 -20"><span class='ocrx_word' id='word_1_814' title='bbox 2055 4586 2227 4641; x_wconf 91' lang='lat' dir='ltr'><strong>rante,</strong></span> <span class='ocrx_word' id='word_1_815' title='bbox 2258 4577 2324 4630; x_wconf 89' lang='lat' dir='ltr'><strong>ad</strong></span> <span class='ocrx_word' id='word_1_816' title='bbox 2361 4576 2565 4648; x_wconf 90' lang='lat' dir='ltr'><strong>lignum</strong></span> <span class='ocrx_word' id='word_1_817' title='bbox 2602 4578 2916 4631; x_wconf 66' lang='lat' dir='ltr'><strong>credendum</strong></span> <span class='ocrx_word' id='word_1_818' title='bbox 2945 4591 3003 4631; x_wconf 90' lang='lat' dir='ltr'><strong>se</strong></span> <span class='ocrx_word' id='word_1_819' title='bbox 3031 4592 3284 4643; x_wconf 88' lang='lat' dir='ltr'><strong>movere;</strong></span> <span class='ocrx_word' id='word_1_820' title='bbox 3317 4595 3493 4650; x_wconf 89' lang='lat' dir='ltr'><strong>neque</strong></span> <span class='ocrx_word' id='word_1_821' title='bbox 3521 4597 3640 4635; x_wconf 87' lang='lat' dir='ltr'><strong>ser-</strong></span> 
     </span>
    </p>
   </div>
   <div class='ocr_carea' id='block_1_108' title="bbox 2055 4668 3640 4740">
    <p class='ocr_par' dir='ltr' id='par_1_108' title="bbox 2055 4668 3640 4740">
     <span class='ocr_line' id='line_1_109' title="bbox 2055 4668 3640 4740; baseline 0.002 -17"><span class='ocrx_word' id='word_1_822' title='bbox 2055 4686 2168 4724; x_wconf 91' lang='lat' dir='ltr'><strong>ram</strong></span> <span class='ocrx_word' id='word_1_823' title='bbox 2203 4669 2345 4739; x_wconf 87' lang='lat' dir='ltr'><strong>ligna</strong></span> <span class='ocrx_word' id='word_1_824' title='bbox 2401 4668 2582 4738; x_wconf 89' lang='lat' dir='ltr'><strong>posita</strong></span> <span class='ocrx_word' id='word_1_825' title='bbox 2629 4683 2838 4731; x_wconf 88' lang='lat' dir='ltr'><strong>secare,</strong></span> <span class='ocrx_word' id='word_1_826' title='bbox 2871 4669 3085 4724; x_wconf 91' lang='lat' dir='ltr'><strong>nemine</strong></span> <span class='ocrx_word' id='word_1_827' title='bbox 3132 4671 3422 4739; x_wconf 88' lang='lat' dir='ltr'><strong>trahente;</strong></span> <span class='ocrx_word' id='word_1_828' title='bbox 3463 4687 3640 4740; x_wconf 91' lang='lat' dir='ltr'><strong>neque</strong></span> 
     </span>
    </p>
   </div>
   <div class='ocr_carea' id='block_1_109' title="bbox 2055 4758 3634 4831">
    <p class='ocr_par' dir='ltr' id='par_1_109' title="bbox 2055 4758 3634 4831">
     <span class='ocr_line' id='line_1_110' title="bbox 2055 4758 3634 4831; baseline 0.002 -19"><span class='ocrx_word' id='word_1_829' title='bbox 2055 4761 2262 4831; x_wconf 80' lang='lat' dir='ltr'><strong>virgam</strong></span> <span class='ocrx_word' id='word_1_830' title='bbox 2298 4759 2602 4828; x_wconf 85' lang='lat' dir='ltr'><strong>quempiam</strong></span> <span class='ocrx_word' id='word_1_831' title='bbox 2634 4767 2941 4827; x_wconf 88' lang='lat' dir='ltr'><strong>percutere,</strong></span> <span class='ocrx_word' id='word_1_832' title='bbox 2971 4772 3143 4828; x_wconf 85' lang='lat' dir='ltr'><strong>neque</strong></span> <span class='ocrx_word' id='word_1_833' title='bbox 3176 4758 3384 4830; x_wconf 88' lang='lat' dir='ltr'><strong>lignum</strong></span> <span class='ocrx_word' id='word_1_834' title='bbox 3438 4770 3634 4830; x_wconf 81' lang='lat' dir='ltr'><strong>suopte</strong></span> 
     </span>
    </p>
   </div>
   <div class='ocr_carea' id='block_1_110' title="bbox 2057 4847 3638 4921">
    <p class='ocr_par' dir='ltr' id='par_1_110' title="bbox 2057 4847 3638 4921">
     <span class='ocr_line' id='line_1_111' title="bbox 2057 4847 3638 4921; baseline -0.001 -15"><span class='ocrx_word' id='word_1_835' title='bbox 2057 4861 2201 4906; x_wconf 90' lang='lat' dir='ltr'><strong>tnotu</strong></span> <span class='ocrx_word' id='word_1_836' title='bbox 2227 4851 2474 4921; x_wconf 89' lang='lat' dir='ltr'><strong>quemvis</strong></span> <span class='ocrx_word' id='word_1_837' title='bbox 2509 4849 2756 4905; x_wconf 69' lang='lat' dir='ltr'><strong>cardere?</strong></span> <span class='ocrx_word' id='word_1_838' title='bbox 2777 4847 3278 4920; x_wconf 81' lang='lat' dir='ltr'><strong>Cogitandumsanc</strong></span> <span class='ocrx_word' id='word_1_839' title='bbox 3299 4859 3438 4916; x_wconf 89' lang='lat' dir='ltr'><strong>erat,</strong></span> <span class='ocrx_word' id='word_1_840' title='bbox 3461 4867 3638 4921; x_wconf 83' lang='lat' dir='ltr'><strong>neque</strong></span> 
     </span>
    </p>
   </div>
   <div class='ocr_carea' id='block_1_111' title="bbox 2057 4942 3630 5012">
    <p class='ocr_par' dir='ltr' id='par_1_111' title="bbox 2057 4942 3630 5012">
     <span class='ocr_line' id='line_1_112' title="bbox 2057 4942 3630 5012; baseline -0.001 -16"><span class='ocrx_word' id='word_1_841' title='bbox 2057 4943 2174 5006; x_wconf 90' lang='lat' dir='ltr'><strong>tibi,</strong></span> <span class='ocrx_word' id='word_1_842' title='bbox 2211 4943 2305 4996; x_wconf 63' lang='lat' dir='ltr'><strong>ira:</strong></span> <span class='ocrx_word' id='word_1_843' title='bbox 2334 4942 2425 4996; x_wconf 92' lang='lat' dir='ltr'><strong>Dei</strong></span> <span class='ocrx_word' id='word_1_844' title='bbox 2459 4942 2728 5005; x_wconf 87' lang='lat' dir='ltr'><strong>ministro,</strong></span> <span class='ocrx_word' id='word_1_845' title='bbox 2774 4943 2932 4997; x_wconf 87' lang='lat' dir='ltr'><strong>talem</strong></span> <span class='ocrx_word' id='word_1_846' title='bbox 2968 4942 3209 4998; x_wconf 87' lang='lat' dir='ltr'><strong>adfuisse</strong></span> <span class='ocrx_word' id='word_1_847' title='bbox 3264 4950 3586 5012; x_wconf 88' lang='lat' dir='ltr'><strong>potestatem</strong></span> <span class='ocrx_word' id='word_1_848' title='bbox 3615 4984 3630 5007; x_wconf 91' lang='lat'><strong>,</strong></span> 
     </span>
    </p>
   </div>
   <div class='ocr_carea' id='block_1_112' title="bbox 2057 5031 3631 5103">
    <p class='ocr_par' dir='ltr' id='par_1_112' title="bbox 2057 5031 3631 5103">
     <span class='ocr_line' id='line_1_113' title="bbox 2057 5031 3631 5103; baseline -0.001 -17"><span class='ocrx_word' id='word_1_849' title='bbox 2057 5043 2115 5087; x_wconf 90' lang='lat' dir='ltr'><strong>ut</strong></span> <span class='ocrx_word' id='word_1_850' title='bbox 2141 5033 2380 5087; x_wconf 85' lang='lat' dir='ltr'><strong>inﬁnitas</strong></span> <span class='ocrx_word' id='word_1_851' title='bbox 2415 5041 2602 5103; x_wconf 90' lang='lat' dir='ltr'><strong>gentes</strong></span> <span class='ocrx_word' id='word_1_852' title='bbox 2633 5035 2903 5096; x_wconf 88' lang='lat' dir='ltr'><strong>domares,</strong></span> <span class='ocrx_word' id='word_1_853' title='bbox 2948 5047 3122 5102; x_wconf 90' lang='lat' dir='ltr'><strong>neque</strong></span> <span class='ocrx_word' id='word_1_854' title='bbox 3164 5043 3222 5086; x_wconf 91' lang='lat' dir='ltr'><strong>ut</strong></span> <span class='ocrx_word' id='word_1_855' title='bbox 3250 5032 3384 5086; x_wconf 88' lang='lat' dir='ltr'><strong>alios</strong></span> <span class='ocrx_word' id='word_1_856' title='bbox 3413 5031 3631 5100; x_wconf 89' lang='lat' dir='ltr'><strong>quidem</strong></span> 
     </span>
    </p>
   </div>
   <div class='ocr_carea' id='block_1_113' title="bbox 2055 5122 3633 5194">
    <p class='ocr_par' dir='ltr' id='par_1_113' title="bbox 2055 5122 3633 5194">
     <span class='ocr_line' id='line_1_114' title="bbox 2055 5122 3633 5194; baseline -0.002 -15"><span class='ocrx_word' id='word_1_857' title='bbox 2055 5126 2314 5188; x_wconf 75' lang='lat' dir='ltr'><strong>czederes,</strong></span> <span class='ocrx_word' id='word_1_858' title='bbox 2339 5123 2474 5178; x_wconf 87' lang='lat' dir='ltr'><strong>alios</strong></span> <span class='ocrx_word' id='word_1_859' title='bbox 2496 5133 2828 5194; x_wconf 83' lang='lat' dir='ltr'><strong>percuteres,</strong></span> <span class='ocrx_word' id='word_1_860' title='bbox 2849 5123 3098 5178; x_wconf 89' lang='lat' dir='ltr'><strong>civitates</strong></span> <span class='ocrx_word' id='word_1_861' title='bbox 3122 5123 3359 5192; x_wconf 88' lang='lat' dir='ltr'><strong>integras</strong></span> <span class='ocrx_word' id='word_1_862' title='bbox 3389 5122 3633 5190; x_wconf 83' lang='lat' dir='ltr'><strong>captivas</strong></span> 
     </span>
    </p>
   </div>
   <div class='ocr_carea' id='block_1_114' title="bbox 2051 5219 3630 5288">
    <p class='ocr_par' dir='ltr' id='par_1_114' title="bbox 2051 5219 3630 5288">
     <span class='ocr_line' id='line_1_115' title="bbox 2051 5219 3630 5288; baseline -0.003 -13"><span class='ocrx_word' id='word_1_863' title='bbox 2051 5222 2298 5284; x_wconf 88' lang='lat' dir='ltr'><strong>duceres,</strong></span> <span class='ocrx_word' id='word_1_864' title='bbox 2333 5236 2397 5275; x_wconf 91' lang='lat' dir='ltr'><strong>ac</strong></span> <span class='ocrx_word' id='word_1_865' title='bbox 2433 5221 2776 5274; x_wconf 90' lang='lat' dir='ltr'><strong>innumeram</strong></span> <span class='ocrx_word' id='word_1_866' title='bbox 2831 5219 3234 5274; x_wconf 91' lang='lat' dir='ltr'><strong>multitudinem</strong></span> <span class='ocrx_word' id='word_1_867' title='bbox 3275 5227 3584 5288; x_wconf 89' lang='lat' dir='ltr'><strong>protereres</strong></span> <span class='ocrx_word' id='word_1_868' title='bbox 3611 5258 3630 5285; x_wconf 91' lang='lat'><strong>,</strong></span> 
     </span>
    </p>
   </div>
   <div class='ocr_carea' id='block_1_115' title="bbox 2050 5308 3631 5384">
    <p class='ocr_par' dir='ltr' id='par_1_115' title="bbox 2050 5308 3631 5384">
     <span class='ocr_line' id='line_1_116' title="bbox 2050 5308 3631 5384; baseline -0.002 -18"><span class='ocrx_word' id='word_1_869' title='bbox 2050 5314 2240 5384; x_wconf 89' lang='lat' dir='ltr'><strong>quavis</strong></span> <span class='ocrx_word' id='word_1_870' title='bbox 2262 5312 2630 5378; x_wconf 86' lang='lat' dir='ltr'><strong>serra,securi</strong></span> <span class='ocrx_word' id='word_1_871' title='bbox 2656 5318 2712 5364; x_wconf 89' lang='lat' dir='ltr'><strong>et</strong></span> <span class='ocrx_word' id='word_1_872' title='bbox 2742 5311 2894 5381; x_wconf 86' lang='lat' dir='ltr'><strong>virga</strong></span> <span class='ocrx_word' id='word_1_873' title='bbox 2927 5311 3209 5366; x_wconf 85' lang='lat' dir='ltr'><strong>acerbior:</strong></span> <span class='ocrx_word' id='word_1_874' title='bbox 3240 5311 3342 5364; x_wconf 92' lang='lat' dir='ltr'><strong>nisi</strong></span> <span class='ocrx_word' id='word_1_875' title='bbox 3369 5308 3513 5363; x_wconf 86' lang='lat' dir='ltr'><strong>Deus</strong></span> <span class='ocrx_word' id='word_1_876' title='bbox 3546 5309 3631 5364; x_wconf 86' lang='lat' dir='ltr'><strong>Itis</strong></span> 
     </span>
    </p>
   </div>
   <div class='ocr_carea' id='block_1_116' title="bbox 2051 5397 3629 5473">
    <p class='ocr_par' dir='ltr' id='par_1_116' title="bbox 2051 5397 3629 5473">
     <span class='ocr_line' id='line_1_117' title="bbox 2051 5397 3629 5473; baseline -0.004 -15"><span class='ocrx_word' id='word_1_877' title='bbox 2051 5403 2330 5473; x_wconf 90' lang='lat' dir='ltr'><strong>suppliciis</strong></span> <span class='ocrx_word' id='word_1_878' title='bbox 2358 5403 2549 5472; x_wconf 89' lang='lat' dir='ltr'><strong>dignos</strong></span> <span class='ocrx_word' id='word_1_879' title='bbox 2579 5400 2673 5454; x_wconf 88' lang='lat' dir='ltr'><strong>tibi</strong></span> <span class='ocrx_word' id='word_1_880' title='bbox 2707 5400 3043 5455; x_wconf 87' lang='lat' dir='ltr'><strong>tradidisset.</strong></span> <span class='ocrx_word' id='word_1_881' title='bbox 3078 5398 3230 5452; x_wconf 89' lang='lat' dir='ltr'><strong>Nunc</strong></span> <span class='ocrx_word' id='word_1_882' title='bbox 3284 5411 3448 5466; x_wconf 90' lang='lat' dir='ltr'><strong>porro</strong></span> <span class='ocrx_word' id='word_1_883' title='bbox 3493 5397 3629 5454; x_wconf 86' lang='lat' dir='ltr'><strong>nihil</strong></span> 
     </span>
    </p>
   </div>
   <div class='ocr_carea' id='block_1_117' title="bbox 2049 5486 3631 5562">
    <p class='ocr_par' dir='ltr' id='par_1_117' title="bbox 2049 5486 3631 5562">
     <span class='ocr_line' id='line_1_118' title="bbox 2049 5486 3631 5562; baseline -0.006 -13"><span class='ocrx_word' id='word_1_884' title='bbox 2049 5510 2238 5549; x_wconf 83' lang='lat' dir='ltr'><strong>eorum</strong></span> <span class='ocrx_word' id='word_1_885' title='bbox 2281 5493 2549 5562; x_wconf 86' lang='lat' dir='ltr'><strong>cogitans,</strong></span> <span class='ocrx_word' id='word_1_886' title='bbox 2585 5491 2722 5546; x_wconf 90' lang='lat' dir='ltr'><strong>altos</strong></span> <span class='ocrx_word' id='word_1_887' title='bbox 2750 5489 2974 5560; x_wconf 89' lang='lat' dir='ltr'><strong>spiritus</strong></span> <span class='ocrx_word' id='word_1_888' title='bbox 3005 5489 3224 5559; x_wconf 85' lang='lat' dir='ltr'><strong>cepisti;</strong></span> <span class='ocrx_word' id='word_1_889' title='bbox 3257 5486 3329 5540; x_wconf 84' lang='lat' dir='ltr'><strong>ita</strong></span> <span class='ocrx_word' id='word_1_890' title='bbox 3357 5498 3413 5540; x_wconf 93' lang='lat' dir='ltr'><strong>ut</strong></span> <span class='ocrx_word' id='word_1_891' title='bbox 3441 5496 3492 5542; x_wconf 86' lang='lat' dir='ltr'><strong>te</strong></span> <span class='ocrx_word' id='word_1_892' title='bbox 3521 5505 3631 5541; x_wconf 86' lang='lat' dir='ltr'><strong>ma-</strong></span> 
     </span>
    </p>
   </div>
   <div class='ocr_carea' id='block_1_118' title="bbox 2053 5629 3630 5764">
    <p class='ocr_par' dir='ltr' id='par_1_118' title="bbox 2053 5629 3630 5764">
     <span class='ocr_line' id='line_1_119' title="bbox 2053 5629 3630 5764; baseline -0.003 -74"><span class='ocrx_word' id='word_1_893' title='bbox 2053 5637 2156 5764; x_wconf 54' lang='lat' dir='ltr'><strong>Eim</strong></span> <span class='ocrx_word' id='word_1_894' title='bbox 2187 5644 2356 5699; x_wconf 87' lang='lat' dir='ltr'><strong>tenet,</strong></span> <span class='ocrx_word' id='word_1_895' title='bbox 2379 5646 2434 5690; x_wconf 91' lang='lat' dir='ltr'><strong>et</strong></span> <span class='ocrx_word' id='word_1_896' title='bbox 2471 5649 2623 5690; x_wconf 89' lang='lat' dir='ltr'><strong>serra</strong></span> <span class='ocrx_word' id='word_1_897' title='bbox 2659 5641 2844 5690; x_wconf 89' lang='lat' dir='ltr'><strong>contra</strong></span> <span class='ocrx_word' id='word_1_898' title='bbox 2869 5629 3017 5687; x_wconf 91' lang='lat' dir='ltr'><strong>illum</strong></span> <span class='ocrx_word' id='word_1_899' title='bbox 3056 5646 3084 5686; x_wconf 87' lang='lat' dir='ltr'><strong>a</strong></span> <span class='ocrx_word' id='word_1_900' title='bbox 3113 5646 3220 5702; x_wconf 90' lang='lat' dir='ltr'><strong>quo</strong></span> <span class='ocrx_word' id='word_1_901' title='bbox 3252 5631 3488 5687; x_wconf 84' lang='lat' dir='ltr'><strong>trahitur</strong></span> <span class='ocrx_word' id='word_1_902' title='bbox 3517 5646 3532 5684; x_wconf 88' lang='lat'><strong>:</strong></span> <span class='ocrx_word' id='word_1_903' title='bbox 3571 5635 3630 5686; x_wconf 81' lang='lat' dir='ltr'><strong>et</strong></span> 
     </span>
     <span class='ocr_line' id='line_1_120' title="bbox 2090 5709 3432 5764; baseline -0.002 -2"><span class='ocrx_word' id='word_1_904' title='bbox 2090 5709 2253 5764; x_wconf 88' lang='lat' dir='ltr'><strong>icant.</strong></span> <span class='ocrx_word' id='word_1_905' title='bbox 2285 5725 2304 5760; x_wconf 74' lang='grc' dir='ltr'><strong>ι</strong></span> <span class='ocrx_word' id='word_1_906' title='bbox 2336 5717 2442 5763; x_wconf 86' lang='lat' dir='ltr'><strong>etc.</strong></span> <span class='ocrx_word' id='word_1_907' title='bbox 3430 5749 3432 5751; x_wconf 49' lang='grc' dir='ltr'><strong>μ</strong></span> 
     </span>
    </p>
   </div>
   <div class='ocr_carea' id='block_1_119' title="bbox 2090 5709 2442 5773">
    <p class='ocr_par' dir='ltr' id='par_1_119' title="bbox 2090 5709 2442 5773">
     <span class='ocr_line' id='line_1_121' title="bbox 2090 5709 2442 5773; baseline 0.003 -11"><span class='ocrx_word' id='word_1_908' title='bbox 2090 5709 2253 5773; x_wconf 86' lang='lat' dir='ltr'><strong>icaut,</strong></span> <span class='ocrx_word' id='word_1_909' title='bbox 2285 5725 2304 5760; x_wconf 73' lang='grc' dir='ltr'><strong>ι</strong></span> <span class='ocrx_word' id='word_1_910' title='bbox 2336 5717 2442 5763; x_wconf 86' lang='lat' dir='ltr'><strong>etc.</strong></span> 
     </span>
    </p>
   </div>
  </div>
