4118 6398
533 286 635 342 165

1175 284 1440 344 EUSEBII
1478 283 1958 342 CAESARlENSIS
1995 283 2148 340 OPP.
2188 284 2368 341 PARS
2406 283 2493 340 Ill.
2533 315 2602 324 —
2641 283 3050 342 EXEGETICA.

3672 289 3773 343 164

527 421 689 474 gnam
720 403 867 460 illam
891 415 1127 469 mentem
1149 421 1278 460 esse
1303 415 1542 474 putares.
1576 402 1693 457 Non
1733 403 1875 457 enim
1911 419 2086 471 pacen‘

2201 402 2478 474 παραδοὺς
2505 404 2630 464 τοὺς
2661 403 2865 456 τούτων
2892 403 3095 469 ἀξίους,
3127 403 3264 457 Νυνὶ
3285 403 3342 458 δέ
3374 404 3577 459 τούτων
3607 407 3773 476 μηδὲν

528 495 678 551 illam
711 497 825 562 Dei,
861 511 980 564 quae
1003 506 1241 551 mentem
1265 509 1478 548 omnem
1505 503 1795 562 exsuperat
1820 494 1891 549 ob
1915 494 2100 549 oculos

527 588 805 656 ponebas:
854 586 948 640 sed
977 598 1030 640 te
1053 585 1291 638 mnuium
1338 584 1632 637 maximum
1665 599 1787 639 esse
1827 593 2002 650 ratus,
2034 598 2098 638 ac

529 677 778 748 superbis
810 677 985 732 oculis
1038 688 1227 730 contra
1265 677 1431 730 Deum
1477 675 1675 740 elatus,
1717 675 1955 745 gentium
1990 686 2098 731 ter-

530 771 705 823 minos
731 768 1058 824 confundere
1088 767 1359 835 cogitasti,
1403 781 1540 836 quos
1587 767 1826 821 detinivit
1861 767 1999 822 Deus
2042 776 2098 822 et

529 857 749 926 pulchre
802 857 1096 921 ordinavit,
1127 874 1155 907 4
1185 857 1412 924 Quando
1447 861 1739 928 separabat
1787 859 2098 916 Altissimus

525 960 733 1019 gentes,
765 949 1234 1004 utdisseminabat
1259 949 1399 1005 filios
1425 950 1636 1018 Adam;
1671 953 1954 1008 constituit
1985 963 2096 1007 ter-

523 1038 699 1092 minos
757 1039 997 1109 gentium
1058 1039 1354 1092 secundum
1415 1056 1698 1096 numerum
1779 1042 2093 1112 angelorum

523 1126 618 1183 Dei
651 1129 718 1184 ⁶⁰.
765 1147 784 1181 ι
832 1127 912 1183 Tu
957 1143 1086 1183 vero
1128 1129 1390 1198 sapientia
1451 1141 1506 1184 et
1554 1132 1756 1186 erranti
1815 1133 2095 1203 prudentia

525 1231 613 1275 tua
646 1222 943 1276 arbitratus
981 1236 1043 1277 es
1065 1235 1226 1292 posse
1261 1231 1313 1277 te
1342 1237 1371 1276 a
1411 1223 1520 1277 Deo
1550 1225 1727 1293 probe
1767 1226 2095 1281 constitutos

524 1312 783 1366 terminos
818 1309 922 1366 alio
964 1310 1282 1375 transferre,
1309 1323 1471 1382 atque
1501 1322 1668 1368 totum
1693 1316 1878 1370 orbem
1901 1317 2092 1372 ditioui

521 1412 626 1458 tua:
657 1403 926 1473 subigere.
966 1402 1099 1456 Nam
1143 1403 1440 1470 aestimasti,
1474 1406 1747 1458 neminem
1791 1406 1856 1460 iis
1881 1408 2094 1478 prospi-

518 1509 644 1551 cere
670 1494 754 1550 vel
802 1493 1159 1565 patrocinari,
1219 1494 1500 1564 Deumque
1549 1497 1796 1552 homines
1835 1499 1929 1567 qui
1968 1509 2093 1554 sunt

518 1603 684 1658 super
714 1597 910 1642 terram
946 1585 1077 1641 nihil
1111 1600 1304 1640 curare
1332 1603 1347 1640 :
1395 1589 1746 1655 quamobrem
1781 1601 1971 1660 gentes
2001 1607 2092 1645 or-

517 1681 602 1735 bis
635 1679 896 1742 universi,
929 1679 1082 1748 quasi
1111 1677 1282 1747 pullos
1325 1679 1592 1744 desertos,
1645 1693 1737 1736 aut
1765 1698 1866 1738 ova
1896 1683 2091 1739 dereli-

2198 493 2572 564 λογισάμενος,
2610 494 2820 564 ἐπῆρας
2848 494 3094 556 σεαυτὸν,
3138 495 3213 558 ὡς
3256 495 3544 549 ὑπολαϐεῖν
3580 497 3775 552 σαυτὸν

2196 583 2334 640 εἶναι
2366 587 2457 640 τὸν
2507 587 2680 657 μέγαν
2711 586 2857 640 νοῦν.
2909 589 2983 640 Οὐ
3018 587 3126 659 γὰρ
3159 587 3282 641 ἔθου
3326 588 3432 661 πρὸ
3477 589 3774 661 ὀφθαλμῶν

2195 681 2293 752 τὴν
2325 680 2548 753 εἰρήνην
2578 679 2672 733 τοῦ
2702 679 2836 732 Θεοῦ
2869 681 2965 751 τὴν
2995 682 3369 752 ὑπερέχουσαν
3402 683 3582 736 πάντα
3613 683 3770 738 νοῦν·

2197 772 2289 824 καὶ
2329 771 2546 825 πάντων
2592 770 2846 841 μέγιστον
2900 771 3130 841 νομίσας
3177 767 3317 825 εἶναι
3354 773 3566 838 ἐαυτὸν,
3600 774 3774 845 ὑπερ-

2196 859 2421 931 ηφάνοις
2437 859 2494 911 δὲ
2522 858 2817 930 ὀφθαλμοῖς
2850 860 3215 932 κατεπαρθεὶς
3245 861 3339 914 τοῦ
3374 862 3532 926 Θεοῦ,
3565 864 3774 937 διενοή-

2196 949 2294 1020 θης
2337 949 2404 1028 τὰ
2435 951 2561 1021 ὅρια
2595 950 2704 1003 τῶν
2735 950 2904 1004 ἐθνῶν
2939 954 3205 1023 συγχέειν,
3249 955 3285 1007 ἃ
3321 957 3348 1008 6
3380 954 3511 1019 Θεὸς
3555 955 3774 1028 διώρισε

2195 1043 2290 1096 καὶ
2313 1026 2522 1108 διέταξε
2556 1043 2753 1108 καλῶς,
2777 1045 2936 1097 «Ὅτε
2957 1046 3258 1117 διεμέριζεν
3273 1047 3400 1118 ἐθνη
3429 1051 3457 1102 6
3491 1026 3773 1119 ’Ύψισλτοςν

2193 1133 2269 1197 ὼς
2295 1135 2600 1206 διέσπειρεν
2629 1136 2776 1199 υἱοὺς
2813 1136 3000 1207 Ἀδάμο
3035 1139 3261 1209 ἐστησεν
3281 1140 3403 1211 ὅρια
3434 1141 3602 1195 ἐθνῶν
3632 1142 3773 1196 κατὰ

2194 1226 2426 1297 ἀριθμὸν
2456 1227 2699 1296 ἀγγέλων
2729 1227 2883 1280 Θεοῦ.
2908 1248 2926 1280 ι
2957 1230 3028 1282 Σὺ
3053 1229 3109 1282 δὲ
3138 1233 3204 1300 τῇ
3239 1233 3465 1286 σεαυτοῦ
3494 1233 3654 1304 σοφίᾳ
3677 1234 3772 1287 καὶ

2191 1321 2258 1389 τῇ
2285 1319 2673 1391 πεπλανημένη
2709 1319 2919 1372 συνέσει
2953 1321 3135 1392 ᾠήθης
3167 1322 3426 1378 δύνασθαι
3459 1325 3768 1396 μεταθεῖναι

2196 1409 2294 1477 μὲν
2345 1410 2470 1473 τοὺς
2504 1410 2608 1464 ὑπὸ
2658 1410 2752 1463 τοῦ
2799 1411 2932 1464 Θεοῦ
2981 1408 3041 1466 εὖ
3088 1412 3539 1486 διατεταγμένους
3585 1417 3766 1488 ὅρους,

2193 1501 2499 1571 ὑποχείριον
2546 1501 2604 1555 δὲ
2672 1501 2851 1574 σαυτῷ
2899 1503 2997 1576 τὴν
3045 1506 3367 1578 οἰκουμένην
3415 1509 3765 1579 ποιήσασθαι.

2191 1592 2409 1661 Μηδένα
2457 1593 2566 1666 γὰρ
2617 1595 2819 1666 ἐφορᾷν
2873 1596 3005 1668 μηδέ
3059 1599 3565 1669 ἀντιλαμῦάνεσθαι,
3633 1602 3768 1672 μηδὲ

2191 1680 2310 1752 Θεῷ
2340 1681 2552 1751 μέλλειν
2583 1683 2691 1737 τῶν
2740 1686 2831 1738 ἐπὶ
2871 1686 2975 1758 γῆς
3014 1686 3314 1758 ἀνθρώπων
3367 1690 3644 1761 ἐνόμισας·
3686 1691 3768 1745 διὸ

517 1779 628 1834 cta,
654 1781 707 1824 te
729 1781 1014 1840 capturum
1042 1770 1296 1838 upinatus
1325 1784 1414 1824 es.
1463 1770 1693 1840 Oportet
1722 1773 1890 1844 igitur
1938 1786 2086 1831 recta

2187 1771 2375 1844 ῶσπερ
2427 1775 2656 1827 νεοττῶν
2709 1777 2949 1847 ἐρήμων,
2998 1779 3031 1850 ἢ
3068 1779 3189 1833 ὠῶν
3233 1781 3762 1854 καταλελειμμένων,

518 1859 847 1930 cogitatione
892 1869 1104 1929 putare,
1169 1868 1220 1912 te
1260 1873 1328 1913 ne
1364 1874 1465 1914 eos
1499 1862 1715 1930 quidem
1765 1880 1901 1934 quos
1961 1867 2086 1922 sub.

479 1995 482 1998 .
516 1952 694 2019 egisti,
727 1951 845 2005 sine
865 1960 1002 2006 nutu
1050 1949 1145 2004 Dei
1183 1950 1476 2008 domuisse.
1527 1952 1682 2010 Unde
1711 1971 1943 2026 namque
1991 1958 2084 2013 tibi

517 2043 638 2097 talis
665 2051 905 2112 potestas
950 2042 1233 2106 adfuisset,
1267 2044 1379 2099 nisi
1417 2047 1557 2101 Deus
1611 2047 1663 2100 id
1703 2048 2084 2117 permisisset,

512 2150 686 2204 neque
708 2145 759 2190 te
789 2144 846 2188 ut
875 2135 1236 2194 instrumento
1287 2139 1354 2194 ad
1407 2138 1820 2210 castigationem
1864 2149 1920 2195 et
1957 2156 2086 2212 sup-

510 2225 729 2296 plicium
757 2241 966 2292 eorum,
1002 2228 1092 2296 qui
1115 2230 1459 2298 correptione
1485 2239 1541 2284 et
1565 2231 1921 2288 conversione
1951 2248 2086 2304 opus

509 2313 801 2380 habebant,
822 2331 950 2371 usus
980 2318 1214 2373 fuisset?

579 2405 745 2462 Vens.
781 2407 870 2474 17,
917 2407 1001 2462 18.
1036 2426 1055 2460 ι
1088 2409 1153 2463 Ει
1175 2411 1281 2464 erit
1307 2409 1487 2466 lumen
1512 2410 1678 2467 Israel
1714 2412 1769 2468 in
1800 2414 1998 2486 ignem,
2029 2425 2084 2471 et

509 2497 872 2553 sanetiiicabit
895 2498 1044 2553 illum
1065 2500 1118 2555 in
1139 2500 1265 2572 igne
1295 2512 1485 2558 urente
1509 2521 1526 2560 :
1547 2514 1600 2560 et
1627 2507 1905 2562 devorabit
1927 2510 2080 2578 quasi

509 2588 690 2643 fenum
724 2589 935 2643 silvam.
965 2589 1020 2644 in
1056 2591 1147 2646 illa
1189 2594 1276 2648 die
1305 2596 1719 2662 exstinguentur
1755 2609 1986 2664 montes,
2029 2609 2084 2652 et

510 2677 678 2732 colles
715 2689 770 2732 et
805 2679 978 2734 silvm.
1011 2699 1029 2732 ι
1069 2682 1190 2752 lpse
1224 2683 1316 2753 qui
1349 2684 1477 2740 olim
1503 2687 1755 2756 populum
1782 2703 1938 2743 suum
1965 2687 2084 2743 illu-

509 2770 751 2825 minabat
775 2774 955 2838 Deus,
1000 2783 1054 2828 et
1099 2775 1476 2830 sanctiﬁcabat
1504 2779 1651 2832 illum
1677 2820 1693 2847 ,
1723 2779 1822 2834 tibi
1851 2783 2083 2850 superbo

510 2862 650 2933 ignis
669 2863 907 2918 .ell‘ectus
937 2873 1039 2920 est.
1093 2864 1198 2920 Pro
1236 2866 1329 2922 illo
1362 2878 1538 2922 autem
1566 2908 1583 2935 ,
1622 2889 1640 2922 ι
1679 2871 1746 2925 Ει
1774 2871 2082 2926 sanctitica-

507 2953 588 3006 bit
622 2953 768 3006 illmn
801 2954 852 3007 iu
882 2954 1004 3024 igne
1043 2963 1254 3020 urente,
1291 2975 1310 3010 ι
1353 2955 1712 3028 Symmachus
1739 3000 1754 3026 ,
1795 2979 1813 3013 ι
1844 2960 1910 3015 Ει
1957 2977 2083 3017 san-

507 3053 627 3097 ctus
664 3044 779 3113 ejus
808 3045 856 3098 in
892 3045 1183 3108 ﬂammam.
1227 3066 1247 3102 ι
1291 3047 1424 3104 Nam
1456 3051 1578 3116 tibi,
1613 3051 1810 3121 inquit,
1832 3053 2078 3124 Assyrio,

2187 1863 2454 1928 ὑπέλαϐες
2488 1867 2781 1938 κρατήσειν
2812 1869 2919 1922 τῶν
2945 1871 3038 1922 ἐπὶ
3069 1872 3170 1942 τῆς
3210 1873 3535 1946 οἰκουμένης
3569 1876 3758 1931 ἐθνῶν.

2183 1957 2276 2008 Δεῖ
2297 1951 2388 2008 οῦν
2422 1956 2567 2028 ὀρθῷ
2591 1957 2836 2031 λογισμῷ
2867 1960 3233 2033 διανοηθῆναι,
3255 1965 3338 2018 ὅτι
3362 1967 3455 2020 καὶ
3478 1967 3657 2021 αὐτῶν
3687 1961 3764 2022 ὧν

2184 2044 2515 2116 ἐκράτησας,
2566 2048 2666 2100 οὑκ
2722 2050 2848 2103 ἄνευ
2913 2051 3048 2105 Θεοῦ
3100 2052 3367 2126 νεύματος
3424 2060 3760 2129 περιεγένου.

2184 2137 2354 2193 Πόθεν
2383 2140 2491 2210 γάρ
2527 2156 2608 2193 σοι
2643 2141 2825 2213 παρῆν
2851 2143 3076 2216 τοιαύτη
3109 2145 3348 2214 ἐξουσία,
3385 2151 3460 2222 μὴ
3498 2151 3594 2205 τοῦ
3625 2152 3760 2206 Θεοῦ

2186 2231 2691 2300 συγκεχωρηκότος,
2721 2233 2816 2285 καὶ
2847 2233 3035 2307 ὥσπερ
3066 2236 3280 2310 ὀργάνῳ
3307 2241 3654 2314 χρησαμένου
3681 2259 3764 2296 σοι

2182 2317 2276 2370 ἐπὶ
2300 2318 2566 2390 τιμωρίαν
2596 2321 2691 2374 καὶ
2712 2322 2930 2377 κόλασιν
2956 2325 3064 2379 τῶν
3091 2329 3422 2402 ἐπιστροφῆς
3462 2332 3761 2404 δεομένων;

2263 2429 2283 2462 ι
2315 2411 2427 2465 Καὶ
2453 2412 2605 2467 ἐσται
2628 2413 2690 2467 τὸ
2714 2415 2830 2484 φῶς
2854 2416 2949 2470 τοῦ
2986 2420 3200 2493 Ἰσραὴλ
3227 2425 3306 2486 εἰς
3335 2423 3466 2496 πῦρ,
3487 2427 3582 2479 καὶ
3610 2428 3763 2495 ἁγιά-

2184 2519 2267 2557 σει
2293 2504 2454 2558 αὐτὸν
2493 2507 2551 2557 ἐν
2583 2508 2718 2578 πυρὶ
2750 2510 3023 2580 καιομένῳ
3042 2527 3056 2541 ⁶
3085 2513 3179 2566 καὶ
3223 2517 3594 2584 κσταφὰγεται
3631 2518 3763 2573 ὡσεὶ

2183 2596 2378 2667 χόρτον
2412 2596 2510 2668 τὴν
2545 2597 2698 2668 ὓλην.
2730 2601 2808 2671 Τῇ
2849 2602 3031 2672 ἡμέρᾳ
3061 2604 3245 2676 ἐκείνῃ
3294 2607 3761 2680 ἀποσϐεσθήσεται

2181 2685 2251 2739 τὰ
2276 2686 2376 2757 ὅρη
2404 2689 2500 2740 καὶ
2519 2689 2567 2741 οἱ
2593 2688 2790 2758 βουνοὶ,
2825 2691 2918 2743 κα¹ι
2949 2693 2996 2744 oi
3023 2693 3236 2764 δρυμοί.
3268 2713 3285 2746 ι
3322 2696 3493 2761 Αὐτὸς
3530 2699 3559 2751 6
3595 2700 3761 2754 πάλαι

2183 2778 2434 2845 φωτίζων
2460 2777 2551 2832 τὸν
2577 2780 2772 2834 ἐαυτοῦ
2805 2781 2930 2836 λαὸν
2958 2784 3108 2850 Θεὸς,
3145 2787 3239 2839 καὶ
3280 2789 3522 2856 ἁγιάζων
3559 2793 3722 2846 αὑτὸν
3744 2835 3759 2859 ,

2185 2868 2268 2921 σοὶ
2310 2868 2390 2940 τῷ
2431 2871 2765 2946 ὑπερηφάνῳ
2804 2876 3086 2947 γινόμενος
3133 2877 3266 2951 πῦρ.
3338 2882 3481 2935 Ἀντὶ
3527 2884 3585 2937 δὲ
3631 2886 3758 2950 τοῦ,

2189 2974 2208 3008 ι
2244 2958 2354 3011 Καὶ
2385 2959 2603 3029 ἁγιάσει
2635 2963 2797 3016 αὑτὸν
2831 2965 2889 3017 ἐν
2923 2966 3056 3037 πυρὶ
3103 2969 3395 3042 καιομένῳ,
3428 2989 3448 3022 ι
3477 2974 3505 3026 6
3537 2973 3761 3045 Σύμμα-

2188 3065 2316 3118 χος,
2368 3068 2387 3101 t
2429 3053 2540 3105 Kal.
2584 3055 2612 3106 6
2653 3053 2807 3122 ἅγιος
2850 3057 3012 3110 αὑτοῦ
3065 3060 3142 3122 είς
3195 3060 3385 3130 φλόγα.
3433 3082 3450 3115 ι
3486 3064 3577 3117 Σοὶ
3620 3066 3758 3138 γὰρ,

499 3133 598 3202 qui
636 3111 799 3204 impie
827 3145 881 3189 et
921 3137 1128 3196 tumide
1155 3139 1396 3210 cogitare
1428 3157 1596 3196 ausus
1622 3157 1701 3208 es,
1733 3111 1957 3198 sanctus
2004 3143 2082 3199 ls-

2189 3111 2343 3212 ᾧηρι,
2377 3143 2454 3216 τῷ
2501 3111 2986 3220 Ἀσσυρίῳξάσεϐῆ
3018 3111 3416 3225 καὶυὺπῐέρογκα
3433 3111 3757 3225 λογίσασθαί

507 3227 643 3291 rael,
664 3238 716 3281 et
736 3227 827 3298 qui
861 3228 988 3283 olim
1016 3229 1130 3298 ejus
1167 3231 1258 3285 lux
1289 3231 1411 3298 fuit,
1450 3234 1500 3286 in
1526 3232 1799 3289 ﬂammam
1830 3244 1884 3290 et
1907 3235 2084 3307 ignem

508 3319 718 3371 evadet.
738 3316 977 3374 Collibus
1005 3333 1156 3388 vero,
1190 3322 1469 3377 montibus
1499 3332 1554 3376 et
1591 3323 1765 3386 silvis,
1794 3339 1824 3378 e
1859 3339 1918 3379 re
1945 3339 2088 3378 com-

503 3416 664 3476 parat
692 3408 834 3462 illam
865 3411 1212 3480 Assyriorum
1250 3409 1688 3480 multitudinem;
1714 3411 1879 3469 duces
1906 3424 2084 3469 autem

506 3516 712 3561 eorum,
739 3511 793 3554 et
819 3502 908 3571 qui
947 3503 1071 3556 aliis
1100 3510 1390 3572 praeerant,
1423 3505 1577 3573 quasi
1595 3505 1762 3561 colles
1788 3516 1848 3562 et
1872 3519 2085 3564 montes

505 3591 655 3644 dicit.
698 3591 802 3646 Sed
858 3592 933 3647 illi
975 3594 1196 3663 quidem
1238 3597 1695 3666 exstinguentnr;
1746 3597 1799 3653 id
1833 3608 1962 3664 est,
2007 3599 2083 3655 illi

484 3679 637 3735 'olim
667 3698 860 3752 graves
889 3694 946 3738 et
973 3684 1260 3752 ardentes,
1292 3687 1378 3742 vel
1409 3687 1585 3750 inviti.
1620 3687 1800 3759 frigidi
1826 3692 2078 3748 evadent.

505 3771 650 3829 Mors
677 3775 878 3845 quippe
906 3775 1027 3830 illos
1057 3778 1343 3833 devorabit
1366 3819 1381 3844 ,
1416 3789 1624 3835 tantum
1651 3796 1757 3836 non
1787 3793 1844 3837 et
1870 3785 2082 3838 animas

504 3881 630 3920 cum
657 3869 978 3937 corporibus
1004 3871 1322 3926 absumens.
1349 3872 1500 3939 Quod
1538 3882 1716 3929 autem
1753 3877 1948 3931 animm
1970 3893 2079 3932 non

473 3954 614 4012 'una
661 3973 786 4012 cum
819 3960 1137 4028 corporibus
1169 3960 1448 4031 tollantur,
1485 3967 1682 4034 cuique
1732 3968 2078 4024 manifestum

502 4059 590 4105 est
625 4052 810 4120 :quod
851 4051 1043 4103 animae
1077 4054 1388 4108 ﬁrmitatem
1425 4057 1752 4112 subindicat.
1801 4057 1935 4113 Cum
1984 4060 2081 4114 sil—

503 4157 627 4194 vam
667 4141 834 4207 dicit,
888 4142 1284 4198 multitudinem
1332 4161 1452 4215 qua:
1495 4162 1618 4202 cum
1666 4163 1793 4217 rege
1823 4150 2077 4221 Assyrio-

498 4247 622 4285 rum
660 4242 777 4286 erat
802 4233 1024 4287 denotat
1055 4251 1075 4288 .:
1109 4236 1416 4290 Carmelum
1445 4253 1612 4302 vero,
1637 4249 1698 4294 ut
1719 4240 1795 4293 ait
1832 4223 2081 4310 Symma-

497 4325 637 4378 chus
658 4365 676 4393 ,
721 4324 836 4394 cjus
870 4327 1086 4380 divitias
1125 4338 1402 4398 nuncupat
1424 4367 1440 4393 ,
1489 4344 1698 4384 necnon
1729 4330 2028 4400 voluptates
2058 4349 2074 4388 :

2186 3234 2563 3307 τετολμηκότι,
2585 3239 2613 3290 6
2634 3238 2788 3306 ἅγιος
2823 3242 3056 3314 Ἰσραὴλ,
3086 3245 3179 3297 καὶ
3205 3247 3233 3298 6
3265 3246 3432 3300 πάλαι
3455 3248 3570 3318 φῶς
3595 3250 3757 3304 αὑτοῦ

2188 3325 2446 3392 γεγονὼς,
2482 3329 2562 3391 είς
2592 3329 2765 3399 φλόγα
2809 3333 2901 3386 καὶ
2934 3335 3013 3398 είς
3055 3335 3165 3408 πῦρ
3193 3339 3493 3410 γενήσεται.
3540 3341 3758 3407 Βουνοῖς

2186 3417 2243 3471 δὲ
2274 3420 2367 3472 καὶ
2399 3420 2546 3492 ὄρεσι
2574 3423 2666 3476 καὶ
2691 3423 2911 3496 δρυμοῖς
2940 3428 3259 3500 παρεικάζει
3281 3431 3478 3496 καλῶς,
3509 3433 3678 3506 αὑτήν
3697 3452 3756 3487 τε

2187 3507 2294 3560 τῶν
2339 3511 2638 3583 Ἀσσυρίων
2678 3514 2907 3585 πληθὺν,
2943 3517 3037 3570 καὶ
3067 3520 3191 3581 τοὺς
3217 3521 3548 3591 ἡγουμένους
3588 3524 3756 3594 αὐτῆς

2186 3599 2280 3652 καὶ
2307 3600 2413 3654 τῶν
2445 3601 2618 3657 ἄλλων
2639 3604 3023 3677 ὑπερέχοντας,
3049 3608 3297 3683 καθάπερ
3329 3611 3548 3682 βουνοὺς
3570 3614 3601 3686 ἢ
3633 3615 3756 3686 ὅρη.

2199 3689 2337 3742 Ἀλλ’
2363 3687 2508 3747 οῦτοι
2533 3695 2631 3765 μὲν
2659 3697 3178 3770 ἀποσϐεσθήσονται,
3203 3707 3496 3770 τουτέστιν,
3519 3707 3567 3760 oi
3591 3707 3756 3760 παλαι

2183 3779 2348 3836 δεινοὶ
2377 3786 2470 3839 καὶ
2507 3786 2720 3859 θερμοὶ,
2765 3791 2859 3844 καὶ
2891 3792 2987 3863 οὑχ
3015 3793 3231 3857 ἐκόντες
3259 3795 3752 3869 καταψυγήσονται.

2158 3870 2576 3946 ’Καταφάγεται
2611 3879 2719 3952 γὰρ
2753 3883 2950 3948 αὐτοὺς
2980 3885 3008 3937 6
3047 3884 3302 3950 θάνατος,
3349 3889 3627 3960 μονονουχὶ
3662 3892 3756 3944 καὶ

2181 3965 2359 4037 ψυχὰς
2390 3968 2644 4026 δαπανῶν
2677 3975 2772 4027 καὶ
2800 3976 2978 4047 σῶμα.
3015 3978 3134 4031 Ὅτι
3171 3978 3268 4049 μὲν
3295 3979 3404 4051 γὰρ
3456 3981 3517 4033 οὑ
3565 3999 3756 4034 συναν-

2182 4057 2413 4128 ῄρηνται
2442 4064 2554 4125 τοῖς
2577 4063 2823 4134 σώμασιν
2843 4068 3103 4139 αίψυχαὶ,
3130 4071 3289 4125 παντί
3317 4090 3394 4144 τῳ
3423 4075 3591 4143 σαφές
3615 4077 3750 4130 ἐστι’

2184 4151 2516 4220 ὑπεμφαίνει
2545 4154 2601 4207 δέ
2627 4155 2798 4228 δήπου
2825 4159 2886 4211 τὸ
2909 4159 3009 4230 τῆς
3032 4160 3210 4232 ψυχῆς
3237 4164 3507 4227 εὑσθενές.
3542 4167 3755 4237 Δρυμὸν

2180 4241 2238 4294 δὲ
2281 4243 2474 4312 λέγων,
2523 4248 2592 4301 τὰ
2636 4249 2812 4322 πλήθη
2844 4252 2911 4305 τὰ
2961 4253 3056 4304 σὺν
3087 4253 3165 4323 τῷ
3214 4253 3422 4324 βασιλεῖ
3459 4256 3754 4332 ’Δσσυρίων

2179 4332 2355 4404 δηλοῖο
2393 4337 2688 4409 Κάρμηλον
2715 4340 2792 4406 δέ,
2823 4342 2899 4404 ὡς
2921 4343 2949 4395 6
2979 4343 3271 4415 Σύμμαχός
3293 4364 3445 4418 φησι,
3472 4350 3562 4404 τὸν
3593 4353 3753 4407 πλοῦ-

496 4431 623 4483 quae
654 4416 980 4473 absumenda
1024 4417 1156 4473 dicit
1190 4419 1259 4473 ab
1291 4418 1482 4475 ultrice
1520 4421 1764 4491 pradicti
1796 4421 1935 4491 ignis
1962 4423 2076 4479 vio-

2187 4438 2271 4476 τον
2312 4425 2478 4478 αὑτοῦ
2520 4428 2613 4481 καὶ
2645 4429 2744 4500 τὴν
2795 4431 3022 4502 τρυφὴν,
3067 4433 3208 4506 ἅπερ
3251 4437 3426 4491 πάντα
3471 4441 3754 4510 ἀναλωθή-

505 4504 688 4559 lentia.

581 4687 742 4743 Vens.
783 4689 868 4744 l9.
907 4710 928 4743 ‹
964 4691 1027 4745 Et
1052 4693 1333 4749 devorabit
1363 4695 1432 4749 ab
1459 4697 1636 4750 anima
1667 4712 1837 4768 usque
1867 4700 1934 4755 ad
1961 4715 2078 4754 car-

504 4796 598 4836 nes
632 4799 646 4836 :
684 4791 740 4835 et
766 4782 870 4835 erit
902 4784 989 4852 qui
1019 4782 1186 4854 fugiet
1207 4787 1360 4855 quasi
1398 4787 1607 4858 fugiens
1636 4804 1664 4842 a
1685 4789 1900 4845 flamma
1924 4808 2077 4847 uren-

2184 4515 2372 4569 σεσθαί
2421 4536 2582 4590 φησιν
2635 4523 2740 4575 ὑπὸ
2798 4525 2896 4595 τῆς
2941 4523 3266 4598 κολαστικῆς
3313 4531 3596 4603 δυνάμεως
3655 4537 3749 4590 τοῦ

2183 4610 2568 4680 προλεχθέντος
2588 4629 2658 4664 πυ
2667 4613 2775 4685 ρὸς.

2258 4721 2275 4750 ι
2313 4703 2421 4756 Καὶ
2461 4705 2834 4774 καταφάγεται
2871 4708 2978 4761 ἀπὸ
3021 4709 3198 4781 ψυχῆς
3227 4710 3331 4775 ἕως
3375 4715 3613 4786 σαρκῶν,
3661 4719 3750 4771 καὶ

2178 4791 2329 4844 ἔσται
2357 4795 2385 4846 ὁ
2412 4794 2646 4863 φεύγων,
2681 4798 2756 4861 ὡς
2776 4801 2804 4852 6
2828 4801 3040 4870 φεύγων
3066 4806 3174 4858 ἀπὸ
3218 4807 3410 4875 φλογὸς
3437 4809 3749 4879 καιομένης.

502 4879 572 4925 te.
617 4870 683 4925 Et
715 4873 804 4941 qui
837 4874 1208 4943 relinquentur
1245 4891 1311 4930 ex
1346 4878 1477 4945 ipsis
1505 4895 1762 4936 numerus
1794 4891 1991 4947 erunt,
2022 4893 2078 4938 et

2187 4885 2290 4937 Kal.
2339 4887 2387 4938 οἱ
2437 4887 2887 4958 καταλειφθέντες
2911 4895 3006 4948 ἀπ’
3037 4897 3216 4950 αὐτῶν
3242 4899 3471 4970 ἀριθμὸς
3517 4901 3750 4964 ἔσονται,

503 4977 639 5031 puer
660 4962 860 5018 scribet
891 4980 1004 5018 eos.
1049 4983 1068 5016 ›
1109 4964 1240 5020 Cum
1278 4967 1422 5032 lucc,
1455 4968 1648 5039 inquit,
1685 4971 1911 5042 Assyrio
1940 4987 2074 5028 con--

2187 4977 2274 5028 καὶ
2303 4976 2508 5030 παιδίον
2531 4979 2728 5050 γράψει
2765 4984 2979 5049 αὐτούς.
3013 5006 3031 5038 ι
3075 4989 3344 5052 Ἐπειδὰν,
3389 4993 3540 5062 φησὶ,
3581 4991 3748 5045 ταῦτα

503 5055 749 5123 tigerint,
785 5054 873 5109 ille
899 5057 1019 5125 fuga
1047 5071 1104 5111 se
1127 5056 1407 5128 proripiet,
1437 5069 1596 5126 atque
1621 5076 1811 5116 omnes
1839 5062 1930 5130 qui
1954 5078 2073 5117 cum

2187 5065 2259 5136 τῷ
2298 5067 2565 5150 ΖΑσσυρίῳ
2596 5073 2797 5143 συμϐῇ,
2827 5075 3056 5147 δρασμῷ
3097 5054 3748 5150 χρησάμενόςφεύξεται,

501 5145 594 5199 illo
622 5155 825 5210 erunt,
873 5146 1101 5215 idipsmn
1147 5158 1327 5218 agent.
1379 5149 1532 5215 Quod
1580 5150 1625 5202 si
1667 5152 1883 5219 quidam
1919 5154 2075 5221 pauci

2187 5156 2237 5207 οἵ
2259 5143 2321 5208 τὲ
2359 5158 2455 5211 σὺν
2497 5161 2646 5233 αὑτῷ
2693 5165 2891 5229 πάντες
2923 5167 3080 5220 τοῦτο
3108 5171 3423 5241 πράξουσιν.
3467 5175 3528 5228 Εἰ
3561 5176 3616 5228 δέ
3650 5194 3748 5230 που

501 5236 901 5306 relinquantur,
954 5247 1031 5291 tot
1061 5248 1262 5305 erunt,
1310 5247 1370 5292 ut
1404 5241 1576 5308 possit
1617 5243 1791 5309 quivis
1819 5245 2075 5313 puerulus

2187 5244 2406 5316 βραχεῖς
2433 5267 2574 5314 τινες
2599 5255 3029 5326 καταλειφθεῖεν,
3069 5261 3308 5314 τοσοῦτοι
3343 5261 3572 5330 ἔσονται,
3611 5267 3747 5322 ῶστε

498 5326 715 5380 illorum
753 5343 1034 5382 numerum
1073 5330 1290 5400 assequi
1319 5369 1334 5394 ,
1379 5345 1444 5384 ac
1473 5330 1678 5400 scripto
1712 5335 2034 5405 consignare
2058 5376 2072 5399 ,

2187 5335 2438 5394 δύνασθαι
2467 5344 2560 5394 καὶ
2587 5344 2648 5397 τὸ
2669 5347 2829 5416 τυχὸν
2863 5350 3067 5403 παιδίον
3097 5351 3184 5404 τὸν
3202 5353 3430 5425 ἀριθμὸν
3453 5326 3633 5411 αὑτῶν
3660 5377 3748 5413 πε-

500 5418 708 5487 reliqua
756 5421 1099 5476 multitudine
1145 5421 1211 5476 de
1249 5421 1428 5476 medio
1475 5422 1704 5478 sublata.
1742 5423 1867 5480 Haec
1896 5437 1951 5480 et
1990 5441 2076 5481 se-

2187 5428 2445 5498 ριλαὸεῖν,
2482 5436 2574 5489 καὶ
2597 5441 2783 5511 γραφῇ
2819 5442 3172 5513 παραδοῦναι,
3195 5418 3288 5499 τοῦ
3308 5418 3494 5504 λοιποῦ
3517 5450 3750 5522 πλήθους

499 5507 736 5561 cundum
771 5508 1010 5565 litteram
1051 5521 1106 5564 et
1132 5511 1426 5566 secundum
1463 5522 1699 5570 mentem
1730 5515 1871 5572 dicta
1904 5526 2072 5584 sunt;

2187 5522 2540 5592 ἀπολωλότος.
2573 5507 2881 5586 Ταῦτα-’καὶ
2901 5507 3041 5606 ’πρὸς
3075 5507 3215 5604 λέξιν
3242 5540 3457 5612 εἴρηται
3496 5543 3590 5598 καὶ
3611 5507 3752 5616 ’πρὸς

576 5684 621 5715 ⁸⁸
654 5686 807 5742 Deut.
849 5703 1018 5753 χχιιι,
1063 5689 1116 5744 8.
