4118 6382
444 307 549 361 165

1381 298 1883 357 COMMENTARIA
1920 298 1987 353 ΙΝ
2022 298 2277 355 lSAlAM.
2316 329 2384 343 σ-
2415 298 2568 355 CAP.
2608 299 2676 354 X.

3589 306 3693 360 166

443 425 711 479 δι’άνοιαν·
755 419 890 494 πρὸς
940 417 1036 489 μὲν
1066 418 1233 483 λεςιν,
1277 418 1626 489 ἀνηνεγμένα
1654 418 1746 469 ἐπὶ
1781 416 1873 469 τὸν
1902 414 2018 470 Να-

2132 417 2417 471 secundum
2450 416 2683 471 litteram
2723 416 2967 485 quidem,
3014 418 3059 471 si
3100 419 3167 470 ad
3198 416 3693 477 Nabuchodonoso-

445 514 861 586 6ουχοδονόσορ,
914 512 1005 563 τὸν
1053 511 1413 581 ἐμπρήσαντα
1458 508 1550 562 τὸν
1605 509 1732 561 ναὸν
1777 508 1871 561 καὶ
1920 508 2019 578 τὴν

447 609 599 663 πόλιν
624 624 637 637 ·
676 605 809 677 πρὸς
826 604 880 656 δὲ
910 603 1167 667 διάνοιαν,
1202 601 1294 654 ἐπὶ
1320 602 1420 672 τὴν
1450 600 1833 671 ἀντικειμένην
1859 598 2020 652 δύνα-

452 718 561 772 μιν,
596 682 664 769 ἧς
702 698 770 751 τὰ
809 694 1107 766 λελεγμένα
1164 696 1221 747 ὲν
1264 696 1329 763 τῇ
1375 693 1682 764 προφητείᾳ
1722 692 2018 762 παθούσης,

448 788 723 863 καθῃρέθη
771 787 965 841 αὐτίκα
998 787 1031 857 ἡ
1064 784 1173 838 τῶν
1218 784 1475 838 ἐναντίων
1513 782 1814 853 Ἀσσυρίων
1858 782 2022 834 δυνα-

452 896 627 933 στεια.

526 991 546 1023 ‹
576 971 684 1025 Καὶ
716 968 866 1022 ἔσται
898 970 955 1020 ὲν
984 969 1048 1037 τῇ
1084 965 1269 1037 ἡμέρᾳ
1326 964 1541 1039 ἐκείνῃ,
1573 962 1754 1017 οὐκέτι
1794 980 2025 1034 προσ-τε-

448 1064 669 1134 θήσεται
698 1061 759 1114 τὸ
812 1057 1174 1125 καταλειφθὲν
1239 1056 1474 1129 Ἰσραὴλ,
1521 1056 1616 1108 καὶ
1663 1057 1713 1108 οί
1761 1054 2024 1117 σωθέντες

447 1153 540 1207 τοῦ
581 1150 775 1205 Ἰακὼϐ
803 1149 984 1202 οὐκέτι
1013 1148 1085 1216 μὴ
1115 1146 1434 1210 πεποιθότες
1464 1141 1597 1199 ὦσιν
1635 1146 1727 1198 ἐπὶ
1750 1147 1874 1208 τοὺς
1907 1144 2023 1197 ἀδι-

446 1248 720 1317 κήσαντας
770 1241 986 1304 αὐτοὺς,
1032 1239 1167 1292 ἀλλᾶ
1202 1239 1414 1292 ἔσονται
1443 1237 1763 1300 πεποιθότες
1805 1237 1895 1290 ἐπὶ
1934 1235 2024 1290 τὸν

448 1335 580 1387 Θεὸν
600 1334 689 1385 τὸν
725 1333 875 1400 ᾶγιον
900 1330 994 1382 τοῦ
1028 1328 1241 1399 Ἰσραὴλ
1267 1330 1333 1398 τῇ
1359 1327 1606 1398 ἀληθείᾳ.
1640 1326 1748 1380 Καὶ
1784 1324 1933 1377 ἔσται
1964 1324 2025 1377 τὸ

444 1423 804 1492 καταλειφθὲν
844 1420 938 1474 τοῦ
985 1418 1179 1473 Ἰακὼϐ
1213 1418 1304 1472 ἐπὶ
1339 1419 1470 1471 Θεὸν
1522 1418 1794 1489 ἰσχύοντα.
1834 1436 1851 1467 t
1888 1419 2026 1487 Φησὶ

447 1506 525 1587 τῷ
559 1514 756 1585 καιρῷ,
788 1514 909 1566 καθ’
942 1511 1000 1564 ὃν
1032 1511 1210 1564 πάντα
1247 1509 1318 1561 τὰ
1352 1508 1717 1580 προλεχθέντα
1751 1509 1892 1562 κατὰ
1929 1510 2024 1563 τοῦ

443 1605 775 1676 δηλωθέντος
789 1603 1049 1674 ἄρχοντος
1071 1601 1179 1654 τῶν
1213 1600 1511 1671 Ἀσσυρίων
1543 1600 1609 1651 δι’
1636 1598 1813 1671 ἔργων
1848 1600 2027 1672 χωρή-

450 1714 612 1760 σειεν,
661 1697 709 1749 oi
748 1693 1186 1765 περιλειφθέντες
1217 1690 1312 1745 τοῦ
1345 1690 2023 1761 αἰχμαλωτισθέντοςζλαοῦ

2121 522 2233 561 rem
2277 506 2605 573 referantur,
2633 508 2726 576 qui
2764 508 3021 576 templum
3070 507 3310 563 incendit
3361 520 3415 565 et
3460 512 3687 577 urbem;

2123 597 2416 653 secundum
2459 608 2691 653 mentem
2738 614 2889 663 vero,
2922 602 2966 653 si
2996 600 3061 653 ad
3088 610 3411 668 potestatem
3438 604 3690 659 adversa-

2124 688 2279 752 riam,
2313 703 2434 757 quae
2468 702 2588 742 cum
2619 703 2704 750 ea,
2737 705 2856 759 qua:
2889 691 2940 744 in
2977 692 3257 760 prOphetia
3292 691 3557 757 feruntur,
3577 708 3695 762 per-

2123 794 2280 846 pessa
2332 786 2501 841 esset,
2556 779 2990 835 adversariorum
3040 781 3390 852 Assyriorum
3448 784 3690 852 potentia

2122 869 2410 925 confestim
2436 869 2645 924 sublata
2677 879 2783 923 est.

2195 960 2358 1015 Vens.
2382 958 2473 1023 20,
2498 958 2589 1013 2|.
2622 978 2639 1009 ι
2671 957 2736 1012 Εῑ
2769 960 2873 1014 erit
2904 959 2957 1014 in
2993 961 3078 1015 die
3107 960 3217 1027 illa,
3252 976 3358 1016 non
3386 961 3524 1017 ultra
3557 964 3695 1032 adji-

2122 1051 2297 1106 cietur
2328 1050 2598 1105 residuum
2625 1048 2807 1113 lsrael,
2834 1060 2894 1103 et
2924 1052 3013 1119 qui
3048 1052 3183 1105 salvi
3204 1052 3402 1107 fuerint
3427 1070 3493 1109 ex
3526 1052 3696 1113 Jacoh

2126 1160 2231 1197 non
2264 1143 2403 1197 ultra
2459 1144 2712 1197 fiduciam
2739 1144 3015 1199 habebunt
3045 1145 3095 1198 in
3126 1146 3247 1201 illos
3287 1146 3378 1214 qui
3412 1162 3471 1202 se
3497 1148 3695 1219 injuria

2126 1234 2454 1300 affecerunt;
2501 1237 2595 1290 sed
2647 1236 2894 1290 flduciam
2935 1237 3208 1292 habebunt
3260 1239 3312 1293 in
3362 1240 3473 1296 Deo
3503 1252 3697 1298 sancto

2126 1328 2291 1383 Israel
2320 1329 2372 1383 in
2401 1328 2656 1386 veritate.
2697 1329 2764 1382 Et
2792 1330 2896 1384 erit
2931 1330 3205 1385 residuum
3235 1331 3401 1388 Jacob
3430 1334 3484 1389 in
3526 1334 3694 1390 Deum

2126 1417 2342 1475 fortem.
2403 1438 2423 1472 ›
2484 1419 2602 1487 Quo
2651 1431 2914 1490 tempore,
2958 1422 3171 1492 inquit,
3216 1425 3472 1494 praedicta
3516 1428 3696 1482 omnia

2126 1519 2312 1566 contra
2364 1522 2720 1566 memoratum
2768 1514 3068 1584 principem
3108 1517 3453 1587 Assyriorum
3481 1557 3497 1583 ,
3537 1534 3700 1589 opere

2127 1600 2579 1670 complebuntur;
2628 1602 2719 1672 qui
2769 1618 2835 1657 ex
2864 1601 3171 1659 Judarorum
3218 1606 3415 1677 populo
3447 1608 3500 1663 in
3530 1610 3701 1679 capti-

2127 1694 2348 1747 vitatem
2384 1694 2618 1749 abducto
2668 1694 2868 1750 residui
2905 1706 3085 1761 erunt,
3116 1698 3184 1751 ab
3230 1698 3447 1753 inimica
3484 1701 3702 1767 regione

446 1786 554 1840 τῶν
587 1786 875 1849 Ἰουδαίων,
909 1785 1010 1856 τῆς
1043 1784 1310 1855 πολεμίας
1352 1782 1536 1853 χώρας
1566 1781 1839 1853 ἐλεύθεροι
1868 1783 2023 1852 γενό-

2132 1785 2282 1840 liberi
2316 1788 2626 1849 evadentes,
2673 1797 2727 1841 et
2757 1789 2809 1842 in
2846 1791 3117 1860 propriam
3155 1795 3380 1855 reversi,
3424 1807 3530 1846 non
3561 1794 3701 1846 ultra

444 1896 620 1952 μενοι,
647 1881 743 1932 καὶ
772 1881 851 1942 είς
869 1879 968 1950 τὴν
992 1876 1196 1931 οἰκείαν
1220 1874 1625 1939 ἐπανελθόντες,
1642 1874 1825 1928 οὐκέτι
1854 1892 2026 1947 προσ-

450 1972 660 2039 έξουσιν
705 1966 785 2036 οἷς
826 1970 993 2024 πάλαι
1018 1972 1304 2042 προσεῖχον
1346 1968 1595 2053 δαίμοσι,
1609 1972 1887 2040 πονηροῖς,
1915 1974 2027 2034 τοῖς

443 2063 546 2128 τὰς
567 2063 744 2135 ψυχὰς
769 2064 945 2117 αὐτῶν
967 2063 1269 2134 ἠδικηκόσι,
1288 2062 1382 2115 καὶ
1404 2063 1620 2115 πάντων
1642 2061 1824 2125 αὐτοῖς
1841 2062 2026 2115 κακῶν

444 2157 644 2221 αἰτίοις
679 2157 991 2226 γενομένοις
1010 2172 1024 2186 ·
1054 2156 1190 2210 ἀλλὰ
1216 2155 1295 2226 τῷ
1322 2154 1441 2225 Θεῷ
1479 2154 1664 2207 λοιπὸν
1701 2153 2025 2224 προσέξουσι

452 2247 619 2317 μόνῳ,
656 2247 751 2300 ἆτε
799 2246 1045 2317 λυτρωτῇ
1094 2245 1188 2297 καὶ
1236 2243 1449 2313 Σωτῆρι
1502 2241 1681 2295 αὐτῶν
1732 2241 2023 2310 γενομένῳ.

465 2335 797 2407 Ἐπληροῦτο
820 2337 876 2388 δὲ
898 2336 992 2388 καὶ¹
1015 2334 1186 2388 ταῦτα
1211 2333 1347 2404 πρὸς
1385 2331 1530 2399 λέξιν
1560 2331 1703 2385 κατὰ
1733 2330 1914 2402 Κῦρον
1937 2331 2029 2383 τὸν

453 2428 678 2499 Περσῶν
712 2426 951 2497 βασιλέα,
983 2426 1041 2489 ὃς
1074 2427 1279 2489 πάντας
1317 2425 1486 2495 ἀνῆκε
1507 2424 1632 2486 τοὺς
1655 2424 1713 2476 ὲν
1738 2425 1803 2494 τῇ
1828 2424 2029 2493 αίχμα-

451 2519 621 2590 λωσίᾳ
668 2519 953 2582 Ἰουδαίους
974 2535 986 2548 ·
1028 2517 1150 2571 καθ’
1173 2518 1233 2571 ὃν
1282 2516 1473 2588 καιρὸν
1505 2518 1556 2569 οἱ
1588 2516 1717 2585 περὶ
1744 2515 1835 2568 τὸν
1868 2517 2031 2587 Ζορο-

450 2609 635 2673 ϐάϐελ,
684 2611 777 2662 καὶ
822 2608 1026 2679 Ἰησοῦν
1051 2608 1142 2661 τὸν
1186 2607 1279 2661 τοῦ
1321 2608 1570 2661 Ἰωσεδὲκ
1617 2607 1709 2661 τὸν
1748 2609 1899 2679 ίερέα
1939 2608 2030 2663 τὸν

456 2700 649 2769 μέγαν,
677 2699 729 2752 οἵ
756 2716 816 2752 τε
850 2700 964 2769 ἅμα
990 2699 1068 2771 τῷ
1095 2699 1319 2770 Ἔσδρᾳ,
1349 2700 1442 2752 καὶ
1467 2697 1698 2769 Νεεμίᾳ,
1721 2700 1819 2769 τῆς
1855 2699 2028 2752 Βαϐυ-

449 2791 617 2853 λῶνος
657 2790 1063 2854 ἐπανελθόντες,
1093 2790 1183 2842 τὸν
1215 2790 1340 2844 ναὸν
1374 2791 1622 2861 ἤγειραν,
1647 2790 1740 2841 καὶ
1754 2790 1850 2861 τὴν
1876 2791 2031 2845 πόλιν

450 2881 619 2951 αὐτὴν
644 2881 1013 2934 ἁνεκτίσαντο.

525 2990 543 3023 ι
582 2972 691 3025 Καὶ
717 2972 812 3024 ἐὰν
851 2972 1075 3042 γένηται
1096 2973 1123 3024 6
1155 2971 1281 3034 λαὸς
1326 2972 1539 3043 Ἰσραὴλ
1559 2973 1693 3045 ὼςὴ
1731 2973 1911 3043 ἄμμος
1932 2973 2030 3043 τῆς

448 3061 744 3132 θαλάσσης,
792 3061 853 3114 τὸ
884 3061 1231 3132 κατάλειμμα
1282 3062 1461 3115 αὐτῶν
1491 3063 1815 3134 σωθήσεται.
1864 3082 1884 3115 ι
1920 3062 2029 3133 Τὴν

451 3156 722 3228 ἄχρηστον
758 3154 964 3224 πληθὺν
1002 3155 1030 3205 6
1059 3154 1213 3222 λόγος
1239 3155 1493 3224 σημαίνει
1540 3155 1633 3208 τοῦ
1679 3155 1886 3219 ἔθνους,
1924 3155 2032 3207 τῶν
2061 3153 2101 3210 C

457 3247 592 3317 μετὰ
640 3246 736 3317 τὴν
778 3245 1036 3299 ἐπάνοδον
1068 3245 1166 3316 τὴν
1205 3246 1314 3298 ἀπὸ
1343 3244 1662 3307 Βαϐυλῶνος
1697 3246 2031 3316 οἰκησάντων

453 3338 548 3408 τὴν
581 3338 761 3408 χώραν
794 3336 952 3408 μέχρι
977 3336 1086 3390 τῶν
1126 3334 1446 3407 Ῥωμαϊκῶν
1480 3335 1713 3407 χρόνωνο
1748 3329 1890 3388 οὗτοι
1924 3334 2032 3405 γὰρ

453 3425 589 3501 ἦσαν
616 3430 687 3493 ὡς
711 3432 742 3501 ἡ
766 3430 947 3502 ἄμμος
975 3427 1074 3500 τῆς
1099 3427 1392 3499 θαλάσσης,
1414 3426 1473 3494 ἐξ
1504 3420 1579 3481 ὧν
1605 3426 1778 3497 μόνων
1802 3424 2031 3495 διεσώθη

454 3521 512 3573 τὸ
545 3521 922 3593 κατάλειμμα·
956 3522 1006 3573 οἱ
1048 3520 1107 3587 ἐξ
1144 3520 1321 3573 αὐτῶν
1351 3521 1430 3583 είς
1471 3519 1564 3573 τὸν
1596 3517 1831 3589 Χριστὸν
1872 3534 2035 3570 πεπι-

454 3612 736 3675 στευκότες
766 3612 1005 3684 μαθηταὶ
1033 3612 1198 3665 αὑτοῦ
1227 3613 1320 3665 καὶ
1349 3610 1658 3676 ἀπόστολοι,
1691 3610 1785 3663 καὶ
1816 3610 2036 3678 εὐαγγε-

453 3706 595 3757 σταί.
614 3706 855 3776 Ψάμμος
874 3705 981 3776 γὰρ
998 3704 1274 3774 θαλάσσης
1293 3704 1353 3756 τὸ
1378 3703 1474 3774 μὲν
1494 3702 1697 3773 πλῆθος
1719 3701 2033 3773 ἀναρίθμη-

450 3814 541 3848 τον
564 3795 674 3866 ἕχει
699 3812 712 3826 ·
740 3795 913 3860 ἄλλως
939 3795 994 3848 δὲ
1011 3796 1280 3867 ἄχρηστος
1315 3794 1547 3865 ὑπάρχει
1576 3793 1709 3863 πρὸς
1737 3793 2030 3862 γεωργίαν.

465 3889 713 3943 Ἐπειδὰν
756 3884 848 3941 οὖν
875 3890 903 3940 6
938 3888 1083 3950 λαὸς,
1112 3888 1296 3957 φησιν,
1336 3884 1551 3954 Ἰσραὴλ
1601 3887 1676 3946 είς
1708 3883 1910 3959 πλῆθος
1942 3885 2034 3937 ἀν·

452 3980 576 4050 αρίθ
587 3997 752 4049 μητον
775 3978 933 4049 χυθῇ,
957 3978 1227 4047 ἄχρηστον
1245 3976 1299 4028 δὲ
1320 3975 1546 4047 γένηται
1569 3976 1623 4027 ὲν
1652 3977 1717 4045 τῇ
1738 3974 1879 4027 κατὰ
1902 3974 2033 4027 Θεὸν

454 4070 821 4142 καρποφορίᾳ,
856 4067 1155 4139 τηνικαῦτα
1193 4068 1253 4119 τὸ
1300 4067 1398 4137 μὲν
1448 4066 1650 4136 πλῆθος
1702 4065 1881 4119 αὐτῶν
1928 4067 2033 4119 ἁπ-

454 4160 688 4215 ολεῖται’
753 4161 910 4231 μόνον
972 4158 1035 4230 δὴ
1088 4159 1148 4211 τὸ
1202 4157 1553 4229 κατάλειμμα
1616 4156 1795 4210 αὐτῶν
1858 4156 2034 4228 σωθή-

455 4269 627 4306 σεται.

530 4366 549 4398 ι
600 4348 720 4399 ’Ότι
750 4346 907 4414 λόγον
939 4344 1376 4416 συντετμημένον
1398 4346 1603 4417 Κύριος
1630 4348 1845 4418 ποιήσει
1873 4347 1931 4399 ὲν
1963 4348 2029 4417 τῇ

455 4439 745 4513 οίκουμένῃ
769 4439 887 4512 ὅλῃ.
927 4459 945 4490 ι
975 4438 1167 4509 Σαφῶς
1190 4440 1297 4511 ἄρα
1324 4438 1384 4492 τὸ
1412 4439 1743 4508 Εὐαγγέλιον
1776 4439 1875 4509 τῆς
1895 4440 2032 4492 Και-

455 4527 551 4597 νῆς
579 4528 797 4597 ᾐνίξατο
820 4527 1186 4600 Διαθήκης,ὲν
1210 4528 1304 4598 ὅλῃ
1325 4530 1390 4599 τῇ
1420 4528 1711 4601 οίκουμένῃ
1740 4527 2029 4600 κηρυχθέν.

455 4619 732 4687 Συντετμη
743 4618 901 4688 μένος
935 4618 1044 4690 γὰρ
1065 4614 1134 4689 ἦν
1157 4620 1185 4671 6
1215 4618 1371 4687 λόγος
1397 4618 1425 4670 ὁ
1456 4618 1825 4686 εὐαγγελικὸς,
1855 4617 1932 4687 τῷ
1958 4619 2031 4689 μὴ

456 4708 726 4779 περιέχειν
762 4709 938 4762 πάντα
961 4710 1027 4762 τά
1059 4708 1209 4780 παρὰ
1228 4709 1305 4780 τῷ
1335 4710 1542 4779 Μωῦσῇ
1573 4707 2027 4780 παραγγέλματα.

456 4799 575 4852 Τῶν
599 4799 654 4852 δὲ
679 4799 1052 4871 προκειμένων
1089 4799 1267 4870 ῥητῶν
1303 4800 1573 4870 μέμνηται
1605 4800 1699 4851 καὶ
1724 4801 1753 4851 6
1786 4799 2032 4851 Ἀπόστοο

453 4889 564 4953 λος,
601 4890 788 4943 τοῦτον
822 4891 994 4960 λέγων
1025 4890 1115 4944 τὸν
1136 4891 1337 4961 τρόπον
1358 4908 1370 4921 ⁸
1399 4911 1414 4941 ι
1453 4892 1511 4943 '0
1546 4891 1771 4961 Ἠσαξίας
1800 4890 1856 4941 δὲ
1879 4889 2028 4958 λέγει

456 4984 594 5054 ὑπὲρ
633 4982 725 5035 τοῦ
773 4958 1018 5054 ἰσραήλο
1074 4958 1200 5036 Ἐὰν
1305 4982 1334 5033 ὁ
1361 4981 1596 5053 ἀριθμὸς
1632 4958 1738 5034 τῶν
1765 4979 1898 5033 υἱῶν
1932 4979 2028 5033 τοῦ

468 5072 679 5145 Ἰσραὴλ
716 5073 791 5137 ὠς
830 5077 863 5145 ἡ
910 5075 1091 5144 ἄμμος
1127 5074 1227 5143 τῆς
1272 5073 1568 5143 θαλάσσης,
1613 5072 1674 5125 τὸ
1717 5071 2029 5142 ὑπόλειμμα

461 5166 780 5235 σωθήσεται.
842 5164 1015 5232 Λόγον
1083 5164 1191 5234 γὰρ
1256 5163 1523 5218 συντελῶν
1576 5164 1668 5217 καὶ
1736 5163 2027 5233 συντέμνον

459 5258 670 5327 ποιήσει
705 5256 910 5328 Κύριος
942 5258 1033 5309 ἐπὶ
1057 5257 1156 5327 τῆς
1185 5258 1307 5328 γῆς.
1344 5276 1362 5307 ι

532 5367 549 5398 ι
597 5350 695 5402 Διὰ
727 5350 883 5403 τοῦτο
914 5350 1039 5402 τάδε
1074 5349 1219 5418 λέγει
1248 5348 1451 5419 Κύριος
1496 5347 1725 5402 Σαϐαὼθ
1746 5364 1759 5376 '
1797 5347 1889 5418 Μὴ
1929 5364 2027 5415 φο-

456 5443 573 5505 ϐοῦ,
605 5444 633 5495 6
665 5442 791 5507 λαός
820 5460 941 5513 μου,
976 5444 1025 5495 οί
1060 5441 1443 5505 κατοικοῦντες
1480 5442 1536 5495 ὲν
1569 5440 1729 5505 Σιὼν,
1757 5439 1865 5493 ἀπὸ
1904 5441 2022 5492 ’Δση

456 5536 674 5608 συρίων,
694 5535 772 5588 δ’τι
799 5537 855 5589 ὲν
884 5534 1061 5605 ῥάϐδῳ
1107 5535 1334 5603 πατάξει
1355 5551 1436 5588 σε’
1466 5533 1678 5606 πληγὴν
1702 5533 1813 5603 γὰρ
1841 5533 2030 5601 ἐπάγω

524 5744 566 5774 ⁸³
606 5746 755 5800 Ιὶοιη.
795 5760 847 5799 tx
899 5745 987 5797 27.

2129 1879 2410 1932 attendent
2462 1880 2569 1943 iis,
2614 1880 2810 1949 quibus
2853 1892 3012 1935 antea
3061 1882 3300 1937 animum
3352 1884 3704 1949 adhibebant,

2128 1971 2468 2027 daemonibus
2495 1973 2768 2041 malignis,
2800 1976 2892 2045 qui
2938 1977 3148 2033 animas
3185 1992 3314 2034 suas
3347 1977 3620 2046 laeserant,
3651 1990 3705 2034 et

2129 2063 2369 2117 omnium
2410 2064 2513 2118 sibi
2541 2065 2805 2120 malorum
2828 2082 2991 2122 causa
3022 2069 3271 2137 fuerant;
3305 2070 3397 2124 sed
3443 2071 3555 2125 Deo
3590 2079 3705 2124 tan-

2130 2156 2249 2209 dem
2284 2154 2385 2209 soli
2424 2156 2862 2226 applicabuntur,
2895 2169 3079 2227 utpote
3124 2160 3218 2229 qui
3262 2161 3572 2231 redemptor
3604 2162 3705 2216 sibi

2129 2254 2183 2297 et
2220 2243 2480 2299 Servator
2520 2244 2745 2301 effectus
2790 2248 2883 2301 sit.
2918 2246 3040 2302 llaec
3069 2262 3198 2301 vero
3228 2247 3405 2317 reipsa
3438 2248 3705 2319 completa

2130 2347 2251 2391 sunt
2300 2336 2453 2408 Cyri
2486 2337 2775 2393 Persarum
2828 2340 2969 2410 regis
3022 2349 3286 2409 tempore,
3349 2340 3439 2409 qui
3493 2338 3709 2394 Iudaeos

2130 2444 2319 2484 omnes
2348 2430 2401 2483 in
2428 2430 2744 2497 captivitate
2773 2441 2996 2501 agentes
3026 2431 3256 2497 remisit,
3306 2447 3429 2487 cum
3472 2431 3707 2486 Zoroba-

2134 2521 2240 2587 bel,
2271 2520 2430 2578 Jesus
2476 2523 2617 2577 filius
2654 2522 2882 2577 Josedec
2921 2521 3191 2577 Sacerdos
3228 2537 3477 2593 magnus,
3512 2533 3567 2575 et
3614 2523 3706 2591 qui

2132 2630 2253 2668 cum
2278 2614 2447 2669 Esdra
2477 2624 2533 2669 et
2553 2613 2813 2669 Nehemia
2844 2621 3021 2678 erant,
3057 2627 3125 2667 ex
3154 2611 3429 2683 Babylone
3464 2613 3708 2679 reversi,

2133 2706 2391 2776 templum
2426 2708 2769 2770 excitarunt,
2817 2706 3116 2776 urbemque
3149 2706 3321 2775 ipsam
3364 2716 3712 2760 restaurave-

2138 2808 2283 2855 runt.

2202 2982 2371 3041 “Vens.
2400 2982 2493 3038 ΞΩ.
2532 3000 2551 3037 ι
2584 2982 2651 3037 Et
2680 2982 2727 3038 si
2764 2982 2929 3036 fuerit
2958 2981 3189 3051 populus
3218 2978 3386 3036 Israel
3418 2979 3559 3035 sicut
3589 2994 3715 3035 are-

2136 3091 2202 3128 na
2235 3074 2422 3140 maris,
2455 3074 2731 3129 residuum
2761 3070 2879 3140 ejus
2910 3072 3232 3127 salvabitur.
3266 3089 3285 3124 »
3334 3070 3709 3127 Prontiscuam

2136 3180 2189 3221 et
2215 3167 2460 3222 inutilem
2494 3167 2670 3235 gentis
2700 3165 3097 3218 multitudinem
3125 3203 3141 3229 ,
3177 3178 3297 3231 quae
3328 3170 3448 3231 post
3479 3162 3711 3218 reditunt

2137 3276 2201 3314 ex
2231 3258 2505 3329 Babylone
2539 3271 2713 3326 usque
2742 3255 2807 3311 ad
2846 3255 3089 3308 Romana
3141 3263 3381 3324 tempora
3433 3255 3711 3325 regionem

2137 3352 2405 3417 incoluit,
2465 3350 2671 3404 indicat
2726 3348 3082 3419 propheticus
3129 3360 3312 3402 sermo
3357 3365 3371 3401 :
3416 3347 3469 3401 hi
3518 3348 3715 3418 quippe

2134 3448 2291 3491 erant
2313 3438 2458 3492 sicut
2490 3452 2655 3490 arena
2689 3438 2855 3491 maris
2879 3476 2893 3499 ,
2924 3450 3156 3504 quorum
3192 3435 3469 3490 residuum
3503 3447 3712 3492 tantum

2135 3527 2361 3582 salutem
2423 3537 2773 3583 consecutum
2826 3536 2929 3580 est.
2983 3525 3047 3578 lli
3083 3540 3245 3592 porro
3295 3540 3361 3580 ex
3408 3525 3516 3579 illis
3558 3536 3716 3580 erant

2135 3618 2227 3686 qui
2261 3604 2312 3670 in
2345 3618 2623 3672 Christum
2655 3617 3030 3682 crediderunt,
3095 3616 3346 3685 discipuli
3393 3616 3530 3686 ejus,
3585 3631 3713 3686 apo-

2138 3708 2263 3763 stoli
2305 3717 2360 3761 et
2395 3707 2764 3775 evangelislw.
2802 3706 2937 3759 Nam
2969 3720 3135 3760 arena
3169 3708 3336 3761 maris
3366 3708 3717 3765 multitudine

2135 3794 2353 3862 quidem
2394 3792 2829 3856 innumerabilis,
2862 3807 3046 3845 verum
3106 3794 3315 3850 inutilis
3348 3804 3434 3850 est
3464 3797 3533 3851 ad
3568 3801 3712 3869 agri-

2135 3884 2425 3940 culturam.
2453 3883 2586 3939 Cum
2630 3898 2761 3954 ergo
2790 3884 3017 3953 populus
3052 3884 3239 3948 Israel,
3274 3887 3470 3957 inquit,
3496 3888 3549 3943 itt
3578 3891 3715 3944 mul-

2139 3976 2423 4032 titudinem
2468 3977 2814 4031 innumeram
2848 3975 3074 4031 diffusus
3118 3978 3302 4041 fuerit,
3340 3980 3413 4033 ita
3444 3990 3621 4035 tamen
3658 3992 3717 4036 ut

2137 4068 2338 4123 inutilis
2375 4069 2447 4123 sit
2477 4069 2543 4123 ad
2572 4067 2806 4124 fructum
2851 4072 3147 4125 secundum
3185 4071 3352 4124 Deum
3381 4070 3665 4125 ferendum
3692 4088 3707 4138 ;

2136 4172 2260 4216 tunc
2290 4160 2576 4215 multitudo
2602 4162 2817 4231 quidem
2846 4176 3034 4215 corum
3068 4161 3290 4231 peribit,
3343 4176 3407 4217 ac
3441 4163 3570 4216 sola:
3597 4162 3715 4233 ejus

2136 4252 2375 4320 reliquia:
2401 4251 2629 4306 salutem
2666 4262 3091 4320 consequentur.

2204 4342 2368 4399 Vens.
2421 4344 2510 4399 25.
2572 4362 2591 4396 ι
2649 4343 2785 4411 Quia
2836 4345 3064 4399 verbum
3118 4344 3495 4401 abhreviatum
3552 4348 3714 4404 faciet

2140 4438 2398 4491 Dominus
2429 4438 2479 4492 in
2513 4439 2764 4491 universa
2811 4448 2974 4490 terra.
3009 4457 3026 4487 ι
3059 4437 3409 4507 Evangeliutn
3444 4438 3577 4495 Novi
3609 4441 3713 4495 Te-

2139 4527 2391 4581 stamenti
2426 4526 2571 4581 clare
2617 4526 2928 4581 subindicat
2955 4567 2968 4591 ,
3005 4528 3147 4596 quod
3181 4530 3231 4581 in
3279 4529 3529 4583 universa
3567 4541 3709 4586 terra

2141 4620 2488 4689 przedicatum
2527 4628 2629 4674 est.
2665 4621 3052 4674 Abbrevialum
3088 4622 3284 4692 quippe
3327 4631 3446 4677 erat
3489 4624 3709 4677 verbum

2139 4709 2509 4779 evangelicum
2538 4750 2553 4773 ,
2602 4709 2744 4776 quod
2799 4709 2989 4791 omnia
3040 4709 3242 4782 Moysis
3292 4725 3560 4783 praecepta
3604 4728 3709 4768 non

2137 4800 2613 4869 complecteretur.
2650 4798 2774 4853 Haec
2806 4800 2951 4855 dicta
3002 4811 3397 4857 commemorat
3441 4804 3712 4872 apostolus

2138 4893 2221 4946 his
2264 4893 2444 4946 verbis
2474 4892 2540 4957 ⁶¹,
2579 4911 2598 4942 ι
2633 4892 2832 4947 lesaias
2890 4903 3068 4948 autem
3114 4894 3245 4949 dicit
3299 4898 3364 4949 de
3410 4896 3570 4949 Israel
3609 4895 3710 4950 :Si

2134 4979 2298 5036 fuerit
2358 4996 2615 5036 numerus
2678 4982 2911 5036 filiorum
2974 4983 3142 5038 Israel
3202 4996 3457 5053 tanquam
3538 4999 3705 5038 arena

2136 5073 2342 5138 maris,
2393 5072 2635 5140 reliquis:
2685 5073 2847 5127 salva:
2902 5072 3056 5131 fient.
3106 5072 3344 5129 Verbum
3381 5074 3527 5129 enim
3573 5089 3706 5127 cou-

2134 5178 2435 5231 summans,
2467 5172 2519 5217 et
2567 5165 2888 5219 abbrevians
2928 5165 3187 5221 Dominus
3218 5166 3380 5221 faciet
3414 5180 3575 5233 super
3606 5175 3712 5219 ter-

2134 5270 2271 5310 ram.
2310 5273 2328 5307 ι

2207 5344 2369 5401 Vens.
2403 5346 2496 5400 24.
2540 5345 2876 5416 «Propterea
2938 5346 3054 5400 haec
3104 5346 3233 5401 dicit
3295 5345 3554 5401 Dominus
3598 5346 3701 5402 Sa-

2133 5435 2316 5502 baoth,
2349 5437 2468 5492 Noli
2506 5439 2720 5503 timere,
2752 5438 2946 5509 popule
2992 5454 3164 5504 meus,
3192 5436 3284 5505 qui
3339 5437 3597 5493 habitatis
3646 5440 3704 5494 in

2136 5530 2291 5597 Sion,
2332 5532 2400 5586 ab
2431 5531 2693 5600 Assyriis,
2720 5532 2847 5600 quia
2897 5532 2949 5585 in
2985 5532 3133 5600 virga
3162 5528 3428 5600 percutiet
3456 5536 3510 5584 te
3535 5544 3552 5584 :
3578 5530 3700 5604 pla-
