4118 6402
468 283 569 338 167

1135 279 1404 338 EUSEBII
1441 279 1918 338 CESARIENSIS
1955 279 2106 336 OPP.
2149 278 2326 334 PARS
2362 276 2450 333 Ill.
2491 308 2559 318 -—
2601 275 3020 334 EXEGETICA.

3621 283 3725 339 168

465 412 587 467 gam
617 398 766 451 enim
799 396 1052 452 inducam
1096 412 1259 467 super
1287 407 1359 460 te,
1387 407 1444 450 ut
1485 399 1670 452 videas
1699 396 1840 450 viain
1871 396 2037 466 Egy-

2145 397 2239 448 ἐπὶ
2273 395 2362 457 σὲ,
2399 393 2493 446 τοῦ
2532 394 2662 446 ἰδεῖν
2699 391 2816 446 ὁδὸν
2848 391 3147 461 Αἰγύπτου.
3193 410 3212 442 ι
3255 389 3518 464 Παραιιιεῖ
3547 394 3729 448 τοίνυν

463 488 564 556 pti.
591 507 610 540 ι
652 487 912 542 Hortatur
966 489 1150 557 itaque
1200 503 1266 542 ne
1322 489 1507 541 timeat
1551 488 1810 558 Assyrios
1855 505 1870 542 :
1919 502 2044 542 nam

463 585 754 630 venturum
802 576 1016 645 quidem
1071 577 1148 628 ait
1186 589 1375 630 eorum
1415 590 1594 644 regem
1645 587 1699 630 et
1740 577 2043 630 Jerusalem

465 680 902 738 Oppugnaturutn
929 682 1068 730 esse,
1099 676 1153 720 ut
1185 666 1302 733 ejus
1335 667 1523 720 incola:
1565 666 1782 720 brevem
1829 667 2042 738 plagam

464 759 838 828 experiantur,
870 773 965 812 ceu
1003 757 1150 826 virga
1195 756 1470 825 percussi;
1520 766 1575 809 at
1616 756 1764 810 illum
1814 773 1872 811 re
1909 755 2045 811 infe-

466 863 552 906 cta
583 849 874 920 fugientem
903 863 1246 902 reversurum
1275 862 1419 902 esse.
1459 847 1591 914 Qnte
1621 863 1752 903 sane
1776 847 2043 918 completa

467 952 611 1005 sunt,
645 941 873 995 Ezecbia
906 939 1016 993 filio
1065 939 1247 994 Achaz
1294 939 1345 993 in
1390 937 1685 994 Jerusalem
1734 948 2033 1010 regnante:

466 1037 554 1103 qui
589 1039 670 1088 vir
705 1035 805 1088 fuit
835 1050 940 1087 non
979 1033 1122 1100 patri
1159 1031 1390 1097 similis,
1423 1037 1518 1087 sed
1545 1034 1724 1098 justus
1763 1042 1821 1086 et
1863 1035 2043 1088 omni-

466 1127 622 1181 mode
649 1126 957 1196 religiosus.
990 1125 1102 1179 Etsi
1142 1124 1326 1194 igitur,
1358 1138 1443 1177 me
1474 1125 1525 1178 id
1558 1125 1923 1193 permittente,
1948 1141 2042 1180 rex

464 1232 654 1274 eorum
687 1221 738 1272 in
779 1230 832 1273 te
881 1219 1184 1286 irrumpat,
1253 1224 1491 1270 attamen
1539 1217 1605 1270 ad
1648 1218 2044 1286 correptioucm

466 1319 676 1363 tantum
711 1312 862 1379 virga
891 1311 1164 1378 percutiet
1195 1316 1270 1372 te,
1319 1322 1423 1360 non
1473 1323 1597 1360 cum
1643 1307 1836 1378 gladiis
1865 1321 1920 1362 et
1949 1309 2044 1361 ha-

465 1398 565 1451 stis
595 1399 792 1453 bellico
825 1413 974 1451 more
1009 1398 1184 1451 victor
1239 1397 1412 1449 irrnet
1464 1395 1516 1448 iu
1573 1405 1645 1450 te.
1700 1395 1827 1450 il:ec
1878 1410 2043 1466 porro

463 1487 634 1557 virgis
669 1486 870 1540 inﬂicta
899 1487 994 1539 tibi
1034 1486 1185 1555 plaga
1223 1501 1329 1538 non
1371 1494 1570 1552 praeter
1605 1484 1870 1540 rati0nem
1902 1486 2040 1539 erit:

463 1594 686 1635 causam
713 1579 912 1648 quippe
933 1593 1032 1632 cur
1064 1579 1291 1648 Assyrio
1317 1593 1634 1634 concessum
1665 1578 1737 1632 sit
1771 1585 1828 1630 ut
1859 1579 2042 1631 mode-

2150 485 2226 557 μὴ
2269 484 2551 553 φοϐεῖσθαι
2598 483 2724 546 τοὺς
2765 483 3114 554 Ἀσσυρίουςο
3149 481 3300 553 ἥξειν
3333 483 3432 554 μὲν
3475 483 3584 554 γὰρ
3633 486 3730 540 καὶ

2147 577 2596 649 ἐπιστρατεύσειν
2643 575 2786 629 κατὰ
2827 577 2927 646 τῆς
2969 575 3324 646 Ἰερουσαλὴμ
3382 576 3472 629 τὸν
3523 575 3730 631 τούτων

2149 671 2394 742 βασιλέα,
2424 670 2561 742 πρὸς
2591 669 2651 722 τὸ
2692 668 2950 741 βραχείας
2984 668 3312 739 πειραθῆναι
3343 669 3559 740 πληγῆς
3600 671 3727 734 τοὺς

2147 761 2205 813 ἐν
2247 761 2384 831 αὑτῇ
2427 759 2849 824 κατοικοῦντας,
2899 758 3088 832 ὥσπερ
3137 759 3318 830 ῥάϐδῳ
3359 760 3685 830 παιομένους
3710 775 3725 788 °

2146 853 2427 924 ἄπρακτον
2459 851 2516 904 δὲ
2551 853 2712 906 αὑτὸν
2746 851 3136 923 ὑποστρέψειν,
3186 854 3329 923 φυγῇ
3363 851 3724 922 χρησάμενον.

2161 944 2491 1016 Ἐπληροῦτο
2535 945 2591 998 δέ
2644 947 2736 999 καὶ
2782 945 2956 999 ταῦτα
2981 946 3074 997 ἐπὶ
3113 945 3355 1009 Ἐζεκίου
3403 943 3521 996 υἱοῦ
3563 942 3730 1012 Ἀχὰζ

2149 1035 2522 1105 βασιλεύοντος
2556 1039 2614 1089 ἐν
2654 1035 3028 1108 Ἰερουσαλὴμ,
3068 1035 3261 1107 ἀνδρὸς
3310 1034 3634 1105 γενομένου,
3665 1033 3727 1086 οὑ

2149 1124 2293 1178 κατὰ
2341 1125 2432 1178 τὸν
2472 1125 2710 1197 πατέρα,
2749 1124 2958 1178 δικαίου
2997 1123 3054 1176 δὲ
3087 1117 3281 1187 ἄλλως,
3309 1125 3404 1176 καὶ
3448 1119 3728 1190 θεοφιλοῦς

2147 1222 2290 1274 κατὰ
2322 1222 2499 1276 πάντα
2523 1221 2743 1292 τρόπον.
2781 1222 2843 1275 Εἰ
2869 1221 2962 1274 καὶ
2993 1221 3062 1274 τά
3097 1219 3333 1290 μάλιστα
3369 1214 3492 1281 οὖν,
3539 1217 3724 1288 φησὶν,

2146 1312 2282 1383 ἐμοῦ
2320 1313 2724 1384 ἐπιτρέποντος,
2761 1313 2856 1367 καὶ
2883 1314 2940 1366 ἐν
2977 1313 3058 1365 σοὶ
3080 1311 3428 1365 ἐπελεύσεται
3459 1311 3488 1361 6
3521 1309 3728 1363 τούτων

2149 1410 2426 1481 βασιλεὺς,
2449 1413 2598 1482 ὅμως
2623 1413 2680 1466 ἐν
2728 1413 2908 1484 ῥάϐδῳ
2938 1399 3332 1484 ἐπιστρεπτικῇ
3379 1410 3612 1476 πατάξει
3641 1426 3725 1473 σε,

2149 1504 2266 1558 ἀλλ’
2297 1506 2359 1557 οὑ
2393 1503 2622 1575 ξίφεσιν,
2649 1505 2768 1558 οὑδὲ
2793 1505 2983 1576 δόρασι
3004 1503 3242 1574 πολέμου
3272 1503 3422 1572 νόμῳ
3446 1503 3728 1573 κρατήσας

2147 1597 2559 1661 ἐπεξελεύσεταί
2600 1615 2702 1653 σοι.
2745 1597 2854 1650 Kal
2892 1596 3029 1666 αῦτη
3064 1596 3120 1649 δὲ
3157 1598 3190 1666 ἡ
3226 1595 3313 1649 διὰ
3345 1594 3540 1667 ῥάϐδου
3583 1593 3728 1647 κατὰ

462 1681 580 1726 rata
625 1682 676 1725 te
731 1670 886 1740 plaga
944 1669 1171 1735 afficiat,
1216 1686 1320 1724 non
1372 1673 1588 1740 ignores
1631 1677 1888 1739 oportet:
1917 1669 2037 1736 quia

2148 1686 2244 1738 σοῦ
2277 1685 2459 1756 πληγὴ
2491 1685 2590 1738 οὑκ
2619 1685 2772 1738 ἔσται
2804 1685 3145 1756 παράλογος·
3185 1685 3248 1738 τὸ
3277 1685 3384 1756 γὰρ
3421 1686 3592 1754 αἴτιον
3627 1683 3725 1736 τοῦ

464 1762 606 1815 enim
653 1761 754 1814 via:
791 1761 842 1813 in
875 1758 1169 1829 Egyptum
1207 1761 1382 1814 denuo
1413 1772 1463 1815 te
1497 1759 1839 1822 commisisti,
1871 1758 2037 1812 idolo-

2147 1747 2568 1849 συγχωρηθῆναι
2627 1779 2716 1830 τὸν
2781 1747 3064 1848 Ἀσσύριον
3096 1747 3105 1748 7
3135 1747 3478 1850 πεπεισμένη
3541 1747 3723 1846 πληγῇ

463 1852 633 1906 iatrize
682 1852 882 1906 Achazi
942 1860 1183 1920 tempore
1228 1850 1474 1915 deditus;
1510 1852 1630 1906 ideo
1687 1865 1782 1905 vos
1832 1851 2040 1921 Assyrii

462 1943 626 2011 virga:
657 1941 875 2004 tradidi,
909 1950 966 1994 ut
1015 1943 1082 1995 ad
1124 1957 1312 1995 sanam
1362 1951 1598 1995 mentem
1641 1951 1698 1995 et
1730 1945 2043 1996 conversio-

463 2047 584 2084 nem
617 2033 946 2086 reducerem.

530 2339 692 2396 Vens.
721 2341 811 2406 25,
846 2341 936 2396 26.
980 2362 997 2393 ι
1023 2342 1214 2397 Adhuc
1243 2344 1388 2398 enim
1450 2341 1749 2413 paululum,
1773 2351 1826 2398 et
1851 2359 2036 2398 cessa-

457 2433 540 2488 bit
570 2435 649 2486 ira
680 2451 692 2486 :
723 2433 878 2487 furor
918 2443 1097 2488 autem
1135 2450 1288 2488 meus
1315 2449 1476 2504 super
1505 2415 1805 2489 consilium
1824 2450 2032 2489 eorum.

453 2523 524 2581 Ει
573 2527 857 2580 suscitabit
910 2527 1051 2580 Deus
1107 2543 1270 2595 super
1319 2542 1413 2580 eos
1469 2529 1767 2582 secundum
1822 2527 2036 2597 plagam

456 2621 690 2675 Madiatn
730 2624 782 2675 in
811 2621 928 2675 loco
963 2621 1324 2676 tribulationis
1356 2640 1367 2674 :
1395 2633 1449 2675 et
1483 2621 1634 2676 furor
1661 2622 1778 2691 ejus
1804 2622 1857 2676 iu
1893 2624 2036 2676 viam

451 2714 523 2767 ad
562 2727 734 2776 mare,
767 2715 820 2767 in
861 2713 1002 2766 viain
1055 2711 1293 2783 Egypti.
1328 2732 1346 2763 ›
1385 2711 1440 2766 Si
1477 2713 1697 2781 quidem
1729 2712 1884 2766 vobis
1913 2728 2034 2766 cum

459 2819 588 2874 rege
622 2814 804 2859 vestro
832 2802 1061 2857 Ezechia
1094 2805 1160 2856 ad
1201 2803 1479 2856 meliorem
1513 2801 1725 2872 frugem
1760 2811 2038 2856 reverten-

464 2895 632 2959 tibus,
660 2910 724 2950 ac
757 2894 924 2947 Deum
956 2892 1395 2963 agnoscentibus,
1424 2893 1722 2962 indignatio
1761 2907 1879 2946 mea
1906 2907 2038 2948 con-

461 2997 544 3040 tra
581 3001 677 3039 vos
713 2999 941 3038 accensa
990 2981 1263 3038 cessabit:
1295 2997 1377 3036 me
1407 2991 1586 3037 autem
1627 2992 1826 3037 vestrae
1871 2983 2034 3037 saluti

457 3075 860 3145 patrocinante,
899 3075 1155 3144 Assyrius
1194 3074 1424 3142 turpiter
1454 3089 1553 3144 per
1583 3082 1820 3129 vestram
1855 3077 2033 3146 regio-
2064 3110 2108 3172 ο

458 3183 605 3232 neut,
636 3180 841 3235 perque
881 3177 1093 3220 vestras
1137 3166 1299 3220 urbes
1331 3165 1522 3235 fugiet,
1561 3182 1591 3220 a
1621 3165 1744 3222 loco
1776 3168 1828 3221 in
1857 3167 2034 3222 locum

451 3272 578 3314 sese
611 3260 732 3328 fuga
769 3259 1096 3313 subduceus.

529 3374 694 3429 Villis.
722 3373 1026 3428 27-53.:Et
1059 3375 1164 3428 erit
1189 3373 1240 3426 in
1274 3374 1359 3428 die
1393 3373 1479 3427 illa
1511 3374 1822 3431 :auferetur
1845 3374 2034 3446 juguin

450 3472 572 3540 ejus
595 3472 665 3525 ab
706 3473 930 3525 humero
957 3478 1068 3534 tuo,
1097 3479 1149 3522 et
1184 3469 1346 3523 timor
1376 3469 1493 3539 ejus
1517 3485 1680 3540 super
1716 3479 1786 3537 te,
1823 3481 1878 3523 et
1912 3486 2039 3524 cur-

452 3575 738 3633 rumpetur
776 3563 962 3632 jugum
1014 3561 1082 3615 ab
1123 3562 1368 3617 humeris
1413 3563 1633 3616 vestris.
1669 3560 1862 3616 Veniet
1889 3563 2034 3618 enim

453 3658 508 3711 in
546 3659 818 3710 civitatein
850 3656 1041 3726 Angm,
1095 3663 1149 3708 et
1185 3653 1441 3708 transibit
1482 3655 1535 3708 in
1584 3654 1868 3726 Maggetlo,
1899 3665 1954 3709 et
1981 3656 2034 3710 in

451 3749 732 3804 Machmas
763 3755 932 3816 ponet
975 3761 1101 3800 vasa
1150 3761 1266 3799 sua.
1310 3745 1377 3798 Et
1431 3747 1684 3799 transibit
1730 3747 1948 3811 vallem,
1979 3757 2036 3802 et

448 3841 632 3896 veniet
680 3843 732 3894 in
784 3841 968 3910 Angac.
1002 3837 1192 3892 Timor
1223 3838 1598 3907 apprehendet
1625 3838 1792 3891 liama
1832 3839 2034 3892 civita-

452 3942 561 3987 tem
604 3931 758 3985 Sani.
803 3931 1001 4000 Fugiet
1047 3931 1158 3984 lilia
1203 3929 1424 3996 Gallint,
1457 3931 1708 3984 audietur
1735 3930 1784 3983 in
1822 3929 1982 3986 Laisa
2015 3947 2030 3986 :

453 4025 706 4078 audietur
741 4023 793 4075 iu
841 4022 1140 4074 Auathoth.
1191 4019 1256 4073 Et
1291 4021 1568 4088 obstupuit
1609 4018 1931 4087 Madebena,
1977 4031 2033 4074 et

451 4115 790 4172 habitatores
820 4113 1029 4167 Gibbir.
1065 4111 1433 4166 Cousolamini
1459 4112 1620 4167 hodie
1643 4113 1694 4166 in
1723 4113 1807 4167 via
1833 4125 1888 4166 ut
1920 4131 2035 4166 ma-

452 4222 599 4266 neat.
641 4207 1009 4264 Consolamini
1059 4222 1220 4260 manu
1267 4218 1528 4272 montem,
1565 4207 1731 4261 filiam
1782 4207 1937 4272 Sion,
1972 4218 2027 4262 et

449 4302 618 4358 colles
659 4303 711 4356 in
759 4299 1082 4356 Jerusalem.
1123 4299 1263 4354 Ecce
1307 4297 1620 4353 dominator
1651 4299 1914 4354 Dominus
1935 4297 2029 4353 Sa-

449 4393 616 4448 baoth
671 4391 1023 4447 conturbabit
1075 4391 1341 4461 gloriosos
1394 4405 1516 4444 cum
1572 4390 1916 4454 fortitudine,
1977 4402 2033 4444 et

451 4481 655 4536 excelsi
697 4480 891 4548 injuria
919 4488 1295 4546 conterentur,
1327 4489 1382 4534 et
1413 4478 1864 4534 humiliahnutur.
1892 4499 1909 4530 ›
1949 4479 2027 4533 Tu
2063 4464 2106 4518 Ῑ)

454 4574 674 4642 quippe,
705 4572 781 4625 ait
820 4571 911 4625 ille
950 4575 1205 4642 populum
1253 4587 1413 4625 suum
1466 4571 1770 4640 alloquens,
1809 4571 1947 4626 liber
1972 4582 2028 4624 et

451 4663 599 4718 onmi
641 4670 784 4714 metu
837 4676 1036 4715 vacuus
1070 4664 1217 4716 eris:
1253 4661 1347 4730 qui
1403 4676 1530 4716 vero
1568 4659 1833 4731 fugiebat,
1879 4662 2029 4731 prius

449 4755 627 4810 veniet
659 4754 715 4808 in
760 4753 1038 4808 civitatem
1083 4753 1279 4824 Angze;
1328 4753 1456 4806 inde
1485 4767 1613 4806 vero
1645 4753 1811 4808 alium
1860 4755 1914 4806 in
1956 4753 2030 4807 lo-

446 4863 572 4905 cum
621 4845 1036 4916 commigrabit;
1089 4845 1268 4914 ibique
1339 4844 1714 4917 defatigatus,
1776 4847 2028 4901 sarcinas

449 4949 612 5010 ponet
640 4953 769 4994 suas
801 4955 814 4990 :
850 4938 1044 4992 deinde
1080 4937 1243 4992 istinc
1284 4937 1391 4990 alio
1444 4938 1719 5002 transibit,
1756 4938 1898 4990 unde
1933 4953 2028 4992 ve-

448 5035 561 5088 niet
592 5033 644 5086 in
677 5031 866 5085 urbem
891 5045 1052 5100 quam
1091 5040 1292 5083 vocant
1323 5028 1506 5083 Saulis
1537 5047 1551 5082 :
1583 5041 1764 5098 postea
1797 5044 1929 5083 vero
1971 5030 2022 5083 iu

451 5127 616 5181 alium
645 5127 822 5183 locum
855 5145 869 5182 :
899 5137 1064 5198 atque
1094 5128 1173 5182 sic
1203 5127 1434 5196 turpiter
1456 5126 1522 5181 de
1553 5126 1731 5180 medio
1771 5124 2024 5188 tolletur;

448 5232 546 5271 vos
573 5229 752 5272 autem
779 5216 1217 5283 consolabimini,
1238 5226 1287 5270 et
1312 5215 1562 5270 so!atium
1584 5215 1887 5286 accipietis,
1920 5231 2022 5268 non

447 5310 677 5379 amplius
723 5310 1070 5381 Assyriorum
1115 5310 1247 5379 jugo
1277 5308 1498 5363 subditi.
1530 5307 1603 5363 Ut
1648 5311 1794 5363 enim
1846 5309 1912 5361 ab
1942 5308 2026 5361 iu-

446 5411 674 5470 gruente
708 5402 904 5470 illaque
948 5401 1100 5456 brevi
1137 5402 1487 5471 correptione
1529 5415 1636 5454 non
1671 5399 1902 5469 fugiant,
1929 5399 2020 5453 sed

421 5504 823 5561 permaneant,
876 5511 896 5545 ι
921 5492 1313 5559 Consolamiui,
1342 5513 1360 5546 ι
1404 5495 1503 5560 ait,
1555 5510 1574 5543 ι
1608 5491 1774 5546 filiam
1809 5491 1966 5560 Sion,
2000 5509 2018 5541 ι

445 5583 698 5638 videlicet
733 5585 1064 5641 habitatores
1095 5585 1422 5642 Jerusalem.

2143 1867 2452 1936 χρήσασθαι
2491 1867 2632 1920 κατά
2661 1866 2754 1920 σοῦ
2786 1868 2860 1938 μὴ
2891 1868 3076 1936 ἀγνόει
3097 1884 3109 1896 ο
3155 1867 3342 1938 ἐπειδὴ
3377 1866 3486 1938 γάρ
3516 1867 3583 1937 τῇ
3619 1865 3726 1936 ὁδῷ

2141 1959 2417 2028 Αἰγύπτου
2451 1960 2612 2030 πάλιν
2658 1960 2883 2014 σεαυτὸν
2929 1960 3258 2024 ἐκδέδωκας,
3311 1958 3727 2030 είδωλολατρείᾳ

2142 2022 2701 2122 προσεσχηκὼςξιατὰ
2722 2053 2848 2117 τοὺς
2884 2052 3110 2124 χρόνους
3147 2022 3331 2122 Ἀχάζ,
3352 2051 3542 2104 τούτου
3565 2022 3726 2121 χάριν

2140 2142 2286 2212 ὑμᾶς
2316 2146 2380 2212 τῇ
2411 2142 2592 2214 ῥάϐδῳ
2623 2141 2718 2195 τοῦ
2763 2142 3047 2214 Ἀσσυρίου
3093 2140 3452 2212 παραδέδωκα
3491 2141 3572 2204 είς
3617 2158 3723 2195 σω-

2140 2234 2440 2304 φρονισμὸν
2470 2234 2564 2286 καὶ
2583 2234 2941 2304 ἐπιστροφήν.

2215 2344 2234 2377 ι
2276 2327 2397 2379 Ἔτι
2430 2325 2538 2398 γὰρ
2568 2326 2763 2397 μικρὸν
2795 2329 2890 2380 καὶ
2914 2325 3183 2379 παύσεται
3215 2327 3247 2397 ἡ
3278 2326 3451 2397 ὀργή·
3483 2323 3592 2378 ὸδέ
3628 2323 3728 2378 θυ-

2142 2419 2240 2490 μός
2277 2436 2378 2489 μου
2413 2419 2506 2471 ἐπὶ
2535 2418 2634 2490 τὴν
2679 2418 2874 2490 βουλὴν
2902 2418 3104 2473 αὐτῶν.
3152 2420 3264 2474 Καὶ
3298 2422 3482 2490 ἐγερεῖ
3518 2422 3546 2473 6
3593 2417 3728 2482 Θεὸς

2138 2513 2225 2564 ἐπ’
2242 2511 2438 2574 αὑτοὺς
2453 2509 2592 2563 κατὰ
2607 2511 2706 2582 τὴν
2735 2509 2950 2580 πληγὴν
2972 2510 3200 2580 Μαδιάμ
3219 2512 3275 2562 ἐν
3297 2511 3450 2580 τόπῳ
3471 2510 3722 2580 θλίψεως·

2138 2600 2235 2654 καὶ
2266 2602 2294 2653 6
2328 2599 2497 2670 θυμὸς
2520 2599 2685 2652 αὑτοῦ
2719 2601 2785 2669 τῇ
2816 2597 2920 2668 ὁδῷ
2947 2603 3014 2670 τῇ
3040 2600 3185 2652 κατὰ
3208 2600 3508 2666 θάλασσαν,
3533 2603 3612 2663 είς
3628 2599 3727 2670 τὴν

2137 2691 2256 2745 ὁδὸν
2305 2692 2404 2763 τὴν
2453 2694 2579 2745 κατ’
2604 2693 2902 2761 Αἴγυπτον.
2942 2712 2959 2744 ι
3013 2691 3448 2746 Μεταϐαλόντων
3479 2691 3579 2760 μὲν
3609 2690 3721 2761 γὰρ

2139 2782 2296 2852 ὑμῶν
2328 2784 2422 2836 ἐπὶ
2449 2782 2518 2836 τὰ
2547 2785 2802 2855 κρείττω,
2850 2786 2944 2837 καὶ
2997 2784 3090 2839 τὸν
3133 2783 3268 2837 Θεὸν
3311 2781 3724 2851 ἐπεγνωκότων,

2141 2873 2256 2944 ἅμα
2281 2874 2358 2944 τῷ
2374 2875 2626 2946 ὑμετέρῳ
2651 2875 2862 2946 βασιλεῖ
2901 2876 3139 2948 Ἐζεκίᾳ.
3165 2878 3258 2929 καὶ
3289 2879 3322 2947 ἡ
3353 2875 3727 2947 ἀγανάκτησις

2143 2986 2244 3040 μου
2279 2970 2313 3039 ἡ
2357 2969 2479 3022 καθ’
2513 2969 2666 3040 ὑμῶν
2706 2969 3006 3023 παύσεταιο
3042 2969 3176 3042 ἐμοῦ
3217 2970 3272 3023 δὲ
3310 2971 3412 3040 τῆς
3453 2970 3725 3042 ὑμετέρας

2142 3060 2415 3132 σωτηρίας
2479 3059 2982 3132 ὑπερασπίζοντος,
3042 3059 3296 3128 φεύξεται
3353 3061 3381 3112 6
3442 3057 3727 3130 Ἀσσύριος

2140 3151 2486 3222 ἀσχημόνως,
2533 3151 2621 3205 διὰ
2659 3151 2760 3222 τῆς
2800 3151 3072 3222 ὑμετέρας
3105 3151 3289 3221 χώρας
3334 3150 3428 3202 καὶ
3479 3148 3569 3202 διὰ
3616 3146 3728 3204 τῶν

2141 3243 2422 3315 ὑμετέρων
2447 3243 2653 3298 πόλεων
2679 3243 2842 3298 τόπον
2874 3247 2937 3297 ἐκ
2959 3243 3126 3296 τόπου
3157 3242 3549 3314 διαδιδράσκων

2216 3393 2233 3425 ι
2273 3374 2382 3428 Καὶ
2419 3373 2568 3428 ἔσται
2612 3375 2669 3428 ἐν
2713 3377 2779 3446 τῇ
2816 3375 3004 3446 ἡμέρᾳ
3055 3374 3261 3446 ἐκείνῃ,
3293 3372 3725 3444 ἀφαιρεθήσεται

2139 3465 2349 3534 ὁζυγὸς
2379 3466 2545 3520 αὑτοῦ
2581 3467 2687 3520 ἀπὸ
2715 3468 2810 3520 τοῦ
2849 3466 2998 3538 ὤμου
3036 3484 3152 3530 σου,
3184 3467 3278 3520 καὶ
3305 3467 3334 3518 6
3359 3467 3522 3534 φόϐος
3559 3463 3725 3519 αὑτοῦ

2138 3557 2230 3609 ἐπὶ
2255 3555 2372 3620 σοῦ,
2409 3557 2501 3610 καὶ
2535 3557 3016 3629 καταφθαρήσεται
3039 3558 3067 3609 6
3095 3556 3259 3626 ζυγὸς
3289 3557 3397 3610 ἀπὸ
3428 3556 3537 3610 τῶν
3559 3555 3726 3626 ὤμων

2140 3649 2314 3719 ὑμῶν.
2345 3648 2502 3713 ’Ἥξει
2535 3649 2644 3722 γὰρ
2670 3651 2750 3713 είς
2771 3649 2870 3720 τὴν
2897 3649 3052 3702 πόλιν
3094 3649 3306 3718 Ἀγγαὶ,
3342 3649 3436 3702 καὶ
3463 3648 3726 3720 παρελεύ-

2141 3757 2294 3794 σεται
2322 3741 2401 3804 sic;
2439 3739 2731 3808 Μαγγεδὼ,
2764 3741 2858 3793 καὶ
2889 3743 2946 3794 ἐν
2972 3741 3214 3812 Μαχμάς
3259 3739 3414 3812 θήσει
3442 3739 3509 3793 τά
3554 3739 3723 3812 σκεύη

2136 3831 2323 3889 αὑτοῦ.
2385 3832 2497 3886 Καὶ
2531 3832 2928 3904 παρελεύσεται
2968 3835 3262 3905 φάραγγα,
3321 3833 3414 3885 καὶ
3460 3832 3580 3903 ἥξει
3645 3834 3726 3895 είς

2149 3922 2363 3990 Ἀγγαί.
2385 3921 2552 3985 Φόϐος
2583 3922 2814 3993 λήψεται
2859 3922 3040 3994 Ῥαμὰ
3064 3923 3220 3976 πόλιν
3241 3922 3432 3976 Σαούλ.
3463 3923 3723 3988 Φεύξεται

2136 4013 2384 4086 θυγάτηρ
2415 4013 2687 4083 Γαλλείμ·
2726 4013 3093 4068 ἐπακούσεται
3141 4016 3200 4069 ἐν
3244 4016 3444 4081 Λαῖσά,
3477 4014 3721 4068 ἐπακού-

2137 4129 2288 4166 σεται
2322 4114 2378 4165 ἐν
2408 4112 2667 4168 Ἀναθὼθ.
2702 4114 2809 4166 Καὶ
2830 4113 3022 4184 ἐξέστη
3052 4113 3366 4185 Μαδεϐηνὰ,
3391 4116 3484 4167 καὶ
3516 4117 3564 4168 οξ
3587 4132 3721 4180 κατ-

2135 4204 2412 4268 οικοῦντες
2454 4203 2696 4276 Γιϐϐείρ.
2728 4205 3102 4276 Παρακαλεῖτε
3139 4207 3377 4276 σήμερον
3407 4208 3462 4259 ἐν
3493 4206 3599 4276 ὁδῷ
3628 4205 3721 4259 τοῦ

2138 4298 2337 4366 μεῖναι.
2381 4295 2762 4367 Παρακαλεῖτε
2795 4300 2862 4368 τῇ
2892 4297 3037 4368 χειρὶ
3067 4298 3127 4350 τὺ
3159 4298 3284 4369 ὅρος
3307 4298 3405 4370 τὴν
3445 4299 3722 4371 θυγατέρα

2134 4386 2292 4448 Σιὼν,
2328 4387 2423 4440 καὶ
2453 4389 2503 4440 oi
2537 4387 2716 4457 βουνοί
2745 4389 2793 4441 oi
2820 4390 2876 4440 ἐν
2907 4388 3277 4460 Ἰερουσαλήμ.
3315 4389 3444 4443 Ἰδοὺ
3476 4392 3504 4443 6
3531 4390 3724 4445 δεσπό-

2132 4494 2232 4548 της
2252 4477 2455 4549 Κύριος
2489 4477 2715 4532 Σαϐαὼθ
2747 4480 3105 4550 συνταράσσει
3131 4482 3258 4544 τοὺς
3287 4481 3530 4546 ἐνδόξους
3584 4483 3722 4554 μετὰ

2139 4569 2346 4639 ἰσχύος·
2390 4571 2486 4623 καὶ
2517 4571 2565 4623 οἱ
2594 4570 2788 4641 ὑψηλοὶ
2819 4573 2882 4643 τῇ
2913 4571 3071 4644 ῦϐρει
3118 4573 3588 4644 συντριϐήσονται,
3626 4575 3720 4629 καὶ

2134 4662 2653 4734 ταπεινωθήσονται.
2688 4681 2705 4713 ι
2735 4664 2806 4716 Σὺ
2843 4665 2942 4734 μὲν
2968 4660 3083 4730 οὖν,
3125 4665 3288 4737 φησὶν
3313 4666 3450 4737 πρὸς
3480 4665 3571 4718 τὸν
3592 4665 3720 4720 λαὸν

2134 4753 2322 4816 αὑτοῦ,
2362 4754 2462 4827 ἔσῃ
2494 4754 2781 4827 ἐλεύθερος
2811 4757 2904 4810 καί⁵
2931 4758 3131 4820 παντὸς
3161 4757 3582 4828 ἀπηλλαγμένος
3625 4757 3722 4828 φό-

2133 4846 2230 4899 ϐου
2250 4864 2262 4876 ·
2297 4848 2326 4899 6
2360 4847 2416 4900 δὲ
2456 4848 2696 4917 φεύγων,
2734 4847 2998 4920 πρότερον
3035 4849 3136 4919 μὲν
3165 4849 3288 4919 ἥξει
3321 4851 3402 4912 είς
3433 4850 3534 4920 τὴν
3567 4848 3719 4903 πόλιν

2145 4937 2337 5005 Ἀγγαί
2357 4955 2370 4967 ’
2411 4933 2529 4991 εἷτα
2561 4938 2769 4991 ἐκεῖθεν
2794 4938 3188 5010 παρελεύσεται
3211 4941 3290 5002 είς
3319 4940 3504 5011 ἕτερον
3530 4939 3715 5002 τόπον,

2133 5032 2226 5084 καὶ
2248 5030 2552 5102 ἀποκαμὼν
2601 5031 2834 5085 ἐνταῦθα
2867 5033 2935 5085 τὰ
2962 5031 3130 5102 σκεύη
3151 5030 3317 5084 αὑτοῦ
3348 5031 3680 5104 ἀποϐήσεται
3699 5048 3711 5060 ·

2131 5122 2321 5175 ἔπειτα
2353 5122 2670 5193 διαϐήσεται
2726 5123 2975 5177 ἐντεῦθεν
3019 5123 3284 5194 ἀλλαχοῦο
3337 5123 3590 5177 κάκεῖθεν
3636 5128 3717 5189 είς

2130 5215 2231 5286 τὴν
2276 5216 2613 5287 καλουμένην
2673 5217 2827 5269 πόλιν
2871 5216 3073 5269 Σαούλο
3113 5211 3231 5269 εἶτα
3273 5219 3353 5280 εἰς
3407 5217 3593 5290 ἕτερον
3627 5220 3716 5272 τό-

2133 5324 2265 5359 πον·
2324 5310 2417 5361 xui
2475 5307 2649 5371 οὕτως
2705 5307 3058 5379 ἀσχημονῶν,
3119 5309 3334 5379 ἀφανὴς
3390 5311 3713 5381 γενήσεται·

2132 5399 2287 5470 ὑμεῖς
2310 5401 2366 5454 δὲ
2389 5399 2941 5474 παρακαληθήσεσθε,
2960 5402 3054 5454 καὶ
3073 5401 3423 5472 παραμυθίας
3438 5402 3714 5470 τεύξεσθε,

2133 5494 2328 5565 μηκέτι
2372 5495 2721 5565 ὑποκείμενοι
2758 5493 2837 5564 τῷ
2859 5492 3007 5564 ζυγῷ
3040 5493 3146 5546 τῶν
3188 5494 3507 5566 Ἀσσυρίων.
3546 5494 3715 5566 ’Υπὲρ

2130 5583 2236 5658 γὰρ
2263 5587 2359 5640 τοῦ
2394 5589 2468 5660 μὴ
2505 5587 2729 5656 φεύγειν
2763 5587 2857 5640 καὶ
2891 5591 3179 5660 καρτερεῖν
3211 5587 3311 5659 τὴν
3348 5586 3485 5658 πρὸς
3533 5585 3716 5654 ὀλίγον

444 5674 877 5746 επελευσομένην
928 5676 1194 5743 παιδείαν,
1246 5695 1263 5728 ι
1317 5673 1728 5745 Παρακαλεῐτε,
1777 5692 1796 5723 ι
1847 5673 2014 5744 φησὶ,
2061 5690 2082 5727 ι
2117 5674 2218 5745 τὴν
2252 5675 2524 5747 θυγατέρα
2588 5677 2748 5742 Σιὼν,
2780 5697 2798 5730 ι
2867 5677 3068 5752 δηλαδὴ
3100 5678 3227 5742 τοὺς
3266 5676 3609 5744 ἐνοικοῦντας
3647 5679 3713 5750 τῇ

473 5771 520 5820 ιε
529 5783 623 5839 ρου
631 5763 764 5836 σαλή
773 5781 831 5834 μ.
