4118 6378
338 357 441 411 169

335 580 424 628 νος
448 566 543 619 σὺν
580 565 680 628 τοῖς
719 562 938 635 ὑψηλοῖς
979 567 1244 618 πεσεῖται.
1281 585 1299 617 ι
1334 567 1473 638 Ὅρα
1507 565 1563 619 δέ
1595 582 1712 637 μοι,
1744 566 1903 627 ὅσους

337 655 430 708 καὶ
457 652 645 717 ὁσάκις
685 653 919 726 ὑψηλοὺς
946 655 1225 725 ὠνόμασεν
1247 672 1261 685 ·
1295 648 1368 707 ὧν
1414 654 1473 707 τὸ
1513 654 1767 725 σύστημα
1823 653 1903 722 τῷ

336 744 571 815 Λιϐάνῳ,
608 746 700 798 καὶ
731 748 851 810 ταῖς
883 748 938 800 ἐν
964 745 1111 816 αύτῷ
1138 746 1497 815 ύψηλοτάταις
1523 746 1735 816 κέδροις
1794 746 1901 812 ἀφ-

334 841 525 908 ομοιοῖ.
545 838 635 891 Διὸ
662 838 874 910 εἴρηται
895 837 1156 908 ἀλλαχοῦ·
1196 857 1213 889 ι
1248 834 1398 891 Εἶδον
1416 836 1507 891 τὸν
1534 837 1705 909 ἀσεϐῆ
1736 836 1905 907 ὑπερ-

336 930 633 1003 υψούμενον
708 931 801 984 καὶ
871 930 1225 1001 ἐπαιρόμενον
1264 931 1339 994 ὡς
1392 930 1491 993 τὰς
1548 929 1769 998 κέδρους
1810 928 1903 982 τοῦ

332 1021 564 1075 Λιϐάνου
589 1038 601 1050 ·
654 1039 674 1074 ι
708 1023 801 1076 καὶ
852 1022 910 1074 ὲν
956 1022 1125 1093 ἑτέρῳ
1174 1012 1369 1075 πάλινο
1413 1041 1432 1074 ι
1458 1056 1459 1059 η
1487 1022 1640 1091 Φωνὴ
1696 1020 1903 1093 Κυρίου

334 1110 709 1183 συντρίϐοντος
762 1112 1007 1184 κέδρους,
1061 1113 1157 1166 καὶ
1210 1112 1483 1182 συντρίϐει
1533 1112 1736 1182 Κύριος
1806 1110 1905 1173 τὰς

334 1203 555 1276 κέδρους
604 1203 695 1256 τοῦ
740 1204 1002 1258 Λιϐάνου’
1056 1205 1150 1259 καὶ
1180 1206 1431 1259 λεπτυνεί
1473 1203 1641 1268 αὑτὰς
1685 1203 1761 1267 ώς
1812 1202 1905 1256 τὸν

337 1296 536 1367 μόσχον
563 1294 654 1349 τὸν
681 1294 924 1349 Λίϐανον.
969 1315 988 1348 ι

852 1388 1247 1441 ΚΕΦΑΛΑῘΟΝ
1286 1389 1388 1441 IA'.

413 1499 432 1532 ι
472 1481 585 1533 Kal
635 1478 970 1547 ἐξελεύσεται
1015 1480 1207 1550 ῥάϐδος
1237 1481 1299 1532 ὲκ
1343 1479 1441 1550 τῆς
1475 1478 1631 1550 ῥίζης
1673 1475 1901 1539 Ἰεσσαὶ,

336 1571 430 1624 καὶ
485 1570 644 1633 ἀνθος
703 1572 768 1623 ὲκ
816 1571 915 1639 τῆς
954 1569 1122 1641 ῥίζης
1172 1568 1519 1640 ἀναϐήσεται.
1570 1589 1586 1621 ι
1635 1568 1759 1630 Πῶς
1794 1567 1903 1620 τῶν

335 1660 749 1732 προειρημένων
784 1660 1037 1713 ἁπάντων
1070 1660 1222 1713 ἔσται
1261 1659 1519 1730 συντριϐὴ
1552 1657 1645 1711 καλ¹
1673 1658 1899 1721 πτῶσις,

335 1753 664 1823 παρίστησιν
708 1752 864 1821 ἑξῆς,
912 1753 976 1804 ἐκ
1023 1751 1178 1822 ῥίζης
1233 1752 1430 1805 Ἰεσσαὶ
1479 1750 1901 1822 προελεύσεσθαι

338 1842 529 1897 ὸάϐδον
557 1842 828 1907 θεσπίζων
846 1860 859 1872 ·
893 1844 1015 1912 ἥτις
1040 1842 1251 1913 ῥάϐδος,
1282 1842 1490 1906 πάντας
1512 1842 1636 1905 τοὺς
1671 1840 1906 1911 ὑψηλοὺς

335 1932 689 2005 συντρίψασα,
752 1932 1101 1987 ταπεινώσει.
1152 1933 1242 1985 Διὸ
1299 1930 1696 2003 ὲπισυνῆπται·
1737 1950 1755 1982 ι
1799 1930 1907 1983 Kal

335 2022 675 2092 ἐξελεύσεται
712 2024 908 2098 ῥάϐδος
934 2026 997 2078 ἐκ
1029 2025 1127 2094 τῆς
1169 2024 1323 2095 ῥίζης
1364 2024 1581 2077 Ἰεσσαί.
1617 2044 1634 2076 ι
1684 2023 1829 2077 Ἀντί
1849 2022 1905 2076 δὲ

333 2114 450 2181 τοῦ,
493 2136 510 2168 ι
547 2119 612 2171 ὲκ
641 2116 739 2188 τῆς
768 2116 945 2189 ῥίζης,
978 2136 996 2169 ι
1025 2145 1093 2155 ——
1126 2135 1144 2167 ι
1184 2116 1293 2169 ἀπὸ
1316 2114 1522 2188 κορμοῦ
1545 2136 1562 2168 ι
1603 2114 1907 2187 συμφώνως

335 2206 686 2278 ἡρμήνευσαν
732 2209 779 2260 οἱ
809 2204 1005 2260 λοιποί.
1052 2205 1162 2259 Kal
1206 2206 1315 2277 γὰρ
1363 2200 1497 2276 ἧνή
1546 2206 1685 2277 φυλὴ
1739 2206 1834 2259 καὶ
1874 2205 1908 2277 ἡ

339 2296 543 2366 πατριά
573 2296 629 2363 ἐξ
652 2293 719 2368 ἦς
743 2296 1010 2368 προῆλθεν
1034 2298 1062 2349 6
1093 2297 1303 2367 Σωτὴρ,
1337 2295 1521 2366 ὥσπερ
1553 2313 1639 2359 τις
1670 2296 1905 2367 κορμὸς,

341 2391 538 2462 μηκέτι
580 2391 804 2455 κλάδους
847 2390 1006 2461 ἔχων,
1044 2390 1131 2443 διὰ
1172 2389 1232 2443 τὸ
1264 2389 1633 2444 ἐκλελοιπέναι
1668 2391 1795 2454 τοὺς
1844 2390 1908 2443 ἐκ

335 2482 587 2553 διαδοχῆς
642 2481 803 2537 Δαυῒδ
836 2484 1089 2554 βασιλέας
1140 2482 1274 2554 μετὰ
1323 2484 1422 2555 τὴν
1476 2485 1555 2547 είς
1603 2480 1899 2536 Βαϐυλῶνα

336 2573 741 2643 αἰχμαλωσίανο
787 2574 866 2627 διό
916 2591 1002 2645 μοι
1058 2575 1204 2626 δοκεῖ
1235 2575 1438 2645 κορμὸς
1482 2572 1794 2644 ὠνομάσθαι
1848 2572 1911 2625 τὸ

334 2666 474 2718 κατά
507 2665 684 2735 σάρκα
716 2664 871 2733 γένος
886 2666 979 2718 τοῦ
996 2664 1181 2729 Δαυῖδ,
1209 2658 1268 2717 οὗ
1286 2667 1315 2719 6
1332 2664 1513 2736 πατὴρ
1538 2660 1604 2736 ἦν
1632 2666 1660 2718 ό
1692 2662 1907 2718 Ἰεσσαί.

336 2755 439 2811 Τὸν
488 2758 677 2828 χρόνον
718 2758 898 2811 τοίνυν
954 2758 1074 2811 καθ’
1105 2756 1165 2811 δν
1212 2758 1278 2811 τὰ
1329 2756 1705 2830 προειρημένα
1733 2756 1907 2820 ἔσται,

334 2847 620 2917 παριστὰς,
674 2850 928 2903 συνάπτει
962 2848 1058 2920 τὴν
1084 2850 1163 2913 εἰς
1190 2848 1509 2920 ἀνθρώπους
1544 2848 1773 2920 πάροδον
1812 2849 1907 2902 τοῦ

332 2937 568 3010 Χριστοῦ
605 2938 811 3010 σφόδρα
849 2939 1139 3010 εὐκαίρως.
1201 2939 1415 3011 Ἐπειδὴ
1454 2939 1564 3011 γὰρ
1598 2938 1913 3011 προεδίδαξε

332 3028 417 3081 διὰ
452 3028 557 3081 τῶν
590 3029 897 3101 ἱμπροσθεν
936 3029 1003 3083 τά
1038 3030 1293 3103 περὶτῆς
1326 3032 1389 3084 ὲκ
1410 3030 1685 3102 Παρθένου
1721 3032 1913 3099 γεννή-

334 3136 488 3183 σεως.
512 3120 610 3184 τάς
634 3138 692 3174 τε
717 3122 1038 3193 ἐπωνύμους
1062 3122 1428 3193 προσηγορίας
1461 3120 1568 3174 τῶν
1593 3121 1909 3193 ὲπινοουμι-
1938 3158 1979 3216 c

335 3229 439 3265 νων
468 3214 524 3264 ἐν
542 3212 690 3283 αὐτῷ
716 3213 1017 3284 δυνάμεων,
1049 3213 1358 3277 ἀκολούθως
1394 3213 1485 3266 ἐπὶ
1506 3212 1597 3266 τοῦ
1620 3213 1905 3283 παρόντος,

336 3298 397 3364 ἐξ
434 3301 618 3355 ὁποίου
652 3302 859 3371 γένους,
904 3305 999 3357 κα)⁸
1053 3304 1213 3367 ποίας
1261 3304 1437 3374 φυλῆς
1495 3304 1907 3377 προελεύσεται,

334 3390 495 3443 ὁποῖά
525 3408 584 3444 τε
612 3392 946 3465 κατορθώσει
982 3396 1015 3467 ἡ
1054 3396 1134 3458 εἰς
1184 3394 1505 3467 ἀνθρώπους
1561 3397 1724 3451 αὑτοῦ
1766 3398 1908 3469 πάρ-

334 3480 473 3546 οδος,
508 3488 908 3554 προαναφωνεϊ.

411 3595 429 3629 ι
476 3578 585 3631 Kal
623 3578 993 3633 ἀναπαύσεται
1026 3579 1113 3633 δπ⁹
1138 3580 1303 3635 αὐτὸν
1342 3579 1569 3653 Πνεῦμα
1607 3578 1701 3635 τοῦ
1746 3580 1905 3644 Θεοῦ,

335 3669 552 3741 πνεῦμα
602 3670 793 3740 σοφίας
843 3672 934 3725 καὶ
986 3674 1272 3737 συνέσεως,
1325 3673 1545 3742 πνεῦμα
1587 3672 1908 3744 βουλῆςκαὶ

337 3762 538 3833 ίσχύος,
584 3762 802 3835 πνεῦμα
832 3762 1087 3832 γνώσεως
1130 3766 1225 3818 καὶ
1269 3766 1582 3829 εὐσεϐείας·
1634 3765 1907 3837 ἐμπλήσει
1946 3820 1957 3827 ,

334 3853 495 3907 αὑτὸν
515 3854 733 3924 πνεῦμα
762 3855 927 3924 φόϐου
953 3854 1110 3909 Θεοῦ.
1129 3856 1205 3909 Ού
1222 3856 1364 3909 κατὰ
1387 3855 1484 3927 τὴν
1512 3854 1668 3921 δόξαν
1695 3857 1903 3927 κρινεῖ,

332 3943 451 3997 οὐδὲ
480 3948 619 3999 κατά
656 3948 756 4015 τὴν
799 3944 988 3997 λαλιὰν
1024 3944 1248 4012 ἐλέγξει.
1291 3964 1308 3996 ι
1340 3943 1563 4016 Εὖροιεν
1605 3946 1714 4018 γάρ
1750 3946 1814 3999 ἂν
1855 3946 1905 3999 οἱ

334 4033 577 4097 θέλοντες
594 4036 742 4098 ὅπως
759 4036 788 4087 6
813 4035 1003 4107 Σωτὴρ
1025 4034 1182 4104 ἡμῶν
1212 4036 1305 4087 καὶ
1330 4034 1534 4107 Κύριος
1559 4036 1618 4088 οὐ
1646 4036 1786 4089 κατά
1809 4037 1907 4109 τὴν

1267 354 1760 412 COMMENTARIA
1807 354 1871 407 IN
1915 352 2164 408 ISAIAM.
2209 386 2271 394 —
2313 352 2462 410 CAP.
2507 351 2598 408 XI.

412 488 432 523 ι
472 470 580 524 Καὶ
612 468 898 527 πεσοῦνται
932 473 978 524 οί
1019 472 1210 543 ὑψηλοὶ
1253 472 1522 545 μαχαίρᾳο
1562 476 1590 527 6
1622 473 1677 526 δὲ
1728 472 1895 526 Λίϐα-

2074 469 2233 524 Vsas.
2267 468 2355 524 34.
2393 486 2410 519 ι
2441 468 2503 522 Et
2564 467 2754 522 cadent
2800 470 2997 523 excelsi
3048 468 3220 537 gladio

3476 355 3577 408 170

3301 507 3314 521 .
3340 464 3578 526 Libanus

2008 568 2189 614 autem
2224 573 2344 614 cum
2376 558 2602 613 excelsis
2635 561 2814 612 cadet.
2846 580 2864 608 ι
2908 558 3038 613 Vide
3066 559 3197 612 mihi
3244 572 3405 627 quam
3433 575 3576 629 stepe

2006 661 2058 704 et
2090 650 2301 719 quoties
2328 648 2574 704 excelsos
2608 649 2871 713 nominet,
2898 664 3127 720 quorum
3162 660 3363 705 emtum
3407 650 3575 705 Liba-

2007 757 2077 795 no
2098 750 2152 795 et
2178 740 2296 808 ejus
2318 738 2594 793 altissimis
2620 740 2797 794 cedris
2827 741 3058 796 similem
3091 740 3241 795 dicit.
3283 739 3465 807 Quare
3492 740 3576 794 di-

2006 843 2151 887 ctum
2204 840 2287 886 est
2339 830 2465 885 alibi
2493 831 2577 883 "z
2614 850 2630 881 ι
2666 829 2782 885 \‘idi
2821 832 3041 901 impium
3076 831 3574 900 superexaltatum.

2004 933 2061 978 et
2104 922 2370 977 elevatum
2422 922 2562 977 sicut
2608 923 2799 975 cedrus
2850 918 3074 987 Libani;
3105 940 3125 973 ι
3189 930 3244 977 et
3288 922 3421 976 alias
3476 922 3577 975 ite-

2007 1030 2123 1068 rum
2147 1014 2191 1045 ⁶³
2223 1029 2237 1064 :
2272 1031 2289 1063 ι
2330 1009 2445 1066 Vox
2473 1012 2679 1066 Domini
2710 1013 3102 1085 confringentis
3132 1014 3346 1080 cedros,
3372 1024 3426 1067 et
3458 1028 3581 1067 con-

2007 1104 2196 1173 fringit
2249 1102 2503 1157 Dominus
2537 1102 2729 1156 cedros
2763 1101 2951 1156 Libani
2983 1120 2996 1156 :
3028 1110 3082 1157 et
3115 1104 3447 1158 comminuet
3484 1116 3580 1156 eas

2008 1204 2262 1264 tanquam
2288 1195 2510 1249 vitulum
2542 1192 2823 1248 Libanum.
2854 1212 2871 1245 ι

2619 1376 2852 1434 CAPUT
2890 1375 2981 1433 XI.

2079 1469 2243 1527 Vens.
2264 1473 2316 1527 l.
2359 1489 2377 1524 ι
2409 1470 2476 1527 Et
2500 1470 2810 1540 egredietur
2833 1471 2978 1541 virga
3006 1471 3073 1526 de
3109 1472 3291 1526 radice
3312 1472 3499 1541 .lessar,
3529 1484 3586 1535 et

2005 1561 2103 1618 llos
2151 1565 2215 1619 de
2263 1565 2446 1619 radice
2498 1564 2778 1617 ascendet.
2803 1581 2820 1614 ι
2859 1561 2976 1628 Quo
3004 1573 3160 1633 pacto
3192 1565 3583 1634 prredictorum

2006 1657 2249 1710 omnium
2279 1656 2537 1710 contritio
2568 1664 2623 1710 et
2656 1654 2808 1708 ruina
2851 1655 3029 1708 futura
3068 1654 3139 1709 sit
3182 1656 3377 1711 deinde
3416 1658 3586 1717 decla~

2011 1755 2133 1809 rat;
2164 1762 2228 1800 ex
2262 1746 2453 1799 radice
2499 1744 2665 1799 Jesste
2700 1745 3033 1814 prodituram
3064 1744 3269 1816 virgam
3301 1762 3422 1801 esse
3452 1748 3587 1802 vati‘

1942 1812 1982 1869 Β
2013 1837 2204 1892 cinans
2236 1855 2248 1892 :
2279 1854 2398 1908 qua:
2422 1838 2569 1908 virga
2608 1852 2800 1893 oumcs
2840 1837 3099 1893 sublimes
3135 1849 3379 1894 c0uteret
3408 1850 3463 1895 et
3489 1842 3587 1894 hu-

2014 1928 2264 1984 ntiliabit.
2318 1929 2496 1995 Quare
2551 1926 2776 1982 subdit:
2814 1946 2831 1978 ι
2866 1928 2929 1983 Ει
2980 1931 3295 2000 egredietur
3326 1932 3478 2003 virga
3521 1932 3586 1987 de

2014 2020 2192 2076 radice
2227 2019 2412 2075 Jessm.
2448 2039 2466 2074 ι
2506 2020 2611 2074 Pro
2648 2021 2739 2075 illo
2782 2031 2980 2084 autem,
3016 2040 3035 2074 ι
3092 2022 3158 2078 de
3216 2024 3418 2090 radice,
3444 2044 3463 2077 ι
3499 2041 3585 2081 re-

2012 2112 2144 2181 liqui
2208 2126 2399 2167 omnes
2455 2112 2804 2183 interpretes,
2858 2130 2934 2167 ra
2972 2125 3164 2170 trunco
3196 2133 3214 2168 ι
3283 2127 3584 2173 verterunt.

2012 2203 2228 2260 Etenim
2280 2204 2453 2259 trihus
2498 2214 2553 2259 et
2600 2204 2824 2270 l‘arttilia,
2860 2221 3055 2277 exqua
3089 2207 3338 2263 Salvator
3360 2211 3583 2279 prodiit,

2014 2310 2110 2349 ceu
2146 2295 2367 2364 quidam
2404 2306 2627 2351 truncus
2656 2305 2791 2363 erat,
2833 2297 2919 2365 qui
2951 2298 3185 2352 nondum
3229 2313 3410 2355 ramos
3451 2302 3587 2355 etni-

2015 2396 2187 2450 serat,
2218 2386 2344 2456 quia
2373 2396 2492 2456 post
2544 2388 2918 2457 captivitatem
2949 2389 3000 2442 in
3024 2387 3323 2461 Babylone,
3353 2406 3421 2445 ex
3455 2406 3585 2447 sur.-

2012 2478 2263 2533 cessione
2320 2476 2535 2534 Davidis
2585 2494 2743 2549 reges
2794 2479 3145 2547 defecerant;
3205 2479 3330 2535 ideo
3373 2480 3586 2536 videtur

2014 2567 2146 2623 mihi
2188 2578 2411 2623 truncus
2442 2570 2624 2623 vocari
2673 2585 2844 2639 genus
2894 2570 3115 2624 Davidis
3141 2570 3444 2627 secundum
3471 2586 3585 2627 car-

2014 2674 2157 2722 nem,
2189 2659 2343 2729 cujus
2384 2670 2540 2728 pater
2568 2670 2687 2714 erat
2728 2658 2917 2715 Jessze.
2968 2660 3202 2731 Tempus
3258 2661 3442 2732 itaque
3479 2677 3587 2732 quo

2018 2750 2105 2804 illa
2139 2751 2293 2821 prius
2324 2760 2626 2805 memorata
2684 2750 2860 2806 futura
2899 2761 3028 2807 sunt
3060 2752 3367 2819 declarans,
3398 2756 3586 2809 admo-

2020 2841 2147 2895 dum
2176 2851 2482 2911 opportune
2510 2842 2710 2897 Christi
2739 2842 2807 2897 ad
2848 2842 3095 2899 homines
3128 2846 3417 2899 adventum
3458 2844 3586 2899 sub-

2009 2934 2210 3005 jungit.
2240 2934 2375 3000 Quia
2422 2934 2566 2989 enim
2623 2935 2676 2988 iu
2708 2936 3134 3004 praecedentibus
3160 2950 3225 2991 ea
3251 2950 3371 3006 qua
3396 2937 3464 2991 ad
3494 2951 3586 2991 or‘

2016 3035 2125 3080 tum
2155 3041 2219 3079 ex
2258 3025 2478 3097 Virgine
2523 3025 2845 3097 spectabant
2888 3026 3204 3094 edocuerat,
3235 3036 3399 3099 atque
3425 3043 3582 3085 voca—

2017 3119 2144 3173 bula
2180 3119 2547 3189 iutelligibilcs
2592 3120 2711 3190 ejus
2759 3120 2989 3175 virtutes
3018 3119 3311 3175 indicantia
3355 3122 3585 3193 prbtulc-

2014 3219 2131 3278 rat;
2162 3219 2558 3282 consequenter
2585 3213 2638 3266 in
2670 3212 2921 3282 praesenti
2952 3227 3058 3281 quo
3086 3228 3152 3269 ex
3199 3228 3396 3285 genere
3424 3223 3481 3269 et
3513 3228 3582 3269 es

2013 3318 2118 3371 qua
2152 3303 2319 3367 tribu,
2356 3319 2476 3374 qua:
2531 3319 2696 3375 Opera
2758 3305 2875 3375 ejus
2922 3306 2991 3360 ad
3046 3304 3294 3362 homines
3321 3307 3586 3363 adventus

2010 3396 2256 3452 editurus
2287 3398 2380 3465 sit,
2404 3399 2752 3467 przeuuntiat.

2080 3578 2245 3634 Vens.
2278 3580 2332 3646 2,
2364 3580 2417 3636 5.
2459 3601 2476 3635 ι
2508 3580 2570 3638 Et
2615 3584 2917 3653 requiescet
2972 3598 3134 3654 super
3176 3598 3301 3639 eum
3349 3581 3583 3655 Spiritus

2012 3671 2133 3737 Dei,
2186 3673 2409 3740 spiritus
2469 3674 2749 3739 sapientiae
2790 3686 2845 3729 et
2901 3675 3296 3744 intelligentia,
3349 3676 3579 3745 spiritus

2009 3762 2224 3819 consilii
2252 3772 2307 3817 et
2340 3762 2695 3821 fortitudinis.
2725 3764 2949 3833 Spiritus
2976 3765 3216 3821 scientia:
3253 3776 3308 3819 et
3341 3768 3583 3835 pietatis.

2010 3854 2259 3923 Replebit
2287 3868 2411 3908 eum
2461 3853 2685 3924 spiritus
2739 3856 2948 3911 timoris
2979 3854 3097 3911 Dei.
3137 3854 3253 3911 Non
3284 3857 3504 3912 secundi
3529 3873 3570 3911 σι

2008 3945 2319 4014 opinionem
2368 3944 2669 4010 iudicabit,
2723 3960 2900 4014 neque
2964 3948 3260 4001 secundum
3314 3946 3583 4018 loquelam

2006 4042 2265 4103 arguet.»
2318 4034 2502 4090 Cuivis
2558 4034 2757 4089 volenti
2817 4035 2980 4091 facile
3026 4046 3110 4092 est
3170 4038 3581 4107 deprehendere

331 4123 487 4187 δόξαν
514 4124 715 4195 ἔκρινε.
744 4125 985 4197 Μηδενὸς
1007 4124 1114 4195 γὰρ
1133 4124 1420 4195 πρόσωπον
1446 4125 1737 4196 λαμϐάνων
1768 4126 1902 4197 (16),

2008 4140 2116 4194 quo
2142 4134 2301 4194 pacto
2326 4124 2581 4180 Salvator
2608 4137 2663 4181 et
2700 4123 2964 4183 Dominus
2996 4139 3202 4193 noster,
3242 4145 3348 4184 non
3381 4143 3581 4184 secun-

333 4214 527 4286 ῆλεγχε
555 4217 651 4269 σὺν
676 4217 958 4288 παρῥησία
988 4215 1155 4287 πολλῇ
1189 4215 1319 4268 ποτὲ
1355 4216 1454 4287 μὲν
1485 4217 1611 4280 τοὺς
1634 4232 1887 4289 γραμμαι

2008 4217 2130 4271 dum
2160 4217 2471 4287 opinionem
2503 4216 2805 4295 judicabat.
2858 4218 3064 4275 Nullius
3115 4222 3258 4275 enim
3292 4235 3577 4290 personant

328 4310 439 4371 τετς
464 4308 557 4361 καὶ
580 4309 926 4379 Φαρισαίους,
964 4308 1092 4361 ποτὲ
1125 4308 1181 4361 δὲ
1208 4310 1333 4371 τοὺς
1366 4310 1642 4383 ἀρχιερεῖς
1662 4309 1806 4364 ἔνδον
1844 4312 1902 4365 ὲν

2008 4307 2299 4380 accipiens.
2334 4312 2493 4365 modo
2541 4289 2765 4366 Scribas
2804 4320 2859 4366 et
2909 4311 3239 4379 Pharismos,
3272 4328 3395 4368 mox
3429 4329 3579 4369 surn-

328 4400 405 4470 τῷ
440 4398 572 4470 ναῷ,
599 4394 680 4462 οἷς
724 4401 818 4454 καὶ
871 4400 1087 4469 ἐλεγεν⁶
1122 4420 1140 4453 ι
1190 4400 1508 4472 Ἀρθησεται
1549 4402 1641 4470 ἀφ’
1664 4402 1820 4473 ὑμῶν
1866 4406 1900 4476 ἡ

2008 4414 2123 4453 mos
2148 4400 2433 4470 pontillccs
2480 4402 2533 4457 is
2584 4403 2781 4471 templo
2816 4401 3046 4457 ﬁdenter
3075 4404 3358 4472 arguebat,
3380 4406 3580 4475 quibus

330 4492 597 4563 βασιλεία,
624 4493 719 4546 καὶ
742 4492 1023 4564 δοθήσεται
1051 4492 1191 4547 ἔθνει
1228 4492 1470 4546 ποιοῦντι
1497 4495 1622 4557 τοὺς
1652 4495 1900 4565 καρποὺς

2008 4492 2167 4547 etiam
2226 4496 2341 4548 haec
2398 4494 2612 4549 dicebat
2646 4510 2660 4546 :
2698 4514 2715 4547 ι
2739 4496 3030 4551 Auferetur
3057 4512 3088 4551 a
3123 4496 3276 4551 vobis
3328 4513 3577 4568 regnum,

327 4583 515 4655 αὐτῆς.
559 4603 578 4635 ι
626 4583 762 4636 Ἀλλ’
778 4584 898 4637 οὐδὲ
918 4584 1058 4639 κατά
1084 4585 1181 4654 τὴν
1211 4584 1398 4638 λαλιὰν
1426 4585 1655 4656 ῆλεγχεν
1675 4601 1689 4617 ⁶
1717 4586 1769 4639 οἱ
1803 4586 1902 4657 μὲν

2008 4593 2064 4637 et
2097 4583 2315 4638 dabitur
2347 4585 2492 4656 genti
2530 4586 2752 4641 facienti
2812 4586 3023 4642 fructus
3050 4587 3165 4656 ejus
3183 4586 3249 4641 ⁸⁸.
3276 4606 3295 4640 ι
3330 4587 3437 4643 Sed
3474 4605 3574 4644 nec

326 4673 435 4745 γὰρ
468 4673 773 4745 προσῄεσαν
790 4674 941 4745 αὑτῷ
969 4674 1217 4742 λέγοντες
1236 4693 1250 4706 ·
1284 4695 1302 4727 ι
1332 4675 1648 4741 Διδάσκαλε,
1671 4676 1892 4748 οἴδαμεν

2008 4677 2301 4730 secundum
2328 4675 2595 4745 loquelam
2625 4678 2889 4749 arguebat
2917 4694 2931 4733 :
2963 4694 3088 4734 nam
3128 4680 3220 4736 alii
3252 4681 3425 4750 ipsum
3461 4681 3576 4735 adi»

325 4763 406 4818 ὅτι
445 4763 651 4835 ἀληθὴς
683 4759 753 4826 εί,
788 4783 807 4815 ι
847 4763 940 4817 καὶ
964 4764 1031 4818 τὰ
1055 4763 1201 4835 ἑξῆς.
1240 4764 1300 4819 '0
1324 4765 1380 4819 δὲ
1412 4766 1472 4819 ού
1505 4766 1647 4819 κατὰ
1676 4765 1773 4837 τὴν
1800 4766 1896 4819 λα-

2008 4769 2132 4822 bant
2179 4768 2420 4822 dicentes
2475 4783 2490 4821 :
2554 4785 2573 4820 ι
2607 4767 2905 4837 Magister,
2959 4771 3164 4826 scimus
3216 4772 3344 4841 quia
3412 4785 3578 4827 verax

324 4854 444 4908 λιάν
473 4855 651 4909 αὐτῶν
680 4855 878 4926 ῆλεγχε
899 4872 913 4885 ·
945 4854 1024 4908 διὸ
1062 4853 1220 4919 εἰδὼς
1253 4857 1350 4921 τὰς
1383 4858 1645 4930 πονηρίας
1691 4857 1891 4923 αὐτῶν,

2008 4872 2062 4913 es
2102 4856 2171 4922 “,
2202 4875 2222 4910 ι
2256 4866 2364 4911 etc.
2399 4856 2491 4912 Ille
2524 4872 2652 4913 vero
2700 4875 2807 4913 nun
2860 4863 3157 4916 secundum
3188 4862 3457 4931 loquelam
3483 4878 3576 4917 eo-

325 4945 504 5016 ελεγε·
535 4966 553 4999 ι
593 4948 658 5001 Τί
693 4965 763 5018 με
791 4946 1097 5020 πειράζετε,
1132 4948 1455 5020 ὑποκριταί;
1487 4969 1506 5001 ι

2008 4960 2122 4998 rum
2149 4946 2408 5015 arguebat
2435 4961 2449 4998 :
2482 4960 2653 5015 quare
2682 4963 2887 5018 gnarus
2939 4950 3161 5006 malitia:
3213 4966 3404 5006 eorum
3432 4950 3575 5005 dicc-

2007 5037 2142 5092 bat:
2178 5055 2196 5089 ι
2235 5038 2372 5103 Quid
2398 5053 2484 5093 me
2521 5042 2764 5104 tentatis,
2797 5042 3129 5111 hypocritze?
3157 5061 3177 5095 ι

401 5142 420 5176 ι
461 5126 621 5181 Ἀλλά
656 5129 833 5200 κρινεῖ
877 5126 1117 5198 ταπεινῷ
1146 5127 1347 5198 κρίσιν,
1389 5128 1481 5182 καὶ
1512 5128 1722 5197 ἐλέγξει
1773 5130 1898 5194 τοὺς

2070 5124 2233 5182 Vsus.
2266 5128 2325 5183 ι.
2361 5147 2379 5181 ι
2411 5128 2518 5184 Sed
2554 5128 2821 5199 judicabit
2850 5131 3038 5185 humili
3075 5131 3369 5199 judicium,
3400 5140 3455 5185 et
3484 5145 3573 5183 nr.

326 5219 606 5281 ταπεινοὺς
628 5219 727 5290 τῆς
750 5217 875 5288 γῆς,
899 5220 989 5273 καὶ
1021 5215 1252 5283 πατάξει
1281 5218 1380 5291 τὴν
1404 5219 1507 5289 γῆν
1540 5218 1618 5291 τῷ
1644 5220 1786 5292 λόγῳ
1806 5220 1899 5273 τοῦ

2008 5229 2123 5290 guet
2156 5220 2386 5277 humiles
2419 5230 2595 5286 terrae,
2631 5232 2688 5277 et
2717 5225 2990 5291 percutiet
3016 5234 3217 5280 terram
3254 5223 3419 5277 verbo
3460 5222 3573 5274 oris

327 5305 590 5376 στόματος
619 5308 803 5362 αὑτοῦ.
852 5326 871 5360 ι
916 5309 1149 5380 Νοήσιις
1176 5308 1231 5362 δὲ
1260 5309 1343 5372 τὸ,
1381 5328 1398 5361 ι
1435 5310 1670 5374 Πατάξει
1692 5312 1794 5382 γῆν
1824 5311 1904 5383 τῷ

2008 5312 2104 5367 sui.
2136 5331 2155 5367 ι
2199 5312 2329 5368 Illud
2368 5324 2574 5382 autem,
2637 5334 2657 5365 ι
2691 5313 2968 5372 Percutiet
3016 5326 3218 5372 terram
3264 5314 3426 5369 verbo
3459 5313 3572 5367 oris

322 5394 465 5468 λόγῳ
504 5396 597 5450 τοῦ
631 5398 895 5468 στόματος
928 5398 1114 5463 αὐτοῦ,
1165 5417 1184 5450 ι
1231 5400 1324 5452 καὶ
1356 5398 1550 5463 ἄλλως,
1597 5400 1904 5465 ἐπακούσας

2008 5404 2104 5463 sui.
2155 5424 2174 5458 ι
2232 5404 2518 5474 intelliges,
2565 5406 2610 5461 si
2669 5408 2860 5463 audias
2908 5423 3032 5463 eum
3078 5409 3205 5463 alibi
3270 5408 3569 5471 dicentem,

393 5509 603 5565 “Psal.
664 5526 849 5575 xxx",
884 5510 972 5565 55.
1052 5511 1097 5542 ⁸³
1130 5510 1271 5567 Psal.
1317 5527 1511 5569 xxvnt.
1549 5512 1603 5567 5.
1679 5514 1725 5544 “
1757 5514 1945 5570 Matth.
1981 5531 2094 5580 ut,
2130 5517 2217 5571 43.
2298 5519 2343 5549 ⁸⁵
2372 5518 2567 5573 Matth.
2604 5534 2739 5587 un,
2770 5519 2852 5574 l6.

393 5631 504 5701 (16)
539 5630 897 5708 Hieronymus
923 5633 989 5686 ad
1018 5633 1352 5688 hunclocum
1374 5635 1453 5688 sic
1482 5632 1674 5708 Latine
1698 5636 1883 5693 Graeca
1992 5642 2244 5708 quitur...
2317 5640 2596 5708 Auferetur
2648 5658 2681 5694 α
2736 5638 2902 5702 vobis,
2957 5654 2976 5689 ι
3036 5645 3091 5693 et
3154 5645 3388 5698 caetera,
3447 5645 3571 5704 qua

328 5704 627 5781 transtulit,
659 5720 699 5781 CA
725 5701 933 5781 Nullius
970 5710 1115 5781 enim
1142 5718 1440 5781 personam
1485 5707 1687 5781 accipit
1713 5708 1765 5761 in
1789 5708 1884 5781 ju-
1992 5701 2129 5781 [sane
2162 5712 2226 5767 ad
2259 5701 2483 5766 verbum
2515 5712 2605 5767 ille
2630 5701 2998 5775 proseoultur.

326 5772 466 5827 dicio
494 5790 506 5828 :
534 5775 629 5826 sed
666 5770 880 5825 Scribis
912 5780 966 5825 et
997 5772 1284 5828 Pharisaeis
1318 5789 1381 5830 ae
1416 5770 1751 5846 principibus
1790 5770 1881 5833 Ἰυ·

600 5866 874 5927 Panos.
904 5867 1022 5927 un.
1058 5869 1293 5931 xxrv.
3202 5875 3245 5932 θ
