4118 6420
481 373 575 426 171

1151 374 1420 435 EUSEBII
1459 373 1934 431 CAESARIENSIS
1972 375 2120 430 OPP.
2165 376 2346 432 PARS
2385 377 2472 435 III.
2511 412 2580 423 -
2620 379 3029 439 EXEGETICA.

3642 390 3742 444 IT!

483 517 501 548 ι
539 493 717 549 Nolite
751 501 943 561 putare
966 493 1110 562 quod
1137 495 1380 548 venerim
1413 507 1598 562 pacem
1643 494 1859 548 mittere
1889 509 2039 560 supel

2155 498 2320 551 αὐτοῦ
2354 498 2622 567 λέγοντος,
2658 517 2677 551 ι
2707 501 2799 572 Μὴ
2831 503 3113 573 νομίσητε,
3151 504 3235 558 ὅτι
3267 498 3429 576 ἦλθον
3458 506 3638 577 βαλεῖν
3663 514 3742 565 εἰ-

481 599 712 642 Ierram;
747 602 853 640 non
891 585 1008 640 veni
1041 601 1226 654 pacem
1257 587 1492 650 mittere,
1525 588 1618 641 sed
1655 587 1892 656 gladium
1925 590 1994 644 “.
2027 609 2046 643 ι

476 681 699 736 Gladius
727 692 903 734 autem
937 690 1057 733 erat
1085 680 1308 734 verbum
1341 679 1455 733 oris
1513 680 1649 750 ejus,
1699 696 1808 749 quo
1851 691 2050 736 terram

475 782 530 824 et
557 783 800 826 terrenos
849 786 1054 832 eorum,
1101 770 1193 840 qui
1227 770 1280 824 in
1308 770 1480 837 ipsum
1530 772 1898 835 crediderant,
1925 788 2051 828 sen-

475 879 570 918 sus
602 865 666 918 de
700 863 874 916 medio
909 862 1148 916 tollebat.
1204 881 1222 913 ι
1254 862 1324 916 Ει
1357 863 1408 916 in
1442 863 1635 932 spiritu
1664 879 1759 930 per
1798 864 1938 920 labia
1968 867 2052 920 in-

476 955 702 1010 terﬁciet
753 955 995 1022 impium.
1041 972 1058 1005 ι
1105 952 1398 1005 Interliciet
1449 955 1698 1023 impium,
1747 954 1938 1010 albens
1987 971 2053 1010 ac

473 1047 662 1116 impios
693 1047 962 1098 daemones
989 1046 1041 1098 in
1073 1044 1266 1114 spiritu
1306 1045 1594 1114 increpans
1613 1056 1668 1100 et
1703 1047 1894 1117 procul
1929 1049 2049 1103 abi-

470 1156 602 1209 gens
633 1142 799 1196 verbo
833 1156 927 1209 per
954 1139 1094 1194 labia
1130 1139 1299 1206 ipsius
1326 1137 1578 1207 prolato;
1627 1140 1700 1193 ita
1739 1150 1798 1194 ut
1828 1141 1901 1194 illi
1931 1141 2050 1195 cla-

469 1244 617 1290 ment
649 1247 704 1289 ct
744 1235 946 1294 dicant,
989 1252 1006 1284 ι
1040 1231 1177 1301 Quid
1203 1230 1357 1284 nobis
1399 1241 1455 1286 et
1493 1233 1614 1296 tibi,
1644 1233 1744 1288 Fili
1777 1233 1914 1287 Dei?
1959 1249 2050 1288 ve-

469 1327 597 1382 nisti
647 1336 774 1382 ante
832 1337 1044 1391 tempus
1076 1313 1328 1397 torquere
1384 1341 1500 1380 nos.
1559 1324 1818 1379 Novimus
1848 1334 1900 1379 te
1925 1325 2048 1395 quis

466 1425 562 1486 sis,
595 1431 816 1477 sanctus
843 1420 934 1474 Dei
967 1421 1033 1473 ⁸⁷.
1065 1440 1084 1472 ι

537 1513 705 1568 Vsus.
738 1513 790 1568 5.
834 1531 851 1564 ι
880 1513 943 1566 l-Zt
986 1512 1090 1567 erit
1126 1512 1335 1581 iustitia
1387 1513 1598 1565 cinctus
1639 1511 1850 1564 lumbos
1895 1494 2041 1574 suos,

465 1616 521 1662 et
554 1607 786 1662 veritate
817 1605 1240 1660 eiremnvolutus
1273 1605 1439 1658 latera
1471 1619 1585 1659 sua.
1625 1624 1642 1656 ι
1673 1603 2040 1668 Quemadmo-

465 1701 593 1753 dum
640 1697 783 1753 enim
829 1712 922 1752 rex
955 1713 1089 1750 zona
1132 1713 1316 1763 aurea,
1365 1706 1421 1752 et
1465 1696 1736 1766 lapidibus
1789 1696 2043 1763 pretiosis

466 1789 846 1861 praacingitur,
878 1789 955 1843 sic
997 1797 1051 1843 et
1090 1789 1137 1842 ei
1172 1791 1262 1858 qui
1315 1789 1366 1842 in
1412 1788 1690 1858 prophetia
1731 1787 1906 1842 fertur
1945 1803 2040 1840 zo-

2163 591 2330 662 ρήνην
2381 591 2472 644 ἐπὶ
2501 592 2597 663 τὴν
2626 593 2750 663 γῆν·
2786 598 2886 648 ούκ
2915 591 3078 665 ἦλθον
3112 595 3292 666 βαλεῖν
3323 602 3567 673 είρήνην,
3607 604 3744 661 ἀλλὰ

2162 680 2456 752 μάχαιραν.
2495 702 2512 733 ι
2539 683 2796 754 Μάχαιρα
2819 684 2875 736 δὲ
2903 681 2970 755 ἦν
2998 688 3026 738 ὁ
3045 685 3200 754 λόγος
3224 687 3318 742 τοῦ
3351 692 3614 762 στόματος
3647 697 3742 750 αὐ-

2157 772 2274 837 τοῦ,
2302 771 2367 824 δι’
2392 765 2453 825 οὗ
2481 773 2580 845 τὴν
2612 773 2715 844 γῆν
2749 775 2842 828 καὶ
2866 774 2934 828 τὰ
2965 776 3139 848 γεώδη
3183 782 3505 852 φρονήματα
3532 785 3640 839 τῶν
3663 789 3744 851 είς

2157 862 2317 915 αὑτὸν
2356 865 2794 918 πεπιστευκότων
2823 866 3035 938 ἀνῄρει.
3075 886 3094 919 ι
3142 871 3250 923 Καὶ
3282 873 3339 924 ὲν
3369 874 3741 945 πνεύματιδοά

2157 955 2378 1025 χειλέων
2433 956 2608 1011 ἀνελεί
2651 958 2838 1028 ἀσεϐῆ.
2885 978 2904 1009 ι
2933 945 3154 1014 ’Ἅνελεῖ
3177 963 3356 1018 τοίνυν
3389 966 3582 1037 ἀσεϐῆ,
3628 973 3742 1033 τοῖς

2156 1045 2337 1110 ἀθέοις
2372 1048 2463 1100 καὶ
2489 1047 2708 1101 ἀσεϐέσι
2736 1049 2984 1119 δαίμοσιν
3017 1053 3286 1123 ἐπιτιμῶν
3334 1055 3413 1126 τῷ
3447 1057 3739 1129 πνεύματι,

2157 1137 2251 1192 καὶ
2279 1137 2496 1210 μακράν
2516 1138 2712 1204 αὐτοὺς
2735 1139 2976 1193 ἐλαύνων
3001 1140 3078 1211 τῷ
3097 1141 3187 1197 διὰ
3201 1143 3309 1196 τῶν
3328 1145 3549 1215 χειλέων
3576 1148 3740 1201 αὑτοῦ

2157 1231 2546 1302 προφερομένῳ
2575 1231 2736 1301 λόγῳ·
2773 1233 2848 1296 ὡς
2877 1231 3007 1303 βοᾷν
3043 1234 3238 1297 αὐτοὺς
3265 1237 3358 1288 καὶ
3390 1236 3586 1306 λέγειν’
3617 1257 3636 1290 ι
3675 1239 3740 1299 Τί

2153 1324 2284 1394 ἡμῖν
2319 1325 2413 1377 καί⁵
2465 1326 2567 1391 σοὶ,
2605 1324 2700 1377 Υἱέ
2727 1325 2820 1378 τοῦ
2847 1325 3016 1391 Θεοῦ;
3064 1322 3228 1398 ἦλθες
3269 1329 3374 1399 πρὸ
3407 1330 3601 1401 καιροῦ
3645 1331 3740 1401 βα-

2155 1413 2368 1469 σανίσαι
2394 1417 2559 1496 ἡμᾶς.
2586 1417 2818 1488 Οἴδαμεν
2846 1434 2903 1470 σε
2931 1419 3015 1482 τίς
3048 1414 3117 1484 εἷ,
3151 1422 3179 1472 ό
3207 1419 3360 1488 ἅγιος
3392 1421 3486 1494 τοῦ
3515 1423 3675 1478 Θεοῦ.
3711 1442 3732 1476 ι

2229 1523 2248 1556 ι
2272 1508 2382 1560 Καὶ
2400 1507 2551 1560 ἔσται
2573 1509 2885 1582 δικαιοσύνῃ
2909 1510 3214 1582 ὲζωσμένος
3229 1513 3326 1584 τὴν
3355 1514 3526 1584 ὀσφὺν
3547 1515 3735 1603 αύτοῦ,

2151 1597 2244 1651 καὶ
2277 1598 2505 1670 ἀληθείᾳ
2531 1599 2814 1672 εἱλημένος
2841 1602 2938 1667 τὰς
2980 1601 3218 1674 πλευρὰς
3257 1604 3446 1662 αὐτοῦ.
3477 1625 3496 1658 ι
3527 1597 3738 1678 ’Ὠσπερ

2149 1690 2257 1761 γὰρ
2293 1690 2545 1760 βασιλεὺς
2578 1693 2719 1766 ζώνῃ
2743 1697 2917 1766 χρυσῇ
2948 1695 3041 1748 καὶ
3062 1695 3226 1760 λίθοις
3261 1697 3574 1753 πολυτελέσι
3599 1698 3739 1765 ζών-

2149 1800 2326 1844 νυται,
2344 1783 2436 1838 τὸν
2459 1785 2620 1839 αὑτὸν
2636 1785 2836 1857 τρόπον
2867 1788 2962 1840 καὶ
2983 1787 3061 1858 τῷ
3081 1790 3543 1861 προφητευομένῳ
3559 1789 3737 1864 ζώνην

468 1899 593 1938 nam
627 1881 1154 1950 assignatjustitiam
1189 1890 1245 1934 et
1267 1881 1576 1934 veritatem.
1600 1876 1842 1934 Hisitem
1877 1879 2038 1934 Verbi

2146 1875 2394 1946 ἀφορίζει
2424 1876 2521 1948 τὴν
2546 1877 2894 1950 δκαιοσύνην
2936 1879 3030 1932 καὶ
3069 1881 3165 1952 τὴν
3190 1879 3466 1952 ἀλήθειαν.
3502 1861 3735 1937 Δυνατδν

466 1977 640 2031 deitas
673 1975 894 2044 intelligi
935 1985 1133 2045 potest.
1179 1975 1297 2044 Ipse
1323 1973 1520 2043 quippe
1560 1982 1682 2027 erat
1707 1971 1946 2040 iustitia,
1981 1980 2040 2025 ut

465 2071 626 2126 docet
651 2069 941 2138 Apostolus
991 2069 1076 2123 bis
1123 2068 1324 2130 verbis,
1373 2087 1391 2118 ι
1421 2066 1520 2133 Qui
1554 2065 1729 2119 factus
1759 2075 1845 2118 est
1885 2064 2039 2118 nobis

463 2163 729 2232 sapientia
761 2178 789 2215 a
834 2161 960 2220 Deo.
992 2160 1205 2228 iustitia
1236 2172 1457 2229 quoque
1486 2166 1540 2212 et
1569 2156 1954 2218 sanctiﬁcatio,
1986 2163 2040 2208 et

463 2251 764 2321 redemptio
787 2250 853 2304 ⁸⁸.
883 2269 902 2302 ι
944 2250 1060 2318 Ipse
1093 2260 1308 2318 quoque
1345 2245 1606 2301 Servator
1631 2245 1686 2299 in
1725 2245 2040 2316 Evangeliis

461 2341 666 2396 dixisse
681 2341 959 2403 scribitur,
986 2358 1002 2391 ι
1037 2337 1144 2409 Ego
1171 2354 1292 2392 sum
1313 2337 1426 2402 lux,
1445 2338 1717 2391 et'veritas
1733 2347 1788 2390 et
1806 2337 1910 2389 vita
1934 2337 2033 2388 ".3

461 2433 588 2488 Haec
635 2433 821 2504 igitur,
859 2431 1059 2486 veritas
1089 2431 1298 2486 scilicet
1333 2439 1390 2482 et
1427 2427 1640 2496 iustitia
1677 2428 1815 2498 ejus,
1846 2429 1937 2508 qui
1971 2443 2037 2482 ex

460 2526 645 2581 radice
690 2524 859 2580 Jessze
900 2524 1201 2594 prodierat,
1263 2521 1712 2591 constringebant
1764 2520 1938 2574 latera
1985 2530 2040 2575 et

461 2619 673 2674 lumbos
699 2620 754 2671 in
793 2616 940 2687 regio
977 2624 1032 2669 et
1078 2612 1302 2668 militari
1344 2613 1530 2666 habitu
1560 2653 1575 2678 ,
1613 2626 1864 2666 sermone
1925 2612 2042 2678 ejus

462 2723 650 2766 contra
677 2708 917 2766 occultos
938 2718 992 2764 et
1033 2704 1336 2762 invisibiles
1372 2705 1556 2760 hostes
1589 2711 1910 2774 apparatum
1943 2703 2041 2757 de-

461 2807 721 2862 olarante.

532 2983 696 3040 Vsus.
731 2983 784 3039 6.
834 3002 853 3035 ι
882 2981 951 3036 Ει
988 2980 1147 3036 simul
1203 2987 1396 3048 pascet
1436 2977 1594 3048 lupus
1621 2993 1744 3033 cum
1781 2991 1944 3048 agno,
1985 2985 2040 3033 et

459 3077 660 3147 pardus
692 3090 813 3130 cum
845 3074 998 3127 hme
1035 3073 1360 3128 accubabit:
1389 3080 1444 3127 et
1473 3071 1696 3135 vitulus,
1731 3080 1785 3125 et
1830 3081 2039 3135 taurus,

2143 1965 2200 2018 δὲ
2229 1967 2315 2020 διὰ
2352 1968 2555 2022 τούτων
2585 1969 2680 2022 καὶ
2718 1969 2815 2042 τὴν
2865 1970 3092 2042 θεότητα
3131 1971 3226 2024 τοῦ
3261 1973 3436 2040 Λόγου
3474 1974 3730 2028 νοεῖσθαιο

2143 2059 2305 2122 αὐτὸς
2322 2059 2431 2131 γὰρ
2459 2055 2526 2131 ἦν
2556 2063 2588 2132 ή
2616 2061 2954 2134 δικαιοσύνη,
2973 2063 3048 2127 ὡς
3072 2063 3311 2118 διδάσκει
3340 2065 3513 2134 λέγων
3533 2069 3562 2120 ό
3580 2067 3734 2122 Ἀπό-

2144 2151 2348 2215 στολος·
2386 2171 2404 2204 ι
2446 2150 2544 2216 Ὃς
2575 2154 2805 2226 ἐγενήθη
2841 2157 2972 2226 ἡμῖν
3008 2157 3170 2225 σοφία
3198 2157 3307 2211 ἀπὸ
3331 2157 3489 2222 Θεοῦ,
3522 2159 3731 2213 δικαιο-

2145 2243 2278 2313 σύνη
2306 2261 2366 2297 τε
2407 2247 2500 2299 καὶ
2532 2247 2816 2318 ἁγιασμὸς,
2845 2249 2936 2301 καὶ
2955 2248 3348 2322 ἀπολύτρωσις.
3385 2270 3403 2302 ι
3443 2252 3552 2304 Καὶ
3573 2253 3733 2317 αὐτὸς

2141 2334 2198 2386 δὲ
2226 2337 2254 2388 ὁ
2277 2335 2466 2409 Σωτὴρ
2500 2340 2558 2391 ὲν
2603 2339 2958 2408 Εὐαγγελίοις
3009 2341 3249 2413 εἰρηκὼς
3293 2343 3729 2416 ἀναγέγραπται,

2148 2445 2166 2477 ι
2210 2428 2350 2497 Ἐγὼ
2389 2433 2503 2502 είμι
2531 2431 2593 2484 τὸ
2620 2432 2754 2501 φῶς,
2777 2434 2873 2487 καὶ
2899 2436 2932 2504 ἡ
2959 2433 3205 2505 ἀλήθεια,
3231 2437 3378 2507 καὶὴ
3403 2435 3537 2509 ζωή.
3579 2457 3597 2489 ι
3626 2431 3732 2489 A73-

2141 2535 2231 2571 ται
2266 2521 2445 2574 τοίνυν
2475 2523 2507 2593 ὴ
2533 2522 2761 2592 ἀλήθεια
2802 2525 2896 2578 καὶ
2924 2527 2958 2594 ἡ
3001 2525 3318 2599 δικαιοσύνη
3359 2527 3450 2581 τὸν
3479 2532 3544 2582 ὲκ
3577 2530 3734 2602 ῥίζης

2156 2609 2355 2666 Ἰεσσαὶ
2385 2631 2776 2685 περιεσφιγγον
2798 2617 3036 2687 πλευρὰς
3066 2621 3160 2671 καὶ
3193 2621 3364 2688 ὀσφὺν
3395 2622 3452 2675 ὲν
3471 2621 3734 2694 βασιλικῷ

2144 2703 2237 2756 καὶ
2285 2704 2344 2757 ὲν
2394 2705 2769 2776 στρατιωτικῷ
2820 2709 3080 2778 σχήματι,
3105 2709 3166 2762 τὸ
3194 2709 3335 2763 κατά
3371 2711 3480 2764 τῶν
3511 2713 3735 2780 ἀφανῶν

2144 2793 2238 2847 καὶ⁷
2269 2793 2517 2866 ἀοράτων
2555 2795 2830 2850 πολεμίων
2872 2798 3208 2870 παράστημα
3235 2799 3402 2853 αὑτοῦ
3438 2801 3734 2872 ἐμφαῖνον-

2145 2900 2234 2946 τος
2258 2883 2353 2936 τοῦ
2387 2883 2571 2952 λόγου.

2221 2995 2239 3027 ι
2277 2978 2386 3030 Και
2437 2977 2953 3050 συμϐοσκηθήσεται
3001 2979 3166 3044 λύκος
3216 2982 3354 3052 μετά
3397 2983 3582 3054 ἀρνὸς,
3636 2986 3732 3039 καὶ

2145 3069 2411 3142 πάρδαλις
2442 3073 2916 3126 συναναπαύσεται
2958 3075 3151 3146 ἐρίφῳ
3183 3077 3279 3128 καὶ
3316 3079 3606 3148 μοσχάριον
3637 3079 3730 3131 καὶ
3767 3121 3770 3126 .

461 3179 515 3222 et
542 3172 625 3223 leo
653 3167 814 3223 simul
845 3176 1096 3236 pascent,
1128 3175 1182 3221 et
1219 3178 1354 3236 puer
1380 3164 1640 3234 parvulus
1671 3173 1796 3234 aget
1826 3179 1954 3220 eos:
1985 3172 2039 3218 et

2146 3163 2342 3234 ταῦρος
2391 3164 2484 3217 καὶ
2534 3163 2669 3218 λέων
2705 3165 2821 3236 ἅμα
2871 3166 3322 3238 βοσκηθήσονται,
3373 3170 3466 3222 καὶ
3519 3170 3730 3224 παιδίον

461 3263 557 3316 bos
585 3270 638 3316 et
667 3275 829 3314 ursus
857 3273 960 3312 una
999 3269 1314 3328 pascentur,
1347 3267 1402 3312 et
1438 3257 1599 3312 catuli
1630 3272 1819 3311 eorum
1879 3255 2039 3310 simul

2146 3230 2338 3329 μικρὸν
2368 3257 2484 3322 ἄξει
2511 3258 2725 3322 αὐτούς’
2747 3230 2845 3312 καὶ
2867 3230 2992 3330 ῥοῦς
3015 3230 3110 3313 καί
3154 3259 3355 3331 ἄρκτος
3383 3263 3499 3333 ἅμα
3533 3263 3730 3335 βοσκη-

459 3360 644 3415 erunt,
697 3360 754 3406 et
798 3349 882 3405 leo
931 3350 1084 3418 quasi
1141 3350 1238 3402 bos
1281 3349 1534 3402 comedet
1581 3347 1786 3418 paleas.
1835 3366 1854 3399 ι
1901 3345 2036 3414 Lupi

2146 3350 2422 3423 θήσονται,
2481 3352 2576 3405 καὶ
2611 3353 2728 3424 ἅμα
2781 3352 2851 3407 τὰ
2897 3354 3086 3408 παιδία
3140 3355 3318 3408 αὐτῶν
3357 3356 3590 3422 ἔσονται,
3637 3358 3730 3411 καὶ

459 3446 678 3515 quidem
703 3445 844 3500 inter
870 3443 1120 3498 homines
1158 3451 1282 3496 sunt
1309 3440 1411 3494 viri
1441 3454 1664 3512 rapaces
1692 3460 1704 3496 :
1737 3456 1764 3493 a
1799 3440 2038 3510 nequitia

2146 3443 2276 3496 λέων
2307 3445 2382 3507 ὡς
2409 3443 2534 3515 βοῦς
2574 3446 2808 3514 φάγεται
2848 3445 3048 3517 ἄχυρα.
3094 3466 3112 3499 ι
3151 3448 3319 3501 Λύκοι
3350 3449 3447 3518 μὲν
3476 3444 3568 3503 οῦν
3596 3451 3644 3502 οἱ
3670 3451 3730 3502 ὲν

460 3550 592 3591 vero
625 3549 720 3590 sua
747 3533 1089 3602 resipiseeut,
1139 3531 1214 3585 ita
1259 3540 1319 3586 ut
1363 3545 1485 3586 cum
1542 3532 1695 3601 agnis
1724 3528 1944 3584 mitibus
1987 3541 2039 3584 et

2146 3536 2444 3609 ἀνθρώποις
2461 3539 2810 3610 άρπακτικοί”
2833 3539 3195 3610 μεταϐαλοῦσι
3218 3540 3275 3593 δὲ
3288 3518 3386 3612 τῆς
3404 3541 3726 3615 μοχθηρίας,

458 3627 758 3694 mansuetis
787 3640 977 3680 eorum
1007 3623 1202 3676 animae
1237 3622 1337 3678 sub
1369 3637 1476 3678 uno
1499 3622 1752 3678 Ecclesiae
1782 3621 1911 3677 ovili
1942 3619 2040 3675 de-

456 3731 605 3796 gant.
639 3721 744 3776 Alii
774 3737 906 3776 vero
941 3721 1098 3790 longe
1127 3720 1498 3784 immaniores,
1529 3728 1692 3789 atque
1741 3719 2038 3773 vehemen-

459 3827 544 3872 ter
576 3813 783 3870 ell‘erati
817 3813 936 3878 viri,
964 3812 1097 3866 nihil
1123 3827 1150 3866 a
1194 3810 1380 3882 pardis
1407 3811 1804 3880 discrepantes,
1845 3808 2038 3864 bellua:

461 3907 796 3962 ferocitatem
826 3905 1179 3972 deponentes,
1210 3917 1319 3956 una
1346 3916 1465 3955 cum
1494 3901 1663 3955 haedis
1687 3900 2038 3970 simpliciori-

458 4001 558 4054 bus
585 4015 648 4054 ae
680 3997 982 4052 mitioribus
1007 3991 1776 4049 accubabunt.Aliiveroleoui
1796 3991 2038 4047 moribus

457 4106 720 4164 perquam
755 4089 983 4151 similes,
1013 4086 1389 4143 crudelitatem
1419 4096 1470 4141 et
1498 4087 1851 4140 voracitatem
1879 4100 2034 4140 suam]

457 4194 757 4249 mutantes,
786 4198 890 4237 una
923 4198 1045 4236 cum
1081 4180 1386 4234 infantibus
1430 4177 1686 4231 Ecclesiae
1717 4193 1910 4232 recens
1947 4193 2040 4231 or-

459 4279 547 4342 tis,
580 4279 735 4347 quasl
773 4285 961 4330 taurus
990 4283 1047 4328 et
1074 4272 1276 4327 vitulus
1318 4279 1566 4340 pascent,
1599 4271 1786 4325 eodem
1819 4271 1939 4326 cibo
1969 4286 2032 4326 ex

456 4370 654 4426 divinis
704 4367 998 4438 Scripturis
1044 4365 1214 4434 petito
1261 4373 1495 4417 utentes.
1555 4362 1709 4430 Quod
1765 4365 1808 4417 si
1847 4364 2036 4419 videas

456 4465 636 4534 regios
667 4462 812 4516 viros
841 4459 1100 4528 dignitate
1129 4466 1183 4512 et
1215 4456 1534 4525 prrestantia
1574 4455 1626 4508 in
1665 4456 1770 4510 bac
1804 4455 1910 4509 vita
1936 4471 2031 4510 or-

2137 3626 2214 3691 ὡς
2261 3628 2399 3698 μετὰ
2451 3628 2632 3701 ἀρνῶν
2677 3629 2898 3700 ἡμέρων
2932 3629 3026 3682 καὶ
3055 3630 3248 3702 πράων
3274 3630 3372 3694 τὰς
3399 3631 3575 3701 ψυχὰς
3623 3632 3728 3684 ὑπὸ

2141 3720 2270 3790 μίαν
2307 3720 2633 3792 Ἐκκλησίαν
2664 3719 3046 3790 ἀγελάζεσθαι.
3069 3720 3251 3773 Ἀλλοι
3268 3721 3323 3775 δὲ
3350 3721 3616 3795 ὠμότεροι
3633 3723 3728 3776 καὶ

2139 3811 2343 3882 σφόδρα
2382 3813 2794 3884 ἀπηγριωμένοι
2827 3813 3038 3885 ἄνδρες,
3089 3813 3242 3866 οὐδὲν
3273 3814 3587 3886 παρδάλεων
3614 3815 3728 3868 διας

2137 3903 2412 3975 φέροντες,
2451 3905 2512 3958 τὸ
2542 3904 2632 3957 τοῦ
2668 3903 2834 3976 θηρὸς
2866 3903 3096 3975 φοϐερὸν
3130 3904 3488 3976 ἀποθέμενοι,
3517 3905 3728 3977 ἐρίφοις

2136 3995 2253 4066 ἅμα
2285 3998 2394 4057 τοῖς
2420 3995 2806 4069 ἁπλουστέροις
2823 3996 2918 4049 καὶ
2942 3998 3348 4071 ἀκεραιοτέροις
3383 3997 3726 4050 συναναπαύ-

2138 4105 2342 4142 σονται.
2387 4089 2497 4142 Καὶ
2544 4088 2718 4142 λέοντι
2750 4089 2807 4143 δὲ
2855 4091 2984 4155 τοὺς
3024 4093 3262 4163 τρόπους
3295 4091 3725 4162 παρεικασμένοι

2135 4180 2302 4245 ἄλλοι,
2331 4180 2392 4233 τὸ
2421 4181 2711 4252 ὠμόθυμον
2743 4186 2838 4238 καὶ
2875 4185 3209 4258 σαρκοϐόρον
3244 4182 3376 4255 ἦθος
3399 4182 3726 4249 ἐναλλάξαν-

2134 4291 2245 4340 τες,
2272 4273 2407 4343 όμοῦ
2435 4279 2548 4339 τοῖς
2576 4278 2633 4330 ὲν
2665 4281 2730 4348 τῇ
2765 4278 3063 4348 Ἐκκλησία
3092 4280 3352 4344 νεογνοῖς,
3377 4276 3567 4348 ὥσπερ
3596 4274 3727 4328 ταῦ-

2140 4381 2230 4434 ρος
2272 4366 2366 4419 καὶ
2409 4365 2627 4436 μόσχος,
2666 4368 3117 4438 βοσκηθήσονται,
3150 4368 3249 4438 τῆς
3293 4367 3464 4438 αὐτῆς
3500 4369 3565 4420 ὲκ
3616 4365 3724 4419 τῶν

2137 4456 2295 4511 θείων
2323 4458 2496 4526 λόγων
2542 4459 2974 4531 μεταληψόμενοι
3006 4460 3210 4532 τροφῆς
3263 4459 3397 4531 (I7).
3448 4460 3513 4513 Ei
3541 4459 3598 4513 δὲ
3630 4458 3726 4511 καὶ

457 4567 636 4622 natos,
665 4555 719 4609 in
769 4552 1008 4609 Ecclesia
1057 4550 1152 4605 Dei
1202 4566 1324 4603 cum
1388 4549 1718 4618 pauperibus
1747 4563 1812 4603 ex
1850 4549 2031 4602 infima

2146 4548 2450 4618 βασιλικούς
2476 4569 2603 4604 ποτε
2627 4551 2843 4622 ἄνδρας,
2873 4550 3142 4622 ἀξιώματι
3169 4553 3262 4604 καὶ
3292 4553 3583 4623 ὑπεροχαῖς
3604 4552 3726 4612 ταῖς

455 4651 612 4720 plebe
647 4657 1026 4716 congregatos,
1073 4660 1139 4700 ne
1181 4645 1450 4698 cuncteris
1501 4643 1685 4697 dicere
1729 4643 1893 4696 etiam
1931 4641 2034 4695 hac

457 4744 672 4799 ratione
731 4739 1005 4808 impletum
1060 4751 1180 4791 esse
1208 4736 1579 4805 Scripturam.
1609 4733 1812 4789 Omnes
1850 4735 2038 4803 itaque

451 4839 563 4906 jam
592 4842 919 4889 memoratos
947 4831 1120 4899 lupos,
1147 4844 1342 4898 agnos,
1394 4827 1614 4897 pardos,
1666 4827 1869 4892 luedos,
1921 4826 2036 4879 leo-

456 4946 575 4994 nes,
633 4926 831 4979 vitulos
885 4937 940 4979 et
999 4934 1211 4986 tauros,
1277 4933 1334 4974 ut
1393 4920 1613 4983 dicitur,
1664 4933 1796 4988 puer
1859 4915 2040 4972 infans

455 5031 599 5092 aget.
643 5020 778 5074 Illud
811 5029 990 5072 autem
1048 5033 1067 5065 ι
1099 5023 1240 5083 aget,
1275 5033 1294 5066 ι
1345 5011 1505 5082 quasi
1554 5029 1573 5062 ι
1607 5011 1978 5088 εοὶιιειοειιιιὶι,
2013 5027 2032 5062 ι

454 5118 656 5172 dictum
679 5123 782 5169 est.
829 5109 986 5178 Quod
1044 5109 1157 5179 ipsa
1204 5121 1264 5160 re
1312 5114 1524 5176 gestum
1573 5095 1883 5174 perspicere
1915 5103 2040 5157 licet

455 5211 543 5273 iis,
566 5209 658 5280 qui
687 5205 978 5276 praesulum
1010 5201 1205 5256 multos
1231 5199 1418 5252 vident
1453 5196 1507 5249 in
1541 5195 1784 5249 Ecclesia
1809 5195 2033 5259 Christi,

453 5303 521 5356 ob
576 5299 742 5355 animi
794 5295 1200 5364 simplicitatem
1247 5299 1301 5345 et
1349 5288 1745 5352 innocentiam,
1792 5285 1922 5341 nihil
1967 5285 2035 5340 ab

455 5395 750 5449 infantibus
781 5391 1092 5458 discrepare
1123 5405 1136 5440 :
1166 5383 1269 5440 etsi
1305 5393 1488 5436 tamen
1521 5377 1761 5450 pmfecti
1804 5379 1914 5433 sint
1941 5393 2035 5432 eo-

456 5503 594 5550 rum,
634 5485 723 5553 qui
765 5484 831 5537 ab
861 5483 1008 5536 omni
1040 5493 1243 5549 genere
1302 5477 1354 5530 in
1396 5490 1561 5527 unum
1611 5479 2032 5542 congregantur.

453 5581 584 5633 Cum
609 5595 770 5648 porro
801 5577 900 5644 ait,
959 5594 977 5626 ι
1008 5574 1075 5628 Ει
1103 5577 1202 5628 bos
1237 5583 1294 5626 et
1324 5584 1484 5625 ursus
1525 5575 1814 5638 pascentur
1874 5563 2036 5618 simul

2143 4643 2386 4696 κατὰτὸν
2417 4643 2529 4714 βίον
2551 4646 2965 4715 τετιμημένους,
2997 4645 3209 4698 θεάσοιο
3235 4634 3384 4716 ἐν’τῇ
3431 4643 3724 4715 Ἐκκλησία

2143 4735 2236 4788 τοῦ
2263 4735 2419 4801 Θεοῦ,
2456 4737 2592 4808 μετά
2622 4739 2867 4808 πενήτων
2900 4737 2993 4790 καὶ
3030 4736 3264 4790 εὐτελῶν
3302 4736 3722 4807 συναγομένους,

2149 4827 2224 4896 μὴ
2245 4826 2391 4880 ὅκνει
2417 4827 2597 4895 λέγειν
2632 4829 2724 4880 καὶ
2750 4827 2893 4882 οὕτω
2924 4827 3314 4900 πεπληρῶσθαι
3349 4827 3445 4899 τὴν
3477 4828 3719 4899 Γραφῄν.

2146 4917 2362 4980 Πάντας
2407 4917 2587 4972 τοίνυν
2630 4916 2765 4989 ὁμοῦ
2799 4919 2925 4982 τοὺς
2973 4919 3336 4981 ἀποδοθέντας
3383 4917 3581 4980 λύκους
3631 4918 3725 4970 καὶ

2143 5009 2336 5082 ἄρνας,
2367 5011 2462 5063 καὶ
2486 5010 2801 5082 παρδάλεις,
2833 5011 2928 5063 καὶ
2960 5009 3201 5080 ἐρίφους,
3231 5011 3325 5062 καὶ
3366 5008 3605 5074 λέοντας,
3631 5009 3725 5062 καὶ

2147 5102 2397 5174 μόσχους,
2422 5103 2517 5157 καὶ
2542 5103 2794 5175 ταύρους,
2830 5103 3041 5157 παιδίον
3061 5104 3254 5174 νήπιον
3281 5102 3430 5167 ἄξειν
3451 5101 3726 5157 λέλεκται;

2143 5194 2216 5247 Τὸ
2237 5195 2313 5259 δὲ,
2355 5213 2373 5247 ι
2406 5193 2544 5261 ἄξει,
2587 5216 2605 5249 ι
2636 5198 2757 5251 ἀντὶ
2787 5196 2902 5259 τοῦ,
2933 5217 2950 5248 ι
2993 5195 3227 5260 συνάξει,
3266 5214 3284 5245 ι
3323 5193 3559 5262 λέγεται.
3596 5195 3726 5265 Ἐρ-

2141 5305 2222 5358 γῳ
2255 5288 2312 5343 δὲ
2363 5289 2478 5344 ἔστι
2537 5289 2874 5363 παραλαϐεῖν
2925 5289 3020 5342 καὶ
3061 5286 3237 5350 τοῦτο,
3287 5287 3526 5358 ὁρῶντας
3554 5288 3614 5339 ὲν
3655 5288 3724 5358 τῇ

2157 5378 2450 5452 Ἐκκλησία
2481 5379 2715 5453 Χριστοῦ
2756 5380 2882 5443 τοὺς
2922 5378 3204 5440 πλείστους
3231 5376 3339 5429 τῶν
3369 5375 3725 5449 προεστώτων

2143 5471 2211 5524 δι’
2237 5472 2514 5545 ἁπλότητα
2540 5473 2718 5544 ψυχῆς
2739 5473 2834 5525 καὶ
2867 5471 3102 5524 ἀκακίαν
3126 5469 3276 5522 οὐδὲν
3302 5471 3508 5541 νηπίων
3535 5468 3724 5538 διαφέ-

2146 5581 2355 5634 ροντας·
2385 5567 2535 5636 ὅμως
2560 5565 2602 5618 δ’
2631 5561 2726 5618 οὖν
2762 5563 3099 5634 ἡγουμένους
3133 5561 3240 5615 τῶν
3266 5562 3374 5615 ἀπὸ
3402 5560 3602 5624 παντὸς
3631 5560 3725 5629 γέ-

526 5696 570 5728 ⁶⁶
601 5692 792 5748 Matth.
820 5710 880 5760 ι,
904 5693 997 5746 54.
1071 5691 1115 5723 ⁸⁷
1147 5687 1342 5745 Itlatth.
1373 5699 1498 5751 vm,
1536 5682 1628 5737 29.
1714 5679 1760 5711 ⁸⁸
1791 5679 1956 5734 ICor.
1993 5695 2032 5746 ι,

2207 5679 2252 5711 ⁸⁸
2279 5679 2436 5734 Joan.
2465 5695 2578 5747 11v,
2603 5677 2635 5731 6

526 5814 634 5884 (I7)
676 5811 830 5865 IInnc
878 5811 1012 5866 item
1071 5807 1271 5871 locum,
1323 5802 1512 5876 paucis
1573 5799 1896 5865 immutatis,
1936 5796 2193 5868 exprimit
2246 5797 2629 5866 Ilieronvmus,
2684 5815 2716 5881 τι
2748 5796 2901 5866 Quod
2930 5795 3175 5866 quotidie
3223 5793 3501 5851 cernimus
3533 5792 3587 5848 in
3623 5789 3715 5846 Ec-

449 5883 638 5940 clesia.
665 5902 684 5935 ι
723 5892 828 5936 etc.
