4118 6384
385 404 489 458 1'73

1335 394 1831 453 COMMENTARIA
1876 392 1942 446 IN
1983 392 2235 447 ISAIAM.
2280 426 2344 435 -—
2384 394 2537 449 CAP.
2578 393 2672 450 XI.

3548 391 3650 446 174

381 534 507 581 νους
526 514 669 571 κατὰ
688 514 747 568 τὸ
767 514 897 568 αὐτὸ
919 514 1320 584 συναγομένων.
1340 514 1525 567 Εἰπὼν
1546 514 1623 579 δὲ,
1656 533 1674 565 ι
1705 512 1817 565 Kal.
1844 509 1968 581 βοῦς

2072 520 2127 564 et
2152 528 2257 566 una
2286 520 2447 565 erunt
2473 510 2636 566 catuli
2670 522 2881 575 eorum,
2908 524 2927 562 ι
2967 509 3055 563 hic
3085 521 3299 577 quoque
3331 517 3645 560 mansueto-

384 610 479 664 καὶ
515 610 712 680 ἄρκτος
746 607 1172 679 βοσκηθήσονται
1201 608 1337 678 ἅμα,
1370 608 1464 661 καὶ
1499 609 1615 678 ἅμα
1650 608 1864 660 ἔσονται
1898 606 1967 659 τὰ

387 701 572 755 παιδία
601 700 801 762 αὐτῶν,
833 719 860 750 -ι
892 698 1171 752 κάνταῦθα
1196 699 1415 770 ήμέρων
1452 717 1512 753 τε
1566 700 1659 753 καὶ
1687 702 1768 763 είς
1793 716 1968 770 γεωρ-

386 795 509 865 γίαν
530 794 709 863 ψυχῆς
738 793 1059 863 ἐπιτηδείων
1104 793 1335 864 ἀνδρῶν,
1370 793 1463 847 καὶ
1487 793 1662 846 ἄλλων
1684 794 1970 865 ἀπηγριω-

388 888 562 958 μένων
602 889 716 948 τοῖς
760 886 1003 955 τρόποις,
1050 886 1148 956 τὴν
1182 888 1272 938 ἐπὶ
1301 886 1359 938 τὸ
1382 886 1512 939 αὐτὸ
1548 886 1831 940 κοινωνίαν
1856 886 1971 938 δια-

383 977 604 1049 γράφει.
662 979 735 1030 Σὺ
768 974 860 1030 οὖν
910 977 1177 1030 πλουσίων
1215 996 1274 1031 τε
1300 977 1392 1031 καὶ
1420 978 1685 1047 πενήτων,
1717 977 1970 1051 πονηρῶν

381 1088 440 1123 τε
475 1071 568 1124 καὶ
596 1069 814 1137 ἀγαθῶν
841 1066 1036 1134 παῖδας
1061 1071 1200 1142 ὁρῶν
1233 1071 1731 1142 συγκροτουμένους
1752 1071 1843 1123 ἐπὶ
1870 1072 1970 1141 τῆς

396 1160 741 1230 Ἐκκλησίας,
806 1161 1177 1232 μαρτυρήσεις
1229 1163 1293 1231 τῇ
1352 1162 1657 1232 προφητείᾳ
1713 1162 1965 1235 φησάσῃ,

393 1273 409 1304 ι
443 1254 552 1307 Καὶ
574 1253 690 1324 ἅμα
706 1253 775 1305 τὰ
805 1253 992 1306 παιδία
1017 1253 1195 1306 αὐτῶν
1223 1254 1454 1307 ἔσονται.
1490 1273 1507 1305 ι
1558 1254 1617 1306 'O
1640 1256 1970 1327 σαρκοϐόρος

384 1344 563 1397 τοίνυν
593 1345 692 1415 τὴν
717 1343 876 1413 φύσιν
904 1344 1059 1407 λέων,
1085 1345 1306 1416 ἀχύροις
1328 1345 1656 1417 τρεφόμενος
1688 1347 1969 1418 ποηφάγου

385 1433 527 1499 ζώου
570 1435 748 1505 δίκην,
798 1434 1081 1506 ἄνθρωπος
1108 1434 1174 1487 ἂν
1216 1437 1299 1505 είη
1333 1436 1494 1489 πάλιν
1547 1436 1819 1508 θηριώδης
1874 1437 1970 1491 καὶ

388 1524 622 1595 ἀπηνὴς,
651 1525 777 1597 ψιλῇ
836 1529 900 1596 τῇ
942 1526 1081 1593 λέξει
1144 1526 1243 1596 τῆς
1278 1526 1425 1590 θείας
1479 1526 1685 1599 χαίρων
1726 1528 1968 1599 Γραφῆς.

400 1615 461 1673 ’θ
491 1620 590 1688 μὲν
618 1618 723 1691 γὰρ
773 1618 1049 1672 λανθάνων
1079 1620 1137 1672 ἐν
1186 1620 1492 1692 ἀποκρύφῳ
1534 1621 1677 1684 νοῦς,
1719 1622 1880 1684 αὐτὸς
1906 1622 1971 1675 ἂν

385 1708 470 1781 εἴη
502 1711 531 1761 6
565 1710 735 1781 πυρὸς
754 1711 845 1763 καὶ
872 1710 900 1761 6
920 1710 1104 1781 ψυχῶν
1124 1712 1388 1782 τρόφιμος
1423 1698 1598 1781 λόγος·
1632 1715 1664 1783 ή
1698 1712 1755 1765 δέ
1785 1713 1972 1765 τοῦτον

386 1802 785 1875 περιϐάλλουσα
810 1802 952 1867 λέξις
982 1804 1043 1857 τὸ
1074 1802 1298 1875 ἄχυρον.

2072 620 2213 670 rum,
2247 614 2300 657 et
2336 605 2401 656 ad
2434 604 2630 656 anima:
2661 602 3050 673 agriculturam
3103 600 3432 655 idoneorum
3475 598 3650 652 homi-

2073 710 2222 757 num,
2277 693 2619 759 alinrumque
2669 694 2917 746 moribus
2969 690 3341 753 cﬂ'eratorum,
3400 704 3647 743 commuo

2070 786 2285 839 nionem
2320 784 2598 838 describit.
2658 784 2737 838 Tu
2791 798 2922 853 ergo
2971 784 3060 853 qui
3103 783 3324 837 divitum
3356 791 3409 836 et
3446 795 3649 850 paupe-

2071 894 2213 944 rum,
2264 878 2633 946 improborum
2686 886 2741 930 et
2784 878 3048 930 bonorum
3113 875 3253 930 filios
3300 877 3352 931 in
3407 876 3644 930 Ecclesia

2073 973 2328 1025 collectos
2380 972 2547 1034 vides,
2628 970 2925 1038 pr0pheti:e
2980 969 3351 1022 testimonium
3412 967 3644 1032 reddes,

2072 1079 2192 1134 qua:
2221 1064 2318 1129 ait,
2366 1082 2381 1114 ι
2413 1064 2476 1116 Ει
2499 1061 2656 1117 simul
2696 1059 2860 1113 catuli
2888 1076 3077 1114 eorum
3108 1068 3286 1114 erunt.
3334 1078 3351 1110 ι
3382 1058 3492 1111 Leo
3541 1057 3646 1112 ita-

2073 1172 2177 1226 que
2228 1167 2418 1209 natura
2457 1155 2798 1217 carnivorus,
2848 1153 3024 1205 instar
3078 1150 3333 1206 animalis
3374 1150 3646 1205 herbivori

2074 1249 2223 1319 palea
2268 1249 2529 1313 nutritus,
2573 1246 2697 1315 jure
2763 1244 3035 1299 habeatur
3074 1257 3173 1313 pro
3218 1243 3435 1297 homine
3475 1241 3646 1297 feroci

2072 1358 2135 1396 ac
2162 1343 2479 1405 inlmmano,
2515 1341 2604 1410 qui
2641 1340 2800 1394 nu‘da’.
2850 1338 3047 1391 divina:
3083 1337 3377 1406 Scripturte
3422 1336 3643 1392 lectioni

2073 1437 2323 1505 gaudeat.
2377 1434 2445 1486 At
2484 1434 2623 1486 enim
2670 1448 2823 1485 mens
2863 1430 2915 1483 in
2968 1428 3182 1483 occulto
3222 1428 3418 1495 latens,
3466 1429 3644 1498 ipsum

2075 1528 2311 1581 triticum
2344 1541 2406 1579 ac
2420 1525 2645 1579 verbum
2681 1523 2965 1576 animabus
2983 1520 3191 1575 alendis
3214 1530 3434 1589 aptum;
3463 1520 3646 1574 littera

2074 1635 2201 1675 vero
2247 1629 2479 1675 mentem
2530 1626 2587 1671 et
2639 1629 2857 1671 sensum
2925 1614 3314 1683 complectens,
3363 1614 3517 1684 palea
3567 1612 3650 1665 fu-

2073 1715 2199 1771 erit.

463 1857 483 1945 ζ
519 1895 629 1948 Kal
680 1857 899 1950 παιδίον
924 1857 1265 1967 νήπιονῆἐπὶν
1289 1897 1548 1969 τρωγλῶν
1583 1898 1845 1961 ἀσπίδων,
1880 1898 1970 1950 καὶ

2149 1891 2314 1947 Vens.
2354 1893 2408 1947 8.
2443 1912 2461 1944 σ
2494 1893 2558 1947 Et
2584 1907 2716 1962 puer
2757 1891 2935 1946 infans
2967 1891 3019 1945 in
3057 1890 3323 1946 foramina
3376 1891 3648 1961 aspidum,

385 1984 479 2037 ἐπὶ
504 1985 690 2057 κοίτην
735 1986 974 2054 ἐκγόνων
1018 1986 1259 2040 ἀσπίδων
1296 1988 1395 2059 τήν
1431 1991 1589 2059 χεῖρα
1629 1988 1893 2041 ἐπιϐαλεῖ.
1950 2007 1969 2040 ι

387 2075 541 2145 Τάχα
572 2075 628 2128 δὲ
656 2075 897 2147 τρῶγλαι
921 2077 1015 2128 καὶ
1043 2079 1217 2129 κοῖται
1246 2077 1490 2130 ἀσπίδων
1519 2077 1741 2131 καὶτῶν
1766 2076 1976 2139 τούτοις

387 2166 741 2236 γεννημάτων
774 2162 883 2218 εἷεν
900 2165 965 2219 ἂν
979 2166 1073 2220 καὶ
1099 2167 1165 2221 τὰ
1183 2166 1411 2237 σώματα
1435 2167 1544 2220 τῶν
1573 2168 1679 2221 ὑπὸ
1704 2168 1976 2238 δαιμόνων

389 2255 807 2325 ἐνοχλουμένων,
841 2252 922 2319 οἷς
968 2256 1356 2326 ἐμφωλεύοντα
1407 2258 1476 2312 τὰ
1528 2258 1836 2330 ἐρπυστικά
1882 2260 1977 2312 καὶ

394 2344 572 2397 ίοδόλα
593 2344 878 2414 πνεύματα
895 2346 1224 2413 ἐκοιτάζετο,
1242 2347 1515 2418 τρώγλαις
1535 2348 1721 2420 ῶσπερ
1741 2352 1853 2412 τοῖς
1880 2348 1975 2403 τοῦ

391 2430 640 2502 σώματος
668 2434 1041 2506 αἰσθητηρίοις
1056 2435 1331 2507 χρώμενα.
1368 2438 1548 2491 Ταῦτα
1574 2439 1630 2490 δέ
1659 2439 1718 2492 τὸ
1739 2440 1975 2511 Χριστοῦ

392 2524 623 2587 παιδίον,
665 2526 807 2597 ἀνήρ
835 2543 919 2589 τις
948 2527 1151 2591 ἁπλοῦς
1181 2528 1274 2580 καὶ⁹
1301 2529 1397 2599 τὴν
1430 2531 1626 2584 κακίαν
1671 2532 1973 2603 νηπιάζοον,

387 2616 454 2684 τῇ
481 2614 575 2667 τοῦ
605 2616 856 2686 Σωτῆρος
883 2618 1187 2673 ἀπελαῦνον
1215 2620 1461 2690 δυνάμει,
1497 2622 1594 2693 τὴν
1624 2625 1779 2695 χεῖρα
1810 2619 1975 2677 αὐτοῦ

387 2705 665 2778 ἐπιτίθησι
721 2708 885 2778 μηδὲν
928 2715 1245 2765 κακοποιεῖν
1297 2712 1619 2784 δυναμένοις
1653 2714 1741 2768 διὰ
1782 2716 1872 2769 τὸν
1911 2717 1975 2769 ἐκ

391 2793 548 2868 ῥίζης
612 2797 810 2852 Ἰεσσαὶ
863 2800 1212 2871 ’προελθόντα⁸
1243 2802 1302 2866 ὃς
1359 2803 1605 2868 ἐξουσίαν
1657 2808 1827 2860 ἐδίδου
1861 2811 1975 2872 τοῖς

388 2887 552 2940 αὐτοῦ
591 2889 823 2955 παιδίοις
857 2895 1046 2945 πατεῖν
1094 2893 1279 2947 ἐπάνω
1328 2895 1502 2964 ὄφεων
1534 2899 1626 2951 καὶ
1676 2901 1972 2970 σκορπίων,

388 2980 481 3031 καὶ⁵
512 2980 604 3033 ἐπὶ
632 2983 809 3035 πᾶσαν
838 2983 935 3054 τήν
956 2984 1186 3055 δύναμιν
1208 2986 1303 3039 τοῦ
1334 2987 1548 3058 ἐχθροῦ.

462 3087 483 3121 σ
522 3071 632 3125 Καὶ
664 3073 724 3126 οὐ
771 3074 845 3145 μὴ
900 3079 1348 3147 κακοποιήσουσι,
1380 3080 1499 3133 οὐδὲ
1542 3081 1616 3153 μὴ
1656 3082 1971 3154 δυνήσονται

387 3161 649 3217 ἀπολέσαι
701 3166 890 3219 οὐδένα
932 3168 1025 3222 ἐπὶ
1056 3170 1118 3223 τὸ
1156 3170 1281 3242 ὅρος
1304 3174 1365 3226 τὸ
1403 3175 1557 3242 ἅγιόν
1590 3193 1705 3229 σου.
1748 3197 1766 3228 ι
1802 3178 1971 3232 Τοῦτο

386 3252 445 3304 δέ
466 3255 583 3306 ἐστι
604 3255 664 3307 τὸ
690 3255 816 3327 ὅρος
848 3258 907 3310 τὸ
933 3259 1027 3311 καὶ
1071 3260 1161 3314 διὰ
1328 3230 1637 3337 ἔμπροσθεν
1669 3230 1973 3339 δεδηλωμέί-
1999 3230 2041 3289 C

388 3356 499 3405 νον,
528 3343 628 3395 οὐκ
672 3344 798 3397 ἄλλο
820 3364 872 3399 τι
896 3346 955 3400 δν
992 3350 1085 3403 τοῦ
1125 3353 1447 3423 ἐπουρανίου
1489 3357 1582 3409 καὶ
1616 3357 1970 3426 εὐαγγελικοῦ

389 3430 567 3500 λόγου,
600 3434 686 3503 ἐφ’
716 3427 776 3488 οὐ
806 3440 834 3490 ό
862 3432 1010 3504 οἶκος
1040 3441 1132 3494 τοῦ
1173 3444 1331 3509 Θεοῦ,
1356 3445 1509 3519 καὶή
1545 3448 1842 3519 Ἐκκλησία
1872 3451 1971 3503 αὐ·-

387 3524 480 3578 τοῦ
501 3525 865 3599 ᾠκοδόμηται.
897 3532 1013 3585 Ἵνα
1026 3534 1157 3603 γοῦν
1183 3540 1256 3610 μή
1286 3556 1368 3603 τις
1391 3538 1453 3593 τὸ
1483 3541 1717 3596 ἐνταῦθα
1748 3544 1976 3615 λεγόμε-

386 3632 474 3668 νον
517 3616 641 3688 ὅρος
674 3621 870 3695 νομίσῃ
892 3618 1031 3678 εἶναι
1057 3627 1118 3680 τὸ
1151 3628 1209 3681 ἐν
1241 3630 1397 3701 μέρει
1425 3632 1627 3699 γωνίας
1641 3634 1743 3703 τῆς
1769 3635 1974 3689 Παλαι-

389 3708 572 3780 στίνης
612 3711 884 3779 Ἰουδαίοις
932 3718 1359 3793 ὑπειλημμένον,
1411 3724 1663 3795 διασαφεῖ
1704 3726 1802 3799 τήν
1852 3728 1971 3781 διά-

385 3814 533 3852 νοιαν
562 3799 688 3873 ἑξῆς
725 3803 1019 3878 ἐπιφέρων·
1050 3828 1069 3861 ι
1124 3811 1248 3864 Ὅτι
1278 3813 1587 3885 ἐνεπλήσθη
1622 3818 1655 3886 ή
1707 3816 1973 3886 σύμπασα

383 3889 455 3959 γῆ
481 3891 574 3944 τοῦ
600 3894 801 3960 γνῶναι
829 3898 921 3951 τὸν
952 3900 1178 3972 Κύριον,
1214 3903 1291 3966 ὼς
1330 3902 1474 3976 ὕδωρ
1500 3906 1635 3960 πολὺ
1661 3908 1972 3962 κατακαλύ-

383 3978 482 4073 om
528 3980 821 4073 θαλάσσαςο
858 4006 876 4037 ι
912 3988 1055 4041 οὕτω
1091 3993 1372 4061 σημαίνων
1416 3994 1513 4066 τὴν
1546 3997 1666 4050 καθ’
1695 3998 1825 4070 ὅλης
1873 4000 1974 4073 τῆς

382 4071 710 4163 οίκουμένης
744 4074 1030 4148 ἱδρυμένην
1084 4080 1411 4153 Ἐκκλησίαν
1445 4085 1603 4151 Θεοῦ,
1644 4089 1739 4143 καὶ
1771 4092 1870 4163 τὴν
1914 4071 1972 4146 ἐν

382 4161 520 4255 αὐτῇ
546 4167 960 4255 κηρυττομένην
985 4170 1182 4243 εὐσεϐῆ
1206 4173 1429 4242 γνῶσιν,
1457 4178 1557 4249 τήν
1580 4182 1686 4234 πᾶν
1716 4182 1776 4235 τὸ
1797 4161 1973 4255 ἀλμυ-

385 4251 479 4323 ρὸν
508 4253 607 4324 τῆς
641 4256 839 4320 κακίας
874 4258 967 4311 τοῦ
1011 4259 1149 4329 βίου,
1181 4262 1371 4338 ὥσπερ
1405 4268 1584 4340 πολλῷ
1630 4271 1709 4343 τῷ
1741 4251 1972 4345 ῥεύματι

383 4347 847 4414 κατακλύζουσαν,
897 4354 993 4405 καὶ
1033 4354 1215 4409 πᾶσαν
1252 4355 1432 4429 ψυχῆς
1485 4361 1786 4436 μοχθηρίαν
1836 4367 1965 4420 ἀπο-

386 4436 776 4509 καθαίρουσαν.

459 4635 477 4668 ι
520 4617 632 4672 Kal.
665 4617 815 4675 ἔσται
847 4622 906 4676 ἐν
942 4624 1126 4699 ἐκείνῃ
1151 4629 1217 4699 τῇ
1253 4629 1440 4701 ἡμέρᾳ
1467 4631 1500 4701 ή
1532 4631 1655 4703 ῥίζα
1695 4633 1790 4687 τοῦ
1828 4635 1961 4689 Ἰεσ-

383 4710 493 4775 σαὶ,
522 4711 615 4799 καὶ
642 4714 670 4765 6
715 4714 1071 4787 ἀνιστάμενος
1102 4719 1289 4791 ἄρχειν
1324 4720 1512 4775 ἐθνῶν·
1545 4724 1631 4775 ἐπ’
1662 4725 1809 4797 αὐτῷ
1835 4726 1963 4799 ἔθνη

379 4797 649 4891 ἐλπιοῦσιῇ
676 4806 769 4891 καὶ
798 4805 949 4861 ἔσται
978 4811 1010 4880 ή
1056 4811 1363 4876 ἀνάπαυσις
1410 4814 1576 4869 αὐτοῦ
1604 4818 1759 4889 τιμή.
1796 4837 1812 4869 ι
1876 4797 1965 4873 Ἐν

379 4892 560 4966 ἐκείνῃ
590 4889 683 4950 οὖν
814 4899 1018 4971 ἡμέρᾳ,
1058 4901 1217 4972 δῆλον
1249 4904 1305 4956 δὲ
1335 4904 1418 4957 ὅτι
1461 4907 1602 4961 κατὰ
1634 4911 1725 4962 τὸν
1747 4926 1961 4981 προφη-

377 4984 666 5071 τευόμενον
710 4991 918 5061 χρόνον,
952 4986 1109 5059 οὗτος
1158 4996 1319 5060 αὐτὸς
1349 4999 1413 5051 ἐκ
1445 4998 1544 5069 τῆς
1569 5000 1726 5071 ῥίζης
1766 5002 1964 5056 Ἰεσσαὶ

380 5069 834 5165 ἀναστησόμενος,
867 5083 1005 5152 μετά
1020 5084 1080 5137 τὸ
1103 5085 1418 5158 ἀναστῆναι,
1445 5069 1692 5160 δηλονότι.
1711 5092 1847 5163 μετά
1864 5093 1964 5165 τὴν

381 5161 669 5253 ἐκῗνεκρῶν
702 5171 1015 5239 ἀνάστασιν,
1051 5176 1151 5229 οὐκ
1188 5178 1451 5233 Ἰουδαίων
1502 5181 1653 5235 ἔσται
1683 5161 1961 5253 βασιλεὺς,

378 5252 497 5307 οὐδὲ
525 5254 712 5330 ὥσπερ
736 5262 896 5327 αὐτὸς
927 5266 955 5318 6
975 5265 1137 5320 Δαυῖδ
1170 5268 1300 5321 οἵτε
1320 5268 1507 5323 τούτου
1547 5252 1799 5342 διάδοχοι,
1830 5274 1962 5345 βρα-

376 5345 530 5415 χείας
575 5348 718 5412 τινὸς
750 5355 950 5418 γωνίας
977 5358 1263 5430 κρατήσει,
1300 5358 1402 5431 τῆς
1430 5361 1473 5414 δ’
1512 5362 1827 5435 ἁπανταχοῦ
1859 5366 1961 5436 γῆς

375 5436 545 5508 ἄρξει.
580 5440 670 5493 Διὸ
696 5443 946 5514 οὐδαμῶς
993 5448 1222 5505 θάνατον
1256 5452 1567 5524 ὑπογράφει
1607 5457 1793 5510 αὐτοῦ’
1826 5459 1961 5512 ἀνά-

376 5550 573 5585 παυσιν
598 5534 656 5587 δὲ
683 5536 957 5607 ὀνομάζει,
986 5544 1079 5597 καὶ
1107 5544 1284 5611 δόξαν,
1316 5547 1413 5601 καὶ
1442 5551 1629 5620 τιμήν.
1662 5549 1831 5604 Τοῦτο
1853 5551 1961 5621 γὰρ

371 5621 438 5697 ῆν
470 5626 532 5681 τὸ
578 5629 732 5695 τέλος
780 5632 882 5702 τῆς
921 5636 1013 5688 τοῦ
1059 5638 1311 5711 Σωτῆρος
1339 5641 1497 5713 ήμῶν
1526 5645 1605 5707 είς
1639 5643 1959 5716 ἀνθρώπους

369 5718 701 5806 οἰκονομίας
757 5722 786 5775 ὃ
833 5723 895 5795 δή
940 5727 1034 5779 καὶ
1068 5728 1230 5793 αὐτὸς
1261 5733 1289 5783 6
1318 5732 1511 5806 Σωτὴρ
1541 5734 1697 5806 ήμῶν
1723 5735 1957 5799 δεικνὺς.

372 5804 552 5877 ἔλεγεν
579 5810 639 5865 ἐν
658 5815 723 5884 τῇ
747 5814 884 5886 πρὸς
910 5816 998 5870 τὸν
1031 5818 1248 5890 Πατέρα
1274 5824 1427 5894 εὐχῇσ
1451 5804 1489 5875 «ἡ
1510 5804 1712 5895 Πάτερ,
1742 5825 1961 5892 δόξασόν

2077 1984 2214 2037 etin
2257 1984 2453 2037 cubilia
2503 1983 2738 2036 filiorum
2796 1982 3043 2050 aspidum
3101 1998 3317 2036 manum
3358 1981 3586 2051 injiciet.
3624 2000 3644 2033 ι

2079 2075 2368 2129 Foramina
2404 2084 2458 2130 et
2499 2076 2695 2130 cubilia
2732 2077 2980 2146 aspidum
3014 2090 3077 2129 ac
3111 2075 3396 2146 progenies
3435 2089 3651 2134 eorum.

2080 2166 2312 2222 fortasse
2354 2182 2586 2236 corpora
2638 2166 2843 2221 fuerint
2884 2183 3071 2222 eorum
3107 2167 3197 2236 qni
3239 2182 3268 2221 a
3312 2166 3652 2221 daemonibus

2081 2260 2381 2328 agitantur,
2417 2260 2505 2314 ubi
2538 2275 2635 2315 ceu
2670 2261 2722 2314 in
2755 2259 2992 2314 latibulis
3023 2268 3075 2313 et
3118 2258 3288 2313 foveis
3323 2257 3545 2328 reptiles
3573 2258 3649 2312 illi

2078 2362 2134 2406 et
2166 2352 2415 2406 venenati
2449 2352 2671 2422 spiritus
2700 2352 2921 2413 cubant,
2953 2350 3234 2420 corporeis
3274 2350 3528 2405 sensibus
3553 2364 3651 2404 ceu

2078 2443 2438 2498 foraminibus
2468 2452 2699 2498 utentes.
2758 2443 2865 2498 Hos
2913 2458 3079 2511 porro
3129 2456 3260 2512 puer
3310 2442 3536 2505 Christi,
3572 2443 3658 2497 vir

2078 2540 2257 2609 quivis
2284 2540 2510 2609 simplex
2542 2549 2599 2595 et
2628 2539 2835 2593 malitia
2866 2538 3072 2601 infans,
3108 2538 3410 2593 Salvatoris
3455 2540 3657 2593 virtute

2082 2632 2373 2700 depellcns,
2413 2648 2631 2685 manum
2664 2632 2815 2686 su'am
2864 2632 2929 2687 iis
2973 2630 3170 2700 injicit,
3222 2631 3358 2686 nihil
3398 2631 3525 2685 mali
3564 2632 3650 2685 in-

2080 2723 2225 2779 ferre
2252 2725 2580 2785 valentibus.
2608 2735 2829 2794 propter
2867 2739 2988 2779 eum
3013 2725 3102 2795 qui
3150 2742 3211 2780 ex
3259 2724 3440 2779 radice
3482 2723 3651 2779 Jessm

2077 2818 2299 2887 prodiit,
2358 2819 2449 2888 qui
2496 2828 2816 2886 potestatem
2872 2818 2996 2873 filiis
3030 2821 3140 2874 suis
3208 2817 3357 2872 dedit
3404 2817 3647 2871 calcandi

2075 2925 2237 2980 supra
2285 2922 2567 2981 serpentes
2614 2923 2669 2967 et
2728 2914 3073 2983 scorpiones,
3116 2922 3171 2965 et
3214 2925 3374 2982 supra
3431 2925 3649 2965 omnem

2073 3000 2329 3052 virtutem
2366 2999 2590 3052 inimici.

2146 3088 2310 3144 Vens.
2338 3091 2391 3145 9.
2455 3109 2473 3139 ι
2501 3090 2565 3145 Ει
2595 3106 2699 3145 non
2748 3092 3041 3157 nocebunt,
3093 3106 3193 3146 nec
3241 3102 3495 3161 poterunt
3523 3107 3647 3161 per-

2075 3182 2204 3237 dere
2241 3196 2570 3251 quemquam
2629 3183 2681 3237 in
2732 3193 2919 3238 monte
2971 3194 3163 3239 sancto
3222 3193 3334 3238 tuo.
3372 3202 3391 3235 ι
3441 3182 3539 3239 Hic
3568 3194 3653 3237 est

2078 3290 2234 3327 mnus
2278 3275 2366 3329 ille
2408 3276 2659 3344 superius
2718 3287 3071 3340 memoratus,
3126 3290 3228 3330 nec
3285 3274 3446 3340 alius,
3487 3291 3650 3346 quam

2075 3364 2297 3419 caeleste
2323 3375 2377 3419 et
2408 3367 2781 3436 evangelicum
2811 3368 3058 3432 verbum,
3088 3366 3141 3420 in
3172 3380 3279 3436 quo
3319 3370 3515 3423 domus
3555 3367 3649 3421 Dei

2073 3466 2129 3511 et
2166 3457 2404 3511 Ecclesia
2435 3456 2552 3525 ejus
2584 3458 2850 3511 aediﬁcata
2894 3467 3000 3513 est.
3055 3457 3133 3513 Ne
3178 3459 3303 3529 quis
3345 3459 3515 3530 igitur
3567 3460 3656 3513 hic

2074 3560 2435 3601 memoratum
2467 3557 2727 3613 montem,
2755 3548 2901 3602 illum
2938 3550 3168 3603 aestimet
3192 3565 3334 3615 esse,
3375 3566 3537 3621 quem
3559 3550 3655 3605 Ju-

2074 3638 2175 3691 daei
2229 3640 2544 3706 opinantur,
2596 3640 2645 3692 in
2708 3639 2905 3707 angulo
2947 3640 3246 3695 Palmstinze
3292 3642 3482 3705 situm,
3526 3642 3655 3695 dicti

2076 3738 2308 3784 mentem
2339 3729 2574 3797 explicat
2633 3744 2698 3783 ac
2754 3728 3053 3799 subjungit,
3101 3750 3120 3781 σ
3152 3730 3290 3797 Quia
3331 3732 3532 3801 repleta
3567 3744 3654 3785 est

2074 3824 2325 3877 universa
2404 3832 2550 3877 terra
2613 3821 2921 3892 cognitione
2973 3825 3206 3889 Domini,
3278 3825 3351 3879 ita
3402 3835 3461 3878 ut
3512 3840 3650 3893 aqua

2073 3914 2238 3969 nmlta
2270 3915 2484 3985 operiat
2517 3916 2726 3972 maria:
2762 3935 2782 3969 ι
2823 3917 2901 3971 sic
2942 3916 3190 3972 indicans
3227 3917 3524 3972 Ecclesiam
3554 3917 3647 3971 Dci
3698 3906 3711 3920 ’

2072 4022 2171 4077 per
2200 4016 2372 4061 totum
2396 4008 2584 4062 orbem
2616 4008 2940 4072 staliililam,
2990 4009 3244 4078 piamque
3273 4010 3647 4081 cognitionem

2072 4102 2127 4157 in
2171 4100 2257 4154 illa
2318 4100 2697 4170 praedicatam,
2740 4115 2863 4170 quae
2900 4112 3069 4157 totam
3112 4104 3367 4173 nequitia:
3426 4100 3650 4169 hujusce

2072 4195 2197 4248 vita:
2245 4192 2576 4263 salsuginem
2618 4208 2716 4250 ceu
2752 4210 2944 4265 magno
2978 4210 3244 4265 aquarum
3276 4194 3442 4249 fluctu
3486 4195 3651 4249 inun-

2072 4286 2186 4350 det,
2224 4293 2279 4339 et
2315 4294 2478 4340 totam
2504 4285 2700 4340 animae
2729 4286 3030 4383 nequitiam
3058 4295 3348 4356 expurget.

2141 4629 2309 4687 Vens.
2336 4628 2426 4685 10.
2472 4647 2492 4681 ι
2524 4628 2590 4684 Et
2613 4630 2715 4685 erit
2745 4629 2797 4684 in
2833 4629 2919 4685 die
2946 4628 3034 4684 illa
3067 4629 3220 4684 radix
3248 4628 3437 4695 Jessze,
3467 4637 3524 4685 et
3549 4631 3647 4701 qui

2071 4726 2312 4795 exsurgit
2354 4723 2627 4793 imperare
2659 4725 2953 4795 gentibus:
2986 4723 3038 4776 in
3075 4724 3193 4793 ipso
3226 4732 3415 4795 gentes
3461 4738 3649 4793 spera-

2071 4817 2247 4871 bunt:
2288 4825 2343 4871 et
2396 4816 2503 4871 erit
2550 4817 2764 4885 requies
2811 4816 2929 4881 ejus
2981 4816 3227 4870 honour
3277 4816 3331 4869 In
3376 4815 3466 4870 illa
3518 4831 3651 4886 ergo

2072 4909 2179 4971 die,
2224 4918 2283 4961 ut
2315 4908 2489 4978 palam
2537 4918 2651 4972 est,
2683 4908 2736 4961 in
2772 4917 3017 4977 tempore
3051 4924 3080 4961 a
3120 4907 3401 4978 prophetia
3437 4916 3646 4971 notato,

2069 5000 2159 5055 hic
2188 5000 2302 5069 ipse
2334 5002 2425 5070 qui
2462 5014 2526 5055 ex
2564 5002 2746 5055 radice
2771 4999 2941 5055 Jessaa
2972 5010 3324 5055 surrecturus
3357 5009 3463 5063 est,
3501 5011 3650 5069 p05t-

2068 5107 2231 5163 quam
2275 5093 2611 5159 surrexerit,
2659 5093 2709 5146 id
2753 5102 2869 5156 est,
2907 5104 3029 5162 post.
3077 5094 3532 5164 resurrectionem
3582 5108 3650 5145 ex

2067 5187 2317 5249 mortuis,
2367 5198 2471 5237 non
2523 5183 2830 5240 Judaeorum
2883 5201 2976 5240 rex
3026 5186 3163 5250 erit,
3216 5199 3391 5254 neque
3429 5185 3652 5253 perinde

2066 5284 2229 5341 atque
2259 5274 2424 5327 David
2453 5272 2678 5344 ejusque
2718 5289 3087 5347 successores,
3126 5276 3180 5330 in
3216 5289 3384 5343 parvo
3410 5275 3647 5343 quodam

2064 5365 2260 5437 angulo
2305 5366 2611 5436 imperabit,
2655 5366 2747 5421 sed
2785 5367 2837 5421 in
2879 5368 3190 5422 universam
3226 5377 3427 5421 terram
3477 5367 3651 5436 impe-

2064 5458 2202 5510 rium
2232 5457 2513 5513 obtinebit.
2545 5457 2723 5524 Quare
2753 5474 3015 5528 nusquam
3045 5460 3162 5528 ejus
3192 5466 3418 5513 mortem
3447 5460 3651 5528 scripto

2064 5548 2246 5614 tradit,
2271 5549 2365 5605 sed
2400 5550 2647 5619 requiem
2679 5560 2855 5618 vocat,
2884 5549 3108 5621 gloriam
3141 5558 3195 5604 et
3228 5549 3511 5605 honorem.
3545 5550 3647 5609 Hic

2062 5640 2258 5712 quippe
2300 5641 2608 5698 Servatoris
2644 5643 2814 5699 nostri
2847 5657 2975 5712 erga
3028 5641 3277 5697 homines
3328 5644 3647 5698 mconomiae

2062 5732 2185 5788 ﬁnis
2236 5744 2353 5789 erat
2402 5753 2416 5790 :
2467 5736 2608 5804 quod
2674 5736 2789 5804 ipse
2854 5732 3115 5790 Servator
3177 5734 3381 5790 indicat
3433 5735 3486 5789 in
3543 5751 3639 5789 sua

2064 5828 2129 5883 ad
2178 5827 2391 5885 Patrem
2446 5830 2692 5886 oratione
2737 5830 2823 5885 his
2861 5826 3085 5885 verbis:
3125 5844 3145 5879 ι
3176 5826 3358 5895 Pater,
3402 5827 3643 5897 glorifica
