4118 6392
481 363 582 418 Ιτῦ

1120 363 1391 419 EUSEBll
1430 362 1913 422 CIESARIENSIS
1951 365 2099 422 OPP.
2143 366 2321 424 PARS
2357 366 2447 422 Ill.
2485 398 2554 411 -—
2595 367 3014 426 EXECETICA.

3642 380 3746 436 Πθ

479 492 568 533 me
615 475 785 548 gloria
835 491 996 544 quam
1050 474 1248 540 habui,
1294 483 1583 545 antequam
1637 478 1868 534 mundus
1917 486 2055 533 esset

2163 497 2228 550 με
2258 481 2324 552 τῇ
2357 477 2484 552 δόξῃ
2516 473 2720 554 ᾖείχον
2753 482 2859 552 πρὸ
2900 481 2994 536 τοῦ
3026 480 3118 536 τὸν
3162 483 3368 554 κόσμον
3396 481 3558 554 εἶναι,
3595 493 3745 564 παρὰ

481 571 622 638 apud
662 581 736 625 te.
763 589 782 622 ι

549 662 714 718 Vens.
748 662 835 717 ll.
871 681 889 714 ι
919 660 986 716 Et
1021 659 1128 715 erit
1157 659 1208 713 in
1241 658 1326 714 die
1370 658 1491 722 illa,
1526 659 1742 728 adjiciet
1795 660 2058 716 Dominus

479 758 761 812 ostendere
809 769 1026 809 manum
1076 766 1260 815 suam,
1304 751 1372 806 ad
1434 752 1716 806 zelandum
1783 754 2058 809 residuum

479 848 695 917 populi,
746 845 888 916 quod
941 844 1189 899 relictum
1251 843 1413 898 fuerit
1459 846 1528 898 ab
1567 844 1842 915 Assyriis,
1888 854 1942 898 et
1991 845 2060 900 ab

476 938 706 1010 Egypto
729 949 783 994 et
808 952 838 991 a
873 937 1193 1008 Babylonia,
1224 947 1280 990 et
1319 935 1386 990 ab
1422 935 1724 1004 Ethiopia,
1755 947 1811 990 et
1837 934 1906 990 ab
1937 937 2061 990 Ela-

477 1032 644 1094 mitis,
683 1031 834 1085 etab
877 1041 1002 1085 ortu
1045 1029 1196 1094 solis,
1238 1039 1291 1082 et
1326 1043 1392 1082 ex
1440 1029 1661 1083 Arabia.
1705 1027 1841 1094 Quia
1895 1028 2061 1095 igitur

474 1125 734 1195 propheta
777 1137 926 1187 eum,
953 1122 1044 1192 qui
1075 1136 1138 1176 ex
1177 1122 1360 1176 radice
1399 1119 1568 1175 Jessae
1617 1131 1804 1191 surget
1840 1120 1908 1175 ad
1957 1121 2060 1174 im-

477 1218 772 1286 perandum
802 1215 1072 1285 gentibus,
1105 1214 1432 1271 vaticinatus
1459 1222 1564 1278 est,
1595 1213 1923 1283 adjecitqne,
1953 1231 1972 1265 ι
2005 1214 2057 1268 in

473 1324 599 1365 eum
640 1317 828 1380 gentes
857 1309 1180 1378 sperabunt;
1212 1325 1231 1360 ι
1273 1305 1557 1362 Judaicum
1595 1307 1722 1360 item
1758 1320 1930 1374 genus
1967 1321 2062 1361 ne-

475 1403 716 1459 cessario
758 1412 1022 1459 memorat
1073 1407 1124 1457 in
1172 1400 1460 1472 praesenti;
1515 1413 1588 1454 ne
1637 1400 1758 1468 quis
1812 1400 2059 1469 suspicao

480 1509 633 1554 retur
659 1513 808 1564 eum,
839 1498 931 1568 qui
963 1497 1015 1552 in
1052 1495 1340 1568 prephetia
1384 1493 1577 1558 fertur,
1620 1493 1815 1564 pepulo
1845 1507 1912 1546 ex
1953 1492 2058 1547 cir-

476 1593 813 1650 cumcisione
865 1590 1001 1646 nihil
1041 1589 1295 1645 utilitatis
1349 1587 1638 1643 allaturum
1707 1600 1849 1642 esse.
1890 1585 2059 1640 Docet

478 1687 683 1756 itaque,
729 1699 837 1755 quo
873 1694 1032 1755 pacto
1077 1702 1096 1736 ι
1129 1684 1182 1737 in
1227 1681 1313 1736 die
1357 1681 1478 1745 illa;
1506 1698 1524 1730 υ
1563 1679 1616 1734 id
1658 1687 1772 1744 est,
1821 1689 2058 1749 tempore

476 1783 741 1834 adventus
784 1777 876 1848 qui
911 1777 960 1832 in
991 1775 1246 1830 vaticinio
1274 1773 1612 1836 enuntiatur,
1651 1789 1669 1823 ι
1700 1772 1917 1839 adjiciet
1950 1771 2055 1826 Do-

480 1869 662 1924 minus
702 1866 986 1924 ostendere
1018 1880 1234 1920 manum
1281 1880 1459 1930 suam,
1491 1865 1557 1917 ad
1590 1863 1874 1918 zelandum
1920 1862 2054 1916 resi-
2087 1840 2127 1900 Β

479 1962 645 2015 duum
677 1959 878 2030 populi.
904 1977 924 2012 ι
957 1958 1062 2014 Pro
1088 1973 1195 2028 quo
1235 1956 1426 2027 Aquila
1449 1995 1465 2022 ,
1501 1973 1520 2006 ι
1558 1953 1813 2022 Adjiciet,
1858 1953 2052 2024 inquit,

479 2052 738 2108 Dominus
777 2050 1016 2108 secundo
1047 2065 1261 2105 mamnn
1298 2064 1474 2111 suam,
1519 2049 1584 2102 ad
1632 2045 1914 2102 zelandum
1971 2061 2056 2100 re—

476 2145 691 2200 siduum
741 2143 922 2214 populi
973 2143 1138 2208 sui”
1181 2141 1563 2214 Symmachus,
1614 2159 1632 2192 ι
1663 2137 1895 2209 Adjiciet
1946 2136 2054 2193 Do-

477 2236 656 2291 minus
690 2235 928 2291 secundo
975 2249 1192 2288 manum
1233 2249 1411 2298 suam,
1440 2233 1506 2286 ad
1541 2230 1928 2302 possidendum
1969 2244 2057 2286 re-

475 2330 691 2386 siduum
725 2328 905 2399 populi
933 2326 1039 2384 sui.
1065 2344 1085 2378 ι
1119 2327 1586 2395 Quemadmodum
1621 2326 1768 2380 enim
1797 2323 2053 2380 amictum

475 2420 758 2478 Judaicum
788 2418 1043 2490 populum
1070 2417 1237 2474 semel
1265 2418 1333 2473 ab
1367 2419 1720 2487 oppressione
1768 2417 2056 2482 liberavit,

481 2526 642 2566 manu
690 2525 788 2566 sua
825 2508 1152 2564 mirabilium
1201 2507 1473 2564 ell'ectrice
1523 2524 1619 2577 per
1673 2507 1906 2580 Moysem
1955 2521 2055 2561 ex-

482 2614 676 2658 tensa:
707 2617 813 2672 qua
848 2615 1010 2656 manu
1049 2600 1309 2671 stupenda
1355 2600 1440 2654 illa
1476 2600 1720 2671 prodigia
1754 2600 1807 2654 in
1840 2598 2057 2670 Egypti

479 2694 704 2766 regione
747 2693 947 2760 edidit;
993 2695 1185 2749 eodem
1233 2693 1392 2748 modo
1442 2693 1639 2747 iterum
1684 2690 1905 2761 adiiciet
1954 2706 2061 2745 ma-

479 2804 608 2845 num
641 2803 818 2851 suam,
859 2789 1013 2858 quasi
1048 2788 1285 2842 secunda
1321 2801 1439 2841 vice
1474 2784 1810 2840 mirabilibus
1836 2784 2057 2840 edendis

477 2881 732 2951 operibus
762 2881 907 2935 illam
954 2894 1216 2946 movens;
1251 2889 1308 2934 ut
1349 2879 1621 2934 residuum
1661 2877 1840 2949 populi
1879 2875 2056 2948 possi-

478 2975 622 3041 deat,
651 2988 714 3028 ac
748 2974 986 3028 studiose
1028 2982 1331 3028 conservet.
1383 2970 1517 3025 Nam
1554 2971 1666 3026 sive
1712 2971 1766 3024 in
1809 2969 2058 3042 Assyrio-

481 3083 601 3122 rum
653 3067 911 3137 regione,
955 3067 1072 3122 sive
1120 3066 1175 3120 in
1221 3064 1486 3137 )Egyplo,
1544 3065 1595 3119 in
1649 3063 1950 3136 Babylone,
2002 3064 2054 3117 in

2163 575 2264 627 σοί.
2309 593 2329 625 ι

2235 685 2253 716 ι
2287 665 2402 718 Καὶ
2429 663 2581 720 ἔσται
2609 669 2675 737 τῇ
2708 667 2894 738 ἡμέρᾳ
2922 667 3130 742 ἐκείνῃ,
3157 672 3458 744 προσθήσει
3485 675 3513 728 ό
3546 673 3750 748 Κύριος

2160 757 2254 811 τοῦ
2285 756 2453 822 δεῖξαι
2487 757 2586 828 τὴν
2629 761 2787 830 χεῖρα
2833 759 3019 825 αὐτοῦ,
3073 762 3167 816 τοῦ
3207 764 3446 835 ζηλῶσαι
3474 767 3535 820 τὸ
3574 785 3745 823 κατα.

2159 850 2373 920 λειφθὲν
2407 850 2702 906 ὑπόλοιπον
2745 851 2839 905 τοῦ
2881 853 3032 918 λαοῦ,
3079 855 3109 908 δ
3153 856 3220 910 ἂν
3257 858 3591 932 καταλειφθῇ
3641 862 3749 916 ἀπὺ

2159 943 2269 999 τῶν
2316 944 2621 1016 Ἀσσυρίων
2662 947 2761 1000 καὶ
2798 947 2907 1001 ἀπὸ
2943 948 3248 1018 Αἰγύπτου,
3275 953 3370 1006 καὶ
3424 953 3534 1007 ἀπὸ
3566 955 3745 1009 Βαϐυ-

2158 1036 2373 1102 λωνίας,
2417 1037 2512 1089 καὶ
2541 1036 2648 1090 ἀπὸ
2675 1038 2980 1103 Αίθιοπίας,
3013 1041 3108 1094 καὶ
3146 1041 3468 1114 Ἐλαμιτῶν,
3501 1045 3595 1098 καὶ
3639 1036 3748 1100 ἀπὸ

2159 1126 2308 1199 ἡλίου
2349 1125 2644 1191 ἀνατολῶν,
2683 1128 2777 1180 καὶ
2816 1127 2875 1192 ἐξ
2931 1129 3204 1200 Ἀραϐίας.
3249 1151 3268 1185 ι
3315 1133 3530 1206 Ἐπειδὴ
3569 1135 3747 1190 τοίνυν

2158 1221 2250 1274 τὸν
2282 1220 2639 1291 ἀνιστάμενον
2670 1223 2735 1274 ἐκ
2770 1221 2925 1293 ῥίζης
2967 1223 3166 1278 Ἰεσσαὶ
3216 1223 3403 1297 ἄρξειν
3434 1227 3543 1280 τῶν
3576 1226 3746 1284 ἐθνῶν

2158 1313 2442 1367 ἐθέσπισεν
2467 1315 2496 1367 ό
2527 1314 2832 1385 προφήτης,
2859 1315 2954 1367 καὶ
2982 1316 3281 1387 ἐπήγαγεν,
3315 1317 3397 1372 ὃτι
3433 1338 3450 1370 ι
3497 1319 3583 1373 ἐπ’
3599 1319 3747 1393 αὐτῷ

2158 1406 2286 1478 ἔθνη
2331 1406 2626 1460 ἐλπιοῦσιν·
2664 1425 2683 1458 ι
2721 1407 3039 1476 ἀναγκαίως
3065 1409 3159 1462 καὶ
3190 1408 3284 1463 τοῦ
3325 1411 3618 1466 Ἰουδαϊκοῦ
3654 1414 3746 1484 γέ-

2157 1514 2284 1562 νους
2334 1497 2606 1568 μέμνηται
2653 1497 2742 1551 διὰ
2789 1497 2884 1551 τοῦ
2933 1499 3317 1571 προκειμένου,
3374 1503 3509 1574 πρὸς
3555 1503 3617 1557 τδ
3670 1506 3744 1577 μὴ

2157 1589 2444 1644 ὑπολαϐεῖν
2468 1590 2556 1644 τὸν
2578 1589 3054 1664 προφητευόμενον
3106 1593 3273 1664 μηδὲν
3311 1593 3615 1667 ὠφελήσειν
3653 1597 3745 1650 τὸν

2157 1688 2222 1740 ἐκ
2243 1685 2543 1758 περιτομῆς
2574 1685 2722 1739 λαόν.
2762 1685 3014 1741 Διδάσκει
3047 1687 3250 1755 τοίνυν,
3279 1688 3355 1753 ὼς
3377 1690 3436 1745 ἐν
3469 1693 3534 1762 τῇ
3566 1692 3747 1765 ήμέρᾳ

2159 1779 2363 1851 ἐκείνῃ,
2401 1779 2679 1834 τουτέστιν
2712 1781 2769 1833 ἐν
2801 1779 2880 1850 τῷ
2924 1780 3102 1852 χρόνῳ
3137 1781 3240 1852 τῆς
3283 1783 3603 1853 ἐπιφανείας
3649 1785 3744 1838 τοῦ

2155 1871 2566 1943 θεσπιζομένου,
2592 1890 2612 1925 ι
2655 1872 2954 1945 προσθήσει
2981 1873 3183 1946 Κύριος
3203 1873 3300 1928 τοῦ
3324 1875 3494 1940 δεῖξαι
3514 1876 3613 1947 τὴν
3641 1879 3746 1948 χεῖ-

2159 1982 2225 2036 ρα
2259 1963 2446 2027 αύτοῦ,
2485 1963 2580 2018 τοῦ
2623 1964 2867 2035 ζηλῶσαι
2907 1964 2970 2018 τὸ
3011 1965 3369 2035 καταλειφθὲν
3402 1967 3495 2020 τοῦ
3529 1967 3677 2020 λαοῦ.
3720 1985 3739 2018 ι

2169 2050 2392 2112 Ἀνθόῦ
2432 2058 2461 2110 ὁ
2517 2057 2616 2128 μὲν
2663 2055 2920 2122 Ἀκύλας,
2972 2076 2990 2108 ι
3027 2057 3375 2129 Προσθήσει,
3425 2059 3584 2130 φησὶ,
3635 2058 3746 2112 Κύ-

2157 2167 2271 2223 ριος
2292 2149 2541 2222 δεύτερον
2565 2149 2664 2222 τὴν
2698 2152 2856 2221 χεῖρα
2886 2149 3076 2212 αὑτοῦ,
3105 2148 3201 2202 τοῦ
3235 2149 3476 2221 ζηλῶσαι
3513 2151 3576 2204 τὸ
3609 2151 3744 2204 ὑπό-

2156 2242 2365 2313 λειμμα
2390 2239 2484 2294 τοῦ
2507 2239 2638 2293 λαοῦ
2674 2239 2860 2294 αὐτοῦ·
2905 2258 2924 2292 ι
2959 2239 3063 2293 όδέ
3091 2239 3407 2310 Σύμμαχος,
3445 2257 3462 2290 ι
3502 2239 3742 2310 Προσθή-

2158 2351 2241 2387 σει
2268 2332 2474 2405 Κύριος
2514 2333 2579 2386 ἐκ
2606 2332 2861 2404 δευτέρου
2893 2331 2993 2403 τὴν
3027 2333 3184 2403 χεῖρα
3233 2329 3398 2385 αὐτοῦ
3439 2330 3746 2402 κτήσασθαι

2157 2426 2218 2480 τὸ
2266 2425 2580 2497 ὑπόλειμμα
2609 2423 2703 2478 τοῦ
2749 2423 2881 2479 λαοῦ
2917 2422 3104 2480 αὐτοῦ.
3146 2442 3165 2475 ι
3212 2423 3424 2496 Ὥσπερ
3461 2423 3571 2496 γάρ
3599 2422 3746 2490 ἀπαξ

2159 2518 2290 2572 ποτέ
2327 2520 2384 2571 ἐν
2414 2516 2675 2588 Αἰγύπτῳ
2707 2514 3180 2587 καταπονούμενον
3201 2515 3293 2567 τὸν
3322 2515 3430 2569 τῶν
3475 2514 3744 2569 Ἰουδαίων

2157 2611 2283 2666 λαὸν
2311 2610 2652 2684 ἠλευθέρωσε
2666 2610 2767 2681 τῆς
2797 2609 3115 2671 κακώσεως,
3137 2608 3237 2678 τὴν
3263 2611 3422 2679 χεῖρα
3447 2607 3613 2661 αὑτοῦ
3647 2607 3746 2679 τὴν

2159 2724 2234 2759 πα
2243 2705 2582 2778 ραδοξοποιὸν
2597 2707 2684 2761 διὰ
2705 2706 2839 2761 Μωῦ
2848 2703 2984 2766 σέως
3013 2702 3482 2774 προστησάμενος,
3496 2699 3564 2752 δι’
3582 2691 3652 2772 ἧς
3671 2698 3741 2752 τά

2159 2799 2436 2872 παράδοξα
2451 2799 2704 2870 θαύματα
2715 2795 3010 2869 εἰργάσατο
3025 2795 3117 2848 ἐπὶ
3133 2794 3229 2866 τῆς
3245 2792 3520 2863 Αἰγύπτου
3539 2793 3740 2864 χώρας·

2156 2892 2248 2946 τὸν
2276 2893 2440 2946 αὑτὸν
2476 2892 2679 2962 τρόπον
2714 2889 3012 2962 προσθήσει
3045 2887 3205 2940 πάλιν
3242 2885 3341 2958 τὴν
3365 2887 3523 2957 χεῖρα
3554 2883 3741 2949 αὐτοῦ,

2158 2980 2348 3054 ῶσπερ
2363 2985 2426 3036 ἐκ
2441 2981 2696 3052 δευτέρου
2721 2977 2888 3034 κινῶν
2908 2978 3077 3048 αὐτὴν
3098 2976 3186 3030 διὰ
3207 2974 3524 3048 παραδόξων
3543 2973 3742 3046 ἐργων,

2157 3072 2298 3146 ὑπὲρ
2323 3073 2416 3128 τοῦ
2446 3071 2774 3142 κτήσασθαι,
2794 3069 2890 3123 καὶ
2907 3069 3146 3140 ζηλωτὸν
3176 3069 3397 3140 ποιῆσαι
3413 3067 3472 3121 τὸ
3496 3067 3745 3122 καταλει-

478 3160 780 3229 Ειίιίορίιι,
811 3160 864 3214 in
902 3158 1251 3244 Elamitarn‘m
1286 3169 1450 3222 terra,
1477 3174 1541 3214 ac
1573 3158 1626 3213 in
1658 3157 1879 3228 reliquis
1903 3157 2053 3212 orbis

2159 3162 2290 3234 φθὲν
2323 3163 2417 3217 τοῦ
2449 3161 2601 3215 λαοῦ.
2636 3161 2761 3214 Εἴτε
2782 3161 2893 3233 γὰρ
2912 3162 2970 3212 ἐν
2994 3163 3058 3232 τῇ
3087 3159 3194 3214 τῶν
3235 3160 3534 3233 Ἀσσυρίων
3567 3160 3741 3232 χώρᾳ,

479 3255 724 3327 partibus
751 3269 816 3310 ex
860 3253 1080 3309 .ludaica
1111 3235 1269 3325 gente
1313 3254 1534 3323 quidam
1568 3253 1796 3322 dispersi
1824 3261 2047 3307 essent:

477 3363 544 3402 ex
569 3363 756 3402 eorum
787 3361 1012 3402 numero
1037 3360 1132 3402 eos
1169 3347 1259 3416 qui
1293 3346 1347 3400 in
1372 3345 1652 3401 Christum
1679 3345 2051 3409 crediderunt,

477 3456 542 3494 ac
581 3439 876 3494 secundum
928 3437 1251 3494 electionem
1305 3439 1493 3506 gratia:
1542 3437 1819 3494 residuum
1869 3435 2053 3494 eﬂ‘ecti

475 3541 624 3597 sunt,
653 3530 824 3600 gloria
871 3528 1183 3586 alliciendos
1221 3541 1276 3586 et
1302 3530 1546 3585 studiose
1591 3537 1889 3586 servandos
1929 3543 2054 3586 esse

474 3622 678 3677 dictum
722 3630 828 3677 est.
873 3621 1026 3688 Quod
1073 3636 1204 3676 sane
1245 3621 1376 3692 ipsis
1417 3622 1672 3691 operibus
1717 3622 2051 3678 declaratum

473 3723 595 3769 est:
626 3728 752 3767 nam
786 3699 880 3783 per
907 3713 1202 3784 discipulos
1240 3722 1295 3768 et
1327 3714 1599 3784 apostolos
1632 3714 1822 3784 ipsius,
1859 3730 1923 3771 ac
1953 3730 2051 3784 per

472 3807 610 3863 alios
641 3820 711 3863 ex
753 3805 973 3869 Judzeis,
1016 3806 1108 3877 qui
1146 3806 1346 3862 Christi
1394 3807 1613 3862 verbum
1660 3817 2051 3876 susceperunt,

475 3900 719 3956 Ecclesia
757 3898 851 3954 Dei
889 3900 1185 3955 constituta
1224 3910 1348 3956 est:
1379 3916 1477 3971 per
1504 3917 1599 3956 eos
1630 3901 1760 3957 item
1807 3899 2050 3957 Ecclesia

477 3995 717 4062 gentium
747 3994 989 4048 omnium
1038 3993 1272 4058 coaluit,
1319 4009 1382 4049 ac
1423 3993 1689 4049 universis
1739 3995 2054 4050 nationibus

477 4085 844 4159 Evangelinm
876 4085 1137 4140 traditum
1185 4095 1320 4140 est:
1369 4087 1478 4141 Deo
1523 4086 1715 4156 signis,
1766 4088 2050 4158 prodigiis,

476 4177 751 4247 variisque
795 4177 1084 4232 virtutibus
1113 4191 1177 4232 ac
1223 4176 1426 4248 Spiritu
1469 4188 1658 4234 sancto
1702 4193 1802 4248 per
1845 4179 2050 4249 gratia-

473 4285 592 4325 rum
644 4270 937 4328 divisiones
989 4270 1357 4326 tcstimoninm
1415 4287 1574 4325 suum
1646 4273 1899 4328 addente.
1944 4271 2052 4328 Eos

475 4373 653 4418 autem
689 4363 781 4432 qui
835 4363 1056 4418 verbum
1105 4363 1314 4418 abillis
1367 4364 1717 4433 praedicatum
1767 4377 2048 4432 accepere,

478 4457 580 4510 sub
621 4455 786 4510 tutela
834 4472 930 4511 sua
986 4455 1126 4512 Deus
1173 4457 1416 4513 studiose
1459 4455 1638 4522 fovet,
1681 4467 1736 4513 et
1785 4457 2052 4528 gloriosos

476 4549 618 4617 apud
653 4565 840 4606 omnes
871 4550 1050 4606 eﬂicit.

551 4732 712 4789 Vens.
741 4733 826 4789 l2.
872 4751 890 4785 ι
921 4732 988 4788 Ει
1017 4733 1215 4789 levabit
1255 4733 1468 4804 signum
1501 4735 1556 4789 in
1596 4743 1805 4804 gentes,
1837 4744 1893 4790 et
1920 4748 2053 4789 con-

471 4828 719 4898 gregabit
761 4825 998 4898 perditos
1029 4825 1212 4892 Israel,
1245 4836 1299 4882 et
1331 4827 1606 4897 dispersos
1650 4826 1788 4881 Juda
1824 4841 2051 4894 congre-

469 4921 618 4992 gabit
658 4934 727 4976 ex
772 4928 1004 4990 quatuor
1051 4920 1153 4975 alis
1205 4928 1384 4975 terrae.
1430 4919 1497 4974 Et
1561 4919 1834 4974 auferetur
1898 4918 2053 4973 zelus

468 5014 766 5086 Ephraim,
831 5023 886 5068 et
954 5013 1158 5068 inimici
1235 5011 1374 5068 Juda
1452 5011 1726 5080 peribunt.
1792 5011 2049 5080 Ephraim

469 5124 572 5163 non
619 5107 958 5164 :emulahitur
999 5105 1231 5171 Judam,
1279 5115 1336 5161 et
1385 5102 1557 5159 Judas
1609 5118 1718 5157 non
1769 5102 2055 5157 tribulabit

466 5200 788 5272 Ephraim.»
833 5199 968 5256 Nam
1017 5197 1218 5255 Christi
1273 5194 1526 5265 discipuli
1580 5193 1646 5249 iis
1680 5193 1772 5263 qui
1821 5208 1887 5248 ex
1939 5193 2052 5248 cir-

464 5293 800 5350 cumcisione
838 5299 1016 5356 erant,
1048 5291 1225 5363 primo
1256 5285 1637 5358 praedicantes,
1669 5301 1733 5340 ex
1771 5287 1905 5355 ipsis
1936 5300 2050 5350 eos,

464 5387 555 5457 qui
591 5386 960 5452 crediderunt,
996 5387 1403 5452 congregarunt
1431 5378 1485 5431 in
1520 5376 1760 5432 Ecclesia
1797 5375 2000 5432 Christi
2034 5395 2048 5432 :

463 5479 556 5548 qui
603 5491 738 5534 sane
769 5476 897 5533 olim
932 5476 1232 5546 perierant,
1277 5477 1340 5523 ut
1389 5467 1649 5522 Servatur
1681 5467 1921 5522 declarat
1967 5466 2056 5521 his

465 5571 663 5639 verbis,
696 5590 716 5624 ι
746 5569 826 5627 lte
847 5571 913 5625 ad
941 5582 1094 5631 oves,
1123 5579 1245 5637 qua:
1264 5559 1543 5631 perierunt
1565 5559 2052 5614 domuslsrael'°.i

464 5661 592 5746 fleo
647 5678 809 5736 porro
859 5661 1115 5717 fecerunt
1170 5657 1226 5714 in
1286 5661 1524 5725 quatuor
1575 5649 1678 5707 alis
1715 5649 1830 5708 sive
1883 5649 2057 5722 plagis

532 5845 577 5877 ⁷⁸
619 5843 808 5899 Matth.
842 5857 901 5908 χ,
928 5839 982 5894 6.

2160 3257 2271 3310 εἴτε
2299 3257 2356 3309 ἐν
2383 3254 2662 3325 Αἰγύπτῳ,
2693 3254 2801 3307 εἴτε
2835 3255 2893 3307 ἐν
2921 3251 3221 3314 Βαϐυλῶνι,
3254 3251 3365 3304 εἴτε
3393 3255 3450 3305 ἐν
3465 3251 3741 3324 Αίθιοπίᾳ,

2155 3346 2265 3400 εἴτε
2289 3348 2346 3399 ὲν
2371 3349 2438 3418 τῇ
2463 3349 2534 3417 γῇ
2551 3346 2675 3411 τῶν,
2691 3346 3010 3418 Ἐλαμιτῶν,
3036 3344 3146 3398 εἴτε
3166 3348 3231 3418 τῇ
3253 3345 3412 3417 λοιπῇ
3429 3345 3742 3418 οἰκουμένῃ,
3797 3381 3805 3387 -

2154 3438 2544 3510 διεσπαρμένοι
2572 3438 2715 3502 τινὲς
2741 3432 2882 3509 ἦσαν
2911 3437 3004 3491 τοῦ
3070 3437 3342 3492 Ἰουδαίων
3383 3437 3588 3500 ἔθνουςο
3621 3437 3746 3490 τού-

2155 3546 2265 3583 των
2279 3527 2456 3583 αύτῶν
2473 3529 2598 3592 τοὺς
2621 3529 2701 3591 είς
2731 3528 2822 3582 τὸν
2845 3527 3080 3599 Χριστὸν
3111 3529 3567 3591 πεπιστευκότας,
3592 3527 3745 3597 λεῖμ-

2161 3639 2238 3693 μα
2268 3620 2390 3673 κατ’
2424 3618 2654 3690 ἐκλογήν
2695 3618 2919 3691 χάριτος
2967 3617 3316 3688 γενομένους,
3361 3616 3605 3681 δοξάσειν
3649 3615 3744 3669 καὶ

2158 3713 2408 3784 ποιήσειν
2435 3711 2708 3782 ζηλωτοὺς
2737 3710 2970 3782 εἴρηται.
3002 3713 3067 3764 Ὃ
3105 3710 3170 3782 δὴ
3205 3711 3298 3763 καὶ
3329 3709 3510 3782 ἔργοις
3535 3708 3742 3782 ἐδηλοῦ-

2155 3823 2237 3860 το⁸
2273 3804 2362 3858 διὰ
2384 3805 2494 3875 γὰρ
2520 3803 2629 3858 τῶν
2659 3802 2824 3857 αὐτοῦ
2859 3801 3118 3874 μαθητῶν
3150 3803 3245 3856 καὶ
3268 3803 3600 3868 ἀποστόλων,
3634 3801 3740 3854 τῶν

2155 3915 2216 3952 τε
2243 3897 2448 3951 λοιπῶν
2477 3895 2584 3950 τῶν
2604 3895 2663 3960 ἐξ
2696 3895 2965 3949 Ἰουδαίων
2994 3895 3086 3948 τὸν
3111 3897 3348 3968 Χριστοῦ
3381 3895 3537 3964 λόγον
3562 3911 3740 3967 παρα-

2154 3988 2515 4060 δεδεγμένων,
2546 3989 2580 4059 ή
2625 3988 2919 4059 Ἐκκλησία
2964 3989 3057 4042 τοῦ
3088 3989 3224 4042 Θεοῦ
3266 3987 3520 4058 συνέστη,
3569 3987 3662 4041 καὶ
3710 3985 3745 4056 ἡ

2171 4082 2466 4154 Ἐκκλησία
2493 4082 2602 4136 τῶν
2628 4080 2798 4136 ἐθνῶν
2815 4083 3071 4136 ἁπάντων
3086 4083 3153 4136 δι’
3183 4081 3360 4135 αὐτῶν
3387 4077 3745 4147 ἀπετελέσθη,

2156 4175 2251 4230 καὶ
2281 4175 2343 4229 τὺ
2376 4173 2707 4243 Εὑαγγέλιον
2755 4174 2888 4226 πᾶσι
2932 4172 3184 4225 διεδίδοτο
3223 4173 3336 4234 τοῖς
3385 4169 3582 4232 ἔθνεσι,
3621 4187 3749 4223 συν-

2155 4263 2661 4338 επιμαρτυροῦντος
2683 4261 2779 4316 τοῦ
2807 4260 2944 4314 Θεοῦ
2970 4260 3238 4330 σημείοις,
3273 4260 3366 4312 καὶ
3399 4257 3611 4329 τέρασι,
3649 4261 3747 4314 καὶ

2156 4357 2430 4420 ποικίλαις
2455 4355 2740 4426 δυνάμεσι,
2776 4351 2871 4406 καὶ
2899 4349 3220 4420 Πνεύματος
3250 4350 3407 4418 ἁγίου
3437 4355 3745 4422 μερισμοϊςο

2155 4451 2248 4516 οὒς
2281 4452 2377 4505 καὶ
2407 4449 2683 4522 ζηλωτοὺς
2711 4449 2740 4500 ό
2769 4445 2902 4509 Θεὸς
2929 4445 3122 4507 ἐποίει,
3155 4444 3434 4528 καὶιπαρά
3461 4447 3624 4499 πᾶσιν
3657 4448 3747 4501 ἐν-

2087 4555 2129 4611 ι)
2157 4544 2363 4611 δόξους,
2396 4544 2522 4606 τοὺς
2571 4542 2662 4595 τὸν
2705 4536 3213 4609 καταγγελλόμενον
3253 4536 3346 4590 ὑπ’
3388 4537 3568 4592 αὐτῶν
3590 4537 3749 4608 λόγον

2162 4633 2659 4707 παραδεχομένους.

2238 4752 2256 4782 ι
2284 4729 2398 4782 ’Καὶ
2431 4729 2554 4798 ἀρεῖ
2599 4727 2826 4798 σημεῖον
2857 4726 2938 4789 είς
2961 4723 3031 4779 τά
3061 4725 3212 4798 ἐθνη,
3246 4726 3339 4780 καὶ
3379 4724 3594 4792 συνάξει
3625 4726 3750 4790 τοὺς

2160 4817 2531 4889 ἀπολομένους
2577 4815 2813 4887 Ἰσραὴλ,
2849 4816 2944 4870 καὶ
2969 4817 3096 4880 τοὺς
3115 4814 3546 4886 διεσπαρμένους
3583 4813 3750 4868 Ἰούδα

2163 4910 2381 4976 συνάξει
2423 4912 2490 4963 ἐκ
2535 4908 2644 4963 τῶν
2672 4907 2956 4979 τεσσάρων
3002 4907 3290 4979 πτερύγων
3333 4906 3432 4976 τῆς
3462 4905 3587 4976 γῆς.
3640 4907 3751 4960 Καὶ

2159 5002 2589 5077 ἀφαιρεθήσεται
2615 5002 2644 5054 ὁ
2679 5001 2841 5072 ζῆλος
2867 4999 3130 5071 Ἐφραῒμ,
3157 5000 3252 5051 καὶ
3275 4999 3325 5050 oi
3353 4997 3536 5070 ἐχθροὶ
3581 4998 3750 5052 Ἰούδα

2158 5093 2507 5149 ἀπολοῦνται.
2549 5089 2790 5162 Ἐφρατμ
2821 5091 2880 5143 ού
2909 5088 3141 5159 ζηλώσει
3175 5086 3394 5152 Ἰούδαν,
3421 5085 3514 5139 ml
3554 5086 3751 5152 Ἰούδας

2158 5185 2218 5239 ού
2269 5183 2446 5254 θλίψει
2507 5183 2765 5254 Ἐφρατμ.
2799 5201 2818 5232 ι
2875 5178 3119 5252 Πρώτοις
3170 5177 3279 5250 γὰρ
3310 5176 3670 5248 κηρύττοντες
3700 5179 3751 5232 οἱ

2161 5277 2400 5351 Χριστοῦ
2436 5277 2674 5348 μαθηταὶ
2695 5276 2806 5338 τοῖς
2833 5275 2897 5326 ἐκ
2931 5271 3252 5345 περιτομῆς,
3280 5271 3510 5341 συνῆγον
3539 5273 3664 5336 τοὺς
3693 5271 3751 5339 ἐξ

2165 5369 2344 5426 αὐτῶν
2371 5370 2804 5430 πεπιστευκότας
2821 5367 2900 5429 είς
2914 5364 3012 5436 τὴν
3032 5364 3126 5417 τοῦ
3147 5361 3382 5436 Χριστοῦ
3401 5364 3746 5434 Ἐκκλησίαν,

2164 5465 2332 5519 πάλαι
2359 5463 2520 5526 δντας
2560 5460 2952 5532 ἀπολομένους,
2981 5456 3104 5511 καθ’
3139 5457 3168 5510 δ
3199 5456 3476 5512 ἐδίδασκεν
3501 5456 3530 5508 ὁ
3562 5456 3752 5528 Σωτὴρ

2163 5559 2358 5628 λέγων·
2393 5576 2412 5608 ι
2442 5554 2748 5626 Πορεύεσθε
2788 5551 2924 5624 πρὸς
2955 5551 3023 5605 τά
3054 5551 3302 5623 πρόϐατα
3338 5549 3408 5603 τά
3437 5547 3754 5604 ἀπολωλότα

2162 5651 2313 5703 οἴκου
2357 5646 2594 5720 Ἰσραήλ.
2635 5665 2654 5699 ι
2683 5644 2871 5701 Ταῦτα
2895 5642 2952 5699 δὲ
2973 5642 3240 5717 ἔπραττον
3255 5643 3314 5698 ἐν
3344 5644 3463 5706 ταῖς
3491 5639 3752 5713 τέσσαρσι
