4118 6384
425 370 532 428 177

1386 363 1889 422 COMMENTARIA
1928 362 1994 419 IN
2034 363 2288 422 ISAIAM.
2327 398 2397 407 —
2433 365 2588 421 CAP.
2627 361 2722 422 X1.

3583 362 3685 417 1³78

427 489 659 562 πτέρυξι
689 488 788 560 τῆς
836 490 961 560 γῆς,
987 486 1362 557 διατρέχοντες
1390 485 1655 558 ἀνατολὴν
1699 486 1793 540 καὶ
1838 483 2010 547 δύσιν,

2121 494 2313 539 teme:
2347 485 2625 542 Orientem
2668 493 2726 539 et
2754 481 3123 546 Occidentem,
3158 480 3594 553 Septentrionem
3634 492 3688 533 et

429 580 628 652 ἄρκτον
676 578 768 631 καὶ
820 576 1186 649 μεσημϐρίαν.
1228 577 1473 647 Πρώτοις
1507 578 1606 647 μὲν
1658 572 1752 630 οὖν
1787 576 2013 639 ἐκείνοις

433 670 772 742 μετεδίδοσαν
802 669 895 722 τοῦ
919 669 1276 737 εὐαγγελικοῦ
1310 668 1492 738 λόγου,
1532 669 1723 723 ἔπειτα
1767 671 1878 731 τοῖς
1905 668 2015 722 λοι-

430 764 552 824 ποῖς
580 760 785 813 ἔθνεσιν
811 761 1131 832 ἐκήρυττον.
1164 759 1256 813 Διὸ
1289 761 1553 815 λέλεκταιο
1593 779 1611 811 ι
1649 761 1760 815 Καὶ
1799 758 2013 824 συνάξει

429 853 552 915 τοὺς
608 852 955 917 ἀπολωλότας
995 852 1233 924 Ἰσραὴλ,
1282 854 1378 906 καὶ
1423 854 1549 917 τοὺς
1588 853 2015 924 διεσπαρμένους

441 943 629 997 Ἰούδα.
678 963 697 997 ι
733 944 827 1008 Τίς
848 944 904 997 δὲ
947 944 1164 1011 συνάξει
1190 944 1223 1015 ἢ
1270 947 1299 999 ὁ
1336 944 1690 1008 ἀποστολικὸς
1715 944 1893 1016 χορὸς,
1923 944 1956 1015 ἢ
1986 946 2015 997 ὁ

426 1032 493 1087 δι’
523 1033 699 1088 αὐτῶν
729 1034 1131 1106 κηρυττόμενος
1158 1037 1222 1087 ὲκ
1252 1034 1408 1104 ῥίζης
1444 1034 1676 1099 Ἰεσσαί;
1712 1033 2016 1105 Συνήγοντό

428 1140 489 1176 τε
536 1124 641 1177 ὑπὸ
706 1126 835 1197 μίαν
889 1125 1217 1195 Ἐκκλησίαν
1242 1164 1256 1189 ,
1304 1125 1487 1178 ούκέτι
1536 1122 1841 1189 διεστῶτες,
1896 1122 2016 1177 οὐδὲ

428 1217 799 1289 άφωρισμένοι
836 1218 1103 1290 ἀλλήλων,
1134 1218 1209 1282 ὡς
1240 1219 1301 1272 τὸ
1342 1219 1625 1290 πρότερον.

506 1328 525 1361 ι
572 1312 682 1364 Καὶ
733 1311 1164 1383 πετασθήσονται
1208 1313 1267 1364 ἐν
1310 1312 1518 1375 πλοίοις
1552 1309 1886 1380 ἀλλοφύλων,
1923 1309 2017 1364 θά-

431 1400 634 1455 λασσαν
656 1404 773 1473 άμα
798 1402 1277 1475 προνομεύσουσιν.
1318 1425 1339 1455 ι
1386 1402 1581 1473 Ἐχρῆν
1596 1401 1774 1455 τοίνυν
1796 1401 2014 1467 αὐτοὺς,

430 1493 500 1547 τά
533 1493 659 1565 ἔθνη
679 1494 1154 1565 περινοστοῦντας,
1193 1494 1411 1557 πάντως
1437 1511 1539 1546 που
1583 1493 1678 1547 καὶ
1703 1495 1770 1564 τῇ
1807 1492 1897 1546 διὰ
1919 1492 2017 1547 θα-

430 1582 635 1654 λάσσης
672 1584 977 1655 χρήσασθαι
1010 1584 1227 1655 πορείᾳ.
1270 1584 1481 1654 ’Ὠσπερ
1521 1578 1615 1636 οὖν
1646 1584 1952 1653 ἰπτάμενοι,

428 1674 591 1743 τάχος
627 1676 718 1727 καὶ
769 1675 860 1728 τὸν
908 1675 996 1729 διὰ
1036 1675 1306 1747 Θαλάττης
1343 1674 1545 1746 δρόμον
1576 1675 1811 1745 διήνυον·
1835 1674 1910 1738 ὡς
1958 1676 2018 1727 ὲν

433 1763 626 1835 βραχεῖ
649 1765 824 1837 χρόνῳ
861 1764 1131 1829 πλείστοις
1164 1765 1340 1819 ἔθνεσι
1372 1766 1435 1819 τὸ
1473 1765 1806 1835 Εύαγγέλιον
1842 1763 2017 1837 κηρύ-

2118 578 2393 635 Meridiem
2428 588 2828 649 percurrentes.
2874 574 2984 633 Illis
3013 578 3193 646 itaque
3237 575 3415 646 primo
3457 587 3689 641 evange-

2115 668 2280 724 licum
2327 671 2550 724 verbum
2610 667 2986 732 tradiderunt,
3038 666 3234 723 deinde
3282 663 3506 734 reliquis
3553 676 3687 731 gen-

2118 763 2262 817 tibus
2306 762 2690 831 pradicarunt.
2742 762 3101 830 Quamobrem
3146 760 3351 814 dictum
3400 765 3519 819 est,
3576 774 3595 805 ι
3625 753 3689 808 Ει

2116 854 2469 922 congregahit
2512 856 2747 923 perditos
2796 854 2994 916 Israel,
3042 860 3099 907 et
3150 851 3421 919 dispersos
3468 845 3680 902 ludar.»

2117 944 2249 1010 Quis
2281 946 2649 1013 congregabit,
2697 946 2797 1000 nisi
2848 944 3174 1015 apostolicus
3208 942 3431 1004 chorus,
3481 941 3595 993 sive
3643 938 3687 992 is

2116 1036 2206 1104 qui
2236 1034 2305 1089 ab
2344 1036 2450 1090 illis
2476 1037 2827 1101 praedicatur,
2854 1050 2917 1091 ex
2955 1036 3139 1090 radice
3184 1032 3349 1089 Jessze
3391 1030 3583 1087 ortus?
3632 1028 3689 1083 In

2118 1142 2222 1182 una
2259 1142 2424 1197 porro
2455 1127 2697 1184 Ecclesia
2733 1137 2862 1183 tunc
2890 1127 3381 1198 congregabantur,
3414 1140 3517 1179 non
3550 1124 3689 1178 ultra

2118 1218 2313 1283 dissiti,
2345 1234 2518 1289 neque
2547 1220 2804 1290 separati,
2838 1229 2893 1273 ut
2932 1229 3111 1274 antea.

2190 1307 2353 1364 Vens.
2384 1308 2470 1365 14.
2535 1327 2555 1361 ι
2590 1309 2656 1364 Ει
2715 1310 2973 1365 volabunt
3018 1310 3070 1363 in
3120 1308 3344 1363 navibus
3392 1303 3693 1377 allophylo-

2120 1415 2271 1464 rum,
2327 1416 2479 1456 mare
2511 1400 2674 1456 simul
2722 1401 3127 1471 prtedahuntur.
3158 1418 3177 1453 ι
3236 1399 3484 1469 Oportuit
3530 1399 3696 1467 igitur

2118 1508 2250 1558 eos,
2308 1504 2595 1564 postquam
2658 1503 2848 1565 gentes
2911 1493 3340 1562 circumquaque
3409 1491 3692 1550 adierant.

2118 1586 2283 1641 etiam
2319 1589 2486 1640 maris
2535 1587 2728 1641 itinera
2769 1586 3007 1640 emetiri.
3036 1584 3201 1651 Quasi
3247 1582 3491 1637 volantes
3531 1582 3698 1652 igitur

2121 1690 2280 1745 quam
2310 1674 2561 1729 celeriter
2603 1690 2825 1730 cursum
2872 1675 3039 1730 maris
3087 1672 3480 1740 conﬁciebant,
3523 1673 3597 1726 ita
3641 1680 3698 1725 ut

2121 1765 2271 1820 brevi
2303 1766 2726 1835 quamplurimis
2760 1768 3015 1837 gentibus
3051 1765 3398 1835 Evangelimn
3438 1763 3697 1834 praedica-

427 1855 534 1923 ξαι.
579 1858 689 1909 Ka‘t
716 1857 845 1909 ποτὲ
882 1857 979 1927 μὲν
1011 1857 1286 1928 διέτρεχον
1320 1856 1513 1928 πεζῆς,
1547 1858 1679 1910 ποτὲ
1707 1857 1765 1911 δὲ
1807 1857 1895 1911 διά
1919 1858 2017 1912 θα-

2126 1866 2263 1912 rent.
2295 1857 2361 1911 Et
2402 1872 2535 1913 sane
2580 1860 2737 1915 modo
2784 1860 3034 1928 pedibus.
3064 1860 3225 1913 modo
3260 1857 3397 1911 mari
3434 1856 3536 1912 iter
3575 1870 3700 1926 age-

426 1949 653 2020 λάσσηςο
697 1950 798 2002 ούκ
838 1948 1112 2013 Ἰουδαίοις
1158 1949 1432 2022 χρώμενοι
1466 1949 1852 2022 κυϐερνήταις,
1903 1950 2018 2003 ἀλλ’

428 2042 683 2113 ἀνδράσιν
713 2041 866 2096 οὔπω
898 2043 989 2097 τὸν
1029 2044 1265 2115 Χριστὸν
1317 2044 1828 2116 παραδεδεγμένοις,
1863 2045 2022 2100 Κατά

427 2134 584 2188 τοῦτο
613 2135 669 2188 δὲ
703 2136 797 2189 καὶ
828 2136 927 2207 τὴν
954 2137 1227 2191 θάλασσαν
1243 2138 1627 2210 ὲπρονόμευον,
1656 2137 1797 2190 οὕτω
1825 2138 2023 2209 σημαί-

428 2245 610 2292 νοντος
648 2229 744 2281 τοῦ
776 2228 937 2298 λόγου
979 2230 1077 2294 τὰς
1106 2230 1324 2300 νήσους,
1358 2229 1424 2293 ἀς
1471 2231 1530 2283 ὲν
1576 2230 1790 2301 παρόδῳ
1814 2230 2023 2301 διερχό-

432 2334 607 2387 μενοι,
636 2319 763 2383 τοὺς
792 2322 850 2373 ὲν
878 2320 1071 2384 αὑταῖς
1111 2323 1179 2391 τῇ
1214 2321 1468 2392 σωτηρίῳ
1503 2320 1908 2376 καθυπέταττον
1934 2323 2013 2377 δι-

431 2407 720 2479 δασκαλίᾳ.
2026 2392 2027 2395 Ἴ

504 2520 523 2553 ι
561 2503 671 2555 Καὶ
722 2504 849 2566 τοὺς
887 2503 980 2571 ἀφ’
1020 2503 1174 2573 ήλίου
1236 2505 1531 2571 ἀνατολῶν,
1558 2509 1653 2560 xa‘l.
1698 2506 2019 2577 Ἰδουμαίαν,

430 2592 526 2645 καὶ
581 2594 675 2647 ἐπὶ
739 2596 917 2649 Μωάὄ
972 2596 1189 2669 πρῶτον
1249 2597 1351 2662 τὰς
1415 2602 1604 2671 χεῖρας
1650 2598 2018 2653 ὲπιὸαλοῦσιν.

430 2686 493 2739 Οί
545 2686 651 2739 υίοὶ
714 2687 939 2759 Ἀμμὼν
999 2690 1207 2763 πρῶτοι
1252 2690 1675 2745 ὑπακούσονται.
1742 2710 1763 2744 ι
1820 2693 2023 2764 Προνο-

434 2772 726 2844 μεύσουσιν
760 2773 872 2844 οὖν,
904 2780 1088 2851 φησὶν,
1128 2783 1176 2834 οἰ
1222 2782 1457 2854 Χριστοῦ
1493 2784 1735 2854 μαθηταὶ
1766 2784 1861 2837 καὶ
1892 2786 2022 2849 τοὺς

432 2866 526 2935 ἀφ’
552 2867 704 2938 ήλίου
755 2870 1052 2926 ἀνατολῶνο
1099 2873 1435 2944 ἱστοροῦνται
1469 2874 1599 2943 γοῦν
1651 2893 1797 2940 τινες
1841 2877 2021 2931 αὐτῶν

437 2958 598 3030 μέχρι
627 2959 729 3030 τῆς
774 2961 1001 3034 Περσῶν
1052 2964 1148 3017 καὶ
1191 2965 1366 3019 Ἰνδῶν
1403 2966 1770 3036 διεληλυθέναι
1815 2966 2017 3039 χώρας.

448 3050 662 3124 Ἐπειδὴ
690 3053 746 3108 δὲ
768 3056 983 3111 ἐδόκουν
1027 3059 1172 3113 κατά
1201 3061 1329 3124 τοὺς
1351 3062 1577 3133 χρόνους
1610 3062 1704 3115 τοῦ
1738 3064 2019 3135 προφήτου

445 3140 753 3213 Ἰδουμαῖοι,
787 3147 882 3201 καὶ
912 3149 1223 3217 Μωαϐῖται,
1271 3152 1364 3205 καὶ
1414 3153 1765 3223 Ἀμμανῖται,
1799 3154 1867 3207 τά
1891 3156 2020 3227 περ)⁵

434 3231 530 3302 τήν
565 3234 825 3291 Ἰουδαίαν
859 3240 1125 3312 Ἄραϐικά
1145 3241 1296 3313 ἔθνη,
1325 3243 1561 3313 πολέμια
1591 3244 1687 3298 καὶ
1713 3244 2025 3315 ὲχθράτυγ-

433 3322 620 3391 χάνειν
646 3325 741 3378 τοῦ
791 3331 921 3399 παρ’
974 3330 1258 3397 Ἰουδαίους
1287 3335 1624 3405 τιμωμένου,
1679 3337 1769 3390 διὰ
1797 3338 1896 3409 τὴν
1929 3338 2022 3392 ἐκ·

433 3429 599 3469 τοπον
629 3417 808 3472 αὐτῶν
838 3420 1299 3491 εἰδωλολατρείανο
1336 3427 1562 3492 εἰκότως
1612 3428 1815 3483 τούτων
1847 3430 2025 3484 αὐτῶν

431 3500 694 3574 ὀνομαστὶ
742 3509 964 3581 μνήμην
996 3514 1023 3565 ό
1049 3512 1206 3581 λόγος
1249 3517 1569 3589 ἐποιήσατο,
1607 3519 1685 3583 ὡς
1719 3520 1812 3573 καὶ
1845 3521 2048 3575 αὐτῶν.

433 3597 885 3670 παραδεξομένων
932 3604 1029 3677 τὴν
1063 3606 1169 3660 ὑπὸ
1194 3608 1304 3663 τῶν
1332 3611 1645 3667 ἀποστόλων
1684 3613 2025 3685 κηρυχθησο-

433 3693 603 3764 μένην
634 3697 937 3754 εὐσέϐειαν.

504 3802 524 3835 ι
574 3788 682 3841 Καὶ
710 3790 987 3862 ἐρημώσει
1026 3794 1230 3867 Κύριος
1272 3795 1372 3867 τήν
1404 3798 1680 3852 θάλασσαν
1705 3796 2009 3865 Αἰγύπτου,

433 3879 527 3931 καὶ
556 3880 808 3934 ἐπιϐαλεῖ
860 3883 958 3955 τὴν
1007 3889 1169 3957 χεῖρα
1216 3887 1381 3939 αὑτοῦ
1414 3888 1510 3940 ἐπὶ
1548 3888 1641 3941 τὸν
1684 3888 1931 3957 ποταμὸν
1963 3890 2023 3941 ἐν

432 3968 704 4039 πνεύματι
739 3971 916 4042 βιαίῳ.
963 3991 982 4025 ι
1018 3976 1297 4043 Αἴγυπτον
1337 3977 1444 4047 μὲν
1481 3977 1580 4048 τὴν
1623 3977 1887 4050 αἰσθητὴν
1914 3979 2023 4032 τῶν

430 4060 744 4128 Αἰγυπτίων
766 4062 949 4135 χώραν
983 4065 1279 4135 ἀναγκαῖον
1311 4068 1594 4138 ὁμολογεῖν
1614 4087 1628 4100 ·
1666 4070 1939 4126 θάλασσαν
1965 4072 2023 4126 δὲ

432 4152 607 4221 αὐτῆς
634 4156 727 4206 καὶ
759 4157 1003 4227 ποταμὸν
1042 4158 1422 4230 άλληγορικῶς
1477 4160 1818 4232 ἐκδέχεσθαι·
1878 4164 2023 4237 άπερ

429 4247 594 4317 φησὶν
640 4247 1098 4319 ὲρημωθήσεσθαι
1142 4251 1285 4305 κατά
1322 4253 1449 4316 τοὺς
1510 4255 2023 4327 προφητευομένους

429 4336 674 4409 χρόνους,
705 4339 765 4391 ἐν
811 4335 893 4403 οἷς
939 4340 1273 4413 προσθήσειν
1322 4344 1539 4417 εἰρηται
1591 4349 1619 4399 ὁ
1675 4346 1881 4419 Κύριος
1926 4346 2020 4402 τοῦ

428 4425 598 4493 δεῖξαι
632 4427 731 4500 τὴν
754 4432 912 4502 χεῖρα
937 4432 1124 4486 αὑτοῦ.
1173 4434 1238 4486 Ἠ
1279 4434 1389 4506 γάρ
1422 4436 1709 4509 προσθήκη
1761 4455 2021 4509 προγενο-

2121 1949 2288 2017 bant;
2339 1965 2446 2005 non
2500 1948 2703 2006 Judazis
2753 1951 3205 2022 gubernatoribus
3256 1951 3368 2016 usi,
3413 1949 3509 2005 sed
3544 1949 3700 2012 viris,

2122 2042 2213 2112 qui
2261 2044 2497 2097 notidum
2551 2043 2827 2100 Christum
2863 2054 3236 2114 susceperant.
3284 2043 3399 2099 Hac
3439 2056 3702 2097 vero-ra-

2123 2137 2267 2192 tione
2309 2137 2471 2191 etiam
2524 2140 2697 2195 maria
2747 2139 3160 2207 pracdabantur;
3198 2140 3283 2195 his
3330 2138 3703 2208 signiﬁcantur

2124 2229 2316 2286 insula:
2348 2247 2577 2299 quarum
2617 2232 2826 2287 incolas
2852 2234 2977 2288 dum
3012 2233 3064 2286 in
3097 2244 3413 2289 transcursu
3447 2246 3703 2303 peragra-

2124 2332 2264 2390 rent,
2295 2322 2525 2378 salutari
2554 2324 2816 2380 doctrina:
2844 2324 3223 2395 subjiciebant.

2200 2519 2218 2552 ι
2252 2500 2318 2555 Ει
2342 2516 2436 2558 eos
2469 2502 2559 2571 qui
2600 2511 2731 2556 sunt
2759 2502 2827 2556 ab
2857 2511 2979 2556 ortu
3014 2499 3165 2567 solis,
3193 2510 3248 2555 et
3283 2499 3572 2557 ldumaaam
3600 2519 3614 2557 :
3651 2510 3705 2555 et

2124 2593 2177 2647 in
2213 2592 2367 2648 Moab
2403 2595 2581 2663 primo
2619 2609 2812 2649 manus
2845 2593 3107 2663 injicient.
3138 2592 3257 2647 Filii
3286 2592 3515 2648 Ammon
3545 2592 3704 2663 primi

2122 2686 2446 2742 obedient.»
2496 2685 2912 2750 Prtedahuntur,
2961 2685 3156 2756 inquit,
3197 2684 3399 2740 Christi
3451 2685 3704 2756 discipuli

2122 2781 2289 2836 etiam
2320 2795 2416 2837 eos
2446 2781 2537 2850 qui
2568 2780 2638 2834 ab
2668 2790 2792 2835 ortu
2825 2780 2957 2836 solis
3005 2792 3167 2835 sunt:
3203 2788 3460 2835 narratur
3503 2780 3706 2850 quippe

2121 2884 2309 2925 eormn
2362 2872 2623 2940 quosdam
2677 2886 2850 2941 usque
2894 2871 2959 2925 ad
3009 2870 3293 2926 Persarum
3341 2878 3396 2926 et
3449 2870 3704 2926 ludortnn

2124 2962 2401 3029 regionem
2456 2970 2791 3030 penetrasse.
2843 2960 2983 3029 Quia
3034 2977 3167 3018 vero
3218 2963 3495 3033 propheta:
3546 2959 3705 3029 hujus

2127 3061 2394 3125 tempore,
2446 3053 2696 3116 Idumaei,
2749 3053 2995 3109 Moabitae
3044 3063 3100 3109 et
3141 3054 3486 3118 Ammonitaa,
3520 3064 3706 3124 gentes

2128 3144 2233 3199 illac
2286 3141 2563 3211 Arabicae,
2618 3143 2764 3199 circa
2819 3142 3059 3200 Judaeum
3115 3148 3339 3217 positae,
3392 3146 3596 3201 inimici
3653 3156 3705 3201 et

2129 3239 2311 3294 hostes
2345 3240 2667 3295 videbantur
2691 3254 2812 3295 esse
2852 3238 2961 3293 Deo
3005 3254 3171 3307 penes
3196 3236 3412 3293 Juda‘os
3442 3239 3611 3303 culto,
3635 3240 3704 3294 ob

2127 3328 2419 3383 absurdam
2476 3344 2644 3398 quam
2711 3328 2966 3384 fovebant
3020 3327 3420 3396 idololatriam;
3468 3328 3593 3399 jure
3641 3344 3707 3384 ac

2126 3424 2323 3478 mcrito
2359 3424 2394 3477 ii
2442 3424 2762 3477 nominatim
2813 3431 3338 3485 commemorantur,
3385 3429 3574 3490 utpote
3610 3421 3703 3490 qui

2126 3519 2267 3589 piam
2316 3519 2635 3591 religionem
2679 3518 2747 3575 ab
2777 3515 3035 3589 apostolis
3066 3514 3493 3570 annuntiandam
3520 3528 3708 3571 susce-

2124 3612 2271 3685 pturi
2305 3614 2436 3670 sint.

2198 3782 2367 3839 Vsus.
2400 3783 2487 3838 15.
2527 3800 2546 3835 ι
2576 3782 2644 3837 Et
2680 3789 2955 3837 desertum
3010 3780 3196 3834 reddet
3250 3776 3508 3834 Dominus
3556 3792 3705 3833 mare

2124 3874 2348 3947 Egypti
2377 3893 2392 3931 :
2426 3883 2481 3929 et
2527 3874 2732 3945 injiciet
2768 3887 2987 3926 manum
3017 3887 3169 3925 suam
3202 3884 3366 3939 super
3400 3868 3597 3924 ﬁumen
3650 3871 3704 3925 in

2124 3969 2318 4038 spiritu
2364 3967 2736 4023 vehementi.)
2790 3963 3087 4035 Egyplum
3141 3962 3391 4034 quidem,
3449 3962 3702 4017 sensilem

2124 4061 2272 4115 illam
2300 4058 2682 4132 Egyptiorum
2726 4056 3002 4128 regionem
3031 4068 3152 4110 esse
3191 4053 3503 4109 necessario
3532 4054 3705 4108 conﬁ-

2124 4153 2343 4206 tendum
2398 4160 2518 4217 est;
2570 4149 2664 4204 sed
2709 4163 2859 4203 mare
2904 4155 2957 4201 et
3003 4146 3199 4201 ﬁumen
3246 4145 3365 4215 ejus
3411 4144 3703 4214 allegorice

2123 4241 2477 4311 accipienda:
2518 4256 2636 4310 quae
2678 4241 2729 4294 in
2766 4248 3011 4308 tempore
3056 4254 3085 4292 a
3131 4236 3415 4307 prophetia
3462 4235 3704 4291 indicato

2124 4333 2383 4388 vastanda
2427 4333 2543 4388 fore
2578 4335 2684 4387 ait:
2733 4332 2951 4401 quando
2980 4331 3239 4385 Dominus
3276 4329 3592 4399 adiecturus
3621 4331 3704 4385 di-

2122 4426 2285 4489 citur,
2315 4434 2375 4480 ut
2423 4427 2679 4480 ostendat
2713 4440 2933 4479 manum
2968 4440 3143 4478 suam.
3193 4424 3401 4478 Etenim
3446 4422 3700 4493 adjectio,

435 4519 617 4590 μένοις
646 4520 967 4593 πράγμασιν
998 4524 1159 4595 ἕτερα
1213 4527 1551 4600 ὁμοιότροπα
1593 4530 2016 4601 ἐπιγενήσεσθαι

2121 4518 2227 4587 iam
2264 4520 2500 4589 peractis
2535 4518 2696 4572 rebus
2726 4517 2829 4571 alia
2864 4517 3063 4572 similia
3099 4513 3350 4571 addenda
3378 4531 3501 4571 esse
3533 4516 3703 4589 signi-

430 4612 597 4685 δηλοῖ.
629 4614 802 4667 Πάλαι
830 4615 929 4685 μὲν
969 4613 1063 4671 οὖν
1097 4619 1188 4671 ἐπὶ
1220 4620 1500 4685 Μωῦσέως
1545 4623 1577 4694 ή
1612 4623 1735 4695 χεὶρ
1768 4623 1863 4677 τοῦ
1898 4626 2013 4677 Κυ-

433 4704 548 4774 ρίου
574 4703 811 4777 ἐξήγαγε
834 4708 960 4771 τοὺς
978 4709 1128 4773 υἱοὺς
1145 4711 1361 4782 Ἰσραὴλ
1379 4711 1439 4777 ἐξ
1455 4713 1732 4781 Αἰγύπτου
1752 4732 1765 4744 ·
1784 4716 2015 4786 διήγαγε

428 4794 483 4849 δὲ
540 4797 639 4867 τὴν
677 4796 953 4852 θάλασσαν
1001 4800 1101 4870 τὴν
1139 4801 1428 4875 Ἐρυθρὰν,
1464 4805 1559 4857 καὶ
1610 4806 1904 4876 εἰσήγαγεν
1934 4808 2013 4873 εἰς

426 4888 525 4959 τὴν
556 4889 657 4959 γῆν
682 4889 782 4959 τῆς
805 4892 1158 4961 ἐπαγγελίας,
1189 4895 1287 4965 τὴν
1321 4891 1485 4949 οὖσαν
1519 4896 1833 4968 ἀλλοφύλων
1875 4899 2013 4969 πρό-

430 4994 613 5051 τερον
643 4982 760 5036 νυνὶ
791 4983 850 5035 δὲ
898 4984 992 5037 καὶ
1040 4983 1126 5037 διὰ
1151 4984 1243 5038 τοῦ
1281 4987 1346 5039 ὲκ
1389 4987 1547 5059 ῥίζης
1586 4990 1783 5044 Ἰεσσαὶ
1810 4990 1845 5061 ἡ
1873 4989 2015 5062 αὑτὴ

434 5072 550 5143 χεὶρ
571 5072 665 5127 τοῦ
699 5074 925 5146 Κυρίου,
954 5075 1275 5149 προσθήκην
1294 5078 1516 5146 ἀγαθῶν
1539 5080 1858 5153 ποιουμένη,
1887 5083 2015 5145 τοὺς

435 5161 761 5230 ἀποστόλους
798 5165 893 5221 τοῦ
922 5168 1195 5240 Σωτῆρος,
1224 5172 1320 5224 xal.
1348 5172 1474 5235 τοὺς
1501 5174 1746 5246 κήρυκας
1782 5174 1876 5228 τοῦ
1907 5192 2012 5227 σω-

430 5254 620 5326 τηρίου
650 5259 1001 5329 Εὑαγγελίου,
1038 5261 1322 5325 Ἰουδαίους
1356 5262 1516 5326 ὄντας
1548 5265 1642 5319 καὶ
1660 5263 1719 5331 ἐξ
1746 5265 2011 5319 Ἰουδαίων

432 5346 804 5417 ὁρμωμένους,
852 5352 1130 5418 ὲπιδόξους
1183 5354 1280 5407 καί⁷
1328 5354 1601 5426 ζηλωτοὺς
1650 5357 1823 5411 ἐποίει
1888 5357 2011 5411 καθ’

430 5438 560 5511 ὅλης
587 5440 688 5511 τῆς
732 5444 1073 5516 οἰκουμένης,
1117 5445 1180 5499 οὐ
1233 5446 1341 5517 μὴν
1375 5445 1511 5501 ἀλλά
1566 5449 1660 5502 καὶ
1708 5450 1797 5502 ἐπ’
1840 5449 2011 5521 αὐτῆς

431 5533 731 5602 Αἰγύπτου,
771 5534 900 5589 ἔνθα
925 5537 1207 5609 παρῄεσαν
1230 5539 1544 5607 ἀκωλύτως,
1590 5541 1814 5612 μηδενὸς
1837 5543 2010 5612 ὲμπο-

427 5624 532 5678 δὼν
560 5626 745 5691 αὐτοῖς
790 5630 1112 5699 γινομένουο
1164 5632 1260 5686 καὶ
1307 5632 1528 5705 διῄεσαν
1572 5634 1665 5687 ὲπὶ
1696 5633 2009 5705 καθαιρέσει

426 5717 528 5787 τῆς
561 5720 943 5791 Αἰγυπτιακῆς
986 5722 1446 5797 εἰδωλολατρείας.
1508 5726 1617 5780 Καὶ
1659 5727 1709 5780 οἱ
1760 5726 1859 5797 μὲν
1913 5727 2007 5779 ἐπὶ

428 5809 705 5878 Μωῡσέως
754 5811 1001 5886 ἐξῄεσαν,
1050 5814 1339 5885 φεύγοντες
1392 5816 1482 5873 τὸν
1505 5816 1702 5891 Φαραὼ
1750 5818 1843 5873 καὶ
1881 5820 2004 5885 τοὺς

2125 4614 2267 4667 ﬁcat.
2296 4610 2434 4667 Olim
2468 4610 2688 4680 quidem
2724 4609 2926 4681 Moysis
2972 4621 3211 4679 tempore
3246 4624 3440 4665 manus
3490 4609 3702 4664 Domini

2124 4706 2263 4762 ﬁlios
2305 4705 2469 4760 Israel
2498 4704 2690 4759 eduxit
2720 4719 2785 4758 ex
2827 4702 3087 4773 Egypto,
3126 4718 3223 4773 per
3268 4719 3417 4758 mare
3459 4702 3700 4758 Rubrum

2122 4799 2359 4853 transire
2392 4797 2540 4863 fecit,
2573 4808 2628 4852 et
2679 4798 2894 4851 induxit
2944 4798 2994 4849 in
3042 4806 3245 4851 terram
3297 4795 3701 4867 promissionis,

2119 4908 2240 4963 qua:
2268 4892 2417 4962 prius
2454 4890 2845 4963 allophylorum
2870 4900 3008 4945 erat.
3037 4888 3190 4944 Nunc
3220 4899 3398 4944 autem
3430 4904 3527 4958 per
3552 4904 3700 4953 eum,

2122 4989 2212 5055 qui
2252 5000 2319 5040 ex
2348 4986 2533 5041 radice
2578 4983 2745 5039 lassas
2786 4984 3018 5054 prodiit,
3068 4984 3180 5055 ipsa
3224 4982 3435 5037 Domini
3486 4996 3699 5046 manus,

2123 5079 2386 5133 bonorum
2408 5078 2774 5132 accessionem
2802 5076 3057 5141 aﬁ'crens,
3081 5075 3352 5146 apostolos
3378 5071 3695 5134 Salvatoris,

2120 5179 2176 5225 et
2205 5168 2460 5223 salutaris
2490 5168 2767 5238 Evangelii
2801 5181 3080 5236 praecones
3114 5166 3369 5235 ipsosque
3398 5161 3612 5218 Iudaeos
3645 5172 3700 5213 et

2119 5277 2183 5315 ex
2212 5259 2413 5316 Judaeis
2441 5259 2734 5331 profectos,
2764 5259 3026 5328 gloriosos
3047 5266 3099 5313 et
3128 5256 3473 5311 ammlatione
3501 5254 3696 5320 dignos

2120 5370 2216 5425 per
2259 5364 2427 5408 totum
2468 5355 2654 5408 orbem
2693 5350 2903 5416 eﬁ‘ecit;
2948 5350 3057 5404 imo
3083 5347 3246 5403 etiam
3280 5347 3332 5400 in
3370 5344 3486 5414 ipsa
3529 5343 3697 5414 {Egy-

2120 5458 2233 5518 pto,
2260 5461 2368 5515 quo
2403 5444 2573 5499 libere
2603 5444 2703 5508 illi,
2734 5443 2951 5497 nemine
2990 5443 3263 5503 obstante,
3296 5436 3689 5506 peragrabant,

2121 5548 2175 5592 et
2222 5538 2289 5593 ad
2336 5535 2712 5609 [Egyptiacam
2756 5534 3115 5591 idololatriatn
3163 5530 3514 5587 evertendam
3548 5527 3694 5583 ultro

2119 5638 2364 5706 citroque
2412 5635 2783 5706 permeabant.
2812 5632 2888 5685 Ac
2936 5629 3010 5684 illi
3046 5630 3262 5697 quidem
3302 5623 3501 5694 Moysrs
3548 5632 3691 5677 tent-

2117 5742 2269 5798 pore,
2305 5726 2571 5795 fugientes
2608 5720 2950 5777 Pharaonem
2979 5728 3034 5774 et
3062 5716 3372 5789 Egyptios,
3401 5716 3687 5779 exierunt;

2118 5816 2370 5893 discipuli
2411 5826 2592 5875 autem
2626 5812 2829 5872 Christi
2869 5809 3099 5884 ingressi
3131 5820 3256 5869 sunt
3292 5810 3347 5867 in
3396 5805 3685 5879 Egyptum
