4118 6432
432 370 536 426 179

1103 368 1375 427 EUSEBII
1412 370 1896 431 CESARIENSIS
1934 371 2001 430 Ol

2125 372 2308 431 ΡΑιιε
2345 372 2430 430 ΙΙΙ.
2470 404 2543 418 -
2577 371 2991 430 EXEGETICA.

3594 368 3703 434 190

428 487 714 556 spontanei
764 487 1022 544 salutaris
1058 488 1209 544 verbi
1252 504 1551 560 praecones.
1600 490 1713 549 Illis
1766 502 2001 566 tempore

2116 491 2476 562 Αίγυπτίους·
2516 492 2567 545 οἰ
2616 491 2677 545 δὲ
2731 488 2972 564 Χριστοῦ
3028 487 3270 562 μαθηταὶ
3317 489 3573 563 εἰσῄεσαν
3620 494 3702 556 εἰς

354 647 377 655 _
428 578 632 651 Moysis
691 594 846 636 mare
906 579 1095 636 sensili
1152 593 1303 636 more
1364 582 1634 650 divisum,
1683 600 1822 656 aqua
1876 603 2007 644 vero

425 668 670 742 [Egyptii
713 669 952 726 ﬂuminis
983 670 1036 726 in
1082 673 1398 743 sanguinem
1430 683 1636 729 mutata
1674 685 1790 743 est;
1822 686 1879 731 at
1912 678 2008 733 bo-

427 781 620 820 norum
649 765 890 820 accessio
915 766 1230 821 memoratis
1274 768 1621 836 temporibus
1666 767 1833 834 facta,
1868 771 2004 826 mari

425 859 641 929 quidem
670 857 926 929 Egyptio
956 859 1342 924 vastationem,
1387 858 1593 916 ﬂumini
1640 878 1772 917 vero
1813 878 2004 919 eorum

424 959 724 1005 extremam
772 950 1076 1006 siccitatem
1127 952 1396 1019 minatur;
1432 964 1489 1008 ut
1535 954 1814 1024 Evangelii
1864 972 2007 1026 prte-

422 1056 584 1098 cones
628 1042 779 1099 nullo
828 1043 989 1100 obice
1033 1043 1419 1115 Egyptiorum
1466 1048 1717 1120 regiones
1768 1050 2005 1104 circum-

421 1144 574 1203 eant,
604 1149 669 1191 ac
712 1135 1004 1191 multorum
1037 1138 1255 1207 quidem
1293 1140 1520 1196 deorum
1561 1143 2004 1211 superstitionem

420 1236 698 1293 evertant;
731 1226 825 1282 Dei
857 1235 1043 1282 autem
1072 1229 1165 1298 qui
1193 1243 1356 1300 supra
1379 1232 1559 1286 omnia
1587 1244 1694 1297 est,
1721 1242 1775 1289 et
1802 1233 2004 1289 Christi

420 1316 539 1386 ejus
563 1333 632 1373 ex
673 1318 862 1374 radice
886 1317 1056 1374 Jessa:
1084 1323 1425 1391 prodeuntis,
1470 1325 1718 1379 notitiam
1764 1327 2003 1381 tradant.

419 1411 832 1467 Observandum
876 1419 1057 1466 autem
1106 1423 1190 1469 est
1224 1428 1332 1485 quo
1370 1424 1531 1485 pacto
1580 1430 1688 1470 non
1729 1417 2002 1487 regionem

418 1503 665 1577 Egypti,
704 1505 800 1560 sed
830 1522 981 1562 mare
1027 1515 1338 1564 vastaturus
1384 1523 1508 1565 esse
1560 1509 1827 1566 Dominus
1853 1513 2004 1567 dica-

422 1607 530 1659 tur.
560 1598 844 1667 Scriptura
874 1600 1149 1669 copiosam
1185 1599 1508 1656 idololatrias
1547 1603 1869 1659 varietatem
1924 1606 2006 1661 bis

421 1688 714 1745 indicante.
750 1688 854 1745 Pro
900 1690 993 1745 illo
1025 1701 1230 1756 autem,
1275 1710 1295 1744 ι
1329 1691 1612 1748 Desertum
1650 1694 1815 1750 laciet
1862 1695 2003 1751 Deus

422 1796 575 1837 mare
601 1781 851 1853 Egypti;
879 1800 898 1835 ι
936 1792 1048 1839 tres
1073 1783 1167 1839 alii
1202 1783 1456 1839 similiter
1479 1768 1821 1850 interpretati
1848 1796 1996 1853 sunt,

426 1894 445 1924 ε
480 1873 545 1928 Et
614 1875 1095 1931 anatliematizabit
1165 1876 1433 1934 Dominus
1521 1878 1762 1950 linguam
1839 1880 2004 1936 maris

421 1968 669 2043 Egypti.
699 1989 718 2022 ι
769 1968 827 2025 Si
874 1970 1058 2041 itaque
1110 1971 1334 2026 malitia:
1377 1971 1537 2041 hujus
1580 1976 1708 2028 vitae
1750 1974 2005 2030 colluvies

421 2078 505 2117 ma
518 2063 562 2117 ri
593 2072 960 2133 comparatur,
985 2062 1108 2117 vide
1137 2078 1320 2118 annon
1350 2066 1547 2120 merito
1580 2067 1865 2120 atheorum
1905 2068 2007 2122 im-

416 2157 746 2228 piorumque
784 2155 1060 2211 hominum
1090 2156 1327 2224 linguam
1357 2157 1450 2226 qui
1480 2157 1609 2212 olim
1644 2158 1811 2212 Deum
1851 2159 2005 2229 igno-

414 2251 636 2317 rabant,
667 2258 726 2303 ιιι
752 2250 833 2306 sic
867 2250 1082 2306 Pharao
1112 2249 1446 2315 declarabat,
1476 2269 1496 2302 ι
1526 2250 1640 2307 Non
1668 2253 1788 2307 novi
1821 2253 1998 2307 Domi-

418 2359 566 2409 num,
592 2350 647 2397 et
687 2339 852 2396 Israel
904 2356 1011 2395 non
1058 2341 1352 2407 dimittam,
1385 2360 1404 2394 ι
1445 2344 2006 2400 auatltematizaturus

418 2436 677 2491 Dominus
701 2450 823 2491 esse
854 2435 1065 2490 dicatur
1086 2435 1382 2491 secundum
1409 2444 1520 2490 tres
1552 2436 1912 2506 interpretes;
1946 2447 2004 2493 ιιι

416 2543 482 2581 ne
509 2526 650 2581 ultra
699 2524 1019 2597 Egyptiaca
1070 2525 1250 2595 lingua
1307 2526 1713 2582 superstitionis
1757 2542 2003 2585 errorem

413 2617 838 2681 conﬁrmarent;
872 2615 968 2671 sed
1015 2616 1228 2685 eloquia
1267 2616 1360 2670 Dei
1414 2618 1683 2685 proferre,
1727 2634 1792 2673 ac
1816 2618 2005 2688 jurare

418 2709 473 2763 in
507 2709 728 2763 nomine
772 2709 986 2763 Domini
1033 2707 1272 2764 Sabaoth
1318 2709 1645 2775 ediscerent,
1680 2714 1822 2782 quod
1858 2712 2006 2768 futu-

414 2819 536 2857 rum
565 2817 688 2858 esse
726 2802 779 2856 in
815 2802 1171 2872 sequentibus
1199 2818 1382 2857 sermo
1414 2804 1679 2858 declarat.
1708 2804 1800 2859 Sic
1842 2821 2005 2876 porro

416 2896 880 2949 anathematizata
950 2903 1036 2950 est
1088 2895 1393 2966 Δίωνι)ιίοοί
1451 2901 1617 2953 maris
1680 2898 1898 2967 lingua,
1947 2909 2004 2955 ut

417 2985 806 3056 malignorum,
837 3002 974 3057 quos
1014 2987 1093 3044 illi
1126 2990 1400 3054 colebant,
1435 2991 1736 3046 daemonum
1782 2993 2001 3047 oracula

418 3081 640 3150 penitus
674 3080 935 3146 silerent,
983 3081 1472 3151 divinationesque,
1513 3098 1578 3139 ac
1631 3085 1787 3141 malae
1832 3097 1998 3151 artes,

417 3187 558 3241 quas
612 3174 1076 3246 praestigiatorum
1131 3191 1296 3244 opera
1350 3178 1719 3241 exercebant,
1778 3194 2003 3248 prorsus

418 3275 701 3320 cessarent
729 3284 745 3320 :
774 3283 894 3336 qnze
925 3268 1105 3322 omnia
1139 3268 1356 3339 impleta
1407 3281 1532 3326 sunt
1566 3282 1687 3341 post
1734 3274 2000 3341 praedica-

418 3356 619 3411 tionem
670 3357 1041 3429 evangelicam
1100 3360 1370 3433 Egyptiis
1418 3363 1639 3422 factam.
1694 3365 1821 3421 Inde
1871 3352 2002 3422 vero

413 3450 580 3505 etiam
631 3467 800 3520 penes
834 3466 932 3507 nos
985 3461 1095 3508 tota
1150 3469 1363 3518 eorum,
1409 3457 1501 3525 qui
1535 3457 1678 3528 apud
1712 3457 2001 3530 Egyptios

412 3543 488 3597 dii
542 3545 1019 3613 existimabantur,
1071 3548 1342 3604 exstincta
1407 3550 1584 3606 virtus
1645 3561 1782 3607 est:
1831 3562 1999 3622 atque

412 3635 655 3690 omnium
691 3636 1059 3707 improborum
1099 3650 1154 3695 et
1186 3642 1503 3705 atheornm,
1548 3644 1640 3712 qui
1688 3659 1785 3713 per
1826 3654 1997 3700 totum

382 3729 600 3784 orbem
662 3728 983 3802 [Egyptiaco
1064 3732 1297 3788 similem
1386 3736 1708 3793 idololatria:
1789 3754 1996 3794 morem

414 3822 796 3890 sectabantur,
864 3825 995 3879 illud
1065 3827 1197 3881 olim
1268 3829 1552 3885 exundans
1619 3839 1673 3886 et
1741 3833 2000 3887 ﬂuctibus

417 3914 681 3983 agitatum
748 3907 938 3982 mare,
995 3926 1297 3973 extremam
1358 3935 1579 3989 passum
1633 3930 1718 3976 est
1768 3921 1997 3976 vastita-

415 4012 547 4060 tem.

491 4309 511 4343 ι
539 4289 603 4345 Et
640 4291 852 4363 injiciet
900 4306 1120 4347 manum
1166 4308 1319 4349 suam
1369 4293 1422 4347 in
1468 4293 1668 4371 numen
1706 4294 1761 4349 in
1802 4294 1996 4364 spiritu

412 4384 753 4448 vehementi,
808 4393 864 4440 et
921 4387 1192 4455 percutiet
1247 4396 1453 4457 septem
1512 4387 1754 4449 canales.
1805 4388 1881 4443 ita
1939 4400 1998 4445 ut

417 4482 695 4529 transeant
721 4491 816 4546 per
848 4475 979 4531 illud
1007 4475 1289 4533 calceati.»
1325 4476 1589 4546 Spiritum
1620 4480 1996 4535 vehementem

2113 586 2385 654 Αίγυπτον
2424 582 2715 656 αὐτόμολοι
2763 584 3006 654 κήρυκες
3057 581 3151 636 τοῦ
3196 586 3469 657 σωτηρίου
3509 586 3692 655 λόγου.

2122 678 2234 731 Kal
2256 678 2368 740 τοῖς
2400 676 2500 746 μὲν
2517 676 2610 728 ὲπί
2626 672 2905 737 Μωῦσέως
2919 672 3146 745 διῄρητο
3178 676 3212 745 ή
3234 674 3487 732 θάλασσα
3510 678 3703 748 αἰσθη-

2110 768 2249 833 τῶς’
2279 768 2417 823 τὸδὲ
2447 768 2592 841 ὕδωρ
2605 768 2702 822 τοῦ
2734 768 3034 837 Αἰγυπτίου
3064 769 3311 841 ποταμοῦ
3345 772 3703 843 μετεϐάλλετο

2094 864 2188 926 .εἰς
2220 855 2359 933 αἷμα
2376 878 2392 892 ⁸
2418 863 2452 933 ή
2478 861 2536 915 δὲ
2558 860 2910 929 τῶνάγαθῶν
2937 860 3223 934 προσθήκη
3254 863 3347 915 ἐπὶ
3370 863 3481 917 τῶν
3506 862 3700 933 δηλου-

2111 954 2291 1026 μένων
2327 953 2535 1026 χρόνων
2569 956 2635 1025 τῇ
2672 954 2771 1025 μὲν
2806 951 3051 1026 θαλάσσῃ
3092 954 3330 1025 ἐρημίαν
3371 954 3586 1008 ἀπειλεί
3628 958 3698 1028 τῇ

2110 1046 2402 1118 Αἰγυπτία,
2434 1046 2516 1119 τῷ
2560 1047 2619 1100 δὲ
2674 1045 2907 1117 ποταμῷ
2941 1046 3122 1100 αὐτῶν
3165 1046 3403 1117 παντελῆ
3432 1046 3694 1117 ἔκλειψιν,

2112 1140 2252 1212 πρὸς
2283 1140 2345 1193 τὸ
2375 1138 2497 1210 δίχα
2527 1138 2673 1203 τινὸς
2705 1138 3031 1210 κωλύματος
3074 1138 3170 1193 τοῦ
3212 1141 3483 1212 σωτηρίου
3514 1140 3698 1209 Εὐαγ-

2110 1232 2292 1303 γελίου
2342 1231 2591 1303 κήρυκας
2636 1230 2944 1303 περιελθεῖν
2996 1231 3097 1295 τὰς
3141 1233 3457 1300 Αἰγυπτίων
3488 1231 3697 1304 χώρας,

2108 1323 2204 1378 καὶ
2231 1322 2545 1394 ἀνατροπὴν
2581 1322 2680 1393 μὲν
2704 1321 2804 1392 τῆς
2837 1321 3101 1376 πολυθέου
3147 1322 3327 1377 αὐτῶν
3362 1323 3695 1395 δεισιδαιμο-

2107 1414 2230 1478 νίας
2273 1412 2636 1485 ἐργάσασθαι,
2676 1411 2774 1467 τοῦ
2800 1412 2858 1466 δὲ
2886 1414 2980 1467 ἐπὶ
3031 1414 3250 1469 πάντων
3294 1414 3430 1469 Θεοῦ
3462 1416 3555 1469 καὶ
3598 1416 3696 1471 τοῦ

2106 1506 2344 1578 Χριστοῦ
2364 1505 2551 1571 αὑτοῦ,
2573 1506 2666 1560 τοῦ
2688 1507 2753 1560 ἐκ
2782 1505 2939 1577 ῥίζης
2952 1507 3151 1561 Ἰεσσαί
3177 1507 3552 1580 προελθόντος,
3583 1526 3661 1563 πα

2110 1598 2360 1670 ραδοῦναι
2406 1597 2506 1670 τὴν
2536 1596 2757 1666 γνῶσιν.
2811 1596 3130 1669 Θεωρητέον
3173 1598 3232 1652 δὲ
3268 1600 3417 1665 ὅπως
3470 1600 3533 1653 οὐ
3587 1588 3688 1671 τὴν

2105 1690 2292 1764 χώραν
2322 1690 2622 1760 Αἰγύπτου,
2658 1688 2796 1743 ἀλλὰ
2832 1691 2933 1762 τὴν
2961 1689 3238 1746 θάλασσαν
3268 1692 3438 1763 αὐτῆς
3467 1693 3691 1763 λέγεται

2104 1785 2134 1837 ὁ
2178 1784 2386 1857 Κύριος
2431 1783 2767 1856 ὲρημώσειν,
2796 1782 2889 1836 τοῦ
2936 1782 3039 1854 τῆς
3085 1784 3529 1858 εἰδωλολατρείας
3561 1786 3696 1861 πλή-

2039 1853 2080 1909 B
2105 1876 2232 1940 θους
2254 1853 2396 1930 οὕτω
2425 1853 2777 1947 δηλουμένου.
2819 1875 2963 1929 Ἀντὶ
2996 1853 3185 1947 μέντοι
3213 1875 3331 1942 τοῦ,
3440 1853 3695 1950 Ἐρημιίί-

2107 1982 2189 2021 σει
2222 1966 2428 2040 Κύριος
2454 1967 2554 2040 τὴν
2574 1967 2849 2024 θάλασσαν
2865 1967 3167 2037 Αἰγύπτου,
3193 1987 3211 2020 ι
3230 1969 3279 2022 οἰ
3303 1972 3452 2042 τρεῖς
3472 1970 3692 2042 συμφώ-

2102 2074 2210 2123 νως
2235 2057 2407 2123 οὕτως
2435 2060 2825 2131 ήρμήνευσαν·
2864 2077 2885 2111 ι
2917 2060 3028 2113 Kal
3057 2060 3444 2132 άναθεματίσει
3488 2062 3694 2131 Κύριος

2102 2150 2204 2222 τὴν
2253 2150 2505 2220 γλῶσσαν
2553 2150 2829 2222 θαλάσσης
2884 2150 3187 2220 Αἰγύπτου.
3243 2169 3262 2206 ι
3308 2153 3373 2206 Εἰ
3398 2153 3581 2208 τοίνυν
3623 2152 3694 2208 τὰ

2105 2241 2287 2314 πλήθη
2316 2243 2417 2314 τῆς
2458 2244 2660 2307 κακίας
2687 2243 2783 2297 τοῦ
2818 2243 2934 2315 βίου
2985 2244 3230 2318 θαλάσση
3276 2246 3692 2319 παρεικάζεται,

2080 2335 2207 2415 ,ὅρα
2257 2336 2307 2387 εί
2351 2335 2593 2405 εὐλόγως
2614 2335 2714 2408 τὴν
2764 2336 2873 2390 τῶν
2902 2337 3076 2392 ἀθέων
3105 2338 3199 2392 καὶ
3230 2339 3445 2392 ἀσεϐῶν
3481 2339 3695 2411 ἀνδρῶν

2103 2427 2379 2496 γλῶσσαν,
2404 2427 2515 2481 τῶν
2544 2429 2712 2484 πάλαι
2732 2430 2825 2484 τὸν
2847 2430 2981 2485 Θεὸν
3009 2431 3368 2500 ἀγνοούντων,
3392 2433 3468 2498 ὡς
3500 2433 3692 2505 ἐδήλου

2103 2520 2279 2589 λέγων
2309 2521 2339 2572 ὁ
2388 2519 2609 2592 Φαραὼ,
2663 2540 2682 2572 ι
2722 2522 2837 2576 Ούκ
2887 2519 3004 2578 οῖδα
3057 2524 3150 2578 τὸν
3182 2526 3409 2597 Κύριον,
3465 2522 3562 2577 καί
3598 2523 3692 2577 τὸν

2116 2614 2332 2687 Ἰσραὴλ
2357 2616 2459 2669 οὐκ
2492 2611 2855 2683 ἐξαποστελῶ,
2900 2638 2919 2670 ι
2936 2618 3355 2690 ἀναθεματίσειν
3379 2619 3471 2673 τὸν
3488 2618 3693 2691 Κύριον

2103 2706 2324 2775 λέγεται
2378 2706 2520 2761 κατά
2567 2708 2696 2772 τοὺς
2742 2711 2893 2781 τρεῖς
2934 2710 3306 2781 ὲρμηνευτάς·
3359 2710 3447 2763 ἵνα
3495 2710 3692 2783 μηκέτι

2101 2796 2324 2872 γλώσσῃ
2347 2800 2414 2869 τῇ
2438 2798 2715 2870 Αἰγυπτίᾳ
2731 2799 2830 2871 τὴν
2853 2800 3219 2871 δεισιδαίμονα
3247 2799 3455 2872 πλάνην
3491 2799 3695 2872 κρατύ-

2102 2904 2256 2953 νωσι,
2276 2886 2487 2959 μάθωσι
2511 2888 2566 2943 δὲ
2591 2888 2774 2945 λαλεῖν
2794 2890 2863 2945 τὰ
2883 2889 2979 2944 τοῦ
2999 2890 3133 2945 θεοῦ
3163 2891 3340 2960 λόγια,
3357 2893 3449 2946 καί
3471 2891 3694 2964 ὀμνύειν

2103 2981 2162 3033 ὲν
2193 2979 2272 3051 τῷ
2297 2980 2521 3052 ὀνόματι
2547 2982 2755 3054 Κυρίου
2797 2982 3024 3037 Σαϐαὼθ
3047 3001 3062 3015 ’
3096 2983 3126 3038 δ
3155 2984 3219 3056 δὴ
3247 2983 3451 3059 προῖὼν
3482 2986 3512 3038 ὁ
3536 2984 3693 3054 λόγος

2103 3071 2323 3126 ἔσεσθαι
2346 3072 2613 3139 θεσπίζει.
2644 3073 2802 3129 Οῦτω
2829 3074 2887 3128 δὲ
2914 3075 3407 3149 ἀνατεθεμάτισται
3444 3076 3548 3149 τῆς
3598 3079 3695 3132 Αἰ-

2105 3164 2341 3232 γυπτίας
2397 3163 2674 3237 θαλάσσης
2711 3167 2744 3238 ή
2780 3166 3021 3236 γλῶσσα,
3052 3167 3128 3231 ὡς
3168 3166 3551 3238 ἀποσιωπῆσαι
3584 3168 3694 3222 τῶν

2105 3258 2238 3328 παρ’
2268 3256 2443 3326 αὐτῆς
2470 3256 2641 3312 πάλαι
2674 3259 3000 3330 τιμωμένων
3031 3240 3283 3331 πονηρῶν
3320 3259 3592 3330 δαιμόνων
3621 3258 3691 3313 τά

2102 3350 2411 3421 χρηστήρια
2456 3351 2550 3403 καὶ
2595 3349 2667 3403 τά
2715 3353 2947 3421 μαντεῖα
2967 3367 2982 3382 ⁸
3018 3350 3266 3405 λελύσθαι
3301 3351 3358 3405 δὲ
3379 3350 3560 3404 αὐτῶν
3598 3351 3693 3405 καὶ
3744 3404 3745 3407 η

2102 3441 2202 3505 τάς
2228 3440 2295 3494 δι’
2321 3442 2531 3515 ἀνδρῶν
2556 3443 2769 3514 γοήτων
2798 3438 3157 3515 κακοτεχνίας
3175 3460 3189 3474 ·
3223 3444 3260 3499 ἀ
3301 3444 3365 3517 δὴ
3396 3445 3574 3499 πάντα
3621 3444 3690 3498 δι’

2072 3535 2281 3605 -ἐργων
2329 3536 2631 3608 ἐπληροῦτο
2667 3533 2807 3607 μετά
2832 3536 2894 3589 τὸ
2929 3537 3191 3608 κήρυγμα
3230 3536 3292 3590 τὸ
3335 3536 3691 3606 εὐαγγελικδν

2100 3628 2161 3681 τὸ
2183 3628 2455 3700 κηρυχθὲν
2479 3628 2817 3698 Αἰγυπτίοις.
2854 3628 2946 3693 Ἐξ
2968 3630 3194 3683 ἐκείνων
3218 3629 3275 3681 δὲ
3300 3629 3393 3683 καὶ
3422 3631 3502 3693 εἰς
3540 3631 3692 3701 ἡμᾶς

2102 3720 2297 3784 αὐτοὺς
2343 3719 2453 3774 τῶν
2484 3721 2613 3792 παρ’
2663 3720 2983 3789 Αἰγυπτίοις
3029 3720 3435 3791 νενομισμένων
3480 3718 3620 3774 θεῶν
3654 3720 3689 3790 ἡ

2101 3815 2251 3867 πᾶσα
2282 3814 2512 3886 δύναμις
2541 3812 2776 3885 ἀπέσϐη,
2809 3814 2904 3866 καὶ
2927 3811 3145 3867 πάντων
3176 3813 3233 3867 δὲ
3254 3813 3361 3867 τῶν
3382 3812 3557 3867 ἀθέων
3589 3796 3685 3867 καὶ

2100 3906 2378 3961 δυσσεϐῶν
2422 3906 2633 3979 ἀνδρῶν
2663 3906 2773 3961 τῶν
2796 3905 2919 3960 καθ’
2944 3905 3076 3978 ὅλης
3103 3906 3205 3977 τῆς
3228 3904 3557 3978 οἰκουμένης
3593 3906 3692 3958 Αἰ-

2100 3997 2509 4069 γυπτιαζόντων
2551 4000 2693 4055 κατά
2743 4000 2835 4055 τὸν
2863 4002 3048 4074 ὅμοιον
3088 4001 3190 4072 τῆς
3249 4000 3690 4074 εἰδωλολατρείας

2099 4092 2300 4163 τρόπον
2335 4094 2369 4163 ἠ
2405 4093 2536 4147 ποτὲ
2566 4092 2973 4165 πλημμυροῦσα
3023 4095 3119 4147 καὶ
3172 4094 3560 4166 κυματουμένη
3589 4093 3688 4148 θά-

2098 4183 2271 4238 λασσα
2300 4184 2399 4255 τὴν
2434 4184 2672 4256 ἐσχάτην
2706 4183 2976 4239 πέπονθεν
3005 4183 3261 4256 ἐρημίαν.

2177 4297 2196 4328 ι
2234 4278 2344 4332 Kal
2385 4277 2639 4332 ὲπιϐαλεῖ
2663 4276 2763 4349 τὴν
2794 4280 2957 4350 χεῖρα
2994 4274 3162 4331 αὐτοῦ
3195 4276 3288 4330 ἑ.πί
3325 4275 3418 4331 τὸν
3442 4278 3690 4349 ποταμὸν

2099 4370 2157 4424 ὲν
2187 4369 2460 4440 πνεύματι
2517 4370 2699 4441 βιαίῳ,
2747 4369 2845 4424 καὶ
2896 4367 3126 4435 πατάξει
3178 4368 3319 4440 em
3373 4370 3686 4443 φάραγγας,

2100 4462 2242 4516 ὥστε
2272 4461 2699 4534 διαπορεύεσθαι
2744 4460 2910 4515 αὐτὸν
2947 4463 3005 4514 ὲν
3038 4462 3368 4534 ὑποδήμασι.
3407 4481 3428 4516 ι
3464 4465 3689 4535 Πνεῦμα

416 4561 551 4614 dicit
572 4575 719 4627 eum,
747 4564 839 4633 qui
871 4566 1078 4633 primus
1107 4565 1486 4638 [Egyptiorum
1520 4584 1745 4636 regnum
1774 4571 1991 4636 evertit,

2103 4555 2278 4625 βίαιον
2307 4551 2430 4609 εἷπε
2459 4555 2551 4609 τὸν
2580 4556 2797 4625 πρῶτον
2823 4555 3121 4610 καθελόντα
3149 4556 3248 4628 τὴν
3276 4556 3553 4627 βασιλείαν
3578 4558 3690 4614 τῶν

417 4653 786 4709 Romanorum
822 4656 1032 4710 ducem.
1063 4658 1278 4728 Septem
1310 4675 1439 4715 vero
1466 4661 1704 4726 canales,
1734 4662 1777 4717 si
1815 4664 1998 4719 aniruo

416 4747 791 4814 perpenderis,
820 4749 901 4803 sic
928 4748 1214 4819 intelliges,
1240 4750 1368 4806 olim
1399 4753 1619 4822 quidem
1655 4752 1816 4807 unius
1846 4752 1997 4808 ﬂuvii

416 4837 716 4892 maximum
756 4840 967 4895 alveum
1002 4839 1189 4908 fuisse,
1215 4859 1324 4913 quo
1351 4842 1571 4917 Egypti
1609 4845 1756 4914 regia
1792 4845 1999 4899 indica-

414 4928 575 4982 hatur
600 4944 618 4984 :
646 4943 708 4983 ea
758 4944 890 4985 vero
937 4932 1190 4987 omnibus
1223 4934 1427 4988 circum
1468 4934 1719 5006 gentibus
1761 4936 2000 5007 impera-

412 5016 548 5074 bat:
585 5014 673 5075 illa
704 5031 886 5076 autem
922 5023 1097 5077 soluta
1143 5035 1193 5078 et
1228 5039 1440 5092 eversa,
1473 5029 1736 5096 quosdam
1782 5028 1998 5100 regulos

416 5113 469 5165 in
507 5123 691 5179 partes
723 5114 1072 5169 distributum
1104 5132 1223 5172 eam
1259 5118 1604 5175 obtinuisse:
1642 5136 1870 5190 quorum
1905 5120 1996 5175 alii

413 5209 634 5279 quidem
673 5208 902 5280 Libycas
938 5223 1119 5280 partes
1174 5212 1665 5276 administrabant;
1701 5214 1792 5268 alii
1840 5231 1998 5285 sepa-

413 5300 513 5352 rati
525 5317 572 5353 ιιι
594 5298 953 5356 Thebzeorum
988 5309 1216 5365 tractus,
1246 5303 1336 5357 alii
1366 5303 1657 5374 Egyptum
1687 5313 1740 5359 et
1763 5305 1999 5361 Alexan-

412 5389 608 5444 driam.
638 5389 707 5446 Et
749 5406 816 5447 ex
856 5393 940 5447 his
988 5393 1076 5447 alii
1106 5394 1326 5464 quidem
1368 5392 1712 5462 prmfecturis
1748 5398 1996 5451 exornati

413 5491 562 5548 sunt,
589 5483 785 5552 quibus
815 5485 1155 5554 publicarum
1182 5494 1239 5540 et
1270 5485 1614 5555 politicarum
1652 5502 1831 5540 rerum
1867 5503 1997 5542 cura

414 5576 725 5630 concredita
759 5577 889 5645 fuit;
916 5578 1007 5633 alii
1038 5592 1171 5633 vero
1203 5578 1523 5633 bellicorum
1550 5580 1800 5634 ordinum
1833 5580 1999 5635 duces

413 5666 591 5735 ell‘ccti
623 5688 637 5725 :
669 5679 723 5724 et
748 5671 805 5726 hi
837 5687 1028 5728 omnes
1054 5688 1086 5727 a
1120 5672 1312 5737 majori
1363 5682 1634 5741 potestate
1675 5674 1741 5727 ad
1792 5688 1999 5728 memo-

412 5771 559 5816 ratas
608 5760 903 5833 dignitates
946 5765 1159 5831 evecti;
1216 5772 1400 5831 postea
1446 5776 1579 5819 vero
1613 5766 1695 5818 ad.
1726 5765 1996 5836 privatam

415 5853 783 5921 conditionem
813 5853 1043 5924 redacti,
1077 5855 1360 5912 canalibus
1384 5854 1509 5925 jure
1534 5856 1715 5914 collati
1748 5867 1896 5926 sunt,
1932 5859 1998 5915 ad

2100 4648 2417 4717 Αἰγυπτίων
2458 4648 2745 4719 Ῥωμαίων
2765 4647 3023 4722 ἄρχοντα.
3061 4650 3159 4704 Διὰ
3186 4650 3243 4705 δὲ
3271 4652 3379 4704 τῶν
3398 4652 3537 4707 ἑπτά
3582 4670 3688 4723 φα-

2103 4739 2323 4811 ράγγων
2338 4739 2555 4811 νοήσεις
2602 4740 2904 4811 ἐπιστήσας
2932 4740 3024 4794 τὸν
3063 4741 3209 4805 νοῦν,
3252 4741 3328 4807 ὡς
3365 4743 3533 4798 πάλαι
3588 4743 3689 4815 μὲν

2100 4830 2220 4895 ἑνὸς
2256 4832 2500 4902 ποταμοῦ
2530 4832 2711 4905 ῥεῦμα
2742 4832 3020 4904 μέγιστον,
3049 4833 3117 4886 δι’
3145 4826 3208 4887 οὗ
3254 4835 3316 4889 τὸ
3364 4836 3463 4907 τῆς
3489 4841 3503 4856 ⁸
3524 4834 3690 4905 Αἰγύ-

2100 4940 2235 4977 πτου
2273 4923 2541 4995 βασίλειον
2575 4925 2847 4998 ἐδηλοῦτο,
2870 4925 2979 4980 τῶν
3011 4927 3204 4981 αὐτόθι
3250 4926 3467 4981 πάντων
3516 4927 3688 4982 ἐθνῶν

2099 5019 2357 5091 ἐκράτει·
2391 5019 2761 5091 παταχθέντος
2801 5021 2858 5073 δὲ
2904 5022 3117 5099 ἐκείνου
3147 5021 3240 5075 καὶ
3269 5021 3540 5086 λυθέντος,
3592 5040 3687 5095 με-

2101 5112 2242 5187 ρικοί
2269 5129 2412 5178 τινες
2454 5113 2714 5184 ἄρχοντες
2759 5114 2939 5168 αὐτῶν
2984 5113 3126 5167 κατά
3149 5114 3374 5187 χρόνους
3421 5114 3683 5186 ἡγοῦντο·

2098 5209 2144 5259 οἱ
2180 5207 2276 5277 μὲν
2305 5205 2376 5261 τά
2403 5205 2617 5259 Λιϐύων
2637 5206 2914 5271 διέποντες
2946 5206 3109 5278 μέρη,
3137 5207 3185 5259 οἱ
3209 5206 3263 5260 δὲ
3289 5208 3687 5280 ἀφωρισμένως

2096 5296 2486 5370 τάθηϐαίων,
2533 5300 2583 5353 οἰ
2634 5299 2691 5352 δὲ
2739 5297 2911 5368 αὐτῆς
2968 5299 3244 5368 Αἰγύπτου
3288 5302 3381 5354 καὶ
3438 5301 3687 5367 Ἀλεξαν-

2096 5394 2295 5464 δρείας.
2331 5396 2444 5448 Καὶ
2486 5394 2693 5446 τούτων
2739 5395 2789 5445 oi
2847 5391 2946 5462 μὲν
2979 5392 3297 5463 ἡγεμονίαις
3338 5394 3682 5466 τετίμηνται,

2096 5485 2204 5539 τῶν
2223 5483 2531 5557 δημοτικῶν
2577 5484 2670 5537 καὶ
2723 5481 3022 5536 πολιτικῶν
3049 5484 3390 5555 πραγμάτων
3433 5487 3683 5555 ἐγκεχει-

2100 5577 2346 5648 ρισμένοι
2378 5575 2476 5647 τὴν
2510 5574 2798 5647 σερροντίδοι⁸
2856 5575 2905 5625 οἰ
2952 5573 3010 5627 δὲ
3061 5574 3462 5647 ἀφωρισμένως
3522 5575 3685 5628 πάλιν

2096 5667 2205 5721 τῶν
2235 5665 2641 5737 στρατιωτικῶν
2667 5663 3033 5738 καθηγοῦνται
3058 5668 3352 5738 ταγμάτων
3375 5685 3389 5697 ·
3427 5668 3518 5721 καί
3540 5663 3683 5720 οὗτοι

2101 5760 2302 5825 πάντες⁴
2333 5760 2437 5813 ὑπὸ
2474 5759 2572 5830 τῆς
2614 5758 2859 5830 μείζονος
2898 5757 3147 5822 ἐξουσίας
3179 5760 3273 5813 ἐπὶ
3301 5758 3399 5821 τάς
3428 5757 3685 5829 δηλωθεί-

2102 5869 2197 5917 σας
2228 5851 2402 5929 ἀρχὰς
2447 5852 2838 5925 προαγόμενοι⁵
2886 5853 3121 5908 κᾶπειτα
3160 5850 3544 5919 ἰδιωτεύοντες,
3582 5850 3684 5921 φά-
