  <div class='ocr_page' id='page_1' title='image "/cluster/home/n/w/nwhite01/storage/ocr_20150623/24:no.6/coo.31924054873058/104.png"; bbox 0 0 4118 6414; ppageno 0'>
   <div class='ocr_carea' id='block_1_1' title="bbox 418 369 535 426">
    <p class='ocr_par' dir='ltr' id='par_1_1' title="bbox 418 369 535 426">
     <span class='ocr_line' id='line_1_1' title="bbox 418 369 535 426; baseline 0.06 -7"><span class='ocrx_word' id='word_1_1' title='bbox 418 369 535 426; x_wconf 69' lang='grc'><strong>181</strong></span> 
     </span>
    </p>
   </div>
   <div class='ocr_carea' id='block_1_2' title="bbox 1384 366 3695 429">
    <p class='ocr_par' dir='ltr' id='par_1_2' title="bbox 1384 366 3695 429">
     <span class='ocr_line' id='line_1_2' title="bbox 1384 366 3695 429; baseline -0.005 -2"><span class='ocrx_word' id='word_1_2' title='bbox 1384 369 1884 427; x_wconf 80' lang='lat' dir='ltr'><strong>COMMENTARIA</strong></span> <span class='ocrx_word' id='word_1_3' title='bbox 1922 368 1987 423; x_wconf 82' lang='lat' dir='ltr'><strong>IN</strong></span> <span class='ocrx_word' id='word_1_4' title='bbox 2030 366 2285 425; x_wconf 82' lang='lat' dir='ltr'><strong>ISAIAM.</strong></span> <span class='ocrx_word' id='word_1_5' title='bbox 2327 399 2396 411; x_wconf 81' lang='lat'><strong>—</strong></span> <span class='ocrx_word' id='word_1_6' title='bbox 2434 370 2585 425; x_wconf 79' lang='lat' dir='ltr'><strong>CAP.</strong></span> <span class='ocrx_word' id='word_1_7' title='bbox 2626 369 2742 425; x_wconf 81' lang='lat' dir='ltr'><strong>xu.</strong></span> <span class='ocrx_word' id='word_1_8' title='bbox 3601 375 3695 429; x_wconf 63' lang='grc' dir='ltr'><strong>,δε</strong></span> 
     </span>
    </p>
   </div>
   <div class='ocr_carea' id='block_1_3' title="bbox 441 486 2027 562">
    <p class='ocr_par' dir='ltr' id='par_1_3' title="bbox 441 486 2020 562">
     <span class='ocr_line' id='line_1_3' title="bbox 441 486 2020 562; baseline -0.002 -20"><span class='ocrx_word' id='word_1_9' title='bbox 441 489 629 559; x_wconf 76' lang='grc' dir='ltr'>ραγξιν</span> <span class='ocrx_word' id='word_1_10' title='bbox 659 488 883 552; x_wconf 84' lang='grc' dir='ltr'>είκότως</span> <span class='ocrx_word' id='word_1_11' title='bbox 919 488 1367 561; x_wconf 85' lang='grc' dir='ltr'>παρεϐλήθησαν,</span> <span class='ocrx_word' id='word_1_12' title='bbox 1399 490 1475 554; x_wconf 81' lang='grc' dir='ltr'>ὡς</span> <span class='ocrx_word' id='word_1_13' title='bbox 1505 491 1562 543; x_wconf 83' lang='grc' dir='ltr'><strong>ὲν</strong></span> <span class='ocrx_word' id='word_1_14' title='bbox 1596 489 1896 562; x_wconf 81' lang='grc' dir='ltr'>παραθέσει</span> <span class='ocrx_word' id='word_1_15' title='bbox 1924 486 2020 540; x_wconf 88' lang='grc' dir='ltr'><strong>τοῦ</strong></span> 
     </span>
    </p>
   </div>
   <div class='ocr_carea' id='block_1_4' title="bbox 2127 486 3692 562">
    <p class='ocr_par' dir='ltr' id='par_1_4' title="bbox 2127 487 3692 558">
     <span class='ocr_line' id='line_1_4' title="bbox 2127 487 3692 558; baseline 0.003 -16"><span class='ocrx_word' id='word_1_16' title='bbox 2127 491 2585 558; x_wconf 87' lang='lat' dir='ltr'><strong>comparationem</strong></span> <span class='ocrx_word' id='word_1_17' title='bbox 2620 553 2623 557; x_wconf 17' lang='grc' dir='ltr'><strong><em>μ</em></strong></span> <span class='ocrx_word' id='word_1_18' title='bbox 2661 487 2900 544; x_wconf 82' lang='lat' dir='ltr'><strong>ﬂuminis</strong></span> <span class='ocrx_word' id='word_1_19' title='bbox 2957 490 3097 558; x_wconf 91' lang='lat' dir='ltr'><strong>apud</strong></span> <span class='ocrx_word' id='word_1_20' title='bbox 3156 490 3275 546; x_wconf 90' lang='lat' dir='ltr'><strong>illos</strong></span> <span class='ocrx_word' id='word_1_21' title='bbox 3330 503 3692 557; x_wconf 69' lang='lat' dir='ltr'><strong>eXlIllu&#39;Jﬂlls,</strong></span> 
     </span>
    </p>
   </div>
   <div class='ocr_carea' id='block_1_5' title="bbox 440 576 2016 652">
    <p class='ocr_par' dir='ltr' id='par_1_5' title="bbox 440 576 2016 652">
     <span class='ocr_line' id='line_1_5' title="bbox 440 576 2016 652; baseline -0.003 -18"><span class='ocrx_word' id='word_1_22' title='bbox 440 582 608 634; x_wconf 82' lang='grc' dir='ltr'>πάλαι</span> <span class='ocrx_word' id='word_1_23' title='bbox 630 579 1082 652; x_wconf 85' lang='grc' dir='ltr'>πλημμυροῦντος</span> <span class='ocrx_word' id='word_1_24' title='bbox 1109 580 1291 643; x_wconf 84' lang='grc' dir='ltr'>αὐτοῖς</span> <span class='ocrx_word' id='word_1_25' title='bbox 1318 581 1585 652; x_wconf 81' lang='grc' dir='ltr'><strong>ποταμοῦ,</strong></span> <span class='ocrx_word' id='word_1_26' title='bbox 1629 582 1771 649; x_wconf 84' lang='grc' dir='ltr'>λέγω</span> <span class='ocrx_word' id='word_1_27' title='bbox 1812 580 1875 651; x_wconf 84' lang='grc' dir='ltr'><strong>δὴ</strong></span> <span class='ocrx_word' id='word_1_28' title='bbox 1922 576 2016 631; x_wconf 89' lang='grc' dir='ltr'><strong>τοῦ</strong></span> 
     </span>
    </p>
   </div>
   <div class='ocr_carea' id='block_1_6' title="bbox 442 668 2021 742">
    <p class='ocr_par' dir='ltr' id='par_1_6' title="bbox 442 668 2021 742">
     <span class='ocr_line' id='line_1_6' title="bbox 442 668 2021 742; baseline -0.001 -18"><span class='ocrx_word' id='word_1_29' title='bbox 442 672 732 741; x_wconf 80' lang='grc' dir='ltr'><strong>βασιλείου,</strong></span> <span class='ocrx_word' id='word_1_30' title='bbox 766 672 824 734; x_wconf 86' lang='grc' dir='ltr'>ὃς</span> <span class='ocrx_word' id='word_1_31' title='bbox 847 671 911 742; x_wconf 83' lang='grc' dir='ltr'>δὴ</span> <span class='ocrx_word' id='word_1_32' title='bbox 942 670 1040 742; x_wconf 82' lang='grc' dir='ltr'>τὴν</span> <span class='ocrx_word' id='word_1_33' title='bbox 1091 672 1268 723; x_wconf 85' lang='grc' dir='ltr'>πᾶσαν</span> <span class='ocrx_word' id='word_1_34' title='bbox 1322 671 1535 741; x_wconf 86' lang='grc' dir='ltr'>ἁθρόως</span> <span class='ocrx_word' id='word_1_35' title='bbox 1569 672 1739 741; x_wconf 80' lang='grc' dir='ltr'>αὐτὴν</span> <span class='ocrx_word' id='word_1_36' title='bbox 1766 688 1825 723; x_wconf 90' lang='grc' dir='ltr'><strong>τε</strong></span> <span class='ocrx_word' id='word_1_37' title='bbox 1864 668 2021 738; x_wconf 76' lang='grc' dir='ltr'>Αἴγυ-</span> 
     </span>
    </p>
   </div>
   <div class='ocr_carea' id='block_1_7' title="bbox 443 761 2022 834">
    <p class='ocr_par' dir='ltr' id='par_1_7' title="bbox 443 761 2022 834">
     <span class='ocr_line' id='line_1_7' title="bbox 443 761 2022 834; baseline -0.001 -19"><span class='ocrx_word' id='word_1_38' title='bbox 443 779 573 815; x_wconf 85' lang='grc' dir='ltr'>πτον</span> <span class='ocrx_word' id='word_1_39' title='bbox 604 763 697 815; x_wconf 78' lang='grc' dir='ltr'>καὶ</span> <span class='ocrx_word' id='word_1_40' title='bbox 734 762 805 815; x_wconf 81' lang='grc' dir='ltr'>τὰ</span> <span class='ocrx_word' id='word_1_41' title='bbox 855 764 997 832; x_wconf 78' lang='grc' dir='ltr'>ἀμφὶ</span> <span class='ocrx_word' id='word_1_42' title='bbox 1042 761 1247 833; x_wconf 84' lang='grc' dir='ltr'>ταύτην</span> <span class='ocrx_word' id='word_1_43' title='bbox 1301 761 1429 834; x_wconf 76' lang='grc' dir='ltr'>ἔθνη</span> <span class='ocrx_word' id='word_1_44' title='bbox 1472 764 1553 815; x_wconf 65' lang='grc' dir='ltr'>έν).</span> <span class='ocrx_word' id='word_1_45' title='bbox 1595 761 1826 834; x_wconf 75' lang='grc' dir='ltr'>ῥεύματι</span> <span class='ocrx_word' id='word_1_46' title='bbox 1868 778 2022 832; x_wconf 87' lang='grc' dir='ltr'>περι-</span> 
     </span>
    </p>
   </div>
   <div class='ocr_carea' id='block_1_8' title="bbox 440 840 2009 927">
    <p class='ocr_par' dir='ltr' id='par_1_8' title="bbox 440 840 2009 927">
     <span class='ocr_line' id='line_1_8' title="bbox 440 840 2009 927; baseline -0.001 -17"><span class='ocrx_word' id='word_1_47' title='bbox 440 855 665 919; x_wconf 82' lang='grc' dir='ltr'>ἑκλυζε·</span> <span class='ocrx_word' id='word_1_48' title='bbox 717 856 818 927; x_wconf 81' lang='grc' dir='ltr'>μιᾷ</span> <span class='ocrx_word' id='word_1_49' title='bbox 867 840 1092 926; x_wconf 78' lang='grc' dir='ltr'>δύνάμει</span> <span class='ocrx_word' id='word_1_50' title='bbox 1139 855 1393 927; x_wconf 81' lang='grc' dir='ltr'>βασιλικῇ</span> <span class='ocrx_word' id='word_1_51' title='bbox 1446 854 1868 927; x_wconf 83' lang='grc' dir='ltr'>κατακρατούσῃ</span> <span class='ocrx_word' id='word_1_52' title='bbox 1898 854 2009 909; x_wconf 87' lang='grc' dir='ltr'><strong>τῶν</strong></span> 
     </span>
    </p>
   </div>
   <div class='ocr_carea' id='block_1_9' title="bbox 439 948 596 1001">
    <p class='ocr_par' dir='ltr' id='par_1_9' title="bbox 439 948 596 1001">
     <span class='ocr_line' id='line_1_9' title="bbox 439 948 596 1001; baseline 0 -1"><span class='ocrx_word' id='word_1_53' title='bbox 439 948 596 1001; x_wconf 82' lang='grc' dir='ltr'>ὅλων.</span> 
     </span>
    </p>
   </div>
   <div class='ocr_carea' id='block_1_10' title="bbox 514 1037 2023 1109">
    <p class='ocr_par' dir='ltr' id='par_1_10' title="bbox 514 1037 2023 1109">
     <span class='ocr_line' id='line_1_10' title="bbox 514 1037 2023 1109; baseline -0.001 -18"><span class='ocrx_word' id='word_1_54' title='bbox 514 1059 533 1091; x_wconf 71' lang='grc' dir='ltr'><strong>ι</strong></span> <span class='ocrx_word' id='word_1_55' title='bbox 565 1040 676 1093; x_wconf 73' lang='grc' dir='ltr'>Καὶ</span> <span class='ocrx_word' id='word_1_56' title='bbox 706 1038 858 1093; x_wconf 77' lang='grc' dir='ltr'>ἔσται</span> <span class='ocrx_word' id='word_1_57' title='bbox 885 1039 1055 1103; x_wconf 87' lang='grc' dir='ltr'>δίοδος</span> <span class='ocrx_word' id='word_1_58' title='bbox 1087 1037 1165 1109; x_wconf 84' lang='grc' dir='ltr'>τῷ</span> <span class='ocrx_word' id='word_1_59' title='bbox 1196 1037 1612 1108; x_wconf 82' lang='grc' dir='ltr'>καταλειφθέντι</span> <span class='ocrx_word' id='word_1_60' title='bbox 1656 1056 1757 1109; x_wconf 89' lang='grc' dir='ltr'><strong>μου</strong></span> <span class='ocrx_word' id='word_1_61' title='bbox 1804 1037 1918 1107; x_wconf 87' lang='grc' dir='ltr'>λαῷ</span> <span class='ocrx_word' id='word_1_62' title='bbox 1964 1039 2023 1089; x_wconf 78' lang='grc' dir='ltr'>ἐν</span> 
     </span>
    </p>
   </div>
   <div class='ocr_carea' id='block_1_11' title="bbox 437 1130 2023 1204">
    <p class='ocr_par' dir='ltr' id='par_1_11' title="bbox 437 1130 2023 1204">
     <span class='ocr_line' id='line_1_11' title="bbox 437 1130 2023 1204; baseline -0.002 -19"><span class='ocrx_word' id='word_1_63' title='bbox 437 1133 729 1204; x_wconf 72' lang='grc' dir='ltr'>Αἰγύπτῳ·</span> <span class='ocrx_word' id='word_1_64' title='bbox 789 1135 883 1186; x_wconf 82' lang='grc' dir='ltr'><strong>καὶ</strong></span> <span class='ocrx_word' id='word_1_65' title='bbox 932 1133 1085 1185; x_wconf 76' lang='grc' dir='ltr'>ἔσται</span> <span class='ocrx_word' id='word_1_66' title='bbox 1118 1130 1195 1201; x_wconf 79' lang='grc' dir='ltr'><strong>τῷ</strong></span> <span class='ocrx_word' id='word_1_67' title='bbox 1236 1132 1454 1203; x_wconf 84' lang='grc' dir='ltr'>Ἰσραὴλ</span> <span class='ocrx_word' id='word_1_68' title='bbox 1498 1130 1573 1195; x_wconf 85' lang='grc' dir='ltr'>ὡς</span> <span class='ocrx_word' id='word_1_69' title='bbox 1613 1135 1645 1203; x_wconf 83' lang='grc' dir='ltr'>ἡ</span> <span class='ocrx_word' id='word_1_70' title='bbox 1700 1132 1884 1203; x_wconf 80' lang='grc' dir='ltr'>ἡμέρα</span> <span class='ocrx_word' id='word_1_71' title='bbox 1935 1132 2023 1183; x_wconf 83' lang='grc' dir='ltr'><strong>ὅτε</strong></span> 
     </span>
    </p>
   </div>
   <div class='ocr_carea' id='block_1_12' title="bbox 440 1218 2022 1295">
    <p class='ocr_par' dir='ltr' id='par_1_12' title="bbox 440 1218 2022 1295">
     <span class='ocr_line' id='line_1_12' title="bbox 440 1218 2022 1295; baseline -0.003 -17"><span class='ocrx_word' id='word_1_72' title='bbox 440 1225 667 1295; x_wconf 81' lang='grc' dir='ltr'>ἐξῆλθεν</span> <span class='ocrx_word' id='word_1_73' title='bbox 722 1226 787 1278; x_wconf 86' lang='grc' dir='ltr'><strong>ὲκ</strong></span> <span class='ocrx_word' id='word_1_74' title='bbox 819 1226 921 1295; x_wconf 86' lang='grc' dir='ltr'><strong>γῆς</strong></span> <span class='ocrx_word' id='word_1_75' title='bbox 972 1224 1284 1294; x_wconf 81' lang='grc' dir='ltr'><strong>Αἰγύπτου·</strong></span> <span class='ocrx_word' id='word_1_76' title='bbox 1326 1244 1343 1276; x_wconf 82' lang='grc' dir='ltr'><strong>ι</strong></span> <span class='ocrx_word' id='word_1_77' title='bbox 1386 1225 1462 1288; x_wconf 87' lang='grc' dir='ltr'><strong>ὡς</strong></span> <span class='ocrx_word' id='word_1_78' title='bbox 1518 1222 1683 1294; x_wconf 86' lang='grc' dir='ltr'>βατὴν</span> <span class='ocrx_word' id='word_1_79' title='bbox 1735 1218 1875 1275; x_wconf 81' lang='grc' dir='ltr'>εἶναι</span> <span class='ocrx_word' id='word_1_80' title='bbox 1927 1221 2022 1274; x_wconf 89' lang='grc' dir='ltr'><strong>τοῦ</strong></span> 
     </span>
    </p>
   </div>
   <div class='ocr_carea' id='block_1_13' title="bbox 438 1315 2024 1388">
    <p class='ocr_par' dir='ltr' id='par_1_13' title="bbox 438 1315 2024 1388">
     <span class='ocr_line' id='line_1_13' title="bbox 438 1315 2024 1388; baseline 0.001 -19"><span class='ocrx_word' id='word_1_81' title='bbox 438 1316 626 1370; x_wconf 80' lang='grc' dir='ltr'>λοιποῦ</span> <span class='ocrx_word' id='word_1_82' title='bbox 666 1319 763 1388; x_wconf 84' lang='grc' dir='ltr'>τὴν</span> <span class='ocrx_word' id='word_1_83' title='bbox 814 1316 1089 1386; x_wconf 79' lang='grc' dir='ltr'>Αἴγυπτον</span> <span class='ocrx_word' id='word_1_84' title='bbox 1117 1321 1227 1381; x_wconf 85' lang='grc' dir='ltr'>τοῖς</span> <span class='ocrx_word' id='word_1_85' title='bbox 1264 1318 1358 1370; x_wconf 90' lang='grc' dir='ltr'><strong>τοῦ</strong></span> <span class='ocrx_word' id='word_1_86' title='bbox 1404 1315 1643 1387; x_wconf 79' lang='grc' dir='ltr'>Χριστοῦ</span> <span class='ocrx_word' id='word_1_87' title='bbox 1692 1315 2024 1384; x_wconf 76' lang='grc' dir='ltr'>Εὑαγγέλιον</span> 
     </span>
    </p>
   </div>
   <div class='ocr_carea' id='block_1_14' title="bbox 441 1409 2022 1482">
    <p class='ocr_par' dir='ltr' id='par_1_14' title="bbox 441 1409 2022 1482">
     <span class='ocr_line' id='line_1_14' title="bbox 441 1409 2022 1482; baseline -0.001 -19"><span class='ocrx_word' id='word_1_88' title='bbox 441 1411 788 1479; x_wconf 81' lang='grc' dir='ltr'>κηρύττουσι,</span> <span class='ocrx_word' id='word_1_89' title='bbox 841 1410 1067 1482; x_wconf 81' lang='grc' dir='ltr'>μηδενὸς</span> <span class='ocrx_word' id='word_1_90' title='bbox 1108 1409 1358 1481; x_wconf 77' lang='grc' dir='ltr'>ἐμποδὼν</span> <span class='ocrx_word' id='word_1_91' title='bbox 1407 1411 1591 1472; x_wconf 86' lang='grc' dir='ltr'>αὐτοῖς</span> <span class='ocrx_word' id='word_1_92' title='bbox 1645 1409 2022 1479; x_wconf 77' lang='grc' dir='ltr'>ἐνισταμένου,</span> 
     </span>
    </p>
   </div>
   <div class='ocr_carea' id='block_1_15' title="bbox 443 1501 2027 1572">
    <p class='ocr_par' dir='ltr' id='par_1_15' title="bbox 443 1501 2027 1572">
     <span class='ocr_line' id='line_1_15' title="bbox 443 1501 2027 1572; baseline -0.001 -18"><span class='ocrx_word' id='word_1_93' title='bbox 443 1502 565 1572; x_wconf 90' lang='grc' dir='ltr'>μηδ’</span> <span class='ocrx_word' id='word_1_94' title='bbox 614 1502 914 1555; x_wconf 80' lang='grc' dir='ltr'>ἐπιϐαίνειν</span> <span class='ocrx_word' id='word_1_95' title='bbox 958 1503 1281 1567; x_wconf 86' lang='grc' dir='ltr'>κωλύοντος.</span> <span class='ocrx_word' id='word_1_96' title='bbox 1320 1502 1521 1572; x_wconf 84' lang='grc' dir='ltr'>Διόπερ</span> <span class='ocrx_word' id='word_1_97' title='bbox 1556 1501 1632 1563; x_wconf 79' lang='grc' dir='ltr'>ὡς</span> <span class='ocrx_word' id='word_1_98' title='bbox 1673 1501 1870 1571; x_wconf 80' lang='grc' dir='ltr'>μηκέτι</span> <span class='ocrx_word' id='word_1_99' title='bbox 1905 1518 2027 1553; x_wconf 91' lang='grc' dir='ltr'>συν-</span> 
     </span>
    </p>
   </div>
   <div class='ocr_carea' id='block_1_16' title="bbox 438 1592 2022 1665">
    <p class='ocr_par' dir='ltr' id='par_1_16' title="bbox 438 1592 2022 1665">
     <span class='ocr_line' id='line_1_16' title="bbox 438 1592 2022 1665; baseline -0.001 -20"><span class='ocrx_word' id='word_1_100' title='bbox 438 1592 683 1664; x_wconf 81' lang='grc' dir='ltr'>εστώσης</span> <span class='ocrx_word' id='word_1_101' title='bbox 697 1595 792 1664; x_wconf 89' lang='grc' dir='ltr'><strong>τῆς</strong></span> <span class='ocrx_word' id='word_1_102' title='bbox 805 1595 1113 1663; x_wconf 76' lang='grc' dir='ltr'>Αἰγυπτίων</span> <span class='ocrx_word' id='word_1_103' title='bbox 1135 1594 1443 1665; x_wconf 83' lang='grc' dir='ltr'>βασιλείας,</span> <span class='ocrx_word' id='word_1_104' title='bbox 1469 1592 1544 1657; x_wconf 87' lang='grc' dir='ltr'>ὡς</span> <span class='ocrx_word' id='word_1_105' title='bbox 1561 1592 1619 1644; x_wconf 84' lang='grc' dir='ltr'>δὲ</span> <span class='ocrx_word' id='word_1_106' title='bbox 1651 1592 1750 1662; x_wconf 88' lang='grc' dir='ltr'><strong>τῆς</strong></span> <span class='ocrx_word' id='word_1_107' title='bbox 1779 1592 2022 1661; x_wconf 86' lang='grc' dir='ltr'>δαιμονι-</span> 
     </span>
    </p>
   </div>
   <div class='ocr_carea' id='block_1_17' title="bbox 438 1684 2027 1757">
    <p class='ocr_par' dir='ltr' id='par_1_17' title="bbox 438 1684 2027 1757">
     <span class='ocr_line' id='line_1_17' title="bbox 438 1684 2027 1757; baseline 0 -21"><span class='ocrx_word' id='word_1_108' title='bbox 438 1685 544 1754; x_wconf 85' lang='grc' dir='ltr'><strong>κῆς</strong></span> <span class='ocrx_word' id='word_1_109' title='bbox 611 1687 888 1757; x_wconf 77' lang='grc' dir='ltr'>ἐνεργείας</span> <span class='ocrx_word' id='word_1_110' title='bbox 940 1686 1040 1756; x_wconf 86' lang='grc' dir='ltr'><strong>τῆς</strong></span> <span class='ocrx_word' id='word_1_111' title='bbox 1090 1690 1151 1740; x_wconf 81' lang='grc' dir='ltr'><strong>ἐν</strong></span> <span class='ocrx_word' id='word_1_112' title='bbox 1209 1688 1394 1750; x_wconf 76' lang='grc' dir='ltr'>αὐτοῖς</span> <span class='ocrx_word' id='word_1_113' title='bbox 1457 1684 1914 1755; x_wconf 86' lang='grc' dir='ltr'>ἀποσϐεσθείσης,</span> <span class='ocrx_word' id='word_1_114' title='bbox 1964 1684 2027 1737; x_wconf 82' lang='grc' dir='ltr'>τὸ</span> 
     </span>
    </p>
   </div>
   <div class='ocr_carea' id='block_1_18' title="bbox 437 1776 2023 1850">
    <p class='ocr_par' dir='ltr' id='par_1_18' title="bbox 437 1776 2023 1850">
     <span class='ocr_line' id='line_1_18' title="bbox 437 1776 2023 1850; baseline -0.014 -11"><span class='ocrx_word' id='word_1_115' title='bbox 437 1780 699 1850; x_wconf 85' lang='grc' dir='ltr'>κήρυγμα</span> <span class='ocrx_word' id='word_1_116' title='bbox 726 1780 788 1833; x_wconf 87' lang='grc' dir='ltr'>τὸ</span> <span class='ocrx_word' id='word_1_117' title='bbox 831 1780 1181 1850; x_wconf 82' lang='grc' dir='ltr'>εύαγγελικδν</span> <span class='ocrx_word' id='word_1_118' title='bbox 1224 1781 1318 1833; x_wconf 76' lang='grc' dir='ltr'>ἐπὶ</span> <span class='ocrx_word' id='word_1_119' title='bbox 1352 1778 1549 1848; x_wconf 80' lang='grc' dir='ltr'>σχολῆς</span> <span class='ocrx_word' id='word_1_120' title='bbox 1607 1776 1815 1841; x_wconf 81' lang='grc' dir='ltr'>αὐτοῖς.</span> <span class='ocrx_word' id='word_1_121' title='bbox 1844 1781 2023 1849; x_wconf 75' lang='grc' dir='ltr'>ἐπηγ-</span> 
     </span>
    </p>
   </div>
   <div class='ocr_carea' id='block_1_19' title="bbox 440 1869 680 1937">
    <p class='ocr_par' dir='ltr' id='par_1_19' title="bbox 440 1869 680 1937">
     <span class='ocr_line' id='line_1_19' title="bbox 440 1869 680 1937; baseline 0.017 -16"><span class='ocrx_word' id='word_1_122' title='bbox 440 1869 680 1937; x_wconf 83' lang='grc' dir='ltr'>γέλλετο.</span> 
     </span>
    </p>
   </div>
   <div class='ocr_carea' id='block_1_20' title="bbox 947 1959 1509 2019">
    <p class='ocr_par' dir='ltr' id='par_1_20' title="bbox 947 1959 1509 2019">
     <span class='ocr_line' id='line_1_20' title="bbox 947 1959 1509 2019; baseline 0.005 -5"><span class='ocrx_word' id='word_1_123' title='bbox 947 1959 1347 2014; x_wconf 82' lang='grc' dir='ltr'><strong>ΚΕΦΑΛΑΙΟΝ</strong></span> <span class='ocrx_word' id='word_1_124' title='bbox 1408 1962 1509 2019; x_wconf 85' lang='lat' dir='ltr'><strong>IB&#39;.</strong></span> 
     </span>
    </p>
   </div>
   <div class='ocr_carea' id='block_1_21' title="bbox 513 2052 2021 2126">
    <p class='ocr_par' dir='ltr' id='par_1_21' title="bbox 513 2052 2021 2126">
     <span class='ocr_line' id='line_1_21' title="bbox 513 2052 2021 2126; baseline -0.001 -21"><span class='ocrx_word' id='word_1_125' title='bbox 513 2071 532 2104; x_wconf 77' lang='grc' dir='ltr'><strong>ι</strong></span> <span class='ocrx_word' id='word_1_126' title='bbox 572 2052 685 2106; x_wconf 72' lang='grc' dir='ltr'><strong>Καὶ</strong></span> <span class='ocrx_word' id='word_1_127' title='bbox 718 2053 950 2124; x_wconf 77' lang='grc' dir='ltr'>ἐρεῖς.ὲν</span> <span class='ocrx_word' id='word_1_128' title='bbox 993 2055 1059 2124; x_wconf 85' lang='grc' dir='ltr'>τῇ</span> <span class='ocrx_word' id='word_1_129' title='bbox 1095 2053 1279 2124; x_wconf 68' lang='grc' dir='ltr'>ἡμέρᾳ</span> <span class='ocrx_word' id='word_1_130' title='bbox 1328 2054 1544 2126; x_wconf 75' lang='grc' dir='ltr'>ἐκείνῃ·</span> <span class='ocrx_word' id='word_1_131' title='bbox 1603 2055 1896 2125; x_wconf 77' lang='grc' dir='ltr'>Εὐλογήσω</span> <span class='ocrx_word' id='word_1_132' title='bbox 1940 2068 2021 2115; x_wconf 91' lang='grc' dir='ltr'><strong>σε,</strong></span> 
     </span>
    </p>
   </div>
   <div class='ocr_carea' id='block_1_22' title="bbox 436 2144 2024 2217">
    <p class='ocr_par' dir='ltr' id='par_1_22' title="bbox 436 2144 2024 2217">
     <span class='ocr_line' id='line_1_22' title="bbox 436 2144 2024 2217; baseline -0.003 -19"><span class='ocrx_word' id='word_1_133' title='bbox 436 2145 662 2215; x_wconf 76' lang='grc' dir='ltr'>Κύριε.»</span> <span class='ocrx_word' id='word_1_134' title='bbox 689 2144 906 2217; x_wconf 72' lang='grc' dir='ltr'><strong>(18)Ὠς</strong></span> <span class='ocrx_word' id='word_1_135' title='bbox 947 2144 1056 2215; x_wconf 83' lang='grc' dir='ltr'>γὰρ</span> <span class='ocrx_word' id='word_1_136' title='bbox 1089 2147 1117 2197; x_wconf 90' lang='grc' dir='ltr'>ὁ</span> <span class='ocrx_word' id='word_1_137' title='bbox 1140 2144 1417 2208; x_wconf 83' lang='grc' dir='ltr'>Μωῦσέως</span> <span class='ocrx_word' id='word_1_138' title='bbox 1433 2146 1559 2208; x_wconf 87' lang='grc' dir='ltr'>λαὸς</span> <span class='ocrx_word' id='word_1_139' title='bbox 1589 2145 1736 2217; x_wconf 86' lang='grc' dir='ltr'>διέϐη</span> <span class='ocrx_word' id='word_1_140' title='bbox 1775 2145 1903 2199; x_wconf 83' lang='grc' dir='ltr'>ποτὲ</span> <span class='ocrx_word' id='word_1_141' title='bbox 1926 2144 2024 2214; x_wconf 80' lang='grc' dir='ltr'><strong>τὴν</strong></span> 
     </span>
    </p>
   </div>
   <div class='ocr_carea' id='block_1_23' title="bbox 452 2234 2024 2307">
    <p class='ocr_par' dir='ltr' id='par_1_23' title="bbox 452 2234 2024 2307">
     <span class='ocr_line' id='line_1_23' title="bbox 452 2234 2024 2307; baseline 0 -19"><span class='ocrx_word' id='word_1_142' title='bbox 452 2234 718 2307; x_wconf 79' lang='grc' dir='ltr'>Ἐρυθρὰν</span> <span class='ocrx_word' id='word_1_143' title='bbox 751 2235 1037 2289; x_wconf 81' lang='grc' dir='ltr'>θάλασσαν</span> <span class='ocrx_word' id='word_1_144' title='bbox 1067 2235 1142 2299; x_wconf 87' lang='grc' dir='ltr'>ὡς</span> <span class='ocrx_word' id='word_1_145' title='bbox 1180 2234 1267 2288; x_wconf 85' lang='grc' dir='ltr'>διὰ</span> <span class='ocrx_word' id='word_1_146' title='bbox 1322 2236 1529 2306; x_wconf 83' lang='grc' dir='ltr'>ξηρᾶς·</span> <span class='ocrx_word' id='word_1_147' title='bbox 1591 2234 1711 2290; x_wconf 83' lang='grc' dir='ltr'>εἶτα</span> <span class='ocrx_word' id='word_1_148' title='bbox 1753 2236 1891 2307; x_wconf 78' lang='grc' dir='ltr'>μετὰ</span> <span class='ocrx_word' id='word_1_149' title='bbox 1925 2237 2024 2306; x_wconf 81' lang='grc' dir='ltr'><strong>τὴν</strong></span> 
     </span>
    </p>
   </div>
   <div class='ocr_carea' id='block_1_24' title="bbox 432 2322 2026 2404">
    <p class='ocr_par' dir='ltr' id='par_1_24' title="bbox 432 2322 2026 2404">
     <span class='ocr_line' id='line_1_24' title="bbox 432 2322 2026 2404; baseline 0.001 -27"><span class='ocrx_word' id='word_1_150' title='bbox 432 2325 606 2378; x_wconf 87' lang='grc' dir='ltr'>δίοδον</span> <span class='ocrx_word' id='word_1_151' title='bbox 631 2325 729 2396; x_wconf 84' lang='grc' dir='ltr'>τὴν</span> <span class='ocrx_word' id='word_1_152' title='bbox 759 2326 901 2397; x_wconf 77' lang='grc' dir='ltr'>ᾠδὴν</span> <span class='ocrx_word' id='word_1_153' title='bbox 940 2322 1078 2404; x_wconf 78' lang='grc' dir='ltr'>ᾖσαν</span> <span class='ocrx_word' id='word_1_154' title='bbox 1130 2326 1401 2394; x_wconf 87' lang='grc' dir='ltr'>λέγοντες,</span> <span class='ocrx_word' id='word_1_155' title='bbox 1442 2346 1459 2378; x_wconf 75' lang='grc' dir='ltr'><strong>ι</strong></span> <span class='ocrx_word' id='word_1_156' title='bbox 1501 2330 1758 2399; x_wconf 75' lang='grc' dir='ltr'>’ᾼσωμεν</span> <span class='ocrx_word' id='word_1_157' title='bbox 1791 2326 1869 2397; x_wconf 83' lang='grc' dir='ltr'>τῷ</span> <span class='ocrx_word' id='word_1_158' title='bbox 1916 2330 2026 2381; x_wconf 81' lang='grc' dir='ltr'><strong>Κυ-</strong></span> 
     </span>
    </p>
   </div>
   <div class='ocr_carea' id='block_1_25' title="bbox 437 2415 2026 2491">
    <p class='ocr_par' dir='ltr' id='par_1_25' title="bbox 437 2415 2026 2491">
     <span class='ocr_line' id='line_1_25' title="bbox 437 2415 2026 2491; baseline 0.004 -27"><span class='ocrx_word' id='word_1_159' title='bbox 437 2415 560 2487; x_wconf 84' lang='grc' dir='ltr'>ρίῳ,</span> <span class='ocrx_word' id='word_1_160' title='bbox 596 2415 819 2480; x_wconf 73' lang='grc' dir='ltr'>ἐνδόξως</span> <span class='ocrx_word' id='word_1_161' title='bbox 858 2416 965 2489; x_wconf 77' lang='grc' dir='ltr'>γὰρ</span> <span class='ocrx_word' id='word_1_162' title='bbox 999 2416 1341 2484; x_wconf 80' lang='grc' dir='ltr'>δεδόξασται·</span> <span class='ocrx_word' id='word_1_163' title='bbox 1394 2436 1410 2467; x_wconf 76' lang='grc' dir='ltr'><strong>ι</strong></span> <span class='ocrx_word' id='word_1_164' title='bbox 1468 2417 1558 2471; x_wconf 80' lang='grc' dir='ltr'><strong>τὸν</strong></span> <span class='ocrx_word' id='word_1_165' title='bbox 1608 2419 1770 2474; x_wconf 76' lang='grc' dir='ltr'>αὐτὸν</span> <span class='ocrx_word' id='word_1_166' title='bbox 1827 2418 2026 2491; x_wconf 87' lang='grc' dir='ltr'>τρόπον</span> 
     </span>
    </p>
   </div>
   <div class='ocr_carea' id='block_1_26' title="bbox 437 2509 2025 2582">
    <p class='ocr_par' dir='ltr' id='par_1_26' title="bbox 437 2509 2025 2582">
     <span class='ocr_line' id='line_1_26' title="bbox 437 2509 2025 2582; baseline 0.002 -23"><span class='ocrx_word' id='word_1_167' title='bbox 437 2509 535 2561; x_wconf 75' lang='grc' dir='ltr'><strong>καὶ</strong></span> <span class='ocrx_word' id='word_1_168' title='bbox 562 2509 610 2560; x_wconf 86' lang='grc' dir='ltr'>οἱ</span> <span class='ocrx_word' id='word_1_169' title='bbox 635 2509 1100 2579; x_wconf 83' lang='grc' dir='ltr'>προφητευόμενοι</span> <span class='ocrx_word' id='word_1_170' title='bbox 1157 2510 1252 2562; x_wconf 91' lang='grc' dir='ltr'><strong>τοῦ</strong></span> <span class='ocrx_word' id='word_1_171' title='bbox 1302 2511 1553 2582; x_wconf 81' lang='grc' dir='ltr'>Σωτῆρος</span> <span class='ocrx_word' id='word_1_172' title='bbox 1599 2509 1756 2579; x_wconf 81' lang='grc' dir='ltr'>ἡμῶν</span> <span class='ocrx_word' id='word_1_173' title='bbox 1797 2511 2025 2578; x_wconf 83' lang='grc' dir='ltr'>εὐαγγε-</span> 
     </span>
    </p>
   </div>
   <div class='ocr_carea' id='block_1_27' title="bbox 433 2590 2024 2669">
    <p class='ocr_par' dir='ltr' id='par_1_27' title="bbox 433 2590 2024 2669">
     <span class='ocr_line' id='line_1_27' title="bbox 433 2590 2024 2669; baseline 0.003 -18"><span class='ocrx_word' id='word_1_174' title='bbox 433 2599 636 2663; x_wconf 76' lang='grc' dir='ltr'>λισταὶ,</span> <span class='ocrx_word' id='word_1_175' title='bbox 662 2601 816 2652; x_wconf 73' lang='grc' dir='ltr'>αὐτοὶ</span> <span class='ocrx_word' id='word_1_176' title='bbox 843 2600 1000 2663; x_wconf 80' lang='grc' dir='ltr'>ὄντες</span> <span class='ocrx_word' id='word_1_177' title='bbox 1025 2603 1074 2653; x_wconf 88' lang='grc' dir='ltr'><strong>οί</strong></span> <span class='ocrx_word' id='word_1_178' title='bbox 1095 2602 1159 2654; x_wconf 82' lang='grc' dir='ltr'><strong>ἐκ</strong></span> <span class='ocrx_word' id='word_1_179' title='bbox 1185 2601 1280 2655; x_wconf 92' lang='grc' dir='ltr'><strong>τοῦ</strong></span> <span class='ocrx_word' id='word_1_180' title='bbox 1312 2606 1511 2667; x_wconf 87' lang='grc' dir='ltr'>παντὸς</span> <span class='ocrx_word' id='word_1_181' title='bbox 1546 2604 1812 2657; x_wconf 84' lang='grc' dir='ltr'>Ἰουδαίων</span> <span class='ocrx_word' id='word_1_182' title='bbox 1840 2590 2024 2669; x_wconf 79' lang='grc' dir='ltr'>ἔθνους</span> 
     </span>
    </p>
   </div>
   <div class='ocr_carea' id='block_1_28' title="bbox 437 2691 2022 2767">
    <p class='ocr_par' dir='ltr' id='par_1_28' title="bbox 437 2691 2022 2767">
     <span class='ocr_line' id='line_1_28' title="bbox 437 2691 2022 2767; baseline 0.004 -23"><span class='ocrx_word' id='word_1_183' title='bbox 437 2691 893 2762; x_wconf 81' lang='grc' dir='ltr'>περιλειφθέντες,</span> <span class='ocrx_word' id='word_1_184' title='bbox 945 2691 1223 2746; x_wconf 84' lang='grc' dir='ltr'>ἀκώλυτον</span> <span class='ocrx_word' id='word_1_185' title='bbox 1280 2694 1595 2765; x_wconf 83' lang='grc' dir='ltr'>ποιούμενοι</span> <span class='ocrx_word' id='word_1_186' title='bbox 1648 2695 1739 2748; x_wconf 81' lang='grc' dir='ltr'><strong>τὸν</strong></span> <span class='ocrx_word' id='word_1_187' title='bbox 1797 2695 2022 2767; x_wconf 85' lang='grc' dir='ltr'>δρόμον,</span> 
     </span>
    </p>
   </div>
   <div class='ocr_carea' id='block_1_29' title="bbox 438 2784 2027 2859">
    <p class='ocr_par' dir='ltr' id='par_1_29' title="bbox 438 2784 2027 2859">
     <span class='ocr_line' id='line_1_29' title="bbox 438 2784 2027 2859; baseline 0.004 -22"><span class='ocrx_word' id='word_1_188' title='bbox 438 2786 533 2839; x_wconf 77' lang='grc' dir='ltr'>καὶ</span> <span class='ocrx_word' id='word_1_189' title='bbox 560 2786 741 2837; x_wconf 80' lang='grc' dir='ltr'>πᾶσαν</span> <span class='ocrx_word' id='word_1_190' title='bbox 783 2784 1152 2857; x_wconf 83' lang='grc' dir='ltr'>διατρέχοντες</span> <span class='ocrx_word' id='word_1_191' title='bbox 1198 2785 1296 2859; x_wconf 84' lang='grc' dir='ltr'><strong>τῆν</strong></span> <span class='ocrx_word' id='word_1_192' title='bbox 1345 2788 1659 2855; x_wconf 78' lang='grc' dir='ltr'>Αἰγυπτίων</span> <span class='ocrx_word' id='word_1_193' title='bbox 1688 2788 1894 2859; x_wconf 87' lang='grc' dir='ltr'>χώραν,</span> <span class='ocrx_word' id='word_1_194' title='bbox 1933 2792 2027 2843; x_wconf 76' lang='grc' dir='ltr'><strong>καὶ</strong></span> 
     </span>
    </p>
   </div>
   <div class='ocr_carea' id='block_1_30' title="bbox 451 2875 2026 2948">
    <p class='ocr_par' dir='ltr' id='par_1_30' title="bbox 451 2875 2026 2948">
     <span class='ocr_line' id='line_1_30' title="bbox 451 2875 2026 2948; baseline 0.004 -20"><span class='ocrx_word' id='word_1_195' title='bbox 451 2875 726 2939; x_wconf 81' lang='grc' dir='ltr'>Ἰουδαίοις</span> <span class='ocrx_word' id='word_1_196' title='bbox 767 2875 867 2945; x_wconf 81' lang='grc' dir='ltr'><strong>μὲν</strong></span> <span class='ocrx_word' id='word_1_197' title='bbox 914 2876 1281 2947; x_wconf 87' lang='grc' dir='ltr'>κηρύττοντες</span> <span class='ocrx_word' id='word_1_198' title='bbox 1322 2879 1383 2931; x_wconf 88' lang='grc' dir='ltr'><strong>τὸ</strong></span> <span class='ocrx_word' id='word_1_199' title='bbox 1437 2879 1770 2948; x_wconf 83' lang='grc' dir='ltr'>Εὐαγγέλιον</span> <span class='ocrx_word' id='word_1_200' title='bbox 1816 2882 1873 2934; x_wconf 84' lang='grc' dir='ltr'>ὲν</span> <span class='ocrx_word' id='word_1_201' title='bbox 1908 2885 2026 2945; x_wconf 87' lang='grc' dir='ltr'>ταῖς</span> 
     </span>
    </p>
   </div>
   <div class='ocr_carea' id='block_1_31' title="bbox 440 2969 2022 3043">
    <p class='ocr_par' dir='ltr' id='par_1_31' title="bbox 440 2969 2022 3043">
     <span class='ocr_line' id='line_1_31' title="bbox 440 2969 2022 3043; baseline 0.005 -24"><span class='ocrx_word' id='word_1_202' title='bbox 440 2970 783 3035; x_wconf 86' lang='grc' dir='ltr'>συναγωγαῖς</span> <span class='ocrx_word' id='word_1_203' title='bbox 872 2969 1072 3033; x_wconf 81' lang='grc' dir='ltr'>αὐτῶν,</span> <span class='ocrx_word' id='word_1_204' title='bbox 1114 2970 1412 3042; x_wconf 76' lang='grc' dir='ltr'>ἐκκλησίας</span> <span class='ocrx_word' id='word_1_205' title='bbox 1466 2971 1523 3024; x_wconf 81' lang='grc' dir='ltr'><strong>δὲ</strong></span> <span class='ocrx_word' id='word_1_206' title='bbox 1589 2972 1829 3043; x_wconf 87' lang='grc' dir='ltr'>Χριστοῦ</span> <span class='ocrx_word' id='word_1_207' title='bbox 1898 2991 2022 3027; x_wconf 76' lang='grc' dir='ltr'>συνο</span> 
     </span>
    </p>
   </div>
   <div class='ocr_carea' id='block_1_32' title="bbox 440 3059 2023 3137">
    <p class='ocr_par' dir='ltr' id='par_1_32' title="bbox 440 3059 2023 3137">
     <span class='ocr_line' id='line_1_32' title="bbox 440 3059 2023 3137; baseline 0.005 -26"><span class='ocrx_word' id='word_1_208' title='bbox 440 3059 696 3123; x_wconf 88' lang='grc' dir='ltr'>ιστῶντες</span> <span class='ocrx_word' id='word_1_209' title='bbox 718 3060 784 3112; x_wconf 77' lang='grc' dir='ltr'>ὲκ</span> <span class='ocrx_word' id='word_1_210' title='bbox 798 3059 897 3130; x_wconf 87' lang='grc' dir='ltr'><strong>τῆς</strong></span> <span class='ocrx_word' id='word_1_211' title='bbox 927 3061 1034 3114; x_wconf 87' lang='grc' dir='ltr'><strong>τῶν</strong></span> <span class='ocrx_word' id='word_1_212' title='bbox 1058 3062 1234 3115; x_wconf 78' lang='grc' dir='ltr'>ἐθνῶν</span> <span class='ocrx_word' id='word_1_213' title='bbox 1267 3064 1622 3134; x_wconf 82' lang='grc' dir='ltr'>ἐπιστροφῆς,</span> <span class='ocrx_word' id='word_1_214' title='bbox 1650 3065 1833 3117; x_wconf 86' lang='grc' dir='ltr'>καινὸν</span> <span class='ocrx_word' id='word_1_215' title='bbox 1850 3062 2023 3137; x_wconf 75' lang='grc' dir='ltr'>ᾆσμα,</span> 
     </span>
    </p>
   </div>
   <div class='ocr_carea' id='block_1_33' title="bbox 439 3153 2023 3231">
    <p class='ocr_par' dir='ltr' id='par_1_33' title="bbox 439 3153 2023 3231">
     <span class='ocr_line' id='line_1_33' title="bbox 439 3153 2023 3231; baseline 0.006 -26"><span class='ocrx_word' id='word_1_216' title='bbox 439 3153 693 3224; x_wconf 76' lang='grc' dir='ltr'><strong>²ίμφερῶς</strong></span> <span class='ocrx_word' id='word_1_217' title='bbox 722 3158 833 3218; x_wconf 88' lang='grc' dir='ltr'>τοῖς</span> <span class='ocrx_word' id='word_1_218' title='bbox 870 3157 961 3209; x_wconf 79' lang='grc' dir='ltr'><strong>ἐπὶ</strong></span> <span class='ocrx_word' id='word_1_219' title='bbox 988 3158 1289 3221; x_wconf 83' lang='grc' dir='ltr'>Μωῡσέως,</span> <span class='ocrx_word' id='word_1_220' title='bbox 1326 3158 1776 3231; x_wconf 74' lang='grc' dir='ltr'>ἑδίδασκον’ᾄδειν</span> <span class='ocrx_word' id='word_1_221' title='bbox 1793 3163 1919 3224; x_wconf 85' lang='grc' dir='ltr'>τοὺς</span> <span class='ocrx_word' id='word_1_222' title='bbox 1958 3162 2023 3214; x_wconf 83' lang='grc' dir='ltr'>δι’</span> 
     </span>
    </p>
   </div>
   <div class='ocr_carea' id='block_1_34' title="bbox 440 3245 2026 3325">
    <p class='ocr_par' dir='ltr' id='par_1_34' title="bbox 440 3245 2026 3325">
     <span class='ocr_line' id='line_1_34' title="bbox 440 3245 2026 3325; baseline 0.006 -26"><span class='ocrx_word' id='word_1_223' title='bbox 440 3245 615 3299; x_wconf 80' lang='grc' dir='ltr'>αὐτῶν</span> <span class='ocrx_word' id='word_1_224' title='bbox 636 3246 1063 3319; x_wconf 78' lang='grc' dir='ltr'>ὠφελουμένους.</span> <span class='ocrx_word' id='word_1_225' title='bbox 1091 3250 1259 3303; x_wconf 90' lang='grc' dir='ltr'>Τοῦτο</span> <span class='ocrx_word' id='word_1_226' title='bbox 1272 3252 1330 3304; x_wconf 78' lang='grc' dir='ltr'><strong>δὲ</strong></span> <span class='ocrx_word' id='word_1_227' title='bbox 1354 3246 1422 3321; x_wconf 74' lang='grc' dir='ltr'>ἦν</span> <span class='ocrx_word' id='word_1_228' title='bbox 1453 3252 1514 3304; x_wconf 85' lang='grc' dir='ltr'>τὺ</span> <span class='ocrx_word' id='word_1_229' title='bbox 1539 3252 1892 3325; x_wconf 82' lang='grc' dir='ltr'>προφωνηθὲν</span> <span class='ocrx_word' id='word_1_230' title='bbox 1920 3255 2026 3308; x_wconf 82' lang='grc' dir='ltr'><strong>ὑπὸ</strong></span> 
     </span>
    </p>
   </div>
   <div class='ocr_carea' id='block_1_35' title="bbox 441 3335 2020 3415">
    <p class='ocr_par' dir='ltr' id='par_1_35' title="bbox 441 3335 2020 3415">
     <span class='ocr_line' id='line_1_35' title="bbox 441 3335 2020 3415; baseline 0.006 -26"><span class='ocrx_word' id='word_1_231' title='bbox 441 3335 533 3390; x_wconf 81' lang='grc' dir='ltr'><strong>τοῦ</strong></span> <span class='ocrx_word' id='word_1_232' title='bbox 566 3338 793 3408; x_wconf 87' lang='grc' dir='ltr'>Κυρίου,</span> <span class='ocrx_word' id='word_1_233' title='bbox 850 3341 1151 3410; x_wconf 84' lang='grc' dir='ltr'>φάσκοντος</span> <span class='ocrx_word' id='word_1_234' title='bbox 1188 3342 1275 3395; x_wconf 77' lang='grc' dir='ltr'>διὰ</span> <span class='ocrx_word' id='word_1_235' title='bbox 1317 3342 1409 3395; x_wconf 81' lang='grc' dir='ltr'><strong>τοῦ</strong></span> <span class='ocrx_word' id='word_1_236' title='bbox 1462 3345 1807 3415; x_wconf 77' lang='grc' dir='ltr'>προφητικοῧ</span> <span class='ocrx_word' id='word_1_237' title='bbox 1832 3346 2020 3414; x_wconf 86' lang='grc' dir='ltr'>λόγου·</span> 
     </span>
    </p>
   </div>
   <div class='ocr_carea' id='block_1_36' title="bbox 445 3428 2024 3510">
    <p class='ocr_par' dir='ltr' id='par_1_36' title="bbox 445 3428 2024 3510">
     <span class='ocr_line' id='line_1_36' title="bbox 445 3428 2024 3510; baseline 0.009 -31"><span class='ocrx_word' id='word_1_238' title='bbox 445 3446 469 3479; x_wconf 72' lang='grc' dir='ltr'>ιι</span> <span class='ocrx_word' id='word_1_239' title='bbox 506 3428 617 3481; x_wconf 80' lang='grc' dir='ltr'>Καὶ</span> <span class='ocrx_word' id='word_1_240' title='bbox 638 3429 785 3503; x_wconf 77' lang='grc' dir='ltr'>ἐρεῖς</span> <span class='ocrx_word' id='word_1_241' title='bbox 815 3434 872 3484; x_wconf 79' lang='grc' dir='ltr'><strong>ἐν</strong></span> <span class='ocrx_word' id='word_1_242' title='bbox 899 3436 965 3504; x_wconf 81' lang='grc' dir='ltr'>τῇ</span> <span class='ocrx_word' id='word_1_243' title='bbox 1006 3435 1186 3506; x_wconf 76' lang='grc' dir='ltr'>ἡμέρᾳ</span> <span class='ocrx_word' id='word_1_244' title='bbox 1224 3435 1407 3507; x_wconf 79' lang='grc' dir='ltr'>ἐκείνῃ</span> <span class='ocrx_word' id='word_1_245' title='bbox 1428 3454 1440 3466; x_wconf 92' lang='grc'><strong>·</strong></span> <span class='ocrx_word' id='word_1_246' title='bbox 1477 3438 1769 3510; x_wconf 80' lang='grc' dir='ltr'>Εὑλογήσω</span> <span class='ocrx_word' id='word_1_247' title='bbox 1797 3456 1876 3503; x_wconf 90' lang='grc' dir='ltr'><strong>σε,</strong></span> <span class='ocrx_word' id='word_1_248' title='bbox 1917 3441 2024 3494; x_wconf 82' lang='grc' dir='ltr'><strong>Κύ-</strong></span> 
     </span>
    </p>
   </div>
   <div class='ocr_carea' id='block_1_37' title="bbox 441 3518 2025 3602">
    <p class='ocr_par' dir='ltr' id='par_1_37' title="bbox 441 3518 2025 3602">
     <span class='ocr_line' id='line_1_37' title="bbox 441 3518 2025 3602; baseline 0.008 -31"><span class='ocrx_word' id='word_1_249' title='bbox 441 3534 546 3588; x_wconf 78' lang='grc' dir='ltr'>ριε,</span> <span class='ocrx_word' id='word_1_250' title='bbox 572 3518 706 3573; x_wconf 92' lang='grc' dir='ltr'>διότι</span> <span class='ocrx_word' id='word_1_251' title='bbox 759 3521 1033 3592; x_wconf 84' lang='grc' dir='ltr'>ὠργίσθης</span> <span class='ocrx_word' id='word_1_252' title='bbox 1082 3541 1190 3594; x_wconf 91' lang='grc' dir='ltr'>μοι,</span> <span class='ocrx_word' id='word_1_253' title='bbox 1224 3525 1318 3578; x_wconf 75' lang='grc' dir='ltr'><strong>καὶ</strong></span> <span class='ocrx_word' id='word_1_254' title='bbox 1358 3526 1707 3602; x_wconf 72' lang='grc' dir='ltr'>ἀπέστρεψας</span> <span class='ocrx_word' id='word_1_255' title='bbox 1730 3528 1820 3582; x_wconf 80' lang='grc' dir='ltr'><strong>τὸν</strong></span> <span class='ocrx_word' id='word_1_256' title='bbox 1854 3529 2025 3600; x_wconf 88' lang='grc' dir='ltr'>θυμόν</span> 
     </span>
    </p>
   </div>
   <div class='ocr_carea' id='block_1_38' title="bbox 441 3611 1130 3686">
    <p class='ocr_par' dir='ltr' id='par_1_38' title="bbox 441 3611 1130 3686">
     <span class='ocr_line' id='line_1_38' title="bbox 441 3611 1130 3686; baseline 0.007 -22"><span class='ocrx_word' id='word_1_257' title='bbox 441 3627 559 3677; x_wconf 89' lang='grc' dir='ltr'>σου,</span> <span class='ocrx_word' id='word_1_258' title='bbox 587 3614 681 3666; x_wconf 80' lang='grc' dir='ltr'><strong>καὶ</strong></span> <span class='ocrx_word' id='word_1_259' title='bbox 716 3614 955 3685; x_wconf 76' lang='grc' dir='ltr'>ὴλέησάς</span> <span class='ocrx_word' id='word_1_260' title='bbox 987 3611 1073 3686; x_wconf 72' lang='grc' dir='ltr'>με.</span> <span class='ocrx_word' id='word_1_261' title='bbox 1112 3637 1130 3668; x_wconf 72' lang='grc' dir='ltr'><strong>ι</strong></span> 
     </span>
    </p>
   </div>
   <div class='ocr_carea' id='block_1_39' title="bbox 516 3705 2024 3784">
    <p class='ocr_par' dir='ltr' id='par_1_39' title="bbox 516 3705 2024 3784">
     <span class='ocr_line' id='line_1_39' title="bbox 516 3705 2024 3784; baseline 0.007 -28"><span class='ocrx_word' id='word_1_262' title='bbox 516 3723 536 3755; x_wconf 70' lang='grc' dir='ltr'><strong>ε</strong></span> <span class='ocrx_word' id='word_1_263' title='bbox 582 3705 712 3758; x_wconf 83' lang='grc' dir='ltr'>Ἰδοὺ</span> <span class='ocrx_word' id='word_1_264' title='bbox 745 3709 774 3759; x_wconf 83' lang='grc' dir='ltr'>ὁ</span> <span class='ocrx_word' id='word_1_265' title='bbox 804 3706 937 3771; x_wconf 86' lang='grc' dir='ltr'>Θεός</span> <span class='ocrx_word' id='word_1_266' title='bbox 965 3726 1088 3779; x_wconf 88' lang='grc' dir='ltr'>μου,</span> <span class='ocrx_word' id='word_1_267' title='bbox 1123 3712 1317 3783; x_wconf 90' lang='grc' dir='ltr'>Σωτήρ</span> <span class='ocrx_word' id='word_1_268' title='bbox 1363 3730 1486 3782; x_wconf 83' lang='grc' dir='ltr'>μου.</span> <span class='ocrx_word' id='word_1_269' title='bbox 1529 3712 1807 3777; x_wconf 87' lang='grc' dir='ltr'>πεποιθὼς</span> <span class='ocrx_word' id='word_1_270' title='bbox 1832 3714 2024 3784; x_wconf 82' lang='grc' dir='ltr'>ἔσομαι</span> 
     </span>
    </p>
   </div>
   <div class='ocr_carea' id='block_1_40' title="bbox 439 3797 2025 3873">
    <p class='ocr_par' dir='ltr' id='par_1_40' title="bbox 439 3797 2025 3873">
     <span class='ocr_line' id='line_1_40' title="bbox 439 3797 2025 3873; baseline 0.007 -26"><span class='ocrx_word' id='word_1_271' title='bbox 439 3797 523 3847; x_wconf 77' lang='grc' dir='ltr'><strong>ἐπ’</strong></span> <span class='ocrx_word' id='word_1_272' title='bbox 552 3797 721 3867; x_wconf 84' lang='grc' dir='ltr'>αὐτῷ,</span> <span class='ocrx_word' id='word_1_273' title='bbox 751 3799 844 3851; x_wconf 77' lang='grc' dir='ltr'><strong>καὶ</strong></span> <span class='ocrx_word' id='word_1_274' title='bbox 871 3800 933 3851; x_wconf 87' lang='grc' dir='ltr'><strong>ού</strong></span> <span class='ocrx_word' id='word_1_275' title='bbox 954 3800 1351 3873; x_wconf 75' lang='grc' dir='ltr'>φοϐηθήσομαι</span> <span class='ocrx_word' id='word_1_276' title='bbox 1374 3820 1386 3833; x_wconf 92' lang='grc'><strong>·</strong></span> <span class='ocrx_word' id='word_1_277' title='bbox 1420 3802 1551 3855; x_wconf 84' lang='grc' dir='ltr'>διότι</span> <span class='ocrx_word' id='word_1_278' title='bbox 1581 3807 1613 3873; x_wconf 83' lang='grc' dir='ltr'>ἡ</span> <span class='ocrx_word' id='word_1_279' title='bbox 1647 3803 1773 3867; x_wconf 85' lang='grc' dir='ltr'>δόξα</span> <span class='ocrx_word' id='word_1_280' title='bbox 1806 3822 1907 3873; x_wconf 86' lang='grc' dir='ltr'><strong>μου</strong></span> <span class='ocrx_word' id='word_1_281' title='bbox 1933 3806 2025 3858; x_wconf 74' lang='grc' dir='ltr'><strong>καὶ</strong></span> 
     </span>
    </p>
   </div>
   <div class='ocr_carea' id='block_1_41' title="bbox 438 3887 2019 3964">
    <p class='ocr_par' dir='ltr' id='par_1_41' title="bbox 438 3887 2019 3964">
     <span class='ocr_line' id='line_1_41' title="bbox 438 3887 2019 3964; baseline 0.004 -25"><span class='ocrx_word' id='word_1_282' title='bbox 438 3890 471 3956; x_wconf 82' lang='grc' dir='ltr'>ἡ</span> <span class='ocrx_word' id='word_1_283' title='bbox 500 3887 706 3949; x_wconf 74' lang='grc' dir='ltr'>αἵνεσίς</span> <span class='ocrx_word' id='word_1_284' title='bbox 744 3906 844 3957; x_wconf 93' lang='grc' dir='ltr'><strong>μου</strong></span> <span class='ocrx_word' id='word_1_285' title='bbox 860 3890 1084 3960; x_wconf 85' lang='grc' dir='ltr'>Κύριος,</span> <span class='ocrx_word' id='word_1_286' title='bbox 1107 3893 1200 3942; x_wconf 72' lang='grc' dir='ltr'><strong>καὶ</strong></span> <span class='ocrx_word' id='word_1_287' title='bbox 1218 3891 1436 3958; x_wconf 80' lang='grc' dir='ltr'>ἐγένετό</span> <span class='ocrx_word' id='word_1_288' title='bbox 1465 3910 1553 3962; x_wconf 88' lang='grc' dir='ltr'><strong>μοι</strong></span> <span class='ocrx_word' id='word_1_289' title='bbox 1579 3895 1660 3956; x_wconf 89' lang='grc' dir='ltr'>εἰς</span> <span class='ocrx_word' id='word_1_290' title='bbox 1693 3895 2019 3964; x_wconf 54' lang='lat' dir='ltr'><strong>ammplam:</strong></span> 
     </span>
    </p>
   </div>
   <div class='ocr_carea' id='block_1_42' title="bbox 440 3973 2073 4053">
    <p class='ocr_par' dir='ltr' id='par_1_42' title="bbox 440 3973 2073 4053">
     <span class='ocr_line' id='line_1_42' title="bbox 440 3973 2073 4053; baseline 0.004 -24"><span class='ocrx_word' id='word_1_291' title='bbox 440 3978 534 4029; x_wconf 77' lang='grc' dir='ltr'>καὶ</span> <span class='ocrx_word' id='word_1_292' title='bbox 565 3976 601 4029; x_wconf 71' lang='grc' dir='ltr'>ἃ</span> <span class='ocrx_word' id='word_1_293' title='bbox 625 3979 979 4047; x_wconf 89' lang='grc' dir='ltr'>παρακατιὼν</span> <span class='ocrx_word' id='word_1_294' title='bbox 1013 3980 1246 4033; x_wconf 78' lang='grc' dir='ltr'>ἐνταῦθα</span> <span class='ocrx_word' id='word_1_295' title='bbox 1265 3979 1502 4044; x_wconf 78' lang='grc' dir='ltr'>διέξεισι.</span> <span class='ocrx_word' id='word_1_296' title='bbox 1540 3982 1613 4034; x_wconf 86' lang='grc' dir='ltr'><strong>Τὸ</strong></span> <span class='ocrx_word' id='word_1_297' title='bbox 1636 3982 1786 4050; x_wconf 89' lang='grc' dir='ltr'>γοῦν,</span> <span class='ocrx_word' id='word_1_298' title='bbox 1806 4003 1822 4034; x_wconf 78' lang='grc' dir='ltr'><strong>ι</strong></span> <span class='ocrx_word' id='word_1_299' title='bbox 1859 3982 2026 4053; x_wconf 85' lang='grc' dir='ltr'>ὠργί-</span> <span class='ocrx_word' id='word_1_300' title='bbox 2042 3973 2073 3986; x_wconf 72' lang='grc'><strong>’</strong></span> 
     </span>
    </p>
   </div>
   <div class='ocr_carea' id='block_1_43' title="bbox 441 4067 2025 4145">
    <p class='ocr_par' dir='ltr' id='par_1_43' title="bbox 441 4067 2025 4145">
     <span class='ocr_line' id='line_1_43' title="bbox 441 4067 2025 4145; baseline 0.006 -26"><span class='ocrx_word' id='word_1_301' title='bbox 441 4067 577 4138; x_wconf 88' lang='grc' dir='ltr'>σθης</span> <span class='ocrx_word' id='word_1_302' title='bbox 635 4086 748 4138; x_wconf 90' lang='grc' dir='ltr'>μοι,</span> <span class='ocrx_word' id='word_1_303' title='bbox 786 4069 1229 4141; x_wconf 70' lang='grc' dir='ltr'>»ἐξομολόγησιν</span> <span class='ocrx_word' id='word_1_304' title='bbox 1280 4072 1562 4143; x_wconf 82' lang='grc' dir='ltr'>προτέρων</span> <span class='ocrx_word' id='word_1_305' title='bbox 1613 4074 2025 4145; x_wconf 81' lang='grc' dir='ltr'>ἁμαρτημάτων</span> 
     </span>
    </p>
   </div>
   <div class='ocr_carea' id='block_1_44' title="bbox 440 4153 2026 4237">
    <p class='ocr_par' dir='ltr' id='par_1_44' title="bbox 440 4153 2026 4237">
     <span class='ocr_line' id='line_1_44' title="bbox 440 4153 2026 4237; baseline 0.006 -28"><span class='ocrx_word' id='word_1_306' title='bbox 440 4157 800 4229; x_wconf 85' lang='grc' dir='ltr'>παρίστησιν·</span> <span class='ocrx_word' id='word_1_307' title='bbox 835 4153 911 4213; x_wconf 83' lang='grc' dir='ltr'>ὧν</span> <span class='ocrx_word' id='word_1_308' title='bbox 943 4160 1107 4213; x_wconf 76' lang='grc' dir='ltr'>ἕνεκα</span> <span class='ocrx_word' id='word_1_309' title='bbox 1153 4160 1288 4213; x_wconf 89' lang='grc' dir='ltr'>Θεοῦ</span> <span class='ocrx_word' id='word_1_310' title='bbox 1321 4163 1491 4233; x_wconf 79' lang='grc' dir='ltr'>ὀργῆς</span> <span class='ocrx_word' id='word_1_311' title='bbox 1538 4159 1678 4234; x_wconf 78' lang='grc' dir='ltr'>ἦσαν</span> <span class='ocrx_word' id='word_1_312' title='bbox 1730 4165 1869 4229; x_wconf 79' lang='grc' dir='ltr'>ἄξιοι</span> <span class='ocrx_word' id='word_1_313' title='bbox 1921 4166 2026 4237; x_wconf 87' lang='grc' dir='ltr'>πρὸ</span> 
     </span>
    </p>
   </div>
   <div class='ocr_carea' id='block_1_45' title="bbox 438 4251 2024 4322">
    <p class='ocr_par' dir='ltr' id='par_1_45' title="bbox 438 4251 2024 4322">
     <span class='ocr_line' id='line_1_45' title="bbox 438 4251 2024 4322; baseline 0.006 -20"><span class='ocrx_word' id='word_1_314' title='bbox 438 4251 537 4321; x_wconf 81' lang='grc' dir='ltr'><strong>τῆς</strong></span> <span class='ocrx_word' id='word_1_315' title='bbox 568 4251 834 4322; x_wconf 79' lang='grc' dir='ltr'>σωτηρίου</span> <span class='ocrx_word' id='word_1_316' title='bbox 870 4251 1117 4322; x_wconf 85' lang='grc' dir='ltr'>κλήσεως</span> <span class='ocrx_word' id='word_1_317' title='bbox 1152 4253 1201 4304; x_wconf 86' lang='grc' dir='ltr'>οἱ</span> <span class='ocrx_word' id='word_1_318' title='bbox 1233 4252 1549 4320; x_wconf 84' lang='grc' dir='ltr'>Αἰγύπτιοι·</span> <span class='ocrx_word' id='word_1_319' title='bbox 1585 4256 1648 4309; x_wconf 77' lang='grc' dir='ltr'><strong>τὸ</strong></span> <span class='ocrx_word' id='word_1_320' title='bbox 1676 4257 1753 4321; x_wconf 84' lang='grc' dir='ltr'><strong>δὲ,</strong></span> <span class='ocrx_word' id='word_1_321' title='bbox 1809 4276 1827 4308; x_wconf 77' lang='grc' dir='ltr'><strong>ι</strong></span> <span class='ocrx_word' id='word_1_322' title='bbox 1892 4257 2024 4310; x_wconf 84' lang='grc' dir='ltr'><strong>Ἀπ-</strong></span> 
     </span>
    </p>
   </div>
   <div class='ocr_carea' id='block_1_46' title="bbox 441 4341 2018 4422">
    <p class='ocr_par' dir='ltr' id='par_1_46' title="bbox 441 4341 2018 4422">
     <span class='ocr_line' id='line_1_46' title="bbox 441 4341 2018 4422; baseline 0.005 -28"><span class='ocrx_word' id='word_1_323' title='bbox 441 4341 712 4413; x_wconf 79' lang='grc' dir='ltr'>έστρεψας</span> <span class='ocrx_word' id='word_1_324' title='bbox 741 4343 832 4396; x_wconf 83' lang='grc' dir='ltr'><strong>τὸν</strong></span> <span class='ocrx_word' id='word_1_325' title='bbox 863 4343 1032 4414; x_wconf 90' lang='grc' dir='ltr'>θυμόν</span> <span class='ocrx_word' id='word_1_326' title='bbox 1065 4360 1157 4397; x_wconf 92' lang='grc' dir='ltr'><strong>σου</strong></span> <span class='ocrx_word' id='word_1_327' title='bbox 1185 4347 1280 4398; x_wconf 83' lang='grc' dir='ltr'><strong>ἀπ’</strong></span> <span class='ocrx_word' id='word_1_328' title='bbox 1306 4348 1462 4418; x_wconf 82' lang='grc' dir='ltr'>ἐμοῦ,</span> <span class='ocrx_word' id='word_1_329' title='bbox 1497 4349 1592 4402; x_wconf 74' lang='grc' dir='ltr'>καὶ</span> <span class='ocrx_word' id='word_1_330' title='bbox 1616 4351 1854 4422; x_wconf 51' lang='lat' dir='ltr'><strong>manus;</strong></span> <span class='ocrx_word' id='word_1_331' title='bbox 1890 4367 1977 4419; x_wconf 84' lang='grc' dir='ltr'><strong>με,</strong></span> <span class='ocrx_word' id='word_1_332' title='bbox 1999 4369 2018 4402; x_wconf 75' lang='grc' dir='ltr'><strong>ι</strong></span> 
     </span>
    </p>
   </div>
   <div class='ocr_carea' id='block_1_47' title="bbox 440 4434 2024 4511">
    <p class='ocr_par' dir='ltr' id='par_1_47' title="bbox 440 4434 2024 4511">
     <span class='ocr_line' id='line_1_47' title="bbox 440 4434 2024 4511; baseline 0.004 -25"><span class='ocrx_word' id='word_1_333' title='bbox 440 4434 538 4505; x_wconf 85' lang='grc' dir='ltr'>τὴν</span> <span class='ocrx_word' id='word_1_334' title='bbox 569 4435 705 4506; x_wconf 85' lang='grc' dir='ltr'>μετὰ</span> <span class='ocrx_word' id='word_1_335' title='bbox 739 4435 837 4506; x_wconf 82' lang='grc' dir='ltr'><strong>τὴν</strong></span> <span class='ocrx_word' id='word_1_336' title='bbox 874 4435 1064 4507; x_wconf 78' lang='grc' dir='ltr'>κλῆσιν</span> <span class='ocrx_word' id='word_1_337' title='bbox 1100 4436 1435 4510; x_wconf 87' lang='grc' dir='ltr'>δωρηθεῖσαν</span> <span class='ocrx_word' id='word_1_338' title='bbox 1456 4442 1639 4504; x_wconf 86' lang='grc' dir='ltr'>αὺτοῖς</span> <span class='ocrx_word' id='word_1_339' title='bbox 1670 4443 1864 4511; x_wconf 81' lang='grc' dir='ltr'>ἄφεσιν</span> <span class='ocrx_word' id='word_1_340' title='bbox 1916 4441 2024 4494; x_wconf 85' lang='grc' dir='ltr'><strong>τῶν</strong></span> 
     </span>
    </p>
   </div>
   <div class='ocr_carea' id='block_1_48' title="bbox 2123 582 3695 653">
    <p class='ocr_par' dir='ltr' id='par_1_48' title="bbox 2123 582 3695 653">
     <span class='ocr_line' id='line_1_48' title="bbox 2123 582 3695 653; baseline 0.001 -18"><span class='ocrx_word' id='word_1_341' title='bbox 2123 584 2249 651; x_wconf 83' lang='lat' dir='ltr'><strong>regii</strong></span> <span class='ocrx_word' id='word_1_342' title='bbox 2285 582 2425 647; x_wconf 86' lang='lat' dir='ltr'><strong>dico,</strong></span> <span class='ocrx_word' id='word_1_343' title='bbox 2453 583 2596 651; x_wconf 91' lang='lat' dir='ltr'><strong>quod</strong></span> <span class='ocrx_word' id='word_1_344' title='bbox 2643 597 2856 637; x_wconf 88' lang='lat' dir='ltr'><strong>omnem</strong></span> <span class='ocrx_word' id='word_1_345' title='bbox 2903 596 3007 635; x_wconf 87' lang='lat' dir='ltr'><strong>una</strong></span> <span class='ocrx_word' id='word_1_346' title='bbox 3044 582 3369 653; x_wconf 64' lang='lat' dir='ltr'><strong>IEgyptum,</strong></span> <span class='ocrx_word' id='word_1_347' title='bbox 3415 599 3478 638; x_wconf 89' lang='lat' dir='ltr'><strong>ac</strong></span> <span class='ocrx_word' id='word_1_348' title='bbox 3534 584 3695 637; x_wconf 82' lang='lat' dir='ltr'><strong>simul</strong></span> 
     </span>
    </p>
   </div>
   <div class='ocr_carea' id='block_1_49' title="bbox 2120 675 3692 745">
    <p class='ocr_par' dir='ltr' id='par_1_49' title="bbox 2120 675 3692 745">
     <span class='ocr_line' id='line_1_49' title="bbox 2120 675 3692 745; baseline 0 -16"><span class='ocrx_word' id='word_1_349' title='bbox 2120 684 2309 745; x_wconf 81' lang='lat' dir='ltr'><strong>gemes</strong></span> <span class='ocrx_word' id='word_1_350' title='bbox 2365 675 2803 744; x_wconf 73' lang='lat' dir='ltr'><strong>circumpositas,</strong></span> <span class='ocrx_word' id='word_1_351' title='bbox 2849 691 2955 730; x_wconf 92' lang='lat' dir='ltr'><strong>uno</strong></span> <span class='ocrx_word' id='word_1_352' title='bbox 3000 677 3154 731; x_wconf 82' lang='lat' dir='ltr'><strong>alveo</strong></span> <span class='ocrx_word' id='word_1_353' title='bbox 3203 677 3532 743; x_wconf 90' lang='lat' dir='ltr'><strong>inundabat,</strong></span> <span class='ocrx_word' id='word_1_354' title='bbox 3586 692 3692 730; x_wconf 89' lang='lat' dir='ltr'><strong>una</strong></span> 
     </span>
    </p>
   </div>
   <div class='ocr_carea' id='block_1_50' title="bbox 2124 765 3695 835">
    <p class='ocr_par' dir='ltr' id='par_1_50' title="bbox 2124 765 3695 835">
     <span class='ocr_line' id='line_1_50' title="bbox 2124 765 3695 835; baseline 0.003 -17"><span class='ocrx_word' id='word_1_355' title='bbox 2124 765 2267 835; x_wconf 72' lang='lat' dir='ltr'><strong>regia</strong></span> <span class='ocrx_word' id='word_1_356' title='bbox 2336 775 2606 834; x_wconf 71' lang='lat' dir='ltr'><strong>potestate</strong></span> <span class='ocrx_word' id='word_1_357' title='bbox 2665 766 2719 821; x_wconf 90' lang='lat' dir='ltr'><strong>in</strong></span> <span class='ocrx_word' id='word_1_358' title='bbox 2786 768 3067 823; x_wconf 84' lang='lat' dir='ltr'><strong>universos</strong></span> <span class='ocrx_word' id='word_1_359' title='bbox 3154 767 3486 823; x_wconf 83' lang='lat' dir='ltr'><strong>dominatum</strong></span> <span class='ocrx_word' id='word_1_360' title='bbox 3552 768 3695 824; x_wconf 87' lang='lat' dir='ltr'><strong>obti-</strong></span> 
     </span>
    </p>
   </div>
   <div class='ocr_carea' id='block_1_51' title="bbox 2122 868 2306 912">
    <p class='ocr_par' dir='ltr' id='par_1_51' title="bbox 2122 868 2306 912">
     <span class='ocr_line' id='line_1_51' title="bbox 2122 868 2306 912; baseline -0.016 0"><span class='ocrx_word' id='word_1_361' title='bbox 2122 868 2306 912; x_wconf 89' lang='lat' dir='ltr'><strong>nente.</strong></span> 
     </span>
    </p>
   </div>
   <div class='ocr_carea' id='block_1_52' title="bbox 2194 1037 3697 1109">
    <p class='ocr_par' dir='ltr' id='par_1_52' title="bbox 2194 1037 3697 1109">
     <span class='ocr_line' id='line_1_52' title="bbox 2194 1037 3697 1109; baseline 0.001 -20"><span class='ocrx_word' id='word_1_362' title='bbox 2194 1038 2356 1095; x_wconf 74' lang='lat' dir='ltr'><strong>Vens.</strong></span> <span class='ocrx_word' id='word_1_363' title='bbox 2390 1037 2472 1096; x_wconf 82' lang='grc'><strong>16.</strong></span> <span class='ocrx_word' id='word_1_364' title='bbox 2506 1057 2524 1088; x_wconf 73' lang='grc' dir='ltr'><strong>ι</strong></span> <span class='ocrx_word' id='word_1_365' title='bbox 2556 1037 2622 1092; x_wconf 84' lang='grc' dir='ltr'>Ει</span> <span class='ocrx_word' id='word_1_366' title='bbox 2648 1039 2751 1093; x_wconf 85' lang='lat' dir='ltr'><strong>erit</strong></span> <span class='ocrx_word' id='word_1_367' title='bbox 2785 1038 3044 1095; x_wconf 89' lang='lat' dir='ltr'><strong>transitus</strong></span> <span class='ocrx_word' id='word_1_368' title='bbox 3074 1039 3330 1095; x_wconf 74' lang='lat' dir='ltr'><strong>derelicto</strong></span> <span class='ocrx_word' id='word_1_369' title='bbox 3356 1037 3551 1109; x_wconf 90' lang='lat' dir='ltr'><strong>populo</strong></span> <span class='ocrx_word' id='word_1_370' title='bbox 3577 1054 3697 1093; x_wconf 88' lang='lat' dir='ltr'><strong>meo</strong></span> 
     </span>
    </p>
   </div>
   <div class='ocr_carea' id='block_1_53' title="bbox 2124 1129 3699 1200">
    <p class='ocr_par' dir='ltr' id='par_1_53' title="bbox 2124 1129 3699 1200">
     <span class='ocr_line' id='line_1_53' title="bbox 2124 1129 3699 1200; baseline -0.001 -16"><span class='ocrx_word' id='word_1_371' title='bbox 2124 1131 2177 1184; x_wconf 92' lang='lat' dir='ltr'><strong>in</strong></span> <span class='ocrx_word' id='word_1_372' title='bbox 2210 1130 2445 1200; x_wconf 68' lang='lat' dir='ltr'><strong>Aﬂgypto</strong></span> <span class='ocrx_word' id='word_1_373' title='bbox 2480 1148 2493 1184; x_wconf 87' lang='lat'><strong>:</strong></span> <span class='ocrx_word' id='word_1_374' title='bbox 2525 1138 2580 1184; x_wconf 85' lang='lat' dir='ltr'><strong>et</strong></span> <span class='ocrx_word' id='word_1_375' title='bbox 2624 1130 2729 1184; x_wconf 90' lang='lat' dir='ltr'><strong>erit</strong></span> <span class='ocrx_word' id='word_1_376' title='bbox 2772 1129 2976 1198; x_wconf 87' lang='lat' dir='ltr'><strong>lsracli,</strong></span> <span class='ocrx_word' id='word_1_377' title='bbox 3004 1131 3158 1199; x_wconf 89' lang='lat' dir='ltr'><strong>quasi</strong></span> <span class='ocrx_word' id='word_1_378' title='bbox 3206 1131 3340 1196; x_wconf 89' lang='lat' dir='ltr'><strong>dies,</strong></span> <span class='ocrx_word' id='word_1_379' title='bbox 3378 1146 3481 1200; x_wconf 88' lang='lat' dir='ltr'><strong>qua</strong></span> <span class='ocrx_word' id='word_1_380' title='bbox 3529 1133 3699 1184; x_wconf 81' lang='lat' dir='ltr'><strong>exivit</strong></span> 
     </span>
    </p>
   </div>
   <div class='ocr_carea' id='block_1_54' title="bbox 2123 1220 3695 1295">
    <p class='ocr_par' dir='ltr' id='par_1_54' title="bbox 2123 1220 3695 1295">
     <span class='ocr_line' id='line_1_54' title="bbox 2123 1220 3695 1295; baseline 0.003 -21"><span class='ocrx_word' id='word_1_381' title='bbox 2123 1235 2189 1274; x_wconf 83' lang='lat' dir='ltr'><strong>ex</strong></span> <span class='ocrx_word' id='word_1_382' title='bbox 2232 1220 2497 1290; x_wconf 68' lang='lat' dir='ltr'><strong>Aigypto;</strong></span> <span class='ocrx_word' id='word_1_383' title='bbox 2524 1239 2542 1271; x_wconf 73' lang='grc' dir='ltr'><strong>ι</strong></span> <span class='ocrx_word' id='word_1_384' title='bbox 2580 1221 2653 1275; x_wconf 87' lang='lat' dir='ltr'><strong>ita</strong></span> <span class='ocrx_word' id='word_1_385' title='bbox 2703 1232 2759 1274; x_wconf 91' lang='lat' dir='ltr'><strong>ut</strong></span> <span class='ocrx_word' id='word_1_386' title='bbox 2805 1221 3057 1291; x_wconf 86' lang='lat' dir='ltr'><strong>deinceps</strong></span> <span class='ocrx_word' id='word_1_387' title='bbox 3101 1222 3370 1293; x_wconf 64' lang='lat' dir='ltr'><strong>Egyptus</strong></span> <span class='ocrx_word' id='word_1_388' title='bbox 3421 1224 3695 1295; x_wconf 81' lang='lat' dir='ltr'><strong>Evangelii</strong></span> 
     </span>
    </p>
   </div>
   <div class='ocr_carea' id='block_1_55' title="bbox 2122 1312 3691 1382">
    <p class='ocr_par' dir='ltr' id='par_1_55' title="bbox 2122 1312 3691 1382">
     <span class='ocr_line' id='line_1_55' title="bbox 2122 1312 3691 1382; baseline 0.001 -15"><span class='ocrx_word' id='word_1_389' title='bbox 2122 1312 2325 1367; x_wconf 85' lang='lat' dir='ltr'><strong>Christi</strong></span> <span class='ocrx_word' id='word_1_390' title='bbox 2372 1313 2714 1382; x_wconf 65' lang='lat' dir='ltr'><strong>praeconibus</strong></span> <span class='ocrx_word' id='word_1_391' title='bbox 2748 1315 2931 1382; x_wconf 86' lang='lat' dir='ltr'><strong>pervia</strong></span> <span class='ocrx_word' id='word_1_392' title='bbox 2973 1315 3078 1380; x_wconf 91' lang='lat' dir='ltr'><strong>sit,</strong></span> <span class='ocrx_word' id='word_1_393' title='bbox 3127 1316 3271 1370; x_wconf 90' lang='lat' dir='ltr'><strong>nullo</strong></span> <span class='ocrx_word' id='word_1_394' title='bbox 3312 1317 3561 1371; x_wconf 82' lang='lat' dir='ltr'><strong>obstante</strong></span> <span class='ocrx_word' id='word_1_395' title='bbox 3608 1318 3691 1371; x_wconf 87' lang='lat' dir='ltr'><strong>vel</strong></span> 
     </span>
    </p>
   </div>
   <div class='ocr_carea' id='block_1_56' title="bbox 2125 1404 3691 1477">
    <p class='ocr_par' dir='ltr' id='par_1_56' title="bbox 2125 1404 3691 1477">
     <span class='ocr_line' id='line_1_56' title="bbox 2125 1404 3691 1477; baseline 0.003 -20"><span class='ocrx_word' id='word_1_396' title='bbox 2125 1404 2430 1473; x_wconf 85' lang='lat' dir='ltr'><strong>ingressum</strong></span> <span class='ocrx_word' id='word_1_397' title='bbox 2501 1404 2853 1473; x_wconf 82' lang='lat' dir='ltr'><strong>prohibente.</strong></span> <span class='ocrx_word' id='word_1_398' title='bbox 2920 1405 3293 1475; x_wconf 80' lang='lat' dir='ltr'><strong>Quapropter,</strong></span> <span class='ocrx_word' id='word_1_399' title='bbox 3348 1417 3534 1477; x_wconf 85' lang='lat' dir='ltr'><strong>utpote</strong></span> <span class='ocrx_word' id='word_1_400' title='bbox 3580 1409 3691 1477; x_wconf 87' lang='lat' dir='ltr'><strong>jam</strong></span> 
     </span>
    </p>
   </div>
   <div class='ocr_carea' id='block_1_57' title="bbox 2124 1494 3696 1568">
    <p class='ocr_par' dir='ltr' id='par_1_57' title="bbox 2124 1494 3696 1568">
     <span class='ocr_line' id='line_1_57' title="bbox 2124 1494 3696 1568; baseline 0.003 -19"><span class='ocrx_word' id='word_1_401' title='bbox 2124 1495 2338 1549; x_wconf 88' lang='lat' dir='ltr'><strong>sublato</strong></span> <span class='ocrx_word' id='word_1_402' title='bbox 2387 1494 2761 1565; x_wconf 63' lang='lat' dir='ltr'><strong>Egyptiorum</strong></span> <span class='ocrx_word' id='word_1_403' title='bbox 2810 1511 2993 1565; x_wconf 85' lang='lat' dir='ltr'><strong>regno,</strong></span> <span class='ocrx_word' id='word_1_404' title='bbox 3043 1514 3108 1552; x_wconf 86' lang='lat' dir='ltr'><strong>ac</strong></span> <span class='ocrx_word' id='word_1_405' title='bbox 3160 1499 3455 1552; x_wconf 69' lang='lat' dir='ltr'><strong>daemonica</strong></span> <span class='ocrx_word' id='word_1_406' title='bbox 3505 1515 3696 1568; x_wconf 88' lang='lat' dir='ltr'><strong>opera-</strong></span> 
     </span>
    </p>
   </div>
   <div class='ocr_carea' id='block_1_58' title="bbox 2127 1587 3697 1662">
    <p class='ocr_par' dir='ltr' id='par_1_58' title="bbox 2127 1587 3697 1662">
     <span class='ocr_line' id='line_1_58' title="bbox 2127 1587 3697 1662; baseline 0.004 -21"><span class='ocrx_word' id='word_1_407' title='bbox 2127 1587 2273 1641; x_wconf 87' lang='lat' dir='ltr'><strong>tione</strong></span> <span class='ocrx_word' id='word_1_408' title='bbox 2320 1588 2460 1657; x_wconf 88' lang='lat' dir='ltr'><strong>apud</strong></span> <span class='ocrx_word' id='word_1_409' title='bbox 2509 1587 2655 1656; x_wconf 91' lang='lat' dir='ltr'><strong>ipsos</strong></span> <span class='ocrx_word' id='word_1_410' title='bbox 2684 1588 2981 1655; x_wconf 75' lang='lat' dir='ltr'><strong>exstincta,</strong></span> <span class='ocrx_word' id='word_1_411' title='bbox 3022 1589 3335 1662; x_wconf 89' lang='lat' dir='ltr'><strong>evangelica</strong></span> <span class='ocrx_word' id='word_1_412' title='bbox 3384 1593 3697 1660; x_wconf 65' lang='lat' dir='ltr'><strong>praedicatio</strong></span> 
     </span>
    </p>
   </div>
   <div class='ocr_carea' id='block_1_59' title="bbox 2126 1677 2782 1748">
    <p class='ocr_par' dir='ltr' id='par_1_59' title="bbox 2126 1677 2782 1748">
     <span class='ocr_line' id='line_1_59' title="bbox 2126 1677 2782 1748; baseline 0.002 -18"><span class='ocrx_word' id='word_1_413' title='bbox 2126 1677 2308 1748; x_wconf 88' lang='lat' dir='ltr'><strong>quiete</strong></span> <span class='ocrx_word' id='word_1_414' title='bbox 2341 1677 2782 1732; x_wconf 86' lang='lat' dir='ltr'><strong>annuntiabatur.</strong></span> 
     </span>
    </p>
   </div>
   <div class='ocr_carea' id='block_1_60' title="bbox 2721 1945 3099 2003">
    <p class='ocr_par' dir='ltr' id='par_1_60' title="bbox 2721 1945 3099 2003">
     <span class='ocr_line' id='line_1_60' title="bbox 2721 1945 3099 2003; baseline 0.003 -1"><span class='ocrx_word' id='word_1_415' title='bbox 2721 1945 2948 2003; x_wconf 84' lang='lat' dir='ltr'><strong>CAPUT</strong></span> <span class='ocrx_word' id='word_1_416' title='bbox 2988 1946 3099 2003; x_wconf 83' lang='lat' dir='ltr'><strong>XII.</strong></span> 
     </span>
    </p>
   </div>
   <div class='ocr_carea' id='block_1_61' title="bbox 2200 2035 3701 2109">
    <p class='ocr_par' dir='ltr' id='par_1_61' title="bbox 2200 2035 3701 2109">
     <span class='ocr_line' id='line_1_61' title="bbox 2200 2035 3701 2109; baseline 0.007 -20"><span class='ocrx_word' id='word_1_417' title='bbox 2200 2035 2429 2091; x_wconf 68' lang='lat' dir='ltr'><strong>VsnsJ.</strong></span> <span class='ocrx_word' id='word_1_418' title='bbox 2474 2036 2570 2091; x_wconf 74' lang='lat' dir='ltr'><strong>«Et</strong></span> <span class='ocrx_word' id='word_1_419' title='bbox 2601 2040 2748 2094; x_wconf 88' lang='lat' dir='ltr'><strong>dices</strong></span> <span class='ocrx_word' id='word_1_420' title='bbox 2775 2040 2828 2094; x_wconf 91' lang='lat' dir='ltr'><strong>in</strong></span> <span class='ocrx_word' id='word_1_421' title='bbox 2856 2040 2941 2095; x_wconf 87' lang='lat' dir='ltr'><strong>die</strong></span> <span class='ocrx_word' id='word_1_422' title='bbox 2985 2040 3095 2105; x_wconf 86' lang='lat' dir='ltr'><strong>illa,</strong></span> <span class='ocrx_word' id='word_1_423' title='bbox 3132 2040 3452 2097; x_wconf 86' lang='lat' dir='ltr'><strong>Benedicam</strong></span> <span class='ocrx_word' id='word_1_424' title='bbox 3483 2053 3551 2109; x_wconf 84' lang='lat' dir='ltr'><strong>te,</strong></span> <span class='ocrx_word' id='word_1_425' title='bbox 3594 2042 3701 2099; x_wconf 80' lang='lat' dir='ltr'><strong>Do-</strong></span> 
     </span>
    </p>
   </div>
   <div class='ocr_carea' id='block_1_62' title="bbox 2127 2129 3699 2206">
    <p class='ocr_par' dir='ltr' id='par_1_62' title="bbox 2127 2129 3699 2206">
     <span class='ocr_line' id='line_1_62' title="bbox 2127 2129 3699 2206; baseline 0.006 -25"><span class='ocrx_word' id='word_1_426' title='bbox 2127 2129 2293 2184; x_wconf 86' lang='lat' dir='ltr'><strong>mine.</strong></span> <span class='ocrx_word' id='word_1_427' title='bbox 2317 2150 2334 2182; x_wconf 76' lang='grc' dir='ltr'><strong>ι</strong></span> <span class='ocrx_word' id='word_1_428' title='bbox 2364 2129 2829 2197; x_wconf 85' lang='lat' dir='ltr'><strong>Quemadmodum</strong></span> <span class='ocrx_word' id='word_1_429' title='bbox 2867 2136 3010 2188; x_wconf 88' lang='lat' dir='ltr'><strong>enim</strong></span> <span class='ocrx_word' id='word_1_430' title='bbox 3043 2135 3241 2206; x_wconf 84' lang='lat' dir='ltr'><strong>Moysis</strong></span> <span class='ocrx_word' id='word_1_431' title='bbox 3283 2136 3507 2205; x_wconf 89' lang='lat' dir='ltr'><strong>populus</strong></span> <span class='ocrx_word' id='word_1_432' title='bbox 3548 2152 3699 2191; x_wconf 86' lang='lat' dir='ltr'><strong>mare</strong></span> 
     </span>
    </p>
   </div>
   <div class='ocr_carea' id='block_1_63' title="bbox 2128 2219 3700 2298">
    <p class='ocr_par' dir='ltr' id='par_1_63' title="bbox 2128 2219 3700 2298">
     <span class='ocr_line' id='line_1_63' title="bbox 2128 2219 3700 2298; baseline 0.005 -25"><span class='ocrx_word' id='word_1_433' title='bbox 2128 2219 2403 2287; x_wconf 82' lang='lat' dir='ltr'><strong>Rubrum,</strong></span> <span class='ocrx_word' id='word_1_434' title='bbox 2434 2224 2588 2291; x_wconf 87' lang='lat' dir='ltr'><strong>quasi</strong></span> <span class='ocrx_word' id='word_1_435' title='bbox 2640 2240 2736 2294; x_wconf 91' lang='lat' dir='ltr'><strong>per</strong></span> <span class='ocrx_word' id='word_1_436' title='bbox 2767 2226 2994 2290; x_wconf 88' lang='lat' dir='ltr'><strong>aridam,</strong></span> <span class='ocrx_word' id='word_1_437' title='bbox 3022 2227 3149 2280; x_wconf 90' lang='lat' dir='ltr'><strong>olim</strong></span> <span class='ocrx_word' id='word_1_438' title='bbox 3181 2227 3392 2298; x_wconf 91' lang='lat' dir='ltr'><strong>trajecit</strong></span> <span class='ocrx_word' id='word_1_439' title='bbox 3431 2246 3446 2282; x_wconf 92' lang='lat'><strong>:</strong></span> <span class='ocrx_word' id='word_1_440' title='bbox 3484 2244 3546 2283; x_wconf 89' lang='lat' dir='ltr'><strong>ac</strong></span> <span class='ocrx_word' id='word_1_441' title='bbox 3582 2238 3700 2298; x_wconf 83' lang='lat' dir='ltr'><strong>post</strong></span> 
     </span>
    </p>
   </div>
   <div class='ocr_carea' id='block_1_64' title="bbox 2131 2315 3700 2386">
    <p class='ocr_par' dir='ltr' id='par_1_64' title="bbox 2131 2315 3700 2386">
     <span class='ocr_line' id='line_1_64' title="bbox 2131 2315 3700 2386; baseline 0.005 -21"><span class='ocrx_word' id='word_1_442' title='bbox 2131 2315 2437 2379; x_wconf 86' lang='lat' dir='ltr'><strong>transitum,</strong></span> <span class='ocrx_word' id='word_1_443' title='bbox 2473 2318 2744 2371; x_wconf 88' lang='lat' dir='ltr'><strong>canticum</strong></span> <span class='ocrx_word' id='word_1_444' title='bbox 2776 2318 3041 2373; x_wconf 88' lang='lat' dir='ltr'><strong>canebant</strong></span> <span class='ocrx_word' id='word_1_445' title='bbox 3072 2320 3339 2386; x_wconf 88' lang='lat' dir='ltr'><strong>dicentes,</strong></span> <span class='ocrx_word' id='word_1_446' title='bbox 3377 2322 3700 2375; x_wconf 67' lang='lat' dir='ltr'><strong>«Cantemus</strong></span> 
     </span>
    </p>
   </div>
   <div class='ocr_carea' id='block_1_65' title="bbox 2130 2406 3702 2480">
    <p class='ocr_par' dir='ltr' id='par_1_65' title="bbox 2130 2406 3702 2480">
     <span class='ocr_line' id='line_1_65' title="bbox 2130 2406 3702 2480; baseline 0.004 -20"><span class='ocrx_word' id='word_1_447' title='bbox 2130 2406 2381 2472; x_wconf 89' lang='lat' dir='ltr'><strong>Domino,</strong></span> <span class='ocrx_word' id='word_1_448' title='bbox 2432 2408 2668 2478; x_wconf 81' lang='lat' dir='ltr'><strong>gloriose</strong></span> <span class='ocrx_word' id='word_1_449' title='bbox 2702 2410 2845 2464; x_wconf 86' lang='lat' dir='ltr'><strong>enim</strong></span> <span class='ocrx_word' id='word_1_450' title='bbox 2890 2410 3223 2480; x_wconf 83' lang='lat' dir='ltr'><strong>gloriﬁcatus</strong></span> <span class='ocrx_word' id='word_1_451' title='bbox 3276 2412 3461 2467; x_wconf 57' lang='lat' dir='ltr'><strong>est“.</strong></span> <span class='ocrx_word' id='word_1_452' title='bbox 3522 2412 3600 2466; x_wconf 90' lang='lat' dir='ltr'><strong>sic</strong></span> <span class='ocrx_word' id='word_1_453' title='bbox 3647 2422 3702 2467; x_wconf 83' lang='lat' dir='ltr'><strong>ct</strong></span> 
     </span>
    </p>
   </div>
   <div class='ocr_carea' id='block_1_66' title="bbox 2129 2499 3700 2574">
    <p class='ocr_par' dir='ltr' id='par_1_66' title="bbox 2129 2499 3700 2574">
     <span class='ocr_line' id='line_1_66' title="bbox 2129 2499 3700 2574; baseline 0.002 -19"><span class='ocrx_word' id='word_1_454' title='bbox 2129 2500 2477 2567; x_wconf 68' lang='lat' dir='ltr'><strong>evangelista:</strong></span> <span class='ocrx_word' id='word_1_455' title='bbox 2505 2499 2804 2557; x_wconf 85' lang='lat' dir='ltr'><strong>Salvatoris</strong></span> <span class='ocrx_word' id='word_1_456' title='bbox 2848 2504 3017 2556; x_wconf 85' lang='lat' dir='ltr'><strong>nostri</strong></span> <span class='ocrx_word' id='word_1_457' title='bbox 3069 2502 3158 2572; x_wconf 94' lang='lat' dir='ltr'><strong>qni</strong></span> <span class='ocrx_word' id='word_1_458' title='bbox 3203 2503 3254 2556; x_wconf 89' lang='lat' dir='ltr'><strong>in</strong></span> <span class='ocrx_word' id='word_1_459' title='bbox 3305 2504 3587 2574; x_wconf 83' lang='lat' dir='ltr'><strong>prophetia</strong></span> <span class='ocrx_word' id='word_1_460' title='bbox 3622 2502 3700 2558; x_wconf 80' lang='lat' dir='ltr'><strong>fo-</strong></span> 
     </span>
    </p>
   </div>
   <div class='ocr_carea' id='block_1_67' title="bbox 2130 2593 3700 2665">
    <p class='ocr_par' dir='ltr' id='par_1_67' title="bbox 2130 2593 3700 2665">
     <span class='ocr_line' id='line_1_67' title="bbox 2130 2593 3700 2665; baseline 0.003 -19"><span class='ocrx_word' id='word_1_461' title='bbox 2130 2602 2359 2659; x_wconf 90' lang='lat' dir='ltr'><strong>runtur,</strong></span> <span class='ocrx_word' id='word_1_462' title='bbox 2416 2593 2576 2648; x_wconf 89' lang='lat' dir='ltr'><strong>iidem</strong></span> <span class='ocrx_word' id='word_1_463' title='bbox 2632 2595 2731 2664; x_wconf 91' lang='lat' dir='ltr'><strong>ipsi</strong></span> <span class='ocrx_word' id='word_1_464' title='bbox 2785 2596 3033 2651; x_wconf 82' lang='lat' dir='ltr'><strong>videlicet</strong></span> <span class='ocrx_word' id='word_1_465' title='bbox 3072 2598 3160 2665; x_wconf 91' lang='lat' dir='ltr'><strong>qui</strong></span> <span class='ocrx_word' id='word_1_466' title='bbox 3212 2613 3278 2651; x_wconf 78' lang='lat' dir='ltr'><strong>ex</strong></span> <span class='ocrx_word' id='word_1_467' title='bbox 3330 2606 3438 2651; x_wconf 87' lang='lat' dir='ltr'><strong>tota</strong></span> <span class='ocrx_word' id='word_1_468' title='bbox 3474 2597 3700 2652; x_wconf 80' lang='lat' dir='ltr'><strong>Judatca</strong></span> 
     </span>
    </p>
   </div>
   <div class='ocr_carea' id='block_1_68' title="bbox 2127 2687 3699 2757">
    <p class='ocr_par' dir='ltr' id='par_1_68' title="bbox 2127 2687 3699 2757">
     <span class='ocr_line' id='line_1_68' title="bbox 2127 2687 3699 2757; baseline 0.006 -18"><span class='ocrx_word' id='word_1_469' title='bbox 2127 2696 2284 2757; x_wconf 88' lang='lat' dir='ltr'><strong>gente</strong></span> <span class='ocrx_word' id='word_1_470' title='bbox 2328 2687 2497 2742; x_wconf 89' lang='lat' dir='ltr'><strong>relicti</strong></span> <span class='ocrx_word' id='word_1_471' title='bbox 2551 2689 2796 2753; x_wconf 80' lang='lat' dir='ltr'><strong>fuerant,</strong></span> <span class='ocrx_word' id='word_1_472' title='bbox 2844 2705 2966 2744; x_wconf 89' lang='lat' dir='ltr'><strong>cum</strong></span> <span class='ocrx_word' id='word_1_473' title='bbox 3010 2690 3155 2743; x_wconf 92' lang='lat' dir='ltr'><strong>nullo</strong></span> <span class='ocrx_word' id='word_1_474' title='bbox 3200 2692 3451 2746; x_wconf 84' lang='lat' dir='ltr'><strong>obstante</strong></span> <span class='ocrx_word' id='word_1_475' title='bbox 3481 2708 3699 2747; x_wconf 90' lang='lat' dir='ltr'><strong>cursu</strong></span> 
     </span>
    </p>
   </div>
   <div class='ocr_carea' id='block_1_69' title="bbox 2127 2780 3698 2853">
    <p class='ocr_par' dir='ltr' id='par_1_69' title="bbox 2127 2780 3698 2853">
     <span class='ocr_line' id='line_1_69' title="bbox 2127 2780 3698 2853; baseline 0.003 -22"><span class='ocrx_word' id='word_1_476' title='bbox 2127 2794 2285 2831; x_wconf 88' lang='lat' dir='ltr'><strong>suum</strong></span> <span class='ocrx_word' id='word_1_477' title='bbox 2318 2780 2672 2847; x_wconf 80' lang='lat' dir='ltr'><strong>perficerent,</strong></span> <span class='ocrx_word' id='word_1_478' title='bbox 2704 2795 2769 2835; x_wconf 91' lang='lat' dir='ltr'><strong>ac</strong></span> <span class='ocrx_word' id='word_1_479' title='bbox 2815 2790 2982 2836; x_wconf 89' lang='lat' dir='ltr'><strong>totam</strong></span> <span class='ocrx_word' id='word_1_480' title='bbox 3008 2781 3386 2853; x_wconf 60' lang='lat' dir='ltr'><strong>IEgyptiornm</strong></span> <span class='ocrx_word' id='word_1_481' title='bbox 3427 2784 3698 2853; x_wconf 85' lang='lat' dir='ltr'><strong>regionem</strong></span> 
     </span>
    </p>
   </div>
   <div class='ocr_carea' id='block_1_70' title="bbox 2128 2870 3703 2946">
    <p class='ocr_par' dir='ltr' id='par_1_70' title="bbox 2128 2870 3703 2946">
     <span class='ocr_line' id='line_1_70' title="bbox 2128 2870 3703 2946; baseline 0.004 -23"><span class='ocrx_word' id='word_1_482' title='bbox 2128 2870 2524 2939; x_wconf 85' lang='lat' dir='ltr'><strong>pervaderent,</strong></span> <span class='ocrx_word' id='word_1_483' title='bbox 2552 2872 2751 2928; x_wconf 69' lang='lat' dir='ltr'><strong>Judazis</strong></span> <span class='ocrx_word' id='word_1_484' title='bbox 2777 2875 2993 2944; x_wconf 89' lang='lat' dir='ltr'><strong>quidem</strong></span> <span class='ocrx_word' id='word_1_485' title='bbox 3024 2876 3374 2945; x_wconf 81' lang='lat' dir='ltr'><strong>Evangelinm</strong></span> <span class='ocrx_word' id='word_1_486' title='bbox 3406 2877 3703 2946; x_wconf 63' lang='lat' dir='ltr'><strong>prmdicam</strong></span> 
     </span>
    </p>
   </div>
   <div class='ocr_carea' id='block_1_71' title="bbox 2130 2960 3704 3035">
    <p class='ocr_par' dir='ltr' id='par_1_71' title="bbox 2130 2960 3704 3035">
     <span class='ocr_line' id='line_1_71' title="bbox 2130 2960 3704 3035; baseline 0.004 -23"><span class='ocrx_word' id='word_1_487' title='bbox 2130 2968 2208 3012; x_wconf 88' lang='lat' dir='ltr'><strong>tes</strong></span> <span class='ocrx_word' id='word_1_488' title='bbox 2240 2960 2292 3015; x_wconf 92' lang='lat' dir='ltr'><strong>in</strong></span> <span class='ocrx_word' id='word_1_489' title='bbox 2333 2964 2649 3033; x_wconf 81' lang='lat' dir='ltr'><strong>synagogis,</strong></span> <span class='ocrx_word' id='word_1_490' title='bbox 2698 2978 2760 3017; x_wconf 82' lang='lat' dir='ltr'><strong>ex</strong></span> <span class='ocrx_word' id='word_1_491' title='bbox 2790 2965 3028 3035; x_wconf 88' lang='lat' dir='ltr'><strong>gentium</strong></span> <span class='ocrx_word' id='word_1_492' title='bbox 3065 2981 3192 3020; x_wconf 82' lang='lat' dir='ltr'><strong>vero</strong></span> <span class='ocrx_word' id='word_1_493' title='bbox 3225 2967 3578 3020; x_wconf 89' lang='lat' dir='ltr'><strong>conversione</strong></span> <span class='ocrx_word' id='word_1_494' title='bbox 3607 2965 3704 3019; x_wconf 83' lang='lat' dir='ltr'><strong>Ec-</strong></span> 
     </span>
    </p>
   </div>
   <div class='ocr_carea' id='block_1_72' title="bbox 2127 3049 3699 3117">
    <p class='ocr_par' dir='ltr' id='par_1_72' title="bbox 2127 3049 3699 3117">
     <span class='ocr_line' id='line_1_72' title="bbox 2127 3049 3699 3117; baseline 0 -12"><span class='ocrx_word' id='word_1_495' title='bbox 2127 3049 2321 3105; x_wconf 89' lang='lat' dir='ltr'><strong>clesias</strong></span> <span class='ocrx_word' id='word_1_496' title='bbox 2374 3050 2575 3105; x_wconf 88' lang='lat' dir='ltr'><strong>Christi</strong></span> <span class='ocrx_word' id='word_1_497' title='bbox 2637 3054 3067 3116; x_wconf 89' lang='lat' dir='ltr'><strong>constituentes;</strong></span> <span class='ocrx_word' id='word_1_498' title='bbox 3143 3056 3418 3109; x_wconf 87' lang='lat' dir='ltr'><strong>canticum</strong></span> <span class='ocrx_word' id='word_1_499' title='bbox 3477 3069 3699 3117; x_wconf 86' lang='lat' dir='ltr'><strong>novum,</strong></span> 
     </span>
    </p>
   </div>
   <div class='ocr_carea' id='block_1_73' title="bbox 2131 3142 3702 3217">
    <p class='ocr_par' dir='ltr' id='par_1_73' title="bbox 2131 3142 3702 3217">
     <span class='ocr_line' id='line_1_73' title="bbox 2131 3142 3702 3217; baseline 0.001 -20"><span class='ocrx_word' id='word_1_500' title='bbox 2131 3142 2351 3211; x_wconf 88' lang='lat' dir='ltr'><strong>perinde</strong></span> <span class='ocrx_word' id='word_1_501' title='bbox 2387 3153 2549 3212; x_wconf 79' lang='lat' dir='ltr'><strong>atque</strong></span> <span class='ocrx_word' id='word_1_502' title='bbox 2602 3144 2676 3197; x_wconf 89' lang='lat' dir='ltr'><strong>illi</strong></span> <span class='ocrx_word' id='word_1_503' title='bbox 2735 3155 2975 3214; x_wconf 90' lang='lat' dir='ltr'><strong>tempore</strong></span> <span class='ocrx_word' id='word_1_504' title='bbox 3016 3145 3243 3217; x_wconf 82' lang='lat' dir='ltr'><strong>Moysis,</strong></span> <span class='ocrx_word' id='word_1_505' title='bbox 3293 3161 3491 3201; x_wconf 85' lang='lat' dir='ltr'><strong>canere</strong></span> <span class='ocrx_word' id='word_1_506' title='bbox 3543 3148 3702 3200; x_wconf 87' lang='lat' dir='ltr'><strong>doce-</strong></span> 
     </span>
    </p>
   </div>
   <div class='ocr_carea' id='block_1_74' title="bbox 2130 3236 3703 3307">
    <p class='ocr_par' dir='ltr' id='par_1_74' title="bbox 2130 3236 3703 3307">
     <span class='ocr_line' id='line_1_74' title="bbox 2130 3236 3703 3307; baseline 0.003 -19"><span class='ocrx_word' id='word_1_507' title='bbox 2130 3238 2260 3288; x_wconf 89' lang='lat' dir='ltr'><strong>bant</strong></span> <span class='ocrx_word' id='word_1_508' title='bbox 2288 3249 2416 3301; x_wconf 86' lang='lat' dir='ltr'><strong>eos,</strong></span> <span class='ocrx_word' id='word_1_509' title='bbox 2443 3236 2535 3304; x_wconf 87' lang='lat' dir='ltr'><strong>qui</strong></span> <span class='ocrx_word' id='word_1_510' title='bbox 2561 3250 2724 3305; x_wconf 86' lang='lat' dir='ltr'><strong>opera</strong></span> <span class='ocrx_word' id='word_1_511' title='bbox 2762 3251 2859 3290; x_wconf 89' lang='lat' dir='ltr'><strong>sua</strong></span> <span class='ocrx_word' id='word_1_512' title='bbox 2905 3236 3139 3291; x_wconf 78' lang='lat' dir='ltr'><strong>fructum</strong></span> <span class='ocrx_word' id='word_1_513' title='bbox 3174 3247 3562 3307; x_wconf 87' lang='lat' dir='ltr'><strong>pereeperant;</strong></span> <span class='ocrx_word' id='word_1_514' title='bbox 3601 3239 3703 3292; x_wconf 89' lang='lat' dir='ltr'><strong>hoc</strong></span> 
     </span>
    </p>
   </div>
   <div class='ocr_carea' id='block_1_75' title="bbox 2129 3327 3703 3399">
    <p class='ocr_par' dir='ltr' id='par_1_75' title="bbox 2129 3327 3703 3399">
     <span class='ocr_line' id='line_1_75' title="bbox 2129 3327 3703 3399; baseline 0.001 -17"><span class='ocrx_word' id='word_1_515' title='bbox 2129 3327 2337 3383; x_wconf 90' lang='lat' dir='ltr'><strong>scilicet</strong></span> <span class='ocrx_word' id='word_1_516' title='bbox 2390 3328 2659 3383; x_wconf 88' lang='lat' dir='ltr'><strong>canticum</strong></span> <span class='ocrx_word' id='word_1_517' title='bbox 2693 3328 2822 3383; x_wconf 90' lang='lat' dir='ltr'><strong>olim</strong></span> <span class='ocrx_word' id='word_1_518' title='bbox 2856 3345 2885 3383; x_wconf 91' lang='lat' dir='ltr'><strong>a</strong></span> <span class='ocrx_word' id='word_1_519' title='bbox 2917 3329 3144 3384; x_wconf 90' lang='lat' dir='ltr'><strong>Domino</strong></span> <span class='ocrx_word' id='word_1_520' title='bbox 3190 3344 3285 3397; x_wconf 87' lang='lat' dir='ltr'><strong>per</strong></span> <span class='ocrx_word' id='word_1_521' title='bbox 3327 3330 3703 3399; x_wconf 79' lang='lat' dir='ltr'><strong>propheticum</strong></span> 
     </span>
    </p>
   </div>
   <div class='ocr_carea' id='block_1_76' title="bbox 2127 3422 3703 3491">
    <p class='ocr_par' dir='ltr' id='par_1_76' title="bbox 2127 3422 3703 3491">
     <span class='ocr_line' id='line_1_76' title="bbox 2127 3422 3703 3491; baseline -0.001 -16"><span class='ocrx_word' id='word_1_522' title='bbox 2127 3436 2432 3476; x_wconf 83' lang='lat' dir='ltr'><strong>sermonem</strong></span> <span class='ocrx_word' id='word_1_523' title='bbox 2483 3422 2944 3491; x_wconf 68' lang='lat' dir='ltr'><strong>prmumtiatum:</strong></span> <span class='ocrx_word' id='word_1_524' title='bbox 2985 3440 3002 3474; x_wconf 79' lang='grc' dir='ltr'><strong>ι</strong></span> <span class='ocrx_word' id='word_1_525' title='bbox 3043 3422 3105 3476; x_wconf 85' lang='grc' dir='ltr'>Ει</span> <span class='ocrx_word' id='word_1_526' title='bbox 3148 3422 3297 3478; x_wconf 89' lang='lat' dir='ltr'><strong>dices</strong></span> <span class='ocrx_word' id='word_1_527' title='bbox 3342 3422 3395 3476; x_wconf 88' lang='lat' dir='ltr'><strong>in</strong></span> <span class='ocrx_word' id='word_1_528' title='bbox 3449 3423 3539 3478; x_wconf 87' lang='lat' dir='ltr'><strong>die</strong></span> <span class='ocrx_word' id='word_1_529' title='bbox 3593 3422 3703 3485; x_wconf 88' lang='lat' dir='ltr'><strong>illa,</strong></span> 
     </span>
    </p>
   </div>
   <div class='ocr_carea' id='block_1_77' title="bbox 2128 3516 3703 3585">
    <p class='ocr_par' dir='ltr' id='par_1_77' title="bbox 2128 3516 3703 3585">
     <span class='ocr_line' id='line_1_77' title="bbox 2128 3516 3703 3585; baseline 0.001 -16"><span class='ocrx_word' id='word_1_530' title='bbox 2128 3516 2450 3570; x_wconf 87' lang='lat' dir='ltr'><strong>Benedicam</strong></span> <span class='ocrx_word' id='word_1_531' title='bbox 2486 3526 2556 3582; x_wconf 92' lang='lat' dir='ltr'><strong>te,</strong></span> <span class='ocrx_word' id='word_1_532' title='bbox 2589 3516 2837 3582; x_wconf 86' lang='lat' dir='ltr'><strong>Domine,</strong></span> <span class='ocrx_word' id='word_1_533' title='bbox 2874 3516 3130 3585; x_wconf 81' lang='lat' dir='ltr'><strong>quoniam</strong></span> <span class='ocrx_word' id='word_1_534' title='bbox 3166 3519 3341 3571; x_wconf 89' lang='lat' dir='ltr'><strong>iratus</strong></span> <span class='ocrx_word' id='word_1_535' title='bbox 3372 3533 3432 3571; x_wconf 91' lang='lat' dir='ltr'><strong>es</strong></span> <span class='ocrx_word' id='word_1_536' title='bbox 3466 3517 3620 3582; x_wconf 88' lang='lat' dir='ltr'><strong>mihi,</strong></span> <span class='ocrx_word' id='word_1_537' title='bbox 3648 3528 3703 3571; x_wconf 89' lang='lat' dir='ltr'><strong>et</strong></span> 
     </span>
    </p>
   </div>
   <div class='ocr_carea' id='block_1_78' title="bbox 2127 3608 3556 3675">
    <p class='ocr_par' dir='ltr' id='par_1_78' title="bbox 2127 3608 3556 3675">
     <span class='ocr_line' id='line_1_78' title="bbox 2127 3608 3556 3675; baseline 0.001 -14"><span class='ocrx_word' id='word_1_538' title='bbox 2127 3608 2368 3662; x_wconf 87' lang='lat' dir='ltr'><strong>avertisti</strong></span> <span class='ocrx_word' id='word_1_539' title='bbox 2402 3608 2639 3663; x_wconf 78' lang='lat' dir='ltr'><strong>furorem</strong></span> <span class='ocrx_word' id='word_1_540' title='bbox 2688 3619 2863 3675; x_wconf 88' lang='lat' dir='ltr'><strong>tuum,</strong></span> <span class='ocrx_word' id='word_1_541' title='bbox 2894 3618 2948 3663; x_wconf 87' lang='lat' dir='ltr'><strong>et</strong></span> <span class='ocrx_word' id='word_1_542' title='bbox 2980 3609 3235 3664; x_wconf 84' lang='lat' dir='ltr'><strong>misertus</strong></span> <span class='ocrx_word' id='word_1_543' title='bbox 3262 3624 3321 3662; x_wconf 90' lang='lat' dir='ltr'><strong>es</strong></span> <span class='ocrx_word' id='word_1_544' title='bbox 3357 3611 3508 3663; x_wconf 90' lang='lat' dir='ltr'><strong>mihi.</strong></span> <span class='ocrx_word' id='word_1_545' title='bbox 3536 3629 3556 3662; x_wconf 70' lang='grc' dir='ltr'><strong>ι</strong></span> 
     </span>
    </p>
   </div>
   <div class='ocr_carea' id='block_1_79' title="bbox 2204 3701 3703 3768">
    <p class='ocr_par' dir='ltr' id='par_1_79' title="bbox 2204 3701 3703 3768">
     <span class='ocr_line' id='line_1_79' title="bbox 2204 3701 3703 3768; baseline 0.002 -14"><span class='ocrx_word' id='word_1_546' title='bbox 2204 3701 2366 3755; x_wconf 72' lang='lat' dir='ltr'><strong>Vsus.</strong></span> <span class='ocrx_word' id='word_1_547' title='bbox 2396 3702 2451 3756; x_wconf 74' lang='grc'><strong>2.</strong></span> <span class='ocrx_word' id='word_1_548' title='bbox 2485 3722 2502 3751; x_wconf 74' lang='grc' dir='ltr'><strong>ι</strong></span> <span class='ocrx_word' id='word_1_549' title='bbox 2531 3703 2666 3756; x_wconf 84' lang='lat' dir='ltr'><strong>Ecce</strong></span> <span class='ocrx_word' id='word_1_550' title='bbox 2699 3702 2839 3758; x_wconf 88' lang='lat' dir='ltr'><strong>Deus</strong></span> <span class='ocrx_word' id='word_1_551' title='bbox 2869 3720 3020 3758; x_wconf 90' lang='lat' dir='ltr'><strong>mens</strong></span> <span class='ocrx_word' id='word_1_552' title='bbox 3040 3743 3054 3768; x_wconf 91' lang='lat'><strong>,</strong></span> <span class='ocrx_word' id='word_1_553' title='bbox 3087 3703 3329 3758; x_wconf 85' lang='lat' dir='ltr'><strong>salvator</strong></span> <span class='ocrx_word' id='word_1_554' title='bbox 3360 3720 3530 3768; x_wconf 88' lang='lat' dir='ltr'><strong>meus,</strong></span> <span class='ocrx_word' id='word_1_555' title='bbox 3562 3703 3703 3757; x_wconf 83' lang='lat' dir='ltr'><strong>ﬁdu-</strong></span> 
     </span>
    </p>
   </div>
   <div class='ocr_carea' id='block_1_80' title="bbox 2129 3793 3701 3864">
    <p class='ocr_par' dir='ltr' id='par_1_80' title="bbox 2129 3793 3701 3864">
     <span class='ocr_line' id='line_1_80' title="bbox 2129 3793 3701 3864; baseline 0.001 -17"><span class='ocrx_word' id='word_1_556' title='bbox 2129 3794 2267 3847; x_wconf 84' lang='lat' dir='ltr'><strong>ciam</strong></span> <span class='ocrx_word' id='word_1_557' title='bbox 2320 3793 2532 3847; x_wconf 88' lang='lat' dir='ltr'><strong>habebo</strong></span> <span class='ocrx_word' id='word_1_558' title='bbox 2576 3795 2629 3848; x_wconf 90' lang='lat' dir='ltr'><strong>in</strong></span> <span class='ocrx_word' id='word_1_559' title='bbox 2684 3794 2804 3857; x_wconf 90' lang='lat' dir='ltr'><strong>illo,</strong></span> <span class='ocrx_word' id='word_1_560' title='bbox 2851 3804 2904 3849; x_wconf 90' lang='lat' dir='ltr'><strong>et</strong></span> <span class='ocrx_word' id='word_1_561' title='bbox 2938 3810 3044 3848; x_wconf 88' lang='lat' dir='ltr'><strong>non</strong></span> <span class='ocrx_word' id='word_1_562' title='bbox 3082 3796 3280 3849; x_wconf 90' lang='lat' dir='ltr'><strong>timebo</strong></span> <span class='ocrx_word' id='word_1_563' title='bbox 3320 3814 3332 3848; x_wconf 91' lang='lat'>:</span> <span class='ocrx_word' id='word_1_564' title='bbox 3371 3796 3496 3864; x_wconf 84' lang='lat' dir='ltr'><strong>quia</strong></span> <span class='ocrx_word' id='word_1_565' title='bbox 3528 3794 3701 3862; x_wconf 84' lang='lat' dir='ltr'><strong>gloria</strong></span> 
     </span>
    </p>
   </div>
   <div class='ocr_carea' id='block_1_81' title="bbox 2130 3881 3700 3949">
    <p class='ocr_par' dir='ltr' id='par_1_81' title="bbox 2130 3881 3700 3949">
     <span class='ocr_line' id='line_1_81' title="bbox 2130 3881 3700 3949; baseline 0.003 -15"><span class='ocrx_word' id='word_1_566' title='bbox 2130 3897 2245 3934; x_wconf 77' lang='lat' dir='ltr'><strong>inca</strong></span> <span class='ocrx_word' id='word_1_567' title='bbox 2293 3892 2349 3936; x_wconf 91' lang='lat' dir='ltr'><strong>et</strong></span> <span class='ocrx_word' id='word_1_568' title='bbox 2397 3881 2514 3937; x_wconf 89' lang='lat' dir='ltr'><strong>laus</strong></span> <span class='ocrx_word' id='word_1_569' title='bbox 2546 3898 2661 3937; x_wconf 87' lang='lat' dir='ltr'><strong>mea</strong></span> <span class='ocrx_word' id='word_1_570' title='bbox 2701 3884 2995 3949; x_wconf 82' lang='lat' dir='ltr'><strong>Do:ninns,</strong></span> <span class='ocrx_word' id='word_1_571' title='bbox 3032 3894 3087 3938; x_wconf 90' lang='lat' dir='ltr'><strong>et</strong></span> <span class='ocrx_word' id='word_1_572' title='bbox 3131 3883 3306 3938; x_wconf 78' lang='lat' dir='ltr'><strong>factus</strong></span> <span class='ocrx_word' id='word_1_573' title='bbox 3340 3895 3423 3940; x_wconf 90' lang='lat' dir='ltr'><strong>cst</strong></span> <span class='ocrx_word' id='word_1_574' title='bbox 3460 3885 3590 3938; x_wconf 88' lang='lat' dir='ltr'><strong>mihi</strong></span> <span class='ocrx_word' id='word_1_575' title='bbox 3647 3885 3700 3939; x_wconf 92' lang='lat' dir='ltr'><strong>in</strong></span> 
     </span>
    </p>
   </div>
   <div class='ocr_carea' id='block_1_82' title="bbox 2128 3974 3700 4048">
    <p class='ocr_par' dir='ltr' id='par_1_82' title="bbox 2128 3974 3700 4048">
     <span class='ocr_line' id='line_1_82' title="bbox 2128 3974 3700 4048; baseline 0.004 -23"><span class='ocrx_word' id='word_1_576' title='bbox 2128 3974 2378 4041; x_wconf 86' lang='lat' dir='ltr'><strong>salutem,</strong></span> <span class='ocrx_word' id='word_1_577' title='bbox 2405 3993 2424 4027; x_wconf 72' lang='grc' dir='ltr'><strong>ι</strong></span> <span class='ocrx_word' id='word_1_578' title='bbox 2462 3982 2517 4032; x_wconf 83' lang='lat' dir='ltr'><strong>et</strong></span> <span class='ocrx_word' id='word_1_579' title='bbox 2552 3992 2673 4044; x_wconf 80' lang='lat' dir='ltr'><strong>quae</strong></span> <span class='ocrx_word' id='word_1_580' title='bbox 2707 3976 2806 4031; x_wconf 85' lang='lat' dir='ltr'><strong>sub</strong></span> <span class='ocrx_word' id='word_1_581' title='bbox 2842 3977 2951 4031; x_wconf 72' lang='lat' dir='ltr'><strong>haec</strong></span> <span class='ocrx_word' id='word_1_582' title='bbox 2985 3979 3349 4047; x_wconf 73' lang='lat' dir='ltr'><strong>prosequitur.</strong></span> <span class='ocrx_word' id='word_1_583' title='bbox 3382 3977 3516 4031; x_wconf 88' lang='lat' dir='ltr'><strong>Illud</strong></span> <span class='ocrx_word' id='word_1_584' title='bbox 3544 3993 3700 4048; x_wconf 84' lang='lat' dir='ltr'><strong>ergo,</strong></span> 
     </span>
    </p>
   </div>
   <div class='ocr_carea' id='block_1_83' title="bbox 2133 4069 3702 4140">
    <p class='ocr_par' dir='ltr' id='par_1_83' title="bbox 2133 4069 3702 4140">
     <span class='ocr_line' id='line_1_83' title="bbox 2133 4069 3702 4140; baseline 0.004 -22"><span class='ocrx_word' id='word_1_585' title='bbox 2133 4069 2344 4123; x_wconf 66' lang='lat' dir='ltr'><strong>«iratus</strong></span> <span class='ocrx_word' id='word_1_586' title='bbox 2393 4085 2454 4125; x_wconf 92' lang='lat' dir='ltr'><strong>es</strong></span> <span class='ocrx_word' id='word_1_587' title='bbox 2506 4069 2656 4133; x_wconf 90' lang='lat' dir='ltr'><strong>mihi,</strong></span> <span class='ocrx_word' id='word_1_588' title='bbox 2687 4088 2706 4123; x_wconf 78' lang='grc' dir='ltr'><strong>ι</strong></span> <span class='ocrx_word' id='word_1_589' title='bbox 2765 4071 3118 4140; x_wconf 90' lang='lat' dir='ltr'><strong>pristinorum</strong></span> <span class='ocrx_word' id='word_1_590' title='bbox 3175 4083 3519 4138; x_wconf 85' lang='lat' dir='ltr'><strong>peccatorum</strong></span> <span class='ocrx_word' id='word_1_591' title='bbox 3568 4086 3702 4125; x_wconf 88' lang='lat' dir='ltr'><strong>con-</strong></span> 
     </span>
    </p>
   </div>
   <div class='ocr_carea' id='block_1_84' title="bbox 2129 4156 3705 4232">
    <p class='ocr_par' dir='ltr' id='par_1_84' title="bbox 2129 4156 3705 4232">
     <span class='ocr_line' id='line_1_84' title="bbox 2129 4156 3705 4232; baseline 0.003 -23"><span class='ocrx_word' id='word_1_592' title='bbox 2129 4156 2416 4214; x_wconf 79' lang='lat' dir='ltr'><strong>fessionem</strong></span> <span class='ocrx_word' id='word_1_593' title='bbox 2458 4161 2677 4214; x_wconf 84' lang='lat' dir='ltr'><strong>cxhibet</strong></span> <span class='ocrx_word' id='word_1_594' title='bbox 2723 4174 2737 4215; x_wconf 86' lang='lat'><strong>:</strong></span> <span class='ocrx_word' id='word_1_595' title='bbox 2792 4176 3023 4230; x_wconf 86' lang='lat' dir='ltr'><strong>quorum</strong></span> <span class='ocrx_word' id='word_1_596' title='bbox 3075 4176 3234 4215; x_wconf 87' lang='lat' dir='ltr'><strong>causa</strong></span> <span class='ocrx_word' id='word_1_597' title='bbox 3282 4160 3526 4232; x_wconf 58' lang='lat' dir='ltr'><strong>[Egyplii</strong></span> <span class='ocrx_word' id='word_1_598' title='bbox 3578 4170 3705 4215; x_wconf 89' lang='lat' dir='ltr'><strong>ante</strong></span> 
     </span>
    </p>
   </div>
   <div class='ocr_carea' id='block_1_85' title="bbox 2128 4250 3704 4323">
    <p class='ocr_par' dir='ltr' id='par_1_85' title="bbox 2128 4250 3704 4323">
     <span class='ocr_line' id='line_1_85' title="bbox 2128 4250 3704 4323; baseline 0.002 -19"><span class='ocrx_word' id='word_1_599' title='bbox 2128 4250 2420 4306; x_wconf 85' lang='lat' dir='ltr'><strong>salutarem</strong></span> <span class='ocrx_word' id='word_1_600' title='bbox 2460 4253 2798 4309; x_wconf 79' lang='lat' dir='ltr'><strong>vocalionent</strong></span> <span class='ocrx_word' id='word_1_601' title='bbox 2859 4255 2936 4307; x_wconf 89' lang='lat' dir='ltr'><strong>ira</strong></span> <span class='ocrx_word' id='word_1_602' title='bbox 2990 4253 3080 4306; x_wconf 86' lang='lat' dir='ltr'><strong>Dei</strong></span> <span class='ocrx_word' id='word_1_603' title='bbox 3137 4253 3280 4323; x_wconf 88' lang='lat' dir='ltr'><strong>digni</strong></span> <span class='ocrx_word' id='word_1_604' title='bbox 3331 4262 3530 4319; x_wconf 88' lang='lat' dir='ltr'><strong>erant;</strong></span> <span class='ocrx_word' id='word_1_605' title='bbox 3572 4254 3704 4307; x_wconf 90' lang='lat' dir='ltr'><strong>illud</strong></span> 
     </span>
    </p>
   </div>
   <div class='ocr_carea' id='block_1_86' title="bbox 2128 4342 3704 4406">
    <p class='ocr_par' dir='ltr' id='par_1_86' title="bbox 2128 4342 3704 4406">
     <span class='ocr_line' id='line_1_86' title="bbox 2128 4342 3704 4406; baseline 0.004 -12"><span class='ocrx_word' id='word_1_606' title='bbox 2128 4350 2327 4404; x_wconf 87' lang='lat' dir='ltr'><strong>autem,</strong></span> <span class='ocrx_word' id='word_1_607' title='bbox 2360 4360 2378 4393; x_wconf 82' lang='grc' dir='ltr'><strong>ι</strong></span> <span class='ocrx_word' id='word_1_608' title='bbox 2407 4342 2663 4397; x_wconf 86' lang='lat' dir='ltr'><strong>Avertiin</strong></span> <span class='ocrx_word' id='word_1_609' title='bbox 2697 4343 2929 4398; x_wconf 82' lang='lat' dir='ltr'><strong>furorem</strong></span> <span class='ocrx_word' id='word_1_610' title='bbox 2961 4353 3110 4397; x_wconf 91' lang='lat' dir='ltr'><strong>tuum</strong></span> <span class='ocrx_word' id='word_1_611' title='bbox 3154 4359 3184 4396; x_wconf 90' lang='lat' dir='ltr'><strong>a</strong></span> <span class='ocrx_word' id='word_1_612' title='bbox 3213 4359 3299 4397; x_wconf 90' lang='lat' dir='ltr'><strong>me</strong></span> <span class='ocrx_word' id='word_1_613' title='bbox 3319 4384 3333 4406; x_wconf 90' lang='lat'><strong>,</strong></span> <span class='ocrx_word' id='word_1_614' title='bbox 3366 4353 3419 4398; x_wconf 90' lang='lat' dir='ltr'><strong>et</strong></span> <span class='ocrx_word' id='word_1_615' title='bbox 3449 4346 3704 4400; x_wconf 86' lang='lat' dir='ltr'><strong>misertus</strong></span> 
     </span>
    </p>
   </div>
   <div class='ocr_carea' id='block_1_87' title="bbox 2128 4435 3703 4509">
    <p class='ocr_par' dir='ltr' id='par_1_87' title="bbox 2128 4435 3703 4509">
     <span class='ocr_line' id='line_1_87' title="bbox 2128 4435 3703 4509; baseline 0.006 -22"><span class='ocrx_word' id='word_1_616' title='bbox 2128 4450 2188 4488; x_wconf 92' lang='lat' dir='ltr'><strong>es</strong></span> <span class='ocrx_word' id='word_1_617' title='bbox 2224 4435 2409 4501; x_wconf 69' lang='lat' dir='ltr'><strong>mihi,»</strong></span> <span class='ocrx_word' id='word_1_618' title='bbox 2451 4448 2796 4505; x_wconf 81' lang='lat' dir='ltr'><strong>peccatorum</strong></span> <span class='ocrx_word' id='word_1_619' title='bbox 2826 4439 3221 4504; x_wconf 86' lang='lat' dir='ltr'><strong>remissionem,</strong></span> <span class='ocrx_word' id='word_1_620' title='bbox 3254 4439 3359 4493; x_wconf 91' lang='lat' dir='ltr'><strong>illis</strong></span> <span class='ocrx_word' id='word_1_621' title='bbox 3389 4448 3509 4509; x_wconf 90' lang='lat' dir='ltr'><strong>post</strong></span> <span class='ocrx_word' id='word_1_622' title='bbox 3541 4456 3703 4495; x_wconf 88' lang='lat' dir='ltr'><strong>voca-</strong></span> 
     </span>
    </p>
   </div>
   <div class='ocr_carea' id='block_1_88' title="bbox 440 4526 2027 4605">
    <p class='ocr_par' dir='ltr' id='par_1_88' title="bbox 440 4529 2024 4605">
     <span class='ocr_line' id='line_1_88' title="bbox 440 4529 2024 4605; baseline 0.002 -21"><span class='ocrx_word' id='word_1_623' title='bbox 440 4529 854 4600; x_wconf 83' lang='grc' dir='ltr'>ἀμαρτημάτων</span> <span class='ocrx_word' id='word_1_624' title='bbox 890 4529 1165 4601; x_wconf 88' lang='grc' dir='ltr'>σημαίνει.</span> <span class='ocrx_word' id='word_1_625' title='bbox 1198 4532 1262 4584; x_wconf 81' lang='grc' dir='ltr'><em>Ἠ</em></span> <span class='ocrx_word' id='word_1_626' title='bbox 1289 4532 1397 4603; x_wconf 80' lang='grc' dir='ltr'><strong>γὰρ</strong></span> <span class='ocrx_word' id='word_1_627' title='bbox 1426 4535 1587 4605; x_wconf 81' lang='grc' dir='ltr'>χάρις</span> <span class='ocrx_word' id='word_1_628' title='bbox 1612 4535 1703 4587; x_wconf 79' lang='grc' dir='ltr'><strong>καὶ</strong></span> <span class='ocrx_word' id='word_1_629' title='bbox 1734 4537 1766 4604; x_wconf 80' lang='grc' dir='ltr'>ἡ</span> <span class='ocrx_word' id='word_1_630' title='bbox 1799 4534 2024 4605; x_wconf 83' lang='grc' dir='ltr'>ἀλήθεια</span> 
     </span>
    </p>
   </div>
   <div class='ocr_carea' id='block_1_89' title="bbox 2127 4526 3703 4605">
    <p class='ocr_par' dir='ltr' id='par_1_89' title="bbox 2133 4526 3703 4600">
     <span class='ocr_line' id='line_1_89' title="bbox 2133 4526 3703 4600; baseline 0.006 -23"><span class='ocrx_word' id='word_1_631' title='bbox 2133 4526 2330 4579; x_wconf 88' lang='lat' dir='ltr'><strong>tionem</strong></span> <span class='ocrx_word' id='word_1_632' title='bbox 2386 4542 2719 4591; x_wconf 87' lang='lat' dir='ltr'><strong>concessam,</strong></span> <span class='ocrx_word' id='word_1_633' title='bbox 2771 4527 3060 4598; x_wconf 76' lang='lat' dir='ltr'><strong>significat.</strong></span> <span class='ocrx_word' id='word_1_634' title='bbox 3109 4527 3241 4583; x_wconf 74' lang='lat' dir='ltr'><strong>Nam</strong></span> <span class='ocrx_word' id='word_1_635' title='bbox 3277 4533 3450 4600; x_wconf 90' lang='lat' dir='ltr'><strong>gratia</strong></span> <span class='ocrx_word' id='word_1_636' title='bbox 3482 4541 3537 4585; x_wconf 90' lang='lat' dir='ltr'><strong>et</strong></span> <span class='ocrx_word' id='word_1_637' title='bbox 3564 4532 3703 4587; x_wconf 89' lang='lat' dir='ltr'><strong>veri-</strong></span> 
     </span>
    </p>
   </div>
   <div class='ocr_carea' id='block_1_90' title="bbox 441 4620 2022 4693">
    <p class='ocr_par' dir='ltr' id='par_1_90' title="bbox 441 4620 2022 4693">
     <span class='ocr_line' id='line_1_90' title="bbox 441 4620 2022 4693; baseline 0.003 -20"><span class='ocrx_word' id='word_1_638' title='bbox 441 4620 531 4674; x_wconf 81' lang='grc' dir='ltr'><strong>διὰ</strong></span> <span class='ocrx_word' id='word_1_639' title='bbox 566 4621 736 4691; x_wconf 79' lang='grc' dir='ltr'>Ἰησοῦ</span> <span class='ocrx_word' id='word_1_640' title='bbox 761 4620 996 4691; x_wconf 88' lang='grc' dir='ltr'>Χριστοῦ</span> <span class='ocrx_word' id='word_1_641' title='bbox 1026 4623 1291 4693; x_wconf 70' lang='grc' dir='ltr'>γενομένη</span> <span class='ocrx_word' id='word_1_642' title='bbox 1348 4626 1443 4677; x_wconf 71' lang='grc' dir='ltr'><strong>καὶ</strong></span> <span class='ocrx_word' id='word_1_643' title='bbox 1472 4626 1655 4688; x_wconf 78' lang='grc' dir='ltr'>αὐτοῖς</span> <span class='ocrx_word' id='word_1_644' title='bbox 1685 4625 2022 4693; x_wconf 82' lang='grc' dir='ltr'>Αἰγυπτίοις,</span> 
     </span>
    </p>
   </div>
   <div class='ocr_carea' id='block_1_91' title="bbox 444 4712 2022 4788">
    <p class='ocr_par' dir='ltr' id='par_1_91' title="bbox 444 4712 2022 4788">
     <span class='ocr_line' id='line_1_91' title="bbox 444 4712 2022 4788; baseline 0.003 -23"><span class='ocrx_word' id='word_1_645' title='bbox 444 4712 536 4766; x_wconf 70' lang='grc' dir='ltr'>καὶ</span> <span class='ocrx_word' id='word_1_646' title='bbox 574 4714 710 4766; x_wconf 78' lang='grc' dir='ltr'>πᾶσι</span> <span class='ocrx_word' id='word_1_647' title='bbox 737 4716 851 4775; x_wconf 84' lang='grc' dir='ltr'>τοῖς</span> <span class='ocrx_word' id='word_1_648' title='bbox 900 4713 991 4766; x_wconf 85' lang='grc' dir='ltr'><strong>τὸν</strong></span> <span class='ocrx_word' id='word_1_649' title='bbox 1027 4715 1153 4767; x_wconf 86' lang='grc' dir='ltr'>Υἰὸν</span> <span class='ocrx_word' id='word_1_650' title='bbox 1207 4714 1303 4767; x_wconf 82' lang='grc' dir='ltr'><strong>τοῦ</strong></span> <span class='ocrx_word' id='word_1_651' title='bbox 1346 4716 1481 4769; x_wconf 84' lang='grc' dir='ltr'>Θεοῦ</span> <span class='ocrx_word' id='word_1_652' title='bbox 1513 4717 2022 4788; x_wconf 82' lang='grc' dir='ltr'>παραδεδεγμένοις,</span> 
     </span>
    </p>
   </div>
   <div class='ocr_carea' id='block_1_92' title="bbox 441 4802 2026 4880">
    <p class='ocr_par' dir='ltr' id='par_1_92' title="bbox 441 4802 2026 4880">
     <span class='ocr_line' id='line_1_92' title="bbox 441 4802 2026 4880; baseline 0.003 -22"><span class='ocrx_word' id='word_1_653' title='bbox 441 4804 658 4875; x_wconf 86' lang='grc' dir='ltr'>δεσμῶν</span> <span class='ocrx_word' id='word_1_654' title='bbox 706 4802 860 4857; x_wconf 88' lang='grc' dir='ltr'>λύσιν</span> <span class='ocrx_word' id='word_1_655' title='bbox 912 4806 1007 4858; x_wconf 77' lang='grc' dir='ltr'><strong>καὶ</strong></span> <span class='ocrx_word' id='word_1_656' title='bbox 1071 4805 1355 4877; x_wconf 87' lang='grc' dir='ltr'>ἁμαρτιῶν</span> <span class='ocrx_word' id='word_1_657' title='bbox 1414 4808 1760 4879; x_wconf 84' lang='grc' dir='ltr'>συγχώρησιν</span> <span class='ocrx_word' id='word_1_658' title='bbox 1820 4809 2026 4880; x_wconf 80' lang='grc' dir='ltr'>ἐδωρή-</span> 
     </span>
    </p>
   </div>
   <div class='ocr_carea' id='block_1_93' title="bbox 446 4914 594 4950">
    <p class='ocr_par' dir='ltr' id='par_1_93' title="bbox 446 4914 594 4950">
     <span class='ocr_line' id='line_1_93' title="bbox 446 4914 594 4950; baseline -0.007 0"><span class='ocrx_word' id='word_1_659' title='bbox 446 4914 594 4950; x_wconf 89' lang='grc' dir='ltr'>σατο.</span> 
     </span>
    </p>
   </div>
   <div class='ocr_carea' id='block_1_94' title="bbox 519 4987 2020 5063">
    <p class='ocr_par' dir='ltr' id='par_1_94' title="bbox 519 4987 2020 5063">
     <span class='ocr_line' id='line_1_94' title="bbox 519 4987 2020 5063; baseline 0.002 -22"><span class='ocrx_word' id='word_1_660' title='bbox 519 5009 538 5041; x_wconf 80' lang='grc' dir='ltr'>ι</span> <span class='ocrx_word' id='word_1_661' title='bbox 584 4990 696 5043; x_wconf 75' lang='grc' dir='ltr'><strong>Καὶ</strong></span> <span class='ocrx_word' id='word_1_662' title='bbox 724 4989 1025 5061; x_wconf 83' lang='grc' dir='ltr'>ἀντλήσατε</span> <span class='ocrx_word' id='word_1_663' title='bbox 1060 4987 1206 5063; x_wconf 77' lang='grc' dir='ltr'>ὕδωρ</span> <span class='ocrx_word' id='word_1_664' title='bbox 1257 4990 1373 5060; x_wconf 85' lang='grc' dir='ltr'>μετ’</span> <span class='ocrx_word' id='word_1_665' title='bbox 1419 4990 1756 5061; x_wconf 75' lang='grc' dir='ltr'>εὐφροσύνης</span> <span class='ocrx_word' id='word_1_666' title='bbox 1797 4994 1863 5044; x_wconf 86' lang='grc' dir='ltr'><strong>ὲκ</strong></span> <span class='ocrx_word' id='word_1_667' title='bbox 1911 4991 2020 5044; x_wconf 88' lang='grc' dir='ltr'><strong>τῶν</strong></span> 
     </span>
    </p>
   </div>
   <div class='ocr_carea' id='block_1_95' title="bbox 447 5081 2021 5153">
    <p class='ocr_par' dir='ltr' id='par_1_95' title="bbox 447 5081 2021 5153">
     <span class='ocr_line' id='line_1_95' title="bbox 447 5081 2021 5153; baseline 0.001 -19"><span class='ocrx_word' id='word_1_668' title='bbox 447 5081 637 5152; x_wconf 88' lang='grc' dir='ltr'>πηγῶν</span> <span class='ocrx_word' id='word_1_669' title='bbox 673 5082 768 5136; x_wconf 88' lang='grc' dir='ltr'><strong>τοῦ</strong></span> <span class='ocrx_word' id='word_1_670' title='bbox 794 5082 1093 5153; x_wconf 87' lang='grc' dir='ltr'>Σωτηρίου.</span> <span class='ocrx_word' id='word_1_671' title='bbox 1130 5102 1148 5134; x_wconf 72' lang='grc' dir='ltr'><strong>ι</strong></span> <span class='ocrx_word' id='word_1_672' title='bbox 1176 5082 1343 5135; x_wconf 86' lang='grc' dir='ltr'>Πάλιν</span> <span class='ocrx_word' id='word_1_673' title='bbox 1369 5082 1740 5152; x_wconf 83' lang='grc' dir='ltr'>ἀλληγορικῶς</span> <span class='ocrx_word' id='word_1_674' title='bbox 1788 5083 2021 5136; x_wconf 74' lang='grc' dir='ltr'>ἐνταῦθα</span> 
     </span>
    </p>
   </div>
   <div class='ocr_carea' id='block_1_96' title="bbox 448 5172 2017 5246">
    <p class='ocr_par' dir='ltr' id='par_1_96' title="bbox 448 5172 2017 5246">
     <span class='ocr_line' id='line_1_96' title="bbox 448 5172 2017 5246; baseline 0.002 -21"><span class='ocrx_word' id='word_1_675' title='bbox 448 5172 811 5244; x_wconf 78' lang='grc' dir='ltr'>παραδεκτέον</span> <span class='ocrx_word' id='word_1_676' title='bbox 843 5173 904 5226; x_wconf 83' lang='grc' dir='ltr'><strong>τὸ</strong></span> <span class='ocrx_word' id='word_1_677' title='bbox 937 5172 1078 5246; x_wconf 78' lang='grc' dir='ltr'>ὕδωρ</span> <span class='ocrx_word' id='word_1_678' title='bbox 1113 5172 1336 5235; x_wconf 78' lang='grc' dir='ltr'>καὶτὰς</span> <span class='ocrx_word' id='word_1_679' title='bbox 1368 5172 1551 5242; x_wconf 75' lang='grc' dir='ltr'>πηγὰς</span> <span class='ocrx_word' id='word_1_680' title='bbox 1586 5173 1677 5226; x_wconf 86' lang='grc' dir='ltr'><strong>τοῦ</strong></span> <span class='ocrx_word' id='word_1_681' title='bbox 1718 5173 2017 5245; x_wconf 88' lang='grc' dir='ltr'>Σωτηρίου.</span> 
     </span>
    </p>
   </div>
   <div class='ocr_carea' id='block_1_97' title="bbox 448 5265 2024 5337">
    <p class='ocr_par' dir='ltr' id='par_1_97' title="bbox 448 5265 2024 5337">
     <span class='ocr_line' id='line_1_97' title="bbox 448 5265 2024 5337; baseline 0.001 -21"><span class='ocrx_word' id='word_1_682' title='bbox 448 5265 675 5334; x_wconf 80' lang='grc' dir='ltr'>Νοήσεις</span> <span class='ocrx_word' id='word_1_683' title='bbox 705 5265 760 5318; x_wconf 84' lang='grc' dir='ltr'>δὲ</span> <span class='ocrx_word' id='word_1_684' title='bbox 789 5265 961 5319; x_wconf 88' lang='grc' dir='ltr'>ταῦτα</span> <span class='ocrx_word' id='word_1_685' title='bbox 987 5265 1151 5319; x_wconf 85' lang='grc' dir='ltr'>αὐτοῦ</span> <span class='ocrx_word' id='word_1_686' title='bbox 1184 5265 1430 5333; x_wconf 87' lang='grc' dir='ltr'>λέγοντος</span> <span class='ocrx_word' id='word_1_687' title='bbox 1456 5265 1548 5318; x_wconf 87' lang='grc' dir='ltr'><strong>τοῦ</strong></span> <span class='ocrx_word' id='word_1_688' title='bbox 1586 5267 1864 5337; x_wconf 83' lang='grc' dir='ltr'>Σωτῆρος·</span> <span class='ocrx_word' id='word_1_689' title='bbox 1904 5285 1922 5316; x_wconf 79' lang='grc' dir='ltr'><strong>ι</strong></span> <span class='ocrx_word' id='word_1_690' title='bbox 1958 5266 2024 5318; x_wconf 76' lang='grc' dir='ltr'><strong>Εἰ</strong></span> 
     </span>
    </p>
   </div>
   <div class='ocr_carea' id='block_1_98' title="bbox 447 5354 2020 5428">
    <p class='ocr_par' dir='ltr' id='par_1_98' title="bbox 447 5354 2020 5428">
     <span class='ocr_line' id='line_1_98' title="bbox 447 5354 2020 5428; baseline 0.001 -20"><span class='ocrx_word' id='word_1_691' title='bbox 447 5372 529 5417; x_wconf 87' lang='grc' dir='ltr'><strong>τις</strong></span> <span class='ocrx_word' id='word_1_692' title='bbox 560 5354 706 5425; x_wconf 78' lang='grc' dir='ltr'>διψᾷ,</span> <span class='ocrx_word' id='word_1_693' title='bbox 734 5356 978 5426; x_wconf 78' lang='grc' dir='ltr'>ἐρχέσθω</span> <span class='ocrx_word' id='word_1_694' title='bbox 1003 5357 1140 5428; x_wconf 85' lang='grc' dir='ltr'>πρὸς</span> <span class='ocrx_word' id='word_1_695' title='bbox 1187 5358 1275 5425; x_wconf 82' lang='grc' dir='ltr'><strong>μὲ,</strong></span> <span class='ocrx_word' id='word_1_696' title='bbox 1312 5356 1404 5411; x_wconf 71' lang='grc' dir='ltr'><strong>καὶ</strong></span> <span class='ocrx_word' id='word_1_697' title='bbox 1435 5357 1664 5410; x_wconf 85' lang='grc' dir='ltr'>πινέτω·</span> <span class='ocrx_word' id='word_1_698' title='bbox 1694 5358 1722 5409; x_wconf 85' lang='grc' dir='ltr'>ὀ</span> <span class='ocrx_word' id='word_1_699' title='bbox 1749 5357 2020 5410; x_wconf 84' lang='grc' dir='ltr'>πιστεύων</span> 
     </span>
    </p>
   </div>
   <div class='ocr_carea' id='block_1_99' title="bbox 446 5446 2022 5521">
    <p class='ocr_par' dir='ltr' id='par_1_99' title="bbox 446 5446 2022 5521">
     <span class='ocr_line' id='line_1_99' title="bbox 446 5446 2022 5521; baseline 0.001 -21"><span class='ocrx_word' id='word_1_700' title='bbox 446 5450 525 5509; x_wconf 78' lang='grc' dir='ltr'>εἰς</span> <span class='ocrx_word' id='word_1_701' title='bbox 551 5447 671 5517; x_wconf 73' lang='grc' dir='ltr'>ἐμὲ,</span> <span class='ocrx_word' id='word_1_702' title='bbox 698 5465 716 5497; x_wconf 76' lang='grc' dir='ltr'><strong>ι</strong></span> <span class='ocrx_word' id='word_1_703' title='bbox 742 5447 922 5511; x_wconf 86' lang='grc' dir='ltr'>καθὼς</span> <span class='ocrx_word' id='word_1_704' title='bbox 938 5446 1137 5520; x_wconf 81' lang='grc' dir='ltr'>εἴπενή</span> <span class='ocrx_word' id='word_1_705' title='bbox 1170 5450 1383 5521; x_wconf 83' lang='grc' dir='ltr'>Γραφὴ,</span> <span class='ocrx_word' id='word_1_706' title='bbox 1412 5469 1429 5502; x_wconf 73' lang='grc' dir='ltr'><strong>ι</strong></span> <span class='ocrx_word' id='word_1_707' title='bbox 1457 5449 1690 5519; x_wconf 81' lang='grc' dir='ltr'>ποταμοὶ</span> <span class='ocrx_word' id='word_1_708' title='bbox 1707 5451 1771 5501; x_wconf 80' lang='grc' dir='ltr'><strong>ἐκ</strong></span> <span class='ocrx_word' id='word_1_709' title='bbox 1793 5449 1891 5518; x_wconf 84' lang='grc' dir='ltr'><strong>τῆς</strong></span> <span class='ocrx_word' id='word_1_710' title='bbox 1907 5466 2022 5501; x_wconf 88' lang='grc' dir='ltr'>κοι-</span> 
     </span>
    </p>
   </div>
   <div class='ocr_carea' id='block_1_100' title="bbox 445 5544 2019 5619">
    <p class='ocr_par' dir='ltr' id='par_1_100' title="bbox 445 5544 2019 5619">
     <span class='ocr_line' id='line_1_100' title="bbox 445 5544 2019 5619; baseline 0.001 -24"><span class='ocrx_word' id='word_1_711' title='bbox 445 5544 564 5608; x_wconf 86' lang='grc' dir='ltr'>λίας</span> <span class='ocrx_word' id='word_1_712' title='bbox 597 5547 761 5600; x_wconf 68' lang='grc' dir='ltr'>αὒτοῦ</span> <span class='ocrx_word' id='word_1_713' title='bbox 785 5549 1063 5619; x_wconf 71' lang='grc' dir='ltr'>ῥεύσουσιν</span> <span class='ocrx_word' id='word_1_714' title='bbox 1085 5550 1275 5612; x_wconf 76' lang='grc' dir='ltr'>ὓδατος</span> <span class='ocrx_word' id='word_1_715' title='bbox 1306 5548 1520 5613; x_wconf 75' lang='grc' dir='ltr'>ζῶντος.</span> <span class='ocrx_word' id='word_1_716' title='bbox 1575 5568 1592 5597; x_wconf 74' lang='grc' dir='ltr'><strong>ι</strong></span> <span class='ocrx_word' id='word_1_717' title='bbox 1627 5548 1805 5617; x_wconf 72' lang='grc' dir='ltr'>Πηγαὶ</span> <span class='ocrx_word' id='word_1_718' title='bbox 1842 5547 2019 5599; x_wconf 88' lang='grc' dir='ltr'>τοίνυν</span> 
     </span>
    </p>
   </div>
   <div class='ocr_carea' id='block_1_101' title="bbox 516 5662 1550 5730">
    <p class='ocr_par' dir='ltr' id='par_1_101' title="bbox 516 5662 1550 5730">
     <span class='ocr_line' id='line_1_101' title="bbox 516 5662 1550 5730; baseline 0.004 -14"><span class='ocrx_word' id='word_1_719' title='bbox 516 5662 561 5693; x_wconf 68' lang='grc' dir='ltr'>τί</span> <span class='ocrx_word' id='word_1_720' title='bbox 594 5662 763 5717; x_wconf 75' lang='lat' dir='ltr'><strong>Exod.</strong></span> <span class='ocrx_word' id='word_1_721' title='bbox 798 5681 888 5728; x_wconf 79' lang='lat' dir='ltr'><strong>xv,</strong></span> <span class='ocrx_word' id='word_1_722' title='bbox 926 5666 974 5719; x_wconf 84' lang='grc'><strong>1.</strong></span> <span class='ocrx_word' id='word_1_723' title='bbox 1052 5667 1095 5695; x_wconf 71' lang='grc' dir='ltr'><strong>τ’</strong></span> <span class='ocrx_word' id='word_1_724' title='bbox 1129 5664 1285 5724; x_wconf 67' lang='lat' dir='ltr'><strong>Joan.</strong></span> <span class='ocrx_word' id='word_1_725' title='bbox 1318 5682 1423 5730; x_wconf 85' lang='lat' dir='ltr'><strong>vn,</strong></span> <span class='ocrx_word' id='word_1_726' title='bbox 1459 5666 1550 5720; x_wconf 82' lang='grc'><strong>57.</strong></span> 
     </span>
    </p>
   </div>
   <div class='ocr_carea' id='block_1_102' title="bbox 2130 4615 3698 4693">
    <p class='ocr_par' dir='ltr' id='par_1_102' title="bbox 2130 4615 3698 4693">
     <span class='ocr_line' id='line_1_102' title="bbox 2130 4615 3698 4693; baseline 0.006 -25"><span class='ocrx_word' id='word_1_727' title='bbox 2130 4626 2211 4669; x_wconf 90' lang='lat' dir='ltr'><strong>tas</strong></span> <span class='ocrx_word' id='word_1_728' title='bbox 2246 4632 2342 4685; x_wconf 89' lang='lat' dir='ltr'><strong>per</strong></span> <span class='ocrx_word' id='word_1_729' title='bbox 2373 4615 2558 4671; x_wconf 87' lang='lat' dir='ltr'><strong>Jesum</strong></span> <span class='ocrx_word' id='word_1_730' title='bbox 2584 4617 2859 4672; x_wconf 86' lang='lat' dir='ltr'><strong>Christum</strong></span> <span class='ocrx_word' id='word_1_731' title='bbox 2886 4620 3054 4685; x_wconf 83' lang='lat' dir='ltr'><strong>facta,</strong></span> <span class='ocrx_word' id='word_1_732' title='bbox 3083 4638 3207 4677; x_wconf 91' lang='lat' dir='ltr'><strong>cum</strong></span> <span class='ocrx_word' id='word_1_733' title='bbox 3242 4623 3371 4691; x_wconf 90' lang='lat' dir='ltr'><strong>ipsis</strong></span> <span class='ocrx_word' id='word_1_734' title='bbox 3398 4622 3698 4693; x_wconf 66' lang='lat' dir='ltr'><strong>Egyptiis,</strong></span> 
     </span>
    </p>
   </div>
   <div class='ocr_carea' id='block_1_103' title="bbox 2127 4708 3705 4781">
    <p class='ocr_par' dir='ltr' id='par_1_103' title="bbox 2127 4708 3705 4781">
     <span class='ocr_line' id='line_1_103' title="bbox 2127 4708 3705 4781; baseline 0.006 -22"><span class='ocrx_word' id='word_1_735' title='bbox 2127 4718 2237 4760; x_wconf 89' lang='lat' dir='ltr'><strong>tum</strong></span> <span class='ocrx_word' id='word_1_736' title='bbox 2270 4708 2522 4763; x_wconf 87' lang='lat' dir='ltr'><strong>omnibus</strong></span> <span class='ocrx_word' id='word_1_737' title='bbox 2570 4708 2653 4772; x_wconf 91' lang='lat' dir='ltr'><strong>iis,</strong></span> <span class='ocrx_word' id='word_1_738' title='bbox 2684 4709 2772 4777; x_wconf 90' lang='lat' dir='ltr'><strong>qui</strong></span> <span class='ocrx_word' id='word_1_739' title='bbox 2814 4709 3009 4764; x_wconf 84' lang='lat' dir='ltr'><strong>Filium</strong></span> <span class='ocrx_word' id='word_1_740' title='bbox 3048 4711 3139 4766; x_wconf 90' lang='lat' dir='ltr'><strong>Dei</strong></span> <span class='ocrx_word' id='word_1_741' title='bbox 3174 4724 3545 4781; x_wconf 80' lang='lat' dir='ltr'><strong>susceperant,</strong></span> <span class='ocrx_word' id='word_1_742' title='bbox 3581 4714 3705 4767; x_wconf 91' lang='lat' dir='ltr'><strong>vin-</strong></span> 
     </span>
    </p>
   </div>
   <div class='ocr_carea' id='block_1_104' title="bbox 2123 4801 3675 4875">
    <p class='ocr_par' dir='ltr' id='par_1_104' title="bbox 2123 4801 3675 4875">
     <span class='ocr_line' id='line_1_104' title="bbox 2123 4801 3675 4875; baseline 0.005 -20"><span class='ocrx_word' id='word_1_743' title='bbox 2123 4801 2364 4855; x_wconf 89' lang='lat' dir='ltr'><strong>culorum</strong></span> <span class='ocrx_word' id='word_1_744' title='bbox 2400 4802 2748 4873; x_wconf 88' lang='lat' dir='ltr'><strong>solutionem,</strong></span> <span class='ocrx_word' id='word_1_745' title='bbox 2788 4815 2843 4858; x_wconf 86' lang='lat' dir='ltr'><strong>et</strong></span> <span class='ocrx_word' id='word_1_746' title='bbox 2876 4816 3220 4864; x_wconf 81' lang='lat' dir='ltr'><strong>peccatorum</strong></span> <span class='ocrx_word' id='word_1_747' title='bbox 3256 4808 3465 4861; x_wconf 88' lang='lat' dir='ltr'><strong>veniam</strong></span> <span class='ocrx_word' id='word_1_748' title='bbox 3494 4808 3675 4875; x_wconf 80' lang='lat' dir='ltr'><strong>dedit.</strong></span> 
     </span>
    </p>
   </div>
   <div class='ocr_carea' id='block_1_105' title="bbox 2203 4982 3704 5058">
    <p class='ocr_par' dir='ltr' id='par_1_105' title="bbox 2203 4982 3704 5058">
     <span class='ocr_line' id='line_1_105' title="bbox 2203 4982 3704 5058; baseline 0.005 -22"><span class='ocrx_word' id='word_1_749' title='bbox 2203 4982 2361 5039; x_wconf 78' lang='lat' dir='ltr'><strong>Vsus.</strong></span> <span class='ocrx_word' id='word_1_750' title='bbox 2392 4986 2443 5038; x_wconf 78' lang='grc'><strong>5.</strong></span> <span class='ocrx_word' id='word_1_751' title='bbox 2483 5002 2501 5035; x_wconf 77' lang='grc' dir='ltr'><strong>ι</strong></span> <span class='ocrx_word' id='word_1_752' title='bbox 2533 4986 2596 5039; x_wconf 83' lang='grc' dir='ltr'>Ει</span> <span class='ocrx_word' id='word_1_753' title='bbox 2626 4986 2843 5040; x_wconf 89' lang='lat' dir='ltr'><strong>haurite</strong></span> <span class='ocrx_word' id='word_1_754' title='bbox 2869 5002 3065 5055; x_wconf 87' lang='lat' dir='ltr'><strong>aquam</strong></span> <span class='ocrx_word' id='word_1_755' title='bbox 3094 5003 3215 5042; x_wconf 89' lang='lat' dir='ltr'><strong>cum</strong></span> <span class='ocrx_word' id='word_1_756' title='bbox 3248 4989 3445 5058; x_wconf 86' lang='lat' dir='ltr'><strong>gaudio</strong></span> <span class='ocrx_word' id='word_1_757' title='bbox 3475 5004 3544 5044; x_wconf 79' lang='lat' dir='ltr'><strong>ex</strong></span> <span class='ocrx_word' id='word_1_758' title='bbox 3583 4988 3704 5044; x_wconf 82' lang='lat' dir='ltr'><strong>fon—</strong></span> 
     </span>
    </p>
   </div>
   <div class='ocr_carea' id='block_1_106' title="bbox 2131 5074 3701 5151">
    <p class='ocr_par' dir='ltr' id='par_1_106' title="bbox 2131 5074 3701 5151">
     <span class='ocr_line' id='line_1_106' title="bbox 2131 5074 3701 5151; baseline 0.004 -23"><span class='ocrx_word' id='word_1_759' title='bbox 2131 5075 2271 5130; x_wconf 87' lang='lat' dir='ltr'><strong>tibus</strong></span> <span class='ocrx_word' id='word_1_760' title='bbox 2296 5074 2584 5131; x_wconf 86' lang='lat' dir='ltr'><strong>Salutaris.</strong></span> <span class='ocrx_word' id='word_1_761' title='bbox 2615 5095 2634 5129; x_wconf 74' lang='grc' dir='ltr'><strong>ι</strong></span> <span class='ocrx_word' id='word_1_762' title='bbox 2682 5076 2805 5132; x_wconf 68' lang='lat' dir='ltr'><strong>Haec</strong></span> <span class='ocrx_word' id='word_1_763' title='bbox 2847 5078 3001 5141; x_wconf 90' lang='lat' dir='ltr'><strong>item,</strong></span> <span class='ocrx_word' id='word_1_764' title='bbox 3029 5089 3137 5134; x_wconf 90' lang='lat' dir='ltr'><strong>tam</strong></span> <span class='ocrx_word' id='word_1_765' title='bbox 3184 5097 3350 5151; x_wconf 88' lang='lat' dir='ltr'><strong>aqua,</strong></span> <span class='ocrx_word' id='word_1_766' title='bbox 3389 5096 3551 5150; x_wconf 85' lang='lat' dir='ltr'><strong>quam</strong></span> <span class='ocrx_word' id='word_1_767' title='bbox 3584 5081 3701 5135; x_wconf 83' lang='lat' dir='ltr'><strong>fon-</strong></span> 
     </span>
    </p>
   </div>
   <div class='ocr_carea' id='block_1_107' title="bbox 2129 5166 3700 5242">
    <p class='ocr_par' dir='ltr' id='par_1_107' title="bbox 2129 5166 3700 5242">
     <span class='ocr_line' id='line_1_107' title="bbox 2129 5166 3700 5242; baseline 0.004 -21"><span class='ocrx_word' id='word_1_768' title='bbox 2129 5177 2207 5222; x_wconf 86' lang='lat' dir='ltr'><strong>tes</strong></span> <span class='ocrx_word' id='word_1_769' title='bbox 2231 5166 2515 5233; x_wconf 88' lang='lat' dir='ltr'><strong>Salutaris,</strong></span> <span class='ocrx_word' id='word_1_770' title='bbox 2551 5171 2837 5239; x_wconf 82' lang='lat' dir='ltr'><strong>allegorice</strong></span> <span class='ocrx_word' id='word_1_771' title='bbox 2865 5184 2991 5227; x_wconf 91' lang='lat' dir='ltr'><strong>sunt</strong></span> <span class='ocrx_word' id='word_1_772' title='bbox 3015 5173 3349 5242; x_wconf 89' lang='lat' dir='ltr'><strong>accipienda.</strong></span> <span class='ocrx_word' id='word_1_773' title='bbox 3387 5172 3511 5226; x_wconf 73' lang='lat' dir='ltr'><strong>Haec</strong></span> <span class='ocrx_word' id='word_1_774' title='bbox 3534 5188 3700 5236; x_wconf 83' lang='lat' dir='ltr'><strong>porro</strong></span> 
     </span>
    </p>
   </div>
   <div class='ocr_carea' id='block_1_108' title="bbox 2128 5262 3698 5333">
    <p class='ocr_par' dir='ltr' id='par_1_108' title="bbox 2128 5262 3698 5333">
     <span class='ocr_line' id='line_1_108' title="bbox 2128 5262 3698 5333; baseline 0.001 -18"><span class='ocrx_word' id='word_1_775' title='bbox 2128 5262 2403 5333; x_wconf 82' lang='lat' dir='ltr'><strong>intelligas</strong></span> <span class='ocrx_word' id='word_1_776' title='bbox 2454 5264 2571 5333; x_wconf 87' lang='lat' dir='ltr'><strong>ipso</strong></span> <span class='ocrx_word' id='word_1_777' title='bbox 2600 5265 2889 5320; x_wconf 86' lang='lat' dir='ltr'><strong>Servatore</strong></span> <span class='ocrx_word' id='word_1_778' title='bbox 2938 5269 3176 5330; x_wconf 86' lang='lat' dir='ltr'><strong>dicente,</strong></span> <span class='ocrx_word' id='word_1_779' title='bbox 3227 5284 3247 5316; x_wconf 78' lang='grc' dir='ltr'><strong>ι</strong></span> <span class='ocrx_word' id='word_1_780' title='bbox 3280 5264 3336 5318; x_wconf 92' lang='lat' dir='ltr'><strong>Si</strong></span> <span class='ocrx_word' id='word_1_781' title='bbox 3383 5265 3507 5332; x_wconf 87' lang='lat' dir='ltr'><strong>quis</strong></span> <span class='ocrx_word' id='word_1_782' title='bbox 3557 5265 3698 5330; x_wconf 89' lang='lat' dir='ltr'><strong>sitit,</strong></span> 
     </span>
    </p>
   </div>
   <div class='ocr_carea' id='block_1_109' title="bbox 2128 5356 3702 5429">
    <p class='ocr_par' dir='ltr' id='par_1_109' title="bbox 2128 5356 3702 5429">
     <span class='ocr_line' id='line_1_109' title="bbox 2128 5356 3702 5429; baseline 0.003 -21"><span class='ocrx_word' id='word_1_783' title='bbox 2128 5356 2308 5410; x_wconf 90' lang='lat' dir='ltr'><strong>veniat</strong></span> <span class='ocrx_word' id='word_1_784' title='bbox 2353 5357 2420 5411; x_wconf 87' lang='lat' dir='ltr'><strong>ad</strong></span> <span class='ocrx_word' id='word_1_785' title='bbox 2458 5372 2559 5420; x_wconf 87' lang='lat' dir='ltr'><strong>me,</strong></span> <span class='ocrx_word' id='word_1_786' title='bbox 2598 5368 2646 5414; x_wconf 91' lang='lat' dir='ltr'><strong>et</strong></span> <span class='ocrx_word' id='word_1_787' title='bbox 2694 5358 2840 5413; x_wconf 82' lang='lat' dir='ltr'><strong>bibat</strong></span> <span class='ocrx_word' id='word_1_788' title='bbox 2882 5377 2897 5413; x_wconf 93' lang='lat'><strong>:</strong></span> <span class='ocrx_word' id='word_1_789' title='bbox 2940 5360 3031 5429; x_wconf 90' lang='lat' dir='ltr'><strong>qui</strong></span> <span class='ocrx_word' id='word_1_790' title='bbox 3084 5360 3257 5414; x_wconf 89' lang='lat' dir='ltr'><strong>credit</strong></span> <span class='ocrx_word' id='word_1_791' title='bbox 3297 5360 3348 5413; x_wconf 90' lang='lat' dir='ltr'><strong>in</strong></span> <span class='ocrx_word' id='word_1_792' title='bbox 3388 5374 3527 5423; x_wconf 62' lang='lat' dir='ltr'><strong>me,»</strong></span> <span class='ocrx_word' id='word_1_793' title='bbox 3559 5361 3702 5414; x_wconf 88' lang='lat' dir='ltr'><strong>sicut</strong></span> 
     </span>
    </p>
   </div>
   <div class='ocr_carea' id='block_1_110' title="bbox 2130 5450 3698 5521">
    <p class='ocr_par' dir='ltr' id='par_1_110' title="bbox 2130 5450 3698 5521">
     <span class='ocr_line' id='line_1_110' title="bbox 2130 5450 3698 5521; baseline 0.001 -18"><span class='ocrx_word' id='word_1_794' title='bbox 2130 5450 2262 5505; x_wconf 88' lang='lat' dir='ltr'><strong>dicit</strong></span> <span class='ocrx_word' id='word_1_795' title='bbox 2322 5450 2624 5520; x_wconf 87' lang='lat' dir='ltr'><strong>Scriptura.</strong></span> <span class='ocrx_word' id='word_1_796' title='bbox 2667 5472 2685 5505; x_wconf 85' lang='grc'>‹</span> <span class='ocrx_word' id='word_1_797' title='bbox 2726 5452 2942 5507; x_wconf 83' lang='lat' dir='ltr'><strong>ﬂumina</strong></span> <span class='ocrx_word' id='word_1_798' title='bbox 2988 5453 3055 5505; x_wconf 90' lang='lat' dir='ltr'><strong>de</strong></span> <span class='ocrx_word' id='word_1_799' title='bbox 3119 5459 3307 5506; x_wconf 88' lang='lat' dir='ltr'><strong>ventre</strong></span> <span class='ocrx_word' id='word_1_800' title='bbox 3367 5451 3485 5521; x_wconf 83' lang='lat' dir='ltr'><strong>ejus</strong></span> <span class='ocrx_word' id='word_1_801' title='bbox 3530 5451 3698 5505; x_wconf 82' lang='lat' dir='ltr'><strong>ﬂuent</strong></span> 
     </span>
    </p>
   </div>
   <div class='ocr_carea' id='block_1_111' title="bbox 2128 5542 3696 5615">
    <p class='ocr_par' dir='ltr' id='par_1_111' title="bbox 2128 5542 3696 5615">
     <span class='ocr_line' id='line_1_111' title="bbox 2128 5542 3696 5615; baseline 0.001 -21"><span class='ocrx_word' id='word_1_802' title='bbox 2128 5558 2281 5613; x_wconf 83' lang='lat' dir='ltr'><strong>aquae</strong></span> <span class='ocrx_word' id='word_1_803' title='bbox 2326 5546 2459 5601; x_wconf 82' lang='lat' dir='ltr'><strong>vivae</strong></span> <span class='ocrx_word' id='word_1_804' title='bbox 2500 5546 2565 5601; x_wconf 70' lang='grc' dir='ltr'>τί.</span> <span class='ocrx_word' id='word_1_805' title='bbox 2591 5566 2609 5599; x_wconf 72' lang='grc' dir='ltr'><strong>ι</strong></span> <span class='ocrx_word' id='word_1_806' title='bbox 2643 5544 2841 5603; x_wconf 87' lang='lat' dir='ltr'><strong>Fontes</strong></span> <span class='ocrx_word' id='word_1_807' title='bbox 2892 5545 3057 5615; x_wconf 83' lang='lat' dir='ltr'><strong>igitur</strong></span> <span class='ocrx_word' id='word_1_808' title='bbox 3086 5542 3371 5610; x_wconf 85' lang='lat' dir='ltr'><strong>Salutaris,</strong></span> <span class='ocrx_word' id='word_1_809' title='bbox 3417 5558 3696 5600; x_wconf 80' lang='lat' dir='ltr'><strong>sermones</strong></span> 
     </span>
    </p>
   </div>
   <div class='ocr_carea' id='block_1_112' title="bbox 522 5804 2199 5879">
    <p class='ocr_par' dir='ltr' id='par_1_112' title="bbox 522 5804 2199 5879">
     <span class='ocr_line' id='line_1_112' title="bbox 522 5804 2199 5879; baseline -0.002 -16"><span class='ocrx_word' id='word_1_810' title='bbox 522 5806 633 5879; x_wconf 79' lang='lat' dir='ltr'><strong>(l8)</strong></span> <span class='ocrx_word' id='word_1_811' title='bbox 684 5807 809 5867; x_wconf 68' lang='lat' dir='ltr'><strong>llam</strong></span> <span class='ocrx_word' id='word_1_812' title='bbox 869 5811 993 5865; x_wconf 83' lang='lat' dir='ltr'><strong>item</strong></span> <span class='ocrx_word' id='word_1_813' title='bbox 1052 5809 1448 5879; x_wconf 67' lang='lat' dir='ltr'><strong>Hieronymus,</strong></span> <span class='ocrx_word' id='word_1_814' title='bbox 1508 5809 1596 5865; x_wconf 85' lang='lat' dir='ltr'><strong>sed</strong></span> <span class='ocrx_word' id='word_1_815' title='bbox 1656 5808 1870 5865; x_wconf 82' lang='lat' dir='ltr'><strong>brevius</strong></span> <span class='ocrx_word' id='word_1_816' title='bbox 1925 5804 2199 5877; x_wconf 79' lang='lat' dir='ltr'><strong>exprimit.</strong></span> 
     </span>
    </p>
   </div>
   <div class='ocr_carea' id='block_1_113' title="bbox 909 5952 941 5975">
    <p class='ocr_par' dir='ltr' id='par_1_113' title="bbox 909 5952 941 5975">
     <span class='ocr_line' id='line_1_113' title="bbox 909 5952 941 5975; baseline 0 0"><span class='ocrx_word' id='word_1_817' title='bbox 909 5952 941 5975; x_wconf 75' lang='grc' dir='ltr'><em>Ι</em></span> 
     </span>
    </p>
   </div>
  </div>
