  <div class='ocr_page' id='page_1' title='image "/cluster/home/n/w/nwhite01/storage/ocr_20150623/24:no.6/coo.31924054873058/105.png"; bbox 0 0 4118 6452; ppageno 0'>
   <div class='ocr_carea' id='block_1_1' title="bbox 435 397 532 454">
    <p class='ocr_par' dir='ltr' id='par_1_1' title="bbox 435 397 532 454">
     <span class='ocr_line' id='line_1_1' title="bbox 435 397 532 454; baseline 0.062 -5"><span class='ocrx_word' id='word_1_1' title='bbox 435 397 532 454; x_wconf 74' lang='grc'><strong>183</strong></span> 
     </span>
    </p>
   </div>
   <div class='ocr_carea' id='block_1_2' title="bbox 1078 391 2953 454">
    <p class='ocr_par' dir='ltr' id='par_1_2' title="bbox 1078 391 2953 454">
     <span class='ocr_line' id='line_1_2' title="bbox 1078 391 2953 454; baseline -0.002 -4"><span class='ocrx_word' id='word_1_2' title='bbox 1078 396 1344 454; x_wconf 77' lang='lat' dir='ltr'><strong>EUSEBII</strong></span> <span class='ocrx_word' id='word_1_3' title='bbox 1387 393 1868 451; x_wconf 69' lang='lat' dir='ltr'><strong>CA&#39;ISARIENSIS</strong></span> <span class='ocrx_word' id='word_1_4' title='bbox 1911 395 2060 453; x_wconf 69' lang='lat' dir='ltr'><strong>0P2.</strong></span> <span class='ocrx_word' id='word_1_5' title='bbox 2103 394 2283 449; x_wconf 77' lang='lat' dir='ltr'>PARS</span> <span class='ocrx_word' id='word_1_6' title='bbox 2321 393 2405 448; x_wconf 92' lang='lat' dir='ltr'><strong>III.</strong></span> <span class='ocrx_word' id='word_1_7' title='bbox 2446 425 2510 436; x_wconf 88' lang='lat'><strong>——</strong></span> <span class='ocrx_word' id='word_1_8' title='bbox 2551 391 2953 450; x_wconf 59' lang='lat' dir='ltr'><strong>EXEGETICA.</strong></span> 
     </span>
    </p>
   </div>
   <div class='ocr_carea' id='block_1_3' title="bbox 3581 391 3677 448">
    <p class='ocr_par' dir='ltr' id='par_1_3' title="bbox 3581 391 3677 448">
     <span class='ocr_line' id='line_1_3' title="bbox 3581 391 3677 448; baseline 0.042 -5"><span class='ocrx_word' id='word_1_9' title='bbox 3581 391 3677 448; x_wconf 68' lang='lat' dir='ltr'><strong>l8~i</strong></span> 
     </span>
    </p>
   </div>
   <div class='ocr_carea' id='block_1_4' title="bbox 428 508 1980 604">
    <p class='ocr_par' dir='ltr' id='par_1_4' title="bbox 428 511 1980 585">
     <span class='ocr_line' id='line_1_4' title="bbox 428 511 1980 585; baseline 0.001 -17"><span class='ocrx_word' id='word_1_10' title='bbox 428 511 728 584; x_wconf 73' lang='lat' dir='ltr'><strong>evangelici</strong></span> <span class='ocrx_word' id='word_1_11' title='bbox 792 522 951 580; x_wconf 86' lang='lat' dir='ltr'><strong>sunt,</strong></span> <span class='ocrx_word' id='word_1_12' title='bbox 1016 526 1081 568; x_wconf 81' lang='lat' dir='ltr'><strong>ex</strong></span> <span class='ocrx_word' id='word_1_13' title='bbox 1153 513 1353 585; x_wconf 91' lang='lat' dir='ltr'><strong>Spiritu</strong></span> <span class='ocrx_word' id='word_1_14' title='bbox 1414 521 1602 568; x_wconf 86' lang='lat' dir='ltr'><strong>sancto</strong></span> <span class='ocrx_word' id='word_1_15' title='bbox 1665 528 1761 568; x_wconf 88' lang='lat' dir='ltr'><strong>ceu</strong></span> <span class='ocrx_word' id='word_1_16' title='bbox 1817 513 1980 570; x_wconf 85' lang='lat' dir='ltr'><strong>imbre</strong></span> 
     </span>
    </p>
   </div>
   <div class='ocr_carea' id='block_1_5' title="bbox 2085 508 3669 604">
    <p class='ocr_par' dir='ltr' id='par_1_5' title="bbox 2085 508 3669 584">
     <span class='ocr_line' id='line_1_5' title="bbox 2085 508 3669 584; baseline -0.001 -18"><span class='ocrx_word' id='word_1_17' title='bbox 2085 562 2089 575; x_wconf 63' lang='grc'><strong>,</strong></span> <span class='ocrx_word' id='word_1_18' title='bbox 2121 511 2394 583; x_wconf 83' lang='grc' dir='ltr'>Σωτηρίου</span> <span class='ocrx_word' id='word_1_19' title='bbox 2427 514 2572 584; x_wconf 87' lang='grc' dir='ltr'>λόγοι</span> <span class='ocrx_word' id='word_1_20' title='bbox 2603 513 2740 566; x_wconf 73' lang='grc' dir='ltr'>εἰσὶν</span> <span class='ocrx_word' id='word_1_21' title='bbox 2767 509 3128 581; x_wconf 80' lang='grc' dir='ltr'>εὑαγγελικοὶ,</span> <span class='ocrx_word' id='word_1_22' title='bbox 3157 509 3217 575; x_wconf 68' lang='grc' dir='ltr'><strong>ἐξ</strong></span> <span class='ocrx_word' id='word_1_23' title='bbox 3254 510 3410 579; x_wconf 84' lang='grc' dir='ltr'>ἁγίου</span> <span class='ocrx_word' id='word_1_24' title='bbox 3439 508 3669 582; x_wconf 74' lang='grc' dir='ltr'>Πνεῦμα-</span> 
     </span>
    </p>
   </div>
   <div class='ocr_carea' id='block_1_6' title="bbox 425 620 629 661">
    <p class='ocr_par' dir='ltr' id='par_1_6' title="bbox 425 620 629 661">
     <span class='ocr_line' id='line_1_6' title="bbox 425 620 629 661; baseline 0.01 -3"><span class='ocrx_word' id='word_1_25' title='bbox 425 620 629 661; x_wconf 66' lang='grc'><strong>81111881.</strong></span> 
     </span>
    </p>
   </div>
   <div class='ocr_carea' id='block_1_7' title="bbox 502 694 2006 768">
    <p class='ocr_par' dir='ltr' id='par_1_7' title="bbox 502 694 2006 768">
     <span class='ocr_line' id='line_1_7' title="bbox 502 694 2006 768; baseline 0.002 -20"><span class='ocrx_word' id='word_1_26' title='bbox 502 695 668 752; x_wconf 74' lang='lat' dir='ltr'><strong>Vns.</strong></span> <span class='ocrx_word' id='word_1_27' title='bbox 697 697 753 759; x_wconf 66' lang='grc' dir='ltr'>ὁ,</span> <span class='ocrx_word' id='word_1_28' title='bbox 784 695 836 750; x_wconf 87' lang='grc'><strong>5.</strong></span> <span class='ocrx_word' id='word_1_29' title='bbox 895 713 914 747; x_wconf 79' lang='grc' dir='ltr'><strong>ι</strong></span> <span class='ocrx_word' id='word_1_30' title='bbox 943 694 1010 749; x_wconf 84' lang='lat' dir='ltr'><strong>Et</strong></span> <span class='ocrx_word' id='word_1_31' title='bbox 1035 694 1182 750; x_wconf 81' lang='lat' dir='ltr'><strong>dices</strong></span> <span class='ocrx_word' id='word_1_32' title='bbox 1221 695 1274 749; x_wconf 90' lang='lat' dir='ltr'><strong>in</strong></span> <span class='ocrx_word' id='word_1_33' title='bbox 1309 694 1395 749; x_wconf 92' lang='lat' dir='ltr'><strong>die</strong></span> <span class='ocrx_word' id='word_1_34' title='bbox 1439 695 1529 751; x_wconf 88' lang='lat' dir='ltr'><strong>illa</strong></span> <span class='ocrx_word' id='word_1_35' title='bbox 1550 735 1565 759; x_wconf 92' lang='lat'><strong>,</strong></span> <span class='ocrx_word' id='word_1_36' title='bbox 1595 694 1822 768; x_wconf 78' lang='lat' dir='ltr'><strong>Hymnis</strong></span> <span class='ocrx_word' id='word_1_37' title='bbox 1861 696 2006 752; x_wconf 82' lang='lat' dir='ltr'><strong>cele-</strong></span> 
     </span>
    </p>
   </div>
   <div class='ocr_carea' id='block_1_8' title="bbox 426 783 2003 855">
    <p class='ocr_par' dir='ltr' id='par_1_8' title="bbox 426 783 2003 855">
     <span class='ocr_line' id='line_1_8' title="bbox 426 783 2003 855; baseline 0.002 -16"><span class='ocrx_word' id='word_1_38' title='bbox 426 783 580 839; x_wconf 76' lang='lat' dir='ltr'><strong>brate</strong></span> <span class='ocrx_word' id='word_1_39' title='bbox 612 787 918 852; x_wconf 75' lang='lat' dir='ltr'><strong>Dominum,</strong></span> <span class='ocrx_word' id='word_1_40' title='bbox 957 785 1188 840; x_wconf 86' lang='lat' dir='ltr'><strong>clamate</strong></span> <span class='ocrx_word' id='word_1_41' title='bbox 1237 801 1435 842; x_wconf 85' lang='lat' dir='ltr'><strong>nomen</strong></span> <span class='ocrx_word' id='word_1_42' title='bbox 1465 787 1583 855; x_wconf 85' lang='lat' dir='ltr'><strong>ejus</strong></span> <span class='ocrx_word' id='word_1_43' title='bbox 1629 805 1642 842; x_wconf 90' lang='lat'>:</span> <span class='ocrx_word' id='word_1_44' title='bbox 1689 790 2003 842; x_wconf 83' lang='lat' dir='ltr'><strong>annuntiate</strong></span> 
     </span>
    </p>
   </div>
   <div class='ocr_carea' id='block_1_9' title="bbox 427 874 2004 946">
    <p class='ocr_par' dir='ltr' id='par_1_9' title="bbox 427 874 2004 946">
     <span class='ocr_line' id='line_1_9' title="bbox 427 874 2004 946; baseline 0.001 -17"><span class='ocrx_word' id='word_1_45' title='bbox 427 875 678 944; x_wconf 74' lang='lat' dir='ltr'><strong>gentibus</strong></span> <span class='ocrx_word' id='word_1_46' title='bbox 719 875 950 945; x_wconf 83' lang='lat' dir='ltr'><strong>gloriosa</strong></span> <span class='ocrx_word' id='word_1_47' title='bbox 1001 875 1136 946; x_wconf 84' lang='lat' dir='ltr'><strong>ejus.</strong></span> <span class='ocrx_word' id='word_1_48' title='bbox 1174 874 1501 931; x_wconf 78' lang='lat' dir='ltr'><strong>Mementote</strong></span> <span class='ocrx_word' id='word_1_49' title='bbox 1553 880 1807 946; x_wconf 86' lang='lat' dir='ltr'><strong>quoniam</strong></span> <span class='ocrx_word' id='word_1_50' title='bbox 1853 878 2004 932; x_wconf 77' lang='lat' dir='ltr'><strong>exal-</strong></span> 
     </span>
    </p>
   </div>
   <div class='ocr_carea' id='block_1_10' title="bbox 429 965 1998 1037">
    <p class='ocr_par' dir='ltr' id='par_1_10' title="bbox 429 965 1998 1037">
     <span class='ocr_line' id='line_1_10' title="bbox 429 965 1998 1037; baseline 0.004 -19"><span class='ocrx_word' id='word_1_51' title='bbox 429 975 596 1019; x_wconf 79' lang='lat' dir='ltr'><strong>latum</strong></span> <span class='ocrx_word' id='word_1_52' title='bbox 651 977 736 1022; x_wconf 88' lang='lat' dir='ltr'><strong>est</strong></span> <span class='ocrx_word' id='word_1_53' title='bbox 790 982 987 1022; x_wconf 85' lang='lat' dir='ltr'><strong>nomen</strong></span> <span class='ocrx_word' id='word_1_54' title='bbox 1041 966 1181 1037; x_wconf 90' lang='lat' dir='ltr'><strong>ejus.</strong></span> <span class='ocrx_word' id='word_1_55' title='bbox 1235 965 1462 1037; x_wconf 89' lang='lat' dir='ltr'><strong>llymnis</strong></span> <span class='ocrx_word' id='word_1_56' title='bbox 1495 968 1766 1024; x_wconf 74' lang='lat' dir='ltr'><strong>celebrate</strong></span> <span class='ocrx_word' id='word_1_57' title='bbox 1807 985 1998 1026; x_wconf 87' lang='lat' dir='ltr'><strong>nomen</strong></span> 
     </span>
    </p>
   </div>
   <div class='ocr_carea' id='block_1_11' title="bbox 425 1057 2002 1127">
    <p class='ocr_par' dir='ltr' id='par_1_11' title="bbox 425 1057 2002 1127">
     <span class='ocr_line' id='line_1_11' title="bbox 425 1057 2002 1127; baseline 0.005 -18"><span class='ocrx_word' id='word_1_58' title='bbox 425 1057 654 1124; x_wconf 82' lang='lat' dir='ltr'><strong>Domini,</strong></span> <span class='ocrx_word' id='word_1_59' title='bbox 687 1058 812 1127; x_wconf 85' lang='lat' dir='ltr'><strong>quia</strong></span> <span class='ocrx_word' id='word_1_60' title='bbox 847 1058 1065 1114; x_wconf 80' lang='lat' dir='ltr'><strong>excelsa</strong></span> <span class='ocrx_word' id='word_1_61' title='bbox 1097 1059 1227 1113; x_wconf 83' lang='lat' dir='ltr'><strong>fecit</strong></span> <span class='ocrx_word' id='word_1_62' title='bbox 1258 1078 1270 1114; x_wconf 90' lang='lat'>:</span> <span class='ocrx_word' id='word_1_63' title='bbox 1303 1060 1624 1116; x_wconf 88' lang='lat' dir='ltr'><strong>annuntiate</strong></span> <span class='ocrx_word' id='word_1_64' title='bbox 1655 1060 1770 1117; x_wconf 72' lang='lat' dir='ltr'><strong>haec</strong></span> <span class='ocrx_word' id='word_1_65' title='bbox 1800 1062 1850 1117; x_wconf 92' lang='lat' dir='ltr'><strong>in</strong></span> <span class='ocrx_word' id='word_1_66' title='bbox 1879 1064 2002 1117; x_wconf 84' lang='lat' dir='ltr'><strong>nni-</strong></span> 
     </span>
    </p>
   </div>
   <div class='ocr_carea' id='block_1_12' title="bbox 421 1149 1998 1223">
    <p class='ocr_par' dir='ltr' id='par_1_12' title="bbox 421 1149 1998 1223">
     <span class='ocr_line' id='line_1_12' title="bbox 421 1149 1998 1223; baseline 0.006 -23"><span class='ocrx_word' id='word_1_67' title='bbox 421 1162 574 1204; x_wconf 85' lang='lat' dir='ltr'><strong>versa</strong></span> <span class='ocrx_word' id='word_1_68' title='bbox 618 1159 786 1204; x_wconf 89' lang='lat' dir='ltr'><strong>terra.</strong></span> <span class='ocrx_word' id='word_1_69' title='bbox 817 1169 836 1202; x_wconf 71' lang='grc' dir='ltr'><strong>ι</strong></span> <span class='ocrx_word' id='word_1_70' title='bbox 869 1149 1024 1215; x_wconf 83' lang='lat' dir='ltr'><strong>Illud,</strong></span> <span class='ocrx_word' id='word_1_71' title='bbox 1063 1167 1083 1202; x_wconf 80' lang='grc' dir='ltr'><strong>ι</strong></span> <span class='ocrx_word' id='word_1_72' title='bbox 1117 1151 1288 1213; x_wconf 86' lang='lat' dir='ltr'><strong>dices,</strong></span> <span class='ocrx_word' id='word_1_73' title='bbox 1322 1168 1340 1202; x_wconf 74' lang='grc' dir='ltr'><strong>ι</strong></span> <span class='ocrx_word' id='word_1_74' title='bbox 1391 1152 1618 1206; x_wconf 92' lang='lat' dir='ltr'><strong>chorum</strong></span> <span class='ocrx_word' id='word_1_75' title='bbox 1641 1153 1998 1223; x_wconf 83' lang='lat' dir='ltr'><strong>evangelista-</strong></span> 
     </span>
    </p>
   </div>
   <div class='ocr_carea' id='block_1_13' title="bbox 421 1241 1994 1314">
    <p class='ocr_par' dir='ltr' id='par_1_13' title="bbox 421 1241 1994 1314">
     <span class='ocr_line' id='line_1_13' title="bbox 421 1241 1994 1314; baseline 0.001 -17"><span class='ocrx_word' id='word_1_76' title='bbox 421 1258 542 1297; x_wconf 86' lang='lat' dir='ltr'><strong>rum</strong></span> <span class='ocrx_word' id='word_1_77' title='bbox 569 1241 874 1298; x_wconf 84' lang='lat' dir='ltr'><strong>Salvatoris</strong></span> <span class='ocrx_word' id='word_1_78' title='bbox 907 1242 1076 1297; x_wconf 91' lang='lat' dir='ltr'><strong>nostri</strong></span> <span class='ocrx_word' id='word_1_79' title='bbox 1105 1243 1410 1312; x_wconf 87' lang='lat' dir='ltr'><strong>compellat.</strong></span> <span class='ocrx_word' id='word_1_80' title='bbox 1439 1241 1492 1296; x_wconf 91' lang='lat' dir='ltr'><strong>lu</strong></span> <span class='ocrx_word' id='word_1_81' title='bbox 1520 1242 1630 1308; x_wconf 87' lang='lat' dir='ltr'><strong>illa,</strong></span> <span class='ocrx_word' id='word_1_82' title='bbox 1666 1245 1858 1314; x_wconf 85' lang='lat' dir='ltr'><strong>inquit,</strong></span> <span class='ocrx_word' id='word_1_83' title='bbox 1887 1246 1994 1308; x_wconf 85' lang='lat' dir='ltr'><strong>die,</strong></span> 
     </span>
    </p>
   </div>
   <div class='ocr_carea' id='block_1_14' title="bbox 421 1332 1996 1406">
    <p class='ocr_par' dir='ltr' id='par_1_14' title="bbox 421 1332 1996 1406">
     <span class='ocr_line' id='line_1_14' title="bbox 421 1332 1996 1406; baseline 0.003 -20"><span class='ocrx_word' id='word_1_84' title='bbox 421 1332 633 1389; x_wconf 75' lang='lat' dir='ltr'><strong>scilicet</strong></span> <span class='ocrx_word' id='word_1_85' title='bbox 682 1343 928 1402; x_wconf 87' lang='lat' dir='ltr'><strong>tempore</strong></span> <span class='ocrx_word' id='word_1_86' title='bbox 959 1333 1012 1388; x_wconf 90' lang='lat' dir='ltr'><strong>in</strong></span> <span class='ocrx_word' id='word_1_87' title='bbox 1048 1333 1330 1403; x_wconf 86' lang='lat' dir='ltr'><strong>pr0phetia</strong></span> <span class='ocrx_word' id='word_1_88' title='bbox 1371 1336 1694 1406; x_wconf 80' lang='lat' dir='ltr'><strong>signiﬁcato,</strong></span> <span class='ocrx_word' id='word_1_89' title='bbox 1732 1347 1789 1390; x_wconf 93' lang='lat' dir='ltr'><strong>tu</strong></span> <span class='ocrx_word' id='word_1_90' title='bbox 1821 1351 1996 1406; x_wconf 73' lang='lat' dir='ltr'><strong>praeco</strong></span> 
     </span>
    </p>
   </div>
   <div class='ocr_carea' id='block_1_15' title="bbox 420 1421 1992 1495">
    <p class='ocr_par' dir='ltr' id='par_1_15' title="bbox 420 1421 1992 1495">
     <span class='ocr_line' id='line_1_15' title="bbox 420 1421 1992 1495; baseline 0.002 -17"><span class='ocrx_word' id='word_1_91' title='bbox 420 1421 682 1478; x_wconf 76' lang='lat' dir='ltr'><strong>salutaris</strong></span> <span class='ocrx_word' id='word_1_92' title='bbox 727 1422 1040 1493; x_wconf 74' lang='lat' dir='ltr'><strong>Evangelii,</strong></span> <span class='ocrx_word' id='word_1_93' title='bbox 1097 1421 1370 1494; x_wconf 63' lang='lat' dir='ltr'><strong>Egyptiis</strong></span> <span class='ocrx_word' id='word_1_94' title='bbox 1417 1427 1505 1494; x_wconf 91' lang='lat' dir='ltr'><strong>qui</strong></span> <span class='ocrx_word' id='word_1_95' title='bbox 1553 1427 1992 1495; x_wconf 61' lang='lat' dir='ltr'><strong>praedicationem</strong></span> 
     </span>
    </p>
   </div>
   <div class='ocr_carea' id='block_1_16' title="bbox 417 1512 1991 1586">
    <p class='ocr_par' dir='ltr' id='par_1_16' title="bbox 417 1512 1991 1586">
     <span class='ocr_line' id='line_1_16' title="bbox 417 1512 1991 1586; baseline 0.002 -16"><span class='ocrx_word' id='word_1_96' title='bbox 417 1514 778 1584; x_wconf 80' lang='lat' dir='ltr'><strong>susceperint,</strong></span> <span class='ocrx_word' id='word_1_97' title='bbox 826 1514 997 1579; x_wconf 86' lang='lat' dir='ltr'><strong>dices,</strong></span> <span class='ocrx_word' id='word_1_98' title='bbox 1043 1531 1062 1564; x_wconf 80' lang='grc' dir='ltr'><strong>ι</strong></span> <span class='ocrx_word' id='word_1_99' title='bbox 1095 1512 1319 1586; x_wconf 78' lang='lat' dir='ltr'><strong>Hymnis</strong></span> <span class='ocrx_word' id='word_1_100' title='bbox 1363 1517 1632 1572; x_wconf 85' lang='lat' dir='ltr'><strong>celebrate</strong></span> <span class='ocrx_word' id='word_1_101' title='bbox 1682 1518 1991 1584; x_wconf 84' lang='lat' dir='ltr'><strong>Dominum,</strong></span> 
     </span>
    </p>
   </div>
   <div class='ocr_carea' id='block_1_17' title="bbox 422 1605 1992 1679">
    <p class='ocr_par' dir='ltr' id='par_1_17' title="bbox 422 1605 1992 1679">
     <span class='ocr_line' id='line_1_17' title="bbox 422 1605 1992 1679; baseline 0.003 -19"><span class='ocrx_word' id='word_1_102' title='bbox 422 1607 659 1661; x_wconf 83' lang='lat' dir='ltr'><strong>clamate</strong></span> <span class='ocrx_word' id='word_1_103' title='bbox 713 1606 918 1660; x_wconf 89' lang='lat' dir='ltr'><strong>nomini</strong></span> <span class='ocrx_word' id='word_1_104' title='bbox 969 1605 1216 1672; x_wconf 90' lang='lat' dir='ltr'><strong>Domini,</strong></span> <span class='ocrx_word' id='word_1_105' title='bbox 1268 1609 1587 1662; x_wconf 88' lang='lat' dir='ltr'><strong>annuntiate</strong></span> <span class='ocrx_word' id='word_1_106' title='bbox 1635 1609 1688 1662; x_wconf 92' lang='lat' dir='ltr'><strong>in</strong></span> <span class='ocrx_word' id='word_1_107' title='bbox 1741 1611 1992 1679; x_wconf 74' lang='lat' dir='ltr'><strong>gentibus</strong></span> 
     </span>
    </p>
   </div>
   <div class='ocr_carea' id='block_1_18' title="bbox 417 1697 1992 1768">
    <p class='ocr_par' dir='ltr' id='par_1_18' title="bbox 417 1697 1992 1768">
     <span class='ocr_line' id='line_1_18' title="bbox 417 1697 1992 1768; baseline 0.004 -19"><span class='ocrx_word' id='word_1_108' title='bbox 417 1697 652 1761; x_wconf 70' lang='lat' dir='ltr'><strong>gloriosa</strong></span> <span class='ocrx_word' id='word_1_109' title='bbox 705 1697 821 1768; x_wconf 87' lang='lat' dir='ltr'><strong>ejus</strong></span> <span class='ocrx_word' id='word_1_110' title='bbox 857 1714 872 1751; x_wconf 90' lang='lat'><strong>:</strong></span> <span class='ocrx_word' id='word_1_111' title='bbox 909 1709 1240 1754; x_wconf 87' lang='lat' dir='ltr'><strong>mementote</strong></span> <span class='ocrx_word' id='word_1_112' title='bbox 1278 1699 1534 1768; x_wconf 88' lang='lat' dir='ltr'><strong>quoniam</strong></span> <span class='ocrx_word' id='word_1_113' title='bbox 1573 1700 1871 1754; x_wconf 80' lang='lat' dir='ltr'><strong>exaltatum</strong></span> <span class='ocrx_word' id='word_1_114' title='bbox 1909 1711 1992 1758; x_wconf 86' lang='lat' dir='ltr'><strong>est</strong></span> 
     </span>
    </p>
   </div>
   <div class='ocr_carea' id='block_1_19' title="bbox 419 1786 1985 1859">
    <p class='ocr_par' dir='ltr' id='par_1_19' title="bbox 419 1786 1985 1859">
     <span class='ocr_line' id='line_1_19' title="bbox 419 1786 1985 1859; baseline 0.002 -17"><span class='ocrx_word' id='word_1_115' title='bbox 419 1803 613 1843; x_wconf 88' lang='lat' dir='ltr'><strong>nomen</strong></span> <span class='ocrx_word' id='word_1_116' title='bbox 645 1787 780 1856; x_wconf 89' lang='lat' dir='ltr'><strong>ejus.</strong></span> <span class='ocrx_word' id='word_1_117' title='bbox 814 1807 833 1840; x_wconf 75' lang='grc' dir='ltr'><strong>ι</strong></span> <span class='ocrx_word' id='word_1_118' title='bbox 878 1786 1001 1842; x_wconf 66' lang='lat' dir='ltr'><strong>Ilaec</strong></span> <span class='ocrx_word' id='word_1_119' title='bbox 1029 1789 1224 1858; x_wconf 85' lang='lat' dir='ltr'><strong>quippe</strong></span> <span class='ocrx_word' id='word_1_120' title='bbox 1270 1796 1348 1853; x_wconf 86' lang='lat' dir='ltr'><strong>tu,</strong></span> <span class='ocrx_word' id='word_1_121' title='bbox 1379 1790 1582 1843; x_wconf 89' lang='lat' dir='ltr'><strong>chorus</strong></span> <span class='ocrx_word' id='word_1_122' title='bbox 1638 1789 1985 1859; x_wconf 80' lang='lat' dir='ltr'><strong>apostolicus,</strong></span> 
     </span>
    </p>
   </div>
   <div class='ocr_carea' id='block_1_20' title="bbox 2112 604 2678 676">
    <p class='ocr_par' dir='ltr' id='par_1_20' title="bbox 2112 604 2678 676">
     <span class='ocr_line' id='line_1_20' title="bbox 2112 604 2678 676; baseline 0 -19"><span class='ocrx_word' id='word_1_123' title='bbox 2112 619 2200 667; x_wconf 89' lang='grc' dir='ltr'><strong>τος</strong></span> <span class='ocrx_word' id='word_1_124' title='bbox 2229 604 2678 676; x_wconf 82' lang='grc' dir='ltr'>ἀνωμσρωμένοι.</span> 
     </span>
    </p>
   </div>
   <div class='ocr_carea' id='block_1_21' title="bbox 2185 693 3674 768">
    <p class='ocr_par' dir='ltr' id='par_1_21' title="bbox 2185 693 3674 768">
     <span class='ocr_line' id='line_1_21' title="bbox 2185 693 3674 768; baseline 0.001 -22"><span class='ocrx_word' id='word_1_125' title='bbox 2185 714 2204 746; x_wconf 74' lang='grc' dir='ltr'><strong>ι</strong></span> <span class='ocrx_word' id='word_1_126' title='bbox 2247 697 2356 749; x_wconf 82' lang='grc' dir='ltr'><strong>Καὶ</strong></span> <span class='ocrx_word' id='word_1_127' title='bbox 2379 699 2523 768; x_wconf 76' lang='grc' dir='ltr'>ἐρεῖς</span> <span class='ocrx_word' id='word_1_128' title='bbox 2555 697 2612 749; x_wconf 85' lang='grc' dir='ltr'>ὲν</span> <span class='ocrx_word' id='word_1_129' title='bbox 2635 697 2700 766; x_wconf 83' lang='grc' dir='ltr'>τῆ</span> <span class='ocrx_word' id='word_1_130' title='bbox 2731 694 2912 767; x_wconf 79' lang='grc' dir='ltr'>ἡμέρα</span> <span class='ocrx_word' id='word_1_131' title='bbox 2937 693 3146 766; x_wconf 71' lang='grc' dir='ltr'>ἐκείνῃ·</span> <span class='ocrx_word' id='word_1_132' title='bbox 3176 693 3424 764; x_wconf 77' lang='grc' dir='ltr'>’Υμνεῐτε</span> <span class='ocrx_word' id='word_1_133' title='bbox 3449 694 3674 766; x_wconf 81' lang='grc' dir='ltr'>Κύριον,</span> 
     </span>
    </p>
   </div>
   <div class='ocr_carea' id='block_1_22' title="bbox 2109 782 3675 856">
    <p class='ocr_par' dir='ltr' id='par_1_22' title="bbox 2109 782 3675 856">
     <span class='ocr_line' id='line_1_22' title="bbox 2109 782 3675 856; baseline 0.003 -19"><span class='ocrx_word' id='word_1_134' title='bbox 2109 782 2266 854; x_wconf 74' lang='grc' dir='ltr'>βοᾶτε</span> <span class='ocrx_word' id='word_1_135' title='bbox 2298 784 2360 838; x_wconf 78' lang='grc' dir='ltr'>τὸ</span> <span class='ocrx_word' id='word_1_136' title='bbox 2389 784 2556 856; x_wconf 74' lang='grc' dir='ltr'>ὄνομα</span> <span class='ocrx_word' id='word_1_137' title='bbox 2587 784 2772 846; x_wconf 80' lang='grc' dir='ltr'>αὑτοῦ.</span> <span class='ocrx_word' id='word_1_138' title='bbox 2826 784 3182 853; x_wconf 87' lang='grc' dir='ltr'>ἀναγγείλατε</span> <span class='ocrx_word' id='word_1_139' title='bbox 3229 787 3343 848; x_wconf 83' lang='grc' dir='ltr'>τοῖς</span> <span class='ocrx_word' id='word_1_140' title='bbox 3389 783 3562 838; x_wconf 77' lang='grc' dir='ltr'>ἔθνεσι</span> <span class='ocrx_word' id='word_1_141' title='bbox 3607 786 3675 842; x_wconf 80' lang='grc' dir='ltr'>τὰ</span> 
     </span>
    </p>
   </div>
   <div class='ocr_carea' id='block_1_23' title="bbox 2105 875 3674 949">
    <p class='ocr_par' dir='ltr' id='par_1_23' title="bbox 2105 875 3674 949">
     <span class='ocr_line' id='line_1_23' title="bbox 2105 875 3674 949; baseline 0.003 -21"><span class='ocrx_word' id='word_1_142' title='bbox 2105 875 2291 941; x_wconf 69' lang='grc' dir='ltr'>ἔνδοξα</span> <span class='ocrx_word' id='word_1_143' title='bbox 2339 877 2526 940; x_wconf 86' lang='grc' dir='ltr'>αὑτοῦ,</span> <span class='ocrx_word' id='word_1_144' title='bbox 2587 876 2976 949; x_wconf 75' lang='grc' dir='ltr'><strong>μιμνήσκεσθε,</strong></span> <span class='ocrx_word' id='word_1_145' title='bbox 3032 878 3113 930; x_wconf 82' lang='grc' dir='ltr'>ὅτι</span> <span class='ocrx_word' id='word_1_146' title='bbox 3158 875 3346 948; x_wconf 80' lang='grc' dir='ltr'>ὑψώθη</span> <span class='ocrx_word' id='word_1_147' title='bbox 3401 876 3463 929; x_wconf 79' lang='grc' dir='ltr'>τὸ</span> <span class='ocrx_word' id='word_1_148' title='bbox 3505 877 3674 949; x_wconf 73' lang='grc' dir='ltr'>ὄνομα</span> 
     </span>
    </p>
   </div>
   <div class='ocr_carea' id='block_1_24' title="bbox 2107 967 3672 1042">
    <p class='ocr_par' dir='ltr' id='par_1_24' title="bbox 2107 967 3672 1042">
     <span class='ocr_line' id='line_1_24' title="bbox 2107 967 3672 1042; baseline 0 -19"><span class='ocrx_word' id='word_1_149' title='bbox 2107 967 2293 1023; x_wconf 83' lang='grc' dir='ltr'>αὑτοῦ.</span> <span class='ocrx_word' id='word_1_150' title='bbox 2333 969 2638 1040; x_wconf 81' lang='grc' dir='ltr'>’Υμνήσατε</span> <span class='ocrx_word' id='word_1_151' title='bbox 2665 970 2725 1023; x_wconf 87' lang='grc' dir='ltr'>τὸ</span> <span class='ocrx_word' id='word_1_152' title='bbox 2745 969 2913 1040; x_wconf 72' lang='grc' dir='ltr'>ὄνομα</span> <span class='ocrx_word' id='word_1_153' title='bbox 2936 969 3261 1038; x_wconf 77' lang='grc' dir='ltr'>Κυρίου,ὅτι</span> <span class='ocrx_word' id='word_1_154' title='bbox 3282 969 3460 1040; x_wconf 76' lang='grc' dir='ltr'>ὑψηλά</span> <span class='ocrx_word' id='word_1_155' title='bbox 3489 972 3672 1042; x_wconf 81' lang='grc' dir='ltr'>ἐποίη-</span> 
     </span>
    </p>
   </div>
   <div class='ocr_carea' id='block_1_25' title="bbox 2106 1059 3671 1132">
    <p class='ocr_par' dir='ltr' id='par_1_25' title="bbox 2106 1059 3671 1132">
     <span class='ocr_line' id='line_1_25' title="bbox 2106 1059 3671 1132; baseline 0.003 -22"><span class='ocrx_word' id='word_1_156' title='bbox 2106 1073 2227 1110; x_wconf 84' lang='grc' dir='ltr'>σεν’</span> <span class='ocrx_word' id='word_1_157' title='bbox 2265 1059 2621 1127; x_wconf 84' lang='grc' dir='ltr'>ἀναγγείλατε</span> <span class='ocrx_word' id='word_1_158' title='bbox 2678 1059 2852 1114; x_wconf 85' lang='grc' dir='ltr'>ταῦτα</span> <span class='ocrx_word' id='word_1_159' title='bbox 2889 1062 2948 1114; x_wconf 83' lang='grc' dir='ltr'>ὲν</span> <span class='ocrx_word' id='word_1_160' title='bbox 2995 1060 3143 1132; x_wconf 80' lang='grc' dir='ltr'><strong>πάσῃ</strong></span> <span class='ocrx_word' id='word_1_161' title='bbox 3182 1063 3248 1132; x_wconf 81' lang='grc' dir='ltr'><strong>τῇ</strong></span> <span class='ocrx_word' id='word_1_162' title='bbox 3295 1064 3388 1132; x_wconf 82' lang='grc' dir='ltr'><strong>γῇ.</strong></span> <span class='ocrx_word' id='word_1_163' title='bbox 3426 1081 3444 1113; x_wconf 71' lang='grc' dir='ltr'><strong>ι</strong></span> <span class='ocrx_word' id='word_1_164' title='bbox 3477 1063 3549 1115; x_wconf 86' lang='grc' dir='ltr'><strong>Τὸ</strong></span> <span class='ocrx_word' id='word_1_165' title='bbox 3593 1063 3671 1124; x_wconf 79' lang='grc' dir='ltr'>δὲ,</span> 
     </span>
    </p>
   </div>
   <div class='ocr_carea' id='block_1_26' title="bbox 2108 1150 3671 1222">
    <p class='ocr_par' dir='ltr' id='par_1_26' title="bbox 2108 1150 3671 1222">
     <span class='ocr_line' id='line_1_26' title="bbox 2108 1150 3671 1222; baseline 0.004 -22"><span class='ocrx_word' id='word_1_166' title='bbox 2108 1165 2127 1199; x_wconf 78' lang='grc' dir='ltr'><strong>ι</strong></span> <span class='ocrx_word' id='word_1_167' title='bbox 2172 1151 2338 1220; x_wconf 77' lang='grc' dir='ltr'>ἐρεῖς,</span> <span class='ocrx_word' id='word_1_168' title='bbox 2378 1169 2396 1201; x_wconf 78' lang='grc' dir='ltr'><strong>ι</strong></span> <span class='ocrx_word' id='word_1_169' title='bbox 2450 1153 2761 1220; x_wconf 83' lang='grc' dir='ltr'>προσφωνεῖ</span> <span class='ocrx_word' id='word_1_170' title='bbox 2804 1150 2882 1222; x_wconf 87' lang='grc' dir='ltr'>τῷ</span> <span class='ocrx_word' id='word_1_171' title='bbox 2924 1150 3068 1222; x_wconf 86' lang='grc' dir='ltr'>χορῷ</span> <span class='ocrx_word' id='word_1_172' title='bbox 3122 1150 3229 1205; x_wconf 88' lang='grc' dir='ltr'><strong>τῶν</strong></span> <span class='ocrx_word' id='word_1_173' title='bbox 3273 1153 3671 1220; x_wconf 79' lang='grc' dir='ltr'>εὑαγγελιστῶν</span> 
     </span>
    </p>
   </div>
   <div class='ocr_carea' id='block_1_27' title="bbox 2101 1240 3670 1316">
    <p class='ocr_par' dir='ltr' id='par_1_27' title="bbox 2101 1240 3670 1316">
     <span class='ocr_line' id='line_1_27' title="bbox 2101 1240 3670 1316; baseline 0.003 -22"><span class='ocrx_word' id='word_1_174' title='bbox 2101 1240 2193 1294; x_wconf 90' lang='grc' dir='ltr'><strong>τοῦ</strong></span> <span class='ocrx_word' id='word_1_175' title='bbox 2226 1242 2478 1314; x_wconf 80' lang='grc' dir='ltr'><strong>Σωτῆρος</strong></span> <span class='ocrx_word' id='word_1_176' title='bbox 2510 1242 2688 1312; x_wconf 79' lang='grc' dir='ltr'>ημῶν.</span> <span class='ocrx_word' id='word_1_177' title='bbox 2732 1242 2822 1296; x_wconf 83' lang='grc' dir='ltr'>Ἐν</span> <span class='ocrx_word' id='word_1_178' title='bbox 2853 1245 3056 1316; x_wconf 69' lang='grc' dir='ltr'>ἐκείνῃ,</span> <span class='ocrx_word' id='word_1_179' title='bbox 3083 1246 3234 1314; x_wconf 77' lang='grc' dir='ltr'>φησὶ,</span> <span class='ocrx_word' id='word_1_180' title='bbox 3263 1247 3326 1315; x_wconf 81' lang='grc' dir='ltr'>τῇ</span> <span class='ocrx_word' id='word_1_181' title='bbox 3361 1245 3561 1316; x_wconf 78' lang='grc' dir='ltr'>ἡμέρα,</span> <span class='ocrx_word' id='word_1_182' title='bbox 3584 1245 3670 1316; x_wconf 85' lang='grc' dir='ltr'>δη-</span> 
     </span>
    </p>
   </div>
   <div class='ocr_carea' id='block_1_28' title="bbox 2099 1332 3669 1409">
    <p class='ocr_par' dir='ltr' id='par_1_28' title="bbox 2099 1332 3669 1409">
     <span class='ocr_line' id='line_1_28' title="bbox 2099 1332 3669 1409; baseline 0.003 -23"><span class='ocrx_word' id='word_1_183' title='bbox 2099 1332 2230 1406; x_wconf 82' lang='grc' dir='ltr'>λαδὴ</span> <span class='ocrx_word' id='word_1_184' title='bbox 2269 1336 2325 1388; x_wconf 80' lang='grc' dir='ltr'>ὲν</span> <span class='ocrx_word' id='word_1_185' title='bbox 2353 1335 2430 1407; x_wconf 82' lang='grc' dir='ltr'><strong>τῷ</strong></span> <span class='ocrx_word' id='word_1_186' title='bbox 2463 1337 2940 1408; x_wconf 83' lang='grc' dir='ltr'>προφητευομένῳ,</span> <span class='ocrx_word' id='word_1_187' title='bbox 2977 1338 3121 1408; x_wconf 73' lang='grc' dir='ltr'>ἐρεῖς</span> <span class='ocrx_word' id='word_1_188' title='bbox 3159 1339 3245 1399; x_wconf 80' lang='grc' dir='ltr'>σὺ,</span> <span class='ocrx_word' id='word_1_189' title='bbox 3278 1341 3306 1390; x_wconf 90' lang='lat'><strong>6</strong></span> <span class='ocrx_word' id='word_1_190' title='bbox 3350 1337 3525 1409; x_wconf 82' lang='grc' dir='ltr'>κήρυξ</span> <span class='ocrx_word' id='word_1_191' title='bbox 3575 1337 3669 1391; x_wconf 85' lang='grc' dir='ltr'><strong>τοῦ</strong></span> 
     </span>
    </p>
   </div>
   <div class='ocr_carea' id='block_1_29' title="bbox 2099 1425 3666 1499">
    <p class='ocr_par' dir='ltr' id='par_1_29' title="bbox 2099 1425 3666 1499">
     <span class='ocr_line' id='line_1_29' title="bbox 2099 1425 3666 1499; baseline 0.001 -21"><span class='ocrx_word' id='word_1_192' title='bbox 2099 1425 2367 1496; x_wconf 79' lang='grc' dir='ltr'><strong>σωτηρίου</strong></span> <span class='ocrx_word' id='word_1_193' title='bbox 2417 1426 2770 1494; x_wconf 77' lang='grc' dir='ltr'>Εὖαγγελίου,</span> <span class='ocrx_word' id='word_1_194' title='bbox 2799 1429 2910 1490; x_wconf 80' lang='grc' dir='ltr'>τοῖς</span> <span class='ocrx_word' id='word_1_195' title='bbox 2943 1425 3003 1478; x_wconf 78' lang='grc' dir='ltr'>τὸ</span> <span class='ocrx_word' id='word_1_196' title='bbox 3051 1427 3311 1497; x_wconf 81' lang='grc' dir='ltr'>κήρυγμα</span> <span class='ocrx_word' id='word_1_197' title='bbox 3363 1427 3666 1499; x_wconf 78' lang='grc' dir='ltr'>παραδεξα-</span> 
     </span>
    </p>
   </div>
   <div class='ocr_carea' id='block_1_30' title="bbox 2101 1515 3667 1588">
    <p class='ocr_par' dir='ltr' id='par_1_30' title="bbox 2101 1515 3667 1588">
     <span class='ocr_line' id='line_1_30' title="bbox 2101 1515 3667 1588; baseline 0.002 -20"><span class='ocrx_word' id='word_1_198' title='bbox 2101 1515 2285 1584; x_wconf 75' lang='grc' dir='ltr'>μένοις</span> <span class='ocrx_word' id='word_1_199' title='bbox 2305 1516 2640 1584; x_wconf 82' lang='grc' dir='ltr'>Αἰγυπτίοις.</span> <span class='ocrx_word' id='word_1_200' title='bbox 2673 1535 2691 1567; x_wconf 79' lang='grc' dir='ltr'><strong>ι</strong></span> <span class='ocrx_word' id='word_1_201' title='bbox 2726 1517 2973 1587; x_wconf 82' lang='grc' dir='ltr'>’Υμνείτε</span> <span class='ocrx_word' id='word_1_202' title='bbox 3002 1516 3224 1588; x_wconf 81' lang='grc' dir='ltr'><strong>Κύριον,</strong></span> <span class='ocrx_word' id='word_1_203' title='bbox 3261 1517 3418 1587; x_wconf 78' lang='grc' dir='ltr'>βοᾶτε</span> <span class='ocrx_word' id='word_1_204' title='bbox 3448 1517 3526 1587; x_wconf 82' lang='grc' dir='ltr'>τῷ</span> <span class='ocrx_word' id='word_1_205' title='bbox 3554 1517 3667 1571; x_wconf 82' lang='grc' dir='ltr'>όνόο</span> 
     </span>
    </p>
   </div>
   <div class='ocr_carea' id='block_1_31' title="bbox 2097 1601 3667 1674">
    <p class='ocr_par' dir='ltr' id='par_1_31' title="bbox 2097 1601 3667 1674">
     <span class='ocr_line' id='line_1_31' title="bbox 2097 1601 3667 1674; baseline 0.004 -20"><span class='ocrx_word' id='word_1_206' title='bbox 2097 1617 2227 1672; x_wconf 90' lang='grc' dir='ltr'>ματι</span> <span class='ocrx_word' id='word_1_207' title='bbox 2253 1601 2457 1674; x_wconf 85' lang='grc' dir='ltr'>Κυρίου</span> <span class='ocrx_word' id='word_1_208' title='bbox 2479 1618 2491 1631; x_wconf 88' lang='grc'><strong>·</strong></span> <span class='ocrx_word' id='word_1_209' title='bbox 2551 1603 2908 1670; x_wconf 87' lang='grc' dir='ltr'>ἀναγγείλατε</span> <span class='ocrx_word' id='word_1_210' title='bbox 2937 1604 2996 1656; x_wconf 76' lang='grc' dir='ltr'>ὲν</span> <span class='ocrx_word' id='word_1_211' title='bbox 3037 1607 3151 1668; x_wconf 81' lang='grc' dir='ltr'>τοῖς</span> <span class='ocrx_word' id='word_1_212' title='bbox 3176 1605 3350 1658; x_wconf 72' lang='grc' dir='ltr'>ἔθνεσι</span> <span class='ocrx_word' id='word_1_213' title='bbox 3377 1606 3446 1660; x_wconf 86' lang='grc' dir='ltr'><strong>τά</strong></span> <span class='ocrx_word' id='word_1_214' title='bbox 3483 1607 3667 1672; x_wconf 73' lang='grc' dir='ltr'>ἔνδοξα</span> 
     </span>
    </p>
   </div>
   <div class='ocr_carea' id='block_1_32' title="bbox 2092 1694 3660 1769">
    <p class='ocr_par' dir='ltr' id='par_1_32' title="bbox 2092 1694 3660 1769">
     <span class='ocr_line' id='line_1_32' title="bbox 2092 1694 3660 1769; baseline 0.003 -21"><span class='ocrx_word' id='word_1_215' title='bbox 2092 1694 2286 1748; x_wconf 89' lang='grc' dir='ltr'>αὑτοῦ·</span> <span class='ocrx_word' id='word_1_216' title='bbox 2322 1696 2717 1766; x_wconf 75' lang='grc' dir='ltr'>μιμνήσκεσθε.</span> <span class='ocrx_word' id='word_1_217' title='bbox 2750 1698 2832 1749; x_wconf 80' lang='grc' dir='ltr'>ὅτι</span> <span class='ocrx_word' id='word_1_218' title='bbox 2865 1697 3052 1769; x_wconf 77' lang='grc' dir='ltr'>ὑψώθη</span> <span class='ocrx_word' id='word_1_219' title='bbox 3099 1697 3160 1751; x_wconf 76' lang='grc' dir='ltr'><strong>τὸ</strong></span> <span class='ocrx_word' id='word_1_220' title='bbox 3208 1697 3377 1768; x_wconf 77' lang='grc' dir='ltr'>ὄνομα</span> <span class='ocrx_word' id='word_1_221' title='bbox 3416 1698 3598 1754; x_wconf 86' lang='grc' dir='ltr'>αὑτοῦ.</span> <span class='ocrx_word' id='word_1_222' title='bbox 3641 1719 3660 1752; x_wconf 73' lang='grc' dir='ltr'><strong>ι</strong></span> 
     </span>
    </p>
   </div>
   <div class='ocr_carea' id='block_1_33' title="bbox 2093 1785 3666 1857">
    <p class='ocr_par' dir='ltr' id='par_1_33' title="bbox 2093 1785 3666 1857">
     <span class='ocr_line' id='line_1_33' title="bbox 2093 1785 3666 1857; baseline 0.003 -19"><span class='ocrx_word' id='word_1_223' title='bbox 2093 1785 2278 1839; x_wconf 80' lang='grc' dir='ltr'>Ταῦτα</span> <span class='ocrx_word' id='word_1_224' title='bbox 2305 1785 2414 1856; x_wconf 83' lang='grc' dir='ltr'>γὰρ</span> <span class='ocrx_word' id='word_1_225' title='bbox 2439 1786 2527 1851; x_wconf 76' lang='grc' dir='ltr'>σὺ,</span> <span class='ocrx_word' id='word_1_226' title='bbox 2545 1787 2573 1838; x_wconf 99' lang='lat'><strong>6</strong></span> <span class='ocrx_word' id='word_1_227' title='bbox 2605 1787 2766 1857; x_wconf 88' lang='grc' dir='ltr'>χορὸς</span> <span class='ocrx_word' id='word_1_228' title='bbox 2789 1787 2818 1839; x_wconf 91' lang='lat'><strong>6</strong></span> <span class='ocrx_word' id='word_1_229' title='bbox 2853 1786 3224 1850; x_wconf 85' lang='grc' dir='ltr'>ἀποστολικδς,</span> <span class='ocrx_word' id='word_1_230' title='bbox 3253 1787 3517 1841; x_wconf 84' lang='grc' dir='ltr'><strong>διδάσκων</strong></span> <span class='ocrx_word' id='word_1_231' title='bbox 3539 1790 3666 1853; x_wconf 78' lang='grc' dir='ltr'>τοὺς</span> 
     </span>
    </p>
   </div>
   <div class='ocr_carea' id='block_1_34' title="bbox 419 1861 1980 1950">
    <p class='ocr_par' dir='ltr' id='par_1_34' title="bbox 419 1877 1980 1950">
     <span class='ocr_line' id='line_1_34' title="bbox 419 1877 1980 1950; baseline 0.002 -18"><span class='ocrx_word' id='word_1_232' title='bbox 419 1893 542 1932; x_wconf 91' lang='lat' dir='ltr'><strong>cum</strong></span> <span class='ocrx_word' id='word_1_233' title='bbox 598 1877 892 1948; x_wconf 80' lang='lat' dir='ltr'><strong>discipulos</strong></span> <span class='ocrx_word' id='word_1_234' title='bbox 936 1878 1156 1933; x_wconf 78' lang='lat' dir='ltr'><strong>docebis</strong></span> <span class='ocrx_word' id='word_1_235' title='bbox 1198 1888 1342 1942; x_wconf 86' lang='lat' dir='ltr'><strong>tuos,</strong></span> <span class='ocrx_word' id='word_1_236' title='bbox 1377 1880 1639 1947; x_wconf 81' lang='lat' dir='ltr'><strong>proferes,</strong></span> <span class='ocrx_word' id='word_1_237' title='bbox 1677 1880 1980 1950; x_wconf 69' lang='lat' dir='ltr'><strong>praecipiens</strong></span> 
     </span>
    </p>
   </div>
   <div class='ocr_carea' id='block_1_35' title="bbox 2085 1861 3664 1950">
    <p class='ocr_par' dir='ltr' id='par_1_35' title="bbox 2096 1877 3664 1950">
     <span class='ocr_line' id='line_1_35' title="bbox 2096 1877 3664 1950; baseline 0.003 -20"><span class='ocrx_word' id='word_1_238' title='bbox 2096 1877 2201 1930; x_wconf 80' lang='grc' dir='ltr'>ὑπὸ</span> <span class='ocrx_word' id='word_1_239' title='bbox 2232 1878 2292 1930; x_wconf 82' lang='grc' dir='ltr'>σὲ</span> <span class='ocrx_word' id='word_1_240' title='bbox 2329 1878 2820 1949; x_wconf 82' lang='grc' dir='ltr'>μαθητευομένους,</span> <span class='ocrx_word' id='word_1_241' title='bbox 2852 1879 3016 1950; x_wconf 75' lang='grc' dir='ltr'>ἐρεῖς,</span> <span class='ocrx_word' id='word_1_242' title='bbox 3064 1879 3455 1950; x_wconf 79' lang='grc' dir='ltr'><strong>παραγγέλλων</strong></span> <span class='ocrx_word' id='word_1_243' title='bbox 3484 1880 3664 1946; x_wconf 85' lang='grc' dir='ltr'>αὑτοῖς</span> 
     </span>
    </p>
   </div>
   <div class='ocr_carea' id='block_1_36' title="bbox 418 1967 1990 2039">
    <p class='ocr_par' dir='ltr' id='par_1_36' title="bbox 418 1967 1990 2039">
     <span class='ocr_line' id='line_1_36' title="bbox 418 1967 1990 2039; baseline 0.001 -17"><span class='ocrx_word' id='word_1_244' title='bbox 418 1967 546 2032; x_wconf 87' lang='lat' dir='ltr'><strong>Illis,</strong></span> <span class='ocrx_word' id='word_1_245' title='bbox 582 1977 736 2022; x_wconf 91' lang='lat' dir='ltr'><strong>utne</strong></span> <span class='ocrx_word' id='word_1_246' title='bbox 767 1967 1002 2032; x_wconf 85' lang='lat' dir='ltr'><strong>sileant;</strong></span> <span class='ocrx_word' id='word_1_247' title='bbox 1049 1968 1142 2022; x_wconf 84' lang='lat' dir='ltr'><strong>sed</strong></span> <span class='ocrx_word' id='word_1_248' title='bbox 1195 1967 1446 2023; x_wconf 86' lang='lat' dir='ltr'><strong>salutaris</strong></span> <span class='ocrx_word' id='word_1_249' title='bbox 1483 1967 1726 2024; x_wconf 86' lang='lat' dir='ltr'><strong>beuelicii</strong></span> <span class='ocrx_word' id='word_1_250' title='bbox 1761 1969 1990 2039; x_wconf 83' lang='lat' dir='ltr'><strong>gratiam</strong></span> 
     </span>
    </p>
   </div>
   <div class='ocr_carea' id='block_1_37' title="bbox 415 2059 1841 2128">
    <p class='ocr_par' dir='ltr' id='par_1_37' title="bbox 415 2059 1841 2128">
     <span class='ocr_line' id='line_1_37' title="bbox 415 2059 1841 2128; baseline 0 -12"><span class='ocrx_word' id='word_1_251' title='bbox 415 2060 668 2116; x_wconf 83' lang='lat' dir='ltr'><strong>omnibus</strong></span> <span class='ocrx_word' id='word_1_252' title='bbox 696 2060 1041 2124; x_wconf 80' lang='lat' dir='ltr'><strong>annuntient,</strong></span> <span class='ocrx_word' id='word_1_253' title='bbox 1073 2059 1413 2128; x_wconf 85' lang='lat' dir='ltr'><strong>clamentque</strong></span> <span class='ocrx_word' id='word_1_254' title='bbox 1438 2069 1495 2113; x_wconf 89' lang='lat' dir='ltr'><strong>ut</strong></span> <span class='ocrx_word' id='word_1_255' title='bbox 1536 2061 1841 2117; x_wconf 81' lang='lat' dir='ltr'><strong>audiantur.</strong></span> 
     </span>
    </p>
   </div>
   <div class='ocr_carea' id='block_1_38' title="bbox 488 2151 1988 2222">
    <p class='ocr_par' dir='ltr' id='par_1_38' title="bbox 488 2151 1988 2222">
     <span class='ocr_line' id='line_1_38' title="bbox 488 2151 1988 2222; baseline 0.003 -16"><span class='ocrx_word' id='word_1_256' title='bbox 488 2151 650 2210; x_wconf 71' lang='lat' dir='ltr'><strong>Vnus.</strong></span> <span class='ocrx_word' id='word_1_257' title='bbox 687 2151 739 2208; x_wconf 87' lang='lat'><em>6.</em></span> <span class='ocrx_word' id='word_1_258' title='bbox 784 2171 802 2204; x_wconf 82' lang='grc' dir='ltr'><strong>ι</strong></span> <span class='ocrx_word' id='word_1_259' title='bbox 833 2152 1110 2208; x_wconf 79' lang='lat' dir='ltr'><strong>Exsultate</strong></span> <span class='ocrx_word' id='word_1_260' title='bbox 1153 2161 1208 2206; x_wconf 91' lang='lat' dir='ltr'><strong>et</strong></span> <span class='ocrx_word' id='word_1_261' title='bbox 1252 2151 1547 2217; x_wconf 76' lang='lat' dir='ltr'><strong>Iaetamini,</strong></span> <span class='ocrx_word' id='word_1_262' title='bbox 1593 2154 1686 2222; x_wconf 87' lang='lat' dir='ltr'><strong>qui</strong></span> <span class='ocrx_word' id='word_1_263' title='bbox 1732 2153 1988 2210; x_wconf 76' lang='lat' dir='ltr'><strong>habitatis</strong></span> 
     </span>
    </p>
   </div>
   <div class='ocr_carea' id='block_1_39' title="bbox 414 2241 1988 2311">
    <p class='ocr_par' dir='ltr' id='par_1_39' title="bbox 414 2241 1988 2311">
     <span class='ocr_line' id='line_1_39' title="bbox 414 2241 1988 2311; baseline 0.002 -13"><span class='ocrx_word' id='word_1_264' title='bbox 414 2241 569 2309; x_wconf 82' lang='lat' dir='ltr'><strong>Sion,</strong></span> <span class='ocrx_word' id='word_1_265' title='bbox 615 2244 739 2311; x_wconf 89' lang='lat' dir='ltr'><strong>quia</strong></span> <span class='ocrx_word' id='word_1_266' title='bbox 791 2245 1058 2298; x_wconf 81' lang='lat' dir='ltr'><strong>exaltatus</strong></span> <span class='ocrx_word' id='word_1_267' title='bbox 1107 2251 1192 2299; x_wconf 89' lang='lat' dir='ltr'><strong>est</strong></span> <span class='ocrx_word' id='word_1_268' title='bbox 1231 2253 1450 2298; x_wconf 90' lang='lat' dir='ltr'><strong>sanctus</strong></span> <span class='ocrx_word' id='word_1_269' title='bbox 1498 2242 1660 2305; x_wconf 82' lang='lat' dir='ltr'><strong>Israel</strong></span> <span class='ocrx_word' id='word_1_270' title='bbox 1712 2244 1766 2299; x_wconf 93' lang='lat' dir='ltr'><strong>in</strong></span> <span class='ocrx_word' id='word_1_271' title='bbox 1812 2247 1988 2303; x_wconf 90' lang='lat' dir='ltr'><strong>medio</strong></span> 
     </span>
    </p>
   </div>
   <div class='ocr_carea' id='block_1_40' title="bbox 409 2332 1986 2404">
    <p class='ocr_par' dir='ltr' id='par_1_40' title="bbox 409 2332 1986 2404">
     <span class='ocr_line' id='line_1_40' title="bbox 409 2332 1986 2404; baseline 0.003 -16"><span class='ocrx_word' id='word_1_272' title='bbox 409 2333 544 2404; x_wconf 87' lang='lat' dir='ltr'><strong>ejus.</strong></span> <span class='ocrx_word' id='word_1_273' title='bbox 567 2351 587 2384; x_wconf 73' lang='grc' dir='ltr'><strong>ι</strong></span> <span class='ocrx_word' id='word_1_274' title='bbox 618 2332 737 2388; x_wconf 86' lang='lat' dir='ltr'><strong>Jam</strong></span> <span class='ocrx_word' id='word_1_275' title='bbox 765 2333 1006 2402; x_wconf 86' lang='lat' dir='ltr'><strong>pluribus</strong></span> <span class='ocrx_word' id='word_1_276' title='bbox 1033 2335 1290 2389; x_wconf 88' lang='lat' dir='ltr'><strong>traditum</strong></span> <span class='ocrx_word' id='word_1_277' title='bbox 1316 2345 1400 2390; x_wconf 86' lang='lat' dir='ltr'><strong>est</strong></span> <span class='ocrx_word' id='word_1_278' title='bbox 1426 2334 1646 2390; x_wconf 90' lang='lat' dir='ltr'><strong>Sionem</strong></span> <span class='ocrx_word' id='word_1_279' title='bbox 1675 2351 1796 2393; x_wconf 85' lang='lat' dir='ltr'><strong>esse</strong></span> <span class='ocrx_word' id='word_1_280' title='bbox 1819 2353 1986 2393; x_wconf 87' lang='lat' dir='ltr'><strong>evan-</strong></span> 
     </span>
    </p>
   </div>
   <div class='ocr_carea' id='block_1_41' title="bbox 409 2423 1982 2495">
    <p class='ocr_par' dir='ltr' id='par_1_41' title="bbox 409 2423 1982 2495">
     <span class='ocr_line' id='line_1_41' title="bbox 409 2423 1982 2495; baseline 0.002 -18"><span class='ocrx_word' id='word_1_281' title='bbox 409 2424 637 2493; x_wconf 78' lang='lat' dir='ltr'><strong>gelicum</strong></span> <span class='ocrx_word' id='word_1_282' title='bbox 666 2425 912 2490; x_wconf 82' lang='lat' dir='ltr'><strong>verbum,</strong></span> <span class='ocrx_word' id='word_1_283' title='bbox 948 2425 1000 2478; x_wconf 93' lang='lat' dir='ltr'><strong>in</strong></span> <span class='ocrx_word' id='word_1_284' title='bbox 1033 2439 1145 2495; x_wconf 92' lang='lat' dir='ltr'><strong>quo</strong></span> <span class='ocrx_word' id='word_1_285' title='bbox 1178 2423 1428 2480; x_wconf 83' lang='lat' dir='ltr'><strong>Ecclesia</strong></span> <span class='ocrx_word' id='word_1_286' title='bbox 1457 2425 1550 2480; x_wconf 90' lang='lat' dir='ltr'><strong>Dei</strong></span> <span class='ocrx_word' id='word_1_287' title='bbox 1579 2427 1844 2482; x_wconf 66' lang='lat' dir='ltr'><strong>aediﬁcata</strong></span> <span class='ocrx_word' id='word_1_288' title='bbox 1879 2436 1982 2483; x_wconf 91' lang='lat' dir='ltr'><strong>est.</strong></span> 
     </span>
    </p>
   </div>
   <div class='ocr_carea' id='block_1_42' title="bbox 408 2515 1983 2586">
    <p class='ocr_par' dir='ltr' id='par_1_42' title="bbox 408 2515 1983 2586">
     <span class='ocr_line' id='line_1_42' title="bbox 408 2515 1983 2586; baseline 0.006 -19"><span class='ocrx_word' id='word_1_289' title='bbox 408 2515 672 2584; x_wconf 82' lang='lat' dir='ltr'><strong>Quoniam</strong></span> <span class='ocrx_word' id='word_1_290' title='bbox 716 2515 880 2586; x_wconf 86' lang='lat' dir='ltr'><strong>igitur</strong></span> <span class='ocrx_word' id='word_1_291' title='bbox 931 2526 1152 2570; x_wconf 88' lang='lat' dir='ltr'><strong>sanctus</strong></span> <span class='ocrx_word' id='word_1_292' title='bbox 1190 2515 1354 2572; x_wconf 82' lang='lat' dir='ltr'><strong>Israel</strong></span> <span class='ocrx_word' id='word_1_293' title='bbox 1401 2518 1454 2572; x_wconf 90' lang='lat' dir='ltr'><strong>in</strong></span> <span class='ocrx_word' id='word_1_294' title='bbox 1500 2519 1677 2575; x_wconf 88' lang='lat' dir='ltr'><strong>medio</strong></span> <span class='ocrx_word' id='word_1_295' title='bbox 1725 2519 1983 2576; x_wconf 74' lang='lat' dir='ltr'><strong>Ecclesia:</strong></span> 
     </span>
    </p>
   </div>
   <div class='ocr_carea' id='block_1_43' title="bbox 406 2607 1983 2679">
    <p class='ocr_par' dir='ltr' id='par_1_43' title="bbox 406 2607 1983 2679">
     <span class='ocr_line' id='line_1_43' title="bbox 406 2607 1983 2679; baseline 0.005 -19"><span class='ocrx_word' id='word_1_296' title='bbox 406 2607 680 2664; x_wconf 77' lang='lat' dir='ltr'><strong>exaltatus</strong></span> <span class='ocrx_word' id='word_1_297' title='bbox 718 2618 829 2674; x_wconf 85' lang='lat' dir='ltr'><strong>est;</strong></span> <span class='ocrx_word' id='word_1_298' title='bbox 875 2610 1022 2679; x_wconf 89' lang='lat' dir='ltr'><strong>jure,</strong></span> <span class='ocrx_word' id='word_1_299' title='bbox 1073 2609 1268 2678; x_wconf 85' lang='lat' dir='ltr'><strong>inquit.</strong></span> <span class='ocrx_word' id='word_1_300' title='bbox 1315 2611 1589 2667; x_wconf 77' lang='lat' dir='ltr'><strong>exsultate</strong></span> <span class='ocrx_word' id='word_1_301' title='bbox 1635 2623 1691 2666; x_wconf 92' lang='lat' dir='ltr'><strong>et</strong></span> <span class='ocrx_word' id='word_1_302' title='bbox 1723 2613 1983 2668; x_wconf 72' lang='lat' dir='ltr'><strong>ltetttmini</strong></span> 
     </span>
    </p>
   </div>
   <div class='ocr_carea' id='block_1_44' title="bbox 407 2700 1983 2771">
    <p class='ocr_par' dir='ltr' id='par_1_44' title="bbox 407 2700 1983 2771">
     <span class='ocr_line' id='line_1_44' title="bbox 407 2700 1983 2771; baseline 0.005 -19"><span class='ocrx_word' id='word_1_303' title='bbox 407 2701 497 2768; x_wconf 89' lang='lat' dir='ltr'><strong>qui</strong></span> <span class='ocrx_word' id='word_1_304' title='bbox 532 2700 584 2754; x_wconf 94' lang='lat' dir='ltr'><strong>in</strong></span> <span class='ocrx_word' id='word_1_305' title='bbox 614 2700 701 2754; x_wconf 88' lang='lat' dir='ltr'><strong>illa</strong></span> <span class='ocrx_word' id='word_1_306' title='bbox 751 2702 907 2766; x_wconf 85' lang='lat' dir='ltr'><strong>estis,</strong></span> <span class='ocrx_word' id='word_1_307' title='bbox 937 2711 1124 2770; x_wconf 86' lang='lat' dir='ltr'><strong>utpote</strong></span> <span class='ocrx_word' id='word_1_308' title='bbox 1169 2701 1258 2771; x_wconf 87' lang='lat' dir='ltr'><strong>qui</strong></span> <span class='ocrx_word' id='word_1_309' title='bbox 1317 2711 1566 2758; x_wconf 87' lang='lat' dir='ltr'><strong>sanctum</strong></span> <span class='ocrx_word' id='word_1_310' title='bbox 1593 2703 1754 2759; x_wconf 89' lang='lat' dir='ltr'><strong>Israel</strong></span> <span class='ocrx_word' id='word_1_311' title='bbox 1785 2704 1836 2760; x_wconf 89' lang='lat' dir='ltr'><strong>in</strong></span> <span class='ocrx_word' id='word_1_312' title='bbox 1871 2720 1983 2761; x_wconf 91' lang='lat' dir='ltr'><strong>me-</strong></span> 
     </span>
    </p>
   </div>
   <div class='ocr_carea' id='block_1_45' title="bbox 407 2793 1984 2864">
    <p class='ocr_par' dir='ltr' id='par_1_45' title="bbox 407 2793 1984 2864">
     <span class='ocr_line' id='line_1_45' title="bbox 407 2793 1984 2864; baseline 0.005 -20"><span class='ocrx_word' id='word_1_313' title='bbox 407 2794 498 2846; x_wconf 87' lang='lat' dir='ltr'><strong>dio</strong></span> <span class='ocrx_word' id='word_1_314' title='bbox 528 2802 768 2847; x_wconf 87' lang='lat' dir='ltr'><strong>vestrum</strong></span> <span class='ocrx_word' id='word_1_315' title='bbox 814 2793 1088 2856; x_wconf 90' lang='lat' dir='ltr'><strong>habeatis;</strong></span> <span class='ocrx_word' id='word_1_316' title='bbox 1136 2794 1433 2848; x_wconf 88' lang='lat' dir='ltr'><strong>secundum</strong></span> <span class='ocrx_word' id='word_1_317' title='bbox 1466 2796 1879 2864; x_wconf 85' lang='lat' dir='ltr'><strong>promissionem</strong></span> <span class='ocrx_word' id='word_1_318' title='bbox 1913 2796 1984 2852; x_wconf 84' lang='lat' dir='ltr'><strong>ab</strong></span> 
     </span>
    </p>
   </div>
   <div class='ocr_carea' id='block_1_46' title="bbox 408 2883 1984 2953">
    <p class='ocr_par' dir='ltr' id='par_1_46' title="bbox 408 2883 1984 2953">
     <span class='ocr_line' id='line_1_46' title="bbox 408 2883 1984 2953; baseline 0.002 -14"><span class='ocrx_word' id='word_1_319' title='bbox 408 2884 525 2953; x_wconf 83' lang='lat' dir='ltr'><strong>ipso</strong></span> <span class='ocrx_word' id='word_1_320' title='bbox 579 2883 778 2939; x_wconf 76' lang='lat' dir='ltr'><strong>factam</strong></span> <span class='ocrx_word' id='word_1_321' title='bbox 816 2885 902 2941; x_wconf 87' lang='lat' dir='ltr'><strong>his</strong></span> <span class='ocrx_word' id='word_1_322' title='bbox 936 2887 1137 2949; x_wconf 83' lang='lat' dir='ltr'><strong>verbis,</strong></span> <span class='ocrx_word' id='word_1_323' title='bbox 1175 2905 1194 2938; x_wconf 76' lang='grc' dir='ltr'><strong>ι</strong></span> <span class='ocrx_word' id='word_1_324' title='bbox 1225 2884 1326 2942; x_wconf 88' lang='lat' dir='ltr'><strong>Ubi</strong></span> <span class='ocrx_word' id='word_1_325' title='bbox 1375 2887 1500 2952; x_wconf 88' lang='lat' dir='ltr'><strong>duo,</strong></span> <span class='ocrx_word' id='word_1_326' title='bbox 1548 2886 1634 2942; x_wconf 88' lang='lat' dir='ltr'><strong>vel</strong></span> <span class='ocrx_word' id='word_1_327' title='bbox 1698 2896 1810 2942; x_wconf 87' lang='lat' dir='ltr'><strong>tres</strong></span> <span class='ocrx_word' id='word_1_328' title='bbox 1859 2903 1984 2944; x_wconf 88' lang='lat' dir='ltr'><strong>con-</strong></span> 
     </span>
    </p>
   </div>
   <div class='ocr_carea' id='block_1_47' title="bbox 407 2977 1981 3047">
    <p class='ocr_par' dir='ltr' id='par_1_47' title="bbox 407 2977 1981 3047">
     <span class='ocr_line' id='line_1_47' title="bbox 407 2977 1981 3047; baseline 0.003 -17"><span class='ocrx_word' id='word_1_329' title='bbox 407 2977 612 3047; x_wconf 83' lang='lat' dir='ltr'><strong>gregati</strong></span> <span class='ocrx_word' id='word_1_330' title='bbox 658 2977 860 3032; x_wconf 89' lang='lat' dir='ltr'><strong>l‘ueriut</strong></span> <span class='ocrx_word' id='word_1_331' title='bbox 891 2977 945 3032; x_wconf 92' lang='lat' dir='ltr'><strong>in</strong></span> <span class='ocrx_word' id='word_1_332' title='bbox 997 2978 1217 3035; x_wconf 89' lang='lat' dir='ltr'><strong>nomine</strong></span> <span class='ocrx_word' id='word_1_333' title='bbox 1264 2993 1405 3046; x_wconf 91' lang='lat' dir='ltr'><strong>meo,</strong></span> <span class='ocrx_word' id='word_1_334' title='bbox 1451 2979 1560 3035; x_wconf 91' lang='lat' dir='ltr'><strong>illic</strong></span> <span class='ocrx_word' id='word_1_335' title='bbox 1597 2995 1717 3036; x_wconf 82' lang='lat' dir='ltr'><strong>sum</strong></span> <span class='ocrx_word' id='word_1_336' title='bbox 1764 2980 1817 3034; x_wconf 89' lang='lat' dir='ltr'><strong>in</strong></span> <span class='ocrx_word' id='word_1_337' title='bbox 1867 2995 1981 3035; x_wconf 84' lang='lat' dir='ltr'><strong>me-</strong></span> 
     </span>
    </p>
   </div>
   <div class='ocr_carea' id='block_1_48' title="bbox 371 3068 850 3144">
    <p class='ocr_par' dir='ltr' id='par_1_48' title="bbox 371 3068 850 3144">
     <span class='ocr_line' id='line_1_48' title="bbox 371 3068 850 3144; baseline 0.004 -24"><span class='ocrx_word' id='word_1_338' title='bbox 371 3129 382 3144; x_wconf 43' lang='lat'><strong><em>.</em></strong></span> <span class='ocrx_word' id='word_1_339' title='bbox 406 3068 494 3123; x_wconf 89' lang='lat' dir='ltr'><strong>dio</strong></span> <span class='ocrx_word' id='word_1_340' title='bbox 520 3082 708 3124; x_wconf 82' lang='lat' dir='ltr'><strong>eoruan</strong></span> <span class='ocrx_word' id='word_1_341' title='bbox 731 3069 795 3123; x_wconf 79' lang='grc'><strong>⁷³.</strong></span> <span class='ocrx_word' id='word_1_342' title='bbox 827 3088 850 3122; x_wconf 73' lang='grc' dir='ltr'><strong>ι</strong></span> 
     </span>
    </p>
   </div>
   <div class='ocr_carea' id='block_1_49' title="bbox 992 3162 1392 3222">
    <p class='ocr_par' dir='ltr' id='par_1_49' title="bbox 992 3162 1392 3222">
     <span class='ocr_line' id='line_1_49' title="bbox 992 3162 1392 3222; baseline 0 -1"><span class='ocrx_word' id='word_1_343' title='bbox 992 3162 1226 3221; x_wconf 83' lang='lat' dir='ltr'><strong>CAPUT</strong></span> <span class='ocrx_word' id='word_1_344' title='bbox 1255 3163 1392 3222; x_wconf 82' lang='lat' dir='ltr'><strong>XIII.</strong></span> 
     </span>
    </p>
   </div>
   <div class='ocr_carea' id='block_1_50' title="bbox 476 3249 1977 3324">
    <p class='ocr_par' dir='ltr' id='par_1_50' title="bbox 476 3249 1977 3324">
     <span class='ocr_line' id='line_1_50' title="bbox 476 3249 1977 3324; baseline 0.007 -22"><span class='ocrx_word' id='word_1_345' title='bbox 476 3249 642 3307; x_wconf 71' lang='lat' dir='ltr'><strong>Vens.</strong></span> <span class='ocrx_word' id='word_1_346' title='bbox 689 3250 746 3318; x_wconf 77' lang='grc'>1,</span> <span class='ocrx_word' id='word_1_347' title='bbox 789 3251 842 3306; x_wconf 69' lang='lat'><strong>9.</strong></span> <span class='ocrx_word' id='word_1_348' title='bbox 911 3251 1148 3319; x_wconf 68' lang='lat' dir='ltr'><strong>«Visio,</strong></span> <span class='ocrx_word' id='word_1_349' title='bbox 1199 3269 1361 3324; x_wconf 89' lang='lat' dir='ltr'><strong>quam</strong></span> <span class='ocrx_word' id='word_1_350' title='bbox 1417 3254 1554 3310; x_wconf 84' lang='lat' dir='ltr'><strong>vidit</strong></span> <span class='ocrx_word' id='word_1_351' title='bbox 1615 3253 1784 3310; x_wconf 85' lang='lat' dir='ltr'><strong>Isaias</strong></span> <span class='ocrx_word' id='word_1_352' title='bbox 1835 3255 1977 3312; x_wconf 81' lang='lat' dir='ltr'><strong>ﬁlius</strong></span> 
     </span>
    </p>
   </div>
   <div class='ocr_carea' id='block_1_51' title="bbox 403 3344 1980 3418">
    <p class='ocr_par' dir='ltr' id='par_1_51' title="bbox 403 3344 1980 3418">
     <span class='ocr_line' id='line_1_51' title="bbox 403 3344 1980 3418; baseline 0 -19"><span class='ocrx_word' id='word_1_353' title='bbox 403 3344 592 3408; x_wconf 82' lang='lat' dir='ltr'><strong>Amos.</strong></span> <span class='ocrx_word' id='word_1_354' title='bbox 639 3354 829 3400; x_wconf 88' lang='lat' dir='ltr'><strong>contra</strong></span> <span class='ocrx_word' id='word_1_355' title='bbox 858 3345 1213 3418; x_wconf 82' lang='lat' dir='ltr'><strong>Babylonem.</strong></span> <span class='ocrx_word' id='word_1_356' title='bbox 1260 3345 1431 3416; x_wconf 83' lang='lat' dir='ltr'><strong>Super</strong></span> <span class='ocrx_word' id='word_1_357' title='bbox 1487 3356 1726 3402; x_wconf 88' lang='lat' dir='ltr'><strong>montem</strong></span> <span class='ocrx_word' id='word_1_358' title='bbox 1768 3361 1980 3418; x_wconf 85' lang='lat' dir='ltr'><strong>campe-</strong></span> 
     </span>
    </p>
   </div>
   <div class='ocr_carea' id='block_1_52' title="bbox 404 3434 1977 3508">
    <p class='ocr_par' dir='ltr' id='par_1_52' title="bbox 404 3434 1977 3508">
     <span class='ocr_line' id='line_1_52' title="bbox 404 3434 1977 3508; baseline 0.004 -20"><span class='ocrx_word' id='word_1_359' title='bbox 404 3434 574 3490; x_wconf 76' lang='lat' dir='ltr'><strong>strem</strong></span> <span class='ocrx_word' id='word_1_360' title='bbox 621 3435 796 3491; x_wconf 85' lang='lat' dir='ltr'><strong>levate</strong></span> <span class='ocrx_word' id='word_1_361' title='bbox 850 3438 1106 3508; x_wconf 88' lang='lat' dir='ltr'><strong>signum,</strong></span> <span class='ocrx_word' id='word_1_362' title='bbox 1167 3441 1403 3493; x_wconf 80' lang='lat' dir='ltr'><strong>exaltate</strong></span> <span class='ocrx_word' id='word_1_363' title='bbox 1457 3453 1642 3494; x_wconf 88' lang='lat' dir='ltr'><strong>vocem</strong></span> <span class='ocrx_word' id='word_1_364' title='bbox 1699 3439 1877 3507; x_wconf 91' lang='lat' dir='ltr'><strong>ipsis:</strong></span> <span class='ocrx_word' id='word_1_365' title='bbox 1912 3455 1977 3494; x_wconf 90' lang='lat' dir='ltr'><strong>ne</strong></span> 
     </span>
    </p>
   </div>
   <div class='ocr_carea' id='block_1_53' title="bbox 405 3529 1975 3600">
    <p class='ocr_par' dir='ltr' id='par_1_53' title="bbox 405 3529 1975 3600">
     <span class='ocr_line' id='line_1_53' title="bbox 405 3529 1975 3600; baseline 0.003 -20"><span class='ocrx_word' id='word_1_366' title='bbox 405 3529 666 3592; x_wconf 83' lang='lat' dir='ltr'><strong>timeatis,</strong></span> <span class='ocrx_word' id='word_1_367' title='bbox 700 3529 962 3584; x_wconf 81' lang='lat' dir='ltr'><strong>advocate</strong></span> <span class='ocrx_word' id='word_1_368' title='bbox 986 3529 1426 3598; x_wconf 82' lang='lat' dir='ltr'><strong>manu,.aperite,</strong></span> <span class='ocrx_word' id='word_1_369' title='bbox 1450 3531 1746 3600; x_wconf 84' lang='lat' dir='ltr'><strong>principes.</strong></span> <span class='ocrx_word' id='word_1_370' title='bbox 1775 3547 1794 3581; x_wconf 70' lang='grc' dir='ltr'><strong>ι</strong></span> <span class='ocrx_word' id='word_1_371' title='bbox 1828 3531 1975 3585; x_wconf 78' lang='lat' dir='ltr'><strong>Vat-i-</strong></span> 
     </span>
    </p>
   </div>
   <div class='ocr_carea' id='block_1_54' title="bbox 400 3616 1973 3688">
    <p class='ocr_par' dir='ltr' id='par_1_54' title="bbox 400 3616 1973 3688">
     <span class='ocr_line' id='line_1_54' title="bbox 400 3616 1973 3688; baseline 0.002 -17"><span class='ocrx_word' id='word_1_372' title='bbox 400 3616 725 3674; x_wconf 71' lang='lat' dir='ltr'><strong>cinatus&#39;ea</strong></span> <span class='ocrx_word' id='word_1_373' title='bbox 774 3634 894 3688; x_wconf 70' lang='lat' dir='ltr'><strong>qua:</strong></span> <span class='ocrx_word' id='word_1_374' title='bbox 948 3619 1002 3674; x_wconf 90' lang='lat' dir='ltr'><strong>in</strong></span> <span class='ocrx_word' id='word_1_375' title='bbox 1057 3621 1292 3675; x_wconf 89' lang='lat' dir='ltr'><strong>adventu</strong></span> <span class='ocrx_word' id='word_1_376' title='bbox 1339 3621 1540 3675; x_wconf 74' lang='lat' dir='ltr'><strong>Christi</strong></span> <span class='ocrx_word' id='word_1_377' title='bbox 1592 3620 1774 3675; x_wconf 89' lang='lat' dir='ltr'><strong>l&#39;utura</strong></span> <span class='ocrx_word' id='word_1_378' title='bbox 1827 3631 1973 3688; x_wconf 90' lang='lat' dir='ltr'><strong>sunt,</strong></span> 
     </span>
    </p>
   </div>
   <div class='ocr_carea' id='block_1_55' title="bbox 401 3707 1976 3784">
    <p class='ocr_par' dir='ltr' id='par_1_55' title="bbox 401 3707 1976 3784">
     <span class='ocr_line' id='line_1_55' title="bbox 401 3707 1976 3784; baseline 0.001 -18"><span class='ocrx_word' id='word_1_379' title='bbox 401 3707 543 3766; x_wconf 77' lang='lat' dir='ltr'><strong>tiliud</strong></span> <span class='ocrx_word' id='word_1_380' title='bbox 587 3709 688 3765; x_wconf 90' lang='lat' dir='ltr'><strong>iuit</strong></span> <span class='ocrx_word' id='word_1_381' title='bbox 729 3722 1108 3780; x_wconf 88' lang='lat' dir='ltr'><strong>argumentum</strong></span> <span class='ocrx_word' id='word_1_382' title='bbox 1141 3723 1327 3766; x_wconf 85' lang='lat' dir='ltr'><strong>contra</strong></span> <span class='ocrx_word' id='word_1_383' title='bbox 1360 3711 1689 3784; x_wconf 86' lang='lat' dir='ltr'><strong>Babylonem</strong></span> <span class='ocrx_word' id='word_1_384' title='bbox 1728 3730 1741 3768; x_wconf 93' lang='lat'>:</span> <span class='ocrx_word' id='word_1_385' title='bbox 1781 3713 1976 3768; x_wconf 89' lang='lat' dir='ltr'><strong>deinde</strong></span> 
     </span>
    </p>
   </div>
   <div class='ocr_carea' id='block_1_56' title="bbox 401 3802 1975 3872">
    <p class='ocr_par' dir='ltr' id='par_1_56' title="bbox 401 3802 1975 3872">
     <span class='ocr_line' id='line_1_56' title="bbox 401 3802 1975 3872; baseline 0.001 -16"><span class='ocrx_word' id='word_1_386' title='bbox 401 3802 692 3858; x_wconf 78' lang='lat' dir='ltr'><strong>secundum</strong></span> <span class='ocrx_word' id='word_1_387' title='bbox 734 3804 886 3858; x_wconf 88' lang='lat' dir='ltr'><strong>addit</strong></span> <span class='ocrx_word' id='word_1_388' title='bbox 917 3804 983 3858; x_wconf 92' lang='lat' dir='ltr'><strong>de</strong></span> <span class='ocrx_word' id='word_1_389' title='bbox 1016 3803 1343 3870; x_wconf 65' lang='lat' dir='ltr'><strong>Pbilistaais;</strong></span> <span class='ocrx_word' id='word_1_390' title='bbox 1376 3815 1559 3872; x_wconf 85' lang='lat' dir='ltr'><strong>postea</strong></span> <span class='ocrx_word' id='word_1_391' title='bbox 1596 3808 1817 3860; x_wconf 91' lang='lat' dir='ltr'><strong>tertium</strong></span> <span class='ocrx_word' id='word_1_392' title='bbox 1842 3820 1975 3860; x_wconf 83' lang='lat' dir='ltr'><strong>con-</strong></span> 
     </span>
    </p>
   </div>
   <div class='ocr_carea' id='block_1_57' title="bbox 401 3892 1974 3964">
    <p class='ocr_par' dir='ltr' id='par_1_57' title="bbox 401 3892 1974 3964">
     <span class='ocr_line' id='line_1_57' title="bbox 401 3892 1974 3964; baseline 0.001 -16"><span class='ocrx_word' id='word_1_393' title='bbox 401 3903 485 3948; x_wconf 89' lang='lat' dir='ltr'><strong>tra</strong></span> <span class='ocrx_word' id='word_1_394' title='bbox 519 3892 859 3949; x_wconf 81' lang='lat' dir='ltr'><strong>Moabitidem</strong></span> <span class='ocrx_word' id='word_1_395' title='bbox 888 3933 905 3959; x_wconf 94' lang='lat'><strong>,</strong></span> <span class='ocrx_word' id='word_1_396' title='bbox 955 3895 1081 3950; x_wconf 86' lang='lat' dir='ltr'><strong>hinc</strong></span> <span class='ocrx_word' id='word_1_397' title='bbox 1129 3905 1317 3950; x_wconf 87' lang='lat' dir='ltr'><strong>contra</strong></span> <span class='ocrx_word' id='word_1_398' title='bbox 1367 3895 1711 3960; x_wconf 84' lang='lat' dir='ltr'><strong>Damascum,</strong></span> <span class='ocrx_word' id='word_1_399' title='bbox 1755 3908 1813 3951; x_wconf 91' lang='lat' dir='ltr'><strong>et</strong></span> <span class='ocrx_word' id='word_1_400' title='bbox 1853 3908 1974 3964; x_wconf 78' lang='lat' dir='ltr'><strong>pOSt</strong></span> 
     </span>
    </p>
   </div>
   <div class='ocr_carea' id='block_1_58' title="bbox 403 3985 1973 4057">
    <p class='ocr_par' dir='ltr' id='par_1_58' title="bbox 403 3985 1973 4057">
     <span class='ocr_line' id='line_1_58' title="bbox 403 3985 1973 4057; baseline 0.003 -19"><span class='ocrx_word' id='word_1_401' title='bbox 403 3985 517 4039; x_wconf 66' lang='lat' dir='ltr'><strong>hac</strong></span> <span class='ocrx_word' id='word_1_402' title='bbox 553 3985 796 4054; x_wconf 88' lang='lat' dir='ltr'><strong>sequitur</strong></span> <span class='ocrx_word' id='word_1_403' title='bbox 836 3987 974 4041; x_wconf 81' lang='lat' dir='ltr'><strong>visio</strong></span> <span class='ocrx_word' id='word_1_404' title='bbox 1006 3985 1259 4057; x_wconf 67' lang='lat' dir='ltr'><strong>Egypti;</strong></span> <span class='ocrx_word' id='word_1_405' title='bbox 1304 3996 1516 4042; x_wconf 79' lang='lat' dir='ltr'><strong>sextum</strong></span> <span class='ocrx_word' id='word_1_406' title='bbox 1570 3987 1782 4053; x_wconf 86' lang='lat' dir='ltr'><strong>deinde,</strong></span> <span class='ocrx_word' id='word_1_407' title='bbox 1837 3989 1973 4043; x_wconf 87' lang='lat' dir='ltr'><strong>visio</strong></span> 
     </span>
    </p>
   </div>
   <div class='ocr_carea' id='block_1_59' title="bbox 402 4073 1974 4148">
    <p class='ocr_par' dir='ltr' id='par_1_59' title="bbox 402 4073 1974 4148">
     <span class='ocr_line' id='line_1_59' title="bbox 402 4073 1974 4148; baseline 0.003 -20"><span class='ocrx_word' id='word_1_408' title='bbox 402 4073 668 4138; x_wconf 58' lang='lat' dir='ltr'><strong>Idumam,</strong></span> <span class='ocrx_word' id='word_1_409' title='bbox 700 4076 800 4128; x_wconf 91' lang='lat' dir='ltr'><strong>sub</strong></span> <span class='ocrx_word' id='word_1_410' title='bbox 829 4076 967 4139; x_wconf 71' lang='lat' dir='ltr'><strong>haec,</strong></span> <span class='ocrx_word' id='word_1_411' title='bbox 990 4075 1286 4145; x_wconf 83' lang='lat' dir='ltr'><strong>assumptio</strong></span> <span class='ocrx_word' id='word_1_412' title='bbox 1310 4075 1522 4130; x_wconf 62' lang='lat' dir='ltr'><strong>Arabiae</strong></span> <span class='ocrx_word' id='word_1_413' title='bbox 1546 4093 1562 4143; x_wconf 87' lang='lat'><strong>;</strong></span> <span class='ocrx_word' id='word_1_414' title='bbox 1590 4092 1751 4145; x_wconf 87' lang='lat' dir='ltr'><strong>quam</strong></span> <span class='ocrx_word' id='word_1_415' title='bbox 1774 4079 1974 4148; x_wconf 79' lang='lat' dir='ltr'><strong>excipit</strong></span> 
     </span>
    </p>
   </div>
   <div class='ocr_carea' id='block_1_60' title="bbox 404 4163 1970 4236">
    <p class='ocr_par' dir='ltr' id='par_1_60' title="bbox 404 4163 1970 4236">
     <span class='ocr_line' id='line_1_60' title="bbox 404 4163 1970 4236; baseline 0.003 -20"><span class='ocrx_word' id='word_1_416' title='bbox 404 4164 540 4218; x_wconf 82' lang='lat' dir='ltr'><strong>visio</strong></span> <span class='ocrx_word' id='word_1_417' title='bbox 572 4165 732 4220; x_wconf 88' lang='lat' dir='ltr'><strong>vallis</strong></span> <span class='ocrx_word' id='word_1_418' title='bbox 754 4166 906 4231; x_wconf 89' lang='lat' dir='ltr'><strong>Sion,</strong></span> <span class='ocrx_word' id='word_1_419' title='bbox 947 4165 1163 4220; x_wconf 89' lang='lat' dir='ltr'><strong>demum</strong></span> <span class='ocrx_word' id='word_1_420' title='bbox 1201 4165 1338 4220; x_wconf 82' lang='lat' dir='ltr'><strong>visio</strong></span> <span class='ocrx_word' id='word_1_421' title='bbox 1363 4163 1514 4236; x_wconf 76' lang='lat' dir='ltr'><strong>Tyri.</strong></span> <span class='ocrx_word' id='word_1_422' title='bbox 1557 4166 1650 4220; x_wconf 69' lang='lat' dir='ltr'><strong>Hae</strong></span> <span class='ocrx_word' id='word_1_423' title='bbox 1685 4182 1848 4236; x_wconf 88' lang='lat' dir='ltr'><strong>porro</strong></span> <span class='ocrx_word' id='word_1_424' title='bbox 1875 4170 1970 4222; x_wconf 88' lang='lat' dir='ltr'><strong>de-</strong></span> 
     </span>
    </p>
   </div>
   <div class='ocr_carea' id='block_1_61' title="bbox 399 4257 1971 4329">
    <p class='ocr_par' dir='ltr' id='par_1_61' title="bbox 399 4257 1971 4329">
     <span class='ocr_line' id='line_1_61' title="bbox 399 4257 1971 4329; baseline 0.002 -19"><span class='ocrx_word' id='word_1_425' title='bbox 399 4272 517 4310; x_wconf 85' lang='lat' dir='ltr'><strong>cem</strong></span> <span class='ocrx_word' id='word_1_426' title='bbox 570 4258 869 4327; x_wconf 69' lang='lat' dir='ltr'><strong>prophetiaa</strong></span> <span class='ocrx_word' id='word_1_427' title='bbox 919 4265 1105 4312; x_wconf 90' lang='lat' dir='ltr'><strong>mutuo</strong></span> <span class='ocrx_word' id='word_1_428' title='bbox 1161 4258 1460 4320; x_wconf 71' lang='lat' dir='ltr'><strong>cohaerent,</strong></span> <span class='ocrx_word' id='word_1_429' title='bbox 1520 4257 1586 4312; x_wconf 90' lang='lat' dir='ltr'><strong>de</strong></span> <span class='ocrx_word' id='word_1_430' title='bbox 1649 4258 1971 4329; x_wconf 86' lang='lat' dir='ltr'><strong>alienigenis</strong></span> 
     </span>
    </p>
   </div>
   <div class='ocr_carea' id='block_1_62' title="bbox 400 4347 1972 4420">
    <p class='ocr_par' dir='ltr' id='par_1_62' title="bbox 400 4347 1972 4420">
     <span class='ocr_line' id='line_1_62' title="bbox 400 4347 1972 4420; baseline 0 -18"><span class='ocrx_word' id='word_1_431' title='bbox 400 4348 652 4415; x_wconf 77' lang='lat' dir='ltr'><strong>gentibus</strong></span> <span class='ocrx_word' id='word_1_432' title='bbox 695 4349 935 4419; x_wconf 62' lang='lat' dir='ltr'><strong>prolatae,</strong></span> <span class='ocrx_word' id='word_1_433' title='bbox 987 4349 1315 4420; x_wconf 85' lang='lat' dir='ltr'><strong>quibuscum</strong></span> <span class='ocrx_word' id='word_1_434' title='bbox 1354 4347 1544 4402; x_wconf 70' lang='lat' dir='ltr'><strong>Vallem</strong></span> <span class='ocrx_word' id='word_1_435' title='bbox 1590 4347 1773 4403; x_wconf 89' lang='lat' dir='ltr'><strong>Sionis</strong></span> <span class='ocrx_word' id='word_1_436' title='bbox 1823 4365 1972 4403; x_wconf 84' lang='lat' dir='ltr'><strong>com-</strong></span> 
     </span>
    </p>
   </div>
   <div class='ocr_carea' id='block_1_63' title="bbox 400 4440 1969 4513">
    <p class='ocr_par' dir='ltr' id='par_1_63' title="bbox 400 4440 1969 4513">
     <span class='ocr_line' id='line_1_63' title="bbox 400 4440 1969 4513; baseline 0.003 -24"><span class='ocrx_word' id='word_1_437' title='bbox 400 4440 678 4509; x_wconf 85' lang='lat' dir='ltr'><strong>plectitur,</strong></span> <span class='ocrx_word' id='word_1_438' title='bbox 713 4455 834 4495; x_wconf 86' lang='lat' dir='ltr'><strong>cutn</strong></span> <span class='ocrx_word' id='word_1_439' title='bbox 882 4441 1208 4513; x_wconf 77' lang='lat' dir='ltr'><strong>alienigenis</strong></span> <span class='ocrx_word' id='word_1_440' title='bbox 1233 4441 1517 4498; x_wconf 77' lang='lat' dir='ltr'><strong>Iudaicum</strong></span> <span class='ocrx_word' id='word_1_441' title='bbox 1556 4444 1682 4498; x_wconf 92' lang='lat' dir='ltr'><strong>item</strong></span> <span class='ocrx_word' id='word_1_442' title='bbox 1715 4441 1969 4511; x_wconf 90' lang='lat' dir='ltr'><strong>populum</strong></span> 
     </span>
    </p>
   </div>
   <div class='ocr_carea' id='block_1_64' title="bbox 2097 1967 3662 2038">
    <p class='ocr_par' dir='ltr' id='par_1_64' title="bbox 2097 1967 3662 2038">
     <span class='ocr_line' id='line_1_64' title="bbox 2097 1967 3662 2038; baseline 0.005 -19"><span class='ocrx_word' id='word_1_443' title='bbox 2097 1967 2172 2038; x_wconf 86' lang='grc' dir='ltr'>μὴ</span> <span class='ocrx_word' id='word_1_444' title='bbox 2207 1971 2419 2038; x_wconf 80' lang='grc' dir='ltr'>σιωπᾷν</span> <span class='ocrx_word' id='word_1_445' title='bbox 2441 1986 2454 2002; x_wconf 90' lang='grc'><strong>·</strong></span> <span class='ocrx_word' id='word_1_446' title='bbox 2480 1968 2823 2037; x_wconf 79' lang='grc' dir='ltr'><strong>ἐξαγγέλλειν</strong></span> <span class='ocrx_word' id='word_1_447' title='bbox 2839 1969 2896 2025; x_wconf 74' lang='grc' dir='ltr'>δὲ</span> <span class='ocrx_word' id='word_1_448' title='bbox 2917 1973 3029 2033; x_wconf 81' lang='grc' dir='ltr'>τοῖς</span> <span class='ocrx_word' id='word_1_449' title='bbox 3057 1973 3191 2024; x_wconf 81' lang='grc' dir='ltr'>πᾶσι</span> <span class='ocrx_word' id='word_1_450' title='bbox 3220 1972 3311 2025; x_wconf 73' lang='grc' dir='ltr'>καὶ</span> <span class='ocrx_word' id='word_1_451' title='bbox 3340 1974 3418 2036; x_wconf 86' lang='grc' dir='ltr'><strong>είς</strong></span> <span class='ocrx_word' id='word_1_452' title='bbox 3438 1973 3662 2038; x_wconf 61' lang='grc' dir='ltr'>ἐξακούω</span> 
     </span>
    </p>
   </div>
   <div class='ocr_carea' id='block_1_65' title="bbox 2094 2057 3483 2133">
    <p class='ocr_par' dir='ltr' id='par_1_65' title="bbox 2094 2057 3483 2133">
     <span class='ocr_line' id='line_1_65' title="bbox 2094 2057 3483 2133; baseline 0.003 -23"><span class='ocrx_word' id='word_1_453' title='bbox 2094 2073 2218 2110; x_wconf 82' lang='grc' dir='ltr'>στον</span> <span class='ocrx_word' id='word_1_454' title='bbox 2253 2057 2381 2128; x_wconf 79' lang='grc' dir='ltr'>βοᾷν</span> <span class='ocrx_word' id='word_1_455' title='bbox 2410 2059 2508 2130; x_wconf 82' lang='grc' dir='ltr'>τῆς</span> <span class='ocrx_word' id='word_1_456' title='bbox 2543 2058 2809 2129; x_wconf 75' lang='grc' dir='ltr'><strong>σωτηρίου</strong></span> <span class='ocrx_word' id='word_1_457' title='bbox 2839 2060 3156 2132; x_wconf 77' lang='grc' dir='ltr'>εὐεργεσίας</span> <span class='ocrx_word' id='word_1_458' title='bbox 3179 2060 3280 2132; x_wconf 78' lang='grc' dir='ltr'>τὴν</span> <span class='ocrx_word' id='word_1_459' title='bbox 3303 2061 3483 2133; x_wconf 84' lang='grc' dir='ltr'>χάριν.</span> 
     </span>
    </p>
   </div>
   <div class='ocr_carea' id='block_1_66' title="bbox 2170 2149 3662 2224">
    <p class='ocr_par' dir='ltr' id='par_1_66' title="bbox 2170 2149 3662 2224">
     <span class='ocr_line' id='line_1_66' title="bbox 2170 2149 3662 2224; baseline 0.006 -24"><span class='ocrx_word' id='word_1_460' title='bbox 2170 2166 2189 2200; x_wconf 83' lang='grc' dir='ltr'><strong>ι</strong></span> <span class='ocrx_word' id='word_1_461' title='bbox 2245 2149 2598 2219; x_wconf 79' lang='grc' dir='ltr'>’Λγαλλιᾶσθε</span> <span class='ocrx_word' id='word_1_462' title='bbox 2646 2152 2737 2204; x_wconf 77' lang='grc' dir='ltr'>καὶ</span> <span class='ocrx_word' id='word_1_463' title='bbox 2781 2151 3154 2224; x_wconf 76' lang='grc' dir='ltr'>εὐφραίνεσθε,</span> <span class='ocrx_word' id='word_1_464' title='bbox 3187 2155 3236 2206; x_wconf 93' lang='grc' dir='ltr'>οί</span> <span class='ocrx_word' id='word_1_465' title='bbox 3280 2170 3662 2219; x_wconf 84' lang='grc' dir='ltr'>κατοικουντες</span> 
     </span>
    </p>
   </div>
   <div class='ocr_carea' id='block_1_67' title="bbox 2090 2236 3654 2316">
    <p class='ocr_par' dir='ltr' id='par_1_67' title="bbox 2090 2236 3654 2316">
     <span class='ocr_line' id='line_1_67' title="bbox 2090 2236 3654 2316; baseline 0.006 -27"><span class='ocrx_word' id='word_1_466' title='bbox 2090 2236 2245 2302; x_wconf 80' lang='grc' dir='ltr'>Σιὼν,</span> <span class='ocrx_word' id='word_1_467' title='bbox 2265 2241 2345 2292; x_wconf 85' lang='grc' dir='ltr'>ὅτι</span> <span class='ocrx_word' id='word_1_468' title='bbox 2372 2239 2557 2310; x_wconf 74' lang='grc' dir='ltr'>ὑψώθη</span> <span class='ocrx_word' id='word_1_469' title='bbox 2581 2243 2609 2296; x_wconf 92' lang='lat'><strong>6</strong></span> <span class='ocrx_word' id='word_1_470' title='bbox 2636 2243 2791 2310; x_wconf 76' lang='grc' dir='ltr'>ἅγιος</span> <span class='ocrx_word' id='word_1_471' title='bbox 2815 2242 2907 2296; x_wconf 87' lang='grc' dir='ltr'><strong>τοῦ</strong></span> <span class='ocrx_word' id='word_1_472' title='bbox 2945 2243 3158 2315; x_wconf 80' lang='grc' dir='ltr'>Ἰσραὴλ</span> <span class='ocrx_word' id='word_1_473' title='bbox 3182 2246 3238 2297; x_wconf 79' lang='grc' dir='ltr'>ὲν</span> <span class='ocrx_word' id='word_1_474' title='bbox 3258 2245 3404 2316; x_wconf 83' lang='grc' dir='ltr'><strong>μέσῳ</strong></span> <span class='ocrx_word' id='word_1_475' title='bbox 3433 2246 3622 2316; x_wconf 80' lang='grc' dir='ltr'>αὑτῆς.</span> <span class='ocrx_word' id='word_1_476' title='bbox 3637 2266 3654 2298; x_wconf 75' lang='grc' dir='ltr'><strong>ι</strong></span> 
     </span>
    </p>
   </div>
   <div class='ocr_carea' id='block_1_68' title="bbox 2092 2328 3661 2406">
    <p class='ocr_par' dir='ltr' id='par_1_68' title="bbox 2092 2328 3661 2406">
     <span class='ocr_line' id='line_1_68' title="bbox 2092 2328 3661 2406; baseline 0.006 -25"><span class='ocrx_word' id='word_1_477' title='bbox 2092 2328 2230 2398; x_wconf 85' lang='grc' dir='ltr'><strong>Ἤδη</strong></span> <span class='ocrx_word' id='word_1_478' title='bbox 2273 2330 2332 2383; x_wconf 83' lang='grc' dir='ltr'>δὲ</span> <span class='ocrx_word' id='word_1_479' title='bbox 2368 2331 2456 2385; x_wconf 88' lang='grc' dir='ltr'><strong>διά</strong></span> <span class='ocrx_word' id='word_1_480' title='bbox 2501 2331 2763 2385; x_wconf 88' lang='grc' dir='ltr'>πλειόνων</span> <span class='ocrx_word' id='word_1_481' title='bbox 2814 2331 2951 2386; x_wconf 88' lang='grc' dir='ltr'>Σιὼν</span> <span class='ocrx_word' id='word_1_482' title='bbox 2983 2334 3216 2406; x_wconf 84' lang='grc' dir='ltr'>ἀπεδόθη</span> <span class='ocrx_word' id='word_1_483' title='bbox 3251 2337 3280 2388; x_wconf 89' lang='lat'><strong>6</strong></span> <span class='ocrx_word' id='word_1_484' title='bbox 3311 2336 3661 2406; x_wconf 81' lang='grc' dir='ltr'>εὑαγγελικὸς</span> 
     </span>
    </p>
   </div>
   <div class='ocr_carea' id='block_1_69' title="bbox 2087 2415 3720 2499">
    <p class='ocr_par' dir='ltr' id='par_1_69' title="bbox 2087 2415 3720 2499">
     <span class='ocr_line' id='line_1_69' title="bbox 2087 2415 3720 2499; baseline 0.007 -27"><span class='ocrx_word' id='word_1_485' title='bbox 2087 2418 2264 2489; x_wconf 86' lang='grc' dir='ltr'>λόγος,</span> <span class='ocrx_word' id='word_1_486' title='bbox 2317 2421 2402 2492; x_wconf 75' lang='grc' dir='ltr'><strong>ἐφ’</strong></span> <span class='ocrx_word' id='word_1_487' title='bbox 2447 2415 2507 2476; x_wconf 77' lang='grc' dir='ltr'>οὗ</span> <span class='ocrx_word' id='word_1_488' title='bbox 2561 2425 2594 2493; x_wconf 82' lang='grc' dir='ltr'><strong>ἡ</strong></span> <span class='ocrx_word' id='word_1_489' title='bbox 2634 2424 2926 2496; x_wconf 83' lang='grc' dir='ltr'>Ἐκκλησία</span> <span class='ocrx_word' id='word_1_490' title='bbox 2965 2425 3060 2479; x_wconf 88' lang='grc' dir='ltr'><strong>τοῦ</strong></span> <span class='ocrx_word' id='word_1_491' title='bbox 3109 2426 3242 2480; x_wconf 78' lang='grc' dir='ltr'>θεοῦ</span> <span class='ocrx_word' id='word_1_492' title='bbox 3294 2427 3655 2499; x_wconf 80' lang='grc' dir='ltr'>ᾠκοδόμηται.</span> <span class='ocrx_word' id='word_1_493' title='bbox 3709 2457 3720 2474; x_wconf 73' lang='grc'><strong>.·</strong></span> 
     </span>
    </p>
   </div>
   <div class='ocr_carea' id='block_1_70' title="bbox 2099 2510 3660 2592">
    <p class='ocr_par' dir='ltr' id='par_1_70' title="bbox 2099 2510 3660 2592">
     <span class='ocr_line' id='line_1_70' title="bbox 2099 2510 3660 2592; baseline 0.006 -30"><span class='ocrx_word' id='word_1_494' title='bbox 2099 2510 2251 2564; x_wconf 80' lang='grc' dir='ltr'><strong>Ἐπεὶ</strong></span> <span class='ocrx_word' id='word_1_495' title='bbox 2303 2512 2484 2565; x_wconf 81' lang='grc' dir='ltr'>τοίνυν</span> <span class='ocrx_word' id='word_1_496' title='bbox 2535 2513 2563 2567; x_wconf 87' lang='grc' dir='ltr'><strong>ό</strong></span> <span class='ocrx_word' id='word_1_497' title='bbox 2606 2513 2758 2582; x_wconf 71' lang='grc' dir='ltr'>ἅγιος</span> <span class='ocrx_word' id='word_1_498' title='bbox 2812 2514 2906 2567; x_wconf 87' lang='grc' dir='ltr'><strong>τοῦ</strong></span> <span class='ocrx_word' id='word_1_499' title='bbox 2946 2516 3159 2588; x_wconf 80' lang='grc' dir='ltr'>Ἰσραὴλ</span> <span class='ocrx_word' id='word_1_500' title='bbox 3202 2517 3387 2587; x_wconf 69' lang='grc' dir='ltr'>ὑψώθη</span> <span class='ocrx_word' id='word_1_501' title='bbox 3422 2521 3478 2571; x_wconf 88' lang='grc' dir='ltr'>ὲν</span> <span class='ocrx_word' id='word_1_502' title='bbox 3509 2518 3660 2592; x_wconf 82' lang='grc' dir='ltr'>μέσῳ</span> 
     </span>
    </p>
   </div>
   <div class='ocr_carea' id='block_1_71' title="bbox 2084 2602 3658 2679">
    <p class='ocr_par' dir='ltr' id='par_1_71' title="bbox 2084 2602 3658 2679">
     <span class='ocr_line' id='line_1_71' title="bbox 2084 2602 3658 2679; baseline 0.007 -25"><span class='ocrx_word' id='word_1_503' title='bbox 2084 2602 2182 2672; x_wconf 83' lang='grc' dir='ltr'>τῆς</span> <span class='ocrx_word' id='word_1_504' title='bbox 2251 2603 2596 2677; x_wconf 83' lang='grc' dir='ltr'>Ἐκκλησίας,</span> <span class='ocrx_word' id='word_1_505' title='bbox 2656 2607 2880 2670; x_wconf 85' lang='grc' dir='ltr'><strong>εἰκότως</strong></span> <span class='ocrx_word' id='word_1_506' title='bbox 2948 2607 3295 2676; x_wconf 81' lang='grc' dir='ltr'>ἀγαλλιᾶσθε,</span> <span class='ocrx_word' id='word_1_507' title='bbox 3351 2609 3504 2679; x_wconf 80' lang='grc' dir='ltr'>φησὶ,</span> <span class='ocrx_word' id='word_1_508' title='bbox 3565 2611 3658 2665; x_wconf 72' lang='grc' dir='ltr'>καὶ</span> 
     </span>
    </p>
   </div>
   <div class='ocr_carea' id='block_1_72' title="bbox 2087 2692 3657 2770">
    <p class='ocr_par' dir='ltr' id='par_1_72' title="bbox 2087 2692 3657 2770">
     <span class='ocr_line' id='line_1_72' title="bbox 2087 2692 3657 2770; baseline 0.007 -26"><span class='ocrx_word' id='word_1_509' title='bbox 2087 2692 2546 2763; x_wconf 79' lang='grc' dir='ltr'>εὑφραίνεσθε,.οἱ</span> <span class='ocrx_word' id='word_1_510' title='bbox 2583 2697 2640 2750; x_wconf 81' lang='grc' dir='ltr'>ὲν</span> <span class='ocrx_word' id='word_1_511' title='bbox 2667 2698 2804 2770; x_wconf 84' lang='grc' dir='ltr'>αὐτῇ</span> <span class='ocrx_word' id='word_1_512' title='bbox 2831 2716 2844 2729; x_wconf 76' lang='grc' dir='ltr'><strong>ο</strong></span> <span class='ocrx_word' id='word_1_513' title='bbox 2875 2698 2970 2751; x_wconf 66' lang='lat' dir='ltr'><strong>au</strong></span> <span class='ocrx_word' id='word_1_514' title='bbox 2991 2698 3055 2769; x_wconf 80' lang='grc' dir='ltr'>δὴ</span> <span class='ocrx_word' id='word_1_515' title='bbox 3087 2700 3249 2768; x_wconf 88' lang='grc' dir='ltr'>μέσον</span> <span class='ocrx_word' id='word_1_516' title='bbox 3269 2699 3429 2752; x_wconf 79' lang='grc' dir='ltr'>αὑτὸν</span> <span class='ocrx_word' id='word_1_517' title='bbox 3445 2700 3657 2770; x_wconf 72' lang='grc' dir='ltr'>ἔχοντες</span> 
     </span>
    </p>
   </div>
   <div class='ocr_carea' id='block_1_73' title="bbox 2084 2785 3656 2864">
    <p class='ocr_par' dir='ltr' id='par_1_73' title="bbox 2084 2785 3656 2864">
     <span class='ocr_line' id='line_1_73' title="bbox 2084 2785 3656 2864; baseline 0.005 -26"><span class='ocrx_word' id='word_1_518' title='bbox 2084 2785 2176 2838; x_wconf 83' lang='grc' dir='ltr'>τὸν</span> <span class='ocrx_word' id='word_1_519' title='bbox 2231 2786 2384 2855; x_wconf 72' lang='grc' dir='ltr'>ἅγιον</span> <span class='ocrx_word' id='word_1_520' title='bbox 2436 2787 2530 2841; x_wconf 85' lang='grc' dir='ltr'><strong>τοῦ</strong></span> <span class='ocrx_word' id='word_1_521' title='bbox 2590 2789 2822 2862; x_wconf 84' lang='grc' dir='ltr'>Ἰσραὴλ,</span> <span class='ocrx_word' id='word_1_522' title='bbox 2873 2790 3011 2844; x_wconf 84' lang='grc' dir='ltr'><strong>κατά</strong></span> <span class='ocrx_word' id='word_1_523' title='bbox 3066 2791 3164 2860; x_wconf 80' lang='grc' dir='ltr'>τὴν</span> <span class='ocrx_word' id='word_1_524' title='bbox 3219 2790 3543 2860; x_wconf 73' lang='grc' dir='ltr'>ἐπαγγελίαν</span> <span class='ocrx_word' id='word_1_525' title='bbox 3587 2792 3656 2864; x_wconf 70' lang='grc' dir='ltr'>ῆν</span> 
     </span>
    </p>
   </div>
   <div class='ocr_carea' id='block_1_74' title="bbox 2085 2877 3654 2956">
    <p class='ocr_par' dir='ltr' id='par_1_74' title="bbox 2085 2877 3654 2956">
     <span class='ocr_line' id='line_1_74' title="bbox 2085 2877 3654 2956; baseline 0.004 -26"><span class='ocrx_word' id='word_1_526' title='bbox 2085 2877 2249 2942; x_wconf 82' lang='grc' dir='ltr'>αὑτὸς</span> <span class='ocrx_word' id='word_1_527' title='bbox 2282 2878 2572 2950; x_wconf 81' lang='grc' dir='ltr'>πεποίηται</span> <span class='ocrx_word' id='word_1_528' title='bbox 2599 2882 2806 2951; x_wconf 82' lang='grc' dir='ltr'>φήσας·</span> <span class='ocrx_word' id='word_1_529' title='bbox 2848 2900 2866 2932; x_wconf 79' lang='grc' dir='ltr'><strong>ι</strong></span> <span class='ocrx_word' id='word_1_530' title='bbox 2904 2882 3077 2934; x_wconf 84' lang='grc' dir='ltr'>Ὅπου</span> <span class='ocrx_word' id='word_1_531' title='bbox 3118 2881 3226 2934; x_wconf 77' lang='grc' dir='ltr'>είσὶ</span> <span class='ocrx_word' id='word_1_532' title='bbox 3256 2881 3350 2934; x_wconf 86' lang='grc' dir='ltr'><strong>δύο</strong></span> <span class='ocrx_word' id='word_1_533' title='bbox 3381 2883 3475 2935; x_wconf 80' lang='grc' dir='ltr'>καὶ</span> <span class='ocrx_word' id='word_1_534' title='bbox 3507 2884 3654 2956; x_wconf 79' lang='grc' dir='ltr'>τρεῖς</span> 
     </span>
    </p>
   </div>
   <div class='ocr_carea' id='block_1_75' title="bbox 2084 2972 3654 3049">
    <p class='ocr_par' dir='ltr' id='par_1_75' title="bbox 2084 2972 3654 3049">
     <span class='ocr_line' id='line_1_75' title="bbox 2084 2972 3654 3049; baseline 0.004 -25"><span class='ocrx_word' id='word_1_535' title='bbox 2084 2972 2414 3042; x_wconf 82' lang='grc' dir='ltr'>συνηγμένοι</span> <span class='ocrx_word' id='word_1_536' title='bbox 2458 2974 2517 3027; x_wconf 77' lang='grc' dir='ltr'>ἐν</span> <span class='ocrx_word' id='word_1_537' title='bbox 2566 2973 2643 3045; x_wconf 82' lang='grc' dir='ltr'><strong>τῷ</strong></span> <span class='ocrx_word' id='word_1_538' title='bbox 2672 2973 2892 3044; x_wconf 86' lang='grc' dir='ltr'>ὀνόματί</span> <span class='ocrx_word' id='word_1_539' title='bbox 2933 2992 3057 3046; x_wconf 90' lang='grc' dir='ltr'>μου,</span> <span class='ocrx_word' id='word_1_540' title='bbox 3101 2976 3216 3030; x_wconf 72' lang='grc' dir='ltr'>ἐκεῖ</span> <span class='ocrx_word' id='word_1_541' title='bbox 3258 2978 3374 3049; x_wconf 80' lang='grc' dir='ltr'>είμι</span> <span class='ocrx_word' id='word_1_542' title='bbox 3407 2977 3466 3031; x_wconf 78' lang='grc' dir='ltr'>ὲν</span> <span class='ocrx_word' id='word_1_543' title='bbox 3505 2977 3654 3048; x_wconf 84' lang='grc' dir='ltr'>μέσῳ</span> 
     </span>
    </p>
   </div>
   <div class='ocr_carea' id='block_1_76' title="bbox 2079 3063 2328 3117">
    <p class='ocr_par' dir='ltr' id='par_1_76' title="bbox 2079 3063 2328 3117">
     <span class='ocr_line' id='line_1_76' title="bbox 2079 3063 2328 3117; baseline -0.004 0"><span class='ocrx_word' id='word_1_544' title='bbox 2079 3063 2276 3117; x_wconf 82' lang='grc' dir='ltr'>αὑτῶν.</span> <span class='ocrx_word' id='word_1_545' title='bbox 2310 3081 2328 3116; x_wconf 80' lang='grc' dir='ltr'><strong>ι</strong></span> 
     </span>
    </p>
   </div>
   <div class='ocr_carea' id='block_1_77' title="bbox 2596 3155 3124 3210">
    <p class='ocr_par' dir='ltr' id='par_1_77' title="bbox 2596 3155 3124 3210">
     <span class='ocr_line' id='line_1_77' title="bbox 2596 3155 3124 3210; baseline -0.002 0"><span class='ocrx_word' id='word_1_546' title='bbox 2596 3155 2989 3210; x_wconf 77' lang='grc' dir='ltr'><strong>ΚΕΦΔΛΑΙΟΝ</strong></span> <span class='ocrx_word' id='word_1_547' title='bbox 3026 3155 3124 3209; x_wconf 81' lang='lat' dir='ltr'><strong>II&quot;.</strong></span> 
     </span>
    </p>
   </div>
   <div class='ocr_carea' id='block_1_78' title="bbox 2160 3242 3650 3321">
    <p class='ocr_par' dir='ltr' id='par_1_78' title="bbox 2160 3242 3650 3321">
     <span class='ocr_line' id='line_1_78' title="bbox 2160 3242 3650 3321; baseline 0.005 -23"><span class='ocrx_word' id='word_1_548' title='bbox 2160 3265 2179 3298; x_wconf 80' lang='grc' dir='ltr'><strong>ι</strong></span> <span class='ocrx_word' id='word_1_549' title='bbox 2226 3248 2454 3319; x_wconf 85' lang='grc' dir='ltr'>’Ὀρασις</span> <span class='ocrx_word' id='word_1_550' title='bbox 2499 3249 2563 3318; x_wconf 70' lang='grc' dir='ltr'>ἣν</span> <span class='ocrx_word' id='word_1_551' title='bbox 2594 3242 2735 3302; x_wconf 83' lang='grc' dir='ltr'>εἶδεν</span> <span class='ocrx_word' id='word_1_552' title='bbox 2769 3248 2993 3311; x_wconf 79' lang='grc' dir='ltr'>Ἡσαΐας</span> <span class='ocrx_word' id='word_1_553' title='bbox 3019 3247 3132 3311; x_wconf 82' lang='grc' dir='ltr'>υίὸς</span> <span class='ocrx_word' id='word_1_554' title='bbox 3168 3249 3348 3321; x_wconf 79' lang='grc' dir='ltr'>’Δμὼς</span> <span class='ocrx_word' id='word_1_555' title='bbox 3371 3250 3515 3305; x_wconf 87' lang='grc' dir='ltr'><strong>κατά</strong></span> <span class='ocrx_word' id='word_1_556' title='bbox 3548 3251 3650 3306; x_wconf 86' lang='grc' dir='ltr'><strong>Βα-</strong></span> 
     </span>
    </p>
   </div>
   <div class='ocr_carea' id='block_1_79' title="bbox 2080 3338 3652 3413">
    <p class='ocr_par' dir='ltr' id='par_1_79' title="bbox 2080 3338 3652 3413">
     <span class='ocr_line' id='line_1_79' title="bbox 2080 3338 3652 3413; baseline 0.003 -21"><span class='ocrx_word' id='word_1_557' title='bbox 2080 3338 2339 3404; x_wconf 75' lang='grc' dir='ltr'>ϐυλῶνος.</span> <span class='ocrx_word' id='word_1_558' title='bbox 2375 3341 2491 3393; x_wconf 82' lang='grc' dir='ltr'><strong>Ἐπ’</strong></span> <span class='ocrx_word' id='word_1_559' title='bbox 2526 3341 2684 3411; x_wconf 76' lang='grc' dir='ltr'>δρους</span> <span class='ocrx_word' id='word_1_560' title='bbox 2734 3338 2949 3392; x_wconf 83' lang='grc' dir='ltr'>πεδινοῦ</span> <span class='ocrx_word' id='word_1_561' title='bbox 2989 3340 3156 3410; x_wconf 80' lang='grc' dir='ltr'>ἄρατε</span> <span class='ocrx_word' id='word_1_562' title='bbox 3209 3345 3456 3412; x_wconf 82' lang='grc' dir='ltr'>σημεῖον,</span> <span class='ocrx_word' id='word_1_563' title='bbox 3508 3341 3652 3413; x_wconf 77' lang='grc' dir='ltr'><strong>ὑψώ-</strong></span> 
     </span>
    </p>
   </div>
   <div class='ocr_carea' id='block_1_80' title="bbox 2080 3431 3650 3507">
    <p class='ocr_par' dir='ltr' id='par_1_80' title="bbox 2080 3431 3650 3507">
     <span class='ocr_line' id='line_1_80' title="bbox 2080 3431 3650 3507; baseline 0.003 -22"><span class='ocrx_word' id='word_1_564' title='bbox 2080 3448 2207 3486; x_wconf 90' lang='grc' dir='ltr'>σατε</span> <span class='ocrx_word' id='word_1_565' title='bbox 2234 3431 2332 3503; x_wconf 85' lang='grc' dir='ltr'>τὴν</span> <span class='ocrx_word' id='word_1_566' title='bbox 2367 3432 2549 3502; x_wconf 84' lang='grc' dir='ltr'>φωνὴν</span> <span class='ocrx_word' id='word_1_567' title='bbox 2585 3433 2766 3493; x_wconf 81' lang='grc' dir='ltr'>αὑτοῖς</span> <span class='ocrx_word' id='word_1_568' title='bbox 2785 3447 2796 3460; x_wconf 81' lang='grc'><strong>’</strong></span> <span class='ocrx_word' id='word_1_569' title='bbox 2835 3432 2910 3504; x_wconf 73' lang='grc' dir='ltr'>μὴ</span> <span class='ocrx_word' id='word_1_570' title='bbox 2957 3433 3226 3502; x_wconf 73' lang='grc' dir='ltr'>φοϐεῖσθε,</span> <span class='ocrx_word' id='word_1_571' title='bbox 3277 3436 3650 3507; x_wconf 76' lang='grc' dir='ltr'>παρακαλεῖτε</span> 
     </span>
    </p>
   </div>
   <div class='ocr_carea' id='block_1_81' title="bbox 2076 3521 3652 3597">
    <p class='ocr_par' dir='ltr' id='par_1_81' title="bbox 2076 3521 3652 3597">
     <span class='ocr_line' id='line_1_81' title="bbox 2076 3521 3652 3597; baseline 0.006 -23"><span class='ocrx_word' id='word_1_572' title='bbox 2076 3524 2142 3592; x_wconf 83' lang='grc' dir='ltr'>τῇ</span> <span class='ocrx_word' id='word_1_573' title='bbox 2211 3523 2375 3593; x_wconf 68' lang='grc' dir='ltr'>χειρὶ,</span> <span class='ocrx_word' id='word_1_574' title='bbox 2430 3522 2698 3586; x_wconf 74' lang='grc' dir='ltr'>ἀνοίξατε,</span> <span class='ocrx_word' id='word_1_575' title='bbox 2735 3524 2785 3574; x_wconf 90' lang='grc' dir='ltr'>οί</span> <span class='ocrx_word' id='word_1_576' title='bbox 2833 3524 3111 3593; x_wconf 80' lang='grc' dir='ltr'>ἄρχοντες.</span> <span class='ocrx_word' id='word_1_577' title='bbox 3159 3543 3178 3577; x_wconf 75' lang='grc' dir='ltr'><strong>ι</strong></span> <span class='ocrx_word' id='word_1_578' title='bbox 3230 3527 3338 3582; x_wconf 80' lang='grc' dir='ltr'><strong>Καὶ</strong></span> <span class='ocrx_word' id='word_1_579' title='bbox 3401 3521 3534 3597; x_wconf 84' lang='grc' dir='ltr'><strong>μετά</strong></span> <span class='ocrx_word' id='word_1_580' title='bbox 3581 3527 3652 3584; x_wconf 79' lang='grc' dir='ltr'><strong>τὰ</strong></span> 
     </span>
    </p>
   </div>
   <div class='ocr_carea' id='block_1_82' title="bbox 2076 3613 3641 3688">
    <p class='ocr_par' dir='ltr' id='par_1_82' title="bbox 2076 3613 3641 3688">
     <span class='ocr_line' id='line_1_82' title="bbox 2076 3613 3641 3688; baseline 0.004 -23"><span class='ocrx_word' id='word_1_581' title='bbox 2076 3613 2432 3666; x_wconf 80' lang='grc' dir='ltr'>θεσπισθὲντα</span> <span class='ocrx_word' id='word_1_582' title='bbox 2462 3613 2528 3665; x_wconf 80' lang='grc' dir='ltr'>τὰ</span> <span class='ocrx_word' id='word_1_583' title='bbox 2555 3614 2647 3666; x_wconf 82' lang='grc' dir='ltr'><strong>ὲπὶ</strong></span> <span class='ocrx_word' id='word_1_584' title='bbox 2679 3613 2778 3684; x_wconf 83' lang='grc' dir='ltr'>τῆς</span> <span class='ocrx_word' id='word_1_585' title='bbox 2806 3615 3101 3685; x_wconf 82' lang='grc' dir='ltr'>παρουσίας</span> <span class='ocrx_word' id='word_1_586' title='bbox 3129 3615 3220 3668; x_wconf 90' lang='grc' dir='ltr'><strong>τοῦ</strong></span> <span class='ocrx_word' id='word_1_587' title='bbox 3265 3618 3499 3688; x_wconf 81' lang='grc' dir='ltr'>Χριστοῦ</span> <span class='ocrx_word' id='word_1_588' title='bbox 3555 3635 3641 3688; x_wconf 85' lang='grc' dir='ltr'>γε·</span> 
     </span>
    </p>
   </div>
   <div class='ocr_carea' id='block_1_83' title="bbox 2075 3705 3650 3778">
    <p class='ocr_par' dir='ltr' id='par_1_83' title="bbox 2075 3705 3650 3778">
     <span class='ocr_line' id='line_1_83' title="bbox 2075 3705 3650 3778; baseline 0.004 -19"><span class='ocrx_word' id='word_1_589' title='bbox 2075 3705 2347 3777; x_wconf 84' lang='grc' dir='ltr'>νησόμενα</span> <span class='ocrx_word' id='word_1_590' title='bbox 2372 3706 2561 3774; x_wconf 69' lang='grc' dir='ltr'>ἐτέρας</span> <span class='ocrx_word' id='word_1_591' title='bbox 2599 3705 2824 3776; x_wconf 80' lang='grc' dir='ltr'>ἄρχεται</span> <span class='ocrx_word' id='word_1_592' title='bbox 2859 3706 3163 3771; x_wconf 82' lang='grc' dir='ltr'>ὑποθέσεως</span> <span class='ocrx_word' id='word_1_593' title='bbox 3188 3708 3288 3778; x_wconf 82' lang='grc' dir='ltr'>τῆς</span> <span class='ocrx_word' id='word_1_594' title='bbox 3313 3710 3453 3763; x_wconf 89' lang='grc' dir='ltr'><strong>κατά</strong></span> <span class='ocrx_word' id='word_1_595' title='bbox 3479 3711 3650 3765; x_wconf 74' lang='grc' dir='ltr'>Βαϐυ-</span> 
     </span>
    </p>
   </div>
   <div class='ocr_carea' id='block_1_84' title="bbox 2074 3791 3645 3872">
    <p class='ocr_par' dir='ltr' id='par_1_84' title="bbox 2074 3791 3645 3872">
     <span class='ocr_line' id='line_1_84' title="bbox 2074 3791 3645 3872; baseline 0.003 -22"><span class='ocrx_word' id='word_1_596' title='bbox 2074 3795 2270 3858; x_wconf 87' lang='grc' dir='ltr'>λῶνος·</span> <span class='ocrx_word' id='word_1_597' title='bbox 2306 3791 2404 3847; x_wconf 75' lang='grc' dir='ltr'><strong>εἷθ’</strong></span> <span class='ocrx_word' id='word_1_598' title='bbox 2433 3795 2559 3865; x_wconf 76' lang='grc' dir='ltr'><strong>ἑξῆς</strong></span> <span class='ocrx_word' id='word_1_599' title='bbox 2583 3796 2840 3868; x_wconf 84' lang='grc' dir='ltr'>δευτέραν</span> <span class='ocrx_word' id='word_1_600' title='bbox 2886 3799 3067 3870; x_wconf 89' lang='grc' dir='ltr'>τίθησι</span> <span class='ocrx_word' id='word_1_601' title='bbox 3111 3799 3211 3870; x_wconf 74' lang='grc' dir='ltr'>τὴν</span> <span class='ocrx_word' id='word_1_602' title='bbox 3241 3800 3368 3872; x_wconf 65' lang='grc' dir='ltr'><strong>περ)⁵</strong></span> <span class='ocrx_word' id='word_1_603' title='bbox 3400 3801 3507 3854; x_wconf 88' lang='grc' dir='ltr'><strong>τῶν</strong></span> <span class='ocrx_word' id='word_1_604' title='bbox 3541 3803 3645 3856; x_wconf 61' lang='lat' dir='ltr'><strong>dtu-</strong></span> 
     </span>
    </p>
   </div>
   <div class='ocr_carea' id='block_1_85' title="bbox 2072 3886 3651 3962">
    <p class='ocr_par' dir='ltr' id='par_1_85' title="bbox 2072 3886 3651 3962">
     <span class='ocr_line' id='line_1_85' title="bbox 2072 3886 3651 3962; baseline 0.003 -20"><span class='ocrx_word' id='word_1_605' title='bbox 2072 3886 2349 3942; x_wconf 80' lang='grc' dir='ltr'>λιστιαίων</span> <span class='ocrx_word' id='word_1_606' title='bbox 2383 3903 2396 3916; x_wconf 93' lang='grc'><strong>·</strong></span> <span class='ocrx_word' id='word_1_607' title='bbox 2433 3887 2550 3959; x_wconf 83' lang='grc' dir='ltr'>μεθ’</span> <span class='ocrx_word' id='word_1_608' title='bbox 2584 3889 2649 3958; x_wconf 75' lang='grc' dir='ltr'>ἢν</span> <span class='ocrx_word' id='word_1_609' title='bbox 2688 3889 2868 3959; x_wconf 87' lang='grc' dir='ltr'>τρίτον</span> <span class='ocrx_word' id='word_1_610' title='bbox 2907 3891 3026 3946; x_wconf 80' lang='grc' dir='ltr'>ἐστὶ</span> <span class='ocrx_word' id='word_1_611' title='bbox 3049 3891 3110 3944; x_wconf 81' lang='grc' dir='ltr'>τὸ</span> <span class='ocrx_word' id='word_1_612' title='bbox 3139 3891 3281 3946; x_wconf 84' lang='grc' dir='ltr'><strong>κατά</strong></span> <span class='ocrx_word' id='word_1_613' title='bbox 3306 3893 3406 3962; x_wconf 80' lang='grc' dir='ltr'>τῆς</span> <span class='ocrx_word' id='word_1_614' title='bbox 3437 3893 3651 3948; x_wconf 75' lang='grc' dir='ltr'>Μωαϐί-</span> 
     </span>
    </p>
   </div>
   <div class='ocr_carea' id='block_1_86' title="bbox 2072 3973 3646 4055">
    <p class='ocr_par' dir='ltr' id='par_1_86' title="bbox 2072 3973 3646 4055">
     <span class='ocr_line' id='line_1_86' title="bbox 2072 3973 3646 4055; baseline 0.004 -22"><span class='ocrx_word' id='word_1_615' title='bbox 2072 3978 2214 4042; x_wconf 87' lang='grc' dir='ltr'>τιδος</span> <span class='ocrx_word' id='word_1_616' title='bbox 2239 3996 2251 4009; x_wconf 91' lang='grc'><strong>·</strong></span> <span class='ocrx_word' id='word_1_617' title='bbox 2280 3973 2397 4032; x_wconf 83' lang='grc' dir='ltr'>εἶτα</span> <span class='ocrx_word' id='word_1_618' title='bbox 2429 3981 2523 4032; x_wconf 75' lang='grc' dir='ltr'>καὶ</span> <span class='ocrx_word' id='word_1_619' title='bbox 2560 3981 2622 4033; x_wconf 85' lang='grc' dir='ltr'>τὸ</span> <span class='ocrx_word' id='word_1_620' title='bbox 2655 3982 2796 4035; x_wconf 79' lang='grc' dir='ltr'>κατὰ</span> <span class='ocrx_word' id='word_1_621' title='bbox 2824 3983 3136 4053; x_wconf 80' lang='grc' dir='ltr'>Δαμασκοῦ,</span> <span class='ocrx_word' id='word_1_622' title='bbox 3179 3984 3270 4037; x_wconf 78' lang='grc' dir='ltr'><strong>καὶ</strong></span> <span class='ocrx_word' id='word_1_623' title='bbox 3299 3985 3438 4055; x_wconf 84' lang='grc' dir='ltr'>μετὰ</span> <span class='ocrx_word' id='word_1_624' title='bbox 3475 3985 3646 4040; x_wconf 81' lang='grc' dir='ltr'>ταῦτα</span> 
     </span>
    </p>
   </div>
   <div class='ocr_carea' id='block_1_87' title="bbox 2073 4068 3646 4146">
    <p class='ocr_par' dir='ltr' id='par_1_87' title="bbox 2073 4068 3646 4146">
     <span class='ocr_line' id='line_1_87' title="bbox 2073 4068 3646 4146; baseline 0.004 -23"><span class='ocrx_word' id='word_1_625' title='bbox 2073 4071 2266 4136; x_wconf 79' lang='grc' dir='ltr'>ὅρασις</span> <span class='ocrx_word' id='word_1_626' title='bbox 2315 4069 2625 4139; x_wconf 73' lang='grc' dir='ltr'>Αίγύπτου¹</span> <span class='ocrx_word' id='word_1_627' title='bbox 2662 4068 2762 4126; x_wconf 85' lang='grc' dir='ltr'>εἷθ’</span> <span class='ocrx_word' id='word_1_628' title='bbox 2815 4073 2972 4127; x_wconf 72' lang='grc' dir='ltr'>ἕκτον</span> <span class='ocrx_word' id='word_1_629' title='bbox 3019 4073 3082 4126; x_wconf 85' lang='grc' dir='ltr'><strong>τὺ</strong></span> <span class='ocrx_word' id='word_1_630' title='bbox 3114 4075 3299 4146; x_wconf 85' lang='grc' dir='ltr'>ὅραμα</span> <span class='ocrx_word' id='word_1_631' title='bbox 3344 4075 3443 4145; x_wconf 86' lang='grc' dir='ltr'>τῆς</span> <span class='ocrx_word' id='word_1_632' title='bbox 3494 4076 3646 4130; x_wconf 72' lang='grc' dir='ltr'><strong>Ἰδον⁴</strong></span> 
     </span>
    </p>
   </div>
   <div class='ocr_carea' id='block_1_88' title="bbox 2078 4159 3646 4236">
    <p class='ocr_par' dir='ltr' id='par_1_88' title="bbox 2078 4159 3646 4236">
     <span class='ocr_line' id='line_1_88' title="bbox 2078 4159 3646 4236; baseline 0.004 -23"><span class='ocrx_word' id='word_1_633' title='bbox 2078 4161 2274 4231; x_wconf 85' lang='grc' dir='ltr'>μαίας·</span> <span class='ocrx_word' id='word_1_634' title='bbox 2336 4162 2526 4215; x_wconf 75' lang='grc' dir='ltr'>ἔπειτα</span> <span class='ocrx_word' id='word_1_635' title='bbox 2574 4161 2764 4233; x_wconf 80' lang='grc' dir='ltr'>λῆμμα</span> <span class='ocrx_word' id='word_1_636' title='bbox 2817 4169 2883 4236; x_wconf 81' lang='grc' dir='ltr'><strong>τῇ</strong></span> <span class='ocrx_word' id='word_1_637' title='bbox 2937 4165 3199 4236; x_wconf 76' lang='grc' dir='ltr'>Ἀραϐίᾳ’</span> <span class='ocrx_word' id='word_1_638' title='bbox 3253 4159 3298 4232; x_wconf 84' lang='grc' dir='ltr'>ᾧ</span> <span class='ocrx_word' id='word_1_639' title='bbox 3349 4167 3537 4220; x_wconf 68' lang='grc' dir='ltr'>ἕπεται</span> <span class='ocrx_word' id='word_1_640' title='bbox 3585 4166 3646 4220; x_wconf 77' lang='grc' dir='ltr'>τὸ</span> 
     </span>
    </p>
   </div>
   <div class='ocr_carea' id='block_1_89' title="bbox 2073 4253 3646 4330">
    <p class='ocr_par' dir='ltr' id='par_1_89' title="bbox 2073 4253 3646 4330">
     <span class='ocr_line' id='line_1_89' title="bbox 2073 4253 3646 4330; baseline 0.006 -26"><span class='ocrx_word' id='word_1_641' title='bbox 2073 4253 2261 4324; x_wconf 77' lang='grc' dir='ltr'>ὅραμα</span> <span class='ocrx_word' id='word_1_642' title='bbox 2287 4253 2386 4324; x_wconf 78' lang='grc' dir='ltr'>τῆς</span> <span class='ocrx_word' id='word_1_643' title='bbox 2420 4253 2701 4325; x_wconf 83' lang='grc' dir='ltr'>φάραγγος</span> <span class='ocrx_word' id='word_1_644' title='bbox 2728 4255 2864 4308; x_wconf 86' lang='grc' dir='ltr'>Σιών</span> <span class='ocrx_word' id='word_1_645' title='bbox 2885 4273 2898 4286; x_wconf 89' lang='grc'>·</span> <span class='ocrx_word' id='word_1_646' title='bbox 2935 4257 3026 4308; x_wconf 78' lang='grc' dir='ltr'>καὶ</span> <span class='ocrx_word' id='word_1_647' title='bbox 3056 4259 3149 4310; x_wconf 76' lang='grc' dir='ltr'><strong>ἐπὶ</strong></span> <span class='ocrx_word' id='word_1_648' title='bbox 3178 4259 3311 4311; x_wconf 81' lang='grc' dir='ltr'>πᾶσι</span> <span class='ocrx_word' id='word_1_649' title='bbox 3361 4259 3646 4330; x_wconf 84' lang='grc' dir='ltr'>τὸ·ὅραμα</span> 
     </span>
    </p>
   </div>
   <div class='ocr_carea' id='block_1_90' title="bbox 2076 4339 3645 4421">
    <p class='ocr_par' dir='ltr' id='par_1_90' title="bbox 2076 4339 3645 4421">
     <span class='ocr_line' id='line_1_90' title="bbox 2076 4339 3645 4421; baseline 0.003 -22"><span class='ocrx_word' id='word_1_650' title='bbox 2076 4346 2269 4417; x_wconf 81' lang='grc' dir='ltr'>Τύρου.</span> <span class='ocrx_word' id='word_1_651' title='bbox 2309 4347 2447 4401; x_wconf 88' lang='grc' dir='ltr'>Δέκα</span> <span class='ocrx_word' id='word_1_652' title='bbox 2483 4347 2539 4398; x_wconf 83' lang='grc' dir='ltr'>δὲ</span> <span class='ocrx_word' id='word_1_653' title='bbox 2581 4339 2741 4399; x_wconf 78' lang='grc' dir='ltr'>αὗται</span> <span class='ocrx_word' id='word_1_654' title='bbox 2799 4347 2892 4400; x_wconf 76' lang='grc' dir='ltr'>καὶ</span> <span class='ocrx_word' id='word_1_655' title='bbox 2945 4349 3285 4418; x_wconf 85' lang='grc' dir='ltr'>συνημμέναι</span> <span class='ocrx_word' id='word_1_656' title='bbox 3323 4353 3645 4421; x_wconf 84' lang='grc' dir='ltr'>τυγχάνουσι</span> 
     </span>
    </p>
   </div>
   <div class='ocr_carea' id='block_1_91' title="bbox 2077 4435 3647 4513">
    <p class='ocr_par' dir='ltr' id='par_1_91' title="bbox 2077 4435 3647 4513">
     <span class='ocr_line' id='line_1_91' title="bbox 2077 4435 3647 4513; baseline 0.002 -22"><span class='ocrx_word' id='word_1_657' title='bbox 2077 4440 2404 4507; x_wconf 75' lang='grc' dir='ltr'>προφητεῖαι</span> <span class='ocrx_word' id='word_1_658' title='bbox 2428 4437 2554 4508; x_wconf 77' lang='grc' dir='ltr'>περὶ</span> <span class='ocrx_word' id='word_1_659' title='bbox 2586 4436 2695 4492; x_wconf 86' lang='grc' dir='ltr'><strong>τῶν</strong></span> <span class='ocrx_word' id='word_1_660' title='bbox 2737 4435 3046 4505; x_wconf 80' lang='grc' dir='ltr'>ἀλλοφύλων</span> <span class='ocrx_word' id='word_1_661' title='bbox 3079 4437 3269 4504; x_wconf 72' lang='grc' dir='ltr'>ἐθνῶν,</span> <span class='ocrx_word' id='word_1_662' title='bbox 3291 4435 3377 4503; x_wconf 81' lang='grc' dir='ltr'>αἶς</span> <span class='ocrx_word' id='word_1_663' title='bbox 3405 4442 3500 4493; x_wconf 74' lang='grc' dir='ltr'>καὶ</span> <span class='ocrx_word' id='word_1_664' title='bbox 3549 4441 3647 4513; x_wconf 82' lang='grc' dir='ltr'>τὴν</span> 
     </span>
    </p>
   </div>
   <div class='ocr_carea' id='block_1_92' title="bbox 397 4526 1980 4604">
    <p class='ocr_par' dir='ltr' id='par_1_92' title="bbox 397 4530 1971 4604">
     <span class='ocr_line' id='line_1_92' title="bbox 397 4530 1971 4604; baseline 0.002 -20"><span class='ocrx_word' id='word_1_665' title='bbox 397 4545 651 4584; x_wconf 86' lang='lat' dir='ltr'><strong>evocans.</strong></span> <span class='ocrx_word' id='word_1_666' title='bbox 689 4530 799 4586; x_wconf 90' lang='lat' dir='ltr'><strong>Cur</strong></span> <span class='ocrx_word' id='word_1_667' title='bbox 844 4545 1023 4587; x_wconf 88' lang='lat' dir='ltr'><strong>autem</strong></span> <span class='ocrx_word' id='word_1_668' title='bbox 1052 4533 1242 4587; x_wconf 90' lang='lat' dir='ltr'><strong>horum</strong></span> <span class='ocrx_word' id='word_1_669' title='bbox 1279 4545 1487 4588; x_wconf 90' lang='lat' dir='ltr'><strong>tantum</strong></span> <span class='ocrx_word' id='word_1_670' title='bbox 1509 4535 1663 4604; x_wconf 85' lang='lat' dir='ltr'><strong>quasi</strong></span> <span class='ocrx_word' id='word_1_671' title='bbox 1711 4549 1779 4588; x_wconf 75' lang='lat' dir='ltr'><strong>ex</strong></span> <span class='ocrx_word' id='word_1_672' title='bbox 1826 4543 1971 4588; x_wconf 89' lang='lat' dir='ltr'><strong>sorte</strong></span> 
     </span>
    </p>
   </div>
   <div class='ocr_carea' id='block_1_93' title="bbox 2085 4526 3646 4604">
    <p class='ocr_par' dir='ltr' id='par_1_93' title="bbox 2085 4526 3646 4600">
     <span class='ocr_line' id='line_1_93' title="bbox 2085 4526 3646 4600; baseline 0.003 -17"><span class='ocrx_word' id='word_1_673' title='bbox 2085 4529 2340 4599; x_wconf 82' lang='grc' dir='ltr'>φάραγγα</span> <span class='ocrx_word' id='word_1_674' title='bbox 2403 4526 2539 4580; x_wconf 88' lang='grc' dir='ltr'>Σιὼν</span> <span class='ocrx_word' id='word_1_675' title='bbox 2568 4529 3016 4600; x_wconf 85' lang='grc' dir='ltr'>συμπεριείληφε,</span> <span class='ocrx_word' id='word_1_676' title='bbox 3042 4532 3154 4593; x_wconf 86' lang='grc' dir='ltr'>τοῖς</span> <span class='ocrx_word' id='word_1_677' title='bbox 3196 4530 3512 4600; x_wconf 75' lang='grc' dir='ltr'>ἀλλοφύλοις</span> <span class='ocrx_word' id='word_1_678' title='bbox 3553 4534 3646 4588; x_wconf 75' lang='grc' dir='ltr'>καὶ</span> 
     </span>
    </p>
   </div>
   <div class='ocr_carea' id='block_1_94' title="bbox 398 4623 1976 4698">
    <p class='ocr_par' dir='ltr' id='par_1_94' title="bbox 398 4623 1976 4698">
     <span class='ocr_line' id='line_1_94' title="bbox 398 4623 1976 4698; baseline 0.003 -23"><span class='ocrx_word' id='word_1_679' title='bbox 398 4623 634 4690; x_wconf 86' lang='lat' dir='ltr'><strong>quadam</strong></span> <span class='ocrx_word' id='word_1_680' title='bbox 669 4625 952 4690; x_wconf 85' lang='lat' dir='ltr'><strong>meminit,</strong></span> <span class='ocrx_word' id='word_1_681' title='bbox 983 4625 1209 4680; x_wconf 87' lang='lat' dir='ltr'><strong>aliarum</strong></span> <span class='ocrx_word' id='word_1_682' title='bbox 1254 4641 1383 4681; x_wconf 87' lang='lat' dir='ltr'><strong>vero</strong></span> <span class='ocrx_word' id='word_1_683' title='bbox 1433 4628 1674 4698; x_wconf 81' lang='lat' dir='ltr'><strong>gentium</strong></span> <span class='ocrx_word' id='word_1_684' title='bbox 1719 4626 1976 4680; x_wconf 87' lang='lat' dir='ltr'><strong>minimc?</strong></span> 
     </span>
    </p>
   </div>
   <div class='ocr_carea' id='block_1_95' title="bbox 401 4713 1975 4786">
    <p class='ocr_par' dir='ltr' id='par_1_95' title="bbox 401 4713 1975 4786">
     <span class='ocr_line' id='line_1_95' title="bbox 401 4713 1975 4786; baseline 0.001 -18"><span class='ocrx_word' id='word_1_685' title='bbox 401 4713 816 4781; x_wconf 75' lang='lat' dir='ltr'><strong>Respondemus</strong></span> <span class='ocrx_word' id='word_1_686' title='bbox 866 4715 1040 4768; x_wconf 88' lang='lat' dir='ltr'><strong>nullas</strong></span> <span class='ocrx_word' id='word_1_687' title='bbox 1091 4717 1226 4770; x_wconf 90' lang='lat' dir='ltr'><strong>alias</strong></span> <span class='ocrx_word' id='word_1_688' title='bbox 1274 4723 1401 4770; x_wconf 92' lang='lat' dir='ltr'><strong>tunc</strong></span> <span class='ocrx_word' id='word_1_689' title='bbox 1456 4714 1714 4786; x_wconf 83' lang='lat' dir='ltr'><strong>temporis</strong></span> <span class='ocrx_word' id='word_1_690' title='bbox 1761 4713 1975 4769; x_wconf 67' lang='lat' dir='ltr'><strong>Iudaeo-</strong></span> 
     </span>
    </p>
   </div>
   <div class='ocr_carea' id='block_1_96' title="bbox 401 4801 1970 4873">
    <p class='ocr_par' dir='ltr' id='par_1_96' title="bbox 401 4801 1970 4873">
     <span class='ocr_line' id='line_1_96' title="bbox 401 4801 1970 4873; baseline 0.002 -17"><span class='ocrx_word' id='word_1_691' title='bbox 401 4816 521 4859; x_wconf 88' lang='lat' dir='ltr'><strong>rum</strong></span> <span class='ocrx_word' id='word_1_692' title='bbox 577 4801 772 4870; x_wconf 88' lang='lat' dir='ltr'><strong>popqu</strong></span> <span class='ocrx_word' id='word_1_693' title='bbox 827 4801 1050 4857; x_wconf 82' lang='lat' dir='ltr'><strong>infestas</strong></span> <span class='ocrx_word' id='word_1_694' title='bbox 1096 4802 1285 4868; x_wconf 80' lang='lat' dir='ltr'><strong>fuisse,</strong></span> <span class='ocrx_word' id='word_1_695' title='bbox 1323 4805 1424 4858; x_wconf 87' lang='lat' dir='ltr'><strong>nisi</strong></span> <span class='ocrx_word' id='word_1_696' title='bbox 1458 4805 1970 4873; x_wconf 81' lang='lat' dir='ltr'><strong>suprarecensilas,</strong></span> 
     </span>
    </p>
   </div>
   <div class='ocr_carea' id='block_1_97' title="bbox 400 4892 1975 4969">
    <p class='ocr_par' dir='ltr' id='par_1_97' title="bbox 400 4892 1975 4969">
     <span class='ocr_line' id='line_1_97' title="bbox 400 4892 1975 4969; baseline 0.003 -23"><span class='ocrx_word' id='word_1_697' title='bbox 400 4909 521 4964; x_wconf 77' lang='lat' dir='ltr'><strong>qua:</strong></span> <span class='ocrx_word' id='word_1_698' title='bbox 573 4892 890 4962; x_wconf 79' lang='lat' dir='ltr'><strong>frequenter</strong></span> <span class='ocrx_word' id='word_1_699' title='bbox 937 4904 1126 4949; x_wconf 87' lang='lat' dir='ltr'><strong>contra</strong></span> <span class='ocrx_word' id='word_1_700' title='bbox 1175 4895 1300 4950; x_wconf 79' lang='lat' dir='ltr'><strong>illos</strong></span> <span class='ocrx_word' id='word_1_701' title='bbox 1357 4897 1758 4969; x_wconf 83' lang='lat' dir='ltr'><strong>insurgebaut:</strong></span> <span class='ocrx_word' id='word_1_702' title='bbox 1811 4897 1975 4953; x_wconf 81' lang='lat' dir='ltr'><strong>modo</strong></span> 
     </span>
    </p>
   </div>
   <div class='ocr_carea' id='block_1_98' title="bbox 399 4981 1974 5060">
    <p class='ocr_par' dir='ltr' id='par_1_98' title="bbox 399 4981 1974 5060">
     <span class='ocr_line' id='line_1_98' title="bbox 399 4981 1974 5060; baseline 0.004 -23"><span class='ocrx_word' id='word_1_703' title='bbox 399 4985 620 5054; x_wconf 82' lang='lat' dir='ltr'><strong>quidem</strong></span> <span class='ocrx_word' id='word_1_704' title='bbox 662 4981 1058 5055; x_wconf 78' lang='lat' dir='ltr'><strong>Jernsolytnam</strong></span> <span class='ocrx_word' id='word_1_705' title='bbox 1105 4987 1425 5060; x_wconf 80' lang='lat' dir='ltr'><strong>expilantes,</strong></span> <span class='ocrx_word' id='word_1_706' title='bbox 1467 4990 1625 5042; x_wconf 91' lang='lat' dir='ltr'><strong>tnodo</strong></span> <span class='ocrx_word' id='word_1_707' title='bbox 1665 5005 1854 5044; x_wconf 89' lang='lat' dir='ltr'><strong>eorum</strong></span> <span class='ocrx_word' id='word_1_708' title='bbox 1889 5005 1974 5044; x_wconf 87' lang='lat' dir='ltr'><strong>re—</strong></span> 
     </span>
    </p>
   </div>
   <div class='ocr_carea' id='block_1_99' title="bbox 393 5076 1974 5148">
    <p class='ocr_par' dir='ltr' id='par_1_99' title="bbox 393 5076 1974 5148">
     <span class='ocr_line' id='line_1_99' title="bbox 393 5076 1974 5148; baseline 0.003 -20"><span class='ocrx_word' id='word_1_709' title='bbox 393 5076 612 5145; x_wconf 76' lang='lat' dir='ltr'><strong>gionem</strong></span> <span class='ocrx_word' id='word_1_710' title='bbox 639 5084 941 5136; x_wconf 78' lang='lat' dir='ltr'><strong>vastantes.</strong></span> <span class='ocrx_word' id='word_1_711' title='bbox 990 5077 1352 5143; x_wconf 85' lang='lat' dir='ltr'><strong>Quamobrem</strong></span> <span class='ocrx_word' id='word_1_712' title='bbox 1382 5093 1501 5143; x_wconf 87' lang='lat' dir='ltr'><strong>eos,</strong></span> <span class='ocrx_word' id='word_1_713' title='bbox 1529 5079 1618 5148; x_wconf 89' lang='lat' dir='ltr'><strong>qui</strong></span> <span class='ocrx_word' id='word_1_714' title='bbox 1649 5081 1974 5135; x_wconf 84' lang='lat' dir='ltr'><strong>obsideban-</strong></span> 
     </span>
    </p>
   </div>
   <div class='ocr_carea' id='block_1_100' title="bbox 395 5167 1974 5240">
    <p class='ocr_par' dir='ltr' id='par_1_100' title="bbox 395 5167 1974 5240">
     <span class='ocr_line' id='line_1_100' title="bbox 395 5167 1974 5240; baseline 0.002 -19"><span class='ocrx_word' id='word_1_715' title='bbox 395 5178 508 5233; x_wconf 75' lang='lat' dir='ltr'><strong>tur,</strong></span> <span class='ocrx_word' id='word_1_716' title='bbox 544 5169 856 5226; x_wconf 75' lang='lat' dir='ltr'><strong>necessario</strong></span> <span class='ocrx_word' id='word_1_717' title='bbox 893 5167 1172 5238; x_wconf 85' lang='lat' dir='ltr'><strong>Scriptura</strong></span> <span class='ocrx_word' id='word_1_718' title='bbox 1202 5170 1359 5224; x_wconf 83' lang='lat' dir='ltr'><strong>docet</strong></span> <span class='ocrx_word' id='word_1_719' title='bbox 1388 5185 1448 5224; x_wconf 88' lang='lat' dir='ltr'><strong>ea</strong></span> <span class='ocrx_word' id='word_1_720' title='bbox 1471 5211 1485 5236; x_wconf 84' lang='lat'><strong>,</strong></span> <span class='ocrx_word' id='word_1_721' title='bbox 1521 5187 1646 5240; x_wconf 69' lang='lat' dir='ltr'><strong>quae</strong></span> <span class='ocrx_word' id='word_1_722' title='bbox 1672 5171 1974 5227; x_wconf 89' lang='lat' dir='ltr'><strong>obsidenti-</strong></span> 
     </span>
    </p>
   </div>
   <div class='ocr_carea' id='block_1_101' title="bbox 399 5261 1977 5334">
    <p class='ocr_par' dir='ltr' id='par_1_101' title="bbox 399 5261 1977 5334">
     <span class='ocr_line' id='line_1_101' title="bbox 399 5261 1977 5334; baseline 0.002 -20"><span class='ocrx_word' id='word_1_723' title='bbox 399 5261 501 5314; x_wconf 90' lang='lat' dir='ltr'><strong>bus</strong></span> <span class='ocrx_word' id='word_1_724' title='bbox 543 5270 804 5318; x_wconf 75' lang='lat' dir='ltr'><strong>eventnra</strong></span> <span class='ocrx_word' id='word_1_725' title='bbox 845 5269 1024 5316; x_wconf 87' lang='lat' dir='ltr'><strong>erant.</strong></span> <span class='ocrx_word' id='word_1_726' title='bbox 1074 5261 1208 5330; x_wconf 83' lang='lat' dir='ltr'><strong>Ipsis</strong></span> <span class='ocrx_word' id='word_1_727' title='bbox 1243 5277 1373 5316; x_wconf 83' lang='lat' dir='ltr'><strong>vero</strong></span> <span class='ocrx_word' id='word_1_728' title='bbox 1404 5277 1527 5316; x_wconf 89' lang='lat' dir='ltr'><strong>cum</strong></span> <span class='ocrx_word' id='word_1_729' title='bbox 1565 5262 1848 5319; x_wconf 87' lang='lat' dir='ltr'><strong>scientiam</strong></span> <span class='ocrx_word' id='word_1_730' title='bbox 1881 5275 1977 5334; x_wconf 87' lang='lat' dir='ltr'><strong>per</strong></span> 
     </span>
    </p>
   </div>
   <div class='ocr_carea' id='block_1_102' title="bbox 400 5351 1969 5424">
    <p class='ocr_par' dir='ltr' id='par_1_102' title="bbox 400 5351 1969 5424">
     <span class='ocr_line' id='line_1_102' title="bbox 400 5351 1969 5424; baseline 0.003 -20"><span class='ocrx_word' id='word_1_731' title='bbox 400 5351 673 5412; x_wconf 75' lang='lat' dir='ltr'><strong>Christum</strong></span> <span class='ocrx_word' id='word_1_732' title='bbox 695 5353 1118 5416; x_wconf 76' lang='lat' dir='ltr'><strong>conciliandam,</strong></span> <span class='ocrx_word' id='word_1_733' title='bbox 1145 5363 1258 5407; x_wconf 90' lang='lat' dir='ltr'><strong>tum</strong></span> <span class='ocrx_word' id='word_1_734' title='bbox 1284 5353 1553 5408; x_wconf 86' lang='lat' dir='ltr'><strong>bonorum</strong></span> <span class='ocrx_word' id='word_1_735' title='bbox 1583 5356 1969 5424; x_wconf 81' lang='lat' dir='ltr'><strong>promissioncs</strong></span> 
     </span>
    </p>
   </div>
   <div class='ocr_carea' id='block_1_103' title="bbox 399 5443 1964 5518">
    <p class='ocr_par' dir='ltr' id='par_1_103' title="bbox 399 5443 1964 5518">
     <span class='ocr_line' id='line_1_103' title="bbox 399 5443 1964 5518; baseline 0.004 -22"><span class='ocrx_word' id='word_1_736' title='bbox 399 5444 686 5500; x_wconf 83' lang='lat' dir='ltr'><strong>atnmntiat</strong></span> <span class='ocrx_word' id='word_1_737' title='bbox 717 5462 732 5497; x_wconf 90' lang='lat'><strong>:</strong></span> <span class='ocrx_word' id='word_1_738' title='bbox 768 5445 1129 5514; x_wconf 78' lang='lat' dir='ltr'><strong>omnibusque</strong></span> <span class='ocrx_word' id='word_1_739' title='bbox 1160 5443 1466 5512; x_wconf 78' lang='lat' dir='ltr'><strong>universim</strong></span> <span class='ocrx_word' id='word_1_740' title='bbox 1521 5446 1586 5501; x_wconf 91' lang='lat' dir='ltr'><strong>de</strong></span> <span class='ocrx_word' id='word_1_741' title='bbox 1628 5447 1835 5518; x_wconf 88' lang='lat' dir='ltr'><strong>judicio</strong></span> <span class='ocrx_word' id='word_1_742' title='bbox 1871 5447 1964 5504; x_wconf 89' lang='lat' dir='ltr'><strong>Dei</strong></span> 
     </span>
    </p>
   </div>
   <div class='ocr_carea' id='block_1_104' title="bbox 400 5534 1966 5607">
    <p class='ocr_par' dir='ltr' id='par_1_104' title="bbox 400 5534 1966 5607">
     <span class='ocr_line' id='line_1_104' title="bbox 400 5534 1966 5607; baseline 0.003 -20"><span class='ocrx_word' id='word_1_743' title='bbox 400 5534 560 5589; x_wconf 86' lang='lat' dir='ltr'><strong>verba</strong></span> <span class='ocrx_word' id='word_1_744' title='bbox 593 5535 743 5598; x_wconf 83' lang='lat' dir='ltr'><strong>facit,</strong></span> <span class='ocrx_word' id='word_1_745' title='bbox 776 5552 963 5591; x_wconf 85' lang='lat' dir='ltr'><strong>omnes</strong></span> <span class='ocrx_word' id='word_1_746' title='bbox 997 5537 1242 5592; x_wconf 88' lang='lat' dir='ltr'><strong>homines</strong></span> <span class='ocrx_word' id='word_1_747' title='bbox 1267 5538 1554 5592; x_wconf 87' lang='lat' dir='ltr'><strong>cohortaus</strong></span> <span class='ocrx_word' id='word_1_748' title='bbox 1578 5538 1644 5591; x_wconf 90' lang='lat' dir='ltr'><strong>ad</strong></span> <span class='ocrx_word' id='word_1_749' title='bbox 1678 5539 1763 5607; x_wconf 92' lang='lat' dir='ltr'><strong>pie</strong></span> <span class='ocrx_word' id='word_1_750' title='bbox 1788 5540 1966 5594; x_wconf 86' lang='lat' dir='ltr'><strong>viven-</strong></span> 
     </span>
    </p>
   </div>
   <div class='ocr_carea' id='block_1_105' title="bbox 399 5623 1960 5698">
    <p class='ocr_par' dir='ltr' id='par_1_105' title="bbox 399 5623 1960 5698">
     <span class='ocr_line' id='line_1_105' title="bbox 399 5623 1960 5698; baseline 0.003 -21"><span class='ocrx_word' id='word_1_751' title='bbox 399 5623 549 5690; x_wconf 82' lang='lat' dir='ltr'><strong>dum,</strong></span> <span class='ocrx_word' id='word_1_752' title='bbox 584 5623 678 5678; x_wconf 89' lang='lat' dir='ltr'><strong>Dei</strong></span> <span class='ocrx_word' id='word_1_753' title='bbox 707 5626 990 5680; x_wconf 90' lang='lat' dir='ltr'><strong>tribunalis</strong></span> <span class='ocrx_word' id='word_1_754' title='bbox 1025 5641 1308 5682; x_wconf 85' lang='lat' dir='ltr'><strong>memores.</strong></span> <span class='ocrx_word' id='word_1_755' title='bbox 1349 5624 1585 5682; x_wconf 82' lang='lat' dir='ltr'><strong>Primam</strong></span> <span class='ocrx_word' id='word_1_756' title='bbox 1614 5625 1776 5698; x_wconf 90' lang='lat' dir='ltr'><strong>igitur</strong></span> <span class='ocrx_word' id='word_1_757' title='bbox 1806 5627 1960 5682; x_wconf 84' lang='lat' dir='ltr'><strong>visio-</strong></span> 
     </span>
    </p>
   </div>
   <div class='ocr_carea' id='block_1_106' title="bbox 469 5801 1041 5870">
    <p class='ocr_par' dir='ltr' id='par_1_106' title="bbox 469 5801 1041 5870">
     <span class='ocr_line' id='line_1_106' title="bbox 469 5801 1041 5870; baseline 0.003 -13"><span class='ocrx_word' id='word_1_758' title='bbox 469 5801 515 5834; x_wconf 84' lang='lat'>&quot;</span> <span class='ocrx_word' id='word_1_759' title='bbox 547 5801 734 5858; x_wconf 72' lang='lat' dir='ltr'><strong>Matth.</strong></span> <span class='ocrx_word' id='word_1_760' title='bbox 767 5816 919 5870; x_wconf 68' lang='lat' dir='ltr'><strong>XVIII,</strong></span> <span class='ocrx_word' id='word_1_761' title='bbox 951 5803 1041 5860; x_wconf 74' lang='lat'><strong>‘20.</strong></span> 
     </span>
    </p>
   </div>
   <div class='ocr_carea' id='block_1_107' title="bbox 2074 4618 3645 4694">
    <p class='ocr_par' dir='ltr' id='par_1_107' title="bbox 2074 4618 3645 4694">
     <span class='ocr_line' id='line_1_107' title="bbox 2074 4618 3645 4694; baseline 0.001 -21"><span class='ocrx_word' id='word_1_762' title='bbox 2074 4620 2164 4673; x_wconf 85' lang='grc' dir='ltr'>τὸν</span> <span class='ocrx_word' id='word_1_763' title='bbox 2207 4619 2316 4672; x_wconf 90' lang='grc' dir='ltr'><strong>τῶν</strong></span> <span class='ocrx_word' id='word_1_764' title='bbox 2352 4618 2620 4672; x_wconf 87' lang='grc' dir='ltr'>Ἰουδαίων</span> <span class='ocrx_word' id='word_1_765' title='bbox 2671 4619 3010 4687; x_wconf 79' lang='grc' dir='ltr'>συγκαλέσας</span> <span class='ocrx_word' id='word_1_766' title='bbox 3045 4620 3190 4675; x_wconf 88' lang='grc' dir='ltr'>λαόν.</span> <span class='ocrx_word' id='word_1_767' title='bbox 3227 4621 3291 4674; x_wconf 92' lang='grc' dir='ltr'>Τί</span> <span class='ocrx_word' id='word_1_768' title='bbox 3340 4623 3537 4694; x_wconf 84' lang='grc' dir='ltr'>δήποτε</span> <span class='ocrx_word' id='word_1_769' title='bbox 3587 4623 3645 4676; x_wconf 84' lang='grc' dir='ltr'>δὲ</span> 
     </span>
    </p>
   </div>
   <div class='ocr_carea' id='block_1_108' title="bbox 2074 4707 3645 4783">
    <p class='ocr_par' dir='ltr' id='par_1_108' title="bbox 2074 4707 3645 4783">
     <span class='ocr_line' id='line_1_108' title="bbox 2074 4707 3645 4783; baseline 0 -20"><span class='ocrx_word' id='word_1_770' title='bbox 2074 4710 2278 4764; x_wconf 86' lang='grc' dir='ltr'>τούτων</span> <span class='ocrx_word' id='word_1_771' title='bbox 2305 4710 2482 4780; x_wconf 83' lang='grc' dir='ltr'>μόνων</span> <span class='ocrx_word' id='word_1_772' title='bbox 2507 4707 2694 4779; x_wconf 83' lang='grc' dir='ltr'>ὥσπερ</span> <span class='ocrx_word' id='word_1_773' title='bbox 2719 4710 3182 4782; x_wconf 84' lang='grc' dir='ltr'>ἀποκληρωτικῶς</span> <span class='ocrx_word' id='word_1_774' title='bbox 3207 4712 3499 4783; x_wconf 83' lang='grc' dir='ltr'>μέμνηται,</span> <span class='ocrx_word' id='word_1_775' title='bbox 3524 4711 3645 4781; x_wconf 77' lang='grc' dir='ltr'><strong>οὑχὶ</strong></span> 
     </span>
    </p>
   </div>
   <div class='ocr_carea' id='block_1_109' title="bbox 2073 4800 3642 4873">
    <p class='ocr_par' dir='ltr' id='par_1_109' title="bbox 2073 4800 3642 4873">
     <span class='ocr_line' id='line_1_109' title="bbox 2073 4800 3642 4873; baseline 0 -19"><span class='ocrx_word' id='word_1_776' title='bbox 2073 4802 2131 4854; x_wconf 79' lang='grc' dir='ltr'>δὲ</span> <span class='ocrx_word' id='word_1_777' title='bbox 2167 4801 2261 4855; x_wconf 72' lang='grc' dir='ltr'>καὶ</span> <span class='ocrx_word' id='word_1_778' title='bbox 2309 4800 2508 4872; x_wconf 78' lang='grc' dir='ltr'>ἐτέρων</span> <span class='ocrx_word' id='word_1_779' title='bbox 2542 4800 2750 4865; x_wconf 81' lang='grc' dir='ltr'>ὲθνῶν;</span> <span class='ocrx_word' id='word_1_780' title='bbox 2790 4802 3072 4873; x_wconf 84' lang='grc' dir='ltr'>Ἐροῦμεν,</span> <span class='ocrx_word' id='word_1_781' title='bbox 3099 4804 3182 4856; x_wconf 86' lang='grc' dir='ltr'>ὅτι</span> <span class='ocrx_word' id='word_1_782' title='bbox 3231 4803 3445 4858; x_wconf 78' lang='grc' dir='ltr'>οὐδένες</span> <span class='ocrx_word' id='word_1_783' title='bbox 3495 4803 3642 4858; x_wconf 78' lang='grc' dir='ltr'>ἄλλοι</span> 
     </span>
    </p>
   </div>
   <div class='ocr_carea' id='block_1_110' title="bbox 2076 4891 3641 4965">
    <p class='ocr_par' dir='ltr' id='par_1_110' title="bbox 2076 4891 3641 4965">
     <span class='ocr_line' id='line_1_110' title="bbox 2076 4891 3641 4965; baseline 0.001 -18"><span class='ocrx_word' id='word_1_784' title='bbox 2076 4894 2196 4947; x_wconf 79' lang='grc' dir='ltr'>κατ’</span> <span class='ocrx_word' id='word_1_785' title='bbox 2228 4895 2404 4946; x_wconf 79' lang='grc' dir='ltr'>ἐκεῖνο</span> <span class='ocrx_word' id='word_1_786' title='bbox 2428 4891 2622 4963; x_wconf 81' lang='grc' dir='ltr'>καιροῦ</span> <span class='ocrx_word' id='word_1_787' title='bbox 2654 4893 3024 4964; x_wconf 86' lang='grc' dir='ltr'>παρηνόχλουν</span> <span class='ocrx_word' id='word_1_788' title='bbox 3048 4896 3161 4958; x_wconf 85' lang='grc' dir='ltr'>τοῖς</span> <span class='ocrx_word' id='word_1_789' title='bbox 3198 4895 3469 4958; x_wconf 84' lang='grc' dir='ltr'>Ἰουδαίοις</span> <span class='ocrx_word' id='word_1_790' title='bbox 3520 4895 3552 4965; x_wconf 79' lang='grc' dir='ltr'>ἢ</span> <span class='ocrx_word' id='word_1_791' title='bbox 3592 4896 3641 4949; x_wconf 75' lang='lat' dir='ltr'><strong>oi</strong></span> 
     </span>
    </p>
   </div>
   <div class='ocr_carea' id='block_1_111' title="bbox 2076 4984 3642 5056">
    <p class='ocr_par' dir='ltr' id='par_1_111' title="bbox 2076 4984 3642 5056">
     <span class='ocr_line' id='line_1_111' title="bbox 2076 4984 3642 5056; baseline -0.002 -17"><span class='ocrx_word' id='word_1_792' title='bbox 2076 4984 2524 5054; x_wconf 81' lang='grc' dir='ltr'>καταλεχθέντες,</span> <span class='ocrx_word' id='word_1_793' title='bbox 2561 4985 2800 5054; x_wconf 80' lang='grc' dir='ltr'>συνεχῶς</span> <span class='ocrx_word' id='word_1_794' title='bbox 2827 4986 3011 5050; x_wconf 81' lang='grc' dir='ltr'>αὑτοῖς</span> <span class='ocrx_word' id='word_1_795' title='bbox 3045 4987 3497 5056; x_wconf 74' lang='grc' dir='ltr'>ἐπανιστάμενοι·</span> <span class='ocrx_word' id='word_1_796' title='bbox 3548 4986 3642 5040; x_wconf 72' lang='grc' dir='ltr'>καὶ</span> 
     </span>
    </p>
   </div>
   <div class='ocr_carea' id='block_1_112' title="bbox 2075 5076 3641 5149">
    <p class='ocr_par' dir='ltr' id='par_1_112' title="bbox 2075 5076 3641 5149">
     <span class='ocr_line' id='line_1_112' title="bbox 2075 5076 3641 5149; baseline 0.002 -20"><span class='ocrx_word' id='word_1_797' title='bbox 2075 5078 2206 5131; x_wconf 82' lang='grc' dir='ltr'>ποτὲ</span> <span class='ocrx_word' id='word_1_798' title='bbox 2236 5078 2332 5147; x_wconf 79' lang='grc' dir='ltr'>μὲν</span> <span class='ocrx_word' id='word_1_799' title='bbox 2360 5076 2460 5146; x_wconf 76' lang='grc' dir='ltr'>τὴν</span> <span class='ocrx_word' id='word_1_800' title='bbox 2501 5077 2854 5147; x_wconf 75' lang='grc' dir='ltr'>Ἰερουσαλὴμ</span> <span class='ocrx_word' id='word_1_801' title='bbox 2891 5077 3240 5148; x_wconf 79' lang='grc' dir='ltr'>πορθοῦντες,</span> <span class='ocrx_word' id='word_1_802' title='bbox 3273 5078 3402 5131; x_wconf 78' lang='grc' dir='ltr'>ποτὲ</span> <span class='ocrx_word' id='word_1_803' title='bbox 3439 5079 3497 5131; x_wconf 78' lang='grc' dir='ltr'>δὲ</span> <span class='ocrx_word' id='word_1_804' title='bbox 3543 5079 3641 5149; x_wconf 76' lang='grc' dir='ltr'>τὴν</span> 
     </span>
    </p>
   </div>
   <div class='ocr_carea' id='block_1_113' title="bbox 2077 5158 3640 5244">
    <p class='ocr_par' dir='ltr' id='par_1_113' title="bbox 2077 5158 3640 5244">
     <span class='ocr_line' id='line_1_113' title="bbox 2077 5158 3640 5244; baseline 0.002 -23"><span class='ocrx_word' id='word_1_805' title='bbox 2077 5169 2259 5240; x_wconf 83' lang='grc' dir='ltr'>χώραν</span> <span class='ocrx_word' id='word_1_806' title='bbox 2279 5171 2455 5224; x_wconf 86' lang='grc' dir='ltr'>αὑτῶν</span> <span class='ocrx_word' id='word_1_807' title='bbox 2486 5158 2762 5243; x_wconf 77' lang='grc' dir='ltr'>δῃοῦντες.</span> <span class='ocrx_word' id='word_1_808' title='bbox 2799 5171 2992 5241; x_wconf 85' lang='grc' dir='ltr'>Διόπερ</span> <span class='ocrx_word' id='word_1_809' title='bbox 3018 5170 3048 5221; x_wconf 91' lang='lat'><strong>6</strong></span> <span class='ocrx_word' id='word_1_810' title='bbox 3091 5169 3246 5238; x_wconf 87' lang='grc' dir='ltr'>λόγος</span> <span class='ocrx_word' id='word_1_811' title='bbox 3267 5173 3390 5234; x_wconf 74' lang='grc' dir='ltr'>τοὺς</span> <span class='ocrx_word' id='word_1_812' title='bbox 3419 5171 3640 5244; x_wconf 84' lang='grc' dir='ltr'>πολιορ-</span> 
     </span>
    </p>
   </div>
   <div class='ocr_carea' id='block_1_114' title="bbox 2078 5261 3640 5332">
    <p class='ocr_par' dir='ltr' id='par_1_114' title="bbox 2078 5261 3640 5332">
     <span class='ocr_line' id='line_1_114' title="bbox 2078 5261 3640 5332; baseline -0.001 -17"><span class='ocrx_word' id='word_1_813' title='bbox 2078 5261 2376 5331; x_wconf 77' lang='grc' dir='ltr'>κουμένους</span> <span class='ocrx_word' id='word_1_814' title='bbox 2406 5263 2725 5330; x_wconf 88' lang='grc' dir='ltr'>ἀναγκαίως</span> <span class='ocrx_word' id='word_1_815' title='bbox 2762 5262 3006 5315; x_wconf 76' lang='grc' dir='ltr'>ἐδίδασκε</span> <span class='ocrx_word' id='word_1_816' title='bbox 3036 5261 3103 5315; x_wconf 75' lang='grc' dir='ltr'><strong>τὰ</strong></span> <span class='ocrx_word' id='word_1_817' title='bbox 3126 5262 3510 5332; x_wconf 77' lang='grc' dir='ltr'>συμϐησόμενα</span> <span class='ocrx_word' id='word_1_818' title='bbox 3530 5264 3640 5324; x_wconf 80' lang='grc' dir='ltr'>τοῖς</span> 
     </span>
    </p>
   </div>
   <div class='ocr_carea' id='block_1_115' title="bbox 2077 5352 3640 5425">
    <p class='ocr_par' dir='ltr' id='par_1_115' title="bbox 2077 5352 3640 5425">
     <span class='ocr_line' id='line_1_115' title="bbox 2077 5352 3640 5425; baseline 0.001 -18"><span class='ocrx_word' id='word_1_819' title='bbox 2077 5352 2260 5415; x_wconf 82' lang='grc' dir='ltr'>αὑτοῖς</span> <span class='ocrx_word' id='word_1_820' title='bbox 2296 5353 2661 5424; x_wconf 82' lang='grc' dir='ltr'>πολιορκοῦσι.</span> <span class='ocrx_word' id='word_1_821' title='bbox 2698 5354 2901 5406; x_wconf 85' lang='grc' dir='ltr'>Γνῶσιν</span> <span class='ocrx_word' id='word_1_822' title='bbox 2930 5354 2986 5406; x_wconf 84' lang='grc' dir='ltr'>δὲ</span> <span class='ocrx_word' id='word_1_823' title='bbox 3033 5354 3216 5415; x_wconf 89' lang='grc' dir='ltr'>αὑτοῖς</span> <span class='ocrx_word' id='word_1_824' title='bbox 3254 5354 3351 5425; x_wconf 84' lang='grc' dir='ltr'><strong>τὴν</strong></span> <span class='ocrx_word' id='word_1_825' title='bbox 3383 5354 3471 5408; x_wconf 79' lang='grc' dir='ltr'><strong>διὰ</strong></span> <span class='ocrx_word' id='word_1_826' title='bbox 3503 5356 3640 5419; x_wconf 84' lang='grc' dir='ltr'>Χρι-</span> 
     </span>
    </p>
   </div>
   <div class='ocr_carea' id='block_1_116' title="bbox 2077 5443 3640 5518">
    <p class='ocr_par' dir='ltr' id='par_1_116' title="bbox 2077 5443 3640 5518">
     <span class='ocr_line' id='line_1_116' title="bbox 2077 5443 3640 5518; baseline 0.001 -21"><span class='ocrx_word' id='word_1_827' title='bbox 2077 5443 2203 5497; x_wconf 85' lang='grc' dir='ltr'>στοῦ</span> <span class='ocrx_word' id='word_1_828' title='bbox 2226 5445 2320 5500; x_wconf 77' lang='grc' dir='ltr'>καὶ</span> <span class='ocrx_word' id='word_1_829' title='bbox 2346 5445 2567 5513; x_wconf 86' lang='grc' dir='ltr'>ἀγαθῶν</span> <span class='ocrx_word' id='word_1_830' title='bbox 2607 5446 2937 5514; x_wconf 74' lang='grc' dir='ltr'>ἐπαγγελίας</span> <span class='ocrx_word' id='word_1_831' title='bbox 2965 5443 3400 5514; x_wconf 74' lang='grc' dir='ltr'>εὐαγγελίζεται·</span> <span class='ocrx_word' id='word_1_832' title='bbox 3438 5464 3640 5518; x_wconf 88' lang='grc' dir='ltr'>κηρυτ-</span> 
     </span>
    </p>
   </div>
   <div class='ocr_carea' id='block_1_117' title="bbox 2075 5535 3637 5609">
    <p class='ocr_par' dir='ltr' id='par_1_117' title="bbox 2075 5535 3637 5609">
     <span class='ocr_line' id='line_1_117' title="bbox 2075 5535 3637 5609; baseline 0 -21"><span class='ocrx_word' id='word_1_833' title='bbox 2075 5553 2156 5588; x_wconf 82' lang='grc' dir='ltr'><strong>τει</strong></span> <span class='ocrx_word' id='word_1_834' title='bbox 2195 5554 2254 5590; x_wconf 89' lang='grc' dir='ltr'><strong>τε</strong></span> <span class='ocrx_word' id='word_1_835' title='bbox 2284 5537 2582 5601; x_wconf 85' lang='grc' dir='ltr'>καθολικῶς</span> <span class='ocrx_word' id='word_1_836' title='bbox 2632 5541 2744 5600; x_wconf 79' lang='grc' dir='ltr'>τοῖς</span> <span class='ocrx_word' id='word_1_837' title='bbox 2785 5539 2918 5590; x_wconf 81' lang='grc' dir='ltr'>πᾶσι</span> <span class='ocrx_word' id='word_1_838' title='bbox 2948 5538 3037 5590; x_wconf 85' lang='grc' dir='ltr'>τὸν</span> <span class='ocrx_word' id='word_1_839' title='bbox 3082 5540 3206 5609; x_wconf 82' lang='grc' dir='ltr'>περὶ</span> <span class='ocrx_word' id='word_1_840' title='bbox 3240 5538 3338 5608; x_wconf 79' lang='grc' dir='ltr'>τῆς</span> <span class='ocrx_word' id='word_1_841' title='bbox 3383 5539 3475 5591; x_wconf 87' lang='grc' dir='ltr'><strong>τοῦ</strong></span> <span class='ocrx_word' id='word_1_842' title='bbox 3504 5535 3637 5589; x_wconf 82' lang='grc' dir='ltr'>Θεοῦ</span> 
     </span>
    </p>
   </div>
   <div class='ocr_carea' id='block_1_118' title="bbox 2081 5625 3634 5700">
    <p class='ocr_par' dir='ltr' id='par_1_118' title="bbox 2081 5625 3634 5700">
     <span class='ocr_line' id='line_1_118' title="bbox 2081 5625 3634 5700; baseline -0.001 -19"><span class='ocrx_word' id='word_1_843' title='bbox 2081 5628 2312 5700; x_wconf 78' lang='grc' dir='ltr'>κρίσεως</span> <span class='ocrx_word' id='word_1_844' title='bbox 2336 5627 2511 5697; x_wconf 80' lang='grc' dir='ltr'>λόγον,</span> <span class='ocrx_word' id='word_1_845' title='bbox 2541 5627 2862 5699; x_wconf 78' lang='grc' dir='ltr'>προτρέπων</span> <span class='ocrx_word' id='word_1_846' title='bbox 2900 5628 3140 5692; x_wconf 76' lang='grc' dir='ltr'>ἅπαντας</span> <span class='ocrx_word' id='word_1_847' title='bbox 3179 5626 3496 5700; x_wconf 73' lang='grc' dir='ltr'>ἀνθρώπους</span> <span class='ocrx_word' id='word_1_848' title='bbox 3525 5625 3634 5680; x_wconf 82' lang='grc' dir='ltr'>θεο-</span> 
     </span>
    </p>
   </div>
  </div>
