4118 6384
362 395 465 451 185

1312 395 1816 453 (ΞΟΜΜΕΝἸἈΒΙΑ
1853 399 1919 454 ΙΝ
1961 400 2220 456 ΙΞΛΙΑΜ.
2275 433 2331 442 -
2372 400 2524 455 CAP.
2566 398 2705 458 XIII.

3511 404 3614 458 {86

363 510 536 573 σεϐῶς
563 508 685 579 ζῇν,
720 506 814 560 τοῦ
836 506 1217 578 δικαιωτηρίου
1251 508 1344 562 τοῦ
1368 508 1505 562 Θεοῦ
1537 512 1938 582 μεμνημένους.

2058 531 2170 569 rtem
2216 513 2372 568 eﬂ‘ert
2420 526 2614 570 contra
2660 514 3028 586 Babylonem,
3075 527 3356 588 postquam
3398 520 3449 573 in
3500 521 3616 590 ipso
3673 559 3680 565 .

364 600 593 674 Πρώτην
643 595 733 654 οὖν
777 599 955 670 τίθησι
1009 601 1107 670 τὴν
1154 600 1297 653 κατά
1347 600 1666 664 Βαϐυλῶνος
1724 604 1935 675 ὅρασιν,

364 688 638 763 προειπὼν
680 691 739 743 ὲν
785 690 922 760 ἀρχῇ
962 690 1062 760 τῆς
1106 689 1235 760 ὅλης
1294 689 1477 760 βίϐλου
1524 691 1623 762 τὴν
1669 692 1808 744 κατά
1842 692 1939 763 τῆς

374 783 747 855 Ἰερουσαλήμ.
805 783 1018 854 Ἐπειδὴ
1052 784 1162 855 γὰρ
1212 786 1287 855 μή
1337 785 1453 837 ἐστι
1509 787 1939 859 προσωποληψία

367 875 516 946 παρά
548 874 624 944 τῷ
652 874 791 945 Θεῷ,
826 874 919 928 ἀπ’
958 874 1139 929 αὐτῶν
1188 873 1391 947 ἤρξατο
1419 875 1526 928 τῶν
1568 877 1807 939 οἰκείων,
1846 880 1941 933 καὶ

365 970 443 1031 εἰς
475 967 672 1031 αὐτοὺς
697 968 858 1021 πάλιν
883 965 1212 1038 ἀναστρέφει
1245 968 1335 1021 τὸν
1359 966 1517 1036 λόγον
1536 985 1549 996 ·
1579 968 1687 1022 τῶν
1705 969 1762 1022 δὲ
1787 969 1941 1023 ἀλλο-

365 1056 545 1128 φύλων
567 1057 737 1111 ἐθνῶν
759 1056 858 1128 τὴν
903 1056 1197 1110 Βαϐυλῶνα
1241 1057 1558 1128 προτάσσει.
1587 1056 1845 1129 Βασιλικὴ
1885 1057 1941 1113 δὲ

363 1147 505 1219 αῦτη
525 1149 632 1203 τῶν
662 1148 966 1220 Ἀσσυρίων
996 1148 1170 1212 πόλις,
1199 1150 1429 1220 μεγίστη
1455 1150 1550 1203 καὶ
1571 1149 1938 1220 δυνατωτάτη.

364 1240 627 1310 Λέγονται
658 1240 715 1293 δὲ
752 1239 1028 1310 Ἀσσύριοι
1072 1239 1277 1311 πρῶτοι
1305 1239 1406 1309 τῆς
1434 1240 1759 1311 οἰκουμένης
1806 1256 1942 1310 κρα-

364 1330 528 1399 τῆσαι
561 1331 645 1398 ἐφ’
671 1329 811 1392 ὅλοις
837 1329 1027 1399 χιλίοις
1070 1330 1165 1381 καὶ
1219 1330 1554 1400 τριακοσίοις
1594 1328 1736 1381 ἔτεσι
1782 1329 1943 1398 μέχρι

365 1420 475 1472 τῶν
509 1420 939 1491 πολιορκούντων
989 1421 1087 1490 τὴν
1127 1420 1502 1491 Ἰερουσαλὴμ,
1548 1420 1641 1473 καὶ
1672 1420 1778 1473 τῶν
1812 1421 1943 1472 ἰου-

367 1510 535 1565 δαίων
593 1511 684 1564 τὸν
730 1511 857 1564 λαὸν
913 1511 1256 1581 αἰχμάλωτον
1330 1512 1645 1579 ἀγαγόντων
1712 1513 1791 1575 εἰς
1843 1512 1944 1583 τὴν

368 1600 551 1655 αὑτῶν
608 1599 812 1671 χώραν.
854 1601 975 1653 Ἐπὶ
1020 1600 1192 1671 ταύτῃ
1237 1600 1348 1670 γὰρ
1382 1603 1448 1670 τῇ
1493 1600 1603 1652 τῶν
1646 1600 1943 1671 Ἀσσυρίων

367 1690 583 1762 πράξει,
621 1691 817 1745 αὐτίκα
843 1690 937 1745 καὶ
955 1691 1052 1744 οὐκ
1076 1693 1157 1754 εἰς
1188 1690 1428 1763 μακράν,
1460 1692 1519 1744 τὸ
1545 1692 1745 1763 κράτος
1766 1692 1944 1745 αὐτῶν

369 1784 660 1855 κατελύθη.

2049 605 2171 660 libri
2203 605 2426 660 exordio
2464 607 2727 662 visionem
2775 622 2966 664 contra
2999 610 3295 666 Jerusalem
3351 614 3618 679 prazmise-

2048 708 2154 752 rat.
2188 697 2321 764 Quia
2349 699 2492 752 enim
2526 700 2668 752 nulla
2696 711 2778 755 est
2809 718 3170 770 personarum
3202 703 3443 773 acceptio
3474 705 3616 774 apud

2048 791 2242 852 Deum,
2289 805 2317 843 a
2354 790 2749 847 contribulibus
2790 795 2907 847 suis
2932 810 3112 855 orsus,
3149 794 3199 847 in
3250 795 3467 847 eosdem
3497 809 3619 846 rur-

2046 899 2162 938 sum
2192 898 2497 937 sermonem
2530 887 2801 938 convertit
2827 902 2841 950 ;
2868 885 3185 955 alienigenis
3214 899 3344 939 vero
3369 885 3617 954 gentibus

2050 978 2372 1048 Babylonem
2416 979 2716 1049 priemittit.
2756 977 2920 1048 Regia
2952 986 3129 1031 autem
3161 976 3246 1030 illa
3276 978 3615 1048 Assyriorum

2048 1074 2178 1128 urbs
2212 1082 2364 1140 erat,
2410 1074 2643 1127 maxima
2692 1080 2856 1139 atque
2911 1071 3305 1140 potentissima.
3360 1072 3621 1128 Dicuntur

2048 1179 2214 1234 porro
2254 1164 2464 1235 Assyrii
2513 1163 2672 1230 primi
2724 1160 2966 1214 omnium
3000 1161 3120 1215 orbi
3154 1161 3447 1232 imperasse
3477 1172 3620 1218 totos

2051 1256 2198 1310 mille
2229 1266 2285 1310 et
2327 1263 2599 1311 trecentos
2643 1269 2856 1317 annos.
2902 1269 3073 1324 usque
3116 1256 3184 1307 ad
3223 1268 3319 1308 eos
3347 1255 3436 1323 qui
3463 1252 3619 1310 ,ιρι-ορ

2053 1349 2320 1417 solymam
2347 1346 2698 1409 obsederunt,
2732 1361 2794 1397 ac
2821 1343 3132 1399 Judieorum
3160 1344 3411 1414 p0pu|um
3444 1347 3619 1413 capti-

2050 1452 2175 1490 vum
2224 1436 2570 1490 abduxerunt
2612 1436 2665 1487 in
2719 1435 2993 1501 regionem
3036 1449 3211 1489 suam.
3257 1434 3485 1503 Propter
3520 1436 3620 1489 hoc

2049 1526 2195 1581 enim
2240 1525 2581 1595 Assyriorum
2636 1524 2885 1591 facinus,
2930 1540 3031 1579 nec
3070 1525 3160 1580 diu
3216 1536 3399 1595 postea
3429 1540 3619 1581 eorum

2052 1617 2334 1688 imperium
2377 1617 2611 1672 solutum
2646 1625 2747 1672 est.

442 1895 461 1926 ι
515 1875 813 1940 Ἀνοίξατε,
861 1878 909 1929 oi
940 1876 1217 1947 ἄρχοντες.
1257 1894 1275 1928 ι
1307 1875 1492 1929 Ταῦτα
1543 1876 1600 1929 δὲ
1649 1876 1707 1930 τὸ
1759 1878 1814 1947 ἐν
1872 1877 1949 1948 τῷ

2131 1887 2149 1921 ι
2180 1867 2401 1937 Aperite
2424 1868 2714 1936 principes.
2747 1886 2764 1919 ι
2796 1867 2932 1937 [limo
2965 1880 3127 1934 porro
3151 1865 3388 1935 Spiritus
3411 1864 3629 1919 divinus

368 1969 618 2039 προφήτῃ
642 1966 868 2037 Πνεῦμα
898 1965 1036 2021 θεῖον
1068 1969 1131 2021 ὲκ
1159 1965 1452 2039 προσώπου
1484 1967 1580 2023 τοῦ
1614 1967 1749 2020 Θεοῦ
1774 1968 1947 2036 Λόγου

368 2059 652 2131 προφέρει.
690 2059 855 2123 Αὐτὸς
880 2061 1059 2113 τοίνυν
1089 2062 1117 2113 ό
1144 2061 1648 2132 παρακελευόμενος
1675 2064 1786 2125 τοῖς
1812 2062 1948 2132 ἀμφ’

369 2148 529 2202 αὑτὸν
551 2150 805 2217 ἀγγέλοις
830 2150 1046 2217 ἀνοῖξαι
1076 2150 1245 2223 θύρας
1278 2151 1692 2220 κεκλεισμένας,
1724 2152 1817 2205 καὶ
1850 2170 1953 2206 πσ-

370 2241 803 2313 ρακελεύσασθαι
837 2245 947 2306 τοῖς
983 2242 1129 2297 ἔνδον
1174 2238 1292 2296 οὖσι
1341 2242 1621 2315 προϊέναι,
1657 2244 1812 2314 ἥκειν
1857 2244 1952 2298 καὶ

373 2332 621 2385 σπεύδειν
649 2334 742 2385 ἐπὶ
761 2334 858 2400 τὴν
879 2334 986 2386 τῶν
1008 2333 1219 2386 ἀσεϐῶν
1241 2334 1532 2405 τιμωρίαν.
1575 2328 1740 2405 οἶμαι
1771 2334 1826 2387 δὲ
1865 2334 1952 2389 διὰ

370 2427 574 2478 τούτων
610 2425 898 2497 δηλοῦσθαι
926 2425 1025 2496 τὴν
1060 2426 1446 2496 ἀφωρισμένην
1486 2427 1605 2489 ταῖς
1646 2426 1953 2496 ἀντικειμέ-

371 2532 489 2580 ναις
513 2516 835 2588 δυνάμεσιν
867 2519 925 2570 ἐν
1045 2517 1232 2588 ὥσπερ
1265 2518 1322 2570 ὲν
1346 2516 1702 2587 δεσμωτηρίῳ
1738 2517 1953 2589 καθειρ-

370 2609 570 2681 γμέναι
601 2610 948 2679 τυγχάνουσι.
975 2609 1087 2662 Kal
1116 2610 1323 2681 μήποτε
1360 2608 1496 2680 αῦτη
1534 2609 1678 2661 ἐστὶν
1704 2611 1736 2679 ή
1763 2610 1952 2662 καλου-

371 2700 506 2772 μένη
533 2698 787 2765 ἄϐυσσος,
814 2699 1281 2771 ὲμπεπληρῶσθαι
1300 2698 1357 2752 δὲ
1379 2699 1688 2770 δρακόντων
1714 2700 1951 2756 διδάσκει

369 2792 397 2843 ὁ
424 2793 649 2861 φάσκων
680 2790 857 2859 λόγος,
893 2811 911 2843 ι
948 2790 1250 2863 Δράκοντες
1278 2792 1372 2844 καὶ
1416 2793 1583 2843 πᾶσαι
1626 2792 1887 2858 ἄϐυσσοι;
1927 2813 1945 2845 ι

372 2884 534 2937 Ὅθεν
566 2884 659 2937 καὶ
700 2883 791 2937 τὸν
836 2884 1063 2956 Σωτῆρα
1094 2883 1436 2955 παρεκάλουν
1480 2886 1527 2937 οί
1561 2885 1840 2957 δαίμονες,
1876 2885 1951 2956 μὴ

374 2974 586 3045 πέμψαι
613 2976 830 3041 αὐτοὺς,
854 2975 1089 3045 ὁπηνίκα
1118 2975 1270 3044 ἔλεγε
1301 2975 1381 3038 τὸ,
1415 2993 1432 3026 ι
1464 2971 1668 3040 Ἧλθες
1694 2976 1798 3047 πρὸ
1829 2994 1952 3029 και-

374 3067 473 3141 ροῦ
510 3067 796 3137 βασανίσαι
832 3069 997 3137 ἡμᾶς.
1038 3087 1056 3118 ι
1091 3067 1165 3119 Οὐ
1204 3066 1313 3137 γὰρ
1345 3066 1574 3136 ὴγνὸουν
1611 3067 1798 3138 καιρόν
1830 3084 1954 3122 τινα

370 3159 589 3214 ἔσεσθαι
612 3160 795 3222 αὐτοῖς
824 3159 920 3229 τῆς
944 3160 1023 3222 εἰς
1061 3158 1158 3231 τὴν
1186 3158 1422 3213 ἄϐυσσον
1456 3157 1807 3229 καθείρξεως.

447 3268 467 3302 ι
514 3250 654 3317 Ἐγὼ
680 3251 960 3304 συντάσσω
986 3251 1078 3303 καὶ
1102 3249 1213 3318 ἐγὼ
1239 3249 1357 3319 ἄγω
1385 3249 1604 3314 αὐτούς.
1645 3269 1663 3302 ι
1709 3251 1865 3315 Τίνες
1894 3250 1951 3304 δέ
1979 3242 2022 3299 C
2136 3250 2299 3307 Vsus.
2340 3250 2396 3308 3.

375 3341 513 3393 slatv
555 3334 699 3394 οὗτοι
750 3341 877 3411 ἑξῆς
922 3341 1216 3412 παρίστησι
1258 3340 1535 3411 διασαφῶν
1600 3343 1697 3395 καὶ
1748 3342 1949 3411 λέγων’

386 3449 404 3481 ι
452 3431 706 3500 Γίγαντες
748 3431 997 3504 ἔρχονται
1037 3432 1317 3503 πληρῶσαι
1340 3433 1431 3486 τὸν
1464 3432 1633 3505 θυμόν
1665 3452 1800 3504 μου,
1834 3434 1956 3504 χαί-

377 3537 564 3593 ροντες
612 3523 727 3593 ἅμα
773 3524 867 3576 καὶ
914 3523 1244 3595 ὑϐρίζοντες.
1306 3543 1324 3575 ι
1376 3525 1689 3596 Συμφώνως
1738 3526 1793 3579 δὲ
1842 3528 1955 3589 τοῖς

384 3610 784 3682 Ἐϐδομήκοντα
812 3614 1159 3684 ὴρμήνευσεν
1183 3614 1212 3666 ό
1240 3613 1530 3668 Θεοδοτίων
1556 3613 1725 3668 εἰπών
1745 3631 1758 3645 θ
1792 3633 1809 3665 ι
1847 3613 1955 3667 Καί

373 3718 437 3770 γε
477 3703 712 3757 ἐκάλεσα
765 3704 890 3768 τοὺς
917 3705 1177 3774 γίγαντάς
1211 3722 1340 3775 μου·
1392 3725 1408 3758 ι
1452 3708 1480 3759 ό
1506 3706 1564 3761 δὲ
1600 3706 1828 3768 Ἀκύλας
1865 3705 1957 3758 καὶ

372 3796 400 3847 ὁ
441 3793 733 3865 Σύμμαχος
766 3796 887 3850 ἀντὶ
918 3798 1033 3862 τοῦ,
1078 3817 1095 3847 ι
1143 3799 1423 3866 γίγαντας,
1479 3817 1598 3848 ι-ι
1624 3797 1881 3858 δυνατοὺς
1930 3814 1950 3847 ι

373 3889 745 3959 ὴρμήνευσαν.
778 3889 934 3943 Ούτω
962 3891 1017 3945 δὲ
1057 3889 1211 3943 καλεῖ
1252 3889 1351 3951 τὰς
1377 3888 1757 3960 τιμωρητικάς
1797 3887 1957 3941 δυνά-

378 3996 518 4050 μεις,
557 3980 622 4031 δι’
663 3973 738 4033 ὧν
790 3980 856 4031 τὰ.
884 3980 982 4049 τῆς
1028 3981 1171 4034 κατά
1212 3981 1320 4034 τῶν
1365 3980 1579 4037 ἀσεϐῶν
1621 3981 1788 4051 ὀργῆς
1821 3980 1957 4051 πλη-

378 4071 589 4144 ροῦται.
631 4073 1004 4143 Ἐπιχαίρουσι
1033 4074 1191 4127 κακοί
1224 4092 1389 4138 τινες,
1418 4070 1563 4128 οὗτοι
1593 4076 1640 4127 οἱ
1676 4076 1956 4147 λεγόμενοι

376 4166 649 4235 γίγαντες,
682 4165 870 4237 ῶσπερ
896 4168 962 4219 τά
1002 4170 1121 4220 κατ’
1154 4167 1320 4237 εύχάς
1349 4169 1677 4239 πράττοντες
1700 4186 1712 4199 ο
1740 4169 1957 4241 χαίρον-

374 4274 466 4320 τες
490 4257 583 4310 ἐπὶ
604 4256 682 4328 τῷ
709 4257 951 4329 ὑϐρίζειν
977 4260 1070 4313 καὶ
1095 4260 1342 4325 κολάζειν
1364 4262 1489 4325 τοὺς
1515 4261 1752 4328 ἀσεϐεῖς,
1772 4262 1868 4315 ἆτε
1891 4262 1955 4317 δτι

378 4347 452 4418 μὴ
486 4346 697 4417 ἔχοντες
726 4347 1003 4417 σπλάγχνα
1031 4349 1348 4421 οἰκτιρμῶν.

452 4455 470 4485 ι
683 4435 851 4490 ἐθνῶν
884 4438 1092 4491 πολλῶν
1122 4440 1215 4492 ἐπὶ
1246 4439 1351 4492 τῶν
1382 4439 1574 4511 ὀρέων,
1600 4441 1759 4512 ὁμοία
1786 4440 1956 4495 ἐθνῶν

377 4529 607 4583 πολλῶν.
655 4528 811 4601 Φωνὴ
850 4529 1112 4600 βασιλέων
1144 4530 1237 4584 καὶ
1286 4531 1455 4584 ἐθνῶν
1500 4533 1872 4603 συνηγμένων.
1931 4553 1949 4585 ι

378 4622 442 4675 0i
473 4620 753 4692 μέλλοντες
790 4622 910 4674 τότε
950 4625 1015 4693 τῇ
1049 4622 1292 4694 τιμωρίᾳ⁸
1341 4622 1730 4693 παραδίδοσθαι
1774 4623 1956 4693 φωνὰς

375 4714 667 4784 ἀφήσουσι,
697 4713 765 4766 τά
788 4713 995 4766 ἑαυτῶν
1022 4714 1502 4785 ἐξομολογούμενοι
1533 4715 1681 4769 κακά
1698 4732 1711 4745 ·
1738 4714 1872 4786 όμοῦ
1900 4715 1956 4768 δὲ

378 4807 470 4861 καὶ
502 4804 644 4859 κατά
670 4806 863 4859 ταύτὸν
890 4805 959 4858 τὰ
985 4806 1112 4877 ἔθνη
1146 4807 1340 4872 πάντα,
1374 4809 1469 4861 καὶ
1496 4810 1545 4860 oi
1570 4807 1774 4861 τούτων
1804 4807 1957 4879 βασι-

377 4899 509 4965 λεῖς,
554 4900 680 4970 μίαν
721 4898 818 4969 τὴν
859 4899 1028 4969 αὐτὴν
1071 4900 1409 4953 ἀποδώσουσι
1456 4901 1660 4972 φωνὴν,
1700 4900 1958 4971 ὀλοφυρό-

385 5005 533 5058 μενοι
568 4987 668 5052 τάς
705 4987 912 5041 ἑαυτῶν
951 4988 1256 5062 συμφοράς.
1298 4991 1358 5043 Οἱ
1391 4990 1446 5043 δὲ
1485 4990 1741 5061 ἀνωτέρω
1771 4990 1960 5058 γίγαν-

380 5092 470 5138 τες
550 5077 942 5147 ὀνομασθέντες
1018 5078 1318 5149 ὁπλομὰχοι
1375 5079 1610 5134 ἐνταῦθα
1677 5080 1959 5148 λέγονται,

387 5166 600 5238 μακρὰν
624 5170 774 5233 ὄντες
809 5169 994 5235 πάλαι,
1020 5170 1113 5222 καὶ
1139 5169 1326 5241 ῶσπερ
1360 5173 1418 5225 ὲν
1440 5171 1706 5241 θεμελίοις
1747 5171 1841 5224 τοῦ
1868 5173 1957 5224 ού-

383 5258 546 5333 ρανοῦ
572 5262 1069 5333 ἀποκεκλεισμένοι·
1099 5263 1214 5329 οὓς,
1247 5264 1336 5316 ὅτε
1370 5264 1558 5337 καιρὸς
1591 5263 1761 5330 καλεῖ,
1793 5280 1957 5335 προσ-

380 5352 564 5404 τάττει
590 5350 838 5421 έρχεσθαι
863 5356 891 5407 ὁ
916 5356 1022 5408 τῶν
1053 5355 1187 5409 ὅλων
1219 5354 1409 5428 κριτὴς
1438 5356 1530 5408 ἐπὶ
1554 5354 1631 5425 τῷ
1666 5355 1959 5424 καταφθεῖ-

334 5486 337 5487 ν
386 5460 473 5514 ραι
504 5443 686 5495 πᾶσαν
717 5443 813 5513 τὴν
836 5444 943 5499 τῶν
972 5446 1157 5500 κακῶν
1180 5445 1523 5517 οἰκουμένην,
1554 5446 1689 5515 μετά
1712 5445 1803 5499 τὸν
1831 5447 1957 5514 ἀφο-

382 5532 571 5605 ρισμὸν
607 5530 715 5584 τῶν
746 5532 987 5587 δικαίων.
1036 5536 1187 5589 Ἐπεὶ
1228 5536 1322 5588 καὶ
1361 5537 1419 5588 ἐν
1458 5538 1567 5598 τοῖς
1606 5536 1954 5604 Εὑαγγελίοις

378 5630 407 5682 ὁ
447 5628 570 5691 Υἱὸς
601 5626 696 5680 τοῦ
743 5627 1032 5699 ἀνθρώπου
1081 5630 1387 5703 καθήμενος
1428 5631 1521 5684 ἐπὶ
1569 5630 1755 5701 θρόνου
1801 5629 1951 5703 δόξης

448 5809 493 5841 ’⁸
535 5808 677 5866 Paul.
734 5826 961 5876 curm,
1003 5811 1053 5865 7.
1133 5811 1175 5841 ⁷³
1213 5809 1404 5865 Matth.
1438 5825 1555 5877 vin,
1591 5809 1681 5866 ‘29.

2062 1962 2115 2018 in
2151 1963 2412 2031 propheta
2459 1961 2725 2015 exsistens
2755 1976 2819 2015 ex
2868 1974 3097 2030 persona
3149 1959 3241 2013 Dei
3292 1955 3451 2012 Verbi
3500 1972 3629 2027 pro-

2060 2053 2183 2110 fert.
2207 2053 2348 2109 Idem
2384 2053 2547 2122 igitur
2584 2053 2699 2121 ipse
2723 2061 2806 2107 est
2844 2051 2933 2120 qui
2978 2050 3184 2119 angelis
3225 2048 3629 2103 circumstanti-

2068 2147 2171 2200 bus
2192 2145 2458 2215 prtecipit,
2490 2152 2549 2197 ut
2580 2142 2795 2197 clausas
2823 2152 3007 2211 portas
3029 2141 3297 2210 aperiant,
3322 2154 3385 2193 ac
3404 2138 3631 2206 jubeant

2056 2253 2152 2292 eos
2181 2238 2272 2306 qni
2301 2238 2441 2292 intra
2479 2246 2606 2292 sunt
2628 2236 2863 2307 prodire,
2891 2236 3147 2290 accedere
3174 2247 3229 2288 et
3264 2233 3523 2287 festinare
3559 2232 3628 2285 ad

2059 2329 2351 2399 impiorum
2378 2330 2722 2399 supplicium.
2754 2326 2989 2383 Estimo
3018 2337 3196 2381 autem
3222 2325 3306 2380 bis
3335 2322 3629 2393 signiﬁcari

2058 2423 2326 2478 ultionem
2354 2437 2474 2491 quae
2505 2421 2831 2476 adversariis
2880 2419 3243 2487 potestatibus
3277 2417 3577 2471 destinatur
3612 2433 3627 2469 :

2059 2517 2110 2570 in
2136 2531 2239 2583 qua
2280 2529 2378 2571 ceu
2409 2516 2461 2568 in
2491 2529 2710 2569 carcere
2742 2513 3153 2569 concluduntur.
3196 2507 3333 2562 Num
3368 2508 3508 2563 forte
3542 2506 3630 2561 illa

2061 2608 2224 2662 fuerit
2253 2607 2506 2677 abyssus,
2548 2616 2607 2661 ut
2640 2616 2888 2667 vocatur,
2935 2618 3099 2673 quam
3144 2602 3472 2656 draconibus
3515 2599 3631 2669 ple-

2060 2716 2186 2757 nam
2222 2701 2298 2755 ait
2331 2700 2612 2768 Scriptnra
2653 2699 2738 2753 bis
2763 2697 2968 2760 verbis,
3014 2714 3031 2746 ι
3066 2693 3335 2748 Dracones
3364 2701 3421 2748 et
3442 2706 3635 2746 omnes

2059 2792 2238 2863 abyssi
2260 2790 2352 2842 "1?
2382 2808 2401 2842 ι
2458 2787 2610 2844 Unde
2649 2798 2705 2841 et
2735 2786 3073 2842 Salvatorem
3115 2785 3383 2851 mgabant
3430 2783 3633 2837 ἀπαιο-

2059 2900 2178 2945 nes.
2213 2898 2281 2938 ne
2311 2896 2371 2937 se
2411 2880 2501 2935 illo
2546 2880 2806 2945 mitteret,
2867 2893 2990 2932 cum
3036 2876 3311 2938 dicebant,
3377 2892 3395 2924 ι
3427 2870 3633 2925 Venisti

2059 2985 2184 3029 ante
2214 2986 2426 3042 tempus
2459 2983 2708 3042 torquere
2728 2987 2826 3025 nos
2846 2972 2911 3023 "'.
2947 2989 2964 3022 ι
2996 2968 3109 3043 Non
3140 2967 3462 3039 ignorabant
3489 2967 3633 3020 enim

2062 3066 2300 3122 futurum
2342 3075 2549 3135 tempus
2597 3080 2719 3121 esse
2760 3079 2868 3134 quo
2931 3063 2984 3117 in
3035 3064 3232 3131 abysso
3276 3056 3635 3115 concludendi

2060 3168 2235 3213 erant.

2441 3270 2460 3301 ι
2487 3250 2596 3319 Ego
2626 3242 2821 3303 ordino
2849 3256 2904 3302 et
2926 3261 3024 3314 ego
3052 3247 3190 3299 duco
3218 3258 3366 3299 eos.»
3404 3241 3633 3309 Quinam

2062 3344 2099 3400 ii
2158 3348 2267 3400 sint
2307 3342 2409 3399 sub
2453 3343 2567 3397 ιιωο
2622 3341 2861 3396 declarat
2908 3338 2991 3392 bis
3048 3335 3247 3399 verbis,
3325 3351 3345 3385 ι
3375 3334 3637 3404 Gigantes

2062 3438 2283 3492 veniunt
2331 3435 2398 3489 ad
2440 3432 2770 3504 implendum
2817 3430 3054 3484 furorem
3094 3444 3297 3489 meum,
3338 3426 3637 3496 gaudentes

2061 3528 2220 3599 simul
2254 3537 2306 3583 et
2335 3524 2694 3582 contumelias
2723 3523 3041 3578 inferentes.
3073 3541 3091 3576 ι
3124 3519 3426 3575 Theodotio
3453 3527 3634 3573 autem

2062 3618 2286 3691 perinde
2323 3632 2387 3671 ac
2427 3614 2571 3670 LXX
2618 3618 2698 3668 sic
2757 3612 3144 3681 interpretatus
3192 3617 3296 3672 est,
3351 3626 3369 3658 ι
3397 3606 3463 3661 Ει
3507 3619 3638 3659 vero

2079 3709 2266 3763 vocavi
2293 3710 2539 3777 gigantes
2574 3718 2798 3767 meosp
2839 3702 3028 3770 Aquila
3064 3711 3245 3755 autem
3286 3706 3340 3753 et.
3381 3697 3634 3768 Symma-

2062 3803 2216 3864 cbus,
2243 3814 2341 3868 pro
2367 3799 2478 3862 illo,
2519 3816 2538 3849 ι
2566 3798 2884 3866 gigantes,»
2928 3792 3266 3862 interpretati
3297 3801 3443 3853 sunt,
3474 3807 3493 3840 ι
3524 3789 3635 3842 for-

2066 3905 2165 3949 tes.
2199 3912 2218 3944 ι
2252 3891 2346 3945 Sic
2369 3905 2532 3959 porro
2561 3898 2720 3942 vocat
2751 3888 2973 3942 ultrices
3005 3887 3250 3949 virtutes,
3280 3884 3436 3954 queis
3471 3882 3551 3935 ira
3582 3889 3638 3934 ct

2064 3984 2200 4050 ultio
2240 3990 2429 4035 contra
2458 3979 2652 4050 impios
2679 3989 2985 4032 exercetur.
3034 3975 3283 4030 Gaudent
3324 3973 3492 4039 igitur
3523 3986 3637 4023 ma-

2067 4074 2193 4145 ligni
2235 4072 2478 4142 quidam,
2514 4072 2758 4141 gigantes
2803 4070 3016 4132 vocati,
3054 4067 3209 4137 quasi
3243 4080 3352 4118 rem
3386 4078 3484 4131 pro
3511 4072 3636 4116 voto

2064 4172 2247 4236 agant,
2279 4164 2332 4217 in
2367 4162 2697 4218 contumelia
2725 4169 2780 4215 et
2825 4161 3089 4230 supplicio
3132 4159 3307 4226 impiis
3355 4154 3635 4211 inferendo

2065 4257 2209 4323 lzeti;
2244 4264 2428 4326 utpote
2458 4254 2549 4324 qui
2576 4254 2785 4308 viscera
2824 4252 3212 4307 misericordia:
3239 4265 3345 4303 non
3377 4249 3635 4303 habeant.

2140 4434 2301 4487 Vsus.
2340 4432 2395 4487 4.
2444 4449 2462 4483 ι
2492 4432 2604 4486 Vox
2636 4431 2871 4501 gentium
2906 4428 3194 4482 multarum
3241 4428 3292 4480 in
3345 4426 3638 4490 montibus,

2064 4528 2256 4582 similis
2283 4527 2532 4597 gentibus
2569 4525 2769 4578 multis.
2817 4523 2927 4577 Vox
2962 4531 3213 4591 rt-gmnet
3240 4522 3479 4591 gentium
3512 4535 3638 4574 cou-

1991 4603 2032 4656 D
2064 4630 2480 4690 gregatarum.»
2546 4615 2646 4680 Qui
2710 4625 2837 4667 tunc
2900 4613 3164 4682 supplicio
3212 4612 3456 4665 tradendi
3490 4620 3637 4675 sunt,

2063 4727 2225 4767 voces
2287 4709 2558 4773 etuittent,
2628 4707 2767 4760 mala
2824 4721 2918 4759 sua
2979 4707 3336 4759 conﬁtentes:
3371 4702 3638 4771 simulque

2063 4802 2252 4856 eodem
2283 4809 2525 4867 tempore
2552 4806 2739 4866 gentes
2756 4812 2944 4851 omnes
2972 4804 3027 4850 et
3058 4811 3243 4849 earum
3272 4808 3447 4864 reges,
3477 4809 3636 4846 unam

2063 4903 2119 4946 et
2146 4892 2393 4946 eamdem
2428 4891 2634 4943 dabunt
2666 4904 2850 4943 vocem
2879 4927 2895 4953 ,
2933 4887 3271 4942 calamitates
3300 4900 3426 4940 suas
3449 4885 3638 4952 lugen-

2065 4992 2167 5038 tes.
2195 4982 2270 5036 llli
2312 4996 2441 5036 vero
2473 4981 2715 5051 [ιι-τεαῖςιί
2765 4981 3030 5050 gigantes,
3071 4980 3161 5034 hic
3198 4978 3396 5033 armati
3437 4977 3631 5032 dicun-

2066 5084 2173 5137 tur,
2201 5074 2292 5142 qui
2325 5072 2451 5127 olim
2494 5072 2684 5143 procul
2727 5084 2904 5142 erant,
2936 5084 2989 5127 et
3011 5072 3170 5142 quasi
3196 5072 3250 5125 in
3276 5071 3399 5127 caeli
3438 5070 3634 5123 funda-

2066 5168 2263 5221 mentis
2305 5167 2520 5233 inclusi,
2548 5184 2684 5237 quos
2715 5169 2803 5222 ubi
2835 5177 3045 5235 tempus
3091 5173 3301 5229 evocat,
3326 5166 3479 5234 jubet
3517 5163 3638 5215 uui-

2062 5275 2342 5315 versorum
2388 5260 2551 5329 judex
2612 5259 2891 5323 accedere,
2941 5268 3001 5313 ut
3051 5269 3221 5313 totum
3261 5253 3636 5327 improborum

2062 5350 2279 5415 orbem,
2331 5360 2453 5419 post
2495 5350 2763 5419 iustorum
2825 5351 3282 5420 segregationeln,
3330 5349 3630 5401 destruant.

2062 5442 2510 5511 Quandoquidem
2584 5452 2638 5497 et
2689 5444 2742 5496 in
2815 5441 3122 5511 Erangeliis
3171 5440 3337 5493 Fi‘iius
3395 5439 3632 5493 hominis

2062 5538 2263 5592 sedens
2290 5537 2343 5590 in
2376 5536 2570 5589 throno
2592 5535 2776 5603 gloriae
2808 5550 2938 5598 suaz,
2975 5550 3071 5589 eos
3098 5534 3187 5603 qui
3217 5549 3247 5587 a
3279 5533 3485 5586 dextris
3508 5543 3636 5585 sunt

2071 5630 2289 5702 primos
2312 5628 2379 5687 ad
2402 5636 2648 5700 paratum
2691 5628 2820 5702 ipsis
2860 5642 3082 5697 regnum
3129 5636 3256 5683 ante
3291 5626 3634 5684 constitutio-
