4118 6426
1179 15 1244 22 ’4-
1265 17 1290 22 —
1303 17 1462 25 ————._...
1479 19 1608 26 ———-_-
1623 21 1768 28 .-----,......

469 440 578 504 131

1149 440 1417 497 EUSEBII
1455 436 1928 496 CAESARIENSIS
1965 434 2115 494 OPP.
2155 432 2337 488 PARS
2374 425 2464 486 111.’
2483 423 2573 490 ’4
2612 429 3025 488 EXEGETICA.

3625 430 3728 487 I88

475 581 596 620 nem
621 565 828 630 mundi,
848 573 1002 618 vocat
1032 581 1046 618 :
1074 565 1271 634 quibus
1300 565 1591 632 assumptis
1613 571 1668 616 et
1687 563 1754 616 ad
1775 561 2035 631 promissa

2144 555 2308 610 αὑτοῦ
2339 555 2468 617 τοὺς
2506 567 2574 611 εκ
2611 553 2802 618 δεξιῶν
2843 568 3094 622 πρωτους
3132 551 3225 603 επὶ
3260 549 3358 621 τὴν
3392 551 3728 620 ἡτοιμασμέ-

470 658 740 721 deductis,
797 657 848 710 in
888 656 1123 726 reliquas
1173 665 1367 724 gentes
1414 670 1446 710 a
1487 654 1728 710 sinistris
1769 661 2036 724 repertas,

471 751 610 820 ignis
642 749 998 804 comminatio
1028 747 1281 803 infertur.

536 1008 772 1072 Vens.6,
796 1009 848 1061 7.
874 1025 892 1058 ι
923 1007 1150 1070 Ululate,
1194 1021 1364 1076 prope
1403 1006 1547 1060 enim
1593 1007 1707 1062 dies
1734 1007 2040 1072 Domini,et

466 1103 727 1158 contritio
758 1117 786 1154 a
817 1099 1047 1154 Domino
1092 1101 1293 1154 veniet.
1336 1101 1562 1170 Propter
1591 1100 1694 1154 hoc
1718 1101 1896 1155 oumis
1927 1117 2040 1155 ma-

467 1211 571 1253 nus
591 1194 942 1257 dissolvetur,
993 1203 1046 1248 et
1075 1192 1254 1247 omnis
1295 1193 1474 1246 anima
1507 1192 1742 1248 hominis
1770 1194 2036 1249 formida-

468 1291 586 1344 bit:
625 1288 992 1342 turbabuntur
1025 1285 1183 1355 legati
1209 1325 1224 1348 ,
1273 1295 1329 1340 et
1373 1285 1588 1340 dolores
1625 1286 1770 1354 ipsos
1805 1302 2040 1358 occupa-

465 1383 616 1444 bunt,
642 1379 802 1449 quasi
842 1377 1082 1432 mulieris
1123 1377 1498 1446 parturientis.
1527 1397 1546 1429 ι
1590 1375 1837 1432 Nondum
1879 1393 2036 1447 ergo,

472 1471 568 1538 ait,
610 1474 816 1525 instant
843 1485 904 1523 ea
930 1485 1050 1538 quae
1079 1470 1130 1522 in
1159 1469 1578 1524 comminatione
1623 1468 1907 1532 feruntur;
1940 1470 2036 1523 sed

461 1563 863 1632 quamprimum
920 1570 1142 1614 ventura
1199 1570 1344 1616 sunt.
1406 1561 1588 1626 Quare
1649 1571 2038 1630 praevertentes

464 1655 575 1718 illa,
619 1651 780 1717 ﬂetu,
843 1652 1095 1705 lamentis
1143 1661 1198 1706 et
1251 1651 1461 1704 ululatu
1511 1650 1678 1706 Deum
1735 1653 2036 1720 placantes,

463 1746 602 1798 mala
641 1744 874 1799 avertite
904 1760 932 1796 a
968 1743 1120 1799 vobis
1147 1758 1162 1797 :
1186 1741 1407 1812 jamjam
1445 1744 1592 1798 enim
1633 1745 1891 1813 praedicta
1919 1745 2036 1799 dies

465 1844 560 1896 irae
609 1841 702 1896 Dei
749 1838 976 1895 aliutura
1026 1849 1128 1895 est.
1179 1838 1410 1908 Legatos
1453 1847 1630 1893 autem
1677 1839 1764 1893 hic
1806 1837 2037 1892 fortasse

2141 665 2239 719 νην
2275 648 2456 708 αὐτοῖς
2493 644 2771 713 βασιλείαν
2815 645 2922 717 πρὸ
2957 643 3262 712 καταϐολῆς
3297 643 3504 713 κόσμου
3536 642 3722 696 καλεῖο

2137 733 2212 793 ὧν
2246 737 2714 808 παραληφθέντων
2748 737 2839 790 καὶ
2867 735 3225 806 εἰσαχθέντων
3254 736 3346 787 ἐπὶ
3369 735 3469 805 τὴν
3498 736 3727 818 ἐπαγγε-

2139 828 2278 892 λίαν,
2310 829 2402 880 ὲπὶ
2439 845 2510 882 τα
2547 829 2709 882 λοιπά
2739 828 2864 899 ἔθνη
2897 827 2964 880 τὰ
2997 829 3053 879 ὲν
3095 828 3206 888 τοῖς
3240 819 3548 896 ἀριστεροῖς
3578 828 3726 898 εὐρε-

2140 919 2418 992 θησόμενα
2450 923 2484 991 ή
2513 921 2710 991 ἀπειλὴ
2741 919 2836 972 τοῦ
2865 919 3037 990 πυρὸς
3071 917 3438 989 ἐξενήνεκται.

2216 1031 2236 1064 ι
2297 1011 2608 1077 ὐλολύςετε
2629 1030 2641 1042 ·
2674 1014 2840 1082 ἐγγὺς
2865 1011 2974 1082 γὰρ
3008 1011 3191 1084 ἡμέρα
3214 1009 3441 1080 Κυρίου,
3469 1009 3564 1063 καὶ
3602 1027 3725 1063 συν-

2139 1102 2299 1174 τριϐὴ
2333 1101 2485 1172 παρά
2517 1101 2609 1154 τοῦ
2651 1099 2855 1171 Κυρίου
2898 1097 3038 1169 ἥξει.
3089 1096 3188 1150 Διά
3221 1096 3378 1150 τοῦτο
3419 1097 3568 1149 πᾶσα
3604 1099 3724 1168 χεὶρ

2140 1192 2531 1262 ὲκλυθήσεται,
2561 1193 2656 1245 καὶ
2706 1193 2855 1244 πᾶσα
2903 1189 3049 1258 ψυχὴ
3101 1186 3390 1258 ἀνθρώπου
3425 1186 3720 1241 autum:-

2139 1284 2576 1357 ταραχθήσονται
2606 1285 2655 1336 οἱ
2692 1281 2966 1353 πρέσϐεις,
2996 1281 3088 1334 καὶ
3128 1279 3314 1342 ὠδῖνες
3350 1280 3547 1344 αὐτοὺς
3579 1279 3725 1347 ἕξου-

2141 1393 2244 1441 σιν,
2291 1377 2368 1440 ὡς
2413 1376 2670 1445 γυναικὸς
2719 1375 3030 1444 τικτούσης.
3083 1392 3101 1425 ι
3153 1372 3319 1426 Οὔπω
3367 1369 3482 1437 οῦν,
3536 1375 3719 1445 φησιν,

2138 1469 2339 1541 ἐπέστη
2390 1469 2457 1522 τὰ
2505 1467 2883 1539 ήπειλημένα·
2932 1467 3113 1537 μέλλει
3161 1465 3219 1518 δὲ
3261 1467 3383 1519 ὅσον
3415 1465 3587 1518 οὔπω.
3632 1466 3724 1518 Διὸ

2140 1561 2523 1633 προλαϐόντες,
2571 1558 2833 1630 κλαυθμῷ
2859 1559 2955 1611 καὶ
2989 1557 3194 1629 θρήνῳ,
3235 1557 3329 1610 καὶ
3367 1557 3593 1628 ὀλολυγῇ
3633 1556 3724 1623 ὲξ-

2142 1652 2433 1708 ιλεὼσασθε
2452 1651 2521 1704 τὰ
2545 1652 2755 1705 ἑαυτῶν
2773 1650 2936 1704 κακά’
2967 1648 3147 1720 μέλλει
3173 1647 3281 1720 γὰρ
3307 1650 3340 1719 ἡ
3365 1648 3724 1720 προλεχθεῖσα

2139 1746 2322 1818 ήμέρα
2370 1747 2468 1815 τῆς
2500 1745 2673 1815 ὀργῆς
2695 1743 2789 1796 τοῦ
2819 1740 2954 1796 Θεοῦ
2978 1741 3319 1811 ἐφίστασθαι.
3357 1741 3428 1793 Ἢ
3463 1741 3724 1813 πρέσϐεις

2141 1838 2371 1892 ἐνταῦθα
2397 1837 2552 1890 καλεῖ
2577 1837 2702 1900 τοὺς
2729 1833 3160 1909 προϊσταμένους
3183 1833 3288 1886 τῶν
3307 1833 3407 1903 τῆς
3431 1832 3720 1904 ἀθεότητος

461 1944 622 1987 vocat
650 1948 765 1995 eos,
791 1932 880 2001 qui
904 1931 1066 1985 dictis
1096 1907 1377 1984 atheorum
1399 1932 1806 2000 patrocinantur
1836 1950 1847 1984 :
1878 1941 2035 2000 atque

2141 1930 2342 1999 λόγων,
2374 1929 2470 1983 καὶ¹
2514 1931 2641 1992 τοὺς
2680 1907 3080 2000 πρεσϐεύοντας
3115 1925 3255 1998 ὑπὲρ
3301 1925 3402 1996 τῆς
3443 1925 3724 1979 εἰδωλολα-

462 2040 556 2080 eos
593 2025 686 2094 qui
716 2023 1038 2078 idololatriae
1072 2036 1315 2076 errorem
1350 2032 1594 2087 tuentur,
1625 2037 1834 2076 necnon
1856 2022 2042 2078 docto-

465 2133 552 2170 res
570 2118 853 2170 atheorum
878 2123 931 2168 et
965 2114 1253 2181 impiorum
1291 2116 1602 2185 dogmatum
1628 2152 1646 2180 ,
1680 2129 1818 2184 quos
1848 2130 2037 2170 recen—

459 2206 561 2262 sita
595 2204 776 2259 omnia
821 2202 1095 2256 invadent.

531 2297 692 2350 Vsus.
732 2294 924 2348 10-19..
971 2311 990 2344 ι
1020 2292 1154 2346 Nam
1188 2291 1360 2347 stella:
1395 2289 1540 2356 caeli,
1575 2291 1742 2347 Orion
1771 2301 1824 2347 et
1857 2293 2039 2348 omnis

454 2397 679 2442 ornatus
702 2386 847 2451 εαξΙί,
878 2386 1051 2440 lucem
1085 2401 1189 2440 non
1226 2385 1432 2438 dabunt
1455 2425 1470 2449 ,
1503 2393 1569 2438 et-
1592 2387 2040 2440 obtenebrabitur

454 2477 569 2532 sole
599 2478 812 2532 oriente
835 2519 850 2542 ,
885 2485 938 2531 et
972 2477 1095 2530 luna
1145 2489 1253 2528 non
1283 2475 1432 2530 dabit
1461 2473 1802 2543 splendorem
1855 2491 2036 2534 suum.

456 2572 521 2624 Et
548 2569 817 2625 mandabo
847 2571 964 2624 orbi
995 2569 1251 2623 universo
1295 2568 1438 2622 mala
1463 2608 1478 2632 ,
1513 2579 1568 2623 et
1601 2568 1783 2637 impiis
1813 2578 2036 2639 peccata

454 2674 668 2715 eorum.
697 2659 766 2714 Et
789 2661 1010 2728 perdam
1053 2659 1306 2724 iniuriam
1345 2659 1654 2727 iniquorum
1673 2669 1729 2713 et
1757 2671 2038 2714 contume-

455 2751 584 2805 liam
622 2752 984 2820 superborum
1021 2750 1344 2819 deprimam.
1377 2768 1396 2801 ι
1441 2751 1650 2804 Etenim
1693 2766 2038 2807 consumimu-

460 2843 622 2898 tionis
646 2852 890 2912 tempore
925 2857 1100 2912 neque
1141 2842 1244 2906 sol,
1287 2857 1460 2912 neque
1491 2843 1618 2897 luna
1640 2884 1655 2909 ,
1694 2860 1868 2915 neque
1903 2845 2036 2899 stel-

457 2936 540 2997 lae,
579 2935 666 2998 iis,
705 2935 796 3004 qui
826 2935 1168 3004 castigationi
1202 2945 1257 2988 et
1288 2936 1553 3003 supplicio
1596 2937 1841 2992 tradendi
1871 2947 2034 3004 sunt,

458 3028 640 3097 impiis
687 3026 862 3082 lucem
911 3042 1064 3082 suam
1101 3027 1341 3090 fdabunt.
1398 3026 1714 3083 Luminaria
1762 3039 1944 3084 autem
2003 3045 2034 3086 a

458 3120 762 3176 ministerio
794 3135 892 3175 suo
929 3131 1109 3174 amota
1163 3120 1228 3174 ad
1288 3119 1449 3173 aliam
1487 3121 1876 3192 melioremque
1909 3137 2035 3178 sor-

461 3226 566 3268 tem
619 3213 944 3277 trausibunt,
996 3212 1151 3281 quasi
1210 3213 1680 3283 regenerationem
1736 3215 2030 3282 quamdam
2061 3249 2104 3307 C

454 3315 810 3361 consecutura
833 3345 847 3368 ,
917 3320 1090 3373 neque
1131 3304 1268 3358 ultra
1299 3321 1594 3376 corporum
1643 3306 1875 3360 vanitati
1911 3323 2032 3362 ser-

460 3394 662 3458 vientia
685 3409 700 3459 ;
732 3394 826 3450 sed
853 3393 1081 3448 liberata
1103 3408 1131 3446 a
1153 3396 1416 3449 servitute
1439 3397 1824 3465 corruptionis,
1844 3413 2034 3453 secun-

455 3489 584 3542 dum
613 3486 966 3556 apostolicum
1003 3488 1251 3541 verbum.
1292 3486 1502 3542 Caelum
1533 3489 1713 3559 itaque
1747 3505 1905 3546 vocat
1937 3503 2034 3548 aut

459 3581 712 3636 cmlestes
771 3589 1087 3649 potestates,
1145 3589 1238 3635 aut
1292 3582 1464 3650 ipsam
1525 3593 1874 3650 creaturam,
1927 3602 2032 3640 una

459 3689 581 3728 cum
635 3673 742 3727 Deo
798 3673 1168 3743 indignantem
1221 3689 1386 3743 super
1434 3675 1665 3739 insania,
1722 3677 2032 3748 arrogantia

457 3775 512 3817 et
541 3763 837 3832 impietate.

527 3938 689 3994 Vens.
729 3939 817 4004 15,
860 3941 950 3995 l4.
995 3959 1014 3992 ι
1047 3941 1110 3995 Ει
1155 3947 1316 3996 erunt
1363 3942 1564 3998 residui
1599 3945 1756 4012 quasi
1805 3945 2023 4000 damula

457 4033 706 4103 fugiens,
741 4042 798 4088 et
835 4037 989 4103 quasi
1024 4037 1143 4090 ovis
1180 4051 1387 4102 errans
1439 4047 1490 4091 et
1524 4053 1629 4093 non
1657 4041 1760 4093 erit
1785 4041 1876 4109 qui
1911 4055 2036 4093 con-

457 4135 662 4197 greget,
694 4127 767 4180 ita
794 4137 851 4182 ut
879 4127 1043 4183 homo
1076 4132 1140 4183 ad
1169 4130 1422 4200 populum
1453 4146 1608 4185 suum
1633 4143 1986 4188 convertatur
2014 4153 2026 4188 :

455 4229 509 4272 et
569 4221 732 4275 homo
789 4221 857 4276 ad
926 4207 1203 4292 regionem
1271 4239 1423 4278 suam
1494 4224 1736 4294 fugiet.)
1804 4227 2034 4296 Fugieut

453 4311 654 4382 quippe
687 4311 745 4378 ii,
790 4321 849 4367 ut
895 4313 1178 4368 dexterum
1209 4314 1493 4384 quidpiam
1530 4329 1910 4386 assequantur,
1947 4318 2034 4372 vel

454 4414 513 4459 ut
540 4405 846 4475 perfugium
882 4407 1023 4477 apud
1058 4409 1368 4478 quempiam
1412 4424 1478 4463 ex
1522 4409 1666 4466 nmis
1700 4411 1979 4468 inveniant
2013 4428 2029 4468 :

453 4499 546 4554 sed
581 4515 687 4553 non
727 4499 1004 4560 invenient
1035 4519 1048 4554 :

2140 2019 2323 2092 τρείας
2356 2020 2586 2092 πλάνης,
2623 2019 2750 2082 τούς
2781 2035 2843 2072 τε
2883 2018 3234 2082 διδασκάλους
3261 2019 3369 2072 τῶν
3411 2018 3586 2072 ἀθέων
3627 2017 3724 2072 καὶ

2140 2112 2349 2166 ἀσεϐῶν
2386 2112 2696 2183 δογμάτων,
2735 2109 2830 2175 οὒς
2863 2107 3244 2181 μετελεύσεται
3280 2110 3349 2164 τὰ
3380 2110 3725 2182 κατηριθμη-

2143 2204 2279 2276 μένα
2313 2205 2514 2258 πάντα.

2216 2313 2236 2345 ε
2275 2297 2340 2348 υἱ
2378 2295 2489 2368 γὰρ
2521 2295 2750 2366 ἀστέρες
2780 2295 2872 2348 τοῦ
2900 2293 3149 2368 οὐρανοῦ,
3190 2293 3284 2348 καὶ
3311 2294 3340 2347 6
3383 2291 3596 2363 Ὠρίων,
3628 2293 3724 2346 καὶ

2139 2387 2247 2448 πᾶς
2276 2386 2305 2438 6
2341 2385 2545 2456 κόσμος
2576 2385 2668 2438 τοῦ
2711 2384 2964 2457 οὐρανοῦ,
2995 2384 3056 2437 τὸ
3089 2384 3204 2454 φῶς
3236 2385 3295 2437 οὐ
3334 2383 3598 2447 δώσουσι,
3631 2384 3724 2436 καὶ

2142 2478 2556 2550 σκοτισθήσεται
2585 2480 2678 2532 τοῦ
2714 2481 2864 2551 ἡλίου
2900 2480 3297 2545 ἀνατέλλοντος,
3334 2480 3429 2533 καὶ
3459 2481 3492 2550 ή
3527 2479 3723 2552 σελήνη

2138 2573 2198 2624 οὐ
2240 2571 2401 2625 δώσει
2439 2571 2498 2626 τὺ
2537 2572 2740 2642 φέγγος
2782 2574 2972 2644 αὐτῆς.
3018 2574 3129 2627 Καὶ
3167 2572 3484 2642 ὲντελοῦμαι
3537 2575 3603 2643 τῇ
3648 2573 3724 2625 ol-

2139 2663 2376 2736 κουμένη
2407 2663 2504 2737 ὅλῃ
2538 2664 2714 2728 κακά,
2759 2664 2852 2730 καὶ
2899 2666 3013 2726 τοῖς
3054 2661 3277 2716 ἀσεϐέσι
3317 2661 3414 2724 τὰς
3453 2661 3724 2731 ἁμαρτίας

2137 2751 2346 2805 αὐτῶν·
2386 2753 2479 2806 καὶ
2519 2753 2704 2806 ἀπολῶ
2735 2751 2892 2821 ὓϐριν
2928 2752 3164 2822 ἀνόμων,
3198 2749 3293 2803 καὶ
3340 2749 3496 2821 ῦϐριν
3555 2751 3725 2821 ὑπερ-

2138 2843 2359 2914 ηφάνων
2385 2843 2724 2898 ταπεινὼσω.
2767 2863 2788 2896 ι
2826 2843 2985 2897 Κατά
3026 2843 3135 2914 γὰρ
3167 2842 3258 2896 τὸν
3275 2843 3377 2912 τῆς
3414 2842 3723 2906 συντελείας

2137 2936 2327 3007 καιρὸν
2357 2935 2470 2988 οὗθ’
2503 2940 2532 2990 6
2576 2936 2747 3006 ἥλιος,
2779 2933 2891 2988 οὗθ’
2931 2937 2964 3006 ἡ
3005 2933 3223 3005 σελήνη,
3259 2931 3371 2986 οὗθ’
3412 2934 3460 2986 οἱ
3495 2932 3723 3004 ἀστέρες

2136 3030 2249 3092 τοῖς
2284 3026 2503 3080 κολάσει
2533 3027 2628 3080 καὶ¹
2659 3027 2897 3099 τιμωρίᾳ
2931 3024 3463 3096 παραδοθησομένοις
3500 3023 3722 3078 ἀσεϐέσι

2135 3121 2197 3174 τὺ
2226 3119 2434 3173 ἑαυτῶν
2461 3117 2577 3187 φῶς
2611 3120 2672 3172 οὐ
2706 3119 2955 3173 δώσουσι.
2990 3117 3430 3180 Μεταϐάλλοντες
3460 3116 3516 3169 δὲ
3547 3117 3640 3168 καὶ
3671 3116 3722 3168 οἱ

2139 3213 2424 3283 φωστῆρες
2472 3211 2583 3264 ἀπὸ
2625 3212 2725 3282 τῆς
2780 3211 2986 3264 ἑαυτῶν
3024 3209 3330 3282 ὑπηρεσίας
3385 3211 3480 3261 ἐπὶ
3528 3207 3720 3278 ἑτέραν

2137 3305 2326 3375 ἥξουσι
2359 3303 2645 3374 κρείττονα
2675 3302 2849 3372 λῆξιν,
2886 3301 3075 3374 ῶσπερ
3116 3301 3258 3365 τινὸς
3303 3299 3718 3368 παλιγγενεσίας

2135 3395 2482 3466 τευξόμενοι,
2519 3395 2612 3448 καὶ
2663 3395 2859 3465 μηκέτι
2904 3393 3002 3464 μὲν
3035 3396 3100 3464 τῇ
3145 3393 3254 3446 τῶν
3286 3393 3552 3463 σωμάτων
3597 3391 3718 3446 δου⁶

2135 3487 2384 3550 λεύοντες
2421 3487 2760 3559 ματαιότητι,
2791 3485 3076 3558 ἐλευθεροῦ
3087 3502 3235 3558 μενοι
3259 3486 3316 3538 δὲ
3341 3486 3448 3539 ἀπὸ
3473 3486 3572 3556 τῆς
3599 3484 3720 3539 δου-

2136 3581 2285 3643 λείας
2337 3580 2438 3651 τῆς
2494 3579 2730 3651 φθορᾶς,
2785 3579 2928 3633 κατὰ
2989 3579 3081 3631 τὸν
3135 3578 3486 3631 ἀποστολικὺν
3541 3577 3716 3646 λόγον.

2137 3669 2379 3740 Οὐρανὸν
2421 3669 2708 3740 τοιγαροῦν
2739 3669 2889 3737 λέγει
2936 3669 2968 3740 ἢ
3009 3669 3107 3732 τὰς
3139 3669 3396 3740 οὐρανίας
3439 3670 3714 3739 δυνάμεις,

2135 3761 2169 3832 ἢ
2211 3761 2306 3813 καὶ
2354 3761 2525 3832 αὐτὴν
2562 3761 2660 3832 τὴν
2705 3761 2885 3814 κτίσιν
2929 3760 3440 3829 συναγανακτοῦσαν
3469 3759 3547 3831 τῷ
3599 3759 3716 3831 Θεῷ

2136 3854 2230 3907 ἐπὶ
2263 3853 2510 3925 ἀπονοίᾳ,
2553 3855 2646 3907 καὶ
2679 3853 2986 3925 ἀλαζονείᾳ,
3028 3853 3121 3905 καὶ
3149 3853 3414 3922 ἀθεότητι.

2212 3964 2232 3998 ι
2285 3946 2397 4000 Καὶ
2431 3945 2643 4000 ἔσονται
2683 3946 2731 3999 οί
2777 3944 3262 4014 καταλελειμμένοι
3311 3945 3388 4007 ὡς
3440 3943 3716 4015 δορκάδων

2138 4037 2358 4109 φεῦγον,
2390 4038 2483 4092 καὶ
2512 4037 2588 4102 ὡς
2617 4038 2886 4110 πρόϐατον
2923 4035 3295 4108 πλανώμενον,
3323 4037 3418 4089 καὶ
3441 4037 3541 4088 οὐκ
3563 4036 3718 4089 ἔσται

2136 4133 2164 4185 6
2214 4130 2498 4198 συνάγων·
2554 4130 2695 4183 ὥστε
2755 4130 3040 4202 ἄνθρωπον
3092 4130 3170 4193 είς
3225 4129 3315 4181 τὸν
3367 4129 3496 4182 λαδν
3549 4125 3718 4181 αὐτοῦ

2138 4219 2578 4290 ἀποστραφῆναι,
2627 4220 2722 4272 καὶ
2753 4219 3039 4291 ἄνθρωπος
3082 4221 3162 4280 εἰς
3203 4217 3300 4287 τὴν
3337 4216 3522 4289 χώραν
3554 4215 3718 4269 αὑτοῦ

2139 4311 2415 4383 φεύξεται.
2461 4329 2478 4362 ι
2516 4310 2805 4374 Φεύξονται
2840 4311 2938 4382 μὲν
2966 4311 3076 4380 γὰρ
3107 4310 3158 4361 οἱ
3198 4308 3510 4376 φεύγοντες,
3543 4307 3719 4374 δεξιοῦ

2134 4423 2281 4470 τινος
2313 4406 2517 4475 τυχεῖν,
2557 4405 2590 4474 ἦ
2631 4403 2948 4474 καταφυγὴν
2991 4401 3254 4474 εὑράσθαι
3290 4402 3440 4474 παρά
3467 4420 3572 4456 τινι
3609 4401 3717 4455 τῶν

2134 4498 2450 4572 γνωρίμων,
2482 4497 2543 4550 οὐ
2579 4496 2683 4568 μὴν
2717 4497 3042 4567 εὑρήσουσι·
3511 4483 3521 4492 ’

529 4590 691 4645 Vsus.
737 4591 824 4644 15.
870 4611 889 4643 σ
918 4591 1034 4646 Νοη
1085 4591 1190 4646 erit
1239 4592 1382 4646 enim
1428 4593 1519 4663 qui
1567 4603 1860 4666 congregat
1913 4613 2026 4653 eos.

2211 4612 2229 4644 ‹
2269 4592 2384 4645 Οὐκ
2425 4589 2576 4643 ἔσται
2609 4587 2718 4659 γὰρ
2761 4589 2789 4640 6
2837 4588 3081 4653 συνάγων
3130 4588 3344 4651 αὐτούς.
3391 4589 3486 4650 Ὃς
3513 4586 3621 4658 γὰρ
3654 4585 3720 4639 ἂν

455 4680 590 4736 Nam
625 4683 717 4751 qui
750 4693 942 4752 captus
986 4684 1170 4749 fuerit,
1202 4686 1559 4755 opprimetur,
1595 4698 1652 4742 et
1675 4688 1767 4755 qui
1801 4703 2030 4759 congre-

453 4772 560 4842 gati
601 4779 748 4835 sunt,
801 4773 979 4844 gladio
1023 4776 1237 4829 cadent.
1274 4794 1292 4826 ι
1337 4774 1617 4840 Quamvis,
1677 4777 1785 4840 ait,
1839 4792 2027 4832 eorum

453 4860 672 4928 quidam
711 4861 834 4932 fuga
868 4862 1096 4917 salutem
1125 4867 1383 4934 consequi
1414 4875 1705 4930 conentur,
1739 4866 1790 4920 hi
1816 4881 2030 4936 quoque

453 4960 611 5021 captu
639 4952 828 5008 faciles
858 4964 1036 5017 erunt,
1073 4951 1176 5009 non
1201 4955 1375 5009 dumis
1394 4956 1651 5023 perfectis
1681 4957 2025 5021 salientibus,

454 5058 575 5110 quae
611 5043 783 5098 levem
831 5045 1180 5115 velocemque
1233 5060 1454 5100 cursum
1493 5048 1730 5115 habent,
1782 5049 2027 5116 similes;

452 5136 544 5191 sed
577 5137 827 5192 damulis.

527 5225 692 5279 Vsus.
734 5227 821 5280 l6.
866 5226 978 5280 «Et
1020 5226 1160 5281 filios
1203 5242 1388 5282 eorum
1437 5228 1744 5299 discerpent
1781 5231 1834 5287 in
1893 5247 2030 5286 con-

456 5326 640 5384 spectu
672 5329 883 5381 eorum,
929 5327 983 5370 et
1030 5318 1225 5370 domus
1257 5333 1443 5371 eorum
1481 5321 1790 5387 vastabunt,
1827 5331 1882 5376 et
1911 5337 2030 5375 mu-

454 5407 612 5461 lieres
647 5423 836 5462 eorum
870 5409 1168 5463 habebunt.
1202 5429 1221 5461 ι
1267 5410 1502 5464 Perinde
1545 5425 1708 5482 atque
1737 5415 1883 5470 viros
1908 5431 2030 5484 sup-

455 5496 616 5564 plicio
646 5497 890 5562 affectos,
929 5499 1192 5552 mulieres
1219 5515 1433 5569 quoque
1477 5501 1811 5572 irreligiosas
1841 5513 1897 5558 et
1927 5505 2029 5558 imo

455 5589 591 5652 pias,
635 5603 757 5658 quae
810 5591 1014 5660 prolem
1048 5591 1372 5655 ediderant,
1421 5593 1643 5662 paribus
1693 5597 2030 5652 cruciatibus

349 5749 353 5753 γ
456 5679 1218 5751 adicient:quemadmodum
1274 5694 1332 5739 et
1380 5683 1518 5740 ﬁlios
1564 5701 1751 5742 eorum
1803 5688 2028 5756 impios,

455 5785 684 5840 quorum
732 5775 948 5836 animae,
1003 5783 1266 5842 quantum
1318 5777 1385 5834 ad
1434 5794 1644 5847 mores,
1712 5781 2029 5851 parentibus

462 5863 664 5921 malitia
702 5865 904 5922 similes
932 5874 1078 5922 sunt.

2137 4681 2271 4752 άλῷ,
2302 4679 2692 4752 ήττηθήσεται,
2740 4677 2835 4730 καὶ
2869 4677 3060 4741 οἵτινες
3090 4677 3417 4749 συνηγμένοι
3450 4677 3576 4739 εἰσὶ,
3624 4693 3720 4727 πε-

2140 4773 2357 4826 σοῦνται
2392 4770 2658 4842 μαχαίρᾳ.
2698 4787 2716 4819 ι
2754 4766 2872 4821 Κάν
2901 4784 3045 4831 τινες
3073 4763 3186 4831 οῦν,
3225 4767 3412 4838 φησὶν,
3451 4766 3508 4819 ἐν
3537 4766 3721 4828 αὐτοῖς

2137 4862 2447 4934 πειραθεῖεν
2481 4863 2626 4931 φυγῇ
2658 4859 2757 4932 τὴν
2788 4859 3062 4930 σωτηρίαν
3095 4856 3463 4930 πορίσασθαι·
3502 4857 3596 4910 καὶ
3627 4851 3717 4909 οῦ-

2135 4973 2216 5010 τοι
2252 4955 2508 5008 εὐάλωτοι
2536 4955 2872 5026 γενήσονται,
2907 4955 2966 5007 οῦ
2997 4953 3208 5023 δόρκοις
3235 4951 3462 5013 τελείοις
3496 4952 3718 5019 ἀποπη-

2136 5045 2289 5110 δῶσι,
2326 5044 2525 5115 κοῦφόν
2560 5063 2616 5098 τε
2657 5046 2752 5099 καὶ
2793 5048 2963 5117 ταχὺν
2997 5043 3340 5114 ποιουμένοις
3387 5041 3478 5094 τὸν
3518 5040 3718 5112 δρόμον

2139 5138 2398 5203 ἐοικότες,
2433 5136 2569 5191 ἀλλὰ
2598 5137 2920 5209 δορκαδίοις.

2214 5252 2232 5284 ‹
2280 5233 2390 5285 Καὶ
2428 5231 2496 5284 τὰ.
2534 5231 2699 5285 τέκνα
2731 5232 2909 5285 αὐτῶν
2954 5226 3204 5300 ρήξουσιν
3240 5225 3468 5279 ἐνώπιον
3516 5227 3714 5291 αὐτῶν,

2137 5324 2228 5378 καὶ
2266 5325 2361 5387 τὰς
2398 5324 2574 5387 οἰκίας
2618 5322 2799 5378 αὐτῶν
2844 5319 3296 5392 προνομεύσουσι,
3342 5319 3437 5371 καὶ¹
3478 5319 3576 5382 τὰς
3619 5337 3717 5388 γυ·-

2136 5417 2327 5479 ναῖκας
2357 5415 2536 5470 αὐτῶν
2562 5415 2791 5479 ἕξουσιν.
2829 5433 2847 5464 ι
2889 5411 3118 5481 Ὁμοίως
3144 5411 3251 5482 γὰρ
3281 5410 3388 5482 ἄρα
3405 5414 3524 5475 ιτοῖς
3558 5411 3717 5464 κολα-

2137 5508 2384 5578 ζομένοις
2417 5508 2643 5578 ἀνδράσι
2691 5508 2783 5558 καὶ
2831 5503 2929 5568 τὰς
2971 5502 3172 5556 τούτων
3212 5506 3476 5572 γυναῖκας
3521 5504 3715 5567 ἀθέους

2140 5601 2233 5654 καὶ
2263 5600 2479 5662 ἀσεϐεῖς
2515 5600 2608 5652 καὶ
2643 5598 2741 5661 τὰς
2773 5596 3103 5666 γειναμένας
3133 5599 3253 5660 ταῖς
3300 5597 3445 5660 ίσαις
3474 5594 3711 5650 6x06503-

2137 5691 2286 5745 λουσι
2313 5690 2635 5761 τιμωρίαις“,
2667 5689 2855 5760 ὥσπερ
2881 5684 2975 5742 οὗν
3004 5688 3096 5740 καὶ
3123 5689 3192 5741 τιὰ
3221 5689 3385 5740 τέκνα
3423 5687 3599 5740 αὐτῶν
3645 5687 3716 5742 τά

2138 5783 2332 5851 ἀσεϐῆ,
2354 5783 2450 5845 τάς
2469 5780 2696 5844 οἰκείας,
2729 5782 2820 5833 καὶ
2842 5783 2905 5851 τῇ
2933 5781 3042 5835 τῶν
3070 5781 3282 5850 τρόπων
3309 5777 3487 5833 αὐτῶν
3511 5778 3713 5850 μοχθη-

2145 5875 2235 5946 ρίᾳ
2262 5871 2691 5940 ἐξοικειωθείσας
2719 5875 2809 5928 καὶ
2839 5874 3307 5947 παρομοιωθείσας
3329 5870 3522 5942 ψυχάς.
