4118 6384
346 408 450 465 189

1305 401 1814 459 COMMENTARIA
1849 400 1915 455 IN
1952 398 2209 456 lSAlAM.
2251 426 2315 440 -
2358 397 2514 454 CAP.
2553 393 2694 449 XII}.

3508 384 3610 442 190

423 543 444 577 ι
510 525 642 579 Ἰδοὺ
688 522 940 594 ἐπεγερῶ
977 520 1106 591 ὑμῖν
1150 518 1279 583 τοὺς
1321 519 1559 590 Μήδους,
1602 519 1650 572 οἳ
1693 520 1752 571 οὐ
1786 518 1933 586 λογί-

2107 517 2274 571 Vnus.
2317 516 2405 570 17.
2453 534 2473 567 ι
2503 514 2643 570 Ecce
2695 507 2971 568 suscitabo
3033 506 3190 563 vobis
3246 505 3453 568 Medos,
3515 506 3605 572 qui

348 617 531 682 ζον-ται
563 616 845 687 ἀργύριον,
879 614 1000 667 οὐδὲ
1034 612 1257 683 χρυσίου
1291 612 1477 684 χρείαν
1510 611 1710 680 ἔχουσι,
1742 610 1930 674 τοξεύ-

354 726 499 782 ματα
536 706 835 761 νεανίσκων
876 704 1249 775 συντρίψουσι.
1303 722 1323 757 ι
1371 703 1529 771 Μέγα
1572 701 1668 772 μὲν
1692 701 1802 773 γάρ
1832 701 1930 753 αύ-

351 805 461 863 τοῖς
494 801 599 852 ἐπὶ
622 801 743 861 ταῖς
772 797 1006 862 τοξείαις
1034 798 1095 849 τὸ
1125 795 1373 867 φύσημα,
1401 793 1578 848 καὶτὸ
1601 792 1849 864 εὐτεχνὲς
1878 794 1934 845 ὲν

350 893 558 957 τούτοις
596 892 876 949 ποιοῦνται
917 892 1046 963 περ)⁵
1082 888 1278 943 πολλοῦ
1300 906 1313 920 ·
1351 889 1465 942 ἀλλ’
1496 889 1693 959 ἥττους
1724 887 1935 940 ἔσονται

351 983 460 1037 τῶν
499 983 728 1056 ὲχθρῶν.
777 984 1015 1053 Σκληροὶ
1050 981 1107 1034 δὲ
1146 981 1289 1034 οὕτω
1331 979 1425 1032 καὶ
1464 977 1936 1049 ἀφιλοικτίρμονες

352 1076 402 1128 οἱ
433 1075 795 1145 νενικηκότες,
826 1075 901 1138 ὡς
940 1073 1073 1144 μηδὲ
1104 1072 1204 1142 τῆς
1238 1072 1475 1140 ἐλεεινῆς
1512 1069 1728 1139 ἡλικίας
1771 1065 1937 1136 φειδὼ

354 1167 624 1221 ποιεῖσθαί
662 1185 803 1220 τινα.
840 1165 932 1236 Τῷ
965 1166 1020 1218 δὲ
1055 1166 1317 1235 φάσκοντι
1365 1162 1529 1233 λόγῳ,
1563 1181 1581 1212 ι
1646 1161 1776 1214 ’ἰδοὺ
1812 1161 1939 1212 ἐπε-

352 1259 500 1331 γερῶ
530 1261 659 1331 ὑμῖν
685 1261 810 1323 τοὺς
843 1259 1082 1329 Μήδους,
1124 1276 1142 1308 ι
1194 1258 1463 1327 μαρτυρεῖ
1504 1254 1661 1326 ήτῆς
1699 1253 1938 1324 ἱστορίας

354 1356 597 1420 ἔκϐασις,
642 1356 993 1426 ἀνάγραπτος
1029 1349 1163 1405 οὖσα
1208 1350 1361 1422 παρὰ
1403 1353 1516 1413 τοῖς
1573 1348 1839 1418 Ἐλλήνων
1870 1346 1939 1398 τὰ

355 1447 636 1501 Χαλδαϊκὰ
678 1448 772 1501 καὶ
808 1446 878 1500 τὰ
918 1442 1255 1516 Ἀσσυριακὰ
1297 1440 1795 1513 συγγραψαμένοις,
1830 1440 1942 1501 τοῖς

356 1555 415 1592 τε
449 1539 517 1593 τὰ
561 1538 782 1609 Μηδικὰ
827 1536 1191 1608 ἱστορηκόσιν·
1236 1529 1311 1588 ὧν
1355 1535 1449 1586 καὶ
1497 1536 1657 1603 ἡμεῖς
1683 1532 1941 1592 πλείστας

356 1630 724 1701 ἀνελεξάμεθα
744 1630 1048 1703 μαρτυρίας
1073 1631 1128 1681 ὲν
1158 1629 1271 1692 τοῖς
1301 1624 1611 1695 πονηθεῖσιν
1639 1625 1770 1695 ἡμῖν
1796 1624 1943 1691 Χρο-

356 1724 548 1789 νικοῖς
572 1725 987 1795 συγγράμμασι.
1048 1721 1335 1774 Φαίνονται
1388 1718 1568 1771 τοίνυν
1615 1716 1803 1786 Μῆδος
1843 1714 1943 1786 τὴν

368 1816 671 1888 Ἀσσυρίων
695 1814 1016 1877 καθελόντες
1044 1814 1240 1885 ἀρχήν·
1273 1811 1494 1875 τούτους
1518 1828 1581 1863 τε
1608 1808 1792 1881 Κῦρος
1819 1808 1945 1860 ὑπο-

2036 619 2319 680 argentum
2353 623 2458 663 non
2493 614 2707 669 curant,
2735 618 2834 658 nec
2865 616 3000 657 auro
3021 615 3158 669 opus
3199 599 3421 662 habent,
3450 611 3610 650 arcus

2032 700 2291 771 juvenum
2340 706 2646 755 conterent.
2682 714 2701 747 ι
2751 694 2976 763 Magnus
3018 692 3237 761 quidem
3275 689 3381 744 illis
3429 700 3611 742 tumor

2037 793 2179 847 inest
2223 796 2292 847 ob
2336 791 2627 858 sagittandi
2664 790 2913 860 peritiam
2941 827 2957 851 ,
3010 799 3172 854 quam
3218 792 3391 835 artem
3442 780 3612 848 pluris

2037 886 2278 951 faciunt,
2329 885 2420 939 sed
2482 885 2717 937 inimicis
2774 860 3081 936 inferiores
3122 885 3305 931 erunt.
3364 872 3614 928 Victores

2038 994 2200 1047 porro
2231 985 2379 1030 tanta
2404 976 2604 1029 duritie
2630 988 2684 1029 et
2709 975 3049 1027 immanitate
3090 979 3286 1031 erunt,
3318 975 3376 1020 ut
3403 980 3469 1020 ne
3494 967 3615 1033 qui-

2038 1072 2158 1124 dem
2188 1079 2383 1125 tenerae
2407 1078 2462 1122 et
2489 1069 2555 1122 ad
2585 1065 3019 1120 misericordiam
3044 1061 3278 1117 moventi
3315 1059 3459 1113 aetati
3490 1073 3616 1127 par-

2038 1168 2183 1215 cant.
2239 1160 2375 1215 Huic
2423 1171 2615 1213 autem
2655 1159 2835 1222 dicto,
2908 1174 2925 1207 ι
2956 1156 3094 1209 Ecce
3137 1154 3414 1208 suscitabo
3462 1149 3615 1202 vobis

2038 1253 2247 1316 Medos,
2278 1273 2297 1305 ι
2333 1254 2446 1321 ipse
2476 1251 2716 1306 historia:
2738 1256 2964 1303 eventus
3010 1244 3377 1301 testimonium
3415 1242 3565 1297 addit
3596 1253 3613 1295 :

2039 1361 2161 1414 qua;
2191 1346 2411 1398 historia
2433 1344 2571 1413 apud
2598 1341 2837 1405 Graecos,
2870 1340 2960 1409 qui
2981 1338 3294 1401 Chaldaica,
3319 1334 3608 1405 Assyriaca

2040 1447 2097 1490 et
2167 1436 2371 1490 Medica
2446 1435 2784 1503 scripserunt
2850 1430 3172 1500 reperitur:
3216 1444 3446 1498 quorum
3518 1441 3618 1480 nos

2043 1529 2211 1583 multa
2250 1526 2556 1582 testimonia
2590 1523 2906 1594 collegimus
2949 1524 3001 1576 in
3049 1521 3324 1575 Chronicis
3357 1534 3480 1589 qua:
3505 1517 3621 1582 edi:

2042 1620 2242 1675 (limus.
2298 1618 2435 1672 Medi
2493 1618 2673 1687 itaque
2720 1615 3065 1686 Assyriorum
3103 1613 3388 1682 imperium
3418 1621 3623 1665 everte-

2046 1722 2174 1767 rant
2199 1729 2215 1766 :
2245 1710 2365 1765 illos
2394 1724 2525 1765 vero
2556 1709 2658 1764 sibi
2701 1706 2931 1776 subjecit
2958 1706 3155 1775 Cyrus,
3192 1704 3399 1773 primus
3428 1701 3623 1756 Persa-

2049 1820 2165 1859 rum
2196 1818 2306 1863 rex,
2344 1802 2438 1873 qui
2478 1801 2787 1857 Judaeorum
2829 1800 3202 1870 captivitatem
3242 1794 3493 1849 dimisit:
3530 1792 3625 1845 de-

356 1909 521 1976 τάξας
541 1882 576 1962 ’ὁ
608 1908 835 1980 Περσῶν
864 1882 1127 1979 βασιλεὺς
1143 1882 1387 1977 πρῶτος,
1424 1906 1453 1958 ὁ
1492 1904 1585 1957 καὶ
1619 1902 1716 1969 τὴν
1745 1902 1943 1971 αἰχμα-

2058 1895 2231 1964 ditque
2266 1892 2469 1949 Iudaeis
2504 1909 2602 1963 pro
2639 1892 2809 1947 lubito
2852 1893 2904 1946 in
2939 1890 3213 1961 regionem
3258 1900 3415 1940 suam
3461 1882 3626 1939 remi-

358 2001 555 2055 λωσίαν
593 2000 703 2054 τῶν
744 2001 1014 2054 Ἰουδαίων
1047 2000 1223 2062 ἀνείς·
1272 1999 1366 2052 καὶ
1398 1997 1521 2059 δοὺς
1555 1994 1802 2059 ἐξουσίαν
1830 1994 1941 2056 τοῖς

358 2095 602 2148 θέλουσιν
638 2094 815 2148 αὐτῶν
842 2096 920 2157 εἰς
949 2095 1046 2165 τὴν
1081 2091 1285 2145 οἰκείαν
1320 2088 1600 2143 ἐπανιέναι
1631 2085 1944 2161 χώραν,καὶ

359 2187 662 2257 ἀνεγείρειν
696 2186 787 2239 τὸν
820 2185 945 2238 ναὸν
973 2183 1064 2237 τοῦ
1101 2182 1254 2237 Θεοῦ.

438 2299 456 2330 ι
490 2280 601 2331 Καὶ
631 2278 782 2331 ἔσται
815 2275 1093 2339 Βαϐυλὼν,
1115 2276 1149 2345 ἡ
1190 2274 1434 2329 καλεῖται
1470 2271 1677 2336 ἔνδοξος
1707 2270 1816 2325 ἀπὸ
1846 2268 1944 2340 βα-

365 2369 557 2434 σιλέως
585 2370 885 2432 Χαλδαίων,
920 2368 978 2421 ὃν
1006 2368 1204 2440 τρόπον
1234 2364 1603 2435 κατέστρεψεν
1636 2366 1664 2416 ὁ
1692 2363 1823 2426 Θεὸς
1851 2362 1947 2415 Σό-

363 2464 502 2533 δομα
562 2462 657 2515 καὶ
718 2461 1006 2531 Γόμορρα,
1069 2459 1131 2511 οὑ
1192 2456 1652 2525 κατοικηθήσεται
1715 2455 1793 2516 εἰς
1855 2452 1946 2507 τὸν

362 2552 550 2605 αἰῶνα.
596 2570 615 2603 ι
669 2550 947 2620 Ἀοίκητος
985 2549 1039 2601 δὲ
1081 2547 1175 2600 καὶ
1222 2544 1499 2607 παντελῶς
1542 2543 1746 2615 ἔρημος
1778 2542 1946 2595 εἰσέτι

362 2643 458 2697 καὶ
488 2642 582 2696 νῦν
614 2643 807 2712 ὁρᾶται
839 2644 871 2712 ἡ
920 2638 1209 2693 Βαϐυλών·
1260 2636 1535 2709 μάρτυρες
1576 2635 1634 2688 δὲ
1662 2634 1864 2687 τούτων
1896 2635 1948 2686 οἱ

362 2738 425 2789 ὲκ
457 2734 565 2787 τῶν
596 2732 778 2787 τόπων
811 2732 1036 2785 ἐκείνων
1072 2728 1207 2801 πρὸς
1246 2730 1393 2799 ἡμᾶς
1433 2725 1835 2797 ἀφικνούμενοι.

435 2844 455 2877 ι
514 2824 635 2878 Οὐδ’
683 2823 745 2876 ού
794 2822 867 2892 μὴ
918 2820 1234 2873 εἰσέλθωσιν
1281 2822 1361 2880 εἰς
1393 2817 1561 2889 αὐτὴν
1606 2816 1695 2871 διὰ
1736 2816 1947 2871 πολλῶν

362 2915 584 2986 γενεῶν,
618 2915 726 2968 οὐδ’
754 2914 815 2967 οὐ
860 2912 933 2984 μὴ
977 2909 1257 2963 διέλθωσιν
1302 2909 1471 2979 αὐτὴν
1514 2906 1782 2978 Ἄραϐες,
1828 2907 1949 2960 οὐδὲ

364 3007 625 3078 ποιμένες
652 3006 714 3059 ού
760 3004 833 3075 μὴ
863 3001 1283 3056 άναπαύσωνται
1314 3002 1373 3052 ὲν
1408 2999 1567 3069 αὐτῇ.
1614 3019 1631 3051 ι
1672 2997 1828 3052 Οῦτω
1858 2998 1951 3070 δη-

363 3099 663 3170 λουμένων,
693 3098 765 3160 ὡς
794 3092 967 3167 οἶμαι,
1001 3093 1111 3147 τῶν
1141 3095 1272 3163 παρ’
1300 3095 1431 3164 ἡμῖν
1469 3090 1815 3161 καλουμένων
1849 3092 1953 3145 Σα-

368 3190 641 3263 ρακηνῶν,
677 3189 749 3252 οἳ,
777 3188 874 3251 τὰς
915 3187 1302 3258 πραγματείας
1348 3185 1696 3256 ποιούμενοι,
1726 3187 1820 3240 καὶ
1864 3185 1951 3239 ἐπ’

368 3282 539 3351 αὐτῆς
566 3279 884 3341 Βαϐυλῶνος
904 3280 965 3330 τὸ
989 3278 1215 3331 παλαιὸν
1237 3277 1703 3346 ὲσκηνοποιοῦντο.
1728 3278 1961 3342 Φευκτὸς

369 3372 424 3424 δὲ
453 3370 595 3423 οὓτω
623 3371 717 3423 καὶ
746 3373 857 3433 τοῖς
886 3372 1128 3442 ὁμόροις,
1159 3371 1251 3423 καὶ
1287 3373 1400 3432 τοῖς
1424 3369 1483 3434 ἐξ
1516 3370 1705 3435 ἔθνους
1744 3369 1959 3442 μακροῦ

371 3460 780 3534 περινοστοῦσιν
829 3462 1029 3534 αὐτὴν,
1082 3463 1158 3526 ὡς
1218 3463 1352 3534 μηδὲ
1402 3463 1671 3534 ποιμένας
1724 3465 1851 3526 τοὺς
1902 3461 1962 3526 ἐξ

381 3552 636 3623 Ἀράϐων
670 3541 1051 3623 κατανεμῆσαί
1090 3570 1143 3605 τι
1192 3552 1299 3605 τῶν
1343 3553 1488 3606 ἰδίων
1529 3552 1861 3623 θρεμμάτων
1904 3554 1962 3605 ὲν

369 3644 530 3715 αὐτῇ,
565 3642 655 3696 διά
700 3661 781 3696 τοι
815 3643 875 3697 τὸ
922 3643 1252 3715 ἠρημῶσθαι
1288 3642 1588 3706 παντελῶς.
1654 3642 1850 3695 ’ἰστέον
1881 3642 1959 3706 δὲ,

367 3735 448 3787 ὅτι
478 3733 548 3786 τὰ
587 3733 920 3806 Σαρακηνῶν
955 3733 1104 3805 ἔθνη,
1135 3735 1230 3787 καὶ
1267 3734 1460 3804 μέχρις
1507 3733 1676 3802 αὐτῆς
1708 3732 1964 3802 διήκοντα

368 3825 467 3896 τῆς
511 3823 810 3895 Ἀσσυρίων
848 3824 942 3877 καὶ
976 3824 1075 3894 τὴν
1126 3823 1386 3876 ἐσωτάτω
1414 3822 1689 3891 νεμόμενα
1733 3821 1961 3891 ἔρημον,

374 3915 619 3987 ’Ἄραϐας
648 3912 934 3985 ὀνομάζει·
972 3914 1190 3982 γείτονα
1219 3912 1331 3981 γάρ
1365 3911 1548 3982 ἔχουσι
1579 3912 1677 3981 τὴν
1718 3910 1965 3981 Ἀράϐων

377 4007 458 4078 χὼ
466 4024 582 4078 ραν.

448 4118 467 4150 ι
500 4098 611 4152 Καὶ
655 4094 1061 4149 ἀναπαύσονται
1104 4096 1223 4148 ἐκεῖ
1268 4094 1464 4167 θηρία·
1517 4095 1610 4149 καὶ
1642 4095 1965 4167 ἐμπλησθή-

373 4204 558 4240 σονται
589 4186 646 4237 αί
678 4184 845 4238 οἰκίαι
874 4186 1009 4255 ήχου
1030 4202 1042 4214 ·
1079 4184 1171 4237 καὶ
1200 4184 1608 4239 ἀναπαύσονται
1641 4188 1755 4239 ἐκεῖ
1789 4186 1967 4258 σειρῆ-

372 4296 482 4343 νες,
519 4279 615 4331 καὶ
639 4277 888 4349 δαιμόνια
918 4278 1038 4329 ἐκεῖ
1068 4277 1418 4348 ὀρχήσονται,
1456 4279 1551 4330 καὶ
1590 4278 1965 4349 όνοκένταυροι

373 4374 490 4426 ἐκεῖ
528 4372 986 4443 κατοικήσουσιν·
1029 4370 1127 4422 καὶ
1175 4372 1657 4442 νοσσοποιήσουσιν
1706 4374 1871 4442 ἐχῖνοι
1908 4373 1967 4424 ὲν

373 4468 484 4529 τοῖς
526 4463 697 4549 οἴκοις
736 4462 935 4527 αὐτῶν,
989 4464 1124 4534 ταχὺ
1177 4462 1397 4536 ἔρχεται
1430 4464 1525 4517 καὶ
1570 4465 1631 4517 ού
1678 4467 1898 4535 χρονιεῖ.
1941 4482 1959 4516 ι

375 4557 498 4610 Τῶν
537 4556 636 4627 μὲν
663 4551 756 4609 οῦν
784 4556 1011 4627 ἡμέρων
1039 4556 1134 4609 καὶ
1165 4556 1402 4625 λογικῶν
1436 4554 1590 4620 ζώων
1625 4557 1829 4628 ἔρημον
1866 4575 1966 4612 κα-

374 4652 651 4722 ταστήσας
701 4649 1156 4721 τὴνιΒαϐυλῶνα,
1201 4651 1354 4703 οὐδὲν
1388 4652 1629 4722 οἰκήσειν
1676 4651 1919 4715 θεσπίζει
1946 4668 1960 4682 ·

377 4744 543 4816 θηρία
577 4743 634 4797 δέ
681 4759 806 4797 τινα
850 4742 1026 4813 ἄδηλα
1056 4745 1189 4813 ἡμῖν
1238 4743 1333 4797 καὶ
1383 4744 1657 4813 ἄγνωστα,
1705 4743 1963 4814 δαίμονάς

375 4855 527 4902 τινας
550 4837 645 4890 καὶ
675 4836 963 4906 πνεύματά
986 4853 1107 4888 τινα
1139 4835 1324 4906 ἀπηνῆ
1347 4836 1440 4889 καὶ
1465 4837 1716 4907 ἀνήμερα
1744 4834 1963 4889 ἔσεσθαι

378 4930 433 4979 ὲν
465 4926 601 4997 αὐτῇ
654 4943 805 4996 φησι.
854 4924 943 4977 Διὸ
994 4923 1113 4977 ἀντὶ
1153 4924 1271 4989 τοῦ,
1324 4944 1341 4976 ι
1369 4925 1552 4996 θηρία,
1579 4943 1598 4978 ι
1627 4945 1644 4977 ι
1669 4926 1831 4979 σείειν
1856 4946 1873 4976 o
1917 4927 1965 4977 οί

377 5018 555 5072 λοιποὶ
584 5018 915 5089 έρμηνευταί.
942 5014 1272 5069 ἐκδεδὼκασι
1291 5033 1305 5046 ·
1337 5017 1431 5069 καὶ
1458 5017 1577 5070 ἀντὶ
1598 5016 1712 5082 τοῦ,
1742 5036 1761 5068 ι
1792 5017 1968 5087 σειρῆ-

380 5128 490 5173 νες,
530 5129 547 5160 ι
582 5130 599 5161 ‹
643 5108 1176 5181 στρουθοκαμήλους,
1215 5127 1233 5158 ι
1260 5108 1548 5179 εἰρήκασι·
1582 5109 1676 5161 καὶ
1703 5109 1825 5161 ἀντὶ
1844 5107 1963 5174 τοῦ,

390 5228 407 5251 ι
446 5199 841 5271 ὸνοκένταυροι,
885 5219 903 5250 ι
948 5218 965 5249 ι
1007 5197 1192 5261 σείειν,
1233 5217 1251 5248 ι
1291 5197 1626 5270 ἀνέγραψαν,
1658 5199 1794 5270 αὐτῇ
1827 5216 1965 5270 χρή-

384 5292 607 5361 σάμενοι
634 5293 699 5361 τῇ
741 5289 982 5362 Ἐϐραΐδι
1027 5292 1179 5360 φωνῇ
1210 5289 1298 5342 διὰ
1325 5289 1385 5341 τὸ
1421 5289 1615 5361 ἄδηλον
1648 5290 1747 5359 τῆς
1788 5292 1966 5361 ἑρμη-

382 5384 548 5444 νείας·
580 5380 716 5434 ἀλλὰ
749 5383 842 5436 καὶ
867 5383 1007 5446 ἀντὶ,
1038 5382 1529 5452 «ἐχίνων,ιόμοίως
1542 5384 1589 5435 οί
1621 5385 1766 5453 τρεῖς
1795 5384 1970 5455 ἑρμη-

382 5473 588 5535 νευταὶ,
624 5492 641 5522 Ι
676 5473 961 5543 σειρῆνας,
1000 5493 1018 5524 ι
1048 5476 1398 5545 ήρμήνευσαν
1422 5490 1436 5503 ·
1487 5474 1629 5546 τάχα
1645 5492 1745 5527 που
1773 5474 1862 5527 διὰ
1910 5474 1971 5527 τὸ

367 5565 661 5637 “amart;le
682 5564 790 5617 τῶν
818 5565 1074 5618 τοιούτων
1097 5565 1387 5636 δαιμόνων.
1432 5566 1585 5619 Ἐπεὶ
1611 5566 1741 5637 παρ’
1779 5566 1972 5636 Ἔλλη-

385 5675 467 5710 σιν
512 5655 783 5728 ήδύφωνοί
828 5673 971 5719 τινές
1006 5651 1165 5710 αὗται
1195 5659 1290 5711 καὶ
1326 5657 1593 5728 ἁπατηλοὶ
1641 5656 1971 5726 γεγενῆσθαι

387 5750 837 5820 μνημονεύονται.
886 5766 906 5798 ε
955 5749 1106 5817 Ταχὺ
1151 5748 1386 5820 ἔρχεται,
1437 5750 1533 5803 καὶ
1576 5749 1636 5801 οὺ
1683 5751 1906 5820 χρονιεῖ.
1948 5769 1966 5802 ι

387 5843 565 5908 "Atat;
582 5860 643 5913 γε
678 5844 783 5916 μὴν
825 5842 916 5897 καὶ
950 5840 1298 5913 νομιζόμενος
1332 5843 1481 5916 παρὰ
1515 5842 1819 5913 ἀνθρώποις
1872 5860 1974 5913 μα-

2048 1984 2236 2055 grandi
2262 2000 2327 2040 ac
2368 1983 2549 2054 templi
2584 1983 2674 2039 Dei
2702 1980 3047 2037 restaurandi
3074 1977 3411 2033 facultatem.

2078 2316 2079 2319 η
2123 2254 2285 2308 Vens.
2326 2251 2416 2306 l9.
2462 2268 2480 2302 ι
2510 2248 2574 2303 Et
2626 2246 2731 2302 erit
2780 2244 3046 2315 Babylon,
3098 2256 3221 2312 qua:
3263 2247 3488 2295 vocatur
3516 2236 3630 2307 glo-

2050 2348 2192 2403 riosa
2234 2362 2263 2400 a
2314 2360 2441 2414 rege
2484 2340 2885 2403 Chaldaeorum,
2937 2334 3391 2407 quemadmodum
3432 2330 3632 2387 evertit

2051 2442 2192 2496 Deus
2226 2439 2517 2495 Sodomam
2545 2444 2597 2488 et
2626 2433 2987 2488 Gomorrham
3008 2473 3023 2498 ,
3052 2445 3158 2486 non
3197 2426 3540 2483 habitabitur
3569 2426 3626 2479 iu

2052 2533 2329 2589 saeculum.
2360 2550 2380 2583 ι
2434 2527 2736 2582 lnhabitata
2767 2538 2820 2580 et
2851 2526 3119 2580 hactenus
3158 2522 3370 2575 deserta
3404 2528 3487 2574 est
3526 2514 3633 2570 Ba-

2056 2627 2238 2698 bylon.
2281 2637 2443 2689 quam
2474 2636 2588 2676 rem
2626 2616 2987 2673 testificantur
3024 2615 3118 2686 qui
3149 2629 3218 2670 ex
3260 2612 3394 2667 locis
3427 2609 3535 2665 illis
3566 2611 3633 2662 ad

2054 2732 2152 2772 nos
2192 2714 2435 2768 veniunt.

2131 2828 2150 2860 ‹
2176 2807 2292 2863 Non
2346 2804 2723 2876 ingredientur
2766 2801 2819 2855 in
2857 2814 2975 2854 eam
3023 2812 3119 2869 per
3160 2796 3358 2850 multas
3406 2806 3637 2863 genera—

2057 2900 2254 2961 tiones,
2310 2910 2489 2964 neque
2537 2892 2847 2948 transibunt
2888 2904 2985 2959 per
3032 2902 3150 2941 eam
3188 2884 3427 2946 Arabes,
3462 2896 3637 2949 neque

2054 3005 2302 3065 pastores
2360 2989 2708 3057 requiescent
2767 2984 2822 3039 in
2887 2998 2973 3038 ea.
3020 3001 3041 3035 ι
3104 2980 3270 3047 Queis
3322 2974 3639 3047 significan-

2059 3093 2166 3147 tur,
2206 3091 2262 3135 ut
2292 3080 2534 3142 aestimo,
2583 3079 2642 3141 ii,
2677 3076 2769 3145 qui
2821 3075 2962 3144 apud
3004 3087 3103 3127 nos
3137 3069 3395 3126 Saraceni
3440 3081 3641 3121 vocan-

2060 3187 2168 3238 tur,
2204 3172 2297 3243 qui
2334 3172 2760 3242 negotiationem
2790 3175 3075 3229 exercent,
3121 3172 3177 3218 et
3220 3164 3273 3217 in
3313 3163 3430 3230 ipsa
3459 3160 3638 3230 Baby-

1989 3248 2031 3306 ί)
2064 3268 2187 3320 loue
2237 3263 2366 3319 olim
2429 3261 2661 3317 tentoria
2721 3261 3013 3329 ponebant.
3047 3254 3231 3325 Usque
3277 3253 3413 3307 adeo
3458 3259 3639 3305 autem

2060 3373 2250 3429 perosa
2287 3363 2408 3411 erat
2438 3366 2548 3410 tum
2582 3354 2779 3409 vicinis
2804 3392 2820 3417 ,
2875 3361 2988 3405 tum
3024 3348 3340 3417 longinquis
3389 3355 3445 3399 ct
3486 3359 3643 3414 pere-

2060 3452 2410 3521 grinantibus
2443 3447 2729 3519 gentibus,
2762 3454 2818 3499 ut
2859 3459 2927 3497 ne
2968 3452 3215 3511 pastores
3248 3439 3468 3509 quidem
3504 3436 3644 3489 Ara-

2061 3541 2188 3595 bum
2249 3553 2445 3610 pecora
2503 3551 2600 3592 sua
2662 3535 2773 3589 illic
2820 3530 3074 3604 pascendi
3135 3543 3301 3586 causa
3358 3528 3640 3589 ducerent,

2062 3635 2190 3707 quia
2258 3635 2477 3705 penitus
2535 3633 2749 3686 deserta
2803 3636 2858 3683 et
2911 3625 3113 3681 inculta
3161 3630 3296 3678 erat.
3349 3618 3640 3673 Sciendum

2062 3705 2243 3780 autem
2295 3733 2382 3778 est
2433 3720 2836 3775 Saracenorum
2895 3725 3113 3784 gentes,
3167 3725 3289 3781 quae
3343 3705 3644 3774 usquead

2064 3819 2236 3888 ipsam
2267 3814 2614 3885 Assyriorum
2648 3818 2850 3865 terram
2888 3805 3225 3876 pertingant,
3275 3810 3442 3869 atque
3496 3800 3642 3853 inte‘

2065 3911 2267 3964 riorem
2301 3904 2649 3961 solitudinem
2680 3900 2945 3961 incolunt,
2972 3898 3185 3951 Arabas
3225 3895 3313 3949 hic
3336 3891 3641 3961 nominari:

2064 4016 2189 4056 nam
2218 3998 2460 4053 Arabum
2492 3994 2766 4065 regionem
2810 3992 3102 4046 finitimam
3136 3987 3362 4041 habent.

2135 4092 2302 4147 Vens.
2341 4090 2435 4156 21,
2474 4087 2568 4142 22.
2633 4085 2744 4139 «Et
2800 4082 3143 4138 accubabunt
3197 4081 3267 4135 lbi
3321 4081 3544 4142 bestiae;
3592 4084 3647 4131 et

2066 4184 2424 4257 replcbuntur
2452 4182 2648 4235 domus
2673 4178 2875 4234 sonitu.
2912 4176 2976 4229 Et
3012 4172 3357 4244 requiescent
3400 4171 3471 4225 ibi
3507 4174 3647 4223 sire-

2066 4294 2187 4342 nes,
2250 4285 2307 4331 et
2354 4272 2623 4327 daemonia
2658 4270 2729 4323 ibi
2793 4268 3092 4331 saltabunt,
3144 4260 3496 4318 onocentauri
3537 4259 3650 4314 illic

2065 4368 2440 4425 babitabunt:
2476 4374 2532 4419 et
2566 4362 2921 4417 nidiﬁcabunt
2980 4356 3247 4414 heriuacii
3295 4356 3350 4409 in
3399 4354 3650 4409 domibus

2066 4476 2277 4523 eorum,
2323 4458 2432 4513 cito
2480 4455 2679 4520 veniet,
2725 4460 2785 4507 et
2819 4465 2927 4505 non
2984 4447 3238 4503 tardabit.
3271 4465 3289 4498 ι
3353 4444 3648 4512 Postquam

2073 4559 2486 4607 mansuetorum
2527 4556 2583 4601 et
2637 4542 3041 4599 rationabilium
3082 4539 3396 4594 animalium
3422 4552 3649 4591 vacuam

2072 4646 2407 4717 Babylonem
2450 4641 2837 4701 constituerat,
2885 4652 2915 4690 a
2965 4634 3111 4688 nullo
3148 4631 3496 4688 habitandam
3531 4645 3673 4685 esse-

2073 4738 2436 4799 vaticinatur;
2486 4732 2582 4787 sed
2631 4731 2893 4800 quasdam
2928 4728 3141 4797 ignotas
3174 4726 3334 4781 nobis
3376 4724 3555 4788 feras,
3599 4733 3655 4775 et

2076 4830 2353 4884 daemones
2380 4823 2649 4894 quosdam
2680 4821 3015 4891 Spiritnsque
3035 4818 3285 4872 crudeles
3311 4828 3364 4872 et
3389 4818 3655 4871 immanes

2076 4920 2153 4975 ibi
2194 4918 2413 4973 futuros
2444 4930 2566 4970 esse
2591 4914 2686 4968 ait.
2719 4913 2900 4979 Quare
2923 4928 3021 4983 pro
3047 4911 3138 4966 illo
3173 4930 3191 4962 ι
3220 4910 3427 4971 bestia,
3452 4926 3472 4959 ι
3524 4906 3650 4961 reli-

2076 5013 2168 5082 qui
2203 5012 2551 5077 interpretes,
2614 5027 2632 5060 ι
2657 5008 2760 5062 siin
2790 5025 2810 5058 ι
2866 5005 3189 5069 ediderunt;
3220 5011 3277 5058 et
3324 5002 3441 5056 loco
3485 4998 3653 5057 illius,

2077 5124 2097 5157 ε
2120 5106 2351 5168 sirenes,
2378 5121 2397 5154 ι
2431 5121 2449 5154 ι
2475 5098 2982 5163 ειτυιιιοοειῐηειοε,ι
3005 5098 3296 5159 dixerunt;
3330 5108 3392 5148 ac
3419 5106 3514 5161 pro
3541 5089 3651 5153 illo,

2089 5214 2108 5247 ι
2135 5194 2507 5255 onocentauri,
2541 5200 2675 5255 ειννιτ
2714 5192 2859 5257 siim,
2884 5209 2903 5243 ι
2948 5191 3075 5245 item
3125 5184 3463 5254 interpretati
3503 5192 3652 5243 sunt,

2076 5289 2191 5356 ipsa
2224 5286 2306 5340 usi
2343 5283 2611 5340 Hebraica
2649 5297 2801 5347 voce,
2847 5283 2918 5337 ob
2968 5280 3312 5351 signiﬁcatus
3352 5276 3654 5330 obscurita-

2076 5389 2206 5443 tem,
2242 5382 2353 5433 imo
2383 5378 2551 5432 etiam
2601 5391 2701 5446 pro
2747 5394 2767 5427 ι
2798 5374 3112 5436 berinaciis,
3162 5382 3271 5425 tres
3330 5368 3655 5434 interpretes

2076 5470 2318 5540 pariter,
2378 5487 2397 5520 ‹
2429 5471 2639 5524 sirenas
2667 5508 2681 5530 ,
2722 5486 2740 5518 ι
2820 5465 3172 5521 reddiderunt
3220 5480 3234 5515 :
3286 5460 3538 5516 fortassis
3584 5461 3656 5514 ob

2078 5564 2267 5618 talium
2294 5563 2600 5617 dmmonum
2633 5558 3083 5615 fraudulentiam.
3114 5555 3246 5609 Nam
3274 5556 3412 5623 apud
3436 5554 3657 5609 Graecos

2077 5656 2298 5710 Sirenes
2371 5653 2668 5709 dulcisonae
2725 5660 2781 5706 et
2834 5649 3056 5704 fallaces
3118 5646 3286 5703 fuisse
3336 5657 3654 5699 narrantur.

2088 5764 2108 5797 ι
2136 5745 2259 5799 Cito
2294 5744 2495 5806 veniet,
2540 5752 2596 5797 et
2630 5755 2735 5795 non
2764 5738 3020 5794 tardabit.
3056 5756 3075 5789 ι
3135 5735 3374 5803 Quodvis
3424 5743 3656 5800 tempus,

2083 5838 2300 5899 etiamsi
2335 5835 2707 5922 longissimum
2748 5832 2887 5904 apud
2935 5831 3185 5890 homines
3237 5843 3356 5884 esse
3408 5833 3654 5894 putetur,
