4118 6420
113 0 120 2 -
135 0 274 10 εε-μιπ-υτ

465 402 563 460 ηθι
1133 399 1400 456 EUSEBII
1435 399 1913 457 CESARIENSIS
1951 398 2102 457 OPP.
2137 399 2316 457 PARS
2353 399 2442 456 Ill.
2480 429 2550 441 -—
2587 399 2996 457 EXECETICA.
3617 401 3721 460 192

465 515 844 572 brevissimum
879 524 1056 570 tamen
1099 517 1238 585 apud
1300 515 1465 570 Deum
1501 514 1740 582 judicem
1785 515 2023 570 habetur,

2143 514 2400 584 κρότατος
2421 507 2556 568 εἶναι
2578 514 2766 584 χρόνος
2787 512 3123 584 βραχύτατος
3151 511 3304 584 παρά
3321 511 3400 583 τῷ
3418 511 3716 586 Θεῷκριτῇ

466 605 678 664 Etenim
715 605 859 662 mille
883 607 1009 660 anni
1035 607 1087 660 in
1120 615 1416 675 conspectu
1443 605 1584 676 ejus,
1628 615 1886 675 tanquam
1917 605 2036 666 dies

469 700 724 753 hesterna
765 707 1102 768 repntantur,
1133 706 1189 753 et
1227 708 1482 767 tanquam
1514 698 1755 754 custodia
1777 700 1830 753 in
1855 709 2032 755 nocte.

468 791 717 845 Attamen
771 806 876 844 non
913 799 1034 860 post
1074 789 1272 845 multas
1301 805 1570 844 annorum
1615 791 1870 859 periodos
1899 793 2038 846 vati-

467 880 666 934 cinium
702 881 977 949 impletum
1025 890 1149 937 est:
1183 882 1449 953 siquidem
1504 881 1741 955 Babylon
1784 886 1888 939 sub
1922 884 2034 942 Me-

468 975 654 1028 dorum
680 973 907 1042 imperio
931 989 1092 1044 supra
1136 984 1431 1029 memorata
1457 989 1709 1045 perpessa
1740 987 1847 1032 est.

1029 1065 1260 1122 CAPUT
1331 1065 1471 1123 XIV.

536 1155 704 1214 Vens.
747 1157 797 1222 Ι,
837 1156 895 1212 2.
944 1175 963 1206 ι
994 1155 1062 1212 Ει
1095 1157 1443 1212 miserebitur
1470 1157 1728 1214 Dominus
1753 1158 1941 1226 Jacob,
1980 1171 2037 1216 et

464 1247 624 1318 eliget
673 1249 926 1305 Israelem
965 1259 1065 1308 :et
1117 1252 1465 1320 requiescent
1511 1252 1562 1306 in
1612 1263 1756 1307 terra
1803 1269 1923 1321 sua,
1983 1263 2039 1310 et

463 1343 666 1395 advena
689 1343 1009 1412 adiungetur
1037 1343 1117 1397 eis
1135 1381 1151 1406 ,
1179 1352 1234 1397 et
1257 1343 1582 1414 adjungetur
1611 1344 1790 1399 domui
1824 1345 2016 1404 Jacob.

467 1432 529 1486 Et
557 1433 825 1502 accipient
846 1449 941 1488 eos
969 1444 1177 1505 gentes,
1205 1443 1260 1489 et
1286 1436 1540 1490 inducent
1566 1436 1618 1490 in
1643 1435 1818 1491 locum
1842 1453 2032 1493 suum:

462 1534 517 1586 et
538 1526 889 1596 possidebunt
917 1537 973 1580 et
1008 1527 1518 1597 multiplicabuntur
1549 1543 1714 1599 super
1738 1540 1938 1585 terram
1980 1532 2034 1587 in

462 1630 650 1672 servos
691 1627 748 1670 et
782 1618 1030 1683 ancillas,
1089 1628 1142 1674 et
1197 1627 1354 1672 erunt
1401 1620 1604 1688 captivi
1662 1622 1755 1690 qui
1795 1623 2038 1692 captivos

463 1718 722 1777 ceperant
750 1724 865 1772 eos,
898 1719 954 1764 et
981 1709 1278 1764 dominatui
1317 1727 1508 1765 eorum
1543 1712 1898 1780 subjieientur
1945 1718 2033 1785 qui

463 1799 796 1856 dominatum
817 1803 1166 1857 obtinuerant
1195 1805 1247 1858 in
1271 1820 1386 1858 eos.
1417 1823 1436 1858 ›
1491 1803 1900 1876 Cousequenter
1933 1811 2034 1878 igi-

465 1900 550 1946 tur
579 1904 804 1961 postea,
828 1910 948 1963 qua:
977 1907 1165 1950 contra
1217 1897 1540 1969 Babylonem
1573 1902 1717 1956 dicta
1754 1914 1882 1958 sunt
1903 1944 1918 1969 ,
1949 1907 2032 1962 his

461 1977 675 2037 Judaici
707 1985 886 2054 pepuli
918 2001 984 2040 ex
1015 1987 1231 2042 inimica
1256 1997 1401 2041 terra
1438 1991 1489 2044 in
1518 1990 1817 2048 Jerusalem
1849 2011 2034 2052 rever-

459 2074 686 2138 sionem,
724 2093 845 2144 qua:
871 2080 972 2132 sub
1011 2079 1156 2149 Cyro
1193 2081 1444 2151 contigit,
1493 2083 1766 2154 signiﬂcat
1797 2104 1811 2140 :
1843 2088 2028 2142 decla-

457 2181 586 2222 rans
615 2168 732 2223 fore
767 2180 823 2223 ttt
854 2171 927 2224 illi
957 2185 1079 2241 post
1120 2173 1352 2226 reditmn
1388 2176 1438 2227 in
1481 2179 1701 2244 regione
1741 2194 1838 2233 sua
1874 2181 2030 2250 quie-

455 2267 632 2323 scant,
663 2269 717 2314 et
743 2261 950 2316 advena
982 2264 1113 2332 ipsis
1151 2264 1498 2336 adjungatnr.
1547 2269 1651 2324 Pro
1692 2269 1782 2325 illo
1824 2282 2026 2338 autem,

458 2366 482 2402 ι
501 2350 730 2418 advena,
758 2371 778 2405 ι
808 2353 998 2424 reliqui
1029 2359 1374 2423 interpretes,
1416 2379 1436 2412 ι
1463 2361 1772 2432 proselytus
1801 2383 1819 2416 ι
1857 2367 2028 2420 inter-
2071 2388 2082 2399 -

454 2443 647 2511 pretati
680 2454 824 2501 sunt.
869 2445 964 2502 Sic
1005 2451 1151 2504 enim
1184 2453 1260 2508 ait
1296 2470 1390 2511 eos
1447 2457 1498 2510 iu
1565 2468 1707 2512 terra
1758 2473 1853 2513 sua
1912 2475 2026 2515 rem

453 2548 712 2604 prospere
767 2549 1035 2609 gesturos,
1097 2555 1158 2598 ut
1203 2547 1366 2600 etiam
1407 2547 1726 2620 alienigena:
1787 2553 2025 2622 ipsorum

457 2623 770 2692 religionem
804 2629 1218 2702 amplectantur,
1248 2652 1314 2691 ac
1337 2639 1592 2711 proselyti
1631 2642 1784 2711 liant,
1817 2644 2028 2702 domui-

451 2725 560 2787 que
582 2715 754 2772 Jacob
785 2719 1137 2790 adjiciantur.

521 2977 692 3035 Vsus.
731 2981 784 3042 5,
826 2980 880 3036 ι.
927 3001 946 3034 ι
975 2983 1040 3039 Ει
1069 2985 1177 3040 erit
1223 2985 1276 3041 in
1323 2987 1410 3042 die
1451 2989 1539 3044 illa
1593 2994 1940 3063 requiescere
1973 3007 2025 3055 te

453 3069 623 3127 faciet
659 3073 801 3128 Deus
833 3090 863 3128 a
896 3077 1085 3132 dolore
1115 3089 1206 3143 tuo
1229 3089 1283 3134 et
1315 3083 1382 3136 ab
1412 3082 1491 3136 ira
1524 3093 1611 3138 tua
1632 3124 1648 3148 ,
1680 3096 1736 3140 et
1771 3103 1802 3141 a
1847 3089 2023 3144 servi-

2136 605 2459 674 λελόγισται.
2495 605 2656 659 Χίλια
2689 601 2782 659 οὖν
2820 605 2915 675 ἐτη
2950 604 3182 658 ἐνώπιον
3219 602 3386 657 αύτοῦ
3419 603 3494 668 ὼς
3537 606 3721 676 ἡμέρα

2136 693 2169 761 ή
2197 691 2321 761 χθὲς
2343 692 2670 761 λελόγισται,
2694 693 2789 747 καὶ
2815 693 2890 756 ὼς
2918 692 3132 765 φυλακὴ
3159 694 3218 747 ἐν
3243 693 3417 747 νυκτί.
3448 694 3609 748 Ἀλλά
3625 701 3722 751 και

2134 786 2234 838 ούκ
2269 785 2348 850 είς
2379 787 2623 857 μακροὺς
2663 786 2773 840 τῶν
2805 785 3012 857 χρόνων
3044 784 3277 850 κύκλους
3312 787 3412 858 τῆς
3441 787 3720 854 ἐκϐάσεως

2133 877 2204 929 τά
2228 877 2586 932 θεσπισθέντα
2612 877 2791 949 ἔτυχε,
2815 877 2882 931 τὰ
2915 877 3296 950 προρρηθέντα
3321 877 3599 951 παθούσης
3617 879 3717 950 τῆς

2136 971 2451 1038 Βαϐυλῶνος
2483 975 2576 1027 ἐπὶ
2608 973 2706 1044 τῆς
2740 974 2939 1044 Μήδων
2967 973 3161 1044 ἀρχῆς.

2667 1065 3062 1117 ΚΕΦΑΛΛΙΟΝ
3089 1065 3182 1118 ΙΔ’.

2211 1171 2230 1206 ι
2281 1154 2392 1208 Καὶ
2433 1156 2646 1226 ἐλεήσει
2689 1155 2892 1227 Κύριος
2930 1156 3021 1208 τὸν
3066 1155 3278 1216 Ἰακὼϐ,
3311 1157 3406 1210 καὶ
3440 1159 3717 1227 ἐκλέξεται

2137 1245 2215 1299 ἔτι
2248 1247 2337 1300 τὸν
2382 1248 2618 1320 Ἰσραὴλ,
2655 1248 2750 1301 καὶ
2781 1249 3186 1301 ἀναπαύσονται
3234 1250 3324 1302 ἐπὶ
3351 1250 3449 1320 τῆς
3484 1250 3587 1320 γῆς
3619 1253 3717 1305 αύ-

2134 1337 2264 1402 τῶν,
2296 1339 2391 1393 καὶ
2421 1341 2450 1392 6
2473 1339 2709 1412 γειὼρας
2736 1340 3166 1414 προστεθήσεται
3193 1341 3332 1428 πρὸς
3363 1342 3591 1406 αύτούς·
3624 1344 3716 1396 καὶ

2137 1430 2569 1503 προστεθήσεται
2604 1433 2741 1505 πρὸς
2772 1433 2862 1486 τὸν
2887 1429 3034 1486 οἷκον
3074 1434 3286 1488 Ἰακώϐ.
3320 1434 3429 1488 Καὶ
3457 1434 3714 1506 λήψονται

2137 1518 2332 1581 αὐτοὺς
2356 1518 2505 1586 ἔθνη,
2537 1522 2629 1574 καὶ
2653 1520 2957 1587 είσάξουσιν
2987 1524 3065 1584 είς
3085 1522 3176 1575 τὸν
3206 1519 3368 1577 τόπον
3391 1523 3590 1589 αὐτῶν,
3622 1527 3718 1580 καὶ

2139 1609 2749 1682 κατακληρονομήσουσι
2771 1652 2786 1674 ,
2833 1613 2926 1666 καὶ
2972 1613 3436 1686 πληθυνθήσονται
3479 1619 3571 1670 ἐπὶ
3619 1619 3716 1689 τῆς

2138 1700 2239 1769 γῆς
2269 1701 2344 1762 είς
2378 1700 2596 1764 δούλους
2628 1701 2723 1755 καὶ
2758 1702 2968 1768 δούλας,
3005 1704 3100 1757 καὶ
3133 1704 3342 1758 ἔσονται
3382 1706 3715 1777 αἰχμάλωτοι

2139 1791 2188 1843 οί
2220 1793 2762 1862 αἰχμαλωτεύσαντες
2805 1797 3023 1860 αὐτοὺς,
3057 1798 3151 1850 καὶ
3189 1798 3634 1870 κυριευθήσονται
3666 1803 3715 1854 oi

2140 1883 2525 1955 κυριεύσαντες
2566 1885 2781 1949 αύτούς.
2822 1905 2840 1937 ι
2894 1886 3224 1952 Ἀκολούθως
3260 1889 3437 1943 τοίνυν
3474 1891 3612 1961 μετά
3647 1890 3717 1945 τὰ

2135 1973 2500 2044 προλεχθέντα
2548 1974 2689 2027 κατά
2727 1975 2823 2044 τῆς
2854 1974 3204 2040 Βαϐυλῶνος,
3235 1976 3324 2030 διά
3368 1977 3574 2030 τούτων
3616 1976 3718 2048 τὴν

2131 2069 2224 2122 ἐπὶ
2258 2069 2441 2141 Κύρου
2474 2071 2770 2141 γενομένην
2802 2071 3138 2142 ἐπιστροφήν
3166 2071 3259 2124 τοῦ
3289 2072 3399 2125 τῶν
3441 2072 3718 2126 Ἰουδαίων

2130 2159 2260 2214 λαοῦ
2286 2161 2382 2232 τὴν
2406 2162 2513 2214 ἀπὸ
2535 2163 2632 2232 τῆς
2664 2162 2930 2232 πολεμίας
2955 2165 3048 2217 ἐπὶ
3075 2163 3174 2235 τήν
3227 2165 3583 2238 Ἰερουσαλὴμ
3616 2183 3714 2238 ση-

2133 2253 2332 2324 μαίνει,
2364 2253 2649 2317 διδάσκων,
2692 2254 2768 2318 ῶς
2811 2255 3214 2312 ἀναπαύσονται
3252 2257 3344 2311 ἐπὶ
3377 2259 3474 2329 τῆς
3504 2259 3717 2314 ἑαυτῶν

2129 2340 2310 2413 χώρας
2337 2341 2752 2407 ἐπανελθόντες,
2787 2345 2882 2398 καὶ
2915 2344 2990 2408 ῶς
3033 2345 3060 2396 6
3082 2346 3317 2417 γειώρας
3353 2347 3714 2418 προστεθήσεο

2128 2449 2215 2486 ται
2253 2434 2452 2498 αὐτοῖς.
2501 2437 2648 2488 Ἀντὶ
2689 2435 2744 2488 δέ
2775 2435 2891 2499 τοῦ,
2945 2455 2962 2486 ι
3003 2438 3032 2489 ό
3073 2437 3330 2509 γειώρας,
3387 2457 3404 2490 ι
3445 2439 3494 2491 nl
3531 2438 3711 2492 λοιποὶ

2129 2526 2490 2598 ἐρμηνευταὶ,
2532 2546 2549 2578 ι
2609 2528 2638 2579 6
2689 2529 3025 2599 προσήλυτος
3073 2549 3091 2581 ι
3133 2532 3500 2602 ήρμήνευσαν.
3552 2529 3711 2594 οὕτω

2127 2617 2236 2689 γάρ
2279 2614 2336 2672 εὖ
2380 2619 2606 2690 πράξειν
2631 2621 2824 2685 αὐτοὺς
2859 2623 2952 2675 ἐπὶ
2999 2621 3097 2691 τῆς
3132 2623 3337 2676 ἑαυτῶν
3376 2624 3477 2693 γῆς
3519 2640 3713 2694 φησιν,

2127 2707 2203 2770 ὠς
2238 2709 2330 2762 καὶ⁵
2368 2708 2695 2778 ἀλλοφύλους
2735 2711 3150 2783 ἀντιποιηθῆναι
3179 2712 3277 2783 τῆς
3320 2712 3496 2767 αὐτῶν
3531 2713 3710 2768 θεοσε-

2127 2800 2299 2864 ϐείας,
2346 2801 2598 2870 γενέσθαι
2640 2821 2697 2856 τε
2743 2802 3145 2876 προσηλύτους,
3200 2806 3294 2858 καὶ
3341 2804 3704 2877 προστεθῆναι

2125 2890 2203 2962 τῷ
2227 2893 2357 2963 οἴκῳ
2397 2892 2609 2948 Ἰακώϐ.

2204 3003 2223 3034 ι
2268 2985 2375 3037 Καὶ
2393 2984 2546 3037 ἔσται
2581 2988 2639 3038 ἐν
2676 2987 2743 3056 τῇ
2782 2985 2966 3057 ἡμέρα
3010 2987 3226 3058 ἐκείνῃ,
3264 2985 3566 3039 ἀναπαύσει
3599 2985 3707 3039 Κύ-

2127 3077 2242 3148 ριός
2284 3095 2341 3130 σε
2376 3077 2485 3131 ἀπὸ
2513 3078 2608 3149 τῆς
2638 3079 2831 3150 ὀδύνης
2867 3079 2960 3132 καὶ
2991 3079 3084 3132 τοῦ
3129 3078 3303 3150 θυμοῦ
3347 3079 3572 3139 σου,καὶ
3606 3079 3708 3148 τῆς

453 3175 563 3221 tute
583 3174 675 3220 tua
704 3167 859 3234 dura,
887 3185 992 3239 qua
1022 3173 1291 3226 servivisti
1315 3174 1394 3228 eis
1417 3190 1432 3226 :
1455 3187 1509 3230 et
1535 3193 1718 3232 sumes
1745 3178 2016 3246 planctum

2126 3169 2364 3233 δουλείας
2393 3185 2485 3221 σου
2529 3169 2626 3238 τῆς
2680 3169 2922 3240 σκληράς
2941 3210 2955 3232 ,
2984 3165 3051 3241 ἧς
3091 3169 3411 3234 ἐδούλευσας
3437 3209 3451 3234 ,
3483 3171 3666 3234 αὐτοῖς
3687 3188 3704 3201 ι

451 3256 596 3312 hunc
645 3274 810 3328 super
864 3276 1046 3330 regem
1107 3261 1434 3333 Babylonis:
1471 3286 1490 3319 ι
1543 3283 1668 3323 nam
1730 3241 1906 3325 Bel-sa:
1966 3283 2020 3326 et

2127 3264 2221 3315 καὶ
2264 3262 2411 3334 λήψῃ
2455 3263 2544 3315 τὸν
2589 3262 2783 3334 θρῆνον
2830 3262 3018 3316 τοῦτον
3067 3263 3160 3315 ἐπὶ
3207 3262 3427 3332 βασιλέα
3465 3263 3709 3317 Βαϐυλῶ-

449 3343 626 3412 Medi,
689 3348 1039 3419 Assyriorum
1101 3351 1327 3421 imperio
1390 3366 1446 3410 et
1517 3359 1651 3427 ipsis
1711 3360 2024 3431 Babyloniis

448 3433 507 3490 in
533 3437 852 3494 servitutem
883 3443 1140 3511 redactis,
1171 3463 1264 3504 eos
1293 3465 1403 3504 sua:
1441 3451 1632 3506 ditioni
1669 3455 2018 3525 subegerunt.

520 3615 686 3673 Vsus.
729 3619 844 3676 5—8.
892 3642 910 3674 ι
938 3622 1002 3682 Ει
1030 3624 1178 3681 dices
1205 3627 1258 3681 in
1301 3627 1391 3682 die
1423 3628 1508 3683 illa
1535 3672 1552 3696 ,
1586 3631 1866 3697 Quomodo
1905 3650 2023 3690 ces-

447 3712 587 3765 savit
643 3725 888 3779 exactor,
943 3727 999 3772 et
1050 3723 1284 3774 cessavit
1335 3723 1701 3778 sollicitator?
1750 3724 2021 3782 Contrivit

451 3800 710 3859 Dominus
749 3805 937 3873 iugum
993 3823 1384 3878 peccatorum,
1431 3811 1620 3885 jugum
1670 3817 2016 3885 principum,

2126 3371 2243 3418 νοςο
2303 3373 2321 3405 ι
2378 3354 2585 3426 Πέρσαι
2628 3353 2737 3425 γὰρ
2788 3353 2879 3407 καὶ
2930 3354 3123 3424 Μῆδοι,
3165 3355 3346 3415 πᾶσαν
3405 3355 3706 3426 Ἀσσυρίων

2125 3446 2327 3518 ἀρχὴν,
2365 3447 2459 3501 καὶ
2504 3447 2699 3511 αὐτοὺς
2747 3446 2870 3510 τοὺς
2915 3445 3311 3510 Βαϐυλωνίους,
3358 3446 3704 3518 ὑποχειρίους

2123 3536 2397 3600 λαϐόντες,
2426 3540 2492 3608 τῇ
2525 3538 2735 3592 ἑαυτῶν
2761 3537 3033 3602 ὑπέταξαν
3065 3538 3308 3608 δυνάμει.

2198 3647 2216 3678 ι
2257 3627 2364 3680 Καὶ
2399 3627 2540 3697 ἐρεῖς
2566 3629 2624 3679 ἐν
2656 3630 2722 3699 τῇ
2758 3627 2939 3699 ἡμέρᾳ
2969 3627 3184 3700 ἐκείνῃ·
3230 3627 3353 3692 Πῶς
3381 3629 3696 3684 ἀναπέπαυο

2121 3737 2211 3773 ται
2242 3722 2270 3772 6
2304 3719 2579 3782 ἀπαιτῶν,
2619 3719 2712 3772 καὶ
2753 3719 3133 3772 ἀναπέπαυται
3174 3721 3202 3772 6
3235 3720 3697 3795 ὲπισπουδαστήςς

2121 3810 2412 3883 Συνέτριψε
2456 3810 2658 3882 Κύριος
2702 3810 2795 3863 τὸν
2828 3808 2991 3878 ζυγὸν
3035 3809 3142 3863 τῶν
3195 3812 3554 3884 ἁμαρτωλῶν,
3607 3815 3699 3868 τὸν

448 3898 763 3964 percutiens
796 3911 1013 3964 gentem
1066 3903 1171 3967 ira,
1212 3907 1368 3975 plaga
1422 3907 1732 3961 insanabili.
1790 3907 2019 3965 Ferieus

2126 3901 2281 3970 ζυγὸν
2321 3903 2430 3957 τῶν
2470 3903 2768 3973 ἀρχόντων,
2817 3903 3063 3970 πατάξας
3115 3903 3267 3968 ἔθνος
3312 3905 3468 3976 θυμῷ
3519 3907 3698 3978 πληγῇ

444 3993 658 4049 gentem
692 3984 844 4055 plaga
877 3988 992 4050 irae,
1033 4006 1136 4042 nun
1166 3993 1430 4060 pepercit,
1467 3996 1734 4063 requievit
1759 3997 1850 4066 qui
1877 4014 2016 4052 con-

2126 3996 2340 4064 άνιάτῳ.
2373 3995 2556 4048 Παίων
2583 3993 2732 4057 ἔθνος
2758 3993 2972 4064 πληγὴν
3008 3993 3205 4065 θυμοῦ,
3238 3996 3270 4065 ἠ
3301 3995 3400 4049 ούκ
3421 3996 3697 4064 ἐφείσατο,

446 4075 586 4132 ﬁdit.
636 4078 828 4134 Omnis
883 4090 1027 4136 terra
1068 4083 1266 4138 clamat
1305 4101 1429 4140 cum
1487 4088 1697 4143 laetitia.
1751 4091 1818 4146 Et
1869 4092 2013 4162 ligna

2126 4085 2463 4140 άνεπαύσατο
2502 4084 2798 4149 πεποιθώς.
2839 4086 2995 4140 Πᾶσα
3029 4087 3061 4155 ἡ
3101 4087 3170 4158 γῆ
3220 4085 3319 4158 βοᾷ
3359 4089 3475 4158 μετ’
3511 4073 3701 4160 εύφροξ

443 4167 635 4226 Libani
664 4172 841 4226 laetata
883 4184 1008 4228 sunt
1033 4190 1196 4244 super
1235 4186 1286 4230 te
1309 4217 1324 4242 ,
1357 4187 1410 4231 et
1440 4181 1637 4234 cedrus
1667 4181 1856 4236 Libani
1895 4202 1907 4238 :
1947 4201 2013 4239 ex

2126 4178 2304 4250 σύνης.
2340 4177 2450 4231 Kal.
2480 4175 2547 4230 τὰ
2593 4177 2725 4244 ξύλα
2769 4175 2862 4230 τοῦ
2895 4178 3126 4231 Λιϐάνου
3171 4178 3558 4249 εύφράνθησαν
3605 4179 3699 4232 ἐπὶ

439 4279 550 4334 quo
604 4274 660 4318 tu
715 4265 1047 4330 dormivisti,
1107 4284 1212 4323 non
1267 4272 1516 4326 ascendit
1573 4273 1664 4342 qui
1712 4259 2016 4334 succideret

2126 4271 2224 4332 σοὶ,
2262 4270 2413 4341 καὶὴ
2447 4269 2635 4341 κέδρος
2667 4267 2762 4322 τοῦ
2795 4269 3028 4324 Λιϐάνου
3049 4286 3063 4299 ·
3105 4270 3196 4339 ἀφ’
3223 4263 3282 4323 οὗ
3331 4269 3394 4322 σὺ
3437 4269 3698 4340 κεκοίμη-

437 4376 559 4416 uos.
589 4381 608 4414 ι
643 4361 801 4417 Cedri
844 4363 1007 4432 igitur
1033 4375 1086 4420 et
1112 4366 1269 4432 pinus
1295 4368 1588 4422 secundum
1623 4368 2008 4440 Symmachum

2126 4379 2225 4423 σαι,
2257 4362 2359 4414 ούκ
2394 4360 2564 4431 ἀνέϐη
2600 4363 2628 4414 6
2655 4361 2870 4416 κόπτων
2903 4363 3070 4432 ἡμᾶς.
3108 4380 3127 4414 ι
3165 4363 3360 4434 Κέδροι
3395 4366 3574 4416 τοίνυν
3603 4363 3696 4416 καὶ

438 4467 654 4508 rursum
717 4456 1026 4526 allegorice,
1095 4468 1357 4529 tyrannos
1411 4461 1676 4529 quosdam
1741 4467 2010 4534 superbos

2126 4453 2325 4516 πίτυες,
2367 4453 2508 4506 κατά
2535 4452 2626 4504 τὸν
2670 4451 2964 4524 Σύμμαχον
3003 4454 3164 4508 πάλιν
3208 4455 3582 4528 ἀλληγορικῶς
3611 4474 3698 4511 τυ-

435 4545 764 4613 signiﬁcant,
825 4565 854 4601 a
916 4547 1209 4619 Babylonia
1260 4552 1534 4615 obsessos,
1591 4565 1647 4608 et
1707 4574 1736 4610 a
1790 4561 2006 4629 propria

2126 4547 2342 4618 ράννους
2372 4543 2524 4608 τινάς
2553 4545 2898 4616 ἐπηρμένους
2933 4548 3310 4617 σημαίνουσιν,
3341 4549 3444 4602 ὑπὸ
3465 4547 3565 4618 τῆς
3592 4549 3695 4605 Βα-

437 4639 660 4705 regione
689 4642 932 4694 succisos
954 4682 968 4706 ,
1018 4658 1154 4710 quos
1183 4647 1250 4698 de
1286 4646 1529 4712 przedicti
1583 4645 2005 4720 Babyloniorum

2126 4637 2383 4699 ὃυλωνίας
2417 4635 2878 4705 πολιορκηθέντας
2917 4640 3009 4692 καὶ
3035 4640 3133 4709 τῆς
3161 4641 3366 4705 οἰκείας
3397 4640 3695 4694 ἀποκοπέν-

435 4730 579 4799 regis
608 4731 759 4784 ruina
791 4735 1028 4802 gaudere
1055 4748 1478 4794 consentaneum
1517 4751 1656 4795 erat.

503 4909 668 4965 Vsus.
709 4910 762 4966 9.
802 4928 823 4963 ι
861 4910 1104 4966 lnfernus
1129 4913 1314 4968 subter
1344 4915 1700 4971 exacerbatus
1721 4927 2010 4973 estoccurr-

430 5015 559 5057 t'ens
586 5002 680 5056 tibi
713 5018 726 5054 :
764 5003 924 5056 simul
953 5003 1172 5057 excitati
1215 5015 1339 5057 sunt
1387 5006 1479 5062 tibi
1526 5020 1715 5062 omnes
1759 5009 2004 5077 gigantes

431 5095 522 5164 qui
555 5103 712 5150 terra:
738 5094 1114 5164 imperarunt,
1153 5097 1242 5166 qui
1305 5099 1617 5152 excitarunt
1671 5113 1736 5152 ex
1789 5100 2000 5154 llll'OlliS

431 5187 545 5239 suis
574 5200 764 5240 omnes
799 5201 952 5254 reges
995 5186 1258 5255 gentium.
1299 5205 1320 5238 ι
1353 5187 1460 5242 Nos
1485 5202 1701 5256 quoque
1739 5189 1862 5257 jure
1907 5190 2000 5243 Sa-

428 5279 980 5347 tauazdicemus,qui
1032 5279 1160 5333 olim
1194 5280 1414 5348 quidem
1473 5281 1540 5334 ab
1589 5280 1680 5333 illo
1727 5280 1996 5337 devastati

2113 4748 2212 4794 τας
2236 4728 2447 4800 χώρας·
2477 4728 2567 4792 οὓς
2609 4730 2757 4794 είκὸς
2789 4725 2856 4801 ἦν
2893 4731 3221 4802 ἐπιχαρῆναι
3248 4735 3314 4803 τῇ
3353 4729 3559 4785 πτώσει
3596 4731 3691 4786 τοῦ

2111 4819 2174 4890 δη
2181 4818 2270 4872 λου
2279 4819 2438 4889 μένου
2447 4859 2460 4872 .

2186 4931 2204 4961 ι
2250 4911 2418 4983 ᾍδης
2445 4911 2687 4965 κάτωθεν
2716 4911 3019 4984 ἐπικράνθη
3047 4914 3387 4983 συναντήσας
3411 4930 3528 4966 σοι·
3571 4930 3691 4967 συν-

2107 5001 2418 5074 ηγέρθησάν
2473 5020 2554 5055 σοι
2609 5003 2807 5065 πάντες
2835 5007 2884 5056 oi
2931 5004 3186 5072 γίγαντες
3221 5006 3271 5056 οί
3306 5004 3564 5075 ἄρξαντες
3592 5006 3689 5075 τῆς

2109 5091 2230 5162 γῆς,
2259 5093 2304 5144 ol
2334 5091 2642 5161 ἐγείραντες
2667 5095 2731 5146 ἐκ
2758 5091 2867 5144 τῶν
2898 5093 3103 5163 θρόνων
3139 5093 3316 5146 αὐτῶν
3344 5093 3549 5156 πάντας
3594 5093 3703 5164 βαρ.

2111 5182 2276 5246 σιλεῖς
2311 5183 2499 5238 ἐθνῶν.
2550 5203 2568 5236 ι
2623 5185 2885 5256 Ἐροῦμεν
2923 5185 2980 5237 δέ
3019 5187 3111 5240 καὶ
3153 5188 3312 5256 ἡμεῖς
3349 5187 3574 5249 εἰκότως
3611 5188 3688 5259 τῷ

2108 5275 2340 5345 Σατανᾷ,
2383 5276 2432 5328 οἱ
2467 5275 2634 5328 πάλαι
2685 5275 2782 5345 μὲν
2822 5276 2949 5347 παρ’
2983 5276 3193 5330 ἐκείνου
3241 5277 3683 5350 πεπορθημένοι·

426 5385 653 5436 sumus;
687 5370 780 5425 sed
809 5371 1020 5425 (inuam
1049 5373 1264 5426 demum
1311 5373 1360 5426 in
1405 5370 1622 5426 Christo
1675 5375 1997 5428 sententiam

2129 5367 2310 5440 δραῖον
2340 5367 2395 5420 δὲ
2425 5367 2611 5421 λοιπὸν
2644 5366 2936 5438 ἐσχηκότες
2977 5369 3034 5419 ἐν
3062 5367 3280 5438 Χριστῷ
3308 5369 3370 5422 τὸ
3407 5370 3685 5442 φρόνημα»

427 5462 762 5526 retiuuimus,
793 5473 1142 5531 mentemque
1171 5463 1238 5517 ad
1280 5464 1540 5532 pietatem
1574 5463 1746 5519 solide
1785 5467 1996 5521 radica-

427 5562 558 5612 tam.
588 5568 791 5620 corque
814 5554 1253 5610 timidissimum:
1293 5570 1312 5605 ι
1353 5552 1432 5607 Ex
1453 5569 1561 5623 quo
1586 5564 1640 5608 tu
1670 5556 1995 5624 dormivisti,

426 5661 530 5699 non
565 5646 809 5700 ascendit
835 5646 924 5716 qui
952 5647 1259 5702 succideret
1299 5663 1417 5701 nos.
1453 5666 1472 5699 ι

496 5735 658 5790 Vsus.
681 5736 863 5792 lO-li.
896 5755 916 5788 ι
938 5739 1140 5794 Omnes
1152 5739 1554 5808 respondebunt
1576 5749 1628 5794 et
1651 5738 1832 5794 dicent
1857 5739 1951 5796 tibi
1975 5759 1988 5796 :

423 5823 489 5882 Et
520 5837 573 5882 tu
602 5835 794 5894 captus
827 5842 884 5883 es
908 5827 1050 5884 sicut
1078 5836 1131 5883 et
1161 5843 1260 5886 nos
1297 5844 1313 5884 :
1348 5828 1403 5886 in
1444 5827 1599 5887 nobis
1625 5839 1806 5886 autem
1835 5845 1992 5899 repu-

2105 5460 2201 5514 καὶ
2245 5459 2368 5513 νοῦν
2424 5461 2504 5524 είς
2551 5460 2835 5513 εὐσέϐειαν
2879 5459 3096 5529 ἀσφαλῆ
3149 5461 3242 5513 καὶ
3296 5452 3684 5534 ἐρριζωμένον,

2105 5553 2200 5605 καὶ
2241 5552 2466 5624 καρδίαν
2500 5551 2900 5622 εύθαλεστάτην
2919 5569 2931 5581 ο
2969 5571 2987 5602 ι
3012 5551 3127 5622 Ἀφ’
3151 5547 3212 5606 οὖ
3244 5554 3307 5607 σὺ
3331 5554 3683 5625 κεκοίμησαι,

2105 5645 2203 5698 ούκ
2231 5644 2397 5715 ἀνέϐη
2428 5646 2458 5698 ὀ
2497 5645 2712 5697 κόπτων
2749 5646 2918 5714 ἡμᾶς.
2955 5664 2972 5696 ι

2179 5758 2198 5790 ι
2240 5739 2444 5800 Πάντες
2478 5736 2938 5807 ἀποκριθήσονται
2976 5739 3070 5791 καὶ
3102 5737 3286 5811 ἐροῦσι
3327 5753 3428 5791 σοι’
3462 5737 3572 5792 Kal
3617 5737 3684 5792 σὺ

2103 5830 2294 5897 ἑάλως,
2327 5829 2512 5897 ὥσπερ
2539 5830 2630 5883 καὶ
2678 5830 2854 5898 ἡμεῖς·
2900 5833 2956 5885 ἐν
2998 5832 3127 5898 ἡμῖν
3172 5831 3228 5886 δὲ
3272 5828 3678 5896 κατελογὶσθης.
