4118 6442
429 405 535 459 {93

1385 404 1881 460 COMMENTARIA
1921 405 1987 460 IN
2025 404 2287 464 ISAIAM.
2325 438 2397 452 —
2432 407 2587 464 CAP.
2631 407 2769 463 XIV.

3592 406 3691 461 194

428 524 649 597 Κατέϐη
681 526 758 584 είς
781 525 959 597 ᾁδουή
990 523 1118 591 δόξα
1150 541 1265 592 σου,
1292 528 1325 599 ή
1350 529 1519 601 πολλὴ
1544 530 1848 603 εὐφροσύνη
1885 548 1992 584 σουι

2113 540 2255 586 tatus
2305 548 2385 586 es.
2417 531 2702 586 Descendit
2744 532 2797 585 in
2831 529 3100 585 infernum
3137 528 3304 600 gloria
3356 535 3469 593 tua,
3521 530 3688 582 multa

435 620 727 675 ’Υποκάτω
770 637 863 672 σου
907 618 1211 690 στρώσουσι
1268 622 1450 692 σῆψιν,
1498 624 1591 677 xui
1651 624 1712 678 τὸ
1759 627 2005 680 κατακά⁴

427 712 617 784 λυμμά
656 729 747 765 σου
784 711 1024 782 σκώληξ.
1079 712 1207 775 Πῶς
1254 712 1510 777 ἐξέπεσεν
1556 716 1620 767 ὲκ
1651 715 1743 769 τοῦ
1774 717 2003 788 ούρανοῦ

425 807 455 859 6
499 802 805 873 Ἐωσφόρος
833 803 862 855 6
895 801 1041 874 πρωῒ
1074 801 1410 863 άνατέλλων;
1431 806 1717 878 συνετρίϐη
1737 808 1872 878 πρὸς
1906 809 2006 880 τὴν

424 897 526 965 γῆν
555 898 583 948 6
615 895 960 949 ἀποστέλλων
1006 894 1143 966 πρὸς
1201 895 1380 950 πάντα
1427 898 1495 951 τά
1536 898 1696 969 HM};
1737 918 1754 950 ι
1795 902 1858 953 Oi
1906 901 2003 971 μὲν

423 987 514 1039 ἐπὶ
536 987 637 1057 γῆς
662 986 831 1050 ὄντες,
871 986 1024 1057 φησὶ,
1048 984 1115 1039 τά
1139 987 1394 1058 ἀνωτέρω
1414 987 1678 1059 εἰρημένα
1716 991 1998 1061 φήσουσιν·

422 1082 472 1133 οἱ
492 1080 549 1133 δὲ
576 1080 668 1133 τὸν
701 1078 1039 1150 ἀνθρώπινον
1073 1080 1478 1146 ἀπαλλάξαντες
1519 1081 1652 1152 βίον,
1685 1083 1773 1137 xui
1816 1081 2003 1155 ὥσπερ

424 1172 485 1223 ὲν
505 1173 725 1243 δεσμοῖς
755 1176 869 1237 τοῖς
892 1173 986 1226 τοῦ
1020 1173 1145 1245 ᾅδου
1186 1172 1403 1245 χωρίοις
1433 1176 1871 1244 ἀπολειφθέντες,
1911 1176 2004 1231 xui

423 1265 577 1317 αὐτοὶ
618 1266 683 1335 τῇ
727 1264 969 1337 ἀπωλείᾳ
1025 1263 1188 1319 αὑτοῦ
1245 1266 1456 1331 λέξουσι
1498 1267 1567 1321 τὰ
1610 1269 1999 1340 ἐπιφερόμενα.

422 1355 639 1419 Φθάσας
669 1356 724 1410 δὲ
748 1357 871 1420 τοὺς
900 1357 1018 1411 ἐκεῖ
1042 1359 1249 1423 πάντας
1279 1362 1307 1412 6
1344 1361 1497 1432 ᾅδης,
1535 1362 1627 1414 xui
1659 1360 1691 1431 ἡ
1719 1362 2002 1430 ὲφεστῶσα

422 1449 545 1511 ταῖς
589 1448 697 1501 τῶν
740 1448 1077 1520 τεθνηκότων
1118 1451 1313 1522 ψυχαῖς
1366 1451 1614 1523 δύναμις,
1672 1452 1862 1523 ὥσπερ
1917 1470 2002 1517 τις

422 1537 793 1609 δεσμωτηρίου
842 1540 1181 1609 τυγχάνουσα
1221 1543 1475 1614 φρουρὸς,
1526 1542 1769 1597 κάτωθεν
1803 1546 1865 1597 ὲκ
1894 1544 2002 1598 τῶν

424 1628 710 1681 σκοτεινῶν
746 1629 932 1699 μυχῶν
956 1629 1090 1699 μετὰ
1124 1630 1293 1698 θυμοῦ
1315 1633 1406 1685 xui
1442 1632 1610 1703 ὀργῆς
1633 1635 2003 1706 ἐπαναστήσε-

419 1715 509 1767 ταί
536 1732 636 1767 σοι.
663 1715 863 1769 Τούτου
887 1718 943 1771 δὲ
967 1718 1153 1791 ὥσπερ
1173 1717 1434 1791 ἄρχοντος
1458 1721 1564 1774 τῶν
1598 1725 1712 1778 ἐκεῖ
1735 1725 1997 1796 κρατούν-

419 1821 508 1868 τος
533 1805 627 1858 τοῦ
654 1807 853 1861 οἰκείου
900 1808 1269 1881 διεγερθέντος
1313 1811 1524 1883 θρόνου,
1583 1814 1675 1866 xui
1727 1816 1774 1867 οἱ
1822 1814 1999 1870 λοιποὶ

2110 622 2294 677 laetitia
2329 632 2439 677 tua.
2470 622 2670 678 Subter
2709 632 2760 677 te
2790 630 3032 678 sternent
3058 620 3281 684 tineam,
3306 628 3361 675 et
3384 620 3691 690 operimen-

2112 723 2224 767 lllm
2261 723 2410 767 tttum
2444 714 2667 768 vermis.
2702 712 2981 779 Quomodo
3010 711 3208 767 cecidit
3259 711 3323 766 de
3352 711 3490 765 caelo
3520 709 3688 764 Luci-

2108 805 2210 872 fer,
2244 807 2333 874 qni
2368 821 2526 860 mane
2560 804 2885 860 oriebatur?
2918 805 3188 861 contritus
3236 816 3319 860 est
3369 806 3433 858 ad
3483 812 3686 858 terram

2107 899 2198 968 qui
2233 898 2481 952 mittebat
2505 898 2570 952 ad
2600 912 2789 952 omnes
2820 897 3046 965 gentes?
3090 917 3107 948 ι
3146 895 3246 964 Qui
3281 896 3333 949 in
3363 906 3503 949 terra
3536 904 3680 960 sunt,

2108 988 2303 1058 inquit,
2341 1004 2427 1054 ea,
2457 1004 2576 1057 qua:
2604 988 2853 1056 superius
2884 990 3024 1041 dicta
3053 998 3216 1051 sunt,
3247 986 3558 1056 proferent;
3589 985 3680 1055 qui

2107 1092 2283 1135 autem
2313 1081 2550 1135 humana
2580 1081 2688 1133 vita
2716 1079 2911 1143 functi,
2948 1090 3003 1134 et
3038 1081 3088 1132 in
3125 1080 3255 1133 locis
3296 1077 3493 1132 inferni
3528 1073 3682 1144 quasi

2107 1170 2158 1224 in
2188 1170 2415 1225 vinculis
2444 1170 2780 1234 detinentur,
2815 1169 2914 1239 ipsi
2968 1185 3181 1238 quoque
3213 1185 3376 1238 super
3403 1167 3518 1236 ejus
3568 1168 3687 1222 exi-

2108 1262 2181 1315 tio
2215 1275 2277 1315 ea
2307 1276 2427 1331 quae
2452 1260 2801 1329 superaddita
2830 1270 2959 1313 sunt
2999 1259 3443 1329 pronuntiabunt.
3483 1256 3687 1338 Omnes

2107 1368 2268 1421 porro
2301 1351 2410 1405 illic
2447 1360 2727 1406 versantes
2761 1359 3095 1418 prmvertens
3132 1347 3413 1412 infernus,
3467 1362 3680 1402 necnon

2106 1442 2279 1496 virtus
2328 1442 2413 1495 illa
2462 1455 2582 1510 qua)
2622 1442 2956 1493 mortuorum
3002 1438 3289 1492 animabus
3318 1447 3545 1507 praeest;
3583 1453 3682 1493 ceu

2104 1533 2351 1602 quasdam
2379 1529 2617 1587 carceris
2650 1538 2837 1585 custos
2866 1545 2931 1583 ex
2976 1528 3098 1582 imis
3136 1529 3545 1598 tenebrosisque
3591 1544 3687 1598 pe-

2107 1623 2406 1677 netralibus
2451 1637 2573 1675 cum
2632 1617 2816 1674 furore
2864 1629 2918 1671 et
2962 1617 3042 1672 ira
3090 1619 3334 1689 insurget
3376 1609 3681 1676 contra'te.

2106 1715 2216 1771 Hoc
2251 1725 2429 1769 autem
2468 1714 2711 1785 principe
2741 1713 2863 1767 istic
2891 1713 3212 1784 imperante,
3247 1730 3313 1768 ex
3357 1713 3555 1768 tltronn
3584 1730 3685 1771 suo

2102 1808 2389 1869 excitato,
2444 1806 2637 1875 reliqui
2664 1821 2853 1861 omnes
2890 1808 3167 1877 gigantes,
3225 1809 3340 1863 sive
3386 1808 3683 1862 secundum

419 1897 619 1962 πάντες
656 1898 928 1968 γίγαντες,
972 1903 1020 1954 οἱ
1064 1903 1207 1956 κατὰ
1246 1905 1370 1968 τοὺς
1418 1904 1755 1976 ὲρμηνευτὰς
1809 1926 1827 1959 t
1879 1907 1992 1963 Ῥα·

2109 1898 2346 1967 reliquos
2382 1898 2709 1967 interpretes
2738 1915 2756 1947 ι
2785 1896 3073 1966 Rapltaim,
3109 1917 3127 1949 ι
3161 1913 3266 1951 una
3301 1907 3681 1952 surrexerunt.

419 1990 583 2061 φαῖμ,
627 2010 645 2041 ι
688 1993 1111 2064 συνανέστησαν.
1156 1995 1312 2059 Τίνες
1348 1995 1405 2048 δὲ
1448 1990 1614 2061 οὗτοι,
1654 1996 1999 2072 διερμηνεύει

416 2081 593 2150 λέγων
616 2098 628 2113 ·
666 2084 727 2137 Οἱ
763 2085 1018 2156 ἄρχοντες
1058 2088 1158 2157 τῆς
1194 2088 1316 2157 γῆς,
1354 2090 1400 2141 οἱ
1447 2088 1757 2159 ἐγείραντες
1791 2093 1853 2144 ὲκ
1893 2091 2001 2144 τῶν

419 2175 623 2247 θρόνων
651 2176 829 2230 αὐτῶν
863 2179 1070 2242 πάντας
1098 2180 1341 2249 »βασιλεῖς
1386 2181 1576 2245 ἐθνῶν,
1628 2182 1723 2234 xui
1764 2183 1831 2236 τὰ
1862 2183 2001 2240 αὐτὰ

418 2268 494 2338 τῷ
546 2272 1007 2342 κατηγορουμένῳ
1054 2271 1263 2341 βασιλεῖ
1315 2273 1632 2340 Βαϐυλῶνος
1671 2278 1996 2347 πράξαντες.

419 2360 481 2413 0!
509 2362 603 2414 xui
628 2364 841 2433 γυμνὴν
878 2363 971 2416 xui
1000 2364 1202 2436 ἔρημον
1229 2365 1322 2419 τοῦ
1352 2367 1602 2439 σώματος
1622 2371 1720 2443 τὴν
1743 2371 1836 2426 τοῦ
1869 2390 1998 2427 ποτε

419 2448 834 2518 βασιλεύσαντος
885 2453 1200 2519 Βαϐυλῶνος
1249 2458 1423 2529 ψυχὴν
1446 2461 1679 2532 ὁρῶντες
1740 2466 1999 2534 φήσουσιν

416 2543 556 2612 αὐτῇ
578 2559 591 2572 ·
628 2543 737 2596 Καὶ
772 2544 865 2597 σοῦ
889 2547 1153 2616 κρείττων
1195 2550 1385 2618 γέγονε
1419 2551 1667 2618 θάνατος,
1700 2556 1775 2620 ὡς
1809 2559 1903 2611 xui
1938 2559 1998 2613 σὲ

414 2635 598 2705 ὅμοιον
626 2638 756 2707 ήμῖν
784 2638 1114 2708 ἁπελέγξαις
1167 2642 1334 2695 Οὐδὲν
1382 2646 1492 2716 ἄρα
1527 2642 1595 2718 ἦν
1633 2648 1662 2700 6
1709 2650 1849 2721 ὑπὲρ
1894 2651 1998 2723 γῆν

417 2724 549 2795 βίος,
580 2729 676 2781 xui
703 2730 732 2781 6
766 2730 995 2795 πλοῦτος
1028 2733 1123 2785 xui
1165 2736 1196 2804 ή
1231 2734 1378 2802 δόξα,
1415 2739 1508 2790 xui
1550 2742 1581 2811 ή
1626 2742 1864 2813 τοσαύτη
1908 2743 1998 2797 δυ-

412 2820 671 2873 ναστεία·
715 2820 851 2874 ἀλλὰ
892 2822 1000 2875 τῶν
1041 2824 1259 2880 πάντων
1302 2827 1527 2883 ἐκείνων
1572 2831 1744 2901 πέρας
1781 2833 1853 2903 γῆ
1902 2836 1996 2888 xui

415 2911 607 2974 σποδὸς
659 2913 976 2980 διαδέξεται,
1023 2915 1239 2989 σκώληξ
1282 2936 1341 2971 τε
1397 2921 1493 2973 xui
1544 2923 1763 2993 σαρκῶν
1810 2926 1991 2997 σῆψις.

423 3000 615 3074 Ἡμεῖς
645 3005 702 3059 δέ
742 3023 800 3059 σε
834 3008 894 3061 ού
922 3008 1114 3081 θνητὸν
1151 3011 1471 3083 ἐνομίζομεν
1491 3030 1504 3044 ·
1557 3015 1910 3088 ἀπατώμενοι
1937 3019 1993 3073 δὲ

410 3099 477 3167 τῇ
509 3098 640 3169 περὶ
669 3100 728 3153 σὲ
752 3100 899 3173 δόξῃ,
929 3100 1006 3172 τῷ
1034 3105 1156 3156 κατ’
1184 3105 1413 3176 οὐρανὸν
1458 3106 1826 3181 λαμπροτάτῳ
1876 3092 1991 3182 φωλ-

415 3191 595 3260 στῆρι,
622 3191 702 3261 τῷ
727 3192 817 3245 τὸν
846 3194 995 3264 ἣλιον
1014 3197 1477 3269 προσκαλουμένῳ
1513 3200 1806 3275 Ἑωσφόρῳ
1832 3205 1990 3258 ἀπει-

2105 1990 2337 2058 Quinam
2376 2005 2505 2045 vero
2539 1989 2592 2044 lti
2645 2000 2828 2045 essent
2874 1991 3105 2061 explicat
3151 1992 3339 2046 dicens
3364 2031 3379 2053 ,
3411 1992 3685 2062 principes

2102 2091 2285 2145 teme,
2319 2081 2409 2151 qui
2441 2098 2504 2135 ex
2540 2081 2751 2136 tltronis
2794 2084 2907 2137 suis
2950 2082 3262 2137 excitarunt
3296 2097 3488 2137 omnes
3528 2097 3684 2152 reges

2101 2174 2340 2245 gentium
2380 2194 2391 2228 :
2425 2175 2517 2242 qui
2554 2174 2704 2240 paria
2735 2187 2797 2226 ac
2837 2173 2925 2227 ille
2955 2190 3078 2228 reus
3117 2174 3409 2244 Babylonis
3437 2190 3528 2227 rex
3558 2190 3682 2242 per-

2101 2275 2403 2334 petrarunl.
2440 2266 2503 2321 lli
2532 2283 2661 2323 vero
2690 2269 2887 2324 nudam
2917 2280 2973 2323 et
3007 2282 3246 2336 corpore
3296 2266 3490 2320 orbam
3535 2266 3680 2319 illius

2099 2362 2227 2417 olim
2266 2361 2574 2432 Babylonici
2613 2364 2754 2434 regis
2785 2364 3024 2417 animam
3075 2373 3391 2426 cernentes,
3444 2361 3523 2415 sic
3559 2374 3677 2414 eam

2099 2452 2500 2524 compellabtmt
2531 2471 2545 2506 :
2580 2454 2826 2509 Etiamne
2853 2464 2906 2509 te
2941 2454 3138 2510 fortior
3173 2469 3320 2508 mors
3349 2452 3469 2517 fuit,
3519 2452 3589 2505 ita
3621 2462 3680 2504 ut

2102 2555 2152 2600 te
2183 2546 2413 2601 similem
2467 2548 2624 2602 nobis
2672 2563 2793 2603 esse
2844 2546 3336 2602 evineeret?Nilti|
3385 2561 3513 2611 ergo
3559 2556 3678 2600 erat

2102 2647 2315 2693 terrena
2362 2638 2450 2692 illa
2483 2638 2615 2703 vita,
2645 2639 2847 2694 divitia:
2872 2680 2887 2706 ,
2929 2638 3098 2709 gloria
3126 2649 3181 2693 et
3220 2647 3367 2693 tanta
3399 2638 3675 2705 potentia:

2098 2731 2190 2785 sed
2217 2731 2470 2786 onmibus
2498 2730 2581 2786 his
2615 2732 2738 2787 linis
2766 2734 2869 2787 erit
2910 2743 3054 2788 terra
3085 2744 3138 2786 et
3168 2731 3363 2802 pulvrs,
3395 2728 3597 2783 vermis
3625 2739 3679 2784 et

2096 2822 2280 2875 carnis
2309 2823 2558 2892 putredo.
2596 2822 2705 2878 Nos
2732 2838 2861 2879 vero
2886 2832 2941 2879 te
2975 2824 3254 2877 mortalem
3286 2822 3509 2877 minime
3552 2836 3676 2877 esse

2097 2911 2420 2982 putabamus
2454 2932 2468 2968 :
2506 2929 2569 2969 ac
2606 2914 2779 2985 gloria
2833 2926 2886 2969 te
2917 2914 3289 2970 circumdante
3340 2912 3595 2985 decepti,
3623 2921 3679 2968 te

2108 3004 2545 3074 splendidissimo
2576 3006 2783 3062 caelesti
2839 3006 3129 3073 luminari,
3184 3006 3461 3076 solemque
3506 3005 3675 3060 advo-

2095 3099 2236 3152 canti
2266 3096 2516 3153 Lucifero
2539 3101 3007 3166 comparabamus.
3045 3098 3124 3152 Tu
3159 3114 3289 3153 vero
3320 3108 3371 3153 te
3402 3098 3561 3153 etiam
3593 3098 3677 3153 bis

2097 3188 2354 3257 majorem
2408 3191 2785 3257 arbitrabaris,
2809 3190 3097 3246 lasciviens
3125 3206 3189 3246 ac
3230 3191 3428 3246 mentis
3464 3193 3673 3246 insania

416 3277 669 3349 κάζομεν.
731 3282 801 3336 Σὺ
854 3283 909 3335 δὲ
965 3285 1057 3337 ἐπὶ
1116 3286 1297 3351 σαυτῷ
1359 3289 1454 3342 xui
1509 3260 1741 3360 patiam.
1777 3260 1991 3350 ⁶τούτων

2099 3283 2171 3336 ita
2202 3283 2547 3351 superbiens,
2576 3293 2632 3337 ut
2669 3293 2719 3337 te
2750 3283 3016 3337 altissimo
3057 3282 3168 3338 Deo
3202 3283 3500 3345 conferres,
3536 3298 3597 3338 ac
3624 3292 3676 3337 te

414 3372 663 3442 ἐφρόνεις
702 3376 965 3447 γαυριῶν,
1012 3380 1106 3433 xui
1151 3381 1315 3452 μανίᾳ
1346 3384 1556 3455 φρενῶν
1594 3385 1991 3459 ἀλαζονευόμε-

412 3481 520 3526 νος,
556 3465 632 3528 ώς
676 3468 869 3521 σαυτὸν
923 3469 1000 3541 τῷ
1042 3470 1248 3545 ὑψίστῳ
1294 3474 1412 3545 Θεῷ
1459 3477 1847 3547 παραϐάλλειν,
1896 3481 1991 3535 xui

412 3556 551 3630 ὑπὲρ
578 3559 675 3623 τὰς
707 3560 963 3633 οὐρανίας
999 3564 1192 3635 autem;
1222 3568 1313 3620 τὸν
1346 3569 1542 3623 σαυτοῦ
1583 3569 1769 3643 θρόνον
1806 3572 1992 3644 θήσειν

411 3648 796 3716 φαντάζεσθαι.
829 3655 1012 3709 Ταῦτα
1041 3658 1137 3728 μὲν
1163 3654 1256 3713 οὖν
1286 3662 1415 3732 περὶ
1441 3658 1534 3715 σοῦ
1568 3664 1750 3733 ἡμεῖς,
1777 3664 1991 3736 θνητοῖς

408 3738 686 3812 λογισμοῖς
710 3746 1080 3818 ἀπατώμενοι,
1110 3750 1497 3822 διενοούμεθα·
1535 3755 1759 3808 τοιαῦτα
1799 3756 1856 3810 δὲ
1898 3758 1992 3812 xui

409 3830 474 3881 σὺ
496 3830 591 3883 ἐπὶ
626 3834 804 3904 σαυτῷ
833 3837 1044 3907 φρενῶν
1069 3840 1324 3895 ἐκστάσει
1358 3843 1627 3916 ἐφρόνεις.
1674 3841 1781 3898 *Ην
1808 3848 1852 3901 δ’
1882 3849 1993 3920 ἄρα

409 3920 500 3972 καὶ
530 3921 624 3974 τοῦ
668 3927 797 3995 περὶ
830 3928 890 3980 σὲ
932 3929 1118 3992 τέλους
1162 3932 1381 4001 ἐλεγχος
1413 3936 1441 3987 6
1473 3936 1662 4006 χρόνος
1691 3937 1812 3991 καθ’
1840 3940 1869 3991 ὂ
1896 3941 1989 3994 ἑά-

407 4008 541 4076 λως·
586 4015 708 4067 οὐδὲ
751 4020 863 4080 tot;
903 4021 1108 4083 λοιποῖς
1148 4022 1458 4091 ἀνθρώποις
1501 4027 1694 4097 ὁμοίαν
1739 4032 1990 4104 ἐσχηκὼς

407 4104 680 4177 τελευτήν.
710 4108 772 4161 Οἱ
806 4109 907 4179 μὲν
932 4111 1041 4184 γὰρ
1068 4115 1151 4182 ἐφ’
1185 4116 1433 4185 ἡσυχίας,
1465 4120 1648 4191 ἠρέμα
1669 4123 1764 4176 καὶ
1798 4124 1988 4196 πράως

405 4197 499 4249 ἐπὶ
525 4202 625 4269 τῆς
656 4201 865 4255 ἑαυτῶν
904 4204 1105 4268 ἑστίας,
1145 4206 1207 4260 τὸ
1251 4209 1411 4280 χρέος
1454 4212 1753 4267 ἀπέδοσαν·
1791 4216 1855 4269 σὺ
1905 4216 1985 4281 δὲ,

403 4291 470 4359 τῇ
511 4289 617 4344 τῶν
693 4292 967 4364 πολεμίων
1009 4300 1252 4374 μαχαίρᾳ
1302 4302 1400 4372 τὴν
1455 4304 1598 4375 ζωὴν
1641 4307 1984 4380 ἀφαιρεθεὶς,

405 4383 598 4453 νεκρὸς
647 4382 852 4453 ἄταφος
911 4389 1136 4463 ριφήσῃ,
1202 4391 1365 4465 θηρσὶ
1434 4395 1568 4468 βορά
1621 4401 1715 4453 xui
1777 4402 1987 4468 οἰωνοῖς

406 4472 740 4543 ἐγκείμενος.
790 4476 937 4539 Ἕως
974 4480 1072 4548 μὲν
1105 4477 1197 4534 οὖν
1232 4488 1574 4557 συνειστήκει
1620 4489 1653 4560 ἡ
1706 4490 1982 4558 Βαϐυλὼν,

407 4561 675 4662 βασίλειόν
703 4582 764 4618 τε
797 4561 875 4662 ἦν
905 4569 1000 4621 xui
1026 4568 1313 4626 δυναστεία
1362 4577 1573 4649 μεγάλη
1607 4580 1715 4633 τῶν
1756 4583 1984 4637 αὐτόθεν
2018 4606 2060 4662 D

404 4657 778 4727 κρατούντων·
816 4659 957 4729 τάχα
995 4678 1099 4716 που
1142 4666 1236 4719 xui
1269 4666 1302 4737 ἡ
1351 4669 1716 4727 ὲπιστατοῦσα
1758 4673 1983 4745 δύναμις

401 4749 684 4843 αὐτοῖςγτὰ
716 4751 929 4843 μεγάλα
963 4756 1327 4830 συνέπραττεν
1349 4778 1363 4793 ·
1413 4763 1534 4816 ἐπεὶ
1564 4764 1621 4818 δὲ
1654 4766 1918 4836 ἠφάνιστο
1947 4772 1979 4843 ή

403 4841 649 4911 βασιλεία
680 4842 776 4896 τοῦ
810 4843 1014 4911 ἔθνους,
1059 4850 1155 4902 xui
1178 4852 1207 4904 6
1245 4852 1488 4921 ἐφεστὼς
1545 4856 1728 4921 αὐτοῖς
1776 4841 1979 4931 ἄρχων,

399 4933 640 5005 ὡσπερεὶ
672 4934 967 5008 πληρώσας
992 4939 1120 5003 τοὺς
1141 4942 1335 4995 ἑαυτοῦ
1368 4946 1612 5016 χρόνους,
1639 4949 1721 5011 εἰς
1752 4950 1844 5004 τὸν
1872 4951 1981 5006 τῶν

407 5026 610 5095 ὁμοίων
668 5028 819 5098 αὐτῷ
854 5029 1028 5102 χῶρον
1064 5034 1532 5107 παρελαμϐάνετο,
1564 5041 1622 5095 ὲν
1643 5034 1688 5109 ᾧ
1716 5045 1982 5117 συνήντη-

398 5132 502 5170 σαν
522 5119 669 5206 αύτῷ
688 5120 890 5186 πάντες
908 5124 959 5176 οἱ
992 5124 1233 5198 Ῥαφαῖμ
1262 5129 1603 5202 καλούμενοι,
1640 5132 1673 5205 ἢ
1707 5137 1757 5188 οἱ
1790 5138 1980 5206 γίγαν-

401 5222 525 5270 τες·
559 5204 703 5265 οὗτοι
727 5212 785 5266 δὲ
819 5213 911 5267 xui
945 5214 1097 5269 αὐτοὶ
1133 5217 1390 5291 δυνάμεις
1437 5222 1541 5276 εἰσί
1580 5204 1744 5292 τινες,
1788 5204 1872 5294 αῖ,
1905 5229 1980 5293 ώς

402 5301 568 5363 εἰκὸς,
596 5298 735 5374 ἦσαν
766 5306 965 5378 ἑτέρων
1003 5307 1174 5363 ὲθνῶν
1208 5313 1349 5366 κατὰ
1392 5315 1616 5386 χρόνους
1663 5320 1763 5374 ούκ
1805 5320 1979 5392 ὀρθῶς

400 5393 763 5465 ἡγησάμεναι.
786 5399 932 5470 Μήτι
953 5398 1048 5455 οὖν
1079 5404 1243 5469 αὐτὸς
1290 5399 1447 5471 οὗτος
1475 5410 1503 5461 6
1525 5407 1626 5480 τῆς
1662 5411 1979 5477 Βαϐυλῶνος

280 5522 291 5531 .
398 5480 583 5553 ἄρχων
613 5484 743 5537 ποτὲ
767 5489 1023 5553 γεγονὼς,
1048 5493 1148 5565 τήν
1171 5494 1364 5548 ἑαυτοῦ
1396 5498 1499 5568 γῆν
1518 5497 1809 5573 διέφθειρε,
1845 5502 1979 5567 Θεὸς

400 5573 528 5645 παρ’
555 5574 739 5638 αὐτοῖς
752 5577 1122 5650 νομιζόμενος,
1166 5585 1308 5641 οὕτω
1326 5586 1383 5641 δὲ
1403 5588 1497 5642 xui
1522 5591 1612 5643 τὸν
1627 5592 1820 5646 ἑαυτοῦ
1849 5593 1976 5647 λαὸν

385 5666 707 5758 ⁸ἀπέκτεινε.
740 5670 835 5758 καὶ
864 5672 990 5735 τοὺς
1018 5675 1211 5731 ἑαυτοῦ
1256 5681 1409 5746 υἱοὺς
1450 5688 1631 5755 σφαγῇ
1666 5686 1976 5758 παραδέδω-

397 5771 511 5821 κεν,
548 5756 629 5820 είς
648 5757 926 5813 ἀπώλειαν
959 5766 1069 5829 τοῖς
1105 5764 1192 5819 ὁπ’
1222 5770 1388 5823 αὐτοῦ
1416 5756 1762 5845 ἀρχομένοις,
1792 5777 1883 5830 διά
1913 5779 1974 5833 τὸ

396 5847 713 5921 νομισθῆναι
758 5852 888 5924 παρ’
931 5854 1117 5923 αὐτοῖς
1160 5859 1291 5925 Θεὸς
1332 5858 1470 5917 εἶναι
1501 5865 1768 5934 γεγονώς;
1819 5868 1879 5923 Ei
1927 5870 1972 5924 δ’

2098 3374 2351 3430 tlx'onttm
2387 3384 2538 3430 tuum
2574 3391 2735 3445 supra
2793 3374 3040 3430 caelestes
3086 3374 3323 3428 fornices
3367 3375 3673 3435 positurum

2093 3482 2215 3521 esse
2246 3466 2549 3537 jztetitares.
2583 3468 2706 3523 llaec
2735 3468 2897 3539 igitur
2933 3482 3029 3521 nos
3074 3468 3398 3522 mortalibus
3448 3466 3675 3522 ratioci-

2097 3559 2203 3613 niis
2228 3559 2459 3630 decepti,
2510 3559 2576 3615 de
2606 3572 2657 3614 te
2683 3561 3045 3630 cogitavimus
3079 3574 3094 3612 :
3130 3559 3255 3612 talia
3294 3568 3351 3612 et
3380 3567 3434 3612 tu
3492 3572 3675 3613 mente

2095 3660 2288 3720 captus
2321 3652 2388 3706 de
2418 3662 2470 3706 te
2501 3652 2619 3719 ipso
2645 3654 2941 3709 sentiebas.
2981 3652 3051 3708 At
3097 3651 3181 3706 vel
3229 3649 3403 3705 solum
3451 3658 3673 3717 tempus

2093 3757 2200 3811 quo
2222 3751 2414 3811 captus
2440 3751 2494 3796 et
2521 3743 2695 3797 victus
2721 3758 2779 3798 es
2804 3787 2819 3811 ,
2868 3742 3213 3797 tnanifestum
3256 3750 3375 3796 erat
3424 3742 3546 3798 finis
3594 3743 3672 3797 tui

2092 3847 2472 3906 argumentum
2511 3854 2526 3891 :
2563 3852 2738 3907 neque
2767 3838 2999 3893 similem
3033 3838 3155 3893 aliis
3183 3837 3494 3893 hominibus
3527 3853 3675 3893 mor-

2095 3938 2200 3982 tem
2235 3942 2295 3982 es
2340 3936 2681 3985 consecutus.
2734 3929 2809 3984 Illi
2849 3931 3047 4000 quippe
3086 3930 3289 3987 sensim
3314 3970 3330 3997 ,
3397 3929 3583 3999 quiete
3615 3939 3672 3985 et

2091 4019 2233 4073 domi
2264 4020 2506 4110 debitum
2539 4022 2867 4089 solverunt;
2902 4034 2957 4077 tu
2985 4038 3114 4077 vero
3164 4024 3507 4079 inimicorum
3557 4022 3672 4095 gla-

2091 4116 2181 4171 dio
2212 4119 2321 4171 vita
2351 4120 2616 4187 privatus,
2655 4119 2956 4187 insepultus
2983 4119 3323 4190 projicieris,
3354 4128 3410 4174 et
3456 4120 3568 4175 eris
3611 4119 3666 4174 in

2089 4225 2274 4265 escam
2309 4211 2505 4267 bestiis
2533 4220 2590 4265 et
2624 4211 2956 4268 volucribus.
2988 4212 3237 4279 Quandiu
3288 4212 3454 4282 igitur
3492 4212 3669 4283 Baby-

2089 4302 2178 4357 lon
2207 4313 2483 4373 superstes
2520 4304 2640 4367 fuit.
2689 4320 2755 4360 ac
2803 4305 3077 4376 principes
3126 4306 3248 4374 ejus
3299 4321 3522 4376 regnum
3555 4322 3671 4359 ma-

2086 4413 2358 4469 gnamque
2381 4399 2645 4455 ditionem
2677 4408 2733 4453 et
2760 4400 3059 4467 potentiam
3084 4399 3437 4463 obtinebant;
3471 4399 3667 4465 virtus,

2086 4504 2208 4559 qua;
2234 4490 2364 4560 ipsis
2386 4488 2643 4559 praefecta
2666 4497 2809 4554 erat,
2841 4505 3033 4558 magna
3064 4491 3294 4544 fortasse
3318 4489 3664 4560 perﬁciebat:

2087 4582 2176 4636 ubi
2207 4592 2389 4636 autem
2416 4584 2594 4653 gentis
2628 4582 2770 4637 illius
2797 4599 3022 4655 regnum
3075 4584 3312 4640 deletqu
3358 4594 3462 4649 est,
3515 4584 3666 4654 prin-

2086 4688 2215 4744 ceps
2239 4690 2454 4745 quoque
2479 4676 2610 4746 ipsis
2636 4677 2928 4747 praefectus
2950 4718 2965 4739 ,
2991 4687 3179 4746 utpote
3204 4676 3315 4745 jam
3348 4694 3446 4734 suo
3478 4677 3665 4748 elapso

2088 4775 2328 4836 tempore
2354 4807 2369 4833 ,
2402 4768 2454 4823 in
2482 4770 2581 4824 sibi
2620 4770 2877 4826 similium
2917 4772 3093 4825 locum
3137 4782 3388 4841 receptus
3421 4782 3537 4837 est,
3572 4771 3662 4825 ttbi

2084 4870 2440 4915 occurrerunt
2488 4862 2587 4931 ipsi
2634 4878 2826 4920 omnes
2895 4863 2986 4932 qui
3044 4873 3310 4918 vocantur
3366 4862 3660 4933 Bapltaitn,

2084 4949 2201 5004 sive
2268 4952 2558 5021 gigantes:
2597 4954 2651 5009 hi
2702 4956 2867 5010 etiam
2917 4956 3153 5011 virtutes
3220 4956 3467 5024 quaedam
3532 4963 3660 5008 sunt

2082 5058 2239 5110 quae,
2269 5053 2327 5097 ιιι
2351 5047 2574 5101 credere
2605 5056 2728 5113 est,
2761 5049 2883 5104 aliis
2906 5051 3188 5120 gentibus,
3219 5059 3369 5104 certo
3400 5047 3662 5115 temporis

2082 5133 2264 5200 spatio
2294 5148 2401 5187 non
2432 5145 2579 5190 recte
2619 5137 2973 5207 praefuerant.
3007 5138 3145 5193 Num
3191 5139 3354 5210 igitur
3388 5137 3477 5190 hic
3519 5136 3657 5206 ipse,

2081 5226 2211 5279 olim
2265 5224 2559 5298 Babylonis
2620 5232 2873 5301 princeps
2930 5242 3132 5286 terram
3171 5234 3343 5299 isuam
3395 5228 3659 5296 corrupit,

2082 5315 2224 5371 Deus
2257 5332 2427 5387 penes
2452 5320 2576 5376 illos
2605 5324 2832 5393 populos
2860 5326 3231 5388 existimatus,
3261 5332 3424 5388 atque
3453 5321 3528 5375 ita
3562 5334 3660 5387 po.

2080 5408 2262 5477 pulum
2284 5425 2440 5466 suum
2456 5414 2677 5481 occidit,
2700 5430 2765 5471 ac
2788 5416 2928 5472 ﬁlios
2942 5432 3070 5471 suos
3088 5416 3204 5470 neci
3226 5412 3479 5479 tradidit;
3498 5424 3659 5481 atque

2082 5503 2133 5557 itt
2164 5506 2462 5574 perniciem
2494 5510 2712 5565 subdito
2747 5511 2847 5565 sibi
2878 5510 3076 5582 popqu
3105 5510 3223 5575 fuit,
3255 5507 3381 5578 quia
3421 5507 3491 5562 ab
3525 5506 3657 5577 ipsis

2080 5602 2137 5647 ut
2160 5592 2302 5648 Deus
2324 5595 2540 5651 habitus
2571 5599 2791 5653 fuerat?
2819 5601 2971 5667 Quod
2993 5601 3035 5654 si
3074 5600 3188 5654 haec
3211 5599 3282 5654 ita
3310 5614 3369 5655 se
3392 5598 3655 5660 habeant,

2080 5694 2250 5739 restat
2276 5697 2331 5741 ut
2370 5698 2539 5743 totam
2577 5692 2878 5761 prophetiae
2901 5694 3244 5754 sententiam,
3278 5708 3399 5762 qua:
3437 5693 3504 5746 de
3546 5691 3650 5744 Ba-

2078 5777 2291 5848 bylonis
2338 5794 2464 5851 rege
2493 5781 2702 5850 prolata
2732 5791 2856 5848 est,
2895 5784 2948 5837 in
2981 5783 3126 5837 illam
3161 5783 3420 5838 virtutem
3447 5784 3619 5837 refers
3652 5814 3653 5817 η

2079 5886 2198 5929 mus
2236 5887 2402 5944 :qute
2459 5874 2585 5946 quia
2642 5874 2734 5932 Dei
2788 5875 3015 5949 gloriam
3060 5877 3201 5949 apud
3239 5879 3341 5936 sibi
3381 5876 3657 5951 subditum
