4118 6438
429 362 537 416 196

1103 353 1370 411 EUSEBII
1410 346 1887 407 CESARIENSIS
1925 345 2003 402 OF

2118 344 2299 402 PARS
2337 342 2424 398 111.
2465 373 2537 388 -
2575 339 2990 400 ΕΧΕΟΕΤΙΟᾹ.

3603 343 3704 398 I96

430 473 688 543 populum
723 462 909 534 nacta,
940 467 1108 524 altum
1145 467 1428 538 sapiebat,
1475 464 1598 534 jure
1644 463 1890 534 arguitur
1929 461 2003 516 Ili-1

2117 458 2228 531 ἔχει
2255 458 2426 512 ταῦτα
2465 457 2660 523 οὕτως,
2703 458 2818 531 ῶρα
2855 459 2952 512 καὶ
2988 457 3166 512 πάντα
3206 457 3297 512 τὸν
3339 458 3439 529 τῆς
3485 473 3703 530 προφη-

430 564 646 634 Scriptu
659 579 730 617 rae
757 561 936 618 verbis
964 578 979 614 :

2108 551 2259 615 τείας
2286 551 2462 620 λόγον,
2493 550 2584 603 τὸν
2611 551 2740 622 περὶ
2771 550 2864 604 τοῦ
2889 549 3149 620 βασιλέως
3182 548 3499 612 Βαϐυλῶνος
3537 566 3705 620 προσ-

429 658 806 730 ενηνεγμένον,
862 658 941 720 είς
978 654 1191 726 ἐκείνην
1229 651 1520 722 ἀναφέρειν
1565 651 1665 722 τὴν
1714 649 1940 720 δύναμιν
1970 666 1983 678 ·
2007 649 2150 719 ἥτις,
2189 647 2391 716 ἐπειδὴ,
2425 644 2560 698 Θεοῦ
2593 645 2752 710 δόξαν
2825 644 2977 718 παρὰ
3030 647 3141 707 τοῖς
3203 642 3524 715 ἀρχομένοις
3567 659 3704 715 κτη-

432 751 639 821 σαμένη
692 750 832 820 μέγα
875 748 1192 818 ἐφρόνησεν,
1236 743 1460 808 εἰκότως
1509 741 1867 811 ἀπελέγχεται
1901 737 2112 792 ὑπὸτοῦ
2153 737 2456 806 φάσκοντος
2483 734 2642 803 λόγου
2666 751 2682 768 ο

504 846 661 899 Vsus.
683 843 864 903 15,“.
891 862 907 892 ι
923 842 1000 895 Τιι
1021 851 1200 894 autem
1222 840 1404 892 dixisti
1429 840 1479 890 in
1500 846 1678 890 mente
1698 847 1805 900 tua,
1825 837 1875 891 it:
1893 850 2008 890 caa—

429 937 537 991 lum
569 935 874 998 ascendam,
895 943 944 987 et
980 948 1142 1002 supra
1168 931 1351 986 stellas
1372 929 1494 983 (εωιί
1526 943 1722 997 ponam
1753 929 2007 982 thronum

431 1042 605 1096 meum
639 1041 654 1079 :
698 1035 752 1078 et
779 1024 970 1079 similis
1004 1038 1100 1076 ero
1131 1022 1450 1086 Altissimo;
1497 1041 1516 1072 ι
1557 1033 1610 1076 et
1639 1032 1834 1075 caetera
1867 1036 2008 1090 quo-

429 1134 531 1187 que
555 1118 681 1171 huic
717 1115 1108 1186 interpretandi
1141 1114 1334 1167 rationi
1368 1110 1680 1181 aptaveris;
1721 1123 2007 1182 postquam

429 1211 482 1264 in
507 1208 667 1262 obvio
695 1223 885 1269 sensu,
919 1223 1038 1275 quae
1070 1207 1122 1259 in
1165 1204 1450 1276 prophetia
1495 1205 1807 1258 indicantur
1835 1203 2010 1259 sensi-

428 1299 521 1354 bili
554 1299 665 1371 regi
699 1297 1079 1368 applicaveris.

527 1481 689 1536 Vnus.
736 1480 946 1544 25,25.
1003 1499 1021 1532 ι
1080 1478 1208 1535 Haec
1241 1478 1372 1533 dicit
1424 1477 1686 1533 Dominus
1740 1475 2005 1538 Sabaoth,

432 1573 898 1638 Quemadmodum
948 1571 1093 1637 dixi,
1147 1573 1218 1625 ita
1259 1571 1411 1626 erit:
1448 1580 1500 1626 et
1550 1569 2007 1639 quemadmodum

429 1664 769 1728 deliberavi,
826 1664 898 1716 ita
950 1662 1187 1717 manebit
1222 1680 1234 1715 :
1267 1673 1326 1715 ut
1377 1662 1594 1731 perdam
1639 1660 1897 1730 Assyrios
1956 1659 2008 1712 in

432 1769 574 1811 terra
605 1773 720 1810 mea
753 1765 808 1810 et
836 1757 885 1810 in
917 1755 1191 1811 montibus
1226 1756 1382 1812 meis.
1422 1755 1487 1809 Et
1518 1765 1681 1809 erunt
1711 1755 1762 1808 in
1794 1751 2010 1807 concul-

435 1853 740 1916 calionem,
772 1859 825 1905 et
865 1849 1144 1904 auferetur
1183 1849 1250 1902 ab
1295 1851 1374 1903 eis
1404 1847 1592 1918 jngum
1641 1846 1902 1916 ipsorum,
1955 1857 2010 1900 et

431 1941 600 2010 gloria
630 1954 817 1995 eorum
847 1939 914 1992 ab
943 1937 1184 1993 humeris
1212 1939 1448 2007 ipsorum
1480 1928 1772 1992 auferetur.
1814 1957 1831 1990 ι
1873 1938 2006 1993 Cum

435 2010 588 2097 dicit,
627 2048 646 2082 ι
681 2029 752 2084 Ut
786 2028 1004 2099 perdam
1030 2031 1283 2100 Assyrios
1303 2031 1352 2082 in
1382 2039 1523 2082 terra
1545 2046 1660 2084 mea
1691 2031 1818 2097 etjin
1850 2047 1999 2085 mon-

2189 852 2208 883 ι
2238 833 2308 885 Σὺ
2338 831 2395 884 δὲ
2427 825 2588 894 εἶπας
2619 831 2678 882 ὲν
2706 832 2773 900 τῇ
2811 829 3019 900 διανοίᾳ
3056 846 3150 882 σου
3171 845 3184 858 ·
3223 828 3320 892 Είς
3351 828 3441 881 τὸν
3473 827 3705 900 οὐρανὸν

2111 924 2475 994 ἀναϐήσομαι,
2531 923 2626 976 xui
2669 924 2855 976 ἐπάνω
2907 921 3016 974 τῶν
3069 921 3284 992 ἄστρων
3330 921 3426 975 τοῦ
3469 921 3703 994 ούρανοῦ

2113 1017 2261 1089 θήσω
2301 1017 2392 1068 τὸν
2440 1015 2628 1088 θρόνον
2659 1033 2781 1086 μου,
2823 1015 2917 1068 xui
2949 1014 3142 1085 ἔσομαι
3175 1015 3360 1085 ὅμοιος
3407 1014 3486 1085 τῷ
3543 1015 3702 1083 Ὑψί-

2114 1123 2253 1177 στῳ·
2299 1126 2316 1157 ι
2365 1105 2462 1160 xui
2494 1105 2561 1159 τὰ
2581 1105 2745 1159 λοιπὰ
2776 1106 2832 1158 δὲ
2868 1105 3016 1174 αύτῷ
3042 1106 3374 1177 ὲφαρμόσεις
3395 1106 3471 1177 τῷ
3507 1107 3703 1160 ἀποδο-

2113 1201 2256 1253 θέντι
2295 1200 2457 1271 λόγῳ,
2492 1199 2629 1271 μετά
2677 1199 2772 1253 τοῦ
2812 1200 2907 1254 xui
2947 1196 3024 1269 τῷ
3072 1198 3379 1270 προχείρως
3428 1197 3705 1268 νοουμένῳ

2111 1292 2354 1364 αἰσθητῷ
2389 1291 2598 1362 βασιλεῖ
2633 1290 2701 1345 τὰ
2737 1291 2825 1346 διὰ
2884 1291 2983 1361 τῆς
3017 1290 3354 1362 προφητείας
3402 1288 3704 1360 δηλούμενα

2110 1385 2565 1456 προσαρμόττειν.

2188 1495 2205 1527 ι
2249 1476 2387 1530 Τάδε
2417 1476 2566 1544 λέγει
2599 1475 2806 1546 Κύριος
2838 1473 3090 1527 Σαϐαὼθ·
3127 1475 3223 1528 "Ov
3250 1473 3450 1546 τρόπον
3483 1474 3702 1546 εἴρηκα,

2110 1569 2283 1633 οὕτως
2325 1569 2510 1623 ἔσται’
2565 1568 2662 1622 xui
2721 1568 2779 1621 ὃν
2838 1567 3038 1639 τρόπον
3089 1565 3483 1637 βεϐούλευμαι,
3530 1565 3706 1632 οὕτως

2115 1665 2297 1733 μενεῖ·
2337 1659 2433 1713 τοῦ
2487 1660 2748 1714 ἀπολέσαι
2795 1659 2922 1722 τοὺς
2963 1656 3280 1727 Ἀσσυρίους
3324 1657 3417 1709 ἐπὶ
3466 1656 3566 1728 τῆς
3599 1657 3704 1729 γῆς

2109 1753 2208 1823 τῆς
2243 1753 2402 1823 ἐμῆς,
2441 1751 2538 1804 xui
2560 1751 2653 1803 ἐπὶ
2688 1749 2798 1802 τῶν
2835 1748 3006 1821 ὀρέων
3050 1765 3170 1820 μου.
3214 1747 3324 1800 Καὶ
3363 1747 3575 1801 ἔσονται
3623 1750 3704 1811 εἰς

2111 1844 2507 1914 καταπάτημα,
2541 1842 2634 1896 xui
2658 1840 3088 1912 ἀφαιρεθήσεται
3127 1840 3222 1892 ἀπ’
3259 1839 3437 1893 αύτῶν
3479 1841 3508 1892 6
3541 1837 3703 1906 ζυγὸς

2111 1935 2444 2000 αύτῶν,.καὶ
2489 1935 2549 1988 τὸ
2590 1933 2750 1997 κῦδος
2790 1931 2969 1986 αὐτῶν
3014 1930 3122 1984 ἀπὸ
3159 1930 3268 1984 τῶν
3311 1930 3478 2000 ῶμων
3521 1931 3702 1984 αὐτῶν

2111 2025 2560 2098 ἀφαιρεθήσεται.
2597 2046 2614 2077 ι
2647 2025 2828 2079 Είπών
2860 2040 2923 2093 γε
2953 2023 3079 2095 μὴν,
3109 2042 3127 2075 ι
3179 2022 3469 2075 Ἀπολέσαι
3505 2023 3700 2076 Ἀσσυο

432 2120 573 2173 tibus
628 2121 792 2182 meis,
835 2138 854 2172 ι
899 2119 1054 2172 docet
1093 2118 1516 2190 Babyloniorum
1585 2122 1899 2190 regionem,
1952 2132 2003 2176 et

2111 2118 2259 2188 ρίους
2287 2118 2378 2171 ἐπὶ
2410 2121 2508 2188 τῆς
2535 2120 2638 2189 γῆς
2665 2119 2764 2187 τῆς
2805 2118 2966 2186 ἐμῆς,
3001 2116 3096 2168 xui
3131 2115 3222 2168 ἐπὶ
3248 2114 3355 2166 τῶν
3387 2113 3560 2186 ὀρέων
3589 2115 3701 2168 τῶν

427 2206 542 2274 ejus
570 2217 778 2263 montes
811 2223 913 2261 nou
941 2207 1149 2262 alienos
1182 2209 1282 2262 sibi
1319 2222 1438 2263 esse
1473 2225 1486 2261 :
1531 2227 1655 2264 nam
1679 2251 1695 2276 ,
1731 2229 1751 2262 ι
1785 2212 1998 2268 Domini

425 2309 508 2353 est
536 2310 702 2364 terra,
728 2310 779 2354 et
816 2299 1090 2368 plenitudo
1119 2299 1288 2370 ejus.»
1311 2301 1381 2332 ⁷⁸⁶
1403 2301 1570 2356 Erunt
1596 2318 1747 2372 ergo,
1775 2305 1871 2367 ait,
1898 2305 2002 2360 As-

425 2392 555 2463 syrii
586 2393 636 2446 in
662 2393 1152 2457 c0nculcatiouem,
1178 2393 1382 2447 subditi
1408 2394 1496 2458 iis,
1531 2396 1624 2464 qui
1657 2411 1750 2450 eos
1779 2411 2004 2465 supera-

429 2484 531 2537 turi
557 2495 706 2539 sunt.
760 2485 1056 2539 Auferetur
1113 2495 1292 2539 autem
1341 2484 1568 2554 jngum,
1624 2490 1765 2558 quod
1821 2499 2004 2544 Stante

425 2572 654 2642 imperio
717 2591 840 2640 suo,
893 2576 1125 2631 subditis
1171 2576 1556 2645 imponebant;
1598 2580 1786 2649 jugum
1857 2590 2006 2636 certe

424 2678 590 2733 grave
624 2681 688 2719 ac
713 2666 906 2718 durum
939 2663 1047 2718 illis
1111 2682 1126 2718 :
1175 2674 1228 2718 et
1276 2665 1446 2734 gloria
1501 2667 1616 2721 sive
1665 2669 1830 2721 decus
1875 2667 2004 2722 olim

428 2756 670 2812 humeris
701 2756 940 2824 ipsorum
977 2755 1294 2824 impositum
1323 2795 1338 2819 ,
1382 2754 1678 2813 auferetur.
1728 2758 2004 2825 Quemad-

426 2847 645 2902 modum
699 2848 844 2900 enim
895 2847 959 2900 de
1003 2846 1298 2902 Servatore
1357 2848 1560 2902 dictum
1613 2857 1741 2913 est,
1775 2867 1793 2900 ι
1839 2849 2006 2920 Cujus

425 2939 764 3010 principatus
782 2955 943 3008 super
966 2939 1248 2992 humerum
1267 2939 1380 3009 ejus
1403 2939 1526 3006 7’“;
1556 2959 1574 2992 ι
1606 2941 1686 2995 sic
1699 2952 1754 2996 et
1777 2943 2008 2998 hocloco

428 3028 598 3098 gloria
629 3029 979 3099 Assyriorum
1010 3041 1178 3096 super
1204 3027 1465 3082 humeros
1499 3028 1763 3098 ipsorum,
1807 3032 2011 3087 dicitur

425 3135 600 3174 esse:
655 3136 818 3190 quam
886 3118 1235 3174 auferendam
1293 3135 1413 3176 esse
1472 3135 1652 3176 sermo
1693 3124 2015 3179 intermina-

427 3219 535 3262 ιιιτ.

2109 2211 2279 2281 ὲμῶν,
2323 2229 2342 2261 ι
2367 2209 2627 2271 διδάσκει,
2657 2209 2732 2272 ὼς
2756 2208 2848 2262 xui
2875 2210 2906 2279 ὴ
2944 2207 3302 2262 Βαϐυλωνίων
3338 2205 3510 2278 χώρα,
3541 2207 3609 2261 τά
3643 2224 3702 2260 τε

2109 2305 2195 2355 ἐπ’
2227 2303 2395 2374 αὐτῆς
2427 2303 2526 2375 όρη
2575 2303 2677 2356 οὐκ
2717 2297 2786 2373 ἦν
2830 2300 3086 2371 ἀλλότρια
3129 2297 3326 2352 αὑτοῦ·
3384 2318 3402 2350 r
3439 2298 3546 2352 Τοῦ
3597 2298 3706 2372 γάρ

2107 2396 2312 2467 Κυρίου
2368 2397 2400 2466 ἡ
2441 2397 2512 2466 γῆ
2574 2394 2670 2447 xui
2711 2393 2773 2446 τὸ
2818 2392 3090 2465 πλήρωμα
3164 2391 3352 2460 αὑτῆς.
3393 2410 3410 2442 ι
3450 2392 3705 2444 Ἔσονται

2111 2489 2290 2541 τοίνυν
2310 2489 2358 2540 oi
2403 2487 2710 2560 Ἀσσύριοι,
2743 2486 2931 2555 φησιν,
2970 2487 3050 2548 εἰς
3079 2483 3472 2553 καταπάτημα,
3492 2482 3690 2552 ύποχεί·

2115 2596 2219 2652 ριοι
2252 2579 2533 2649 γενόμενοι
2569 2581 2680 2642 τοῖς
2723 2577 2860 2648 μετά
2905 2576 3079 2630 ταῦτα
3127 2575 3306 2630 αὐτῶν
3339 2576 3701 2645 κρατήσασιν.

2124 2669 2578 2739 Ἀφαιρεθήσεται
2600 2667 2655 2720 δὲ
2683 2670 2776 2721 καὶ
2807 2667 2836 2719 6
2878 2667 3060 2736 ζυγὸς,
3097 2666 3156 2718 ὃν
3189 2667 3275 2718 ὅτε
3297 2667 3556 2734 ἐκράτουν
3592 2666 3702 2726 τοῖς

2113 2761 2204 2814 ὑπ’
2248 2759 2428 2813 αύτῶν
2478 2759 2802 2831 ἀρχομένοις
2851 2761 3132 2830 ὲπήρτων,
3180 2755 3344 2825 ζυγὸν
3394 2753 3562 2825 βαρὺν
3609 2755 3703 2808 xui

2111 2851 2516 2905 δυσϐάστακτον
2543 2849 2949 2922 ἀπαιοιροῦντες
2980 2850 3163 2912 αὐτοῖς
3182 2865 3195 2878 ·
3239 2848 3335 2902 xui
3363 2852 3426 2904 τὸ
3463 2846 3623 2908 κυδος
3648 2845 3704 2899 δὲ

2113 2942 2315 3007 αὐτῶν,
2356 2943 2492 3014 ὅπερ
2524 2941 2730 3012 ἐστὶνὴ
2769 2941 2916 3008 δόξα,
2961 2937 3412 3010 ἀφαιρεθήσεται,
3463 2936 3497 3005 ἠ
3541 2933 3704 2990 πάλαι

2113 3039 2226 3100 τοῖς
2253 3035 2424 3106 ὤμοις
2453 3034 2632 3088 αὐτῶν
2660 3035 3008 3105 ἐπικειμένη.
3065 3033 3153 3096 Ὡς
3185 3031 3294 3102 γὰρ
3328 3031 3420 3082 ἐπὶ
3450 3026 3546 3082 τοῦ
3586 3028 3702 3081 Σω-

2116 3128 2280 3196 τῆρος
2305 3125 2574 3189 λέλεκται,
2616 3145 2634 3176 ‹
2667 3117 2742 3178 Ού
2773 3127 2806 3195 ἡ
2835 3125 2976 3195 ἀρχὴ
3009 3124 3101 3176 ἐπὶ
3130 3121 3226 3174 τοῦ
3269 3119 3419 3191 ὥμου
3453 3117 3640 3182 αὐτοῦ,
3679 3137 3699 3169 ι

2117 3215 2291 3279 οὕτως
2341 3216 2577 3269 ἐνταῦθα
2621 3215 2686 3269 τὸ
2730 3214 2888 3279 κῦδος
2939 3214 3046 3268 τῶν
3103 3211 3400 3283 Ἀσσυρίων
3458 3211 3552 3265 ἐπὶ
3596 3209 3704 3263 τῶν

429 3294 594 3368 ὤμων
629 3299 808 3354 αὐτῶν
839 3300 1074 3372 εἴρηται·
1115 3303 1250 3373 ὅπερ
1266 3300 1732 3372 ἀφαιρεθήσεσθαι
1767 3303 1948 3358 αὐτῶν
1987 3307 2016 3360 ὁ
2047 3305 2207 3376 λόγος
2234 3307 2466 3361 ἀπειλεῖ.

496 3388 772 3452 Vaas.26,
803 3391 895 3447 27.
935 3409 952 3441 ι
991 3391 1102 3445 Hoc
1130 3391 1516 3444 estconsilium
1554 3392 1694 3458 quod
1732 3393 1875 3460 cepit
1903 3393 2003 3447 Do-

2193 3413 2213 3446 r
2241 3394 2389 3467 Αὕτη
2421 3399 2454 3466 ἡ
2481 3395 2642 3467 βουλὴ
2683 3396 2750 3468 ἥν
2783 3394 3128 3466 βεϐούλευται
3179 3393 3384 3465 Κύριος
3428 3391 3522 3445 ἐπὶ
3576 3391 3704 3462 ὅλην

426 3479 611 3534 minus
653 3497 816 3551 super
845 3497 1063 3536 omnem
1095 3492 1294 3537 terram
1324 3501 1338 3536 :
1367 3493 1422 3537 et
1452 3483 1569 3536 huic
1595 3493 1678 3536 est
1702 3498 1894 3537 manus
1911 3500 2009 3538 ex-

425 3570 567 3625 celsa
609 3586 770 3640 super
795 3586 983 3626 omnes
1009 3583 1216 3643 gentes.
1258 3573 1388 3638 Qua:
1419 3573 1562 3626 enim
1612 3573 1752 3628 Deus
1792 3583 2011 3630 sanctus

425 3663 700 3726 decrevit,
734 3665 853 3733 quis
888 3664 1214 3736 dissipabit?
1255 3665 1318 3719 Et
1347 3680 1563 3719 manum
1589 3664 1706 3735 ejus
1737 3667 2008 3722 excelsam

425 3757 548 3824 quis
579 3758 830 3811 avertet?
862 3778 880 3808 ι
918 3757 972 3811 ld
999 3767 1107 3821 est,
1148 3757 1306 3826 quale
1329 3755 1594 3824 judicium
1621 3757 1687 3812 de
1712 3757 2005 3828 Babylone,

423 3852 575 3903 etde
604 3849 719 3918 ejus
749 3850 1145 3904 habitatoribus
1171 3849 1337 3902 latum
1395 3858 1519 3911 est,
1571 3846 1677 3902 tale
1734 3849 1896 3902 etiam
1943 3849 2008 3902 de

424 3941 556 3996 viris
589 3943 839 3996 omnibus
866 3942 1040 3995 atheis
1069 3951 1122 3996 et
1160 3941 1374 4010 impiis,
1405 3941 1496 4010 qui
1533 3940 1717 3993 orbem
1757 3941 2008 3996 obtinue-

426 4040 590 4095 runt,
621 4029 850 4085 feretur.
898 4029 1030 4084 Nam
1078 4031 1377 4084 secundum
1422 4030 1700 4100 a‘quitatis
1743 4030 2004 4084 rationem

425 4123 576 4192 paria
609 4123 900 4192 patientur,
930 4121 1019 4189 qui
1052 4121 1104 4174 in
1139 4120 1342 4174 similes
1373 4121 1678 4189 impietates
1726 4119 1858 4190 lapsi
1891 4118 2006 4174 fue-

425 4217 555 4268 rint.
602 4213 702 4268 Ubi
735 4211 1200 4278 subintelligamus
1233 4219 1481 4280 oportet,
1513 4220 1703 4280 gentes
1731 4211 1910 4264 atheis
1941 4219 1997 4264 et

424 4307 602 4374 impiis
629 4305 939 4360 hominibus
980 4304 1206 4358 refertas
1236 4323 1249 4357 :
1283 4317 1389 4357 non
1417 4303 1562 4357 enim
1595 4303 1709 4357 haec
1737 4303 1857 4357 sine
1891 4302 1998 4357 ullo

422 4392 756 4460 discrimine,
789 4393 854 4446 de
885 4393 989 4461 piis
1021 4402 1074 4444 et
1109 4392 1217 4446 Deo
1246 4393 1477 4446 addictis
1504 4393 1660 4457 viris,
1687 4393 2002 4462 accipienda

424 4491 568 4536 sunt.
597 4483 716 4548 Quo
748 4484 913 4553 igitur
953 4483 1112 4536 modo
1141 4497 1299 4536 orsus
1321 4492 1437 4546 est,
1475 4484 1666 4538 eodem
1721 4490 1775 4536 et
1821 4483 2001 4550 desiit,

427 4573 730 4629 universale
751 4574 841 4628 Dei
879 4574 945 4628 de
966 4573 1216 4627 omnibus
1243 4572 1524 4629 ferendum
1544 4577 1808 4646 judicium
1847 4592 1999 4632 com—

426 4679 738 4719 memorans
764 4707 779 4732 ,
810 4673 868 4719 ut
915 4680 1103 4720 omnes
1142 4669 1232 4737 qui
1264 4666 1605 4740 Scripturam
1637 4669 1899 4741 legerint,
1933 4672 1998 4725 ad

423 4756 830 4808 conversionem
867 4756 1084 4812 invitet.

496 4934 781 5002 Veas.28,
813 4938 884 4993 29
964 4955 980 4990 ι
1026 4938 1079 4993 lu
1129 4954 1272 4994 anno
1317 4955 1424 5010 quo
1474 4950 1720 4996 mortuus
1769 4949 1851 4995 est
1909 4956 2004 4994 rex

420 5028 603 5081 Achaz
626 5067 642 5093 ,
665 5026 866 5082 factum
894 5038 977 5084 est
1003 5029 1221 5085 verbum
1255 5031 1396 5085 istud
1419 5048 1432 5083 :
1465 5030 1540 5086 Ne
1570 5032 1844 5097 lzetemini,
1870 5031 2001 5085 abie-

422 5118 634 5186 nigenae
661 5133 871 5183 omnes,
899 5121 1192 5175 contritum
1243 5131 1330 5176 est
1379 5123 1525 5176 enim
1570 5121 1763 5193 jugnm
1806 5139 2002 5190 percu-

425 5209 606 5262 tientis
628 5225 722 5264 vos
755 5226 770 5264 :
808 5226 930 5264 nam
964 5226 1028 5264 ex
1059 5212 1266 5266 semine
1317 5222 1634 5281 serpentum
1691 5214 2003 5284 egredietur

423 5300 600 5368 proles
625 5303 844 5368 aspidis,
875 5313 928 5356 et
960 5303 1051 5357 lilii
1082 5318 1272 5357 eorum
1317 5304 1668 5370 egredientur
1719 5315 2002 5369 serpentes

423 5390 687 5444 volantes.
732 5409 749 5443 ι
797 5390 996 5446 [uetari
1030 5393 1184 5446 vobis
1220 5393 1457 5445 nomium
1487 5394 1856 5461 permittitur,
1897 5395 1999 5449 etsi

425 5491 637 5535 mortuo
667 5498 792 5552 rege
817 5484 1022 5552 impio,
1072 5485 1138 5540 de
1185 5500 1296 5555 quo
1344 5482 1474 5536 olim
1525 5483 1864 5554 gaudebatis,
1912 5487 2002 5554 pio

427 5581 606 5626 autem
659 5573 778 5627 viro
825 5575 1110 5644 imperium
1157 5576 1508 5644 suscipiente,
1548 5578 1686 5634 utin
1719 5577 2002 5647 Paralipo-

428 5677 618 5717 menon
645 5662 683 5715 ll
710 5665 845 5717 libro
880 5666 946 5722 de
973 5666 1203 5726 Ezecltia
1227 5666 1540 5722 declaratur
1562 5707 1579 5733 ,
1625 5680 1680 5724 et
1709 5668 1761 5722 in
1801 5680 2000 5738 quarto

425 5747 752 5817 Regnorum.
782 5752 1244 5818 Quemadmodum
1278 5756 1420 5810 enim
1453 5757 1552 5812 sub
1581 5757 1748 5830 impio
1789 5758 1970 5814 Achaz

493 5867 556 5900 “'
598 5863 745 5921 Psal.
767 5882 918 5935 χχιιι,
953 5869 1004 5924 ι.
1077 5871 1167 5903 ’⁸⁸⁸
1198 5871 1320 5927 Isai.
1353 5885 1438 5941 Ix,
1469 5871 1537 5944 6.!

2113 3488 2212 3560 τὴν
2238 3489 2583 3560 οἰκουμένην,
2619 3490 2715 3542 καὶ
2735 3486 2874 3560 αὕτη
2905 3491 2938 3560 ὴ
2964 3487 3086 3559 χεὶρ
3118 3487 3152 3557 ἡ
3187 3486 3365 3556 ὑψηλὴ
3399 3484 3492 3536 ἐπὶ
3529 3483 3703 3537 πάντα

2110 3580 2182 3634 τά
2213 3579 2362 3651 ἔθνη.
2406 3584 2473 3632 Ἃ
2523 3582 2633 3653 γὰρ
2678 3581 2708 3634 6
2749 3580 2881 3644 Θεὸς
2927 3581 2955 3632 ό
2999 3579 3153 3647 ἀγιος
3199 3576 3572 3648 βεϐούλευται,
3622 3575 3703 3638 τίς

2109 3668 2488 3732 διασκεδάσει;
2533 3670 2630 3723 xui
2661 3673 2761 3741 τὴν
2800 3672 2960 3741 χεῖρα
3007 3667 3174 3721 αύτοῦ
3225 3668 3324 3739 τὴν
3368 3665 3579 3737 ὑψηλὴν
3621 3664 3701 3727 τίς

2110 3759 2478 3830 ἀποστρέψει;
2525 3778 2544 3810 ι
2586 3761 2658 3812 Ἦ
2703 3759 2800 3814 xui
2823 3761 2904 3812 ὅτι
2933 3758 3092 3811 ὁποία
3123 3757 3471 3828 ἐξενήνεκται
3523 3755 3698 3826 κρίσις

2110 3850 2239 3920 περὶ
2284 3852 2384 3920 τῆς
2433 3848 2773 3913 Βαϐυλῶνος,
2828 3848 2922 3902 xui
2964 3849 3073 3902 τῶν
3117 3847 3324 3916 ταύτης
3377 3847 3697 3917 οίκητόρων,

2107 3940 2327 4012 τοιαύτη
2349 3958 2434 4004 τις
2463 3940 2619 3994 ἔσται
2659 3939 2756 3993 καὶ
2782 3942 2816 4011 ἡ
2856 3939 2984 4011 περὶ
3007 3939 3225 3994 πάντων
3255 3937 3364 3991 τῶν
3393 3939 3492 4007 τῆς
3527 3937 3702 3988 οἰκου-

2112 4033 2279 4104 μένης
2309 4031 2700 4104 κρατησάντων
2723 4031 2898 4085 ἀθέων
2919 4032 3014 4085 xui
3034 4030 3250 4084 ἀσεϐῶν
3289 4027 3502 4098 ἀνδρῶν
3521 4044 3534 4057 ·
3563 4026 3704 4080 κατά

2107 4123 2216 4194 γάρ
2244 4122 2332 4175 τὸν
2359 4121 2454 4174 τού
2474 4122 2680 4175 δικαίου
2725 4120 2882 4189 λόγον
2915 4121 3195 4193 παρόμοια
3229 4120 3516 4172 πείσονται
3555 4119 3604 4170 οἱ
3633 4116 3706 4171 τά

2108 4214 2269 4283 ὅμοια
2313 4212 2781 4283 δυσσεϐήσαντες·
2819 4209 3324 4282 προσεπινοούντων
3361 4210 3518 4281 ήμῶν
3547 4207 3698 4277 ἔθνη⁹

2105 4305 2172 4357 τὰ
2205 4293 2312 4357 τῶν
2334 4302 2511 4356 ἀθέων
2535 4303 2631 4356 xui
2660 4301 2874 4355 ἀσεϐῶν
2915 4301 3155 4373 ἀνδρῶν·
3210 4301 3270 4354 ού
3310 4300 3417 4371 γὰρ
3463 4299 3703 4370 ἀκρίτως

2103 4394 2276 4448 ταῦτα
2317 4393 2459 4447 κατά
2487 4392 2594 4447 τῶν
2624 4391 2864 4446 εύσεϐῶν
2905 4392 2999 4444 xui
3050 4391 3159 4445 τῶν
3199 4391 3277 4462 τῷ
3321 4391 3440 4461 Θεῷ
3479 4392 3700 4444 ἀνακει-

2109 4485 2284 4556 μένων
2329 4482 2648 4554 ὲκδέχεσθαι
2695 4484 2992 4554 προσήκει.
3068 4483 3283 4554 Ὠσπερ
3343 4478 3436 4536 οὖν
3474 4481 3699 4553 ἤρξατο,
3798 4528 3802 4532 .

2102 4577 2290 4630 τοῦτον
2321 4577 2415 4630 xui
2448 4575 2760 4629 συνετέλεσε
2791 4574 2884 4627 τὸν
2923 4574 3124 4646 τρόπον
3158 4575 3260 4644 τῆς
3299 4575 3441 4629 κατά
3483 4573 3702 4627 πάντων

2103 4666 2399 4737 καθολικῆς
2446 4665 2540 4718 τοῦ
2579 4663 2715 4717 Θεοῦ
2767 4664 3002 4736 κρίσεως
3045 4663 3361 4733 ἀναγκαίως
3397 4663 3702 4735 μνημονεύ-

2035 4750 2079 4804 Ῐ)
2110 4777 2235 4823 σας’
2263 4758 2401 4812 ὥστε
2436 4756 2761 4830 ἐπιστρέψαι
2792 4755 3001 4820 πάντας
3023 4757 3150 4820 τοὺς
3174 4755 3600 4827 ἐντυγχάνοντας
3631 4757 3698 4826 τῇ

2190 4869 2324 4905 αφη.

2190 4869 2225 4904 α
2311 4893 2324 4905 .

2109 4852 2200 4995 Γρ(
2230 4853 2353 4996 (ξιῇοῦ
2390 4941 2541 5004 ἔτους
2579 4933 2640 4995 οὗ
2687 4940 2954 4994 ἀπέθανεν
2983 4942 3012 4994 6
3041 4939 3294 5011 βασιλεὺς
3344 4937 3532 5010 ’Δχάζ,
3577 4939 3702 5007 ἐγε-

2107 5037 2246 5108 νήθη
2272 5035 2334 5113 τζι
2360 5035 2512 5106 ῥῆμα
2538 5034 2724 5088 τοῦτο’
2753 5034 2847 5107 Μὴ
2869 5033 3286 5104 εύφρανθείητε,
3329 5034 3380 5086 oi
3407 5032 3699 5102 ἀλλόφυλοι

2108 5130 2336 5192 πάντες·
2372 5127 2662 5199 συνετρίϐη
2692 5129 2802 5199 γὰρ
2834 5129 2863 5182 ὁ
2896 5127 3062 5196 ζυγὸς
3105 5127 3198 5180 τοῦ
3242 5126 3495 5191 πταίοντος
3530 5127 3694 5198 ὑμᾶς.

2109 5223 2174 5275 ὲκ
2204 5219 2312 5291 γάρ
2350 5219 2662 5291 σπέρματος
2696 5219 2872 5289 ὄφεων
2909 5218 3252 5284 ἐξελεύσεται
3289 5219 3488 5288 ἔγγονα
3535 5219 3700 5288 ἀσπί-

2107 5311 2234 5374 δων,
2261 5311 2354 5365 καὶ
2375 5310 2443 5364 τὰ
2470 5310 2669 5380 ἔγγονα
2708 5310 2888 5364 αὐτῶν
2926 5309 3298 5377 ἐξελεύσονται
3350 5310 3502 5378 ὄφεις
3537 5310 3697 5363 πετό-

2109 5420 2280 5475 μενοι.
2319 5421 2336 5454 ι
2367 5403 2564 5456 Οὐκέτι
2603 5402 2824 5473 ἀφίεται
2857 5402 2986 5472 ὑμῖν
3028 5401 3436 5473 εὐφραίνεσθαι,
3463 5402 3696 5456 ιάποθα-

2106 5495 2287 5559 νόντος
2338 5495 2436 5566 μὲν
2467 5493 2562 5548 τοῦ
2610 5493 2841 5558 ἀσεϐοῦς
2892 5492 3154 5565 βασιλέως
3200 5495 3285 5564 ἐφ’
3335 5488 3380 5562 ᾧ
3422 5495 3483 5548 τὸ
3528 5494 3696 5548 πάλαι

2107 5587 2361 5660 ἐχάρητε,
2394 5586 2677 5649 θεοσεϐοῦς
2705 5587 2762 5640 δὲ
2800 5585 2993 5658 ἀνδρὸς
3035 5586 3132 5658 τὴν
3170 5587 3346 5660 ἀρχὴν
3379 5587 3697 5657 διαδεξαμέ-

2107 5693 2226 5732 νου⁹
2271 5678 2346 5742 ὼς
2396 5679 2455 5730 ὲν
2496 5680 2562 5748 τῇ
2609 5677 2841 5749 δευτέρᾳ⁵
2893 5677 3004 5732 τῶν
3072 5679 3566 5750 Παραλειπομένων
3614 5678 3694 5749 τῷ

2119 5767 2333 5840 Ἐζεκίᾳ
2363 5765 2805 5840 μεμαρτύρηται,
2838 5768 2931 5822 καὶ
2959 5771 3016 5825 ὲν
3050 5773 3117 5842 τῇ
3141 5770 3380 5852 τετάρτῃ
3398 5770 3506 5829 τῶν
3528 5759 3692 5826 Buce-
