4118 6388
368 333 469 395 ίεΠ

1319 330 1822 388 COMMENTARIA
1862 330 1927 385 IN
1968 329 2226 387 ISAIAM.
2272 357 2336 370 -
2371 327 2524 386 CAP.
2569 327 2709 384 XIV.

3536 335 3640 390 198

366 461 547 516 λειῶν.
578 460 790 535 ’Ὠσπερ
812 456 921 530 γὰρ
946 458 1038 511 ἐπὶ
1066 456 1164 511 τοῦ
1198 444 1429 518 ἀσεϐοῦς
1467 455 1652 526 Ἀχὰζ,
1696 455 1844 518 είκὸς
1881 449 1951 526 ἦν

2085 451 2348 522 dlophylis
2395 449 2660 520 gaudendi
2709 457 2764 503 et
2815 448 3027 504 lmtandi
3077 464 3240 505 causa
3289 449 3512 512 aderat,
3565 453 3638 506 ita

370 556 580 626 χαίρειν
612 553 705 606 καί¹
754 549 1142 621 εὐφραίνεσθαι
1196 549 1325 612 τοὺς
1375 547 1727 617 ἀλλοφύλους,
1780 546 1954 610 οὑτως

375 649 467 700 ἐπὶ
512 645 605 698 τοῦ
655 643 866 698 δικαίου
915 642 1105 714 ἀνδρὸς
1156 641 1251 695 τοῦ
1308 641 1572 707 Ἐζεκίου,
1615 641 1954 713 εὐκαίρωςὴ

377 736 680 807 προφητεία
731 733 1123 805 ἀποτεινομένη
1187 734 1323 806 πρὸς
1397 733 1596 798 αὐτούς
1661 751 1815 803 φησιο
1864 731 1956 804 Μὴ

376 828 787 900 εὐφρανθείητε,
823 827 1142 897 ἀλλόφυλοιο
1176 826 1343 880 πάλαι
1377 827 1472 898 μὲν
1507 826 1618 897 γὰρ
1647 829 1727 880 ἐτι
1754 825 1958 890 ζῶντος

374 920 467 974 τοῦ
506 920 695 990 Ἃχάζ,
721 919 904 972 καὶτὰ
934 918 1105 990 ἐχθρά
1135 919 1213 989 τῷ
1251 919 1370 990 Θεῷ
1417 919 1770 989 πράττοντος,
1812 918 1960 982 εἰκὸς

375 1008 442 1083 ἦν
468 1013 611 1084 ὑμᾶς
629 1009 1032 1081 εὐφραίνεσθαι,
1056 1009 1241 1080 ἐπειδὴ
1267 1011 1647 1080 συνετέτριπτο
1665 1009 1757 1063 τοῦ
1797 1009 1962 1078 Ἀχὰζ

377 1106 405 1156 δ
436 1103 622 1171 ζυγὸς,
668 1103 742 1163 ὡς
785 1101 859 1172 μὴ
907 1101 1168 1154 δύνασθαι
1208 1102 1370 1154 αὑτὸν
1421 1101 1742 1154 ὑποτάττειν
1794 1101 1959 1170 ὑμᾶς,

383 1196 517 1266 μηδὲ
555 1197 645 1248 τὸν
688 1196 787 1265 τῆς
815 1195 989 1266 ἀρχῆς
1032 1194 1196 1248 αὐτοῦ
1252 1195 1414 1262 ζυγὸν
1465 1195 1763 1248 ἐπιτιθέναι
1797 1195 1960 1264 ὑμῖν·

379 1290 565 1360 διόπερ
587 1287 916 1360 ἐπληθύνετο
935 1289 1003 1341 τὰ
1028 1287 1175 1342 κακά
1197 1289 1289 1342 καὶ
1315 1288 1503 1360 ὥσπερ
1527 1287 1752 1359 μηδενὸς
1780 1287 1966 1340 παίον-

381 1398 490 1444 τος,
519 1380 872 1452 ήέρπυστική
899 1397 957 1432 τε
985 1382 1078 1432 καὶ
1111 1378 1313 1442 ἰοϐόλος
1360 1379 1469 1432 τῶν
1511 1376 1763 1450 πονηρῶν
1806 1394 1966 1430 πνευ-

387 1473 570 1542 μάτων
621 1471 847 1541 δύναμις
899 1470 1261 1540 ἐπληθύνετο·
1305 1470 1424 1524 νυνὶ
1460 1469 1517 1522 δὲ
1558 1453 1654 1540 τήν
1689 1468 1965 1538 βασιλείαν

383 1565 765 1635 διαδεξαμένου
793 1563 982 1634 ἀνδρὸς
1007 1562 1314 1627 θεοσεϐοῦς,
1347 1563 1528 1616 οὐκέτι
1558 1561 1778 1632 χαίρετε
1808 1562 1882 1625 ὡς
1908 1563 1967 1615 τὸ

385 1656 544 1728 πρίν·
585 1655 854 1726 ἐφέστηκε
893 1654 1001 1724 γὰρ
1029 1654 1156 1724 ὑμῖν
1192 1655 1220 1707 ὁ
1244 1654 1418 1707 παίων
1457 1655 1550 1707 καὶ
1591 1653 1832 1713 τύπτων,
1875 1653 1970 1706 καὶ

386 1747 732 1818 σωφρονίζων
781 1748 944 1817 ὑμᾶς.
999 1745 1334 1816 Ἐπληροῦτο
1374 1747 1430 1800 δὲ
1471 1748 1564 1800 καί¹
1606 1745 1782 1799 ταῦτα
1830 1746 1967 1817 πρὸς

384 1839 526 1903 λέξιν
570 1840 663 1891 ἐπὶ
706 1837 800 1891 τοῦ
846 1835 1108 1902 Ἐζεκίου,
1144 1838 1271 1908 περὶ
1306 1830 1368 1891 οὑ
1414 1836 1629 1907 εἴρηται
1663 1837 1722 1890 ἐν
1769 1839 1833 1908 τῇ
1878 1854 1968 1889 τε-

384 1931 557 2003 τάρτῃ
584 1929 692 1982 τῶν
722 1927 1047 1981 Βασιλειῶν·
1095 1947 1113 1979 ι
1152 1928 1324 1991 Αὐτὸς
1366 1927 1606 1992 ἐπάταξε
1644 1929 1771 1990 τοὺς
1813 1927 1970 1980 ἀλλο-

283 2065 290 2072 .
385 2020 585 2083 Φύλους
607 2020 712 2083 ’ἐως
744 2017 944 2090 Γάζης,
979 2018 1073 2072 καὶ
1104 2019 1209 2082 ἓως
1238 2018 1403 2089 ὁρίων
1426 2019 1596 2088 αὐτῆς
1620 2019 1728 2072 ἀπὸ
1761 2018 1970 2090 πύργου

388 2111 772 2180 φυλασσόντων
795 2111 900 2175 ἕως
933 2111 1138 2174 πόλεως
1166 2111 1391 2181 ὀχυρᾶς.
1423 2129 1442 2162 ι
1473 2110 1583 2162 Καὶ
1613 2109 1816 2180 ταύτην
1843 2111 1886 2162 δ’
1908 2109 1974 2163 ἂν

391 2203 544 2273 σχοίη
575 2201 672 2273 τὴν
700 2202 938 2256 διάνοιαν
965 2201 1026 2254 τὸ
1058 2201 1366 2272 εἰρημένον,
1395 2219 1412 2250 ί
1442 2201 1534 2271 Μὴ
1561 2201 1973 2272 εὐφρανθείητε,

390 2294 700 2362 ἀλλόφυλοι,
739 2313 758 2344 ι
798 2294 939 2364 μέγα
968 2293 1293 2363 φρονοῦντες
1321 2293 1413 2344 ἐπὶ
1447 2295 1560 2356 τοῖς
1601 2293 1976 2363 νομιζομένοις

393 2385 523 2456 ὑμῖν
554 2386 714 2449 θεοῖς,
755 2385 834 2456 τῷ
882 2385 1094 2455 μηδένα
1129 2381 1272 2438 εἶναι
1327 2383 1418 2437 τὸν
1446 2383 1800 2454 συντρίϐοντα
1833 2385 1977 2455 ὑμᾶς

393 2478 481 2531 διὰ
503 2492 602 2549 την
629 2476 722 2530 τοῦ
751 2477 1018 2548 παρόντος
1061 2476 1252 2548 καιροῦ
1291 2476 1609 2548 μοχθηρίαν.
1645 2478 1708 2530 Εἰ
1735 2477 1844 2548 γὰρ
1883 2478 1978 2530 καὶ

393 2568 462 2621 τὰ
496 2568 732 2637 μάλιστα
777 2567 1061 2639 συνετρίϐη
1104 2569 1131 2620 ὁ
1163 2567 1326 2636 ζυγὸς
1371 2567 1466 2621 τοῦ
1513 2567 1766 2632 παίοντος
1811 2570 1977 2640 ὑμᾶς,

391 2661 506 2714 ἀλλ’
529 2661 592 2714 οὐ
629 2662 768 2733 πρὸς
797 2662 951 2732 ὑμῶν
992 2661 1208 2729 ἐγένετο
1246 2660 1441 2722 ταῦτα,
1487 2661 1580 2715 ἐπὶ
1621 2661 1776 2732 κακῷ
1815 2662 1869 2716 δὲ
1902 2663 1980 2733 τῷ

395 2751 660 2823 ὑμετέρῳ.
701 2751 945 2822 Μηδενὸς
975 2751 1084 2823 γὰρ
1111 2753 1256 2822 ὑμᾶς
1296 2751 1568 2815 παίοντος,
1617 2752 1751 2824 μηδὲ
1786 2770 1979 2806 ταπει-

395 2843 632 2907 νοῦντος,
671 2843 804 2914 μηδὲ
835 2843 1276 2914 ἐπιστρέφοντος,
1319 2842 1487 2913 πολλή
1520 2859 1605 2906 τις
1635 2845 1693 2895 ἐν
1731 2844 1859 2914 ὑμῖν
1886 2843 1981 2912 γέ-

395 2954 550 3004 γονεν
575 2936 830 3008 ἐπιτριεὴ
861 2935 1069 2993 κακῶν.
1116 2937 1176 2988 Oi
1221 2937 1329 3006 γὰρ
1379 2935 1545 2988 παλαι
1603 2935 1779 3004 ὄφεων
1823 2935 1982 3006 δίκην

395 3031 514 3092 ταῖς
559 3028 854 3100 ὑμετέραις
897 3027 1098 3099 ψυχαῖς
1157 3026 1590 3098 ἐμφωλεύοντες,
1646 3025 1702 3079 ἔν
1761 3044 1820 3079 τε
1867 3030 1983 3091 τοῖς

2057 544 2155 597 sub
2181 541 2327 610 justo
2358 541 2476 594 viro
2506 540 2736 594 Ezechia
2763 579 2778 605 ,
2823 551 3122 610 opportune
3167 539 3451 610 Scriptura
3492 541 3640 610 ipsos

2060 634 2340 702 alloquens
2401 633 2506 696 ait,
2581 632 2658 686 Ne
2733 632 3021 696 laetemini,
3084 631 3398 700 alienigena:
3448 649 3462 685 :
3507 631 3636 685 olim

2058 726 2258 795 quippe
2287 725 2506 778 Achazo
2541 724 2853 791 superstite,
2891 739 2954 778 ac
3000 737 3190 792 perosa
3237 722 3349 776 Deo
3401 721 3638 777 facinora

2060 819 2274 882 edente,
2305 831 2470 870 causa
2498 816 2652 870 vobis
2679 817 2939 883 gaudendi
2979 826 3131 880 erat,
3171 816 3293 884 quia
3343 815 3636 870 contritmu

2060 917 2178 961 erat
2211 905 2656 976 Achazijugum;
2691 907 2762 959 ita
2809 917 2867 960 ut
2918 922 3022 960 non
3079 916 3260 974 posset
3315 922 3414 960 vos
3472 905 3642 970 subji-

2063 1013 2223 1062 cere,
2271 1010 2444 1065 neque
2498 995 2707 1063 imperii
2758 997 2840 1048 sui
2882 994 3070 1064 jugum
3127 995 3280 1048 vobis
3308 995 3585 1063 imponere
3625 1010 3640 1049 :

2063 1099 2397 1158 quapropter
2422 1087 2922 1156 multiplicabantur
2957 1086 3093 1140 mala
3118 1126 3133 1148 ,
3165 1101 3228 1141 ac
3249 1127 3264 1149 ,
3315 1095 3501 1154 utpote
3554 1100 3646 1139 ne-

2067 1181 2212 1234 mine
2245 1181 2613 1250 percutiente,
2646 1177 2916 1246 reptilium
2954 1187 3007 1230 et
3055 1186 3443 1231 venenatorum
3479 1176 3646 1245 spiri-

2070 1280 2219 1324 tuum
2257 1270 2615 1340 malignorum
2666 1270 2748 1323 vis
2795 1269 3112 1338 augehatur.
3161 1266 3278 1321 Jam
3334 1283 3463 1322 vero
3494 1277 3644 1337 post-

2068 1375 2231 1428 quam
2277 1360 2361 1412 vir
2413 1358 2701 1428 religiosus
2749 1373 2972 1427 regnum
3017 1362 3269 1427 excepit,
3303 1374 3369 1412 ne
3417 1358 3648 1428 amplius

2068 1453 2323 1506 laetemini
2358 1461 2414 1505 ut
2447 1461 2606 1504 antea
2644 1468 2658 1503 :
2693 1450 2859 1502 instat
2877 1449 3020 1503 enim
3053 1449 3206 1504 vobis
3252 1451 3344 1518 qui
3380 1451 3649 1519 percutiat

2069 1557 2123 1599 et
2159 1547 2447 1604 verberet,
2497 1555 2702 1611 vosque
2751 1541 2818 1595 ad
2865 1555 3054 1594 sanam
3118 1549 3352 1594 mentem
3404 1542 3647 1596 reducat.

2071 1634 2196 1689 Haec
2221 1649 2381 1704 porro
2413 1635 2478 1687 ad
2509 1633 2742 1688 litteram
2783 1634 3048 1702 completa
3090 1642 3218 1686 sunt
3260 1634 3363 1687 sub
3393 1631 3647 1698 Ezechia,

2072 1728 2138 1782 de
2171 1743 2278 1796 quo
2299 1728 2500 1782 dictum
2523 1738 2607 1781 est
2635 1727 2688 1780 in
2722 1727 2860 1780 libro
2888 1737 3081 1794 quarto
3106 1725 3443 1794 Regnorum,
3475 1743 3494 1775 ι
3525 1723 3646 1793 Ipse

2075 1819 2337 1888 percussit
2379 1817 2678 1887 allophylos
2701 1817 2888 1886 jusque
2921 1817 2986 1869 ad
3037 1814 3263 1880 Gazam,
3296 1822 3350 1869 et
3387 1829 3555 1882 usque
3580 1816 3647 1869 ad

2077 1912 2339 1965 terminos
2362 1910 2500 1978 ejus,
2532 1927 2560 1963 a
2599 1911 2729 1964 turri
2757 1909 3052 1964 Custodum
3084 1912 3254 1977 usque
3283 1907 3348 1962 ad
3380 1908 3652 1961 civitatem

2075 2003 2335 2055 llttlllilam
2371 2002 2436 2055 ⁷⁸.
2485 2020 2503 2053 ι
2534 2000 2600 2055 Εῑ
2642 2001 2756 2054 luec
2795 2012 3012 2067 quoque
3058 1998 3188 2052 dicti
3241 1996 3507 2051 sententia
3539 1995 3655 2049 fue-

2076 2095 2168 2158 rit,
2216 2112 2236 2145 ι
2275 2093 2352 2148 Ne
2381 2093 2661 2157 laetemini,
2695 2091 3032 2159 alienigenae,
3073 2109 3091 2142 ι
3132 2105 3384 2159 magnum
3417 2090 3657 2144 sentien-

2078 2194 2158 2240 tes
2191 2201 2351 2254 super
2383 2186 2481 2250 iis,
2514 2201 2650 2253 quo»
2680 2185 2810 2238 deos
2854 2198 2976 2238 esse
3023 2183 3222 2251 putatis
3243 2224 3258 2248 ,
3289 2183 3443 2250 quasi
3479 2181 3660 2236 nullus

2077 2280 2147 2333 sit
2174 2278 2242 2332 ob
2273 2278 2558 2345 prmsentis
2591 2275 2850 2342 temporis
2873 2274 3193 2342 nequitiam,
3223 2275 3314 2342 qui
3346 2287 3442 2326 vos
3467 2281 3658 2327 conte-

2080 2384 2164 2426 rat
2195 2381 2250 2426 et
2286 2371 2576 2438 opprimat.
2619 2366 2843 2421 Etiamsi
2875 2368 3020 2421 enim
3058 2367 3310 2420 attritum
3339 2364 3412 2418 sit
3465 2362 3657 2433 jugum

2078 2465 2215 2534 ejus,
2246 2464 2335 2526 qui
2369 2477 2460 2515 vos
2489 2461 2869 2530 pereutiebat;
2919 2461 2970 2515 id
3012 2471 3158 2515 certe
3193 2473 3296 2512 non
3337 2471 3368 2511 e
3397 2471 3453 2511 re
3483 2467 3659 2511 vestra

2081 2555 2277 2621 fuerit;
2327 2556 2435 2610 imo
2489 2554 2667 2622 potius
2713 2553 2766 2606 in
2846 2554 3104 2606 danmum
3152 2559 3391 2604 vestrum
3437 2559 3538 2604 est.
3590 2548 3664 2603 At

2081 2650 2224 2704 enim
2263 2646 2483 2703 nemine
2513 2660 2606 2698 vos
2637 2646 2997 2714 percutiente,
3049 2643 3264 2697 nemine
3295 2641 3660 2711 deprimente,

2082 2741 2168 2796 vel
2202 2739 2554 2807 curripiente,
2596 2752 2785 2804 inagna
2831 2736 2882 2790 in
2933 2735 3087 2790 vobis
3132 2733 3397 2788 malorum
3442 2732 3524 2786 vis
3577 2731 3666 2784 in-

2083 2833 2274 2889 valuit.
2308 2831 2445 2886 Natn
2497 2832 2589 2899 qui
2631 2830 2759 2884 olim
2805 2829 3144 2897 serpentium
3175 2827 3345 2880 instar
3373 2825 3426 2879 in
3455 2824 3665 2878 anima-

2084 2943 2204 2980 rttm
2246 2935 2549 2979 vestrarum
2582 2922 2825 2977 latibulis
2854 2921 3087 2988 agebant
3112 2959 3127 2982 .
3161 2928 3327 2988 atque
3379 2916 3667 2988 investris

2087 3019 2330 3074 delubris
2377 3033 2442 3072 ac
2501 3015 2736 3085 templis,
2780 3014 2938 3067 veluti
2984 3013 3094 3077 dii,
3156 3011 3312 3065 sedes
3374 3008 3664 3072 habebant,

399 3122 684 3193 ὑμετέροις
717 3124 885 3193 ἱεροῖς
909 3138 968 3173 τε
994 3123 1089 3174 καὶ
1119 3124 1287 3185 ναοῖς,
1318 3121 1394 3184 ὡς
1426 3121 1488 3193 δὴ
1512 3120 1643 3184 θεοὶ,
1674 3121 1981 3192 ἐφεδρεύον-

2089 3114 2310 3180 maligni
2348 3111 2626 3164 dzemones
2655 3147 2670 3164 .
2704 3106 2876 3159 diram
2911 3104 3115 3173 prolem
3151 3117 3214 3157 ac
3242 3115 3426 3156 semen
3461 3099 3667 3167 impro-

397 3229 490 3274 τες
512 3212 736 3282 πονηροὶ
763 3212 1035 3282 δαίμονες,
1070 3211 1248 3282 δεινὴν
1291 3212 1453 3282 γονὴν
1494 3213 1588 3265 καὶ
1633 3211 1855 3282 σπέρμα
1890 3228 1986 3264 πο-

401 3305 564 3374 νηρὸν
584 3305 921 3374 ἀπεκύησαν·
954 3305 1029 3368 ὡς
1048 3304 1276 3368 ἀσπίδας
1297 3303 1356 3370 ἐξ
1379 3304 1557 3357 αὐτῶν
1591 3305 1902 3373 γεννᾶσθαι,
1925 3305 1988 3358 τὸ

403 3397 618 3450 πάντων
653 3395 761 3450 τῶν
785 3397 1006 3450 ἰοϐόλων
1033 3397 1306 3467 χείριστον
1326 3415 1340 3428 ο
1381 3400 1446 3452 ἐκ
1474 3396 1680 3452 τούτων
1712 3415 1771 3451 τε
1806 3396 1988 3451 αὐτῶν
2039 3445 2048 3455 ,

403 3490 594 3553 ἄλλους
625 3491 922 3562 ὑποστῆναι
943 3491 1095 3561 ὄφεις
1109 3491 1196 3544 τὸν
1226 3491 1363 3565 ἀέρα
1381 3492 1564 3545 διιπτα
1573 3492 1785 3563 μένους.
1803 3491 1989 3546 Ταῦτα

406 3583 504 3652 μὲν
541 3578 633 3636 οὖν
659 3583 800 3638 κατὰ
821 3583 913 3637 τὸν
941 3584 1183 3655 παρόντα
1210 3586 1402 3656 καιρὸν
1440 3585 1502 3637 οὐ
1541 3587 1672 3656 παρ’
1712 3585 1840 3656 ὑμῖν
1891 3585 1988 3654 μό-

403 3690 512 3736 νοις
532 3677 643 3736 τοῖς
662 3674 999 3743 ἀλλοφύλοις,
1042 3676 1140 3748 ἤδη
1178 3677 1234 3729 δὲ
1269 3677 1362 3730 καὶ
1395 3678 1520 3748 παρ’
1554 3676 1702 3747 αὐτῷ
1744 3676 1822 3747 τῷ
1857 3695 1992 3748 χρη-

407 3764 683 3833 ματίζοντι
713 3765 826 3836 λαῷ
855 3767 990 3820 Θεοῦ
1021 3767 1252 3840 πληθύει
1278 3786 1291 3798 ·
1329 3769 1404 3832 ὡς
1437 3769 1614 3822 πάντα
1651 3769 1851 3840 τρόπον
1891 3784 1990 3820 πε-

406 3855 724 3926 πληρῶσθαι
761 3858 850 3911 τὸν
883 3859 1044 3929 ἀέρα,
1082 3859 1452 3928 διιπταμένων
1488 3859 1684 3927 ὄφεων,
1711 3860 1803 3912 καὶ
1832 3859 1992 3927 ἐκγό-

403 3961 508 3998 νων
532 3947 793 4010 ἀσπίδων,
840 3948 1094 4019 πονηρῶν
1123 3967 1284 4001 τινων
1318 3949 1414 4002 καὶ
1445 3948 1788 4018 λυμαντικῶν
1832 3968 1994 4004 πνευ-

409 4035 613 4105 μάτων.
653 4037 1086 4108 Ἀναδειχθέντος
1131 4039 1188 4092 δὲ
1233 4041 1374 4094 κατὰ
1417 4025 1612 4112 ⁵καιρὸν
1651 4039 1746 4094 τοῦ
1775 4041 1992 4094 πάντων

405 4126 609 4178 τούτων
637 4126 914 4196 ὀλετῆρος,
968 4128 1276 4196 οἰχήσονται
1322 4129 1415 4181 καὶ
1465 4130 1514 4181 οἱ
1565 4127 1739 4198 ὄφεις,
1797 4129 1891 4181 καὶ
1934 4129 1992 4181 αί

407 4219 632 4282 ἀσπίδες
672 4220 746 4272 τά
795 4236 855 4270 τε
901 4219 1107 4272 τούτων
1152 4221 1365 4293 πονηρὰ
1405 4222 1628 4291 ἔκγονα·
1673 4223 1749 4287 ῶς
1793 4223 1990 4295 μηκέτι

407 4313 650 4382 ἐνεργεῖν
683 4309 857 4364 ταῦτα
886 4312 944 4364 ἐν
975 4311 1304 4384 ἀνθρώποις.

485 4422 504 4452 ι
540 4402 998 4474 Βοσκηθὴσονται,
1047 4421 1066 4453 ι
1104 4405 1212 4474 γάρ
1244 4421 1398 4475 φησι,
1431 4424 1448 4455 ι
1478 4406 1685 4474 πτωχοὶ
1713 4405 1778 4458 δι’
1802 4404 1987 4457 αὐτοῦ’

409 4495 639 4564 πένητες
695 4493 752 4547 δὲ
808 4492 1085 4565 ἄνθρωποι
1130 4495 1216 4547 ἐπ’
1273 4495 1494 4566 εἰρήνης
1545 4494 1988 4549 ἀναπαύσονται·

409 4589 586 4644 ἀνελεῖ
626 4589 683 4642 δὲ
720 4588 864 4660 λιμῷ
893 4588 955 4641 τὸ
997 4589 1219 4660 σπέρμα
1265 4606 1381 4652 σου,
1418 4589 1512 4642 καὶ
1548 4589 1608 4642 τὸ
1641 4587 1992 4658 κατάλειμμά

411 4699 503 4735 σου
529 4681 730 4735 ἀνελεῖ.
755 4702 773 4733 ι
806 4681 978 4734 Τοῦτο
1005 4684 1100 4754 μὲν
1133 4677 1226 4735 οὑν
1265 4681 1326 4735 τὸ
1367 4681 1697 4755 ἐρπυστικὸν
1725 4681 1820 4735 καὶ
1847 4679 1992 4734 ἰοϐό-

410 4775 500 4828 λον
549 4773 704 4843 γένος
741 4773 884 4846 λιμῷ
937 4773 1115 4826 ἀνελεῖ
1161 4773 1190 4824 ὁ
1238 4772 1733 4845 προφητευὸμενος,
1793 4769 1992 4843 μηκέτι

411 4866 724 4938 ἐπιτρέπων
751 4867 960 4938 τροφὴν
991 4866 1091 4937 τὴν
1132 4863 1359 4935 συνήθη,
1397 4864 1599 4936 δηλαδὴ
1635 4864 1735 4934 τὴν
1772 4863 1861 4917 διὰ
1896 4862 1994 4916 θυ-

415 4962 545 5015 σιῶν
583 4964 651 5034 τῇ
694 4961 979 5032 δαιμονικῇ
1036 4959 1212 5031 πλάνῃ
1261 4957 1669 5031 προσφέρεσθαι
1700 4975 1714 4987 ⁸
1761 4959 1887 5020 τοὺς
1940 4957 1998 5010 δὲ

415 5051 606 5105 ἑαυτοῦ
625 5053 874 5123 πτωχοὺς
923 5049 1202 5123 ἐκθρέψει,
1229 5048 1324 5101 καὶ
1361 5050 1418 5102 ἐν
1447 5049 1640 5120 εἰρήνῃ
1671 5045 1996 5111 ἀναπαύσει,

422 5147 615 5218 μηκέτι
663 5145 1194 5220 παρενοχλουμένους
1255 5145 1362 5199 ὑπὸ
1417 5143 1526 5198 τῶν
1585 5140 1995 5213 παραδοθέντων

420 5237 681 5309 ἑρπετῶν.
707 5237 942 5292 Δύναται
975 5237 1160 5308 μέντοι
1186 5236 1362 5290 ταῦτα
1404 5234 1500 5288 καὶ
1538 5233 1738 5304 ἐτέρως
1784 5233 1865 5294 εἰς
1903 5231 1996 5283 τὸν

433 5329 678 5395 Ἐζεκίαν
726 5329 1095 5404 πληροῦσθαιο
1143 5330 1266 5392 τοὺς
1308 5326 1418 5398 γὰρ
1454 5324 1621 5379 πάλαι
1668 5323 1811 5377 κατὰ
1865 5321 1996 5374 Θεὸν

421 5424 836 5496 πτωχεύσαντας
864 5423 1110 5488 ἐνεπαντὶ
1148 5420 1226 5494 τῷ
1281 5418 1547 5474 Ἰουδαίων
1589 5415 1733 5468 ἔθνει
1772 5412 2002 5482 ἀνεκτή-

421 5537 550 5574 σατο
603 5519 828 5588 τροφαῖς
870 5516 1113 5581 λογικαῖς
1159 5515 1253 5568 καὶ
1299 5510 1670 5573 διδασκαλίαις
1694 5525 1708 5537 ·
1761 5505 1854 5569 οὓς
1905 5504 2000 5557 καὶ¹

421 5611 749 5682 κατέστησεν
783 5608 874 5662 ἐπὶ
897 5607 996 5678 τὴν
1027 5606 1195 5680 καλὴν
1217 5604 1386 5678 νομὴν
1419 5602 1513 5658 τοῦ
1549 5603 1649 5674 τῆς
1685 5597 2002 5660 θεοσεϐείας

495 5817 630 5874 "1V
669 5815 799 5887 Reg.
828 5825 982 5877 xvm,
1005 5809 1061 5863 8.

2091 3206 2216 3260 bum
2243 3203 2579 3267 emiserunt;
2613 3201 2684 3252 ita
2719 3206 2779 3250 ut
2816 3210 2881 3250 ex
2922 3196 3025 3249 illis
3058 3194 3273 3263 aspides
3299 3192 3668 3261 gignerentur,

2090 3297 2231 3366 quod
2285 3304 2368 3349 est
2424 3295 2667 3347 omnium
2717 3297 3112 3345 venenatorum
3174 3285 3550 3348 teterrimum;
3603 3295 3671 3335 ex

2091 3389 2265 3457 iisque
2293 3386 2382 3440 alii
2419 3384 2548 3440 editi
2594 3384 2702 3438 sint
2751 3387 3034 3449 serpentes
3083 3392 3180 3446 per
3227 3389 3356 3428 aera
3403 3371 3667 3426 volantes.

2092 3478 2218 3534 Hazc
2262 3491 2424 3546 porro
2477 3477 2530 3528 in
2584 3471 2863 3542 praesenti,
2931 3484 3036 3523 non
3101 3467 3244 3536 apud
3313 3479 3410 3519 vos
3462 3472 3670 3517 tantum

2092 3569 2422 3638 alienigenas
2447 3607 2462 3631 ,
2497 3566 2590 3620 sed
2617 3567 2777 3618 etiam
2812 3562 2952 3630 apud
2987 3574 3110 3613 eum
3135 3599 3148 3622 ,
3188 3556 3280 3625 qui
3323 3553 3551 3623 populus
3574 3551 3670 3605 Dei

2094 3672 2336 3726 vocatur,
2365 3674 2558 3726 magno
2593 3670 2822 3709 innuero
2863 3655 3168 3714 habentur;
3221 3650 3292 3702 ita
3346 3655 3405 3700 ut
3449 3658 3674 3714 prorsus

2093 3771 2186 3808 aer
2235 3755 2508 3820 repleatur
2561 3749 2911 3816 serpentibus
2971 3741 3363 3803 volitantibus,
3436 3752 3499 3790 ac
3551 3735 3676 3790 ﬁliis

2094 3849 2338 3916 aspidum
2366 3887 2380 3908 ,
2418 3843 2670 3913 malignis
2698 3841 2910 3896 scilicet
2935 3835 3266 3906 quibusdam
3318 3847 3382 3884 ac
3428 3829 3675 3885 exitiosis

2094 3940 2394 4010 Spiritibus.
2429 3936 2566 3990 Cum
2598 3943 2778 3987 autem
2815 3931 2859 3986 is
2883 3969 2898 3997 ,
2931 3928 3021 3999 qui
3070 3927 3183 3980 hiec
3216 3923 3396 3978 omnia
3429 3921 3677 3977 sublatu-

2097 4049 2186 4086 rus
2221 4041 2324 4092 est,
2357 4014 2458 4084 suo
2489 4038 2732 4094 tempore
2762 4021 3070 4086 advenerit,
3095 4028 3151 4072 et
3183 4014 3517 4087 apparuerit,
3547 4022 3678 4066 tunc

2096 4132 2402 4191 serpentes,
2433 4119 2670 4188 aspides,
2695 4127 2994 4181 earumque
3019 4110 3263 4180 improha
3287 4103 3466 4174 proles
3491 4103 3679 4158 absce-

2097 4216 2265 4278 dent;
2309 4211 2376 4264 ita
2413 4218 2471 4263 ut
2500 4211 2614 4263 haec
2639 4208 2692 4262 in
2729 4205 2977 4261 homines
3011 4203 3118 4256 vim
3168 4197 3307 4252 ultra
3365 4209 3471 4248 non
3522 4207 3678 4246 exer-

2096 4316 2274 4362 ceant.

2167 4397 2331 4452 Vens.
2369 4395 2457 4449 50.
2485 4392 2618 4446 Nam
2655 4408 2674 4442 ι
2708 4398 3021 4458 pascentur,
3052 4382 3250 4453 inquit,
3274 4396 3372 4451 per
3399 4394 3520 4432 eum
3545 4391 3680 4447 pau-

2099 4503 2256 4558 peres
2295 4504 2308 4539 :
2348 4488 2536 4554 iu0pes
2563 4489 2746 4534 autem
2777 4477 3024 4533 homines
3061 4476 3113 4528 in
3169 4487 3302 4543 pace
3351 4471 3634 4542 quiescent
3664 4486 3676 4522 ;

2104 4581 2250 4633 l'amc
2275 4591 2404 4632 vero
2437 4573 2729 4629 interticiet
2764 4583 2952 4625 semen
2975 4577 3148 4630 tuum,
3177 4574 3232 4618 et
3260 4562 3516 4632 reliquias
3563 4569 3681 4613 tuas

2102 4669 2400 4723 interimet.
2444 4683 2464 4716 ›
2501 4663 2616 4718 lloc
2648 4663 2815 4730 igitur
2852 4659 3046 4728 reptile
3069 4665 3123 4710 et
3148 4664 3472 4709 venenatum
3513 4666 3682 4719 genus

2102 4758 2244 4814 fame
2278 4756 2495 4811 oceahit
2524 4755 2589 4821 is,
2630 4753 2726 4821 qui
2754 4752 2805 4805 in
2847 4748 3127 4820 prophetia
3175 4748 3345 4799 fertur
3370 4783 3384 4808 ,
3419 4756 3518 4796 nec
3543 4740 3680 4794 ultra

2103 4851 2380 4924 permittet
2406 4858 2463 4920 ut
2491 4853 2785 4900 consuetus
2818 4844 2992 4905 cibus,
3024 4839 3274 4894 videlicet
3320 4850 3415 4906 per
3473 4831 3683 4886 Sacrdi-

2105 4947 2214 5009 cia,
2242 4941 2608 5008 .dzemoniaca:
2660 4933 3040 5006 superstitioni
3095 4931 3375 4986 oli'eratur.
3410 4925 3682 4990 Pauperes

2107 5047 2288 5090 autem
2323 5047 2451 5088 suos
2483 5028 2742 5093 euutriet,
2772 5035 2828 5081 et
2873 5025 2928 5078 in
2984 5036 3117 5092 pace
3166 5019 3450 5090 quiescere
3498 5011 3681 5073 faciet,

2106 5143 2214 5183 non
2236 5127 2375 5182 ultra
2408 5131 2633 5177 vexatos
2657 5135 2687 5173 a
2737 5105 3054 5171 memoratis
3104 5109 3408 5180 reptilibus.
3448 5101 3684 5156 Possunt

2105 5222 2270 5277 etiam
2305 5217 2490 5272 isthaec
2527 5214 2634 5268 alio
2667 5212 2826 5266 modo
2863 5210 2916 5263 in
2949 5205 3183 5262 Ezechia
3217 5199 3434 5271 impleta
3464 5193 3630 5248 fuisse
3666 5209 3680 5245 :

2107 5314 2223 5384 ipse
2251 5309 2396 5366 enim
2428 5322 2544 5374 eos,
2576 5305 2667 5375 qui
2705 5309 2756 5357 in
2804 5301 3062 5355 universo
3102 5292 3326 5348 Judaico
3369 5285 3564 5384 popqu
3597 5300 3693 5374 se-.

2108 5378 2344 5462 calidum
2373 5404 2537 5459 Deum
2561 5411 2826 5472 pauperes
2849 5393 2978 5449 olim
3010 5390 3251 5451 fuerant,
3280 5382 3420 5438 cibis
3448 5378 3694 5472 ratione:

2107 5497 2247 5554 libus
2275 5504 2332 5551 et
2362 5467 2608 5550 doctrina
2648 5467 2953 5548 recreavit;
2997 5493 3135 5552 quos
3178 5478 3306 5531 item
3358 5472 3411 5526 in
3463 5467 3694 5551 Optimis

2109 5590 2247 5662 ejus,
2277 5603 2396 5658 qua;
2424 5588 2565 5658 piam
2591 5580 2908 5652 religionem
2934 5574 3114 5639 docet,
3145 5567 3277 5639 legis
3307 5563 3524 5638 pascuis
3564 5574 3692 5616 con-
