4118 6408
480 346 584 406 199

1177 345 1444 402 EUSEBII
1481 342 1958 400 CAESAR‘IENSIS
1993 341 2144 399 OPP.
2191 341 2368 398 PARS
2408 341 2496 402 Ill.
2553 372 2605 384 -
2638 338 3057 404 EXEGETICA.

3618 347 3728 402 ἳθο

477 467 687 536 stituit;
719 476 776 522 ut
802 467 1004 522 divinis
1037 466 1486 538 cogitationibus,
1508 476 1562 520 et
1586 480 1742 520 sacra
1788 465 2036 522 doctrina

2143 464 2342 534 νόμου,
2407 463 2694 534 βόσκεσθαι
2747 467 2858 527 τοῖς
2931 463 3094 528 θείοις
3164 465 3392 536 νοήμασι
3455 466 3550 516 καὶ
3609 469 3729 528 ταῖς

475 569 834 630 pascerentur
861 568 915 612 et
947 559 1240 613 alerentur.

551 649 718 708 Vsus.
759 652 848 706 3i.
899 670 916 703 ι
950 650 1166 707 Ululate
1202 657 1370 718 porta:
1421 650 1702 705 civitatum
1729 690 1747 716 ,
1807 650 2045 705 clament

475 745 724 799 civitates
752 744 979 799 turbatae
999 782 1014 808 ,
1062 741 1316 814 allophyli
1370 757 1559 797 omnes
1581 782 1596 808 ,
1632 743 1761 812 quia
1789 745 1857 798 ab
1890 743 2044 812 aqui-

477 835 598 889 lone
626 835 802 890 funms
837 837 1012 898 venit,
1057 843 1113 888 et
1161 848 1267 888 non
1312 843 1395 888 est
1441 843 1500 889 ut
1548 835 1640 889 sit.
1685 853 1705 886 ι
1737 833 2040 904 Signiﬁcat,

475 927 548 980 uti
581 927 831 993 diximus,
855 927 1201 997 Assyriorum
1239 942 1418 996 regem
1447 969 1462 992 ,
1491 927 1581 996 qui
1621 927 1688 982 ab
1707 927 2041 998 aquilonari-

462 1015 572 1070 'bus
599 1015 842 1084 partibus
870 1025 1114 1084 tempore
1146 1015 1393 1072 Ezechiae
1415 1017 1723 1087 irrumpens
1747 1057 1764 1084 ,
1797 1017 2041 1087 allophy-

471 1108 551 1164 ios
597 1106 938 1163 Palaestinam
983 1109 1280 1165 incolentes
1336 1110 1556 1164 ditionis
1612 1123 1725 1164 suae
1772 1109 1898 1164 fecit
1925 1123 1940 1174 ;
1969 1110 2042 1163 ita

471 1209 528 1251 ut
557 1199 720 1254 urbes
753 1199 968 1269 quidem
998 1201 1304 1266 obsideret,
1334 1215 1520 1254 earmn
1548 1201 1774 1270 populos
1800 1200 2044 1270 captivos

470 1291 781 1356 abduceret,
815 1291 1136 1361 urbiumque
1167 1299 1356 1361 portas
1399 1291 1729 1347 incenderet.

540 1471 704 1528 Vatis.
733 1472 824 1528 32.
861 1490 881 1524 ι
907 1471 972 1528 Ει
998 1473 1126 1544 quid
1151 1473 1556 1543 respondebunt
1579 1489 1733 1544 reges
1760 1475 2044 1546 gentium?

471 1562 605 1630 Quia
635 1566 893 1620 Dominus
945 1566 1187 1620 fundavit
1229 1565 1358 1622 Sion
1403 1585 1418 1622 :
1453 1577 1508 1622 et
1546 1583 1643 1638 per
1687 1583 1811 1622 eum
1860 1568 2040 1623 salva-

475 1659 673 1711 buntur
723 1657 954 1712 humiles
991 1672 1022 1712 e
1071 1658 1286 1728 populo.
1327 1678 1345 1711 ι
1379 1659 1672 1714 Maximum
1735 1659 1840 1716 illis
1882 1676 2042 1730 argu—

472 1755 710 1800 mentum
744 1746 884 1812 erit,
938 1747 1102 1801 Deum
1141 1763 1253 1803 suae
1297 1763 1418 1804 esse
1453 1751 1733 1804 custodem
1778 1751 2037 1816 civitatis,

468 1837 609 1906 quod
642 1837 728 1893 illa
776 1837 909 1893 nibil
954 1839 1059 1894 tale
1109 1839 1348 1911 patiatur
1377 1880 1393 1908 ,
1452 1840 1611 1912 quale
1661 1850 1872 1898 caetera;
1904 1842 2040 1897 civi-

471 1938 521 1983 ΙΙ
530 1939 628 1984 tes.

1045 2021 1279 2080 CAPUT
1333 2021 1451 2081 XV.

540 2110 701 2167 Vens.
731 2111 782 2166 1.
815 2128 834 2163 ι
887 2109 1124 2166 Verbum
1172 2125 1361 2168 contra
1404 2114 1748 2172 Moabitidem
1803 2135 1817 2173 :
1866 2117 2038 2173 Noctu

466 2203 664 2272 peribit
703 2203 882 2268 Moab,
903 2214 1060 2259 noctu
1089 2205 1233 2260 enim
1265 2205 1462 2276 peribit
1492 2224 1680 2264 murus
1707 2208 2036 2276 Moabitidis,

464 2298 640 2352 dolete
684 2297 736 2352 in
779 2297 1206 2366 vobismetipsis.
1248 2318 1267 2351 ι
1305 2300 1361 2354 In
1403 2301 1631 2356 exordio
1675 2303 2036 2372 ignorantiam

465 2389 556 2445 Dei
584 2429 600 2454 ,
633 2404 754 2458 qua:
786 2389 926 2460 apud
959 2390 1105 2458 ipsos
1155 2391 1470 2446 obtinuerat
1495 2432 1512 2456 ,
1560 2403 1772 2448 noctem
1806 2404 1860 2449 et
1895 2404 2040 2449 tene-

468 2483 593 2537 bras
635 2484 850 2538 vocavit
897 2499 911 2537 :
965 2483 1019 2537 in
1055 2485 1277 2554 ipsaque
1319 2497 1478 2538 nocte
1518 2500 1707 2540 eorum
1743 2487 2038 2555 perniciem

463 2573 583 2630 fore
607 2577 973 2631 comminatur
997 2575 1083 2631 his
1111 2579 1310 2643 verbis,
1343 2598 1362 2631 ι
1401 2577 1571 2633 Noctu
1604 2579 1802 2647 peribit
1833 2579 2042 2636 Moabi-

462 2667 551 2720 tis.
589 2683 608 2718 ι
652 2665 846 2722 Postea
879 2669 945 2724 de
990 2668 1110 2723 loco
1158 2669 1248 2726 ubi
1297 2685 1485 2727 eorum
1524 2671 1831 2727 idololatria
1857 2673 2042 2730 consi-

460 2759 643 2825 debat,
673 2761 791 2816 bac
809 2761 1115 2832 subiungit:

532 2851 695 2910 VERS.
728 2854 784 2908 2.
821 2871 841 2906 ι
897 2854 1102 2910 Peribit
1147 2856 1292 2912 enim
1333 2863 1387 2911 et
1421 2856 1594 2913 Dibon
1621 2898 1638 2925 ,
1687 2861 1776 2917 ubi
1811 2869 1895 2918 est
1944 2877 2038 2918 ara

461 2953 638 2997 vestra
670 2963 684 3000 :
719 2945 844 3001 illuc
872 2949 1177 3004 ascendetis
1223 2950 1290 3004 ad
1356 2950 1694 3020 plorandum.
1747 2971 1766 3006 ι
1816 2953 1872 3008 ln
1933 2954 2039 3009 ﬁne

460 3045 638 3089 autem
691 3039 1023 3108 prophetiae,
1076 3039 1195 3096 illas
1250 3057 1465 3097 rursum
1532 3059 1655 3099 aras
1703 3060 2036 3101 commemo-

2149 557 2321 626 ἱεραῖς
2369 555 2762 620 διδασκαλίαις,
2797 556 2889 609 καὶ
2930 555 3286 628 ἐντρέφεσθαι
3331 557 3582 628 ποιήσας.

2219 666 2238 700 ε
2280 645 2618 714 Ὀλολύξατε,
2643 647 2806 700 πύλαι
2839 646 3066 711 πόλεων,
3093 647 3514 719 κεκραγέτωσαν
3546 645 3728 710 πόλεις

2143 741 2570 812 τεταραγμέναι,
2598 743 2647 795 oi
2691 741 2978 812 ἀλλόφυλοι
3020 743 3240 805 πάντες,
3285 743 3369 795 ὃτι
3411 738 3520 795 ἀπὸ
3557 741 3729 814 βορρᾶ

2143 833 2351 896 καπνὸς
2387 833 2628 905 ἔρχεται,
2660 834 2753 887 καὶ
2780 834 2881 888 οὐκ
2913 833 3030 886 ἐστι
3070 833 3162 887 τοῦ
3201 829 3358 886 εἷναι.
3408 852 3426 885 ι
3467 832 3728 905 Σημαίνει

2142 924 2220 985 δὲ,
2273 923 2350 988 ὼς
2395 924 2624 996 ἔφημεν,
2673 924 2766 979 τὸν
2819 925 2931 980 τῶν
2987 926 3286 998 Ἀσσυρίων
3350 925 3593 996 βασιλέα,
3646 925 3727 990 ὃς,

2144 1015 2385 1070 ἐπελθὼν
2413 1017 2522 1070 άπὸ
2541 1017 2648 1070 τῶν
2673 1016 3031 1088 βορειοτέρων
3058 1017 3239 1088 μερῶν
3267 1016 3406 1070 κατὰ
3425 1018 3552 1080 τοὺς
3583 1015 3731 1080 Ἐξε-

2145 1109 2264 1162 κίου
2293 1109 2538 1181 χρόνους,
2566 1111 2693 1173 τοὺς
2723 1109 2820 1179 τὴν
2850 1107 3212 1178 Παλαιστίνην
3249 1108 3535 1172 οἰκοῦντας
3573 1108 3729 1162 ἁλλο-

2146 1200 2366 1270 φύλους,
2403 1200 2760 1272 ἐχειρώσατο·
2786 1201 2863 1265 ώς
2888 1201 3247 1273 πολιορκῆσαι
3282 1201 3381 1272 μὲν
3408 1202 3508 1265 τὰς
3539 1201 3728 1264 πόλεις

2142 1293 2344 1353 αὐτῶν.
2389 1293 2710 1364 αἰχμάλωτα
2755 1291 2812 1346 δὲ
2851 1293 3036 1346 λαϐεῖν
3073 1293 3141 1347 τά
3185 1295 3244 1347 ἐν
3284 1293 3475 1358 αὐταῖς
3525 1291 3726 1365 πλήθη,

2145 1383 2426 1458 ἐμπρῆσαι
2449 1385 2505 1438 δὲ
2527 1384 2635 1438 τῶν
2655 1385 2867 1439 πόλεων
2883 1383 2983 1448 τάς
3010 1384 3204 1448 πύλας.

2220 1493 2239 1527 ι
2288 1475 2398 1528 Καὶ
2436 1475 2490 1527 τί
2543 1474 3008 1546 ἀποκριθήσονται
3063 1474 3305 1544 βασιλεῖς
3357 1472 3559 1539 ἐθνῶν;
3604 1475 3728 1529 Ὀτι

2143 1566 2346 1639 Κύριος
2374 1565 2702 1636 ἐθεμελίωσε
2733 1565 2892 1628 Σιὼν,
2936 1567 3028 1619 καὶ
3076 1565 3143 1618 δι’
3183 1563 3346 1619 αὐτοῦ
3394 1563 3728 1636 σωθήσονται

2141 1659 2192 1712 oi
2219 1659 2463 1712 ταπεινοὶ
2502 1657 2600 1711 τοῦ
2636 1658 2788 1713 λαοῦ.
2827 1677 2844 1710 ι
2881 1659 3154 1728 Μέγιστον
3205 1658 3314 1730 γὰρ
3357 1659 3538 1722 αὐτοίς
3575 1657 3730 1712 ἔσται

2141 1751 2356 1822 δεῖγμα,
2398 1749 2487 1804 τὸν
2518 1750 2650 1804 Θεὸν
2706 1748 2846 1805 εἶναι
2893 1752 2986 1805 τὸν
3028 1751 3129 1821 τῆς
3171 1750 3337 1805 αὑτοῦ
3380 1751 3586 1814 πόλεως
3637 1750 3731 1821 φύ-

2141 1841 2300 1908 λακα,
2323 1841 2382 1894 τὸ
2406 1841 2570 1914 μηδὲν
2598 1841 2790 1897 παθεῖν
2811 1843 2984 1915 αὐτὴν
3013 1844 3197 1916 ὅμοιον
3217 1845 3338 1907 ταῖς
3374 1842 3589 1907 λοιπαῖς
3630 1842 3716 1896 πό-

2141 1932 2308 1988 λεσιν.

2665 2020 3064 2080 ΚΕΦΑΛΑῙΟΝ
3103 2027 3205 2079 ιε’.

2218 2134 2238 2168 ι
2275 2117 2351 2171 Τὸ
2380 2117 2533 2189 ῥῆμα
2555 2117 2618 2171 τὸ
2651 2116 2792 2172 κατὰ
2820 2117 2917 2188 τῆς
2947 2115 3291 2180 Μωαϐίτιδος
3309 2132 3322 2147 ⁸
3351 2115 3565 2180 Νυκτὸς
3594 2117 3730 2170 ἁπο-

2141 2207 2313 2262 λείται
2342 2211 2375 2280 ἡ
2402 2204 2577 2264 Μωά⁶ὀ
2601 2227 2617 2241 ο
2665 2209 2857 2272 νυκτὸς
2889 2208 2997 2280 γάρ
3023 2208 3306 2262 ἀπολεῖται
3337 2208 3397 2262 τὸ
3425 2211 3602 2279 τεῖχος
3625 2209 3728 2279 τῆς

2141 2302 2504 2367 Μωαϐίτιδος,
2540 2302 2798 2356 λυπεῖσθε
2827 2302 2913 2370 ἐφ’
2947 2303 3193 2365 ἑαυτούς.
3234 2320 3252 2352 ι
3283 2301 3445 2355 Ὅθεν
3489 2301 3731 2373 ἀρχόμε·

2141 2410 2228 2458 νος
2258 2395 2356 2466 τὴν
2383 2395 2790 2467 ἐπικρατοῦσαν
2812 2394 2991 2448 αὐτῶν
3015 2394 3238 2464 ἄγνοιαν
3270 2393 3364 2448 τοῦ
3386 2394 3542 2459 Θεοῦ,
3558 2394 3730 2448 νύκτα

2142 2488 2235 2540 καὶ
2263 2489 2451 2552 σκότος
2473 2488 2776 2560 ὠνόμασεν,
2806 2490 2863 2541 ὲν
2895 2488 3033 2558 αὐτῇ
3061 2504 3121 2540 τε
3151 2490 3217 2559 τῇ
3245 2487 3402 2542 νυκτὶ
3442 2487 3541 2541 τὴν
3566 2486 3723 2542 ἀπώ-

2141 2579 2290 2633 λειαν
2328 2580 2508 2634 αὐτῶν
2527 2580 2743 2634 ἔσεσθαι
2770 2579 2983 2633 ἀπειλεῖ
3007 2581 3214 2650 φήσας⁹
3242 2597 3260 2630 ι
3279 2579 3487 2642 Νυκτὸς
3508 2579 3731 2633 ἀπολεῖ-

2141 2673 2288 2744 ταιή
2322 2673 2622 2737 Μωαϐῖτις.
2659 2692 2677 2725 ι
2732 2669 2864 2725 Εἶτα
2907 2672 3036 2742 ἐξῆς
3067 2671 3197 2744 περὶ
3225 2669 3320 2724 τοῦ
3363 2670 3564 2734 τόπου,
3590 2669 3648 2723 ἐν
3682 2664 3728 2738 ᾧ

2143 2764 2325 2836 ἵδρυτο
2351 2763 2530 2818 αὐτῶν
2558 2765 2591 2835 ὴ
2623 2762 3053 2834 εἰδωλολατρεία,
3082 2760 3322 2830 ἐπιλέγει
3345 2776 3362 2792 ο

2217 2877 2235 2910 ι
2277 2858 2583 2911 Ἀπολεϊται
2625 2857 2734 2928 γὰρ
2761 2857 2854 2910 καὶ
2898 2843 3116 2928 suam;
3143 2849 3205 2909 οῦ
3246 2854 3275 2906 ὁ
3315 2851 3496 2922 βωμὸς
3527 2852 3686 2923 ὑμῶν

2141 2951 2258 3004 ἐκεῖ
2284 2949 2619 3022 άναϐήσεσθε
2654 2935 2884 3004 κλαίειν.
2923 2969 2941 3000 ι
2991 2948 3116 3002 Ἐπὶ
3143 2947 3282 3001 τέλει
3311 2946 3366 3000 δὲ
3386 2945 3486 3013 τῆς
3515 2961 3701 3016 προφη

2138 3045 2291 3107 τείας
2349 3043 2458 3097 τῶν
2508 3042 2691 3096 αὐτῶν
2735 3041 2898 3095 πάλιν
2962 3041 3232 3112 μέμνηται
3273 3036 3472 3108 βωμῶν
3509 3035 3725 3104 λέγων·

461 3131 736 3186 ratverbis
768 3132 872 3196 bis,
897 3151 916 3186 ι
947 3133 1078 3200 Qnia
1108 3133 1330 3205 fatigata
1361 3145 1445 3190 est
1472 3133 1662 3201 Moab,
1687 3155 1707 3188 ι
1737 3146 2028 3192 etczetera.

2145 3155 2165 3187 ε
2198 3137 2318 3189 Ὅτι
2349 3135 2608 3208 ἐκοπίασε
2639 3133 2837 3197 Meas,
2882 3153 2900 3184 ι
2933 3133 3028 3187 καὶ
3059 3131 3128 3184 τὰ
3150 3128 3295 3202 ἑξῆς.

537 3221 696 3278 Vens.
745 3224 799 3279 3.
861 3242 880 3276 ι
935 3225 990 3279 In
1022 3224 1207 3280 Nabau
1240 3225 1548 3282 Moabitidis
1581 3227 1784 3285 ululate
1819 3246 1835 3285 :
1871 3244 2034 3301 super

459 3327 617 3372 omne
664 3325 827 3386 caput
876 3316 1124 3373 calvities
1153 3358 1170 3382 ,
1202 3318 1384 3372 omnia
1435 3317 1660 3374 brachia
1705 3321 1888 3375 decisa
1927 3337 1943 3375 :
1979 3321 2030 3376 in

459 3405 652 3476 plateis
677 3405 798 3476 ejus
824 3405 1110 3462 induimini
1158 3409 1354 3466 saccis.
1387 3427 1405 3460 ι
1441 3408 1532 3463 llis
1565 3425 1732 3480 porro
1759 3411 2034 3480 signiﬁcat

459 3499 780 3554 insidentem
813 3499 1005 3569 populo
1030 3501 1330 3555 daemonem
1363 3501 1659 3572 malignum
1690 3545 1706 3570 ,
1737 3506 1852 3561 sive
1882 3507 2034 3576 prin-

457 3589 631 3658 cipem
673 3590 869 3659 gentis,
907 3601 965 3644 ut
1001 3591 1100 3644 sub
1127 3590 1245 3646 hac
1266 3592 1510 3660 dicitur;
1549 3595 1730 3664 qualis
1757 3596 2036 3667 eratprin-

455 3695 580 3750 ceps
629 3695 724 3736 rex
775 3681 1123 3745 ercorum,
1175 3693 1229 3738 et
1275 3683 1528 3754 princeps
1578 3685 2030 3758 Babyloniorum.

457 3769 768 3842 llnjusmodi
797 3788 926 3843 ergo
959 3774 1258 3830 daemonem
1297 3777 1348 3831 in
1404 3777 1624 3833 civitate
1671 3777 2031 3834 Moabitarum

455 3861 798 3927 insidentem,
830 3881 859 3917 a
889 3881 995 3935 quo
1017 3882 1074 3922 se
1106 3882 1262 3936 opem
1295 3878 1682 3924 consecuturos
1715 3869 2032 3938 sperabant.

455 3955 511 4010 in
567 3958 948 4024 congressibus
1001 3968 1191 4013 contra
1238 3960 1487 4016 inimicos
1533 3961 1859 4031 capiendum
1909 3976 2034 4020 esse

459 4052 558 4116 ait,
594 4052 720 4121 quia
752 4049 965 4106 animas
990 4066 1179 4106 eorum
1209 4053 1585 4118 conculcabat,
1610 4069 1813 4124 easque
1837 4055 1889 4108 in
1923 4065 2033 4109 ter-

459 4157 573 4196 ram
627 4142 897 4212 respicere
926 4143 1198 4212 cogebat,
1253 4144 1324 4198 ita
1372 4155 1431 4198 ut
1471 4161 1629 4201 nemo
1661 4156 1848 4216 posset
1873 4157 2032 4217 caput

455 4232 648 4288 efferre
673 4245 727 4290 et
750 4247 962 4289 sursum
994 4235 1226 4300 intueri;
1253 4251 1422 4306 quare
1447 4236 1540 4300 ait,
1581 4255 1600 4290 ι
1633 4237 1770 4304 Quia
1803 4240 2031 4294 commi-

457 4325 626 4381 litium
659 4337 834 4393 tuum,
858 4336 914 4383 et
945 4326 1198 4400 princeps
1228 4327 1408 4396 periit,
1453 4327 1544 4400 qui
1581 4329 1634 4385 in
1666 4339 1812 4384 terra
1841 4329 2033 4385 ambu-

457 4418 622 4476 labat.
653 4439 674 4474 ι

1048 4512 1276 4571 CAPUT
1317 4513 1460 4570 XVI.

526 4605 694 4662 Vsus.
740 4606 859 4662 1-5.
907 4627 926 4661 ι
969 4609 1177 4665 Mittam
1227 4611 1380 4682 quasi
1441 4610 1653 4680 reptilia
1693 4625 1858 4681 super
1919 4620 2029 4667 ter-

455 4716 594 4755 ram.
637 4698 775 4754 Num
809 4711 958 4772 petra
986 4702 1196 4757 deserta
1234 4711 1318 4759 est
1360 4718 1516 4759 mons
1545 4703 1671 4759 illize
1701 4703 1881 4759 Sion?
1908 4703 2028 4760 Eris

453 4795 599 4849 etaim
633 4795 783 4864 quasi
814 4810 912 4848 ave
946 4795 1231 4859 avolante,
1265 4795 1444 4865 pullus
1495 4796 1711 4852 ablatus
1758 4797 1888 4862 eris,
1921 4798 2027 4852 illia

454 4882 632 4939 Moab.
671 4883 872 4938 Deinde
899 4886 1080 4938 Arnon
1115 4885 1268 4954 plura
1309 4886 1546 4941 delibera
1577 4906 1590 4941 :
1620 4885 1707 4943 l'ac
1736 4889 2027 4945 tentorium

453 4975 625 5032 luctus
667 4986 721 5031 tu
775 4977 888 5048 ipsa
931 4991 1164 5048 semper.
1215 4977 1272 5032 lu
1314 4979 1631 5034 meridianis
1661 4979 1902 5036 tenebris
1951 4979 2028 5034 fu-

452 5068 624 5136 giunt,
655 5065 1073 5135 obstupuerunt,
1113 5079 1180 5121 ne
1209 5067 1450 5136 graviter
1487 5069 1652 5124 feras.
1686 5069 2026 5125 llabitabuut

451 5158 588 5226 apud
622 5167 671 5212 te
718 5155 928 5229 profugi
962 5155 1135 5214 Moab.
1189 5157 1365 5212 Erunt
1405 5159 1556 5214 vobis
1587 5168 1952 5229 tegumentum
1995 5177 2025 5215 a

452 5251 586 5306 iacie
611 5250 1013 5322 persequentis,
1045 5251 1171 5321 quia
1206 5251 1477 5305 sublatum
1515 5261 1599 5308 est
1638 5252 2017 5307 commilitium

453 5356 598 5399 tuum
623 5386 638 5410 ,
664 5354 720 5399 et
747 5345 997 5417 princeps
1048 5346 1210 5414 periit
1243 5346 1339 5414 qui
1385 5343 1699 5399 ambulabat
1731 5360 1895 5415 super
1925 5355 2028 5400 ter-

453 5451 586 5490 ram.
629 5437 698 5492 Et
745 5435 1138 5492 rcstaurabitur
1165 5451 1290 5491 cum
1345 5435 1714 5490 misericordia
1746 5439 1972 5493 thronus
2005 5454 2021 5492 :

451 5539 501 5580 et
528 5526 731 5580 sedebit
769 5531 822 5582 in
853 5544 917 5584 eo
948 5544 1071 5582 cum
1103 5527 1332 5582 veritate
1368 5528 1419 5580 in
1457 5525 1801 5581 tabernaculo
1828 5525 2024 5591 David,

449 5617 698 5686 judicans
728 5627 781 5673 et
805 5634 1054 5689 querens
1089 5617 1387 5689 judicium,
1417 5627 1472 5672 et
1505 5615 1764 5673 velociter
1795 5619 2025 5674 reddens

2213 3247 2232 3280 ι
2293 3229 2417 3282 Ἐπὶ
2469 3226 2657 3282 Ναϐὰν
2713 3227 2815 3296 τῆς
2868 3223 3211 3286 Μωαϐίτιδος
3260 3219 3567 3285 ὀλολύξατε,
3631 3219 3728 3275 ἐπὶ

2137 3322 2317 3394 πάσης
2347 3320 2594 3392 κεφαλῆς
2621 3319 2988 3391 φαλάκρωμα,
3037 3318 3240 3380 πάντες
3293 3315 3577 3387 βραχίονες
3619 3331 3725 3369 κα-

2134 3415 2533 3486 τατετμημένοι
2559 3429 2571 3443 ·
2609 3415 2668 3466 ἐν
2690 3415 2810 3477 ταῖς
2841 3413 3124 3475 πλατείαις
3144 3409 3315 3480 αὐτῆς
3347 3404 3724 3480 περιζώσασθε

2136 3506 2390 3570 σάκκους.
2431 3525 2449 3558 ι
2482 3505 2750 3576 Σημαίνει
2789 3503 2846 3557 δέ
2877 3503 2966 3557 διὰ
2991 3503 3200 3557 τούτων
3235 3502 3327 3555 τὸν
3363 3501 3725 3572 ἐφεδρεύοντα

2133 3598 2210 3669 τῷ
2232 3598 2372 3653 ἔθνει
2397 3597 2626 3668 δαίμονα
2652 3596 2909 3668 πονηρὸν,
2939 3596 2973 3667 η
3009 3594 3100 3648 τὸν
3127 3594 3361 3664 ἄρχοντα
3394 3591 3487 3646 τοῦ
3516 3590 3723 3657 ἔθνους.

2133 3689 2210 3753 ὡς
2255 3688 2392 3758 μετὰ
2441 3687 2614 3740 ταῦτα
2639 3687 2874 3758 εῐρηταν
2909 3679 3024 3748 οἶος
3069 3679 3138 3754 ἦν
3178 3685 3207 3736 6
3254 3683 3439 3754 ἄρχων
3471 3681 3724 3752 βασιλεὺς

2145 3782 2414 3852 Ἑλλήνων
2447 3783 2540 3835 καὶ
2576 3782 2605 3834 ὁ
2647 3781 2758 3833 τῶν
2803 3775 3161 3830 Βαϐυλωνίων
3211 3773 3415 3846 ἄρχων.
3467 3771 3719 3826 Τοιοῦτον

2132 3875 2311 3928 τοίνυν
2337 3874 2426 3927 τὸν
2458 3873 2766 3944 καθήμενον
2794 3870 2885 3923 ἐπὶ
2913 3871 3012 3940 τῆς
3037 3865 3340 3920 Μωαϐιτῶν
3371 3864 3578 3928 πόλεως
3601 3862 3717 3916 δαί-

2135 3984 2294 4039 μονα,
2313 3967 2379 4019 δι’
2405 3961 2467 4020 οῦ
2494 3965 2740 4036 ἐνόμιζον
2764 3961 3015 4034 βοηθείας
3044 3960 3332 4029 τυγχάνειν
3365 3959 3421 4012 ἐν
3442 3961 3561 4021 ταῖς
3583 3955 3723 4028 πρὸς

2133 4061 2259 4123 τοὺς
2293 4059 2581 4130 πολεμίους
2618 4056 2933 4128 συμϐολαῖς,
2959 4053 3185 4108 ἂλεσθαί
3212 4057 3231 4075 ⁶
3268 4067 3454 4122 φησιν,
3486 4048 3724 4120 ἐπείπερ

2132 4152 2233 4215 τὰς
2293 4149 2471 4220 ψυχὰς
2527 4149 2705 4202 αὐτῶν
2769 4146 3092 4210 κατεπάτει,
3131 4145 3282 4199 κάτω
3319 4141 3494 4196 νεύειν
3549 4139 3723 4203 αὐτάς

2134 4243 2304 4297 ποιῶν
2348 4245 2426 4306 είς
2478 4241 2615 4312 γῆνο
2663 4240 2741 4304 ώς
2777 4238 2980 4312 μηδένα
3010 4237 3238 4291 κύπτειν
3283 4234 3416 4306 μηδέ
3439 4233 3551 4287 άνω
3593 4230 3720 4300 βλέ-

2131 4353 2256 4389 πειν
2283 4333 2581 4389 δύνασθαι·
2626 4333 2706 4387 διό
2733 4347 2929 4402 φησιν’
2978 4348 2996 4380 ι
3027 4329 3150 4381 Ὅτι
3191 4327 3334 4398 ἧρθη
3362 4327 3397 4396 ἡ
3430 4321 3716 4394 συμμαχία

2135 4444 2250 4492 σου,
2268 4428 2362 4482 καὶ
2377 4429 2405 4480 ὁ
2420 4427 2602 4498 άρχων
2623 4423 2892 4488 ἀπώλετο,
2923 4423 2952 4474 ό
2967 4417 3295 4476 καταπατῶν
3317 4416 3408 4472 ἐπὶ
3426 4414 3525 4487 τῆς
3539 4413 3662 4484 γῆς.
3691 4431 3713 4466 ι

2152 4528 2162 4537 ’
2655 4514 3052 4571 ΚΕΦΔΛΑῙΟΝ
3107 4509 3222 4579 ΚΓ.

2209 4630 2228 4664 ι
2278 4609 2585 4665 Ἀποστελῶ
2624 4608 2700 4673 ώς
2729 4607 2936 4679 ἑρπετὰ
2983 4607 3076 4659 ἐπὶ
3097 4603 3196 4675 τὴν
3226 4603 3351 4674 γῆν.
3395 4599 3485 4671 Μὴ
3543 4598 3720 4670 πέτρα

2132 4703 2340 4777 ἔρημός
2369 4707 2484 4758 ἐστι
2508 4705 2568 4756 τὸ
2615 4702 2741 4774 ὅρος
2776 4698 3046 4772 θυγατρὸς
3080 4695 3256 4763 Σιὼν;
3295 4694 3435 4766 "Ean
3484 4690 3593 4762 γὰρ
3641 4690 3720 4754 ὡς

2135 4795 2381 4850 πετεινοῦ
2411 4794 2806 4864 άνιπταμένου,
2852 4791 3041 4855 νοσσὸς
3073 4785 3423 4860 ἀφῃρημένος
3464 4783 3584 4852 “no
3625 4782 3720 4835 θυ⁶

2131 4887 2312 4958 γὰτηρ
2340 4886 2537 4941 Μωάϐ.
2577 4885 2811 4939 Ἔπειτα
2851 4883 2909 4936 δέ
2953 4880 3158 4952 ’Ᾱρνῶν
3181 4877 3404 4932 πλείονα
3440 4871 3717 4945 βουλεύου,

2133 4978 2279 5032 ποίει
2310 4995 2366 5030 τε
2397 4977 2606 5048 σκέπην
2624 4975 2853 5038 πένθους
2877 4972 3016 5043 αὑτὴ
3045 4970 3356 5033 διαπαντός.
3388 4966 3477 5020 Ἐν
3506 4979 3720 5036 μεσημιι

2135 5071 2294 5142 ϐρινῇ
2331 5070 2521 5141 σκοτίᾳ
2545 5067 2859 5138 φεύγουσιν,
2888 5064 3206 5135 ἐξέστησαν,
3237 5062 3311 5133 μὴ
3342 5058 3535 5130 ἀχθῇς.
3567 5057 3719 5128 Hap-

2133 5162 2417 5233 οικήσουσί
2470 5178 2554 5214 σοι
2605 5162 2655 5214 οι
2697 5159 2936 5229 φυγάδες
2979 5153 3176 5210 Μωάϐ.
3217 5153 3470 5207 Ἔσονται
3537 5147 3716 5218 σκέπη

2135 5255 2266 5324 ὑμίν
2298 5254 2406 5307 ἀπὸ
2434 5251 2728 5324 προσώπου
2778 5249 3084 5310 διώκοντος,
3107 5246 3190 5298 ὅτι
3223 5244 3365 5315 ηρθη
3409 5244 3442 5314 ἡ
3494 5256 3718 5311 συμμα-

2131 5346 2227 5417 χία
2263 5362 2376 5408 σου,
2408 5346 2503 5398 καὶ
2538 5347 2567 5398 ὁ
2599 5343 2784 5415 ἄρχων
2805 5339 3052 5395 ἀπώλετο
3078 5340 3108 5392 ὁ
3133 5335 3472 5391 καταπατῶν
3503 5333 3596 5386 ἐπὶ
3618 5331 3718 5401 τῆς

2133 5437 2256 5508 γῆς.
2311 5438 2421 5490 Καὶ
2459 5434 2886 5508 διορθωθήσεται
2921 5432 3036 5501 μετ’
3077 5430 3259 5492 ἐλέους
3312 5430 3342 5481 ὀ
3371 5427 3580 5498 θρόνος,
3621 5425 3717 5478 καὶ

2131 5529 2404 5584 καθιεῖται
2431 5531 2519 5581 ἐπ’
2547 5525 2715 5581 αὺτοῦ
2743 5525 2879 5596 μετὰ
2919 5523 3176 5593 ἀληθείας
3221 5523 3278 5574 ἐν
3320 5524 3493 5592 σκηνῇ
3529 5517 3714 5581 Δαυῖδ,

2132 5622 2332 5691 κρίνων
2365 5620 2457 5676 καὶ
2501 5616 2744 5687 ἐκζητῶν
2775 5617 2970 5686 κρῖμα,
3005 5615 3098 5668 καὶ
3139 5611 3384 5670 σπεύδων
3445 5608 3716 5665 δικαιοσύ-

523 5775 540 5791 ·
573 5766 829 5830 Fortasse
862 5771 1178 5844 legendum,
1225 5772 1528 5828 ἁλώσεσθαι
1577 5775 1662 5833 vel
1701 5774 1962 5832 ὀλεισθαι.
2001 5776 2156 5833 Εοιτ.
