4118 6418
421 344 516 400 201

1369 341 1692 394 CUMMENI
1709 340 1873 391 ARIA
1914 342 1979 392 ΙΝ
2023 341 2273 397 ISAlAM.
2310 370 2380 380 -—
2408 338 2561 395 CAP.
2602 337 2743 393 XVI.

3562 348 3670 406 2ϋὶ

421 479 519 534 νην
546 481 563 514 ι
607 462 803 533 .Ὀρᾷς
834 460 893 514 τὸ
924 459 1107 531 θαῦμα
1151 458 1244 512 τοῦ
1292 460 1451 527 λόγου
1498 461 1555 513 ὲν
1600 460 1676 529 τῷ
1714 458 1991 529 συμπερά-

2096 460 2385 527 juSIitiam.
2420 479 2438 512 ι
2473 459 2656 516 Viden’
2688 457 2953 515 sermonis
2979 459 3278 518 mirabilem
3311 463 3364 519 in
3415 464 3521 522 line
3550 484 3673 537 pro-

423 573 590 627 σματι
623 556 717 625 τῆς
762 554 1097 626 προφητείας
1133 553 1539 624 περιεχόμενον.
1573 552 1732 607 Κατά
1758 553 1817 605 τὸ
1861 552 1995 604 αὐτὸ

420 654 530 722 γὰρ
580 650 840 713 θεσπίσας
890 651 1218 720 ἀφανισμὸν,
1267 648 1678 717 εὐαγγελίζεται
1738 649 1991 713 ὲλπίδας’

423 740 625 812 σκηνὴν
675 739 837 794 Δαυῒδ
863 742 1060 811 φήσας,
1090 738 1185 792 καὶ¹
1233 738 1420 809 θρόνον
1467 737 1602 791 Θεοῦ
1644 740 1772 810 παρ’
1814 739 1997 804 αὐτοῖς

420 833 788 904 συστήσασθαι
809 849 823 863 υ
857 831 1145 887 καὶταῦτα
1172 830 1389 884 ἔσεσθαι
1414 831 1595 883 οὐκέτι
1633 831 1692 897 ἐξ
1724 829 1997 903 ἀνθρωπί-

419 943 516 997 νης
545 926 691 990 τινὸς
723 924 979 995 σπουδῆς,
1007 924 1121 978 ἀλλ’
1174 922 1235 987 ἐξ
1284 922 1464 987 ἐλέους
1510 922 1643 975 Θεοῦ
1689 922 1785 975 καὶ
1812 922 1998 993 φιλαν-

418 1016 686 1088 θρωπίας.
743 1016 834 1070 Διὸ
880 1016 1129 1069 λέλεκται
1170 1014 1313 1069 κατὰ
1364 1014 1456 1067 τὸν
1514 1013 1764 1079 Ἀκύλαν,
1812 1033 1831 1065 ι
1886 1015 1997 1067 Καὶ

418 1110 873 1181 ἐτοιμασθήσεται
931 1110 989 1163 ὲν
1041 1108 1175 1179 ἐλέῳ
1239 1107 1464 1179 θρόνος’
1521 1125 1540 1159 ι
1594 1104 1736 1161 κατά
1799 1105 1857 1159 δὲ
1905 1105 1997 1158 τὸν

415 1202 766 1269 Θεοδοτίωνα,
800 1221 819 1254 ι
859 1202 970 1254 Καὶ
1012 1198 1463 1271 ὲτοιμασθήσεται
1513 1200 1628 1270 μετ’
1656 1197 1835 1262 ὲλέους
1875 1198 1999 1270 θρό-

416 1309 525 1356 νος.
572 1311 590 1343 ι
626 1292 743 1345 Τίνι
798 1292 855 1344 δὲ
903 1289 1447 1361 ὲτοιμασθήσεται,ἢ
1501 1289 1716 1351 πάντως
1760 1305 1864 1340 που
1919 1286 1998 1357 τῷ

416 1383 657 1455 Χριστῷ,
682 1383 759 1454 τῷ
787 1384 851 1436 ἐκ
878 1382 1190 1453 σπέρματος
1219 1379 1380 1434 Δαυῒδ
1400 1378 1810 1450 γεγεννημένῳ;
1844 1379 2000 1431 ’Ἐσε-

420 1476 543 1529 σθαι
576 1477 754 1529 τοίνυν
803 1474 953 1547 παρά
1000 1477 1113 1539 τοῖς
1156 1473 1477 1536 Μωαϐίταις
1519 1472 1708 1545 θρόνον
1760 1470 1997 1543 Χριστοῦ

418 1586 605 1639 φησιν,
636 1569 695 1621 ἐν
783 1566 1050 1621 καθιεῖται
1082 1566 1221 1637 μετὰ
1255 1564 1513 1633 ἀληθείας
1545 1565 1602 1617 ἐν
1642 1565 1816 1634 σκηνῇ
1834 1561 1998 1615 Δαυῒδ

416 1661 900 1730 γεννηθησόμενος.
935 1657 1090 1713 Οῦτω
1130 1657 1186 1711 δὲ
1214 1656 1399 1711 καλεῖν
1446 1655 1603 1709 εἴωθε
1636 1653 1697 1707 τό
1726 1672 1997 1725 προφητι-

414 1751 510 1806 κὸν
548 1753 764 1822 πνεῦμα
790 1751 887 1822 τὴν
927 1749 1251 1821 Ἐκκλησίαν
1286 1750 1379 1802 τοῦ
1411 1747 1546 1803 Θεοῦ
1571 1764 1586 1779 ο
1621 1748 1745 1801 ἐπεὶ
1777 1748 1869 1801 καὶ
1904 1744 1998 1800 τὸν

2097 552 2296 622 phetiae
2318 553 2677 608 oeconomiam
2705 554 2729 607 ?
2756 551 2890 608 Nam
2916 564 3203 626 postquam
3236 556 3507 612 excidium
3536 563 3678 615 vati-

2098 647 2310 702 cinatus
2334 654 2437 713 est,
2462 646 2649 702 eodem
2685 654 2929 715 tempore
2953 661 3100 718 spem
3133 648 3330 702 bonam
3359 650 3671 711 annuntiat.

2098 734 2309 799 dicens,
2346 736 2755 792 tabernaculum
2804 737 2973 793 David
3002 746 3057 793 et
3108 740 3357 795 thronum
3405 741 3497 797 Dei
3530 745 3670 813 apud

2100 824 2220 881 illos
2261 826 2703 883 constituendum
2752 842 2921 893 esse;
2973 829 3196 898 haacque
3265 844 3372 885 non
3434 832 3669 887 humana

2098 916 2329 986 quadam
2368 931 2534 986 Opera
2562 926 2615 971 et
2642 917 3006 974 sollicitudine
3030 961 3044 982 ,
3083 922 3175 974 sed
3204 937 3268 975 ex
3298 922 3670 979 misericordia

2099 1018 2155 1063 et
2180 1009 2467 1064 clementia
2499 1007 2616 1063 Dei.
2642 1008 2822 1074 Quare
2841 1011 3138 1066 secundum
3166 1011 3417 1082 Aquilam
3450 1016 3669 1081 dicitur,

2104 1120 2124 1153 ι
2168 1102 2236 1156 Et
2256 1102 2655 1172 praeparabitur
2687 1103 2739 1155 in
2786 1102 3162 1158 misericordia
3207 1106 3473 1173 thronus;
3513 1126 3531 1160 ι
3583 1125 3672 1165 se-

2100 1195 2335 1250 cundum
2385 1195 2810 1249 Theodolionem
2862 1210 3028 1261 vero,
3083 1214 3101 1247 ι
3156 1196 3219 1249 Ει
3281 1201 3672 1269 prmparabitur

2098 1302 2222 1341 cum
2254 1286 2628 1341 misericordia
2658 1288 2903 1343 thronus.
2945 1306 2964 1339 ι
3005 1287 3102 1342 Cui
3133 1299 3311 1343 autem
3342 1292 3675 1361 praeparabi-

2102 1386 2210 1442 tur,
2244 1379 2346 1432 nisi
2375 1376 2535 1447 plane
2556 1378 2777 1432 Christo
2801 1418 2815 1443 ,
2846 1379 2937 1448 qui
2970 1394 3035 1433 ex
3064 1380 3279 1435 semine
3310 1381 3475 1437 David
3516 1395 3673 1440 natus

2100 1479 2183 1525 est
2206 1470 2230 1523 ?
2253 1469 2341 1524 Ait
2368 1470 2532 1541 igitur
2551 1471 2693 1540 apud
2724 1469 2988 1526 Moabitas
3014 1472 3213 1528 Christi
3244 1473 3495 1531 thronum
3527 1476 3674 1532 futu-

2100 1578 2219 1616 rum
2246 1577 2386 1628 esse,
2432 1562 2484 1617 in
2510 1577 2618 1633 quo
2650 1578 2771 1617 cum
2801 1564 3031 1618 veritate
3075 1566 3286 1621 sedebit
3313 1566 3359 1622 is
3389 1568 3480 1638 qui
3510 1569 3560 1623 in
3595 1580 3673 1623 ta-

2099 1653 2395 1708 bernaculo
2426 1652 2595 1709 David
2624 1654 2931 1708 nasciturus
2971 1666 3076 1709 est.
3132 1654 3221 1711 Sic
3270 1673 3432 1727 porro
3466 1675 3677 1715 nuncuo

2102 1761 2231 1814 pare
2287 1746 2423 1801 solet
2477 1745 2713 1814 Spiritus
2765 1748 3113 1816 prOpbeticus
3170 1749 3468 1805 Ecclesiam
3530 1753 3671 1806 Dei:

413 1843 647 1917 Χριστὸν
678 1843 839 1898 αὐτὸν
871 1843 1033 1896 Δαυῒδ
1058 1840 1345 1913 ὀνομάζειν
1370 1840 1509 1907 έθος,
1534 1839 1622 1892 διὰ
1652 1838 1714 1892 τὸ
1741 1838 1806 1891 ἐκ
1831 1835 1991 1908 σπέρ-

2102 1852 2224 1892 nam
2258 1839 2430 1906 ipsum
2474 1850 2691 1906 quoque
2719 1834 2995 1892 Christum
3030 1839 3285 1893 Davidem
3318 1856 3516 1895 vocare
3546 1857 3676 1896 con-

417 1954 584 2009 ματος
636 1935 799 1989 Δαυῒδ
846 1935 983 1989 κατά
1033 1936 1213 2006 σάρκα
1257 1930 1617 2004 γεγεννῆσθαι
1672 1930 1855 1984 αὐτόν.
1908 1929 1999 1982 Διὸ

414 2029 619 2100 σκηνὴν
653 2027 750 2098 μὲν
782 2026 944 2079 Δαυῖδ
986 2026 1084 2095 τὴν
1113 2024 1439 2095 Ἐκκλησίαν
1490 2021 1775 2087 ἀποκαλεῖ,
1809 2020 1997 2092 θρόνον

411 2120 578 2175 δὲτδν
617 2120 710 2173 ἐπὶ
733 2119 931 2190 ταύτης
960 2118 1051 2170 τὸν
1098 2117 1198 2188 τῆς
1238 2115 1561 2186 Ἐκκλησίας
1598 2113 1891 2187 πρόεδρον,
1938 2112 1996 2178 ὃς

412 2215 504 2268 τὸν
547 2213 857 2286 σωματικὸν
904 2212 1091 2282 ἐπέχει
1134 2210 1345 2282 θρόνον,
1388 2208 1550 2263 τόπον
1596 2207 1777 2278 τηρῶν
1808 2205 1997 2277 ῶσπερ

413 2307 506 2360 τοῦ
546 2304 805 2379 Χριστοῦ.
840 2305 1022 2374 ’Ἃπερ
1048 2303 1124 2367 ὼς
1175 2305 1232 2356 ὲν
1283 2300 1599 2373 μυστηρίοις
1640 2299 1786 2353 κατά
1835 2299 1996 2370 μέσον

413 2399 512 2468 τῆς
535 2394 866 2466 προφητείας
891 2411 1029 2465 παρε
1039 2392 1357 2465 μϐέϐληται,
1385 2391 1479 2445 τοῦ
1501 2391 1656 2459 ἁγίου
1681 2388 1997 2459 Πνεύματος

415 2488 599 2559 μόνοις
624 2489 735 2551 τοῖς
754 2485 1004 2557 μέλλουσι
1042 2484 1297 2548 συνιέναι,
1333 2485 1430 2537 καὶ
1455 2483 1553 2554 τῆς
1590 2482 1794 2536 τούτων
1818 2481 1997 2548 ἀξιοῦ-

413 2580 538 2634 σθαι
569 2578 822 2651 θεωρίας,
849 2577 946 2649 τὴν
971 2577 1174 2631 τούτων
1198 2578 1400 2646 γνῶσιν
1430 2575 1890 2647 ταμιευσαμένου.

487 2781 505 2813 ι
561 2760 905 2832 Ἠκούσαμεν
940 2759 1039 2831 τὴν
1074 2757 1229 2832 ὓϐριν
1256 2757 1459 2812 Μωάϐ’
1496 2756 1756 2828 ὑϐριστὴς
1788 2753 1995 2825 σφόδρα

408 2854 510 2927 τὴν
555 2854 944 2926 ὑπερηφανίαν,
976 2855 1071 2907 καὶ
1114 2854 1147 2924 ὴ
1201 2850 1357 2923 ῦϐρις
1388 2849 1554 2903 αὑτοῦ
1602 2849 1699 2904 καὶ
1745 2849 1778 2919 ή
1832 2848 1994 2919 μῆνις

411 2947 577 3003 αὐτοῦ
600 2965 613 2978 ·
642 2948 739 3018 οὐχ
763 2947 936 3010 οὔτως
967 2947 1001 3017 ἡ
1048 2944 1281 3017 μαντεία
1330 2960 1447 3007 σου,
1491 2942 1590 3013 οὐχ
1618 2940 1809 3005 οὕτως.
1849 2940 1995 2995 Ὀλο-

408 3039 557 3104 λύξει
590 3040 797 3095 Μωάϐ·
847 3041 905 3092 ὲν
959 3038 1067 3110 γὰρ
1101 3040 1169 3108 τῇ
1208 3034 1512 3090 Μωαϐίτιδι
1563 3034 1761 3098 πάντες
1811 3032 1992 3086 ὀλολύ-

410 3132 587 3197 ξουσι·
641 3135 754 3196 τοῖς
806 3130 1120 3185 κατοικοῦσι
1163 3128 1220 3182 δὲ
1250 3126 1358 3199 Σὴθ
1394 3126 1727 3197 μελετήσεις,
1766 3125 1858 3180 καὶ
1891 3125 1991 3178 οὐκ

2101 1929 2319 1994 suevit,
2372 1930 2499 1999 quia
2546 1945 2613 1984 ex
2658 1932 2865 1985 semine
2908 1930 3076 1986 David
3127 1935 3421 1987 secundum
3451 1947 3675 1990 carnem

2101 2028 2262 2073 natus
2296 2029 2398 2075 est.
2430 2020 2792 2087 Quamobrem
2822 2021 3120 2078 Ecclesiam
3152 2024 3372 2093 quidem
3419 2026 3676 2081 taberna0

2100 2110 2278 2165 culum
2335 2111 2502 2167 David
2539 2114 2819 2183 appellat,
2875 2116 3129 2169 thronum
3184 2126 3366 2173 autem
3433 2116 3675 2188 ejusdem

2099 2202 2356 2258 Ecclesia:
2368 2204 2673 2273 praesidem,
2690 2207 2779 2275 qui
2799 2221 3114 2275 corporeum
3140 2212 3393 2263 thronum
3424 2218 3675 2279 occupat,

2099 2303 2263 2365 atque
2289 2310 2384 2349 ceu
2412 2293 2613 2350 Christi
2657 2297 2829 2352 locum
2869 2306 3030 2354 tenet.
3079 2299 3230 2365 Quae,
3253 2313 3351 2353 ceu
3382 2300 3437 2353 in
3468 2310 3677 2370 myste-

2098 2387 2217 2451 riis,
2250 2386 2304 2441 in
2352 2387 2532 2441 medio
2579 2389 2870 2458 prophetia:
2899 2389 3101 2444 inserla
3136 2399 3280 2454 sunt,
3308 2388 3511 2459 Spiritu
3550 2405 3678 2446 san-

2103 2488 2191 2533 cto
2224 2479 2415 2533 horum
2440 2480 2692 2535 notitiam
2732 2481 2799 2535 iis
2848 2490 3060 2536 tantum
3094 2482 3182 2552 qui
3214 2480 3568 2549 intellecturi,
3620 2491 3677 2538 et

2097 2569 2359 2626 harumce
2408 2587 2589 2627 rerum
2639 2574 2953 2643 spectaculo
2998 2576 3145 2646 digni
3186 2574 3418 2631 habendi
3474 2583 3672 2647 erant,

2098 2673 2435 2721 reservante.

2171 2755 2335 2813 Vens.
2381 2756 2454 2825 6,
2493 2758 2541 2811 7.
2601 2776 2621 2810 ι
2668 2757 2985 2814 Audivimns
3035 2762 3418 2819 contumeliam
3470 2762 3627 2818 Moab
3656 2805 3671 2830 ,

2096 2850 2521 2907 contumeliosus
2545 2851 2702 2905 valde
2727 2854 3001 2923 superbia,
3018 2864 3071 2909 et
3094 2858 3419 2911 contumelia
3447 2858 3585 2928 ejus,
3619 2869 3677 2913 ot

2096 2944 2175 3000 ira
2206 2945 2323 3014 ejus
2356 2963 2369 2998 :
2404 2960 2507 3000 non
2558 2947 2636 3001 sic
2671 2947 2937 3003 divinatio
2976 2960 3063 3003 tua
3092 2990 3107 3015 ,
3142 2965 3246 3004 non
3296 2950 3398 3006 sic.
3436 2950 3675 3007 Ululabit

2096 3034 2253 3092 Moab
2290 3056 2302 3091 :
2340 3052 2465 3092 nam
2496 3038 2549 3092 in
2581 3037 2874 3096 Moabitide
2918 3056 3110 3097 omnes
3156 3041 3479 3099 ululabunt:
3514 3046 3674 3099 habi—

2098 3128 2334 3182 tantibus
2364 3125 2495 3184 Seth
2520 3130 2869 3186 meditaberis
2891 3142 2945 3185 et
2970 3148 3074 3186 non
3109 3134 3478 3192 confunderis.
3510 3156 3530 3190 ι
3566 3139 3672 3193 Ge-

409 3225 748 3297 ὲντραπήσῃ.
786 3244 803 3275 ι
841 3224 952 3293 Ούχ
978 3224 1162 3295 ὅμοιαι
1223 3222 1275 3274 αἱ
1306 3220 1534 3292 πράξεις
1558 3222 1671 3283 τοῖς
1698 3219 1794 3289 τῆς
1821 3218 1990 3289 ὑπερ-

2096 3228 2176 3274 sta
2223 3221 2471 3293 superbis
2501 3222 2659 3277 dictis
2690 3223 2883 3278 similia
2914 3240 3018 3279 non
3056 3236 3215 3293 sunt;
3249 3230 3362 3282 sive
3405 3230 3531 3298 quia
3564 3230 3675 3285 Deo

411 3315 639 3386 ηφανίας
665 3315 842 3383 λόγοις
865 3331 878 3344 ο
907 3315 940 3385 ἢ
975 3314 1069 3367 καὶ
1092 3312 1279 3383 ἐπειδὴ
1311 3312 1453 3383 μέγα
1478 3311 1734 3384 ἐφρόνουν
1779 3310 1872 3363 ἐπὶ
1913 3308 1992 3381 τῷ

412 3405 621 3460 ἑαυτῶν
657 3405 782 3477 θεῷ,
828 3406 921 3459 καὶ
966 3408 1087 3469 ταῖς
1119 3403 1308 3457 τούτου
1341 3404 1617 3475 μαντείαις
1638 3420 1651 3435 ’
1696 3404 1794 3474 οὐχ
1826 3400 1989 3465 οὕτω,

413 3501 599 3572 φησιν,
626 3500 799 3564 ἔσται,
836 3500 997 3553 ὁποῖα
1048 3497 1374 3570 μαντεύεται
1416 3499 1445 3552 6
1487 3499 1619 3570 παρ’
1653 3498 1836 3560 αὐτοῖς
1877 3495 1995 3550 δαί-

413 3610 550 3665 μων,
583 3590 692 3645 οὐδ’
749 3594 910 3647 ὁποῖα
940 3591 1026 3645 διὰ
1073 3592 1338 3664 χρησμῶν
1384 3594 1496 3655 τοῖς
1529 3588 1989 3661 ὲξαπατωμένοις,

409 3686 505 3738 καὶ
529 3684 660 3737 Θεὸν
687 3685 848 3738 αὐτὸν
877 3680 1017 3738 εἶναι
1042 3684 1356 3756 νομίζουσιν
1388 3682 1784 3757 ἐπηγγέλλετοο
1819 3682 1848 3733 6
1883 3680 1993 3753 γὰρ

409 3775 579 3830 ἐπιὼν
600 3776 789 3849 χρόνος
810 3776 1013 3830 τούτων
1035 3776 1214 3830 αὐτῶν
1237 3776 1298 3830 τὸ
1328 3775 1524 3846 ψεῦδος
1550 3774 1833 3843 διελέγξει.

485 3888 504 3919 ι
545 3868 627 3920 Τά
671 3869 828 3923 πεδία
871 3868 1105 3922 Ἐσεϐὼν
1149 3869 1429 3939 πενθήσει,
1469 3866 1713 3938 ἄμπελος
1739 3864 1990 3935 Σαϐαμά,

409 3961 801 4022 καταπίνοντες
826 3960 894 4012 τὰ
916 3960 1066 4031 ἔθνη,
1113 3960 1540 4029 καταπατήσατε
1574 3957 1671 4021 τάς
1716 3957 1993 4027 ἀμπέλους

409 4052 603 4122 αὐτῆς,
631 4051 735 4114 ἓως
769 4047 949 4120 Ἰαξὴρ
997 4051 1057 4102 ού
1094 4051 1168 4121 μὴ
1205 4049 1500 4120 συνάψητε,
1540 4048 1849 4120 πλανήθητε
1894 4048 1992 4121 τὴν

407 4142 643 4217 ἔρημον·
674 4144 724 4195 οί
756 4141 1159 4212 ἀπεσταλμένοι
1189 4140 1703 4212 ὲγγατελείφθησαν,
1738 4140 1992 4211 διέϐησαν

405 4236 512 4309 γὰρ
542 4234 678 4306 πρὸς
699 4235 797 4305 τὴν
821 4234 1117 4290 θάλασσαν.
1152 4233 1252 4287 Διά
1278 4232 1437 4287 τοῦτο
1466 4232 1771 4304 κλαύσομαι
1799 4234 1874 4297 ὡς
1903 4232 1993 4286 τὸν

406 4328 681 4399 κλαυθμὸν
718 4327 920 4399 Ἰαζὴρ,
950 4326 1193 4398 ἄμπελον
1228 4325 1480 4397 Σαϐαμά.
1528 4325 1606 4379 Τά
1658 4325 1847 4397 δένδρα
1899 4342 1991 4377 σου

406 4420 702 4476 κατέϐαλεν
738 4418 973 4472 Ἐσεϐὼν
999 4417 1095 4471 καὶ
1129 4417 1375 4489 Ἐλεαλὴ,
1401 4418 1485 4470 ὅτι
1515 4417 1610 4471 ἐπὶ
1638 4416 1717 4488 τῷ
1748 4415 1992 4487 θερισμῷ

404 4518 500 4571 καὶ
540 4516 633 4569 ἐπὶ
678 4516 755 4587 τῷ
806 4512 1065 4586 τρυγητῷ
1111 4529 1205 4565 σου
1256 4514 1649 4584 καταπατήσω,
1682 4511 1775 4564 καὶ
1810 4510 1989 4563 πάντα

404 4607 723 4663 πεσοῦνται.
750 4606 862 4660 Καὶ
890 4605 1190 4678 ἀρθήσεται
1222 4603 1527 4675 εὐφροσύνη
1559 4603 1653 4657 καὶ
1672 4600 1986 4673 ἀγαλλίαμα

403 4704 469 4757 ὲκ
494 4702 601 4755 τῶν
631 4699 988 4772 ἀμπελώνων,
1020 4699 1116 4751 καὶ
1140 4698 1199 4751 ὲν
1220 4698 1332 4761 τοῖς
1356 4697 1641 4767 ἀμπελῶσι
1672 4712 1765 4749 σου
1811 4696 1870 4747 ού
1908 4695 1982 4765 μὴ

403 4790 885 4863 εὐφρανθήσονται,
914 4787 1010 4841 καὶ
1034 4788 1094 4840 οὐ
1135 4787 1209 4857 μὴ
1253 4787 1584 4856 πατήσουσιν
1607 4779 1745 4839 οἶνον
1786 4786 1864 4848 εἰς
1913 4784 1983 4837 τὰ

403 4884 667 4954 ὑπολήνια
690 4900 703 4912 ·
731 4880 1007 4935 πέπαυται
1030 4880 1157 4951 γάρ,
1188 4899 1205 4930 ι
1238 4877 1499 4949 Σημαίνει
1518 4876 1574 4931 δὲ
1602 4876 1691 4931 διὰ
1717 4878 1816 4947 τῆς
1838 4877 1981 4931 ὀπώ-

406 4993 503 5045 ρας
534 4972 740 5027 καὶτοῦ
768 4969 1050 5043 θερισμοῦ,
1085 4970 1181 5023 καὶ
1223 4967 1311 5021 διὰ
1350 4968 1451 5040 τῆς
1481 4967 1741 5031 πολλάκις
1786 4970 1983 5039 ὀνομα-

405 5065 624 5136 σθείσης
650 5063 896 5136 ἀμπέλου
946 5063 1008 5116 τὸ
1063 5060 1288 5125 εὐθαλὲς
1337 5060 1433 5115 καὶ
1481 5062 1737 5132 ἄκμαιον,
1783 5061 1877 5113 καὶ
1922 5056 1985 5114 τὺ

404 5158 670 5229 τρυφερὸν
710 5159 799 5212 καὶ
829 5158 1032 5229 ὡραῖον
1068 5155 1169 5225 τῆς
1196 5153 1305 5208 τῶν
1337 5153 1682 5225 δηλουμένων
1722 5152 1888 5224 ζωῆς,
1923 5156 1982 5206 ὲν

401 5245 436 5324 ᾖ
481 5248 669 5320 ὥσπερ
729 5248 1016 5319 μεθύοντες
1086 5247 1273 5317 διῆγον
1330 5246 1822 5317 ἐνευφραινόμενοι,
1887 5246 1981 5299 καὶ

400 5340 769 5414 ἐντρυφῶντες
794 5342 887 5393 ἐπὶ
909 5344 1030 5403 ταῖς
1057 5338 1240 5402 ἀθέοις
1264 5337 1443 5391 αὐτῶν
1475 5337 1833 5402 δυσσεϐείαις.

477 5451 497 5483 ‹
525 5429 625 5483 Διά
651 5430 809 5485 τοῦτο
842 5434 876 5501 ἡ
909 5430 1089 5484 κοιλία
1136 5448 1235 5502 μου
1290 5429 1383 5483 ἐπὶ
1428 5427 1601 5482 Μωάϐ
1647 5427 1724 5492 ὡς
1779 5429 1979 5501 κιθάρα

397 5524 614 5596 ἠχήσει,
644 5522 737 5575 καὶ
782 5521 847 5574 τὰ
887 5522 1038 5586 ἐντός
1064 5538 1165 5592 μου
1193 5519 1324 5575 ὡσεὶ
1349 5522 1526 5590 τεῖχος
1558 5518 1586 5571 ὃ
1617 5519 1978 5583 ὲνεκαίνισας,

401 5619 499 5672 καὶ
533 5617 685 5670 ἔσται
730 5616 809 5678 είς
858 5613 919 5667 τὸ
968 5612 1302 5685 ἐντραπῆναί
1355 5631 1435 5666 σε.
1479 5632 1495 5664 ι
1537 5614 1691 5665 Κατὰ
1735 5610 1791 5665 δὲ
1823 5612 1980 5680 λόγον

400 5709 715 5782 βαθύτερον,
741 5706 879 5779 πρὸς
917 5706 1077 5759 αὐτὸν
1109 5707 1203 5758 καὶ
1223 5706 1318 5759 νῦν
1350 5708 1377 5758 ό
1408 5705 1588 5774 λόγος,
1622 5704 1758 5776 πρὸς
1794 5703 1851 5757 ὃν
1886 5704 1978 5756 καὶ

396 5800 480 5867 τὸ,
519 5818 541 5853 ι
573 5799 706 5855 ὡσεὶ
730 5801 904 5868 τεῖχος
926 5797 956 5850 ὃ
993 5796 1349 5859 ὲνεκαίνισας,
1394 5815 1413 5847 ι
1438 5793 1637 5867 δηλαδή
1682 5794 1773 5849 τὸν
1821 5793 1973 5848 Θεόν.

638 5897 911 5955 ΡΑτιιοι..
965 5893 1084 5955 Gn.
1148 5892 1379 5954 XXIV.

2094 3326 2191 3366 suo
2213 3352 2229 3378 ,
2258 3312 2481 3382 ejusque
2519 3312 2788 3368 vaticiniis
2818 3314 3051 3368 multum
3096 3316 3329 3371 ﬁdebant
3364 3335 3379 3372 :
3414 3334 3521 3374 non
3551 3320 3627 3374 ita
3654 3362 3669 3382 ,

2094 3403 2311 3474 inquit,
2341 3407 2451 3460 erit
2494 3414 2555 3459 ut
2581 3404 2915 3460 vaticinatur
2942 3408 3151 3462 dzemon
3201 3408 3413 3465 illorum
3439 3451 3456 3478 ,
3497 3425 3673 3482 neque

2094 3505 2153 3551 nt
2182 3496 2269 3561 iis,
2301 3497 2395 3565 qui
2428 3496 2636 3565 decepti
2669 3497 2817 3551 illum
2867 3512 2964 3566 pro
2988 3498 3088 3554 deo
3120 3499 3416 3567 habebant,
3446 3501 3672 3557 oraculo

2093 3587 2449 3657 pollicebatur
2480 3606 2494 3641 :
2533 3587 2771 3643 futurum
2806 3588 3001 3657 quippe
3034 3597 3243 3658 tempus
3283 3591 3404 3647 illos
3450 3594 3674 3648 mendao

2092 3679 2164 3733 cii
2189 3690 2398 3749 arguet.

2165 3859 2331 3917 Vsus.
2386 3860 2552 3917 8-10.
2608 3880 2628 3914 ι
2666 3860 2929 3915 Planities
2971 3861 3183 3918 Esebon
3222 3863 3466 3933 lugebit,
3514 3865 3673 3920 vinea

2095 3953 2327 4009 Sabama
2354 3996 2369 4022 ,
2407 3955 2498 4025 qui
2554 3954 2830 4027 deglutitis
2857 3965 3044 4024 gentes
3072 3997 3088 4023 ,
3116 3957 3435 4012 conculcate
3476 3957 3670 4014 vineas

2092 4046 2231 4116 ejus,
2261 4062 2434 4118 usque
2477 4044 2637 4102 Jazer
2679 4061 2746 4101 ne
2793 4046 3099 4119 attingatis,
3136 4055 3318 4102 errate
3360 4063 3457 4118 per
3489 4048 3674 4103 deser-

2094 4150 2207 4194 tum
2242 4157 2256 4193 :
2294 4139 2445 4193 missi
2481 4139 2726 4195 derelicti
2764 4151 2926 4205 sunt,
2962 4142 3398 4211 pertransierunt
3427 4143 3570 4196 enim
3604 4142 3673 4195 ad

2092 4247 2259 4287 mare.
2288 4230 2410 4288 Ideo
2436 4232 2662 4302 plorabo
2692 4242 2968 4303 tamquam
3001 4234 3211 4303 ploratu
3246 4232 3427 4300 Jazer,
3455 4234 3670 4288 vineam

2094 4325 2351 4385 Sabama.
2398 4328 2638 4383 Arbores
2673 4338 2793 4382 tuas
2839 4326 3040 4396 dejecit
3088 4327 3298 4382 Esebon
3351 4336 3406 4381 et
3451 4325 3670 4388 Elt-ale.

2092 4418 2218 4487 quia
2268 4433 2503 4474 messem
2555 4430 2609 4473 et
2639 4420 2966 4473 vindemiam
3007 4430 3155 4475 tuam
3192 4418 3568 4483 conculcabo,
3619 4427 3674 4474 et

2093 4512 2275 4565 omnia
2324 4511 2643 4568 cadenLEt
2691 4512 2911 4567 tolletur
2952 4512 3137 4568 laetitia
3176 4526 3230 4569 et
3261 4512 3561 4572 eXSlﬂtﬂtiL‘
3603 4512 3673 4571 J‘?

2094 4603 2271 4659 vineis
2301 4620 2315 4657 :
2344 4612 2399 4658 et
2432 4603 2486 4657 in
2517 4603 2691 4658 vineis
2724 4606 2830 4661 tuis
2860 4606 3205 4672 laetabuntur,
3244 4623 3343 4665 nec
3383 4610 3672 4668 calcabunt

2091 4693 2277 4746 vinum
2314 4693 2367 4748 in
2418 4693 2782 4750 torcularibus
2838 4714 2850 4750 :
2907 4699 3141 4752 cessavit
3174 4700 3341 4753 enim.
3381 4718 3401 4752 ι
3435 4696 3541 4755 Per
3569 4719 3670 4755 au-

2092 4793 2336 4838 tumnum
2385 4794 2441 4841 et
2475 4801 2706 4842 messem
2734 4828 2749 4852 ,
2803 4804 2867 4843 ac
2919 4805 3019 4860 per
3063 4791 3273 4847 vineam
3313 4793 3508 4861 saepius
3556 4808 3670 4848 me-

2092 4886 2356 4931 moratam
2387 4918 2401 4941 ,
2452 4876 2734 4935 ﬂorentem
2765 4921 2780 4945 ,
2834 4882 3195 4954 voluptariam
3258 4894 3312 4938 et
3368 4884 3665 4951 jucundam

2090 4980 2276 5021 eorum
2306 4968 2471 5022 vitam
2510 4969 2754 5037 indicat,
2786 4986 2889 5041 qua
2938 4989 3036 5028 ceu
3086 4974 3223 5029 ebrii
3264 4974 3528 5044 degebant
3571 4974 3664 5029 ltu-

2093 5068 2269 5115 tantes
2319 5070 2376 5117 et.
2433 5063 2776 5121 lascivientes
2827 5066 2881 5121 in
2935 5065 3158 5122 nefariis
3203 5068 3315 5121 suis
3366 5067 3666 5137 impietatb-

2089 5151 2209 5207 bus.

2163 5422 2326 5484 Vens.
2377 5427 2466 5487 ll.
2496 5447 2516 5481 ι
2553 5429 2678 5486 Ideo
2710 5443 2899 5489 venter
2929 5449 3084 5490 meus
3116 5447 3280 5502 super
3308 5431 3465 5485 Moab
3505 5433 3662 5500 quasi

2091 5519 2301 5574 cithara
2347 5520 2604 5587 sonabit,
2649 5531 2703 5576 et
2752 5525 3013 5579 interiora
3065 5537 3182 5577 mea
3226 5522 3380 5591 quasi
3431 5538 3657 5585 murus.

2090 5625 2247 5678 quem
2282 5611 2570 5676 iunovasti,
2606 5624 2658 5669 et
2691 5615 2793 5669 erit
2826 5625 2880 5668 ut
2913 5626 2963 5669 te
2989 5623 3364 5668 revereantur.
3402 5634 3421 5667 ι
3455 5614 3665 5669 Secum

2089 5706 2212 5759 dum
2245 5705 2649 5773 profundiorem
2682 5707 3014 5778 intelligendi
3049 5707 3314 5761 rationem
3346 5749 3361 5773 ,
3391 5722 3513 5761 eum
3548 5708 3660 5777 jam

2086 5795 2383 5866 alloquitur
2437 5796 2520 5852 cui
2552 5795 2676 5852 dicit
2709 5835 2726 5862 ,
2776 5816 2794 5847 ι
2830 5798 2983 5865 quasi
3021 5811 3210 5853 murus
3246 5812 3404 5866 quem
3435 5797 3661 5851 innova-

3297 5895 3335 5954 7
