4118 6392
508 347 614 402 205

1181 346 1444 405 EUSEBII
1482 341 1960 401 CAESARIENSIS
1998 344 2146 401 OPP.
2191 345 2368 402 PARS
2405 346 2494 402 Ill.
2535 377 2602 386 —
2639 344 3046 404 EXEGETICA.

3643 357 3751 414 2οι

508 462 619 526 sti,
677 479 696 513 ›
750 460 1000 516 videlicet
1029 461 1215 514 Deum.
1269 461 1403 528 Quid
1437 475 1568 531 ergo
1596 461 1697 515 sibi
1742 459 1857 514 vult
1911 461 2039 515 illud

2186 460 2249 512 Τί
2294 454 2386 513 οῦν
2422 460 2668 531 βούλεται
2695 461 2757 513 τὸ
2803 462 3088 533 τολμηρῶς
3129 462 3318 518 δοκοῦν
3367 465 3636 538 εἰρῆσθαι,
3665 472 3748 535 τὸ,

507 550 654 620 quod
688 564 818 605 sane
870 560 1070 604 temere
1117 551 1316 605 dictum
1349 551 1613 618 videnlur,
1665 569 1684 600 ι
1728 549 1884 613 Erit,
1931 559 1989 602 ut
2025 558 2076 605 te

507 639 899 694 revereantur?
923 657 940 690 ι
971 637 1108 703 ideo,
1145 638 1337 706 inquit,
1372 637 1555 694 firmas
1593 638 1721 693 mihi
1755 639 1898 693 intus
1931 639 2078 710 cogi-

512 734 746 786 tationes
776 731 1032 800 elargitus
1057 745 1115 786 es
1139 772 1154 797 ,
1202 731 1273 784 ita
1311 741 1370 784 ut
1404 732 1493 800 qui
1528 747 1646 787 sese
1677 733 1742 787 ad
1773 741 1825 786 te
1851 733 2075 786 minime

508 831 847 886 convertunt,
880 822 952 874 tui
985 823 1343 876 reverentiam
1375 823 1629 884 habeant,
1653 824 1721 877 ob
1756 832 2072 893 argumenta

508 929 574 968 ex
599 913 780 967 inditis
809 914 937 967 mihi
966 913 1272 983 praevalidis
1317 915 1740 983 cogitationibus
1773 916 1902 984 ipsis
1925 916 2074 970 obla-

505 1013 582 1058 ta.
613 1003 777 1058 Deest
820 1004 1000 1072 itaque
1043 1003 1171 1058 illud
1197 1045 1213 1069 ,
1251 1022 1269 1056 ι
1308 1005 1408 1074 ipsi
1435 1045 1450 1070 ,
1492 1026 1509 1058 ι
1543 1017 1601 1060 ιιι
1631 1022 1760 1062 sana
1789 1010 2071 1064 verborum

503 1095 770 1150 sententia
799 1095 1077 1162 reddatur,
1113 1115 1130 1146 ι
1168 1096 1232 1150 Et
1257 1096 1361 1151 erit
1395 1106 1453 1150 ut
1479 1098 1576 1168 ipsi
1611 1101 1968 1155 reverentiam
1996 1102 2069 1155 tui

503 1189 759 1244 habeant.
824 1206 841 1238 ι
887 1187 1348 1253 Quemadmodum
1399 1190 1540 1244 enim
1577 1192 1666 1259 qui
1705 1192 1755 1246 in
1792 1193 1943 1250 bellis
1979 1195 2071 1248 ad-

503 1294 659 1335 versa
690 1279 829 1334 facie
858 1280 1184 1344 consistunt,
1219 1282 1455 1350 quandiu
1489 1298 1643 1352 aequo
1673 1295 1845 1340 marte
1876 1303 2072 1357 pugna-

503 1378 612 1434 tur,
643 1387 750 1426 non
788 1361 937 1442 terga
982 1372 1152 1437 dant,
1183 1386 1354 1440 neque
1397 1375 1582 1443 pedem
1627 1376 1909 1443 referunt;
1947 1394 2068 1432 cum

500 1473 680 1518 autem
728 1463 895 1517 altera
949 1478 1072 1532 pars
1107 1464 1403 1533 praevalet,
1443 1473 1566 1519 tunc
1599 1466 1777 1536 fugam
1822 1468 2064 1536 faciunt;

498 1554 575 1609 ita
607 1564 660 1610 et
690 1557 869 1610 anima
907 1555 1250 1625 impudenter
1276 1558 1327 1611 in
1366 1557 1482 1612 acie
1514 1559 1692 1613 stabat
1727 1575 1826 1615 nec
1853 1575 2068 1615 revere-

497 1648 700 1713 batur;
739 1648 904 1701 verbo
938 1655 1117 1702 autem
1165 1648 1366 1706 elﬁcaci
1401 1652 1643 1705 convicta
1672 1691 1687 1714 ,
1719 1651 1770 1705 in
1805 1651 2066 1720 pudorem

497 1747 552 1792 et
583 1738 947 1792 reverentiam
977 1739 1226 1792 vertitur.
1259 1740 1322 1794 Et
1360 1745 1484 1809 quia
1511 1740 1563 1794 in
1597 1743 1809 1796 occulta
1837 1742 2067 1796 hominis

495 1838 650 1898 parte
678 1830 795 1884 haec
815 1831 1097 1884 conversio
1122 1829 1371 1896 efﬁcitur,
1396 1832 1654 1903 ἐντροπὴ,
1685 1831 1798 1887 sive
1827 1833 2062 1902 confusio

496 1931 861 1991 nuncupatur.
895 1921 1016 1975 Ideo
1045 1936 1176 1992 ergo
1207 1933 1398 1976 venter
1427 1923 1642 1978 sonabit
1670 1962 1686 1988 ,
1725 1931 1781 1978 et
1808 1923 2063 1978 interiora

498 2014 657 2082 quasi
693 2029 878 2069 murus
902 2055 916 2079 ,
965 2030 1123 2085 quem
1153 2016 1429 2069 innovavit
1479 2016 1619 2069 Deus
1652 2015 1922 2084 prophetae
1954 2033 1968 2068 :
2006 2025 2064 2069 ut

493 2113 790 2171 mutentur,
817 2114 872 2160 et
896 2106 1314 2171 confundantur,
1351 2107 1627 2176 Deumque
1671 2116 2016 2162 revereantur
2045 2126 2058 2162 :

494 2196 726 2250 antehac
752 2197 901 2250 utilis
924 2199 1149 2266 pudoris
1178 2197 1371 2263 ignari.
1408 2195 1512 2251 Per
1535 2197 1663 2251 illud
1694 2212 1845 2262 sane,

559 2286 722 2342 Vens.
756 2288 843 2341 12.
885 2307 904 2338 ι
957 2288 1091 2355 Quia
1118 2287 1440 2359 defatigatus
1482 2298 1566 2343 est
1590 2288 1742 2343 Moab
1780 2289 1831 2343 in
1864 2288 2057 2343 altari-

487 2375 590 2434 bus
610 2420 628 2445 ,
656 2388 710 2434 et
739 2380 1073 2450 ingredietur
1103 2383 1153 2435 in
1201 2382 1508 2437 manufacta
1550 2383 1614 2436 ad
1659 2383 1923 2437 orandum
1947 2423 1964 2450 ,
2005 2392 2060 2436 et

486 2486 593 2524 non
632 2480 886 2540 poterunt
927 2486 1117 2526 eruere
1153 2472 1299 2526 illum
1326 2513 1341 2537 ,
1382 2492 1399 2525 ι
1436 2472 1667 2528 fortasse
1716 2475 1894 2528 omnis
1940 2474 2056 2528 ido-

479 2561 717 2615 lolatria:
753 2562 1171 2617 destructionem
1213 2603 1228 2622 .
1271 2564 1323 2617 in
1373 2564 1478 2619 fine
1511 2580 1576 2618 ex
1629 2564 1860 2619 adventu
1897 2566 2058 2620 Verbi

486 2653 724 2708 futuram
753 2693 770 2718 ,
814 2653 1144 2708 vaticinatur
1193 2654 1359 2709 Isaias
1406 2672 1418 2708 :
1466 2655 1589 2724 quia
1622 2670 1812 2710 omnes
1844 2655 1896 2709 in
1929 2671 2061 2711 con~

477 2745 764 2802 'strnendis
797 2745 1009 2814 templis
1045 2745 1299 2816 insumpti
1338 2745 1548 2800 labores
1593 2747 1711 2800 vani
1762 2753 1934 2811 sunt,
1976 2748 2059 2800 iii-

487 2836 874 2905 fructuosaque
919 2851 1042 2905 spes
1092 2837 1145 2891 in
1203 2836 1527 2891 manufactis
1573 2824 1778 2906 posita.
1833 2856 1852 2890 ‹
1899 2836 2056 2903 Nam,

482 2929 688 2998 inquit,
733 2929 1003 2997 orabunt,
1045 2941 1096 2985 et
1137 2945 1242 2984 non
1285 2939 1535 3000 pmerunt
1575 2945 1767 2984 eruere
1808 2929 1977 2984 illum.
2033 2951 2051 2983 ›

484 3019 753 3074 Caeterum
810 3020 910 3074 hoc
939 3018 1051 3088 jam
1097 3020 1149 3074 in
1205 3020 1434 3074 adventu
1482 3019 1682 3075 Christi
1731 3021 2054 3092 completum

2185 573 2203 604 ι
2246 553 2438 607 Ἔσται
2459 555 2538 618 είς
2559 557 2618 607 τὸ
2650 555 2982 627 ἐντραπῆναί
3013 573 3094 608 σε.
3132 575 3149 607 ι
3178 557 3274 610 Διὰ
3296 558 3454 612 τοῦτό
3481 577 3592 630 μοι,
3649 579 3753 635 φη-

2178 643 2281 706 σὶν,
2330 643 2578 714 ἰσχυροὺς
2623 644 2860 716 ἐχαρίσω
2902 642 3114 697 ἔνδοθεν
3156 645 3282 708 τοὺς
3325 645 3745 718 διαλογισμούςο

2175 730 2314 784 ὥστε
2337 734 2464 796 τοὺς
2487 733 2582 786 νῦν
2612 733 2689 805 ’μὴ
2717 733 3140 806 ἐπιστρέφοντας
3182 735 3274 788 ἐπὶ
3312 737 3370 788 σὲ
3416 738 3749 810 ἐντραπῆναί
3829 763 3840 768 ·

2177 841 2256 888 σε,
2279 824 2366 876 διὰ
2387 822 2494 876 τῶν
2517 824 2751 895 ἐλέγχων
2780 825 2888 879 τῶν
2913 827 3333 897 προσαγομένων
3365 828 3544 893 αὐτοῖς
3567 831 3630 883 ἐκ
3651 830 3749 904 τῆς

2174 914 2281 969 τῶν
2307 916 2600 988 δεδομένων
2634 935 2720 988 μοι
2737 917 3007 987 λογισμῶν
3038 918 3298 982 εὐτονίας.
3328 920 3517 973 Λείπει
3544 917 3637 975 οὖν
3664 923 3744 991 τὸ,

2181 1027 2199 1060 ι
2229 1009 2446 1072 αὐτοὺς,
2493 1028 2511 1060 ι
2545 1010 2632 1062 ἵνα
2654 1009 2823 1078 ὑγιῶς
2853 1011 2880 1062 ό
2911 1009 3034 1074 νοῦς
3059 1009 3165 1062 τῶν
3193 1010 3450 1081 ῥημάτων
3489 1013 3745 1084 ἀποδοθῇ,

2179 1117 2197 1150 ι
2231 1099 2344 1151 Kal
2385 1099 2535 1151 ἔσται
2563 1101 2641 1161 εἰς
2671 1098 2732 1151 τὸ
2765 1101 3097 1170 ἐντραπῆναι
3131 1100 3326 1163 αὐτούς
3356 1118 3437 1158 σε.
3479 1121 3497 1152 ι
3536 1103 3746 1173 Ὠσπερ

2173 1186 2281 1257 γὰρ
2317 1188 2365 1240 οἱ
2391 1188 2448 1239 ἐν
2476 1191 2590 1251 τοῖς
2619 1187 2873 1260 πολέμοις
2899 1191 3300 1261 ἀντιπρόσωποι
3338 1193 3589 1257 ἑστῶτες,
3642 1195 3749 1259 ἕως

2177 1281 2273 1348 μὲν
2301 1279 2571 1343 ἱσοπαλεῖς
2597 1280 2844 1333 δοκοῦσιν
2875 1279 3030 1346 εἶναι,
3072 1283 3132 1334 οὐ
3184 1283 3473 1354 τρέπονται
3511 1286 3632 1338 οὐδὲ
3656 1289 3746 1340 ἐκ-

2171 1369 2462 1433 κλίνουσιν,
2485 1370 2702 1424 ἐπειδὰν
2721 1371 2775 1424 δὲ
2802 1373 3044 1446 ὑπερέχῃ
3077 1373 3254 1426 αὐτῶν
3277 1375 3336 1426 τὸ
3355 1375 3539 1447 ἕτερον
3560 1376 3742 1448 μέρος,

2169 1463 2468 1534 τραπέντες
2501 1464 2819 1532 φεύγουσιν·
2854 1464 2995 1517 οῦτω
3028 1465 3121 1517 καὶ
3149 1465 3293 1536 ψυχὴ
3320 1466 3423 1518 ὑπὸ
3471 1468 3744 1533 ἀναιδείας

2170 1554 2625 1626 παρατεταγμένη
2649 1555 2878 1626 ἕστηκεν
2899 1557 2998 1610 οὐκ
3019 1557 3406 1628 ἐντρεπομένη,
3433 1557 3743 1630 ἐλεγχθεῖσα

2167 1644 2224 1697 δὲ
2267 1636 2371 1698 ὑπὸ
2420 1646 2578 1714 λόγου
2606 1645 3020 1718 καθαπτομένου
3065 1647 3254 1720 αὐτῆς,
3301 1648 3561 1719 τρέπεται
3606 1651 3743 1722 πρὸς

2169 1737 2450 1807 αἰσχύνην.
2479 1739 2589 1792 Καὶ
2625 1738 2812 1808 ἐπειδὴ
2851 1740 2908 1790 ἐν
2955 1737 3032 1808 τῷ
3061 1737 3289 1810 κρυπτῷ
3311 1738 3408 1792 τοῦ
3450 1739 3740 1812 ἀνθρώπου

2097 1799 2139 1854 Β
2167 1799 2448 1902 γίνεταίή
2473 1830 2670 1902 τροπὴ,
2697 1799 2934 1901 ἐντροπὴ
2965 1799 3424 1902 προσηγόρευται.
3461 1799 3566 1886 Διά
3582 1834 3740 1887 τοῦτο

2175 1922 2266 1979 οὖν
2297 1928 2328 1996 ή
2369 1925 2544 1979 κοιλία
2567 1927 2785 1996 ήχήσει,
2813 1926 2906 1978 καὶ
2935 1925 3001 1978 τά
3035 1925 3203 1990 ἐντὸς,
3234 1927 3364 1979 ὡσεὶ
3406 1929 3581 1998 τεῖχος
3605 1929 3634 1981 δ
3658 1930 3742 1983 ἐν-

2164 2017 2434 2070 εκαίνισεν
2460 2021 2488 2071 ό
2509 2017 2638 2080 Θεὸς
2670 2015 2764 2069 τοῦ
2799 2017 3077 2086 προφήτου
3101 2033 3113 2046 ·
3147 2017 3234 2070 ἵνα
3281 2018 3624 2086 μεταϐάλωσι
3645 2020 3740 2074 καὶ

2162 2109 2488 2179 ἐντραπῶσι,
2521 2107 2613 2161 τοῦ
2657 2106 2921 2162 αἰδεῖσθαι
2975 2107 3128 2169 Θεὸν,
3188 2109 3453 2182 πρότερον
3493 2110 3594 2162 οὐκ
3639 2111 3740 2163 ἐπ-

2164 2201 2437 2272 ιστάμενοι
2464 2205 2560 2272 τὴν
2585 2200 2857 2270 ὠφέλιμον
2885 2198 3165 2270 αἰσχύνην.
3184 2201 3279 2254 Διά
3315 2203 3493 2271 μέντοι
3516 2201 3632 2267 τοῦ,

2236 2312 2255 2345 «
2292 2295 2414 2346 Ὅτι
2445 2293 2701 2346 ἐκοπίασε
2728 2291 2900 2346 Μωὰ6
2939 2293 3031 2344 ἐπὶ
3087 2296 3200 2357 τοῖς
3233 2293 3459 2364 βωμοῖς,
3503 2295 3598 2349 καὶ
3629 2297 3741 2348 εἱσ-

2159 2385 2434 2439 ελεύσεται
2470 2386 2549 2448 είς
2586 2384 2654 2438 τὰ
2708 2382 3080 2455 χειροποίητα,
3130 2385 3271 2438 ῶστε
3316 2385 3736 2457 προσεύξασθαι,

2159 2479 2253 2530 καὶ
2280 2477 2339 2530 οὐ
2372 2476 2446 2548 μή
2467 2476 2724 2530 δύνωνται
2771 2475 3045 2540 ἐξελέσθαι
3086 2477 3246 2530 αὐτόν
3265 2493 3277 2507 ·
3311 2496 3329 2530 ι
3356 2477 3494 2547 τάχα
3521 2478 3614 2531 τὸν
3647 2479 3738 2532 ἐπὶ

2158 2568 2300 2622 τέλει
2336 2569 2644 2640 ἀφανισμὸν
2676 2570 2858 2638 πάσης
2901 2569 3346 2641 εἰδωλολατρείας
3392 2571 3456 2623 ἐκ
3494 2570 3594 2640 τῆς
3638 2569 3736 2623 τοῦ

2159 2660 2318 2729 λόγου
2358 2660 2698 2728 ἐπιφανείας,
2735 2660 3062 2731 προφητεύει
3107 2662 3135 2713 ό
3183 2661 3437 2724 Ἡσαΐαςο
3497 2661 3578 2714 ὃτι
3631 2661 3736 2732 μά·-

2158 2769 2296 2805 ταιοι
2332 2751 2529 2813 πάντες
2569 2753 2617 2802 οἱ
2662 2752 2754 2803 ἐπὶ
2785 2753 2905 2814 ταῖς
2948 2755 3312 2814 κατασκευαῖς
3340 2751 3448 2804 τῶν
3471 2751 3613 2805 ναῶν
3638 2751 3737 2823 μό·

2159 2844 2295 2915 χθοι,
2329 2845 2425 2896 καὶ
2455 2844 2749 2912 ἀνωφελεῖς
2794 2845 2850 2898 αἱ
2893 2845 2972 2908 είς
3013 2844 3081 2896 τὰ
3117 2843 3465 2915 χειροποίητα
3497 2843 3732 2907 ἐλπίδες.

2165 2955 2183 2988 ι
2221 2934 2615 3007 Προσεύξονται
2653 2935 2782 3007 γὰρ,
2817 2936 2970 3005 φησὶ,
3005 2937 3099 2990 καὶ
3128 2937 3188 2988 οὐ
3225 2935 3298 3007 μὴ
3347 2934 3608 2988 δύνωνται
3641 2934 3728 2999 ἐξ·

2157 3028 2372 3082 ελέσθαι
2395 3027 2576 3081 αὐτόν.
2609 3047 2626 3079 ι
2648 3027 2816 3080 Τοῦτο
2837 3028 2894 3080 δὲ
2923 3027 3017 3080 νῦν
3050 3028 3142 3080 ἐπὶ
3168 3027 3266 3096 τῆς
3296 3024 3528 3099 Χριστοῦ
3551 3025 3736 3095 ἐπιδη-

485 3121 570 3167 est
613 3129 628 3166 :
673 3111 764 3165 illa
812 3112 1006 3182 quippe
1052 3112 1180 3168 olim
1233 3113 1437 3166 famosa
1471 3112 1664 3182 templa
1715 3127 1813 3182 pro
1863 3128 2056 3181 scopu-

2162 3120 2288 3191 μίας
2318 3119 2707 3190 πεπλήρωται·
2743 3119 2864 3172 ἀντὶ
2911 3119 3189 3172 σκοπέλων
3220 3118 3316 3187 μὲν
3349 3117 3455 3189 γὰρ
3501 3118 3734 3186 ἑστήκα-

483 3201 552 3258 iis
607 3202 876 3258 habentur
920 3225 932 3258 :
991 3219 1091 3259 nec
1137 3204 1278 3259 ultra
1325 3204 1427 3259 illa:
1484 3203 1786 3259 daemonum
1834 3203 2060 3261 fallacia:

483 3295 819 3359 consistunt,
872 3295 1180 3351 adversaria
1249 3296 1336 3350 illa
1396 3306 1658 3366 potestate
1709 3311 1807 3367 per
1863 3305 2057 3367 myste-

479 3388 625 3440 rium
685 3389 864 3443 crucis
915 3389 968 3442 in
1024 3398 1135 3445 toto
1191 3388 1321 3443 orbe
1381 3388 1726 3458 praedicatum
1774 3387 1829 3441 in
1877 3387 2057 3458 fugam

481 3492 664 3532 versa.

556 3568 720 3624 Vens.
756 3570 855 3634 15,
897 3569 983 3623 14.
1035 3589 1053 3620 ε
1106 3569 1217 3624 Hoc
1265 3569 1485 3624 verbum
1533 3569 1676 3638 quod
1722 3569 1928 3624 locutus
1975 3576 2059 3624 est

467 3669 742 3726 [Dominus
783 3682 945 3737 super
977 3667 1130 3721 Moab
1159 3705 1173 3729 ,
1202 3667 1421 3736 quando
1452 3666 1665 3721 locutus
1686 3673 1789 3721 est.
1820 3665 1888 3720 Et
1912 3679 2056 3720 nunc

481 3761 603 3815 dico
633 3759 688 3813 in
737 3758 909 3812 tribus
941 3757 1097 3812 annis
1139 3772 1400 3810 annorum
1436 3758 1796 3822 mercenarii,
1825 3757 2055 3812 inhono-

481 3866 691 3921 rabitur
723 3863 893 3935 gloria
924 3859 1100 3925 Moab,
1135 3862 1186 3914 in
1215 3862 1469 3917 omnibus
1491 3862 1695 3916 divitiis
1723 3861 1910 3916 multis
1946 3879 1960 3916 :
1997 3870 2052 3915 et

480 3959 817 4027 relinquetur
853 3956 1146 4018 minimus,
1186 3964 1240 4008 et
1279 3969 1382 4009 non
1417 3956 1735 4010 honoratus.
1777 3973 1796 4006 ›
1829 3953 1933 4008 Pro
1961 3954 2051 4009 illo

481 4051 622 4118 apud
657 4046 795 4103 LXX
824 4046 1147 4114 interpretes
1173 4043 1335 4109 dicto,
1370 4063 1390 4096 ο
1429 4045 1483 4098 In
1519 4047 1690 4100 tribus
1718 4046 1876 4101 annis
1913 4061 2053 4101 mer-

480 4140 685 4197 cenarii
733 4138 1149 4194 iulionorabitur
1198 4136 1368 4207 gloria
1420 4135 1616 4201 Moab,
1671 4156 1688 4187 ο
1730 4137 2051 4206 interposita

479 4233 622 4304 apud
648 4231 881 4302 reliquos
926 4231 1246 4298 interpretes
1278 4228 1573 4292 distinctio,
1607 4229 1893 4284 clariorem
1924 4244 2048 4284 sen-

478 4327 704 4382 tentiam
753 4325 918 4379 efﬁcit
967 4340 980 4375 :
1035 4338 1158 4376 nam
1210 4321 1505 4375 secundum
1539 4321 1788 4390 Aquilam
1832 4322 2048 4386 dicitur,

483 4436 503 4470 ι
542 4418 598 4471 in
623 4416 792 4470 tribus
821 4414 977 4468 annis
1006 4412 1362 4477 mercenarii;
1403 4429 1421 4461 ι
1459 4416 1752 4465 secundum
1797 4411 2047 4482 Symma-

2163 3231 2245 3266 σιν
2280 3214 2328 3265 οἱ
2358 3213 2477 3266 ναοὶ
2508 3210 2842 3282 περιϐόητοι,
2867 3210 3048 3263 οὐκέτι
3079 3210 3135 3263 δὲ
3169 3212 3223 3262 αἱ
3261 3209 3368 3262 ἀπὸ
3404 3209 3510 3262 τῶν
3537 3209 3730 3279 δαιμό-

2159 3323 2264 3360 νων
2288 3303 2514 3365 ἀπάται,
2547 3302 2973 3372 φυγαδευθείσης
3013 3301 3113 3371 τῆς
3151 3301 3532 3372 ἀντικειμένης
3570 3298 3732 3354 δυνά-

2161 3415 2305 3468 μεως
2328 3395 2417 3450 διὰ
2447 3396 2507 3449 τὸ
2536 3396 2830 3466 μυστήριον
2855 3392 2949 3447 τοῦ
2987 3392 3220 3462 σταυροῦ
3253 3392 3347 3446 τοῦ
3384 3391 3526 3446 κατὰ
3551 3393 3732 3446 πᾶσαν

2155 3490 2252 3560 τὴν
2281 3488 2601 3559 οἰκουμένην
2625 3505 2759 3558 κεκη
2769 3487 3056 3557 ρυγμένου.

2232 3600 2249 3631 ι
2287 3580 2458 3633 Τοῦτο
2497 3580 2558 3632 τὸ
2601 3579 2748 3650 ῥῆμα
2777 3579 2804 3632 ὂ
2847 3579 3076 3650 ὲλάλησε
3132 3576 3336 3647 Κύριος
3389 3576 3482 3628 ἐπὶ
3533 3573 3726 3638 Μωάσ,

2154 3673 2312 3728 ὁπότε
2346 3671 2594 3741 ἐλάλησε.
2624 3670 2733 3723 Kal
2759 3669 2853 3723 νῦν
2885 3669 3047 3737 λέγω,
3082 3671 3139 3722 ἐν
3172 3669 3347 3738 τρισὶν
3377 3667 3551 3720 ἐτεσιν
3593 3664 3727 3718 ἐτῶν

2158 3761 2426 3836 μισθωτοῦ
2466 3761 2898 3832 ἀτιμασθήσεται
2929 3763 2961 3830 ἡ
2995 3759 3119 3826 δόξα
3143 3757 3316 3812 Μωάϐ
3339 3760 3397 3812 ἐν
3430 3756 3595 3813 παντὶ
3645 3753 3723 3818 τῷ

2155 3855 2368 3924 πλούτῳ
2388 3852 2467 3924 τῷ
2496 3852 2695 3922 πολλῷ,
2748 3853 2840 3906 καὶ
2868 3850 3363 3922 καταλειφθήσεται
3417 3849 3710 3920 ὀλιγοστδς,

2154 3949 2248 4001 καὶ
2272 3948 2371 3999 οὐκ
2397 3946 2631 4016 ἔντιμος.
2671 3964 2689 3995 ι
2736 3945 2880 3999 Ἀντὶ
2917 3947 3097 4016 μέντοι
3126 3943 3218 3997 τοῦ
3255 3943 3406 4013 παρὰ
3451 3944 3564 4005 τοῖς
3595 3939 3718 3994 Ἐδ-

2151 4037 2454 4107 δομήκοντα
2527 4035 2824 4104 φάσκοντος
2895 4034 3077 4102 λόγου,
3131 4053 3148 4084 ι
3216 4033 3306 4084 Ἔν
3329 4031 3503 4102 τρισὶν
3549 4030 3727 4082 ἔτεσιν

2155 4127 2424 4200 μισθωτοῦ
2469 4126 2898 4198 ἀτιμασθήσεται
2946 4128 2980 4197 ή
3035 4124 3160 4191 δόξα
3219 4122 3414 4187 Μωάὁ,
3459 4141 3476 4172 ι
3517 4122 3550 4189 ή
3582 4117 3728 4174 κατά

2149 4221 2274 4284 τοὺς
2311 4219 2528 4282 λοιποὺς
2555 4218 2894 4290 ἑρμηνευτὰς
2915 4217 3190 4288 διαστολὴ,
3221 4213 3422 4286 μεταξὺ
3444 4211 3722 4284 βληθεῖσα,

2152 4311 2489 4381 σαφεστέραν
2511 4311 2811 4380 κατέστησε
2845 4308 2943 4378 τὴν
2983 4308 3242 4360 διάνοιαν·
3281 4305 3422 4358 κατά
3472 4302 3567 4373 μέν
3614 4301 3725 4372 γὰρ

2148 4400 2236 4452 τὸν
2279 4400 2506 4453 Ἀκύλαν
2537 4397 2786 4468 εἴρηται,
2815 4417 2832 4448 ι
2859 4398 2945 4448 Ἐν
2974 4396 3148 4466 τρισὶν
3181 4394 3323 4446 ἔτεσι
3357 4388 3624 4463 μισθωτοῦ
3650 4406 3662 4418 ·
3699 4408 3718 4440 ι

479 4508 640 4562 chum
668 4520 795 4560 vero
820 4549 832 4570 ,
882 4523 900 4555 ι
937 4501 1012 4557 Ex
1057 4518 1120 4558 eo
1159 4513 1401 4572 tempore
1445 4510 1498 4555 et
1547 4517 1690 4555 nunc
1726 4502 1933 4557 locutus
1965 4511 2047 4557 est

2160 4492 2291 4545 κατὰ
2341 4492 2397 4544 δὲ
2449 4492 2538 4544 τὸν
2580 4491 2890 4561 Σύμμαχον,
2919 4509 2937 4539 ‹
2970 4490 3194 4541 Ἔκτοτε
3239 4485 3332 4538 καὶ
3359 4484 3453 4537 νῦν
3499 4482 3724 4552 ἐλάλησε

477 4597 738 4653 Dominus
767 4597 951 4651 dicens
976 4635 991 4659 ,
1018 4595 1076 4648 in
1113 4594 1285 4647 tribus
1331 4595 1484 4648 annis
1513 4594 1667 4662 quasi
1701 4607 1864 4663 super
1896 4607 2042 4648 mer-

476 4690 791 4755 cenarium;
836 4707 854 4738 ι
885 4686 1177 4742 secundum
1209 4685 1631 4740 Theodotionem
1664 4693 1867 4749 autem,
1905 4703 1923 4736 α
1962 4685 2045 4740 Ab

478 4797 545 4836 eo
585 4789 821 4848 tempore
869 4789 924 4832 et
966 4792 1107 4831 nunc
1153 4777 1357 4832 locutus
1389 4787 1472 4832 est
1519 4776 1778 4830 Dominus
1822 4776 2043 4842 dicens,

471 4874 535 4927 ’ln
565 4873 737 4927 tribus
795 4870 950 4924 annis
971 4909 984 4933 ,
1020 4870 1170 4937 quasi
1203 4870 1356 4924 annis
1387 4868 1729 4923 mercenarii.
1773 4886 1792 4919 ι
1821 4868 2043 4932 Deinde,

476 4964 583 5020 alio
631 4969 902 5029 resumpto
935 4960 1202 5028 principio
1230 4998 1244 5022 ,
1277 4959 1476 5012 dicitur
1507 4958 1649 5026 apud
1683 4957 1920 5027 reliquos
1965 4957 2049 5010 in-

476 5061 761 5122 terpretes,
799 5067 818 5101 ‹
841 5047 914 5115 ,Ει
943 5048 1356 5103 inlionorabitur
1385 5047 1556 5115 gloria
1585 5043 1743 5100 Moab
1778 5060 1901 5098 cum
1931 5060 2048 5100 om-

472 5144 631 5198 nibus
662 5140 865 5196 divitiis
899 5140 1100 5193 multis.
1157 5157 1174 5189 i
1220 5137 1351 5191 Nam
1385 5137 1693 5204 conjunctio
1721 5178 1736 5202 ,
1786 5148 1834 5192 et
1860 5179 1874 5204 ,
1927 5153 2047 5208 qua:

475 5238 653 5291 media
688 5233 1070 5302 interponitur,
1097 5232 1258 5284 aliam
1292 5229 1452 5283 eﬂ‘ert
1479 5229 1798 5283 sententiam
1823 5269 1837 5292 ,
1871 5230 2048 5283 abhis

473 5330 673 5396 verbis,
704 5344 721 5378 ‹
760 5325 827 5380 Et
851 5324 1265 5379 inhonorabitur
1295 5323 1460 5391 gloria
1491 5320 1646 5376 Moab
1674 5339 1688 5386 ;
1728 5340 1746 5372 ι
1777 5335 1897 5390 quae
1918 5335 2046 5375 vero

475 5420 723 5488 superius
771 5424 1048 5486 ponuntur
1097 5413 1405 5483 significant
1458 5410 1740 5466 Dominum
1790 5411 2044 5481 prredicta

476 5509 655 5562 omnia
689 5507 755 5560 de
783 5505 938 5560 Moab
987 5506 1038 5558 in
1083 5505 1256 5557 tribus
1304 5503 1462 5556 annis
1506 5502 1738 5555 locutum
1790 5516 1911 5556 esse
1950 5517 2044 5570 per

479 5596 791 5664 prophetam
813 5638 827 5660 ,
857 5611 918 5648 ac
950 5595 994 5648 si
1030 5594 1277 5649 mercede
1311 5593 1657 5647 conduxisset
1688 5608 1809 5648 eum
1837 5633 1852 5658 ,
1881 5603 2044 5661 atque

476 5686 722 5754 iit-hujus
759 5687 1052 5754 prophetiae
1095 5685 1397 5739 ministerio
1430 5693 1646 5738 vacaret
1700 5685 2039 5753 praaccpisse.

475 5779 592 5834 Non
625 5778 766 5832 enim
803 5778 1252 5846 quemadmodum
1289 5792 1388 5833 nos
1417 5786 1586 5832 totam
1619 5775 1902 5832 lectionem
1937 5791 2041 5829 una

2153 4585 2356 4657 Κύριος
2386 4585 2578 4652 λέγων,
2629 4584 2714 4635 Ἐν
2767 4583 2942 4652 τρισὶν
2973 4581 3147 4633 ἐτεσιν
3166 4578 3241 4641 ὼς
3271 4577 3364 4628 ἐπὶ
3399 4572 3720 4645 μισθωτοῦ-ι

2154 4675 2295 4729 κατὰ
2325 4674 2382 4727 δὲ
2413 4674 2504 4728 τὸν
2537 4673 2884 4734 Θεοδοτίωνα,
2917 4691 2935 4722 ι
2983 4668 3113 4722 Ἀπὸ
3165 4668 3282 4720 τότε
3332 4665 3425 4718 καὶ
3455 4662 3549 4716 νῦν
3600 4661 3723 4714 ἐλά-

2153 4767 2283 4840 λησε
2339 4767 2540 4839 Κύριος
2586 4767 2780 4834 λέγων,
2822 4764 3086 4836 Ἐντρισὶν
3132 4761 3306 4814 ἔτεσιν
3349 4759 3422 4822 ὡς
3463 4755 3723 4817 ἐνιαυτοῖς

2159 4859 2446 4930 μισθωτοῦ.
2491 4879 2509 4911 ι
2547 4855 2681 4912 Εἶτα
2713 4858 2820 4911 ἀπὸ
2854 4858 3045 4927 ἐτέρας
3095 4852 3270 4924 ἀρχῆς
3308 4850 3519 4920 εἴρηται
3574 4845 3722 4916 παρὰ

2153 4955 2265 5016 τοῖς
2323 4953 2527 5015 λοιποῖς
2583 4952 2958 5022 ἐρμηνευταῖς,
3013 4967 3030 4998 ‹
3087 4947 3196 4998 Kal.
3228 4939 3657 5013 ἀτιμασθήσεται
3688 4938 3722 5008 ή

2153 5045 2279 5109 δόξα
2309 5044 2484 5097 Μωάὁ
2520 5045 2614 5096 σὺν
2646 5043 2806 5095 παντὶ
2830 5041 2906 5111 τῷ
2934 5035 3225 5109 πλήθειτῷ
3253 5033 3449 5102 πολλῷ.
3475 5052 3492 5083 ι
3516 5033 3572 5084 ’0
3594 5031 3721 5100 γὰρ,

2156 5136 2273 5201 καὶ,
2311 5135 2601 5205 σύνδεσμος
2637 5134 2796 5204 μέσος
2816 5130 3236 5202 παρεμϐληθεὶς,
3265 5128 3456 5199 ἑτέραν
3488 5125 3721 5179 διάνοιαν

2157 5226 2464 5297 παρέστησε
2491 5227 2588 5296 τὴν
2608 5225 2714 5278 ἀπὸ
2745 5224 2859 5287 τοῦ,
2887 5243 2905 5273 ί
2946 5223 3054 5275 Καὶ
3085 5219 3509 5290 ἀτιμασθήσεται
3538 5220 3571 5288 ή
3598 5214 3720 5280 δόξα

2154 5318 2326 5372 Μωάὸ
2346 5335 2358 5348 ·
2403 5337 2422 5369 ι
2460 5318 2521 5370 τὸ
2551 5318 2608 5369 δὲ
2643 5315 2947 5387 ἔμπροσθεν
2975 5313 3162 5383 ἐδήλου
3194 5312 3269 5374 ὼς
3296 5311 3352 5363 ἐν
3381 5309 3556 5381 τρισὶν
3581 5307 3721 5360 ἔτεσι

2151 5411 2218 5464 τὰ
2252 5409 2618 5482 προλεχθέντα
2649 5409 2824 5461 πάντα
2853 5405 2981 5476 περὶ
3010 5403 3110 5473 τῆς
3152 5402 3325 5457 Mutati
3366 5399 3567 5473 Κύριος
3594 5397 3722 5450 ἐλάα

2151 5502 2280 5572 λησε
2308 5501 2396 5554 διὰ
2432 5501 2524 5552 τοῦ
2559 5499 2859 5569 προφήτου,
2887 5496 3073 5566 ῶσπερ
3099 5493 3507 5564 μισθωσάμενος
3541 5487 3721 5550 αὐτὸν,

2151 5595 2245 5647 καὶ
2277 5592 2662 5662 ἀπασχολήσας
2697 5590 2826 5660 περὶ
2862 5589 2960 5658 τὴν
2987 5586 3288 5658 ὑπηρεσίαν
3323 5583 3421 5653 τῆς
3447 5581 3574 5653 περὶ
3602 5578 3720 5631 τού-

2153 5705 2259 5739 των
2298 5683 2650 5756 προφητείας.
2676 5683 2747 5734 Οὑ
2774 5683 2880 5750 γὰρ
2913 5679 3098 5749 ὥσπερ
3130 5679 3288 5748 ἡμεῖς
3325 5674 3536 5746 ἀθρόως
3595 5687 3718 5724 συν-

2153 5777 2409 5839 άπτοντες
2437 5777 2496 5828 τὸ
2531 5776 2635 5828 πᾶν
2684 5773 3011 5841 ἀνάγνωσμα
3029 5768 3367 5840 διερχόμεθα,
3397 5765 3542 5820 οῦτω
3573 5763 3667 5816 καὶ
3694 5761 3719 5813 ὁ
