4118 6392
404 384 510 440 ὶο5

1358 377 1863 441 COMMENTARIA
1904 382 1971 442 IN
2009 386 2270 443 lSAlAM.
2316 419 2389 428 —
2422 382 2577 443 CAP.
2617 382 2781 441 XVII.

3550 380 3656 434 9.00

410 504 688 576 προφήτης
720 502 859 557 κατά
893 502 1188 572 συνάφειαν
1234 500 1412 557 πάντα
1442 503 1600 573 λόγον
1630 506 1729 577 τῆς
1773 522 1985 577 προφη-

2092 506 2435 573 coniunctam
2468 504 2862 575 percurrimus,
2900 500 2970 556 ita
3000 510 3052 557 et
3082 500 3345 571 propheta
3374 512 3498 554 cum
3528 512 3658 554 cou-

408 599 553 660 τείας
583 596 847 668 τροχάδην
871 595 1201 667 ἐξηνέγκατο
1224 612 1238 626 ·
1272 595 1430 667 διῃρη
1440 598 1617 666 μένως
1641 599 1699 651 δὲ
1723 599 1819 652 καὶ
1843 598 1985 651 κατά

408 688 598 759 χρόνον
622 690 679 741 ὲν
708 687 984 757 διαφόροις
1003 688 1208 758 χρόνων
1235 686 1559 759 διαστήμασι
1580 706 1593 718 ·
1626 688 1701 753 ὡς
1721 690 1790 742 τὰ
1810 691 1987 743 πάντα

410 779 762 851 πληρωθῆναι
788 781 916 853 τρία
943 780 1059 851 ἔτη,
1086 782 1144 832 ἐν
1176 776 1257 844 οἷς
1289 780 1539 834 λέλεκται
1566 780 1715 852 αύτῷ
1742 781 1809 835 τὰ
1844 784 1987 853 είρη-

409 871 562 941 μένα.
611 873 869 944 Ἐλάλησε
898 873 1077 926 τοίνυν
1114 873 1184 928 τὰ
1227 875 1283 927 ἐν
1315 874 1490 944 τρισὶν
1514 874 1543 925 ὁ
1593 873 1798 945 Κύριος
1842 873 1986 927 ἔτεσι

408 962 493 1016 διὰ
523 964 617 1018 τοῦ
656 968 955 1038 προφήτου.
980 966 1145 1029 Τέλος
1172 966 1227 1018 δὲ
1258 966 1367 1020 τῶν
1399 966 1571 1035 λόγων
1600 965 1695 1019 τοῦ
1742 966 1875 1020 Θεοῦ
1919 962 1986 1037 ἦν

408 1051 487 1119 τὸ,
514 1073 532 1105 ι
573 1056 683 1109 Καὶ
711 1057 1143 1127 ἀτιμασθήσεται
1178 1058 1210 1127 ή
1244 1056 1370 1121 δόξα
1398 1056 1570 1111 Μωάϐ
1596 1058 1691 1112 σὺν
1723 1060 1886 1112 παντὶ
1910 1060 1987 1131 τῷ

409 1146 599 1217 πλήθει
646 1147 723 1219 τῷ
766 1149 963 1220 πολλῷ.
1011 1150 1121 1202 Καὶ
1176 1149 1984 1221 καταλειφθήσεταιὀλιγοστὸς,

410 1240 505 1294 καὶ
536 1242 636 1295 οὐκ
658 1242 893 1312 ἔντιμος.
936 1262 954 1295 ι
999 1244 1063 1295 Ὃ
1112 1242 1175 1313 δὴ
1210 1244 1305 1296 καὶ
1358 1243 1491 1296 αὐτὸ
1523 1245 1660 1314 πρὸς
1701 1243 1844 1310 λέξιν
1886 1260 1986 1297 πε-

410 1332 713 1406 πλήρωται,
740 1334 815 1397 ῶς
839 1334 985 1387 ἔστιν
1016 1334 1136 1404 eos;
1166 1337 1300 1388 πᾶσι
1331 1335 1511 1387 λαϐεῖν
1546 1335 1723 1408 ῥᾴδιον
1758 1339 1870 1399 τοῖς
1909 1338 1989 1401 εἰς

412 1425 535 1488 τοὺς
561 1427 759 1490 τόπους
778 1426 1211 1497 ἀφικνουμένοις.

929 1609 1326 1664 ΚΕΦΑΛΑΙΟΝ
1358 1614 1456 1665 IZ'.

485 1712 506 1744 ‹
539 1693 612 1747 Τὸ
629 1696 778 1766 ῥῆμα
802 1698 862 1750 τὸ
892 1700 1032 1753 κατὰ
1060 1703 1371 1773 Δαμασκοῦ.
1411 1705 1541 1759 Ἰδοὺ
1579 1705 1867 1776 Δαμασκὸς
1892 1708 1989 1779 ἀρ-

2084 598 2362 666 junctione
2390 606 2560 652 totum
2591 596 2891 666 pr0phetiae
2917 608 3221 650 sermonem
3252 605 3360 646 uno
3387 603 3550 645 cursu
3570 605 3660 645 ex-

2090 689 2243 754 tulit;
2286 690 2381 744 sed
2412 687 2624 743 divisim
2652 696 2708 742 et
2738 686 3038 742 secundum
3084 694 3294 751 tempus
3318 722 3334 745 ,
3378 682 3538 751 inque
3572 681 3658 735 di-

2087 781 2264 836 versis
2312 790 2613 850 temporqu
2663 778 2991 844 intervallis;
3033 777 3105 831 ita
3137 784 3196 829 ut
3240 774 3338 830 toti
3388 783 3500 828 tres
3529 774 3659 829 anni

2087 871 2341 941 completi
2394 871 2545 933 sint,
2592 869 2644 923 in
2683 868 2879 938 quibus
2929 866 3119 923 istluec
3148 866 3291 919 dicta
3334 863 3432 935 ipsi
3480 863 3654 919 fuere.

2089 965 2215 1020 llam
2242 964 2406 1035 igitur
2440 962 2496 1016 in
2523 960 2694 1014 tribus
2723 959 2881 1013 annis
2912 958 3170 1013 Dominus
3215 972 3311 1026 per
3337 957 3653 1028 prophetam

2088 1055 2303 1111 locutus
2334 1062 2438 1109 est.
2490 1051 2642 1107 Finis
2693 1060 2871 1106 autem
2913 1050 3201 1104 verborum
3259 1047 3469 1103 Domini
3525 1047 3657 1101 illud

2087 1156 2224 1214 erat,
2261 1165 2281 1199 ι
2325 1147 2391 1200 Et
2421 1145 2836 1201 inhonorabitur
2862 1145 3031 1216 gloria
3066 1142 3222 1198 Moab
3253 1158 3373 1197 cum
3403 1141 3657 1197 omnibus

2090 1239 2314 1303 divitiis,
2356 1238 2528 1307 iisque
2561 1236 2763 1292 multis.
2798 1237 2862 1291 Et
2895 1237 3232 1306 relinquetur
3270 1236 3529 1290 minimus
3554 1275 3570 1300 ,
3600 1242 3657 1288 et

2089 1344 2195 1383 non
2228 1331 2546 1384 honoratus.
2573 1346 2591 1379 ι
2628 1326 2780 1393 Quod
2815 1327 2985 1396 ipsum
3011 1328 3076 1380 ad
3108 1326 3347 1381 litteram
3377 1326 3655 1398 impletum

2089 1431 2192 1484 est,
2221 1432 2278 1475 ut
2316 1421 2474 1476 facile
2523 1421 2651 1490 ipsis
2698 1420 2871 1475 oculis
2901 1419 3211 1489 perspicere
3237 1418 3451 1473 valeant
3496 1426 3656 1488 quot-

2090 1520 2221 1583 quot
2250 1512 2300 1565 in
2338 1513 2450 1582 ipsa
2476 1510 2592 1566 loca
2629 1514 2947 1565 concedunt.

2665 1603 2890 1658 CAPUT
2924 1602 3084 1658 XVII.

2164 1696 2327 1751 Vsus.
2358 1695 2408 1750 1.
2442 1713 2463 1749 ι
2496 1694 2733 1751 Verbum
2776 1706 2962 1751 contra
2996 1696 3337 1750 Damascum.
3371 1693 3510 1750 Ecce
3554 1694 3657 1749 Da»

411 1785 631 1857 θήσεται
680 1789 787 1843 ἀπὸ
838 1790 1060 1848 πόλεων.
1110 1812 1127 1845 ι
1180 1794 1289 1866 Τὴν
1324 1795 1642 1868 καθαίρεσιν
1695 1798 1985 1853 αἰνίττεται

2092 1806 2308 1846 mascus
2356 1790 2575 1844 tolletur
2616 1806 2644 1843 a
2691 1790 3022 1845 civitatibus.
3064 1806 3085 1842 ι
3118 1787 3467 1844 Eversiouem
3496 1788 3657 1859 regia

410 1879 508 1950 τῆς
536 1879 819 1952 βασιλικῆς
833 1882 1134 1955 δυνάμεως,
1156 1880 1223 1957 ἦς
1248 1857 1463 1959 μετεῖχε
1492 1857 1806 1961 πρότερονή
1833 1892 1985 1955 πόλις

2091 1883 2372 1954 pntestatis
2401 1883 2727 1949 subindicat,
2762 1879 2915 1950 cujus
2943 1889 3100 1936 antea
3130 1896 3355 1936 consors
3388 1891 3509 1935 erat
3528 1857 3658 1936 urbs

410 1967 739 2040 ἐκλάμψασα
766 1971 916 2043 (19⁸).
938 1975 1085 2046 Μόνη
1105 1976 1214 2048 γὰρ
1244 1973 1312 2048 ἦν
1343 1977 1465 2031 τότε
1496 1980 1595 2051 τῆς
1624 1980 1821 2052 Συρίας
1846 1982 1987 2036 ἀπά-

413 2078 511 2132 σης
541 2064 837 2135 κρατοῦσα,
875 2068 1040 2138 μήπω
1063 2068 1172 2122 τῶν
1209 2070 1329 2124 καθ’
1354 2073 1503 2142 ἡμᾶς
1532 2072 1813 2142 ἐπιφανῶν
1837 2076 1895 2127 ἐν
1915 2078 1982 2147 τῇ

412 2152 580 2225 Συρίᾳ
616 2156 823 2211 πόλεων
874 2159 1281 2231 ἐγηγερμένων,
1323 2163 1650 2234 Ἀντιοχείας
1690 2167 1832 2237 φημὶ
1893 2167 1989 2219 καὶ

411 2244 519 2298 τῶν
545 2246 738 2300 ἄλλων.

490 2352 508 2385 ‹
535 2336 645 2388 Καὶ
669 2336 820 2390 ἔσται
851 2339 929 2401 είς
955 2337 1160 2392 πτῶσιν
1193 2341 1287 2393 καὶ
1309 2342 1775 2418 καταλελειμμένη
1799 2347 1877 2410 είς
1897 2346 1988 2401 τὸν

417 2424 588 2479 αἰῶνα
630 2427 710 2490 εἰς
742 2428 930 2499 κοίτην
969 2432 1232 2501 ποιμνίων
1262 2435 1353 2487 καὶ
1385 2434 1688 2490 ἀνάπαυσιν
1708 2454 1722 2469 ’
1759 2437 1851 2491 καὶ
1884 2438 1985 2492 οὐκ

414 2514 567 2571 ἔσται
589 2519 617 2570 ὁ
638 2518 865 2575 διώκων.
896 2523 1006 2575 Καὶ
1032 2525 1215 2577 οὐκέτι
1238 2526 1388 2580 ἔσται
1411 2526 1583 2597 ὀχυρά
1607 2528 1700 2581 τοῦ
1726 2530 1991 2599 καταφεύ-

412 2625 529 2677 γειν
561 2610 817 2682 Ἐφραῖμ.
841 2632 861 2664 ι
894 2614 1103 2687 ’Ὠσπερ
1129 2620 1195 2687 τῇ
1223 2618 1537 2690 Βαϐυλωνίᾳ
1556 2620 1623 2673 τὰ
1654 2607 1989 2691 ἁρμόττοντα

412 2700 651 2769 ἐλέγετο,
686 2703 779 2756 καὶ
821 2708 931 2769 τοῖς
983 2707 1299 2777 ἀλλοφύλοις
1345 2713 1456 2775 τοῖς
1487 2711 1585 2782 τὴν
1624 2712 1988 2784 Παλαιστίνην

409 2792 617 2847 οἰκοῦσι
668 2796 735 2849 τὰ
763 2798 1089 2869 κατάλληλα,
1117 2804 1183 2872 τῇ
1229 2819 1288 2855 τε
1315 2802 1488 2856 Μωάϐ
1534 2803 1795 2868 ὡσαύτως
1825 2805 1990 2876 ἕτερά

414 2904 535 2940 τινα
576 2887 843 2953 ἰδιάζοντα
866 2907 879 2920 ·
914 2889 1004 2944 τὸν
1037 2893 1201 2946 αὑτὸν
1234 2894 1432 2965 τρόπον
1459 2894 1552 2947 καὶ
1582 2895 1643 2947 τὸ
1692 2896 1832 2950 κατά
1881 2898 1985 2950 Aa.-

418 2980 627 3048 μασκοῦ
662 2984 996 3054 προφητικὸν
1013 2984 1165 3055 ῥῆμα
1200 2985 1327 3039 ἴδιόν
1349 3004 1402 3039 τι
1428 2986 1579 3051 τέλος
1597 2987 1985 3043 ἐπελεύσεσθαι

413 3057 582 3144 αύτῆν
626 3071 864 3126 ἀπειλεῖ·
943 3075 1275 3146 ἀρθήσεσθαί
1329 3095 1463 3150 φησι
1513 3078 1622 3151 γὰρ
1664 3079 1833 3151 αὐτὴν
1880 3079 1987 3133 ἀπὸ

414 3161 641 3216 πόλεων.
708 3165 865 3217 Κατὰ
908 3165 965 3218 δὲ
1012 3167 1102 3220 τὸν
1153 3166 1498 3232 Θεοδοτίωνα,
1556 3169 1986 3241 μεταστήσεσθαί

416 3271 578 3325 φησιν
611 3256 676 3307 ἐκ
704 3257 929 3310 πόλεων.
960 3258 1203 3312 Πέπονθε
1247 3260 1304 3313 δέ
1333 3260 1491 3315 τοῦτο
1524 3261 1662 3316 κατά
1692 3264 1818 3327 τοὺς
1862 3264 1987 3317 Ἀσ-

417 3345 660 3416 συρίους,
689 3345 764 3410 ὡς
808 3350 903 3401 καὶ
934 3348 1121 3419 ἐδήλου
1153 3350 1239 3404 διὰ
1276 3352 1384 3406 τῶν
1407 3352 1715 3424 ἔμπροσθεν
1765 3356 1799 3426 ή
1853 3356 1989 3426 μετά

416 3439 602 3509 χεῖρας
621 3437 831 3509 Γραφὴ,
848 3438 939 3491 τὸν
966 3439 1075 3493 τῶν
1104 3441 1398 3513 Ἀσσυρίων
1415 3442 1641 3514 βασιλέα
1668 3446 1990 3517 παριστῶσα

414 3528 671 3599 λέγοντα·
710 3548 732 3582 ι
778 3531 891 3584 Καὶ
924 3531 1113 3586 ἔλαϐον
1138 3533 1396 3606 Ἀραϐίαν
1432 3537 1526 3589 καὶ
1566 3538 1856 3608 Δαμασκὸν
1895 3539 1989 3592 καὶ

412 3620 747 3692 Σαμάρειαν,
777 3621 835 3674 ὃν
856 3621 1055 3692 τρόπον
1088 3622 1276 3679 ἔλαϐον
1302 3625 1505 3690 ταύτας
1562 3626 1656 3680 καὶ
1681 3626 1861 3691 πάσας
1891 3628 1990 3691 τὰς

411 3712 586 3783 ἀρχὰς
618 3713 877 3785 λήψομαι.
915 3734 934 3766 ι
974 3714 1160 3786 Τούτῳ
1194 3716 1252 3769 δὲ
1293 3715 1372 3788 τῷ
1403 3717 1545 3786 λόγῳ
1586 3718 1680 3771 καὶ
1708 3721 1742 3790 ή
1782 3719 1989 3790 ἱστορία

416 3809 713 3883 μαρτυρεῖ’
743 3807 1051 3877 γέγραπται
1074 3808 1206 3877 γοῦν
1230 3810 1289 3861 ἐν
1326 3812 1393 3879 τῇ
1421 3810 1659 3881 τετάρτῃ
1682 3809 1791 3863 τῶν
1829 3810 1991 3864 Βασι-

412 3892 598 3947 λειῶν·
641 3913 661 3946 ι
694 3896 804 3948 Καὶ
839 3897 1007 3967 ἀνέϐη
1052 3897 1299 3966 βασιλεὺς
1344 3898 1638 3969 Ἀσσυρίων
1680 3900 1760 3961 είς
1805 3902 1989 3971 Δαμα-

414 3984 562 4046 σκὸν,
617 3986 713 4037 καὶ
742 3986 1001 4039 συνέλαϐε
1034 3987 1227 4057 αὐτὴν,
1264 3988 1359 4040 καὶ
1398 3988 1676 4058 ἀπῴκισεν
1725 3990 1912 4061 αὑτήν.
1961 4009 1980 4043 ι

417 4076 488 4128 Ἀ
513 4076 576 4147 δὴ
608 4077 704 4130 καὶ
734 4077 919 4139 τέλους
948 4077 1214 4149 τετύχηκε
1258 4079 1351 4131 ἐπὶ
1397 4080 1496 4150 τῆς
1533 4080 1844 4156 Ῥωμαῖκῆς
1885 4083 1987 4154 ἀρ-

412 4168 533 4239 χῆς,
575 4168 696 4221 καθ’
724 4168 791 4240 ἢν
820 4172 1159 4241 συνειστήκει
1224 4171 1321 4241 μὲν
1364 4173 1398 4242 ή
1455 4173 1763 4243 Δαμασκὸς,
1799 4174 1898 4245 τὴν
1928 4174 1987 4228 δὲ

410 4258 651 4314 παλαιὰν
699 4260 794 4314 καὶ
828 4260 1127 4332 βασιλικὴν,
1173 4262 1328 4333 φησὶ,
1378 4263 1655 4327 παντελῶς
1691 4265 1981 4337 ἠφανίσθη.

411 4351 567 4407 Οὕτω
594 4353 651 4407 δέ
683 4353 910 4424 συνέστη
941 4355 974 4425 ἡ
1007 4354 1101 4407 καὶ
1143 4354 1239 4408 νῦν
1268 4357 1546 4427 ὁρωμένη,
1608 4356 1683 4420 ὡς
1713 4359 1746 4426 ἡ
1781 4374 1987 4430 προφη-

409 4444 531 4497 τεία
554 4444 826 4510 ἐθέσπισε,
863 4446 1043 4500 ούκέτι
1075 4447 1172 4518 μὲν
1204 4448 1477 4519 βασιλικὸν
1517 4450 1731 4521 ἀξίωμα
1783 4454 1984 4521 ἐπαγο-

2089 1976 2296 2031 isthzec.
2325 1976 2452 2031 Sola
2494 1976 2695 2045 quippe
2739 1984 2883 2030 tunc
2912 1975 3181 2029 universae
3213 1974 3387 2044 Syria:
3418 1974 3655 2043 impcra~

2087 2065 2220 2129 bat,
2269 2081 2390 2120 cum
2445 2066 2608 2120 urbes
2651 2066 2703 2119 in
2749 2064 2942 2137 Syria,
2994 2074 3176 2119 nostra
3225 2073 3386 2118 astate
3438 2064 3654 2135 conspi-

2088 2172 2223 2223 ουκ,
2254 2158 2489 2213 nondum
2522 2166 2741 2213 structae
2778 2158 3043 2223 fuissent;
3079 2157 3423 2211 Antiochiam
3448 2157 3569 2213 dico
3598 2165 3655 2211 et

2090 2248 2244 2303 alias.

2164 2338 2408 2403 νείκεε,
2444 2338 2499 2392 5.
2552 2357 2571 2390 ι
2632 2338 2695 2393 Et
2738 2338 2842 2393 erit
2869 2338 2920 2392 in
2951 2338 3159 2392 ruinam
3206 2347 3260 2391 et
3287 2335 3543 2392 derelicta
3593 2337 3649 2391 in

2096 2432 2351 2488 saeculum
2384 2432 2436 2485 iu
2479 2430 2659 2486 cubile
2691 2427 2911 2486 ovilium
2941 2442 2956 2484 :
2988 2439 3042 2484 et
3074 2444 3177 2484 non
3220 2429 3325 2483 erit
3348 2429 3439 2499 qui
3471 2441 3657 2498 perse-

2088 2534 2306 2595 quatur.
2330 2524 2396 2578 Et
2425 2538 2531 2578 non
2562 2524 2668 2578 erit
2697 2522 2837 2577 ultra
2878 2522 3106 2586 munita,
3136 2528 3189 2575 ut
3225 2520 3350 2574 illuc
3376 2519 3657 2587 confugiat

2089 2614 2371 2686 Ephraim.
2406 2633 2424 2666 ι
2456 2613 2919 2681 Quemadmodum
2950 2611 3257 2681 Babylonia:
3287 2626 3406 2680 quae
3428 2624 3657 2665 consen-
3696 2614 3697 2617 “

2094 2717 2254 2763 lanea
2287 2714 2463 2771 erant,
2492 2703 2780 2775 allophylis
2812 2701 3104 2756 Palaestinae
3140 2700 3328 2756 incolis
3368 2715 3489 2769 quae
3526 2701 3658 2770 ipsis
3732 2693 3741 2703 ’

2090 2799 2508 2871 competebant,
2545 2813 2609 2853 ac
2639 2798 2844 2869 regioni
2874 2795 3031 2851 Moab
3075 2793 3327 2849 similiter
3367 2794 3471 2847 alia
3506 2807 3657 2862 qum-

2090 2892 2214 2945 dam
2254 2889 2358 2960 ipsi
2410 2889 2628 2959 propria
2684 2887 3025 2954 minabatur;
3084 2887 3164 2941 sic
3210 2895 3262 2940 et
3314 2883 3658 2955 propheticus

2088 3000 2270 3042 sermo
2298 2994 2487 3039 contra
2536 2984 2857 3038 Damascum
2890 2994 3057 3050 agens
3085 3020 3102 3045 ,
3135 2978 3279 3033 illam
3308 2977 3529 3048 proprio
3554 2974 3657 3030 sibi

2090 3077 2198 3132 fine
2228 3075 2599 3145 excipiendam
2641 3086 2761 3128 esse
2805 3071 3229 3126 interminatur:
3266 3085 3392 3123 nam
3422 3068 3591 3137 ipsam
3624 3082 3657 3119 ιι

2090 3167 2404 3224 civitatibus
2445 3165 2734 3221 tollendam
2767 3177 2886 3219 esse
2926 3163 3022 3217 ait.
3069 3161 3377 3217 Secundum
3408 3159 3662 3215 Theodo-

2093 3261 2295 3315 tionem
2326 3273 2455 3315 vero
2482 3298 2497 3323 ,
2543 3254 2972 3310 transferendam
3007 3268 3073 3308 ex
3106 3253 3443 3308 civitatibus.
3479 3252 3533 3307 ld
3564 3268 3661 3305 aue

2090 3360 2196 3407 tem
2230 3365 2482 3422 perpessa
2512 3359 2595 3404 est
2636 3347 2980 3418 Assyriorum
3012 3354 3255 3415 tempore
3280 3384 3295 3409 ,
3322 3353 3380 3398 ut
3408 3344 3559 3414 prius
3587 3344 3661 3398 sie

2089 3442 2382 3515 gnificabat
2412 3455 2650 3510 praesens
2684 3438 2965 3508 Scriptura
2993 3475 3009 3501 ,
3034 3451 3157 3491 cum
3188 3435 3535 3506 Assyriorum
3567 3449 3659 3487 re-

2089 3550 2209 3606 gem
2234 3534 2518 3588 induceret
2559 3532 2852 3595 diceutem,
2889 3547 2909 3582 ι
2946 3529 3015 3583 Ει
3042 3528 3159 3597 cepi
3185 3526 3442 3581 Arabiam
3470 3534 3525 3580 et
3554 3524 3660 3579 Da-

2097 3640 2338 3680 mascum
2364 3635 2419 3678 et
2448 3623 2749 3678 Samariam
2787 3642 2801 3678 :
2835 3620 3286 3691 quemadmodum
3331 3617 3428 3673 has
3455 3616 3573 3684 cepi
3606 3626 3661 3671 et

2088 3732 2277 3772 omnes
2309 3716 2644 3786 principatus
2668 3715 2877 3784 capiam
2901 3715 2969 3766 ⁷⁷.
3007 3732 3025 3765 ι
3064 3712 3199 3766 Huic
3225 3725 3387 3781 porro
3414 3709 3656 3764 sermoni

2090 3806 2460 3862 testimonium
2528 3806 2685 3860 all'ert
2737 3807 3021 3871 historia;
3078 3803 3344 3874 siquidem
3405 3801 3459 3854 in
3518 3800 3661 3854 libro

2089 3906 2284 3966 quarto
2316 3896 2627 3965 Regnorum
2657 3897 2921 3967 scriptum
2964 3903 3089 3951 est:
3124 3915 3143 3948 ι
3184 3895 3250 3951 Et
3271 3896 3514 3950 ascendit
3563 3909 3659 3949 rex

2086 3988 2432 4059 Assyriorum
2467 3988 2808 4054 Damascum,
2852 3998 2907 4043 et
2952 3989 3092 4059 cepit
3117 4004 3261 4053 eam,
3294 3997 3350 4045 et
3384 3989 3660 4044 transtulit

2087 4094 2231 4135 eam.
2268 4099 2287 4132 ι
2320 4082 2448 4148 Quze
2480 4081 2607 4135 item
2642 4091 2885 4135 extremo
2933 4080 3198 4150 completa
3247 4089 3375 4135 sunt
3417 4080 3520 4135 sub
3553 4080 3659 4147 Bo-

2088 4186 2371 4226 manorum
2409 4171 2659 4243 imperio,
2690 4171 2842 4240 cujus
2870 4181 3111 4242 tempore
3137 4173 3431 4235 Damascus
3467 4187 3660 4240 supera

2086 4275 2197 4321 stes
2225 4266 2463 4334 quidem,
2488 4280 2680 4321 verum
2728 4267 2872 4335 quod
2924 4267 2991 4320 ad
3036 4266 3315 4333 antiquam
3364 4274 3418 4319 et
3450 4264 3656 4333 regiam

2086 4357 2404 4427 dignitatern
2435 4396 2453 4423 ,
2485 4357 2731 4413 funditus
2760 4358 2937 4413 deleta
2979 4367 3119 4413 erat.
3152 4359 3269 4423 Quo
3299 4365 3457 4425 pacto
3491 4356 3656 4410 etiam

2085 4452 2335 4507 consistit
2359 4466 2423 4507 ea
2443 4495 2458 4519 ,
2503 4466 2662 4520 quam
2698 4450 2858 4506 hodie
2886 4451 3131 4505 videmus
3150 4489 3165 4513 ,
3196 4447 3652 4518 quemadmodum

412 4534 572 4607 μένη,
598 4536 718 4589 οὐδὲ
740 4537 979 4607 ἄρχουσα
1006 4538 1099 4591 τοῦ
1140 4538 1327 4611 Σύρων
1365 4540 1549 4604 ἔθνους
1574 4556 1589 4569 ’
1651 4533 1981 4597 ἀποπεπτώ-

2087 4543 2367 4613 prophetia
2399 4544 2725 4598 vaticinatur
2754 4560 2767 4597 :
2803 4558 2922 4609 quae
2968 4551 3176 4596 tantum
3224 4542 3383 4597 abest
3411 4551 3468 4594 ut
3510 4540 3651 4594 ultra

409 4628 537 4681 κυῖα
568 4626 624 4679 δὲ
651 4622 719 4699 ἦς
749 4625 862 4697 εἶχε
912 4628 1190 4699 δυνάμεως
1243 4631 1527 4703 πρότερον,
1568 4634 1662 4686 καὶ
1699 4635 1979 4705 μονονουχὶ

408 4718 489 4780 είς
521 4716 705 4789 κοίτην
737 4718 1001 4789 ποιμνίων
1035 4720 1125 4773 καὶ
1150 4721 1457 4777 ἀνάπαυσιν
1487 4723 1781 4793 βουκολίων
1811 4744 1980 4780 κατα-

407 4809 767 4883 λελειμμένη’
823 4811 963 4865 οῦτω
1001 4812 1058 4865 δὲ
1086 4812 1155 4865 τὰ
1198 4814 1427 4882 ἀγελαῖα
1474 4815 1653 4887 πλήθη
1710 4818 1805 4870 καὶ¹
1852 4819 1980 4882 τοὺς

407 4902 645 4965 εὐτελεῖς
673 4902 875 4973 δήμους
908 4903 1088 4957 καλεῖν
1136 4904 1326 4959 εἴωθεν
1354 4908 1382 4959 ὁ
1410 4906 1584 4975 λόγος.
1625 4909 1779 4962 Κατά
1810 4911 1977 4980 μόνην

407 4991 504 5063 τὴν
538 4992 648 5045 τῶν
682 4992 1081 5063 Ἐϐδομήκοντα
1125 4994 1417 5065 ἑρμηνείαν
1466 4996 1699 5069 εἴρηται,
1728 4998 1870 5067 λέγω
1910 4999 1975 5071 δὴ

405 5081 490 5145 τὺ,
531 5101 550 5133 ι
586 5084 666 5146 είς
696 5082 785 5137 τὸν
837 5082 1039 5138 αἰῶνα·
1086 5103 1104 5135 ι
1151 5083 1276 5137 οὔτε
1330 5086 1439 5156 γὰρ
1493 5089 1548 5140 ἐν
1602 5087 1680 5157 τῷ
1703 5089 1975 5161 Ἐϐραῖκῷ

407 5171 532 5226 οὔτε
570 5174 718 5246 παρὰ
766 5178 879 5239 τοῖς
922 5176 1127 5239 λοιποῖς
1176 5178 1533 5249 ὲρμηνευταῖς
1589 5180 1832 5252 φέρεται.
1882 5181 1975 5235 Διὸ

407 5265 507 5317 ούκ
537 5266 745 5337 ἀνάγκη
772 5268 870 5337 τὴν
901 5267 1107 5321 πτῶσιν
1138 5268 1430 5340 Δαμασκοῦ
1462 5272 1686 5325 αἰωνίαν
1720 5270 1975 5340 λέγεσθαι

407 5355 672 5426 νομίζειν·
707 5359 889 5429 ἐπειδὴ
919 5362 1143 5431 χρονική
1178 5378 1261 5424 τις
1282 5361 1457 5413 αὐτῶν
1488 5363 1677 5431 γέγονε
1706 5364 1739 5433 ή
1771 5365 1976 5427 πτῶσις

404 5446 548 5500 κατά
576 5446 673 5515 τὴν
698 5447 797 5515 τῆς
838 5449 1125 5521 Ἀσσυρίας
1174 5450 1510 5521 πολιορκίαν,
1552 5453 1671 5506 καθ’
1706 5453 1772 5522 ἣν
1819 5452 1912 5505 καὶ
1939 5455 1973 5523 ή

416 5539 767 5611 Ἰερουσαλὴμ
802 5541 933 5610 ἥλω.
985 5543 1120 5595 Ἀλλ’
1166 5544 1353 5616 ὥσπερ
1400 5542 1553 5609 αὖθις
1590 5548 1975 5612 ἐπανελθόντες

414 5630 653 5686 Ἰουδαῖοι
686 5633 915 5703 ήγειραν
947 5633 1042 5703 τὴν
1071 5636 1443 5708 Ἰερουσαλὴμ,
1482 5639 1581 5703 ξκαὶ
1634 5640 1735 5709 τὴν
1786 5639 1972 5711 χώραν

473 5751 517 5783 ⁷⁷
545 5753 648 5806 Isa.
676 5769 730 5815 ι,
770 5752 823 5808 9.

472 5845 607 5918 (19’)
661 5847 784 5905 Haec
832 5864 972 5920 pene
999 5850 1066 5907 ad
1113 5853 1332 5910 verbum
1380 5855 1737 5921 Hieronymus
1784 5857 2057 5923 exprimit.

2084 4637 2291 4705 regiam
2320 4635 2637 4705 dignitatem
2665 4634 2913 4690 obtineat
2940 4672 2956 4699 ,
2988 4649 3051 4689 ac
3082 4634 3345 4703 Syrorum
3372 4634 3518 4704 genti
3552 4633 3655 4687 imo

2085 4736 2268 4797 peret,
2301 4736 2357 4781 ut
2380 4728 2607 4797 pristina
2652 4734 2921 4797 potestate
2966 4726 3177 4795 penitus
3230 4726 3542 4790 exciderit,
3588 4738 3656 4779 ac

2088 4827 2295 4872 tantum
2323 4833 2431 4873 non
2471 4819 2523 4872 in
2551 4819 2725 4874 cubile
2757 4819 3000 4883 ovilium,
3028 4826 3082 4871 et
3110 4817 3162 4870 in
3192 4817 3405 4872 caulam
3436 4830 3658 4870 armen-

2088 4918 2261 4964 torum
2291 4909 2479 4965 relicta
2508 4910 2579 4963 sit
2629 4929 2643 4964 :
2686 4911 2764 4964 sic
2791 4925 2954 4978 porro
2979 4909 3120 4979 vulgi
3147 4908 3546 4962 multitudinem
3597 4915 3654 4959 ct

2084 4999 2325 5055 infimam
2348 4999 2560 5069 plebem
2588 5015 2784 5057 vocare
2815 5000 2953 5055 solet
2981 5000 3157 5055 divina
3188 4999 3489 5067 Scriptura.
3521 4996 3653 5050 Illud

2083 5096 2260 5145 autem
2288 5128 2304 5152 ,
2342 5108 2361 5140 ι
2394 5090 2446 5143 ἱη
2481 5090 2736 5145 saeculum
2764 5128 2781 5155 ,
2820 5108 2838 5141 ι
2888 5090 3179 5144 secundum
3222 5088 3390 5142 solam
3426 5088 3654 5155 Septua-

2081 5183 2227 5250 ginta
2267 5180 2631 5250 lnterpretum
2681 5183 2983 5237 versionem
3031 5181 3277 5236 dicitur:
3311 5194 3434 5233 nam
3477 5193 3653 5246 neque

2084 5272 2141 5325 in
2165 5270 2432 5327 Hebraico
2461 5311 2478 5337 ,
2516 5285 2688 5342 neque
2728 5272 2867 5341 apud
2918 5271 3155 5340 reliquos
3184 5271 3507 5337 interpretes
3542 5267 3653 5320 fere

2086 5371 2192 5419 tur.
2224 5362 2588 5430 Quamobrem
2620 5363 2985 5417 necessarium
3030 5360 3256 5415 minime
3284 5367 3366 5413 est
3405 5367 3464 5411 ut
3493 5369 3652 5426 pute-

2084 5472 2202 5510 mus
2233 5457 2444 5511 ruinam
2490 5456 2737 5511 Damasci
2793 5464 3054 5511 aeternam
3082 5451 3299 5524 praedici
3351 5470 3364 5504 :
3409 5451 3652 5519 quandoa

2083 5550 2297 5617 quidem
2345 5549 2412 5602 ad
2450 5558 2658 5617 tempus
2691 5548 2862 5603 solum
2894 5546 3009 5614 ejus
3039 5544 3308 5602 excidium
3339 5544 3439 5597 fuit
3467 5582 3482 5608 ,
3528 5559 3650 5597 cum

2082 5642 2150 5696 ab
2181 5641 2420 5711 Assyriis
2448 5643 2666 5697 obsessa
2705 5650 2827 5708 est,
2860 5642 3071 5709 quando
3101 5639 3261 5694 etiam
3313 5637 3649 5708 Jerosolyma
