4118 6412
465 395 568 453 2οἽ

1126 369 1397 441 ΕῘΙΞΕΒΙΙ
1442 372 1919 436 ΟᾸΞΞΔΒΙΕΝΞΙΒ
1956 370 2110 431 ΟΡΡ.
2150 369 2336 429 PARS
2371 371 2462 428 Ill.
2502 400 2572 412 —
2609 368 3017 429 EXEGETICA.

3623 364 3733 423 208

459 515 628 579 capta
660 516 764 564 est.
797 508 995 565 Verum
1015 503 1463 578 quemadmodum
1491 497 1884 556 reversiJudaei
1919 496 2049 552 Hie-

2161 495 2478 569 ὲπλήρωσαν
2511 495 2832 567 οἰκητόρων,
2865 494 2958 547 τὸν
3006 489 3165 545 αὑτὸν
3202 487 3400 561 τρόπον
3445 484 3538 540 καὶ
3567 487 3602 558 ἡ
3635 487 3734 539 Δαρ-

475 598 807 670 rosolymam
839 601 1016 654 denuo
1039 598 1371 663 excitarunt,
1394 605 1558 664 atque
1583 593 1864 664 regionem
1892 591 2044 648 inco-

475 689 544 745 lis
574 689 940 760 repleverunt.
989 689 1056 743 ad
1081 687 1329 743 eumdem
1375 685 1591 740 modum
1621 692 1678 739 et
1706 683 2004 738 Damascus
2029 721 2047 748 ,

457 766 566 838 'illa
597 797 849 853 perpessa
879 821 894 846 ,
927 796 1045 850 quae
1098 780 1154 834 in
1210 779 1495 848 prophetia
1535 777 1806 839 feruntur,
1852 789 2048 830 rursus

471 874 533 928 in
561 872 807 944 sequenti
839 881 1080 942 tempore
1108 877 1316 925 structa
1339 867 1440 923 fuit
1461 909 1476 935 ,
1515 868 1590 922 ita
1640 875 1700 921 ut
1727 864 1872 936 regia
1895 867 2051 921 sedes

477 965 533 1020 in
559 977 624 1018 ea
653 964 850 1044 iterum
878 970 1202 1032 poneretur.

548 1076 568 1110 ‹
604 1056 671 1112 Ει
699 1071 804 1111 ηοη
835 1057 974 1110 ultra
1015 1069 1240 1126 regnum
1270 1055 1322 1108 in
1355 1055 1617 1108 Damasco
1645 1067 1658 1106 :
1697 1061 1750 1107 et
1772 1050 2048 1106 residuum

467 1149 766 1222 Syrorum.
796 1166 814 1200 ι
844 1147 971 1201 Haec
995 1147 1248 1201 dicuntur
1275 1145 1428 1215 quasi
1461 1145 1757 1198 Damascus
1778 1150 2050 1212 superstes

477 1242 692 1314 quidem
720 1239 898 1294 futura
924 1238 1014 1305 sit,
1040 1238 1136 1293 sed
1167 1251 1272 1291 non
1301 1235 1505 1290 munita
1539 1243 1596 1290 et
1622 1234 1770 1304 regni
1802 1240 1963 1302 caput
1993 1241 2052 1287 ut

476 1333 626 1389 olim.
653 1331 888 1387 Possunt
917 1331 1044 1384 item
1087 1327 1191 1382 alio
1225 1327 1386 1381 modo
1435 1327 1547 1380 haec
1596 1325 1715 1380 loca
1763 1325 2050 1395 explicari,

477 1425 633 1496 quasi
665 1423 876 1479 scilicet
903 1421 1184 1490 prophetia
1211 1417 1464 1473 Damasci
1510 1418 1702 1473 incolis
1743 1417 2051 1487 depressio-

478 1532 604 1573 nem
630 1524 684 1572 et
715 1515 979 1585 privatam
1007 1513 1174 1567 vitam
1215 1509 1561 1580 prmuuntiet.
1589 1509 1667 1562 lta
1701 1509 1844 1564 enim
1874 1509 2053 1566 dicere

479 1609 720 1666 solemus
753 1607 1021 1662 excidisse
1062 1603 1316 1667 divitem,
1348 1617 1470 1656 cum
1509 1603 1562 1655 in
1591 1609 1896 1655 extremam
1925 1616 2054 1670 pau-

476 1713 747 1774 pertatem
773 1699 1082 1765 devenerit;
1111 1696 1471 1765 similiterque
1498 1695 1674 1748 virum
1705 1693 2051 1757 honoratum,

477 1810 604 1852 cum
637 1793 895 1864 dignitate
937 1805 1034 1846 sua
1075 1788 1337 1859 spoliatus
1382 1787 1564 1842 fuerit.
1598 1783 1715 1841 Non
1746 1786 1887 1840 enim
1917 1800 2055 1854 pra:-

2156 587 2385 658 μασκὸς,
2421 585 2668 640 παθοῦσα
2694 586 2814 638 τότε
2843 583 2910 637 τὰ
2932 583 3037 636 ὑπὸ
3054 581 3152 653 τῆς
3184 577 3521 652 προφητείας
3547 575 3735 631 θεσπι-

2153 680 2368 744 σθέντα,
2409 676 2562 745 αὖθις
2591 682 2650 733 ὲν
2681 682 2796 743 τοῖς
2840 677 2978 750 μετὰ
3027 674 3201 729 ταῦτα
3224 673 3438 747 χρόνοις
3465 670 3732 741 ἀνῳκοδό-

2156 791 2314 847 μητο,
2343 773 2419 837 ώς
2449 774 2540 827 καὶ
2564 771 2830 844 βασίλειον
2861 772 2919 824 ὲν
2953 770 3089 840 αὐτῇ
3119 767 3378 838 συστῆναι
3405 763 3587 819 πάλιν.

2231 1071 2248 1102 ι
2291 1051 2399 1106 Καὶ
2425 1049 2604 1102 οὐκέτι
2633 1045 2878 1118 βασιλεία
2915 1047 2972 1098 ὲν
2998 1040 3294 1113 Δαμασκῷ·
3337 1041 3431 1094 καὶ
3458 1038 3521 1093 τὸ
3564 1037 3734 1094 κατά-

2152 1143 2336 1198 λοιπον
2365 1141 2474 1195 τῶν
2495 1139 2703 1212 Σύρων.
2748 1159 2766 1189 ι
2806 1137 2894 1200 Ὠς
2924 1135 3034 1204 γὰρ
3078 1132 3377 1204 μελλούσης
3426 1129 3524 1201 μὲν
3565 1127 3736 1198 αὐτῆς

2153 1235 2392 1297 ἔσεσθαι,
2415 1234 2475 1287 ού
2503 1233 2608 1304 μὴν
2639 1231 2732 1286 καλ¹
2765 1230 2965 1301 ὀχυρᾶς
2995 1226 3136 1281 κατὰ
3167 1225 3226 1279 τὸ
3260 1224 3488 1279 παλαιὸν
3516 1239 3738 1294 γενησο-

2157 1327 2344 1401 μένης,
2394 1325 2512 1379 ούδὲ
2552 1322 2941 1395 βασιλευούσης
2980 1321 3152 1376 ταῦτα
3187 1321 3420 1392 εἴρηται.
3477 1317 3632 1371 Ἔστι
3678 1317 3737 1371 δὲ

2155 1419 2251 1473 καὶ
2284 1417 2455 1480 ἄλλως
2485 1415 2762 1470 ἐπιϐαλεῖν
2787 1416 2898 1478 τοῖς
2920 1413 3126 1476 τόποις,
3167 1412 3241 1476 ώς
3273 1413 3374 1481 τῆς
3403 1409 3739 1481 προφητείας

2154 1510 2481 1565 ταπείνωσιν
2508 1511 2618 1572 τοῖς
2649 1510 2927 1579 οἰκήτορσι
2961 1504 3270 1576 Δαμασκοῦ,
3301 1504 3392 1556 καί
3413 1503 3524 1572 βίον
3551 1502 3738 1555 ἰδιωτι-

2156 1602 2252 1656 κὸν
2277 1598 2796 1674 προαναφωνούσης.
2826 1597 2979 1651 Οὕτω
3009 1593 3140 1664 γοῦν
3156 1594 3423 1664 εἰώθαμεν
3448 1592 3624 1661 λέγειν
3655 1593 3738 1646 ὲκ-

2155 1693 2499 1747 πεπτωκέναι
2539 1693 2629 1746 τὸν
2665 1688 3171 1755 πλούσιον,ὲπειδάν
3202 1688 3278 1750 εἰς
3309 1685 3544 1756 ἐσχάτην
3571 1685 3736 1756 ἐλάσῃ

2160 1785 2370 1839 πενίαν·
2416 1783 2627 1839 καὶτὸν
2658 1783 2895 1854 ἔντιμον,
2938 1780 3156 1834 ἐπειδὰν
3189 1772 3250 1833 οὗ
3295 1781 3540 1850 μετεῖχεν
3577 1778 3740 1844 ἀξιώ-

479 1852 724 1944 stantio;
747 1895 800 1941 tu
831 1899 891 1940 es
925 1883 1053 1939 ﬁliis
1083 1883 1251 1938 Israel
1314 1890 1368 1935 et
1397 1880 1567 1949 gloria
1596 1895 1807 1934 eorum.
1841 1852 1978 1935 Nam
2011 1879 2054 1934 si

2162 1893 2329 1948 ματος
2363 1874 2625 1946 στερηθῇ.
2660 1874 2734 1927 Ού
2769 1852 2876 1944 γάρ
2908 1870 2972 1923 σὺ
3002 1869 3228 1940 βελτίων
3248 1863 3299 1921 εἰ
3335 1867 3442 1920 τῶν
3468 1866 3600 1920 υἰῶν
3641 1868 3741 1920 Ἰσ-

481 1976 574 2034 ille
594 1975 720 2032 olim
746 1973 974 2045 populus
998 1973 1092 2028 Dei
1111 1980 1476 2040 nuncupatus,
1494 1979 1796 2026 memorato
1820 1979 2058 2040 tempore

481 2067 743 2140 dignitate
763 2080 859 2121 sua
883 2064 1131 2134 lapsurus
1158 2061 1505 2132 est,pristina
1533 2059 1789 2116 libertate
1813 2068 1869 2116 et
1891 2074 2058 2131 regno

477 2159 816 2232 spoliandus,
861 2171 967 2212 non
991 2163 1074 2211 est
1106 2152 1250 2226 quod
1279 2163 1336 2210 tu
1369 2152 1669 2210 Damascus
1696 2153 1762 2209 de
1786 2152 1902 2224 pari
1923 2165 2056 2209 casu

479 2251 802 2325 indigneris.

549 2439 714 2494 Vsus.
736 2436 792 2492 4.
817 2455 836 2488 ι
866 2433 992 2491 Haec
1009 2433 1143 2491 dicit
1161 2432 1423 2490 Dominus
1445 2432 1680 2491 Sabaoth
1709 2452 1722 2489 :
1748 2432 1864 2490 Erit
1887 2433 1941 2489 in
1967 2433 2056 2490 die

477 2532 571 2589 illa
608 2539 670 2586 ut
705 2528 921 2586 deﬁciat.
952 2527 1118 2597 gloria
1160 2525 1325 2582 Iacob
1348 2565 1364 2590 ,
1389 2535 1444 2583 et
1475 2525 1692 2598 pinguia
1717 2525 1901 2598 gloriae
1939 2525 2064 2594 ejus

479 2625 949 2676 commoveantur.
981 2634 1001 2668 ι
1035 2615 1104 2669 Ει
1131 2613 1533 2668 animadvertas
1555 2611 1744 2678 velim,
1781 2627 1904 2668 eum
1946 2627 2056 2667 non

388 2697 390 2700 ’
480 2708 724 2765 funditus
750 2701 1129 2762 destruendam
1147 2712 1385 2773 gentem,
1400 2707 1493 2760 sed
1516 2713 1722 2760 tantum
1745 2705 1929 2776 gloria
1949 2705 2058 2776 pri-

483 2801 646 2859 stinae
667 2799 938 2871 iacturam
969 2796 1087 2853 fore
1115 2795 1445 2867 signiﬁcare.
1469 2795 1694 2862 Pinguia
1720 2812 1850 2854 vero
1871 2797 2058 2867 gloria:

481 2893 650 2965 prisci
698 2890 1082 2962 illius‘populi,
1117 2897 1273 2945 erant
1311 2887 1676 2945 sacerdotium
1705 2897 1762 2944 et
1805 2903 2055 2959 regnum,

481 2999 700 3042 sacrum
728 2984 857 3038 item
906 2979 1174 3036 canticum
1216 2988 1272 3034 et
1317 2977 1497 3034 cultus
1536 2979 1831 3034 secundum
1881 2977 2055 3048 legem

480 3074 781 3146 praestitus,
813 3070 1168 3142 prophetandi
1213 3068 1386 3139 gratia
1421 3079 1478 3124 et
1504 3068 1678 3140 gentis
1715 3068 1962 3132 libertas,
1993 3082 2056 3123 ac

484 3174 531 3226 si
579 3187 687 3242 qua
724 3171 828 3225 alia
876 3182 1040 3239 penes
1078 3164 1356 3220 Iudaicam
1407 3172 1619 3234 gentem
1669 3162 2053 3218 habebantur:

485 3279 608 3335 qua:
635 3257 1304 3317 confertim‘concutienda
1323 3263 1377 3311 et
1404 3255 1704 3310 amovenda
1735 3254 1852 3309 fore
1879 3266 2058 3309 sermo

482 3353 748 3425 pradicit.

561 3447 724 3503 Vsus.
753 3446 807 3510 5,
839 3446 891 3500 6.
927 3462 948 3496 ι
988 3443 1055 3499 Ει
1084 3443 1191 3499 erit
1218 3439 1671 3514 quemadmodum
1717 3439 1764 3493 si
1801 3437 1924 3509 quis
1951 3436 2062 3493 col-

486 3537 682 3607 legerit
715 3549 940 3591 messem
984 3542 1246 3601 stantem,
1277 3540 1333 3587 et
1366 3543 1549 3586 semen
1597 3530 1871 3600 spicarum
1914 3543 2060 3583 mes-

485 3631 675 3689 suerit.
707 3630 772 3684 Et
797 3629 902 3684 erit
935 3627 1384 3698 quemadmodum
1415 3625 1459 3680 si
1486 3625 1608 3696 quis
1646 3623 1926 3694 collegerit
1952 3623 2063 3693 spi-

486 3739 581 3779 cas
614 3724 666 3778 in
691 3722 831 3776 valle
854 3735 1067 3792 aspera,
1093 3730 1148 3775 et
1182 3719 1399 3774 relictus
1414 3718 1580 3772 fuerit
1604 3718 1655 3772 in
1687 3731 1750 3772 ea
1775 3715 2006 3772 culmus.
2037 3734 2056 3766 ι

485 3815 640 3873 Sicut
669 3816 812 3871 enim
852 3815 905 3869 in
941 3827 1117 3870 messe
1146 3813 1478 3883 colliguntur
1503 3811 1720 3882 quidem
1756 3809 1942 3880 spicae,
1975 3823 2063 3863 re-

485 3910 750 3981 linquitur
769 3917 949 3962 tamen
987 3907 1041 3961 in
1067 3920 1198 3976 agro
1217 3904 1429 3959 culmus
1458 3904 1637 3958 tenuis
1663 3919 1678 3968 ;
1727 3904 1799 3957 ita
1824 3901 2062 3955 futurum

489 4005 566 4058 ait
591 4001 875 4057 Iudaicum
896 3998 1175 4070 populum,
1198 4013 1365 4068 penes
1384 4011 1547 4067 quem
1575 3996 1738 4067 spicae
1761 3993 1892 4050 olim
1919 4002 2066 4049 stan-

488 4105 572 4150 tes
602 4093 965 4156 succidentur,
988 4091 1244 4160 solusque
1273 4088 1612 4157 relinquetur
1643 4087 1872 4141 culmus.
1909 4083 2062 4151 Quod

489 4190 536 4244 si
571 4188 695 4258 quis
721 4187 860 4257 apud
891 4199 984 4241 eos
1011 4184 1312 4255 reperiatur
1335 4181 1738 4237 existimatione
1765 4178 1986 4249 dignus,
2015 4177 2064 4232 is

484 4280 892 4352 comparabitur
930 4279 1113 4350 spicaa,
1157 4291 1264 4332 non
1313 4276 1366 4329 in
1402 4273 1660 4342 planitie,
1699 4273 1794 4328 sed
1829 4271 1884 4326 iu
1918 4270 2065 4326 valle

488 4374 634 4428 sicea
671 4379 729 4438 et
774 4385 964 4439 aspera
1007 4365 1275 4424 nascenti.
1318 4363 1584 4419 Craterum
1626 4363 1775 4434 spica
1836 4361 2065 4417 indicari

487 4473 620 4536 puto
642 4465 866 4519 chorum
896 4460 1284 4532 discipulorum
1313 4457 1839 4528 etevangelistarum
1874 4455 2064 4512 Salva-

2163 1969 2297 2041 ραὴλ
2333 1968 2547 2039 καὶτῆς
2575 1967 2732 2039 δόξης
2766 1965 2964 2019 αὐτῶν.
3002 1964 3066 2017 Εἰ
3090 1963 3201 2035 γὰρ
3230 1964 3259 2016 ὁ
3286 1963 3454 2017 πάλαι
3485 1962 3581 2016 τοῦ
3603 1961 3740 2016 Θεοῦ

2157 2056 2508 2130 χρηματίζων
2535 2057 2662 2122 λαὸς
2691 2059 2747 2110 ὲν
2774 2059 2885 2118 τοῖς
2909 2053 3224 2126 λεγομένοις
3253 2054 3466 2125 χρόνοις
3494 2055 3743 2107 ἐκπεσεῖ-

2155 2169 2246 2205 ται
2275 2150 2369 2204 τοῦ
2395 2151 2594 2205 οἰκείου
2621 2149 2953 2220 ἀξιώματος,
2973 2149 3067 2200 καὶ
3087 2145 3186 2217 τῆς
3224 2146 3392 2200 πάλαι
3417 2148 3546 2218 παρ’
3561 2145 3743 2209 αὐτοῖς

2158 2243 2581 2316 πολιτευομένης
2621 2241 2948 2312 αὐτονομίας
2992 2240 3087 2294 καί
3131 2237 3429 2308 βασιλείας·
3450 2238 3510 2290 οὐ
3544 2237 3650 2308 χρή
3684 2253 3744 2289 σε

2155 2336 2256 2408 τὴν
2287 2335 2576 2408 Δαμασκὸν
2607 2334 2676 2388 τὰ
2695 2335 2855 2405 ὅμοια
2888 2331 3201 2402 πάσχουσαν
3217 2328 3563 2398 ἀγανακτεῖν.

2227 2450 2248 2484 ι
2282 2430 2422 2486 Τάδε
2453 2430 2603 2499 λέγει
2630 2427 2836 2498 Κύριος
2873 2422 3121 2478 Σαΰαώθ’
3154 2423 3345 2476 Ἔσται
3377 2423 3437 2475 ὲν
3467 2422 3534 2491 τῇ
3561 2418 3746 2491 ἡμέρᾳ

2157 2523 2340 2596 ἐκείνῃ
2367 2520 2606 2590 ἔκλειψις
2634 2519 2733 2590 τῆς
2770 2515 2928 2586 δόξης
2979 2511 3193 2567 Ἰακώϐ·
3237 2512 3333 2567 καὶ
3359 2511 3427 2565 τά
3456 2510 3618 2564 πίονα
3647 2509 3745 2580 τῆς

2157 2602 2316 2688 δόξης
2346 2613 2512 2668 αὑτοῦ
2547 2610 2910 2680 σεισθήσεται.
2950 2623 2968 2657 ι
3003 2604 3116 2658 Καὶ
3153 2604 3252 2657 θέα
3281 2605 3427 2666 ὅπως
3458 2603 3558 2656 οὐκ
3589 2600 3744 2655 ἀναί-

2161 2726 2311 2782 ρεσιν
2351 2705 2587 2776 παντελῆ
2618 2703 2714 2757 τοῦ
2759 2700 2943 2762 ἔθνους
2985 2696 3260 2768 σημαίνει,
3292 2693 3430 2747 ἀλλὰ
3458 2692 3557 2763 τῆς
3580 2689 3742 2760 δόξης

2158 2803 2358 2867 αὐτῶν,
2391 2796 2458 2873 ἧς
2489 2799 2734 2871 μετεῖχον
2781 2795 3062 2868 πρότερον,
3094 2789 3431 2858 καθαίρεσιν.
3469 2784 3640 2837 Πίονα
3683 2782 3744 2835 δὲ

2156 2891 2226 2968 ἦν
2255 2895 2354 2967 τῆς
2397 2893 2488 2948 τοῦ
2512 2892 2777 2965 προτέρου
2822 2887 2953 2942 λαοῦ
2981 2885 3194 2956 δόξηςὴ
3227 2877 3514 2968 ἱερωσύνη,
3567 2875 3662 2968 καί
3709 2875 3746 2945 ἡ

2161 2964 2430 3059 βασιλεία,
2460 2983 2520 3036 τό
2549 2964 2608 3035 τε
2651 2981 2806 3049 ἅγιον
2835 2975 2990 3051 ᾆσμα
3033 2975 3126 3029 καὶ
3162 2975 3196 3042 ἡ
3242 2969 3384 3025 κατὰ
3421 2967 3620 3059 νόμους
3648 2964 3742 3017 λα-

2158 3057 2334 3153 τρεία,
2356 3079 2392 3149 ἧ
2419 3094 2480 3130 τε
2508 3074 2817 3147 προφητικὴ
2841 3071 3019 3143 χάρις,
3049 3066 3144 3122 καὶ
3177 3066 3210 3136 ἡ
3235 3062 3329 3116 τοῦ
3359 3060 3545 3124 ἔθνους
3578 3057 3731 3110 ὲλευ-

2082 3206 2126 3265 c
2159 3173 2336 3246 θερία,
2369 3170 2464 3224 καὶ
2491 3170 2592 3223 ὅσα
2631 3167 2765 3223 ἄλλα
2808 3165 2959 3238 παρὰ
2991 3162 3071 3234 τῷ
3109 3156 3379 3265 ἰουδαίωρ
3407 3155 3572 3265 έθνει·
3601 3154 3746 3224 ἅπερ

2163 3265 2372 3336 ἀθρόως
2401 3257 2802 3331 σεισθήσεσθαι,
2835 3258 2929 3311 καὶ
2957 3251 3236 3314 παντελῶς
3275 3246 3545 3315 ἐκλείψειν
3598 3261 3735 3316 προ-

2163 3353 2420 3427 αγορεύει
2462 3353 2490 3405 ὁ
2530 3349 2708 3418 λόγος.

2244 3426 2413 3502 «Καὶ
2449 3445 2602 3499 ἔσται
2644 3442 2702 3496 ὃν
2745 3441 2944 3514 τρόπον
2971 3437 3066 3492 ὲάν
3097 3452 3181 3499 τις
3221 3432 3502 3504 συναγάγῃ
3540 3426 3750 3499 άμητὸν

2165 3536 2454 3607 ἑστηκότα,
2506 3534 2601 3588 καὶ⁹
2651 3531 2870 3602 σπέρμα
2910 3525 3159 3598 σταχύων
3190 3524 3398 3595 ἀμήσῃ.
3441 3520 3554 3574 Καὶ
3596 3517 3748 3571 ἔσται

2163 3632 2224 3684 ὃν
2257 3628 2455 3700 τρόπον
2477 3626 2574 3680 ὲάν
2598 3642 2684 3688 τις
2719 3622 3002 3694 συναγάγῃ
3031 3618 3232 3688 στάχυν
3272 3617 3328 3668 ὲν
3355 3614 3598 3685 φάραγγι
3629 3626 3748 3664 στε-

2167 3726 2286 3797 ρεᾷ,
2321 3724 2415 3777 καὶ
2434 3717 2767 3788 καταλειφθῇ
2802 3717 2859 3769 ὲν
2899 3714 3036 3783 αὐτῇ
3071 3709 3314 3780 καλάμη.
3355 3726 3374 3758 ι
3407 3707 3495 3797 Ὠς
3532 3703 3640 3776 γὰρ

2165 3791 2364 3888 άμητῷ
2407 3812 2728 3879 συνάγονται
2756 3807 2854 3878 μὲν
2880 3806 2930 3858 οί
2979 3803 3230 3872 στάχυες,
3266 3794 3649 3852 καταλείπεται
3687 3791 3745 3845 δὲ

2167 3883 2224 3964 ἐν
2251 3883 2502 3980 τῇνχώρα
2553 3901 2774 3972 καλάμη
2819 3897 2970 3970 ψιλή·
3009 3894 3150 3949 οὕτω
3187 3891 3349 3964 φησὶν
3395 3887 3613 3980 ἔσεσθαι
3657 3883 3747 3938 τὸν

2179 3975 2446 4058 Ἰουδαίων
2478 3975 2651 4061 λαὸν,
2685 3991 3071 4063 ἀποτμηθέντα
3110 3985 3209 4058 μὲν
3252 3981 3362 4037 τῶν
3402 3979 3570 4034 πάλαι
3617 3975 3747 4048 παρ’

2167 4095 2350 4156 αὐτοῖς
2374 4088 2641 4160 σταχύων,
2671 4085 2838 4157 μόνης
2869 4082 2926 4134 δὲ
2953 4079 3052 4150 τῆς
3075 4075 3327 4146 καλάμης
3351 4075 3408 4125 ὲν
3435 4071 3623 4160 αὐτοῖς
3650 4083 3750 4160 ata-

2167 4157 2564 4252 ταλειφθείσης.
2617 4176 2680 4229 Εἰ
2727 4173 2783 4226 δὲ
2828 4171 2921 4224 καί
2960 4168 3061 4221 πού
3101 4183 3186 4252 τις
3227 4161 3422 4233 εὑρεθῇ
3471 4161 3528 4213 ὲν
3567 4157 3749 4252 αύτοῖς

2167 4275 2316 4341 ἄξιος
2332 4247 2526 4342 λόγου,
2575 4264 3059 4337 παραϐληθήσεται
3085 4250 3240 4319 οὗτος
3267 4253 3477 4324 στάχυϊ,
3517 4247 3640 4319 οὐχὶ
3687 4248 3748 4300 ὲν

2166 4368 2245 4440 τῷ
2267 4365 2432 4436 πεδίῳ
2470 4363 2647 4433 φύντι,
2690 4358 2804 4413 ἀλλ’
2845 4357 2902 4408 ὲν
2943 4352 3146 4406 κοιλάδι
3187 4349 3278 4403 καὶ
3315 4348 3557 4418 φάραγγι
3579 4357 3749 4397 κατα-

2172 4433 2319 4534 ξθρῳ
2365 4433 2462 4513 Xal-
2508 4453 2722 4525 στερεᾷ.
2765 4445 3064 4519 Δηλοῦσθαι
3102 4443 3160 4498 δὲ
3193 4437 3346 4512 οἶμαι
3373 4437 3461 4492 διὰ
3491 4433 3587 4490 τοῦ
3617 4433 3749 4487 στάν

490 4557 628 4613 toris
689 4556 896 4619 nostri,
951 4555 1016 4610 de
1080 4569 1188 4625 quo
1243 4524 1558 4625 superius;3
1619 4549 2058 4617 dicebatur,rEt

2333 4550 2425 4603 τὸν
2447 4524 2615 4619 χορὸν
2637 4542 2746 4597 τῶν
2773 4539 2867 4593 τοῦ
2897 4537 3148 4608 Σωτῆρος
3176 4537 3209 4604 ὴ
3219 4532 3334 4604 μῶν
3369 4526 3625 4625 μαθητᾌών
3656 4524 3752 4579 καὶ

492 4653 600 4706 nisi
623 4650 881 4704 Dominus
900 4648 1137 4704 Sabaoth
1160 4648 1472 4719 reliquisset
1496 4647 1652 4703 uobis
1672 4661 1883 4710 semen,
1905 4643 2061 4714 quasi

492 4743 728 4801 Sodoma
757 4740 1069 4807 fuissemus,
1099 4753 1154 4797 et
1179 4741 1332 4812 quasi
1365 4739 1675 4797 Gomorrha
1701 4737 1906 4793 similes
1933 4736 2060 4792 facti

493 4849 755 4891 essemus.
795 4852 814 4886 ι

565 5037 586 5072 ι
622 5020 730 5075 Aut
758 5029 1012 5088 tanquam
1045 5032 1212 5087 grana
1247 5015 1403 5071 oliva:
1427 5015 1534 5069 duo
1564 5012 1648 5068 vel
1682 5013 1784 5066 tria
1822 5011 1886 5065 ad
1926 5025 2068 5064 sum-

489 5113 732 5168 mitatem
776 5110 1083 5173 sublimem,
1119 5109 1204 5163 vel
1244 5119 1477 5176 quatuor
1504 5104 1585 5158 vel
1617 5104 1858 5174 quinque
1894 5103 1944 5155 in
1975 5115 2064 5154 ra-

488 5204 594 5260 mis
632 5217 820 5258 eorum
868 5200 1057 5256 relicta
1097 5200 1318 5254 fuerint.
1354 5217 1374 5249 ι
1415 5195 1648 5250 Tantam
1693 5196 1893 5266 quippe
1947 5192 2067 5248 fore

490 5297 565 5351 ait
590 5293 906 5364 eorum,qui
931 5308 996 5348 ex
1026 5292 1222 5348 lsraele
1246 5289 1562 5360 superstites
1588 5298 1766 5349 erunt,
1787 5287 2062 5341 raritatem

489 5394 544 5444 in
579 5401 823 5462 tempore
846 5430 861 5455 ,
893 5390 1034 5460 quod
1075 5389 1129 5442 in
1174 5383 1452 5456 prophetia
1498 5391 1737 5446 uelatur,
1789 5392 1844 5435 ut
1875 5394 2064 5434 omnes

491 5482 652 5550 spicae
684 5482 775 5537 uni
813 5480 1116 5551 comparari
1152 5475 1361 5547 possint
1392 5492 1407 5540 ;
1455 5487 1548 5527 eos
1585 5482 1763 5526 autem
1796 5473 1884 5542 qui
1925 5485 2063 5542 prae-

495 5575 788 5630 stautiores
817 5574 956 5641 apud
991 5571 1110 5625 illos
1133 5581 1330 5634 erunt,
1366 5566 1480 5620 fore
1516 5564 1675 5634 quasi
1704 5566 1808 5618 duo
1844 5563 1927 5619 vel
1963 5564 2066 5618 tria

492 5681 659 5736 grana
694 5667 847 5720 oliva:
892 5665 946 5718 in
981 5663 1296 5720 summitate
1339 5659 1576 5716 sublimi.
1614 5657 1780 5726 Queis
1815 5655 2064 5713 subiudi-

549 5843 598 5876 ’⁸
621 5842 750 5911 Cap.
775 5858 814 5911 ι,
851 5857 991 5899 vers.
1028 5841 1082 5897 9.

2169 4618 2585 4712 εύαγγελιστῶν,
2611 4635 2740 4707 περὶ
2769 4626 2831 4686 οὗ
2860 4630 2955 4685 καί
2970 4630 3026 4682 ὲν
3045 4630 3155 4690 τοῖς
3177 4621 3484 4696 ἐμπροσθεν
3512 4618 3747 4688 ἐλέγετο·

2180 4755 2198 4788 ι
2229 4707 2337 4788 Kal
2362 4735 2410 4786 εἰ
2429 4730 2504 4802 μὴ
2537 4726 2740 4799 Κύριος
2768 4719 2993 4776 Σαϐαὼθ
3028 4715 3385 4788 ἐγκατέλιπεν
3419 4713 3550 4782 ἡμῖν
3582 4707 3751 4779 σπέρ-

2179 4847 2273 4901 μα,
2301 4828 2377 4891 ώς
2405 4799 2615 4894 Σόδομα
2645 4819 2710 4873 ἂν
2750 4813 3114 4886 ἐγενήθημεν,
3157 4808 3251 4862 καὶ
3284 4806 3360 4870 ὡς
3391 4803 3644 4874 Γόμορρα
3684 4799 3753 4853 ἂν

2173 4913 2558 4987 ὡμοιώθημεν.
2599 4929 2616 4961 ι

2251 5027 2269 5058 ι
2310 5008 2382 5059 Ἦ
2412 5005 2486 5067 ώς
2509 5003 2682 5074 ρῶγες
2713 4997 2898 5060 ἐλαίας
2941 4994 3033 5048 δύο
3065 4992 3097 5064 ἢ
3133 4994 3281 5060 τρεῖς
3311 4989 3395 5042 ἐπ’
3426 4986 3596 5056 ἄκρου
3620 5073 3627 5074 7
3654 4997 3746 5074 με·

2171 5097 2399 5169 τεώρου,
2435 5095 2468 5166 ἢ
2498 5071 2780 5162 τέσσαρες,
2818 5087 2850 5157 ἢ
2892 5085 3052 5137 πέντε
3081 5083 3173 5135 ἐπὶ
3200 5079 3306 5133 τῶν
3342 5077 3550 5132 κλάδων
3574 5071 3753 5127 αὐτῶν

2172 5163 2590 5257 καταλειφθώσι.
2635 5202 2653 5236 ι
2680 5179 2959 5248 Τοσαύτην
2982 5177 3091 5245 γάρ
3119 5188 3282 5242 φησιν
3312 5166 3528 5222 ἔσεσθαι
3557 5163 3752 5257 σπάνιν

2172 5283 2278 5336 τῶν
2304 5284 2368 5334 ὲκ
2400 5255 2492 5332 τοῦ
2533 5274 2747 5345 Ἰσραὴλ
2783 5266 3176 5340 σωθησομένων
3208 5260 3349 5316 κατὰ
3374 5261 3500 5321 τοὺς
3528 5255 3751 5329 χρόνους

2171 5374 2264 5438 οὓς
2296 5376 2329 5445 ἡ
2355 5369 2658 5444 προφητεία
2693 5363 2970 5437 σημαίνει,
2995 5359 3069 5422 ώς
3086 5358 3165 5410 ἑνὶ
3190 5356 3380 5424 στάχυϊ
3407 5347 3752 5445 Δ’παραϐάλλε-

2175 5467 2298 5521 σθαι
2319 5438 2448 5528 τούς
2477 5438 2708 5522 πάντας·
2733 5456 2860 5518 τοὺς
2884 5453 2940 5506 δὲ
2960 5453 3017 5503 ὲν
3041 5450 3221 5511 αὐτοῖς
3233 5443 3545 5517 ἐξαιρέτους
3568 5438 3746 5493 τοσού-

2171 5577 2295 5622 τους
2353 5552 2569 5610 έσεσθαί
2611 5566 2784 5612 τινας,
2823 5546 3010 5614 ὥσπερ
3055 5543 3102 5594 εἰ
3147 5540 3328 5612 ῥῶγας
3371 5535 3556 5596 ἐλαίας
3582 5532 3676 5584 δύο
3719 5530 3754 5622 ᾖ

2171 5619 2322 5724 τρεῖς
2371 5649 2496 5710 τοὺς
2549 5645 2637 5696 ἐπ’
2676 5641 2847 5712 ἄκρου
2899 5633 3195 5707 μετεώρου,
3249 5624 3616 5698 αἰνιττομένου
3661 5619 3753 5672 τοῦ
