4118 6378
389 384 493 441 209

1337 382 1843 439 COMMENTARIA
1882 384 1948 439 IN
1988 384 2246 442 lSAlAM.
2280 415 2352 427 —
2386 387 2537 442 CAP.
2581 385 2745 443 XVII.

3532 389 3637 436 am

390 501 550 567 λόγου
588 496 715 559 τοὺς
738 495 1073 566 ἁκροτάτους
1096 494 1202 549 τῶν
1234 494 1566 561 ἀποστόλων,
1597 498 1691 562 οὒς
1716 500 1843 551 ποτὲ
1868 499 1963 570 μὲν

2076 512 2263 557 cantur
2288 500 2655 571 apostolorum
2685 496 2965 570 praecipui,
2986 509 3125 566 quos
3154 493 3448 565 aliquando
3480 494 3638 552 binos

392 586 533 641 κατὰ
561 585 817 653 συζυγίαν
842 587 869 637 ὀ
892 585 1080 656 Σωτὴρ
1114 586 1524 658 προσεκαλεῖτο,
1553 589 1680 642 ποτὲ
1714 590 1770 642 δὲ
1794 594 1959 661 τρεῖς·

392 678 484 743 οὓς
514 681 547 750 ἡ
578 679 766 750 Γραφὴ
788 677 881 731 τοῦ
910 677 1241 745 Εὑαγγελίου
1260 678 1528 734 ἐκλεκτῶν
1551 681 1966 754 ἐκλεκτοτέρους

392 774 669 843 εἰσήγαγε·
706 773 849 841 λέγω
878 772 940 843 δὴ
983 772 1188 842 Πέτρον
1222 774 1313 827 καὶ
1363 774 1617 827 Ἰάκωϐον
1659 776 1753 827 καὶ
1794 775 1967 828 Ἰωάν-

392 884 506 939 νην,
538 865 631 929 oi};
670 868 760 920 ἐπὶ
788 866 849 919 τὸ
891 867 1014 938 ὅρος
1045 867 1288 937 ἀνήγαγε
1331 867 1542 938 μόνους,
1586 868 1965 937 ίστορήσοντας

390 962 488 1030 τὴν
516 959 936 1030 μεταμόρφωσιν
953 959 1138 1022 αὑτοῦ,
1160 960 1254 1013 καὶ
1284 959 1375 1011 ἐπὶ
1408 959 1502 1029 τῆς
1522 956 1965 1028 ἁναϐιωσκούσης

392 1051 660 1123 θυγατρὸς
705 1051 798 1104 τοῦ
837 1050 1286 1122 ἀρχισυναγώγου
1324 1050 1597 1120 παρέλαϐε
1636 1050 1768 1121 (‘20).
1810 1051 1873 1102 Οί
1909 1049 1966 1102 δὲ

391 1146 567 1202 λοιποί⁵
592 1146 743 1218 παρὰ
774 1148 899 1210 τοὺς
932 1149 1080 1217 τρεῖς
1107 1145 1326 1209 τούτους
1359 1146 1407 1197 οἱ
1439 1143 1698 1214 τέσσαρές
1728 1144 1832 1195 είσι
1874 1144 1967 1197 καὶ

391 1238 574 1301 πέντε,
606 1238 700 1291 καὶ
733 1239 858 1301 τοὺς
882 1238 1156 1310 τέσσαρας
1194 1239 1288 1292 καὶ
1335 1240 1458 1302 τοὺς
1496 1238 1677 1304 πέντε,
1705 1236 1837 1291 δέκα
1874 1238 1968 1291 καὶ

390 1326 663 1397 τέσσαρας
690 1328 902 1397 ποιήσει
926 1326 1053 1391 τοὺς
1093 1327 1322 1392 πάντας,
1352 1322 1427 1382 ὧν
1459 1326 1669 1381 δώδεκα
1716 1326 1815 1398 μὲν
1843 1327 1969 1391 τοὺς

392 1417 644 1490 πρώτους
687 1419 1013 1483 ἀποστόλους
1046 1420 1219 1485 εἴποις
1263 1420 1329 1475 ἂν
1355 1416 1515 1485 εἶναι,
1557 1422 1657 1474 οὐκ
1678 1420 1882 1474 ἐλάττω
1912 1419 1969 1472 δὲ

393 1510 573 1565 αὐτῶν
608 1511 705 1583 τὴν
747 1513 946 1585 ἀρετὴν
986 1514 1216 1580 Παῦλον,
1268 1516 1361 1568 καὶ
1392 1514 1553 1567 αὑτὸν
1600 1514 1728 1567 ὅντα
1772 1515 1969 1586 κλητὸν

392 1600 709 1669 ἀπόστολον,
758 1604 850 1656 καὶ
883 1604 974 1657 τὸν
1020 1604 1275 1659 Ἰάκωϐον
1306 1605 1588 1673 γεγονέναι
1625 1606 1715 1659 τὸν
1745 1606 1971 1675 ἀδελφὸν

391 1692 483 1745 τοῦ
522 1693 746 1764 Κυρίου,
777 1694 836 1758 ὃς
865 1694 1079 1765 πρῶτος
1105 1696 1405 1760 ἐπίσκοπος
1426 1697 1523 1768 τῆς
1585 1697 1847 1768 Ἱεροσολύ
1857 1715 1970 1768 μων

405 1782 725 1853 Ἐκκλησίας
749 1785 841 1837 ὑπ’
870 1786 1032 1839 αὑτοῦ
1078 1788 1410 1858 καταστῆναι
1435 1787 1528 1841 τοῦ
1554 1788 1804 1859 Σωτῆρος
1839 1806 1972 1860 μνη-

2068 593 2327 647 Servator
2366 593 2685 654 advocabat,
2722 589 3013 657 aliquando
3044 595 3248 651 ternos,
3287 599 3424 654 quos
3455 583 3636 638 Evan-

2066 684 2188 752 gelii
2217 683 2506 752 ~scriptura
2551 680 2741 735 electis
2789 679 3076 734 electiores
3125 676 3364 741 inducit,
3414 674 3635 730 Petrum

2067 775 2273 829 scilicet
2305 783 2358 827 et
2397 771 2655 826 Jacobum
2686 779 2741 824 et
2782 770 3041 823 Joannem
3064 806 3079 832 ,
3126 766 3270 821 solos
3300 766 3353 819 in
3398 774 3637 819 montem

2068 868 2367 929 adductos,
2399 873 2458 917 ut
2501 860 2992 930 transﬁgurationis
3030 865 3367 925 spectatores
3411 866 3634 912 essent:

2068 974 2200 1028 quos
2233 957 2362 1010 item
2404 969 2526 1010 cum
2565 949 2979 1019 archisynagogi
3011 948 3175 1003 ﬁliam
3204 946 3509 1014 suscitavit,
3550 960 3638 1001 se-

2067 1066 2188 1105 cum
2216 1046 2528 1115 assumpsit.
2560 1043 2627 1097 Et
2667 1041 2755 1110 qui
2790 1049 2913 1110 post
2942 1050 3054 1094 tres
3085 1038 3206 1092 illos
3254 1038 3453 1091 residui
3487 1046 3635 1105 sunt,

2069 1149 2299 1211 quatuor
2325 1147 2450 1193 sunt
2475 1143 2530 1191 et
2562 1134 2820 1203 quinque,
2843 1146 2904 1185 ac
2929 1130 3028 1186 hos
3058 1138 3291 1199 quatuor
3323 1138 3373 1183 et
3401 1129 3639 1198 quinque

2070 1232 2135 1286 ad
2182 1243 2466 1285 numerum
2503 1221 2911 1295 quatuordecim
2957 1221 3186 1275 deducet
3226 1240 3239 1274 :
3289 1235 3354 1274 ex
3408 1236 3639 1290 quorum

2072 1336 2296 1378 numero
2348 1317 2631 1374 duodecim
2679 1314 2897 1384 quidem
2951 1312 3155 1382 primos
3212 1312 3485 1382 apostolos
3521 1327 3640 1367 esse

2072 1414 2238 1476 dicas,
2271 1420 2326 1466 et
2363 1409 2469 1464 illis
2513 1422 2617 1461 non
2646 1406 2847 1461 virtute
2880 1405 3142 1458 minorem
3175 1404 3434 1467 Paulum,
3468 1405 3558 1475 qui
3587 1412 3639 1460 et

2074 1507 2187 1577 ipse
2201 1499 2715 1573 vocatusﬁapostolus
2730 1508 2831 1563 est,
2850 1506 2905 1553 et
2925 1496 3182 1553 Iacobum
3212 1499 3431 1552 fratrem
3463 1497 3640 1552 Domi-

2074 1597 2259 1667 ni,qui
2285 1595 2490 1666 primus
2535 1590 3046 1660 Hierosolymitanaa
3082 1589 3339 1645 Ecclesiae
3361 1590 3641 1660 episcopus

2075 1691 2142 1745 ab
2173 1691 2286 1759 ipso
2308 1686 2590 1742 Salvatore
2619 1681 2949 1737 constitutus
2979 1692 3333 1737 memoratur.
3362 1682 3426 1736 lli
3457 1697 3643 1737 omnes

2077 1782 2129 1836 in
2155 1780 2464 1836 summitate
2481 1776 2634 1842 olea},
2655 1774 2909 1829 videlicet
2928 1771 3238 1829 Judzeorum
3263 1773 3643 1838 successionis,

392 1871 691 1942 μονεύεται.
729 1867 885 1928 Οὗτοι
910 1875 966 1929 δέ
1001 1878 1200 1942 πάντες
1232 1879 1318 1932 ἐπ’
1346 1878 1517 1951 ἄκρου
1542 1880 1639 1951 τῆς
1654 1878 1859 1943 ἐλαίας,
1889 1880 1969 1932 λέ-

2078 1871 2274 1943 reperti
2324 1870 2377 1925 in
2424 1867 2676 1938 prresenti
2717 1874 3111 1921 memorantur.
3161 1865 3387 1919 Divinus
3431 1876 3646 1935 quoque

388 1981 469 2028 γω
491 1963 556 2035 δὴ
576 1964 675 2034 τῆς
717 1966 985 2022 Ἰουδαίων
1009 1968 1260 2041 διαδοχῆς
1285 1971 1417 2043 εὑρη
1428 1970 1578 2042 μένοι
1592 1970 1679 2024 διὰ
1699 1971 1808 2024 τῶν
1830 1971 1969 2043 μετὰ

388 2056 574 2126 χεῖρας
607 2056 1051 2127 μνημονεύονται.
1075 2059 1184 2112 Καὶ
1204 2062 1232 2112 ό
1249 2059 1389 2123 θεῖος
1408 2061 1464 2112 δὲ
1493 2060 1814 2124 Ἀπόστολος
1826 2056 1968 2114 οἶδεν

388 2145 544 2218 ἐλαίᾳ
587 2148 954 2218 παραϐάλλειν
991 2150 1091 2221 τὴν
1138 2151 1290 2222 παρὰ
1342 2151 1511 2205 Ἰούδα
1563 2151 1830 2224 διαδοχὴν,
1874 2153 1968 2205 καὶ

392 2237 546 2308 ῥίζαν
592 2239 753 2306 ἁγίαν
796 2241 889 2293 καὶ¹
935 2241 1209 2314 ἀπαρχὴν,
1265 2243 1359 2297 καὶ
1400 2241 1746 2298 καλλιελαξαν
1800 2244 1969 2316 αὐτὴν

392 2330 565 2385 καλεῖ.

465 2441 482 2472 α
518 2421 656 2474 Τάδε
697 2422 846 2493 λέγει
877 2424 1082 2496 Κύριος
1132 2429 1161 2481 ό
1202 2426 1333 2492 Θεὸς
1402 2429 1638 2501 Ἰσραὴλο
1684 2431 1760 2502 Τῇ
1789 2431 1971 2503 ἡμέρᾳ

388 2513 568 2585 ἐκείνῃ
592 2515 867 2580 πεποιθὼς
896 2516 1048 2571 ἔσται
1085 2520 1113 2572 ό
1141 2519 1427 2591 ἄνθρωπος
1460 2520 1553 2572 ἐπὶ
1578 2519 1656 2591 τῷ
1685 2522 1969 2592 ποιήσαντι

387 2605 569 2658 αὐτόν’
596 2608 645 2659 οἱ
675 2607 731 2660 δὲ
751 2608 1018 2680 ὀφθαλμοὶ
1045 2610 1209 2665 αὐτοῦ
1246 2613 1323 2674 είς
1350 2612 1440 2664 τὸν
1467 2611 1620 2681 ἆγιον
1636 2611 1729 2665 τοῦ
1758 2613 1971 2685 Ἰσραὴλ

387 2696 766 2769 ἐμϐλέψονται·
826 2702 921 2755 καὶ
971 2703 1031 2755 ού
1089 2701 1519 2774 μὴθπεποιοότες
1557 2697 1689 2758 ὦσιν
1727 2705 1818 2758 ἐπὶ
1858 2708 1971 2770 τοῖς

388 2788 611 2859 βωμοῖς,
656 2790 777 2844 οὐδὲ
826 2792 921 2845 ἐπὶ
952 2795 1062 2858 τοῖς
1095 2793 1277 2865 ἔργοις
1308 2792 1420 2848 τῶν
1452 2794 1654 2867 χειρῶν
1684 2795 1885 2863 αὐτῶν,
1934 2796 1971 2851 ἃ.

386 2877 647 2951 ἐποίησαν
673 2882 723 2934 οἱ
749 2882 1002 2937 δάκτυλοι
1035 2884 1235 2938 αὐτῶν·
1265 2884 1381 2938 axx
1414 2884 1627 2939 ἔσονται
1651 2886 1971 2952 πεποιθότες

386 2971 479 3025 ἐπὶ
504 2974 593 3027 τὸν
621 2973 774 3043 ἅγιον
792 2974 888 3029 τοῦ
922 2977 1160 3048 Ἰσραήλ.
1190 2977 1299 3030 Καὶ
1325 2978 1424 3030 οὐκ
1439 2976 1659 3046 δψονται
1683 2977 1751 3031 τὰ
1778 2978 1970 3050 δένδρα

387 3065 566 3120 αὐτῶν
587 3068 709 3122 οὐδὲ
746 3068 819 3122 τὰ
862 3069 1206 3142 βδελύγματα
1234 3071 1434 3124 αὐτῶν.
1465 3070 1543 3142 Τῇ
1570 3071 1752 3143 ἡμέρᾳ
1790 3072 1973 3143 ἐκείνῃ

386 3157 597 3213 ἔσονται
639 3162 694 3213 αἱ
737 3162 918 3226 πόλεις
952 3180 1044 3216 σου
1071 3163 1646 3234 ἐγκαταλελειμμέναι,
1682 3164 1740 3217 ὃν
1771 3165 1972 3235 τρόπον

2072 1963 2362 2036 Apostolus
2389 1961 2541 2017 Jndae
2567 1959 2969 2015 successionem
2999 1958 3132 2014 oleae
3170 1957 3528 2029 comparavit,
3569 1957 3649 2028 ip-

2075 2071 2299 2127 samque
2329 2054 2565 2111 radicem
2599 2060 2865 2118 sanctam,
2903 2050 3176 2107 primitias
3205 2060 3260 2107 et
3299 2052 3498 2106 bonam
3542 2048 3647 2104 oli-

2073 2165 2197 2205 vam
2224 2156 2401 2207 vocat.

2147 2421 2311 2478 Vens.
2359 2422 2509 2477 7-l0.
2556 2439 2574 2472 ι
2612 2420 2740 2477 Haec
2776 2420 2909 2476 dicit
2947 2419 3211 2476 Dominus
3250 2419 3390 2475 Deus
3442 2417 3647 2474 lsrael:

2076 2515 2134 2571 ln
2166 2516 2252 2571 die
2283 2514 2370 2569 illa
2394 2513 2675 2570 conﬁdens
2699 2513 2805 2568 erit
2827 2512 2991 2568 homo
3015 2512 3069 2567 in
3098 2527 3186 2578 eo,
3211 2512 3303 2582 qui
3331 2512 3460 2567 fecit
3484 2526 3646 2567 eum:

2077 2608 2219 2663 oculi
2252 2616 2428 2662 autem
2464 2606 2578 2675 ejus
2634 2607 2686 2661 in
2728 2613 2973 2660 sanctum
3012 2605 3184 2659 Israel
3226 2603 3550 2673 respicient:
3594 2611 3650 2658 et

2078 2715 2183 2754 non
2213 2698 2549 2753 conﬁdentes
2574 2706 2735 2752 erunt
2762 2697 2817 2751 in
2853 2696 3119 2752 altaribus
3138 2735 3154 2763 ,
3190 2709 3363 2765 neque
3390 2695 3443 2749 in
3474 2693 3651 2764 operi-

2078 2790 2176 2845 bus
2205 2804 2459 2844 manuum
2487 2804 2707 2843 suarum
2735 2828 2750 2853 ,
2780 2803 2899 2858 quae
2943 2788 3192 2843 fecerunt
3226 2786 3376 2855 digiti
3421 2800 3606 2841 eorum
3632 2802 3647 2839 :

2077 2882 2171 2937 sed
2201 2890 2362 2936 erunt
2394 2880 2733 2935 conﬁdentes
2757 2880 2808 2933 in
2846 2890 3035 2935 sancto
3064 2877 3249 2933 Israel.
3277 2878 3340 2933 Et
3368 2892 3473 2932 non
3504 2877 3651 2931 vide-

2077 2972 2209 3027 bunt
2251 2971 2474 3026 arbores
2510 2984 2695 3024 eorum
2730 2983 2829 3024 nec
2872 2969 3307 3025 abominationes
3352 2984 3556 3025 eorum.
3593 2966 3651 3023 ln

2079 3063 2166 3116 die
2195 3061 2281 3115 illa
2319 3068 2479 3116 erunt
2510 3059 2783 3115 derelictae
2828 3060 2991 3114 urbes
3034 3068 3161 3124 tute,
3194 3056 3651 3127 quemadmodum

2080 3153 2484 3221 dereliquerunt
2522 3150 2824 3206 Amorrhaei
2873 3158 2929 3205 et
2978 3149 3119 3203 Evzei
3168 3163 3196 3202 a
3250 3148 3388 3203 facie
3416 3147 3650 3203 ﬁliorum

387 3250 679 3304 κατέλιπον
700 3254 750 3305 οἱ
796 3254 1106 3327 Ἀμοῤῥαῖοι
1128 3256 1223 3310 καὶ
1248 3258 1296 3310 oi
1324 3257 1509 3310 Εύαῖοι
1545 3257 1653 3310 ἀπὸ
1686 3256 1969 3327 προσώπου

2084 3245 2265 3301 Israel.
2300 3245 2367 3300 Et
2397 3254 2557 3300 erunt
2585 3245 2844 3312 desertae,
2876 3244 3135 3314 quoniam
3169 3241 3457 3298 deseruisti
3485 3241 3651 3297 Deum

387 3338 501 3392 τῶν
531 3338 661 3391 υἱῶν
708 3341 941 3413 Ἰσραήλ.
999 3345 1109 3398 Καὶ
1142 3346 1355 3400 ἔσονται
1399 3346 1628 3419 ἔρημοι,
1665 3348 1799 3401 διότι
1842 3365 1975 3401 κατ-

388 3426 574 3492 έλιπες
594 3432 685 3483 τὸν
702 3429 833 3485 Θεὸν
848 3432 936 3485 τὸν
974 3434 1205 3506 Σωτῆρά
1234 3453 1349 3501 σου,
1369 3439 1462 3491 καὶ
1491 3438 1695 3510 Κυρίου
1729 3439 1822 3493 τοῦ
1845 3440 1973 3511 βοη-

389 3519 484 3574 θοῦ
508 3538 601 3574 σου
631 3523 731 3576 ούκ
757 3525 1052 3597 ἐμνήσθης.
1084 3528 1181 3581 Διά
1221 3528 1377 3582 τοῦτο
1412 3530 1695 3601 φυτεύσεις
1723 3531 1973 3603 φύτευμα

386 3612 634 3678 ἄπιστον,
670 3616 763 3669 καὶ
819 3617 1041 3690 σπέρμα
1085 3619 1334 3675 ἄπιστον.
1366 3621 1443 3694 Τῇ
1479 3623 1536 3675 δὲ
1582 3624 1783 3695 ἡμέρᾳ,
1905 3623 1971 3679 ἂν

388 3707 680 3780 φυτεύσῃς,
725 3711 1064 3786 πλανηθήση.
1092 3714 1165 3769 Τὸ
1192 3715 1249 3768 δὲ
1292 3714 1437 3788 πρωῒ
1470 3714 1564 3769 ἐὰν
1605 3716 1853 3789 σπείρης,
1880 3717 1973 3769 ἀν-

388 3799 544 3871 θήσει
572 3805 651 3866 είς
669 3804 897 3877 ἀμητὸν,
977 3807 1042 3861 ἂν
1059 3810 1241 3880 ἡμέρᾳ
1265 3810 1543 3883 κληρώσῃ’
1574 3812 1668 3864 καὶ
1693 3811 1767 3873 ὡς
1790 3811 1971 3883 πατὴρ

387 3888 677 3962 ἀνθρώπου
728 3893 984 3967 κληρώσῃ
1016 3901 1127 3961 τοῖς
1179 3901 1315 3962 υἱοῖς
1371 3915 1484 3952 σου.
1526 3917 1544 3949 ι
1582 3900 1791 3970 Ὥσπερ
1840 3900 1968 3971 γὰρ,

389 3985 574 4054 φησὶν,
611 3985 833 4040 ἐκείνων
858 3988 1233 4051 ἀπολωλότων,
1251 3989 1429 4060 ἐτεροι
1466 3989 1818 4060 παρελθόντες
1845 4008 1972 4043 κατ-

391 4081 550 4151 έσχον
591 4079 770 4133 αὐτῶν
797 4079 896 4144 τὰς
926 4080 1109 4144 πόλεις
1136 4083 1232 4135 καὶ
1282 4082 1382 4145 τὰς
1413 4082 1621 4153 χώρας,
1683 4081 1855 4146 οὕτως
1880 4085 1972 4136 καὶ

388 4174 445 4226 αἱ
480 4173 570 4225 σαὶ
615 4172 797 4235 πόλεις
824 4173 1045 4244 ἐτέρους
1071 4173 1282 4238 ἕξουσιν
1306 4175 1618 4246 οἰκήτορας,
1659 4174 1812 4245 ὑμῶν
1832 4175 1968 4228 ἀπο-

389 4260 695 4333 ϐληθέντων
748 4263 842 4316 καὶ
890 4260 1250 4325 ἐξωσθέντων.
1308 4281 1326 4313 ι
1368 4262 1479 4315 Καὶ
1513 4261 1724 4315 ἔσονται
1755 4262 1969 4334 ἔρημοι,

389 4356 523 4409 διότι
544 4355 835 4421 κατέλιπες
857 4355 950 4410 τὸν
975 4356 1107 4410 Θεὸν
1127 4356 1218 4410 τὸν
1250 4357 1475 4428 σωτῆρά
1502 4374 1616 4423 σου,
1645 4358 1742 4409 καὶ
1764 4355 1970 4428 Κυρίου

389 4448 484 4502 τοῦ
516 4448 652 4502 Θεοῦ
708 4466 800 4502 σου
848 4450 948 4503 οὐκ
982 4450 1280 4521 ἐμνήσθης.
1329 4470 1347 4502 ι
1408 4449 1575 4503 Ἔνθα
1600 4449 1663 4521 δὴ
1694 4449 1787 4503 καὶ
1807 4448 1970 4502 αὐτοῦ

389 4539 570 4613 Ἰησοῦ
598 4538 693 4594 τοῦ
716 4541 967 4613 Σωτῆρος
995 4541 1151 4612 ἡμῶν
1189 4541 1461 4614 μέμνηται
1487 4544 1518 4613 ἡ
1566 4540 1825 4612 Ἐϐραῖκὴ
1861 4558 1972 4608 φω-

2081 3339 2417 3394 Salvatorem
2458 3349 2634 3403 tuum,
2663 3347 2717 3392 et
2755 3337 2967 3393 Domini
3018 3337 3281 3405 adjutoris
3314 3336 3390 3391 tui
3429 3350 3534 3390 non
3564 3349 3652 3391 re-

2079 3434 2335 3489 cordatus
2379 3447 2460 3487 es.
2503 3431 2736 3501 Propter
2780 3432 2883 3487 hoc
2933 3429 3206 3501 plantabis
3263 3430 3651 3498 plantationem

2081 3523 2464 3590 inﬁdelem,et
2510 3538 2693 3578 semen
2741 3522 2977 3578 inﬁdele.
3025 3521 3123 3576 Die
3165 3532 3346 3575 autem
3390 3521 3519 3581 illa,
3548 3535 3653 3590 qua

2078 3618 2377 3687 plantabis,
2408 3616 2639 3670 errabis.
2670 3615 2825 3670 Mane
2852 3628 2984 3670 vero
3018 3614 3065 3669 si
3096 3614 3467 3679 seminaveris,
3494 3610 3655 3666 ﬂore-

2080 3712 2231 3765 bitin
2266 3726 2519 3773 messem,
2543 3724 2647 3778 qua
2678 3709 2765 3763 die
2800 3707 3169 3762 haereditatem
3202 3703 3403 3757 adibis:
3438 3712 3491 3759 et
3535 3712 3653 3756 tan-

2080 3819 2243 3872 quam
2300 3813 2455 3872 pater
2502 3801 2741 3855 hominis
2803 3799 3173 3853 haereditatem
3221 3794 3467 3850 sortieris
3526 3794 3655 3850 ﬁliis

2082 3897 2209 3950 tuis.
2252 3914 2270 3947 ι
2302 3892 2763 3961 Quemadmodum
2813 3891 2981 3956 enim,
3018 3890 3210 3958 inquit,
3246 3887 3351 3942 illis
3380 3886 3654 3957 pereunti-

2080 3988 2201 4053 bus,
2234 3987 2551 4041 accedentes
2590 3984 2679 4037 alii
2726 3998 2915 4038 eorum
2956 3980 3116 4036 urbes
3152 3988 3208 4036 et
3238 3984 3485 4051 regiones
3512 3980 3653 4033 obti-

2080 4084 2348 4140 nuerunt,
2377 4074 2456 4128 sic
2484 4082 2539 4126 et
2563 4070 2727 4126 nrbes
2761 4081 2885 4133 tuac,
2913 4070 3071 4125 vobis
3091 4072 3281 4140 ejectis
3304 4085 3367 4125 ac
3394 4068 3652 4139 depulsis,

2081 4172 2270 4226 incolis
2310 4171 2431 4225 aliis
2478 4167 2853 4238 replebuntur.
2890 4184 2908 4216 ‹
2946 4165 3011 4219 Ει
3041 4175 3200 4220 erunt
3234 4166 3488 4231 desertat,
3527 4164 3654 4233 quia

2081 4262 2414 4331 dereliquisti
2443 4261 2610 4315 Deum
2643 4266 2979 4312 servatorem
3014 4267 3163 4310 tuum
3189 4299 3204 4322 ,
3231 4269 3285 4311 et
3319 4256 3526 4310 Domini
3559 4254 3655 4310 Dei

2083 4355 2159 4408 tui
2186 4356 2503 4410 recordatus
2533 4369 2639 4407 non
2667 4368 2747 4407 es.
2788 4367 2807 4401 i
2838 4348 2936 4403 llic
2956 4365 3086 4404 vero
3116 4351 3286 4417 ipsum
3320 4348 3500 4403 Jesum
3534 4347 3656 4401 Sal-

2082 4452 2319 4499 vatorem
2354 4454 2595 4500 nostrum
2623 4444 2888 4501 Hebraica
2922 4458 3022 4498 vox
3067 4449 3495 4496 commemorat:
3532 4453 3654 4493 nam

2078 4534 2209 4591 Jesu
2248 4552 2441 4591 nomen
2474 4539 2525 4592 in
2558 4537 2803 4592 Graecam
2837 4536 3074 4605 linguam
3117 4534 3434 4588 translatum
3463 4529 3656 4587 Satva-

392 4634 481 4705 νήο
502 4632 746 4703 σωτῆρα
771 4634 881 4705 γὰρ
898 4634 1049 4705 δηλοῖ
1074 4634 1135 4687 τὸ
1158 4634 1332 4705 Ἰησοῦ
1372 4634 1543 4705 ὄνομα
1577 4636 1656 4697 εἰς
1680 4634 1778 4705 τὴν
1796 4633 1969 4686 Ἐλλά-

2081 4637 2245 4681 torem
2274 4627 2562 4695 signiﬁcat.
2597 4629 2720 4683 llaec
2744 4644 2873 4682 vero
2905 4628 2959 4681 in
2991 4641 3154 4681 causa
3190 4627 3305 4681 fore
3332 4619 3657 4691 ait,utipsis

389 4726 458 4781 δα
500 4725 746 4795 γλῶτταν
788 4725 1245 4796 ἑρμηνευόμενον.
1290 4728 1400 4779 Καὶ
1440 4725 1599 4779 τοῦτο
1656 4726 1850 4789 αἴτιον,
1896 4725 1977 4779 διὸ

390 4819 764 4891 συμϐήσεσθαι
793 4820 976 4883 αὐτοῖς
1015 4818 1085 4872 τὰ
1130 4819 1495 4890 προλεχθέντα
1516 4819 1713 4883 πάντα,
1741 4818 1976 4890 εἴρηται,

390 4910 521 4965 διότι
547 4911 838 4965 κατέλιπον
866 4911 958 4965 τὸν
989 4911 1120 4965 Θεὸν
1139 4912 1231 4965 τὸν
1254 4912 1483 4985 Σωτῆρα
1507 4911 1707 4978 αὐτῶν,
1744 4912 1839 4965 καὶ
1864 4913 1977 4965 Κυ-

395 5003 509 5073 ρίου
560 5003 657 5056 τοῦ
702 5003 931 5057 πάντοτε
977 5002 1174 5073 βοηθοῦ
1229 5003 1407 5057 αὐτῶν
1458 5005 1560 5057 οὐκ
1607 5003 1975 5076 ἐμνήσθησαν.

406 5092 570 5147 Ἐπὰν
598 5090 711 5161 οὖν,
745 5088 900 5167 φησὶ,
944 5094 1006 5148 τὸ
1054 5094 1277 5165 σπέρμα
1313 5094 1471 5149 τοῦτο
1500 5095 1561 5148 τὸ
1605 5095 1832 5149 ἄπιστον
1873 5098 1967 5150 καὶ

390 5180 487 5253 τὴν
521 5185 739 5252 φυτείαν
761 5185 857 5257 τὴν
877 5186 1103 5241 ἄπιστον
1129 5187 1359 5257 σπείρης
1389 5187 1446 5239 ἐν
1468 5188 1533 5255 τῇ
1557 5186 1781 5239 σεαυτοῦ
1797 5186 1965 5259 ψυχῇ,

390 5275 514 5329 τότε
551 5276 891 5351 πλανηθήσῃ·
922 5281 971 5332 εἰ
1009 5278 1086 5343 δὲ,
1123 5276 1551 5349 μεταϐαλὼνέπὶ
1574 5276 1671 5349 τὴν
1697 5278 1969 5331 ἀνατείλα-

390 5383 490 5421 σαν
535 5364 615 5439 τῷ
643 5368 829 5439 κόσμῳ
860 5370 1070 5441 πρωῖαν
1098 5369 1192 5423 τοῦ
1241 5369 1418 5440 φωτὸς
1443 5369 1538 5423 τοῦ
1588 5369 1965 5440 εύαγγελικοῦ,

386 5458 576 5532 ἕτερον
601 5459 823 5531 σπέρμα
861 5462 1117 5516 κατάθοιο
1149 5465 1217 5534 τῇ
1252 5462 1447 5517 σαυτοῦ
1482 5462 1709 5534 διανοίᾳ,
1741 5463 1868 5536 περὶ
1906 5457 1967 5518 οὗ

390 5549 636 5605 λέλεκται
684 5553 740 5605 ἐν
775 5552 1142 5621 Εὑαγγελίοις⁶
1189 5573 1207 5605 ι
1251 5552 1501 5625 Ἐξῆλθεν
1530 5556 1557 5606 ὁ
1586 5553 1825 5625 σπείρων
1876 5552 1968 5606 τοῦ

471 5669 518 5702 ⁷⁸
545 5667 742 5724 Matth.
773 5685 894 5737 xm,
923 5671 976 5727 '5.
1049 5672 1095 5703 "
1126 5673 1256 5729 ibid.
1286 5673 1379 5729 ‘24.

2076 4720 2335 4792 praedicta
2354 4721 2533 4773 omnia
2560 4718 3039 4790 contingant,quia
3065 4713 3656 4799 dereliqueruntDeum

2078 4813 2420 4868 Salvatorem
2466 4828 2622 4867 suum
2652 4854 2665 4875 ,
2698 4822 2751 4867 et
2777 4812 2989 4867 Domini
3030 4808 3292 4879 adjutoris
3333 4820 3547 4875 semper
3572 4803 3659 4859 sui

2078 4921 2183 4961 non
2220 4905 2606 4959 meminerunt.
2654 4904 2790 4957 Cum
2820 4906 3005 4975 itaque
3026 4942 3042 4967 ,
3070 4901 3181 4964 ait,
3216 4898 3317 4951 hoc
3345 4912 3529 4952 semen
3573 4896 3659 4949 in.

2080 4998 2382 5062 credulum,
2409 5008 2463 5053 et
2489 4998 2631 5052 hanc
2658 4996 2930 5052 inﬁdelem
2961 4994 3351 5068 plantationem
3388 4991 3443 5043 in
3472 4989 3652 5044 anima

2080 5103 2173 5148 tua
2206 5091 2561 5147 seminaveris
2582 5130 2597 5155 ,
2625 5098 2734 5145 tum
2767 5091 3015 5156 errabis;
3051 5091 3134 5145 sin
3170 5096 3349 5141 autem
3377 5084 3659 5139 exoriente

2078 5186 2131 5240 in
2169 5185 2368 5240 mundo
2402 5183 2700 5255 evangelici
2732 5184 2951 5239 luminis
2983 5180 3243 5246 diluculo,
3291 5187 3493 5233 mutata
3526 5193 3654 5232 sen-

2083 5278 2251 5333 tentia
2287 5277 2433 5332 aliud
2464 5293 2647 5333 semen
2680 5277 2735 5331 in
2765 5285 2946 5329 mente
2976 5284 3067 5328 tua
3093 5266 3312 5343 jeceris,
3343 5271 3409 5325 de
3436 5285 3543 5339 quo
3570 5270 3653 5323 di-
3688 5332 3691 5333 ν

2080 5380 2224 5426 ctum
2253 5379 2338 5425 est
2367 5371 2422 5426 in
2452 5368 2787 5440 Evangeliis,
2822 5387 2842 5420 ‹
2876 5365 3025 5420 Exiit
3067 5366 3159 5435 qui
3212 5365 3445 5419 seminat
3490 5363 3652 5415 scmi-
3686 5344 3690 5357 ’

2080 5477 2213 5518 nare
2238 5464 2317 5531 '9;
2354 5482 2372 5515 ι
2405 5471 2482 5525 et,
2511 5480 2529 5513 ι
2566 5459 2758 5516 Simile
2791 5458 2989 5515 factum
3019 5468 3104 5511 est
3139 5470 3364 5526 regnum
3392 5451 3654 5508 cmlorum

2080 5556 2287 5611 homini
2317 5556 2609 5612 seminanti
2648 5552 2848 5610 bonum
2892 5567 3074 5607 semen
3110 5550 3163 5603 in
3208 5562 3337 5619 agro
3376 5560 3475 5601 suo
3502 5542 3584 5609 3°;
3629 5562 3650 5594 ι

460 5763 731 5845 (99)]1330
786 5767 900 5840 ipsa
945 5767 1307 5841 Hieronymus
1338 5771 1405 5829 ad
1449 5772 1592 5829 hunc
1636 5769 1814 5829 locum
1875 5772 1968 5843 qui
2007 5781 2175 5830 totam
2244 5770 2457 5827 Eusebii
2527 5766 2850 5825 sententiam
2883 5773 2940 5821 ut
2983 5775 3135 5815 suam
3178 5757 3386 5815 extulit.
3420 5755 3554 5811 Vide
3591 5749 3655 5809 in

391 5834 730 5894 Prml‘atione.
