4118 6418
485 411 585 475 ιιι

1221 408 1485 464 EUSEBII
1524 408 1994 465 CAESARIENSIS
2029 405 2180 462 OPP.
2221 407 2398 464 PARS
2436 410 2520 465 III.
2564 441 2634 452 —
2669 410 3078 472 EXEGETICA.

3511 481 3522 490 ,
3605 415 3712 468 ate

487 540 540 583 et
565 541 688 582 cum
723 541 775 579 In
807 523 1022 594 propria
1053 521 1176 578 luce
1198 523 1422 602 orientis
1455 524 1703 578 matutini
1741 523 1870 578 solis
1893 523 2045 591 justi-

2151 522 2391 590 σπεῖραι·
2431 539 2450 574 ›
2496 522 2610 587 καὶ,
2653 542 2672 574 ι
2711 523 2976 596 Ὡμοιώθη
3013 527 3046 596 ή
3078 523 3319 594 βασιλεία
3341 524 3448 578 τῶν
3473 525 3716 600 οὐρανῶν

487 619 578 678 tias
629 613 816 678 fueris,
856 613 906 665 in
966 620 1019 666 te
1075 613 1138 669 ad
1190 627 1420 667 messem
1473 612 1722 679 florebit,
1763 616 1834 668 ita
1885 623 1944 668 ut
1984 615 2048 668 iis

485 707 772 770 omnibus,
837 704 928 773 qui
1012 702 1105 756 tibi
1189 717 1285 772 per
1371 703 1664 757 salutarem
1745 705 2048 758 doctrinam

485 799 778 852 secundum
819 797 983 852 Deum
1026 793 1136 848 nati
1194 794 1430 859 fuerint,
1475 805 1678 850 sortem
1718 795 1916 850 bonam
1953 796 2051 850 tri-

481 890 637 944 liuas.

559 1162 720 1217 Vsus.
740 1163 826 1216 12.
840 1179 858 1213 ι
875 1162 960 1217 ναξ
986 1145 1312 1215 multitudini
1336 1162 1577 1230 gentium
1590 1161 1906 1215 multarum.
1929 1160 2047 1217 Sic-

486 1262 546 1306 ut
594 1267 743 1307 mare
779 1249 1062 1315 ﬂuctuans,
1099 1249 1177 1305 sic
1211 1250 1579 1305 turbabimini.
1616 1268 1636 1301 )
1672 1249 1960 1320 Postquam
1983 1249 2051 1306 de

485 1343 842 1398 conversione
893 1341 1130 1412 gentium
1177 1344 1242 1396 ad
1291 1341 1492 1406 Deum,
1540 1349 1594 1395 et
1637 1341 1703 1396 de
1744 1340 2049 1397 Iudaeorum

482 1436 863 1491 incredulitate
910 1450 1036 1504 erga
1098 1434 1370 1488 Christum
1431 1433 1754 1488 vaticinatus
1821 1443 1936 1498 est,
1982 1434 2050 1488 ad

481 1527 878 1582 multitudinem
907 1527 1142 1595 gentium
1174 1524 1502 1594 pertransit,
1541 1539 1662 1593 qua!
1703 1541 1825 1580 cum
1857 1527 1910 1580 in
1937 1527 2050 1594 ipsa

482 1619 767 1687 Damasco,
787 1628 896 1672 tum
916 1619 968 1672 in
987 1617 1108 1672 aliis
1121 1617 1426 1686 regionibus
1449 1617 1500 1672 in
1520 1616 1894 1672 incredulitate
1908 1632 2050 1670 man-

483 1721 658 1774 surae,
689 1717 744 1761 et
775 1706 1072 1762 Ecclesiam
1114 1707 1206 1761 Dei
1257 1716 1530 1762 vexatura:
1557 1715 1613 1761 et
1661 1706 2049 1780 impugnatum

483 1817 611 1870 βωηῑ

555 1901 718 1957 Vens.
755 1898 843 1952 l3.
880 1914 899 1948 ι
937 1896 1003 1950 Ει
1028 1893 1248 1948 dorsum
1280 1893 1522 1963 gentium
1566 1894 1858 1948 multarum
1907 1894 2047 1949 sicut
2075 1877 2121 1932 Β

484 2009 621 2064 aqua
649 1991 879 2047 sonabit.
913 1987 1069 2042 Sicut
1095 2001 1236 2056 aqua
1263 1985 1450 2046 multa,
1476 1993 1662 2054 gentes
1691 1985 1908 2040 multa):
1937 1985 2046 2041 sic-

483 2097 544 2141 ut
573 2099 709 2154 aqua
744 2083 794 2136 vi
827 2079 1086 2150 impulsa.
1128 2097 1147 2130 ›
1182 2077 1641 2144 Quemadmodum
1679 2077 1822 2132 enim
1883 2081 2046 2134 maris

481 2175 640 2232 dorsa
670 2171 1019 2226 tumescentia
1052 2179 1107 2225 et
1137 2169 1188 2222 in
1218 2167 1445 2221 sublime
1477 2167 1637 2233 elata,
1662 2169 1786 2222 dum
1815 2183 1842 2220 a
1871 2170 2047 2224 ventis

480 2267 793 2336 agitantur,
841 2272 1008 2331 atque
1070 2261 1389 2326 turbantur,
1441 2261 1674 2318 sonitum
1749 2264 2045 2317 maximum

478 2361 681 2426 edunt,
713 2366 770 2414 et
812 2367 1016 2411 metum
1058 2356 1440 2423 navigantibus
1488 2354 1756 2410 incutiunt
1795 2371 1810 2419 ;
1857 2357 2045 2410 eodem

477 2456 639 2509 modo
667 2452 837 2507 turbae
864 2450 1186 2521 populorum
1206 2451 1320 2505 sive
1347 2450 1596 2505 Damasci
1617 2452 1729 2505 sive
1752 2452 1804 2504 in
1823 2451 2047 2520 reliquis

475 2543 885 2616 regionibus,'in
906 2541 1224 2596 infidelitate
1243 2551 1298 2595 et
1319 2541 1620 2596 idololatria
1654 2554 1955 2606 manentes,
1980 2544 2047 2596 ab

476 2634 838 2690 invisibilibus
859 2631 1109 2702 gentibus
1133 2631 1367 2697 agitatae,
1401 2630 1574 2685 instar
1600 2631 1854 2687 fluctuum
1879 2635 2046 2690 maris

480 2727 714 2780 sonitum
746 2729 942 2789 edent,
978 2703 1167 2777 contra
1204 2723 1504 2780 Ecclesiam
1541 2726 1631 2780 Dei
1679 2727 2043 2795 insurgentes.

477 2817 679 2872 Verum
727 2818 844 2873 illas
889 2836 908 2870 ι
961 2815 1258 2871 eliminabit
1302 2825 1357 2870 et
1394 2818 1574 2887 procul
1616 2819 1935 2888 insequetur
1973 2838 1986 2873 :
2021 2838 2040 2871 ι

478 2912 578 2967 etsi
609 2912 714 2966 illae
745 2911 913 2966 maris
944 2913 1114 2967 ferme
1140 2911 1315 2966 instar
1344 2921 1530 2966 contra
1551 2911 1890 2968 adversarios
1921 2929 2046 2969 suos

476 3003 676 3058 ﬂuctus
728 3002 995 3058 attollant.
1031 3002 1203 3058 Dorsa
1250 3013 1430 3058 autem
1478 3003 1766 3058 multarum
1804 3005 2043 3075 gentium

478 3097 569 3150 hic
599 3096 718 3151 illas
745 3104 1049 3166 nuncupat,
1081 3097 1203 3165 quia
1240 3106 1428 3166 gentes
1459 3096 1653 3152 multas
1699 3097 2045 3166 insequentes

2152 612 2422 682 ἀνθρώπῳ
2449 612 2719 684 σπείροντι
2745 614 2905 667 καλὸν
2937 615 3157 686 σπέρμα
3179 616 3234 667 ἐν
3255 615 3332 686 τῷ
3364 615 3477 687 ἰδίῳ
3504 617 3711 689 ἀγρῷη

2150 703 2244 754 καὶ
2276 703 2413 756 ἐπάν
2447 705 2505 756 ἐν
2529 703 2607 774 τῷ
2640 705 2753 774 ἰδίῳ
2799 705 2935 774 φωτὶ
2964 707 3136 774 γένοιο
3181 706 3282 776 τῆς
3312 708 3553 778 πρωῖνῆς
3589 711 3716 764 ἀνα-

2150 793 2308 863 τολῆς
2335 795 2428 846 τοῦ
2465 794 2614 864 ήλίου
2653 795 2753 866 τῆς
2790 795 3148 867 δικαιοσύνης,
3182 797 3401 868 ἀνθήσει
3431 798 3489 851 ἐν
3516 797 3599 852 σοὶ
3637 801 3715 865 είς

2151 885 2382 954 ἀμητόν⁸
2410 885 2486 949 ὡς
2531 886 2850 957 μεταδοῦναι
2880 887 3080 959 κλῆρον
3106 888 3306 956 ἀγαθὸν
3338 891 3433 942 καὶ
3462 891 3576 954 τοῖς
3594 892 3718 944 ἐαυ-

2151 976 2244 1029 τοῦ
2275 980 2408 1031 πᾶσι
2435 981 2552 1042 τοῖς
2587 979 2728 1032 κατά
2767 979 2898 1032 Θεὸν
2934 980 3344 1052 γεννησομένοις
3369 980 3457 1034 διὰ
3485 982 3582 1053 τῆς
3611 1000 3718 1038 σω-

2149 1069 2341 1139 τηρίου
2361 1069 2726 1134 διδασκαλίας.

2227 1182 2245 1212 ι
2287 1163 2427 1215 Οὐαὶ
2449 1161 2650 1233 πλῆθος
2675 1163 2842 1217 ἐθνῶν
2870 1162 3097 1217 πολλῶν.
3140 1164 3226 1227 Ὠς
3259 1164 3499 1220 θάλασσα
3528 1168 3720 1237 κυμαί-

2151 1273 2334 1321 νουσα,
2382 1257 2555 1320 οὕτως
2604 1257 3029 1328 ταραχθήσεσθε.
3084 1258 3219 1328 Περὶ⁷
3255 1258 3354 1328 τῆς
3395 1259 3503 1313 τῶν
3547 1260 3715 1315 ἐθνῶν

2151 1349 2244 1400 ἐπὶ⁹
2273 1348 2364 1401 τὸν
2397 1349 2530 1402 Θεὸν
2564 1349 2920 1421 ἐπιστροφῆς,
2966 1348 3062 1401 καὶ
3091 1349 3190 1419 τῆς
3237 1351 3316 1412 εἰς
3342 1350 3432 1403 τὸν
3482 1352 3717 1424 Χριστὸν

2151 1437 2407 1501 ἀπιστίας
2430 1437 2525 1490 τοῦ
2565 1438 2830 1492 Ἰουδαίων
2855 1437 3039 1501 ἔθνους
3073 1437 3333 1501 θεσπίσας
3365 1439 3393 1490 ὁ
3416 1439 3592 1508 λόγος,
3623 1457 3719 1510 με-
3767 1467 3776 1476 -

2149 1529 2392 1583 ταϐαίνει
2414 1531 2504 1582 ἐπὶ
2532 1529 2602 1584 τὰ
2629 1529 2807 1602 πλήθη
2837 1529 2944 1583 τῶν
2965 1530 3152 1597 ἐθνῶν,
3178 1532 3234 1583 ἐν
3265 1531 3400 1602 αὐτῇ
3432 1549 3489 1585 τε
3523 1535 3588 1603 τῇ
3613 1535 3719 1586 Δα-

2153 1619 2348 1690 μασκῷ
2375 1621 2469 1673 καὶ
2500 1623 2619 1684 ταῖς
2657 1620 2868 1684 λοιπαῖς
2913 1621 3113 1692 χώραις
3137 1623 3194 1676 ἐν
3233 1623 3458 1694 ἀπιστίᾳ
3493 1625 3720 1694 ἀπομει-

2149 1710 2374 1774 νάντων,
2416 1712 2512 1764 καὶ
2551 1713 2650 1781 τὴν
2697 1711 3019 1781 Ἐκκλησίαν
3053 1712 3146 1766 τοῦ
3194 1713 3325 1767 Θεοῦ
3358 1713 3597 1768 ἐλαύνειν
3625 1714 3720 1768 καὶ

2149 1801 2451 1874 πολιορκεῖν
2479 1803 2794 1875 μελλόντων.

2225 1914 2244 1948 ι
2273 1896 2383 1949 Καὶ
2421 1896 2589 1959 νῶτος
2633 1896 2800 1949 ἐθνῶν
2851 1895 3058 1949 πολλῶν
3095 1896 3170 1960 ὡς
3204 1896 3346 1968 ὕδωρ
3387 1897 3596 1968 ἡχήσειο
3646 1895 3720 1961 ὡς

2150 1988 2294 2060 ὕδωρ
2315 1989 2473 2053 πολὺ,
2509 1989 2633 2058 ἔθνη
2669 1987 2856 2048 πολλὰ,
2891 1987 2966 2051 ώς
2990 1987 3182 2050 ὓδατος
3209 1987 3402 2040 πολλοῦ
3439 1988 3528 2059 βίᾳ
3561 2005 3719 2060 φερο-

2152 2077 2334 2148 μένου.
2369 2097 2387 2128 ι
2436 2079 2524 2141 Ὠς
2543 2078 2651 2148 γάρ
2685 2077 2959 2147 θαλάσσης
2979 2076 3047 2130 τά
3084 2077 3226 2129 νῶτα
3247 2075 3607 2147 κυρτούμενα,
3629 2075 3720 2128 καὶ

2153 2172 2236 2234 είς
2269 2169 2402 2239 ὕψος
2428 2169 2711 2240 αίρόμενα,
2736 2170 2793 2221 ἐν
2823 2167 2901 2238 τῷ
2941 2167 3294 2238 χειμάζεσθαι
3328 2167 3421 2220 καὶ
3452 2166 3716 2238 ταράσσε-

2149 2265 2273 2320 σθαι
2304 2267 2409 2318 ὐπὸ
2444 2265 2679 2335 ἀνέμων,
2711 2259 2843 2333 ἦχον
2881 2263 3136 2332 μέγιστον
3167 2260 3384 2330 ἐμποιεῖ
3427 2259 3520 2311 καὶ
3559 2256 3720 2326 φόῦον

2147 2362 2260 2423 τοῖς
2276 2358 2544 2413 πλέουσιν·
2572 2355 2714 2409 οὕτω
2739 2354 2832 2408 καὶ
2861 2352 2929 2406 τὰ
2953 2351 3131 2422 πλήθη
3159 2350 3266 2403 τῶν
3299 2353 3355 2403 ἐν
3408 2351 3543 2419 αὐτῇ
3570 2365 3629 2400 τε
3654 2351 3720 2419 τῇ

2147 2448 2422 2520 Δαμασκῷ
2448 2448 2541 2501 καὶ
2561 2449 2680 2509 ταῖς
2707 2445 2919 2508 λοιπαῖς
2941 2443 3145 2516 χώραις
3166 2444 3250 2496 ἐπ’
3285 2443 3510 2514 ἀπιστίᾳ
3534 2441 3627 2495 καὶ
3643 2442 3714 2494 εί-

2146 2541 2506 2611 δωλολατρείᾳ
2565 2539 2828 2608 μενόντων
2899 2537 3087 2603 ἐθνῶν,
3145 2536 3249 2590 ὑπὸ
3304 2535 3413 2589 τῶν
3479 2536 3722 2607 ἀοράτων

2149 2631 2316 2685 ἐθνῶν
2363 2630 2745 2702 ἐνεργούμενα,
2797 2630 2952 2700 δίκην
2990 2628 3249 2699 κυμάτων
3271 2627 3544 2697 θαλάσσης
3579 2626 3721 2698 ἠχή-

2150 2740 2320 2789 σουσι,
2343 2723 2483 2776 κατά
2511 2724 2610 2793 τῆς
2651 2723 2975 2793 Ἐκκλησίας
2993 2721 3087 2775 τοῦ
3118 2720 3253 2774 Θεοῦ
3295 2719 3718 2788 ἐπανιστάμενα.

2153 2836 2172 2868 ι
2205 2818 2313 2870 Καὶ
2342 2818 2737 2887 ἀποσκορακιεῖ
2781 2816 2996 2879 αὐτοὺς,
3043 2816 3136 2868 καὶ
3170 2815 3356 2886 πόρρω
3379 2814 3572 2876 αὐτοὺς
3600 2809 3727 2866 διώ-
3824 2890 3826 2893 Ι

2147 2909 2312 2976 ξεται·
2341 2928 2358 2960 ι
2398 2907 2675 2988 μονονουχὶ
2705 2907 2978 2977 θαλάσσης
3003 2909 3156 2979 δίκην
3179 2907 3287 2960 τῶν
3318 2905 3725 2976 ἀνθεστηκότων

2146 3001 2663 3072 κατακυμαίνοντες.
2699 3001 2884 3054 Νῶτον
2915 3000 2971 3053 δὲ
3015 3000 3212 3063 αὐτοὺς
3241 2997 3450 3052 πολλῶν
3475 2995 3644 3051 ἐθνῶν
3668 2997 3725 3048 ἐν

2143 3095 2352 3156 τούτοις
2373 3093 2657 3155 ἀποκαλεῖ,
2685 3093 2772 3146 διὰ
2803 3093 2864 3146 τὸ
2879 3091 3049 3145 πολλά
3075 3089 3360 3144 διώκεσθαι
3388 3091 3514 3161 παρ’
3545 3090 3723 3142 αὐτῶν

479 3188 704 3242 instant.
731 3185 833 3253 Qui
873 3201 1002 3242 vero
1049 3183 1448 3256 insequuntur,
1481 3205 1509 3242 a
1546 3197 1694 3257 tergo
1731 3197 1785 3242 et
1822 3203 1851 3241 a
1885 3191 2045 3243 dorso

2147 3184 2293 3254 ἔθνη.
2320 3184 2584 3255 Τρέχουσι
2615 3183 2671 3237 δέ
2711 3182 2852 3236 κατά
2871 3184 3040 3236 νώτου
3071 3182 3245 3253 πάντη
3279 3199 3338 3235 τε
3370 3182 3464 3235 καὶ
3509 3180 3723 3245 πάντως

477 3276 798 3345 fugientium
841 3277 1060 3331 omnino
1101 3288 1346 3332 currunt.
1386 3297 1406 3330 ι
1443 3279 1510 3334 Et
1548 3279 1850 3335 eliminabit
1875 3280 2042 3345 illum,

478 3380 533 3423 et
556 3370 713 3439 longe
745 3370 917 3440 ipsum
944 3379 1316 3446 persequetur.
1363 3389 1382 3422 ι
1427 3369 1484 3425 ld
1519 3380 1638 3439 est,
1684 3380 1830 3427 retro
1869 3373 2048 3428 mittet

478 3468 534 3513 et
578 3458 752 3529 ipsum
793 3471 1166 3530 persequetur.
1199 3459 1510 3516 Secundum
1552 3464 1799 3534 Aquilam
1843 3474 2043 3531 autem,

483 3567 502 3599 ι
533 3548 968 3606 Comminabitur
996 3552 1073 3606 illi
1100 3591 1115 3616 ,
1149 3562 1204 3606 et
1239 3553 1409 3622 fugiet
1445 3553 1604 3626 longe
1636 3571 1650 3619 ;
1687 3573 1706 3606 ι
1748 3557 2044 3611 secundum

477 3642 861 3713 Symmachum
911 3659 1080 3712 vero,
1131 3665 1149 3698 ι
1189 3647 1255 3700 Ει
1306 3645 1560 3702 infremet
1614 3648 1754 3716 ipsi,
1784 3657 1838 3703 et
1879 3649 2047 3718 fugiet

475 3734 686 3808 procul.
717 3752 736 3785 ι
783 3733 879 3790 Cui
908 3749 1086 3792 autem
1119 3753 1306 3793 eorum
1341 3740 1594 3795 infremet
1621 3752 1712 3795 aut
1745 3744 2044 3798 commina-

474 3825 643 3891 bitur,
681 3825 780 3880 nisi
812 3828 1082 3896 praedicta:
1112 3829 1412 3883 infidelium
1443 3831 1762 3898 populorum
1797 3834 1964 3902 genti,
1991 3843 2046 3888 et

475 3916 648 3982 ipsam
679 3918 903 3987 agitanti
930 3920 1192 3974 diabolo?
1225 3922 1357 3987 Quis
1381 3933 1559 3977 autem
1587 3923 1720 3994 ipsis
1751 3928 2047 3982 commina-

477 4007 645 4071 bitur,
678 4010 778 4064 nisi
809 4011 856 4064 is
889 4011 953 4064 de
982 4027 1088 4080 quo
1119 4013 1317 4066 dictum
1349 4022 1432 4067 est
1467 4033 1480 4068 ι

558 4099 719 4154 Vsus.
749 4099 834 4154 14.
873 4119 891 4150 ι
928 4097 1358 4156 Comminabitur
1405 4101 1663 4157 Dominus
1713 4105 1766 4158 in
1818 4115 1908 4173 te,
1954 4111 2043 4177 qui

492 4189 658 4260 elegit
700 4189 1018 4247 Jerusalem.
1049 4193 1130 4246 Ad
1173 4208 1455 4264 vesperam
1506 4197 1608 4249 erit
1651 4195 1862 4264 luctus,
1896 4211 2046 4254 ante-

488 4298 652 4354 quam
680 4285 749 4340 sit
775 4284 1086 4354 diluculum,
1109 4296 1164 4339 et
1188 4300 1292 4339 non
1329 4288 1452 4340 erit.
1485 4286 1608 4342 Haec
1655 4289 1830 4358 portio
1857 4304 2042 4345 eorum

481 4377 574 4446 qui
610 4378 842 4449 populati
873 4387 999 4433 sunt
1027 4393 1124 4432 vos
1151 4394 1165 4432 ε
1197 4379 1484 4434 haereditas
1509 4395 1698 4435 eorum
1736 4385 1826 4451 qui
1861 4398 1958 4438 vos
1991 4384 2042 4438 in

472 4465 842 4522 hereditatem
885 4468 1261 4537 possederunt.
1297 4487 1316 4521 ι
1370 4468 1440 4525 lis
1483 4471 1681 4542 quippe
1729 4475 1819 4542 qui
1871 4474 2046 4530 instar

2145 3277 2254 3329 τῶν
2287 3277 2592 3345 φευγόντων
2643 3278 2692 3329 οἱ
2746 3274 3051 3338 διώκοντες.
3095 3295 3112 3328 ι
3172 3276 3286 3328 Καὶ
3332 3274 3723 3344 ἀποσκορακιεῖ

2145 3369 2327 3432 αὐτὸν,
2360 3369 2452 3421 καὶ
2479 3369 2667 3440 πόρρω
2696 3367 2857 3421 αὐτὸν
2883 3367 3149 3431 διώξεται.
3181 3385 3200 3417 ι
3226 3365 3532 3428 Τουτέστιν,
3551 3366 3725 3421 ὀπίσω

2146 3458 2372 3530 πέμψει,
2414 3459 2510 3512 καὶ
2543 3458 2706 3510 αὑτὸν
2750 3455 3016 3521 διώξεται.
3054 3456 3210 3510 Κατά
3253 3456 3310 3508 δέ
3336 3455 3424 3509 τὸν
3471 3455 3721 3521 Ἀκύλαν,

2152 3568 2170 3600 ι
2215 3550 2556 3621 Ἐπιτιμήσει
2591 3552 2646 3602 ἐν
2663 3547 2832 3618 αὐτῷ,
2862 3549 2953 3601 καὶ
2991 3547 3243 3617 φεύξεται
3279 3548 3513 3619 μακράν·
3543 3567 3561 3599 ι
3582 3549 3724 3602 κατά

2144 3640 2200 3693 δέ
2215 3641 2304 3694 τὸν
2338 3639 2703 3712 Σύμμαχον,ξι
2731 3640 2839 3693 Καὶ
2869 3625 3270 3710 ἐμϐρίμήσεται
3302 3639 3564 3710 αὐτῷκαὶ
3594 3640 3724 3709 φεύ-

2145 3730 2294 3798 ξεται
2316 3733 2521 3802 πόρῤω.
2563 3751 2582 3782 ›
2610 3732 2726 3784 Τίνι
2757 3731 2814 3785 δὲ
2850 3729 3028 3785 αὐτῶν
3059 3731 3514 3808 ἐμϐριμήσεταιῆ
3547 3733 3722 3785 ἐπιτι-

2149 3824 2401 3895 μήσεται,
2425 3824 2457 3894 ἢ
2485 3822 2561 3894 τῷ
2591 3823 2938 3895 προλεχθέντι
2976 3823 3116 3876 ἔθνει
3137 3821 3245 3876 τῶν
3271 3823 3514 3876 ἀπίστων
3555 3824 3716 3888 λαῶν,

2145 3915 2238 3969 καὶ
2269 3915 2346 3986 τῷ
2397 3915 2620 3981 τούτους
2653 3914 2961 3988 ἐνεργοῦντι
3011 3915 3277 3986 διαϐόλῳ;
3313 3915 3408 3979 Τίς
3440 3916 3497 3968 δὲ
3537 3917 3722 3980 αὐτοῖς

2144 4008 2455 4078 ἐπιτιμήσει
2478 4007 2590 4061 ἀλλ’
2620 4008 2653 4079 ἢ
2683 4010 2888 4071 ἐκεῖνος
2922 4010 3049 4079 περὶ
3077 4002 3137 4061 οὗ
3171 4007 3410 4078 είρηται,

2218 4121 2237 4153 ι
2288 4104 2633 4173 Ἐπιτιμήσει
2669 4101 2872 4170 Κύριος
2903 4104 2958 4153 ἐν
2991 4101 3073 4153 σοὶ
3106 4100 3463 4171 ἐκλεξάμενος
3495 4101 3593 4171 τὴν
3621 4101 3717 4154 Ἱε-

2146 4192 2447 4264 ρουσαλήμ.
2481 4192 2623 4264 Πρὸς
2665 4192 2906 4265 ἐσπέραν
2940 4191 3093 4244 ἔσται
3120 4191 3314 4254 πένθος
3351 4194 3516 4264 πρινὴ
3551 4193 3716 4264 πρωΐ.

2143 4280 2237 4332 καὶ
2280 4280 2383 4332 οὐκ
2411 4279 2581 4332 ἔσται.
2609 4280 2820 4350 Αὕτηή
2874 4280 3028 4351 μερὶς
3079 4280 3188 4332 τῶν
3236 4281 3719 4352 προνομευσάντων

2143 4371 2308 4441 ὑμᾶς,
2340 4369 2678 4441 κληρονομία
2715 4372 2830 4433 τοῖς
2878 4369 3328 4440 κληρονομήσασι.
3389 4391 3408 4424 ι
3453 4373 3577 4436 Τοῖς
3607 4373 3719 4445 γὰρ

2143 4463 2298 4535 δίκην
2327 4462 2599 4533 θαλάσσης
2628 4461 2994 4532 κυμαινούσης
3026 4462 3410 4532 κατεπαρθεῖσι
3446 4465 3544 4534 τῆς
3594 4465 3717 4517 Ἐκ-

472 4559 643 4613 maris
669 4557 983 4614 ﬂuctuantis
1010 4571 1195 4615 contra
1228 4561 1524 4619 Ecclesiam
1552 4581 1672 4621 sese
1709 4567 2041 4634 extulerunt,

2148 4556 2375 4628 κλησίας
2402 4554 2537 4626 πρὸς
2561 4557 2628 4625 τῇ
2649 4554 2796 4606 δύσει
2817 4553 2911 4607 τοῦ
2931 4553 3042 4624 βίου
3060 4554 3152 4607 καὶ
3175 4555 3311 4626 πρὸς
3326 4555 3473 4626 αὐτῷ
3487 4556 3563 4627 τῷ
3577 4558 3717 4610 τέλει

472 4649 529 4701 in
558 4663 753 4703 occasu
787 4651 906 4706 vitae
927 4691 943 4718 ,
975 4660 1028 4706 et
1058 4652 1110 4705 in
1159 4653 1274 4722 ipso
1305 4655 1414 4710 fine
1452 4656 1627 4712 luctus
1657 4659 1830 4712 aderit
1857 4702 1872 4725 ,
1917 4660 2042 4729 quia

475 4753 582 4792 non
615 4739 754 4794 ultra
798 4749 981 4795 erunt.
1013 4740 1147 4795 Nam
1199 4743 1251 4797 in
1303 4745 1484 4804 futuro
1531 4749 1728 4804 sarculo
1773 4765 1909 4804 nova
1954 4751 2042 4803 lux

471 4831 697 4887 orientis
717 4843 768 4887 et
796 4833 1045 4889 matutini
1075 4842 1203 4889 tunc
1225 4836 1292 4891 ad
1321 4838 1578 4894 ultionem
1615 4839 1892 4894 ferendam
1922 4839 2042 4894 illu-

471 4923 634 4978 cebit.

1025 5017 1252 5076 CAPUT
1289 5019 1472 5074 XVIII.

543 5107 703 5163 Vens.
732 5108 857 5174 με.
894 5127 914 5161 ι
947 5108 1040 5164 Vm
1065 5123 1223 5167 terra:
1249 5114 1492 5174 navium,
1519 5112 1618 5167 alas
1649 5112 1785 5167 ultra
1817 5112 2037 5168 flumina

467 5199 798 5268 Ethiopite;
836 5201 925 5269 qui
964 5201 1125 5256 mittit
1153 5203 1205 5256 in
1243 5217 1391 5256 mare
1418 5202 1668 5270 obsides,
1695 5214 1751 5258 et
1780 5205 2038 5275 epistolas

467 5292 700 5346 biblinas
739 5307 898 5361 supra
950 5309 1166 5362 aquam.
1218 5313 1238 5346 ι
1295 5295 1444 5350 Unde
1491 5294 1694 5349 factum
1741 5303 1799 5350 ut
1849 5312 2038 5352 omnes

474 5381 667 5452 ubique
696 5381 864 5437 Judaei
917 5387 1118 5454 pariter
1162 5395 1214 5439 et
1244 5401 1351 5440 uno
1407 5402 1671 5442 consensu
1713 5387 2036 5446 Christianae

475 5474 728 5529 .ioctrina:
753 5479 1188 5532 contradicerent
1208 5477 1234 5531 ἓ
1269 5479 1322 5532 In
1354 5487 1597 5533 veterum
1637 5483 1854 5551 scriptis
1883 5498 2038 5553 repe-

689 5651 1105 5742 lliclfiusebiulm
1133 5656 1330 5739 acerbe
1351 5658 1536 5742 carpit
1564 5657 2037 5742 Hieronymus-his

477 5723 674 5802 verbis,
706 5740 724 5774 ι
759 5723 1022 5802 Eusebius
1047 5723 1736 5802 Caesariensisli'istoricam
1765 5723 2033 5802 interpre-

474 5794 730 5851 tationem
758 5794 910 5850 titulo
935 5799 1342 5863 repromittens,
1371 5799 1599 5853 diversis
1633 5800 1880 5855 sensibus
1907 5794 2035 5856 eva-

471 5869 626 5941 ﬂatur
649 5879 663 5918 :
683 5863 840 5939 cujus
860 5879 980 5922 cum
1003 5866 1170 5932 libros
1193 5868 1449 5948 legerem,
1471 5869 1611 5928 aliud
1644 5871 1808 5931 inulto
1838 5874 2031 5951 reperi,

2147 4646 2339 4711 πένθος
2373 4647 2576 4709 ἔσεται,
2597 4648 2676 4700 ὅτι
2705 4647 2886 4699 οὐκέτι
2934 4647 3255 4719 ὑπάρχουσι·
3295 4649 3436 4702 κατά
3467 4649 3556 4702 τὸν
3593 4649 3718 4720 μέλ-

2145 4740 2303 4794 λοντα
2351 4740 2542 4802 αἰῶνα,
2599 4738 2720 4790 νέου
2753 4738 2931 4806 φωτὸς
2967 4740 3227 4809 ἀνατολῆς
3269 4742 3362 4795 καὶ
3393 4741 3605 4812 πρωῖας
3656 4741 3718 4794 τὸ

2145 4831 2447 4904 τηνικαῦτα
2469 4833 2588 4894 ταῖς
2602 4829 2777 4893 δίκαις
2807 4829 3228 4902 ἐπιλάμψαντος.

2648 5019 3041 5073 ΚΕΦΑΛΑΙΟΝ
3100 5021 3204 5073 III'.

2220 5131 2238 5163 ι
2276 5111 2412 5164 Οὐαὶ
2461 5109 2565 5180 γῆς
2611 5110 2828 5176 πλοίων,
2873 5113 3139 5182 πτέρυγες
3167 5111 3423 5167 ἐπέκεινα
3456 5115 3716 5186 ποταμῶν

2143 5203 2444 5266 Αίθιοπίαςε
2477 5204 2504 5254 ὁ
2533 5203 2873 5258 ἀποστέλλων
2907 5207 2962 5256 ἐν
2991 5203 3234 5277 θαλάσσῃ
3253 5206 3455 5275 ὅμηρα,
3482 5207 3578 5260 καὶ
3597 5209 3718 5261 ἐπι-

2148 5297 2340 5361 στολὰς
2373 5296 2612 5367 βιϐλίνας
2665 5299 2849 5352 ἐπάνω
2900 5299 2993 5350 τοῦ
3050 5296 3258 5362 ὓδατος.
3307 5319 3324 5352 ι
3373 5300 3545 5354 Πόθεν
3588 5302 3715 5365 τοὺς

2145 5391 2420 5461 πανταχοῦ
2466 5390 2750 5454 Ἰουδαίους
2781 5392 2906 5453 τοὺς
2938 5391 3145 5454 πάντας
3175 5391 3476 5461 συμφώνως
3509 5391 3568 5458 ἐξ
3598 5393 3716 5457 ἐνὸς

2147 5483 2488 5554 συνθήματος
2523 5483 2822 5550 ἀντιλέγειν
2848 5481 2925 5553 τῷ
2965 5483 3089 5554 περὶ
3121 5483 3355 5555 Χριστοῦ
3391 5484 3532 5556 λόγῳ
3566 5484 3713 5570 (21);

2140 5678 2301 5734 quam
2333 5663 2508 5734 iudice
2547 5661 2913 5734 promittebat.
2954 5661 3270 5734 Ubicunque
3297 5662 3443 5718 enim
3464 5677 3600 5734 eum
3634 5661 3714 5717 hic

2137 5732 2304 5789 s‘toria
2353 5732 2652 5790 defecerit.
2679 5733 2870 5803 transit
2911 5734 2976 5787 ad
3012 5732 3344 5803 allegoriam,
3373 5742 3428 5786 et
3458 5733 3528 5803 ita
3557 5746 3714 5803 sepa-

2139 5815 2261 5858 rata
2293 5804 2590 5865 consociat,
2617 5811 2675 5855 ut
2712 5802 2877 5857 mirer
2893 5817 3016 5858 eum
3049 5801 3184 5858 nova
3208 5804 3471 5858 sermonis
3504 5801 3716 5870 fabrica,

2145 5875 2196 5933 in
2229 5889 2394 5930 unum
2427 5888 2623 5952 corpus
2647 5872 2875 5953 lapidem
2901 5873 3211 5951 ferrumque
3233 5873 3576 5948 conjungere.
3599 5870 3710 5936 Hoc
