4118 6380
416 385 522 440 215

1364 379 1864 437 COMMENTARIA
1905 379 1968 434 IN
2013 379 2264 436 ISAIAM.
2305 409 2375 420 —-
2411 380 2562 437 CAP.
2605 379 2788 439 XVIII.

3552 382 3657 434 214

418 500 662 571 Εὖρομεν
681 499 740 551 ἐν
765 499 876 561 τοῖς
903 496 1009 551 τῶν
1038 495 1279 551 παλαιῶν
1319 497 1764 568 συγγράμμασιν,
1803 497 1879 561 ὼς
1934 498 1982 550 οἰ

2093 499 2276 564 rimus,
2301 497 2814 571 Ilierosolymitanos
2859 497 3098 554 Iudaicae
3143 498 3316 568 gentis
3347 497 3657 552 sacerdotes

417 591 516 662 τὴν
565 588 916 661 Ἰερουσαλὴμ
942 589 1217 652 οἰκοῦντες
1240 588 1333 642 τοῦ
1358 589 1464 642 τῶν
1511 589 1775 642 Ἰουδαίων
1804 589 1987 653 ἔθνους

423 684 584 753 ἱερεῖς
611 682 701 734 καὶ
729 680 1084 752 πρεσϐύτεροι
1115 680 1418 750 γράμματα
1451 680 1897 750 διαχαράξαντεφ
1911 682 1989 743 εἰς

420 775 594 828 πάντα
617 771 982 842 διεπέμψαντο
1004 771 1073 825 τά
1095 772 1219 842 ἔθνη
1239 774 1350 835 τοῖς
1368 770 1678 840 ἁπανταχοῦ
1719 772 1989 835 Ἰουδαίοις

418 866 789 929 διαϐάλλοντες
841 865 938 936 τὴν
971 864 1209 936 Χριστοῦ
1243 865 1610 927 διδασκαλίαν,
1659 864 1734 927 ὡς
1780 864 1990 935 αἵρεσιν

421 959 612 1029 καινὴν
646 958 739 1012 καὶ
763 955 1046 1028 ἀλλοτρίαν
1081 955 1175 1009 τοῦ
1211 955 1367 1020 Θεοῦ,
1398 956 1772 1028 παρήγγελλόν
1818 973 1878 1008 τε
1921 954 1988 1008 δι’

419 1052 715 1107 ἐπιστολῶν
766 1051 839 1122 μὴ
891 1048 1295 1121 παραδέξασθαι
1350 1049 1538 1119 αὐτήν.
1575 1046 1744 1100 Τοῦτο
1799 1047 1855 1098 δέ
1897 1042 1989 1099 οὖν

419 1143 551 1197 αὐτὸ
582 1141 866 1211 σημαίνειν
908 1138 1082 1191 ἔοικεν
1116 1138 1148 1206 ἡ
1183 1137 1322 1207 μετά
1347 1140 1534 1208 χεῖρας
1561 1136 1884 1208 προφητεία,
1932 1137 1989 1187 ἐν

418 1231 464 1302 ᾧ
487 1233 654 1301 λέγει·
689 1251 706 1283 ι
746 1231 881 1283 Ούαί
908 1231 1010 1300 γῆς
1042 1228 1260 1292 πλοίων,
1291 1229 1558 1298 πτέρυγες
1591 1228 1841 1280 ἐπέκεινα
1894 1243 1990 1278 πο-

417 1323 605 1396 ταμῶν
642 1321 940 1384 Αἰθιοπίας·
969 1323 996 1373 6
1019 1319 1360 1374 ἀποστέλλων
1387 1321 1442 1374 ὲν
1471 1319 1711 1392 θαλάσσῃ
1737 1319 1941 1388 ὅμηρα·
1967 1337 1984 1368 ι

418 1418 532 1472 ἀνθ’
556 1409 616 1470 οὗ
649 1419 677 1470 6
702 1415 991 1485 Σύμμαχος
1013 1413 1394 1478 ἀποστόλους
1409 1409 1528 1465 εἰπε
1553 1414 1750 1484 φήσας,
1785 1430 1802 1462 ι
1825 1413 1992 1463 Ἀπο-

422 1509 653 1563 στέλλων
704 1506 1032 1568 ἀποστόλους
1083 1507 1141 1557 ἐν
1179 1503 1439 1574 θαλάσσῃ·
1488 1523 1505 1554 ι
1563 1505 1590 1556 ὁ
1649 1503 1706 1556 δὲ
1764 1501 1993 1564 ’Δκύλας

420 1599 758 1668 πρεσϐύτας
772 1596 1032 1660 ἐξέδωκεν
1069 1593 1258 1658 εἰπὼν,
1291 1612 1309 1644 ι
1353 1594 1411 1646 Ὁ
1443 1593 1786 1646 ἀποστέλλων
1815 1594 1871 1645 ἐν
1899 1591 1993 1644 θα-

418 1689 590 1760 λάσσῃ
619 1686 947 1758 πρεσϐύτας.
990 1705 1008 1738 ι
1050 1686 1210 1755 Ὁρᾷς
1262 1685 1409 1746 ὅπως
1440 1686 1467 1736 ὁ
1499 1683 1654 1752 λόγος
1696 1684 1821 1744 τοὺς
1861 1698 1992 1752 προ-

417 1779 704 1852 λεχθέντας
750 1777 1018 1831 Ἰουδαίων
1040 1777 1307 1848 ἄρχοντας
1324 1774 1618 1839 ταλανίζει,
1653 1775 1746 1827 καὶ
1770 1775 1868 1843 τὴν
1887 1774 1990 1844 γῆν

2091 597 2146 644 et
2162 589 2423 653 seniores,
2442 589 2653 644 litteras
2673 590 2725 642 in
2756 605 2946 644 omnes
2963 599 3148 658 gentes
3168 589 3376 642 misisse
3393 587 3457 642 ad
3469 603 3658 642 omnes

2090 681 2288 749 ubique
2308 677 2520 733 Iudaeos
2545 719 2558 743 ,
2587 695 2693 746 quo
2723 679 2925 734 Christi
2956 681 3260 734 doctrinam
3291 677 3657 740 traducerent,

2091 780 2148 824 ut
2197 785 2388 824 novam
2425 785 2486 824 ac
2520 770 2629 824 Deo
2675 771 2952 824 inimicam
3001 780 3203 826 sectam
3253 788 3266 823 :
3304 783 3370 822 ac
3419 768 3659 837 epistolis

2092 861 2384 927 monuisse,
2428 870 2486 914 ut
2531 875 2598 916 ne
2631 861 2774 914 illam
2811 861 3130 929 reciperent.
3164 859 3278 912 Hoc
3325 859 3497 925 ipSum
3531 872 3661 926 ergo

2090 951 2396 1023 signiﬁcare
2424 951 2636 1005 videtur
2668 964 2904 1020 praesens
2955 951 3239 1019 prophetia
3286 948 3372 1001 ubi
3404 947 3655 1001 dicitur:

2097 1064 2116 1097 ι
2156 1043 2247 1098 Va:
2280 1053 2436 1098 teme
2481 1043 2692 1096 navium
2715 1082 2731 1106 ,
2765 1041 2860 1094 εἰῶ
2890 1040 3026 1093 ultra
3071 1040 3292 1093 [lumina
3327 1037 3654 1107 Ethiopize;

2091 1137 2183 1206 qui
2224 1137 2387 1189 mittit
2414 1136 2466 1188 in
2503 1149 2652 1189 mare
2687 1133 2941 1197 obsides;
2983 1151 3000 1182 ι
3033 1148 3129 1199 pro
3157 1148 3264 1200 quo
3299 1131 3659 1202 Symmachus

2091 1226 2349 1297 apostolos
2378 1226 2514 1280 dixit
2546 1226 2628 1278 his
2665 1225 2844 1278 verbis
2867 1264 2882 1287 ,
2917 1245 2934 1276 ι
2968 1224 3069 1291 Qui
3099 1224 3264 1278 mittit
3292 1232 3346 1276 ct
3383 1220 3660 1290 apostolos

2091 1322 2144 1375 in
2175 1334 2363 1383 mare;
2397 1336 2417 1368 ι
2443 1315 2635 1385 Aquila
2661 1330 2789 1369 vero
2826 1315 3019 1385 legatos
3049 1316 3235 1380 edidit,
3269 1315 3472 1378 dicens,
3506 1331 3524 1362 ‹
3556 1309 3659 1377 Qui

2094 1411 2258 1465 mittit
2309 1410 2361 1463 in
2410 1422 2558 1462 mare
2604 1406 2828 1476 legatos.
2872 1425 2890 1456 ›
2932 1405 3114 1461 Viden’
3165 1405 3437 1474 quomodo
3477 1417 3658 1457 sermo

2093 1500 2375 1569 prazdictos
2419 1496 2722 1554 Judzcorum
2776 1496 3044 1566 principes
3093 1496 3320 1550 miseros
3381 1493 3658 1563 praadicet,

2094 1608 2298 1648 necnon
2318 1602 2516 1646 terram
2539 1605 2746 1653 eorum,
2765 1587 2918 1658 cujus
2939 1587 3139 1641 malitia
3165 1601 3335 1656 usque
3361 1586 3426 1640 ad
3443 1583 3658 1639 IEthio-

2100 1698 2192 1755 pes
2215 1693 2541 1753 pervaserat.
2557 1682 2918 1748 Quamobrem
2938 1680 3229 1734 secundum
3248 1677 3655 1748 Symmachum,

2099 1795 2117 1828 ί
2156 1775 2249 1830 Vae
2277 1785 2433 1830 terra:
2473 1776 2681 1830 sonitus
2710 1773 2807 1828 alae
2827 1815 2843 1840 ,
2882 1788 3000 1839 qua:
3034 1771 3171 1824 ultra
3202 1771 3416 1824 ﬂumina
3447 1768 3661 1823 Ethio-

416 1871 615 1938 αὐτῶν,
657 1867 722 1942 ἧς
754 1873 787 1942 ἡ
824 1869 986 1922 κακία
1018 1869 1208 1940 μέχρις
1229 1868 1500 1922 Αἰθιόπων
1526 1866 1747 1936 ἔφθασε.
1777 1865 1867 1918 Διὸ
1889 1883 1988 1919 κα-

2094 1869 2194 1937 pize
2223 1886 2242 1919 ι
2267 1885 2280 1920 :
2317 1867 2471 1936 queis
2495 1865 2785 1936 significat,
2809 1865 2970 1919 etiam
2997 1862 3133 1916 ultra
3151 1861 3464 1932 Ethiopum
3485 1861 3662 1931 regio-

416 1964 485 2019 τὰ
516 1965 607 2017 τὸν
641 1963 934 2034 Σύμμαχον
965 1961 1199 2033 εἴρηται,
1229 1981 1246 2013 ι
1279 1961 1414 2015 Οὐαὶ
1447 1961 1550 2030 γῆς
1574 1962 1602 2012 6
1628 1955 1760 2029 ἦχος
1793 1957 1989 2028 πτέρυ-

416 2073 530 2125 γος,
557 2059 590 2126 ἡ
611 2054 848 2126 πέραθεν
876 2053 1133 2125 ποταμῶν
1150 2054 1446 2118 Αἰθιοπίας·
1482 2073 1499 2104 ι
1528 2046 1682 2106 δι’ὧν
1715 2052 1985 2122 σημαίνει,

417 2148 492 2212 ὼς
522 2149 616 2202 καὶ
649 2147 822 2217 πέραν
852 2145 951 2216 τῆς
993 2145 1266 2199 Αἰθιόπων
1296 2145 1496 2217 χώρας,
1534 2145 1691 2215 ἢτῶν
1723 2142 1988 2214 ἐσχατιῶν

417 2242 515 2310 τῆς
545 2241 667 2311 γῆς,
699 2241 727 2291 ὁ
755 2240 852 2309 τῆς
875 2239 1136 2309 πονηρίας
1159 2233 1290 2309 ἦχος
1320 2238 1425 2290 τῶν
1451 2236 1548 2307 τὴν
1595 2236 1850 2290 Ἰουδαίαν
1881 2235 1986 2306 γῆν

418 2331 708 2385 οἰκούντων
737 2329 826 2382 διά
859 2345 1018 2382 τινων
1056 2327 1244 2398 ὥσπερ
1285 2327 1592 2398 ἰπταμένων
1622 2327 1817 2380 πλοίων
1853 2343 1988 2398 προ-

419 2420 602 2490 ῆλθεν,
654 2419 792 2472 οἵτε
837 2418 1120 2470 ἀπόστολοι
1172 2417 1371 2480 αὐτῶν,
1423 2417 1711 2481 ἐπιστολὰς
1755 2417 1993 2487 βιϐλίνας

419 2511 788 2582 κομιζόμενοι,
832 2510 1086 2580 ὑπεράνω
1114 2526 1174 2561 τε
1210 2509 1317 2562 τῶν
1361 2509 1566 2562 ὑδάτων
1594 2508 1993 2579 ναυτιλλόμενοι

418 2603 512 2656 καὶ
539 2603 635 2673 τὴν
665 2601 935 2654 θάλασσαν
951 2599 1300 2668 ἐμπλέοντες,
1334 2601 1644 2670 ἁπανταχοῦ
1666 2601 1767 2671 γῆς
1791 2600 1995 2669 διέτρε-

415 2711 531 2765 χον,
563 2693 654 2748 τὸν
689 2695 816 2765 περὶ
843 2693 936 2746 τοῦ
979 2693 1230 2763 Σωτῆρος
1262 2691 1417 2762 ἡμῶν
1450 2692 1886 2757 ἐνδιαϐάλλοντες
1905 2694 1994 2747 λό⁴

2096 1976 2239 2024 nem,
2283 1959 2397 2014 sive
2431 1959 2569 2013 ultra
2611 1966 2852 2010 extrema
2885 1965 3072 2021 terrae,
3112 1953 3331 2008 malitia:
3362 1952 3660 2007 incolarum

2093 2051 2290 2108 Iudaeae
2328 2053 2586 2117 sonitum,
2617 2068 2712 2106 ceu
2747 2049 3066 2120 quibusdam
3091 2047 3396 2103 volantibus
3427 2048 3655 2101 navibus

2093 2146 2352 2211 delatum,
2387 2144 2715 2216 pervenisse,
2770 2142 3148 2211 apostolosque
3183 2155 3368 2198 eorum
3397 2139 3656 2209 epistolas

2092 2237 2322 2292 biblinas
2365 2237 2698 2302 deterentes,
2733 2252 2794 2292 ac
2825 2252 2987 2304 supra
3027 2237 3245 2291 dorsum
3289 2249 3550 2301 aquarum
3599 2233 3656 2287 in

2095 2328 2337 2397 marique
2385 2329 2723 2398 navigantes,
2759 2329 2958 2399 ubique
2989 2338 3256 2383 terrarum
3309 2325 3653 2389 discurrisse,

2093 2432 2394 2472 sermonem
2422 2419 2486 2472 de
2519 2417 2804 2475 Servatore
2836 2429 3020 2474 nostro
3065 2418 3350 2474 calumniis
3392 2417 3657 2472 vellican-

2097 2519 2194 2564 tes.
2246 2510 2527 2579 Apostolus
2569 2527 2698 2567 vero
2750 2514 2912 2568 etiam
2959 2529 3101 2567 nunc
3143 2511 3312 2566 Judaei
3349 2523 3663 2579 nuncupare

2095 2602 2271 2658 solent
2299 2618 2413 2671 eos,
2436 2605 2526 2674 qui
2551 2604 2844 2661 circulares
2869 2607 3172 2676 principum
3205 2617 3424 2659 suorum
3453 2602 3662 2656 litteras

2098 2693 2519 2765 circumquaque
2545 2696 2849 2768 deportant.

415 2803 532 2855 γον.
571 2785 922 2849 Ἀποστόλους
973 2785 1029 2837 δὲ
1071 2786 1238 2838 εἰσέτι
1283 2785 1378 2838 καί¹
1407 2784 1500 2838 νῦν
1531 2785 1653 2849 ἔθος
1685 2785 1833 2840 ἐστὶν
1875 2785 2146 2850 Ἰουδαίοις
2185 2786 2472 2859 ὀνομάζειν
2507 2791 2635 2853 τοὺς
2682 2788 2943 2859 ἐγκύκλια
2977 2789 3277 2860 γράμματα
3343 2786 3495 2858 παρά
3554 2782 3664 2838 τῶν

415 2877 690 2948 ἀρχόντων
712 2875 890 2930 αὐτῶν
919 2875 1422 2947 ἐπικομιζομένους.

496 2989 514 3021 ι
537 2969 897 3040 Πορεύσονται
925 2969 1032 3040 γὰρ
1065 2967 1282 3037 ἄγγελοι
1315 2967 1504 3036 κοῦφοι
1536 2967 1672 3040 πρὸς
1693 2968 1843 3032 ἔθνος
1874 2986 1994 3040 μετ-

419 3060 589 3133 έωρον
645 3062 738 3115 καὶ
774 3059 922 3128 ξένον
952 3060 1080 3115 λαὸν
1127 3061 1220 3113 καὶ
1252 3059 1504 3130 χαλεπόν.
1540 3060 1636 3123 Τίς
1695 3060 1858 3114 αὑτοῦ
1893 3063 1992 3114 ἐπ-

420 3153 603 3206 έκεινα
621 3170 636 3218 ;
655 3153 806 3215 ἔθνος
831 3153 941 3222 (22)
965 3152 1280 3205 ἀνέλπιστον
1304 3153 1397 3205 καὶ
1413 3153 1954 3224 καταπεπατημένον.
1969 3173 1986 3205 ›

2175 2988 2193 3020 ί
2230 2967 2388 3024 Ibunt
2413 2969 2553 3023 enim
2595 2969 2769 3024 nuntii
2795 2969 2999 3025 celeres
3025 2971 3093 3024 ad
3115 2979 3329 3040 gentem
3363 2968 3660 3024 excelsauv

2096 3068 2151 3114 et
2173 3061 2514 3130 peregrinum
2533 3061 2810 3130 p0pulum,
2828 3072 2882 3116 et
2906 3076 3145 3132 gravem.
3167 3060 3297 3128 Quis
3315 3062 3454 3115 ultra
3488 3060 3664 3114 illum?

2095 3166 2225 3223 gens
2255 3153 2534 3221 desperata
2565 3159 2619 3206 et
2641 3154 2981 3207 conculcata.
3036 3171 3054 3204 ι
3098 3152 3173 3206 lta
3205 3161 3264 3207 ut
3316 3153 3388 3206 sit
3427 3151 3555 3206 illud
3583 3152 3659 3206 rei

432 3243 520 3306 Ὠς
551 3239 688 3295 εἶναι
715 3242 888 3313 ἀρχὴν
921 3241 1244 3312 πράγματος
1263 3257 1276 3270 ·
1315 3240 1407 3294 καί
1446 3258 1535 3312 μοι
1566 3240 1710 3293 δοκεί
1740 3240 1897 3294 τοῦτο
1933 3241 1990 3294 τὸ

2096 3241 2306 3297 initium
2339 3261 2351 3296 :
2389 3243 2714 3312 videturque
2753 3243 2886 3298 mihi
2911 3243 3014 3298 hoc
3047 3253 3377 3313 praeceptum
3415 3243 3664 3298 Salvato-

424 3331 748 3403 πρόσταγμα
779 3331 915 3401 πρὸς
959 3332 1084 3392 τοὺς
1144 3330 1388 3400 μαθητὰς
1420 3329 1514 3383 τοῦ
1547 3332 1794 3403 Σωτῆρος
1837 3333 1992 3403 ήμῶν

424 3421 706 3494 εἰρῆσθαι·
743 3420 834 3485 οὓς
865 3420 954 3474 διὰ
976 3421 1035 3473 τὸ
1060 3423 1222 3476 πᾶσιν
1249 3420 1552 3494 ἀνθρώποις
1582 3423 1802 3492 ἀγαθῶν
1834 3424 2003 3494 εύαγ-,

422 3513 674 3582 γελιστάς
707 3509 866 3577 εἷναι,
897 3515 1160 3583 ἀγγέλους
1197 3516 1291 3568 καὶ
1317 3516 1554 3585 κούφους
1585 3516 1834 3587 ὠνόμασε
1859 3517 1996 3587 πρὸς

421 3606 822 3677 ἀντιδιαστολὴν
849 3606 956 3660 τῶν
1000 3606 1297 3662 Ἰουδαϊκῶν
1342 3608 1674 3662 ἀποστόλων.
1709 3611 1877 3678 Φησίν
1903 3605 1994 3662 οὖν

421 3697 557 3768 πρὸς
588 3696 782 3776 αὐτούς
814 3699 936 3761 τοὺς
969 3697 1076 3750 τῶν
1096 3698 1314 3758 ἀγαθῶν
1352 3699 1616 3768 ἀγγέλους
1639 3717 1652 3729 ·
1705 3700 1913 3770 Ὑμεῖς,
1945 3700 1994 3752 οἱ

417 3787 654 3859 Χριστοῦ
679 3788 938 3860 μαθηταὶ,
958 3789 1276 3860 πορεύεσθε,
1301 3789 1488 3859 ὥσπερ
1513 3786 1606 3842 οὖν
1637 3791 1794 3853 αὐτὸς
1825 3792 1852 3842 6
1880 3792 1995 3843 Σω-

416 3877 522 3948 τὴρ
549 3878 830 3946 διετάξατο
863 3880 998 3950 πρὸς
1045 3880 1188 3948 ὑμᾶς
1229 3878 1435 3946 λέγων·
1478 3898 1494 3928 ι
1523 3879 1822 3948 Πορεύεσθε
1861 3879 1995 3949 μᾶλ-

418 3969 510 4022 λον
547 3971 683 4040 πρὸς
710 3969 784 4024 τὰ
823 3970 1072 4043 πρόϐατα
1095 3969 1162 4021 τὰ
1179 3969 1490 4024 ἀπολωλότα
1521 3972 1667 4022 οἴκου
1713 3971 1946 4042 Ἰσραὴλ,
1971 3991 1988 4024 ι

419 4062 958 4133 καὶ,ιΠορευθέντες,
981 4061 1355 4132 μαθητεύσατε
1383 4062 1558 4116 πάντα
1587 4063 1653 4116 τά
1680 4063 1806 4134 ἔθνη
1835 4067 1891 4118 ἐν
1918 4065 1995 4135 τῷ

418 4153 641 4224 ὀνόματί
677 4172 798 4225 μου.
828 4173 846 4206 ι
884 4155 1244 4225 Πορευόμενοι
1276 4155 1352 4220 δὲ,
1379 4157 1531 4225 φησι,
1561 4156 1752 4226 κοῦφοι
1780 4158 1993 4226 γίνεσθε

418 4245 514 4299 καὶ
547 4245 846 4310 εὐσταλεῖς,
882 4245 956 4308 ὼς
999 4245 1062 4298 ἂν
1107 4245 1294 4316 ῥᾳδίαν
1339 4246 1437 4316 τὴν
1470 4247 1692 4320 πορείαν
1728 4249 1954 4319 ποιῆσθε
1976 4267 1988 4280 ·

415 4336 446 4390 ὃ
476 4336 540 4408 δὴ
568 4337 661 4389 καὶ
694 4338 876 4399 αὐτοῖς
908 4337 1067 4390 πάλιν
1095 4338 1324 4409 παρῄνει
1344 4339 1515 4408 λέγων
1535 4357 1547 4369 ·
1579 4361 1596 4391 ι
1621 4341 1804 4407 Μηδὲν
1824 4342 1992 4412 ἄρητε

417 4427 560 4481 κατά
589 4427 684 4498 τὴν
713 4427 829 4481 ὁδόν
853 4445 866 4459 ·
903 4427 979 4498 μὴ
1011 4428 1286 4498 κτήσησθε
1321 4429 1516 4499 χρυσὸν
1551 4430 1685 4499 μηδὲ
1727 4430 1989 4501 ἄργυρον,

420 4519 556 4591 μηδὲ
602 4518 798 4588 χαλκὸν
836 4521 914 4581 εἰς
949 4519 1046 4583 τὰς
1096 4519 1271 4585 ζώνας
1333 4520 1504 4592 ὑμῶν,
1534 4541 1551 4572 ›
1600 4522 1692 4574 καὶ
1740 4521 1807 4574 τὰ
1843 4522 1986 4593 ἑξῆς.

2098 3333 2172 3388 ris
2195 3333 2363 3388 nostri
2395 3333 2672 3404 discipulis
2696 3333 2810 3387 dari
2837 3351 2850 3398 ;
2886 3334 2976 3404 qui
3018 3334 3160 3402 quod
3209 3335 3467 3388 omnibus
3489 3335 3664 3389 homi-

2097 3425 2254 3480 nibus
2283 3425 2548 3480 bonorum
2596 3426 2767 3480 nuntii
2797 3426 2922 3489 sint,
2957 3426 3130 3480 nuntii
3164 3438 3217 3481 et
3243 3427 3452 3481 celeres
3484 3427 3552 3480 ab
3595 3441 3661 3481 eo

2095 3525 2379 3580 vocantur,
2416 3517 2480 3570 ad
2507 3517 2860 3572 dill‘erentiam
2890 3517 3237 3572 Judaicorum
3266 3519 3655 3589 apostolorum.

2097 3607 2218 3662 Illos
2261 3608 2423 3677 igitur
2452 3609 2714 3662 bonorum
2759 3610 2974 3665 nuntios
3029 3609 3108 3663 sic
3154 3610 3493 3680 alloquitur:
3531 3609 3661 3675 Vos,

2095 3700 2294 3754 Christi
2320 3700 2590 3768 discipuli,
2616 3701 2706 3763 ite,
2739 3703 3190 3768 quemadmodum
3217 3702 3331 3769 ipse
3359 3700 3508 3755 vobis
3534 3699 3661 3756 Ser-

2095 3799 2251 3842 vator
2278 3789 2555 3858 praecepit,
2592 3807 2609 3839 ι
2649 3787 2726 3844 Ite
2746 3789 2923 3858 potius
2945 3789 3010 3842 ad
3041 3804 3189 3854 oves,
3219 3805 3339 3858 quae
3362 3790 3660 3858 perierunt,

2097 3881 2292 3933 domus
2324 3878 2489 3934 Israel
2515 3880 2593 3944 ⁸¹;
2647 3899 2664 3931 ι
2698 3890 2771 3943 et,
2803 3900 2819 3931 ι
2852 3880 3052 3935 Euntes
3076 3881 3264 3935 docete
3299 3896 3487 3936 omnes
3521 3897 3655 3951 gen-

2097 3979 2176 4024 tes
2221 3970 2274 4025 in
2306 3972 2524 4026 nomine
2568 3988 2688 4027 meo
2717 3972 2782 4028 ⁸³.
2817 3991 2834 4023 ι
2887 3971 3091 4027 Euntes
3123 3983 3326 4036 autem,
3372 3975 3469 4039 ait,
3515 3973 3662 4028 leves

2093 4069 2267 4116 estote
2314 4071 2368 4116 et
2407 4065 2666 4131 expediti,
2717 4072 2775 4118 ut
2825 4063 3040 4117 facilius
3095 4064 3235 4117 viam
3281 4066 3658 4120 emetiamini:

2093 4150 2234 4220 quod
2269 4152 2432 4206 etiam
2463 4152 2570 4207 illis
2604 4153 2897 4208 mandabat
2929 4154 3014 4208 his
3049 4155 3252 4219 verbis,
3283 4175 3299 4206 ι
3333 4154 3477 4209 Nihil
3520 4156 3654 4210 Iuleo

2095 4243 2214 4296 ritis
2241 4243 2290 4296 iu
2317 4244 2438 4310 via;
2473 4260 2538 4298 ne
2565 4246 2886 4314 possidentis
2922 4260 3134 4312 aurum,
3180 4262 3280 4300 nec
3331 4258 3615 4317 argentum
3643 4287 3659 4314 ,

2095 4350 2192 4388 nec
2224 4350 2298 4389 aes
2323 4336 2373 4388 in
2399 4336 2548 4390 zonis
2576 4336 2772 4391 vestris
2790 4336 3002 4399 “,mtc.
3034 4334 3194 4390 Jubet
3229 4345 3406 4391 autem
3441 4340 3660 4406 proﬁci—

2093 4426 2168 4480 sci
2196 4441 2290 4480 eos
2321 4427 2387 4481 ad
2425 4436 2642 4496 gentem
2702 4428 2986 4481 sublimem
3025 4439 3078 4481 ct
3112 4429 3475 4498 peregrinam,
3512 4440 3567 4484 et
3594 4432 3660 4484 ad

2095 4517 2347 4586 populum
2382 4533 2622 4586 gravent.
2658 4516 2774 4571 Non
2807 4519 2948 4572 enim
2985 4520 3050 4570 ad
3087 4529 3244 4574 notos
3273 4520 3356 4575 vel
3404 4520 3663 4574 domesti-

416 4608 642 4663 Κελεύει
685 4609 741 4662 δέ
780 4609 1103 4680 πορεύεσθαι
1138 4611 1274 4682 πρὸς
1302 4611 1452 4674 ἔθνος
1485 4613 1753 4682 μετέωρον
1779 4613 1869 4666 καὶ
1903 4613 1988 4679 ξέ-

2093 4624 2186 4663 cos
2221 4611 2335 4662 sive
2372 4607 2569 4662 fratres
2596 4609 2968 4672 mittebantur,
3005 4612 3098 4664 sed
3125 4612 3190 4664 ad
3220 4612 3479 4681 quosdam
3515 4627 3662 4679 perc-

416 4713 526 4760 νον,
551 4697 645 4749 καὶ
671 4695 805 4768 πρὸς
838 4695 963 4748 λαὸν
989 4697 1240 4765 χαλεπόν.
1275 4697 1348 4749 Οὐ
1384 4696 1491 4767 γάρ
1516 4698 1651 4767 πρὸς
1681 4697 1990 4768 γνωρίμους

2096 4700 2278 4768 grinos
2320 4701 2530 4769 ignotos
2565 4701 2712 4756 viros
2772 4711 2827 4756 et
2874 4703 3222 4774 alienigenas,
3279 4705 3420 4774 apud
3469 4720 3660 4758 omnes

486 4790 532 4822 ⁸¹
559 4789 750 4844 Matth.
780 4805 835 4853 χ,
858 4788 912 4842 6.
987 4789 1031 4820 ⁸²
1059 4789 1248 4843 Matth.
1274 4805 1464 4854 xxvm,
1499 4790 1583 4845 I9.
1659 4790 1705 4821 ⁸³
1730 4789 1917 4843 Matth.
1941 4807 1995 4857 x,
2032 4789 2085 4844 9.

413 4884 654 4940 breviter
675 4883 958 4945 admonui,
993 4896 1059 4936 ne
1101 4883 1220 4951 quis
1267 4899 1362 4938 nos
1388 4893 1536 4952 putet
1559 4900 1623 4937 ex
1654 4884 1796 4937 illius
1824 4884 1980 4938 fonti-

414 4954 518 5009 bus
553 4963 825 5008 mutuasse
851 4969 971 5022 quae
1001 4952 1412 5022 dicimussnam
1444 4962 1499 5006 et
1529 4956 1580 5007 in
1616 4955 1864 5022 prmsenti
1891 4971 1981 5008 ca-

415 5024 585 5093 pitulo
613 5023 900 5078 adversum
925 5021 1138 5093 Judmos
1167 5021 1664 5093 etHierosolymam
1698 5023 1830 5076 dicit
1858 5039 1982 5092 pro-

417 5091 659 5161 phetiam
689 5093 847 5159 dirigi
883 5108 899 5146 :
939 5094 1099 5162 quod
1126 5092 1178 5146 in
1215 5091 1627 5161 principio’ﬁdei
1655 5091 1980 5148 Christianae

422 5162 488 5214 ad
517 5170 656 5232 totas
683 5175 872 5232 gentes
917 5161 1170 5230 epistolas
1211 5162 1487 5225 miserint,
1537 5177 1602 5217 ne
1643 5163 1981 5232 susciperent

416 5231 723 5304 passionem
753 5231 972 5304 Christi,
1000 5241 1053 5304 et
1079 5232 1323 5286 miserint
1355 5247 1523 5300 usque
1554 5233 1618 5286 ad
1649 5231 1978 5304 EthiOpiam

417 5313 475 5372 et
528 5300 912 5372 occidentalem
982 5302 1228 5372 plagam,
1291 5310 1581 5372 latumque,
1628 5300 1982 5369 orbem'ejus

417 5368 1229 5440 blasphemia},dissemina‘tione
1264 5368 1668 5440 compleverint.
1705 5391 1724 5424 ι
1761 5373 1824 5426 Et
1855 5368 1984 5426 sane

420 5439 561 5507 quod
602 5439 677 5492 ait
705 5438 1078 5514 Ilieronymus
1119 5438 1409 5514 Eusebium
1461 5441 1832 5514 ἁλληγορικῶς
1866 5442 1982 5510 ple-

418 5508 951 5581 rumque_dictorum
997 5525 1214 5566 sensum
1261 5508 1629 5581 interpretari,
1667 5508 1878 5580 'cuique
1906 5514 1984 5566 le—

416 5579 563 5646 genti
596 5577 766 5646 palam
802 5579 942 5639 erit;
972 5582 1112 5646 quod
1141 5596 1268 5636 vero
1299 5577 1452 5647 dicit,
1485 5597 1544 5636 se
1586 5598 1689 5637 non
1719 5577 1980 5636 ex'Euse-

420 5649 492 5702 bii
525 5647 762 5703 fontibus
790 5658 1079 5713 mutuasse,
1117 5650 1184 5705 de
1217 5661 1326 5705 toto
1358 5657 1748 5707 commentario
1778 5651 1979 5708 intelli-

419 5731 551 5788 gas:
585 5718 783 5788 etenim
815 5718 1071 5788 pleraque
1100 5720 1186 5773 ille
1228 5721 1403 5784 atl‘ert,
1430 5735 1548 5788 quae
1571 5722 1834 5776 Eusebius
1863 5721 1982 5774 nul-

419 5787 627 5844 latenus
669 5787 844 5851 attigit
886 5805 900 5848 ;
948 5787 1044 5847 sed
1093 5797 1270 5846 tamen
1315 5787 1480 5847 multa
1527 5807 1592 5848 ex
1644 5791 1790 5849 hisce
1832 5805 1983 5849 com-

2084 4881 2402 4940 mentariis,
2438 4881 2603 4933 etiam
2651 4880 2935 4950 allegorice
2980 4883 3118 4936 dicta
3176 4883 3393 4946 hausit,
3429 4898 3656 4950 quorum

2084 4968 2343 5022 perquam
2385 4951 2659 5004 minimam
2705 4962 2910 5020 partem
2942 4991 2956 5016 ,
2998 4969 3096 5008 nos
3135 4953 3265 5007 hinc
3305 4961 3360 5006 et
3399 4953 3524 5006 inde
3561 4969 3659 5006 no-

2084 5024 2334 5077 lavimus.

2173 5093 2263 5152 22)
2301 5090 2425 5145 Haec
2456 5089 2508 5142 iu
2538 5089 2681 5145 hunc
2712 5091 2888 5146 locum
2940 5091 2997 5147 S.
3037 5092 3400 5160 Hieronymus
3447 5090 3657 5156 habet,

2088 5180 2106 5212 ι
2145 5161 2309 5224 LXX,
2346 5174 2442 5230 pro
2471 5174 2540 5230 eo
2557 5161 2696 5229 quod
2727 5177 2826 5216 nos
2855 5162 3089 5217 diximus
3133 5172 3535 5230 exspectantem,
3563 5177 3657 5213 ea:-

2087 5229 2423 5300 spectantem,
2450 5239 2505 5283 et
2531 5229 2585 5283 iu
2620 5230 2886 5286 IIebraico
2918 5234 3177 5302 scriptum
3201 5229 3304 5294 est,
3337 5241 3656 5302 sperantem,

2091 5298 2423 5371 sperantem,
2472 5315 2502 5353 e
2549 5303 2823 5356 contrario
2884 5298 3217 5371 interpretati
3277 5309 3403 5354 sunt
3431 5298 3653 5353 ἀνέλπι-

2094 5388 2235 5432 στον,
2269 5370 2320 5424 id
2351 5381 2453 5434 est,
2484 5386 2586 5422 non
2611 5382 2926 5434 sperantem.
2961 5370 3036 5425 Et
3056 5374 3123 5426 ob
3153 5373 3291 5424 hanc
3316 5383 3534 5421 causam
3563 5372 3656 5424 de-

2091 5443 2286 5494 derunt
2311 5441 2652 5495 occasionem
2683 5441 2932 5506 Eusebio,
2957 5451 3017 5493 ut
3043 5443 3142 5493 hoc
3171 5441 3236 5493 de
3257 5439 3507 5507 gentibus
3542 5457 3656 5493 ma-

2091 5511 2194 5580 gis,
2224 5524 2342 5578 quae
2371 5525 2467 5564 nec
2491 5525 2638 5578 spem
2667 5511 2920 5569 habeant,
2970 5525 3070 5563 nec
3099 5509 3508 5562 Testamentum
3537 5509 3654 5571 Dei.

2092 5597 2192 5638 nec
2222 5581 2534 5647 prophetas,
2583 5580 2988 5648 intelligendum
3028 5581 3330 5644 putaverit;
3377 5593 3538 5648 quam
3593 5583 3658 5632 de

2089 5648 2287 5704 Judzeis
2315 5667 2328 5702 :
2359 5651 2501 5717 quod
2524 5649 2591 5703 ab
2630 5650 2762 5719 ipsis
2791 5659 2969 5719 postea
3000 5649 3270 5709 ECCICsIJ),
3302 5649 3507 5719 qum__in
3538 5666 3656 5718 spc~

2091 5721 2208 5774 cula
2233 5714 2523 5774 constituta
2549 5714 2823 5784 est,'don'a
2855 5717 3111 5774 mittenda
3138 5719 3266 5784 sint,
3292 5714 3343 5772 ct
3373 5714 3659 5773 oll‘crcn'dw

2094 5791 2326 5846 victima:
2352 5790 2682 5861 spirituales.
2727 5816 2736 5857 ρ
