4118 6420
466 403 575 465 315

1142 399 1407 455 EUSEBII
1445 396 1913 456 CESARIENSIS
1947 403 2099 461 OPP.
2140 402 2322 459 PARS
2357 400 2446 458 111.
2487 429 2555 440 -
2588 396 2996 456 EXEGETICA.

3613 399 3720 456 2l6

471 530 662 592 gentes
693 519 968 587 dispersos
1002 531 1018 570 :
1050 516 1103 570 in
1150 515 1344 586 quibus
1375 529 1505 571 vere
1533 515 1794 572 sublimes
1827 517 2043 587 quidam

2151 521 2246 573 καὶ
2278 519 2412 593 πρὸς
2445 519 2679 582 οἰκείους
2705 518 2864 582 τινὰς
2896 516 2990 572 καὶ
3021 516 3282 586 ἀδελφοὺς
3309 516 3719 585 ἀπεστέλλοντο,

468 623 649 682 erant,
675 613 728 667 in
759 611 904 666 nulla
949 610 1102 664 tirma
1156 625 1214 664 re
1251 608 1640 672 consistentes,
1665 624 1728 663 ac
1757 620 2040 676 errantes,

469 705 562 771 qui
614 703 761 758 omni
811 701 1210 771 superstitionis
1266 709 1431 755 vento
1494 701 2038 756 circumferebantur.

472 795 634 849 Iidem
665 808 828 861 porro
857 809 988 864 gens
1017 794 1198 862 gravis
1229 803 1408 857 erant,
1443 794 1545 863 piae
1571 793 1854 864 religionis
1879 797 2045 849 verbo

472 883 656 937 infesti
690 893 744 938 et
771 885 999 939 inimici.
1035 883 1144 939 llos
1197 894 1373 938 tamen
1407 893 1461 938 ut
1497 883 1695 938 adeant
1727 885 1902 939 nuntii
1949 898 2039 939 ve-

471 976 616 1029 loces
646 977 910 1045 praecipit,
944 991 1007 1032 ac
1038 976 1143 1032 illis
1171 978 1494 1046 prazdiceut,
1535 987 1588 1032 et
1635 991 1811 1048 usque
1842 978 1908 1033 ad
1947 993 2044 1034 ex-

473 1075 642 1120 trema
690 1075 850 1123 terrm
927 1071 1247 1137 pervadant.
1298 1070 1659 1137 Quamobrem
1720 1069 2041 1138 subiungit,

477 1176 497 1208 ι
536 1155 670 1224 Quis
696 1158 838 1212 ultra
865 1158 1058 1214 illum?
1095 1179 1114 1212 ι
1145 1159 1259 1214 sive
1303 1161 1596 1214 secundum
1629 1158 2038 1230 Symmachum,

477 1270 496 1302 ι
529 1249 659 1306 Post
691 1266 855 1321 quem
889 1269 996 1308 non
1027 1262 1111 1307 est
1137 1251 1301 1306 ultra.
1330 1272 1348 1306 ι
1373 1251 1496 1308 Ηαιο
1529 1261 1712 1307 autem
1761 1267 1893 1324 gens
1949 1267 2044 1322 pe-

469 1347 686 1417 regrina
711 1353 766 1400 et
801 1346 1070 1409 sublimis,
1122 1346 1241 1400 sine
1275 1359 1372 1414 spe
1404 1345 1670 1416 degebat;
1707 1345 1779 1399 ita
1813 1353 1873 1398 ut
1901 1344 2046 1400 dicat

468 1438 782 1509 Apostolus,
823 1459 841 1492 ι
869 1439 1096 1494 Eramus
1127 1440 1420 1509 aliquando
1447 1453 1600 1493 suem
1638 1453 1742 1494 non
1785 1439 2046 1495 habentes

467 1541 524 1587 et
555 1533 702 1588 athei
744 1532 798 1586 in
832 1532 1031 1586 mundo
1053 1533 1119 1587 ⁸⁸.
1149 1551 1170 1583 ι

2149 609 2284 663 ἀλλά
2329 609 2466 681 πρός
2504 626 2657 673 τινας
2693 607 3136 678 ἀπεξενωμένους
3171 606 3481 675 ἀγνώστους
3523 607 3723 680 ἄνδρας

2150 701 2245 755 καθ
2272 700 2600 769 ἁλλογενείς,
2633 701 2758 764 τούς
2780 702 2837 753 ἐν
2861 700 2995 752 πᾶσι
3021 701 3134 761 τοῖς
3155 697 3330 752 ἔθνεσι
3349 716 3362 728 ·
3394 701 3451 752 ὲν
3475 694 3557 764 οἷς
3580 695 3722 771 ἦσαν

2155 795 2424 865 μετέωροι
2455 791 2692 864 ἀληθῶς,
2727 793 2819 846 ἐπὶ
2851 792 3017 865 μηδὲν
3045 791 3256 863 ἐδραίου
3299 792 3550 857 ἑστῶτες,
3579 793 3720 846 πλα-

2156 885 2380 958 νώμενοι
2423 886 2518 940 καὶ
2549 885 2966 958 περιφερόμενοι
3008 887 3171 938 παντὶ
3203 884 3388 956 ἀνέμῳ
3425 884 3528 954 τῆς
3557 883 3722 938 πολυ-

2154 977 2277 1032 θέου
2317 979 2544 1050 πλάνης.
2588 979 2650 1031 Οἱ
2681 978 2726 1030 δ’
2759 977 2911 1030 αὐτοὶ
2950 976 3045 1030 καὶ
3093 975 3326 1046 χαλεπὸν
3371 975 3522 1040 ἔθνος
3558 972 3722 1048 ἦσαν,

2150 1070 2360 1141 ἐχθρῶς
2386 1070 2480 1124 καὶ
2512 1070 2784 1150 πολεμίως
2804 1070 3130 1141 διακείμενοι
3150 1070 3287 1138 πρὸς
3307 1069 3397 1122 τὸν
3416 1069 3517 1140 τῆς
3539 1069 3693 1125 θεοσι
3708 1099 3723 1111 ι

2149 1160 2301 1227 ϐείας
2327 1162 2503 1230 λόγον.
2533 1161 2723 1232 Ὅμως
2750 1160 2795 1213 δ’
2821 1156 2914 1214 οῦν
2950 1160 3085 1232 πρὸς
3108 1158 3326 1224 τούτους
3354 1161 3724 1232 παρακελεύε-

2150 1270 2240 1307 ται
2280 1253 2498 1307 ἀπιέναι
2541 1255 2664 1316 τούς
2696 1251 2960 1320 ἀγγέλους
2998 1250 3233 1318 κούφους
3260 1252 3352 1304 καὶ
3378 1251 3589 1316 τούτοις
3619 1270 3722 1325 κη-

2155 1345 2384 1418 ρύττειν,
2423 1344 2717 1399 διαϐαίνειν
2743 1343 2800 1397 δὲ
2849 1345 2942 1397 καὶ
2979 1343 3072 1396 ἐπὶ
3115 1341 3182 1395 τὰ
3216 1342 3425 1414 πέρατα
3467 1343 3566 1415 τῆς
3594 1344 3721 1415 γῆς.

2152 1439 2243 1492 Διὸ
2266 1437 2528 1506 ἐπιλέγει,
2551 1457 2569 1488 ι
2593 1437 2689 1500 Τίς
2711 1436 2874 1491 αὐτοῦ
2896 1436 3183 1498 ἐπέκεινα;
3208 1454 3226 1488 ι
3254 1435 3285 1506 ἦ
3309 1435 3450 1489 κατά
3471 1435 3560 1489 τὸν
3582 1436 3726 1509 Σύμ-

2157 1547 2348 1602 μαχον,
2388 1550 2408 1582 ι
2429 1529 2566 1584 Μεθ’
2595 1529 2654 1582 δν
2689 1529 2789 1582 οὐκ
2833 1527 2976 1581 ἔστιν
3010 1527 3283 1581 ἐπέκεινα.
3315 1547 3334 1581 ι
3371 1527 3540 1582 Τοῦτο
3575 1529 3632 1583 δὲ
3661 1529 3725 1584 τὸ

469 1626 881 1698 ἀπεξενωμένον
923 1629 1018 1681 καὶ
1062 1630 1336 1701 μετέωρον
1383 1629 1557 1696 ἔθνος,
1631 1630 1724 1683 καὶ
1766 1628 2080 1684 ἀνέλπιστον
2117 1623 2211 1698 ἦν’
2275 1628 2351 1692 ὡς
2381 1627 2560 1697 λέγειν
2591 1626 2682 1680 τὸν
2722 1624 3040 1680 Ἀπόστολον
3062 1642 3076 1656 ’
3122 1643 3141 1676 ι
3174 1620 3355 1696 τΗμέν
3396 1643 3498 1679 που
3534 1626 3725 1682 ἐλπίδα

473 1718 548 1790 μὴ
581 1718 814 1789 ἔχοντες,
845 1720 940 1773 καὶ
973 1720 1120 1776 ἄθεοι
1153 1725 1209 1775 ἐν
1237 1722 1315 1794 τῷ
1343 1723 1552 1794 κόσμῳ.
1575 1743 1594 1775 ι

547 1815 710 1870 Vsus.
747 1815 799 1869 5.
835 1833 853 1866 ι
901 1814 1052 1870 Nunc
1086 1815 1306 1872 ﬂumina
1334 1827 1496 1873 terrae
1546 1820 1727 1874 omnia
1771 1831 2043 1892 tamquam

2226 1835 2244 1867 ι
2275 1813 2388 1869 Νῦν
2420 1816 2470 1867 οί
2501 1812 2733 1884 ποταμοὶ
2765 1812 2860 1884 τῆς
2891 1812 2995 1883 γῆς
3024 1811 3222 1875 πάντες
3253 1810 3328 1874 ὡς
3356 1809 3508 1882 χώρα
3538 1827 3725 1865 κατοι-

471 1907 620 1976 regio
652 1907 894 1962 habitata
925 1927 937 1963 :
975 1909 1314 1964 habitabitur
1336 1911 1486 1981 regio
1515 1925 1723 1966 eorum.
1767 1932 1786 1966 ι
1823 1914 2048 1969 Videtur

469 1997 603 2054 mihi
627 1999 994 2065 subiudicare,
1043 1999 1352 2057 ﬂuminibus
1375 2001 1616 2072 quidem,
1649 2005 2045 2061 multitudinem

469 2090 713 2158 gentium
737 2106 855 2159 quae
879 2091 1042 2146 Deum
1069 2093 1363 2162 cognitum:
1385 2102 1512 2148 sunt
1537 2111 1551 2158 ;
1586 2097 1894 2166 regionibus
1921 2114 2047 2153 vero

466 2193 680 2246 earum,
725 2183 984 2238 ecclesias
1039 2202 1053 2238 :
1109 2184 1560 2252 quemadmodum
1613 2188 1756 2241 enim
1800 2191 2046 2255 superius

466 2269 720 2335 ﬂuctibus
781 2275 985 2338 maris,
1037 2275 1405 2345 ﬂuctibusque
1451 2277 1703 2344 turbatis,
1747 2279 2043 2336 inﬁdelium

466 2364 706 2434 gentium
731 2345 916 2419 turbas
939 2364 1307 2434 comparavit;
1343 2366 1422 2420 sic
1453 2375 1507 2419 et
1543 2382 1686 2422 nunc
1716 2366 1893 2423 ﬂuviis
1922 2370 2045 2424 dul-

465 2452 623 2510 cibus
660 2455 979 2526 placideque
1009 2457 1384 2522 manantibus,
1411 2457 1613 2513 Christi
1645 2459 1869 2529 populos
1893 2461 2045 2514 simi-

463 2545 545 2602 les
603 2547 708 2611 ait;
769 2563 867 2615 per
897 2549 1171 2617 regionem
1210 2558 1394 2604 autem
1454 2565 1666 2616 eorum,
1703 2551 1908 2607 indicat
1944 2551 2047 2608 Ec-

467 2638 713 2695 clesiam.
740 2639 884 2696 Olim
908 2656 1037 2712 ergo
1066 2642 1254 2697 isthac
1280 2641 1502 2696 ﬂumina
1538 2642 1842 2700 inhabitata
1867 2656 2043 2712 erant,

467 2741 524 2787 et
546 2746 576 2787 a
601 2731 711 2788 Deo
746 2734 925 2788 aliena
949 2750 965 2793 :
994 2750 1056 2788 ac
1089 2737 1238 2806 regio
1261 2751 1449 2793 eorum
1473 2739 1559 2808 pia
1585 2739 1846 2810 religione
1877 2756 2045 2797 vacua

469 2831 524 2878 et
551 2825 765 2880 deserta
795 2841 810 2889 ;
834 2824 944 2892 iam
971 2839 1102 2880 vero
1133 2841 1232 2897 per
1262 2839 1530 2894 nostram,
1563 2831 1757 2900 inquit,
1789 2832 2048 2902 praedica-

468 2914 700 2981 tionem,
732 2924 1025 2970 memorata
1064 2914 1284 2972 ﬂumina
1313 2920 1541 2990 etregio
1561 2935 1773 2989 eorum,
1814 2923 1867 2977 in
1895 2922 2047 2978 habi-

468 3015 641 3060 tatam
675 3015 872 3063 terram
905 3022 1057 3064 versa
1087 3017 1235 3066 sunt.
1277 3010 1331 3066 Id
1362 3025 1526 3081 porro
1575 3014 1891 3084 procurabit
1942 3015 2047 3073 illis

467 3095 673 3153 Christi
707 3098 919 3168 signum
950 3118 964 3154 :
995 3119 1014 3153 ι
1068 3098 1247 3158 Veluti
1297 3103 1511 3175 signum
1558 3121 1588 3160 a
1641 3117 1825 3163 monte
1866 3107 2045 3164 eleva-

466 3190 635 3246 bitur.
673 3209 692 3243 ι

549 3277 708 3335 Vsus.
734 3281 789 3336 4.
823 3301 842 3334 ι
872 3282 1150 3354 Tanquam
1205 3285 1452 3344 buccinae
1475 3303 1576 3345 vox
1599 3289 1888 3346 audietur:
1922 3293 2047 3363 quia

469 3370 548 3427 sic
581 3372 718 3427 dixit
761 3373 1024 3432 Dominus
1071 3377 1203 3430 mihi
1231 3393 1247 3432 :
1278 3376 1556 3437 Securitas
1599 3382 1707 3437 erit
1739 3384 1791 3437 in
1823 3399 1938 3440 mea
1971 3385 2051 3441 ci-

465 3464 659 3519 vitate.
692 3484 712 3518 ι
748 3463 1013 3524 Praedicta
1073 3470 1224 3540 regio
1269 3486 1390 3526 mea
1438 3471 1653 3528 Domini
1713 3475 1903 3532 civitas
1927 3486 2046 3533 est:

468 3565 640 3621 quare
675 3555 946 3610 securitas
979 3557 1032 3610 in
1067 3571 1131 3613 ea
1161 3559 1288 3623 erit,
1343 3567 1534 3630 utpote
1564 3564 1905 3618 custodiente
1938 3581 2044 3630 me,

467 3652 523 3700 et
552 3645 793 3715 undique
817 3646 963 3702 illam
993 3657 1236 3716 tutante;
1266 3649 1342 3705 ita
1377 3650 1575 3721 utiure
1599 3651 1666 3706 de
1693 3652 1782 3708 illa
1814 3654 2045 3723 dicatur,

473 3731 764 3792 (Gloriosa
785 3738 926 3793 dicta
949 3749 1077 3795 sunt
1109 3741 1176 3796 de
1199 3749 1272 3806 te,
1296 3741 1489 3799 civitas
1519 3742 1610 3798 Dei
1634 3744 1679 3776 ⁸⁸
1706 3763 1720 3811 ;
1749 3764 1768 3798 ι
1792 3755 1846 3800 ει
1873 3764 1891 3796 ι
1917 3745 2048 3801 Flu-

467 3828 635 3884 minis
675 3830 909 3900 impetus
960 3830 1242 3888 laetiﬁcant
1289 3835 1568 3891 civitatem
1602 3837 1715 3892 Dei.
1751 3835 1928 3894 Veluti
1957 3839 2049 3894 lux

466 3929 634 3975 aestus
671 3923 981 3988 meridiani,
1012 3933 1067 3978 et
1102 3933 1165 3980 ut
1197 3927 1372 3982 nubes
1405 3928 1547 3983 roris
1577 3928 1681 3984 diei
1715 3931 1908 3986 messis
1940 3930 2041 3984 ³⁸.»

470 4011 550 4062 Ab
578 4009 886 4077 huiusmodi
910 4013 1054 4078 luce,
1080 4029 1204 4084 quae
1229 4016 1387 4084 quasi
1427 4027 1591 4073 aestus
1631 4021 1966 4076 meridianus
1989 4022 2043 4075 in

467 4099 691 4156 civitate
718 4118 836 4157 mea
874 4103 1187 4174 effunditur,
1230 4108 1383 4175 nihil,
1426 4109 1620 4179 inquit,
1674 4111 1882 4166 civitati
1917 4127 2049 4168 mea:

468 4192 655 4247 damni
686 4194 944 4262 infertur,
978 4212 1155 4268 neque
1180 4198 1334 4254 dolor
1365 4200 1432 4256 iis
1467 4202 1560 4272 qui
1597 4202 1903 4272 huiusmodi
1931 4203 2050 4259 luce

462 4283 889 4354 perfunduntur.
908 4289 1022 4349 Lux
1047 4292 1213 4361 igitur
1234 4291 1342 4357 illa,
1366 4304 1449 4349 est
1471 4295 1642 4364 ipsum
1667 4296 1761 4351 Dei
1787 4297 2044 4366 Verbum,

463 4382 607 4447 quod
632 4381 930 4438 Ecclesiam
959 4385 1077 4457 eius
1104 4402 1322 4456 semper
1346 4388 1648 4459 illuminat;
1677 4392 1846 4449 nubes
1867 4404 2045 4449 autem

2150 1905 2418 1978 κουμένη·
2455 1903 2930 1975 κατοικισθήσεται
2975 1905 3008 1974 ἡ
3043 1900 3198 1972 χώρα
3239 1901 3438 1956 αὐτῶν.
3471 1921 3490 1953 ι
3547 1902 3726 1955 Αίνίτ-

2147 1997 2335 2052 τεσθαι
2386 1997 2443 2051 δὲ
2476 1996 2564 2050 διὰ
2609 1996 2814 2049 τούτων
2869 2011 2957 2065 μοι
2988 1994 3134 2047 δοκεῖ
3183 1994 3462 2064 ποταμοὺς
3515 1993 3613 2064 μὲν
3657 1993 3727 2048 τά

2148 2088 2327 2161 πλήθη
2352 2087 2458 2142 τῶν
2482 2088 2573 2142 τὸν
2603 2087 2734 2141 Θεὸν
2766 2085 3215 2156 ἐπιγνωσομένων
3243 2084 3386 2138 λαῶν
3406 2101 3419 2114 ·
3451 2082 3634 2155 χώρας
3667 2083 3727 2140 δέ

2153 2179 2334 2233 αὐτῶν
2389 2179 2490 2242 τὰς
2539 2177 2857 2249 ἐκκλησίας·
2909 2177 2984 2240 ὡς
3065 2175 3174 2247 γὰρ
3216 2175 3471 2248 ἀνωτέρω
3518 2174 3726 2246 κύμασι

2148 2271 2445 2342 θαλάσσης,
2477 2271 2570 2324 καὶ
2599 2270 2805 2340 κύμασι
2837 2269 3270 2339 τεταραγμένοις
3303 2268 3373 2323 τά
3402 2269 3578 2340 πλήθη
3618 2268 3727 2322 τῶν

2146 2365 2391 2419 ἀπίστων
2437 2362 2605 2418 ἐθνῶν
2646 2362 2972 2434 παρέϐαλεν,
3005 2361 3148 2415 οὕτω
3178 2361 3272 2414 νῦν
3306 2364 3569 2432 ποταμοῖς
3598 2361 3728 2430 γλυ-

2146 2457 2268 2510 κέσι
2311 2459 2403 2511 καὶ
2445 2454 2720 2520 εὐσταθῶς
2763 2454 3100 2526 κινουμένοις
3143 2456 3266 2518 τούς
3299 2452 3534 2526 Χριστοῦ
3561 2453 3727 2518 λαοὺς

2146 2553 2419 2623 ἀφομοιοῖ,
2469 2550 2654 2624 χώραν
2701 2550 2879 2604 αὐτῶν
2934 2549 3179 2622 δηλώσας
3218 2550 3318 2622 τὴν
3375 2548 3722 2621 Ἐκκλησίαν.

2147 2645 2322 2702 Πάλαι
2369 2645 2466 2717 μὲν
2510 2640 2601 2698 οῦν
2639 2640 2779 2716 ἦσαν
2811 2645 2860 2697 οί
2895 2644 3127 2714 ποταμοὶ
3156 2636 3300 2696 οὗτοι
3332 2640 3592 2710 ἀοίκητοι,
3629 2640 3724 2695 καὶ

2148 2737 2416 2810 ἀλλότριοι
2443 2734 2600 2801 Θεοῦ,
2624 2735 2659 2806 ἦ
2685 2752 2742 2788 τε
2770 2733 2925 2806 χώρα
2947 2733 3125 2788 αὐτῶν
3152 2733 3355 2806 ἔρημος
3382 2731 3688 2796 θεοσεϐείας
3705 2747 3722 2764 ·

2149 2831 2264 2884 νυνὶ
2306 2830 2364 2883 δὲ
2417 2829 2506 2883 διὰ
2563 2827 2657 2882 τοῦ
2701 2827 2992 2900 ἡμετέρου,
3045 2827 3204 2898 φησι,
3255 2824 3626 2897 κηρύγματος,
3674 2824 3726 2878 οἱ

2147 2923 2475 2997 δηλωθέντες
2508 2921 2741 2993 ποταμοὶ
2773 2921 2867 2974 καὶ
2895 2921 2928 2990 ἡ
2963 2917 3117 2990 χώρα
3149 2918 3327 2972 αὐτῶν
3365 2919 3444 2981 είς
3475 2914 3727 2987 οἰκουμέ-

2148 3035 2248 3090 νην
2274 3015 2409 3069 ἐστί.
2435 3012 2764 3086 Προξενήσει
2792 3012 2849 3066 δὲ
2881 3011 3038 3066 τοῦτο
3067 3011 3249 3075 αὐτοῖς
3271 3010 3330 3063 τὸ
3364 3008 3456 3064 τοῦ
3487 3007 3725 3082 Χριστοῦ

2151 3109 2403 3180 σημεῖονο
2440 3124 2459 3157 ι
2493 3105 2639 3159 Ὠσελ⁵
2669 3107 2892 3176 σημεῖον
2921 3104 3029 3158 ἀπὸ
3065 3103 3226 3176 ὅρους
3263 3100 3421 3175 ἀρθῇ.
3454 3120 3473 3154 ι

2224 3305 2244 3338 ι
2282 3286 2370 3348 Ὠς
2403 3284 2702 3353 σάλπιγγος
2753 3283 2905 3355 φωνὴ
2957 3282 3215 3338 ἀκουστὸν
3248 3283 3434 3337 ἔσται’
3469 3281 3603 3336 διότι
3634 3281 3723 3336 οὐ·

2147 3395 2256 3442 τως
2293 3373 2414 3432 εἶπε
2459 3375 2663 3448 Κύριός
2706 3393 2826 3448 μοι·
2871 3375 3163 3446 ’Λσφάλεια
3209 3375 3359 3428 ἔσται
3398 3376 3457 3428 ἐν
3495 3377 3562 3446 τῇ
3616 3374 3724 3447 ἐμῇ

2111 3471 2320 3524 ’πόλει.
2346 3489 2364 3522 ι
2423 3471 2488 3522 Ἦ
2529 3469 2586 3523 δὲ
2632 3468 2985 3542 προλεχθεῖσα
3029 3467 3180 3540 χώρα
3232 3468 3337 3540 ἐμὴ
3385 3467 3478 3521 τοῦ
3520 3467 3726 3538 Κυρίου

2149 3562 2266 3616 ἐστὶ
2291 3562 2474 3626 πόλις·
2512 3561 2594 3615 διὸ
2622 3560 2890 3630 ἀσφάλεια
2924 3561 3076 3615 ἐσται
3107 3562 3164 3613 ἐν
3198 3561 3354 3632 αὐτῇ,
3385 3559 3460 3624 ὡς
3497 3558 3562 3613 ἂν
3590 3558 3724 3630 ἐμοῦ

2148 3653 2504 3724 φυλάττοντος
2542 3655 2634 3708 καὶ
2681 3652 3012 3726 πανταχόθεν
3048 3651 3216 3724 αὐτὴν
3258 3652 3722 3724 ἀσφαλιζομένουο

2148 3746 2289 3801 ὥστε
2321 3748 2544 3811 εἰκότως
2601 3745 2728 3818 περὶ
2774 3745 2944 3816 αὐτῆς
2987 3744 3270 3816 λέγεσθαιο
3309 3765 3327 3797 ι
3351 3744 3726 3817 Δεδοξασμένα

2149 3838 2381 3910 ἐλαλήθη
2419 3838 2546 3910 περὶ
2579 3836 2694 3904 σοῦ,
2730 3839 2764 3912 ή
2820 3837 2972 3902 πόλις
3020 3836 3113 3890 τοῦ
3161 3835 3316 3902 Θεοῦ,
3352 3857 3369 3889 ι
3406 3837 3528 3890 καὶ·
3573 3856 3590 3888 ι
3617 3835 3726 3889 Τοῦ

2149 3930 2395 4002 ποταμοῦ
2442 3930 2511 3984 τὰ
2556 3931 2855 4002 όρμήματα
2898 3930 3248 4001 εὐφραίνουσι
3284 3930 3385 4002 τὴν
3424 3928 3580 3983 πόλιν
3630 3928 3726 3983 τοῦ

2148 4021 2304 4076 Θεοῦ.
2339 4022 2426 4084 Ὠς
2456 4020 2570 4092 φῶς
2602 4020 2879 4092 καύματος
2909 4021 3274 4094 μεσημϐρίας,
3296 4021 3388 4074 καὶ
3421 4021 3496 4084 ὡς
3527 4019 3725 4092 νεφέλαι

2147 4113 2338 4186 δρόσου
2397 4114 2609 4187 ἡμέρας
2661 4113 2892 4185 ἀμητοῦ.
2920 4134 2938 4166 ι
2992 4114 3246 4168 Τοιούτου
3299 4113 3355 4168 δὲ
3407 4111 3582 4184 φωτὸς
3630 4111 3726 4168 καὶ

2148 4204 2336 4279 ὥσπερ
2369 4207 2648 4275 καύματος
2698 4205 3070 4276 μεσημϐρινοῦ
3101 4205 3392 4276 γενομένου
3427 4206 3484 4258 ἐν
3517 4206 3582 4276 τῇ
3618 4205 3724 4277 ἐμῇ

2149 4299 2320 4366 πόλει,
2369 4299 2468 4352 οὐκ
2515 4297 2650 4362 ἔστι,
2696 4299 2850 4371 φησι,
2905 4297 3097 4370 βλάϐη,
3132 4297 3249 4350 οὐδὲ
3288 4296 3431 4368 λύπη
3476 4299 3586 4362 τοῖς
3622 4295 3726 4350 ὑπὸ

2145 4390 2372 4462 τοιούτῳ
2405 4389 2543 4459 φωτὶ
2577 4389 3094 4462 καταυγαζομένοις.
3143 4389 3260 4452 Φῶς
3298 4389 3394 4460 μὲν
3435 4384 3527 4442 οῦν
3568 4387 3726 4452 αὐτός

465 4475 632 4538 roris,
663 4475 900 4546 Spiritus
920 4490 1165 4548 sanctus,
1183 4481 1275 4550 qui
1301 4497 1607 4552 supremam
1632 4486 1894 4557 unigeniti
1920 4485 2042 4545 Filii

2150 4483 2296 4537 ἐστιν
2326 4485 2354 4536 ό
2379 4481 2471 4536 τοῦ
2501 4480 2635 4534 Θεοῦ
2667 4481 2856 4550 Λόγος,
2885 4483 2914 4534 ό
2941 4479 3038 4552 τὴν
3065 4481 3389 4552 Ἐκκλησίαν
3415 4479 3578 4534 αὐτοῦ
3608 4479 3724 4534 δια-

465 4563 561 4624 Dei
611 4567 956 4640 theologiam,
995 4572 1084 4639 iis,
1139 4576 1232 4644 qui
1264 4590 1385 4630 eam
1436 4591 1635 4648 capere
1688 4592 1794 4632 non
1823 4577 2044 4645 valent,

466 4658 794 4715 tnlumbrate
835 4662 1026 4730 tradit,
1061 4674 1122 4719 ut
1159 4677 1578 4738 attemperatum
1615 4669 1893 4739 quidpiam
1926 4669 2042 4726 eili-

463 4750 663 4814 ciatur,
679 4748 842 4805 altam
862 4762 918 4807 et
939 4767 1206 4810 summam
1228 4758 1294 4813 de
1308 4757 1526 4813 Christo
1546 4758 1874 4830 theologiam
1901 4775 2046 4815 com-

465 4839 746 4908 plectens;
777 4841 939 4912 idque
963 4859 1030 4899 ex
1057 4861 1279 4903 accessu
1326 4849 1606 4916 cujusdam
1658 4850 1815 4905 nubis
1866 4850 2040 4907 sancti

463 4931 722 5001 Spiritus.
755 4933 882 4991 Haec
918 4951 1083 5006 porro
1112 4949 1237 4994 ante
1267 4955 1498 4996 messem
1537 4940 1718 4996 futura
1753 4943 2040 5011 praedicit:

465 5025 570 5089 hac
615 5026 827 5082 ratione
866 5028 1072 5087 fructus
1103 5031 1156 5087 in
1188 5031 1429 5089 Ecclesia
1460 5033 1550 5087 Dei
1585 5034 1911 5104 pulluléntes
1964 5036 2042 5090 si-

461 5120 756 5189 gniﬁcans,
791 5123 880 5191 qui
920 5124 1096 5179 instar
1124 5127 1398 5196 spicarum
1423 5125 1812 5184 elllorescunt:
1849 5143 1954 5196 qua
1978 5128 2043 5181 de

459 5229 518 5266 re
547 5215 800 5284 superius
836 5217 880 5248 ⁸⁷
916 5218 1029 5273 haec
1058 5219 1396 5284 declarabat,
1437 5240 1456 5274 ι
1495 5220 1563 5274 Ει
1592 5219 1920 5275 laetabuntur
1951 5235 2044 5275 co~

459 5320 575 5367 ram
614 5317 686 5373 te,
714 5306 857 5362 sicut
895 5310 987 5378 qui
1025 5311 1278 5365 laetantur
1315 5312 1366 5365 in
1401 5327 1596 5366 inesse.
1638 5329 1656 5362 ι
1691 5311 1758 5364 Et
1791 5310 2043 5366 Salvator

457 5396 710 5451 similiter
749 5414 873 5452 cum
933 5397 1162 5464 diceret,
1199 5420 1218 5453 ι
1247 5400 1451 5456 Levate
1499 5403 1685 5457 oculos
1727 5413 1954 5467 vestros,
1986 5409 2041 5456 et

457 5487 635 5542 videte
661 5504 843 5558 agros,
874 5493 1133 5560 quoniam
1197 5492 1303 5548 albi
1353 5504 1483 5549 sunt
1533 5497 1602 5550 ad
1654 5494 1975 5554 messem”-
2014 5513 2033 5545 ι

453 5576 575 5635 Erit
604 5579 786 5648 itaque
835 5582 926 5637 lux
957 5583 1262 5640 divinitatis
1312 5585 1503 5652 Verbi,
1540 5589 1592 5641 in
1639 5589 1758 5658 ejus
1791 5588 2036 5652 civitate,

454 5683 562 5725 non
594 5677 894 5740 temperata
920 5675 1072 5744 quasi
1098 5676 1286 5747 vigens
1308 5687 1366 5732 et
1392 5678 1725 5748 meridiana;
1757 5680 1883 5751 quia
1910 5692 2038 5734 vero

2152 4573 2354 4638 παντὸς
2399 4573 2681 4643 φωτίζωνο
2733 4571 2928 4643 νεφέλη
2966 4571 3022 4626 δὲ
3071 4572 3260 4644 δρόσου
3306 4572 3366 4627 τὸ
3410 4571 3633 4644 Πνεῦμα
3664 4571 3725 4625 τὸ

2154 4665 2328 4736 ἆγιον,
2365 4665 2426 4718 τὺ
2457 4664 2556 4737 τὴν
2597 4663 2772 4736 ἄκραν
2791 4663 3066 4733 θεολογίαν
3110 4664 3203 4717 τοῦ
3242 4663 3564 4736 μονογενοῦς
3593 4662 3724 4717 Υίοῦ

2142 4758 2236 4812 τοῦ
2267 4757 2402 4812 Θεοῦ
2429 4760 2539 4821 τοῖς
2563 4755 2638 4828 μὴ
2673 4757 2806 4821 οἵοις
2835 4775 2893 4811 τε
2931 4759 3104 4832 αὐτὴν
3147 4760 3342 4829 χωρεῖν
3387 4755 3724 4825 ἐπισκιάζον,

2143 4850 2219 4914 ὠς
2252 4849 2592 4922 κεκραμένον
2623 4850 3000 4908 ἀποτελεῖσθαί
3042 4868 3094 4904 τι
3129 4851 3261 4904 πολύ
3295 4849 3388 4904 καὶ
3428 4851 3725 4924 ἀκρότατον

2139 4947 2237 5014 τῆς
2266 4943 2392 5018 περὶ
2420 4941 2654 5016 Χριστοῦ
2690 4943 2982 5012 Θεολογίας,
3000 4943 3086 4997 διὰ
3115 4945 3212 5014 τὴν
3243 4941 3336 4996 τοῦ
3369 4931 3524 5013 ἁγίου
3557 4941 3723 4996 Πνεύ-

2150 5051 2318 5105 ματος
2376 5034 2615 5107 ὡσπερεί
2647 5051 2792 5098 τινος
2814 5034 3041 5107 νεφέλης
3064 5034 3394 5105 ὑποδρομὴν.
3423 5034 3533 5086 Καὶ
3554 5032 3724 5088 ταῦτα

2145 5125 2364 5185 ἔσεσθαί
2408 5143 2540 5200 φησι
2576 5126 2682 5200 πρὸ
2714 5125 2806 5180 τοῦ
2853 5124 3151 5198 θερισμοῦ·
3187 5125 3373 5178 τοῦτον
3416 5124 3590 5197 δηλῶν
3632 5123 3725 5178 τὸν

2144 5221 2346 5290 τρόπον
2385 5219 2485 5283 τὰς
2518 5221 2575 5274 ἐν
2610 5223 2728 5284 ταῖς
2787 5218 3104 5290 ἐκκλησίαις
3143 5218 3233 5272 τοῦ
3270 5217 3404 5272 Θεοῦ
3446 5233 3724 5290 καρποφοο

2146 5310 2287 5380 ρίας,
2318 5311 2472 5381 δίκην
2507 5311 2753 5383 σταχύων
2785 5309 3077 5374 ἀνθούσας·
3115 5311 3241 5381 περὶ
3269 5304 3331 5364 οὐ
3354 5311 3445 5363 καὶ
3470 5309 3726 5380 ἀνωτέρω

2144 5402 2330 5473 ἐδήλου
2360 5403 2533 5473 λέγων
2553 5421 2565 5434 ·
2592 5423 2610 5456 ι
2645 5402 2749 5458 Καὶ
2780 5402 3239 5473 εὐφρανθήσονται
3259 5400 3485 5455 ἐνώπιόν
3518 5400 3724 5465 σου,ώς

2140 5494 2189 5548 oi
2216 5494 2631 5568 εὐφραινόμενοι
2683 5498 2740 5548 ἐν
2789 5492 3005 5568 ἀμητῷ.
3040 5513 3059 5547 ι
3111 5494 3222 5548 Καὶ
3253 5497 3280 5548 ό
3309 5495 3500 5566 Σωτὴρ
3525 5492 3724 5566 ὁμοίως

2138 5585 2205 5645 δι’
2229 5578 2304 5640 ὧν
2331 5587 2516 5656 ἔλεγεν
2540 5605 2552 5617 ·
2589 5606 2607 5638 ι
2647 5586 2918 5658 Ἐπάρατε
2942 5587 3068 5650 τούς
3095 5585 3407 5658 ὀφθαλμοὺς
3436 5587 3464 5638 ὐ
3474 5586 3609 5656 μῶν,
3631 5585 3724 5638 καὶ

2142 5675 2278 5730 ίδετε
2327 5677 2425 5741 τὰς
2459 5676 2664 5748 χώρας,
2709 5677 2790 5730 ὅτι
2831 5675 3017 5731 λευκαί
3073 5679 3176 5731 είσι
3227 5676 3362 5747 πρὸς
3396 5675 3672 5749 θερισμόν.
3700 5683 3753 5762 ιῖ

524 5847 788 5922 "Ephes.
819 5868 878 5922 ιι,
911 5855 1029 5932 12.⁸
1068 5857 1112 5890 ⁸⁸
1145 5857 1285 5916 Psal.
1319 5875 1542 5929 Lxxxw,
1565 5860 1616 5919 3.
1685 5861 1740 5944 fl“
1771 5860 1911 5917 Psal.
1953 5876 2072 5933 xcv,
2096 5861 2149 5918 5.
2225 5861 2273 5942 ἷζ-
2299 5861 2431 5931 Cap.
2460 5875 2535 5928 rx,
2561 5874 2700 5919 vers.
2725 5859 2780 5916 5.
2849 5861 2894 5895 ”
2935 5859 3087 5918 .loan.
3121 5877 3188 5926 tv,
3243 5861 3332 5918 35.
