  <div class='ocr_page' id='page_1' title='image "/cluster/home/n/w/nwhite01/storage/ocr_20150623/24:no.6/coo.31924054873058/122.png"; bbox 0 0 4118 6420; ppageno 0'>
   <div class='ocr_carea' id='block_1_1' title="bbox 412 409 517 465">
    <p class='ocr_par' dir='ltr' id='par_1_1' title="bbox 412 409 517 465">
     <span class='ocr_line' id='line_1_1' title="bbox 412 409 517 465; baseline -0.029 0"><span class='ocrx_word' id='word_1_1' title='bbox 412 409 517 465; x_wconf 61' lang='grc'><strong>217</strong></span> 
     </span>
    </p>
   </div>
   <div class='ocr_carea' id='block_1_2' title="bbox 1354 404 2782 476">
    <p class='ocr_par' dir='ltr' id='par_1_2' title="bbox 1354 404 2782 476">
     <span class='ocr_line' id='line_1_2' title="bbox 1354 404 2782 476; baseline 0.002 -3"><span class='ocrx_word' id='word_1_2' title='bbox 1354 414 1858 473; x_wconf 74' lang='lat' dir='ltr'><strong>COMMENTARIA</strong></span> <span class='ocrx_word' id='word_1_3' title='bbox 1894 415 1961 469; x_wconf 82' lang='lat' dir='ltr'><strong>IN</strong></span> <span class='ocrx_word' id='word_1_4' title='bbox 2002 404 2257 471; x_wconf 60' lang='lat' dir='ltr'><strong>issisti.</strong></span> <span class='ocrx_word' id='word_1_5' title='bbox 2295 449 2356 461; x_wconf 80' lang='grc'><strong><em>-</em></strong></span> <span class='ocrx_word' id='word_1_6' title='bbox 2398 418 2549 473; x_wconf 85' lang='lat' dir='ltr'><strong>CAP.</strong></span> <span class='ocrx_word' id='word_1_7' title='bbox 2593 418 2782 476; x_wconf 82' lang='lat' dir='ltr'><strong>xvm.</strong></span> 
     </span>
    </p>
   </div>
   <div class='ocr_carea' id='block_1_3' title="bbox 3538 424 3643 494">
    <p class='ocr_par' dir='ltr' id='par_1_3' title="bbox 3538 424 3643 494">
     <span class='ocr_line' id='line_1_3' title="bbox 3538 424 3643 494; baseline 0.019 -14"><span class='ocrx_word' id='word_1_8' title='bbox 3538 424 3643 494; x_wconf 66' lang='grc' dir='ltr'>εει</span> 
     </span>
    </p>
   </div>
   <div class='ocr_carea' id='block_1_4' title="bbox 416 526 1952 605">
    <p class='ocr_par' dir='ltr' id='par_1_4' title="bbox 416 526 1952 601">
     <span class='ocr_line' id='line_1_4' title="bbox 416 526 1952 601; baseline 0.004 -24"><span class='ocrx_word' id='word_1_9' title='bbox 416 526 607 578; x_wconf 83' lang='grc' dir='ltr'>Ἔσται</span> <span class='ocrx_word' id='word_1_10' title='bbox 658 526 834 578; x_wconf 82' lang='grc' dir='ltr'>τοίνυν</span> <span class='ocrx_word' id='word_1_11' title='bbox 866 527 924 579; x_wconf 84' lang='grc' dir='ltr'><strong>τὸ</strong></span> <span class='ocrx_word' id='word_1_12' title='bbox 959 529 1055 597; x_wconf 81' lang='grc' dir='ltr'>μὲν</span> <span class='ocrx_word' id='word_1_13' title='bbox 1086 546 1198 597; x_wconf 88' lang='grc' dir='ltr'><strong>φως</strong></span> <span class='ocrx_word' id='word_1_14' title='bbox 1247 531 1345 601; x_wconf 89' lang='grc' dir='ltr'><strong>τῆς</strong></span> <span class='ocrx_word' id='word_1_15' title='bbox 1387 532 1639 601; x_wconf 81' lang='grc' dir='ltr'><strong>θεότητος</strong></span> <span class='ocrx_word' id='word_1_16' title='bbox 1684 531 1778 583; x_wconf 88' lang='grc' dir='ltr'><strong>τοῦ</strong></span> <span class='ocrx_word' id='word_1_17' title='bbox 1809 531 1952 599; x_wconf 57' lang='grc' dir='ltr'>Λόγοι</span> 
     </span>
    </p>
   </div>
   <div class='ocr_carea' id='block_1_5' title="bbox 2054 526 3643 605">
    <p class='ocr_par' dir='ltr' id='par_1_5' title="bbox 2085 532 3643 605">
     <span class='ocr_line' id='line_1_5' title="bbox 2085 532 3643 605; baseline 0.006 -21"><span class='ocrx_word' id='word_1_18' title='bbox 2085 532 2152 585; x_wconf 90' lang='lat' dir='ltr'><strong>ab</strong></span> <span class='ocrx_word' id='word_1_19' title='bbox 2177 533 2483 586; x_wconf 87' lang='lat' dir='ltr'><strong>hominibus</strong></span> <span class='ocrx_word' id='word_1_20' title='bbox 2516 534 2633 602; x_wconf 89' lang='lat' dir='ltr'><strong>capi</strong></span> <span class='ocrx_word' id='word_1_21' title='bbox 2666 532 2875 602; x_wconf 80' lang='lat' dir='ltr'><strong>nequit,</strong></span> <span class='ocrx_word' id='word_1_22' title='bbox 2917 533 3260 589; x_wconf 87' lang='lat' dir='ltr'><strong>intercedens</strong></span> <span class='ocrx_word' id='word_1_23' title='bbox 3285 535 3460 589; x_wconf 86' lang='lat' dir='ltr'><strong>media</strong></span> <span class='ocrx_word' id='word_1_24' title='bbox 3495 550 3643 605; x_wconf 76' lang='lat' dir='ltr'><strong>qum-</strong></span> 
     </span>
    </p>
   </div>
   <div class='ocr_carea' id='block_1_6' title="bbox 410 610 1976 696">
    <p class='ocr_par' dir='ltr' id='par_1_6' title="bbox 410 610 1976 696">
     <span class='ocr_line' id='line_1_6' title="bbox 410 610 1976 696; baseline 0.003 -23"><span class='ocrx_word' id='word_1_25' title='bbox 410 620 645 688; x_wconf 81' lang='grc' dir='ltr'>ἄκρατον</span> <span class='ocrx_word' id='word_1_26' title='bbox 675 618 860 690; x_wconf 84' lang='grc' dir='ltr'>ὥσπερ</span> <span class='ocrx_word' id='word_1_27' title='bbox 904 622 1137 691; x_wconf 84' lang='grc' dir='ltr'>ἀκμαῖον</span> <span class='ocrx_word' id='word_1_28' title='bbox 1171 626 1263 676; x_wconf 78' lang='grc' dir='ltr'><strong>καὶ</strong></span> <span class='ocrx_word' id='word_1_29' title='bbox 1300 610 1664 696; x_wconf 74' lang='grc' dir='ltr'>μεσημϐρινὸν</span> <span class='ocrx_word' id='word_1_30' title='bbox 1694 627 1751 677; x_wconf 82' lang='grc' dir='ltr'>ὲν</span> <span class='ocrx_word' id='word_1_31' title='bbox 1788 628 1852 695; x_wconf 82' lang='grc' dir='ltr'>τῇ</span> <span class='ocrx_word' id='word_1_32' title='bbox 1883 625 1976 677; x_wconf 83' lang='grc' dir='ltr'>αὐ-</span> 
     </span>
    </p>
   </div>
   <div class='ocr_carea' id='block_1_7' title="bbox 408 708 1975 787">
    <p class='ocr_par' dir='ltr' id='par_1_7' title="bbox 408 708 1975 787">
     <span class='ocr_line' id='line_1_7' title="bbox 408 708 1975 787; baseline 0.005 -27"><span class='ocrx_word' id='word_1_33' title='bbox 408 709 501 760; x_wconf 87' lang='grc' dir='ltr'><strong>τοῦ</strong></span> <span class='ocrx_word' id='word_1_34' title='bbox 531 708 709 761; x_wconf 80' lang='grc' dir='ltr'>πόλει’</span> <span class='ocrx_word' id='word_1_35' title='bbox 743 710 829 762; x_wconf 84' lang='grc' dir='ltr'>διὰ</span> <span class='ocrx_word' id='word_1_36' title='bbox 856 711 911 762; x_wconf 85' lang='grc' dir='ltr'>δὲ</span> <span class='ocrx_word' id='word_1_37' title='bbox 942 712 1003 763; x_wconf 86' lang='grc' dir='ltr'>τὸ</span> <span class='ocrx_word' id='word_1_38' title='bbox 1036 713 1108 783; x_wconf 82' lang='grc' dir='ltr'>μὴ</span> <span class='ocrx_word' id='word_1_39' title='bbox 1140 716 1451 787; x_wconf 87' lang='grc' dir='ltr'>χωρηθῆναι</span> <span class='ocrx_word' id='word_1_40' title='bbox 1480 717 1610 769; x_wconf 80' lang='grc' dir='ltr'>αὐτὸ</span> <span class='ocrx_word' id='word_1_41' title='bbox 1637 716 1741 769; x_wconf 86' lang='grc' dir='ltr'><strong>ὑπὸ</strong></span> <span class='ocrx_word' id='word_1_42' title='bbox 1768 715 1975 787; x_wconf 83' lang='grc' dir='ltr'>ἀνθρὼ-</span> 
     </span>
    </p>
   </div>
   <div class='ocr_carea' id='block_1_8' title="bbox 410 800 1973 877">
    <p class='ocr_par' dir='ltr' id='par_1_8' title="bbox 410 800 1973 877">
     <span class='ocr_line' id='line_1_8' title="bbox 410 800 1973 877; baseline 0.004 -26"><span class='ocrx_word' id='word_1_43' title='bbox 410 816 543 865; x_wconf 89' lang='grc' dir='ltr'>πων,</span> <span class='ocrx_word' id='word_1_44' title='bbox 577 800 716 871; x_wconf 86' lang='grc' dir='ltr'><strong>μέση</strong></span> <span class='ocrx_word' id='word_1_45' title='bbox 745 800 1025 857; x_wconf 81' lang='grc' dir='ltr'>διελθοῦσα</span> <span class='ocrx_word' id='word_1_46' title='bbox 1054 805 1086 874; x_wconf 85' lang='grc' dir='ltr'>ὴ</span> <span class='ocrx_word' id='word_1_47' title='bbox 1115 804 1308 877; x_wconf 79' lang='grc' dir='ltr'><strong>νεφέλη</strong></span> <span class='ocrx_word' id='word_1_48' title='bbox 1333 808 1427 859; x_wconf 90' lang='grc' dir='ltr'><strong>τοῦ</strong></span> <span class='ocrx_word' id='word_1_49' title='bbox 1461 807 1615 875; x_wconf 84' lang='grc' dir='ltr'>ἁγίου</span> <span class='ocrx_word' id='word_1_50' title='bbox 1638 806 1973 876; x_wconf 85' lang='grc' dir='ltr'>Πνεύματος,</span> 
     </span>
    </p>
   </div>
   <div class='ocr_carea' id='block_1_9' title="bbox 407 891 1974 970">
    <p class='ocr_par' dir='ltr' id='par_1_9' title="bbox 407 891 1974 970">
     <span class='ocr_line' id='line_1_9' title="bbox 407 891 1974 970; baseline 0.003 -27"><span class='ocrx_word' id='word_1_51' title='bbox 407 891 596 962; x_wconf 82' lang='grc' dir='ltr'><strong>δρόσου</strong></span> <span class='ocrx_word' id='word_1_52' title='bbox 644 892 912 962; x_wconf 78' lang='grc' dir='ltr'><strong>ἔμπλεως,</strong></span> <span class='ocrx_word' id='word_1_53' title='bbox 959 896 1264 951; x_wconf 82' lang='grc' dir='ltr'><strong>ἐπισκιάσει</strong></span> <span class='ocrx_word' id='word_1_54' title='bbox 1314 898 1410 970; x_wconf 79' lang='grc' dir='ltr'>τὴν</span> <span class='ocrx_word' id='word_1_55' title='bbox 1450 897 1619 969; x_wconf 77' lang='grc' dir='ltr'>αὐτὴν</span> <span class='ocrx_word' id='word_1_56' title='bbox 1667 897 1841 956; x_wconf 85' lang='grc' dir='ltr'>πόλιν,</span> <span class='ocrx_word' id='word_1_57' title='bbox 1867 898 1974 960; x_wconf 81' lang='grc' dir='ltr'>ἵνα,</span> 
     </span>
    </p>
   </div>
   <div class='ocr_carea' id='block_1_10' title="bbox 406 982 1976 1061">
    <p class='ocr_par' dir='ltr' id='par_1_10' title="bbox 406 982 1976 1061">
     <span class='ocr_line' id='line_1_10' title="bbox 406 982 1976 1061; baseline -0.004 -16"><span class='ocrx_word' id='word_1_58' title='bbox 406 982 481 1045; x_wconf 83' lang='grc' dir='ltr'>ὡς</span> <span class='ocrx_word' id='word_1_59' title='bbox 509 984 566 1037; x_wconf 78' lang='grc' dir='ltr'><strong>ἐν</strong></span> <span class='ocrx_word' id='word_1_60' title='bbox 594 984 828 1056; x_wconf 79' lang='grc' dir='ltr'><strong>ἡμέραις</strong></span> <span class='ocrx_word' id='word_1_61' title='bbox 855 987 1222 1057; x_wconf 85' lang='grc' dir='ltr'>ἀμητοῦ,ταῖς</span> <span class='ocrx_word' id='word_1_62' title='bbox 1254 991 1359 1061; x_wconf 85' lang='grc' dir='ltr'><strong>πρὸ</strong></span> <span class='ocrx_word' id='word_1_63' title='bbox 1381 989 1474 1043; x_wconf 88' lang='grc' dir='ltr'><strong>τοῦ</strong></span> <span class='ocrx_word' id='word_1_64' title='bbox 1510 989 1789 1061; x_wconf 83' lang='grc' dir='ltr'>θερισμοῦ,</span> <span class='ocrx_word' id='word_1_65' title='bbox 1812 986 1976 1041; x_wconf 71' lang='grc' dir='ltr'>καὶτὸ</span> 
     </span>
    </p>
   </div>
   <div class='ocr_carea' id='block_1_11' title="bbox 408 1071 1760 1153">
    <p class='ocr_par' dir='ltr' id='par_1_11' title="bbox 408 1071 1760 1153">
     <span class='ocr_line' id='line_1_11' title="bbox 408 1071 1760 1153; baseline -0.003 -16"><span class='ocrx_word' id='word_1_66' title='bbox 408 1071 523 1141; x_wconf 76' lang='grc' dir='ltr'><strong>φῶς</strong></span> <span class='ocrx_word' id='word_1_67' title='bbox 559 1074 812 1153; x_wconf 71' lang='grc' dir='ltr'>ἐκλάμπη</span> <span class='ocrx_word' id='word_1_68' title='bbox 848 1078 939 1131; x_wconf 80' lang='grc' dir='ltr'><strong>καὶ</strong></span> <span class='ocrx_word' id='word_1_69' title='bbox 966 1081 998 1150; x_wconf 85' lang='grc' dir='ltr'>ἡ</span> <span class='ocrx_word' id='word_1_70' title='bbox 1035 1080 1227 1149; x_wconf 81' lang='grc' dir='ltr'>νεφέλη</span> <span class='ocrx_word' id='word_1_71' title='bbox 1256 1083 1545 1153; x_wconf 74' lang='grc' dir='ltr'>ἐπισκιάζῃ</span> <span class='ocrx_word' id='word_1_72' title='bbox 1574 1083 1760 1153; x_wconf 70' lang='grc' dir='ltr'>αὐτὴν.</span> 
     </span>
    </p>
   </div>
   <div class='ocr_carea' id='block_1_12' title="bbox 483 1150 1974 1243">
    <p class='ocr_par' dir='ltr' id='par_1_12' title="bbox 483 1150 1974 1243">
     <span class='ocr_line' id='line_1_12' title="bbox 483 1150 1974 1243; baseline 0.007 -27"><span class='ocrx_word' id='word_1_73' title='bbox 483 1183 500 1214; x_wconf 87' lang='grc' dir='ltr'><strong>ι</strong></span> <span class='ocrx_word' id='word_1_74' title='bbox 535 1150 727 1219; x_wconf 57' lang='grc' dir='ltr'>’ἔσται</span> <span class='ocrx_word' id='word_1_75' title='bbox 763 1168 867 1238; x_wconf 81' lang='grc' dir='ltr'>πρὸ</span> <span class='ocrx_word' id='word_1_76' title='bbox 897 1168 989 1220; x_wconf 89' lang='grc' dir='ltr'><strong>τοῦ</strong></span> <span class='ocrx_word' id='word_1_77' title='bbox 1034 1170 1313 1243; x_wconf 86' lang='grc' dir='ltr'>θερισμοῦ,</span> <span class='ocrx_word' id='word_1_78' title='bbox 1345 1174 1470 1227; x_wconf 82' lang='grc' dir='ltr'>ὅταν</span> <span class='ocrx_word' id='word_1_79' title='bbox 1516 1172 1838 1243; x_wconf 83' lang='grc' dir='ltr'>συντελεσθῇ</span> <span class='ocrx_word' id='word_1_80' title='bbox 1881 1171 1974 1226; x_wconf 78' lang='grc' dir='ltr'>άν-</span> 
     </span>
    </p>
   </div>
   <div class='ocr_carea' id='block_1_13' title="bbox 409 1253 1972 1335">
    <p class='ocr_par' dir='ltr' id='par_1_13' title="bbox 409 1253 1972 1335">
     <span class='ocr_line' id='line_1_13' title="bbox 409 1253 1972 1335; baseline 0.006 -30"><span class='ocrx_word' id='word_1_81' title='bbox 409 1253 519 1316; x_wconf 87' lang='grc' dir='ltr'>θος,</span> <span class='ocrx_word' id='word_1_82' title='bbox 560 1256 653 1308; x_wconf 76' lang='grc' dir='ltr'><strong>καὶ</strong></span> <span class='ocrx_word' id='word_1_83' title='bbox 694 1257 875 1327; x_wconf 77' lang='grc' dir='ltr'>δμφαξ</span> <span class='ocrx_word' id='word_1_84' title='bbox 922 1259 1191 1334; x_wconf 80' lang='grc' dir='ltr'>ἐξανθήσῃ</span> <span class='ocrx_word' id='word_1_85' title='bbox 1237 1262 1394 1327; x_wconf 81' lang='grc' dir='ltr'>ἄνθος</span> <span class='ocrx_word' id='word_1_86' title='bbox 1436 1264 1841 1335; x_wconf 75' lang='grc' dir='ltr'>όμφακίζουσα·</span> <span class='ocrx_word' id='word_1_87' title='bbox 1879 1264 1972 1316; x_wconf 83' lang='grc' dir='ltr'>καὶ</span> 
     </span>
    </p>
   </div>
   <div class='ocr_carea' id='block_1_14' title="bbox 408 1348 1973 1427">
    <p class='ocr_par' dir='ltr' id='par_1_14' title="bbox 408 1348 1973 1427">
     <span class='ocr_line' id='line_1_14' title="bbox 408 1348 1973 1427; baseline 0.006 -29"><span class='ocrx_word' id='word_1_88' title='bbox 408 1348 597 1414; x_wconf 76' lang='grc' dir='ltr'>ἀφελεῖ</span> <span class='ocrx_word' id='word_1_89' title='bbox 622 1348 691 1401; x_wconf 83' lang='grc' dir='ltr'><strong>τά</strong></span> <span class='ocrx_word' id='word_1_90' title='bbox 720 1350 970 1420; x_wconf 85' lang='grc' dir='ltr'>βοτρύδια</span> <span class='ocrx_word' id='word_1_91' title='bbox 995 1352 1063 1405; x_wconf 87' lang='grc' dir='ltr'><strong>τά</strong></span> <span class='ocrx_word' id='word_1_92' title='bbox 1101 1355 1270 1425; x_wconf 88' lang='grc' dir='ltr'>μικρά</span> <span class='ocrx_word' id='word_1_93' title='bbox 1293 1359 1403 1420; x_wconf 83' lang='grc' dir='ltr'>τοῖς</span> <span class='ocrx_word' id='word_1_94' title='bbox 1425 1356 1729 1427; x_wconf 85' lang='grc' dir='ltr'><strong>δρεπάνοις,</strong></span> <span class='ocrx_word' id='word_1_95' title='bbox 1761 1356 1973 1419; x_wconf 75' lang='grc' dir='ltr'>καὶτὰς</span> 
     </span>
    </p>
   </div>
   <div class='ocr_carea' id='block_1_15' title="bbox 411 1438 1971 1518">
    <p class='ocr_par' dir='ltr' id='par_1_15' title="bbox 411 1438 1971 1518">
     <span class='ocr_line' id='line_1_15' title="bbox 411 1438 1971 1518; baseline 0.01 -29"><span class='ocrx_word' id='word_1_96' title='bbox 411 1438 743 1509; x_wconf 81' lang='grc' dir='ltr'><strong>κληματίδας</strong></span> <span class='ocrx_word' id='word_1_97' title='bbox 772 1443 976 1511; x_wconf 81' lang='grc' dir='ltr'>ἀφελεῖ,</span> <span class='ocrx_word' id='word_1_98' title='bbox 1010 1446 1103 1498; x_wconf 78' lang='grc' dir='ltr'><strong>καὶ</strong></span> <span class='ocrx_word' id='word_1_99' title='bbox 1142 1447 1682 1518; x_wconf 78' lang='grc' dir='ltr'>ἀποκόψει.ι”Ωσπερ</span> <span class='ocrx_word' id='word_1_100' title='bbox 1706 1446 1834 1516; x_wconf 84' lang='grc' dir='ltr'>γὰρ,</span> <span class='ocrx_word' id='word_1_101' title='bbox 1866 1462 1971 1516; x_wconf 84' lang='grc' dir='ltr'>φη-</span> 
     </span>
    </p>
   </div>
   <div class='ocr_carea' id='block_1_16' title="bbox 410 1531 1973 1607">
    <p class='ocr_par' dir='ltr' id='par_1_16' title="bbox 410 1531 1973 1607">
     <span class='ocr_line' id='line_1_16' title="bbox 410 1531 1973 1607; baseline 0.006 -25"><span class='ocrx_word' id='word_1_102' title='bbox 410 1531 513 1594; x_wconf 74' lang='grc' dir='ltr'>σὶν,</span> <span class='ocrx_word' id='word_1_103' title='bbox 545 1534 603 1585; x_wconf 83' lang='grc' dir='ltr'><strong>ὲν</strong></span> <span class='ocrx_word' id='word_1_104' title='bbox 629 1535 747 1595; x_wconf 84' lang='grc' dir='ltr'>ταῖς</span> <span class='ocrx_word' id='word_1_105' title='bbox 776 1535 1056 1604; x_wconf 83' lang='grc' dir='ltr'>ἀμπέλοις,</span> <span class='ocrx_word' id='word_1_106' title='bbox 1089 1538 1306 1592; x_wconf 78' lang='grc' dir='ltr'>ἐπειδὰν</span> <span class='ocrx_word' id='word_1_107' title='bbox 1353 1539 1601 1607; x_wconf 79' lang='grc' dir='ltr'>ὄμφακες</span> <span class='ocrx_word' id='word_1_108' title='bbox 1635 1533 1765 1591; x_wconf 77' lang='grc' dir='ltr'>ὦσιν</span> <span class='ocrx_word' id='word_1_109' title='bbox 1806 1537 1973 1607; x_wconf 72' lang='grc' dir='ltr'>οίοβό-</span> 
     </span>
    </p>
   </div>
   <div class='ocr_carea' id='block_1_17' title="bbox 404 1624 1970 1700">
    <p class='ocr_par' dir='ltr' id='par_1_17' title="bbox 404 1624 1970 1700">
     <span class='ocr_line' id='line_1_17' title="bbox 404 1624 1970 1700; baseline 0.006 -29"><span class='ocrx_word' id='word_1_110' title='bbox 404 1638 582 1691; x_wconf 87' lang='grc' dir='ltr'>τρυες,</span> <span class='ocrx_word' id='word_1_111' title='bbox 636 1624 860 1688; x_wconf 83' lang='grc' dir='ltr'>ὲπιστάς</span> <span class='ocrx_word' id='word_1_112' title='bbox 897 1628 926 1678; x_wconf 90' lang='grc' dir='ltr'>ὁ</span> <span class='ocrx_word' id='word_1_113' title='bbox 955 1628 1196 1698; x_wconf 84' lang='grc' dir='ltr'>γεωργὸς</span> <span class='ocrx_word' id='word_1_114' title='bbox 1238 1628 1306 1681; x_wconf 90' lang='grc' dir='ltr'><strong>τά</strong></span> <span class='ocrx_word' id='word_1_115' title='bbox 1336 1631 1565 1700; x_wconf 86' lang='grc' dir='ltr'>περιττά</span> <span class='ocrx_word' id='word_1_116' title='bbox 1588 1631 1679 1682; x_wconf 80' lang='grc' dir='ltr'><strong>καὶ</strong></span> <span class='ocrx_word' id='word_1_117' title='bbox 1724 1630 1970 1700; x_wconf 78' lang='grc' dir='ltr'>ἄχρηστα</span> 
     </span>
    </p>
   </div>
   <div class='ocr_carea' id='block_1_18' title="bbox 399 1710 1968 1787">
    <p class='ocr_par' dir='ltr' id='par_1_18' title="bbox 399 1710 1968 1787">
     <span class='ocr_line' id='line_1_18' title="bbox 399 1710 1968 1787; baseline 0.005 -25"><span class='ocrx_word' id='word_1_118' title='bbox 399 1710 506 1762; x_wconf 78' lang='grc' dir='ltr'><strong>τῶν</strong></span> <span class='ocrx_word' id='word_1_119' title='bbox 546 1711 837 1782; x_wconf 88' lang='grc' dir='ltr'>κλημάτων</span> <span class='ocrx_word' id='word_1_120' title='bbox 868 1716 1144 1779; x_wconf 81' lang='grc' dir='ltr'>ἐκκόπτει,</span> <span class='ocrx_word' id='word_1_121' title='bbox 1172 1718 1231 1770; x_wconf 84' lang='grc' dir='ltr'><strong>οὐ</strong></span> <span class='ocrx_word' id='word_1_122' title='bbox 1265 1718 1443 1787; x_wconf 89' lang='grc' dir='ltr'>μόνον,</span> <span class='ocrx_word' id='word_1_123' title='bbox 1469 1718 1604 1772; x_wconf 86' lang='grc' dir='ltr'><strong>ἀλλά</strong></span> <span class='ocrx_word' id='word_1_124' title='bbox 1630 1718 1725 1771; x_wconf 69' lang='grc' dir='ltr'>καὶ</span> <span class='ocrx_word' id='word_1_125' title='bbox 1746 1718 1812 1772; x_wconf 74' lang='grc' dir='ltr'>τὰ</span> <span class='ocrx_word' id='word_1_126' title='bbox 1843 1718 1968 1770; x_wconf 88' lang='grc' dir='ltr'>ἀτε-</span> 
     </span>
    </p>
   </div>
   <div class='ocr_carea' id='block_1_19' title="bbox 2077 624 3645 693">
    <p class='ocr_par' dir='ltr' id='par_1_19' title="bbox 2077 624 3645 693">
     <span class='ocr_line' id='line_1_19' title="bbox 2077 624 3645 693; baseline 0.004 -17"><span class='ocrx_word' id='word_1_127' title='bbox 2077 624 2198 676; x_wconf 85' lang='lat' dir='ltr'><strong>dam</strong></span> <span class='ocrx_word' id='word_1_128' title='bbox 2243 625 2410 679; x_wconf 82' lang='lat' dir='ltr'><strong>nubes</strong></span> <span class='ocrx_word' id='word_1_129' title='bbox 2437 625 2672 692; x_wconf 79' lang='lat' dir='ltr'><strong>Spiritus</strong></span> <span class='ocrx_word' id='word_1_130' title='bbox 2705 624 2902 687; x_wconf 78' lang='lat' dir='ltr'><strong>sancti,</strong></span> <span class='ocrx_word' id='word_1_131' title='bbox 2922 624 3079 693; x_wconf 90' lang='lat' dir='ltr'><strong>plena</strong></span> <span class='ocrx_word' id='word_1_132' title='bbox 3116 625 3275 690; x_wconf 92' lang='lat' dir='ltr'><strong>roris,</strong></span> <span class='ocrx_word' id='word_1_133' title='bbox 3297 627 3539 681; x_wconf 86' lang='lat' dir='ltr'><strong>eamdem</strong></span> <span class='ocrx_word' id='word_1_134' title='bbox 3567 629 3645 683; x_wconf 91' lang='lat' dir='ltr'><strong>ci-</strong></span> 
     </span>
    </p>
   </div>
   <div class='ocr_carea' id='block_1_20' title="bbox 2077 716 3644 785">
    <p class='ocr_par' dir='ltr' id='par_1_20' title="bbox 2077 716 3644 785">
     <span class='ocr_line' id='line_1_20' title="bbox 2077 716 3644 785; baseline 0.006 -19"><span class='ocrx_word' id='word_1_135' title='bbox 2077 718 2294 769; x_wconf 87' lang='lat' dir='ltr'><strong>vitatem</strong></span> <span class='ocrx_word' id='word_1_136' title='bbox 2343 716 2693 780; x_wconf 88' lang='lat' dir='ltr'><strong>inumbrabit,</strong></span> <span class='ocrx_word' id='word_1_137' title='bbox 2751 729 2827 780; x_wconf 86' lang='lat' dir='ltr'><strong>ut,</strong></span> <span class='ocrx_word' id='word_1_138' title='bbox 2875 718 3324 785; x_wconf 82' lang='lat' dir='ltr'><strong>quemadmodum</strong></span> <span class='ocrx_word' id='word_1_139' title='bbox 3369 719 3421 772; x_wconf 91' lang='lat' dir='ltr'><strong>in</strong></span> <span class='ocrx_word' id='word_1_140' title='bbox 3454 718 3644 775; x_wconf 88' lang='lat' dir='ltr'><strong>diebus</strong></span> 
     </span>
    </p>
   </div>
   <div class='ocr_carea' id='block_1_21' title="bbox 2078 806 3642 875">
    <p class='ocr_par' dir='ltr' id='par_1_21' title="bbox 2078 806 3642 875">
     <span class='ocr_line' id='line_1_21' title="bbox 2078 806 3642 875; baseline 0.002 -15"><span class='ocrx_word' id='word_1_141' title='bbox 2078 806 2292 867; x_wconf 89' lang='lat' dir='ltr'><strong>messis,</strong></span> <span class='ocrx_word' id='word_1_142' title='bbox 2318 820 2436 874; x_wconf 72' lang='lat' dir='ltr'><strong>qum</strong></span> <span class='ocrx_word' id='word_1_143' title='bbox 2471 806 2639 874; x_wconf 84' lang='lat' dir='ltr'><strong>ipsam</strong></span> <span class='ocrx_word' id='word_1_144' title='bbox 2681 821 2906 861; x_wconf 86' lang='lat' dir='ltr'><strong>messem</strong></span> <span class='ocrx_word' id='word_1_145' title='bbox 2971 816 3343 875; x_wconf 73' lang='lat' dir='ltr'><strong>praevertunt,</strong></span> <span class='ocrx_word' id='word_1_146' title='bbox 3374 817 3430 863; x_wconf 91' lang='lat' dir='ltr'><strong>et</strong></span> <span class='ocrx_word' id='word_1_147' title='bbox 3463 808 3642 865; x_wconf 82' lang='lat' dir='ltr'><strong>lumen</strong></span> 
     </span>
    </p>
   </div>
   <div class='ocr_carea' id='block_1_22' title="bbox 2078 896 3148 966">
    <p class='ocr_par' dir='ltr' id='par_1_22' title="bbox 2078 896 3148 966">
     <span class='ocr_line' id='line_1_22' title="bbox 2078 896 3148 966; baseline 0.004 -15"><span class='ocrx_word' id='word_1_148' title='bbox 2078 898 2376 966; x_wconf 78' lang='lat' dir='ltr'><strong>splendeat,</strong></span> <span class='ocrx_word' id='word_1_149' title='bbox 2398 907 2454 951; x_wconf 92' lang='lat' dir='ltr'><strong>et</strong></span> <span class='ocrx_word' id='word_1_150' title='bbox 2486 897 2655 950; x_wconf 90' lang='lat' dir='ltr'><strong>nubes</strong></span> <span class='ocrx_word' id='word_1_151' title='bbox 2686 896 2952 952; x_wconf 90' lang='lat' dir='ltr'><strong>inumbret</strong></span> <span class='ocrx_word' id='word_1_152' title='bbox 2985 897 3148 955; x_wconf 91' lang='lat' dir='ltr'><strong>illam.</strong></span> 
     </span>
    </p>
   </div>
   <div class='ocr_carea' id='block_1_23' title="bbox 2147 1162 3637 1232">
    <p class='ocr_par' dir='ltr' id='par_1_23' title="bbox 2147 1162 3637 1232">
     <span class='ocr_line' id='line_1_23' title="bbox 2147 1162 3637 1232; baseline -0.002 -14"><span class='ocrx_word' id='word_1_153' title='bbox 2147 1165 2311 1219; x_wconf 71' lang='lat' dir='ltr'><strong>Vens.</strong></span> <span class='ocrx_word' id='word_1_154' title='bbox 2341 1164 2398 1229; x_wconf 87' lang='lat'><strong>5,</strong></span> <span class='ocrx_word' id='word_1_155' title='bbox 2429 1164 2482 1219; x_wconf 86' lang='lat'><strong>6.</strong></span> <span class='ocrx_word' id='word_1_156' title='bbox 2514 1181 2534 1216; x_wconf 85' lang='grc' dir='ltr'><strong>ι</strong></span> <span class='ocrx_word' id='word_1_157' title='bbox 2568 1162 2685 1219; x_wconf 87' lang='lat' dir='ltr'><strong>Erit</strong></span> <span class='ocrx_word' id='word_1_158' title='bbox 2711 1173 2836 1219; x_wconf 85' lang='lat' dir='ltr'><strong>ante</strong></span> <span class='ocrx_word' id='word_1_159' title='bbox 2864 1179 3118 1232; x_wconf 86' lang='lat' dir='ltr'><strong>messem,</strong></span> <span class='ocrx_word' id='word_1_160' title='bbox 3145 1179 3266 1218; x_wconf 92' lang='lat' dir='ltr'><strong>cum</strong></span> <span class='ocrx_word' id='word_1_161' title='bbox 3298 1162 3459 1218; x_wconf 89' lang='lat' dir='ltr'><strong>fuerit</strong></span> <span class='ocrx_word' id='word_1_162' title='bbox 3503 1174 3637 1216; x_wconf 78' lang='lat' dir='ltr'><strong>con-</strong></span> 
     </span>
    </p>
   </div>
   <div class='ocr_carea' id='block_1_24' title="bbox 2074 1252 3634 1321">
    <p class='ocr_par' dir='ltr' id='par_1_24' title="bbox 2074 1252 3634 1321">
     <span class='ocr_line' id='line_1_24' title="bbox 2074 1252 3634 1321; baseline -0.003 -11"><span class='ocrx_word' id='word_1_163' title='bbox 2074 1264 2378 1311; x_wconf 86' lang='lat' dir='ltr'><strong>summatus</strong></span> <span class='ocrx_word' id='word_1_164' title='bbox 2406 1254 2526 1321; x_wconf 83' lang='lat' dir='ltr'><strong>ﬂos,</strong></span> <span class='ocrx_word' id='word_1_165' title='bbox 2554 1263 2608 1309; x_wconf 90' lang='lat' dir='ltr'><strong>et</strong></span> <span class='ocrx_word' id='word_1_166' title='bbox 2638 1271 2741 1309; x_wconf 91' lang='lat' dir='ltr'><strong>uva</strong></span> <span class='ocrx_word' id='word_1_167' title='bbox 2774 1271 2878 1309; x_wconf 92' lang='lat' dir='ltr'><strong>non</strong></span> <span class='ocrx_word' id='word_1_168' title='bbox 2910 1265 3121 1309; x_wconf 88' lang='lat' dir='ltr'><strong>matura</strong></span> <span class='ocrx_word' id='word_1_169' title='bbox 3168 1256 3419 1309; x_wconf 82' lang='lat' dir='ltr'><strong>eduxerit</strong></span> <span class='ocrx_word' id='word_1_170' title='bbox 3448 1252 3634 1308; x_wconf 85' lang='lat' dir='ltr'><strong>ﬂorem</strong></span> 
     </span>
    </p>
   </div>
   <div class='ocr_carea' id='block_1_25' title="bbox 2074 1345 3634 1417">
    <p class='ocr_par' dir='ltr' id='par_1_25' title="bbox 2074 1345 3634 1417">
     <span class='ocr_line' id='line_1_25' title="bbox 2074 1345 3634 1417; baseline -0.003 -16"><span class='ocrx_word' id='word_1_171' title='bbox 2074 1348 2385 1417; x_wconf 80' lang='lat' dir='ltr'><strong>germinans</strong></span> <span class='ocrx_word' id='word_1_172' title='bbox 2413 1366 2426 1401; x_wconf 93' lang='lat'>:</span> <span class='ocrx_word' id='word_1_173' title='bbox 2462 1358 2518 1403; x_wconf 92' lang='lat' dir='ltr'><strong>et</strong></span> <span class='ocrx_word' id='word_1_174' title='bbox 2552 1346 2762 1402; x_wconf 82' lang='lat' dir='ltr'><strong>auferet</strong></span> <span class='ocrx_word' id='word_1_175' title='bbox 2802 1348 3104 1402; x_wconf 89' lang='lat' dir='ltr'><strong>racemulos</strong></span> <span class='ocrx_word' id='word_1_176' title='bbox 3148 1361 3342 1416; x_wconf 86' lang='lat' dir='ltr'><strong>parvos</strong></span> <span class='ocrx_word' id='word_1_177' title='bbox 3374 1345 3596 1399; x_wconf 80' lang='lat' dir='ltr'><strong>falcibus</strong></span> <span class='ocrx_word' id='word_1_178' title='bbox 3618 1381 3634 1408; x_wconf 92' lang='lat'><strong>,</strong></span> 
     </span>
    </p>
   </div>
   <div class='ocr_carea' id='block_1_26' title="bbox 2071 1436 3635 1505">
    <p class='ocr_par' dir='ltr' id='par_1_26' title="bbox 2071 1436 3635 1505">
     <span class='ocr_line' id='line_1_26' title="bbox 2071 1436 3635 1505; baseline -0.004 -10"><span class='ocrx_word' id='word_1_179' title='bbox 2071 1449 2129 1495; x_wconf 89' lang='lat' dir='ltr'><strong>et</strong></span> <span class='ocrx_word' id='word_1_180' title='bbox 2156 1449 2431 1496; x_wconf 88' lang='lat' dir='ltr'><strong>sarmenta</strong></span> <span class='ocrx_word' id='word_1_181' title='bbox 2466 1439 2618 1494; x_wconf 91' lang='lat' dir='ltr'><strong>tollet</strong></span> <span class='ocrx_word' id='word_1_182' title='bbox 2678 1450 2734 1494; x_wconf 90' lang='lat' dir='ltr'><strong>et</strong></span> <span class='ocrx_word' id='word_1_183' title='bbox 2777 1439 3073 1494; x_wconf 89' lang='lat' dir='ltr'><strong>abscindet.</strong></span> <span class='ocrx_word' id='word_1_184' title='bbox 3109 1456 3128 1489; x_wconf 75' lang='grc' dir='ltr'><strong>ι</strong></span> <span class='ocrx_word' id='word_1_185' title='bbox 3173 1436 3635 1505; x_wconf 85' lang='lat' dir='ltr'><strong>Quemadmodum</strong></span> 
     </span>
    </p>
   </div>
   <div class='ocr_carea' id='block_1_27' title="bbox 2070 1531 3633 1600">
    <p class='ocr_par' dir='ltr' id='par_1_27' title="bbox 2070 1531 3633 1600">
     <span class='ocr_line' id='line_1_27' title="bbox 2070 1531 3633 1600; baseline -0.004 -13"><span class='ocrx_word' id='word_1_186' title='bbox 2070 1533 2240 1598; x_wconf 88' lang='lat' dir='ltr'><strong>enim,</strong></span> <span class='ocrx_word' id='word_1_187' title='bbox 2281 1532 2477 1600; x_wconf 86' lang='lat' dir='ltr'><strong>inquit,</strong></span> <span class='ocrx_word' id='word_1_188' title='bbox 2503 1532 2556 1584; x_wconf 94' lang='lat' dir='ltr'><strong>in</strong></span> <span class='ocrx_word' id='word_1_189' title='bbox 2584 1532 2776 1595; x_wconf 90' lang='lat' dir='ltr'><strong>vineis,</strong></span> <span class='ocrx_word' id='word_1_190' title='bbox 2809 1532 2932 1585; x_wconf 92' lang='lat' dir='ltr'><strong>dum</strong></span> <span class='ocrx_word' id='word_1_191' title='bbox 2970 1546 3086 1585; x_wconf 52' lang='lat' dir='ltr'><strong>uvae,</strong></span> <span class='ocrx_word' id='word_1_192' title='bbox 3113 1531 3413 1584; x_wconf 70' lang='lat' dir='ltr'><strong>immaturae</strong></span> <span class='ocrx_word' id='word_1_193' title='bbox 3464 1537 3633 1593; x_wconf 92' lang='lat' dir='ltr'><strong>sunt,</strong></span> 
     </span>
    </p>
   </div>
   <div class='ocr_carea' id='block_1_28' title="bbox 2072 1620 3634 1692">
    <p class='ocr_par' dir='ltr' id='par_1_28' title="bbox 2072 1620 3634 1692">
     <span class='ocr_line' id='line_1_28' title="bbox 2072 1620 3634 1692; baseline -0.004 -14"><span class='ocrx_word' id='word_1_194' title='bbox 2072 1624 2368 1678; x_wconf 83' lang='lat' dir='ltr'><strong>adventans</strong></span> <span class='ocrx_word' id='word_1_195' title='bbox 2402 1622 2635 1692; x_wconf 84' lang='lat' dir='ltr'><strong>agricola</strong></span> <span class='ocrx_word' id='word_1_196' title='bbox 2667 1621 2879 1677; x_wconf 88' lang='lat' dir='ltr'><strong>inutiles</strong></span> <span class='ocrx_word' id='word_1_197' title='bbox 2906 1623 3153 1691; x_wconf 87' lang='lat' dir='ltr'><strong>palmites</strong></span> <span class='ocrx_word' id='word_1_198' title='bbox 3179 1620 3420 1684; x_wconf 77' lang='lat' dir='ltr'><strong>excidit,</strong></span> <span class='ocrx_word' id='word_1_199' title='bbox 3458 1633 3634 1687; x_wconf 89' lang='lat' dir='ltr'><strong>neque</strong></span> 
     </span>
    </p>
   </div>
   <div class='ocr_carea' id='block_1_29' title="bbox 2071 1711 3636 1780">
    <p class='ocr_par' dir='ltr' id='par_1_29' title="bbox 2071 1711 3636 1780">
     <span class='ocr_line' id='line_1_29' title="bbox 2071 1711 3636 1780; baseline -0.004 -11"><span class='ocrx_word' id='word_1_200' title='bbox 2071 1716 2124 1769; x_wconf 89' lang='lat' dir='ltr'><strong>id</strong></span> <span class='ocrx_word' id='word_1_201' title='bbox 2149 1723 2378 1779; x_wconf 86' lang='lat' dir='ltr'><strong>tantum,</strong></span> <span class='ocrx_word' id='word_1_202' title='bbox 2396 1714 2489 1768; x_wconf 90' lang='lat' dir='ltr'><strong>sed</strong></span> <span class='ocrx_word' id='word_1_203' title='bbox 2506 1712 2671 1767; x_wconf 91' lang='lat' dir='ltr'><strong>etiam</strong></span> <span class='ocrx_word' id='word_1_204' title='bbox 2699 1711 3032 1767; x_wconf 82' lang='lat' dir='ltr'><strong>infructuosa</strong></span> <span class='ocrx_word' id='word_1_205' title='bbox 3057 1721 3363 1780; x_wconf 70' lang='lat' dir='ltr'><strong>quaequeet</strong></span> <span class='ocrx_word' id='word_1_206' title='bbox 3390 1724 3636 1762; x_wconf 89' lang='lat' dir='ltr'><strong>arescen-</strong></span> 
     </span>
    </p>
   </div>
   <div class='ocr_carea' id='block_1_30' title="bbox 399 1796 1952 1876">
    <p class='ocr_par' dir='ltr' id='par_1_30' title="bbox 399 1796 1952 1876">
     <span class='ocr_line' id='line_1_30' title="bbox 399 1796 1952 1876; baseline 0.007 -29"><span class='ocrx_word' id='word_1_207' title='bbox 399 1796 630 1869; x_wconf 87' lang='grc' dir='ltr'>λεσφόρα</span> <span class='ocrx_word' id='word_1_208' title='bbox 656 1803 747 1853; x_wconf 74' lang='grc' dir='ltr'><strong>καὶ</strong></span> <span class='ocrx_word' id='word_1_209' title='bbox 775 1800 1016 1871; x_wconf 79' lang='grc' dir='ltr'>ὡσπερεὶ</span> <span class='ocrx_word' id='word_1_210' title='bbox 1044 1809 1360 1875; x_wconf 85' lang='grc' dir='ltr'>νεκριμαῖα·</span> <span class='ocrx_word' id='word_1_211' title='bbox 1393 1806 1487 1859; x_wconf 79' lang='grc' dir='ltr'><strong>καὶ</strong></span> <span class='ocrx_word' id='word_1_212' title='bbox 1526 1805 1695 1858; x_wconf 88' lang='grc' dir='ltr'>ταῦτα</span> <span class='ocrx_word' id='word_1_213' title='bbox 1725 1806 1855 1876; x_wconf 82' lang='grc' dir='ltr'>γὰρ,</span> <span class='ocrx_word' id='word_1_214' title='bbox 1894 1806 1952 1868; x_wconf 79' lang='grc' dir='ltr'>ὡς</span> 
     </span>
    </p>
   </div>
   <div class='ocr_carea' id='block_1_31' title="bbox 2054 1796 3632 1876">
    <p class='ocr_par' dir='ltr' id='par_1_31' title="bbox 2073 1798 3632 1874">
     <span class='ocr_line' id='line_1_31' title="bbox 2073 1798 3632 1874; baseline -0.007 -12"><span class='ocrx_word' id='word_1_215' title='bbox 2073 1809 2147 1862; x_wconf 90' lang='lat' dir='ltr'><strong>tia</strong></span> <span class='ocrx_word' id='word_1_216' title='bbox 2174 1815 2383 1862; x_wconf 88' lang='lat' dir='ltr'><strong>resecat</strong></span> <span class='ocrx_word' id='word_1_217' title='bbox 2411 1824 2425 1859; x_wconf 88' lang='lat'><strong>:</strong></span> <span class='ocrx_word' id='word_1_218' title='bbox 2475 1806 2675 1860; x_wconf 87' lang='lat' dir='ltr'><strong>etenim</strong></span> <span class='ocrx_word' id='word_1_219' title='bbox 2711 1805 2798 1859; x_wconf 90' lang='lat' dir='ltr'><strong>illa</strong></span> <span class='ocrx_word' id='word_1_220' title='bbox 2829 1817 3043 1874; x_wconf 90' lang='lat' dir='ltr'><strong>quoque</strong></span> <span class='ocrx_word' id='word_1_221' title='bbox 3075 1814 3095 1871; x_wconf 76' lang='lat'><strong>,‘</strong></span> <span class='ocrx_word' id='word_1_222' title='bbox 3122 1808 3318 1869; x_wconf 86' lang='lat' dir='ltr'><strong>&#39;utpote</strong></span> <span class='ocrx_word' id='word_1_223' title='bbox 3352 1816 3471 1869; x_wconf 69' lang='lat' dir='ltr'><strong>quas</strong></span> <span class='ocrx_word' id='word_1_224' title='bbox 3498 1798 3632 1854; x_wconf 87' lang='lat' dir='ltr'><strong>nihil</strong></span> 
     </span>
    </p>
   </div>
   <div class='ocr_carea' id='block_1_32' title="bbox 395 1879 1952 1969">
    <p class='ocr_par' dir='ltr' id='par_1_32' title="bbox 395 1891 1952 1969">
     <span class='ocr_line' id='line_1_32' title="bbox 395 1891 1952 1969; baseline 0.003 -24"><span class='ocrx_word' id='word_1_225' title='bbox 395 1892 495 1945; x_wconf 77' lang='grc' dir='ltr'><strong>οὐκ</strong></span> <span class='ocrx_word' id='word_1_226' title='bbox 524 1891 588 1945; x_wconf 84' lang='grc' dir='ltr'>ἂν</span> <span class='ocrx_word' id='word_1_227' title='bbox 617 1894 831 1958; x_wconf 85' lang='grc' dir='ltr'>ἀλκαῖα,</span> <span class='ocrx_word' id='word_1_228' title='bbox 856 1896 973 1948; x_wconf 82' lang='grc' dir='ltr'>οὐδὲ</span> <span class='ocrx_word' id='word_1_229' title='bbox 1002 1896 1212 1969; x_wconf 84' lang='grc' dir='ltr'>ἀγαθὴν</span> <span class='ocrx_word' id='word_1_230' title='bbox 1242 1897 1430 1967; x_wconf 76' lang='grc' dir='ltr'>ἔχοντα</span> <span class='ocrx_word' id='word_1_231' title='bbox 1452 1898 1643 1952; x_wconf 83' lang='grc' dir='ltr'>ἐλπίδα</span> <span class='ocrx_word' id='word_1_232' title='bbox 1668 1897 1804 1969; x_wconf 80' lang='grc' dir='ltr'>πρὸς</span> <span class='ocrx_word' id='word_1_233' title='bbox 1831 1915 1952 1969; x_wconf 88' lang='grc' dir='ltr'>καρ-</span> 
     </span>
    </p>
   </div>
   <div class='ocr_carea' id='block_1_33' title="bbox 2054 1879 3631 1969">
    <p class='ocr_par' dir='ltr' id='par_1_33' title="bbox 2069 1890 3631 1966">
     <span class='ocr_line' id='line_1_33' title="bbox 2069 1890 3631 1966; baseline -0.003 -16"><span class='ocrx_word' id='word_1_234' title='bbox 2069 1897 2268 1966; x_wconf 90' lang='lat' dir='ltr'><strong>vigoris</strong></span> <span class='ocrx_word' id='word_1_235' title='bbox 2301 1897 2568 1961; x_wconf 89' lang='lat' dir='ltr'><strong>habeant,</strong></span> <span class='ocrx_word' id='word_1_236' title='bbox 2610 1910 2785 1966; x_wconf 92' lang='lat' dir='ltr'><strong>neque</strong></span> <span class='ocrx_word' id='word_1_237' title='bbox 2810 1896 2972 1950; x_wconf 92' lang='lat' dir='ltr'><strong>ullam</strong></span> <span class='ocrx_word' id='word_1_238' title='bbox 3001 1895 3067 1948; x_wconf 90' lang='lat' dir='ltr'><strong>ad</strong></span> <span class='ocrx_word' id='word_1_239' title='bbox 3102 1893 3314 1949; x_wconf 81' lang='lat' dir='ltr'><strong>fructus</strong></span> <span class='ocrx_word' id='word_1_240' title='bbox 3337 1890 3631 1963; x_wconf 87' lang='lat' dir='ltr'><strong>perfectio-</strong></span> 
     </span>
    </p>
   </div>
   <div class='ocr_carea' id='block_1_34' title="bbox 396 1981 1963 2061">
    <p class='ocr_par' dir='ltr' id='par_1_34' title="bbox 396 1981 1963 2061">
     <span class='ocr_line' id='line_1_34' title="bbox 396 1981 1963 2061; baseline 0.014 -28"><span class='ocrx_word' id='word_1_241' title='bbox 396 1981 496 2034; x_wconf 85' lang='grc' dir='ltr'><strong>ποῦ</strong></span> <span class='ocrx_word' id='word_1_242' title='bbox 544 1983 839 2051; x_wconf 84' lang='grc' dir='ltr'>τελείωσιν,</span> <span class='ocrx_word' id='word_1_243' title='bbox 894 1991 1167 2059; x_wconf 86' lang='grc' dir='ltr'>περιαιρεῖ</span> <span class='ocrx_word' id='word_1_244' title='bbox 1214 1990 1490 2061; x_wconf 76' lang='grc' dir='ltr'>ἐπιστήμῃ</span> <span class='ocrx_word' id='word_1_245' title='bbox 1526 1992 1827 2060; x_wconf 74' lang='grc' dir='ltr'>γεωργικῇ,</span> <span class='ocrx_word' id='word_1_246' title='bbox 1876 1989 1963 2043; x_wconf 75' lang='grc' dir='ltr'><strong>ἵνα</strong></span> 
     </span>
    </p>
   </div>
   <div class='ocr_carea' id='block_1_35' title="bbox 399 2073 1962 2153">
    <p class='ocr_par' dir='ltr' id='par_1_35' title="bbox 399 2073 1962 2153">
     <span class='ocr_line' id='line_1_35' title="bbox 399 2073 1962 2153; baseline 0.005 -27"><span class='ocrx_word' id='word_1_247' title='bbox 399 2073 470 2144; x_wconf 83' lang='grc' dir='ltr'><strong>μὴ</strong></span> <span class='ocrx_word' id='word_1_248' title='bbox 510 2074 832 2148; x_wconf 82' lang='grc' dir='ltr'>λυμαίνηται</span> <span class='ocrx_word' id='word_1_249' title='bbox 863 2081 971 2142; x_wconf 85' lang='grc' dir='ltr'>τοῖς</span> <span class='ocrx_word' id='word_1_250' title='bbox 1004 2081 1336 2151; x_wconf 72' lang='grc' dir='ltr'>ἐρρωμένοις</span> <span class='ocrx_word' id='word_1_251' title='bbox 1365 2080 1584 2153; x_wconf 84' lang='grc' dir='ltr'>βότρυσι</span> <span class='ocrx_word' id='word_1_252' title='bbox 1627 2080 1696 2133; x_wconf 86' lang='grc' dir='ltr'>τὰ</span> <span class='ocrx_word' id='word_1_253' title='bbox 1736 2080 1962 2151; x_wconf 88' lang='grc' dir='ltr'>περιττά</span> 
     </span>
    </p>
   </div>
   <div class='ocr_carea' id='block_1_36' title="bbox 394 2166 1961 2242">
    <p class='ocr_par' dir='ltr' id='par_1_36' title="bbox 394 2166 1961 2242">
     <span class='ocr_line' id='line_1_36' title="bbox 394 2166 1961 2242; baseline 0.004 -25"><span class='ocrx_word' id='word_1_254' title='bbox 394 2166 486 2218; x_wconf 77' lang='grc' dir='ltr'>καὶ</span> <span class='ocrx_word' id='word_1_255' title='bbox 513 2166 788 2238; x_wconf 65' lang='grc' dir='ltr'>ἄχρηστιυ</span> <span class='ocrx_word' id='word_1_256' title='bbox 828 2171 960 2224; x_wconf 84' lang='grc' dir='ltr'>διότι</span> <span class='ocrx_word' id='word_1_257' title='bbox 997 2171 1170 2225; x_wconf 83' lang='grc' dir='ltr'>ταῦτα</span> <span class='ocrx_word' id='word_1_258' title='bbox 1206 2172 1304 2242; x_wconf 86' lang='grc' dir='ltr'>μὲν</span> <span class='ocrx_word' id='word_1_259' title='bbox 1330 2174 1553 2242; x_wconf 86' lang='grc' dir='ltr'>ἀφαιρεῖ</span> <span class='ocrx_word' id='word_1_260' title='bbox 1594 2172 1687 2224; x_wconf 79' lang='grc' dir='ltr'>καὶ</span> <span class='ocrx_word' id='word_1_261' title='bbox 1733 2172 1961 2242; x_wconf 77' lang='grc' dir='ltr'>παραδί-</span> 
     </span>
    </p>
   </div>
   <div class='ocr_carea' id='block_1_37' title="bbox 391 2256 1961 2333">
    <p class='ocr_par' dir='ltr' id='par_1_37' title="bbox 391 2256 1961 2333">
     <span class='ocr_line' id='line_1_37' title="bbox 391 2256 1961 2333; baseline 0.003 -23"><span class='ocrx_word' id='word_1_262' title='bbox 391 2256 552 2311; x_wconf 85' lang='grc' dir='ltr'>δωσιν</span> <span class='ocrx_word' id='word_1_263' title='bbox 598 2260 676 2322; x_wconf 93' lang='grc' dir='ltr'><strong>είς</strong></span> <span class='ocrx_word' id='word_1_264' title='bbox 718 2260 917 2331; x_wconf 85' lang='grc' dir='ltr'>βρῶσιν</span> <span class='ocrx_word' id='word_1_265' title='bbox 963 2265 1114 2325; x_wconf 82' lang='grc' dir='ltr'>«τοῖς</span> <span class='ocrx_word' id='word_1_266' title='bbox 1156 2265 1418 2325; x_wconf 85' lang='grc' dir='ltr'>πετεινοῖς</span> <span class='ocrx_word' id='word_1_267' title='bbox 1470 2261 1561 2314; x_wconf 86' lang='grc' dir='ltr'><strong>τοῦ</strong></span> <span class='ocrx_word' id='word_1_268' title='bbox 1604 2263 1835 2333; x_wconf 73' lang='grc' dir='ltr'>οὐρανοῦ</span> <span class='ocrx_word' id='word_1_269' title='bbox 1869 2262 1961 2315; x_wconf 84' lang='grc' dir='ltr'><strong>καὶ</strong></span> 
     </span>
    </p>
   </div>
   <div class='ocr_carea' id='block_1_38' title="bbox 308 2347 1960 2424">
    <p class='ocr_par' dir='ltr' id='par_1_38' title="bbox 308 2347 1960 2424">
     <span class='ocr_line' id='line_1_38' title="bbox 308 2347 1960 2424; baseline 0.005 -27"><span class='ocrx_word' id='word_1_270' title='bbox 308 2358 313 2362; x_wconf 86' lang='grc'>·</span> <span class='ocrx_word' id='word_1_271' title='bbox 392 2349 503 2408; x_wconf 83' lang='grc' dir='ltr'>τοῖς</span> <span class='ocrx_word' id='word_1_272' title='bbox 531 2347 737 2419; x_wconf 84' lang='grc' dir='ltr'>θηρίοις</span> <span class='ocrx_word' id='word_1_273' title='bbox 762 2350 862 2419; x_wconf 88' lang='grc' dir='ltr'><strong>τῆς</strong></span> <span class='ocrx_word' id='word_1_274' title='bbox 891 2351 1015 2420; x_wconf 88' lang='grc' dir='ltr'>γῆς,</span> <span class='ocrx_word' id='word_1_275' title='bbox 1048 2370 1066 2402; x_wconf 76' lang='grc' dir='ltr'><strong>ι</strong></span> <span class='ocrx_word' id='word_1_276' title='bbox 1102 2353 1169 2405; x_wconf 86' lang='grc' dir='ltr'><strong>τά</strong></span> <span class='ocrx_word' id='word_1_277' title='bbox 1202 2353 1257 2405; x_wconf 80' lang='grc' dir='ltr'><strong>δὲ</strong></span> <span class='ocrx_word' id='word_1_278' title='bbox 1285 2353 1375 2405; x_wconf 86' lang='grc' dir='ltr'>τὸν</span> <span class='ocrx_word' id='word_1_279' title='bbox 1404 2353 1593 2424; x_wconf 77' lang='grc' dir='ltr'>ἐντελῆ</span> <span class='ocrx_word' id='word_1_280' title='bbox 1626 2352 1960 2417; x_wconf 77' lang='grc' dir='ltr'>διασώζοντα</span> 
     </span>
    </p>
   </div>
   <div class='ocr_carea' id='block_1_39' title="bbox 392 2438 1958 2513">
    <p class='ocr_par' dir='ltr' id='par_1_39' title="bbox 392 2438 1958 2513">
     <span class='ocr_line' id='line_1_39' title="bbox 392 2438 1958 2513; baseline 0.006 -24"><span class='ocrx_word' id='word_1_281' title='bbox 392 2438 601 2509; x_wconf 82' lang='grc' dir='ltr'>καρπὸν</span> <span class='ocrx_word' id='word_1_282' title='bbox 631 2439 716 2493; x_wconf 81' lang='grc' dir='ltr'>διὰ</span> <span class='ocrx_word' id='word_1_283' title='bbox 744 2441 924 2510; x_wconf 80' lang='grc' dir='ltr'>πάσης</span> <span class='ocrx_word' id='word_1_284' title='bbox 953 2443 1266 2511; x_wconf 80' lang='grc' dir='ltr'>ἐπιμελείας</span> <span class='ocrx_word' id='word_1_285' title='bbox 1312 2444 1563 2513; x_wconf 82' lang='grc' dir='ltr'>φυλάττει</span> <span class='ocrx_word' id='word_1_286' title='bbox 1585 2461 1599 2473; x_wconf 70' lang='grc' dir='ltr'><strong><em>ο</em></strong></span> <span class='ocrx_word' id='word_1_287' title='bbox 1648 2443 1787 2496; x_wconf 79' lang='grc' dir='ltr'>οὕτω</span> <span class='ocrx_word' id='word_1_288' title='bbox 1821 2444 1958 2498; x_wconf 84' lang='grc' dir='ltr'><strong>κατά</strong></span> 
     </span>
    </p>
   </div>
   <div class='ocr_carea' id='block_1_40' title="bbox 390 2528 1958 2605">
    <p class='ocr_par' dir='ltr' id='par_1_40' title="bbox 390 2528 1958 2605">
     <span class='ocr_line' id='line_1_40' title="bbox 390 2528 1958 2605; baseline 0.006 -26"><span class='ocrx_word' id='word_1_289' title='bbox 390 2528 481 2579; x_wconf 84' lang='grc' dir='ltr'><strong>τὸν</strong></span> <span class='ocrx_word' id='word_1_290' title='bbox 528 2531 716 2600; x_wconf 75' lang='grc' dir='ltr'>καιρὸν</span> <span class='ocrx_word' id='word_1_291' title='bbox 754 2531 844 2583; x_wconf 90' lang='grc' dir='ltr'><strong>τοῦ</strong></span> <span class='ocrx_word' id='word_1_292' title='bbox 888 2532 1146 2604; x_wconf 82' lang='grc' dir='ltr'>θερισμοῦ</span> <span class='ocrx_word' id='word_1_293' title='bbox 1173 2534 1493 2604; x_wconf 78' lang='grc' dir='ltr'>γενήσεσθαί</span> <span class='ocrx_word' id='word_1_294' title='bbox 1530 2552 1679 2604; x_wconf 85' lang='grc' dir='ltr'>φησι,</span> <span class='ocrx_word' id='word_1_295' title='bbox 1722 2535 1830 2588; x_wconf 86' lang='grc' dir='ltr'><strong>τῶν</strong></span> <span class='ocrx_word' id='word_1_296' title='bbox 1860 2536 1958 2605; x_wconf 89' lang='grc' dir='ltr'><strong>τῆς</strong></span> 
     </span>
    </p>
   </div>
   <div class='ocr_carea' id='block_1_41' title="bbox 388 2618 1954 2697">
    <p class='ocr_par' dir='ltr' id='par_1_41' title="bbox 388 2618 1954 2697">
     <span class='ocr_line' id='line_1_41' title="bbox 388 2618 1954 2697; baseline 0.006 -27"><span class='ocrx_word' id='word_1_297' title='bbox 388 2618 631 2689; x_wconf 81' lang='grc' dir='ltr'>ἀμπέλου</span> <span class='ocrx_word' id='word_1_298' title='bbox 656 2622 921 2693; x_wconf 85' lang='grc' dir='ltr'>περιττῶν</span> <span class='ocrx_word' id='word_1_299' title='bbox 943 2624 1256 2694; x_wconf 87' lang='grc' dir='ltr'>κλημάτων,</span> <span class='ocrx_word' id='word_1_300' title='bbox 1274 2624 1487 2677; x_wconf 78' lang='grc' dir='ltr'>καὶτῶν</span> <span class='ocrx_word' id='word_1_301' title='bbox 1510 2627 1795 2697; x_wconf 84' lang='grc' dir='ltr'>ἀχρήστων</span> <span class='ocrx_word' id='word_1_302' title='bbox 1815 2627 1954 2697; x_wconf 79' lang='grc' dir='ltr'>αὐτῇ</span> 
     </span>
    </p>
   </div>
   <div class='ocr_carea' id='block_1_42' title="bbox 386 2710 1956 2789">
    <p class='ocr_par' dir='ltr' id='par_1_42' title="bbox 386 2710 1956 2789">
     <span class='ocr_line' id='line_1_42' title="bbox 386 2710 1956 2789; baseline 0.005 -25"><span class='ocrx_word' id='word_1_303' title='bbox 386 2710 623 2783; x_wconf 79' lang='grc' dir='ltr'>βοτρύων</span> <span class='ocrx_word' id='word_1_304' title='bbox 666 2716 1156 2786; x_wconf 83' lang='grc' dir='ltr'>περιαιρουμένων,</span> <span class='ocrx_word' id='word_1_305' title='bbox 1209 2719 1302 2770; x_wconf 74' lang='grc' dir='ltr'><strong>καὶ</strong></span> <span class='ocrx_word' id='word_1_306' title='bbox 1353 2719 1828 2789; x_wconf 85' lang='grc' dir='ltr'>ἀποκοπτομένων,</span> <span class='ocrx_word' id='word_1_307' title='bbox 1877 2722 1956 2783; x_wconf 90' lang='grc' dir='ltr'><strong>είς</strong></span> 
     </span>
    </p>
   </div>
   <div class='ocr_carea' id='block_1_43' title="bbox 384 2803 1952 2880">
    <p class='ocr_par' dir='ltr' id='par_1_43' title="bbox 384 2803 1952 2880">
     <span class='ocr_line' id='line_1_43' title="bbox 384 2803 1952 2880; baseline 0.004 -23"><span class='ocrx_word' id='word_1_308' title='bbox 384 2803 548 2876; x_wconf 89' lang='grc' dir='ltr'>βοράν</span> <span class='ocrx_word' id='word_1_309' title='bbox 589 2822 647 2858; x_wconf 88' lang='grc' dir='ltr'><strong>τε</strong></span> <span class='ocrx_word' id='word_1_310' title='bbox 694 2807 1047 2879; x_wconf 81' lang='grc' dir='ltr'>ὲκδιδομένων</span> <span class='ocrx_word' id='word_1_311' title='bbox 1085 2812 1205 2873; x_wconf 85' lang='grc' dir='ltr'>ταῖς</span> <span class='ocrx_word' id='word_1_312' title='bbox 1253 2811 1598 2874; x_wconf 86' lang='grc' dir='ltr'>κολαστικαῖς</span> <span class='ocrx_word' id='word_1_313' title='bbox 1629 2810 1952 2880; x_wconf 87' lang='grc' dir='ltr'>δυνάμεσιν,</span> 
     </span>
    </p>
   </div>
   <div class='ocr_carea' id='block_1_44' title="bbox 379 2898 1954 2975">
    <p class='ocr_par' dir='ltr' id='par_1_44' title="bbox 379 2898 1954 2975">
     <span class='ocr_line' id='line_1_44' title="bbox 379 2898 1954 2975; baseline 0.004 -25"><span class='ocrx_word' id='word_1_314' title='bbox 379 2898 430 2951; x_wconf 75' lang='lat' dir='ltr'><strong>oi</strong></span> <span class='ocrx_word' id='word_1_315' title='bbox 480 2898 672 2965; x_wconf 74' lang='grc' dir='ltr'>ἀγαθοὶ</span> <span class='ocrx_word' id='word_1_316' title='bbox 718 2899 957 2972; x_wconf 84' lang='grc' dir='ltr'>βότρυες,</span> <span class='ocrx_word' id='word_1_317' title='bbox 989 2904 1044 2955; x_wconf 89' lang='grc' dir='ltr'>αἱ</span> <span class='ocrx_word' id='word_1_318' title='bbox 1085 2903 1419 2975; x_wconf 85' lang='grc' dir='ltr'>καρποφόροι</span> <span class='ocrx_word' id='word_1_319' title='bbox 1452 2903 1640 2974; x_wconf 72' lang='grc' dir='ltr'>ψυχαὶ,</span> <span class='ocrx_word' id='word_1_320' title='bbox 1673 2904 1774 2974; x_wconf 85' lang='grc' dir='ltr'><strong>τῆς</strong></span> <span class='ocrx_word' id='word_1_321' title='bbox 1803 2903 1954 2974; x_wconf 89' lang='grc' dir='ltr'><strong>παρά</strong></span> 
     </span>
    </p>
   </div>
   <div class='ocr_carea' id='block_1_45' title="bbox 380 2988 1952 3062">
    <p class='ocr_par' dir='ltr' id='par_1_45' title="bbox 380 2988 1952 3062">
     <span class='ocr_line' id='line_1_45' title="bbox 380 2988 1952 3062; baseline 0.006 -22"><span class='ocrx_word' id='word_1_322' title='bbox 380 2988 513 3041; x_wconf 86' lang='grc' dir='ltr'>Θεοῦ</span> <span class='ocrx_word' id='word_1_323' title='bbox 541 2990 816 3056; x_wconf 80' lang='grc' dir='ltr'>τεύξονται</span> <span class='ocrx_word' id='word_1_324' title='bbox 854 2993 1069 3062; x_wconf 85' lang='grc' dir='ltr'>ἀγαθῆς</span> <span class='ocrx_word' id='word_1_325' title='bbox 1099 2992 1330 3058; x_wconf 80' lang='grc' dir='ltr'>ἐλπίδος.</span> <span class='ocrx_word' id='word_1_326' title='bbox 1378 2996 1465 3048; x_wconf 86' lang='grc' dir='ltr'>Ἐν</span> <span class='ocrx_word' id='word_1_327' title='bbox 1495 2995 1704 3059; x_wconf 87' lang='grc' dir='ltr'>τούτοις</span> <span class='ocrx_word' id='word_1_328' title='bbox 1732 2996 1892 3060; x_wconf 83' lang='grc' dir='ltr'>αὐτὸς</span> <span class='ocrx_word' id='word_1_329' title='bbox 1922 2998 1952 3051; x_wconf 86' lang='grc' dir='ltr'><strong>δ</strong></span> 
     </span>
    </p>
   </div>
   <div class='ocr_carea' id='block_1_46' title="bbox 381 3079 1953 3159">
    <p class='ocr_par' dir='ltr' id='par_1_46' title="bbox 381 3079 1953 3159">
     <span class='ocr_line' id='line_1_46' title="bbox 381 3079 1953 3159; baseline 0.007 -28"><span class='ocrx_word' id='word_1_330' title='bbox 381 3079 568 3151; x_wconf 80' lang='grc' dir='ltr'>Σωτὴρ</span> <span class='ocrx_word' id='word_1_331' title='bbox 598 3084 786 3137; x_wconf 73' lang='grc' dir='ltr'>ἑαυτὸν</span> <span class='ocrx_word' id='word_1_332' title='bbox 815 3080 1072 3155; x_wconf 80' lang='grc' dir='ltr'>εἶναιτὴν</span> <span class='ocrx_word' id='word_1_333' title='bbox 1098 3086 1339 3157; x_wconf 80' lang='grc' dir='ltr'>ἄμπελον</span> <span class='ocrx_word' id='word_1_334' title='bbox 1367 3086 1596 3158; x_wconf 76' lang='grc' dir='ltr'>ἔφησεν·</span> <span class='ocrx_word' id='word_1_335' title='bbox 1616 3089 1742 3151; x_wconf 81' lang='grc' dir='ltr'>τοὺς</span> <span class='ocrx_word' id='word_1_336' title='bbox 1767 3088 1822 3141; x_wconf 88' lang='grc' dir='ltr'>δὲ</span> <span class='ocrx_word' id='word_1_337' title='bbox 1850 3106 1953 3159; x_wconf 86' lang='grc' dir='ltr'>μα-</span> 
     </span>
    </p>
   </div>
   <div class='ocr_carea' id='block_1_47' title="bbox 376 3170 1949 3252">
    <p class='ocr_par' dir='ltr' id='par_1_47' title="bbox 376 3170 1949 3252">
     <span class='ocr_line' id='line_1_47' title="bbox 376 3170 1949 3252; baseline 0.004 -25"><span class='ocrx_word' id='word_1_338' title='bbox 376 3170 547 3243; x_wconf 73' lang='grc' dir='ltr'>θητὰς</span> <span class='ocrx_word' id='word_1_339' title='bbox 586 3174 653 3228; x_wconf 79' lang='grc' dir='ltr'>τὰ</span> <span class='ocrx_word' id='word_1_340' title='bbox 693 3175 973 3247; x_wconf 63' lang='grc' dir='ltr'>κλήματα·</span> <span class='ocrx_word' id='word_1_341' title='bbox 1009 3178 1230 3249; x_wconf 85' lang='grc' dir='ltr'>βότρυες</span> <span class='ocrx_word' id='word_1_342' title='bbox 1262 3178 1319 3231; x_wconf 81' lang='grc' dir='ltr'>δὲ</span> <span class='ocrx_word' id='word_1_343' title='bbox 1358 3178 1467 3233; x_wconf 86' lang='grc' dir='ltr'>τῶν</span> <span class='ocrx_word' id='word_1_344' title='bbox 1496 3180 1789 3252; x_wconf 87' lang='grc' dir='ltr'>κλημάτων</span> <span class='ocrx_word' id='word_1_345' title='bbox 1819 3181 1949 3234; x_wconf 82' lang='grc' dir='ltr'>ἀκό-</span> 
     </span>
    </p>
   </div>
   <div class='ocr_carea' id='block_1_48' title="bbox 379 3262 1948 3343">
    <p class='ocr_par' dir='ltr' id='par_1_48' title="bbox 379 3262 1948 3343">
     <span class='ocr_line' id='line_1_48' title="bbox 379 3262 1948 3343; baseline 0.006 -28"><span class='ocrx_word' id='word_1_346' title='bbox 379 3262 567 3317; x_wconf 62' lang='grc' dir='ltr'>λουθόν</span> <span class='ocrx_word' id='word_1_347' title='bbox 596 3266 710 3318; x_wconf 86' lang='grc' dir='ltr'>ὲστι</span> <span class='ocrx_word' id='word_1_348' title='bbox 730 3270 889 3330; x_wconf 85' lang='grc' dir='ltr'>νοεῖν,</span> <span class='ocrx_word' id='word_1_349' title='bbox 906 3270 1028 3331; x_wconf 83' lang='grc' dir='ltr'>τοὺς</span> <span class='ocrx_word' id='word_1_350' title='bbox 1058 3269 1160 3321; x_wconf 84' lang='grc' dir='ltr'><strong>ὑπὸ</strong></span> <span class='ocrx_word' id='word_1_351' title='bbox 1182 3269 1290 3322; x_wconf 86' lang='grc' dir='ltr'><strong>τῶν</strong></span> <span class='ocrx_word' id='word_1_352' title='bbox 1312 3270 1621 3323; x_wconf 79' lang='grc' dir='ltr'>ἀποστόλων</span> <span class='ocrx_word' id='word_1_353' title='bbox 1647 3271 1948 3343; x_wconf 79' lang='grc' dir='ltr'>μαθητευο-</span> 
     </span>
    </p>
   </div>
   <div class='ocr_carea' id='block_1_49' title="bbox 2066 1985 3631 2059">
    <p class='ocr_par' dir='ltr' id='par_1_49' title="bbox 2066 1985 3631 2059">
     <span class='ocr_line' id='line_1_49' title="bbox 2066 1985 3631 2059; baseline -0.002 -15"><span class='ocrx_word' id='word_1_354' title='bbox 2066 2004 2188 2044; x_wconf 89' lang='lat' dir='ltr'><strong>nem</strong></span> <span class='ocrx_word' id='word_1_355' title='bbox 2224 2003 2372 2059; x_wconf 87' lang='lat' dir='ltr'><strong>spem</strong></span> <span class='ocrx_word' id='word_1_356' title='bbox 2401 1988 2728 2057; x_wconf 88' lang='lat' dir='ltr'><strong>relinquant,</strong></span> <span class='ocrx_word' id='word_1_357' title='bbox 2753 2004 2817 2043; x_wconf 78' lang='lat' dir='ltr'><strong>ex</strong></span> <span class='ocrx_word' id='word_1_358' title='bbox 2844 1987 3195 2058; x_wconf 73' lang='lat' dir='ltr'><strong>agriculturze’</strong></span> <span class='ocrx_word' id='word_1_359' title='bbox 3209 1986 3401 2057; x_wconf 89' lang='lat' dir='ltr'><strong>peritia</strong></span> <span class='ocrx_word' id='word_1_360' title='bbox 3430 1985 3497 2040; x_wconf 87' lang='lat' dir='ltr'><strong>de</strong></span> <span class='ocrx_word' id='word_1_361' title='bbox 3525 2000 3631 2041; x_wconf 88' lang='lat' dir='ltr'><strong>me-</strong></span> 
     </span>
    </p>
   </div>
   <div class='ocr_carea' id='block_1_50' title="bbox 2064 2076 3631 2149">
    <p class='ocr_par' dir='ltr' id='par_1_50' title="bbox 2064 2076 3631 2149">
     <span class='ocr_line' id='line_1_50' title="bbox 2064 2076 3631 2149; baseline -0.001 -14"><span class='ocrx_word' id='word_1_362' title='bbox 2064 2083 2153 2135; x_wconf 93' lang='lat' dir='ltr'><strong>dio</strong></span> <span class='ocrx_word' id='word_1_363' title='bbox 2183 2080 2343 2145; x_wconf 93' lang='lat' dir='ltr'><strong>tollit,</strong></span> <span class='ocrx_word' id='word_1_364' title='bbox 2406 2094 2475 2134; x_wconf 90' lang='lat' dir='ltr'><strong>ne</strong></span> <span class='ocrx_word' id='word_1_365' title='bbox 2516 2080 2787 2149; x_wconf 88' lang='lat' dir='ltr'><strong>superﬂua</strong></span> <span class='ocrx_word' id='word_1_366' title='bbox 2827 2090 2881 2134; x_wconf 90' lang='lat' dir='ltr'><strong>ct</strong></span> <span class='ocrx_word' id='word_1_367' title='bbox 2931 2078 3136 2133; x_wconf 89' lang='lat' dir='ltr'><strong>inutilia</strong></span> <span class='ocrx_word' id='word_1_368' title='bbox 3168 2078 3471 2147; x_wconf 80' lang='lat' dir='ltr'><strong>vigentibus</strong></span> <span class='ocrx_word' id='word_1_369' title='bbox 3508 2076 3631 2133; x_wconf 84' lang='lat' dir='ltr'><strong>uvis</strong></span> 
     </span>
    </p>
   </div>
   <div class='ocr_carea' id='block_1_51' title="bbox 2062 2166 3626 2241">
    <p class='ocr_par' dir='ltr' id='par_1_51' title="bbox 2062 2166 3626 2241">
     <span class='ocr_line' id='line_1_51' title="bbox 2062 2166 3626 2241; baseline -0.004 -14"><span class='ocrx_word' id='word_1_370' title='bbox 2062 2180 2335 2227; x_wconf 90' lang='lat' dir='ltr'><strong>noceant:</strong></span> <span class='ocrx_word' id='word_1_371' title='bbox 2399 2171 2755 2241; x_wconf 89' lang='lat' dir='ltr'><strong>quamobrem</strong></span> <span class='ocrx_word' id='word_1_372' title='bbox 2823 2170 2911 2225; x_wconf 87' lang='lat' dir='ltr'><strong>illa</strong></span> <span class='ocrx_word' id='word_1_373' title='bbox 2949 2171 3171 2240; x_wconf 89' lang='lat' dir='ltr'><strong>quidem</strong></span> <span class='ocrx_word' id='word_1_374' title='bbox 3221 2168 3421 2233; x_wconf 89' lang='lat' dir='ltr'><strong>aufert,</strong></span> <span class='ocrx_word' id='word_1_375' title='bbox 3471 2177 3525 2221; x_wconf 89' lang='lat' dir='ltr'><strong>et</strong></span> <span class='ocrx_word' id='word_1_376' title='bbox 3570 2166 3626 2222; x_wconf 93' lang='lat' dir='ltr'><strong>in</strong></span> 
     </span>
    </p>
   </div>
   <div class='ocr_carea' id='block_1_52' title="bbox 2063 2259 3624 2329">
    <p class='ocr_par' dir='ltr' id='par_1_52' title="bbox 2063 2259 3624 2329">
     <span class='ocr_line' id='line_1_52' title="bbox 2063 2259 3624 2329; baseline -0.006 -9"><span class='ocrx_word' id='word_1_377' title='bbox 2063 2280 2240 2320; x_wconf 88' lang='lat' dir='ltr'><strong>escam</strong></span> <span class='ocrx_word' id='word_1_378' title='bbox 2284 2264 2638 2320; x_wconf 70' lang='lat' dir='ltr'><strong>«volatilibus</strong></span> <span class='ocrx_word' id='word_1_379' title='bbox 2661 2263 2781 2319; x_wconf 77' lang='grc' dir='ltr'>οωιί</span> <span class='ocrx_word' id='word_1_380' title='bbox 2818 2274 2871 2318; x_wconf 83' lang='lat' dir='ltr'><strong>et</strong></span> <span class='ocrx_word' id='word_1_381' title='bbox 2921 2264 3111 2318; x_wconf 78' lang='lat' dir='ltr'><strong>bestiis</strong></span> <span class='ocrx_word' id='word_1_382' title='bbox 3145 2273 3301 2317; x_wconf 76' lang='lat' dir='ltr'><strong>terrze</strong></span> <span class='ocrx_word' id='word_1_383' title='bbox 3333 2279 3351 2313; x_wconf 77' lang='grc' dir='ltr'><strong>ι</strong></span> <span class='ocrx_word' id='word_1_384' title='bbox 3390 2259 3577 2329; x_wconf 89' lang='lat' dir='ltr'><strong>abjicit</strong></span> <span class='ocrx_word' id='word_1_385' title='bbox 3606 2274 3624 2325; x_wconf 89' lang='lat'><strong>;</strong></span> 
     </span>
    </p>
   </div>
   <div class='ocr_carea' id='block_1_53' title="bbox 2061 2350 3622 2425">
    <p class='ocr_par' dir='ltr' id='par_1_53' title="bbox 2061 2350 3622 2425">
     <span class='ocr_line' id='line_1_53' title="bbox 2061 2350 3622 2425; baseline -0.003 -18"><span class='ocrx_word' id='word_1_386' title='bbox 2061 2369 2181 2425; x_wconf 70' lang='lat' dir='ltr'><strong>quas</strong></span> <span class='ocrx_word' id='word_1_387' title='bbox 2209 2369 2339 2409; x_wconf 88' lang='lat' dir='ltr'><strong>vero</strong></span> <span class='ocrx_word' id='word_1_388' title='bbox 2365 2355 2666 2422; x_wconf 86' lang='lat' dir='ltr'><strong>perfectum</strong></span> <span class='ocrx_word' id='word_1_389' title='bbox 2707 2353 2939 2408; x_wconf 86' lang='lat' dir='ltr'><strong>fructum</strong></span> <span class='ocrx_word' id='word_1_390' title='bbox 2981 2360 3202 2407; x_wconf 82' lang='lat' dir='ltr'><strong>servant</strong></span> <span class='ocrx_word' id='word_1_391' title='bbox 3240 2350 3576 2418; x_wconf 89' lang='lat' dir='ltr'><strong>retinentque</strong></span> <span class='ocrx_word' id='word_1_392' title='bbox 3603 2386 3622 2413; x_wconf 89' lang='lat'><strong>,</strong></span> 
     </span>
    </p>
   </div>
   <div class='ocr_carea' id='block_1_54' title="bbox 2060 2442 3624 2509">
    <p class='ocr_par' dir='ltr' id='par_1_54' title="bbox 2060 2442 3624 2509">
     <span class='ocr_line' id='line_1_54' title="bbox 2060 2442 3624 2509; baseline -0.004 -9"><span class='ocrx_word' id='word_1_393' title='bbox 2060 2460 2267 2500; x_wconf 91' lang='lat' dir='ltr'><strong>summa</strong></span> <span class='ocrx_word' id='word_1_394' title='bbox 2311 2444 2670 2499; x_wconf 88' lang='lat' dir='ltr'><strong>sollicitudine</strong></span> <span class='ocrx_word' id='word_1_395' title='bbox 2698 2444 2825 2498; x_wconf 91' lang='lat' dir='ltr'><strong>colit</strong></span> <span class='ocrx_word' id='word_1_396' title='bbox 2851 2454 2904 2497; x_wconf 88' lang='lat' dir='ltr'><strong>et</strong></span> <span class='ocrx_word' id='word_1_397' title='bbox 2938 2454 3150 2509; x_wconf 85' lang='lat' dir='ltr'><strong>tuetur;</strong></span> <span class='ocrx_word' id='word_1_398' title='bbox 3185 2442 3264 2496; x_wconf 87' lang='lat' dir='ltr'><strong>sic</strong></span> <span class='ocrx_word' id='word_1_399' title='bbox 3297 2442 3349 2494; x_wconf 92' lang='lat' dir='ltr'><strong>in</strong></span> <span class='ocrx_word' id='word_1_400' title='bbox 3379 2449 3624 2508; x_wconf 87' lang='lat' dir='ltr'><strong>tempore</strong></span> 
     </span>
    </p>
   </div>
   <div class='ocr_carea' id='block_1_55' title="bbox 2059 2534 3622 2602">
    <p class='ocr_par' dir='ltr' id='par_1_55' title="bbox 2059 2534 3622 2602">
     <span class='ocr_line' id='line_1_55' title="bbox 2059 2534 3622 2602; baseline -0.006 -10"><span class='ocrx_word' id='word_1_401' title='bbox 2059 2536 2254 2593; x_wconf 88' lang='lat' dir='ltr'><strong>messis</strong></span> <span class='ocrx_word' id='word_1_402' title='bbox 2288 2534 2526 2589; x_wconf 91' lang='lat' dir='ltr'><strong>futurum</strong></span> <span class='ocrx_word' id='word_1_403' title='bbox 2560 2548 2680 2590; x_wconf 90' lang='lat' dir='ltr'><strong>esse</strong></span> <span class='ocrx_word' id='word_1_404' title='bbox 2707 2535 2803 2601; x_wconf 90' lang='lat' dir='ltr'><strong>ait,</strong></span> <span class='ocrx_word' id='word_1_405' title='bbox 2829 2534 3023 2589; x_wconf 87' lang='lat' dir='ltr'><strong>ablatis</strong></span> <span class='ocrx_word' id='word_1_406' title='bbox 3073 2534 3270 2602; x_wconf 89' lang='lat' dir='ltr'><strong>quippe</strong></span> <span class='ocrx_word' id='word_1_407' title='bbox 3299 2545 3622 2598; x_wconf 88' lang='lat' dir='ltr'><strong>supervaca-</strong></span> 
     </span>
    </p>
   </div>
   <div class='ocr_carea' id='block_1_56' title="bbox 2060 2625 3619 2698">
    <p class='ocr_par' dir='ltr' id='par_1_56' title="bbox 2060 2625 3619 2698">
     <span class='ocr_line' id='line_1_56' title="bbox 2060 2625 3619 2698; baseline -0.003 -14"><span class='ocrx_word' id='word_1_408' title='bbox 2060 2630 2180 2686; x_wconf 88' lang='lat' dir='ltr'><strong>neis</strong></span> <span class='ocrx_word' id='word_1_409' title='bbox 2207 2629 2379 2684; x_wconf 68' lang='lat' dir='ltr'><strong>vinea:</strong></span> <span class='ocrx_word' id='word_1_410' title='bbox 2404 2628 2738 2698; x_wconf 88' lang='lat' dir='ltr'><strong>palmitibus,</strong></span> <span class='ocrx_word' id='word_1_411' title='bbox 2785 2627 3119 2697; x_wconf 89' lang='lat' dir='ltr'><strong>succisisque</strong></span> <span class='ocrx_word' id='word_1_412' title='bbox 3150 2625 3425 2681; x_wconf 91' lang='lat' dir='ltr'><strong>inutilibus</strong></span> <span class='ocrx_word' id='word_1_413' title='bbox 3454 2626 3571 2679; x_wconf 83' lang='lat' dir='ltr'><strong>uvis</strong></span> <span class='ocrx_word' id='word_1_414' title='bbox 3601 2662 3619 2689; x_wconf 89' lang='lat'><strong>,</strong></span> 
     </span>
    </p>
   </div>
   <div class='ocr_carea' id='block_1_57' title="bbox 2057 2715 3623 2789">
    <p class='ocr_par' dir='ltr' id='par_1_57' title="bbox 2057 2715 3623 2789">
     <span class='ocr_line' id='line_1_57' title="bbox 2057 2715 3623 2789; baseline -0.002 -16"><span class='ocrx_word' id='word_1_415' title='bbox 2057 2728 2221 2789; x_wconf 91' lang='lat' dir='ltr'><strong>atque</strong></span> <span class='ocrx_word' id='word_1_416' title='bbox 2250 2720 2305 2774; x_wconf 93' lang='lat' dir='ltr'><strong>in</strong></span> <span class='ocrx_word' id='word_1_417' title='bbox 2333 2734 2511 2775; x_wconf 88' lang='lat' dir='ltr'><strong>escam</strong></span> <span class='ocrx_word' id='word_1_418' title='bbox 2541 2718 2810 2775; x_wconf 90' lang='lat' dir='ltr'><strong>ultricium</strong></span> <span class='ocrx_word' id='word_1_419' title='bbox 2841 2726 3162 2789; x_wconf 88' lang='lat' dir='ltr'><strong>potestatum</strong></span> <span class='ocrx_word' id='word_1_420' title='bbox 3194 2718 3439 2781; x_wconf 88' lang='lat' dir='ltr'><strong>traditis;</strong></span> <span class='ocrx_word' id='word_1_421' title='bbox 3467 2715 3623 2771; x_wconf 68' lang='lat' dir='ltr'><strong>bona:</strong></span> 
     </span>
    </p>
   </div>
   <div class='ocr_carea' id='block_1_58' title="bbox 2056 2809 3623 2879">
    <p class='ocr_par' dir='ltr' id='par_1_58' title="bbox 2056 2809 3623 2879">
     <span class='ocr_line' id='line_1_58' title="bbox 2056 2809 3623 2879; baseline -0.002 -16"><span class='ocrx_word' id='word_1_422' title='bbox 2056 2825 2191 2875; x_wconf 84' lang='lat' dir='ltr'><strong>uvae,</strong></span> <span class='ocrx_word' id='word_1_423' title='bbox 2222 2811 2333 2865; x_wconf 89' lang='lat' dir='ltr'><strong>sive</strong></span> <span class='ocrx_word' id='word_1_424' title='bbox 2349 2812 2544 2865; x_wconf 74' lang='lat' dir='ltr'><strong>anima:</strong></span> <span class='ocrx_word' id='word_1_425' title='bbox 2566 2809 2877 2873; x_wconf 71' lang='lat' dir='ltr'><strong>fructiferze,</strong></span> <span class='ocrx_word' id='word_1_426' title='bbox 2905 2810 3100 2865; x_wconf 86' lang='lat' dir='ltr'><strong>bonam</strong></span> <span class='ocrx_word' id='word_1_427' title='bbox 3131 2824 3277 2879; x_wconf 88' lang='lat' dir='ltr'><strong>spem</strong></span> <span class='ocrx_word' id='word_1_428' title='bbox 3299 2823 3329 2862; x_wconf 89' lang='lat' dir='ltr'><strong>a</strong></span> <span class='ocrx_word' id='word_1_429' title='bbox 3360 2809 3467 2862; x_wconf 92' lang='lat' dir='ltr'><strong>Deo</strong></span> <span class='ocrx_word' id='word_1_430' title='bbox 3487 2822 3623 2861; x_wconf 90' lang='lat' dir='ltr'><strong>con-</strong></span> 
     </span>
    </p>
   </div>
   <div class='ocr_carea' id='block_1_59' title="bbox 2054 2901 3621 2972">
    <p class='ocr_par' dir='ltr' id='par_1_59' title="bbox 2054 2901 3621 2972">
     <span class='ocr_line' id='line_1_59' title="bbox 2054 2901 3621 2972; baseline -0.001 -18"><span class='ocrx_word' id='word_1_431' title='bbox 2054 2910 2368 2970; x_wconf 88' lang='lat' dir='ltr'><strong>sequentur.</strong></span> <span class='ocrx_word' id='word_1_432' title='bbox 2394 2901 2451 2955; x_wconf 93' lang='lat' dir='ltr'><strong>ln</strong></span> <span class='ocrx_word' id='word_1_433' title='bbox 2483 2903 2566 2957; x_wconf 88' lang='lat' dir='ltr'><strong>his</strong></span> <span class='ocrx_word' id='word_1_434' title='bbox 2581 2916 2744 2971; x_wconf 93' lang='lat' dir='ltr'><strong>porro</strong></span> <span class='ocrx_word' id='word_1_435' title='bbox 2772 2903 2886 2972; x_wconf 90' lang='lat' dir='ltr'><strong>ipse</strong></span> <span class='ocrx_word' id='word_1_436' title='bbox 2913 2902 3167 2956; x_wconf 89' lang='lat' dir='ltr'><strong>Servator</strong></span> <span class='ocrx_word' id='word_1_437' title='bbox 3183 2915 3242 2956; x_wconf 87' lang='lat' dir='ltr'><strong>se</strong></span> <span class='ocrx_word' id='word_1_438' title='bbox 3259 2901 3468 2954; x_wconf 86' lang='lat' dir='ltr'><strong>vineam</strong></span> <span class='ocrx_word' id='word_1_439' title='bbox 3498 2912 3621 2953; x_wconf 89' lang='lat' dir='ltr'><strong>esse</strong></span> 
     </span>
    </p>
   </div>
   <div class='ocr_carea' id='block_1_60' title="bbox 2055 2993 3620 3063">
    <p class='ocr_par' dir='ltr' id='par_1_60' title="bbox 2055 2993 3620 3063">
     <span class='ocr_line' id='line_1_60' title="bbox 2055 2993 3620 3063; baseline -0.003 -15"><span class='ocrx_word' id='word_1_440' title='bbox 2055 2994 2224 3059; x_wconf 80' lang='lat' dir='ltr'><strong>dixit;</strong></span> <span class='ocrx_word' id='word_1_441' title='bbox 2252 2993 2542 3063; x_wconf 83' lang='lat' dir='ltr'><strong>discipulos</strong></span> <span class='ocrx_word' id='word_1_442' title='bbox 2572 3009 2702 3050; x_wconf 89' lang='lat' dir='ltr'><strong>vero</strong></span> <span class='ocrx_word' id='word_1_443' title='bbox 2750 3007 2900 3057; x_wconf 87' lang='lat' dir='ltr'><strong>suos,</strong></span> <span class='ocrx_word' id='word_1_444' title='bbox 2939 2994 3219 3061; x_wconf 81' lang='lat' dir='ltr'><strong>palmites;</strong></span> <span class='ocrx_word' id='word_1_445' title='bbox 3275 3007 3407 3047; x_wconf 88' lang='lat' dir='ltr'><strong>uvas</strong></span> <span class='ocrx_word' id='word_1_446' title='bbox 3440 3000 3620 3045; x_wconf 82' lang='lat' dir='ltr'><strong>autem</strong></span> 
     </span>
    </p>
   </div>
   <div class='ocr_carea' id='block_1_61' title="bbox 2051 3085 3621 3157">
    <p class='ocr_par' dir='ltr' id='par_1_61' title="bbox 2051 3085 3621 3157">
     <span class='ocr_line' id='line_1_61' title="bbox 2051 3085 3621 3157; baseline -0.002 -18"><span class='ocrx_word' id='word_1_447' title='bbox 2051 3085 2332 3155; x_wconf 90' lang='lat' dir='ltr'><strong>palmitum</strong></span> <span class='ocrx_word' id='word_1_448' title='bbox 2364 3101 2701 3157; x_wconf 83' lang='lat' dir='ltr'><strong>consequens</strong></span> <span class='ocrx_word' id='word_1_449' title='bbox 2734 3095 2816 3142; x_wconf 92' lang='lat' dir='ltr'><strong>est</strong></span> <span class='ocrx_word' id='word_1_450' title='bbox 2836 3097 2895 3141; x_wconf 92' lang='lat' dir='ltr'><strong>ut</strong></span> <span class='ocrx_word' id='word_1_451' title='bbox 2927 3085 3283 3155; x_wconf 84' lang='lat' dir='ltr'><strong>intelligamus</strong></span> <span class='ocrx_word' id='word_1_452' title='bbox 3335 3097 3455 3138; x_wconf 89' lang='lat' dir='ltr'><strong>esse</strong></span> <span class='ocrx_word' id='word_1_453' title='bbox 3484 3097 3576 3136; x_wconf 89' lang='lat' dir='ltr'><strong>eos</strong></span> <span class='ocrx_word' id='word_1_454' title='bbox 3603 3118 3621 3147; x_wconf 90' lang='lat'><strong>,</strong></span> 
     </span>
    </p>
   </div>
   <div class='ocr_carea' id='block_1_62' title="bbox 2053 3175 3621 3249">
    <p class='ocr_par' dir='ltr' id='par_1_62' title="bbox 2053 3175 3621 3249">
     <span class='ocr_line' id='line_1_62' title="bbox 2053 3175 3621 3249; baseline -0.003 -18"><span class='ocrx_word' id='word_1_455' title='bbox 2053 3178 2145 3249; x_wconf 91' lang='lat' dir='ltr'><strong>qui</strong></span> <span class='ocrx_word' id='word_1_456' title='bbox 2181 3178 2248 3234; x_wconf 88' lang='lat' dir='ltr'><strong>ab</strong></span> <span class='ocrx_word' id='word_1_457' title='bbox 2276 3179 2533 3249; x_wconf 82' lang='lat' dir='ltr'><strong>apostolis</strong></span> <span class='ocrx_word' id='word_1_458' title='bbox 2559 3178 2786 3235; x_wconf 89' lang='lat' dir='ltr'><strong>instituti</strong></span> <span class='ocrx_word' id='word_1_459' title='bbox 2820 3178 3074 3232; x_wconf 88' lang='lat' dir='ltr'><strong>fuerunt:</strong></span> <span class='ocrx_word' id='word_1_460' title='bbox 3111 3191 3337 3246; x_wconf 91' lang='lat' dir='ltr'><strong>quorum</strong></span> <span class='ocrx_word' id='word_1_461' title='bbox 3368 3175 3488 3229; x_wconf 93' lang='lat' dir='ltr'><strong>illos</strong></span> <span class='ocrx_word' id='word_1_462' title='bbox 3520 3189 3621 3228; x_wconf 89' lang='lat' dir='ltr'><strong>ceu</strong></span> 
     </span>
    </p>
   </div>
   <div class='ocr_carea' id='block_1_63' title="bbox 2055 3267 3623 3339">
    <p class='ocr_par' dir='ltr' id='par_1_63' title="bbox 2055 3267 3623 3339">
     <span class='ocr_line' id='line_1_63' title="bbox 2055 3267 3623 3339; baseline -0.004 -14"><span class='ocrx_word' id='word_1_463' title='bbox 2055 3270 2354 3326; x_wconf 88' lang='lat' dir='ltr'><strong>racemulos</strong></span> <span class='ocrx_word' id='word_1_464' title='bbox 2380 3270 2593 3326; x_wconf 90' lang='lat' dir='ltr'><strong>inutiles</strong></span> <span class='ocrx_word' id='word_1_465' title='bbox 2623 3286 2689 3326; x_wconf 88' lang='lat' dir='ltr'><strong>ac</strong></span> <span class='ocrx_word' id='word_1_466' title='bbox 2731 3271 2879 3325; x_wconf 89' lang='lat' dir='ltr'><strong>vitali</strong></span> <span class='ocrx_word' id='word_1_467' title='bbox 2897 3271 3096 3324; x_wconf 84' lang='lat' dir='ltr'><strong>virtute</strong></span> <span class='ocrx_word' id='word_1_468' title='bbox 3112 3271 3368 3339; x_wconf 82' lang='lat' dir='ltr'><strong>privatos,</strong></span> <span class='ocrx_word' id='word_1_469' title='bbox 3400 3267 3452 3320; x_wconf 88' lang='lat' dir='ltr'><strong>in</strong></span> <span class='ocrx_word' id='word_1_470' title='bbox 3484 3274 3623 3321; x_wconf 84' lang='lat' dir='ltr'><strong>tem-</strong></span> 
     </span>
    </p>
   </div>
   <div class='ocr_carea' id='block_1_64' title="bbox 380 3348 1952 3434">
    <p class='ocr_par' dir='ltr' id='par_1_64' title="bbox 380 3348 1951 3434">
     <span class='ocr_line' id='line_1_64' title="bbox 380 3348 1951 3434; baseline 0.008 -29"><span class='ocrx_word' id='word_1_471' title='bbox 380 3362 576 3426; x_wconf 58' lang='grc' dir='ltr'>μένους</span> <span class='ocrx_word' id='word_1_472' title='bbox 594 3371 608 3387; x_wconf 74' lang='grc' dir='ltr'><strong><em>ο</em></strong></span> <span class='ocrx_word' id='word_1_473' title='bbox 634 3348 707 3408; x_wconf 82' lang='grc' dir='ltr'><strong>ὧν</strong></span> <span class='ocrx_word' id='word_1_474' title='bbox 730 3356 799 3409; x_wconf 80' lang='grc' dir='ltr'>τὰ</span> <span class='ocrx_word' id='word_1_475' title='bbox 820 3356 1007 3429; x_wconf 76' lang='grc' dir='ltr'>ὥσπερ</span> <span class='ocrx_word' id='word_1_476' title='bbox 1027 3363 1317 3429; x_wconf 89' lang='grc' dir='ltr'>νεκριμαῖα</span> <span class='ocrx_word' id='word_1_477' title='bbox 1345 3360 1594 3431; x_wconf 87' lang='grc' dir='ltr'>βοτρύδια</span> <span class='ocrx_word' id='word_1_478' title='bbox 1614 3362 1682 3415; x_wconf 89' lang='grc' dir='ltr'><strong>τά</strong></span> <span class='ocrx_word' id='word_1_479' title='bbox 1705 3361 1951 3434; x_wconf 81' lang='grc' dir='ltr'>ἀχρηστα</span> 
     </span>
    </p>
   </div>
   <div class='ocr_carea' id='block_1_65' title="bbox 2054 3348 3621 3434">
    <p class='ocr_par' dir='ltr' id='par_1_65' title="bbox 2054 3358 3621 3431">
     <span class='ocr_line' id='line_1_65' title="bbox 2054 3358 3621 3431; baseline -0.003 -14"><span class='ocrx_word' id='word_1_480' title='bbox 2054 3377 2185 3431; x_wconf 87' lang='lat' dir='ltr'><strong>pore</strong></span> <span class='ocrx_word' id='word_1_481' title='bbox 2227 3363 2415 3431; x_wconf 88' lang='lat' dir='ltr'><strong>judicii</strong></span> <span class='ocrx_word' id='word_1_482' title='bbox 2465 3362 2798 3431; x_wconf 87' lang='lat' dir='ltr'><strong>abjiciendos</strong></span> <span class='ocrx_word' id='word_1_483' title='bbox 2854 3376 2974 3416; x_wconf 85' lang='lat' dir='ltr'><strong>esse</strong></span> <span class='ocrx_word' id='word_1_484' title='bbox 3023 3364 3211 3425; x_wconf 86' lang='lat' dir='ltr'><strong>docet;</strong></span> <span class='ocrx_word' id='word_1_485' title='bbox 3263 3358 3621 3426; x_wconf 86' lang='lat' dir='ltr'><strong>similiterque</strong></span> 
     </span>
    </p>
   </div>
   <div class='ocr_carea' id='block_1_66' title="bbox 379 3445 1952 3527">
    <p class='ocr_par' dir='ltr' id='par_1_66' title="bbox 379 3445 1951 3527">
     <span class='ocr_line' id='line_1_66' title="bbox 379 3445 1951 3527; baseline 0.008 -29"><span class='ocrx_word' id='word_1_486' title='bbox 379 3445 475 3498; x_wconf 81' lang='grc' dir='ltr'>καὶ</span> <span class='ocrx_word' id='word_1_487' title='bbox 505 3446 742 3517; x_wconf 81' lang='grc' dir='ltr'>ζωτικῆς</span> <span class='ocrx_word' id='word_1_488' title='bbox 772 3448 1051 3520; x_wconf 89' lang='grc' dir='ltr'>δυνάμεως</span> <span class='ocrx_word' id='word_1_489' title='bbox 1084 3452 1440 3523; x_wconf 79' lang='grc' dir='ltr'>ὲστερημένα,</span> <span class='ocrx_word' id='word_1_490' title='bbox 1460 3453 1601 3507; x_wconf 83' lang='grc' dir='ltr'>κατὰ</span> <span class='ocrx_word' id='word_1_491' title='bbox 1638 3454 1730 3507; x_wconf 84' lang='grc' dir='ltr'><strong>τὸν</strong></span> <span class='ocrx_word' id='word_1_492' title='bbox 1760 3456 1951 3527; x_wconf 84' lang='grc' dir='ltr'>καιρὸν</span> 
     </span>
    </p>
   </div>
   <div class='ocr_carea' id='block_1_67' title="bbox 2054 3445 3620 3527">
    <p class='ocr_par' dir='ltr' id='par_1_67' title="bbox 2054 3450 3620 3525">
     <span class='ocr_line' id='line_1_67' title="bbox 2054 3450 3620 3525; baseline -0.005 -15"><span class='ocrx_word' id='word_1_493' title='bbox 2054 3456 2301 3525; x_wconf 87' lang='lat' dir='ltr'><strong>palmites</strong></span> <span class='ocrx_word' id='word_1_494' title='bbox 2323 3456 2523 3510; x_wconf 89' lang='lat' dir='ltr'><strong>nullam</strong></span> <span class='ocrx_word' id='word_1_495' title='bbox 2552 3471 2708 3509; x_wconf 89' lang='lat' dir='ltr'><strong>uvam</strong></span> <span class='ocrx_word' id='word_1_496' title='bbox 2743 3454 2996 3519; x_wconf 87' lang='lat' dir='ltr'><strong>ferentes,</strong></span> <span class='ocrx_word' id='word_1_497' title='bbox 3024 3451 3200 3522; x_wconf 90' lang='lat' dir='ltr'><strong>qualis</strong></span> <span class='ocrx_word' id='word_1_498' title='bbox 3231 3458 3349 3504; x_wconf 91' lang='lat' dir='ltr'><strong>erat</strong></span> <span class='ocrx_word' id='word_1_499' title='bbox 3376 3450 3620 3518; x_wconf 87' lang='lat' dir='ltr'><strong>proditor</strong></span> 
     </span>
    </p>
   </div>
   <div class='ocr_carea' id='block_1_68' title="bbox 380 3535 1952 3619">
    <p class='ocr_par' dir='ltr' id='par_1_68' title="bbox 380 3535 1950 3619">
     <span class='ocr_line' id='line_1_68' title="bbox 380 3535 1950 3619; baseline 0.008 -30"><span class='ocrx_word' id='word_1_500' title='bbox 380 3535 475 3605; x_wconf 72' lang='grc' dir='ltr'><strong>τῆς</strong></span> <span class='ocrx_word' id='word_1_501' title='bbox 508 3538 740 3609; x_wconf 85' lang='grc' dir='ltr'>κρίσεως</span> <span class='ocrx_word' id='word_1_502' title='bbox 777 3541 1246 3613; x_wconf 82' lang='grc' dir='ltr'>ἁποϐληθήσεσθαι</span> <span class='ocrx_word' id='word_1_503' title='bbox 1289 3544 1562 3599; x_wconf 83' lang='grc' dir='ltr'>διδάσκει’</span> <span class='ocrx_word' id='word_1_504' title='bbox 1600 3546 1694 3599; x_wconf 82' lang='grc' dir='ltr'>καὶ</span> <span class='ocrx_word' id='word_1_505' title='bbox 1722 3547 1789 3600; x_wconf 90' lang='grc' dir='ltr'><strong>τά</strong></span> <span class='ocrx_word' id='word_1_506' title='bbox 1817 3547 1950 3619; x_wconf 86' lang='grc' dir='ltr'>κλή-</span> 
     </span>
    </p>
   </div>
   <div class='ocr_carea' id='block_1_69' title="bbox 2054 3535 3619 3619">
    <p class='ocr_par' dir='ltr' id='par_1_69' title="bbox 2054 3538 3619 3617">
     <span class='ocr_line' id='line_1_69' title="bbox 2054 3538 3619 3617; baseline -0.005 -15"><span class='ocrx_word' id='word_1_507' title='bbox 2054 3546 2235 3612; x_wconf 85' lang='lat' dir='ltr'><strong>Judas,</strong></span> <span class='ocrx_word' id='word_1_508' title='bbox 2265 3549 2483 3615; x_wconf 86' lang='lat' dir='ltr'><strong>perinde</strong></span> <span class='ocrx_word' id='word_1_509' title='bbox 2510 3556 2669 3617; x_wconf 91' lang='lat' dir='ltr'><strong>atque</strong></span> <span class='ocrx_word' id='word_1_510' title='bbox 2693 3546 2908 3600; x_wconf 88' lang='lat' dir='ltr'><strong>inutiles</strong></span> <span class='ocrx_word' id='word_1_511' title='bbox 2928 3559 3082 3609; x_wconf 86' lang='lat' dir='ltr'><strong>uvas,</strong></span> <span class='ocrx_word' id='word_1_512' title='bbox 3107 3556 3137 3595; x_wconf 69' lang='grc' dir='ltr'><strong>ε</strong></span> <span class='ocrx_word' id='word_1_513' title='bbox 3159 3541 3468 3597; x_wconf 83' lang='lat' dir='ltr'><strong>volatilibus</strong></span> <span class='ocrx_word' id='word_1_514' title='bbox 3493 3538 3619 3594; x_wconf 65' lang='lat' dir='ltr'><strong>coeli</strong></span> 
     </span>
    </p>
   </div>
   <div class='ocr_carea' id='block_1_70' title="bbox 376 3629 1952 3708">
    <p class='ocr_par' dir='ltr' id='par_1_70' title="bbox 376 3629 1946 3708">
     <span class='ocr_line' id='line_1_70' title="bbox 376 3629 1946 3708; baseline 0.008 -29"><span class='ocrx_word' id='word_1_515' title='bbox 376 3644 520 3698; x_wconf 89' lang='grc' dir='ltr'>ματα</span> <span class='ocrx_word' id='word_1_516' title='bbox 549 3629 603 3682; x_wconf 86' lang='grc' dir='ltr'><strong>δὲ</strong></span> <span class='ocrx_word' id='word_1_517' title='bbox 632 3630 910 3695; x_wconf 85' lang='grc' dir='ltr'>ὡσαύτως.</span> <span class='ocrx_word' id='word_1_518' title='bbox 941 3633 1010 3687; x_wconf 84' lang='grc' dir='ltr'>τὰ</span> <span class='ocrx_word' id='word_1_519' title='bbox 1050 3634 1252 3706; x_wconf 80' lang='grc' dir='ltr'>μηδένα</span> <span class='ocrx_word' id='word_1_520' title='bbox 1300 3637 1494 3708; x_wconf 85' lang='grc' dir='ltr'>βότρυν</span> <span class='ocrx_word' id='word_1_521' title='bbox 1539 3637 1793 3708; x_wconf 84' lang='grc' dir='ltr'>φέροντα,</span> <span class='ocrx_word' id='word_1_522' title='bbox 1837 3632 1946 3703; x_wconf 83' lang='grc' dir='ltr'>οἷος</span> 
     </span>
    </p>
   </div>
   <div class='ocr_carea' id='block_1_71' title="bbox 2054 3629 3618 3708">
    <p class='ocr_par' dir='ltr' id='par_1_71' title="bbox 2054 3631 3618 3702">
     <span class='ocr_line' id='line_1_71' title="bbox 2054 3631 3618 3702; baseline -0.004 -9"><span class='ocrx_word' id='word_1_523' title='bbox 2054 3649 2101 3693; x_wconf 85' lang='lat' dir='ltr'><strong>et</strong></span> <span class='ocrx_word' id='word_1_524' title='bbox 2132 3640 2320 3694; x_wconf 78' lang='lat' dir='ltr'><strong>beStiis</strong></span> <span class='ocrx_word' id='word_1_525' title='bbox 2348 3649 2525 3702; x_wconf 83' lang='lat' dir='ltr'><strong>teme,</strong></span> <span class='ocrx_word' id='word_1_526' title='bbox 2582 3638 2831 3692; x_wconf 89' lang='lat' dir='ltr'><strong>videlicet</strong></span> <span class='ocrx_word' id='word_1_527' title='bbox 2877 3634 3205 3691; x_wconf 88' lang='lat' dir='ltr'><strong>adversariis</strong></span> <span class='ocrx_word' id='word_1_528' title='bbox 3243 3642 3299 3688; x_wconf 91' lang='lat' dir='ltr'><strong>et</strong></span> <span class='ocrx_word' id='word_1_529' title='bbox 3337 3631 3618 3687; x_wconf 85' lang='lat' dir='ltr'><strong>ultricibus</strong></span> 
     </span>
    </p>
   </div>
   <div class='ocr_carea' id='block_1_72' title="bbox 374 3716 1952 3804">
    <p class='ocr_par' dir='ltr' id='par_1_72' title="bbox 374 3716 1948 3804">
     <span class='ocr_line' id='line_1_72' title="bbox 374 3716 1948 3804; baseline 0.008 -33"><span class='ocrx_word' id='word_1_530' title='bbox 374 3716 436 3790; x_wconf 72' lang='grc' dir='ltr'><strong>ἦν</strong></span> <span class='ocrx_word' id='word_1_531' title='bbox 458 3720 486 3772; x_wconf 87' lang='grc' dir='ltr'>ὁ</span> <span class='ocrx_word' id='word_1_532' title='bbox 512 3721 776 3793; x_wconf 72' lang='grc' dir='ltr'>προδότης</span> <span class='ocrx_word' id='word_1_533' title='bbox 814 3724 1032 3789; x_wconf 87' lang='grc' dir='ltr'>Ἰούδας,</span> <span class='ocrx_word' id='word_1_534' title='bbox 1059 3726 1260 3797; x_wconf 85' lang='grc' dir='ltr'>ὁμοίως</span> <span class='ocrx_word' id='word_1_535' title='bbox 1288 3730 1401 3792; x_wconf 81' lang='grc' dir='ltr'>τοῖς</span> <span class='ocrx_word' id='word_1_536' title='bbox 1432 3729 1727 3800; x_wconf 84' lang='grc' dir='ltr'>ἀχρήστοις</span> <span class='ocrx_word' id='word_1_537' title='bbox 1757 3728 1948 3804; x_wconf 89' lang='grc' dir='ltr'>βότρυ-</span> 
     </span>
    </p>
   </div>
   <div class='ocr_carea' id='block_1_73' title="bbox 2054 3716 3521 3804">
    <p class='ocr_par' dir='ltr' id='par_1_73' title="bbox 2054 3724 3521 3795">
     <span class='ocr_line' id='line_1_73' title="bbox 2054 3724 3521 3795; baseline 0.005 -11"><span class='ocrx_word' id='word_1_538' title='bbox 2054 3731 2358 3795; x_wconf 88' lang='lat' dir='ltr'><strong>virtutibus,</strong></span> <span class='ocrx_word' id='word_1_539' title='bbox 2391 3732 2629 3784; x_wconf 80' lang='lat' dir='ltr'><strong>excisum</strong></span> <span class='ocrx_word' id='word_1_540' title='bbox 2668 3730 2753 3792; x_wconf 90' lang='lat' dir='ltr'><strong>iri,</strong></span> <span class='ocrx_word' id='word_1_541' title='bbox 3514 3724 3521 3735; x_wconf 67' lang='grc'><em>’</em></span> 
     </span>
    </p>
   </div>
   <div class='ocr_carea' id='block_1_74' title="bbox 373 3814 3614 3893">
    <p class='ocr_par' dir='ltr' id='par_1_74' title="bbox 373 3814 3614 3893">
     <span class='ocr_line' id='line_1_74' title="bbox 373 3814 3614 3893; baseline 0.003 -29"><span class='ocrx_word' id='word_1_542' title='bbox 373 3829 479 3877; x_wconf 90' lang='grc' dir='ltr'>σιν,</span> <span class='ocrx_word' id='word_1_543' title='bbox 518 3814 964 3886; x_wconf 83' lang='grc' dir='ltr'>ἀποκοπήσεσθαι</span> <span class='ocrx_word' id='word_1_544' title='bbox 993 3819 1105 3881; x_wconf 88' lang='grc' dir='ltr'>τοῖς</span> <span class='ocrx_word' id='word_1_545' title='bbox 1146 3821 1411 3882; x_wconf 83' lang='grc' dir='ltr'>πετεινοῖς</span> <span class='ocrx_word' id='word_1_546' title='bbox 1459 3818 1554 3871; x_wconf 87' lang='grc' dir='ltr'><strong>τοῦ</strong></span> <span class='ocrx_word' id='word_1_547' title='bbox 1578 3820 1804 3891; x_wconf 80' lang='grc' dir='ltr'>οὐρανοῦ</span> <span class='ocrx_word' id='word_1_548' title='bbox 1854 3821 1948 3874; x_wconf 74' lang='grc' dir='ltr'>καὶ</span> <span class='ocrx_word' id='word_1_549' title='bbox 1982 3822 2095 3884; x_wconf 84' lang='grc' dir='ltr'>τοῖς</span> <span class='ocrx_word' id='word_1_550' title='bbox 2128 3821 2335 3892; x_wconf 87' lang='grc' dir='ltr'>θηρίοις</span> <span class='ocrx_word' id='word_1_551' title='bbox 2394 3823 2493 3893; x_wconf 86' lang='grc' dir='ltr'><strong>τῆς</strong></span> <span class='ocrx_word' id='word_1_552' title='bbox 2534 3821 2656 3892; x_wconf 87' lang='grc' dir='ltr'>γῆς,</span> <span class='ocrx_word' id='word_1_553' title='bbox 2691 3821 3058 3889; x_wconf 88' lang='grc' dir='ltr'>ἀντικείμεναι</span> <span class='ocrx_word' id='word_1_554' title='bbox 3091 3818 3405 3872; x_wconf 76' lang='grc' dir='ltr'>κολαστικαὶ</span> <span class='ocrx_word' id='word_1_555' title='bbox 3459 3817 3614 3889; x_wconf 82' lang='grc' dir='ltr'>δηλο-</span> 
     </span>
    </p>
   </div>
   <div class='ocr_carea' id='block_1_75' title="bbox 370 3905 792 3976">
    <p class='ocr_par' dir='ltr' id='par_1_75' title="bbox 370 3905 792 3976">
     <span class='ocr_line' id='line_1_75' title="bbox 370 3905 792 3976; baseline 0.005 -19"><span class='ocrx_word' id='word_1_556' title='bbox 370 3906 483 3958; x_wconf 89' lang='grc' dir='ltr'>νότι</span> <span class='ocrx_word' id='word_1_557' title='bbox 514 3905 792 3976; x_wconf 85' lang='grc' dir='ltr'>δυνάμεις.</span> 
     </span>
    </p>
   </div>
   <div class='ocr_carea' id='block_1_76' title="bbox 445 4000 1943 4081">
    <p class='ocr_par' dir='ltr' id='par_1_76' title="bbox 445 4000 1943 4081">
     <span class='ocr_line' id='line_1_76' title="bbox 445 4000 1943 4081; baseline 0.007 -30"><span class='ocrx_word' id='word_1_558' title='bbox 445 4018 463 4051; x_wconf 84' lang='grc' dir='ltr'><strong>ι</strong></span> <span class='ocrx_word' id='word_1_559' title='bbox 507 4000 593 4052; x_wconf 89' lang='grc' dir='ltr'>Ἐν</span> <span class='ocrx_word' id='word_1_560' title='bbox 616 4000 693 4070; x_wconf 82' lang='grc' dir='ltr'><strong>τῷ</strong></span> <span class='ocrx_word' id='word_1_561' title='bbox 725 4001 899 4071; x_wconf 87' lang='grc' dir='ltr'>καιρῷ</span> <span class='ocrx_word' id='word_1_562' title='bbox 924 4001 1115 4071; x_wconf 79' lang='grc' dir='ltr'>ἐκείνῳ</span> <span class='ocrx_word' id='word_1_563' title='bbox 1139 4003 1555 4075; x_wconf 83' lang='grc' dir='ltr'>ἀνενεχθήσεται</span> <span class='ocrx_word' id='word_1_564' title='bbox 1579 4006 1726 4079; x_wconf 79' lang='grc' dir='ltr'>δῶρα</span> <span class='ocrx_word' id='word_1_565' title='bbox 1754 4009 1943 4081; x_wconf 83' lang='grc' dir='ltr'>Κυρίῳ</span> 
     </span>
    </p>
   </div>
   <div class='ocr_carea' id='block_1_77' title="bbox 369 4089 1943 4167">
    <p class='ocr_par' dir='ltr' id='par_1_77' title="bbox 369 4089 1943 4167">
     <span class='ocr_line' id='line_1_77' title="bbox 369 4089 1943 4167; baseline 0.005 -23"><span class='ocrx_word' id='word_1_566' title='bbox 369 4089 597 4145; x_wconf 80' lang='grc' dir='ltr'>Σαϐαὼθ</span> <span class='ocrx_word' id='word_1_567' title='bbox 646 4093 709 4144; x_wconf 79' lang='grc' dir='ltr'>ὲκ</span> <span class='ocrx_word' id='word_1_568' title='bbox 750 4091 878 4144; x_wconf 89' lang='grc' dir='ltr'>λαοῦ</span> <span class='ocrx_word' id='word_1_569' title='bbox 932 4091 1286 4163; x_wconf 83' lang='grc' dir='ltr'>τεθλιμμένου</span> <span class='ocrx_word' id='word_1_570' title='bbox 1330 4095 1426 4149; x_wconf 75' lang='grc' dir='ltr'><strong>καὶ</strong></span> <span class='ocrx_word' id='word_1_571' title='bbox 1468 4096 1801 4167; x_wconf 87' lang='grc' dir='ltr'>τετιλμένου,</span> <span class='ocrx_word' id='word_1_572' title='bbox 1850 4100 1943 4152; x_wconf 75' lang='grc' dir='ltr'>καὶ</span> 
     </span>
    </p>
   </div>
   <div class='ocr_carea' id='block_1_78' title="bbox 369 4181 1943 4253">
    <p class='ocr_par' dir='ltr' id='par_1_78' title="bbox 369 4181 1943 4253">
     <span class='ocr_line' id='line_1_78' title="bbox 369 4181 1943 4253; baseline 0.006 -18"><span class='ocrx_word' id='word_1_573' title='bbox 369 4183 477 4235; x_wconf 74' lang='grc' dir='ltr'><strong>ἀπὸ</strong></span> <span class='ocrx_word' id='word_1_574' title='bbox 506 4181 635 4236; x_wconf 89' lang='grc' dir='ltr'>λαοῦ</span> <span class='ocrx_word' id='word_1_575' title='bbox 670 4183 928 4253; x_wconf 82' lang='grc' dir='ltr'>μεγάλου,</span> <span class='ocrx_word' id='word_1_576' title='bbox 982 4183 1090 4236; x_wconf 86' lang='grc' dir='ltr'><strong>ἀπὸ</strong></span> <span class='ocrx_word' id='word_1_577' title='bbox 1134 4184 1227 4238; x_wconf 85' lang='grc' dir='ltr'><strong>τοῦ</strong></span> <span class='ocrx_word' id='word_1_578' title='bbox 1271 4184 1366 4239; x_wconf 83' lang='grc' dir='ltr'><strong>νῦν</strong></span> <span class='ocrx_word' id='word_1_579' title='bbox 1392 4187 1487 4241; x_wconf 71' lang='grc' dir='ltr'><strong>καὶ</strong></span> <span class='ocrx_word' id='word_1_580' title='bbox 1515 4190 1594 4252; x_wconf 80' lang='grc' dir='ltr'><strong>είς</strong></span> <span class='ocrx_word' id='word_1_581' title='bbox 1640 4190 1730 4242; x_wconf 87' lang='grc' dir='ltr'><strong>τὸν</strong></span> <span class='ocrx_word' id='word_1_582' title='bbox 1773 4192 1943 4244; x_wconf 87' lang='grc' dir='ltr'>αίῶνα</span> 
     </span>
    </p>
   </div>
   <div class='ocr_carea' id='block_1_79' title="bbox 370 4269 1943 4351">
    <p class='ocr_par' dir='ltr' id='par_1_79' title="bbox 370 4269 1943 4351">
     <span class='ocr_line' id='line_1_79' title="bbox 370 4269 1943 4351; baseline 0.004 -25"><span class='ocrx_word' id='word_1_583' title='bbox 370 4273 577 4345; x_wconf 84' lang='grc' dir='ltr'>χρόνον.</span> <span class='ocrx_word' id='word_1_584' title='bbox 595 4293 611 4325; x_wconf 75' lang='grc' dir='ltr'><strong>ι</strong></span> <span class='ocrx_word' id='word_1_585' title='bbox 638 4274 737 4345; x_wconf 80' lang='grc' dir='ltr'><strong>Εἴη</strong></span> <span class='ocrx_word' id='word_1_586' title='bbox 763 4273 807 4326; x_wconf 92' lang='grc' dir='ltr'>δ’</span> <span class='ocrx_word' id='word_1_587' title='bbox 841 4273 906 4328; x_wconf 85' lang='grc' dir='ltr'>ἂν</span> <span class='ocrx_word' id='word_1_588' title='bbox 931 4269 1085 4338; x_wconf 73' lang='grc' dir='ltr'>οὗτος</span> <span class='ocrx_word' id='word_1_589' title='bbox 1113 4278 1142 4329; x_wconf 88' lang='grc' dir='ltr'>ὁ</span> <span class='ocrx_word' id='word_1_590' title='bbox 1172 4276 1273 4345; x_wconf 85' lang='grc' dir='ltr'><strong>τὴν</strong></span> <span class='ocrx_word' id='word_1_591' title='bbox 1308 4280 1499 4349; x_wconf 85' lang='grc' dir='ltr'>στενὴν</span> <span class='ocrx_word' id='word_1_592' title='bbox 1532 4280 1624 4333; x_wconf 76' lang='grc' dir='ltr'>καὶ</span> <span class='ocrx_word' id='word_1_593' title='bbox 1651 4280 1943 4351; x_wconf 85' lang='grc' dir='ltr'>τεθλιμμέ-</span> 
     </span>
    </p>
   </div>
   <div class='ocr_carea' id='block_1_80' title="bbox 368 4365 1942 4442">
    <p class='ocr_par' dir='ltr' id='par_1_80' title="bbox 368 4365 1942 4442">
     <span class='ocr_line' id='line_1_80' title="bbox 368 4365 1942 4442; baseline 0.006 -25"><span class='ocrx_word' id='word_1_594' title='bbox 368 4380 467 4435; x_wconf 88' lang='grc' dir='ltr'><strong>την</strong></span> <span class='ocrx_word' id='word_1_595' title='bbox 494 4365 691 4419; x_wconf 89' lang='grc' dir='ltr'>ὁδεύων</span> <span class='ocrx_word' id='word_1_596' title='bbox 723 4366 823 4437; x_wconf 82' lang='grc' dir='ltr'><strong>τὴν</strong></span> <span class='ocrx_word' id='word_1_597' title='bbox 862 4367 1182 4436; x_wconf 85' lang='grc' dir='ltr'>ἀπάγουσαν</span> <span class='ocrx_word' id='word_1_598' title='bbox 1218 4370 1298 4431; x_wconf 89' lang='grc' dir='ltr'><strong>είς</strong></span> <span class='ocrx_word' id='word_1_599' title='bbox 1346 4370 1444 4441; x_wconf 86' lang='grc' dir='ltr'><strong>τὴν</strong></span> <span class='ocrx_word' id='word_1_600' title='bbox 1485 4369 1629 4442; x_wconf 79' lang='grc' dir='ltr'><strong>ζωήν</strong></span> <span class='ocrx_word' id='word_1_601' title='bbox 1654 4389 1666 4402; x_wconf 81' lang='lat'><strong>&#39;</strong></span> <span class='ocrx_word' id='word_1_602' title='bbox 1716 4374 1745 4426; x_wconf 88' lang='grc' dir='ltr'><strong>ό</strong></span> <span class='ocrx_word' id='word_1_603' title='bbox 1781 4372 1942 4436; x_wconf 78' lang='grc' dir='ltr'>αὐτὸς</span> 
     </span>
    </p>
   </div>
   <div class='ocr_carea' id='block_1_81' title="bbox 2122 3999 3615 4071">
    <p class='ocr_par' dir='ltr' id='par_1_81' title="bbox 2122 3999 3615 4071">
     <span class='ocr_line' id='line_1_81' title="bbox 2122 3999 3615 4071; baseline -0.004 -10"><span class='ocrx_word' id='word_1_604' title='bbox 2122 4006 2283 4061; x_wconf 72' lang='lat' dir='ltr'><strong>Vens.</strong></span> <span class='ocrx_word' id='word_1_605' title='bbox 2305 4005 2356 4058; x_wconf 91' lang='lat'><strong>7.</strong></span> <span class='ocrx_word' id='word_1_606' title='bbox 2385 4022 2404 4056; x_wconf 82' lang='grc' dir='ltr'><strong>ι</strong></span> <span class='ocrx_word' id='word_1_607' title='bbox 2450 4002 2504 4056; x_wconf 92' lang='lat' dir='ltr'><strong>ln</strong></span> <span class='ocrx_word' id='word_1_608' title='bbox 2528 4011 2768 4071; x_wconf 91' lang='lat' dir='ltr'><strong>tempore</strong></span> <span class='ocrx_word' id='word_1_609' title='bbox 2796 3999 2884 4055; x_wconf 93' lang='lat' dir='ltr'><strong>illo</strong></span> <span class='ocrx_word' id='word_1_610' title='bbox 2902 3999 3201 4055; x_wconf 88' lang='lat' dir='ltr'><strong>afferentur</strong></span> <span class='ocrx_word' id='word_1_611' title='bbox 3224 4000 3360 4054; x_wconf 85' lang='lat' dir='ltr'><strong>dona</strong></span> <span class='ocrx_word' id='word_1_612' title='bbox 3388 3999 3615 4061; x_wconf 89' lang='lat' dir='ltr'><strong>Domino</strong></span> 
     </span>
    </p>
   </div>
   <div class='ocr_carea' id='block_1_82' title="bbox 2047 4086 3614 4164">
    <p class='ocr_par' dir='ltr' id='par_1_82' title="bbox 2047 4086 3614 4164">
     <span class='ocr_line' id='line_1_82' title="bbox 2047 4086 3614 4164; baseline -0.004 -12"><span class='ocrx_word' id='word_1_613' title='bbox 2047 4096 2309 4162; x_wconf 87' lang='lat' dir='ltr'><strong>Sabaoth,</strong></span> <span class='ocrx_word' id='word_1_614' title='bbox 2347 4110 2376 4149; x_wconf 90' lang='lat' dir='ltr'><strong>a</strong></span> <span class='ocrx_word' id='word_1_615' title='bbox 2404 4091 2598 4164; x_wconf 92' lang='lat' dir='ltr'><strong>populo</strong></span> <span class='ocrx_word' id='word_1_616' title='bbox 2628 4086 2868 4147; x_wconf 83' lang='lat' dir='ltr'><strong>eontrito</strong></span> <span class='ocrx_word' id='word_1_617' title='bbox 2901 4098 2955 4145; x_wconf 88' lang='lat' dir='ltr'><strong>et</strong></span> <span class='ocrx_word' id='word_1_618' title='bbox 2988 4089 3214 4154; x_wconf 87' lang='lat' dir='ltr'><strong>divulso,</strong></span> <span class='ocrx_word' id='word_1_619' title='bbox 3256 4099 3310 4144; x_wconf 86' lang='lat' dir='ltr'><strong>et</strong></span> <span class='ocrx_word' id='word_1_620' title='bbox 3361 4105 3391 4143; x_wconf 89' lang='lat' dir='ltr'><strong>a</strong></span> <span class='ocrx_word' id='word_1_621' title='bbox 3419 4091 3614 4160; x_wconf 92' lang='lat' dir='ltr'><strong>popqu</strong></span> 
     </span>
    </p>
   </div>
   <div class='ocr_carea' id='block_1_83' title="bbox 2047 4179 3613 4259">
    <p class='ocr_par' dir='ltr' id='par_1_83' title="bbox 2047 4179 3613 4259">
     <span class='ocr_line' id='line_1_83' title="bbox 2047 4179 3613 4259; baseline -0.004 -16"><span class='ocrx_word' id='word_1_622' title='bbox 2047 4202 2265 4259; x_wconf 78' lang='lat' dir='ltr'><strong>magno,</strong></span> <span class='ocrx_word' id='word_1_623' title='bbox 2285 4186 2353 4240; x_wconf 91' lang='lat' dir='ltr'><strong>ab</strong></span> <span class='ocrx_word' id='word_1_624' title='bbox 2384 4188 2486 4241; x_wconf 93' lang='lat' dir='ltr'><strong>hoc</strong></span> <span class='ocrx_word' id='word_1_625' title='bbox 2512 4194 2753 4252; x_wconf 90' lang='lat' dir='ltr'><strong>tempore</strong></span> <span class='ocrx_word' id='word_1_626' title='bbox 2780 4198 2948 4252; x_wconf 92' lang='lat' dir='ltr'><strong>usque</strong></span> <span class='ocrx_word' id='word_1_627' title='bbox 2978 4183 3028 4236; x_wconf 93' lang='lat' dir='ltr'><strong>in</strong></span> <span class='ocrx_word' id='word_1_628' title='bbox 3054 4191 3392 4251; x_wconf 88' lang='lat' dir='ltr'><strong>perpetuum.</strong></span> <span class='ocrx_word' id='word_1_629' title='bbox 3424 4199 3443 4232; x_wconf 77' lang='grc' dir='ltr'><strong>ι</strong></span> <span class='ocrx_word' id='word_1_630' title='bbox 3473 4179 3613 4236; x_wconf 87' lang='lat' dir='ltr'><strong>Fue-</strong></span> 
     </span>
    </p>
   </div>
   <div class='ocr_carea' id='block_1_84' title="bbox 2044 4273 3608 4348">
    <p class='ocr_par' dir='ltr' id='par_1_84' title="bbox 2044 4273 3608 4348">
     <span class='ocr_line' id='line_1_84' title="bbox 2044 4273 3608 4348; baseline -0.006 -12"><span class='ocrx_word' id='word_1_631' title='bbox 2044 4283 2115 4336; x_wconf 86' lang='lat' dir='ltr'><strong>rit</strong></span> <span class='ocrx_word' id='word_1_632' title='bbox 2135 4289 2314 4335; x_wconf 89' lang='lat' dir='ltr'><strong>autem</strong></span> <span class='ocrx_word' id='word_1_633' title='bbox 2344 4280 2433 4333; x_wconf 92' lang='lat' dir='ltr'><strong>hic</strong></span> <span class='ocrx_word' id='word_1_634' title='bbox 2455 4278 2676 4348; x_wconf 88' lang='lat' dir='ltr'><strong>populus</strong></span> <span class='ocrx_word' id='word_1_635' title='bbox 2706 4277 2753 4330; x_wconf 91' lang='lat' dir='ltr'><strong>is</strong></span> <span class='ocrx_word' id='word_1_636' title='bbox 2778 4276 2871 4345; x_wconf 88' lang='lat' dir='ltr'><strong>qui</strong></span> <span class='ocrx_word' id='word_1_637' title='bbox 2894 4276 2944 4328; x_wconf 92' lang='lat' dir='ltr'><strong>in</strong></span> <span class='ocrx_word' id='word_1_638' title='bbox 2969 4284 3198 4344; x_wconf 87' lang='lat' dir='ltr'><strong>angusta</strong></span> <span class='ocrx_word' id='word_1_639' title='bbox 3230 4281 3285 4328; x_wconf 89' lang='lat' dir='ltr'><strong>et</strong></span> <span class='ocrx_word' id='word_1_640' title='bbox 3315 4281 3464 4326; x_wconf 89' lang='lat' dir='ltr'><strong>arcta</strong></span> <span class='ocrx_word' id='word_1_641' title='bbox 3498 4273 3608 4337; x_wconf 87' lang='lat' dir='ltr'><strong>via,</strong></span> 
     </span>
    </p>
   </div>
   <div class='ocr_carea' id='block_1_85' title="bbox 2042 4362 3608 4440">
    <p class='ocr_par' dir='ltr' id='par_1_85' title="bbox 2042 4362 3608 4440">
     <span class='ocr_line' id='line_1_85' title="bbox 2042 4362 3608 4440; baseline -0.007 -14"><span class='ocrx_word' id='word_1_642' title='bbox 2042 4385 2164 4440; x_wconf 71' lang='lat' dir='ltr'><strong>qum</strong></span> <span class='ocrx_word' id='word_1_643' title='bbox 2187 4368 2336 4424; x_wconf 91' lang='lat' dir='ltr'><strong>ducit</strong></span> <span class='ocrx_word' id='word_1_644' title='bbox 2366 4368 2430 4422; x_wconf 90' lang='lat' dir='ltr'><strong>ad</strong></span> <span class='ocrx_word' id='word_1_645' title='bbox 2456 4368 2643 4430; x_wconf 85' lang='lat' dir='ltr'><strong>vitam,</strong></span> <span class='ocrx_word' id='word_1_646' title='bbox 2664 4366 2947 4436; x_wconf 77' lang='lat' dir='ltr'><strong>graditur:</strong></span> <span class='ocrx_word' id='word_1_647' title='bbox 2978 4364 3199 4433; x_wconf 88' lang='lat' dir='ltr'><strong>ipseque</strong></span> <span class='ocrx_word' id='word_1_648' title='bbox 3231 4362 3474 4416; x_wconf 87' lang='lat' dir='ltr'><strong>divulsus</strong></span> <span class='ocrx_word' id='word_1_649' title='bbox 3504 4372 3608 4430; x_wconf 90' lang='lat' dir='ltr'><strong>est,</strong></span> 
     </span>
    </p>
   </div>
   <div class='ocr_carea' id='block_1_86' title="bbox 370 4453 1952 4535">
    <p class='ocr_par' dir='ltr' id='par_1_86' title="bbox 370 4456 1943 4535">
     <span class='ocr_line' id='line_1_86' title="bbox 370 4456 1943 4535; baseline 0.006 -27"><span class='ocrx_word' id='word_1_650' title='bbox 370 4457 465 4509; x_wconf 78' lang='grc' dir='ltr'><strong>καὶ</strong></span> <span class='ocrx_word' id='word_1_651' title='bbox 513 4456 887 4527; x_wconf 77' lang='grc' dir='ltr'>ἐκτετιλμένος</span> <span class='ocrx_word' id='word_1_652' title='bbox 932 4459 1184 4531; x_wconf 84' lang='grc' dir='ltr'>ὑπάρχει,</span> <span class='ocrx_word' id='word_1_653' title='bbox 1249 4461 1325 4525; x_wconf 85' lang='grc' dir='ltr'>ὡς</span> <span class='ocrx_word' id='word_1_654' title='bbox 1377 4462 1442 4515; x_wconf 86' lang='grc' dir='ltr'>ἂν</span> <span class='ocrx_word' id='word_1_655' title='bbox 1489 4464 1591 4531; x_wconf 87' lang='grc' dir='ltr'><strong>τῆς</strong></span> <span class='ocrx_word' id='word_1_656' title='bbox 1622 4464 1806 4535; x_wconf 84' lang='grc' dir='ltr'>κοινῆς</span> <span class='ocrx_word' id='word_1_657' title='bbox 1835 4465 1943 4519; x_wconf 85' lang='grc' dir='ltr'>τῶν</span> 
     </span>
    </p>
   </div>
   <div class='ocr_carea' id='block_1_87' title="bbox 2054 4453 3607 4535">
    <p class='ocr_par' dir='ltr' id='par_1_87' title="bbox 2054 4453 3607 4531">
     <span class='ocr_line' id='line_1_87' title="bbox 2054 4453 3607 4531; baseline -0.005 -16"><span class='ocrx_word' id='word_1_658' title='bbox 2054 4470 2227 4531; x_wconf 84' lang='lat' dir='ltr'><strong>utpote</strong></span> <span class='ocrx_word' id='word_1_659' title='bbox 2254 4460 2400 4529; x_wconf 91' lang='lat' dir='ltr'><strong>quia</strong></span> <span class='ocrx_word' id='word_1_660' title='bbox 2436 4457 2713 4513; x_wconf 86' lang='lat' dir='ltr'><strong>communi</strong></span> <span class='ocrx_word' id='word_1_661' title='bbox 2752 4455 3030 4510; x_wconf 86' lang='lat' dir='ltr'><strong>hominum</strong></span> <span class='ocrx_word' id='word_1_662' title='bbox 3088 4454 3196 4508; x_wconf 89' lang='lat' dir='ltr'><strong>vita</strong></span> <span class='ocrx_word' id='word_1_663' title='bbox 3254 4454 3460 4509; x_wconf 87' lang='lat' dir='ltr'><strong>alienus</strong></span> <span class='ocrx_word' id='word_1_664' title='bbox 3497 4453 3607 4521; x_wconf 87' lang='lat' dir='ltr'><strong>sit,</strong></span> 
     </span>
    </p>
   </div>
   <div class='ocr_carea' id='block_1_88' title="bbox 368 4548 1937 4626">
    <p class='ocr_par' dir='ltr' id='par_1_88' title="bbox 368 4548 1937 4626">
     <span class='ocr_line' id='line_1_88' title="bbox 368 4548 1937 4626; baseline 0.006 -25"><span class='ocrx_word' id='word_1_665' title='bbox 368 4548 668 4620; x_wconf 83' lang='grc' dir='ltr'>ἀνθρώπων</span> <span class='ocrx_word' id='word_1_666' title='bbox 713 4548 860 4619; x_wconf 78' lang='grc' dir='ltr'>ζωῆς</span> <span class='ocrx_word' id='word_1_667' title='bbox 889 4551 1339 4624; x_wconf 76' lang='grc' dir='ltr'>ἠλλοτριωμένος,</span> <span class='ocrx_word' id='word_1_668' title='bbox 1375 4556 1469 4608; x_wconf 72' lang='grc' dir='ltr'>καὶ</span> <span class='ocrx_word' id='word_1_669' title='bbox 1506 4555 1680 4626; x_wconf 85' lang='grc' dir='ltr'>μέγας</span> <span class='ocrx_word' id='word_1_670' title='bbox 1719 4556 1775 4609; x_wconf 91' lang='grc' dir='ltr'><strong>δέ</strong></span> <span class='ocrx_word' id='word_1_671' title='bbox 1822 4557 1937 4611; x_wconf 81' lang='grc' dir='ltr'>ἐστι</span> 
     </span>
    </p>
   </div>
   <div class='ocr_carea' id='block_1_89' title="bbox 367 4639 1935 4713">
    <p class='ocr_par' dir='ltr' id='par_1_89' title="bbox 367 4639 1935 4713">
     <span class='ocr_line' id='line_1_89' title="bbox 367 4639 1935 4713; baseline 0.006 -20"><span class='ocrx_word' id='word_1_672' title='bbox 367 4640 518 4710; x_wconf 85' lang='grc' dir='ltr'><strong>παρά</strong></span> <span class='ocrx_word' id='word_1_673' title='bbox 555 4639 631 4712; x_wconf 80' lang='grc' dir='ltr'>τῷ</span> <span class='ocrx_word' id='word_1_674' title='bbox 673 4640 791 4712; x_wconf 81' lang='grc' dir='ltr'><strong>Θεῷ</strong></span> <span class='ocrx_word' id='word_1_675' title='bbox 838 4643 933 4696; x_wconf 71' lang='grc' dir='ltr'><strong>καὶ</strong></span> <span class='ocrx_word' id='word_1_676' title='bbox 974 4643 1172 4707; x_wconf 78' lang='grc' dir='ltr'>πολύςο</span> <span class='ocrx_word' id='word_1_677' title='bbox 1203 4645 1284 4697; x_wconf 84' lang='grc' dir='ltr'><strong>διὸ</strong></span> <span class='ocrx_word' id='word_1_678' title='bbox 1321 4646 1585 4713; x_wconf 89' lang='grc' dir='ltr'>λέλεκται,</span> <span class='ocrx_word' id='word_1_679' title='bbox 1627 4667 1643 4700; x_wconf 84' lang='grc' dir='ltr'><strong>ι</strong></span> <span class='ocrx_word' id='word_1_680' title='bbox 1671 4648 1777 4702; x_wconf 82' lang='grc' dir='ltr'><strong>ἀπὸ</strong></span> <span class='ocrx_word' id='word_1_681' title='bbox 1805 4647 1935 4703; x_wconf 87' lang='grc' dir='ltr'>λαοῦ</span> 
     </span>
    </p>
   </div>
   <div class='ocr_carea' id='block_1_90' title="bbox 370 4731 1936 4812">
    <p class='ocr_par' dir='ltr' id='par_1_90' title="bbox 370 4731 1936 4812">
     <span class='ocr_line' id='line_1_90' title="bbox 370 4731 1936 4812; baseline 0.006 -27"><span class='ocrx_word' id='word_1_682' title='bbox 370 4731 628 4803; x_wconf 87' lang='grc' dir='ltr'>μεγάλου.</span> <span class='ocrx_word' id='word_1_683' title='bbox 652 4751 671 4783; x_wconf 76' lang='grc' dir='ltr'><strong>ι</strong></span> <span class='ocrx_word' id='word_1_684' title='bbox 709 4733 818 4785; x_wconf 78' lang='grc' dir='ltr'><strong>Καὶ</strong></span> <span class='ocrx_word' id='word_1_685' title='bbox 846 4731 955 4802; x_wconf 78' lang='grc' dir='ltr'>γὰρ</span> <span class='ocrx_word' id='word_1_686' title='bbox 989 4734 1046 4788; x_wconf 83' lang='grc' dir='ltr'><strong>ὲν</strong></span> <span class='ocrx_word' id='word_1_687' title='bbox 1093 4734 1172 4805; x_wconf 81' lang='grc' dir='ltr'><strong>τῷ</strong></span> <span class='ocrx_word' id='word_1_688' title='bbox 1206 4738 1432 4808; x_wconf 86' lang='grc' dir='ltr'>παρόντι</span> <span class='ocrx_word' id='word_1_689' title='bbox 1467 4739 1587 4810; x_wconf 82' lang='grc' dir='ltr'>βίῳ,</span> <span class='ocrx_word' id='word_1_690' title='bbox 1634 4740 1728 4793; x_wconf 78' lang='grc' dir='ltr'>καὶ</span> <span class='ocrx_word' id='word_1_691' title='bbox 1762 4742 1820 4793; x_wconf 83' lang='grc' dir='ltr'>ὲν</span> <span class='ocrx_word' id='word_1_692' title='bbox 1857 4740 1936 4812; x_wconf 84' lang='grc' dir='ltr'>τῷ</span> 
     </span>
    </p>
   </div>
   <div class='ocr_carea' id='block_1_91' title="bbox 367 4824 1935 4902">
    <p class='ocr_par' dir='ltr' id='par_1_91' title="bbox 367 4824 1935 4902">
     <span class='ocr_line' id='line_1_91' title="bbox 367 4824 1935 4902; baseline 0.005 -25"><span class='ocrx_word' id='word_1_693' title='bbox 367 4824 609 4896; x_wconf 87' lang='grc' dir='ltr'>μέλλοντι</span> <span class='ocrx_word' id='word_1_694' title='bbox 635 4824 690 4877; x_wconf 83' lang='grc' dir='ltr'>δὲ</span> <span class='ocrx_word' id='word_1_695' title='bbox 718 4824 872 4879; x_wconf 82' lang='grc' dir='ltr'>αίῶνι</span> <span class='ocrx_word' id='word_1_696' title='bbox 901 4824 970 4877; x_wconf 88' lang='grc' dir='ltr'><strong>τά</strong></span> <span class='ocrx_word' id='word_1_697' title='bbox 997 4826 1187 4896; x_wconf 81' lang='grc' dir='ltr'>λογικά</span> <span class='ocrx_word' id='word_1_698' title='bbox 1241 4829 1388 4900; x_wconf 82' lang='grc' dir='ltr'>δῶρα</span> <span class='ocrx_word' id='word_1_699' title='bbox 1425 4831 1520 4885; x_wconf 78' lang='grc' dir='ltr'><strong>καὶ</strong></span> <span class='ocrx_word' id='word_1_700' title='bbox 1559 4830 1659 4895; x_wconf 89' lang='grc' dir='ltr'><strong>τάς</strong></span> <span class='ocrx_word' id='word_1_701' title='bbox 1700 4832 1935 4902; x_wconf 84' lang='grc' dir='ltr'>ἀναιμά-</span> 
     </span>
    </p>
   </div>
   <div class='ocr_carea' id='block_1_92' title="bbox 365 4915 1933 4995">
    <p class='ocr_par' dir='ltr' id='par_1_92' title="bbox 365 4915 1933 4995">
     <span class='ocr_line' id='line_1_92' title="bbox 365 4915 1933 4995; baseline 0.006 -27"><span class='ocrx_word' id='word_1_702' title='bbox 365 4930 528 4979; x_wconf 74' lang='grc' dir='ltr'>κτους</span> <span class='ocrx_word' id='word_1_703' title='bbox 580 4915 658 4987; x_wconf 82' lang='grc' dir='ltr'><strong>τῷ</strong></span> <span class='ocrx_word' id='word_1_704' title='bbox 697 4917 817 4988; x_wconf 84' lang='grc' dir='ltr'><strong>Θεῷ</strong></span> <span class='ocrx_word' id='word_1_705' title='bbox 855 4917 1045 4982; x_wconf 85' lang='grc' dir='ltr'>θυσίας</span> <span class='ocrx_word' id='word_1_706' title='bbox 1089 4919 1427 4992; x_wconf 80' lang='grc' dir='ltr'>ἀναπέμπων</span> <span class='ocrx_word' id='word_1_707' title='bbox 1450 4923 1509 4976; x_wconf 86' lang='grc' dir='ltr'><strong>οὐ</strong></span> <span class='ocrx_word' id='word_1_708' title='bbox 1534 4923 1877 4995; x_wconf 83' lang='grc' dir='ltr'>διαλιμπάνει</span> <span class='ocrx_word' id='word_1_709' title='bbox 1904 4923 1933 4977; x_wconf 84' lang='grc' dir='ltr'>ὁ</span> 
     </span>
    </p>
   </div>
   <div class='ocr_carea' id='block_1_93' title="bbox 363 5006 787 5078">
    <p class='ocr_par' dir='ltr' id='par_1_93' title="bbox 363 5006 787 5078">
     <span class='ocr_line' id='line_1_93' title="bbox 363 5006 787 5078; baseline 0.005 -19"><span class='ocrx_word' id='word_1_710' title='bbox 363 5006 618 5078; x_wconf 74' lang='grc' dir='ltr'>δηλωθεὶς</span> <span class='ocrx_word' id='word_1_711' title='bbox 645 5008 787 5073; x_wconf 89' lang='grc' dir='ltr'>λαός.</span> 
     </span>
    </p>
   </div>
   <div class='ocr_carea' id='block_1_94' title="bbox 440 5099 1931 5178">
    <p class='ocr_par' dir='ltr' id='par_1_94' title="bbox 440 5099 1931 5178">
     <span class='ocr_line' id='line_1_94' title="bbox 440 5099 1931 5178; baseline 0.011 -29"><span class='ocrx_word' id='word_1_712' title='bbox 440 5117 459 5149; x_wconf 86' lang='grc' dir='ltr'><strong>ι</strong></span> <span class='ocrx_word' id='word_1_713' title='bbox 493 5099 682 5165; x_wconf 87' lang='grc' dir='ltr'>Ἔθνος</span> <span class='ocrx_word' id='word_1_714' title='bbox 727 5101 943 5165; x_wconf 75' lang='grc' dir='ltr'>ἐλπίζον</span> <span class='ocrx_word' id='word_1_715' title='bbox 992 5103 1087 5157; x_wconf 74' lang='grc' dir='ltr'>καὶ</span> <span class='ocrx_word' id='word_1_716' title='bbox 1135 5107 1682 5178; x_wconf 86' lang='grc' dir='ltr'>καταπεπατημένον,</span> <span class='ocrx_word' id='word_1_717' title='bbox 1728 5110 1757 5162; x_wconf 83' lang='grc' dir='ltr'>ὅ</span> <span class='ocrx_word' id='word_1_718' title='bbox 1785 5109 1931 5165; x_wconf 76' lang='grc' dir='ltr'>ἐστιν</span> 
     </span>
    </p>
   </div>
   <div class='ocr_carea' id='block_1_95' title="bbox 363 5190 1929 5266">
    <p class='ocr_par' dir='ltr' id='par_1_95' title="bbox 363 5190 1929 5266">
     <span class='ocr_line' id='line_1_95' title="bbox 363 5190 1929 5266; baseline 0.008 -22"><span class='ocrx_word' id='word_1_719' title='bbox 363 5191 422 5244; x_wconf 82' lang='grc' dir='ltr'><strong>ὲν</strong></span> <span class='ocrx_word' id='word_1_720' title='bbox 453 5190 605 5262; x_wconf 85' lang='grc' dir='ltr'>μέρει</span> <span class='ocrx_word' id='word_1_721' title='bbox 633 5193 874 5265; x_wconf 81' lang='grc' dir='ltr'>ποταμοῦ</span> <span class='ocrx_word' id='word_1_722' title='bbox 923 5194 1024 5266; x_wconf 90' lang='grc' dir='ltr'><strong>τῆς</strong></span> <span class='ocrx_word' id='word_1_723' title='bbox 1062 5194 1244 5266; x_wconf 86' lang='grc' dir='ltr'>χώρας</span> <span class='ocrx_word' id='word_1_724' title='bbox 1282 5198 1448 5251; x_wconf 84' lang='grc' dir='ltr'>αὑτοῦ</span> <span class='ocrx_word' id='word_1_725' title='bbox 1497 5201 1576 5263; x_wconf 87' lang='grc' dir='ltr'><strong>είς</strong></span> <span class='ocrx_word' id='word_1_726' title='bbox 1615 5201 1707 5254; x_wconf 83' lang='grc' dir='ltr'><strong>τὸν</strong></span> <span class='ocrx_word' id='word_1_727' title='bbox 1745 5202 1929 5266; x_wconf 87' lang='grc' dir='ltr'>τόπον,</span> 
     </span>
    </p>
   </div>
   <div class='ocr_carea' id='block_1_96' title="bbox 360 5273 1932 5361">
    <p class='ocr_par' dir='ltr' id='par_1_96' title="bbox 360 5273 1932 5361">
     <span class='ocr_line' id='line_1_96' title="bbox 360 5273 1932 5361; baseline 0.008 -28"><span class='ocrx_word' id='word_1_728' title='bbox 360 5273 421 5333; x_wconf 77' lang='grc' dir='ltr'><strong>οὗ</strong></span> <span class='ocrx_word' id='word_1_729' title='bbox 451 5281 512 5334; x_wconf 83' lang='grc' dir='ltr'><strong>τὸ</strong></span> <span class='ocrx_word' id='word_1_730' title='bbox 552 5282 719 5353; x_wconf 75' lang='grc' dir='ltr'>ὄνομα</span> <span class='ocrx_word' id='word_1_731' title='bbox 759 5287 964 5358; x_wconf 84' lang='grc' dir='ltr'>Κυρίου</span> <span class='ocrx_word' id='word_1_732' title='bbox 1012 5286 1255 5353; x_wconf 79' lang='grc' dir='ltr'>Σαϐαὼθ,</span> <span class='ocrx_word' id='word_1_733' title='bbox 1310 5291 1391 5352; x_wconf 81' lang='grc' dir='ltr'><strong>είς</strong></span> <span class='ocrx_word' id='word_1_734' title='bbox 1433 5290 1557 5361; x_wconf 84' lang='grc' dir='ltr'>δρος</span> <span class='ocrx_word' id='word_1_735' title='bbox 1597 5291 1769 5360; x_wconf 80' lang='grc' dir='ltr'>ἆγιον.</span> <span class='ocrx_word' id='word_1_736' title='bbox 1799 5312 1817 5343; x_wconf 74' lang='grc' dir='ltr'><strong>ι</strong></span> <span class='ocrx_word' id='word_1_737' title='bbox 1859 5292 1932 5345; x_wconf 86' lang='grc' dir='ltr'><strong>Τὸ</strong></span> 
     </span>
    </p>
   </div>
   <div class='ocr_carea' id='block_1_97' title="bbox 358 5371 1923 5453">
    <p class='ocr_par' dir='ltr' id='par_1_97' title="bbox 358 5371 1923 5453">
     <span class='ocr_line' id='line_1_97' title="bbox 358 5371 1923 5453; baseline 0.009 -31"><span class='ocrx_word' id='word_1_738' title='bbox 358 5371 469 5443; x_wconf 83' lang='grc' dir='ltr'>γὰρ</span> <span class='ocrx_word' id='word_1_739' title='bbox 495 5372 645 5436; x_wconf 77' lang='grc' dir='ltr'>ἔθνος</span> <span class='ocrx_word' id='word_1_740' title='bbox 681 5376 838 5429; x_wconf 87' lang='grc' dir='ltr'>τοῦτο</span> <span class='ocrx_word' id='word_1_741' title='bbox 878 5378 935 5429; x_wconf 83' lang='grc' dir='ltr'>ὲν</span> <span class='ocrx_word' id='word_1_742' title='bbox 983 5378 1137 5450; x_wconf 85' lang='grc' dir='ltr'>μέρει</span> <span class='ocrx_word' id='word_1_743' title='bbox 1188 5378 1433 5450; x_wconf 85' lang='grc' dir='ltr'>ποταμοῦ</span> <span class='ocrx_word' id='word_1_744' title='bbox 1473 5382 1569 5452; x_wconf 88' lang='grc' dir='ltr'><strong>τῆς</strong></span> <span class='ocrx_word' id='word_1_745' title='bbox 1612 5382 1793 5453; x_wconf 83' lang='grc' dir='ltr'>χώρας</span> <span class='ocrx_word' id='word_1_746' title='bbox 1830 5381 1923 5436; x_wconf 88' lang='grc' dir='ltr'><strong>τοῦ</strong></span> 
     </span>
    </p>
   </div>
   <div class='ocr_carea' id='block_1_98' title="bbox 357 5460 1927 5541">
    <p class='ocr_par' dir='ltr' id='par_1_98' title="bbox 357 5460 1927 5541">
     <span class='ocr_line' id='line_1_98' title="bbox 357 5460 1927 5541; baseline 0.009 -29"><span class='ocrx_word' id='word_1_747' title='bbox 357 5460 492 5514; x_wconf 87' lang='grc' dir='ltr'>Θεοῦ</span> <span class='ocrx_word' id='word_1_748' title='bbox 524 5462 834 5533; x_wconf 83' lang='grc' dir='ltr'>ἐτύγχανεν,</span> <span class='ocrx_word' id='word_1_749' title='bbox 869 5466 956 5520; x_wconf 82' lang='grc' dir='ltr'><strong>ὅτε</strong></span> <span class='ocrx_word' id='word_1_750' title='bbox 1001 5468 1057 5522; x_wconf 84' lang='grc' dir='ltr'>ὲν</span> <span class='ocrx_word' id='word_1_751' title='bbox 1091 5472 1156 5539; x_wconf 75' lang='grc' dir='ltr'>τῇ</span> <span class='ocrx_word' id='word_1_752' title='bbox 1202 5470 1493 5541; x_wconf 65' lang='grc' dir='ltr'>Ἐκκλημία</span> <span class='ocrx_word' id='word_1_753' title='bbox 1523 5472 1615 5525; x_wconf 85' lang='grc' dir='ltr'><strong>τοῦ</strong></span> <span class='ocrx_word' id='word_1_754' title='bbox 1643 5472 1777 5525; x_wconf 88' lang='grc' dir='ltr'>Θεοῦ</span> <span class='ocrx_word' id='word_1_755' title='bbox 1801 5475 1927 5526; x_wconf 80' lang='grc' dir='ltr'>ἐπο-</span> 
     </span>
    </p>
   </div>
   <div class='ocr_carea' id='block_1_99' title="bbox 358 5552 1924 5635">
    <p class='ocr_par' dir='ltr' id='par_1_99' title="bbox 358 5552 1924 5635">
     <span class='ocr_line' id='line_1_99' title="bbox 358 5552 1924 5635; baseline 0.008 -28"><span class='ocrx_word' id='word_1_756' title='bbox 358 5552 594 5607; x_wconf 87' lang='grc' dir='ltr'>λιτεύετο</span> <span class='ocrx_word' id='word_1_757' title='bbox 613 5572 625 5585; x_wconf 90' lang='grc'><strong>·</strong></span> <span class='ocrx_word' id='word_1_758' title='bbox 655 5555 730 5619; x_wconf 86' lang='grc' dir='ltr'>ὼς</span> <span class='ocrx_word' id='word_1_759' title='bbox 761 5556 938 5623; x_wconf 86' lang='grc' dir='ltr'>λέγειν</span> <span class='ocrx_word' id='word_1_760' title='bbox 960 5574 973 5591; x_wconf 78' lang='grc' dir='ltr'><strong><em>ο</em></strong></span> <span class='ocrx_word' id='word_1_761' title='bbox 1019 5578 1038 5611; x_wconf 80' lang='grc' dir='ltr'><strong>ι</strong></span> <span class='ocrx_word' id='word_1_762' title='bbox 1073 5561 1162 5614; x_wconf 86' lang='grc' dir='ltr'>Ἐν</span> <span class='ocrx_word' id='word_1_763' title='bbox 1196 5561 1350 5633; x_wconf 87' lang='grc' dir='ltr'>μέρει</span> <span class='ocrx_word' id='word_1_764' title='bbox 1382 5564 1719 5635; x_wconf 66' lang='grc' dir='ltr'>γινώσκομεν</span> <span class='ocrx_word' id='word_1_765' title='bbox 1744 5565 1837 5618; x_wconf 78' lang='grc' dir='ltr'><strong>καὶ</strong></span> <span class='ocrx_word' id='word_1_766' title='bbox 1866 5566 1924 5619; x_wconf 88' lang='grc' dir='ltr'><strong>ὲν</strong></span> 
     </span>
    </p>
   </div>
   <div class='ocr_carea' id='block_1_100' title="bbox 365 5644 1925 5734">
    <p class='ocr_par' dir='ltr' id='par_1_100' title="bbox 365 5644 1925 5734">
     <span class='ocr_line' id='line_1_100' title="bbox 365 5644 1925 5734; baseline 0.009 -37"><span class='ocrx_word' id='word_1_767' title='bbox 365 5644 515 5721; x_wconf 84' lang='grc' dir='ltr'>μέρει</span> <span class='ocrx_word' id='word_1_768' title='bbox 544 5648 974 5719; x_wconf 87' lang='grc' dir='ltr'>προφητεύομεν.</span> <span class='ocrx_word' id='word_1_769' title='bbox 1006 5671 1021 5703; x_wconf 78' lang='grc' dir='ltr'><strong>ι</strong></span> <span class='ocrx_word' id='word_1_770' title='bbox 1058 5651 1191 5706; x_wconf 74' lang='grc' dir='ltr'>Οὔτε</span> <span class='ocrx_word' id='word_1_771' title='bbox 1219 5653 1326 5723; x_wconf 57' lang='grc' dir='ltr'><strong>γὰο</strong></span> <span class='ocrx_word' id='word_1_772' title='bbox 1355 5654 1444 5708; x_wconf 77' lang='grc' dir='ltr'>τὸν</span> <span class='ocrx_word' id='word_1_773' title='bbox 1479 5656 1651 5713; x_wconf 80' lang='grc' dir='ltr'>πάντα</span> <span class='ocrx_word' id='word_1_774' title='bbox 1684 5658 1925 5734; x_wconf 76' lang='grc' dir='ltr'>ποταμὸν</span> 
     </span>
    </p>
   </div>
   <div class='ocr_carea' id='block_1_101' title="bbox 426 5825 897 5889">
    <p class='ocr_par' dir='ltr' id='par_1_101' title="bbox 426 5825 897 5889">
     <span class='ocr_line' id='line_1_101' title="bbox 426 5825 897 5889; baseline -0.002 -3"><span class='ocrx_word' id='word_1_775' title='bbox 426 5825 471 5862; x_wconf 73' lang='grc' dir='ltr'><em>’τ’</em></span> <span class='ocrx_word' id='word_1_776' title='bbox 497 5825 516 5886; x_wconf 88' lang='grc' dir='ltr'><strong>ι</strong></span> <span class='ocrx_word' id='word_1_777' title='bbox 544 5826 662 5884; x_wconf 73' lang='lat' dir='ltr'><strong>Cur.</strong></span> <span class='ocrx_word' id='word_1_778' title='bbox 696 5843 811 5889; x_wconf 76' lang='lat' dir='ltr'><strong>xui.</strong></span> <span class='ocrx_word' id='word_1_779' title='bbox 847 5828 897 5885; x_wconf 85' lang='lat'><strong>9.</strong></span> 
     </span>
    </p>
   </div>
   <div class='ocr_carea' id='block_1_102' title="bbox 2043 4545 3608 4622">
    <p class='ocr_par' dir='ltr' id='par_1_102' title="bbox 2043 4545 3608 4622">
     <span class='ocr_line' id='line_1_102' title="bbox 2043 4545 3608 4622; baseline -0.004 -16"><span class='ocrx_word' id='word_1_780' title='bbox 2043 4568 2272 4622; x_wconf 90' lang='lat' dir='ltr'><strong>magnus</strong></span> <span class='ocrx_word' id='word_1_781' title='bbox 2305 4552 2431 4605; x_wconf 89' lang='lat' dir='ltr'><strong>item</strong></span> <span class='ocrx_word' id='word_1_782' title='bbox 2483 4560 2536 4605; x_wconf 90' lang='lat' dir='ltr'><strong>et</strong></span> <span class='ocrx_word' id='word_1_783' title='bbox 2566 4549 2766 4604; x_wconf 89' lang='lat' dir='ltr'><strong>multus</strong></span> <span class='ocrx_word' id='word_1_784' title='bbox 2792 4556 2875 4603; x_wconf 89' lang='lat' dir='ltr'><strong>est</strong></span> <span class='ocrx_word' id='word_1_785' title='bbox 2914 4545 3054 4615; x_wconf 91' lang='lat' dir='ltr'><strong>apud</strong></span> <span class='ocrx_word' id='word_1_786' title='bbox 3091 4545 3257 4600; x_wconf 83' lang='lat' dir='ltr'><strong>Deum</strong></span> <span class='ocrx_word' id='word_1_787' title='bbox 3288 4565 3298 4599; x_wconf 91' lang='lat'><strong>:</strong></span> <span class='ocrx_word' id='word_1_788' title='bbox 3329 4561 3496 4615; x_wconf 89' lang='lat' dir='ltr'><strong>quare</strong></span> <span class='ocrx_word' id='word_1_789' title='bbox 3525 4546 3608 4600; x_wconf 85' lang='lat' dir='ltr'><strong>di-</strong></span> 
     </span>
    </p>
   </div>
   <div class='ocr_carea' id='block_1_103' title="bbox 2041 4637 3608 4710">
    <p class='ocr_par' dir='ltr' id='par_1_103' title="bbox 2041 4637 3608 4710">
     <span class='ocr_line' id='line_1_103' title="bbox 2041 4637 3608 4710; baseline -0.006 -9"><span class='ocrx_word' id='word_1_790' title='bbox 2041 4655 2185 4701; x_wconf 91' lang='lat' dir='ltr'><strong>ctum</strong></span> <span class='ocrx_word' id='word_1_791' title='bbox 2213 4651 2316 4707; x_wconf 90' lang='lat' dir='ltr'><strong>est,</strong></span> <span class='ocrx_word' id='word_1_792' title='bbox 2355 4659 2374 4694; x_wconf 90' lang='grc' dir='ltr'><strong>ι</strong></span> <span class='ocrx_word' id='word_1_793' title='bbox 2422 4656 2450 4695; x_wconf 89' lang='lat' dir='ltr'><strong>a</strong></span> <span class='ocrx_word' id='word_1_794' title='bbox 2481 4639 2673 4710; x_wconf 89' lang='lat' dir='ltr'><strong>popqu</strong></span> <span class='ocrx_word' id='word_1_795' title='bbox 2707 4653 2923 4709; x_wconf 87' lang='lat' dir='ltr'><strong>magno.</strong></span> <span class='ocrx_word' id='word_1_796' title='bbox 2950 4655 2971 4690; x_wconf 73' lang='grc' dir='ltr'><strong>ι</strong></span> <span class='ocrx_word' id='word_1_797' title='bbox 3005 4638 3077 4692; x_wconf 82' lang='lat' dir='ltr'><strong>At</strong></span> <span class='ocrx_word' id='word_1_798' title='bbox 3104 4637 3245 4693; x_wconf 90' lang='lat' dir='ltr'><strong>enim</strong></span> <span class='ocrx_word' id='word_1_799' title='bbox 3275 4638 3327 4691; x_wconf 88' lang='lat' dir='ltr'><strong>in</strong></span> <span class='ocrx_word' id='word_1_800' title='bbox 3351 4638 3608 4707; x_wconf 61' lang='lat' dir='ltr'><strong>presenti</strong></span> 
     </span>
    </p>
   </div>
   <div class='ocr_carea' id='block_1_104' title="bbox 2039 4731 3606 4798">
    <p class='ocr_par' dir='ltr' id='par_1_104' title="bbox 2039 4731 3606 4798">
     <span class='ocr_line' id='line_1_104' title="bbox 2039 4731 3606 4798; baseline -0.003 -7"><span class='ocrx_word' id='word_1_801' title='bbox 2039 4738 2145 4791; x_wconf 90' lang='lat' dir='ltr'><strong>vita</strong></span> <span class='ocrx_word' id='word_1_802' title='bbox 2178 4744 2233 4790; x_wconf 92' lang='lat' dir='ltr'><strong>et</strong></span> <span class='ocrx_word' id='word_1_803' title='bbox 2262 4737 2317 4789; x_wconf 88' lang='lat' dir='ltr'><strong>in</strong></span> <span class='ocrx_word' id='word_1_804' title='bbox 2369 4734 2548 4789; x_wconf 88' lang='lat' dir='ltr'><strong>futuro</strong></span> <span class='ocrx_word' id='word_1_805' title='bbox 2585 4731 2820 4796; x_wconf 64' lang='lat' dir='ltr'><strong>saeculo,</strong></span> <span class='ocrx_word' id='word_1_806' title='bbox 2872 4731 3214 4786; x_wconf 78' lang='lat' dir='ltr'><strong>rationabilia</strong></span> <span class='ocrx_word' id='word_1_807' title='bbox 3245 4731 3407 4798; x_wconf 89' lang='lat' dir='ltr'><strong>dona,</strong></span> <span class='ocrx_word' id='word_1_808' title='bbox 3438 4739 3495 4787; x_wconf 88' lang='lat' dir='ltr'><strong>et</strong></span> <span class='ocrx_word' id='word_1_809' title='bbox 3522 4731 3606 4786; x_wconf 85' lang='lat' dir='ltr'><strong>in-</strong></span> 
     </span>
    </p>
   </div>
   <div class='ocr_carea' id='block_1_105' title="bbox 2038 4826 3604 4895">
    <p class='ocr_par' dir='ltr' id='par_1_105' title="bbox 2038 4826 3604 4895">
     <span class='ocr_line' id='line_1_105' title="bbox 2038 4826 3604 4895; baseline -0.004 -11"><span class='ocrx_word' id='word_1_810' title='bbox 2038 4838 2294 4885; x_wconf 89' lang='lat' dir='ltr'><strong>cruentas</strong></span> <span class='ocrx_word' id='word_1_811' title='bbox 2315 4827 2520 4882; x_wconf 85' lang='lat' dir='ltr'><strong>hostias</strong></span> <span class='ocrx_word' id='word_1_812' title='bbox 2546 4826 2654 4881; x_wconf 88' lang='lat' dir='ltr'><strong>Deo</strong></span> <span class='ocrx_word' id='word_1_813' title='bbox 2677 4826 2924 4881; x_wconf 84' lang='lat' dir='ltr'><strong>emittere</strong></span> <span class='ocrx_word' id='word_1_814' title='bbox 2952 4838 3223 4895; x_wconf 85' lang='lat' dir='ltr'><strong>nunquam</strong></span> <span class='ocrx_word' id='word_1_815' title='bbox 3282 4832 3463 4880; x_wconf 88' lang='lat' dir='ltr'><strong>cessat</strong></span> <span class='ocrx_word' id='word_1_816' title='bbox 3485 4837 3604 4879; x_wconf 85' lang='lat' dir='ltr'><strong>me-</strong></span> 
     </span>
    </p>
   </div>
   <div class='ocr_carea' id='block_1_106' title="bbox 2040 4918 2555 4989">
    <p class='ocr_par' dir='ltr' id='par_1_106' title="bbox 2040 4918 2555 4989">
     <span class='ocr_line' id='line_1_106' title="bbox 2040 4918 2555 4989; baseline -0.008 -13"><span class='ocrx_word' id='word_1_817' title='bbox 2040 4929 2280 4976; x_wconf 89' lang='lat' dir='ltr'><strong>moratus</strong></span> <span class='ocrx_word' id='word_1_818' title='bbox 2311 4918 2555 4989; x_wconf 88' lang='lat' dir='ltr'><strong>populus.</strong></span> 
     </span>
    </p>
   </div>
   <div class='ocr_carea' id='block_1_107' title="bbox 2113 5097 3605 5172">
    <p class='ocr_par' dir='ltr' id='par_1_107' title="bbox 2113 5097 3605 5172">
     <span class='ocr_line' id='line_1_107' title="bbox 2113 5097 3605 5172; baseline -0.001 -17"><span class='ocrx_word' id='word_1_819' title='bbox 2113 5122 2132 5155; x_wconf 81' lang='grc' dir='ltr'><strong>ι</strong></span> <span class='ocrx_word' id='word_1_820' title='bbox 2162 5103 2310 5159; x_wconf 89' lang='lat' dir='ltr'><strong>Gens</strong></span> <span class='ocrx_word' id='word_1_821' title='bbox 2338 5115 2563 5172; x_wconf 87' lang='lat' dir='ltr'><strong>sperans</strong></span> <span class='ocrx_word' id='word_1_822' title='bbox 2595 5110 2649 5156; x_wconf 87' lang='lat' dir='ltr'><strong>et</strong></span> <span class='ocrx_word' id='word_1_823' title='bbox 2681 5099 3023 5166; x_wconf 83' lang='lat' dir='ltr'><strong>conculcata,</strong></span> <span class='ocrx_word' id='word_1_824' title='bbox 3064 5113 3185 5170; x_wconf 72' lang='lat' dir='ltr'><strong>qua:</strong></span> <span class='ocrx_word' id='word_1_825' title='bbox 3214 5106 3298 5154; x_wconf 83' lang='lat' dir='ltr'><strong>est</strong></span> <span class='ocrx_word' id='word_1_826' title='bbox 3344 5097 3398 5151; x_wconf 92' lang='lat' dir='ltr'><strong>in</strong></span> <span class='ocrx_word' id='word_1_827' title='bbox 3444 5104 3605 5167; x_wconf 77' lang='lat' dir='ltr'><strong>parte</strong></span> 
     </span>
    </p>
   </div>
   <div class='ocr_carea' id='block_1_108' title="bbox 2032 5182 3599 5267">
    <p class='ocr_par' dir='ltr' id='par_1_108' title="bbox 2032 5182 3599 5267">
     <span class='ocr_line' id='line_1_108' title="bbox 2032 5182 3599 5267; baseline -0.004 -18"><span class='ocrx_word' id='word_1_828' title='bbox 2032 5196 2177 5251; x_wconf 87' lang='lat' dir='ltr'><strong>ﬂuvii</strong></span> <span class='ocrx_word' id='word_1_829' title='bbox 2217 5196 2453 5267; x_wconf 72' lang='lat' dir='ltr'><strong>regionis</strong></span> <span class='ocrx_word' id='word_1_830' title='bbox 2484 5194 2622 5263; x_wconf 88' lang='lat' dir='ltr'><strong>ejus,</strong></span> <span class='ocrx_word' id='word_1_831' title='bbox 2655 5194 2709 5248; x_wconf 91' lang='lat' dir='ltr'><strong>in</strong></span> <span class='ocrx_word' id='word_1_832' title='bbox 2747 5192 2865 5248; x_wconf 92' lang='lat' dir='ltr'><strong>loco</strong></span> <span class='ocrx_word' id='word_1_833' title='bbox 2889 5192 2978 5247; x_wconf 91' lang='lat' dir='ltr'><strong>ubi</strong></span> <span class='ocrx_word' id='word_1_834' title='bbox 3014 5206 3205 5248; x_wconf 90' lang='lat' dir='ltr'><strong>nomen</strong></span> <span class='ocrx_word' id='word_1_835' title='bbox 3244 5189 3458 5244; x_wconf 89' lang='lat' dir='ltr'><strong>Domini</strong></span> <span class='ocrx_word' id='word_1_836' title='bbox 3499 5182 3599 5243; x_wconf 81' lang='lat' dir='ltr'><strong>Sa-</strong></span> 
     </span>
    </p>
   </div>
   <div class='ocr_carea' id='block_1_109' title="bbox 2032 5282 3602 5357">
    <p class='ocr_par' dir='ltr' id='par_1_109' title="bbox 2032 5282 3602 5357">
     <span class='ocr_line' id='line_1_109' title="bbox 2032 5282 3602 5357; baseline -0.004 -14"><span class='ocrx_word' id='word_1_837' title='bbox 2032 5290 2214 5357; x_wconf 86' lang='lat' dir='ltr'><strong>baoth,</strong></span> <span class='ocrx_word' id='word_1_838' title='bbox 2252 5291 2304 5343; x_wconf 92' lang='lat' dir='ltr'><strong>in</strong></span> <span class='ocrx_word' id='word_1_839' title='bbox 2338 5298 2518 5343; x_wconf 89' lang='lat' dir='ltr'><strong>monte</strong></span> <span class='ocrx_word' id='word_1_840' title='bbox 2571 5296 2781 5342; x_wconf 91' lang='lat' dir='ltr'><strong>sancto.</strong></span> <span class='ocrx_word' id='word_1_841' title='bbox 2814 5304 2833 5339; x_wconf 75' lang='grc' dir='ltr'><strong>ι</strong></span> <span class='ocrx_word' id='word_1_842' title='bbox 2864 5287 2989 5341; x_wconf 69' lang='grc' dir='ltr'>Ηωο</span> <span class='ocrx_word' id='word_1_843' title='bbox 3018 5286 3161 5340; x_wconf 88' lang='lat' dir='ltr'><strong>enim</strong></span> <span class='ocrx_word' id='word_1_844' title='bbox 3199 5298 3330 5353; x_wconf 85' lang='lat' dir='ltr'><strong>gens</strong></span> <span class='ocrx_word' id='word_1_845' title='bbox 3361 5282 3412 5336; x_wconf 93' lang='lat' dir='ltr'><strong>in</strong></span> <span class='ocrx_word' id='word_1_846' title='bbox 3443 5288 3602 5351; x_wconf 83' lang='lat' dir='ltr'><strong>parte</strong></span> 
     </span>
    </p>
   </div>
   <div class='ocr_carea' id='block_1_110' title="bbox 2032 5373 3598 5453">
    <p class='ocr_par' dir='ltr' id='par_1_110' title="bbox 2032 5373 3598 5453">
     <span class='ocr_line' id='line_1_110' title="bbox 2032 5373 3598 5453; baseline -0.006 -16"><span class='ocrx_word' id='word_1_847' title='bbox 2032 5381 2178 5437; x_wconf 89' lang='lat' dir='ltr'><strong>ﬂuvii</strong></span> <span class='ocrx_word' id='word_1_848' title='bbox 2207 5382 2447 5453; x_wconf 85' lang='lat' dir='ltr'><strong>regionis</strong></span> <span class='ocrx_word' id='word_1_849' title='bbox 2476 5380 2567 5436; x_wconf 89' lang='lat' dir='ltr'><strong>Dei</strong></span> <span class='ocrx_word' id='word_1_850' title='bbox 2593 5389 2731 5447; x_wconf 91' lang='lat' dir='ltr'><strong>erat,</strong></span> <span class='ocrx_word' id='word_1_851' title='bbox 2752 5380 2967 5450; x_wconf 85' lang='lat' dir='ltr'><strong>quando</strong></span> <span class='ocrx_word' id='word_1_852' title='bbox 3005 5379 3055 5432; x_wconf 90' lang='lat' dir='ltr'><strong>in</strong></span> <span class='ocrx_word' id='word_1_853' title='bbox 3086 5375 3323 5431; x_wconf 90' lang='lat' dir='ltr'><strong>Ecclesia</strong></span> <span class='ocrx_word' id='word_1_854' title='bbox 3362 5373 3455 5427; x_wconf 90' lang='lat' dir='ltr'><strong>Dei</strong></span> <span class='ocrx_word' id='word_1_855' title='bbox 3481 5386 3598 5427; x_wconf 86' lang='lat' dir='ltr'><strong>ver-</strong></span> 
     </span>
    </p>
   </div>
   <div class='ocr_carea' id='block_1_111' title="bbox 2034 5458 3594 5540">
    <p class='ocr_par' dir='ltr' id='par_1_111' title="bbox 2034 5458 3594 5540">
     <span class='ocr_line' id='line_1_111' title="bbox 2034 5458 3594 5540; baseline -0.006 -11"><span class='ocrx_word' id='word_1_856' title='bbox 2034 5475 2288 5540; x_wconf 85' lang='lat' dir='ltr'><strong>sabatur;</strong></span> <span class='ocrx_word' id='word_1_857' title='bbox 2324 5473 2396 5528; x_wconf 92' lang='lat' dir='ltr'><strong>ita</strong></span> <span class='ocrx_word' id='word_1_858' title='bbox 2430 5484 2489 5527; x_wconf 95' lang='lat' dir='ltr'><strong>ut</strong></span> <span class='ocrx_word' id='word_1_859' title='bbox 2521 5458 2687 5537; x_wconf 87' lang='lat' dir='ltr'><strong>dicat,</strong></span> <span class='ocrx_word' id='word_1_860' title='bbox 2731 5491 2750 5524; x_wconf 86' lang='grc' dir='ltr'><strong>ι</strong></span> <span class='ocrx_word' id='word_1_861' title='bbox 2786 5470 2845 5525; x_wconf 84' lang='grc' dir='ltr'><strong>ιη</strong></span> <span class='ocrx_word' id='word_1_862' title='bbox 2873 5478 3026 5540; x_wconf 85' lang='lat' dir='ltr'><strong>parte</strong></span> <span class='ocrx_word' id='word_1_863' title='bbox 3065 5465 3442 5536; x_wconf 88' lang='lat' dir='ltr'><strong>cognoscimus</strong></span> <span class='ocrx_word' id='word_1_864' title='bbox 3461 5463 3594 5519; x_wconf 89' lang='lat' dir='ltr'><strong>etin</strong></span> 
     </span>
    </p>
   </div>
   <div class='ocr_carea' id='block_1_112' title="bbox 2031 5556 3590 5635">
    <p class='ocr_par' dir='ltr' id='par_1_112' title="bbox 2031 5556 3590 5635">
     <span class='ocr_line' id='line_1_112' title="bbox 2031 5556 3590 5635; baseline -0.007 -16"><span class='ocrx_word' id='word_1_865' title='bbox 2031 5574 2182 5635; x_wconf 89' lang='lat' dir='ltr'><strong>parte</strong></span> <span class='ocrx_word' id='word_1_866' title='bbox 2206 5565 2588 5635; x_wconf 90' lang='lat' dir='ltr'><strong>pr0phetamus</strong></span> <span class='ocrx_word' id='word_1_867' title='bbox 2625 5565 2692 5618; x_wconf 75' lang='lat'><strong>&quot;.</strong></span> <span class='ocrx_word' id='word_1_868' title='bbox 2724 5585 2743 5617; x_wconf 76' lang='grc' dir='ltr'><strong>ι</strong></span> <span class='ocrx_word' id='word_1_869' title='bbox 2777 5563 2958 5632; x_wconf 81' lang='lat' dir='ltr'><strong>Neque</strong></span> <span class='ocrx_word' id='word_1_870' title='bbox 2978 5560 3121 5616; x_wconf 90' lang='lat' dir='ltr'><strong>enim</strong></span> <span class='ocrx_word' id='word_1_871' title='bbox 3152 5567 3322 5612; x_wconf 91' lang='lat' dir='ltr'><strong>totum</strong></span> <span class='ocrx_word' id='word_1_872' title='bbox 3346 5556 3590 5622; x_wconf 84' lang='lat' dir='ltr'><strong>ﬂuvium,</strong></span> 
     </span>
    </p>
   </div>
   <div class='ocr_carea' id='block_1_113' title="bbox 2032 5644 3591 5727">
    <p class='ocr_par' dir='ltr' id='par_1_113' title="bbox 2032 5644 3591 5727">
     <span class='ocr_line' id='line_1_113' title="bbox 2032 5644 3591 5727; baseline -0.005 -12"><span class='ocrx_word' id='word_1_873' title='bbox 2032 5658 2242 5715; x_wconf 88' lang='lat' dir='ltr'><strong>scilicet</strong></span> <span class='ocrx_word' id='word_1_874' title='bbox 2265 5656 2497 5715; x_wconf 84' lang='lat' dir='ltr'><strong>Verbum</strong></span> <span class='ocrx_word' id='word_1_875' title='bbox 2526 5656 2643 5724; x_wconf 90' lang='lat' dir='ltr'><strong>Dei,</strong></span> <span class='ocrx_word' id='word_1_876' title='bbox 2689 5654 2934 5727; x_wconf 89' lang='lat' dir='ltr'><strong>capiebat</strong></span> <span class='ocrx_word' id='word_1_877' title='bbox 2991 5651 3079 5709; x_wconf 91' lang='lat' dir='ltr'><strong>illa</strong></span> <span class='ocrx_word' id='word_1_878' title='bbox 3109 5648 3294 5724; x_wconf 82' lang='lat' dir='ltr'><strong>regio:</strong></span> <span class='ocrx_word' id='word_1_879' title='bbox 3330 5661 3498 5722; x_wconf 82' lang='lat' dir='ltr'><strong>quare</strong></span> <span class='ocrx_word' id='word_1_880' title='bbox 3530 5644 3591 5707; x_wconf 82' lang='lat' dir='ltr'><strong>tn</strong></span> 
     </span>
    </p>
   </div>
  </div>
