4118 6434
475 401 581 459 219

1149 399 1417 456 EUSEBlI
1454 395 1922 454 C.ESARIENSIS
1958 395 2109 452 OPP.
2149 393 2326 450 PARS
2362 393 2455 450 IlI.
2492 425 2562 436 —--
2597 392 3010 450 EXEGETICA.

3601 393 3708 446 220

475 528 632 592 parte
658 516 806 574 ﬂuvii
853 516 1088 589 regionis
1122 516 1218 572 Dei
1265 515 1432 570 fuisse
1469 515 1668 570 dicitur
1714 524 2042 571 memoratus

2145 513 2360 582 ὲχώρει,
2395 513 2537 580 λέγω
2584 512 2639 564 δὲ
2673 512 2764 566 τὸν
2807 511 2900 564 τοῦ
2929 507 3064 563 Θεοῦ
3104 508 3295 576 Λόγον,
3337 510 3370 579 ἡ
3413 507 3710 580 δηλωθεϊσα

475 612 728 684 populus.

1056 787 1284 844 CAPUT
1318 788 1460 843 XIX.

549 882 712 937 Vens.
741 881 794 934 l.
823 897 842 931 ι
865 877 1014 932 Visio
1046 877 1288 948 x’Egypti.
1321 877 1464 933 Ecce
1488 879 1745 935 Dominus
1781 880 1932 934 sedet
1957 895 2044 934 su-

475 988 574 1044 per
599 972 790 1026 nubem
829 970 1025 1034 levem,
1047 979 1101 1024 et
1123 970 1303 1024 veniet
1333 969 1384 1023 in
1417 968 1730 1039 Egyplum.
1765 990 1782 1023 ι
1821 973 2042 1026 Attente

479 1064 935 1120 considerandum
971 1072 1076 1127 est,
1112 1079 1220 1133 quo
1249 1073 1407 1128 pacto
1429 1064 1677 1128 dicatur,
1711 1084 1728 1116 ι
1761 1063 1912 1119 Visio
1947 1065 2043 1118 ,ιΕ-

477 1153 645 1225 gypti.
679 1171 699 1205 ι
745 1151 860 1205 Non
891 1152 1036 1205 enim
1067 1153 1514 1222 quemadmodum
1551 1154 1617 1208 de
1646 1154 1916 1226 Babylone
1960 1157 2042 1210 di-

478 1247 722 1309 cebatur,
760 1264 777 1296 ι
819 1243 971 1299 Visio
1012 1255 1199 1322 contra
1237 1245 1600 1313 Babylonem;
1642 1267 1661 1299 ι
1698 1263 1872 1316 neque
1902 1249 2040 1304 sicut

477 1337 542 1392 de
576 1335 758 1390 Iudaea
806 1345 858 1390 et
902 1335 1220 1404 Jerusalem,
1274 1355 1290 1388 ι
1334 1327 1480 1393 Visio
1513 1355 1672 1408 quam
1716 1339 1848 1395 vidit
1876 1339 2039 1396 Isaias

476 1429 619 1483 filius
639 1430 836 1492 Amos;
891 1444 1051 1498 quam
1083 1430 1216 1483 vidit
1247 1440 1434 1483 contra
1470 1430 1709 1485 Judazam
1741 1442 1796 1487 et
1818 1431 2037 1487 Jerusa-

476 1520 615 1583 lem;
643 1540 662 1572 ι
701 1536 878 1589 neque
927 1530 985 1574 ut
1035 1522 1101 1575 de
1127 1523 1386 1578 Damasco
1419 1532 1472 1577 et
1500 1524 1566 1578 de
1601 1523 1919 1593 Moabitide;
1945 1541 2038 1580 eo-

477 1611 601 1665 dem
626 1611 785 1665 modo
829 1614 894 1666 de
927 1610 1198 1683 IEgypto:
1234 1630 1341 1669 non
1392 1615 1538 1669 enim
1572 1615 1790 1679 dicitur,
1829 1635 1847 1667 ι
1891 1617 2040 1672 Visio

478 1713 673 1760 contra
705 1702 1034 1775 Egyptum;
1079 1723 1100 1758 ι
1130 1707 1222 1760 sed
1255 1708 1408 1776 quasi
1443 1707 1710 1778 Egyptus
1741 1709 1957 1776 visura,
1987 1721 2042 1766 et

477 1795 651 1850 oculis
685 1795 1024 1852 discernendi
1059 1797 1109 1850 vi
1162 1799 1406 1866 praeditis
1454 1801 1881 1870 contemplatura
1925 1813 2040 1858 erat

2146 602 2296 674 χώρα
2316 621 2329 633 ο
2359 603 2440 656 διὸ
2464 605 2520 655 ὲν
2545 603 2699 672 μέρει
2725 603 2816 656 τοῦ
2843 600 3086 672 ποταμοῦ
3113 602 3210 672 τῆς
3242 599 3423 673 χώρας
3453 601 3549 654 τοῦ
3574 602 3707 656 Θεοῦ

2147 694 2365 762 λέγεται
2391 695 2667 762 γεγονέναι
2694 694 2752 746 τὸ
2774 694 3008 764 δηλωθὲν
3036 692 3202 754 έθνοςι

2655 786 3046 838 ΚΕΦΑΛΑΙΟΝ
3085 785 3183 838 ΙΘ’.

2218 897 2235 928 ι
2265 878 2494 948 Ὀρασις
2544 877 2839 946 Αἰγύπτου.
2901 876 3029 929 ’ἰδοὺ
3089 875 3290 945 Κύριος
3337 874 3573 945 κάθηται
3617 877 3708 931 ἐπὶ

2141 970 2367 1040 νεφέλης
2405 969 2630 1039 κούφης,
2672 971 2765 1022 καὶ
2794 968 2911 1038 ἣξει
2943 970 3022 1030 είς
3062 967 3352 1036 Αἴγυπτον.
3379 987 3398 1019 ι
3437 969 3707 1038 Προοήκει

2140 1062 2195 1114 δὲ
2223 1062 2312 1114 τὸν
2345 1061 2467 1115 νοῦν
2505 1061 2794 1130 ἐπιστῆσαι
2839 1061 2986 1123 ὅπως
3022 1061 3233 1129 εἴρηται
3259 1077 3272 1090 ο
3319 1079 3336 1110 ι
3364 1061 3590 1129 ὐρασις
3615 1061 3708 1112 Αί-

2141 1153 2366 1222 γύπτου.
2392 1173 2410 1204 »
2447 1153 2521 1206 Ού
2567 1152 2675 1222 γάρ
2716 1153 2790 1214 ὡς
2837 1153 2928 1204 ἐπὶ
2967 1150 3066 1220 τῆς
3104 1149 3419 1212 Βαϐυλῶνος
3447 1149 3665 1217 ἐλέγετο
3689 1166 3704 1180 ’

2147 1265 2165 1297 ι
2199 1248 2424 1316 Ὅρασις
2457 1245 2597 1298 κατά
2643 1242 2987 1305 Βαϐυλῶνος·
3023 1241 3128 1294 οὐδ’
3170 1240 3244 1304 ὡς
3293 1240 3384 1292 ἐπὶ
3431 1240 3528 1310 τῆς
3586 1241 3708 1293 Ἰου-

2140 1337 2293 1401 δαίας
2315 1339 2407 1390 καὶ
2429 1339 2525 1406 τῆς
2549 1334 2917 1407 Ἰερουσαλὴμ,
2940 1354 2957 1385 ι
2986 1335 3215 1405 Ὅρασις
3235 1335 3300 1405 ἣν
3320 1329 3454 1387 εἶδεν
3482 1332 3708 1396 Ἡσαΐας

2141 1427 2257 1489 υίὸς
2298 1426 2494 1497 Ἀμὼς,
2521 1428 2586 1496 ἦν
2617 1421 2725 1478 εἶδε
2756 1424 2894 1476 κατά
2935 1424 3032 1493 τῆς
3073 1424 3330 1486 Ἰουδαίας
3367 1423 3460 1474 καὶ
3508 1422 3704 1493 Ἰερου-

2142 1518 2352 1589 σαλήμ⁶
2378 1537 2395 1569 ›
2433 1517 2539 1570 οὐδ’
2570 1516 2643 1578 ὼς
2669 1515 2761 1569 ἐπὶ
2784 1516 2882 1584 τῆς
2921 1513 3209 1584 Δαμασκοῦ
3243 1514 3335 1566 καὶ
3359 1514 3458 1584 τῆς
3487 1511 3708 1566 Μωαϐί-

2139 1610 2301 1674 τιδος,
2347 1609 2520 1672 οὕτως
2563 1609 2654 1662 ἐπὶ
2707 1608 2805 1676 τῆς
2844 1607 3151 1675 Αἰγύπτου-
3198 1607 3260 1658 οὐ
3306 1605 3412 1676 γὰρ
3463 1607 3706 1677 εἴρηται,

2146 1720 2164 1751 ι
2192 1702 2421 1772 Ὅρασις
2463 1698 2602 1752 κατὰ
2620 1698 2718 1768 τῆς
2737 1696 3039 1764 Αἰγύπτουο
3066 1695 3227 1766 tam:
3247 1695 3320 1759 ὼς
3348 1696 3511 1765 αύτῆ,
3553 1694 3712 1763 Αίγύ-

2144 1811 2276 1847 πτου
2297 1791 2591 1863 μελλούσης
2616 1792 2768 1862 όρᾷν,
2797 1791 2888 1843 καὶ
2911 1789 3131 1859 θεωρεῖν
3165 1787 3459 1859 ὀφθαλμοῖς
3480 1789 3712 1858 διορατι-

478 1901 544 1943 ea
567 1903 683 1956 qua:
711 1889 763 1942 in
792 1889 1043 1943 vaticinio
1073 1889 1318 1944 feruntur
1343 1909 1356 1945 ε
1386 1891 1468 1945 vel
1497 1894 1621 1962 quia
1667 1895 1929 1963 propheta
1959 1896 2043 1948 vi-

2147 1885 2262 1947 κοῖς
2287 1883 2355 1936 τὰ
2381 1881 2769 1952 θεσπιζόμενα·
2805 1881 2837 1951 ἢ
2867 1880 2941 1944 ti);
2967 1879 3060 1933 τοῦ
3090 1881 3371 1950 προφήτου
3398 1882 3496 1950 τήν
3521 1881 3712 1950 ὅρασιν

483 1982 690 2035 sionem
748 1982 1012 2036 habuerat
1039 1981 1311 2053 Egyptiis
1360 1987 1735 2055 pulcherrima
1791 2004 2045 2057 praenun-

479 2072 698 2127 tiantes.
731 2073 864 2138 Quid
894 2073 1034 2127 enim
1065 2074 1361 2142 pulchrius,
1390 2078 1518 2146 quid
1546 2078 1756 2134 beatius
1777 2079 2046 2152 Egyptiis

480 2172 797 2217 eventurum
826 2172 964 2228 erat,
991 2179 1153 2233 quam
1173 2167 1314 2233 quod
1347 2167 1603 2221 Dominus
1630 2173 1914 2237 praesentia
1945 2187 2042 2227 sua

479 2253 631 2323 ipsos
684 2253 1021 2322 dignaturus,
1059 2263 1112 2308 et
1164 2255 1406 2309 notitiam
1444 2258 1526 2311 sui
1585 2259 1716 2327 ipsis
1750 2260 2044 2317 collaturus

475 2344 1018 2415 csset,’facturusque
1059 2348 1164 2401 alia
1193 2349 1373 2404 omnia
1396 2364 1516 2420 qua;
1552 2351 1604 2404 iu
1657 2350 2042 2424 Egyptiorum

473 2433 674 2490 bonum
709 2446 986 2490 verterent
1008 2438 1030 2490 ’ἰ

551 2546 571 2580 ι
606 2528 672 2581 Ει
707 2529 1063 2584 movebuntur
1100 2531 1405 2587 manufacta
1446 2532 1662 2602 Egypti
1691 2548 1719 2587 a
1749 2534 1883 2589 facie
1906 2536 2041 2603 ejus,

473 2627 531 2672 et
557 2632 650 2671 cor
683 2632 868 2672 eorum
902 2620 1244 2689 superabitur
1278 2623 1330 2675 in
1359 2623 1509 2692 ipsis.
1536 2642 1555 2675 ι
1591 2623 1742 2690 Quod
1769 2641 1900 2681 sane
1924 2629 2046 2695 quis

475 2710 772 2764 secundum
803 2712 1048 2766 historiae
1076 2712 1363 2767 veritatem
1400 2723 1528 2769 tunc
1548 2716 1870 2785 completum
1897 2720 2048 2774 dixe-

476 2803 572 2867 rit,
604 2793 725 2856 cum
759 2801 876 2870 ipse
905 2803 1186 2868 Dominus,
1208 2804 1298 2874 qui
1329 2804 1380 2858 in
1417 2805 1684 2874 principio
1709 2809 1848 2876 apud
1879 2809 2043 2863 Deum

479 2899 624 2955 erat,
660 2892 803 2946 Deus
836 2889 1098 2955 Verbum,
1136 2908 1243 2947 non
1279 2893 1603 2964 incorporeo
1642 2909 1818 2965 neque
1857 2896 2050 2952 invisi-

475 2982 571 3036 bili
605 2983 762 3038 modo
798 2983 850 3038 in
888 2983 1265 3054 Egyptiorum
1310 2986 1533 3057 regione
1575 2987 2042 3057 peregrinabatur,

477 3071 574 3126 sed
607 3071 659 3125 in
685 3073 824 3127 nube
849 3073 934 3126 illa
957 3073 1082 3140 levi,
1113 3083 1172 3128 ut
1194 3076 1558 3140 existimatur,
1588 3077 1782 3131 sedens
1803 3077 2044 3143 advenit,

477 3160 686 3215 scilicet
711 3162 762 3215 in
788 3177 1036 3231 corpore,
1081 3163 1222 3232 quod
1251 3161 1503 3218 Christus
1556 3176 1944 3235 assumpserat,
1977 3182 2044 3221 ex

478 3253 687 3322 Spiritu
729 3262 917 3309 sancto
968 3263 1023 3308 et
1076 3269 1142 3309 ex
1175 3265 1362 3309 sancta
1419 3255 1639 3327 Virgine
1667 3259 2040 3313 constitutum.

479 3341 615 3396 Nam
650 3343 696 3398 si
733 3357 840 3397 non
869 3345 1128 3414 scriptum
1154 3354 1302 3398 esset
1335 3344 1508 3412 ipsum
1548 3345 1676 3398 nubi
1721 3346 2042 3401 insidentem

475 3441 769 3487 venturum
789 3447 928 3498 esse,
963 3443 1142 3503 posset
1162 3433 1431 3503 quispiam
1483 3432 1687 3498 dicere,
1720 3433 1885 3488 Deum
1915 3433 2046 3488 Ver-

474 3525 604 3580 bum
635 3525 1044 3594 incorporaliter
1073 3535 1127 3580 et
1154 3524 1334 3579 divina
1361 3527 1561 3580 virtute
1583 3527 1781 3595 ubique
1811 3541 2043 3595 praesen-

448 3623 608 3682 tem,
657 3625 844 3686 utpote
877 3619 965 3686 qui
993 3617 1170 3671 omnia
1214 3615 1450 3685 impleat,
1494 3630 1617 3669 nam
1665 3633 1685 3666 ι
1732 3615 1788 3669 ln
1849 3614 2044 3669 mundo

474 3717 614 3776 erat,
646 3716 702 3763 et
740 3710 967 3763 mundus
1003 3723 1097 3778 per
1128 3708 1299 3779 ipsum
1336 3708 1508 3762 factus
1534 3719 1613 3762 est
1645 3708 1713 3772 9°,
1747 3726 1764 3759 ι
1801 3707 2044 3762 eamdem

477 3801 531 3856 in
587 3799 816 3871 Egypto
868 3801 1210 3869 praesentiam
1273 3800 1563 3867 exhibere,
1611 3799 2042 3870 quandoquidem

476 3889 863 3959 inspectionem
902 3902 957 3945 et
1002 3891 1390 3961 providentiam
1449 3891 1516 3944 ad
1567 3892 1687 3945 illos
1739 3904 1906 3959 usque
1951 3905 2047 3945 ex-

477 3981 670 4035 tendit.
689 3979 887 4036 Verum
911 3982 999 4036 illo
1024 3982 1180 4038 modo
1206 3997 1310 4036 non
1335 3984 1504 4052 magis
1525 3983 1577 4036 in
1601 3981 1855 4052 Egypto,
1883 3996 2044 4050 quam

479 4071 536 4126 in
575 4072 682 4127 alia
717 4073 953 4142 qualibet
985 4073 1168 4127 mundi
1208 4083 1361 4143 parte
1385 4089 1505 4129 esse
1535 4075 1768 4129 dicatur.
1807 4073 1876 4126 At
1906 4087 2048 4128 nunc

478 4164 797 4232 specialiter
821 4175 875 4220 et
903 4164 1157 4220 distincte
1191 4166 1411 4232 dicitur,
1451 4168 1624 4237 ipsum
1655 4167 1783 4222 nubi
1820 4166 1922 4221 levi
1956 4166 2044 4220 in-

477 4255 748 4312 sidentem
785 4267 1072 4313 venturum
1103 4260 1154 4313 in
1176 4259 1469 4332 Egyptum
1491 4274 1631 4324 esse,
1666 4274 1771 4327 quo
1792 4258 2046 4329 proprius

477 4349 699 4418 quidam
720 4359 774 4406 et
797 4367 1091 4422 corporeus
1119 4353 1236 4421 ejus
1255 4353 1518 4406 adventus
1559 4351 1920 4419 signiﬁcatur.
1949 4349 2046 4404 Cui

479 4438 678 4495 dixerit
703 4441 972 4510 quispiam
1007 4443 1062 4496 in
1094 4443 1281 4498 eadem
1321 4441 1706 4512 explanatione
1766 4440 2042 4507 insistens,

2144 1975 2468 2046 τεθεαμένον
2493 1974 2589 2044 τὴν
2612 1973 2680 2025 τὰ
2713 1972 2972 2024 κάλλιστα
2999 1973 3110 2033 τοῖς
3135 1971 3449 2039 Αἰγυπτίοις
3471 1989 3711 2040 προανα-

2146 2069 2488 2138 φωνήσασαν.
2507 2065 2570 2118 Τί
2590 2064 2697 2135 γὰρ
2720 2063 3016 2127 κάλλιον,τί
3033 2063 3088 2115 δὲ
3112 2062 3522 2134 μακαριώτερον
3539 2063 3722 2133 ύπάρ-.

2145 2177 2256 2230 χειν
2283 2159 2511 2229 ήμελλεν
2559 2158 2876 2226 Αἰγυπτίοις
2915 2153 3008 2207 τοῦ
3050 2154 3141 2206 τὸν
3181 2153 3383 2224 Κύριον
3413 2155 3512 2224 τῆς
3548 2153 3711 2207 αὐτοῦ

2145 2250 2444 2321 παρουσίας
2487 2246 2772 2313 καταξιοῦν
2807 2248 3021 2309 αὐτοὺς,
3067 2246 3160 2298 καὶ
3194 2243 3288 2314 τὴν
3321 2242 3484 2296 αὐτοῦ
3513 2243 3715 2312 γνῶσιν

2143 2344 2325 2407 αὐτοῖς
2359 2341 2637 2414 παρέξειν,
2679 2342 2772 2394 καὶ
2822 2341 3065 2410 ποιήσειν
3094 2339 3194 2391 ὃσα
3242 2336 3376 2390 ἀλλα
3419 2336 3712 2407 ἐμφέρεται

2142 2437 2252 2498 τοῖς
2279 2435 2592 2502 Αἰγυπτίοις
2613 2450 2626 2498 ;

2219 2545 2238 2577 ι
2267 2526 2376 2578 Καὶ
2428 2524 2766 2594 σεισθήσεται
2798 2521 2867 2575 τά
2917 2520 3264 2592 χειροποίητα
3298 2517 3570 2586 Αἰγύπτου
3605 2515 3714 2576 ἀπὸ

2145 2618 2434 2688 προσώπου
2467 2614 2654 2677 αὐτοῦ,
2696 2614 2790 2667 καὶ
2823 2615 2857 2684 ή
2903 2612 3096 2684 καρδία
3137 2611 3314 2664 αὐτῶν
3351 2609 3717 2681 ήττηθήσεται

2146 2713 2204 2763 ὲν
2237 2709 2437 2771 αὐτοῖς.
2466 2727 2484 2758 ι
2523 2708 2587 2759 Ὃ
2615 2705 2678 2777 δὴ
2724 2703 3111 2775 πεπληρῶσθαι
3147 2703 3348 2756 εἴποιεν
3379 2702 3442 2756 ἄν
3466 2718 3548 2766 τις
3578 2700 3714 2770 πρὸς

2150 2798 2404 2871 ἱστορίαν,
2448 2798 2536 2850 ὅτε
2575 2795 2734 2859 αὐτὸς
2771 2798 2798 2848 6
2838 2793 3060 2866 Κύριος,
3095 2795 3122 2846 6
3155 2794 3211 2845 ὲν
3263 2793 3403 2863 ἀρχῇ
3457 2791 3590 2860 πρὸς
3623 2789 3716 2844 τὸν

2145 2892 2297 2957 Θεὸν,
2327 2892 2458 2954 Θεὸς
2483 2889 2652 2958 Λόγος
2676 2889 2775 2941 οὐκ
2799 2888 3103 2958 άσωμάτως
3131 2886 3250 2939 οὐδὲ
3269 2884 3487 2954 ἀφανῶς
3521 2884 3712 2955 ἐπεδή-

2150 3002 2236 3056 μει
2263 2987 2328 3054 τῇ
2357 2983 2465 3036 τῶν
2493 2981 2800 3050 Αἰγυπτίων
2828 2977 3001 3051 χώρᾳ,
3039 2977 3175 3032 ἀλλὰ
3206 2976 3342 3048 μετά
3369 2976 3467 3046 τῆς
3498 2973 3714 3044 νομιζο-

2149 3075 2316 3146 μένης
2348 3073 2555 3145 κούφης
2587 3073 2814 3143 νεφέλης
2863 3071 3168 3142 καθήμενον
3206 3069 3366 3122 αὑτὸν
3400 3065 3710 3136 ἀφικέσθαι,

2145 3163 2238 3216 τοῦ
2294 3163 2542 3234 σώματος
2590 3162 2810 3234 δηλαδὴ,
2846 3154 2905 3214 οὗ
2952 3159 3230 3230 ἀνειλήφει
3270 3161 3298 3212 6
3353 3157 3603 3229 Χριστὸς,
3651 3156 3711 3222 ἐξ

2148 3255 2300 3323 ἁγίου
2353 3253 2670 3324 Πνεύματος
2734 3251 2825 3304 καὶ
2888 3251 2985 3321 τῆς
3071 3249 3231 3318 ἁγίας
3286 3248 3556 3319 Παρθένου
3618 3247 3712 3298 ὲπ-

2145 3347 2562 3418 εσκευασμένον).
2595 3347 2658 3398 Εἰ
2689 3345 2786 3414 μὲν
2807 3344 2913 3414 γὰρ
2945 3343 3018 3414 μὴ
3060 3342 3376 3412 προσέκειτο
3407 3341 3466 3393 τὸ
3512 3340 3602 3392 επὶ
3626 3356 3715 3393 νε-

2146 3441 2311 3510 φέλην
2356 3438 2656 3509 καθήμενον
2684 3435 2843 3490 αὐτὸν
2871 3434 3185 3504 ἀφικέσθαι,
3215 3432 3332 3504 ήτοι
3377 3431 3608 3502 ἡδύνατό
3633 3447 3716 3494 τις

2145 3527 2344 3596 λέγειν,
2392 3529 2473 3580 ὅτι
2520 3526 2822 3597 ἁσωμάτως
2867 3525 2960 3577 καὶ
2993 3524 3146 3593 θεῖκῇ
3178 3523 3404 3593 δυνάμει
3440 3517 3716 3590 πανταχοῦ

2147 3621 2335 3693 παρὼν
2386 3622 2414 3673 6
2455 3619 2585 3682 Θεὸς
2614 3619 2804 3686 Λόγος,
2840 3617 2936 3670 ἆτε
2969 3617 3032 3688 δὴ
3065 3617 3243 3670 πάντα
3287 3615 3536 3686 πληρῶν·
3573 3633 3590 3665 ι
3628 3614 3718 3668 Ἐν

2144 3712 2220 3784 τῷ
2251 3713 2439 3782 κόσμῳ
2463 3730 2480 3761 ι
2515 3710 2622 3780 γὰρ
2664 3729 2680 3760 ι
2704 3705 2792 3780 ἢν,
2827 3710 2972 3763 καὶὸ
3002 3710 3201 3779 κόσμος
3235 3709 3301 3760 δι’
3340 3705 3504 3760 αὐτοῦ
3531 3706 3716 3774 ἐγένε-

2144 3822 2224 3870 το,
2253 3825 2271 3857 ι
2305 3806 2398 3858 καὶ
2433 3807 2499 3876 τῇ
2533 3802 2790 3872 Αἰγύπτῳ
2816 3803 2913 3874 τὴν
2946 3803 3113 3873 αὐτὴν
3143 3801 3441 3874 παρουσίαν
3465 3800 3714 3871 παρέχει,

2145 3896 2231 3950 διὰ
2263 3896 2355 3949 τοῦ
2398 3897 2494 3967 τὴν
2537 3894 2840 3965 ἐπισκοπὴν
2875 3894 3038 3948 αὐτοῦ
3079 3896 3172 3948 καί
3201 3894 3297 3964 τὴν
3335 3894 3588 3964 πρόνοιαν
3621 3891 3719 3961 μέσ-

2146 4006 2268 4060 χρις
2316 3987 2493 4041 αὐτῶν
2563 3987 2842 4040 ἐκτείνειν.
2917 3985 3054 4038 Ἀλλ’
3100 3985 3158 4038 οὐ
3206 3983 3404 4054 μᾶλλον
3452 3984 3594 4036 εἴποι
3634 3999 3717 4044 τις

2147 4077 2306 4131 αὑτὸν
2354 4079 2411 4130 ὲν
2453 4076 2732 4147 Αἰγύπτῳ,
2761 4077 2795 4147 ἢ
2835 4081 2892 4132 ὲν
2925 4076 3096 4148 ἑτέρῳ
3129 4076 3283 4147 μέρει
3319 4076 3536 4138 πάντως
3576 4073 3718 4128 κατά

2145 4167 2329 4222 τοῦτον
2371 4169 2634 4240 ὑπάρχειν
2671 4170 2760 4222 τὸν
2798 4170 3020 4241 τρόπον.
3066 4168 3180 4221 Νῦν
3225 4168 3280 4220 δὲ
3322 4166 3719 4238 ἀφωρισμένως

2147 4261 2225 4322 εἰς
2261 4258 2532 4327 Αἴγυπτον
2558 4259 2720 4311 αὐτὸν
2749 4257 2898 4328 ἥξειν
2926 4261 2953 4311 ὁ
2981 4258 3136 4325 λόγος
3173 4257 3263 4310 ἐπὶ
3302 4257 3528 4327 νεφέλης
3558 4255 3718 4309 αὑτὸν

2146 4352 2433 4422 ὀχούμενον
2467 4351 2672 4423 κούφης
2703 4347 2878 4417 εἶπεν,
2910 4351 3213 4414 ἰδιάζουσάν
3255 4368 3372 4404 τινα
3406 4351 3494 4404 καὶ
3530 4367 3718 4419 σωμα-

2147 4445 2302 4514 τικὴν
2327 4442 2423 4513 τὴν
2450 4443 2746 4513 παρουσίαν
2777 4441 2938 4496 αὑτοῦ
2966 4435 3242 4512 δηλῶνῘῼ
3267 4441 3330 4511 δὴ
3373 4443 3513 4494 εἴποι
3541 4442 3605 4494 ἄν
3638 4457 3719 4502 τις

477 4535 612 4582 tunc
628 4531 997 4598 propheticum
1027 4532 1230 4586 dictum
1259 4533 1416 4587 ﬁnem
1444 4531 1721 4596 habuisse,
1743 4545 1865 4584 cum
1892 4530 1937 4585 is
1955 4532 2043 4599 qui

2147 4540 2176 4590 6
2202 4535 2373 4606 ταύτῃ
2399 4535 2786 4606 συνιστάμενος
2821 4538 2886 4605 τῇ
2915 4535 3105 4606 ἐκδοχῇ
3137 4535 3321 4598 τέλους
3368 4534 3628 4604 ἠξιῶσθαι
3658 4534 3721 4586 τὸ

478 4633 547 4674 ex
564 4618 784 4689 Virgine
809 4631 967 4677 natus
995 4633 1079 4678 est
1101 4623 1263 4690 Deus,
1285 4640 1446 4694 quem
1475 4620 1884 4677 Emmanuelem
1914 4636 2041 4690 pro-

479 4712 663 4782 phetia
697 4722 874 4778 vocat,
903 4715 971 4768 ad
996 4715 1242 4771 homines
1289 4716 1526 4772 advenit.
1577 4712 2041 4781 Quemadmodum

2143 4628 2300 4698 ῥητὸν
2328 4628 2418 4679 ἐπὶ
2444 4629 2508 4696 τῇ
2535 4627 2614 4689 εἰς
2639 4624 2959 4696 ἀνθρώπους
2984 4625 3195 4696 προόδῳ
3220 4625 3313 4677 τοῦ
3344 4627 3407 4677 ἐκ
3433 4626 3528 4695 τῆς
3560 4625 3720 4692 ἁγίας

2142 4718 2414 4789 Παρθένου
2469 4717 2816 4788 γεννηθέντος
2862 4715 3016 4780 Θεοῦ,
3071 4717 3128 4769 ὃν
3167 4717 3517 4788 Ἐμμανουήλ
3566 4716 3720 4770 καλεῖ

478 4802 628 4858 enim
653 4805 824 4859 nubes
841 4819 944 4858 non
971 4805 1186 4860 aliunde
1207 4808 1647 4862 constitutionem
1675 4805 1858 4869 habet,
1884 4818 2043 4873 quam

2145 4811 2174 4878 ὴ
2203 4808 2525 4880 προφητεία.
2573 4809 2658 4872 Ὠς
2688 4808 2796 4879 γὰρ
2823 4811 2855 4878 ἡ
2892 4808 3085 4879 νεφέλη
3111 4809 3210 4862 οὐκ
3241 4808 3461 4861 ἄλλοθεν
3491 4809 3601 4879 ἔχει
3622 4811 3720 4878 τὴν

479 4909 543 4949 ex
583 4909 710 4949 aere
739 4901 794 4948 et
825 4907 892 4948 ex
933 4910 1133 4964 vapore
1185 4909 1377 4963 terra},
1417 4898 1496 4951 sic
1551 4905 1606 4950 et
1665 4911 1862 4965 corpus
1903 4896 2048 4962 quod

477 4987 793 5057 assumpsit,
826 5002 893 5042 ex
926 4987 1133 5058 Spiritu
1161 4998 1351 5045 sancto
1377 4998 1432 5044 et
1458 5003 1523 5044 ex
1554 4998 1770 5042 terrena
1794 4989 2049 5043 substan-

477 5079 552 5133 tia
584 5081 964 5150 constitutum,
998 5081 1120 5151 jure
1152 5083 1277 5136 nubi
1309 5082 1414 5136 levi
1457 5090 1823 5149 comparatur,
1856 5081 1940 5134 cui
1963 5080 2046 5133 in-

477 5169 660 5227 sidens
688 5171 958 5237 Christus,
1003 5173 1055 5226 in
1110 5172 1367 5243 IEgypm,
1401 5174 1530 5226 dum
1571 5172 1747 5226 adhuc
1793 5180 1938 5226 esset
1967 5171 2048 5224 iu-

477 5263 622 5329 lans,
654 5265 1118 5334 peregrinabatur.
1150 5265 1207 5319 ld
1237 5267 1432 5334 quippe
1457 5273 1571 5319 erat
1594 5262 1860 5334 Egyptiis
1891 5264 2044 5329 satis,

480 5355 569 5424 qui
591 5356 789 5410 virtute
820 5355 1078 5412 ineffabili
1098 5372 1165 5410 ex
1190 5358 1421 5410 adventu
1442 5353 1743 5409 Salvatoris
1794 5369 2046 5424 magnam

482 5455 608 5500 sunt
642 5447 928 5502 utilitatem
960 5447 1125 5502 nacti.
1186 5441 1596 5502 At'secundum
1649 5445 2045 5515 profundiorem

483 5542 746 5599 mentem,
772 5534 985 5590 Domini
1019 5537 1302 5606 praesentia
1347 5535 1578 5606 ASgyptii
1614 5536 1880 5605 praecipue
1921 5551 2049 5605 egeo

488 5625 642 5690 bant,
674 5635 854 5695 utpote
874 5628 1115 5684 omnium
1169 5628 1446 5686 hominum
1484 5629 2000 5697 superstitiosissimi
2029 5646 2042 5695 ;

563 5805 606 5847 "
657 5807 812 5864 Joau.
855 5824 894 5875 ι,
921 5809 1004 5868 10.

2148 4901 2436 4964 σύστασιν,
2482 4899 2514 4970 ἢ
2563 4899 2620 4966 ἐξ
2662 4901 2821 4970 ἀέρος
2865 4901 2957 4954 καὶ
3007 4899 3421 4970 ἀναθυμιάσεως
3459 4901 3556 4970 τῆς
3596 4901 3719 4969 γῆς,

2147 4988 2318 5053 οὕτως
2352 4989 2411 5042 τὸ
2463 4989 2620 5060 σῶμα
2674 4991 2702 5042 ὃ
2749 4990 3059 5061 ἀνείληφεν,
3106 4989 3165 5053 ἐξ
3208 4991 3361 5058 ἁγίου
3407 4990 3722 5060 Πνεύματος

2149 5083 2242 5136 καὶ
2293 5083 2393 5152 τῆς
2453 5082 2681 5151 γεώδους
2726 5084 2913 5147 ούσίας
2966 5081 3202 5136 ὑποστὰν
3246 5082 3468 5146 εἰκότως
3525 5082 3722 5155 νεφέλῃ

2149 5173 2325 5245 κούφῃ
2365 5173 2698 5245 παρεὸλήθη,
2747 5169 3179 5247 ᾖὲγκαθήμενος
3220 5171 3248 5223 ὁ
3274 5169 3504 5242 Χριστὸς
3539 5171 3714 5242 ἐπεδή’

2155 5281 2243 5333 μει
2270 5267 2335 5334 τῇ
2365 5264 2623 5335 Αἰγύπτῳ
2649 5266 2789 5319 κατὰ
2819 5264 2916 5333 τὴν
2953 5263 3151 5333 νηπίαν
3174 5261 3407 5331 ἡλικίαν.
3461 5263 3723 5334 Ἀπήρκει

2150 5355 2258 5427 γὰρ
2295 5357 2385 5409 καὶ
2429 5356 2583 5409 τοῦτο
2626 5358 2962 5426 Αἰγυπτίοις,
2995 5356 3217 5427 ἀρρήτῳ
3243 5355 3469 5426 δυνάμει
3495 5356 3723 5425 μέγιστα

2153 5448 2548 5519 ὠφελουμένοις
2574 5452 2637 5502 ἐκ
2660 5450 2759 5519 τῆς
2794 5447 2888 5500 τοῦ
2927 5447 3177 5516 Σωτῆρος
3217 5447 3542 5510 ὲπιϐάσεως.
3572 5446 3726 5498 Κατά

2152 5539 2208 5592 δὲ
2249 5539 2541 5610 βαθύτερον
2575 5539 2720 5594 νοῦν.
2769 5539 2866 5608 τῆς
2892 5536 2985 5590 τοῦ
3016 5537 3220 5607 Κυρίου
3249 5540 3549 5609 παρουσίας
3588 5536 3726 5600 ἐξαι-

2157 5631 2324 5702 ρέτως
2359 5631 2528 5686 ὲδεῖτο
2560 5632 2592 5702 ή
2638 5629 2928 5698 Αἴγυπτος,
2967 5628 3150 5702 ἐπειδὴ
3179 5629 3395 5685 πάντων
3424 5627 3729 5701 ἀνθρώπων
