4118 6388
350 404 449 459 2‘21

1296 391 1797 451 COMMENTARIA
1835 390 1902 446 IN
1940 386 2196 445 ISAIAM.
2235 416 2303 428 --
2341 385 2493 442 CAP.
2533 385 2677 441 XIX.

3479 375 3590 432 232

351 522 893 596 δεισιδαιμονέστεροι
939 521 1249 591 γεγόνασιν,
1292 518 1368 582 ὡς
1412 518 1486 589 μὴ
1536 516 1691 587 μόνον
1732 516 1924 586 εἱμαρ-

2053 521 2100 566 ta
2136 521 2196 565 ut
2218 526 2322 566 non
2353 511 2522 567 solum
2545 511 2657 565 fato
2678 518 2732 565 et
2752 508 2921 565 steliis
2952 507 3072 564 cceli
3097 504 3334 561 universi
3364 517 3586 559 causam

358 619 494 691 μένῃ
522 619 616 670 καὶ
662 617 773 679 τοῖς
816 615 936 668 κατ’
968 612 1194 685 οὐρανὸν
1222 610 1442 682 ἄστροις
1476 609 1574 680 τὴν
1606 608 1699 661 τοῦ
1728 606 1925 669 παντὸς

357 708 661 764 ἀνατιθέναι
702 708 902 772 αἰτίαν,
955 707 1209 759 ἐκπεσεῖν
1250 703 1306 756 δὲ
1348 703 1443 755 καὶ
1482 702 1639 772 μέχρι
1682 699 1780 769 τῆς
1818 697 1925 750 τῶν

359 801 563 868 ἀλόγων
590 797 763 862 ζώων,
796 798 888 849 καὶ
910 796 1115 866 Θηρίων
1141 792 1446 847 ἀτιθάσσων
1493 788 1709 859 πτηνῶν
1750 805 1809 841 τε
1833 786 1927 840 καὶ

361 892 602 964 ἑρπετῶν
642 890 931 953 θεοποιίας.
980 887 1135 941 Οὓτω
1183 886 1238 939 δὲ
1294 884 1583 939 ἀδέσποτον
1625 882 1720 936 καὶ
1760 881 1929 950 ἀπρο-

360 985 543 1055 νόητον
594 982 822 1054 ἡγοῦντο
864 982 925 1034 τὸ
976 982 1123 1045 πᾶν,
1183 979 1257 1042 ὡς
1316 977 1406 1030 καὶ
1474 974 1696 1046 βασιλέα
1751 971 1928 1025 αὐτῶν

360 1078 538 1145 γυμνῇ
577 1078 642 1145 τῇ
693 1074 901 1143 κεφαλῇ
931 1072 1140 1139 λέγειν·
1176 1089 1194 1121 ι
1219 1070 1332 1123 Ούκ
1352 1064 1468 1122 οῖδα
1509 1068 1599 1119 τὸν
1642 1065 1874 1135 Κύριον,
1905 1082 1924 1114 ι

359 1167 475 1229 καὶ,
506 1185 523 1216 ι
555 1165 650 1228 Τίς
666 1166 811 1217 ἐστιν
836 1157 896 1217 οὗ
926 1161 1315 1232 εἰσακούσομαι
1357 1163 1456 1231 τῆς
1481 1158 1665 1229 φωνῆς
1692 1154 1853 1211 αὐτοῦ
1878 1171 1924 1219 ;›

360 1254 548 1308 Ταῦτα
567 1255 623 1308 δὲ
649 1256 831 1317 αὐτοῖς
854 1254 1034 1323 ἔργοις
1055 1253 1209 1314 τέλος
1230 1252 1498 1322 ὲλάμὸανε
1524 1249 1644 1303 καθ’
1659 1248 1717 1300 ὃν
1742 1246 1931 1318 χρόνον

361 1342 645 1413 ἐκκλησίαι
698 1344 793 1413 μὲν
841 1341 975 1394 Θεοῦ
1031 1340 1148 1395 καθ’
1194 1340 1320 1409 ὅλης
1380 1340 1587 1410 ἵδρυντο
1631 1338 1728 1407 τῆς
1767 1332 1933 1403 Αίγύ-

372 1452 535 1499 πτου,
583 1434 892 1505 ἐπεδήμησε
922 1432 977 1485 δὲ
1005 1432 1165 1493 αὐτὸς
1188 1434 1216 1485 ὁ
1241 1431 1444 1502 Κύριος
1474 1432 1583 1491 τοῖς
1596 1425 1931 1495 Αἰγυπτίοις,

365 1525 679 1580 ἐπισκοπῶν
720 1525 815 1587 τὰς
849 1523 1139 1593 ἐκκλησίας
1163 1521 1325 1576 αὐτοῦ
1348 1520 1489 1574 κατὰ
1509 1520 1589 1572 τό·
1616 1538 1634 1569 ι
1649 1520 1819 1571 Ὅπου
1843 1516 1935 1570 δύο

365 1618 399 1688 ἢ
423 1621 570 1689 τρεῖς
600 1617 926 1687 συνηγμένοι
954 1616 1088 1670 εἰσιν
1116 1616 1195 1677 είς
1219 1614 1279 1666 τὸ
1309 1612 1439 1683 ἐμὸν
1466 1612 1656 1681 ὄνομα,
1685 1612 1800 1662 ἐκεῖ
1822 1612 1935 1679 εἰμι

364 1710 425 1764 ὲν
449 1711 597 1781 μέσῳ
618 1710 813 1763 αὐτῶν.
844 1728 861 1761 ι
890 1708 1045 1764 Οὕτω
1070 1708 1200 1777 γοῦν
1225 1709 1279 1760 αἰ
1324 1706 1419 1775 μὲν
1438 1704 1813 1775 ὲκκλησίαιιτῇ
1843 1704 1939 1755 αύ-

364 1797 460 1852 τοῦ
485 1800 778 1870 διέλαμπον
802 1799 1002 1871 χάριτι,
1032 1799 1066 1868 ἡ
1100 1798 1157 1850 δὲ
1195 1795 1305 1850 τῶν
1341 1794 1524 1850 αὐτόθι
1548 1795 1815 1866 δαιμόνων
1840 1811 1940 1848 κα-

368 1889 586 1963 θῃρεῖτο
612 1889 805 1960 πλάνη.

444 2001 464 2034 ‹
506 1981 614 2034 Καὶ
646 1978 1103 2050 ὲπεγερθήσονται
1150 1976 1437 2046 Αἰγύπτιοι
1468 1977 1553 2029 ἐπ’
1588 1975 1938 2044 Αἰγυπτίους,

369 2075 465 2130 καὶ
514 2073 812 2144 πολεμήσει
852 2071 1138 2142 ἄνθρωπος
1188 2072 1281 2124 τὸν
1332 2070 1559 2139 ἀδελφὸν
1612 2069 1798 2132 αὐτοῦ,
1850 2068 1945 2121 καὶ

370 2166 651 2236 ἄνθρωπος
679 2165 770 2218 τὸν
796 2164 1023 2233 πλησίον
1050 2163 1235 2216 αὐτοῦ.
1268 2183 1286 2215 ι
1325 2164 1437 2217 Καὶ
1461 2162 1631 2215 ταῦτα
1657 2163 1755 2232 μὲν
1779 2162 1946 2231 ἐπλη-

375 2256 531 2328 ροῦτο
570 2254 706 2325 μετὰ
746 2255 806 2307 τὸ
840 2254 1194 2321 εύαγγελικδν
1236 2255 1520 2325 κήρυγμα,
1554 2253 1616 2305 τὸ
1655 2254 1733 2315 εἰς
1766 2254 1946 2305 πᾶσαν

373 2347 612 2401 διαδοθὲν
660 2347 758 2419 τὴν
796 2347 1091 2412 Αἴγυπτον,
1132 2348 1217 2415 ἐφ’
1250 2339 1294 2413 ᾧ
1326 2346 1396 2397 τὰ
1444 2345 1541 2416 μὲν
1576 2344 1755 2414 ἄψυχα
1788 2344 1949 2408 ξόανα

377 2439 475 2509 τῆς
504 2436 564 2501 ἐξ
609 2436 803 2499 αἰῶνος
851 2436 1109 2505 ἀκινήτου
1160 2437 1401 2499 στάσεως
1434 2437 1614 2490 αὐτῶν
1662 2434 1944 2505 ἐσαλεύθη,

376 2527 516 2581 ὥστε
547 2530 620 2599 μὴ
656 2528 1010 2600 καθιδρύσθαι
1044 2530 1137 2581 καὶ
1165 2528 1387 2598 βεϐαίαν
1420 2528 1561 2599 ἔχειν
1592 2526 1731 2581 αὐτὰ
1760 2527 1947 2580 στάσιν

374 2618 461 2672 διὰ
503 2618 593 2671 τὸν
646 2619 1000 2689 ἐγγενόμενον
1036 2620 1219 2683 αὐτοῖς
1263 2619 1418 2683 λαὸν,
1469 2622 1517 2672 οἱ
1565 2619 1622 2671 δὲ
1664 2620 1720 2671 ὲν
1768 2620 1948 2681 αὐτοῖς

374 2707 782 2779 ἐμφωλεύοντες
809 2710 1063 2780 δαίμονες
1089 2710 1339 2781 πονηροὶ,
1369 2710 1431 2762 τὸ
1464 2711 1627 2781 μηδὲν
1657 2709 1807 2773 ὄντες
1836 2710 1950 2779 διηυ-

377 2800 628 2870 λέγχοντο
656 2802 746 2853 ἐπὶ
778 2800 1003 2865 τούτοις.
1036 2803 1244 2873 Ὥσπερ
1270 2801 1379 2873 γὰρ
1414 2804 1447 2872 ἡ
1478 2801 1738 2872 ἐμφύλιος
1765 2802 1952 2864 στάσις

377 2892 499 2945 καθ’
522 2893 648 2963 ὅλης
674 2893 979 2963 διηγείρετο
1006 2894 1103 2963 τῆς
1133 2894 1407 2962 Αἰγύπτου
1429 2912 1441 2923 ·
1471 2893 1826 2964 διισταμένων
1856 2893 1950 2946 ἀπ’

378 2981 620 3052 ἀλλήλων
650 2983 742 3035 καὶ
784 2984 1127 3053 τεμνομένων
1160 2985 1253 3038 καὶ
1291 2984 1668 3056 μεριζομένων
1711 2986 1832 3038 κατ’
1870 2981 1951 3035 οἰ-

380 3092 527 3139 κους,
561 3077 655 3129 καὶ
685 3074 913 3129 πολιτῶν
936 3076 1034 3147 τὴν
1058 3076 1240 3148 χώραν
1270 3076 1582 3141 οἰκούντων,
1605 3076 1683 3147 τῷ
1701 3077 1825 3141 τοὺς
1859 3078 1953 3133 ιιὲν

380 3166 558 3221 αὐτῶν
601 3168 957 3238 προστρέχειν
989 3167 1066 3238 τῷ
1096 3167 1414 3240 κηρύγματι
1448 3169 1785 3240 εὐαγγελικῷ
1826 3171 1955 3224 ἀνα-

381 3259 689 3330 χωροῦντας
716 3259 815 3328 τῆς
846 3259 1165 3331 δαιμονικῆς
1196 3264 1291 3315 καὶ
1318 3263 1688 3333 Αἰγυπτιακῆς
1721 3261 1948 3332 πλάνης·

383 3353 508 3415 τοὺς
555 3353 609 3404 δὲ
658 3354 1088 3423 ὲναπομενοντας
1131 3356 1188 3405 ὲν
1231 3354 1365 3425 αὐτῇ
1411 3354 1641 3425 πόλεμον
1690 3354 1951 3408 ἄσπονδον

385 3443 524 3496 κατά
548 3444 752 3497 τούτων
776 3443 1009 3513 ἐγείρειν
1030 3460 1043 3474 °
1074 3444 1244 3509 οὕτως
1271 3440 1362 3499 οὖν
1400 3445 1755 3499 ἐπανίσταντο
1783 3443 1951 3511 Αἰγύ-

386 3551 527 3586 πτιοι
551 3535 639 3587 ἐπ’
670 3533 1023 3602 Αἰγυπτίους.

460 3731 479 3763 ι
513 3711 673 3775 Πόλις
705 3713 797 3766 ἐπὶ
835 3712 1008 3780 πόλιν,
1040 3716 1134 3769 καὶ
1173 3717 1336 3787 νομὸς
1374 3717 1468 3770 ἐπὶ
1501 3718 1680 3787 νομόν.
1718 3717 1828 3770 Καὶ
1868 3735 1955 3770 τα-

385 3805 712 3877 ραχθήσεται
743 3807 804 3859 τὸ
825 3806 1043 3878 πνεῦμα
1071 3809 1181 3862 τῶν
1212 3810 1522 3877 Αἰγυπτίων
1550 3813 1608 3863 ὲν
1634 3810 1835 3872 αὐτοῖς,
1862 3810 1956 3863 καὶ

381 3897 480 3967 τὴν
533 3896 725 3966 βουλὴν
764 3899 942 3952 αὐτῶν
986 3899 1344 3954 διασκεδάσω.
1387 3901 1499 3953 Καὶ
1551 3890 1957 3971 ἐπερωτήσουσι

381 3988 511 4050 τοὺς
545 3986 700 4049 θεοὺς
727 3986 906 4039 αὐτῶν
942 3989 1036 4040 καὶ
1082 3987 1151 4039 τὰ
1185 3989 1473 4059 ἀγάλματα
1509 3990 1684 4042 αὐτῶν
1712 3990 1959 4055 καὶτοὺς

374 4076 448 4128 ἐκ
491 4074 587 4143 τῆς
628 4074 731 4144 γῆς
762 4074 1104 4142 φωνοῦντας,
1149 4075 1243 4128 καὶ
1283 4079 1408 4141 τοὺς
1466 4078 1953 4149 ἐγγαστριμύθους.

384 4167 495 4221 Καὶ
537 4165 845 4237 παραδώσω
876 4167 973 4239 τὴν
1011 4167 1283 4237 Αἴγυπτον
1312 4172 1392 4234 εἰς
1427 4174 1614 4242 χεῖρας
1658 4172 1959 4245 ἀνθρώπων

384 4256 587 4328 κυρίων
618 4258 889 4329 σκληρῶν,
919 4261 1012 4314 καὶ
1051 4260 1288 4329 βασιλεῖς
1324 4263 1551 4334 σκληροὶ
1582 4265 1960 4337 κυριεύσουσιν

384 4345 583 4405 αὐτῶν.
622 4366 640 4398 ›
676 4348 849 4418 Νομοὶ
875 4349 931 4402 δὲ
958 4349 1245 4404 καλοῦνται
1274 4353 1404 4423 παρ’
1433 4354 1750 4422 Αἰγυπτίοις
1792 4357 1959 4410 εἰσέτι

385 4439 479 4493 καὶ
507 4437 601 4490 νῦν
633 4439 690 4493 αί
723 4440 867 4510 παρ’.
898 4442 1079 4505 αὐτοῖς
1117 4443 1310 4514 χῶραι,
1338 4444 1394 4498 αἳ
1425 4448 1519 4498 καὶ
1545 4447 1704 4499 αὐταὶ
1728 4447 1959 4501 διίσταν-

384 4545 474 4590 ται
502 4529 635 4602 πρὸς
663 4529 894 4602 ἀλλήλας
917 4532 1016 4602 τῆς
1038 4535 1203 4605 αὐτῆς
1231 4535 1416 4590 ἕνεκεν
1440 4538 1766 4603 ὑποθέσεως.
1805 4543 1962 4611 Ἐχω-

388 4622 567 4696 ρίςετο
594 4622 650 4675 δὲ
676 4623 778 4693 τῆς
814 4625 957 4678 κατά
984 4626 1119 4680 Θεοῦ
1153 4628 1425 4694 πολιτείας
1443 4632 1471 4683 ό
1493 4633 1601 4686 τῶν
1622 4634 1794 4687 ἀθέων
1826 4634 1957 4703 βίος,

385 4716 478 4768 καὶ
504 4716 664 4786 νομὸς
708 4717 1031 4789 ὲπηγείρετο
1058 4721 1229 4791 νομῷ,
1263 4723 1356 4775 τοῦ
1401 4725 1756 4794 εὐαγγελικοῦ
1790 4727 1957 4798 νόμου

385 4804 453 4865 τὰ
480 4803 587 4864 τῶν
619 4805 932 4873 Αἰγυπτίων
961 4808 1354 4879 ἀνατρέποντος
1383 4815 1608 4885 νόμιμα,
1651 4817 1725 4879 ὡς
1754 4814 1818 4871 αὖ
1852 4818 1959 4871 πά-

387 4895 469 4959 λιν
502 4896 596 4955 τοῦ
631 4899 729 4972 τῆς
768 4899 1209 4971 εἰδωλολατρείας
1252 4904 1417 4973 νόμου
1465 4907 1826 4977 πολεμοῦντος
1868 4911 1958 4963 τὸν

392 4991 652 5061 σωτήριον
691 4990 869 5059 λόγον.
916 4992 1101 5045 Ταῦτα
1143 4994 1198 5047 δὲ
1230 4996 1406 5049 πάντα
1454 4998 1681 5066 ἐγίνετο,
1729 5001 1827 5072 τὴν
1867 5003 1960 5056 ἐπὶ

389 5079 543 5151 κακῷ
577 5084 896 5153 συμφωνίαν
939 5085 1047 5138 τῶν
1088 5088 1401 5155 Αἰγυπτίων
1446 5091 1541 5144 καὶ
1570 5091 1668 5163 τὴν
1709 5094 1960 5164 ὁμόνοιαν

391 5169 567 5223 αὐτῶν
588 5173 685 5243 τὴν
718 5176 845 5246 περὶ
872 5176 971 5246 τὴν
1003 5178 1261 5233 πολύθεον
1295 5180 1503 5253 πλάνην
1527 5184 1843 5253 συγχέοντος
1865 5184 1959 5237 τοῦ

390 5260 819 5332 ἐπιδημήσαντος
842 5267 1022 5331 αὐτοῖς
1052 5270 1278 5340 Κυρίου.
1311 5272 1401 5324 Διὸ
1435 5272 1648 5345 εἴρηται
1690 5275 1829 5329 κατὰ
1871 5276 1962 5329 τὸν

402 5350 651 5415 Ἀκύλαν,
681 5372 699 5403 ι
731 5357 841 5417 Καὶ
876 5360 1151 5420 στασιάσω
1185 5363 1503 5430 Αἰγυπτίοις
1540 5366 1896 5434 Αἰγυπτίους·
1936 5386 1954 5418 ι

390 5439 532 5502 κατά
572 5440 627 5493 δὲ
665 5442 755 5495 τὸν
789 5444 1099 5517 Σύμμαχον,
1142 5468 1159 5500 ι
1202 5450 1468 5521 Συμϐαλῶ
1495 5454 1822 5523 Αἰγυπτίους
1864 5456 1962 5508 Αἰ⁴

389 5530 656 5605 γυπτίοις.
696 5552 714 5583 ›
763 5534 1003 5608 Συγγενῆ
1044 5539 1100 5591 δὲ
1134 5542 1345 5604 τούτοις
1375 5544 1468 5596 καί
1509 5544 1731 5614 ἀδελφὰ,
1761 5545 1958 5616 μᾶλλον

389 5620 445 5675 δὲ
490 5622 557 5676 τὰ
588 5622 726 5677 αὐτὰ
774 5625 980 5697 ἑτέροις
1021 5631 1258 5701 ῥήμασιν
1293 5633 1454 5698 αὐτὸς
1494 5637 1522 5688 ὁ
1564 5636 1768 5710 Κύριος
1801 5637 1958 5711 ἡμῶν

463 5798 508 5837 ⁸³
537 5801 704 5867 Exod.
742 5819 772 5860 v
799 5848 813 5875 ,
867 5806 922 5866 2.
997 5808 1039 5840 ’³
1074 5808 1259 5869 Matth.
1302 5827 1453 5881 xvm,
1484 5811 1570 5873 20.

2030 602 2438 668 adscriberent,
2464 605 2557 657 sed
2579 603 2741 656 etiam
2766 601 2832 655 ad
2850 615 3018 668 usque
3043 601 3319 655 hrutorum
3344 596 3592 650 animan-

2033 695 2189 760 tium,
2223 695 2459 749 ferarum
2496 695 2831 759 immanium,
2854 692 3134 748 volucrum
3187 700 3242 745 et
3290 687 3586 757 reptilium,

2032 795 2092 840 ut
2128 786 2374 849 deorum,
2404 784 2605 838 cultum
2628 785 3025 838 delaberentur.
3059 783 3133 835 lta
3159 794 3286 834 vero
3317 778 3592 831 dominatu

2032 886 2089 933 et
2118 876 2450 947 providentia
2477 890 2705 928 vacuum
2730 876 3041 927 universum
3079 869 3504 928 arbitrabantur,
3532 871 3593 917 ut

2033 984 2129 1024 rex
2153 970 2373 1039 quidam
2403 981 2591 1020 eorum
2619 965 2962 1031 impudenter
2992 963 3216 1024 diceret,
3255 978 3273 1009 ι
3308 958 3423 1012 Non
3468 953 3595 1008 novi

2036 1062 2343 1125 Dominum,
2379 1066 2480 1124 iet,
2513 1075 2531 1107 ι
2564 1056 2694 1123 Quis
2719 1064 2801 1109 est
2824 1055 2975 1121 cujus
3002 1066 3190 1106 vocem
3223 1048 3436 1102 audiam
3463 1044 3510 1078 “
3531 1044 3586 1099 ί»

2036 1154 2161 1208 Haec
2192 1167 2351 1221 porro
2405 1149 2533 1219 ipsis
2592 1149 2847 1217 operibus
2900 1148 3058 1201 linem
3094 1148 3453 1211 acceperunt,
3487 1150 3595 1207 quo

2038 1255 2280 1314 tempore
2314 1242 2559 1299 ecclesire
2588 1241 2680 1294 Dei
2718 1255 2811 1308 per
2842 1247 3008 1292 totam
3050 1234 3341 1304 Egyptum
3389 1227 3595 1285 consti-

2040 1338 2346 1401 tuebantur,
2374 1351 2436 1390 ac
2463 1335 2578 1404 ipse
2615 1332 2874 1387 Dominus
2923 1330 2988 1383 ad
3045 1327 3325 1397 Egyptios
3353 1321 3596 1392 peregri-

2039 1440 2198 1486 natus
2228 1438 2331 1491 est,
2359 1441 2487 1481 suas
2536 1424 2763 1478 visitans
2791 1421 3050 1477 ecclesias
3105 1416 3400 1471 secundum
3443 1410 3596 1473 illud,

2045 1521 2198 1577 «Ubi
2227 1521 2333 1574 duo
2370 1517 2455 1570 vel
2513 1525 2623 1569 tres
2684 1510 2998 1583 congregati
3047 1507 3247 1563 fuerint
3302 1506 3355 1557 in
3383 1501 3598 1557 nomine

2039 1628 2183 1677 meo,
2218 1612 2326 1665 illic
2357 1623 2474 1665 sum
2507 1608 2559 1663 in
2601 1606 2776 1660 medio
2823 1618 3008 1659 eorum
3041 1601 3109 1653 ".
3152 1618 3170 1652 ι
3202 1596 3280 1650 ita
3307 1595 3470 1663 igitur
3511 1606 3599 1645 ec-

2043 1706 2218 1761 clesia:
2252 1703 2467 1772 quidem
2502 1699 2618 1769 ejus
2649 1698 2824 1769 gratia
2852 1693 3149 1765 fulgebant,
3179 1691 3481 1745 dmmonum
3510 1699 3600 1739 au-

2044 1808 2148 1855 tem
2177 1796 2249 1852 ibi
2279 1794 2576 1865 vigentium
2603 1806 2757 1847 error
2792 1788 3189 1845 destruebatur.

2115 1977 2280 2033 Vens.
2317 1976 2370 2031 2.
2410 1994 2429 2027 ι
2462 1976 2528 2030 Ει
2558 1971 2938 2029 excitabuntur
2955 1964 3191 2041 [Egyptii
3216 1962 3268 2020 in
3294 1963 3602 2033 Egyptios,

2047 2080 2101 2125 et
2141 2071 2364 2125 bellabit
2408 2070 2568 2124 homo
2596 2067 2851 2121 adversus
2880 2063 3114 2120 fratrem
3143 2075 3321 2122 suum,
3360 2065 3415 2109 et
3443 2056 3606 2110 homo

2048 2165 2305 2219 adversus
2335 2161 2640 2231 proximum
2687 2172 2868 2213 suum.
2902 2176 2920 2210 ι
2980 2156 3048 2210 Ει
3098 2155 3209 2208 haec
3247 2150 3464 2220 quidem
3506 2148 3606 2200 im-

2045 2255 2329 2325 plebantur
2348 2262 2466 2322 post
2488 2253 2850 2322 evangelicam
2878 2247 3339 2319 praedicationem,
3361 2256 3480 2312 quae
3511 2253 3607 2309 per

2050 2360 2213 2406 totam
2246 2348 2534 2418 Egyptum
2584 2346 2845 2416 pervasit,
2896 2359 3003 2414 quo
3034 2352 3276 2410 tempore
3314 2338 3607 2391 inanimala

2048 2438 2334 2495 simulacra
2386 2451 2414 2489 a
2467 2437 2703 2490 statione
2764 2449 2859 2489 sua
2908 2448 3068 2502 quam
3105 2446 3133 2483 a
3172 2427 3368 2484 saculo
3404 2426 3610 2479 obtine-

2047 2533 2199 2594 bant,
2239 2543 2466 2584 excussa
2520 2536 2680 2593 sunt,
2733 2534 2790 2581 ut
2828 2540 2935 2580 non
2973 2523 3114 2577 ultra
3166 2535 3232 2573 ex
3278 2516 3458 2587 populi
3503 2515 3610 2569 fre-

2051 2623 2268 2695 quentia
2312 2622 2544 2677 lirmiter
2591 2630 2755 2683 stare,
2808 2633 2904 2672 nec
2951 2615 3118 2671 solida
3158 2612 3450 2666 subsistere
3484 2622 3610 2677 pos-

2050 2724 2212 2771 sent:
2247 2713 2525 2768 daemones
2556 2727 2685 2766 vero
2726 2709 2984 2780 maligni,
3023 2706 3111 2774 qui
3159 2705 3211 2757 in
3258 2702 3386 2772 ipsis
3427 2715 3525 2755 ceu
3556 2698 3610 2753 in

2050 2804 2286 2861 latibulis
2317 2806 2572 2875 agebant,
2608 2806 2659 2858 in
2692 2804 2757 2857 iis
2796 2802 2926 2869 ipsis
2957 2797 3090 2851 nihil
3129 2810 3247 2851 esse
3279 2789 3613 2862 comprobati

2054 2906 2200 2953 sunt.
2238 2895 2702 2962 Quemadmodum
2734 2894 2876 2948 enim
2908 2888 3084 2945 civilis
3114 2883 3375 2941 tumultus
3407 2896 3503 2951 per
3533 2889 3614 2934 lo—

2054 3001 2162 3045 tam
2195 2989 2484 3061 }Egyptum
2518 2985 2888 3042 concitabatur
2910 3024 2923 3048 ,
2967 2980 3177 3051 populis
3207 2974 3613 3037 dissidentibus,

2056 3082 2349 3154 divisisque
2387 3080 2578 3137 Studiis
2607 3092 2702 3148 per
2736 3078 2923 3131 domos
2966 3084 3153 3128 mutuo
3182 3066 3567 3123 altercantibus
3589 3075 3612 3117 τ

2057 3175 2198 3247 quod
2235 3190 2302 3229 ex
2339 3174 2546 3229 civibus
2582 3169 2817 3241 regionis
2863 3165 3071 3229 incolis,
3109 3163 3195 3217 alii
3244 3160 3457 3231 quidem
3490 3156 3616 3211 reli-

2058 3242 2145 3321 clo
2178 3267 2443 3321 diabolico
2468 3280 2530 3320 ac
2563 3262 2883 3334 Egyptiaco
2917 3271 3123 3321 errore,
3154 3256 3219 3310 ad
3254 3251 3615 3322 evangelicam
3716 3242 3730 3261 ‘

2057 3358 2488 3431 praedicationem
2521 3350 2998 3432 accederent,'alii
3043 3362 3171 3403 vero
3210 3346 3262 3399 in
3304 3345 3489 3399 eodem
3537 3356 3617 3396 er-

2058 3465 2184 3506 rore
2222 3456 2657 3519 perseverantes,
2689 3441 3014 3513 inexpiabile
3040 3438 3237 3495 bellum
3281 3444 3465 3491 contra
3498 3432 3617 3488 illos

2059 3544 2403 3598 excitarent:
2444 3542 2524 3595 sic
2574 3539 2736 3611 igitur
2772 3533 3117 3605 insurgebant
3155 3529 3388 3601 Egyptii
3427 3533 3617 3582 contra

2061 3634 2361 3691 Egvutios.

2242 3651 2361 3689 uos.

2134 3651 2297 3779 gyris.
2329 3722 2455 3790 5,4.
2478 3741 2496 3772 ‹
2517 3720 2716 3776 Civitas
2749 3719 3004 3773 adversus
3037 3714 3330 3780 civitatem,
3358 3720 3411 3766 et
3430 3723 3617 3765 nomus

2062 3830 2321 3871 aoversus
2376 3828 2612 3868 nomum.
2650 3812 2714 3864 Et
2740 3809 3045 3864 turbabitur
3088 3806 3308 3877 spiritus
3343 3801 3617 3874 Egyptio-

2063 3920 2181 3960 rum
2229 3906 2280 3958 in
2333 3904 2496 3974 ipsis,
2542 3911 2596 3957 et
2644 3899 2922 3957 consilium
2967 3912 3149 3953 eorum
3208 3893 3499 3964 dissipabo.
3552 3891 3618 3947 Et

2064 3996 2469 4062 interrogabunt
2536 3994 2663 4047 deos
2712 4006 2840 4045 suos
2903 3997 2953 4045 et
3025 3988 3311 4043 simulacra
3361 3999 3497 4049 sua,
3566 3991 3620 4038 et

2065 4103 2180 4150 eos,
2211 4086 2300 4155 qui
2343 4085 2408 4139 de
2456 4092 2598 4137 terra
2654 4082 2948 4151 loquuntur
2977 4120 2992 4145 ,
3034 4088 3088 4133 et
3130 4076 3515 4145 ventriloquos.
3555 4074 3619 4130 Et

2068 4178 2273 4232 tradam
2326 4174 2613 4245 [Egyptum
2657 4174 2711 4228 in
2765 4186 2956 4225 manus
3003 4170 3312 4231 hominum,
3361 4167 3619 4221 durorum

2066 4267 2429 4329 dominorum,
2458 4275 2511 4318 et
2552 4278 2705 4332 reges
2733 4262 2850 4316 duri
2892 4260 3309 4315 dominabuntur
3348 4271 3553 4311 eorum.
3596 4274 3617 4308 ι

2066 4359 2220 4414 Nomi
2279 4358 2420 4426 apud
2468 4355 2754 4426 [Egyptios
2806 4353 3070 4419 hodieque
3132 4360 3391 4403 vocantur
3437 4361 3620 4401 eorum

2067 4453 2334 4521 regiones,
2370 4463 2489 4516 quae
2542 4450 2702 4501 etiam
2751 4446 2938 4500 eadem
2972 4442 3039 4495 de
3077 4455 3238 4496 causa
3285 4449 3468 4493 mutuo
3511 4440 3619 4492 dis-

2068 4545 2266 4598 sident.
2304 4540 2596 4595 Atheorum
2646 4548 2823 4591 autem
2872 4535 2977 4587 vita
3027 4534 3094 4586 ab
3146 4531 3387 4586 instituto
3430 4544 3621 4584 secun-

2067 4635 2190 4688 dum
2249 4633 2411 4685 Deum
2461 4627 2849 4690 dissentiebat,
2894 4637 2949 4679 et
2997 4638 3187 4678 nomus
3224 4624 3479 4677 adversus
3521 4637 3620 4676 no-

2067 4740 2211 4779 mum
2250 4722 2592 4792 insurgebat,
2633 4719 2939 4786 evangelica
2984 4716 3099 4784 lege
3141 4717 3211 4786 (s.
3254 4712 3422 4785 νόμῳ)
3457 4712 3620 4783 [Egy-

2066 4816 2296 4886 ptiorum
2344 4812 2535 4881 legalia
2586 4811 2966 4873 subvertente,
3019 4822 3079 4861 ac
3131 4805 3366 4860 vicissim
3403 4802 3621 4859 idolola-

2069 4909 2182 4961 triae
2220 4906 2334 4977 lege
2380 4904 2616 4958 salutare
2648 4903 2871 4956 verbum
2895 4908 3258 4969 oppugnante.
3300 4895 3425 4950 Haec
3459 4908 3621 4965 porro

2066 4996 2245 5051 omnia
2294 4994 2715 5063 contingebant,
2770 4988 3147 5061 JEgyptiorum
3203 4999 3526 5041 consensum
3564 4989 3621 5037 et

2067 5088 2408 5143 concordiam
2445 5088 2591 5142 circa
2634 5085 2922 5141 multorum
2965 5084 3185 5137 deorum
3222 5091 3458 5135 errorem
3491 5089 3621 5129 cou-

2069 5180 2325 5235 fundente
2356 5178 2601 5243 Domino,
2655 5177 2748 5246 qui
2792 5176 2858 5229 ad
2904 5174 3050 5243 ipsos
3097 5172 3410 5227 advenerat.
3446 5164 3622 5231 Quare

2066 5272 2359 5326 secundum
2387 5270 2634 5340 Aquilam
2669 5270 2888 5334 dieitur,
2923 5287 2941 5319 (
2981 5266 3049 5321 Et
3082 5264 3397 5320 seditionem
3424 5269 3620 5325 ponam

2064 5367 2204 5421 inter
2242 5365 2524 5437 [Egyptios
2551 5373 2605 5418 et
2634 5362 2953 5434 Egyptios;
2996 5379 3015 5412 ι
3049 5358 3341 5415 secundum
3379 5352 3621 5423 Symma-

2063 5456 2219 5510 chum
2266 5471 2411 5519 vero,
2467 5473 2485 5505 ι
2544 5453 2883 5509 Committam
2937 5447 3223 5520 Egyptios
3280 5458 3401 5499 cum
3460 5439 3621 5510 Egy-

2060 5554 2206 5615 ptns.
2253 5564 2271 5597 ›
2320 5544 2414 5601 llis
2461 5560 2623 5615 porro
2665 5540 2840 5597 aﬂinia
2902 5552 2955 5597 et
3002 5537 3215 5600 similia,
3275 5533 3384 5587 imo
3443 5531 3621 5601 potius

2060 5637 2246 5695 eadem
2291 5637 2405 5710 ipsa
2440 5637 2560 5694 aliis
2600 5635 2780 5694 verbis
2824 5631 3076 5691 Dominus
3117 5634 3301 5684 noster
3340 5627 3394 5681 in
3441 5622 3617 5680 Evan-
