4118 6392
532 366 644 426 29.5

1203 367 1476 426 EUSEBII
1510 369 1988 426 CESARIENSIS
2021 368 2171 430 OPP.
2214 369 2392 427 PARS
2427 369 2514 425 lll.
2549 399 2620 413 —
2655 368 3062 426 EXEGETICA.

3675 368 3782 427 224

535 488 692 559 geliis
735 487 935 554 docuit,
981 491 1190 558 dicens,
1255 509 1274 544 ι
1309 490 1488 548 Nolite
1535 505 1726 562 putare
1769 495 1915 564 quod
1942 508 2068 550 vene

2169 522 2183 554 ι
2210 495 2267 546 ἐν
2293 492 2646 562 Εύαγγελίοις
2689 493 2932 547 ἐδίδασκε
2972 493 3148 561 λέγων
3168 509 3181 522 ·
3235 510 3254 542 ι
3294 489 3384 562 Μὴ
3411 505 3669 560 νομισητε
3695 490 3779 544 ὅτι

535 580 638 634 rim
676 595 860 650 pacem
891 579 1108 636 mittere
1144 597 1308 651 super
1333 592 1573 637 terram:
1621 599 1726 639 non
1763 586 1880 640 veni
1916 601 2102 654 pacem

541 672 776 734 mittere,
807 674 902 727 sed
931 672 1164 742 gladium
1196 672 1264 737 ",
1301 692 1318 724 ν
1348 683 1403 728 et
1441 682 1657 728 caetera.
1696 674 1790 730 His
1819 691 1985 746 porro
2010 691 2104 747 ge-

533 762 655 828 stis,
685 762 1113 817 conturbandum
1147 778 1267 818 esse
1301 763 1376 817 ait
1400 765 1650 834 spiritum
1687 765 2098 838 Egyptiorum;

532 851 826 907 secundum
867 851 1252 922 Symmachum
1304 868 1454 921 vero,
1504 872 1523 907 ι
1570 855 1637 910 Ει
1682 867 1960 926 rumpatur
1994 860 2101 928 spi-

529 940 669 996 ritus
706 940 924 1013 Egypti
964 943 1017 997 in
1051 944 1201 1012 ipsa;
1251 963 1270 995 ι
1310 945 1608 1000 secundum
1651 945 2096 1016 Theodotionem,

533 1047 556 1083 ι
591 1031 656 1085 Ει
696 1033 974 1088 scindetur
1015 1032 1240 1102 spiritus
1281 1031 1501 1103 IEgypti
1547 1034 1600 1087 in
1643 1034 1796 1102 ipsa;
1841 1055 1860 1088 ι
1904 1037 2095 1106 Aquila

527 1130 710 1177 autem
745 1123 824 1178 sic
873 1124 968 1188 ait,
1028 1141 1048 1175 ι
1095 1122 1163 1177 Ει
1205 1124 1449 1178 tradetur
1494 1126 1722 1193 spiritus
1768 1127 1988 1200 Egypti
2042 1129 2095 1186 in

524 1216 826 1272 visceribus
855 1216 990 1285 ejus.
1041 1236 1059 1269 ι
1091 1217 1204 1274 Hoc
1241 1229 1420 1274 autem
1467 1221 1682 1290 dirupto
1726 1237 1786 1276 ac
1813 1237 1879 1277 ex
1911 1222 2097 1278 Eccle—

521 1309 605 1365 sia
652 1311 929 1380 proiecto,
975 1311 1042 1364 ad
1095 1311 1393 1380 profectum
1444 1310 1825 1384 :Egyptiorum
1867 1317 2094 1372 consilia

519 1415 684 1472 prava
716 1403 1034 1466 ineuntium,
1065 1401 1178 1472 Ego
1215 1402 1347 1472 ipse,
1392 1404 1469 1459 ait
1501 1404 1778 1472 Dominus,
1806 1409 2093 1465 consilium

519 1507 709 1549 eorum
744 1493 1036 1564 dissipabo.
1087 1512 1108 1547 ι
1161 1495 1228 1549 Ει
1265 1497 1677 1567 interrogabant
1709 1500 1850 1567 deos
1880 1515 2009 1556 suos
2039 1508 2094 1555 et

516 1586 809 1642 simulacra
841 1602 969 1653 sua,
1014 1596 1071 1642 et
1106 1602 1198 1642 eos
1235 1587 1326 1654 qui
1367 1589 1434 1644 de
1479 1600 1622 1645 terra
1675 1590 2000 1662 loquuntur,
2038 1600 2093 1646 et

2202 581 2363 657 ἦλθον
2392 586 2570 658 βαλεῖν
2595 587 2818 656 εἰρήνην
2847 586 2938 638 ἐπὶ
2969 586 3068 657 τὴν
3099 585 3224 655 γῆνο
3267 584 3367 637 ούκ
3399 579 3561 654 ἦλθον
3597 583 3778 652 βαλεῖν

2203 681 2446 750 είρήνην,
2476 678 2612 732 ἀλλὰ
2659 679 2950 750 μάχαιραν,
2992 695 3010 728 ι
3040 677 3133 729 καὶ
3164 675 3231 728 τὰ
3291 674 3438 744 ἑξῆς.
3467 674 3686 729 Τούτων
3719 675 3778 730 δὲ

2199 768 2519 840 γινομένων,
2554 767 2992 838 ταραχθήσεσθαί
3017 783 3178 838 φησιν
3216 766 3245 818 6
3278 764 3433 834 λόγος
3468 765 3530 818 τὸ
3559 764 3776 836 πνεῦμα

2198 859 2307 912 τῶν
2335 860 2652 937 Αἰγυπτίων
2670 877 2684 891 ο
2723 861 2864 913 κατὰ
2891 859 2947 912 δὲ
2973 859 3064 911 τὸν
3084 858 3396 929 Σύμμαχον,
3421 876 3439 908 ι
3461 858 3571 911 Kal
3598 859 3774 929 ραγή-

2200 967 2348 1004 σεται
2382 951 2598 1022 πνεῦμα
2629 951 2901 1020 Αἰγύπτου
2928 952 2985 1003 ἐν
3017 952 3177 1021 αὐτῇ.
3214 969 3232 1003 ι
3269 951 3426 1002 Κατὰ
3445 949 3500 1001 δὲ
3530 949 3622 1002 τὸν
3643 949 3775 1003 Θεο-

2195 1041 2441 1109 δοτίωνα,
2487 1063 2505 1095 ι
2554 1044 2664 1097 Kal
2697 1043 3044 1114 σχισθήσεται
3071 1042 3132 1095 τὸ
3163 1040 3379 1112 πνεῦμα
3407 1041 3682 1110 Αἰγύπτου
3709 1041 3772 1094 ἐν

2195 1136 2353 1206 αὐτῇ·
2395 1155 2414 1187 ›
2448 1138 2476 1190 6
2503 1136 2559 1190 δέ
2619 1136 2878 1199 Ἀκύλας,
2910 1154 2928 1186 ι
2965 1135 3074 1188 Kal
3096 1133 3526 1205 παραδοθήσεται
3553 1131 3770 1204 πνεῦμα

2193 1225 2468 1297 Αἰγύπτου
2499 1231 2556 1282 ἐν
2584 1229 2800 1299 ἐγκάτῳ
2824 1227 3015 1297 αὐτῆς.
3045 1245 3064 1278 ι
3111 1225 3315 1279 Τούτου
3339 1225 3394 1278 δὲ
3428 1224 3766 1296 ῥηγνυμένου

2194 1323 2288 1376 καὶ
2319 1321 2860 1394 καταρῤιπτουμένου
2888 1323 2954 1374 ὲκ
2995 1321 3096 1391 τῆς
3133 1319 3476 1390 Ἐκκλησίας,
3515 1320 3764 1390 προκοπῇ

2191 1416 2300 1471 τῶν
2327 1416 2636 1485 Αἰγυπτίων
2678 1414 2872 1486 βουλὰς
2914 1413 3155 1485 πονηρὰς
3191 1410 3564 1474 ἐπινοούντων,
3603 1409 3762 1478 Ἐγὼ,

2191 1509 2380 1580 φησὶν,
2396 1509 2558 1573 αὐτὸς
2579 1511 2608 1562 6
2630 1506 2968 1578 Κύριος,τὴν
2995 1504 3186 1576 βουλὴν
3207 1502 3385 1557 αὐτῶν
3405 1501 3760 1556 διασκεδάσω.

2196 1619 2216 1652 ‹
2252 1602 2361 1655 Kal
2386 1603 2792 1674 ἐπερωτήσουσι
2814 1602 2942 1662 τοὺς
2963 1599 3118 1662 θεοὺς
3148 1597 3345 1666 αὐτῶν,
3375 1596 3471 1651 καὶ
3505 1596 3573 1650 τὰ
3597 1597 3765 1666 ἀγάλ-

515 1677 905 1748 ventriloquos.
942 1697 962 1731 ι
1003 1676 1209 1734 Horum
1254 1677 1472 1734 nemine
1512 1694 1609 1748 pro
1650 1690 1909 1736 consueto
1941 1696 2068 1735 mort

2193 1711 2337 1764 ματα
2379 1694 2577 1760 αὐτῶν,
2620 1693 2716 1747 καὶ
2755 1694 2881 1756 τοὺς
2920 1693 2984 1744 ἐκ
3026 1691 3124 1762 τῆς
3166 1690 3270 1760 γῆς
3311 1689 3638 1760 φωνοῦντας,
3669 1691 3764 1744 καὶ

517 1779 832 1838 apparente,
879 1771 930 1825 in
971 1781 1242 1828 extremas
1273 1775 1549 1841 angustias
1578 1775 1916 1829 delabentur.
1963 1793 1981 1826 ι
2023 1774 2068 1828 Β

2188 1787 2316 1849 τοὺς
2346 1784 2834 1856 ἐγγαστριμύθους.
2877 1803 2895 1834 ι
2930 1782 3127 1838 Οὐκέτι
3173 1781 3397 1852 μηδενὸς
3429 1780 3633 1834 τούτων
3666 1781 3762 1832 αύ-

519 1862 730 1915 tradam
755 1861 1043 1934 Egyptum
1076 1866 1128 1920 in
1161 1881 1350 1922 manus
1385 1867 1684 1931 hominum,
1744 1866 2068 1922 dominorun

2188 1879 2300 1938 τοῖς
2330 1853 2572 1946 συνήθως
2617 1853 2965 1944 ιραινομένου,
3005 1874 3084 1936 εἰς
3126 1871 3361 1941 ἐσχάτην
3397 1868 3761 1942 ἐμπεσοῦνται

517 1951 802 2021 durorum,
859 1962 914 2009 et
961 1969 1116 2026 reges
1158 1959 1276 2013 duri
1333 1957 1753 2014 dominabuntur
1795 1973 2008 2013 eorum.
2061 1977 2068 2012 l

2187 1967 2439 2038 ἀπορίαν,
2485 1987 2501 2019 ς
2539 1968 2650 2021 Kal
2678 1964 2983 2039 παραδώσω
3021 1963 3120 2035 τὴν
3157 1963 3429 2033 Αἴγυπτον
3456 1964 3536 2027 εἰς
3572 1964 3760 2034 χεῖρας

517 2034 614 2091 His
653 2039 876 2094 indicari
923 2051 1050 2110 puto
1091 2053 1300 2114 tempus
1357 2061 1464 2115 quo
1536 2054 1792 2101 eventura
1844 2058 1970 2102 sunt
2021 2062 2068 2102 οε

2185 2034 2508 2131 ἀνθρώπων,
2558 2034 2770 2131 κυρίων
2810 2034 3084 2128 σκληρῶν,
3122 2058 3214 2111 καί
3257 2057 3496 2127 βασιλεῖς
3531 2056 3760 2128 σκληροὶ

509 2140 631 2196 quae
659 2128 710 2181 in
741 2129 995 2186 vaticinio
1022 2131 1304 2189 teruntur:
1347 2152 1471 2190 nam
1515 2135 1896 2207 Egyptiorum
1930 2139 2081 2209 regni

507 2217 862 2274 mutationem
911 2220 1027 2277 fore
1065 2223 1371 2294 signiﬁcat,
1409 2241 1514 2295 quo
1547 2236 1788 2298 tempore
1826 2229 2083 2287 Dominus

507 2305 562 2362 in
596 2305 894 2379 IEgyptum
926 2312 1323 2380 proﬁciscetur.
1371 2315 1504 2382 Quis
1535 2333 1662 2374 vero
1692 2335 1796 2375 non
1842 2331 2077 2391 stupeat,

508 2399 556 2454 si
637 2410 850 2470 tempus
894 2405 1138 2460 conferat
1187 2408 1444 2464 salutaris
1491 2412 1886 2480 praedicationis
1956 2430 2076 2470 cum

504 2492 659 2562 regni
699 2491 1008 2566 Egyptiaci
1059 2501 1376 2566 eversione,
1433 2505 1700 2572 quomodo
1742 2504 1950 2561 scilicet
1980 2522 2078 2562 ex-

503 2583 630 2638 inde
663 2585 729 2638 ad
765 2586 1084 2643 hodiernum
1123 2607 1294 2662 usque
1344 2594 1511 2660 diem,
1561 2610 1665 2650 non
1719 2596 1861 2651 ultra
1910 2599 2073 2668 prisci

502 2676 580 2732 illi
615 2677 904 2749 principes,
930 2680 1201 2738 Ptolemaei
1232 2700 1445 2756 nempe,
1480 2687 1613 2757 ipsis
1644 2689 1948 2761 imperentj,
1979 2691 2074 2748 sed

501 2765 736 2824 Romani
772 2786 960 2826 eorum
987 2772 1231 2830 domini?

566 3035 674 3092 Pro
709 3037 802 3094 illo
831 3049 1036 3108 autem,
1071 3061 1092 3095 ι
1131 3058 1286 3115 reges
1333 3045 1474 3112 duri,
1510 3067 1530 3102 ι
1562 3049 1775 3120 Aquila,
1811 3069 1830 3104 ι
1868 3051 1938 3108 Et
1973 3066 2068 3109 rex

495 3127 784 3184 roboratus
809 3131 1057 3202 regnabit
1093 3133 1264 3204 ipsis:
1300 3156 1318 3190 ι
1347 3136 1704 3209 Symmachus
1741 3157 1906 3209 vero,
1942 3162 1962 3196 ι
2003 3144 2070 3200 Et

495 3230 593 3272 rex
633 3217 804 3275 durus
829 3230 1150 3292 potestatem
1179 3225 1402 3283 habebit
1451 3229 1506 3285 in
1549 3230 1710 3299 illos;
1744 3250 1763 3284 ι
1815 3231 2066 3289 Theodo-

433 3357 437 3361 .
495 3309 594 3376 tio,
629 3329 648 3362 ι
679 3311 748 3367 Et
783 3329 876 3370 rex
913 3313 1068 3372 fortis
1093 3317 1462 3376 dominabitur
1494 3323 1617 3378 illis.
1653 3342 1673 3377 ι
1712 3323 1866 3380 llunc
1903 3340 2068 3394 porro

493 3400 696 3456 dixeris
719 3417 842 3460 esse
880 3405 1284 3476 imperatorem,
1333 3411 1426 3480 qui
1463 3421 1704 3482 tempore
1745 3424 1897 3470 ortus
1943 3415 2065 3472 Sal-

491 3490 697 3546 ratoris
725 3495 901 3548 nostri
949 3495 1322 3555 Romanorum
1352 3504 1723 3559 monarchiam
1761 3506 2060 3564 obtinebat.

490 3577 642 3637 Tunc
680 3584 824 3640 enim
869 3587 1144 3658 Augustus
1185 3605 1314 3646 vere
1374 3594 1680 3661 roboratus,
1731 3611 1794 3652 ac
1845 3597 2065 3656 fortiter

487 3671 801 3745 imperans,
848 3679 1056 3748 primus
1118 3680 1406 3753 Egyptum
1475 3685 1738 3743 Romanis
1790 3689 2058 3759 subjecit,

483 3775 770 3837 postquam
811 3769 1125 3827 diuturnam
1170 3774 1314 3829 illam
1362 3776 1435 3830 ibi
1488 3780 1831 3849 regnantium
1862 3782 2060 3854 .Ptole-

485 3871 740 3914 maturum
777 3864 1183 3921 successionem
1222 3867 1539 3924 sustulerat.

555 4144 717 4202 Vens.
755 4147 810 4203 5.
846 4167 866 4201 ι
903 4148 1029 4208 Hac
1060 4154 1194 4209 dicit
1220 4155 1486 4215 Dominus
1529 4157 1803 4219 Sabaoth;
1860 4165 1929 4222 Et
1969 4166 2052 4224 bi-

478 4235 611 4293 bent
637 4238 873 4312 Egyptii
901 4259 1097 4314 aquam
1125 4262 1245 4317 quae
1271 4259 1352 4305 est
1376 4251 1531 4320 juxta
1567 4269 1737 4310 mare.
1769 4274 1789 4309 ι
1810 4256 1916 4313 Pro
1942 4275 2049 4329 quo

477 4330 701 4402 Aquila,
741 4353 761 4386 ι
791 4335 857 4390 Et
890 4337 1233 4408 haurientur,
1266 4340 1461 4410 inquit,
1493 4361 1513 4394 ι
1551 4359 1704 4415 aquae
1726 4363 1791 4402 ex
1818 4351 1988 4417 mari;
2024 4370 2044 4404 ι

477 4420 834 4491 Symmachus
891 4443 1057 4498 vero,
1095 4450 1114 4484 ι
1161 4431 1226 4486 Et
1269 4435 1780 4494 exterminabuntur
1824 4456 1856 4496 a
1909 4446 2047 4499 mari

2185 2149 2564 2222 κυριεύσουσιν
2631 2150 2830 2204 αὐτῶν.
2891 2168 2910 2200 ι
2994 2146 3258 2201 Ἐνταῦθα
3324 2145 3612 2216 δηλοῦσθαι
3663 2145 3760 2200 τὸν

2182 2239 2370 2310 χρόνον
2411 2236 2564 2310 οἶμαι
2603 2239 2703 2309 τῆς
2740 2237 2848 2290 τῶν
2880 2236 3283 2307 θεσπιζομένων
3326 2235 3620 2298 ἐκϐάσεωςο
3655 2252 3756 2305 με·

2178 2329 2408 2402 ταϐολὴν
2444 2330 2548 2401 γάρ
2591 2328 2810 2382 ἔσεσθαι
2839 2328 2940 2398 τῆς
2984 2327 3266 2398 βασιλείας
3305 2326 3413 2380 τῶν
3443 2326 3756 2395 Αἰγυπτίων

2180 2422 2457 2492 σημαίνει,
2484 2422 2625 2475 κατὰ
2653 2421 2779 2485 τοὺς
2810 2420 3036 2492 χρόνους
3071 2421 3171 2490 τῆς
3199 2417 3292 2471 τοῦ
3319 2419 3528 2489 Κυρίου
3553 2419 3632 2483 εἰς
3660 2417 3756 2471 Αί-

2177 2527 2382 2579 γυπτον
2417 2510 2673 2580 ἀφίξεως.
2706 2510 2817 2563 Kal
2858 2509 2943 2573 τίς
2966 2510 3066 2562 οὐκ
3103 2509 3169 2562 ἂν
3198 2505 3518 2576 ἐκπλαγείη,
3547 2505 3753 2576 συμϐα-

2176 2601 2285 2657 λὼν
2311 2603 2436 2668 τοὺς
2463 2603 2556 2656 τοῦ
2593 2603 2862 2674 σωτηρίου
2888 2601 3240 2672 κηρύγματος
3270 2599 3362 2652 καὶ
3388 2597 3490 2668 τῆς
3512 2600 3570 2650 ἐν
3599 2597 3752 2668 αὑτῷ

2176 2691 2524 2757 καταλύσεως
2567 2691 2661 2746 τοῦ
2709 2691 2830 2746 κατ’
2884 2691 3160 2759 Αἰγυπτον
3221 2689 3511 2761 βασιλείου,
3560 2689 3636 2754 ὡς
3687 2690 3749 2758 ἐξ

2173 2787 2380 2841 ἐκείνου
2426 2786 2521 2838 καὶ
2549 2787 2629 2848 εἰς
2667 2784 2826 2857 δεῦρο
2867 2785 3062 2856 μηκέτι
3101 2782 3279 2837 αὐτῶν
3321 2783 3446 2846 τοὺς
3483 2783 3748 2853 πρότερον

2171 2879 2456 2950 ἄρχοντας,
2486 2877 2629 2946 λέγω
2660 2876 2724 2948 δὴ
2751 2878 2877 2940 τοὺς
2905 2874 3292 2948 Πτολεμαίους,
3323 2876 3566 2946 κρατεῖν,
3611 2873 3748 2926 Ῥω-

2176 2971 2368 3042 μαίους
2393 2971 2450 3024 δὲ
2483 2968 2665 3023 αὐτῶν
2697 2969 2919 3041 κυρίους
2947 2967 3356 3038 ἀποφανθῆναι;

2254 3063 2398 3116 Ἀντὶ
2439 3062 2495 3116 δὲ
2526 3061 2643 3127 τοῦ,
2681 3079 2700 3113 ι
2745 3060 2981 3131 βασιλεῖς
3020 3060 3266 3132 σκληροὶ,
3323 3078 3342 3111 ι
3380 3061 3408 3112 6
3444 3058 3542 3129 μὲν
3587 3056 3743 3110 Ἀκύ-

2094 3189 2138 3250 c
2169 3153 2289 3219 λας,
2329 3172 2349 3206 ι
2387 3153 2497 3207 Kal
2529 3152 2780 3224 βασιλεὺς
2809 3151 3286 3224 κεκραταιωμένος
3309 3150 3739 3250 βασιλεύσεηαῦ-

2168 3247 2300 3312 τῶν,
2352 3266 2370 3298 ι
2427 3245 2682 3318 εἴρηκεν·
2725 3246 2755 3298 6
2791 3244 2848 3298 δὲ
2887 3244 3204 3316 Σύμμαχος,
3253 3262 3272 3294 ι
3325 3243 3435 3297 Kal
3487 3241 3739 3312 βασιλεὺς

2169 3339 2403 3412 σκληρὸς
2433 3338 2735 3405 ἐξουσιάσει
2769 3337 2950 3393 αὐτῶν
2969 3354 2983 3368 ο
3022 3357 3040 3388 ι
3085 3337 3113 3388 6
3143 3337 3202 3389 δὲ
3232 3335 3542 3399 Θεοδοτίων,
3581 3352 3600 3386 ι
3631 3334 3744 3388 Kal

2168 3432 2418 3505 βασιλεὺς
2463 3430 2682 3501 ἰσχυρὸς
2721 3429 2997 3498 κυριεύσει
3048 3425 3248 3483 αὐτῶν.
3293 3446 3312 3478 ι
3371 3427 3560 3490 Είποις
3591 3425 3636 3478 δ’
3675 3425 3742 3479 ἂν

2165 3524 2353 3578 τοῦτον
2390 3519 2529 3576 εἶναι
2559 3521 2652 3574 τὸν
2688 3521 2830 3576 κατὰ
2861 3522 2986 3584 τοὺς
3031 3519 3254 3591 χρόνους
3301 3518 3402 3589 τῆς
3438 3518 3739 3588 γεννήσεως

2163 3615 2257 3668 τοῦ
2314 3617 2564 3690 Σωτῆρος
2623 3621 2656 3690 ἡ
2667 3619 2782 3691 μῶν
2837 3618 2944 3673 τῶν
2988 3616 3270 3688 Ῥωμαίων
3322 3616 3734 3687 μοναρχήσαντα

2164 3706 2406 3777 βασιλέα.
2443 3711 2574 3764 Τότε
2591 3710 2722 3780 γοῦν
2751 3709 3056 3780 Αὔγουστος
3089 3707 3568 3780 κεκραταιωμένος
3595 3705 3726 3777 ἀληο

2161 3797 2270 3863 θῶς
2301 3801 2396 3854 καὶ
2437 3801 2674 3883 ἰσχυρῶς
2715 3801 3036 3872 βασιλεύων,
3079 3799 3294 3873 πρῶτος
3333 3800 3431 3869 τὴν
3462 3798 3728 3868 Αἴγυπτον

2160 3891 2394 3959 ὑπέταξε
2439 3895 2749 3966 Ῥωμαίοις,
2780 3893 3025 3948 καθελὼν
3054 3894 3153 3965 τὴν
3186 3895 3250 3946 ἐκ
3282 3891 3493 3964 μακροῦ
3526 3891 3731 3962 κρατή-

2160 4002 2330 4040 σασαν
2355 3986 2606 4060 διαδοχὴν
2633 3987 2740 4041 τῶν
2767 3989 2899 4059 παρ’
2925 3987 3107 4049 αὐτοῖς
3140 3984 3574 4056 βασιλευσάντων
3600 3985 3735 4036 Πτο-

2156 4077 2412 4148 λεμαίων.

2230 4189 2249 4222 ι
2285 4170 2421 4224 Τάδε
2454 4169 2601 4239 λέγει
2635 4169 2841 4244 Κύριος
2892 4167 3116 4222 Σαϐαὼθ
3137 4184 3150 4200 ·
3196 4169 3308 4222 Kal
3346 4169 3557 4222 πίονται
3586 4167 3731 4240 ὕδωρ

2153 4263 2214 4318 τὸ
2262 4263 2415 4335 παρὰ
2462 4263 2737 4318 θάλασσαν
2773 4264 2822 4315 οἰ
2856 4262 3161 4330 Αἰγύπτιοι.
3215 4281 3232 4312 ι
3303 4261 3443 4314 Ἀνθ’
3477 4253 3536 4313 οῦ
3568 4262 3596 4312 6
3627 4260 3728 4331 μὲν

2164 4354 2413 4418 Ἀκύλας,
2445 4374 2463 4407 ι
2492 4356 2602 4408 Kal
2631 4354 3056 4424 ἀναποθήσεται,
3096 4354 3281 4424 φησὶν,
3309 4353 3478 4408 ὕδατα
3505 4353 3611 4407 ἀπὸ
3638 4352 3729 4407 θα-

2151 4445 2355 4518 λάσσης
2377 4464 2389 4476 ·
2430 4466 2448 4498 ι
2485 4448 2512 4498 6
2539 4446 2595 4498 δὲ
2623 4445 2936 4517 Σύμμαχος,
2977 4465 2995 4497 ι
3033 4447 3143 4499 Kal
3169 4446 3593 4519 ἀφανισθήσεται
3620 4446 3728 4500 ἀπὸ

475 4526 651 4609 aquae.
685 4533 706 4569 ι
751 4517 848 4574 Hic
883 4537 1045 4586 porro
1089 4539 1188 4592 per
1229 4526 1400 4582 maria
1453 4529 1819 4588 turbulentam
1872 4532 2045 4608 IEgy-

2169 4517 2425 4608 ἰαλάσσης
2457 4537 2640 4591 ὕδατα.
2677 4557 2694 4588 ι
2730 4538 3022 4609 Τροπικῶς
3048 4538 3106 4590 δὲ
3127 4541 3155 4592 6
3183 4539 3338 4608 λόγος
3367 4517 3640 4602 θαλάσσας
3667 4541 3728 4594 ἐν

474 4607 712 4675 ptiorum
764 4613 1160 4674 multitudinem
1208 4619 1593 4679 subindicavit.

545 4791 711 4853 Vens.
750 4797 804 4856 6.
849 4818 870 4850 ι
911 4800 1130 4860 Fluvius
1159 4815 1337 4861 autem
1383 4805 1599 4866 deﬁciet
1638 4822 1696 4868 et
1735 4823 2039 4874 exarescet.

471 4881 540 4938 Et
575 4883 826 4942 deﬁcient
861 4889 1106 4958 ﬁumina,
1145 4904 1200 4950 et
1260 4900 1478 4956 canales
1533 4900 1727 4969 ﬂuvii,
1771 4912 1826 4960 et
1861 4905 2043 4962 exsic-

469 4975 684 5031 cabitur
718 4981 896 5037 omnis
958 4989 1304 5056 congregatio
1361 5007 1648 5062 aquarum.
1702 5013 1722 5048 ι
1783 4994 1854 5050 Ut
1899 5013 2040 5054 novo

469 5066 590 5124 illos
616 5080 740 5140 potu
772 5075 1049 5146 excipias:
1088 5094 1212 5135 cum
1244 5085 1388 5139 enim
1424 5100 1595 5156 neque
1625 5087 1824 5144 ﬂumen
1860 5105 2038 5160 neque

468 5161 572 5218 alia
612 5161 665 5218 in
711 5165 943 5237 IEgypto
985 5186 1124 5241 aqua
1155 5177 1412 5246 supersit,
1449 5195 1548 5235 nec
1583 5181 1794 5237 marina
1844 5184 1910 5237 ad
1944 5199 2038 5253 po-

469 5259 578 5307 tum
611 5254 809 5311 idonea
850 5259 940 5326 sit,
980 5277 1176 5318 novam
1223 5273 1280 5320 et
1318 5269 1668 5343 peregrinam,
1691 5270 1810 5328 illos
1837 5289 2033 5343 aquam

466 5341 734 5401 bibituros
773 5347 867 5403 ait.
912 5349 1044 5406 Erat
1082 5369 1249 5422 porro
1284 5355 1374 5411 illa
1404 5373 1523 5427 qua:
1566 5376 1633 5416 ex
1665 5341 1914 5420 fontibus
1943 5381 2035 5420 sa-

466 5432 658 5522 lutaris
685 5454 714 5492 a
745 5439 974 5499 Domino
1008 5444 1144 5515 ipsis
1183 5449 1650 5518 suppeditabatur.
1684 5454 1822 5522 Quin
1867 5457 2032 5515 etiam

466 5519 706 5584 Judaicis
739 5531 1114 5593 deﬁcientibus
1145 5541 1326 5610 aquis,
1356 5554 1604 5615 captores
1635 5519 1892 5615 piscium,
1935 5552 2032 5606 hu-

466 5632 748 5675 manarum
780 5640 973 5696 nempe
1015 5630 1342 5703 animarum,
1383 5637 1648 5707 plancturi
1680 5653 1799 5696 esse
1841 5642 2030 5698 dicun-

535 5821 581 5861 "
607 5821 798 5884 Matth.
840 5841 902 5892 x,
937 5828 1026 5883 54.

2151 4629 2361 4694 τούτοις
2403 4630 2465 4684 τὸ
2512 4630 2826 4705 ταραχῶδες
2872 4631 3076 4703 πλῆθος
3114 4632 3222 4686 τῶν
3264 4633 3574 4702 Αἰγυπτίων
3611 4632 3726 4705 ᾐνί-

2151 4723 2300 4790 ξατο.

2226 4834 2244 4867 ι
2296 4817 2352 4870 Ὀ
2401 4816 2458 4869 δὲ
2490 4817 2730 4888 ποταμὸς
2760 4817 2998 4888 ἐκλείψει
3033 4818 3126 4872 καὶ
3159 4817 3576 4890 ξηρανθήσεται.
3612 4818 3723 4871 Καὶ

2147 4907 2484 4978 ἐκλείψουσιν
2515 4910 2563 4961 οἰ
2597 4910 2850 4981 ποταμοὶ,
2882 4913 2976 4965 καὶ
3024 4913 3080 4965 αἰ
3118 4911 3383 4983 διώρυγες
3425 4910 3520 4964 τοῦ
3552 4927 3721 4965 ποτα-

2149 5000 2274 5071 μοῦ,
2322 5002 2416 5054 καὶ
2465 4999 2858 5073 ξηρανθήσεται
2901 5005 3051 5057 πᾶσα
3093 5003 3381 5074 συναγωγὴ
3423 5003 3649 5057 ὑδάτων.
3696 5022 3716 5055 ι

2157 5095 2245 5157 Ὦς
2285 5093 2466 5148 καινὸν
2509 5095 2690 5159 αὐτοῖς
2721 5095 2935 5169 ξενίζῃς
2981 5096 3161 5149 ποτ-ον’
3201 5096 3398 5166 μηκέτι
3448 5096 3558 5168 γὰρ
3587 5096 3719 5164 ὑφε·

2145 5185 2346 5249 στῶτος
2375 5185 2467 5238 τοῦ
2498 5186 2765 5258 ποταμοῦ,
2801 5187 2935 5258 μηδέ
2965 5187 3151 5258 ἐτέρου
3186 5187 3558 5256 Αίγυπτιακοῦ
3593 5186 3718 5241 ὓδα-

2141 5293 2252 5341 τος,
2275 5276 2409 5331 ἀλλὰ
2442 5279 2575 5351 μηδὲ
2610 5279 2701 5332 τοῦ
2737 5279 3022 5334 θαλαττίου
3058 5281 3361 5351 ἐπιτηδείου
3395 5281 3546 5346 ὄντος
3579 5283 3717 5353 πρὸς

2141 5370 2318 5434 πόσιν,
2361 5371 2478 5424 νέον
2524 5373 2618 5425 καὶ
2657 5373 2805 5437 ξένον
2852 5372 2994 5445 ὕδωρ
3051 5373 3270 5427 πίεσθαι
3313 5376 3512 5440 αύτούς
3555 5392 3713 5447 φησι·

2139 5460 2296 5515 τοῦτο
2326 5458 2470 5534 δὲῆν
2503 5464 2564 5516 τὸ
2589 5465 2653 5517 ἐκ
2679 5464 2786 5517 τῶν
2813 5465 3005 5533 πηγῶν
3033 5465 3126 5518 τοῦ
3146 5467 3415 5538 σωτηρίου
3446 5467 3596 5538 παρὰ
3618 5466 3714 5520 τοῦ

2139 5555 2345 5627 Κυρίου
2382 5556 2563 5620 αὐτοῖς
2598 5556 3020 5628 χορηγούμενον.
3081 5558 3240 5613 Ἀλλὰ
3279 5560 3388 5633 γὰρ
3437 5561 3530 5615 καὶ
3567 5561 3712 5614 ἐκλι-

2137 5648 2346 5702 πόντων
2400 5648 2508 5703 τῶν
2568 5649 2872 5705 Ἰουδαϊκῶν
2927 5651 3154 5719 ὑδάτων,
3207 5655 3258 5707 οἱ
3309 5653 3545 5727 θηραταί
3600 5652 3711 5710 τῶν
