4118 6386
382 370 492 424 225

1341 363 1851 421 COMMENTARIA
1889 364 1957 419 IN
1999 366 2252 424 ISAIAM.
2294 395 2363 407 —
2400 369 2553 427 CAP.
2594 370 2739 427 XIX.

3536 376 3645 434 2‘26

386 486 606 561 ἰχθύων,
634 486 834 559 δηλαδὴ
871 485 981 540 τῶν
1015 483 1370 563 ἀνθρωπίνων
1401 484 1630 557 ἱψυχῶν,
1674 485 1950 558 πενθήσειι

2068 493 2176 541 tur.
2226 484 2349 543 Illos
2386 496 2568 543 autem
2609 503 2638 543 a
2689 485 2955 559 propheta
2984 496 3315 544 memoratos
3344 487 3644 557 piscatores

382 579 642 649 λέγονται.
670 580 901 651 Νοήσεις
927 578 983 632 δὲ
1012 579 1140 641 τοὺς
1170 578 1227 631 ἐν
1248 576 1327 647 τῷ
1356 579 1611 650 προφήτῃ
1637 577 1962 643 λεγομένους

384 672 553 736 ἁλιεῖς
589 672 683 725 καὶ
714 670 1036 742 ἀμφιϐολεῖς
1080 669 1138 737 ἐξ
1177 670 1379 743 ἐτέρων
1410 670 1606 725 ἀλιέων
1655 671 1749 723 καὶ
1792 687 1961 742 σαγη-

374 764 604 827 νευτῶν,
639 763 781 832 λέγω
811 765 873 835 δὴ
904 765 1012 817 τῶν
1043 764 1376 828 ἀποστόλων,
1422 765 1516 818 καί
1566 764 1824 836 μαθητῶν
1862 763 1959 819 τοῦ

382 857 631 929 Σωτῆρος
680 856 859 928 ἡμῶν,
904 851 986 920 οἷς
1032 856 1272 925 ἐλέγετο,
1324 875 1342 908 ι
1377 855 1562 924 Δεῦτε,
1605 858 1702 911 καὶ⁸
1749 859 1960 925 ποιήσώ

380 948 524 1020 ὑμᾶς
545 949 716 1013 ἁλιεῖς
736 949 1055 1021 ἀνθρώπων.
1097 968 1116 1001 ›
1144 950 1207 1001 Εἰ
1240 948 1350 1022 γὰρ
1378 944 1520 1004 οῦτοι
1544 948 1631 1003 διὰ
1654 950 1753 1021 τῆς
1780 949 1960 1003 αὐτῶν

378 1038 721 1104 διδασκαλίας
755 1041 1011 1114 ἐθήρευον
1038 1040 1138 1104 τὰς
1165 1040 1273 1093 τῶν
1298 1041 1601 1114 ἀνθρώπων
1642 1042 1838 1112 ψυχὰς,
1872 1042 1961 1095 ἐλ-

378 1150 566 1198 κοντες
590 1135 683 1188 ἐπὶ
728 1134 1024 1205 σωτηρίαν,
1058 1136 1146 1189 διὰ
1185 1136 1237 1187 τί
1271 1137 1371 1189 οὑκ
1399 1134 1464 1187 ἂν
1504 1135 1678 1197 εἴποις
1708 1133 1958 1197 καὶτοὺς

378 1224 692 1293 Αἰγυπτίων
745 1226 1068 1297 λεγομένους
1114 1226 1282 1289 ἁλιεῖς
1323 1227 1417 1280 καὶ
1460 1224 1782 1296 ἀμφιϐολεῖς
1829 1226 1959 1289 τοὺς

377 1315 545 1369 πάλαι
566 1316 920 1380 διδασκάλους
946 1317 1043 1387 τῆς
1068 1319 1195 1388 παρ’
1226 1318 1410 1380 αὑτοῖς
1445 1314 1763 1385 φιλοσοφίας
1790 1309 1952 1380 εἶναι,

377 1404 427 1458 οἳ
468 1405 557 1460 διὰ
602 1409 703 1479 τῆς
740 1409 1117 1477 Αἰγυπτιακῆς
1168 1409 1442 1479 γοητείας,
1496 1408 1816 1477 ἐπαγίδευον
1860 1409 1955 1463 καὶ

377 1497 565 1569 ῶσπερ
598 1499 874 1564 ἐδελὲαζον
905 1501 1030 1564 τοὺς
1062 1500 1153 1553 ὑπ’
1193 1500 1369 1552 αὑτῶν
1404 1500 1793 1570 ἁλισκομένους
1812 1516 1826 1549 .’

452 1605 471 1637 ι
509 1588 618 1639 Ka‘t
643 1588 702 1639 ἐν
728 1590 888 1641 παντὶ
920 1589 1028 1641 ἕλει
1054 1589 1299 1660 καλάμου
1329 1591 1423 1642 κα)⁸
1464 1589 1741 1661 παπύρου,
1768 1590 1863 1643 καὶ
1889 1590 1952 1643 τὸ

375 1676 467 1746 ἀχὶ
498 1676 557 1728 τὸ
592 1677 817 1749 χλωρὸν,
852 1680 960 1731 πᾶν
992 1679 1053 1731 τὸ
1086 1678 1271 1749 κύκλῳ
1295 1679 1387 1732 τοῦ
1414 1680 1682 1749 ποταμοῦ,
1711 1679 1948 1734 καὶνπᾶν

370 1768 432 1820 τὸ
462 1768 815 1839 σπειρόμενον
855 1769 941 1822 διὰ
978 1769 1072 1822 τοῦ
1120 1770 1366 1842 ποταμοῦ
1400 1769 1797 1843 ξηρανθήσεται
1826 1770 1951 1823 ἀνε-

374 1860 663 1932 μὸφθορον.
692 1862 800 1915 Καὶ
839 1863 1182 1928 στενάξουσιν
1208 1866 1257 1917 οἰ
1286 1864 1478 1927 ἁλιεῖς,
1509 1864 1600 1917 καὶ
1633 1862 1949 1929 στενάξουσι
1980 1842 2023 1897 Β

368 1954 571 2017 πάντες
600 1955 649 2007 οἱ
680 1954 963 2026 βάλλοντες
1000 1955 1296 2028 ἄγκιστρον
1324 1957 1405 2019 εἰς
1438 1956 1530 2009 τὸν
1565 1956 1832 2026 ποταμὸν,
1856 1955 1949 2009 κα)⁵

367 2047 416 2100 οἰ
447 2046 727 2117 βάλλοντες
753 2050 996 2119 σαγήνας
1024 2049 1120 2103 καὶ
1152 2049 1473 2119 ἀμφιδολεῖς
1500 2047 1878 2121 πενθήσουσιν.
1924 2067 1944 2100 ι

368 2139 611 2211 Παντελῆ
641 2140 698 2194 δὲ
736 2136 889 2211 οἶμαι
934 2141 1198 2213 ξηρασίαν
1244 2141 1451 2195 ὑδάτων
1495 2141 1585 2194 διά
1628 2141 1832 2196 τούτων
1861 2157 1952 2213 ση-

373 2228 602 2299 μαίνειν,
640 2228 716 2293 ὡς
754 2230 888 2301 μηδὲ
934 2229 1080 2301 ῐχνος
1112 2231 1330 2285 νοτίδων
1374 2230 1582 2284 ὑδάτων
1617 2231 1753 2302 μήτε
1780 2231 1837 2283 ἐν
1870 2228 1949 2300 τῷ

370 2321 597 2393 ποταμῷ
631 2322 936 2391 φαίνεσθαι,
974 2324 1110 2394 μήτε
1145 2324 1202 2376 ἐν
1239 2322 1317 2393 τῷ
1340 2321 1449 2375 ἕλει
1495 2322 1623 2394 μήτ’
1652 2322 1796 2393 ἀμφὶ
1841 2322 1950 2375 τῶν

367 2414 629 2484 ποταμῶν
656 2413 828 2477 ἐκτὸς,
859 2414 984 2484 μήτ’
1005 2416 1063 2466 ἐν
1082 2412 1230 2484 αὐτῷ
1252 2413 1419 2485 μέσῳ,
1445 2415 1570 2485 μήτ’
1591 2416 1649 2466 ὲν
1672 2413 1946 2484 διώρυξιν,

368 2506 497 2577 μήτ’
520 2507 578 2558 ἐν
604 2505 886 2576 στασίμοις
923 2503 1141 2558 ὖδασιν·
1178 2504 1351 2575 λεῖψιν
1394 2504 1452 2558 δὲ
1485 2504 1699 2577 ἀθρόως
1743 2504 1947 2559 τούτων

362 2596 580 2651 ἔσεσθαι
622 2598 897 2662 ἀπάντων,
932 2598 1008 2661 ῶς
1041 2597 1293 2669 μηδαμοῦ
1336 2598 1436 2668 τῆς
1477 2597 1795 2667 Αἰγυπτίων
1844 2602 1947 2670 γῆς

362 2687 529 2743 ῧδατα
576 2686 892 2759 ὑφεστάναι.
940 2688 1079 2742 Ἀλλ’
1118 2684 1272 2754 οὗτος
1311 2691 1339 2743 ὁ
1382 2689 1537 2758 λόγος
1579 2692 1674 2743 κα)⁵
1712 2690 1803 2743 τὸν
1845 2692 1946 2745 οὑκ

360 2782 610 2838 ἐθέλοντα
636 2782 881 2854 βιάζεται
904 2782 995 2835 ἐπὶ
1017 2782 1284 2855 τροπικὴν
1313 2782 1661 2854 μεταϐαίνειν
1688 2782 1941 2856 Θεωρίαν·

358 2875 501 2929 ὥστε
528 2874 586 2941 ἐξ
617 2874 862 2944 ἀνάγκης
893 2875 1172 2946 ποταμοὺς
1192 2876 1286 2931 καὶ
1315 2875 1482 2930 ὕδατα
1503 2877 1645 2930 νοεῖν
1671 2876 1944 2945 Αἰγύπτια

358 2969 479 3040 ἦτοι
502 2968 569 3022 τά
592 2967 769 3039 πλήθη
793 2969 895 3038 τῆς
921 2968 1304 3038 Αἰγυπτιακῆς
1326 2967 1628 3038 δυνάμεως,
1657 2967 1690 3039 ἢ
1714 2968 1813 3041 τὴν
1847 2967 1944 3037 βα-

361 3060 566 3115 σιλείαν
608 3060 786 3113 αὐτῶν
833 3061 932 3130 τὴν
983 3060 1148 3114 πάλαι
1194 3059 1443 3130 ποταμοῦ
1488 3060 1643 3131 δίκην
1682 3060 1942 3132 πλημμυ-

361 3152 560 3223 ροῦσαν
586 3152 618 3224 ἢ
649 3152 768 3206 καθ’
800 3153 993 3224 ἑτέραν
1038 3151 1285 3224 ἐκδοχὴν,
1322 3153 1422 3225 τὴν
1452 3153 1605 3249 mp:
1621 3153 1939 3221 Αἰγυπτίοις
1968 3186 2012 3249 c

357 3246 420 3297 τὸ
441 3246 671 3299 παλαιὸν
692 3245 1043 3315 ἀκμάζουσαν
1061 3243 1396 3312 φιλοσοφίαν,
1421 3246 1549 3316 περὶ
1573 3239 1642 3316 ἦς
1666 3244 1933 3299 λέλεκται·

366 3352 386 3387 ι
427 3337 538 3390 Καὶ
573 3335 863 3407 ἐπαιδεύθη
891 3335 1133 3405 Μωῦσῆς
1168 3335 1317 3408 πάσῃ
1344 3334 1504 3406 σοφίᾳ
1530 3338 1862 3405 Αἰγυπτίων.
1914 3356 1933 3390 ι

361 3427 537 3499 Πολλὴ
563 3428 670 3499 γάρ
696 3445 779 3491 τις
800 3423 866 3497 ἦν
890 3427 1045 3499 αὐτὴ,
1074 3427 1167 3480 καὶ
1194 3427 1365 3497 μέγας
1386 3430 1414 3481 ό
1441 3430 1569 3499 παρ’
1593 3429 1777 3492 αὐτοῖς
1800 3430 1939 3500 ῥέων

358 3520 622 3591 ποταμὸς,
652 3521 680 3571 ὁ
718 3520 818 3591 τῆς
856 3520 990 3591 παρ’
1036 3519 1219 3584 αὐτοῖς
1267 3519 1689 3591 θαυμαζομένης
1745 3522 1939 3591 σοφίας

355 3609 530 3678 λόγος.
559 3610 762 3663 Τούτου
800 3610 856 3662 δὲ
894 3610 1105 3681 ὑπῆρχε
1154 3612 1293 3682 μέρη
1325 3611 1496 3664 πολλά
1529 3628 1940 3684 κατακερματι-

354 3699 583 3773 ζομένου
612 3703 691 3765 εἰς
714 3701 983 3775 διώρυγας
1006 3704 1229 3768 πολλάς,
1260 3704 1356 3758 καὶ
1384 3705 1463 3767 εἰς
1493 3704 1719 3768 πολλοὺς
1763 3706 1941 3779 μαθη-

351 3787 449 3852 τὰς
488 3788 595 3842 τῶν
646 3789 767 3844 καθ’
807 3792 1037 3845 ἕκαστον
1090 3791 1201 3844 τῶν
1243 3793 1372 3862 παρ’
1408 3793 1591 3854 αὐτοῖς
1643 3794 1937 3865 μαθήσεων

349 3878 544 3947 λόγων,
574 3880 634 3945 ἐξ
661 3874 736 3935 ὧν
759 3880 921 3951 ἐφυον
943 3883 1043 3935 οὑκ
1077 3881 1313 3953 ἄμπελοι
1346 3882 1467 3935 οὑδέ
1504 3883 1704 3946 ἐλαῖαι,
1735 3885 1854 3938 οὐδέ
1882 3902 1935 3937 τι

350 3969 458 4023 τῶν
514 3970 806 4042 καρπίμων
844 3970 955 4026 τῶν
997 3972 1312 4040 ἀναγκαίων
1356 3974 1609 4046 δένδρων,
1651 3975 1789 4030 ἀλλά
1837 3979 1937 4031 πά-

350 4077 541 4132 πυρος,
582 4062 824 4133 κάλαμος
849 4063 944 4118 καὶ
974 4064 1034 4116 τὸ
1068 4064 1277 4135 χλωρὸν
1308 4066 1420 4138 ἀχί.
1470 4067 1722 4139 Σαγήνας
1749 4070 1805 4123 δέ
1830 4071 1929 4123 αὑ-

280 4150 285 4157 ’
348 4152 457 4205 τῶν
485 4154 698 4224 νοήσεις
732 4153 840 4207 ἀπὸ
865 4154 965 4224 τῆς
1004 4155 1098 4208 τοῦ
1128 4157 1382 4227 Σωτῆρος
1417 4158 1574 4228 ήμῶν
1615 4160 1934 4233 παραϐολῆς

348 4241 416 4296 δι’
448 4238 517 4317 ἧς
553 4242 768 4317 εἴρηται
789 4262 802 4275 ο
842 4264 861 4297 ‹
908 4246 1097 4318 Ὁμοία
1126 4247 1273 4302 ἐστὶν
1300 4250 1332 4319 ή
1361 4248 1603 4319 βασιλεία
1633 4252 1742 4306 τῶν
1766 4254 1932 4325 ούρα-

346 4334 454 4388 νῶν
481 4338 689 4408 σαγήνῃ
732 4336 991 4410 βληθείσῃ
1016 4341 1098 4402 εἰς
1130 4340 1228 4411 τὴν
1266 4338 1563 4409 θάλασσαν,
1602 4345 1697 4397 καὶ¹
1737 4347 1931 4401 συλλα-

346 4425 515 4501 6ούσῃ
542 4428 650 4481 ἀπὸ
684 4430 882 4494 παντὸς
912 4430 1102 4499 γένους
1131 4429 1345 4501 ἰχθύων.
1382 4451 1401 4484 ι
1448 4434 1655 4506 Ὥσπερ
1683 4436 1740 4490 δὲ
1775 4440 1832 4491 ἐν
1859 4442 1925 4509 τῇ

2062 586 2119 633 et
2170 578 2305 634 retia
2348 578 2617 647 iacientes
2663 580 2937 652 intelligas
2985 595 3048 637 ex
3110 582 3232 637 aliis
3276 581 3646 651 piscatoribus

2062 678 2117 724 et
2162 672 2377 739 sagenis
2422 672 2733 739 utentibus;
2784 689 2850 729 ex
2904 675 3165 744 apostolis
3216 677 3337 731 dico
3382 684 3435 732 et
3484 676 3645 731 disci-

2060 763 2204 834 pulis
2244 764 2543 819 Salvatoris
2583 765 2789 832 nostri,
2844 768 3039 837 quibus
3091 768 3406 833 dicebatur,
3456 786 3476 821 ι
3536 769 3645 824 Ve-

2060 855 2198 921 nite,
2242 863 2298 911 et
2346 854 2538 910 faciam
2570 871 2666 912 vos
2730 857 3029 926 piscatores
3085 859 3364 914 hominum
3394 859 3461 914 ".
3512 878 3532 913 ι
3580 859 3641 916 Si

2060 947 2204 1002 enim
2251 946 2339 1002 isti
2372 947 2617 1003 doctrina
2651 963 2749 1003 sua
2786 949 3065 1005 hominum
3095 951 3308 1006 animas
3350 950 3642 1021 piscahan-

2061 1050 2171 1105 tur,
2211 1041 2278 1096 ad
2334 1042 2559 1097 salutem
2610 1041 2730 1096 illas
2767 1043 3082 1112 trahentes,
3140 1060 3240 1099 cur
3286 1060 3390 1100 non
3431 1043 3638 1099 dixeris

2060 1144 2392 1189 memoratos
2432 1132 2553 1187 illos
2601 1132 2984 1203 Egyptiorum
3042 1135 3344 1205 piscatores
3399 1144 3454 1189 et
3499 1133 3638 1188 retia

2052 1224 2320 1293 iacientes
2345 1270 2359 1290 ,
2399 1225 2567 1281 fuisse
2610 1225 2733 1281 illos
2776 1225 2905 1281 olim
2951 1225 3306 1297 philosophia:
3344 1228 3635 1291 doctores,

2055 1316 2147 1386 qui
2186 1331 2283 1387 per
2305 1316 2654 1390 Egyptiacas
2683 1319 2987 1389 praestigias
3053 1318 3424 1389 illaqueabant
3462 1328 3515 1375 et
3550 1320 3637 1375 in.

2056 1408 2318 1463 escabant
2340 1424 2434 1463 eos
2465 1424 2601 1480 quos
2638 1423 2833 1479 capere
2864 1411 3167 1481 poterant?

2130 1582 2288 1639 Vens.
2310 1584 2363 1653 7,
2396 1582 2449 1639 8.
2484 1602 2503 1637 ι
2540 1584 2607 1639 Et
2632 1584 2684 1639 in
2713 1587 2859 1641 omni
2895 1584 3086 1654 palude
3116 1584 3307 1639 calami
3336 1593 3388 1639 et
3420 1584 3633 1656 papyri,

2052 1686 2107 1732 et
2160 1675 2285 1731 achi
2313 1677 2497 1731 virens
2522 1690 2683 1732 omne
2722 1678 2927 1732 circum
2955 1676 3179 1738 flumen,
3209 1688 3263 1730 et
3300 1692 3459 1731 omne
3487 1676 3635 1747 quod

2051 1768 2351 1823 seminatur
2390 1769 2456 1822 ad
2487 1766 2709 1835 ﬂumen,
2747 1778 2959 1823 arescet
3004 1777 3058 1822 et
3091 1778 3256 1823 vento
3299 1767 3518 1837 peribit.
3561 1768 3629 1822 Et.

2052 1869 2267 1931 gement
2304 1860 2626 1931 piscatores,
2680 1871 2735 1915 et
2781 1868 2999 1930 gement
3032 1875 3220 1915 omnes
3268 1859 3361 1929 qui
3414 1859 3636 1914 mittunt

2052 1952 2272 2007 hamum
2309 1953 2361 2005 in
2404 1950 2623 2016 flumen,
2660 1960 2712 2008 et
2755 1955 2849 2022 qui
2897 1954 3121 2007 mittunt
3159 1967 3411 2022 sagenas,
3448 1960 3505 2007 et
3538 1952 3633 2021 qui

2051 2043 2274 2098 mittunt
2316 2044 2477 2109 retia,
2539 2044 2821 2113 lugehunt.
2872 2064 2892 2097 ι
2936 2043 3032 2098 His
3074 2045 3441 2098 omnimodatn
3484 2044 3633 2111 arbi-y

2053 2142 2167 2187 tror
2216 2148 2478 2203 aquarum
2531 2134 2843 2188 siccitatem
2897 2134 3166 2201 indicari,
3225 2135 3297 2189 ita
3351 2144 3412 2190 ut
3456 2150 3634 2206 neque

2051 2225 2337 2297 vestigium
2378 2225 2622 2281 humoris
2661 2241 2850 2296 aquae,
2892 2226 2974 2281 vel
3011 2227 3061 2280 in
3099 2225 3289 2290 fluvio.
3325 2227 3409 2282 vel
3451 2228 3501 2281 in
3544 2243 3631 2296 pa-

2050 2317 2198 2383 lude,
2253 2318 2339 2372 vel
2376 2328 2531 2374 extra
2570 2316 2792 2372 ﬂumina
2822 2318 2873 2373 in
2912 2320 3168 2383 circuitu,
3215 2320 3298 2374 vel
3336 2321 3387 2374 in
3428 2321 3629 2385 medio,

2048 2410 2131 2466 vel
2167 2411 2219 2465 in
2246 2411 2546 2474 canalibus,
2580 2410 2665 2466 vel
2697 2411 2748 2466 in
2786 2412 2942 2481 aquis
2970 2429 3076 2468 non
3109 2410 3424 2480 ﬂuentibus,
3455 2428 3622 2483 appa-

2051 2509 2206 2567 reat,
2262 2501 2357 2555 sed
2397 2502 2642 2556 onmium
2682 2501 2971 2557 confertim
3014 2503 3265 2557 vacuitas
3309 2512 3365 2558 et
3406 2505 3628 2572 penuria

2050 2593 2231 2647 futura
2268 2592 2372 2655 sit,
2424 2592 2497 2648 ita
2532 2602 2589 2647 ut
2634 2594 2686 2647 in
2718 2593 2950 2664 Egypto
2976 2609 3245 2664 nusquam
3286 2610 3441 2665 aqua:
3474 2612 3628 2651 com-

2047 2694 2293 2753 pareant.
2327 2684 2525 2741 Verum
2560 2685 2649 2741 hic
2674 2701 2853 2742 sermo
2881 2687 2967 2742 vel
3001 2688 3229 2741 invitum
3254 2703 3524 2758 quemque
3559 2689 3628 2742 ad

2047 2778 2328 2847 figuratam
2385 2780 2807 2850 speculationem
2864 2780 2913 2835 vi
2968 2782 3273 2850 pertrahit,
3315 2781 3389 2836 ita
3425 2790 3484 2835 ut
3530 2796 3626 2837 ne-

2046 2870 2285 2924 cessario
2330 2884 2427 2939 per
2455 2870 2780 2943 [Egyptiaca
2812 2872 3035 2928 ﬂumina
3098 2884 3153 2928 et
3202 2889 3371 2944 aquas
3431 2874 3624 2930 intelli-

2046 2971 2140 3028 gas
2168 2956 2503 3029 Aﬁgyptiacaa
2535 2962 2788 3030 potentia:
2816 2962 2921 3017 vim
2964 2973 3019 3018 et
3055 2964 3476 3032 multitudinem,
3528 2982 3624 3023 nec

2046 3064 2151 3102 non
2193 3064 2415 3120 regnum
2452 3066 2666 3116 eorum,
2709 3053 2853 3121 quod
2891 3054 3018 3108 olim
3062 3054 3297 3111 ﬂmninis
3332 3058 3504 3111 instar
3532 3074 3622 3112 ex-

2044 3143 2321 3209 undabat;
2364 3144 2478 3198 sive
2526 3147 2825 3200 secundum
2871 3147 3034 3202 aliam
3081 3149 3475 3219 interpretandi
3530 3167 3620 3205 ra-

2046 3236 2269 3298 tionem,
2325 3237 2721 3307 phiIOSOphiam
2760 3239 2889 3294 olim
2920 3242 3060 3310 apud
3106 3241 3393 3313 Egyptios
3423 3245 3621 3300 floren-

2044 3334 2183 3380 tem:
2223 3327 2289 3381 de
2332 3342 2442 3397 qua
2478 3331 2681 3385 dictum
2724 3344 2839 3395 est,
2886 3351 2904 3383 ι
2955 3334 3241 3389 Institutas
3281 3348 3365 3391 est
3409 3336 3620 3408 Moyses

2040 3414 2096 3469 in
2136 3418 2282 3471 omni
2319 3420 2587 3487 sapientia
2627 3419 3012 3493 [Egyptiorum
3040 3426 3109 3481 ⁸³.
3151 3445 3169 3478 ι
3205 3427 3395 3497 Magna
3425 3430 3627 3499 quippe

2038 3508 2345 3577 antiquitus
2391 3511 2478 3565 illa
2524 3522 2679 3576 erat,
2724 3530 2977 3584 maguum
3023 3516 3094 3571 ibi
3134 3517 3370 3589 flumen,
3427 3535 3622 3590 magna

2039 3615 2254 3671 quoque
2282 3617 2449 3672 penes
2490 3605 2611 3661 illos
2647 3618 2768 3661 erat
2809 3610 3115 3677 sapientiae,
3148 3626 3309 3681 quam
3349 3612 3621 3667 mirabnn~

2040 3701 2149 3759 tur,
2195 3695 2356 3749 ratio.
2389 3696 2571 3751 Multae
2614 3714 2778 3767 porro
2822 3711 3003 3767 partes
3041 3714 3199 3756 erant
3235 3704 3393 3774 hujus
3442 3702 3620 3759 nutati-

2038 3787 2143 3851 nis,
2180 3787 2340 3843 divisi
2371 3804 2565 3857 nempe
2606 3792 2659 3845 in
2693 3792 2891 3849 multos
2913 3795 3168 3861 canales,
3209 3796 3262 3850 in
3298 3796 3495 3853 multos
3534 3800 3621 3853 ni-

2039 3880 2235 3934 mirum
2277 3882 2571 3953 discipulos
2600 3886 2894 3940 secundum
2937 3888 3116 3942 varias
3149 3890 3485 3959 singulorum
3533 3891 3617 3947 di-

2008 3971 2294 4060 .sciplinas
2320 3986 2335 4025 :
2381 3988 2448 4029 ex
2471 3976 2673 4043 quibus
2696 3977 3036 4045 pullulabant
3072 3996 3178 4035 non
3209 3982 3404 4049 vineas,
3437 3997 3619 4056 neque

2036 4062 2211 4129 olivae,
2261 4080 2437 4135 neque
2483 4066 2592 4121 alia
2632 4070 2899 4139 quaepiam
2929 4085 2995 4125 ex
3033 4071 3304 4130 fructibus
3329 4090 3395 4132 ac
3424 4091 3615 4133 neces-

2036 4154 2197 4209 sariis
2251 4155 2583 4225 arboribus,
2634 4158 2729 4212 sed
2774 4175 3039 4229 papyrus,
3090 4163 3331 4220 calamus
3381 4175 3435 4221 et
3491 4168 3613 4223 achi

2034 4246 2236 4301 virens.
2266 4245 2510 4318 Sagenas
2537 4264 2700 4318 porro
2731 4264 2923 4306 eorum
2956 4252 3233 4324 intelligas
3257 4269 3323 4309 ex
3351 4257 3612 4326 parabola

2034 4336 2364 4403 Salvatoris,
2440 4352 2546 4407 qua
2625 4339 2857 4406 dicitur,
2924 4360 2942 4393 ι
2988 4342 3178 4399 Simile
3232 4353 3317 4399 est
3384 4361 3613 4415 regnum

2032 4426 2291 4483 caelorum
2319 4444 2538 4499 sageua:
2565 4431 2743 4487 missa:
2766 4432 2818 4487 in
2857 4448 3028 4501 mare,
3061 4448 3116 4490 et
3136 4451 3204 4491 ex
3228 4439 3376 4492 omni
3409 4454 3612 4510 genere

345 4518 629 4597 παραϐολῇ
653 4522 699 4573 οἰ
727 4520 1002 4593 ἄνθρωποι
1036 4521 1217 4593 ἰχθύες
1246 4522 1514 4594 εἴρηνται,
1544 4528 1637 4579 καὶ
1661 4533 1871 4601 σαγήνη
1898 4532 1929 4583 ὁ

2046 4520 2259 4576 νιίεοίυιιι
2294 4526 2643 4594 congreganti
2675 4526 2745 4578 ⁸⁸.
2788 4543 2806 4576 ›
2866 4526 3335 4592 Quemadmodum
3369 4545 3503 4588 vero
3549 4533 3606 4590 in

343 4609 473 4680 περὶ
500 4607 603 4679 τῆς
630 4608 907 4679 βασιλείας
933 4612 1039 4665 τῶν
1069 4611 1314 4684 οὐρανῶν
1356 4615 1710 4686 εὐαγγελικὸς
1730 4619 1886 4689 λόγος
1906 4638 1920 4653 ο

2046 4615 2287 4669 iarabola
2323 4616 2572 4672 homines
2606 4632 2702 4686 pro
2731 4619 2989 4688 piscibus,
3007 4632 3060 4677 et
3094 4637 3192 4691 pro
3222 4638 3420 4696 sagena
3437 4641 3607 4682 evan-

341 4699 514 4764 οὕτως
543 4700 636 4754 καὶ⁵
665 4700 899 4754 ἐνταῦθα
926 4702 959 4773 ἡ
996 4702 1336 4770 πολύπλοκος
1359 4708 1599 4780 δεινότης
1628 4710 1721 4764 τοῦ
1762 4713 1925 4781 Αἰγυ-

2046 4706 2231 4777 ςοΙίρυε
2276 4708 2342 4762 de
2395 4723 2562 4778 regno
2611 4710 2873 4766 cmlorum
2912 4727 3093 4768 sermo
3146 4715 3381 4783 dicitur,
3440 4718 3513 4773 ita
3551 4728 3604 4776 et

340 4790 498 4845 σιτίου
548 4790 728 4861 λόγου,
771 4791 858 4863 εἴη
908 4791 974 4846 ἂν
1030 4796 1235 4867 σαγήνη
1274 4798 1367 4850 καὶ
1411 4798 1481 4851 τά
1534 4800 1923 4875 ἀμφίϐληστρα

2046 4814 2132 4853 ioc
2166 4800 2286 4854 loco
2327 4801 2599 4871 implicata
2634 4802 2721 4859 illa
2763 4804 3073 4876 Egyptiaci
3113 4812 3382 4867 sermonis
3424 4814 3602 4883 gravi-

339 4883 568 4953 ὁμοίως·
596 4888 645 4938 οἰ
674 4885 731 4938 δὲ
760 4887 1184 4958 σαγηνευόμενοι
1208 4890 1345 4960 πρὸς
1384 4891 1564 4947 αὐτῶν
1592 4893 1772 4964 ἰχθύες
1810 4892 1921 4949 εἶεν

2046 4908 2131 4955 as,
2164 4908 2264 4962 pro
2294 4908 2493 4962 sagena
2525 4904 2581 4949 et
2617 4897 2820 4952 retibus
2846 4899 3101 4955 similiter
3137 4903 3473 4973 accipiatur;
3521 4904 3601 4973 pi-

340 4974 387 5023 οἰ
425 4978 542 5038 ταῖς
583 4975 887 5048 ἀπατηλαῖς
929 4978 1261 5046 σοφιστείαις
1303 4982 1382 5043 εἰς
1430 4984 1536 5035 πᾶν
1577 4979 1716 5047 εῐδος
1755 4984 1917 5038 ἀθέου

2046 4999 2146 5039 :ces
2180 5000 2309 5040 vero
2350 4986 2414 5041 iis
2484 4988 2631 5057 capti
2688 4987 2912 5056 fuerint,
2948 4993 3039 5061 qui
3091 4993 3373 5053 fallacibus
3419 4996 3601 5065 mphi-

340 5061 755 5138 δεισιδαιμονίας
813 5067 1231 5140 ὑποσυρόμενοι.
1288 5070 1574 5138 Στενάξειν
1643 5074 1773 5142 γοῦν
1824 5078 1917 5129 καὶ

2046 5076 2296 5132 imatibus
2342 5077 2396 5131 in
2453 5094 2669 5135 omnem
2716 5081 2894 5151 impia:
2915 5085 3320 5153 superstitionis
3362 5061 3603 5154 speciem.

340 5152 627 5227 πενθήσειν
648 5156 896 5227 λέγονται
921 5159 969 5210 οἰ
1000 5158 1322 5229 ἀμφιϐολείς
1350 5160 1449 5230 τῆς
1473 5163 1772 5232 Αἰγύπτου,
1808 5183 1915 5238 μη-

2046 5165 2398 5221 Ietrahuntur.
2440 5168 2665 5225 Luctum
2707 5185 2839 5242 ergo
2892 5183 2944 5228 et
2983 5152 3258 5244 planctum
3292 5152 3464 5231 acturi
3509 5178 3595 5230 di-

338 5248 455 5301 κέτι
479 5247 688 5319 ἔχοντες
726 5250 987 5337 ἐργασίαν
1014 5251 1102 5306 διὰ
1135 5253 1227 5306 τὸν
1265 5253 1683 5325 ἐπιδημήσαντα
1730 5259 1915 5322 αὐτοῖς

2049 5266 2213 5311 untur
2244 5257 2483 5337 Egyptii
2541 5262 2883 5332 piscatores,
2939 5267 3065 5335 quia
3117 5268 3439 5323 adveniente
3485 5269 3595 5324 sibi

335 5338 569 5410 Χριστὸν
602 5339 697 5393 καὶ
734 5334 835 5412 τὴν
870 5342 1053 5396 πᾶσαν
1095 5342 1274 5397 αὐτῶν
1312 5343 1504 5413 σοφίαν
1546 5346 1909 5414 ἀπολέσαντα,

2046 5349 2251 5415 :hristo,
2313 5362 2368 5406 et
2405 5368 2620 5410 omnem
2670 5357 2987 5425 sapientiam
3032 5374 3186 5414 suam
3236 5362 3596 5427 destruente,

335 5429 477 5483 κατά
497 5429 577 5494 τὸ,
606 5449 623 5481 ‹
647 5429 856 5485 ’Δπολῶ
871 5432 971 5505 τὴν
996 5434 1186 5503 σοφίαν
1210 5433 1316 5487 τῶν
1335 5436 1533 5504 σοφῶν,
1558 5438 1651 5491 καὶ
1672 5439 1768 5510 τὴν
1797 5440 1912 5493 σύν-

2046 5440 2229 5495 ιυΙΙιιηι
2264 5455 2512 5514 superest
2543 5446 2676 5517 ipsis
2708 5464 2842 5519 Opus
2872 5450 3158 5519 agendum,
3202 5451 3494 5506 secundum
3529 5452 3589 5505 il-

335 5540 447 5578 εσιν
466 5523 574 5577 τῶν
604 5522 838 5577 συνετῶν
857 5524 1125 5582 ἀθετήσω.
1162 5548 1181 5581 ι

2046 5534 2145 5585 ad:
2188 5553 2209 5586 ‹
2250 5535 2477 5593 Perdam
2519 5540 2841 5609 sapientiam
2886 5542 3235 5615 sapientium,
3272 5553 3327 5600 et
3352 5544 3587 5615 pruden-

2017 5628 2144 5684 tiam
2180 5630 2526 5699 prudentium
2562 5634 2877 5705 despiciam.
2910 5651 2929 5686 ι

405 5809 449 5842 ⁸⁸
478 5808 664 5866 Matth.
701 5810 880 5878 “1,19.
946 5812 1001 5889 ,η
1029 5815 1151 5872 Act.
1176 5829 1283 5889 χιι,
1311 5815 1402 5872 2‘2.
1482 5818 1528 5852 ”
1552 5818 1740 5877 Matth.
1771 5836 1892 5890 xm,
1915 5821 2006 5879 47.
