4118 6442
526 403 640 462 ἳῖἹ

1239 397 1504 458 EUSEBll
1541 396 2019 454 CESARlENSIS
2047 394 2195 453 OPP.
2236 395 2417 454 PARS
2442 395 2532 453 ΠΙ.
2562 427 2634 439 —
2658 395 3067 454 EXEGETlCA.

3663 399 3769 456 228

606 523 771 581 Vsus.
797 525 852 580 9.
889 541 909 576 ι
945 522 1011 578 Et
1038 518 1282 577 confusio
1307 517 1674 588 apprehendet
1699 531 1817 582 eos,
1851 517 1944 588 qui
1968 530 2094 587 ope-

2274 534 2293 566 ι
2330 515 2442 568 Καὶ
2471 516 2700 586 αἰσχύνη
2725 515 2952 588 λήψεται
2973 515 3100 579 τοὺς
3120 513 3518 586 ἐργαζομένους
3541 514 3603 569 τὸ
3626 515 3771 571 λίνον

535 626 729 672 rantur
755 615 922 670 linum
957 612 1199 676 scissile,
1234 619 1290 666 et
1321 611 1410 679 qui
1454 618 1748 680 operantur
1789 611 2036 679 byssum.
2069 627 2089 660 ι

536 710 653 766 Hoc
679 709 841 764 modo
885 715 1064 762 mente
1095 705 1276 775 capias
1304 717 1399 759 eos
1433 704 1524 774 qui
1579 711 1874 774 operantur
1901 703 2092 769 linum,

535 814 708 868 neque
755 800 967 852 llrmum
1002 795 1143 864 quod
1195 797 1368 866 rumpi
1405 804 1667 864 nequeat,
1721 795 1816 850 sed
1849 795 2092 860 scissile,

534 903 836 945 sermonem
883 887 1132 941 videlicet
1190 887 1507 941 dissolutum
1555 895 1611 940 et
1669 886 1992 953 discissum,
2033 896 2097 942 et

533 982 751 1052 byssum
779 977 1027 1033 similiter
1055 997 1068 1031 :
1120 977 1244 1046 quia
1276 976 1465 1031 isthaec
1501 978 1568 1031 ab
1597 975 1846 1046 Egyptio
1875 975 2096 1031 ﬂumine

532 1069 853 1125 fovebantur
918 1077 973 1121 et
1035 1067 1422 1135 irrigabantur.
1481 1065 1661 1132 Quare
1715 1066 1792 1119 ait
1841 1066 2097 1120 harumce

531 1175 714 1216 rerum
768 1157 1006 1212 artiﬁces
1052 1157 1327 1226 planctum
1384 1158 1657 1221 edituros,
1705 1157 1916 1225 quando
1951 1155 2095 1209 nulla

533 1250 762 1317 amplius
802 1248 889 1302 ﬁla
921 1247 1200 1317 sapientiae
1235 1261 1348 1300 sua:
1376 1247 1442 1300 ad
1479 1247 1736 1300 amictum
1764 1256 1818 1300 et
1845 1255 2096 1300 ornatum

529 1341 666 1410 ipsis
711 1341 956 1395 aderunt.
1001 1339 1119 1392 Lini
1155 1338 1298 1392 enim
1344 1351 1409 1392 ac
1458 1337 1605 1407 byssi
1650 1338 1802 1404 copia
1845 1347 2096 1392 ornatum

531 1430 637 1486 sibi
671 1439 726 1484 et
754 1430 1132 1484 indumentum
1163 1426 1562 1496 excogitabant,
1595 1426 1852 1494 captiosis
1876 1425 2098 1494 quibus-

530 1521 657 1575 dam
697 1530 754 1574 et
798 1518 1082 1573 fallacibus
1133 1515 1292 1571 dictis
1333 1517 1608 1571 mendacia
1645 1531 1738 1571 sua
1771 1516 2095 1586 aperientes.

603 1706 768 1762 Vsus.
799 1706 886 1762 l0.
921 1725 940 1758 ι
972 1705 1039 1760 Et
1072 1715 1232 1760 erunt
1257 1706 1348 1776 qui
1378 1716 1673 1777 operantur
1697 1723 1760 1764 ea
1790 1710 1842 1764 in
1873 1710 2095 1767 dolore:

531 1807 590 1852 et
620 1811 809 1852 omnes
844 1797 936 1866 qui
977 1796 1181 1851 faciunt
1234 1799 1452 1868 zythum
1487 1799 1763 1866 dolebunt,
1805 1812 1860 1858 et
1906 1805 2098 1859 animis

2201 608 2260 661 τὸ
2295 608 2530 679 σχιστὸν,
2571 609 2668 662 καὶ
2706 608 2833 672 τοὺς
2877 605 3278 678 ἐργαζομένους
3327 607 3426 678 τὴν
3476 605 3692 677 βύσσον.
3745 627 3765 661 r

2201 699 2356 754 οὕτω
2393 701 2602 772 νοήσεις
2642 702 2767 764 τοὺς
2811 699 3206 770 ἐργαζομένους
3246 698 3308 751 τὸ
3349 699 3514 764 λίνον,
3545 698 3668 752 οὔτε
3710 699 3773 754 τὸ

2203 793 2426 862 στερρὸν
2455 793 2550 845 καὶ
2580 792 2836 864 ἀῤῥαγές,
2867 791 3003 844 ἀλλὰ
3029 790 3088 844 τὸ
3116 790 3349 861 σχιστὸν,
3383 789 3538 859 λόγον
3573 791 3772 864 δηλαδὴ

2200 881 2550 954 διερρωγότα,
2597 883 2692 936 καὶ
2735 883 3128 953 διεσχισμένον,
3180 883 3274 935 καὶ
3324 881 3422 952 τὴν
3474 881 3668 952 βύσσον
3714 883 3772 936 δὲ

2199 972 2486 1038 ὡσαύτωςο
2542 974 2662 1027 ἐπεὶ
2708 975 2802 1027 καί⁹
2846 973 2983 1026 αὐτὰ
3025 971 3117 1026 τοῦ
3164 972 3472 1040 Αἰγυπτίων
3523 971 3771 1042 ποταμοῦ

2204 1067 2471 1135 μετεῖχεν,
2508 1064 2566 1131 ἐξ
2613 1063 2779 1118 αὑτοῦ
2827 1063 3178 1135 ἀρδευόμενα.
3227 1064 3318 1116 Διὸ
3349 1062 3444 1117 καὶ
3478 1063 3604 1126 τοὺς
3645 1061 3772 1116 τού-

2200 1173 2310 1209 των
2350 1158 2512 1226 φησ“ιν
2549 1158 2784 1226 ἐργάτας
2823 1154 3098 1220 στενάξειν
3141 1158 3169 1208 ὁ
3211 1155 3400 1224 λόγος·
3448 1155 3537 1208 ὅτε
3570 1153 3770 1226 μηκέτι

2202 1246 2387 1309 αὐτοῖς
2419 1247 2554 1318 πρὸς
2582 1245 2871 1317 περιϐολὴν
2913 1246 3008 1298 καὶ
3051 1245 3253 1315 κόσμον
3281 1245 3382 1315 τῆς
3416 1245 3543 1316 παρ’
3587 1244 3770 1308 αὐτοῖς

2205 1338 2395 1406 σοφίας
2426 1335 2495 1390 τὰ
2521 1336 2608 1390 διὰ
2651 1335 2852 1389 τούτων
2885 1336 3176 1406 ὑφάσματα
3205 1337 3522 1407 ηύπόριστο.
3558 1335 3658 1389 Διὰ
3688 1335 3772 1388 λί-

2203 1446 2293 1483 νου
2335 1428 2442 1498 γὰρ
2490 1428 2677 1498 ῶσπερ
2720 1428 2814 1482 καὶ
2857 1427 3052 1496 βύσσου
3102 1427 3302 1496 κόσμον
3343 1427 3436 1478 καὶ
3481 1425 3772 1497 περιϐολὴν

2203 1519 2414 1581 ἑαυτοῖς
2439 1519 2714 1582 ὲπενόουν,
2750 1519 2990 1582 πιθανοῖς
3018 1535 3127 1570 τισι
3153 1519 3246 1571 καὶ
3275 1517 3570 1589 ἀπατηλοῖς
3593 1517 3772 1588 λόγοις

2204 1609 2264 1662 τὸ
2295 1611 2424 1680 παρ’
2457 1611 2639 1672 αὐτοῖς
2669 1608 2860 1678 ψεῦδος
2887 1609 3274 1671 καλύπτοντες.

2278 1719 2297 1750 ι
2333 1702 2443 1755 Καὶ
2479 1702 2690 1756 ἔσονται
2735 1704 2784 1755 οἰ
2817 1702 3170 1773 ἐργαζόμενοι
3207 1702 3345 1755 αὐτὰ
3372 1702 3429 1755 ἐν
3463 1701 3640 1774 ὀδύνῃ·
3678 1701 3775 1756 καὶ¹

2208 1791 2408 1856 πάντες
2453 1795 2502 1846 οἱ
2539 1793 2817 1857 ποιοῦντες
2863 1793 2953 1846 τὸν
2998 1793 3156 1857 ζύθον
3203 1792 3624 1864 λυπηθήσονται,
3678 1793 3774 1848 καὶ

535 1887 750 1942 cadent.
791 1906 809 1939 ›
857 1887 1129 1942 Gemitum
1165 1888 1408 1944 edituros
1442 1890 1519 1944 ait
1564 1892 1652 1960 qui
1701 1891 1939 1959 faciunt,
1992 1911 2094 1948 non

2200 1883 2298 1946 τάς
2340 1882 2513 1954 ψυχὰς
2557 1884 2864 1937 πεσοῦνται.
2902 1903 2920 1934 t
2969 1883 3248 1950 Στενάξειν
3289 1884 3346 1938 δὲ
3387 1884 3594 1950 πάντας
3640 1886 3774 1955 φησὶ

534 1977 718 2032 vinum
751 1993 816 2032 ex
845 1977 977 2042 vite,
1021 1977 1114 2033 sed
1157 1977 1533 2049 Egyptiacum
1575 1981 1822 2052 zythum,
1856 1984 1999 2053 quod
2048 1995 2103 2039 et

533 2069 708 2138 ipsum
753 2069 993 2138 spuriutn
1052 2078 1170 2123 erat
1227 2078 1283 2124 et
1345 2071 1650 2138 turbidum;
1697 2089 1806 2142 quo
1860 2075 2102 2148 Egypt“

531 2169 662 2228 potu
698 2159 1008 2226 utebantur,
1069 2171 1360 2230 antequam
1409 2162 1542 2231 ipsis
1588 2164 1868 2220 adveniret
1915 2167 2101 2222 Domi-

533 2263 666 2304 nus.
701 2247 814 2304 Hoc
845 2263 1007 2318 porro
1039 2249 1364 2316 declinante,
1391 2252 1514 2322 jure
1540 2253 1742 2309 dicitur
1765 2253 2007 2310 futurum
2042 2265 2101 2312 ut

527 2337 651 2409 ejus
688 2339 928 2394 artiﬁces
973 2339 1248 2408 planctum
1295 2342 1458 2396 edant
1520 2351 1579 2398 et
1624 2344 1822 2400 animis
1858 2345 2097 2402 doleant.

529 2427 658 2486 llaec
691 2443 820 2484 vero
849 2445 1105 2500 passuros
1134 2432 1499 2487 comminatur
1532 2433 1750 2506 Egypti
1790 2437 2097 2507 sophistas,

523 2521 676 2592 zythi
708 2523 965 2588 artiﬁces,
1003 2538 1066 2578 ac
1115 2524 1206 2579 lini
1236 2526 1464 2581 scissilis
1517 2527 1772 2599 byssique
1813 2533 2098 2600 operarios

2198 1976 2324 2039 τοὺς
2366 1976 2648 2040 ποιοῦντας
2680 1978 2739 2030 ού
2777 1977 2869 2030 τὸν
2909 1975 2967 2042 ἐξ
3009 1976 3251 2046 ἀμπέλου
3292 1972 3450 2042 οἶνον,
3497 1976 3634 2030 ἀλλὰ
3680 1976 3774 2029 τὸν

2199 2068 2564 2136 Δίγυπτιακδν
2594 2069 2780 2133 ζύθον·
2824 2070 2882 2133 ὃς
2910 2072 3004 2124 καὶ
3033 2069 3194 2134 αὐτὸς
3220 2069 3372 2134 νόθος
3402 2065 3469 2142 ἦν
3501 2072 3593 2124 καὶ
3621 2069 3772 2122 τεθο-

2200 2157 2438 2229 λωμένος
2459 2176 2473 2190 ·
2501 2152 2545 2227 ᾧ
2573 2160 2867 2232 ἐκέχρηντο
2898 2161 3017 2215 ἀντὶ
3059 2161 3221 2215 ποτοῦ
3263 2162 3390 2233 πρὶν
3425 2162 3608 2224 αὐτοῖς
3650 2163 3772 2214 ἐπι-

2199 2250 2440 2322 δημῆσαι
2470 2251 2560 2305 τὸν
2598 2251 2801 2323 Κύριον
2827 2255 2876 2306 οἰ
2903 2254 3208 2322 Αἰγύπτιοι.
3245 2253 3353 2306 Καὶ
3375 2253 3565 2306 τούτου
3596 2253 3653 2306 δὲ
3682 2255 3772 2306 ἐκ·

2201 2342 2490 2407 κλίνοντος,
2517 2344 2738 2408 εἰκότως
2777 2346 3048 2410 στενάξειν
3080 2345 3326 2416 λέγονται
3351 2346 3447 2400 καὶ
3473 2346 3572 2410 τὰς
3595 2345 3771 2416 ψυχὰς

2210 2433 2468 2505 άλγήσειν
2487 2437 2537 2488 οἱ
2560 2435 2748 2489 τούτου
2774 2439 3012 2508 ποιηταί.
3038 2437 3222 2491 Ταῦτα
3251 2438 3349 2510 μὲν
3372 2434 3464 2492 οὖν
3490 2438 3770 2492 πείσεσθαι

2198 2525 2326 2588 τοὺς
2383 2525 2481 2596 τῆς
2528 2526 2802 2594 Αἰγύπτου
2853 2528 3110 2598 σοφιστάς
3163 2529 3394 2592 ἀπειλεῖ,
3455 2528 3772 2592 ζυθοποιούς

527 2622 584 2668 et
610 2613 834 2683 piscium
869 2624 1137 2682 captares.
1189 2617 1283 2686 qui
1330 2615 1715 2688 Egyptiacum
1766 2621 2000 2688 ﬁumen,
2050 2633 2094 2680 et

2201 2632 2352 2679 τινας
2382 2617 2476 2669 xai.
2504 2615 2647 2670 λίνου
2688 2618 2904 2688 σχιστοῦ
2939 2619 3034 2672 καὶ
3067 2618 3260 2690 βύσσου
3288 2620 3543 2691 ἐργάτας,
3573 2617 3772 2690 ἰχθύων

531 2703 868 2776 Egyptiacae
906 2707 1184 2775 sapientia:
1214 2722 1519 2766 sermonem
1551 2711 1786 2768 sollicite
1822 2724 2100 2772 curarent.

605 2883 764 2940 Vsus.
802 2886 890 2940 ll.
945 2905 965 2939 ι
1022 2886 1091 2942 Et
1143 2889 1291 2944 stulti
1333 2900 1494 2947 erunt
1536 2893 1810 2966 principes
1849 2893 2098 2968 Taneos,

530 2979 801 3049 sapientes
831 2980 1130 3036 consiliarii
1185 2983 1362 3053 regis,
1405 2987 1694 3042 consilium
1735 3004 1922 3045 eorum
1968 2991 2106 3046 iula-

2204 2723 2263 2759 τε
2305 2705 2589 2778 θηρευτὰς,
2629 2708 2722 2762 τὸν
2780 2710 3021 2780 ποταμὸν
3070 2710 3159 2764 τὸν
3200 2711 3565 2780 Αἰγυπτιακὸν
3610 2727 3772 2782 περι-

2205 2797 2453 2862 έποντας,
2490 2800 2582 2854 καί
2609 2800 2701 2853 τὸν
2731 2800 2827 2870 τῆς
2858 2801 3232 2872 Αἰγυπτιακῆς
3266 2801 3454 2872 σοφίας
3485 2802 3662 2871 λόγον.

2279 2907 2300 2940 ι
2339 2889 2449 2942 Καὶ
2480 2889 2652 2960 μωροὶ
2672 2889 2881 2942 ἔσονται
2911 2892 2959 2943 οἰ
2984 2890 3240 2961 ἄρχοντες
3267 2891 3502 2964 ξΓάνεως,
3534 2891 3584 2942 οἰ
3619 2891 3774 2958 σοφοὶ

2207 2978 2498 3050 σύμϐουλοι
2519 2980 2612 3034 τοῦ
2641 2980 2921 3050 βασιλέως,
2953 2982 2986 3051 ἡ
3013 2980 3174 3052 βουλὴ
3208 2979 3383 3034 αὐτῶν
3422 2981 3772 3052 μωρανθήσε-

528 3070 791 3125 tuabitur.
833 3089 853 3122 ι
895 3068 971 3125 lbi
1013 3073 1160 3127 enim
1199 3078 1430 3132 maxime
1471 3080 1623 3150 prius
1667 3084 1979 3141 substitisse
2027 3087 2094 3141 ait

2203 3087 2312 3126 ται.
2345 3090 2364 3122 ι
2408 3072 2494 3124 Ἐν
2522 3072 2693 3145 ταύτῃ
2721 3071 2830 3143 γάρ
2865 3072 3099 3143 μάλιστά
3128 3089 3259 3142 φησι
3288 3073 3386 3143 τὴν
3421 3076 3598 3125 πᾶσαν
3627 3089 3768 3143 μαγ-

529 3173 719 3216 omnes
764 3162 1044 3218 diabolica:
1102 3165 1423 3226 idololatria:
1479 3174 1821 3246 praestigias:
1874 3177 2102 3234 ibidem-

2202 3161 2422 3232 γανείαν
2469 3164 2568 3234 τῆς
2607 3165 2923 3235 δαιμονικῆς
2969 3163 3409 3236 εἰδωλολατρείας
3454 3165 3768 3218 συνεστάναι

529 3266 636 3322 que
675 3261 918 3324 tempore
967 3256 1165 3327 Moysis
1218 3261 1400 3316 sedem
1450 3240 1705 3322 habuisse
1748 3283 1862 3337 eos,
1910 3271 2000 3340 qui
2044 3274 2094 3327 in

2202 3255 2478 3326 πρότερον·
2517 3255 2747 3309 ἐνταῦθα
2773 3255 2830 3309 δὲ
2858 3255 2918 3308 τὸ
2961 3255 3229 3325 βασίλειον
3253 3256 3395 3326 ἔχειν
3422 3258 3543 3320 τοὺς
3579 3258 3635 3309 ἐν
3654 3257 3767 3320 τοῖς

530 3341 764 3414 Egypto
817 3347 1137 3415 regnabant.
1198 3352 1381 3418 Quare
1436 3357 1640 3412 dictum
1697 3369 1780 3416 est
1843 3363 1994 3434 signa
2045 3366 2098 3420 in

526 3437 968 3526 campo-Taneos
997 3443 1141 3496 edita
1185 3443 1373 3512 fuisse,
1408 3457 1516 3504 tam
1566 3451 1771 3523 Moysis
1817 3465 2096 3526 tempore,

527 3539 692 3594 quam
728 3521 780 3582 in
817 3533 1096 3599 prazsenti.
1136 3533 1326 3605 Itaque
1355 3521 1739 3609 peregrinante
1772 3521 2000 3604 Domino
2044 3521 2098 3607 in

527 3617 782 3690 Egypto,
819 3637 940 3676 cum
978 3623 1302 3695 Egyptiaco
1325 3628 1548 3689 ﬂumine
1574 3637 1737 3690 etiam
1771 3651 2100 3700 memoratos

527 3710 650 3765 illos
680 3713 950 3784 principes
990 3717 1264 3775 daemones
1311 3722 1656 3784 infatuandos
1697 3730 1808 3796 ait,
1858 3735 2096 3803 etiamsi,

528 3803 755 3859 absente
801 3805 1052 3875 Domino,
1094 3812 1418 3880 sapientiam
1463 3829 1650 3887 aperte
1689 3822 2095 3890 proﬁterentur.

525 3892 726 3948 Verum
757 3897 804 3952 is
838 3911 1216 3968 argumentum
1249 3905 1378 3976 ipsis
1419 3909 1635 3975 obtulit.
1676 3931 1742 3970 ac
1770 3917 1956 3983 evicit,
2003 3934 2099 3974 eos

527 3987 662 4041 nihil
689 3990 968 4056 sapientia
1002 3993 1238 4063 habere;
1269 3999 1366 4054 sed
1398 4001 1453 4056 in
1473 4002 1687 4061 Domini
1711 4006 1943 4064 adventu
1970 4025 2098 4079 vere

527 4077 722 4131 stultos
764 4095 904 4131 esse.

527 4088 722 4134 stultos
764 4095 904 4135 esse.

595 4257 757 4316 Vsus.
797 4261 882 4326 12,
921 4263 1008 4318 l5.
1047 4283 1065 4317 ι
1100 4263 1378 4332 Quomodo
1418 4272 1604 4328 dicetis
1642 4277 1787 4347 regi,
1817 4278 1938 4334 Filii
1968 4296 2098 4348 ιιι-ιιι

523 4348 742 4405 dentum
767 4369 888 4418 nos,
921 4355 1015 4411 lilii
1045 4373 1253 4429 regum,
1276 4363 1368 4430 qui
1415 4364 1481 4418 ab
1520 4365 1674 4421 initio
1705 4367 1966 4426 fuerunt?
1994 4372 2095 4428 Ubi

524 4455 665 4495 nunc
687 4443 954 4512 sapientes
981 4449 1053 4501 tui
1077 4450 1100 4502 ?
1122 4460 1176 4504 et
1200 4454 1520 4509 annuntient
1548 4458 1665 4521 tibi,
1683 4467 1739 4512 et
1761 4461 1939 4516 dicant
1967 4466 2094 4533 quid

2200 3345 2476 3410 Μωῦσέως
2517 3347 2727 3417 χρόνοις
2775 3345 3152 3416 βασιλεύοντας
3197 3347 3296 3418 τῆς
3340 3348 3636 3416 Αἰγύπτου.
3679 3345 3773 3400 Διὸ

2199 3437 2446 3490 λέλεκται
2486 3439 2544 3490 ἐν
2576 3438 2740 3509 πεδίῳ
2776 3438 2990 3502 Τάνεως
3024 3438 3092 3491 τὰ
3134 3442 3333 3510 σημεῖα
3372 3440 3669 3509 γεγονέναι,
3702 3441 3772 3494 τά

2201 3528 2293 3580 ἐπὶ
2321 3528 2600 3591 Μωῦσέως
2641 3529 2736 3582 καὶ
2765 3530 2858 3582 ἐπ)⁸
2889 3528 2983 3582 τοῦ
3017 3529 3299 3600 παρόντος.
3325 3530 3625 3603 Τοιγαροῦν
3653 3533 3770 3585 ἐπι-

2198 3619 2540 3690 δημήσαντος
2567 3620 2660 3673 τοῦ
2706 3621 2912 3693 Κυρίου
2956 3623 3022 3692 τῇ
3053 3622 3334 3693 Αἰγύπτῳ,
3375 3623 3470 3676 σὺν
3503 3622 3580 3692 τῷ
3607 3625 3765 3691 Λίγυ-

2200 3713 2340 3784 πτίῳ
2406 3712 2634 3783 ποταμῷ
2691 3714 2785 3766 καὶ
2842 3714 2968 3777 τοὺς
3033 3713 3370 3785 δηλωθέντας
3423 3715 3765 3786 ἀρχοντικοὺς

2197 3804 2454 3876 δαίμονάς
2482 3821 2631 3868 τινας
2666 3803 3112 3876 μωρανθήσεσθαί
3145 3823 3299 3877 φησι,
3338 3806 3540 3877 καίπερ
3577 3805 3762 3874 σοφίαν

2200 3895 2706 3967 ἐπαγγελλομένους
2755 3897 2845 3949 ὅτε
2899 3897 2959 3950 ού
3016 3897 3195 3968 παρῆν
3248 3897 3428 3961 αὐτοῖς
3476 3899 3505 3950 ὁ
3543 3897 3762 3968 Κύριος.

2211 3988 2370 4042 Ἀλλὰ
2413 3989 2520 4059 γάρ
2568 3988 2784 4060 ἔλεγχον
2826 3989 3007 4053 αὐτοῖς
3057 3991 3354 4061 ἐπήγαγεν,
3395 3991 3471 4054 ὡς
3513 3990 3768 4060 οὐδεμιᾶς

2201 4081 2444 4149 μετεῖχον
2475 4079 2693 4147 σοφίας·
2735 4080 2906 4149 μωροὶ
2943 4079 3000 4132 δὲ
3044 4074 3184 4150 ἦσαν
3229 4079 3442 4152 άληθῶς
3481 4080 3539 4133 ἐν
3567 4083 3633 4152 τῇ
3672 4078 3767 4133 τοῦ

2199 4171 2404 4242 Κυρίου
2433 4171 2705 4241 παρουσία

2273 4282 2291 4313 ι
2334 4262 2457 4327 Πῶς
2486 4264 2656 4333 ἐρεῖτε
2687 4261 2764 4333 τῷ
2788 4262 3010 4332 βασιλεῖ,
3039 4263 3157 4316 Υἱοὶ
3188 4263 3421 4318 συνετῶν
3451 4266 3631 4335 ἡμεῖς,
3656 4263 3766 4318 υἱοί⁵

2199 4355 2458 4426 βασιλέων
2499 4355 2606 4408 τῶν
2641 4354 2699 4420 ἐξ
2727 4355 2931 4426 ἀρχῆς;
2959 4355 3069 4408 Ποῦ
3109 4357 3214 4409 εἰσι
3238 4355 3331 4410 νῦν
3374 4357 3422 4410 οἰ
3455 4355 3603 4425 σοφοί
3637 4374 3767 4422 σου;

2197 4447 2288 4499 καὶ
2330 4445 2804 4515 ἀναγγειλάτωσάν
2851 4463 2951 4510 σοι,
2993 4447 3082 4500 καὶ
3138 4450 3448 4502 εἰπάτωσαν
3488 4449 3539 4502 τί
3581 4448 3770 4519 βεϐού-

525 4532 732 4630 consilii
782 4537 956 4591 inierit
996 4539 1252 4597 Dominus
1287 4543 1526 4600 Sabaoth
1575 4563 1736 4619 super
1778 4532 2091 4623 Egyptum.

2199 4537 2379 4590 λευται
2418 4537 2621 4606 Κύριος
2667 4537 2890 4591 Σαϐαὼθ
2935 4539 3020 4591 ἐπ’
3057 4540 3351 4607 Αἴγυπτον.
3411 4541 3686 4607 Ἐξέλιπον
3717 4541 3769 4594 οἰ

525 4619 844 4677 Delecerunt
875 4626 1143 4697 principes
1165 4628 1394 4696 Taneos,
1413 4641 1468 4685 et
1487 4633 1707 4688 exaltati
1743 4619 1873 4690 sunt
1885 4619 2091 4709 princi-

525 4725 618 4778 pes
643 4711 968 4781 Mempheos,
991 4729 1045 4771 et
1064 4733 1249 4776 errare
1268 4722 1465 4779 facient
1481 4724 1772 4796 Egyptum
1794 4730 2088 4784 secundum

527 4800 714 4855 tribus.
747 4820 765 4853 ι
795 4803 928 4858 Cum
967 4821 1069 4860 non
1093 4809 1319 4880 amplius
1357 4827 1538 4884 regem
1571 4815 1837 4881 habeatis,
1867 4833 2089 4887 quomo-

521 4889 592 4944 do
615 4893 841 4959 petestis
871 4895 937 4949 de
971 4900 1248 4965 prudentia
1268 4902 1527 4972 gloriari?
1545 4905 1823 4971 Quomodo
1844 4918 2085 4963 veterum

524 4995 704 5046 regum
748 4982 890 5037 lilios
912 5001 1008 5040 vos
1047 5001 1168 5043 esse
1205 4991 1415 5058 dicitis,
1452 4993 1642 5059 Orum,
1682 4995 1788 5052 Isin
1827 5009 1880 5052 et
1909 4997 2088 5054 Osirin

520 5081 574 5126 et
601 5069 914 5141 Typhonem
947 5077 1286 5147 objicientes,
1311 5096 1475 5152 atque
1492 5084 1803 5152 iactitantes
1839 5090 2088 5155 deorum,

520 5162 741 5214 heroum
781 5172 835 5217 et
859 5178 1189 5223 mortuorum
1230 5186 1426 5239 genera
1467 5175 1592 5228 olim
1628 5177 1680 5231 in
1721 5177 1955 5249 Egypto
1989 5181 2090 5234 im-

521 5268 739 5320 perasse
771 5273 784 5307 :
812 5272 1038 5322 quorum
1073 5263 1293 5316 deorum
1316 5272 1369 5317 et
1400 5279 1580 5335 regunt
1618 5284 1734 5332 vos,
1777 5286 1828 5323 tn
1859 5272 2090 5340 prophe-

521 5343 590 5392 tia
629 5343 849 5398 indicati
879 5348 1150 5418 principes
1177 5351 1388 5407 Taneos
1417 5364 1471 5408 et
1501 5354 1833 5426 Mempheos,
1868 5360 2006 5415 ﬁlios
2031 5370 2086 5415 et

521 5443 739 5498 nepotes
768 5451 893 5491 esse
941 5440 1203 5495 dictitatis
1233 5442 1256 5494 ἰ
1290 5443 1405 5510 Qua
1451 5447 1658 5502 ratione
1688 5451 1761 5502 dii
1797 5466 1862 5505 ac
1909 5453 2085 5506 omnis

521 5523 792 5586 sapientia:
825 5536 1098 5582 consortes
1127 5544 1247 5584 esse
1272 5533 1511 5598 potestis,
1541 5537 1630 5604 qui
1655 5551 1824 5606 neque
1850 5537 2083 5592 futuram

521 5623 750 5666 vestram
787 5617 1210 5674 confutationem
1246 5623 1541 5691 prwvidcre
1564 5627 1642 5680 vel
1665 5629 1958 5696 praedicere
1989 5646 2086 5699 po-

2194 4628 2454 4701 ἄρχοντες
2493 4629 2729 4692 Τάνεως,
2761 4629 2854 4682 καὶ
2897 4628 3189 4701 ὑψώθησαν
3229 4635 3278 4684 οἰ
3314 4633 3570 4704 ἄρχοντες
3613 4632 3770 4702 Μέμ-

2195 4737 2358 4789 φεως,
2385 4719 2478 4772 καὶ
2516 4719 2845 4790 πλανήσουσι
2874 4720 2970 4791 τὴν
3012 4721 3285 4790 Αἴγυπτον
3331 4723 3470 4777 κατὰ
3517 4723 3707 4792 φυλάς.
3743 4742 3761 4774 ι

2191 4811 2405 4882 Μηκέτι
2441 4810 2548 4882 γὰρ
2585 4811 2920 4883 ὑπάρχοντος
2954 4812 3082 4882 ὑμῖν
3125 4814 3403 4884 βασιλέως,
3439 4833 3556 4878 πως
3585 4812 3686 4868 οἷοί
3707 4815 3769 4869 τέ

2190 4904 2314 4956 ἐστε
2342 4903 2435 4956 ἐπὶ
2456 4902 2665 4957 συνέσει
2691 4905 3047 4975 σεμνύνεσθαι
3067 4923 3082 4971 ;
3105 4906 3228 4970 Πῶς
3254 4906 3310 4959 δὲ
3335 4907 3484 4970 υἱοὺς
3502 4906 3769 4977 βασιλέων

2191 4992 2436 5046 παλαιῶν
2474 4994 2697 5059 ἑαυτοὺς
2739 4991 2876 5049 εἶναι
2916 5014 3074 5066 φατε,
3116 4993 3302 5068 Ὦρον,
3339 4998 3432 5050 καὶ
3472 5000 3627 5063 Ἶσιν,
3671 4999 3768 5052 καὶ

2194 5087 2406 5157 Ὄσιριν
2429 5085 2850 5157 προϐαλλόμενοι
2867 5090 2959 5142 καὶ
2987 5087 3222 5157 Τυφῶνα
3240 5089 3374 5159 (23),
3390 5089 3481 5142 καὶ
3500 5089 3654 5155 θεῶν,
3673 5092 3770 5145 καὶ

2193 5176 2406 5248 ἡρώων,
2443 5178 2536 5230 καὶ
2580 5177 2785 5233 νεκύων
2817 5180 2946 5251 γένη
2979 5181 3275 5248 φάσκοντες
3313 5182 3404 5234 τὸν
3447 5183 3612 5236 πάλαι
3637 5183 3769 5254 χρόο

2192 5288 2282 5324 νον
2309 5271 2418 5340 ετῆς
2460 5270 2734 5338 Αἰγύπτου
2784 5272 3205 5342 κεκρατηκέναι,
3246 5266 3320 5325 ὧν
3357 5273 3493 5325 θεῶν
3539 5275 3630 5326 καὶ
3673 5272 3770 5343 βα-

2195 5362 2386 5414 σιλέων
2409 5361 2556 5425 υἱοὺς
2583 5363 2676 5415 καὶ
2703 5361 2998 5431 ἀπογόνους
3031 5363 3254 5426 ἑαυτοὺς
3281 5359 3418 5416 εἷναί
3449 5382 3587 5434 φατε
3611 5365 3770 5436 ὑμεῖς

2191 5454 2238 5504 οἰ
2271 5453 2359 5504 διὰ
2399 5452 2496 5522 τῆς
2532 5453 2865 5522 προφητείας
2904 5451 3221 5523 δηλούμενοι
3253 5455 3512 5525 ἄρχοντες
3551 5456 3772 5520 Τάνεως

2195 5543 2288 5594 καὶ
2328 5542 2636 5611 Μέμφεωςς
2667 5542 2790 5606 Πῶς
2829 5543 2873 5594 δ’
2915 5543 2980 5596 ἂν
3012 5542 3158 5614 εἴητε
3187 5543 3297 5598 θεοὶ
3325 5545 3357 5614 ἢ
3388 5549 3569 5601 πᾶσαν
3605 5563 3771 5616 μετα-

2197 5641 2413 5702 σχοίητε
2468 5633 2678 5700 σοφίαν,
2735 5633 2868 5704 μηδὲ
2925 5633 3206 5704 δυνάμενοι
3269 5635 3577 5706 προγνῶναι
3631 5636 3768 5706 μηδέ

591 5808 701 5874 (2'5)
745 5808 792 5864 S.
824 5811 1196 5882 Hieronymus,
1231 5837 1248 5869 ι
1291 5829 1356 5874 ιιι
1378 5821 1504 5879 deos
1527 5831 1775 5882 auctores
1816 5825 1990 5888 aeutis
2013 5827 2268 5888 simulent
2297 5831 2468 5890 Oron,
2496 5839 2550 5886 et
2587 5829 2714 5891 lrin.
2747 5840 2800 5887 et
2828 5831 3031 5893 Osirin.
3061 5843 3116 5892 et
3151 5834 3484 5893 Tvohoncm.
3530 5853 3552 5888 ι
