4118 6384
335 365 443 420 229

1291 360 1801 420 ΟΟΜΜΕΝΤΑΒΙΑ
1838 359 1906 415 IN
1944 358 2203 416 ISAIAM.
2244 393 2313 402 —
2351 358 2507 415 CAP.
2550 356 2694 417 XIX.

3498 358 3604 420 230

334 487 738 560 προαγορεῦσαι
761 486 852 539 τὸν
896 485 1161 557 ὑμέτερον
1196 484 1415 556 ἔλεγχον
1452 486 1545 540 καὶ
1576 485 1675 555 τὴν
1697 484 1796 556 τῆς
1820 483 1917 554 βα-

2026 484 2198 550 testis,
2231 497 2409 553 neque
2438 481 2758 536 solutionem
2791 477 2940 549 regni
2966 492 3177 543 eorum,
3213 489 3443 546 quorum
3471 492 3603 533 con-

335 581 538 645 σιλείας
569 580 861 635 κατάλυσιν
888 577 1093 632 τούτων
1131 568 1206 631 ὧν
1241 577 1564 648 ἐτυγχάνετε
1601 575 1915 648 σύμϐουλοι,

336 673 431 737 οὒς
458 676 551 728 καὶ
574 672 882 745 ἐπιτρίϐετε
910 672 1193 735 παντοίαις
1215 670 1444 735 πλάναις
1468 669 1913 742 περιϐάλλοντες;

418 787 440 821 ι
473 766 675 839 Κύριος
722 765 830 836 γὰρ
889 765 1150 836 ἐκέρασεν
1200 765 1382 828 αὐτοῖς
1446 762 1662 833 πνεῦμα
1714 762 1919 833 πλανή-

348 874 503 923 σεως,
538 856 632 909 καὶ
674 854 986 925 ὲπλάνησαν
1028 855 1125 927 τὴν
1178 856 1452 923 Αἴγυπτον
1486 856 1544 907 ἐν
1610 854 1744 907 πᾶσι
1805 855 1919 915 τοῖς

345 948 527 1021 ἔργοις
550 946 749 1010 αὐτῶν,
781 946 855 1009 ὡς
898 946 1217 999 πλανᾶταιὸ
1250 945 1461 1017 μεθύων
1522 947 1614 998 καὶ
1680 945 1709 996 6
1770 943 1917 1013 ἐμῶν

343 1040 477 1109 ἅμα.
522 1057 541 1089 ›
577 1036 978 1107 Τεκμαίρεσθαι
1008 1035 1063 1088 δέ
1098 1036 1212 1088 ἐστι
1237 1035 1410 1106 ταύτῃ
1446 1036 1543 1105 τῆς
1606 1033 1773 1104 μέθης
1819 1030 1917 1101 τὴν

343 1129 647 1201 ὑπερϐολὴν
670 1129 776 1183 ἀπὸ
806 1127 899 1180 τοῦ
936 1128 1067 1198 μηδέ
1097 1128 1298 1198 ὁμοίως
1330 1129 1443 1189 τοῖς
1469 1126 1673 1188 λοιποῖς
1706 1123 1918 1195 ἀνθρώ-

341 1239 463 1284 ποις
493 1220 973 1291 είδωλολατρεῦσαι
1003 1220 1222 1282 αὐτοὺς,
1258 1219 1510 1271 ἐκπεσεῖν
1549 1217 1606 1270 δὲ
1633 1216 1724 1270 καὶ
1758 1215 1916 1285 μέχρι

336 1314 436 1385 τῆς
469 1315 576 1367 τῶν
600 1313 809 1382 ἀλόγων
842 1311 995 1377 ζώων
1034 1312 1100 1366 ἂν
1134 1312 1592 1380 εἰδωλοποιήσεως
1622 1327 1635 1339 ·
1696 1309 1776 1362 διὸ
1840 1307 1919 1360 λέ-

336 1407 548 1471 λεκται,
586 1424 605 1457 ‹
637 1406 723 1469 Ὠς
756 1406 1018 1459 πλανᾶται
1049 1408 1077 1457 6
1112 1403 1324 1474 μεθύων
1348 1403 1442 1457 καὶ
1466 1404 1494 1455 6
1526 1400 1673 1473 ἐμῶν
1719 1400 1855 1471 ἅμα.
1893 1418 1911 1449 ι

340 1497 578 1571 Τοιαύτῃ
608 1500 715 1550 τινὶ
781 1497 920 1569 μέθῃ
979 1495 1078 1558 τὰς
1112 1494 1219 1549 τῶν
1253 1494 1565 1564 Αἰγυπτίων
1603 1491 1916 1563 ἐπλάνησαν

338 1587 519 1659 ψυχὰς
550 1590 595 1640 οἰ
620 1586 944 1658 δηλωθέντες
972 1585 1227 1656 ἄρχοντες
1261 1584 1478 1647 Τάνεως
1503 1583 1597 1636 καὶ
1616 1584 1914 1654 Μέμφεως,

334 1674 418 1743 οἷς
470 1679 631 1742 αὐτὸς
673 1681 700 1732 6
746 1678 949 1747 Κύριος
982 1677 1269 1749 πνεύματα
1307 1676 1625 1746 πλανήσεως
1661 1675 1914 1745 ἐκέρασε.

335 1772 597 1842 Δαίμονες
618 1771 726 1843 γὰρ
750 1770 901 1834 ὄντες
927 1770 1153 1841 πονηροὶ
1182 1770 1276 1823 καὶ
1305 1770 1564 1838 δυνάμεις
1605 1769 1915 1839 ἀντικείμε-

336 1882 445 1929 ναι,
477 1864 695 1918 ἐναντία
726 1862 801 1933 τῷ
835 1862 951 1933 Θεῷ
978 1863 1258 1934 ἐφρόνουν,
1294 1862 1388 1915 καὶ
1429 1862 1715 1932 θεομαχεῖν
1769 1862 1916 1914 ἐπει-

337 1954 531 2026 ρῶντο.
558 1953 648 2006 Διὸ
683 1953 1060 2023 παρεδόθησαν
1087 1951 1282 2024 πλάνῃ,
1313 1951 1407 2004 τοῦ
1464 1951 1598 2004 Θεοῦ
1633 1952 1917 2022 κρίναντος

337 2046 573 2112 ἐπαξίως
601 2046 700 2116 τῆς
722 2046 988 2118 πονηρίας
1029 2045 1207 2099 αὐτῶν
1238 2044 1413 2116 πλάνῃ
1447 2043 1780 2115 παραδοῦναι
1822 2045 1918 2098 αύ-

338 2138 482 2203 τούς.
516 2140 579 2191 Oi
607 2139 664 2192 δὲ
694 2138 791 2210 τὴν
823 2137 970 2208 σφῶν
1022 2137 1219 2191 κακίαν
1255 2137 1347 2189 ἐπὶ
1398 2137 1525 2200 τοὺς
1567 2136 1916 2205 Αἰγυπτίους,

339 2230 527 2303 ὥσπερ
563 2230 686 2283 τινὰ
718 2230 793 2284 ἰὸν
823 2229 1196 2301 θανατηφόρον
1220 2227 1431 2298 διέχεαν
1450 2269 1467 2295 ,
1495 2228 1589 2283 καὶ
1612 2229 1918 2299 ἐπλάνησαν

339 2321 439 2392 τὴν
472 2321 765 2389 Αἴγυπτον,
807 2340 824 2371 ι
866 2320 952 2381 Ὠς
976 2318 1243 2372 πλανᾶται
1282 2320 1311 2371 6
1337 2317 1549 2389 μεθύων
1578 2318 1672 2371 καὶ
1701 2320 1730 2371 6
1770 2319 1919 2390 ἐμῶν

342 2415 478 2486 ἅμα.
512 2434 530 2466 ι
570 2412 730 2466 Ἀλλὰ
771 2411 1096 2466 καὶτούτων
1138 2410 1313 2465 αὐτῶν
1369 2410 1531 2482 χάριν
1574 2411 1833 2482 ἐπεδήμει
1892 2413 1921 2464 6

340 2506 545 2577 Κύριος
575 2509 639 2577 τῇ
666 2504 947 2575 Αἰγύπτῳ,
977 2504 1084 2570 ἵνα,
1111 2506 1310 2568 αὐτοὺς
1342 2504 1438 2575 τῆς
1490 2504 1697 2575 πλάνης
1730 2505 1922 2577 ἀνανῆ-

337 2598 438 2667 ψαι
476 2600 728 2669 ποιήσας,
753 2597 970 2669 μακρὰν
1000 2596 1180 2651 αὐτῶν
1204 2596 1552 2670 άποσκεδάσῃ
1578 2599 1703 2661 τοὺς
1736 2597 1916 2661 λαούς.

414 2799 433 2830 ι
464 2779 576 2833 Καὶ
621 2780 720 2833 οὐκ
758 2778 909 2833 ἔσται
955 2780 1067 2841 τοῖς
1093 2778 1411 2847 Αἰγυπτίοις
1442 2776 1599 2849 ἔργον
1625 2776 1654 2829 ὃ
1707 2778 1921 2848 ποιήσει

340 2872 583 2944 κεφαλὴν
622 2872 717 2925 καὶ
779 2870 968 2943 οὐρὰν,
998 2869 1172 2942 ἀρχὴν
1214 2871 1308 2923 καὶ
1355 2868 1526 2932 τέλος.
1560 2887 1578 2921 ι
1630 2868 1922 2936 Ἀπρακτα

338 2964 448 3034 γὰρ
470 2964 652 3027 αὐτοῖς
682 2962 885 3017 ἐστιτὰ
912 2961 1278 3035 ἐνεργούμενα
1301 2962 1369 3015 τὰ
1393 2960 1562 3015 πολλά
1591 2961 1719 3034 παρ’
1740 2962 1923 3024 αὐτοῖς

338 3056 751 3127 ἐπιτελούμενα,
775 3055 850 3118 ὡς
895 3054 1031 3126 μηδέ
1058 3054 1217 3126 ἔργον
1244 3057 1302 3108 ἐν
1324 3054 1508 3117 αὐτοῖς
1554 3055 1691 3125 μήτε
1750 3053 1922 3126 ἀρχὴν

2020 574 2207 631 siliarii
2245 574 2398 637 estis,
2432 586 2570 641 quos
2614 571 2778 625 etiam
2812 570 3148 639 opprimitis,
3183 568 3309 624 dum
3338 568 3606 624 omnimo-

2019 669 2102 723 dis
2128 667 2404 723 erroribus
2435 668 2582 735 ipsos
2611 663 2954 734 complicatis
2977 663 3001 717 ?

2088 760 2254 816 Vens.
2282 760 2402 814 ΗΑ
2435 759 2692 813 Dominus
2714 757 2855 811 enim
2884 757 3096 812 miscuit
3126 755 3205 811 eis
3241 755 3488 825 spiritum
3515 767 3607 809 er-

2018 854 2179 917 roris,
2213 861 2268 907 et
2291 866 2478 906 errare
2503 851 2748 905 fecerunt
2782 848 3079 919 Aﬁgyptum
3110 849 3162 902 in
3189 849 3442 905 omnibus
3481 863 3607 916 ope-

2019 945 2170 999 ribus
2197 944 2460 1013 ipsorum,
2490 950 2549 996 ut
2571 951 2718 995 errat
2757 941 2846 1009 qui
2888 940 3080 996 ebrius
3105 951 3204 1003 est,
3230 950 3282 995 et
3319 942 3409 1011 qui
3440 940 3608 995 vomit

2018 1035 2202 1090 simul.
2247 1055 2264 1086 ›
2297 1034 2433 1088 llinc
2475 1047 2637 1103 porro
2683 1032 3091 1099 coniectandum
3127 1042 3209 1086 est
3242 1041 3480 1101 quantus
3531 1031 3608 1086 ibi

2020 1127 2183 1181 fuerit
2214 1124 2496 1180 ebrietatis
2546 1138 2825 1185 excessus,
2870 1125 3013 1191 quod
3041 1138 3147 1177 non
3190 1125 3414 1192 perinde
3439 1134 3605 1193 atque

2018 1218 2201 1273 czeteri
2256 1217 2505 1271 homines
2552 1214 2873 1269 idololatriae
2915 1216 3079 1270 dediti
3131 1226 3347 1281 essent,
3394 1216 3485 1270 sed
3539 1230 3607 1270 eo

2018 1324 2190 1379 usque
2219 1309 2549 1363 decidissent
2578 1306 2906 1375 impietatis,
2939 1314 2998 1359 ut
3033 1306 3315 1361 brutorum
3360 1306 3608 1360 animan-

2018 1401 2152 1454 tium
2181 1400 2470 1455 simulacra
2500 1399 2779 1463 facerent;
2810 1413 2980 1467 quare
3004 1398 3202 1452 dictum
3227 1406 3330 1463 est,
3368 1417 3387 1449 ι
3426 1397 3496 1453 Ut
3515 1413 3606 1452 er-

2019 1500 2103 1545 rat
2134 1493 2227 1561 qui
2263 1492 2443 1547 ebrius
2475 1501 2577 1555 est,
2614 1498 2668 1544 et
2690 1489 2779 1558 qui
2816 1490 2982 1543 vomit
3023 1489 3201 1543 simul.
3238 1508 3257 1541 ι
3300 1490 3380 1544 Ad
3426 1490 3607 1558 hujus-

2016 1584 2161 1639 modi
2181 1584 2501 1639 ebrietatem
2538 1581 2779 1653 praedicti
2810 1581 3081 1650 principes
3116 1581 3328 1637 Taneos
3351 1590 3417 1637 “et
3440 1583 3608 1636 Mem-

2018 1676 2184 1745 pheos
2210 1674 2584 1745 Egyptiorum
2608 1673 2817 1728 animas
2854 1672 3228 1741 deduxerunt,
3254 1674 3447 1742 quibus
3493 1675 3609 1744 ipse

2021 1767 2275 1821 Dominus
2297 1768 2519 1836 spiritus
2554 1765 2757 1821 erroris
2792 1765 3033 1821 miscuit.
3061 1764 3195 1819 Nam
3243 1781 3367 1821 cum
3409 1767 3611 1821 daemo-

2018 1873 2114 1912 nes
2148 1857 2368 1927 maligni
2412 1865 2469 1911 et
2522 1855 2847 1910 adversariae
2896 1864 3191 1924 potestates
3244 1864 3460 1921 essent,
3500 1855 3610 1911 Deo

2017 1949 2329 2003 adversaria
2364 1945 2691 2015 sentiebant,
2724 1963 2788 2002 ac
2816 1955 3005 2002 contra
3033 1947 3196 2002 Deum
3234 1963 3476 2019 pugnare
3514 1963 3611 2005 co-

2018 2040 2308 2096 nabantur.
2346 2038 2706 2105 Quamobrem
2754 2038 2926 2094 errori
2985 2039 3164 2093 traditi
3214 2049 3373 2106 sunt,
3424 2043 3612 2095 decer-

2017 2141 2182 2187 nente
2200 2132 2332 2196 Deo,
2367 2130 2510 2200 quod
2538 2129 2790 2200 nequitiae
2811 2144 2997 2185 eorum
3016 2139 3441 2185 consentaneum
3467 2140 3610 2195 erat,

2018 2230 2080 2276 ut
2107 2221 2281 2275 errori
2313 2220 2677 2276 traderentur.
2723 2220 2802 2276 llli
2849 2236 2980 2275 vero
3013 2222 3295 2286 malitiam,
3331 2237 3430 2276 ceu
3461 2223 3611 2278 virus

2020 2313 2293 2383 quoddam
2348 2312 2690 2380 lethiferum,
2721 2314 2773 2369 in
2822 2313 3110 2387 Egyptios
3155 2313 3506 2381 diil‘uderunt,
3553 2324 3611 2371 et

2018 2405 2312 2477 Egyptum
2344 2404 2397 2459 in
2430 2419 2670 2461 errorem
2696 2406 3047 2470 induxerunt,
3081 2424 3101 2459 ι
3140 2406 3210 2462 Ut
3243 2417 3392 2463 errat
3417 2409 3486 2473 is,
3513 2408 3609 2479 qui

2019 2496 2202 2551 ebrius
2226 2502 2330 2560 est,
2362 2503 2416 2549 et
2445 2494 2538 2564 qui
2569 2496 2736 2549 vomit
2764 2496 2942 2551 simul.
2970 2516 2987 2548 ι
3011 2497 3208 2554 Verum
3234 2512 3423 2553 eorum
3444 2514 3611 2554 causa

2021 2585 2161 2640 Deus
2196 2584 2249 2639 in
2285 2584 2518 2656 Egypto
2557 2587 3031 2655 peregrinabatur,
3066 2599 3146 2653 ul,
3170 2588 3276 2644 illis
3316 2589 3383 2644 ab
3425 2605 3613 2646 errore

2021 2676 2286 2740 deductis,
2313 2676 2541 2745 populos
2573 2676 2639 2730 ab
2664 2677 2742 2731 eis
2764 2678 2952 2746 procul
2995 2680 3315 2735 dimoveret.

2093 2769 2257 2825 Vens.
2297 2768 2383 2823 15.
2416 2787 2435 2822 ι
2472 2769 2536 2824 Ει
2565 2785 2670 2824 non
2718 2772 2822 2826 erit
2852 2768 3125 2841 Egyptiis
3150 2786 3309 2842 Opus,
3333 2774 3478 2843 quod
3527 2772 3613 2827 fa-

2022 2861 2130 2916 ciat
2168 2868 2329 2931 caput
2364 2868 2419 2916 et
2450 2861 2698 2926 caudam,
2732 2862 3057 2931 principium
3090 2870 3143 2916 et
3190 2862 3373 2918 ﬁnem.
3414 2882 3434 2916 ι
3470 2862 3613 2919 Infe—

2018 2960 2108 3006 cta
2151 2952 2349 3022 quippe
2392 2960 2521 3007 sunt
2578 2950 2685 3005 illis
2724 2965 2887 3021 opera
2932 2952 3101 3006 multa
3154 2967 3275 3022 qua:
3309 2954 3447 3024 apud
3487 2954 3613 3008 illos

2022 3044 2448 3112 perﬁciebantur
2479 3084 2496 3108 ,
2533 3042 2605 3097 ita
2638 3052 2697 3097 ut
2724 3058 2858 3114 Opus
2881 3057 3045 3113 penes
3079 3044 3196 3099 illos
3229 3060 3336 3100 non
3376 3046 3614 3115 reperia-

340 3146 504 3217 εχειν,
534 3147 670 3217 μήτε
688 3144 860 3208 τέλος,
891 3144 985 3197 τοῦ
1020 3144 1225 3213 Κυρίου
1259 3144 1355 3196 καὶ
1382 3142 1562 3206 τοῦτο,
1595 3143 1670 3206 ὡς
1692 3140 1917 3211 ἀγαθοῦ,

2024 3140 2133 3199 tur,
2172 3136 2314 3203 quod
2343 3134 2427 3189 vel
2458 3133 2777 3202 principium
2808 3134 2891 3188 vel
2924 3134 3082 3188 linem
3115 3135 3612 3205 habeathDomino,

343 3237 742 3308 ἐργασαμένου.
779 3235 958 3289 Πολλά
990 3235 1089 3306 μὲν
1116 3235 1225 3306 γὰρ
1260 3236 1319 3286 ἐν
1343 3237 1409 3306 τῇ
1447 3237 1577 3307 παρ’
1602 3235 1918 3304 Αἰγυπτίοις

344 3326 591 3396 πολυθέῳ
620 3325 797 3397 πλάνῃ
830 3324 965 3397 ἔργα
1000 3326 1175 3397 ἀρχὴν
1204 3325 1395 3396 ἔχοντα
1424 3322 1490 3398 ἦν
1520 3326 1614 3379 καὶ
1644 3326 1796 3390 τέλος
1832 3342 1920 3379 νο-

349 3419 612 3491 μιζομένῃ
638 3418 946 3489 ἀκολουθίᾳ.
972 3418 1130 3471 Κατὰ
1149 3419 1206 3474 δὲ
1228 3420 1353 3483 τοὺς
1375 3419 1775 3491 δεδηλωμένους
1799 3420 1923 3491 χρό-

343 3527 468 3573 νους
496 3510 594 3581 τῆς
636 3509 729 3563 τοῦ
778 3510 982 3581 Κυρίου
1023 3511 1102 3573 εἰς
1147 3511 1343 3574 αὐτοὺς
1386 3511 1684 3584 παρουσίας
1740 3510 1922 3564 οὐκέτι

342 3605 564 3658 ἔσεσθαι
588 3604 718 3675 παρ’
745 3604 929 3668 αὐτοῖς
963 3602 1123 3674 ἔργον
1161 3602 1400 3656 τοιοῦτον
1427 3604 1628 3675 πλῆρες
1660 3603 1756 3655 καὶ
1808 3601 1924 3655 ὁλό-

340 3695 540 3767 κληρον
567 3695 659 3748 καὶ
677 3694 880 3747 τέλειον
898 3711 911 3724 ο
950 3693 1065 3746 ἀλλ’
1094 3695 1143 3747 εἰ
1172 3695 1267 3748 καὶ
1293 3694 1489 3765 εὑρεθῇ
1529 3693 1581 3747 τί
1613 3710 1764 3756 ποτε,
1790 3691 1922 3746 ἀκέ-

338 3787 504 3856 φαλον
546 3787 698 3840 ἔσται
730 3788 822 3841 καὶ
844 3788 1097 3858 ἄναρχον,
1135 3786 1322 3849 ἀτελές
1358 3804 1417 3839 τε
1451 3787 1545 3839 καὶ
1603 3785 1923 3857 ἀσυμπέρα-

342 3896 465 3932 στον
493 3895 506 3908 ’
555 3879 583 3931 ὃ
631 3878 696 3949 δὴ
752 3879 847 3932 καὶ
901 3878 1049 3931 ἐστιν
1078 3877 1224 3949 ἔργῳ
1260 3876 1595 3947 παραλαϐεῖν
1619 3894 1632 3907 ·
1676 3871 1797 3929 ἐπεὶ
1828 3875 1922 3928 καὶ

338 3969 619 4024 ἐκλέλοιπε
644 3968 923 4031 παντελῶς
952 3967 1131 4021 αὐτῶν
1160 3970 1193 4038 ἡ
1217 3966 1647 4038 εἰδωλολατρεία.
1681 3966 1921 4021 Τοιαῦτα

336 4062 396 4116 δέ
422 4064 537 4114 ἐστι
575 4063 711 4133 μήτε
764 4058 1003 4130 κεφαλὴν
1049 4057 1193 4128 ἔχειν
1257 4060 1394 4129 μήτε
1443 4059 1596 4124 τέλος
1641 4063 1719 4126 εἰς
1767 4059 1921 4114 λόγον

346 4135 531 4209 ἰκιίνού
542 4170 694 4208 αενα.

418 4353 436 4385 ι
478 4333 556 4404 Τῇ
586 4332 768 4404 ἡμέρα
792 4332 973 4403 ἐκείνῃ
998 4331 1213 4385 ἔσονται
1241 4329 1529 4400 Αἰγύπτιοι
1556 4331 1633 4394 ὡς
1666 4334 1922 4400 γυναῖκες

341 4424 400 4476 ἐν
436 4423 624 4495 τρόμῳ
651 4422 746 4475 καὶ
790 4423 847 4477 ἐν
900 4421 1049 4492 φόϐῳ
1081 4421 1189 4475 ἀπὸ
1248 4420 1536 4491 προσώπου
1586 4424 1685 4492 τῆς
1740 4423 1921 4495 χειρὸς

2025 3234 2210 3296 utpote
2240 3229 2401 3292 bono,
2451 3229 2555 3282 hoc
2585 3229 2656 3281 ita
2699 3239 3011 3298 peragente.
3041 3226 3322 3297 Siquidem
3361 3227 3413 3282 in
3446 3227 3613 3299 Egy-

2022 3319 2199 3387 ptiaca
2221 3319 2509 3373 multorum
2540 3319 2821 3373 numinum
2854 3319 3260 3388 superstitione,
3284 3318 3449 3373 multa
3480 3335 3614 3388 ope—

2022 3425 2081 3464 ra
2136 3410 2458 3480 principium
2506 3419 2561 3466 et
2607 3411 2790 3477 tinent,
2836 3410 3132 3465 secundum
3183 3420 3489 3480 reputatam
3541 3411 3613 3473 ibi

2022 3504 2244 3567 seriem,
2286 3504 2577 3560 habebant.
2620 3507 2688 3560 At
2726 3516 3026 3561 memorato
3063 3508 3328 3563 Dominici
3382 3508 3448 3561 ad
3494 3507 3615 3560 illos

2023 3596 2286 3651 adventus
2310 3598 2663 3665 tempore,ait
2694 3612 2799 3651 non
2824 3598 2962 3651 ultra
2992 3598 3106 3653 fore
3138 3614 3303 3667 penes
3330 3598 3450 3654 illos
3479 3614 3616 3668 opus

2022 3685 2328 3755 hujusmodi
2373 3686 2612 3755 plenum,
2656 3686 2925 3755 integrum
2974 3696 3026 3741 et
3056 3688 3394 3755 perfectum;
3437 3690 3531 3742 sed
3565 3688 3612 3743 si

2023 3775 2311 3846 quodpiam
2335 3776 2703 3844 hujuscemodi
2737 3777 3058 3847 reperiatur,
3082 3778 3256 3848 ipsum
3281 3779 3401 3834 sine
3433 3780 3614 3848 capite

2023 3880 2079 3923 et
2118 3869 2408 3939 principio,
2465 3870 2583 3924 sine
2631 3870 2863 3924 termino
2911 3879 2966 3924 et
3014 3872 3121 3926 ﬁne
3172 3872 3411 3927 futurum
3464 3887 3608 3927 esse.

2023 3958 2177 4025 Quod
2214 3960 2377 4014 etiam
2434 3960 2550 4028 ipso
2595 3974 2757 4027 opere
2806 3962 3129 4028 completum
3181 3964 3617 4018 animadvertere

2022 4064 2146 4121 est;
2178 4071 2300 4109 nam
2338 4054 2644 4110 idololatria
2674 4054 2888 4124 penitus
2910 4056 3124 4114 defecit.
3146 4056 3258 4128 (24)
3285 4055 3417 4110 lllud
3448 4070 3613 4126 porro

2023 4154 2127 4211 est,
2149 4162 2322 4216 neque
2356 4159 2517 4217 caput
2545 4165 2720 4220 neque
2756 4150 2916 4205 linem
2952 4150 3170 4216 habere,
3207 4159 3264 4204 ut
3295 4149 3429 4205 satis
3457 4164 3611 4203 com-

2024 4249 2382 4295 monstratum
2413 4252 2514 4296 88L

2095 4331 2260 4388 Vens.
2288 4333 2372 4388 16.
2412 4353 2429 4385 ι
2468 4333 2523 4388 In
2561 4334 2649 4390 die
2699 4336 2788 4391 illa
2832 4344 2994 4391 erunt
3022 4334 3275 4406 'zEgyptii
3305 4334 3453 4390 velut
3490 4348 3610 4389 mu-

2022 4421 2183 4477 lieres
2232 4424 2284 4477 in
2325 4435 2558 4481 tremore
2590 4434 2644 4481 et
2690 4428 2745 4481 in
2794 4428 2984 4482 timore
3020 4443 3049 4481 a
3091 4428 3230 4482 facie
3277 4443 3470 4483 manus
3511 4429 3610 4484 Do-

341 4514 547 4585 Κυρίου
590 4512 835 4576 Σαϐαὼθ,
880 4514 945 4583 ἢν
967 4513 1129 4576 αὐτὸς
1164 4510 1413 4566 ἐπιϐαλεῖ
1456 4510 1658 4575 αὐτοῖς.
1703 4532 1721 4565 ι
1764 4513 1917 4567 Κατὰ

2027 4516 2155 4570 mini
2192 4517 2449 4584 Sabaoth,
2508 4534 2664 4588 quam
2706 4520 2817 4590 ipse
2850 4521 3103 4575 immittet
3149 4519 3275 4575 illis.
3317 4540 3336 4574 ι
3396 4520 3601 4577 Memo-

340 4607 466 4669 τοὺς
496 4605 855 4668 ἀποδοθέντας
906 4605 1129 4676 χρόνους
1162 4606 1259 4674 τῆς
1286 4602 1523 4671 ἀφίξεως
1567 4603 1662 4656 τοῦ
1719 4605 1919 4677 Κυρίου

339 4698 439 4770 τῆς
460 4699 538 4763 εἰς
571 4699 861 4766 Αἴγυπτον,
921 4696 1103 4750 οὐκέτι
1161 4697 1377 4750 ἔσεσθαι
1427 4698 1542 4760 τοῖς
1600 4697 1919 4765 Αἰγυπτίοις

341 4791 595 4863 φρόνημα
623 4789 894 4860 ἀνδρικὸν,
922 4786 1191 4857 γυναικῶν
1240 4788 1295 4841 δὲ
1346 4788 1501 4859 δίκην
1547 4789 1604 4840 ἐν
1636 4789 1792 4860 φόϐῳ·
1826 4790 1919 4843 καὶ

343 4885 530 4956 τρόμῳ
552 4883 752 4950 διάξειν
781 4880 961 4936 αὐτῶν
983 4883 1074 4935 τὸν
1105 4879 1216 4951 βίον
1261 4881 1345 4935 διὰ
1392 4880 1488 4952 τὴν
1538 4883 1918 4935 ἐπαναστᾶσαν

348 4975 527 5037 αὐτοῖς
552 4976 710 5045 χεῖρα
733 4972 827 5026 τοῦ
860 4971 992 5026 Θεοῦ
1023 4970 1286 5034 θεσπίζει.
1313 4971 1446 5041 Χείρ
1468 4970 1526 5023 δὲ
1573 4971 1776 5042 Κυρίου
1838 4972 1917 5036 τίς

347 5065 412 5118 ἂν
440 5066 654 5136 νοηθείη
685 5065 845 5136 ἐτέρα
873 5064 1022 5134 παρὰ
1050 5062 1147 5134 τὴν
1176 5063 1471 5133 λεγομένην
1516 5062 1695 5126 δεξιὰν
1732 5064 1917 5130 αὑτοῦ,

346 5154 460 5207 ἀλλ’
508 5154 541 5223 ἢ
587 5154 866 5225 Ῥωμαϊκὴ
924 5153 1153 5224 δύναμις
1212 5151 1525 5217 ὑποτάξασα
1586 5153 1711 5214 τοὺς
1758 5154 1919 5222 Αἰγυ‹

348 5246 536 5308 πτίους
561 5247 652 5298 καὶ
681 5247 1026 5317 ὑποχειρίους
1054 5244 1398 5316 ποιησαμένη
1422 5244 1510 5297 διὰ
1539 5243 1635 5315 τὴν
1660 5245 1754 5297 τοῦ
1804 5247 1918 5299 Ku-

348 5338 463 5410 ρίου
497 5338 825 5407 παρουσίαν;
860 5336 1016 5390 Οῦτω
1040 5337 1148 5408 γάρ
1175 5353 1302 5389 ποτε
1338 5335 1431 5389 καὶ
1454 5337 1483 5388 6
1519 5335 1763 5398 διάϐολος
1782 5336 1918 5406 πρὸς

342 5430 433 5483 τὸν
498 5428 629 5481 Θεὸν
677 5429 1081 5500 ἀναγέγραπται
1128 5427 1367 5500 εἰρηκὼς
1423 5428 1551 5498 περὶ
1613 5426 1705 5480 τοῦ
1773 5428 1891 5480 ’Ῑώϐ

347 5539 366 5570 ι
410 5518 546 5573 Ἀλλ’
580 5519 896 5573 ἀπόστειλον
934 5520 1031 5590 τὴν
1058 5520 1217 5591 χεῖρά
1242 5537 1359 5583 σου,
1390 5520 1483 5572 καὶ
1514 5518 1649 5588 ἅψαι
1699 5518 1915 5572 πάντων

339 5606 413 5666 ὧν
441 5611 574 5682 ἔχει,
596 5613 645 5664 εἰ
682 5612 755 5682 μὴ
789 5613 869 5673 εἰς
898 5612 1185 5683 πρόσωπόν
1219 5630 1279 5666 σε
1309 5611 1611 5684 εύλογήσει.
1648 5631 1666 5664 ι
1706 5613 1767 5666 Οί
1808 5612 1918 5665 τοί-

412 5704 454 5733 ⁹⁷
488 5700 769 5767 10b1,“.
1459 5700 1467 5711 ⁸

412 5796 524 5866 (24)
564 5798 736 5855 Locus
764 5798 1002 5854 mutilus.

2024 4609 2159 4663 ratis
2208 4610 2470 4665 adventus
2512 4611 2724 4665 Domini
2778 4612 2829 4665 in
2884 4610 3179 4684 [Egyptum
3234 4615 3612 4683 temporibus,

2022 4704 2221 4758 nullum
2254 4705 2523 4776 Egypliis
2550 4706 2787 4761 futurum
2845 4707 3056 4761 virilem
3106 4723 3345 4775 sensum,
3381 4714 3477 4764 sed
3514 4723 3610 4764 eos

2022 4795 2309 4851 mulierum
2345 4798 2517 4852 instar
2554 4798 2609 4853 in
2644 4808 2793 4853 metu
2826 4808 2879 4853 et
2915 4809 3170 4865 tremore,
3206 4802 3276 4855 ob
3318 4801 3609 4855 imminen-

2022 4892 2129 4938 tem
2164 4885 2297 4954 ipsis
2340 4901 2556 4941 manum
2593 4887 2711 4951 Dei,
2736 4888 2898 4941 vitam
2928 4898 3147 4943 acturos
3178 4903 3298 4944 esse
3338 4890 3606 4943 vaticina-

2026 4984 2134 5029 tur.
2182 4976 2371 5032 Manus
2419 4989 2600 5033 autem
2657 4978 2869 5034 Domini
2914 4996 3033 5050 qua:
3084 4982 3185 5034 alia
3235 4989 3459 5049 putetur
3486 4996 3608 5036 esse

2021 5078 2216 5136 prteter
2253 5084 2395 5131 eam,
2426 5086 2546 5140 qua:
2583 5082 2807 5126 vocatur
2838 5075 3056 5128 dextera
3090 5073 3229 5141 eius,
3271 5073 3377 5127 nisi
3403 5072 3605 5126 Roma-

2022 5174 2210 5213 norum
2241 5163 2505 5229 potentia,
2530 5178 2647 5229 quae
2676 5162 2959 5235 Egyptios
2990 5164 3198 5233 subegit
3230 5179 3291 5218 ac
3329 5162 3431 5217 sibi
3475 5162 3604 5217 sub-

2024 5248 2165 5303 ditos
2211 5251 2477 5318 reddidit,
2516 5254 2675 5323 idque
2721 5257 2789 5308 ob
2832 5254 3033 5310 Christi
3089 5255 3433 5324 praesentiam
3467 5253 3489 5305 ?
3523 5254 3602 5308 Ita

2024 5341 2221 5410 quippe
2276 5344 2547 5400 diabolum
2607 5346 2671 5401 de
2716 5345 2819 5401 Job
2873 5347 3179 5416 loquentem
3242 5348 3350 5400 Deo
3401 5345 3603 5400 dixisse

2023 5433 2282 5502 scriptum
2323 5447 2407 5491 est
2446 5454 2459 5490 ε
2500 5454 2520 5487 ι
2557 5436 2663 5491 Sed
2706 5437 2856 5491 mitte
2886 5452 3098 5491 manum
3131 5445 3305 5497 tuam,
3351 5445 3405 5489 et
3443 5445 3603 5505 lange

2024 5525 2205 5577 omnia
2240 5540 2357 5594 qua:
2378 5527 2563 5592 habet,
2597 5528 2699 5581 nisi
2738 5528 2790 5581 in
2821 5528 3015 5581 faciem
3041 5526 3323 5580 benedicat
3350 5527 3441 5579 tibi
3464 5526 3547 5578 ’7?
3574 5544 3596 5577 ι

2029 5613 2128 5681 Qui
2160 5631 2288 5688 ergo
2316 5619 2607 5677 voluntatis
2644 5620 2737 5676 Dei
2778 5621 2844 5674 ad
2887 5617 3285 5689 subjugandum
3317 5618 3600 5691 Egyptia-
