4118 6388
1253 323 1522 382 EUSEBll
1558 320 2030 379 CASSARIENSIS
2066 318 2219 376 OPP.
2257 317 2435 376 PARS
2470 318 2557 374 Ill.
2597 349 2667 363 —
2703 317 3116 376 EXEGETICA.

3689 319 3800 376 252

545 458 667 504 rum
702 446 986 517 imperium
1015 445 1246 502 ministri
1280 446 1498 501 fuerunt
1521 483 1537 508 ,
1568 443 1963 514 videlicet'ipsa
2012 443 2116 498 Ro-

2219 447 2314 495 νυν
2357 441 2806 515 διακονησαμενοι
2841 441 2920 513 τῷ
2964 441 3260 513 βουλήματι
3293 436 3388 492 τοῦ
3437 435 3570 491 Θεοῦ
3611 439 3690 502 εἰς
3738 439 3802 492 τὸ

547 539 694 594 mani
740 537 1011 595 exercitus
1041 537 1299 606 potentia,
1331 550 1522 590 manus
1563 545 1807 591 vocatur.
1843 534 2124 598 Quomodo

548 638 727 682 autem
761 627 1044 682 mulierum
1069 627 1241 680 instar
1289 640 1413 680 cum
1441 625 1634 680 timore
1652 632 1705 680 et
1736 625 1983 696 angustia
2014 624 2122 679 Ro-

548 719 722 772 manis
750 719 988 773 serviant
1019 714 1259 786 Egyptii
1283 754 1300 783 ,
1345 714 1399 770 id
1435 728 1568 770 sane
1609 730 1715 768 nun
1749 723 1833 769 est
1857 713 1999 784 quod
2024 727 2121 768 ex-

587 809 795 864 licetur.

587 816 795 864 licetur.

545 816 580 880 p
617 900 781 955 Vens.
808 900 897 954 17.
925 917 943 950 ι
972 897 1040 953 Ει
1065 897 1173 954 erit
1216 896 1366 966 regio
1391 895 1704 951 Judaeorum
1751 894 1804 949 in
1835 901 2120 950 terrorem.

544 988 861 1058 Quicunque
890 1003 1010 1042 eam
1042 986 1405 1043 nominaverit
1428 986 1585 1056 ipsis,
1617 985 1973 1041 extimescent
1998 999 2125 1054 pro-

542 1092 663 1152 pter
721 1081 1026 1142 consilium,
1062 1078 1202 1148 quod
1254 1077 1528 1133 consuluit
1574 1078 1830 1133 Dominus
1884 1076 2122 1132 Sabaoth

541 1191 704 1244 super
731 1189 873 1228 eam.
911 1193 930 1226 ι
966 1171 1260 1240 Regionem
1289 1186 1416 1225 vero
1454 1169 1760 1226 Judaeorum
1795 1171 1840 1225 si
1875 1169 2122 1238 Scriptu-

541 1285 659 1324 ram
688 1268 926 1322 divinam
964 1265 1170 1319 dixeris
1209 1277 1364 1328 esse,
1392 1263 1704 1331 neutiquam
1758 1263 2120 1328 aberraveris,

541 1375 724 1432 quam,
740 1361 809 1414 ob
825 1360 932 1413 vim
950 1358 1163 1428 pietatis
1180 1368 1232 1410 et
1256 1356 1400 1419 ﬁdei,
1420 1356 1507 1424 qui
1531 1355 1813 1410 Dominum
1833 1365 2118 1424 noverunt,

540 1469 662 1509 cum
701 1454 914 1518 timore,
951 1462 1181 1505 tremore
1217 1458 1272 1502 et
1297 1453 1598 1503 reverentia
1620 1447 1842 1512 adeunt,
1874 1462 1980 1503 non
2009 1463 2125 1501 am-

539 1546 682 1615 plius
704 1555 762 1599 ut
793 1544 920 1599 olim
957 1544 1270 1612 hlasphema
1303 1541 1447 1595 dicta
1492 1541 1544 1594 in
1598 1555 1716 1594 eam
1758 1539 2118 1610 proferentes,

539 1639 635 1694 sed
665 1639 735 1692 ob
779 1637 1062 1690 Dominum
1105 1635 1156 1688 in
1204 1650 1266 1689 ea
1312 1633 1659 1702 praedicatum
1681 1673 1698 1698 ,
1723 1641 2042 1688 venerantes
2067 1647 2122 1692 et

539 1731 798 1787 colentes.
841 1729 1200 1796 Quamobrem
1238 1725 1485 1796 quisquis
1529 1725 1675 1780 illam
1711 1725 1842 1794 ipsis
1880 1740 2119 1780 comme-

2227 533 2591 605 χειρώσασθαι
2615 535 2712 605 τὴν
2740 536 3052 603 Αἰγυπτίων
3081 531 3275 604 ἀρχὴν,
3299 530 3526 600 δύναμις
3572 527 3710 601 αῦτη
3743 531 3800 583 δὲ

2221 618 2289 693 ἦν
2323 624 2358 693 ή
2395 622 2703 694 Ῥωμαϊκοῦ
2733 622 2987 695 στρατοῦ,
3021 623 3142 693 χεὶρ
3166 619 3496 691 ὠνόμασται.
3526 618 3713 680 Ὅπως
3744 617 3799 670 δὲ

2222 711 2500 781 γυναικῶν
2528 713 2684 782 δίκην
2717 713 2854 784 μετὰ
2886 711 3051 781 φόϐου
3079 710 3172 764 καὶ
3209 709 3447 778 ἀγωνίας
3489 706 3800 761 δουλεύουσι

2233 805 2523 877 Ῥωμαίοις
2552 805 2857 875 Αἰγύπτιοι,
2889 805 3038 858 οὐδὲν
3069 804 3150 857 δεῖ
3177 803 3374 872 λέγειν.

2291 917 2310 949 ι
2351 899 2460 952 Καὶ
2483 897 2634 954 ἔσται
2664 901 2697 970 ή
2733 902 2883 970 χώρα
2909 898 3017 951 τῶν
3055 896 3323 950 Ἰουδαίων
3351 897 3462 958 τοῖς
3481 893 3800 963 Αἰγυπτίοις

2220 990 2301 1054 είς
2333 990 2618 1062 φόϐητρον.
2663 992 2776 1055 Πᾶς
2814 992 2872 1055 ὃς
2929 990 3022 1044 ἐὰν
3078 989 3319 1060 ὀνομάσῃ
3368 986 3536 1056 αὐτὴν
3591 986 3794 1051 αὐτοῖς,

2221 1079 2617 1152 φοδηθήσονται
2642 1080 2729 1134 διὰ
2751 1081 2848 1151 τὴν
2883 1079 3096 1151 βουλὴν,
3127 1079 3193 1150 ἢν
3223 1076 3426 1147 Κύριος
3455 1071 3676 1126 Σαϐαὼθ
3710 1072 3798 1142 βε-

2221 1172 2502 1227 ϐούλευται
2525 1175 2609 1226 ἐπ’
2636 1175 2826 1244 αὑτήν.
2853 1192 2870 1224 ι
2902 1171 3099 1241 Χώραν
3128 1171 3185 1222 δὲ
3229 1166 3495 1222 Ἰουδαίων
3522 1164 3618 1236 τὴν
3647 1163 3796 1216 θείαν

2221 1267 2321 1322 οὐκ
2350 1265 2416 1320 ἂν
2452 1267 2717 1339 ἁμάρτοις
2759 1265 2928 1319 εἰπὼν
2968 1264 3218 1334 Γραφήν·
3275 1262 3341 1331 ἣν
3387 1259 3452 1312 δι’
3497 1256 3796 1328 ὑπερϐολὴν

2221 1362 2509 1424 εὐλαϐείας
2548 1361 2641 1414 καὶ
2678 1359 2914 1422 πίστεως
2942 1359 2991 1411 οἱ
3038 1357 3127 1409 τὸν
3163 1353 3363 1424 Κύριον
3427 1349 3794 1418 ἐπεγνωκότες

2224 1454 2361 1524 μετά
2385 1453 2548 1522 φόϐου
2584 1451 2676 1506 καὶ
2718 1451 2922 1522 τρόμου
2984 1449 3077 1503 καὶ
3128 1445 3410 1508 εὐλαϐείας
3459 1441 3791 1515 προσίενται,

2221 1541 2406 1594 οὐκέτι
2435 1541 2511 1604 ώς
2542 1540 2604 1593 τὸ
2651 1542 2779 1612 πρὶν
2836 1536 3278 1610 βλασφημοῦντες
3335 1534 3522 1604 αὐτὴν,
3549 1533 3682 1586 ἀλλά
3707 1549 3792 1585 τι-

2224 1632 2432 1703 μῶντες
2461 1633 2554 1686 καὶ
2585 1632 2830 1694 σέϐοντες
2854 1631 2940 1684 διὰ
2972 1630 3060 1683 τὸν
3107 1631 3164 1681 ὲν
3222 1627 3358 1696 αὐτῇ
3394 1625 3793 1696 κηρυττόμενον

2223 1725 2428 1797 Κύριον
2446 1742 2458 1754 ·
2490 1725 2570 1779 διὸ
2592 1726 2740 1788 πᾶςὸ
2756 1723 3034 1795 ὀνομάζων
3068 1707 3234 1792 αὐτὴν
3261 1723 3440 1784 αὐτοῖς
3468 1718 3629 1788 φόϐον
3656 1716 3792 1772 Θεοῦ

539 1833 746 1885 morat,
781 1823 1027 1876 timorem
1070 1821 1160 1875 Dei
1194 1820 1326 1889 ipsis
1375 1818 1638 1885 immittit,
1686 1831 1810 1870 nam
1845 1835 1863 1868 ι
1898 1815 2113 1872 Initium

2218 1816 2431 1887 ἐμποιεῖ
2477 1819 2691 1882 αὐτοῖς·
2745 1835 2764 1868 ι
2802 1815 2968 1888 Ἀρχὴ
2991 1835 3010 1868 ι
3048 1816 3159 1886 γὰρ
3197 1833 3216 1866 ι
3241 1814 3431 1884 σοφίας
3483 1813 3642 1882 φόϐος
3675 1813 3788 1866 Κυ-

537 1916 814 1984 sapientia:
845 1917 1005 1968 timor
1031 1913 1320 1968 Domini".
1348 1931 1367 1965 ι

615 2006 772 2061 Vnns.
802 2007 888 2062 i8.
930 2025 948 2059 ι
988 2005 1044 2060 In
1077 2006 1166 2060 die
1197 2004 1285 2059 illa
1311 2011 1472 2058 erunt
1505 2002 1744 2072 quinque
1775 2002 2021 2058 civitates
2061 2000 2113 2054 in

538 2107 680 2154 terra
707 2097 950 2168 Egypti,
985 2097 1268 2166 loquentes
1305 2095 1487 2165 lingua
1515 2095 1927 2161 Chanaanitide,
1957 2104 2012 2150 et
2031 2095 2116 2164 ju-

535 2200 719 2246 rantes
746 2205 840 2262 per
885 2205 1081 2246 nomen
1131 2187 1341 2244 Domini
1377 2187 1617 2244 Sabaoth
1648 2205 1661 2242 :
1688 2189 1880 2245 civitas
1908 2187 2115 2242 Asedec

533 2282 812 2338 vocabitur
863 2297 970 2337 una
1021 2281 1232 2336 civitas.
1266 2300 1285 2333 ι
1328 2281 1442 2335 Etsi
1478 2279 1717 2351 quinque
1770 2281 2014 2336 civitates
2059 2279 2114 2334 in

532 2373 786 2429 vaticinio
846 2371 1126 2434 ferantur.
1185 2382 1238 2426 at
1293 2385 1396 2424 non
1465 2369 1819 2440 ignorantium
1877 2379 1959 2424 est
1995 2368 2114 2424 illas

533 2466 772 2536 quinque
820 2477 979 2518 unam
1011 2475 1152 2518 esse.
1198 2461 1379 2528 Quare
1433 2476 1626 2516 nomen
1681 2477 1845 2516 unum
1872 2459 2114 2516 omnium

533 2556 785 2619 additur,
815 2554 1056 2616 Asedec,
1093 2553 1238 2620 quod
1289 2554 1677 2622 interpretatur
1717 2552 2113 2623 Symmachus,

542 2666 562 2699 ι
597 2647 746 2702 solis.
778 2664 797 2697 ι
836 2643 1008 2712 Quam
1036 2657 1164 2698 vero
1188 2644 1391 2698 dixeris
1422 2658 1540 2698 eam
1563 2658 1704 2710 esse,
1734 2643 1836 2698 nisi
1866 2651 2115 2698 sanctam

536 2740 631 2796 Dei
664 2737 978 2796 Ecclesiam,
1028 2750 1148 2805 quae
1181 2735 1477 2790 secundum
1531 2733 1672 2789 LXX
1719 2736 1942 2805 quidem
1977 2735 2115 2789 dici-

538 2840 629 2886 tur
655 2830 880 2892 Asedec,
910 2828 1052 2895 quod
1099 2825 1389 2897 signiﬁcat,
1427 2843 1446 2878 ι
1485 2825 1743 2894 iustitiae;
1775 2845 1794 2877 ι
1820 2825 2114 2882 secundum

538 2922 924 2994 Symmachum
969 2933 1130 2983 vero,
1169 2935 1189 2970 ι
1249 2916 1400 2979 solis.
1452 2935 1470 2970 ι
1514 2917 1580 2971 de
1617 2932 1722 2986 quo
1765 2918 1966 2972 dictmn
2008 2926 2113 2980 est,

543 3029 565 3064 α
605 3010 941 3066 Timentibus
971 3016 1144 3064 autem
1168 3021 1255 3060 me
1289 3005 1492 3060 orietur
1531 3005 1609 3060 sol
1638 3005 1882 3074 justitiaa.
1910 3014 1962 3058 et
2003 3019 2116 3058 me-

540 3103 674 3158 dela
703 3104 755 3155 in
782 3101 880 3156 alis
923 3101 1073 3170 ejus;
1112 3119 1131 3152 ι
1156 3100 1447 3154 secundum
1491 3107 1801 3153 accuratam
1836 3111 1964 3151 vero
2001 3097 2113 3151 dis-

540 3192 753 3247 serendi
803 3165 1092 3253 ralionem,
1143 3200 1303 3245 terra:
1355 3189 1547 3243 civitas
1583 3189 1814 3252 dicitur,
1847 3190 1989 3258 quod
2039 3188 2111 3242 ita
2141 3165 2182 3221 (ί

540 3280 686 3335 reddi
714 3282 902 3351 possit,
939 3297 959 3332 ι
993 3278 1198 3334 Civitas
1231 3289 1388 3333 terra:
1419 3279 1700 3332 vocabitur
1727 3294 1832 3332 una
1861 3278 2106 3332 civitas.»

537 3370 657 3441 Ipsa
684 3373 880 3442 quippe
906 3373 1014 3428 sola
1037 3372 1091 3426 in
1115 3371 1362 3426 universa
1393 3381 1533 3425 terra
1569 3372 1674 3425 Deo
1693 3370 1882 3424 civitas
1913 3369 2113 3425 consti-

539 3464 730 3532 tuitur,
784 3464 856 3520 ita
906 3473 966 3519 ut
1002 3465 1068 3518 de
1104 3464 1192 3518 illa
1242 3462 1779 3530 dicatur,cGloriosa
1808 3463 1949 3516 dicta
1984 3471 2113 3518 sunt

537 3557 604 3612 de
634 3564 708 3621 te,
737 3557 930 3611 civitas
975 3555 1068 3610 Dei
1087 3557 1154 3610 ".
1189 3575 1209 3608 ι
1253 3556 1501 3626 Quinque
1549 3564 1727 3610 autem
1769 3557 2020 3610 civitates
2057 3555 2111 3609 in

535 3649 776 3705 Ecclesia
823 3648 1269 3704 iuerintdiversae
1291 3648 1524 3702 instituti
1559 3657 1614 3703 et
1643 3647 1802 3702 olIicii
1835 3647 2111 3712 rationes;

534 3743 771 3813 quinque
791 3757 920 3798 vero
951 3751 1078 3796 sunt
1115 3741 1334 3797 ordines
1356 3741 1634 3804 distincti;
1667 3748 1778 3794 tres
1807 3739 2017 3794 scilicet
2038 3739 2109 3792 ita

535 3850 790 3891 numeres
815 3853 829 3890 :
862 3835 1066 3904 primus
1087 3843 1172 3888 est
1193 3833 1479 3904 prasulum
1509 3833 1664 3896 ordo,
1689 3833 1954 3886 secundus
1983 3846 2109 3900 pre-

535 3925 898 3996 sbyterorum,
941 3913 1292 3978 diaconorum
1323 3924 1547 3987 tertius,
1589 3932 1813 3991 quartus
1843 3921 2111 3974 illumina-

539 4028 716 4072 torum
747 4016 802 4071 in
839 4014 1072 4082 Christo,
1105 4025 1404 4084 postremus
1444 4027 1655 4078 eorum,
1682 4015 1772 4082 qui
1804 4013 2108 4067 initiantur.

537 4110 847 4176 Sciendum.
871 4123 998 4179 ergo
1030 4117 1116 4162 est
1141 4107 1358 4162 ordines
1387 4107 1626 4176 quinque
1659 4105 1711 4159 in
1749 4104 1988 4160 Ecclesia
2017 4104 2108 4159 Dei

539 4202 773 4269 versari;
801 4215 969 4272 quare
993 4200 1233 4270 quinque
1274 4199 1520 4253 civitates
1555 4198 1656 4252 sub
1695 4213 1799 4251 una
1836 4197 2108 4261 dicuntur,

536 4293 816 4364 loquentes
865 4291 1042 4362 lingua
1076 4303 1194 4359 quae
1243 4287 1371 4342 olim
1401 4288 1540 4357 apud
1583 4285 1868 4357 Egyptios
1896 4285 2110 4342 Chana-

539 4401 652 4441 naza
701 4385 1079 4454 reputabatur,
1106 4392 1163 4438 et
1197 4380 1443 4450 iurantes
1474 4395 1580 4435 non
1617 4395 1713 4450 per
1753 4394 1882 4445 eos,
1916 4378 2004 4448 qui
2035 4376 2110 4432 dii

542 4477 695 4548 patrii
742 4476 1222 4537 existimabantur,
1263 4473 1357 4528 sed
1390 4472 1443 4526 in
1492 4471 1707 4526 nomine
1747 4469 1956 4524 Domini
2007 4467 2109 4525 Sa-

2215 1907 2354 1979 ρίου.
2401 1926 2421 1960 ι

2291 2018 2309 2050 ι
2339 1999 2416 2070 Τῇ
2478 1996 2660 2070 ἡμέρᾳ
2714 1998 2896 2071 ἐκείνῃ
2953 1996 3163 2051 ἔσονται
3205 1997 3365 2050 πέντε
3427 1995 3598 2059 πόλεις
3636 1995 3690 2049 tv
3716 1992 3789 2065 γῇ

2211 2091 2510 2160 Αἰγύπτου,
2537 2089 2790 2143 λαλοῦσαι
2841 2093 2908 2161 τῇ
2937 2089 3156 2162 γλώσσῃ
3191 2091 3256 2159 τῇ
3288 2087 3666 2150 Χαναανίτιδι,
3696 2086 3790 2140 καὶ

2211 2183 2505 2256 ὸμνύοντες
2529 2182 2607 2254 τῷ
2628 2183 2849 2254 ὀνόματι
2874 2184 3081 2255 Κυρίου
3099 2181 3324 2236 Σαϐαώθ
3341 2197 3355 2211 ’
3387 2181 3540 2244 πόλις
3573 2179 3790 2234 Ἀσεδὲκ

2212 2279 2543 2351 κληθήσεται
2578 2277 2676 2348 μία
2706 2277 2878 2340 πόλις.
2917 2295 2934 2328 ι
2974 2277 3037 2330 Ei
3064 2275 3121 2329 δὲ
3151 2274 3312 2327 πέντε
3341 2273 3586 2342 λέγονται
3612 2272 3791 2334 πόλεις

2210 2371 2268 2426 αἱ
2300 2368 2710 2442 θεσπιζόμεναι,
2746 2370 2860 2424 ἀλλ’
2893 2369 2952 2422 οὑ
2988 2368 3092 2440 χρὴ
3122 2368 3355 2437 ἀγνοεῖν,
3389 2365 3465 2428 ὡς
3520 2365 3574 2416 αἱ
3629 2361 3788 2414 πέντε

2216 2464 2344 2534 μίαν
2373 2464 2721 2534 τυγχάνουσι.
2747 2461 2838 2516 Διὸ
2873 2461 2968 2514 καὶ
2993 2459 3052 2512 ἓν
3076 2458 3248 2527 ὄνομα
3269 2455 3412 2510 κατά
3449 2453 3636 2508 πασῶν
3667 2455 3788 2506 ὲπι-

2211 2553 2429 2624 λέγεται
2461 2554 2524 2607 τὸ
2562 2554 2804 2617 ’Δσεδὲκ,
2833 2554 2971 2623 ὅπερ
3024 2553 3050 2605 ὁ
3099 2551 3392 2620 Σύμμαχος
3445 2546 3790 2617 ήρμήνευσεν

2221 2667 2241 2700 ι
2280 2647 2452 2718 ἡλίου.
2480 2665 2498 2698 ι
2533 2646 2666 2698 Τίνα
2690 2645 2786 2716 μὲν
2819 2640 2911 2698 οῦν
2941 2643 3116 2704 εἴποις
3147 2641 3212 2695 ἂν
3233 2640 3432 2708 ταύτην
3465 2634 3656 2707 εἶναιῆ
3688 2637 3789 2708 τὴν

2213 2740 2376 2808 ἁγίαν
2406 2737 2497 2792 τοῦ
2525 2737 2661 2791 Θεοῦ
2705 2735 3045 2800 Ἐκκλησίαν,
3071 2735 3210 2787 κατὰ
3240 2732 3337 2804 μὲν
3363 2733 3484 2794 τοὺς
3520 2729 3788 2799 Ἐϐδομή-

2215 2848 2380 2885 κοντα
2408 2829 2746 2901 καλουμενην
2794 2829 3034 2887 Ἀσεδὲκ,
3063 2827 3092 2879 δ
3117 2827 3182 2896 δὴ
3226 2825 3478 2895 σημαίνει
3535 2841 3552 2873 ι
3587 2821 3791 2874 δικαιο-

2217 2923 2409 2994 σύνης·
2452 2941 2470 2973 ι
2502 2921 2646 2976 κατὰ
2675 2921 2730 2974 δὲ
2762 2920 2854 2974 τὸν
2890 2920 3206 2990 Σύμμαχον,
3231 2937 3249 2969 ι
3279 2916 3453 2988 ήλίου,
3485 2933 3503 2966 ι
3540 2913 3668 2984 περὶ
3726 2904 3787 2966 οῦ

2215 3015 2491 3068 λέλεκταιο
2532 3033 2550 3066 ι
2583 3014 2707 3078 Τοῖς
2749 3013 2805 3067 δὲ
2836 3011 3186 3082 φοϐουμένοις
3236 3027 3302 3079 με
3355 3007 3600 3062 ἀνατελεί
3643 3006 3789 3076 ἥλιος

2215 3105 2577 3177 δικαιοσύνης,
2604 3106 2697 3160 καὶ
2732 3105 2902 3168 ίάσεις
2945 3103 3002 3156 ὲν
3051 3104 3174 3165 ταῖς
3225 3099 3479 3170 πτέρυξιν
3527 3096 3718 3152 αὐτοῦ·
3761 3114 3780 3146 ι

2218 3198 2358 3252 κατά
2410 3198 2465 3252 δὲ
2498 3199 2557 3251 τὸ
2591 3197 2816 3270 ἀκριϐὲς
2848 3197 2947 3266 τῆς
2975 3193 3137 3249 αὑτοῦ
3170 3191 3458 3258 διαλέξεως
3499 3190 3601 3260 γῆς
3635 3188 3786 3252 πόλις

2217 3291 2484 3353 λέλεκται,
2512 3291 2648 3365 ὅπερ
2693 3289 2866 3353 οὕτως
2897 3289 2962 3343 ἂν
3003 3285 3384 3360 ἑρμηνευθείη,
3435 3303 3453 3336 ι
3482 3283 3639 3345 Πόλις
3688 3280 3790 3350 τῆς

2216 3384 2320 3454 γῆς
2351 3383 2679 3454 κληθήσεται
2699 3385 2732 3453 ή
2767 3383 2865 3452 μία
2898 3381 3071 3444 πόλις.
3108 3399 3126 3431 ι
3159 3377 3310 3447 Αὕτη
3343 3377 3452 3448 γὰρ
3480 3375 3614 3446 μόνη
3668 3371 3792 3427 καθ’

2216 3476 2344 3547 ὅλης
2371 3476 2472 3547 γῆς
2507 3475 2716 3545 ἵδρυται
2759 3473 2838 3543 τῷ
2865 3473 2985 3543 Θεῷ
3012 3472 3184 3536 πόλις,
3245 3470 3320 3534 ὡς
3370 3469 3608 3539 ὲρεῖσθαι
3661 3465 3790 3538 περὶ

2217 3568 2409 3638 αὐτῆς,
2440 3585 2458 3617 t
2493 3565 2863 3636 Δεδοξασμένα
2893 3563 3126 3635 ἐλαλήθη
3151 3563 3281 3635 περὶ
3309 3561 3423 3625 σοῦ,
3453 3562 3487 3631 ὴ
3516 3560 3669 3624 πόλις
3697 3556 3786 3611 τοῦ

2216 3657 2371 3710 Θεοῦ.
2417 3675 2435 3707 ›
2466 3656 2632 3708 Πέντε
2656 3655 2712 3708 δὲ
2746 3655 2928 3718 πόλεις
2947 3655 3004 3706 έν
3041 3651 3334 3722 Ἐκκλησία
3354 3652 3463 3705 εἶεν
3495 3650 3559 3704 ἂν
3594 3650 3647 3702 αἱ
3673 3646 3782 3700 διὰ-

2217 3765 2373 3820 φοροι
2407 3747 2698 3800 πολιτεῖαι·
2745 3746 2857 3815 (Ξὸ)
2888 3745 3046 3798 πέντε
3074 3745 3130 3798 δὲ
3161 3745 3414 3812 τάγματα
3468 3739 3779 3812 διῃρημένα,

2215 3841 2380 3912 ἤγουν
2410 3843 2558 3912 τρεῖς
2589 3837 3022 3910 ἁριθμήσεις,τὸ
3077 3835 3292 3908 πρῶτον
3348 3835 3455 3887 τῶν
3517 3831 3782 3904 προέδρων

2214 3932 2423 4002 τάγμα,
2454 3932 2626 3985 καὶτὸ
2648 3931 2895 4002 δεύτερον
2919 3928 3028 3983 τῶν
3054 3926 3437 4000 πρεσϐυτέρων
3458 3965 3473 3990 ,
3506 3926 3567 3978 τό
3594 3941 3654 3976 τε
3682 3921 3787 3976 τῶν

2215 4024 2475 4078 διακόνων
2503 4024 2564 4077 τὸ
2590 4023 2791 4096 τρίτον,
2823 4023 2918 4076 καὶ
2947 4021 3056 4076 τῶν
3103 4023 3160 4074 ἐν
3188 4021 3408 4090 Χριστῳ
3440 4013 3789 4088 πεφωτισμέ-

2215 4131 2322 4168 νων
2369 4114 2661 4184 τέταρτον,
2698 4114 2792 4168 καὶ
2846 4115 2939 4166 ἐπὶ
2994 4113 3203 4177 τούτοις
3259 4111 3364 4164 τῶν
3414 4112 3472 4164 ὲν
3513 4109 3789 4178 εἰσαγωγῇ

2216 4208 2606 4278 τυγχανόντων.
2655 4206 2869 4270 Ἰστέον,
2890 4205 2965 4269 ὡς
2998 4205 3159 4258 πέντε
3180 4204 3436 4273 τάγματα
3450 4199 3790 4254 πολιτεύεται

2217 4299 2273 4351 ὲν
2297 4301 2365 4370 τῇ
2407 4299 2699 4370 Ἐκκλησία
2726 4298 2818 4352 τοῦ
2843 4296 2979 4351 Θεοῦ
3002 4313 3016 4327 ⁸
3035 4296 3114 4350 διὸ
3135 4295 3292 4349 πέντε
3317 4295 3495 4358 πόλεις
3529 4291 3632 4346 ὑπὸ
3661 4290 3789 4363 μίαν

2218 4387 2756 4464 εἴρηνται,λαλοῦσαι
2783 4391 2848 4459 τῇ
2873 4386 3111 4459 γλώσσῃ,
3136 4386 3301 4441 πάλαι
3323 4387 3450 4457 παρ’
3478 4381 3794 4452 Αἰγυπτίοις

2218 4478 2546 4551 νομιζομένῃ
2573 4481 2940 4542 Χαναανίτιδι,
2968 4480 3062 4534 καὶ
3094 4479 3381 4550 ὀμνύοντες
3405 4478 3465 4530 οὐ
3514 4477 3640 4539 τοὺς
3689 4490 3792 4527 πα-

542 4566 725 4630 baotb,
758 4565 848 4634 qui
880 4565 1004 4619 olim
1067 4563 1263 4618 Judzeis
1288 4561 1536 4632 cognitus
1563 4559 1704 4615 Deus
1733 4568 1870 4614 erat.
1899 4557 1999 4614 Hic
2027 4558 2115 4615 ille

2221 4570 2428 4642 τρῴους
2462 4571 2616 4636 θεοὺς
2656 4572 2747 4636 οὓς
2773 4573 3037 4644 ἐνόμιζον,
3073 4571 3188 4626 ἀλλ’
3220 4571 3253 4643 ἦ
3291 4569 3368 4640 τῷ
3411 4567 3635 4639 ὀνόματι
3679 4567 3793 4618 Κυ-

543 4669 660 4714 erat
686 4661 776 4729 qui
808 4661 860 4712 in
891 4658 1032 4712 nube
1057 4655 1184 4721 levi,
1217 4656 1304 4711 hic
1349 4665 1465 4711 erat
1494 4654 1583 4723 qui
1621 4653 1688 4706 ad
1726 4652 1871 4740 ipsos
1903 4651 2118 4708 advenit

543 4751 808 4805 Christus.

610 4933 776 4988 Vens.
819 4933 905 4987 l9.
938 4951 954 4981 ε
991 4930 1048 4984 in
1099 4933 1185 4986 die
1217 4929 1304 4987 illa
1335 4930 1440 4985 erit
1480 4929 1648 4983 altare
1687 4928 1914 4983 Domino
1947 4928 1999 4982 in
2028 4943 2114 4984 re-

539 5030 698 5100 gione
730 5025 1128 5097 Egyptiorum,
1156 5037 1210 5080 et
1257 5023 1503 5078 columna
1547 5023 1612 5076 ad
1658 5021 1942 5076 terminum
1997 5021 2112 5089 ejus

544 5119 787 5173 Domino.
819 5134 839 5169 ›
874 5117 946 5169 De
970 5115 1252 5169 divinitate
1279 5113 1371 5167 Dei
1399 5113 1450 5166 in
1475 5112 1707 5183 Egypto
1731 5113 2110 5167 constituenda

539 5222 593 5265 et
625 5213 692 5266 de
717 5210 946 5265 diversis
975 5208 1028 5262 in
1063 5207 1281 5262 civitate
1301 5206 1951 5272 ordinibus,vaticmatus,
1979 5221 2109 5261 con-

545 5313 832 5372 sequenter
860 5302 1032 5356 altare
1055 5300 1106 5354 in
1129 5299 1350 5354 civitate
1379 5299 1470 5354 Dei
1519 5297 1754 5352 futurum
1784 5312 2112 5354 commemo-

612 5418 658 5449 "
681 5416 820 5470 Psal.
846 5431 938 5478 cx,
966 5414 1051 5468 10.
1128 5413 1173 5445 ⁸⁸
1197 5410 1340 5467 Psal.
1370 5412 1660 5476 unm?»

615 5554 728 5623 (25)
769 5553 865 5608 Hic
914 5551 1308 5623 Hieronymus.
1339 5567 1368 5623 Δι
1424 5547 1594 5623 Porro
1633 5547 1732 5623 qui
1774 5547 1826 5623 in
1884 5549 2116 5623 adventu

546 5617 799 5688 Christi,»
827 5624 923 5683 ait,
945 5639 963 5671 ι
988 5631 1039 5675 et
1067 5617 1308 5673 Romano
1338 5619 1564 5688 imperio
1585 5617 1917 5688 prophetiam
1948 5621 2122 5672 disse-

2224 4662 2340 4733 ρίου
2395 4661 2643 4726 Σαϐαὼθ,
2699 4664 2794 4717 τοῦ
2844 4665 3010 4718 πάλαι
3038 4661 3344 4725 ..Ἰουδαίοις
3390 4657 3792 4731 γνωριζομένου

2222 4751 2376 4804 Θεοῦ.
2414 4748 2580 4816 Οὗτος
2605 4753 2663 4806 δὲ
2707 4750 2774 4825 ἦν
2800 4757 2828 4808 ὁ
2876 4755 2968 4807 ἐπὶ
2999 4754 3227 4823 νεφέλης
3254 4750 3493 4820 κούφης,
3527 4740 3682 4810 οὗτος
3735 4745 3793 4799 δὲ

2222 4837 2288 4915 ἦν
2315 4846 2343 4897 ὁ
2376 4845 2714 4916 ἐπιδημήσας
2749 4846 2979 4917 Χριστὸς
3006 4846 3209 4908 αὐτοῖς.

2296 4956 2314 4988 ε
2349 4939 2426 5009 Τῇ
2479 4937 2660 5011 ἡμέρα
2683 4939 2864 5010 ἐκείνη
2889 4939 3042 4992 ἔσται
3080 4936 3462 5006 θυσιαστήριον
3501 4931 3576 5002 τῷ
3603 4930 3796 5002 Κυρίῳ

2219 5029 2278 5082 ὲν
2299 5027 2451 5100 χώρᾳ
2482 5031 2813 5097 Αἰγυπτίων,
2847 5031 3016 5101 στήλη
3047 5029 3182 5100 πρὸς
3213 5028 3273 5081 τὸ
3319 5029 3464 5098 ὅριον
3509 5025 3677 5093 αὐτῆς
3717 5021 3797 5092 τῷ

2218 5121 2426 5193 Κυρίῳ.
2468 5142 2486 5173 ι
2513 5122 2900 5194 Προφητεύσας
2921 5124 2950 5174 ὁ
2970 5121 3126 5189 λόγος
3155 5121 3284 5190 περὶ
3316 5118 3523 5181 πόλεως
3555 5115 3688 5170 Θεοῦ
3737 5113 3796 5167 ἐν

2217 5212 2478 5285 Αἰγύπτῳ
2500 5195 2926 5286 συστησομένης,
2975 5213 3070 5267 καὶ
3097 5211 3205 5265 τῶν
3235 5213 3292 5266 ὲν
3323 5212 3389 5282 τῇ
3435 5209 3587 5263 πόλει
3612 5205 3798 5275 διαφό-

2223 5321 2330 5374 ρων
2363 5307 2678 5379 ταγμάτων,
2701 5307 3007 5370 ἀκολούθως
3035 5305 3419 5376 θυσιαστηρίου
3446 5305 3505 5358 ὲν
3542 5303 3608 5373 τῇ
3643 5299 3798 5353 πόλει

2227 5552 2482 5608 Ecclesia:
2516 5551 2755 5610 ordines,
2782 5549 3067 5618 episcopos
3089 5589 3104 5616 ,
3136 5546 3502 5618 presbyteros.
3518 5545 3794 5618 diaconos.

2227 5623 2412 5677 ﬁdeles
2471 5631 2526 5674 et
2558 5611 2997 5687 catechumenos,
3037 5638 3058 5672 ι
3090 5611 3182 5674 ubi
3229 5611 3416 5688 apérte
3463 5613 3677 5671 Eusebii
3719 5611 3803 5666 in-

553 5702 699 5754 runt,
729 5686 1261 5762 ιιιιὶηηιιενοίνίιθιοε
1297 5687 1381 5741 vel
1427 5689 1596 5757 legem
1646 5686 1893 5762 Domini,
1921 5704 2038 5762 quae
2066 5690 2118 5742 in
2228 5702 2515 5762 terpretem
2540 5691 2668 5760 agit.

549 5759 894 5819 Alexandria
921 5761 1151 5824 primum
1204 5760 1554 5826 interpretata
1599 5767 1709 5824 est,
1746 5759 1832 5813 vel
1885 5761 2119 5822 quinque
