4118 6388
373 355 480 411 253

1329 350 1834 408 COMMENTARIA
1875 350 1941 406 IN
1982 350 2239 406 l-SAIAM.
2280 384 2349 392 -—
2383 350 2536 409 CAP.
2578 353 2722 408 XIX.

3542 357 3650 416 2%

367 469 462 524 τοῦ
499 469 635 524 Θεοῦ
671 469 1036 541 γενησομένου
1067 468 1419 541 μνημονεύει,
1441 471 1532 523 καὶ
1564 469 1722 523 τοῦτο
1741 468 1957 523 ἔσεσθαι

2065 479 2167 535 rat,
2200 469 2341 538 quod
2380 471 2542 526 modo
2581 485 2840 540 perquam
2889 473 3121 530 mirabili
3169 473 3287 529 fore
3329 474 3480 530 dicit.
3515 474 3649 530 Nam

369 562 706 635 παραδόξως.
731 561 849 615 Τῶν
875 563 983 632 γὰρ
1009 560 1177 614 παλαι
1208 563 1336 633 παρ’
1380 561 1699 631 Αἰγυπτίοις
1746 559 1962 632 νομιζο-

375 655 551 726 μένων
585 654 720 706 θεῶν
759 652 1138 715 ἀπολωλότων,
1188 651 1412 706 καὶτοῦ
1474 649 1722 724 ποταμοῦ
1780 650 1962 706 αὐτῶν

371 746 775 812 ἐκλελοιπότος,
809 747 902 800 καὶ
931 746 1036 799 τών
1083 745 1358 817 ἀρχόντων
1398 745 1617 808 Τάνεως
1661 748 1756 798 καὶ
1809 744 1963 815 Μέμ-

373 857 516 909 φεως
554 839 1095 912 ἁπομωρανθέντων,
1141 839 1204 891 τὸ
1233 841 1362 910 παρ’
1401 839 1676 903 Ἰουδαίοις
1699 836 1964 910 ὀνομαζό-

374 946 534 1000 μενον
579 929 768 1000 Κυρίρ
817 929 1204 1001 θυσιαστήριόν
1235 929 1793 1000 φησισυστήσεσθαιο
1824 929 1852 981 ὃ
1897 928 1962 999 δὴ

371 1022 466 1075 καὶ
495 1023 528 1093 ἡ
562 1021 670 1075 τῶν
706 1025 1050 1094 πραγμάτων
1097 1023 1320 1088 ἔκϐασις
1359 1024 1663 1094 ὀφθαλμοῖς
1698 1025 1828 1095 ἡμῖν
1867 1024 1964 1076 αύ-

370 1115 484 1176 τοίς
535 1112 805 1165 δείκνυσιν
835 1127 849 1142 '
908 1113 984 1177 ὡς
1044 1115 1244 1184 μηκέτι
1305 1117 1385 1178 εἰς
1445 1113 1707 1186 μέλλοντα
1773 1115 1964 1186 καιρὸν

373 1206 678 1278 προσδοκᾷν
703 1207 795 1260 τοῦ
839 1207 999 1276 λόγου
1026 1209 1085 1262 τὸ
1118 1208 1487 1279 ἀποτέλεσμα.
1508 1208 1619 1279 (‘26)
1663 1209 1748 1272 Ὠς
1783 1208 1840 1261 δὲ
1867 1208 1967 1280 μία

373 1300 554 1364 πίστις
593 1301 684 1354 καὶ
720 1300 777 1352 ἓν
806 1301 1086 1372 βάπτισμα
1118 1303 1212 1356 καὶ
1250 1303 1350 1372 μία
1395 1301 1694 1374 Ἐκκλησία
1719 1301 1963 1372 εἴρηται,

372 1392 515 1446 οὕτω
547 1393 641 1446 καί
670 1393 1058 1466 θυσιαστήριον
1101 1395 1160 1447 ἓν
1201 1395 1323 1448 καθ’
1354 1395 1482 1464 ὅλης
1535 1395 1634 1464 τῆς
1685 1393 1964 1462 Αἰγύπτου

375 1486 742 1558 ἐγηγερμένον
771 1489 827 1540 ἐν
864 1491 981 1551 ταῖς
1007 1487 1322 1558 ἐκκλησίαις
1338 1488 1432 1540 τοῦ
1447 1487 1581 1540 Θεοῦ
1605 1487 1966 1558 θυσιαστήρια

371 1577 648 1647 τυγχάνει,
707 1577 799 1630 καὶ
833 1578 931 1647 μία
976 1577 1039 1646 δὴ
1077 1577 1188 1649 (‘27)
1221 1578 1390 1648 στήλη
1420 1580 1608 1650 γραφὴ
1637 1578 1734 1630 σὺν
1767 1577 1846 1649 τῷ
1876 1577 1968 1632 θυ-

375 1670 674 1740 σιαστηρίῳ
703 1671 760 1722 ἐν
800 1669 1104 1739 δηλωθείσῃ
1150 1668 1304 1722 πόλει
1341 1669 1593 1739 συνέστη,
1659 1668 1967 1740 διορίζουσα

370 1764 497 1825 τοὺς
529 1763 754 1827 πιστοὺς
781 1761 889 1814 τῶν
923 1761 1258 1830 Αἰγυπτίων,
1291 1762 1387 1814 καὶ
1419 1762 1754 1834 ἀφορίζουσα
1767 1763 1968 1828 αὐτοὺς

368 1853 477 1906 τῶν
502 1854 765 1908 ἀπίστων.
814 1855 877 1908 Ἡ
910 1854 1006 1925 μὲν
1031 1849 1125 1907 οὖν
1159 1853 1418 1926 ἀνωτέρω
1448 1855 1529 1917 εἰς
1556 1853 1829 1925 φόϐητρον
1849 1857 1962 1919 τοῖς

369 1946 685 2013 Αἰγυπτίοις
731 1945 949 2000 ἔσεσθαι
996 1945 1264 2017 λεγομένη
1307 1945 1464 2017 χώρα
1515 1944 1624 1999 τῶν
1671 1944 1957 2011 Ἰουδαίων,

370 2037 469 2109 τὴν
503 2038 797 2110 Ἰουδαῖκὴν
821 2038 1116 2092 αἰνίττεται
1142 2039 1384 2109 Γραφὴν,
1413 2038 1508 2092 καὶ
1548 2038 1640 2092 τὸν
1691 2037 1793 2109 τῆς
1845 2039 1961 2092 Πα-

370 2128 528 2192 λαιᾶς
558 2129 833 2200 Διαθήκης
857 2129 1012 2198 λόγον
1037 2145 1051 2159 ⁸
1074 2130 1107 2200 ἡ
1132 2129 1190 2182 δὲ
1216 2129 1295 2200 τῷ
1324 2128 1562 2202 Χριστοῦ
1583 2129 1957 2200 θυσιαστηρίῳ

2064 576 2186 615 (ειιιιι
2217 561 2289 614 illi
2317 561 2449 616 olim
2478 563 2617 632 apud
2658 561 2948 636 Egyptios
2989 566 3221 636 reputati
3251 565 3324 620 dii
3367 567 3648 637 perierint,

2063 655 2262 708 ﬂumen
2291 654 2529 724 ipsorum
2561 655 2846 723 defecerit,
2870 658 3142 730 principes
3169 658 3382 714 Taneos
3407 669 3462 714 et
3487 659 3651 713 Mem-

2067 748 2233 816 pheos
2255 748 2502 802 inl'atuati
2529 747 2750 814 fuerint,
2777 761 2904 806 tunc
2922 752 3096 807 altare
3122 754 3264 822 apud
3294 751 3508 808 Judaeos
3545 753 3652 808 Do-

2069 839 2215 893 mino
2264 848 2668 907 nuncupatum,
2708 843 3148 898 constituendum
3207 844 3324 899 fore
3369 845 3651 915 ait,quod

2067 942 2197 982 Sane
2232 930 2305 982 rei
2343 937 2573 983 eventus
2599 929 2754 984 nobis
2785 931 2854 985 ob
2884 931 3071 986 oculos
3100 933 3288 1002 ponit;
3315 934 3387 987 ita
3424 945 3484 988 ut
3517 933 3648 987 dicti

2067 1021 2519 1090 complementum
2572 1020 2638 1074 ad
2685 1019 2923 1076 futurum
2967 1033 3178 1092 tempus
3217 1041 3324 1078 non
3364 1035 3651 1095 exspecte-

2073 1129 2211 1166 mus.
2251 1111 2714 1179 Quemadmodum
2751 1124 2930 1168 autem
2950 1130 3054 1169 una
3087 1115 3242 1182 ﬁdes,
3276 1134 3439 1171 unum
3474 1116 3654 1188 baptia

2069 1219 2204 1269 sma,
2243 1214 2298 1258 et
2333 1219 2439 1257 una
2469 1202 2707 1258 Ecclesia
2744 1204 2976 1271 dicitur,
3008 1207 3086 1262 sic
3109 1217 3163 1262 et
3187 1208 3376 1263 altaria
3419 1210 3651 1279 plurima

2069 1296 2122 1349 in
2161 1304 2272 1349 tota
2299 1292 2534 1364 IEgypto
2559 1294 2870 1358 constituta,
2902 1310 3000 1364 pro
3035 1312 3140 1351 uno
3171 1296 3326 1352 altari
3369 1299 3422 1351 in
3463 1297 3652 1353 Eccle-

2069 1387 2165 1442 siis
2213 1385 2304 1440 Dei
2359 1386 2658 1442 constituto
2694 1386 2942 1440 habenula
2981 1396 3140 1451 sunt,
3172 1398 3226 1442 et
3256 1403 3360 1443 una
3401 1383 3652 1444 columna

2068 1481 2184 1533 sive
2224 1479 2413 1548 cippus
2455 1494 2576 1532 cmn
2623 1477 2784 1532 altari
2829 1478 2881 1530 iu
2921 1478 3009 1533 illa
3049 1480 3271 1535 civitate
3318 1481 3492 1551 posita
3535 1489 3651 1545 est,

2070 1571 2256 1626 ﬁdeles
2303 1569 2585 1641 lEgyptios
2625 1569 2694 1625 ab
2730 1568 3035 1626 inﬁdelibus
3082 1585 3377 1642 segregans
3410 1587 3476 1628 ac
3513 1573 3654 1626 divis

2071 1667 2224 1723 dens.
2256 1666 2428 1738 Regio
2453 1666 2620 1737 igitur
2648 1666 2736 1722 illa
2770 1665 3106 1737 Iudaeorum,
3133 1686 3254 1744 qua:
3292 1671 3344 1725 in
3385 1683 3653 1729 terrorem

2070 1760 2344 1832 Egyptiis
2366 1760 2546 1815 futura
2578 1761 2797 1824 dicitur,
2836 1758 3115 1816 Judaicam
3161 1761 3473 1819 subindicat
3507 1765 3658 1821 Serio

2068 1860 2318 1923 pturam,
2356 1868 2418 1906 ac
2470 1851 2684 1909 Veteris
2723 1852 3059 1908 Testamenti
3110 1856 3370 1921 verbum;
3403 1855 3656 1913 columna

2067 1959 2198 2000 vero
2231 1960 2352 2000 cum
2373 1943 2577 2001 Christi
2615 1945 2772 2000 altari
2806 1945 3114 2015 conjuncta,
3144 1945 3278 2002 Novi
3326 1947 3658 2004 Testamenti

2068 2036 2419 2109 Evangelium
2467 2037 2890 2103 luerit,Christi
2941 2038 3126 2095 ﬁdeles
3160 2055 3227 2095 ex
3277 2038 3549 2112 Egyptiis
3585 2043 3658 2095 ab

2064 2128 2372 2183 inﬁdelibus
2395 2128 2800 2184 disterminans.

372 2224 772 2296 συνεζευγμένη
805 2223 975 2294 στήλη
1003 2223 1064 2276 τὸ
1096 2224 1196 2294 τῆς
1227 2225 1437 2296 Καινῆς
1464 2223 1741 2296 Διαθήκης
1774 2223 1859 2296 εἴη
1895 2225 1960 2278 ἂν
2000 2223 2353 2292 Εὐαγγέλιον,
2381 2220 2616 2295 διορίζον
2671 2222 2800 2287 τοὺς
2863 2223 2944 2288 εἰς
2999 2224 3091 2278 τὸν
3139 2223 3373 2298 Χριστὸν
3437 2223 3660 2280 πιστεύο

375 2336 567 2382 σαντας
583 2318 690 2371 τῶν
711 2316 1023 2386 Αἰγυπτίων
1051 2317 1159 2371 ἀπὸ
1182 2317 1291 2370 τῶν
1317 2317 1588 2372 ἀπίστων.

448 2427 467 2461 t
507 2408 616 2463 Καὶ
667 2407 818 2461 ἔσται
869 2409 949 2471 εἰς
1001 2411 1227 2481 σημεῖον
1259 2410 1340 2473 εἰς
1367 2409 1457 2463 τὸν
1493 2409 1664 2462 αἰῶνα
1687 2408 1876 2482 Κυρίῳ
1903 2409 1962 2464 ἐν

370 2499 526 2573 χώρα
558 2502 860 2570 Αἰγύπτου,
886 2501 969 2554 ὅτι
998 2501 1356 2573 κεκράξονται
1425 2502 1561 2577 πρὸς
1615 2500 1820 2574 Κύριον
1872 2501 1962 2555 διὰ

366 2595 492 2656 τοὺς
515 2593 794 2656 θλίϐοντας
822 2593 1040 2656 αὐτούς.
1068 2594 1178 2647 Kal.
1202 2595 1492 2648 ἀποστελεῖ
1517 2595 1703 2659 αὐτοῖς
1745 2594 1958 2667 ἅνθρω-

368 2701 470 2737 πον
525 2682 585 2749 ὃς
643 2682 805 2737 σώσει
863 2684 1092 2748 αύτούς·
1142 2685 1344 2757 κρίνων
1380 2685 1544 2740 σώσει
1565 2687 1786 2750 αὐτούς.
1847 2687 1960 2741 Καὶ

365 2777 606 2846 γνωστὸς
628 2776 781 2831 ἔσται
810 2775 1010 2849 Κύριος
1036 2780 1148 2842 τοῖς
1173 2779 1511 2848 Αἰγυπτίοις,
1535 2780 1631 2834 καὶ
1657 2778 1958 2850 γνώσονται

365 2871 416 2922 οἰ
453 2870 739 2940 Αἰγύπτιοι
787 2869 880 2923 τὸν
944 2871 1149 2942 Κύριον
1208 2871 1266 2924 ὲν
1311 2874 1378 2943 τῇ
1426 2871 1609 2944 ἡμέρᾳ
1634 2870 1956 2945 ὲκείνῃ,καὶ

366 2964 652 3034 ποιήσουσι
682 2961 872 3016 θυσίαν
895 2963 989 3016 καί
1021 2961 1216 3034 δῶρον,
1242 2964 1337 3017 καὶ
1369 2962 1615 3028 εὔξονται
1655 2963 1823 3034 εὐχὰς
1875 2962 1954 3034 τῷ

367 3054 579 3126 Κυρίῳ,
610 3053 704 3108 καὶ
754 3052 1116 3108 ἀποδώσουσι.
1157 3073 1178 3106 ι
1225 3053 1317 3106 Διὸ
1367 3053 1445 3124 τῷ
1509 3052 1721 3125 σημείῳ
1779 3052 1955 3124 τούτῳ

2141 2411 2306 2468 Vsus.
2337 2411 2428 2480 20,
2450 2410 2544 2464 21.
2578 2427 2598 2461 ι
2641 2409 2706 2464 Ει
2729 2407 2835 2464 erit
2865 2409 2917 2463 in
2941 2409 3153 2480 signum
3184 2409 3240 2464 iu
3269 2408 3526 2466 sarculum
3552 2408 3659 2462 Do.

2067 2507 2213 2560 mino
2241 2506 2294 2560 in
2325 2505 2544 2574 regione
2564 2501 2805 2574 Egypti,
2830 2516 3085 2570 quoniam
3111 2500 3426 2556 clamabunt
3450 2502 3518 2556 ad
3551 2501 3660 2556 Da-

2065 2601 2269 2655 minum
2307 2607 2529 2668 propter
2560 2596 2928 2666 opprimentes
2973 2609 3088 2649 eos.
3125 2594 3194 2648 Et
3237 2594 3414 2648 mittet
3445 2595 3528 2650 eis
3560 2594 3661 2651 ho-

2065 2693 2288 2754 minem,
2333 2690 2423 2760 qui
2457 2686 2837 2754 salvabiteos;
2871 2685 3126 2757 judicans
3169 2686 3401 2742 salvabit
3432 2701 3549 2743 eos.
3589 2687 3661 2742 Et

2063 2795 2224 2840 notus
2260 2781 2366 2838 erit
2406 2781 2670 2836 Dominus
2697 2778 2988 2851 IEgyptiis,
3018 2788 3074 2834 et
3123 2788 3453 2849 cognoscent
3483 2778 3660 2852 Egy-

2063 2876 2161 2946 ptii
2206 2874 2491 2929 Domimun
2536 2873 2590 2928 in
2645 2873 2733 2928 die
2761 2873 2871 2939 illa,
2920 2881 2978 2926 et
3009 2870 3212 2926 facient
3245 2871 3576 2926 sacriﬁcium
3605 2879 3663 2926 et

2063 2970 2288 3036 donum,
2338 2979 2394 3022 et
2439 2967 2712 3021 vovebunt
2765 2976 2890 3021 vota
2941 2964 3190 3029 Domino,
3238 2973 3294 3020 et
3343 2965 3589 3023 reddent.
3631 2983 3653 3018 ι

2063 3060 2461 3128 Quamobrem,‘
2482 3074 2622 3114 cum.
2649 3059 2752 3114 hoc
2780 3057 2936 3128 signo
2965 3073 3087 3114 sese
3115 3058 3327 3112 munire
3367 3057 3663 3115 didicerint

368 3144 919 3216 κατασφραγίζεσθαι
955 3147 1336 3218 μεμαθηκότες
1366 3148 1416 3200 οἰ
1437 3146 1528 3199 τὸν
1553 3147 1758 3219 Κύριον
1780 3163 1957 3218 παρα-

2063 3151 2328 3225 Egyptii,
2355 3153 2449 3222 qui
2476 3150 2760 3206 Dominum
2799 3160 3172 3220 susceperunt,
3203 3152 3304 3206 hoc
3360 3159 3663 3208 tutamenta

367 3234 677 3304 δεδεγμένοι
705 3234 993 3302 Αἰγύπτιοι
1029 3235 1384 3308 φυλακτηρίῳ
1414 3236 1590 3308 τούτῳ
1623 3238 1954 3309 κέχρηνται·

371 3322 510 3379 ὥστε
539 3327 633 3380 καὶ
663 3327 722 3378 ἐν
753 3329 874 3389 ταῖς
908 3327 1148 3398 θλίψεσιν
1175 3327 1323 3400 αὐτῷ
1357 3329 1571 3401 σημείῳ
1603 3329 1786 3402 βοηθῴ
1814 3329 1960 3402 χρών

375 3431 522 3468 aevo;
566 3416 800 3488 ἀναϐοᾷ-ι
839 3417 933 3470 καὶ
954 3419 1329 3474 ἐπικαλεῖσθαι
1366 3423 1458 3475 τὸν
1490 3420 1695 3494 Κύριον
1716 3419 1804 3475 διὰ
1831 3421 1960 3487 τοὺς

365 3507 741 3573 διαθλίϐοντας
773 3510 990 3574 αὐτούς.
1031 3512 1188 3576 Τίνες
1208 3512 1262 3564 δὲ
1291 3508 1430 3585 ἦσαν
1452 3508 1616 3579 οὗτοι,
1652 3513 1764 3567 ἀλλ’
1820 3513 1855 3584 ἢ
1908 3513 1960 3567 οἰ

365 3597 760 3666 ἀπομείνανηες
787 3603 852 3671 τῇ
883 3601 1127 3674 ἀπωλείᾳ
1162 3603 1452 3673 Αἰγύπτιοι
1476 3645 1491 3668 ,
1540 3605 1668 3678 περὶ
1717 3597 1792 3659 ὧν
1835 3607 1958 3658 κατ’

362 3691 538 3762 ἀρχὰς
581 3691 796 3761 ἐλέγετο
845 3695 944 3765 τῆς
1001 3697 1360 3767 προφητείας,
1426 3717 1445 3749 ι
1483 3698 1593 3750 Και
1651 3699 1959 3768 ἐπαναστή-

364 3801 549 3837 σονται
583 3785 869 3854 Αἰγύπτιοι
912 3789 1050 3859 πρὸς
1111 3790 1464 3858 Ᾱίγυπτίους,
1519 3790 1615 3843 καὶ
1659 3791 1957 3862 πολεμήσει

361 3875 653 3942 ἄνθρωπος
682 3878 772 3932 τὸν
802 3879 1032 3948 ἀδελφὸν
1063 3880 1253 3942 αὐτοῦ,
1288 3881 1441 3943 πόλις
1477 3881 1571 3934 ἐπὶ
1630 3882 1808 3947 πόλιν,
1862 3885 1957 3936 καί⁸

363 3969 530 4039 νομὸς
557 3970 650 4022 ἐπὶ
681 3971 862 4040 νομόν.
909 3990 926 4020 ι

440 4079 461 4112 ι
497 4062 609 4114 Καὶ
640 4061 869 4126 πατάξει
897 4063 1101 4135 Κύριος
1128 4065 1254 4128 τοὺς
1281 4065 1613 4133 Αἰγυπτίους
1649 4065 1832 4138 πληγῇ
1860 4066 1956 4121 καὶ

367 4152 577 4206 ἰάσεται
630 4153 860 4218 αὐτούς·
896 4156 991 4208 καὶ
1007 4157 1509 4228 ἐπιστραφήσονται
1543 4161 1683 4230 πρὸς
1726 4159 1952 4231 Κύριον,

364 4246 461 4300 καὶ
485 4245 866 4299 εἰσακούσεται
899 4245 1104 4309 αὐτῶν,
1141 4247 1235 4300 καὶ
1263 4248 1476 4302 ἰάσεται
1503 4248 1702 4314 αὐτοὺς
1737 4250 1897 4304 ίάσει.
1928 4269 1948 4301 ι

377 4338 529 4391 Ἑπεί
559 4337 667 4410 γὰρ
694 4356 711 4388 t
734 4337 797 4392 ὃν
832 4340 1024 4410 ἀγαπᾷ
1056 4339 1260 4410 Κύριος
1280 4380 1294 4404 ,
1327 4340 1420 4394 καὶ
1453 4340 1724 4395 παιδεύει’
1762 4360 1955 4414 μαστι-

364 4433 453 4499 γοῖ
474 4431 532 4484 δὲ
583 4430 760 4484 πάντα
793 4432 928 4498 υἱὸν,
964 4433 1024 4486 ὃν
1071 4433 1472 4504 παραδέχεται·
1502 4452 1520 4484 ι
1569 4434 1795 4504 εἰκότως
1858 4435 1952 4490 καὶ

2064 3255 2322 3312 utentur;
2355 3243 2430 3299 ita
2468 3253 2526 3297 ut
2565 3243 2619 3298 in
2674 3241 2937 3300 aerumnis
2979 3243 3171 3298 eodem
3200 3244 3356 3314 signo
3379 3257 3478 3313 pro
3505 3241 3663 3313 adju-

2065 3348 2182 3394 tore
2231 3335 2335 3403 usi,
2366 3334 2602 3391 clament
2633 3344 2690 3390 et
2743 3335 3000 3391 invocent
3053 3333 3344 3390 Dominum
3399 3335 3664 3391 adversus

2061 3445 2155 3485 eos
2223 3432 2315 3501 qui
2355 3445 2414 3486 se
2470 3427 2797 3500 oppriment.
2847 3426 3080 3494 Quinam
3115 3435 3312 3482 .autem
3363 3426 3438 3482 illi
3477 3439 3660 3492 erant,

2063 3523 2166 3576 nisi
2193 3523 2226 3577 ii
2258 3523 2350 3593 qui
2381 3523 2433 3576 in
2465 3521 2706 3593 pernicie
2731 3529 3053 3576 manserunt
3081 3518 3346 3592 Egyptii,
3367 3519 3435 3575 de
3463 3518 3662 3588 quibus

2061 3614 2115 3667 in
2146 3614 2442 3683 prophetiae
2467 3614 2621 3669 initio
2647 3613 2948 3679 dicebatur,
2970 3629 2991 3663 ι
3015 3611 3085 3666 Et
3129 3611 3661 3682 insurgentzﬁgyptii

2060 3713 2248 3760 contra
2279 3703 2590 3775 Egyptios,
2609 3713 2664 3758 et
2693 3703 2915 3758 bellabit
2954 3702 3118 3757 homo
3143 3702 3406 3756 adversus
3436 3702 3659 3756 fratrem

2059 3809 2238 3860 suum,
2295 3795 2486 3850 civitas
2515 3794 2779 3849 adversus
2808 3792 3083 3850 civitatem
3104 3834 3119 3859 ,
3143 3801 3200 3848 et
3242 3807 3438 3848 nomus
3465 3793 3660 3848 adver-

2058 3901 2151 3941 sus
2177 3901 2419 3941 nonnum.
2463 3905 2482 3939 ο

2132 4069 2292 4127 Vsus.
2317 4070 2448 4124 21¢
2467 4071 2534 4123 Ει
2564 4070 2833 4139 percutiet
2853 4069 3110 4125 Dominus
3138 4068 3430 4143 [Egyptios
3453 4070 3607 4142 plaga
3633 4110 3652 4134 .

2057 4175 2112 4220 et
2142 4163 2358 4218 sanabit
2397 4176 2513 4217 eos.
2565 4161 2632 4216 Et
2689 4169 3073 4218 convertentur
3119 4162 3187 4216 ad
3241 4160 3552 4227 llominum,
3596 4175 3654 4217 et

2055 4254 2308 4310 exaudiet
2332 4267 2448 4318 eos,
2481 4261 2537 4308 et
2570 4254 2792 4308 sanabit
2828 4268 2922 4309 eos
2959 4253 3267 4310 sanatione.
3296 4273 3315 4306 ι
3347 4254 3480 4321 Quia
3504 4253 3650 4309 enim

2061 4363 2082 4398 ι
2123 4362 2282 4418 quem
2314 4345 2485 4416 diligit
2515 4345 2678 4412 Deus,
2714 4347 2987 4416 castigat;
3027 4343 3266 4416 ﬂagellat
3309 4357 3492 4402 autem
3532 4361 3652 4401 om-

2056 4455 2181 4496 nem
2215 4439 2406 4505 ﬁlium,
2431 4452 2594 4508 quem
2631 4439 2864 4507 suscipit
2890 4439 2945 4506 ¹;
2985 4456 3006 4492 ι
3045 4437 3169 4507 jure
3197 4437 3486 4509 Egyptios
3521 4452 3652 4510 per-

361 4522 489 4586 τοῦς
520 4523 850 4591 Αἰγυπτίους
887 4527 1155 4579 πατάσσει
1179 4524 1430 4594 ἀγαπῶν,
1455 4525 1676 4579 ἐπειδὰν
1707 4527 1766 4580 ὲν
1797 4527 1957 4598 χρείᾳ

2063 4533 2250 4597 cutiet,
2297 4531 2400 4587 etsi
2431 4530 2640 4602 diligat,
2664 4530 2710 4585 si
2741 4530 2961 4600 quando
3018 4531 3379 4601 castigatione
3417 4539 3475 4586 et
3514 4546 3651 4587 cono

364 4610 619 4679 γίνωνται
641 4612 888 4678 παιδείας
923 4615 1016 4669 καί
1046 4615 1402 4688 ἐπιστροφῆς,
1437 4614 1552 4669 ἀλλ’
1597 4617 1698 4670 οὐκ
1729 4618 1810 4680 εἰς
1843 4636 1950 4689 μα·-

365 4703 538 4777 κράν·
599 4704 764 4776 μηδὲν
813 4705 870 4758 δὲ
920 4705 1287 4779 ὑπερθέμενος
1343 4708 1487 4760 ἰᾶται
1545 4711 1610 4779 τῇ
1658 4708 1822 4762 αὑτοῦ
1870 4711 1951 4764 ἰά-

369 4812 471 4849 σει.

442 4907 460 4939 ι
492 4889 570 4960 Τῇ
631 4888 816 4960 ἡμέρᾳ
866 4888 1053 4962 ἐκείνῃ
1108 4887 1262 4942 ἔσται
1307 4889 1426 4954 ὁδὸς
1471 4890 1750 4960 Αἰγύπτου
1813 4893 1950 4965 πρὸς

379 4978 710 5051 Ἀσσυρίους,
744 4981 840 5035 καὶ
879 4979 1280 5034 εἰσελεύσονται
1327 4981 1602 5055 Ἀσσύριοι
1656 4985 1794 5056 πρὸς
1851 4985 1949 5038 Αί-

368 5084 588 5137 γυπτον,
616 5075 711 5128 καὶ
739 5073 1026 5143 Αἰγύπτιοι
1055 5074 1412 5144 πορεύσονται
1434 5075 1573 5146 πρὸς
1609 5076 1948 5149 Ἀσσυρίους,

367 5161 461 5215 καὶ
481 5163 848 5220 δουλεύσουσιν
877 5165 1166 5235 Αἰγύπτιοι
1207 5168 1320 5230 τοῖς
1360 5166 1717 5240 Ἀσσυρίοις.»
1757 5169 1949 5222 Ἀσσυ-

368 5251 518 5321 ρίους
540 5253 597 5306 δὲ
625 5257 862 5311 ἐνταῦθα
885 5254 1038 5330 οἶμαι
1067 5257 1253 5313 καλεῖν
1297 5257 1397 5330 τὴν
1432 5257 1655 5330 Γραφὴν
1675 5260 1804 5324 τοὺς
1837 5261 1936 5315 νῦν

364 5341 734 5415 καλουμένους
757 5347 960 5417 Σύρους
979 5364 994 5379 ⁸
1030 5347 1172 5404 κατὰ
1191 5348 1254 5402 τὸ
1270 5348 1436 5403 πάλαι
1465 5349 1523 5403 δὲ
1544 5351 1594 5402 οἰ
1624 5349 1724 5421 τὴν
1747 5351 1948 5420 Συρίαν

435 5458 453 5490 ¹
489 5455 654 5512 Hebr.
688 5475 785 5528 κη,
809 5465 864 5518 6.

435 5569 549 5646 (26)
578 5591 614 5646 ⁸ι
665 5573 740 5627 Ita
773 5585 951 5629 autem
988 5593 1151 5632 unum
1193 5580 1367 5636 altare
1405 5578 1627 5640 dicitur,
1673 5579 1947 5646 quomodo

364 5643 487 5718 u_na_
523 5643 676 5718 ﬁdes,
703 5654 758 5699 et
808 5661 973 5699 unum
1020 5649 1308 5718 baptisma.
1339 5659 1393 5704 ct
1438 5664 1545 5704 una
1587 5643 1846 5703 Ecclesia.
1882 5648 1952 5703 Et

367 5712 568 5789 titulis:
584 5712 1232 5789 juxtahterminum'ejus
1268 5719 1517 5784 Domino,
1555 5719 1698 5773 haud
1727 5719 1950 5789 dubium

365 5783 495 5854 quin
527 5783 950 5856 Evarigeliuinet
973 5783 1345 5856 apostolorum
1377 5783 1580 5862 scripta
1622 5787 1942 5859 signiﬁcet.»

571 5903 846 5968 PHROL.
891 5905 1006 5965 Gn.
1056 5886 1290 5967 XXIV.

2055 4625 2306 4679 versione
2359 4638 2496 4694 opus
2542 4621 2821 4687 habeant;
2860 4623 2954 4677 sed
3003 4623 3058 4678 id
3095 4638 3202 4679 non
3241 4624 3308 4679 ad
3335 4623 3654 4680 diuturnum

2058 4724 2269 4785 tempus
2303 4714 2502 4781 faciet;
2532 4728 2597 4768 ac
2624 4713 2758 4769 nihil
2790 4715 3277 4784 comperendinans
3313 4716 3652 4773 curationem

2057 4816 2112 4861 et
2141 4804 2407 4860 medelam
2439 4805 2740 4862 adhibebit.

2127 4896 2294 4953 Vens.
2316 4897 2409 4952 25.
2435 4916 2454 4949 ι
2487 4898 2545 4952 1η
2572 4899 2660 4954 die
2693 4898 2783 4953 illa
2810 4899 2919 4955 erit
2941 4899 3026 4954 via
3048 4899 3270 4973 Egypti
3289 4903 3358 4957 ad
3375 4901 3650 4974 Assyrios,

2057 4997 2115 5043 et
2169 4989 2541 5058 ingredientur
2584 4991 2791 5062 Assyrii
2829 4993 2882 5047 in
2928 4991 3223 5065 Egyptum
3249 5033 3265 5058 ,
3304 5003 3360 5049 et
3403 4992 3652 5065 Egyptii

2058 5078 2216 5136 ibunt
2256 5081 2324 5135 ad
2361 5081 2616 5154 Assyrios
2660 5095 2716 5140 et
2749 5087 2991 5140 servient
3033 5085 3274 5158 Aigyptii
3323 5086 3587 5157 Assyriis.
3623 5104 3645 5139 ι

2055 5171 2314 5243 Assyrios
2351 5175 2440 5230 hic
2483 5186 2614 5246 puto
2640 5192 2670 5231 a
2707 5177 2991 5248 Scriptura
3020 5182 3203 5235 vocari
3232 5195 3350 5246 eos,
3383 5179 3476 5248 qui
3505 5192 3652 5233 nunc

2058 5261 2182 5333 Syri
2211 5267 2582 5337 appellantur;
2615 5268 2744 5324 olim
2773 5271 2973 5342 quippe
3000 5272 3208 5342 Assyrii
3237 5269 3651 5336 vocabanturii.

2055 5358 2146 5411 νιιί
2195 5357 2409 5430 Syriam
2448 5372 2505 5416 et
2542 5361 2988 5419 Mesoaotamiam
3050 5363 3380 5421 incolebant.
3436 5363 3648 5420 Inimici

2055 5579 2182 5666 llaec
2230 5583 2625 5666 llieronymus,
2671 5590 2763 5666 qui
2817 5591 2979 5646 etiam
3020 5589 3245 5646 inferius
3279 5593 3347 5647 de
3390 5592 3546 5666 Syris
3593 5605 3647 5651 et

2059 5652 2328 5726 [Egyptiis
2359 5652 2462 5710 non
2497 5652 2672 5726 pauca
2691 5652 2820 5715 hinc
2852 5671 3148 5716 mutuatur.

2069 5670 2328 5795 ωῗγριιιε
2359 5671 2462 5710 non
2497 5671 2672 5726 pauca
2695 5670 2820 5741 hinc
2852 5671 3108 5715 mutuatui

2069 5797 2090 5806 ⁵
2153 5724 2246 5796 27)
2280 5728 2702 5798 Στηλοῃοαερία
2731 5730 2870 5787 altus
2889 5733 3108 5801 γραφεῖ.
