4118 6396
445 362 551 416 255
1192 357 1457 414 EUSEBII
1499 355 1967 413 CrES.-\RIENSlS
2004 357 2036 410 Ο

2142 397 2153 409 .
2195 353 2373 409 PARS
2411 353 2499 409 III.
2528 384 2600 395 -ι
2629 353 3045 412 EXEGETICA.

3620 355 3728 413 236

447 494 627 539 autem
664 491 851 537 mutuo
884 488 1039 536 erant
1075 479 1309 551 Egyptii
1356 490 1411 533 et
1444 478 1674 550 Assyrii,
1711 493 1773 533 ac
1819 494 2034 547 semper

2141 478 2230 531 καὶ
2261 475 2688 545 Μεσοποταμίαν
2718 475 2996 537 οἰκοῦντες
3041 472 3312 545 Ἀσσύριοι
3340 472 3727 543 ἐχρημάτιζον,

448 584 641 630 mutuo
672 572 875 630 infesti.
914 571 1069 626 Nunc
1099 584 1279 625 autem
1314 586 1551 641 praesens
1584 586 1767 625 sermo
1797 587 2041 627 commu.

456 669 673 723 nionem
728 666 858 737 ipsis
905 676 960 720 ct
1014 665 1449 719 rommistionem
1501 664 1854 730 vaticinatur,
1900 664 2045 733 quod

451 774 725 829 nunquam
759 760 892 812 alias
917 756 1117 811 factum
1154 753 1499 809 fuerat.Nam
1537 765 1661 810 ante
1681 753 2047 809 Romanorum

451 851 737 920 imperium
770 849 1019 919 proprios
1048 861 1203 918 reges
1226 847 1503 902 habebant
1527 844 1773 917 [Egyptii
1793 856 1846 900 et
1876 846 2045 917 Assy-

451 938 811 1011 rii;ngyptii
862 937 1083 1009 quidem
1141 934 1500 1003 Ptolemaeus,
1532 936 1656 1006 Syri
1711 942 1891 989 autem
1936 935 2049 990 An-

453 1037 613 1093 tiochi
654 1046 707 1091 et
742 1034 997 1089 Demetrii
1028 1042 1300 1105 posteros,
1337 1034 1390 1087 in
1438 1047 1674 1103 quorum
1712 1030 1892 1087 medio
1935 1032 2044 1088 sita

446 1131 654 1195 Iudaea,
682 1145 710 1183 a
741 1127 976 1199 propriis
1006 1127 1136 1181 item
1184 1126 1521 1198 principibus
1569 1125 1878 1196 regebatur.
1910 1124 2046 1180 Cum

451 1229 628 1275 autem
652 1219 876 1273 Iudaica
910 1233 1045 1290 gens
1080 1217 1405 1273 intermedia
1439 1225 1604 1280 esset,
1626 1215 1786 1271 modo
1814 1230 1843 1269 ο
1869 1214 2047 1287 Syris,

358 1338 361 1345 -
450 1311 610 1364 modo
657 1326 686 1363 a
727 1307 1035 1362 Ptolemaeis
1086 1306 1230 1360 bello
1289 1307 1672 1375 impetcbatur.
1715 1303 1828 1359 lmo
1881 1305 2046 1359 etiam

451 1402 720 1474 Egyptiis
758 1399 967 1455 inimici
1019 1397 1141 1470 Syri
1190 1407 1372 1465 erant,
1423 1406 1479 1452 et
1512 1396 1755 1469 Egyptii
1807 1397 2049 1468 Assyriis

451 1498 676 1557 hostes;
706 1503 763 1548 ut
786 1493 1012 1547 minime
1049 1490 1221 1545 libera
1274 1501 1419 1547 esset
1471 1490 1701 1545 alterius
1755 1490 1938 1560 populi
1981 1488 2048 1543 ad

449 1589 682 1640 alterum
716 1585 1001 1655 profectio.
1034 1582 1149 1639 Hoc
1178 1594 1334 1654 pacto
1366 1597 1427 1637 se
1456 1597 1545 1638 res
1582 1581 1710 1637 olim
1752 1582 2044 1637 habebant.

449 1678 522 1732 At
570 1685 690 1746 post
751 1677 1038 1733 adventum
1105 1674 1317 1730 Domini
1370 1675 1423 1726 in
1478 1672 1810 1744 Egyptum,
1862 1686 2049 1742 pacem

450 1768 954 1839 profundissimam,
986 1783 1050 1824 ac
1084 1768 1519 1824 communionem
1547 1765 2049 1835 commerciumque

2159 569 2373 641 Ἐχθροὶ
2392 568 2450 622 δὲ
2469 564 2611 639 ἦσαν
2647 568 2936 638 Αἰγύπτιοι
2970 567 3064 619 καὶ
3108 566 3404 637 Ἀσσύριοι,
3445 566 3542 619 καὶ
3574 565 3734 630 πολέ-

2151 679 2261 732 μιοι
2286 660 2556 715 διετέλουν
2586 659 2739 723 ὄντες
2775 660 2839 713 ἐκ
2860 658 2953 712 τοῦ
2988 658 3206 722 παντός.
3239 657 3356 711 Νῦν
3379 657 3435 712 δὲ
3469 659 3500 712 6
3542 658 3739 717 παρὼν

2147 753 2304 821 λόγος
2335 751 2620 806 κοινωνίαν
2648 751 2832 814 αὐτοῖς
2873 750 2966 804 καὶ
2994 747 3275 819 ὲπιμιξίαν
3296 747 3565 813 θεσπίζει,
3595 750 3738 821 ὅπερ

2147 846 2267 900 οὐδὲ
2282 846 2468 900 ἄλλοτε
2499 845 2694 914 γέγονέ
2722 860 2882 919 ποτε.
2908 843 3023 915 Πρὸ
3051 842 3161 913 γὰρ
3182 842 3282 914 τῆς
3324 842 3422 895 Ῥο
3438 842 3615 913 μαίων
3638 843 3739 915 άρ-

2147 937 2250 1009 χ’ἠς
2286 937 2583 1003 ἰδιάζοντας
2611 932 2757 1007 εἰχον
2806 933 3062 1005 βασιλέας
3090 935 3143 987 οἵ
3196 950 3257 987 τε
3307 933 3596 1003 Αἰγύπτιοι
3642 935 3739 989 καὶ

2162 1027 2471 1101 Ἀσσύριοι·
2535 1031 2586 1082 οἰ
2642 1027 2931 1095 Αἰγύπτιοι
2993 1026 3092 1098 μὲν
3145 1026 3273 1091 τοὺς
3321 1025 3695 1097 Πτολεμαίους
3719 1065 3736 1091 ,

2149 1119 2309 1194 Σύροι
2350 1122 2409 1176 δὲ
2462 1122 2588 1186 τοὺς
2625 1121 2735 1176 ἀπὸ
2796 1120 3071 1191 Ἀντιόχου
3127 1119 3221 1172 καὶ
3279 1119 3593 1191 Δημητρίου
3620 1136 3635 1150 ·
3658 1112 3736 1175 ὧν

2152 1216 2290 1288 μέση
2313 1214 2541 1286 κειμένη
2574 1218 2609 1287 ἡ
2650 1213 2882 1269 Ἰουδαία
2923 1214 3019 1267 καὶ
3050 1211 3201 1276 ἰδίοις
3226 1211 3321 1265 καί
3341 1211 3479 1283 αὐτὴ
3508 1211 3736 1282 ἄρχουσι

2149 1308 2500 1379 ἐκυϐερνᾶτο.
2533 1306 3016 1378 Μεσολαὸούμενον
3041 1305 3101 1360 δὲ
3140 1305 3202 1359 τὺ
3244 1304 3514 1359 Ἰουδαίων
3561 1303 3736 1368 ἔθνος,

2150 1398 2280 1453 ποτὲ
2314 1399 2413 1470 μὲν
2454 1398 2558 1452 ὑπὸ
2585 1398 2771 1471 Σύρων
2797 1398 3112 1469 ἐπολεμεῖτο
3131 1439 3144 1458 ,
3174 1396 3305 1450 ποτὲ
3344 1396 3404 1450 δὲ
3436 1396 3542 1450 ὑπὸ
3600 1396 3739 1450 Πτο-

2150 1489 2410 1564 λεμαίων.
2477 1491 2635 1546 Ἀλλὰ
2665 1493 2760 1546 καὶ
2790 1491 3109 1561 Αἰγυπτίοις
3160 1489 3456 1559 ἐτύγχανον
3490 1490 3541 1543 οἱ
3574 1488 3737 1562 Σύροι

2152 1583 2424 1654 πολέμιοι*
2460 1584 2751 1654 Αἰγύπτιοι
2792 1584 2849 1638 δὲ
2890 1586 3004 1647 τοίς
3049 1582 3357 1653 Ἀσσυρίοις
3395 1581 3736 1653 διεμάχοντο,

2150 1676 2225 1740 ὡς
2256 1676 2463 1749 ἄμικτα
2496 1671 2635 1731 εἶναι
2659 1678 2842 1741 αὐτοῖς
2870 1676 2964 1730 καὶ
2996 1674 3290 1740 ἁδιαϐάτας
3335 1674 3433 1740 τὰς
3483 1675 3618 1747 πρὸς
3643 1674 3740 1729 ἀλ»

2151 1766 2350 1839 λήλους
2379 1769 2626 1841 πορείας.
2657 1768 2894 1823 Τοιαῦτα
2922 1767 3023 1840 μὲν
3054 1763 3147 1822 οῦν
3187 1767 3481 1838 ἐτύγχανον
3522 1766 3590 1821 τὰ
3632 1766 3739 1822 πά-

394 1868 399 1873 ‘
452 1860 588 1929 ipsis
627 1859 866 1914 futurum
893 1875 1135 1930 praesens
1182 1873 1368 1914 sermo
1396 1858 1745 1927 prtenuntiat.
1784 1856 1877 1911 Ille
1917 1870 2036 1909 vere

2148 1859 2258 1915 λαι,
2299 1839 2465 1915 Martii
2497 1860 2555 1915 δὲ
2605 1862 2705 1934 τὴν
2734 1839 3042 1933 ἄφιξινίτοῦ
3076 1860 3283 1931 Κυρίου
3326 1859 3425 1931 τὴν
3456 1859 3537 1924 εἰς
3568 1860 3734 1929 Αἰγυ-

452 1966 569 2018 eos,
601 1950 694 2021 qui
728 1950 852 2004 olim
886 1950 1089 2005 inimici
1122 1960 1299 2018 erant,
1329 1949 1500 2020 Syros
1540 1950 1685 2014 dico,
1706 1948 1961 2018 Assyrios
1991 1955 2049 2001 et

451 2040 728 2108 Israelem,
755 2050 941 2097 mutuo
971 2042 1243 2109 cmiciliat,
1277 2051 1443 2112 atque
1469 2056 1630 2095 unam
1664 2055 1856 2095 omnes
1877 2053 1907 2093 a
1934 2039 2046 2093 Deo

452 2136 887 2192 benedictionem
915 2145 1236 2208 accepturos
1270 2136 1436 2202 dicit;
1463 2136 1536 2189 ita
1567 2143 1630 2191 ut
1659 2135 1772 2203 jam
1799 2149 1904 2189 non
1931 2148 2046 2188 am-

449 2229 592 2298 plius
625 2227 789 2283 Israel
816 2229 983 2283 altum
1009 2229 1209 2298 sapiat,
1248 2237 1507 2299 nequeut
1541 2228 1691 2283 solus
1728 2228 2047 2283 benedictus

450 2330 641 2376 contra
666 2320 801 2375 alios
828 2335 947 2377 sese
967 2321 1216 2377 extollat.
1249 2319 1383 2387 Quis
1410 2334 1541 2391 ergo
1576 2318 1852 2376 Romanos
1885 2334 2048 2376 exer-

450 2415 592 2485 citus
618 2428 686 2468 ex
723 2413 987 2485 Syrorum
1018 2414 1213 2469 militia
1255 2414 1452 2469 videns
1481 2412 1859 2484 Egyptiorum
1886 2411 2041 2482 capi-

451 2484 597 2560 tibus
626 2484 935 2571 imminere,
973 2515 1029 2562 et
1079 2504 1367 2577 Egyptios
1405 2506 1513 2560 illis
1544 2506 1775 2569 servire,
1808 2506 2046 2575 prophe-

451 2599 541 2650 tia:
575 2603 828 2650 eventum
855 2611 960 2650 non
996 2597 1340 2652 admiretur?
1368 2595 1502 2663 Quis
1551 2611 1660 2649 non
1701 2597 2047 2665 Obstupescat

451 2702 686 2743 cernens
731 2686 1016 2759 Egyptios
1058 2689 1230 2745 libero
1272 2689 1507 2744 transitu
1534 2688 1751 2759 Syriam
1799 2696 2047 2758 petentes

450 2793 518 2834 ac
545 2779 785 2835 vicissim
810 2780 983 2852 Syros
1013 2782 1131 2837 sine
1152 2782 1308 2837 obice
1346 2781 1400 2836 in
1439 2779 1736 2852 [Egyptum
1781 2782 2046 2836 acceden-

450 2878 556 2937 tes,
586 2879 750 2942 atque
770 2885 864 2927 eos
884 2873 931 2927 vi
948 2872 1320 2930 dominatricis
1338 2874 1589 2943 potentiae
1617 2872 1866 2927 subditos
1888 2872 2047 2927 esse?

451 2963 716 3035 Quodque
749 2965 988 3020 omnium
1019 2965 1485 3020 mirabilissimum
1520 2971 1623 3029 est,
1662 2965 1714 3017 in
1761 2962 2045 3034 prophetia

453 3058 617 3121 dixit,
637 3058 827 3112 eodem
865 3066 1110 3128 tempore
1148 3057 1290 3128 apud
1327 3056 1496 3127 Syros
1525 3066 1581 3113 et
1617 3054 1941 3127 IEgyptios,
1979 3070 2045 3111 ac

451 3150 508 3204 in
553 3159 695 3204 terra
721 3149 888 3205 Israel
933 3149 1159 3221 populos
1199 3149 1290 3205 Dei
1334 3150 1474 3216 fore,
1520 3150 1775 3220 ipsosque
1815 3147 2042 3205 benedi-

453 3253 607 3297 ctos:
636 3251 695 3297 ut
723 3241 883 3298 Israel
913 3256 1021 3298 non
1045 3242 1275 3313 amplius
1299 3239 1515 3296 differat
1538 3240 1610 3296 ab
1631 3239 1906 3310 Egyptio,
1940 3253 2036 3293 ne-

450 3349 559 3405 que
605 3350 635 3390 a
681 3335 861 3406 Syro;
926 3349 1099 3405 neque
1158 3335 1299 3403 apud
1349 3334 1517 3389 Deum
1559 3333 1731 3403 pluris
1772 3332 2035 3386 habeatur

452 3429 648 3498 Syrus,
677 3441 838 3496 quam
874 3427 1038 3481 Israel
1095 3426 1180 3481 vel
1235 3423 1560 3495 Egyptius;
1596 3438 1769 3494 neque
1788 3423 2032 3479 vicissim

451 3519 739 3591 (Egyptius
774 3520 952 3574 minor
976 3520 1048 3573 sit
1073 3519 1216 3589 apud
1253 3520 1422 3575 Deum
1451 3516 1653 3573 lsraele
1682 3526 1738 3572 et
1767 3516 1925 3589 Syro.

2148 1970 2283 2008 πτον
2321 1955 2545 2026 εἰρήνην
2573 1954 2898 2026 βαθυτάτην,
2935 1955 3218 2020 κοινωνίας
3246 1971 3306 2008 τε
3333 1955 3429 2008 καὶ
3456 1952 3739 2024 ἐπιμιξίας

2148 2048 2177 2099 6
2206 2044 2397 2117 παρὼν
2426 2047 2585 2116 λόγος
2608 2047 2794 2112 αὐτοῖς
2826 2045 3253 2117 εὐαγγελίζεται.
3296 2048 3357 2102 '0
3388 2046 3487 2118 μὲν
3529 2045 3594 2117 δὴ
3642 2041 3737 2100 οῦν

2149 2139 2375 2209 συνάγει
2429 2141 2557 2202 τοὺς
2612 2139 2779 2194 πάλαι
2824 2140 3073 2213 ἐχθροὺς,
3126 2140 3272 2210 λέγω
3316 2139 3382 2212 δὴ
3415 2140 3620 2211 Σύρους
3639 2141 3736 2193 καὶ

2146 2231 2484 2301 Αἰγυπτίους
2509 2232 2606 2285 καὶ
2643 2232 2736 2286 τὸν
2774 2232 3020 2305 Ἰσραὴλ,
3059 2235 3190 2305 μιᾶς
3232 2250 3292 2287 τε
3336 2230 3587 2301 εὐλογίας
3634 2232 3735 2303 τῆς

2148 2323 2300 2395 παρὰ
2332 2322 2467 2377 Θεοῦ
2496 2322 2777 2389 τεύξεσθαι
2810 2321 3007 2386 αὐτούς
3038 2337 3202 2392 φησιο
3237 2321 3314 2385 ὡς
3353 2321 3549 2393 μηκέτι
3594 2321 3736 2393 μέγα

2146 2418 2366 2489 φρονεῖν
2388 2416 2479 2470 τὸν
2511 2415 2753 2489 Ἰσραὴλ,
2776 2415 2911 2487 μηδὲ
2939 2414 3369 2487 κατεπαίρεσθαι
3389 2414 3499 2469 τῶν
3536 2415 3733 2479 ἄλλων,

2145 2509 2223 2573 ὡς
2254 2507 2413 2579 μόνον
2442 2507 2832 2580 ηὐλογημένον.
2850 2507 2946 2572 Τίς
2961 2503 3077 2570 οῦν,
3092 2507 3391 2579 ὀφθαλμοῖς
3415 2507 3559 2580 ὀρῶν
3572 2525 3738 2581 στρα-

2146 2599 2346 2653 τόπεδα
2393 2599 2681 2670 Ῥωμαϊκά
2701 2598 2889 2670 Σύρων
2910 2598 3121 2671 ἀνδρῶν
3160 2599 3302 2654 κατὰ
3323 2598 3564 2671 κεφαλῆς
3622 2598 3734 2653 τῶν

2146 2691 2462 2759 Αἰγυπτίων
2490 2691 2866 2762 ἐγκαθήμενα,
2910 2690 3243 2759 Αἰγυπτίους
3265 2707 3325 2743 τε
3348 2689 3561 2753 τούτοις
3610 2689 3735 2743 δου-

2145 2782 2423 2848 λεύοντας,
2462 2784 2563 2837 οὐκ
2607 2783 2673 2837 ἂν
2731 2782 3034 2854 ἐκπλαγείη
3092 2783 3191 2854 τὴν
3235 2782 3336 2853 τῆς
3395 2782 3735 2854 προφητείας

2147 2873 2525 2940 ἔκδασιν;Τίς
2573 2874 2631 2928 δὲ
2684 2875 2748 2929 οὐ
2800 2874 3137 2946 θαυμάσεται
3193 2873 3337 2945 ὁρῶν
3399 2873 3734 2943 Αἰγυπτίους

2146 2965 2319 3031 ἀδεῶς
2340 2965 2433 3019 ἐπὶ
2459 2966 2560 3037 τὴν
2592 2966 2780 3038 Σύρων
2807 2966 3178 3030 διαϐαίνοντας
3207 2965 3412 3037 χώραν,
3439 2965 3645 3039 Σύρους
3669 2983 3731 3020 τε

2145 3057 2439 3122 ἀκωλύτως
2467 3057 2846 3120 ἐπιϐαίνοντας
2883 3059 2999 3121 τοῖς
3040 3058 3379 3126 Αἰγυπτίοις,
3408 3057 3636 3131 δυνάμει
3666 3073 3727 3110 τε

2142 3149 2473 3221 ἁρχοντικῆς
2502 3148 2751 3214 ἔξουσίας
2797 3149 3370 3221 καταδεδουλωμένονς
3394 3149 3619 3216 αὐτούς,
3653 3148 3727 3201 τὸ

2141 3241 2203 3295 δὲ.
2227 3240 2484 3295 ἁπάντων
2532 3240 2963 3312 παραδοξότατον
2981 3280 2996 3307 ,
3020 3240 3225 3311 ταύτην
3251 3241 3425 3313 ἦρατο
3463 3240 3603 3295 κατά
3632 3241 3728 3295 τδν

2141 3335 2303 3389 αὐτὸν
2348 3334 2540 3406 χρόνον
2574 3335 2724 3406 παρὰ
2757 3333 2951 3406 Σύροις
2992 3335 3087 3388 καὶ
3115 3337 3243 3406 παρ’
3275 3334 3593 3404 Αἰγυπτίοις
3633 3334 3730 3387 καὶ

2142 3430 2202 3481 ἐν
2235 3430 2302 3498 τῇ
2327 3430 2400 3499 γῇ
2427 3425 2523 3479 τοῦ
2567 3427 2783 3499 Ἰσραὴλ
2816 3426 2981 3489 λαοὺς
3027 3426 3246 3480 ἔσεσθαι
3296 3425 3377 3497 τῷ
3434 3424 3575 3496 θεῷ,
3634 3440 3730 3480 και

2144 3517 2365 3581 τούτους
2386 3518 2833 3591 ηὐλογημένους·
2873 3518 2951 3582 ὼς
3004 3519 3139 3591 μηδὲ
3194 3518 3398 3591 μηκέτι
3449 3518 3728 3591 διαφέρειν

448 3614 539 3668 τὸν
580 3614 796 3687 Ἰσραήλ
822 3615 916 3668 τοῦ
959 3614 1278 3685 Αἰγυπτίου,
1318 3614 1458 3685 μήτε
1502 3612 1598 3666 τοῦ
1639 3612 1835 3685 Σύρου,
1888 3613 2023 3684 μηδὲ
2058 3613 2396 3667 διαλλάττειν
2455 3614 2607 3685 παρὰ
2656 3613 2775 3686 Θεῷ
2792 3613 3026 3687 κρείττω
3047 3614 3138 3668 τὸν
3159 3613 3331 3678 Σύρον
3355 3612 3451 3667 τοῦ
3485 3613 3721 3685 Ἰσραὴλ,

452 3707 585 3780 μηδὲ
642 3707 737 3761 τοῦ
767 3706 1085 3776 Αἰγυπτίου,
1150 3706 1273 3778 μηδ’
1307 3701 1378 3760 αὖ
1406 3704 1593 3767 πάλιν
1646 3704 1740 3759 τὸν
1776 3705 2094 3776 Αίγύπτιον
2133 3705 2488 3761 ἐλαττοῦσθαι
2542 3706 2692 3778 παρὰ
2751 3706 2872 3777 Θεῷ
2929 3705 3026 3761 τοῦ
3094 3705 3309 3778 Ἰσραὴλ
3353 3706 3387 3777 ἢ
3456 3705 3551 3761 τοῦ
3619 3706 3719 3761 Σύο

515 3818 565 3853 υ.

515 3818 565 3853 υ.

451 3817 688 3946 poVsus.
727 3892 823 3946 24.
870 3911 889 3944 ι
916 3894 974 3947 In
1015 3892 1105 3946 die
1157 3893 1248 3947 illa
1296 3892 1404 3947 erit
1438 3891 1602 3946 Israel
1639 3892 1832 3947 tertius
1882 3893 2029 3946 inter

452 3983 757 4054 Egyptios,
807 3991 859 4036 et
898 3983 1039 4037 inter
1086 3982 1339 4053 Assyrios
1398 3984 1716 4039 benedictus
1752 3982 1807 4036 in
1856 3990 2025 4047 terra,

451 4086 616 4141 quam
652 4070 930 4126 benedixit
969 4071 1229 4125 Dominus
1256 4070 1515 4135 Sabaoth,
1547 4074 1638 4143 qui
1669 4072 1821 4137 dicit,
1859 4070 2027 4128 Bene-

453 4163 635 4221 dictus
663 4163 894 4234 populus
923 4177 1099 4232 meus,
1118 4165 1214 4234 qui
1252 4176 1336 4220 est
1361 4166 1414 4219 in
1431 4165 1761 4237 Egypto,et
1785 4167 1837 4220 in
1855 4168 2026 4238 Assy-

450 4256 572 4321 riis,
618 4266 673 4313 et
712 4256 1004 4311 baareditas
1052 4271 1172 4312 mea
1222 4256 1413 4312 Israel.
1444 4277 1463 4311 ι
1523 4257 1681 4324 Quod
1706 4258 1752 4313 si
1787 4257 2019 4323 dicatur,

2209 3908 2229 3941 ι
2252 3889 2332 3959 Τῇ
2357 3884 2541 3957 ἡμέρᾳ
2574 3882 2759 3955 ἐκείνῃ
2778 3881 2934 3935 ἔσται
2973 3878 3189 3952 Ἰσραὴλ
3211 3878 3396 3951 τρίτος
3419 3879 3478 3934 ἐν
3496 3881 3608 3944 τοῖς
3639 3879 3720 3931 Αἰ-

2129 3981 2400 4052 γυπτίοις,
2450 3975 2544 4029 καὶ
2569 3976 2626 4027 ἐν
2670 3975 2781 4037 τοῖς
2818 3972 3127 4044 Ἀσσυρίοις
3155 3969 3528 4042 ηὐλογημένος
3572 3972 3631 4029 ὲν
3658 3970 3722 4040 τῇ

2127 4077 2223 4145 γῇ,
2253 4072 2320 4143 ἦν
2349 4069 2619 4140 ηὐλογησε
2651 4066 2857 4139 Κύριος
2907 4063 3135 4120 Σαϐαὼθ
3184 4066 3215 4117 6
3240 4063 3413 4132 λέγων
3433 4078 3449 4093 ·
3485 4063 3726 4132 Εὐλογη.

2131 4166 2289 4237 μένος
2312 4164 2342 4216 6
2370 4162 2497 4225 λαός
2529 4177 2630 4232 μου
2669 4160 2698 4212 6
2722 4160 2781 4214 ὲν
2800 4157 3083 4228 Αἰγύπτῳ,
3116 4157 3213 4210 καὶ
3239 4156 3268 4208 6
3292 4158 3350 4209 ὲν
3390 4154 3714 4225 Ἀσσυρίοις,

2126 4256 2221 4311 καὶ
2249 4258 2282 4325 ἡ
2309 4252 2643 4326 κληρονομία
2677 4268 2778 4322 μου
2810 4248 3045 4321 Ἰσραήλ.
3071 4267 3091 4300 ι
3128 4247 3256 4301 Ἐὰν
3274 4247 3331 4301 δὲ
3362 4247 3584 4317 λέγηται
3610 4244 3722 4316 τρί-

449 4351 667 4409 tertium
692 4349 857 4406 Israel
890 4351 1038 4405 inter
1064 4349 1356 4423 Egyptios
1388 4362 1445 4405 et
1488 4350 1746 4422 Assyrios
1776 4350 2019 4405 futurum

2141 4364 2219 4411 τος
2257 4344 2473 4417 Ἰσραὴλ
2517 4346 2578 4397 ὲν
2624 4345 2736 4405 τοῖς
2778 4340 3102 4409 Αἰγυπτίοις
3132 4339 3229 4392 καὶ
3279 4340 3337 4392 ἐν
3366 4338 3478 4402 τοῖς
3522 4337 3715 4389 Ἀσσυ-

447 4456 590 4507 esse,
629 4441 975 4497 benedictum
1021 4441 1076 4496 in
1130 4452 1297 4507 terra,
1330 4455 1491 4511 quam
1527 4440 1809 4496 benedixit
1843 4441 2026 4496 Domi-

446 4546 555 4588 nus
600 4532 957 4598 cxercituum,
985 4546 1054 4587 ne
1091 4532 1256 4586 aliam
1282 4540 1536 4601 putemus
1568 4545 1692 4585 esse
1724 4538 1928 4586 terram
1956 4531 2024 4585 ab

446 4622 694 4679 Ecclesia
750 4622 869 4679 Dei.
917 4620 1024 4679 Per
1075 4623 1245 4679 Israel
1290 4631 1474 4675 autem
1526 4619 1756 4690 intelligi
1816 4629 2020 4690 potest,

447 4718 652 4773 chorus
678 4717 860 4772 omnis
890 4726 1205 4772 sanctorum
1237 4715 1727 4788 religiosorumque
1755 4712 2017 4774 virorum,

446 4811 541 4882 qui
571 4825 637 4865 ex
669 4808 893 4866 Iudaica
917 4819 1079 4881 gente
1105 4810 1349 4867 defuncti
1379 4817 1524 4864 sunt.
1569 4807 1916 4877 Quapropter
1934 4806 2021 4861 di-

445 4905 607 4968 citur,
655 4922 676 4956 ι
705 4903 772 4958 Et
803 4903 1091 4960 bareditas
1126 4918 1247 4958 mea
1286 4902 1477 4957 Israel.
1510 4900 1645 4956 Nam
1674 4899 1899 4971 quando
1938 4899 2020 4952 di-

442 4997 666 5052 videbat
692 4996 1013 5052 Altissimus
1051 5004 1269 5068 gentes,
1320 4994 1461 5049 facta
1496 5005 1584 5048 est
1637 5009 1763 5063 pars
1807 4992 2020 5047 Domini

444 5085 674 5156 populus
702 5084 820 5153 ejus
863 5083 1057 5149 Jacob,
1106 5084 1383 5139 funiculus
1415 5082 1752 5137 hasrcditatis
1786 5081 1909 5149 ejus
1945 5081 2022 5135 ls-

442 5176 554 5232 rael
578 5179 656 5232 ⁸.»
684 5176 837 5232 Nunc
859 5186 1040 5231 autem
1069 5174 1313 5246 Egyptii
1348 5174 1578 5245 populus
1606 5175 1747 5242 ejus,
1778 5181 1831 5226 et
1856 5186 2018 5241 pOpu-

445 5267 528 5322 Ius
557 5269 676 5338 ejus
707 5267 1048 5333 benedictus,
1084 5276 1383 5341 vocantur;
1416 5274 1471 5318 et
1497 5262 1709 5334 Assyrii
1737 5261 2011 5316 similiter.

441 5358 575 5412 Illud
600 5370 801 5425 autem,
852 5357 950 5412 «In
1000 5366 1171 5424 terra,
1234 5371 1396 5426 quam
1450 5354 1735 5410 benedixit
1758 5351 2019 5407 Dominus

445 5447 708 5514 Sabaoth,
749 5470 766 5502 ι
810 5450 877 5505 ad
920 5450 1203 5505 cmlestem
1235 5461 1451 5517 quoque
1491 5455 1692 5499 terram
1724 5441 2015 5505 referatur,

444 5543 510 5595 de
548 5557 652 5611 qua
687 5543 821 5597 dicit
847 5542 1122 5610 Salvator,
1169 5560 1188 5594 ι
1226 5540 1376 5596 Beati
1412 5536 1873 5606 mites,quuniatn
1914 5534 2014 5603 ipsi

514 5758 534 5787 ’
563 5757 716 5811 Deut.
753 5772 926 5821 xxxii,
957 5759 1010 5810 8.

2133 4434 2268 4511 ρίόις
2296 4435 2534 4498 ἔσεσθαι,
2555 4432 2916 4503 εὐλογημένος
2947 4432 3005 4483 ἓν
3032 4433 3101 4501 τῇ
3130 4432 3201 4501 γῇ
3228 4431 3295 4501 ἣν
3320 4429 3578 4499 εὐλόγησε
3600 4424 3717 4481 Κύ-

2134 4546 2245 4602 ριος
2274 4526 2522 4589 Σαδαὼθ,
2559 4525 2633 4596 μὴ
2655 4523 2847 4594 ἑτέραν
2873 4520 3181 4593 νομίζωμεν
3210 4514 3472 4592 εἶναιτὴν
3496 4518 3600 4589 γῆν
3619 4517 3719 4588 τῆς

2143 4620 2470 4689 Ἐκκλησίας
2505 4617 2598 4671 τοῦ
2634 4615 2792 4669 Θεοῦ.
2862 4613 3075 4685 Ἰσραὴλ
3105 4612 3163 4666 δὲ
3203 4611 3441 4666 νοεῖσθαι
3494 4609 3717 4665 δύναται

2131 4713 2226 4767 καὶ
2248 4714 2356 4776 πᾶς
2382 4713 2411 4765 6
2457 4710 2615 4781 χορὸς
2646 4708 2754 4761 τῶν
2782 4707 2952 4775 ἁγίων
2997 4705 3093 4759 καὶ
3123 4703 3384 4773 θεοφιλῶν
3411 4701 3625 4774 ἀνδρῶν
3650 4704 3716 4756 ὲκ

2125 4805 2218 4859 τοῦ
2255 4804 2521 4858 Ἰουδαίων
2551 4801 2738 4864 ἔθνους
2767 4797 3271 4870 προεξεληλυθότων
3314 4794 3408 4849 τοῦ
3452 4795 3588 4866 βίου.
3624 4794 3715 4847 Διὸ

2124 4894 2375 4949 λέλεκται
2394 4910 2407 4923 ’
2447 4911 2463 4943 ι
2488 4892 2598 4946 Καὶ
2617 4893 2651 4962 ἡ
2679 4889 3013 4961 κληρονομία
3039 4903 3140 4958 μου
3182 4886 3421 4957 Ἰσραήλ.
3456 4886 3586 4939 Ὀτε
3605 4884 3715 4956 γὰρ

2125 4985 2430 5058 διεμέριζεν
2458 4986 2485 5037 6
2522 4984 2781 5053 Ὗψιστος
2827 4981 2976 5051 ἔθνη,
3013 4978 3244 5050 ἐγενήθη
3296 4994 3452 5049 μερς
3505 4976 3713 5047 Κυρίου

2126 5080 2254 5142 λαὸς
2308 5074 2473 5133 αὐτοῦ
2538 5072 2749 5140 Ἰακὼϐ,
2803 5072 3090 5143 σχοίνισμα
3139 5058 3501 5140 κληρονομίας
3548 5064 3712 5120 αὐτοῦ

2138 5167 2374 5239 Ἰσραήλ.
2406 5184 2425 5219 ι
2455 5164 2569 5220 Νῦν
2596 5165 2653 5218 δὲ
2683 5165 2775 5218 καὶ
2798 5162 3084 5230 Αἰγύπτιοι
3118 5159 3245 5223 λαὸς
3275 5159 3441 5213 αὐτοῦ
3472 5158 3711 5229 εἴρηται,

2125 5260 2221 5311 καὶ
2251 5259 2379 5321 λαὸς
2411 5256 2576 5311 αὐτοῦ
2614 5255 2998 5325 εὐλογημένος,
3047 5252 3142 5304 καί
3178 5250 3449 5322 Ἀσσύριοι
3489 5248 3710 5320 ὁμοίως.

2125 5349 2198 5402 Τὸ
2220 5349 2300 5413 δὲ,
2334 5368 2354 5401 ε
2376 5349 2465 5408 Ἑν
2496 5351 2561 5419 τῇ
2595 5351 2665 5419 γῇ
2694 5348 2763 5418 ἢν
2792 5346 3066 5415 ηὐλόγησε
3094 5343 3296 5415 Κύριος
3330 5342 3578 5407 Σαϐαὼθ,
3605 5360 3627 5394 ι
3654 5343 3713 5394 ε-

2125 5460 2209 5512 χοι
2233 5442 2298 5496 ἂν
2323 5440 2420 5512 τὴν
2454 5440 2734 5509 ἀναφορὰν
2775 5439 2869 5491 καὶ
2919 5438 3012 5489 ἐπὶ
3046 5437 3142 5508 τὴν
3189 5437 3531 5508 ἐπουράνιον,
3585 5436 3713 5504 περὶ

2122 5532 2189 5608 ἧς
2220 5552 2383 5606 φησιν
2412 5537 2439 5587 6
2471 5534 2692 5604 Σωτήρ·
2729 5552 2746 5582 ι
2770 5530 3046 5602 Μακάριοι
3103 5532 3151 5583 οἱ
3186 5532 3404 5602 πραεῖς,
3432 5529 3513 5582 ὅτι
3558 5526 3712 5578 αὐτοὶ
