4118 6384
399 394 503 449 «εδ-ι

1357 382 1868 442 COMMENTARIA
1908 384 1980 440 lN
2020 384 2276 442 ISAIAM.
2319 417 2386 425 ——
2423 387 2573 443 CAP.
2616 387 2738 444 XX.

3566 401 3674 455 Q38

398 504 863 580 κληρονομήσουσι
918 509 1017 573 την
1073 500 1208 570 γῆν·
1241 519 1258 552 ι
1291 499 1420 554 ἔνθα
1453 501 1548 554 καὶ
1577 503 1612 571 ἡ
1662 500 1982 571 ἐπουράνιος

2089 503 2444 570 possidebunt
2471 513 2673 559 terram
2696 506 2740 568 ³,
2780 524 2799 558 ›
2835 507 2926 562 ubi
2966 518 3022 563 ct
3062 511 3306 568 caelestis
3339 511 3670 583 Jerusalem,

407 596 780 669 Ἰερουσαλὴμ,
811 594 905 647 καὶ
931 593 993 646 τὸ
1023 591 1161 647 Σιὼν
1186 592 1311 664 ὅρος
1341 594 1663 663 ἐπουράνιον
1688 592 1846 645 Θεοῦ.

917 683 1313 738 ΚΕΨΑΛΔΙΟΝ
1367 684 1453 737 Κ’.

470 801 488 832 ί
508 777 616 833 Τοῦ
645 779 798 842 ἔτους
829 768 892 831 οὗ
925 776 1142 847 εἰσῆλθε
1174 775 1425 830 Ταναθὰν
1460 778 1541 839 εἰς
1577 774 1840 840 Ἀζωτον,
1867 777 1984 847 ἡνί-

395 890 466 927 κα
498 872 780 943 ἀπεστάλη
836 870 940 924 ὑπὸ
983 869 1148 942 Ἀρνὰ
1205 869 1472 940 βασιλέως
1511 869 1836 940 Ἀσσυρίων,
1890 868 1985 923 καὶ

395 964 702 1036 ἐπολέμησε
728 963 828 1035 τὴν
852 962 1115 1026 Ἀζωτον,
1145 963 1241 1015 καὶ
1266 961 1596 1015 κατελάϐετο
1616 963 1790 1032 αὐτήν
1815 979 1829 991 ’
1861 961 1983 1015 τότε

396 1056 627 1129 ὲλὰλησε
662 1056 863 1126 Κύριος
914 1055 1052 1126 πρὸς
1087 1054 1315 1107 Ἡσαΐαν
1353 1054 1526 1122 λέγων
1551 1069 1565 1084 ο
1597 1052 1858 1124 Πορεύου,
1889 1054 1984 1107 καὶ

394 1146 560 1217 ἄφελε
582 1147 672 1200 τὸν
702 1147 905 1200 σάκκον
931 1145 1040 1197 ἀπὸ
1069 1144 1168 1214 τῆς
1191 1143 1392 1212 ὀσφύος
1425 1159 1538 1196 σου.
1567 1161 1586 1196 ι
1613 1143 1904 1214 Θαυμάσαι
1928 1144 1985 1197 δὲ

395 1237 511 1292 ἔστι
535 1237 628 1290 τὸν
657 1235 992 1308 προφητικὸν
1032 1234 1167 1305 βίον,
1195 1235 1254 1288 ὃν
1286 1239 1315 1289 6
1352 1235 1451 1307 μὲν
1493 1235 1813 1300 Ἀπόστολος
1842 1254 1986 1308 παρ-

393 1331 620 1402 έστησεν
664 1328 854 1392 εἰπὼν,
887 1347 906 1378 ι
947 1327 1246 1399 Περιῆλθον
1267 1329 1326 1381 ὲν
1349 1328 1642 1399 μηλωταῖς,
1669 1330 1727 1383 ὲν
1758 1328 1986 1398 αἰγείοις

390 1423 678 1494 δέρμασιν,
699 1410 1105 1492 ὖστερούμενοι,
1136 1419 1461 1490 θλιϐόμενοι,
1477 1419 1903 1510 κακουχούμενοι
1921 1437 1934 1450 ·
1961 1440 1980 1472 ι

393 1517 429 1588 ή
455 1517 512 1570 δὲ
534 1513 780 1588 παροῦσα
809 1513 999 1584 Γραφὴ
1023 1513 1104 1566 ἐνὶ
1130 1513 1388 1584 ἐνδύματι
1418 1514 1607 1586 σάκκῳ
1635 1514 1726 1568 τὸν
1760 1515 1986 1569 Ἡσαΐαν

395 1609 736 1681 κεχρημένον
756 1609 986 1675 εἰσάγει,
1026 1605 1326 1659 πενθοῦντα
1343 1605 1544 1679 δηλαδὴ
1573 1607 1670 1661 καί
1694 1607 1987 1662 ἁποκλαιό-

393 1717 553 1771 μενον
589 1701 713 1762 τοὺς
745 1697 832 1751 διὰ
864 1697 963 1760 τὰς
1007 1695 1214 1761 οἰκείας
1241 1695 1495 1762 ἀσεϐείας
1539 1697 1756 1769 μακρὰν
1789 1699 1989 1752 ἀποπί-

389 1808 620 1854 πτοντας
646 1790 739 1843 τοῦ
769 1789 926 1843 Θεοῦ.

2086 606 2142 648 et
2167 594 2296 649 Sion
2330 611 2484 650 mons
2507 598 2752 653 cmlcstis
2781 599 2873 654 Dei
2900 611 3006 655 est.

2680 688 2913 746 CAPUT
2951 692 3071 750 XX.

2159 778 2324 832 Vens.
2357 780 2409 844 l,
2437 778 2493 836 2.
2533 798 2551 830 ι
2597 779 2651 833 lu
2690 796 2833 835 anno
2880 798 2989 852 quo
3027 785 3312 856 ingressus
3361 799 3448 844 est
3491 787 3672 843 Tana-

2088 869 2215 923 than
2247 872 2500 932 Azotum,
2535 883 2658 924 cum
2687 873 2888 930 missus
2920 886 3006 930 est
3036 878 3106 931 ab
3138 879 3286 934 Arna
3339 895 3470 951 rege
3499 882 3670 952 Assy-

2086 963 2316 1026 riorum,
2344 970 2400 1014 et
2429 966 2762 1034 oppugnavit
2786 966 3040 1031 Azotum,
3077 980 3132 1024 et
3161 973 3306 1040 cepit
3345 985 3504 1028 eam:
3541 982 3670 1029 tunc

2088 1050 2304 1106 locutus
2351 1061 2434 1106 est
2483 1053 2748 1108 Dominus
2793 1058 2860 1109 ad
2905 1057 3097 1128 Isaiam
3135 1061 3350 1128 dicens,
3403 1064 3575 1131 Vade,
3613 1077 3670 1121 et

2087 1142 2243 1196 aufer
2302 1157 2524 1198 saccum
2549 1163 2579 1198 a
2612 1145 2813 1202 lumbis
2850 1149 2976 1202 luis.
3011 1168 3030 1202 ι
3076 1149 3263 1208 Mirari
3309 1156 3454 1212 subit
3536 1174 3666 1228 pro-

2089 1235 2360 1304 pheticum
2419 1237 2624 1296 vitam,
2677 1254 2843 1308 quam
2893 1241 3192 1310 Apostolus
3237 1247 3535 1304 declaravit
3583 1250 3668 1304 his

2087 1327 2293 1393 verbis,
2335 1347 2354 1378 ι
2380 1326 2725 1384 Circuierunt
2756 1331 2808 1384 in
2842 1332 3059 1388 melotis
3088 1345 3142 1389 et
3187 1337 3240 1392 in
3277 1341 3514 1410 caprinis
3555 1344 3670 1412 pel-

2088 1412 2254 1479 libus,
2303 1427 2548 1488 egentes,
2596 1420 2918 1490 angustiati,
2973 1421 3162 1479 afﬂicti
3213 1426 3256 1481 ⁵.
3293 1447 3314 1481 ι
3363 1429 3490 1485 Haec
3536 1445 3668 1488 vero

2090 1502 2374 1574 Scriptura
2431 1507 2627 1564 Isaiam
2701 1525 2812 1565 uno
2867 1514 3125 1568 vestitum
3209 1531 3370 1575 sacco
3422 1523 3668 1582 inducit:

2088 1591 2362 1662 lugentem
2392 1595 2627 1662 scilicet,
2673 1608 2729 1655 et
2763 1599 3198 1671 illaerymantem
3267 1622 3431 1678 super
3470 1613 3536 1670 iis
3572 1615 3670 1685 qui

2089 1688 2159 1742 ob
2194 1687 2506 1758 impietates
2536 1703 2665 1747 suas
2687 1692 2877 1762 procul
2906 1694 3230 1752 exciderant
3258 1714 3290 1755 a
3326 1700 3454 1758 Deo.

463 1903 482 1935 ι
511 1885 624 1936 Καὶ
652 1883 722 1937 τὰ
783 1882 1043 1938 σανδάλιά
1075 1899 1170 1936 σου
1209 1881 1478 1936 ὑπόλυσαι
1514 1881 1624 1936 ἀπὸ
1646 1881 1756 1937 τῶν
1809 1881 1982 1936 ποδῶν

2162 1867 2327 1925 Vens.
2356 1871 2411 1926 5.
2455 1890 2473 1924 ι
2503 1872 2570 1928 Ει
2598 1873 2974 1932 calceamenta
3007 1886 3098 1935 tua
3144 1880 3296 1938 solve
3325 1883 3396 1941 de
3440 1887 3670 1954 pedibus

390 1990 507 2028 σου.
565 1975 676 2028 Καὶ
706 1974 964 2046 δποίησεν
1003 1973 1198 2040 οὕτως,
1257 1972 1626 2046 πορευόμενος
1655 1973 1863 2045 γυμνὸς
1895 1974 1988 2028 καὶ

389 2067 736 2139 ἀνυπόδετος.
769 2069 883 2122 Καὶ
914 2064 1037 2121 εἶπε
1069 2066 1296 2138 Κύριος,
1327 2067 1388 2120 ὸν
1414 2066 1618 2139 τρόπον
1653 2067 1988 2138 πεπόρευται

400 2134 630 2222 Ἱίσαϊας
657 2162 685 2213 6
718 2162 847 2224 παῖς
882 2177 982 2231 μου
1007 2134 1216 2230 γυμνὸς
1243 2158 1338 2212 καὶ
1360 2134 1690 2222 ἀνυπόδετος
1709 2134 1836 2230 τρια
1868 2158 1985 2230 ἔτη,

389 2252 515 2322 τρία
545 2251 638 2322 ἔτη
663 2251 816 2306 ἔσται
843 2253 923 2315 εἰς
953 2254 1154 2323 σημεῖα
1181 2252 1276 2306 καὶ
1303 2251 1507 2323 τέρατα
1537 2253 1651 2314 τοῖς
1669 2249 1991 2320 Αἰγυπτίοις

392 2344 489 2395 καὶ
513 2342 779 2413 Αἰθίοψιν.
810 2362 828 2396 ι
861 2343 935 2396 Τὸ
957 2343 1015 2397 δὲ
1045 2343 1406 2396 κελευσθέντα
1425 2343 1630 2412 γυμνὸν
1655 2342 1870 2412 βαδίσαι
1895 2344 1991 2398 καὶ

395 2435 471 2506 μὴ
501 2435 788 2506 μελλῆσαι,
811 2436 1015 2508 πρᾶξαι
1044 2437 1106 2490 δὲ
1134 2435 1293 2490 τοῦτο
1315 2435 1658 2508 παραχρῆμα
1683 2437 1770 2490 ἐπ’
1790 2436 1991 2505 ὀφθαλο

395 2526 516 2596 μῶν
571 2525 682 2579 τῶν
733 2526 1019 2597 παρόντων
1062 2524 1232 2595 αὐτῷ,
1271 2525 1536 2597 μεγίστης
1592 2525 1838 2596 ὑπακοῆς
1895 2525 1990 2578 καὶ

276 2648 285 2658 ο
391 2617 700 2690 προθυμίας
731 2617 834 2686 τῆς
866 2617 1004 2690 πρὸς
1035 2619 1127 2672 τὸν
1157 2618 1288 2671 Θεὸν
1319 2618 1517 2690 δεῖγμα
1545 2618 1774 2688 γένοιτο,
1812 2635 1990 2691 παρα-

392 2711 669 2781 στήμτός
718 2727 779 2763 τε
813 2710 909 2764 καί
935 2712 1283 2782 φρονήματος
1313 2710 1645 2784 ἐπῃρμένου,
1682 2713 1864 2766 πᾶσαν
1891 2711 1991 2784 τὴν

391 2802 522 2872 παρ’
557 2799 865 2872 ἀνθρώποις
895 2801 1053 2868 δόξαν
1102 2802 1161 2855 ἐν
1183 2803 1359 2856 οὐδενὶ
1385 2802 1690 2874 τιθεμένου.
1714 2803 1902 2858 Ταῦτα
1931 2803 1990 2857 δὲ

390 2891 701 2962 πράξαντος
731 2891 825 2946 τοῦ
853 2893 1158 2964 προφήτου,
1189 2891 1261 2946 τὰ
1287 2893 1450 2963 ὃμοια
1474 2891 1759 2946 πείσεσθαι
1791 2893 1870 2964 τῷ
1891 2892 1988 2948 τοῦ

392 2985 674 3055 προφήτου
711 2985 950 3056 σχήματι
1013 2987 1141 3049 τοὺς
1194 2985 1530 3054 Αἰγυπτίους
1580 2984 1988 3056 πολεμηθέντας

394 3077 500 3130 ὑπὸ
542 3077 839 3148 Ἀσσυρίων
880 3078 1042 3149 φησιν
1069 3080 1099 3131 ὁ
1131 3077 1286 3141 Θεὸς,
1315 3078 1560 3148 γυμνοὺς
1593 3078 1688 3130 καὶ
1727 3076 1988 3131 ἀνυποδέ-

393 3185 517 3232 τους
537 3168 967 3240 ἀπαχθήσεσθαι,
998 3170 1058 3222 οὐ
1085 3169 1298 3239 μόνους,
1328 3169 1466 3222 ἀλλὰ
1491 3169 1584 3222 καὶ
1609 3169 1736 3233 τοὺς
1763 3169 1986 3223 ἐπικου-

400 3260 588 3329 ρήσειν
617 3259 712 3311 καὶ
768 3259 1150 3328 συμμαχήσειν
1202 3259 1385 3322 αὐτοῖς
1413 3258 1980 3322 ἐλπισθένταςΑἰθίο-

397 3361 526 3412 πᾳς.
559 3348 651 3418 Τῷ
699 3347 808 3421 γὰρ
858 3348 1053 3419 πλήθει
1083 3349 1192 3404 τῶν
1241 3351 1515 3404 Αἰθιόπων
1559 3351 1654 3406 καί
1683 3353 1750 3423 τῇ
1777 3351 1982 3407 τούτων

395 3443 560 3514 χειρὶ,
590 3441 800 3512 μεγάλα
832 3443 950 3494 κατ’
981 3442 1158 3495 ἐκεῖνο
1210 3443 1401 3516 καιροῦ
1446 3443 1789 3515 δυναμένων,
1847 3445 1982 3518 θαρ-

395 3535 615 3605 ροῦντες
664 3536 712 3587 οἱ
767 3534 1074 3602 Αἰγύπτιοι,
1124 3537 1606 3610 καταφρονητικῶς
1637 3537 1844 3608 εἴχοντο
1873 3538 1983 3592 τῶν

405 3627 733 3699 Ἀσσυρίων·
765 3625 881 3680 ἀλλ’
911 3629 940 3681 ὁ
981 3627 1114 3700 Θεὸς
1144 3628 1204 3682 τὸ
1238 3629 1428 3700 μέλλον
1458 3630 1746 3701 προφαίνει
1785 3630 1980 3699 λέγων,

399 3737 416 3768 ε
436 3719 533 3772 Ὃν
567 3717 772 3788 τρόπον
797 3717 1130 3789 πεπόρευται
1161 3721 1190 3773 6
1231 3722 1362 3784 παῖς
1388 3738 1489 3792 μου
1531 3720 1755 3785 Ἡσαΐας
1777 3720 1982 3790 γυμνὸς

391 3808 486 3862 καὶ
520 3809 865 3876 ἀνυπόδετος,
898 3828 916 3860 ι
952 3811 1048 3863 καὶ
1069 3811 1140 3864 τὰ
1167 3809 1314 3882 ἑξῆς.

467 3899 819 3962 ι”Οτιοῦτως
849 3899 966 3964 ἄξει
1013 3901 1266 3971 βασιλεὺς
1309 3901 1612 3972 Ἀσσυρίων
1653 3902 1756 3972 τὴν
1779 3905 1982 3973 αἰχμα-

389 3991 590 4045 λωσίαν
620 3990 897 4058 Αἰγύπτου
921 3991 1017 4042 καὶ
1047 3990 1340 4054 Αἰθιόπων,
1373 3991 1685 4056 νεανίσκους
1721 3994 1813 4047 καὶ
1845 4012 1980 4065 πρε-

392 4083 594 4146 σϐύτας
624 4083 865 4152 γυμνοὺς
895 4081 990 4134 καὶ
1013 4081 1394 4146 ἀνυποδέτους,
1429 4085 1979 4157 ἀνακεκαλυμμένους

391 4173 490 4246 τὴν
508 4173 770 4244 αἰσχύνην
798 4173 1096 4241 Αἰγύπτου.
1123 4193 1141 4224 ι
1172 4173 1322 4238 Δόξει
1354 4173 1421 4228 τὰ
1465 4176 1800 4246 προκείμενα
1825 4178 1980 4230 ἐναν-

390 4265 480 4319 τία
509 4261 648 4317 εἶναι
675 4267 786 4328 τοῖς
819 4264 1023 4336 ἀρτίως
1072 4266 1404 4336 εἰρημένοις,
1449 4267 1516 4319 δι’
1541 4261 1616 4320 ὧν
1646 4267 1863 4320 ἔσεσθαι
1887 4269 1982 4322 Αἰ-

391 4356 636 4426 γυπτίων
669 4355 765 4408 καὶ
821 4353 1121 4424 Ἀσσυρίων
1149 4355 1431 4425 ἐπιμιξίαν
1461 4356 1682 4428 εἴρηκεν
1715 4359 1744 4410 ὀ
1780 4357 1938 4426 λόγος
1961 4375 1974 4387 ⁸

389 4448 486 4500 νῦν
516 4448 572 4501 δὲ
605 4447 695 4499 τὸν
728 4445 950 4514 βασιλέα
999 4445 1111 4499 τῶν
1148 4446 1446 4518 Ἀσσυρίων
1478 4447 1857 4518 αἰχμαλώτους
1882 4449 1978 4520 λή-

2092 1961 2221 2014 tuis.
2260 1961 2328 2017 Et
2356 1961 2487 2019 fecit
2530 1966 2630 2035 ita,
2672 1968 2957 2027 ambulans
2981 1971 3158 2030 nudus
3186 1983 3242 2029 et
3283 1975 3669 2036 discalceatus.

2089 2049 2158 2105 Et
2187 2053 2327 2108 dixit
2351 2055 2636 2122 Dominus,
2661 2062 3121 2128 quemadmodum
3149 2067 3450 2126 ambulavit
3477 2087 3672 2132 servus

2090 2157 2246 2199 meus
2307 2143 2474 2203 Isaias
2507 2148 2686 2205 nudus
2733 2160 2790 2206 et
2815 2152 3172 2214 discalceatus
3202 2169 3315 2216 tres
3337 2176 3535 2231 annos,
3558 2173 3672 2222 tres

2089 2237 2217 2310 anni
2246 2250 2406 2293 erunt
2433 2241 2486 2294 in
2518 2243 2674 2313 signa
2703 2254 2758 2299 et
2792 2247 3038 2318 prodigia
3067 2247 3342 2322 IEgyptiis
3375 2264 3431 2309 et
3455 2255 3672 2313 Ethio-

2088 2329 2269 2397 pilius.
2307 2349 2326 2382 ι
2383 2330 2536 2397 Quod
2591 2333 2853 2403 jubeatur
2895 2341 3072 2396 nudus
3120 2343 3376 2400 incedere
3422 2355 3479 2403 et
3529 2349 3670 2404 nihil

2090 2422 2366 2490 cunctari,
2396 2423 2557 2494 idque
2605 2428 2897 2486 confestim
2939 2447 3102 2503 agere
3149 2436 3202 2489 in
3251 2435 3428 2494 oculis
3473 2448 3669 2495 astati-

2092 2512 2249 2580 tium,
2306 2516 2560 2572 maximae
2614 2535 2748 2576 sane
2798 2522 3176 2593 obsequentia:
3225 2543 3354 2597 erga
3394 2528 3565 2586 Deum
3612 2542 3672 2589 et

2089 2604 2416 2672 alacritatis,
2431 2611 2607 2677 parati
2639 2611 2768 2666 item
2791 2614 3154 2686 sublimisque
3181 2619 3353 2673 animi
3380 2635 3670 2693 argumen-

2091 2705 2204 2753 tum
2237 2697 2426 2766 fuerit,
2453 2702 2545 2772 qui
2579 2703 2873 2761 humanam
2913 2708 3142 2778 gloriam
3169 2725 3236 2766 ne
3265 2710 3419 2768 llocci
3446 2715 3666 2784 quidem

2089 2787 2276 2845 faciat.
2309 2791 2437 2848 Haec
2479 2806 2660 2850 autem
2713 2809 2909 2869 agente
2959 2802 3248 2872 propheta,
3281 2804 3347 2860 iis
3386 2821 3507 2876 quae
3533 2825 3668 2879 pro-

2090 2882 2252 2974 pheta
2307 2889 2761 2956 repraesentabat,
2805 2891 3003 2947 similia
3063 2910 3322 2965 passuros
3377 2899 3670 2974 Egyptios

2089 2973 2160 3029 ab
2190 2973 2432 3046 Assyriis
2463 2976 2761 3036 debellatus
2804 2984 3053 3051 praedicit
3087 2985 3258 3054 Dens;
3313 2973 3668 3050 nudosvide-

2088 3063 2215 3120 licet
2240 3076 2297 3120 et
2327 3067 2688 3126 discalceatos
2730 3073 3024 3130 abductum
3059 3078 3161 3144 iri;
3199 3096 3377 3152 neque
3403 3083 3526 3142 illos
3553 3095 3668 3142 tan-

2089 3167 2226 3225 tum,
2277 3164 2371 3215 sed
2419 3164 2586 3218 etiam
2643 3166 2952 3236 Ethiopas,
2987 3184 3124 3238 quos
3177 3174 3245 3227 ad
3301 3176 3563 3233 auxilium
3608 3191 3666 3233 et

2087 3253 2464 3309 commilitium
2506 3269 2767 3313 venturos
2813 3272 2935 3314 esse
2979 3263 3331 3329 sperabatur.
3385 3265 3664 3338 Siquidem

2085 3345 2409 3417 [Ethiopnm
2441 3363 2508 3405 eo
2538 3359 2783 3421 tempore
2817 3354 3106 3410 admodum
3145 3359 3479 3428 potentium,
3527 3364 3638 3417 mni

2087 3438 2304 3495 titudini
2349 3451 2402 3497 et
2438 3445 2621 3498 manui
2667 3444 2896 3502 fidentes
2945 3445 3214 3519 Egyptii,
3259 3452 3516 3520 Assyrios
3567 3457 3666 3511 ile-

2085 3533 2294 3601 spectui
2327 3533 2605 3590 habebant
2629 3554 2643 3590 :
2670 3547 2724 3591 at
2748 3537 2890 3594 Deus
2929 3539 3170 3595 futurum
3202 3549 3532 3612 praenuntiat
3576 3550 3627 3602 di

2084 3637 2237 3691 cens,
2274 3643 2294 3675 ι
2325 3624 2794 3690 Quemadmodum
2821 3631 3122 3687 ambulavit
3177 3649 3368 3692 servus
3419 3652 3574 3692 meus
3620 3641 3665 3693 l-

2085 3717 2228 3769 saias
2263 3718 2440 3772 nudus
2465 3729 2520 3774 ct
2546 3719 2922 3788 discalceatus,
2945 3741 2964 3773 ι
2993 3732 3048 3778 et
3084 3737 3304 3782 cetera.

2155 3896 2321 3953 Vsus.
2363 3898 2416 3954 4.
2483 3919 2504 3952 ι
2536 3901 2805 3969 Quoniam
2856 3907 2938 3961 sic
2983 3918 3109 3977 aget
3155 3925 3251 3966 rex
3303 3911 3658 3983 Assyriorum

2084 3993 2454 4061 captivitatem
2481 3995 2708 4068 Egypti
2735 4007 2791 4052 et
2809 3998 3152 4072 Ethiopum,
3172 4003 3401 4072 juvenes
3421 4018 3477 4063 et
3503 4024 3662 4065 senes

2085 4083 2260 4137 nudos
2307 4093 2365 4138 et
2392 4087 2776 4155 discalceatos,
2821 4093 3196 4162 discoopertos
3238 4100 3446 4166 pudore
3491 4100 3660 4173 Egy-

2082 4175 2184 4243 pti.
2211 4194 2232 4227 a
2269 4176 2396 4234 llaec
2451 4192 2602 4236 certe
2653 4183 2744 4251 iis,
2778 4199 2900 4253 quae
2939 4189 3102 4254 paulo
3143 4199 3270 4245 ante
3315 4193 3454 4247 dicta
3505 4208 3654 4260 sunt,

2082 4271 2360 4324 contraria
2388 4273 2702 4344 videantur,
2747 4277 2905 4346 queis
2958 4280 3102 4334 inter
3137 4281 3422 4353 Egyptios
3457 4295 3513 4339 et
3559 4287 3662 4340 As-

2085 4359 2268 4428 syrios
2298 4362 2738 4431 conjunctionem
2766 4377 2821 4422 et
2843 4372 3234 4426 commercium
3286 4372 3398 4428 fore
3443 4377 3663 4438 diceba-

2089 4461 2176 4505 tur
2202 4469 2216 4504 :
2247 4470 2392 4509 nunc
2419 4465 2601 4510 autem
2643 4459 2722 4512 ait
2752 4473 2931 4530 regem
2967 4461 3316 4533 Assyriorum
3342 4465 3574 4533 juvenes
3605 4481 3663 4523 et

388 4538 586 4611 ψεσθαί
615 4553 750 4608 φησι
772 4537 882 4590 τῶν
902 4536 1214 4605 Αἰγυπτίων
1239 4539 1366 4602 τοὺς
1393 4539 1708 4602 νεανίσκους
1736 4540 1829 4593 καὶ
1854 4542 1980 4605 τοὺς

2085 4559 2246 4600 senes
2276 4545 2658 4619 {Egyptiorttm
2708 4554 2882 4608 nudos
2920 4565 2973 4609 et
3009 4555 3367 4611 discalceatos
3411 4557 3659 4626 captivos

390 4628 703 4703 πρεσϐύτας
737 4628 978 4697 γυμνοὺς
1013 4628 1106 4681 καὶ
1132 4628 1510 4694 ἁνυποὸέτους.
1555 4631 1820 4702 Εὑρεθείη
1841 4632 1885 4684 δ’
1913 4631 1979 4684 ἂν

388 4722 542 4784 λύσις
593 4719 694 4790 τῆς
720 4719 974 4789 ἀπορίας,
1009 4720 1057 4772 εἰ
1107 4722 1499 4794 ἐπιστήσαιμεν
1544 4722 1620 4793 τῷ
1652 4725 1839 4794 τρόπῳ
1885 4725 1984 4778 τοῦ.

389 4810 728 4887 προφεητικοῦ
763 4811 1090 4880 πνεύματος.
1136 4814 1224 4876 Ὠς
1258 4814 1366 4885 γὰρ
1409 4817 1474 4885 τῇ
1520 4815 1781 4886 Αἰγύπτῳ
1806 4833 1977 4888 προσ-

387 4909 536 4980 έσχε,
570 4911 773 4964 συνεῖδε
831 4911 930 4980 μὲν
957 4912 1050 4962 καὶ
1079 4908 1146 4961 τὰ
1181 4910 1495 4979 παραυτίκα
1524 4912 1635 4974 τοῖς
1661 4911 1977 4980 Αἰγυπτίοις

392 5002 653 5071 μέλλοντα
667 5002 883 5056 ἔσεσθαι
915 5003 1056 5057 κατὰ
1088 5001 1288 5072 τὸνξτοῦ
1319 5006 1598 5074 προφήτου
1621 5003 1832 5075 χρόνον,
1864 5005 1972 5058 ἀπο

389 5093 584 5148 έϐλεπε
650 5095 706 5148 δὲ
739 5095 833 5148 καὶ
860 5097 956 5148 ἐπὶ
978 5094 1047 5148 τὰ
1083 5097 1312 5167 μακροῖς
1349 5094 1572 5167 ὕστερον
1598 5096 1809 5168 χρόνοις
1842 5097 1977 5151 ἁπο-

387 5183 664 5257 6ησόμενα
711 5187 927 5258 χρηστά
957 5186 1087 5258 περὶ
1117 5187 1215 5258 τὴν
1265 5185 1372 5238 τῶν
1403 5188 1716 5254 Αἰγυπτίων
1770 5188 1971 5261 χώραν.

388 5263 524 5331 Εἶτα
578 5279 767 5349 πρῶτα
817 5281 1030 5352 χρηστά
1080 5279 1344 5343 θεσπίσας
1367 5278 1457 5332 διὰ
1497 5279 1608 5334 τῶν
1641 5281 1970 5354 ἔμπροσθεν,

384 5371 478 5426 ὲπί
509 5368 576 5422 τὰ
606 5373 941 5444 παραχρῆμα
967 5373 1309 5443 γενησόμενα
1351 5371 1686 5443 μεταϐαίνει.
1740 5375 1976 5446 Λυπηρὰ

383 5463 440 5516 δὲ
472 5465 585 5526 τοῖς
612 5464 927 5532 Αἰγυπτίοις
952 5463 1126 5517 ταῦτα
1151 5460 1219 5535 ἦν
1239 5481 1253 5494 ο
1281 5463 1317 5518 ἃ
1345 5464 1439 5518 καὶ
1485 5466 1585 5518 οὐκ
1622 5468 1702 5531 εἰς
1749 5467 1967 5538 μακράν

383 5554 687 5626 ἐπληροῦτο
719 5557 839 5609 κατ’
867 5556 1064 5618 αὐτοὺς
1092 5557 1353 5624 ἐκείνους,
1387 5559 1509 5612 καθ’
1532 5558 1624 5622 οὓς
1676 5561 1705 5612 6
1757 5563 1969 5633 προφή-

381 5663 482 5720 της
534 5647 858 5720 ὲγνωρίζετο
911 5648 1154 5719 χρόνους.
1215 5650 1554 5719 Ἀναγκαίως
1599 5650 1657 5704 δὲ
1708 5651 1766 5704 τὸ
1825 5651 1972 5708 θεῖον

385 5854 406 5886 ³
441 5853 629 5910 Matth.
651 5869 700 5921 ν,
715 5855 788 5926 ,6.
866 5853 896 5903 ⁸.
920 5851 1087 5909 Hebr.
1119 5868 1196 5920 xv,
1228 5853 1322 5909 57.

2084 4636 2443 4693 abducturum
2465 4655 2607 4697 esse.
2638 4643 2802 4708 Cujus
2827 4655 3008 4702 tamen
3054 4646 3390 4704 diilicultatis
3431 4649 3658 4705 solutio-

2081 4745 2205 4784 nem
2241 4732 2594 4799 reperiemus,
2630 4736 2672 4788 si
2713 4751 2921 4810 φοι-ειη
2970 4742 3318 4796 attendamus
3354 4745 3657 4812 prapbetici

2083 4824 2336 4890 spiritus.
2371 4822 2441 4876 Ut
2465 4826 2609 4878 enim
2648 4826 2884 4898 Egypto
2927 4832 3169 4886 animum
3215 4833 3535 4900 adhibebat,
3579 4835 3660 4887 vi-

2080 4915 2246 4968 debat
2299 4915 2518 4983 quidem
2552 4930 2614 4970 ea
2647 4932 2767 4986 qua:
2817 4935 2944 4974 mox
2992 4919 3268 4994 Egyptiis
3297 4923 3348 4976 in
3378 4923 3496 4992 ipso
3524 4939 3655 4992 prn-

2084 5007 2261 5073 phettc
2293 5017 2558 5075 tempore,
2586 5021 2852 5065 eventura
2884 5023 3076 5081 erant;
3111 5016 3348 5084 itemque
3369 5016 3662 5084 prospicie~

2082 5097 2177 5149 bat
2205 5097 2345 5151 bona
2383 5095 2473 5150 illa
2520 5113 2640 5166 qua:
2688 5102 2947 5158 diuturno
2977 5115 3102 5172 post
3133 5115 3377 5174 tempore
3406 5106 3460 5159 iu
3487 5104 3651 5177 [Εωυς

2081 5189 2316 5256 ptiorum
2349 5194 2572 5264 regione
2599 5194 2777 5249 futura
2805 5207 2983 5250 erant.
3018 5197 3155 5252 Hinc
3184 5211 3305 5253 cum
3334 5197 3486 5266 prius
3514 5198 3656 5253 bona

2085 5280 2409 5339 vaticinatus
2436 5298 2603 5350 esset,
2639 5287 2707 5340 ad
2749 5300 2812 5341 ea
2851 5302 2974 5355 qua:
3020 5304 3146 5342 ["01
3192 5296 3458 5342 eventura
3499 5301 3661 5343 erant

2082 5374 2400 5440 pertransit.
2444 5374 2569 5431 lltcc
2608 5391 2772 5447 porro
2815 5376 3092 5450 Egyptiis
3137 5380 3339 5446 tristia,
3386 5395 3507 5450 quae
3559 5395 3660 5436 nec

2074 5463 2164 5517 diu
2193 5475 2383 5534 postea
2413 5468 2634 5538 impleta
2662 5478 2812 5534 sunt,
2843 5471 3035 5526 iisdem
3067 5471 3202 5541 ipsis
3237 5487 3346 5542 quo
3388 5473 3655 5542 prqpheta

2077 5558 2404 5626 conspicuus
2445 5571 2502 5616 et
2546 5572 2712 5619 notus
2751 5573 2872 5618 erat
2916 5564 3270 5633 temporibus.
3327 5559 3656 5618 Necessario

2075 5659 2256 5705 autem
2285 5650 2521 5722 Spiritus
2548 5655 2764 5711 divinus
2793 5655 2860 5710 de
2899 5655 3113 5710 Domini
3147 5655 3198 5710 in
3231 5644 3528 5726 Egyptum
3555 5655 3656 5711 ad-
