4118 6406
398 397 537 460 259³

1109 394 1385 451 EUSEBH
1412 388 1900 447 ‘C/ESARIENSIS
1934 387 2084 446 OPP.
2126 385 2310 442 PARS
2348 388 2439 442 ΙΙΙ.
2481 417 2548 428 --
2590 382 3003 442 EXEGETlCA.

3572 376 3679 431 210

401 531 588 586 ventu,
623 530 681 577 et
712 520 777 575 de
803 517 961 574 bonis
992 514 1192 570 ibidem
1224 516 1277 568 in
1312 512 1603 584 Egyptios
1629 508 1981 564 conterendis

2100 506 2312 577 Πνεῦμα
2335 505 2436 575 τῆς
2470 520 2534 556 πε
2546 503 2597 567 pi.
2623 501 2717 555 τοῦ
2748 500 2958 573 Κυρίου
2989 499 3069 561 είς
3114 495 3389 565 Αἴγυπτον
3416 490 3677 563 ἀφίξεως,

390 616 756 678 ‘vaticinatus,
785 626 846 667 ea
878 625 998 679 qua:
1037 624 1158 664 mox
1190 608 1348 661 linem
1391 614 1618 659 nactura
1650 612 1810 658 erant
1851 601 1983 656 sub-

404 709 564 771 didit,
620 697 679 760 ut
724 719 753 757 a
807 701 1154 771 praesentium
1187 708 1385 753 eventu
1416 712 1510 760 ea,
1553 710 1676 766 qua:
1726 694 1985 749 diuturno

405 813 529 871 post
557 811 801 869 tempore
826 796 1006 850 futura
1046 802 1229 857 erant,
1258 790 1542 846 credibilia
1567 796 1755 843 essent
1788 787 1859 841 iis
1890 786 1983 853 qui

407 903 537 945 tunc
563 887 999 959 propheticorum
1024 897 1335 938 sermonum
1353 881 1631 934 auditores
1651 886 1829 933 erant.
1862 875 1986 931 llaec

386 997 536 1052 ergo
560 994 682 1051 quae
701 978 813 1047 jam
847 984 1166 1037 tractamus,
1198 988 1304 1027 non
1353 981 1512 1026 erant
1561 978 1689 1023 ante
1733 983 1987 1039 praenun-

408 1074 556 1128 tiatis
576 1069 888 1127 contraria:
917 1066 1007 1121 illa
1039 1066 1244 1135 quippe
1272 1079 1372 1133 pro
1396 1063 1736 1134 temporibus
1768 1062 1824 1115 in
1860 1075 1987 1131 pro-

404 1166 588 1237 phetia
617 1164 854 1229 notatis;
895 1161 1015 1216 haac
1059 1173 1193 1213 vero
1226 1172 1327 1228 pro
1364 1155 1527 1211 rebus
1562 1169 1686 1209 mox
1734 1153 1988 1225 gerendis

390 1257 749 1314 aenuntiabat.

477 1439 647 1497 Vens.
678 1437 735 1491 5.
781 1455 801 1487 ι
827 1434 892 1489 Et
924 1431 1331 1488 conl‘uudcntur
1358 1428 1600 1499 superati
1633 1424 1876 1498 Egyptii
1919 1422 1990 1477 ab

407 1532 779 1604 Aithiopibus,
820 1529 874 1582 in
901 1526 1099 1595 quibus
1127 1523 1476 1579 conﬁdebant
1516 1521 1795 1594 Egyptii:
1830 1525 1990 1574 erant

406 1626 552 1681 enim
593 1622 728 1694 ipsis
754 1618 948 1692 gloria.
972 1636 993 1672 ι
1041 1618 1444 1673 Erubescentes
1484 1613 1702 1669 scilicet
1742 1612 1810 1667 de
1837 1612 1905 1667 iis
1934 1611 1989 1665 in

409 1719 608 1788 quibus
630 1714 1013 1777 conﬁdebant;
1055 1711 1132 1765 ita
1167 1719 1227 1765 ut
1259 1724 1383 1765 sese
1420 1708 1522 1778 ipsi
1568 1708 1895 1762 damnarent
1933 1713 1992 1760 et

410 1815 723 1879 arguerent.

2085 600 2180 653 καὶ
2213 598 2343 669 περὶ
2381 596 2491 649 τῶν
2528 596 2616 648 ἐπ’
2647 596 2785 664 αὐτῇ
2817 588 3196 661 γενησομένων
3217 590 3329 650 τοῖς
3362 584 3682 654 Αἰγυπτίοις

2086 690 2305 761 ἀγαθῶν
2338 688 2625 753 θεσπίσαν,
2664 686 2733 740 τὰ
2787 683 3131 757 παραχρῆμα
3187 680 3447 751 μέλλοντα
3489 678 3682 745 τέλους

2085 784 2375 854 τυγχάνειν
2410 780 2649 850 συνῆψεν
2672 797 2686 809 ο
2733 779 2821 832 ἵνα
2853 775 2962 830 ἀπὸ
2992 776 3093 846 τῆς
3129 773 3239 827 τῶν
3266 770 3551 845 παρόντων
3589 771 3683 825 ἐκ-

2087 877 2299 941 ϐάσεως
2326 876 2419 928 καὶ
2448 874 2518 928 τὰ
2554 874 2784 944 μακροῖς
2819 869 3044 940 ὕστερον
3075 865 3288 937 χρόνοις
3323 864 3585 936 μέλλοντα
3606 862 3682 932 γί-

2085 967 2274 1021 νεσθαι
2310 963 2624 1033 πιστευθείη
2657 963 2769 1025 τοῖς
2804 960 2926 1013 τότε
2952 954 3258 1028 τηνικαῦτα
3282 955 3391 1008 τῶν
3415 970 3682 1025 προφητιο

2086 1060 2201 1115 κῶν
2223 1060 2398 1128 λόγων
2429 1054 2781 1110 ἐπακούουσι.
2817 1052 2933 1106 Οὐκ
2972 1045 3043 1122 ἦν
3069 1044 3162 1102 οὖν
3189 1047 3406 1102 ἐναντία
3445 1045 3516 1100 τὰ
3547 1063 3682 1116 προ-

2087 1152 2317 1224 κείμενα
2336 1150 2447 1205 τῶν
2465 1148 2554 1202 διὰ
2581 1146 2689 1200 τῶν
2712 1142 3022 1216 ἔμπροσθεν
3044 1138 3535 1212 προφητευομένων
3559 1154 3573 1168 ·
3610 1137 3685 1191 τὰ

2092 1246 2191 1318 μὲν
2237 1243 2347 1315 γὰρ
2377 1244 2458 1305 εἰς
2485 1242 2613 1305 τοὺς
2660 1235 3177 1309 προφητεύομένους
3228 1232 3455 1304 χρόνους
3474 1247 3489 1261 ⁶
3524 1230 3593 1284 τὰ
3624 1231 3681 1284 δὲ

2089 1339 2219 1411 περὶ
2236 1337 2344 1391 τῶν
2374 1334 2601 1405 ἔγγιστα
2628 1332 3011 1403 γενησομένων
3042 1326 3310 1396 ἀνεφώνει

2167 1448 2186 1483 ι
2213 1429 2325 1503 Καὶ
2372 1424 2892 1498 ἀναισχυνθήσονται
2930 1420 3257 1493 ἡττηθέντες
3299 1420 3349 1471 οἱ
3397 1417 3684 1487 Αἰγύπτιοι

2090 1525 2183 1578 ἐπὶ
2213 1525 2327 1587 τοῖς
2356 1519 2623 1590 Αίθίοψιν,
2652 1519 2739 1587 ἐφ’
2776 1511 2858 1581 οἷς
2901 1511 3042 1587 ἦσαν
3076 1512 3395 1576 πεποιθότες
3435 1513 3485 1564 οἱ
3518 1509 3686 1579 Αίγύ⁴

2090 1632 2237 1669 πτιοι
2256 1630 2271 1645 ⁸
2313 1608 2453 1685 ἦσαν
2481 1610 2591 1683 γὰρ
2620 1609 2803 1672 αὐτοῖς
2833 1606 2960 1674 δόξα
2982 1623 2996 1637 ·
3021 1625 3040 1657 ι
3097 1603 3458 1677 ἐρυθριῶντες
3492 1602 3578 1671 ἐφ’
3601 1597 3685 1664 οἷς

2090 1707 2355 1779 ἐθάρσουν
2386 1703 2481 1757 καλ⁵
2523 1698 2937 1756 ἐπεποίθεισαν·
2989 1696 3066 1761 ὡς
3090 1692 3542 1764 καταγινώσκειν
3583 1692 3682 1746 καὶ

2096 1795 2411 1870 μέμφεσθαι
2442 1794 2638 1857 αὐτοὺς
2664 1788 2910 1853 ἑαυτούς.

479 1874 648 1956 :Vsns.
683 1898 735 1953 6.
775 1915 794 1948 ι
818 1897 884 1951 Ει
907 1896 1091 1950 dicent
1115 1894 1205 1963 qui
1241 1892 1488 1948 habitant
1540 1891 1595 1945 in
1641 1889 1819 1946 insula
1862 1889 1990 1953 hac,

2174 1907 2194 1941 ι
2219 1889 2331 1943 Καὶ
2354 1885 2570 1959 ἐροῦσιν
2600 1886 2651 1938 oi
2699 1880 3081 1942 κατοικοῦντες
3119 1880 3179 1932 ἐν
3195 1878 3264 1949 τῇ
3292 1877 3442 1949 νήσῳ
3465 1874 3641 1949 ταύτῃ
3662 1891 3678 1906 ·

409 1993 552 2048 Ecce
601 2005 702 2046 nos
748 1987 1180 2049 couiidebamus,
1245 1994 1299 2037 ut
1352 1985 1416 2037 ad
1468 1996 1660 2037 eorum
1720 1978 1989 2034 auxilium

411 2084 850 2154 confugeremus,
912 2080 1003 2150 qui
1046 2094 1152 2133 non
1206 2084 1503 2147 potuerunt
1543 2073 1750 2129 servari
1804 2085 1836 2126 a
1864 2084 1994 2141 rege

408 2176 779 2249 Assyriorum,
808 2183 865 2228 et
886 2170 1156 2242 quomodo
1180 2184 1280 2222 nos
1314 2163 1692 2222 servabimur?
1717 2182 1736 2216 ι

996 2260 1223 2319 CAPUT
1264 2258 1407 2315 XXI.

483 2347 724 2424 Vulsit,
754 2359 810 2412 2.
867 2374 888 2408 ι
920 2354 1071 2412 Visio
1120 2352 1343 2409 deserti.
1391 2350 1549 2405 Sicut
1601 2346 1841 2418 procella
1896 2359 1993 2418 per

410 2457 685 2512 desertum
727 2450 949 2512 transit,
985 2461 1053 2503 ex
1078 2446 1295 2499 deserto
1333 2441 1562 2497 veniens
1590 2454 1620 2493 a
1649 2450 1793 2493 terra
1831 2454 1845 2491 :
1881 2446 1996 2492 ter-

409 2546 587 2605 ribilis
608 2544 750 2599 visio
785 2553 838 2597 et
878 2541 1038 2601 dura,
1072 2536 1382 2591 renuntiata
1419 2542 1506 2587 est
1536 2531 1691 2586 mihi.
1733 2531 1994 2587 Contem-

404 2649 538 2711 ptor
564 2633 885 2696 contemnit,
919 2639 976 2685 et
1014 2629 1231 2698 iniquus
1262 2626 1449 2694 inique
1475 2624 1605 2691 agit.
1647 2623 1728 2677 Ad
1754 2636 1843 2676 me
1868 2620 1991 2674 Ela-

411 2732 581 2796 mitze,
610 2737 668 2782 et
702 2725 863 2795 legati
909 2723 1199 2778 Persarum
1244 2719 1310 2772 ad
1359 2731 1450 2771 me
1487 2715 1728 2770 veniunt.
1760 2732 1781 2766 ι
1812 2713 1996 2768 Persae

413 2827 600 2894 itaque
622 2834 733 2875 non
768 2818 857 2873 diu
885 2823 1072 2885 postea
1107 2811 1384 2867 Medorum
1410 2808 1697 2879 imperium
1730 2806 1997 2877 excipien-

413 2929 520 2981 tes,
555 2911 848 2984 Babylonis
890 2906 1152 2977 reliquias
1181 2909 1515 2958 ererterunt.
1541 2899 1672 2955 lure
1717 2899 1887 2971 igitur
1925 2913 1999 2952 ae-

415 3006 580 3062 stimo
608 3003 727 3058 haec
765 2999 979 3055 hostilia
1009 2997 1150 3051 facta
1183 2995 1250 3050 de
1275 2992 1554 3065 Babylone
1579 2992 1704 3047 dici.
1731 2991 1870 3059 Quid
1892 2991 1997 3047 sibi

413 3096 533 3151 vult
567 3103 747 3148 autem
779 3106 901 3146 cum
927 3089 1027 3153 ait,
1064 3107 1083 3141 ‹
1110 3086 1262 3144 Visio
1285 3084 1530 3140 deserti?
1561 3103 1580 3136 ο
1635 3082 1755 3138 Jam
1800 3081 1997 3138 exhinc

2115 1982 2249 2036 Ἰδοὺ
2278 1983 2443 2052 ἡμεῖς
2473 1974 2618 2051 ἦμεν
2649 1975 2969 2037 πεποιθότες
3013 1971 3111 2027 τοῦ
3140 1972 3333 2042 φυγεῖν
3374 1971 3456 2031 είς
3487 1969 3686 2032 αὐτοὺς
3712 1990 3715 1995 ·

2093 2077 2176 2138 είς
2204 2074 2479 2146 βοήθειαν,
2504 2072 2555 2126 οἳ
2584 2072 2685 2125 οὐκ
2710 2069 2970 2141 ἠδύναντο
3004 2064 3241 2136 σωθῆναι
3281 2063 3392 2118 ἀπὸ
3418 2061 3685 2143 βασιλέως

2107 2166 2406 2241 Ἀσσυρίων
2426 2183 2442 2197 ο
2469 2165 2564 2220 καὶ
2597 2164 2714 2228 πῶς
2736 2165 2901 2234 ἡμεῖς
2932 2157 3296 2232 σωθησόμεθα
3319 2173 3335 2221 ;
3362 2175 3380 2208 ι

2608 2252 3007 2311 ΚΕΦΑΛᾹΙΟΝ
3036 2254 3168 2307 KA'.

2175 2369 2194 2403 ‹
2217 2351 2291 2405 Τὸ
2344 2352 2529 2424 ὅραμα
2553 2349 2652 2421 τῆς
2696 2349 2924 2420 ἐρήμου.
2973 2344 3063 2408 Ὦς
3086 2340 3341 2410 καταιγὶς
3382 2338 3451 2393 δι’
3478 2338 3686 2410 ἐρήμου

2093 2435 2314 2509 διέλθοι,
2346 2441 2406 2508 ἐξ
2432 2443 2641 2515 ἐρήμου
2670 2437 2938 2512 ἐρχομένη
2967 2438 3034 2491 ἐκ
3056 2435 3161 2506 γῆς
3180 2448 3197 2464 ·
3230 2431 3459 2504 φοϐερὸν
3479 2430 3541 2484 τὸ
3557 2430 3689 2501 ὅραι

2098 2555 2198 2610 μα,
2232 2538 2329 2592 καὶ⁴
2355 2536 2592 2607 σκληρὸν
2623 2531 2899 2603 ἀνηγγέλη
2934 2547 3045 2603 μοι.
3087 2529 3147 2581 '0
3177 2524 3386 2581 ἀθετῶν
3433 2521 3635 2589 ἀθετεῖ,
3657 2523 3689 2575 ό

2097 2626 2318 2699 ἀνομῶν
2347 2626 2563 2696 ἀνομεῖ.
2625 2622 2744 2675 Ἐπ’
2774 2620 2898 2691 ἐμοὶ
2953 2619 3005 2671 οἱ
3040 2617 3323 2687 Ἑλαμῖται
3348 2612 3443 2667 καὶ
3469 2612 3520 2666 οί
3553 2610 3690 2682 πρέ-

2098 2720 2251 2783 σϐεις
2279 2717 2389 2772 τῶν
2421 2712 2649 2786 Περσῶν
2689 2711 2775 2766 ἐπ’
2808 2711 2909 2783 ἐμὲ
2941 2710 3210 2781 ἔρχονται.
3240 2725 3260 2759 ι
3296 2705 3505 2778 Πέρσαι
3531 2702 3685 2772 γοῦν,

2096 2811 2317 2884 Μήδους
2336 2810 2438 2864 οὐκ
2469 2809 2548 2872 είς
2578 2805 2795 2877 μακρὰν
2833 2802 3226 2873 διαδεξάμενοι,
3249 2799 3318 2853 τὰ
3338 2798 3566 2867 λείψανα
3589 2797 3690 2868 τῆς

2097 2903 2421 2966 Βαϐυλῶνος
2453 2898 2724 2955 καθεῖλον.
2750 2894 2989 2958 Εἰκότως
3015 2889 3109 2948 οὖν
3130 2892 3258 2964 περὶ
3283 2889 3600 2952 Βαϐυλῶνος
3619 2888 3690 2942 τὰ

2098 2996 2372 3069 πολεμικὰ
2402 2991 2654 3065 εἰρῆσθαι
2685 2988 2945 3062 ἡγοῦμαι.
2975 2986 3041 3040 Τί
3073 2985 3131 3039 δὲ
3190 2982 3437 3055 βούλεται
3477 2980 3508 3032 ὀ
3531 2979 3691 3048 λόγος

2099 3091 2350 3161 φάσκων,
2387 3085 2503 3140 «Τὸ
2548 3085 2731 3155 ὅραμα
2780 3080 2885 3150 τῆς
2933 3081 3181 3151 ἐρήμου;
3210 3095 3229 3129 ι
3280 3071 3560 3129 Ἐντεῦθεν
3584 3070 3685 3143 ήδη

414 3183 748 3253 Babylonem
774 3187 933 3235 vocat
963 3180 1264 3242 desertor»,
1313 3183 1539 3245 propter
1567 3186 1631 3227 ca
1658 3185 1779 3241 quae
1809 3172 1876 3226 de
1906 3186 1998 3224 τοι·

2100 3180 2397 3235 Βαϐυλῶνα
2439 3176 2645 3250 ἔρημον
2676 3171 2930 3244 ὀνομάζει
2958 3171 3047 3225 διὰ
3076 3170 3146 3223 τὰ
3172 3166 3530 3222 θεσπισθέντα
3556 3163 3685 3235 περὶ

416 3276 603 3331 stitate
651 3272 770 3341 ejus
807 3272 861 3324 in
906 3266 1192 3339 prophetia
1242 3264 1512 3319 feruntur.
1561 3263 1745 3330 Quare
1778 3278 1842 3317 ex
1877 3277 1995 3332 per-

417 3381 552 3423 sona
597 3364 767 3435 ipsius
807 3358 1104 3431 Babylonis
1154 3357 1270 3411 haec
1313 3355 1460 3409 dicta
1509 3353 1679 3409 fuisse
1735 3353 1996 3417 arbitror,

417 3458 573 3531 quasi
615 3455 777 3518 mala,
810 3467 932 3523 qua:
953 3458 1215 3505 eventura
1245 3447 1347 3503 sibi
1377 3455 1535 3501 erant
1573 3444 1797 3500 auribus
1836 3460 1998 3499 acce-

418 3553 609 3623 pisset,
637 3563 702 3603 ac
732 3553 1074 3618 precaretur,
1108 3551 1166 3595 ut
1189 3540 1385 3594 horum
1425 3536 1645 3590 auditus
1694 3535 1999 3605 pertransi-

420 3653 525 3711 ret,
564 3652 732 3712 utque
764 3656 849 3703 ea,
892 3650 1012 3707 quae
1043 3632 1502 3703 exspectabantur
1532 3646 1636 3685 non
1667 3630 1997 3684 acciderent.

492 3737 658 3791 Vsus.
682 3733 737 3809 '5.
773 3750 793 3783 ι
828 3729 983 3784 Nunc
1012 3726 1208 3794 lugebo
1249 3733 1305 3778 ct
1333 3722 1663 3778 consolabor
1713 3734 1818 3775 me.
1861 3719 1999 3773 Pro-

419 3823 878 3901 ptereaimpletus
901 3828 984 3876 est
1014 3818 1231 3873 lumbus
1266 3828 1417 3870 meus
1438 3813 1730 3877 solutione,
1766 3820 1821 3865 et
1846 3810 2002 3867 dolo-

421 3938 511 3978 res
545 3920 862 3974 invaserdnt.
889 3929 975 3968 me
995 3922 1252 3981 tanquam
1280 3908 1698 3979 parturientem.
1729 3923 1747 3957 ι
1772 3903 1997 3969 Verum,

424 4022 488 4068 ut
510 4025 611 4080 par
640 4016 742 4071 est,
771 4020 915 4059 nunc
951 4000 1170 4072 lugebo,
1213 3999 1357 4070 quod
1393 4012 1496 4052 non
1531 4006 1696 4051 antea
1740 3994 1998 4060 feceram,

424 4101 554 4174 quia
581 4098 812 4174 superba
839 4109 1013 4159 eram,
1042 4102 1099 4147 et
1131 4091 1396 4145 adversus
1435 4088 1675 4157 reliquas
1697 4095 1887 4156 gentes
1917 4099 2001 4139 me

427 4170 757 4249 extollebant
843 4186 914 4239 ita
958 4192 1022 4239 ut
1066 4182 1190 4237 aliis
1222 4194 1396 4235 essem
1430 4178 1606 4232 luctus
1636 4191 1824 4231 causa.
1850 4173 2004 4230 Nunc

424 4299 559 4341 vero
583 4297 684 4353 ego
709 4284 821 4351 ipsa
853 4276 1113 4347 Babylon,
1153 4289 1277 4328 cum
1324 4270 1525 4343 popqu
1554 4284 1674 4324 meo
1703 4267 1921 4338 lugebo,
1952 4277 2008 4323 et

423 4380 573 4436 luctu
628 4390 716 4433 me
757 4370 1119 4434 consolabor;
1154 4367 1282 4439 quia
1322 4381 1410 4421 me
1458 4379 1643 4419 rerum
1695 4361 2004 4429 huiusmodi

424 4468 676 4526 nuntium
701 4462 960 4536 perculit:
1007 4461 1164 4531 cuius
1194 4473 1358 4514 causa
1396 4455 1638 4527 repletus
1676 4462 1760 4508 est
1793 4452 2007 4507 lumbus

2100 3275 2203 3346 τῆς
2234 3272 2470 3346 ἐρημίας
2497 3268 2689 3339 αὐτῆς.
2720 3266 2811 3319 Διὸ
2836 3266 2901 3318 ἐκ
2937 3261 3229 3335 προσώπου
3253 3260 3353 3332 τῆς
3374 3255 3686 3318 Βαϐυλῶνος

2100 3366 2272 3436 αὐτῆς
2299 3361 2451 3436 οἶμαι
2476 3360 2653 3416 ταῦτα
2676 3356 2949 3427 λέγεσθαι,
2980 3355 3057 3420 ὡς
3079 3355 3161 3418 είς
3181 3353 3350 3425 ἀκοὴν
3387 3346 3693 3421 παραδεξα-

2106 3458 2274 3530 μένης
2293 3459 2361 3511 τὰ
2392 3455 2654 3528 μέλλοντα
2679 3451 2817 3522 αὐτῇ
2845 3448 3057 3503 ἐπιέναι
3089 3445 3256 3510 κακὰ,
3291 3442 3591 3515 εὐχομένης
3629 3455 3693 3491 τε

2102 3528 2393 3621 παρελθεῖν
2414 3545 2514 3617 τήν
2545 3542 2735 3614 ἀκοὴν,
2770 3541 2865 3595 καὶ
2900 3538 2974 3611 μὴ
3004 3536 3256 3608 γενέσθαι
3281 3534 3352 3589 τὰ
3380 3528 3694 3607 προσδοκὼ-

2107 3660 2267 3715 μενα.

2181 3757 2198 3789 ι
2218 3735 2333 3791 Νῦν
2363 3733 2603 3799 στενάξω
2634 3731 2728 3787 καὶ
2761 3725 3133 3801 παρακαλέσω
3151 3721 3407 3793 ἐμαυτόν.
3440 3719 3540 3773 Διὰ
3572 3716 3692 3771 τοῦ-

2103 3844 2165 3881 το
2192 3822 2499 3896 ἐνεπλήσθη
2529 3824 2564 3895 ή
2587 3819 2758 3891 ὀσφύς
2792 3836 2892 3891 μου
2918 3814 3209 3878 ἐκλύσεως,
3233 3811 3328 3866 xci.
3359 3810 3546 3873 ὠδῖνες
3568 3808 3713 3864 lita-2

2106 3921 2197 3974 ϐόν
2234 3935 2300 3990 με
2329 3918 2406 3982 ὼς
2454 3915 2764 3969 τίκτουσαν.
2790 3932 2808 3963 ι
2852 3909 2990 3964 Ἀλλ’
3014 3900 3091 3972 ὡς
3123 3906 3266 3960 ἔοικε
3307 3903 3402 3959 νῦν
3435 3902 3692 3968 στενάξω,

2103 3989 2244 4080 ὅπερ
2276 4007 2540 4079 πρότερον
2574 4004 2676 4058 οὐκ
2701 4002 2992 4075 ἔπραττον,
3031 3996 3381 4067 ὑπερήφανος
3408 3989 3566 4055 οὖσα.
3601 3992 3724 4046 καῖ’

2104 4101 2214 4155 τῶν
2238 4095 2440 4151 λοιπῶν
2492 4093 2661 4149 ἐθνῶν
2704 4088 3145 4160 κατεπαιρομένη
3171 4102 3186 4116 θ
3240 4085 3315 4148 ὼς
3351 4085 3558 4156 ἑτέροις
3597 4084 3699 4153 ἐμ·-

2107 4194 2282 4245 ποιεῖν
2305 4185 2660 4257 στεναγμούς.
2702 4182 2816 4235 Νῦν
2847 4179 2905 4233 δὲ
2938 4178 3078 4247 αὑτὴ
3107 4174 3217 4245 ἐγὼ
3245 4173 3524 4237 Βαϐυλὼν,
3551 4172 3646 4227 καὶ
3667 4172 3699 4224 ό

2109 4285 2167 4337 ἐν
2199 4281 2322 4353 ἐμοὶ
2340 4278 2490 4342 λαὸς,
2525 4273 2787 4339 στενάξω,
2818 4272 2914 4328 καὶ
2942 4267 3306 4343 παρακαλέσω
3334 4265 3575 4338 ἐμαυτὴν
3605 4262 3723 4317 διὰσ

2107 4373 2201 4429 τοῦ
2228 4368 2539 4442 στεναγμοῦ
2558 4385 2574 4400 ·
2599 4365 2787 4435 ἐπειδὴ
2805 4360 3091 4434 καθήψατό
3144 4360 3299 4431 μονή
3328 4358 3459 4431 περὶ
3482 4355 3589 4410 τῶν
3615 4354 3699 4407 λε-

2108 4463 2347 4536 χθέντων
2362 4451 2691 4530 ἀγγελία,ἦς
2702 4456 2865 4509 ἕνεκα
2892 4449 3134 4524 ἐπλήσθη
3164 4452 3199 4521 ἡ
3221 4446 3393 4519 ὀσφύς
3416 4464 3519 4520 μου
3542 4444 3721 4500 ἐκλύοη

423 4577 582 4617 meus
618 4557 906 4618 solutione,
949 4555 1040 4624 qui
1089 4552 1221 4608 olim
1279 4549 1607 4622 praecinctus
1670 4555 1791 4603 erat
1824 4554 1881 4601 et
1926 4546 1998 4599 la-

2114 4572 2252 4616 σεως
2301 4552 2469 4608 πάλαι
2501 4546 2911 4617 κατεσφιγμένη
2974 4545 3070 4599 καὶ
3096 4540 3510 4613 νειῐινιευοι.ι.έν·δ*ι⁹
3539 4537 3725 4607 ὀδύνη-

429 4652 717 4709 sciviehat.
747 4647 910 4702 Dolor
935 4646 1065 4700 item
1104 4653 1159 4699 et
1186 4642 1401 4699 labores
1433 4652 1521 4694 me
1544 4644 1908 4706 occuparunt,
1934 4635 2006 4689 ita

427 4758 491 4819 ut
522 4759 625 4815 ego
655 4741 917 4811 Babylon,
951 4738 1080 4793 olim
1124 4734 1343 4791 cmteris
1369 4730 1652 4812 terribilis,
1688 4728 1823 4784 nihil
1850 4726 2008 4783 diﬂ‘e—

428 4853 548 4894 ram
577 4834 872 4892 a‘muliere
923 4830 1188 4901 pariente.
1237 4826 1363 4882 Haec
1404 4839 1567 4895 porro
1613 4822 1743 4877 mihi
1789 4821 2007 4876 accide-

427 4941 578 4997 runt,
616 4928 745 5001 quia
796 4927 973 4981 fateor
1007 4936 1092 4977 me
1132 4920 1317 4990 inique
1351 4917 1553 4987 egisse,
1583 4929 1707 4970 cum
1736 4911 2009 4967 neminem

429 5018 1010 5080 commonefacientem
1036 5027 1124 5068 me
1155 5011 1424 5071 audirem,
1461 5016 1516 5062 et.
1544 5022 1668 5062 cmu
1705 5005 1836 5059 mihi
1865 5018 2012 5058 cura:

431 5126 596 5178 esset,
636 5123 698 5167 ut
723 5120 931 5166 rectum
956 5106 1093 5162 nihil
1125 5104 1447 5175 aspicerem.
1482 5099 1688 5167 Quare,
1720 5097 1822 5163 ait,
1868 5110 2014 5151 nunc

430 5205 743 5262 conﬁtendo
777 5202 922 5257 dico.

502 5296 672 5355 Vsus.
706 5295 764 5350 4.
811 5311 832 5346 ι
864 5293 1051 5363 Inique
1090 5287 1202 5360 egi,
1241 5287 1385 5355 quod
1438 5298 1547 5339 non
1595 5281 1881 5337 viderem:
1915 5295 2013 5336 cor

434 5407 616 5446 meum
663 5397 841 5452 errat,
886 5382 1152 5454 iniquitas
1200 5392 1325 5433 mea
1363 5374 1629 5445 demergit
1672 5387 1802 5428 me:
1833 5372 2014 5427 anima

436 5498 554 5538 mea
585 5482 640 5537 in
672 5488 823 5535 metu
851 5486 1123 5533 versatur.
1148 5490 1169 5525 ι
1202 5469 1333 5525 llaec
1358 5482 1493 5523 sane
1527 5474 1660 5537 puto
1694 5480 1723 5519 a
1749 5464 2013 5534 propheta

436 5576 578 5629 dicta
631 5571 821 5636 fuisse,
878 5565 1176 5638 Babylonis
1229 5575 1516 5634 personam
1570 5565 1909 5624 assumente,
1961 5566 2018 5611 et

437 5665 593 5736 quasi
624 5664 889 5733 eiusdem,
924 5661 1040 5716 sive
1068 5655 1251 5729 gentis
1297 5652 1544 5708 eamdem
1592 5649 1883 5707 incolentis
1919 5663 2017 5704 no-

437 5761 587 5816 mine
625 5758 741 5812 luec
765 5755 907 5810 dicta
947 5749 1202 5823 proferri.

516 5846 765 5907 “usus.
833 5863 852 5897 ι
881 5843 1132 5913 Praepara
1194 5852 1462 5908 mensam,
1502 5836 2018 5906 comedite,bibite;

2109 4665 2170 4702 τε
2201 4645 2297 4701 καὶ
2347 4643 2500 4697 πόνοι
2529 4637 2830 4696 κατέλαϐόν
2866 4654 2955 4709 με,
3006 4636 3084 4701 ὡς
3119 4635 3286 4707 μηδὲν
3323 4632 3603 4705 διαφέρειν
3630 4646 3700 4701 με

2111 4739 2208 4812 τὴν
2234 4736 2551 4801 Βαϐυλῶνα,
2583 4733 2683 4805 τήν
2711 4731 2878 4799 πάλαι
2896 4730 3103 4802 ἑτέροις
3122 4725 3287 4783 οὖσαν
3317 4723 3575 4798 φοϐερὰν,
3605 4740 3703 4793 γυ-

2113 4828 2301 4892 ναικὸς
2318 4824 2627 4894 τικτούσης.
2657 4821 2844 4876 Ταῦτα
2870 4820 2928 4875 δέ
2964 4838 3053 4892 μοι
3095 4816 3462 4890 συμϐέϐηκεν,
3492 4814 3705 4885 ἐπειδή-

2114 4936 2219 4990 περ
2237 4916 2483 4989 ὁμολογῶ
2503 4914 2842 4986 ἠδικηκέναι,
2867 4913 2955 4967 ὅτε
2975 4911 3199 4984 μηδενὸς
3220 4910 3417 4981 ήκουον
3434 4907 3545 4962 τῶν
3561 4923 3704 4979 παρ-
3722 4940 3728 4947 -

2114 5010 2408 5065 αινούντων
2437 5024 2549 5079 μοι,
2581 5006 2676 5060 καὶ
2724 5006 2813 5059 ὅτε
2845 5004 3081 5072 σπουδὴν
3104 5001 3404 5073 ἐποιούμην
3427 4999 3591 5073 μηδὲν
3607 4998 3704 5073 ὀρ-

2116 5101 2207 5155 θὸν
2242 5100 2482 5172 βλέπειν.
2509 5098 2621 5163 Διὸ,
2656 5098 2810 5169 φησὶ,
2843 5095 2939 5150 νῦν
2970 5092 3436 5165 ἐξομολογουμένη
3473 5088 3638 5164 φημί’

2193 5300 2212 5333 ι
2233 5279 2499 5352 Ἦδίκησα
2515 5276 2608 5333 τοῦ
2636 5277 2711 5350 μὴ
2737 5276 2981 5349 βλέπειν·
3008 5273 3332 5344 πλανᾶταιή
3358 5272 3557 5345 καρδία
3578 5287 3704 5344 μου,

2119 5375 2211 5428 καὶ
2244 5376 2278 5445 ή
2304 5372 2505 5444 ἀνομία
2540 5388 2641 5444 μου
2682 5366 2932 5440 βαπτίζει
2966 5382 3067 5437 με·
3099 5367 3133 5437 ἡ
3161 5364 3307 5437 ψυχή
3341 5382 3445 5436 μου
3474 5364 3707 5434 ἐφέστη-

2118 5483 2214 5520 κεν
2231 5466 2312 5530 είς
2334 5464 2514 5535 φόϐον.
2549 5482 2569 5514 ι
2600 5460 2788 5516 Ταῦτα
2816 5460 2913 5531 μὲν
2938 5453 3093 5528 οἶμαι
3114 5455 3463 5528 λελέχθαιτῷ
3490 5455 3708 5527 προφή-

2117 5573 2209 5631 τῃ,
2238 5552 2672 5629 προσωποιοῖΝτι
2725 5551 2824 5624 τὴν
2846 5546 3164 5613 Βαϐυλῶνα,
3186 5548 3283 5602 καὶ
3334 5548 3411 5611 ὡς
3433 5546 3493 5613 ἐξ
3514 5546 3706 5617 αὐτῆς,

2117 5651 2152 5722 ἢ
2181 5650 2276 5704 καὶ
2309 5647 2403 5702 τοῦ
2442 5648 2501 5699 ἐν
2536 5646 2676 5716 αὐτῇ
2716 5640 3093 5703 κατοικοῦντος
3132 5639 3321 5705 ἔθνους
3351 5640 3421 5694 τὰ
3441 5638 3735 5711 εἰρημένα.-

2120 5740 2503 5815 προέρχεσθαι.

2197 5831 2556 5900 «Ἑτοίμασον
2607 5830 2707 5901 τὴν
2750 5828 3051 5900 τράπεζαν,
3101 5830 3325 5901 φάγετε,
3377 5823 3731 5881 πίετε·ἁνα·κ
