4118 6394
449 410 550 466 241

1406 403 1914 462 COMMENTARIA
1957 403 2320 462 lN-ISAIAM.
2363 435 2427 447 -—
2466 405 2619 461 CAP.
2663 401 2803 458 XXI.

3583 401 3728 456 ~25?

452 526 696 591 στάντες,
726 525 776 578 οἱ
811 524 1449 596 ἄρχοντες,ἁνασπάσατε
1481 523 1726 596 θυρεούς.
1752 544 1768 574 ι
1801 524 1875 577 Τὸ
1911 541 2035 595 προ-

2152 534 2470 596 surgentes,
2509 525 2807 596 principes,
2827 523 3052 592 arripite
3072 523 3311 592 clypeos.
3343 541 3363 575 ι
3388 521 3730 586 Medos,Ela-

451 617 680 688 φητικὸν
715 615 934 686 πνεῦμα
973 615 1108 688 πρὸς
1133 615 1258 678 τοὺς
1290 615 1505 686 Μήδους
1533 618 1625 670 καὶ
1653 617 1778 680 τούς
1819 615 2038 686 Ἐλαμί-

449 725 564 772 τας,
589 707 684 761 καὶ
714 709 851 780 πρὸς
871 707 996 771 τούς
1019 706 1276 776 πρέσϐεις
1295 706 1402 759 τῶν
1429 706 1652 777 Περσῶν
1674 706 2034 770 ἀποτείνεται,

449 800 712 872 διεγεῖρον
761 802 856 854 καὶ
888 798 1186 870 παρορμῶν
1218 799 1412 861 αὐτοὺς
1439 799 1531 850 ἐπὶ
1557 798 1648 851 τὸν
1686 797 1824 851 κατά
1857 798 2035 852 Βαϐυ-

449 891 655 945 λωνίων
680 892 934 962 πόλεμον.
977 891 1069 944 Διὸ
1097 890 1172 952 ὡς
1202 890 1337 960 πρὸς
1367 890 1563 954 αὐτούς
1589 908 1753 960 φησιν
1773 908 1788 920 ·
1824 913 1841 941 ι
1865 890 2036 944 Ἰςτοί-

451 1001 624 1054 μασον
646 983 745 1056 τὴν
775 983 1076 1056 τράπεζαν,
1109 983 1335 1051 φάγετε,
1363 1002 1380 1032 ι
1421 983 1514 1035 καὶ
1547 983 1614 1036 τὰ
1644 983 1791 1052 ἑξῆς.

524 1077 680 1130 «Ὅτι
719 1076 893 1141 οὕτως
917 1073 1038 1129 εἷπε
1067 1075 1273 1148 Κύριος
1306 1077 1443 1148 πρὸς
1475 1076 1541 1146 μέ
1563 1093 1577 1108 ο
1610 1076 1840 1139 Βαδίσας
1877 1093 2035 1129 σεαυ-

446 1164 530 1238 τῷ
560 1166 763 1236 στῆσον
809 1167 1030 1229 σκοπὸν,
1063 1168 1156 1220 καὶ
1180 1167 1208 1220 ὃ
1240 1168 1332 1222 ἐὰν
1359 1167 1495 1240 ἴδῃς,
1541 1167 1879 1236 ἀνάγγειλον.
1929 1170 2038 1221 Καὶ

448 1257 589 1314 εἶδον
622 1261 896 1324 ἀναϐάτας
942 1262 1124 1324 ἱππεῖς
1179 1259 1289 1322 δύο,
1326 1260 1418 1314 καὶ
1450 1259 1729 1330 ἀναϐάτην
1767 1260 1908 1324 ὄνου,
1944 1260 2037 1313 καὶ

448 1352 725 1423 ἀναϐάτην
747 1351 1012 1423 καμήλου.
1069 1351 1360 1421 Ἀκρόασαι
1392 1353 1653 1421 ἀκρόασιν
1691 1351 1910 1422 πολλὴν,
1943 1354 2036 1405 καὶ

449 1444 680 1496 κάλεσον
706 1445 910 1514 Οὐρίαν
930 1445 1009 1507 είς
1038 1444 1135 1514 τὴν
1157 1443 1407 1497 σκοπιάν.
1437 1463 1454 1494 ι
1484 1443 1763 1514 Σημεῖαδέ
1791 1445 1885 1497 καὶ
1909 1443 2039 1514 σύμ·

449 1536 581 1590 ϐολα
608 1532 675 1607 ῆν
702 1535 875 1589 ταῦτα
903 1537 1002 1606 τῆς
1027 1535 1134 1588 τῶν
1163 1536 1436 1606 πολεμίων
1469 1535 1848 1608 παρατάξεως,
1885 1529 1960 1590 ὧν
1987 1538 2034 1590 οί

454 1627 553 1697 μὲν
574 1626 662 1696 ἐφ’
694 1627 956 1696 ἁρμάτων
983 1625 1266 1697 ὀχούμενοι
1295 1626 1552 1697 ἐπῄεσαν,
1582 1629 1630 1680 οί
1659 1627 1716 1680 δὲ
1745 1629 1836 1680 ἐπὶ
1869 1645 2034 1681 νωτο-

447 1717 650 1788 φόρων,
679 1717 749 1770 τὰ
781 1718 967 1771 δέοντα
1002 1719 1136 1789 πρὸς
1161 1719 1348 1790 χρείας
1381 1719 1727 1789 ἐπαγόμενοι.
1769 1739 1786 1770 ι
1810 1720 2034 1790 ’Λκρόασ

447 1827 536 1863 σαι
560 1810 821 1882 ἀκρόασιν
847 1809 1069 1882 πολλὴν,
1097 1811 1190 1864 καὶ
1213 1811 1442 1865 κάλεσον
1467 1811 1671 1884 Οὐρίαν
1691 1813 1770 1875 είς
1791 1812 1891 1884 τὴν
1914 1830 2038 1868 σκο·

442 1902 598 1967 πιάν,
624 1923 642 1954 ι
676 1904 775 1974 τήν
795 1903 1124 1976 ῥηθήσεσθαι
1155 1905 1456 1974 μέλλουσαν
1473 1905 1684 1971 ἔπειτα,
1716 1905 1867 1977 ἢτὴν
1893 1906 2041 1960 λέαι-
2073 1895 2115 1949 Β

442 1997 626 2066 ναν,ἢ
682 1995 773 2049 τὸν
817 1997 1004 2069 ’Λριὴλ
1057 1997 1306 2061 κάλεσαι,
1362 1999 1511 2061 ὅπως
1557 1998 1651 2052 καὶ
1676 1998 1839 2061 αὐτὸς
1867 1997 2036 2052 ἐλθὼν

444 2085 551 2138 ὐπὸ
579 2085 672 2138 τοῦ
704 2085 906 2140 σκοποῦ
936 2087 1176 2160 θεαθείη,
1219 2089 1313 2142 τοῦ
1345 2090 1627 2160 προφήτου
1660 2087 1774 2158 ἃμα
1807 2088 1886 2159 τῷ
1912 2107 2040 2142 σκο-

443 2177 532 2249 πῷ
560 2178 855 2249 θεωμένου.
901 2179 959 2232 Ὀ
997 2179 1052 2233 δὲ
1087 2181 1369 2251 σημαίνων
1411 2181 1558 2250 λέγει
1585 2179 1654 2233 τὰ
1697 2179 1840 2249 ἐξῆς.
1877 2175 2041 2251 Οἶμαι

443 2270 531 2324 διὰ
551 2271 754 2324 τούτων
783 2271 1142 2342 σημαίνεσθαι
1166 2273 1268 2342 τῆς
1309 2273 1611 2345 Ἀσσυρίων
1635 2272 1912 2343 βασιλείας
1943 2273 2040 2342 τὴν

446 2361 688 2432 παντελῆ
719 2361 1034 2432 καθαίρεσιν
1064 2363 1200 2416 Θεοῦ
1243 2363 1424 2434 κρίσει
1449 2363 1767 2435 γενομένην.
1817 2365 1960 2416 Ἀντὶ
1986 2364 2041 2417 δέ

444 2453 561 2518 τοῦ,
594 2473 612 2504 ι
637 2455 861 2526 Οὐρίαν,
891 2477 908 2506 ι
945 2457 974 2507 6
1002 2457 1099 2526 μὲν
1137 2456 1385 2521 Ἀκύλας,
1425 2475 1442 2507 ι
1470 2457 1679 2521 λέοντα,
1714 2476 1732 2508 ι
1766 2457 1870 2510 ὁδέ
1899 2457 2042 2528 Σύμ-

453 2563 648 2616 μαχος,
694 2565 712 2596 t
753 2547 1030 2610 λέαιναν,›
1069 2550 1098 2602 6
1134 2549 1191 2600 δὲ
1235 2548 1548 2613 Θεοδοτίων,
1605 2547 1852 2620 «Ἀριὴλ,
1881 2569 1898 2600 ι
1951 2550 2038 2616 ἐξ-

447 2634 670 2689 έδωκεν.
707 2638 894 2699 Οὐδεὶς
923 2640 1098 2694 τοίνυν
1131 2640 1332 2710 Οὐρίαν
1356 2640 1636 2711 ὠνόμασεν
1654 2657 1668 2672 ·
1699 2642 1819 2694 ἐπεὶ
1861 2641 1980 2695 οὐδὲ
2004 2645 2038 2714 ἡ

457 2727 718 2800 Ὶιῖϐραῖκή
743 2731 894 2802 φωνὴ
918 2731 1294 2802 ἐμνημόνευσε
1323 2732 1418 2784 τοῦ
1451 2732 1644 2802 Οὐρία.

518 2839 536 2870 ι
560 2821 669 2874 Καὶ
701 2817 883 2876 εἶπεν·
917 2823 1078 2892 ἔστην
1113 2824 1406 2888 διαπαντὸς
1433 2825 1665 2896 ἡμέρας,
1695 2826 1790 2878 καὶ
1823 2827 1915 2878 ἐπὶ
1938 2827 2038 2897 τῆς

446 2912 795 2984 παρεμϐολῆς
816 2914 977 2986 ἔστην
1008 2915 1135 2987 ὃλην
1171 2916 1272 2988 τὴν
1310 2919 1500 2972 νύκτα.
1529 2937 1546 2968 ι
1581 2919 1836 2992 Είστήκει
1858 2920 2036 2974 τοίνυν

446 3007 542 3059 καὶ
567 3008 594 3059 ὁ
624 3009 909 3079 προφήτης
940 3009 1056 3080 ἅμα
1073 3009 1152 3080 τῷ
1176 3011 1384 3082 σκοπῷ,
1422 3013 1741 3085 καραδοκῶν
1776 3015 1874 3086 τὴν
1911 3015 2037 3085 μέλ-

445 3101 643 3155 λουσαν
673 3103 858 3166 αὐτοῖς
910 3101 1243 3173 ὀφθήσεσθαι
1277 3103 1398 3173 ὄψιν
1452 3104 1545 3157 τοῦ
1580 3105 1790 3170 λέοντος
1824 3109 1916 3160 καὶ
1939 3107 2038 3178 τῆς

445 3195 684 3266 λεαίνης,
719 3195 751 3267 ἢ
779 3196 869 3249 τοῦ
917 3197 1126 3270 Ἀριήλ.
1175 3199 1625 3270 Διακαρτερήσας
1658 3199 1714 3252 δέ
1746 3199 1837 3252 τὸν
1859 3201 2034 3254 πάντα

447 3286 546 3356 τῆς
589 3286 800 3357 ἡμέρας
845 3287 941 3341 καὶ
977 3289 1069 3342 τὸν
1110 3289 1208 3358 τῆς
1263 3290 1455 3353 νυκτὸς
1498 3291 1708 3362 χρόνον,
1768 3291 2028 3361 ἐπιλέγει·

452 3396 472 3425 ι
504 3375 616 3427 Καὶ
653 3374 761 3429 ἰδοὺ
791 3376 953 3439 αὐτὸς
981 3375 1219 3447 ἔρχεται.
1250 3395 1268 3426 ›
1311 3377 1404 3441 Τίς
1434 3378 1490 3430 δέ
1521 3370 1697 3443 οὗτος,
1722 3379 1754 3449 ἦ
1790 3378 2032 3449 δηλονότι

459 3466 645 3539 ’Λριῆλ
688 3467 1032 3539 ἐπιϐεϐηκὼς
1081 3467 1363 3541 ξυνωρίδι;
1399 3470 1490 3523 Διό
1518 3487 1651 3541 φησι
1673 3488 1686 3500 ·
1730 3490 1748 3521 ι
1775 3472 1885 3524 Καὶ
1921 3471 2030 3524 ἰδοὺ

445 3560 609 3623 αὐτὸς
641 3560 856 3630 ἔρχεται
887 3562 979 3615 καὶ
1012 3563 1290 3635 ἁναϐάτης
1317 3563 1626 3636 ξυνωρίδος.
1669 3583 1687 3615 ι
1711 3565 1806 3628 Τίς
1856 3564 1913 3618 δὲ
1942 3558 2033 3618 οὗ-

443 3671 536 3717 τος
559 3655 668 3726 ἄρα
690 3651 778 3727 ἦν,
805 3656 837 3727 ἢ
866 3658 1105 3729 τιμωρός
1130 3676 1212 3722 τις
1253 3658 1502 3728 ἄγγελος,
1532 3660 1598 3712 δι’
1629 3653 1688 3712 οὗ
1717 3659 1786 3713 τὰ
1808 3659 1908 3730 τῆς
1935 3677 2033 3712 πο-

440 3741 687 3817 λιορκίας
715 3747 815 3817 τῆς
869 3747 1186 3813 Βαϐυλῶνος
1215 3749 1402 3820 ἔμελλε
1459 3749 1828 3822 πληροῦσθαι;
1881 3751 2036 3820 Τάχα

441 3854 546 3890 που
582 3839 768 3909 Ἀριὴλ
821 3839 1300 3912 ὀνομαζόμενος,ἦ
1348 3843 1439 3895 καὶ
1472 3842 1634 3904 αὐτὸς
1664 3843 1870 3906 ἐκεῖνος
1897 3844 1926 3894 6
1957 3843 2033 3905 ὡς

440 3928 581 3980 λέων
596 3927 924 4000 ὠρυόμενος,
951 3932 1044 3984 καὶ
1075 3932 1395 4001 περιπατῶν
1427 3931 1604 4002 ζητῶν
1626 3932 1748 3985 τίνα
1765 3934 2031 4006 καταπίῃ.

442 4018 555 4070 Καὶ
569 4017 630 4089 δὴ
657 4019 992 4090 θεασάμενος
1010 4021 1171 4075 αὐτὸν
1195 4022 1224 4073 6
1254 4025 1558 4093 προφήτης,
1589 4023 1827 4077 συνεῖδεν
1856 4025 1932 4088 ὡς
1963 4042 2035 4078 τι-

447 4112 759 4182 μωρητικὸς
791 4111 866 4165 ῶν
894 4112 1123 4180 ἄγγελος
1152 4114 1252 4182 τὴν
1285 4115 1384 4184 τῆς
1413 4115 1732 4178 Βαϐυλῶνος
1757 4116 2032 4171 ἀπώλειαν

442 4201 764 4274 ἐργάζεται·
797 4203 878 4256 διὸ
921 4203 1115 4275 ἐπιϐοᾷ
1158 4203 1366 4272 λέγων·
1409 4223 1426 4254 ι
1456 4205 1741 4268 Πέπτωκε,
1778 4207 2033 4261 πέπτωκε

440 4292 720 4358 Βαϐυλὼν,
749 4295 844 4347 καὶ
873 4295 1048 4348 πάντα
1075 4295 1142 4348 τὰ
1166 4295 1458 4366 ἀγάλματα
1485 4297 1674 4368 αὐτῆς,
1707 4299 1800 4351 καὶ
1827 4299 1894 4352 τά
1924 4317 2036 4370 χει-

2146 615 2334 680 mitas,
2358 625 2413 670 et
2443 615 2738 670 Persarum
2789 616 3001 686 legatos
3050 614 3341 684 compellat
3377 615 3727 684 propheticus

2146 709 2390 775 spiritus,
2413 711 2660 764 excitans
2694 724 2788 762 eos
2817 709 2883 762 ad
2915 707 3114 761 bellum
3150 717 3342 762 contra
3374 706 3721 778 Babylonius.

2145 801 2328 867 Quare
2363 801 2520 868 quasi
2551 801 2617 854 ad
2657 801 2778 854 illos
2806 800 2936 854 talia
2972 799 3144 865 fatur,
3211 818 3230 850 ι
3274 798 3524 869 Ρταξρειτε
3569 813 3727 852 mens.

2145 907 2285 955 sam,
2327 889 2620 955 comedite,
2655 909 2672 940 ι
2701 899 2754 944 ει
2777 900 3002 944 εαιιεττι.

2219 1076 2389 1131 Vens.
2425 1073 2547 1129 6--8.
2592 1074 2860 1141 Quoniam
2912 1075 2990 1128 sic
3037 1073 3175 1128 dixit
3205 1073 3462 1127 Dominus
3495 1073 3562 1125 ad
3615 1089 3722 1137 me,

2145 1170 2429 1226 Profectus
2457 1179 2636 1222 statue
2671 1168 2764 1221 tibi
2799 1167 3219 1237 speculatorem,
3251 1167 3466 1236 etquod
3497 1167 3724 1228 videris.

2148 1263 2423 1317 renuntia.
2458 1260 2525 1315 Et
2553 1259 2663 1313 vidi
2710 1273 2953 1313 sessores
2987 1260 3198 1328 equites
3245 1259 3401 1324 duos,
3450 1273 3725 1313 sessorem

2148 1355 2310 1420 asini,
2364 1363 2419 1408 et
2455 1369 2726 1408 sessorem
2789 1352 3009 1407 cameli.
3055 1351 3192 1405 Audi
3222 1351 3555 1406 auditionem
3588 1351 3726 1404 inul-

2147 1458 2280 1512 tam,
2316 1457 2373 1502 et
2405 1461 2540 1500 voca
2570 1445 2758 1501 Uriam
2796 1447 2862 1497 ad
2895 1444 3192 1514 speculam.
3221 1462 3238 1494 ι
3293 1443 3455 1515 Signa
3498 1459 3634 1498 vero
3673 1452 3728 1495 et

2147 1539 2392 1611 symhoia
2426 1541 2543 1593 hzec
2574 1548 2727 1592 erant
2768 1539 2904 1591 aciei
2945 1537 3316 1601 inimicorum,
3346 1553 3577 1608 quorum
3632 1535 3726 1590 alii

2146 1629 2399 1684 curribus
2428 1628 2565 1682 vecti
2601 1629 2904 1690 irruebant,
2963 1628 3053 1680 alii
3089 1627 3352 1696 jumentis
3391 1629 3640 1681 sarcinas
3670 1635 3727 1681 et

2145 1730 2510 1777 connneatum
2546 1721 2802 1789 agebant.
2859 1739 2876 1769 ι
2908 1721 3048 1772 Audi
3089 1720 3422 1773 auditionem
3475 1719 3723 1780 multam,

2144 1827 2200 1872 et
2224 1829 2357 1869 voca
2404 1813 2589 1869 Uriam
2635 1815 2700 1866 ad
2752 1813 3116 1883 speculamp
3172 1813 3424 1866 videlicet
3458 1827 3602 1874 eam,
3658 1811 3727 1863 de

2144 1929 2249 1982 qua
2274 1921 2464 1981 postea
2491 1925 2694 1974 sermo,
2729 1912 2843 1964 sive
2868 1910 3118 1974 lcmnam,
3163 1909 3279 1964 sive
3315 1907 3461 1963 Ariel
3520 1921 3722 1969 evoca;

2145 2015 2205 2059 ut
2237 2018 2295 2060 et
2331 2007 2447 2075 ipse
2473 2005 2701 2058 veniens
2725 2019 2753 2056 a
2788 2003 3130 2072 speculatore
3156 2002 3427 2064 videatur,
3460 2001 3724 2069 pmpheta

2145 2098 2274 2152 item
2315 2113 2438 2152 cum
2475 2096 2822 2165 speculatore
2855 2110 2960 2147 una
3014 2092 3408 2160 conspiciente.
3452 2091 3547 2146 llle
3595 2106 3726 2144 vero

2145 2189 2460 2259 speculator
2490 2202 2716 2241 monens
2742 2187 3026 2255 sequentia
3067 2185 3218 2239 dicit.
3250 2183 3346 2238 llis
3385 2194 3563 2236 autem
3595 2191 3731 2251 putt”;

2146 2281 2443 2352 signiﬁcari
2471 2280 2820 2350 Assyriorum
2855 2293 3105 2346 regnum,
3135 2276 3338 2346 judicio
3373 2275 3462 2326 Dei
3484 2273 3726 2328 funditus

2145 2389 2422 2430 eversum.
2453 2371 2562 2428 Pro
2592 2372 2684 2426 illo
2713 2381 2916 2432 autem,
2950 2390 2967 2420 ι
3002 2369 3209 2434 Uriam,
3237 2387 3256 2419 ι
3310 2367 3528 2436 Aquila,
3563 2386 3582 2417 ι
3617 2366 3718 2418 leo-

2144 2481 2290 2530 nem,
2339 2485 2358 2518 ι
2413 2464 2798 2536 Symmachus,
2829 2481 2847 2513 ι
2885 2461 3136 2522 leaenam,
3171 2478 3189 2510 ι
3222 2458 3544 2522 Thcodotio,
3594 2475 3612 2506 ι
3656 2459 3727 2508 A-

2145 2558 2267 2622 riel,
2295 2578 2314 2610 »
2344 2556 2533 2612 edidit.
2563 2555 2733 2610 Nemo
2763 2555 2928 2624 igitur
2965 2552 3150 2608 Uriam
3187 2551 3509 2607 memoravit
3540 2571 3550 2604 :
3590 2564 3726 2617 quo-

2142 2651 2290 2706 niam
2327 2665 2428 2706 nec
2452 2649 2716 2705 Hebraiea
2749 2664 2849 2704 vox
2881 2647 3068 2703 Uriam
3099 2647 3366 2700 nominat.

2214 2828 2381 2886 Vens.
2410 2829 2466 2883 9.
2508 2845 2528 2879 ι
2561 2827 2626 2881 Et
2649 2826 2827 2881 dixit:
2861 2825 3002 2880 Steti
3038 2833 3150 2878 tcta
3181 2822 3288 2888 die,
3327 2830 3383 2875 et
3433 2820 3484 2872 in
3526 2817 3725 2873 castris

2142 2925 2266 2978 steti
2299 2932 2410 2977 tota
2442 2933 2622 2976 nocte.
2659 2941 2678 2972 ι
2712 2919 2878 2974 Stetit
2912 2933 3046 2987 ergo
3075 2916 3339 2986 propheta
3381 2929 3503 2968 cum
3531 2926 3728 2978 specu-

2140 3013 2334 3077 latore,
2368 3023 2696 3082 exspectans
2731 3010 2969 3065 futuram
3000 3008 3146 3062 illam
3194 3007 3488 3068 visionem,
3524 3004 3724 3062 leonis,

2139 3105 2222 3160 vel
2259 3105 2462 3170 lemma,
2494 3105 2579 3158 vel
2611 3103 2782 3158 Ariel.
2815 3102 2946 3156 Cum
2977 3110 3165 3155 autem
3217 3109 3329 3152 toto
3381 3098 3488 3151 diei
3525 3106 3580 3150 et
3627 3111 3727 3148 no-

2139 3200 2244 3254 ctis
2279 3208 2522 3266 tempore
2549 3196 2895 3266 perstitisset,
2932 3194 3136 3256 subdit,
3170 3212 3186 3243 ι
3229 3193 3288 3246 Ει
3313 3205 3443 3246 ecce
3486 3191 3599 3257 ipse
3631 3202 3728 3239 ve-

2143 3290 2240 3344 nit.
2279 3309 2297 3340 ι
2331 3287 2462 3354 Quis
2495 3286 2583 3340 ille
2619 3295 2796 3338 autem
2843 3294 2950 3348 est,
2993 3283 3098 3337 nisi
3135 3281 3282 3335 Ariel
3313 3281 3435 3351 biga
3488 3279 3725 3333 vectus?

2142 3384 2321 3448 Quare
2345 3381 2441 3444 ait,
2497 3397 2516 3431 ι
2550 3379 2614 3433 Et
2641 3393 2770 3433 ecce
2816 3378 2930 3446 ipse
2983 3375 3154 3438 venit,
3210 3387 3470 3428 ascensor
3507 3373 3664 3441 bigae.
3697 3390 3717 3423 ι

2142 3474 2276 3541 Quis
2305 3488 2435 3526 vero
2461 3481 2581 3525 erat
2613 3469 2725 3533 ille,
2761 3470 2861 3524 nisi
2890 3468 3037 3522 ultor
3063 3466 3288 3536 quidam
3338 3463 3583 3533 angelus,
3621 3479 3722 3516 cu-

2137 3568 2226 3638 jus
2254 3582 2416 3637 opera
2446 3564 2736 3635 Babylonis
2765 3563 2982 3617 obsidio
3015 3558 3344 3628 perﬁcienda
3385 3556 3548 3610 erat?
3581 3552 3717 3608 For-

2144 3669 2288 3714 tasse
2324 3656 2469 3710 Ariel
2511 3655 2710 3710 dicitur
2738 3654 2823 3708 vel
2867 3653 3008 3706 idem
3041 3652 3156 3722 ipse
3191 3650 3282 3718 qui
3315 3647 3473 3717 quasi
3510 3646 3594 3701 leo
3631 3662 3727 3698 ru-

2142 3748 2296 3818 giens
2321 3746 2520 3799 circuit
2547 3757 2799 3812 qumrens
2833 3756 2996 3810 quem
3026 3742 3272 3795 devoret.
3332 3739 3398 3792 Et
3430 3753 3562 3791 sane
3594 3753 3724 3791 con-

2143 3847 2330 3907 specto
2374 3836 2487 3898 illo,
2518 3834 2783 3904 propheta
2818 3833 3092 3888 intellexit
3127 3849 3272 3894 eum,
3324 3841 3512 3901 utpote
3555 3845 3723 3900 ange-

2145 3929 2254 3984 lum
2289 3928 2543 3994 ultorem,
2569 3927 2863 3997 Babylonis
2908 3927 3134 3981 exitium
3177 3940 3515 3996 procurare:
3549 3938 3724 3993 quare

2141 4025 2414 4078 exclamat
2440 4022 2526 4077 his
2551 4021 2760 4082 verbis,
2794 4041 2811 4071 ι
2843 4020 3073 4084 Cecidit,
3107 4020 3306 4074 cecidit
3352 4016 3614 4088 Babylon,
3666 4027 3723 4069 et

2141 4116 2322 4171 omnia
2363 4114 2651 4168 simulacra
2694 4113 2834 4184 ejus,
2880 4123 2936 4167 et
2982 4113 3289 4166 manufacta
3335 4110 3452 4176 ejus
3483 4109 3723 4163 contrita

2143 4187 2270 4262 sunt
2321 4205 2373 4259 in
2433 4215 2660 4259 terram.
2711 4225 2729 4257 ι
2789 4204 2924 4257 Nam
2973 4204 3126 4273 quasi
3155 4203 3208 4258 id
3244 4217 3511 4273 peragere
3537 4203 3722 4268 jussus

2141 4309 2286 4355 esset
2319 4298 2494 4362 Ariel,
2541 4299 2687 4352 hanc
2713 4298 2921 4351 emittit
2951 4296 3218 4364 propheta
3250 4310 3436 4349 vocem
3463 4313 3473 4346 :

445 4389 708 4461 ροποίητα
735 4391 906 4462 αὐτῆς
929 4391 1216 4463 συνετρίϐη
1259 4393 1336 4454 είς
1377 4392 1476 4462 τὴν
1498 4393 1619 4464 γῆν.
1651 4413 1668 4443 ι
1711 4393 1800 4457 Ὠς
1847 4393 1957 4467 γὰρ
2016 4393 2190 4450 ταῦτα
2235 4395 2440 4466 πρᾶξαι
2482 4392 2902 4464 κεκελευσμένου
2945 4391 3039 4444 τοῦ
3074 4389 3280 4462 Ἀριὴλ,
3325 4389 3526 4460 ταύτην
3570 4389 3720 4460 ἠφίει

441 4485 540 4555 τῆν
566 4487 752 4556 φωνὴν
779 4487 810 4539 6
841 4487 1124 4558 προφήτης
1152 4505 1167 4517 ·

522 4600 539 4626 ι
565 4577 882 4641 Ἀκούσατε,
905 4579 954 4631 οἱ
975 4579 1460 4650 καταλελειμμένοι
1483 4581 1574 4633 καὶ
1607 4582 1655 4633 οἱ
1681 4581 2030 4654 ὀδυνώμενοι,

2214 4581 2380 4636 Vsus.
2420 4575 2508 4628 10.
2545 4592 2563 4624 ι
2596 4571 2793 4625 Audite
2829 4571 2924 4640 qui
2960 4571 3203 4626 derelicti
3232 4575 3389 4637 estis,
3417 4585 3468 4628 ct
3499 4575 3592 4643 qui
3619 4575 3720 4631 do-

443 4669 734 4731 ἀκούσατε,
771 4669 806 4722 ἃ
835 4671 1044 4739 ἤκουσα
1092 4670 1246 4743 παρά
1291 4673 1499 4743 Κυρίου
1541 4673 1792 4738 Σαϐαὼθ,
1827 4677 1856 4728 6
1894 4675 2026 4740 Θεὸς

441 4760 537 4814 τοῦ
581 4760 795 4831 Ἰσραὴλ
843 4761 1164 4830 ἀνήγγειλεν
1206 4765 1354 4833 ἡμῖν.
1382 4787 1399 4813 ι
1440 4765 1504 4815 Ἀ
1533 4765 1640 4835 γὰρ
1677 4767 1798 4836 ἐμοὶ
1821 4767 2029 4820 ἀπεκά-

443 4853 600 4923 λυψε,
619 4850 793 4906 ταῦτα
823 4852 919 4904 καὶ
947 4854 1076 4922 ὑμῖν
1096 4852 1353 4922 ἐξέφηνεν
1387 4856 1462 4926 ῶς
1487 4855 1550 4908 δι’
1571 4856 2024 4928 ἑρμηνέωςέμοῦ.

524 4965 540 4994 ι
567 4943 640 4995 Τὸ
661 4944 843 5014 ὅραμα
876 4942 976 5011 τῆς
1015 4943 1334 5014 Ἰδουμαίας.
1365 4946 1508 5014 Πρὸς
1536 4947 1636 5016 ἐμὲ
1694 4948 1849 5001 κάλει
1877 4949 2030 5021 παρὰ

443 5037 536 5090 τοῦ
571 5036 753 5107 Σηείρ.
788 5035 1092 5089 Φυλάσσετε
1118 5037 1388 5104 ἐπάλξεις.
1417 5057 1435 5088 ι
1477 5041 1657 5093 Ἐοικε
1678 5040 1733 5092 δὲ
1762 5045 1875 5105 τοῖς
1904 5044 2030 5095 ἐαυ-

445 5129 538 5182 τοῦ
568 5129 862 5201 γνωρίμοις
899 5131 927 5182 6
955 5129 1087 5191 Θεὸς
1121 5133 1462 5200 προσφωνεῖν
1494 5131 1666 5200 λέγων
1687 5149 1700 5162 ·
1752 5154 1770 5183 ι
1797 5134 1941 5205 Πρὸς
1974 5136 2029 5186 ἐ-

450 5220 517 5290 μὲ
545 5221 698 5273 κάλει
755 5221 906 5292 παρά
934 5219 1026 5273 τοῦ
1060 5221 1255 5292 Σηείρ·
1289 5241 1308 5273 ι
1353 5245 1369 5272 ι
1391 5225 1516 5286 τοὺς
1543 5243 1560 5274 ι
1602 5224 1668 5292 γά
1679 5243 1711 5295 ρ
1756 5244 1773 5274 ι
1801 5226 2029 5295 pag-my-

445 5329 545 5375 τας
574 5313 722 5383 παρά
755 5313 848 5366 τοῦ
893 5313 1080 5384 Σηεὶρ,
1107 5332 1125 5364 ι
1187 5313 1325 5366 κατά
1355 5314 1480 5377 τοὺς
1507 5314 1726 5378 λοιποὺς
1765 5319 2031 5388 ἑρμηνευ-

443 5404 565 5467 τὰς,
607 5422 624 5454 ι
652 5404 786 5474 πρὸς
821 5404 920 5472 ἐμὲ
955 5405 1130 5469 κάλει,
1159 5425 1176 5455 ι
1212 5406 1396 5476 φησίν.
1428 5407 1594 5478 Σηεὶρ
1626 5407 1682 5460 δὲ
1709 5408 1951 5462 ἐκαλεῖτο
1971 5414 2029 5464 ἐν

443 5499 510 5566 τῇ
557 5493 785 5565 Ἀραϐίᾳ
812 5494 935 5564 ὅρος
964 5495 1058 5547 τοῦ
1093 5494 1286 5558 Ἠσαῦ,
1330 5497 1386 5547 ἐν
1413 5489 1458 5563 ᾧ
1497 5498 1834 5566 συνειστήκει
1865 5498 2030 5551 αὐτοῦ

443 5585 514 5640 τά
551 5586 829 5656 βασίλεια·
857 5586 1182 5653 γνωρίζεται
1225 5586 1281 5639 δέ
1333 5589 1445 5651 τοῖς
1505 5586 1820 5658 ἐπιχωρίοις
1864 5588 2030 5641 εἰσέτι

450 5682 541 5734 καὶ
563 5679 658 5733 νῦν
684 5679 828 5733 οὕτω
857 5677 1206 5748 καλούμενον.
1245 5679 1369 5742 Τοῖς
1395 5674 1489 5732 οὖν
1510 5678 1782 5747 ἀγωνιῶσι
1803 5679 1896 5732 τὸν
1924 5679 2031 5732 ἀπὸ

372 5799 377 5806 -
446 5771 552 5824 τῶν
597 5771 909 5842 Ἰδουμαίων
943 5770 1105 5840 φόϐον
1141 5772 1370 5840 φάσκει·
1402 5771 1546 5842 Πρὸς
1576 5770 1675 5841 ἐμὲ
1701 5770 2030 5836 σπουδάζον-

2141 4671 2264 4726 lctis
2289 4667 2492 4726 audite.
2527 4679 2648 4730 qua:
2687 4662 2869 4715 audivi
2919 4677 2950 4716 a
3003 4662 3234 4718 Domino
3262 4665 3528 4730 Sabaoth,
3579 4667 3723 4723 Deus

2139 4760 2303 4817 lsrael
2336 4755 2680 4813 anmintiavit
2705 4755 2880 4808 nobis.
2914 4771 2932 4806 ι
2974 4753 3103 4819 Quae
3157 4756 3302 4809 enim
3337 4755 3426 4811 ille
3461 4757 3723 4813 revelavii

2140 4855 2293 4917 mihi,
2327 4852 2517 4907 eadem
2550 4848 2702 4903 vobis
2733 4863 2818 4901 me
2855 4848 3157 4917 interprete
3187 4849 3512 4908 declaravit.

2215 4943 2374 4998 Vsus.
2407 4943 2494 4997 11.
2531 4959 2550 4993 ι
2582 4939 2730 4996 Visio
2760 4939 3029 4994 Idumam.
3075 4941 3154 4996 Ad
3195 4958 3282 4996 me
3313 4957 3441 4996 voca
3470 4943 3538 4995 de
3574 4943 3719 4997 Seir.

2137 5037 2421 5094 Custodite
2454 5035 2882 5105 pmpugnacula,
2914 5055 2932 5087 θ
2973 5034 3146 5089 Notos
3181 5050 3309 5090 suos
3341 5035 3542 5101 alloqui
3575 5033 3722 5090 Deus

2137 5131 2353 5185 videtur
2384 5129 2469 5184 his
2504 5127 2708 5194 verbis,
2761 5147 2779 5178 ι
2821 5128 2902 5182 Ad
2942 5143 3026 5181 me
3066 5143 3199 5182 voca
3243 5127 3309 5181 de
3336 5127 3492 5181 Scir:
3532 5145 3552 5178 ι
3591 5142 3716 5180 nam

2141 5241 2159 5273 ι
2194 5219 2464 5291 fugientes
2495 5221 2560 5274 de
2591 5219 2736 5283 Sei‘r,
2770 5239 2787 5270 ι
2830 5221 3128 5273 secundutn
3159 5218 3401 5287 reliquos
3446 5221 3718 5284 interpre-

2141 5325 2241 5379 tes,
2275 5333 2294 5364 ι
2326 5315 2392 5367 ad
2439 5328 2524 5368 me
2557 5329 2715 5378 voca,
2748 5332 2766 5364 ι
2809 5314 3008 5380 inquit.
3045 5313 3169 5367 Seir
3207 5322 3383 5365 autem
3418 5309 3717 5364 vocabatur

2139 5407 2193 5459 in
2222 5405 2422 5458 Arabia
2458 5419 2612 5458 mons
2648 5405 2807 5468 Esau,
2865 5406 2917 5459 in
2967 5421 3075 5473 quo
3125 5404 3311 5457 stabat
3353 5402 3469 5468 ejus
3523 5403 3714 5471 regia:

2139 5498 2411 5565 hodieque
2442 5508 2603 5552 notus
2640 5497 2833 5552 incolis
2861 5505 2944 5551 est
2987 5497 3176 5550 eodem
3227 5496 3446 5548 nomine
3474 5495 3717 5563 appella-

2139 5600 2248 5643 tus.
2292 5589 2362 5643 lis
2399 5589 2586 5658 itaque
2631 5604 2694 5642 cx
2735 5588 2985 5644 ldummis
3029 5589 3120 5657 qni
3170 5594 3316 5640 metu
3366 5587 3716 5654 laborabant,

2136 5683 2232 5744 ait,
2271 5700 2290 5732 ι
2322 5680 2399 5734 Α(1
2423 5695 2506 5733 me
2532 5681 2852 5735 festinantes
2870 5681 3070 5742 venite,
3096 5688 3148 5733 et
3172 5694 3294 5732 cum
3323 5679 3390 5732 ad
3423 5692 3506 5734 me
3534 5691 3718 5734 acces~

2137 5771 2344 5838 seritis,
2388 5773 2651 5827 custodite
2687 5769 3086 5841 propugnacula
3121 5777 3294 5826 vestra
3326 5785 3338 5822 :
3376 5786 3398 5820 ι

446 5882 534 5931 τες
566 5866 748 5938 ἥκετε,
785 5866 878 5921 καὶ
911 5870 1037 5938 παρ’
1069 5867 1191 5938 ἐμοὶ
1250 5866 1527 5938 γενόμενοι
1587 5865 1887 5936 φυλάσσετε
1935 5865 2029 5932 τὰς
2070 5869 2274 5926 ἑαυτῶν
2306 5867 2594 5934 ἐπάλξεις·
