4118 6388
457 369 565 426 985
1147 369 1411 427 EUSEBII
1447 370 1926 429 CIESARIENSIS
1961 370 2004 430 0

2109 412 2113 426 .
2155 371 2333 428 PARS
2369 372 2459 427 ΙΙΙ.
2497 404 2567 415 —
2605 373 3017 430 EXEGETICA.
3620 373 3725 427 ΞΗ

539 483 700 547 Vsus,
723 486 814 542 12.
875 506 895 541 ι
939 487 1005 543 Et
1035 500 1138 557 ego
1169 489 1475 545 custodiam
1504 505 1606 546 vos
1639 490 1728 546 die
1757 507 1820 546 ac
1853 502 2004 547 nocte

2109 546 2111 553 _
2209 512 2232 544 ι
2256 492 2426 561 Κάγὼ
2453 493 2510 546 δὲ
2541 493 2760 563 φυλάξω
2787 495 2930 565 ὑμᾶς
2954 495 3022 548 δι’
3051 495 3262 566 ἡμέρας
3280 495 3372 548 καλ⁵
3399 494 3610 557 νυκτὸς,
3630 497 3724 548 καὶ

457 591 516 636 et
547 580 692 648 apud
719 596 806 635 me
831 581 1006 637 erilis.
1040 600 1063 636 ι
1109 582 1168 636 Si
1215 584 1338 653 quis
1371 584 1424 636 in
1466 585 1621 642 vobis
1654 586 1859 638 auxilio
1902 601 2004 656 apu

2139 585 2269 655 παρ’
2296 585 2420 656 ἐμοὶ
2449 585 2691 654 γένεσθε.
2724 605 2744 639 ι
2780 588 2848 640 Εἴ
2880 604 2964 650 τις
2995 589 3052 640 ὲν
3093 589 3221 657 ὑμῖν
3251 587 3504 658 βοηθείας
3531 585 3720 648 δεῖται,

458 670 676 736 habent,
700 686 730 726 a
763 687 852 726 me
881 680 1092 740 quaerat
1118 687 1276 742 opem
1309 692 1322 728 :
1356 675 1479 730 etsi
1509 674 1632 743 quis
1671 675 1904 730 salutem
1941 692 2004 729 cu

2137 681 2268 748 παρ’
2311 678 2449 749 ἐμοῦ
2491 679 2724 750 ζητείτω
2759 680 2859 751 τὴν
2915 680 3197 751 βοήθειαν*
3229 679 3325 733 καὶ
3346 679 3400 732 εἴ
3422 697 3506 742 τις
3555 679 3721 732 αὑτοῦ

460 771 546 818 rat
597 778 772 828 suam,
806 765 873 821 ad
901 780 988 819 me
1018 766 1221 821 veniat.
1266 785 1284 816 ι
1315 765 1443 823 llam
1469 767 1687 838 quidem
1711 771 1855 824 dicta
1902 769 2004 823 mili

2137 770 2465 840 πεφρόντικε
2504 771 2799 842 σωτηρίας,
2832 775 2961 843 παρ’
2991 772 3117 842 ἐμοὶ
3165 771 3362 844 ἡκέτω.
3398 770 3582 823 Ταῦτα
3621 770 3721 839 μὲν

453 855 712 910 videntur
741 858 806 910 ad
840 872 937 912 eos
980 873 1048 912 ex
1101 858 1374 929 Iduumis,
1403 861 1495 930 qui
1525 871 1731 918 terrore
1782 870 2002 917 conster

2134 862 2383 933 εἰρῆσθαί
2419 881 2509 934 μοι
2538 864 2683 917 δοκεί
2709 865 2846 935 πρὸς
2893 866 3022 929 τοὺς
3049 864 3417 936 ἐπτοημένους
3443 864 3534 918 τὸν
3557 862 3720 932 φόϐον

455 947 565 1000 nati
598 956 775 1012 erant,
805 962 942 1016 quos
973 950 1043 1005 ad
1079 965 1139 1005 se
1165 960 1326 1006 vocat
1367 951 1533 1016 Deus,
1584 951 1858 1020 pollicitus
1902 953 2000 1022 ipsi

2133 955 2242 1010 τῶν
2281 956 2617 1027 Ἰδουμαίων,
2658 957 2751 1022 οὒς
2787 958 2924 1029 πρὸς
2971 958 3162 1012 ἑαυτὸν
3205 956 3466 1012 ἀνακαλεῖ
3507 957 3536 1010 ό
3562 955 3718 1018 Θεὸς,

449 1037 711 1093 auxilium
741 1055 924 1106 suum,
959 1041 1003 1098 si
1033 1051 1217 1099 tamen
1251 1043 1307 1098 in
1343 1059 1404 1099 se
1433 1056 1815 1113 permaneant.

2133 1048 2602 1118 ἐπαγγελλόμενος
2629 1050 2727 1121 τὴν
2778 1052 2905 1122 παρ’
2955 1049 3120 1106 αὐτοῦ
3156 1049 3426 1120 βοήθειαν,
3459 1049 3507 1101 εἰ
3541 1064 3717 1119 παρα-

2136 1141 2347 1210 μένοιεν
2369 1143 2427 1197 ὲν
2462 1142 2633 1213 αύτῷ.

521 1217 684 1276 ναις.
715 1223 909 1278 15-15.
951 1243 970 1276 ι
1000 1224 1056 1279 In
1109 1225 1249 1280 saltu
1289 1241 1516 1295 vespere
1551 1227 1815 1288 dormias,
1846 1238 1937 1279 ant
1975 1228 2004 1278 it

2206 1252 2224 1284 ι
2271 1233 2362 1286 Ἐν
2408 1232 2486 1305 τῷ
2529 1232 2720 1305 δρυμῷ
2756 1233 2997 1304 ἑσπέρας
3033 1231 3323 1304 κοιμηθῇς,
3356 1233 3390 1303 ἢ
3427 1233 3484 1284 ὲν
3514 1233 3581 1302 τῇ
3609 1229 3715 1302 ὁδῷ

443 1313 531 1368 Via
562 1313 781 1380 Derdam,
816 1317 872 1371 lu
903 1331 1191 1373 occursum
1242 1318 1450 1372 sitienti
1495 1334 1691 1387 aquam
1740 1318 1900 1383 ferte,
1935 1334 2002 1386 qu

2128 1323 2346 1376 Δαιδάψ
2379 1323 2460 1387 εἰς
2494 1324 2819 1394 συνάντησιν
2851 1323 3075 1392 διψῶντι
3099 1322 3244 1395 ὕδωρ
3273 1321 3489 1394 φέρετε,
3521 1323 3716 1375 οίὲνοι-

442 1404 703 1463 ltabitatis
760 1408 815 1462 in
861 1409 1085 1480 regione
1128 1410 1386 1466 Tlueman
1415 1428 1428 1462 :
1458 1411 1690 1480 panibus
1749 1411 2004 1465 οεοιιιτῑιι

2129 1411 2352 1476 κοῦντες
2381 1415 2439 1467 ὲν
2462 1417 2527 1485 τῇ
2579 1414 2732 1486 χώρᾳ
2757 1413 2991 1485 Θαιμάν·
3021 1413 3206 1484 ἄρτοις
3259 1415 3551 1466 συναντᾶτε
3602 1414 3714 1474 rei;

441 1497 799 1568 fugientibus,
830 1513 1052 1572 pr0pter
1089 1502 1488 1558 multitudinem
1537 1505 1868 1567 occisorum,
1899 1519 2024 1572 pro-

442 1601 567 1660 pter
595 1592 996 1650 multitudinem
1031 1596 1354 1656 errantium,
1379 1607 1602 1665 propter
1627 1597 2021 1650 multitudinem

439 1683 626 1752 gladii,
675 1693 730 1740 et
779 1695 999 1756 propter
1049 1686 1446 1742 multitudinem
1497 1702 1725 1741 arentum
1782 1687 2022 1741 intenso-

439 1789 584 1840 rum,
623 1784 680 1832 et
712 1787 934 1846 propter
976 1776 1382 1833 multitudinem
1442 1792 1633 1834 eorum
1683 1778 1773 1848 qui
1806 1777 2019 1835 cecide-

2128 1505 2419 1574 φεύγουσιν
2449 1506 2617 1560 διὰτὸ
2643 1505 2846 1576 πλῆθος
2871 1507 2980 1562 τῶν
3012 1507 3451 1577 πεφονευμένων,
3484 1507 3578 1560 καὶ
3625 1505 3714 1559 διά

2125 1597 2187 1650 τὸ
2221 1598 2426 1669 πλῆθος
2473 1599 2582 1653 τῶν
2630 1599 3022 1670 πλανωμένων,
3049 1601 3144 1654 καὶ
3165 1601 3253 1654 διά
3279 1599 3339 1653 τὸ
3367 1599 3568 1670 πλῆθος
3611 1599 3711 1668 τῆς

2128 1690 2424 1759 μαχαίρας,
2472 1689 2568 1742 καὶ
2615 1689 2703 1743 διὰ
2733 1690 2796 1742 τὸ
2833 1689 3038 1760 πλῆθος
3071 1689 3180 1742 τῶν
3221 1688 3568 1758 τοξευμάτων
3603 1686 3711 1739 τῶν

2125 1780 2551 1851 διατεταμένων,
2599 1781 2694 1835 καὶ
2727 1779 2815 1834 διά
2855 1781 2918 1834 τὸ
2964 1780 3167 1852 πλῆθος
3204 1780 3314 1834 τῶν
3345 1779 3711 1832 πεπτωκότων

441 1877 571 1922 runt
595 1867 648 1921 in
678 1867 840 1923 bello.
868 1887 889 1922 ι
935 1868 1054 1925 Jam
1107 1870 1252 1925 enim
1300 1869 1632 1926 instantibus
1673 1885 1874 1940 vosque
1918 1885 2004 1924 cm

2125 1873 2183 1925 ὲν
2207 1872 2287 1942 τῷ
2323 1873 2566 1944 πολέμῳ.
2599 1893 2619 1926 ι
2668 1874 2806 1945 Ἤδη
2836 1874 2946 1945 γάρ
2979 1873 3318 1927 ἐπιστάντων
3341 1871 3448 1925 τῶν
3476 1887 3709 1926 κατακοο

436 1959 691 2016 dentibus
742 1962 1090 2027 adversariis,
1128 1977 1288 2031 quam
1335 1963 1553 2031 plurimi
1597 1971 1834 2016 vestrum
1871 1963 2016 2031 peri-

434 2050 573 2107 bunt
603 2069 619 2107 :
645 2053 690 2107 si
731 2063 909 2108 autem
943 2070 1084 2110 unus
1113 2070 1180 2110 ex
1209 2055 1385 2119 vobis,
1419 2059 1502 2110 vel
1533 2055 1660 2121 duo,
1697 2055 1780 2109 vel
1821 2056 2013 2109 admo-

431 2142 560 2197 dum
608 2145 767 2214 pauci
804 2145 1112 2202 incolumes
1144 2149 1440 2212 evaserint,
1469 2146 1591 2216 fuga
1634 2147 1864 2202 salutem
1912 2161 2012 2199 na-

427 2247 537 2306 ctt;
568 2239 655 2296 his
686 2255 808 2313 ego,
843 2250 1032 2313 utpote
1066 2222 1418 2313 fugientibus,
1452 2253 1509 2297 et
1545 2243 1670 2312 fugo
1702 2241 2015 2313 defatigatis

429 2338 486 2386 et
513 2331 728 2398 solutls,
751 2346 875 2388 cum
909 2333 1074 2389 urbes
1101 2332 1420 2389 incolendas
1443 2349 1548 2387 non
1585 2333 1842 2396 habeant,
1875 2345 2012 2399 prat-

425 2425 566 2492 cipio
607 2425 757 2480 utin
807 2424 949 2482 saltu
1003 2433 1060 2479 et
1095 2425 1149 2479 in
1208 2425 1442 2480 desertis
1495 2423 1652 2487 locis,
1709 2431 2012 2489 occupaute

423 2528 678 2586 vespera,
711 2515 1006 2572 dormiant.
1044 2515 1246 2571 Verum
1278 2530 1346 2569 ne
1379 2513 1524 2568 fame
1571 2525 1821 2579 pereant,
1854 2513 2012 2568 lassis

422 2611 531 2666 ilfis
579 2621 635 2666 et
687 2611 1000 2667 sitientibus
1033 2610 1216 2667 offerri
1268 2627 1465 2680 aquam
1497 2621 1553 2666 et
1589 2627 1786 2682 panem
1827 2609 2007 2679 iubeo.

424 2705 520 2760 llis
555 2716 735 2760 autem
782 2721 876 2759 vos
921 2707 1189 2776 alloquor,
1213 2705 1307 2775 qui
1347 2705 1631 2768 'Ib:eman,
1678 2705 1759 2758 sic
1807 2705 2008 2758 dictam

423 2797 732 2866 regionem,
770 2797 1012 2852 incolitis
1043 2813 1058 2848 :
1094 2811 1232 2868 quos
1279 2798 1533 2853 convenit
1578 2795 1852 2865 fugientes
1885 2809 2010 2864 per-

421 2886 739 2942 humaniter
784 2887 1040 2957 excipere
1083 2899 1139 2943 et
1191 2896 1455 2944 tractare.
1504 2886 1642 2942 Puto
1688 2896 1869 2942 autem
1913 2900 2010 2942 eos

421 2992 550 3032 cum
588 2978 869 3034 civitatem
903 2979 1144 3036 incolere
1173 2995 1282 3034 non
1323 2979 1554 3048 possint.
1582 2979 1638 3034 in
1680 2979 1784 3032 viis
1813 2987 1868 3033 et
1897 2977 2006 3034 sal-

2123 1967 2366 2019 πτόντων
2389 1966 2532 2037 ὑμᾶς
2560 1967 2850 2038 πολεμίων,
2881 1967 2930 2020 οἱ
2966 1967 3064 2037 μὲν
3098 1965 3339 2018 πλεῖστοι
3366 1964 3475 2017 τῶν
3493 1966 3551 2018 ὲν
3581 1965 3709 2034 ὑμῖν

2117 2059 2468 2125 ἀπόλλυνται,
2513 2053 2596 2124 εἷς
2639 2059 2698 2112 δέ
2725 2077 2830 2112 που
2869 2059 2963 2112 καὶ
2988 2057 3260 2129 δεύτερος,
3309 2057 3462 2128 ﬁmi.
3505 2057 3710 2128 σφόδρα

2118 2149 2345 2222 βραχεῖς
2392 2152 2441 2204 εἰ
2483 2151 2841 2224 περισωθεῖεν
2871 2154 3013 2222 φυγῇ
3057 2149 3156 2221 τὴν
3183 2150 3460 2220 σωτηρίαν
3492 2148 3709 2221 ποριζό-

2119 2258 2292 2313 μενοι,
2353 2241 2565 2306 τούτοις
2611 2243 2796 2307 αὺτοῖς
2846 2241 2957 2312 ἐγὼ
2999 2241 3468 2314 παρακελεύομαι,
3507 2240 3709 2295 ὡσανεὶ

2115 2333 2377 2403 φεύγουσι
2433 2334 2529 2388 καὶ
2580 2336 2646 2388 ὲκ
2691 2335 2791 2406 τῆς
2824 2334 3004 2404 φυγῆς
3055 2333 3412 2406 παρειμένοις
3457 2332 3558 2404 ήδη
3613 2333 3708 2386 καὶ

2113 2427 2516 2498 ἐκλελυμένοις,
2551 2427 2748 2500 μηκέτι
2764 2426 2894 2497 γοῦν
2929 2427 3085 2480 πόλιν
3104 2429 3273 2480 οἰκεῖν
3306 2426 3540 2497 ἔχοντες,
3561 2418 3706 2480 οὗτοι

2113 2520 2173 2572 ὲν
2204 2519 2397 2591 δρυμῷ
2435 2521 2529 2576 καὶ
2562 2521 2620 2574 ὲν
2647 2521 2878 2592 ἐρήμοις
2919 2522 3128 2584 τόποις,
3166 2519 3584 2590 καταλαϐούσης
3609 2519 3706 2572 αὑ-

2110 2613 2238 2676 τοὺς
2285 2613 2524 2685 ἑσπέρας
2579 2612 3028 2684 κοιμηθήσονται.
3088 2611 3225 2666 Ἀλλ’
3272 2613 3360 2666 ἵνα
3433 2612 3508 2684 μὴ
3561 2610 3707 2683 λιμῷ

2112 2705 2481 2777 διαφθαρεῖεν,
2513 2704 2854 2776 κεκμηκόσιν
2878 2704 3061 2768 αὐτοῖς
3089 2704 3184 2757 καὶ
3211 2703 3436 2774 διψῶσιν
3463 2701 3570 2756 άπὸ
3600 2719 3704 2756 κα-

2114 2797 2309 2877 μάτου,
2343 2798 2676 2870 προσφέρειν
2717 2797 2862 2869 ὕδωρ
2905 2797 2999 2850 καὶ
3038 2796 3202 2868 ἄρτον
3235 2793 3700 2867 παρακελεύομαι.

2109 2890 2298 2944 Ταῦτα
2332 2890 2389 2944 δὲ
2424 2891 2560 2962 πρὸς
2606 2891 2751 2961 ὑμᾶς
2806 2908 2950 2962 φημι
3006 2891 3133 2954 τοὺς
3163 2890 3265 2961 τὴν
3308 2887 3526 2960 Θαιμὰν
3558 2885 3704 2941 οὕτω

2108 2982 2453 3053 καλουμένην
2511 2981 2696 3052 χώραν
2745 2980 3051 3046 οἰκοῦντας,
3103 2979 3197 3045 οὓς
3253 2979 3454 3052 πρέπει
3511 2980 3701 3046 δεξιῶς

421 3069 572 3124 tibus
609 3069 961 3126 habitaturus
993 3086 1138 3126 esse.
1170 3070 1536 3137 Quamobrem
1575 3089 1641 3126 ne
1689 3070 2004 3140 despiciatis

2109 3073 2465 3145 ἀποδέχεσθαι
2518 3074 2613 3127 καὶ
2654 3072 3198 3144 φιλανθρωπεύεσθαι
3254 3073 3381 3137 τοὺς
3431 3072 3690 3143 φυγάδας.

415 3175 516 3216 eos
559 3160 653 3230 qui
706 3171 818 3216 tam
868 3161 1263 3218 miserabiliter
1303 3161 1446 3218 fatale
1491 3171 1763 3232 pereunt,
1803 3162 1894 3230 qui
1935 3176 2000 3216 ex

2111 3163 2276 3237 Οἶμαι
2299 3166 2355 3220 δὲ
2390 3166 2544 3220 πόλιν
2578 3165 2658 3219 ἔτι
2700 3168 2976 3219 κατοικεῖν
3015 3166 3075 3218 οὑ
3108 3165 3415 3236 δυνάμενοι,
3458 3166 3515 3219 ἐν
3556 3163 3695 3228 ὁδοῖς

418 3255 774 3312 inimicorum
807 3255 990 3326 gladio
1030 3256 1164 3313 salvi
1211 3267 1505 3312 evaserunt
1534 3273 1549 3313 :
1586 3258 1729 3326 quod
1765 3257 2003 3310 maxime

2109 3259 2203 3313 καὶ
2225 3259 2450 3330 δρυμοῖς
2500 3257 2942 3330 αύλισθήσονται.
2986 3257 3077 3311 Διὸ
3121 3257 3200 3329 μὴ
3224 3258 3487 3329 παρίδητε
3523 3257 3694 3322 οὕτως

415 3359 488 3402 ex
529 3355 677 3404 tanta
719 3347 1068 3404 multitudine
1109 3350 1409 3412 evaserint,
1463 3347 1684 3404 caeteris
1733 3348 2004 3418 pereunti-

2109 3351 2340 3422 οἰκτρῶς
2361 3349 2504 3422 λιμῷ
2533 3351 2920 3424 φθειρομένους
2948 3351 3077 3414 τοὺς
3105 3349 3472 3414 διασωθέντας
3502 3349 3567 3402 ὲκ
3594 3348 3696 3420 τῆς

418 3438 544 3501 bus,
579 3447 676 3492 aut
705 3438 758 3492 in
790 3438 917 3494 aliis
950 3439 1182 3496 desertis
1212 3440 1347 3495 locis
1375 3439 1712 3494 errantibus.

2109 3442 2215 3499 τῶν
2259 3443 2534 3514 πολεμίων
2582 3445 2879 3517 μαχαίρας⁸
2935 3444 2985 3498 οῖ
3037 3442 3275 3514 μάλιστα
3327 3444 3392 3496 ὲκ
3439 3440 3696 3496 τοσούτω

417 3527 660 3601 πλήθους
688 3529 1004 3603 δεδύνηνται
1025 3533 1330 3604 διαφυγεῖν,
1367 3533 1475 3587 τῶν
1499 3534 1702 3592 λοιπῶν
1734 3533 2110 3602 ἀπολωλότων,
2159 3537 2192 3608 ἢ
2241 3539 2336 3592 καὶ
2373 3536 2866 3609 άποπλανηθέντων
2917 3539 2977 3590 ὲν
3022 3537 3230 3608 ἑτέροις
3289 3536 3697 3608 ἀπῳκισμένοις

410 3623 620 3690 τόποις.

487 3716 652 3772 Vsus.
685 3718 777 3786 46,
807 3720 893 3775 l7.
923 3738 947 3772 ι
970 3719 1237 3787 Quoniam
1269 3724 1351 3778 sic
1377 3723 1511 3778 dixit
1542 3724 1672 3778 mibi
1709 3721 1993 3787 Dominus,

409 3810 600 3865 Adhuc
641 3825 817 3866 annus
846 3819 1108 3882 tanquam
1165 3827 1344 3868 annus
1390 3815 1740 3878 mercenarii,
1774 3815 1998 3870 deficiet

409 3903 585 3974 gloria
630 3904 870 3959 iiliorum
905 3903 1202 3962 Cedanet
1242 3908 1388 3978 quod
1441 3908 1716 3976 reliquum
1771 3919 1850 3962 est
1906 3923 1996 3962 ar-

407 4011 572 4050 cuum
614 3994 839 4050 fortium
880 3995 1116 4051 filiorum
1160 3997 1358 4062 Cedar,
1394 3998 1502 4052 erit
1540 3999 1820 4068 exiguum,
1857 4014 1995 4066 quo-

411 4085 559 4141 niam
594 4087 854 4142 Dominus
886 4087 1028 4143 Deus
1051 4086 1216 4142 Israel
1249 4087 1463 4142 locutus
1494 4097 1597 4143 est.
1631 4108 1649 4139 ι
1676 4087 1831 4154 Quod
1865 4103 1992 4157 pro-

408 4192 501 4250 pe,
535 4189 591 4234 et
633 4179 796 4250 quasi
845 4179 990 4235 intra
1036 4180 1232 4250 januas
1277 4180 1581 4250 ingressum
1637 4180 1708 4236 sit
1749 4179 1995 4236 Idumaeas

407 4271 633 4326 exitium
661 4289 675 4326 :
700 4282 754 4327 et
780 4273 928 4344 quod
978 4274 1205 4328 omnino
1257 4274 1314 4329 in
1358 4274 1660 4345 perniciem
1698 4274 1822 4328 ituri
1857 4272 1990 4338 sint,

406 4363 724 4436 Babyloniis
771 4383 960 4422 eorum
1017 4369 1184 4422 urbes
1235 4367 1674 4430 incendentibus,
1709 4381 1775 4422 ac
1821 4376 1991 4420 totam

407 4458 686 4529 iegionem
741 4459 1168 4529 populantibus,
1223 4461 1372 4514 clare
1425 4461 1775 4528 praenuntiat.
1838 4458 1992 4514 Unus

405 4553 633 4625 quippe,
672 4551 773 4616 ait,
810 4551 1114 4606 intercedet
1161 4568 1360 4618 annus,
1392 4564 1448 4607 et
1479 4553 1748 4624 sagittarii
1790 4552 1988 4617 Cedar,

2182 3744 2202 3776 ι
2247 3725 2392 3780 Δι’ότι
2430 3723 2605 3788 οὕτως
2653 3721 2773 3778 εἶπέ
2806 3742 2897 3796 μοι
2926 3724 3151 3798 Κύριοςο
3187 3725 3308 3779 Ἔτι
3342 3724 3590 3789 ἐνιαυτὸς·
3617 3723 3690 3789 ὡς

2101 3815 2349 3881 ἐνιαυτὸς
2376 3816 2673 3888 μισθωτοῦ,
2704 3816 2942 3887 ἐκλείψει
2975 3819 3008 3888 ἡ
3035 3815 3160 3881 δόξα
3184 3816 3294 3872 τῶν
3320 3815 3451 3870 υἱῶν
3476 3816 3686 3888 Κηδάρ,

2104 3910 2274 3964 καὶτὸ
2295 3909 2621 3963 κατάλοιπον
2639 3910 2748 3962 τῶν
2770 3907 3119 3979 τοξευμάτων
3147 3907 3258 3961 τῶν
3290 3906 3528 3978 ἰσχυρῶν
3559 3907 3692 3960 υἱῶν
3733 3947 3735 3954 ί

2103 4001 2295 4073 Κηδὰρ
2329 4001 2480 4056 ἔσται
2511 4001 2711 4070 ὀλίγον,
2746 4003 2829 4055 ὅτι
2859 4000 3063 4072 Κύριος
3091 4003 3120 4054 ὁ
3143 4000 3273 4063 Θεὸς
3318 3999 3535 4071 Ἰσραὴλ
3565 3998 3691 4053 ὲλά-

2101 4095 2284 4168 λησεν.
2321 4117 2340 4148 ι
2372 4097 2496 4152 ’Ὁτι
2542 4097 2765 4166 γέγονεν
2815 4097 3001 4165 ἐγγὺς,
3038 4095 3133 4149 καὶ
3180 4089 3294 4159 οἷον
3323 4094 3452 4148 εἴσω
3489 4095 3688 4167 βέϐηκε

2101 4188 2282 4260 θυρῶν
2313 4193 2342 4243 ὁ
2371 4190 2469 4260 τῆς
2522 4190 2830 4261 Ἰδουμαίας
2879 4188 3120 4259 δλεθρος,
3167 4189 3262 4242 καὶ
3301 4190 3384 4243 ὅτι
3419 4189 3594 4260 πάντη
3627 4205 3687 4242 τε

2101 4282 2197 4335 καὶ
2257 4282 2474 4346 πάντως
2525 4284 2834 4354 οἰχήσονται
2890 4280 3027 4352 πρὸς
3079 4279 3373 4346 ἀπώλειαν,
3415 4298 3684 4352 κατεμπι-

2100 4375 2354 4446 πράντων
2387 4378 2571 4439 αὐτοῖς
2624 4374 2724 4439 τὰς
2774 4374 2960 4438 πόλεις
3014 4374 3122 4429 τῶν
3167 4373 3543 4437 Βαϐυλωνίων,
3593 4374 3687 4427 καὶ

2100 4468 2316 4522 ἅπασαν
2343 4467 2401 4520 δὲ
2428 4467 2841 4538 καταδῃούντων
2872 4466 2970 4538 τὴν
3008 4468 3214 4539 χώραν,
3247 4465 3688 4540 προαπαγγέλλει

2101 4558 2308 4628 σαφῶς.
2352 4553 2448 4621 Εἷς
2485 4557 2593 4630 γὰρ
2629 4557 2803 4620 ἔσται,
2835 4559 3020 4628 φησὶν,
3060 4559 3090 4610 ὁ
3123 4559 3366 4622 ἐνιαυτὸς
3391 4560 3419 4612 ὁ
3458 4557 3682 4630 μεταξὺ,

401 4645 648 4710 etiamsi,
678 4645 878 4711 inquit,
907 4645 1102 4698 mirum
1131 4647 1224 4709 sit,
1259 4647 1313 4700 in
1354 4646 1473 4717 ejus
1515 4649 1591 4702 rei
1622 4645 1988 4715 suspicionem

2109 4651 2192 4704 καὶ
2226 4653 2274 4705 οἱ
2305 4651 2402 4722 τῆς
2432 4649 2623 4722 Κηδάρ
2661 4650 2896 4715 τοξόται,
2934 4650 3130 4715 καίτοι,
3167 4652 3351 4722 φησιν,
3379 4653 3479 4705 οὐκ
3518 4652 3686 4705 ἀθαύ-

403 4739 711 4800 venientes,
753 4735 1008 4791 deﬁcient
1056 4747 1112 4792 et
1164 4737 1437 4806 peribunt.
1488 4735 1739 4806 Veroque
1792 4736 1990 4806 prtedi-

401 4830 514 4884 ctio
543 4839 646 4893 est,
691 4827 951 4881 Dominus
993 4827 1140 4880 enim
1199 4825 1342 4880 Deus
1397 4826 1568 4881 Israel
1617 4825 1832 4881 locutus
1880 4832 1985 4878 est.

405 4923 623 4976 Veritas
645 4931 828 4974 autem
856 4935 1136 4988 numnam
1168 4920 1484 4974 mentietur.

971 5118 1200 5174 CAPUT
1244 5118 1406 5172 XXII.

472 5282 635 5338 Vens.
671 5283 724 5338 ί.
753 5304 771 5337 ι
802 5281 959 5337 Visio
985 5280 1145 5336 vallis
1177 5278 1330 5334 Sion.
1365 5277 1505 5346 Quid
1539 5277 1740 5334 factum
1759 5290 1843 5335 est
1867 5281 1984 5346 tibi,

2098 4759 2322 4812 μαστον’
2357 4743 2444 4796 ἐπ’
2485 4741 2632 4812 αὐτῷ
2662 4743 2720 4796 δὲ
2744 4742 2917 4814 τούτῳ
2946 4744 3042 4815 τὴν
3068 4743 3337 4814 ὑπόληψιν
3365 4745 3683 4816 ἐσχηκότες,

2093 4831 2406 4902 ὲκλείψουσί
2433 4849 2492 4884 τε
2525 4833 2618 4885 καὶ
2649 4832 2996 4888 ἀπολοῦνται.
3025 4836 3132 4889 Καὶ
3161 4835 3366 4907 ἀληθὴς
3391 4838 3424 4908 η
3448 4838 3686 4910 προαγό-

2097 4939 2300 4994 ρευσις’
2334 4922 2538 4992 Κύριος
2569 4923 2678 4994 γὰρ
2706 4923 2964 4995 ἐλάλησεν
2991 4928 3018 4979 ὁ
3040 4925 3171 4990 Θεὸς
3207 4927 3444 4998 Ἰσραήλ.
3470 4928 3683 4983 Ψεύσε-

2097 5029 2186 5066 ται
2223 5013 2279 5066 δὲ
2306 5013 2503 5084 μᾶλλον
2533 5014 2835 5087 οὐδαμῶςὴ
2867 5016 3111 5089 ἀλήθεια.

2619 5131 3011 5187 ΚΕΦΑΛΑΙΟΝ
3037 5134 3162 5189 KB’.

2171 5307 2190 5337 ι
2246 5287 2318 5339 Τὸ
2344 5289 2526 5358 ὅραμα
2554 5289 2655 5358 τῆς
2688 5290 2972 5361 φάραγγος
3017 5291 3175 5346 Σιών.
3206 5294 3270 5346 Τί
3311 5295 3531 5364 ἐγένετό
3574 5314 3679 5362 σοι,

397 5377 652 5444 quoniam
694 5391 843 5431 nunc
887 5372 1226 5429 ascendistis
1263 5386 1458 5425 omnes
1495 5371 1546 5424 in
1589 5379 1730 5426 tecta
1757 5372 1934 5428 vana?
1961 5392 1980 5425 ι

2109 5381 2174 5434 Ξτι
2205 5379 2300 5435 νῦν
2329 5381 2559 5453 ἀνέϐητε
2583 5383 2786 5447 πάντες
2818 5385 2899 5446 εἰς
2939 5383 3164 5455 δώματα
3199 5387 3440 5457 pri-rata;
3473 5409 3492 5441 ›
3518 5391 3590 5444 Τό
3618 5407 3682 5459 γε

396 5467 645 5524 l’mens
674 5469 832 5524 vallis
867 5466 1055 5523 Sionis
1087 5465 1248 5522 visio.
1278 5479 1382 5520 non
1417 5466 1482 5519 de
1523 5464 1640 5535 ipsa
1673 5465 1862 5530 Sione,
1889 5468 1984 5522 scd

2109 5475 2204 5545 pho
2257 5473 2619 5546 προκείμενον
2679 5476 2965 5546 φάραγγος
3027 5477 3165 5531 Σιὼν
3226 5480 3409 5552 ὅραμα
3459 5483 3518 5535 ού
3583 5483 3682 5554 τῆς

401 5561 470 5614 de
497 5561 784 5626 adiacente
809 5561 947 5616 valle
973 5560 1194 5615 dicitur.
1228 5556 1598 5622 Quamobrem
1643 5560 1715 5613 ait
1747 5571 1936 5629 postea
1964 5579 1976 5614 :

2109 5565 2260 5636 ιύτῆς
2294 5565 2452 5631 Σιὼν,
2492 5567 2629 5620 ἀλλὰ
2667 5567 2795 5638 περὶ
2840 5568 2941 5636 τῆς
2993 5571 3358 5642 προκειμένης
3395 5574 3534 5646 αὐτῇ
3579 5577 3682 5643 φάι

400 5670 421 5704 ι
450 5652 516 5707 Et
539 5660 705 5706 erunt
731 5651 916 5708 electa:
936 5653 1103 5706 valles
1135 5660 1260 5714 tuae,
1298 5648 1653 5718 replebunlur
1688 5652 1975 5705 curribus:

2109 5677 2294 5729 ιαγγος
2321 5663 2555 5731 εἴρηται.
2599 5661 2798 5732 Διόπερ
2853 5663 2979 5734 ἐξῆς
3010 5663 3212 5734 προῖὼν
3256 5667 3286 5717 ὀ
3335 5664 3491 5734 λόγος
3520 5669 3675 5740 φησί’

394 5745 608 5817 equites
667 5759 798 5800 vero
856 5745 1151 5800 occludent
1214 5759 1402 5817 portas
1468 5753 1653 5798 tuas.»
1733 5745 1982 5798 Arbitror

2109 5772 2112 5803 ι
2157 5753 2266 5807 Καὶ
2295 5752 2506 5807 ἔσονται
2563 5754 2818 5810 ἐκλεκταὶ
2847 5756 3131 5828 φάραγγες
3165 5776 3282 5825 σου,
3334 5760 3674 5831 πλησθήσον-

396 5853 560 5910 porro
596 5836 769 5896 Deum
818 5838 903 5894 bis
947 5836 1311 5908 abjcctionem
1359 5837 1575 5897 lst'aelis
1601 5849 1978 5898 ctexucmam

2109 5863 2175 5901 ται
2225 5847 2503 5918 ἁρμάτων·
2549 5851 2594 5903 οἱ
2641 5849 2926 5922 estng
2968 5853 3304 5927 ἐμφραξουσι
3354 5853 3451 5919 τὰς
3499 5851 3672 5920 πύλας
