4118 6420
450 399 556 454 ε).ῖὸ

1371 399 1869 456 COMMENTARIA
1911 399 1976 454 IN
2020 401 2273 457 lSAlAM.
2315 437 2385 444 —
2423 404 2572 461 CAP.
2617 405 2780 459 XXll.

3596 414 3710 468 ‘2.le-

456 535 572 572 σου.
607 535 626 568 ι
667 512 834 587 Οἶμαι
881 516 970 569 διά
1002 513 1207 568 τούτων
1242 515 1330 568 τὸν
1360 515 1492 570 Θεὸν
1523 517 1622 588 τὴν
1643 517 1913 588 ἀποϐολὴν
1938 517 2027 570 τοῦ

2135 519 2251 586 ejus
2277 521 2492 574 ruinam
2523 523 2838 591 signiﬁcare
2873 525 3032 589 Velie,
3075 525 3330 593 ipsosque
3357 527 3408 579 in
3447 527 3706 598 alienige-

465 609 678 682 Ἰσραὴλ
707 608 800 660 καὶ
827 609 926 680 τὴν
955 607 1188 678 ἐσχάτην
1217 607 1531 660 ἀπόπτωσιν
1566 611 1807 680 σημῆναι
1840 608 2025 679 βουλό-

458 717 634 770 μενον,
661 701 718 752 ἐν
750 699 829 770 τῷ
849 700 1086 770 τάγματι
1109 700 1214 751 τῶν
1231 698 1542 768 ἀλλοφύλων
1570 701 1765 763 αὐτοὺς
1793 700 2028 753 κατατά-

457 793 562 856 ξαι,
596 790 794 862 μέσους
824 790 1273 862 παραληφθέντας
1286 791 1386 860 τῆς
1416 790 1525 843 τῶν
1554 791 1865 861 ἀλλοφύλων
1885 793 2025 862 Γρα-

451 883 580 955 φῆς.
609 883 769 936 Ἀλλά
797 882 891 936 καὶ
911 882 1007 953 τὴν
1030 883 1239 936 πτῶσιν
1267 883 1368 954 τῆς
1406 882 1708 953 Ὶερουσαλὴ
1718 901 1757 954 μ
1787 883 2026 953 ἡγοῦμαι

447 971 762 1044 δηλοῦσθαι,
795 972 884 1026 διὰ
914 972 1073 1026 τοῦτο
1115 972 1373 1042 φάραγγα
1413 970 1553 1025 Σιὼν
1584 971 1884 1042 ὀνομάζων.
1917 971 2028 1024 Καὶ

451 1065 624 1128 ἄλλως
647 1064 705 1117 δὲ
746 1064 1020 1135 μέμφεται
1047 1067 1075 1117 6
1103 1064 1236 1127 Θεὸς
1257 1061 1348 1116 τοῦ
1390 1062 1657 1116 Ἰουδαίων
1691 1062 1875 1126 ἔθνους
1902 1063 2028 1125 τοὺς

449 1157 827 1221 άποπεσόντας
858 1156 951 1210 τοῦ
986 1157 1150 1226 ὕψους
1183 1156 1275 1210 τοῦ
1297 1155 1580 1220 θεοσεϐοῦς
1612 1155 2025 1226 πολιτεύματος,

449 1250 640 1322 ὣσ-περ
677 1249 741 1320 δὴ
758 1251 815 1302 ἐν
845 1248 1054 1302 κοιλάσι
1086 1249 1180 1301 καὶ⁵
1207 1250 1264 1302 ὲν
1291 1248 1530 1320 φάραγξι
1575 1248 1669 1300 τοῦ
1701 1249 1800 1318 τῆς
1831 1249 2027 1311 κακίας

454 1341 615 1411 βυθοῦ
671 1340 1190 1404 καταπεπτωκότας.
1244 1339 1382 1393 Σιὼν
1441 1341 1539 1410 μὲν
1567 1339 1674 1410 γάρ
1717 1340 1843 1410 ὅρος
1881 1341 2028 1400 ἐστὶν

451 1433 676 1504 ὑψηλὸν,
717 1433 800 1502 ἐφ’
831 1429 890 1487 οῦ
921 1434 949 1486 6
993 1430 1128 1494 νεὼς
1157 1432 1250 1484 τοῦ
1281 1431 1415 1484 Θεοῦ
1451 1431 1782 1501 ᾠκοδόμητο·
1811 1430 1891 1483 διὸ
1941 1430 2030 1483 λέ-

450 1524 656 1578 λεκται·
693 1543 711 1576 ι
760 1524 876 1576 Ἐπ’
904 1523 1028 1593 ὅρος
1051 1522 1250 1593 ὑψηλὸν
1276 1522 1527 1592 ἀνάϐηθι,
1561 1525 1590 1574 6
1611 1522 2029 1592 εὐαγγελιζόμε-

448 1633 538 1680 νος
566 1615 723 1669 Σιών·
780 1635 798 1668 ι
838 1617 954 1680 καὶ,
988 1635 1006 1668 ι
1053 1615 1499 1687 Προσεληλύθατε
1555 1614 1692 1668 Σιὼν
1746 1615 1883 1686 ὄρει,
1935 1617 2029 1670 καὶ

448 1708 600 1760 πόλει
630 1708 765 1761 Θεοῦ
793 1707 998 1772 ζῶντος
1038 1707 1389 1778 Ἰερουσαλὴμ
1430 1708 1756 1778 ἐπουρανίῳ.
1802 1728 1819 1760 ι
1858 1709 1968 1762 Καὶ
1998 1710 2026 1761 6

446 1797 602 1868 λόγος
616 1799 674 1853 δέ
701 1802 730 1854 6
760 1799 1114 1869 εύαγτελικὸς
1138 1801 1227 1853 διά
1254 1800 1346 1852 τοῦ
1370 1797 1505 1852 Σιὼν
1521 1799 1644 1870 ὅρος
1668 1799 2028 1870 σημαίνεσθαι

444 1891 532 1945 διὰ
559 1893 667 1945 τῶν
695 1892 1002 1964 ἔμπροσθεν
1032 1892 1395 1946 ἐπεδείκνυτο.
1430 1894 1494 1945 Οἱ
1537 1893 1594 1944 δὲ
1620 1891 1825 1962 ταύτης
1869 1893 2033 1945 ἐκπε-
2062 1878 2104 1934 Β

446 1984 742 2054 σόντεςτῆς
773 1984 985 2049 ἐλπίδος
1005 1986 1064 2038 ὲν
1090 1986 1334 2056 φάραγγι
1353 1983 1732 2056 παρακειμένῃ
1763 1984 1859 2055 τῆς
1890 1983 2030 2036 Σιὼν

445 2077 790 2131 πεπτώκασι·
814 2078 977 2132 πάλιν
1029 2079 1137 2152 γάρ
1170 2081 1342 2151 ἀρετῇ
1372 2078 1541 2131 κακία
1574 2076 1900 2146 παρέπεται,
1949 2077 2030 2138 εἰς

443 2171 510 2238 ἥν
543 2171 807 2241 ἐμπίπτει
837 2173 868 2224 6
914 2173 1011 2243 τῆς
1045 2171 1248 2242 ἀρετῆς
1285 2169 1684 2234 ἐξολισθαίνων.
1716 2167 1872 2222 Οὕτω
1899 2167 2030 2234 γοῦν

444 2262 492 2312 οἱ
507 2261 608 2329 τῆς
643 2261 876 2332 πίστεως
907 2262 1371 2332 ἐξαμαρτάνοντες
1399 2262 1477 2324 εἰς
1492 2260 1750 2314 ἀπιστίαν
1775 2259 2030 2332 περιτρέ-

448 2367 657 2404 πονται.
696 2353 753 2404 Ὀ
772 2354 948 2405 τοίνυν
973 2355 1036 2406 ἐκ
1058 2353 1359 2427 περιτομῆς
1377 2351 1526 2416 λαὸς,
1551 2350 1645 2404 τοῦ
1671 2351 2028 2420 εὕαγγελικοῦ

448 2441 615 2511 ὕψους
677 2443 944 2505 ἐκπεσὼν,
993 2444 1218 2514 καὶτῆς
1263 2443 1587 2514 ἐπουρανίου
1621 2441 1758 2495 Σιὼν
1795 2442 2030 2495 ἀπαλλο-

445 2534 715 2604 τριωθεὶς,
759 2537 839 2599 εἰς
856 2536 950 2588 τὸν
985 2537 1086 2606 τῆς
1110 2536 1370 2598 ἀπιστίας
1399 2537 1738 2608 περιετράπη
1760 2536 2025 2608 κρημνόν⁴

441 2625 524 2678 διὸ
569 2627 660 2678 καὶ
687 2629 746 2680 ἐν
795 2625 1114 2694 ἀλλοφύλοις
1143 2626 1417 2696 ἐλογίσθη.
1455 2626 1616 2680 Ὅθεν
1653 2628 1686 2697 ὴ
1721 2626 2028 2699 προφητεία

439 2716 540 2788 τὴν
575 2717 812 2787 ἐσχάτην
841 2718 1021 2772 αὐτῶν
1062 2718 1333 2788 ἀποϐολὴν
1365 2718 1730 2790 αἰνιττομένη,
1761 2718 1822 2772 τὸ
1875 2718 2028 2789 ρἧα

441 2809 537 2879 τῆς
567 2809 848 2881 φάραγγος
879 2810 1204 2881 ἀνέγραψεν.
1251 2811 1402 2864 Ἐπεὶ
1431 2811 1504 2881 μή
1531 2812 1646 2864 ἐστι
1673 2810 2029 2881 προσωπολη-

440 2901 540 2969 ψία
583 2903 735 2974 παρὰ
763 2903 841 2974 τῷ
888 2903 1028 2974 Θεῷ,
1063 2902 1257 2956 τούτου
1296 2903 1456 2973 χάριν
1486 2905 1544 2956 ἐν
1570 2907 1681 2967 τοῖς
1728 2903 1867 2957 κατά
1916 2903 2026 2956 τῶν

442 2991 753 3060 ἀλλοφύλων
775 2991 1012 3061 ἐλέγχοις
1043 2991 1210 3061 μέσος
1234 2989 1568 3061 ἐμϐέϐληται
1599 2989 1692 3042 καὶ
1713 2990 1741 3042 ὁ
1769 2990 1898 3060 περὶ
1927 2990 2026 3060 τῆς

444 3083 582 3136 Σιὼν
609 3083 786 3152 λόγος.
809 3084 899 3136 Διὸ
939 3083 1033 3137 καὶ
1060 3083 1186 3145 τοὺς
1217 3081 1317 3152 τῆς
1354 3081 1706 3153 Ἰερουσαλὴμ
1735 3083 2026 3153 οἰκήτορας

445 3174 633 3246 ὥσπερ
666 3178 724 3228 ἐν
751 3174 1069 3244 ἀλλοφύλοις
1093 3173 1418 3230 κατατάττει
1446 3177 1474 3227 6
1489 3174 1642 3238 Θεὸς,
1668 3173 1761 3227 καὶ
1785 3173 1883 3245 τὴν
1901 3174 2021 3227 κατ’

446 3264 622 3317 αὐτῶν
648 3264 912 3334 προφέρει
941 3265 1138 3335 ψῆφον.

522 3373 542 3406 ι
597 3354 930 3427 Ἐνεπλήσθη
964 3359 998 3426 ἡ
1031 3356 1184 3420 πόλις
1211 3356 1473 3427 βοώντων·
1495 3359 1542 3410 οἱ
1565 3358 1901 3428 τραυματίαι
1931 3375 2024 3411 σου

446 3445 508 3499 οὗ
525 3448 854 3517 τραυματίαι
873 3449 1165 3519 μαχαίρας·
1179 3449 1284 3502 οὐδ’
1299 3451 1349 3502 οἱ
1362 3451 1542 3520 νεκροί
1559 3467 1650 3503 σου
1669 3449 1851 3521 νεκροὶ
1872 3449 2026 3502 πολέ-

449 3553 570 3606 μου.
613 3557 632 3588 ι
656 3537 888 3608 θεωρῶν
905 3538 961 3590 δὲ
988 3541 1017 3590 6
1048 3540 1333 3610 προφήτης
1362 3539 1438 3610 τῷ
1461 3541 1731 3611 πνεύματι
1762 3541 1860 3604 τὰς
1884 3540 2026 3592 κατά

443 3628 537 3682 τοῦ
590 3631 844 3701 Σωτῆρος
889 3630 1019 3700 βοὰς
1058 3631 1259 3700 αὐτῶν,
1294 3635 1390 3688 καὶ
1427 3634 1526 3696 τὰς
1563 3634 1755 3698 ἀθέους
1777 3635 1896 3687 κατ’
1923 3635 2023 3686 αύ-

443 3719 536 3773 τοῦ
590 3721 959 3794 βλασφημίας,
1024 3724 1090 3776 δι’
1148 3723 1215 3789 ἃς
1269 3725 1690 3796 ἀπεϐλήθησαν,
1751 3725 2022 3796 ἐπιφέρει·

521 3919 539 3951 ι
594 3859 1150 3970 Ἐνεπλήσθηιὴίπόλις
1167 3899 1431 3968 βοώντων.
1461 3901 1666 3964 Πάντες
1696 3904 1744 3954 οἱ
1768 3902 2026 3972 ἄρχοντές

446 4007 539 4043 σου
583 3989 911 4058 πεφεύγασι,
948 3990 1041 4042 καὶ
1088 3991 1136 4041 οἱ
1177 3990 1396 4053 ἁλόντες
1450 3991 1701 4062 σκληρῶς
1752 3993 2024 4063 δεδεμένοι

441 4083 571 4146 εἰσὶ,
608 4083 700 4136 καὶ
721 4082 771 4134 οἱ
803 4081 1076 4150 ἰσχύοντες
1113 4084 1168 4136 ἐν
1205 4084 1288 4136 σοὶ
1312 4084 1500 4155 πόρρω
1534 4085 1853 4154 πεφεύγασι.
1888 4106 1904 4137 ι
1937 4088 2027 4140 Διὸ

440 4175 623 4228 οὐκέτι
653 4172 794 4226 κατά
822 4173 884 4226 τὸ
916 4172 1142 4226 παλαιὸν
1176 4175 1303 4246 παρ’
1331 4177 1515 4238 αὐτοῖς
1541 4177 1602 4229 οὐ
1644 4175 1900 4245 βασιλεῖς,
1926 4178 2025 4248 οὐχ

441 4267 752 4339 ἡγούμενοι,
785 4268 886 4320 οὐκ
935 4267 1230 4340 ἀρχιερεῖς,
1285 4270 1346 4322 ού
1402 4270 1700 4339 προφῆται,
1752 4271 1865 4325 ἀλλ’
1905 4272 2024 4324 ούδέ

439 4363 744 4437 ⁴δίιρισαίοι,
794 4360 917 4412 οὐδὲ
975 4359 1342 4424 Σαδδουκαῖοι,
1377 4361 1499 4413 οὐδὲ
1535 4362 1649 4415 ὅσοι.
1696 4362 1758 4414 τὸ
1797 4364 2023 4417 παλαιὸν

439 4455 560 4516 ταῖς
593 4451 722 4522 παρ’
750 4451 931 4512 αὐτοῖς
963 4451 1158 4519 ἀρχαῖς
1186 4449 1492 4520 τετίμηντο.
1519 4450 1704 4504 Ταῦτα
1745 4451 1965 4504 συνιδὼν
1996 4453 2025 4504 6

440 4542 726 4612 προφήτης
750 4538 826 4609 τῷ
865 4537 1158 4608 πνεύματι,
1200 4538 1294 4590 καὶ
1326 4538 1425 4610 τὴν
1457 4541 1522 4592 ἐκ
1560 4541 1816 4594 τοσούτου
1859 4540 2024 4610 ὕψους

440 4633 534 4686 ἐπὶ
581 4631 679 4702 τὴν
717 4630 954 4701 ἐσχάτην
986 4628 1184 4682 κακίαν
1227 4629 1417 4700 ῶσπερ
1456 4630 1576 4684 τινά
1610 4633 1892 4704 φάραγγα,
1926 4632 2024 4704 τὴν

440 4722 648 4776 πτῶσιν
667 4719 760 4773 τοῦ
805 4719 1074 4774 Ἰουδαίων
1107 4719 1235 4774 λαοῦ
1255 4720 1654 4792 ἁπολοφύρεται
1686 4723 1879 4791 λέγων·

515 4918 534 4950 ι
571 4897 666 4951 Διά
695 4896 852 4950 τοῦτο
881 4892 1028 4958 εἶπα,
1061 4897 1257 4964 ’Λφετέ
1294 4913 1382 4966 με,
1432 4896 1644 4968 πικρῶς
1692 4896 2017 4968 κλαύσομαι,

443 4993 518 5062 μὴ
574 4988 937 5061 κατισχύσητε
977 4989 1311 5059 παρακαλεῖν
1357 5006 1425 5059 με
1460 4989 1553 5042 ἐπὶ
1599 4989 1660 5040 τὸ
1705 4989 2017 5061 σύντριμμα

441 5085 538 5156 τῆς
583 5085 848 5157 θυγατρὸς
901 5084 994 5138 τοῦ
1037 5084 1226 5152 γένους
1271 5101 1393 5154 μου.
1428 5102 1446 5135 ι
1496 5080 1626 5136 Οἶδα
1669 5084 1797 5155 γάρ,
1833 5084 2018 5155 φησὶν,

442 5177 704 5247 ἀκριϐῶς,
739 5177 832 5230 καὶ
862 5175 940 5246 τῷ
976 5175 1247 5245 πνεύματι
1283 5173 1524 5246 προορῶ,
1553 5175 1648 5227 καὶ
1669 5174 1758 5227 διὰ
1781 5174 1848 5227 τά
1883 5191 2020 5246 προ-

442 5267 700 5338 λεχθέντα
743 5268 943 5330 πάντα,
987 5269 1081 5320 καὶ
1113 5268 1146 5338 ἡ
1179 5267 1333 5330 πόλις
1365 5269 1397 5337 ἡ
1426 5266 1504 5337 τῷ
1533 5266 1653 5336 Θεῴ
1685 5267 2021 5337 ἀνακειμένη

441 5358 748 5423 ἁλώσεται,
779 5362 873 5414 καὶ
910 5361 1106 5425 πάντες
1131 5363 1179 5414 οἱ
1218 5362 1276 5413 ἐν
1301 5361 1438 5431 αὐτῇ
1479 5361 1558 5422 εἰς
1603 5358 1780 5430 χαρὰν
1814 5359 2023 5430 ἐχθρῶν

443 5451 926 5522 παραδοθήσονται.
960 5453 1158 5524 Διόπερ
1210 5451 1464 5506 ἐντεῦθεν
1521 5451 1622 5522 ἤδη
1655 5451 2021 5523 ἀποδύρομαι,

442 5545 534 5598 καὶ
567 5543 756 5614 ὥσπερ
804 5545 894 5596 ἐπὶ
939 5545 1179 5616 γνησίοις
1213 5545 1448 5615 ἐμαυτοῦ
1511 5543 1837 5614 σπλάγχνοις
1891 5543 2022 5596 ἀπο-

440 5635 717 5707 κλαίομαι.

512 5841 532 5874 ⁸
559 5843 682 5897 lsai.
720 5857 804 5912 η,
840 5841 891 5897 9.
970 5842 988 5874 ⁶
1015 5839 1177 5898 llebr.
1220 5844 1429 5912 xu,2:’..

2130 625 2323 665 narum
2352 613 2541 666 ordine
2575 628 2876 681 reponere;
2907 630 3028 666 nam
3077 615 3235 668 medii
3276 615 3416 670 inter
3447 618 3703 688 alienige-

2131 713 2229 752 nas
2270 700 2322 753 in
2376 700 2657 771 Scriptura
2706 703 2980 757 locantur.
3034 704 3141 758 Sed
3181 708 3346 760 etiam
3391 719 3522 777 puto
3576 726 3700 764 eutn

2131 790 2512 863 Hierosolyma:
2543 795 2755 848 ruinam
2775 797 3069 861 declarare,
3101 797 3328 867 ideoque
3352 802 3544 856 vallem
3573 801 3704 857 Sion

2130 884 2303 950 ipsam
2355 899 2570 940 vocare.
2620 885 2874 954 Alioquin
2931 903 3062 942 vero
3094 903 3124 942 e
3170 888 3479 945 Judteorum
3543 901 3705 960 gente

2130 976 2272 1032 Deus
2294 992 2389 1032 eos
2413 979 2684 1048 coarguit,
2709 980 2801 1048 qui
2831 995 2864 1034 a
2885 981 3122 1050 religiosi
3155 981 3388 1037 instituti
3423 985 3705 1038 cacumine

2130 1067 2472 1133 deciderunt,
2499 1085 2598 1124 ceu
2636 1071 2690 1122 in
2728 1069 2895 1125 valles
2937 1081 2994 1126 et
3028 1072 3314 1142 voragines
3345 1073 3706 1142 profundissi-

2132 1173 2232 1212 mae
2282 1159 2499 1214 tualitia:
2548 1160 2772 1229 delapsi.
2801 1161 3012 1215 Etenim
3069 1160 3198 1216 Sion
3256 1178 3410 1218 mons
3447 1173 3528 1218 est
3563 1177 3703 1233 prte—

2130 1249 2291 1314 altus,
2322 1250 2376 1304 in
2408 1265 2514 1319 quo
2544 1250 2801 1320 templum
2836 1252 2932 1304 Dei
2970 1253 3297 1306 tedilieatum
3334 1262 3452 1307 erat
3484 1270 3497 1305 :
3530 1267 3702 1322 quare

2131 1341 2372 1394 dicitur:
2406 1359 2423 1392 ι
2455 1340 2631 1411 Super
2680 1351 2916 1396 montem
2982 1342 3252 1396 excelsum
3311 1345 3566 1412 ascende,
3609 1345 3701 1413 qui

2131 1433 2478 1501 evangelizas
2529 1433 2731 1498 Sion‘;
2765 1452 2782 1484 ι
2843 1444 2897 1487 et
2950 1450 2962 1484 :
3019 1435 3390 1490 «Accessistis
3449 1437 3517 1490 ad
3573 1435 3707 1492 Sion

2133 1533 2401 1587 montem,-
2433 1533 2486 1578 et
2535 1526 2806 1579 civitatem
2848 1527 2941 1582 Dei
2981 1525 3214 1580 viventis
3258 1525 3558 1581 Jerusalem
3586 1541 3704 1582 co:-

2131 1614 2327 1669 lestem
2349 1616 2389 1672 ⁶.
2420 1635 2438 1666 ι
2477 1617 2856 1686 Evangelicum
2901 1629 3080 1670 autem
3107 1631 3414 1674 sermonem
3445 1632 3541 1686 per
3574 1617 3706 1673 Sion

2133 1717 2372 1761 montem
2429 1707 2723 1777 signiﬁcari
2771 1709 3023 1776 superius
3071 1718 3556 1763 commonstratum
3600 1718 3706 1763 est.

2132 1800 2232 1866 Qui
2283 1815 2446 1868 porro
2480 1816 2546 1854 ex
2597 1800 2700 1855 hac
2731 1815 2826 1869 spe
2856 1801 3191 1866 deciderunt,
3223 1800 3279 1854 in
3309 1799 3505 1855 vallem
3554 1799 3704 1854 Sioni

2132 1889 2471 1958 adjaceutem
2497 1890 2700 1960 delapsi
2735 1903 2860 1946 sunt
2899 1913 2908 1946 :
2942 1907 3066 1945 nam
3115 1906 3305 1947 rursus
3339 1891 3592 1945 virtutem
3623 1906 3707 1946 se-

2133 1985 2318 2052 quitur
2359 1983 2585 2050 malitia,
2635 1985 2687 2038 in
2726 1999 2888 2054 quant
2922 1983 3126 2039 decidit
3167 1982 3260 2052 qui
3291 1998 3356 2038 ex
3391 1984 3591 2038 virtute
3619 1985 3710 2038 dc-

2131 2075 2353 2130 labitur.
2379 2073 2471 2130 Sic
2502 2075 2666 2146 igitur
2698 2076 2789 2143 qui
2822 2091 2891 2130 ex
2923 2074 3032 2129 ﬁde
3062 2075 3322 2129 aberrant
3361 2077 3428 2130 ad
3458 2076 3709 2130 incredu-

2131 2166 2337 2221 litatem
2380 2177 2688 2222 vertuntur.
2730 2169 2966 2237 Populus
3003 2171 3193 2239 itaque
3226 2183 3293 2224 ex
3334 2168 3708 2223 circumcisio-

2132 2272 2222 2323 ne,
2263 2273 2331 2313 ex
2385 2259 2703 2329 evangelico
2752 2261 3035 2316 cacumine
3081 2261 3282 2330 lapsus,
3316 2270 3372 2315 et
3419 2275 3449 2313 a
3497 2260 3707 2314 coalesti

2133 2350 2262 2406 Sion
2295 2352 2650 2417 abalienatus,
2685 2354 2735 2407 in
2763 2355 3124 2424 praecipitium
3155 2353 3557 2409 incredulitatis
3580 2368 3704 2407 cor-

2130 2443 2294 2498 ruit:
2338 2459 2508 2512 quare
2565 2444 2708 2499 inter
2785 2444 3120 2516 alienigenas
3185 2454 3487 2513 reputatur.
3551 2443 3709 2500 Unde

2130 2535 2412 2604 prophetia
2449 2544 2747 2591 extremam
2787 2552 2976 2591 eorum
3031 2536 3298 2606 repulsam
3349 2536 3704 2595 adumbrans,

2131 2626 2358 2680 verbum
2391 2626 2550 2682 vallis
2580 2629 2891 2698 descripsit.
2923 2629 3058 2695 Quia
3093 2645 3220 2683 vero
3249 2645 3352 2682 non
3386 2638 3470 2682 est
3516 2640 3703 2694 perso-

2131 2732 2322 2772 narum
2371 2719 2616 2787 acceptio
2664 2721 2802 2789 apud
2849 2721 3055 2786 Deum,
3105 2720 3226 2775 ideo
3284 2720 3336 2774 in
3380 2718 3708 2788 alienigena-

2132 2823 2250 2862 rum
2293 2809 2806 2879 reprehensionibus
2841 2811 3053 2864 medius
3079 2811 3144 2864 de
3175 2808 3343 2864 Sione
3394 2823 3574 2864 sermo
3615 2807 3704 2861 in-

2128 2913 2309 2957 sertus
2344 2911 2448 2956 est.
2493 2901 2756 2968 Quocirca
2789 2901 3176 2974 Hierosolyma:
3203 2902 3433 2962 incolas,
3464 2901 3616 2970 quasi
3653 2901 3706 2953 in

2129 2992 2452 3064 alienigenis
2500 2993 2644 3048 Deus
2691 2994 2994 3060 constituit,
3027 2993 3463 3062 sententiamque
3503 2992 3710 3061 prolert

2127 3087 2408 3142 adversum
2437 3085 2578 3142 illos.

2206 3341 2370 3398 Vnus.
2398 3342 2451 3397 2.
2491 3361 2509 3394 ι
2540 3343 2766 3413 Repleta
2814 3352 2896 3399 est
2931 3353 3126 3400 emtas
3160 3345 3521 3400 clamantibus
3552 3365 3563 3401 :
3597 3347 3713 3400 vui-

2134 3435 2308 3488 nerati
2346 3435 2449 3500 tui,
2480 3451 2589 3491 non
2627 3435 2894 3490 vulnerati
2935 3436 3145 3505 gladio;
3182 3452 3353 3504 neque
3377 3439 3572 3491 mortui
3609 3441 3709 3504 tui,

2134 3527 2332 3580 mortui
2363 3526 2524 3582 bello.
2551 3546 2571 3579 ι
2607 3527 2813 3597 Spiritu
2842 3530 3186 3596 conspicatus
3231 3529 3489 3599 propheta
3517 3545 3708 3584 eorum

2132 3629 2322 3673 contra
2379 3619 2722 3676 Salvatorem
2759 3621 3048 3685 clamores,
3099 3621 3400 3692 impiasquc
3439 3623 3491 3676 in
3535 3624 3709 3690 ipsum

2133 3711 2523 3782 blasphemias,
2555 3727 2788 3781 quarum
2835 3727 3003 3768 causa
3034 3713 3217 3780 rcjecti
3259 3725 3408 3778 sunt,
3436 3714 3714 3785 subjungit

2134 3805 2261 3860 illttd
2295 3821 2312 3859 :

2205 3895 2367 3951 Vens.
2400 3897 2452 3951 5.
2496 3917 2514 3948 ι
2544 3897 2763 3966 Repleta
2805 3906 2887 3953 est
2921 3897 3116 3953 civitas
3147 3899 3532 3954 clamantibus.
3583 3902 3710 3956 Um-

2134 4001 2230 4042 nes
2265 3988 2537 4057 principes
2576 3989 2651 4042 tui
2701 3988 2980 4058 fugerunt,
3012 3999 3067 4045 ct
3112 3992 3253 4059 capti
3302 3992 3509 4046 duriter
3545 3994 3710 4047 vincti

2133 4091 2282 4145 sunt,
2311 4091 2367 4134 et
2393 4081 2483 4150 qui
2521 4089 2767 4151 potentes
2814 4093 2940 4137 sunt
2987 4083 3040 4136 in
3077 4093 3150 4150 te,
3179 4083 3338 4153 longe
3372 4084 3646 4153 fugerunt.
3682 4104 3701 4135 ι

2133 4171 2313 4237 Quare
2344 4185 2452 4224 non
2487 4172 2719 4239 amplius
2746 4181 2806 4226 ut
2843 4172 3147 4243 antiquitus
3171 4188 3347 4244 rcges,
3383 4190 3487 4229 non
3521 4176 3711 4237 duces,

2135 4279 2240 4317 non
2277 4261 2611 4328 sacerdotes,
2642 4279 2748 4317 non
2795 4265 3075 4332 propheta:
3100 4265 3242 4334 apud
3274 4265 3392 4320 illos
3421 4275 3578 4324 sunt;
3610 4268 3705 4321 sed

2134 4369 2309 4425 neque
2356 4354 2634 4421 Pharisati,
2682 4369 2856 4424 neque
2903 4355 3168 4420 Saduczei,
3205 4372 3382 4426 neque
3429 4356 3515 4409 alii
3551 4369 3712 4424 qunt-

2133 4443 2409 4514 quotolint
2446 4459 2634 4500 eorum
2666 4445 3078 4514 magistratibus
3109 4445 3381 4514 Perluncti
3408 4457 3551 4501 sunt.
3589 4447 3713 4502 κως

2132 4551 2254 4590 cum
2304 4537 2497 4606 spiritu
2546 4548 2796 4592 cerneret
2841 4539 3137 4608 prolibcta,
3191 4553 3400 4594 necnon
3444 4539 3592 4593 illum
3644 4557 3710 4594 er

2135 4637 2279 4682 tanta
2329 4627 2661 4682 sublimitate
2718 4629 2768 4681 in
2829 4639 3131 4683 extremam
3190 4629 3490 4690 malitiam,
3522 4646 3617 4685 ceu
3658 4633 3708 4684 in

2131 4719 2421 4790 quamdam
2470 4719 2685 4785 vallem,
2718 4719 2930 4774 Judaici
2975 4720 3156 4790 populi
3209 4720 3442 4790 lapsum,
3475 4721 3625 4775 luctu
3653 4737 3712 4777 se

2130 4807 2426 4862 discruciat
2457 4807 2643 4860 dicens
2678 4827 2690 4860 :

2199 4899 2361 4955 Vens.
2407 4899 2460 4952 ll.
2513 4899 2846 4968 «PrOpterea
2911 4900 3055 4965 dixi,
3124 4901 3286 4957 sinite
3355 4917 3477 4968 me,
3527 4918 3713 4958 amare

2126 4994 2285 5058 lleho,
2333 5009 2437 5046 non
2485 4992 2732 5062 poteritis
2784 4993 3050 5048 consolari
3123 5009 3208 5048 me
3274 5010 3436 5062 super
3506 4995 3708 5048 centri-

2127 5085 2271 5139 tione
2326 5083 2446 5138 tilia:
2499 5085 2716 5154 generis
2771 5085 2898 5140 mei.
2929 5105 2948 5138 ι
2985 5084 3121 5140 Nam
3156 5097 3408 5142 accurate
3440 5085 3587 5149 novi,
3635 5087 3707 5139 in-

2125 5177 2262 5246 quit,
2295 5185 2346 5231 et
2371 5176 2564 5247 spiritu
2596 5177 2889 5244 praevideo,
2915 5179 3084 5233 etiam
3121 5193 3186 5234 ex
3219 5181 3285 5233 iis
3311 5179 3562 5234 onmibus
3591 5196 3711 5249 ιιιιιιι

2130 5284 2288 5338 supra
2334 5268 2475 5322 dicta
2528 5277 2676 5334 sunt,
2719 5269 2992 5324 civitatem
3029 5269 3137 5324 Deo
3186 5271 3454 5325 addictam
3487 5271 3706 5339 capient

2132 5359 2280 5423 dam,
2312 5368 2364 5412 et
2389 5374 2578 5414 omnes
2609 5360 2701 5430 qui
2742 5360 2794 5413 in
2835 5359 2924 5413 illa
2969 5370 3114 5426 sunt,
3143 5359 3194 5413 in
3231 5360 3486 5429 gaudium
3531 5360 3706 5414 inimi-

2131 5468 2316 5507 corum
2375 5453 2579 5509 dandos
2621 5467 2763 5508 esse.
2832 5455 3013 5520 Quare
3055 5452 3168 5522 jam
3204 5453 3401 5507 exhinc
3447 5453 3622 5522 lugeo,
3654 5463 3708 5508 ct

2131 5547 2282 5616 quasi
2310 5549 2548 5616 genuina
2583 5546 2789 5603 viscera
2820 5562 2934 5603 mea
2970 5544 3208 5613 deploro.
