4118 6454
420 393 526 449 2L7
1095 385 1367 443 EUSEBII
1404 381 1879 441 OtESABlENSlS
1913 379 2067 441 OPP.
2107 380 2293 437 PARS
2333 379 2424 435 111.
2464 408 2536 421 --
2574 376 2995 435 EXEGETICA.
3593 374 3698 435 248

489 506 658 567 Vnus.
691 507 747 564 5.
784 506 963 576 «Quia
1019 505 1140 562 dies
1191 505 1524 563 turbationis
1544 512 1599 561 et
1636 503 1916 570 interitus,
1944 512 2001 558 et

2183 519 2203 553 ι
2236 501 2362 555 Ὅτι
2395 500 2579 573 ἡμέρα
2607 501 2857 573 ταραχῆς
2882 502 2977 556 καὶ
2999 500 3296 566 ἀπωλείας,
3334 500 3428 555 καὶ
3454 517 3707 554 καταπα-

415 596 972 655 conculcationiszet
1019 611 1180 651 error
1233 610 1266 651 a
1318 595 1554 651 Domino
1618 594 1887 650 Sabaoth.
1944 594 2002 650 In

2110 594 2377 666 τήματοςο
2433 595 2530 647 καὶ
2576 592 2845 664 πλάνησις
2883 591 3035 663 παρά
3072 593 3282 665 Κυρίου
3327 591 3581 649 Σαϐαὼθ.
3617 593 3707 646 Ἐν

416 690 558 747 valle
602 690 735 747 Sion
778 698 966 745 errant
999 707 1014 745 :
1050 705 1080 743 a
1105 702 1274 759 parvo
1322 688 1391 743 ad
1431 702 1688 759 magnum
1720 696 1913 742 errant
1946 687 2001 743 in

2110 685 2357 756 φάραγγι
2397 683 2535 739 Σιὼν
2575 685 2906 740 πλανῶνταιο
2941 686 3052 739 ἀπὸ
3092 685 3290 758 μικροῦ
3336 686 3441 750 ἓως
3468 684 3707 758 μεγάλου

416 782 717 841 montibus.
750 801 770 835 ι
828 781 957 837 Haec
1001 795 1219 852 quoque
1252 779 1468 836 aestimo
1506 779 1655 835 dicta
1696 779 1765 834 de
1794 779 1881 845 iis,
1909 779 2002 849 qui

416 884 790 933 convenerunt
816 875 868 929 in
899 889 1093 940 unum,
1121 875 1250 929 dum
1281 874 1494 931 insidiae
1520 884 1713 931 contra
1747 872 2006 928 Servato-

412 983 529 1024 I'Blll
570 976 817 1023 l'IOSlI‘lllll
841 977 1209 1024 struerentur.

488 1057 657 1112 Vsus.
686 1058 741 1114 6.
776 1075 795 1109 ι
837 1055 1088 1115 Ειοηιίιω
1116 1070 1297 1116 autem
1323 1070 1670 1131 sumpserunt
1697 1062 2001 1131 pharetras,

411 1163 468 1211 et
517 1152 771 1208 homines
831 1152 925 1221 qui
983 1151 1290 1208 ascendunt
1325 1167 1516 1223 equos,
1547 1163 1604 1209 et
1656 1159 2005 1229 congregatio

411 1244 570 1300 aciei.
599 1263 618 1297 ι
655 1242 939 1313 Signiﬁcat
964 1252 1146 1299 autem
1193 1246 1430 1300 virtutes
1462 1245 1705 1302 occultas
1743 1258 1798 1302 et
1829 1249 2006 1305 inimi-

412 1349 533 1400 cas,
556 1334 714 1404 queis
738 1348 768 1386 a
794 1332 904 1388 Deo
932 1333 1116 1389 traditi
1153 1344 1301 1389 sunt.
1346 1333 1530 1401 Quare
1560 1337 1806 1394 Elamita:
1832 1341 2004 1410 signia

413 1426 581 1489 licam
612 1426 997 1495 despicienles;
1033 1426 1163 1497 quia
1192 1428 1533 1497 pereuntium
1567 1429 1794 1487 salutem
1835 1433 2005 1503 negli-

418 1529 577 1592 gunt,
614 1534 685 1575 ac
715 1519 921 1576 nemini
969 1529 1221 1589 parcunt;
1249 1519 1374 1575 ideo
1396 1521 1771 1578 verisimiliter
1800 1524 1875 1579 ita
1908 1540 2003 1580 vo-

411 1623 612 1668 cantur
654 1627 850 1668 eorum
904 1623 1099 1667 turmae
1154 1611 1489 1669 obsidentes.
1550 1614 1757 1670 Verum
1808 1632 2005 1689 magno

429 1718 556 1758 cum
610 1702 861 1759 exercitu
906 1702 1170 1759 instructa
1226 1703 1345 1759 acie
1393 1704 1445 1759 in
1496 1705 1635 1762 valle
1663 1705 1796 1763 Sion
1834 1708 2005 1766 abiis

413 1798 643 1852 obsessa
692 1806 999 1863 versantes,
1045 1812 1165 1852 eam
1206 1798 1258 1852 in
1298 1807 1603 1856 extremam
1649 1816 1877 1874 egerunt
1907 1818 2003 1859 va-

410 1890 673 1944 stitatem.

492 1980 654 2037 Vrsas.
693 1982 748 2037 7.
782 1981 890 2037 «Et
915 1992 1077 2038 erunt
1109 1981 1297 2039 electae
1344 1984 1513 2042 valles
1549 1995 1674 2055 tuae,
1717 1988 2003 2058 repleban-

413 2084 506 2130 tur
529 2074 798 2141 curribus,
830 2076 1045 2146 equites
1072 2086 1254 2132 autem
1281 2077 1776 2149 occludentportas
1804 2091 1944 2136 tuas.
1974 2100 1994 2134 ι

411 2164 534 2223 Non
565 2181 710 2223 nunc
757 2182 934 2238 neque
983 2168 1037 2224 in
1066 2170 1321 2240 praesenti
1361 2179 1608 2241 tempore
1630 2208 1647 2236 ,
1681 2171 1775 2226 sed
1812 2170 1865 2226 in
1903 2171 1998 2228 illa

414 2258 535 2326 die;
566 2258 824 2315 nimirum
858 2259 912 2315 in
941 2269 1186 2331 tempore
1208 2276 1305 2334 per
1327 2263 1669 2335 prophetiam
1690 2266 1998 2324 enuntiato.

486 2430 650 2489 Vens.
678 2432 736 2497 8,
767 2434 823 2489 9.
859 2452 879 2486 ι
909 2431 975 2487 Ει
1008 2433 1290 2491 recludent
1327 2445 1518 2507 portas
1542 2438 1704 2505 Juda,
1737 2452 1794 2499 et
1819 2443 2000 2500 intue-

413 2524 618 2587 buntur
648 2523 705 2579 in
743 2525 830 2580 die
861 2525 954 2581 illa
983 2524 1191 2583 electas
1218 2528 1411 2587 domos
1443 2532 1614 2588 urbis.
1653 2532 1722 2588 Et
1756 2543 2003 2607 retegent

2106 778 2415 832 πλανῶνται
2447 779 2542 832 ἐπὶ
2562 779 2631 833 τὰ
2654 778 2777 850 ὅρη.
2820 798 2839 831 ι
2864 778 2975 832 Kal.
3001 779 3174 833 ταῦτα
3200 780 3258 833 δὲ
3280 774 3433 851 οἶμαι
3450 778 3707 849 λέγεσθαι

2107 869 2238 941 περὶ
2274 870 2383 924 τῶν
2413 869 2556 924 κατὰ
2602 869 2663 923 τὸ
2685 870 2820 925 αὐτὸ
2845 870 3208 925 συνελθόντων
3240 872 3300 924 ὲν
3323 873 3393 943 τῇ
3416 870 3561 926 κατὰ
3607 869 3706 925 τοῦ

2104 961 2358 1030 Σωτῆρος
2375 962 2410 1033 ἡ
2417 960 2534 1033 μῶν
2560 961 2848 1034 ἐπιϐουλῇ.

2183 1073 2201 1105 ι
2235 1054 2377 1108 Οἱδὲ
2412 1054 2698 1125 Ἐλαμίται
2748 1054 2938 1108 ἔλαϐον
2985 1054 3283 1127 φαρέτρας,
3312 1071 3408 1109 και
3434 1054 3705 1110 ἀναϐάται

2104 1146 2383 1219 ἄνθρωποι
2411 1149 2498 1219 ἐφ’
2525 1148 2745 1212 ἵππους,
2797 1148 2894 1202 καὶ
2925 1147 3216 1220 συναγωγὴ
3256 1148 3634 1220 παρατάξεως.
3677 1167 3700 1204 s

2104 1241 2268 1313 Δηλοῖ
2312 1240 2371 1295 δὲ
2401 1240 2663 1313 δυνάμεις
2712 1241 2943 1311 ἀφανεῖς
2981 1240 3079 1295 καὶ
3118 1240 3433 1311 πολεμίους,
3463 1235 3553 1305 αἷς
3599 1241 3707 1296 ύπδ

2105 1331 2243 1387 Θεοῦ
2276 1332 2674 1405 παρεδόθησαν.
2693 1332 2786 1386 Διδ
2801 1332 2892 1386 καὶ
2909 1334 2959 1389 οἱ
3004 1331 3290 1403 Ἑλαμῖται
3311 1331 3705 1403 έρμηνεύονται

2111 1444 2130 1477 ι
2166 1424 2633 1495 παραϐλέποντεςο
2671 1444 2689 1477 ι
2743 1424 2833 1479 διὰ
2882 1424 2946 1478 τὺ
2998 1426 3247 1497 παρορᾷν
3287 1425 3389 1496 τὴν
3429 1424 3705 1496 σωτηρίαν

2106 1517 2214 1573 τῶν
2246 1517 2660 1590 ἀπολλυμένων,
2677 1518 2774 1572 καὶ
2815 1517 3042 1589 μηδενὸς
3070 1515 3367 1587 φείδεσθαι,
3389 1516 3533 1580 είκδς
3560 1514 3707 1570 οὕτω

2104 1608 2407 1682 κεκλῆσθαι
2460 1609 2531 1665 τὰ
2581 1609 3021 1681 τωλιορκήσαντα
3072 1608 3271 1673 αὐτοὺς
3337 1605 3706 1679 στρατιωτικὰ

2106 1702 2309 1775 πλήθη.
2350 1702 2513 1759 Ἀλλά
2548 1702 2688 1775 μιτά
2716 1702 2979 1774 πλείστης
2993 1700 3279 1773 δυνάμεως
3307 1700 3703 1773 παραταξάμε-

2105 1812 2187 1851 νοι
2238 1799 2307 1867 τῇ
2362 1794 2784 1868 πολιορκηθείσῃ
2835 1795 3082 1868 φάραγγι
3129 1793 3289 1859 Σιὼν,
3335 1795 3418 1859 είς
3475 1792 3703 1865 ἔσχατον

2109 1886 2346 1959 ἐρημίας
2375 1888 2546 1960 αὐτὴν
2577 1888 2807 1959 ῆγαγον.

2185 1997 2205 2031 ι
2244 1980 2357 2034 Kal.
2376 1979 2592 2034 ἔσονται
2623 1982 2679 2034 ai
2704 1979 2961 2033 ὲκλεκταὶ
2991 1977 3277 2051 φάραγγές
3315 1995 3435 2043 σου,
3462 1978 3705 2051 πλησθη-

2109 2092 2293 2130 σονται
2319 2075 2605 2149 ἁρμάτων,
2627 2077 2681 2129 οί
2712 2074 2772 2129 δὲ
2810 2076 2999 2139 ἱππεῖς
3025 2072 3365 2146 ὲμφράξουσι
3395 2072 3495 2136 τὰς
3530 2072 3703 2140 πύλας

2108 2186 2228 2224 σου.
2263 2188 2283 2223 ι
2321 2169 2458 2239 Οὐχὶ
2476 2168 2594 2233 νῦν,
2616 2168 2739 2222 οὐδὲ
2769 2167 2913 2222 κατά
2925 2168 3018 2221 τὸν
3044 2167 3290 2239 παρόντα
3321 2166 3534 2239 καιρὸν,
3568 2164 3705 2219 ἀλλά

2105 2260 2173 2330 τῇ
2221 2258 2406 2331 ἡμέρᾳ
2452 2258 2657 2329 ὲκείνῃο
2692 2257 2842 2327 λέγει
2895 2257 2954 2311 δὲ
3002 2257 3063 2312 ιν
3105 2256 3184 2330 τῷ
3242 2258 3704 2332 προφητευομένῳ

2107 2367 2304 2424 καιρφ.

2186 2461 2206 2497 ι
2247 2443 2358 2497 Kal
2398 2442 2810 2513 ἀνακαλύψουσι
2840 2440 2943 2507 τάς
2988 2442 3166 2509 πύλας
3210 2443 3404 2509 Ἰούδα,
3453 2442 3550 2499 καὶ
3600 2442 3702 2515 έμο

2106 2535 2395 2608 ϐλέψονται
2426 2537 2496 2607 τῇ
2522 2534 2708 2607 ἡμέρᾳ
2737 2535 2921 2608 ἐκείνῃ
2955 2537 3034 2600 είς
3050 2536 3180 2601 τοὺς
3210 2535 3500 2601 ἐκλεκτοὺς
3520 2535 3703 2601 οῖκους

413 2614 731 2671 abscondita
763 2614 1050 2671 domorum
1077 2620 1224 2673 arcis
1251 2616 1443 2677 David.
1465 2619 1532 2675 Et
1546 2622 1823 2689 viderunt,
1855 2626 2000 2699 quod

2108 2628 2210 2699 τῆς
2242 2627 2470 2691 πόλεως.
2488 2625 2598 2681 Καὶ
2626 2625 3035 2696 ἀνακαλύψουσι
3059 2626 3130 2680 τὰ
3161 2626 3383 2700 κρυπτά
3404 2627 3517 2683 τῶν
3539 2628 3705 2684 οἴκων

411 2707 599 2778 plures
626 2717 775 2773 sunt,
811 2716 868 2764 et
905 2708 1051 2779 quod
1080 2711 1280 2766 avertit
1311 2727 1511 2784 aquam
1537 2716 1740 2772 veteris
1776 2718 2002 2787 piscina:

2108 2720 2207 2792 τῆς
2237 2720 2415 2792 ἄκρας
2445 2719 2629 2773 Δαυῖδ.
2663 2719 2775 2773 Καὶ
2805 2718 3039 2788 εἶδοσαν,
3076 2718 3162 2778 ὅτι
3203 2719 3422 2785 πλείους
3454 2720 3582 2785 eiul,
3609 2721 3705 2777 καὶ

412 2800 470 2854 in
494 2798 737 2855 civitate.
771 2820 790 2853 ι
827 2798 952 2856 Haec
986 2816 1149 2871 porro
1177 2812 1336 2860 erant
1363 2821 1566 2863 arcana
1601 2810 1752 2880 regni
1779 2811 2002 2882 symbo-

2108 2812 2189 2867 ὅτι
2211 2810 2524 2884 ἀπέστρεψε
2555 2811 2619 2867 τὸ
2649 2809 2797 2885 ὕδωρ
2823 2814 2924 2885 τῆς
2948 2815 3182 2886 ἀρχαίας
3208 2810 3599 2884 κολυμϐήθρας
3623 2814 3705 2877 εἰς

415 2891 493 2957 la,
526 2902 582 2948 et
627 2906 753 2962 qua:
796 2892 852 2947 in
904 2895 1223 2950 sanctuario
1250 2897 1487 2967 reposita
1531 2911 1729 2956 erant:
1762 2916 1883 2972 quae
1915 2918 2002 2959 ne-

2109 2904 2208 2978 τὴν
2243 2904 2418 2960 πόλιν.
2443 2922 2464 2956 ι
2495 2905 2682 2960 Ταῦτα
2715 2907 2775 2961 δὲ
2801 2902 2872 2979 ἦν
2895 2906 2968 2961 τὰ
2986 2908 3275 2980 ἀπόρρητα
3296 2906 3396 2980 τῆς
3422 2903 3703 2978 βασιλείας

412 2983 575 3048 mini,
633 2993 996 3055 praeterquam
1068 2988 1340 3044 sacerdoti
1393 2999 1625 3058 tantum,
1683 2995 2002 3065 conspicere

2111 2997 2382 3070 σύμϐολα,
2416 2999 2511 3053 καὶ
2540 2998 2612 3053 τὰ
2643 3000 2702 3054 ὲν
2729 2999 2810 3072 τῷ
2833 3002 3136 3072 ἀγιάσματι
3170 3001 3528 3072 ἀποκείμενα·
3558 2998 3702 3056 eos.

412 3072 617 3132 licebat
643 3097 659 3131 :
688 3092 807 3146 qua:
832 3077 999 3133 etiam
1036 3078 1274 3137 inimicis
1302 3083 1560 3138 tradenda
1594 3084 1751 3141 dicit.
1796 3084 1912 3143 Hac
1933 3088 2002 3145 de

2108 3092 2223 3147 δενὶ
2255 3091 2383 3163 ἐξῆν
2408 3095 2458 3148 εί
2489 3092 2563 3166 μὴ
2595 3094 2743 3166 μόνῳ
2765 3093 2845 3166 τῷ
2885 3096 3136 3167 ἀρχιερεῖ
3168 3095 3512 3150 ὲποπτεύεινυ
3557 3094 3594 3150 ἀ
3633 3095 3698 3167 δή

413 3184 583 3224 causa
635 3168 788 3224 vallis
840 3168 970 3225 Sion
1019 3170 1223 3228 incolas
1274 3174 1622 3244 criminatur,
1675 3179 1820 3249 quod
1853 3190 2001 3237 vete-

2110 3185 2207 3240 καὶ
2240 3185 2381 3240 αὐτὰ
2400 3188 2516 3250 τοῖς
2548 3185 2831 3258 πολεμίοις
2853 3186 3331 3259 παραδοθήσεσθαι
3362 3205 3541 3261 φησιν.
3573 3187 3698 3242 Ἐπὶ

412 3261 497 3316 ris
524 3263 576 3316 in
608 3262 739 3317 urbe
773 3264 994 3332 piscinae
1021 3280 1192 3335 aquas
1219 3269 1524 3325 everterint
1547 3310 1564 3337 ,
1590 3271 1865 3343 aliamque
1889 3274 1998 3330 sibi

2108 3276 2318 3344 τούτοις
2353 3278 2632 3350 μέμφεται
2660 3279 2788 3343 τοὺς
2814 3280 2874 3332 ὲν
2894 3281 2962 3351 τῇ
2997 3279 3244 3353 φάραγγι
3275 3280 3435 3345 Σιὼν,
3459 3281 3534 3345 ὡς
3565 3283 3701 3336 ἀπο-

415 3354 562 3409 intra
593 3355 731 3411 duos
757 3372 942 3413 laturos
967 3373 1166 3430 aquam
1199 3360 1584 3432 excogitarint.
1631 3365 1788 3435 Aqua
1836 3381 2001 3436 porro

2109 3368 2452 3442 στρέψαντας
2478 3368 2552 3423 τὰ
2583 3368 2753 3423 ὕδατα
2775 3368 2888 3440 ’τῆς
2921 3370 3158 3441 ἀρχαίας
3196 3370 3587 3445 κολυμϐήθρας
3632 3372 3705 3427 τά

412 3447 621 3502 veteris
662 3449 717 3503 in
749 3450 889 3506 urbe
937 3449 1184 3521 piscinae,
1221 3461 1339 3508 erat
1386 3455 1592 3510 veteris
1632 3466 1689 3511 et
1735 3456 2001 3517 divinitus

2108 3459 2238 3516 ὂντα
2259 3462 2318 3514 ὲν
2348 3462 2415 3532 τῇ
2434 3460 2608 3525 πόλει,
2638 3460 2827 3533 ἕτερον
2855 3460 2913 3515 δὲ
2934 3460 3078 3534 ὕδωρ
3093 3463 3278 3527 αὐτοῖς
3309 3465 3705 3537 ἐπινοήσαντας

413 3538 698 3608 inspirata;
737 3538 1036 3610 Scriptura:
1067 3556 1272 3608 sermo,
1303 3557 1465 3613 quem
1499 3542 1834 3611 derivantes,
1867 3549 2002 3603 alie-

2113 3550 2314 3623 μεταξὺ
2345 3549 2459 3604 τῶν
2489 3548 2586 3608 δύο
2635 3549 2886 3621 τειχέων.
2921 3551 3110 3625 ’Υδωρ
3139 3552 3196 3606 δὲ
3226 3548 3297 3625 ἦν
3346 3553 3584 3620 παλαιᾶς
3612 3571 3706 3609 κο-

412 3645 539 3682 nam
593 3629 696 3685 sibi
743 3645 942 3702 aquam
986 3634 1391 3703 excogitarunt,
1436 3636 1714 3693 seniorum
1750 3638 2002 3697 videlicet

2108 3640 2434 3714 λυμϐήθρας
2462 3641 2520 3694 ὲν
2560 3641 2629 3711 τῇ
2664 3639 2819 3694 πόλει
2842 3642 2872 3695 ό
2900 3640 3005 3712 τῆς
3050 3641 3289 3708 παλαιᾶς
3317 3645 3411 3698 καὶ
3445 3644 3696 3700 θεοπνεύ·

412 3721 753 3789 traditiones,
802 3724 1081 3781 doctrinas
1112 3734 1170 3781 et
1216 3737 1484 3798 pracepta
1539 3728 1818 3786 hominum
1868 3732 2000 3788 edo-

2110 3755 2239 3792 στου
2291 3736 2517 3809 Γραφῆς
2567 3734 2745 3805 λόγος,
2801 3735 2861 3790 ὃν
2905 3736 3374 3809 ἀποστραφέντες,
3425 3737 3700 3812 ἀλλότριον

412 3824 638 3869 centes:
671 3830 777 3886 qua
809 3817 879 3872 de
919 3832 979 3873 re
1003 3818 1149 3887 ipsos
1182 3817 1445 3876 Servator
1473 3822 1750 3893 coarguit,
1781 3838 1997 3880 comm-

2108 3829 2254 3903 ὕδωρ
2287 3830 2499 3892 ἑαυτοῖς
2528 3827 2853 3899 ἐπενόησαν,
2881 3828 2982 3892 τὰς
3000 3829 3327 3902 παραδόσεις
3340 3829 3448 3885 τῶν
3464 3831 3700 3903 πρεσϐυ-

411 3923 521 3975 qtie
565 3910 863 3979 nequitiam
896 3911 1227 3967 criminatur
1261 3913 1347 3968 his
1372 3914 1556 3970 verbis
1585 3934 1600 3972 :
1633 3935 1651 3967 ι
1682 3916 1749 3971 Et
1779 3918 1995 3974 irritmu

2108 3923 2300 3995 τέρων,
2353 3921 2701 3986 διδάσκοντες
2729 3920 3079 3986 διδασκαλίας
3112 3924 3206 3978 καὶ
3260 3923 3574 3995 ἐντάλματα
3604 3925 3702 3979 ἀν-

413 3995 627 4054 fecistis
658 4000 883 4054 verbum
914 3998 1009 4054 Dei
1037 4010 1259 4069 propter
1287 4003 1634 4060 traditionem
1662 4014 1895 4063 vestram
1918 4009 1994 4063 ⁷.»

2108 4014 2362 4088 θρώπων·
2398 4012 2484 4085 ἐφ’
2521 4006 2567 4082 ᾧ
2602 4012 2699 4067 καὶ
2739 4013 3015 4086 μέμφεται
3051 4016 3251 4081 αὐτοὺς
3285 4017 3314 4070 ό
3347 4016 3560 4088 Σωτὴρ,
3591 4017 3702 4071 ἀπ-

411 4093 656 4166 ιλήγχων
700 4091 882 4147 αὐτῶν
911 4090 1010 4164 τὴν
1046 4094 1397 4166 παρανομίαν
1437 4097 1523 4167 ἐφ’
1559 4092 1643 4162 οἷς
1688 4115 1842 4170 φησιο
1881 4119 1902 4152 ι
1945 4104 2039 4158 καὶ
2076 4105 2400 4179 ἠκυρὼσατε
2451 4107 2544 4162 τὸν
2611 4107 2771 4178 λόγον
2812 4106 2909 4163 τοῦ
2949 4105 3088 4162 θεοῦ
3126 4106 3216 4162 διὰ
3257 4105 3357 4180 τὴν
3406 4106 3706 4182 παράδοσιν

413 4188 591 4261 ὑμῶν.
630 4207 651 4239 ι

489 4278 655 4337 Vens.
686 4279 776 4347 10,
807 4280 895 4335 Η.
934 4299 954 4333 ι
982 4280 1052 4336 Et
1088 4282 1232 4352 quod
1284 4281 1570 4339 diruerunt
1613 4285 1808 4340 domos
1839 4285 2001 4342 Jeru-

2202 4301 2221 4336 ι
2261 4283 2373 4339 Καὶ
2404 4285 2487 4338 ὅτι
2520 4284 2842 4338 καθείλοσαν
2864 4285 2992 4348 τοὺς
3022 4285 3206 4347 οἴκους
3248 4287 3601 4357 Ἰερουσαλὴμ
3630 4286 3709 4349 είς

411 4372 585 4429 salem
620 4374 674 4429 in
696 4373 1058 4430 munitionem
1086 4374 1227 4430 muri
1254 4374 1484 4431 civitati.
1511 4375 1581 4431 Et
1611 4376 1819 4433 fecistis
1845 4380 2001 4437 vobis

2121 4375 2220 4449 ὀχύ
2229 4393 2386 4449 ρωμα
2394 4376 2605 4447 τείχους
2620 4379 2687 4448 τῇ
2701 4376 2871 4431 πόλει.
2890 4376 3000 4431 Kal.
3014 4378 3364 4432 ὲπεσπάσατε
3380 4377 3515 4449 (27')
3528 4378 3710 4442 αὐτοῖς

415 4480 614 4537 aquam
646 4467 703 4521 in
734 4467 915 4522 medio
960 4482 1244 4522 murorum
1277 4467 1509 4523 duorum
1560 4468 1705 4524 intra
1738 4469 1999 4539 piscinam

2121 4467 2268 4541 ὕδωρ
2297 4468 2402 4522 sva
2437 4468 2600 4539 μέσον
2625 4467 2734 4522 τῶν
2749 4468 2842 4523 δύο
2855 4469 3078 4541 τειχέων
3094 4467 3365 4543 ἐσώτερον
3389 4471 3489 4542 τῆς
3517 4471 3705 4543 κολυμρ

411 4568 682 4615 veterem.
711 4576 731 4609 ι
767 4557 823 4612 ld
854 4566 1035 4614 autem
1083 4559 1204 4614 illos
1252 4560 1519 4631 hodieque
1567 4571 1890 4633 peragentes
1921 4565 2002 4619 vi-

2119 4559 2330 4633 ϐήθρας
2356 4562 2455 4632 τῆς
2470 4560 2722 4631 ἀρχαίας.
2756 4580 2776 4612 ι
2818 4560 2979 4627 Ἴδοις
3014 4561 3058 4615 δ’
3092 4561 3159 4616 ἂν
3193 4563 3391 4627 αὐτοὺς
3417 4564 3584 4618 είσὲτι
3615 4564 3707 4619 καὶ

413 4652 567 4714 deas,
620 4649 770 4719 quia,
797 4651 1088 4720 assumptis
1145 4650 1441 4722 Scriptura:
1488 4654 1693 4722 verbis,
1732 4656 1799 4711 iis
1856 4671 2000 4712 com-

412 4751 597 4797 menta
639 4754 737 4795 sua
776 4755 875 4795 ceu
923 4741 1095 4796 muris
1128 4743 1398 4809 muniunt,
1433 4744 1661 4816 ipsaque
1709 4745 1868 4815 quasi
1909 4759 2000 4799 se-

410 4850 558 4906 pem,
603 4834 916 4904 praesidium
957 4841 1015 4888 et
1065 4834 1266 4889 nitentia
1316 4836 1515 4892 fabulis
1549 4837 1665 4892 suis
1698 4838 2005 4908 circumpo-

412 4938 575 4984 nunt.
615 4928 1080 4997 Quemadmodum
1109 4930 1253 4985 enim
1291 4930 1640 5001 peregrinum
1687 4930 1792 4986 sibi
1820 4929 2001 4986 locum

414 5022 816 5094 excogitarunt,
848 5038 913 5079 ac
942 5038 1156 5077 murum
1199 5022 1301 5078 sibi
1332 5023 1760 5093 circumquaque
1784 5031 2002 5077 struxe-

412 5125 569 5183 runt,
597 5115 908 5173 divinarum
936 5114 1345 5186 Scripturarum
1394 5114 1575 5171 verbis
1603 5131 1702 5170 ceu
1733 5115 2004 5186 lapidibus

410 5211 496 5266 nsi
522 5254 536 5280 ,
572 5211 649 5267 ita
683 5219 740 5268 et
775 5226 972 5287 aquam
1007 5210 1208 5266 veteris
1247 5209 1302 5264 in
1352 5210 1485 5264 urbe
1525 5209 1751 5278 piscina:
1791 5219 2006 5265 averte-

384 5315 565 5372 runt,
595 5314 652 5363 et
682 5320 880 5363 novam
906 5305 1012 5363 sibi
1051 5319 1249 5374 aquam
1299 5303 1441 5356 inter
1466 5301 1601 5358 duos
1629 5318 1815 5359 muros
1842 5318 2006 5360 exco-

374 5382 387 5431 -'
410 5400 687 5477 gitarunt,
726 5399 983 5454 nimirum
1056 5398 1200 5453 inter
1238 5394 1405 5451 Vetus
1451 5404 1507 5449 et
1538 5392 1749 5451 Novum
1805 5396 1999 5453 Testa-

376 5488 656 5546 ‘mentum
685 5508 700 5544 :
728 5494 841 5549 haec
868 5495 1069 5564 quippe
1114 5491 1257 5547 muri
1295 5491 1402 5547 duo
1428 5501 1554 5546 sunt
1598 5491 1835 5547 civitatis
1886 5490 2003 5558 Dei,

411 5583 626 5644 Scilicet
650 5587 774 5641 vita:
817 5587 1049 5643 instituti
1084 5587 1385 5643 secundum
1435 5585 1606 5642 Deum
1638 5601 1651 5637 :
1680 5585 1734 5639 in
1767 5597 2004 5655 quorum

409 5678 593 5737 medio
632 5679 697 5747 ii,
730 5682 825 5752 qui
877 5682 1221 5750 incusantor,
1265 5680 1499 5739 alienam
1551 5686 1605 5735 ct
1649 5675 1993 5749 peregrinam

486 5770 509 5795 '
535 5771 729 5829 Matth.
764 5788 851 5838 xv,
880 5773 913 5828 6

484 5868 620 5944 (ΞΤ)
665 5869 1013 5945 Ἐποιήσατε.

2116 4649 2215 4706 νῦν
2242 4650 2402 4705 τοῦτο
2436 4652 2796 4724 πράττοντας,
2827 4653 3069 4714 ἐπειδὰν,
3102 4654 3173 4708 τά
3207 4657 3426 4727 ῥήματα
3449 4654 3708 4727 τῆςθείας

2114 4741 2343 4816 Γραφῆς
2376 4742 2879 4813 ἀπολαμϐάνοντες,
2915 4744 3015 4808 τὰς
3063 4744 3270 4810 οἰκείας
3301 4747 3708 4818 περιτειχίζωσι

2118 4832 2465 4905 μυθολογίας,
2500 4831 2689 4903 ὥσπερ
2720 4831 2843 4885 τινὰ
2873 4833 3125 4904 φραγμὸν
3158 4834 3252 4887 καὶ
3278 4834 3578 4903 ἀσφάλειαν
3612 4834 3707 4888 καὶ

2112 4928 2291 4997 τεῖχος
2313 4926 2428 4989 τοῖς
2457 4923 2608 4988 ἰδίοις
2635 4924 3055 4998 περιϐάλλοντες
3090 4924 3301 4998 μύθοις.
3341 4927 3552 4997 Ὥσπερ
3594 4926 3705 4997 γὰρ

2114 5019 2265 5088 ξένον
2290 5019 2455 5077 τόπον
2483 5020 2696 5083 ἑαυτοῖς
2751 5019 3073 5089 ἐπενόησαν,
3099 5020 3196 5073 καὶ
3229 5021 3405 5090 τεῖχος
3432 5018 3562 5073 ῖδιον
3602 5036 3705 5074 πει.

2115 5111 2383 5184 ριὲϐαλον,
2417 5112 2583 5176 λίθοις
2611 5112 2946 5185 χρησάμενοι
2980 5116 3103 5179 ταῖς
3134 5114 3244 5168 τῶν
3276 5116 3437 5169 θείων
3463 5113 3702 5185 Γραφῶν

2111 5201 2308 5268 λέξεσι·
2343 5202 2513 5269 οὓτως
2543 5199 2635 5258 οὖν
2678 5203 3029 5279 ἀπέστρεψαν
3062 5204 3125 5257 τὸ
3157 5204 3303 5277 ὕδωρ
3327 5205 3428 5276 τῆς
3462 5204 3699 5275 παλαιᾶς

2110 5293 2496 5367 κολυμϐήθρας
2517 5295 2579 5349 τὸ
2604 5297 2663 5349 ὲν
2685 5298 2751 5369 τῇ
2786 5297 2963 5362 πόλει,
2999 5296 3092 5349 καὶ
3137 5298 3436 5368 ἐπενόησαν
3481 5299 3698 5364 ἑαυτοῖς

2111 5388 2258 5452 ξένον
2291 5387 2434 5459 ὕδωρ
2498 5388 2698 5459 μεταξὺ
2731 5389 2839 5443 τῶν
2892 5389 2987 5443 δύο
3040 5389 3288 5460 τειχέων,
3322 5388 3466 5459 λέγω
3498 5390 3562 5463 δὴ
3594 5391 3697 5461 τῆς

2107 5479 2351 5544 Halani;
2374 5480 2468 5535 καὶ
2499 5483 2708 5553 Καινῆς
2733 5481 3027 5553 Διαθήκης·
3046 5481 3139 5536 δύο
3171 5481 3280 5555 γὰρ
3311 5483 3380 5537 τὰ
3412 5483 3565 5556 τείχη
3590 5483 3695 5553 τῆς

2105 5569 2201 5626 τοῦ
2228 5571 2363 5626 Θεοῦ
2417 5572 2646 5637 πόλεως,
2680 5572 2881 5644 δηλαδὴ
2938 5575 3035 5645 τῆς
3069 5574 3208 5628 κατὰ
3240 5575 3374 5630 Θεὸν
3419 5575 3694 5640 πολιτείας

2105 5663 2379 5739 τυγχάνει·
2409 5658 2483 5720 ὧν
2518 5665 2680 5739 μέσον
2713 5665 2989 5739 ἀλλότριον
3014 5669 3106 5723 καὶ
3134 5667 3285 5736 ξένον
3306 5668 3449 5740 ὕδωρ
3479 5669 3693 5734 ἑαυτοῖς
