4118 6388
345 379 454 436 249

1317 379 1826 438 COMMENTARIA
1862 381 1944 438 ΙΝ-
1970 383 2229 440 lSAlAM.
2267 415 2334 425 —
2367 375 2733 438 CAP.IXXIL

3517 377 3626 434 350

345 501 400 556 οί
424 500 891 574 κατηγορούμενος
940 499 1264 573 ἐπενόησαν,
1287 499 1386 564 τάς
1417 500 1528 554 τῶν
1560 501 1947 569 πρεσϐυτέρων

2052 518 2247 573 aquam
2280 501 2383 558 sibi
2415 500 2826 571 excogitarunt,
2857 497 3114 553 videlicet
3143 494 3423 552 seniorum
3459 497 3630 550 tradi-

351 595 701 667 παραδόσεις,
732 596 817 664 ἐφ’
850 590 939 658 αἷς
959 595 1054 648 καὶ
1091 593 1234 666 μέγα
1277 594 1567 666 φρονοῦσιν
1593 596 1642 648 οἱ
1683 597 1813 668 παρ’
1845 597 1945 649 αὑ-

350 690 464 750 τοῖς
501 685 822 757 καλούμενοι
871 685 1222 757 δευτερωταί.
1280 704 1300 737 ι
1338 686 1448 739 Καὶ⁵
1487 687 1587 739 οὐκ
1621 686 1944 757 ὲνεϐλέψατε

351 780 433 842 είς
449 779 539 832 τὸν
567 778 660 831 ἀπ’
691 778 864 849 ἀρχῆς
889 778 1193 849 ποιήσαντα
1218 779 1408 848 αὐτὴν,
1449 781 1541 832 καὶ
1570 779 1662 832 τὸν
1684 780 1946 834 κτίσαντα

351 869 519 939 αὐτὴν
551 870 652 923 οὐκ
687 868 877 924 εἴδετε.
921 888 940 920 ι
984 869 1144 938 Λέγω
1181 870 1247 940 δὴ
1278 868 1379 941 τὴν
1409 870 1648 924 παλαιὰν
1680 869 1945 923 τῶν’θεο-

353 958 631 1022 πνεύστων
665 960 702 1011 Γ
709 959 894 1030 ραφῶν
924 958 1334 1031 κολυμϐήθραν,
1367 959 1463 1030 τήν
1497 960 1604 1013 ἀπὸ
1632 960 1824 1029 πηγῶν
1849 958 1944 1012 τοῦ

353 1049 497 1104 θείου
531 1050 850 1122 Πνεύματος
875 1052 1269 1123 προχεομένην.

429 1161 446 1191 ι
485 1141 596 1195 Καὶ
627 1141 855 1195 ἐκάλεσε
883 1141 1088 1213 Κύριος
1112 1141 1341 1196 Σαϐαὼθ
1376 1143 1434 1195 ἐν
1455 1144 1520 1214 τῇ
1556 1141 1740 1213 ἡμέρα
1760 1141 1946 1214 ἐκείνῃ

353 1231 632 1304 κλαυθμὸν
666 1234 762 1287 καὶ
799 1233 1026 1286 κοπετὸν
1061 1233 1154 1286 καὶ
1205 1232 1454 1304 ξύρησιν,
1491 1233 1586 1287 καὶ
1615 1230 1782 1295 ζῶσιν
1808 1233 1945 1286 σάκ-

351 1342 483 1378 κων·
517 1325 672 1379 αὐτοὶ⁸
690 1326 747 1381 δὲ
763 1327 1086 1398 ἐποιήσαντο
1120 1325 1462 1397 εὐφροσύνην
1491 1326 1587 1379 καὶ
1606 1324 1944 1396 ἀγαλλίαμα,

353 1415 650 1484 σφάζοντες
676 1417 910 1487 μόσχους
937 1418 1031 1470 καὶ
1051 1417 1274 1482 θύοντες
1301 1418 1570 1489 πρόϐατα,
1587 1417 1728 1470 ὥστε
1752 1420 1950 1486 φαγεῖν

353 1505 582 1578 κρέατα,
611 1507 706 1560 καὶ
730 1509 874 1560 πιεῖν
899 1503 1062 1570 οἶνον,
1095 1508 1367 1576 λέγοντες,
1399 1507 1667 1578 Φάγωμεν
1690 1507 1784 1560 καὶ
1807 1507 1946 1559 πίω-

357 1616 478 1669 μεν⁵
510 1598 698 1670 αὔριον
738 1599 848 1671 γὰρ
897 1599 1337 1672 ἀποθνήσκομεν.
1378 1617 1397 1650 ι
1441 1599 1498 1652 Ὁ
1545 1599 1643 1670 μὲν
1689 1594 1783 1652 οὖν
1817 1598 1950 1663 Θεὸς

356 1690 568 1761 μεγάλα
599 1692 927 1762 τολμήσασι,
971 1691 1046 1763 μὴ
1079 1691 1401 1763 βουλόμενος
1437 1690 1666 1744 θάνατον
1689 1691 1948 1761 ἁμαρτω-

351 1779 446 1835 λοῦ
473 1781 549 1845 ὡς
572 1782 671 1853 τὴν
697 1782 988 1853 μετάνοιαν
1022 1781 1210 1845 αὐτοῦ,
1245 1781 1464 1854 θρηνεῖν
1480 1782 1679 1844 αὐτοὺς
1705 1782 1799 1836 καὶ
1822 1780 1954 1835 ἀπο-

2049 597 2243 660 tiones,
2275 594 2329 648 in
2387 593 2585 663 quibus
2615 589 2783 645 altum
2838 595 3060 658 sapiunt
3092 589 3148 654 ii,
3178 587 3271 659 qui
3313 587 3454 657 apud
3507 587 3630 643 illos

2049 687 2358 742 Deuterotm
2395 684 2756 754 appellantur.
2790 703 2806 734 ι
2829 682 2896 737 Ει
2929 698 3035 736 non
3071 680 3387 752 respexistis
3421 681 3472 734 in
3503 693 3627 734 eum

2048 781 2138 848 qui
2167 780 2235 833 ab
2266 777 2420 832 initio
2465 776 2593 831 fecit
2630 775 2802 839 illam,
2824 783 2880 827 et
2905 774 3241 828 conditorem
3266 771 3385 839 ejus
3410 787 3517 826 non
3548 771 3630 825 vi-

2048 873 2224 927 distis.
2258 889 2276 923 ι
2311 870 2388 925 De
2423 870 2590 924 veteri
2622 868 2925 922 divinarum
2963 866 3371 936 Scripturarum
3416 863 3628 934 piscina

2050 963 2267 1035 loquor,
2297 977 2417 1034 qua:
2445 976 2474 1015 a
2498 960 2738 1016 fontibus
2768 958 2936 1014 divini
2966 957 3203 1029 Spiritus
3241 966 3482 1012 emanat.

2119 1141 2286 1195 Vens.
2322 1139 2409 1203 12,
2443 1138 2531 1193 15.
2567 1156 2585 1188 ι
2611 1137 2676 1191 Et
2731 1135 2950 1190 vocavit
2997 1135 3256 1190 Dominus
3300 1135 3538 1190 Sabaoth
3571 1134 3628 1189 in

2049 1233 2137 1287 die
2165 1232 2253 1286 illa
2295 1231 2504 1307 fletum,
2536 1239 2591 1285 et
2638 1230 2941 1298 planctum,
2964 1238 3017 1282 et
3049 1228 3398 1284 abrasionem
3430 1237 3486 1282 et
3514 1227 3628 1282 cin-

2050 1333 2265 1385 cturam
2299 1336 2586 1376 saccorum
2615 1339 2629 1377 :
2657 1320 2733 1375 illi
2763 1330 2944 1373 autem
2979 1319 3144 1374 ltetati
3183 1328 3239 1373 et
3271 1319 3445 1390 gavisi
3479 1326 3627 1384 sunt,

2046 1416 2359 1486 jugulantes
2406 1413 2610 1468 vitulos
2657 1422 2712 1467 et
2765 1419 3068 1466 mactantes
3121 1425 3273 1477 oves,
3303 1420 3361 1466 ut
3406 1413 3636 1466 ederent

2050 1524 2264 1572 carnes,
2297 1517 2353 1562 et
2377 1507 2629 1561 biberent
2660 1505 2866 1570 vinum,
2900 1504 3161 1568 dicentes,
3201 1503 3551 1558 comedamus
3574 1510 3632 1556 et;

2050 1603 2326 1666 bibamus,
2359 1615 2484 1654 cras
2525 1599 2671 1653 enim
2727 1598 3045 1651 moriemur.
3071 1615 3088 1647 ι
3143 1595 3286 1650 Deus
3319 1595 3502 1667 igitur,
3537 1595 3630 1664 qui

2051 1709 2158 1749 non
2195 1691 2310 1746 vult
2361 1701 2591 1746 mortem
2642 1689 2965 1760 peccatoris,
2995 1688 3089 1742 sed
3138 1686 3309 1757 magis
3361 1687 3632 1755 pmniteu-

2054 1787 2210 1851 tiam,
2243 1785 2390 1855 ipsos
2446 1798 2640 1852 magna
2707 1781 2948 1836 facinora
2995 1793 3300 1849 aggressos,
3353 1778 3540 1848 lugere
3577 1787 3634 1831 et

351 1871 634 1928 κλαίεσθαι
675 1872 774 1944 τὴν
821 1872 1030 1926 ἑαυτῶν
1062 1871 1339 1926 ἀπώλειαν
1394 1870 1856 1943 παρεκελεύσατο·
1898 1872 1947 1923 οἱ

2052 1878 2349 1948 perniciem
2397 1875 2528 1931 flere
2557 1889 2712 1928 suam
2739 1871 2924 1940 jubet;
2966 1871 3042 1925 illi
3078 1886 3208 1925 vero
3238 1869 3291 1922 in
3321 1865 3632 1936 huiusmodi

350 1963 407 2018 δὲ
437 1964 494 2018 ὲν
517 1964 778 2029 τοιούτοις
825 1967 1014 2028 κακοῖς
1053 1963 1454 2036 ἐξεταζόμενοι,
1477 1964 1554 2028 ὡς
1589 1965 1656 2018 ἂν
1701 1964 1949 2031 ἀπεγνω-

351 2054 508 2118 κότες
543 2056 750 2110 ἑαυτῶν
775 2057 1070 2128 σωτηρίαν,
1094 2057 1176 2119 είς
1196 2055 1453 2110 ἀπόνοιαν
1473 2054 1788 2120 ἐξώκειλαν,
1808 2054 1950 2129 μέθῃ

354 2147 450 2202 καὶ
481 2149 660 2218 τρυφῇ
696 2148 922 2212 ἑαυτοὺς
950 2149 1219 2214 ἐκδόντες,
1257 2149 1335 2212 ὡς
1354 2148 1417 2202 οὐ
1440 2147 1830 2219 διαδεξομένης
1852 2149 1952 2202 αὑ-

353 2238 478 2300 τοὺς
530 2237 666 2291 Θεοῦ
715 2238 950 2310 κρίσεως
986 2239 1126 2310 μετά
1175 2239 1277 2312 τὴν
1318 2237 1414 2292 τοῦ
1448 2239 1645 2312 θνητοῦ
1701 2239 1818 2310 βίου
1869 2255 1956 2292 τε-

355 2327 570 2398 λευτήν.

437 2437 455 2470 ι
491 2418 600 2472 Καὶ
630 2419 1129 2492 ἁνακεκαλυμμένα
1150 2420 1328 2474 ταῦτά
1360 2424 1466 2475 είσι
1501 2423 1558 2474 έν
1577 2423 1690 2486 τοῖς
1705 2421 1809 2474 ὠσὶ⁵
1836 2423 1954 2474 Κυ-

359 2509 477 2580 ρίου
503 2510 752 2565 Σαϐαὼθ.
795 2531 814 2563 ›
852 2501 945 2565 Διὸ
975 2513 1166 2586 ὥσπερ
1196 2513 1383 2585 δεσμῷ
1411 2513 1548 2566 Θεοῦ
1579 2512 1952 2568 καταδεθεῖσιν

355 2599 540 2663 αὐτοῖς
569 2603 634 2671 τῇ
671 2601 913 2674 ἁμαρτίᾳ
934 2601 1209 2673 ἀπόφασις
1231 2603 1576 2674 ἐξενήνεκται
1608 2606 1727 2656 κατ’
1748 2603 1950 2670 αὐτῶν,

356 2693 594 2761 φήσασα·
636 2708 654 2742 ι
679 2693 794 2746 Οὐκ
825 2693 1159 2766 ἀφεθήσεται
1185 2697 1219 2766 ή
1246 2695 1471 2768 τοιαύτη
1508 2695 1750 2768 ἁμαρτία
1775 2697 1952 2769 ὑμῶν,

356 2782 464 2846 ἕως
494 2782 824 2856 ἀποθάνητε.
873 2805 894 2838 ι

433 2893 454 2926 ι
489 2874 628 2928 Τάδε
660 2875 808 2944 λέγει
835 2877 1041 2951 Κύριος
1079 2878 1332 2933 Σαϐαὼθ·
1368 2878 1611 2952 Πορεύου
1636 2881 1718 2944 είς
1750 2898 1951 2936 παστοο

357 2967 546 3041 φόριον
579 2971 715 3042 πρὸς
747 2971 959 3042 Σομνὰν
993 2972 1085 3025 τὸν
1107 2972 1333 3044 ταμίαν,
1371 2974 1465 3027 καὶ
1491 2969 1644 3028 εἷπον
1669 2974 1837 3045 αὐτῷ·
1889 2975 1954 3027 Τί

360 3077 445 3114 σοι
479 3055 614 3126 ὦδε;
639 3063 746 3115 Καὶ
760 3063 813 3115 τί
839 3065 922 3117 σοί
941 3065 1094 3116 ἐστιν
1121 3057 1246 3128 ὧδε,
1265 3065 1348 3118 ὃτι
1375 3064 1718 3138 ὲλατόμησας
1743 3065 1954 3138 σεαυτῷ

359 3148 465 3208 ὦδε
502 3157 800 3225 μνημεῖον;
850 3158 946 3209 καὶ
968 3157 1232 3228 ἐποίησας
1267 3157 1481 3228 σεαυτῷ
1507 3159 1566 3211 ὲν
1591 3157 1779 3228 ὑψηλῷ
1817 3175 1954 3229 μνη-

364 3248 538 3316 μεῖον,
566 3247 662 3299 καὶ
696 3247 941 3318 ἔγραψας
980 3249 1195 3319 σεαυτῷ
1225 3252 1284 3303 ὲν
1323 3251 1504 3322 πέτρᾳ
1537 3252 1778 3322 σκηνήνς
1821 3251 1952 3305 Ἰδοὺ

359 3336 428 3408 δὴ
456 3337 661 3407 Κύριος
695 3339 924 3393 Σαϐαὼθ
977 3340 1198 3394 ἐκϐαλεῖ
1230 3343 1324 3396 καὶ
1354 3343 1601 3414 ὲκτρίψει
1632 3344 1821 3415 ἄνδρα,
1857 3345 1953 3398 καὶ

363 3428 553 3497 ἀφελεῖ
582 3429 682 3501 τήν
711 3432 903 3502 στολήν
923 3451 1041 3496 σου,
1071 3435 1166 3488 καὶ
1194 3435 1289 3489 τὸν
1326 3437 1589 3506 στέφανόν
1622 3455 1718 3491 σου
1750 3438 1840 3490 τὸν
1865 3437 1954 3492 ἔν-

359 3520 529 3588 δοξον,
565 3523 660 3576 καὶ
691 3523 836 3595 ῥίψει
889 3543 947 3579 σε
968 3528 1050 3590 είς
1081 3525 1267 3600 χώραν
1311 3529 1554 3601 μεγάλην
1583 3532 1676 3583 καὶ
1710 3530 1956 3603 ἀμέτρη-

358 3631 469 3678 τον,
522 3616 616 3669 καὶ
662 3619 781 3670 ἐκεῖ
837 3618 1106 3692 ἀποθανῇο
1144 3622 1237 3674 καὶ
1291 3620 1448 3694 θήσει
1477 3623 1538 3676 τὸ
1571 3623 1726 3694 ἆρμα
1759 3639 1852 3675 σου
1891 3623 1954 3675 τὸ

361 3706 524 3760 καλὸν
557 3711 636 3772 είς
669 3710 912 3781 ἀτιμίαν,
964 3715 1060 3766 καὶ
1093 3715 1185 3767 τὸν
1222 3710 1372 3768 οἷκον
1416 3713 1513 3767 τοῦ
1570 3714 1828 3786 ἄρχοντός
1857 3731 1952 3766 σου

359 3800 440 3862 είς
473 3802 862 3873 καταπάτημα·
900 3805 995 3858 καὶ
1026 3806 1376 3878 ἀφαιρεθήσῃ
1409 3808 1473 3859 ὲκ
1505 3808 1604 3877 τῆς
1638 3804 1954 3876 οἰκονομίας

361 3908 455 3956 σου
489 3893 582 3946 καὶ
633 3895 698 3947 ἐκ
743 3897 843 3966 τῆς
894 3895 1139 3960 στάσεώς
1187 3914 1305 3952 σου.
1367 3916 1386 3948 ι
1443 3898 1640 3966 Ἔλεγε
1695 3898 1872 3950 τοίνυν
1923 3901 1954 3952 ὁ

369 3985 620 4056 Ἑϐραῖος
641 3987 903 4059 ἀρχιερέα
925 3988 1252 4058 γεγενῆσθαι
1290 3989 1383 4043 τὸν
1423 3990 1638 4060 Σομνὰν
1666 3994 1952 4063 τρυφητήν

357 4095 503 4140 τινα,
527 4078 620 4130 καί
650 4078 741 4130 τὸν
781 4077 892 4147 βίον
925 4077 1162 4148 ἄσεμνον
1193 4079 1382 4150 ἄνδραο
1419 4081 1496 4144 ὼς
1528 4083 1620 4135 καὶ
1663 4081 1952 4154 προδοῦναι

357 4168 450 4224 τὸν
471 4168 597 4221 λαὸν
615 4167 727 4239 (‘28)
745 4170 836 4222 καὶ
853 4169 1221 4242 αὐτομολῆσαι
1235 4173 1374 4244 πρὸς
1391 4173 1595 4246 Σεναχη
1605 4175 1829 4246 ρεὶμτὸν
1843 4174 1952 4228 τῶν

373 4259 672 4314 ’Δσσηοίων
720 4259 963 4330 βασιλέα,
1019 4262 1158 4333 πρὸς
1206 4262 1264 4317 ὂν
1317 4263 1598 4319 ἐκελεύετο
1651 4265 1885 4336 βαδίζειν
1923 4269 1952 4320 ὁ

360 4352 648 4426 προφήτης
679 4355 760 4418 είς
796 4353 859 4407 τὸ
881 4355 1318 4428 παστοφόριονῆ
1345 4358 1486 4411 κατὰ
1511 4359 1603 4411 τὸν
1631 4360 1949 4431 Σύμμαχον,

365 4464 385 4497 ι
412 4445 502 4498 τὸν
527 4445 976 4516 σκηνοποιοῦντα,
1023 4467 1042 4498 ι
1090 4447 1294 4517 ἥκατά
1321 4450 1414 4502 τὸν
1460 4450 1711 4515 Ἀκύλαν,
1753 4471 1771 4504 ι
1813 4451 1951 4524 πρὸς

357 4535 451 4590 τόν
481 4535 803 4607 σκηνοῦντα·
836 4557 854 4588 ι
903 4536 1047 4591 οὕτω
1073 4536 1183 4610 γὰρ
1206 4539 1556 4611 ὴρμήνευσαν
1588 4541 1724 4596 Θεοῦ
1755 4543 1818 4596 τὸ
1842 4561 1950 4596 πα-

361 4629 665 4699 στοφόριον·
701 4631 878 4682 εἰπεῖν
904 4647 964 4682 τε
998 4629 1166 4700 αὐτῷ·
1190 4633 1405 4702 Μάτην,
1425 4629 1470 4686 ὧ
1492 4629 1667 4699 οὗτος,
1696 4636 1788 4689 καὶ
1821 4653 1957 4708 προ-

359 4721 542 4784 πετῶς
575 4721 761 4775 ἐνθάδε
787 4721 969 4792 σαυτῷ
1001 4723 1134 4794 πρὸς
1157 4727 1221 4796 τῇ
1254 4725 1431 4797 πέτρᾳ
1463 4729 1528 4798 τῇ
1565 4727 1742 4800 ὑψηλῇ
1772 4730 1955 4784 ἐλατό-

365 4831 544 4884 μησας
578 4817 861 4886 μνημεῖον,
901 4813 1177 4879 κοιλαίνας
1224 4817 1282 4868 ἐν
1326 4817 1476 4888 αὐτῷ
1519 4819 1812 4890 γράμμασι
1855 4821 1956 4892 τῆς

365 4905 561 4959 σαυτοῦ
596 4906 822 4977 γνώμης
872 4905 1136 4976 σύμϐολα*
1174 4907 1272 4960 οὐκ
1324 4908 1498 4972 εἰδὼς,
1544 4910 1624 4963 ὄτι
1651 4912 1777 4982 ὅρος
1812 4913 1954 4966 κατά

365 4998 460 5050 σοῦ
493 4999 838 5070 ἐξενήνεκται
881 4998 1034 5070 παρὰ
1073 5000 1278 5070 Κυρίου
1337 5001 1585 5066 Σαϐαὼθ,
1643 5005 1671 5056 ό
1713 5002 1949 5057 κελεύων

362 5089 754 5162 καθαιρεθέντα
776 5107 836 5144 σε
853 5092 953 5163 τῆς
979 5092 1165 5162 τιμῆς,
1195 5086 1263 5162 ἧς
1290 5093 1383 5144 ἐπὶ
1403 5092 1496 5145 τοῦ
1525 5095 1791 5166 παρόντος
1823 5114 1952 5167 μετ-

363 5183 530 5249 εῖχες,
563 5181 656 5234 καὶ
693 5181 1050 5252 γυμνωθέντα
1084 5183 1184 5253 τῆς
1208 5184 1601 5256 περικειμένης
1624 5203 1706 5238 σοι
1733 5187 1946 5257 στολῆς,

361 5272 457 5323 τοῦ
489 5287 548 5327 τε
605 5274 871 5342 στεφάνου
916 5274 1010 5327 καὶ
1061 5276 1160 5346 τῆς
1188 5274 1356 5346 ἄλλης
1397 5277 1572 5346 δόξης,
1607 5279 1947 5349 πορρωτάτω

357 5365 458 5449 τῇς
509 5362 742 5416 ἐνταῦθα
770 5365 894 5434 γῆς,
939 5367 1028 5418 ἐπὶ
1061 5365 1219 5436 ξένης
1263 5367 1408 5430 τινὸς
1453 5369 1548 5420 καὶ
1593 5369 1810 5440 μακρὰν
1845 5370 1954 5422 ἀπ-

357 5453 675 5526 ῳκισμένης
700 5453 884 5525 χώρας
915 5457 1225 5513 ἀποθανεῖν.
1258 5459 1537 5530 Περιττῶς
1571 5461 1678 5529 ἄρα
1709 5461 1958 5528 ἐφιλοκά-

357 5547 474 5608 λεις
507 5547 600 5600 τὸν
638 5547 806 5601 πολὺν
845 5549 1052 5603 ἐκεῖνον
1085 5552 1333 5620 συνάγων
1363 5551 1614 5618 πλοῦτον,
1638 5552 1707 5606 τὰ
1731 5551 1952 5625 ἅρματα

358 5641 454 5693 καὶ
482 5638 574 5694 τὸν
602 5639 788 5694 λοιπὸν
809 5639 997 5711 τῦφον,
1027 5642 1087 5697 ὃν
1105 5643 1274 5697 εἰσέτι
1295 5645 1389 5698 καί
1414 5645 1510 5699 νῦν
1538 5645 1950 5718 περιϐέϐλησαι.

436 5757 551 5828 (‘38)
575 5759 685 5813 .Sic
737 5757 1120 5830 Hieronymus,
1157 5781 1176 5812 ι
1214 5762 1388 5831 Supra
1439 5765 1675 5817 diximus
1708 5761 1944 5818 Subitam.

363 5826 540 5888 fuisch
574 5831 911 5901 pontificem,
939 5826 1030 5902 qui
1080 5826 1321 5905 Assyriis
1366 5835 1606 5906 prodidit
1640 5835 1941 5891 civitatein.

2051 1971 2211 2027 malis
2237 1977 2544 2033 versantes,
2570 1966 2726 2036 quasi
2759 1967 2825 2020 de
2849 1966 3023 2019 salute
3047 1964 3403 2032 desperantes
3428 1977 3550 2026 sua,
3579 1961 3632 2015 in

2051 2061 2318 2117 insaniam
2370 2068 2722 2130 proruerunt,
2782 2055 3033 2112 ebrietati
3084 2065 3140 2110 et
3189 2053 3451 2123 voluptati
3513 2068 3634 2106 sese

2051 2153 2342 2216 delentes;
2371 2150 2523 2220 quasi
2559 2163 2752 2219 nempe
2784 2157 2904 2218 post
2931 2149 3136 2202 exitum
3167 2162 3233 2200 ex
3261 2147 3362 2200 hac
3399 2144 3508 2198 vita
3539 2143 3634 2199 Dei

2047 2243 2310 2313 judicium
2352 2242 2665 2311 neutiquam
2699 2240 2818 2295 illos
2846 2249 3194 2309 excepturum
3227 2245 3393 2293 esset.

2128 2423 2288 2479 Vens.
2325 2423 2412 2477 M.
2447 2441 2465 2474 ι
2492 2423 2558 2477 Et
2610 2423 2725 2477 haec
2757 2421 2995 2477 revelata
3032 2430 3158 2474 sunt
3191 2419 3244 2473 in
3277 2418 3500 2474 auribus
3529 2417 3636 2472 Do-

2054 2515 2186 2571 mini
2238 2514 2498 2570 Sabaoth.
2535 2532 2554 2566 )
2590 2513 2771 2580 Quare
2830 2512 2940 2567 illis
2992 2521 3216 2580 peccato
3276 2525 3374 2564 ceu
3419 2506 3636 2562 vinculo

2056 2608 2149 2662 Dei
2184 2608 2404 2670 vinctis,
2437 2607 2556 2662 hate
2582 2606 2857 2660 sententia
2901 2605 3178 2674 profertur
3209 2621 3221 2656 :
3259 2620 3277 2652 ι
3306 2601 3420 2655 Non
3451 2599 3636 2655 dimit-

2057 2706 2200 2753 tetur
2226 2697 2382 2752 vobis
2413 2696 2515 2752 boc
2541 2703 2848 2768 peccatum,
2875 2695 3050 2750 donec
3084 2692 3420 2748 muriainini.
3448 2709 3466 2743 ι
3541 2763 3543 2767 ι

3511 2791 3518 2836 i

2123 2878 2293 2935 Vens.
2325 2878 2505 2934 15-19.
2539 2898 2558 2931 ‹
2584 2877 2714 2933 Haec
2730 2878 2858 2933 dicit
2887 2877 3147 2933 Dominus
3177 2875 3413 2930 Sabaoth
3444 2895 3456 2929 :
3488 2843 3638 2930 inde

2055 2971 2109 3026 in
2160 2971 2572 3041 pastophoriqu
2623 2971 2690 3026 ad
2747 2971 3006 3025 Somnam
3064 2970 3410 3040 penuarium,
3446 2975 3501 3020 et
3547 2966 3638 3019 die

2054 3061 2105 3117 ei
2141 3078 2156 3116 :
2189 3061 2330 3130 Quid
2371 3061 2465 3115 tibi
2509 3062 2641 3116 hic?
2682 3061 2744 3115 Et
2778 3062 2908 3130 quid
2942 3061 3039 3115 tibi
3070 3071 3178 3124 est,
3213 3059 3355 3128 quod
3386 3054 3639 3112 excidisti

2057 3154 2155 3209 tibi
2207 3155 2296 3209 hic
2331 3157 2793 3208 monumentum?
2821 3164 2877 3208 et
2935 3153 3113 3207 fecisti
3170 3153 3265 3206 tibi
3317 3147 3638 3207 inexcelco

2058 3256 2495 3313 monumentum,
2528 3255 2583 3300 et
2609 3246 2880 3316 scripsisti
2928 3246 3025 3300 tibi
3058 3246 3110 3300 in
3143 3253 3294 3311 petra
3325 3243 3641 3298 tabernacu-

2055 3340 2206 3395 lum?
2242 3341 2382 3395 Ecce
2406 3350 2558 3395 certe
2590 3339 2851 3394 Dominus
2879 3337 3118 3393 Sabaoth
3142 3337 3324 3407 ejiciet
3347 3347 3397 3390 et
3440 3343 3640 3389 atteret

2054 3433 2256 3501 virum,
2288 3442 2343 3488 et
2371 3433 2583 3489 auferet
2612 3433 2869 3488 amictum
2901 3443 3070 3498 tuum,
3110 3441 3164 3485 et
3203 3438 3460 3486 coronam
3490 3440 3638 3484 tuam

2055 3528 2373 3599 gloriosam.
2408 3538 2460 3583 et
2491 3527 2744 3596 projiciet
2776 3537 2830 3581 te
2861 3527 2912 3580 in
2958 3527 3236 3597 regionem
3285 3538 3533 3595 magnam
3583 3529 3642 3576 et

2055 3617 2401 3679 immensam,
2433 3626 2488 3672 et
2517 3618 2589 3672 ibi
2634 3618 2920 3681 morieris;
2951 3627 3006 3670 et
3048 3627 3214 3685 ponet
3237 3631 3454 3670 currum
3485 3625 3639 3668 tuum

2053 3707 2341 3777 pulchrum
2373 3708 2424 3761 in
2445 3709 2704 3772 dedecus,
2724 3718 2779 3761 et
2794 3709 3010 3761 domum
3034 3707 3292 3776 principis
3317 3707 3392 3760 tui
3418 3707 3473 3760 in
3505 3721 3639 3760 con-

2055 3797 2416 3853 culcationem
2437 3815 2450 3851 :
2475 3808 2528 3854 et
2556 3814 2584 3852 a
2609 3799 3016 3868 dispensatione
3041 3807 3130 3852 tua
3159 3808 3214 3853 et
3233 3814 3262 3851 a
3290 3798 3520 3852 statione
3551 3809 3640 3852 tua

2054 3887 2348 3947 arceberis.
2381 3910 2400 3943 ι
2440 3891 2532 3947 Ait
2583 3891 2766 3960 itaque
2819 3890 3100 3956 Hebraeus,
3153 3890 3411 3946 Somnam
3473 3887 3642 3942 fuisse

2053 3994 2400 4066 pontificem,
2447 3985 2809 4054 voluptarium
2847 3991 2899 4038 et
2963 3983 3230 4038 indecorae
3289 3984 3412 4037 vita:
3465 3981 3640 4038 homi-

2054 4104 2210 4154 nem,
2252 4086 2323 4140 ita
2380 4093 2439 4137 ut
2486 4080 2649 4135 etiam
2685 4077 2941 4148 populum
2993 4077 3247 4147 proderet
3295 4087 3352 4132 et
3398 4075 3639 4131 transfu-

2054 4187 2207 4248 geret
2249 4178 2316 4230 ad
2355 4171 2708 4229 Senaeherim
2743 4170 3090 4241 Assyriorum
3127 4184 3328 4238 regem,
3365 4185 3523 4239 quem
3551 4167 3640 4236 ju-

2055 4270 2213 4325 betur
2251 4267 2511 4338 propheta
2555 4265 2609 4318 in
2652 4262 3005 4334 pasmpborio
3056 4264 3236 4336 adire;
3265 4263 3398 4329 sive,
3442 4278 3640 4316 Secun-

2053 4362 2180 4418 dmn
2209 4360 2620 4433 Symmachum,
2654 4376 2672 4408 ι
2703 4358 2767 4410 ad
2801 4355 3270 4411 tabernaculorum
3299 4355 3560 4410 artificem
3582 4373 3632 4422 ;»

2054 4472 2172 4522 seu,
2207 4453 2503 4510 secundum
2557 4450 2831 4520 Aquilam,
2893 4467 2912 4500 ι
2945 4450 3011 4502 ad
3067 4448 3410 4503 tabernacula
3473 4449 3642 4520 figen-

1981 4553 2243 4614 Dtem,»
2303 4546 2373 4600 ita
2444 4544 2588 4598 enim
2651 4541 3064 4611 pastopliorium
3132 4540 3222 4594 Dei
3298 4541 3638 4612 interpretati

2059 4651 2224 4696 sunt:
2259 4640 2467 4709 ipsique
2504 4636 2689 4690 dicere
2735 4635 3066 4705 praecipitur,
3116 4632 3262 4690 Heus
3307 4645 3384 4698 tu,
3436 4634 3638 4689 frustm

2057 4743 2110 4788 et
2148 4741 2352 4785 temere
2393 4730 2480 4783 hic
2516 4728 2610 4780 tibi
2647 4728 2701 4781 in
2738 4727 2842 4780 alta
2885 4737 3037 4796 petra
3087 4738 3492 4782 ntulimnentum
3541 4745 3640 4783 ex-

2055 4821 2270 4885 cidisti,
2319 4818 2601 4885 insculptis
2641 4817 2838 4872 litteris
2883 4818 3174 4873 voluntatis
3229 4829 3331 4872 tua:
3394 4819 3640 4889 symbola

2058 4919 2453 4981 repraesentans
2499 4927 2512 4962 :
2559 4909 2817 4976 ignorans
2861 4908 3135 4961 decretum
3176 4923 3204 4960 a
3265 4907 3489 4961 Domino
3537 4906 3639 4959 Sa-

2057 5005 2219 5058 baoth
2248 5012 2432 5057 contra
2467 5010 2520 5055 te
2545 5000 2784 5070 prodire,
2810 5013 2918 5068 quo
2947 5008 3000 5053 te
3029 4999 3200 5067 jubet,
3239 5000 3443 5053 honore
3475 5012 3634 5065 quem

2058 5110 2202 5148 nunc
2252 5093 2465 5146 obtines
2505 5091 2884 5154 deturbatum,
2931 5091 3163 5157 amictu,
3217 5107 3323 5161 quo
3370 5088 3632 5152 indueris,

2057 5199 2257 5238 corona
2283 5199 2345 5237 ac
2380 5184 2587 5252 reliquo
2612 5184 2807 5237 decere
2837 5193 3084 5247 exutum,
3113 5182 3302 5250 procul
3333 5184 3434 5236 bac
3467 5193 3634 5245 terra,

2059 5277 2112 5330 in
2147 5275 2432 5345 peregrina
2470 5286 2524 5329 et
2569 5275 2932 5329 remotissima
2989 5277 3207 5345 regione
3258 5272 3495 5343 defungi.
3531 5271 3638 5327 Su-

2059 5367 2264 5438 perflue
2296 5366 2458 5437 igitur
2487 5375 2665 5421 tantas
2691 5365 2818 5420 'iilas
2847 5365 3066 5419 divitias
3095 5365 3338 5418 studiose
3377 5363 3637 5432 colligere

2059 5461 2362 5528 satagebas,
2407 5474 2470 5514 ac
2526 5473 2718 5513 currus
2757 5458 3163 5526 superbumque
3195 5455 3358 5510 alium
3399 5469 3636 5524 appara-

2060 5560 2190 5614 tum,
2233 5566 2341 5618 quo
2385 5565 2529 5605 nunc
2558 5549 2820 5605 indueris.
2868 5547 2995 5603 Haec
3036 5547 3159 5603 item
3200 5546 3466 5617 quispiam
3501 5557 3637 5602 tem-

2059 5644 2176 5713 pori
2212 5643 2481 5714 passionis
2525 5641 2835 5699 Servatur-is
2874 5641 3047 5696 nostri
3080 5649 3440 5710 congruenter
3479 5649 3631 5710 apta-

2055 5761 2160 5816 Sed
2192 5761 2316 5829 quia
2349 5761 2453 5815 hoc
2481 5757 2788 5816 traditionis
2819 5766 2899 5815 est
2936 5755 3236 5820 llebraicm,
3266 5761 3319 5808 et
3349 5751 3633 5822 Scriptura

2055 5847 2160 5890 non
2198 5832 2454 5904 loquitur,
2481 5837 2585 5886 etc.
