2059 3225
239 196 287 224 251

582 195 717 223 EUSEBII
735 194 972 224 CASSAKIENSIS
989 193 1065 222 OI‘P.
1088 192 1176 221 PARS
1195 193 1240 220 III.
1260 207 1296 212 --
1315 189 1521 219 EXEGETICA.

1819 187 1874 214 25?.

239 257 320 289 Vel-it,
333 258 489 293 dixeritque
503 257 643 290 Somnam,
656 257 702 292 qui
717 266 732 284 a
747 257 901 284 sacerdotio
915 256 1027 288 excidit,

1086 254 1215 290 ’Δρμύσει
1227 254 1257 280 δέ
1278 262 1321 285 τις
1348 253 1383 279 τὰ
1396 251 1565 288 προκείμενα
1577 250 1616 281 εἰς
1640 248 1687 275 τὸν
1704 248 1799 283 καιρὸν
1824 247 1874 274 τοῦ

239 304 352 338 ligurum
378 311 439 332 esse
461 311 555 331 eorum
579 304 625 338 qui
648 302 796 330 secundum
822 302 922 337 Hoysis
942 302 1029 337 legem

239 349 420 376 sacerdotium
436 356 567 383 corporeo
586 356 660 375 more
681 348 794 375 obibant
812 348 882 381 apud
903 347 1027 379 Judmos;

238 402 308 428 quos
337 400 397 429 post
422 395 576 429 passionem
597 393 769 425 Salvatoris,
791 398 917 420 ceSSante
939 400 1030 420 sacer-

240 440 323 471 dotio,
337 447 368 467 ea
383 448 445 475 quae
462 440 488 467 in
507 439 650 474 prophetia
665 439 800 470 feruntur,
819 446 949 473 passuros
969 445 1030 465 esse

238 484 410 512 vaticinatur.
432 485 544 512 Eliacim
559 493 634 517 vero,
650 485 696 518 qui
718 484 851 519 signiﬁcat
866 484 914 511 Dei
942 492 1029 511 resur-

239 532 331 564 rectio,
347 532 499 566 symbolum
521 539 582 559 esse
607 532 669 558 uovi
695 530 851 562 sacerdotii,
866 530 937 565 quod
964 530 1027 557 Ser-

236 578 342 606 vatoris
357 578 445 605 nostri
458 578 622 605 resurrectio
638 577 664 603 in
681 577 740 611 ejus
750 576 869 604 Ecclesia
883 584 931 611 per
940 581 1027 604 totum

237 623 331 651 orbem
347 624 498 652 constituit.

275 716 465 744 Vens.20-2L
488 726 497 741 «
513 716 545 743 Ει
560 716 613 743 erit
636 716 662 743 in
685 716 728 743 die
750 715 813 747 illa,
839 715 942 742 vocabo
958 722 1027 749 pue-

238 772 298 791 rum
318 770 408 790 meum
426 763 539 790 Eliacim
555 761 672 789 Chelcia:
688 761 782 793 lilium,
801 765 830 788 et
843 761 952 788 induam
965 768 1027 787 eum

238 810 339 838 amictu
353 814 411 843 tuo,
426 814 453 836 et
465 816 593 836 coronam
608 813 680 835 tuam
698 808 768 835 dabo
786 807 822 840 ei,
839 812 866 834 et
881 807 1027 842 potentiam

238 860 267 883 et
290 855 518 890 dispensationem
545 859 619 880 tuam
643 853 713 881 dabo
739 854 764 880 in
791 860 886 880 manus
909 852 977 887 eius.
996 852 1029 878 Et

238 901 293 928 erit
310 906 438 935 tanquam
455 904 532 934 pater
548 899 735 926 habitantibus
753 897 915 929 Jerusalem,
930 902 957 924 et
981 897 1029 924 ha-

240 946 391 973 bitantibus
406 944 486 972 Juda.
503 945 537 971 Et
560 944 630 971 dabo
652 944 677 970 ei
701 943 806 970 clavem
824 943 920 970 domus
945 941 1028 968 David

241 992 268 1018 iu
284 992 395 1018 humero
411 990 488 1024 ejus:
503 995 530 1017 et
546 991 659 1024 aperiet,
675 996 762 1023 neque
775 989 828 1015 erit
842 990 887 1022 qui
903 987 1026 1018 claudat;

239 1042 267 1064 et
283 1037 400 1069 claudet,
415 1044 503 1071 neque
523 1036 574 1063 erit
588 1036 635 1070 qui
650 1035 765 1070 aperiat.
781 1035 813 1062 Et
829 1034 898 1061 dabo
916 1033 1027 1068 gloriam

240 1084 324 1110 David
338 1085 373 1115 ei,
389 1088 414 1110 et
432 1083 584 1117 imperabit.
601 1087 629 1110 et
648 1090 700 1108 non
717 1081 770 1108 erit
788 1080 833 1115 qui
850 1079 1026 1107 contradicat.

238 1129 272 1157 Et
286 1129 450 1156 consumam
467 1136 529 1155 eum
552 1128 701 1163 principem
719 1128 745 1154 iu
764 1126 823 1154 loco
840 1131 897 1153 tuto
911 1135 918 1152 :
935 1130 962 1153 et
976 1125 1028 1153 erit

239 1176 266 1203 iu
287 1175 413 1203 thronum
431 1175 522 1210 gloriae
539 1175 635 1201 domus
655 1174 741 1209 patris
757 1173 807 1200 sui.
829 1173 862 1199 Et
877 1173 928 1199 erit
945 1172 1029 1199 conli-

238 1221 305 1248 dens
321 1220 346 1246 in
366 1220 424 1254 ipso
440 1220 529 1247 oumis
545 1220 679 1255 gloriosus
703 1219 729 1246 in
748 1220 828 1245 deum
845 1218 930 1252 patris
945 1218 998 1248 sui,
1013 1225 1027 1243 a

236 1271 322 1299 parvo
337 1271 424 1298 usque
437 1264 470 1291 ad
486 1272 624 1299 magnum.
641 1263 729 1291 Omne
743 1270 792 1290 vas
810 1270 923 1297 parvum
937 1270 951 1289 a
966 1269 1029 1289 vase

239 1308 367 1342 aganotli.
391 1309 424 1336 Et
449 1315 530 1335 erunt
556 1308 667 1343 appensi
693 1308 719 1335 ei
748 1308 775 1335 in
797 1308 841 1335 die
863 1308 920 1335 illa.
937 1317 946 1333 I
967 1307 1029 1335 Tibi

237 1354 348 1387 quidem
373 1354 505 1390 [Summe]
532 1355 578 1381 illa
605 1354 728 1381 conl‘cret
749 1362 756 1381 :
776 1354 858 1380 alium
881 1361 945 1381 vero
963 1361 980 1380 a
1003 1358 1030 1381 te

238 1399 377 1427 diversum
402 1400 514 1427 Eliacim
532 1407 643 1435 puerum
657 1405 684 1427 et
706 1408 816 1427 servum
841 1407 935 1431 suum,
951 1399 985 1426 ab
1001 1406 1030 1426 se

238 1445 393 1480 probatum,
413 1447 512 1473 amictu
534 1446 627 1473 induet
642 1451 703 1479 tuo,
717 1451 746 1474 et
765 1453 867 1474 corona
884 1445 1028 1473 sacerdotii

237 1492 393 1524 esomabit,
416 1492 558 1525 tradetque
581 1491 630 1525 ipsi
649 1498 720 1521 eam.
736 1498 798 1525 quae
818 1491 865 1518 tibi
883 1490 939 1523 jam
962 1497 1030 1517 ccu-

1081 300 1184 331 πάθους
1199 300 1246 326 τοῦ
1258 299 1383 334 Σωτῆρος
1399 297 1488 333 ἡμῶν
1506 296 1552 322 τὸν
1568 296 1617 331 μὲν
1632 295 1799 321 ἐκπίπτοντα
1823 294 1874 330 τῆς

1080 346 1231 382 ἱερωσύνης
1249 345 1356 381 Σομνὰν
1375 344 1467 371 εἰκόνα
1481 342 1552 370 εἶναι
1572 342 1659 376 λέγων
1672 341 1726 368 τῶν
1743 340 1816 367 κατὰ
1827 340 1874 366 τὸν

1078 391 1220 422 Μωῦσέως
1236 390 1318 425 νόμον
1341 389 1503 424 σωματικῶς
1528 387 1684 424 ἱερωμένων
1710 386 1786 422 παρὰ
1808 386 1874 413 Ἰου-

1079 436 1172 464 δαίων·
1190 437 1238 468 οὖς
1253 446 1283 463 τε
1305 436 1376 472 μετὰ
1391 435 1422 462 τὸ
1436 435 1523 467 πάθος
1536 435 1566 461 τὸ
1579 434 1712 470 σωτήριον
1729 431 1874 459 πείσεσθαι

1081 482 1115 509 τὰ
1126 482 1363 518 προφητευόμενα,
1377 480 1534 516 παυομένης
1543 480 1592 515 τῆς
1605 478 1766 515 ἱερωσύνης,
1780 477 1875 503 θεσπί-

1080 529 1131 561 ζει.
1145 529 1197 556 Τὸν
1209 529 1239 556 δὲ
1261 529 1410 563 Ἐλιακεὶμ,
1439 527 1514 555 Θεοῦ
1534 526 1705 558 ἀνάστασις
1721 523 1873 560 ἑρμηνευό-

1080 584 1172 610 μενον,
1187 575 1321 611 σύμϐολον
1328 573 1398 602 εἶναι
1408 575 1458 609 τῆς
1470 574 1532 605 νέας
1545 573 1592 600 καὶ
1602 571 1698 605 καινῆς
1711 569 1871 605 ἱερωσύνης,

1079 621 1112 656 ἢν
1133 623 1151 657 ἡ
1170 621 1218 647 τοῦ
1242 621 1368 657 Σωτῆρος
1399 620 1478 655 ἡμῶν
1508 618 1655 649 ἀνάστασις
1681 618 1710 643 ἐν
1733 617 1767 651 τῇ
1789 614 1872 642 αὐτοῦ

1086 667 1234 702 Ἐκκλησία
1255 667 1316 693 καθ’
1337 668 1401 701 ὅλης
1420 666 1470 701 τῆς
1494 664 1657 700 οἰκουμένης
1680 663 1871 698 συνεστήσατο.

1118 722 1128 737 ι
1144 712 1199 738 Καὶ
1213 712 1290 738 ἔσται
1302 712 1331 738 ἐν
1341 713 1374 746 τῇ
1386 711 1478 746 ἡμέρᾳ
1490 710 1593 745 ἐκείνῃ,
1610 709 1718 736 καλέσω
1730 708 1775 734 τὸν
1788 707 1873 734 παῖδά

1082 766 1133 793 μου
1159 757 1300 792 Ἐλιακεὶμ
1320 758 1366 784 τὸν
1388 756 1435 783 τοῦ
1456 756 1584 786 Χελκίου,
1602 755 1649 781 καὶ
1666 754 1769 780 ἐνδύσω
1790 752 1873 780 αὑτὸν

1080 804 1131 839 τὴν
1149 803 1247 838 στολήν
1265 812 1323 836 σου,
1344 803 1391 830 καὶ
1408 802 1454 829 τὸν
1475 800 1607 836 στέφανόν
1629 808 1675 826 σου
1694 799 1772 826 δώσω
1785 797 1872 833 αὐτῷ,

1081 849 1129 876 καὶ
1143 849 1174 875 τὸ
1190 850 1291 885 κράτος
1307 849 1355 876 καὶ
1377 850 1426 883 τὴν
1442 848 1599 883 οἰκονομίαν
1613 854 1661 874 σου
1676 846 1754 873 δώσω
1768 846 1808 877 εἰς
1823 845 1873 877 τὰς

1079 895 1173 930 χεῖρας
1199 894 1292 921 αὐτοῦ.
1315 895 1370 921 Καὶ
1386 894 1463 920 ἔσται
1483 893 1521 925 ὡς
1545 895 1637 929 πατὴρ
1659 894 1716 923 τοῖς
1740 890 1874 917 ἐνοικοῦσι

1076 940 1127 975 τὴν
1145 940 1340 976 Ἰερουσαλὴμ,
1369 942 1417 967 καὶ
1440 942 1496 972 τοῖς
1522 940 1674 967 ἐνοικοῦσιν
1695 938 1791 965 Ἰούδα.
1818 939 1875 965 Καὶ

1076 985 1156 1013 δώσω
1172 986 1247 1021 αὐτῷ
1260 987 1309 1022 τὴν
1323 987 1415 1013 κλεῖδα
1431 987 1507 1013 οἴκου
1524 986 1606 1013 Δαυῒδ
1621 986 1667 1012 ἐπὶ
1681 985 1721 1020 τῷ
1743 985 1810 1019 ὤμῳ
1826 984 1872 1010 αὑ-

1078 1032 1125 1058 τοῦ
1137 1041 1143 1046 ·
1163 1033 1210 1059 καὶ
1233 1032 1349 1065 ἀνοίξει,
1374 1034 1420 1059 καὶ
1437 1033 1488 1059 οὐκ
1512 1033 1588 1059 ἔσται
1609 1033 1624 1059 ὁ
1641 1031 1809 1058 ἀποκλείων·
1827 1030 1875 1057 καὶ

1079 1077 1191 1109 κλείσει,
1210 1078 1256 1105 καὶ
1274 1078 1324 1104 οὐκ
1342 1078 1417 1105 ἔσται
1433 1079 1448 1105 ὁ
1464 1079 1590 1113 ἀνοίγων.
1608 1079 1664 1105 Καὶ
1677 1077 1755 1104 δώσω
1767 1077 1816 1112 τὴν
1829 1076 1874 1103 δό-

1079 1121 1126 1153 ξαν
1139 1123 1220 1150 Δαυῗδ
1238 1123 1327 1159 αὐτῷ,
1344 1125 1392 1151 καὶ
1407 1124 1495 1160 ἄρξει,
1514 1126 1561 1151 καὶ
1576 1125 1626 1151 οὐκ
1645 1124 1721 1151 ἔσται
1743 1124 1757 1149 ὁ
1771 1123 1874 1150 ἀντιλέ-

1078 1176 1144 1201 γων.
1159 1169 1213 1195 Καὶ
1228 1170 1320 1204 στήσω
1331 1170 1413 1196 αὑτὸν
1429 1171 1546 1206 ἄρχοντα
1566 1172 1592 1196 ἓν
1607 1171 1680 1205 τόπῳ
1699 1170 1786 1205 πιστῷ
1797 1179 1803 1184 '
1827 1170 1874 1196 καὶ

1077 1213 1154 1240 ἔσται
1167 1215 1208 1246 εἰς
1226 1215 1322 1250 θρόνον
1336 1216 1416 1251 δόξης
1429 1216 1476 1242 τοῦ
1498 1218 1573 1242 οἴκου
1594 1217 1641 1242 τοῦ
1660 1217 1762 1248 πατρὸς
1781 1215 1872 1243 αὑτοῦ.

1079 1260 1134 1286 Καὶ
1156 1259 1232 1287 ἔσται
1255 1261 1394 1293 πεποιθὼς
1419 1263 1462 1288 ἐπ’
1490 1263 1570 1288 αὑτὸν
1594 1264 1648 1294 πᾶς
1670 1262 1773 1294 ἔνδοξος
1792 1262 1820 1287 ἐν
1836 1260 1875 1296 τῷ

1078 1306 1208 1342 οἴκῳτοῦ
1234 1308 1336 1344 πατρὸς
1360 1308 1454 1339 αὑτοῦ,
1475 1310 1528 1336 ἀπὸ
1553 1310 1650 1344 μικροῦ
1668 1310 1720 1340 ἕως
1744 1309 1873 1343 μεγάλου.

1080 1353 1138 1379 Πᾶν
1152 1353 1182 1379 τὸ
1203 1354 1300 1386 σκεῦος
1318 1355 1349 1381 τὸ
1369 1355 1466 1390 μικρὸν
1480 1356 1534 1382 ἀπὸ
1550 1356 1663 1387 σκεύους
1682 1356 1735 1381 τῶν
1752 1354 1872 1388 ἁγανὼο.

1079 1398 1135 1424 Καὶ
1167 1398 1274 1426 ἔσονται
1304 1401 1522 1436 ἐπικρεμάμενα
1553 1402 1627 1436 αὺτῷ
1658 1403 1687 1427 ἐν
1721 1403 1753 1436 τῇ
1782 1400 1873 1436 ἡμέρᾳ

1080 1443 1181 1479 ἐκείνῃ.
1205 1454 1214 1470 ι
1232 1445 1278 1471 Σοὶ
1295 1446 1345 1480 μὲν
1358 1446 1445 1473 ταῦτα
1465 1447 1586 1473 ἐποίσει·
1601 1447 1646 1473 τὸν
1667 1447 1694 1473 δὲ
1714 1447 1806 1482 ἕτερον
1826 1454 1872 1472 σου

1080 1490 1125 1517 τὸν
1148 1490 1289 1526 Ἑλιακεὶμ.
1311 1492 1393 1519 παῖδα
1410 1493 1457 1519 καὶ
1469 1493 1562 1519 δοῦλον
1580 1494 1677 1519 ἑαυτοῦ
1689 1514 1696 1525 ,
1710 1494 1872 1528 δοκιμάσας.

1553 1402 1627 1436 αὺτῷ

238 1536 343 1563 credita
353 1542 407 1570 est,
428 1536 669 1572 dispensationem.
686 1536 734 1563 His
748 1537 848 1571 quippe
863 1535 961 1570 dignus
975 1541 1027 1568 est,

1080 1535 1128 1570 τὴν
1151 1535 1200 1570 σὴν
1218 1536 1323 1563 ὲνδύσει
1337 1537 1448 1573 στολὴν,
1469 1540 1516 1565 καὶ
1532 1539 1570 1573 τῷ
1591 1539 1714 1574 στεφάνῳ
1729 1538 1778 1573 τῆς
1795 1539 1874 1574 ἀρχι-

239 1581 302 1616 quia
324 1590 339 1608 a
364 1582 418 1609 Deo
437 1583 584 1617 productus
601 1586 628 1609 et
644 1582 775 1613 selectus,
797 1589 850 1608 non
869 1586 912 1608 est
932 1580 1028 1608 similis

240 1628 290 1659 tui,
310 1628 443 1662 superbus
461 1633 488 1655 et
506 1635 648 1663 arrogans.
672 1627 761 1654 Patris
785 1632 873 1654 autem
895 1626 954 1654 loco
976 1627 1029 1654 erit

240 1673 283 1704 iis.
306 1674 352 1708 qui
378 1674 428 1701 sub
445 1673 503 1708 ejus
528 1673 767 1701 administratione
790 1672 888 1707 degeut
907 1681 915 1698 :
932 1680 1028 1706 quam-

238 1719 332 1747 obrem
348 1719 397 1754 ipsi
413 1724 442 1747 ut
461 1720 519 1747 miti
534 1725 560 1747 et
580 1724 721 1747 mansueto
736 1718 810 1746 dabit
825 1718 940 1754 gloriam
957 1718 1028 1753 regis

238 1765 323 1793 David
344 1766 480 1793 mitissimi
501 1771 528 1793 et
547 1765 706 1799 iustissimi,
730 1765 768 1792 ita
794 1769 823 1791 ut.
846 1764 945 1799 populo
965 1771 1026 1791 cum

237 1811 358 1846 potentia
378 1819 474 1847 magna
496 1811 621 1846 imperet,
640 1814 668 1838 ct
691 1809 774 1844 jussis
801 1810 859 1844 ejus
882 1808 970 1836 nullus
987 1815 1031 1835 re-

238 1861 350 1891 pugnet.
373 1857 483 1892 Eritque
509 1856 578 1884 {ints
592 1862 619 1883 et
638 1856 753 1883 Iirmiter
769 1854 906 1882 stabilitus
927 1855 953 1881 in
976 1854 1028 1880 ini-

237 1903 350 1931 nisterio
362 1911 427 1935 suo,
445 1903 482 1930 ita
498 1907 527 1929 ut
541 1902 666 1937 quisquis
683 1901 709 1928 in
733 1901 831 1936 popqu
849 1901 939 1927 clarus
960 1899 1029 1931 crit,

236 1955 290 1975 non
313 1948 472 1980 contendat,
497 1956 583 1983 neque
601 1947 691 1974 futura
716 1954 833 1981 unquam
853 1945 972 1981 suspicio
993 1945 1030 1972 sit

238 1994 345 2021 invidiae
357 2000 402 2022 aut
419 1994 512 2021 livoris
526 1994 552 2021 iu
565 2003 643 2027 eum,
657 1995 705 2022 sed
720 2001 815 2020 omnes
831 1992 880 2027 ipsi
900 1997 1028 2026 tanquam

236 2040 307 2073 patri
326 2040 474 2067 conﬁdant.
488 2039 589 2067 Omnes
610 2047 674 2074 ergo
689 2038 835 2067 c0nl‘ertim
849 2047 865 2064 a
882 2045 967 2071 parvo
982 2045 1028 2064 us-

236 2091 290 2118 que
302 2084 335 2111 ad
357 2092 483 2119 magnum
503 2085 536 2112 ab
553 2085 610 2119 ejus
625 2093 672 2113 ore
690 2084 864 2118 peudebunt,
879 2083 939 2118 ejus
960 2090 1024 2117 erga

237 2129 329 2158 omnia
344 2130 521 2158 sollicitudini
538 2130 715 2157 conﬁdentes.

1079 1580 1219 1617 ερωσύνης
1231 1582 1351 1618 τιμήσει,
1365 1583 1522 1619 ἐγχειρίσας
1537 1585 1611 1619 αύτῷ
1626 1585 1659 1619 ἣν
1673 1584 1739 1616 τέως
1758 1583 1804 1609 ἐπὶ
1823 1583 1872 1609 τοῦ

1079 1626 1213 1662 παρόντος
1239 1628 1272 1654 σὺ
1299 1628 1464 1664 ἐπιστεύθης
1484 1630 1657 1664 οἰκονομίαν·
1684 1628 1756 1661 ἄξιος
1780 1629 1833 1664 γὰρ
1859 1630 1874 1655 ὁ

1078 1671 1147 1707 ἀνὴρ
1157 1671 1270 1699 τούτων.
1288 1673 1396 1709 Ἐπειδὴ
1407 1673 1436 1700 δὲ
1448 1674 1594 1709 προαχθεὶς
1609 1675 1659 1700 ὑπὸ
1674 1673 1721 1699 τοῦ
1734 1673 1813 1702 Θεοῦ,
1825 1673 1876 1698 οὐκ

1080 1717 1137 1743 ἐστι
1153 1726 1193 1744 σοι
1208 1718 1310 1753 ὅμοιος,
1330 1719 1503 1755 ὑπερήφανός
1520 1729 1549 1745 τε
1572 1721 1619 1746 καὶ
1635 1719 1751 1751 ἀλαζών.
1778 1719 1877 1754 Χώραν

1080 1762 1109 1789 δὲ
1123 1763 1226 1798 πατρὸς
1239 1764 1330 1798 ἐφέξει
1344 1765 1412 1800 πρὸς
1422 1765 1486 1797 τοὺς
1500 1766 1645 1800 μέλλοντας
1661 1766 1707 1791 ὑπ’
1719 1765 1801 1791 αὐτοῦ
1816 1765 1877 1791 διοι-

1080 1808 1197 1834 κεῖσθαι·
1212 1809 1307 1845 διόπερ
1319 1810 1357 1842 ὼς
1372 1811 1447 1845 ἠπίῳ
1463 1812 1509 1837 καὶ
1525 1813 1604 1847 πρᾴῳ
1619 1812 1667 1846 τὴν
1681 1811 1760 1842 δόξαν
1772 1811 1819 1836 eo?)
1834 1811 1875 1845 βα-

1081 1854 1178 1886 σιλέως
1192 1855 1273 1882 Δαυῖδ
1286 1855 1334 1882 τοῦ
1348 1856 1504 1891 πραοτάτου
1520 1858 1564 1883 καὶ
1580 1858 1751 1883 δικαιοτάτου
1765 1858 1812 1883 καὶ
1824 1855 1871 1882 δὼ-

1081 1908 1132 1933 σει,
1146 1901 1217 1928 ὥστε
1232 1902 1326 1938 ἄρχειν
1339 1902 1386 1929 τοῦ
1402 1902 1468 1929 λαοῦ
1484 1909 1553 1938 μετα
1567 1904 1666 1938 πολλῆς
1680 1903 1815 1935 ἐξουσίας,
1830 1902 1874 1928 καὶ

1082 1948 1185 1982 μηδένα
1198 1948 1350 1982 ἀντιλέγειν
1369 1950 1425 1980 τοῖς
1446 1950 1493 1975 ὑπ’
1512 1950 1594 1975 αὐτοῦ
1618 1950 1874 1984 προστασσομὲνοις.

1083 1993 1180 2020 Ἔσται
1193 1994 1223 2020 δὲ
1244 1994 1443 2029 ἐστηλωμένος,
1458 1994 1574 2030 βεϐαίως
1595 1996 1738 2030 ἱδρυμένος
1760 1995 1806 2021 ἐπὶ
1829 1994 1878 2029 τὴν

1082 2040 1178 2066 ἑαυτοῦ
1194 2040 1381 2076 λειτουργίαν·
1397 2041 1435 2073 ὡς
1456 2042 1545 2068 πάντα
1560 2042 1605 2067 τὸν
1626 2043 1655 2068 ἐν
1671 2042 1708 2076 τῷ
1730 2042 1786 2076 λαῷ
1807 2041 1878 2067 ἔνδο-

1081 2083 1126 2117 ξον
1143 2085 1180 2120 μὴ
1197 2085 1317 2121 ἅγωνιᾷν
1332 2086 1400 2120 μηδὲ
1416 2085 1567 2121 ὑφορᾶσθαι
1585 2086 1681 2119 φθόνον
1696 2087 1711 2121 ἧ
1728 2086 1878 2121 βασκανίαν

1081 2129 1111 2162 ἐξ
1124 2131 1207 2157 αὐτοῦ
1223 2131 1410 2166 γενησομένην
1431 2132 1512 2158 ποτέ·
1529 2132 1688 2158 πεποιθένα.
1702 2133 1730 2157 δὲ
1746 2132 1788 2157 ἐπ’
1804 2131 1877 2165 αὐτῷ

235 2175 274 2208 ὡς
287 2177 333 2204 ἐπὶ
352 2177 445 2213 πατρί.
467 2177 571 2209 Πάντες
584 2177 649 2211 γοῦν
668 2176 773 2212 ἀθρόως
791 2176 846 2203 ἀπὸ
855 2176 958 2212 ,μικροῦ
979 2176 1031 2208 ἕως
1051 2177 1169 2212 μεγάλου
1201 2178 1310 2206 ἔσονται
1340 2179 1524 2214 ἀνηρτημένοι
1536 2180 1629 2213 αὐτοῦ,
1646 2179 1809 2216 θαρροῦντες
1826 2178 1877 2205 αὑ-

235 2222 283 2252 τοῧ
297 2224 330 2259 τῇ
343 2224 406 2258 περὶ
419 2224 527 2251 πάντων
540 2224 698 2260 κηδεμονίᾳ.

273 2267 356 2296 Vsus.
368 2270 413 2297 ‘25.
437 2280 447 2296 ε
464 2270 525 2298 Ilaec
546 2271 612 2297 dicit
640 2270 769 2297 Dominus
788 2269 908 2297 Sabaoth
924 2278 929 2296 :
949 2270 1030 2297 Com-
1045 2272 1068 2299 D

236 2315 390 2342 movebitur
413 2316 492 2343 homo
517 2316 652 2343 stabilitas
674 2316 700 2343 in
723 2315 783 2343 loco
803 2320 876 2347 tuto,
901 2320 928 2343 et
951 2314 1027 2342 aufe-

237 2365 313 2388 retur
325 2365 352 2388 et
367 2361 455 2393 cadet.
468 2366 496 2389 et
510 2362 735 2389 exterminabitur
749 2362 834 2397 gloria
853 2361 879 2388 in
896 2368 948 2388 co:
965 2362 1028 2395 quia

238 2406 368 2434 Dominus
386 2407 490 2434 locutus
510 2411 560 2434 est.
577 2417 586 2433 ι
612 2406 744 2440 Quoniam
772 2414 824 2433 non
843 2410 918 2433 recte
941 2412 1029 2440 neque

238 2451 354 2479 tidcliter
380 2452 566 2479 concreditum
592 2451 642 2479 sibi
679 2451 860 2479 ministerimn
897 2450 978 2483 obiit,
1002 2451 1028 2477 iu

236 2497 359 2524 ordinem
383 2498 518 2532 redigetur
542 2503 568 2524 et
586 2497 688 2524 honore
713 2497 877 2531 privabitur,
895 2497 1030 2531 cadctque

236 2544 323 2580 gloria
339 2544 365 2571 in
378 2552 421 2572 eo.
436 2544 467 2570 Et
481 2544 538 2571 Inrc
550 2544 639 2570 omnia
656 2543 705 2578 ipsi
719 2543 854 2576 evenient,
871 2542 926 2570 Deo
942 2543 1029 2577 ipsum

236 2593 270 2618 ad
296 2590 367 2617 hanc
393 2590 576 2617 calamitatem
612 2590 769 2616 damnante.
798 2589 844 2616 llis
872 2596 953 2623 porro
980 2596 1030 2615 nos

236 2643 327 2663 sermo
349 2635 382 2662 ad
407 2635 614 2670 temperantiam
633 2634 770 2667 hortatur,
796 2635 929 2669 docetque
945 2642 979 2662 ne
1003 2635 1029 2660 in

237 2683 316 2710 rebus
345 2683 484 2717 prosperis
517 2681 656 2708 molliores
683 2681 846 2713 evadamus,
874 2688 961 2715 neque
996 2681 1029 2708 dc

237 2728 351 2763 imperio
376 2728 583 2764 superbiamus,
612 2733 680 2754 ncve
703 2726 835 2761 judicium
861 2727 907 2754 Dei
932 2727 1030 2754 oblivi-

235 2781 354 2802 scamur.

514 2821 628 2849 CAPUT
650 2820 742 2848 XXIII.

274 2865 356 2893 Vsus.
373 2867 397 2893 I.
417 2876 427 2892 ‹
444 2866 560 2894 Verbum
583 2867 658 2902 Tyri.
677 2867 793 2899 Ululate,
813 2874 896 2893 naves
914 2867 1030 2894 Cartha-

237 2911 325 2949 linis,
345 2912 406 2947 quia
431 2912 520 2948 periit.
536 2922 544 2938 ι
565 2913 681 2940 Verbum
705 2912 786 2948 igitur
806 2912 868 2948 Tyri
886 2912 912 2940 iu
937 2913 1030 2948 primis

1119 2279 1129 2294 ι
1149 2269 1218 2295 Τάδε
1236 2269 1312 2303 λέγει
1332 2270 1435 2304 Κύριος
1454 2270 1569 2296 Σαϐαὼθ
1580 2279 1588 2285 ·
1603 2270 1789 2306 Κινηθήσεται
1803 2272 1817 2298 ὁ
1829 2271 1876 2298 ἄν-

1081 2313 1189 2349 θρωπος
1203 2315 1217 2340 ὁ
1231 2314 1430 2349 ὲστηριγμένος
1452 2316 1481 2341 ἐν
1495 2315 1570 2351 τόπῳ
1585 2316 1683 2352 πιστῷ,
1699 2317 1747 2343 καὶ
1763 2317 1880 2352 ἀφαιρε-

1081 2360 1195 2396 θήσεται
1214 2361 1262 2387 καὶ
1279 2362 1413 2391 πεσεῖται,
1434 2362 1482 2388 καὶ
1497 2362 1756 2398 ἐξολοορευοήσεται
1775 2364 1792 2399 ἡ
1815 2364 1880 2397 δόξα

1081 2407 1126 2433 ἐπ’
1137 2406 1229 2432 αὐτόν·
1242 2407 1283 2433 ὅτι
1297 2406 1399 2442 Κύριος
1413 2407 1553 2443 ἐλάλησεν.
1570 2418 1579 2434 ι
1603 2408 1712 2444 Ἐπειδὴ
1727 2409 1764 2444 μὴ
1777 2409 1878 2445 ὀρθῶς,

1082 2452 1152 2488 μηδὲ
1173 2452 1276 2484 πιστῶς
1286 2452 1420 2488 διῴκηκεν
1434 2454 1468 2489 ἢν
1481 2454 1631 2489 ἐπιστεύθη
1645 2455 1811 2489 οἰκονομίαν,
1831 2463 1879 2490 με-

1081 2498 1283 2534 ταταχθήσεται
1301 2499 1348 2525 καὶ
1365 2500 1580 2536 ἀφαιρεθήσεται
1593 2501 1643 2536 τῆς
1654 2500 1738 2535 τιμῆς
1747 2520 1755 2533 ,
1770 2502 1817 2528 καὶ
1830 2510 1880 2528 πε-

1083 2546 1170 2570 σεῖται
1189 2545 1205 2578 ἡ
1232 2544 1295 2577 δόξα
1307 2545 1352 2570 ἐπ’
1367 2545 1442 2580 αὐτῷ
1452 2553 1459 2561 υ
1475 2546 1522 2572 καὶ
1537 2545 1625 2572 ταῦτα
1641 2546 1730 2572 πάντα
1753 2547 1818 2582 περὶ
1833 2548 1881 2574 αύ-

1081 2590 1127 2617 τὸν
1140 2590 1242 2621 ἔσεται,
1260 2590 1403 2626 κρίναντος
1423 2591 1505 2618 αὑτὸν
1519 2591 1607 2618 ταῦτα
1624 2592 1721 2619 παθεῖν
1735 2592 1783 2619 τοῦ
1797 2593 1877 2620 Θεοῦ.

1083 2634 1247 2670 Σωφρονίζει
1256 2635 1284 2662 δὲ
1297 2635 1342 2661 διὰ
1353 2635 1455 2662 τούτων
1469 2636 1517 2662 καὶ
1534 2637 1607 2671 ἡμᾶς
1620 2638 1634 2663 ὁ
1648 2637 1727 2671 λόγος
1743 2638 1880 2665 παιδεύων

1085 2681 1122 2716 μὴ
1138 2680 1303 2716 χαυνοῦσθαι
1315 2683 1344 2709 ἐν
1360 2683 1420 2713 ταῖς
1438 2682 1618 2717 εὐπραγίαις,
1636 2683 1704 2719 μηδὲ
1717 2683 1879 2719 ἐπαίρεσθαι

1082 2729 1142 2759 ταῖς
1152 2729 1260 2763 ἀρχαῖς,
1277 2728 1345 2764 μηδὲ
1357 2730 1407 2763 τῆς
1419 2728 1536 2763 κρίσεως
1550 2730 1719 2764 ἀμνημονεῖν
1733 2730 1781 2757 τοῦ
1797 2730 1876 2757 Θεοῦ.

1338 2819 1536 2846 ΚΕΦΛΛΛΙΟΝ
1556 2820 1620 2847 Kl".

1119 2875 1128 2891 ε
1147 2865 1182 2891 To
1201 2865 1276 2900 ῥῆμα
1289 2865 1388 2899 Τύρου.
1412 2864 1581 2898 Ὀλολύζιτε,
1598 2865 1677 2892 πλοῖα
1690 2865 1877 2902 Καρχηδόνος,

1081 2912 1124 2938 ὅτι
1143 2910 1275 2938 ἀπώλετο.
1301 2921 1309 2937 ›
1333 2911 1368 2937 Τὸ
1385 2911 1460 2946 ῥῆμα
1484 2912 1571 2939 τοίνυν
1589 2911 1637 2946 τῆς
1660 2911 1746 2946 Τύρου
1768 2911 1797 2939 ἐν
1821 2910 1878 2941 τοῖς
