4118 6426
329 394 436 450 255

1245 377 1752 448 contmnam
1794 388 1860 444 IN
1900 386 2156 442 ISAIAM.
2198 415 2267 424 —
2304 384 2458 440 CAP.
2512 381 2704 439 xxm.

3499 385 3606 440 254

332 507 571 581 πρώτοις
608 523 862 578 σημαινει
886 504 986 576 τὴν
1028 503 1364 560 ἐπελθοῦσαν
1390 508 1455 576 τῇ
1505 504 1665 576 Τύρῳ
1710 505 1917 575 πολιορ-

2025 499 2296 570 signiﬁcat
2340 499 2580 552 futuram
2625 495 2752 566 Tyri
2802 493 3139 551 obsidionem
3172 509 3188 550 :
3219 511 3325 566 quo
3361 504 3607 566 tempore

333 602 457 653 κίαν
479 617 494 630 ·
523 597 645 652 καθ’
683 597 742 650 ὃν
778 595 968 667 χρόνον
1002 593 1232 656 ἐπιστὰς
1255 595 1284 647 ὁ
1326 592 1609 666 Ἀσσύριος
1643 593 1782 663 μετά
1811 592 1919 644 τῶν

333 693 510 746 ἄλλων
542 688 709 744 ἐθνῶν
738 689 831 741 καὶ
852 687 1022 757 αὐτὴν
1049 680 1160 739 εἷλε
1200 686 1294 738 καὶ
1325 684 1422 756 τὴν
1450 684 1677 746 Σιδῶνα,
1706 683 1784 746 ὡς
1824 682 1918 735 καὶ

335 785 392 836 ἐν
426 785 542 844 ταῖς
580 779 777 845 ἔξωθεν
805 777 1105 849 ἐμφέρεται
1149 776 1429 848 ἱστορίαις.
1491 777 1577 828 Ἐν
1619 775 1698 845 τῷ
1743 771 1920 844 καιρῷ

333 876 509 928 τοίνυν
536 873 749 943 ἐκείνῳ,
789 871 908 924 καθ’
937 870 997 923 ὃν
1025 869 1124 940 τὴν
1154 867 1424 937 τοσαύτην
1452 867 1668 938 ἐκείνην
1692 867 1920 936 ὑπέμει-

333 985 422 1021 νεν
447 965 683 1038 ἐρημίαν
709 966 742 1036 ἡ
768 963 983 1035 Τυρίων
1017 962 1192 1025 πόλις,
1221 962 1367 1024 είκὸς
1388 956 1456 1032 ἦν
1484 960 1682 1024 αὐτοὺς
1722 958 1920 1030 μηκέτι

337 1060 472 1133 μηδὲ
519 1058 737 1130 συνήθει
774 1055 1074 1127 κεχρῆσθαι
1112 1053 1373 1125 ἐμπορία,
1410 1053 1697 1115 ναυτικοὺς
1735 1051 1916 1114 ὄντας,

335 1152 430 1208 καὶ
458 1151 688 1205 πάντοτε
726 1147 1134 1221 πραγματείαις
1162 1149 1282 1210 ταῖς
1313 1145 1400 1198 διὰ
1429 1144 1704 1215 θαλάσσης
1730 1141 1920 1212 σχολά-

336 1242 549 1308 ζοντας.
627 1239 1045 1309 Ἀφανισθείσης
1092 1236 1271 1291 τοίνυν
1323 1240 1422 1308 τῆς
1474 1236 1687 1308 Τύρου,
1735 1237 1919 1290 οὐκέτι

335 1330 474 1406 ἦσαν
523 1335 574 1388 oi
620 1334 719 1398 τάς
769 1333 1040 1404 ἐμπορίας
1088 1331 1147 1397 ἐξ
1192 1333 1363 1401 αὐτῆς
1414 1331 1761 1401 κομίζοντες,
1811 1331 1920 1382 ἀπὸ

336 1426 681 1498 Καρχηδόνος
711 1425 962 1489 εἰωθότες
995 1425 1236 1478 διαπλεῖν
1276 1425 1368 1476 ἐπὶ
1399 1422 1495 1495 τὴν
1526 1423 1722 1496 Τύρον.
1757 1442 1776 1472 ι
1808 1422 1920 1474 Καὶ

337 1520 519 1575 οὐκέτι
549 1519 793 1591 ἔρχονται
840 1521 904 1571 ἐκ
943 1521 1045 1589 γῆς
1085 1517 1382 1571 Κιττιέων·
1429 1511 1595 1586 ἦκται
1638 1514 1922 1585 αἰχμάλωο

335 1629 448 1675 τος.
496 1631 514 1663 ι
555 1611 786 1680 Λέγεται
832 1610 890 1662 δὲ
939 1613 971 1682 ἡ
1025 1610 1250 1679 Κύπρος
1295 1609 1438 1662 οὕτω
1479 1606 1769 1679 δηλοῦσθαι
1826 1609 1919 1660 καὶ

336 1699 577 1753 Κιττίων
629 1694 769 1752 εἶναι
808 1699 962 1752 πόλιν
1002 1701 1061 1752 ἐν
1104 1701 1265 1770 αὐτῇ,
1300 1699 1367 1752 δι’
1404 1693 1472 1770 ἦς
1513 1698 1821 1769 παρέπλεον
1867 1698 1918 1751 οἱ

332 1792 442 1846 ἀπὸ
465 1792 564 1862 τῆς
592 1792 768 1861 Τύρου
797 1792 1218 1862 ναυτιλλόμενοι.

2023 593 2417 662 superveniens
2443 593 2705 663 Assyrius
2731 604 2856 646 cum
2885 590 3006 644 aliis
3030 589 3306 660 gentibus.
3334 600 3390 646 et
3432 591 3605 661 ipsam

2021 694 2076 738 et
2105 684 2363 739 Sidonem
2405 682 2581 750 cepit,
2624 687 2683 734 ut
2714 680 2881 736 etiam
2928 681 2980 734 in
3011 692 3324 736 exterorum
3361 682 3604 736 historiis

2025 784 2300 829 narratur.
2346 772 2443 826 lllo
2493 771 2676 840 itaque
2728 780 3002 842 tempore,
3051 787 3162 842 quo
3199 773 3487 843 Tyriorum
3527 775 3607 826 ci-

2021 871 2159 924 vitas
2189 876 2396 924 tantam
2431 881 2592 936 passa
2636 874 2725 920 est
2755 867 3090 932 vastitatem,
3120 883 3459 938 consequens
3487 879 3605 924 erat

2023 961 2146 1015 illos
2199 975 2305 1014 non
2370 957 2536 1012 solito
2587 958 2922 1012 commercio
2973 959 3088 1022 uti;
3149 961 3350 1014 nautici
3405 961 3604 1030 quippe

2023 1061 2219 1114 erant,
2265 1066 2329 1105 ac
2365 1063 2580 1121 semper
2655 1049 2883 1104 marinis
2943 1049 3396 1119 negotiationibus
3444 1068 3604 1107 vaca-

2023 1146 2176 1200 bant.
2213 1143 2396 1199 Deleta
2441 1144 2624 1210 itaque
2653 1141 2819 1212 Tyro,
2853 1141 2983 1196 nulli
3025 1148 3296 1215 erantqui
3329 1162 3427 1216 pro
3453 1165 3605 1203 more

2024 1252 2234 1292 merces
2300 1236 2427 1292 inde
2489 1237 2960 1291 transveherent:
3010 1237 3045 1291 ii
3098 1253 3228 1292 vero
3275 1238 3604 1312 Carthagine

2022 1327 2226 1398 Tyrum
2261 1327 2521 1398 navigare
2568 1325 2839 1382 solebant.
2879 1345 2898 1378 ι
2931 1326 2998 1380 Ει
3044 1344 3150 1381 non
3195 1330 3333 1384 ultra
3380 1332 3607 1387 veniunt

2021 1419 2087 1473 de
2135 1427 2276 1474 terra
2309 1418 2668 1473 Citiensium:
2707 1418 2978 1476 abductus
3024 1429 3107 1474 est
3142 1423 3410 1490 captivus.
3435 1443 3453 1475 ι
3508 1425 3604 1481 llis

2024 1509 2257 1564 indicari
2310 1508 2548 1579 Cyprum
2581 1510 2802 1572 dicitur,
2835 1510 3234 1581 Cittiorumque
3261 1515 3450 1569 urbem
3503 1516 3604 1570 ibi-

2020 1602 2142 1655 dem
2196 1611 2449 1668 exstare,
2503 1603 2590 1657 cui
2638 1601 3050 1672 adnavigabaut
3087 1605 3179 1672 qui
3227 1603 3374 1675 Tyro
3421 1607 3603 1662 solve-

2021 1693 2174 1748 bant.

406 1904 426 1935 ι
491 1884 608 1938 Τίνι
657 1886 831 1955 ὅμοιοι
885 1884 1172 1953 γεγόνασιν
1223 1885 1273 1937 οἱ
1321 1884 1702 1946 κατοικοῦντες
1745 1883 1804 1935 ἐν
1853 1884 1917 1953 τῇ

2099 1875 2262 1930 Vens.
2289 1875 2410 1930 2-4.
2456 1895 2476 1928 ι
2505 1875 2603 1931 Cui
2637 1874 2847 1929 similes
2886 1873 3013 1929 facti
3049 1884 3179 1929 sunt
3221 1878 3312 1945 qui
3352 1878 3602 1935 habitant

331 1978 500 2048 νήσῳ,
531 1977 817 2049 μετάϐολοι
835 1978 1106 2049 Φοινίκης,
1128 1977 1496 2049 διαπερῶντες
1517 1977 1616 2048 τὴν
1642 1976 1918 2032 θάλασσαν

331 2070 390 2123 ἐν
418 2069 571 2122 ὕδατι
590 2068 804 2139 πολλῷ;
830 2069 1050 2140 σπέρμα
1075 2067 1388 2139 μεταϐόλων
1405 2069 1480 2132 ὡς
1506 2067 1720 2138 ἀμητοῦ
1743 2069 1920 2136 εἰσφε-

339 2160 598 2232 ρομένου·
636 2162 686 2214 οί
726 2161 1012 2232 μετάϐολοι
1058 2161 1167 2216 τῶν
1209 2160 1400 2216 ἐθνῶν.
1448 2159 1797 2231 Αἰσχύνθητι,
1832 2160 1921 2214 Σι-

335 2253 459 2317 δὼν,
501 2249 653 2306 εἶπεν
692 2256 726 2324 ἡ
776 2253 1039 2308 θάλασσα.
1093 2254 1158 2307 Ἦ
1197 2253 1255 2306 δὲ
1300 2254 1452 2324 ἰσχὺς
1499 2257 1598 2325 τῆς
1644 2253 1920 2323 θαλάσσης

333 2339 486 2397 εἶπεν
506 2361 520 2374 ο
549 2344 664 2398 Οὐκ
688 2343 898 2410 eam,
928 2346 1050 2398 οὐδὲ
1075 2345 1284 2410 ἔτεκον,
1311 2345 1432 2399 ούδέ
1457 2343 1722 2417 ἐξέθρεψα
1750 2346 1920 2399 νεανία

337 2451 520 2499 σκους,
575 2435 696 2489 οὐδὲ
749 2436 938 2506 ὕψωσα
985 2438 1303 2510 παρθένους.
1365 2459 1384 2492 ι
1435 2438 1552 2493 Νῦν
1596 2439 1653 2492 δὲ
1700 2440 1920 2494 πάντων

331 2528 548 2600 ἀθρόως
578 2532 965 2602 ἀφῃρημένους
986 2572 1000 2597 ,
1043 2533 1136 2590 καὶ
1162 2531 1271 2585 τῶν
1316 2532 1688 2604 νομιζομένων
1732 2536 1920 2599 αὐτοῖς

331 2622 554 2688 ἀγαθῶν
590 2624 975 2695 στερηθέντας,
1021 2625 1284 2696 αἰσχύνην
1323 2625 1686 2696 καταχέεσθαι
1752 2643 1915 2698 προσ-

329 2713 454 2784 ήκει
472 2730 486 2745 ⁸
534 2715 610 2788 μὴ
647 2716 866 2787 μόνους,
892 2716 1026 2770 ἀλλά
1057 2717 1150 2770 καὶ
1181 2719 1307 2781 τοὺς
1334 2719 1399 2772 ἐκ
1439 2718 1698 2787 γειτόνων
1733 2719 1916 2785 αὐτοῖς

329 2805 614 2872 οἰκοῦντας
660 2809 972 2874 Σιδωνίους·
1027 2812 1311 2881 μονονουχὶ
1356 2812 1453 2864 καὶ
1495 2810 1596 2881 τῆς
1638 2809 1917 2883 θαλάσσης

332 2898 523 2970 αὐτῆς,
552 2898 734 2972 φωνὴν
767 2900 1038 2972 ἀφιείσης,
1067 2901 1162 2955 καὶ
1189 2901 1606 2974 ἀποθρηνούσης
1631 2901 1802 2973 αὐτῆς
1827 2903 1915 2956 διὰ

329 2985 391 3039 τὸ
426 2986 624 3060 μηκέτι
671 2988 814 3060 ἔχειν
852 2988 946 3054 οὓς
986 2989 1176 3061 θρέψει
1223 2991 1539 3055 νεανίσκους
1579 2991 1676 3045 καὶ
1707 2991 1915 3063 παρθέ-

331 3096 474 3144 νους.
510 3080 631 3134 Ὅτι
655 3081 717 3134 τὸ
744 3083 973 3136 παλαιὸν
997 3084 1187 3157 ὥσπερ
1218 3085 1493 3156 θαλάσσης
1526 3084 1695 3157 αὐτῆς
1723 3087 1916 3156 γεννή-

333 3189 478 3242 ματα
526 3172 618 3226 ύπ’
657 3174 825 3246 αὐτῆς
874 3176 1195 3249 ἐτρέφοντο,
1254 3178 1343 3232 ὅτε
1381 3177 1534 3248 ἤνθει
1580 3177 1651 3232 τά
1699 3177 1915 3250 Τυρίων

2029 1977 2082 2030 ἱιι
2115 1973 2315 2036 insula,
2351 1970 2720 2040 negotiatores
2748 1967 3059 2032 Phrenicire,
3093 1969 3423 2036 trajicieutes
3455 1985 3607 2025 mare

2027 2066 2079 2119 in
2117 2078 2258 2132 aqua
2299 2062 2508 2116 multa?
2559 2077 2743 2117 semen
2783 2062 3178 2132 negotiatorum
3212 2063 3368 2131 quasi
3414 2063 3607 2116 messis

2025 2166 2409 2227 eomportataz;
2461 2157 2825 2226 negotiatores
2870 2156 3132 2224 gentium.
3169 2155 3464 2221 Erubesce,
3519 2156 3606 2210 Si-

2024 2253 2152 2314 don,
2188 2250 2325 2304 dixit
2357 2264 2526 2303 mare.
2561 2247 2842 2303 Fortitudo
2871 2258 3054 2303 autem
3100 2249 3268 2303 maris
3301 2248 3455 2310 dixit,
3488 2247 3606 2303 Non

2026 2343 2321 2415 parturivi,
2366 2357 2465 2396 nec
2515 2343 2729 2410 peperi,
2778 2357 2878 2396 nec
2926 2340 3164 2396 enutrivi
3207 2342 3456 2412 juvenes,
3505 2357 3606 2397 nec

2026 2434 2256 2489 enitavi
2295 2432 2552 2502 virgines.
2577 2451 2595 2484 ι
2639 2431 2793 2488 Nunc
2830 2443 3011 2487 antem
3051 2449 3146 2488 eos
3176 2433 3432 2488 omnibus
3468 2449 3601 2489 con-

2026 2528 2205 2583 fertim
2254 2526 2493 2589 orbatos,
2523 2535 2579 2580 et
2611 2526 2800 2590 bonis,
2832 2526 2904 2578 ita
2947 2526 3022 2580 illi
3069 2527 3455 2595 opinabantur,
3487 2527 3606 2583 suis

2025 2635 2268 2686 eversos,
2301 2620 2509 2690 pudore
2539 2617 2774 2673 suli'uutli
2803 2619 3090 2684 convenit;
3133 2634 3232 2674 nec
3269 2634 3366 2673 eos
3394 2619 3602 2687 solum,

2023 2714 2119 2768 sed
2153 2713 2320 2768 etiam
2353 2713 2564 2768 vicinos
2595 2727 2784 2768 eorum
2836 2710 3131 2766 Sidonios:
3173 2711 3256 2764 rel
3303 2711 3420 2779 ipso
3467 2715 3606 2767 Inazi

2023 2808 2178 2876 quasi
2223 2821 2411 2861 vocem
2453 2805 2759 2869 emittente,
2808 2819 2871 2858 ac
2919 2804 3157 2873 lugente,
3189 2804 3334 2873 quod
3377 2803 3606 2873 juvenes

2022 2907 2079 2952 et
2111 2897 2368 2966 virgines,
2389 2910 2526 2967 quos
2553 2895 2804 2960 enutriat,
2829 2911 2934 2950 non
2969 2896 3185 2951 habent.
3217 2895 3482 2961 Quoniam
3517 2913 3608 2950 au-

2025 2989 2275 3060 tiquitus,
2303 3005 2402 3045 ceu
2444 2989 2612 3044 maris
2646 2987 2817 3056 ipsius
2863 2988 3061 3056 proles,
3089 2989 3157 3044 ab
3185 3003 3250 3043 eo
3285 2987 3600 3057 alebantur,

2020 3100 2130 3153 quo
2159 3096 2400 3155 tempore
2444 3099 2530 3139 res
2560 3082 2846 3154 Tyriorum
2877 3082 3144 3139 ﬂorebant
3169 3103 3184 3141 :
3223 3101 3364 3142 nunc
3393 3097 3601 3154 autem,

2022 3178 2169 3249 Tyro
2215 3177 2413 3242 deleta,
2457 3176 2581 3244 jure
2621 3179 2768 3246 ipsos
2817 3175 2964 3245 luget
3014 3191 3197 3243 mare,
3243 3188 3300 3234 et
3341 3178 3604 3236 fortitudo

331 3265 669 3336 πράγματα’
706 3265 800 3320 νῦν
831 3268 890 3321 δὲ
922 3269 1010 3322 ὅτε
1055 3269 1253 3342 μηκέτι
1295 3271 1462 3335 ἐστὶν,
1509 3271 1734 3334 εἰκότως
1779 3272 1917 3325 ἀπο-

2022 3268 2138 3338 ejus
2170 3269 2521 3332 lamentatur.
2554 3268 2786 3324 filiorum
2817 3267 3042 3322 exitium
3073 3267 3384 3337 deplorans.

334 3355 582 3409 κλαίεται
607 3358 804 3422 αὐτοὺς
829 3361 861 3430 ή
898 3359 1162 3426 θάλασσα,
1200 3363 1295 3417 καὶ
1325 3364 1358 3434 ἡ
1387 3365 1540 3434 ἰσχὺς
1578 3365 1751 3436 αὐτῆς
1779 3365 1916 3418 ἀπο-

335 3440 635 3512 θρηνεῖται,
665 3445 759 3499 ἐπὶ
784 3447 996 3514 τέκνοις
1023 3450 1354 3506 ἀπολωλόσιν
1383 3452 1780 3526 ὀλοφυρομένη.

408 3549 428 3583 ι
473 3533 639 3587 Ὅταν
662 3535 721 3589 δέ
747 3537 1012 3592 ἀκουστὸν
1042 3539 1268 3613 γένηται
1295 3543 1354 3597 ἐν
1376 3542 1660 3616 Αἰγύπτῳ,
1683 3544 1914 3616 λήψεται

330 3623 528 3690 αὐτοὺς
555 3627 714 3701 ὀδύνη
743 3631 872 3704 περὶ
899 3632 1096 3704 Τύρου.
1140 3635 1428 3692 Ἀπέλθετε
1456 3640 1536 3702 εἰς
1569 3637 1913 3711 Καρχηδόνα,

329 3718 612 3784 ὀλολύξατε
655 3723 704 3776 oi
744 3726 1127 3792 κατοικοῦντες
1165 3731 1225 3783 ἐν
1254 3732 1322 3801 τῇ
1365 3731 1516 3802 νήσῳ
1558 3730 1750 3801 ταύτῃ.
1800 3730 1914 3784 Οὐκ

327 3811 466 3882 αὐτὴ
499 3807 567 3882 ἦν
600 3814 634 3885 ἡ
665 3813 823 3888 ὕϐρις
849 3818 944 3871 ἀπ’
970 3817 1166 3890 ἀρχῆς,
1214 3821 1379 3893 πρινὴ
1407 3821 1778 3891 παραδοθῆναι
1811 3820 1912 3874 αὐ-

328 3904 464 3972 τήν;
514 3903 609 3967 Τίς
654 3905 825 3959 ταῦτα
867 3908 1188 3962 ἐϐούλευσεν
1227 3912 1320 3963 ἐπὶ
1353 3911 1564 3982 Τύρον;
1602 3913 1696 3984 Μὴ
1729 3913 1915 3981 ἥσσων

327 3992 498 4054 ἐστὶν,
541 3991 574 4062 ἢ
612 3994 712 4046 οὐκ
752 3995 962 4065 ίσχύει;
1009 3999 1073 4050 Οἱ
1107 3998 1338 4069 ἔμποροι
1389 4000 1560 4069 αὐτῆς
1610 4001 1658 4054 oi
1713 4001 1913 4067 ἔνδοξοι

327 4084 588 4156 ἄρχοντες
613 4084 715 4154 τῆς
733 4087 856 4156 γῆς.
880 4087 1086 4159 Κύριος
1106 4090 1333 4144 Σαϐαὼθ
1360 4092 1718 4147 ἐϐουλεύσατο
1738 4111 1915 4166 παρα-

326 4173 488 4227 λῦσαι
523 4175 702 4228 πᾶσαν
741 4177 841 4247 τὴν
891 4176 1048 4249 ὕϐριν
1083 4180 1190 4233 τῶν
1226 4181 1480 4246 ἐνδόξων,
1516 4185 1612 4237 καὶ
1643 4185 1912 4255 ἀτιμάσαι

327 4265 436 4317 πᾶν
465 4263 672 4330 ἔνδοξον
711 4267 804 4319 ἐπὶ
835 4267 934 4338 τῆς
979 4269 1103 4340 γῆς.
1144 4289 1163 4322 ι
1225 4271 1386 4326 Ἀλλά
1413 4274 1506 4326 καὶ
1546 4276 1579 4346 ἡ
1613 4276 1910 4344 Αἴγυπτος,

325 4357 388 4410 ἐκ
411 4358 666 4427 γειτόνων
697 4361 1102 4432 παρακειμένη,
1143 4363 1202 4417 ἐς
1229 4363 1412 4438 ὀδύνῃ,
1455 4367 1608 4436 φησὶ,
1641 4371 1912 4439 καταστή-

2088 3542 2254 3597 Vens.
2281 3541 2405 3597 5-9.
2464 3559 2482 3592 ι
2513 3540 2744 3607 Quando
2796 3549 2978 3592 autem
3043 3538 3287 3593 auditum
3338 3538 3500 3595 fuerit
3545 3539 3599 3594 in

2014 3627 2280 3698 Egypto,
2305 3642 2402 3682 eos
2431 3629 2615 3696 capiet
2659 3625 2817 3682 dolor
2844 3627 2910 3681 de
2933 3625 3098 3696 Tyro.
3126 3628 3284 3682 Abite
3315 3627 3605 3699 Carthagi-

2017 3735 2142 3774 nem
2171 3735 2184 3772 :
2217 3719 2420 3773 ululate
2451 3719 2542 3788 qui
2578 3717 2816 3772 incolitis
2855 3718 3086 3772 insulam
3137 3721 3298 3775 banc.
3328 3721 3601 3790 Numquid

2018 3813 2132 3866 haec
2178 3820 2298 3866 erat
2343 3810 2540 3880 injuria
2585 3808 2656 3864 ab
2702 3809 2880 3878 initio,
2924 3811 3240 3880 priusquam
3286 3813 3597 3868 traderetur

2018 3903 2165 3972 ipsa?
2191 3901 2324 3969 Quis
2367 3903 2484 3957 haec
2530 3899 2804 3956 consuluit
2853 3916 3016 3969 super
3043 3902 3289 3973 Tyrum?
3327 3903 3464 3957 Num
3499 3903 3600 3958 im-

2015 3995 2264 4052 becillior
2291 4003 2398 4059 est,
2427 4003 2522 4048 aut
2551 4007 2658 4048 non
2689 3992 2897 4049 viribus
2923 3995 3104 4050 valet?
3131 3994 3455 4051 Mercatores
3480 3995 3598 4064 ejus

2015 4087 2256 4160 gloriosi,
2299 4085 2571 4157 principes
2597 4095 2797 4158 terrai.~
2825 4087 3085 4142 Dominus
3115 4085 3358 4142 Sabaoth
3388 4078 3595 4143 delibe-

2016 4178 2158 4233 ravit
2195 4177 2491 4233 dissolvere
2525 4178 2836 4234 miversam
2887 4178 3274 4234 contumeliam
3331 4178 3596 4249 glorioso-

2015 4288 2172 4336 rum,
2225 4283 2280 4328 et
2342 4272 2634 4343 ignominia
2687 4273 2902 4328 allicere
2963 4288 3126 4328 omne
3186 4273 3478 4344 gloriosum
3539 4275 3594 4329 in

2014 4373 2180 4419 terra.
2206 4383 2224 4416 ι
2258 4363 2456 4420 Verum
2487 4366 2649 4419 etiam
2689 4364 2959 4436 Egyptus
3001 4382 3031 4420 e
3073 4366 3249 4420 vicino
3295 4367 3490 4435 posita,
3539 4368 3592 4422 in

327 4465 497 4514 σεται,
526 4451 882 4522 φροντίζουσα
919 4452 1010 4507 καὶ
1044 4452 1388 4522 ἀγωνίζουσα
1425 4457 1554 4528 περὶ
1597 4458 1787 4529 αὐτῆς,
1833 4461 1908 4531 μή

2021 4459 2217 4522 dolore,
2265 4460 2458 4529 inquit,
2502 4461 2886 4523 mnstituetur,
2922 4458 3157 4512 sollicita
3193 4468 3248 4512 et
3279 4461 3436 4512 anxia
3476 4475 3596 4527 pro-

325 4557 401 4612 πη
434 4540 503 4594 τά
536 4542 698 4612 ὃμοια
731 4543 881 4617 πάθῃ
913 4547 979 4616 τῇ
1014 4546 1246 4617 Τυρίων.
1280 4541 1382 4601 Ὧν
1404 4547 1546 4603 οὕτω
1579 4551 1905 4621 γενομένων,

2021 4558 2132 4618 pter
2163 4549 2327 4609 illam,
2372 4566 2440 4604 ne
2486 4549 2740 4605 videlicet
2788 4564 2974 4618 parem
3018 4546 3194 4618 Tyriae
3226 4549 3594 4603 calamitatem

324 4635 372 4686 εί
399 4632 649 4697 δύνασθε,
682 4613 1012 4706 φησὶίμετά
1035 4613 1161 4701 τοῦς
1192 4639 1539 4706 ἀπολωλότας
1563 4613 1909 4712 ὑ-πολειφθένέ

2021 4643 2267 4711 patiatur.
2304 4641 2486 4697 Rebus
2523 4654 2703 4697 autem
2741 4643 2812 4696 ita
2842 4644 3044 4712 gestis.
3085 4643 3142 4698 Si
3193 4643 3444 4711 potestis,
3488 4643 3592 4706 ait.

321 4744 414 4789 τες
443 4728 501 4780 ἐν
535 4730 599 4799 τῇ
635 4727 816 4800 Τύρῳ,
845 4729 1068 4800 διὰϐητε
1095 4730 1388 4801 φεύγοντες
1429 4734 1521 4785 ἐπὶ
1552 4735 1679 4798 τοὺς
1711 4736 1907 4806 Opere-

2021 4749 2106 4787 vos
2154 4734 2277 4802 qui,
2326 4722 2482 4787 etesis
2517 4732 2658 4800 aliis,
2705 4732 2758 4786 in
2820 4733 2951 4788 urbe
3000 4733 3145 4805 Tyro
3181 4733 3378 4789 residui
3433 4735 3591 4798 estis,

326 4838 454 4891 ρους
496 4821 763 4886 ἀποίκους
808 4822 904 4893 τὴν
953 4823 1277 4895 Καρχηδόνα
1320 4825 1633 4891 οἰκοῦντας·
1682 4829 1906 4881 κάκεῖσε

2021 4825 2247 4894 ;rajicite
2273 4824 2481 4895 profugi
2512 4825 2579 4879 ad
2607 4825 2831 4881 colonos
2863 4835 3076 4880 vestros
3103 4826 3588 4896 Carthaginenses.

325 4914 718 4984 ἀπομείναντες
767 4913 1182 4968 ἀποκλαύσασθε
1229 4915 1328 4986 τὴν
1373 4916 1583 4970 ἑαυτῶν
1630 4919 1866 4990 πατρίδα
1889 4959 1903 4983 ,

2021 4916 2120 4972 Illic
2143 4933 2272 4972 vero
2294 4925 2692 4972 commorantes
2730 4917 2958 4986 patriam
3006 4918 3203 4985 lugete,
3231 4927 3284 4971 et
3312 4929 3586 4986 accusatis,

326 5007 804 5078 καταμεμφόμενοι
839 5007 912 5079 μὴ
945 5006 1164 5078 ἐτέρους
1194 5007 1277 5075 ἐφ’
1315 5003 1397 5071 οἷς
1421 5009 1739 5075 πεποίθατε,
1771 5011 1908 5065 ἀλλά

2021 5025 2114 5063 non
2146 5009 2281 5063 alios
2313 5011 2622 5079 quospiam,
2649 5009 2846 5078 quibus
2891 5008 3158 5074 lidebatis,
3206 5011 3300 5064 sed
3349 5021 3586 5064 vostram

324 5100 422 5168 τὴν
470 5100 622 5170 ὑμῶν
672 5099 853 5155 αὐτῶν
906 5100 1286 5172 ὑπερηφανίαν
1333 5101 1427 5154 καὶ
1483 5102 1584 5175 τὴν
1634 5103 1814 5176 ὓϐριν,

2021 5101 2317 5170 superbiam
2367 5108 2424 5155 et
2461 5101 2872 5165 contumeliam,
2907 5118 3010 5171 qua
3049 5101 3169 5156 illos
3200 5118 3393 5156 omnes
3436 5117 3587 5155 corn-

324 5192 532 5257 πάντας
556 5193 751 5258 αὐτοὺς
779 5192 1123 5265 περιϐάλλειν
1156 5193 1468 5264 ἐπειρᾶσθε.
1497 5194 1578 5248 Τά
1605 5195 1662 5248 δὲ
1697 5196 1904 5266 συμϐε-

2021 5193 2209 5264 plicare
2239 5194 2418 5249 conati
2458 5195 2610 5248 estis.
2641 5196 2834 5249 Casum
2868 5210 3030 5264 porro
3058 5204 3321 5261 vestrum,
3347 5210 3382 5250 ο
3408 5191 3586 5265 Tyrii,

321 5281 529 5352 ϐηκότα
562 5283 712 5353 ὑμῖν,
738 5278 784 5338 ὦ
818 5283 1027 5356 Τύριοι,
1066 5283 1143 5356 μὴ
1187 5285 1530 5356 εἱμαρμένης
1564 5286 1904 5358 ἐπιγράφετε

2021 5301 2077 5342 ιε
2127 5286 2221 5341 fati
2271 5287 2588 5343 necessitati
2639 5288 2959 5352 aseribatis;
3009 5289 3104 5343 sed
3146 5289 3198 5341 in
3251 5288 3410 5342 vobis
3453 5288 3587 5356 ipsis

319 5375 564 5446 ἀνάγκῃο
618 5374 753 5429 ἀλλά
806 5377 1075 5446 ζητήσατε
1129 5378 1260 5448 παρ’
1305 5377 1551 5441 ἑαυτοῖς,
1596 5377 1681 5442 τίς
1729 5378 1901 5432 ταῦτα

2021 5380 2253 5450 lumrite,
2282 5379 2405 5449 quis
2436 5379 2552 5434 hare
2598 5379 2828 5435 consilia
2867 5381 3072 5445 inierit,
3104 5380 3228 5449 quis
3256 5380 3324 5433 ad
3373 5388 3584 5434 tantam

320 5466 698 5533 ἐϐουλεύσατο,
731 5467 811 5531 τίς
846 5468 1027 5538 ἔκρινε
1067 5469 1236 5524 ταῦτα
1272 5469 1465 5524 παθεῖν
1495 5471 1595 5542 τὴν
1625 5472 1898 5543 ὑμετέραν

2021 5472 2370 5529 :alantitatem
2431 5474 2662 5543 patriam
2721 5483 2960 5528 vestram
3027 5472 3388 5526 damnaverit.
3441 5469 3581 5526 Nam

321 5556 575 5628 πατρίδα.
619 5553 916 5629 Ζητοῦντες
947 5558 1056 5630 γάρ
1088 5561 1349 5633 εὑρήσετε
1395 5562 1454 5613 ἐν
1501 5561 1688 5632 δικαίᾳ
1719 5562 1899 5633 κρίσει

2021 5566 2376 5635 .lisquirentcs
2409 5567 2846 5636 deprehendetis,
2888 5567 3003 5622 haec
3027 5564 3178 5633 justo
3201 5563 3409 5632 judicio
3435 5566 3582 5619 acci-

318 5649 389 5703 τά
432 5648 655 5702 τοιαῦτα
707 5647 1138 5721 συμϐεϐηκέναιυ
1181 5653 1385 5725 Κύριος
1422 5654 1530 5726 γὰρ
1578 5652 1826 5720 Σαϐαὼθ,
1870 5657 1901 5708 ό

2021 5659 2188 5713 lisse:
2227 5659 2482 5714 Dominus
2531 5659 2732 5729 quippe
2781 5659 3054 5725 Sabaoth,
3097 5659 3190 5727 qui
3243 5657 3384 5725 apud
3439 5656 3583 5713 solos

322 5739 474 5812 πιρά
514 5741 699 5811 ,μόνοις
744 5740 1016 5812 Ἑϐραίοις
1083 5741 1520 5817 θεολογούμενος,
1581 5741 1768 5800 τοῦτον
1815 5742 1898 5808 ἐξ-

2021 5749 2260 5805 [Iebraeos
2323 5767 2419 5822 pro
2476 5750 2582 5805 Deo
2639 5752 2885 5817 habetur,
2943 5753 3042 5806 hoc
3101 5748 3382 5804 decretum
3451 5761 3579 5818 pro-

325 5831 523 5901 ήνεγκε
553 5830 642 5886 τὸν
669 5832 811 5906 ὅρον⁸
