4118 6458
519 416 628 472 255

602 537 764 595 Vens.
806 537 895 605 lo,
949 538 1036 592 ll.
1083 554 1103 588 ι
1132 534 1372 606 Operare
1423 544 1624 589 terram
1677 541 1822 587 tuam
1864 550 1880 587 :

525 631 674 686 enim
711 644 814 685 non
862 628 1093 698 amplius
1135 627 1355 683 veniunt
1389 624 1740 694 Carthagine.
1775 624 1965 679 Manus
2008 640 2107 678 au-

532 732 639 779 tem
669 733 759 778 tua
792 722 922 776 nihil
961 728 1138 791 potest
1170 719 1403 787 amplius
1442 719 1495 772 in
1538 718 1700 781 mari,
1743 732 1865 785 qua:
1906 732 2111 787 provo-

531 807 693 862 cabat
719 820 934 875 reges.»
992 802 1070 857 Ne
1119 804 1283 873 igitur
1327 802 1563 871 amplius
1612 801 1920 872 superbias,
1973 814 2111 856 neve

530 907 851 966 arroganter
882 911 1033 966 agas,
1073 894 1145 949 ob
1178 895 1398 950 divitias
1428 905 1483 949 et
1508 909 1640 963 opes
1670 893 1807 947 mari
1852 893 2111 948 advectas

532 987 627 1043 tibi
674 1004 689 1041 :
740 1001 927 1041 verum
981 986 1237 1054 depressa
1288 995 1344 1040 et
1396 985 1637 1048 humilis,
1663 984 1900 1039 colenda:
1952 993 2111 1039 terra:

504 1092 684 1139 .vaca,
720 1086 782 1131 ut
827 1075 1091 1131 fructibus
1123 1087 1285 1131 terrae
1317 1091 1384 1129 ex
1431 1074 1761 1145 agricultura
1795 1074 1966 1144 partis
2012 1089 2112 1128 nu-

532 1168 779 1224 tt-iaris:
835 1168 1045 1223 marina
1106 1167 1379 1236 siquidem
1441 1168 1535 1222 tibi
1594 1168 1745 1221 lucra
1803 1178 2107 1221 cessarunt.

527 1258 664 1315 Nam
691 1261 817 1314 dum
850 1259 918 1315 iis
964 1259 1256 1323 fruebaris,
1288 1257 1601 1314 felicitatem
1633 1256 1777 1313 ferre
1822 1269 1968 1313 tuam
2005 1274 2111 1314 non

498 1402 510 1427 1,
527 1361 772 1421 poteras.
813 1350 908 1406 sed
941 1350 1153 1405 vicinos
1180 1364 1337 1419 reges
1375 1364 1565 1404 omnes
1604 1350 1947 1406 contumeliis
1988 1365 2113 1419 pro—

527 1444 782 1503 vocabas.
814 1443 1080 1498 Cazterum
1116 1443 1232 1496 haec
1282 1441 1423 1497 ultra
1469 1440 1654 1498 facere
1687 1442 1785 1497 tibi
1837 1457 1944 1497 non
1982 1441 2113 1497 lice-

526 1535 639 1603 bit,
684 1550 861 1606 neque
911 1548 1104 1591 contra
1136 1535 1274 1591 alios
1325 1536 1646 1606 quospiam,
1694 1550 1872 1605 neque
1920 1547 2111 1590 contra

518 1628 817 1684 .linitimam
843 1627 1124 1695 Sidonem,
1151 1641 1314 1697 quam
1342 1626 1539 1682 laedere
1565 1628 1840 1681 teutabas.
1871 1644 1890 1680 ι
1923 1627 2113 1682 Manus

531 1731 711 1776 autem
745 1731 836 1775 tua
868 1720 1001 1775 nihil
1034 1727 1211 1789 potest
1237 1718 1507 1789 amplius;
1539 1738 1559 1772 ι
1593 1718 1848 1775 videlicet
1873 1729 2114 1791 potestas

530 1811 703 1882 regia,
734 1825 839 1881 qua
867 1810 997 1865 olim
1029 1811 1241 1864 ﬁrmata
1266 1818 1403 1863 erat.

1234 408 1504 469 EUSEBII
1540 406 2025 466 CESARIENSIS
2061 406 2216 464 OPP.
2256 403 2438 460 PARS
2476 399 2565 458 111.
2606 431 2677 443 -
2714 398 3105 455 EXEGETICA

1940 547 2105 587 naves
2133 550 2180 600 Α
2282 547 2302 579 ι
2352 523 2619 597 Ἐργάζου
2658 522 2757 594 τὴν
2798 522 2901 593 γῆν
2946 535 3075 573 σουο
3122 512 3362 584 καὶγὰρ
3411 510 3568 565 πλοῖα
3607 507 3806 561 οὐκέτι

3662 386 3812 441 ’236

2208 621 2425 693 ἔρχεται
2451 619 2517 670 ἐκ
2548 614 2920 687 Καρχηδόνος,
2960 612 3025 665 Ἥ
3050 610 3106 664 δὲ
3128 608 3250 680 χείρ
3279 624 3373 660 σου
3401 604 3589 663 ούκέτι
3620 602 3809 671 ἰσχύει

2209 710 2353 766 κατὰ
2391 708 2689 772 θάλασσαν,
2732 708 2765 779 η
2801 703 3179 778 παροξύνουσα
3216 696 3474 770 βασιλεῖς.
3518 714 3537 747 ι
3579 693 3810 763 Μηκέτι

2208 806 2390 858 τοίνυν
2431 800 2660 875 ἐπαίρου
2691 801 2767 864 ὡς
2803 797 2944 869 αὐτὴ
2982 788 3470 866 μεγαλαυχουμένη
3504 785 3597 839 ἐπὶ
3624 782 3703 854 τῷ
3726 784 3811 875 ἐκ

2210 897 2488 966 θαλάσσης
2521 874 2867 966 ποριζομένῳ
2898 906 2981 942 σοι
3014 885 3261 955 πλούτῳ·
3292 878 3691 936 ταπεινωθεῖσα
3715 874 3807 966 δὲ,

2212 988 2339 1057 περὶ
2381 963 2481 1054 την
2526 963 2730 1052 σαυτῆς
2768 976 2998 1050 άσχολοῦ
3030 976 3133 1047 γῆν
3159 969 3530 1043 γεωπονοῦσα,
3560 966 3654 1021 καὶ
3688 963 3810 1018 ἀπὸ

2208 1079 2318 1132 τῶν
2354 1077 2464 1131 άπὸ
2486 1076 2588 1147 γῆς
2626 1070 2856 1145 καρπῶν
2894 1066 3202 1142 τρεφομένη
3222 1082 3237 1096 ·
3271 1062 3549 1116 πέπαυται
3575 1059 3685 1128 γάρ
3714 1071 3810 1108 σοι

2209 1171 2280 1224 τὰ
2307 1171 2414 1225 ἀπὸ
2455 1169 2555 1241 τῆς
2593 1166 2871 1235 θαλάσσης
2903 1161 3091 1233 κέρδη.
3136 1160 3247 1213 Καὶ
3278 1158 3387 1227 γὰρ
3419 1153 3623 1207 τούτων
3663 1152 3811 1205 ἀπσ-

2210 1263 2472 1328 λαύουσα,
2512 1261 2614 1315 οὐκ
2661 1259 2855 1329 ἔφερες
2905 1255 3074 1324 αὐτῆς
3125 1252 3222 1322 τὴν
3270 1246 3644 1319 εὐδαιμονίαν
3680 1242 3811 1298 ἀλλ’

2213 1355 2507 1428 ἐξύϐρισας
2547 1351 2927 1425 παροξύνουσα
2961 1345 3201 1418 βασιλεῖς
3246 1342 3453 1404 πάντας
3492 1340 3619 1401 τοὺς
3661 1335 3813 1408 πλη-

2215 1446 2533 1520 σιοχώρους.
2565 1445 2713 1518 Πλὴν
2745 1439 2931 1496 οὐκέτι
2955 1455 3038 1492 σοι
3059 1436 3231 1492 ταῦτα
3259 1435 3520 1507 πράττειν
3560 1428 3807 1496 ἐξέσται,

2213 1542 2335 1598 οὐδὲ
2365 1540 2485 1596 καθ’
2514 1538 2741 1609 ἐτέρων,
2764 1536 2885 1590 ούδέ
2911 1531 3052 1588 κατὰ
3072 1529 3173 1600 τῆς
3195 1526 3421 1599 πλησίον
3444 1542 3526 1578 σοι
3546 1522 3808 1586 Σιδῶνος,

2213 1634 2282 1707 ἢν
2328 1633 2422 1687 καὶ
2451 1630 2621 1702 αὐτὴν
2650 1629 2859 1684 ἀδικεῖν
2903 1624 3219 1696 ἐπιχειρεῖς.
3279 1641 3297 1671 ι
3358 1618 3422 1672 Ἡ
3454 1617 3511 1671 δέ
3542 1614 3662 1687 χείρ
3706 1630 3815 1668 σου

2214 1727 2402 1781 οὐκέτι
2436 1724 2641 1796 ίσχύει·
2693 1742 2712 1775 ι
2753 1721 2899 1791 λέγω
2926 1719 2992 1790 δὴ
3018 1721 3056 1789 ἡ
3092 1716 3321 1787 δύναμις
3352 1713 3385 1785 ἡ
3417 1709 3688 1782 βασιλικὴ,
3735 1707 3814 1761 δι’

2217 1814 2286 1893 ἧς
2314 1818 2376 1872 τὸ
2404 1817 2574 1872 πάλαι
2600 1814 2909 1887 ὠχύρωται.

606 1904 767 1959 Vns.
796 1903 990 1959 12-16.
1026 1922 1044 1955 ι
1078 1903 1339 1959 Dominus
1374 1904 1714 1959 exercituum
1752 1903 2007 1973 praecepit
2049 1901 2116 1957 de

2297 1928 2316 1962 ι
2368 1908 2575 1980 Κύριος
2621 1903 2849 1960 Σαϐαὼθ
2892 1899 3193 1955 ἐνετείλατο
3238 1896 3368 1967 περὶ
3415 1893 3658 1956 Χαναὰν,
3699 1892 3816 1947 άπ-

532 1994 815 2061 Chanaan,
849 2005 910 2049 ut
941 1994 1265 2064 perderetur
1299 1993 1416 2064 ejus
1447 1997 1631 2049 robur.
1669 1994 1735 2049 Et
1765 1995 1970 2058 dicent,
2000 1992 2116 2049 Non

533 2086 678 2139 ultra
706 2084 975 2155 adjicietis
1001 2086 1360 2141 contumelias
1404 2097 1460 2141 et
1494 2086 1726 2154 injurias
1760 2086 1963 2142 inferre
1997 2086 2121 2141 lilia:

533 2176 687 2231 Sion.
724 2176 791 2231 Et
817 2175 861 2231 si
910 2175 1114 2231 abieris
1141 2177 1208 2230 ad
1241 2175 1556 2241 Cittienses,
1589 2192 1764 2247 neque
1805 2178 1876 2231 ibi
1907 2178 2121 2247 requies

529 2267 635 2322 erit
663 2267 759 2323 tibi
789 2291 803 2324 :
831 2279 887 2324 et
913 2269 960 2324 si
990 2269 1058 2322 ad
1093 2277 1296 2324 terram
1320 2268 1722 2333 Chaldaeorum,
1753 2270 1868 2340 ipsa
1899 2285 2121 2340 quoque

530 2360 603 2416 ab
641 2361 883 2432 Assyriis
913 2370 1124 2417 vastata
1151 2371 1257 2425 est,
1290 2376 1464 2431 neque
1497 2362 1572 2418 ibi
1601 2364 1707 2417 erit
1737 2362 1835 2417 tibi
1875 2363 2119 2433 requies,

530 2455 658 2525 quia
699 2470 889 2511 murus
912 2454 1029 2525 ejus
1048 2455 1270 2510 cecidit.
1299 2454 1532 2521 Ululate,
1566 2469 1732 2510 naves
1751 2454 2119 2526 Carthaginis,

529 2544 656 2615 quia
692 2547 855 2617 periit
899 2545 1133 2601 munitio
1164 2553 1371 2600 vestra.
1414 2544 1477 2599 Et
1518 2547 1625 2601 erit
1661 2546 1717 2601 in
1768 2546 1857 2601 die
1903 2546 1990 2600 illa
2034 2562 2122 2601 re-

528 2636 811 2707 linquetur
855 2636 1035 2707 Tyrus
1084 2651 1191 2690 us
1253 2637 1448 2702 annuis,
1493 2636 1637 2691 sicut
1690 2647 1902 2707 tempus
1957 2638 2121 2708 regis,

531 2727 679 2783 sicut
715 2737 927 2797 tempus
960 2726 1222 2782 hominis.
1265 2726 1332 2781 Et
1361 2729 1471 2782 erit
1516 2737 1640 2797 post
1686 2743 1862 2783 annos
1905 2738 2125 2797 septua-

532 2822 705 2891 ginta,
729 2822 837 2876 erit
859 2819 1036 2891 Tyrus
1062 2829 1322 2889 tauquam
1353 2820 1627 2876 canticum
1653 2819 1934 2875 adulterae.
1957 2820 2126 2876 Sume

531 2914 823 2977 citharam,
868 2912 1075 2980 circui,
1119 2912 1319 2968 civitas
1364 2911 1642 2977 adultera,
1689 2910 1956 2967 oblivioni
2008 2921 2124 2966 tra-

532 3006 647 3061 dita
675 3024 688 3060 :
723 3005 861 3060 bene
893 3006 1046 3076 pulsa
1077 3005 1365 3069 citharam,
1402 3004 1568 3058 multa
1600 3019 1761 3072 cane,
1796 3015 1856 3059 ut
1892 3007 1967 3060 tui
2011 3022 2127 3062 nte-

534 3097 710 3153 moria
750 3096 1003 3153 exsistat.
1025 3115 1047 3149 ι
1082 3096 1212 3163 Quae
1252 3110 1418 3165 porro
1444 3105 1637 3151 contra
1663 3095 1869 3167 Tyrum
1911 3098 1964 3151 in
2001 3098 2130 3151 vati-

535 3190 683 3246 ciuio
731 3189 999 3251 feruntur.
1048 3190 1232 3245 omnia
1287 3189 1476 3260 paucis
1522 3190 1681 3246 annis
1730 3190 2125 3246 absolventur:

2220 2002 2405 2057 ολέσαι
2446 2001 2619 2073 αὐτῆς
2649 1999 2747 2072 τὴν
2775 1996 2950 2069 ίσχύν.
2980 1994 3091 2048 Καὶ
3118 1989 3356 2064 ἐροῦσιν
3404 1988 3604 2042 Οὐκέτι
3633 1985 3692 2039 ού
3733 1984 3820 2057 μὴ

2220 2094 2561 2170 προσθήσετε
2600 2092 2696 2147 τοῦ
2728 2091 2970 2164 ὑϐρίζειν
3008 2087 3103 2143 καί
3144 2086 3351 2140 ἀδικεῖν
3386 2079 3819 2153 τὴν⁴τθυγατέρα

2220 2188 2381 2244 Σιών.
2423 2189 2534 2242 Καὶ
2574 2186 2670 2240 ἐὰν
2705 2184 2949 2256 ἀπέλθῃς
2989 2184 3068 2245 εἰς
3102 2180 3361 2241 Κιττιεῖς,
3392 2174 3512 2228 οὐδὲ
3538 2175 3654 2228 ἐκεῖ
3681 2171 3821 2226 άνά-

2222 2295 2426 2343 παυσις
2447 2277 2601 2331 ἔσται
2640 2293 2755 2329 σοι’
2800 2276 2894 2329 καὶ
2930 2275 3013 2338 εἰς
3046 2275 3148 2344 γῆν
3191 2269 3496 2329 Χαλδαίων,
3542 2266 3636 2320 καὶ
3672 2264 3817 2335 αύτὴ

2220 2371 2516 2443 ἠρήμωται
2544 2369 2655 2422 άπὸ
2690 2367 2802 2422 τῶν
2847 2365 3151 2437 Ἀσσυρίων
3174 2404 3189 2427 ,
3220 2361 3342 2415 ούδέ
3390 2361 3509 2413 ἐκεῖ
3559 2375 3640 2411 σοι
3681 2356 3818 2410 ἀνά·-

2222 2478 2426 2525 παυσις
2456 2460 2644 2515 ἐσται·
2687 2459 2771 2513 ὃτι
2814 2459 2845 2511 ό
2879 2460 3058 2528 τοῖχος
3096 2454 3265 2524 αὐτῆς
3310 2451 3622 2505 πέπτωκεν.
3666 2448 3818 2500 Ὀλο-

2221 2554 2442 2618 λύξατε,
2476 2553 2637 2606 πλοῖα
2662 2549 3032 2623 Καρχηδόνος,
3066 2549 3147 2602 ὅτι
3174 2544 3423 2600 ἀπώλετο
3462 2541 3524 2597 τὸ
3552 2541 3816 2613 ὀχύρωμα

2223 2646 2399 2717 ὑμῶν.
2440 2645 2549 2699 Καὶ
2589 2645 2741 2697 ἐσται
2771 2645 2830 2695 ἐν
2859 2644 2924 2713 τῇ
2962 2640 3145 2713 ἡμέρᾳ.
3176 2636 3361 2709 ἐκείνῃ
3385 2633 3815 2704 καταλειφθήσε-

2224 2755 2316 2792 ται
2353 2736 2529 2809 Τύρος
2564 2736 2660 2807 ἐτη
2716 2742 2777 2799 o',
2824 2734 2898 2799 ὡς
2933 2732 3127 2804 χρόνος
3177 2729 3463 2802 βασιλέως,
3506 2727 3584 2790 ὡς
3625 2725 3814 2800 χρόνος

2227 2830 2543 2903 ἀνθρώπου.
2589 2828 2701 2882 Καὶ
2743 2827 2893 2880 ἕσται
2933 2824 3070 2896 μετὰ
3110 2822 3180 2877 τὰ
3222 2821 3405 2892 θ’ἐτη,
3449 2819 3602 2872 ἔσται
3641 2816 3815 2889 Τύρος

2225 2923 2303 2987 ὼς
2344 2918 2500 2994 ᾆσμα
2540 2921 2767 2993 πόρνης.
2802 2918 2951 2973 Λάϐε
2995 2915 3248 2986 κιθάραν,
3291 2912 3614 2985 ρέμϐευσον,
3661 2908 3814 2975 πόλις

2229 3014 2403 3084 πόρνη
2448 3009 2873 3081 ἐπιλελησμένη,
2906 3006 3089 3070 καλῶς
3118 3005 3420 3077 κιθάρισον,
3455 3000 3624 3055 πολλά
3659 2996 3816 3072 ᾆσον,

2228 3104 2317 3158 ἶνα
2346 3119 2440 3156 σου
2473 3102 2633 3173 μνεία
2658 3101 2910 3172 γένηται.
2951 3116 2971 3149 ι
3013 3095 3093 3149 Τά
3118 3096 3174 3149 δὲ
3200 3092 3645 3167 προφητευόμενα
3672 3089 3819 3143 κατά-

2227 3197 2329 3265 τῆς
2360 3195 2539 3268 Τύρου
2574 3193 2751 3247 πάντα
2781 3195 2839 3245 ἐν
2872 3189 3074 3257 ὀλίγοις
3111 3186 3256 3240 ἔτεσι
3293 3183 3764 3254 συντελεσθήσεται
3787 3195 3811 3215 ι

535 3283 738 3354 quibus
767 3282 932 3337 etiam
965 3282 1162 3338 civitas
1192 3280 1305 3338 Deo
1348 3293 1695 3348 consecrata,
1743 3284 1962 3338 deserta
2002 3282 2123 3336 fuit.

2233 3289 2293 3342 ἐν
2324 3281 2404 3351 οἷς
2433 3286 2527 3340 καὶ
2555 3286 2589 3356 ἡ
2615 3283 2696 3355 τῷ
2721 3282 2840 3354 Θεῷ
2866 3278 3220 3352 ἀφιερωμένη
3252 3277 3405 3340 πόλις
3432 3274 3665 3345 κατέστη
3688 3272 3815 3345 ἐρη-

537 3375 794 3431 Decrevit
817 3375 1017 3445 quippe
1039 3369 1231 3441 'Deus,
1275 3374 1438 3430 unius
1487 3376 1722 3431 hominis
1768 3376 1894 3429 vitae
1924 3375 2123 3444 spatio,

537 3466 658 3520 sive
705 3465 869 3519 etiam
920 3466 1081 3521 unius
1124 3465 1318 3520 annosi
1374 3464 1520 3533 regis
1567 3465 1885 3531 dominatu,
1931 3479 2127 3536 nempe

538 3542 884 3627 septuaginta
917 3558 1097 3625 anuis,
1147 3557 1383 3612 futuram
1421 3557 1550 3630 Tyri
1599 3557 1949 3613 solitudinem
1992 3557 2126 3613 deii-

539 3650 679 3705 nire.
709 3649 766 3704 lu
800 3650 889 3705 his
923 3660 1104 3704 autem
1153 3648 1497 3720 septuaginta
1543 3648 1725 3715 annis,
1770 3649 2042 3704 canticum
2072 3657 2128 3704 et

539 3756 758 3797 carmen
797 3743 865 3797 de
912 3742 1171 3797 vastitate
1219 3752 1310 3797 tua
1362 3752 1564 3797 canent
1610 3756 1802 3796 omnes
1853 3741 2124 3805 homines,

538 3835 631 3903 qui
660 3843 712 3889 te
758 3833 885 3888 nlim
921 3844 1178 3890 accurate
1230 3842 1517 3898 noverant,
1560 3834 2014 3904 quemadmodum
2059 3837 2130 3889 de

539 3926 771 3983 muliere
796 3942 827 3981 a
861 3930 1056 3983 decore
1086 3941 1186 3982 suo
1221 3926 1392 3995 lapsa.
1422 3923 1504 3980 Tu
1535 3941 1669 3981 vero
1699 3927 1814 3995 ipsa
1848 3935 1961 3981 toto
1990 3924 2127 3980 soli-

544 4017 748 4073 tudinis
774 4026 879 4073 tum
920 4029 1183 4088 tempore,
1225 4019 1654 4088 circumquaque
1680 4017 1897 4082 oberra,
1925 4030 2132 4087 gyrans

542 4118 601 4167 et
624 4127 654 4165 a
684 4109 803 4166 loco
834 4112 887 4165 in
920 4111 1095 4166 locum
1130 4121 1497 4177 transmeans,
1525 4122 1691 4181 atque
1718 4110 1862 4181 apud
1889 4111 2132 4179 reliquas

542 4212 736 4274 gentes
779 4202 1076 4258 fornicans.
1105 4201 1261 4270 Quod
1289 4202 1333 4258 si
1367 4203 1538 4269 vales,
1584 4217 1769 4257 sumas
1799 4200 1924 4256 licet
1955 4201 2125 4256 citha-

542 4312 661 4352 ram
693 4306 862 4362 tuam,
891 4310 994 4349 non
1021 4303 1078 4349 ut
1106 4294 1436 4357 meretricio,
1465 4295 1560 4350 sed
1589 4303 1649 4348 ut
1673 4294 1924 4363 prudenti
1955 4309 2126 4361 more,

539 4387 907 4443 instrumento
959 4388 1130 4443 utaris
1178 4397 1293 4443 tuo.
1345 4386 1572 4441 Multum
1623 4387 1833 4441 cithara
1892 4387 2040 4449 lude,
2073 4395 2131 4441 et

539 4481 769 4536 multum
797 4494 955 4544 caue,
982 4494 1046 4533 ac
1074 4492 1265 4550 preces
1296 4479 1825 4550 supplicationesque
1854 4481 1922 4533 ad
1958 4478 2129 4533 Deum

542 4574 770 4630 emitte:
802 4575 881 4628 sic
907 4574 1051 4628 enim
1099 4571 1206 4627 erit
1248 4571 1628 4628 tui-memoria
1681 4571 1821 4640 apud
1860 4572 2050 4636 Deum,
2083 4571 2129 4625 si

543 4666 1000 4724 modulationibus
1036 4668 1258 4733 cantici,
1286 4677 1341 4723 et
1370 4666 1415 4723 si
1448 4665 1698 4723 sensibus
1727 4666 1866 4737 ejus,
1906 4664 2133 4720 citharae

542 4762 741 4825 instar,
797 4760 1088 4829 prudenter
1140 4760 1337 4825 utaris,
1385 4769 1753 4831 temperanter
1792 4761 2015 4825 vivens,
2066 4775 2131 4815 ac

544 4854 658 4908 Deo
689 4854 944 4923 placitum
989 4867 1204 4910 cantum
1243 4857 1436 4912 edens.
1465 4853 1557 4910 Sic
1592 4856 1698 4909 crit
1730 4855 1990 4909 memoria
2028 4855 2127 4921 tui,

545 4947 657 5002 Deo
687 4960 739 5002 te
773 4948 1150 5003 recordatione
1180 4963 1276 5004 sua
1312 4949 1591 5021 dignante.

615 5129 778 5185 Vlns.
808 5129 893 5183 Π.
937 5149 954 5181 ι
985 5130 1051 5184 Et
1079 5131 1183 5186 erit
1231 5142 1353 5201 post
1400 5147 1574 5186 annos
1605 5133 1973 5203 septuaginta,
2004 5132 2136 5187 visi-

543 5221 683 5277 tabit
712 5222 856 5279 Deus
891 5223 1114 5295 Tyrum,
1146 5236 1199 5281 et
1239 5242 1460 5281 rttrsum
1514 5226 1833 5280 restituetur
1868 5227 1920 5280 in
1960 5225 2139 5295 pristi-

543 5328 696 5381 nttm,
719 5322 775 5367 ct
807 5315 911 5370 erit
943 5319 1244 5386 emporium
1278 5318 1530 5373 oumibus
1576 5319 1758 5387 regnis
1789 5318 1939 5373 orbis
1974 5333 2136 5387 super

546 5406 739 5462 faciem
791 5419 971 5464 terrm.
996 5430 1014 5462 θ
1057 5410 1385 5479 Supradicto
1423 5410 1610 5480 elapso
1646 5422 1909 5481 tempore,
1948 5410 2135 5465 visita-

548 5498 747 5554 tionem
791 5501 910 5571 ejus
958 5503 1321 5565 nancisceris,
1367 5516 1430 5556 ac
1477 5502 1786 5557 restitueris
1828 5503 1882 5556 in
1931 5510 2132 5556 statum

548 5589 868 5659 pristinum;
902 5592 976 5647 ita
1020 5605 1078 5646 nt
1113 5608 1328 5647 rursum
1366 5607 1534 5662 penes
1566 5601 1617 5647 te
1664 5592 1966 5664 emporium
2000 5607 2133 5648 con-

549 5682 829 5749 stituatur,
853 5700 919 5739 ac
944 5695 1133 5755 gentes
1157 5686 1520 5756 umlequaque
1549 5685 1867 5745 festinanter
1889 5683 2133 5754 alliuant,

550 5784 607 5831 et
638 5788 846 5833 merces
873 5791 999 5833 suas
1029 5779 1094 5833 ad
1124 5789 1175 5833 te
1204 5777 1452 5836 deferant

2237 3398 2357 3453 μος.
2391 3381 2616 3451 Ἔκρινε
2649 3378 2758 3448 γὰρ
2786 3379 2815 3430 ὁ
2836 3376 2968 3438 Θεὸς
2991 3371 3281 3446 ἀνθρώπου
3306 3370 3423 3436 ἐνὶκ
3446 3368 3590 3440 ζωῆς
3615 3367 3819 3439 χρόνῳ,

2233 3473 2379 3542 λέγω
2415 3471 2474 3525 δὲ
2512 3470 2881 3541 ἐϐδομήκοντα
2923 3465 3122 3528 ἐτεσιν,
3161 3462 3342 3535 ὁρίσαι
3377 3461 3477 3534 τὴν
3520 3459 3825 3532 μέλλουσαν

2233 3565 2589 3637 διαλήψεσθαι
2632 3561 2869 3636 ἐρημίαν
2912 3561 3012 3631 τὴν
3063 3559 3272 3628 Τύρον,
3322 3558 3355 3628 ἢ
3414 3556 3509 3611 καὶ
3558 3554 3816 3628 βασιλέως

2235 3658 2355 3723 ἐνὸς
2394 3654 2686 3718 πολυετοῦς
2708 3655 2902 3726 ἀρχήν.
2944 3653 3033 3705 Ἑν
3071 3651 3128 3705 δὲ
3154 3650 3366 3713 τούτοις
3399 3650 3511 3711 τοῖς
3551 3645 3594 3701 o’
3622 3646 3816 3707 ἐτεσιν,⁸

2235 3749 2379 3821 ᾠδὴν
2409 3748 2504 3802 καὶ
2531 3743 2682 3818 ᾇσμα
2716 3747 2845 3817 περὶ
2870 3744 2969 3816 τῆς
3001 3743 3101 3814 σῆς
3125 3741 3361 3817 ἐρημίας
3394 3739 3585 3812 ᾄσουσι
3619 3739 3811 3799 πάντες

2235 3840 2513 3913 ἄνθρωποι
2549 3840 2596 3894 οἱ
2626 3837 2794 3892 πάλαι
2837 3853 2897 3889 σε
2936 3833 3181 3907 ἀκριϐῶς
3218 3832 3439 3896 εἰδότες.
3480 3831 3557 3893 ὡς
3598 3830 3691 3882 ἐπὶ
3722 3846 3815 3897 γυιι

2236 3934 2383 3988 ναικὶ
2422 3930 2731 4001 ἐκπεσούσῃ
2775 3932 2876 4001 τῆς
2924 3928 3061 3993 ιδίας
3105 3925 3292 3999 τιμῆς.
3325 3925 3440 3991 Καὶ
3485 3925 3550 3978 σὺ
3589 3924 3647 3978 δὲ
3686 3921 3821 3994 «se;

2236 4025 2489 4100 περίελθε
2532 4025 2625 4079 τὸν
2660 4024 2751 4077 σὺν
2804 4023 2997 4095 χρόνον
3034 4020 3137 4092 τῆς
3183 4019 3439 4091 ἐρημίας,
3487 4016 3822 4090 ῥεμϐομένη,

2238 4121 2334 4176 xui.
2364 4120 2531 4173 τόπον
2570 4120 2634 4171 ἐκ
2675 4115 2843 4169 τόπου
2880 4113 3275 4185 μεθισταμένη,
3314 4111 3409 4165 καὶ
3440 4112 3521 4175 εἰς
3555 4107 3623 4163 τά
3660 4105 3826 4161 λοιπὰ

2237 4213 2366 4284 ἐθνη
2393 4210 2817 4282 ἐκπορνεύουσα.
2851 4207 2916 4260 El
2940 4206 2998 4260 δέ
3026 4204 3251 4259 δύνασαι
3272 4201 3512 4257 λαϐοῦσα
3536 4201 3635 4271 τὴν
3664 4206 3826 4252 σεαυὲ-

2235 4307 2336 4378 τῆς
2388 4303 2621 4374 κιθάραν
2681 4299 2877 4372 μηκέτι
2931 4296 3202 4370 πορνικῷ,
3250 4296 3365 4349 ἀλλ’
3415 4288 3827 4364 ἐπιστημονικῷ

2237 4395 2544 4469 χρήσασθαι
2577 4392 2656 4463 τῷ
2687 4393 2888 4462 σαυτῆς
2915 4389 3153 4462 ὀργάνῳ,
3188 4386 3360 4442 πολλὰ
3392 4385 3695 4457 κιθάρισον,
3726 4382 3829 4437 καὶ

2240 4487 2412 4542 πολλὰ
2438 4483 2591 4559 ᾇσον,
2626 4485 2721 4539 καὶ
2752 4484 2820 4537 δι’
2854 4483 3029 4553 εύχῶν
3062 4483 3157 4535 καὶ
3191 4481 3479 4553 ἱκετηρίων
3511 4479 3685 4547 λόγων
3714 4476 3827 4530 τῶν

2240 4580 2378 4653 πρὸς
2404 4580 2555 4633 Θεό-ι·
2581 4576 2723 4631 οὕτω
2748 4577 2859 4647 γὰρ
2886 4575 3037 4628 ἔσται
3065 4591 3157 4627 σου
3190 4574 3349 4645 μνεία
3379 4572 3515 4643 πρὸς
3546 4571 3638 4624 τὸν
3667 4569 3825 4636 Θεὸν,

2238 4676 2288 4727 εἰ
2317 4675 2428 4736 τοῖς
2463 4671 2649 4743 μέλεσι
2676 4669 2772 4723 τοῦ
2800 4670 3042 4741 ᾅσματος
3071 4669 3166 4721 καὶ
3194 4670 3304 4730 τοῖς
3328 4664 3700 4738 αἰσθητηρίοις
3729 4664 3829 4718 αύ-

2237 4766 2337 4838 τῆς
2372 4762 2802 4836 ἐνηρμοσμένοις
2830 4761 3061 4833 κιθάρας
3088 4760 3244 4831 δίκην
3276 4759 3655 4831 ἐπιστημόνως
3683 4757 3827 4830 χρή-

2239 4873 2382 4919 σαιο,
2412 4855 2705 4927 σωφρόνως
2732 4853 2945 4925 βιοῦσα,
2972 4852 3067 4906 καὶ
3088 4851 3208 4923 Θεῷ
3230 4850 3574 4924 ἀρεσκόντως
3601 4848 3824 4921 ᾄδουσαι

2236 4948 2380 5003 οὕτω
2416 4947 2527 5019 γάρ
2572 4963 2666 5000 σου
2721 4948 2880 5019 μνεία
2925 4946 3249 5017 γενήσεται,
3285 4941 3720 5009 καταξιώσαντός
3766 4958 3829 4994 σε

2240 5041 2339 5113 τῆς
2372 5038 2533 5093 αὑτοῦ
2572 5038 2792 5109 μνήμης
2823 5038 2917 5091 τοῦ
2954 5037 3110 5091 Θεοῦ.

2316 5154 2334 5185 ι
2377 5135 2483 5187 Καὶ
2506 5131 2657 5185 ἔσται
2690 5131 2827 5202 μετὰ
2855 5132 2898 5184 ο⁸
2921 5131 3038 5201 ἔτη,
3069 5129 3376 5202 ἐπισκοπὴν
3397 5130 3612 5201 ποιήσει
3638 5129 3667 5180 ό
3694 5127 3832 5192 Θεὸς

2243 5225 2444 5297 Τύρου,
2474 5225 2567 5277 καὶ
2610 5223 2771 5277 πάλιν
2813 5221 3324 5291 ἀποκαταστήσεται
3365 5222 3444 5284 εἰς
3483 5220 3545 5274 τὸ
3578 5222 3829 5292 ἀρχαῖον,

2247 5319 2343 5373 καὶ
2379 5319 2529 5372 ἐσται
2566 5317 2826 5389 ἐμπόριον
2861 5316 3062 5379 πάσαις
3096 5318 3215 5379 ταῖς
3261 5315 3561 5387 βασιλείαις
3602 5316 3701 5387 τῆς
3750 5315 3832 5367 oi-

2241 5411 2514 5484 κουμένης
2542 5411 2634 5463 ἐπὶ
2665 5411 2959 5481 πρόσωπον
2990 5412 3089 5473 τῆς
3121 5408 3244 5478 γῆς.
3291 5428 3310 5461 ι
3348 5408 3576 5471 Αὐτίκα,
3614 5424 3828 5478 συμπε-

2245 5501 2528 5575 ρανθέντος
2559 5499 2653 5553 τοῦ
2695 5497 3126 5571 προλελεγμένου
3158 5497 3370 5570 χρόνου,
3397 5495 3701 5566 ἐπισκοπῆς
3729 5493 3832 5565 τῆς

2242 5595 2372 5665 παρ’
2400 5590 2564 5647 αὑτοῦ
2591 5589 2778 5663 τεύξῃ,
2823 5590 2918 5643 καὶ
2950 5585 3107 5653 αὖθις
3133 5587 3635 5661 ἀποκαταστηθήσῃ
3662 5588 3744 5653 εἰς
3765 5586 3833 5639 τὸ

2241 5686 2466 5758 ἀρχαῖον
2489 5702 2503 5715 ·
2539 5682 2683 5736 ὥστε
2722 5682 2882 5736 πάλιν
2918 5683 3176 5754 συστῆναι
3204 5683 3262 5734 ἐν
3296 5683 3379 5735 σοὶ
3417 5681 3700 5755 ἐμπόριον,
3731 5679 3833 5736 καὶ

2242 5780 2367 5842 τοὺς
2402 5774 2779 5846 ἁπανταχόθεν
2823 5777 3042 5848 συρρεῖν
3080 5775 3537 5843 ἐπισπεύδοντας,
3586 5775 3682 5831 καὶ
3727 5773 3831 5841 τὰς

2243 5867 2448 5922 ἑαυτῶν
2483 5866 2575 5920 ἐπὶ
2609 5866 2690 5920 σοὶ
2720 5865 3099 5938 πραγματείας
3130 5863 3472 5938 κομίζοντας.
