4118 6420
316 372 420 431 257

1231 371 1733 434 COMMENTARIA
1774 369 1837 426 IN
1880 370 2140 424 ISAIAM.
2176 401 2248 414 —--
2284 369 2439 425 CAP.
2482 368 2673 425 XXIV.

3493 375 3600 431 258

397 508 416 542 ι
453 490 560 544 Καὶ
590 489 740 543 ἔσται
771 489 939 559 αὐτῆς
973 489 1006 558 ἡ
1042 487 1302 558 ἐμπορία,
1333 488 1424 539 καὶ
1462 487 1491 538 ό
1522 484 1712 556 μισθὸς
1750 484 1906 553 ἆγιος

2087 481 2249 536 Vens.
2278 483 2366 538 13.
2414 501 2432 534 ι
2467 482 2531 536 Ει
2584 484 2690 538 erit
2739 482 2856 552 ejus
2929 468 3224 559 negotiatio
3265 496 3318 542 et
3385 505 3599 547 merces

322 581 530 652 Κυρίῳ.
558 601 576 632 ι
607 580 719 650 (2.1)
745 581 809 631 Ὃ
824 579 886 649 δὴ
911 580 1006 631 καὶ
1031 577 1335 648 πληροῦται
1364 577 1483 630 καθ’
1509 578 1658 647 ἡμᾶς
1684 575 1900 638 αὐτούς.

320 672 436 743 Τῆς
463 671 570 742 γὰρ
615 670 940 742 Ἐκκλησίας
977 668 1071 721 τοῦ
1102 668 1236 720 Θεοῦ
1268 667 1559 738 ἱδρυμένης
1599 667 1656 720 ἐν
1689 669 1755 737 τῇ
1801 667 1906 719 Τυ-

323 764 458 836 ρίων
508 760 685 826 πόλει,
716 761 904 832 ὥσπερ
946 756 1040 813 οὖν
1077 760 1172 812 καὶ
1202 761 1258 812 ἐν
1303 761 1413 823 τοῖς
1449 759 1654 821 λοιποῖς
1705 757 1901 823 ἔθνεσι,

321 853 491 908 πολλὰ
512 853 618 906 τῶν
645 855 702 906 ἐν
728 855 865 924 αὐτῇ
901 851 1268 923 μισθωμόιτων
1298 851 1362 903 ἐκ
1390 849 1778 922 πραγματείας
1811 867 1904 902 κο-

321 946 628 1018 μιζομένων
650 947 935 1014 ἁγιάζεται
957 944 1034 1014 τῷ
1053 943 1239 1016 Κυρίῳ
1262 943 1681 1014 προσφερόμενα
1695 945 1762 1013 τῇ
1781 942 1905 994 Ἑκ-

319 1041 518 1112 κλησίᾳ
532 1039 716 1094 αὑτοῦ·
735 1040 878 1110 ἅπερ
890 1042 937 1092 οἱ
957 1037 1275 1109 κομίζοντες
1291 1036 1662 1109 προσφέρουσι
1693 1037 1788 1090 σῦν
1817 1037 1906 1089 εὐ-

317 1134 528 1205 λαϐείᾳ.
550 1153 567 1184 ι
591 1134 901 1196 υύκαύτοῖς
919 1132 1333 1203 συναχθήσεται,
1348 1131 1605 1194 ἀλλάτοῖς
1622 1127 1909 1184 κατοικοῦ-

322 1245 404 1280 σιν
431 1226 610 1280 ἔναντι
654 1226 858 1298 Κυρίου
879 1243 892 1255 ·
927 1227 1078 1278 πᾶσα
1107 1226 1140 1296 ή
1173 1224 1414 1296 ἐμπορία
1451 1225 1653 1296 αὐτῆς,
1685 1225 1903 1293 φαγεῖν,

321 1319 416 1375 καὶ
441 1324 603 1382 πιεῖν,
619 1321 714 1372 καὶ
739 1318 1143 1390 ἐμπλησθῆναι,
1166 1321 1259 1372 καὶ
1275 1319 1356 1382 είς
1374 1335 1436 1370 συ
1446 1317 1669 1388 μϐολὴν,
1692 1334 1797 1388 μνη
1806 1316 1905 1386 μό-

321 1431 476 1467 συνον
525 1413 702 1467 ἔναντι
736 1412 972 1482 Κυρίουο
1030 1431 1047 1463 ι
1093 1411 1295 1484 δηλαδὴ
1330 1413 1442 1474 τοῖς
1477 1409 1774 1482 παρέδροις
1808 1408 1904 1462 τοῦ

321 1507 739 1579 Θυσιαστηρίου·
785 1504 928 1558 οὕτω
977 1505 1086 1576 γὰρ
1128 1504 1335 1575 Κύριος
1373 1503 1655 1570 διετάξατο
1691 1505 1806 1566 τοῖς
1844 1500 1906 1554 τὸ

320 1601 652 1669 Εὑαγγέλιον
693 1599 1151 1668 καταγγέλλουσιν
1193 1600 1258 1651 ἐκ
1283 1597 1382 1669 τοῦ
1416 1595 1748 1666 Εὑαγγελίου
1783 1595 1902 1666 ζῇν·

321 1692 413 1744 καὶ
437 1694 486 1744 οί
509 1690 587 1761 τῷ
621 1690 989 1761 θυσιαστηρίῳ
1022 1687 1466 1760 παρεδρεύοντες,
1505 1687 1584 1758 τῷ
1612 1687 1908 1757 θυσιαστη-

321 1783 422 1854 ρίῳ
444 1782 895 1854 συμμερίζεσθαι.
922 1781 1142 1844 Τούτοις
1166 1777 1259 1834 οὖν
1282 1781 1487 1844 αὐτοῖς,
1515 1779 1590 1844 ὡς
1611 1779 1676 1833 ἂν
1702 1779 1906 1851 ἱερεῦσι

2014 585 2201 628 saneta
2239 572 2486 627 Domino.
2512 592 2531 624 ›
2569 573 2718 640 Quod
2751 585 2900 631 certe
2937 587 3122 632 nostro
3157 589 3397 648 tempore
3444 596 3598 636 com-

2013 664 2216 734 pletum
2247 665 2542 720 cernimus.
2582 664 2715 720 Nam
2769 683 2890 722 cum
2937 668 3179 724 Ecclesia
3224 669 3318 726 Dei
3356 671 3410 726 in
3464 672 3599 728 urbe

2015 752 2324 827 Tyriorum,
2360 756 2582 823 perinde
2619 767 2784 827 atque
2830 760 2882 813 in
2917 759 3140 828 reliquis
3173 762 3430 833 gentibus
3473 763 3602 818 fun-

2015 848 2138 901 data
2194 849 2298 911 sit,
2363 847 2544 902 multa:
2589 863 2657 902 ex
2706 850 2824 919 ejus
2892 853 3164 907 mercibus
3233 856 3600 924 negotiatione

2011 940 2183 1008 partis
2217 939 2443 994 Domino
2469 951 2888 1006 consecrantur,
2921 941 3180 998 Ecclesiae
3210 945 3327 1015 ejus
3357 945 3595 1002 oblatazz

2012 1047 2132 1101 quae
2167 1047 2288 1087 cum
2333 1033 2534 1102 pietate
2576 1047 2606 1086 a
2637 1034 3008 1101 praebentibus
3055 1033 3380 1092 oll‘eruntur.
3428 1053 3447 1088 ι
3479 1037 3599 1091 Non

2016 1125 2146 1195 ipsis
2188 1125 2640 1196 congregabitur;
2683 1126 2778 1180 sed
2821 1125 2920 1189 iis,
2967 1127 3058 1196 qui
3114 1127 3366 1184 habitant
3410 1144 3597 1184 coram

2012 1216 2261 1271 Domino.
2291 1215 2480 1272 Omnis
2523 1217 2818 1287 negotiatio
2860 1217 3001 1284 eius,
3042 1227 3101 1272 ut
3134 1220 3280 1286 edat,
3328 1230 3384 1276 et
3416 1223 3595 1290 bibat,

2012 1317 2068 1364 et
2096 1310 2343 1376 satietur,
2375 1320 2431 1364 et
2471 1310 2524 1364 in
2575 1310 2914 1380 symbolum,
2961 1323 3368 1368 monumentum
3414 1329 3597 1370 coram

2015 1398 2271 1465 Domino;
2308 1399 2565 1453 videlicet
2599 1400 2863 1454 ministris
2902 1400 3088 1456 altaris
3123 1420 3136 1456 :
3171 1405 3249 1458 sic
3293 1405 3435 1459 enim
3470 1420 3601 1475 prte‘

2014 1489 2156 1558 cepit
2180 1489 2436 1544 Dominus
2465 1489 2529 1544 iis
2555 1491 2645 1560 qui
2678 1490 3028 1562 Evangelium
3059 1495 3400 1562 aununtiant,
3442 1507 3498 1551 ut
3528 1512 3598 1552 ex

2012 1581 2302 1653 Evangelio
2328 1583 2547 1648 vivant,
2578 1592 2634 1638 et
2663 1593 2720 1638 ut
2763 1585 2799 1637 ii
2829 1585 2919 1654 qui
2963 1585 3118 1640 altari
3149 1595 3348 1651 astant,
3387 1588 3440 1642 in
3474 1604 3599 1658 por-

2016 1673 2215 1727 tionem
2265 1673 2455 1730 altaris
2495 1675 2873 1730 admittantur.
2910 1675 3004 1730 llis
3051 1693 3182 1748 ergo
3224 1678 3378 1748 ipsis,
3413 1688 3598 1749 utpote

2015 1766 2391 1822 sacerdotibus
2429 1767 2563 1834 Dei,
2623 1768 2996 1824 habitantibus
3038 1769 3091 1824 in
3137 1780 3431 1840 conspectu
3475 1769 3587 1824 Do-

317 1873 412 1926 τοῦ
442 1872 574 1926 Θεοῦ
603 1877 716 1936 τοῖς
741 1872 1087 1926 κατοικοῦσιν
1119 1871 1300 1925 ἔναντι
1329 1871 1537 1942 Κυρίου
1555 1910 1571 1936 ,
1603 1870 1703 1934 τὰς
1728 1871 1907 1942 ἀπαρ-

2017 1860 2171 1926 ηιίιιί,
2209 1861 2475 1929 primitias
2523 1859 2815 1917 oll'erentes
2864 1863 3147 1916 memorati
3204 1863 3490 1928 homines,
3539 1879 3599 1919 re

318 1964 420 2036 κάς
449 1953 854 2037 προσφέροντες
877 1967 926 2018 οἱ
953 1964 1309 2034 δηλωθέντες,
1333 1964 1483 2037 ἔργῳ
1513 1961 1783 2036 πληροῦσι
1812 1963 1914 2035 τὴν

320 2059 635 2126 φάσκουσαν
658 2057 1016 2130 προφητείαν·
1051 2077 1068 2108 ι
1101 2057 1213 2110 Καὶ
1238 2056 1391 2111 ἔσται
1412 2056 1678 2128 ἐμπόριον
1704 2056 1909 2121 αὐτοῖς,

322 2149 416 2206 καὶ
448 2150 640 2220 μισθὸς
664 2151 867 2214 αὐτοῖς,
901 2170 920 2202 ι
968 2150 1064 2202 καὶ
1099 2149 1167 2202 τά
1195 2147 1342 2220 ἐξῆς.

833 2282 1233 2337 ΚΕΦΑΛΑΙΟΝ
1269 2282 1397 2335 ΚΔ’.

399 2437 418 2468 ι
464 2417 592 2471 Ἰδοὺ
634 2417 838 2490 Κύριος
878 2418 1235 2490 καταφθείρει
1269 2417 1367 2488 τὴν
1406 2415 1732 2486 οἰκουμένην
1760 2414 1910 2486 ὅλην,

319 2511 415 2563 καὶ
441 2511 717 2583 ἐρημώσει
747 2511 938 2582 αὐτὴν,
973 2513 1067 2564 καὶ
1121 2508 1458 2578 ἀνακαλύψει
1505 2510 1564 2561 τὸ
1619 2509 1911 2577 πρόσωπον

317 2604 511 2672 αὐτῆς.
552 2623 570 2654 ι
622 2604 837 2674 Ἐπειδὴ
870 2604 979 2674 γὰρ
1028 2623 1046 2656 ι
1104 2602 1198 2656 τοῦ
1250 2603 1454 2673 Κυρίου
1503 2603 1535 2671 ἡ
1581 2601 1650 2671 γῆ
1710 2600 1804 2653 καὶ
1852 2599 1912 2653 τὸ

319 2695 598 2766 πλήρωμα
635 2696 825 2765 αὐτῆς,
865 2715 884 2747 ι
922 2696 1123 2749 ὡσανεὶ⁵
1146 2697 1367 2748 πάντων
1407 2693 1710 2766 ἀνθρώπων
1744 2693 1909 2765 κηδό-

321 2804 504 2858 μενος,
538 2787 905 2842 διαστέλλεται
938 2790 1003 2859 τῇ
1043 2787 1338 2859 οἰκουμένῃ
1368 2786 1440 2840 τὰ
1472 2786 1600 2858 περὶ
1637 2786 1736 2856 τῆς
1776 2783 1908 2855 μελ-

318 2878 518 2950 λούσης
570 2880 816 2944 ἅπαντας
861 2879 1180 2952 ἀνθρώπους
1221 2877 1577 2950 διαλήψεσθαι
1623 2877 1715 2930 τοῦ
1774 2875 1907 2930 Θεοῦ

318 2971 573 3043 κρίσεως,
604 2975 660 3027 ἐν
685 2973 868 3045 ἡμέρᾳ
903 2974 990 3028 ὅτε
1019 2975 1195 3046 κρινεῖ
1225 2974 1253 3026 6
1284 2972 1416 3035 Θεὸς
1448 2971 1518 3024 τὰ
1549 2969 1768 3042 κρυπτά
1799 2969 1908 3024 τῶν

317 3063 652 3136 ἀνθρώπων,
709 3084 727 3115 ι
785 3066 878 3118 καὶ
934 3065 1219 3136 διασπερεῖ
1269 3065 1396 3128 τοῦς
1451 3063 1792 3128 ἐνοικοῦντας
1849 3065 1909 3118 ὲν

318 3157 480 3226 αὐτῇ.
551 3176 571 3207 ι
625 3156 697 3208 Ἢ
759 3156 900 3209 κατὰ
953 3157 1046 3210 τὸν
1104 3155 1336 3209 Ἀκύλαν
1394 3157 1488 3209 καὶ
1552 3155 1904 3220 Θεοδοτίωνα,

324 3267 344 3298 ι
385 3246 764 3318 διασκορπίζει
812 3246 1002 3310 ἄλλους
1045 3245 1300 3317 ἁὶλαχοῦ,
1344 3267 1362 3298 ι
1403 3245 1546 3299 κατά
1578 3245 1676 3317 τὴν
1710 3246 1904 3301 ἀναλο-

243 3408 246 3412 Ι
321 3337 448 3405 γίαν
481 3337 590 3391 τῶν
611 3338 842 3392 ἑκάστου
875 3337 1160 3409 πράξεωνο
1188 3337 1379 3391 πολλαὶ
1412 3337 1520 3410 γάρ
1557 3339 1717 3409 μοναὶ
1757 3337 1910 3411 παρά

321 3426 401 3498 τῷ
424 3428 622 3500 Πατρὶ,
661 3429 833 3500 μέγας
870 3447 929 3482 τε
964 3430 1058 3482 καὶ
1093 3429 1259 3494 πολὺς
1303 3432 1330 3483 6
1370 3429 1464 3484 τοῦ
1505 3428 1639 3482 Θεοῦ
1685 3430 1908 3501 κόσμος,

320 3525 398 3588 ὼς
429 3524 689 3579 δύνασθαι
729 3526 909 3590 πάσας
945 3525 1303 3596 ὑποδέχεσθαι
1350 3525 1573 3589 καὶτὰς
1620 3525 1681 3592 ἐξ
1715 3525 1912 3589 αἰῶνος

319 3613 381 3665 ἐν
408 3615 473 3684 τῇ
518 3616 588 3685 γῇ
637 3614 1104 3687 πεπολιτευμένοις
1147 3615 1344 3687 ψυχὰς,
1389 3615 1499 3670 τῶν
1556 3615 1653 3686 μὲν
1698 3615 1911 3669 ἀσεϐῶν

318 3705 409 3759 τὸν
449 3705 583 3777 ᾅδην
626 3706 718 3760 καὶ
753 3707 814 3760 τὸ
848 3707 954 3760 ὑπὸ
982 3708 1086 3779 γῆν
1119 3709 1466 3780 οἰκητήριον,
1522 3708 1771 3772 σκοτίους
1819 3709 1914 3761 καὶ

317 3796 590 3866 ἁοράτους
632 3799 839 3868 μυχοὺς
884 3798 1350 3869 κληρωσαμένων,
1400 3798 1543 3853 κατά
1592 3799 1672 3862 τὸ,
1715 3818 1733 3850 ι
1785 3800 1913 3852 Εἰσ-

317 3888 628 3942 ελεύσονται
653 3894 730 3952 εἰς
753 3889 822 3943 τὰ
849 3889 1139 3944 κατώτατα
1163 3892 1262 3962 τῆς
1292 3891 1416 3960 γῆς’
1447 3891 1914 3962 παραδοθήσονται

317 3983 398 4043 εἰς
429 3983 620 4052 χεῖρας
654 3982 947 4052 ῥομφαίας,
1002 3983 1219 4052 μερίδες
1261 3981 1560 4035 ἀλωπέκων
1596 3981 1845 4037 ἔσονται·
1888 4003 1906 4035 ι

324 4071 427 4126 τῶν
472 4073 528 4126 δὲ
579 4072 818 4126 εὐσεϐῶν
878 4072 1358 4144 ἀρπαγησομένων
1411 4074 1470 4127 ἐν
1531 4073 1783 4144 νεφέλαις
1831 4077 1914 4140 είς

318 4165 626 4235 ἀπάντησιν
656 4163 750 4217 τοῦ
791 4164 1001 4236 Κυρίου
1027 4166 1108 4227 είς
1138 4165 1298 4236 ἀέρα,
1328 4165 1423 4218 καὶ
1464 4164 1638 4230 οὕτως
1682 4165 1912 4221 πάντοτε

323 4259 419 4311 σῦν
451 4254 643 4328 Κυρίῳ
671 4256 1074 4328 γενησομένων.

399 4368 417 4400 ι
456 4348 567 4403 Καὶ
598 4349 750 4402 ἔσται
784 4351 812 4402 ὁ
845 4349 971 4414 λαὸς
1005 4349 1080 4413 ὼς
1113 4351 1142 4402 6
1177 4349 1376 4420 ἱερεὺς,
1422 4348 1517 4402 καὶ
1549 4349 1579 4401 ὀ
1615 4351 1743 4413 παῖς
1775 4350 1850 4413 ὡς
1882 4351 1912 4402 6

322 4441 533 4515 κύριος,
563 4444 657 4496 καὶ
689 4443 722 4513 ἡ
758 4443 1062 4514 Θεράπαινα
1101 4443 1177 4506 ὡς
1206 4444 1239 4514 ἡ
1275 4441 1459 4512 κυρία.
1501 4441 1696 4496 Ἔσται
1720 4444 1748 4496 6
1778 4442 1910 4512 ἀγο-

327 4533 508 4606 ράζων
541 4533 617 4596 ὡς
654 4533 682 4585 6
724 4533 939 4598 πωλῶν,
977 4551 1074 4588 και
1107 4534 1136 4586 6
1180 4532 1440 4598 δανείζων
1487 4533 1563 4596 ὡς
1603 4534 1633 4585 6
1669 4532 1910 4597 δανειζό-

329 4643 510 4696 μενος,
544 4627 638 4680 καὶ
669 4627 697 4679 6
727 4625 956 4694 ὀφείλων
982 4625 1058 4690 ὡς
1089 4627 1118 4680 6
1146 4619 1191 4694 ᾧ
1221 4625 1444 4695 ὀφείλει’
1489 4643 1508 4678 ι
1550 4624 1907 4696 σημαίνοντος

323 4719 418 4773 τοῦ
467 4719 626 4788 λόγου
677 4717 770 4772 τοῦ
833 4717 1174 4791 προφητικοῦ
1226 4719 1319 4772 τὸν
1376 4721 1478 4790 τῆς
1522 4719 1632 4771 τῶν
1692 4718 1908 4790 νεκρῶν

324 4811 674 4874 ἀναστάσεως
749 4812 969 4883 τρόπον.
1029 4810 1276 4864 Ἐπειδὰν
1328 4811 1385 4864 δὲ
1447 4811 1802 4883 ἀνακαλυφθῇ
1840 4810 1911 4864 τὰ

325 4903 748 4976 ἐγκεκρυμμένα
790 4906 848 4958 ἐν
886 4907 951 4976 τῇ
983 4907 1052 4975 γῇ
1093 4902 1340 4974 σώματα,
1382 4904 1824 4974 παραστήσονται
1859 4903 1909 4956 oi

326 4995 632 5067 κρινόμενοι
666 4997 772 5069 πρὸ
821 4995 915 5051 τοῦ
968 4995 1208 5069 βήματος
1235 4995 1328 5049 τοῦ
1366 4995 1601 5068 μεγάλου
1636 4995 1826 5067 κριτοῦ
1851 4996 1910 5063 ἐξ

330 5085 444 5140 τσου
489 5088 722 5153 πάντες,
767 5088 843 5152 ὡς
877 5088 1012 5160 μηδὲ
1049 5087 1327 5159 διαφέρειν
1357 5087 1486 5150 τοὺς
1525 5087 1584 5139 ἐν
1616 5085 1695 5158 τῷ
1727 5085 1908 5173 θνητῷ

328 5180 430 5252 βίῳ
459 5183 587 5236 ποτὲ
614 5182 870 5248 δόξαντας
897 5181 1058 5235 πλέον
1088 5197 1141 5233 τι
1167 5179 1456 5251 ἐσχηκέναι
1483 5179 1602 5250 ἦτοι
1641 5180 1699 5232 ἐν
1742 5177 1908 5246 ἀξιώ-

330 5291 482 5345 ματι.
516 5272 551 5343 ἢ
581 5273 747 5340 γένει,
784 5273 818 5344 ἦ
853 5271 1087 5344 πλούτῳ,
1137 5271 1243 5324 τῶν
1283 5270 1662 5340 ἐνδεεστέρων.
1695 5271 1907 5335 Πάντες

325 5365 434 5438 γὰρ
470 5363 528 5430 ἐξ
553 5365 667 5419 ἴσου
696 5365 814 5420 τότε
849 5366 1288 5440 παραστήσονται
1313 5361 1390 5434 τῷ
1415 5361 1618 5435 βήματι
1644 5361 1738 5416 τοῦ
1768 5363 1906 5434 Χρι-

327 5458 475 5511 στοῦ’
512 5457 606 5510 καὶ
633 5456 711 5527 τῷ
751 5458 886 5526 ἱερεῖ
918 5455 1312 5528 παραπλησίως
1345 5456 1374 5508 6
1407 5453 1554 5520 λαὸς,
1585 5453 1679 5506 καὶ
1705 5455 1908 5524 ὁμοίως

396 5571 418 5602 ⁸
450 5570 588 5623 Ρεειι.
621 5568 711 5632 25,
752 5584 789 5622 ι.
895 5567 916 5598 ’
950 5567 1092 5624 Psal.
1126 5584 1260 5630 1.x",
1295 5567 1378 5621 ll.

399 5661 512 5732 (29)
555 5662 678 5717 lltee
726 5661 797 5714 ita
846 5661 1097 5733 exprimit
1133 5661 1508 5733 Hieronymus,
1552 5678 1570 5711 ι
1603 5658 1902 5733 Cernamns

329 5735 380 5787 in
408 5731 552 5804 Tyro
597 5731 1133 5804 exstructastristi
1170 5731 1467 5797 ecclesias;
1496 5731 1902 5804 consideremus

326 5801 750 5872 opcs'oumium,
779 5803 922 5871 quod
983 5817 1090 5856 non
1151 5812 1500 5872 reponantur,
1547 5816 1646 5855 nec
1685 5801 1902 5854 thesau-

2017 1951 2128 2022 ipsa
2173 1961 2230 2006 et
2280 1966 2447 2023 opere
2483 1952 2710 2023 implent
2750 1953 3089 2024 pr0pbetiam
3141 1969 3264 2024 quae
3314 1955 3424 2020 ait,
3478 1974 3499 2009 ι
3532 1956 3600 2012 Et

2015 2044 2121 2100 erit
2163 2045 2466 2116 emporium
2527 2044 2694 2116 ipsis,
2737 2057 2793 2101 et
2842 2061 3052 2102 merces
3119 2047 3270 2117 ipsis.
3300 2066 3320 2100 ι
3367 2057 3422 2104 et
3487 2063 3598 2104 ca:-

2018 2144 2153 2194 tera.

2570 2277 2800 2334 CAPUT
2853 2245 3043 2333 sxw.

2093 2414 2248 2471 Vens.
2285 2417 2338 2471 l.
2380 2435 2398 2468 ι
2450 2417 2589 2473 Ecce
2625 2418 2885 2474 Dominus
2936 2428 3249 2487 corrumpet
3296 2426 3465 2472 totum
3503 2433 3596 2474 or-

2013 2510 2156 2574 bem,
2186 2519 2241 2564 et
2272 2510 2506 2566 vastabit
2545 2526 2692 2575 eum,
2738 2519 2794 2566 et
2836 2511 3100 2568 revelabit
3164 2511 3360 2566 faciem
3408 2513 3559 2583 ejus.

2013 2603 2150 2668 Quia
2181 2621 2200 2654 ι
2245 2604 2388 2656 enim
2420 2622 2437 2654 ι
2479 2602 2689 2657 Domini
2733 2612 2816 2658 est
2844 2614 2985 2658 terra
3005 2613 3059 2658 et
3083 2605 3362 2674 plenitudo
3390 2605 3588 2673 ejusﬁp

2016 2701 2275 2760 tanquam
2310 2693 2401 2763 qui
2438 2693 2716 2747 hominum
2755 2695 2995 2748 omnium
3048 2709 3235 2748 curam
3276 2703 3452 2764 gerat,
3475 2693 3596 2748 orbi

2013 2789 2283 2838 terrarum
2325 2784 2563 2852 explicat
2601 2798 2666 2838 ea
2696 2800 2817 2854 qua:
2843 2786 2908 2840 ad
2963 2786 3056 2840 Dei
3098 2784 3364 2854 judicium
3425 2785 3598 2856 perti-

2012 2885 2160 2939 nent,
2193 2875 2286 2955 Ide
2321 2877 2592 2931 universis
2622 2876 2931 2932 hominibus
2987 2876 3321 2944 habendum,
3373 2892 3478 2946 qua
3509 2875 3600 2931 die

2005 2967 2270 3039 judicabit
2285 2966 2427 3024 Deus
2440 2971 2650 3025 occulta
2672 2970 2972 3037 hominum,
2996 2989 3014 3022 ι
3037 2969 3097 3024 Εῑ
3112 2971 3491 3041 dispergeteos
3505 2967 3599 3038 qui

2012 3061 2265 3116 habitant
2299 3062 2350 3115 in
2377 3063 2516 3130 ipso.
2545 3082 2563 3115 ι
2586 3062 2713 3119 Sive
2742 3064 3040 3119 secundum
3067 3063 3322 3133 Aquilam
3343 3071 3398 3118 et
3418 3063 3598 3117 Theo-

2011 3158 2308 3222 dotionem,
2383 3175 2401 3208 ι
2443 3157 2681 3226 Dissipat
2738 3157 2872 3211 alios
2930 3157 3081 3225 alibi,
3123 3176 3143 3211 ι
3210 3172 3310 3227 pro
3385 3156 3600 3211 ratione

2014 3263 2240 3319 operum
2298 3248 2605 3319 cujusque:
2649 3266 2772 3304 nam
2824 3249 3007 3304 multa:
3077 3250 3392 3304 mansiones
3455 3251 3598 3319 apud

2013 3337 2271 3393 Patrem:
2309 3353 2646 3408 magnusque
2688 3349 2742 3392 et
2781 3344 2968 3393 vastus
2997 3338 3216 3395 est'Dei
3252 3340 3505 3404 mundus,
3539 3349 3600 3394 ut

2013 3435 2184 3503 possit
2219 3432 2342 3488 illas
2386 3447 2577 3488 omnes
2614 3432 2898 3488 continere
2930 3431 3163 3496 animas,
3196 3447 3315 3503 qua:
3344 3447 3374 3486 a
3397 3433 3599 3488 saeculo

2015 3525 2068 3580 in
2107 3534 2254 3580 terra
2281 3535 2511 3579 versatae
2557 3534 2688 3579 sunt
2731 3543 2746 3580 :
2783 3525 2964 3594 impiis
2995 3524 3267 3579 infernum
3295 3534 3351 3578 et
3377 3526 3596 3580 subter-

2016 3630 2240 3670 ranemn
2281 3615 2641 3681 domicilium,
2669 3614 2984 3671 tenebrosos
3023 3614 3236 3670 scilicet
3264 3624 3319 3669 et
3354 3615 3598 3671 occuitos

2014 3721 2260 3760 recessus
2289 3705 2486 3770 naetis,
2517 3705 2814 3760 secundum
2848 3706 2998 3770 illud,
3027 3725 3046 3758 ‹
3083 3707 3386 3762 lntroibunt
3424 3708 3477 3762 in
3515 3708 3599 3761 in-

2015 3797 2220 3854 feriora
2269 3809 2429 3854 terra:
2469 3815 2484 3852 :
2521 3800 2805 3854 tradentur
2851 3799 2904 3854 in
2939 3813 3131 3854 manus
3181 3798 3368 3868 gladii,
3415 3809 3599 3869 partes

2017 3893 2256 3962 vulpium
2277 3893 2502 3960 erunt‘;
2529 3910 2546 3943 ι
2569 3891 2670 3963 piis
2694 3907 2822 3948 vero
2843 3893 3011 3960 raptis
3042 3892 3095 3946 in
3124 3890 3357 3945 nubibus
3381 3893 3598 3948 obviam

2024 3985 2248 4041 Domino
2286 3984 2341 4039 in
2393 4001 2541 4050 aera,
2597 3993 2652 4039 et
2693 3986 2778 4040 sic
2823 3997 3037 4053 semper
3088 3999 3210 4039 cum
3247 3982 3474 4039 Domino
3508 3984 3596 4042 fu-

2018 4077 2176 4131 turis.

2086 4345 2250 4402 Vens.
2277 4346 2334 4400 2.
2373 4364 2390 4398 ι
2428 4347 2492 4401 Et
2514 4347 2619 4402 erit
2663 4361 2893 4418 popluus
2926 4355 3181 4416 tanquam
3233 4348 3514 4410 sacerdos,
3541 4357 3598 4402 et

2014 4453 2203 4494 servus
2235 4448 2491 4509 tanquam
2534 4441 2812 4505 dominus,
2859 4449 2914 4494 et
2948 4439 3149 4494 [anulla
3205 4449 3460 4510 tauquam
3497 4440 3594 4498 do-

2016 4530 2182 4585 mina.
2224 4529 2342 4585 Erit
2387 4531 2478 4600 qui
2509 4532 2642 4586 emit
2701 4542 2958 4600 tanquam
2989 4531 3083 4600 qui
3121 4532 3328 4594 vendit,
3372 4533 3462 4600 qui
3516 4532 3596 4587 le-

2015 4621 2132 4674 nori
2167 4621 2258 4674 dat
2309 4627 2566 4690 tanquam
2603 4619 2694 4691 qui
2727 4620 2944 4689 accipit,
3000 4620 3091 4690 qui
3126 4621 3283 4676 debet
3335 4630 3594 4690 tanquam

2015 4711 2063 4765 is
2085 4713 2171 4766 cui
2199 4713 2379 4767 debet.
2413 4730 2432 4764 ι
2467 4711 2794 4781 Prophetico
2821 4727 2971 4767 more
2999 4712 3417 4768 resurrectionis
3445 4729 3595 4770 mor-

1979 4805 1982 4808 ’
2019 4814 2234 4858 tuorum
2267 4807 2484 4858 modum
2527 4804 2815 4874 signiﬁcat.
2846 4804 2978 4859 Cum
3009 4814 3189 4859 autem
3221 4804 3455 4860 revelata
3481 4804 3598 4860 fue-

2019 4894 2131 4949 rint
2167 4909 2230 4950 ea
2282 4909 2400 4960 qua:
2442 4895 2492 4949 in
2541 4903 2686 4948 terra
2744 4897 2963 4951 condita
2998 4911 3252 4966 corpora,
3306 4897 3397 4966 qui
3449 4897 3596 4966 judi-

2018 4989 2175 5042 eaudi
2209 4997 2334 5043 sunt
2372 4999 2498 5043 ante
2537 4987 2772 5043 tribunal
2824 4989 3004 5059 magni
3066 4987 3285 5058 judicis,
3315 5005 3381 5044 ex
3437 5003 3595 5058 aequo

2017 5100 2206 5140 omnes
2250 5085 2543 5152 sistentur,
2586 5084 2660 5140 ita
2701 5095 2762 5140 ut
2799 5087 2890 5155 qui
2946 5086 3075 5140 olim
3129 5087 3182 5140 in
3219 5086 3430 5140 mortali
3483 5087 3592 5141 vita

2017 5178 2220 5249 aliquid
2258 5178 2380 5248 plus
2417 5179 2540 5232 aliis
2573 5179 2775 5232 habere
2813 5177 3138 5233 videbantur
3163 5179 3279 5234 sive
3306 5176 3589 5243 dignitate,

2013 5268 2129 5322 sive
2157 5284 2376 5340 genere,
2400 5269 2517 5325 sive
2549 5269 2775 5333 (ΙίνῙιίιε,
2802 5269 2933 5323 nihil
2966 5268 3215 5322 dill'erant
3249 5285 3276 5320 a
3310 5267 3595 5337 pauperio-

2013 5361 2186 5416 ribus.
2265 5362 2466 5417 Omnes
2529 5363 2676 5418 enim
2733 5361 3016 5432 aequaliter
3068 5359 3322 5414 tribunali
3386 5359 3589 5414 Christi

2015 5455 2296 5524 sistentur,
2330 5455 2555 5526 perinde
2591 5465 2648 5510 ut
2685 5455 2964 5519 sacerdos,
3014 5455 3086 5508 ita
3119 5463 3174 5506 et
3228 5457 3484 5521 populus,
3535 5463 3593 5508 et

2007 5663 2274 5745 rigentur,
2314 5663 2410 5718 sed
2456 5663 2654 5718 dentur
2687 5661 2774 5717 his
2817 5658 2908 5728 qui
2958 5655 3201 5712 habitant
3252 5669 3432 5712 coram
3479 5653 3590 5711 D3-

2008 5749 2173 5789 llllllO.
2201 5752 2219 5785 ι
