4118 6434
531 387 642 448 Ξδθ

1236 380 1505 443 EUSEBII
1542 378 2023 440 CESARIENSIS
2060 377 2214 436 OPP.
2256 376 2443 436 PARS
2479 375 2570 433 iii.
2611 408 2686 421 —-
2721 375 3146 438 EXEGETICA.

3720 373 3829 431 260

532 511 764 582 perinde
791 510 883 566 alii
935 522 1148 575 omnes,
1180 508 1330 578 'quia
1364 523 1471 562 non
1502 514 1587 562 est
1627 518 1987 575 personarum
2036 518 2130 560 ac-

2237 502 2459 566 πάντες·
2484 500 2609 556 ἐπεὶ
2639 504 2714 573 μή
2742 502 2862 555 ἐστι
2891 496 3319 575 προσωπληψία
3562 478 3644 567 τῷ
3683 495 3827 568 Θεῷ.

536 604 721 674 ceptio
758 603 901 673 apud
937 601 1134 657 Deum.‘
1187 599 1554 666 Quamobrem
1591 598 1734 668 apud
1774 597 1877 653 ιυι)
1919 598 2126 654 dictum

537 707 672 751 est:
715 713 736 748 ι
767 694 974 749 Parvus
1005 701 1060 748 et
1107 705 1339 762 magnus
1386 690 1498 745 illic
1543 698 1715 758 sunt,
1770 701 1830 746 et
1893 689 2129 765 famulus

539 802 648 841 non
681 795 935 840 metuens
982 782 1261 838 dominum
1306 796 1467 836 suum
1504 782 1569 834 ³ο.
1605 800 1626 834 ι

608 874 771 931 Vsus.
802 875 858 939 5,
893 876 948 928 4.
998 893 1017 926 ι
1052 873 1419 944 Corruptione
1449 882 1839 944 corrumpetur
1866 881 2044 939 terra,
2074 882 2130 928 et

536 968 849 1039 direptione
893 966 1188 1038 diripietur
1217 977 1366 1022 terra
1397 980 1413 1018 :
1446 981 1507 1023 os
1544 967 1692 1023 enim
1744 966 1960 1023 Domini
1995 966 2131 1022 dixit

537 1061 671 1116 hate.
702 1059 865 1115 Luxit
895 1069 1066 1125 terra,
1096 1068 1152 1114 et
1202 1068 1500 1130 corruptus
1522 1069 1609 1115 est
1645 1059 1796 1115 orbis
1822 1078 1836 1114 :
1874 1059 2133 1115 luxerunt

535 1155 734 1212 excelsi
787 1165 970 1212 terra).
1003 1174 1022 1209 ι
1050 1153 1186 1209 Nam
1220 1155 1431 1226 prolata
1476 1169 1575 1225 per
1612 1153 1934 1225 prophetam
1958 1168 1988 1207 a
2021 1153 2131 1208 Deo

537 1246 834 1312 sententia,
863 1252 978 1302 lucc
1001 1247 1323 1317 contingent
1356 1246 1448 1308 iis,
1495 1244 1588 1315 qui
1633 1246 1878 1316 peiorem
1924 1253 2129 1299 sortem

537 1341 697 1404 nacti.
746 1341 953 1396 iuerint
987 1357 1002 1395 ι
1035 1355 1173 1410 quos
1221 1341 1427 1395 terreni
1487 1354 1684 1394 sensus
1718 1353 1881 1394 causa
1930 1348 2129 1393 terram

532 1444 715 1490 vocat.
752 1431 1222 1500 Quemadmodum
1266 1430 1411 1487 enim
1443 1429 1571 1484 olim
1615 1430 1747 1484 Αιιιν
1775 1429 1984 1485 dictum
2024 1439 2129 1494 est,

541 1543 560 1577 ι
594 1525 768 1580 Terra
801 1539 883 1590 es,
920 1533 975 1579 et
1003 1525 1055 1577 in
1091 1533 1291 1578 terram
1343 1522 1639 1578 reverteris
1670 1522 1712 1553 ”
1735 1563 1752 1589 ,
1786 1541 1806 1575 ι
1842 1522 1924 1577 sic
1956 1531 2012 1577 et
2066 1522 2131 1577 iis

535 1617 629 1687 qui
668 1625 912 1687 tempore
967 1602 1138 1670 divini
1193 1613 1407 1685 judicii,
1461 1612 1756 1684 voluptarii
1790 1620 1848 1669 et
1886 1613 2132 1684 corporis

537 1715 808 1773 amantes,
837 1720 901 1761 ac
930 1705 1158 1775 proinde
1189 1705 1390 1759 terreni
1439 1712 1496 1760 et
1530 1703 1782 1761 carnales
1810 1704 2131 1775 deprehensi

538 1799 771 1865 fuerint,
806 1799 1176 1869 corruptionis
1216 1798 1544 1869 supplicium
1578 1798 1968 1853 comminatur.
2002 1798 2133 1865 Quae

543 1899 727 1946 autem
759 1890 830 1945 sit
869 1864 1016 1944 terra
1053 1889 1242 1960 lugens
1376 1889 1499 1959 quis
1540 1889 1693 1945 orbis
1723 1864 2037 1959 corruptus,
2075 1890 2128 1945 in
2161 1864 2207 1925 Β

541 1979 898 2051 sequentibus
925 1979 1199 2044 declarat,
1253 1998 1273 2030 ι
1307 1977 1589 2034 Luxerunt
1616 1977 1819 2035 excelsi
1869 1989 2067 2035 terra}:
2107 1999 2127 2033 ι

542 2075 644 2131 hos
676 2075 877 2145 quippe
910 2073 1146 2127 maxime
1178 2071 1257 2127 ira
1302 2070 1395 2127 Dei
1427 2072 1668 2136 invadet,
1700 2071 1956 2141 quoniam
1984 2090 2005 2124 ι
2042 2086 2134 2129 su-

540 2169 725 2240 perbis
762 2167 990 2232 resistit,
1046 2163 1345 2247 humilibus
1382 2175 1567 2221 autem
1605 2164 1702 2219 dat
1755 2164 1988 2233 gratiam
2021 2165 2127 2219 ι’.»

606 2347 776 2423 Vsus.
807 2346 863 2403 5.
898 2364 919 2400 ι
957 2344 1129 2401 Terra
1168 2346 1282 2417 egit
1313 2344 1480 2414 impie
1519 2355 1745 2416 propter
1792 2345 2133 2403 habitatores

536 2456 704 2499 suos:
743 2440 869 2511 quia
899 2439 1243 2511 praevaricati
1274 2447 1400 2494 sunt
1429 2436 1603 2507 legem
1652 2437 1893 2505 Domini,
1922 2448 1979 2494 et
2018 2439 2134 2494 dis-

539 2537 861 2605 sipaverunt
910 2540 969 2586 et
1006 2537 1356 2584 mutaverunt
1400 2538 1698 2602 praecepta,
1742 2538 2131 2585 testamentum

537 2636 830 2684 aeternum.
878 2643 898 2677 ι
938 2627 1142 2679 Omnes
1194 2623 1401 2692 quippe
1455 2621 1705 2677 homines
1736 2621 1827 2690 qui
1877 2634 1908 2674 a
1937 2620 2135 2677 sarculo

539 2717 732 2775 orbem
764 2716 1133 2781 incoluerunt,
1166 2714 1342 2771 Graeci
1396 2713 1557 2770 simul
1595 2722 1652 2769 et
1700 2713 1945 2780 barbari,
1977 2722 2138 2768 natu-

539 2809 641 2864 rali
676 2819 900 2878 accepta
938 2807 1080 2877 lege,
1099 2815 1154 2861 et
1176 2816 1444 2876 pmcepta
1474 2803 1571 2860 Dei
1600 2804 1654 2859 in
1695 2803 1986 2859 animabus
2023 2803 2138 2858 suis

543 2901 815 2971 insculpta
848 2902 1135 2968 habentes,
1162 2909 1324 2969 atque
1359 2905 1747 2954 testamentum
1781 2915 1811 2951 a
1851 2896 2052 2953 saeculo
2083 2897 2134 2952 in

541 2993 819 3049 communi
886 2990 1156 3062 cogitandi
1220 2991 1381 3046 modo
1431 2991 1862 3060 compiectentes
1895 3006 1910 3043 :
1947 2997 2135 3054 postea

544 3083 640 3139 ubi
673 3099 735 3139 se
763 3084 1007 3154 peccatis
1023 3092 1212 3139 contra
1237 3093 1487 3137 naturam
1512 3079 1859 3143 dediderunt,
1877 3079 2138 3135 naturalis

544 3175 682 3248 legis
714 3185 1147 3245 transgressores
1175 3174 1352 3230 eﬂ‘ecti
1391 3181 1544 3229 sunt.
1613 3172 1977 3241 Quamobrem
2011 3173 2135 3240 jure
2160 3214 2206 3277 ϐ

546 3273 613 3324 ad
653 3268 887 3323 tribunal
914 3266 1006 3321 Dei
1040 3267 1326 3335 sistentur,
1358 3266 1411 3322 in
1444 3264 1655 3336 judicio
1681 3266 2135 3336 transgressionis

546 3376 659 3418 suae
690 3360 957 3415 rationem
991 3360 1197 3415 daturi.

614 3539 783 3597 Vens.
825 3540 983 3596 6-10.
1041 3557 1061 3592 ι
1119 3539 1354 3611 Propter
1389 3543 1494 3599 hoc
1549 3542 1863 3600 maledictio
1919 3546 2137 3602 vorabit

545 3640 769 3700 terram,
827 3632 1085 3703 quoniam
1133 3644 1497 3705 peccaverunt
1553 3636 1646 3706 qui
1715 3636 2133 3693 incolunteam.

544 3723 668 3780 Ideo
700 3740 964 3796 pauperes
1015 3737 1175 3781 erant
1232 3726 1572 3785 habitatores
1636 3720 1819 3793 term,
1875 3740 1931 3785 et
1970 3730 2137 3785 relin-

541 3827 782 3887 quentur
810 3818 1054 3872 homines
1080 3819 1261 3888 pauci.
1293 3819 1526 3892 Lugebit
1559 3820 1772 3882 vinum,
1815 3820 2020 3893 lugebit
2056 3823 2139 3877 vi-

544 3907 1081 3977 nea:ingemiscent
1128 3923 1322 3965 omnes
1384 3909 1476 3981 qui
1550 3910 1876 3967 lzetabautur
1929 3916 2136 3968 animo.

546 3998 798 4056 Cessavit
837 4001 1093 4069 gaudium
1155 4012 1562 4074 tympanorum,
1627 4009 1865 4063 cessavit
1903 4023 2009 4065 vox
2057 4011 2137 4064 ci-

553 4095 741 4148 Iharat.
792 4094 1163 4162 Erubuerunt,
1215 4111 1322 4151 non
1373 4098 1631 4154 biberunt
1672 4100 1858 4155 vinum
1894 4118 1909 4154 :
1950 4116 2136 4157 amara

551 4185 697 4240 facta
734 4195 823 4242 est
863 4186 1035 4247 sicera
1073 4187 1385 4243 bibentibus
1418 4205 1431 4241 :
1466 4190 1711 4246 desolata
1734 4202 1821 4248 est
1845 4194 2023 4249 omnis
2063 4197 2143 4249 ci—

548 4279 722 4345 vitas;
757 4279 975 4334 claudet
1002 4281 1221 4334 domum
1249 4294 1316 4335 ne
1342 4289 1526 4351 pateat
1556 4283 1856 4353 ingressus.
1890 4303 1909 4335 ι
1935 4285 2135 4352 Quem-

546 4371 847 4426 admodum
921 4371 975 4425 in
1041 4370 1311 4440 principio
1354 4371 1683 4440 ereationis,
1753 4376 1987 4430 nondum
2045 4393 2140 4431 cx-

546 4461 777 4517 sistente
826 4470 1077 4529 peccato,
1142 4461 1422 4517 benedixit
1463 4461 1605 4518 Deus
1640 4463 1942 4531 hominem,
1973 4465 2052 4521 sic
2085 4475 2140 4522 et

2230 596 2324 649 Διὸ
2371 594 2591 667 εἴρηται
2642 590 2795 666 παρά
2837 591 2917 665 τῷ
2976 590 3129 646 ἰὠϐο
3184 608 3204 643 ι
3251 590 3467 664 Μικρὸς
3512 589 3609 644 καὶ
3652 588 3830 660 μέγας

2230 689 2352 740 ἐκεῖ
2401 687 2537 751 ἐστι,
2607 686 2703 740 καὶ
2750 685 3007 758 θεράπων
3058 684 3120 737 οὑ
3181 680 3435 746 δεδοικὼς
3490 680 3584 735 τὸν
3632 679 3828 754 κύριον

2230 777 2423 833 αὐτοῦ.
2465 798 2484 831 ι
3512 824 3525 839 ,

2308 893 2327 923 ι
2379 871 2561 946 Φθορᾷ
2608 870 2950 943 φθαρήσεται
2988 871 3024 941 ἡ
3057 870 3151 941 γῆ,
3199 870 3294 921 καὶ
3335 869 3586 940 προνομῇ
3621 881 3824 938 προνο-

2234 963 2565 1035 μευθήσεται
2607 964 2642 1035 ὴ
2684 963 2778 1033 γῆο
2827 962 2889 1016 τὸ
2935 961 3046 1034 γὰρ
3102 960 3278 1032 στόμα
3331 959 3539 1032 Κυρίου
3593 958 3827 1031 ἐλάλησα

2231 1056 2425 1110 ταῦτα.
2474 1054 2804 1126 Ἐπένθησεν
2846 1056 2881 1127 ἡ
2920 1055 2993 1126 γῆ
3033 1054 3128 1108 καὶ
3167 1052 3380 1125 ἐφθάρη
3429 1053 3464 1125 ή
3497 1051 3824 1124 οἰκουμένηο

2232 1148 2543 1220 ἐπένθησαν
2561 1149 2611 1202 οἰ
2639 1147 2834 1218 ὑψηλοὶ
2864 1146 2966 1217 τῆς
2996 1146 3120 1218 γῆς.
3165 1164 3184 1198 ι
3225 1146 3411 1217 Φωνῆς
3442 1145 3551 1217 γάρ
3580 1146 3829 1216 ἀποφαν-

2231 1242 2393 1313 τικῆς
2422 1239 2557 1296 Θεοῦ
2578 1240 2668 1296 διὰ
2698 1239 2793 1295 τοῦ
2840 1240 3120 1312 προφήτου
3167 1237 3612 1310 προενεχθείσης,
3653 1236 3829 1291 ταῦτα

2232 1332 2523 1396 ἔπαιτοῖς
2554 1330 2655 1404 τὴν
2692 1331 2912 1403 χείρονα
2953 1328 3108 1401 λῆξιν
3139 1327 3447 1401 εἰληχόσιν⁸
3490 1326 3586 1391 οὓς
3626 1326 3716 1380 διὰ
3761 1325 3831 1380 τὸ

2231 1426 2437 1497 γεῶδες
2480 1427 2736 1498 φρόνημα
2795 1424 2900 1494 γῆν
2949 1421 3229 1494 ὀνομάζει.
3282 1421 3497 1494 Ὥσπερ
3540 1418 3650 1493 γάρ
3694 1436 3828 1476 ποτε

2232 1514 2428 1588 ιλέχθη
2452 1516 2530 1587 τῷ
2566 1515 2759 1588 Ἀδὰμ,
2796 1535 2815 1567 ι
2856 1514 2937 1585 Γῆ
2970 1509 3042 1579 εἷ,
3082 1513 3177 1567 και
3207 1513 3288 1577 εις
3314 1513 3420 1583 γῆν
3458 1511 3756 1587 ἀπελεύσῃ,
3798 1532 3822 1567 ι

2231 1607 2377 1662 οὕτω
2401 1610 2623 1673 καὶτοῖς
2645 1607 2789 1664 κατά
2815 1608 2909 1662 τὸν
2928 1607 3123 1679 καιρὸν
3154 1605 3255 1676 τῆς
3285 1604 3379 1659 τοῦ
3408 1603 3545 1659 Θεοῦ
3591 1605 3829 1677 κρίσεως

2233 1702 2539 1775 φιληδόνοις
2585 1703 2682 1757 καὶ
2729 1699 3094 1773 φιλοσώμασι,
3142 1700 3238 1754 καὶ
3281 1698 3371 1753 διά
3407 1697 3566 1753 τοῦτο
3615 1700 3830 1771 γηῒνοις

2233 1797 2329 1852 καὶ
2356 1797 2634 1868 σαρκίνοις
2659 1793 3115 1869 εὐρεθησομένοις
3143 1794 3177 1866 η
3202 1792 3500 1865 διαφθορᾶς
3530 1791 3826 1865 ἡπείληται

2232 1890 2489 1962 τιμωρία.
2526 1890 2624 1953 Τίς
2656 1887 2714 1942 δέ
2739 1888 2887 1941 ἐστιν
2925 1887 2960 1959 ἡ
2997 1883 3270 1940 πενθοῦσα
3310 1883 3383 1956 γῆ
3417 1882 3512 1938 καὶ
3556 1882 3828 1956 φθαρεῖσα

2232 1983 2549 2054 οἰκουμένη,
2603 1980 2860 2051 διασαφεῖ
2911 1979 3228 2051 ἐπιφέρων*
3304 1997 3324 2031 ι
3396 1977 3737 2049 Ἐπένθησαν
3773 1976 3826 2031 oi

2233 2075 2428 2148 ὑψηλοὶ
2458 2076 2559 2147 τῆς
2606 2077 2712 2147 γῆς
2730 2091 2744 2106 ·
2789 2092 2810 2126 ι
2859 2073 3096 2146 μάλιστα
3162 2071 3273 2145 γάρ
3342 2070 3568 2136 τούτους
3607 2072 3642 2144 ὴ
3685 2070 3825 2144 ὀργὴ

2231 2168 2327 2223 τοῦ
2351 2169 2487 2223 Θεοῦ
2510 2167 2919 2240 μετελεύσεται,
2951 2166 3076 2220 ἐπεὶ
3113 2184 3132 2217 ι
3173 2164 3547 2238 ὑπερηφάνοις
3573 2164 3828 2218 ἀντιτάσ-

2234 2280 2407 2329 σεται,
2434 2263 2710 2326 ταπεινοῖς
2731 2261 2790 2316 δὲ
2807 2260 2993 2315 δίδωσι
3027 2259 3210 2332 χάριν.
3241 2276 3261 2312 ι

2308 2374 2327 2407 ι
2366 2356 2431 2408 Ἦ
2446 2355 2521 2427 γῆ
2544 2354 2791 2426 ὴνόμησε
2812 2353 2902 2407 διά
2920 2354 3050 2418 τούς
3078 2350 3471 2414 κατοικοῦντας
3486 2350 3675 2422 αὐτήν·
3689 2350 3827 2405 διότι

2234 2450 2559 2523 παρέϐησαν
2594 2447 2687 2501 τὸν
2721 2447 2886 2519 νόμον
2930 2445 3142 2517 Κυρίου
3187 2446 3282 2500 καὶ⁵
3325 2443 3701 2510 διεσκέδασαν,
3730 2441 3826 2516 ηλ-

2233 2535 2402 2602 λαξαν
2426 2535 2496 2590 τὰ
2525 2534 2943 2607 προστάγματα,
2973 2533 3244 2605 διαθήκην
3281 2532 3521 2587 αἰώνιον.
3563 2552 3585 2585 ι
3618 2533 3826 2597 Πάντες

2235 2628 2346 2700 γὰρ
2379 2628 2656 2698 ἄνθρωποι
2688 2627 2738 2679 οἰ
2770 2624 2830 2690 ἐξ
2855 2624 3056 2689 αἰῶνος
3085 2627 3185 2697 τὴν
3210 2625 3537 2696 οἰκουμένην
3569 2626 3825 2697 οἰκήσαν-

2235 2734 2349 2781 τες,
2372 2716 2635 2789 Ἕλληνες
2660 2715 2796 2789 ὁμοῦ
2825 2716 2922 2770 καὶ
2951 2715 3238 2788 βάρϐαροι,
3273 2716 3365 2770 τὸν
3394 2715 3623 2785 φυσικὸν
3653 2716 3819 2787 νόμον

2239 2809 2640 2882 παρειληφότες
2676 2810 2869 2863 καὶτὰ
2911 2808 3312 2879 προστάγματα
3357 2806 3452 2861 τοῦ
3506 2805 3644 2862 Θεοῦ
3699 2809 3822 2872 ταῖς

2239 2903 2448 2957 ἑαυτῶν
2474 2902 2671 2973 ψυχαῖς
2705 2901 2919 2973 ἔχοντες
2956 2899 3407 2971 ἐγγεγραμμένα,
3457 2900 3560 2971 τήν
3602 2916 3662 2953 τε
3700 2897 3819 2953 διο.-

2239 2994 2411 3068 θηκην
2430 2995 2528 3067 τὴν
2550 2993 2611 3060 ἐξ
2632 2994 2826 3059 αἰῶνος
2850 2995 2908 3047 ὲν
2935 2994 3059 3056 ταῖς
3101 2995 3310 3056 κοιναῖς
3342 2991 3575 3057 ἐννοίαις
3620 2991 3813 3046 ὑποδε-

2236 3087 2508 3159 δεγμένοι,
2537 3087 2779 3151 κᾶπειτα,
2796 3084 3023 3148 ἑαυτοὺς
3049 3085 3163 3148 τοῖς
3192 3083 3345 3155 παρὰ
3380 3083 3537 3154 φύσιν
3569 3084 3817 3155 ἁμαρτή-

2240 3197 2371 3252 μασι
2401 3178 2781 3243 ὲκδεδωκότες,
2813 3174 3131 3248 παραϐάται
3160 3173 3255 3228 τοῦ
3291 3173 3517 3244 φυσικοῦ
3558 3174 3813 3244 γεγόνασι

2235 3273 2420 3344 νόμου.
2463 3271 2556 3325 Διὸ
2596 3271 2662 3342 δὴ
2702 3271 2944 3339 εὐλόγως
2986 3267 3429 3339 παραστήσονται
3470 3264 3549 3336 τῷ
3580 3262 3707 3336 θείῳ
3739 3266 3820 3319 δι-

2235 3365 2541 3438 καστηρίῳ,
2593 3361 2986 3436 κριθησόμενοι
3035 3360 3112 3425 ὡς
3168 3358 3326 3429 λόγον
3385 3356 3670 3429 ὑφέξοντες
3722 3357 3820 3429 τῆς

2236 3455 2446 3510 ἑαυτῶν
2481 3454 2867 3527 παραϐάσεως.

2311 3567 2330 3599 ι
2369 3547 2469 3601 Διὰ
2495 3546 2653 3600 τοῦτο
2678 3544 2789 3617 ἀρὰ
2813 3543 2988 3598 ἔδεται
3017 3544 3117 3615 τὴν
3145 3541 3270 3614 γῆν,
3304 3540 3389 3595 ὅτι
3423 3538 3744 3611 ἡμάρτοσαν
3772 3538 3815 3590 oi

2237 3639 2619 3703 κατοικοῦντες
2670 3639 2860 3710 αὑτήν.
2906 3636 3005 3691 Διὰ
3046 3635 3208 3689 τοῦτο
3252 3633 3460 3704 πτωχοὶ
3506 3631 3718 3685 ἔσονται
3765 3630 3810 3682 οἰ

2236 3732 2573 3796 ἐνοικοῦντες
2595 3734 2653 3786 ἐν
2675 3734 2743 3802 τῇ
2773 3732 2868 3802 γῇ,
2911 3730 3006 3783 καὶ
3038 3725 3565 3798 καταλειφθήσονται
3612 3723 3808 3795 ἄνθρω-

2238 3844 2329 3880 ποι
2353 3826 2544 3895 ὀλίγοι.
2579 3824 2845 3893 Πενθήσει
2877 3818 3041 3888 οἶνος,
3086 3820 3347 3892 πενθήσει
3393 3816 3659 3890 ἄμπελος,
3698 3831 3812 3869 στε-

2238 3919 2457 3984 νάξουσι
2486 3916 2688 3981 πάντες
2715 3917 2766 3969 οί
2798 3915 3214 3987 εὐφραινόμενοι
3238 3911 3340 3983 τὴν
3365 3910 3566 3982 ψυχήν.
3603 3909 3820 3962 Πέπαυ-

2236 4028 2327 4065 ται
2356 4009 2664 4082 εὐφροσύνη
2697 4007 3017 4080 τυμπάνων,
3054 4005 3330 4059 πέπαυται
3373 4002 3525 4075 φωνὴ
3571 3999 3822 4072 κιθάρας.

2250 4104 2650 4176 ᾟσχύνθησαν,
2698 4103 2799 4155 οὐκ
2836 4099 3020 4155 ἔπινον
3060 4095 3234 4153 οἶνον·
3271 4096 3471 4169 πικρὸν
3513 4095 3724 4165 ἐγίνετο
3763 4090 3829 4146 τὸ

2241 4195 2436 4267 σίκερα
2471 4195 2585 4257 τοῖς
2614 4192 2890 4247 πίνουσινο
2923 4188 3197 4263 ἠρημώθη
3229 4190 3381 4243 πᾶσα
3403 4186 3590 4251 πόλιςο
3620 4185 3831 4241 κλείσει

2238 4289 2417 4343 οἰκίαν
2462 4287 2557 4340 τοῦ
2613 4286 2688 4357 μὴ
2719 4284 3003 4338 εἰσελθεῖν.
3044 4302 3062 4334 ι
3098 4282 3311 4354 ’Ὠσπερ
3351 4279 3407 4335 δὲ
3444 4282 3503 4333 ἐν
3544 4279 3685 4351 ἀρχῇ
3725 4278 3834 4351 τῆς

2239 4380 2618 4451 κοσμοποιίας,
2652 4379 2819 4450 μήπω
2853 4374 3129 4448 ἁμαρτίας
3155 4373 3491 4445 ὑποστάσης,
3523 4369 3834 4443 ηὐλόγησεν

2238 4476 2268 4527 ό
2293 4472 2427 4535 Θεὸς
2453 4473 2546 4524 τὸν
2577 4470 2885 4542 ἄνθρωπον,
2922 4467 3097 4532 οὕτως
3128 4467 3223 4521 ἐπὶ
3248 4465 3531 4537 συντελείᾳ
3565 4462 3674 4517 τῶν
3699 4460 3837 4517 αἰώ-

548 4554 606 4608 in
647 4552 1119 4607 consummatione
1155 4553 1501 4609 saeculorum.
1553 4553 1740 4626 Neque
1769 4556 1914 4611 enim
1946 4571 2136 4614 omnes

2240 4582 2366 4620 νων.
2410 4563 2546 4618 Οὐδὲ
2585 4561 2696 4634 γὰρ
2735 4563 2944 4625 πάντας
2983 4558 3259 4626 στενάξειν
3299 4561 3435 4629 φησὶ
3475 4558 3600 4622 τοὺς
3644 4557 3703 4609 ὲν
3749 4555 3837 4627 τῷ

551 4645 609 4701 in
664 4647 922 4717 praesenti
968 4646 1077 4701 vita
1130 4658 1418 4704 versantes
1491 4650 1850 4721 ingemituros
1888 4652 1985 4717 ait,
2038 4654 2133 4711 sed

547 4747 763 4793 tantum
786 4753 904 4805 eos,
928 4740 1017 4809 qui
1046 4741 1098 4794 in
1131 4740 1240 4795 lata
1282 4753 1335 4796 et
1364 4745 1599 4815 spatiosa
1642 4745 1729 4799 via
1771 4745 2135 4813 incesserunt,

548 4833 646 4901 qui
678 4833 1083 4901 computatione
1116 4843 1172 4889 et
1212 4833 1338 4889 luxu
1371 4851 1472 4892 sua
1511 4839 1694 4892 omnia
1720 4837 2090 4908 dilapidarunt
2120 4860 2135 4897 :

545 4928 643 4999 qui
687 4941 794 4982 non
822 4926 965 4981 ultra
1010 4927 1380 4998 voluptatibus
1424 4929 1723 4996 fruuntur,
1779 4933 1873 4988 sed
1917 4935 1983 4991 de
2020 4944 2138 4990 tur-

547 5019 711 5087 pibus
751 5032 814 5072 ac
847 5016 1076 5073 nefariis
1110 5020 1278 5089 gestis
1317 5020 1433 5076 suis
1471 5023 1730 5087 convicti,
1786 5024 1991 5094 pudore
2020 5024 2139 5080 suf-

547 5106 873 5163 funduntur.
910 5108 1238 5180 Plerumque
1272 5120 1453 5165 autem
1480 5110 1790 5184 Theologus
1808 5114 1991 5169 vinum
2023 5129 2137 5170 meo

546 5214 793 5262 morans,
850 5199 1136 5254 hominum
1176 5201 1508 5270 voluptatem
1572 5204 1962 5273 subindicavit,
2025 5208 2141 5262 sive

546 5294 855 5349 mercedem
885 5293 1126 5359 malitia},
1159 5303 1323 5363 atque
1353 5294 1549 5348 animus
1586 5305 1891 5363 veternum,
1917 5299 2010 5368 qui
2044 5313 2141 5353 co-

546 5387 871 5456 gitationum
903 5396 1181 5441 rectarum
1225 5393 1279 5440 et
1325 5387 1653 5441 naturalium
1686 5390 1953 5445 rationem
1982 5406 2141 5447 ever-

551 5480 636 5536 t-it.
665 5477 782 5546 Qua
817 5481 1084 5534 ebrietate
1136 5476 1292 5548 quasi
1343 5478 1665 5548 evigilantes
1695 5483 1789 5551 qui
1847 5493 1974 5539 tunc
2011 5499 2141 5552 sup-

553 5568 715 5635 plicio
769 5567 1113 5632 aﬂicieutur,
1186 5582 1350 5623 voces
1418 5578 1475 5622 et
1546 5568 1815 5626 clamores
1880 5571 2138 5643 lugubres

553 5656 845 5713 eﬂ‘undeot.

527 5815 539 5831 ’
627 5837 788 5895 "Job
817 5854 895 5908 ιιι,
917 5837 1001 5892 i9.
1040 5840 1106 5911 _“
1127 5838 1262 5895 Gen.
1296 5856 1379 5909 ιιι,
1409 5839 1493 5896 i9.
1574 5842 1618 5873 ¹²
1647 5839 1930 5910 ιοςοιων,
1954 5843 2005 5898 6.

2246 4657 2472 4730 παρόντι
2513 4656 2631 4727 βίῳ,
2658 4653 2830 4725 ἀλλ’ἢ
2861 4656 2988 4719 τοὺς
3014 4653 3113 4725 τὴν
3139 4652 3400 4708 πλατεῖαν
3440 4652 3536 4706 καὶ¹
3583 4649 3835 4724 εὐρύχω-

2247 4766 2343 4823 ρον
2364 4749 2688 4812 ὡδευκότας,
2722 4747 3090 4817 οἰνοφλυγίαις
3117 4746 3210 4801 καὶ
3230 4743 3493 4808 ἀσωτίαις
3518 4742 3587 4798 τά
3620 4742 3840 4797 ἑαυτῶν

2243 4842 2682 4913 κατατρίψαντας
2707 4859 2720 4872 ·
2781 4844 2829 4895 οἱ
2879 4842 2975 4894 καὶ
3028 4840 3224 4912 μηκέτι
3291 4837 3508 4909 ἔχοντες
3554 4834 3655 4909 τὴν
3721 4835 3841 4892 τῶν

2242 4934 2444 5007 ἡδονῶν
2489 4934 2787 4988 ἀπόλαυσιν
2805 4949 2819 4963 ⁸
2879 4931 3016 4986 ἀλλὰ
3056 4932 3152 4985 καὶ
3212 4928 3563 5000 ἐλεγχόμενοι
3610 4926 3697 4997 ἐφ’
3742 4923 3843 4993 αἷς

2241 5026 2483 5099 ἔπραξαν
2512 5028 2765 5098 αἰσχραῖς
2800 5028 2895 5080 καὶ
2923 5026 3204 5096 ἀθεμίτοις
3243 5021 3528 5095 πράξεσιν,
3568 5020 3846 5094 αἰσχύνην

2249 5120 2664 5191 καταχεοῦνται.
2697 5118 2966 5182 Πολλάκις
2998 5117 3055 5171 δὲ
3091 5119 3121 5170 ὁ
3146 5114 3411 5183 Θεολόγος
3446 5113 3591 5166 οῐνου
3619 5128 3842 5184 μνημο-

2248 5212 2462 5277 νεύσας,
2480 5211 2575 5283 τὴν
2600 5211 2708 5264 τῶν
2734 5210 3037 5280 ἀνθρώπων
3074 5208 3285 5279 τρυφὴν
3310 5204 3548 5281 ᾐνίξατο,
3576 5205 3611 5277 ἢ
3645 5204 3706 5258 τὸ
3738 5208 3844 5279 τῆς

2247 5302 2447 5366 κακίας
2472 5301 2728 5373 μίσθωμα
2762 5302 2856 5355 καὶ
2886 5299 2978 5353 τὸν
3006 5299 3106 5369 τῆς
3134 5298 3313 5370 ψυχῆς
3338 5297 3528 5368 κάρον,
3553 5299 3848 5369 παρατρέ-

2249 5412 2418 5449 ποντα
2448 5396 2546 5465 τὴν
2575 5395 2814 5449 διάνοιαν
2860 5392 2969 5445 τῶν
3011 5390 3187 5463 ὀρθῶν
3221 5392 3317 5445 καὶ
3362 5389 3507 5444 κατὰ
3546 5388 3710 5459 φύσιν
3747 5388 3848 5443 λο-

2247 5487 2489 5560 γισμῶν*
2524 5483 2585 5543 οῦ
2627 5487 2977 5559 μεθύσματος
3016 5487 3206 5556 ὥσπερ
3249 5482 3608 5555 διανηψαντες
3626 5481 3677 5535 οἱ
3715 5484 3850 5537 τότε

2246 5579 2601 5651 κολαζόμενοι
2624 5618 2639 5642 ,
2722 5575 2907 5644 φωνὰς
2981 5574 3257 5646 ἀφήσουσι
3339 5574 3437 5627 καὶ
3512 5570 3642 5641 βοὰς
3720 5588 3855 5626 πεν-

2246 5669 2425 5733 θικάς.
