4118 6388
313 361 409 417 liii

1235 350 1740 409 COMMENTARIA
1783 346 1849 402 IN
1889 345 2147 401 ISAIAM.
2189 376 2259 384 ———
2295 344 2450 399 CAP.
2488 341 2680 399 XXIV.

3495 348 3606 405 26%

390 497 410 528 ι
468 474 776 540 Ὀλολύζετε
804 473 932 546 περὶ
964 471 1054 526 τοῦ
1092 472 1238 525 οίνου
1276 472 1525 542 πανταχῆ
1554 488 1566 500 ·
1623 470 1899 523 πέπαυται

2080 460 2245 515 Vens.
2281 462 2462 518 H-l-S.
2495 479 2514 513 σ
2551 460 2758 515 Ulnlatc
2789 474 2888 531 pro
2914 461 3042 515 vino
3071 461 3276 532 ubique
3314 477 3328 514 :
3365 465 3604 520 cessavit

316 573 468 625 πᾶσα
490 569 817 641 εὐφροσύνη,
861 567 1070 639 ἀπῆλθε
1112 567 1265 620 πᾶσα
1303 566 1613 636 εὐφροσύνη
1655 567 1756 636 τῆς
1784 567 1909 634 γῆς.

316 662 419 714 Καί
456 658 974 730 καταλειφθήσονται
1005 655 1193 719 πόλεις
1223 656 1320 728 ἐρη
1331 673 1443 727 μοι,
1471 656 1568 709 καὶ
1591 650 1732 708 οἶκοι
1753 656 1914 722 ἐγκα-

315 753 727 823 ταλελειμμένοι
759 749 1110 806 ἀπολοῦνται.
1149 748 1336 804 Ταῦτα
1365 749 1543 801 πάντα
1571 747 1723 801 ἔσται
1753 749 1811 800 ὲν
1844 749 1910 819 τῇ

316 849 409 918 γῇ,
431 849 488 899 ὲν
519 846 670 917 μέσῳ
695 845 806 898 τῶν
833 843 1026 898 ἐθνῶν.
1055 844 1152 897 Ὃν
1183 843 1387 914 τρόπον
1421 840 1519 894 ἐάν
1545 858 1631 904 τις
1671 840 1914 910 καλαμῆ-

318 955 476 1008 σηται
515 937 723 1002 ἐλαίαν,
759 935 935 999 οὕτως
964 935 1378 1004 καλαμήσονται
1408 932 1607 997 αὐτούς
1645 949 1660 964 ·
1691 933 1788 987 καὶ
1816 930 1911 984 ἐὰν

317 1029 597 1100 παύσηται
637 1032 670 1083 ὁ
707 1027 1004 1101 τρυγητός.
1051 1045 1072 1078 ι
1125 1027 1214 1088 Ὠς
1251 1025 1453 1096 μηδένα
1495 1023 1914 1096 περιλειφθῆναι

317 1122 426 1175 τῶν
458 1121 694 1186 ἀσεϐῶν,
735 1120 873 1174 ἀλλὰ
921 1120 1018 1173 καὶ
1061 1118 1257 1190 μέχρις
1301 1118 1420 1182 ἐνὸς
1457 1117 1558 1188 τὴν
1597 1118 1780 1189 κρίσιν
1819 1114 1913 1170 τοῦ

317 1215 452 1269 Θεοῦ
484 1215 780 1287 μετελθεῖν.
823 1215 911 1278 Ὠς
941 1213 1052 1284 γὰρ
1097 1214 1146 1265 οί
1193 1211 1290 1264 τὸν
1322 1214 1422 1282 τῆς
1468 1211 1658 1276 ἐλαίας
1700 1209 1912 1281 καρπδν

316 1306 707 1376 ἀναλεγόμενοι
737 1303 1004 1375 καλάμοις
1021 1301 1244 1355 εἰώθασι
1274 1300 1586 1372 διακρούειν
1619 1299 1715 1353 καὶ
1741 1313 1912 1352 κατα-

319 1399 506 1453 ϐαλεῖν
543 1399 706 1468 μέχρι
753 1397 848 1450 καὶ
895 1398 1044 1467 μιᾶς,
1082 1392 1240 1446 εἵπου
1273 1391 1672 1463 περιλειφθείη,
1705 1390 1800 1444 καὶ
1838 1389 1918 1452 ὡς

323 1491 466 1561 μετὰ
521 1491 612 1544 τὸν
663 1489 932 1560 τρυγητὸν
994 1485 1308 1546 ἐπανιόντες
1353 1482 1499 1547 τινὲς
1559 1481 1918 1550 ἁναλέγονται

323 1583 507 1656 ρὦάς
536 1600 690 1645 τινας
713 1581 935 1653 βραχεῖς
957 1579 991 1650 ἢ
1014 1580 1249 1651 βότρυας
1274 1580 1401 1642 τοὺς
1422 1575 1909 1649 παραλειφθέντας·

317 1677 413 1730 τὸν
448 1675 611 1729 αὐτὸν
638 1675 842 1746 τρόπον
876 1674 970 1727 καὶ
1013 1674 1138 1737 τοὺς
1175 1671 1399 1733 ἀσεϐεῖς
1432 1667 1782 1733 ἀναλέξονται
1819 1667 1914 1721 καὶ

323 1768 518 1839 μέχρις
539 1767 674 1831 ἑνὸς,
693 1766 768 1829 ὼς
787 1764 989 1837 μηδένα
1006 1765 1292 1834 διαφυγεῖν
1315 1762 1417 1834 τὴν
1440 1760 1534 1816 τοῦ
1551 1756 1690 1813 Θεοῦ
1707 1757 1912 1829 κρίσιν.

2016 554 2197 609 omnis
2237 554 2443 617 laetitia,
2489 553 2743 608 discessit
2773 554 2955 608 omnis
2983 553 3165 608 laetitia
3199 563 3378 610 terrae.
3415 555 3482 610 Et
3511 570 3604 612 re-

2017 643 2332 713 liuqneutur
2364 645 2529 698 urbes
2560 645 2811 707 desenm,
2840 653 2898 696 et
2926 644 3120 699 domus
3159 644 3436 700 derelictae
3481 660 3608 715 per-

2018 735 2193 791 ibunt.
2240 735 2369 789 Haec
2422 736 2606 789 omnia
2647 744 2810 790 erunt
2867 736 2920 788 in
2958 743 3124 803 terra,
3171 736 3222 790 in
3259 737 3440 792 medio
3467 753 3604 807 gen-

2019 827 2173 883 tium.
2207 827 2674 894 Quemadmodum
2729 826 2775 880 si
2830 828 2952 895 quis
2984 829 3229 883 excutiat
3260 829 3485 894 olivam,
3525 830 3606 885 sic

2015 920 2296 973 excutient
2346 918 2528 989 ipsos;
2564 926 2621 972 et
2661 917 2709 970 si
2749 917 2996 986 quiescat
3025 919 3320 973 vindemia.
3364 938 3386 971 ι
3423 919 3500 973 Ita
3548 927 3609 974 ut

2018 1011 2198 1065 nullus
2230 1011 2526 1080 impiorum
2555 1009 2809 1063 residuus
2851 1009 2952 1074 sit,
2998 1011 3092 1065 sed
3141 1011 3209 1064 ad
3237 1027 3402 1065 unum
3433 1027 3608 1082 usque

2015 1118 2207 1157 omnes
2229 1101 2498 1172 judiciqu
2533 1100 2628 1155 Dei
2659 1100 2913 1156 subeant.
2948 1099 3422 1166 Quemadmodum
3453 1104 3609 1160 enim

2016 1196 2109 1266 qui
2141 1196 2300 1249 olivae
2331 1193 2566 1248 fructum
2605 1192 2892 1262 colligunt,
2950 1193 3173 1261 perticis
3227 1194 3404 1250 solent
3446 1195 3608 1250 olivae

2015 1304 2185 1359 grana
2213 1297 2471 1344 excutere
2512 1302 2578 1341 ac
2616 1284 2855 1356 dejicere
2891 1299 3065 1354 usque
3096 1286 3163 1340 ad
3209 1302 3396 1350 unum,
3425 1286 3606 1342 sicubi

2018 1381 2427 1450 derelinquatnr
2456 1395 2472 1432 :
2506 1394 2571 1434 ac
2603 1377 3058 1448 quemadmodum
3098 1386 3225 1447 post
3248 1378 3604 1446 vindemiam,

2019 1484 2364 1529 revertentes
2407 1474 2629 1543 quidam
2667 1485 2866 1543 parvos
2890 1473 3078 1527 acinos
3097 1482 3152 1527 et
3190 1488 3321 1526 uvas
3357 1472 3609 1529 residuas

2019 1567 2313 1635 colligunt,
2357 1566 2431 1620 ita
2467 1574 2523 1622 et
2553 1566 2746 1636 impios
2775 1567 3031 1636 colligent
3086 1581 3258 1635 usque
3297 1567 3366 1622 ad
3398 1583 3600 1636 unum;

2019 1659 2183 1713 itaut
2220 1658 2484 1730 judicium
2529 1635 2639 1714 Dei,
2660 1673 2820 1713 nemo
2860 1635 3226 1727 subterfugiat
3499 1635 3515 1645 ί

395 1827 610 1913 ζ”οῧτοι
637 1827 760 1932 ⁷βοή
787 1827 1158 1931 ’φωνήσουσιξη
1187 1827 1224 1908 ἰ»
1257 1827 1414 1918 Τίνες
1456 1853 1512 1906 δὲ
1553 1844 1702 1906 οὗτοι
1733 1827 1848 1904 ἀλλ’
1879 1849 1914 1920 ἢ

2087 1841 2256 1896 Vens.
2288 1841 2378 1896 Li.
2411 1858 2432 1892 σ
2454 1839 2518 1895 lli
2543 1840 2781 1896 clamore
2813 1839 3276 1896 vociferahuntur.
3314 1859 3335 1892 ι
3373 1839 3606 1907 Quinam

318 1954 370 2007 οί
391 1953 486 2006 τοῦ
516 1953 828 2026 κρείττονος
857 1953 1173 2024 τάγματοςς
1207 1945 1331 2003 Εἶεν
1378 1948 1427 2001 δ’
1457 1947 1524 2000 ἂν
1562 1939 1708 2000 οὗτοι
1741 1944 1790 1995 ei
1815 1943 1919 2014 τῆς

320 2043 476 2116 παρὰ
509 2044 628 2116 Θεῷ
677 2044 1098 2116 μεγαλειότητος
1139 2041 1454 2112 ἠξιωμένοι.
1503 2057 1520 2090 ι
1565 2038 1629 2091 Ol
1656 2037 1714 2090 δὲ
1746 2053 1916 2089 κατα-

321 2137 632 2207 λειφθέντες
667 2139 760 2191 ὲπὶ
783 2136 883 2208 τῆς
912 2136 1018 2206 γῆς
1050 2134 1518 2206 εὐφρανθήσονται
1550 2130 1665 2200 ἅμα
1694 2130 1760 2198 τῇ
1789 2125 1918 2197 δόξῃ

323 2233 564 2303 Κυρίου’
603 2230 1010 2302 ταραχθήσεται
1042 2228 1105 2281 τὺ
1139 2228 1283 2296 ὕδωρ
1325 2227 1424 2298 τῆς
1458 2223 1760 2293 θαλάσσης.
1803 2240 1822 2270 ι
1853 2221 1918 2273 υί

324 2325 380 2377 δὲ
405 2325 503 2395 τῆς
536 2324 752 2396 μερίδος
791 2323 1070 2393 γενόμενοι
1113 2320 1206 2374 τοῦ
1254 2317 1391 2372 Θεοῦ
1443 2314 1920 2388 εὐφρανθήσονται

325 2417 444 2487 ἅμα
473 2420 539 2488 τῇ
570 2416 698 2488 δόξῃ
731 2415 825 2469 τοῦ
875 2414 1114 2487 Κυρίου·
1145 2413 1268 2466 τότε
1304 2411 1413 2483 γὰρ
1449 2409 1611 2472 αὐτὸς
1643 2409 1674 2461 ὁ
1712 2406 1922 2478 Κύριος

324 2511 606 2565 ἐλεύσεται
640 2513 698 2564 ἐν
723 2512 789 2582 τῇ
820 2507 946 2580 δόξῃ
978 2507 1073 2561 τοῦ
1110 2506 1323 2578 Πατρός
1363 2503 1532 2557 αὐτοῦ
1576 2501 1716 2573 μετὰ
1756 2499 1917 2554 δυνά-

327 2620 474 2678 μεως
499 2602 594 2656 καὶ
625 2600 783 2672 δόξης
816 2599 1036 2669 πολλῆς.
1094 2597 1218 2650 Ἐπὶ
1254 2594 1427 2668 ταύτῃ
1476 2592 1654 2647 τοίνυν
1689 2593 1758 2662 τῇ
1793 2589 1919 2660 δόξῃ

322 2691 418 2746 τοῦ
466 2691 673 2746 ἑαυτῶν
729 2691 934 2763 Κυρίου
989 2687 1461 2760 εὐφρανθήσονται
1510 2685 1562 2737 oi
1609 2682 1780 2737 πάλαι
1836 2682 1920 2746 είς

323 2783 488 2838 αὐτὸν
513 2784 825 2853 ἠλπικότες.
876 2779 1024 2834 Ἀντὶ
1063 2779 1120 2832 δὲ
1160 2779 1278 2842 τοῦ,
1333 2797 1352 2829 ι
1404 2774 1823 2847 Ταραχθήσεται
1858 2772 1920 2825 τὸ

327 2873 472 2945 ὕδωρ
495 2873 593 2944 τῆς
618 2872 914 2943 θαλάσσης,
957 2891 974 2922 ι
1015 2887 1034 2922 t
1070 2871 1323 2940 Ἥχησαν
1357 2867 1530 2921 ὓδατα
1561 2866 1857 2934 θαλάσσης,
1894 2881 1913 2913 ι

325 2966 618 3020 Θεοδοτίων
637 2965 970 3036 ἡρμήνευσε,
994 2962 1273 3033 σημαίνων
1291 2961 1352 3013 τὸ
1378 2959 1606 3030 μέγεθος
1629 2960 1728 3029 τῆς
1750 2956 1918 3027 ζωῆς,

327 3053 362 3132 ᾗ
396 3057 690 3131 χρῄζονται
717 3060 766 3110 oi
794 3057 1108 3124 δοξάζοντες
1150 3057 1244 3110 τὸν
1285 3054 1493 3108 ἑαυτῶν
1527 3053 1760 3123 Κύριον’
1801 3051 1920 3121 ἤχῳ

326 3152 438 3222 γὰρ
468 3151 746 3221 θαλάσσης
769 3149 1254 3222 παραϐληθήσεται
1284 3146 1465 3201 αὐτῶν
1494 3148 1528 3218 ἡ
1564 3145 1738 3216 φωνή.

405 3264 425 3297 ι
468 3245 568 3298 Διά
595 3242 758 3297 τοῦτο
787 3245 826 3313 ή
850 3243 978 3309 δόξα
1017 3241 1222 3313 Κυρίου
1255 3242 1313 3293 ὲν
1358 3241 1480 3303 ταῖς
1528 3239 1710 3310 νήσοις
1765 3237 1920 3292 ἔσται

328 3338 428 3410 τῆς
460 3335 755 3406 θαλάσσης.
797 3353 818 3385 ι
852 3335 984 3398 Ταῖς
1027 3333 1377 3404 Ἐκκλησίαις
1424 3330 1625 3403 δηλαδὴ
1663 3335 1782 3396 ταῖς
1825 3347 1921 3401 με-

330 3427 466 3493 ταξὺ
513 3427 681 3481 πάλαι
719 3427 830 3481 τῶν
878 3426 1122 3479 ἀπίστων
1182 3424 1382 3488 ἐθνῶν,
1433 3423 1622 3494 ὥσπερ
1662 3425 1719 3476 ἐν
1769 3423 1922 3494 μέσῳ

331 3521 627 3591 θαλάσσης,
656 3518 1116 3590 ἀπειλημμέναις,
1138 3517 1222 3587 ἐφ’
1242 3517 1308 3582 ἃς
1341 3519 1376 3586 ή
1407 3516 1537 3581 δόξα
1565 3516 1770 3588 Κυρίου
1796 3519 1922 3569 ἐπι-

328 3613 530 3682 λάμψει
559 3611 700 3664 τότε.
737 3629 757 3661 ι
781 3611 853 3663 Τὸ
877 3610 1045 3680 ὄνομα
1074 3610 1283 3682 Κυρίου
1306 3607 1514 3673 ἔνδοξον
1545 3607 1716 3661 ἔσται.
1749 3607 1923 3678 Κύριε

324 3705 356 3757 ό
381 3704 512 3767 Θεὸς
555 3702 792 3775 Ἰσραὴλ,
820 3701 929 3755 άπὸ
963 3701 1071 3755 τῶν
1115 3701 1405 3772 πτερύγων
1440 3700 1539 3769 τῆς
1570 3701 1672 3769 γῆς
1718 3699 1922 3770 τέρατα

324 3794 620 3865 ἠκούομεν,
647 3794 803 3857 ἐλπὶς
835 3791 914 3864 τῷ
941 3791 1175 3845 εὐσεϐεῖ.
1214 3791 1373 3845 Κατὰ
1400 3789 1456 3842 δὲ
1491 3789 1583 3842 τὸν
1627 3789 1923 3859 Σύμμαχον

324 3888 420 3942 καὶ
452 3888 804 3947 Θεοδοτίωνα,
833 3904 851 3936 ι
886 3886 1022 3938 Ἀπὸ
1053 3883 1162 3937 τῶν
1193 3881 1480 3952 πτερύγιον
1524 3881 1622 3950 τῆς
1652 3884 1755 3952 γῆς
1787 3880 1927 3949 ψαλ-

332 3980 466 4050 μοὺς
510 3977 860 4048 ἡκούσαμν·
904 3995 926 4026 ι
960 3973 1104 4029 κατὰ
1144 3973 1202 4026 δὲ
1241 3972 1333 4024 τὸν
1398 3969 1652 4033 Ἀκύλαν,
1687 3989 1704 4021 ι
1748 3969 1924 4040 μελῳ-

326 4071 464 4134 δίας.
512 4089 529 4121 ι
576 4072 638 4123 Οί
669 4069 780 4139 γὰρ
814 4069 915 4138 τῆς
953 4065 1169 4136 μερίδος
1213 4063 1308 4116 τοῦ
1358 4062 1518 4126 Θεοῦ,
1565 4061 1664 4133 τὴν
1705 4061 1922 4117 δικαίαν

327 4162 492 4220 αὐτοῦ
531 4162 712 4235 κρίσιν
743 4156 1251 4230 άποθαυμάξοντες,
1281 4155 1671 4225 εὐφραίνονται
1707 4154 1823 4226 ἅμα
1856 4157 1922 4226 τῇ

327 4254 458 4327 δόξῃ
489 4252 584 4306 τοῦ
635 4250 866 4321 Κυρίου,
906 4249 1003 4301 καὶ
1049 4245 1466 4318 εὐφραινόμενοι
1514 4242 1719 4313 ’ὕμνους
1773 4244 1924 4314 αὐτῷ

331 4344 423 4398 καὶ
459 4341 776 4414 ψαλμῳδίας
822 4336 1275 4408 εὐχαριστηρίους
1320 4333 1761 4404 ἁναπέμπουσιν.
1807 4328 1924 4386 Εἶτ’

329 4434 594 4503 ἐπιλέγει,
629 4451 646 4484 ι
701 4429 886 4494 Ἐλπὶς
905 4428 982 4500 τῷ
1010 4425 1241 4480 εὐσεϐεῖ.
1275 4443 1293 4476 ι
1339 4422 1558 4494 Ἐπειδὴ
1584 4424 1695 4495 γάρ
1723 4424 1792 4477 τά
1811 4425 1926 4489 τοῖς

324 4527 555 4583 ἀσεϐέσι
586 4523 798 4597 διῆλθεν
821 4521 1182 4593 ὴπειλημένα,
1227 4515 1356 4588 ἑξῆς
1401 4516 1530 4587 περὶ
1561 4517 1660 4586 τῆς
1707 4515 1924 4588 μερίδος
1959 4542 2001 4598 D

329 4625 430 4694 τῆς
471 4618 605 4673 Θεοῦ
648 4618 945 4688 ἐπήγαγεν,
993 4612 1068 4675 ὡς
1111 4631 1129 4662 ι
1172 4607 1656 4681 Εὐφρανθήσονται
1701 4607 1818 4678 ἅμα
1855 4609 1922 4678 τῇ

331 4714 460 4786 δόξῃ
487 4711 715 4783 Κυρίου,
747 4728 763 4759 ι
791 4707 888 4763 καὶ
907 4705 988 4767 ὡς
1023 4723 1041 4754 ι
1086 4703 1150 4755 Ἦ
1171 4699 1299 4765 δόξα
1341 4699 1554 4771 Κυρίου
1589 4701 1646 4752 ὲν
1681 4702 1802 4762 ταῖς
1827 4701 1926 4770 νή-

334 4825 447 4871 σοις
474 4806 660 4860 ἔσται’
698 4822 716 4853 ι
756 4801 830 4864 ὡς
854 4799 919 4870 δὴ
943 4793 1458 4867 τὴνδικαιοκρισίαν
1493 4791 1588 4844 τοῦ
1629 4790 1765 4843 Θεοῦ
1802 4808 1926 4844 πα-

337 4899 630 4970 ραστήσας,
693 4888 1000 4952 ἀκολούθως
1064 4888 1312 4956 ἐπήγαγε
1360 4883 1454 4935 τό’
1520 4902 1537 4933 ι
1616 4882 1804 4945 Ἐλπὶς
1847 4881 1928 4954 τῷ

335 4991 570 5044 εὐσεϐεῖ·
618 5008 637 5039 ι
669 4985 832 5039 παντὶ
861 4983 967 5054 γάρ
990 4977 1182 5047 δικαίῳ
1207 4975 1301 5028 καὶ
1340 4973 1554 5027 εὐσεϐεῖ
1584 4973 1738 5044 ἀνδρὶ
1766 4972 1926 5034 ἐλπὶς

336 5081 522 5153 ἀγαθὴ,
547 5079 821 5151 σωτηρίας
847 5075 1158 5129 ἀπόκειται.

412 5194 430 5228 ι
464 5175 575 5228 Καὶ
608 5170 822 5244 ἐροῦσιο
868 5167 1004 5219 Οὐαὶ
1051 5166 1163 5225 τοῖς
1209 5157 1487 5220 ἀθετοῦσι,
1520 5159 1570 5211 οί
1601 5156 1926 5218 ἀθετοῦντες

334 5271 426 5327 τὸν
461 5267 656 5338 νόμον·
693 5283 712 5316 δ
741 5262 882 5316 κατὰ
925 5260 1022 5331 μὲν
1046 5257 1136 5311 τὸν
1173 5252 1404 5308 ’Λκύλαν
1430 5252 1665 5323 εἴρηται,
1699 5269 1717 5302 ι
1759 5250 1826 5301 Ὢ
1847 5248 1930 5301 οἴ-

341 5382 432 5436 μοι
457 5357 803 5421 ἁθετοῦντες·
831 5353 1117 5426 ἠθέτησαι.
1146 5369 1164 5400 ι
1203 5348 1365 5418 Ὁρᾷς
1387 5347 1536 5408 ὅπως
1590 5343 1930 5412 συνέπασχον

335 5459 449 5518 τοῖς
510 5446 920 5518 ἀπολλυμένοις,
967 5443 1061 5497 καὶ
1111 5438 1455 5510 ύπερήλγουν
1527 5434 1710 5488 αὐτῶν
1746 5435 1796 5486 οἱ
1831 5431 1929 5484 τοῦ

337 5546 473 5602 Θεοῦ
505 5543 780 5616 ἂνθρωποι
830 5537 917 5590 διά
958 5531 1391 5605 φιλανθρωπίαν,
1446 5530 1522 5593 ὡς
1577 5531 1657 5592 είς
1705 5524 1930 5588 ἑαυτοὺς

336 5636 696 5708 ἀναστρέφειν
748 5631 840 5685 τὸν
903 5625 1253 5696 ταλανισμδν,
1298 5624 1394 5677 καὶ¹
1440 5623 1644 5691 λέγειν,
1689 5617 1738 5672 ὣ
1784 5618 1929 5687 οἴμοι

338 5735 421 5804 ἐφ’
447 5731 526 5795 οἷς
554 5731 827 5802 ἠθέτησαν
843 5725 890 5778 οἱ
928 5719 1275 5792 memmi:

2018 1933 2096 2001 hi,
2126 1934 2230 1987 nisi
2261 1932 2357 2003 qui
2389 1931 2687 2003 superioris
2721 1931 2930 1987 ordinis
2956 1931 3119 1986 sunt?
3158 1930 3254 1986 Isti
3299 1945 3465 2001 porro
3490 1931 3610 1991 fue-

2019 2024 2152 2091 rint,
2199 2023 2292 2092 qui
2338 2037 2426 2087 ea,
2482 2037 2602 2091 quae
2633 2023 2775 2092 apud
2816 2022 2988 2078 Deum
3026 2033 3113 2076 est
3174 2023 3606 2092 magniﬁcentia,

2019 2115 2226 2183 dignati
2253 2124 2399 2168 sunt.
2431 2132 2451 2165 ι
2481 2113 2584 2181 Qui
2619 2122 2800 2168 autem
2832 2113 3004 2168 relicti
3055 2113 3260 2168 fuerint
3302 2129 3466 2184 super
3496 2124 3610 2171 ter-

2020 2221 2162 2270 ram,
2197 2205 2523 2261 laetabuntur
2545 2219 2668 2260 cum
2698 2204 2871 2275 gloria
2899 2205 3114 2260 Domini
3141 2221 3154 2257 :
3193 2206 3608 2262 conturbabitur

2019 2309 2160 2364 aqua
2210 2295 2398 2349 maris.
2451 2313 2472 2348 ι
2525 2293 2626 2360 Qui
2665 2303 2842 2349 autem
2882 2309 2947 2349 ex
3001 2295 3250 2363 portione
3286 2292 3383 2348 Dei
3420 2301 3606 2359 erunt,

2021 2386 2348 2443 laetabuntur
2375 2401 2498 2442 cum
2531 2387 2706 2458 gloria
2742 2385 2988 2442 Domini:
3014 2397 3142 2440 tunc
3170 2386 3316 2441 enim
3355 2386 3472 2456 ipse
3505 2386 3611 2446 Do-

2021 2481 2203 2534 minus
2245 2480 2423 2533 veniet
2463 2480 2516 2532 in
2551 2478 2724 2550 gloria
2767 2479 2948 2535 Patris
2975 2479 3057 2534 sui
3095 2493 3217 2532 cum
3255 2487 3525 2547 potestate
3550 2489 3610 2533 et

2022 2570 2304 2638 majestate
2345 2569 2556 2640 grandi.
2609 2570 2662 2624 In
2710 2571 2813 2625 hac
2864 2585 2994 2638 ergo
3036 2569 3247 2624 Domini
3296 2568 3380 2624 sui
3437 2568 3606 2638 gloria

2023 2661 2366 2727 lzetabuntur,
2415 2660 2507 2730 qui
2530 2659 2658 2714 olim
2687 2661 2740 2715 in
2775 2660 2948 2730 ipsum
2975 2667 3351 2730 speraverant.
3381 2657 3489 2713 Pro
3518 2657 3609 2713 illo

2021 2762 2225 2813 atatem,
2265 2769 2284 2803 ι
2317 2749 2733 2806 conturbabitur
2777 2764 2916 2820 aqua
2945 2750 3133 2815 maris,
3174 2768 3193 2801 ι
3229 2749 3308 2802 sic
3360 2747 3608 2804 Theodo-

2024 2843 2100 2896 tio
2150 2833 2541 2912 interpretatus
2584 2849 2687 2906 est,
2741 2858 2761 2892 ι
2803 2847 3102 2897 sonuerunt
3163 2853 3318 2909 aquze
3361 2839 3550 2905 maris,
3582 2857 3603 2892 ο

2024 2933 2150 2986 vitae
2188 2929 2336 2985 illius
2369 2928 2802 2998 magnitudinem
2857 2926 3195 2998 significans,
3223 2939 3328 2996 qua
3359 2923 3613 2978 fruentur

2025 3024 2060 3079 ii
2095 3024 2187 3095 qui
2217 3022 2505 3078 Dominum
2556 3034 2714 3074 suum
2760 3021 2932 3090 gloria
2981 3016 3223 3073 alliciunt
3259 3035 3272 3071 :
3305 3032 3410 3074 vox
3463 3017 3608 3073 enim

2027 3130 2217 3171 eorum
2260 3113 2459 3168 sonitui
2502 3109 2672 3165 maris
2705 3109 3132 3180 comparabitur.

1949 3192 1994 3252 Ο
2096 3207 2384 3264 “3113.15.
2419 3223 2438 3255 ι
2482 3204 2776 3274 Propterea
2832 3201 3002 3272 gloria
3059 3201 3275 3255 Domini
3321 3202 3376 3256 in
3421 3202 3613 3258 insulis

2028 3302 2194 3358 maris
2226 3301 2348 3354 erit.
2387 3316 2406 3349 ι
2448 3295 2505 3348 ln
2545 3293 2799 3349 Ecelesiis
2829 3292 3103 3354 videlicet,
3149 3306 3268 3361 quae
3291 3293 3420 3348 olim
3471 3293 3616 3348 inter

2027 3389 2336 3447 incredulas
2371 3397 2584 3459 gentes,
2640 3384 2793 3455 quasi
2855 3385 2906 3438 in
2958 3384 3137 3438 medio
3190 3385 3349 3448 mari,
3389 3384 3617 3439 inclusa}

2026 3492 2184 3540 erant
2215 3501 2229 3538 :
2267 3484 2319 3537 in
2350 3482 2505 3550 queis
2533 3480 2702 3552 gloria
2733 3477 2947 3532 Domini
2980 3487 3108 3530 tunc
3129 3475 3425 3548 eﬂ‘ulgebit.
3450 3496 3469 3529 ι
3508 3476 3615 3531 l‘lo—

2027 3593 2150 3632 men
2191 3575 2400 3630 Domini
2442 3573 2736 3643 gloriosum
2766 3572 2889 3625 erit.
2916 3568 3140 3622 Domine
3168 3568 3314 3623 Deus
3341 3569 3523 3634 Israel,
3545 3570 3616 3624 ab

2027 3671 2128 3726 alis
2165 3681 2324 3723 terrae
2355 3665 2606 3736 prodigia
2649 3663 3000 3716 audivimus:
3034 3675 3160 3729 spes
3190 3661 3298 3729 pio.
3339 3680 3360 3715 ι
3407 3661 3615 3716 Senen-

2027 3763 2153 3814 dum
2194 3758 2582 3829 Symmachum
2615 3769 2749 3809 vero
2774 3763 2830 3808 et
2859 3753 3314 3818 Theodotioncm,
3349 3769 3372 3805 ι
3401 3752 3482 3806 Ah
3512 3753 3624 3806 alis

2029 3864 2187 3906 terra:
2239 3847 2480 3919 psalmos
2526 3845 2870 3909 audivimus;
2923 3862 2942 3895 ι
2985 3845 3284 3898 secundum
3337 3843 3618 3913 Aquilam,

2032 3961 2051 3994 ι
2088 3942 2367 3996 melodias.
2407 3958 2425 3990 ι
2463 3937 2596 3992 Nam
2623 3937 2712 4007 qui
2744 3952 2810 3992 ex
2853 3937 3101 4006 portione
3125 3935 3215 3989 Dei
3238 3945 3386 4000 sunt,
3403 3926 3619 4004 justum

2027 4029 2427 4101 ejusjudicium
2471 4028 2824 4091 admirantes,
2854 4025 3110 4080 laetantur
3145 4041 3268 4080 cum
3303 4024 3474 4094 gloria
3508 4023 3615 4080 Do-

2029 4124 2184 4186 mini,
2243 4138 2307 4176 ac
2356 4121 2462 4174 larti
2524 4122 2756 4189 hymnos
2805 4118 2906 4187 ipsi
2967 4126 3127 4187 atque
3183 4115 3514 4185 psalmodias
3559 4116 3619 4170 in-

2027 4217 2334 4288 gratiarum
2355 4213 2628 4269 actionem
2657 4212 2937 4266 emittunt.
2969 4209 3162 4265 Postea
3197 4209 3383 4270 infert,
3415 4225 3435 4258 ι
3475 4205 3622 4276 Spes

2029 4308 2137 4378 pio.
2173 4325 2193 4357 ι
2232 4305 2370 4360 Cum
2400 4304 2545 4359 enim
2570 4301 3053 4358 comminationem
3083 4297 3265 4367 impiis
3295 4298 3620 4352 intentatam

2029 4397 2405 4468 praeteriisset,
2476 4393 2577 4448 suh
2624 4393 2740 4446 haec
2777 4391 2844 4445 de
2892 4387 3143 4458 portione
3207 4387 3300 4443 Dei
3347 4386 3448 4441 ista
3481 4388 3615 4442 sub-

2025 4488 2227 4561 iungit,
2295 4505 2314 4538 ι
2356 4486 2710 4541 Lzetahuntur
2747 4498 2882 4537 cum
2939 4480 3112 4551 gloria
3183 4479 3430 4544 Domini,
3491 4497 3512 4531 ι
3561 4490 3618 4534 et

2037 4581 2265 4639 «Gloria
2318 4578 2532 4634 Domini
2587 4577 2639 4630 in
2699 4575 2891 4630 insulis
2937 4574 3088 4628 erit:
3139 4591 3157 4624 ι
3200 4588 3265 4628 ac
3330 4581 3619 4642 postquam

2029 4676 2232 4746 justum
2282 4672 2380 4725 Dei
2427 4670 2694 4740 judicium
2753 4668 3156 4733 enuntiaverat,
3216 4672 3619 4734 consequenter

2035 4767 2232 4836 adjecit
2269 4764 2425 4828 illud,
2462 4780 2480 4813 ι
2532 4761 2668 4830 Spes
2696 4762 2822 4829 pio:
2858 4778 2876 4810 )
2913 4773 3036 4812 nam
3067 4757 3215 4812 omni
3243 4755 3384 4826 iusto
3421 4755 3623 4826 pioque

2035 4865 2154 4916 viro
2179 4862 2319 4915 bona
2346 4856 2538 4912 salutis
2575 4853 2813 4922 reposita
2849 4866 2973 4921 spes
3013 4860 3122 4906 est.

2109 5133 2271 5188 Vsus.
2313 5130 2397 5186 16.
2428 5148 2448 5181 ι
2483 5129 2548 5183 Et
2575 5129 2756 5183 dicent
2789 5125 2920 5180 :Vae
2952 5129 3485 5195 prarvaricatormus,
3525 5116 3624 5186 qui

2035 5227 2464 5298 praevaricantur
2494 5223 2670 5293 legem
2703 5221 2716 5275 !
2755 5240 2774 5272 ι
2835 5219 3144 5272 Secundum
3176 5213 3429 5283 Aquilam
3485 5210 3623 5263 dici-

2035 5334 2161 5378 tur:
2194 5341 2211 5372 ι
2254 5318 2322 5387 0,
2368 5333 2445 5371 va:
2495 5317 2653 5379 mihi,
2711 5307 3171 5384 praevaricantes!
3233 5301 3622 5373 pravaricatus

2032 5431 2114 5470 cs.
2161 5433 2179 5464 ι
2215 5410 2402 5467 Viden’
2427 5425 2535 5479 quo
2581 5418 2742 5477 pacto
2774 5407 2868 5461 Dei
2897 5403 3145 5459 homines
3171 5401 3234 5454 de
3270 5395 3619 5468 pereuntium

2035 5525 2162 5564 casu
2192 5507 2447 5563 dolebant
2472 5515 2530 5559 et
2559 5502 2920 5573 angebantur,
2956 5509 3150 5564 nempe
3177 5509 3243 5546 ex
3269 5489 3621 5544 humanitatis

2033 5601 2264 5665 atlectu,
2320 5601 2394 5653 ita
2442 5605 2502 5651 ut
2563 5596 2618 5649 in
2647 5595 2862 5663 seipsos
2912 5589 3144 5644 miserim
3187 5583 3463 5655 planctum
3491 5595 3622 5636 con-

2032 5702 2334 5759 verterent,
2378 5706 2441 5746 ac
2493 5690 2740 5745 dicerent
2775 5703 2790 5740 :
2822 5684 2888 5755 0,
2918 5697 2999 5739 va:
3049 5679 3182 5737 mihi
3222 5693 3322 5749 pro
3360 5673 3620 5746 praevari-

2032 5792 2253 5848 catione
2282 5796 2749 5858 transgressurum
2775 5781 2790 5836 ί
