4118 6396
544 317 657 375 263

546 548 666 602 vos,
689 534 780 603 qui
810 534 1073 588 habitatis
1115 543 1339 586 terram.
1382 533 1450 586 Et
1476 531 1582 587 erit
1613 531 1704 601 qui
1734 531 1936 601 fugerit
1973 533 2137 587 timo-

548 644 689 692 rem,
719 627 876 682 cadet
928 627 980 680 in
1017 626 1266 690 foveam;
1299 625 1390 694 qui
1415 636 1598 680 autem
1627 625 1830 680 exierit
1867 623 1934 680 de
1955 624 2134 691 fovea,

545 721 743 791 laqueo
790 721 1035 789 capietur
1089 738 1100 772 :
1139 719 1267 788 quia
1318 719 1573 774 fenestra:
1621 719 1690 773 de
1745 716 1886 773 caelo
1934 726 2135 787 apertae

544 823 692 878 sunt,
723 824 778 867 et
807 814 1192 869 eoncutientur
1225 812 1580 868 fundamenta
1631 821 1808 867 terrae.
1863 832 1883 866 ι
1927 812 2018 868 Dei
2052 813 2135 867 in-

543 909 903 977 spectionem,
958 917 1013 960 et
1043 904 1162 974 ejus
1195 906 1451 960 virtutem
1499 903 1834 969 subindicat,
1874 921 1978 974 qua
2014 919 2135 959 orn-

542 1001 702 1056 nibus
729 1002 1008 1071 providet,
1041 1009 1096 1053 et
1127 999 1310 1053 omnia
1341 997 1650 1067 speculatur
1688 998 1842 1067 quasi
1877 1014 1942 1052 ex
1983 998 2134 1052 fene-

540 1095 670 1150 stris
693 1095 814 1150 cteli
849 1094 1107 1148 universa
1146 1091 1462 1162 respiciens.
1485 1092 1616 1158 Quae
1636 1091 1853 1159 quidem
1877 1089 2133 1144 fenestrae

540 1199 672 1246 tunc
700 1189 876 1244 claudi
908 1189 1187 1250 videntur,
1215 1201 1338 1240 cum
1367 1184 1512 1239 Deus
1537 1185 1588 1238 in
1620 1193 1767 1238 terra
1815 1193 2133 1253 peccatores

539 1283 970 1346 cireumlustrat,
1000 1295 1097 1335 nec
1118 1288 1299 1334 tamen
1339 1281 1486 1348 ipsos
1513 1278 1745 1348 castigat
1776 1293 1791 1330 :
1826 1287 1956 1332 tunc
1982 1277 2130 1332 enim

538 1393 636 1432 ceu
665 1391 891 1432 aversus
925 1374 1058 1428 nihil
1090 1382 1382 1444 peccantes
1434 1371 1703 1440 inspicere
1726 1371 1966 1426 videtur.
1991 1369 2129 1426 Cum

537 1481 718 1525 autem
749 1477 1038 1539 peccantes
1064 1465 1250 1522 ulcisci
1276 1466 1540 1531 decrevit,
1572 1473 1700 1520 tunc
1726 1463 1977 1520 fenestra:
2001 1463 2129 1520 eteli

537 1575 740 1634 aperta:
789 1563 1060 1616 videntur.

609 1739 775 1796 Vens.
804 1738 1000 1802 19,20.
1025 1755 1044 1789 ι
1065 1735 1402 1792 'l‘nrbatione
1427 1737 1755 1803 turbabitur,
1785 1748 1839 1794 et
1861 1738 2128 1809 angustiis

1195 316 1468 373 EUSEBII
1510 315 1993 374 CASSARIENSIS
2031 318 2118 374 ΟΡ

2227 319 2406 375 PARS
2445 320 2533 377 111.
2576 354 2644 364 -
2683 316 3097 382 ΕΧΕΟΕΤΙΕΑ.

624 439 787 497 Vens.
826 439 915 504 l7,
951 439 1040 494 18.
1077 457 1096 490 ι
1129 437 1315 493 Timor
1340 448 1395 492 et
1422 439 1599 502 fovea,
1630 448 1686 492 et
1727 409 1954 508 laqueus
1976 454 2139 508 super
2166 453 2214 506 Α

3729 336 3836 393 264
3859 357 3862 360 ’

2319 462 2336 492 ι
2377 442 2546 506 Φόϐος
2599 443 2694 496 καὶ
2732 443 2953 514 βόθυνος
3004 445 3101 499 καὶ
3155 448 3322 517 παγὶς
3373 448 3460 518 ἐφ’
3519 447 3666 520 ὑμᾶς
3706 454 3836 518 τοὺς

2240 533 2586 597 ἐνοικοῦντας
2630 535 2725 587 ἐπὶ
2767 539 2868 608 τῆς
2915 541 3039 608 γῆς.
3089 539 3201 593 Καὶ
3238 540 3392 595 ἔσται
3429 543 3458 594 6
3492 540 3710 610 φεύγων
3741 544 3836 596 τὸν

2230 626 2422 694 φόϐον,
2450 629 2772 698 ἐμπεσεῖται
2799 631 2879 693 είς
2901 631 2994 683 τὸν
3017 630 3269 701 βόθυνον·
3303 635 3331 686 6
3362 633 3418 686 δὲ
3458 633 3728 688 ἐκϐαίνων
3764 637 3832 689 ἐκ

2236 717 2330 769 τοῦ
2371 717 2592 787 βοθύνου
2617 719 2885 774 ἁλώσεται
2907 721 3012 775 ὑπὸ
3031 725 3129 793 τῆς
3156 723 3399 791 παγίδοςο
3427 726 3512 778 ὅτι
3537 723 3750 796 Θυρίδες
3772 727 3837 779 ἐκ

2234 810 2329 864 τοῦ
2355 812 2588 884 ούρανοῦ
2615 813 2990 885 ἀνεῴχθησαν,
3018 816 3113 868 καὶ
3140 816 3486 886 σεισθήσεται
3511 815 3581 870 τά
3604 817 3834 888 θεμέλια

2233 907 2333 976 τῆς
2347 909 2469 978 γῆς.
2498 925 2516 956 ι
2537 906 2650 976 Τὴν
2682 908 2984 978 ἐπισκοπὴν
2997 908 3091 961 τοῦ
3113 908 3270 973 Θεοῦ,
3294 911 3387 962 καὶ
3412 910 3510 979 τὴν
3525 910 3830 981 ἐποπτικην

2233 1001 2327 1053 καὶ
2343 1001 2441 1073 τὴν
2458 999 2796 1074 θεωρητικὴν
2815 1001 2980 1056 αὑτοῦ
2996 1001 3102 1055 τῶν
3117 1001 3252 1055 ὅλων
3268 1001 3497 1074 δύναμιν
3527 1004 3834 1074 αἰνιττόμε-

2233 1113 2342 1159 νος,
2368 1096 2650 1167 ἐφορῶσαν
2666 1096 2733 1149 τὰ
2753 1098 2950 1159 πάντα,
2966 1095 3155 1167 ῶσπερ
3177 1096 3263 1149 διά
3286 1095 3516 1169 θυρίδων
3537 1095 3631 1149 τοῦ
3652 1097 3711 1150 ού
3721 1113 3832 1168 ρα-

2234 1186 2350 1254 νοῦ,
2375 1189 2432 1242 αἶ
2465 1188 2682 1242 δοκοῦσι
2719 1190 2818 1260 μὲν
2851 1188 3186 1253 κεκλεῖσθαι,
3223 1188 3444 1241 ἐπειδάν
3473 1189 3598 1252 τοὺς
3629 1190 3829 1260 ἁμαρ-

2234 1282 2498 1347 τάνοντας
2539 1284 2632 1336 ἐπὶ
2668 1286 2771 1354 γῆς
2810 1283 3164 1353 περιέρχεται
3207 1284 3236 1334 6
3269 1282 3423 1346 Θεὸς,
3473 1282 3550 1352 μὴ
3593 1281 3827 1348 ἐπεξιὼν

2232 1379 2346 1438 τοῖς
2389 1376 2800 1448 πλημμελοῦσι·
2854 1375 2975 1428 τότε
3021 1375 3128 1446 γὰρ
3185 1373 3375 1447 ῶσπερ
3425 1375 3828 1447 ἀποστραςεὶς,

2230 1469 2340 1522 οὐδ’
2369 1469 2567 1542 ὁρῶντι
2603 1471 2727 1533 τοὺς
2765 1468 3179 1540 ἁμαρτάνοντας
3227 1469 3422 1522 ἔοικεν.
3483 1468 3733 1520 Ἐπειδὰν
3767 1467 3828 1521 δὲ.

2233 1561 2395 1634 κρίνῃ
2437 1560 2748 1626 ἐπεξελθεῖν
2778 1564 2890 1625 τοῖς
2928 1559 3344 1632 ἡμαρτηκόσιν,
3387 1557 3581 1629 ὥσπερ
3623 1560 3828 1612 ἀναπε-

2230 1653 2520 1706 τάννυνται
2546 1651 2638 1704 τοῦ
2668 1651 2899 1724 ούρανοῦ
2928 1653 2986 1704 αἱ
3013 1650 3228 1722 Θυρίδες

2307 1765 2324 1797 ι
2357 1745 2582 1816 Ταραχῇ
2615 1742 3020 1816 ταραχθήσεται
3055 1744 3088 1813 ὴ
3127 1745 3222 1814 γῆ,
3264 1741 3360 1795 καὶ
3380 1740 3586 1811 ἀπορία
3609 1741 3825 1812 ἀπορη-

537 1832 943 1903 augustiabitur
973 1842 1119 1886 terra
1153 1845 1168 1883 :
1211 1829 1494 1885 inclinavit
1543 1839 1598 1885 et
1645 1831 1952 1886 movebitur
1981 1832 2118 1886 sicut

2228 1815 2456 1908 θήσεται
2493 1839 2527 1909 ἡ
2561 1815 2665 1908 γῆο
2689 1815 2879 1890 γέκλινε
2920 1837 3015 1889 καὶ
3049 1834 3393 1906 σεισθήσεται
3435 1833 3512 1898 ὡς
3534 1835 3827 1905 ὸπωροερυ-

537 1927 812 1995 tugurium
841 1936 1006 1990 terra,
1036 1925 1178 1980 sicut
1222 1924 1408 1978 ebrius
1440 1933 1496 1978 et
1553 1925 1890 1995 crapulatus.
1939 1943 1958 1976 ι
1997 1923 2124 1981 Hac

537 2033 698 2086 porro
752 2019 935 2075 omnia
987 2017 1225 2086 patietur
1266 2027 1450 2083 terra;
1504 2017 1585 2072 sic
1624 2018 1831 2073 vocatis
1868 2018 1974 2074 illis
2006 2018 2125 2090 ejus

531 2113 660 2168 olim
696 2111 1118 2175 habitatoribus,
1164 2125 1300 2179 quos
1336 2109 1451 2165 haec
1483 2126 1840 2182 perpessuros
1870 2113 1990 2178 ait;
2044 2113 2118 2168 ita

529 2216 590 2261 ut
624 2222 688 2260 ex
744 2205 1010 2260 malorum
1048 2204 1098 2258 vi
1129 2211 1186 2258 ct
1213 2203 1507 2274 gravitate,
1557 2204 1728 2260 ebriis
1750 2214 1807 2259 et
1823 2204 2121 2275 crapulatis

528 2299 734 2356 similes
766 2299 895 2356 sint.
939 2317 957 2350 ς
990 2297 1058 2352 Et
1105 2298 1289 2361 cadet,
1324 2306 1380 2352 et
1413 2311 1519 2353 non
1550 2299 1752 2368 poterit
1785 2311 2074 2371 resurgere
2101 2315 2115 2351 :

528 2409 652 2448 nam
685 2392 967 2464 praevaluit
996 2391 1052 2446 in
1078 2406 1142 2445 ea
1178 2390 1458 2460 iniquitas.
1494 2409 1514 2443 ι

595 2604 767 2659 τηε.
806 2603 897 2656 2|.
936 2621 954 2652 ι
994 2599 1062 2655 Et
1115 2599 1221 2655 erit
1260 2599 1316 2653 in
1347 2598 1436 2654 die
1473 2597 1589 2663 illa,
1630 2597 1852 2652 inducet
1895 2598 2036 2653 Deus
2062 2598 2116 2653 in

525 2704 781 2750 ornatum
809 2692 932 2750 cteli
957 2709 1200 2747 manum.
1235 2709 1254 2744 ι
1289 2691 1572 2760 Siquidem
1594 2691 1763 2746 semel
1796 2693 1846 2746 in
1879 2692 1986 2747 line
2015 2693 2119 2747 hu-

524 2807 699 2846 mana:
731 2791 852 2844 vitae
875 2788 1026 2858 lapsa
1053 2796 1217 2853 terra,
1247 2785 1364 2841 sive
1393 2800 1560 2840 carne
1586 2785 1828 2838 terrestri
1860 2795 1914 2840 et
1939 2787 2117 2839 anima

524 2885 772 2954 corporis
803 2872 1055 2946 amante;
1110 2889 1222 2934 tum
1252 2879 1310 2944 ii,
1366 2877 1461 2948 qui
1488 2876 1620 2933 olim
1667 2885 1870 2932 terram
1908 2877 2116 2931 incole-

526 2981 693 3044 bant,
753 2975 1212 3032 resurrectionem
1291 2983 1484 3044 postea
1565 2979 1996 3041 consequentur,
2057 2978 2118 3025 ut

513 3073 790 3127 ‘sistautur
822 3068 1079 3125 tribunali
1120 3067 1350 3132 Christi,
1386 3074 1441 3121 et
1489 3064 1867 3134 unusquisque
1911 3061 2116 3117 referat

2226 1928 2413 1983 λάκιον
2452 1931 2486 2001 ἠ
2531 1932 2626 2001 γῆ,
2661 1931 2737 1992 ὡς
2775 1931 2805 1982 6
2838 1927 3052 1999 μεθύων
3110 1928 3204 1980 καὶ
3247 1925 3587 1998 κραιπαλῶν.
3636 1946 3654 1978 ι
3705 1925 3823 1978 Καὶ

2225 2021 2398 2075 ταῦτα
2433 2021 2614 2074 πάντα
2647 2020 2896 2073 πείσεται
2925 2020 2960 2090 ή
2993 2021 3086 2089 γῆ,
3122 2017 3232 2070 τῶν
3273 2033 3403 2069 ποτε
3451 2015 3822 2086 κατοικησάν-

2223 2133 2332 2168 των
2380 2115 2550 2186 αύτὴν
2583 2112 2727 2168 οῦτω
2770 2113 2835 2185 δὴ
2881 2113 3233 2184 καλουμένων
3260 2126 3275 2141 ·
3310 2110 3533 2164 τοιαῦτα
3576 2109 3634 2163 δέ
3683 2125 3821 2181 φησι

2226 2206 2506 2261 πείσεσθαι
2532 2207 2750 2269 αὐτοὺς,
2777 2205 2853 2268 ὡς
2874 2205 3109 2258 ἐοικέναι
3142 2203 3400 2275 μεθύουσι
3438 2203 3533 2256 καὶ
3576 2218 3820 2274 κραιπα-

2222 2297 2385 2353 λῶσιν
2411 2301 2476 2353 ἐκ
2509 2300 2608 2370 τῆς
2638 2297 2746 2351 τῶν
2779 2297 2966 2351 κακῶν
2999 2296 3326 2368 ὑπερϐολῆς.
3361 2315 3379 2348 ι
3405 2295 3518 2348 Καὶ
3549 2297 3816 2358 πεσεῖται,

2222 2393 2318 2446 καὶ
2355 2393 2418 2446 ού
2461 2391 2536 2464 μὴ
2574 2392 2800 2463 δύνηται
2841 2389 3164 2461 ἀναστῆναι·
3216 2390 3514 2460 κατίσχυσε
3566 2387 3676 2460 γάρ
3724 2387 3814 2441 ἐπ’

2223 2489 2452 2559 αὑτῆςῆ
2489 2486 2708 2557 ἀνομία.
2749 2504 2768 2538 ι

2298 2621 2317 2654 ι
2363 2603 2474 2655 Καὶ
2501 2601 2652 2655 ἔσται
2689 2604 2749 2655 ἐν
2781 2605 2848 2674 τῇ
2897 2601 3081 2674 ἡμέρα
3125 2599 3330 2673 ἐκείνῃ,
3377 2596 3569 2664 ἐπάξει
3610 2600 3640 2653 6
3678 2599 3811 2665 Θεὸς

2221 2696 2315 2748 ἐπὶ
2334 2695 2425 2748 τὸν
2443 2694 2646 2764 κόσμον
2678 2695 2770 2748 τοῦ
2809 2693 3040 2764 ούρανοῦ
3075 2692 3175 2764 τὴν
3221 2695 3397 2764 χεῖρα.
3438 2712 3458 2743 ι
3495 2691 3679 2756 Ἂπαξ
3711 2692 3808 2762 μὲν

2220 2790 2329 2863 γάρ
2358 2789 2598 2843 πεσοῦσα
2631 2788 2772 2842 κατά
2799 2787 2898 2858 τὴν
2942 2787 3038 2840 τοῦ
3082 2786 3278 2858 θνητοῦ
3327 2786 3444 2856 βίου
3481 2786 3737 2858 τελευτὴν
3769 2787 3803 2858 ἡ

2219 2887 2314 2955 γῆν
2361 2884 2481 2956 ἢτοι
2534 2881 2670 2954 σάρε
2721 2881 2928 2951 γεώδης
2975 2881 3072 2934 καὶ
3117 2878 3493 2950 φιλοσώματος
3537 2879 3714 2950 ψυχὴ,
3753 2880 3806 2934 οἱ

2222 2977 2388 3032 πάλαι
2413 2977 2513 3049 τὴν
2540 2977 2644 3048 γῆν
2677 2975 3000 3046 οἰκήσαντες
3042 2974 3142 3042 τῆς
3181 2971 3416 3042 καθεξῆς
3452 2972 3797 3035 ἀναστάσεως

2218 3072 2496 3140 τεύξονται
2524 3072 2604 3134 είς
2633 3070 2695 3122 τὸ
2728 3069 3070 3140 παραστῆναι
3099 3065 3177 3136 τῷ
3200 3065 3404 3136 βήματι
3424 3063 3516 3118 τοῦ
3541 3065 3795 3135 Χριστοῦ,

525 3164 825 3220 secundum
861 3177 925 3218 ea
959 3177 1081 3232 quae
1106 3176 1338 3232 corpore
1370 3159 1728 3229 perpetravit,
1765 3159 1882 3212 sive
1913 3156 2112 3210 bonum

2218 3165 2312 3218 ml.
2345 3161 2673 3235 κομίσασθαι
2705 3161 2934 3213 ἕκαστον
2963 3158 3034 3211 τὰ
3059 3156 3147 3210 διὰ
3176 3156 3270 3209 τοῦ
3311 3154 3555 3226 σώματος
3585 3153 3717 3224 πρὸς
3757 3153 3795 3208 ἃ.

525 3260 642 3314 sive
696 3258 922 3312 malum.
953 3258 1086 3311 Cum
1125 3263 1308 3308 autem
1375 3254 1486 3307 lato
1521 3251 1729 3321 judicio
1765 3265 1794 3304 a
1826 3251 1967 3304 bona
2019 3263 2116 3316 spe

523 3349 853 3414 exciderint,
887 3357 942 3405 et
996 3345 1281 3417 suppliciis
1318 3344 1448 3399 olim
1507 3343 1885 3414 praenuntiatis
1926 3341 2113 3396 traditi

523 3445 762 3511 fuerint;
807 3452 936 3498 tunc
963 3457 993 3497 a
1036 3440 1146 3495 Deo
1177 3437 1336 3508 lapsi,
1393 3452 1499 3492 non
1529 3436 1670 3490 ultra
1702 3447 1986 3504 resurgere
2018 3447 2114 3503 po-

523 3547 726 3593 terunt.
757 3535 924 3603 Queis
961 3531 1202 3588 universi
1227 3528 1758 3586 consummationem
1793 3525 2111 3588 declaravit,

519 3649 626 3702 qua
669 3631 866 3686 caelum
895 3639 950 3685 et
983 3638 1127 3683 terra
1155 3624 1490 3680 transibunt.
1523 3620 1792 3676 Ornatum
1827 3634 1959 3673 vero
1985 3616 2110 3673 cteli

519 3728 657 3784 solet
683 3725 894 3797 Moyses
923 3720 1194 3791 appellare
1223 3715 1413 3782 solem,
1435 3714 1614 3768 lunam
1647 3723 1704 3766 et
1734 3711 1946 3766 stellas.
1976 3727 1995 3760 ι
2023 3709 2112 3762 ln-

519 3823 678 3876 ducet
708 3820 850 3874 Deus
890 3818 942 3871 in
967 3822 1223 3870 ornatum
1256 3808 1381 3865 eteli
1409 3822 1671 3873 manum;
1712 3823 1731 3856 δ
1765 3817 1962 3873 nempe
1989 3815 2110 3856 me-

520 3923 732 3967 morato
761 3910 952 3982 judicii
989 3908 1084 3964 Dei
1123 3915 1387 3975 tempore.

594 4224 758 4283 Vens.
789 4225 884 4280 ετ.
914 4243 932 4278 ι
975 4229 1042 4279 Et
1073 4225 1127 4278 in
1181 4237 1334 4294 reges
1365 4230 1548 4284 teme,
1600 4227 1656 4276 et
1698 4216 2110 4288 congregabunt

517 4318 990 4390 congregationem
1035 4317 1154 4386 ejus
1198 4316 1250 4369 in
1295 4326 1598 4377 carcerem,
1622 4320 1678 4364 et
1719 4307 2009 4365 occludent
2055 4309 2108 4360 in

520 4411 905 4472 munitionem;
953 4408 1276 4479 permultas
1323 4405 1703 4476 generationes
1728 4400 1969 4455 visitatio
2001 4407 2107 4453 erit

2218 3256 2472 3329 ἔπραξεν,
2499 3255 2608 3308 εἴτε
2635 3251 2863 3322 ἀγαθὸν,
2883 3252 2993 3304 εἴτε
3023 3249 3212 3303 κακόνο
3249 3248 3466 3301 ἐπειδᾶν
3503 3247 3557 3300 δὲ
3587 3246 3799 3318 κριθέν-

2215 3367 2308 3414 τες
2332 3349 2609 3402 ἐκπέσωσι
2656 3348 2758 3416 τῆς
2789 3343 3004 3416 ἀγαθῆς
3034 3341 3270 3406 ἐλπίδος,
3306 3341 3399 3395 καὶ
3424 3343 3544 3404 ταῖς
3571 3338 3801 3410 ἡπειληυ

2217 3443 2408 3514 μέναις
2437 3439 2690 3495 κολάσεσι
2722 3435 3092 3510 παραδοθῶσι,
3119 3435 3180 3488 τὸ
3209 3433 3511 3505 τηνικαῦτα
3539 3432 3633 3486 τοῦ
3666 3431 3798 3485 Θεοῦ

2214 3533 2560 3595 ἐκπεσόντες,
2604 3530 2790 3584 οὐκέτι
2841 3530 3139 3600 ἀναστῆναι
3185 3528 3524 3598 δυνήσονται.
3591 3527 3680 3578 Ἐν
3720 3519 3798 3588 οἷς

2212 3625 2312 3698 τὴν
2342 3624 2647 3678 συντέλειαν
2677 3622 2914 3692 ἐδήλωσε
2956 3619 3050 3674 τοῦ
3081 3620 3305 3682 παντὸς,
3341 3619 3399 3670 ἐν
3505 3618 3534 3670 6
3577 3615 3794 3688 οὐρανὸς

2213 3720 2310 3774 καὶ
2350 3721 2384 3790 ἡ
2432 3720 2503 3789 γῆ
2539 3714 2984 3789 παρελεύσονται.
3027 3713 3248 3783 Κόσμον
3281 3711 3338 3764 δέ
3377 3708 3606 3782 ούρανοῦ
3644 3707 3788 3763 εἴωθε

2212 3812 2391 3876 λέγειν
2421 3811 2450 3862 6
2487 3811 2729 3880 Μωῦσῆς
2756 3808 2846 3861 τὸν
2879 3807 3030 3878 ῆλιον
3053 3807 3147 3858 καὶ
3183 3806 3282 3876 τὴν
3311 3803 3538 3875 σελήνην
3561 3803 3790 3865 καὶτοὺς

2209 3904 2465 3977 ἀστέρας.
2499 3923 2516 3954 ι
2541 3901 2762 3969 Ἐπάξει
2792 3901 2820 3953 ὁ
2852 3899 2984 3963 Θεὸς
3012 3898 3106 3950 ἐπὶ
3137 3898 3227 3952 τὸν
3258 3897 3462 3967 κόσμον
3510 3895 3607 3949 τοῦ
3636 3895 3797 3967 ούρα-

2210 3999 2302 4053 νοῦ
2335 3999 2435 4071 τὴν
2468 4000 2659 4070 χεῖραο
2697 4015 2715 4047 ι
2754 3995 2899 4063 λέγω
2937 3994 2994 4046 δέ
3029 3993 3171 4048 κατά
3205 3991 3296 4045 τὸν
3338 3989 3668 4061 δηλούμενον
3701 3990 3802 4059 τῆς

2209 4090 2304 4144 τοῦ
2338 4091 2474 4145 Θεοῦ
2509 4091 2746 4160 κρίσεως
2775 4087 2987 4159 καιρόν.

2288 4225 2306 4257 ι
2341 4206 2451 4259 Ka‘t
2489 4205 2581 4258 ἐπὶ
2618 4204 2744 4266 τοὺς
2790 4200 3031 4272 βασιλεῖς
3064 4200 3164 4269 τῆς
3206 4199 3328 4268 γῆς,
3380 4194 3474 4248 καὶ
3514 4191 3807 4258 συνάξουσι

2212 4300 2536 4370 συναγωγὴν
2564 4298 2735 4368 αὐτῆς
2759 4298 2840 4358 είς
2873 4294 3274 4364 δεσμωτήριον,
3321 4290 3416 4344 καὶ
3447 4286 3809 4342 ἀποκλείσου-

2213 4410 2295 4447 σιν
2325 4393 2404 4455 εἰς
2432 4391 2693 4462 ὀχύρωμα
2713 4406 2725 4418 ·
2757 4387 2844 4441 διὰ.
2873 4385 3085 4438 πολλῶν
3113 4383 3314 4453 γενεῶν
3345 4380 3617 4452 ἐπισκοπὴ
3647 4379 3812 4433 ἔσται

515 4491 728 4562 eorum.
754 4503 1154 4559 iVideturmibi
1176 4517 1270 4572 per
1289 4515 1442 4571 reges
1465 4491 2108 4564 terraprincipeslmjus

2218 4485 2408 4540 αὐτῶν.
2451 4503 2468 4534 ι
2505 4483 2662 4534 Δοκεῖ
2695 4497 2784 4551 μοι
2810 4479 2937 4541 τοὺς
2960 4478 3225 4548 ἄρχοντας
3246 4475 3338 4528 τοῦ
3376 4473 3572 4536 αἰῶνος
3606 4470 3809 4524 τούτου

518 4552 728 4562 """‘""
754 4552 768 4557 '
803 4552 1001 4559 """"'
1027 4552 1154 4558 ἠν-η
1177 4552 1259 4572 r"
1289 4552 1300 4554 -
1327 4552 1435 4571 ίυη
1505 4552 1510 4553 ν
1636 4552 1677 4564 ι.
1843 4552 1856 4562 .
2018 4552 2036 4561 -

518 4599 704 4656 saeculi
734 4597 1081 4668 significare;
1134 4595 1214 4649 sic
1243 4593 1386 4648 enim
1421 4588 1629 4644 Danieli
1658 4586 1971 4642 declarabat
1997 4582 2107 4638 Ga-

2218 4574 2499 4649 σημαίνειν
2521 4573 2609 4627 διὰ
2636 4572 2744 4626 τῶν
2775 4570 3038 4640 βασιλέων
3066 4571 3164 4639 τῆς
3193 4570 3325 4638 γῆς·
3360 4564 3504 4620 οῦτω
3540 4562 3672 4633 γοῦν
3707 4564 3811 4616 καὶ

516 4690 682 4756 briel,
725 4691 850 4745 dum
888 4687 1104 4743 oraCula
1164 4685 1266 4757 ipsi
1310 4684 1500 4739 ederet
1552 4680 1638 4735 his
1702 4677 1932 4732 verbis:
1971 4695 1989 4728 ι
2040 4674 2106 4728 Ει

516 4785 666 4841 venit
691 4783 742 4838 in
773 4796 1061 4839 occursqu
1097 4794 1272 4834 meum
1297 4777 1549 4848 princeps
1571 4771 1723 4840 regni
1751 4769 2050 4825 Medorum.
2079 4787 2099 4820 ι

515 4879 810 4946 Postquam
852 4871 1152 4930 invisibiles
1182 4869 1487 4937 huiusmodi
1537 4865 1781 4935 gentium
1822 4877 1976 4930 reges
2012 4860 2100 4915 hic

517 4969 860 5032 memoravit,
884 4968 1030 5037 ipsos
1059 4980 1217 5018 mam:
1248 4962 1343 5016 Dei
1365 4956 1779 5030 congregandos
1803 4954 1902 5018 ait,
1939 4963 2103 5020 atque

517 5068 570 5120 in
607 5076 882 5122 carcerem
920 5056 1314 5128 conjiciemlos.
1349 5062 1399 5107 et
1431 5047 1800 5106 occludentlos
1836 5045 1889 5099 in
1920 5041 2101 5097 muni-

517 5161 685 5212 tione.
717 5153 852 5209 Nam
883 5168 1009 5208 cum
1043 5150 1281 5204 futurum
1322 5156 1470 5200 esset
1500 5151 1561 5196 ut
1590 5154 1816 5210 regnum
1848 5137 1942 5192 Dei
1973 5147 2102 5190 tunc

515 5249 776 5322 temporis
815 5246 1212 5316 resplcmleret,
1242 5255 1310 5296 ac
1354 5252 1553 5294 novum
1585 5232 1862 5298 saeculum,
1893 5227 2102 5301 princi-

515 5357 694 5416 patus,
736 5351 1035 5414 potestates
1077 5345 1131 5391 et
1186 5343 1429 5390 rectores
1483 5328 1670 5384 mumli
1728 5325 2098 5386 tenebrarum,

517 5455 578 5492 ac
631 5435 936 5505 spiritualia
977 5429 1237 5500 nequitia:
1269 5431 1578 5494 superaret,
1619 5432 1959 5488 consequens
1983 5423 2102 5470 erat

517 5540 574 5581 ut
601 5530 634 5582 ii
673 5528 726 5582 in
760 5527 936 5580 lacum
971 5537 1132 5593 quem
1167 5519 1416 5574 foderant
1437 5515 1863 5584 conjicerentur.
1897 5510 2100 5563 Larum

516 5621 657 5675 enim
688 5620 888 5690 impius
932 5616 1110 5670 omnis
1140 5612 1353 5683 aperuit
1389 5621 1444 5666 et
1465 5606 1652 5663 ell'odit
1687 5621 1836 5668 eum,
1864 5614 1918 5658 et
1938 5601 2100 5656 cadet

519 5713 570 5766 in
596 5711 808 5766 foveam
831 5726 992 5779 quam
1025 5708 1173 5762 fecit.

2209 4669 2286 4740 τῷ
2313 4666 2511 4736 Δανιὴλ
2530 4668 2558 4718 6
2582 4662 2935 4736 χρηματίζων
2959 4659 3106 4732 αύτῷ
3128 4658 3367 4730 Γαϐριὴλ
3390 4656 3580 4728 ἐδήλου
3602 4654 3807 4724 λέγων’

2215 4783 2233 4814 ι
2278 4762 2387 4814 Καὶ
2412 4759 2636 4831 ἐξῆλθεν
2668 4758 2750 4820 εἰς
2781 4755 3105 4824 συνάντησίν
3151 4769 3252 4823 μου
3299 4751 3481 4824 ἄρχων
3524 4747 3814 4818 βασιλείας

2208 4853 2428 4926 Μήδων.
2470 4871 2488 4903 ι
2525 4851 2665 4913 Τοὺς
2692 4847 2969 4910 τοιούτους
3000 4845 3268 4916 ἀοράτους
3301 4842 3414 4895 τῶν
3440 4839 3611 4893 ἐθνῶν
3649 4838 3815 4910 βασι-

2206 4946 2318 5011 λεῖς
2349 4943 2581 4999 ἐνταῦθα
2618 4939 2896 5014 προειπὼν
2935 4941 2964 4992 6
2995 4938 3174 5006 λόγος,
3221 4933 3653 5006 συναχθήσεσθαι
3702 4932 3816 4986 αὺ-

2207 5039 2335 5102 τούς
2365 5053 2528 5108 φησιν
2561 5034 2667 5088 ὑπὸ
2692 5038 2790 5106 τῆς
2821 5031 3003 5104 χειρὸς
3038 5028 3132 5082 τοῦ
3173 5028 3333 5092 Θεοῦ,
3376 5029 3469 5081 καὶ
3517 5026 3814 5098 ἐμϐληθή-

2211 5129 2399 5184 σεσθαι
2441 5130 2522 5192 είς
2569 5126 2942 5198 δεσμωτήριον
2993 5124 3087 5176 καὶ
3141 5117 3672 5190 ἀποκλεισθήσεσθαι
3727 5121 3817 5185 είς

2209 5223 2493 5295 ὀχύρωμα.
2539 5220 2854 5275 Ἀκόλουθόν
2891 5237 2982 5291 μοι
3020 5217 3130 5290 γὰρ
3152 5213 3219 5288 ἦν
3250 5219 3349 5286 τῆς
3391 5212 3668 5284 βασιλείας
3709 5213 3814 5269 τοῦ

2203 5317 2340 5372 Θεοῦ
2372 5314 2671 5387 μελλούσης
2700 5313 2820 5367 τότε
2853 5310 3200 5381 διαλάμπειν,
3235 5307 3329 5360 τοῦ
3356 5323 3416 5359 τε
3446 5305 3570 5358 νέου
3604 5305 3819 5369 αἰῶνος

2204 5412 2521 5482 ἐπικρατεῖν
2569 5407 2668 5471 τὰς
2713 5405 2889 5478 ἀρχὰς
2937 5404 3032 5458 καὶ
3080 5403 3178 5465 τὰς
3229 5399 3479 5466 ἐξουσίας
3531 5397 3628 5451 καὶ
3675 5397 3820 5463 τοὺς

2202 5503 2654 5575 κοσμοκράτορας
2687 5497 2781 5552 τοῦ
2827 5498 3054 5560 σκότους
3087 5494 3300 5556 τούτου,
3332 5493 3424 5545 καὶ
3449 5489 3518 5543 τά
3551 5504 3823 5560 πνευμας

2202 5597 2330 5650 τικά
2361 5598 2460 5666 τῆς
2501 5592 2787 5664 πονηρίας.
2832 5591 2912 5654 είς
2944 5590 3035 5642 τὸν
3079 5589 3425 5660 προσήκοντα
3459 5581 3657 5643 αύτοῦς
3701 5598 3820 5634 κα-

2201 5689 2538 5760 ταϐληθῆναι
2570 5686 2793 5750 λάκκον,
2818 5684 2876 5736 ὃν
2895 5682 3050 5736 αὐτοὶ
3076 5683 3288 5744 ἐαυτοῖς
3308 5677 3544 5751 ὤρυξαν.
3576 5671 3822 5730 Adita-3v

513 5822 622 5882 γάρ
655 5809 762 5872 πᾶς
813 5806 1013 5877 ἀσεϐὴς
1045 5803 1219 5875 ὤρυξε
1275 5804 1370 5856 καὶ
1416 5799 1722 5869 ἀνέσκαψεν
1772 5796 1954 5860 αὑτὸν,
2006 5793 2101 5846 καὶ
2141 5789 2459 5860 ἐμπεσεῖται
2489 5784 2568 5845 εἰς
2597 5780 2787 5852 βόθρον
2823 5779 2883 5832 ὃν
2912 5778 3222 5853 εἰργάσατο.
