4118 6406
484 441 588 496 267

1157 438 1427 496 ευεεοιι
1465 435 1940 493 CESARIENSIS
1978 435 2129 494 OPP.
2171 437 2350 493 PARS
2391 436 2475 494 Ill.
2515 469 2585 481 --
2625 437 3039 497 EXEGETICA.

3649 433 3755 498 268

483 571 539 620 et
568 567 938 631 tegumentum
976 571 1097 610 eras
1131 569 1146 608 :
1183 556 1294 609 imo
1321 555 1484 609 etiam
1528 553 1634 607 illis
1672 562 1799 606 tunc
1834 530 2070 606 sitienti—

2175 552 2308 606 ἀλλά
2342 553 2437 605 καὶ
2482 552 2758 622 διψώντων
2800 557 2919 608 κατ’
2953 530 3129 608 έκεῖνο
3160 557 3349 626 καιροῦ
3372 597 3386 619 ,
3443 557 3519 622 ὡς
3555 557 3756 628 λέγειν,

485 656 611 720 bus,
657 670 720 709 ac
769 650 1091 714 dicentibus,
1139 665 1159 700 ‹
1191 647 1380 702 Sitivit
1427 646 1604 700 anima
1647 661 1766 700 mea
1803 647 1868 700 ad
1899 637 2074 700 Deum.

486 743 698 796 fortem
730 747 784 793 et
819 738 1112 799 viventem,
1143 753 1160 786 ο
1219 742 1273 788 ιιι
1313 736 1437 789 item
1487 733 1608 788 fons
1651 748 1806 799 eras,
1842 736 1934 804 qui
1977 750 2072 789 eos

487 832 669 887 sancti
699 830 933 902 Spiritus
980 827 1133 881 alveo
1188 825 1554 897 refrigerabas
1609 837 1772 896 atque
1817 826 2070 897 potabas,

485 939 548 981 ac
575 939 671 979 eos
697 924 880 976 animo
907 919 1219 975 deﬁcientes
1250 921 1562 982 recreabas,
1590 921 1844 990 ipsosque
1869 921 2070 975 virtute

484 1014 749 1082 unigeniti
787 1012 948 1069 Verbi
1005 1014 1079 1067 tui
1126 1012 1496 1067 confortabas.
1548 1011 1627 1066 Ne
1687 1027 1816 1068 vero
1845 1013 1958 1068 haec
2004 1017 2072 1068 de

485 1123 540 1162 ω
590 1107 734 1162 dicta
791 1106 957 1160 l’uiSse
1005 1107 1417 1175 suspicarentur
1470 1103 1679 1167 Judzei,
1736 1104 1960 1160 effusam
2017 1107 2070 1160 in

485 1211 679 1252 omnes
732 1207 924 1265 gentes
973 1195 1176 1251 Christi
1235 1197 1470 1268 gratiam
1524 1197 1829 1252 necessario
1886 1198 2072 1252 adiicit

485 1292 571 1348 his
603 1291 784 1347 verbis
816 1308 829 1343 :

557 1469 815 1526 Vit-.3516.
860 1489 876 1522 ι
907 1470 975 1525 Ει
1021 1470 1184 1526 faciet
1227 1469 1488 1525 Dominus
1535 1467 1775 1525 Sabaoth
1820 1471 2073 1524 omnibus

487 1567 740 1634 gentibus
772 1565 826 1617 in
863 1572 1048 1618 monte
1085 1566 1204 1618 hoc.
1239 1583 1256 1616 ι
1300 1565 1440 1631 Quid
1471 1580 1600 1619 vero
1633 1564 1836 1618 faciet?
1870 1565 2075 1618 Secun-

487 1659 610 1712 dum
657 1657 892 1725 reliquos
940 1656 1157 1725 quidem
1190 1656 1534 1726 interpretes,
1573 1674 1591 1708 ι
1633 1668 1883 1728 potum,»
1933 1657 2072 1710 dici-

489 1761 613 1818 tur;
664 1751 961 1808 seeundum
1003 1759 1181 1805 autem
1211 1748 1377 1813 LXX,
1420 1747 1677 1815 «Bibent,
1714 1751 1908 1819 inquit,
1939 1748 2075 1804 laeti-

487 1843 646 1908 tiam,
686 1842 876 1896 bibent
907 1841 1117 1895 vinum.
1145 1859 1163 1892 ι
1209 1839 1527 1894 Convivium
1559 1856 1687 1912 ergo
1719 1857 1824 1893 non
1864 1839 2072 1905 lsraeli,

2177 661 2197 696 ι
2247 645 2532 715 Ἐδίψησεν
2561 643 2594 715 ἡ
2625 646 2769 718 ψυχή
2806 664 2906 717 μου
2948 647 3084 716 πρὸς
3113 648 3204 701 τὸν
3248 648 3380 702 Θεὸν
3411 649 3502 703 τὸν
3543 651 3757 724 ἰσχυρὸν

2173 738 2265 790 καὶ
2296 735 2494 801 ζῶντα,
2537 757 2554 788 ι
2595 738 2660 789 σὺ
2694 737 2857 791 πάλιν
2885 733 3029 809 ἦσθα
3052 738 3222 810 πηγὴ,
3272 740 3534 812 δροσίζων
3563 743 3758 807 αὐτοὺς

2172 829 2266 880 καὶ
2288 827 2522 891 ποτίζων
2555 831 2622 900 τῇ
2647 828 2742 881 τοῦ
2766 829 2925 897 ἁγίου
2956 829 3095 881 Πνεύ
3105 847 3271 899 ματος
3291 832 3548 904 ἐπιρροῇ,
3573 833 3668 887 καὶ
3695 835 3759 887 σὺ

2171 920 2269 990 τῆς
2303 919 2651 991 ὀλιγοψυχίας
2698 922 2894 984 αὐτοὺς
2953 922 3199 987 ἀνεκτῶ,
3250 925 3516 995 ἐνισχύων
3563 926 3758 989 αὐτοὺς

2171 1017 2237 1085 τῇ
2271 1014 2496 1084 δυνάμει
2544 1014 2638 1067 τοῦ
2689 1015 3012 1084 μονογενοῦς
3063 1033 3157 1068 σου
3194 1016 3390 1085 Λόγου.
3429 1019 3549 1072 Ἵνα
3594 1019 3650 1072 δὲ
3687 1017 3760 1089 μίτ

2175 1108 2302 1176 περὶ
2332 1106 2511 1158 αὐτῶν
2563 1105 2733 1159 ταῦτα
2769 1106 3024 1174 λέγεσθαι
3079 1106 3424 1161 ὑπολάϐωσιν
3489 1110 3761 1164 Ἰουδαίων

2175 1199 2382 1261 παίδες.
2437 1199 2749 1267 ἀναγκαίως
2774 1199 2874 1270 τὴν
2913 1200 2993 1263 είς
3024 1200 3201 1253 πάντα
3246 1201 3311 1253 τὰ
3345 1201 3472 1271 ἔθνη
3505 1201 3760 1271 χυθεῖσαν

2172 1289 2266 1343 τοῦ
2288 1286 2525 1360 Χριστοῦ
2556 1291 2717 1361 χάριν
2750 1290 3002 1361 ἐπιφέρει
3034 1290 3210 1359 λέγων
3231 1308 3244 1320 ·

2250 1489 2267 1522 ι
2307 1471 2418 1524 Καὶ
2455 1471 2670 1542 ποιήσει
2698 1474 2726 1524 ὁ
2753 1470 2962 1541 Κύριος
2997 1469 3225 1524 Σαϐαὼθ
3266 1473 3398 1524 πᾶσι
3437 1474 3549 1536 τοῖς
3586 1468 3763 1526 εθνεσι

2174 1562 2264 1614 ἐπὶ
2293 1561 2353 1614 τὸ
2379 1562 2506 1633 ὅρος
2527 1564 2703 1616 τοῦτο.
2747 1581 2764 1613 ι
2822 1563 2886 1615 Τί
2931 1563 2986 1616 δὲ
3032 1564 3282 1633 ποιήσεις
3328 1564 3467 1616 κατά
3513 1565 3612 1634 μὲν
3637 1566 3764 1628 τοὺς

2173 1655 2391 1718 λοιποὺς
2415 1657 2780 1728 ἐρμηνευτάς,
2836 1675 2854 1706 ι
2893 1655 3078 1718 πότον,
3113 1675 3130 1707 ι
3178 1655 3304 1726 έξῆς
3337 1657 3585 1727 εἴρηται·
3625 1649 3764 1710 κατᾶ

2172 1745 2228 1799 δὲ
2269 1748 2396 1810 τοὺς
2434 1747 2855 1819 Ἐὗδομήκοντα,
2896 1767 2914 1798 ι
2952 1747 3196 1815 Πίονται,
3235 1767 3252 1799 ι
3291 1748 3484 1818 φησιν,
3519 1767 3538 1800 ι
3578 1749 3762 1821 εὖφρο·

2179 1837 2370 1909 σύνην,
2405 1840 2619 1892 πίονται
2645 1836 2807 1893 οἶνον.
2847 1858 2865 1890 ι
2911 1839 3222 1910 Συμπόσιον
3247 1839 3425 1892 τοίνυν
3448 1841 3510 1894 οὐ
3543 1839 3620 1911 τῷ
3657 1841 3764 1895 ἰσ-

492 1949 673 2003 neque
698 1933 927 1990 Iudaico
960 1931 1177 2004 populo,
1231 1933 1323 1986 sed
1355 1931 1606 1986 omnibus
1626 1909 1886 2002 gentibus
1914 1947 2076 2002 para-

2183 1930 2344 2000 ραὴλ,
2383 1931 2503 1983 οὐδὲ
2551 1930 2630 2000 τῷ
2687 1930 2958 1984 Ἰουδαίων
2996 1909 3142 2000 λαῷ,
3192 1932 3326 1984 πᾶσι
3363 1931 3420 1985 δὲ
3443 1934 3558 1995 τοῖς
3590 1909 3766 1986 ἔθνεσι

488 2037 667 2081 turum
691 2041 816 2082 esse
837 2025 1122 2080 Dominum
1144 2024 1488 2086 vaticinatur,
1516 2040 1620 2078 non
1648 2025 1700 2077 in
1719 2023 2073 2085 convallibus,

484 2135 590 2174 non
627 2119 678 2173 in
709 2118 957 2189 planitie,
993 2117 1088 2172 sed
1136 2131 1309 2185 neque
1345 2117 1527 2171 multis
1561 2119 1614 2171 in
1649 2119 1942 2182 montibus,
1982 2133 2076 2169 nc-

480 2197 673 2280 que‘in
716 2211 825 2264 alio
863 2209 1056 2279 quovis
1111 2217 1314 2273 monte,
1345 2209 1438 2264 sed
1475 2209 1526 2263 in
1561 2209 1670 2277 illo,
1703 2225 1865 2278 quem
1899 2212 2076 2274 expli-

481 2320 613 2362 cans
641 2304 879 2369 dicebat,
917 2323 937 2355 ι
960 2304 1227 2370 Quoniam
1265 2302 1512 2372 regnabit
1547 2303 1810 2356 Dominus
1840 2303 1892 2357 in
1921 2320 2075 2356 tuon-

480 2397 648 2462 tibus,
691 2407 745 2452 et
787 2397 842 2450 in
883 2405 1176 2466 conspectu
1208 2395 1484 2450 seniorum
1538 2411 1758 2450 suorum
1806 2396 2073 2466 glorifica-

477 2489 646 2546 bitur.
673 2509 693 2542 ι
734 2488 870 2545 Nam
908 2488 960 2542 in
1002 2497 1186 2543 monte
1230 2488 1382 2558 regni
1427 2491 1535 2554 sui,
1586 2487 1638 2542 in
1684 2503 1794 2557 quo
1843 2489 2070 2558 gloriam

480 2599 636 2639 suam
681 2582 990 2637 senioribus
1027 2581 1142 2636 suis
1181 2577 1479 2649 przebebit,
1515 2595 1578 2635 ac
1608 2581 1859 2650 gentibus
1887 2585 2074 2636 convi-

479 2675 630 2727 vium
689 2672 995 2741 apparabit,
1049 2668 1478 2724 immortalitatis
1531 2679 1714 2738 potum
1766 2671 1900 2739 ipsis
1932 2671 2076 2726 elar-

482 2765 680 2831 gietur.
722 2761 876 2818 Hunc
926 2777 1057 2816 vero
1109 2771 1345 2816 montem
1391 2759 1630 2828 explicat
1670 2763 1961 2832 Apostolus
1995 2762 2076 2817 di-

481 2872 613 2912 cens
641 2856 702 2922 ¹⁸,
745 2875 762 2908 ι
797 2855 1117 2910 Accessistis
1159 2852 1226 2906 ad
1258 2851 1386 2907 Sion
1421 2863 1682 2919 montem,
1711 2864 1767 2910 et
1799 2853 2072 2909 civitatem

482 2946 580 3001 Dei
625 2946 903 3010 viventis,
951 2942 1254 3000 Jerusalem
1317 2944 1618 3009 caelestem,
1673 2955 1730 2999 et
1779 2945 2073 3000 multorum

483 3039 719 3095 millium
765 3038 1082 3110 angelorum
1127 3035 1507 3106 frequentiam,
1539 3046 1593 3090 et
1623 3036 1920 3092 Eeclesiam
1961 3040 2087 3112 [ιι-ἱοὴ

481 3131 820 3196 mitivorum,
848 3130 938 3200 qui
970 3128 1226 3198 descripti
1263 3137 1392 3183 sunt
1423 3128 1476 3182 in
1505 3129 1679 3186 etnlis.
1708 3149 1728 3183 ι
1763 3129 1878 3186 Ηοο
1911 3131 2075 3202 igitur

481 3220 684 3277 inloco
710 3221 1014 3284 constituti,
1052 3236 1160 3278 non
1193 3220 1383 3285 lsrael,
1428 3222 1815 3291 sed-quotquot
1841 3239 1906 3278 ex
1936 3239 2068 3293 gen-
2099 3263 2141 3319 ο

484 3319 631 3372 tibus
657 3315 910 3371 omnibus
949 3314 1420 3396 pi‘omissionibus
1442 3313 1650 3385 dignati
1683 3325 1850 3380 sunt,
1882 3314 2072 3371 bibent

483 3408 756 3475 lastitiam,
786 3409 974 3464 bibent
1013 3409 1140 3462 item
1174 3405 1303 3462 illud
1339 3421 1407 3462 ex
1439 3421 1569 3460 vera
1604 3407 1712 3462 vite
1749 3422 2070 3478 expressum

483 3503 694 3568 vinum,
734 3502 802 3556 de
848 3516 958 3572 quo
1009 3499 1262 3556 Salvator
1305 3500 1401 3564 ait,
1454 3518 1473 3549 ο
1503 3499 1620 3555 Νοη
1666 3501 1851 3570 utique
1889 3502 2070 3556 bibam

483 3591 635 3658 illud,
675 3591 847 3646 donec
877 3591 1059 3646 bibam
1089 3589 1220 3644 illud
1253 3602 1455 3642 novum
1493 3586 1774 3643 vobiscum
1809 3587 1863 3641 in
1904 3602 2072 3658 regno

484 3684 746 3740 caelorum
777 3684 844 3737 ιδ.
875 3701 893 3736 ι

552 3861 725 3919 Vsus.
763 3865 819 3918 7.
879 3882 898 3916 ι
930 3863 1218 3934 Ungentur
1269 3874 1548 3935 unguento
1608 3861 1662 3918 in
1717 3873 1899 3918 monte
1947 3863 2070 3917 hoc.

483 3951 662 4007 Trade
695 3953 879 4007 omnia
927 3955 1044 4008 hate
1075 3952 1333 4021 gentibus
1370 3971 1385 4008 :
1437 3953 1725 4010 consilium
1771 3951 1915 4008 enim
1968 3953 2074 4006 hoc

486 4061 650 4114 super
695 4060 890 4100 omnes
934 4055 1141 4115 gentes.
1175 4065 1193 4098 ›
1258 4045 1458 4100 Horum
1506 4061 1672 4115 porro
1721 4045 1989 4115 imagines
2021 4054 2076 4098 et

485 4139 727 4209 symbola
762 4139 813 4192 iu
853 4138 1130 4209 mysteriis
1180 4140 1305 4192 novi
1347 4137 1679 4192 Testamenti
1735 4153 1831 4208 per
1881 4136 2076 4208 mysti-

483 4248 606 4286 cum
639 4233 880 4287 chrisma
908 4243 962 4287 et
992 4231 1284 4287 salutarem
1316 4231 1636 4301 sanguinem
1674 4231 1828 4285 nobis
1853 4229 2074 4284 tradidit

483 4325 828 4397 evangelicus
856 4341 1070 4388 sermo;
1103 4332 1161 4378 ut
1198 4323 1251 4377 in
1292 4324 1377 4378 bis
1409 4324 1644 4392 probati,
1680 4323 1845 4378 etiam
1887 4323 2075 4376 melio-

486 4435 604 4472 rum
664 4418 958 4488 participes
1011 4418 1232 4474 simus:
1272 4418 1471 4470 etenim
1527 4415 1690 4472 Israel
1747 4416 1833 4470 bis
1881 4417 2074 4484 dignus

483 4521 594 4561 non
651 4518 759 4561 est.
819 4508 1290 4573 Quemadmodum
1347 4518 1532 4562 autem
1590 4506 1714 4576 quis
1769 4507 2072 4575 depositum

2181 2024 2624 2095 παρασκευάσειν
2657 2022 2749 2076 τὸν
2793 2022 2998 2095 Κύριον
3031 2024 3088 2076 ὲν
3120 2022 3332 2086 τούτοις
3373 2023 3638 2089 θεσπίζει,
3667 2024 3766 2078 οὐκ

2178 2117 2236 2168 ὲν
2265 2113 2619 2184 κοιλώμασιν,
2660 2115 2781 2168 οὐδὲ
2811 2117 2869 2168 ὲν
2901 2114 3194 2185 φάραγξιν,
3235 2115 3355 2168 οὐδὲ
3387 2117 3444 2168 έν
3480 2117 3728 2170 πεδιάσιν
3749 2132 3765 2145 ·

2175 2207 2290 2260 ἀλλ’
2347 2207 2467 2260 οὐδὲ
2520 2209 2577 2259 ὲν
2633 2207 2848 2270 πολλοῖς
2891 2209 3098 2279 ὄρεσιν,
3150 2206 3259 2260 οὐδ’
3289 2207 3365 2271 ὡς
3413 2207 3602 2279 ἔτυχεν
3651 2208 3766 2271 ἑνὸς

2173 2298 2363 2369 ὄρους’
2393 2300 2507 2352 ἀλλ’
2555 2301 2615 2352 ὲν
2660 2300 2872 2370 ἐκείνῳ,
2902 2301 3039 2371 ὅπερ
3059 2301 3274 2364 δεικνὺς
3313 2299 3536 2368 ἔλεγεν·
3577 2320 3596 2352 ι
3643 2301 3766 2355 Ὀτι

2177 2389 2486 2460 βασιλεύσει
2523 2392 2728 2463 Κύριος
2762 2394 2820 2445 ὲν
2856 2392 3033 2464 ὄρεσι,
3081 2394 3175 2446 καὶ
3222 2391 3455 2447 ἐνώπιον
3488 2393 3597 2446 τῶν
3631 2411 3765 2466 πρε-

2176 2481 2455 2554 σϐυτέρων
2488 2483 2656 2536 αὑτοῦ
2699 2482 3113 2552 δοξασθήσεται.
3156 2501 3174 2534 ι
3226 2482 3314 2536 Ἐν
3366 2482 3475 2555 γάρ
3520 2481 3600 2553 τῷ
3651 2483 3765 2555 δρει

2173 2576 2270 2644 τῆς
2300 2572 2492 2626 ἑαυτοῦ
2528 2572 2826 2643 βασιλείας,
2853 2573 2910 2624 ὲν
2937 2565 2982 2639 ᾧ
3009 2572 3102 2625 καὶ
3130 2572 3229 2642 τὴν
3251 2568 3407 2635 δόξαν
3431 2569 3626 2624 ἑαυτοῦ
3656 2572 3766 2634 τοῖς

2174 2662 2370 2716 ἑαυτοῦ
2422 2661 2818 2734 πρεσϐυτέροις
2861 2661 3112 2733 παρέξει,
3171 2662 3265 2715 καὶ
3319 2664 3430 2724 τοῖς
3482 2660 3658 2714 ἔθνεσι
3705 2661 3766 2715 τὸ

2137 2761 2142 2766 “
2178 2755 2481 2826 συμπόσιον
2516 2754 2970 2825 παρασκευάσας,
3007 2754 3070 2807 τὸ
3105 2753 3204 2825 τῆς
3238 2751 3541 2816 ἀθανασίας
3583 2754 3764 2818 αὐτοῖς

2176 2847 2340 2900 ποτὸν
2367 2846 2690 2919 δωρήσεται.
2725 2845 3030 2918 Παρίστησι
3055 2845 3112 2900 δὲ
3138 2845 3200 2898 τὸ
3224 2845 3351 2916 ὅρος
3375 2846 3404 2897 ὀ
3444 2845 3762 2909 Ἀπόστολος

2175 2939 2376 2993 εἰπών’
2405 2958 2423 2991 ι
2450 2939 2900 3012 Προσεληλύθατε
2946 2938 3085 2993 Σιὼν
3129 2938 3244 3011 θρει
3268 2977 3283 3002 ,
3320 2938 3415 2992 καὶ
3447 2938 3597 2992 πόλει
3627 2938 3758 2992 Θεοῦ

2177 3029 2378 3094 ζῶντος
2417 3027 3134 3102 ’1ερουσαλὴμὲπουρανίῳ,
3183 3029 3277 3082 καὶ
3317 3029 3570 3101 μυριάσιν
3598 3028 3758 3098 ἀγγέ-

2173 3121 2281 3174 λων
2339 3122 2670 3194 πανηγύρει,
2716 3124 2813 3176 καὶ
2860 3121 3158 3194 Ἐκκλησία
3211 3121 3572 3196 πρωτοτόκων
3618 3123 3754 3175 ἀπο-

2175 3217 2584 3287 γεγραμμένων
2631 3217 2689 3269 ὲν
2737 3216 3008 3288 οὐρανοῖς.
3079 3234 3098 3268 ›
3165 3214 3429 3269 Ἐνταῦθα
3464 3215 3636 3268 τοίνυν
3667 3230 3756 3282 γε-

2175 3308 2411 3380 νόμενοι,
2436 3310 2538 3380 οὐχ
2556 3310 2584 3361 ὁ
2622 3309 2864 3381 Ἰσραὴλ,
2892 3308 3006 3361 ἀλλ’
3031 3309 3082 3362 οἱ
3108 3306 3168 3372 ἐξ
3187 3307 3441 3362 ἁπάντων
3465 3307 3572 3362 τῶν
3595 3307 3758 3362 έθνιῖιν

2177 3401 2594 3472 καταξιούμενοι
2627 3401 2737 3454 τῶν
2772 3399 3113 3470 ἐπαγγελιῶν
3148 3399 3363 3453 πίονται
3397 3398 3760 3472 εὐφροσύνην,

2177 3494 2272 3548 καὶ
2305 3493 2517 3548 πίονται
2543 3493 2634 3546 τὸν
2665 3494 2729 3546 ἐκ
2753 3493 2852 3564 τῆς
2879 3491 3139 3565 ἀληθινῆς
3167 3492 3415 3565 ἀμπέλου
3446 3488 3612 3555 οἶνον,
3641 3493 3764 3566 περὶ

2175 3581 2236 3639 οὗ
2264 3589 2292 3638 ὁ
2323 3585 2518 3656 Σωτὴρ
2545 3585 2698 3654 ἔλεγε
2723 3601 2736 3614 ·
2782 3604 2800 3636 ι
2844 3586 2921 3640 Ob
2950 3584 3056 3655 μὴν
3083 3585 3194 3638 πίω
3225 3581 3408 3649 αὑτὸν,
3437 3584 3543 3648 lto;
3573 3582 3638 3638 ἂν
3661 3585 3762 3639 πίω

2178 3675 2344 3729 αὑτὸν
2393 3675 2578 3728 καινὸν
2620 3674 2738 3746 μεθ’
2785 3673 2940 3745 ὑμῶν
2981 3676 3042 3729 ὲν
3071 3679 3137 3748 τῇ
3191 3674 3436 3746 βασιλεία
3468 3675 3576 3748 τῶν
3607 3676 3758 3748 ούρα-

2178 3784 2284 3820 νων
2292 3807 2303 3818 .
2347 3785 2361 3815 ι

2252 3879 2270 3910 ι
2314 3857 2607 3930 Χρίσονται
2654 3857 2825 3930 μύρον
2871 3857 2930 3912 ἐν
2979 3857 3059 3930 τῷ
3111 3856 3230 3931 ὕρει
3274 3858 3470 3929 τούτῳ.
3522 3857 3763 3930 Παράδος

2176 3950 2352 4007 ταῦτα
2397 3953 2575 4006 πάντα
2612 3955 2722 4015 τοῖς
2759 3950 2970 4004 ἔθνεσιν
2997 3967 3013 3980 ’
3053 3954 3086 4023 ή
3141 3951 3250 4023 γὰρ
3282 3951 3445 4023 βουλὴ
3490 3949 3630 4022 αὕτη
3677 3951 3767 4003 ἐπὶ

2182 4047 2360 4099 πάντα
2392 4045 2461 4098 τὰ
2495 4044 2644 4115 ἔθνη.
2689 4061 2707 4094 ι
2745 4043 2962 4098 Τούτων
2988 4043 3046 4098 δὲ
3077 4043 3292 4106 εἰκόνας
3323 4044 3458 4114 ἡμῖν
3495 4042 3590 4096 καὶ⁵
3627 4040 3766 4113 σύμο

2179 4125 2310 4189 ϐολα
2335 4137 2393 4188 ὲν
2424 4138 2538 4198 τοῖς
2575 4134 2900 4206 μυστηρίοις
2920 4135 3018 4206 τῆς
3049 4137 3244 4207 καινῆς
3272 4133 3547 4204 Διαθήκης
3565 4133 3653 4186 διὰ
3673 4130 3766 4186 τοῦ

2183 4230 2446 4300 μυστικοῦ
2491 4229 2792 4301 χρίσματος
2849 4230 2944 4282 καὶ
2997 4227 3092 4282 τοῦ
3142 4228 3412 4300 σωτηρίου
3463 4227 3689 4298 αἵματος
3739 4227 3768 4278 ό

2179 4321 2535 4391 εύαγγελικὸς
2569 4321 2928 4393 παραδέδωκε
2962 4321 3120 4390 λόγος
3154 4339 3167 4351 ο
3200 4323 3308 4388 ἵνα,
3351 4323 3410 4375 ὲν
3443 4320 3646 4384 τούτοις
3676 4320 3765 4374 δο-

2179 4414 2562 4485 κιμασθέντες,
2611 4414 2705 4467 καὶ
2731 4413 2838 4467 τῶν
2875 4414 3199 4485 κρειττόνων
3244 4413 3639 4484 μεταλάὗωμεν
3667 4428 3685 4445 ·
3738 4415 3768 4465 ὀ

2179 4508 2289 4578 γὰρ
2330 4504 2549 4579 Ἰσραὴλ
2585 4507 2688 4560 οὐκ
2717 4505 2866 4571 ἄξιος
2895 4506 3118 4560 τούτων.
3157 4505 3368 4582 ’Ὠσπερ
3399 4507 3455 4560 δέ
3490 4525 3573 4572 τις
3600 4523 3768 4578 παρα·

485 4615 607 4652 cum
664 4614 914 4652 mensura
979 4601 1179 4667 tradit,
1235 4602 1351 4666 sic,
1410 4600 1608 4669 inquit,
1658 4599 1945 4670 mysticum
2001 4601 2069 4652 de

2175 4601 2488 4672 καταθὴκην
2520 4588 2578 4652 ὲν
2598 4591 3156 4671 μέτριρποιραδίδωσι,
3171 4599 3336 4665 οὕτω,
3362 4590 3516 4670 (ﬁnal,
3533 4600 3623 4653 τὸν
3639 4599 3770 4671 περὶ

484 4683 760 4759 ρταὲιιίειίε
818 4691 980 4743 rebus
1037 4705 1346 4746 sermonem
1422 4695 1574 4744 trade
1636 4691 1887 4743 omnibus
1941 4703 2075 4758 gen-

487 4783 633 4836 tibus
691 4794 725 4836 ι,
767 4798 891 4836 nam
959 4783 1062 4838 hoc
1123 4783 1412 4838 consilium
1473 4798 1639 4852 super
1691 4795 1884 4837 oumes
1939 4796 2070 4850 geu-

485 4883 565 4930 tes
596 4884 698 4928 est.
920 4936 927 4944 ,
1869 4933 1872 4936 .

557 4967 720 5023 Vsus.
751 4968 803 5023 8.
846 4987 864 5020 ι
889 4968 1175 5039 Absorpsit
1215 4983 1363 5021 mors
1399 4967 1699 5040 prmvalens
1722 5008 1736 5032 ,
1786 4977 1842 5020 et
1883 4980 2074 5020 rursus

481 5045 704 5116 abstulit
735 5059 878 5115 Deus
907 5077 1126 5115 omnem
1156 5061 1453 5131 lacrymam
1486 5062 1554 5113 ab
1579 5060 1726 5113 omni
1757 5057 1904 5111 vultu
1937 5075 1951 5112 :
1984 5051 2100 5126 op?

482 5149 768 5218 probrium
800 5152 1004 5220 populi
1058 5151 1288 5206 abstulit
1335 5151 1403 5204 ab
1465 5150 1721 5204 universa
1773 5159 1966 5204 terra:
2010 5162 2072 5202 os

481 5242 870 5312 enimDomini
901 5244 1144 5298 locutum
1171 5251 1275 5297 est.
1303 5260 1321 5292 ι
1359 5242 1497 5296 Tum
1526 5242 1715 5310 igitur,
1743 5256 1866 5294 eum
1896 5240 2071 5294 sancti

482 5350 586 5390 nua
636 5353 760 5390 cum
807 5335 947 5401 Filio
1001 5337 1096 5391 Dei
1152 5334 1500 5404 regnabunt,
1555 5335 1682 5400 ipsa
1726 5348 1892 5396 mors,
1954 5348 2074 5401 quze

482 5430 610 5482 olim
641 5430 974 5500 deglutiebat
1004 5444 1135 5494 eos,
1163 5427 1386 5482 omnino
1416 5418 1818 5484 absorbebitur.
1849 5427 1956 5480 l’ro
1981 5426 2070 5478 illa

481 5530 690 5585 autem,
721 5521 825 5577 erit
855 5523 1044 5577 unctio
1088 5537 1193 5590 qua
1247 5520 1579 5590 inungentur
1620 5529 2068 5596 omnesrgentes.
2101 5521 2105 5526 ’

482 5612 695 5666 Etenim
728 5616 873 5670 uncti
917 5616 1012 5670 illo
1043 5622 1342 5683 unguento,
1389 5627 1496 5666 non
1529 5614 1672 5666 ultra
1704 5613 1863 5665 morti
1910 5617 2076 5666 erunt

481 5707 743 5772 obnoxii,
785 5709 880 5764 sed
910 5705 1340 5763 immortalitatis
1373 5717 1426 5761 et
1453 5717 1671 5760 :eternae
1704 5706 1826 5758 vita:
1854 5719 2074 5760 consor-

479 5910 529 5949 "
583 5907 745 5968 llebr.
776 5924 875 5974 xu,
909 5908 1002 5962 2-2..
1082 5909 1127 5942 ⁸⁵
1150 5905 1339 5966 Matth.
1371 5923 1521 5973 ιλιι,
1557 5907 1647 5968 29.

2178 4692 2286 4746 τῶν
2331 4691 2632 4764 λεχθέντων
2687 4692 2947 4764 μυστικὸν
3001 4693 3158 4761 λόγον
3203 4691 3442 4764 παράδος
3477 4693 3610 4746 πᾶσι
3655 4694 3767 4755 τοῖς

2180 4786 2398 4860 ἔθνεσιῇ
2429 4789 2523 4857 καὶ
2554 4786 2661 4859 γὰρ
2690 4786 2852 4858 βουλὴ
2884 4787 3022 4857 αὕτη
3053 4787 3147 4841 ἐπὶ
3178 4787 3355 4841 πάντα
3373 4785 3443 4840 τὰ
3474 4785 3620 4857 ἔθνη.

2252 4953 2284 5018 ι’
2304 4954 2592 5024 ,Κατέπιεν
2612 4969 2641 5020 ό
2666 4968 2894 5032 θάνατος
2915 4967 3160 5040 ἰσχύσας,
3178 4969 3272 5021 καὶ
3289 4966 3450 5020 πάλιν
3475 4964 3714 5036 ἀφεῖλειν
3740 4960 3773 5016 δ’

2175 5059 2307 5123 Θεὸς
2332 5042 2442 5113 πᾶν
2466 5059 2700 5130 δάκρυον
2731 5063 2839 5115 ἀπὸ
2862 5043 3062 5137 παντὸς
3093 5060 3389 5133 προσώπου
3412 5075 3426 5090 ⁸
3463 5059 3523 5112 τὸ
3566 5042 3773 5123 ὖνειδαέ

2170 5151 2270 5204 τοῦ
2305 5151 2435 5205 λαοῦ
2467 5153 2684 5220 ἀφεῖλεν
2704 5155 2812 5208 ἀπὸ
2838 5154 3020 5226 πάσης
3049 5141 3272 5224 τῆςγῆς
3293 5140 3313 5183 ’⁸
3349 5152 3411 5206 τὸ
3434 5151 3544 5221 γὰρ
3589 5148 3770 5220 στόμα

2171 5243 2376 5314 Κυρίου
2399 5244 2645 5316 έλάλησε.
2673 5263 2690 5296 ι
2713 5247 2846 5299 Τότε
2864 5246 3062 5307 τοίνυν,
3081 5245 3168 5298 ὅτε
3305 5241 3699 5318 Υιῷτούθεοῆ
3716 5241 3770 5295 οἱ

2173 5313 2318 5406 ἅγιοι
2350 5355 2411 5398 συ
2421 5313 3087 5419 μῦασιλεύσουσι”ν,,αύτὸς
3113 5340 3140 5392 ὁ
3473 5325 3641 5417 παλαι.
3667 5313 3776 5402 tta:

2175 5430 2420 5485 ταπίνων
2435 5433 2650 5510 αὐτοὺς,
2674 5421 2890 5496 πάντως
2918 5422 3378 5510 καταποθήσεται.
3398 5431 3544 5502 Ἀντί
3562 5428 3624 5500 δὲ
3645 5428 3772 5482 τού-

2181 5541 2274 5593 του
2305 5524 2457 5591 ἔσται
2488 5528 2524 5594 ἡ
2556 5505 2736 5596 χρίσις
2774 5527 2808 5594 ἡ
2838 5503 3172 5596 κεχρισμένῃ
3201 5529 3280 5590 εἰς
3309 5503 3486 5578 πάντα
3518 5509 3776 5600 γ’ἐθνη.

2181 5613 2508 5688 Χρισθέντες
2563 5615 2672 5686 γὰρ
2724 5614 2802 5685 τῷ
2841 5616 3141 5692 χρίσματι,
3197 5601 3382 5688 opici-rt
3433 5597 3778 5700 ’γενήσονταί

2184 5707 2483 5777 ὑποχείριοι
2517 5707 2596 5777 τῷ
2629 5708 2843 5778 θανάτῳ
2865 5726 2877 5739 ο
2917 5709 3210 5773 ἀθανασίας
3237 5711 3294 5765 δὲ
3328 5710 3421 5763 καὶ
3455 5707 3599 5778 ζωῆς
3635 5707 3773 5767 alt"
