4118 6388
331 434 434 489 269

1249 429 1749 484 COMMENTARIA
1787 429 1854 484 IN
1896 427 2152 482 ISA‘IAM.
2188 459 2256 467 ——
2293 430 2446 481 CAP.
2490 429 2674 482 ωινι.

3491 433 3595 487 270

331 547 446 604 adeo
479 547 820 620 μετέχοντες,
857 547 949 601 τὸν
983 547 1211 601 θάνατον
1235 548 1591 621 ἀνενέργητον
1620 550 1712 604 καὶ
1734 549 1911 618 ὥσπερ

2026 555 2131 612 les,
2160 557 2392 601 mortem
2425 545 2752 602 imbecillam
2784 555 2835 602 et
2867 547 3020 617 quasi
3047 555 3313 602 mortuam
3346 549 3594 619 reddent.

332 641 526 712 νεκρὸν
547 641 966 711 καταστήσουσι.
1017 639 1154 692 Ἀλλ’
1177 640 1326 712 ὁμῶς
1351 641 1378 691 ὁ
1410 641 1786 712 φιλάνθρωπος
1808 641 1916 693 τῶν

335 729 638 802 ἀνθρώπων
680 729 893 800 Σωτὴρ,
928 729 1234 801 ῥυσάμενος
1277 728 1372 782 τοῦ
1420 729 1647 784 θανάτου
1681 730 1780 792 τὰς
1809 729 1918 782 τῶν

337 820 640 892 ἀνθρώπων
691 819 890 890 ψυχάς,
936 820 1036 890 τῆς
1072 836 1132 871 τε
1175 819 1434 872 πολυθέου
1469 820 1563 872 καὶ
1600 819 1916 890 δαιμονικῆς

337 913 550 981 πλάνης
591 910 984 983 ἐλευθερώσας,
1020 911 1207 979 ἀφεῖλε
1242 913 1349 964 πᾶν
1377 911 1611 982 δάκρυον
1649 912 1757 964 ἀπὸ
1783 929 1918 963 παν-

336 1003 426 1068 τὸς
478 1003 792 1076 προσώπου.
859 1002 1103 1065 Ὀνειδος
1153 1003 1208 1055 δὲ
1265 998 1333 1073 ἦν
1385 1003 1480 1056 τοῦ
1540 1003 1668 1056 λαοῦ
1718 1004 1811 1056 τοῦ
1858 1003 1916 1069 ἐξ

335 1097 505 1153 ἐθνῶν
566 1099 600 1166 ἡ
655 1098 979 1169 κρατήσασα
1031 1096 1211 1148 αὐτῶν
1270 1095 1682 1167 είδωλολατρεία
1714 1113 1726 1126 ·
1783 1097 1917 1166 ὅπερ

336 1187 537 1249 ὄνειδος
569 1188 789 1256 ἀφεῖλεν
838 1187 866 1236 ὁ
897 1186 1030 1248 Θεὸς
1051 1227 1062 1244 ,
1101 1187 1196 1238 καὶ
1243 1185 1304 1238 τὸ
1341 1187 1433 1239 ἐπὶ
1457 1186 1634 1256 τούτῳ
1663 1186 1914 1255 δάκρυον,

337 1279 446 1332 τῶν
477 1279 566 1332 διά
589 1280 688 1349 τὴν
713 1277 1123 1348 φιλανθρωπίαν
1155 1277 1254 1348 τὴν
1283 1277 1390 1331 τῶν
1427 1279 1696 1332 τοσούτων
1732 1279 1918 1348 ψυχῶν

339 1369 788 1438 ἀποκλαιομένων
815 1367 1108 1420 ἀπώλειαν.
1146 1367 1385 1429 Ὄνειδος
1410 1367 1518 1438 γὰρ
1545 1363 1612 1436 ἦν
1636 1367 1696 1418 οὑ
1727 1367 1919 1437 μικρὸν

336 1465 450 1525 τοῖς
483 1462 603 1514 κατ’
656 1460 838 1513 εἰκόνα
891 1458 985 1512 τοῦ
1038 1458 1172 1512 Θεοῦ
1206 1460 1596 1530 πεποιημένοις
1647 1459 1707 1510 τὸ
1757 1460 1921 1510 ἐκπε-

341 1554 454 1605 σεῖν
499 1553 596 1621 τῆς
648 1551 868 1604 αἰωνίου
918 1552 1062 1620 ζωῆς
1117 1550 1208 1603 καὶ
1262 1549 1478 1620 θανάτῳ
1526 1549 1916 1618 ὑποϐληθῆναι.

350 1643 486 1696 Ἀλλ’
539 1640 836 1713 ἀρθήσεται
888 1642 948 1694 τὸ
998 1641 1216 1705 ὄνειδος,
1256 1639 1352 1693 τοῦ
1383 1642 1480 1712 μὲν
1516 1641 1742 1693 θανάτου
1787 1657 1922 1692 κατ-

333 1734 665 1806 αργηθέντος
733 1735 828 1786 καὶ
867 1731 962 1784 τοῦ
1006 1731 1229 1795 σκότους
1273 1731 1660 1800 ἀφανισθέντος
1686 1747 1697 1756 ·
1733 1731 1832 1800 τῆς
1867 1730 1923 1782 δὲ

345 1826 440 1880 τοῦ
478 1827 715 1900 Χριστοῦ
766 1826 1039 1897 βασιλείας
1088 1825 1290 1894 αἰωνίῳ
1334 1826 1445 1896 ζωῇ
1487 1824 1920 1895 διαλαμπούσης,

2018 639 2270 700 Attamen
2319 638 2559 693 clemens
2604 637 2694 692 ille
2737 639 3016 693 hominum
3067 639 3358 707 Servatur,
3393 645 3595 711 ereptis

2019 743 2047 780 a
2095 739 2266 782 morte
2315 740 2475 793 atque
2524 743 2553 780 a
2601 729 2979 796 superstitioso
3022 739 3076 784 et
3119 730 3382 786 diabolico
3414 735 3593 786 numi~

2019 835 2143 871 num
2195 834 2378 872 errore
2413 818 2662 871 liberatis
2699 819 2982 875 animabus
3015 821 3314 887 hominum,
3365 824 3593 878 absmlit

2019 925 2230 963 ninnem
2288 910 2580 980 lacrymam
2621 910 2689 962 ab
2729 912 2875 964 omni
2904 912 3073 966 vultu.
3103 913 3464 983 Opprobrium
3498 931 3594 968 au-

2021 1009 2126 1053 tem
2174 999 2354 1069 populi
2383 1015 2450 1053 ex
2495 1000 2746 1068 gentibus
2775 1012 2892 1054 erat
2937 1004 3237 1060 idololatria
3275 1022 3443 1076 penes
3474 1008 3594 1064 illos

2018 1092 2268 1146 obtinens
2303 1109 2317 1146 :
2359 1093 2500 1163 quod
2535 1092 2885 1163 opprobrium
2923 1107 2976 1149 et
3011 1096 3275 1168 lacrymas
3315 1101 3438 1156 inde
3469 1116 3596 1156 con-

2020 1195 2308 1252 sequentes
2343 1185 2567 1239 abstulit
2602 1187 2767 1252 Deus,
2809 1187 2873 1240 iis
2929 1188 3018 1256 qui
3051 1189 3119 1242 ob
3165 1181 3459 1248 humanum
3507 1193 3594 1249 af-

2019 1273 2218 1327 fectum
2269 1276 2572 1328 animarmn
2625 1273 2932 1342 bujusmodi
2988 1278 3279 1345 perniciem
3319 1281 3590 1351 lugebant.

2023 1364 2166 1418 Sane
2217 1366 2569 1436 Opprobrium
2623 1381 2730 1419 non
2782 1366 3051 1420 modicum
3103 1370 3339 1435 erat,iis
3382 1374 3472 1442 qui
3524 1376 3593 1428 ad

2022 1456 2311 1527 imaginem
2354 1458 2446 1516 Dei
2485 1458 2687 1511 conditi
2735 1467 2888 1511 erant
2914 1498 2932 1522 ,
2978 1460 3119 1527 quod
3159 1478 3189 1514 a
3238 1463 3344 1516 vita
3391 1473 3593 1521 attenta

2024 1549 2336 1603 laberentur
2361 1565 2423 1602 ac
2454 1549 2612 1602 morti
2645 1549 3062 1618 subiicerentur.
3100 1551 3206 1606 Sed
3239 1556 3591 1623 opprobrium

2024 1640 2326 1704 auferetur,
2362 1640 2534 1696 deleta
2568 1653 2762 1705 morte,
2796 1641 3136 1711 tenebrisque
3166 1643 3411 1700 sublatis.
3441 1647 3592 1702 Chri-

2027 1735 2096 1787 sti
2127 1745 2308 1788 autem
2330 1750 2511 1805 regno
2538 1734 2590 1787 in
2622 1744 2827 1789 aeterna
2862 1735 2968 1788 vita
3001 1734 3258 1806 fulgente,
3290 1736 3380 1792 illo
3411 1737 3593 1792 fruen-

2029 1834 2116 1878 tur
2154 1827 2188 1880 ii
2222 1842 2292 1880 εχ
2341 1827 2628 1894 gentibus,
2669 1826 2763 1895 qui
2811 1841 2841 1878 a
2890 1825 3131 1894 pristinis
3173 1828 3388 1896 quidem
3441 1830 3594 1886 malis

335 1918 735 1973 ἀπολαύσουσιν
763 1920 812 1972 oi
841 1918 900 1984 ἐξ
926 1918 1182 1971 ἁπάντων
1201 1917 1308 1971 τῶν
1333 1916 1501 1971 ἐθνῶν
1530 1917 1638 1970 τῶν
1664 1917 1762 1986 μὲν
1788 1933 1911 1986 προ-

2022 1917 2193 1986 erepti
2227 1925 2389 1981 sunt,
2427 1927 2483 1970 et
2518 1919 2608 1985 qui
2642 1917 2921 1986 promissis
2948 1916 3042 1972 Dei
3083 1918 3451 1976 douabuntur.

334 2012 510 2084 τέρων
559 2011 996 2082 ἠλευθερωμένοι
1055 2011 1263 2076 κακῶν,
1302 2009 1412 2063 τῶν
1467 2010 1525 2063 δὲ
1577 2009 1918 2084 ἐπαγγελιῶν

333 2101 469 2154 Θεοῦ
502 2100 1056 2172 καταξιωθησόμενοι.

407 2209 425 2242 ι
459 2191 567 2244 Καὶ
597 2189 778 2261 ἐροῦσι
810 2193 876 2261 τῇ
905 2191 1087 2261 ἡμέρᾳ
1117 2189 1299 2262 ἐκείνῃ
1320 2207 1334 2221 ·
1375 2190 1503 2244 Ἰδοὺ
1552 2191 1580 2241 ὁ
1605 2190 1736 2254 Θεὸς
1765 2189 1920 2261 ἡμῶν

337 2283 421 2352 ἐφ’
455 2276 868 2354 ἠλπίζομεν,
920 2284 1011 2337 καὶ
1060 2283 1221 2336 σώσει
1269 2287 1438 2355 ἡμᾶς.
1483 2280 1649 2348 Οὗτος
1697 2285 1918 2355 Κύριος,

337 2374 706 2445 ὑπεμείναμεν
741 2373 888 2444 αύτῷ
923 2377 1017 2428 καὶ¹
1048 2375 1453 2448 ἠγαλλιώμεθα,
1489 2377 1582 2430 καὶ
1615 2377 1924 2454 εὐφρανθηέ

334 2463 543 2534 σόμεθα
583 2465 674 2516 ἐπὶ
703 2466 769 2534 τῇ
805 2464 1047 2536 σωτηρίᾳ
1089 2465 1267 2535 ἡμῶν.
1310 2466 1639 2518 Ἀνάπαυσιν
1683 2465 1843 2518 δώσει
1894 2469 1922 2519 ὁ

331 2555 464 2618 Θεὸς
495 2556 587 2608 ἐπὶ
624 2557 683 2608 τὸ
711 2556 835 2626 ὄρος
866 2556 1040 2610 τοῦτο.
1081 2577 1098 2606 ι
1121 2557 1540 2622 Καταποθέντος
1569 2559 1664 2612 τοῦ
1687 2558 1919 2612 θανάτου

331 2648 474 2700 κατά
505 2648 597 2699 τὸν
617 2649 718 2717 τῆς
751 2649 1098 2712 ἀναστάσεως
1145 2651 1355 2721 καιρὸν,
1380 2651 1429 2702 οἱ
1464 2649 1557 2701 τοῦ
1581 2649 1702 2702 νέου
1729 2651 1922 2715 αἰῶνος

332 2739 439 2792 υἱοὶ
486 2742 552 2811 τῇ
594 2741 778 2812 ἡμέρᾳ
807 2741 986 2813 ἐκείνῃ
1030 2742 1443 2813 εὐχαριστήριον
1486 2741 1706 2814 ᾅσουσιν
1752 2742 1916 2812 ᾠδὴν,

334 2829 569 2903 ὁρῶντες
613 2833 672 2883 ἐν
711 2831 838 2903 δόξῃ
873 2832 966 2885 τὸν
1007 2831 1216 2886 ἑαυτῶν
1247 2833 1494 2903 Σωτῆρα,
1539 2833 1634 2885 καὶ
1668 2831 1917 2903 ἐροῦσιγ

338 2895 381 2973 ι.
410 2921 541 2976 Ἰδοὺ
571 2921 599 2971 ὁ
638 2922 770 2986 Θεὸς
798 2895 956 2994 qua»:
1007 2925 1090 2992 ἐφ’
1122 2916 1166 2991 ᾧ
1197 2895 1516 2993 ἠλπίζομεν.
1559 2943 1576 2974 ι
1615 2895 1789 2976 Πάλαι
1822 2895 1920 2993 μεν

330 3014 440 3087 γᾲρ
490 3015 649 3067 αὐτὸν
710 3017 769 3068 ἐν
821 3015 1032 3067 ἐλπίσιν
1088 3015 1338 3087 εἴχομεν,
1402 3015 1747 3079 πιστεύοντες
1799 3018 1920 3080 ταῖς

2097 2188 2261 2242 Vens.
2292 2189 2345 2252 9,
2377 2189 2466 2243 10.
2505 2207 2522 2240 ι
2548 2191 2612 2244 Et
2659 2189 2839 2245 dicent
2871 2191 2924 2244 in
2969 2190 3058 2246 illa
3106 2173 3230 2258 die,
3277 2193 3415 2250 Ecce
3455 2195 3592 2252 Deus

2023 2291 2228 2346 noster,
2263 2282 2318 2335 in
2361 2296 2468 2350 quo
2511 2282 2861 2352 sperabamus
2887 2325 2900 2348 ,
2945 2294 2996 2336 et
3047 2283 3277 2356 salvabit
3319 2301 3438 2340 nos.
3488 2287 3592 2343 late

2022 2370 2311 2434 Dominus,
2340 2370 2695 2426 sustinuimus
2725 2387 2868 2436 eum,
2903 2381 2956 2426 et
2983 2373 3386 2430 exsultabamus
3415 2387 3470 2430 et
3501 2377 3583 2432 lte-

2025 2464 2260 2519 tabimur
2291 2465 2342 2518 in
2375 2465 2550 2519 salute
2596 2476 2803 2520 nostra.
2859 2464 3115 2532 Requiem
3151 2468 3301 2522 dabit
3334 2465 3472 2523 Deus
3501 2487 3578 2526 su-

2022 2570 2120 2624 per
2150 2564 2384 2609 montem
2415 2555 2575 2609 bunc.
2609 2575 2628 2606 »
2676 2556 2941 2624 Absorpta
2975 2561 3593 2616 morte.resurrectionis

2021 2658 2300 2717 tempore,
2359 2648 2484 2703 novi
2545 2647 2728 2704 saeculi
2782 2649 2876 2702 lilii
2925 2650 2976 2703 in
3023 2649 3111 2702 illa
3166 2651 3254 2706 die
3299 2654 3592 2721 gratiarum

2022 2741 2252 2794 actionis
2291 2741 2566 2794 canticum
2597 2752 2815 2804 canent,
2848 2741 3092 2794 videntes
3121 2741 3174 2795 in
3200 2741 3373 2811 gloria
3401 2744 3585 2798 Serva-

2026 2838 2381 2902 toremsuum
2403 2869 2418 2894 ,
2450 2838 2504 2886 et
2541 2830 2743 2896 dicent,
2783 2849 2802 2880 ι
2833 2828 2970 2885 Ecce
2996 2831 3137 2886 Deus
3175 2843 3380 2897 noster,
3405 2834 3457 2888 in
3487 2849 3594 2905 qun

2021 2923 2392 2990 sperabamus.
2416 2941 2434 2974 ι
2470 2922 2612 2977 Olim
2641 2937 2876 2991 namque
2919 2923 3090 2992 ipsum
3136 2925 3188 2980 in
3223 2941 3317 2995 spe
3351 2926 3560 2984 habeba

2024 3031 2170 3079 mus,
2206 3015 2465 3070 doctrinae
2494 3014 2670 3084 ipsum
2706 3015 3049 3070 annuntianli
3080 3017 3237 3072 fidem
3289 3020 3592 3087 habentes;

333 3106 503 3169 θείαις
524 3107 655 3178 περὶ
680 3105 842 3159 αὐτοῦ
871 3106 1242 3170 διδασκαλίαις
1261 3124 1274 3136 ·
1305 3105 1398 3159 νῦν
1424 3106 1481 3158 δὲ
1504 3107 1599 3160 καὶ
1620 3105 1911 3176 ὀφθαλμοῖς

2015 3104 2126 3176 jam
2153 3121 2284 3161 vero
2330 3105 2461 3174 ipsis
2491 3105 2665 3160 oculis
2695 3105 2944 3162 videmus
2974 3122 3118 3174 eum,
3147 3124 3314 3180 quare
3352 3111 3463 3182 jam
3503 3111 3594 3168 diu

330 3198 547 3268 ὁρῶμεν
619 3198 808 3262 αὑτὸν,
851 3200 930 3252 διὸ
977 3199 1318 3268 ὑπεμένομεν
1373 3198 1536 3252 πάλαι
1586 3199 1654 3251 τά
1697 3197 1911 3254 ἐπιόντα

2022 3197 2422 3252 sustinebamus
2466 3196 2770 3267 ingruentia
2824 3197 2982 3253 nobis
3026 3199 3187 3254 mala.
3243 3202 3309 3255 Et
3357 3203 3433 3257 illi
3466 3205 3594 3274 qui-

331 3264 464 3357 ⁴ἡμῖν
501 3287 740 3359 λυπηρά.
793 3290 904 3343 Καὶ
947 3293 996 3342 οἱ
1035 3264 1132 3360 μεν
1164 3264 1338 3342 ταῦτα
1370 3291 1614 3361 ἐροῦσιν·
1647 3293 1674 3344 ὁ
1705 3291 1761 3347 δὲ
1790 3289 1911 3343 άνάρ

2021 3291 2143 3343 dem
2179 3289 2294 3343 haec
2322 3289 2519 3342 dicturi
2550 3297 2718 3354 sunt;
2766 3288 2855 3343 ille
2889 3305 3017 3343 vero
3063 3292 3301 3363 requiem
3336 3293 3468 3364 ipsis
3496 3296 3594 3350 da-

335 3396 534 3432 παυσιν
563 3380 744 3443 αὐτοῖς
775 3379 932 3433 δώσει
957 3383 1013 3433 ἐν
1037 3381 1115 3452 τῷ
1143 3381 1485 3453 προλεχθέντι
1516 3383 1615 3454 τῆς
1639 3382 1913 3452 βασιλείας

335 3471 500 3526 αὐτοῦ
535 3470 672 3543 ὄρει.

407 3580 425 3613 ι
464 3564 570 3616 Καὶ
613 3563 1128 3637 καταπατηθήσεται
1189 3568 1222 3638 ἡ
1279 3543 1590 3631 Μωαϐῖτις,
1623 3566 1685 3620 ὃν
1711 3567 1912 3639 τρόπον

330 3654 588 3708 πατοῦσιν
618 3655 796 3709 ἅλωνα
829 3659 887 3724 ἐν
928 3658 1184 3728 ἁμάξαις.
1222 3661 1333 3712 Καὶ
1363 3661 1550 3732 ἀνήσει
1593 3659 1690 3723 τὰς
1723 3665 1911 3733 χεῖρας

327 3748 511 3812 αὑτοῦ,
533 3749 590 3801 ὃν
615 3750 812 3821 τρόπον
842 3752 932 3804 κσιί
952 3751 1114 3814 αὐτὸς
1141 3752 1472 3805 ἐταπείνωσε
1496 3750 1590 3804 τοῦ
1624 3753 1905 3805 ἀπολέσαι.

327 3840 440 3895 Καὶ
468 3839 792 3892 ταπεινώσει
835 3841 932 3910 τὴν
982 3839 1136 3910 ὕϐριν
1183 3840 1370 3903 αὑτοῦ,
1409 3843 1494 3907 ἐφ’
1525 3839 1564 3892 ἃ.
1596 3841 1694 3903 τὰς
1723 3843 1911 3911 χεῖρας

323 3929 578 3992 ὲπέὸαλε,
621 3932 714 3982 καὶ
745 3932 805 3982 τὸ
840 3931 974 3998 ὕψος
1010 3931 1106 4000 τῆς
1137 3930 1456 3999 καταφυγῆς
1490 3929 1581 3982 τοῦ
1608 3931 1787 4000 τοίχου
1816 3947 1912 3984 ταρ-

326 4022 579 4076 πεινώσει
599 4037 612 4051 ⁶
645 4022 737 4074 καὶ
762 4019 1130 4089 καταδήσεται
1149 4020 1254 4083 ’ἑως
1281 4019 1372 4072 τοῦ
1402 4019 1649 4088 ἐδάφους.
1690 4041 1707 4071 ι
1743 4019 1908 4092 Οἶμαι

322 4114 379 4167 δὲ
435 4111 670 4167 ἐνταῦθα
721 4109 894 4164 Μωάϐ
943 4110 1198 4178 λέγεσθαι
1238 4109 1330 4162 τὸν
1378 4111 1611 4182 πονηρὸν
1655 4112 1906 4183 δαίμονα,

331 4206 427 4259 καὶ
488 4204 587 4275 τὴν
631 4199 1013 4272 ἀντικειμένην
1077 4201 1329 4272 δύναμιν,
1366 4203 1465 4274 τὴν
1529 4203 1696 4257 πάλαι
1757 4207 1909 4277 παρά

321 4299 432 4360 τοῖς
487 4291 806 4358 Μωαϐίταις
855 4294 930 4357 ὼς
976 4292 1094 4346 θεὸν
1141 4293 1490 4369 τιμωμένην·
1553 4295 1675 4364 ἧτις
1719 4297 1906 4369 ἐπειδὴ

327 4390 468 4460 μέγα
504 4388 739 4458 ἐφρόνει,
776 4384 1214 4456 κατεπαιρομένη
1248 4384 1342 4437 τοῦ
1384 4384 1518 4438 Θεοῦ
1555 4387 1785 4458 Ἰσραὴλ,
1812 4391 1907 4444 καὶ

320 4483 381 4536 τὸ
426 4473 514 4550 6φ’
556 4481 753 4551 ἑαυτὴν
797 4479 947 4542 ἔθνος
992 4477 1361 4548 ἐπιτρίϐουσα,
1393 4477 1468 4540 ὡς
1503 4478 1596 4530 καὶ
1625 4480 1710 4530 ἐπ’
1740 4481 1905 4534 αὐτοῦ

2017 3383 2096 3440 bit
2125 3381 2178 3434 in
2213 3389 2514 3436 memorato
2548 3381 2695 3449 regni
2730 3379 2816 3434 sui
2855 3392 3058 3436 monte.

2087 3562 2252 3619 Vens.
2286 3563 2376 3626 Η,
2410 3562 2498 3615 l2.
2535 3581 2554 3614 ι
2582 3563 2649 3616 Ει
2689 3562 3095 3617 conculcabitur
3123 3562 3406 3631 Moabitis,
3453 3582 3586 3638 quo-

2014 3659 2176 3714 modo
2212 3655 2422 3710 calcant
2465 3669 2648 3710 aream
2702 3654 2976 3722 plaustris.
3021 3656 3086 3711 Et
3126 3659 3365 3713 remittet
3394 3676 3588 3716 manus

2013 3765 2164 3822 suas,
2211 3749 2350 3801 sicut
2383 3754 2436 3799 et
2471 3747 2583 3814 ipse
2626 3746 2954 3811 humiliavit,
2997 3756 3053 3800 ut
3088 3747 3354 3817 perderet.
3401 3733 3468 3804 Et
3493 3751 3589 3805 de—

2014 3842 2208 3908 primet
2239 3836 2490 3906 injuriam
2527 3835 2664 3904 ejus,
2705 3837 2756 3888 iu
2789 3852 2910 3904 qua:
2943 3852 3134 3893 manus
3177 3838 3383 3907 injecit,
3419 3849 3473 3894 et
3501 3841 3585 3896 al-

2015 3932 2296 3988 titudinem
2349 3930 2538 4000 refugii
2596 3931 2735 3986 muri
2781 3932 3091 3989 bumiliabit
3128 3951 3142 3987 :
3186 3943 3239 3988 et
3289 3934 3586 3992 descendet

2013 4043 2186 4098 usque
2217 4027 2282 4081 ad
2323 4025 2714 4096 pavimentum.
2744 4043 2764 4077 ι
2797 4025 3048 4080 Arbitror
3094 4026 3183 4080 hic
3214 4022 3370 4082 Moab
3406 4030 3586 4086 vocari

2012 4119 2307 4187 malignum
2375 4117 2710 4182 daemonem,
2779 4125 2833 4170 ct
2889 4115 3255 4170 adversariam
3304 4117 3586 4180 virtutem,

2011 4227 2130 4282 quae
2175 4211 2302 4265 olim
2336 4209 2477 4278 apud
2510 4207 2778 4264 Moabitas
2831 4217 2890 4262 ut
2922 4209 3056 4262 deus
3107 4208 3412 4277 colebatur;
3466 4225 3587 4280 qua:

2011 4303 2136 4372 quia
2183 4302 2350 4355 altum
2402 4299 2688 4367 sapiebat,
2734 4311 2921 4355 contra
2965 4299 3132 4352 Deum
3183 4297 3347 4354 Israel
3393 4315 3584 4369 super-

2010 4396 2212 4460 bicns,
2267 4395 2480 4464 sibique
2533 4391 2807 4447 subditam
2856 4399 3071 4460 gentem
3127 4389 3479 4460 depravanS‘,
3529 4403 3588 4446 ut

2009 4489 2172 4541 etiam
2213 4495 2453 4554 tempore
2484 4485 2684 4556 Moysis
2737 4482 2861 4535 talia
2913 4482 3172 4549 auderet,
3219 4497 3282 4537 ac
3328 4484 3584 4552 populum

320 4576 605 4638 Μωῦσέως
653 4571 876 4628 τοιαῦτα
934 4572 1224 4642 τολμῆσαι,
1281 4571 1355 4634 ῶς
1395 4570 1759 4641 ἐκπορνεύσαι
1812 4571 1904 4624 τὸν

2015 4582 2076 4634 ad
2122 4579 2566 4640 fornicationem,
2625 4585 2678 4630 et
2729 4575 2795 4628 ad
2843 4574 3200 4628 initiationem
3255 4573 3587 4650 Beelphegor

319 4667 449 4721 λαὸν
487 4667 584 4720 καὶ⁵
619 4664 932 4734 τελεσθῆναι
964 4661 1040 4731 τῷ
1069 4659 1387 4730 Βεελφεγώρ
1407 4678 1419 4689 ·
1465 4661 1622 4714 τοῦτο
1646 4662 1704 4714 δὲ
1743 4658 1810 4732 ἦν
1844 4662 1904 4715 τὸ

319 4761 428 4814 τῶν
456 4755 764 4813 Μωαϐιτῶν
790 4753 1032 4807 εἴδωλον·
1057 4751 1247 4805 τούτου
1279 4751 1438 4824 χάριν
1473 4752 1539 4805 τὰ
1565 4752 1912 4822 προκείμενα,

320 4851 394 4916 ὡς
425 4847 757 4922 περἰδεινῆς
784 4861 926 4907 τινος
943 4844 1050 4898 ’καὶ
1078 4843 1346 4913 θεομάχου
1380 4843 1662 4914 δυνάμεως
1694 4857 1903 4913 προπερ

324 4935 603 5015 είθήίιτευιται.
655 4935 661 4940 ’
861 4955 865 4961 ’
913 4949 936 4970 ⁷·
1084 4943 1092 4954 “
1387 4941 1435 4970 ·’

342 5046 362 5057 ·
456 5036 462 5042 ’
736 5039 742 5045 ’
807 5044 1202 5123 ΚΕΦΑΛΑΙΟΝ
1237 5048 1400 5114 ’κς-ν.

344 5133 363 5149 ”
558 5143 740 5219 ἡμέρᾳ
765 5145 947 5214 ἐκείνῃ
979 5123 1198 5214 ᾀσονται
1228 5139 1290 5191 τὸ
1310 5134 1464 5209 ᾆσμῑα
1491 5136 1650 5190 τοῦτο
1683 5137 1776 5188 ἐπὶ
1799 5137 1902 5207 γῆς

331 5241 502 5298 Ἰούδα
526 5236 790 5308 λέγοντες.
835 5255 854 5288 ι
905 5234 1048 5290 Μεθ’
1079 5233 1166 5304 ἦν,
1201 5229 1294 5284 τοῦ
1328 5229 1576 5299 Σωτῆρος
1617 5227 1774 5298 ἡμῶν
1803 5228 1901 5296 τὴν

319 5333 486 5391 αὐτοῦ
527 5329 797 5402 βασιλείαν
819 5325 1181 5398 ἀπειληφότος
1221 5325 1278 5376 ἐν
1305 5321 1386 5392 τῷ
1421 5321 1731 5390 ἐπουρανίῳ
1762 5319 1898 5390 δρει,

316 5431 370 5483 oi
402 5425 512 5479 τῶν
546 5421 886 5490 ἐπαγγελιῶν
919 5420 1058 5487 ἄξιοι
1084 5418 1306 5490 ᾅσονται
1334 5403 1392 5468 ἐν
1417 5417 1483 5485 τῇ
1508 5413 1694 5486 ἡμέρᾳ
1717 5407 1902 5483 ἐκείνῃ

315 5521 377 5575 τὸ
421 5515 742 5588 ἐπουράνιον
789 5511 940 5584 ᾆσμα
980 5512 1040 5564 ἐν
1077 5512 1145 5581 τῇ
1192 5509 1498 5582 ἐπουρανίῳ
1545 5505 1901 5577 Ἰερουσαλὴμ

316 5613 618 5685 γενόμενοι,
650 5609 716 5678 ἦν
746 5606 838 5660 ἐπὶ
859 5604 952 5676 τοῦ
979 5604 1243 5675 παρόντος
1277 5601 1544 5685 Ἰουδαίαν
1559 5595 1852 5669 ὠνόμασεν
1871 5600 1902 5658 ὁ

316 5684 494 5776 λόγος,
517 5699 823 5762 ἀκολούθως
847 5701 913 5768 τῇ
933 5695 1088 5780 χώρᾳ
1115 5695 1214 5766 τῆς
1236 5695 1477 5762 ἐπιγείου
1518 5684 1894 5762 Ἰερουσαλὴμ.

320 5798 474 5852 Οὕτω
503 5796 608 5866 γὰρ
638 5791 771 5864 ὁμοῦ
814 5776 1050 5852 καὶτοῖς
1094 5785 1465 5856 ἀκροωμένοις
1501 5782 1595 5837 τοῦ
1635 5776 1904 5836 Ἰουδαίων

317 5889 445 5942 λαοῦ
472 5886 624 5941 παισὶ
651 5880 913 5949 θυμηδίαν
935 5877 1057 5933 τινὰ
1084 5878 1174 5931 καὶ
1203 5874 1512 5946 προτροπὴν
1555 5874 1635 5938 είς
1671 5872 1768 5940 τὴν
1791 5871 1896 5930 τῶν

2010 4671 2338 4734 deduceret;
2368 4677 2487 4723 erat
2533 4676 2718 4722 autem
2766 4665 2893 4720 illud
2941 4664 3316 4726 Moabitarum.
3347 4665 3583 4728 idolum;

2005 4762 2212 4817 idcirco
2262 4761 2377 4814 haec
2415 4774 2534 4829 qua:
2567 4757 2681 4827 jam
2720 4767 3016 4812 tractamus
3043 4797 3060 4822 ,
3085 4756 3260 4826 quasi
3314 4757 3381 4812 de
3430 4757 3584 4827 gravi

2004 4853 2238 4925 quadam
2270 4861 2326 4908 et
2357 4850 2465 4906 Deo
2495 4850 2720 4905 inimica
2753 4850 2950 4905 virtute
2987 4851 3443 4920 praenuntiantur.

2442 5091 2445 5094 ,
2511 5076 2522 5089 .
2564 5028 2791 5085 CAPUT
2829 5026 3050 5101 XXIV)...
3091 5086 3105 5098 _

2013 5167 2016 5172 ι
2079 5129 2243 5183 Vens.
2281 5130 2316 5183 1
2373 5149 2394 5181 ι·
2423 5127 2481 5182 in
2511 5126 2598 5182 illa
2639 5125 2728 5184 die
2765 5123 3064 5178 cantabunt
3099 5111 3367 5178 canticum
3395 5119 3496 5172 hoc
3523 5118 3578 5174 in

2007 5233 2150 5277 terra
2178 5221 2338 5287 Juda,
2377 5222 2650 5275 dicentes.
2677 5235 2696 5270 ι
2747 5215 2877 5271 Post
2922 5213 3313 5285 quam-diem,
3337 5211 3427 5265 ubi
3459 5207 3581 5265 Sal.-

2003 5322 2158 5368 vator
2201 5321 2388 5367 noster
2426 5312 2477 5365 in
2513 5308 2718 5365 cmlesti
2763 5317 2946 5362 monte
2982 5318 3204 5375 regnum
3236 5317 3392 5358 suum
3425 5316 3582 5355 accc-

2003 5405 2165 5473 perit,
2196 5404 2288 5474 qui
2320 5403 2603 5473 promissis
2647 5400 2794 5469 digni
2827 5406 3013 5459 erunt,
3044 5405 3173 5450 tunc
3202 5393 3423 5449 caeleste
3452 5406 3582 5445 can-

2008 5499 2173 5552 ticum
2225 5497 2512 5561 emittent,
2567 5494 2621 5547 in
2673 5489 2878 5547 caelesti
2932 5486 3228 5543 Jerusalem
3277 5483 3580 5563 constituti1t

2004 5607 2164 5662 quam
2206 5591 2262 5644 in
2295 5587 2548 5660 praesenti
2577 5585 2816 5639 Iudaeam
2855 5595 3034 5636 sermo
3063 5583 3356 5646 nuncupat,
3393 5575 3578 5630 habita

2003 5683 2238 5751 regionis
2263 5682 2324 5735 in
2346 5694 2454 5750 qua
2490 5688 2703 5733 terrena
2739 5671 3040 5728 Jerusalem
3069 5669 3172 5724 sita
3209 5681 3314 5731 est,
3345 5667 3576 5729 ratione.

2004 5778 2082 5833 lta
2111 5777 2256 5832 enim
2308 5787 2363 5830 et
2389 5771 2592 5828 Iudaeis
2634 5768 2726 5838 qui
2780 5764 3111 5827 audiebant,
3149 5759 3482 5831 alacritatem
3525 5768 3580 5811 et

2007 5869 2418 5925 incitamentum
2455 5865 2520 5920 ad
2572 5874 2753 5918 rerum
2803 5853 3391 5925 propositarum_spem
3439 5847 3568 5914 indi:
3617 5882 3622 5888 -
