4118 6382
337 313 443 375 273
558 298 560 300 ’
1242 301 1748 360 conmeantum
1786 303 1854 354 tn
1896 307 1923 350 r

2022 306 2151 352 tam.
2193 328 2260 337 -
2295 304 2451 352 ωιτν.
2493 298 2680 350 XLVI.
3457 299 3564 358 ίῖι

330 425 360 480 6
384 420 608 495 ἀσεϐὴς,
642 421 728 475 ῐνα
763 419 838 491 μὴ
871 418 956 492 ἴδῃ
987 415 1083 486 τὴν
1105 414 1261 480 δόξαν
1275 406 1512 488 Κυρίου.
1546 414 1741 487 Κύριε,
1773 414 1912 485 ὑψη-

2022 412 2252 468 Tollatur
2291 413 2510 482 impius,
2547 421 2607 466 ut
2623 425 2728 466 non
2755 411 2933 466 videat
2957 410 3182 484 gloriam
3207 407 3439 464 Domini.
3471 408 3577 465 Do-

330 508 422 574 λός
478 524 572 563 σου
617 508 648 562 ό
697 504 956 577 βραχίων,
1001 505 1099 558 καὶ
1138 504 1238 558 οὐκ
1281 504 1533 575 ᾔδεισαν⁹
1584 506 1803 574 γνόντες
1847 505 1906 558 δὲ

2022 507 2176 572 utine,
2195 504 2470 561 excelsum
2525 501 2804 558 brachium
2835 512 3021 567 tuum,
3072 510 3125 556 et
3159 517 3266 556 non
3314 515 3576 571 cognove-

334 598 840 671 αἱσχυνθήσονται.»
865 596 1123 651 Ταπεινοὶ
1156 596 1265 668 γὰρ
1285 597 1436 660 ὄντες
1465 597 1513 650 ei
1545 596 1780 660 ἀσεϐεῖς,
1812 597 1912 650 καὶ

2022 608 2134 652 rum
2163 617 2179 652 :
2211 597 2449 652 scientes
2471 606 2650 651 autem
2681 594 3023 649 erubescant.
3059 613 3078 645 ο
3120 594 3270 661 lmpii
3293 595 3460 656 etaim,
3489 595 3578 646 ab-

337 691 552 764 μακράν
583 689 952 760 ἀφεστηκότες
975 687 1075 759 τῆς
1107 687 1359 757 γνώσεως
1389 687 1484 741 τοῦ
1513 688 1670 752 Θεοῦ,
1704 691 1762 741 ὲν
1789 689 1916 742 σκόο

2022 692 2136 752 ;ccti
2165 705 2285 746 cum
2321 690 2431 745 sint
2455 732 2468 753 ,
2499 704 2562 744 ac
2597 691 2782 759 procul
2812 690 3120 757 cognitione
3170 688 3260 743 Dei
3297 685 3484 757 positi,
3520 686 3580 740 in

331 799 412 854 τιν
471 780 570 851 τῆς
624 781 791 834 αὑτοῦ
856 779 1077 848 ἀγνοίας
1135 779 1506 834 ἐκαλινδοῦντο
1532 795 1548 811 ο
1618 779 1754 834 ἀλλά
1811 782 1910 850 τῆς

334 868 559 923 καθόλου
593 867 847 938 γνώσεως
875 867 1198 939 ἐπιστάσης,
1237 868 1561 939 θεασάμενοι
1589 869 1680 922 τὸν
1712 868 1911 938 ὑψηλὸν

337 957 595 1031 βραχίονα
651 960 702 1014 οἱ
764 961 932 1014 πάλαι
984 959 1147 1014 αὑτὸν
1205 959 1283 1024 ὡς
1343 961 1419 1032 μὴ
1477 961 1608 1015 ὄντα
1667 961 1911 1032 βλασφηο

341 1049 587 1122 μοῦντες,
630 1049 928 1104 παύσονται
969 1050 1072 1120 τῆς
1113 1050 1370 1114 ἀπονοίας
1414 1051 1646 1124 αἰσχύνῃ
1685 1052 1914 1121 κατεχό-

341 1157 516 1213 μενοι.

414 1251 435 1286 ι
472 1233 640 1306 Ζῆλος
667 1233 896 1307 λήψεται
916 1232 1044 1288 λαδν
1085 1233 1434 1306 ἀπαίδευτον,
1470 1252 1491 1286 ι
1528 1233 1830 1286 Δίνίττεται
1857 1231 1916 1287 δὲ

336 1321 463 1388 τοὺς
497 1323 562 1376 ἐκ
591 1325 890 1394 περιτομῆς
921 1322 998 1394 μὴ
1035 1321 1501 1392 καταδεξαμένους
1538 1323 1636 1393 τὴν
1662 1323 1748 1376 διὰ
1778 1323 1916 1394 Χρι-

341 1413 467 1468 στοῦ
483 1415 662 1488 χάριν.
685 1434 703 1465 ι
728 1416 834 1468 Καὶ
855 1414 949 1467 νῦν
979 1414 1090 1484 πῦρ
1119 1415 1242 1478 τοὺς
1272 1414 1618 1477 ὑπεναντίους
1647 1413 1820 1467 ἔδεται
1838 1430 1852 1443 ·
1890 1432 1912 1467 ι

339 1505 418 1570 ὡς
475 1505 544 1560 ἂν
595 1506 868 1575 ἀποφάσει
922 1504 1460 1582 ὑποϐληοησομένους
1513 1507 1579 1576 τῇ
1644 1503 1914 1578 λεγούσῃ.

346 1619 368 1656 ο
398 1601 698 1673 Πορεύεσθε
732 1602 812 1665 είς
833 1603 894 1654 τδ
922 1599 1033 1672 πῦρ
1071 1601 1132 1653 τὸ
1179 1598 1393 1654 αἰώνιον
1427 1600 1488 1653 τὸ
1520 1599 1918 1671 ἡτοιμασμένον

337 1692 419 1765 τῷ
466 1672 695 1763 διαϐόλῳ
747 1694 842 1746 καὶ
887 1695 1000 1756 τοῖς
1038 1691 1288 1760 ἀγγέλοις
1316 1691 1504 1746 αὐτοῦ.
1547 1711 1567 1746 ι
1616 1691 1830 1764 Ἐπειδὴ
1857 1692 1919 1745 τὸ

339 1782 458 1854 φῶς
491 1784 591 1838 οὐκ
619 1783 902 1850 ἐδέξαντο..
922 1783 1384 1856 παραδοθήσονται
1416 1783 1493 1856 τῷ
1531 1782 1667 1858 πυρὶ
1713 1784 1807 1838 καὶ
1838 1784 1916 1855 τῷ
1950 1771 1994 1826 Β

344 1875 548 1930 σκότει.

414 1983 435 2018 ι
465 1965 636 2038 Κύριε
695 1967 724 2020 ό
767 1965 898 2030 Θεὸς
936 1965 1111 2037 ἡμῶν,
1147 1966 1368 2038 εἰρήνην
1404 1966 1492 2030 δὸς
1517 1968 1647 2038 ήμῖν
1671 1984 1688 1998 '
1740 1969 1920 2023 πάντα

339 2053 450 2131 γὰρ
503 2057 788 2120 ἀπέδωκας
849 2058 1002 2126 ἡμῖν.
1047 2056 1221 2129 Κύριε
1269 2059 1298 2111 ὁ
1337 2057 1470 2122 Θεὸς
1507 2058 1684 2130 ἡμῶν,
1722 2060 1922 2131 κτῆσαι

342 2147 506 2220 ἡμᾶς.
538 2147 730 2220 Κύριε,
760 2148 915 2213 ἐκτὸς
941 2148 1034 2202 σοῦ
1066 2149 1222 2203 ἄλλον
1250 2151 1348 2203 οὐκ
1375 2151 1596 2223 οἴδαμεν
1614 2168 1629 2183 ο
1661 2151 1722 2206 τὸ
1749 2153 1922 2223 ὄνομά

345 2257 440 2294 σου
466 2239 823 2312 ὀνομάζομεν.
863 2261 880 2293 ι
912 2242 1067 2296 Καλὰ
1105 2245 1203 2316 μὲν
1235 2243 1342 2315 γάρ
1376 2244 1470 2297 καὶ
1502 2243 1568 2298 τὰ
1597 2244 1731 2300 ἄλλα
1769 2247 1922 2317 παρὰ

349 2329 440 2382 σοῦ
475 2330 649 2384 πάντα
671 2348 685 2362 ·
715 2332 776 2385 τὸ
805 2332 862 2385 δὲ
887 2332 1146 2403 μέγιστον
1165 2333 1334 2406 δῶρον
1367 2337 1402 2406 ἡ
1435 2335 1586 2407 παρὰ
1622 2335 1736 2401 σοῦ,
1770 2339 1918 2410 καὶή

347 2421 484 2494 πρὸς
506 2422 695 2476 ἑαυτὸν
730 2425 922 2496 εἰρήνη
958 2427 1236 2497 τυγχάνει,
1272 2426 1339 2481 ἵν’
1371 2428 1718 2482 ἀστασίαστοι
1753 2423 1920 2500 ὦμεν,

346 2513 442 2567 καὶ
465 2513 791 2586 χρονεύουσα
817 2518 949 2588 πρὸς
971 2519 1030 2571 σὲ
1059 2519 1348 2584 διαπαντὸς
1369 2519 1683 2588 φυλάττοιτο
1713 2522 1861 2593 ἡμῶν
1888 2525 1927 2594 ἡ

342 2601 511 2675 ψυχή.
547 2603 716 2659 Τοῦτο
745 2605 790 2659 δ’
811 2607 876 2660 ἂν
903 2607 1127 2677 γένοιτο,
1161 2613 1209 2663 εί
1239 2610 1552 2685 καταξιὼσῃ
1584 2615 1767 2684 κτῆμα
1802 2631 1924 2668 σαν-

343 2694 437 2748 τοῦ
487 2696 616 2749 [διον
647 2697 900 2767 γενέσθαι
934 2702 1111 2771 ἡμᾶς’
1141 2704 1262 2757 ἐπεὶ
1290 2704 1380 2756 κα)⁸
1419 2706 1580 2774 ἡμεῖς
1621 2707 1721 2759 οὐκ
1764 2706 1923 2760 ἄλλον

342 2783 465 2839 τινὰ
492 2786 711 2858 οἴδαμεν
743 2788 774 2859 ἢ
811 2788 892 2854 σὲ,
921 2791 1014 2845 καὶ
1051 2794 1197 2865 μόνῳ
1235 2794 1312 2866 τῷ
1337 2796 1561 2868 ὀνόματί
1594 2814 1688 2850 σου
1727 2797 1924 2872 τεθαρ-

347 2877 610 2949 ρήκαμεν.
675 2880 803 2934 Ὅτε
866 2883 1048 2937 τοίνυν
1110 2885 1301 2941 οὐδένα
1360 2889 1544 2960 ἕτερον
1581 2890 1923 2962 ἐκεκτήμεθα

345 2966 404 3020 ὲν
466 2967 545 3039 τῷ
613 2969 714 3042 βίῳ
773 2971 806 3044 ἢ
872 2972 953 3040 σὲ,
1023 2975 1246 3040 εἰκότως
1301 2976 1687 3049 ἀντιϐολοῦμεν
1753 2996 1924 3035 κατα-

2013 782 2249 840 tenebris
2299 782 2416 850 ejus
2463 781 2782 849 ignorantia:
2812 781 3190 835 volutabantur
3225 797 3238 834 :
3270 793 3459 833 verum
3488 778 3582 832 ad-

2015 875 2264 928 veniente
2299 872 2388 926 illa
2430 872 2722 926 universali
2776 871 3118 942 cognitione,
3160 870 3404 925 videntes
3454 870 3580 924 bra-

2013 966 2195 1021 chium
2242 965 2370 1020 illud
2415 963 2690 1018 excelsum
2743 964 2777 1017 ii
2805 1003 2820 1024 ,
2853 966 2942 1032 qui
2983 963 3110 1016 olim
3139 964 3260 1018 éum
3288 947 3440 1033 quasi
3475 975 3580 1015 non

2013 1055 2365 1112 exsistentem
2398 1053 2729 1124 blaSpbemis
2777 1054 2939 1108 dictis
2982 1054 3345 1119 incessebant,
3375 1051 3584 1122 pudore

2014 1145 2194 1201 allecti
2229 1145 2454 1199 msanim
2485 1145 2648 1198 linem
2682 1143 2904 1196 facient.

2091 1261 2111 1293 ι
2147 1240 2306 1295 Zelus
2332 1238 2701 1309 appreltendet
2725 1237 2974 1308 pupulum
3006 1237 3354 1294 ineruditum.
3382 1254 3402 1288 ι
3443 1233 3584 1289 Sub-

2015 1334 2216 1389 indicat
2258 1347 2352 1388 eos
2388 1347 2456 1387 ex
2505 1331 2919 1386 circumcisione
2947 1370 2961 1392 ,
3002 1330 3092 1399 qui
3122 1329 3348 1398 gratiam
3379 1325 3582 1381 Christi

2019 1440 2126 1481 non
2157 1422 2386 1494 amplexi
2434 1431 2598 1485 sunt;
2642 1439 2660 1472 ‹
2696 1419 2762 1474 Et
2796 1419 2910 1488 jam
2955 1420 3092 1491 ignis
3125 1418 3464 1473 adversarios
3492 1416 3586 1472 de-

2017 1526 2205 1582 vorat;
2250 1495 2272 1567 ί
2329 1525 2517 1584 utpote
2543 1514 2636 1583 qui
2683 1514 2968 1568 sententia:
3014 1509 3334 1581 subjiciendi
3370 1509 3587 1563 sintdi-

2018 1611 2186 1673 ccuti,
2227 1628 2246 1660 ι
2281 1607 2546 1662 Discedite
2593 1609 2646 1660 in
2701 1605 2880 1672 ignem
2905 1613 3194 1668 aeternum,
3223 1611 3582 1672 praeparatum

2020 1703 2236 1757 diabolo
2267 1711 2320 1756 et
2350 1700 2556 1770 angelis
2580 1699 2698 1768 ejus
2726 1698 2789 1751 ³⁷.
2826 1715 2844 1750 ι
2895 1696 3033 1763 Quia
3083 1695 3256 1751 lucem
3283 1709 3391 1748 non
3429 1700 3587 1746 aeceo

2023 1804 2236 1866 perunt,
2279 1794 2385 1862 igni
2420 1809 2484 1846 ac
2510 1789 2748 1845 tenebris
2778 1791 3078 1844 tradentur.

2092 1972 2254 2026 Vsus.
2285 1971 2370 2036 19.,
2410 1970 2498 2023 15.
2529 1988 2548 2023 ι
2588 1968 2811 2025 Domine
2844 1966 2987 2021 Deus
3039 1975 3243 2030 noster,
3289 1975 3476 2033 pacem
3521 1960 3592 2012 da

2021 2063 2176 2118 nobis
2208 2081 2224 2117 :
2253 2061 2431 2116 oinuia
2457 2061 2602 2116 enim
2630 2059 2824 2115 dedisti
2857 2057 3031 2112 nobis.
3071 2056 3291 2110 Domine
3323 2053 3466 2110 Deus
3495 2066 3596 2105 no-

2021 2162 2155 2217 ster,
2187 2152 2398 2221 posside
2437 2165 2535 2205 nos
2569 2168 2584 2204 :
2620 2149 2865 2213 Domine,
2896 2159 3049 2203 extra
3075 2156 3124 2198 te
3153 2144 3315 2198 alium
3351 2158 3460 2197 non
3492 2155 3588 2196 no-

2020 2243 2199 2297 vimus
2235 2260 2251 2296 :
2289 2257 2482 2297 nomen
2525 2250 2673 2295 tuum
2713 2241 3054 2295 invocamus.
3086 2237 3201 2290 Alia
3232 2235 3430 2306 quippe
3467 2249 3589 2288 om-

2025 2334 2114 2390 nia
2141 2334 2238 2388 abs
2273 2345 2323 2386 te
2345 2335 2468 2388 data
2499 2333 2700 2403 optima
2727 2340 2854 2386 sunt
2888 2349 2903 2386 :
2935 2331 3034 2385 sed
3055 2329 3298 2383 onmium
3325 2327 3588 2380 donorum

2025 2427 2320 2481 maximum
2354 2434 2459 2491 est,
2483 2440 2589 2493 pax
2634 2424 2724 2478 illa
2754 2437 2874 2492 qua:
2904 2424 3002 2477 abs
3034 2432 3087 2476 te
3121 2418 3504 2491 proﬁciscitur,
3537 2427 3594 2472 et

2023 2533 2182 2588 quam
2212 2517 2489 2572 uobiscum
2536 2515 2798 2570 habemus
2824 2554 2842 2578 ,
2875 2523 2935 2567 ut
2981 2513 3096 2567 sine
3133 2511 3361 2566 tumultu
3389 2520 3444 2564 et
3474 2523 3594 2563 mu-

2025 2611 2228 2667 tatione
2265 2611 2544 2678 degamus,
2593 2619 2882 2676 annuaque
2927 2614 3112 2660 nostra
3138 2602 3232 2656 tibi
3259 2614 3472 2670 semper
3498 2613 3593 2653 va-

2024 2716 2155 2757 cans
2183 2712 2450 2756 servetur.
2487 2698 2541 2753 ld
2588 2706 2766 2751 autem
2821 2697 3099 2763 inveniet,
3147 2693 3193 2747 si
3239 2707 3336 2747 nos
3369 2692 3482 2760 ipse
3539 2689 3592 2742 in

2025 2792 2296 2865 propriam
2333 2791 2426 2846 tibi
2453 2789 2854 2861 possessionem
2895 2788 3095 2844 habere
3124 2786 3365 2856 digneris
3406 2803 3421 2840 :
3467 2786 3599 2855 quia

2027 2902 2128 2943 uos
2173 2901 2277 2942 non
2317 2886 2482 2939 alium
2517 2883 2768 2938 novimus
2795 2891 2990 2952 praeter
3037 2891 3126 2948 te,
3158 2890 3214 2935 et
3265 2880 3318 2933 in
3353 2879 3468 2934 solo
3499 2895 3595 2932 no-

2029 2979 2174 3034 mine
2205 2989 2298 3034 tuo
2323 2975 2664 3032 conﬁdimus.
2688 2972 2822 3029 Cum
2853 2974 3017 3044 igitur
3045 2972 3099 3028 in
3127 2973 3233 3026 vita
3265 2981 3450 3025 nostra
3487 2985 3601 3024 non

345 3054 601 3128 ξιωθῆναι
653 3059 752 3129 τῆς
804 3061 902 3131 σῆς
954 3063 1206 3133 γενέσθαι
1257 3065 1474 3137 μερίδος
1528 3068 1621 3122 καὶ
1673 3069 1768 3123 τοῦ
1827 3071 1922 3125 σοῦ

2029 3069 2192 3124 alium
2227 3083 2388 3139 quam
2428 3077 2478 3122 te
2509 3065 2949 3135 possedcrimus;
2974 3063 3100 3133 jure
3125 3069 3601 3134 rogamusmttum

347 3149 570 3220 κλήρου.

423 3258 444 3292 ι
486 3243 549 3295 οἱ
590 3242 650 3296 δὲ
677 3245 860 3316 νεκροὶ
887 3244 1028 3317 ζωὴν
1063 3247 1124 3300 οὐ
1155 3248 1229 3320 μὴ
1262 3248 1466 3316 ἴδωσιν,
1493 3252 1614 3306 οὐδὲ
1659 3255 1834 3327 ίατροὶ
1862 3255 1924 3306 οὐ

352 3330 430 3403 μὴ
447 3332 813 3405 ἀγαπήσωσι.
846 3339 945 3391 Διὰ
971 3339 1130 3392 τοῦτο
1161 3341 1466 3412 ἀπήγαγες,
1501 3345 1595 3398 καὶ
1615 3345 1926 3410 ἀπώλεσας,

348 3423 444 3477 καὶ
472 3418 612 3496 ἦρας
635 3427 743 3479 πᾶν
775 3427 939 3498 ἄρσεν
968 3429 1162 3484 αὐτῶν.
1205 3451 1223 3484 ι
1271 3435 1460 3503 Ἡμεῖς
1489 3436 1588 3508 μὲν
1620 3435 1736 3502 οὖν,
1770 3440 1922 3509 φησὶ,

352 3514 434 3567 σοι
464 3515 650 3586 ἐσμὲν,
679 3516 870 3590 Κύριε,
894 3520 988 3574 καὶ
1021 3524 1084 3576 σὺ
1114 3523 1176 3577 τὸ
1207 3524 1470 3599 ἡμέτερον
1501 3529 1763 3601 ὑπάρχεις
1789 3531 1928 3602 κτῆο

348 3620 424 3676 μα
441 3621 454 3635 ο
482 3608 530 3659 οί
555 3606 611 3660 δὲ
633 3611 749 3672 ταῖς
770 3605 905 3682 πρὸς
925 3611 1150 3668 θάνατον
1183 3616 1476 3689 ἁμαρτίαις
1505 3620 1731 3684 ἑαυτοὺς
1753 3620 1928 3674 ἐκδόν-

345 3713 455 3762 τες,
489 3699 581 3752 καὶ
610 3698 697 3753 διὰ
722 3701 881 3756 τοῦτο
900 3706 1086 3776 νεκροὶ
1110 3706 1208 3772 τάς
1233 3708 1407 3780 ψυχάς
1433 3711 1712 3781 γενόμενοι
1731 3728 1745 3742 ·
1784 3731 1803 3763 ι
1825 3713 1928 3781 ψυ-

345 3787 413 3861 χὴ
451 3809 470 3841 ι
507 3791 618 3862 γὰρ
659 3811 677 3843 ι
716 3793 1128 3869 ἁμαρτάνουσα,
1178 3799 1316 3870 αὓτη
1343 3801 1730 3856 ἀποθανεῖταιο
1769 3823 1788 3855 ι
1827 3806 1932 3876 τὴν

344 3881 398 3934 δὲ
423 3883 840 3956 ἐπηγγελμένην
867 3891 978 3950 τοῖς
1005 3890 1180 3958 ἁγίοις
1213 3891 1428 3945 αἰώνιον
1456 3893 1600 3965 ζωὴν
1640 3897 1740 3949 οὐκ
1766 3897 1924 3967 ὄψον-

345 3987 453 4036 ται,
480 3972 600 4026 οὐδὲ
645 3975 814 4047 ἰατροί
851 3976 1014 4030 ποθεν
1054 3979 1372 4044 ἐπιστάντες
1405 3984 1544 4036 κατὰ
1569 3985 1660 4037 τὸν
1681 3985 1781 4055 τῆς
1803 3986 1926 4058 κρίο

346 4079 482 4127 σεως
513 4065 700 4136 καιρὸν
729 4067 1046 4139 δυνήσονται
1069 4069 1250 4134 αὐτοῖς
1271 4075 1631 4147 ἐπικουρῆσαι
1662 4077 1798 4149 πρὸς
1824 4097 1927 4133 σω-

351 4155 556 4228 τηρίαν,
611 4157 719 4210 οὐδ’
761 4157 827 4212 ἂν
867 4160 1168 4232 ἀναστῆσαι
1215 4163 1393 4218 αὐτῶν
1426 4166 1527 4238 τὴν
1565 4168 1791 4224 πτῶσιν.
1819 4171 1926 4235 Οὓς

345 4247 453 4320 γὰρ
487 4248 550 4302 σὺ
579 4251 609 4302 ό
634 4249 806 4320 μέγας
834 4253 928 4305 καὶ
956 4253 1182 4326 φοϐερὸς
1216 4257 1308 4310 καὶ
1331 4256 1537 4324 δίκαιος
1567 4261 1760 4332 κρίτης
1781 4279 1925 4336 παρ-

347 4337 555 4406 έδωκας
613 4341 876 4414 ἀπωλείᾳ,
937 4344 1019 4408 τίς
1087 4347 1287 4420 ίατρῶν
1345 4348 1716 4408 διασώσασθαι
1757 4353 1926 4427 δυνη-

347 4446 497 4484 σεται
517 4448 532 4497 ;

422 4540 442 4575 ι
475 4522 574 4577 Διὰ
598 4525 750 4578 τοῦτο
782 4527 1065 4600 ἀπήγαγες
1091 4529 1186 4582 καὶ
1210 4531 1516 4598 ἀπώλεσας,
1543 4537 1634 4589 καὶ
1653 4533 1792 4610 ἦρας
1811 4541 1923 4594 πᾶν

345 4612 514 4686 ἄρσεν
577 4615 772 4672 αὐτῶν.
814 4637 834 4670 ι
891 4619 1036 4672 Ἀντὶ
1096 4621 1154 4674 δὲ
1214 4621 1333 4686 τοῦ,
1391 4640 1411 4674 σ
1469 4625 1560 4677 καὶ
1618 4622 1759 4698 ἦρας
1812 4631 1921 4683 πᾶν

347 4706 512 4779 ἄρσεν
545 4706 746 4771 αὐτῶν,
791 4727 810 4760 ι
856 4709 885 4762 ό
924 4710 1237 4782 Σύμμαχος,
1277 4732 1296 4764 ι
1332 4716 1510 4768 πᾶσαν
1554 4717 1652 4787 τὴν
1700 4721 1924 4792 μνήμην

348 4799 527 4853 αὐτῶν
557 4815 571 4830 ⁸
603 4819 623 4852 ι
654 4800 753 4854 όδὲ
793 4801 1131 4872 Ἀκύλαςκαὶ
1152 4804 1460 4870 Θεοδοτίων,
1497 4827 1515 4858 ι
1556 4812 1662 4863 πᾶν
1691 4811 1750 4864 τὸ
1781 4831 1920 4884 μνη-

351 4892 580 4961 μόσυνον
617 4892 795 4946 αὐτῶν
830 4912 848 4946 ι
870 4894 1242 4966 ἡρμήνευσαν.
1270 4897 1418 4950 Ἔδει
1443 4899 1551 4972 γὰρ
1580 4903 1759 4955 πᾶσαν
1791 4906 1922 4975 μνή-

1952 4463 2003 4521 ι)

2027 3162 2289 3233 portionis
2315 3170 2365 3213 et
2391 3160 2554 3213 sortis
2583 3173 2702 3212 esse
2731 3171 3060 3212 mereamur.

2097 3246 2260 3302 Vsus.
2305 3249 2388 3299 14.
2441 3263 2460 3296 ι
2519 3243 2716 3299 Murmi
2761 3254 2940 3298 autem
2974 3243 3142 3298 vitam
3178 3259 3283 3298 non
3316 3242 3602 3306 videbunt,

1998 3354 2206 3428 ’ncque
2238 3337 2430 3392 medici
2469 3336 2836 3391 suscitabunt.
2867 3335 2989 3390 ideo
3035 3335 3309 3390 abduxisti
3336 3375 3352 3402 ,
3387 3345 3442 3390 et
3473 3349 3601 3406 per-

2025 3429 2234 3492 didisti,
2263 3435 2320 3482 et
2351 3426 2620 3482 sustulisti
2656 3439 2822 3480 omne
2871 3424 3170 3479 masculum
3198 3439 3410 3480 eorum.
3439 3443 3459 3477 ι
3489 3424 3609 3482 Nos

2026 3519 2270 3591 quidem,
2302 3519 2402 3582 ait,
2429 3516 2503 3572 tui
2533 3531 2722 3573 smnus
2742 3555 2758 3582 ,
2786 3517 3011 3570 Domine
3032 3557 3051 3584 ,
3083 3525 3138 3570 ct
3165 3526 3220 3570 tu
3251 3525 3434 3571 nostra
3471 3531 3599 3584 pos-

2026 3612 2202 3668 sessio
2233 3626 2329 3676 es;
2361 3608 2458 3677 qui
2491 3622 2620 3662 vero
2647 3622 2769 3663 sese
2802 3609 3042 3678 peccatis
3068 3608 3141 3662 ad
3181 3619 3412 3664 mortem
3442 3609 3604 3663 dedi-

2025 3703 2243 3770 derunt,
2308 3702 2540 3769 ideoque
2592 3699 2880 3754 animabus
2944 3702 3143 3754 mortui
3200 3710 3326 3755 sunt
3394 3718 3412 3757 :
3473 3715 3600 3755 nam

2031 3815 2052 3848 ι
2077 3795 2255 3850 anima
2274 3809 2394 3864 qua:
2415 3793 2742 3864 peccaverit,
2776 3793 2888 3862 ipsa
2911 3792 3171 3847 morietur
3194 3809 3206 3844 :
3229 3810 3249 3845 ι
3274 3792 3600 3863 promissam

2025 3885 2228 3943 sanetis
2260 3895 2518 3940 mternam
2551 3884 2715 3938 vitam
2750 3899 2856 3938 non
2888 3882 3168 3947 videbunt,
3200 3897 3373 3954 neque
3403 3882 3602 3940 medici

2026 3980 2389 4049 undecunque
2434 3979 2700 4033 accedant
2735 3977 2926 4049 judicii
3000 3985 3281 4049 tempore,
3343 3987 3602 4047 pateruut

2028 4074 2159 4146 ipsis
2187 4086 2343 4142 opem
2373 4072 2438 4126 ad
2471 4071 2700 4126 salutem
2743 4069 2993 4125 conferre
3017 4110 3038 4136 ,
3067 4086 3239 4142 neque
3264 4085 3358 4126 eos
3379 4071 3448 4124 ab
3476 4071 3598 4125 exi-

2027 4168 2102 4222 tio
2128 4165 2416 4222 suscitare.
2446 4163 2502 4219 Si
2533 4164 2755 4235 quidem
2783 4178 2922 4232 quos
2951 4171 3005 4218 tu
3031 4204 3051 4228 ,
3077 4180 3304 4235 magne,
3337 4163 3604 4220 terribilis

2025 4269 2080 4316 et
2118 4259 2266 4330 juste
2293 4257 2467 4315 Iudex
2497 4298 2518 4323 ,
2542 4259 2801 4329 perniciei
2853 4257 3120 4314 tradidisti
3148 4298 3164 4321 ,
3195 4257 3318 4327 quis
3346 4255 3601 4313 medicus.

2023 4364 2240 4408 scrvare
2266 4351 2462 4423 poterit
2486 4351 2514 4405 l‘

2103 4551 2123 4584 ι
2163 4531 2286 4590 ldeo
2316 4531 2589 4587 abduxisti
2623 4541 2676 4587 et
2708 4531 3027 4602 perdidisti,
3068 4541 3122 4586 et
3151 4531 3419 4586 sustulisti
3437 4548 3609 4590 omne

2028 4623 2329 4678 masculum
2377 4637 2586 4676 eorum.
2634 4641 2656 4675 ι
2688 4621 2794 4676 Pro
2825 4622 2915 4677 illo
2945 4633 3124 4678 autem
3155 4661 3170 4684 ,
3205 4640 3224 4675 ι
3254 4633 3308 4680 et
3329 4624 3599 4680 sustulisti

2023 4715 2185 4770 olliii‘e
2215 4711 2514 4769 masculum
2553 4729 2740 4768 eorum
2769 4755 2783 4779 ,
2827 4732 2847 4767 ι
2883 4707 3240 4786 Symmachus
3266 4754 3284 4780 ,
3323 4733 3343 4768 ι
3378 4730 3596 4772 omnem

2026 4808 2344 4864 memoriam
2399 4821 2617 4874 eorum;
2656 4827 2676 4860 ι
2713 4807 2908 4878 Aquila
2964 4823 3092 4864 vero
3139 4818 3196 4864 et
3243 4806 3544 4865 Tbeodotio
3579 4852 3597 4876 ,

2029 4917 2052 4953 ι
2088 4913 2248 4954 onmc
2280 4899 2592 4955 memoriale
2619 4916 2830 4965 eorum,
2870 4920 2890 4952 ι
2925 4901 3260 4972 interpretati
3293 4913 3440 4958 sunt.
3493 4901 3601 4957 Par

353 4999 459 5053 μην
491 4982 688 5048 κακίας
730 4983 959 5057 ἀρθῆναι
1002 4986 1142 5040 κατὰ
1191 4987 1278 5040 τὸν
1299 4989 1626 5061 δηλούμενον
1675 4994 1774 5065 τῆς
1806 4996 1923 5066 κρί-

2022 5001 2139 5048 erat
2168 4993 2312 5047 enim
2345 5002 2646 5048 memorato
2689 4992 2878 5062 judicii
2915 5004 3157 5065 tempore
3181 5037 3196 5060 ,
3226 5011 3444 5051 ontuem
3497 5011 3597 5050 ue-

353 5088 488 5136 σεως
542 5076 750 5147 καιρόν.
792 5077 854 5131 Ei
905 5076 962 5130 δὲ
1003 5077 1233 5146 λέγοιτο,
1269 5099 1286 5130 ι
1321 5082 1429 5134 πᾶν
1467 5083 1630 5154 άρσεν
1662 5085 1862 5151 αὐτῶν,
1902 5106 1923 5138 s

359 5162 549 5234 πολλὴν
581 5167 787 5234 εἰσάγει
808 5168 904 5240 τὴν
925 5169 1332 5243 φιλανθρωπίαν
1365 5174 1394 5226 ό
1424 5173 1579 5243 λόγος
1599 5192 1612 5206 °
1649 5177 1724 5240 ὡς
1747 5179 1926 5233 αὐτῶν

291 5285 296 5292 ι
353 5255 451 5326 μὲν
475 5255 865 5329 ἡμαρτηκότων
907 5261 981 5334 μὴ
1027 5263 1328 5333 μελλόντων
1361 5266 1738 5336 ἀφανίζεσθαι,
1789 5272 1928 5342 μηδὲ

354 5351 429 5412 τίς
452 5349 512 5402 τὸ
527 5350 782 5416 παντελὲς
805 5355 1132 5411 ἀπόλλυσθαι
1153 5375 1166 5386 ·
1199 5359 1307 5412 τῶν
1327 5359 1384 5412 δὲ
1401 5365 1751 5434 γεννημάτων
1779 5363 1921 5418 οὓτω

355 5439 710 5511 δηλουμένων,
765 5437 839 5498 ὧν
885 5447 918 5516 ἡ
975 5448 1119 5521 ψυχὴ
1169 5451 1350 5505 αὐτῶν
1407 5454 1702 5528 γεγέννηκε
1771 5455 1917 5525 λογι-

354 5531 502 5602 σμῶν
525 5533 793 5604 πονηρῶν,
820 5535 1022 5592 τούτων
1051 5543 1354 5616 ἀφανισμὸν
1373 5545 1696 5618 γενήσεσθαί
1727 5564 1913 5618 φησιν.

418 5731 456 5762 "
493 5732 676 5789 Matth.
715 5750 843 5792 ιη.
876 5737 964 5792 Η.

2022 5085 2205 5152 quiti-.c
2243 5077 2563 5140 memoriam
2590 5086 2658 5141 de
2687 5086 2865 5141 medio
2892 5087 3028 5140 tolli.
3067 5087 3220 5154 Quod
3252 5088 3297 5142 si
3325 5088 3609 5151 dicamus,

2028 5194 2049 5229 ι
2078 5192 2240 5232 omne
2277 5177 2575 5232 masculum
2611 5194 2823 5245 COI‘lIlIl,
2867 5197 2887 5233 ι
2922 5194 3174 5249 magnam
3222 5194 3401 5234 sermo
3450 5193 3594 5248 prae-

2027 5269 2129 5325 fert
2167 5272 2583 5338 humanitatem,
2636 5273 2793 5342 quasi
2824 5272 3032 5330 scilicet
3058 5289 3164 5330 non
3196 5274 3296 5343 ipsi
3334 5281 3590 5342 peccato-

2029 5379 2118 5419 res
2144 5363 2355 5420 delendi
2386 5381 2451 5420 ac
2495 5363 2738 5421 funditus
2788 5365 3044 5435 perdendi
3075 5367 3208 5431 siut,
3256 5364 3350 5419 sed
3399 5377 3591 5417 eorum

2026 5457 2166 5510 l'ezus
2191 5495 2207 5520 ,
2243 5470 2380 5525 quos
2423 5471 2610 5512 eorum
2643 5459 2824 5511 anima
2856 5457 3066 5527 peperit
3089 5493 3108 5520 ,
3163 5454 3314 5509 mala:
3340 5452 3614 5509 videlicet.

2023 5547 2402 5619 cogitationes,
2433 5549 2498 5603 de
2534 5550 2710 5604 medio
2737 5548 2984 5605 tollendae
3009 5547 3136 5603 sint.
