4118 6396
530 297 669 353 275'

1211 297 1494 355 EUSEBII
1519 299 1996 359 CESARIENSIS
2027 296 2183 359 OPP.‘
2217 303 2398 362 PARS
2435 302 2525 360 Ill.
2563 300 2636 346 -ἑ
2666 300 3080 361 EXEGETICA.

3680 300 3789 360 27B

604 410 787 475 Vens.
822 414 893 470 l5
920 453 936 480 ,
980 415 1071 474 16.
1108 435 1127 467 ι
1166 415 1315 472 Adde
1340 417 1421 473 eis
1449 419 1585 472 mala
1612 458 1630 483 ,
1679 419 1907 476 Domine
1929 461 1945 486 ,
1973 421 2109 477 adde

2286 439 2307 474 ι
2334 421 2576 494 Πρόσθες
2607 421 2790 486 αὐτοῖς
2823 420 2991 484 κακά,
3014 419 3209 491 Κύριε,
3241 417 3478 490 πρόσθες
3507 416 3655 477 κακὰ
3683 421 3795 484 τοῖς

536 508 678 565 mala
723 508 972 580 gloriosis
1020 518 1199 565 terrae.
1250 512 1515 575 Domine,
1558 512 1611 566 in
1644 513 1992 569 tribulatione
2025 530 2109 569 re-

537 600 743 655 cordati
776 616 964 655 sumus
992 601 1066 654 tui
1107 624 1118 656 :
1157 603 1208 655 in
1242 603 1593 658 tribulatione
1620 621 1784 674 parva
1825 606 2117 677 disciplina

536 699 633 746 tua
659 692 837 749 nobis.
877 710 896 743 ι
932 692 1195 759 Quoniam
1228 694 1551 749 universalis
1573 695 1765 764 judicii
1790 697 1964 752 locum
1988 714 2112 754 con-

538 781 829 850 templatur
857 782 1144 851 propheta,
1175 798 1273 838 ceu
1301 782 1508 852 judicio
1541 801 1800 855 przesens,
1845 802 1907 842 ac
1935 789 2108 845 tribu-

538 872 648 926 nali
683 872 775 927 Dei
825 883 1047 940 astans;
1087 889 1185 943 pro
1212 875 1529 931 conditione
1554 892 1733 932 rerum
1761 895 1895 948 quas
1923 882 2065 935 videt
2089 922 2107 948 ,

531 964 694 1019 modo
725 964 1035 1029 conﬁtetur,
1066 968 1228 1022 modo
1256 978 1535 1037 precatur,
1569 972 1727 1025 modo
1754 972 1954 1043 gratias
1976 974 2105 1043 agit,

530 1069 656 1110 mox
681 1054 858 1126 dignis
892 1072 921 1109 a
956 1057 1066 1111 Deo
1102 1073 1201 1128 pro
1250 1058 1446 1113 merito
1481 1061 1687 1117 dandas
1722 1065 2109 1120 retributiones

522 1155 772 1205 enarrat.
820 1145 944 1201 Haec
995 1162 1161 1218 porro
1195 1152 1377 1204 omnia
1430 1152 1587 1206 nobis
1619 1168 1716 1221 per
1770 1152 2117 1224 Scripturatn

531 1250 685 1292 suam
712 1236 889 1306 oert,
926 1248 986 1292 ut
1015 1241 1387 1307 instituantur,
1414 1245 1591 1299 edocti
1625 1246 1806 1298 omnia
1843 1261 1962 1315 quas
1994 1245 2109 1316 ipse

528 1341 598 1384 ex
630 1330 796 1385 divini
828 1332 1064 1400 Spiritus
1095 1333 1455 1391 illustratione
1502 1347 1749 1392 noverat.
1799 1337 1866 1392 Et
1916 1353 2057 1393 nunc
2089 1379 2104 1403 ,

531 1421 748 1494 inquit,
788 1424 1054 1492 Domine,
1090 1442 1215 1482 cum
1249 1438 1460 1499 tempus
1496 1430 1746 1494 adesset,
1794 1430 1849 1485 in
1882 1440 2115 1501 angusta

535 1524 594 1571 et
622 1523 774 1571 arcta
803 1519 888 1571 via
930 1516 1261 1581 incedentes,
1280 1533 1378 1589 pro
1400 1520 1598 1587 pietate
1622 1522 2103 1577 concertabamus:

528 1623 720 1663 verum
770 1607 825 1663 in
861 1606 1148 1663 aﬂlictione
1199 1598 1290 1664 illa
1326 1649 1343 1673 ,
1396 1626 1735 1681 nequaquam
1766 1627 1983 1669 eramus
2030 1615 2106 1669 tui

530 1700 882 1756 immemores
910 1718 929 1757 :
960 1702 1054 1757 sed
1081 1703 1457 1757 recordatione
1498 1704 1572 1758 tui
1617 1706 1955 1760 corroborati
2015 1723 2110 1777 pa-

2210 514 2442 580 ἐνδόξοις
2464 515 2563 586 τῆς
2589 515 2717 585 γῆς.
2743 514 2938 586 Κύριε,
2981 515 3038 566 ἐν
3069 512 3246 581 θλίψει
3276 509 3630 585 ἐμνήσθημεν
3662 505 3757 565 σου
3777 528 3793 543 ο

2209 605 2268 658 ἐν
2294 604 2469 674 θλίψει
2515 606 2688 675 μικρᾷ
2731 603 2764 674 ή
2802 601 3019 657 παιδεία
3066 619 3157 655 σου
3202 603 3355 673 ἡμῖν.
3390 620 3408 654 ι
3450 601 3667 672 Ἐπειδὴ
3704 601 3797 657 τὸν

2210 696 2338 766 περὶ
2369 697 2469 767 τῆς
2495 695 2726 749 καθόλου
2758 696 2992 766 κρίσεως
3018 694 3181 748 τόπον
3209 692 3404 763 θεωρεῖ
3431 694 3459 746 ὁ
3486 692 3795 765 προφήτης,

2209 789 2409 843 ὡσανεὶ
2464 787 2654 860 παρὼν
2706 791 2771 859 τῇ
2814 787 3012 860 κρίσει,
3048 787 3142 840 καὶ
3180 785 3257 857 τῷ
3293 785 3498 857 βήματι
3530 784 3624 839 τοῦ
3659 785 3801 840 Θεοῦ

2209 879 2517 953 παρεστὼς,
2548 882 2632 950 ἐφ’
2653 875 2734 944 οἷς
2759 881 2883 952 ὁρᾷ,
2914 879 3043 934 ποτὲ
3069 879 3167 950 μὲν
3201 877 3624 950 ἐξομολογεῖται,
3666 878 3798 931 ποτε

2208 972 2264 1026 δέ
2300 972 2550 1037 ἱκετεύει,
2580 973 2711 1026 ποτὲ
2738 972 2793 1025 δὲ
2815 972 3143 1042 εὐχαριστεῖ,
3168 970 3298 1022 ποτέ
3323 969 3380 1023 δέ
3402 970 3500 1034 τάς
3527 968 3797 1041 ἀποθησο-

2211 1062 2379 1135 μένας
2422 1064 2526 1116 ὑπὸ
2571 1063 2665 1116 τοῦ
2712 1060 2849 1115 Θεοῦ
2884 1060 3118 1131 ἀμοιϐὰς
3154 1061 3265 1123 toi;
3298 1060 3468 1127 ἀξίοις
3500 1059 3794 1132 διέρχεται.

2207 1156 2392 1210 Πάντα
2430 1156 2487 1208 δὲ
2533 1154 2704 1209 ταῦτα
2727 1154 2814 1207 διὰ
2846 1154 2944 1224 τῆς
2973 1150 3137 1207 αὐτοῦ
3166 1152 3387 1225 Γραφῆς
3417 1152 3512 1205 καὶ
3535 1154 3668 1223 ἡμῖν
3696 1167 3797 1205 παν

2209 1248 2513 1321 ραδίδωσιν,
2563 1249 2638 1311 ὡς
2688 1247 2753 1300 ἂν
2794 1243 3192 1315 παιδευοίμεθα
3227 1243 3601 1314 διδασκόμενοι
3634 1243 3794 1299 πάνθ’

2207 1337 2307 1390 ὅσα
2360 1338 2453 1390 καὶ
2506 1338 2667 1400 αὐτὸς
2716 1337 2781 1389 ἐκ
2821 1336 2922 1405 τῆς
2968 1333 3062 1387 τοῦ
3107 1333 3252 1387 θείου
3300 1332 3619 1404 Πνεύματος
3673 1330 3797 1389 ὲπιρὲ

2208 1428 2465 1499 λάμψεως
2484 1428 2643 1497 ἔγνω.
2671 1427 2782 1481 Kal.
2806 1425 2901 1481 νῦν
2934 1422 3048 1490 οὖν,
3080 1426 3264 1496 φησὶν,
3294 1426 3382 1478 ὅτε
3407 1425 3597 1496 καιρὸς
3624 1420 3715 1498 ἦν,
3748 1419 3795 1479 ὧ

2207 1520 2400 1592 Κύριε,
2435 1521 2534 1592 τὴν
2586 1520 2778 1590 στενὴν
2824 1518 2918 1573 καὶ
2962 1519 3061 1590 τὴν
3106 1516 3473 1588 τεθλιμμένην
3517 1505 3795 1581 ὁδεύοντες

2209 1612 2348 1684 ὑπὲρ
2369 1613 2468 1683 τῆς
2492 1612 2776 1675 εὐσεϐείας
2801 1610 3206 1682 ἠγωνιζόμεθα·
3240 1609 3376 1681 πλὴν
3403 1610 3497 1663 καὶ
3525 1612 3583 1662 ἐν
3604 1609 3792 1681 ἐκείνῃ

2208 1703 2274 1772 τῇ
2314 1699 2489 1771 θλίψει
2526 1702 2627 1755 οὐκ
2678 1696 2821 1773 ἦμέν
2881 1717 2973 1754 σου
3017 1701 3360 1771 ἀμνήμονες·
3409 1701 3501 1753 ὑπ’
3536 1699 3706 1771 αὐτῆς
3737 1700 3795 1753 δὲ

530 1793 730 1848 tienter
780 1792 1108 1860 ferebamus,
1155 1795 1231 1849 ita
1262 1805 1323 1849 ut
1350 1795 1690 1861 diceremus,
1729 1815 1748 1848 ‹
1784 1796 2104 1854 Tribulatio-

2210 1793 2306 1864 τῆς
2351 1796 2450 1866 σῆς
2501 1797 2721 1866 μνήμης
2756 1793 3148 1865 δυναμούμενοι
3202 1792 3485 1867 καρτερῶς
3526 1794 3797 1865 ὑπεμένο-

529 1899 656 1938 nem
690 1885 980 1955 patientes,
1016 1886 1110 1942 sed
1139 1902 1248 1941 non
1301 1888 1599 1958 angustiati
1629 1905 1644 1953 ;
1676 1890 2106 1957 persecutionem

530 1976 790 2044 ferentes,
821 1979 913 2033 sed
942 1992 1046 2033 non
1073 1978 1350 2045 derelicti;
1388 1980 1601 2048 dejecti,
1633 1980 1728 2035 sed
1771 1995 1876 2035 non
1926 1983 2107 2051 perdi-

531 2067 571 2121 ti
596 2068 660 2124 ⁸⁸.
692 2086 713 2121 ι
746 2066 861 2123 Hac
890 2083 1021 2138 ergo
1043 2067 1363 2123 calamitate
1390 2069 1691 2136 erudimur,
1722 2070 1955 2126 scientes
1980 2072 2107 2141 quia

529 2172 693 2230 quem
725 2158 902 2231 diligit
932 2160 1097 2225 Deus,
1117 2159 1367 2231 castigat.

596 2338 766 2396 Vens.
796 2340 885 2409 l7,
913 2341 1001 2397 18.
1034 2361 1054 2395 ι
1092 2342 1158 2397 Ει
1185 2342 1328 2398 sicut
1365 2344 1686 2413 parturiens
1713 2345 2111 2416 appropinquat

527 2433 594 2486 ad
619 2441 855 2503 partum,
880 2443 933 2489 et
959 2435 1012 2489 in
1043 2435 1231 2491 dolore
1258 2451 1357 2491 suo
1387 2438 1619 2490 clamat:
1654 2438 1735 2491 sic
1763 2436 1888 2491 facti
1923 2452 2110 2493 sumus

524 2520 734 2585 Dilecto
758 2532 871 2580 tuo.
901 2523 1127 2594 Propter
1156 2514 1402 2580 timorem
1432 2536 1605 2591 tuum,
1633 2527 1873 2586 Domine.
1908 2527 1964 2581 in
1990 2537 2110 2583 nte?

526 2626 594 2670 ro
620 2616 931 2685 accepimus
951 2655 969 2682 ,
1004 2627 1060 2672 et
1091 2619 1479 2686 parturivimus
1506 2662 1521 2687 ,
1563 2632 1617 2676 et
1647 2622 1953 2692 peperimus
1997 2623 2109 2692 spi-

528 2706 694 2761 ritum
715 2705 908 2762 salutis
935 2718 1039 2762 tuae
1061 2749 1076 2773 ,
1110 2723 1269 2779 quem
1305 2712 1532 2765 fecimus
1564 2712 1618 2767 in
1663 2721 1828 2767 terra.
1871 2712 1984 2769 Non
2018 2730 2110 2769 ca-

528 2796 743 2866 demus,
768 2798 863 2854 sed
890 2799 1086 2855 cadent
1108 2816 1298 2856 omnes
1323 2801 1655 2860 habitatores
1686 2814 1864 2861 terrae.
1891 2825 1911 2858 ι
1931 2805 2110 2874 Quare

529 2907 745 2949 omnem
772 2893 1011 2950 laborem
1040 2896 1394 2963 sustinentes,
1428 2899 1631 2955 similes
1656 2914 1875 2955 eramus
1895 2900 2115 2956 mulieri

529 2983 852 3051 parturienti
880 3022 896 3047 ,
936 2993 988 3038 et
1019 2985 1314 3042 clamorem
1347 2990 1615 3044 emittenti
1638 3031 1655 3058 ,
1703 2992 1829 3060 quia
1863 2992 1939 3056 id,
1965 2994 2106 3062 quod

529 3075 583 3127 in
614 3083 803 3130 ventre
835 3086 1105 3144 movetur,
1141 3077 1194 3132 in
1226 3078 1397 3135 lucem
1421 3081 1648 3137 enixura
1679 3093 1763 3138 est
1793 3101 1807 3137 :
1842 3083 1916 3138 ita
1936 3094 1992 3139 et
2011 3100 2108 3140 nos

496 3175 777 3234 'respectu
808 3165 1000 3222 Dilecti
1050 3169 1125 3223 tui
1174 3170 1374 3226 fuimus
1407 3190 1421 3227 :
1456 3188 1578 3227 nam
1612 3174 1947 3245 unigenitum
1973 3177 2107 3232 Ver-

527 3254 655 3309 bum
690 3264 836 3312 tuum
871 3258 1018 3323 intus
1044 3260 1096 3314 in
1126 3262 1305 3316 anima
1332 3263 1615 3339 habentes,
1645 3280 1857 3322 necnon
1888 3268 2104 3322 insitum

528 3348 629 3403 abs
677 3358 731 3405 te
778 3350 936 3405 nobis
965 3352 1204 3407 divinum
1261 3355 1550 3422 timorem,
1604 3372 1666 3412 ac
1695 3371 2108 3428 perseveranter

528 3440 789 3506 ferentes,
820 3456 925 3496 non
964 3458 1061 3513 spe
1087 3443 1223 3515 lapsi
1252 3460 1481 3514 sumus;
1523 3449 1617 3503 sed
1646 3452 1955 3520 peperimus
1995 3451 2107 3522 spi-

528 3531 691 3585 iitum
722 3532 936 3588 salutis.
977 3533 1110 3588 Nam
1161 3534 1285 3591 linis
1324 3537 1417 3592 ille
1471 3537 1662 3594 Dilecti
1698 3541 1771 3593 tui
1809 3550 1863 3595 et
1898 3542 2108 3596 timoris

526 3623 641 3689 ejus
667 3632 878 3694 partus,
916 3624 1139 3696 spiritus
1170 3628 1343 3682 nostri
1375 3637 1520 3684 satus
1547 3640 1700 3695 erat;
1743 3630 1904 3702 quem
1941 3633 2104 3702 spiri-

529 3723 640 3767 tum
675 3722 736 3769 ut
763 3715 1055 3778 edidimus,
1093 3717 1345 3774 omnibus
1373 3720 1561 3774 orbem
1614 3720 1977 3777 incolentibus
2004 3724 2104 3779 ho-

527 3806 765 3861 minibus
791 3817 979 3861 netum
1011 3808 1267 3876 fecimus;
1314 3819 1370 3867 ut
1417 3820 1473 3867 et
1514 3812 1616 3881 ipsi
1656 3813 1785 3869 hinc
1807 3816 2005 3882 edocti,
2038 3830 2105 3870 ex

526 3897 871 3953 aemulatione
904 3901 1243 3966 parturiendi
1283 3918 1312 3956 a
1345 3903 1542 3959 timore
1597 3915 1689 3959 tuo
1714 3947 1729 3971 ,
1761 3914 1816 3961 et
1861 3908 2104 3977 pariendi

527 3986 777 4041 eumdem
831 3988 1119 4058 spiritum,
1171 3991 1457 4048 utilitatem
1498 3995 1821 4065 percipiant.
1886 3996 2104 4053 Etenim

529 4078 619 4147 qui
648 4077 794 4132 hunc
825 4079 1017 4136 salutis
1064 4081 1316 4151 spiritum
1368 4100 1475 4138 non
1507 4088 1900 4155 conceperint,
1933 4103 2108 4158 neque

529 4170 860 4239 pepererint,
885 4185 1009 4225 cum
1036 4171 1275 4242 alioquin
1302 4175 1518 4229 steriles
1543 4184 1597 4231 et
1627 4175 1949 4233 infructuosi
1976 4180 2103 4247 sint,

527 4280 565 4317 ιι
588 4277 687 4333 spe
731 4263 785 4317 in
820 4273 870 4318 te
900 4265 1137 4335 reposita
1177 4265 1432 4320 excident
1476 4284 1489 4320 :
1538 4268 1630 4336 qui
1673 4276 1853 4321 autem
1892 4284 1956 4324 ex
1985 4283 2109 4339 por-

528 4357 673 4411 tione
702 4367 793 4412 tua
826 4366 955 4413 sunt
978 4399 994 4423 ,
1040 4358 1243 4428 quique
1271 4369 1494 4429 propter
1526 4368 1578 4413 te
1617 4374 1980 4417 :erumnarum
2011 4377 2106 4432 ge-

527 4463 632 4503 nus
660 4464 822 4505 omne
846 4450 1085 4506 tolerant
1112 4491 1128 4515 ,
1158 4452 1371 4506 etiamsi
1410 4468 1584 4523 usque
1613 4453 1678 4507 ad
1709 4464 1938 4509 mortem
1969 4471 2102 4510 con-
2137 4474 2185 4535 ι)

528 4550 609 4619 Ira
642 4550 923 4610 peccatum
958 4545 1399 4599 concertaverint
1423 4584 1439 4615 ,
1472 4560 1500 4597 a
1535 4545 1644 4601 vita
1672 4587 1687 4614 ,
1734 4561 1854 4617 quae
1882 4550 2022 4619 apud
2054 4558 2107 4605 te

527 4611 633 4697 est,
660 4646 998 4702 nequaquam
1025 4635 1296 4689 labentur.

598 4808 766 4867 Vens.
796 4812 884 4872 19.
934 4832 954 4868 ι
977 4813 1296 4894 ⁵[ἱειειιι-ςειηι
1331 4818 1574 4882 mortui,
1631 4827 1687 4871 et
1716 4815 2107 4871 excitabuntur

524 4911 619 4979 qui
652 4921 775 4966 sunt
813 4911 866 4966 in
896 4913 1264 4967 monumentis
1289 4955 1303 4980 ,
1332 4924 1388 4968 et
1416 4914 1751 4969 laetabuntur
1772 4911 1866 4982 qui
1896 4920 2023 4966 sunt
2048 4911 2117 4965 in'

524 5013 672 5058 terra
704 5021 719 5057 :
751 5018 841 5058 ros
879 5003 1025 5058 enim
1057 5045 1074 5071 ,
1125 5006 1217 5074 qui
1250 5021 1277 5058 a
1314 5014 1368 5060 te
1395 5015 1481 5061 est
1506 5046 1521 5069 ,
1567 5004 1773 5060 medela
1806 5003 1940 5072 ipsis
1973 5012 2057 5056 est
2087 5018 2127 5056 :-

526 5103 672 5148 terra
695 5102 877 5148 autem
911 5094 1200 5165 impiorum
1244 5097 1426 5151 cadet.
1485 5115 1503 5147 ι
1556 5095 1865 5163 llesurgent
1908 5092 2107 5162 quippe

524 5186 760 5249 mortui;
788 5186 905 5241 sive
938 5187 1234 5241 secundum
1264 5188 1536 5256 Aquilam,
1569 5203 1588 5237 ι
1624 5183 1820 5240 Vivent
1843 5185 1934 5254 qui
1959 5198 2106 5238 mor-

528 5282 602 5331 ιιιί
658 5278 874 5339 fuerant
922 5278 1040 5345 tui;
1082 5297 1101 5332 ι
1142 5279 1259 5334 εἶτε
1307 5280 1601 5335 secundum
1633 5278 2017 5350 Symmachum
2051 5285 2107 5331 et

525 5367 955 5427 Theodotionem
981 5412 997 5436 ,
1041 5390 1059 5423 ι
1098 5369 1293 5425 Vivent
1326 5372 1522 5426 mortui
1571 5371 1670 5426 tui.
1717 5388 1736 5423 ι
1776 5368 1974 5424 Mortui
2007 5383 2105 5424 au-

528 5467 635 5511 tem
665 5460 781 5528 ejus
807 5461 1032 5531 quinam
1067 5461 1290 5525 fuerint,
1325 5462 1427 5515 nisi
1462 5461 1635 5516 sancti
1663 5460 1781 5528 ejus
1811 5469 2103 5530 martyres,

527 5548 621 5621 qui
654 5551 743 5605 alii
780 5566 810 5605 a
840 5552 1116 5622 praedictis
1136 5551 1366 5610 mortuis
1395 5562 1543 5622 sunt,
1572 5552 1639 5608 de
1664 5551 1867 5623 quibus
1897 5549 2102 5614 dictum

601 5726 645 5769 ι’
686 5727 724 5789 11
756 5726 880 5785 Cor.
916 5745 989 5801 ιν,
1016 5730 1070 5795 9.

2214 1899 2342 1955 μεν·
2366 1883 2506 1937 ὣστε
2530 1884 2708 1953 λέγειν
2772 1903 2790 1935 ι
2819 1882 3154 1954 Θλιϐόμενοι,
3191 1883 3304 1936 ἀλλ’
3341 1884 3403 1936 οὐ
3431 1881 3797 1954 στενοχωρού-

2213 1993 2394 2046 μενοι·
2418 1976 2753 2049 διωκόμενοι,
2774 1975 2886 2029 ἀλλ’
2912 1976 3009 2029 οὐκ
3033 1975 3634 2047 ἐγκαταλιμπανόμενοι
3653 1991 3668 2006 ’
3692 1992 3799 2031 καρ-

2210 2066 2619 2139 ταϐαλλόμενοι,
2661 2067 2775 2121 ἀλλ’
2816 2068 2919 2122 οὐκ
2951 2066 3329 2138 ἀπολλύμενοι.
3383 2086 3401 2118 ι
3443 2068 3543 2122 Διά
3588 2067 3795 2139 ταύτης

2207 2158 2339 2227 γοῦν
2367 2159 2469 2229 τῆς
2492 2158 2724 2229 θλίψεως
2746 2157 3134 2230 παιδευόμεθα,
3160 2159 3380 2223 εἰδότες,
3407 2160 3489 2213 δτι
3513 2159 3572 2213 δν
3600 2159 3792 2231 ἀγαπᾷ

2208 2249 2431 2321 Κύριος,
2458 2250 2723 2304 παιδεύει.
3782 2248 3790 2257 ’

2285 2358 2304 2391 ι
2333 2341 2444 2394 Καὶ
2472 2341 2548 2405 ὡς
2584 2343 2617 2413 ἡ
2653 2342 2920 2395 ὠδίνουσα
2951 2341 3157 2411 ἐγγίζει
3202 2340 3296 2394 τοῦ
3329 2343 3527 2407 τεκεῖν,
3565 2340 3658 2395 καὶ
3695 2340 3789 2394 ἐπὶ

2189 2435 2273 2511 ,τῇ
2332 2431 2479 2485 ὠδῖνι
2518 2433 2691 2505 αὐτῆς
2734 2433 3034 2505 ἐκέκραγεν
3059 2450 3073 2465 ⁶
3122 2431 3295 2496 οὕτως
3348 2434 3683 2506 ἐγενήθημεν
3712 2433 3789 2504 τῷ

2220 2525 2513 2597 Ἀγαπητῷ
2535 2542 2651 2580 σου.
2680 2526 2780 2579 Διά
2812 2528 2901 2580 τὸν
2932 2526 3095 2596 φόϐον
3129 2543 3245 2589 σου,
3274 2526 3467 2596 Κύριε,
3504 2527 3561 2577 ἐν
3594 2525 3788 2596 γαστρὶ

2211 2615 2495 2687 ἐλάϐομεν,
2519 2617 2615 2671 καὶ
2647 2618 3008 2689 ὼδινήσαμεν,
3031 2618 3125 2671 καὶ⁵
3157 2618 3416 2688 ὲτέκομεν
3444 2616 3661 2688 πνεῦμα
3687 2633 3788 2671 σω-

2207 2708 2400 2779 τηρίας
2431 2725 2550 2771 σου,
2587 2706 2617 2761 δ
2648 2709 2981 2780 ἐποιήσαμεν
3005 2708 3097 2762 ἐπὶ
3130 2708 3230 2779 τῆς
3259 2709 3379 2779 γῆς.
3412 2708 3488 2761 Ού
3524 2707 3789 2778 πεσούμε-

2209 2797 2297 2861 θα,
2353 2796 2489 2852 ἀλλά
2540 2799 2827 2857 πεσοῦνται
2873 2802 3073 2863 πάντες
3112 2801 3161 2852 οἱ
3184 2798 3521 2863 ἐνοικοῦντες
3559 2798 3652 2852 ἐπὶ
3686 2798 3784 2869 τῆς

2210 2894 2330 2962 γῆς.
2370 2910 2390 2943 ι
2421 2892 2511 2945 Διὸ
2548 2893 2726 2947 πάντα
2766 2893 2925 2948 πόνον
2968 2893 3348 2964 ὑπομένοντες.
3382 2892 3620 2956 ἐοικότες
3645 2887 3785 2963 ἦμεν

2207 2984 2473 3059 ὼδινούσῃ
2518 2987 2757 3054 γυναικὶ,
2810 2989 2905 3040 καὶ
2954 2986 3082 3058 βοὰς
3121 2985 3354 3059 ἀφιούσῃ
3401 2985 3529 3057 περὶ
3558 2983 3686 3039 αὐτὸ
3723 2983 3785 3037 τδ

2216 3077 2431 3149 μέλλειν
2466 3079 2529 3131 τὸ
2557 3079 2699 3134 κατά
2724 3080 2963 3151 γαστρὸς
2992 3080 3309 3151 κινούμενον
3357 3080 3438 3143 είς
3488 3077 3603 3147 φῶς
3652 3082 3781 3147 προ-ἑ

2208 3169 2363 3237 ἀγειν
2381 3186 2395 3200 ο
2424 3169 2566 3223 οὕτω
2605 3171 2713 3244 γὰρ
2748 3172 2843 3225 καὶ
2870 3174 3029 3243 ἡμεῖς
3054 3171 3281 3243 ἐγενήθη
3307 3170 3404 3241 μὲν
3417 3168 3493 3240 τῷ
3520 3168 3597 3239 σῷ
3624 3168 3779 3235 Ἀγαεέ

2208 3260 2365 3332 πητῷ
2384 3277 2399 3290 ·
2428 3262 2520 3315 τον
2554 3261 2663 3334 γὰρ
2700 3266 2961 3334 μονογενῆ
3001 3280 3092 3315 σου
3118 3263 3287 3331 Λόγον
3313 3262 3459 3315 ἔνδον
3492 3261 3698 3331 ἔχοντες
3720 3261 3777 3312 ἐν

2208 3356 2272 3425 τῇ
2313 3353 2522 3407 ἑαυτῶν
2555 3353 2725 3426 ψυχῇ,
2760 3356 2854 3408 καὶ
2886 3355 2976 3408 τὸν
3000 3356 3064 3408 ἐκ
3096 3354 3188 3408 σοῦ
3212 3353 3628 3424 κατασπαρέντα
3654 3352 3782 3423 ἡμῖν

2210 3442 2388 3497 ἔνθεον
2419 3442 2602 3511 φόϐον,
2630 3444 2725 3497 καὶ
2754 3443 2817 3515 δὴ
2849 3445 3307 3516 καρτερήσαντες,
3346 3444 3446 3497 ούκ
3479 3442 3783 3511 ἐσφάλημεν

2207 3536 2307 3605 τῆς
2335 3535 2568 3598 ἐλπίδος.
2599 3535 2713 3589 ἀλλ’
2742 3536 3001 3606 ἐτέκομεν
3031 3535 3245 3605 πνεῦμα
3282 3536 3580 3606 σωτηρίας.
3625 3533 3778 3595 Τέλος

2208 3626 2319 3697 γὰρ
2354 3628 2452 3698 τῆς
2475 3629 2721 3699 κυήσεως
2762 3628 2855 3681 τοῦ
2902 3629 3210 3699 Ἀγαπητοῦ
3243 3645 3335 3682 σου
3378 3629 3473 3681 καὶ
3501 3626 3594 3681 τοῦ
3624 3625 3773 3695 φόϐου

2209 3718 2374 3772 αὑτοῦ
2415 3721 2449 3790 ή
2482 3719 2723 3791 σωτηρία
2747 3716 2814 3792 ἦν
2835 3719 2930 3773 τοῦ
2958 3721 3225 3793 ἡμετέρου
3256 3720 3589 3791 πνεύματος.
3612 3719 3777 3789 Ὅπερ

2209 3811 2677 3882 ἀπο-γεννήσαντες
2735 3813 2968 3884 φανερὸν
3028 3815 3441 3885 κατεστήσαμεν
3487 3814 3621 3866 πᾶσι
3678 3800 3788 3874 τοῖς

2210 3904 2303 3957 ἐπὶ
2333 3904 2433 3975 τῆς
2465 3906 2567 3975 γῆς
2596 3905 2938 3958 κατοικοῦσιν
2970 3905 3297 3978 ἀνθρώποις,
3323 3906 3399 3970 ὡς
3421 3905 3486 3959 ἂν
3517 3904 3611 3958 καὶ
3640 3902 3787 3957 αὐτοὶ

2214 3994 2478 4065 μαθόντες
2524 3996 2854 4066 ὼῳεληθείεν
2904 3995 2991 4051 διά
3035 3996 3128 4051 τοῦ
3173 3995 3413 4068 ζηλῶσαι
3457 3996 3661 4066 κυῆσαι
3697 3994 3790 4048 καὶ

2211 4087 2406 4150 αὐτοὺς
2440 4088 2548 4141 ἀπὸ
2570 4088 2665 4141 τοῦ
2700 4088 2888 4159 φόϐου,
2929 4090 3025 4144 καὶ
3053 4091 3339 4143 ἀποτεκεῖν
3373 4089 3436 4142 τὸ
3470 4087 3602 4142 αὐτὸ
3630 4085 3792 4139 πνεῦ-

2215 4194 2307 4247 μα.
2356 4179 2418 4232 Οἱ
2468 4179 2576 4250 γάρ
2630 4182 2704 4251 μὴ
2755 4180 2917 4234 τοῦτο
2963 4180 3221 4244 λαϐόντες
3265 4180 3399 4252 μηδὲ
3437 4179 3688 4241 τεκόντες
3731 4175 3792 4230 τδ

2212 4269 2430 4341 πνεῦμα
2463 4272 2561 4342 τῆς
2593 4271 2887 4343 σωτηρίας,
2922 4271 3098 4336 ἄλλως
3131 4271 3187 4325 δὲ
3221 4272 3401 4340 ἀγονοι
3428 4271 3521 4325 καὶ
3554 4271 3793 4349 ἄκαρποι

2212 4362 2509 4431 γενόμενοι,
2538 4363 2631 4415 καὶ
2654 4362 3013 4416 ἐκπεσοῦνται
3034 4366 3134 4434 τῆς
3161 4364 3310 4434 παρὰ
3345 4361 3438 4416 σοῦ
3473 4361 3686 4425 ἐλπίδος
3704 4379 3720 4393 ·
3744 4360 3795 4413 οῖ

2211 4453 2267 4506 δέ
2315 4470 2378 4521 γε
2411 4457 2510 4524 τῆς
2532 4454 2629 4524 σῆς
2667 4453 2881 4525 μερίδος
2904 4454 3079 4520 ὄντες,
3118 4458 3166 4509 οἱ
3198 4454 3286 4509 διὰ
3320 4455 3378 4508 σὲ
3412 4456 3592 4508 πᾶσαν
3616 4452 3795 4523 θλίψιν

2216 4545 2625 4615 ὑπομείναντες,
2691 4546 2741 4598 εί
2802 4546 2895 4599 καὶ
2957 4545 3118 4618 μέχρι
3157 4546 3386 4599 θανάτου
3438 4541 3796 4612 ἀγωνίσαιντο

2217 4637 2353 4708 πρὸς
2402 4636 2501 4708 τὴν
2550 4638 2841 4709 ἁμαρτίαν,
2897 4638 3148 4709 οὐδαμῶς
3197 4638 3294 4709 τῆς
3337 4636 3489 4709 παρὰ
3535 4636 3615 4689 σοὶ
3649 4632 3799 4706 ζωῆξ

2214 4729 2396 4783 ἀποπε
2404 4728 2639 4783 σοῦνται.

2293 4841 2310 4872 ι
2363 4822 2780 4893 Ἀναστὴσονται
2807 4824 2856 4876 οἱ
2887 4823 3090 4895 νεκροὶ,
3133 4822 3226 4877 καὶ
3256 4820 3635 4893 ἐγερθήσονται
3658 4819 3709 4871 οἱ
3738 4820 3797 4872 ἐν

2211 4914 2325 4976 τοῖς
2369 4911 2674 4984 μνημείοις,
2723 4914 2817 4967 καὶ
2860 4914 3323 4985 εὐφρανθήσονται
3374 4917 3422 4966 οἱ
3470 4914 3527 4966 ἐν
3577 4914 3640 4983 τῇ
3683 4915 3794 4983 ﬁl”

2214 5004 2382 5076 ήγάρ
2419 5004 2606 5077 δρόσος
2638 5006 2671 5076 ἡ
2710 5006 2863 5078 παρά
2905 5006 3000 5060 σοῦ
3048 5007 3185 5077 ἴαμα
3220 5005 3404 5068 αὐτοῖς
3444 5006 3592 5057 ἐστιν
3616 5020 3629 5032 ·
3672 5002 3706 5073 ἠ
3738 5002 3798 5056 δὲ

2214 5097 2284 5167 γῆ
2326 5095 2435 5147 τῶν
2471 5096 2682 5150 ἀσεϐῶν
2726 5101 2990 5152 πεσεῖται.
3043 5117 3061 5151 ι
3126 5099 3546 5169 Ἀναστήσονται
3588 5094 3697 5167 γὰρ
3747 5094 3798 5147 oi

2212 5187 2415 5258 νεκροὶ,
2448 5188 2479 5259 ἢ
2511 5189 2652 5242 κατά
2678 5189 2769 5243 τὸν
2814 5189 3065 5254 Ἀκύλαν,
3108 5210 3126 5241 ι
3165 5191 3428 5260 Ζήσονται
3460 5188 3509 5241 οἱ
3560 5185 3794 5240 τεθνεῶ-

2212 5276 2304 5341 τές
2345 5294 2459 5341 σου,
2513 5298 2530 5328 ι
2572 5279 2603 5349 ἢ
2645 5278 2787 5333 κατά
2827 5279 2918 5334 τὸν
2961 5279 3257 5350 Σύμμαχον
3300 5278 3396 5332 καὶ
3442 5275 3798 5338 Θεοδοτίωνα,

2219 5386 2239 5418 ι
2281 5370 2541 5441 Ζήσονται
2588 5373 2638 5424 οἱ
2672 5372 2855 5445 νεκροί
2903 5388 3020 5425 σου.
3056 5391 3074 5423 ι
3117 5372 3322 5444 Νεκροὶ
3363 5369 3419 5423 δέ
3453 5366 3616 5423 αὑτοῦ
3650 5367 3798 5430 τίνες

2214 5458 2280 5513 ἂν
2313 5454 2440 5525 εἷεν,
2489 5462 2522 5533 ἢ
2570 5466 2617 5516 οἱ
2669 5463 2813 5533 ἆγιοι
2862 5463 3026 5516 αὑτοῦ
3080 5463 3374 5535 μάρτυρες,
3419 5462 3597 5533 ἕτεροι
3643 5458 3798 5521 ὅντες

2215 5551 2369 5627 παρά
2397 5554 2524 5618 τοὺς
2559 5552 2847 5625 λεχθέντας
2875 5556 3122 5626 νεκροὺς,
3158 5556 3286 5629 περὶ
3317 5548 3393 5610 ὧν
3423 5552 3625 5627 εἴρητο·
3668 5567 3688 5602 t
3730 5547 3801 5604 Ol
