4118 6396
382 278 525 357 .377

1343 272 1847 331 COMMENTARIA
1889 272 1954 326 IN
1994 264 2373 345 [SAIAM.;:
2405 272 2562 329 CAP.
2602 266 2794 329 XXVI.

3550 272 3678 330 (278

420 356 481 446 δὲ
514 391 696 461 νεκροὶ
718 390 861 462 ζωὴν
891 392 951 443 ού
984 392 1057 461 μὴ
1091 390 1291 453 ίδωσιν,
1321 392 1443 445 οὐδὲ
1478 392 1652 461 ίατροὶ
1680 392 1739 443 οὐ
1775 391 1848 461 μὴ
1883 392 2002 443 ἀνα-

2110 390 2303 456 l‘uerat,
2343 411 2361 442 ι
2405 390 2600 447 Mortui
2631 400 2813 446 autem
2859 389 3021 444 vitam
3052 404 3157 446 non
3194 388 3469 454 videbunt,
3503 407 3678 462 neque

432 484 756 554 στήσονται;
788 500 806 534 ι
853 481 990 533 Ἀλλ’
1018 483 1212 535 ἐκεῖνοι
1244 482 1341 553 μὲν
1371 477 1510 551 ἦσαν
1544 483 1745 552 νεκροὶ,
1774 481 1841 533 τὰ
1869 482 2003 552 πρὸς

425 574 651 628 θάνατον
674 574 1070 645 ἡμαρτηκότες,
1104 575 1153 626 oi
1181 573 1237 626 δὲ
1269 573 1452 644 νεκροὶ
1490 573 1585 626 τοῦ
1620 572 1822 644 Κυρίου
1858 574 1905 624 oi
1936 571 2000 623 δι’

423 666 586 718 αὑτὸν
619 666 795 717 πᾶσαν
826 663 1002 733 θλίψιν
1032 665 1135 728 ἕως
1168 664 1396 719 θάνατον
1430 664 1811 735 ὑπομένοντες.
1860 664 2005 715 Ἀντὶ

421 756 480 811 δὲ
506 755 620 820 τοῦ,
662 775 681 807 ι
723 756 1128 827 ἐγερθήσονται,
1172 777 1189 807 ι
1228 758 1278 809 oi.
1310 756 1489 810 λοιποὶ
1520 758 1891 827 ἡρμήνευσαν,
1930 756 2005 818 ὡς

422 850 797 921 κοιμηθέντων
831 849 1030 911 αὐτῶν,
1065 850 1186 920 ούχὶ
1231 850 1288 903 δὲ
1328 848 1657 902 τεθνεώτων.
1695 850 1785 901 Διὸ
1830 850 1856 900 ὁ
1897 848 2003 900 τῶν

422 940 592 1008 ἁγίων
626 939 852 1005 θάνατος
897 942 1153 1011 κοίμησις
1187 941 1529 1012 ὀνομάζεται.
1572 940 1901 1003 Ἀκολούθως
1947 939 2003 991 δὲ

421 1034 487 1103 τῇ
517 1034 770 1104 κοιμήσει
796 1036 828 1104 ὴ
856 1033 1151 1096 ἀνάστασις
1182 1033 1513 1104 ἐξυπνισμὸς
1541 1032 1606 1087 ἂν
1640 1032 1876 1103 λεχθείη.
1914 1032 2005 1083 Διὸ

424 1125 565 1180 κατά
607 1127 733 1189 τοὺς
778 1125 997 1189 λοιποὺς
1034 1125 1373 1196 ὲρμηνευτάς
1417 1123 1907 1196 έξυπνισθήσεσθαι
1955 1123 2006 1177 οἱ

421 1218 493 1296 ἐν.
510 1220 624 1281 τοῖς
659 1217 937 1289 μνημείοις
970 1217 1111 1270 κατὰ
1139 1217 1200 1270 τὸ
1230 1218 1441 1289 πρῶτον
1474 1218 1746 1289 εἴρηνταιο
1776 1216 1916 1270 κατά
1949 1217 2006 1271 δὲ

422 1308 483 1360 τὸ
509 1307 782 1379 δεύτερον,
813 1329 829 1359 ι
853 1308 1290 1377 ἁγαλλιάσονται,
1331 1328 1349 1361 ι
1384 1309 1416 1378 ἢ
1446 1328 1463 1359 ι
1494 1309 1788 1372 αίνέσουσι,
1820 1328 1838 1360 ι
1866 1308 2006 1361 κατὰ

421 1399 511 1452 τὸν
548 1399 848 1470 Ἀκύλαν,ἢ
878 1418 896 1449 ι
925 1400 1267 1467 ἀλαλάξουσι,
1305 1420 1323 1451 ι
1349 1401 1490 1454 κατὰ
1533 1400 1624 1453 τὸν
1656 1398 2001 1453 Θεοδοτίωνα.

424 1491 623 1560 Δρόσος
657 1492 690 1561 ἡ
721 1492 812 1545 ἐπὶ
844 1492 944 1562 γῆς
973 1492 1234 1545 κατιοῦσα
1272 1493 1453 1564 ⁴ἡρέμα
1482 1493 1576 1545 καὶ
1600 1492 1788 1562 πράως
1815 1491 2005 1563 ἐκτρέ-

423 1597 513 1647 φει
542 1582 633 1633 καὶ
659 1580 838 1647 αὔξειν
860 1582 1092 1635 ποιεῖτά
1116 1583 1511 1653 ὲναποκείμενα
1529 1583 1666 1653 αὐτῇ
1697 1581 2000 1652 σπέρματα·

420 1671 510 1725 τὸν
536 1672 698 1725 αὐτὸν
730 1674 931 1744 τρόπον
962 1676 993 1743 ἡ
1030 1674 1178 1745 παρά
1207 1674 1300 1728 σοῦ
1333 1674 1520 1745 δρόσος
1560 1674 1696 1745 ἴαμα
1728 1675 1824 1725 καὶ
1862 1674 2004 1745 ζωὴν

2108 482 2298 536 medici
2325 480 2700 536 suscitabunt?
2731 498 2752 532 ι
2786 464 2891 534 Sed
2922 480 2997 534 illi
3025 481 3244 550 quidem
3276 481 3471 534 mortui
3499 492 3679 547 erant,

2106 574 2197 643 qui
2228 574 2293 627 ad
2324 583 2553 627 mortem
2589 583 2968 643 peccaverant.
3016 572 3210 627 Μονιυί
3252 582 3430 627 autem
3465 574 3676 630 Domini

2106 676 2231 720 sunt
2275 665 2311 719 ii
2346 666 2436 734 qui
2480 673 2704 735 propter
2764 679 2885 719 eum
2920 680 3136 720 omnem
3187 664 3554 721 calamitatem
3606 667 3676 721 ad

2108 768 2337 813 mortem
2370 771 2540 825 usque
2569 766 2699 812 sunt
2744 756 3008 827 perpessi.
3042 756 3151 811 Pro
3178 755 3269 811 illo
3300 765 3504 822 autem,
3537 776 3555 809 ι
3587 772 3681 812 ex-

2106 852 2436 912 citabuntur,
2467 868 2485 899 »
2510 848 2700 918 reliqui
2734 848 3182 918 interpretantur,
3210 866 3275 905 ac
3298 852 3346 904 si
3378 851 3677 917 dormiant,

2108 959 2170 996 ac
2195 959 2300 996 non
2338 941 2535 995 mortui
2586 941 2715 994 sint.
2754 940 3113 1006 Quamobrem
3149 951 3459 997 sanctorum
3492 957 3675 1005 mors,

2108 1049 2331 1089 somnus
2364 1032 2686 1103 appellatur.
2723 1033 3132 1103 Consequenter
3186 1045 3369 1089 autem
3417 1034 3486 1088 ad
3534 1048 3680 1089 sont-

2110 1142 2258 1189 num.
2290 1124 2641 1191 resurrectio,
2678 1125 3019 1192 experrectio
3052 1140 3171 1181 esse
3194 1126 3424 1180 dicatur.
3481 1123 3680 1191 Quam-

2108 1218 2293 1273 obrem
2333 1218 2631 1273 secundum
2662 1216 2899 1285 reliquos
2930 1218 3253 1287 interpretes
3280 1257 3296 1283 ,
3329 1225 3680 1287 experrectu-

2109 1326 2201 1365 ros
2236 1325 2357 1364 esse
2410 1312 2501 1378 qui
2559 1311 2609 1364 in
2664 1308 3028 1363 monumentis
3061 1318 3189 1363 sunt
3230 1309 3408 1377 primo
3440 1308 3677 1374 dicitur;

2107 1404 2346 1457 secundo
2374 1410 2551 1455 autem
2589 1418 2607 1451 ι
2644 1400 3005 1466 lmtabuntttr;
3044 1419 3063 1452 ι
3104 1401 3239 1468 sive,
3265 1419 3284 1452 ι
3310 1399 3620 1464 laudabunt,
3654 1416 3676 1452 ι

2110 1506 2168 1547 ut
2200 1493 2426 1560 Aquila;
2476 1492 2612 1558 sive,
2649 1511 2667 1545 ι
2703 1490 3035 1560 jubilabunt,
3077 1511 3095 1545 ι
3138 1501 3203 1546 ut
3229 1490 3523 1547 Tlteodotio
3554 1508 3680 1547 ver-

2110 1584 2195 1639 tit.
2234 1583 2341 1637 Ros
2376 1592 2556 1638 autem
2588 1582 2641 1636 in
2667 1592 2867 1637 terram
2905 1582 3183 1654 delapsus,
3220 1583 3420 1638 sensim
3450 1581 3682 1652 placide-

2108 1694 2214 1748 que
2244 1678 2439 1746 injecta
2472 1677 2543 1730 ibi
2571 1677 2776 1731 semina
2806 1675 3011 1730 enutrit
3056 1684 3110 1729 et
3154 1690 3466 1730 accrescere
3504 1675 3632 1729 facit
3661 1692 3676 1727 :

420 1761 513 1815 καὶ
548 1763 821 1833 σωτηρίαν
860 1763 1081 1835 παρέξει
1114 1768 1226 1828 τοῖς
1261 1767 1368 1828 σοῖς
1402 1767 1635 1835 νεκροῖς,
1668 1756 1743 1815 ὧν
1799 1773 1865 1815 τα
1899 1761 2002 1814 σώ-

2110 1769 2411 1837 eodcmque
2442 1769 2600 1822 modo
2631 1782 2720 1823 ros
2763 1768 2859 1821 abs
2896 1778 2946 1823 te
2977 1767 3252 1837 prodiens,
3288 1767 3570 1834 medelam,
3596 1767 3680 1821 vi-

422 1868 570 1923 ματα
614 1853 757 1907 κατά
789 1856 979 1925 καιρὸν
1015 1858 1107 1908 ἐπὶ
1155 1855 1257 1925 τῆς
1288 1856 1392 1925 γῆς
1420 1855 1660 1925 έσπάρη.
1701 1856 1814 1907 Οὐκ
1847 1854 1913 1906 ἂν
1947 1853 2006 1906 δὲ

420 1943 689 2015 ἁμάρτοις
714 1945 875 1999 αὑτὸν
904 1942 1042 2000 εἶναι
1071 1947 1259 2018 δρόσον
1281 1946 1453 2014 λέγων
1489 1946 1581 1998 τὸν
1618 1945 1880 2015 μονογενῆ
1914 1945 2006 1998 τοῦ

419 2035 552 2088 Θεοῦ
597 2036 789 2106 Λόγον,
842 2038 920 2104 ὃς,
967 2038 1265 2103 έπιστάξας
1312 2037 1411 2101 τὰς
1463 2037 1656 2090 ἑαυτοῦ
1710 2036 2010 2101 ζωοποιοὺς

426 2124 692 2191 σταγόνας
723 2130 835 2191 τοῖς
865 2127 1028 2180 αὑτοῦ
1059 2130 1293 2198 νεκροῖς,
1328 2124 1463 2196 ὁμοῦ
1510 2126 1605 2179 καὶ
1657 2124 1799 2178 ίασιν
1834 2127 2009 2195 ἀμαρ-

420 2218 697 2288 τημάτων,
722 2220 775 2273 εί
801 2220 902 2273 πού
934 2238 986 2273 τι
1018 2222 1199 2284 αὐτοῖς
1219 2221 1336 2273 κατ’
1364 2218 1651 2290 ἄνθρωπον
1684 2217 2010 2288 πεπλημμέ-

422 2306 571 2379 λητο,
622 2308 851 2379 παρέξει
899 2310 1033 2379 ὁμοῦ
1080 2311 1177 2363 καὶ
1230 2309 1529 2363 ἀνάστασιν
1576 2308 1668 2362 καὶ
1712 2308 2006 2378 σωτηρίαν,

408 2400 521 2453 -ιιιαὶ⁵
568 2397 712 2470 ζωὴν
750 2399 966 2454 αἰώνιον
1015 2402 1196 2465 αὐτοῖς
1239 2402 1540 2474 δωρήσεται
1564 2418 1578 2431 ·
1626 2400 1741 2453 ἀλλ’
1775 2400 1893 2470 οὐχὶ
1941 2400 2009 2452 τά

423 2488 532 2544 τῶν
560 2490 775 2544 ἀσεϐῶν
810 2491 1055 2546 τοιαῦτα.

498 2688 517 2721 σ
543 2667 734 2734 Βάδιζε
757 2710 770 2735 ,
800 2672 828 2723 ὁ
858 2670 983 2736 λαός
1020 2689 1141 2743 μου·
1179 2673 1383 2727 εἴσελθε
1414 2675 1492 2736 είς
1519 2672 1586 2725 τὰ
1604 2671 1827 2742 ταμιεῖά
1856 2687 2001 2722 σουοι

426 2762 501 2833 μὴ
533 2762 898 2834 περιεργάζου
930 2763 999 2817 τὰ
1031 2766 1367 2838 πορρωτάτω
1392 2766 1728 2835 τυγχάνοντα
1760 2764 1867 2817 τῶν
1899 2765 2006 2817 σῶν

418 2856 700 2927 ταμιείων.
724 2875 743 2907 ι
769 2857 1111 2912 Ἀπόκλεισον
1152 2858 1250 2930 τὴν
1301 2858 1470 2929 θύραν
1505 2874 1595 2911 σου
1616 2874 1629 2887 ·
1666 2854 2006 2928 ἀποκρύϐηθι

423 2947 620 3022 μικρὸν
649 2950 791 3015 ὅσον,
814 2951 919 3015 ἕως
943 2950 1008 3005 ἂν
1042 2951 1340 3023 παρέλθῃή
1373 2950 1509 3022 ὀργὴ
1538 2951 1761 3022 Κυρίου.
1796 2969 1813 3000 ι
1852 2948 2006 3003 Μετά

420 3042 518 3114 τὴν
565 3041 913 3097 διδασκαλίαν
950 3044 1049 3115 τῆς
1088 3044 1196 3097 τῶν
1236 3042 1447 3115 νεκρῶν
1497 3041 1868 3105 ἀναστάσεως,
1926 3041 2002 3104 ὼς

423 3135 795 3208 περιεστῶτας
858 3136 1185 3209 ἔμπροσθεν,
1256 3136 1352 3189 καὶ
1408 3136 1499 3188 ἐπὶ
1559 3135 1621 3188 τὸ
1682 3134 1811 3187 αὐτὸ
1866 3133 2006 3205 μετά

425 3227 524 3300 τὴν
575 3228 867 3282 ἀνάστασιν
910 3229 1280 3299 συνηγμένους
1319 3228 1444 3291 τοὺς
1492 3228 1678 3295 ἁγίους
1726 3226 1822 3278 τοῦ
1869 3224 2003 3279 Θεοῦ

422 3319 761 3391 Θεασάμενον
803 3321 864 3373 τὸ
915 3321 1130 3391 πνεῦμα
1186 3320 1245 3373 τὸ
1296 3320 1652 3393 προφητικὸν,
1705 3320 1895 3373 ἔπειτα
1948 3318 2007 3383 ἐξ

422 3411 611 3483 ἑτέρου
647 3412 843 3483 μέρους
872 3412 972 3483 τὴν
1005 3412 1262 3465 ἐπιοῦσαν
1289 3415 1401 3475 τοῖς
1428 3412 1679 3465 ἀσεϐέσιν
1707 3412 1876 3483 ὀργὴν
1905 3428 2005 3464 κα-

422 3500 714 3571 τανοῆσαν,
746 3501 818 3571 τιῖ-
850 3502 1091 3573 τάγματι
1117 3501 1225 3555 τῶν
1254 3502 1423 3571 ἁγίων
1454 3505 1764 3574 προσφωνεῖ
1796 3502 2007 3571 ἀποχω⁹

422 3594 539 3661 ρεῖν
576 3593 711 3665 πρὸς
759 3594 931 3665 βραχὺ
964 3594 1058 3647 τοῦ
1092 3594 1306 3667 μακράν
1344 3595 1707 3667 κρύπτεσθαι.
1744 3593 1819 3657 ὡς
1869 3594 2004 3665 μηδὲ

422 3681 659 3753 θεωροὺς
703 3684 804 3752 τῆς
841 3685 948 3738 τῶν
993 3686 1205 3739 ἀσεϐῶν
1249 3686 1495 3755 γίνεσθαι
1547 3684 1843 3747 ἀπωλείας.
1895 3683 2004 3737 Τα-

423 3777 573 3845 μιεῖα
596 3775 653 3827 δὲ
683 3775 778 3829 τοῦ
809 3775 938 3830 λαοῦ
962 3777 1056 3830 τοῦ
1078 3777 1212 3831 Θεοῦ
1238 3779 1294 3830 αί
1329 3777 1522 3830 πολλαὶ
1548 3776 1699 3847 παρὰ
1724 3775 1801 3845 τῷ
1830 3775 2005 3845 Πατρὶ

417 3866 744 3936 τυγχάνουσι
782 3869 969 3937 μοναὶ,
998 3869 1213 3938 ἑκάστῳ
1245 3870 1485 3938 τάγματι
1517 3868 1624 3920 τῶν
1659 3866 1829 3934 ἁγίων
1865 3866 2006 3920 κατὰ

419 3957 635 4011 δικαίαν
668 3957 803 4011 Θεοῦ
855 3960 1036 4030 κρίσιν
1070 3960 1467 4029 ἀφωρισμέναι.
1504 3959 1598 4020 Εἰς
1632 3958 1782 4009 ταῦτ’
1815 3952 1908 4010 οὖν
1936 3956 2006 4011 τὰ

421 4050 504 4102 σοὶ
525 4050 1018 4120 παρεσκευασμένα
1048 4050 1271 4120 ταμιεῖά
1299 4067 1414 4113 σου,
1442 4051 1623 4119 φησὶν,
1647 4052 1674 4103 ό
1698 4049 1829 4119 ἐμὸς
1855 4049 2002 4113 λαὸς,

417 4138 647 4202 εἴσελθε,
681 4140 776 4194 καὶ
814 4139 1134 4193 ἀπόκλεισον
1165 4140 1264 4215 τὴν
1297 4140 1465 4212 θύραν
1501 4158 1615 4194 σου.

495 4249 513 4282 ι
552 4230 697 4307 ,Ἰδοὺ
729 4230 837 4303 γὰρ
871 4230 1075 4303 Κύριος
1108 4231 1215 4285 ἀπὸ
1246 4231 1336 4285 τοῦ
1367 4233 1523 4302 ἀγίου
1558 4234 1753 4303 ἐπάγει
1781 4232 1879 4305 τὴν
1914 4232 2001 4303 ὀρ-

418 4324 521 4396 γὴν
555 4324 649 4377 ἐπὶ
687 4324 813 4386 τοὺς
844 4322 1188 4386 ἐνοικοῦντας
1220 4325 1312 4377 ἐπὶ
1340 4325 1438 4394 τῆς
1466 4324 1588 4394 γῆς.
1631 4345 1648 4375 ι
1688 4322 1999 4396 Παρελθού-

2114 1870 2218 1912 tam
2249 1869 2303 1913 et
2335 1860 2563 1914 salutem
2596 1859 2827 1915 mortuis
2875 1857 3062 1914 aﬂ‘eret
3099 1859 3204 1914 tuis
3228 1902 3244 1925 ,
3295 1874 3525 1929 quorum
3556 1874 3679 1915 σοι’-
3766 1866 3773 1879 ‘

2110 1967 2239 2021 pora
2272 1953 2437 2006 variis
2466 1953 2798 2021 temporibus
2846 1952 2899 2005 in
2930 1961 3133 2006 terram
3168 1952 3311 2007 velut
3340 1953 3546 2008 semina
3593 1951 3684 2020 ja-

2111 2052 2197 2096 cta
2235 2042 2452 2096 fuerint.
2492 2040 2677 2111 Neque
2712 2057 2874 2111 porro
2914 2043 3254 2099 aberraveris
3280 2083 3295 2107 ,
3330 2042 3376 2097 si
3424 2044 3572 2098 dicas
3602 2044 3684 2112 ip-

2111 2150 2228 2187 sum
2265 2134 2601 2203 unigenitum
2633 2134 2728 2188 Dei
2768 2132 2999 2188 Verbum
3031 2150 3205 2189 rorem
3227 2150 3366 2200 esse,
3400 2134 3543 2204 quod
3564 2144 3685 2205 gut-

2112 2225 2252 2278 tuias
2278 2238 2406 2279 suas
2436 2223 2667 2279 mortuis
2696 2223 2809 2299 suis
2847 2222 3113 2278 instillare
3143 2222 3352 2279 faciens
3377 2266 3391 2291 ,
3439 2239 3544 2277 una
3600 2237 3686 2276 re-

2112 2315 2346 2370 medium
2378 2315 2639 2384 peccatis,
2666 2316 2709 2368 si
2749 2314 2879 2384 quid
2908 2315 2977 2369 ab
3005 2315 3112 2369 illis
3142 2316 3454 2370 humanitus
3490 2329 3684 2383 peccao

2113 2418 2222 2460 tum
2252 2447 2266 2470 ,
2312 2422 2376 2461 ac
2404 2407 2862 2461 resurrectionem
2888 2447 2903 2471 ,
2936 2406 3165 2461 salutem
3196 2416 3250 2461 et
3286 2408 3452 2463 vitam
3481 2406 3683 2476 sempi-

2113 2513 2321 2559 ternam
2356 2500 2486 2569 ipsis
2519 2497 2779 2554 conferet.
2810 2498 2881 2554 At
2912 2513 3001 2553 res
3036 2498 3321 2569 impiorum
3351 2514 3458 2553 non
3492 2499 3679 2555 eodem

2110 2594 2269 2648 modo
2294 2609 2353 2648 se
2386 2594 2605 2649 habent.

2183 2688 2349 2742 Vsus.
2376 2687 2466 2741 ΞΟ.
2505 2705 2525 2739 ι
2565 2686 2733 2753 Vade,
2764 2686 2994 2761 populus
3041 2699 3194 2741 meus
3228 2705 3240 2739 :
3276 2685 3416 2740 intra
3452 2686 3504 2739 in
3532 2684 3685 2741 cubi-

2110 2780 2231 2836 cula
2265 2791 2394 2846 tua;
2434 2799 2452 2833 ι
2494 2796 2559 2836 ne
2593 2782 2864 2849 curiosius
2908 2780 3153 2849 inquiras
3196 2793 3259 2834 ea
3290 2819 3304 2843 ,
3334 2793 3453 2849 quae
3498 2778 3683 2847 procul

2111 2873 2375 2928 cubiculis
2426 2872 2532 2928 tuis
2579 2881 2885 2927 versantur.
2938 2888 2958 2923 ι
3010 2867 3217 2926 Claude
3254 2868 3449 2923 Ostium
3488 2877 3680 2923 tuum:

2111 2965 2449 3020 abscondere
2524 2964 2799 3033 paululum
2870 2963 3402 3035 quantulumcunque
3438 2999 3455 3026 ,
3513 2961 3683 3016 donec

2112 3066 2461 3126 pertranseat
2485 3060 2564 3113 ira
2595 3056 2832 3113 Domini.
2874 3075 2893 3109 ι
2932 3055 3058 3110 Post
3094 3053 3311 3111 allatam
3340 3052 3407 3107 de
3442 3068 3684 3109 resurre-

2112 3152 2295 3206 ctione
2356 3162 2699 3207 mortuorum
2749 3150 3079 3213 doctrinam,
3124 3159 3343 3203 sanctos
3396 3146 3536 3212 Dei,
3589 3146 3683 3217 qui

2112 3254 2269 3297 antea
2318 3245 2827 3307 circumsteterant,
2854 3224 3042 3296 eodem
3077 3239 3131 3294 in
3169 3240 3289 3294 loco
3321 3249 3538 3295 coactos
3564 3249 3685 3309 post

2110 3333 2567 3387 resurrectionem
2595 3332 2786 3386 videns
2812 3329 3159 3401 prOpbeticus
3216 3330 3461 3401 spiritus,
3490 3331 3684 3385 deinde

2108 3437 2238 3478 vero
2265 3425 2368 3478 alia
2400 3437 2466 3479 ex
2494 3433 2645 3493 parte
2678 3421 3052 3495 imminentem
3091 3411 3434 3490 impiis’iram
3466 3422 3691 3491 conspi-

2110 3526 2283 3580 catus,
2324 3527 2638 3570 sanctorum
2680 3513 2991 3579 coetumlad
3016 3513 3285 3583 modicum
3335 3522 3545 3584 tempus
3592 3529 3682 3567 se-

2110 3608 2304 3661 cedere
2335 3621 2400 3661 ac
2430 3605 2622 3675 procul
2652 3619 2773 3660 sese
2801 3604 3077 3658 occultare
3109 3614 3313 3669 monet,
3342 3621 3408 3659 ne
3440 3604 3549 3658 sint
3582 3604 3683 3657 im-

2111 3699 2323 3766 piorum
2358 3696 2622 3764 perniciei
2650 3703 3010 3764 spectatores.
3057 3694 3315 3749 Cubicula
3345 3709 3470 3748 vero
3502 3695 3684 3764 populi

2111 3789 2228 3855 Dei,
2261 3788 2528 3859 intelligas
2558 3800 2677 3842 esse
2710 3784 2905 3839 multas
2928 3787 3069 3854 apud
3100 3786 3317 3840 Patrem
3343 3786 3679 3855 mansiones,

2101 3883 2250 3952 justo
2290 3883 2378 3937 Dei
2406 3879 2609 3950 judicio
2648 3876 2876 3948 singulis
2927 3879 3206 3933 ordinibus
3254 3876 3570 3932 destinatas.
3620 3875 3678 3932 In

2112 3976 2225 4029 haec
2270 3973 2454 4043 igitur,
2487 3971 2685 4041 popule
2716 3970 2830 4034 mi,
2875 3979 3063 4040 parata
3096 3968 3189 4024 tibi
3221 3967 3466 4023 cubicula
3504 3966 3686 4037 ingre~

2110 4067 2259 4132 dere,
2292 4076 2347 4121 et
2376 4066 2566 4119 claude
2591 4064 2785 4119 ostium
2819 4074 2989 4118 tuum.

2110 4222 2113 4227 ’
2182 4222 2349 4278 Vens.
2379 4223 2471 4280 ‘31.
2508 4240 2528 4274 ι
2579 4222 2714 4278 Ecce
2749 4220 2897 4277 enim
2924 4220 3184 4276 Dominus
3219 4219 3283 4274 de
3314 4228 3501 4273 sancto
3533 4218 3683 4273 indu.

2110 4318 2187 4373 cit
2218 4318 2353 4371 iram
2387 4317 2559 4387 super’
2585 4316 2923 4372 habitatores
2954 4324 3136 4370 terrae.
3186 4332 3206 4365 δ
3240 4311 3535 4381 Postquam
3588 4325 3683 4365 au-

420 4433 520 4485 σης
569 4415 626 4468 δὲ
677 4415 870 4484 αὐτῆς,
913 4415 1260 4479 ἀναπετάσας
1308 4416 1494 4469 λοιπὸν
1522 4415 1621 4479 τὰς
1652 4415 1760 4467 τῶν
1802 4413 1998 4468 σαυτοῦ

2113 4422 2216 4464 tem
2245 4409 2332 4464 illa
2359 4410 2738 4478 pertransierit
2762 4450 2776 4475 ,
2815 4407 3070 4463 reseratis
3099 4405 3314 4459 demum
3342 4400 3572 4458 cubiculi
3607 4401 3682 4456 tui

418 4508 684 4579 ταμιείων
718 4508 912 4571 πύλας,
960 4506 1098 4577 μετὰ
1127 4507 1330 4578 πολλῆς
1369 4506 1615 4571 ἐξουσίας
1652 4506 1745 4559 καὶ
1784 4508 2002 4577 παρρη-

418 4603 540 4665 σίας
562 4600 748 4672 πρόῖθι
768 4601 859 4653 τὸν
881 4600 998 4653 νέον
1022 4600 1337 4653 ἐποπτεύων
1370 4600 1563 4659 αἰῶνα,
1590 4600 1681 4652 καὶ
1704 4598 1800 4669 τὴν
1826 4599 1998 4669 ἐπηγ-

416 4693 685 4764 γελμένην
721 4709 803 4745 σοι
835 4691 1106 4760 βασιλείαν
1131 4690 1223 4743 τοῦ
1258 4689 1414 4745 Θεοῦ.
1460 4710 1478 4740 ι
1522 4691 1631 4743 Καὶ
1661 4689 1995 4758 άνακαλύψει

416 4788 451 4857 ὴ
479 4785 552 4855 γῆ
582 4784 641 4838 τὺ
673 4778 811 4855 αἷμα
845 4784 1031 4853 αὐτῆς,
1070 4783 1164 4835 καὶ
1195 4783 1256 4835 ού
1292 4782 1660 4851 κατακαλύῲει
1704 4783 1829 4844 τοὺς
1864 4783 1995 4852 ἀνῃ-

422 4877 719 4951 ρημένους’
759 4896 777 4929 ι
830 4876 905 4938 ὡς
950 4874 1155 4946 μηδένα
1197 4875 1380 4929 λαθεῖν
1426 4876 1534 4930 τῶν
1564 4874 1730 4929 πάλαι
1761 4876 1820 4927 ἐν
1856 4876 1994 4946 αὐτῇ

419 4969 517 5032 τὰς
547 4967 725 5039 ψυχάς
757 4967 1115 5041 ἀνῃρημένων
1137 4966 1224 5019 διὰ
1254 4967 1361 5020 τῶν
1392 4967 1528 5039 πρὸς
1551 4967 1779 5020 θάνατον
1818 4967 1998 5037 ἁμαρ-

419 5062 674 5131 τημάτων
693 5078 705 5091 ·
735 5061 827 5113 ἐπὶ
858 5060 1033 5130 τούτῳ
1070 5058 1179 5131 γὰρ
1201 5060 1299 5129 τὴν
1327 5061 1498 5132 ὀργὴν
1530 5057 1751 5123 ἐπάξειν
1785 5058 1998 5129 εἴρηται

418 5152 448 5203 ὁ
478 5151 624 5213 Θεός’
652 5152 819 5224 ὀργῆς
855 5150 1088 5205 ἐνταῦθα
1111 5150 1517 5221 ὀνομαζομένης
1547 5148 1654 5201 τῶν
1687 5151 1805 5211 ταῖς
1838 5146 1995 5199 κολά-

421 5259 537 5295 σεσι
568 5241 990 5313 διακονουμένων
1016 5241 1281 5310 ἀγγέλων.
1305 5241 1417 5313 (50)
1439 5241 1599 5312 Δηλοῖ
1618 5240 1674 5294 δὲ
1688 5240 1772 5293 διὰ
1794 5238 1995 5293 τούτων

418 5334 518 5402 τὴν
549 5332 655 5384 τῶν
701 5334 868 5400 ἁγίων
900 5332 993 5386 τοῦ
1020 5332 1155 5386 Θεοῦ
1188 5332 1465 5404 ἀναίρεσιν
1495 5332 1585 5384 καὶ
1610 5330 1678 5383 τά
1710 5330 1817 5382 τῶν
1856 5347 1993 5402 μαρ-

418 5422 597 5495 τύρων
631 5423 853 5493 αἵματα,
888 5424 1014 5495 περὶ
1047 5417 1121 5476 ὧν
1152 5424 1245 5478 καὶ
1270 5423 1511 5495 Μωῦσῆς
1543 5424 1599 5476 ἐν
1636 5422 1843 5495 μεγάλῃ
1884 5421 1991 5493 ᾠδῇ

417 5516 643 5587 γράτων
674 5514 848 5582 ἔλεγε·
882 5533 901 5564 ι
943 5517 1063 5569 Ὅτι
1092 5516 1153 5570 τὸ
1184 5510 1321 5588 αἷμα
1354 5506 1467 5572 τῶν
1496 5514 1625 5571 υἱῶν
1669 5513 1831 5569 αὑτοῦ
1857 5513 1996 5565 ἐκδι-

495 5689 603 5751 (30')
644 5690 761 5744 lizrc
799 5690 1178 5749 llicrorn‘mus.

2104 4501 2309 4571 jauuis,
2343 4509 2610 4571 potestate
2630 4508 2688 4555 et
2715 4498 2909 4555 ﬁducia
2950 4498 3117 4552 multa
3152 4497 3448 4551 instructus
3488 4494 3679 4564 prodi,

2110 4609 2305 4647 novum
2354 4592 2609 4647 saeculum
2640 4600 3034 4662 conspecturus
3055 4632 3070 4655 ,
3102 4603 3311 4645 necnon
3352 4587 3680 4658 promissum

2108 4685 2203 4739 tibi
2230 4700 2452 4753 regnum
2505 4682 2621 4738 Dei.
2669 4701 2688 4735 ι
2739 4682 2808 4738 Ει
2859 4683 3121 4738 revelabit
3175 4691 3316 4735 terra
3361 4682 3679 4751 sanguinem

2107 4793 2287 4841 suum,
2318 4786 2371 4831 et
2404 4791 2507 4830 non
2539 4776 2834 4831 abscondet
2869 4775 3219 4838 interfectos;
3259 4794 3278 4828 ι
3314 4774 3386 4828 ita
3422 4784 3483 4828 ut
3522 4787 3684 4828 nemo

2108 4869 2273 4924 lateat
2306 4884 2494 4922 eorum
2525 4908 2538 4933 ,
2575 4867 2659 4937 qui
2683 4868 2808 4922 olim
2838 4868 2889 4922 in
2922 4884 2980 4923 ea
3012 4868 3309 4923 secundum
3339 4865 3575 4921 animam
3611 4867 3679 4921 ob

2107 4971 2329 5033 peccata
2373 4961 2438 5014 ad
2492 4970 2721 5015 mortem
2772 4959 3042 5015 interfecti
3089 4960 3241 5015 fuere
3270 4978 3283 5014 :
3314 4960 3418 5014 hac
3439 4958 3583 5012 enim
3614 4960 3683 5016 de

2107 5070 2266 5108 causa
2302 5054 2434 5106 iram
2471 5052 2786 5106 indueturus
2816 5067 2968 5106 suam
3021 5052 3161 5105 Dens
3192 5051 3412 5105 dicitur.
3450 5048 3546 5103 Hie
3578 5050 3683 5103 sci.

2106 5146 2233 5199 licet
2268 5146 2345 5197 ira
2394 5153 2653 5197 vocantur
2700 5143 2878 5212 angeli
2931 5141 3224 5197 inferenda:
3278 5139 3471 5194 ultioni
3519 5140 3680 5192 mini-

2104 5246 2366 5291 stranlcs.
2420 5235 2513 5290 His
2543 5249 2708 5305 porro
2770 5233 3038 5303 signiﬁcat
3095 5241 3406 5290 sanctomm
3442 5230 3535 5285 Dei
3584 5246 3681 5309 ποτ

2102 5344 2262 5392 rem,
2320 5339 2374 5382 et
2436 5338 2734 5399 martyrum
2793 5326 3106 5399 sanguinem
3148 5369 3161 5390 ,
3220 5325 3285 5380 de
3322 5325 3516 5394 quibus
3566 5323 3681 5385 bare

2105 5424 2155 5477 in
2199 5437 2393 5494 magno
2442 5424 2653 5478 cantico
2711 5422 2899 5475 scribit
2970 5420 3225 5491 Moyses,
3284 5436 3303 5471 ι
3366 5417 3502 5485 Quia
3560 5432 3680 5475 sau-

2106 5518 2323 5591 guinem
2373 5519 2602 5575 ﬁliorum
2635 5528 2850 5574 suorum
2912 5514 3201 5572 ulciscetur
3234 5523 3289 5570 et
3344 5512 3681 5580 vindicabit,
