4118 6404
500 265 613 330 επ
1173 265 1445 325 EUSEBﬂ
1480 263 1949 323 CJ'ZSARlENSlS
1981 265 2132 323 OPP.
2174 266 2354 323 PARS
2390 267 2479 325 ﬁl.
2519 278 2589 310 —-’
2624 267 3041 326 EXECETICA.
3639 272 3744 332 180

504 397 559 440 et
582 382 842 441 ultionem
869 384 1130 442 retribuet
1155 384 1390 441 inimicis
1413 423 1432 449 .
1466 394 1521 441 et
1541 383 1850 441 ualentibus
1888 400 1949 439 se
1986 402 2060 441 rc-

2178 390 2374 451 κεῖται,
2414 389 2509 443 καὶ
2555 388 2847 462 ἐκδικήσει,
2889 392 2981 447 καὶ
3026 391 3391 448 ἀνταποδὼσει
3433 394 3588 468 δίκην
3633 399 3743 464 τοῖς

510 477 711 534 tribuet
739 477 805 533 ".

2177 477 2411 555 ἐχθροῖς,
2446 480 2540 534 καὶ
2574 483 2687 544 τοῖς
2713 480 2960 552 μισοῦσιν
2987 482 3374 538 ἀνταποδώσει.
3407 503 3427 537 s

2669 586 3061 641 ΚΕΦΔΔΑΙΟΝ
3093 586 3220 640 KZ'.

2251 696 2271 729 ι
2318 679 2409 732 Ἐν
2432 679 2501 750 τῇ
2526 678 2707 750 ἡμέρα
2732 677 2915 749 ἐκείνῃ
2938 679 3127 747 ἐπάξει
3152 681 3180 734 ό
3202 678 3332 744 Θεὸς
3355 678 3453 750 τὴν
3475 678 3748 752 μάχαιραν

2174 769 2273 840 τήν
2297 768 2477 836 ἁγίαν,
2512 769 2610 839 τὴν
2637 769 2878 842 μεγάλην
2902 771 2997 824 καὶ
3010 769 3108 841 τὴν
3132 771 3354 843 ἰσχυρὰν
3387 771 3480 824 ἐπὶ
3506 770 3596 824 τδν
3619 770 3747 843 δρά·

2175 875 2359 924 κοντα,
2384 860 2476 914 τὸν
2497 860 2620 930 δφιν
2641 861 2929 931 φεύγοντα,
2958 863 3051 916 ἐπὶ
3071 862 3163 915 τὸν
3182 862 3451 935 δράκοντα
3468 862 3589 932 δςιν
3617 879 3746 920 σκο-

1050 568 1280 625 CAPU'I‘
1313 566 1525 624 XXVII.

581 662 744 718 Vsus.
783 663 834 719 Ι.
866 680 886 715 t
926 662 981 717 lu
1016 662 1102 716 die
1129 662 1217 716 illa
1268 662 1489 718 inducet
1515 662 1658 718 Deus
1685 662 1922 734 gladium
1953 681 2080 721 san-

508 765 682 821 ctum,
710 770 963 825 maguum
990 763 1044 811 et
1066 755 1302 809 validum
1333 769 1496 827 super
1518 755 1832 825 draconem,
1864 772 2081 828 serpeno

504 864 615 909 tem
658 852 954 924 fugientem
980 891 997 916 ,
1034 866 1199 919 super
1226 851 1522 906 draconem
1549 860 1853 921 serpentem
1880 861 2081 907 tortuo-

499 959 645 1010 sum,
672 954 728 999 et
751 944 968 999 occidet
999 945 1322 1006 draconem.
1350 944 1514 1016 Virga
1546 944 1728 1015 itaque
1777 943 1898 1009 Dei,
1929 952 2075 998 recta

498 1050 624 1093 cunt
650 1038 743 1103 sit,
769 1048 820 1092 et
849 1038 1196 1110 castigatioui
1226 1048 1378 1109 apta,
1412 1038 1706 1092 secundum
1742 1036 1893 1102 illud,
1916 1055 1936 1088 ι
1960 1035 2078 1090 Vir-

498 1142 564 1197 gs
593 1128 951 1193 rectitudinis,
984 1131 1132 1199 virga
1158 1129 1309 1199 regni
1338 1129 1415 1184 tui
1447 1129 1522 1194 ".
1557 1146 1578 1182 ι
1616 1130 1683 1184 iis
1707 1132 1798 1199 qui
1829 1130 1882 1183 in
1917 1128 2077 1184 rebus

500 1218 767 1275 medelam
804 1221 1218 1277 admittentibus
1249 1230 1544 1291 peccarunt
1564 1262 1581 1289 ,
1608 1231 1862 1277 servatur
1886 1224 1953 1275 ad
1992 1222 2077 1288 ip-

500 1325 684 1367 sorum
722 1311 1158 1383 castigationem,
1183 1314 1619 1371 emendationem
1650 1323 1708 1371 et
1751 1315 1819 1369 ad
1863 1314 2074 1369 utilita-

496 1412 607 1459 tem
636 1403 870 1474 prolata.
907 1404 1011 1472 Qui
1055 1415 1237 1460 autem
1290 1406 1421 1462 nihil
1457 1418 1706 1475 rectum,
1749 1421 2074 1477 :equumque

494 1494 635 1551 nihil
666 1495 851 1563 habet,
894 1498 986 1551 sed
1032 1498 1254 1552 omnino
1288 1498 1526 1556 deﬂexus
1550 1510 1606 1555 et
1641 1509 1916 1556 tortuosos
1946 1510 2027 1555 est
2053 1544 2069 1566 ,

498 1602 566 1644 ac
595 1599 816 1659 pectore
847 1601 1140 1654 ventreqne
1167 1590 1317 1646 humi
1354 1602 1568 1659 reptat,
1595 1594 1945 1662 omniumque
1980 1607 2074 1663 pe-

497 1681 661 1737 dibus
710 1683 778 1736 ad
820 1682 1316 1752 supplantationem
1363 1694 1421 1739 et
1448 1685 1812 1759 dejectionem
1843 1686 2071 1741 insidias

2175 948 2309 1014 λιδν,
2344 951 2439 1006 καὶ
2464 951 2644 1009 ἀνελεῖ
2663 953 2753 1005 τὸν
2779 952 3065 1024 δράκοντα.
3098 972 3117 1003 ι
3146 954 3208 1007 Ἦ
3237 954 3335 1025 μέν
3364 949 3456 1008 οὖν
3489 954 3586 1008 τοῦ
3606 953 3745 1010 Θεοῦ

2174 1040 2393 1113 ῥάϐδος.
2444 1041 2629 1097 εὐθεῖά
2668 1061 2751 1108 τις
2788 1041 2923 1098 οὖσα
2961 1038 3056 1099 καὶ
3097 1042 3433 1116 παιδευτικὴ,
3478 1045 3619 1100 κατά
3658 1045 3741 1111 τὸ,

2180 1148 2200 1181 σ
2223 1131 2442 1197 Ῥἀὸδος
2467 1132 2758 1205 εὐθύτητος
2778 1137 2811 1205 ή
2836 1134 3028 1206 ῥάϐδος
3038 1135 3135 1206 τῆς
3154 1134 3427 1206 βασιλείας
3450 1134 3565 1189 σοῦ·
3593 1156 3612 1187 s
3632 1140 3748 1204 τοῖς

2177 1221 2370 1291 ίάσιμα
2387 1223 2726 1295 ἡμαρτηκόσι
2739 1232 3033 1296 τετήρηται
3049 1226 3129 1289 είς
3155 1224 3432 1279 παίδευσιν
3454 1225 3634 1280 αὐτῶν
3652 1227 3747 1290 καὶ

2174 1308 2455 1381 βελτίωσιν
2477 1314 2569 1365 καὶ
2587 1312 2763 1389 ψυχῆς
2781 1314 3042 1384 ὠφέλειαν
3058 1317 3461 1387 προσαγομένη⁸
3480 1319 3509 1371 ό
3526 1314 3585 1371 δέ
3608 1315 3748 1389 μηδὲ

2170 1404 2329 1477 ὀρθὸν
2354 1405 2489 1476 μηδὲ
2517 1406 2644 1461 εὐθὺ
2672 1406 3155 1477 κεκτημένος,ὃλος
3179 1405 3235 1460 δέ
3261 1405 3434 1461 διόλου
3456 1406 3742 1478 καμπύλος

2170 1499 2266 1552 καὶ
2290 1498 2518 1564 σκολιὸς,
2537 1500 2710 1572 χαμαί
2725 1515 2784 1553 τε
2801 1500 2894 1553 ἐπὶ
2910 1499 2973 1553 τὸ
2996 1499 3188 1572 στῆθος
3207 1501 3300 1554 καὶ
3314 1500 3519 1554 κοιλίαν
3534 1501 3741 1574 ἕρπων,

2170 1591 2472 1662 ἐφεδρεύων
2500 1609 2560 1652 τε
2588 1597 2700 1657 τοῖς
2739 1592 2956 1646 πάντων
2984 1592 3139 1646 ποσὶν
3168 1594 3261 1647 ἐπὶ
3287 1594 3350 1647 τὸ
3367 1592 3631 1659 σκελίζειν
3652 1593 3748 1650 καὶ

2169 1682 2525 1740 καταϐάλλειν
2555 1685 2772 1749 αὐτοὺς,
2810 1684 2947 1755 μετά
2999 1684 3204 1748 πάντας
3256 1686 3381 1747 τοὺς
3423 1683 3640 1750 ἀσεθείς
3678 1688 3748 1757 τῇ

497 1770 743 1836 molitur,
792 1784 914 1842 post
947 1773 1142 1843 impios
1171 1788 1362 1831 omnes
1382 1815 1400 1841 ,
1429 1777 1605 1847 gravi,
1630 1792 1828 1848 magno
1854 1777 2060 1832 valid)-

2173 1775 2387 1848 σκληρᾷ
2418 1776 2512 1831 καὶ
2548 1774 2758 1847 μεγάλη
2792 1776 2879 1830 καὶ
2936 1777 3132 1851 ισχυρᾲ
3155 1776 3399 1848 μαχαίρᾳ
3438 1775 3747 1850 παραδοθήο

495 1874 607 1931 que
643 1861 822 1933 gladio
848 1865 1113 1929 tradetur,
1149 1882 1309 1936 quem
1343 1869 1442 1939 ipsi
1472 1869 1573 1924 soli
1605 1884 1831 1941 magnus
1867 1871 1955 1926 ille
1984 1869 2060 1927 Jun

2174 1883 2346 1930 σεται,
2384 1866 2451 1940 ἢν
2477 1866 2626 1938 αὐτῷ
2651 1868 2796 1939 μόνῳ
2837 1871 2866 1921 ό
2910 1869 3082 1940 μέγας
3125 1869 3317 1941 κριτὴς
3367 1869 3747 1940 ἐταμιεύσατο.

496 1956 601 2011 de:
630 1956 965 2013 reconditum
988 1970 1039 2014 ct
1072 1970 1315 2030 paratunt
1349 1963 1563 2018 habuit.
1595 1963 1845 2020 Gladium
1874 1966 1960 2020 hic
1983 1981 2060 2022 νο·

2171 1957 2465 2029 Μάχαιραν
2505 1960 2740 2016 ἐνταῦθα
2778 1960 2925 2030 λέγει
2956 1963 3056 2033 τὴν
3096 1962 3373 2033 ἐνέργειαν
3421 1962 3523 2033 τῆς
3565 1961 3745 2032 δίκηςο

497 2057 586 2103 cat
616 2048 838 2104 ultionis
873 2049 1125 2107 ell'ectum
1160 2071 1175 2107 :
1207 2069 1366 2123 quem
1421 2056 1546 2111 item
1591 2066 1843 2113 sanctum
1894 2058 2067 2122 dicit,

494 2155 617 2195 eum
646 2150 708 2197 ut
737 2142 1007 2197 minarum
1033 2153 1296 2201 terrorem
1344 2147 1548 2215 leniat,
1574 2159 1688 2204 tum
1720 2158 1781 2205 ut
1819 2150 2072 2205 ostendat

495 2246 588 2290 eos
630 2235 723 2306 qui
766 2236 1031 2306 supplicio
1064 2236 1394 2307 afﬁcientur,
1438 2257 1547 2297 non
1597 2242 1662 2298 ad
1696 2243 1922 2299 exitium
1951 2258 2070 2297 ver-

492 2331 684 2385 tendos
709 2366 729 2399 ,
761 2331 855 2385 sed
888 2331 1300 2401 castigationem
1332 2335 1461 2403 ipsis
1492 2336 1800 2392 sanctitatis
1835 2351 2064 2391 causam

494 2421 732 2477 futuram
757 2438 896 2478 esse.
921 2424 991 2478 At
1017 2425 1161 2479 enim
1196 2425 1338 2481 Deus
1362 2427 1493 2482 dum
1524 2429 1779 2500 castigat,
1809 2444 1916 2485 non
1940 2443 2067 2500 per-

495 2513 651 2579 dere,
685 2514 780 2569 sed
803 2530 898 2569 eos
924 2516 1015 2585 qui
1042 2527 1432 2575 convertuntur
1457 2520 1748 2576 emendare
1774 2530 1831 2576 et
1864 2520 2067 2578 sancti-

493 2602 658 2659 (lcarc
672 2614 946 2674 peroptat.

565 2693 729 2751 Vens.
768 2696 891 2752 2-4.
939 2716 958 2750 ι
986 2695 1043 2752 In
1085 2698 1174 2755 illa
1210 2699 1297 2756 die
1333 2700 1489 2756 vinea
1541 2701 1770 2771 pulchra
1804 2702 2066 2759 :deside-

492 2788 633 2841 rium
686 2788 914 2843 canendi
948 2797 1137 2844 contra
1188 2791 1356 2849 illam.
1413 2792 1529 2863 Ego
1576 2793 1771 2849 civitas
1829 2793 2059 2862 munita,

491 2880 685 2936 civitas
731 2881 976 2947 obsessa,
1033 2881 1234 2944 frustra
1282 2892 1466 2953 potum
1509 2885 1651 2939 dabo
1679 2884 2062 2954 illi:capietur

491 2971 637 3025 enim
664 2983 848 3036 noctu,
877 2973 963 3027 die
989 2972 1181 3030 autem
1212 2975 1370 3030 cadet
1416 2991 1607 3031 murus
1637 2977 1775 3047 ejus.
1817 2975 1935 3031 Non
1975 2984 2059 3031 est

491 3075 613 3131 qua:
637 3075 741 3117 non
776 3065 1197 3134 apprehenderit
1229 3080 1370 3121 eam.
1403 3066 1535 3134 Quis
1563 3078 1726 3138 ponet
1755 3086 1842 3125 me
1869 3079 2058 3124 custo-

2168 2052 2307 2109 ἀλλὰ
2336 2054 2428 2106 καὶ
2459 2054 2622 2123 ἀγίαν
2652 2054 2825 2118 καλεῖ,
2859 2052 2994 2125 ὁμοῦ
3038 2054 3135 2125 μὲν
3168 2053 3656 2125 παραμυθούμενος
3682 2052 3748 2109 τδ

2169 2143 2397 2216 φοϐερὸν
2434 2146 2533 2216 τῆς
2564 2146 2816 2215 ἀπειλῆς,
2850 2144 2985 2217 ὁμοῦ
3018 2145 3075 2199 δὲ
3107 2146 3201 2199 και
3236 2145 3470 2210 δεικνὺς,
3521 2145 3598 2209 ὡς
3642 2144 3747 2201 εὐκ

2168 2238 2249 2300 είς
2278 2235 2552 2292 ἀπιὶιλειαν
2583 2238 3047 2310 καταστρέψωσιν
3068 2240 3117 2291 οί
3142 2237 3561 2313 τιμωρούμενοι·
3583 2238 3723 2306 ἀγιω

2169 2329 2334 2400 σύνης
2354 2345 2414 2383 τε
2443 2331 2625 2395 αὐτοῖς
2646 2330 2818 2387 αἴτιον
2847 2330 2997 2390 ἔσται
3026 2330 3363 2402 μετανοοῦσι.
3386 2330 3498 2385 Καὶ
3516 2331 3625 2403 γὰρ
3642 2331 3745 2384 οὐκ

2167 2422 2425 2477 ἀπολέσαι
2467 2422 2717 2493 βούλεται
2759 2423 2789 2481 ό
2838 2422 2971 2486 Θεὸς
3009 2422 3298 2488 παιδεύων,
3345 2421 3482 2477 ἀλλά
3506 2422 3742 2496 καθᾶραι

2166 2515 2262 2573 καὶ
2290 2515 2511 2584 ἁγιάσαι
2540 2515 2995 2587 ἐπιστρέψαντας.

2238 2713 2258 2747 ι
2301 2693 2382 2767 Τῇ
2428 2696 2608 2767 ἡμέρᾳ
2657 2697 2839 2772 ἐκείνῃ
2886 2696 3145 2767 ἀμπελὼν
3185 2696 3369 2762 καλὸς,
3418 2697 3739 2771 ἐπιθύμημα

2164 2785 2415 2858 ἐξάρχειν
2449 2790 2569 2841 κατ’
2604 2789 2792 2859 αὐτῆς.
2843 2789 2984 2858 Ἐγὼ
3031 2788 3184 2853 πόλις
3224 2788 3420 2861 ὀχυρὰ,
3467 2791 3621 2856 πόλις
3651 2808 3737 2846 που

2161 2880 2542 2953 λιορκουμὲνη,
2605 2882 2780 2955 μάτην
2828 2881 2996 2934 ποτιῶ
3051 2881 3220 2953 αὐτήν
3245 2898 3258 2912 υ
3324 2880 3586 2938 ἁλώσεται
3629 2884 3737 2957 γὰρ

2161 2974 2374 3037 νυκτὸς,
2426 2974 2637 3045 ἡμέρας
2676 2972 2732 3027 δὲ
2772 2976 3015 3028 πεσεῖται
3055 2973 3118 3026 to
3162 2976 3340 3044 τεῖχος
3389 2973 3575 3049 αὐτῆς.
3623 2975 3734 3029 Οὐκ

2165 3063 2310 3117 ἐστιν
2353 3065 2387 3135 ἠ
2420 3064 2521 3118 οὐκ
2547 3063 2841 3121 ὲπελάὕετο
2874 3062 3065 3133 αὐτῆς.
3100 3062 3196 3127 Τίς
3239 3081 3306 3135 με
3347 3063 3499 3136 θήσει
3532 3063 3730 3135 φνλάσο

488 3158 611 3208 dem
642 3153 808 3209 culmi
842 3156 892 3209 in
920 3157 1096 3226 agro?
1134 3167 1359 3228 propter
1390 3159 1667 3215 inimicam
1698 3161 1841 3217 hanc
1885 3161 2058 3231 repuli

2165 3173 2278 3210 σειν
2315 3156 2565 3227 καλάμην
2608 3157 2667 3209 ἐν
2707 3156 2897 3227 ἀγρῷς
2946 3155 3034 3210 διὰ
3079 3156 3178 3227 τὴν
3225 3156 3485 3229 πολεμίαν
3522 3156 3727 3228 ταύτην

488 3259 632 3310 cum.
657 3244 782 3301 Ideo
810 3246 939 3302 fecit
971 3249 1229 3305 Dominus
1250 3251 1433 3306 omnia
1455 3266 1576 3322 qua:
1592 3254 1876 3323 disposuit.
1901 3254 2063 3309 Cont-

488 3337 648 3391 lntsta
670 3351 811 3393 sum.
848 3356 868 3392 ι
924 3338 1050 3396 ΙΙιιιο
1094 3356 1258 3411 porro
1290 3352 1374 3399 est
1422 3345 1553 3400 dicti
1580 3348 1847 3402 sententia
1874 3363 1889 3401 :
1918 3348 2057 3404 Num

492 3426 689 3483 malum
715 3444 813 3500 pro
852 3432 998 3487 malo
1020 3434 1271 3502 gentibus
1311 3435 1661 3492 reddiderunt
1683 3478 1700 3505 ,
1737 3440 1830 3509 qui
1866 3455 2057 3509 pacem

492 3520 598 3577 illis
658 3522 1061 3592 prmdicabant?
1137 3525 1202 3581 lli
1252 3528 1399 3583 enim
1456 3528 1883 3598 insequebantur
1940 3549 2056 3599 eos,

488 3612 670 3683 plagis
698 3614 863 3669 etiam
894 3615 1129 3682 additis;
1177 3617 1251 3672 illi
1297 3633 1427 3673 vero
1475 3619 1843 3690 pulcherrima
1903 3624 2055 3693 ipsis,

485 3716 681 3772 pacem
744 3706 956 3761 scilicet
1010 3710 1424 3764 annnntiahant.
1489 3708 1629 3767 Num
1690 3713 1855 3784 igitur
1902 3717 2053 3787 paria

484 3796 826 3865 patiebantur
854 3799 1083 3868 gentiles
1112 3799 1211 3866 illi,
1253 3802 1377 3857 dum
1406 3803 1557 3873 pacis
1583 3819 1862 3875 praecones
1912 3808 2057 3878 inju-

485 3887 588 3942 riis
637 3886 954 3943 alllcereut?
999 3888 1375 3946 Verberabaut
1430 3893 1600 3958 enim,
1660 3910 1761 3950 nec
1814 3897 2054 3952 vicissim

480 3994 516 4029 ν
536 3979 811 4051 ιριιιιώαιιι
833 3996 849 4045 ;
869 3982 1192 4037 occidebant
1217 3998 1322 4038 nec
1344 3985 1737 4041 occidebantur
1764 4003 1781 4043 :
1813 4004 2059 4058 pugnan-

484 4080 579 4126 tes.
597 4079 779 4127 autem
810 4082 866 4127 et
884 4074 1179 4144 opprobria
1202 4074 1519 4142 inferentes,
1550 4078 1698 4145 ipsos
1727 4081 2056 4137 divexabant

482 4170 646 4229 atque
673 4160 985 4231 pellebant:
1035 4163 1112 4218 illi
1160 4179 1292 4219 vero
1345 4181 1453 4221 non
1510 4177 1807 4236 cessantes,
1868 4186 2054 4240 pacem

481 4250 618 4321 ipsis
648 4262 702 4308 et
733 4252 872 4307 bona
896 4253 1243 4310 nuntiabant.
1273 4255 1451 4323 Quare
1478 4258 1659 4313 subdit
1686 4275 1704 4313 :

2157 3248 2400 3321 ὴθέτηκα
2461 3250 2646 3321 αὐτήν.
2694 3249 2885 3303 Τοίνυν
2926 3249 3016 3303 διὰ
3060 3248 3220 3304 τοῦτο
3262 3250 3483 3321 ἐποίησε
3530 3247 3728 3324 Κύριος

2157 3342 2335 3395 πάντα
2355 3343 2454 3396 ὅσα
2484 3341 2760 3408 συνέταξε.
2788 3342 3243 3411 Κατακέκαυμαι.
3277 3362 3296 3394 ι
3334 3342 3394 3397 ’0
3413 3341 3469 3396 δέ
3491 3340 3614 3406 νοῦς
3638 3340 3732 3396 τοῦ

2156 3433 2315 3502 λόγου
2350 3432 2590 3497 τοιοῦτός
2622 3435 2772 3487 ἐστι’
2807 3434 2898 3504 Μή
2932 3450 2985 3487 τι
3027 3434 3198 3491 κακὸν
3256 3434 3379 3487 ἀντὶ
3419 3434 3591 3488 κακοῦ
3623 3434 3737 3497 τοῖς

2158 3522 2367 3582 εθνεσιν
2405 3522 2723 3577 ἀπεδίδοσαν
2767 3526 2816 3577 οί
2862 3523 3225 3595 κηρύττοντες
3265 3525 3449 3588 αὐτοῖς
3482 3525 3734 3597 είρήνην;

2159 3614 2223 3667 Ol
2260 3614 2357 3685 μὲν
2387 3613 2495 3685 γάρ
2525 3613 2746 3670 ἐδίωκον
2786 3614 2985 3678 αὐτοὺς
3031 3616 3127 3673 καὶ
3166 3615 3380 3687 πληγὰς
3417 3615 3732 3678 amoma;-

2156 3704 2208 3760 εί
2238 3704 2295 3758 δὲ
2321 3705 2390 3758 τὰ
2417 3704 2677 3759 κάλλιστα
2709 3707 2893 3771 αὐτοῖς
2915 3708 3015 3783 τήν
3041 3709 3265 3783 εἰρήνην
3296 3707 3728 3782 εὐηγγελίζοντο.

2155 3799 2300 3869 Μήτι
2347 3794 2439 3852 οὖν
2484 3799 2555 3851 τά
2595 3797 2686 3852 ίσα
2733 3798 2969 3873 ἔπασχον
3001 3801 3050 3853 oi
3097 3800 3155 3865 ἐξ
3204 3799 3395 3865 ἐθνῶν,
3430 3800 3736 3867 ἀδικοῦντες

2155 3890 2283 3953 τοὺς
2322 3889 2421 3962 τῆς
2453 3891 2679 3963 εἰρήνης
2720 3892 3002 3963 κήρυκας;
3036 3892 3306 3945 Ἐτυπτον
3339 3893 3469 3964 γάρ,
3512 3893 3607 3949 καὶ
3637 3893 3737 3947 οὐκ

2156 3981 2565 4047 ἀντετύπτοντο,
2587 3984 2681 4037 καὶ⁵
2718 3982 2972 4055 ἀνῄρουν,
3018 3983 3131 4044 ἀλλ’
3165 3984 3265 4039 οὐκ
3310 3984 3736 4063 ἀντανηροῦντω

2156 4073 2252 4126 καὶ
2298 4074 2593 4144 μαχόμενοι
2637 4074 2694 4128 δὲ
2739 4076 2832 4129 καὶ
2868 4074 3236 4142 ὀνειδίζοντες,
3274 4075 3497 4130 ἐδίωκον
3539 4076 3737 4139 αὐτοὺς

2158 4166 2252 4222 καὶ
2295 4167 2711 4233 ἐξαπέστελλον·
2739 4169 2787 4221 oi
2826 4168 2881 4221 δὲ
2919 4170 3020 4222 οὐκ
3052 4169 3359 4242 ἀνεχώρουν
3398 4168 3492 4224 τοῦ
3528 4171 3625 4245 τὴν
3655 4172 3737 4224 εί-

2158 4258 2329 4333 ρήνην
2368 4259 2461 4312 καὶ
2490 4258 2585 4311 τοῦ
2618 4259 2686 4314 τά
2718 4260 2899 4329 ἀγαθά
2926 4262 3108 4324 αὐτοῖς
3142 4259 3611 4333 εὐαγγελίζεσθαι.
3645 4262 3737 4316 Διδ

2158 4350 2421 4418 ἐπιλέγει·

548 4434 715 4491 Vens.
755 4434 872 4492 5-8.
919 4436 1285 4500 «Clamabunt
1308 4436 1649 4494 habitatores
1677 4441 1793 4509 ejus
1821 4460 1835 4497 :
1865 4440 2054 4497 Facia-

2234 4459 2252 4491 ι
2291 4441 2582 4513 Βοήσονται
2626 4445 2671 4496 οι
2720 4444 3054 4509 ἐνοικοῦντες
3099 4446 3155 4499 ἐν
3206 4447 3369 4518 αὐτῇο
3421 4449 3737 4519 ποιήσωμεν

478 4540 601 4581 mus
631 4540 820 4594 pacem
852 4544 974 4583 cum
1005 4544 1092 4595 eo,
1126 4529 1393 4584 Faciamus
1435 4544 1622 4599 pacem
1658 4549 1672 4586 :
1703 4535 1795 4602 qui
1829 4536 2052 4588 veniunt

477 4618 576 4675 lilii
602 4614 772 4674 Jacoli
813 4621 1215 4687 germinahunt,
1264 4633 1320 4678 et
1355 4616 1568 4680 ﬂorebit
1598 4625 1761 4682 Israel
1794 4644 1809 4682 :
1839 4636 1895 4681 et
1945 4627 2049 4681 im-

477 4708 717 4778 plebitur
744 4714 892 4766 terra
924 4710 1102 4768 fructu
1134 4713 1270 4783 ejus.
1314 4714 1452 4770 Num
1495 4717 1637 4771 sicut
1680 4718 1793 4788 ipse
1821 4734 2052 4788 percus-

476 4801 571 4868 sit,
627 4811 681 4857 et
735 4803 850 4871 ipSc
901 4804 1155 4861 similiter
1212 4809 1582 4876 percntietur?
1637 4819 1691 4865 et
1734 4811 1877 4865 sicut
1934 4811 2052 4881 ipse

475 4894 700 4959 occidit,
727 4894 799 4949 ita
823 4894 1134 4952 occidetur?
1158 4896 1411 4971 Pngnans
1435 4913 1492 4955 ct
1527 4900 1861 4968 exprobrans
1888 4902 2056 4957 emit-

476 4992 553 5041 tet
580 4997 698 5041 cos.
728 4984 918 5041 Nonne
942 4998 993 5040 tu
1022 4998 1170 5053 eras,
1199 4989 1290 5058 qui
1324 4992 1678 5047 meditabaris
1696 4992 1891 5064 spiritu
1913 4992 2050 5048 duro

474 5064 785 5131 interﬁcere
812 5090 907 5130 eos
936 5077 1126 5146 spiritu
1166 5078 1454 5134 furorislt
1493 5080 1621 5136 llmc
1669 5084 1815 5137 enim
1868 5083 2046 5139 medi-

471 5165 725 5222 tabantur
762 5167 835 5222 illi
887 5184 953 5224 es
993 5172 1245 5241 gentibus
1283 5171 1553 5237 inﬁdeles,
1591 5173 1823 5242 «Spiritu
1861 5175 1997 5229 duro
2022 5193 2044 5228 ι

471 5268 661 5317 contra
718 5261 991 5333 apostolos
1030 5262 1233 5317 Christi
1290 5266 1574 5332 occupati,
1609 5266 1849 5337 nihilque
1898 5266 2045 5323 aliud

472 5354 794 5421 cogitantes,
825 5371 987 5425 quam
1023 5358 1291 5426 quomodo
1328 5357 1519 5413 eodem
1546 5360 1737 5429 spiritu
1765 5362 2048 5418 interllceo

474 5453 730 5500 renteos.
758 5445 868 5500 Sed
894 5448 1152 5517 quoniam
1203 5450 1461 5505 :erumnis
1500 5450 1805 5521 huiusmodi
1857 5453 2043 5511 allecti

476 5532 572 5601 illi,
619 5553 639 5586 ι
664 5551 728 5591 ex
756 5535 926 5595 Jacob
967 5543 1362 5612 germinantes,
1414 5551 1466 5596 et
1505 5558 1571 5600 ex
1611 5542 1778 5602 Israel
1823 5544 2043 5602 clllore-

537 5714 580 5745 "
612 5714 945 5782 Deut.xsxn.
992 5720 1071 5773 l3.
1151 5722 1195 5753 ”
1225 5721 1363 5775 Dsal.
1394 5720 1535 5788 IUV,
1562 5720 1612 5776 7.

2157 4534 2382 4605 εἰρήνην
2418 4534 2588 4605 αὐτῷ,
2621 4535 2936 4607 ποιήσωμεν
2966 4537 3215 4608 εἰρήνηνο
3250 4540 3299 4595 οἱ
3331 4540 3615 4615 ἐρχόμενοι
3649 4539 3736 4593 τέο

2157 4642 2264 4678 κνα
2312 4625 2507 4681 Ἰακὼὸ
2542 4626 2858 4699 βλαστήσει,
2904 4630 2999 4682 καὶ
3027 4629 3309 4701 ἐξανθήσει
3366 4631 3601 4705 Ἰσραήλ,
3639 4632 3735 4688 καὶ

2156 4714 2599 4788 ἐμπλησθήσεται
2643 4720 2677 4791 ὴ
2709 4722 2999 4793 οἰκουμένη
3033 4722 3124 4776 τοῦ
3167 4722 3381 4794 καρποῦ
3422 4723 3607 4783 αὐτοῦ.
3642 4726 3737 4800 Μὴ

2159 4808 2235 4871 ὡς
2266 4807 2428 4872 αὐτὸς
2451 4808 2708 4876 ἐπάταξε,
2733 4812 2827 4865 καὶ
2847 4813 3009 4878 αὐτὸς
3034 4813 3205 4877 οὓτως
3229 4814 3565 4890 πληγήσεται
3583 4834 3598 4849 ’
3637 4819 3738 4878 καὶ

2159 4899 2236 4963 ὡς
2266 4899 2429 4964 αὐτὸς
2459 4900 2687 4969 ἀνεῖλεν,
2726 4901 2900 4969 οὕτως
2929 4905 3375 4981 ἀναιρεθήσεται;
3409 4909 3736 4982 Μαχόμενος

2160 4991 2254 5044 καὶ
2280 4990 2553 5056 ὀνειδίζων
2579 4994 2927 5059 ἐξαποστελεῖ
2949 4998 3164 5063 αὐτούς.
3196 5002 3270 5055 οὐ
3301 5001 3366 5053 σύ
3401 4996 3544 5074 ἦσθα
3576 5000 3735 5073 μελε-

2158 5080 2268 5136 τῶν
2310 5082 2387 5154 τῷ
2415 5082 2684 5157 πνεύματι
2707 5086 2785 5159 τῷ
2827 5087 3066 5161 σκληρῷ,
3091 5091 3300 5146 ἀνελεῖν
3336 5093 3533 5158 αὐτοὺς
3569 5093 3737 5146 πνεύ-

2160 5188 2290 5245 ματι
2336 5173 2541 5245 θυμοῦς
2589 5194 2608 5227 ι
2659 5176 2843 5232 Ταῦτα
2894 5179 3005 5250 γάρ
3043 5179 3310 5250 ἐμελέτων
3354 5182 3404 5234 οἱ
3451 5179 3510 5246 ἐξ
3561 5179 3737 5234 ἐθνῶν

2155 5267 2371 5320 ἄπιστοι
2413 5268 2552 5322 κατά
2588 5269 2696 5322 τῶν
2741 5271 3051 5323 ἀποστόλων
3091 5271 3187 5325 τοῦ
3227 5273 3463 5344 Χριστοῦ
3511 5292 3531 5325 ι
3571 5272 3740 5327 msti-

2158 5375 2287 5432 ματι
2322 5359 2542 5432 σκληρῷ
2573 5380 2592 5412 ι
2642 5361 3014 5432 κατεχόμενοι,
3056 5365 3151 5418 καὶ
3193 5366 3357 5423 οὐδὲν,
3383 5366 3571 5438 ἕτερον
3615 5366 3736 5420 διαο

2153 5451 2453 5526 νοούμενοι,
2506 5455 2539 5526 ἢ
2577 5455 2723 5521 ὅπως
2771 5457 3034 5511 ἀνέλωσιν
3089 5461 3285 5525 αὐτοὺς
3326 5460 3405 5534 τῷ
3448 5465 3507 5515 ἐν
3547 5461 3736 5528 αὐτοῖς

2152 5548 2445 5621 πνεύματι.
2489 5548 2626 5612 Ἀλλ’
2675 5550 2859 5623 ἐπειδὴ
2900 5551 3449 5631 τοιαῦταμάσχοντες
3469 5558 3518 5612 οἱ
3547 5558 3611 5611 ἐκ
3632 5554 3732 5613 τοῦ
