4118 6384
526 307 635 362 285

1239 300 1504 356 EUSEBII
1543 300 2022 358 CJESARIENSlS
2060 301 2212 357 OPP.
2254 301 2431 356 PARS
2469 301 2557 356 111,
2595 331 2666 343 —
2702 295 3121 354 EXEGETICA.

3678 298 3792 350 284

437 485 444 506 ι
529 421 899 484 miserebitur.
925 422 1013 490 qui
1044 422 1170 475 fecit
1207 436 1320 486 eos,
1351 429 1408 474 et
1441 421 1530 490 qui
1569 421 1824 477 formavit
1859 438 1954 478 eos
2000 440 2088 478 ιιοι

2209 423 2524 495 οίκτειρήσῃ
2567 425 2596 476 ό
2628 424 2857 493 ποιήσας
2887 423 3103 483 αὐτοὺς,
3130 419 3250 474 οὐδὲ
3283 421 3312 472 ό
3343 419 3551 481 πλάσας
3592 419 3824 506 αὐτοὺςξ
3863 451 3868 456 -

528 515 895 569 miserebitur.
922 533 940 566 ι
975 513 1070 567 llis
1089 513 1382 583 significari
1414 513 1652 568 arbitror
1672 515 1871 569 bellum
1899 515 2104 572 Judaeis

527 605 582 661 in
607 606 1014 660 Palzestinnrum
1043 617 1222 676 gente,
1240 614 1363 676 post
1380 606 1585 661 editum
1613 619 1806 662 contra
1829 608 2103 665 Christum

526 697 759 761 facinus,
790 698 1015 749 illatum.

598 785 762 840 Vens.
806 788 891 840 12.
940 805 958 837 ι
990 787 1054 840 Ει
1090 788 1196 841 erit
1229 788 1279 842 in
1319 788 1406 843 die
1431 789 1555 855 illa,
1584 792 1869 847 concludet
1898 793 2040 848 Deus
2072 799 2102 848 ιι

525 876 667 930 fossa
699 876 957 943 ﬂuminis,
981 893 1155 946 usque
1181 879 1247 930 ad
1273 879 1731 936 llhinocoruram.
1767 881 1876 938 Vos
1920 896 2100 939 autem

524 979 849 1037 congregate
877 969 1156 1037 sigillatim
1204 970 1344 1025 iilios
1393 971 1576 1026 Israel.
1608 993 1625 1026 ι
1662 973 1755 1027 Est
1802 975 1902 1030 hoc
1950 977 2102 1046 oppio

519 1058 645 1112 dum
682 1060 747 1112 ad
793 1071 1033 1115 montem
1095 1062 1239 1116 inter
1291 1062 1586 1134 Egyptum
1637 1075 1691 1118 et
1753 1065 2099 1121 Palaestinam

499 1153 700 1205 'situm.
728 1153 1074 1222 Quapropter
1112 1159 1410 1210 secundum
1460 1159 1699 1228 reliquos
1743 1158 2098 1229 interpretes,

522 1257 543 1292 ‹
579 1241 721 1294 intra
792 1252 1092 1296 torrentem
1154 1242 1455 1314 Egypti,»
1511 1249 1719 1300 dictum
1770 1257 1876 1302 est.
1933 1249 2098 1316 Queis

514 1333 918 1398 subindicatur,
958 1343 1017 1387 ut
1059 1334 1181 1403 .jam
1213 1337 1344 1400 dixi,
1402 1338 1602 1392 bellum
1641 1337 1845 1395 Judmis
1892 1341 1945 1396 in
1994 1340 2098 1396 Pa-

521 1425 857 1478 :testinorum
891 1437 1051 1496 gente
1080 1427 1294 1496 positis,
1329 1428 1692 1485 inferendum.

589 1512 752 1572 Vens.
796 1517 884 1570 l5.
930 1536 950 1570 ‹
983 1518 1046 1572 Et
1091 1519 1198 1572 erit
1261 1519 1313 1574 in
1365 1521 1452 1575 die
1485 1521 1609 1585 illa,
1660 1523 1915 1591 clangent
1968 1525 2096 1579 tuba

499 1621 733 1676 magna,
759 1617 814 1662 et
849 1611 1070 1664 venient
1096 1612 1186 1679 qui
1215 1611 1490 1682 perierant
1517 1614 1570 1667 in
1600 1616 1823 1685 regione
1852 1617 2096 1687 Assyrio-

512 1715 661 1764 rum,
712 1710 766 1754 et
807 1702 900 1770 qui
935 1703 1214 1770 perierant
1261 1705 1313 1758 in
1364 1704 1599 1776 [Egypto
1636 1721 1650 1758 :
1683 1717 1738 1762 et
1787 1710 2096 1764 adorabunt

2207 517 2268 568 οὺ
2310 517 2382 586 μὴ
2419 493 2632 587 ἐλεήσῃ.
2675 534 2692 566 ι
2746 510 2914 583 Οἶμαι
2945 513 3000 564 δὲ
3041 512 3127 564 διὰ
3164 511 3370 564 τούτων
3427 493 3823 580 σημαινεσθαιἱ

2205 609 2298 660 τὸν
2327 608 2621 661 ἐπελθόντα
2660 610 2770 670 τοῖς
2820 606 3086 668 Ἰουδαίοις
3131 605 3365 675 πόλεμον
3403 603 3545 656 κατὰ
3575 603 3637 656 τὸ
3677 603 3790 657 Πα-

2204 699 2492 753 λαιστίνων
2522 699 2692 762 ἔθνος,
2729 699 2864 769 μετὰ
2889 700 2988 767 τὴν
3023 697 3164 750 κατὰ
3190 696 3422 767 Χριστοῦ
3451 695 3677 766 τόλμαν.

2281 812 2297 842 ι
2336 794 2446 845 Καὶ
2471 791 2625 844 ἔσται
2654 793 2709 843 ἐν
2735 793 2799 860 τῇ
2824 790 3005 860 ἡμέρᾳ
3034 788 3237 860 ἐκείνῃ,
3271 788 3575 859 συμφράξει
3605 789 3633 839 ὁ
3653 786 3789 854 Θεὸς

2203 883 2313 937 ἀπὸ
2344 883 2443 953 τῆς
2475 882 2740 954 διώρυγος
2773 881 2865 934 τοῦ
2914 880 3159 952 ποταμοῦ
3193 881 3298 945 ἕως
3338 878 3784 952 Ῥινσκορούρων.

2215 973 2401 1043 Ὑμεῖς
2426 973 2482 1026 δὲ
2507 974 2839 1040 συναγάγετε
2869 974 3008 1024 κατὰ
3041 973 3133 1024 ἕνα
3165 972 3292 1034 τοὺς
3313 973 3462 1035 υἱοὺς
3497 971 3726 1042 Ἰσραήλ.
3759 989 3780 1023 ι

2202 1065 2363 1128 Πόλις
2390 1065 2445 1117 δὲ
2477 1065 2613 1136 αὕτη
2663 1067 2809 1117 ἐστὶν
2841 1065 2983 1133 ἀμφὶ
3015 1063 3108 1116 τοῦ
3137 1062 3295 1135 ὅρους
3321 1063 3415 1115 τοῦ
3445 1063 3646 1134 μεταξὺ
3684 1062 3786 1132 τῆς

2201 1156 2478 1224 Αἰγύπτου
2527 1158 2618 1208 καὶ
2667 1156 2765 1226 τῆς
2807 1153 3170 1222 Παλαιστίνης
3210 1154 3459 1224 κειμένη.
3501 1153 3592 1206 Διὸ
3642 1152 3785 1207 κατὰ

2201 1250 2326 1311 τοὺς
2371 1249 2586 1311 λοιποὺς
2629 1246 2987 1318 ὲρμηνευτὰς,
3035 1265 3053 1296 ι
3093 1244 3199 1298 ἔσω
3227 1245 3320 1297 τοῦ
3357 1244 3657 1316 χειμάρρου
3691 1246 3786 1298 Al-

2201 1340 2430 1406 γυπτου,
2467 1359 2483 1390 ι
2516 1339 2758 1410 εἴρηταιο
2796 1337 3190 1408 αίνιττομένου,
3223 1337 3297 1400 ὡς
3324 1337 3478 1408 ἔφην,
3505 1336 3599 1390 τοῦ
3624 1336 3782 1405 λόγου

2199 1431 2290 1484 τὸν
2330 1431 2689 1501 γενησόμενον
2719 1429 2860 1484 κατὰ
2913 1427 3178 1482 Ἰουδαίων
3215 1427 3447 1498 πόλεμον
3479 1427 3537 1480 ἐν
3570 1425 3648 1497 τῷ
3674 1427 3785 1480 [Ια-

2201 1519 2488 1572 λαιστίνων
2529 1520 2690 1575 ἔθνει.
2732 1538 2750 1570 ι
2800 1519 2910 1572 Καὶ
2954 1519 3104 1572 ἔσται
3147 1520 3202 1571 ὲν
3347 1519 3530 1590 ἡμέρᾳ
3573 1520 3779 1591 ἐκείνῃ,

2202 1609 2492 1663 σαλπιοῦσι
2519 1613 2584 1681 τῇ
2640 1609 2900 1678 σάλπιγγι
2945 1613 3012 1681 τῇ
3064 1607 3296 1680 μεγάλῃ,
3339 1609 3434 1662 καὶ
3473 1609 3691 1679 ἥξουσιν
3730 1611 3780 1664 οἱ

2197 1704 2524 1774 ἀπολόμενοι
2570 1705 2627 1755 ὲν
2659 1704 2724 1772 τῇ
2762 1700 2916 1773 χώρᾳ
2945 1702 3052 1754 τῶν
3107 1701 3406 1773 Ἀσσυρίων
3441 1702 3534 1755 καὶ
3565 1703 3616 1754 οἱ
3648 1703 3782 1757 ἀπο-

516 1787 802 1846 Dominum
848 1809 1012 1863 super
1047 1803 1284 1849 montem
1339 1810 1590 1852 sanctum
1623 1799 1674 1852 in
1708 1799 2032 1864 Jerusalem.
2070 1820 2088 1850 ι

2198 1795 2412 1867 λόμενοι
2447 1799 2505 1849 ὲν
2549 1793 2829 1865 Αίγύπτῳο
2879 1795 2974 1847 κα)⁵
3008 1796 3444 1866 προσκυνήσουσι
3473 1793 3550 1864 τῷ
3592 1796 3783 1868 Κυρίῳ

514 1884 892 1952 Expetendum
918 1886 1066 1940 enim
1107 1896 1212 1951 est,
1243 1898 1300 1940 ut
1330 1888 1413 1943 vel
1443 1907 1580 1945 unus
1610 1906 1824 1954 eorum,
1857 1893 1938 1946 vel
1964 1894 2086 1955 duo,

514 1972 597 2025 vel
627 1973 830 2043 aliquot
867 1990 1036 2044 parvo
1069 1991 1297 2032 numero
1332 1994 1429 2049 per
1475 1981 1716 2050 singulas
1760 1984 1954 2050 nrbes,
2001 1995 2093 2038 aut

509 2079 613 2132 per
647 2065 887 2136 singulas
907 2079 1098 2138 gentes
1127 2070 1360 2125 salutem
1405 2073 1712 2128 ‘obtiueant.
1755 2073 1867 2130 llos
1911 2077 2095 2144 itaque

511 2157 790 2227 sigillatim
826 2173 1157 2232 congregate
1192 2181 1207 2219 :
1243 2165 1465 2235 reliquis
1507 2183 1634 2222 vero
1674 2169 1928 2236 gentibus
1969 2172 2095 2225 tuba

506 2263 908 2320 magna'cauet,
940 2269 1004 2309 ac
1019 2271 1144 2309 cum
1171 2256 1410 2314 clamore
1435 2260 1712 2329 loquetur,
1743 2262 2096 2319 audientibus

506 2343 780 2399 universis
807 2345 1140 2402 hominibus.
1191 2348 1576 2420 Egyptiorum
1607 2354 1828 2408 nomine
1858 2354 2088 2409 idolola-

508 2445 622 2490 tras
659 2451 850 2493 omnes
899 2439 1136 2506 indicat;
1174 2455 1269 2508 per
1317 2445 1570 2514 Assyrios
1617 2458 1833 2510 autem,
1879 2447 2094 2504 lsraelis

504 2527 780 2591 inimicos,
804 2532 897 2600 qui
925 2531 1240 2587 Judaeorum
1264 2537 1542 2606 regionem
1563 2539 1896 2593 obsederunt
1923 2556 1936 2591 :
1969 2557 2091 2595 nam

506 2621 834 2690 evangelicae
880 2623 1023 2677 illius
1075 2639 1204 2679 vere
1257 2619 1467 2697 magum
1513 2631 1657 2684 tuba:
1701 2631 2094 2700 praedicatione

505 2709 615 2763 illis
643 2713 948 2779 enuntiata,
980 2716 1070 2784 qui
1098 2718 1239 2786 apud
1271 2728 1464 2788 gentes
1499 2719 1832 2784 idololatria,
1867 2732 1918 2776 et
1965 2723 2092 2777 olim

507 2798 718 2856 inimici
743 2812 796 2856 et
825 2803 1012 2861 hostes
1061 2807 1376 2862 Israelitica:
1417 2810 1694 2880 religionis
1727 2821 1920 2876 erant,
1962 2827 2092 2866 con-

506 2893 654 2945 versi
700 2893 766 2946 ad
803 2894 970 2950 Deum
1011 2898 1314 2966 accedent;
1356 2900 1429 2954 ita
1478 2911 1538 2954 ut
1592 2901 1630 2956 ii
1681 2902 1776 2972 qui
1820 2903 2092 2972 quondam

507 2980 778 3036 idolorum
803 2985 952 3040 cultu
983 2997 1040 3042 et
1071 3003 1261 3046 errore
1300 2992 1497 3063 perditi
1530 3001 1723 3059 erant,
1768 2993 2092 3061 resipiscen-

502 3082 596 3127 tes
617 3083 671 3127 et
695 3075 758 3128 ad
792 3076 886 3131 Dei
914 3083 1284 3150 cognitionem
1315 3093 1648 3138 maturantes
1669 3127 1682 3150 ,
1726 3085 1960 3139 salutem
1995 3100 2090 3154 per

511 3164 783 3223 Christum
812 3171 1048 3228 oblatam
1075 3177 1484 3230 nanciscantnr.

2200 1887 2294 1940 ἐπὶ
2321 1888 2382 1940 τὸ
2424 1887 2548 1959 ὅρος
2575 1888 2636 1939 τὸ
2677 1887 2830 1954 ἇγιον
2867 1887 2924 1939 ἐν
2981 1886 3354 1958 Ἰερουσαλήμ.
3395 1905 3413 1939 ι
3478 1887 3784 1957 ’Δγαπητδν

2199 1977 2307 2048 γὰρ
2331 1977 2392 2029 τὸ
2424 1977 2527 2028 κᾶν
2564 1977 2680 2040 ἕνα,
2712 1976 2744 2046 ἢ
2781 1976 2874 2029 καὶ
2897 1975 3166 2046 δεύτερον,
3199 1977 3289 2028 καί
3314 1993 3463 2040 τινας
3492 1977 3784 2050 εὐαριθμή-

2195 2085 2322 2131 τους
2347 2067 2404 2132 ἐξ
2429 2067 2608 2121 αὐτῶν
2637 2067 2756 2122 καθ’
2789 2070 3023 2138 ἑκάστην
3047 2069 3200 2122 πόλιν
3224 2069 3256 2140 ἢ
3281 2070 3375 2122 καὶ
3403 2068 3525 2123 καθ’
3551 2069 3784 2126 ’ἑκαστον

2196 2163 2348 2225 ἔθνος
2380 2162 2668 2226 σώζεσθαι.
2701 2162 2936 2226 Τούτους
2970 2163 3068 2232 μὲν
3107 2159 3202 2216 οὖν
3249 2162 3388 2215 κατὰ
3422 2163 3518 2216 ἕνα
3551 2165 3782 2234 συναγά-

2195 2271 2350 2322 γετε·
2386 2259 2498 2318 τοῖς
2530 2256 2587 2308 δὲ
2628 2256 2834 2319 λοιποῖς
2876 2256 3053 2309 ἔθνεσι
3096 2256 3357 2325 σάλπιγγι
3391 2258 3638 2310 σαλπίσει
3689 2275 3784 2328 μεν

2193 2348 2356 2418 γάλη,
2398 2347 2490 2401 τοῦ
2525 2347 2684 2417 λόγου
2726 2347 2956 2419 βοῶντος
2999 2350 3078 2412 είς
3119 2347 3445 2412 ἐξάκουστον
3478 2351 3644 2402 πᾶσιν
3687 2351 3781 2404 ἀν-

2195 2439 2453 2511 θρώποις.
2503 2443 2768 2514 Σημαίνει
2814 2441 2869 2495 δὲ
2899 2441 2984 2495 διὰ
3027 2443 3124 2512 μὲν
3155 2443 3262 2496 τῶν
3298 2444 3628 2512 Αἰγυπτίων,
3657 2445 3781 2508 τοὺς

2193 2531 2586 2604 είδωλολάτρας
2627 2534 2858 2598 πάντας,
2906 2533 2994 2587 δια
3037 2535 3094 2590 δὲ
3133 2534 3244 2587 τῶν
3308 2536 3606 2607 Ἀσσυρίων
3658 2537 3780 2602 τοὺς

2196 2624 2487 2694 πολεμίους
2522 2625 2617 2678 τοῦ
2664 2626 2900 2697 Ἰσραὴλ,
2943 2628 3069 2690 τοὺς
3112 2627 3477 2699 πολιορκητὰς
3507 2629 3604 2700 τῆς
3654 2629 3779 2682 Ἰου-

2193 2713 2356 2767 δαίων
2387 2714 2568 2787 χώρας
2595 2717 2936 2786 γενομένους,
2967 2713 3047 2782 οἷς
3077 2718 3170 2771 τοῦ
3194 2718 3350 2786 λόγου
3370 2719 3458 2772 διὰ
3499 2720 3599 2788 τῆς
3623 2719 3780 2790 εὐαγο

2195 2805 2419 2876 γελικῆς
2465 2805 2763 2874 σάλπιγγος
2799 2809 2896 2878 τῆς
2939 2806 3015 2870 ὡς
3067 2807 3283 2879 άληθῶς
3328 2808 3566 2878 μεγάλης
3609 2807 3780 2880 κηρύ-

2197 2893 2404 2960 ξαντος,
2437 2897 2834 2966 μεταϐαλόντες
2853 2901 2900 2952 οί
2928 2901 2984 2952 ὲν
3008 2903 3123 2963 τοῖς
3147 2899 3354 2953 ἔθνεσιν
3375 2900 3778 2972 εἰδωλολάτραι,

2195 2988 2291 3040 καὶ
2317 2987 2364 3038 οἱ
2397 2987 2562 3040 πάλαι
2594 2988 2799 3060 ἐχθροὶ,
2835 2991 2927 3042 καὶ
2954 2992 3002 3042 οἱ
3037 2990 3285 3061 πολέμιοι
3309 2991 3409 3060 τῆς
3431 2990 3521 3044 τοῦ
3563 2991 3776 3062 Ἰσραὴλ

2196 3077 2525 3141 θεοσεϐείας,
2554 3079 2742 3148 ἥξουσι
2769 3082 2904 3150 πρὸς
2933 3079 3022 3132 τὸν
3052 3079 3185 3134 Θεὸν
3228 3080 3664 3151 ἐπιστρέψαντες,
3698 3080 3776 3144 ὡς

2190 3175 2320 3238 τοὺς
2363 3174 2529 3229 πάλαι
2581 3175 2926 3239 ἀπ)λωλότας
2982 3175 3038 3226 ὲν
3081 3177 3146 3245 τῇ
3183 3173 3284 3243 τῆς
3337 3173 3770 3241 είδωλολατρείας

510 3260 703 3336 πλάνῃ,
735 3265 1170 3338 μεταϐληθέντας
1196 3271 1285 3323 καὶ
1313 3269 1655 3333 σπεύσαντας
1679 3270 1855 3323 ὲλθεῖν
1879 3270 1970 3322 ἐπὶ
1991 3269 2087 3340 τὴν
2120 3268 2213 3323 τοῦ
2245 3268 2378 3322 Θεοῦ
2398 3269 2617 3338 γνῶσιν,
2650 3270 2744 3324 καὶ
2771 3270 2872 3339 τῆς
2888 3268 2974 3322 διὰ
3005 3266 3240 3338 Χριστοῦ
3266 3264 3530 3336 σωτηρίας
3552 3265 3762 3334 τυχεῖν,

1035 3359 1264 3416 CAPUT
1315 3361 1553 3416 XXVIII.

577 3445 739 3503 Vens.
782 3450 834 3504 1.
880 3449 1014 3506 «Va:
1057 3467 1272 3507 coronm
1324 3455 1710 3518 contumeliae,
1763 3454 2087 3509 mercenarii

508 3540 832 3610 Ephraim.»
893 3543 991 3599 Hic
1037 3545 1463 3612 Phariszeornm,
1513 3564 1851 3602 summorum
1905 3563 2086 3603 sacer-

505 3635 714 3700 dotum,
756 3645 810 3690 et
867 3637 1197 3708 reliquorum
1244 3639 1455 3696 Judaici
1522 3642 1706 3712 populi
1775 3642 2082 3712 principum

507 3737 819 3780 consessum
851 3728 1162 3784 subiudicat
1193 3749 1208 3786 :
1243 3745 1378 3802 quos
1425 3746 1491 3785 ex
1530 3733 1762 3788 diversis
1802 3734 2087 3790 ordinibus

505 3822 558 3867 et
591 3815 944 3885 dignitatibus
969 3820 1022 3874 in
1047 3837 1213 3876 unum
1249 3833 1490 3890 coactos,
1529 3840 1744 3879 corona:
1777 3836 2084 3896 comparat,

505 3921 609 3959 non
637 3907 859 3963 honoris
895 3920 988 3963 aut
1025 3912 1238 3982 gloriae,
1285 3917 1379 3970 sed
1429 3918 1778 3972 contumelia}
1818 3929 1872 3972 et
1922 3920 2084 3973 dede-

508 4000 672 4054 coris.
715 4002 892 4069 Quare
921 4005 1020 4071 ait,
1052 4025 1070 4056 ι
1107 4005 1197 4062 Va:
1225 4023 1442 4064 corona:
1473 4011 1853 4076 contumelizn;
1888 4031 1905 4064 ι
1969 4013 2085 4068 sive

505 4094 804 4148 secundum
848 4097 1087 4168 reliquos
1148 4099 1498 4172 interpretes,
1561 4103 1834 4158 «Coronm
1887 4120 2082 4173 supcr-

508 4185 626 4239 liiae.
654 4203 673 4236 ι
717 4185 853 4240 Nam
889 4191 1109 4259 superbi
1143 4193 1366 4260 quidam
1417 4201 1606 4257 erant,
1660 4205 1978 4265 arrogantes
2030 4205 2084 4251 et

503 4275 698 4341 insani,
768 4279 821 4333 in
861 4296 1096 4349 quorum
1158 4299 1390 4339 numero
1442 4287 1766 4340 mercenarii
1828 4288 2080 4355 liphraim

497 4368 978 4434 computabantur.
1013 4371 1208 4428 ludam
1259 4385 1408 4429 certe
1435 4377 1768 4443 proditorem
1819 4393 1884 4430 ex
1937 4378 2079 4432 tribu

508 4443 767 4523 Etihraim
821 4458 990 4516 fuisse
1052 4461 1225 4518 fertur
1274 4482 1288 4516 :
1332 4480 1492 4533 quem
1524 4466 1642 4520 ideo
1685 4469 2080 4522 mercenarium

506 4554 680 4609 vocat,
739 4547 864 4615 quia
897 4552 1149 4618 pactione
1187 4556 1430 4622 pecunia:
1481 4556 1547 4609 ad
1602 4558 1917 4626 magistrum
1955 4573 2080 4625 pro-

507 4634 742 4690 dendum
790 4638 1048 4696 inductus
1089 4643 1270 4699 fuerit.
1341 4646 1510 4702 «Flos
1554 4648 1754 4703 cadens
1795 4651 1860 4703 de
1907 4651 2077 4718 gloria

2695 3363 3090 3416 ΚΕΦΑΛΑΙΟΝ
3146 3362 3278 3414 ΚΗ’.

2271 3475 2287 3506 ι
2323 3457 2458 3510 Οὐαὶ
2521 3456 2597 3527 τῷ
2663 3457 2910 3526 στεφάνῳ
2973 3456 3071 3526 τῆς
3131 3453 3361 3525 ὕϐρεως,
3413 3453 3464 3505 οἱ
3519 3450 3775 3523 μισθωτοὶ

2187 3547 2447 3619 Ἐφραῖμ.
2481 3569 2496 3598 ι
2538 3548 2915 3601 Αἰνίττεταιδὲ
2949 3547 3008 3601 τὸ
3039 3546 3311 3617 συνέδριον
3341 3544 3449 3597 τῶν
3476 3542 3770 3616 Φαρισαίων

2187 3639 2281 3691 καὶ
2301 3639 2604 3709 ἀρχιερέων
2628 3639 2723 3692 καὶ
2750 3639 2860 3692 τῶν
2885 3639 3088 3693 λοιπῶν
3105 3639 3380 3710 ἀρχόντων
3399 3636 3492 3690 τοῦ
3515 3637 3766 3691 Ἰουδαίων
3863 3675 3868 3680 .

2185 3730 2334 3784 λαοῦ·
2373 3732 2486 3794 οῦς,
2515 3734 2578 3784 ἐκ
2610 3731 2882 3803 διαφόρων
2909 3731 3235 3801 ἀξιωμάτων
3272 3729 3622 3794 συνελθόντας
3646 3729 3773 3786 κατὰ

2187 3822 2246 3874 τὸ
2290 3824 2440 3902 αὐτὸ,
2486 3825 2732 3895 στεφάνῳ
2785 3822 3144 3894 παραϐάλλει,
3181 3822 3241 3873 οὐ
3275 3822 3441 3891 τιμῆς
3473 3837 3617 3884 τινος
3661 3819 3775 3873 οὐδὲ

2183 3913 2362 3985 δόξης,
2399 3917 2511 3970 ἀλλ’
2550 3916 2758 3987 ὕϐρεως
2787 3917 2880 3969 καὶ
2905 3915 3150 3986 ἀτιμίας.
3177 3915 3267 3966 Διό
3284 3931 3468 3984 φησιν,
3504 3933 3520 3963 ι
3560 3910 3775 3981 Οὐαὶτῷ

2188 4010 2436 4079 στεφάνῳ
2482 4010 2581 4079 τῆς
2614 4009 2846 4080 ὕϐρεως,
2885 4028 2903 4059 ι
2956 4008 2988 4078 ἢ
3026 4005 3166 4060 κατὰ
3218 4010 3340 4069 τοὺς
3372 4005 3589 4068 λοιποὺς
3617 4006 3778 4076 ἑρμη-

2183 4099 2396 4164 νευτὰς,
2433 4120 2451 4151 ι
2484 4101 2562 4171 τῷ
2597 4101 2845 4171 στεφάνῳ
2872 4101 2970 4170 τῆς
2997 4099 3390 4170 ὑπερηφανίας.
3419 4116 3437 4148 ι
3468 4097 3778 4167 Ὑπερήφα-

2182 4208 2261 4246 νοι
2295 4193 2400 4263 γάρ
2443 4209 2588 4255 τινες
2625 4188 2788 4262 ἦσαν,
2822 4191 3079 4257 ἀλαζόνες
3116 4209 3175 4243 τε
3208 4193 3300 4245 καὶ
3331 4190 3776 4260 ἀπονενοημένοι,

2181 4287 2240 4337 ὲν
2261 4279 2341 4348 οἷς
2369 4286 2611 4357 ὑπῆρχον
2633 4285 2724 4338 καὶ
2749 4287 2797 4338 οί
2823 4285 3085 4356 μισθωτοὶ
3102 4283 3194 4337 τοῦ
3212 4285 3452 4356 Ἐφραίμ
3486 4284 3619 4353 (51).
3636 4281 3777 4334 Ἐλέο

2183 4394 2310 4446 γετο
2342 4377 2398 4430 δὲ
2434 4378 2636 4434 Ἰούδας
2694 4379 2722 4430 ό
2761 4378 3026 4451 προδότης
3075 4379 3139 4430 ὲκ
3184 4377 3354 4448 φυλῆς
3397 4376 3636 4448 Ἐφραίμ
3679 4392 3776 4444 γε·-

2183 4469 2416 4536 γονέναιο
2458 4467 2727 4540 μισθωτὸν
2773 4469 2830 4521 δὲ
2885 4468 3062 4533 καλεῖ,
3115 4467 3189 4532 ὡς
3241 4468 3305 4522 ἂν
3342 4467 3778 4538 ἐξηγορασμένον

2183 4561 2460 4631 χρήμασιν
2507 4561 2600 4614 ἐπὶ
2653 4562 2713 4614 τὸ
2770 4560 3060 4631 προδοῦναι
3121 4561 3210 4612 τὸν
3268 4560 3605 4614 διδάσκαλον.
3651 4577 3670 4610 ι
3702 4559 3779 4610 Τὸ

2182 4651 2342 4714 ἄνθος
2371 4652 2432 4705 τὸ
2459 4651 2691 4704 ἐκπεσὸν
2724 4652 2820 4722 τῆς
2871 4651 3030 4722 δόξης
3096 4652 3187 4720 ἐπὶ
3236 4653 3335 4723 τῆς
3389 4651 3629 4721 κορυφῆς
3679 4647 3778 4702 τοῦ

506 4741 670 4797 super
732 4733 988 4786 verticem
1054 4738 1544 4808 montis‘pinguis,
1594 4741 1683 4809 qui
1743 4741 1878 4794 ebrii
1951 4741 2079 4794 estis

2193 4742 2343 4813 δρους
2370 4741 2462 4794 τοῦ
2511 4742 2714 4811 παχέος
2778 4745 2826 4796 οἱ
2883 4741 3174 4813 μεθύοντες
3235 4743 3361 4797 ἄνευ
3419 4744 3582 4796 οἴνου.
3620 4760 3638 4792 ι
3673 4741 3781 4794 Με-

505 4820 711 4889 absque
749 4822 898 4879 vino.
925 4844 944 4878 ι
975 4824 1111 4880 Nam
1141 4827 1326 4897 gloria:
1380 4831 1661 4899 apostolici
1716 4831 1869 4886 chori
1906 4833 2077 4900 parti-

505 4927 656 4983 ceps,
689 4914 949 4971 inclinato
982 4921 1047 4973 ad
1094 4936 1208 4975 rem
1239 4922 1530 4988 pessimam
1576 4924 1780 4989 animo,
1826 4921 1924 4977 llos
1972 4923 2083 4992 glo-

507 5005 600 5059 tite
625 5007 824 5062 cadens
845 5009 1068 5066 effectus
1098 5022 1203 5067 est.
1228 5013 1354 5069 Flos
1373 5025 1553 5068 autem
1577 5027 1632 5068 et
1658 5030 1885 5083 germen
1923 5016 2083 5082 paulo

506 5107 633 5152 ante
663 5099 994 5158 vocabantur
1014 5106 1247 5175 apostoli
1277 5106 1604 5170 Salvatoris,
1638 5108 1728 5160 ubi
1767 5106 2078 5167 dicebatur.

512 5191 685 5248 «Filii
731 5194 900 5253 Jacob
952 5199 1356 5270 germinabunt,
1413 5209 1467 5252 et
1513 5197 1725 5252 llorebit
1779 5199 1972 5264 Israel,
2027 5207 2083 5252 et

496 5285 820 5358 'implebitur
847 5300 988 5346 terra
1021 5293 1201 5346 fructu
1247 5291 1384 5359 ejus.
1424 5308 1441 5342 ι
1480 5288 1682 5345 Verum
1721 5291 1806 5345 his
1833 5292 2082 5360 delapsus

501 5381 787 5446 propheta,
815 5381 913 5438 llos
945 5385 1132 5454 gloria:
1161 5383 1419 5438 decidens
1451 5385 1626 5438 dictus
1657 5392 1760 5438 est.
1799 5382 1893 5437 llis
1918 5398 2081 5450 porro

498 5468 882 5538 signiﬁcantur
907 5475 942 5530 ii
964 5478 1056 5547 qui
1086 5485 1376 5546 aggravata
1407 5477 1586 5530 anima
1614 5484 1762 5539 sunt,
1791 5474 1857 5528 de
1882 5473 2080 5542 quibus

503 5603 525 5682 '_
568 5601 1374 5682 _(_3|)_‘Aititem_llieronynuis
1416 5609 1606 5665 Judam
1651 5610 1963 5682 Iscariutem
2020 5624 2082 5663 ex

514 5671 655 5725 tribu
680 5671 941 5744 'Ephraim
971 5679 1160 5742 fuisse,
1200 5671 1260 5736 εἰ
1293 5671 1545 5741 Eusebio,
1599 5693 1654 5736 ut
1699 5681 1912 5732 videtur
1967 5695 2086 5733 mu-

517 5743 744 5798 tuatus.’
779 5743 1141 5820 Similiterque
1189 5767 1307 5820 quae
1359 5751 1581 5807 inferius
1628 5755 1690 5809 de
1732 5749 2082 5804 Gclhsemani

2186 4831 2400 4903 τασχὼν
2425 4835 2534 4906 γὰρ
2565 4835 2662 4904 τῆς
2685 4834 2841 4907 δόξης
2866 4836 2959 4890 τοῦ
2987 4835 3344 4889 ἁποστολικοῦ
3367 4834 3548 4906 χοροῦ,
3579 4833 3785 4903 διὰτῆς

2193 4927 2284 4978 ἐπὶ
2315 4925 2374 4978 τὸ
2397 4931 2574 4997 χεῖρον
2613 4928 2807 5000 ῥοπῆς,
2835 4931 3023 4998 γέγονε
3059 4929 3119 4981 τὸ
3145 4927 3304 4991 ἄνθος
3325 4928 3386 4980 τὸ
3411 4926 3642 4980 ἐκπεσὸν
3675 4927 3780 4996 τῆς

2190 5017 2367 5088 δόξης.
2406 5020 2598 5084 Ἀνθος
2636 5021 2694 5072 δὲ
2717 5022 2810 5073 καὶ
2838 5020 3064 5090 βλαστδς
3090 5017 3270 5090 μικρῷ
3301 5016 3532 5088 πρόσθεν
3566 5015 3784 5086 ὠνομά-

2191 5109 2346 5174 ζοντο
2369 5112 2416 5164 oi
2451 5111 2843 5164 ἁπόστολοιτοῦ
2871 5112 3139 5182 Σωτῆρος,
3175 5111 3232 5161 ὲν
3251 5105 3330 5173 οἷς
3365 5109 3598 5178 ἐλέγετοο
3631 5128 3650 5159 ι
3679 5109 3784 5162 Τέ-

2190 5217 2293 5253 κνα
2337 5202 2526 5255 Ἰακὼϐ
2570 5203 2881 5273 βλαστήσει,
2927 5203 3020 5255 καὶ
3061 5199 3346 5271 ἐξανθήσει
3382 5199 3618 5271 Ἰσραὴλ,
3681 5200 3785 5252 καὶ⁵

2188 5293 2553 5365 πλησθήσεται
2588 5298 2621 5367 ἠ
2664 5296 2954 5364 οἰκουμένη
2984 5293 3075 5346 τοῦ
3102 5293 3316 5363 καρποῦ
3348 5292 3534 5346 αὑτοῦ.
3575 5311 3592 5342 ι
3636 5289 3782 5343 ‘AD.’

2187 5383 2252 5434 ὲκ
2283 5382 2484 5437 τούτων
2509 5386 2537 5437 ὁ
2561 5387 2842 5457 προφήτης
2872 5384 3140 5446 ἐκπεσὼν,
3167 5383 3228 5436 τὸ
3252 5383 3408 5447 ἄνθος
3451 5384 3512 5436 τὸ
3545 5380 3785 5436 ἐκπεσὸν

2187 5477 2285 5547 τῆς
2305 5475 2461 5548 δόξης
2479 5480 2712 5551 εἴρηται.
2735 5477 2809 5546 Ση
2819 5475 2995 5546 μαίνει
3027 5475 3083 5528 δὲ
3101 5471 3254 5540 οὗτος
3285 5479 3314 5531 ό
3345 5476 3500 5543 λόγος
3526 5475 3585 5527 τὸ
3609 5473 3788 5544 σπέρ-

2194 5613 2465 5676 dicnntur,
2503 5614 2860 5682 Hieronymus
2886 5611 3062 5669 affert.
3111 5611 3226 5669 Vox
3277 5621 3456 5668 autem
3506 5608 3783 5666 chraica

2194 5695 2268 5739 est
2289 5691 2636 5745 Ε’Σῒέἶῖῖῖκνέ.
