4118 6400
382 335 384 338 ·
415 317 524 376 285

1227 334 1233 339 ο
1325 307 1826 365 COMMENTARIA
1866 307 1930 358 IN
1972 305 2228 358 lSAtAM.
2263 327 2331 339 —-
2363 303 2518 352 Lar.
2564 303 2794 347 aautt.

3459 287 3474 303 ‘
3562 303 3674 363 sec

419 450 496 504 μα
523 428 635 485 τῶν
677 427 984 500 τὴν-ψυχὴν
1019 426 1486 497 πεπαχυμμένων,
1519 426 1646 496 περὶ
1683 415 1757 476 ὧν
1786 420 1999 491 ἐλέχθη·

2111 417 2311 471 dictum
2361 423 2466 479 est,
2538 429 2556 462 ι
2588 409 2950 464 lncrassatnm
3025 411 3107 456 est
3167 399 3310 452 ettim
3360 412 3455 453 cor
3497 394 3672 465 populi

422 543 442 576 ι
489 521 795 592 Ἐπαχύνθη
827 520 992 591 γὰρὴ
1025 517 1221 589 καρδία
1246 516 1341 571 τοῦ
1376 516 1507 571 λαοῦ
1529 517 1739 570 τούτου.
1778 533 1796 567 ›
1818 513 1998 566 Ἦσαν

416 616 595 672 τοίνυν
627 614 812 685 ὥσπερ
847 629 929 675 τις
953 610 1163 683 κορυφὴ
1190 609 1348 680 ὅρους
1376 608 1470 661 τοῦ
1499 608 1701 679 παχέος
1731 607 1780 660 οἱ
1809 605 2002 676 ἄρχον-

417 727 506 772 τες
528 706 622 760 τοῦ
653 705 1084 778 πεπαχυμμένου
1105 702 1256 767 λαοῦ,
1284 701 1492 773 κεφαλὴ
1518 701 1874 770 τυγχάνοντες
1898 696 1998 749 αὑ·-

415 801 543 863 τῶν,
577 795 658 862 οἷς
683 797 928 868 συνήφθη
953 796 1014 848 τὸ
1047 794 1206 857 ἄνθος
1239 793 1296 845 τὸ
1329 793 1560 846 ἐκπεσὸν
1595 793 1694 861 τῆς
1714 791 1888 861 δόξης·
1922 787 2001 840 διὸ

413 893 776 958 ταλανίζεται.
810 891 965 942 .Ἀντί
1019 889 1077 941 δὲ
1125 886 1242 952 τοῦ,
1295 907 1314 938 ‹
1357 887 1448 939 ἐπὶ
1481 885 1583 955 τῆς
1617 884 1856 956 κορυφῆς
1904 880 1999 933 τοῦ

410 984 574 1054 ὅρους
594 981 686 1036 τοῦ
717 982 937 1052 παχέος,
975 1000 993 1032 ι
1018 982 1046 1031 6
1071 980 1166 1051 μὲν
1201 977 1450 1040 Ἀκύλας,
1481 995 1498 1026 ‹
1528 976 1806 1047 φάραγγος
1832 976 2002 1053 ῥυπα-

415 1043 570 1148 ριῶν,
604 1095 623 1127 ι
662 1077 691 1128 6
719 1075 777 1127 δὲ
797 1043 1119 1144 Ξῖύμμαχος,
1152 1091 1170 1122 ι
1215 1071 1490 1141 φάραγγος
1513 1043 1800 1138 πιοτήτων,
1885 1065 1912 1116 ὁ
1945 1064 2001 1117 δέ

412 1167 734 1248 Θεοδοτίων,
771 1185 790 1217 ι
826 1166 1108 1237 φάραγγος
1143 1162 1364 1226 πιόνων,
1410 1181 1428 1212 ι
1461 1161 1832 1232 ήρμήνευσαν·
1885 1155 2000 1226 ἡδὲ

429 1261 691 1334 Ἐϐραῖκὴ
742 1261 917 1330 φωνὴ,
981 1258 1376 1338 «ΙΓηθσημανὶ,
1437 1274 1456 1306 ι
1514 1253 1778 1324 περιέχει.
1826 1251 2000 1320 Ὅπερ

415 1354 630 1425 ἤκουσά
655 1369 800 1417 τινος
840 1352 947 1406 τῶν
975 1351 1256 1423 ἡμετέρων
1283 1347 1585 1420 ἀγαπητῶν
1615 1343 2002 1413 διασαφοῦντος

416 1445 512 1501 καὶ
560 1445 812 1514 λέγοντος
842 1443 948 1498 ’τὸν
983 1444 1145 1497 τόπον
1185 1439 1322 1496 εἶναι
1351 1442 1442 1494 τὸν
1478 1441 1534 1493 ἐν
1564 1438 1642 1509 τῷ
1684 1434 2001 1504 Εὑαγγελίῳ

423 1556 443 1587 ι
491 1537 802 1608 Γεθσημανὶ
855 1555 874 1587 ι
909 1534 1317 1605 ὠνομασμένον,
1352 1532 1480 1586 ἔνθα
1508 1533 1536 1584 6
1563 1529 1828 1608 προδότης
1865 1525 2000 1597 μετὰ

418 1629 512 1683 τοῦ
547 1630 810 1698 στεφάνου
829 1629 928 1699 τῆς
959 1627 1168 1700 ὕϐρεως
1191 1623 1431 1680 ἐπελθὼν
1459 1622 1536 1694 τῷ
1555 1621 1794 1694 Σωτῆρι,
1819 1617 1890 1674 τὰ
1907 1618 2003 1690 τῆς

413 1722 704 1794 προδοσίας
734 1722 1048 1793 εἰργάσατο.

494 1832 513 1862 ‹
553 1813 683 1866 Ἰδοὺ
722 1811 938 1882 ἰσχυρὸν
980 1811 1074 1863 καὶ
1107 1807 1363 1880 σκληρὸν,
1393 1807 1420 1858 6
1450 1805 1619 1875 θυμὸς
1649 1801 1876 1872 Κυρίου,
1927 1799 2003 1864 ὡς

415 1903 626 1973 χάλαζα
653 1899 1072 1971 καταφερομένη
1106 1900 1206 1952 οὐκ
1238 1898 1435 1969 ἔχουσα
1467 1897 1696 1966 σκέπην,
1727 1893 1818 1965 βίᾳ
1846 1909 2007 1945 κατα-

416 1993 712 2065 φερομένη·
750 1993 826 2056 ὼς
855 1991 1045 2056 ὕδατος
1076 1992 1210 2044 πολὺ
1246 1988 1450 2059 πλῆθος
1483 1986 1646 2058 σύρον
1680 1983 1885 2056 χώραν.
1936 1985 2002 2054 τῇ

416 2090 487 2156 γῇ
520 2088 733 2157 ποιήσει
754 2085 1053 2156 ἀνάπαυμα
1084 2086 1203 2146 ταῖς
1219 2080 1427 2153 χερσίν.
1465 2099 1482 2131 ι
1528 2077 1684 2132 Οὕτω
1704 2076 1813 2148 γάρ
1836 2075 2005 2147 θυμὸς

417 2179 648 2250 Κυρίου,
684 2179 838 2248 φησι,
873 2177 1014 2231 κατὰ
1032 2176 1236 2229 τούτων
1264 2171 1443 2226 αὐτῶν
1474 2169 1752 2223 ἐλεύσεται
1781 2167 1888 2220 τῶν
1912 2184 2007 2236 με·

418 2266 654 2326 Θυόντων
679 2269 806 2324 ἄνευ
836 2267 1000 2322 οἴνου·
1033 2267 1108 2330 ὡς
1133 2263 1344 2336 χαλάζῃ
1373 2259 1837 2334 παραϐάλλεσθαι,
1865 2257 2006 2310 κατὰ

422 2360 666 2430 κεφαλῆς
696 2359 906 2431 ἀνδρῶν
934 2359 1034 2412 οὐκ
1075 2356 1304 2427 ἐχούσης
1322 2355 1531 2425 σκέπην
1563 2349 2000 2423 καταρασσούσῃ.

422 2449 582 2503 Οὕτω
599 2468 714 2513 πως
739 2450 828 2502 τὸν
852 2449 1020 2518 θυμὸν
1057 2445 1150 2500 τοῦ
1179 2445 1312 2499 Θεοῦ
1347 2444 1488 2498 κατὰ
1533 2443 1640 2496 τῶν
1665 2442 2005 2513 δηλουμένων

417 2541 879 2613 ἐπενεχθήσεσθαί
895 2557 1048 2612 φησι.

497 2653 516 2685 ι
556 2633 664 2688 Καὶ
728 2636 840 2696 τοῖς
890 2633 1016 2686 ποσὶ
1081 2629 1598 2702 καταπατηθήσεται
1658 2630 1685 2682 6
1746 2627 2008 2697 στέφανος

423 2724 653 2798 ὕϐρεως,
680 2728 728 2779 οί
771 2723 1029 2796 μισθωτοὶ
1049 2723 1150 2777 ¹τοῦ
1180 2711 1442 2795 Ἐφραΐμ.
1479 2742 1498 2774 ι
1535 2720 1710 2775 Πάλαι
1748 2721 1846 2791 μὲν
1896 2719 2006 2792 γὰρ

418 2812 561 2888 ἦσαν
590 2817 850 2886 στέφανος
881 2816 1092 2888 ὕϐρεως
1121 2817 1200 2880 είς
1227 2815 1288 2868 τὸ
1317 2813 1558 2888 ὑϐρίζειν
1585 2811 2004 2886 παρατεταγμέ-

423 2927 524 2964 νοι·
554 2909 634 2962 διὸ
672 2911 766 2963 καὶ
805 2910 1065 2978 στέφανος
1091 2907 1466 2980 ὑπερηφανίας
1488 2905 1748 2974 ἐλέγοντο·
1775 2903 1926 2967 τέλος
1951 2903 2007 2956 δὲ

345 3081 350 3086 ἢ
419 3002 620 3066 ,αὐτοὺς
658 3001 976 3072 διαλήψεται
1006 3001 1269 3066 τοιοῦτον,
1298 3000 1374 3063 ὡς
1423 2995 1870 3068 καταπατηθῆναι
1911 2995 2008 3049 αύ-

422 3095 566 3159 τούς·
600 3095 678 3148 διὸ
706 3095 802 3148 καὶ
831 3093 1290 3166 κατεπατήθησαν
1325 3091 1429 3145 ὑπό
1454 3107 1514 3143 τε
1543 3088 1660 3141 τῶν
1681 3087 2007 3142 καταδουλω-

427 3188 674 3257 σαμένων
709 3187 906 3250 αὐτοὺς
941 3186 1232 3257 πολεμίων·
1289 3185 1339 3238 οἳ
1387 3184 1482 3236 καὶ
1512 3180 1610 3254 τὴν
1645 3180 1798 3236 πόλιν
1830 3180 2008 3234 αὐτῶν

426 3279 638 3342 ἑαυτοῖς
667 3279 953 3350 καταπατή
964 3295 1107 3349 ματα
1132 3278 1485 3349 πεποιήκασι.

505 3477 523 3509 ι
553 3459 665 3512 Καὶ
696 3457 848 3512 ἔσται
891 3459 950 3512 τὸ
983 3459 1140 3523 ἄνθος
1171 3461 1231 3514 τὸ
1259 3462 1490 3515 ἐκπεσὸν
1523 3462 1620 3533 τῆς
1649 3460 1861 3524 ἐλπίδος
1912 3459 2011 3529 τῆς

424 3546 586 3618 δόξης
629 3550 716 3600 ἐπ’
747 3549 914 3620 ἄκρου
947 3550 1040 3603 τοῦ
1062 3551 1220 3622 ὅρους
1245 3552 1338 3606 τοῦ
1371 3551 1690 3623 ὑψηλοῦ·ιῖ›ς
1707 3553 2012 3624 πρόδρομος

431 3639 614 3692 σύκου·
652 3639 776 3694 ἰδὼν
824 3640 974 3706 αὐτὸ,
1025 3643 1154 3714 πρὶν
1205 3645 1283 3707 είς
1314 3645 1413 3716 τὴν
1445 3647 1601 3716 χεῖρα
1635 3643 1798 3697 αὑτοῦ
1829 3642 2010 3695 λαϐεῖν

426 3730 580 3795 αὐτὸ,
617 3730 832 3802 θελήσει
876 3731 1004 3789 αὐτὸ
1042 3738 1351 3790 καταπιεῖν.
1397 3755 1416 3786 ι
1467 3736 1718 3798 Τοιοῦτος
1747 3734 1803 3787 δέ
1829 3751 1912 3798 τις
1943 3729 2012 3803 ἦν

424 3822 453 3878 ὁ
491 3821 710 3886 Ἰούδας,
747 3821 906 3885 ἄνθος
941 3824 1040 3893 μὲν
1072 3823 1330 3892 γεγονὼς,
1361 3823 1496 3876 ἀλλὰ
1526 3823 1770 3875 ἐκπεσὼν
1804 3823 1901 3892 τῆς
1928 3820 2014 3872 ἐλ-

427 3910 579 3976 πίδος
605 3911 740 3982 ὁμοῦ
773 3914 867 3965 καὶ
901 3915 997 3981 τῆς
1029 3914 1204 3983 δόξης.
1244 3914 1355 3966 Καὶ
1396 3913 1564 3965 πάλαι
1602 3913 1698 3982 μὲν
1728 3911 2012 3981 τυγχάνων

428 4004 616 4061 ἐπάνω
645 4004 802 4073 ὅρους
827 4003 920 4056 τοῦ
951 4005 1179 4074 ὑψηλοῦ,
1210 4005 1338 4073 περὶ
1369 3999 1428 4058 οὗ
1457 4004 1657 4074 προῖὼν
1686 4006 1714 4056 6
1734 4006 2014 4076 προφήτης

430 4094 618 4164 φησίν·
647 4115 664 4146 ι
691 4096 947 4167 Ἐπζὸρος
972 4095 1170 4165 ὑψηλὸν
1199 4094 1450 4165 ἀνάϐηθι,
1476 4098 1503 4148 6
1528 4095 2012 4166 εὐαγγελιζόμενος

426 4185 589 4252 Σιών.
623 4206 642 4238 ›
697 4187 857 4239 Ἀλλὰ
889 4187 1079 4256 γέγονε
1126 4187 1362 4250 τοιοῦτός
1417 4205 1521 4251 τις,
1555 4187 1630 4250 ὡς
1683 4187 2011 4258 ὁμοιωθῆναι

428 4281 720 4354 προδρόμῳ
752 4280 938 4343 σύκου,
989 4279 1186 4354 καρπῷ
1218 4281 1653 4352 ἁτελεσφορήτῳ,
1694 4282 1880 4354 ὡραίῳ
1914 4280 2012 4350 μὲν

429 4375 524 4427 καί⁵
552 4373 702 4444 καλῷ
733 4376 800 4444 τῇ
846 4372 963 4442 θέᾳ,
1007 4373 1264 4444 ἀχρήστῳ
1296 4372 1352 4424 δὲ
1383 4372 1556 4436 ἄλλως
1597 4372 1684 4426 διὰ
1736 4373 1797 4425 τὸ
1826 4371 2013 4435 ἀτελὲς

2101 508 2262 581 huius
2293 508 2362 562 “.
2388 527 2408 559 ο
2453 505 2630 560 Erant
2661 504 2844 570 itaque
2881 513 2978 552 ceu
3015 494 3283 563 quoddam
3323 488 3522 544 montis
3552 487 3670 555 pin-

2101 603 2219 672 guis
2253 613 2535 662 cacumen,
2570 588 2844 666 principes
2873 589 3052 660 p0puli
3116 583 3462 653 impingnati,
3506 583 3675 664 caput

2101 657 2351 768 videlicet
2371 657 2808 756 eorum,quibus
2851 657 2960 738 llos
2992 680 3177 751 gloriae
3222 675 3479 730 decidens
3536 657 3672 723 con-4

2097 766 2319 858 junctus
2361 794 2475 847 est;
2513 784 2634 836 ideo
2681 780 2914 833 miseros
2946 777 3065 829 illos
3094 770 3374 841 praedicat.
3430 765 3536 818 Pro
3583 759 3674 815 illo

2102 888 2304 944 autem,
2337 896 2356 928 ι
2389 889 2549 946 super
2576 873 2838 927 verticem
2881 868 3081 922 montis
3113 862 3353 934 pinguis,
3379 877 3397 910 ι
3455 852 3673 923 Aquila,

2105 990 2126 1022 ι
2156 970 2318 1025 vallis
2369 965 2651 1028 sordium;
2684 982 2703 1015 ι
2763 960 3149 1031 Symmachus,
3194 952 3391 1007 «vallis
3443 949 3672 1017 pinguev

2101 1061 2321 1126 dinum;
2353 1079 2372 1112 ›
2407 1055 2729 1118 Theodotio,
2773 1071 2791 1104 ι
2823 1051 2979 1104 vallis
3001 1049 3304 1120 pinguium,
3337 1064 3355 1096 ι
3407 1035 3676 1108 interpre-

2105 1153 2202 1207 tati
2239 1160 2398 1216 sunt;
2444 1147 2713 1203 llehraica
2765 1151 2944 1198 autem
2990 1142 3168 1204 lectio,
3209 1157 3225 1189 ι
3254 1129 3669 1191 ϐειιιεοηὶιιιιῑη

2101 1242 2437 1299 circumfert.
2463 1241 2637 1307 Quam
2668 1251 2852 1291 vocem
2879 1233 3061 1287 audivi
3086 1229 3395 1299 quempiam
3416 1220 3678 1278 edileetis

2102 1335 2323 1400 nostris,
2373 1333 2440 1387 de
2470 1332 2609 1397 loco,
2659 1327 2753 1398 qui
2787 1325 2840 1379 in
2881 1321 3172 1390 Evangelio
3225 1335 3244 1369 ι
3273 1310 3618 1384 Gethsetpani
3651 1327 3672 1362 ι

2103 1429 2320 1493 dicitur,
2348 1423 2734 1494 explicantem,
2785 1416 2874 1470 ubi
2917 1414 3165 1484 proditor
3197 1424 3316 1464 cum
3360 1406 3450 1460 illa
3485 1412 3678 1458 contu-

2103 1521 2278 1575 melia:
2340 1532 2542 1574 corona
2603 1513 2954 1569 Servatorem
3021 1505 3250 1568 adiens,
3311 1496 3674 1570 proditionem

2103 1614 2252 1671 fecit.

2033 1768 2075 1822 Β
2175 1795 2340 1851 Vens.
2379 1793 2436 1847 ‘2.
2483 1789 2669 1845 sEcce
2699 1787 2842 1840 forte
2877 1790 2931 1837 et
2979 1779 3211 1840 durum,
3269 1773 3420 1825 furor
3470 1763 3678 1820 Domini

2105 1888 2245 1942 sicut
2295 1883 2502 1954 grando
2566 1878 2787 1947 delapsa
2846 1889 2952 1928 non
3015 1868 3224 1925 habens
3282 1855 3679 1917 umbraculum,

2105 1993 2224 2049 quae
2247 1977 2515 2030 violenter
2556 1971 2759 2026 decidit
2797 1985 2812 2028 ;
2844 1967 2985 2020 sicut
3011 1975 3166 2030 aqua:
3190 1957 3288 2026 _vis
3335 1965 3528 2022 magna
3566 1957 3681 2001 trau

2107 2071 2243 2125 heus
2276 2067 2550 2136 regionem
2585 2077 2599 2114 :
2639 2063 2690 2115 in
2727 2069 2871 2114 terra
2899 2055 3060 2109 faciet
3092 2050 3327 2120 quietem
3355 2042 3624 2097 manibus.
3657 2053 3680 2089 ι

2107 2159 2205 2225 lta,
2247 2158 2442 2225 inquit,
2474 2153 2624 2208 furor
2654 2149 2864 2206 Domini
2900 2162 2994 2201 eos
3031 2144 3124 2213 qui
3154 2139 3288 2195 ebrii
3326 2144 3451 2192 sunt
3483 2133 3684 2200 absque

2107 2253 2253 2314 vino,
2307 2250 2594 2303 invasurus
2652 2254 2771 2307 est,
2827 2250 2886 2294 ut
2935 2234 3182 2308 grandiui
3237 2234 3583 2298 comparetur
3629 2223 3682 2276 in

2107 2346 2280 2415 capita
2305 2344 2544 2396 virorum
2575 2345 2883 2408 tegumento
2916 2328 3161 2386 carentia
3188 2324 3417 2391 delapsa!
3453 2339 3465 2374 :
3492 2317 3680 2371 eodem

2106 2439 2266 2494 modo
2313 2437 2549 2489 furorem
2585 2430 2679 2486 Dei
2731 2424 3046 2485 memoratis
3089 2416 3401 2475 hominibus
3443 2409 3683 2464 inferen-

2098 2534 2232 2600 dum
2262 2528 2522 2600 prauiieit.

2182 2622 2343 2677 Vens.
2383 2621 2437 2676 ὅ.
2485 2638 2502 2670 ι
2535 2618 2601 2672 Ει
2627 2616 2856 2686 pedibus
2884 2607 3293 2667 conculcabitur
3319 2611 3520 2655 corona
3554 2609 3686 2648 con-

2109 2716 2382 2782 tumelim,
2437 2709 2760 2768 mercenarii
2813 2705 3159 2776 Epliraim.r
3216 2697 3355 2751 Olim
3418 2686 3686 2759 siquidem

2107 2823 2304 2865 corona
2337 2803 2679 2862 contumelia:
2701 2807 2894 2864 erant,
2929 2798 2994 2851 ad
3038 2790 3376 2850 inferendam
3405 2790 3688 2839 contume-

2108 2901 2236 2957 liam
2285 2898 2574 2962 instructi;
2626 2902 2958 2966 quapropter
2995 2901 3192 2944 corona
3249 2884 3378 2962 item
3425 2871 3690 2950 superbiat

2106 2991 2475 3056 vocabantur;
2516 2988 2637 3043 talis
2672 2996 2851 3041 autem
2886 2983 3008 3037 finis
3041 2987 3406 3047 occupaturus
3444 2984 3537 3024 eos
3571 2976 3689 3029 est,

2109 3094 2167 3138 ut
2196 3081 2585 3138 conculcentur
2614 3096 2627 3132 :
2661 3086 2716 3132 et
2751 3087 2884 3130 sane
2912 3069 3220 3129 conculcati
3251 3074 3377 3122 sunt
3409 3063 3476 3117 ab
3503 3059 3688 3115 inimi-

2112 3179 2211 3240 cis,
2245 3175 2337 3246 qui
2380 3175 2524 3244 ipsos
2553 3172 2604 3226 in
2640 3169 2960 3225 servitutem
2995 3165 3322 3232 redegerunt
3354 3175 3367 3212 :
3398 3156 3490 3224 qui
3522 3152 3686 3204 etiam

2110 3271 2386 3324 civitatem
2431 3280 2617 3323 eorum
2655 3256 3084 3324 calcaneis_suis
3130 3250 3482 3308 obterendum
3528 3257 3689 3297 cura-

2112 3374 2256 3418 l'lllll.

2184 3453 2344 3507 Vens.
2399 3451 2449 3505 ι.
2511 3467 2530 3500 ε
2557 3447 2622 3503 Ει
2671 3445 2776 3500 erit
2825 3441 2926 3498 ﬂos
2960 3439 3050 3509 qui
3087 3433 3286 3490 decidit
3337 3431 3403 3486 de
3437 3441 3532 3497 spe
3573 3424 3692 3496 glo-

2113 3549 2229 3609 riae,
2278 3547 2331 3599 in
2382 3543 2586 3598 vertice
2635 3537 2835 3593 montis
2889 3530 3127 3595 excelsi;
3180 3528 3319 3582 sicut
3372 3525 3694 3591 praematura

2114 3643 2293 3703 licus;
2339 3635 2431 3706 qui
2471 3632 2669 3688 viderit
2720 3645 2874 3693 eam,
2919 3626 3232 3695 priusquam
3283 3623 3460 3671 sumat
3505 3623 3692 3672 manu,

2114 3731 2290 3796 cupiet
2326 3743 2442 3782 eam
2479 3726 2760 3779 devorare.
2795 3739 2814 3772 ι
2872 3717 3019 3771 Talis
3049 3721 3169 3768 erat
3214 3709 3406 3769 Judas,
3468 3703 3558 3773 qui
3594 3700 3694 3755 flos

2115 3835 2246 3874 sane
2271 3819 2477 3882 fuerat;
2523 3828 2711 3868 verum
2737 3813 2801 3865 de
2833 3824 2928 3879 spe
2960 3803 3123 3861 simul
3155 3812 3204 3857 et
3252 3803 3315 3855 de
3343 3796 3521 3867 gloria
3545 3792 3695 3848 deci-

2113 3915 2212 3968 dit.
2248 3911 2313 3964 Et
2337 3909 2464 3963 olim
2495 3907 2713 3976 quidem
2751 3916 2913 3971 supra
2962 3906 3198 3953 montem
3239 3890 3514 3948 excelsum
3551 3893 3692 3967 erat,

2114 4008 2178 4060 de
2229 4018 2335 4072 quo
2388 4003 2440 4056 in
2472 3969 2854 4068 .‘sequentiburs
2907 3993 3171 4064 pr0pheta
3237 3969 3429 4050 dicit,
3470 3979 3692 4058 (Supra

2115 4107 2350 4150 montem
2378 4092 2652 4149 excelsum
2695 4087 2928 4144 ascende
2949 4127 2963 4152 ,
3003 4085 3092 4155 qui
3117 4080 3460 4148 evangelizas
3489 4075 3639 4130 Sion.
3667 4090 3688 4125 3

2119 4189 2314 4242 Verum
2345 4185 2431 4239 ille
2462 4184 2581 4238 talis
2620 4181 2817 4243 evasit,
2853 4191 2912 4232 ut
2945 4187 3287 4249 prmmatura:
3320 4171 3443 4224 [icui
3473 4181 3696 4236 compa-

2118 4289 2352 4341 raretur.
2388 4275 2706 4342 imperfecto
2752 4271 2961 4327 scilicet
3007 4267 3247 4328 fructui;
3294 4261 3539 4330 specioso
3569 4256 3694 4332 qui-_-

2118 4375 2238 4446 :legn
2275 4387 2339 4426 ac
2381 4371 2552 4424 forma
2605 4366 2852 4438 pulchro,
2910 4361 3004 4418 sed
3042 4359 3176 4412 alias
3221 4353 3395 4409 inutili
3423 4391 3439 4414 ,
3471 4351 3594 4420 quia
3625 4345 3695 4402 ob

427 4465 522 4518 τοῦ
561 4465 696 4536 πρὸς
724 4465 928 4536 τροφὴν
957 4465 1264 4535 ἐπιτηδείου
1300 4464 1533 4537 καρποῦ.
1586 4465 1677 4518 Διὸ
1711 4465 2013 4536 πρόδρομον

2121 4445 2580 4536 imperfectionem
2635 4459 2868 4514 nondum
2917 4452 3032 4508 esui
3088 4459 3245 4519 aptus
3299 4445 3691 4510 fructuserat.

430 4559 593 4612 αὐτὸν
632 4557 923 4628 γενόμενον
966 4557 1290 4628 τεθεαμένος
1315 4560 1342 4610 6
1375 4557 1482 4611 τῶν
1515 4557 1693 4610 καλῶν
1722 4557 2009 4627 βάσκανος,

429 4650 756 4721 προήρπασε
790 4647 1044 4712 σπεύσας·
1103 4650 1179 4711 ὼς
1233 4648 1454 4720 θελῆσαι
1514 4649 1674 4703 αὐτὸν
1726 4651 2014 4706 καταπιεῖν

430 4743 561 4815 πρὶν
593 4741 626 4812 ἢ
658 4741 756 4812 τῆς
787 4741 968 4811 χειρὸς
993 4739 1361 4795 ἐπιλαϐέσθαι·
1389 4740 1530 4794 οὕτω
1568 4739 1697 4810 γοῦν
1737 4740 1895 4792 αὑτὸν
1921 4740 2014 4792 καὶ

429 4833 691 4888 κατέπιεν
725 4832 968 4902 ἰσχύσας.

431 4987 438 4991 _
508 4947 527 4978 ι
570 4927 650 4998 Τῇ
683 4927 869 4997 ἡμέρᾳ
897 4925 1080 4996 ἐκείνῃ
1135 4923 1289 4976 ἔσται
1321 4923 1528 4996 Κύριος
1558 4923 1782 4978 Σαϐαὼθ
1831 4927 1858 4977 6
1899 4923 2016 4976 στέ-

433 5035 598 5086 φανος
638 5019 736 5089 τῆς
763 5019 996 5081 ἐλπίδος,
1031 5020 1059 5071 6
1107 5016 1335 5079 πλακεὶς
1365 5017 1462 5086 τῆς
1515 5017 1690 5085 δόξης,
1728 5015 1805 5086 τῷ
1852 5034 2018 5069 κατα-ο

432 5109 703 5178 λειφθέντι
754 5110 848 5164 τοῦ
877 5109 1028 5164 λαοῦ.
1065 5108 1600 5180 Καταλειφθήσονται
1632 5110 1689 5162 δὲ
1715 5110 1808 5162 ἐπὶ
1853 5107 2016 5162 πνεύ-

436 5216 568 5271 ματι
597 5201 828 5272 κρίσεως
862 5202 955 5254 ἐπὶ
983 5200 1184 5272 κρίσιν,
1229 5201 1324 5253 καὶ
1379 5201 1530 5272 ίσχῦν
1573 5200 1889 5253 κωλυόντων
1924 5201 2018 5253 ἀν-

435 5291 594 5344 ελεῖν.
634 5310 652 5342 ι
682 5293 849 5362 Δῆλον
878 5293 934 5345 δὲ
961 5294 1041 5346 ὅτι
1065 5295 1176 5356 τοῖς
1211 5290 1631 5364 περιλειφθεῖσιν
1665 5294 1728 5345 ἐκ
1772 5292 1874 5362 τῆς
1916 5288 2010 5343 τοῦ

435 5383 636 5446 παντὸς
669 5382 797 5436 λαοῦ
826 5385 1120 5448 ἀπωλείας·
1149 5380 1292 5439 οὗτοι
1311 5384 1368 5437 δέ
1397 5380 1536 5456 ἦσαν
1562 5385 1610 5437 οἱ
1633 5383 1728 5436 τοῦ
1765 5383 2013 5454 Σωτῆρος

433 5472 720 5539 ἀπόστολοί
735 5492 794 5528 τε
826 5478 919 5529 καὶ
947 5476 1200 5550 μαθηταί·
1232 5477 1391 5530 αὑτὸν
1425 5476 1531 5548 γὰρ
1556 5475 1770 5532 ἔσεσθαι
1790 5475 1879 5529 τὸν
1899 5475 2012 5534 K6-

440 5585 552 5642 ριον
587 5568 844 5638 στέφανον
874 5567 1085 5634 ἐλπίδος
1106 5569 1516 5640 ἐπαγγέλλεται.

439 5746 486 5780 ⁸⁸
513 5747 678 5804 Matth
737 5763 856 5805 xm.
893 5748 976 5805 lii.

2121 4557 2478 4626 Quamobrem
2526 4559 2909 4622 praematurum
2953 4560 3076 4600 eum
3131 4539 3485 4607 conspicatus
3525 4536 3696 4588 bono-

2118 4625 2238 4717 rum
2270 4647 2485 4703 invidus
2530 4645 2652 4705 ille,
2699 4641 3021 4696 festinanter
3063 4632 3359 4705 praeripuit,
3405 4630 3478 4684 ita
3522 4636 3579 4681 ut
3612 4625 3696 4680 vel

2121 4756 2408 4810 antequam
2439 4738 2591 4793 illum
2625 4749 2786 4789 manu
2822 4739 3061 4801 caperet,
3111 4729 3370 4782 devorare
3396 4718 3559 4776 vellet
3593 4738 3607 4774 :
3642 4710 3698 4772 et

2117 4838 2195 4890 sic
2230 4849 2354 4889 vere
2373 4831 2677 4892 devoravit,
2714 4829 2839 4898 quia
2869 4823 3156 4896 prawaluit
3187 4820 3313 4890 ipsi.
3355 4876 3362 4884 ,
3684 4870 3686 4874 ,

2190 4925 2331 4980 Vens
2388 4924 2442 4988 5,
2491 4921 2547 4980 6.
2609 4941 2628 4974 ι
2661 4921 2714 4975 In
2755 4921 2843 4974 die
2883 4918 2972 4972 illa
3011 4915 3116 4970 erit
3167 4911 3424 4967 Dominus
3453 4905 3692 4988 Saba-eth

2113 5033 2314 5074 corona
2370 5021 2504 5086 Spei,
2554 5030 2674 5084 quae
2730 5011 3057 5082 complicato
3105 5013 3191 5062 est
3241 5003 3424 5074 gloriae
3479 4987 3695 5052 residuo

2116 5109 2311 5179 populi.
2373 5108 2768 5177 Relinquentur
2819 5112 2998 5157 autem
3036 5101 3090 5155 in
3151 5099 3344 5168 spiritu
3400 5090 3590 5160 iudicii
3637 5089 3692 5143 in

2111 5200 2370 5270 judicium
2416 5208 2466 5253 et
2519 5197 2892 5252 fortitudinem
2943 5193 3244 5249 vetantium
3302 5183 3630 5241 interficere.
3669 5199 3690 5234 ι

2120 5291 2378 5344 Videlicet
2404 5290 2470 5344 iis
2507 5290 2598 5359 qui
2627 5304 2657 5342 a
2695 5289 2856 5342 totius
2883 5284 3062 5354 populi
3093 5281 3261 5336 exitio
3290 5273 3650 5332 remanserint
3679 5289 3693 5326 :

2121 5383 2172 5437 lii
2214 5392 2393 5438 autem
2439 5391 2595 5436 erant
2651 5378 2878 5450 apostoli
2937 5387 2992 5433 et
3030 5371 3279 5444 discipuli
3318 5365 3641 5444 .Salvatoris
3677 5383 3690 5419 :

2113 5475 2294 5546 ipsum
2323 5474 2518 5545 quippe
2555 5472 2837 5531 Dominum
2869 5481 3126 5527 coronam
3159 5462 3273 5533 spei
3304 5459 3545 5539 futurum
3577 5470 3698 5511 esse

2119 5566 2429 5637 pollicetur.
2491 5566 2495 5572 ’
