4118 6404
455 399 585 471 est

1127 409 1394 466 EUSEBII
1433 407 1914 465 cmsamems
1952 394 2104 464 opp;
2148 407 2328 462 rans
2369 407 2456 462 nl.
2497 403 2572 446 -—‘
2604 395 3012 464 EX’EGETICA.

3612 408 3718 467 29!

457 545 606 602 pere,
664 545 766 585 non
825 529 876 582 in
925 542 982 582 se
1033 538 1314 582 venturam
1363 542 1484 582 esse
1526 529 1841 597 sperabant,
1893 544 2023 598 quor

2139 525 2277 582 εἶναι
2312 532 2376 601 τῇ
2429 530 2781 603 ἀντικειμένῃ
2818 529 3044 601 δυνάμει
3074 532 3169 583 καὶ
3204 522 3350 602 αὐτῷ
3377 529 3454 602 τῷ
3484 529 3716 603 θανάτῳ,

457 624 558 692 ipsi
597 623 923 676 adversaria:
971 622 1226 690 potestati
1285 629 1336 673 et
1387 620 1548 674 morti
1598 621 1836 673 amicitia
1861 621 2032 688 juncti

455 725 676 770 essent:
710 715 829 769 ideo
861 734 878 765 ι
909 715 1110 773 audite.
1139 734 1156 765 ι
1195 712 1392 782 inquit,
1435 731 1453 763 ι
1485 713 1708 767 verbum
1745 712 1974 766 Domini.
2005 712 2027 764 ⁷»

527 807 688 859 Vens.
720 805 808 858 16.
851 823 870 856 ι
898 805 1189 874 I’rOpterea
1244 804 1357 858 lure
1397 803 1530 858 dicit
1561 804 1864 859 Dominus:
1898 805 2036 861 Ecce

452 897 861 964 egoimmittam
909 898 960 950 in
1008 895 1356 950 itiiidamenta
1404 897 1535 950 Sion
1562 896 1794 965 lapidem
1829 899 2036 968 pretio-

452 1002 593 1053 sum,
647 988 914 1055 electum,"
956 990 1292 1060 angularem,
1349 989 1729 1044 honorabilem
1761 990 1812 1043 in
1843 990 2034 1045 funda-

453 1091 628 1136 menta
663 1081 820 1150 ejus:
857 1093 910 1136 et
942 1084 1032 1151 qui
1062 1081 1361 1135 crediderit
1405 1083 1458 1135 in
1507 1097 1593 1147 eo,
1653 1099 1758 1136 non
1793 1081 2035 1136 confun-

451 1173 634 1229 detur.
680 1193 698 1225 ι
763 1174 872 1228 Vos
925 1175 1145 1242 quidem
1192 1175 1424 1240 primum
1471 1177 1625 1229 vobis
1683 1177 2031 1244 pra-dicatam

453 1268 683 1335 gratiam
725 1282 833 1320 non
867 1265 1189 1334 suscepistis
1225 1283 1238 1320 :
1277 1281 1374 1334 ego
1407 1281 1533 1320 vero
1578 1265 1815 1336 lapidem
1853 1283 2030 1321 meum

451 1359 750 1426 pretiosmu
795 1367 849 1413 et
895 1358 1270 1412 lionorabilem
1322 1359 1374 1411 in
1431 1357 1642 1428 angulis
1669 1361 2030 1423 constituens,

449 1448 722 1503 excelsum
761 1464 910 1513 eum,
946 1449 1235 1512 illustrem,
1279 1451 1641 1520 omnibusque
1691 1451 1812 1505 aliis
1861 1455 2034 1506 mani-

448 1540 644 1594 festum
685 1541 1008 1613 faciamtut
1037 1541 1285 1611 quisquis
1319 1542 1370 1595 in
1398 1543 1568 1610 ipsum
1612 1544 1925 1608 crediderit,
1968 1561 2032 1598 ne

448 1645 542 1699 spe
579 1630 813 1686 labatur.
868 1632 1022 1685 Hunc
1065 1647 1230 1700 porro
1281 1632 1512 1700 lapidem
1564 1633 1617 1688 in
1667 1635 2033 1691 fundamentis

450 1722 582 1776 Sion
629 1738 688 1778 se
718 1723 1020 1792 positurum
1073 1723 1382 1793 pollicetur,
1419 1727 1562 1796 quod
1619 1728 1783 1782 etiam
1829 1728 2026 1794 eﬂ‘ecit,

449 1829 573 1866 cum
609 1815 711 1870 hoc
736 1817 941 1870 dictum
990 1817 1302 1885 complevit,
1354 1837 1372 1869 ι
1406 1817 1580 1888 Supra
1625 1830 1832 1888 petram
1859 1823 2025 1876 aedili-

2139 625 2324 693 φησὶν,
2361 640 2379 674 ι
2411 623 2680 676 ἀκούσατε
2713 623 2870 691 λόγον
2901 624 3127 694 Κυρίου.
3170 642 3190 676 ι

2213 824 2231 854 ι
2263 805 2362 858 Διά
2379 805 2536 859 τοῦτο
2558 805 2685 859 τάδε
2728 805 2876 874 λέγει
2910 806 3128 879 Κύριος·
3169 807 3299 862 Ἰδοὺ
3338 807 3447 877 ἐγὼ
3498 808 3720 882 ἐμϐαλῶ

2137 900 2216 962 είς
2241 899 2309 952 τά
2339 898 2563 970 θεμέλια
2597 899 2738 954 Σιὼν
2761 899 2905 954 λίθον
2936 901 3221 972 πολυτελῆ,
3253 901 3528 966 ἐκλεκτὸν,
3553 903 3720 974 ἀκροα-

2136 995 2408 1058 γωνιαῖον,
2463 991 2679 1063 ἔντιμον
2729 993 2808 1056 είς
2833 993 2901 1046 τά
2950 992 3175 1064 θεμέλια
3207 994 3397 1064 αὐτῆς·
3431 995 3523 1048 καὶ
3555 996 3584 1048 6
3631 1013 3721 1048 πι-

2138 1083 2342 1136 στεύων
2376 1085 2462 1136 ἐπ’
2494 1083 2667 1154 αὐτῷ,
2699 1085 2759 1136 ού
2794 1084 2869 1155 μὴ
2903 1085 3292 1156 καταισχυνθῇ.
3330 1105 3348 1136 ›
3409 1087 3596 1157 Ὑμεῖς
3622 1087 3720 1157 μέν

2134 1175 2196 1226 ού
2227 1174 2595 1245 παρεδέξασθε
2641 1176 2742 1247 τὴν
2770 1175 3003 1245 πρώτως
3029 1177 3158 1247 ὑμῖν
3186 1176 3720 1246 κατεπαγγελθεῖσαν

2135 1264 2316 1334 χάριν·
2366 1264 2474 1332 ἐγὼ
2523 1265 2577 1316 δὲ
2611 1265 2702 1318 τὸν
2736 1266 2974 1337 ἐμαυτοῦ
2999 1267 3146 1320 λίθον
3185 1268 3276 1319 τὸν
3306 1267 3567 1338 πολυτελῆ
3625 1267 3718 1320 καὶ

2134 1356 2313 1426 τίμιον
2341 1360 2399 1410 ἐν
2435 1358 2799 1430 ἀκρογωνίαις
2836 1359 3074 1423 ἀναθεὶς,
3102 1359 3303 1430 ὑψηλὸν
3328 1361 3422 1414 καὶ
3455 1361 3714 1431 ἐπιφανῆ,

2136 1452 2355 1513 καὶτοῖς
2379 1450 2557 1515 ἄλλοις
2579 1454 2744 1506 πᾶσιν
2781 1452 3004 1521 ἔκδηλον
3032 1455 3263 1523 ποιήσω,
3297 1454 3444 1517 ὅπως
3473 1455 3579 1517 πᾶς
3629 1455 3715 1507 ἐπ’

2135 1541 2296 1592 αὑτὸν
2329 1541 2602 1594 πιστεύων
2654 1542 2728 1612 μὴ
2779 1542 2988 1614 ἐκπέσῃ
3019 1543 3117 1612 τῆς
3150 1541 3381 1606 ἐλπίδος.
3419 1541 3619 1595 Τοῦτον
3661 1543 3717 1596 δέ

2135 1632 2224 1686 τὸν
2249 1633 2394 1686 λίθον
2413 1633 2806 1702 ἐπαγγέλλεται
2833 1633 3018 1704 θήσειν
3047 1635 3128 1696 είς
3153 1634 3221 1686 τά
3255 1634 3482 1705 θεμέλια
3514 1634 3672 1698 Σιὼν,
3690 1635 3718 1687 ὃ

2133 1724 2196 1796 δὴ
2251 1727 2344 1780 καὶ
2389 1725 2536 1796 ἔργῳ
2568 1727 2888 1796 πεποίηκεν,
2936 1722 3232 1779 εἰπὼνκαὶ
3279 1723 3594 1790 ἐπιτελέσας
3634 1727 3715 1790 τὸ,

2139 1837 2158 1867 ι
2196 1816 2317 1870 Ἐπὶ
2337 1816 2434 1888 τὴν
2463 1818 2669 1889 πέτραν
2691 1817 3030 1888 οἰκοδομήσω
3054 1817 3279 1888 μουττὴν
3308 1817 3649 1890 Ἐκκλησίαν.
3690 1837 3710 1871 ι

449 1907 585 1962 cabo
626 1909 924 1963 Ecclesiam
959 1926 1132 1962 meam
1167 1910 1234 1966 “.
1267 1929 1286 1963 ι
1325 1910 1458 1964 Nam
1499 1923 1737 1968 montem
1765 1913 1895 1968 Sion
1933 1931 2023 1982 pro

2133 1905 2272 1960 Σιὼν
2317 1907 2426 1978 γὰρ
2470 1907 2596 1980 ὅρος
2640 1908 2700 1961 τὸ
2744 1907 3097 1977 εὐαγγελικὸν
3142 1912 3425 1980 κήρυγμα,
3479 1910 3571 1963 καὶ
3626 1911 3716 1964 ἐπὶ

447 2001 759 2071 evangelica
787 2001 1192 2070 prmdicatione,
1231 2012 1286 2056 et
1319 2018 1415 2071 pro
1447 2002 1688 2058 Ecclesia
1725 2019 1886 2072 supra
1909 2021 2029 2059 eam

447 2092 670 2146 fundata
722 2094 1044 2162 plerumque
1090 2095 1426 2163 accepimus.
1478 2094 1636 2149 Hune
1688 2111 1850 2166 porro
1891 2095 2028 2166 lapi-

445 2185 568 2239 dem
598 2187 920 2255 pretiosum,
967 2184 1201 2240 electum
1241 2195 1294 2240 et
1343 2185 1720 2240 honorabilem
1753 2188 1805 2240 in
1837 2187 2030 2241 {nuda-

445 2288 623 2332 menla
681 2277 933 2333 Ecclesia:
973 2293 1034 2333 se
1087 2277 1391 2347 positurum
1445 2279 1750 2348 promittit;
1795 2277 2029 2348 indeque

443 2377 526 2423 est
561 2371 704 2439 quod
755 2371 1036 2440 angularis
1070 2378 1124 2424 et
1158 2386 1407 2425 summus
1453 2371 1740 2440 angularis
1779 2382 2024 2427 vocetur.

443 2459 746 2517 Humanum
779 2473 960 2517 autem
997 2462 1298 2516 Salvatoris
1355 2462 1525 2515 nostri
1575 2477 1773 2531 corpus
1807 2462 1889 2516 sic
1924 2478 2024 2516 vo-

446 2556 562 2610 cari
599 2555 794 2624 potuit,
823 2543 1108 2622 quoniam,
1161 2553 1464 2606 secundum
1501 2553 1802 2616 Danielem,
1839 2569 1858 2602 ι
1890 2551 2027 2618 lapis

440 2645 654 2701 excisus
681 2646 799 2700 sine
831 2646 1106 2706 manibus,
1146 2661 1166 2696 ι
1205 2644 1357 2697 visus
1385 2643 1521 2709 fuit;
1554 2644 1627 2696 ita
1661 2652 1719 2696 ut
1749 2643 1884 2710 lapis
1908 2646 2026 2712 qui.

442 2738 562 2792 dem
587 2752 684 2807 pro
714 2738 951 2791 humano
980 2749 1230 2804 corpore,
1263 2748 1420 2787 mous
1451 2748 1550 2802 pro
1573 2731 1876 2787 Salvatoris
1907 2733 2023 2788 dei-

442 2839 574 2894 tate,
612 2829 968 2899 intelligatur.

512 2921 679 2976 Vsus.
711 2923 798 2978 i7.
835 2941 852 2973 ι
883 2920 949 2974 Ει
977 2935 1172 2990 ponam
1202 2918 1468 2988 judicium
1501 2918 1552 2974 in
1589 2933 1770 2989 spem:
1815 2917 2028 2974 miseri-

442 3015 628 3068 cordia
657 3021 840 3067 autem
890 3027 1007 3066 mea
1056 3012 1110 3065 in
1162 3012 1443 3079 pondera;
1479 3019 1535 3065 et
1567 3012 1663 3080 qui
1698 3011 1863 3066 ﬁditis
1910 3010 2027 3066 fru-

439 3115 550 3161 stra
585 3105 888 3170 mendacio,
942 3104 1070 3174 quia
1128 3119 1234 3159 non
1292 3103 1648 3172 pertransibit
1690 3117 1786 3158 vos
1815 3112 2024 3172 tempe-

2131 1998 2306 2070 τούτῳ
2337 1997 2810 2072 τεθεμελιωμένην
2856 2001 3180 2073 Ἐκκλησίαν
3215 2001 3474 2065 πολλάκις
3512 2002 3714 2074 ἐξειλή-

2132 2105 2330 2159 φαμεν.
2361 2089 2636 2161 Πολυτελῆ
2665 2091 2721 2144 δὲ
2747 2093 2877 2145 ὄντα
2898 2092 2990 2145 τὸν
3040 2092 3184 2146 λίθον
3210 2091 3398 2145 τοῦτον
3427 2093 3520 2146 καὶ
3562 2092 3715 2147 ἐκλει-

2131 2179 2256 2232 κτὸν
2294 2181 2385 2233 καὶ
2424 2181 2604 2250 τίμιον
2640 2181 2828 2252 θήσειν
2861 2184 2940 2245 είς
2983 2183 3050 2236 τά
3091 2182 3316 2252 θεμέλια
3348 2183 3444 2254 τῆς
3488 2184 3713 2254 Ἐκκληο

2132 2272 2251 2336 σίας
2282 2273 2702 2341 ἐπαγγέλλεται·
2737 2274 2985 2328 ἐντεῦθεν
3037 2279 3289 2344 γωνιαίος
3340 2276 3434 2328 καὶ
3468 2276 3710 2346 ἀκρογωρ

2128 2367 2296 2428 νιαῑος
2323 2365 2599 2435 κέκληται.
2642 2367 2742 2436 Εῖη
2773 2366 2817 2418 δ’
2851 2367 2917 2420 ἂν
2940 2368 3000 2420 τὸ
3039 2367 3375 2440 ἀνθρώπινον
3407 2368 3498 2422 τοῦ
3533 2369 3709 2440 Σωτῆ-

2137 2473 2227 2528 ρος
2258 2457 2416 2527 ἡμῶν
2447 2458 2617 2521 οὓτως
2649 2458 3036 2529 ὠνομασμένον
3071 2459 3248 2531 σῶμα
3278 2462 3402 2513 ἐπεὶ
3446 2461 3540 2515 καὶ
3572 2462 3711 2515 κατά

2129 2550 2221 2602 τὸν
2257 2549 2477 2622 Δανιὴλ,
2512 2569 2528 2602 ι
2574 2551 2718 2615 λίθος
2753 2552 2982 2622 τμηθεὶς
3020 2554 3148 2607 ἄνευ
3184 2553 3381 2626 χειρῶν
3422 2575 3440 2606 ι
3481 2557 3708 2626 ἐωρᾶρτο·

2126 2641 2275 2694 λίθου
2307 2643 2404 2712 μὲν
2429 2641 2525 2695 τοῦ
2558 2642 2900 2713 ἀνθρωπίνου
2925 2646 3216 2716 νοουμένου
3248 2645 3518 2717 σώματος·
3551 2649 3710 2719 ὅρους

2126 2733 2182 2786 δὲ
2215 2734 2315 2804 τῆς
2347 2735 2484 2788 κατά
2509 2735 2598 2787 τὸν
2632 2736 2862 2806 Σωτῆρα
2895 2736 3176 2807 θεότητος.-

2203 2933 2221 2964 σ
2262 2914 2372 2967 Καὶ
2399 2912 2556 2985 θήσω·
2599 2914 2779 2985 κρίσιν
2819 2915 2899 2977 είς
2949 2914 3170 2968 ἐλπίδα’
3204 2918 3237 2986 ἠ
3266 2916 3328 2970 δέ
3361 2915 3702 2987 ἐλεημοσύνη

2129 3022 2231 3076 μου
2265 3007 2345 3070 είς
2377 3006 2678 3076 σταθμοὺς,
2709 3007 2803 3060 καὶ
2842 3009 2892 3060 οε
2923 3008 3242 3072 πεποιθότες
3280 3010 3458 3080 μάτην
3500 3009 3705 3077 ψεύδει,

2125 3097 2208 3151 ὄτι
2252 3099 2313 3151 ού
2361 3100 2434 3170 μὴ
2482 3098 2736 3172 παρέλθῃ
2766 3098 2910 3169 ὑμᾶς
2939 3101 3209 3170 καταιγίς.
3251 3121 3270 3152 ι
3299 3101 3458 3155 Κατά
3494 3102 3550 3154 δέ
3583 3102 3710 3164 τοὺς

443 3205 576 3251 stas.
609 3215 630 3248 ι
676 3195 986 3251 Secundum
1015 3196 1254 3265 reliquos
1293 3205 1474 3250 autem
1512 3200 1844 3265 interpretes
1879 3214 1898 3247 ι
1930 3198 2020 3266 qui

2129 3191 2346 3256 λοιποὺς
2375 3192 2741 3264 ἑρμηνευτάς,
2763 3214 2780 3245 ι
2805 3197 2832 3248 6
2860 3194 3130 3248 πιστεύων
3167 3195 3229 3247 ού
3260 3194 3504 3250 σπεύσει.
3541 3215 3557 3245 ι
3584 3196 3706 3248 Μα-

443 3290 636 3351 credit,
673 3305 778 3344 non
822 3287 1120 3343 festinauit.
1159 3307 1178 3340 ι
1215 3287 1354 3342 Nam
1399 3289 1491 3358 qui
1543 3289 1740 3352 credit,
1770 3304 2023 3358 perseve-

439 3390 626 3437 ranter
655 3391 796 3450 aget,
823 3397 936 3434 rem
969 3381 1134 3434 verbo
1166 3381 1492 3451 promissam
1541 3390 1886 3449 exspectans.
1921 3381 2021 3437 Hic

442 3489 571 3528 vero
603 3475 739 3542 lapis
771 3472 952 3540 fuerit,
990 3473 1214 3542 ipsaque
1242 3482 1394 3542 petra
1430 3473 1496 3527 de
1522 3485 1630 3542 qua
1671 3471 1922 3526 Salvator
1943 3472 2020 3526 di-

438 3551 620 3631 ccbat,
663 3586 680 3618 ι
719 3567 893 3635 Super
942 3567 1081 3620 hanc
1128 3575 1336 3634 petram
1385 3565 1668 3620 aediﬁcabo
1718 3565 2019 3620 Ecclesiam

437 3674 638 3730 meam.
675 3678 694 3712 ι
729 3657 827 3713 llic
862 3657 1021 3727 lapis,
1049 3658 1134 3711 vel
1169 3673 1289 3711 cum
1313 3656 1606 3726 iudicabit,
1639 3674 1891 3728 magnam
1929 3658 2017 3724 iis,

441 3751 509 3808 de
537 3751 734 3820 quibus
770 3750 1037 3818 judicium
1091 3751 1417 3816 instituitur,
1451 3766 1604 3821 spem
1639 3751 1856 3817 aiferet,
1891 3754 2019 3822 quia

439 3847 565 3918 ipsi,
588 3846 896 3918 iustissimo
931 3846 1170 3916 pondere
1212 3854 1268 3898 et
1312 3859 1590 3910 mensura,
1645 3843 2018 3900 misericordia

438 3941 791 4011 adiungitur;
824 3937 1177 4007 quamobrem
1213 3934 1416 3989 dicitur
1443 3952 1457 3989 :
1883 4005 1886 4010 η

515 4033 675 4088 Vsus.
712 4031 799 4085 i8.
843 4047 861 4081 ι
897 4029 1266 4082 Misericordia
1305 4037 1486 4080 autem
1521 4040 1638 4080 mea
1671 4025 1723 4079 in
1756 4025 2016 4095 pondera.

438 4127 507 4183 Et
547 4142 651 4180 non
679 4123 888 4178 auferet
935 4121 1088 4175 vobis
1135 4129 1524 4175 testamentum
1556 4118 1777 4174 mortis:
1814 4130 1870 4172 et
1892 4131 2018 4185 Spes

437 4226 619 4274 vestra
659 4216 714 4269 in
749 4214 1045 4280 infernum,
1077 4227 1184 4264 non
1217 4210 1559 4280 permanebit
1586 4227 1598 4262 :
1653 4209 1890 4276 procella
1923 4225 2017 4264 ve-

437 4311 594 4368 niens
622 4309 665 4364 si
697 4305 997 4372 transierit,
1043 4304 1200 4360 eritis
1235 4303 1309 4357 illi
1361 4304 1415 4356 in
1461 4302 1950 4356 ronculcationem.
1984 4321 2003 4354 ›

439 4403 516 4462 Ne
541 4419 636 4458 vos
672 4401 772 4470 ipsi
812 4398 1116 4469 decipiatis,
1179 4395 1375 4466 inquit,
1417 4395 1710 4448 dicentes:
1751 4396 2016 4460 Quoniam

440 4495 634 4552 mortis
668 4493 826 4548 amici
859 4506 1088 4559 ,sumus,
1137 4503 1245 4544 non
1279 4489 1446 4542 irruet
1477 4486 1531 4540 in
1558 4501 1656 4540 nos
1704 4495 2013 4554 tempestas,

2131 3283 2468 3356 κροθυμήσει
2515 3285 2624 3358 γὰρ
2656 3288 2684 3339 6
2720 3287 3012 3351 πιστεύων,
3062 3287 3372 3360 περιμένων
3405 3287 3500 3341 τοῦ
3548 3286 3707 3355 λόγου

2129 3377 2228 3447 τὴν
2262 3377 2612 3446 ἐπαγγελιαν.
2649 3374 2818 3444 Οὗτος
2845 3381 2890 3433 δ’
2915 3379 2981 3434 ἂν
3015 3380 3098 3451 είη
3127 3383 3154 3433 6
3181 3380 3347 3445 λίθος,
3393 3383 3420 3433 6
3461 3379 3622 3441 αὑτός
3649 3396 3706 3431 τε

2129 3465 2334 3538 πέτρα,
2382 3469 2508 3539 περὶ
2535 3463 2601 3540 ἧς
2633 3472 2661 3522 6
2689 3468 2880 3541 Σωτὴρ
2917 3470 3070 3538 ἔλεγε
3094 3487 3109 3502 ο
3143 3489 3161 3521 ι
3212 3471 3335 3522 Ἐπὶ
3369 3470 3468 3540 τὴν
3502 3469 3708 3537 πέτραν

2126 3557 2329 3629 ταύτην
2363 3559 2702 3630 οἰκοδομήσω
2750 3578 2850 3630 μου
2884 3561 2984 3630 τὴν
3019 3561 3366 3632 Ἐκκλησίαν.
3404 3579 3423 3612 ι
3465 3551 3628 3619 Οὗτος
3679 3558 3707 3609 6

2127 3651 2271 3716 λίθος
2301 3654 2393 3706 καὶ
2419 3654 2620 3724 κρίνων
2667 3652 2879 3720 ἀγαθὰς
2925 3653 3150 3723 παρέξει
3204 3655 3318 3715 τοῖς
3365 3652 3705 3724 κρινομένοις

2129 3744 2371 3808 ἐλπίδας,
2404 3744 2591 3815 ἐπειδὴ
2641 3744 2907 3814 συνῆπται
2969 3742 3120 3813 αύτῷ
3173 3743 3510 3814 ἐλεημοσύνη
3567 3745 3708 3815 μετά

2125 3836 2463 3891 δικαιοτάτου
2498 3835 2742 3908 σταθμοῦ
2772 3838 2869 3890 καὶ
2897 3837 3096 3908 μέτρου
3122 3853 3137 3864 ο
3164 3835 3244 3887 διὸ
3273 3834 3543 3888 λέλεκταιο

2203 4056 2222 4089 ι
2257 4038 2319 4090 Ἡ
2331 4037 2387 4090 δέ
2410 4037 2747 4110 ἐλεημοσύνη
2774 4056 2874 4110 μου
2897 4055 2977 4102 εις
3000 4038 3292 4109 σταθμούς.
3313 4036 3405 4110 Μὴ
3421 4039 3516 4093 καὶ
3535 4038 3708 4112 ἀφέλῃ

2127 4125 2280 4197 ὑμῶν
2313 4125 2410 4198 τὴν
2455 4127 2721 4198 διαθήκην
2751 4127 2845 4180 τοῦ
2877 4127 3108 4180 θανάτου
3132 4141 3147 4155 ·
3187 4128 3334 4197 καὶὴ
3365 4127 3517 4190 ἐλπὶς
3557 4125 3710 4198 ὑμῶν

2125 4221 2159 4290 ἡ
2191 4219 2324 4290 πρὸς
2362 4221 2452 4274 τὸν
2491 4221 2622 4292 ᾅδην
2653 4223 2713 4274 οὐ
2749 4221 2822 4292 μὴ
2852 4222 3107 4292 ἐμμείνῃ.
3135 4221 3401 4288 Καταιγὶς
3435 4221 3707 4293 φερομένη

2124 4311 2219 4364 ἐὰν
2249 4311 2470 4386 ἐπέλθῃ,
2507 4313 2698 4365 ἔσεσθε
2721 4313 2860 4382 αὐτῇ
2891 4318 2972 4375 εἰς
3007 4312 3404 4382 καταπάτημα.
3433 4330 3450 4362 ι
3485 4311 3576 4382 Μὴ
3599 4311 3710 4382 γὰρ

2125 4402 2367 4464 ἑαυτοὺς,
2397 4403 2580 4470 φησὶν,
2617 4403 2862 4453 ἁπατᾶτε
2895 4401 3227 4467 φάσκοντεςο
3247 4398 3461 4471 Ἐπειδῆ
3495 4399 3574 4470 τῷ
3608 4399 3706 4453 θα-

2125 4491 2268 4561 νάτῳ
2299 4491 2685 4562 ἐφιλιὼθημεν,
2709 4492 2769 4543 οὐ
2810 4491 2884 4562 μὴ
2907 4491 3108 4564 ἐπέλθῃ
3141 4491 3224 4560 ἐφ’
3255 4493 3402 4561 ἡμᾶς
3428 4493 3699 4561 καταιγῖς,

440 4605 542 4646 nec
571 4587 846 4656 quidpiam
879 4584 1080 4640 doloris
1109 4581 1475 4652 experiemur.
1505 4575 1726 4641 Verum,
1745 4579 1880 4632 heus
1901 4593 2016 4647 vos,

2129 4582 2243 4634 ούδέ
2293 4581 2743 4654 πειραθησόμεθά
2782 4599 2928 4645 τινος
2984 4578 3250 4652 λυπηροῦ.
3296 4581 3547 4634 Ἀκούετε
3599 4580 3708 4650 γὰρ

437 4681 550 4751 jam
581 4680 762 4735 audite
792 4687 847 4732 et
879 4675 1127 4739 ediscite,
1154 4673 1247 4743 qui
1284 4670 1572 4725 mendacio
1603 4668 1786 4734 iiditis,
1815 4668 2019 4736 dicitis-

439 4789 570 4848 que,
637 4789 654 4822 ι
711 4769 996 4824 Posuimus
1051 4764 1393 4822 mendacium
1442 4779 1592 4842 spem
1643 4772 1910 4827 nostram,
1967 4771 2021 4816 et

441 4863 727 4922 mendacio
785 4871 1130 4932 protegemur
1162 4875 1178 4924 ;
1213 4877 1232 4910 ι
1280 4857 1516 4928 procella
1569 4857 1876 4924 irrumpens
1918 4870 2020 4910 ne-

438 4971 715 5030 quaquam
769 4969 861 5009 vos
911 4950 1249 5024 praeteribit;
1285 4951 1381 5005 sed
1414 4960 1650 5004 vestrum
1679 4963 1802 5002 cum
1845 4956 2021 5035 morte

437 5059 660 5122 pactum
690 5045 920 5109 auferet,
965 5057 1029 5098 ac
1078 5057 1202 5113 spes
1250 5040 1453 5106 vestra,
1487 5056 1648 5110 quam
1703 5036 2020 5126 inlinferno

444 5142 736 5212 repositam
770 5137 1072 5214 habebatis,
1122 5151 1227 5191 non
1282 5134 1544 5189 manebit.
1587 5131 1868 5218 Siquidem
1919 5133 2021 5185 im-

444 5235 756 5291 becillaarei
793 5246 886 5287 vos
916 5228 1351 5297 concredidistis,
1383 5241 1507 5281 cum
1543 5225 1596 5278 in
1634 5233 1816 5291 morte
1847 5235 1904 5279 et
1939 5224 2021 5308 in.-

445 5327 598 5390 ferno
625 5341 777 5396 spem
807 5315 1042 5400 vestram
1079 5320 1433 5404 apposuistis.
1503 5402 1508 5404 _
1615 5374 1618 5377 .
1649 5375 1656 5382 ,

521 5417 680 5474 Vsus.
711 5416 891 5482 19,20.
929 5433 948 5466 ι
979 5413 1114 5470 Cum
1149 5413 1460 5477 transierit,
1491 5411 1640 5466 tollet
1670 5426 1762 5466 vos
1794 5411 1810 5464 :
1841 5423 2019 5486 mane,

448 5523 625 5574 mane,
659 5508 912 5563 transibit
947 5508 999 5562 in
1044 5507 1150 5569 die.
1190 5517 1246 5560 et
1281 5505 1332 5559 in
1370 5514 1528 5559 nocte
1556 5505 1661 5558 erit
1696 5518 1822 5573 spes
1854 5502 2015 5556 mala.

447 5595 648 5653 Discite
679 5607 738 5652 ut
763 5598 1014 5676 audiatis.
1067 5598 1127 5652 In
1165 5597 1429 5666 angustiis
1467 5597 1626 5668 positi
1677 5612 1782 5653 non
1831 5609 2020 5664 possu-

448 5702 568 5742 mus
612 5703 905 5758 pugnare:
962 5691 1062 5759 ipsi
1107 5700 1287 5744 autem
1343 5689 1542 5743 inﬁrmi
1583 5693 1797 5752 sumus,
1835 5699 1894 5741 nt
1922 5702 2018 5742 vos

445 5781 868 5852 congregemini.
916 5799 935 5833 ι
981 5779 1110 5835 Nam
1171 5783 1215 5838 si
1279 5780 1617 5849 voluissetis,
1665 5781 1720 5837 in
1773 5779 2020 5850 portione

524 5893 570 5927 ⁸⁸
597 5891 790 5950 Matth.
838 5905 950 5956 xvi,
978 5891 1059 5948 18.

2126 4676 2374 4730 ἐντεῦθεν
2403 4676 2503 4748 ἤδη
2539 4677 2642 4746 ⁵καὶ
2674 4675 2994 4746 μανθάνετε,
3037 4668 3081 4728 ὦ
3126 4668 3272 4728 οῦτοι
3306 4674 3356 4726 οἱ
3388 4673 3706 4736 πεποιθότες

2124 4763 2200 4835 τῷ
2237 4766 2419 4834 ψεύδει
2461 4765 2555 4819 καὶ
2599 4765 2901 4837 εἰρηκότες,
2945 4783 2976 4838 ι.
3017 4763 3329 4838 Ἐθήκαμεν
3373 4763 3567 4834 ψεῦδος
3610 4762 3706 4832 τὴν

2125 4859 2314 4913 ἐλπίδα
2344 4859 2521 4932 ημῶν,
2553 4861 2648 4913 καὶ
2674 4859 2752 4931 τῷ
2784 4858 2968 4930 ψεύδει
3003 4856 3495 4936 σκεπασθησόμεθα
3515 4873 3529 4886 ⁸
3563 4860 3582 4908 ι
3626 4857 3707 4936 ὅτι

2127 4954 2378 5022 καταιγὶς
2422 4950 2769 5024 παρελθοῦσα
2814 4953 2875 5004 οὐ
2917 4946 3315 5022 παρελεύσεται
3362 4949 3505 5019 ὑμᾶς
3530 4963 3543 4978 ·
3573 4946 3707 4999 ἀλλὰ

2123 5039 2314 5114 ἀφελεῖ
2340 5045 2494 5117 ὑμῶν
2516 5038 2797 5117 τῆν’πρὸς
2826 5041 2918 5110 τδν
2953 5041 3510 5113 θάνατονῦσυνθήκην,
3531 5033 3640 5097 ,καὶ

2127 5139 2280 5204 ἐλπὶς
2309 5139 2463 5210 ὑμῶν
2491 5140 2695 5216 ηπρδς
2722 5140 2814 5194 τὸν
2848 5138 2982 5210 ᾅδην
3010 5137 3072 5190 οὐ
3117 5136 3191 5208 μὴ
3216 5132 3471 5206 ἐμμείνῃ.
3518 5132 3708 5205 Σαθρῷ

2126 5232 2236 5305 γὰρ
2267 5235 2812 5313 πράγματιέαυτοῦς
2841 5231 3222 5296 ἐπιστεύσατε,
3245 5228 3461 5300 θανάτῳ
3488 5227 3706 5313 καὶ-ᾄδῃ

2112 5322 2226 5396 ,τὰς
2256 5313 2527 5395 ύμετέρας
2554 5311 2770 5388 ἐλπίδας
2791 5318 3215 5395 ἀναρτήσαντες.

2205 5435 2224 5466 ι
2259 5410 2428 5488 Ὅταν
2444 5405 2714 5490 παρέλθῃ,
2748 5413 2979 5487 λήψεται
3001 5410 3168 5486 ὑμᾶς’
3215 5411 3362 5485 πρωῒ
3388 5410 3534 5484 πρωῒ
3571 5425 3705 5479 παρ-

2127 5493 2406 5562 ελεύσεται
2443 5503 2679 5582 ἡμέρας,
2709 5509 2804 5562 καὶ
2838 5509 2896 5560 ἐν
2923 5507 3081 5560 νυκτὶ
3110 5505 3260 5560 ἔσται
3287 5497 3440 5568 ἐλπὶς

2126 5597 2342 5652 Μάθετε
2368 5599 2607 5654 ἀκούειν.
2639 5589 3157 5673 Στενοχωρούμενοι,
3190 5597 3252 5650 ού
3295 5591 3570 5664 δυνάμεθα
3597 5591 3700 5662 μά-

2127 5681 2350 5758 χεσθαιλ
2379 5691 2617 5744 αὑτοὶ-δέ
2643 5690 2977 5762 ἀσθενοῦμεν
3005 5688 3099 5743 τοῦ
3134 5689 3277 5759 ὑμᾶς
3301 5682 3652 5754 συναχθῆναι.
3677 5699 3700 5732 ι

2129 5784 2192 5836 El
2228 5784 2337 5858 γὰρ
2366 5785 2610 5859 ἐθέλητε,
2639 5787 2731 5840 καὶ
2758 5786 2818 5839 ἐν
2840 5786 2906 5855 τῇ
2943 5783 3117 5855 μερίδι
3150 5781 3242 5834 τοῦ
3268 5777 3402 5832 Θεοῦ
3437 5771 3705 5845 συναχθήω
