  <div class='ocr_page' id='page_1' title='image "/cluster/home/n/w/nwhite01/storage/ocr_20150623/24:no.6/coo.31924054873058/160.png"; bbox 0 0 4118 6410; ppageno 0'>
   <div class='ocr_carea' id='block_1_1' title="bbox 379 417 493 469">
    <p class='ocr_par' dir='ltr' id='par_1_1' title="bbox 379 417 493 469">
     <span class='ocr_line' id='line_1_1' title="bbox 379 417 493 469; baseline -0.018 0"><span class='ocrx_word' id='word_1_1' title='bbox 379 417 493 469; x_wconf 72' lang='lat'><strong>9.93</strong></span> 
     </span>
    </p>
   </div>
   <div class='ocr_carea' id='block_1_2' title="bbox 1306 412 2857 469">
    <p class='ocr_par' dir='ltr' id='par_1_2' title="bbox 1306 412 2857 469">
     <span class='ocr_line' id='line_1_2' title="bbox 1306 412 2857 469; baseline -0.001 -2"><span class='ocrx_word' id='word_1_2' title='bbox 1306 414 1809 467; x_wconf 71' lang='lat' dir='ltr'><strong>COMMENTARIA</strong></span> <span class='ocrx_word' id='word_1_3' title='bbox 1850 412 1917 465; x_wconf 76' lang='lat' dir='ltr'><strong>IN</strong></span> <span class='ocrx_word' id='word_1_4' title='bbox 1961 412 2216 468; x_wconf 72' lang='lat' dir='ltr'><strong>ISAiA“.</strong></span> <span class='ocrx_word' id='word_1_5' title='bbox 2258 442 2325 454; x_wconf 88' lang='lat'><strong>-—</strong></span> <span class='ocrx_word' id='word_1_6' title='bbox 2363 412 2513 467; x_wconf 74' lang='lat' dir='ltr'><strong>CAP.</strong></span> <span class='ocrx_word' id='word_1_7' title='bbox 2558 413 2789 469; x_wconf 73' lang='lat' dir='ltr'><strong>XXVIII.</strong></span> <span class='ocrx_word' id='word_1_8' title='bbox 2852 443 2857 449; x_wconf 88' lang='lat'><strong><em>-</em></strong></span> 
     </span>
    </p>
   </div>
   <div class='ocr_carea' id='block_1_3' title="bbox 3538 400 3642 489">
    <p class='ocr_par' dir='ltr' id='par_1_3' title="bbox 3538 400 3642 489">
     <span class='ocr_line' id='line_1_3' title="bbox 3538 400 3642 489; baseline 0.019 -18"><span class='ocrx_word' id='word_1_9' title='bbox 3538 400 3642 489; x_wconf 68' lang='lat' dir='ltr'><strong>gat</strong></span> 
     </span>
    </p>
   </div>
   <div class='ocr_carea' id='block_1_4' title="bbox 380 522 1964 595">
    <p class='ocr_par' dir='ltr' id='par_1_4' title="bbox 380 522 1963 593">
     <span class='ocr_line' id='line_1_4' title="bbox 380 522 1963 593; baseline -0.003 -14"><span class='ocrx_word' id='word_1_10' title='bbox 380 525 564 589; x_wconf 81' lang='grc' dir='ltr'>σεσθε,</span> <span class='ocrx_word' id='word_1_11' title='bbox 598 523 691 577; x_wconf 64' lang='grc' dir='ltr'><strong>καὶ</strong></span> <span class='ocrx_word' id='word_1_12' title='bbox 725 524 823 576; x_wconf 73' lang='grc' dir='ltr'><strong>οὐκ</strong></span> <span class='ocrx_word' id='word_1_13' title='bbox 858 522 1184 593; x_wconf 76' lang='grc' dir='ltr'>ἀσθενήσετι</span> <span class='ocrx_word' id='word_1_14' title='bbox 1216 523 1355 591; x_wconf 81' lang='grc' dir='ltr'>ὑπερ</span> <span class='ocrx_word' id='word_1_15' title='bbox 1391 522 1673 587; x_wconf 85' lang='grc' dir='ltr'>εὐσεϐείας</span> <span class='ocrx_word' id='word_1_16' title='bbox 1702 524 1963 591; x_wconf 74' lang='grc' dir='ltr'>ἀγωνιζόσ</span> 
     </span>
    </p>
   </div>
   <div class='ocr_carea' id='block_1_5' title="bbox 2050 522 3641 595">
    <p class='ocr_par' dir='ltr' id='par_1_5' title="bbox 2070 522 3641 595">
     <span class='ocr_line' id='line_1_5' title="bbox 2070 522 3641 595; baseline 0.003 -19"><span class='ocrx_word' id='word_1_17' title='bbox 2070 524 2161 577; x_wconf 77' lang='lat' dir='ltr'><strong>Dei</strong></span> <span class='ocrx_word' id='word_1_18' title='bbox 2194 523 2509 595; x_wconf 81' lang='lat' dir='ltr'><strong>congregati</strong></span> <span class='ocrx_word' id='word_1_19' title='bbox 2544 522 2809 588; x_wconf 77' lang='lat' dir='ltr'><strong>fuissetis,</strong></span> <span class='ocrx_word' id='word_1_20' title='bbox 2849 537 2948 577; x_wconf 88' lang='lat' dir='ltr'><strong>nec</strong></span> <span class='ocrx_word' id='word_1_21' title='bbox 2995 524 3048 578; x_wconf 91' lang='lat' dir='ltr'><strong>in</strong></span> <span class='ocrx_word' id='word_1_22' title='bbox 3096 538 3273 595; x_wconf 76' lang='lat' dir='ltr'><strong>pugna</strong></span> <span class='ocrx_word' id='word_1_23' title='bbox 3309 539 3406 593; x_wconf 93' lang='lat' dir='ltr'><strong>pro</strong></span> <span class='ocrx_word' id='word_1_24' title='bbox 3440 526 3641 594; x_wconf 76' lang='lat' dir='ltr'><strong>pietate</strong></span> 
     </span>
    </p>
   </div>
   <div class='ocr_carea' id='block_1_6' title="bbox 383 614 1959 689">
    <p class='ocr_par' dir='ltr' id='par_1_6' title="bbox 383 614 1959 689">
     <span class='ocr_line' id='line_1_6' title="bbox 383 614 1959 689; baseline -0.002 -19"><span class='ocrx_word' id='word_1_25' title='bbox 383 635 536 689; x_wconf 81' lang='grc' dir='ltr'>μενοι</span> <span class='ocrx_word' id='word_1_26' title='bbox 558 632 570 645; x_wconf 86' lang='grc'><strong>·</strong></span> <span class='ocrx_word' id='word_1_27' title='bbox 600 616 785 685; x_wconf 71' lang='grc' dir='ltr'>ἐπειδὴ</span> <span class='ocrx_word' id='word_1_28' title='bbox 805 614 861 667; x_wconf 80' lang='grc' dir='ltr'>δὲ</span> <span class='ocrx_word' id='word_1_29' title='bbox 883 615 1100 677; x_wconf 79' lang='grc' dir='ltr'>ἓκοντες</span> <span class='ocrx_word' id='word_1_30' title='bbox 1124 614 1202 684; x_wconf 81' lang='grc' dir='ltr'>τῷ</span> <span class='ocrx_word' id='word_1_31' title='bbox 1227 615 1442 687; x_wconf 81' lang='grc' dir='ltr'><strong>Θανάτῳ</strong></span> <span class='ocrx_word' id='word_1_32' title='bbox 1468 617 1562 669; x_wconf 62' lang='grc' dir='ltr'><strong>καὶ⁷</strong></span> <span class='ocrx_word' id='word_1_33' title='bbox 1588 616 1666 686; x_wconf 83' lang='grc' dir='ltr'>τῷ</span> <span class='ocrx_word' id='word_1_34' title='bbox 1700 616 1799 687; x_wconf 69' lang='grc' dir='ltr'>ᾅδῃ</span> <span class='ocrx_word' id='word_1_35' title='bbox 1834 619 1959 670; x_wconf 65' lang='lat' dir='ltr'><strong>tau—</strong></span> 
     </span>
    </p>
   </div>
   <div class='ocr_carea' id='block_1_7' title="bbox 375 706 1959 779">
    <p class='ocr_par' dir='ltr' id='par_1_7' title="bbox 375 706 1959 779">
     <span class='ocr_line' id='line_1_7' title="bbox 375 706 1959 779; baseline -0.002 -17"><span class='ocrx_word' id='word_1_36' title='bbox 375 710 508 779; x_wconf 74' lang='grc' dir='ltr'>τοὺς</span> <span class='ocrx_word' id='word_1_37' title='bbox 540 706 1051 779; x_wconf 65' lang='grc' dir='ltr'>προσεκληριῖωατε,</span> <span class='ocrx_word' id='word_1_38' title='bbox 1078 706 1395 774; x_wconf 80' lang='grc' dir='ltr'><strong>γινώσκετε,</strong></span> <span class='ocrx_word' id='word_1_39' title='bbox 1430 708 1510 760; x_wconf 83' lang='grc' dir='ltr'>ὅτι</span> <span class='ocrx_word' id='word_1_40' title='bbox 1539 707 1639 777; x_wconf 78' lang='grc' dir='ltr'><strong>ήδη</strong></span> <span class='ocrx_word' id='word_1_41' title='bbox 1669 708 1796 778; x_wconf 84' lang='grc' dir='ltr'>ὑμῖν</span> <span class='ocrx_word' id='word_1_42' title='bbox 1830 710 1959 759; x_wconf 81' lang='grc' dir='ltr'>ἐπε-</span> 
     </span>
    </p>
   </div>
   <div class='ocr_carea' id='block_1_8' title="bbox 376 796 1962 868">
    <p class='ocr_par' dir='ltr' id='par_1_8' title="bbox 376 796 1962 868">
     <span class='ocr_line' id='line_1_8' title="bbox 376 796 1962 868; baseline -0.003 -15"><span class='ocrx_word' id='word_1_43' title='bbox 376 798 629 853; x_wconf 80' lang='grc' dir='ltr'>λεύσεται</span> <span class='ocrx_word' id='word_1_44' title='bbox 654 798 814 860; x_wconf 82' lang='grc' dir='ltr'>αὐτὸς</span> <span class='ocrx_word' id='word_1_45' title='bbox 837 799 865 849; x_wconf 83' lang='grc' dir='ltr'><strong>ὁ</strong></span> <span class='ocrx_word' id='word_1_46' title='bbox 884 796 1107 867; x_wconf 79' lang='grc' dir='ltr'>Κύριος,</span> <span class='ocrx_word' id='word_1_47' title='bbox 1126 798 1344 864; x_wconf 75' lang='grc' dir='ltr'>ἐπάγων</span> <span class='ocrx_word' id='word_1_48' title='bbox 1370 796 1488 849; x_wconf 86' lang='grc' dir='ltr'>καθ’</span> <span class='ocrx_word' id='word_1_49' title='bbox 1507 796 1659 865; x_wconf 82' lang='grc' dir='ltr'>ὑμῶν</span> <span class='ocrx_word' id='word_1_50' title='bbox 1684 797 1851 868; x_wconf 83' lang='grc' dir='ltr'>ὀργὴν</span> <span class='ocrx_word' id='word_1_51' title='bbox 1875 797 1962 849; x_wconf 85' lang='grc' dir='ltr'><strong>διά</strong></span> 
     </span>
    </p>
   </div>
   <div class='ocr_carea' id='block_1_9' title="bbox 377 882 1077 960">
    <p class='ocr_par' dir='ltr' id='par_1_9' title="bbox 377 882 1077 960">
     <span class='ocr_line' id='line_1_9' title="bbox 377 882 1077 960; baseline -0.004 -18"><span class='ocrx_word' id='word_1_52' title='bbox 377 890 449 943; x_wconf 81' lang='grc' dir='ltr'><strong>τά</strong></span> <span class='ocrx_word' id='word_1_53' title='bbox 476 882 852 960; x_wconf 74' lang='grc' dir='ltr'><strong>¹προλεχθέντα</strong></span> <span class='ocrx_word' id='word_1_54' title='bbox 881 888 1077 940; x_wconf 89' lang='grc' dir='ltr'>πάντα.</span> 
     </span>
    </p>
   </div>
   <div class='ocr_carea' id='block_1_10' title="bbox 457 1000 1959 1075">
    <p class='ocr_par' dir='ltr' id='par_1_10' title="bbox 457 1000 1959 1075">
     <span class='ocr_line' id='line_1_10' title="bbox 457 1000 1959 1075; baseline 0.001 -21"><span class='ocrx_word' id='word_1_55' title='bbox 457 1023 476 1054; x_wconf 81' lang='grc' dir='ltr'><strong>ι</strong></span> <span class='ocrx_word' id='word_1_56' title='bbox 519 1004 731 1073; x_wconf 80' lang='grc' dir='ltr'>Ὠσπερ</span> <span class='ocrx_word' id='word_1_57' title='bbox 757 1001 882 1072; x_wconf 78' lang='grc' dir='ltr'>ὅρος</span> <span class='ocrx_word' id='word_1_58' title='bbox 915 1000 1125 1054; x_wconf 82' lang='grc' dir='ltr'>ἀσεϐῶν</span> <span class='ocrx_word' id='word_1_59' title='bbox 1162 1003 1525 1073; x_wconf 81' lang='grc' dir='ltr'><strong>ἀναστήσεται</strong></span> <span class='ocrx_word' id='word_1_60' title='bbox 1578 1002 1781 1075; x_wconf 82' lang='grc' dir='ltr'>Κύριος</span> <span class='ocrx_word' id='word_1_61' title='bbox 1804 1044 1815 1065; x_wconf 86' lang='grc'><strong>,</strong></span> <span class='ocrx_word' id='word_1_62' title='bbox 1868 1004 1959 1056; x_wconf 72' lang='grc' dir='ltr'><strong>καὶ</strong></span> 
     </span>
    </p>
   </div>
   <div class='ocr_carea' id='block_1_11' title="bbox 376 1092 1959 1165">
    <p class='ocr_par' dir='ltr' id='par_1_11' title="bbox 376 1092 1959 1165">
     <span class='ocr_line' id='line_1_11' title="bbox 376 1092 1959 1165; baseline -0.001 -16"><span class='ocrx_word' id='word_1_63' title='bbox 376 1096 532 1149; x_wconf 69' lang='grc' dir='ltr'>ἔσται</span> <span class='ocrx_word' id='word_1_64' title='bbox 564 1097 622 1147; x_wconf 83' lang='grc' dir='ltr'>ὲν</span> <span class='ocrx_word' id='word_1_65' title='bbox 648 1097 715 1165; x_wconf 80' lang='grc' dir='ltr'>τῇ</span> <span class='ocrx_word' id='word_1_66' title='bbox 751 1094 995 1164; x_wconf 78' lang='grc' dir='ltr'>φάραγγι</span> <span class='ocrx_word' id='word_1_67' title='bbox 1026 1092 1283 1145; x_wconf 81' lang='grc' dir='ltr'>Γαϐαών·</span> <span class='ocrx_word' id='word_1_68' title='bbox 1337 1096 1473 1165; x_wconf 90' lang='grc' dir='ltr'><strong>μετά</strong></span> <span class='ocrx_word' id='word_1_69' title='bbox 1523 1095 1693 1165; x_wconf 82' lang='grc' dir='ltr'>θυμοῦ</span> <span class='ocrx_word' id='word_1_70' title='bbox 1744 1101 1959 1165; x_wconf 85' lang='grc' dir='ltr'>ποιήσει</span> 
     </span>
    </p>
   </div>
   <div class='ocr_carea' id='block_1_12' title="bbox 376 1183 1958 1258">
    <p class='ocr_par' dir='ltr' id='par_1_12' title="bbox 376 1183 1958 1258">
     <span class='ocr_line' id='line_1_12' title="bbox 376 1183 1958 1258; baseline 0.001 -20"><span class='ocrx_word' id='word_1_71' title='bbox 376 1186 448 1238; x_wconf 86' lang='grc' dir='ltr'><strong>τά</strong></span> <span class='ocrx_word' id='word_1_72' title='bbox 479 1185 614 1255; x_wconf 70' lang='grc' dir='ltr'>ἔργα</span> <span class='ocrx_word' id='word_1_73' title='bbox 648 1183 835 1246; x_wconf 79' lang='grc' dir='ltr'>αὐτοῦ,</span> <span class='ocrx_word' id='word_1_74' title='bbox 874 1184 1101 1253; x_wconf 79' lang='grc' dir='ltr'>πικρίας</span> <span class='ocrx_word' id='word_1_75' title='bbox 1132 1184 1311 1254; x_wconf 79' lang='grc' dir='ltr'>ἔργον.</span> <span class='ocrx_word' id='word_1_76' title='bbox 1355 1204 1372 1235; x_wconf 70' lang='grc' dir='ltr'><strong>ι</strong></span> <span class='ocrx_word' id='word_1_77' title='bbox 1406 1186 1637 1257; x_wconf 88' lang='grc' dir='ltr'>Πικρίας</span> <span class='ocrx_word' id='word_1_78' title='bbox 1663 1185 1798 1258; x_wconf 69' lang='grc' dir='ltr'>ἔργα</span> <span class='ocrx_word' id='word_1_79' title='bbox 1845 1190 1958 1249; x_wconf 87' lang='grc' dir='ltr'>τοῖς</span> 
     </span>
    </p>
   </div>
   <div class='ocr_carea' id='block_1_13' title="bbox 375 1276 1957 1351">
    <p class='ocr_par' dir='ltr' id='par_1_13' title="bbox 375 1276 1957 1351">
     <span class='ocr_line' id='line_1_13' title="bbox 375 1276 1957 1351; baseline -0.003 -18"><span class='ocrx_word' id='word_1_80' title='bbox 375 1280 647 1351; x_wconf 86' lang='grc' dir='ltr'>δεηθεῖσιν</span> <span class='ocrx_word' id='word_1_81' title='bbox 662 1279 851 1349; x_wconf 77' lang='grc' dir='ltr'>ὥσπερ</span> <span class='ocrx_word' id='word_1_82' title='bbox 875 1276 1144 1331; x_wconf 80' lang='grc' dir='ltr'>ἀντιδότου</span> <span class='ocrx_word' id='word_1_83' title='bbox 1165 1279 1365 1348; x_wconf 83' lang='grc' dir='ltr'>πικρᾶς</span> <span class='ocrx_word' id='word_1_84' title='bbox 1379 1277 1467 1329; x_wconf 81' lang='grc' dir='ltr'>διὰ</span> <span class='ocrx_word' id='word_1_85' title='bbox 1484 1278 1580 1349; x_wconf 85' lang='grc' dir='ltr'><strong>τὴν</strong></span> <span class='ocrx_word' id='word_1_86' title='bbox 1596 1279 1957 1348; x_wconf 75' lang='grc' dir='ltr'>ὑποκειμένην</span> 
     </span>
    </p>
   </div>
   <div class='ocr_carea' id='block_1_14' title="bbox 375 1369 1954 1443">
    <p class='ocr_par' dir='ltr' id='par_1_14' title="bbox 375 1369 1954 1443">
     <span class='ocr_line' id='line_1_14' title="bbox 375 1369 1954 1443; baseline -0.001 -19"><span class='ocrx_word' id='word_1_87' title='bbox 375 1374 558 1426; x_wconf 80' lang='grc' dir='ltr'>αὐτῶν</span> <span class='ocrx_word' id='word_1_88' title='bbox 586 1375 652 1442; x_wconf 81' lang='grc' dir='ltr'><strong>τῇ</strong></span> <span class='ocrx_word' id='word_1_89' title='bbox 682 1373 824 1443; x_wconf 77' lang='grc' dir='ltr'>ψυχῇ</span> <span class='ocrx_word' id='word_1_90' title='bbox 846 1370 1062 1423; x_wconf 78' lang='grc' dir='ltr'>κακίαν.</span> <span class='ocrx_word' id='word_1_91' title='bbox 1077 1370 1279 1440; x_wconf 83' lang='grc' dir='ltr'>Πικρία</span> <span class='ocrx_word' id='word_1_92' title='bbox 1300 1370 1353 1423; x_wconf 85' lang='grc' dir='ltr'>δὲ</span> <span class='ocrx_word' id='word_1_93' title='bbox 1375 1371 1468 1423; x_wconf 82' lang='grc' dir='ltr'>καὶ</span> <span class='ocrx_word' id='word_1_94' title='bbox 1488 1372 1623 1441; x_wconf 82' lang='grc' dir='ltr'>ὀργὴ</span> <span class='ocrx_word' id='word_1_95' title='bbox 1640 1372 1733 1423; x_wconf 68' lang='grc' dir='ltr'>καὶ</span> <span class='ocrx_word' id='word_1_96' title='bbox 1764 1369 1954 1441; x_wconf 76' lang='grc' dir='ltr'>θυμὸς,</span> 
     </span>
    </p>
   </div>
   <div class='ocr_carea' id='block_1_15' title="bbox 376 1462 1957 1533">
    <p class='ocr_par' dir='ltr' id='par_1_15' title="bbox 376 1462 1957 1533">
     <span class='ocr_line' id='line_1_15' title="bbox 376 1462 1957 1533; baseline -0.001 -16"><span class='ocrx_word' id='word_1_97' title='bbox 376 1466 470 1519; x_wconf 75' lang='grc' dir='ltr'>καὶ</span> <span class='ocrx_word' id='word_1_98' title='bbox 498 1466 565 1519; x_wconf 89' lang='grc' dir='ltr'><strong>τά</strong></span> <span class='ocrx_word' id='word_1_99' title='bbox 587 1465 805 1519; x_wconf 79' lang='grc' dir='ltr'>τοιαῦτα</span> <span class='ocrx_word' id='word_1_100' title='bbox 832 1463 1099 1532; x_wconf 88' lang='grc' dir='ltr'>λεγόμενα</span> <span class='ocrx_word' id='word_1_101' title='bbox 1127 1464 1217 1515; x_wconf 74' lang='grc' dir='ltr'><strong>ἐπὶ</strong></span> <span class='ocrx_word' id='word_1_102' title='bbox 1245 1462 1378 1516; x_wconf 77' lang='grc' dir='ltr'>Θεοῦ</span> <span class='ocrx_word' id='word_1_103' title='bbox 1399 1462 1548 1515; x_wconf 79' lang='grc' dir='ltr'>οὐδὲν</span> <span class='ocrx_word' id='word_1_104' title='bbox 1580 1463 1763 1533; x_wconf 77' lang='grc' dir='ltr'>ἕτερον</span> <span class='ocrx_word' id='word_1_105' title='bbox 1797 1464 1828 1533; x_wconf 84' lang='grc' dir='ltr'><strong>ἧ</strong></span> <span class='ocrx_word' id='word_1_106' title='bbox 1860 1464 1957 1527; x_wconf 89' lang='grc' dir='ltr'>τὰς</span> 
     </span>
    </p>
   </div>
   <div class='ocr_carea' id='block_1_16' title="bbox 376 1546 1959 1623">
    <p class='ocr_par' dir='ltr' id='par_1_16' title="bbox 376 1546 1959 1623">
     <span class='ocr_line' id='line_1_16' title="bbox 376 1546 1959 1623; baseline -0.003 -14"><span class='ocrx_word' id='word_1_107' title='bbox 376 1555 519 1609; x_wconf 85' lang='grc' dir='ltr'><strong>κατά</strong></span> <span class='ocrx_word' id='word_1_108' title='bbox 545 1556 654 1607; x_wconf 82' lang='grc' dir='ltr'><strong>τῶν</strong></span> <span class='ocrx_word' id='word_1_109' title='bbox 685 1553 897 1608; x_wconf 86' lang='grc' dir='ltr'>ἀσεϐῶν</span> <span class='ocrx_word' id='word_1_110' title='bbox 919 1553 1169 1615; x_wconf 84' lang='grc' dir='ltr'>κολάσεις</span> <span class='ocrx_word' id='word_1_111' title='bbox 1193 1552 1290 1615; x_wconf 85' lang='grc' dir='ltr'>τὰς</span> <span class='ocrx_word' id='word_1_112' title='bbox 1316 1554 1380 1605; x_wconf 88' lang='grc' dir='ltr'>ὲκ</span> <span class='ocrx_word' id='word_1_113' title='bbox 1412 1550 1505 1605; x_wconf 78' lang='grc' dir='ltr'>τοῦ</span> <span class='ocrx_word' id='word_1_114' title='bbox 1534 1546 1680 1604; x_wconf 80' lang='grc' dir='ltr'>θείου</span> <span class='ocrx_word' id='word_1_115' title='bbox 1708 1552 1959 1623; x_wconf 79' lang='grc' dir='ltr'>δικαστη-</span> 
     </span>
    </p>
   </div>
   <div class='ocr_carea' id='block_1_17' title="bbox 379 1644 1955 1719">
    <p class='ocr_par' dir='ltr' id='par_1_17' title="bbox 379 1644 1955 1719">
     <span class='ocr_line' id='line_1_17' title="bbox 379 1644 1955 1719; baseline -0.003 -18"><span class='ocrx_word' id='word_1_116' title='bbox 379 1650 500 1719; x_wconf 87' lang='grc' dir='ltr'>ρίου</span> <span class='ocrx_word' id='word_1_117' title='bbox 522 1647 952 1718; x_wconf 80' lang='grc' dir='ltr'>ὲπελευσομένας</span> <span class='ocrx_word' id='word_1_118' title='bbox 969 1644 1126 1698; x_wconf 74' lang='grc' dir='ltr'>εἴωθε</span> <span class='ocrx_word' id='word_1_119' title='bbox 1149 1646 1453 1715; x_wconf 86' lang='grc' dir='ltr'>σημαίνειν.</span> <span class='ocrx_word' id='word_1_120' title='bbox 1476 1665 1494 1693; x_wconf 71' lang='grc' dir='ltr'><strong>ι</strong></span> <span class='ocrx_word' id='word_1_121' title='bbox 1519 1645 1577 1697; x_wconf 89' lang='lat'><strong>&#39;0</strong></span> <span class='ocrx_word' id='word_1_122' title='bbox 1603 1644 1657 1697; x_wconf 82' lang='grc' dir='ltr'>δὲ</span> <span class='ocrx_word' id='word_1_123' title='bbox 1676 1644 1842 1714; x_wconf 81' lang='grc' dir='ltr'>θυμὸς</span> <span class='ocrx_word' id='word_1_124' title='bbox 1860 1648 1955 1697; x_wconf 72' lang='grc' dir='ltr'><strong>αὐ-</strong></span> 
     </span>
    </p>
   </div>
   <div class='ocr_carea' id='block_1_18' title="bbox 374 1736 1954 1810">
    <p class='ocr_par' dir='ltr' id='par_1_18' title="bbox 374 1736 1954 1810">
     <span class='ocr_line' id='line_1_18' title="bbox 374 1736 1954 1810; baseline -0.001 -19"><span class='ocrx_word' id='word_1_125' title='bbox 374 1739 469 1792; x_wconf 79' lang='grc' dir='ltr'>τοῦ</span> <span class='ocrx_word' id='word_1_126' title='bbox 524 1739 819 1810; x_wconf 81' lang='grc' dir='ltr'><strong>ἀλλοτρίως</strong></span> <span class='ocrx_word' id='word_1_127' title='bbox 876 1739 1151 1809; x_wconf 71' lang='grc' dir='ltr'>χρήσεται,</span> <span class='ocrx_word' id='word_1_128' title='bbox 1204 1736 1296 1789; x_wconf 76' lang='grc' dir='ltr'><strong>καὶ</strong></span> <span class='ocrx_word' id='word_1_129' title='bbox 1333 1738 1365 1807; x_wconf 87' lang='grc' dir='ltr'><strong>ή</strong></span> <span class='ocrx_word' id='word_1_130' title='bbox 1409 1739 1611 1807; x_wconf 89' lang='grc' dir='ltr'>σαπρία</span> <span class='ocrx_word' id='word_1_131' title='bbox 1645 1737 1809 1789; x_wconf 80' lang='grc' dir='ltr'>αὐτοῦ</span> <span class='ocrx_word' id='word_1_132' title='bbox 1860 1737 1954 1789; x_wconf 91' lang='grc' dir='ltr'>ἀλ-</span> 
     </span>
    </p>
   </div>
   <div class='ocr_carea' id='block_1_19' title="bbox 373 1832 647 1904">
    <p class='ocr_par' dir='ltr' id='par_1_19' title="bbox 373 1832 647 1904">
     <span class='ocr_line' id='line_1_19' title="bbox 373 1832 647 1904; baseline -0.004 -20"><span class='ocrx_word' id='word_1_133' title='bbox 373 1832 561 1904; x_wconf 77' lang='grc' dir='ltr'>λοτρία</span> <span class='ocrx_word' id='word_1_134' title='bbox 579 1850 592 1862; x_wconf 85' lang='grc'><strong>·</strong></span> <span class='ocrx_word' id='word_1_135' title='bbox 628 1851 647 1883; x_wconf 71' lang='grc' dir='ltr'><strong>ι</strong></span> 
     </span>
    </p>
   </div>
   <div class='ocr_carea' id='block_1_20' title="bbox 448 1940 1950 2013">
    <p class='ocr_par' dir='ltr' id='par_1_20' title="bbox 448 1940 1950 2013">
     <span class='ocr_line' id='line_1_20' title="bbox 448 1940 1950 2013; baseline -0.001 -18"><span class='ocrx_word' id='word_1_136' title='bbox 448 1960 468 1995; x_wconf 75' lang='grc' dir='ltr'><strong>ι</strong></span> <span class='ocrx_word' id='word_1_137' title='bbox 508 1944 615 1996; x_wconf 79' lang='grc' dir='ltr'><strong>Καὶ</strong></span> <span class='ocrx_word' id='word_1_138' title='bbox 658 1944 815 2012; x_wconf 81' lang='grc' dir='ltr'><strong>ὑμεῖς</strong></span> <span class='ocrx_word' id='word_1_139' title='bbox 860 1941 935 2013; x_wconf 77' lang='grc' dir='ltr'>μὴ</span> <span class='ocrx_word' id='word_1_140' title='bbox 972 1940 1546 2012; x_wconf 74' lang='grc' dir='ltr'>εὐφρανθείητε,-μηδὲ</span> <span class='ocrx_word' id='word_1_141' title='bbox 1576 1942 1950 2012; x_wconf 71' lang='grc' dir='ltr'>ίσχυσάτωσαν</span> 
     </span>
    </p>
   </div>
   <div class='ocr_carea' id='block_1_21' title="bbox 374 2031 1950 2104">
    <p class='ocr_par' dir='ltr' id='par_1_21' title="bbox 374 2031 1950 2104">
     <span class='ocr_line' id='line_1_21' title="bbox 374 2031 1950 2104; baseline -0.001 -18"><span class='ocrx_word' id='word_1_142' title='bbox 374 2033 586 2104; x_wconf 77' lang='grc' dir='ltr'>ὑμῶνοὶ</span> <span class='ocrx_word' id='word_1_143' title='bbox 599 2033 651 2086; x_wconf 90' lang='grc' dir='ltr'><strong>δε</strong></span> <span class='ocrx_word' id='word_1_144' title='bbox 662 2034 803 2103; x_wconf 80' lang='grc' dir='ltr'>σμοί·</span> <span class='ocrx_word' id='word_1_145' title='bbox 823 2032 955 2085; x_wconf 83' lang='grc' dir='ltr'>διότι</span> <span class='ocrx_word' id='word_1_146' title='bbox 974 2032 1424 2102; x_wconf 89' lang='grc' dir='ltr'>συντετελεσμένα</span> <span class='ocrx_word' id='word_1_147' title='bbox 1437 2032 1530 2084; x_wconf 83' lang='grc' dir='ltr'><strong>καὶ</strong></span> <span class='ocrx_word' id='word_1_148' title='bbox 1542 2048 1805 2102; x_wconf 84' lang='grc' dir='ltr'>συντετμη</span> <span class='ocrx_word' id='word_1_149' title='bbox 1815 2031 1950 2102; x_wconf 88' lang='grc' dir='ltr'>μένα</span> 
     </span>
    </p>
   </div>
   <div class='ocr_carea' id='block_1_22' title="bbox 375 2122 1950 2197">
    <p class='ocr_par' dir='ltr' id='par_1_22' title="bbox 375 2122 1950 2197">
     <span class='ocr_line' id='line_1_22' title="bbox 375 2122 1950 2197; baseline -0.001 -20"><span class='ocrx_word' id='word_1_150' title='bbox 375 2125 677 2197; x_wconf 82' lang='grc' dir='ltr'>πράγματα</span> <span class='ocrx_word' id='word_1_151' title='bbox 710 2126 918 2196; x_wconf 83' lang='grc' dir='ltr'>ήκουσα</span> <span class='ocrx_word' id='word_1_152' title='bbox 928 2124 1077 2195; x_wconf 87' lang='grc' dir='ltr'><strong>παρά</strong></span> <span class='ocrx_word' id='word_1_153' title='bbox 1091 2124 1295 2195; x_wconf 86' lang='grc' dir='ltr'>Κυρίου</span> <span class='ocrx_word' id='word_1_154' title='bbox 1314 2122 1561 2185; x_wconf 86' lang='grc' dir='ltr'>Σαϐαὼθ,</span> <span class='ocrx_word' id='word_1_155' title='bbox 1579 2122 1613 2177; x_wconf 82' lang='grc' dir='ltr'>ἃ</span> <span class='ocrx_word' id='word_1_156' title='bbox 1630 2126 1844 2193; x_wconf 86' lang='grc' dir='ltr'>ποιήσει</span> <span class='ocrx_word' id='word_1_157' title='bbox 1859 2126 1950 2176; x_wconf 78' lang='grc' dir='ltr'><strong>ἐπὶ</strong></span> 
     </span>
    </p>
   </div>
   <div class='ocr_carea' id='block_1_23' title="bbox 376 2211 1950 2288">
    <p class='ocr_par' dir='ltr' id='par_1_23' title="bbox 376 2211 1950 2288">
     <span class='ocr_line' id='line_1_23' title="bbox 376 2211 1950 2288; baseline -0.001 -20"><span class='ocrx_word' id='word_1_158' title='bbox 376 2219 553 2269; x_wconf 71' lang='grc' dir='ltr'>πᾶσαν</span> <span class='ocrx_word' id='word_1_159' title='bbox 569 2218 666 2288; x_wconf 78' lang='grc' dir='ltr'>τὴν</span> <span class='ocrx_word' id='word_1_160' title='bbox 681 2216 804 2285; x_wconf 80' lang='grc' dir='ltr'>γῆν.</span> <span class='ocrx_word' id='word_1_161' title='bbox 827 2235 845 2267; x_wconf 73' lang='grc' dir='ltr'><strong>ι</strong></span> <span class='ocrx_word' id='word_1_162' title='bbox 866 2216 1017 2285; x_wconf 83' lang='grc' dir='ltr'>Μηδὲ</span> <span class='ocrx_word' id='word_1_163' title='bbox 1042 2216 1413 2286; x_wconf 84' lang='grc' dir='ltr'>ίσχυσάτωσαν</span> <span class='ocrx_word' id='word_1_164' title='bbox 1427 2216 1476 2267; x_wconf 85' lang='grc' dir='ltr'>οἱ</span> <span class='ocrx_word' id='word_1_165' title='bbox 1496 2214 1653 2279; x_wconf 75' lang='grc' dir='ltr'>πόδες</span> <span class='ocrx_word' id='word_1_166' title='bbox 1679 2214 1852 2285; x_wconf 83' lang='grc' dir='ltr'>ὑμῶν,</span> <span class='ocrx_word' id='word_1_167' title='bbox 1870 2211 1950 2278; x_wconf 78' lang='grc' dir='ltr'>οἷς</span> 
     </span>
    </p>
   </div>
   <div class='ocr_carea' id='block_1_24' title="bbox 381 2306 1950 2378">
    <p class='ocr_par' dir='ltr' id='par_1_24' title="bbox 381 2306 1950 2378">
     <span class='ocr_line' id='line_1_24' title="bbox 381 2306 1950 2378; baseline 0 -20"><span class='ocrx_word' id='word_1_168' title='bbox 381 2307 704 2377; x_wconf 87' lang='grc' dir='ltr'>κατεδήσατε</span> <span class='ocrx_word' id='word_1_169' title='bbox 735 2309 955 2371; x_wconf 77' lang='grc' dir='ltr'>ἑαυτοὺς</span> <span class='ocrx_word' id='word_1_170' title='bbox 988 2306 1254 2378; x_wconf 78' lang='grc' dir='ltr'>διαθήκην</span> <span class='ocrx_word' id='word_1_171' title='bbox 1283 2308 1420 2377; x_wconf 83' lang='grc' dir='ltr'>μετὰ</span> <span class='ocrx_word' id='word_1_172' title='bbox 1432 2306 1524 2360; x_wconf 83' lang='grc' dir='ltr'>τοῦ</span> <span class='ocrx_word' id='word_1_173' title='bbox 1548 2308 1779 2361; x_wconf 90' lang='grc' dir='ltr'>θανάτου</span> <span class='ocrx_word' id='word_1_174' title='bbox 1796 2324 1950 2377; x_wconf 84' lang='grc' dir='ltr'>ποιη-</span> 
     </span>
    </p>
   </div>
   <div class='ocr_carea' id='block_1_25' title="bbox 381 2398 1948 2470">
    <p class='ocr_par' dir='ltr' id='par_1_25' title="bbox 381 2398 1948 2470">
     <span class='ocr_line' id='line_1_25' title="bbox 381 2398 1948 2470; baseline 0.002 -21"><span class='ocrx_word' id='word_1_175' title='bbox 381 2398 602 2467; x_wconf 80' lang='grc' dir='ltr'>σάμενοι</span> <span class='ocrx_word' id='word_1_176' title='bbox 630 2400 720 2451; x_wconf 69' lang='grc' dir='ltr'>καὶ</span> <span class='ocrx_word' id='word_1_177' title='bbox 746 2399 878 2468; x_wconf 86' lang='grc' dir='ltr'><strong>μετά</strong></span> <span class='ocrx_word' id='word_1_178' title='bbox 908 2398 999 2452; x_wconf 79' lang='grc' dir='ltr'>τοῦ</span> <span class='ocrx_word' id='word_1_179' title='bbox 1018 2398 1143 2469; x_wconf 77' lang='grc' dir='ltr'>ᾅδου</span> <span class='ocrx_word' id='word_1_180' title='bbox 1176 2400 1475 2470; x_wconf 82' lang='grc' dir='ltr'>συνθήκας·</span> <span class='ocrx_word' id='word_1_181' title='bbox 1497 2400 1611 2454; x_wconf 81' lang='grc' dir='ltr'>ἀλλ’</span> <span class='ocrx_word' id='word_1_182' title='bbox 1639 2401 1692 2453; x_wconf 79' lang='grc' dir='ltr'>εἴ</span> <span class='ocrx_word' id='word_1_183' title='bbox 1716 2418 1798 2461; x_wconf 90' lang='grc' dir='ltr'><strong>τις</strong></span> <span class='ocrx_word' id='word_1_184' title='bbox 1823 2402 1948 2469; x_wconf 86' lang='grc' dir='ltr'>ὑμῖν</span> 
     </span>
    </p>
   </div>
   <div class='ocr_carea' id='block_1_26' title="bbox 378 2489 1948 2562">
    <p class='ocr_par' dir='ltr' id='par_1_26' title="bbox 378 2489 1948 2562">
     <span class='ocr_line' id='line_1_26' title="bbox 378 2489 1948 2562; baseline 0.002 -23"><span class='ocrx_word' id='word_1_185' title='bbox 378 2489 494 2539; x_wconf 75' lang='grc' dir='ltr'>ἐστι</span> <span class='ocrx_word' id='word_1_186' title='bbox 526 2489 798 2558; x_wconf 83' lang='grc' dir='ltr'>σωτηρίας</span> <span class='ocrx_word' id='word_1_187' title='bbox 823 2489 994 2553; x_wconf 68' lang='grc' dir='ltr'>ἐλπὶς,</span> <span class='ocrx_word' id='word_1_188' title='bbox 1026 2489 1359 2561; x_wconf 73' lang='grc' dir='ltr'>διαρῤήξατε</span> <span class='ocrx_word' id='word_1_189' title='bbox 1391 2490 1519 2553; x_wconf 82' lang='grc' dir='ltr'>τοὺς</span> <span class='ocrx_word' id='word_1_190' title='bbox 1553 2490 1688 2562; x_wconf 85' lang='grc' dir='ltr'>πρὸς</span> <span class='ocrx_word' id='word_1_191' title='bbox 1721 2490 1812 2543; x_wconf 83' lang='grc' dir='ltr'><strong>τὸν</strong></span> <span class='ocrx_word' id='word_1_192' title='bbox 1855 2490 1948 2542; x_wconf 81' lang='grc' dir='ltr'>θά-</span> 
     </span>
    </p>
   </div>
   <div class='ocr_carea' id='block_1_27' title="bbox 375 2577 1947 2652">
    <p class='ocr_par' dir='ltr' id='par_1_27' title="bbox 375 2577 1947 2652">
     <span class='ocr_line' id='line_1_27' title="bbox 375 2577 1947 2652; baseline 0.003 -23"><span class='ocrx_word' id='word_1_193' title='bbox 375 2593 534 2630; x_wconf 75' lang='grc' dir='ltr'>νατον</span> <span class='ocrx_word' id='word_1_194' title='bbox 577 2577 833 2644; x_wconf 85' lang='grc' dir='ltr'>δεσμούς·</span> <span class='ocrx_word' id='word_1_195' title='bbox 864 2580 1188 2649; x_wconf 88' lang='grc' dir='ltr'>ἀναχωρείτε</span> <span class='ocrx_word' id='word_1_196' title='bbox 1222 2579 1279 2632; x_wconf 84' lang='grc' dir='ltr'>δὲ</span> <span class='ocrx_word' id='word_1_197' title='bbox 1316 2580 1411 2632; x_wconf 73' lang='grc' dir='ltr'><strong>καὶ</strong></span> <span class='ocrx_word' id='word_1_198' title='bbox 1444 2580 1546 2649; x_wconf 83' lang='grc' dir='ltr'>τῆς</span> <span class='ocrx_word' id='word_1_199' title='bbox 1586 2580 1947 2652; x_wconf 80' lang='grc' dir='ltr'>νομιζομένης</span> 
     </span>
    </p>
   </div>
   <div class='ocr_carea' id='block_1_28' title="bbox 370 2665 1948 2740">
    <p class='ocr_par' dir='ltr' id='par_1_28' title="bbox 370 2665 1948 2740">
     <span class='ocr_line' id='line_1_28' title="bbox 370 2665 1948 2740; baseline 0.003 -24"><span class='ocrx_word' id='word_1_200' title='bbox 370 2665 501 2735; x_wconf 76' lang='grc' dir='ltr'><strong>ὖμίν</strong></span> <span class='ocrx_word' id='word_1_201' title='bbox 529 2665 885 2736; x_wconf 78' lang='grc' dir='ltr'>εὐφροσύνης,</span> <span class='ocrx_word' id='word_1_202' title='bbox 920 2668 1019 2736; x_wconf 84' lang='grc' dir='ltr'>τῆς</span> <span class='ocrx_word' id='word_1_203' title='bbox 1052 2685 1111 2720; x_wconf 91' lang='grc' dir='ltr'><strong>τε</strong></span> <span class='ocrx_word' id='word_1_204' title='bbox 1142 2668 1476 2740; x_wconf 77' lang='grc' dir='ltr'>προσκαίρου</span> <span class='ocrx_word' id='word_1_205' title='bbox 1522 2668 1803 2723; x_wconf 86' lang='grc' dir='ltr'>παύσασθε</span> <span class='ocrx_word' id='word_1_206' title='bbox 1830 2669 1948 2740; x_wconf 83' lang='grc' dir='ltr'>ἡδο-</span> 
     </span>
    </p>
   </div>
   <div class='ocr_carea' id='block_1_29' title="bbox 372 2756 1944 2829">
    <p class='ocr_par' dir='ltr' id='par_1_29' title="bbox 372 2756 1944 2829">
     <span class='ocr_line' id='line_1_29' title="bbox 372 2756 1944 2829; baseline 0.002 -20"><span class='ocrx_word' id='word_1_207' title='bbox 372 2756 489 2827; x_wconf 75' lang='grc' dir='ltr'>νῆς·</span> <span class='ocrx_word' id='word_1_208' title='bbox 532 2756 735 2809; x_wconf 75' lang='grc' dir='ltr'>τούτων</span> <span class='ocrx_word' id='word_1_209' title='bbox 757 2758 864 2827; x_wconf 83' lang='grc' dir='ltr'>γὰρ</span> <span class='ocrx_word' id='word_1_210' title='bbox 896 2759 1077 2811; x_wconf 82' lang='grc' dir='ltr'>ὁποῖον</span> <span class='ocrx_word' id='word_1_211' title='bbox 1097 2758 1247 2811; x_wconf 81' lang='grc' dir='ltr'>ἔσται</span> <span class='ocrx_word' id='word_1_212' title='bbox 1282 2758 1343 2810; x_wconf 85' lang='grc' dir='ltr'><strong>τὸ</strong></span> <span class='ocrx_word' id='word_1_213' title='bbox 1367 2759 1519 2822; x_wconf 82' lang='grc' dir='ltr'>τέλος</span> <span class='ocrx_word' id='word_1_214' title='bbox 1566 2760 1944 2829; x_wconf 85' lang='grc' dir='ltr'>μεμαθήκατε.</span> 
     </span>
    </p>
   </div>
   <div class='ocr_carea' id='block_1_30' title="bbox 370 2848 1947 2923">
    <p class='ocr_par' dir='ltr' id='par_1_30' title="bbox 370 2848 1947 2923">
     <span class='ocr_line' id='line_1_30' title="bbox 370 2848 1947 2923; baseline 0.002 -21"><span class='ocrx_word' id='word_1_215' title='bbox 370 2848 555 2904; x_wconf 81' lang='grc' dir='ltr'>Ταῦτα</span> <span class='ocrx_word' id='word_1_216' title='bbox 586 2849 642 2901; x_wconf 79' lang='grc' dir='ltr'>δὲ</span> <span class='ocrx_word' id='word_1_217' title='bbox 678 2850 751 2921; x_wconf 82' lang='grc' dir='ltr'>μὴ</span> <span class='ocrx_word' id='word_1_218' title='bbox 780 2850 1036 2921; x_wconf 86' lang='grc' dir='ltr'>νομίσητε</span> <span class='ocrx_word' id='word_1_219' title='bbox 1075 2850 1254 2919; x_wconf 84' lang='grc' dir='ltr'>λέγειν</span> <span class='ocrx_word' id='word_1_220' title='bbox 1298 2852 1397 2921; x_wconf 74' lang='grc' dir='ltr'><strong>ἐμὲ</strong></span> <span class='ocrx_word' id='word_1_221' title='bbox 1429 2851 1521 2905; x_wconf 76' lang='grc' dir='ltr'><strong>τὸν</strong></span> <span class='ocrx_word' id='word_1_222' title='bbox 1553 2853 1874 2923; x_wconf 78' lang='grc' dir='ltr'>προφήτην·</span> <span class='ocrx_word' id='word_1_223' title='bbox 1910 2850 1947 2905; x_wconf 76' lang='grc' dir='ltr'>ἃ</span> 
     </span>
    </p>
   </div>
   <div class='ocr_carea' id='block_1_31' title="bbox 371 2939 1945 3014">
    <p class='ocr_par' dir='ltr' id='par_1_31' title="bbox 371 2939 1945 3014">
     <span class='ocr_line' id='line_1_31' title="bbox 371 2939 1945 3014; baseline 0.003 -22"><span class='ocrx_word' id='word_1_224' title='bbox 371 2939 478 3011; x_wconf 82' lang='grc' dir='ltr'>γὰρ</span> <span class='ocrx_word' id='word_1_225' title='bbox 506 2940 713 3011; x_wconf 80' lang='grc' dir='ltr'>ήκουσα</span> <span class='ocrx_word' id='word_1_226' title='bbox 738 2940 915 3012; x_wconf 75' lang='grc' dir='ltr'>ψυχῆς</span> <span class='ocrx_word' id='word_1_227' title='bbox 951 2945 1087 3013; x_wconf 82' lang='grc' dir='ltr'>ἀκοῇ</span> <span class='ocrx_word' id='word_1_228' title='bbox 1135 2943 1417 3013; x_wconf 81' lang='grc' dir='ltr'>εἰρηκότος</span> <span class='ocrx_word' id='word_1_229' title='bbox 1444 2942 1539 2995; x_wconf 80' lang='grc' dir='ltr'>τοῦ</span> <span class='ocrx_word' id='word_1_230' title='bbox 1584 2944 1794 3014; x_wconf 85' lang='grc' dir='ltr'>Κυρίου</span> <span class='ocrx_word' id='word_1_231' title='bbox 1840 2945 1945 2996; x_wconf 86' lang='grc' dir='ltr'><strong>Σα-</strong></span> 
     </span>
    </p>
   </div>
   <div class='ocr_carea' id='block_1_32' title="bbox 370 3032 1948 3106">
    <p class='ocr_par' dir='ltr' id='par_1_32' title="bbox 370 3032 1948 3106">
     <span class='ocr_line' id='line_1_32' title="bbox 370 3032 1948 3106; baseline 0.001 -19"><span class='ocrx_word' id='word_1_232' title='bbox 370 3032 539 3097; x_wconf 82' lang='grc' dir='ltr'>ϐαὼθ,</span> <span class='ocrx_word' id='word_1_233' title='bbox 587 3032 739 3086; x_wconf 80' lang='grc' dir='ltr'>ταῦθ’</span> <span class='ocrx_word' id='word_1_234' title='bbox 764 3034 891 3105; x_wconf 84' lang='grc' dir='ltr'>ὑμῖν</span> <span class='ocrx_word' id='word_1_235' title='bbox 947 3035 1290 3105; x_wconf 83' lang='grc' dir='ltr'>μεταδὲδωκα</span> <span class='ocrx_word' id='word_1_236' title='bbox 1314 3051 1327 3064; x_wconf 88' lang='grc'><strong>·</strong></span> <span class='ocrx_word' id='word_1_237' title='bbox 1365 3034 1639 3105; x_wconf 73' lang='grc' dir='ltr'>ἠϐουλήθη</span> <span class='ocrx_word' id='word_1_238' title='bbox 1670 3034 1780 3106; x_wconf 80' lang='grc' dir='ltr'><strong>γάρ</strong></span> <span class='ocrx_word' id='word_1_239' title='bbox 1804 3036 1948 3105; x_wconf 82' lang='grc' dir='ltr'>ὑμᾶς</span> 
     </span>
    </p>
   </div>
   <div class='ocr_carea' id='block_1_33' title="bbox 375 3127 1945 3199">
    <p class='ocr_par' dir='ltr' id='par_1_33' title="bbox 375 3127 1945 3199">
     <span class='ocr_line' id='line_1_33' title="bbox 375 3127 1945 3199; baseline 0.001 -20"><span class='ocrx_word' id='word_1_240' title='bbox 375 3127 447 3197; x_wconf 84' lang='grc' dir='ltr'>μὴ</span> <span class='ocrx_word' id='word_1_241' title='bbox 468 3127 682 3194; x_wconf 82' lang='grc' dir='ltr'>ἀγνοεῖν</span> <span class='ocrx_word' id='word_1_242' title='bbox 716 3127 782 3180; x_wconf 91' lang='grc' dir='ltr'><strong>τά</strong></span> <span class='ocrx_word' id='word_1_243' title='bbox 810 3127 938 3199; x_wconf 87' lang='grc' dir='ltr'>παρ’</span> <span class='ocrx_word' id='word_1_244' title='bbox 967 3127 1114 3197; x_wconf 81' lang='grc' dir='ltr'>αὐτῷ</span> <span class='ocrx_word' id='word_1_245' title='bbox 1145 3128 1503 3198; x_wconf 84' lang='grc' dir='ltr'>κεκρυμμένα</span> <span class='ocrx_word' id='word_1_246' title='bbox 1532 3128 1626 3180; x_wconf 75' lang='grc' dir='ltr'><strong>καὶ</strong></span> <span class='ocrx_word' id='word_1_247' title='bbox 1665 3128 1945 3198; x_wconf 74' lang='grc' dir='ltr'>ὡρισμένα</span> 
     </span>
    </p>
   </div>
   <div class='ocr_carea' id='block_1_34' title="bbox 374 3219 1238 3291">
    <p class='ocr_par' dir='ltr' id='par_1_34' title="bbox 374 3219 1238 3291">
     <span class='ocr_line' id='line_1_34' title="bbox 374 3219 1238 3291; baseline 0.007 -20"><span class='ocrx_word' id='word_1_248' title='bbox 374 3219 461 3271; x_wconf 81' lang='grc' dir='ltr'><strong>καί</strong></span> <span class='ocrx_word' id='word_1_249' title='bbox 484 3223 887 3291; x_wconf 83' lang='grc' dir='ltr'>συντεταγμένα</span> <span class='ocrx_word' id='word_1_250' title='bbox 916 3222 1238 3291; x_wconf 81' lang='grc' dir='ltr'>πράγματα.</span> 
     </span>
    </p>
   </div>
   <div class='ocr_carea' id='block_1_35' title="bbox 451 3313 1950 3385">
    <p class='ocr_par' dir='ltr' id='par_1_35' title="bbox 451 3313 1950 3385">
     <span class='ocr_line' id='line_1_35' title="bbox 451 3313 1950 3385; baseline -0.001 -22"><span class='ocrx_word' id='word_1_251' title='bbox 451 3332 469 3363; x_wconf 76' lang='grc' dir='ltr'><strong>ι</strong></span> <span class='ocrx_word' id='word_1_252' title='bbox 517 3313 862 3379; x_wconf 80' lang='grc' dir='ltr'>Ἐνωτίζεσθε</span> <span class='ocrx_word' id='word_1_253' title='bbox 906 3316 993 3369; x_wconf 77' lang='grc' dir='ltr'><strong>καὶ</strong></span> <span class='ocrx_word' id='word_1_254' title='bbox 1024 3314 1245 3368; x_wconf 89' lang='grc' dir='ltr'>ἀκούετε</span> <span class='ocrx_word' id='word_1_255' title='bbox 1272 3314 1373 3382; x_wconf 83' lang='grc' dir='ltr'>τῆς</span> <span class='ocrx_word' id='word_1_256' title='bbox 1399 3313 1583 3385; x_wconf 76' lang='grc' dir='ltr'>φωνῆς</span> <span class='ocrx_word' id='word_1_257' title='bbox 1621 3330 1720 3383; x_wconf 88' lang='grc' dir='ltr'><strong>μου</strong></span> <span class='ocrx_word' id='word_1_258' title='bbox 1746 3328 1758 3341; x_wconf 89' lang='grc'><strong>·</strong></span> <span class='ocrx_word' id='word_1_259' title='bbox 1786 3328 1950 3382; x_wconf 82' lang='grc' dir='ltr'>προσ-</span> 
     </span>
    </p>
   </div>
   <div class='ocr_carea' id='block_1_36' title="bbox 386 3403 1948 3477">
    <p class='ocr_par' dir='ltr' id='par_1_36' title="bbox 386 3403 1948 3477">
     <span class='ocr_line' id='line_1_36' title="bbox 386 3403 1948 3477; baseline -0.003 -19"><span class='ocrx_word' id='word_1_260' title='bbox 386 3410 525 3475; x_wconf 80' lang='grc' dir='ltr'>έχετε</span> <span class='ocrx_word' id='word_1_261' title='bbox 555 3410 648 3461; x_wconf 69' lang='grc' dir='ltr'><strong>καὶ</strong></span> <span class='ocrx_word' id='word_1_262' title='bbox 677 3408 899 3460; x_wconf 74' lang='grc' dir='ltr'>ἀκούετε</span> <span class='ocrx_word' id='word_1_263' title='bbox 924 3408 1051 3470; x_wconf 81' lang='grc' dir='ltr'>τοὺς</span> <span class='ocrx_word' id='word_1_264' title='bbox 1068 3408 1258 3475; x_wconf 88' lang='grc' dir='ltr'>λόγους</span> <span class='ocrx_word' id='word_1_265' title='bbox 1282 3424 1402 3477; x_wconf 89' lang='grc' dir='ltr'>μου.</span> <span class='ocrx_word' id='word_1_266' title='bbox 1442 3425 1458 3456; x_wconf 76' lang='grc' dir='ltr'><strong>ι</strong></span> <span class='ocrx_word' id='word_1_267' title='bbox 1491 3405 1589 3459; x_wconf 85' lang='grc' dir='ltr'>Διά</span> <span class='ocrx_word' id='word_1_268' title='bbox 1624 3405 1722 3475; x_wconf 83' lang='grc' dir='ltr'><strong>μὲν</strong></span> <span class='ocrx_word' id='word_1_269' title='bbox 1762 3403 1858 3457; x_wconf 76' lang='grc' dir='ltr'>τοῦ</span> <span class='ocrx_word' id='word_1_270' title='bbox 1880 3405 1948 3474; x_wconf 79' lang='grc' dir='ltr'>τῇ</span> 
     </span>
    </p>
   </div>
   <div class='ocr_carea' id='block_1_37' title="bbox 379 3492 1949 3571">
    <p class='ocr_par' dir='ltr' id='par_1_37' title="bbox 379 3492 1949 3571">
     <span class='ocr_line' id='line_1_37' title="bbox 379 3492 1949 3571; baseline -0.004 -19"><span class='ocrx_word' id='word_1_271' title='bbox 379 3501 517 3570; x_wconf 79' lang='grc' dir='ltr'><strong>φωνῇ</strong></span> <span class='ocrx_word' id='word_1_272' title='bbox 542 3503 608 3571; x_wconf 79' lang='grc' dir='ltr'>τῇ</span> <span class='ocrx_word' id='word_1_273' title='bbox 630 3500 695 3552; x_wconf 85' lang='grc' dir='ltr'>δι’</span> <span class='ocrx_word' id='word_1_274' title='bbox 713 3500 872 3571; x_wconf 82' lang='grc' dir='ltr'>ἀέρος</span> <span class='ocrx_word' id='word_1_275' title='bbox 890 3499 1164 3571; x_wconf 78' lang='grc' dir='ltr'>φερομένῃ</span> <span class='ocrx_word' id='word_1_276' title='bbox 1182 3499 1250 3551; x_wconf 81' lang='grc' dir='ltr'>τὰ</span> <span class='ocrx_word' id='word_1_277' title='bbox 1271 3492 1385 3551; x_wconf 80' lang='grc' dir='ltr'>ὦτα</span> <span class='ocrx_word' id='word_1_278' title='bbox 1408 3497 1666 3568; x_wconf 82' lang='grc' dir='ltr'>παρέχειν</span> <span class='ocrx_word' id='word_1_279' title='bbox 1682 3495 1741 3548; x_wconf 84' lang='grc' dir='ltr'><strong>τὸ</strong></span> <span class='ocrx_word' id='word_1_280' title='bbox 1762 3495 1949 3548; x_wconf 78' lang='grc' dir='ltr'>ἐνωτί-</span> 
     </span>
    </p>
   </div>
   <div class='ocr_carea' id='block_1_38' title="bbox 372 3586 1949 3660">
    <p class='ocr_par' dir='ltr' id='par_1_38' title="bbox 372 3586 1949 3660">
     <span class='ocr_line' id='line_1_38' title="bbox 372 3586 1949 3660; baseline -0.003 -18"><span class='ocrx_word' id='word_1_281' title='bbox 372 3586 550 3651; x_wconf 74' lang='grc' dir='ltr'>ζεσθαι</span> <span class='ocrx_word' id='word_1_282' title='bbox 582 3589 755 3660; x_wconf 82' lang='grc' dir='ltr'>δηλῶν</span> <span class='ocrx_word' id='word_1_283' title='bbox 780 3607 792 3620; x_wconf 89' lang='grc'><strong>·</strong></span> <span class='ocrx_word' id='word_1_284' title='bbox 821 3589 908 3642; x_wconf 81' lang='grc' dir='ltr'>διὰ</span> <span class='ocrx_word' id='word_1_285' title='bbox 929 3590 984 3643; x_wconf 81' lang='grc' dir='ltr'>δὲ</span> <span class='ocrx_word' id='word_1_286' title='bbox 1011 3589 1104 3642; x_wconf 82' lang='grc' dir='ltr'>τοῦ</span> <span class='ocrx_word' id='word_1_287' title='bbox 1142 3588 1358 3642; x_wconf 86' lang='grc' dir='ltr'>ἀκούειν</span> <span class='ocrx_word' id='word_1_288' title='bbox 1384 3590 1480 3641; x_wconf 67' lang='grc' dir='ltr'><strong>καὶ</strong></span> <span class='ocrx_word' id='word_1_289' title='bbox 1502 3586 1816 3658; x_wconf 80' lang='grc' dir='ltr'>πειθαρχεῖν</span> <span class='ocrx_word' id='word_1_290' title='bbox 1839 3589 1949 3649; x_wconf 87' lang='grc' dir='ltr'>τοῖς</span> 
     </span>
    </p>
   </div>
   <div class='ocr_carea' id='block_1_39' title="bbox 368 3678 1947 3750">
    <p class='ocr_par' dir='ltr' id='par_1_39' title="bbox 368 3678 1947 3750">
     <span class='ocr_line' id='line_1_39' title="bbox 368 3678 1947 3750; baseline -0.002 -18"><span class='ocrx_word' id='word_1_291' title='bbox 368 3681 672 3750; x_wconf 76' lang='grc' dir='ltr'>Αεγομένοις</span> <span class='ocrx_word' id='word_1_292' title='bbox 697 3681 756 3734; x_wconf 81' lang='grc' dir='ltr'><strong>τὸ</strong></span> <span class='ocrx_word' id='word_1_293' title='bbox 789 3681 1025 3735; x_wconf 81' lang='grc' dir='ltr'>ἀκούειν·</span> <span class='ocrx_word' id='word_1_294' title='bbox 1051 3680 1136 3734; x_wconf 84' lang='grc' dir='ltr'>διὰ</span> <span class='ocrx_word' id='word_1_295' title='bbox 1161 3681 1217 3734; x_wconf 81' lang='grc' dir='ltr'>δὲ</span> <span class='ocrx_word' id='word_1_296' title='bbox 1229 3679 1319 3734; x_wconf 83' lang='grc' dir='ltr'>τοῦ</span> <span class='ocrx_word' id='word_1_297' title='bbox 1334 3683 1472 3733; x_wconf 85' lang='grc' dir='ltr'>νοεῖν</span> <span class='ocrx_word' id='word_1_298' title='bbox 1489 3682 1601 3743; x_wconf 87' lang='grc' dir='ltr'>τοῖς</span> <span class='ocrx_word' id='word_1_299' title='bbox 1616 3678 1947 3748; x_wconf 86' lang='grc' dir='ltr'>σημαινομέ-</span> 
     </span>
    </p>
   </div>
   <div class='ocr_carea' id='block_1_40' title="bbox 366 3771 1941 3846">
    <p class='ocr_par' dir='ltr' id='par_1_40' title="bbox 366 3771 1941 3846">
     <span class='ocr_line' id='line_1_40' title="bbox 366 3771 1941 3846; baseline -0.004 -19"><span class='ocrx_word' id='word_1_300' title='bbox 366 3788 474 3837; x_wconf 77' lang='grc' dir='ltr'>νοις</span> <span class='ocrx_word' id='word_1_301' title='bbox 497 3775 589 3844; x_wconf 87' lang='grc' dir='ltr'><strong>νοή</strong></span> <span class='ocrx_word' id='word_1_302' title='bbox 599 3773 856 3845; x_wconf 86' lang='grc' dir='ltr'>μασι,τὴν</span> <span class='ocrx_word' id='word_1_303' title='bbox 878 3774 1150 3846; x_wconf 85' lang='grc' dir='ltr'>προσοχὴν</span> <span class='ocrx_word' id='word_1_304' title='bbox 1167 3773 1262 3825; x_wconf 58' lang='grc' dir='ltr'><strong>καὶ⁵</strong></span> <span class='ocrx_word' id='word_1_305' title='bbox 1278 3773 1376 3843; x_wconf 85' lang='grc' dir='ltr'><strong>τὴν</strong></span> <span class='ocrx_word' id='word_1_306' title='bbox 1395 3772 1629 3841; x_wconf 83' lang='grc' dir='ltr'>θεωρίαν</span> <span class='ocrx_word' id='word_1_307' title='bbox 1647 3788 1711 3841; x_wconf 90' lang='grc' dir='ltr'><strong>ση</strong></span> <span class='ocrx_word' id='word_1_308' title='bbox 1721 3771 1941 3841; x_wconf 87' lang='grc' dir='ltr'>μαίνων.</span> 
     </span>
    </p>
   </div>
   <div class='ocr_carea' id='block_1_41' title="bbox 440 3859 1945 3935">
    <p class='ocr_par' dir='ltr' id='par_1_41' title="bbox 440 3859 1945 3935">
     <span class='ocr_line' id='line_1_41' title="bbox 440 3859 1945 3935; baseline -0.002 -21"><span class='ocrx_word' id='word_1_309' title='bbox 440 3866 596 3935; x_wconf 77' lang='grc' dir='ltr'><strong>«Μὴ</strong></span> <span class='ocrx_word' id='word_1_310' title='bbox 651 3864 778 3935; x_wconf 84' lang='grc' dir='ltr'>ὅλην</span> <span class='ocrx_word' id='word_1_311' title='bbox 836 3866 935 3934; x_wconf 84' lang='grc' dir='ltr'><strong>τὴν</strong></span> <span class='ocrx_word' id='word_1_312' title='bbox 995 3864 1208 3935; x_wconf 80' lang='grc' dir='ltr'>ἡμέραν</span> <span class='ocrx_word' id='word_1_313' title='bbox 1268 3861 1583 3933; x_wconf 85' lang='grc' dir='ltr'>ἀροτριάσει</span> <span class='ocrx_word' id='word_1_314' title='bbox 1644 3859 1945 3932; x_wconf 83' lang='grc' dir='ltr'>ἀροτριῶν;</span> 
     </span>
    </p>
   </div>
   <div class='ocr_carea' id='block_1_42' title="bbox 362 3951 1944 4026">
    <p class='ocr_par' dir='ltr' id='par_1_42' title="bbox 362 3951 1944 4026">
     <span class='ocr_line' id='line_1_42' title="bbox 362 3951 1944 4026; baseline -0.003 -18"><span class='ocrx_word' id='word_1_315' title='bbox 362 3954 395 4025; x_wconf 80' lang='grc' dir='ltr'><strong>ἢ</strong></span> <span class='ocrx_word' id='word_1_316' title='bbox 430 3956 631 4025; x_wconf 81' lang='grc' dir='ltr'>σπόρον</span> <span class='ocrx_word' id='word_1_317' title='bbox 682 3955 1088 4026; x_wconf 86' lang='grc' dir='ltr'>προετοιμάσει,</span> <span class='ocrx_word' id='word_1_318' title='bbox 1141 3955 1268 4025; x_wconf 76' lang='grc' dir='ltr'>πρὶν</span> <span class='ocrx_word' id='word_1_319' title='bbox 1318 3952 1654 4024; x_wconf 79' lang='grc' dir='ltr'>ἐργάσασθαι</span> <span class='ocrx_word' id='word_1_320' title='bbox 1683 3951 1780 4023; x_wconf 85' lang='grc' dir='ltr'>τὴν</span> <span class='ocrx_word' id='word_1_321' title='bbox 1807 3952 1944 4022; x_wconf 84' lang='grc' dir='ltr'>γῆν;</span> 
     </span>
    </p>
   </div>
   <div class='ocr_carea' id='block_1_43' title="bbox 359 4043 1947 4116">
    <p class='ocr_par' dir='ltr' id='par_1_43' title="bbox 359 4043 1947 4116">
     <span class='ocr_line' id='line_1_43' title="bbox 359 4043 1947 4116; baseline -0.001 -20"><span class='ocrx_word' id='word_1_322' title='bbox 359 4047 478 4115; x_wconf 76' lang='grc' dir='ltr'><strong>Οὐχ</strong></span> <span class='ocrx_word' id='word_1_323' title='bbox 528 4046 657 4096; x_wconf 83' lang='grc' dir='ltr'>ὅταν</span> <span class='ocrx_word' id='word_1_324' title='bbox 683 4044 915 4116; x_wconf 84' lang='grc' dir='ltr'>ὁμαλίσῃ</span> <span class='ocrx_word' id='word_1_325' title='bbox 949 4044 1009 4097; x_wconf 87' lang='grc' dir='ltr'><strong>τὸ</strong></span> <span class='ocrx_word' id='word_1_326' title='bbox 1040 4045 1331 4115; x_wconf 85' lang='grc' dir='ltr'>πρόσωπον</span> <span class='ocrx_word' id='word_1_327' title='bbox 1356 4044 1544 4114; x_wconf 77' lang='grc' dir='ltr'>αὐτῆς,</span> <span class='ocrx_word' id='word_1_328' title='bbox 1582 4043 1703 4095; x_wconf 88' lang='grc' dir='ltr'>τότε</span> <span class='ocrx_word' id='word_1_329' title='bbox 1734 4043 1947 4114; x_wconf 87' lang='grc' dir='ltr'>σπείρει</span> 
     </span>
    </p>
   </div>
   <div class='ocr_carea' id='block_1_44' title="bbox 362 4133 1945 4207">
    <p class='ocr_par' dir='ltr' id='par_1_44' title="bbox 362 4133 1945 4207">
     <span class='ocr_line' id='line_1_44' title="bbox 362 4133 1945 4207; baseline 0 -21"><span class='ocrx_word' id='word_1_330' title='bbox 362 4134 564 4207; x_wconf 81' lang='grc' dir='ltr'>μικρὸν</span> <span class='ocrx_word' id='word_1_331' title='bbox 590 4133 869 4204; x_wconf 89' lang='grc' dir='ltr'>μελάνθιον</span> <span class='ocrx_word' id='word_1_332' title='bbox 888 4134 920 4205; x_wconf 82' lang='grc' dir='ltr'><strong>ἢ</strong></span> <span class='ocrx_word' id='word_1_333' title='bbox 940 4133 1007 4186; x_wconf 88' lang='grc' dir='ltr'><strong>κύ</strong></span> <span class='ocrx_word' id='word_1_334' title='bbox 1017 4150 1196 4203; x_wconf 88' lang='grc' dir='ltr'>μινον;</span> <span class='ocrx_word' id='word_1_335' title='bbox 1219 4133 1315 4185; x_wconf 68' lang='grc' dir='ltr'><strong>καὶ</strong></span> <span class='ocrx_word' id='word_1_336' title='bbox 1337 4133 1494 4187; x_wconf 85' lang='grc' dir='ltr'>πάλιν</span> <span class='ocrx_word' id='word_1_337' title='bbox 1521 4133 1735 4202; x_wconf 86' lang='grc' dir='ltr'>σπείρει</span> <span class='ocrx_word' id='word_1_338' title='bbox 1752 4133 1945 4203; x_wconf 86' lang='grc' dir='ltr'>πυρὸν,</span> 
     </span>
    </p>
   </div>
   <div class='ocr_carea' id='block_1_45' title="bbox 359 4223 1942 4297">
    <p class='ocr_par' dir='ltr' id='par_1_45' title="bbox 359 4223 1942 4297">
     <span class='ocr_line' id='line_1_45' title="bbox 359 4223 1942 4297; baseline -0.004 -16"><span class='ocrx_word' id='word_1_339' title='bbox 359 4227 457 4281; x_wconf 87' lang='grc' dir='ltr'><strong>καί</strong></span> <span class='ocrx_word' id='word_1_340' title='bbox 485 4224 699 4297; x_wconf 82' lang='grc' dir='ltr'>κριθὴν,</span> <span class='ocrx_word' id='word_1_341' title='bbox 728 4226 822 4280; x_wconf 79' lang='grc' dir='ltr'>καὶ</span> <span class='ocrx_word' id='word_1_342' title='bbox 855 4226 1087 4296; x_wconf 85' lang='grc' dir='ltr'>κέγχρον</span> <span class='ocrx_word' id='word_1_343' title='bbox 1115 4225 1209 4277; x_wconf 73' lang='grc' dir='ltr'><strong>καὶ</strong></span> <span class='ocrx_word' id='word_1_344' title='bbox 1238 4223 1365 4289; x_wconf 85' lang='grc' dir='ltr'>ζέαν</span> <span class='ocrx_word' id='word_1_345' title='bbox 1394 4227 1451 4278; x_wconf 85' lang='grc' dir='ltr'>ὲν</span> <span class='ocrx_word' id='word_1_346' title='bbox 1470 4227 1582 4286; x_wconf 85' lang='grc' dir='ltr'>τοῖς</span> <span class='ocrx_word' id='word_1_347' title='bbox 1604 4223 1777 4295; x_wconf 83' lang='grc' dir='ltr'>ὁρίοις</span> <span class='ocrx_word' id='word_1_348' title='bbox 1803 4241 1893 4275; x_wconf 91' lang='grc' dir='ltr'><strong>σου</strong></span> <span class='ocrx_word' id='word_1_349' title='bbox 1927 4240 1942 4288; x_wconf 88' lang='lat'><strong>;</strong></span> 
     </span>
    </p>
   </div>
   <div class='ocr_carea' id='block_1_46' title="bbox 361 4313 1941 4390">
    <p class='ocr_par' dir='ltr' id='par_1_46' title="bbox 361 4313 1941 4390">
     <span class='ocr_line' id='line_1_46' title="bbox 361 4313 1941 4390; baseline -0.003 -18"><span class='ocrx_word' id='word_1_350' title='bbox 361 4319 454 4372; x_wconf 71' lang='grc' dir='ltr'><strong>καὶ</strong></span> <span class='ocrx_word' id='word_1_351' title='bbox 489 4318 825 4390; x_wconf 83' lang='grc' dir='ltr'>παιδευθήσῃ</span> <span class='ocrx_word' id='word_1_352' title='bbox 855 4317 1081 4389; x_wconf 88' lang='grc' dir='ltr'>κρίματι</span> <span class='ocrx_word' id='word_1_353' title='bbox 1123 4316 1258 4371; x_wconf 84' lang='grc' dir='ltr'><strong>Θεοῦ</strong></span> <span class='ocrx_word' id='word_1_354' title='bbox 1286 4334 1400 4379; x_wconf 85' lang='grc' dir='ltr'>σου,</span> <span class='ocrx_word' id='word_1_355' title='bbox 1445 4315 1539 4369; x_wconf 72' lang='grc' dir='ltr'><strong>καὶ</strong></span> <span class='ocrx_word' id='word_1_356' title='bbox 1572 4313 1941 4387; x_wconf 67' lang='grc' dir='ltr'>εὐφρανθήσῃ.</span> 
     </span>
    </p>
   </div>
   <div class='ocr_carea' id='block_1_47' title="bbox 365 4405 1941 4483">
    <p class='ocr_par' dir='ltr' id='par_1_47' title="bbox 365 4405 1941 4483">
     <span class='ocr_line' id='line_1_47' title="bbox 365 4405 1941 4483; baseline -0.003 -19"><span class='ocrx_word' id='word_1_357' title='bbox 365 4413 443 4465; x_wconf 85' lang='grc' dir='ltr'><strong>Οὐ</strong></span> <span class='ocrx_word' id='word_1_358' title='bbox 483 4411 592 4483; x_wconf 81' lang='grc' dir='ltr'>γὰρ</span> <span class='ocrx_word' id='word_1_359' title='bbox 626 4410 762 4481; x_wconf 85' lang='grc' dir='ltr'>μετὰ</span> <span class='ocrx_word' id='word_1_360' title='bbox 796 4410 1161 4483; x_wconf 87' lang='grc' dir='ltr'>σκληρότητος</span> <span class='ocrx_word' id='word_1_361' title='bbox 1193 4407 1515 4478; x_wconf 87' lang='grc' dir='ltr'>καθαίρεται</span> <span class='ocrx_word' id='word_1_362' title='bbox 1548 4406 1608 4458; x_wconf 84' lang='grc' dir='ltr'><strong>τὸ</strong></span> <span class='ocrx_word' id='word_1_363' title='bbox 1637 4405 1941 4477; x_wconf 87' lang='grc' dir='ltr'>μελάνθιον,</span> 
     </span>
    </p>
   </div>
   <div class='ocr_carea' id='block_1_48' title="bbox 361 4495 1944 4574">
    <p class='ocr_par' dir='ltr' id='par_1_48' title="bbox 361 4495 1944 4574">
     <span class='ocr_line' id='line_1_48' title="bbox 361 4495 1944 4574; baseline -0.004 -18"><span class='ocrx_word' id='word_1_364' title='bbox 361 4504 483 4557; x_wconf 78' lang='grc' dir='ltr'>οὐδὲ</span> <span class='ocrx_word' id='word_1_365' title='bbox 510 4503 702 4574; x_wconf 81' lang='grc' dir='ltr'>τροχὸς</span> <span class='ocrx_word' id='word_1_366' title='bbox 746 4502 961 4573; x_wconf 82' lang='grc' dir='ltr'>ἀμάξης</span> <span class='ocrx_word' id='word_1_367' title='bbox 988 4500 1231 4573; x_wconf 80' lang='grc' dir='ltr'>περιάξει</span> <span class='ocrx_word' id='word_1_368' title='bbox 1264 4500 1358 4552; x_wconf 76' lang='grc' dir='ltr'><strong>ἐπὶ</strong></span> <span class='ocrx_word' id='word_1_369' title='bbox 1408 4499 1470 4551; x_wconf 86' lang='grc' dir='ltr'><strong>τὸ</strong></span> <span class='ocrx_word' id='word_1_370' title='bbox 1509 4495 1769 4567; x_wconf 85' lang='grc' dir='ltr'>κύμινον·</span> <span class='ocrx_word' id='word_1_371' title='bbox 1809 4496 1944 4549; x_wconf 82' lang='grc' dir='ltr'><strong>ἀλλά</strong></span> 
     </span>
    </p>
   </div>
   <div class='ocr_carea' id='block_1_49' title="bbox 364 4585 1904 4663">
    <p class='ocr_par' dir='ltr' id='par_1_49' title="bbox 364 4585 1904 4663">
     <span class='ocr_line' id='line_1_49' title="bbox 364 4585 1904 4663; baseline -0.005 -19"><span class='ocrx_word' id='word_1_372' title='bbox 364 4591 545 4663; x_wconf 76' lang='grc' dir='ltr'>ῥάϐδῳ</span> <span class='ocrx_word' id='word_1_373' title='bbox 580 4592 889 4646; x_wconf 77' lang='grc' dir='ltr'>τινάσσεται</span> <span class='ocrx_word' id='word_1_374' title='bbox 914 4592 973 4643; x_wconf 87' lang='grc' dir='ltr'><strong>τὸ</strong></span> <span class='ocrx_word' id='word_1_375' title='bbox 1005 4588 1312 4661; x_wconf 82' lang='grc' dir='ltr'>μελάνθιον,</span> <span class='ocrx_word' id='word_1_376' title='bbox 1346 4588 1407 4640; x_wconf 82' lang='grc' dir='ltr'><strong>τὸ</strong></span> <span class='ocrx_word' id='word_1_377' title='bbox 1443 4586 1500 4639; x_wconf 83' lang='grc' dir='ltr'>δὲ</span> <span class='ocrx_word' id='word_1_378' title='bbox 1540 4585 1762 4655; x_wconf 86' lang='grc' dir='ltr'>κύμινον</span> <span class='ocrx_word' id='word_1_379' title='bbox 1805 4602 1904 4655; x_wconf 90' lang='grc' dir='ltr'><strong>μετ</strong></span> 
     </span>
    </p>
   </div>
   <div class='ocr_carea' id='block_1_50' title="bbox 362 4678 1947 4755">
    <p class='ocr_par' dir='ltr' id='par_1_50' title="bbox 362 4678 1947 4755">
     <span class='ocr_line' id='line_1_50' title="bbox 362 4678 1947 4755; baseline -0.005 -17"><span class='ocrx_word' id='word_1_380' title='bbox 362 4685 528 4755; x_wconf 77' lang='grc' dir='ltr'>ἄρτου</span> <span class='ocrx_word' id='word_1_381' title='bbox 558 4678 917 4755; x_wconf 78' lang='grc' dir='ltr'>βρωθήσεται.</span> <span class='ocrx_word' id='word_1_382' title='bbox 957 4702 975 4734; x_wconf 74' lang='grc' dir='ltr'><strong>ι</strong></span> <span class='ocrx_word' id='word_1_383' title='bbox 1007 4679 1118 4735; x_wconf 74' lang='grc' dir='ltr'><strong>Εἶθ’</strong></span> <span class='ocrx_word' id='word_1_384' title='bbox 1148 4680 1505 4750; x_wconf 81' lang='grc' dir='ltr'>ὑποδείγματι</span> <span class='ocrx_word' id='word_1_385' title='bbox 1546 4678 1808 4747; x_wconf 84' lang='grc' dir='ltr'>κέχρηται</span> <span class='ocrx_word' id='word_1_386' title='bbox 1850 4695 1947 4745; x_wconf 80' lang='grc' dir='ltr'><strong>φυ-</strong></span> 
     </span>
    </p>
   </div>
   <div class='ocr_carea' id='block_1_51' title="bbox 360 4764 1945 4847">
    <p class='ocr_par' dir='ltr' id='par_1_51' title="bbox 360 4764 1945 4847">
     <span class='ocr_line' id='line_1_51' title="bbox 360 4764 1945 4847; baseline -0.004 -18"><span class='ocrx_word' id='word_1_387' title='bbox 360 4776 531 4847; x_wconf 70' lang='grc' dir='ltr'>σικῷ·</span> <span class='ocrx_word' id='word_1_388' title='bbox 560 4777 636 4839; x_wconf 81' lang='grc' dir='ltr'><strong>ὡς</strong></span> <span class='ocrx_word' id='word_1_389' title='bbox 672 4774 781 4845; x_wconf 84' lang='grc' dir='ltr'>γὰρ</span> <span class='ocrx_word' id='word_1_390' title='bbox 810 4775 909 4845; x_wconf 86' lang='grc' dir='ltr'><strong>τῆς</strong></span> <span class='ocrx_word' id='word_1_391' title='bbox 935 4773 1075 4827; x_wconf 88' lang='grc' dir='ltr'><strong>κατά</strong></span> <span class='ocrx_word' id='word_1_392' title='bbox 1104 4764 1201 4842; x_wconf 72' lang='grc' dir='ltr'>τὴν</span> <span class='ocrx_word' id='word_1_393' title='bbox 1246 4770 1429 4842; x_wconf 82' lang='grc' dir='ltr'>χώραν</span> <span class='ocrx_word' id='word_1_394' title='bbox 1454 4774 1729 4841; x_wconf 54' lang='grc' dir='ltr'>γεωργίας</span> <span class='ocrx_word' id='word_1_395' title='bbox 1760 4772 1945 4843; x_wconf 75' lang='grc' dir='ltr'>ἕτερός</span> 
     </span>
    </p>
   </div>
   <div class='ocr_carea' id='block_1_52' title="bbox 360 4862 1943 4938">
    <p class='ocr_par' dir='ltr' id='par_1_52' title="bbox 360 4862 1943 4938">
     <span class='ocr_line' id='line_1_52' title="bbox 360 4862 1943 4938; baseline -0.004 -17"><span class='ocrx_word' id='word_1_396' title='bbox 360 4870 505 4921; x_wconf 75' lang='grc' dir='ltr'>ἐστιν</span> <span class='ocrx_word' id='word_1_397' title='bbox 538 4868 775 4938; x_wconf 80' lang='grc' dir='ltr'>ὁκαιρὸς</span> <span class='ocrx_word' id='word_1_398' title='bbox 804 4866 897 4920; x_wconf 74' lang='grc' dir='ltr'>τοῦ</span> <span class='ocrx_word' id='word_1_399' title='bbox 929 4864 1096 4937; x_wconf 75' lang='grc' dir='ltr'>ἀροῦν</span> <span class='ocrx_word' id='word_1_400' title='bbox 1131 4863 1229 4934; x_wconf 81' lang='grc' dir='ltr'>τὴν</span> <span class='ocrx_word' id='word_1_401' title='bbox 1270 4862 1473 4934; x_wconf 87' lang='grc' dir='ltr'>χώραν,</span> <span class='ocrx_word' id='word_1_402' title='bbox 1506 4864 1599 4915; x_wconf 73' lang='grc' dir='ltr'>καὶ</span> <span class='ocrx_word' id='word_1_403' title='bbox 1636 4862 1820 4934; x_wconf 75' lang='grc' dir='ltr'>ἔτερος</span> <span class='ocrx_word' id='word_1_404' title='bbox 1850 4862 1943 4915; x_wconf 85' lang='grc' dir='ltr'><strong>τοῦ</strong></span> 
     </span>
    </p>
   </div>
   <div class='ocr_carea' id='block_1_53' title="bbox 360 4944 1942 5037">
    <p class='ocr_par' dir='ltr' id='par_1_53' title="bbox 360 4944 1942 5037">
     <span class='ocr_line' id='line_1_53' title="bbox 360 4944 1942 5037; baseline -0.004 -24"><span class='ocrx_word' id='word_1_405' title='bbox 360 4944 604 5032; x_wconf 68' lang='grc' dir='ltr'>σπείρειν</span> <span class='ocrx_word' id='word_1_406' title='bbox 636 4959 958 5037; x_wconf 78' lang='grc' dir='ltr'>σπέρματα,</span> <span class='ocrx_word' id='word_1_407' title='bbox 998 4958 1063 5026; x_wconf 80' lang='grc' dir='ltr'>τῇ</span> <span class='ocrx_word' id='word_1_408' title='bbox 1110 4954 1444 5024; x_wconf 80' lang='grc' dir='ltr'>ὑποκειμένῃ</span> <span class='ocrx_word' id='word_1_409' title='bbox 1486 4956 1557 5023; x_wconf 79' lang='grc' dir='ltr'>γῇ</span> <span class='ocrx_word' id='word_1_410' title='bbox 1595 4953 1905 5023; x_wconf 86' lang='grc' dir='ltr'>κατάλληλα</span> <span class='ocrx_word' id='word_1_411' title='bbox 1929 4970 1942 4982; x_wconf 87' lang='grc'><strong>·</strong></span> 
     </span>
    </p>
   </div>
   <div class='ocr_carea' id='block_1_54' title="bbox 360 5038 1943 5112">
    <p class='ocr_par' dir='ltr' id='par_1_54' title="bbox 360 5038 1943 5112">
     <span class='ocr_line' id='line_1_54' title="bbox 360 5038 1943 5112; baseline -0.009 -7"><span class='ocrx_word' id='word_1_412' title='bbox 360 5051 501 5105; x_wconf 86' lang='grc' dir='ltr'><strong>κατά</strong></span> <span class='ocrx_word' id='word_1_413' title='bbox 525 5048 596 5102; x_wconf 67' lang='grc' dir='ltr'>τὰ</span> <span class='ocrx_word' id='word_1_414' title='bbox 629 5046 767 5101; x_wconf 72' lang='grc' dir='ltr'>αὐτὰ</span> <span class='ocrx_word' id='word_1_415' title='bbox 799 5048 894 5101; x_wconf 77' lang='grc' dir='ltr'>καὶ</span> <span class='ocrx_word' id='word_1_416' title='bbox 939 5047 969 5098; x_wconf 85' lang='grc' dir='ltr'>ὁ</span> <span class='ocrx_word' id='word_1_417' title='bbox 1012 5043 1127 5096; x_wconf 74' lang='grc' dir='ltr'>τῶν</span> <span class='ocrx_word' id='word_1_418' title='bbox 1165 5041 1353 5112; x_wconf 71' lang='grc' dir='ltr'>ψυχῶν</span> <span class='ocrx_word' id='word_1_419' title='bbox 1384 5039 1627 5111; x_wconf 82' lang='grc' dir='ltr'>γεωργὸς</span> <span class='ocrx_word' id='word_1_420' title='bbox 1668 5038 1762 5091; x_wconf 83' lang='grc' dir='ltr'>τοῦ</span> <span class='ocrx_word' id='word_1_421' title='bbox 1807 5038 1943 5091; x_wconf 77' lang='grc' dir='ltr'>Θεοῦ</span> 
     </span>
    </p>
   </div>
   <div class='ocr_carea' id='block_1_55' title="bbox 358 5128 1943 5213">
    <p class='ocr_par' dir='ltr' id='par_1_55' title="bbox 358 5128 1943 5213">
     <span class='ocr_line' id='line_1_55' title="bbox 358 5128 1943 5213; baseline -0.01 -15"><span class='ocrx_word' id='word_1_422' title='bbox 358 5143 553 5213; x_wconf 79' lang='grc' dir='ltr'>Λόγος,</span> <span class='ocrx_word' id='word_1_423' title='bbox 582 5141 724 5196; x_wconf 88' lang='grc' dir='ltr'><strong>κατά</strong></span> <span class='ocrx_word' id='word_1_424' title='bbox 758 5142 854 5211; x_wconf 80' lang='grc' dir='ltr'><strong>μὲν</strong></span> <span class='ocrx_word' id='word_1_425' title='bbox 888 5139 980 5193; x_wconf 78' lang='grc' dir='ltr'><strong>τὸν</strong></span> <span class='ocrx_word' id='word_1_426' title='bbox 1027 5134 1331 5205; x_wconf 76' lang='grc' dir='ltr'>ἐπιτήδειον</span> <span class='ocrx_word' id='word_1_427' title='bbox 1362 5131 1553 5201; x_wconf 84' lang='grc' dir='ltr'>καιρὸν</span> <span class='ocrx_word' id='word_1_428' title='bbox 1579 5130 1678 5193; x_wconf 74' lang='grc' dir='ltr'><strong>τὰς</strong></span> <span class='ocrx_word' id='word_1_429' title='bbox 1716 5128 1824 5182; x_wconf 84' lang='grc' dir='ltr'><strong>τῶν</strong></span> <span class='ocrx_word' id='word_1_430' title='bbox 1851 5132 1943 5183; x_wconf 88' lang='grc' dir='ltr'>ἀν-</span> 
     </span>
    </p>
   </div>
   <div class='ocr_carea' id='block_1_56' title="bbox 360 5218 1943 5309">
    <p class='ocr_par' dir='ltr' id='par_1_56' title="bbox 360 5218 1943 5309">
     <span class='ocr_line' id='line_1_56' title="bbox 360 5218 1943 5309; baseline -0.008 -20"><span class='ocrx_word' id='word_1_431' title='bbox 360 5227 596 5309; x_wconf 75' lang='grc' dir='ltr'>θρώπων</span> <span class='ocrx_word' id='word_1_432' title='bbox 632 5230 1089 5305; x_wconf 70' lang='grc' dir='ltr'>ψυχὰςονεοῦσθαι</span> <span class='ocrx_word' id='word_1_433' title='bbox 1123 5218 1420 5300; x_wconf 75' lang='grc' dir='ltr'>οβούλεται,</span> <span class='ocrx_word' id='word_1_434' title='bbox 1460 5218 1549 5277; x_wconf 78' lang='grc' dir='ltr'><strong>διὰ</strong></span> <span class='ocrx_word' id='word_1_435' title='bbox 1578 5223 1679 5292; x_wconf 83' lang='grc' dir='ltr'><strong>τῆς</strong></span> <span class='ocrx_word' id='word_1_436' title='bbox 1722 5222 1943 5293; x_wconf 78' lang='grc' dir='ltr'>λογικῆς</span> 
     </span>
    </p>
   </div>
   <div class='ocr_carea' id='block_1_57' title="bbox 356 5316 1943 5396">
    <p class='ocr_par' dir='ltr' id='par_1_57' title="bbox 356 5316 1943 5396">
     <span class='ocr_line' id='line_1_57' title="bbox 356 5316 1943 5396; baseline -0.009 -14"><span class='ocrx_word' id='word_1_437' title='bbox 356 5326 713 5390; x_wconf 72' lang='grc' dir='ltr'>διδασκαλίας</span> <span class='ocrx_word' id='word_1_438' title='bbox 764 5324 1054 5396; x_wconf 78' lang='grc' dir='ltr'>σχιζούσης</span> <span class='ocrx_word' id='word_1_439' title='bbox 1101 5324 1193 5376; x_wconf 80' lang='grc' dir='ltr'>καὶ</span> <span class='ocrx_word' id='word_1_440' title='bbox 1240 5316 1649 5389; x_wconf 82' lang='grc' dir='ltr'>ἀνατεμνούο-ης</span> <span class='ocrx_word' id='word_1_441' title='bbox 1704 5317 1830 5379; x_wconf 84' lang='grc' dir='ltr'>τοὺς</span> <span class='ocrx_word' id='word_1_442' title='bbox 1883 5316 1943 5367; x_wconf 74' lang='grc' dir='ltr'>ὲν</span> 
     </span>
    </p>
   </div>
   <div class='ocr_carea' id='block_1_58' title="bbox 360 5406 1934 5493">
    <p class='ocr_par' dir='ltr' id='par_1_58' title="bbox 360 5406 1934 5493">
     <span class='ocr_line' id='line_1_58' title="bbox 360 5406 1934 5493; baseline -0.01 -20"><span class='ocrx_word' id='word_1_443' title='bbox 360 5412 515 5493; x_wconf 78' lang='grc' dir='ltr'>βάθει</span> <span class='ocrx_word' id='word_1_444' title='bbox 540 5415 949 5491; x_wconf 79' lang='grc' dir='ltr'>κρυπτομένους</span> <span class='ocrx_word' id='word_1_445' title='bbox 975 5413 1268 5493; x_wconf 81' lang='grc' dir='ltr'>λογισμοὺς</span> <span class='ocrx_word' id='word_1_446' title='bbox 1295 5408 1375 5480; x_wconf 79' lang='grc' dir='ltr'>τῷ</span> <span class='ocrx_word' id='word_1_447' title='bbox 1392 5406 1669 5475; x_wconf 81' lang='grc' dir='ltr'>τοῦλόγου</span> <span class='ocrx_word' id='word_1_448' title='bbox 1697 5406 1934 5476; x_wconf 78' lang='grc' dir='ltr'>ἀρότρῳ.</span> 
     </span>
    </p>
   </div>
   <div class='ocr_carea' id='block_1_59' title="bbox 359 5496 1932 5585">
    <p class='ocr_par' dir='ltr' id='par_1_59' title="bbox 359 5496 1932 5585">
     <span class='ocr_line' id='line_1_59' title="bbox 359 5496 1932 5585; baseline -0.01 -20"><span class='ocrx_word' id='word_1_449' title='bbox 359 5496 451 5564; x_wconf 77' lang='grc' dir='ltr'>Διὸ</span> <span class='ocrx_word' id='word_1_450' title='bbox 462 5496 799 5585; x_wconf 69' lang='grc' dir='ltr'>προστάττει</span> <span class='ocrx_word' id='word_1_451' title='bbox 824 5506 1024 5575; x_wconf 85' lang='grc' dir='ltr'>λέγων·</span> <span class='ocrx_word' id='word_1_452' title='bbox 1065 5501 1093 5555; x_wconf 73' lang='grc' dir='ltr'>ι’</span> <span class='ocrx_word' id='word_1_453' title='bbox 1116 5502 1377 5556; x_wconf 79' lang='grc' dir='ltr'>Νεὼσατε</span> <span class='ocrx_word' id='word_1_454' title='bbox 1404 5502 1619 5561; x_wconf 74' lang='grc' dir='ltr'>ἑαυτοῖς</span> <span class='ocrx_word' id='word_1_455' title='bbox 1660 5496 1932 5566; x_wconf 74' lang='grc' dir='ltr'>νεώματα,</span> 
     </span>
    </p>
   </div>
   <div class='ocr_carea' id='block_1_60' title="bbox 360 5586 1936 5675">
    <p class='ocr_par' dir='ltr' id='par_1_60' title="bbox 360 5586 1936 5675">
     <span class='ocr_line' id='line_1_60' title="bbox 360 5586 1936 5675; baseline -0.012 -18"><span class='ocrx_word' id='word_1_456' title='bbox 360 5586 469 5658; x_wconf 52' lang='grc' dir='ltr'><strong><em>καῖ</em></strong></span> <span class='ocrx_word' id='word_1_457' title='bbox 505 5605 581 5675; x_wconf 78' lang='grc' dir='ltr'>μὴ</span> <span class='ocrx_word' id='word_1_458' title='bbox 631 5601 894 5672; x_wconf 77' lang='grc' dir='ltr'>σπέίρητε</span> <span class='ocrx_word' id='word_1_459' title='bbox 923 5600 1009 5651; x_wconf 68' lang='grc' dir='ltr'><strong>ἐπ’</strong></span> <span class='ocrx_word' id='word_1_460' title='bbox 1036 5596 1319 5659; x_wconf 78' lang='grc' dir='ltr'>ἀκάνθαις.</span> <span class='ocrx_word' id='word_1_461' title='bbox 1354 5612 1387 5644; x_wconf 62' lang='grc' dir='ltr'>»ς</span> <span class='ocrx_word' id='word_1_462' title='bbox 1417 5588 1669 5645; x_wconf 78' lang='grc' dir='ltr'>Ἐπειδὰν</span> <span class='ocrx_word' id='word_1_463' title='bbox 1708 5588 1767 5641; x_wconf 81' lang='grc' dir='ltr'>δὲ</span> <span class='ocrx_word' id='word_1_464' title='bbox 1801 5590 1936 5657; x_wconf 83' lang='grc' dir='ltr'>ὁμα-</span> 
     </span>
    </p>
   </div>
   <div class='ocr_carea' id='block_1_61' title="bbox 356 5678 1944 5765">
    <p class='ocr_par' dir='ltr' id='par_1_61' title="bbox 356 5678 1944 5765">
     <span class='ocr_line' id='line_1_61' title="bbox 356 5678 1944 5765; baseline -0.009 -18"><span class='ocrx_word' id='word_1_465' title='bbox 356 5693 513 5765; x_wconf 54' lang='lat' dir='ltr'><strong>mea</strong></span> <span class='ocrx_word' id='word_1_466' title='bbox 545 5694 607 5746; x_wconf 86' lang='grc' dir='ltr'><strong>τὸ</strong></span> <span class='ocrx_word' id='word_1_467' title='bbox 628 5690 868 5762; x_wconf 81' lang='grc' dir='ltr'>ὡσπερεὶ</span> <span class='ocrx_word' id='word_1_468' title='bbox 898 5688 1187 5759; x_wconf 85' lang='grc' dir='ltr'>πρόσωπον</span> <span class='ocrx_word' id='word_1_469' title='bbox 1204 5687 1302 5756; x_wconf 85' lang='grc' dir='ltr'>τῆς</span> <span class='ocrx_word' id='word_1_470' title='bbox 1321 5682 1522 5753; x_wconf 79' lang='grc' dir='ltr'>ψυχῆς,</span> <span class='ocrx_word' id='word_1_471' title='bbox 1542 5681 1724 5748; x_wconf 84' lang='grc' dir='ltr'>πάσης</span> <span class='ocrx_word' id='word_1_472' title='bbox 1745 5678 1944 5742; x_wconf 64' lang='grc' dir='ltr'>κακίας</span> 
     </span>
    </p>
   </div>
   <div class='ocr_carea' id='block_1_62' title="bbox 356 5767 1935 5853">
    <p class='ocr_par' dir='ltr' id='par_1_62' title="bbox 356 5767 1935 5853">
     <span class='ocr_line' id='line_1_62' title="bbox 356 5767 1935 5853; baseline -0.011 -16"><span class='ocrx_word' id='word_1_473' title='bbox 356 5781 796 5853; x_wconf 82' lang='grc' dir='ltr'>περιαιρεθείσης</span> <span class='ocrx_word' id='word_1_474' title='bbox 852 5778 952 5846; x_wconf 82' lang='grc' dir='ltr'>τῆς</span> <span class='ocrx_word' id='word_1_475' title='bbox 987 5776 1153 5828; x_wconf 82' lang='grc' dir='ltr'>πάλαι</span> <span class='ocrx_word' id='word_1_476' title='bbox 1182 5777 1239 5827; x_wconf 80' lang='grc' dir='ltr'>ἐν</span> <span class='ocrx_word' id='word_1_477' title='bbox 1288 5774 1425 5842; x_wconf 74' lang='grc' dir='ltr'>αὐτῇ</span> <span class='ocrx_word' id='word_1_478' title='bbox 1475 5769 1727 5825; x_wconf 83' lang='grc' dir='ltr'>ἀκανθῶν</span> <span class='ocrx_word' id='word_1_479' title='bbox 1780 5767 1935 5836; x_wconf 83' lang='grc' dir='ltr'>δίκην</span> 
     </span>
    </p>
   </div>
   <div class='ocr_carea' id='block_1_63' title="bbox 355 5864 1929 5949">
    <p class='ocr_par' dir='ltr' id='par_1_63' title="bbox 355 5864 1929 5949">
     <span class='ocr_line' id='line_1_63' title="bbox 355 5864 1929 5949; baseline -0.011 -17"><span class='ocrx_word' id='word_1_480' title='bbox 355 5879 603 5948; x_wconf 79' lang='grc' dir='ltr'>φυείσης,</span> <span class='ocrx_word' id='word_1_481' title='bbox 630 5872 930 5949; x_wconf 64' lang='grc' dir='ltr'>τηνικαῦτα</span> <span class='ocrx_word' id='word_1_482' title='bbox 971 5868 1321 5935; x_wconf 69' lang='grc' dir='ltr'>καταλλήλως</span> <span class='ocrx_word' id='word_1_483' title='bbox 1358 5870 1429 5936; x_wconf 68' lang='grc' dir='ltr'>τῇ</span> <span class='ocrx_word' id='word_1_484' title='bbox 1464 5866 1578 5921; x_wconf 83' lang='grc' dir='ltr'>τῶν.</span> <span class='ocrx_word' id='word_1_485' title='bbox 1602 5864 1929 5935; x_wconf 76' lang='grc' dir='ltr'>ὑποδεχομέο</span> 
     </span>
    </p>
   </div>
   <div class='ocr_carea' id='block_1_64' title="bbox 2067 615 3642 683">
    <p class='ocr_par' dir='ltr' id='par_1_64' title="bbox 2067 615 3642 683">
     <span class='ocr_line' id='line_1_64' title="bbox 2067 615 3642 683; baseline 0.003 -15"><span class='ocrx_word' id='word_1_486' title='bbox 2067 616 2383 669; x_wconf 90' lang='lat' dir='ltr'><strong>sustinenda</strong></span> <span class='ocrx_word' id='word_1_487' title='bbox 2438 616 2638 669; x_wconf 83' lang='lat' dir='ltr'><strong>inﬁrmi</strong></span> <span class='ocrx_word' id='word_1_488' title='bbox 2699 616 2932 682; x_wconf 80' lang='lat' dir='ltr'><strong>essetis;</strong></span> <span class='ocrx_word' id='word_1_489' title='bbox 3004 615 3126 683; x_wconf 89' lang='lat' dir='ltr'><strong>quia</strong></span> <span class='ocrx_word' id='word_1_490' title='bbox 3190 630 3320 669; x_wconf 89' lang='lat' dir='ltr'><strong>vero</strong></span> <span class='ocrx_word' id='word_1_491' title='bbox 3391 615 3642 672; x_wconf 89' lang='lat' dir='ltr'><strong>lubenter</strong></span> 
     </span>
    </p>
   </div>
   <div class='ocr_carea' id='block_1_65' title="bbox 2061 705 3639 774">
    <p class='ocr_par' dir='ltr' id='par_1_65' title="bbox 2061 705 3639 774">
     <span class='ocr_line' id='line_1_65' title="bbox 2061 705 3639 774; baseline 0.001 -14"><span class='ocrx_word' id='word_1_492' title='bbox 2061 709 2220 761; x_wconf 97' lang='lat' dir='ltr'><strong>morti</strong></span> <span class='ocrx_word' id='word_1_493' title='bbox 2254 718 2307 761; x_wconf 86' lang='lat' dir='ltr'><strong>et</strong></span> <span class='ocrx_word' id='word_1_494' title='bbox 2344 707 2552 761; x_wconf 81' lang='lat' dir='ltr'><strong>inferno</strong></span> <span class='ocrx_word' id='word_1_495' title='bbox 2586 722 2677 760; x_wconf 84' lang='lat' dir='ltr'><strong>vos</strong></span> <span class='ocrx_word' id='word_1_496' title='bbox 2743 706 3045 770; x_wconf 87' lang='lat' dir='ltr'><strong>:lcdidistis,</strong></span> <span class='ocrx_word' id='word_1_497' title='bbox 3080 706 3273 761; x_wconf 88' lang='lat' dir='ltr'><strong>scitote</strong></span> <span class='ocrx_word' id='word_1_498' title='bbox 3310 705 3420 772; x_wconf 69' lang='lat' dir='ltr'><strong>jam</strong></span> <span class='ocrx_word' id='word_1_499' title='bbox 3464 708 3639 774; x_wconf 81' lang='lat' dir='ltr'><strong>ipsum</strong></span> 
     </span>
    </p>
   </div>
   <div class='ocr_carea' id='block_1_66' title="bbox 2064 799 3635 862">
    <p class='ocr_par' dir='ltr' id='par_1_66' title="bbox 2064 799 3635 862">
     <span class='ocr_line' id='line_1_66' title="bbox 2064 799 3635 862; baseline 0.002 -10"><span class='ocrx_word' id='word_1_500' title='bbox 2064 799 2347 853; x_wconf 88' lang='lat' dir='ltr'><strong>Dominum</strong></span> <span class='ocrx_word' id='word_1_501' title='bbox 2402 814 2497 852; x_wconf 93' lang='lat' dir='ltr'><strong>vos</strong></span> <span class='ocrx_word' id='word_1_502' title='bbox 2563 799 2872 851; x_wconf 90' lang='lat' dir='ltr'><strong>invasurum</strong></span> <span class='ocrx_word' id='word_1_503' title='bbox 2929 814 3076 862; x_wconf 87' lang='lat' dir='ltr'><strong>esse,</strong></span> <span class='ocrx_word' id='word_1_504' title='bbox 3136 810 3194 852; x_wconf 94' lang='lat' dir='ltr'><strong>ut</strong></span> <span class='ocrx_word' id='word_1_505' title='bbox 3234 800 3304 853; x_wconf 91' lang='lat' dir='ltr'><strong>ob</strong></span> <span class='ocrx_word' id='word_1_506' title='bbox 3338 812 3635 855; x_wconf 83' lang='lat' dir='ltr'><strong>memorata</strong></span> 
     </span>
    </p>
   </div>
   <div class='ocr_carea' id='block_1_67' title="bbox 2060 890 3210 945">
    <p class='ocr_par' dir='ltr' id='par_1_67' title="bbox 2060 890 3210 945">
     <span class='ocr_line' id='line_1_67' title="bbox 2060 890 3210 945; baseline -0.001 -1"><span class='ocrx_word' id='word_1_507' title='bbox 2060 892 2239 944; x_wconf 84' lang='lat' dir='ltr'><strong>omnia</strong></span> <span class='ocrx_word' id='word_1_508' title='bbox 2278 893 2413 945; x_wconf 85' lang='lat' dir='ltr'><strong>iram</strong></span> <span class='ocrx_word' id='word_1_509' title='bbox 2444 902 2499 944; x_wconf 90' lang='lat' dir='ltr'><strong>et</strong></span> <span class='ocrx_word' id='word_1_510' title='bbox 2525 892 2782 945; x_wconf 89' lang='lat' dir='ltr'><strong>ultionem</strong></span> <span class='ocrx_word' id='word_1_511' title='bbox 2817 890 3012 945; x_wconf 81' lang='lat' dir='ltr'><strong>inferat</strong></span> <span class='ocrx_word' id='word_1_512' title='bbox 3038 892 3210 945; x_wconf 85' lang='lat' dir='ltr'><strong>vobis.</strong></span> 
     </span>
    </p>
   </div>
   <div class='ocr_carea' id='block_1_68' title="bbox 2130 1026 3635 1097">
    <p class='ocr_par' dir='ltr' id='par_1_68' title="bbox 2130 1026 3635 1097">
     <span class='ocr_line' id='line_1_68' title="bbox 2130 1026 3635 1097; baseline 0.002 -17"><span class='ocrx_word' id='word_1_513' title='bbox 2130 1026 2295 1081; x_wconf 72' lang='lat' dir='ltr'><strong>Vens.</strong></span> <span class='ocrx_word' id='word_1_514' title='bbox 2317 1026 2407 1082; x_wconf 76' lang='grc'><strong>21.</strong></span> <span class='ocrx_word' id='word_1_515' title='bbox 2442 1044 2460 1077; x_wconf 72' lang='grc' dir='ltr'><strong>ι</strong></span> <span class='ocrx_word' id='word_1_516' title='bbox 2494 1026 2647 1080; x_wconf 88' lang='lat' dir='ltr'><strong>Sicut</strong></span> <span class='ocrx_word' id='word_1_517' title='bbox 2690 1041 2846 1080; x_wconf 91' lang='lat' dir='ltr'><strong>mons</strong></span> <span class='ocrx_word' id='word_1_518' title='bbox 2894 1027 3182 1097; x_wconf 85' lang='lat' dir='ltr'><strong>impiorum</strong></span> <span class='ocrx_word' id='word_1_519' title='bbox 3212 1038 3501 1096; x_wconf 86' lang='lat' dir='ltr'><strong>consurget</strong></span> <span class='ocrx_word' id='word_1_520' title='bbox 3528 1028 3635 1083; x_wconf 87' lang='lat' dir='ltr'><strong>Do-</strong></span> 
     </span>
    </p>
   </div>
   <div class='ocr_carea' id='block_1_69' title="bbox 2060 1118 3638 1182">
    <p class='ocr_par' dir='ltr' id='par_1_69' title="bbox 2060 1118 3638 1182">
     <span class='ocr_line' id='line_1_69' title="bbox 2060 1118 3638 1182; baseline 0.003 -11"><span class='ocrx_word' id='word_1_521' title='bbox 2060 1119 2260 1182; x_wconf 89' lang='lat' dir='ltr'><strong>minus,</strong></span> <span class='ocrx_word' id='word_1_522' title='bbox 2292 1132 2346 1174; x_wconf 90' lang='lat' dir='ltr'><strong>et</strong></span> <span class='ocrx_word' id='word_1_523' title='bbox 2373 1119 2479 1172; x_wconf 89' lang='lat' dir='ltr'><strong>erit</strong></span> <span class='ocrx_word' id='word_1_524' title='bbox 2512 1119 2564 1172; x_wconf 92' lang='lat' dir='ltr'><strong>in</strong></span> <span class='ocrx_word' id='word_1_525' title='bbox 2595 1119 2734 1171; x_wconf 88' lang='lat' dir='ltr'><strong>valle</strong></span> <span class='ocrx_word' id='word_1_526' title='bbox 2764 1118 3028 1173; x_wconf 81' lang='lat' dir='ltr'><strong>Gabaon:</strong></span> <span class='ocrx_word' id='word_1_527' title='bbox 3074 1136 3196 1173; x_wconf 88' lang='lat' dir='ltr'><strong>eum</strong></span> <span class='ocrx_word' id='word_1_528' title='bbox 3248 1120 3435 1175; x_wconf 80' lang='lat' dir='ltr'><strong>furore</strong></span> <span class='ocrx_word' id='word_1_529' title='bbox 3475 1122 3638 1176; x_wconf 83' lang='lat' dir='ltr'><strong>facie!</strong></span> 
     </span>
    </p>
   </div>
   <div class='ocr_carea' id='block_1_70' title="bbox 2057 1209 3635 1283">
    <p class='ocr_par' dir='ltr' id='par_1_70' title="bbox 2057 1209 3635 1283">
     <span class='ocr_line' id='line_1_70' title="bbox 2057 1209 3635 1283; baseline 0.005 -22"><span class='ocrx_word' id='word_1_530' title='bbox 2057 1224 2221 1278; x_wconf 83' lang='lat' dir='ltr'><strong>opera</strong></span> <span class='ocrx_word' id='word_1_531' title='bbox 2250 1225 2366 1273; x_wconf 89' lang='lat' dir='ltr'><strong>sua,</strong></span> <span class='ocrx_word' id='word_1_532' title='bbox 2401 1209 2783 1266; x_wconf 77' lang='lat' dir='ltr'><strong>amaritudinis</strong></span> <span class='ocrx_word' id='word_1_533' title='bbox 2809 1225 2962 1279; x_wconf 87' lang='lat' dir='ltr'><strong>Opus.</strong></span> <span class='ocrx_word' id='word_1_534' title='bbox 2994 1230 3012 1263; x_wconf 74' lang='grc' dir='ltr'><strong>ι</strong></span> <span class='ocrx_word' id='word_1_535' title='bbox 3049 1212 3447 1268; x_wconf 81' lang='lat' dir='ltr'><strong>Amaritudinis</strong></span> <span class='ocrx_word' id='word_1_536' title='bbox 3470 1230 3635 1283; x_wconf 82' lang='lat' dir='ltr'><strong>opera</strong></span> 
     </span>
    </p>
   </div>
   <div class='ocr_carea' id='block_1_71' title="bbox 2059 1301 3632 1377">
    <p class='ocr_par' dir='ltr' id='par_1_71' title="bbox 2059 1301 3632 1377">
     <span class='ocr_line' id='line_1_71' title="bbox 2059 1301 3632 1377; baseline 0.004 -24"><span class='ocrx_word' id='word_1_537' title='bbox 2059 1301 2376 1370; x_wconf 84' lang='lat' dir='ltr'><strong>iisinﬂiget,</strong></span> <span class='ocrx_word' id='word_1_538' title='bbox 2406 1302 2495 1370; x_wconf 92' lang='lat' dir='ltr'><strong>qui</strong></span> <span class='ocrx_word' id='word_1_539' title='bbox 2523 1302 2594 1356; x_wconf 92' lang='lat' dir='ltr'><strong>ob</strong></span> <span class='ocrx_word' id='word_1_540' title='bbox 2642 1303 2857 1355; x_wconf 84' lang='lat' dir='ltr'><strong>insitam</strong></span> <span class='ocrx_word' id='word_1_541' title='bbox 2909 1304 3101 1357; x_wconf 67' lang='lat' dir='ltr'><strong>anima:</strong></span> <span class='ocrx_word' id='word_1_542' title='bbox 3147 1306 3431 1371; x_wconf 85' lang='lat' dir='ltr'><strong>malitiam,</strong></span> <span class='ocrx_word' id='word_1_543' title='bbox 3478 1309 3632 1377; x_wconf 82' lang='lat' dir='ltr'><strong>quasi</strong></span> 
     </span>
    </p>
   </div>
   <div class='ocr_carea' id='block_1_72' title="bbox 2056 1395 3631 1463">
    <p class='ocr_par' dir='ltr' id='par_1_72' title="bbox 2056 1395 3631 1463">
     <span class='ocr_line' id='line_1_72' title="bbox 2056 1395 3631 1463; baseline 0.006 -18"><span class='ocrx_word' id='word_1_544' title='bbox 2056 1396 2254 1447; x_wconf 89' lang='lat' dir='ltr'><strong>acerbo</strong></span> <span class='ocrx_word' id='word_1_545' title='bbox 2286 1395 2521 1448; x_wconf 87' lang='lat' dir='ltr'><strong>remedio</strong></span> <span class='ocrx_word' id='word_1_546' title='bbox 2552 1410 2688 1462; x_wconf 87' lang='lat' dir='ltr'><strong>opus</strong></span> <span class='ocrx_word' id='word_1_547' title='bbox 2721 1396 2944 1448; x_wconf 86' lang='lat' dir='ltr'><strong>habent.</strong></span> <span class='ocrx_word' id='word_1_548' title='bbox 2983 1396 3258 1450; x_wconf 83' lang='lat' dir='ltr'><strong>Caeterum</strong></span> <span class='ocrx_word' id='word_1_549' title='bbox 3303 1399 3631 1463; x_wconf 80' lang='lat' dir='ltr'><strong>autaritudo,</strong></span> 
     </span>
    </p>
   </div>
   <div class='ocr_carea' id='block_1_73' title="bbox 2058 1484 3632 1559">
    <p class='ocr_par' dir='ltr' id='par_1_73' title="bbox 2058 1484 3632 1559">
     <span class='ocr_line' id='line_1_73' title="bbox 2058 1484 3632 1559; baseline 0.005 -21"><span class='ocrx_word' id='word_1_550' title='bbox 2058 1484 2134 1538; x_wconf 91' lang='lat' dir='ltr'><strong>ira</strong></span> <span class='ocrx_word' id='word_1_551' title='bbox 2162 1496 2217 1539; x_wconf 91' lang='lat' dir='ltr'><strong>et</strong></span> <span class='ocrx_word' id='word_1_552' title='bbox 2247 1487 2417 1552; x_wconf 81' lang='lat' dir='ltr'><strong>furor,</strong></span> <span class='ocrx_word' id='word_1_553' title='bbox 2450 1498 2504 1541; x_wconf 88' lang='lat' dir='ltr'><strong>et</strong></span> <span class='ocrx_word' id='word_1_554' title='bbox 2534 1488 2728 1541; x_wconf 88' lang='lat' dir='ltr'><strong>similia</strong></span> <span class='ocrx_word' id='word_1_555' title='bbox 2784 1488 2851 1542; x_wconf 89' lang='lat' dir='ltr'><strong>de</strong></span> <span class='ocrx_word' id='word_1_556' title='bbox 2898 1488 3008 1541; x_wconf 90' lang='lat' dir='ltr'><strong>Deo</strong></span> <span class='ocrx_word' id='word_1_557' title='bbox 3052 1488 3284 1559; x_wconf 81' lang='lat' dir='ltr'><strong>prolata,</strong></span> <span class='ocrx_word' id='word_1_558' title='bbox 3324 1492 3457 1545; x_wconf 87' lang='lat' dir='ltr'><strong>nihil</strong></span> <span class='ocrx_word' id='word_1_559' title='bbox 3488 1492 3632 1545; x_wconf 91' lang='lat' dir='ltr'><strong>aliud</strong></span> 
     </span>
    </p>
   </div>
   <div class='ocr_carea' id='block_1_74' title="bbox 2058 1577 3635 1647">
    <p class='ocr_par' dir='ltr' id='par_1_74' title="bbox 2058 1577 3635 1647">
     <span class='ocr_line' id='line_1_74' title="bbox 2058 1577 3635 1647; baseline 0.007 -19"><span class='ocrx_word' id='word_1_560' title='bbox 2058 1577 2369 1646; x_wconf 77' lang='lat' dir='ltr'><strong>signiﬁcare</strong></span> <span class='ocrx_word' id='word_1_561' title='bbox 2404 1580 2598 1641; x_wconf 86' lang='lat' dir='ltr'><strong>solent,</strong></span> <span class='ocrx_word' id='word_1_562' title='bbox 2645 1593 2807 1647; x_wconf 89' lang='lat' dir='ltr'><strong>quam</strong></span> <span class='ocrx_word' id='word_1_563' title='bbox 2851 1595 2880 1631; x_wconf 90' lang='lat' dir='ltr'><strong>a</strong></span> <span class='ocrx_word' id='word_1_564' title='bbox 2938 1579 3121 1633; x_wconf 90' lang='lat' dir='ltr'><strong>divino</strong></span> <span class='ocrx_word' id='word_1_565' title='bbox 3150 1582 3405 1635; x_wconf 86' lang='lat' dir='ltr'><strong>tribunali</strong></span> <span class='ocrx_word' id='word_1_566' title='bbox 3436 1584 3635 1639; x_wconf 74' lang='lat' dir='ltr'><strong>immit-</strong></span> 
     </span>
    </p>
   </div>
   <div class='ocr_carea' id='block_1_75' title="bbox 2058 1670 3633 1741">
    <p class='ocr_par' dir='ltr' id='par_1_75' title="bbox 2058 1670 3633 1741">
     <span class='ocr_line' id='line_1_75' title="bbox 2058 1670 3633 1741; baseline 0.007 -19"><span class='ocrx_word' id='word_1_567' title='bbox 2058 1671 2218 1724; x_wconf 88' lang='lat' dir='ltr'><strong>tenda</strong></span> <span class='ocrx_word' id='word_1_568' title='bbox 2257 1671 2435 1740; x_wconf 91' lang='lat' dir='ltr'><strong>impiis</strong></span> <span class='ocrx_word' id='word_1_569' title='bbox 2462 1670 2746 1740; x_wconf 90' lang='lat' dir='ltr'><strong>supplicia.</strong></span> <span class='ocrx_word' id='word_1_570' title='bbox 2796 1689 2814 1720; x_wconf 75' lang='grc' dir='ltr'><strong>ι</strong></span> <span class='ocrx_word' id='word_1_571' title='bbox 2862 1671 3031 1725; x_wconf 81' lang='lat' dir='ltr'><strong>Furor</strong></span> <span class='ocrx_word' id='word_1_572' title='bbox 3064 1682 3243 1726; x_wconf 89' lang='lat' dir='ltr'><strong>autem</strong></span> <span class='ocrx_word' id='word_1_573' title='bbox 3298 1674 3414 1741; x_wconf 90' lang='lat' dir='ltr'><strong>ejus</strong></span> <span class='ocrx_word' id='word_1_574' title='bbox 3455 1677 3633 1734; x_wconf 83' lang='lat' dir='ltr'><strong>alieno</strong></span> 
     </span>
    </p>
   </div>
   <div class='ocr_carea' id='block_1_76' title="bbox 2054 1764 3162 1833">
    <p class='ocr_par' dir='ltr' id='par_1_76' title="bbox 2054 1764 3162 1833">
     <span class='ocr_line' id='line_1_76' title="bbox 2054 1764 3162 1833; baseline -0.001 -16"><span class='ocrx_word' id='word_1_575' title='bbox 2054 1765 2213 1819; x_wconf 89' lang='lat' dir='ltr'><strong>modo</strong></span> <span class='ocrx_word' id='word_1_576' title='bbox 2244 1773 2447 1829; x_wconf 85' lang='lat' dir='ltr'><strong>utetur,</strong></span> <span class='ocrx_word' id='word_1_577' title='bbox 2472 1773 2525 1819; x_wconf 91' lang='lat' dir='ltr'><strong>et</strong></span> <span class='ocrx_word' id='word_1_578' title='bbox 2550 1766 2725 1817; x_wconf 89' lang='lat' dir='ltr'><strong>caries</strong></span> <span class='ocrx_word' id='word_1_579' title='bbox 2751 1764 2869 1833; x_wconf 86' lang='lat' dir='ltr'><strong>ejus</strong></span> <span class='ocrx_word' id='word_1_580' title='bbox 2899 1764 3109 1818; x_wconf 85' lang='lat' dir='ltr'><strong>aliena:</strong></span> <span class='ocrx_word' id='word_1_581' title='bbox 3143 1784 3162 1816; x_wconf 87' lang='grc'><strong>›</strong></span> 
     </span>
    </p>
   </div>
   <div class='ocr_carea' id='block_1_77' title="bbox 2126 1948 3634 2019">
    <p class='ocr_par' dir='ltr' id='par_1_77' title="bbox 2126 1948 3634 2019">
     <span class='ocr_line' id='line_1_77' title="bbox 2126 1948 3634 2019; baseline 0.003 -17"><span class='ocrx_word' id='word_1_582' title='bbox 2126 1948 2293 2003; x_wconf 70' lang='lat' dir='ltr'><strong>Vens.</strong></span> <span class='ocrx_word' id='word_1_583' title='bbox 2326 1948 2413 2019; x_wconf 72' lang='lat'><strong>22.</strong></span> <span class='ocrx_word' id='word_1_584' title='bbox 2450 1969 2471 1999; x_wconf 84' lang='grc'><em>‹</em></span> <span class='ocrx_word' id='word_1_585' title='bbox 2502 1948 2569 2003; x_wconf 87' lang='grc' dir='ltr'>Ει</span> <span class='ocrx_word' id='word_1_586' title='bbox 2612 1963 2703 2003; x_wconf 84' lang='lat' dir='ltr'><strong>vos</strong></span> <span class='ocrx_word' id='word_1_587' title='bbox 2747 1949 2916 2003; x_wconf 88' lang='lat' dir='ltr'><strong>nolite</strong></span> <span class='ocrx_word' id='word_1_588' title='bbox 2960 1948 3152 2013; x_wconf 82' lang='lat' dir='ltr'><strong>laetari,</strong></span> <span class='ocrx_word' id='word_1_589' title='bbox 3188 1963 3365 2019; x_wconf 87' lang='lat' dir='ltr'><strong>neque</strong></span> <span class='ocrx_word' id='word_1_590' title='bbox 3412 1948 3634 2006; x_wconf 79' lang='lat' dir='ltr'><strong>confor—</strong></span> 
     </span>
    </p>
   </div>
   <div class='ocr_carea' id='block_1_78' title="bbox 2052 2042 3630 2111">
    <p class='ocr_par' dir='ltr' id='par_1_78' title="bbox 2052 2042 3630 2111">
     <span class='ocr_line' id='line_1_78' title="bbox 2052 2042 3630 2111; baseline 0.001 -16"><span class='ocrx_word' id='word_1_591' title='bbox 2052 2049 2239 2096; x_wconf 85' lang='lat' dir='ltr'><strong>tentur</strong></span> <span class='ocrx_word' id='word_1_592' title='bbox 2267 2042 2477 2096; x_wconf 90' lang='lat' dir='ltr'><strong>vincula</strong></span> <span class='ocrx_word' id='word_1_593' title='bbox 2512 2052 2723 2097; x_wconf 88' lang='lat' dir='ltr'><strong>vestra:</strong></span> <span class='ocrx_word' id='word_1_594' title='bbox 2754 2043 2877 2111; x_wconf 90' lang='lat' dir='ltr'><strong>quia</strong></span> <span class='ocrx_word' id='word_1_595' title='bbox 2904 2054 3316 2097; x_wconf 88' lang='lat' dir='ltr'><strong>consummatas</strong></span> <span class='ocrx_word' id='word_1_596' title='bbox 3356 2052 3411 2097; x_wconf 87' lang='lat' dir='ltr'><strong>et</strong></span> <span class='ocrx_word' id='word_1_597' title='bbox 3433 2043 3630 2099; x_wconf 87' lang='lat' dir='ltr'><strong>abbre-</strong></span> 
     </span>
    </p>
   </div>
   <div class='ocr_carea' id='block_1_79' title="bbox 2052 2133 3635 2203">
    <p class='ocr_par' dir='ltr' id='par_1_79' title="bbox 2052 2133 3635 2203">
     <span class='ocr_line' id='line_1_79' title="bbox 2052 2133 3635 2203; baseline 0.003 -19"><span class='ocrx_word' id='word_1_598' title='bbox 2052 2133 2225 2186; x_wconf 89' lang='lat' dir='ltr'><strong>viatas</strong></span> <span class='ocrx_word' id='word_1_599' title='bbox 2259 2148 2344 2187; x_wconf 87' lang='lat' dir='ltr'><strong>res</strong></span> <span class='ocrx_word' id='word_1_600' title='bbox 2380 2134 2559 2185; x_wconf 85' lang='lat' dir='ltr'><strong>audivi</strong></span> <span class='ocrx_word' id='word_1_601' title='bbox 2612 2148 2641 2185; x_wconf 90' lang='lat' dir='ltr'><strong>a</strong></span> <span class='ocrx_word' id='word_1_602' title='bbox 2690 2133 2920 2187; x_wconf 86' lang='lat' dir='ltr'><strong>Domino</strong></span> <span class='ocrx_word' id='word_1_603' title='bbox 2966 2133 3204 2188; x_wconf 85' lang='lat' dir='ltr'><strong>Sabaoth</strong></span> <span class='ocrx_word' id='word_1_604' title='bbox 3238 2153 3250 2187; x_wconf 92' lang='lat'>:</span> <span class='ocrx_word' id='word_1_605' title='bbox 3298 2150 3438 2203; x_wconf 85' lang='lat' dir='ltr'><strong>quas</strong></span> <span class='ocrx_word' id='word_1_606' title='bbox 3469 2136 3635 2190; x_wconf 79' lang='lat' dir='ltr'><strong>faciet</strong></span> 
     </span>
    </p>
   </div>
   <div class='ocr_carea' id='block_1_80' title="bbox 2052 2223 3633 2295">
    <p class='ocr_par' dir='ltr' id='par_1_80' title="bbox 2052 2223 3633 2295">
     <span class='ocr_line' id='line_1_80' title="bbox 2052 2223 3633 2295; baseline 0.002 -18"><span class='ocrx_word' id='word_1_607' title='bbox 2052 2240 2215 2294; x_wconf 86' lang='lat' dir='ltr'><strong>super</strong></span> <span class='ocrx_word' id='word_1_608' title='bbox 2248 2226 2557 2278; x_wconf 86' lang='lat' dir='ltr'><strong>universam</strong></span> <span class='ocrx_word' id='word_1_609' title='bbox 2593 2237 2813 2278; x_wconf 86' lang='lat' dir='ltr'><strong>terram.</strong></span> <span class='ocrx_word' id='word_1_610' title='bbox 2845 2243 2864 2277; x_wconf 76' lang='grc' dir='ltr'><strong>ι</strong></span> <span class='ocrx_word' id='word_1_611' title='bbox 2914 2223 3099 2293; x_wconf 86' lang='lat' dir='ltr'><strong>Neque</strong></span> <span class='ocrx_word' id='word_1_612' title='bbox 3123 2224 3499 2280; x_wconf 81' lang='lat' dir='ltr'><strong>conforteutur</strong></span> <span class='ocrx_word' id='word_1_613' title='bbox 3539 2240 3633 2295; x_wconf 85' lang='lat' dir='ltr'><strong>pe-</strong></span> 
     </span>
    </p>
   </div>
   <div class='ocr_carea' id='block_1_81' title="bbox 2050 2316 3633 2388">
    <p class='ocr_par' dir='ltr' id='par_1_81' title="bbox 2050 2316 3633 2388">
     <span class='ocr_line' id='line_1_81' title="bbox 2050 2316 3633 2388; baseline 0.002 -19"><span class='ocrx_word' id='word_1_614' title='bbox 2050 2318 2147 2369; x_wconf 90' lang='lat' dir='ltr'><strong>des</strong></span> <span class='ocrx_word' id='word_1_615' title='bbox 2178 2317 2365 2381; x_wconf 87' lang='lat' dir='ltr'><strong>vestri,</strong></span> <span class='ocrx_word' id='word_1_616' title='bbox 2390 2318 2609 2385; x_wconf 85' lang='lat' dir='ltr'><strong>quibus,</strong></span> <span class='ocrx_word' id='word_1_617' title='bbox 2649 2317 2787 2370; x_wconf 92' lang='lat' dir='ltr'><strong>inito</strong></span> <span class='ocrx_word' id='word_1_618' title='bbox 2835 2332 2955 2371; x_wconf 90' lang='lat' dir='ltr'><strong>cum</strong></span> <span class='ocrx_word' id='word_1_619' title='bbox 2987 2328 3160 2371; x_wconf 88' lang='lat' dir='ltr'><strong>tnorte</strong></span> <span class='ocrx_word' id='word_1_620' title='bbox 3193 2316 3424 2382; x_wconf 59' lang='lat' dir='ltr'><strong>iuniore,</strong></span> <span class='ocrx_word' id='word_1_621' title='bbox 3452 2322 3633 2388; x_wconf 73' lang='lat' dir='ltr'><strong>etpa-</strong></span> 
     </span>
    </p>
   </div>
   <div class='ocr_carea' id='block_1_82' title="bbox 2050 2408 3629 2481">
    <p class='ocr_par' dir='ltr' id='par_1_82' title="bbox 2050 2408 3629 2481">
     <span class='ocr_line' id='line_1_82' title="bbox 2050 2408 3629 2481; baseline 0.003 -20"><span class='ocrx_word' id='word_1_622' title='bbox 2050 2408 2231 2463; x_wconf 90' lang='lat' dir='ltr'><strong>ctione</strong></span> <span class='ocrx_word' id='word_1_623' title='bbox 2274 2424 2395 2461; x_wconf 91' lang='lat' dir='ltr'><strong>cum</strong></span> <span class='ocrx_word' id='word_1_624' title='bbox 2433 2408 2651 2462; x_wconf 78' lang='lat' dir='ltr'><strong>inferno</strong></span> <span class='ocrx_word' id='word_1_625' title='bbox 2682 2408 2846 2475; x_wconf 80' lang='lat' dir='ltr'><strong>facta,</strong></span> <span class='ocrx_word' id='word_1_626' title='bbox 2892 2424 2990 2464; x_wconf 90' lang='lat' dir='ltr'><strong>vos</strong></span> <span class='ocrx_word' id='word_1_627' title='bbox 3035 2410 3337 2481; x_wconf 80' lang='lat' dir='ltr'><strong>colligastis</strong></span> <span class='ocrx_word' id='word_1_628' title='bbox 3381 2429 3395 2465; x_wconf 93' lang='lat'><strong>:</strong></span> <span class='ocrx_word' id='word_1_629' title='bbox 3447 2411 3542 2466; x_wconf 88' lang='lat' dir='ltr'><strong>sed</strong></span> <span class='ocrx_word' id='word_1_630' title='bbox 3584 2412 3629 2467; x_wconf 86' lang='lat' dir='ltr'><strong>si</strong></span> 
     </span>
    </p>
   </div>
   <div class='ocr_carea' id='block_1_83' title="bbox 2044 2502 3633 2572">
    <p class='ocr_par' dir='ltr' id='par_1_83' title="bbox 2044 2502 3633 2572">
     <span class='ocr_line' id='line_1_83' title="bbox 2044 2502 3633 2572; baseline 0.003 -20"><span class='ocrx_word' id='word_1_631' title='bbox 2044 2504 2154 2570; x_wconf 77' lang='lat' dir='ltr'><strong>&#39;qua</strong></span> <span class='ocrx_word' id='word_1_632' title='bbox 2185 2503 2334 2556; x_wconf 82' lang='lat' dir='ltr'><strong>vobis</strong></span> <span class='ocrx_word' id='word_1_633' title='bbox 2360 2518 2483 2572; x_wconf 87' lang='lat' dir='ltr'><strong>spes</strong></span> <span class='ocrx_word' id='word_1_634' title='bbox 2516 2502 2708 2556; x_wconf 85' lang='lat' dir='ltr'><strong>salutis</strong></span> <span class='ocrx_word' id='word_1_635' title='bbox 2730 2504 2992 2571; x_wconf 84' lang='lat' dir='ltr'><strong>supersit,</strong></span> <span class='ocrx_word' id='word_1_636' title='bbox 3018 2503 3255 2572; x_wconf 86' lang='lat' dir='ltr'><strong>rumpite</strong></span> <span class='ocrx_word' id='word_1_637' title='bbox 3292 2504 3483 2557; x_wconf 85' lang='lat' dir='ltr'><strong>mortis</strong></span> <span class='ocrx_word' id='word_1_638' title='bbox 3512 2504 3633 2557; x_wconf 85' lang='lat' dir='ltr'><strong>vin-</strong></span> 
     </span>
    </p>
   </div>
   <div class='ocr_carea' id='block_1_84' title="bbox 2050 2595 3628 2664">
    <p class='ocr_par' dir='ltr' id='par_1_84' title="bbox 2050 2595 3628 2664">
     <span class='ocr_line' id='line_1_84' title="bbox 2050 2595 3628 2664; baseline 0.003 -18"><span class='ocrx_word' id='word_1_639' title='bbox 2050 2596 2207 2649; x_wconf 88' lang='lat' dir='ltr'><strong>cuia:</strong></span> <span class='ocrx_word' id='word_1_640' title='bbox 2257 2597 2323 2649; x_wconf 90' lang='lat' dir='ltr'><strong>ab</strong></span> <span class='ocrx_word' id='word_1_641' title='bbox 2351 2610 2438 2661; x_wconf 90' lang='lat' dir='ltr'><strong>ea,</strong></span> <span class='ocrx_word' id='word_1_642' title='bbox 2468 2610 2627 2664; x_wconf 85' lang='lat' dir='ltr'><strong>quam</strong></span> <span class='ocrx_word' id='word_1_643' title='bbox 2672 2595 2918 2648; x_wconf 68' lang='lat' dir='ltr'><strong>laetitiam</strong></span> <span class='ocrx_word' id='word_1_644' title='bbox 2961 2595 3286 2663; x_wconf 81' lang='lat' dir='ltr'><strong>Opinamini,</strong></span> <span class='ocrx_word' id='word_1_645' title='bbox 3329 2596 3628 2659; x_wconf 78' lang='lat' dir='ltr'><strong>abscedite,</strong></span> 
     </span>
    </p>
   </div>
   <div class='ocr_carea' id='block_1_85' title="bbox 2053 2688 3631 2758">
    <p class='ocr_par' dir='ltr' id='par_1_85' title="bbox 2053 2688 3631 2758">
     <span class='ocr_line' id='line_1_85' title="bbox 2053 2688 3631 2758; baseline 0.003 -19"><span class='ocrx_word' id='word_1_646' title='bbox 2053 2696 2413 2757; x_wconf 71' lang='lat' dir='ltr'><strong>temporanea:</strong></span> <span class='ocrx_word' id='word_1_647' title='bbox 2439 2688 2729 2757; x_wconf 81' lang='lat' dir='ltr'><strong>Voluptatis</strong></span> <span class='ocrx_word' id='word_1_648' title='bbox 2756 2689 2915 2741; x_wconf 80' lang='lat' dir='ltr'><strong>iine&#39;m</strong></span> <span class='ocrx_word' id='word_1_649' title='bbox 2947 2689 3140 2743; x_wconf 80' lang='lat' dir='ltr'><strong>facite:</strong></span> <span class='ocrx_word' id='word_1_650' title='bbox 3167 2689 3361 2743; x_wconf 92' lang='lat' dir='ltr'><strong>horum</strong></span> <span class='ocrx_word' id='word_1_651' title='bbox 3396 2704 3631 2758; x_wconf 86' lang='lat' dir='ltr'><strong>namque</strong></span> 
     </span>
    </p>
   </div>
   <div class='ocr_carea' id='block_1_86' title="bbox 2049 2780 3632 2852">
    <p class='ocr_par' dir='ltr' id='par_1_86' title="bbox 2049 2780 3632 2852">
     <span class='ocr_line' id='line_1_86' title="bbox 2049 2780 3632 2852; baseline 0.003 -21"><span class='ocrx_word' id='word_1_652' title='bbox 2049 2780 2140 2849; x_wconf 86' lang='lat' dir='ltr'><strong>qui</strong></span> <span class='ocrx_word' id='word_1_653' title='bbox 2170 2780 2385 2835; x_wconf 83' lang='lat' dir='ltr'><strong>futurus</strong></span> <span class='ocrx_word' id='word_1_654' title='bbox 2416 2781 2539 2835; x_wconf 77' lang='lat' dir='ltr'><strong>finis</strong></span> <span class='ocrx_word' id='word_1_655' title='bbox 2562 2781 2633 2834; x_wconf 87' lang='lat' dir='ltr'><strong>sit</strong></span> <span class='ocrx_word' id='word_1_656' title='bbox 2656 2781 2981 2835; x_wconf 88' lang='lat' dir='ltr'><strong>cdidicistis.</strong></span> <span class='ocrx_word' id='word_1_657' title='bbox 3014 2780 3283 2836; x_wconf 76' lang='lat' dir='ltr'><strong>Ca-terum</strong></span> <span class='ocrx_word' id='word_1_658' title='bbox 3323 2798 3394 2837; x_wconf 89' lang='lat' dir='ltr'><strong>ne</strong></span> <span class='ocrx_word' id='word_1_659' title='bbox 3431 2782 3632 2852; x_wconf 80' lang='lat' dir='ltr'><strong>putetis</strong></span> 
     </span>
    </p>
   </div>
   <div class='ocr_carea' id='block_1_87' title="bbox 2051 2872 3633 2943">
    <p class='ocr_par' dir='ltr' id='par_1_87' title="bbox 2051 2872 3633 2943">
     <span class='ocr_line' id='line_1_87' title="bbox 2051 2872 3633 2943; baseline 0.005 -20"><span class='ocrx_word' id='word_1_660' title='bbox 2051 2886 2136 2924; x_wconf 91' lang='lat' dir='ltr'><strong>me</strong></span> <span class='ocrx_word' id='word_1_661' title='bbox 2160 2873 2484 2941; x_wconf 83' lang='lat' dir='ltr'><strong>prophetam</strong></span> <span class='ocrx_word' id='word_1_662' title='bbox 2516 2872 2705 2927; x_wconf 72' lang='lat' dir='ltr'><strong>isthazc</strong></span> <span class='ocrx_word' id='word_1_663' title='bbox 2735 2873 2918 2927; x_wconf 83' lang='lat' dir='ltr'><strong>dicere</strong></span> <span class='ocrx_word' id='word_1_664' title='bbox 2946 2890 2960 2927; x_wconf 92' lang='lat'><strong>:</strong></span> <span class='ocrx_word' id='word_1_665' title='bbox 2998 2889 3120 2927; x_wconf 87' lang='lat' dir='ltr'><strong>nam</strong></span> <span class='ocrx_word' id='word_1_666' title='bbox 3152 2890 3274 2943; x_wconf 78' lang='lat' dir='ltr'><strong>qua:</strong></span> <span class='ocrx_word' id='word_1_667' title='bbox 3310 2875 3507 2929; x_wconf 67' lang='lat' dir='ltr'><strong>anima:</strong></span> <span class='ocrx_word' id='word_1_668' title='bbox 3532 2890 3633 2932; x_wconf 86' lang='lat' dir='ltr'><strong>au-</strong></span> 
     </span>
    </p>
   </div>
   <div class='ocr_carea' id='block_1_88' title="bbox 2052 2962 3612 3033">
    <p class='ocr_par' dir='ltr' id='par_1_88' title="bbox 2052 2962 3612 3033">
     <span class='ocr_line' id='line_1_88' title="bbox 2052 2962 3612 3033; baseline 0.004 -18"><span class='ocrx_word' id='word_1_669' title='bbox 2052 2962 2201 3017; x_wconf 87' lang='lat' dir='ltr'><strong>ribus</strong></span> <span class='ocrx_word' id='word_1_670' title='bbox 2224 2962 2530 3033; x_wconf 88' lang='lat' dir='ltr'><strong>loquentem</strong></span> <span class='ocrx_word' id='word_1_671' title='bbox 2564 2965 2853 3019; x_wconf 87' lang='lat' dir='ltr'><strong>Dominum</strong></span> <span class='ocrx_word' id='word_1_672' title='bbox 2884 2964 3127 3021; x_wconf 89' lang='lat' dir='ltr'><strong>Sabaoth</strong></span> <span class='ocrx_word' id='word_1_673' title='bbox 3159 2969 3366 3031; x_wconf 85' lang='lat' dir='ltr'><strong>audivi,</strong></span> <span class='ocrx_word' id='word_1_674' title='bbox 3402 2969 3515 3025; x_wconf 67' lang='lat' dir='ltr'><strong>hare</strong></span> <span class='ocrx_word' id='word_1_675' title='bbox 3543 2983 3612 3023; x_wconf 86' lang='lat' dir='ltr'><strong>vo</strong></span> 
     </span>
    </p>
   </div>
   <div class='ocr_carea' id='block_1_89' title="bbox 2049 3056 3632 3129">
    <p class='ocr_par' dir='ltr' id='par_1_89' title="bbox 2049 3056 3632 3129">
     <span class='ocr_line' id='line_1_89' title="bbox 2049 3056 3632 3129; baseline 0.005 -21"><span class='ocrx_word' id='word_1_676' title='bbox 2049 3056 2132 3109; x_wconf 89' lang='lat' dir='ltr'><strong>bis</strong></span> <span class='ocrx_word' id='word_1_677' title='bbox 2166 3058 2502 3112; x_wconf 88' lang='lat' dir='ltr'><strong>renuntiavi:</strong></span> <span class='ocrx_word' id='word_1_678' title='bbox 2538 3057 2653 3125; x_wconf 88' lang='lat' dir='ltr'><strong>ipse</strong></span> <span class='ocrx_word' id='word_1_679' title='bbox 2680 3058 2880 3129; x_wconf 83' lang='lat' dir='ltr'><strong>quippe</strong></span> <span class='ocrx_word' id='word_1_680' title='bbox 2910 3060 3120 3114; x_wconf 89' lang='lat' dir='ltr'><strong>occulta</strong></span> <span class='ocrx_word' id='word_1_681' title='bbox 3155 3069 3210 3114; x_wconf 88' lang='lat' dir='ltr'><strong>et</strong></span> <span class='ocrx_word' id='word_1_682' title='bbox 3235 3070 3440 3115; x_wconf 86' lang='lat' dir='ltr'><strong>statuta</strong></span> <span class='ocrx_word' id='word_1_683' title='bbox 3473 3061 3541 3116; x_wconf 90' lang='lat' dir='ltr'><strong>ab</strong></span> <span class='ocrx_word' id='word_1_684' title='bbox 3571 3076 3632 3116; x_wconf 79' lang='lat' dir='ltr'><strong>se</strong></span> 
     </span>
    </p>
   </div>
   <div class='ocr_carea' id='block_1_90' title="bbox 2051 3149 3191 3221">
    <p class='ocr_par' dir='ltr' id='par_1_90' title="bbox 2051 3149 3191 3221">
     <span class='ocr_line' id='line_1_90' title="bbox 2051 3149 3191 3221; baseline 0.003 -19"><span class='ocrx_word' id='word_1_685' title='bbox 2051 3150 2266 3203; x_wconf 85' lang='lat' dir='ltr'><strong>decreta</strong></span> <span class='ocrx_word' id='word_1_686' title='bbox 2291 3165 2320 3203; x_wconf 89' lang='lat' dir='ltr'><strong>a</strong></span> <span class='ocrx_word' id='word_1_687' title='bbox 2352 3149 2506 3205; x_wconf 87' lang='lat' dir='ltr'><strong>vobis</strong></span> <span class='ocrx_word' id='word_1_688' title='bbox 2540 3166 2647 3204; x_wconf 90' lang='lat' dir='ltr'><strong>non</strong></span> <span class='ocrx_word' id='word_1_689' title='bbox 2678 3151 2919 3219; x_wconf 80' lang='lat' dir='ltr'><strong>ignorari</strong></span> <span class='ocrx_word' id='word_1_690' title='bbox 2947 3152 3191 3221; x_wconf 79' lang='lat' dir='ltr'><strong>expetiit.</strong></span> 
     </span>
    </p>
   </div>
   <div class='ocr_carea' id='block_1_91' title="bbox 2125 3307 3629 3379">
    <p class='ocr_par' dir='ltr' id='par_1_91' title="bbox 2125 3307 3629 3379">
     <span class='ocr_line' id='line_1_91' title="bbox 2125 3307 3629 3379; baseline 0.005 -17"><span class='ocrx_word' id='word_1_691' title='bbox 2125 3307 2289 3362; x_wconf 74' lang='lat' dir='ltr'><strong>Vens.</strong></span> <span class='ocrx_word' id='word_1_692' title='bbox 2330 3308 2422 3363; x_wconf 77' lang='lat'><strong>25.</strong></span> <span class='ocrx_word' id='word_1_693' title='bbox 2471 3312 2756 3364; x_wconf 71' lang='lat' dir='ltr'><strong>«Annuus</strong></span> <span class='ocrx_word' id='word_1_694' title='bbox 2803 3311 3065 3379; x_wconf 88' lang='lat' dir='ltr'><strong>percipite</strong></span> <span class='ocrx_word' id='word_1_695' title='bbox 3114 3320 3169 3365; x_wconf 89' lang='lat' dir='ltr'><strong>et</strong></span> <span class='ocrx_word' id='word_1_696' title='bbox 3226 3311 3411 3365; x_wconf 89' lang='lat' dir='ltr'><strong>audite</strong></span> <span class='ocrx_word' id='word_1_697' title='bbox 3440 3326 3629 3369; x_wconf 88' lang='lat' dir='ltr'><strong>vocem</strong></span> 
     </span>
    </p>
   </div>
   <div class='ocr_carea' id='block_1_92' title="bbox 2052 3404 3628 3474">
    <p class='ocr_par' dir='ltr' id='par_1_92' title="bbox 2052 3404 3628 3474">
     <span class='ocr_line' id='line_1_92' title="bbox 2052 3404 3628 3474; baseline 0.008 -23"><span class='ocrx_word' id='word_1_698' title='bbox 2052 3413 2269 3454; x_wconf 89' lang='lat' dir='ltr'><strong>meam:</strong></span> <span class='ocrx_word' id='word_1_699' title='bbox 2298 3404 2564 3458; x_wconf 86' lang='lat' dir='ltr'><strong>attendite</strong></span> <span class='ocrx_word' id='word_1_700' title='bbox 2598 3415 2648 3459; x_wconf 90' lang='lat' dir='ltr'><strong>et</strong></span> <span class='ocrx_word' id='word_1_701' title='bbox 2679 3405 2863 3459; x_wconf 89' lang='lat' dir='ltr'><strong>audite</strong></span> <span class='ocrx_word' id='word_1_702' title='bbox 2885 3406 3050 3460; x_wconf 86' lang='lat' dir='ltr'><strong>verba</strong></span> <span class='ocrx_word' id='word_1_703' title='bbox 3092 3420 3231 3459; x_wconf 89' lang='lat' dir='ltr'><strong>mea.</strong></span> <span class='ocrx_word' id='word_1_704' title='bbox 3270 3425 3289 3458; x_wconf 74' lang='grc' dir='ltr'><strong>ι</strong></span> <span class='ocrx_word' id='word_1_705' title='bbox 3329 3406 3437 3462; x_wconf 82' lang='lat' dir='ltr'><strong>Per</strong></span> <span class='ocrx_word' id='word_1_706' title='bbox 3474 3408 3628 3474; x_wconf 89' lang='lat' dir='ltr'><strong>illud,</strong></span> 
     </span>
    </p>
   </div>
   <div class='ocr_carea' id='block_1_93' title="bbox 2057 3492 3632 3571">
    <p class='ocr_par' dir='ltr' id='par_1_93' title="bbox 2057 3492 3632 3571">
     <span class='ocr_line' id='line_1_93' title="bbox 2057 3492 3632 3571; baseline 0.012 -31"><span class='ocrx_word' id='word_1_707' title='bbox 2057 3506 2077 3539; x_wconf 80' lang='grc' dir='ltr'><strong>ι</strong></span> <span class='ocrx_word' id='word_1_708' title='bbox 2112 3492 2334 3547; x_wconf 84' lang='lat' dir='ltr'><strong>auribus</strong></span> <span class='ocrx_word' id='word_1_709' title='bbox 2357 3496 2659 3564; x_wconf 89' lang='lat' dir='ltr'><strong>percipere,</strong></span> <span class='ocrx_word' id='word_1_710' title='bbox 2686 3514 2705 3547; x_wconf 73' lang='grc' dir='ltr'><strong>ι</strong></span> <span class='ocrx_word' id='word_1_711' title='bbox 2738 3498 2851 3551; x_wconf 90' lang='lat' dir='ltr'><strong>voci</strong></span> <span class='ocrx_word' id='word_1_712' title='bbox 2882 3513 2979 3565; x_wconf 86' lang='lat' dir='ltr'><strong>per</strong></span> <span class='ocrx_word' id='word_1_713' title='bbox 3005 3514 3133 3551; x_wconf 88' lang='lat' dir='ltr'><strong>aera</strong></span> <span class='ocrx_word' id='word_1_714' title='bbox 3159 3499 3283 3553; x_wconf 63' lang='lat' dir='ltr'><strong>lata:</strong></span> <span class='ocrx_word' id='word_1_715' title='bbox 3308 3515 3469 3557; x_wconf 85' lang='lat' dir='ltr'><strong>aures</strong></span> <span class='ocrx_word' id='word_1_716' title='bbox 3496 3518 3632 3571; x_wconf 71' lang='lat' dir='ltr'><strong>prae-</strong></span> 
     </span>
    </p>
   </div>
   <div class='ocr_carea' id='block_1_94' title="bbox 2050 3582 3633 3659">
    <p class='ocr_par' dir='ltr' id='par_1_94' title="bbox 2050 3582 3633 3659">
     <span class='ocr_line' id='line_1_94' title="bbox 2050 3582 3633 3659; baseline 0.011 -24"><span class='ocrx_word' id='word_1_717' title='bbox 2050 3582 2199 3645; x_wconf 90' lang='lat' dir='ltr'><strong>bere,</strong></span> <span class='ocrx_word' id='word_1_718' title='bbox 2238 3585 2547 3655; x_wconf 80' lang='lat' dir='ltr'><strong>signiﬁcat;</strong></span> <span class='ocrx_word' id='word_1_719' title='bbox 2587 3604 2683 3656; x_wconf 91' lang='lat' dir='ltr'><strong>per</strong></span> <span class='ocrx_word' id='word_1_720' title='bbox 2720 3589 2850 3643; x_wconf 90' lang='lat' dir='ltr'><strong>illud</strong></span> <span class='ocrx_word' id='word_1_721' title='bbox 2883 3600 3092 3653; x_wconf 88' lang='lat' dir='ltr'><strong>autem,</strong></span> <span class='ocrx_word' id='word_1_722' title='bbox 3129 3610 3148 3641; x_wconf 75' lang='grc' dir='ltr'><strong>ι</strong></span> <span class='ocrx_word' id='word_1_723' title='bbox 3181 3592 3392 3659; x_wconf 88' lang='lat' dir='ltr'><strong>audire,</strong></span> <span class='ocrx_word' id='word_1_724' title='bbox 3426 3612 3446 3645; x_wconf 75' lang='grc' dir='ltr'><strong>ι</strong></span> <span class='ocrx_word' id='word_1_725' title='bbox 3486 3594 3633 3651; x_wconf 77' lang='lat' dir='ltr'><strong>dicta</strong></span> 
     </span>
    </p>
   </div>
   <div class='ocr_carea' id='block_1_95' title="bbox 2050 3677 3632 3756">
    <p class='ocr_par' dir='ltr' id='par_1_95' title="bbox 2050 3677 3632 3756">
     <span class='ocr_line' id='line_1_95' title="bbox 2050 3677 3632 3756; baseline 0.009 -29"><span class='ocrx_word' id='word_1_726' title='bbox 2050 3677 2549 3747; x_wconf 87' lang='lat' dir='ltr'><strong>auscultareiisque</strong></span> <span class='ocrx_word' id='word_1_727' title='bbox 2567 3681 2790 3749; x_wconf 84' lang='lat' dir='ltr'><strong>obsequi</strong></span> <span class='ocrx_word' id='word_1_728' title='bbox 2812 3699 2826 3734; x_wconf 89' lang='lat'><strong>:</strong></span> <span class='ocrx_word' id='word_1_729' title='bbox 2845 3683 3199 3736; x_wconf 87' lang='lat' dir='ltr'><strong>attentionem</strong></span> <span class='ocrx_word' id='word_1_730' title='bbox 3230 3693 3405 3737; x_wconf 88' lang='lat' dir='ltr'><strong>autem</strong></span> <span class='ocrx_word' id='word_1_731' title='bbox 3426 3695 3482 3740; x_wconf 89' lang='lat' dir='ltr'><strong>et</strong></span> <span class='ocrx_word' id='word_1_732' title='bbox 3510 3702 3632 3756; x_wconf 54' lang='lat' dir='ltr'><strong>spe»</strong></span> 
     </span>
    </p>
   </div>
   <div class='ocr_carea' id='block_1_96' title="bbox 2050 3781 3627 3860">
    <p class='ocr_par' dir='ltr' id='par_1_96' title="bbox 2050 3781 3627 3860">
     <span class='ocr_line' id='line_1_96' title="bbox 2050 3781 3627 3860; baseline 0.01 -25"><span class='ocrx_word' id='word_1_733' title='bbox 2050 3781 2372 3837; x_wconf 88' lang='lat' dir='ltr'><strong>culationem</strong></span> <span class='ocrx_word' id='word_1_734' title='bbox 2403 3794 2562 3839; x_wconf 91' lang='lat' dir='ltr'><strong>vocat</strong></span> <span class='ocrx_word' id='word_1_735' title='bbox 2578 3782 2972 3840; x_wconf 74' lang='lat' dir='ltr'><strong>declaratarum</strong></span> <span class='ocrx_word' id='word_1_736' title='bbox 2997 3802 3175 3841; x_wconf 88' lang='lat' dir='ltr'><strong>rerum</strong></span> <span class='ocrx_word' id='word_1_737' title='bbox 3197 3788 3627 3860; x_wconf 76' lang='lat' dir='ltr'><strong>intelligentiam.</strong></span> 
     </span>
    </p>
   </div>
   <div class='ocr_carea' id='block_1_97' title="bbox 2122 3874 3632 3952">
    <p class='ocr_par' dir='ltr' id='par_1_97' title="bbox 2122 3874 3632 3952">
     <span class='ocr_line' id='line_1_97' title="bbox 2122 3874 3632 3952; baseline 0.007 -23"><span class='ocrx_word' id='word_1_738' title='bbox 2122 3874 2497 3931; x_wconf 45' lang='lat' dir='ltr'><strong>Vanam-27.</strong></span> <span class='ocrx_word' id='word_1_739' title='bbox 2533 3896 2552 3928; x_wconf 76' lang='grc' dir='ltr'><strong>ι</strong></span> <span class='ocrx_word' id='word_1_740' title='bbox 2581 3876 2850 3947; x_wconf 87' lang='lat' dir='ltr'><strong>Numquid</strong></span> <span class='ocrx_word' id='word_1_741' title='bbox 2880 3888 2993 3934; x_wconf 87' lang='lat' dir='ltr'><strong>tota</strong></span> <span class='ocrx_word' id='word_1_742' title='bbox 3019 3880 3107 3933; x_wconf 91' lang='lat' dir='ltr'><strong>die</strong></span> <span class='ocrx_word' id='word_1_743' title='bbox 3130 3880 3331 3945; x_wconf 89' lang='lat' dir='ltr'><strong>arabit,</strong></span> <span class='ocrx_word' id='word_1_744' title='bbox 3355 3882 3447 3952; x_wconf 89' lang='lat' dir='ltr'><strong>qui</strong></span> <span class='ocrx_word' id='word_1_745' title='bbox 3476 3888 3632 3940; x_wconf 75' lang='lat' dir='ltr'><strong>arat?</strong></span> 
     </span>
    </p>
   </div>
   <div class='ocr_carea' id='block_1_98' title="bbox 2049 3971 3632 4043">
    <p class='ocr_par' dir='ltr' id='par_1_98' title="bbox 2049 3971 3632 4043">
     <span class='ocr_line' id='line_1_98' title="bbox 2049 3971 3632 4043; baseline 0.009 -24"><span class='ocrx_word' id='word_1_746' title='bbox 2049 3977 2140 4019; x_wconf 90' lang='lat' dir='ltr'><strong>aut</strong></span> <span class='ocrx_word' id='word_1_747' title='bbox 2169 3981 2352 4022; x_wconf 89' lang='lat' dir='ltr'><strong>semen</strong></span> <span class='ocrx_word' id='word_1_748' title='bbox 2379 3971 2730 4039; x_wconf 64' lang='lat' dir='ltr'><strong>praeparabit,</strong></span> <span class='ocrx_word' id='word_1_749' title='bbox 2757 3981 3049 4043; x_wconf 87' lang='lat' dir='ltr'><strong>antequam</strong></span> <span class='ocrx_word' id='word_1_750' title='bbox 3088 3982 3345 4043; x_wconf 88' lang='lat' dir='ltr'><strong>operetur</strong></span> <span class='ocrx_word' id='word_1_751' title='bbox 3384 3983 3584 4030; x_wconf 89' lang='lat' dir='ltr'><strong>terram</strong></span> <span class='ocrx_word' id='word_1_752' title='bbox 3608 3981 3632 4034; x_wconf 85' lang='lat'><strong>?</strong></span> 
     </span>
    </p>
   </div>
   <div class='ocr_carea' id='block_1_99' title="bbox 2047 4058 3631 4135">
    <p class='ocr_par' dir='ltr' id='par_1_99' title="bbox 2047 4058 3631 4135">
     <span class='ocr_line' id='line_1_99' title="bbox 2047 4058 3631 4135; baseline 0.009 -24"><span class='ocrx_word' id='word_1_753' title='bbox 2047 4058 2236 4113; x_wconf 87' lang='lat' dir='ltr'><strong>Nonne</strong></span> <span class='ocrx_word' id='word_1_754' title='bbox 2269 4077 2390 4115; x_wconf 92' lang='lat' dir='ltr'><strong>cum</strong></span> <span class='ocrx_word' id='word_1_755' title='bbox 2420 4065 2721 4132; x_wconf 77' lang='lat' dir='ltr'><strong>a3quaverit</strong></span> <span class='ocrx_word' id='word_1_756' title='bbox 2751 4068 3099 4135; x_wconf 77' lang='lat' dir='ltr'><strong>superﬁciem</strong></span> <span class='ocrx_word' id='word_1_757' title='bbox 3128 4066 3266 4135; x_wconf 75' lang='lat' dir='ltr'><strong>ejus,</strong></span> <span class='ocrx_word' id='word_1_758' title='bbox 3296 4078 3427 4123; x_wconf 90' lang='lat' dir='ltr'><strong>tunc</strong></span> <span class='ocrx_word' id='word_1_759' title='bbox 3467 4070 3631 4125; x_wconf 82' lang='lat' dir='ltr'><strong>semi—</strong></span> 
     </span>
    </p>
   </div>
   <div class='ocr_carea' id='block_1_100' title="bbox 2048 4154 3626 4230">
    <p class='ocr_par' dir='ltr' id='par_1_100' title="bbox 2048 4154 3626 4230">
     <span class='ocr_line' id='line_1_100' title="bbox 2048 4154 3626 4230; baseline 0.007 -25"><span class='ocrx_word' id='word_1_760' title='bbox 2048 4154 2197 4209; x_wconf 90' lang='lat' dir='ltr'><strong>nabit</strong></span> <span class='ocrx_word' id='word_1_761' title='bbox 2250 4170 2473 4225; x_wconf 89' lang='lat' dir='ltr'><strong>parvum</strong></span> <span class='ocrx_word' id='word_1_762' title='bbox 2524 4172 2779 4226; x_wconf 81' lang='lat' dir='ltr'><strong>papaver,</strong></span> <span class='ocrx_word' id='word_1_763' title='bbox 2822 4168 2918 4212; x_wconf 91' lang='lat' dir='ltr'><strong>aut</strong></span> <span class='ocrx_word' id='word_1_764' title='bbox 2960 4158 3234 4230; x_wconf 83' lang='lat' dir='ltr'><strong>cyminum</strong></span> <span class='ocrx_word' id='word_1_765' title='bbox 3270 4160 3291 4212; x_wconf 86' lang='lat'><strong>?</strong></span> <span class='ocrx_word' id='word_1_766' title='bbox 3332 4171 3387 4214; x_wconf 91' lang='lat' dir='ltr'><strong>et</strong></span> <span class='ocrx_word' id='word_1_767' title='bbox 3412 4174 3626 4217; x_wconf 86' lang='lat' dir='ltr'><strong>rursum</strong></span> 
     </span>
    </p>
   </div>
   <div class='ocr_carea' id='block_1_101' title="bbox 2048 4248 3629 4319">
    <p class='ocr_par' dir='ltr' id='par_1_101' title="bbox 2048 4248 3629 4319">
     <span class='ocr_line' id='line_1_101' title="bbox 2048 4248 3629 4319; baseline 0.004 -17"><span class='ocrx_word' id='word_1_768' title='bbox 2048 4248 2339 4303; x_wconf 90' lang='lat' dir='ltr'><strong>seminabit</strong></span> <span class='ocrx_word' id='word_1_769' title='bbox 2394 4250 2662 4315; x_wconf 91' lang='lat' dir='ltr'><strong>triticum,</strong></span> <span class='ocrx_word' id='word_1_770' title='bbox 2716 4260 2770 4306; x_wconf 91' lang='lat' dir='ltr'><strong>et</strong></span> <span class='ocrx_word' id='word_1_771' title='bbox 2829 4251 3117 4317; x_wconf 85' lang='lat' dir='ltr'><strong>hordeum,</strong></span> <span class='ocrx_word' id='word_1_772' title='bbox 3176 4260 3233 4306; x_wconf 91' lang='lat' dir='ltr'><strong>et</strong></span> <span class='ocrx_word' id='word_1_773' title='bbox 3281 4252 3517 4319; x_wconf 92' lang='lat' dir='ltr'><strong>milium,</strong></span> <span class='ocrx_word' id='word_1_774' title='bbox 3573 4267 3629 4309; x_wconf 91' lang='lat' dir='ltr'><strong>et</strong></span> 
     </span>
    </p>
   </div>
   <div class='ocr_carea' id='block_1_102' title="bbox 2047 4355 3623 4427">
    <p class='ocr_par' dir='ltr' id='par_1_102' title="bbox 2047 4355 3623 4427">
     <span class='ocr_line' id='line_1_102' title="bbox 2047 4355 3623 4427; baseline 0.003 -18"><span class='ocrx_word' id='word_1_775' title='bbox 2047 4355 2274 4424; x_wconf 86' lang='lat' dir='ltr'><strong>spcltam</strong></span> <span class='ocrx_word' id='word_1_776' title='bbox 2339 4356 2391 4411; x_wconf 90' lang='lat' dir='ltr'><strong>in</strong></span> <span class='ocrx_word' id='word_1_777' title='bbox 2448 4356 2651 4412; x_wconf 78' lang='lat' dir='ltr'><strong>ﬁnibus</strong></span> <span class='ocrx_word' id='word_1_778' title='bbox 2699 4358 2846 4412; x_wconf 86' lang='lat' dir='ltr'><strong>tuis?</strong></span> <span class='ocrx_word' id='word_1_779' title='bbox 2878 4358 2945 4412; x_wconf 89' lang='lat' dir='ltr'><strong>Et</strong></span> <span class='ocrx_word' id='word_1_780' title='bbox 2979 4358 3246 4413; x_wconf 89' lang='lat' dir='ltr'><strong>erudieris</strong></span> <span class='ocrx_word' id='word_1_781' title='bbox 3289 4357 3497 4427; x_wconf 82' lang='lat' dir='ltr'><strong>judicio</strong></span> <span class='ocrx_word' id='word_1_782' title='bbox 3531 4360 3623 4413; x_wconf 89' lang='lat' dir='ltr'><strong>Dei</strong></span> 
     </span>
    </p>
   </div>
   <div class='ocr_carea' id='block_1_103' title="bbox 2049 4446 3625 4522">
    <p class='ocr_par' dir='ltr' id='par_1_103' title="bbox 2049 4446 3625 4522">
     <span class='ocr_line' id='line_1_103' title="bbox 2049 4446 3625 4522; baseline 0.006 -25"><span class='ocrx_word' id='word_1_783' title='bbox 2049 4446 2146 4513; x_wconf 89' lang='lat' dir='ltr'><strong>tui,</strong></span> <span class='ocrx_word' id='word_1_784' title='bbox 2178 4456 2230 4500; x_wconf 87' lang='lat' dir='ltr'><strong>ct</strong></span> <span class='ocrx_word' id='word_1_785' title='bbox 2270 4447 2556 4503; x_wconf 60' lang='lat' dir='ltr'><strong>lataberis.</strong></span> <span class='ocrx_word' id='word_1_786' title='bbox 2618 4447 2730 4502; x_wconf 88' lang='lat' dir='ltr'><strong>Non</strong></span> <span class='ocrx_word' id='word_1_787' title='bbox 2769 4451 2915 4503; x_wconf 91' lang='lat' dir='ltr'><strong>enim</strong></span> <span class='ocrx_word' id='word_1_788' title='bbox 2951 4466 3077 4505; x_wconf 89' lang='lat' dir='ltr'><strong>cum</strong></span> <span class='ocrx_word' id='word_1_789' title='bbox 3131 4450 3331 4504; x_wconf 88' lang='lat' dir='ltr'><strong>duritia</strong></span> <span class='ocrx_word' id='word_1_790' title='bbox 3361 4465 3625 4522; x_wconf 76' lang='lat' dir='ltr'><strong>purgatur</strong></span> 
     </span>
    </p>
   </div>
   <div class='ocr_carea' id='block_1_104' title="bbox 1908 4542 3626 4638">
    <p class='ocr_par' dir='ltr' id='par_1_104' title="bbox 1908 4542 3626 4638">
     <span class='ocr_line' id='line_1_104' title="bbox 1908 4542 3626 4638; baseline 0.006 -48"><span class='ocrx_word' id='word_1_791' title='bbox 1908 4542 1944 4638; x_wconf 54' lang='grc' dir='ltr'>ἆ</span> <span class='ocrx_word' id='word_1_792' title='bbox 1977 4559 2016 4612; x_wconf 80' lang='grc' dir='ltr'>ο</span> <span class='ocrx_word' id='word_1_793' title='bbox 2048 4555 2305 4609; x_wconf 86' lang='lat' dir='ltr'><strong>papaver,</strong></span> <span class='ocrx_word' id='word_1_794' title='bbox 2339 4557 2515 4611; x_wconf 89' lang='lat' dir='ltr'><strong>neque</strong></span> <span class='ocrx_word' id='word_1_795' title='bbox 2551 4551 2667 4595; x_wconf 90' lang='lat' dir='ltr'><strong>rota</strong></span> <span class='ocrx_word' id='word_1_796' title='bbox 2708 4542 2934 4611; x_wconf 88' lang='lat' dir='ltr'><strong>plaustri</strong></span> <span class='ocrx_word' id='word_1_797' title='bbox 2961 4542 3204 4597; x_wconf 88' lang='lat' dir='ltr'><strong>volvetur</strong></span> <span class='ocrx_word' id='word_1_798' title='bbox 3251 4558 3417 4613; x_wconf 89' lang='lat' dir='ltr'><strong>super</strong></span> <span class='ocrx_word' id='word_1_799' title='bbox 3454 4545 3626 4617; x_wconf 87' lang='lat' dir='ltr'><strong>cymi-</strong></span> 
     </span>
    </p>
   </div>
   <div class='ocr_carea' id='block_1_105' title="bbox 2047 4633 3623 4705">
    <p class='ocr_par' dir='ltr' id='par_1_105' title="bbox 2047 4633 3623 4705">
     <span class='ocr_line' id='line_1_105' title="bbox 2047 4633 3623 4705; baseline 0.003 -20"><span class='ocrx_word' id='word_1_800' title='bbox 2047 4649 2206 4698; x_wconf 88' lang='lat' dir='ltr'><strong>num;</strong></span> <span class='ocrx_word' id='word_1_801' title='bbox 2256 4634 2349 4688; x_wconf 89' lang='lat' dir='ltr'><strong>sed</strong></span> <span class='ocrx_word' id='word_1_802' title='bbox 2391 4634 2540 4702; x_wconf 82' lang='lat' dir='ltr'><strong>virga</strong></span> <span class='ocrx_word' id='word_1_803' title='bbox 2576 4633 2853 4688; x_wconf 76' lang='lat' dir='ltr'><strong>excutitur</strong></span> <span class='ocrx_word' id='word_1_804' title='bbox 2902 4649 3168 4703; x_wconf 85' lang='lat' dir='ltr'><strong>papaver:</strong></span> <span class='ocrx_word' id='word_1_805' title='bbox 3201 4634 3472 4705; x_wconf 82' lang='lat' dir='ltr'><strong>cyminum</strong></span> <span class='ocrx_word' id='word_1_806' title='bbox 3525 4649 3623 4690; x_wconf 85' lang='lat' dir='ltr'><strong>au-</strong></span> 
     </span>
    </p>
   </div>
   <div class='ocr_carea' id='block_1_106' title="bbox 2050 4725 3625 4797">
    <p class='ocr_par' dir='ltr' id='par_1_106' title="bbox 2050 4725 3625 4797">
     <span class='ocr_line' id='line_1_106' title="bbox 2050 4725 3625 4797; baseline 0.002 -17"><span class='ocrx_word' id='word_1_807' title='bbox 2050 4736 2156 4781; x_wconf 92' lang='lat' dir='ltr'><strong>tem</strong></span> <span class='ocrx_word' id='word_1_808' title='bbox 2185 4742 2306 4782; x_wconf 93' lang='lat' dir='ltr'><strong>cum</strong></span> <span class='ocrx_word' id='word_1_809' title='bbox 2337 4742 2479 4797; x_wconf 88' lang='lat' dir='ltr'><strong>pane</strong></span> <span class='ocrx_word' id='word_1_810' title='bbox 2504 4727 2842 4781; x_wconf 87' lang='lat' dir='ltr'><strong>comedetur.</strong></span> <span class='ocrx_word' id='word_1_811' title='bbox 2877 4747 2896 4779; x_wconf 79' lang='grc'>›</span> <span class='ocrx_word' id='word_1_812' title='bbox 2934 4725 3175 4781; x_wconf 84' lang='lat' dir='ltr'><strong>Naturali</strong></span> <span class='ocrx_word' id='word_1_813' title='bbox 3220 4726 3413 4781; x_wconf 89' lang='lat' dir='ltr'><strong>deinde</strong></span> <span class='ocrx_word' id='word_1_814' title='bbox 3438 4742 3625 4784; x_wconf 78' lang='lat' dir='ltr'><strong>exem-</strong></span> 
     </span>
    </p>
   </div>
   <div class='ocr_carea' id='block_1_107' title="bbox 2038 4803 3621 4891">
    <p class='ocr_par' dir='ltr' id='par_1_107' title="bbox 2038 4803 3621 4891">
     <span class='ocr_line' id='line_1_107' title="bbox 2038 4803 3621 4891; baseline 0 -16"><span class='ocrx_word' id='word_1_815' title='bbox 2038 4803 2135 4891; x_wconf 80' lang='lat' dir='ltr'><strong>plo</strong></span> <span class='ocrx_word' id='word_1_816' title='bbox 2192 4822 2400 4875; x_wconf 84' lang='lat' dir='ltr'><strong>utitur:</strong></span> <span class='ocrx_word' id='word_1_817' title='bbox 2462 4821 2917 4889; x_wconf 84' lang='lat' dir='ltr'><strong>quemadmodum</strong></span> <span class='ocrx_word' id='word_1_818' title='bbox 2975 4819 3118 4873; x_wconf 81' lang='lat' dir='ltr'><strong>enim</strong></span> <span class='ocrx_word' id='word_1_819' title='bbox 3169 4819 3221 4873; x_wconf 92' lang='lat' dir='ltr'><strong>in</strong></span> <span class='ocrx_word' id='word_1_820' title='bbox 3265 4818 3621 4889; x_wconf 81' lang='lat' dir='ltr'><strong>agricultura,</strong></span> 
     </span>
    </p>
   </div>
   <div class='ocr_carea' id='block_1_108' title="bbox 2048 4911 3622 4984">
    <p class='ocr_par' dir='ltr' id='par_1_108' title="bbox 2048 4911 3622 4984">
     <span class='ocr_line' id='line_1_108' title="bbox 2048 4911 3622 4984; baseline -0.003 -16"><span class='ocrx_word' id='word_1_821' title='bbox 2048 4915 2193 4970; x_wconf 86' lang='lat' dir='ltr'><strong>aliud</strong></span> <span class='ocrx_word' id='word_1_822' title='bbox 2242 4925 2454 4984; x_wconf 86' lang='lat' dir='ltr'><strong>tempus</strong></span> <span class='ocrx_word' id='word_1_823' title='bbox 2484 4913 2671 4975; x_wconf 83' lang='lat' dir='ltr'><strong>arandi</strong></span> <span class='ocrx_word' id='word_1_824' title='bbox 2702 4928 2888 4983; x_wconf 89' lang='lat' dir='ltr'><strong>agrum</strong></span> <span class='ocrx_word' id='word_1_825' title='bbox 2922 4921 3027 4978; x_wconf 89' lang='lat' dir='ltr'><strong>est,</strong></span> <span class='ocrx_word' id='word_1_826' title='bbox 3061 4912 3208 4965; x_wconf 87' lang='lat' dir='ltr'><strong>aliud</strong></span> <span class='ocrx_word' id='word_1_827' title='bbox 3236 4926 3367 4966; x_wconf 83' lang='lat' dir='ltr'><strong>vero</strong></span> <span class='ocrx_word' id='word_1_828' title='bbox 3417 4911 3622 4967; x_wconf 79' lang='lat' dir='ltr'><strong>semina</strong></span> 
     </span>
    </p>
   </div>
   <div class='ocr_carea' id='block_1_109' title="bbox 2048 4994 3624 5076">
    <p class='ocr_par' dir='ltr' id='par_1_109' title="bbox 2048 4994 3624 5076">
     <span class='ocr_line' id='line_1_109' title="bbox 2048 4994 3624 5076; baseline -0.005 -13"><span class='ocrx_word' id='word_1_829' title='bbox 2048 5010 2286 5063; x_wconf 65' lang='lat' dir='ltr'><strong>subactxe</strong></span> <span class='ocrx_word' id='word_1_830' title='bbox 2316 5017 2477 5061; x_wconf 67' lang='lat' dir='ltr'><strong>terra:</strong></span> <span class='ocrx_word' id='word_1_831' title='bbox 2503 4998 2860 5076; x_wconf 85' lang='lat' dir='ltr'><strong>congruentia</strong></span> <span class='ocrx_word' id='word_1_832' title='bbox 2879 5005 3118 5076; x_wconf 87' lang='lat' dir='ltr'><strong>jaeiendi</strong></span> <span class='ocrx_word' id='word_1_833' title='bbox 3141 5020 3155 5069; x_wconf 91' lang='lat'><strong>;</strong></span> <span class='ocrx_word' id='word_1_834' title='bbox 3178 4999 3368 5057; x_wconf 88' lang='lat' dir='ltr'><strong>eadem</strong></span> <span class='ocrx_word' id='word_1_835' title='bbox 3399 4994 3624 5071; x_wconf 81' lang='lat' dir='ltr'><strong>prorsus</strong></span> 
     </span>
    </p>
   </div>
   <div class='ocr_carea' id='block_1_110' title="bbox 2044 5100 3622 5201">
    <p class='ocr_par' dir='ltr' id='par_1_110' title="bbox 2044 5100 3622 5201">
     <span class='ocr_line' id='line_1_110' title="bbox 2044 5100 3622 5201; baseline -0.007 -29"><span class='ocrx_word' id='word_1_836' title='bbox 2044 5117 2254 5172; x_wconf 87' lang='lat' dir='ltr'><strong>ratione</strong></span> <span class='ocrx_word' id='word_1_837' title='bbox 2309 5116 2615 5173; x_wconf 89' lang='lat' dir='ltr'><strong>animarum</strong></span> <span class='ocrx_word' id='word_1_838' title='bbox 2667 5113 2925 5187; x_wconf 60' lang='lat' dir='ltr'><strong>agricola,</strong></span> <span class='ocrx_word' id='word_1_839' title='bbox 2978 5113 3075 5183; x_wconf 79' lang='lat' dir='ltr'><strong>Dei</strong></span> <span class='ocrx_word' id='word_1_840' title='bbox 3110 5109 3373 5175; x_wconf 74' lang='lat' dir='ltr'><strong>Verbum,</strong></span> <span class='ocrx_word' id='word_1_841' title='bbox 3413 5108 3622 5201; x_wconf 65' lang='lat' dir='ltr'><strong>animas</strong></span> 
     </span>
    </p>
   </div>
   <div class='ocr_carea' id='block_1_111' title="bbox 2046 5199 3622 5281">
    <p class='ocr_par' dir='ltr' id='par_1_111' title="bbox 2046 5199 3622 5281">
     <span class='ocr_line' id='line_1_111' title="bbox 2046 5199 3622 5281; baseline -0.011 -13"><span class='ocrx_word' id='word_1_842' title='bbox 2046 5211 2328 5268; x_wconf 87' lang='lat' dir='ltr'><strong>hominum</strong></span> <span class='ocrx_word' id='word_1_843' title='bbox 2373 5210 2543 5274; x_wconf 85' lang='lat' dir='ltr'><strong>arari,</strong></span> <span class='ocrx_word' id='word_1_844' title='bbox 2573 5222 2639 5263; x_wconf 89' lang='lat' dir='ltr'><strong>ac</strong></span> <span class='ocrx_word' id='word_1_845' title='bbox 2667 5222 2766 5274; x_wconf 89' lang='lat' dir='ltr'><strong>per</strong></span> <span class='ocrx_word' id='word_1_846' title='bbox 2787 5206 3166 5281; x_wconf 82' lang='lat' dir='ltr'><strong>rationabilem</strong></span> <span class='ocrx_word' id='word_1_847' title='bbox 3204 5199 3512 5258; x_wconf 88' lang='lat' dir='ltr'><strong>doctrinam</strong></span> <span class='ocrx_word' id='word_1_848' title='bbox 3550 5199 3622 5278; x_wconf 71' lang='lat' dir='ltr'><strong>la-</strong></span> 
     </span>
    </p>
   </div>
   <div class='ocr_carea' id='block_1_112' title="bbox 2048 5288 3619 5373">
    <p class='ocr_par' dir='ltr' id='par_1_112' title="bbox 2048 5288 3619 5373">
     <span class='ocr_line' id='line_1_112' title="bbox 2048 5288 3619 5373; baseline -0.01 -13"><span class='ocrx_word' id='word_1_849' title='bbox 2048 5316 2222 5361; x_wconf 87' lang='lat' dir='ltr'><strong>tentes</strong></span> <span class='ocrx_word' id='word_1_850' title='bbox 2250 5306 2358 5359; x_wconf 90' lang='lat' dir='ltr'><strong>imo</strong></span> <span class='ocrx_word' id='word_1_851' title='bbox 2382 5312 2604 5373; x_wconf 88' lang='lat' dir='ltr'><strong>pectore</strong></span> <span class='ocrx_word' id='word_1_852' title='bbox 2634 5288 2993 5371; x_wconf 82' lang='lat' dir='ltr'><strong>cogitationes</strong></span> <span class='ocrx_word' id='word_1_853' title='bbox 3022 5297 3174 5353; x_wconf 86' lang='lat' dir='ltr'><strong>verbi</strong></span> <span class='ocrx_word' id='word_1_854' title='bbox 3208 5304 3399 5369; x_wconf 80' lang='lat' dir='ltr'><strong>aratro</strong></span> <span class='ocrx_word' id='word_1_855' title='bbox 3421 5291 3619 5366; x_wconf 83' lang='lat' dir='ltr'><strong>sulcari</strong></span> 
     </span>
    </p>
   </div>
   <div class='ocr_carea' id='block_1_113' title="bbox 2045 5381 3621 5471">
    <p class='ocr_par' dir='ltr' id='par_1_113' title="bbox 2045 5381 3621 5471">
     <span class='ocr_line' id='line_1_113' title="bbox 2045 5381 3621 5471; baseline -0.013 -16"><span class='ocrx_word' id='word_1_856' title='bbox 2045 5400 2268 5471; x_wconf 77' lang='lat' dir='ltr'><strong>expetit.</strong></span> <span class='ocrx_word' id='word_1_857' title='bbox 2313 5396 2677 5464; x_wconf 82' lang='lat' dir='ltr'><strong>Quamobrem</strong></span> <span class='ocrx_word' id='word_1_858' title='bbox 2725 5394 2800 5447; x_wconf 88' lang='lat' dir='ltr'><strong>ita</strong></span> <span class='ocrx_word' id='word_1_859' title='bbox 2838 5392 3082 5462; x_wconf 67' lang='lat' dir='ltr'><strong>prmeipit</strong></span> <span class='ocrx_word' id='word_1_860' title='bbox 3118 5405 3132 5442; x_wconf 88' lang='lat'><strong>:</strong></span> <span class='ocrx_word' id='word_1_861' title='bbox 3166 5407 3183 5439; x_wconf 80' lang='grc' dir='ltr'><strong>ι</strong></span> <span class='ocrx_word' id='word_1_862' title='bbox 3209 5386 3415 5439; x_wconf 78' lang='lat' dir='ltr'><strong>Novate</strong></span> <span class='ocrx_word' id='word_1_863' title='bbox 3440 5381 3621 5459; x_wconf 63' lang='grc' dir='ltr'><strong>Σιιοιιίδ</strong></span> 
     </span>
    </p>
   </div>
   <div class='ocr_carea' id='block_1_114' title="bbox 2044 5475 3619 5556">
    <p class='ocr_par' dir='ltr' id='par_1_114' title="bbox 2044 5475 3619 5556">
     <span class='ocr_line' id='line_1_114' title="bbox 2044 5475 3619 5556; baseline -0.013 -9"><span class='ocrx_word' id='word_1_864' title='bbox 2044 5490 2283 5555; x_wconf 85' lang='lat' dir='ltr'><strong>novalia,</strong></span> <span class='ocrx_word' id='word_1_865' title='bbox 2310 5501 2369 5545; x_wconf 92' lang='lat' dir='ltr'><strong>et</strong></span> <span class='ocrx_word' id='word_1_866' title='bbox 2402 5505 2469 5543; x_wconf 81' lang='lat' dir='ltr'><strong>ne</strong></span> <span class='ocrx_word' id='word_1_867' title='bbox 2496 5488 2762 5544; x_wconf 83' lang='lat' dir='ltr'><strong>seminate</strong></span> <span class='ocrx_word' id='word_1_868' title='bbox 2792 5501 2957 5556; x_wconf 88' lang='lat' dir='ltr'><strong>supra</strong></span> <span class='ocrx_word' id='word_1_869' title='bbox 2997 5483 3205 5552; x_wconf 90' lang='lat' dir='ltr'><strong>spinas.</strong></span> <span class='ocrx_word' id='word_1_870' title='bbox 3241 5496 3260 5530; x_wconf 78' lang='grc' dir='ltr'><strong>ι</strong></span> <span class='ocrx_word' id='word_1_871' title='bbox 3317 5475 3619 5543; x_wconf 87' lang='lat' dir='ltr'><strong>Postquam</strong></span> 
     </span>
    </p>
   </div>
   <div class='ocr_carea' id='block_1_115' title="bbox 2038 5570 3620 5647">
    <p class='ocr_par' dir='ltr' id='par_1_115' title="bbox 2038 5570 3620 5647">
     <span class='ocr_line' id='line_1_115' title="bbox 2038 5570 3620 5647; baseline -0.01 -10"><span class='ocrx_word' id='word_1_872' title='bbox 2038 5593 2235 5637; x_wconf 74' lang='lat' dir='ltr'><strong>autem.</strong></span> <span class='ocrx_word' id='word_1_873' title='bbox 2261 5581 2347 5634; x_wconf 88' lang='lat' dir='ltr'><strong>illa</strong></span> <span class='ocrx_word' id='word_1_874' title='bbox 2380 5580 2574 5634; x_wconf 77' lang='lat' dir='ltr'><strong>anima:</strong></span> <span class='ocrx_word' id='word_1_875' title='bbox 2604 5578 2768 5633; x_wconf 88' lang='lat' dir='ltr'><strong>veluti</strong></span> <span class='ocrx_word' id='word_1_876' title='bbox 2795 5575 3111 5647; x_wconf 79' lang='lat' dir='ltr'><strong>superﬁcies</strong></span> <span class='ocrx_word' id='word_1_877' title='bbox 3143 5570 3620 5647; x_wconf 77' lang='lat' dir='ltr'><strong>complanataest,</strong></span> 
     </span>
    </p>
   </div>
   <div class='ocr_carea' id='block_1_116' title="bbox 2050 5654 3621 5741">
    <p class='ocr_par' dir='ltr' id='par_1_116' title="bbox 2050 5654 3621 5741">
     <span class='ocr_line' id='line_1_116' title="bbox 2050 5654 3621 5741; baseline -0.011 -11"><span class='ocrx_word' id='word_1_878' title='bbox 2050 5675 2259 5730; x_wconf 89' lang='lat' dir='ltr'><strong>sublata</strong></span> <span class='ocrx_word' id='word_1_879' title='bbox 2295 5673 2463 5741; x_wconf 87' lang='lat' dir='ltr'><strong>omni,</strong></span> <span class='ocrx_word' id='word_1_880' title='bbox 2509 5671 2637 5726; x_wconf 89' lang='lat' dir='ltr'><strong>olim</strong></span> <span class='ocrx_word' id='word_1_881' title='bbox 2689 5672 2742 5724; x_wconf 91' lang='lat' dir='ltr'><strong>in</strong></span> <span class='ocrx_word' id='word_1_882' title='bbox 2782 5685 2845 5725; x_wconf 85' lang='lat' dir='ltr'><strong>ea</strong></span> <span class='ocrx_word' id='word_1_883' title='bbox 2879 5654 3159 5736; x_wconf 80' lang='lat' dir='ltr'><strong>spinarum</strong></span> <span class='ocrx_word' id='word_1_884' title='bbox 3220 5665 3396 5718; x_wconf 87' lang='lat' dir='ltr'><strong>instar</strong></span> <span class='ocrx_word' id='word_1_885' title='bbox 3427 5658 3621 5737; x_wconf 81' lang='lat' dir='ltr'><strong>pullu-</strong></span> 
     </span>
    </p>
   </div>
   <div class='ocr_carea' id='block_1_117' title="bbox 2043 5746 3625 5836">
    <p class='ocr_par' dir='ltr' id='par_1_117' title="bbox 2043 5746 3625 5836">
     <span class='ocr_line' id='line_1_117' title="bbox 2043 5746 3625 5836; baseline -0.011 -15"><span class='ocrx_word' id='word_1_886' title='bbox 2043 5766 2213 5832; x_wconf 82' lang='lat' dir='ltr'><strong>lante,</strong></span> <span class='ocrx_word' id='word_1_887' title='bbox 2248 5766 2487 5836; x_wconf 86' lang='lat' dir='ltr'><strong>nequitia</strong></span> <span class='ocrx_word' id='word_1_888' title='bbox 2528 5782 2544 5831; x_wconf 91' lang='lat'><strong>;</strong></span> <span class='ocrx_word' id='word_1_889' title='bbox 2604 5776 2731 5819; x_wconf 89' lang='lat' dir='ltr'><strong>tunc</strong></span> <span class='ocrx_word' id='word_1_890' title='bbox 2778 5762 2988 5814; x_wconf 80' lang='lat' dir='ltr'><strong>ratione</strong></span> <span class='ocrx_word' id='word_1_891' title='bbox 3040 5758 3226 5819; x_wconf 88' lang='lat' dir='ltr'><strong>habita</strong></span> <span class='ocrx_word' id='word_1_892' title='bbox 3286 5746 3625 5810; x_wconf 82' lang='lat' dir='ltr'><strong>discriminis</strong></span> 
     </span>
    </p>
   </div>
   <div class='ocr_carea' id='block_1_118' title="bbox 2044 5839 3661 5946">
    <p class='ocr_par' dir='ltr' id='par_1_118' title="bbox 2044 5839 3661 5946">
     <span class='ocr_line' id='line_1_118' title="bbox 2044 5839 3661 5946; baseline -0.015 -26"><span class='ocrx_word' id='word_1_893' title='bbox 2044 5877 2232 5922; x_wconf 85' lang='lat' dir='ltr'><strong>eorum</strong></span> <span class='ocrx_word' id='word_1_894' title='bbox 2266 5864 2358 5933; x_wconf 88' lang='lat' dir='ltr'><strong>qui</strong></span> <span class='ocrx_word' id='word_1_895' title='bbox 2402 5876 2587 5920; x_wconf 84' lang='lat' dir='ltr'><strong>semen</strong></span> <span class='ocrx_word' id='word_1_896' title='bbox 2624 5858 2923 5924; x_wconf 78' lang='lat' dir='ltr'><strong>excipiunt,</strong></span> <span class='ocrx_word' id='word_1_897' title='bbox 2956 5839 3162 5910; x_wconf 82' lang='lat' dir='ltr'><strong>semina</strong></span> <span class='ocrx_word' id='word_1_898' title='bbox 3189 5852 3368 5931; x_wconf 75' lang='lat' dir='ltr'><strong>jacit;</strong></span> <span class='ocrx_word' id='word_1_899' title='bbox 3398 5850 3453 5905; x_wconf 84' lang='lat' dir='ltr'><strong>in</strong></span> <span class='ocrx_word' id='word_1_900' title='bbox 3485 5843 3621 5946; x_wconf 78' lang='lat' dir='ltr'><strong>alios</strong></span> <span class='ocrx_word' id='word_1_901' title='bbox 3644 5854 3661 5873; x_wconf 84' lang='lat'><strong><em>&#39;</em></strong></span> 
     </span>
    </p>
   </div>
  </div>
