4118 6392
381 375 487 429 297

1291 369 1791 430 COMMENTARIA
1827 368 1893 423 IN
1932 368 2187 424 ISAIAM.
2232 400 2300 410 --
2333 365 2487 425 CAP.
2530 365 2720 421 XXIX.

3524 369 3629 426 £98

383 493 692 563 ἐπολέμησε
721 488 905 553 Δαυῒδ,
940 490 1029 544 ὅτε
1080 490 1183 544 ὑπὸ
1246 490 1560 559 ἀλλοφύλοις
1592 485 1679 561 ἦν.
1726 486 1954 539 Δύναται

2060 495 2205 539 ctum
2239 485 2424 551 fuisse,
2461 503 2480 536 ι
2515 498 2610 553 per
2643 496 2803 554 quam
2845 482 3170 552 expugnavit
3215 481 3403 539 David.
3445 503 3463 536 ι
3498 485 3632 541 lllud

380 585 440 639 δὲ
466 583 561 638 καὶ
583 582 705 636 ἀντὶ
731 580 846 649 τοῦ,
875 602 892 634 r
922 582 989 634 δι’
1014 583 1079 652 ἣν
1106 581 1410 653 ἐπολέμησε
1443 582 1620 645 Δαυῖδ,
1647 601 1665 633 ι
1684 578 1957 647 λέγεσθαι.

382 675 457 728 Τὸ
482 673 559 737 δὲ,
595 690 613 723 ‹
658 672 1001 741 Συναγάγετε
1039 672 1375 743 γεννήματα,
1420 690 1440 723 ι
1468 672 1632 743 φησίν
1656 687 1670 702 ⁸
1705 672 1825 724 ὅσον
1853 669 1960 740 γάρ

381 763 538 817 οὔπω
569 762 970 834 στερηθήσεσθε
1000 762 1646 834 πάσηςλογικῆςτροφῆς.
1665 763 1752 825 Ὠς
1774 762 1851 815 ἐτι
1868 756 1960 815 οῦν

381 852 576 925 καιρός
597 855 731 917 ἐστι,
752 851 1025 924 χρήσασθε
1037 855 1149 916 τοῖς
1169 854 1428 917 ἐνιαυτοῖς
1441 854 1651 917 τούτοις
1673 853 1809 925 πρὸς
1820 852 1961 921 ὠφέ-

380 947 533 999 λειαν
555 944 664 998 τῶν
694 945 973 1016 ὑμετέρων
994 945 1179 1017 ψυχῶν
1202 965 1217 979 ο
1242 947 1335 1001 καί
1359 964 1446 1018 μοι
1471 946 1618 1000 δοκεῖ
1641 947 1728 999 διά
1755 946 1960 999 τούτων

381 1038 712 1090 αἰνίττεσθαι
746 1036 838 1090 τὸν
884 1037 1072 1108 χρόνον
1121 1036 1214 1091 τοῦ
1268 1038 1533 1109 σωτηρίου
1582 1037 1956 1109 κηρύγματος,

382 1128 508 1182 καθ’
536 1129 594 1181 ὃν
618 1127 961 1199 ἐπιδημήσας
979 1128 1159 1191 αὐτοῖς
1177 1128 1206 1180 6
1227 1128 1437 1199 Σωτὴρ,
1461 1129 1753 1200 ἐκήρυττεν
1778 1128 1959 1180 ἐνιαυ-

380 1219 475 1271 τὸν
502 1219 709 1290 Κυρίου
736 1218 922 1272 δεκτδν
962 1219 1056 1272 καὶ
1095 1218 1311 1291 ἡμέραν
1339 1219 1763 1282 ἀνταποδόσεως.
1804 1219 1957 1288 Τάχα

380 1311 441 1364 δέ
466 1314 559 1366 καὶ
588 1312 835 1383 δεύτερον
859 1312 1041 1375 αὐτοῖς
1068 1311 1331 1375 ἐνιαυτὸν,
1358 1311 1391 1382 ἢ
1418 1313 1511 1365 καὶ
1542 1311 1724 1383 τρίτον
1751 1310 1959 1382 ὡμιληα

382 1405 497 1469 κὼς
536 1404 801 1474 φαίνεται.
844 1404 1012 1456 Αὐτὸν
1054 1399 1145 1456 οὖν
1185 1405 1388 1456 ἐκεῖνον
1429 1402 1550 1457 καθ’
1592 1403 1653 1456 ὃν
1697 1406 1959 1473 παρεῖχεν

384 1499 566 1561 αὐτοῖς
591 1496 661 1550 τά
699 1498 827 1569 περὶ
868 1499 965 1567 τῆς
989 1495 1097 1549 τῶν
1124 1494 1673 1569 οὐρανῶνᾼβασιλείας
1706 1495 1961 1567 μαθήμα-

382 1607 468 1650 τα,
490 1566 929 1659 σημαίνωννφησί
947 1605 959 1617 ·
993 1607 1011 1639 ‹
1035 1566 1750 1659 Συναγάγετεογεννήματα,
1783 1566 1961 1641 ἐνιαυ-

382 1678 475 1730 τὸν
501 1680 589 1731 ἐπ’
617 1677 858 1731 ἐνιαυτὸν
892 1677 1151 1746 φάγεσθε.
1180 1696 1197 1729 ι

461 1792 479 1822 ί
531 1770 798 1840 Ἑκθλίψω
819 1770 927 1842 γὰρ
970 1770 1173 1842 Ἀριὴλ,
1207 1770 1301 1824 καὶ
1333 1769 1486 1823 ἔσται
1526 1768 1695 1839 αὐτῆς
1727 1771 1760 1840 ἡ
1808 1770 1961 1840 ἰσχὺς

2061 594 2188 632 vero
2212 619 2227 642 ,
2267 596 2287 629 ι
2323 586 2643 647 congregate
2671 574 2912 640 fructus,
2946 594 2965 626 ι
3005 575 3109 631 hoc
3160 590 3322 632 sensu
3355 576 3522 632 dicit:
3554 580 3629 633 si-

2060 670 2278 740 quidem
2322 662 2625 740 proximum
2657 678 2736 723 est
2784 678 2842 723 ut
2873 668 3179 724 rationabili
3228 669 3347 725 cibo
3373 670 3629 725 careatis.

2062 759 2193 814 Dum
2233 762 2401 831 igitur
2432 770 2643 829 tempus
2665 771 2773 825 est,
2820 760 2970 816 hisce
3016 762 3173 816 annis
3206 762 3270 815 ad
3323 762 3631 817 animarum
3710 828 3721 840 ο

2060 861 2355 906 vestrarum
2387 852 2673 907 utilitatem
2709 852 2947 907 lruimini
2976 871 2991 907 :
3022 855 3261 924 mihique
3291 854 3510 909 videtur
3543 855 3632 910 his

2060 942 2400 997 subindicare
2424 942 2678 997 salutaris
2704 944 3100 1011 praedicationis
3118 954 3351 1014 tempus,
3368 960 3474 1015 quo
3488 948 3630 1017 apud

2060 1031 2178 1087 illos
2204 1034 2580 1104 peregrinatus
2614 1032 2892 1100 Salvator,
2938 1037 3255 1104 praedicavit
3282 1052 3484 1093 annum
3520 1038 3628 1094 Do-

2058 1122 2190 1177 mini
2219 1124 2608 1194 acceptabilem
2639 1134 2694 1180 et
2726 1133 2936 1195 tempus
2986 1128 3380 1185 retributionis.
3420 1129 3485 1184 Et
3519 1128 3631 1186 for-

2061 1220 2211 1268 tasse
2242 1214 2470 1269 alterum
2502 1230 2702 1270 annum
2730 1256 2746 1283 ,
2784 1216 2891 1271 imo
2916 1216 3053 1272 forte
3087 1218 3305 1272 tertium
3333 1258 3347 1284 ,
3373 1234 3496 1273 cum
3525 1218 3629 1274 illis

2058 1315 2408 1359 conversatus
2445 1304 2707 1360 videatur.
2752 1302 2904 1358 Illum
2955 1305 3138 1374 itaque
3186 1305 3360 1375 ipsum
3396 1289 3628 1371 annum,

2059 1410 2165 1465 quo
2188 1396 2317 1465 ipsis
2333 1396 2400 1450 de
2427 1411 2594 1465 regno
2617 1395 2875 1450 caelorum
2903 1395 3149 1450 instituta
3179 1396 3631 1467 disciplinamque

2060 1485 2302 1550 tradidit,
2336 1486 2653 1557 signiﬁcans
2682 1486 2791 1551 ait,
2824 1502 2843 1536 ι
2878 1485 3217 1555 Congregate
3260 1486 3491 1558 fructus,
3525 1504 3629 1544 an-

2058 1593 2185 1634 num
2211 1592 2373 1649 supra
2404 1593 2604 1634 annum
2638 1577 2957 1636 comedetis.
2994 1596 3014 1631 ι

2129 1758 2293 1815 Vens.
2319 1758 2437 1814 2-5.
2475 1778 2494 1812 ι
2528 1758 2770 1831 Amigam
2805 1760 2949 1815 enim
2974 1759 3143 1825 Ariel,
3168 1767 3224 1815 et
3247 1761 3353 1817 erit
3380 1760 3497 1829 ejus
3521 1760 3631 1816 ἴοι·-

381 1859 477 1912 καὶ
502 1860 530 1910 6
563 1857 789 1920 πλοῦτος
818 1858 957 1929 ἐμοί.
1001 1858 1111 1910 Kal.
1154 1857 1418 1912 κυκλώσω
1460 1859 1537 1923 ὡς
1556 1858 1718 1913 Δαυῒδ
1746 1860 1838 1912 ἐπὶ
1868 1859 1948 1924 σέ,

2056 1849 2225 1903 titudo
2253 1858 2309 1905 et
2345 1850 2551 1905 divitia:
2580 1850 2732 1905 mihi.
2781 1851 2848 1905 Et
2878 1851 3226 1907 circumdabo
3266 1859 3322 1907 te
3353 1851 3497 1906 sicut
3524 1852 3632 1907 Da-

383 1950 480 2004 καὶ
519 1948 665 2019 βαλῶ
700 1950 781 2013 είς
811 1950 1050 2021 χάρακα,
1098 1950 1191 2003 καὶ
1215 1946 1570 2023 οἰκοδομήσω,
1597 1950 1746 2023 θήσω
1769 1952 1860 2005 ἐπὶ
1896 1952 1955 2004 σέ

384 2037 646 2109 πύργους.
681 2038 792 2090 Kal.
819 2037 1309 2109 ταπεινωθήσονται
1336 2040 1385 2093 οί
1417 2040 1560 2109 λόγοι
1599 2058 1714 2103 σου,
1750 2041 1845 2095 καὶ
1875 2043 1957 2106 είς

382 2131 482 2200 τὴν
505 2130 607 2200 γῆν
639 2130 687 2182 oi
729 2128 877 2197 λόγοι
917 2146 1009 2182 σου
1050 2129 1313 2185 δύσονται.
1344 2132 1454 2184 Καὶ
1481 2131 1633 2185 ἐσται
1661 2133 1737 2196 ὡς
1762 2134 1811 2185 οἱ
1846 2150 1959 2203 φω-

384 2221 599 2286 νοῦντες
638 2222 703 2275 ἐκ
737 2223 837 2292 τῆς
871 2222 974 2293 γῆς
1000 2225 1032 2294 ἡ
1069 2224 1217 2295 φωνή
1250 2242 1365 2289 σου,
1394 2224 1647 2297 καὶπρὸς
1674 2227 1736 2278 τὸ
1764 2225 1958 2295 ἔδαφος

391 2314 426 2383 ἡ
452 2314 600 2383 φωνή
641 2331 733 2366 σου
761 2314 1068 2385 ἀσθενήσει.
1115 2317 1223 2369 Καὶ
1259 2315 1409 2371 ἔσται
1439 2316 1515 2380 ὡς
1549 2317 1824 2388 κονιορτὸς
1851 2317 1959 2370 ἀπὸ

392 2403 586 2475 τροχοῦ
620 2407 648 2458 6
672 2404 895 2470 πλοῦτος
932 2406 1040 2459 τῶν
1086 2406 1320 2470 ἀσεϐῶν,
1367 2408 1461 2461 καὶ
1501 2408 1578 2471 ὡς
1603 2406 1764 2478 χνοῦς
1798 2408 1959 2483 φερό-
2022 2448 2027 2455 .

393 2509 555 2562 μενος
614 2494 675 2547 τὸ
721 2494 916 2565 πλῆθος
966 2497 1075 2549 τῶν
1119 2497 1689 2553 καταδυναστευόντων
1732 2516 1811 2564 σε,
1865 2500 1958 2553 καὶ

384 2583 542 2636 ἐσται
568 2586 643 2649 ὡς
666 2586 863 2658 στιγμὴ
895 2590 1236 2660 παραχρῆμα
1267 2590 1419 2661 παρά
1443 2590 1645 2661 Κυρίου
1670 2589 1951 2645 Σαϐαὼθ.»

385 2673 597 2744 Ὥσπερ
628 2676 736 2746 γάρ
769 2693 896 2729 ποτε
937 2679 966 2730 6
1016 2678 1177 2731 Δαυῖδ
1212 2678 1561 2750 παρεμϐολὴν
1603 2679 1733 2751 περὶ
1777 2679 1835 2732 σὲ
1859 2680 1958 2751 τὴν

411 2762 746 2834 Ιερουσαλὴμ
770 2764 1067 2830 ἐκύκλωσε,
1098 2766 1185 2819 ὅτε
1210 2766 1520 2835 ἀλλοφύλων
1535 2760 1697 2837 ἦσθα,
1723 2766 1817 2818 καὶ
1839 2767 1959 2819 ἐπο-

381 2851 592 2924 λεμησέ
633 2871 693 2906 σε
725 2854 880 2908 πόλιν
930 2851 1094 2910 οὖσαν
1147 2857 1492 2926 ἀλλοφύλων·
1540 2857 1682 2911 οὕτω
1741 2857 1897 2927 κάγὼ
1928 2860 1958 2913 6

380 2944 555 2999 ταῦτα
570 2945 741 3015 λέγων
766 2946 970 3019 Κύριος
994 2948 1087 3002 νῦν
1104 2964 1163 3001 σε
1188 2948 1467 3003 κυκλώσω.
1495 2949 1829 3020 Ἀλλοφύλων
1849 2950 1957 3023 γὰρ

382 3039 694 3110 οἰκητήριον
738 3040 987 3108 γέγονας,
1037 3040 1383 3113 πληρωθεῖσα
1423 3043 1608 3096 κακῶν
1652 3043 1953 3114 ἀρχόντων.

385 3132 562 3204 ’Δπερ
599 3132 899 3204 ἐπληροῦτο
926 3134 1063 3205 μετά
1093 3135 1161 3187 τά
1185 3134 1523 3207 τολμηθέντα
1555 3138 1669 3201 τοῖς
1701 3138 1802 3209 τὴν
1852 3138 1952 3191 Ἰε-

389 3224 665 3297 ρουσαλὴμ
694 3226 902 3280 οἰκοῦσι
936 3226 1077 3280 κατά
1116 3225 1212 3279 τοῦ
1262 3227 1511 3299 Σωτῆρος
1538 3228 1698 3299 ήμῶν
1724 3228 1951 3282 ἀκολού-

392 3313 516 3380 θως,
542 3305 748 3379 ὡς’καὶ
780 3315 939 3379 αὐτὸς
961 3318 1000 3371 ιδ
1036 3317 1257 3389 Σωτὴρ,
1303 3318 1786 3389 ἀποκλαυσάμενος
1830 3320 1955 3373 τότε

394 3405 489 3475 τὴν
512 3406 881 3479 Ἰερουσαλὴμ,
916 3407 1327 3480 ἀναγέγραπται
1360 3408 1619 3481 εἰρηκώς·
1648 3427 1667 3461 ι
1697 3411 1759 3463 Εί
1780 3410 1953 3480 ἔγνως

394 3497 480 3549 καὶ
519 3498 583 3551 σύ
610 3516 673 3568 γε
705 3498 774 3553 τὰ
799 3499 934 3572 πρὸς
966 3500 1186 3572 εἰρήνην
1223 3518 1337 3564 σου,
1376 3502 1458 3555 ὅτι
1504 3501 1722 3572 ἥξουσιν
1751 3501 1957 3573 ἡμέραι

386 3590 476 3642 ἐπὶ
522 3591 612 3656 σέ,
664 3592 759 3646 καὶ
799 3592 1243 3665 παρεμϐαλοῦσιν
1290 3595 1384 3648 ἐπὶ
1422 3595 1481 3647 σὲ
1522 3595 1572 3647 oi
1623 3593 1807 3666 ἐχθροί
1861 3611 1956 3648 σου

386 3680 623 3752 χάρακα,
648 3684 740 3736 καὶ
767 3682 1106 3739 κυκλώσουσί
1147 3702 1235 3750 σε,
1272 3685 1365 3739 καὶ
1398 3686 1477 3750 εἰς
1503 3684 1604 3755 τὴν
1633 3684 1739 3755 γῆν
1772 3684 1957 3753 ἐδαφι-

384 3773 580 3847 «om.
610 3795 630 3828 ι

458 3885 477 3916 ι
515 3868 816 3939 Ἐπισκοπὴ
840 3868 948 3939 γάρ
981 3870 1133 3923 ἐσται
1160 3869 1299 3941 μετά
1316 3868 1564 3941 βροντῆς,
1589 3868 1683 3921 καὶ
1703 3867 1953 3940 σεισμοῦ,

381 3956 479 4010 καὶ
520 3958 703 4027 φωνῆς
740 3958 999 4028 μεγάλης,
1042 3959 1295 4027 καταιγὶς
1344 3958 1643 4029 φερομένη,
1682 3960 1774 4011 καὶ
1822 3955 1958 4027 φλὸξ

375 4047 554 4114 πυρὸς
582 4047 953 4101 κατεσθίουσα.
997 4067 1015 4100 ι
1044 4050 1120 4101 Δι’
1144 4042 1219 4102 ῶν
1249 4049 1469 4120 ᾐνίξατο
1504 4048 1580 4112 ὡς
1597 4049 1705 4120 ἀρα
1730 4048 1824 4102 καὶ
1857 4066 1960 4101 πυ-

379 4140 674 4212 ρίκαυστος
688 4142 978 4211 γενήσεται
1000 4144 1033 4213 ἡ
1063 4141 1234 4206 πόλις,
1268 4142 1472 4196 ἄνωθεν
1492 4146 1556 4196 ἐκ
1570 4141 1706 4196 Θεοῦ
1729 4142 1954 4214 βροντῆς

374 4231 474 4286 καὶ
503 4231 727 4302 σεισμοῦ
768 4234 861 4287 καὶ
886 4234 1194 4303 καταιγίδος
1226 4235 1345 4288 κατ’
1374 4234 1547 4305 αὐτῆς
1580 4233 1914 4306 ἐνεχθείσης.

455 4341 473 4373 ι
508 4324 616 4377 Καὶ
640 4323 794 4378 ἔσται
822 4325 897 4389 ὡς
930 4325 959 4377 6
989 4326 1445 4398 ἐνυπνιαζόμενος
1463 4328 1520 4381 ἐν
1553 4324 1705 4398 ὕπνῳ
1728 4328 1757 4381 6
1788 4325 1953 4380 πλοῦ-

372 4432 467 4477 τος
502 4414 671 4469 ἐθνῶν
709 4417 947 4483 πάντων,
986 4419 1101 4472 ὅσοι
1142 4418 1581 4490 ἐπεστράτευσαν
1613 4418 1707 4471 ἐπὶ
1741 4417 1951 4489 Ἀριὴλ,

2058 1939 2169 2003 vid,
2196 1947 2253 1995 et
2277 1938 2489 2010 cingam
2525 1948 2577 1993 te
2606 1938 2769 2005 vallo,
2793 1949 2848 1995 et
2869 1951 3172 2005 exstruam,
3191 1947 3245 1995 et
3274 1954 3471 2009 ponam
3496 1953 3631 1993 con-

2059 2036 2141 2083 tra
2169 2037 2220 2083 te
2247 2037 2444 2083 turres.
2478 2028 2545 2083 Et
2576 2029 3007 2083 humiliabuntur
3045 2043 3328 2085 sermones
3358 2029 3458 2094 tui,
3490 2037 3545 2083 et
3574 2028 3632 2083 in

2060 2126 2262 2173 terram
2295 2118 2549 2172 subibunt
2582 2120 2745 2173 verba
2772 2127 2883 2172 tua.
2921 2117 2987 2172 Et
3012 2118 3118 2173 erit
3140 2127 3398 2188 tanquam
3423 2116 3515 2187 qui
3544 2115 3631 2170 lo—

2057 2218 2299 2279 quuntur
2332 2208 2400 2265 de
2439 2218 2584 2264 terra
2612 2223 2712 2263 vox
2764 2206 2897 2276 tua‘,
2940 2216 2995 2263 et
3025 2209 3093 2264 ad
3137 2209 3504 2279 pavimentum
3529 2222 3635 2263 vox

2059 2309 2149 2355 tua
2195 2300 2559 2355 inllrmabitur
2595 2316 2613 2366 ;
2663 2308 2720 2357 et
2763 2308 2924 2355 erunt
2963 2308 3218 2369 tanquam
3247 2299 3423 2369 pulvis
3451 2314 3485 2355 a
3514 2308 3636 2357 rota

2058 2390 2259 2446 divitiae
2308 2390 2619 2461 impiorum,
2646 2400 2703 2447 et
2755 2390 2897 2447 sicut
2936 2389 3122 2446 favilla
3146 2399 3420 2447 commota
3448 2390 3633 2447 multi-

2060 2484 2188 2537 tudo
2213 2498 2398 2538 eorum
2431 2484 2523 2553 qui
2556 2492 2610 2539 te
2632 2483 2920 2552 subigent:
2960 2492 3017 2539 et
3055 2483 3161 2538 erit
3208 2492 3465 2553 tanquam
3494 2498 3636 2553 puu-

2057 2584 2206 2629 ctum
2240 2575 2527 2629 confestim
2565 2590 2594 2628 a
2635 2575 2865 2629 Domino
2907 2574 3171 2631 Sabaoth.
3217 2592 3236 2627 ι
3267 2573 3635 2641 Οιιθηιαιιιηοο

2058 2667 2183 2720 dum
2213 2666 2355 2720 enim
2387 2666 2554 2721 David
2585 2667 2853 2735 quondam
2877 2676 3058 2722 castra
3085 2675 3277 2722 contra
3302 2674 3381 2732 te,
3406 2663 3633 2722 Jerusa-

2058 2756 2185 2824 lem,
2220 2757 2425 2827 posuit,
2457 2768 2616 2826 teque
2640 2756 3024 2821 circumsedit,
3053 2771 3178 2812 cum
3209 2756 3262 2811 in
3299 2756 3634 2825 alienigena-

2059 2862 2179 2901 rum
2205 2848 2410 2903 ditione
2435 2861 2605 2914 esses,
2631 2857 2792 2919 teque
2820 2848 3182 2917 expugnavit;
3209 2847 3287 2903 sic
3316 2856 3370 2901 et
3390 2861 3512 2919 ego,
3538 2847 3634 2916 qui

2058 2939 2173 2994 haec
2197 2939 2405 3010 loquor,
2436 2939 2716 3008 Dominus,
2750 2956 2893 2996 nunc
2926 2950 2978 2995 te
3009 2939 3290 2996 obsidebo.
3324 2938 3457 2994 Nam
3490 2940 3627 2996 alie-

2058 3028 2379 3098 nigenarum
2433 3028 2764 3086 domicilium
2811 3031 3069 3096 evasisti,
3116 3029 3379 3100 improbis
3429 3030 3632 3101 repleta

2057 3127 2413 3198 principibus.
2444 3127 2574 3195 Quae
2599 3128 2814 3198 impleta
2839 3137 2985 3194 sunt,
3010 3135 3132 3197 post
3163 3136 3527 3199 perpetratum
3567 3128 3636 3184 ab

2056 3220 2524 3294 Jerosolymitanis
2550 3230 2737 3278 contra
2760 3220 3097 3277 Salvatorem
3129 3230 3373 3277 nostrum
3400 3220 3638 3285 facinus:

2057 3315 2198 3371 sicut
2245 3316 2360 3385 ipse
2408 3314 2667 3371 Servator
2695 3313 3124 3385 Hierosolymam
3172 3312 3459 3385 deplorans
3504 3322 3636 3368 tunc

2057 3406 2261 3463 dixisse
2287 3406 2483 3479 legitur
2511 3422 2528 3462 :
2565 3426 2584 3459 ι
2619 3404 2676 3461 Si
2709 3406 3057 3478 cognovisses
3088 3414 3143 3461 et
3174 3415 3253 3472 tu,
3296 3420 3417 3476 quae
3440 3404 3506 3459 ad
3540 3420 3635 3474 pa-

2057 3514 2177 3556 cem
2218 3509 2387 3567 tuam,
2419 3501 2544 3570 quia
2574 3499 2791 3556 venient
2820 3498 2937 3555 dies
2978 3498 3034 3554 in
3084 3508 3157 3563 te,
3218 3507 3274 3555 et
3323 3498 3634 3554 circumda-

2055 3593 2191 3649 bunt
2224 3602 2275 3648 te
2319 3594 2520 3651 inimici
2559 3594 2631 3647 tul
2667 3592 2831 3659 vallo,
2880 3601 2936 3649 et
2962 3591 3287 3648 obsidebunt
3340 3600 3395 3647 te
3420 3630 3436 3656 .
3468 3598 3527 3645 et
3564 3590 3632 3645 ad

2059 3695 2262 3742 terram
2295 3686 2564 3757 dejicieris
2589 3687 2658 3738 ".
2702 3704 2722 3738 ι

2129 3862 2291 3921 Vens.
2324 3866 2377 3920 6.
2421 3884 2440 3918 ι
2489 3866 2739 3922 Visitatio
2775 3866 2918 3922 enim
2964 3867 3071 3922 erit
3114 3881 3236 3921 cum
3285 3868 3522 3933 tonitru,
3576 3878 3633 3925 et

2059 3965 2217 4012 teme
2252 3965 2422 4023 motu,
2454 3966 2511 4013 et
2540 3971 2671 4014 voce
2716 3973 2912 4029 magna
2960 3975 2975 4013 :
3026 3959 3261 4029 procella
3307 3959 3544 4028 irruens,
3577 3970 3634 4017 et

2054 4047 2272 4103 ﬂamma
2300 4048 2439 4118 ignis
2469 4048 2759 4105 devorans.
2798 4069 2818 4102 ι
2851 4050 3016 4118 Queis
3045 4050 3357 4105 subindicat
3384 4051 3633 4107 incendio
3663 4079 3670 4087 -

2057 4138 2445 4194 absumendam
2475 4141 2691 4206 urbem,
2715 4141 3041 4197 immittente
3065 4140 3178 4196 Deo
3202 4156 3415 4197 sursum
3440 4151 3632 4199 contra

2059 4227 2204 4284 illam
2237 4230 2464 4295 tonitru,
2496 4236 2655 4285 terra;
2692 4242 2895 4286 motum
2931 4240 2988 4287 et
3016 4231 3335 4301 procellam.

2130 4318 2296 4375 Vens.
2338 4320 2394 4387 ⁸7,
2426 4320 2482 4376 8.
2526 4338 2546 4371 ι
2582 4319 2648 4374 Et
2680 4329 2839 4376 erunt
2864 4329 3120 4391 tanquam
3173 4319 3267 4390 qui
3307 4323 3544 4377 somniat
3573 4324 3631 4380 in

2056 4428 2247 4469 somno
2279 4428 2411 4484 opes
2455 4415 2692 4484 gentium
2724 4414 3004 4479 omnium,
3048 4421 3315 4484 quotquot
3364 4414 3631 4472 militave-

375 4505 471 4559 καὶ
505 4505 705 4569 πάντες
731 4508 780 4559 οί
814 4509 1275 4579 στρατευσάμενοι
1303 4509 1397 4562 ἐπὶ
1444 4508 1825 4580 Ἰερουσαλὴμ,
1859 4509 1953 4564 καὶ

2060 4516 2187 4561 runt
2238 4508 2499 4561 adversus
2560 4505 2749 4569 Ariel,
2806 4514 2865 4561 et
2919 4515 3184 4576 quotquot
3258 4506 3631 4562 militaverunt

373 4596 577 4661 πάντες
618 4598 668 4651 οἱ
704 4599 1030 4669 συνηγμένοι
1078 4600 1167 4652 ἐπ’
1196 4598 1399 4669 αὐτὴν,
1448 4599 1543 4652 καὶ
1576 4599 1626 4652 oi
1673 4598 1947 4663 θλίϐοντες

372 4689 565 4760 αὐτήν.
612 4690 722 4742 Kal.
769 4689 981 4743 ἐσονται
1027 4690 1103 4753 ὡς
1137 4692 1187 4744 οἱ
1224 4692 1282 4744 ἐν
1324 4691 1479 4761 ὕπνῳ
1514 4691 1802 4755 πίνοντες,
1850 4689 1946 4743 καὶ

371 4781 661 4845 ἐσθίοντες,
693 4781 786 4834 καὶ
816 4780 1241 4848 ἐξαναστάντων,
1280 4782 1504 4853 μάταιον
1536 4783 1716 4837 αὐτῶν
1748 4784 1809 4835 τὸ
1856 4784 1944 4838 ἐν-

372 4871 582 4925 ύπνιον.
624 4872 736 4924 Kal.
797 4871 857 4925 6v
908 4872 1108 4943 τρόπον
1156 4873 1532 4939 ἐνυπνιάζεται
1563 4876 1593 4928 6
1632 4874 1801 4943 διψῶν
1850 4875 1944 4928 καὶ

370 4963 562 5027 πίνων,
592 4963 689 5017 καὶ
712 4962 1014 5030 ἐξαναστὰς
1043 4962 1123 5017 ἐτι
1152 4964 1313 5035 διψᾷ*
1348 4967 1381 5035 ἡ
1413 4966 1469 5019 δέ
1496 4965 1642 5036 ψυχὴ
1667 4964 1830 5019 αὐτοῦ
1864 4966 1945 5029 εἰς

370 5055 528 5109 κενὸν
573 5056 830 5127 ἡλπισεν·
869 5055 1042 5121 οὕτως
1094 5056 1247 5110 ἐσται
1277 5058 1306 5110 6
1342 5058 1568 5123 πλοῦτος
1612 5057 1721 5112 τῶν
1769 5055 1943 5110 ἐθνῶν

370 5145 611 5210 πάντων,
642 5148 756 5201 ὅσοι
789 5146 1214 5219 ἐξεστράτευσαν
1248 5148 1341 5201 ἐπὶ
1373 5147 1436 5201 τὸ
1463 5148 1588 5219 ὄρος
1622 5148 1781 5204 Σιών.
1810 5166 1829 5199 ι
1861 5147 1940 5200 Δι’

368 5232 444 5294 ὧν
474 5238 692 5309 ᾐνίξατο
715 5241 814 5311 τὴν
839 5240 1133 5294 ἀπόλαυσιν
1159 5240 1261 5311 τῆς
1289 5242 1345 5294 ἐν
1375 5240 1449 5310 τῷ
1474 5239 1573 5311 βίῳ
1598 5239 1771 5311 τούτῳ
1806 5255 1941 5312 τρυ-

369 5329 477 5399 φῆς
505 5330 615 5385 τῶν
661 5330 983 5402 Ῥωμαϊκῶν
1018 5331 1315 5404 ἀρχόντων.
1357 5325 1519 5386 Οὗτοι
1564 5333 1671 5404 γὰρ
1710 5328 1851 5403 ἦσαν
1891 5333 1942 5385 oi

365 5420 467 5490 τὴν
494 5421 729 5493 ἐσχάτην
750 5422 1061 5495 πολιορκίαν
1086 5422 1455 5492 ἐπαγαγόντες
1470 5425 1536 5495 τῇ
1562 5421 1937 5495 Ἰερουσαλήμ.

380 5512 578 5583 Ἐχρῆν
596 5513 703 5582 γὰρ
716 5514 861 5583 ἡμᾶς
880 5514 975 5568 καὶ
998 5514 1127 5585 περὶ
1140 5513 1321 5570 αὐτῶν
1336 5532 1399 5571 τι.
1412 5513 1623 5586 μαθεῖν,
1637 5514 1733 5568 καὶ
1753 5513 1939 5568 ὁποῖον

366 5604 521 5659 ἔσται
550 5605 726 5660 καὶτὸ
761 5606 937 5661 αὐτῶν
962 5607 1115 5671 τέλος
1146 5608 1478 5680 διδαχθῆναι.
1519 5607 1688 5680 Φησὶν
1716 5600 1809 5662 οὖν
1847 5604 1939 5661 τὸν

454 5803 498 5833 ’³
530 5802 660 5858 Luc.
692 5818 805 5862 ιιι.
835 5803 921 5859 45.

694 5898 961 5959 ΡΑτιιοι..
1009 5898 1124 5959 Gn.
1173 5899 1407 5961 XXIV.

2055 4593 2317 4648 adversus
2367 4591 2707 4658 Jerusalem,
2774 4603 2829 4649 et
2906 4594 3181 4659 universi,
3254 4594 3344 4666 qui
3398 4610 3627 4666 congre-

2054 4686 2164 4757 gati
2204 4696 2330 4740 sunt
2362 4686 2621 4741 adversus
2644 4700 2761 4740 eam
2785 4726 2802 4753 ,
2831 4696 2884 4742 et
2910 4689 3001 4756 qui
3030 4686 3341 4749 alllixerunt
3384 4704 3526 4745 eam.
3562 4691 3627 4745 Et

2052 4787 2215 4832 erunt
2248 4778 2386 4832 sicut
2414 4778 2504 4845 qui
2538 4776 2591 4831 in
2627 4778 2829 4834 somnis
2866 4778 3058 4835 bibunt
3082 4788 3137 4835 et
3165 4780 3494 4847 comedunt;
3527 4783 3623 4837 sed

2051 4886 2172 4924 cum
2206 4882 2598 4935 surrexerunt,
2626 4886 2828 4925 vanum
2871 4880 2954 4927 est
2994 4873 3263 4928 somnium
3302 4889 3510 4929 eorum.
3560 4876 3624 4929 Et

2052 4963 2192 5019 sicut
2212 4965 2306 5034 qui
2342 4980 2435 5035 per
2464 4966 2728 5020 somnium
2766 4967 2899 5021 bibit
2928 4976 2982 5022 et
3002 4967 3260 5031 comedit,
3279 4978 3477 5022 etcum
3505 4982 3626 5022 sur-

2056 5055 2219 5121 rexit,
2246 5055 2422 5111 adhuc
2447 5056 2601 5113 sitit:
2631 5058 2810 5111 anima
2842 5069 3021 5112 autem
3049 5056 3168 5126 ejus
3200 5056 3400 5111 frustra
3430 5071 3621 5126 spera-

2048 5147 2162 5214 vit;
2194 5147 2272 5203 sic
2304 5159 2465 5203 erunt
2498 5148 2699 5203 divitiae
2730 5151 2973 5219 gentium
3005 5150 3247 5203 omnium
3273 5187 3291 5214 ,
3323 5162 3443 5218 quae
3476 5148 3621 5210 mjli-

2053 5244 2303 5291 taverunt
2327 5247 2517 5293 contra
2543 5249 2780 5295 montem
2812 5239 3001 5296 Sinni»
3023 5240 3120 5296 His
3147 5240 3492 5295 adumbravit
3509 5238 3624 5295 Ro.

2052 5344 2332 5384 manorum
2366 5330 2668 5402 principum
2701 5332 2753 5385 in
2784 5333 2885 5386 hac
2913 5332 3022 5386 vita
3054 5331 3358 5402 voluptates
3384 5340 3439 5386 et
3463 5345 3617 5399 opes.

2048 5421 2112 5476 lli
2143 5422 2341 5491 quippe
2374 5433 2533 5478 erant
2575 5425 2664 5494 qui
2703 5432 3001 5480 extremam
3042 5423 3431 5497 Hierosolyma:
3468 5425 3617 5479 obsi-

2046 5514 2262 5568 dionem
2287 5514 2637 5575 induxerunt.
2665 5516 3102 5571 Consentaneum
3134 5515 3334 5585 quippe
3364 5525 3507 5578 erat,
3556 5524 3615 5567 ut

2048 5603 2324 5675 quidpiam
2360 5605 2427 5662 ad
2458 5606 2582 5664 illos
2623 5616 2877 5678 spectans
2907 5605 3295 5674 edoceremur,
3328 5619 3428 5662 nec
3456 5605 3618 5677 igno-

3225 5892 3301 5952 10
