  <div class='ocr_page' id='page_1' title='image "/cluster/home/n/w/nwhite01/storage/ocr_20150623/24:no.6/coo.31924054873058/164.png"; bbox 0 0 4118 6402; ppageno 0'>
   <div class='ocr_carea' id='block_1_1' title="bbox 350 347 450 406">
    <p class='ocr_par' dir='ltr' id='par_1_1' title="bbox 350 347 450 406">
     <span class='ocr_line' id='line_1_1' title="bbox 350 347 450 406; baseline -0.04 -1"><span class='ocrx_word' id='word_1_1' title='bbox 350 347 450 406; x_wconf 75' lang='grc'><strong>301</strong></span> 
     </span>
    </p>
   </div>
   <div class='ocr_carea' id='block_1_2' title="bbox 1252 328 2685 394">
    <p class='ocr_par' dir='ltr' id='par_1_2' title="bbox 1252 328 2685 394">
     <span class='ocr_line' id='line_1_2' title="bbox 1252 328 2685 394; baseline -0.004 -1"><span class='ocrx_word' id='word_1_2' title='bbox 1252 333 1749 394; x_wconf 76' lang='lat' dir='ltr'><strong>COMMENTARIA</strong></span> <span class='ocrx_word' id='word_1_3' title='bbox 1789 330 1856 386; x_wconf 82' lang='lat' dir='ltr'><strong>IN</strong></span> <span class='ocrx_word' id='word_1_4' title='bbox 1897 328 2151 387; x_wconf 79' lang='lat' dir='ltr'><strong>ISAIAM.</strong></span> <span class='ocrx_word' id='word_1_5' title='bbox 2193 366 2261 375; x_wconf 89' lang='lat'><strong>-—-</strong></span> <span class='ocrx_word' id='word_1_6' title='bbox 2296 333 2450 390; x_wconf 79' lang='lat' dir='ltr'><strong>CAP.</strong></span> <span class='ocrx_word' id='word_1_7' title='bbox 2493 333 2685 391; x_wconf 74' lang='lat' dir='ltr'><strong>XXIX.</strong></span> 
     </span>
    </p>
   </div>
   <div class='ocr_carea' id='block_1_3' title="bbox 3489 336 3592 391">
    <p class='ocr_par' dir='ltr' id='par_1_3' title="bbox 3489 336 3592 391">
     <span class='ocr_line' id='line_1_3' title="bbox 3489 336 3592 391; baseline -0.01 0"><span class='ocrx_word' id='word_1_8' title='bbox 3489 336 3592 391; x_wconf 68' lang='lat'><strong>509.</strong></span> 
     </span>
    </p>
   </div>
   <div class='ocr_carea' id='block_1_4' title="bbox 349 453 1938 538">
    <p class='ocr_par' dir='ltr' id='par_1_4' title="bbox 349 457 1921 538">
     <span class='ocr_line' id='line_1_4' title="bbox 349 457 1921 538; baseline -0.01 -16"><span class='ocrx_word' id='word_1_9' title='bbox 349 486 432 522; x_wconf 84' lang='grc' dir='ltr'><strong>τει</strong></span> <span class='ocrx_word' id='word_1_10' title='bbox 457 466 530 521; x_wconf 81' lang='grc' dir='ltr'><strong>τὰ</strong></span> <span class='ocrx_word' id='word_1_11' title='bbox 562 465 696 538; x_wconf 85' lang='grc' dir='ltr'>ἔργα</span> <span class='ocrx_word' id='word_1_12' title='bbox 744 463 948 518; x_wconf 75' lang='grc' dir='ltr'>αὐτῶν·</span> <span class='ocrx_word' id='word_1_13' title='bbox 986 463 1075 516; x_wconf 72' lang='grc' dir='ltr'><strong>καὶ</strong></span> <span class='ocrx_word' id='word_1_14' title='bbox 1103 460 1306 532; x_wconf 74' lang='grc' dir='ltr'>ἐροῦσι,</span> <span class='ocrx_word' id='word_1_15' title='bbox 1333 461 1427 523; x_wconf 85' lang='grc' dir='ltr'><strong>Τίς</strong></span> <span class='ocrx_word' id='word_1_16' title='bbox 1458 459 1698 529; x_wconf 75' lang='grc' dir='ltr'>ἑώρακεν</span> <span class='ocrx_word' id='word_1_17' title='bbox 1738 457 1882 526; x_wconf 81' lang='grc' dir='ltr'>ἡμᾶς</span> <span class='ocrx_word' id='word_1_18' title='bbox 1909 472 1921 516; x_wconf 91' lang='grc'><strong>;</strong></span> 
     </span>
    </p>
   </div>
   <div class='ocr_carea' id='block_1_5' title="bbox 2040 453 3589 538">
    <p class='ocr_par' dir='ltr' id='par_1_5' title="bbox 2048 453 3589 522">
     <span class='ocr_line' id='line_1_5' title="bbox 2048 453 3589 522; baseline 0.001 -16"><span class='ocrx_word' id='word_1_19' title='bbox 2048 466 2229 514; x_wconf 87' lang='lat' dir='ltr'><strong>neunt.</strong></span> <span class='ocrx_word' id='word_1_20' title='bbox 2253 464 2306 510; x_wconf 92' lang='lat' dir='ltr'><strong>et</strong></span> <span class='ocrx_word' id='word_1_21' title='bbox 2329 466 2487 512; x_wconf 88' lang='lat' dir='ltr'><strong>erunt</strong></span> <span class='ocrx_word' id='word_1_22' title='bbox 2517 456 2568 510; x_wconf 90' lang='lat' dir='ltr'><strong>in</strong></span> <span class='ocrx_word' id='word_1_23' title='bbox 2596 453 2832 510; x_wconf 85' lang='lat' dir='ltr'><strong>tenebris</strong></span> <span class='ocrx_word' id='word_1_24' title='bbox 2858 467 3017 522; x_wconf 83' lang='lat' dir='ltr'><strong>opera</strong></span> <span class='ocrx_word' id='word_1_25' title='bbox 3047 467 3230 509; x_wconf 85' lang='lat' dir='ltr'><strong>eorum</strong></span> <span class='ocrx_word' id='word_1_26' title='bbox 3258 470 3270 507; x_wconf 92' lang='lat'>:</span> <span class='ocrx_word' id='word_1_27' title='bbox 3302 463 3351 509; x_wconf 92' lang='lat' dir='ltr'><strong>et</strong></span> <span class='ocrx_word' id='word_1_28' title='bbox 3388 455 3589 517; x_wconf 83' lang='lat' dir='ltr'><strong>dicent,</strong></span> 
     </span>
    </p>
   </div>
   <div class='ocr_carea' id='block_1_6' title="bbox 351 541 1922 627">
    <p class='ocr_par' dir='ltr' id='par_1_6' title="bbox 351 541 1922 627">
     <span class='ocr_line' id='line_1_6' title="bbox 351 541 1922 627; baseline -0.01 -14"><span class='ocrx_word' id='word_1_29' title='bbox 351 560 446 613; x_wconf 79' lang='grc' dir='ltr'>καὶ</span> <span class='ocrx_word' id='word_1_30' title='bbox 471 558 558 621; x_wconf 88' lang='grc' dir='ltr'><strong>τίς</strong></span> <span class='ocrx_word' id='word_1_31' title='bbox 590 558 734 627; x_wconf 77' lang='grc' dir='ltr'>ἡμᾶς</span> <span class='ocrx_word' id='word_1_32' title='bbox 775 553 1058 623; x_wconf 83' lang='grc' dir='ltr'>γνώσεται,</span> <span class='ocrx_word' id='word_1_33' title='bbox 1087 553 1121 623; x_wconf 79' lang='grc' dir='ltr'>ἢ</span> <span class='ocrx_word' id='word_1_34' title='bbox 1144 552 1181 606; x_wconf 77' lang='grc' dir='ltr'><strong>ἀ</strong></span> <span class='ocrx_word' id='word_1_35' title='bbox 1236 553 1395 622; x_wconf 85' lang='grc' dir='ltr'>ἡμεῖς</span> <span class='ocrx_word' id='word_1_36' title='bbox 1425 550 1716 619; x_wconf 77' lang='grc' dir='ltr'>ποιοῦμενς</span> <span class='ocrx_word' id='word_1_37' title='bbox 1746 572 1764 599; x_wconf 69' lang='grc' dir='ltr'><strong><em>υ</em></strong></span> <span class='ocrx_word' id='word_1_38' title='bbox 1810 541 1922 599; x_wconf 85' lang='grc' dir='ltr'><strong>Εἶτ’</strong></span> 
     </span>
    </p>
   </div>
   <div class='ocr_carea' id='block_1_7' title="bbox 351 640 1924 720">
    <p class='ocr_par' dir='ltr' id='par_1_7' title="bbox 351 640 1924 720">
     <span class='ocr_line' id='line_1_7' title="bbox 351 640 1924 720; baseline -0.009 -16"><span class='ocrx_word' id='word_1_39' title='bbox 351 649 651 720; x_wconf 81' lang='grc' dir='ltr'>ἐπειδήπερ</span> <span class='ocrx_word' id='word_1_40' title='bbox 674 646 941 699; x_wconf 85' lang='grc' dir='ltr'>θεοσεϐεῖν</span> <span class='ocrx_word' id='word_1_41' title='bbox 969 643 1421 713; x_wconf 85' lang='grc' dir='ltr'>ἐπαγγελλόμενοι</span> <span class='ocrx_word' id='word_1_42' title='bbox 1452 644 1564 705; x_wconf 91' lang='grc' dir='ltr'>τοῖς</span> <span class='ocrx_word' id='word_1_43' title='bbox 1592 640 1844 710; x_wconf 88' lang='grc' dir='ltr'>χείλεσιν,</span> <span class='ocrx_word' id='word_1_44' title='bbox 1868 640 1924 691; x_wconf 88' lang='grc' dir='ltr'><strong>ἐν</strong></span> 
     </span>
    </p>
   </div>
   <div class='ocr_carea' id='block_1_8' title="bbox 351 732 1926 814">
    <p class='ocr_par' dir='ltr' id='par_1_8' title="bbox 351 732 1926 814">
     <span class='ocr_line' id='line_1_8' title="bbox 351 732 1926 814; baseline -0.009 -16"><span class='ocrx_word' id='word_1_45' title='bbox 351 743 428 814; x_wconf 82' lang='grc' dir='ltr'>τῷ</span> <span class='ocrx_word' id='word_1_46' title='bbox 465 741 697 812; x_wconf 82' lang='grc' dir='ltr'>κρυπτῷ</span> <span class='ocrx_word' id='word_1_47' title='bbox 728 740 795 794; x_wconf 79' lang='grc' dir='ltr'>τὰ</span> <span class='ocrx_word' id='word_1_48' title='bbox 832 738 1080 810; x_wconf 81' lang='grc' dir='ltr'>χείριστα</span> <span class='ocrx_word' id='word_1_49' title='bbox 1110 736 1507 807; x_wconf 84' lang='grc' dir='ltr'><strong>διεπράττοντο,</strong></span> <span class='ocrx_word' id='word_1_50' title='bbox 1562 732 1926 804; x_wconf 83' lang='grc' dir='ltr'>φαρμακείαις</span> 
     </span>
    </p>
   </div>
   <div class='ocr_carea' id='block_1_9' title="bbox 352 823 1924 904">
    <p class='ocr_par' dir='ltr' id='par_1_9' title="bbox 352 823 1924 904">
     <span class='ocr_line' id='line_1_9' title="bbox 352 823 1924 904; baseline -0.009 -16"><span class='ocrx_word' id='word_1_51' title='bbox 352 836 447 888; x_wconf 78' lang='grc' dir='ltr'>καὶ</span> <span class='ocrx_word' id='word_1_52' title='bbox 470 831 856 904; x_wconf 86' lang='grc' dir='ltr'>ἀκαθαρσίαις,</span> <span class='ocrx_word' id='word_1_53' title='bbox 892 831 987 883; x_wconf 77' lang='grc' dir='ltr'><strong>καὶ</strong></span> <span class='ocrx_word' id='word_1_54' title='bbox 1009 830 1195 892; x_wconf 86' lang='grc' dir='ltr'>ἄλλαις</span> <span class='ocrx_word' id='word_1_55' title='bbox 1238 827 1457 898; x_wconf 84' lang='grc' dir='ltr'>μυρίαις</span> <span class='ocrx_word' id='word_1_56' title='bbox 1479 825 1754 895; x_wconf 80' lang='grc' dir='ltr'>ἀθεμίτοις</span> <span class='ocrx_word' id='word_1_57' title='bbox 1783 823 1924 892; x_wconf 88' lang='grc' dir='ltr'>πρά-</span> 
     </span>
    </p>
   </div>
   <div class='ocr_carea' id='block_1_10' title="bbox 354 914 1927 995">
    <p class='ocr_par' dir='ltr' id='par_1_10' title="bbox 354 914 1927 995">
     <span class='ocr_line' id='line_1_10' title="bbox 354 914 1927 995; baseline -0.008 -16"><span class='ocrx_word' id='word_1_58' title='bbox 354 927 467 991; x_wconf 81' lang='grc' dir='ltr'>ξεσι</span> <span class='ocrx_word' id='word_1_59' title='bbox 490 923 899 995; x_wconf 88' lang='grc' dir='ltr'>συμφυρόμενοι</span> <span class='ocrx_word' id='word_1_60' title='bbox 922 938 935 952; x_wconf 90' lang='grc'><strong>·</strong></span> <span class='ocrx_word' id='word_1_61' title='bbox 964 920 1172 974; x_wconf 82' lang='grc' dir='ltr'>πᾶσιδέ</span> <span class='ocrx_word' id='word_1_62' title='bbox 1194 918 1403 981; x_wconf 84' lang='grc' dir='ltr'>τούτοις</span> <span class='ocrx_word' id='word_1_63' title='bbox 1426 917 1728 987; x_wconf 76' lang='grc' dir='ltr'>ἐνεχείρουν</span> <span class='ocrx_word' id='word_1_64' title='bbox 1754 915 1828 978; x_wconf 83' lang='grc' dir='ltr'><strong>ῶς</strong></span> <span class='ocrx_word' id='word_1_65' title='bbox 1854 914 1927 984; x_wconf 87' lang='grc' dir='ltr'><strong>μὴ</strong></span> 
     </span>
    </p>
   </div>
   <div class='ocr_carea' id='block_1_11' title="bbox 353 1007 1929 1091">
    <p class='ocr_par' dir='ltr' id='par_1_11' title="bbox 353 1007 1929 1091">
     <span class='ocr_line' id='line_1_11' title="bbox 353 1007 1929 1091; baseline -0.008 -18"><span class='ocrx_word' id='word_1_66' title='bbox 353 1018 657 1091; x_wconf 73' lang='grc' dir='ltr'>ἐφορῶντος</span> <span class='ocrx_word' id='word_1_67' title='bbox 695 1014 791 1070; x_wconf 82' lang='grc' dir='ltr'>τοῦ</span> <span class='ocrx_word' id='word_1_68' title='bbox 822 1014 958 1069; x_wconf 80' lang='grc' dir='ltr'>Θεοῦ</span> <span class='ocrx_word' id='word_1_69' title='bbox 977 1031 990 1044; x_wconf 93' lang='grc'><strong>·</strong></span> <span class='ocrx_word' id='word_1_70' title='bbox 1018 1013 1240 1076; x_wconf 83' lang='grc' dir='ltr'>εἰκότως</span> <span class='ocrx_word' id='word_1_71' title='bbox 1274 1011 1471 1074; x_wconf 81' lang='grc' dir='ltr'>αὐτοὺς</span> <span class='ocrx_word' id='word_1_72' title='bbox 1499 1008 1771 1074; x_wconf 78' lang='grc' dir='ltr'>ταλανίζει</span> <span class='ocrx_word' id='word_1_73' title='bbox 1800 1007 1929 1063; x_wconf 84' lang='grc' dir='ltr'><strong>ταῦ-</strong></span> 
     </span>
    </p>
   </div>
   <div class='ocr_carea' id='block_1_12' title="bbox 354 1111 652 1179">
    <p class='ocr_par' dir='ltr' id='par_1_12' title="bbox 354 1111 652 1179">
     <span class='ocr_line' id='line_1_12' title="bbox 354 1111 652 1179; baseline -0.01 -14"><span class='ocrx_word' id='word_1_74' title='bbox 354 1129 419 1165; x_wconf 89' lang='grc' dir='ltr'><strong>τα</strong></span> <span class='ocrx_word' id='word_1_75' title='bbox 443 1111 619 1179; x_wconf 85' lang='grc' dir='ltr'>λέγων</span> <span class='ocrx_word' id='word_1_76' title='bbox 638 1126 652 1142; x_wconf 79' lang='grc' dir='ltr'><strong>ο</strong></span> 
     </span>
    </p>
   </div>
   <div class='ocr_carea' id='block_1_13' title="bbox 429 1191 1930 1272">
    <p class='ocr_par' dir='ltr' id='par_1_13' title="bbox 429 1191 1930 1272">
     <span class='ocr_line' id='line_1_13' title="bbox 429 1191 1930 1272; baseline -0.007 -16"><span class='ocrx_word' id='word_1_77' title='bbox 429 1223 448 1256; x_wconf 75' lang='grc' dir='ltr'><strong>ι</strong></span> <span class='ocrx_word' id='word_1_78' title='bbox 474 1204 591 1272; x_wconf 83' lang='grc' dir='ltr'>Οὐχ</span> <span class='ocrx_word' id='word_1_79' title='bbox 630 1201 707 1264; x_wconf 83' lang='grc' dir='ltr'>ὡς</span> <span class='ocrx_word' id='word_1_80' title='bbox 733 1198 901 1269; x_wconf 83' lang='grc' dir='ltr'>πηλὸς</span> <span class='ocrx_word' id='word_1_81' title='bbox 933 1196 1025 1251; x_wconf 81' lang='grc' dir='ltr'>τοῦ</span> <span class='ocrx_word' id='word_1_82' title='bbox 1064 1195 1350 1268; x_wconf 80' lang='grc' dir='ltr'>κεραμέως</span> <span class='ocrx_word' id='word_1_83' title='bbox 1392 1193 1808 1266; x_wconf 87' lang='grc' dir='ltr'>λογισθήσεσθε;</span> <span class='ocrx_word' id='word_1_84' title='bbox 1838 1191 1930 1263; x_wconf 81' lang='grc' dir='ltr'><strong>Μὴ</strong></span> 
     </span>
    </p>
   </div>
   <div class='ocr_carea' id='block_1_14' title="bbox 357 1285 1931 1367">
    <p class='ocr_par' dir='ltr' id='par_1_14' title="bbox 357 1285 1931 1367">
     <span class='ocr_line' id='line_1_14' title="bbox 357 1285 1931 1367; baseline -0.008 -18"><span class='ocrx_word' id='word_1_85' title='bbox 357 1298 470 1367; x_wconf 85' lang='grc' dir='ltr'>ἐρεῖ</span> <span class='ocrx_word' id='word_1_86' title='bbox 498 1296 562 1348; x_wconf 83' lang='grc' dir='ltr'><strong>τὸ</strong></span> <span class='ocrx_word' id='word_1_87' title='bbox 590 1293 816 1362; x_wconf 84' lang='grc' dir='ltr'>πλάσμα</span> <span class='ocrx_word' id='word_1_88' title='bbox 847 1290 924 1362; x_wconf 82' lang='grc' dir='ltr'>τῷ</span> <span class='ocrx_word' id='word_1_89' title='bbox 976 1289 1239 1343; x_wconf 81' lang='grc' dir='ltr'>πλάσαντι</span> <span class='ocrx_word' id='word_1_90' title='bbox 1286 1288 1437 1353; x_wconf 83' lang='grc' dir='ltr'>αὐτὸ,</span> <span class='ocrx_word' id='word_1_91' title='bbox 1472 1288 1550 1341; x_wconf 82' lang='grc' dir='ltr'><strong>Οὐ</strong></span> <span class='ocrx_word' id='word_1_92' title='bbox 1582 1286 1644 1339; x_wconf 92' lang='grc' dir='ltr'><strong>σύ</strong></span> <span class='ocrx_word' id='word_1_93' title='bbox 1679 1303 1747 1357; x_wconf 90' lang='grc' dir='ltr'><strong>με</strong></span> <span class='ocrx_word' id='word_1_94' title='bbox 1769 1285 1931 1338; x_wconf 87' lang='grc' dir='ltr'>ἔπλα-</span> 
     </span>
    </p>
   </div>
   <div class='ocr_carea' id='block_1_15' title="bbox 359 1377 1932 1457">
    <p class='ocr_par' dir='ltr' id='par_1_15' title="bbox 359 1377 1932 1457">
     <span class='ocr_line' id='line_1_15' title="bbox 359 1377 1932 1457; baseline -0.007 -17"><span class='ocrx_word' id='word_1_95' title='bbox 359 1404 482 1452; x_wconf 80' lang='grc' dir='ltr'>σαςς</span> <span class='ocrx_word' id='word_1_96' title='bbox 512 1387 546 1457; x_wconf 79' lang='grc' dir='ltr'>ἢ</span> <span class='ocrx_word' id='word_1_97' title='bbox 570 1385 629 1438; x_wconf 86' lang='grc' dir='ltr'><strong>τὸ</strong></span> <span class='ocrx_word' id='word_1_98' title='bbox 650 1384 776 1455; x_wconf 88' lang='grc' dir='ltr'>ποίη</span> <span class='ocrx_word' id='word_1_99' title='bbox 786 1401 859 1454; x_wconf 88' lang='grc' dir='ltr'><strong>μα</strong></span> <span class='ocrx_word' id='word_1_100' title='bbox 876 1380 952 1453; x_wconf 84' lang='grc' dir='ltr'><strong>τῷ</strong></span> <span class='ocrx_word' id='word_1_101' title='bbox 975 1382 1279 1453; x_wconf 89' lang='grc' dir='ltr'>ποιήσαντι,</span> <span class='ocrx_word' id='word_1_102' title='bbox 1306 1381 1379 1434; x_wconf 88' lang='grc' dir='ltr'><strong>Οὐ</strong></span> <span class='ocrx_word' id='word_1_103' title='bbox 1405 1380 1636 1442; x_wconf 85' lang='grc' dir='ltr'>συνετῶς</span> <span class='ocrx_word' id='word_1_104' title='bbox 1659 1396 1726 1449; x_wconf 89' lang='grc' dir='ltr'><strong>με</strong></span> <span class='ocrx_word' id='word_1_105' title='bbox 1748 1377 1932 1448; x_wconf 88' lang='grc' dir='ltr'>ἐποίη-</span> 
     </span>
    </p>
   </div>
   <div class='ocr_carea' id='block_1_16' title="bbox 361 1471 1932 1546">
    <p class='ocr_par' dir='ltr' id='par_1_16' title="bbox 361 1471 1932 1546">
     <span class='ocr_line' id='line_1_16' title="bbox 361 1471 1932 1546; baseline -0.006 -14"><span class='ocrx_word' id='word_1_106' title='bbox 361 1496 491 1544; x_wconf 87' lang='grc' dir='ltr'>σας;</span> <span class='ocrx_word' id='word_1_107' title='bbox 521 1497 542 1529; x_wconf 70' lang='grc' dir='ltr'><strong>ι</strong></span> <span class='ocrx_word' id='word_1_108' title='bbox 577 1478 639 1531; x_wconf 77' lang='lat' dir='ltr'><strong>El</strong></span> <span class='ocrx_word' id='word_1_109' title='bbox 671 1474 779 1546; x_wconf 85' lang='grc' dir='ltr'>γὰρ</span> <span class='ocrx_word' id='word_1_110' title='bbox 823 1474 887 1544; x_wconf 81' lang='grc' dir='ltr'>δὴ</span> <span class='ocrx_word' id='word_1_111' title='bbox 920 1473 1118 1537; x_wconf 88' lang='grc' dir='ltr'>πάντες</span> <span class='ocrx_word' id='word_1_112' title='bbox 1149 1472 1424 1543; x_wconf 78' lang='grc' dir='ltr'>ἅνθρωποι</span> <span class='ocrx_word' id='word_1_113' title='bbox 1462 1471 1616 1542; x_wconf 84' lang='grc' dir='ltr'><strong>πηλῷ</strong></span> <span class='ocrx_word' id='word_1_114' title='bbox 1645 1471 1932 1543; x_wconf 81' lang='grc' dir='ltr'>κεραμέως</span> 
     </span>
    </p>
   </div>
   <div class='ocr_carea' id='block_1_17' title="bbox 360 1561 1930 1639">
    <p class='ocr_par' dir='ltr' id='par_1_17' title="bbox 360 1561 1930 1639">
     <span class='ocr_line' id='line_1_17' title="bbox 360 1561 1930 1639; baseline -0.006 -17"><span class='ocrx_word' id='word_1_115' title='bbox 360 1569 614 1639; x_wconf 81' lang='grc' dir='ltr'>ἐοίκαμεν</span> <span class='ocrx_word' id='word_1_116' title='bbox 645 1566 733 1619; x_wconf 80' lang='grc' dir='ltr'>διὰ</span> <span class='ocrx_word' id='word_1_117' title='bbox 748 1566 806 1618; x_wconf 85' lang='grc' dir='ltr'><strong>τὸ</strong></span> <span class='ocrx_word' id='word_1_118' title='bbox 829 1565 1049 1636; x_wconf 83' lang='grc' dir='ltr'>πήλινον</span> <span class='ocrx_word' id='word_1_119' title='bbox 1081 1565 1235 1635; x_wconf 83' lang='grc' dir='ltr'>ἡμῶν</span> <span class='ocrx_word' id='word_1_120' title='bbox 1258 1563 1436 1635; x_wconf 87' lang='grc' dir='ltr'>σῶμα,</span> <span class='ocrx_word' id='word_1_121' title='bbox 1470 1562 1585 1626; x_wconf 88' lang='grc' dir='ltr'><strong>πῶς</strong></span> <span class='ocrx_word' id='word_1_122' title='bbox 1615 1562 1713 1631; x_wconf 83' lang='grc' dir='ltr'><strong>οὐχ</strong></span> <span class='ocrx_word' id='word_1_123' title='bbox 1741 1561 1930 1613; x_wconf 72' lang='grc' dir='ltr'>ἕπεται</span> 
     </span>
    </p>
   </div>
   <div class='ocr_carea' id='block_1_18' title="bbox 360 1653 1933 1729">
    <p class='ocr_par' dir='ltr' id='par_1_18' title="bbox 360 1653 1933 1729">
     <span class='ocr_line' id='line_1_18' title="bbox 360 1653 1933 1729; baseline -0.006 -14"><span class='ocrx_word' id='word_1_124' title='bbox 360 1663 519 1724; x_wconf 88' lang='grc' dir='ltr'>νοεῖν,</span> <span class='ocrx_word' id='word_1_125' title='bbox 549 1661 630 1713; x_wconf 81' lang='grc' dir='ltr'><strong>ὅτι</strong></span> <span class='ocrx_word' id='word_1_126' title='bbox 658 1658 735 1729; x_wconf 82' lang='grc' dir='ltr'><strong>μὴ</strong></span> <span class='ocrx_word' id='word_1_127' title='bbox 760 1657 983 1711; x_wconf 80' lang='grc' dir='ltr'>δυνατὸν</span> <span class='ocrx_word' id='word_1_128' title='bbox 1013 1656 1195 1710; x_wconf 87' lang='grc' dir='ltr'>λαθεῖν</span> <span class='ocrx_word' id='word_1_129' title='bbox 1222 1656 1315 1709; x_wconf 85' lang='grc' dir='ltr'><strong>τὸν</strong></span> <span class='ocrx_word' id='word_1_130' title='bbox 1349 1655 1596 1726; x_wconf 84' lang='grc' dir='ltr'>ποιητὴν,</span> <span class='ocrx_word' id='word_1_131' title='bbox 1625 1653 1813 1717; x_wconf 81' lang='grc' dir='ltr'>ὁποίας</span> <span class='ocrx_word' id='word_1_132' title='bbox 1844 1654 1933 1724; x_wconf 89' lang='grc' dir='ltr'>ἐρ-</span> 
     </span>
    </p>
   </div>
   <div class='ocr_carea' id='block_1_19' title="bbox 363 1745 2007 1843">
    <p class='ocr_par' dir='ltr' id='par_1_19' title="bbox 363 1745 2007 1843">
     <span class='ocr_line' id='line_1_19' title="bbox 363 1745 2007 1843; baseline -0.005 -37"><span class='ocrx_word' id='word_1_133' title='bbox 363 1752 551 1821; x_wconf 89' lang='grc' dir='ltr'>γασίας</span> <span class='ocrx_word' id='word_1_134' title='bbox 573 1750 807 1822; x_wconf 85' lang='grc' dir='ltr'>ὑπάρχει</span> <span class='ocrx_word' id='word_1_135' title='bbox 834 1748 894 1802; x_wconf 82' lang='grc' dir='ltr'>τὸ</span> <span class='ocrx_word' id='word_1_136' title='bbox 924 1749 1014 1801; x_wconf 82' lang='grc' dir='ltr'>ὑπ’</span> <span class='ocrx_word' id='word_1_137' title='bbox 1045 1747 1207 1801; x_wconf 81' lang='grc' dir='ltr'>αὐτοῦ</span> <span class='ocrx_word' id='word_1_138' title='bbox 1228 1746 1622 1818; x_wconf 82' lang='grc' dir='ltr'>πεποιημένον;</span> <span class='ocrx_word' id='word_1_139' title='bbox 1651 1746 1748 1809; x_wconf 87' lang='grc' dir='ltr'><strong>Τίς</strong></span> <span class='ocrx_word' id='word_1_140' title='bbox 1778 1745 1933 1799; x_wconf 89' lang='grc' dir='ltr'>δύνα-</span> <span class='ocrx_word' id='word_1_141' title='bbox 1960 1787 2007 1843; x_wconf 77' lang='grc' dir='ltr'><strong>Β</strong></span> 
     </span>
    </p>
   </div>
   <div class='ocr_carea' id='block_1_20' title="bbox 364 1838 1927 1920">
    <p class='ocr_par' dir='ltr' id='par_1_20' title="bbox 364 1838 1927 1920">
     <span class='ocr_line' id='line_1_20' title="bbox 364 1838 1927 1920; baseline -0.004 -23"><span class='ocrx_word' id='word_1_142' title='bbox 364 1862 471 1908; x_wconf 88' lang='grc' dir='ltr'>ται,</span> <span class='ocrx_word' id='word_1_143' title='bbox 501 1844 533 1913; x_wconf 80' lang='grc' dir='ltr'>ἢ</span> <span class='ocrx_word' id='word_1_144' title='bbox 563 1843 648 1907; x_wconf 88' lang='grc' dir='ltr'><strong>τίς</strong></span> <span class='ocrx_word' id='word_1_145' title='bbox 668 1840 929 1920; x_wconf 78' lang='grc' dir='ltr'>τολμήσει</span> <span class='ocrx_word' id='word_1_146' title='bbox 953 1841 1137 1909; x_wconf 78' lang='grc' dir='ltr'>φάναι,</span> <span class='ocrx_word' id='word_1_147' title='bbox 1162 1841 1245 1893; x_wconf 84' lang='grc' dir='ltr'>ὃτι</span> <span class='ocrx_word' id='word_1_148' title='bbox 1271 1839 1346 1910; x_wconf 84' lang='grc' dir='ltr'>μὴ</span> <span class='ocrx_word' id='word_1_149' title='bbox 1372 1841 1400 1892; x_wconf 90' lang='grc' dir='ltr'><strong>ὁ</strong></span> <span class='ocrx_word' id='word_1_150' title='bbox 1423 1839 1551 1903; x_wconf 82' lang='grc' dir='ltr'>Θεὸς</span> <span class='ocrx_word' id='word_1_151' title='bbox 1582 1839 1742 1892; x_wconf 77' lang='grc' dir='ltr'>αὐτὸν</span> <span class='ocrx_word' id='word_1_152' title='bbox 1767 1838 1927 1891; x_wconf 86' lang='grc' dir='ltr'>ἔπλα-</span> 
     </span>
    </p>
   </div>
   <div class='ocr_carea' id='block_1_21' title="bbox 369 1930 1927 2003">
    <p class='ocr_par' dir='ltr' id='par_1_21' title="bbox 369 1930 1927 2003">
     <span class='ocr_line' id='line_1_21' title="bbox 369 1930 1927 2003; baseline -0.004 -12"><span class='ocrx_word' id='word_1_153' title='bbox 369 1953 494 2002; x_wconf 89' lang='grc' dir='ltr'>σεν;</span> <span class='ocrx_word' id='word_1_154' title='bbox 528 1937 588 1989; x_wconf 75' lang='lat' dir='ltr'><strong>Ei</strong></span> <span class='ocrx_word' id='word_1_155' title='bbox 619 1935 675 1988; x_wconf 85' lang='grc' dir='ltr'>δὲ</span> <span class='ocrx_word' id='word_1_156' title='bbox 704 1935 803 1988; x_wconf 85' lang='grc' dir='ltr'><strong>οὐκ</strong></span> <span class='ocrx_word' id='word_1_157' title='bbox 836 1934 904 1987; x_wconf 85' lang='grc' dir='ltr'><strong>ἂν</strong></span> <span class='ocrx_word' id='word_1_158' title='bbox 931 1932 1071 1986; x_wconf 82' lang='grc' dir='ltr'>εἴποι</span> <span class='ocrx_word' id='word_1_159' title='bbox 1100 1932 1272 1987; x_wconf 81' lang='grc' dir='ltr'>ταῦτά</span> <span class='ocrx_word' id='word_1_160' title='bbox 1302 1949 1433 1986; x_wconf 92' lang='grc' dir='ltr'>ποτε</span> <span class='ocrx_word' id='word_1_161' title='bbox 1461 1931 1590 2002; x_wconf 75' lang='grc' dir='ltr'>περὶ</span> <span class='ocrx_word' id='word_1_162' title='bbox 1631 1930 1725 1985; x_wconf 81' lang='grc' dir='ltr'>τοῦ</span> <span class='ocrx_word' id='word_1_163' title='bbox 1761 1949 1927 2003; x_wconf 85' lang='grc' dir='ltr'>κερα-</span> 
     </span>
    </p>
   </div>
   <div class='ocr_carea' id='block_1_22' title="bbox 373 2021 1928 2097">
    <p class='ocr_par' dir='ltr' id='par_1_22' title="bbox 373 2021 1928 2097">
     <span class='ocr_line' id='line_1_22' title="bbox 373 2021 1928 2097; baseline -0.004 -17"><span class='ocrx_word' id='word_1_164' title='bbox 373 2026 512 2097; x_wconf 84' lang='grc' dir='ltr'>μέως</span> <span class='ocrx_word' id='word_1_165' title='bbox 540 2028 567 2079; x_wconf 87' lang='grc' dir='ltr'><strong>ὁ</strong></span> <span class='ocrx_word' id='word_1_166' title='bbox 598 2022 952 2093; x_wconf 87' lang='grc' dir='ltr'>ὑποκείμενος</span> <span class='ocrx_word' id='word_1_167' title='bbox 983 2021 1131 2093; x_wconf 87' lang='grc' dir='ltr'>αύτῷ</span> <span class='ocrx_word' id='word_1_168' title='bbox 1159 2022 1347 2093; x_wconf 83' lang='grc' dir='ltr'>πηλὸς,</span> <span class='ocrx_word' id='word_1_169' title='bbox 1385 2021 1561 2093; x_wconf 82' lang='grc' dir='ltr'>δῆλον,</span> <span class='ocrx_word' id='word_1_170' title='bbox 1593 2021 1669 2085; x_wconf 80' lang='grc' dir='ltr'>ὡς</span> <span class='ocrx_word' id='word_1_171' title='bbox 1712 2021 1928 2091; x_wconf 85' lang='grc' dir='ltr'>μάταιοι</span> 
     </span>
    </p>
   </div>
   <div class='ocr_carea' id='block_1_23' title="bbox 373 2113 1929 2187">
    <p class='ocr_par' dir='ltr' id='par_1_23' title="bbox 373 2113 1929 2187">
     <span class='ocr_line' id='line_1_23' title="bbox 373 2113 1929 2187; baseline -0.006 -14"><span class='ocrx_word' id='word_1_172' title='bbox 373 2120 562 2183; x_wconf 79' lang='grc' dir='ltr'>πάντες</span> <span class='ocrx_word' id='word_1_173' title='bbox 590 2120 640 2171; x_wconf 87' lang='grc' dir='ltr'><strong>οί</strong></span> <span class='ocrx_word' id='word_1_174' title='bbox 672 2117 817 2171; x_wconf 89' lang='grc' dir='ltr'>ἔνδον</span> <span class='ocrx_word' id='word_1_175' title='bbox 843 2118 910 2187; x_wconf 74' lang='grc' dir='ltr'><strong>τῇ</strong></span> <span class='ocrx_word' id='word_1_176' title='bbox 948 2116 1091 2187; x_wconf 82' lang='grc' dir='ltr'>ψυχῇ</span> <span class='ocrx_word' id='word_1_177' title='bbox 1122 2114 1300 2169; x_wconf 83' lang='grc' dir='ltr'>αὐτῶν</span> <span class='ocrx_word' id='word_1_178' title='bbox 1345 2114 1537 2185; x_wconf 81' lang='grc' dir='ltr'>βουλὴν</span> <span class='ocrx_word' id='word_1_179' title='bbox 1569 2113 1787 2183; x_wconf 67' lang='grc' dir='ltr'>βαθεῖαν</span> <span class='ocrx_word' id='word_1_180' title='bbox 1817 2114 1929 2167; x_wconf 88' lang='grc' dir='ltr'>δια-</span> 
     </span>
    </p>
   </div>
   <div class='ocr_carea' id='block_1_24' title="bbox 375 2203 1931 2280">
    <p class='ocr_par' dir='ltr' id='par_1_24' title="bbox 375 2203 1931 2280">
     <span class='ocr_line' id='line_1_24' title="bbox 375 2203 1931 2280; baseline -0.006 -16"><span class='ocrx_word' id='word_1_181' title='bbox 375 2209 659 2280; x_wconf 83' lang='grc' dir='ltr'>νοούμενοι,</span> <span class='ocrx_word' id='word_1_182' title='bbox 700 2210 796 2262; x_wconf 74' lang='grc' dir='ltr'><strong>καὶ</strong></span> <span class='ocrx_word' id='word_1_183' title='bbox 847 2207 939 2260; x_wconf 82' lang='grc' dir='ltr'><strong>τὸν</strong></span> <span class='ocrx_word' id='word_1_184' title='bbox 977 2207 1108 2259; x_wconf 86' lang='grc' dir='ltr'>Θεὸν</span> <span class='ocrx_word' id='word_1_185' title='bbox 1153 2208 1386 2277; x_wconf 85' lang='grc' dir='ltr'>οἰόμενοι</span> <span class='ocrx_word' id='word_1_186' title='bbox 1418 2205 1634 2273; x_wconf 82' lang='grc' dir='ltr'>ἀγνοεῖν</span> <span class='ocrx_word' id='word_1_187' title='bbox 1656 2204 1725 2258; x_wconf 81' lang='grc' dir='ltr'>τὰ</span> <span class='ocrx_word' id='word_1_188' title='bbox 1770 2206 1826 2257; x_wconf 86' lang='grc' dir='ltr'><strong>ἐν</strong></span> <span class='ocrx_word' id='word_1_189' title='bbox 1853 2203 1931 2273; x_wconf 84' lang='grc' dir='ltr'><strong>τῷ</strong></span> 
     </span>
    </p>
   </div>
   <div class='ocr_carea' id='block_1_25' title="bbox 383 2296 1307 2371">
    <p class='ocr_par' dir='ltr' id='par_1_25' title="bbox 383 2296 1307 2371">
     <span class='ocr_line' id='line_1_25' title="bbox 383 2296 1307 2371; baseline -0.004 -16"><span class='ocrx_word' id='word_1_190' title='bbox 383 2300 546 2370; x_wconf 85' lang='grc' dir='ltr'>σκότῳ</span> <span class='ocrx_word' id='word_1_191' title='bbox 576 2299 918 2371; x_wconf 89' lang='grc' dir='ltr'>πραττόμενα</span> <span class='ocrx_word' id='word_1_192' title='bbox 947 2298 1128 2360; x_wconf 82' lang='grc' dir='ltr'>αὐτοῖς</span> <span class='ocrx_word' id='word_1_193' title='bbox 1152 2296 1307 2368; x_wconf 79' lang='grc' dir='ltr'>ἔργα.</span> 
     </span>
    </p>
   </div>
   <div class='ocr_carea' id='block_1_26' title="bbox 458 2387 1931 2462">
    <p class='ocr_par' dir='ltr' id='par_1_26' title="bbox 458 2387 1931 2462">
     <span class='ocr_line' id='line_1_26' title="bbox 458 2387 1931 2462; baseline -0.005 -16"><span class='ocrx_word' id='word_1_194' title='bbox 458 2411 475 2445; x_wconf 83' lang='grc' dir='ltr'><strong>ι</strong></span> <span class='ocrx_word' id='word_1_195' title='bbox 498 2394 685 2446; x_wconf 79' lang='grc' dir='ltr'>Οὐκέτι</span> <span class='ocrx_word' id='word_1_196' title='bbox 715 2391 900 2462; x_wconf 80' lang='grc' dir='ltr'>μικρὸν</span> <span class='ocrx_word' id='word_1_197' title='bbox 929 2391 1026 2443; x_wconf 79' lang='grc' dir='ltr'><strong>καὶ</strong></span> <span class='ocrx_word' id='word_1_198' title='bbox 1061 2391 1480 2461; x_wconf 87' lang='grc' dir='ltr'>μετατεθήσεται</span> <span class='ocrx_word' id='word_1_199' title='bbox 1510 2391 1539 2443; x_wconf 89' lang='grc' dir='ltr'><strong>ὁ</strong></span> <span class='ocrx_word' id='word_1_200' title='bbox 1574 2388 1823 2451; x_wconf 88' lang='grc' dir='ltr'>Λίϐανος,</span> <span class='ocrx_word' id='word_1_201' title='bbox 1857 2387 1931 2450; x_wconf 86' lang='grc' dir='ltr'>ὡς</span> 
     </span>
    </p>
   </div>
   <div class='ocr_carea' id='block_1_27' title="bbox 382 2478 1934 2554">
    <p class='ocr_par' dir='ltr' id='par_1_27' title="bbox 382 2478 1934 2554">
     <span class='ocr_line' id='line_1_27' title="bbox 382 2478 1934 2554; baseline -0.004 -18"><span class='ocrx_word' id='word_1_202' title='bbox 382 2483 443 2536; x_wconf 84' lang='grc' dir='ltr'>τὸ</span> <span class='ocrx_word' id='word_1_203' title='bbox 472 2484 589 2554; x_wconf 84' lang='grc' dir='ltr'>ὅρος</span> <span class='ocrx_word' id='word_1_204' title='bbox 618 2482 678 2536; x_wconf 81' lang='grc' dir='ltr'>τὸ</span> <span class='ocrx_word' id='word_1_205' title='bbox 700 2480 930 2553; x_wconf 82' lang='grc' dir='ltr'>Χέρμελ,</span> <span class='ocrx_word' id='word_1_206' title='bbox 955 2480 1047 2535; x_wconf 80' lang='grc' dir='ltr'><strong>καὶ</strong></span> <span class='ocrx_word' id='word_1_207' title='bbox 1077 2481 1138 2533; x_wconf 88' lang='grc' dir='ltr'><strong>τὸ</strong></span> <span class='ocrx_word' id='word_1_208' title='bbox 1184 2480 1401 2551; x_wconf 87' lang='grc' dir='ltr'>Χέρμελ</span> <span class='ocrx_word' id='word_1_209' title='bbox 1430 2481 1510 2542; x_wconf 87' lang='grc' dir='ltr'><strong>είς</strong></span> <span class='ocrx_word' id='word_1_210' title='bbox 1555 2478 1756 2548; x_wconf 82' lang='grc' dir='ltr'>δρυμὸν</span> <span class='ocrx_word' id='word_1_211' title='bbox 1787 2478 1934 2546; x_wconf 82' lang='grc' dir='ltr'>λογι-</span> 
     </span>
    </p>
   </div>
   <div class='ocr_carea' id='block_1_28' title="bbox 381 2569 1933 2646">
    <p class='ocr_par' dir='ltr' id='par_1_28' title="bbox 381 2569 1933 2646">
     <span class='ocr_line' id='line_1_28' title="bbox 381 2569 1933 2646; baseline -0.005 -17"><span class='ocrx_word' id='word_1_212' title='bbox 381 2576 624 2646; x_wconf 81' lang='grc' dir='ltr'>σθήσεται</span> <span class='ocrx_word' id='word_1_213' title='bbox 648 2592 662 2638; x_wconf 88' lang='lat'><strong>;</strong></span> <span class='ocrx_word' id='word_1_214' title='bbox 690 2594 708 2626; x_wconf 75' lang='grc' dir='ltr'><strong>ι</strong></span> <span class='ocrx_word' id='word_1_215' title='bbox 742 2573 965 2628; x_wconf 89' lang='grc' dir='ltr'>Λίϐανον</span> <span class='ocrx_word' id='word_1_216' title='bbox 992 2572 1089 2643; x_wconf 84' lang='grc' dir='ltr'><strong>μὲν</strong></span> <span class='ocrx_word' id='word_1_217' title='bbox 1119 2570 1211 2625; x_wconf 81' lang='grc' dir='ltr'>τὸν</span> <span class='ocrx_word' id='word_1_218' title='bbox 1240 2572 1300 2636; x_wconf 81' lang='grc' dir='ltr'>ἐξ</span> <span class='ocrx_word' id='word_1_219' title='bbox 1331 2570 1497 2626; x_wconf 80' lang='grc' dir='ltr'>ἐθνῶν</span> <span class='ocrx_word' id='word_1_220' title='bbox 1522 2571 1670 2635; x_wconf 87' lang='grc' dir='ltr'>λαὸν,</span> <span class='ocrx_word' id='word_1_221' title='bbox 1703 2569 1933 2640; x_wconf 80' lang='grc' dir='ltr'>Κάρμη-</span> 
     </span>
    </p>
   </div>
   <div class='ocr_carea' id='block_1_29' title="bbox 377 2661 1936 2736">
    <p class='ocr_par' dir='ltr' id='par_1_29' title="bbox 377 2661 1936 2736">
     <span class='ocr_line' id='line_1_29' title="bbox 377 2661 1936 2736; baseline -0.002 -16"><span class='ocrx_word' id='word_1_222' title='bbox 377 2666 533 2720; x_wconf 84' lang='grc' dir='ltr'>λονδέ</span> <span class='ocrx_word' id='word_1_223' title='bbox 557 2667 616 2721; x_wconf 88' lang='grc' dir='ltr'><strong>τδ</strong></span> <span class='ocrx_word' id='word_1_224' title='bbox 630 2666 891 2720; x_wconf 85' lang='grc' dir='ltr'>Ἰουδαίων</span> <span class='ocrx_word' id='word_1_225' title='bbox 926 2665 1073 2727; x_wconf 91' lang='grc' dir='ltr'>ἔθνος</span> <span class='ocrx_word' id='word_1_226' title='bbox 1098 2661 1227 2736; x_wconf 78' lang='grc'>(55).</span> <span class='ocrx_word' id='word_1_227' title='bbox 1252 2664 1506 2718; x_wconf 84' lang='grc' dir='ltr'>Ἔσεσθαι</span> <span class='ocrx_word' id='word_1_228' title='bbox 1525 2663 1702 2718; x_wconf 88' lang='grc' dir='ltr'>τοίνυν</span> <span class='ocrx_word' id='word_1_229' title='bbox 1724 2678 1936 2735; x_wconf 85' lang='grc' dir='ltr'>προφη-</span> 
     </span>
    </p>
   </div>
   <div class='ocr_carea' id='block_1_30' title="bbox 374 2751 1935 2829">
    <p class='ocr_par' dir='ltr' id='par_1_30' title="bbox 374 2751 1935 2829">
     <span class='ocr_line' id='line_1_30' title="bbox 374 2751 1935 2829; baseline 0 -18"><span class='ocrx_word' id='word_1_230' title='bbox 374 2759 514 2812; x_wconf 87' lang='grc' dir='ltr'>τεύει</span> <span class='ocrx_word' id='word_1_231' title='bbox 537 2759 596 2812; x_wconf 83' lang='grc' dir='ltr'>τὸ</span> <span class='ocrx_word' id='word_1_232' title='bbox 618 2760 716 2829; x_wconf 79' lang='grc' dir='ltr'><strong>μὲν</strong></span> <span class='ocrx_word' id='word_1_233' title='bbox 755 2757 1021 2812; x_wconf 81' lang='grc' dir='ltr'>Ἰουδαίων</span> <span class='ocrx_word' id='word_1_234' title='bbox 1062 2757 1212 2821; x_wconf 87' lang='grc' dir='ltr'>ἔθνος</span> <span class='ocrx_word' id='word_1_235' title='bbox 1243 2751 1353 2810; x_wconf 78' lang='grc' dir='ltr'>οἷόν</span> <span class='ocrx_word' id='word_1_236' title='bbox 1388 2774 1511 2811; x_wconf 89' lang='grc' dir='ltr'>τινα</span> <span class='ocrx_word' id='word_1_237' title='bbox 1538 2756 1740 2827; x_wconf 81' lang='grc' dir='ltr'>δρυμὸν</span> <span class='ocrx_word' id='word_1_238' title='bbox 1762 2755 1935 2823; x_wconf 84' lang='grc' dir='ltr'>ξύλων</span> 
     </span>
    </p>
   </div>
   <div class='ocr_carea' id='block_1_31' title="bbox 375 2847 1935 2922">
    <p class='ocr_par' dir='ltr' id='par_1_31' title="bbox 375 2847 1935 2922">
     <span class='ocr_line' id='line_1_31' title="bbox 375 2847 1935 2922; baseline -0.002 -18"><span class='ocrx_word' id='word_1_239' title='bbox 375 2852 574 2922; x_wconf 83' lang='grc' dir='ltr'>ἀγρίων</span> <span class='ocrx_word' id='word_1_240' title='bbox 605 2851 698 2903; x_wconf 69' lang='grc' dir='ltr'><strong>κα)⁸</strong></span> <span class='ocrx_word' id='word_1_241' title='bbox 739 2849 1023 2921; x_wconf 81' lang='grc' dir='ltr'>ἀκάρπων·</span> <span class='ocrx_word' id='word_1_242' title='bbox 1074 2849 1165 2902; x_wconf 83' lang='grc' dir='ltr'><strong>τὸν</strong></span> <span class='ocrx_word' id='word_1_243' title='bbox 1204 2849 1261 2902; x_wconf 84' lang='grc' dir='ltr'>δὲ</span> <span class='ocrx_word' id='word_1_244' title='bbox 1293 2848 1460 2903; x_wconf 84' lang='grc' dir='ltr'>πάλαι</span> <span class='ocrx_word' id='word_1_245' title='bbox 1504 2847 1694 2919; x_wconf 82' lang='grc' dir='ltr'>δρυμῷ</span> <span class='ocrx_word' id='word_1_246' title='bbox 1726 2847 1935 2902; x_wconf 79' lang='grc' dir='ltr'>ἐοικότα</span> 
     </span>
    </p>
   </div>
   <div class='ocr_carea' id='block_1_32' title="bbox 374 2932 1936 3009">
    <p class='ocr_par' dir='ltr' id='par_1_32' title="bbox 374 2932 1936 3009">
     <span class='ocr_line' id='line_1_32' title="bbox 374 2932 1936 3009; baseline -0.002 -17"><span class='ocrx_word' id='word_1_247' title='bbox 374 2938 619 3002; x_wconf 86' lang='grc' dir='ltr'>Λίϐανον,</span> <span class='ocrx_word' id='word_1_248' title='bbox 646 2938 737 2993; x_wconf 85' lang='grc' dir='ltr'><strong>τὸν</strong></span> <span class='ocrx_word' id='word_1_249' title='bbox 768 2938 827 3003; x_wconf 80' lang='grc' dir='ltr'><strong>ἐξ</strong></span> <span class='ocrx_word' id='word_1_250' title='bbox 858 2938 1025 2992; x_wconf 89' lang='grc' dir='ltr'>ἐθνῶν</span> <span class='ocrx_word' id='word_1_251' title='bbox 1076 2938 1224 3000; x_wconf 86' lang='grc' dir='ltr'>λαὸν,</span> <span class='ocrx_word' id='word_1_252' title='bbox 1274 2940 1453 3001; x_wconf 89' lang='grc' dir='ltr'>ὁποῖος</span> <span class='ocrx_word' id='word_1_253' title='bbox 1481 2932 1550 3009; x_wconf 83' lang='grc' dir='ltr'>ἦν</span> <span class='ocrx_word' id='word_1_254' title='bbox 1582 2954 1712 2991; x_wconf 89' lang='grc' dir='ltr'>ποτε</span> <span class='ocrx_word' id='word_1_255' title='bbox 1739 2938 1768 2989; x_wconf 88' lang='grc' dir='ltr'><strong>ὁ</strong></span> <span class='ocrx_word' id='word_1_256' title='bbox 1810 2938 1936 2990; x_wconf 89' lang='grc' dir='ltr'>Ἰου-</span> 
     </span>
    </p>
   </div>
   <div class='ocr_carea' id='block_1_33' title="bbox 372 3028 1935 3101">
    <p class='ocr_par' dir='ltr' id='par_1_33' title="bbox 372 3028 1935 3101">
     <span class='ocr_line' id='line_1_33' title="bbox 372 3028 1935 3101; baseline 0.001 -20"><span class='ocrx_word' id='word_1_257' title='bbox 372 3028 530 3083; x_wconf 86' lang='grc' dir='ltr'>δαίων</span> <span class='ocrx_word' id='word_1_258' title='bbox 550 3029 698 3094; x_wconf 80' lang='grc' dir='ltr'>λαὺς,</span> <span class='ocrx_word' id='word_1_259' title='bbox 731 3029 1152 3101; x_wconf 81' lang='grc' dir='ltr'>πεπληρωμένος</span> <span class='ocrx_word' id='word_1_260' title='bbox 1178 3029 1405 3100; x_wconf 84' lang='grc' dir='ltr'>δένδρων</span> <span class='ocrx_word' id='word_1_261' title='bbox 1430 3029 1648 3098; x_wconf 82' lang='grc' dir='ltr'>ἀγαθῶν</span> <span class='ocrx_word' id='word_1_262' title='bbox 1679 3030 1772 3083; x_wconf 73' lang='grc' dir='ltr'><strong>καὶ</strong></span> <span class='ocrx_word' id='word_1_263' title='bbox 1801 3046 1935 3082; x_wconf 85' lang='grc' dir='ltr'>παν-</span> 
     </span>
    </p>
   </div>
   <div class='ocr_carea' id='block_1_34' title="bbox 370 3120 1204 3207">
    <p class='ocr_par' dir='ltr' id='par_1_34' title="bbox 370 3120 1204 3193">
     <span class='ocr_line' id='line_1_34' title="bbox 370 3120 1204 3193; baseline -0.001 -18"><span class='ocrx_word' id='word_1_264' title='bbox 370 3122 528 3177; x_wconf 84' lang='grc' dir='ltr'>τοίων</span> <span class='ocrx_word' id='word_1_265' title='bbox 558 3122 739 3193; x_wconf 89' lang='grc' dir='ltr'>φυτῶν</span> <span class='ocrx_word' id='word_1_266' title='bbox 762 3140 822 3175; x_wconf 90' lang='grc' dir='ltr'><strong>τε</strong></span> <span class='ocrx_word' id='word_1_267' title='bbox 843 3122 937 3176; x_wconf 76' lang='grc' dir='ltr'><strong>καὶ</strong></span> <span class='ocrx_word' id='word_1_268' title='bbox 958 3120 1204 3193; x_wconf 67' lang='grc' dir='ltr'>καρπῶν.</span> 
     </span>
    </p>
   </div>
   <div class='ocr_carea' id='block_1_35' title="bbox 439 3300 1939 3374">
    <p class='ocr_par' dir='ltr' id='par_1_35' title="bbox 439 3300 1939 3374">
     <span class='ocr_line' id='line_1_35' title="bbox 439 3300 1939 3374; baseline -0.002 -18"><span class='ocrx_word' id='word_1_269' title='bbox 439 3323 457 3356; x_wconf 77' lang='grc' dir='ltr'><strong>ι</strong></span> <span class='ocrx_word' id='word_1_270' title='bbox 482 3302 599 3357; x_wconf 76' lang='grc' dir='ltr'>Καὶ</span> <span class='ocrx_word' id='word_1_271' title='bbox 625 3302 943 3358; x_wconf 85' lang='grc' dir='ltr'>ἀκούσονται</span> <span class='ocrx_word' id='word_1_272' title='bbox 970 3303 1027 3357; x_wconf 84' lang='grc' dir='ltr'><strong>ἐν</strong></span> <span class='ocrx_word' id='word_1_273' title='bbox 1059 3305 1124 3374; x_wconf 80' lang='grc' dir='ltr'>τῇ</span> <span class='ocrx_word' id='word_1_274' title='bbox 1143 3302 1323 3373; x_wconf 77' lang='grc' dir='ltr'>ἡμέρᾳ</span> <span class='ocrx_word' id='word_1_275' title='bbox 1350 3301 1529 3372; x_wconf 81' lang='grc' dir='ltr'>ἐκείνῃ</span> <span class='ocrx_word' id='word_1_276' title='bbox 1556 3301 1728 3371; x_wconf 80' lang='grc' dir='ltr'>κωφοὶ</span> <span class='ocrx_word' id='word_1_277' title='bbox 1753 3300 1939 3369; x_wconf 85' lang='grc' dir='ltr'>λόγους</span> 
     </span>
    </p>
   </div>
   <div class='ocr_carea' id='block_1_36' title="bbox 382 3392 1941 3466">
    <p class='ocr_par' dir='ltr' id='par_1_36' title="bbox 382 3392 1941 3466">
     <span class='ocr_line' id='line_1_36' title="bbox 382 3392 1941 3466; baseline 0.002 -18"><span class='ocrx_word' id='word_1_278' title='bbox 382 3393 601 3465; x_wconf 88' lang='grc' dir='ltr'>βιϐλίου,</span> <span class='ocrx_word' id='word_1_279' title='bbox 638 3398 734 3451; x_wconf 75' lang='grc' dir='ltr'><strong>καὶ</strong></span> <span class='ocrx_word' id='word_1_280' title='bbox 758 3397 804 3449; x_wconf 80' lang='grc' dir='ltr'>οἱ</span> <span class='ocrx_word' id='word_1_281' title='bbox 825 3396 883 3449; x_wconf 80' lang='grc' dir='ltr'><strong>ἐν</strong></span> <span class='ocrx_word' id='word_1_282' title='bbox 907 3394 987 3466; x_wconf 84' lang='grc' dir='ltr'>τῷ</span> <span class='ocrx_word' id='word_1_283' title='bbox 1025 3395 1225 3459; x_wconf 81' lang='grc' dir='ltr'>σκὰτει,</span> <span class='ocrx_word' id='word_1_284' title='bbox 1256 3396 1350 3449; x_wconf 77' lang='grc' dir='ltr'><strong>καὶ</strong></span> <span class='ocrx_word' id='word_1_285' title='bbox 1370 3395 1418 3448; x_wconf 88' lang='grc' dir='ltr'><strong>οί</strong></span> <span class='ocrx_word' id='word_1_286' title='bbox 1454 3397 1511 3449; x_wconf 87' lang='grc' dir='ltr'><strong>ἐν</strong></span> <span class='ocrx_word' id='word_1_287' title='bbox 1543 3396 1609 3465; x_wconf 86' lang='grc' dir='ltr'>τῇ</span> <span class='ocrx_word' id='word_1_288' title='bbox 1633 3393 1855 3465; x_wconf 84' lang='grc' dir='ltr'>ὁμίχλῃ·</span> <span class='ocrx_word' id='word_1_289' title='bbox 1886 3392 1941 3444; x_wconf 82' lang='grc' dir='ltr'>ὁ·</span> 
     </span>
    </p>
   </div>
   <div class='ocr_carea' id='block_1_37' title="bbox 377 3485 1940 3559">
    <p class='ocr_par' dir='ltr' id='par_1_37' title="bbox 377 3485 1940 3559">
     <span class='ocr_line' id='line_1_37' title="bbox 377 3485 1940 3559; baseline -0.003 -17"><span class='ocrx_word' id='word_1_290' title='bbox 377 3489 610 3559; x_wconf 78' lang='grc' dir='ltr'>φθαλμοὶ</span> <span class='ocrx_word' id='word_1_291' title='bbox 637 3488 850 3558; x_wconf 89' lang='grc' dir='ltr'>τυφλῶν</span> <span class='ocrx_word' id='word_1_292' title='bbox 889 3488 1125 3556; x_wconf 74' lang='grc' dir='ltr'>ὄψονται.</span> <span class='ocrx_word' id='word_1_293' title='bbox 1158 3506 1177 3540; x_wconf 72' lang='grc' dir='ltr'><strong>ι</strong></span> <span class='ocrx_word' id='word_1_294' title='bbox 1220 3487 1387 3550; x_wconf 87' lang='grc' dir='ltr'>Ποίας</span> <span class='ocrx_word' id='word_1_295' title='bbox 1422 3486 1479 3540; x_wconf 87' lang='grc' dir='ltr'><strong>δέ</strong></span> <span class='ocrx_word' id='word_1_296' title='bbox 1517 3485 1719 3557; x_wconf 88' lang='grc' dir='ltr'>βίϐλου,</span> <span class='ocrx_word' id='word_1_297' title='bbox 1742 3485 1776 3555; x_wconf 82' lang='grc' dir='ltr'>ἢ</span> <span class='ocrx_word' id='word_1_298' title='bbox 1807 3486 1940 3540; x_wconf 87' lang='grc' dir='ltr'>ταύ-</span> 
     </span>
    </p>
   </div>
   <div class='ocr_carea' id='block_1_38' title="bbox 370 3573 1936 3654">
    <p class='ocr_par' dir='ltr' id='par_1_38' title="bbox 370 3573 1936 3654">
     <span class='ocr_line' id='line_1_38' title="bbox 370 3573 1936 3654; baseline -0.003 -19"><span class='ocrx_word' id='word_1_299' title='bbox 370 3598 460 3654; x_wconf 87' lang='grc' dir='ltr'><strong>της</strong></span> <span class='ocrx_word' id='word_1_300' title='bbox 488 3582 661 3651; x_wconf 75' lang='grc' dir='ltr'>αύτῆς</span> <span class='ocrx_word' id='word_1_301' title='bbox 675 3581 774 3653; x_wconf 83' lang='grc' dir='ltr'>τῆς</span> <span class='ocrx_word' id='word_1_302' title='bbox 799 3582 932 3653; x_wconf 84' lang='grc' dir='ltr'>μετὰ</span> <span class='ocrx_word' id='word_1_303' title='bbox 946 3583 1152 3652; x_wconf 87' lang='grc' dir='ltr'>χεῖρας,</span> <span class='ocrx_word' id='word_1_304' title='bbox 1173 3582 1302 3651; x_wconf 76' lang='grc' dir='ltr'>περὶ</span> <span class='ocrx_word' id='word_1_305' title='bbox 1326 3573 1393 3652; x_wconf 82' lang='grc' dir='ltr'>ἧς</span> <span class='ocrx_word' id='word_1_306' title='bbox 1417 3578 1672 3650; x_wconf 86' lang='grc' dir='ltr'>ἀνωτέρω</span> <span class='ocrx_word' id='word_1_307' title='bbox 1690 3578 1905 3647; x_wconf 75' lang='grc' dir='ltr'>ἐλέγετο</span> <span class='ocrx_word' id='word_1_308' title='bbox 1923 3596 1936 3608; x_wconf 88' lang='grc'><strong>·</strong></span> 
     </span>
    </p>
   </div>
   <div class='ocr_carea' id='block_1_39' title="bbox 377 3673 1941 3747">
    <p class='ocr_par' dir='ltr' id='par_1_39' title="bbox 377 3673 1941 3747">
     <span class='ocr_line' id='line_1_39' title="bbox 377 3673 1941 3747; baseline 0.001 -22"><span class='ocrx_word' id='word_1_309' title='bbox 377 3693 395 3725; x_wconf 75' lang='grc' dir='ltr'><strong>ι</strong></span> <span class='ocrx_word' id='word_1_310' title='bbox 417 3675 586 3746; x_wconf 85' lang='grc' dir='ltr'>Ὑμῖν</span> <span class='ocrx_word' id='word_1_311' title='bbox 614 3675 685 3729; x_wconf 82' lang='grc' dir='ltr'>τὰ</span> <span class='ocrx_word' id='word_1_312' title='bbox 716 3676 934 3747; x_wconf 79' lang='grc' dir='ltr'>ῥήματα</span> <span class='ocrx_word' id='word_1_313' title='bbox 952 3674 1124 3729; x_wconf 80' lang='grc' dir='ltr'>ταῦτα</span> <span class='ocrx_word' id='word_1_314' title='bbox 1153 3675 1351 3741; x_wconf 87' lang='grc' dir='ltr'>πάντα,</span> <span class='ocrx_word' id='word_1_315' title='bbox 1394 3675 1470 3738; x_wconf 84' lang='grc' dir='ltr'>ὡς</span> <span class='ocrx_word' id='word_1_316' title='bbox 1494 3677 1543 3729; x_wconf 87' lang='grc' dir='ltr'><strong>οί</strong></span> <span class='ocrx_word' id='word_1_317' title='bbox 1568 3674 1716 3743; x_wconf 88' lang='grc' dir='ltr'>λόγοι</span> <span class='ocrx_word' id='word_1_318' title='bbox 1744 3673 1838 3727; x_wconf 77' lang='grc' dir='ltr'>τοῦ</span> <span class='ocrx_word' id='word_1_319' title='bbox 1860 3673 1941 3744; x_wconf 87' lang='grc' dir='ltr'>βι-</span> 
     </span>
    </p>
   </div>
   <div class='ocr_carea' id='block_1_40' title="bbox 371 3764 1943 3839">
    <p class='ocr_par' dir='ltr' id='par_1_40' title="bbox 371 3764 1943 3839">
     <span class='ocr_line' id='line_1_40' title="bbox 371 3764 1943 3839; baseline -0.001 -18"><span class='ocrx_word' id='word_1_320' title='bbox 371 3766 524 3822; x_wconf 83' lang='grc' dir='ltr'>ϐλίου</span> <span class='ocrx_word' id='word_1_321' title='bbox 548 3767 641 3822; x_wconf 78' lang='grc' dir='ltr'>τοῦ</span> <span class='ocrx_word' id='word_1_322' title='bbox 672 3769 1103 3839; x_wconf 87' lang='grc' dir='ltr'>ἐσφραγισμένου</span> <span class='ocrx_word' id='word_1_323' title='bbox 1124 3768 1333 3823; x_wconf 87' lang='grc' dir='ltr'>τούτου.</span> <span class='ocrx_word' id='word_1_324' title='bbox 1355 3787 1376 3822; x_wconf 74' lang='grc' dir='ltr'><strong>ι</strong></span> <span class='ocrx_word' id='word_1_325' title='bbox 1422 3764 1583 3823; x_wconf 78' lang='grc' dir='ltr'>Ἀλλά</span> <span class='ocrx_word' id='word_1_326' title='bbox 1608 3766 1687 3839; x_wconf 83' lang='grc' dir='ltr'>τῷ</span> <span class='ocrx_word' id='word_1_327' title='bbox 1721 3766 1819 3837; x_wconf 85' lang='grc' dir='ltr'><strong>μέν</strong></span> <span class='ocrx_word' id='word_1_328' title='bbox 1847 3783 1943 3820; x_wconf 89' lang='grc' dir='ltr'>πο-</span> 
     </span>
    </p>
   </div>
   <div class='ocr_carea' id='block_1_41' title="bbox 368 3859 1941 3931">
    <p class='ocr_par' dir='ltr' id='par_1_41' title="bbox 368 3859 1941 3931">
     <span class='ocr_line' id='line_1_41' title="bbox 368 3859 1941 3931; baseline -0.001 -20"><span class='ocrx_word' id='word_1_329' title='bbox 368 3875 428 3911; x_wconf 89' lang='grc' dir='ltr'><strong>τε</strong></span> <span class='ocrx_word' id='word_1_330' title='bbox 458 3859 764 3931; x_wconf 82' lang='grc' dir='ltr'>Καρμήλῳ,</span> <span class='ocrx_word' id='word_1_331' title='bbox 791 3860 1175 3931; x_wconf 86' lang='grc' dir='ltr'>μεταϐληθέντι</span> <span class='ocrx_word' id='word_1_332' title='bbox 1206 3860 1264 3913; x_wconf 88' lang='grc' dir='ltr'>δὲ</span> <span class='ocrx_word' id='word_1_333' title='bbox 1295 3861 1376 3923; x_wconf 89' lang='grc' dir='ltr'><strong>είς</strong></span> <span class='ocrx_word' id='word_1_334' title='bbox 1407 3859 1631 3931; x_wconf 79' lang='grc' dir='ltr'>δρυμὸν,</span> <span class='ocrx_word' id='word_1_335' title='bbox 1660 3859 1941 3912; x_wconf 84' lang='grc' dir='ltr'>ἔσονταιοὶ</span> 
     </span>
    </p>
   </div>
   <div class='ocr_carea' id='block_1_42' title="bbox 370 3948 1939 4022">
    <p class='ocr_par' dir='ltr' id='par_1_42' title="bbox 370 3948 1939 4022">
     <span class='ocr_line' id='line_1_42' title="bbox 370 3948 1939 4022; baseline 0.001 -21"><span class='ocrx_word' id='word_1_336' title='bbox 370 3948 523 4019; x_wconf 87' lang='grc' dir='ltr'>λόγοι</span> <span class='ocrx_word' id='word_1_337' title='bbox 565 3950 658 4002; x_wconf 85' lang='grc' dir='ltr'>τοῦ</span> <span class='ocrx_word' id='word_1_338' title='bbox 703 3949 906 4018; x_wconf 88' lang='grc' dir='ltr'>βιϐλίου</span> <span class='ocrx_word' id='word_1_339' title='bbox 956 3951 1054 4019; x_wconf 81' lang='grc' dir='ltr'>τῆς</span> <span class='ocrx_word' id='word_1_340' title='bbox 1102 3950 1435 4021; x_wconf 84' lang='grc' dir='ltr'>προφητείας</span> <span class='ocrx_word' id='word_1_341' title='bbox 1481 3950 1939 4022; x_wconf 74' lang='grc' dir='ltr'>ἐσφραγισμένοιο</span> 
     </span>
    </p>
   </div>
   <div class='ocr_carea' id='block_1_43' title="bbox 369 4039 1942 4113">
    <p class='ocr_par' dir='ltr' id='par_1_43' title="bbox 369 4039 1942 4113">
     <span class='ocr_line' id='line_1_43' title="bbox 369 4039 1942 4113; baseline 0.001 -20"><span class='ocrx_word' id='word_1_342' title='bbox 369 4044 488 4102; x_wconf 86' lang='grc' dir='ltr'>τοῖς</span> <span class='ocrx_word' id='word_1_343' title='bbox 517 4040 573 4092; x_wconf 81' lang='grc' dir='ltr'><strong>δέ</strong></span> <span class='ocrx_word' id='word_1_344' title='bbox 601 4040 766 4094; x_wconf 84' lang='grc' dir='ltr'>πάλαι</span> <span class='ocrx_word' id='word_1_345' title='bbox 798 4041 1017 4109; x_wconf 88' lang='grc' dir='ltr'>τυφλοῖς</span> <span class='ocrx_word' id='word_1_346' title='bbox 1059 4041 1153 4095; x_wconf 80' lang='grc' dir='ltr'>καὶ</span> <span class='ocrx_word' id='word_1_347' title='bbox 1180 4042 1237 4093; x_wconf 90' lang='grc' dir='ltr'><strong>ἐν</strong></span> <span class='ocrx_word' id='word_1_348' title='bbox 1265 4041 1344 4112; x_wconf 83' lang='grc' dir='ltr'><strong>τῷ</strong></span> <span class='ocrx_word' id='word_1_349' title='bbox 1369 4041 1558 4113; x_wconf 89' lang='grc' dir='ltr'>δρυμῷ</span> <span class='ocrx_word' id='word_1_350' title='bbox 1589 4039 1684 4095; x_wconf 76' lang='grc' dir='ltr'>τοῦ</span> <span class='ocrx_word' id='word_1_351' title='bbox 1712 4041 1942 4096; x_wconf 84' lang='grc' dir='ltr'>Λιϐάνου</span> 
     </span>
    </p>
   </div>
   <div class='ocr_carea' id='block_1_44' title="bbox 372 4129 1946 4203">
    <p class='ocr_par' dir='ltr' id='par_1_44' title="bbox 372 4129 1946 4203">
     <span class='ocr_line' id='line_1_44' title="bbox 372 4129 1946 4203; baseline 0.003 -23"><span class='ocrx_word' id='word_1_352' title='bbox 372 4129 794 4201; x_wconf 86' lang='grc' dir='ltr'>λελογισμένοις,</span> <span class='ocrx_word' id='word_1_353' title='bbox 831 4130 1239 4202; x_wconf 64' lang='grc' dir='ltr'>μεταῶηθείσιν</span> <span class='ocrx_word' id='word_1_354' title='bbox 1261 4131 1355 4184; x_wconf 76' lang='grc' dir='ltr'>ἐπὶ</span> <span class='ocrx_word' id='word_1_355' title='bbox 1377 4131 1437 4185; x_wconf 75' lang='grc' dir='ltr'>τὸ</span> <span class='ocrx_word' id='word_1_356' title='bbox 1461 4132 1665 4203; x_wconf 79' lang='grc' dir='ltr'>ἥμερον</span> <span class='ocrx_word' id='word_1_357' title='bbox 1698 4132 1792 4185; x_wconf 70' lang='grc' dir='ltr'>καὶ</span> <span class='ocrx_word' id='word_1_358' title='bbox 1812 4148 1946 4202; x_wconf 86' lang='grc' dir='ltr'>καρ-</span> 
     </span>
    </p>
   </div>
   <div class='ocr_carea' id='block_1_45' title="bbox 372 4221 1930 4293">
    <p class='ocr_par' dir='ltr' id='par_1_45' title="bbox 372 4221 1930 4293">
     <span class='ocr_line' id='line_1_45' title="bbox 372 4221 1930 4293; baseline 0 -18"><span class='ocrx_word' id='word_1_359' title='bbox 372 4221 634 4291; x_wconf 87' lang='grc' dir='ltr'>ποφόρον,</span> <span class='ocrx_word' id='word_1_360' title='bbox 683 4223 936 4276; x_wconf 75' lang='grc' dir='ltr'>ἀκουστοὶ</span> <span class='ocrx_word' id='word_1_361' title='bbox 978 4223 1295 4293; x_wconf 89' lang='grc' dir='ltr'>γενήσονται</span> <span class='ocrx_word' id='word_1_362' title='bbox 1341 4224 1392 4278; x_wconf 82' lang='grc' dir='ltr'>οἱ</span> <span class='ocrx_word' id='word_1_363' title='bbox 1445 4223 1589 4292; x_wconf 91' lang='grc' dir='ltr'>λόγοι</span> <span class='ocrx_word' id='word_1_364' title='bbox 1611 4223 1719 4276; x_wconf 90' lang='grc' dir='ltr'><strong>τῶν</strong></span> <span class='ocrx_word' id='word_1_365' title='bbox 1773 4223 1930 4276; x_wconf 88' lang='grc' dir='ltr'>θείων</span> 
     </span>
    </p>
   </div>
   <div class='ocr_carea' id='block_1_46' title="bbox 362 4314 1948 4388">
    <p class='ocr_par' dir='ltr' id='par_1_46' title="bbox 362 4314 1948 4388">
     <span class='ocr_line' id='line_1_46' title="bbox 362 4314 1948 4388; baseline -0.003 -18"><span class='ocrx_word' id='word_1_366' title='bbox 362 4317 748 4388; x_wconf 75' lang='grc' dir='ltr'>γραμμάτων·</span> <span class='ocrx_word' id='word_1_367' title='bbox 785 4317 878 4371; x_wconf 78' lang='grc' dir='ltr'><strong>καὶ</strong></span> <span class='ocrx_word' id='word_1_368' title='bbox 912 4317 962 4369; x_wconf 84' lang='grc' dir='ltr'><strong>οἱ</strong></span> <span class='ocrx_word' id='word_1_369' title='bbox 992 4315 1233 4369; x_wconf 86' lang='grc' dir='ltr'>πάλαιδέ</span> <span class='ocrx_word' id='word_1_370' title='bbox 1262 4315 1411 4380; x_wconf 77' lang='grc' dir='ltr'>ὄντες</span> <span class='ocrx_word' id='word_1_371' title='bbox 1447 4318 1506 4371; x_wconf 88' lang='grc' dir='ltr'><strong>ἐν</strong></span> <span class='ocrx_word' id='word_1_372' title='bbox 1534 4314 1613 4386; x_wconf 86' lang='grc' dir='ltr'>τῷ</span> <span class='ocrx_word' id='word_1_373' title='bbox 1649 4314 1829 4368; x_wconf 89' lang='grc' dir='ltr'>σκότει</span> <span class='ocrx_word' id='word_1_374' title='bbox 1856 4314 1948 4367; x_wconf 80' lang='grc' dir='ltr'>καὶ</span> 
     </span>
    </p>
   </div>
   <div class='ocr_carea' id='block_1_47' title="bbox 373 4405 1946 4482">
    <p class='ocr_par' dir='ltr' id='par_1_47' title="bbox 373 4405 1946 4482">
     <span class='ocr_line' id='line_1_47' title="bbox 373 4405 1946 4482; baseline -0.002 -22"><span class='ocrx_word' id='word_1_375' title='bbox 373 4409 433 4462; x_wconf 84' lang='grc' dir='ltr'><strong>ἐν</strong></span> <span class='ocrx_word' id='word_1_376' title='bbox 469 4411 536 4480; x_wconf 82' lang='grc' dir='ltr'>τῇ</span> <span class='ocrx_word' id='word_1_377' title='bbox 584 4408 801 4482; x_wconf 83' lang='grc' dir='ltr'>ὁμίχλῃ,</span> <span class='ocrx_word' id='word_1_378' title='bbox 829 4408 969 4461; x_wconf 87' lang='grc' dir='ltr'>ὥστε</span> <span class='ocrx_word' id='word_1_379' title='bbox 1000 4407 1074 4480; x_wconf 86' lang='grc' dir='ltr'>μὴ</span> <span class='ocrx_word' id='word_1_380' title='bbox 1104 4407 1319 4478; x_wconf 88' lang='grc' dir='ltr'>βλέπειν</span> <span class='ocrx_word' id='word_1_381' title='bbox 1345 4410 1484 4478; x_wconf 91' lang='grc' dir='ltr'>μήτε</span> <span class='ocrx_word' id='word_1_382' title='bbox 1515 4405 1776 4472; x_wconf 88' lang='grc' dir='ltr'>συνιέναι,</span> <span class='ocrx_word' id='word_1_383' title='bbox 1809 4406 1946 4477; x_wconf 87' lang='grc' dir='ltr'>μήτε</span> 
     </span>
    </p>
   </div>
   <div class='ocr_carea' id='block_1_48' title="bbox 375 4489 1942 4568">
    <p class='ocr_par' dir='ltr' id='par_1_48' title="bbox 375 4489 1942 4568">
     <span class='ocr_line' id='line_1_48' title="bbox 375 4489 1942 4568; baseline -0.004 -14"><span class='ocrx_word' id='word_1_384' title='bbox 375 4503 540 4566; x_wconf 87' lang='grc' dir='ltr'>νοεῖν,</span> <span class='ocrx_word' id='word_1_385' title='bbox 579 4500 665 4554; x_wconf 87' lang='grc' dir='ltr'><strong>διὰ</strong></span> <span class='ocrx_word' id='word_1_386' title='bbox 711 4500 773 4553; x_wconf 82' lang='grc' dir='ltr'>τὸ</span> <span class='ocrx_word' id='word_1_387' title='bbox 798 4499 1028 4568; x_wconf 79' lang='grc' dir='ltr'>τυφλοὺς</span> <span class='ocrx_word' id='word_1_388' title='bbox 1054 4498 1198 4568; x_wconf 89' lang='grc' dir='ltr'>ἔχειν</span> <span class='ocrx_word' id='word_1_389' title='bbox 1241 4498 1367 4561; x_wconf 81' lang='grc' dir='ltr'>τοὺς</span> <span class='ocrx_word' id='word_1_390' title='bbox 1412 4496 1741 4568; x_wconf 86' lang='grc' dir='ltr'>ὀφθαλμοὺς,</span> <span class='ocrx_word' id='word_1_391' title='bbox 1777 4489 1942 4561; x_wconf 77' lang='grc' dir='ltr'>οὗτοι,</span> 
     </span>
    </p>
   </div>
   <div class='ocr_carea' id='block_1_49' title="bbox 358 4589 1945 4667">
    <p class='ocr_par' dir='ltr' id='par_1_49' title="bbox 358 4589 1945 4667">
     <span class='ocr_line' id='line_1_49' title="bbox 358 4589 1945 4667; baseline -0.005 -18"><span class='ocrx_word' id='word_1_392' title='bbox 358 4592 675 4667; x_wconf 70' lang='grc' dir='ltr'>’παραδόξου</span> <span class='ocrx_word' id='word_1_393' title='bbox 711 4592 1007 4664; x_wconf 81' lang='grc' dir='ltr'>μεταϐολῆς</span> <span class='ocrx_word' id='word_1_394' title='bbox 1037 4590 1372 4656; x_wconf 81' lang='grc' dir='ltr'>ἀξιωθέντες,</span> <span class='ocrx_word' id='word_1_395' title='bbox 1410 4589 1605 4660; x_wconf 78' lang='grc' dir='ltr'>θεωροὶ</span> <span class='ocrx_word' id='word_1_396' title='bbox 1628 4590 1945 4661; x_wconf 85' lang='grc' dir='ltr'>γενήσονται</span> 
     </span>
    </p>
   </div>
   <div class='ocr_carea' id='block_1_50' title="bbox 375 4679 1946 4753">
    <p class='ocr_par' dir='ltr' id='par_1_50' title="bbox 375 4679 1946 4753">
     <span class='ocr_line' id='line_1_50' title="bbox 375 4679 1946 4753; baseline -0.003 -16"><span class='ocrx_word' id='word_1_397' title='bbox 375 4686 485 4739; x_wconf 93' lang='grc' dir='ltr'><strong>τῶν</strong></span> <span class='ocrx_word' id='word_1_398' title='bbox 499 4684 925 4753; x_wconf 87' lang='grc' dir='ltr'>ἐναποκειμένων</span> <span class='ocrx_word' id='word_1_399' title='bbox 939 4684 996 4736; x_wconf 89' lang='grc' dir='ltr'><strong>ἐν</strong></span> <span class='ocrx_word' id='word_1_400' title='bbox 1006 4686 1116 4745; x_wconf 89' lang='grc' dir='ltr'>τοῖς</span> <span class='ocrx_word' id='word_1_401' title='bbox 1135 4682 1297 4746; x_wconf 87' lang='grc' dir='ltr'>θείοις</span> <span class='ocrx_word' id='word_1_402' title='bbox 1310 4681 1595 4753; x_wconf 88' lang='grc' dir='ltr'>γράμμασι</span> <span class='ocrx_word' id='word_1_403' title='bbox 1618 4696 1789 4750; x_wconf 87' lang='grc' dir='ltr'>μυστη</span> <span class='ocrx_word' id='word_1_404' title='bbox 1799 4679 1946 4751; x_wconf 87' lang='grc' dir='ltr'>ρίων.</span> 
     </span>
    </p>
   </div>
   <div class='ocr_carea' id='block_1_51' title="bbox 450 4771 1944 4845">
    <p class='ocr_par' dir='ltr' id='par_1_51' title="bbox 450 4771 1944 4845">
     <span class='ocr_line' id='line_1_51' title="bbox 450 4771 1944 4845; baseline -0.006 -13"><span class='ocrx_word' id='word_1_405' title='bbox 450 4798 470 4831; x_wconf 74' lang='grc' dir='ltr'><strong>ι</strong></span> <span class='ocrx_word' id='word_1_406' title='bbox 491 4778 601 4832; x_wconf 75' lang='grc' dir='ltr'><strong>Καὶ</strong></span> <span class='ocrx_word' id='word_1_407' title='bbox 634 4775 1046 4845; x_wconf 81' lang='grc' dir='ltr'>ἀγαλλιάσονται</span> <span class='ocrx_word' id='word_1_408' title='bbox 1070 4775 1273 4844; x_wconf 60' lang='grc' dir='ltr'><strong>πτωχοὶ⁸</strong></span> <span class='ocrx_word' id='word_1_409' title='bbox 1301 4772 1391 4827; x_wconf 87' lang='grc' dir='ltr'><strong>διά</strong></span> <span class='ocrx_word' id='word_1_410' title='bbox 1426 4772 1628 4843; x_wconf 83' lang='grc' dir='ltr'>Κύριον</span> <span class='ocrx_word' id='word_1_411' title='bbox 1651 4773 1708 4825; x_wconf 89' lang='grc' dir='ltr'><strong>ἐν</strong></span> <span class='ocrx_word' id='word_1_412' title='bbox 1748 4771 1944 4841; x_wconf 84' lang='grc' dir='ltr'>εὐφρο-</span> 
     </span>
    </p>
   </div>
   <div class='ocr_carea' id='block_1_52' title="bbox 377 4862 1945 4942">
    <p class='ocr_par' dir='ltr' id='par_1_52' title="bbox 377 4862 1945 4942">
     <span class='ocr_line' id='line_1_52' title="bbox 377 4862 1945 4942; baseline -0.004 -20"><span class='ocrx_word' id='word_1_413' title='bbox 377 4870 534 4942; x_wconf 82' lang='grc' dir='ltr'>σύνῃ,</span> <span class='ocrx_word' id='word_1_414' title='bbox 578 4868 670 4922; x_wconf 78' lang='grc' dir='ltr'>καὶ</span> <span class='ocrx_word' id='word_1_415' title='bbox 713 4869 763 4921; x_wconf 78' lang='grc' dir='ltr'><strong>οἱ</strong></span> <span class='ocrx_word' id='word_1_416' title='bbox 816 4865 1215 4936; x_wconf 85' lang='grc' dir='ltr'>ἀπηλπισμένοι</span> <span class='ocrx_word' id='word_1_417' title='bbox 1264 4864 1371 4918; x_wconf 89' lang='grc' dir='ltr'><strong>τῶν</strong></span> <span class='ocrx_word' id='word_1_418' title='bbox 1407 4863 1707 4934; x_wconf 86' lang='grc' dir='ltr'>ἀνθρώπων</span> <span class='ocrx_word' id='word_1_419' title='bbox 1733 4862 1945 4934; x_wconf 89' lang='grc' dir='ltr'>ἐμπλη-</span> 
     </span>
    </p>
   </div>
   <div class='ocr_carea' id='block_1_53' title="bbox 370 4957 1945 5034">
    <p class='ocr_par' dir='ltr' id='par_1_53' title="bbox 370 4957 1945 5034">
     <span class='ocr_line' id='line_1_53' title="bbox 370 4957 1945 5034; baseline -0.003 -20"><span class='ocrx_word' id='word_1_420' title='bbox 370 4962 665 5034; x_wconf 46' lang='grc' dir='ltr'>νσθήσονται</span> <span class='ocrx_word' id='word_1_421' title='bbox 693 4960 1048 5033; x_wconf 87' lang='grc' dir='ltr'>εὐφροσύνης.</span> <span class='ocrx_word' id='word_1_422' title='bbox 1074 4977 1094 5011; x_wconf 70' lang='grc' dir='ltr'><strong>ι</strong></span> <span class='ocrx_word' id='word_1_423' title='bbox 1148 4958 1244 5021; x_wconf 88' lang='grc' dir='ltr'>Τίς</span> <span class='ocrx_word' id='word_1_424' title='bbox 1269 4957 1375 5030; x_wconf 85' lang='grc' dir='ltr'>γὰρ</span> <span class='ocrx_word' id='word_1_425' title='bbox 1412 4957 1508 5011; x_wconf 72' lang='grc' dir='ltr'><strong>καὶ</strong></span> <span class='ocrx_word' id='word_1_426' title='bbox 1545 4957 1793 5029; x_wconf 83' lang='grc' dir='ltr'>διενοήθη</span> <span class='ocrx_word' id='word_1_427' title='bbox 1829 4958 1945 5010; x_wconf 82' lang='grc' dir='ltr'><strong>πώ-</strong></span> 
     </span>
    </p>
   </div>
   <div class='ocr_carea' id='block_1_54' title="bbox 376 5051 1946 5125">
    <p class='ocr_par' dir='ltr' id='par_1_54' title="bbox 376 5051 1946 5125">
     <span class='ocr_line' id='line_1_54' title="bbox 376 5051 1946 5125; baseline -0.003 -17"><span class='ocrx_word' id='word_1_428' title='bbox 376 5071 507 5108; x_wconf 86' lang='grc' dir='ltr'>ποτε</span> <span class='ocrx_word' id='word_1_429' title='bbox 530 5057 654 5118; x_wconf 83' lang='grc' dir='ltr'>τοὺς</span> <span class='ocrx_word' id='word_1_430' title='bbox 678 5056 742 5107; x_wconf 87' lang='grc' dir='ltr'><strong>ἐκ</strong></span> <span class='ocrx_word' id='word_1_431' title='bbox 772 5053 1021 5125; x_wconf 87' lang='grc' dir='ltr'>πατέρων</span> <span class='ocrx_word' id='word_1_432' title='bbox 1038 5051 1444 5123; x_wconf 80' lang='grc' dir='ltr'>εἰδωλολάτρας,</span> <span class='ocrx_word' id='word_1_433' title='bbox 1467 5051 1660 5115; x_wconf 85' lang='grc' dir='ltr'>ἀθέους</span> <span class='ocrx_word' id='word_1_434' title='bbox 1675 5052 1832 5115; x_wconf 75' lang='grc' dir='ltr'>ὄντας</span> <span class='ocrx_word' id='word_1_435' title='bbox 1852 5052 1946 5105; x_wconf 80' lang='grc' dir='ltr'><strong>καὶ</strong></span> 
     </span>
    </p>
   </div>
   <div class='ocr_carea' id='block_1_55' title="bbox 376 5142 1952 5216">
    <p class='ocr_par' dir='ltr' id='par_1_55' title="bbox 376 5142 1952 5216">
     <span class='ocr_line' id='line_1_55' title="bbox 376 5142 1952 5216; baseline -0.003 -17"><span class='ocrx_word' id='word_1_436' title='bbox 376 5146 590 5211; x_wconf 84' lang='grc' dir='ltr'>ἀσεϐεῖς</span> <span class='ocrx_word' id='word_1_437' title='bbox 637 5147 729 5199; x_wconf 81' lang='grc' dir='ltr'>καὶ</span> <span class='ocrx_word' id='word_1_438' title='bbox 759 5144 1067 5216; x_wconf 89' lang='grc' dir='ltr'>ἀλλοτρίους</span> <span class='ocrx_word' id='word_1_439' title='bbox 1120 5143 1218 5214; x_wconf 86' lang='grc' dir='ltr'>τῆς</span> <span class='ocrx_word' id='word_1_440' title='bbox 1259 5142 1511 5211; x_wconf 84' lang='grc' dir='ltr'>γνώσεως</span> <span class='ocrx_word' id='word_1_441' title='bbox 1544 5142 1637 5198; x_wconf 80' lang='grc' dir='ltr'><strong>τοῦ</strong></span> <span class='ocrx_word' id='word_1_442' title='bbox 1684 5142 1838 5207; x_wconf 80' lang='grc' dir='ltr'>Θεοῦ,</span> <span class='ocrx_word' id='word_1_443' title='bbox 1871 5142 1952 5206; x_wconf 85' lang='grc' dir='ltr'><strong>είς</strong></span> 
     </span>
    </p>
   </div>
   <div class='ocr_carea' id='block_1_56' title="bbox 270 5229 1952 5309">
    <p class='ocr_par' dir='ltr' id='par_1_56' title="bbox 270 5229 1952 5309">
     <span class='ocr_line' id='line_1_56' title="bbox 270 5229 1952 5309; baseline -0.001 -22"><span class='ocrx_word' id='word_1_444' title='bbox 270 5284 273 5287; x_wconf 88' lang='grc'>.</span> <span class='ocrx_word' id='word_1_445' title='bbox 374 5238 627 5309; x_wconf 87' lang='grc' dir='ltr'>τοιαύτην</span> <span class='ocrx_word' id='word_1_446' title='bbox 657 5237 808 5308; x_wconf 80' lang='grc' dir='ltr'>ἥξειν</span> <span class='ocrx_word' id='word_1_447' title='bbox 837 5236 1055 5301; x_wconf 86' lang='grc' dir='ltr'>ἐλπίδα;</span> <span class='ocrx_word' id='word_1_448' title='bbox 1089 5235 1279 5305; x_wconf 87' lang='grc' dir='ltr'>Ὅμως</span> <span class='ocrx_word' id='word_1_449' title='bbox 1309 5234 1353 5287; x_wconf 89' lang='grc' dir='ltr'>δ’</span> <span class='ocrx_word' id='word_1_450' title='bbox 1382 5229 1474 5288; x_wconf 84' lang='grc' dir='ltr'><strong>οὖν</strong></span> <span class='ocrx_word' id='word_1_451' title='bbox 1516 5235 1611 5287; x_wconf 74' lang='grc' dir='ltr'><strong>καὶ</strong></span> <span class='ocrx_word' id='word_1_452' title='bbox 1642 5252 1661 5286; x_wconf 78' lang='grc' dir='ltr'><strong>ι</strong></span> <span class='ocrx_word' id='word_1_453' title='bbox 1692 5236 1742 5286; x_wconf 80' lang='grc' dir='ltr'>οἱ</span> <span class='ocrx_word' id='word_1_454' title='bbox 1778 5234 1952 5305; x_wconf 87' lang='grc' dir='ltr'>ἀπηλ-</span> 
     </span>
    </p>
   </div>
   <div class='ocr_carea' id='block_1_57' title="bbox 376 5325 1941 5400">
    <p class='ocr_par' dir='ltr' id='par_1_57' title="bbox 376 5325 1941 5400">
     <span class='ocr_line' id='line_1_57' title="bbox 376 5325 1941 5400; baseline -0.001 -19"><span class='ocrx_word' id='word_1_455' title='bbox 376 5330 650 5400; x_wconf 80' lang='grc' dir='ltr'>πισμένοι,</span> <span class='ocrx_word' id='word_1_456' title='bbox 731 5329 883 5399; x_wconf 74' lang='grc' dir='ltr'>φησὶ,</span> <span class='ocrx_word' id='word_1_457' title='bbox 938 5327 1046 5382; x_wconf 92' lang='grc' dir='ltr'><strong>τῶν</strong></span> <span class='ocrx_word' id='word_1_458' title='bbox 1088 5325 1391 5399; x_wconf 84' lang='grc' dir='ltr'>ἀνθρώπων</span> <span class='ocrx_word' id='word_1_459' title='bbox 1462 5325 1941 5399; x_wconf 86' lang='grc' dir='ltr'>ἐμπλησθήσονται</span> 
     </span>
    </p>
   </div>
   <div class='ocr_carea' id='block_1_58' title="bbox 380 5422 777 5493">
    <p class='ocr_par' dir='ltr' id='par_1_58' title="bbox 380 5422 777 5493">
     <span class='ocr_line' id='line_1_58' title="bbox 380 5422 777 5493; baseline 0.003 -20"><span class='ocrx_word' id='word_1_460' title='bbox 380 5422 734 5493; x_wconf 80' lang='grc' dir='ltr'>εὐφροσύνης.</span> <span class='ocrx_word' id='word_1_461' title='bbox 758 5440 777 5473; x_wconf 77' lang='grc' dir='ltr'><strong>ι</strong></span> 
     </span>
    </p>
   </div>
   <div class='ocr_carea' id='block_1_59' title="bbox 454 5508 1946 5584">
    <p class='ocr_par' dir='ltr' id='par_1_59' title="bbox 454 5508 1946 5584">
     <span class='ocr_line' id='line_1_59' title="bbox 454 5508 1946 5584; baseline -0.005 -18"><span class='ocrx_word' id='word_1_462' title='bbox 454 5534 472 5566; x_wconf 76' lang='grc' dir='ltr'><strong>ι</strong></span> <span class='ocrx_word' id='word_1_463' title='bbox 497 5514 769 5578; x_wconf 77' lang='grc' dir='ltr'>Ἐξέλιπεν</span> <span class='ocrx_word' id='word_1_464' title='bbox 792 5514 1010 5584; x_wconf 77' lang='grc' dir='ltr'>ἄνομος,</span> <span class='ocrx_word' id='word_1_465' title='bbox 1046 5512 1139 5567; x_wconf 74' lang='grc' dir='ltr'>καὶ</span> <span class='ocrx_word' id='word_1_466' title='bbox 1178 5509 1427 5566; x_wconf 82' lang='grc' dir='ltr'>ἀπώλετο</span> <span class='ocrx_word' id='word_1_467' title='bbox 1459 5511 1825 5581; x_wconf 77' lang='grc' dir='ltr'>ὑπερήφανος,</span> <span class='ocrx_word' id='word_1_468' title='bbox 1853 5508 1946 5561; x_wconf 81' lang='grc' dir='ltr'>καὶ</span> 
     </span>
    </p>
   </div>
   <div class='ocr_carea' id='block_1_60' title="bbox 383 5599 1947 5679">
    <p class='ocr_par' dir='ltr' id='par_1_60' title="bbox 383 5599 1947 5679">
     <span class='ocr_line' id='line_1_60' title="bbox 383 5599 1947 5679; baseline -0.004 -22"><span class='ocrx_word' id='word_1_469' title='bbox 383 5604 850 5679; x_wconf 76' lang='grc' dir='ltr'>ἐξωλοθρεύθησαν</span> <span class='ocrx_word' id='word_1_470' title='bbox 883 5605 933 5657; x_wconf 88' lang='grc' dir='ltr'><strong>οί</strong></span> <span class='ocrx_word' id='word_1_471' title='bbox 967 5602 1290 5674; x_wconf 80' lang='grc' dir='ltr'>ἀνομοὖντες</span> <span class='ocrx_word' id='word_1_472' title='bbox 1327 5602 1421 5655; x_wconf 76' lang='grc' dir='ltr'><strong>ἐπὶ</strong></span> <span class='ocrx_word' id='word_1_473' title='bbox 1452 5601 1636 5671; x_wconf 81' lang='grc' dir='ltr'>κακίᾳ.</span> <span class='ocrx_word' id='word_1_474' title='bbox 1665 5620 1682 5651; x_wconf 76' lang='grc' dir='ltr'><strong>ι</strong></span> <span class='ocrx_word' id='word_1_475' title='bbox 1729 5599 1947 5651; x_wconf 92' lang='grc' dir='ltr'>Τούτων</span> 
     </span>
    </p>
   </div>
   <div class='ocr_carea' id='block_1_61' title="bbox 381 5688 1949 5763">
    <p class='ocr_par' dir='ltr' id='par_1_61' title="bbox 381 5688 1949 5763">
     <span class='ocr_line' id='line_1_61' title="bbox 381 5688 1949 5763; baseline -0.005 -14"><span class='ocrx_word' id='word_1_476' title='bbox 381 5697 774 5752; x_wconf 74' lang='grc' dir='ltr'>ἀπολαύσουσιν</span> <span class='ocrx_word' id='word_1_477' title='bbox 810 5688 954 5749; x_wconf 74' lang='grc' dir='ltr'>οὗτοι</span> <span class='ocrx_word' id='word_1_478' title='bbox 996 5695 1214 5760; x_wconf 81' lang='grc' dir='ltr'>πάντες,</span> <span class='ocrx_word' id='word_1_479' title='bbox 1246 5694 1431 5763; x_wconf 85' lang='grc' dir='ltr'>ἐπειδὴ</span> <span class='ocrx_word' id='word_1_480' title='bbox 1465 5697 1493 5747; x_wconf 93' lang='grc' dir='ltr'><strong>ὁ</strong></span> <span class='ocrx_word' id='word_1_481' title='bbox 1523 5692 1687 5747; x_wconf 86' lang='grc' dir='ltr'>πάλαι</span> <span class='ocrx_word' id='word_1_482' title='bbox 1732 5689 1949 5762; x_wconf 86' lang='grc' dir='ltr'>κρατῶν</span> 
     </span>
    </p>
   </div>
   <div class='ocr_carea' id='block_1_62' title="bbox 1975 4467 2022 4524">
    <p class='ocr_par' dir='ltr' id='par_1_62' title="bbox 1975 4467 2022 4524">
     <span class='ocr_line' id='line_1_62' title="bbox 1975 4467 2022 4524; baseline 0 0"><span class='ocrx_word' id='word_1_483' title='bbox 1975 4467 2022 4524; x_wconf 90' lang='lat' dir='ltr'><strong>D</strong></span> 
     </span>
    </p>
   </div>
   <div class='ocr_carea' id='block_1_63' title="bbox 2026 544 3595 614">
    <p class='ocr_par' dir='ltr' id='par_1_63' title="bbox 2026 544 3595 614">
     <span class='ocr_line' id='line_1_63' title="bbox 2026 544 3595 614; baseline 0.001 -19"><span class='ocrx_word' id='word_1_484' title='bbox 2026 544 2155 610; x_wconf 83' lang='lat' dir='ltr'><strong>Quis</strong></span> <span class='ocrx_word' id='word_1_485' title='bbox 2182 546 2316 600; x_wconf 87' lang='lat' dir='ltr'><strong>vidit</strong></span> <span class='ocrx_word' id='word_1_486' title='bbox 2343 561 2441 602; x_wconf 89' lang='lat' dir='ltr'><strong>nos</strong></span> <span class='ocrx_word' id='word_1_487' title='bbox 2475 547 2498 599; x_wconf 67' lang='grc' dir='ltr'><em>ἲ</em></span> <span class='ocrx_word' id='word_1_488' title='bbox 2531 555 2624 601; x_wconf 89' lang='lat' dir='ltr'><strong>aut</strong></span> <span class='ocrx_word' id='word_1_489' title='bbox 2653 546 2775 614; x_wconf 85' lang='lat' dir='ltr'><strong>quis</strong></span> <span class='ocrx_word' id='word_1_490' title='bbox 2824 559 2926 599; x_wconf 90' lang='lat' dir='ltr'><strong>nos</strong></span> <span class='ocrx_word' id='word_1_491' title='bbox 2975 552 3298 614; x_wconf 87' lang='lat' dir='ltr'><strong>cognoscet,</strong></span> <span class='ocrx_word' id='word_1_492' title='bbox 3346 552 3440 598; x_wconf 89' lang='lat' dir='ltr'><strong>aut</strong></span> <span class='ocrx_word' id='word_1_493' title='bbox 3476 558 3595 613; x_wconf 67' lang='lat' dir='ltr'><strong>quae</strong></span> 
     </span>
    </p>
   </div>
   <div class='ocr_carea' id='block_1_64' title="bbox 2028 635 3595 706">
    <p class='ocr_par' dir='ltr' id='par_1_64' title="bbox 2028 635 3595 706">
     <span class='ocr_line' id='line_1_64' title="bbox 2028 635 3595 706; baseline 0 -18"><span class='ocrx_word' id='word_1_494' title='bbox 2028 651 2125 690; x_wconf 91' lang='lat' dir='ltr'><strong>nos</strong></span> <span class='ocrx_word' id='word_1_495' title='bbox 2156 636 2425 691; x_wconf 80' lang='lat' dir='ltr'><strong>facimus?</strong></span> <span class='ocrx_word' id='word_1_496' title='bbox 2457 657 2475 688; x_wconf 75' lang='grc' dir='ltr'><strong>ι</strong></span> <span class='ocrx_word' id='word_1_497' title='bbox 2505 637 2709 692; x_wconf 82' lang='lat' dir='ltr'><strong>Deinde</strong></span> <span class='ocrx_word' id='word_1_498' title='bbox 2740 636 2867 706; x_wconf 87' lang='lat' dir='ltr'><strong>quia</strong></span> <span class='ocrx_word' id='word_1_499' title='bbox 2902 650 2963 690; x_wconf 90' lang='lat' dir='ltr'><strong>se</strong></span> <span class='ocrx_word' id='word_1_500' title='bbox 3000 635 3169 690; x_wconf 90' lang='lat' dir='ltr'><strong>Deum</strong></span> <span class='ocrx_word' id='word_1_501' title='bbox 3210 636 3387 692; x_wconf 89' lang='lat' dir='ltr'><strong>colere</strong></span> <span class='ocrx_word' id='word_1_502' title='bbox 3436 636 3595 688; x_wconf 79' lang='lat' dir='ltr'><strong>labiis</strong></span> 
     </span>
    </p>
   </div>
   <div class='ocr_carea' id='block_1_65' title="bbox 2027 726 3593 797">
    <p class='ocr_par' dir='ltr' id='par_1_65' title="bbox 2027 726 3593 797">
     <span class='ocr_line' id='line_1_65' title="bbox 2027 726 3593 797; baseline -0.004 -15"><span class='ocrx_word' id='word_1_503' title='bbox 2027 727 2361 797; x_wconf 89' lang='lat' dir='ltr'><strong>proﬁtentes,</strong></span> <span class='ocrx_word' id='word_1_504' title='bbox 2413 728 2466 780; x_wconf 93' lang='lat' dir='ltr'><strong>in</strong></span> <span class='ocrx_word' id='word_1_505' title='bbox 2511 727 2724 782; x_wconf 89' lang='lat' dir='ltr'><strong>occulto</strong></span> <span class='ocrx_word' id='word_1_506' title='bbox 2759 726 2993 795; x_wconf 88' lang='lat' dir='ltr'><strong>pessima</strong></span> <span class='ocrx_word' id='word_1_507' title='bbox 3040 740 3268 796; x_wconf 79' lang='lat' dir='ltr'><strong>quaeque</strong></span> <span class='ocrx_word' id='word_1_508' title='bbox 3309 736 3593 795; x_wconf 56' lang='lat' dir='ltr'><strong>perpetra-</strong></span> 
     </span>
    </p>
   </div>
   <div class='ocr_carea' id='block_1_66' title="bbox 2026 814 3595 884">
    <p class='ocr_par' dir='ltr' id='par_1_66' title="bbox 2026 814 3595 884">
     <span class='ocr_line' id='line_1_66' title="bbox 2026 814 3595 884; baseline -0.006 -9"><span class='ocrx_word' id='word_1_509' title='bbox 2026 819 2177 884; x_wconf 88' lang='lat' dir='ltr'><strong>bant,</strong></span> <span class='ocrx_word' id='word_1_510' title='bbox 2210 820 2264 872; x_wconf 92' lang='lat' dir='ltr'><strong>in</strong></span> <span class='ocrx_word' id='word_1_511' title='bbox 2290 816 2583 883; x_wconf 85' lang='lat' dir='ltr'><strong>veneﬁciis,</strong></span> <span class='ocrx_word' id='word_1_512' title='bbox 2630 817 3004 881; x_wconf 86' lang='lat' dir='ltr'><strong>immunditiis,</strong></span> <span class='ocrx_word' id='word_1_513' title='bbox 3040 826 3097 871; x_wconf 90' lang='lat' dir='ltr'><strong>et</strong></span> <span class='ocrx_word' id='word_1_514' title='bbox 3145 815 3418 871; x_wconf 84' lang='lat' dir='ltr'><strong>sexcentis</strong></span> <span class='ocrx_word' id='word_1_515' title='bbox 3474 814 3595 868; x_wconf 90' lang='lat' dir='ltr'><strong>aliis</strong></span> 
     </span>
    </p>
   </div>
   <div class='ocr_carea' id='block_1_67' title="bbox 2028 905 3594 980">
    <p class='ocr_par' dir='ltr' id='par_1_67' title="bbox 2028 905 3594 980">
     <span class='ocr_line' id='line_1_67' title="bbox 2028 905 3594 980; baseline -0.005 -14"><span class='ocrx_word' id='word_1_516' title='bbox 2028 912 2249 967; x_wconf 81' lang='lat' dir='ltr'><strong>nefariis</strong></span> <span class='ocrx_word' id='word_1_517' title='bbox 2273 910 2439 980; x_wconf 85' lang='lat' dir='ltr'><strong>gestis</strong></span> <span class='ocrx_word' id='word_1_518' title='bbox 2464 922 2583 965; x_wconf 87' lang='lat' dir='ltr'><strong>sese</strong></span> <span class='ocrx_word' id='word_1_519' title='bbox 2599 907 2935 964; x_wconf 84' lang='lat' dir='ltr'><strong>volutantes:</strong></span> <span class='ocrx_word' id='word_1_520' title='bbox 2972 910 3196 978; x_wconf 78' lang='lat' dir='ltr'><strong>btecque</strong></span> <span class='ocrx_word' id='word_1_521' title='bbox 3219 908 3403 971; x_wconf 85' lang='lat' dir='ltr'><strong>omnia</strong></span> <span class='ocrx_word' id='word_1_522' title='bbox 3437 905 3594 975; x_wconf 89' lang='lat' dir='ltr'><strong>quasi</strong></span> 
     </span>
    </p>
   </div>
   <div class='ocr_carea' id='block_1_68' title="bbox 2028 1000 3593 1075">
    <p class='ocr_par' dir='ltr' id='par_1_68' title="bbox 2028 1000 3593 1075">
     <span class='ocr_line' id='line_1_68' title="bbox 2028 1000 3593 1075; baseline -0.004 -14"><span class='ocrx_word' id='word_1_523' title='bbox 2028 1021 2138 1061; x_wconf 89' lang='lat' dir='ltr'><strong>non</strong></span> <span class='ocrx_word' id='word_1_524' title='bbox 2187 1004 2548 1075; x_wconf 82' lang='lat' dir='ltr'><strong>prospiciente</strong></span> <span class='ocrx_word' id='word_1_525' title='bbox 2595 1003 2705 1059; x_wconf 89' lang='lat' dir='ltr'><strong>Deo</strong></span> <span class='ocrx_word' id='word_1_526' title='bbox 2740 1004 3117 1074; x_wconf 84' lang='lat' dir='ltr'><strong>peragebant;</strong></span> <span class='ocrx_word' id='word_1_527' title='bbox 3166 1003 3291 1074; x_wconf 84' lang='lat' dir='ltr'><strong>jure</strong></span> <span class='ocrx_word' id='word_1_528' title='bbox 3338 1002 3458 1058; x_wconf 90' lang='lat' dir='ltr'><strong>illos</strong></span> <span class='ocrx_word' id='word_1_529' title='bbox 3507 1000 3593 1055; x_wconf 89' lang='lat' dir='ltr'><strong>his</strong></span> 
     </span>
    </p>
   </div>
   <div class='ocr_carea' id='block_1_69' title="bbox 2030 1094 2874 1164">
    <p class='ocr_par' dir='ltr' id='par_1_69' title="bbox 2030 1094 2874 1164">
     <span class='ocr_line' id='line_1_69' title="bbox 2030 1094 2874 1164; baseline -0.004 -13"><span class='ocrx_word' id='word_1_530' title='bbox 2030 1097 2209 1153; x_wconf 80' lang='lat' dir='ltr'><strong>verbis</strong></span> <span class='ocrx_word' id='word_1_531' title='bbox 2236 1096 2467 1152; x_wconf 89' lang='lat' dir='ltr'><strong>miseros</strong></span> <span class='ocrx_word' id='word_1_532' title='bbox 2490 1094 2821 1164; x_wconf 84' lang='lat' dir='ltr'><strong>depraedicat</strong></span> <span class='ocrx_word' id='word_1_533' title='bbox 2860 1112 2874 1148; x_wconf 89' lang='lat'>:</span> 
     </span>
    </p>
   </div>
   <div class='ocr_carea' id='block_1_70' title="bbox 2103 1184 3594 1256">
    <p class='ocr_par' dir='ltr' id='par_1_70' title="bbox 2103 1184 3594 1256">
     <span class='ocr_line' id='line_1_70' title="bbox 2103 1184 3594 1256; baseline -0.004 -14"><span class='ocrx_word' id='word_1_534' title='bbox 2103 1188 2264 1242; x_wconf 68' lang='lat' dir='ltr'><strong>Vens.</strong></span> <span class='ocrx_word' id='word_1_535' title='bbox 2294 1187 2382 1242; x_wconf 81' lang='grc'><strong>16.</strong></span> <span class='ocrx_word' id='word_1_536' title='bbox 2423 1205 2442 1238; x_wconf 74' lang='grc' dir='ltr'><strong>ι</strong></span> <span class='ocrx_word' id='word_1_537' title='bbox 2476 1186 2665 1243; x_wconf 84' lang='lat' dir='ltr'><strong>Nonne</strong></span> <span class='ocrx_word' id='word_1_538' title='bbox 2695 1197 2754 1241; x_wconf 95' lang='lat' dir='ltr'><strong>ut</strong></span> <span class='ocrx_word' id='word_1_539' title='bbox 2783 1187 2955 1241; x_wconf 91' lang='lat' dir='ltr'><strong>lutum</strong></span> <span class='ocrx_word' id='word_1_540' title='bbox 2988 1186 3133 1256; x_wconf 87' lang='lat' dir='ltr'><strong>ﬁguli</strong></span> <span class='ocrx_word' id='word_1_541' title='bbox 3167 1184 3594 1256; x_wconf 85' lang='lat' dir='ltr'><strong>reputabimini?</strong></span> 
     </span>
    </p>
   </div>
   <div class='ocr_carea' id='block_1_71' title="bbox 2030 1274 3595 1345">
    <p class='ocr_par' dir='ltr' id='par_1_71' title="bbox 2030 1274 3595 1345">
     <span class='ocr_line' id='line_1_71' title="bbox 2030 1274 3595 1345; baseline -0.003 -14"><span class='ocrx_word' id='word_1_542' title='bbox 2030 1277 2166 1332; x_wconf 86' lang='lat' dir='ltr'><strong>Num</strong></span> <span class='ocrx_word' id='word_1_543' title='bbox 2199 1278 2344 1333; x_wconf 88' lang='lat' dir='ltr'><strong>dicet</strong></span> <span class='ocrx_word' id='word_1_544' title='bbox 2374 1276 2686 1345; x_wconf 84' lang='lat' dir='ltr'><strong>figmentum</strong></span> <span class='ocrx_word' id='word_1_545' title='bbox 2714 1277 2888 1332; x_wconf 85' lang='lat' dir='ltr'><strong>ﬁctori</strong></span> <span class='ocrx_word' id='word_1_546' title='bbox 2930 1290 3048 1342; x_wconf 86' lang='lat' dir='ltr'><strong>suo,</strong></span> <span class='ocrx_word' id='word_1_547' title='bbox 3076 1275 3158 1329; x_wconf 89' lang='lat' dir='ltr'><strong>Tu</strong></span> <span class='ocrx_word' id='word_1_548' title='bbox 3184 1291 3269 1331; x_wconf 90' lang='lat' dir='ltr'><strong>me</strong></span> <span class='ocrx_word' id='word_1_549' title='bbox 3290 1290 3409 1331; x_wconf 91' lang='lat' dir='ltr'><strong>non</strong></span> <span class='ocrx_word' id='word_1_550' title='bbox 3434 1274 3595 1329; x_wconf 73' lang='lat' dir='ltr'><strong>ﬁnxi-</strong></span> 
     </span>
    </p>
   </div>
   <div class='ocr_carea' id='block_1_72' title="bbox 2030 1367 3588 1438">
    <p class='ocr_par' dir='ltr' id='par_1_72' title="bbox 2030 1367 3588 1438">
     <span class='ocr_line' id='line_1_72' title="bbox 2030 1367 3588 1438; baseline -0.003 -15"><span class='ocrx_word' id='word_1_551' title='bbox 2030 1370 2140 1424; x_wconf 88' lang='lat' dir='ltr'><strong>sti?</strong></span> <span class='ocrx_word' id='word_1_552' title='bbox 2170 1377 2265 1423; x_wconf 92' lang='lat' dir='ltr'><strong>aut</strong></span> <span class='ocrx_word' id='word_1_553' title='bbox 2301 1383 2437 1438; x_wconf 89' lang='lat' dir='ltr'><strong>opus</strong></span> <span class='ocrx_word' id='word_1_554' title='bbox 2492 1368 2691 1437; x_wconf 81' lang='lat' dir='ltr'><strong>Opiﬁci,</strong></span> <span class='ocrx_word' id='word_1_555' title='bbox 2710 1367 2789 1422; x_wconf 90' lang='lat' dir='ltr'><strong>Tu</strong></span> <span class='ocrx_word' id='word_1_556' title='bbox 2817 1383 2901 1422; x_wconf 91' lang='lat' dir='ltr'><strong>me</strong></span> <span class='ocrx_word' id='word_1_557' title='bbox 2928 1382 3034 1423; x_wconf 92' lang='lat' dir='ltr'><strong>non</strong></span> <span class='ocrx_word' id='word_1_558' title='bbox 3064 1368 3332 1437; x_wconf 85' lang='lat' dir='ltr'><strong>sapienter</strong></span> <span class='ocrx_word' id='word_1_559' title='bbox 3349 1367 3588 1423; x_wconf 65' lang='lat' dir='ltr'><strong>fecisti?»</strong></span> 
     </span>
    </p>
   </div>
   <div class='ocr_carea' id='block_1_73' title="bbox 2033 1457 3591 1528">
    <p class='ocr_par' dir='ltr' id='par_1_73' title="bbox 2033 1457 3591 1528">
     <span class='ocr_line' id='line_1_73' title="bbox 2033 1457 3591 1528; baseline 0 -16"><span class='ocrx_word' id='word_1_560' title='bbox 2033 1460 2099 1513; x_wconf 86' lang='lat' dir='ltr'><strong>At</strong></span> <span class='ocrx_word' id='word_1_561' title='bbox 2126 1461 2268 1514; x_wconf 90' lang='lat' dir='ltr'><strong>enim</strong></span> <span class='ocrx_word' id='word_1_562' title='bbox 2304 1462 2351 1515; x_wconf 87' lang='lat' dir='ltr'><strong>si</strong></span> <span class='ocrx_word' id='word_1_563' title='bbox 2389 1474 2577 1517; x_wconf 88' lang='lat' dir='ltr'><strong>omnes</strong></span> <span class='ocrx_word' id='word_1_564' title='bbox 2616 1459 2861 1514; x_wconf 83' lang='lat' dir='ltr'><strong>homines</strong></span> <span class='ocrx_word' id='word_1_565' title='bbox 2900 1458 2968 1512; x_wconf 89' lang='lat' dir='ltr'><strong>ob</strong></span> <span class='ocrx_word' id='word_1_566' title='bbox 2997 1457 3202 1513; x_wconf 87' lang='lat' dir='ltr'><strong>luteum</strong></span> <span class='ocrx_word' id='word_1_567' title='bbox 3234 1472 3433 1528; x_wconf 84' lang='lat' dir='ltr'><strong>corpus</strong></span> <span class='ocrx_word' id='word_1_568' title='bbox 3477 1458 3591 1512; x_wconf 91' lang='lat' dir='ltr'><strong>luto</strong></span> 
     </span>
    </p>
   </div>
   <div class='ocr_carea' id='block_1_74' title="bbox 2034 1553 3594 1625">
    <p class='ocr_par' dir='ltr' id='par_1_74' title="bbox 2034 1553 3594 1625">
     <span class='ocr_line' id='line_1_74' title="bbox 2034 1553 3594 1625; baseline -0.003 -17"><span class='ocrx_word' id='word_1_569' title='bbox 2034 1553 2177 1624; x_wconf 89' lang='lat' dir='ltr'><strong>ﬁguli</strong></span> <span class='ocrx_word' id='word_1_570' title='bbox 2204 1554 2409 1610; x_wconf 83' lang='lat' dir='ltr'><strong>similes</strong></span> <span class='ocrx_word' id='word_1_571' title='bbox 2435 1568 2645 1619; x_wconf 89' lang='lat' dir='ltr'><strong>sumus,</strong></span> <span class='ocrx_word' id='word_1_572' title='bbox 2673 1553 2771 1625; x_wconf 81' lang='lat' dir='ltr'><strong>qui</strong></span> <span class='ocrx_word' id='word_1_573' title='bbox 2797 1568 2903 1617; x_wconf 88' lang='lat' dir='ltr'><strong>non</strong></span> <span class='ocrx_word' id='word_1_574' title='bbox 2927 1556 3320 1621; x_wconf 84' lang='lat' dir='ltr'><strong>consequenter</strong></span> <span class='ocrx_word' id='word_1_575' title='bbox 3344 1561 3594 1622; x_wconf 89' lang='lat' dir='ltr'><strong>putemus</strong></span> 
     </span>
    </p>
   </div>
   <div class='ocr_carea' id='block_1_75' title="bbox 2032 1640 3596 1713">
    <p class='ocr_par' dir='ltr' id='par_1_75' title="bbox 2032 1640 3596 1713">
     <span class='ocr_line' id='line_1_75' title="bbox 2032 1640 3596 1713; baseline -0.002 -16"><span class='ocrx_word' id='word_1_576' title='bbox 2032 1658 2137 1697; x_wconf 86' lang='lat' dir='ltr'><strong>non</strong></span> <span class='ocrx_word' id='word_1_577' title='bbox 2160 1656 2316 1711; x_wconf 85' lang='lat' dir='ltr'><strong>posse</strong></span> <span class='ocrx_word' id='word_1_578' title='bbox 2339 1642 2582 1713; x_wconf 88' lang='lat' dir='ltr'><strong>opiﬁcem</strong></span> <span class='ocrx_word' id='word_1_579' title='bbox 2616 1643 2806 1708; x_wconf 86' lang='lat' dir='ltr'><strong>latere,</strong></span> <span class='ocrx_word' id='word_1_580' title='bbox 2831 1658 2964 1713; x_wconf 90' lang='lat' dir='ltr'><strong>quas</strong></span> <span class='ocrx_word' id='word_1_581' title='bbox 2980 1652 3321 1713; x_wconf 80' lang='lat' dir='ltr'><strong>operatzones</strong></span> <span class='ocrx_word' id='word_1_582' title='bbox 3338 1641 3456 1698; x_wconf 85' lang='lat' dir='ltr'><strong>edat</strong></span> <span class='ocrx_word' id='word_1_583' title='bbox 3474 1640 3596 1711; x_wconf 86' lang='lat' dir='ltr'><strong>opi-</strong></span> 
     </span>
    </p>
   </div>
   <div class='ocr_carea' id='block_1_76' title="bbox 2034 1734 3593 1805">
    <p class='ocr_par' dir='ltr' id='par_1_76' title="bbox 2034 1734 3593 1805">
     <span class='ocr_line' id='line_1_76' title="bbox 2034 1734 3593 1805; baseline -0.003 -14"><span class='ocrx_word' id='word_1_584' title='bbox 2034 1734 2221 1791; x_wconf 83' lang='lat' dir='ltr'><strong>ﬁcium</strong></span> <span class='ocrx_word' id='word_1_585' title='bbox 2259 1736 2457 1790; x_wconf 87' lang='lat' dir='ltr'><strong>suum?</strong></span> <span class='ocrx_word' id='word_1_586' title='bbox 2488 1735 2621 1803; x_wconf 86' lang='lat' dir='ltr'><strong>Quis</strong></span> <span class='ocrx_word' id='word_1_587' title='bbox 2646 1735 2825 1790; x_wconf 89' lang='lat' dir='ltr'><strong>dicere</strong></span> <span class='ocrx_word' id='word_1_588' title='bbox 2852 1736 3023 1805; x_wconf 89' lang='lat' dir='ltr'><strong>possit</strong></span> <span class='ocrx_word' id='word_1_589' title='bbox 3046 1735 3128 1789; x_wconf 83' lang='lat' dir='ltr'><strong>vel</strong></span> <span class='ocrx_word' id='word_1_590' title='bbox 3151 1735 3365 1799; x_wconf 89' lang='lat' dir='ltr'><strong>audeat,</strong></span> <span class='ocrx_word' id='word_1_591' title='bbox 3398 1751 3458 1789; x_wconf 83' lang='lat' dir='ltr'><strong>se</strong></span> <span class='ocrx_word' id='word_1_592' title='bbox 3487 1749 3593 1789; x_wconf 91' lang='lat' dir='ltr'><strong>non</strong></span> 
     </span>
    </p>
   </div>
   <div class='ocr_carea' id='block_1_77' title="bbox 2033 1826 3595 1897">
    <p class='ocr_par' dir='ltr' id='par_1_77' title="bbox 2033 1826 3595 1897">
     <span class='ocr_line' id='line_1_77' title="bbox 2033 1826 3595 1897; baseline -0.003 -15"><span class='ocrx_word' id='word_1_593' title='bbox 2033 1840 2065 1882; x_wconf 88' lang='lat' dir='ltr'><strong>a</strong></span> <span class='ocrx_word' id='word_1_594' title='bbox 2097 1827 2203 1882; x_wconf 92' lang='lat' dir='ltr'><strong>Deo</strong></span> <span class='ocrx_word' id='word_1_595' title='bbox 2224 1827 2563 1882; x_wconf 78' lang='lat' dir='ltr'><strong>eil‘ormatum</strong></span> <span class='ocrx_word' id='word_1_596' title='bbox 2588 1829 2741 1883; x_wconf 85' lang='lat' dir='ltr'><strong>esse?</strong></span> <span class='ocrx_word' id='word_1_597' title='bbox 2760 1829 2912 1893; x_wconf 79' lang='lat' dir='ltr'><strong>Quod</strong></span> <span class='ocrx_word' id='word_1_598' title='bbox 2944 1826 2988 1881; x_wconf 88' lang='lat' dir='ltr'><strong>si</strong></span> <span class='ocrx_word' id='word_1_599' title='bbox 3021 1828 3072 1880; x_wconf 94' lang='lat' dir='ltr'><strong>id</strong></span> <span class='ocrx_word' id='word_1_600' title='bbox 3108 1826 3271 1897; x_wconf 88' lang='lat' dir='ltr'><strong>ﬁgulo</strong></span> <span class='ocrx_word' id='word_1_601' title='bbox 3294 1826 3595 1896; x_wconf 85' lang='lat' dir='ltr'><strong>subjectum</strong></span> 
     </span>
    </p>
   </div>
   <div class='ocr_carea' id='block_1_78' title="bbox 2035 1915 3597 1989">
    <p class='ocr_par' dir='ltr' id='par_1_78' title="bbox 2035 1915 3597 1989">
     <span class='ocr_line' id='line_1_78' title="bbox 2035 1915 3597 1989; baseline -0.002 -16"><span class='ocrx_word' id='word_1_602' title='bbox 2035 1918 2136 1989; x_wconf 89' lang='lat' dir='ltr'><strong>ipsi</strong></span> <span class='ocrx_word' id='word_1_603' title='bbox 2174 1918 2345 1973; x_wconf 90' lang='lat' dir='ltr'><strong>lutum</strong></span> <span class='ocrx_word' id='word_1_604' title='bbox 2390 1934 2666 1988; x_wconf 88' lang='lat' dir='ltr'><strong>nunquam</strong></span> <span class='ocrx_word' id='word_1_605' title='bbox 2696 1919 2931 1986; x_wconf 81' lang='lat' dir='ltr'><strong>dixerit;</strong></span> <span class='ocrx_word' id='word_1_606' title='bbox 2966 1916 3141 1987; x_wconf 84' lang='lat' dir='ltr'><strong>palam</strong></span> <span class='ocrx_word' id='word_1_607' title='bbox 3181 1930 3327 1973; x_wconf 90' lang='lat' dir='ltr'><strong>certe</strong></span> <span class='ocrx_word' id='word_1_608' title='bbox 3358 1926 3439 1972; x_wconf 89' lang='lat' dir='ltr'><strong>est</strong></span> <span class='ocrx_word' id='word_1_609' title='bbox 3469 1915 3597 1971; x_wconf 87' lang='lat' dir='ltr'><strong>futi-</strong></span> 
     </span>
    </p>
   </div>
   <div class='ocr_carea' id='block_1_79' title="bbox 2034 2007 3673 2081">
    <p class='ocr_par' dir='ltr' id='par_1_79' title="bbox 2034 2007 3673 2081">
     <span class='ocr_line' id='line_1_79' title="bbox 2034 2007 3673 2081; baseline -0.004 -12"><span class='ocrx_word' id='word_1_610' title='bbox 2034 2010 2114 2073; x_wconf 78' lang='lat' dir='ltr'><strong>les</strong></span> <span class='ocrx_word' id='word_1_611' title='bbox 2150 2021 2205 2066; x_wconf 92' lang='lat' dir='ltr'><strong>et</strong></span> <span class='ocrx_word' id='word_1_612' title='bbox 2246 2025 2414 2067; x_wconf 82' lang='lat' dir='ltr'><strong>vanos</strong></span> <span class='ocrx_word' id='word_1_613' title='bbox 2452 2026 2576 2067; x_wconf 90' lang='lat' dir='ltr'><strong>esse</strong></span> <span class='ocrx_word' id='word_1_614' title='bbox 2610 2025 2798 2067; x_wconf 92' lang='lat' dir='ltr'><strong>omnes</strong></span> <span class='ocrx_word' id='word_1_615' title='bbox 2839 2012 2928 2081; x_wconf 93' lang='lat' dir='ltr'><strong>qui</strong></span> <span class='ocrx_word' id='word_1_616' title='bbox 2973 2012 3122 2067; x_wconf 90' lang='lat' dir='ltr'><strong>intus</strong></span> <span class='ocrx_word' id='word_1_617' title='bbox 3157 2010 3212 2065; x_wconf 94' lang='lat' dir='ltr'><strong>in</strong></span> <span class='ocrx_word' id='word_1_618' title='bbox 3257 2013 3441 2065; x_wconf 88' lang='lat' dir='ltr'><strong>animo</strong></span> <span class='ocrx_word' id='word_1_619' title='bbox 3470 2023 3597 2080; x_wconf 91' lang='lat' dir='ltr'><strong>pro-</strong></span> <span class='ocrx_word' id='word_1_620' title='bbox 3665 2007 3673 2013; x_wconf 87' lang='grc'><strong>’</strong></span> 
     </span>
    </p>
   </div>
   <div class='ocr_carea' id='block_1_80' title="bbox 2034 2099 3597 2172">
    <p class='ocr_par' dir='ltr' id='par_1_80' title="bbox 2034 2099 3597 2172">
     <span class='ocr_line' id='line_1_80' title="bbox 2034 2099 3597 2172; baseline -0.001 -15"><span class='ocrx_word' id='word_1_621' title='bbox 2034 2102 2197 2157; x_wconf 89' lang='lat' dir='ltr'><strong>funda</strong></span> <span class='ocrx_word' id='word_1_622' title='bbox 2222 2101 2443 2157; x_wconf 86' lang='lat' dir='ltr'><strong>consilia</strong></span> <span class='ocrx_word' id='word_1_623' title='bbox 2492 2102 2699 2168; x_wconf 92' lang='lat' dir='ltr'><strong>ineunt,</strong></span> <span class='ocrx_word' id='word_1_624' title='bbox 2726 2110 2780 2157; x_wconf 91' lang='lat' dir='ltr'><strong>et</strong></span> <span class='ocrx_word' id='word_1_625' title='bbox 2821 2117 2943 2172; x_wconf 68' lang='lat' dir='ltr'><strong>qua:</strong></span> <span class='ocrx_word' id='word_1_626' title='bbox 2974 2101 3075 2171; x_wconf 87' lang='lat' dir='ltr'><strong>ipsi</strong></span> <span class='ocrx_word' id='word_1_627' title='bbox 3114 2102 3166 2156; x_wconf 91' lang='lat' dir='ltr'><strong>in</strong></span> <span class='ocrx_word' id='word_1_628' title='bbox 3198 2100 3434 2158; x_wconf 83' lang='lat' dir='ltr'><strong>tenebris</strong></span> <span class='ocrx_word' id='word_1_629' title='bbox 3458 2099 3597 2156; x_wconf 74' lang='lat' dir='ltr'><strong>faci—</strong></span> 
     </span>
    </p>
   </div>
   <div class='ocr_carea' id='block_1_81' title="bbox 2036 2194 3260 2265">
    <p class='ocr_par' dir='ltr' id='par_1_81' title="bbox 2036 2194 3260 2265">
     <span class='ocr_line' id='line_1_81' title="bbox 2036 2194 3260 2265; baseline -0.001 -15"><span class='ocrx_word' id='word_1_630' title='bbox 2036 2209 2168 2250; x_wconf 85' lang='lat' dir='ltr'><strong>nora</strong></span> <span class='ocrx_word' id='word_1_631' title='bbox 2204 2196 2392 2258; x_wconf 86' lang='lat' dir='ltr'><strong>edunt,</strong></span> <span class='ocrx_word' id='word_1_632' title='bbox 2430 2194 2596 2249; x_wconf 89' lang='lat' dir='ltr'><strong>Deum</strong></span> <span class='ocrx_word' id='word_1_633' title='bbox 2640 2196 2890 2265; x_wconf 88' lang='lat' dir='ltr'><strong>ignorare</strong></span> <span class='ocrx_word' id='word_1_634' title='bbox 2926 2196 3260 2252; x_wconf 79' lang='lat' dir='ltr'><strong>existimant.</strong></span> 
     </span>
    </p>
   </div>
   <div class='ocr_carea' id='block_1_82' title="bbox 2106 2366 3597 2438">
    <p class='ocr_par' dir='ltr' id='par_1_82' title="bbox 2106 2366 3597 2438">
     <span class='ocr_line' id='line_1_82' title="bbox 2106 2366 3597 2438; baseline 0.003 -17"><span class='ocrx_word' id='word_1_635' title='bbox 2106 2366 2273 2422; x_wconf 77' lang='lat' dir='ltr'><strong>Vsus.</strong></span> <span class='ocrx_word' id='word_1_636' title='bbox 2315 2367 2401 2422; x_wconf 79' lang='lat' dir='ltr'><strong>l7.</strong></span> <span class='ocrx_word' id='word_1_637' title='bbox 2448 2386 2466 2419; x_wconf 76' lang='grc' dir='ltr'><strong>ι</strong></span> <span class='ocrx_word' id='word_1_638' title='bbox 2514 2367 2704 2425; x_wconf 83' lang='lat' dir='ltr'><strong>Nonne</strong></span> <span class='ocrx_word' id='word_1_639' title='bbox 2739 2368 2912 2425; x_wconf 89' lang='lat' dir='ltr'><strong>adhuc</strong></span> <span class='ocrx_word' id='word_1_640' title='bbox 2948 2369 3240 2438; x_wconf 86' lang='lat' dir='ltr'><strong>paululum,</strong></span> <span class='ocrx_word' id='word_1_641' title='bbox 3275 2379 3330 2424; x_wconf 88' lang='lat' dir='ltr'><strong>et</strong></span> <span class='ocrx_word' id='word_1_642' title='bbox 3367 2370 3597 2429; x_wconf 86' lang='lat' dir='ltr'><strong>transfe—</strong></span> 
     </span>
    </p>
   </div>
   <div class='ocr_carea' id='block_1_83' title="bbox 2037 2458 3599 2521">
    <p class='ocr_par' dir='ltr' id='par_1_83' title="bbox 2037 2458 3599 2521">
     <span class='ocr_line' id='line_1_83' title="bbox 2037 2458 3599 2521; baseline 0.003 -7"><span class='ocrx_word' id='word_1_643' title='bbox 2037 2467 2188 2514; x_wconf 90' lang='lat' dir='ltr'><strong>retur</strong></span> <span class='ocrx_word' id='word_1_644' title='bbox 2221 2458 2459 2514; x_wconf 89' lang='lat' dir='ltr'><strong>Libanus</strong></span> <span class='ocrx_word' id='word_1_645' title='bbox 2494 2461 2638 2515; x_wconf 85' lang='lat' dir='ltr'><strong>sicut</strong></span> <span class='ocrx_word' id='word_1_646' title='bbox 2674 2475 2828 2516; x_wconf 90' lang='lat' dir='ltr'><strong>mons</strong></span> <span class='ocrx_word' id='word_1_647' title='bbox 2866 2460 3130 2521; x_wconf 87' lang='lat' dir='ltr'><strong>Chermel.</strong></span> <span class='ocrx_word' id='word_1_648' title='bbox 3165 2470 3219 2515; x_wconf 90' lang='lat' dir='ltr'><strong>et</strong></span> <span class='ocrx_word' id='word_1_649' title='bbox 3256 2461 3504 2519; x_wconf 83' lang='lat' dir='ltr'><strong>Cbermel</strong></span> <span class='ocrx_word' id='word_1_650' title='bbox 3544 2466 3599 2519; x_wconf 92' lang='lat' dir='ltr'><strong>in</strong></span> 
     </span>
    </p>
   </div>
   <div class='ocr_carea' id='block_1_84' title="bbox 2039 2552 3598 2626">
    <p class='ocr_par' dir='ltr' id='par_1_84' title="bbox 2039 2552 3598 2626">
     <span class='ocr_line' id='line_1_84' title="bbox 2039 2552 3598 2626; baseline 0.003 -19"><span class='ocrx_word' id='word_1_651' title='bbox 2039 2552 2231 2607; x_wconf 89' lang='lat' dir='ltr'><strong>saltum</strong></span> <span class='ocrx_word' id='word_1_652' title='bbox 2270 2552 2608 2622; x_wconf 86' lang='lat' dir='ltr'><strong>reputabitur</strong></span> <span class='ocrx_word' id='word_1_653' title='bbox 2642 2552 2666 2607; x_wconf 85' lang='lat'><strong>?</strong></span> <span class='ocrx_word' id='word_1_654' title='bbox 2710 2572 2731 2606; x_wconf 77' lang='grc' dir='ltr'><strong>ι</strong></span> <span class='ocrx_word' id='word_1_655' title='bbox 2788 2553 3050 2610; x_wconf 88' lang='lat' dir='ltr'><strong>Libanum</strong></span> <span class='ocrx_word' id='word_1_656' title='bbox 3090 2554 3303 2623; x_wconf 87' lang='lat' dir='ltr'><strong>quidem</strong></span> <span class='ocrx_word' id='word_1_657' title='bbox 3346 2557 3598 2626; x_wconf 89' lang='lat' dir='ltr'><strong>p0pulum</strong></span> 
     </span>
    </p>
   </div>
   <div class='ocr_carea' id='block_1_85' title="bbox 2039 2643 3603 2715">
    <p class='ocr_par' dir='ltr' id='par_1_85' title="bbox 2039 2643 3603 2715">
     <span class='ocr_line' id='line_1_85' title="bbox 2039 2643 3603 2715; baseline 0.001 -15"><span class='ocrx_word' id='word_1_658' title='bbox 2039 2658 2106 2700; x_wconf 85' lang='lat' dir='ltr'><strong>ex</strong></span> <span class='ocrx_word' id='word_1_659' title='bbox 2146 2644 2416 2714; x_wconf 86' lang='lat' dir='ltr'><strong>gentibus,</strong></span> <span class='ocrx_word' id='word_1_660' title='bbox 2444 2643 2749 2700; x_wconf 83' lang='lat' dir='ltr'><strong>Carmelum</strong></span> <span class='ocrx_word' id='word_1_661' title='bbox 2789 2660 2916 2703; x_wconf 82' lang='lat' dir='ltr'><strong>vero</strong></span> <span class='ocrx_word' id='word_1_662' title='bbox 2950 2644 3227 2700; x_wconf 82' lang='lat' dir='ltr'><strong>Judaicam</strong></span> <span class='ocrx_word' id='word_1_663' title='bbox 3262 2655 3473 2715; x_wconf 80' lang='lat' dir='ltr'><strong>gentem</strong></span> <span class='ocrx_word' id='word_1_664' title='bbox 3510 2662 3603 2701; x_wconf 85' lang='lat' dir='ltr'><strong>vo-</strong></span> 
     </span>
    </p>
   </div>
   <div class='ocr_carea' id='block_1_86' title="bbox 2041 2735 3605 2807">
    <p class='ocr_par' dir='ltr' id='par_1_86' title="bbox 2041 2735 3605 2807">
     <span class='ocr_line' id='line_1_86' title="bbox 2041 2735 3605 2807; baseline 0 -15"><span class='ocrx_word' id='word_1_665' title='bbox 2041 2746 2149 2792; x_wconf 89' lang='lat' dir='ltr'><strong>cat.</strong></span> <span class='ocrx_word' id='word_1_666' title='bbox 2190 2735 2304 2791; x_wconf 90' lang='lat' dir='ltr'><strong>Ceu</strong></span> <span class='ocrx_word' id='word_1_667' title='bbox 2331 2738 2618 2805; x_wconf 88' lang='lat' dir='ltr'><strong>quemdam</strong></span> <span class='ocrx_word' id='word_1_668' title='bbox 2666 2736 2865 2791; x_wconf 87' lang='lat' dir='ltr'><strong>saltum</strong></span> <span class='ocrx_word' id='word_1_669' title='bbox 2903 2738 3195 2807; x_wconf 86' lang='lat' dir='ltr'><strong>agrestium</strong></span> <span class='ocrx_word' id='word_1_670' title='bbox 3223 2746 3280 2792; x_wconf 90' lang='lat' dir='ltr'><strong>et</strong></span> <span class='ocrx_word' id='word_1_671' title='bbox 3306 2736 3605 2792; x_wconf 79' lang='lat' dir='ltr'><strong>infructuo-</strong></span> 
     </span>
    </p>
   </div>
   <div class='ocr_carea' id='block_1_87' title="bbox 2040 2825 3601 2897">
    <p class='ocr_par' dir='ltr' id='par_1_87' title="bbox 2040 2825 3601 2897">
     <span class='ocr_line' id='line_1_87' title="bbox 2040 2825 3601 2897; baseline -0.003 -13"><span class='ocrx_word' id='word_1_672' title='bbox 2040 2843 2222 2885; x_wconf 84' lang='lat' dir='ltr'><strong>sarum</strong></span> <span class='ocrx_word' id='word_1_673' title='bbox 2251 2830 2507 2884; x_wconf 91' lang='lat' dir='ltr'><strong>arborum</strong></span> <span class='ocrx_word' id='word_1_674' title='bbox 2534 2827 2651 2882; x_wconf 92' lang='lat' dir='ltr'><strong>fore</strong></span> <span class='ocrx_word' id='word_1_675' title='bbox 2676 2825 2958 2883; x_wconf 70' lang='lat' dir='ltr'><strong>Iudaicum</strong></span> <span class='ocrx_word' id='word_1_676' title='bbox 2982 2826 3237 2897; x_wconf 88' lang='lat' dir='ltr'><strong>populum</strong></span> <span class='ocrx_word' id='word_1_677' title='bbox 3251 2828 3601 2881; x_wconf 80' lang='lat' dir='ltr'><strong>vaticinatur.</strong></span> 
     </span>
    </p>
   </div>
   <div class='ocr_carea' id='block_1_88' title="bbox 2041 2922 3605 2992">
    <p class='ocr_par' dir='ltr' id='par_1_88' title="bbox 2041 2922 3605 2992">
     <span class='ocr_line' id='line_1_88' title="bbox 2041 2922 3605 2992; baseline -0.003 -12"><span class='ocrx_word' id='word_1_678' title='bbox 2041 2924 2304 2980; x_wconf 88' lang='lat' dir='ltr'><strong>Libanum</strong></span> <span class='ocrx_word' id='word_1_679' title='bbox 2340 2933 2541 2987; x_wconf 89' lang='lat' dir='ltr'><strong>autem,</strong></span> <span class='ocrx_word' id='word_1_680' title='bbox 2563 2923 2654 2992; x_wconf 91' lang='lat' dir='ltr'><strong>qui</strong></span> <span class='ocrx_word' id='word_1_681' title='bbox 2691 2922 2818 2977; x_wconf 91' lang='lat' dir='ltr'><strong>olim</strong></span> <span class='ocrx_word' id='word_1_682' title='bbox 2864 2923 3023 2977; x_wconf 89' lang='lat' dir='ltr'><strong>saltui</strong></span> <span class='ocrx_word' id='word_1_683' title='bbox 3048 2922 3241 2978; x_wconf 87' lang='lat' dir='ltr'><strong>similis</strong></span> <span class='ocrx_word' id='word_1_684' title='bbox 3268 2934 3408 2986; x_wconf 88' lang='lat' dir='ltr'><strong>erat,</strong></span> <span class='ocrx_word' id='word_1_685' title='bbox 3437 2937 3605 2992; x_wconf 85' lang='lat' dir='ltr'><strong>popu-</strong></span> 
     </span>
    </p>
   </div>
   <div class='ocr_carea' id='block_1_89' title="bbox 2041 3012 3603 3083">
    <p class='ocr_par' dir='ltr' id='par_1_89' title="bbox 2041 3012 3603 3083">
     <span class='ocr_line' id='line_1_89' title="bbox 2041 3012 3603 3083; baseline -0.003 -14"><span class='ocrx_word' id='word_1_686' title='bbox 2041 3014 2153 3069; x_wconf 93' lang='lat' dir='ltr'><strong>lum</strong></span> <span class='ocrx_word' id='word_1_687' title='bbox 2178 3014 2430 3071; x_wconf 87' lang='lat' dir='ltr'><strong>videlicet</strong></span> <span class='ocrx_word' id='word_1_688' title='bbox 2457 3028 2526 3069; x_wconf 75' lang='grc' dir='ltr'>ει</span> <span class='ocrx_word' id='word_1_689' title='bbox 2552 3014 2826 3083; x_wconf 89' lang='lat' dir='ltr'><strong>gentibus,</strong></span> <span class='ocrx_word' id='word_1_690' title='bbox 2868 3012 3106 3069; x_wconf 90' lang='lat' dir='ltr'><strong>futurum</strong></span> <span class='ocrx_word' id='word_1_691' title='bbox 3137 3013 3233 3076; x_wconf 86' lang='lat' dir='ltr'><strong>ait,</strong></span> <span class='ocrx_word' id='word_1_692' title='bbox 3264 3014 3438 3083; x_wconf 87' lang='lat' dir='ltr'><strong>qualis</strong></span> <span class='ocrx_word' id='word_1_693' title='bbox 3472 3013 3603 3067; x_wconf 92' lang='lat' dir='ltr'><strong>olim</strong></span> 
     </span>
    </p>
   </div>
   <div class='ocr_carea' id='block_1_90' title="bbox 2041 3086 3603 3174">
    <p class='ocr_par' dir='ltr' id='par_1_90' title="bbox 2041 3086 3603 3174">
     <span class='ocr_line' id='line_1_90' title="bbox 2041 3086 3603 3174; baseline -0.001 -14"><span class='ocrx_word' id='word_1_694' title='bbox 2041 3113 2159 3161; x_wconf 89' lang='lat' dir='ltr'><strong>erat</strong></span> <span class='ocrx_word' id='word_1_695' title='bbox 2202 3103 2458 3159; x_wconf 86' lang='lat' dir='ltr'><strong>Judaicus</strong></span> <span class='ocrx_word' id='word_1_696' title='bbox 2500 3104 2767 3174; x_wconf 90' lang='lat' dir='ltr'><strong>populus,</strong></span> <span class='ocrx_word' id='word_1_697' title='bbox 2823 3104 3039 3174; x_wconf 85' lang='lat' dir='ltr'><strong>plenum</strong></span> <span class='ocrx_word' id='word_1_698' title='bbox 3092 3105 3249 3161; x_wconf 91' lang='lat' dir='ltr'><strong>bonis</strong></span> <span class='ocrx_word' id='word_1_699' title='bbox 3298 3086 3603 3167; x_wconf 79' lang='lat' dir='ltr'><strong>arboribus,</strong></span> 
     </span>
    </p>
   </div>
   <div class='ocr_carea' id='block_1_91' title="bbox 2039 3194 3281 3267">
    <p class='ocr_par' dir='ltr' id='par_1_91' title="bbox 2039 3194 3281 3267">
     <span class='ocr_line' id='line_1_91' title="bbox 2039 3194 3281 3267; baseline -0.003 -15"><span class='ocrx_word' id='word_1_700' title='bbox 2039 3197 2387 3267; x_wconf 86' lang='lat' dir='ltr'><strong>omniumque</strong></span> <span class='ocrx_word' id='word_1_701' title='bbox 2412 3210 2665 3267; x_wconf 88' lang='lat' dir='ltr'><strong>generum</strong></span> <span class='ocrx_word' id='word_1_702' title='bbox 2700 3194 2900 3265; x_wconf 88' lang='lat' dir='ltr'><strong>plantis</strong></span> <span class='ocrx_word' id='word_1_703' title='bbox 2921 3205 2969 3249; x_wconf 89' lang='lat' dir='ltr'><strong>et</strong></span> <span class='ocrx_word' id='word_1_704' title='bbox 2995 3194 3281 3250; x_wconf 90' lang='lat' dir='ltr'><strong>fructibus.</strong></span> 
     </span>
    </p>
   </div>
   <div class='ocr_carea' id='block_1_92' title="bbox 2111 3285 3606 3353">
    <p class='ocr_par' dir='ltr' id='par_1_92' title="bbox 2111 3285 3606 3353">
     <span class='ocr_line' id='line_1_92' title="bbox 2111 3285 3606 3353; baseline -0.001 -10"><span class='ocrx_word' id='word_1_705' title='bbox 2111 3288 2275 3345; x_wconf 76' lang='lat' dir='ltr'><strong>Vsus.</strong></span> <span class='ocrx_word' id='word_1_706' title='bbox 2306 3286 2390 3342; x_wconf 81' lang='lat' dir='ltr'><strong>l8.</strong></span> <span class='ocrx_word' id='word_1_707' title='bbox 2427 3306 2446 3339; x_wconf 71' lang='grc' dir='ltr'><strong>ε</strong></span> <span class='ocrx_word' id='word_1_708' title='bbox 2481 3286 2547 3341; x_wconf 87' lang='grc' dir='ltr'>Ει</span> <span class='ocrx_word' id='word_1_709' title='bbox 2570 3285 2789 3341; x_wconf 91' lang='lat' dir='ltr'><strong>audient</strong></span> <span class='ocrx_word' id='word_1_710' title='bbox 2826 3285 2880 3340; x_wconf 93' lang='lat' dir='ltr'><strong>in</strong></span> <span class='ocrx_word' id='word_1_711' title='bbox 2909 3286 3116 3346; x_wconf 71' lang='lat' dir='ltr'><strong>dieTiila</strong></span> <span class='ocrx_word' id='word_1_712' title='bbox 3142 3287 3290 3342; x_wconf 90' lang='lat' dir='ltr'><strong>surdi</strong></span> <span class='ocrx_word' id='word_1_713' title='bbox 3320 3300 3606 3353; x_wconf 87' lang='lat' dir='ltr'><strong>sermones</strong></span> 
     </span>
    </p>
   </div>
   <div class='ocr_carea' id='block_1_93' title="bbox 2039 3376 3604 3450">
    <p class='ocr_par' dir='ltr' id='par_1_93' title="bbox 2039 3376 3604 3450">
     <span class='ocr_line' id='line_1_93' title="bbox 2039 3376 3604 3450; baseline -0.003 -15"><span class='ocrx_word' id='word_1_714' title='bbox 2039 3380 2186 3447; x_wconf 91' lang='lat' dir='ltr'><strong>libri,</strong></span> <span class='ocrx_word' id='word_1_715' title='bbox 2214 3391 2269 3437; x_wconf 93' lang='lat' dir='ltr'><strong>et</strong></span> <span class='ocrx_word' id='word_1_716' title='bbox 2304 3382 2396 3450; x_wconf 90' lang='lat' dir='ltr'><strong>qui</strong></span> <span class='ocrx_word' id='word_1_717' title='bbox 2437 3381 2489 3435; x_wconf 93' lang='lat' dir='ltr'><strong>in</strong></span> <span class='ocrx_word' id='word_1_718' title='bbox 2531 3380 2805 3446; x_wconf 87' lang='lat' dir='ltr'><strong>tenebris,</strong></span> <span class='ocrx_word' id='word_1_719' title='bbox 2843 3390 2898 3434; x_wconf 92' lang='lat' dir='ltr'><strong>et</strong></span> <span class='ocrx_word' id='word_1_720' title='bbox 2936 3380 3025 3448; x_wconf 91' lang='lat' dir='ltr'><strong>qui</strong></span> <span class='ocrx_word' id='word_1_721' title='bbox 3062 3380 3113 3433; x_wconf 94' lang='lat' dir='ltr'><strong>in</strong></span> <span class='ocrx_word' id='word_1_722' title='bbox 3156 3377 3422 3449; x_wconf 88' lang='lat' dir='ltr'><strong>caligine;</strong></span> <span class='ocrx_word' id='word_1_723' title='bbox 3461 3376 3604 3434; x_wconf 91' lang='lat' dir='ltr'><strong>oculi</strong></span> 
     </span>
    </p>
   </div>
   <div class='ocr_carea' id='block_1_94' title="bbox 2040 3466 3597 3539">
    <p class='ocr_par' dir='ltr' id='par_1_94' title="bbox 2040 3466 3597 3539">
     <span class='ocr_line' id='line_1_94' title="bbox 2040 3466 3597 3539; baseline -0.004 -11"><span class='ocrx_word' id='word_1_724' title='bbox 2040 3486 2305 3528; x_wconf 57' lang='lat' dir='ltr'><strong>caecorum</strong></span> <span class='ocrx_word' id='word_1_725' title='bbox 2362 3471 2640 3526; x_wconf 86' lang='lat' dir='ltr'><strong>videbunt.</strong></span> <span class='ocrx_word' id='word_1_726' title='bbox 2693 3489 2713 3521; x_wconf 75' lang='grc' dir='ltr'><strong>ι</strong></span> <span class='ocrx_word' id='word_1_727' title='bbox 2757 3468 2924 3539; x_wconf 84' lang='lat' dir='ltr'><strong>Cujus</strong></span> <span class='ocrx_word' id='word_1_728' title='bbox 2976 3468 3145 3532; x_wconf 89' lang='lat' dir='ltr'><strong>libri,</strong></span> <span class='ocrx_word' id='word_1_729' title='bbox 3190 3468 3293 3522; x_wconf 90' lang='lat' dir='ltr'><strong>nisi</strong></span> <span class='ocrx_word' id='word_1_730' title='bbox 3348 3466 3597 3537; x_wconf 88' lang='lat' dir='ltr'><strong>hujusce,</strong></span> 
     </span>
    </p>
   </div>
   <div class='ocr_carea' id='block_1_95' title="bbox 2041 3556 3606 3635">
    <p class='ocr_par' dir='ltr' id='par_1_95' title="bbox 2041 3556 3606 3635">
     <span class='ocr_line' id='line_1_95' title="bbox 2041 3556 3606 3635; baseline -0.006 -16"><span class='ocrx_word' id='word_1_731' title='bbox 2041 3578 2199 3635; x_wconf 86' lang='lat' dir='ltr'><strong>quem</strong></span> <span class='ocrx_word' id='word_1_732' title='bbox 2237 3576 2348 3631; x_wconf 73' lang='lat' dir='ltr'><strong>pra:</strong></span> <span class='ocrx_word' id='word_1_733' title='bbox 2388 3561 2633 3616; x_wconf 91' lang='lat' dir='ltr'><strong>manibus</strong></span> <span class='ocrx_word' id='word_1_734' title='bbox 2668 3559 2965 3624; x_wconf 88' lang='lat' dir='ltr'><strong>habemus,</strong></span> <span class='ocrx_word' id='word_1_735' title='bbox 3005 3561 3072 3615; x_wconf 85' lang='lat' dir='ltr'><strong>de</strong></span> <span class='ocrx_word' id='word_1_736' title='bbox 3110 3573 3218 3628; x_wconf 89' lang='lat' dir='ltr'><strong>quo</strong></span> <span class='ocrx_word' id='word_1_737' title='bbox 3257 3572 3417 3626; x_wconf 88' lang='lat' dir='ltr'><strong>supra</strong></span> <span class='ocrx_word' id='word_1_738' title='bbox 3456 3556 3606 3611; x_wconf 88' lang='lat' dir='ltr'><strong>dice-</strong></span> 
     </span>
    </p>
   </div>
   <div class='ocr_carea' id='block_1_96' title="bbox 2043 3647 3609 3722">
    <p class='ocr_par' dir='ltr' id='par_1_96' title="bbox 2043 3647 3609 3722">
     <span class='ocr_line' id='line_1_96' title="bbox 2043 3647 3609 3722; baseline -0.006 -10"><span class='ocrx_word' id='word_1_739' title='bbox 2043 3658 2235 3722; x_wconf 90' lang='lat' dir='ltr'><strong>batur,</strong></span> <span class='ocrx_word' id='word_1_740' title='bbox 2273 3672 2292 3705; x_wconf 77' lang='grc' dir='ltr'><strong>ι</strong></span> <span class='ocrx_word' id='word_1_741' title='bbox 2330 3653 2497 3709; x_wconf 85' lang='lat' dir='ltr'><strong>Vobis</strong></span> <span class='ocrx_word' id='word_1_742' title='bbox 2533 3653 2697 3708; x_wconf 86' lang='lat' dir='ltr'><strong>verba</strong></span> <span class='ocrx_word' id='word_1_743' title='bbox 2734 3651 2850 3705; x_wconf 58' lang='lat' dir='ltr'><strong>hac</strong></span> <span class='ocrx_word' id='word_1_744' title='bbox 2883 3651 3065 3705; x_wconf 90' lang='lat' dir='ltr'><strong>omnia</strong></span> <span class='ocrx_word' id='word_1_745' title='bbox 3090 3689 3107 3714; x_wconf 92' lang='lat'><strong>,</strong></span> <span class='ocrx_word' id='word_1_746' title='bbox 3146 3647 3293 3703; x_wconf 82' lang='lat' dir='ltr'><strong>velut</strong></span> <span class='ocrx_word' id='word_1_747' title='bbox 3329 3661 3609 3702; x_wconf 87' lang='lat' dir='ltr'><strong>sermones</strong></span> 
     </span>
    </p>
   </div>
   <div class='ocr_carea' id='block_1_97' title="bbox 2045 3739 3607 3819">
    <p class='ocr_par' dir='ltr' id='par_1_97' title="bbox 2045 3739 3607 3819">
     <span class='ocr_line' id='line_1_97' title="bbox 2045 3739 3607 3819; baseline -0.009 -15"><span class='ocrx_word' id='word_1_748' title='bbox 2045 3749 2241 3819; x_wconf 84' lang='lat' dir='ltr'><strong>signati</strong></span> <span class='ocrx_word' id='word_1_749' title='bbox 2282 3747 2403 3803; x_wconf 86' lang='lat' dir='ltr'><strong>libri</strong></span> <span class='ocrx_word' id='word_1_750' title='bbox 2454 3745 2654 3815; x_wconf 86' lang='lat' dir='ltr'><strong>hujus?</strong></span> <span class='ocrx_word' id='word_1_751' title='bbox 2692 3764 2712 3798; x_wconf 81' lang='grc' dir='ltr'><strong>ι</strong></span> <span class='ocrx_word' id='word_1_752' title='bbox 2752 3742 2949 3799; x_wconf 90' lang='lat' dir='ltr'><strong>Verum</strong></span> <span class='ocrx_word' id='word_1_753' title='bbox 2992 3742 3041 3796; x_wconf 91' lang='lat' dir='ltr'><strong>ei</strong></span> <span class='ocrx_word' id='word_1_754' title='bbox 3088 3742 3177 3811; x_wconf 90' lang='lat' dir='ltr'><strong>qui</strong></span> <span class='ocrx_word' id='word_1_755' title='bbox 3227 3740 3355 3795; x_wconf 90' lang='lat' dir='ltr'><strong>olim</strong></span> <span class='ocrx_word' id='word_1_756' title='bbox 3394 3739 3607 3808; x_wconf 85' lang='lat' dir='ltr'><strong>quidem</strong></span> 
     </span>
    </p>
   </div>
   <div class='ocr_carea' id='block_1_98' title="bbox 2044 3831 3611 3909">
    <p class='ocr_par' dir='ltr' id='par_1_98' title="bbox 2044 3831 3611 3909">
     <span class='ocr_line' id='line_1_98' title="bbox 2044 3831 3611 3909; baseline -0.008 -12"><span class='ocrx_word' id='word_1_757' title='bbox 2044 3839 2344 3907; x_wconf 85' lang='lat' dir='ltr'><strong>Carmelus,</strong></span> <span class='ocrx_word' id='word_1_758' title='bbox 2375 3840 2469 3895; x_wconf 90' lang='lat' dir='ltr'><strong>sed</strong></span> <span class='ocrx_word' id='word_1_759' title='bbox 2497 3839 2609 3909; x_wconf 89' lang='lat' dir='ltr'><strong>jam</strong></span> <span class='ocrx_word' id='word_1_760' title='bbox 2633 3845 2873 3893; x_wconf 85' lang='lat' dir='ltr'><strong>mutatus</strong></span> <span class='ocrx_word' id='word_1_761' title='bbox 2896 3844 2980 3891; x_wconf 88' lang='lat' dir='ltr'><strong>est</strong></span> <span class='ocrx_word' id='word_1_762' title='bbox 3005 3837 3060 3889; x_wconf 92' lang='lat' dir='ltr'><strong>in</strong></span> <span class='ocrx_word' id='word_1_763' title='bbox 3086 3833 3307 3899; x_wconf 86' lang='lat' dir='ltr'><strong>saltum,</strong></span> <span class='ocrx_word' id='word_1_764' title='bbox 3328 3840 3490 3888; x_wconf 83' lang='lat' dir='ltr'><strong>erunt</strong></span> <span class='ocrx_word' id='word_1_765' title='bbox 3516 3831 3611 3884; x_wconf 87' lang='lat' dir='ltr'><strong>hu-</strong></span> 
     </span>
    </p>
   </div>
   <div class='ocr_carea' id='block_1_99' title="bbox 2041 3923 3609 4005">
    <p class='ocr_par' dir='ltr' id='par_1_99' title="bbox 2041 3923 3609 4005">
     <span class='ocr_line' id='line_1_99' title="bbox 2041 3923 3609 4005; baseline -0.008 -15"><span class='ocrx_word' id='word_1_766' title='bbox 2041 3934 2195 4005; x_wconf 87' lang='lat' dir='ltr'><strong>jusce</strong></span> <span class='ocrx_word' id='word_1_767' title='bbox 2242 3932 2363 3988; x_wconf 91' lang='lat' dir='ltr'><strong>libri</strong></span> <span class='ocrx_word' id='word_1_768' title='bbox 2412 3941 2468 3988; x_wconf 89' lang='lat' dir='ltr'><strong>et</strong></span> <span class='ocrx_word' id='word_1_769' title='bbox 2518 3930 2819 4002; x_wconf 65' lang='lat' dir='ltr'><strong>prophetia:</strong></span> <span class='ocrx_word' id='word_1_770' title='bbox 2863 3942 3141 3984; x_wconf 88' lang='lat' dir='ltr'><strong>sermones</strong></span> <span class='ocrx_word' id='word_1_771' title='bbox 3192 3923 3460 3996; x_wconf 75' lang='lat' dir='ltr'><strong>obsignati</strong></span> <span class='ocrx_word' id='word_1_772' title='bbox 3487 3939 3502 3988; x_wconf 91' lang='lat'><strong>;</strong></span> <span class='ocrx_word' id='word_1_773' title='bbox 3532 3923 3609 3978; x_wconf 89' lang='lat' dir='ltr'><strong>illi</strong></span> 
     </span>
    </p>
   </div>
   <div class='ocr_carea' id='block_1_100' title="bbox 2045 4012 3612 4093">
    <p class='ocr_par' dir='ltr' id='par_1_100' title="bbox 2045 4012 3612 4093">
     <span class='ocr_line' id='line_1_100' title="bbox 2045 4012 3612 4093; baseline -0.01 -14"><span class='ocrx_word' id='word_1_774' title='bbox 2045 4038 2176 4080; x_wconf 83' lang='lat' dir='ltr'><strong>vero</strong></span> <span class='ocrx_word' id='word_1_775' title='bbox 2212 4021 2305 4093; x_wconf 92' lang='lat' dir='ltr'><strong>qui</strong></span> <span class='ocrx_word' id='word_1_776' title='bbox 2342 4022 2470 4078; x_wconf 84' lang='lat' dir='ltr'><strong>olim</strong></span> <span class='ocrx_word' id='word_1_777' title='bbox 2508 4022 2658 4085; x_wconf 81' lang='lat' dir='ltr'><strong>caeci,</strong></span> <span class='ocrx_word' id='word_1_778' title='bbox 2697 4028 2753 4075; x_wconf 90' lang='lat' dir='ltr'><strong>et</strong></span> <span class='ocrx_word' id='word_1_779' title='bbox 2789 4019 2843 4074; x_wconf 91' lang='lat' dir='ltr'><strong>in</strong></span> <span class='ocrx_word' id='word_1_780' title='bbox 2881 4016 3019 4073; x_wconf 89' lang='lat' dir='ltr'><strong>saltu</strong></span> <span class='ocrx_word' id='word_1_781' title='bbox 3058 4015 3249 4072; x_wconf 86' lang='lat' dir='ltr'><strong>Libani</strong></span> <span class='ocrx_word' id='word_1_782' title='bbox 3290 4012 3612 4083; x_wconf 78' lang='lat' dir='ltr'><strong>reputaban-</strong></span> 
     </span>
    </p>
   </div>
   <div class='ocr_carea' id='block_1_101' title="bbox 2049 4105 3611 4184">
    <p class='ocr_par' dir='ltr' id='par_1_101' title="bbox 2049 4105 3611 4184">
     <span class='ocr_line' id='line_1_101' title="bbox 2049 4105 3611 4184; baseline -0.008 -15"><span class='ocrx_word' id='word_1_783' title='bbox 2049 4124 2136 4169; x_wconf 91' lang='lat' dir='ltr'><strong>tur</strong></span> <span class='ocrx_word' id='word_1_784' title='bbox 2175 4128 2315 4178; x_wconf 86' lang='lat' dir='ltr'><strong>esse,</strong></span> <span class='ocrx_word' id='word_1_785' title='bbox 2355 4122 2641 4184; x_wconf 82' lang='lat' dir='ltr'><strong>p05lquatu</strong></span> <span class='ocrx_word' id='word_1_786' title='bbox 2690 4109 2758 4165; x_wconf 87' lang='lat' dir='ltr'><strong>ad</strong></span> <span class='ocrx_word' id='word_1_787' title='bbox 2804 4119 3140 4164; x_wconf 88' lang='lat' dir='ltr'><strong>mansuetum</strong></span> <span class='ocrx_word' id='word_1_788' title='bbox 3173 4116 3229 4162; x_wconf 90' lang='lat' dir='ltr'><strong>et</strong></span> <span class='ocrx_word' id='word_1_789' title='bbox 3269 4105 3611 4160; x_wconf 80' lang='lat' dir='ltr'><strong>fructuosum</strong></span> 
     </span>
    </p>
   </div>
   <div class='ocr_carea' id='block_1_102' title="bbox 2048 4197 3613 4266">
    <p class='ocr_par' dir='ltr' id='par_1_102' title="bbox 2048 4197 3613 4266">
     <span class='ocr_line' id='line_1_102' title="bbox 2048 4197 3613 4266; baseline -0.009 -6"><span class='ocrx_word' id='word_1_790' title='bbox 2048 4218 2253 4261; x_wconf 90' lang='lat' dir='ltr'><strong>morem</strong></span> <span class='ocrx_word' id='word_1_791' title='bbox 2269 4203 2508 4258; x_wconf 87' lang='lat' dir='ltr'><strong>translati</strong></span> <span class='ocrx_word' id='word_1_792' title='bbox 2522 4201 2743 4266; x_wconf 82' lang='lat' dir='ltr'><strong>fuerint,</strong></span> <span class='ocrx_word' id='word_1_793' title='bbox 2761 4199 3066 4255; x_wconf 81' lang='lat' dir='ltr'><strong>divinarum</strong></span> <span class='ocrx_word' id='word_1_794' title='bbox 3085 4197 3484 4265; x_wconf 90' lang='lat' dir='ltr'><strong>Scripturarum</strong></span> <span class='ocrx_word' id='word_1_795' title='bbox 3497 4207 3613 4249; x_wconf 87' lang='lat' dir='ltr'><strong>ser-</strong></span> 
     </span>
    </p>
   </div>
   <div class='ocr_carea' id='block_1_103' title="bbox 2048 4287 3614 4365">
    <p class='ocr_par' dir='ltr' id='par_1_103' title="bbox 2048 4287 3614 4365">
     <span class='ocr_line' id='line_1_103' title="bbox 2048 4287 3614 4365; baseline -0.01 -11"><span class='ocrx_word' id='word_1_796' title='bbox 2048 4313 2239 4353; x_wconf 91' lang='lat' dir='ltr'><strong>mones</strong></span> <span class='ocrx_word' id='word_1_797' title='bbox 2271 4297 2531 4362; x_wconf 86' lang='lat' dir='ltr'><strong>audient;</strong></span> <span class='ocrx_word' id='word_1_798' title='bbox 2571 4305 2626 4351; x_wconf 92' lang='lat' dir='ltr'><strong>et</strong></span> <span class='ocrx_word' id='word_1_799' title='bbox 2660 4295 2750 4365; x_wconf 91' lang='lat' dir='ltr'><strong>qui</strong></span> <span class='ocrx_word' id='word_1_800' title='bbox 2785 4293 2913 4349; x_wconf 91' lang='lat' dir='ltr'><strong>olim</strong></span> <span class='ocrx_word' id='word_1_801' title='bbox 2946 4294 3000 4347; x_wconf 90' lang='lat' dir='ltr'><strong>in</strong></span> <span class='ocrx_word' id='word_1_802' title='bbox 3032 4290 3269 4347; x_wconf 90' lang='lat' dir='ltr'><strong>tenebris</strong></span> <span class='ocrx_word' id='word_1_803' title='bbox 3300 4299 3357 4343; x_wconf 90' lang='lat' dir='ltr'><strong>et</strong></span> <span class='ocrx_word' id='word_1_804' title='bbox 3382 4287 3614 4356; x_wconf 83' lang='lat' dir='ltr'><strong>caligine</strong></span> 
     </span>
    </p>
   </div>
   <div class='ocr_carea' id='block_1_104' title="bbox 2050 4377 3616 4455">
    <p class='ocr_par' dir='ltr' id='par_1_104' title="bbox 2050 4377 3616 4455">
     <span class='ocr_line' id='line_1_104' title="bbox 2050 4377 3616 4455; baseline -0.01 -10"><span class='ocrx_word' id='word_1_805' title='bbox 2050 4391 2427 4455; x_wconf 75' lang='lat' dir='ltr'><strong>versabantur,</strong></span> <span class='ocrx_word' id='word_1_806' title='bbox 2484 4391 2557 4444; x_wconf 89' lang='lat' dir='ltr'><strong>ita</strong></span> <span class='ocrx_word' id='word_1_807' title='bbox 2588 4398 2646 4441; x_wconf 93' lang='lat' dir='ltr'><strong>ut</strong></span> <span class='ocrx_word' id='word_1_808' title='bbox 2687 4401 2792 4441; x_wconf 93' lang='lat' dir='ltr'><strong>non</strong></span> <span class='ocrx_word' id='word_1_809' title='bbox 2822 4385 3101 4446; x_wconf 76' lang='lat' dir='ltr'><strong>viderent,</strong></span> <span class='ocrx_word' id='word_1_810' title='bbox 3133 4396 3309 4450; x_wconf 89' lang='lat' dir='ltr'><strong>neque</strong></span> <span class='ocrx_word' id='word_1_811' title='bbox 3352 4377 3616 4446; x_wconf 68' lang='lat' dir='ltr'><strong>intellige.</strong></span> 
     </span>
    </p>
   </div>
   <div class='ocr_carea' id='block_1_105' title="bbox 2053 4471 3613 4553">
    <p class='ocr_par' dir='ltr' id='par_1_105' title="bbox 2053 4471 3613 4553">
     <span class='ocr_line' id='line_1_105' title="bbox 2053 4471 3613 4553; baseline -0.01 -15"><span class='ocrx_word' id='word_1_812' title='bbox 2053 4491 2192 4550; x_wconf 88' lang='lat' dir='ltr'><strong>rent,</strong></span> <span class='ocrx_word' id='word_1_813' title='bbox 2227 4496 2401 4553; x_wconf 88' lang='lat' dir='ltr'><strong>neque</strong></span> <span class='ocrx_word' id='word_1_814' title='bbox 2424 4480 2759 4549; x_wconf 83' lang='lat' dir='ltr'><strong>cogitarent,</strong></span> <span class='ocrx_word' id='word_1_815' title='bbox 2791 4479 2917 4545; x_wconf 88' lang='lat' dir='ltr'><strong>quia</strong></span> <span class='ocrx_word' id='word_1_816' title='bbox 2948 4474 3121 4529; x_wconf 88' lang='lat' dir='ltr'><strong>oculis</strong></span> <span class='ocrx_word' id='word_1_817' title='bbox 3149 4475 3277 4528; x_wconf 68' lang='lat' dir='ltr'><strong>caeci</strong></span> <span class='ocrx_word' id='word_1_818' title='bbox 3301 4479 3459 4527; x_wconf 89' lang='lat' dir='ltr'><strong>erant</strong></span> <span class='ocrx_word' id='word_1_819' title='bbox 3484 4510 3499 4535; x_wconf 91' lang='lat'><strong>,</strong></span> <span class='ocrx_word' id='word_1_820' title='bbox 3525 4471 3613 4524; x_wconf 83' lang='lat' dir='ltr'><strong>in-</strong></span> 
     </span>
    </p>
   </div>
   <div class='ocr_carea' id='block_1_106' title="bbox 2051 4563 3614 4644">
    <p class='ocr_par' dir='ltr' id='par_1_106' title="bbox 2051 4563 3614 4644">
     <span class='ocr_line' id='line_1_106' title="bbox 2051 4563 3614 4644; baseline -0.008 -13"><span class='ocrx_word' id='word_1_821' title='bbox 2051 4584 2363 4644; x_wconf 82' lang='lat' dir='ltr'><strong>exspectata</strong></span> <span class='ocrx_word' id='word_1_822' title='bbox 2394 4571 2692 4627; x_wconf 88' lang='lat' dir='ltr'><strong>mutatione</strong></span> <span class='ocrx_word' id='word_1_823' title='bbox 2731 4568 2970 4637; x_wconf 86' lang='lat' dir='ltr'><strong>dignati,</strong></span> <span class='ocrx_word' id='word_1_824' title='bbox 3004 4566 3381 4637; x_wconf 88' lang='lat' dir='ltr'><strong>mysteriorum</strong></span> <span class='ocrx_word' id='word_1_825' title='bbox 3418 4563 3475 4618; x_wconf 90' lang='lat' dir='ltr'><strong>in</strong></span> <span class='ocrx_word' id='word_1_826' title='bbox 3522 4576 3614 4618; x_wconf 85' lang='lat' dir='ltr'><strong>sa-</strong></span> 
     </span>
    </p>
   </div>
   <div class='ocr_carea' id='block_1_107' title="bbox 2052 4659 3436 4732">
    <p class='ocr_par' dir='ltr' id='par_1_107' title="bbox 2052 4659 3436 4732">
     <span class='ocr_line' id='line_1_107' title="bbox 2052 4659 3436 4732; baseline -0.012 -8"><span class='ocrx_word' id='word_1_827' title='bbox 2052 4669 2162 4724; x_wconf 89' lang='lat' dir='ltr'><strong>cris</strong></span> <span class='ocrx_word' id='word_1_828' title='bbox 2195 4666 2390 4723; x_wconf 89' lang='lat' dir='ltr'><strong>litteris</strong></span> <span class='ocrx_word' id='word_1_829' title='bbox 2422 4662 2826 4725; x_wconf 83' lang='lat' dir='ltr'><strong>reconditorum</strong></span> <span class='ocrx_word' id='word_1_830' title='bbox 2853 4659 3222 4732; x_wconf 82' lang='lat' dir='ltr'><strong>speculatores</strong></span> <span class='ocrx_word' id='word_1_831' title='bbox 3255 4667 3436 4712; x_wconf 90' lang='lat' dir='ltr'><strong>erunt.</strong></span> 
     </span>
    </p>
   </div>
   <div class='ocr_carea' id='block_1_108' title="bbox 2122 4756 3618 4824">
    <p class='ocr_par' dir='ltr' id='par_1_108' title="bbox 2122 4756 3618 4824">
     <span class='ocr_line' id='line_1_108' title="bbox 2122 4756 3618 4824; baseline -0.007 -9"><span class='ocrx_word' id='word_1_832' title='bbox 2122 4759 2289 4815; x_wconf 84' lang='lat' dir='ltr'><strong>Vsns.</strong></span> <span class='ocrx_word' id='word_1_833' title='bbox 2338 4759 2429 4815; x_wconf 77' lang='lat' dir='ltr'><strong>l9:</strong></span> <span class='ocrx_word' id='word_1_834' title='bbox 2495 4777 2514 4810; x_wconf 74' lang='grc' dir='ltr'><strong>ι</strong></span> <span class='ocrx_word' id='word_1_835' title='bbox 2555 4756 2620 4810; x_wconf 85' lang='grc' dir='ltr'>Ει</span> <span class='ocrx_word' id='word_1_836' title='bbox 2668 4756 3018 4811; x_wconf 65' lang='lat' dir='ltr'><strong>exsultabant</strong></span> <span class='ocrx_word' id='word_1_837' title='bbox 3062 4767 3323 4824; x_wconf 87' lang='lat' dir='ltr'><strong>pauperes</strong></span> <span class='ocrx_word' id='word_1_838' title='bbox 3395 4759 3618 4823; x_wconf 89' lang='lat' dir='ltr'><strong>propter</strong></span> 
     </span>
    </p>
   </div>
   <div class='ocr_carea' id='block_1_109' title="bbox 2053 4844 3617 4919">
    <p class='ocr_par' dir='ltr' id='par_1_109' title="bbox 2053 4844 3617 4919">
     <span class='ocr_line' id='line_1_109' title="bbox 2053 4844 3617 4919; baseline -0.007 -11"><span class='ocrx_word' id='word_1_839' title='bbox 2053 4852 2337 4908; x_wconf 88' lang='lat' dir='ltr'><strong>Dominum</strong></span> <span class='ocrx_word' id='word_1_840' title='bbox 2364 4852 2416 4905; x_wconf 94' lang='lat' dir='ltr'><strong>in</strong></span> <span class='ocrx_word' id='word_1_841' title='bbox 2453 4849 2659 4916; x_wconf 66' lang='lat' dir='ltr'><strong>lattitia,</strong></span> <span class='ocrx_word' id='word_1_842' title='bbox 2699 4860 2754 4904; x_wconf 91' lang='lat' dir='ltr'><strong>et</strong></span> <span class='ocrx_word' id='word_1_843' title='bbox 2775 4864 2870 4919; x_wconf 87' lang='lat' dir='ltr'><strong>spe</strong></span> <span class='ocrx_word' id='word_1_844' title='bbox 2921 4847 3164 4904; x_wconf 89' lang='lat' dir='ltr'><strong>destituti</strong></span> <span class='ocrx_word' id='word_1_845' title='bbox 3209 4846 3478 4909; x_wconf 87' lang='lat' dir='ltr'><strong>homines,</strong></span> <span class='ocrx_word' id='word_1_846' title='bbox 3514 4844 3617 4905; x_wconf 81' lang='lat' dir='ltr'><strong>int-</strong></span> 
     </span>
    </p>
   </div>
   <div class='ocr_carea' id='block_1_110' title="bbox 2052 4935 3618 5015">
    <p class='ocr_par' dir='ltr' id='par_1_110' title="bbox 2052 4935 3618 5015">
     <span class='ocr_line' id='line_1_110' title="bbox 2052 4935 3618 5015; baseline -0.008 -16"><span class='ocrx_word' id='word_1_847' title='bbox 2052 4944 2342 5015; x_wconf 88' lang='lat' dir='ltr'><strong>plebuntur</strong></span> <span class='ocrx_word' id='word_1_848' title='bbox 2368 4943 2573 4997; x_wconf 66' lang='lat' dir='ltr'><strong>laetitia.</strong></span> <span class='ocrx_word' id='word_1_849' title='bbox 2612 4962 2631 4995; x_wconf 75' lang='grc' dir='ltr'><strong>ι</strong></span> <span class='ocrx_word' id='word_1_850' title='bbox 2662 4941 2794 5008; x_wconf 86' lang='lat' dir='ltr'><strong>Quis</strong></span> <span class='ocrx_word' id='word_1_851' title='bbox 2848 4940 2989 4997; x_wconf 88' lang='lat' dir='ltr'><strong>enim</strong></span> <span class='ocrx_word' id='word_1_852' title='bbox 3034 4952 3274 5007; x_wconf 90' lang='lat' dir='ltr'><strong>unquam</strong></span> <span class='ocrx_word' id='word_1_853' title='bbox 3326 4935 3618 5006; x_wconf 88' lang='lat' dir='ltr'><strong>cogitasset</strong></span> 
     </span>
    </p>
   </div>
   <div class='ocr_carea' id='block_1_111' title="bbox 2055 5026 3618 5105">
    <p class='ocr_par' dir='ltr' id='par_1_111' title="bbox 2055 5026 3618 5105">
     <span class='ocr_line' id='line_1_111' title="bbox 2055 5026 3618 5105; baseline -0.01 -13"><span class='ocrx_word' id='word_1_854' title='bbox 2055 5050 2169 5100; x_wconf 84' lang='lat' dir='ltr'><strong>eos,</strong></span> <span class='ocrx_word' id='word_1_855' title='bbox 2204 5036 2294 5105; x_wconf 90' lang='lat' dir='ltr'><strong>qui</strong></span> <span class='ocrx_word' id='word_1_856' title='bbox 2328 5051 2357 5089; x_wconf 91' lang='lat' dir='ltr'><strong>a</strong></span> <span class='ocrx_word' id='word_1_857' title='bbox 2388 5035 2686 5104; x_wconf 85' lang='lat' dir='ltr'><strong>majoribus</strong></span> <span class='ocrx_word' id='word_1_858' title='bbox 2717 5031 3034 5097; x_wconf 74' lang='lat' dir='ltr'><strong>idololatrze,</strong></span> <span class='ocrx_word' id='word_1_859' title='bbox 3070 5029 3215 5083; x_wconf 88' lang='lat' dir='ltr'><strong>atbei</strong></span> <span class='ocrx_word' id='word_1_860' title='bbox 3243 5038 3298 5081; x_wconf 91' lang='lat' dir='ltr'><strong>et</strong></span> <span class='ocrx_word' id='word_1_861' title='bbox 3324 5026 3507 5095; x_wconf 87' lang='lat' dir='ltr'><strong>impii,</strong></span> <span class='ocrx_word' id='word_1_862' title='bbox 3540 5033 3618 5077; x_wconf 90' lang='lat' dir='ltr'><strong>at-</strong></span> 
     </span>
    </p>
   </div>
   <div class='ocr_carea' id='block_1_112' title="bbox 2055 5118 3615 5199">
    <p class='ocr_par' dir='ltr' id='par_1_112' title="bbox 2055 5118 3615 5199">
     <span class='ocr_line' id='line_1_112' title="bbox 2055 5118 3615 5199; baseline -0.008 -15"><span class='ocrx_word' id='word_1_863' title='bbox 2055 5144 2160 5199; x_wconf 91' lang='lat' dir='ltr'><strong>que</strong></span> <span class='ocrx_word' id='word_1_864' title='bbox 2187 5144 2218 5183; x_wconf 88' lang='lat' dir='ltr'><strong>a</strong></span> <span class='ocrx_word' id='word_1_865' title='bbox 2248 5128 2341 5183; x_wconf 85' lang='lat' dir='ltr'><strong>Dei</strong></span> <span class='ocrx_word' id='word_1_866' title='bbox 2369 5128 2677 5197; x_wconf 84' lang='lat' dir='ltr'><strong>cognitione</strong></span> <span class='ocrx_word' id='word_1_867' title='bbox 2703 5124 2863 5180; x_wconf 87' lang='lat' dir='ltr'><strong>alieni</strong></span> <span class='ocrx_word' id='word_1_868' title='bbox 2903 5133 3089 5189; x_wconf 91' lang='lat' dir='ltr'><strong>erant,</strong></span> <span class='ocrx_word' id='word_1_869' title='bbox 3141 5129 3342 5174; x_wconf 88' lang='lat' dir='ltr'><strong>tantam</strong></span> <span class='ocrx_word' id='word_1_870' title='bbox 3371 5118 3424 5172; x_wconf 89' lang='lat' dir='ltr'><strong>in</strong></span> <span class='ocrx_word' id='word_1_871' title='bbox 3465 5132 3615 5187; x_wconf 91' lang='lat' dir='ltr'><strong>spem</strong></span> 
     </span>
    </p>
   </div>
   <div class='ocr_carea' id='block_1_113' title="bbox 2054 5210 3619 5283">
    <p class='ocr_par' dir='ltr' id='par_1_113' title="bbox 2054 5210 3619 5283">
     <span class='ocr_line' id='line_1_113' title="bbox 2054 5210 3619 5283; baseline -0.009 -7"><span class='ocrx_word' id='word_1_872' title='bbox 2054 5230 2315 5277; x_wconf 80' lang='lat' dir='ltr'><strong>venturos</strong></span> <span class='ocrx_word' id='word_1_873' title='bbox 2330 5219 2823 5280; x_wconf 83' lang='lat' dir='ltr'><strong>fuisse?Attamen,</strong></span> <span class='ocrx_word' id='word_1_874' title='bbox 2846 5216 2945 5283; x_wconf 90' lang='lat' dir='ltr'><strong>ait,</strong></span> <span class='ocrx_word' id='word_1_875' title='bbox 2963 5216 3125 5271; x_wconf 85' lang='lat' dir='ltr'><strong>etiam</strong></span> <span class='ocrx_word' id='word_1_876' title='bbox 3144 5213 3206 5277; x_wconf 92' lang='lat' dir='ltr'><strong>ii,</strong></span> <span class='ocrx_word' id='word_1_877' title='bbox 3226 5212 3318 5281; x_wconf 91' lang='lat' dir='ltr'><strong>qui</strong></span> <span class='ocrx_word' id='word_1_878' title='bbox 3341 5230 3359 5260; x_wconf 76' lang='grc' dir='ltr'><strong>ι</strong></span> <span class='ocrx_word' id='word_1_879' title='bbox 3389 5224 3484 5278; x_wconf 89' lang='lat' dir='ltr'><strong>spe</strong></span> <span class='ocrx_word' id='word_1_880' title='bbox 3524 5210 3619 5263; x_wconf 85' lang='lat' dir='ltr'><strong>de-</strong></span> 
     </span>
    </p>
   </div>
   <div class='ocr_carea' id='block_1_114' title="bbox 2058 5303 3418 5379">
    <p class='ocr_par' dir='ltr' id='par_1_114' title="bbox 2058 5303 3418 5379">
     <span class='ocr_line' id='line_1_114' title="bbox 2058 5303 3418 5379; baseline -0.013 -10"><span class='ocrx_word' id='word_1_881' title='bbox 2058 5314 2233 5370; x_wconf 90' lang='lat' dir='ltr'><strong>stituti</strong></span> <span class='ocrx_word' id='word_1_882' title='bbox 2263 5321 2421 5368; x_wconf 86' lang='lat' dir='ltr'><strong>erant</strong></span> <span class='ocrx_word' id='word_1_883' title='bbox 2450 5311 2716 5374; x_wconf 89' lang='lat' dir='ltr'><strong>homines,</strong></span> <span class='ocrx_word' id='word_1_884' title='bbox 2754 5308 3121 5379; x_wconf 86' lang='lat' dir='ltr'><strong>implebuutur</strong></span> <span class='ocrx_word' id='word_1_885' title='bbox 3150 5303 3352 5357; x_wconf 70' lang='lat' dir='ltr'><strong>laetitia.</strong></span> <span class='ocrx_word' id='word_1_886' title='bbox 3398 5320 3418 5351; x_wconf 75' lang='grc' dir='ltr'><strong>ι</strong></span> 
     </span>
    </p>
   </div>
   <div class='ocr_carea' id='block_1_115' title="bbox 2122 5481 3618 5562">
    <p class='ocr_par' dir='ltr' id='par_1_115' title="bbox 2122 5481 3618 5562">
     <span class='ocr_line' id='line_1_115' title="bbox 2122 5481 3618 5562; baseline -0.013 -9"><span class='ocrx_word' id='word_1_887' title='bbox 2122 5498 2285 5554; x_wconf 74' lang='lat' dir='ltr'><strong>Vens.</strong></span> <span class='ocrx_word' id='word_1_888' title='bbox 2319 5496 2412 5551; x_wconf 74' lang='lat'><strong>20.</strong></span> <span class='ocrx_word' id='word_1_889' title='bbox 2444 5513 2463 5547; x_wconf 85' lang='grc' dir='ltr'><strong>ι</strong></span> <span class='ocrx_word' id='word_1_890' title='bbox 2503 5492 2714 5549; x_wconf 75' lang='lat' dir='ltr'><strong>Deiecit</strong></span> <span class='ocrx_word' id='word_1_891' title='bbox 2753 5491 2992 5562; x_wconf 84' lang='lat' dir='ltr'><strong>iniquus,</strong></span> <span class='ocrx_word' id='word_1_892' title='bbox 3034 5497 3090 5541; x_wconf 90' lang='lat' dir='ltr'><strong>ct</strong></span> <span class='ocrx_word' id='word_1_893' title='bbox 3123 5484 3287 5555; x_wconf 87' lang='lat' dir='ltr'><strong>periit</strong></span> <span class='ocrx_word' id='word_1_894' title='bbox 3330 5481 3618 5552; x_wconf 83' lang='lat' dir='ltr'><strong>superbus,</strong></span> 
     </span>
    </p>
   </div>
   <div class='ocr_carea' id='block_1_116' title="bbox 2053 5573 3620 5655">
    <p class='ocr_par' dir='ltr' id='par_1_116' title="bbox 2053 5573 3620 5655">
     <span class='ocr_line' id='line_1_116' title="bbox 2053 5573 3620 5655; baseline -0.013 -9"><span class='ocrx_word' id='word_1_895' title='bbox 2053 5601 2110 5646; x_wconf 89' lang='lat' dir='ltr'><strong>et</strong></span> <span class='ocrx_word' id='word_1_896' title='bbox 2140 5590 2301 5646; x_wconf 88' lang='lat' dir='ltr'><strong>deleti</strong></span> <span class='ocrx_word' id='word_1_897' title='bbox 2350 5596 2479 5643; x_wconf 88' lang='lat' dir='ltr'><strong>sunt</strong></span> <span class='ocrx_word' id='word_1_898' title='bbox 2520 5586 2706 5655; x_wconf 88' lang='lat' dir='ltr'><strong>inique</strong></span> <span class='ocrx_word' id='word_1_899' title='bbox 2760 5592 2981 5652; x_wconf 84' lang='lat' dir='ltr'><strong>agentes</strong></span> <span class='ocrx_word' id='word_1_900' title='bbox 3032 5592 3144 5648; x_wconf 64' lang='lat' dir='ltr'><strong>prae</strong></span> <span class='ocrx_word' id='word_1_901' title='bbox 3176 5574 3405 5631; x_wconf 86' lang='lat' dir='ltr'><strong>malitia.</strong></span> <span class='ocrx_word' id='word_1_902' title='bbox 3455 5594 3475 5626; x_wconf 73' lang='grc' dir='ltr'><strong>ι</strong></span> <span class='ocrx_word' id='word_1_903' title='bbox 3525 5573 3620 5629; x_wconf 82' lang='lat' dir='ltr'><strong>His</strong></span> 
     </span>
    </p>
   </div>
   <div class='ocr_carea' id='block_1_117' title="bbox 2052 5667 3621 5745">
    <p class='ocr_par' dir='ltr' id='par_1_117' title="bbox 2052 5667 3621 5745">
     <span class='ocr_line' id='line_1_117' title="bbox 2052 5667 3621 5745; baseline -0.013 -8"><span class='ocrx_word' id='word_1_904' title='bbox 2052 5683 2303 5738; x_wconf 81' lang='lat' dir='ltr'><strong>fruentur</strong></span> <span class='ocrx_word' id='word_1_905' title='bbox 2337 5681 2393 5738; x_wconf 90' lang='lat' dir='ltr'><strong>hi</strong></span> <span class='ocrx_word' id='word_1_906' title='bbox 2427 5691 2649 5744; x_wconf 83' lang='lat' dir='ltr'><strong>omnes,</strong></span> <span class='ocrx_word' id='word_1_907' title='bbox 2676 5675 2800 5745; x_wconf 89' lang='lat' dir='ltr'><strong>quia</strong></span> <span class='ocrx_word' id='word_1_908' title='bbox 2834 5674 2879 5728; x_wconf 90' lang='lat' dir='ltr'><strong>is</strong></span> <span class='ocrx_word' id='word_1_909' title='bbox 2917 5670 3007 5739; x_wconf 89' lang='lat' dir='ltr'><strong>qui</strong></span> <span class='ocrx_word' id='word_1_910' title='bbox 3050 5668 3179 5726; x_wconf 88' lang='lat' dir='ltr'><strong>olim</strong></span> <span class='ocrx_word' id='word_1_911' title='bbox 3228 5667 3516 5737; x_wconf 85' lang='lat' dir='ltr'><strong>imperium</strong></span> <span class='ocrx_word' id='word_1_912' title='bbox 3567 5674 3621 5718; x_wconf 90' lang='lat' dir='ltr'><strong>et</strong></span> 
     </span>
    </p>
   </div>
   <div class='ocr_carea' id='block_1_118' title="bbox 453 5799 2164 5882">
    <p class='ocr_par' dir='ltr' id='par_1_118' title="bbox 453 5799 2164 5882">
     <span class='ocr_line' id='line_1_118' title="bbox 453 5799 2164 5882; baseline -0.004 -18"><span class='ocrx_word' id='word_1_913' title='bbox 453 5811 565 5882; x_wconf 75' lang='lat'><strong>(35)</strong></span> <span class='ocrx_word' id='word_1_914' title='bbox 607 5813 800 5870; x_wconf 86' lang='lat' dir='ltr'><strong>Deesse</strong></span> <span class='ocrx_word' id='word_1_915' title='bbox 834 5809 1045 5866; x_wconf 80' lang='lat' dir='ltr'><strong>videtur</strong></span> <span class='ocrx_word' id='word_1_916' title='bbox 1082 5807 1298 5878; x_wconf 89' lang='lat' dir='ltr'><strong>aliquod</strong></span> <span class='ocrx_word' id='word_1_917' title='bbox 1336 5808 1582 5874; x_wconf 82' lang='lat' dir='ltr'><strong>verbum,</strong></span> <span class='ocrx_word' id='word_1_918' title='bbox 1618 5820 1669 5861; x_wconf 87' lang='lat' dir='ltr'><strong>v.</strong></span> <span class='ocrx_word' id='word_1_919' title='bbox 1696 5820 1772 5874; x_wconf 88' lang='lat' dir='ltr'><strong>g.,</strong></span> <span class='ocrx_word' id='word_1_920' title='bbox 1803 5803 1974 5859; x_wconf 81' lang='grc' dir='ltr'>καλεῖ.</span> <span class='ocrx_word' id='word_1_921' title='bbox 2007 5799 2164 5857; x_wconf 75' lang='lat' dir='ltr'><strong>Enn.</strong></span> 
     </span>
    </p>
   </div>
  </div>
