4118 6426
444 319 548 372 503

1106 314 1372 371 EUSEBII
1411 310 1894 368 CESARIENSIS
1931 309 2084 366 OPP.
2127 310 2308 367 PARS
2346 311 2436 368 Ill.
2476 345 2545 355 —-
2583 313 2993 372 EXEGETICA.

3609 323 3714 376 504

445 429 785 501 tyrannidem
814 431 865 485 in
883 445 983 486 eos
1006 431 1307 497 obtinebat,
1338 431 1554 500 iniquus
1579 441 1632 486 et
1668 432 1866 502 impius
1893 432 2016 501 qui-

2123 430 2303 484 αύτῶν
2349 432 2443 484 καὶ
2478 432 2778 500 τυραννῶν,
2847 434 3045 505 ἄνομὸς
3081 453 3164 499 τις
3215 435 3309 489 καὶ
3359 435 3560 507 ἀσεϐὴς
3612 438 3712 508 ἄρ-

443 523 566 578 dam
597 523 882 593 princeps,
918 521 1169 578 diabolus
1202 525 1423 592 inquam
1451 561 1468 589 ,
1515 522 1719 579 defecit
1757 535 1813 580 et
1859 525 2022 595 periit

442 615 602 686 longe
631 615 908 686 depulsus,
944 615 1212 683 superbus
1238 614 1348 676 ille.
1378 616 1474 685 qui
1504 615 1634 671 olim
1657 616 1804 686 ipsos
1825 616 1880 672 in
1906 629 2019 672 ser-

443 709 669 763 vitutem
703 707 1005 778 redegerat.
1028 706 1141 761 lmo
1156 708 1319 762 etiam
1341 708 1434 776 qui
1454 708 1554 763 sub
1583 722 1648 764 eo
1663 708 1825 778 impie
1843 718 1898 764 ct
1913 711 2020 765 ini-

442 815 548 871 que
569 801 819 870 agebant,
840 798 998 854 delcti
1014 807 1171 865 sunt;
1205 799 1430 869 maligni
1447 799 1698 856 videlicet
1727 801 2018 858 daemones.

512 890 678 946 Vens.
706 890 797 945 2t.
835 909 854 942 ι
895 889 996 958 Qui
1027 904 1260 961 peccare
1283 891 1496 947 faciunt
1526 891 1776 948 homines
1819 892 1874 948 in
1907 909 2024 950 ser—

441 997 622 1038 mone.
658 982 860 1038 Omnes
895 990 1079 1037 autem
1111 990 1404 1054 arguentes
1439 983 1492 1038 in
1526 985 1699 1054 portis
1726 985 2023 1042 offendicu-

441 1074 552 1130 lum
585 1083 790 1145 ponent
837 1092 850 1127 :
888 1075 1145 1146 quoniam
1183 1076 1542 1131 detorserunt
1580 1077 1649 1132 ad
1681 1077 1882 1148 injusta
1932 1079 2023 1150 ju-

440 1177 606 1222 stum.
645 1185 664 1218 ι
700 1165 833 1222 Nam
867 1167 1149 1238 prophetis
1179 1182 1238 1223 se
1268 1183 1450 1224 coram
1493 1171 1850 1241 arguentibus
1874 1211 1890 1237 ,
1931 1186 2019 1227 se-

439 1275 547 1331 que
575 1274 606 1314 a
641 1261 906 1331 peccandi
929 1260 1324 1316 consuetudine
1357 1262 1732 1318 avertentibus
1751 1303 1768 1327 ,
1798 1263 2024 1334 laqueos

441 1352 754 1418 tendebant,
779 1353 1099 1409 occasiones
1129 1353 1387 1410 adversus
1407 1369 1503 1410 eos
1531 1363 1832 1424 captantes,
1865 1365 1924 1412 ut
1943 1357 2025 1428 ip-

437 1457 531 1498 sos
569 1442 877 1513 perderent.

512 1535 680 1591 Vens.
725 1536 921 1602 22,25.
968 1555 988 1589 ι
1041 1535 1338 1607 Propterea
1393 1537 1510 1594 hmo
1571 1539 1703 1596 dicit
1762 1539 2026 1598 Dominus

439 1645 603 1700 super
637 1632 856 1687 domum
893 1629 1084 1696 Jacob,
1126 1645 1288 1699 quam
1315 1631 1592 1702 separavit
1615 1647 1683 1688 ex
1712 1631 2019 1689 Abraham:

438 1721 558 1778 Non
595 1737 740 1776 nunc
776 1720 1137 1776 confundetur
1168 1718 1374 1789 Jacob,
1427 1737 1604 1792 neque
1643 1737 1787 1779 nunc
1819 1723 2016 1780 faciem

2124 539 2255 590 χων,
2293 522 2434 590 λέγω
2479 522 2544 594 δὴ
2594 523 2756 588 αὐτὸς
2797 525 2826 576 ὁ
2877 524 3142 593 διάϐολος,
3189 525 3438 591 ἐξέλιπεν
3475 526 3572 581 καὶ
3607 525 3716 580 ἀπα

2123 611 2291 666 ώλετο
2306 614 2524 685 μακρὰν
2548 614 2814 685 διωχθεὶς,
2831 615 2860 667 ὁ
2883 615 3050 668 πάλαι
3071 616 3618 688 καταδουλωσάμενος
3627 615 3718 672 αύ-

2120 707 2248 769 τοὺς
2263 707 2629 779 ὑπερήφανος
2649 708 2783 762 ἀλλὰ
2799 710 2894 762 καὶ
2906 711 2954 761 οἰ
2971 709 3074 762 ὑπὸ
3089 710 3264 780 τούτῳ
3279 710 3605 775 ἀσεϐοῦντες
3622 709 3716 765 ἐπὶ

2121 797 2304 870 ἀδικίᾳ
2348 799 2842 871 ἐξωλοθρεύθησαν,
2874 800 3074 872 δηλαδὴ
3106 801 3155 854 οι
3181 802 3407 873 πονηροὶ
3436 784 3735 873 δαίμονεςδ

2199 907 2218 940 ι
2245 889 2307 943 Οἱ
2364 889 2644 954 ποιοῦντες
2692 889 3012 963 ἀνθρώπους
3063 892 3398 964 ἁμαρτάνειν
3439 895 3498 947 ἐν
3542 893 3708 964 λόγῳ.

2122 979 2337 1046 Πάντας
2350 982 2408 1036 δὲ
2436 982 2563 1046 τοὺς
2593 983 2915 1054 ἐλέγχοντας
2946 984 3004 1038 ἐν
3033 983 3229 1048 πύλαις
3259 985 3592 1056 πρόσκομμα
3612 984 3711 1057 θή-

2125 1090 2338 1127 σουσινο
2368 1073 2452 1127 ὅτι
2497 1073 2835 1143 ἐπλαγίασαν
2893 1075 2980 1128 ἐπ’
3009 1075 3215 1139 ἀδίκοις
3263 1076 3489 1130 δίκαιον.
3516 1094 3536 1129 ι
3570 1076 3711 1140 Τοὺς

2122 1164 2232 1237 γὰρ
2255 1166 2540 1238 προφήτας
2565 1167 2646 1230 εἰς
2679 1167 2970 1237 πρόσωπον
3007 1167 3203 1232 αὐτοὺς
3242 1168 3582 1240 ἐλέγχοντας,
3617 1170 3714 1223 καὶ

2120 1257 2229 1311 τῶν
2281 1257 2699 1329 ἁμαρτημάτων
2734 1257 3163 1330 ἐπιστρέφοντας
3197 1259 3336 1330 (56),
3366 1259 3706 1329 ἐπαγίδευον,

2122 1347 2295 1414 λαϐὰς
2316 1349 2438 1403 κατ’
2454 1349 2634 1404 αὐτῶν
2651 1348 2978 1422 θηρώμενοι,
2994 1351 3142 1415 ὅπως
3165 1351 3358 1417 αὐτοὺς
3379 1351 3708 1410 ἀπολέσωσι.

2201 1531 2340 1586 «Διὰ
2377 1531 2535 1587 τοῦτο
2566 1532 2691 1587 τάδε
2734 1533 2880 1603 λέγει
2911 1533 3114 1603 Κύριος
3149 1533 3242 1587 ἐπὶ
3271 1532 3362 1586 τὸν
3414 1527 3564 1588 οἷκον
3604 1535 3709 1588 Ἰα-

2123 1622 2260 1690 κὼϐ,
2285 1624 2346 1678 ὃν
2371 1624 2648 1697 ἀφώρισεν
2679 1624 2740 1690 ἐξ
2775 1625 3029 1696 Ἀϐραάμ
3046 1643 3058 1656 ·
3078 1626 3153 1679 Οὐ
3179 1624 3275 1680 νῦν
3289 1626 3709 1698 αἰσχυνθήσεται

2121 1717 2340 1783 Ἰακὼϐ,
2384 1718 2506 1772 οὐδὲ
2559 1718 2652 1772 νῦν
2713 1718 2776 1773 τὸ
2812 1718 3101 1790 πρόσωπον
3144 1719 3440 1791 μεταϐαλεῖ
3463 1735 3478 1751 ο
3517 1721 3633 1774 ἀλλ’
3656 1720 3715 1773 ὃ·

438 1812 673 1868 mutabit
704 1829 716 1864 :
743 1814 842 1866 sed
889 1811 1109 1882 quando
1147 1812 1412 1868 videbunt
1469 1791 1566 1869 lilii
1604 1827 1794 1870 eorum
1848 1828 2015 1886 Opera

2123 1830 2216 1868 ταν
2244 1813 2394 1866 ἴδωσι
2421 1811 2490 1865 τὰ
2513 1813 2679 1866 τέκνα
2703 1812 2884 1866 αὐτῶν
2911 1811 2981 1865 τὰ
3001 1811 3138 1884 ἔργα
3162 1829 3287 1883 μου,
3320 1811 3389 1864 δι’
3426 1812 3530 1883 ἐμὲ
3551 1812 3711 1881 ἀγιά-

439 1921 587 1971 mea,
626 1914 848 1976 propter
880 1919 969 1960 me
1005 1905 1424 1963 sanctificabunt
1466 1921 1663 1964 nomen
1711 1921 1928 1974 meum,
1960 1916 2018 1965 et

440 1997 861 2055 sanctificabunt
881 1995 1145 2054 Sanctum
1171 1998 1363 2067 Jacob,
1393 2009 1448 2055 et
1473 1999 1640 2057 Deum
1665 1999 1828 2056 Israel
1861 2001 2018 2057 time-

436 2091 594 2147 bunt.
638 2113 658 2146 ι
697 2091 802 2148 Vos
825 2093 966 2157 dico,
999 2092 1217 2148 domum
1239 2089 1408 2147 Jacob
1437 2099 1658 2148 vocatos
1697 2110 1714 2147 :
1756 2107 1919 2162 quam
1960 2100 2020 2150 ut

436 2185 694 2257 religioso
741 2186 830 2241 illo
878 2184 1196 2241 Abrahamo
1265 2183 1541 2255 indignam
1615 2184 1920 2254 separavit,
1965 2194 2021 2241 et

436 2281 646 2335 alienos
680 2279 804 2335 illos
846 2278 1030 2350 posuit
1063 2277 1241 2342 Deus;
1285 2277 1411 2346 quia
1459 2291 1520 2332 se
1559 2291 1666 2332 non
1706 2277 2018 2332 Abraham.

439 2372 629 2442 dignos
675 2387 795 2428 esse
848 2371 1108 2441 operibus
1169 2369 1523 2426 exhibebant.
1587 2367 1656 2422 At
1713 2369 1860 2423 enim
1923 2367 2018 2424 lilii

438 2467 673 2521 Abrahae
698 2466 955 2534 operibus
983 2474 1285 2520 noscuntur
1304 2503 1320 2529 ,
1353 2470 1414 2517 ut
1441 2462 1626 2518 docuit
1648 2461 1909 2517 Servator
1932 2462 2020 2518 his

439 2556 651 2612 verbis:
693 2576 712 2608 ι
754 2555 810 2610 Si
866 2555 962 2610 lilii
1018 2555 1251 2610 Abrahae
1302 2552 1514 2616 essetis,
1567 2566 1734 2620 opera
1790 2552 2021 2608 Abrahze

434 2642 687 2699 faceretis
711 2641 777 2691 ’⁷.
815 2659 833 2692 ι
868 2639 1152 2708 Quodnam
1201 2651 1337 2692 vero
1387 2645 1601 2706 tempus
1648 2635 1781 2691 illud
1828 2635 2016 2699 luerit,

433 2733 540 2788 nisi
569 2747 677 2802 quo
711 2731 875 2787 verba
906 2745 1026 2788 mea
1054 2730 1476 2800 complebuntur
1497 2767 1514 2793 ,
1550 2744 1673 2785 cum
1709 2729 1808 2784 ﬁlii
1851 2730 2019 2786 vestri

435 2825 774 2896 alienigenas
798 2832 854 2880 et
885 2822 1072 2895 generi
1103 2831 1287 2878 vestro
1310 2831 1604 2878 extraneos
1641 2836 1838 2879 nomen
1873 2820 2022 2878 cele-

436 2914 601 2968 brare
633 2928 811 2969 meum
848 2912 1150 2968 videbunt?
1179 2912 1332 2968 Tunc
1381 2911 1527 2967 enim
1558 2911 1661 2982 ipsi
1705 2910 1801 2967 lilii
1847 2913 2020 2968 vestri

435 3004 832 3059 confundentur
854 3012 911 3059 et
933 3004 1256 3060 erubescent
1277 3043 1293 3070 ,
1321 3003 1648 3074 stupendam
1692 3001 1844 3060 illam
1873 3018 2014 3076 gen-

435 3098 573 3152 tium
607 3097 960 3152 mutationem
996 3105 1320 3162 cernentes,
1365 3095 1777 3167 conspicatique
1824 3095 2018 3165 alieni-

435 3204 602 3262 genas
658 3189 906 3244 homines
962 3187 1223 3244 Sanctum
1282 3187 1450 3244 Israel
1502 3197 1556 3243 et
1619 3188 1787 3243 Deum
1846 3185 2017 3244 Jacob

435 3282 802 3348 sanctificare,
832 3297 897 3337 ac
925 3281 1020 3336 Dei
1055 3281 1434 3347 universorum
1467 3280 1662 3337 timore
1688 3277 1852 3336 afﬁci.

505 3465 788 3523 ἤμει.
835 3485 853 3518 ι
886 3466 950 3521 Ει
979 3466 1155 3522 scient
1177 3467 1270 3535 qui
1301 3477 1487 3521 errant
1523 3451 1764 3538 spiritu,
1813 3464 2019 3521 intelli-

435 3559 674 3632 gentiam
719 3576 733 3613 :
769 3559 861 3628 qui
895 3568 1079 3613 autem
1116 3559 1536 3613 obmurmurant
1561 3599 1578 3626 ,
1625 3557 1838 3615 discent
1889 3558 2019 3614 obe-

437 3652 724 3720 dientiam,
749 3664 806 3708 et
835 3651 1029 3723 linguae
1055 3649 1422 3705 balbutientes
1457 3649 1670 3705 discent
1719 3647 1868 3719 loqui
1917 3663 2018 3720 pa-

435 3759 574 3800 cem.
616 3764 635 3797 ι
669 3743 894 3815 Linguae
933 3742 1315 3808 balbutientes,
1347 3755 1466 3812 quae
1502 3741 1635 3797 nihil
1672 3742 1855 3808 clare,
1881 3741 2019 3798 nihil

435 3853 564 3895 vere
614 3836 761 3906 loqui
814 3843 1092 3906 poterant,
1149 3833 1215 3889 ad
1249 3841 1499 3888 naturam
1535 3847 1801 3904 regressa:
1833 3847 2014 3896 suam,

433 3928 742 3984 clarissime
768 3925 1081 3996 loquentur,
1124 3923 1275 3992 pacis
1313 3938 1600 3978 sermones
1645 3922 1892 3990 edoctae;
1925 3930 2016 3976 ut-

435 4029 566 4091 pote
601 4032 724 4089 quae
761 4026 818 4073 et
847 4015 990 4074 bello
1024 4015 1250 4081 liberae,
1276 4024 1333 4070 et
1358 4029 1546 4085 pacem
1587 4027 1712 4069 cum
1752 4013 1862 4069 Deo
1893 4027 2016 4069 am-

436 4112 609 4182 plexa:
635 4111 760 4166 sint.

1020 4198 1251 4256 CAPUT
1284 4197 1452 4254 XXX.

512 4299 675 4354 Vens.
709 4298 825 4353 1-5.
860 4293 973 4364 Vae,
1013 4294 1106 4350 lilii
1144 4296 1492 4358 desertores,
1542 4291 1676 4348 dicit
1734 4290 2014 4348 Dominus.

436 4393 646 4449 lniistis
676 4389 986 4454 consilium,
1015 4402 1121 4442 non
1151 4401 1248 4456 per
1270 4401 1357 4441 me
1399 4403 1414 4452 ;
1449 4392 1504 4440 et
1543 4393 1699 4454 pacta
1725 4422 1742 4447 ,
1788 4397 1893 4438 non
1921 4397 2020 4453 per

2121 1922 2274 1961 σουσι
2297 1905 2359 1958 τὸ
2387 1903 2560 1976 ὄνομά
2591 1921 2716 1975 μου,
2748 1904 2844 1958 καὶ
2871 1904 3158 1974 ἀγιάσουσι
3173 1904 3262 1958 τὸν
3279 1905 3468 1972 Ἀγιον
3490 1903 3709 1968 Ἰακὼϐ,

2118 1995 2330 2050 καὶτὸν
2353 1995 2486 2050 Θεὸν
2539 1996 2636 2050 τοῦ
2679 1995 2896 2070 Ἰσραήλ
2943 1995 3364 2068 φοϐηθήσονται.
3386 2015 3405 2048 ι
3449 1996 3625 2068 Ύμᾶς
3653 1996 3713 2050 δὲ

2117 2089 2282 2157 λέγω,
2312 2090 2404 2143 τὸν
2461 2089 2798 2161 καλούμενον
2849 2086 2996 2144 οἷκον
3034 2088 3249 2156 Ἰακὼϐ,
3299 2087 3359 2143 ὃν
3409 2090 3511 2144 οὐκ
3560 2089 3714 2158 ἀξιον

2115 2182 2247 2237 ὄντα
2289 2180 2385 2235 τοῦ
2431 2180 2713 2252 θεοφιλοῦς
2756 2181 2965 2236 ἐκείνου
3007 2181 3260 2254 Ἀϐραὰμ
3313 2181 3580 2252 ἀφώρισε,
3617 2183 3713 2238 καὶ

2117 2271 2561 2344 ἀπηλλοτρίωσεν
2591 2273 2790 2337 αὐτοὺς
2822 2275 2851 2326 ὁ
2879 2270 3032 2338 Θεὸς,
3058 2273 3148 2327 διὰ
3188 2273 3249 2326 τὸ
3282 2273 3359 2346 μὴ
3384 2275 3498 2337 τοῖς
3529 2274 3713 2346 ἔργοις

2117 2362 2301 2431 ἀξίους
2330 2363 2427 2417 τοῦ
2465 2363 2714 2436 Ἀϐραὰμ
2737 2364 3078 2436 καταστῆσαι
3106 2365 3354 2430 ἑαυτούς.
3387 2365 3469 2419 Τὰ
3489 2365 3598 2438 γὰρ
3624 2367 3712 2420 τέ-

2118 2473 2222 2510 κνα
2247 2454 2343 2508 τοῦ
2381 2455 2635 2528 Ἀϐραὰμ
2662 2455 2751 2511 διὰ
2783 2456 2892 2511 τῶν
2920 2457 3096 2531 ἔργων
3130 2459 3468 2530 γνωρίζεται,
3499 2457 3716 2521 ὡςέδί-

2116 2547 2274 2612 δαξεν
2303 2549 2332 2602 ὁ
2361 2547 2551 2622 Σωτὴρ
2584 2546 2784 2602 εἰπών·
2836 2569 2854 2600 ι
2880 2549 2944 2603 Εἰ
2979 2550 3144 2604 τέκνα
3175 2550 3272 2604 τοῦ
3315 2550 3565 2622 Ἀϐραὰμ
3590 2547 3711 2623 ἦτε,

2115 2639 2186 2694 τὰ
2212 2638 2350 2711 ἔργα
2379 2641 2472 2695 τοῦ
2521 2640 2773 2711 Ἀϐραὰμ
2803 2641 3059 2698 ἐποιεῖτε.
3087 2661 3108 2696 ι
3145 2643 3241 2706 Τίς
3278 2643 3322 2699 δ’
3345 2643 3413 2697 ἂν
3439 2643 3525 2716 εἴη
3560 2639 3714 2710 οὗτος

2117 2735 2145 2788 ὁ
2168 2734 2379 2806 καιρὸς,
2410 2732 2444 2805 ἢ
2477 2733 2622 2804 ὁτῆς
2651 2733 2931 2798 ἐκϐάσεως
2956 2733 3065 2789 τῶν
3093 2734 3242 2804 ἐμῶν
3267 2733 3462 2804 λόγων,
3501 2735 3623 2790 καθ’
3654 2736 3715 2790 ὃν

2117 2826 2185 2880 τὰ
2211 2827 2378 2880 τέκνα
2405 2825 2476 2880 τὰ
2508 2824 2752 2897 ὑμέτερα
2789 2826 2914 2890 τοὺς
2937 2825 3240 2894 ἀλλογενεῖς
3279 2825 3376 2881 καὶ
3403 2825 3714 2899 ἀλλοτρίους

2116 2918 2210 2972 τοῦ
2243 2917 2515 2990 ἡμετέρου
2543 2917 2733 2988 γένους
2763 2917 2986 2988 ὄψονται
3014 2917 3333 2984 δοξάζοντας
3359 2920 3420 2973 τὸ
3447 2920 3581 2992 ἐμὸν
3599 2921 3715 2976 δνο-

2123 3026 2237 3080 μα;
2269 3009 2406 3063 Τότε
2433 3009 2543 3081 γὰρ
2572 3007 2716 3062 αὐτὰ
2743 3007 2814 3062 τὰ
2841 3009 3089 3081 ὑμέτερα
3115 3009 3280 3064 τέκνα
3308 3011 3712 3084 καταισχυνθή-

2120 3119 2274 3157 σεται
2303 3103 2398 3156 καὶ
2437 3103 2892 3175 διατραπήσεται,
2931 3103 3144 3176 ὁρῶντα
3187 3106 3250 3159 τὸ
3278 3105 3583 3178 παράδοξον
3614 3107 3714 3179 τῆς

2118 3193 2226 3248 τῶν
2253 3194 2421 3249 ἐθνῶν
2457 3196 2783 3268 μεταϐολῆς,
2813 3196 2908 3250 καὶ
2934 3197 3010 3260 ὡς
3033 3197 3314 3268 ἀλλόφυλοι
3349 3216 3491 3264 τινες
3523 3199 3715 3271 ἀνδρες

2127 3283 2219 3339 τὸν
2239 3285 2426 3353 ’Δγιον
2441 3284 2536 3339 τοῦ
2571 3287 2788 3360 Ἰσραὴλ
2816 3288 2912 3344 καὶ
2938 3288 3029 3342 τὸν
3055 3289 3187 3343 Θεὸν
3201 3288 3296 3343 τοῦ
3334 3287 3527 3343 Ἰακὼϐ
3557 3291 3716 3360 ἁγιά-

2119 3374 2291 3440 ζουσι,
2306 3378 2400 3430 καὶ
2421 3377 2584 3447 φόϐον
2597 3379 2954 3434 ἀναλάϐονται
2971 3380 3085 3452 (57)
3100 3379 3195 3434 τοῦ
3211 3381 3304 3435 ἐπὶ
3322 3380 3539 3435 πάντων
3553 3380 3711 3438 Θεοῦ.

2196 3487 2214 3521 ι
2240 3469 2351 3523 Καὶ
2380 3469 2680 3538 γνώσονται
2705 3472 2756 3524 οἱ
2794 3472 3140 3542 πλανώμενοι
3162 3473 3239 3544 τῷ
3267 3473 3538 3544 πνεύματι
3597 3473 3714 3529 σύν-

2120 3578 2236 3616 εσιν
2257 3578 2272 3592 ο
2317 3561 2368 3614 οἱ
2395 3561 2455 3615 δὲ
2480 3562 2844 3633 γογγύζοντες
2874 3565 3210 3638 μαθήσονται
3264 3566 3579 3630 ὑπακούειν,
3614 3565 3711 3619 καὶ

2119 3655 2176 3707 αἰ
2215 3651 2456 3722 γλῶσσαι
2491 3656 2549 3709 αἱ
2579 3655 2923 3726 ψελλίζουσαι
2978 3656 3311 3730 μαθήσονται
3354 3657 3534 3712 λαλεῖν
3559 3658 3711 3730 εἰρή-

2119 3763 2238 3818 νην.
2265 3765 2283 3796 ι
2333 3748 2398 3800 Αἰ
2429 3747 2673 3816 γλῶσσαι
2707 3749 2765 3802 αἰ
2803 3747 3148 3820 ψελλίζουσαι
3179 3749 3275 3804 καὶ
3317 3749 3482 3821 μηδὲν
3512 3749 3710 3822 τρανὸν

2124 3837 2259 3910 μηδέ
2287 3839 2487 3911 ἀληθὲς
2515 3841 2693 3896 λαλεῖν
2725 3842 3039 3914 δυνάμεναι,
3081 3843 3164 3906 εἰς
3184 3843 3246 3896 τὸ
3271 3841 3412 3897 κατά
3437 3841 3597 3912 φύσιν
3618 3841 3708 3894 ἐλ-

2122 3928 2337 4000 θοῦσαι,
2376 3934 2697 4006 τρανώτατα
2723 3934 3039 4006 λαλήσουσι,
3083 3933 3350 4004 μαθοῦσαι
3381 3935 3600 4005 εἰρήνης
3625 3933 3715 3986 λό-

2121 4038 2271 4090 γους,
2297 4025 2374 4089 ώς
2412 4025 2480 4082 ἂν
2516 4027 2717 4090 παντὸς
2750 4027 3166 4099 ἀπηλλαγμέναι
3205 4025 3465 4098 πολέμου,
3495 4026 3590 4079 καὶ
3614 4037 3712 4098 την

2121 4115 2260 4188 πρὸς
2293 4116 2428 4173 Θεὸν
2455 4120 2682 4191 εἰρήνην
2707 4118 3118 4191 ἀσπασάμεναι.

2661 4211 3061 4265 ΚΕΦΔΛΑΙΟΝ
3088 4211 3166 4263 A'.

2197 4323 2216 4356 ι
2237 4303 2376 4357 Οὐαὶ
2399 4302 2566 4358 τέκνα
2594 4301 2920 4362 ἀποστάται,
2945 4300 3092 4369 λέγει
3121 4298 3342 4369 Κύριος.
3390 4297 3710 4368 Ἐποιήσατε

2123 4396 2338 4468 βουλὴν,
2362 4396 2424 4449 οὐ
2445 4395 2513 4448 δι’
2537 4394 2696 4464 ἐμοῦ,
2725 4395 2820 4447 καὶ
2851 4392 3142 4462 συνθήκας,
3169 4390 3230 4444 ού
3251 4389 3338 4444 διὰ
3355 4387 3454 4472 τοῦ.
3474 4387 3714 4460 πνεύμα-

435 4484 690 4556 spiritum
715 4494 928 4544 meum;
955 4487 1014 4533 ut
1045 4475 1320 4532 adderetis
1347 4481 1568 4544 peccata
1602 4473 1841 4542 peccatis
1882 4488 1897 4527 :
1926 4471 2019 4540 qui

2124 4490 2216 4554 τός
2247 4505 2372 4560 μου,
2391 4487 2710 4558 προσθεῖναι
2751 4485 3028 4557 ἁμαρτίας
3080 4480 3165 4550 ἐφ’
3203 4479 3497 4552 ἁμαρτίας,
3529 4481 3579 4534 οἰ
3609 4497 3711 4534 πο-

437 4576 646 4632 vadunt
702 4581 761 4628 et
831 4571 1171 4627 descendunt
1233 4567 1287 4622 in
1339 4565 1669 4637 Egyptum,
1707 4579 1794 4619 me
1840 4573 2020 4618 autem

438 4685 547 4726 non
575 4668 1006 4735 interrogarunt,
1029 4671 1090 4717 ut
1115 4660 1374 4716 auxilium
1399 4660 1637 4714 habeant
1661 4673 1692 4712 a
1712 4655 2020 4722 Pharaone,

438 4773 498 4821 et
537 4767 891 4834 protegantur
923 4757 993 4812 ab
1036 4753 1331 4827 Egyptiis.
1360 4753 1483 4808 Erit
1532 4753 1680 4809 enim
1713 4749 1870 4808 vobis
1897 4762 2022 4819 pro-

440 4859 610 4917 tectio
644 4855 947 4912 Pharaonis
978 4853 1033 4907 in
1080 4850 1480 4914 confusionem,
1515 4858 1572 4906 et
1618 4850 1686 4905 iis
1711 4847 1806 4919 qui
1852 4846 2024 4902 conli-

440 4957 579 5010 dunt
622 4950 679 5007 in
733 4948 971 5019 Egypto
995 4986 1011 5010 ,
1047 4945 1401 5015 opprobrium
1433 4961 1448 4996 :
1479 4944 1740 5014 quoniam
1789 4949 1919 4997 sunt
1969 4939 2023 4994 in

443 5045 578 5100 Tani
600 5041 892 5114 principes,
915 5038 1090 5110 angeli
1114 5037 1263 5094 mali.
1291 5036 1512 5092 Frustra
1539 5035 1864 5092 laborabunt
1885 5033 2027 5104 apud

440 5139 727 5210 populum,
752 5133 845 5204 qui
870 5132 952 5189 eis
982 5146 1088 5188 non
1117 5131 1362 5200 proderit
1386 5131 1455 5184 ad
1485 5129 1751 5184 auxilium
1775 5167 1792 5193 ,
1835 5127 1931 5182 sed
1956 5125 2025 5180 ad

443 5228 820 5286 confusionem
843 5222 1294 5294 etopprobrium.
1329 5239 1348 5273 ι
1384 5225 1583 5291 Aperte
1609 5219 1875 5282 declarat,
1899 5227 2029 5273 tunc

445 5321 726 5375 daemonas
768 5315 825 5371 in
874 5314 1114 5387 {Egypto
1155 5312 1346 5376 fuisse,
1395 5325 1536 5381 quos
1579 5309 1808 5382 angelos
1854 5308 2029 5364 malos

447 5415 758 5478 nuncupat,
790 5403 883 5477 qui
910 5404 1081 5460 multa
1131 5402 1500 5471 opcrabantur
1561 5401 1613 5455 in
1662 5399 1755 5454 illa
1804 5397 2028 5471 Egypti

446 5501 666 5556 civitate
707 5514 830 5570 qua:
867 5498 1070 5556 dicitur
1091 5497 1260 5551 Tanis
1285 5535 1300 5560 ,
1333 5495 1422 5550 ubi
1455 5494 1546 5549 illo
1594 5502 1837 5562 tempore
1879 5493 2027 5562 regia

515 5618 559 5647 ’⁷
583 5615 741 5671 Joan.
769 5633 886 5683 vut,
909 5617 1000 5672 39.

518 5711 628 5784 (36)
669 5711 882 5784 Mallem
913 5713 1094 5784 legere
1119 5711 1585 5784 ἀποστρέφοντας.
1604 5710 1775 5784 _Enl_'r.

2132 4581 2413 4654 ρευόμενοι
2455 4577 2760 4649 καταϐῆναι
2809 4578 2887 4641 εἰς
2919 4577 3212 4646 Αἴγυπτον,
3240 4574 3352 4654 ἐμὲ
3383 4574 3442 4628 δὲ
3484 4573 3583 4628 ούκ
3613 4573 3715 4626 ἐπ-

2129 4669 2442 4742 ηρώτησαν,
2484 4668 2578 4723 τοῦ
2610 4667 2868 4742 βοηθῆναι
2893 4667 2999 4721 ὑπὸ
3041 4653 3261 4736 Φαραὼ,
3286 4664 3380 4718 καὶ
3402 4661 3714 4731 σκεπασθῆ-

2131 4780 2220 4816 ναι
2270 4761 2376 4816 ὑπὸ
2399 4760 2733 4830 Αἰγυπτίων.
2780 4759 2972 4814 Ἔσται
3000 4757 3110 4830 γὰρ
3149 4757 3276 4828 ὑμῖν
3305 4754 3480 4826 σκέπη
3515 4751 3714 4825 Φαραὼ

2133 4856 2212 4918 εἰς
2244 4854 2527 4926 αἰσχύνην,
2562 4855 2660 4907 καὶ
2687 4854 2800 4918 τοῖς
2836 4850 3150 4906 πεποιθόσιν
3173 4850 3261 4902 ἐπ’
3285 4847 3558 4915 Αἴγυπτον
3583 4845 3713 4899 ὄνει-

2132 4943 2222 5008 δος
2243 4961 2255 4974 ο
2296 4945 2380 4998 ὅτι
2434 4945 2574 4998 εἰσιν
2606 4946 2664 4998 ἐν
2695 4943 2856 4998 Τάνει
2889 4941 3142 5014 ἀρχηγοὶ,
3195 4936 3416 5006 ἄγγελοι
3464 4933 3708 5007 πονηροί.

2133 5035 2328 5107 Μάτην
2353 5035 2676 5089 κοπιὰσουσι
2699 5034 2836 5107 πρὸς
2861 5033 3010 5096 λαὸν,
3035 5029 3208 5095 ὃςούκ
3229 5025 3497 5098 ὠφελήσει
3519 5023 3714 5087 αὐτοὺς

2133 5127 2214 5190 εἰς
2245 5126 2521 5198 βοήθειαν,
2551 5126 2687 5181 ἀλλὰ
2709 5129 2789 5190 εἰς
2815 5125 3076 5196 αἰσχύνην
3105 5123 3197 5177 καὶ
3224 5121 3442 5184 ὄνειδος.
3469 5138 3488 5171 ι
3520 5117 3713 5188 Σαφῶς

2136 5221 2380 5290 παριστᾷ
2408 5221 2688 5289 γεγονέναι
2724 5219 2846 5272 τότε
2897 5216 3027 5289 παρ’
3070 5213 3388 5284 Αἰγυπτίοις
3420 5211 3710 5284 δαίμονας,

2135 5311 2399 5379 ἀγγέλους
2426 5313 2692 5385 πονηροὺς
2715 5309 2970 5382 ὀνομάζει
2994 5309 3210 5373 αὐτοὺς,
3238 5307 3288 5361 οἳ
3311 5304 3543 5376 μάλιστα
3563 5304 3713 5376 ἐνήρ-

2135 5419 2265 5471 γουν
2289 5404 2356 5458 τὰ
2389 5406 2557 5460 πολλά
2582 5408 2639 5459 ἐν
2679 5407 2744 5474 τῇ
2772 5403 3079 5474 καλουμένῃ
3112 5400 3264 5455 πόλει
3299 5399 3398 5471 τῆς
3435 5396 3711 5466 Αἰγύπτου

2137 5496 2322 5563 Τάνει,
2343 5497 2472 5552 ἔνθα
2484 5499 2543 5552 τὸ
2561 5497 2828 5568 βασίλειον
2843 5495 2937 5550 τοῦ
2956 5493 3156 5566 Φαραὼ
3178 5491 3298 5548 κατ’
3313 5492 3490 5546 ἐκεῖνο
3507 5489 3710 5560 ἵδρυτο.

516 5768 630 5856 (57)
675 5783 789 5840 Vox
845 5768 1202 5839 ἀναλᾙϐονται
1244 5768 1428 5839 merus
1482 5768 1565 5841 est
1603 5777 2009 5846 barbarismus,

2123 5777 2211 5847 jus
2241 5777 2359 5835 loco
2393 5775 2675 5848 legendum
2716 5773 3213 5846 ἁναλαμϐάνονται.
3256 5768 3418 5825 Eutr.
