4118 6402
343 446 453 503 505
528 516 531 517 ν
1282 439 1783 505 COMMENTARIA
1823 449 1888 503 IN

2021 451 2188 505 llAM.
2228 481 2299 513 τ,-
2335 445 2515 507 (ΖΑΡΣ
2534 442 2699 508 XXX.‘
3510 464 3614 517 506

345 565 494 636 Πλὴν
528 565 672 621 ἀλλὰ
710 566 805 619 καὶ
834 556 1004 632 οὗτιπ,
1040 556 1225 635 φησὶν,
1280 568 1330 619 οἱ
1366 548 1426 621 ἑν
1484 569 1646 623 Τάνει
1680 570 1912 641 ἀρχηγοί

2039 566 2341 624 Pharaoiiis
2374 578 2513 627 erat.
2538 569 2810 625 Caeterum
2837 571 2893 626 hi
2923 588 3173 644 quoque,
3206 570 3314 641 ait,
3339 574 3617 647 principes

345 663 572 731 ἄγγελοι
628 663 855 732 πονηροί
884 661 1034 713 οὐδὲν
1063 660 1432 731 ὠφελήσουσιν
1458 665 1537 726 εἰς
1573 663 1633 715 τὸ
1661 662 1915 734 ἑπαμῦνα

2042 656 2253 713 Taneos
2276 699 2290 725 ,
2316 659 2493 728 angeli
2524 659 2648 713 mali
2670 701 2684 726 ,
2716 661 2848 716 nihil
2870 662 3135 731 juvabunt
3165 677 3292 728 eos,
3321 666 3414 734 qui
3453 668 3519 720 ad
3555 683 3615 722 sc

344 756 456 819 τοῖς
492 753 909 827 προσφυγοῦσιν
933 753 1135 819 αὐτοῖς,
1166 753 1258 806 καί
1274 753 1371 824 τὴν
1394 752 1454 818 ἑξ
1476 752 1653 807 αὐτῶν
1688 753 1918 825 βοήθειαι

2039 750 2383 821 confugient,
2407 760 2463 805 et
2489 767 2644 821 opem
2672 753 2910 821 ipsorum
2945 754 3333 823 implorabunt.
3365 755 3518 822 Quod
3552 772 3611 811 re

345 846 876 918 ἀνακαλεσαμένοις.
924 846 1034 899 Καὶ
1061 847 1243 910 αὐτοῖς
1274 845 1453 917 ἔργοις
1494 846 1793 918 ἐπληροῦτο
1813 848 1935 900 καθ’

342 940 399 992 ὂν
448 940 647 1011 χρόνον
688 940 718 992 ὁ
762 939 870 992 τῶν
919 938 1276 992 Βαϐυλωνίων
1311 938 1583 1009 βασιλεὺς,
1627 940 1935 1011 ὑποχείριον

344 1032 716 1103 ποιησάμενος
770 1031 869 1102 τὴν
901 1029 1192 1099 Αἴγυπτον,
1240 1030 1303 1083 οὐ
1340 1031 1531 1101 μόνους
1585 1031 1932 1100 Αἰγυπτίους,

340 1125 477 1179 ἀλλά
503 1123 733 1178 καὶτῶν
765 1123 1031 1177 Ἰουδαίων
1052 1124 1179 1187 τοὺς
1206 1123 1527 1195 πρόσφυγας
1550 1124 1748 1187 αὐτοὺς
1776 1140 1932 1193 γενο-

345 1219 559 1289 μένους,
588 1216 844 1289 πολεμῶν
868 1216 1003 1287 ὁμοῦ
1041 1216 1547 1289 ἐξηνδραποδίσατο.
1576 1216 1650 1270 Τὸ
1678 1216 1935 1287 τηνικαῦ-

2038 843 2152 911 ipsa
2186 852 2314 898 tunc
2355 844 2634 911 impletum
2676 854 2803 910 est,
2856 861 2981 901 cum
3024 861 3118 900 rex
3166 846 3609 918 Babyloniorum.

2038 935 2270 1006 Egypto
2304 944 2459 1004 capta
2484 976 2499 1002 ,
2536 951 2641 989 non
2678 945 2886 991 tantum
2935 936 3256 1010 Egyptios,
3300 940 3393 995 sed
3421 941 3611 1009 {etiam

2036 1028 2292 1098 profugos
2319 1027 2533 1084 Iudaeos
2572 1044 2677 1083 una
2707 1029 2987 1087 debellans
3012 1071 3027 1095 ,
3069 1034 3313 1103 captivos
3358 1033 3605 1089 abduxit.

2037 1118 2187 1174 Tunc
2213 1121 2356 1175 enim
2388 1119 2695 1176 Judarorum
2724 1137 2848 1189 spes
2886 1119 2940 1176 in
2964 1121 3299 1181 Pharaonem
3344 1140 3496 1181 versa
3529 1132 3612 1180 est

2037 1212 2149 1268 illis
2174 1213 2227 1267 in
2259 1214 2631 1271 confusionem
2661 1225 2716 1271 et
2746 1217 2797 1270 in
2826 1216 3196 1288 opprobrium.

341 1329 407 1365 τα
432 1312 542 1383 γὰρ
569 1313 604 1381 ή
634 1312 728 1363 ὲπί
759 1308 960 1380 Φαραώ
987 1309 1095 1363 τῶν
1141 1310 1409 1364 Ἰουδαίων
1444 1310 1599 1374 ἐλπὶς
1637 1310 1717 1373 εἰς
1740 1309 1931 1381 αἰσχύ-

342 1422 437 1477 νην
466 1404 563 1457 καί
589 1402 789 1465 ὄνειδος
812 1402 997 1464 αὐτοῖς
1029 1400 1396 1473 περιετράπη.

416 1496 522 1550 «Ἦ
552 1496 747 1567 ὅρασις
800 1493 910 1547 τῶν
937 1493 1280 1563 τετραπόδων
1330 1491 1439 1545 τῶν
1494 1494 1552 1545 ἑν
1600 1495 1665 1563 τῇ
1716 1494 1918 1564 ἐρήμῳ.

2110 1486 2268 1540 Vens.
2336 1486 2390 1541 6.
2460 1505 2480 1538 ι
2552 1488 2704 1543 Visio
2772 1489 3176 1558 quadrupedum
3247 1491 3300 1546 in
3368 1492 3605 1549 deserto.

343 1587 680 1659 (Σύμμαχος,
697 1583 912 1654 Λῆμμα
938 1582 1175 1652 κτηνῶν
1194 1584 1435 1652 Νότου.)
1452 1584 1539 1637 Ἑν
1566 1584 1629 1655 τῇ
1652 1582 1918 1653 θλίψεικαί

2034 1574 2465 1646 (Symmachus,
2516 1578 2818 1649 Assumptio
2867 1582 3229 1649 jumetttorum
3266 1582 3515 1653 Austri.)
3548 1584 3608 1639 In

342 1684 404 1752 τῇ
442 1676 771 1749 στενοχωρίᾳ
798 1676 935 1729 λέων
960 1676 1053 1729 καί
1086 1675 1323 1746 σκύμνος
1347 1675 1578 1741 λέοντος,
1606 1676 1815 1731 ἐκεῖθεν
1838 1678 1918 1731 καί

2035 1669 2386 1727 tribulatione
2420 1679 2474 1726 et
2508 1672 2758 1741 angustia
2784 1673 2889 1739 leo,
2931 1682 2987 1728 et
3010 1674 3228 1730 catulus
3255 1674 3447 1741 leonis,
3481 1678 3608 1731 inde

342 1772 565 1835 ἀσπίδες
590 1772 683 1824 καί
707 1770 905 1839 ἔκγονα
930 1768 1170 1822 ἀσπίδιον
1197 1768 1526 1839 πετομένων,
1551 1769 1600 1822 οἳ
1623 1769 1815 1839 ἔφερον
1839 1770 1918 1821 ἑπί

2031 1775 2085 1820 et
2134 1764 2389 1833 aspides,
2423 1774 2477 1819 et
2518 1766 2807 1835 progenies
2849 1766 3098 1835 aspidum
3142 1768 3470 1837 volantium,
3514 1772 3606 1839 qui

341 1866 475 1920 ὄνων
504 1864 597 1918 καί
633 1863 896 1934 καμήλων
928 1863 1018 1915 τὸν
1043 1860 1269 1915 πλοῦτον
1314 1862 1493 1916 αὐτῶν
1524 1862 1659 1935 πρὸς
1692 1862 1861 1927 ἔθνος,
1901 1863 1930 1917 ὃ

343 1956 440 2009 οὐκ
468 1955 737 2025 ὠφελήσει
794 1951 992 2016 αὐτούς
1011 1969 1025 1982 ’
1049 1971 1068 2004 ι
1103 1951 1191 2005 διὰ
1233 1952 1294 2005 τὸ
1321 1952 1527 2024 ἔρημον
1578 1948 1715 2005 εἶναι
1747 1954 1927 2007 πᾶσαν

345 2038 499 2115 Θεοῦ,
536 2046 922 2119 πεπληρῶσθαι
949 2046 1007 2099 δὲ
1039 2046 1383 2117 τετραπόδων
1426 2046 1536 2099 τῶν
1583 2045 1715 2117 παρ’
1744 2047 1927 2109 αὐτοῖς

346 2140 786 2211 θεοποιουμένων,
821 2140 915 2193 καί
933 2139 1042 2192 τῶν
1069 2140 1197 2209 παρ’
1214 2139 1396 2202 αὐτοῖς
1420 2139 1788 2210 ἐνεργούντων
1812 2139 1926 2192 δαι·

355 2234 542 2304 μόνων.
583 2232 731 2303 Αὕτη
788 2232 967 2286 τοίνυν
1001 2233 1035 2302 ἡ
1069 2233 1257 2303 ὅρασις
1295 2231 1403 2284 τῶν
1430 2231 1774 2303 τετραπόδων
1816 2233 1925 2286 τῶν

356 2327 411 2378 ὲν
438 2327 503 2395 τῇ
533 2324 835 2393 Αἰγυπτίων
868 2325 1073 2395 ἐρημίᾳ
1110 2323 1394 2395 ὲθεωρεῖτο
1417 2324 1494 2395 τῷ
1528 2325 1805 2396 προφήτῃ,
1831 2326 1925 2379 καὶ

358 2415 564 2479 τούτοις
599 2416 648 2467 οἱ
673 2414 979 2485 πρόσφυγες
1018 2414 1125 2468 τῶν
1166 2414 1435 2467 Ἰουδαίων
1464 2415 1793 2485 ὲπεκόμιζον
1832 2414 1924 2468 τὸν

350 2507 556 2561 ἑαυτῶν
588 2506 841 2560 πλοῦτον·
882 2507 951 2561 τὰ
978 2508 1086 2579 γάρ
1118 2510 1342 2579 ταμιεῖα
1372 2507 1474 2577 τῆς
1514 2507 1719 2561 ἑαυτῶν
1746 2508 1923 2579 ψυχῆς

343 2600 413 2669 τῇ
440 2599 776 2670 Αίγυπτιακῇ
808 2600 1116 2671 παρέδοσαν
1148 2598 1343 2672 πλάνῃ.

415 2687 740 2756 «Αἰγύπτιοι
783 2690 991 2759 μάταια
1032 2691 1127 2743 καὶ
1170 2688 1304 2743 κενά
1349 2689 1722 2761 ὠφελήσουσιν
1753 2693 1916 2762 ὑμᾶς.

351 2778 697 2848 Ἀπάγγειλον
723 2781 927 2848 αὐτοῖς,
954 2782 1059 2846 ὅτι,
1091 2780 1356 2852 Ματαίαὴ
1387 2783 1733 2854 παράκλησις
1765 2785 1919 2855 ὑμῶν

336 2868 491 2941 αῦτη.
518 2871 632 2924 Νῦν
653 2868 745 2926 οὖν
770 2872 1001 2937 καθίσας
1030 2873 1238 2945 γράψον
1269 2876 1361 2927 ὲπί
1387 2875 1578 2941 πυξίου
1609 2875 1800 2941 ταῦτα,
1825 2878 1919 2931 καὶ

336 2964 411 3024 εἰς
434 2962 660 3031 βιϐλίον,
694 2964 776 3016 ὅτι
830 2965 985 3016 ἔσται
1017 2966 1097 3027 εἰς
1143 2966 1358 3035 ἡμέρας
1389 2965 1565 3019 ταῦτα
1594 2968 1793 3039 καιρῷ,
1824 2969 1919 3021 καὶ

335 3052 434 3114 ἕως
456 3052 550 3105 τὸν
582 3053 754 3107 αἰῶνα
776 3072 788 3083 ·
825 3054 911 3107 ὅτι
944 3056 972 3108 ό
1020 3053 1147 3118 λαὸς
1180 3056 1413 3127 ἁπειθής
1454 3058 1619 3123 ἐστιν,
1650 3059 1757 3111 υἰοί
1788 3060 1918 3129 ψευ-

334 3143 451 3211 δεῖς,
479 3145 532 3198 οἶ
569 3144 671 3199 οὐκ
706 3145 994 3216 ἠϐούλοντο
1022 3147 1241 3201 ἀκούειν
1273 3148 1364 3202 τὸν
1395 3148 1556 3221 νόμον
1579 3150 1673 3203 τοῦ
1698 3150 1833 3204 Θεοῦ
1855 3168 1868 3181 ο
1893 3170 1913 3201 ι

336 3238 424 3337 τῆς
473 3235 707 3337 ἀλογίας
723 3238 840 3337 ἐκαὶ
892 3238 1202 3337 ἀφροσύνης
1243 3241 1422 3294 αὐτῶν
1469 3241 1613 3298 οῦτω
1660 3261 1777 3307 πως
1821 3244 1915 3315 δη-
1947 3281 1988 3337 C

342 3327 614 3400 λουμένης.
676 3329 815 3383 Οὔτε
865 3330 975 3402 γάρ
1021 3332 1069 3384 οί
1122 3331 1373 3404 αἰσθητοί
1434 3334 1743 3403 Αἰγύπτιοι,
1795 3336 1919 3391 οὔτε

342 3420 382 3471 οί
427 3420 636 3474 τούτων
672 3421 1015 3492 νομιζόμενοι
1052 3423 1185 3487 θεοί,
1224 3425 1515 3497 βοηθήσειν
1568 3426 1792 3497 ἔμελλον
1841 3431 1918 3501 τῷ

346 3514 708 3583 προσφυγόντι
730 3514 913 3578 αὐτοῖς
952 3514 1217 3570 Ἰουδαίων
1246 3516 1379 3587 λαῷ.
1412 3518 1568 3572 Κατά
1590 3520 1699 3590 γὰρ
1721 3520 1917 3593 πολλὴν

344 3604 703 3676 στενοχωρίαν
722 3604 902 3676 ψυχῆς
927 3605 1023 3659 καὶ
1057 3606 1177 3659 καθ’
1210 3607 1516 3680 ὑπερϐολὴν
1539 3609 1769 3681 θλίψεως
1792 3614 1917 3676 τοὺς

328 3698 450 3767 παρ’
481 3696 666 3758 αὐτοῖς
704 3698 1033 3769 ἀνηγόρευον
1083 3699 1237 3763 θεούς
1279 3717 1291 3730 ·
1324 3701 1522 3765 αὐτοὺς
1563 3702 1626 3774 δὴ
1677 3706 1919 3769 ἐκείνους

326 3790 451 3853 τοὺς
475 3788 576 3853 τὰς
599 3788 776 3861 ψυχὰς
814 3791 993 3844 αὐτῶν
1022 3791 1301 3851 θλίϐοντας
1330 3794 1425 3845 καί
1453 3794 1915 3866 στενοχωροῦντας

324 3882 598 3952 πονηροὺς
630 3881 889 3952 δαίμονας
910 3900 925 3913 ·
957 3885 1015 3935 ἑν
1035 3878 1116 3946 οἷς
1144 3879 1285 3954 ἦσαν
1316 3883 1529 3948 λέοντες
1556 3886 1650 3939 καί
1670 3887 1912 3953 ἀσπίδες,

321 3974 417 4027 καὶ
440 3972 647 4024 τούτων
676 3972 895 4040 ἔκγονα,
921 3973 1015 4025 καί
1045 3974 1217 4042 ὄφεις,
1244 3976 1338 4029 καί
1365 3975 1500 4029 ἀλλα
1523 3977 1689 4047 μυρία
1713 3980 1916 4050 ἑρπετά

317 4079 379 4115 τε
415 4061 513 4113 καὶ
558 4059 753 4131 θηρία·
790 4054 865 4114 ὧν
895 4061 1103 4125 εἰκόνες
1131 4059 1271 4133 ἦσαν
1304 4064 1399 4117 καὶ
1438 4066 1507 4119 τά
1538 4066 1773 4139 αἰσθητὰ
1800 4070 1913 4134 ζῶα

318 4151 450 4205 καθ’
477 4150 604 4222 ὅλης
627 4152 725 4223 τῆς
755 4152 1031 4220 Αἰγύπτου
1062 4154 1472 4227 θεοποιούμενα.
1501 4160 1610 4213 Καὶ
1632 4161 1740 4233 γὰρ
1764 4161 1912 4214 λέον-

318 4261 420 4307 τας
444 4242 660 4314 ἀληθῶς
691 4245 783 4297 καί
821 4245 1074 4310 ἀσπίδας,
1123 4247 1217 4299 καί
1254 4247 1406 4317 ὄφεις
1447 4254 1542 4303 καὶ
1572 4252 1707 4306 ἄλλα
1746 4256 1914 4326 μυρία

319 4331 411 4389 οἷα
438 4335 593 4399 θεοὺς
612 4338 957 4407 τετιμήκασι.
996 4338 1135 4408 Ἤδη
1159 4339 1289 4407 γοῦν
1310 4342 1419 4394 ἀπὸ
1434 4342 1534 4413 τῆς
1565 4343 1673 4398 τῶν
1695 4345 1911 4418 νομιζο-

325 4430 505 4500 μένων
531 4430 713 4494 αὐτοῖς
727 4430 865 4484 θεῶν
887 4432 1204 4503 ἐπωνυμίας
1220 4435 1312 4487 καί
1326 4435 1424 4498 τάς
1441 4436 1623 4502 πόλεις
1645 4441 1915 4513 κεκλήκα-

324 4539 432 4586 σιν,
458 4522 566 4575 ἀπὸ
590 4522 682 4575 τοῦ
704 4523 935 4587 λέοντος,
956 4524 1055 4596 τὴν
1075 4526 1308 4591 Λεοντὼ,
1326 4529 1434 4582 ἀπὸ
1450 4530 1506 4583 δὲ
1522 4530 1614 4584 τοῦ
1636 4532 1795 4597 κυνὸς
1814 4535 1911 4607 τὴν

2034 1856 2281 1912 ferebant
2320 1872 2483 1925 super
2514 1858 2703 1913 asinos
2729 1867 2784 1912 et
2818 1859 3060 1915 camelos
3111 1860 3334 1916 divitias
3374 1876 3500 1916 suas
3540 1863 3606 1917 ad

2031 1955 2243 2019 gentem
2274 1963 2395 2018 qum
2432 1947 2541 2003 illis
2572 1962 2677 2003 non
2716 1949 2977 2019 proderit.
3019 1968 3039 2003 ι
3091 1950 3226 2017 Quia
3261 1950 3470 2005 scilicet
3495 1961 3606 2006 tota

2032 2043 2143 2097 Deo
2168 2056 2335 2095 vacua
2367 2050 2508 2108 erat,
2542 2042 2858 2112 repletaque
2889 2044 3347 2112 quadrupedibus,
3377 2059 3518 2114 quos
3550 2052 3608 2097 ut

2030 2129 2160 2185 deos
2191 2128 2464 2195 colebant,
2501 2144 2710 2184 necnon
2756 2130 3090 2186 daemonibus
3135 2145 3304 2200 penes
3348 2132 3495 2202 ipsos
3524 2133 3607 2187 vi-

2030 2220 2304 2290 gentibus.
2367 2219 2493 2275 Hzec
2538 2220 2705 2290 igitur
2757 2221 3034 2290 prOphetaa
3094 2221 3276 2277 oblata
3333 2233 3416 2279 est
3470 2224 3607 2279 visio

2042 2312 2487 2383 quadrupedum,
2541 2314 2595 2367 in
2640 2311 3017 2384 Egyptiorum
3067 2315 3361 2371 solitudine
3392 2330 3607 2370 moran-

2030 2407 2189 2471 tium,
2218 2406 2373 2475 queis
2401 2386 2612 2477 profugi
2643 2405 2952 2462 Judteorum
3002 2422 3132 2477 opes
3181 2424 3307 2462 suas
3357 2410 3603 2479 deporta-

2028 2498 2161 2553 bant
2189 2517 2202 2553 :
2232 2514 2357 2552 nam
2384 2498 2576 2553 anima:
2628 2513 2739 2552 sua:
2777 2500 3037 2567 penuaria
3069 2497 3393 2569 [Egyptiaco
3426 2502 3601 2556 errori

2026 2592 2371 2647 dediderant.

2098 2682 2263 2737 Vens.
2298 2682 2417 2737 7-9.
2455 2700 2473 2734 ι
2516 2679 2753 2753 Egyptli
2786 2682 2985 2738 frustra
3020 2691 3074 2737 et
3109 2684 3342 2739 inaniter
3368 2685 3601 2739 auxilia-

2024 2776 2228 2831 buntur
2258 2775 2429 2830 vobis.
2478 2774 2751 2828 Annuntia
2778 2775 2856 2829 eis
2883 2814 2897 2839 ,
2921 2775 3067 2843 quia,
3102 2773 3247 2829 Vana
3294 2784 3379 2829 cst
3407 2790 3603 2830 conso-

2026 2869 2155 2924 latio
2181 2876 2358 2924 veslra
2383 2868 2515 2923 haec.
2551 2866 2707 2921 Nunc
2740 2866 2905 2937 igitur
2928 2866 3126 2921 sedens
3165 2868 3343 2921 scribe
3377 2867 3431 2920 in
3458 2869 3602 2922 buxo

2027 2961 2162 3023 haec,
2190 2968 2246 3013 et
2280 2960 2335 3013 in
2369 2958 2530 3026 libro,
2568 2958 2696 3029 quia
2718 2966 2877 3013 erunt
2914 2956 2966 3010 in
3003 2957 3119 3013 dies
3167 2958 3283 3013 haec
3334 2967 3599 3027 tempore,

2023 3061 2079 3107 et
2110 3066 2284 3121 usque
2324 3051 2378 3105 in
2430 3052 2690 3106 saeculum
2741 3066 2754 3104 :
2790 3052 2914 3119 quia
2943 3050 3191 3120 populus,
3220 3050 3601 3123 immorigerus

2022 3154 2130 3212 est,
2163 3144 2259 3200 lilii
2315 3146 2641 3208 mendaces,
2676 3144 2767 3213 qui
2828 3143 3116 3198 noluerunt
3178 3144 3366 3198 audire
3427 3143 3599 3213 legem

2026 3239 2143 3293 Dei.
2182 3257 2201 3291 ι
2244 3237 2337 3293 Sic
2389 3252 2577 3293 eorum
2625 3236 2849 3291 stultitia
2908 3244 2962 3290 et
3025 3235 3233 3292 insania
3290 3246 3596 3291 enarratur.

2021 3327 2207 3399 Neque
2240 3330 2382 3386 enim
2436 3327 2664 3384 sensiles
2712 3327 2789 3381 illi
2832 3325 3114 3397 Egyptii,
3158 3341 3332 3397 neque
3378 3326 3473 3393 illi,
3506 3326 3597 3396 qui

2021 3432 2189 3489 penes
2238 3433 2336 3474 eos
2377 3418 2449 3471 dii
2498 3418 2925 3489 reputabuntur,
2960 3418 3277 3487 opitulaturi
3315 3427 3475 3473 erant
3500 3418 3598 3473 Ju-

2019 3506 2261 3562 dazorum
2312 3508 2541 3577 pOpttlo,
2596 3508 2661 3561 ad
2708 3507 2854 3576 ipsos
2907 3507 3263 3578 confugienti.
3317 3508 3596 3578 Siquidem

2020 3615 2132 3670 prae
2170 3614 2365 3668 magna
2396 3598 2560 3652 animi
2588 3598 2883 3660 anxietate,
2918 3613 2979 3653 ac
3010 3615 3118 3668 pra:
3147 3599 3454 3657 afﬂicﬁonis
3486 3603 3598 3656 vio-

2018 3692 2205 3758 lentia,
2236 3690 2612 3760 )Egyptiorum
2644 3689 2775 3743 deos
2810 3689 3195 3758 celebrabant;
3246 3694 3393 3763 ipsos
3445 3696 3597 3751 vide-

2020 3784 2146 3839 licet
2175 3784 2450 3838 daamonas
2479 3779 2769 3849 malignos,
2826 3782 3060 3835 animam
3110 3799 3264 3837 suam
3321 3787 3370 3837 in
3424 3802 3596 3856 angu-

2019 3875 2153 3931 stias
2180 3883 2234 3929 et
2265 3887 2536 3927 aerumnas
2565 3872 2918 3940 conjicientcs
2945 3890 2960 3939 ;
2992 3874 3043 3927 in
3076 3875 3276 3945 quibus
3302 3882 3456 3929 erant
3482 3876 3595 3932 Ico-

2019 3983 2115 4023 nes
2150 3976 2204 4024 et
2235 3966 2452 4036 aspides
2476 4007 2492 4033 ,
2518 3980 2813 4037 eorumque
2842 3966 3151 4037 progenies,
3195 3982 3259 4022 ac
3286 3964 3591 4038 serpentes,

2017 4070 2071 4116 et
2100 4062 2204 4115 alia
2240 4070 2498 4117 sexcenta
2525 4058 2737 4129 reptilia
2767 4069 2930 4130 atque
2953 4062 3100 4127 ferae,
3127 4077 3354 4130 quorum
3384 4063 3589 4128 icones,

2018 4171 2228 4210 necnon
2258 4155 2371 4223 ipsa
2405 4152 2626 4209 sensilia
2661 4153 2917 4208 animalia
2949 4170 3048 4223 per
3099 4163 3265 4209 totam
3297 4154 3591 4225 [Egyptum

2016 4264 2116 4319 pro
2141 4249 2243 4303 diis
2270 4247 2610 4303 colebantur.
2640 4248 2858 4301 Atenim
2887 4246 3073 4301 leones
3099 4262 3285 4301 revera
3309 4286 3324 4310 ,
3352 4248 3589 4316 aspiilcs,

2016 4346 2324 4408 serpentes,
2353 4346 2409 4393 et
2434 4337 2542 4391 alia
2572 4344 2830 4391 sexcenta
2886 4351 2987 4405 pro
3034 4336 3140 4390 diis
3168 4338 3587 4413 venerabantur.

2014 4433 2082 4488 Et
2107 4446 2241 4488 sane
2274 4445 2487 4496 eorum,
2520 4445 2659 4500 quos
2690 4429 2821 4483 deos
2845 4430 3131 4499 putabant,
3180 4429 3398 4484 nomine
3430 4430 3591 4485 urbes

2014 4541 2143 4582 suas
2164 4524 2548 4596 appellarunt;
2585 4539 2614 4576 a
2646 4524 2801 4579 leone
2834 4523 3060 4587 scilicet,
3090 4522 3326 4588 Lconto;
3374 4539 3404 4579 a
3431 4538 3588 4589 cane,

323 4614 526 4677 Κυνὼ,
575 4616 669 4670 καί
715 4616 825 4669 ἀπὸ
863 4615 1022 4669 ἄλλου
1068 4608 1233 4672 πάλιν
1274 4619 1440 4691 θηρὸς
1488 4622 1681 4694 ἑτέραν
1727 4624 1900 4678 πόλιν.

2021 4621 2177 4690 Cyno,
2209 4620 2277 4674 ab
2308 4618 2411 4672 alia
2450 4616 2579 4671 item
2611 4614 2721 4669 fera
2771 4615 2931 4670 aliam
2967 4616 3263 4669 civltatem.

397 4729 417 4761 σ
447 4712 511 4763 Οἱ
545 4710 793 4779 λέγοντες
840 4712 955 4773 τοῖς
1014 4713 1360 4783 προφήταις,
1400 4715 1492 4784 Μὴ
1555 4716 1915 4785 ἀναγγέλλετε

322 4804 455 4875 ἡμῖν
480 4819 492 4832 ·
512 4804 735 4866 καὶτοῖς
754 4803 1006 4873 ὁράματα
1029 4802 1224 4875 ὁρῶσι,
1249 4806 1341 4876 Μὴ
1358 4806 1570 4860 λαλεῖτε
1592 4812 1722 4878 ἡμῖν
1740 4827 1755 4840 ο
1779 4810 1916 4865 ἀλλὰ

320 4897 455 4966 ἡμῖν
475 4894 685 4947 λαλεῖτε
731 4895 824 4947 καί
862 4895 1220 4964 ἀναγγέλλετε
1240 4899 1371 4967 ἡμῖν
1398 4899 1589 4969 ἑτέραν
1615 4900 1909 4973 πλάνησινς

322 4988 418 5040 καί
454 4986 832 5058 ἀποστρέψατε
877 4988 1023 5058 ἡμᾶς
1057 4988 1165 5041 ἀπὸ
1195 4989 1293 5058 τῆς
1324 4989 1447 5042 ὁδοῦ
1494 4992 1717 5063 ταύτης.
1757 4994 1914 5064 ’Δφὲ-

320 5078 443 5132 λετε
468 5080 562 5148 ἀφ’
600 5078 760 5159 ἡμῶν
788 5079 877 5133 τὸν
914 5079 1099 5152 τρίϐον
1130 5079 1341 5142 τοῦτον,
1384 5086 1475 5136 καί
1531 5085 1759 5153 ἀφέλετε
1812 5089 1905 5157 ἀφ’

322 5170 481 5241 ήμῶν
512 5170 575 5224 τὸ
604 5170 782 5239 λόγιον
820 5170 915 5223 τοῦ
960 5170 1192 5241 Ἰσραήλ.
1230 5189 1248 5222 ι
1310 5170 1494 5225 Ταῦτα
1550 5172 1660 5244 γὰρ
1716 5176 1767 5228 oi
1831 5177 1904 5247 μὴ

324 5261 714 5325 πιστεύσαντες
734 5266 852 5325 ταῖς
884 5262 977 5316 τοῦ
1014 5263 1276 5333 Ἰερεμίου
1317 5266 1521 5332 φωναῖς
1554 5265 1691 5336 πρὸς
1745 5267 1906 5319 αὑτὸν

322 5354 562 5417 καὶτοὺς
589 5354 659 5407 τὰ
690 5354 852 5424 ὅμοια
873 5354 1019 5424 αὐτῷ
1054 5353 1383 5426 φρονοῦντας
1413 5355 1615 5425 ἔλεγον.

399 5464 420 5497 ι
451 5446 549 5498 Διά
579 5443 738 5498 τοῦτο
763 5445 889 5498 τάδε
938 5444 1089 5514 λέγει
1139 5445 1341 5519 Κύριος
1367 5448 1396 5499 ὁ
1447 5446 1602 5517 ἅγιος
1650 5450 1864 5521 Ἰσραήλ
1887 5469 1899 5480 ·

325 5537 446 5590 Ὅτι
468 5538 803 5610 ἠπειθήσατε
827 5540 939 5601 τοῖς
974 5537 1154 5607 λόγοις
1199 5539 1428 5605 τούτοις,
1490 5541 1583 5594 καὶ
1630 5541 1900 5611 ἠλπίσατε

322 5628 414 5683 ἐπὶ
438 5629 644 5700 ψεύδει,
672 5630 766 5683 καὶ
793 5631 876 5683 ὅτι
918 5631 1243 5700 ὲγόγγυσας,
1281 5634 1375 5686 καί
1406 5633 1682 5695 πεποιθὼς
1714 5634 1899 5703 ἐγένου

323 5719 414 5772 ἐπὶ
438 5721 515 5791 τῷ
551 5720 695 5792 λόγῳ
720 5722 923 5793 τούτῳ·
958 5721 1048 5776 διά
1063 5721 1221 5775 τοῦτο
1245 5722 1397 5778 ἔσται
1435 5725 1565 5795 ὑμῖν
1592 5725 1626 5794 ἡ
1661 5725 1902 5798 ἁμαρτία

324 5813 461 5876 αῦτη
493 5815 569 5879 ὠς
596 5819 773 5886 τεῖχος
823 5816 1022 5869 πῖπτον
1064 5818 1405 5889 παραχρῆμα
1452 5818 1655 5881 πόλεως
1698 5820 1901 5889 ὀχυρᾶς

329 5905 649 5973 ἑαλωκυίας,
679 5904 743 5981 ἧς
768 5909 1104 5981 παραχρῆμα
1124 5910 1351 5980 πάρεστι
1369 5909 1429 5963 τὸ
1459 5910 1686 5980 πτῶμα·
1722 5911 1814 5963 καὶ
1842 5911 1901 5963 τὸ

2084 4715 2251 4769 Vens.
2282 4714 2369 4776 lt),
2402 4711 2488 4764 Η.
2515 4709 2614 4775 Qui
2646 4710 2829 4763 dicunt
2852 4709 3151 4779 prophetis,
3190 4708 3267 4763 Ne
3297 4710 3588 4764 annuntic-

2016 4805 2084 4858 tis
2112 4800 2287 4870 nobis,
2323 4810 2378 4856 et
2402 4801 2715 4855 videntibus
2745 4801 3003 4865 visiones,
3044 4800 3121 4855 Ne
3159 4801 3448 4871 loquamini
3488 4818 3588 4857 no-

2012 4896 2097 4951 bis
2127 4913 2140 4949 :
2176 4899 2270 4948 sed
2296 4892 2783 4961 nobis.loqnimini,
2816 4900 2873 4948 et
2896 4894 3218 4949 annuntiate
3242 4894 3397 4950 nobis
3425 4894 3589 4948 aliutn

2013 5002 2254 5045 errorem
2297 5004 2312 5041 :
2350 4995 2405 5039 ct
2450 4986 2680 5041 avertite
2734 5002 2831 5041 nos
2880 4987 2947 5040 ab
3000 4988 3101 5043 hac
3151 4989 3258 5043 via.
3294 4986 3518 5041 Auferte
3557 5004 3586 5040 a

2014 5080 2171 5135 nobis
2199 5080 2452 5135 semitam
2498 5079 2642 5134 hanc
2668 5119 2683 5144 ,
2711 5088 2767 5134 et
2810 5079 3020 5134 auferte
3050 5097 3079 5133 a
3125 5080 3279 5134 nobis
3308 5079 3587 5133 oraculum

2012 5170 2201 5226 Israel.
2243 5189 2263 5222 ι
2298 5170 2421 5225 Haec
2457 5170 2657 5240 quippe
2689 5170 2977 5235 Jercmiae,
3013 5180 3069 5225 et
3121 5172 3271 5240 paria
3329 5184 3454 5224 cum
3495 5170 3587 5222 illo

2013 5262 2374 5319 sentientibus
2410 5262 2686 5328 dicebant,
2721 5264 2811 5333 qui
2845 5276 3035 5317 eorum
3064 5262 3288 5317 vocibus
3327 5276 3434 5315 non
3466 5276 3588 5316 cre-

2011 5357 2232 5411 debant.

2082 5445 2246 5501 Vens.
2275 5446 2457 5501 l2-l6.
2502 5469 2522 5498 ι
2565 5446 2690 5502 Ideo
2720 5448 2835 5502 hare
2866 5447 2997 5501 dicit
3027 5447 3311 5508 Dominus,
3351 5444 3587 5498 Sanctus

2010 5540 2173 5597 lsrael
2202 5556 2217 5595 :
2251 5541 2385 5608 Quia
2436 5557 2540 5597 non
2583 5540 3000 5610 obtemperastis
3060 5539 3146 5591 his
3214 5536 3583 5600 sermonibus,

2012 5634 2107 5689 sed
2135 5634 2395 5704 sperastis
2420 5634 2471 5687 in
2501 5633 2785 5689 mendacio
2808 5669 2824 5696 ,
2860 5643 2915 5687 et
2958 5630 3085 5699 quia
3115 5627 3498 5691 murmurasti,
3531 5637 3588 5680 et

2009 5725 2286 5781 credidisti
2318 5727 2555 5780 sermoni
2595 5726 2756 5791 huic;
2806 5725 3008 5779 idcirco
3050 5722 3158 5777 erit
3189 5720 3343 5776 vobis
3385 5733 3585 5788 pecca-

2010 5825 2124 5871 tum
2160 5816 2263 5873 hoc
2299 5818 2452 5884 quasi
2492 5832 2680 5871 murus
2715 5815 2918 5870 cndens
2952 5815 3132 5870 subito
3174 5813 3322 5868 urbis
3363 5812 3584 5866 munita:

2009 5921 2351 5992 expugnata,
2374 5911 2526 5982 cujus
2559 5911 2735 5967 subito
2766 5910 2918 5968 adest
2949 5909 3101 5968 ruina
3138 5924 3154 5963 :
3202 5918 3255 5964 et
3284 5907 3437 5962 ruina
3468 5903 3583 5973 ejus
