4118 6430
434 461 544 516 307

1112 434 1380 514 EUSEBu
1417 452 1892 510 ciesmtsusrs
1924 449 2076 510 OPP.
2113 445 2292 509 PARS
2329 451 2420 509 ιιι.
2461 483 2529 494 -
2567 450 2984 509 EXEGETICA.

3587 453 3692 512 308

432 578 542 634 erit
568 575 724 646 quasi
781 573 1034 631 contritio
1072 572 1218 629 vasis
1269 573 1490 629 testacei
1538 588 1604 628 ex
1649 570 1888 639 oﬂiciua,
1938 572 2009 626 ita

2137 575 2318 644 πῶμα
2347 573 2516 646 αὐτῆς
2542 573 2694 629 ἔσται
2721 576 2798 638 ὼς
2848 573 3159 645 σύντριμμα
3194 574 3414 644 ἀγγείου
3438 575 3694 648 ὀστρακί-

433 668 751 726 comminuti
815 676 873 723 ut
925 681 1031 722 non
1099 665 1410 721 inveniatur
1458 667 1511 720 in
1551 665 1632 720 eis
1687 675 1860 730 testa,
1908 680 2014 734 qua

433 762 617 829 ignem
646 762 810 825 feras,
835 771 892 814 et
919 759 1138 831 paulum
1167 774 1327 828 aqua:
1355 759 1600 813 haurias.
1636 757 1726 812 Sic
1748 758 1884 813 dicit
1913 757 2016 811 Do-

433 853 614 907 minus
653 851 930 916 Dominus,
963 851 1195 906 Sanctus
1223 849 1390 906 lsrael
1419 867 1432 903 :
1461 849 1597 905 Cum
1651 862 1901 904 reversus
1941 849 2018 901 in-

433 943 723 1012 gemueris,
757 951 886 998 tunc
914 942 1094 998 salvus
1111 941 1247 1007 eris,
1277 950 1335 996 et
1375 940 1516 995 scies
1536 938 1625 993 ubi
1655 937 1848 1001 fueris,
1884 952 2007 992 cum

435 1033 745 1090 conﬁdebas
777 1047 942 1102 super
986 1032 1142 1088 vanis
1183 1048 1198 1084 :
1243 1045 1379 1085 vana
1428 1030 1566 1086 facta
1617 1037 1702 1085 est
1749 1027 2014 1083 fortitudo

437 1138 637 1196 vestra,
669 1139 724 1184 et
747 1128 994 1184 noluistis
1017 1128 1236 1192 audire;
1266 1126 1360 1181 sed
1379 1123 1615 1189 dixiStis,
1641 1122 1808 1192 Equis
1833 1121 2015 1193 fugie-

433 1235 600 1276 mus:
649 1230 936 1290 propterea
973 1219 1238 1290 fugietis:
1282 1227 1339 1273 et
1380 1215 1657 1273 velocibus
1702 1214 2016 1270 cursoribus

435 1312 810 1369 iusidebimus.
854 1331 874 1365 ι
906 1311 1150 1382 Fugietis
1178 1309 1434 1381 quidem;
1484 1309 1578 1366 sed
1627 1322 1735 1379 quo
1781 1305 2019 1377 effugere

440 1405 695 1462 valebitis
737 1403 1164 1476 Babyloniorum
1205 1417 1458 1466 manum,
1507 1414 1627 1471 quae
1677 1414 1771 1454 vos
1825 1413 2018 1469 appre-

443 1495 643 1550 liendet
669 1503 724 1550 et
747 1495 800 1549 in
827 1507 888 1549 se
910 1492 1212 1548 detinebit?
1247 1509 1266 1544 ι
1297 1490 1593 1561 Propterea
1622 1487 1830 1544 celeres
1859 1495 2020 1544 erunt

439 1586 538 1657 qui
567 1593 966 1657 persequentur
994 1598 1112 1640 vos.
1148 1602 1166 1635 ι

518 1765 687 1821 Vens.
723 1765 812 1821 l'i.
849 1783 869 1816 ι
904 1762 985 1819 Ad
1015 1777 1204 1818 vocem
1229 1761 1391 1816 unius
1420 1759 1628 1830 fugient
1661 1759 1840 1824 mille,
1873 1768 1928 1814 et
1950 1761 2018 1816 ad

444 1871 635 1914 vocem
664 1856 907 1926 quinque
941 1855 1148 1926 fugient
1177 1852 1331 1908 multi
1371 1871 1386 1907 :
1417 1852 1592 1907 donec
1635 1849 2016 1920 relinquamini

445 1947 604 2017 quasi
637 1919 1078 2002 m-alus-itavis-in
1110 1954 1317 2010 monte,
1339 1954 1395 1998 et
1418 1944 1573 2015 quasi
1599 1944 1814 2013 signum
1840 1942 2021 1998 ferens
2051 1919 2094 1976 Β

444 2054 609 2108 super
627 2037 845 2094 collem.
885 2057 907 2091 ι
950 2036 1416 2104 Quemadmodum
1457 2035 1610 2091 navis
1644 2037 1696 2090 in
1724 2036 1858 2090 mari
1903 2051 2024 2105 per-

443 2129 571 2184 ditae
600 2143 664 2184 ac
690 2130 952 2184 demersa:
993 2129 1206 2197 signum
1243 2139 1324 2183 est
1365 2127 1606 2182 malusin
1631 2127 1834 2182 vertice
1869 2141 2025 2181 mon-

447 2221 517 2278 tis
536 2220 769 2291 positus,
795 2221 939 2291 quod
969 2235 1074 2275 non
1109 2219 1248 2274 ultra
1291 2218 1386 2274 illo
1411 2219 1481 2274 sit
1505 2234 1680 2289 opus;
1706 2219 1779 2274 ita
1807 2218 2024 2288 conspi-

443 2325 604 2366 cuam
636 2308 754 2366 fore
803 2309 880 2365 ait
925 2317 1344 2366 memoratarum
1383 2310 1663 2365 hominum
1693 2309 2012 2380 perniciem.

445 2395 648 2451 Verum
678 2411 784 2452 non
811 2411 1003 2454 omnes
1033 2396 1276 2453 funditus
1316 2398 1586 2467 perituros
1617 2412 1738 2454 esse
1774 2398 1883 2465 ait;
1917 2397 2017 2453 sed

445 2489 709 2558 quosdam
741 2504 972 2544 numero
1002 2504 1204 2559 paucos
1235 2489 1481 2545 relictum
1513 2489 1602 2555 iri,
1628 2504 1765 2557 quos
1789 2491 2020 2546 misera-

453 2591 542 2636 tus
571 2579 733 2648 Deus,
763 2581 942 2636 salvos
979 2579 1168 2649 faciet,
1192 2581 1263 2636 ob
1292 2579 1723 2636 misericordiam
1757 2581 1888 2650 ipsis
1923 2595 2024 2636 ex-

449 2673 681 2730 hibitam
710 2672 1010 2728 laudandus
1033 2687 1099 2728 ac
1128 2671 1533 2728 celebrandas:
1567 2671 1649 2726 sic
1688 2670 1834 2727 enim
1871 2670 2024 2726 illum

446 2764 650 2833 justum
692 2761 930 2832 iudicem
978 2777 1120 2829 esse,
1171 2772 1230 2817 ut
1264 2763 1456 2834 dignos
1497 2764 1716 2834 quidem
1762 2763 2029 2835 supplicio

452 2854 685 2926 plectat;
737 2869 832 2912 eos
887 2864 1104 2921 autem,
1147 2854 1239 2923 qui
1294 2855 1723 2911 misericordiam
1771 2857 2030 2931 consequi

451 2946 661 3013 valent,
693 2948 868 3004 salute
897 2947 1148 3018 dignetur
1177 2961 1294 3001 sua.
1321 2947 1501 3014 Quare
1530 2946 1606 3000 ait
1636 2964 1652 3000 :

527 3040 694 3096 Vens.
720 3039 809 3096 18.
856 3057 874 3092 ι
910 3038 976 3093 Ει
1004 3053 1221 3094 rursum
1257 3049 1538 3109 exspectat
1569 3038 1709 3095 Deus
1731 3080 1747 3105 ,
1777 3047 1836 3094 ut
1874 3039 2034 3094 mise-

456 3144 648 3191 reatur
679 3133 844 3190 vestri
878 3151 894 3190 :
928 3142 984 3188 et
1013 3142 1298 3204 prepterea
1328 3134 1624 3189 extolletur
1644 3175 1660 3201 ,
1687 3143 1747 3189 ut
1769 3134 2035 3190 miserea-

2116 683 2209 719 νου
2249 667 2312 720 ὲκ
2364 666 2632 736 κεραμίου
2660 667 2855 732 λεπτά,
2889 667 3030 720 ὥστε
3063 667 3137 738 μὴ
3170 668 3350 738 εὑρεῖν
3409 669 3468 722 ὲν
3516 669 3697 732 αὐτοῖς

2114 756 2403 826 ὄστρακον,
2434 756 2493 810 ἐν
2517 749 2562 825 ᾧ
2588 756 2698 828 πῦρ
2735 757 2906 828 ἀρεῖς,
2931 757 3026 810 καὶ
3057 757 3115 809 ὲν
3147 750 3192 825 ᾧ
3213 757 3528 827 ἀποσυριεῖς
3553 757 3698 828 ὕδωρ

2120 848 2334 920 μικρόν.
2390 847 2546 902 Οὕτω
2602 848 2747 918 λέγει
2799 850 3003 921 Κύριος
3045 848 3268 921 Κύριος,
3297 851 3326 904 ό
3366 852 3557 920 Ἄγιος
3601 849 3697 904 τοῦ

2129 939 2346 1011 Ἰσραήλ
2369 957 2382 970 ·
2409 939 2574 993 Ὅταν
2595 941 2964 1010 ἀποστραφεὶς
2989 940 3266 1012 στενάξῃς,
3299 940 3421 994 τότε
3451 941 3695 1014 σωθήσῃ,

2116 1034 2211 1086 καὶ
2231 1031 2416 1104 γνώσῃ
2451 1031 2555 1085 ποῦ
2597 1027 2760 1103 ἦσθα,
2791 1033 2879 1086 ὅτε
2918 1031 3229 1096 ἐπεποίθεις
3265 1034 3359 1087 ἐπὶ
3421 1037 3534 1098 τοῖς
3595 1052 3700 1105 μα-

2115 1127 2288 1190 ταίοις
2307 1143 2321 1157 ·
2361 1125 2566 1198 ματαία
2588 1128 2620 1196 ή
2651 1127 2804 1196 ἰσχὺς
2827 1125 2982 1196 ὑμῶν
3009 1125 3241 1197 ἐγενήθη
3260 1143 3274 1158 ·
3291 1125 3384 1180 καὶ
3407 1128 3509 1180 οὐκ
3536 1125 3700 1197 ὴϐού-

2117 1215 2273 1268 λεσθε
2291 1214 2510 1269 ἀκούειν
2532 1231 2545 1245 ·
2579 1213 2692 1268 ἀλλ’
2728 1213 2952 1281 εἴπατε,
2998 1215 3113 1284 Ἐφ’
3142 1214 3324 1269 ἵππων
3354 1215 3662 1287 φευξόμεθα
3682 1232 3698 1248 ο

2117 1307 2203 1362 διὰ
2244 1305 2404 1362 τοῦτο
2437 1306 2727 1377 φεύξεσθεο
2751 1308 2845 1362 καὶ
2877 1308 2970 1361 ἐπὶ
3008 1307 3232 1376 κούφοις
3252 1307 3551 1373 ἀναϐάταις
3584 1309 3702 1363 ἐσό-

2122 1402 2277 1473 μεθα.
2314 1421 2333 1455 ι
2359 1401 2622 1466 ⁴ῐνεύξεςιθε
2659 1401 2758 1473 μέν
2781 1418 2794 1431 ·
2839 1400 2942 1455 ποῦ
2975 1402 3082 1473 μὴν
3100 1401 3382 1472 διαφυγεῖν
3409 1403 3702 1475 δυνήσεσθε

2117 1494 2215 1565 τὴν
2271 1493 2382 1547 τῶν
2413 1491 2768 1546 Βαϐυλωνίων
2825 1494 3003 1564 χεῖρα,
3038 1493 3495 1566 καταληψομένην
3534 1495 3701 1566 ὑμᾶς,

2119 1587 2212 1638 καὶ
2248 1586 2304 1638 ὲν
2333 1585 2470 1655 αὐτῇ
2516 1584 2779 1654 ἐχουσαν;
2813 1604 2831 1635 ι
2870 1584 2970 1638 Διά
2997 1583 3154 1637 τοῦτο
3177 1583 3369 1655 κοῦφοι
3410 1585 3620 1641 ἔσονται
3653 1587 3704 1640 οἱ

2117 1676 2400 1740 διώκοντες
2431 1676 2593 1746 ὑμᾶς.
2639 1693 2659 1728 ι
3072 1736 3074 1738 τ

2195 1789 2213 1818 ι
2252 1767 2425 1822 Χίλιοι
2464 1765 2556 1820 διά
2588 1765 2769 1837 φωνὴν
2797 1766 2915 1831 ὲνδς
2945 1765 3253 1835 φεύξονται,
3277 1766 3374 1819 καὶ
3403 1766 3492 1819 διά
3523 1764 3708 1837 φωνὴν

2123 1862 2280 1914 πέντε
2298 1860 2580 1929 φεύξονται
2607 1859 2925 1923 πολλοὶ,έως
2949 1858 3015 1913 ἂν
3031 1858 3432 1930 καταλειφθῆτε
3456 1859 3533 1923 ὡς
3563 1858 3710 1924 ίστδς

2123 1954 2510 2026 ὲπ⁹ὅρους,καῖ
2534 1953 2610 2016 ὡς
2625 1951 2862 2024 σημαίαν
2878 1951 3058 2024 φέρων
3087 1953 3180 2005 ἐπὶ
3207 1951 3418 2022 βουνοῦ.
3448 1970 3467 2003 ι
3497 1952 3710 2023 Ὠσπερ

2124 2048 2250 2119 νηὸς
2281 2045 2707 2117 παραπεσούσης
2735 2046 2829 2098 καὶ
2858 2043 3201 2115 ἀπολομένης
3244 2045 3302 2097 ὲν
3332 2043 3571 2118 Θαλάττῃ
3607 2061 3709 2115 ση-

2128 2141 2277 2211 μεῖον
2302 2138 2563 2208 τυγχάνει
2592 2136 2876 2200 ἀποτεθεὶς
2906 2138 2992 2190 ἐπ’
3025 2136 3196 2206 ἄκρου
3224 2136 3382 2208 ὅρους
3417 2134 3582 2200 ἰστὸς,
3614 2132 3709 2187 τοῦ

2128 2231 2322 2303 μηκέτι
2357 2227 2522 2284 αὐτοῦ
2569 2229 2759 2301 χρείαν
2808 2223 2977 2282 εἶναι·
3026 2226 3200 2291 οὕτως
3254 2226 3521 2298 ἐπίσημον
3545 2224 3711 2296 γενή-

2128 2323 2316 2378 σεσθαι
2339 2321 2436 2394 τὴν
2461 2321 2734 2376 ἀπώλειαν
2761 2320 2869 2373 τῶν
2892 2319 3235 2390 δηλουμένων
3250 2337 3263 2350 ·
3284 2317 3423 2390 πλὴν
3448 2317 3508 2371 ού
3531 2317 3710 2388 πάντη

2128 2418 2334 2481 πάντας
2355 2414 2668 2470 ἀπολεῖσθαί
2686 2432 2839 2485 φησι,
2867 2412 3382 2485 περιλειφθήσεσθαι
3401 2411 3457 2465 δὲ
3491 2410 3714 2483 βραχεῖς

2127 2528 2300 2574 τινας,
2329 2508 2422 2572 οὒς
2455 2509 2680 2581 ἐλεήσας
2711 2510 2738 2561 ό
2756 2508 2910 2571 Θεὸς,
2924 2507 3016 2560 καὶ
3043 2502 3223 2560 οἶκτον
3255 2505 3437 2558 λαϐὼν
3459 2502 3712 2567 διασώζει

2126 2601 2512 2674 δοξαζόμενος,
2563 2602 2657 2655 καὶ
2694 2599 2998 2671 ύψούμενος
3057 2597 3146 2652 διά
3204 2596 3298 2652 τοῦ
3330 2596 3549 2667 ἐλεῆσαι
3613 2595 3715 2650 αὺ-

2127 2696 2253 2760 τούς
2275 2713 2288 2728 ·
2320 2694 2463 2749 οὕτω
2484 2694 2592 2766 γάρ
2620 2693 2781 2748 αὐτὸν
2819 2692 3010 2762 κριτὴν
3034 2691 3240 2746 δίκαιον
3267 2687 3427 2756 εἶναι,
3455 2689 3533 2754 ὡς
3588 2688 3716 2752 τοὺς

2133 2789 2230 2860 μὲν
2256 2787 2440 2853 ἀξίους
2480 2785 2752 2858 τιμωρίας
2783 2781 3056 2847 κολάζειν,
3105 2783 3232 2846 τοὺς
3277 2781 3334 2835 δὲ
3381 2779 3716 2852 δυναμένους

2130 2881 2282 2940 ὲλέου
2312 2882 2519 2951 τυχεῖν,
2550 2878 2652 2950 τῆς
2685 2879 2815 2950 παρ’
2849 2874 3014 2931 αὑτοῦ
3063 2872 3353 2939 καταξιοῦν
3417 2872 3712 2946 σωτηρίας.

2134 2973 2225 3026 Διό
2256 2987 2392 3043 φησι
2410 2986 2426 3002 ο

2208 3083 2226 3116 ι
2270 3063 2380 3118 Καὶ
2437 3063 2598 3118 πάλιν
2633 3062 2782 3134 μένει
2809 3061 2840 3114 ό
2857 3061 2990 3126 Θεὸς
3016 3059 3113 3114 τοῦ
3141 3057 3480 3131 οἰκτειρῆσαι
3527 3057 3674 3130 ὑμᾶς
3698 3073 3715 3090 ·

2134 3156 2228 3211 καὶ
2245 3154 2334 3210 διὰ
2368 3153 2526 3209 τοῦτο
2560 3153 2904 3225 ὑψωθήσεται
2935 3152 3030 3207 τοῦ
3085 3151 3306 3222 ἐλεῆσαι
3359 3151 3538 3222 ὑμᾶς·
3581 3147 3716 3203 διότι

459 3239 550 3285 ιιιι·
595 3228 762 3285 vestri
791 3245 807 3284 :
835 3228 1090 3299 quoniam
1132 3228 1301 3297 iudex
1347 3228 1608 3284 Dominus
1654 3229 1801 3285 Deus
1844 3229 2030 3283 vestri.

2137 3247 2328 3319 κριτὴς
2347 3248 2551 3321 Κύριος
2579 3246 2608 3298 ό
2645 3246 2778 3310 Θεὸς
2810 3246 2982 3316 ὑμῶν.
3010 3244 3286 3318 Μακάριοι
3313 3244 3362 3296 οἰ
3388 3241 3718 3314 ἐμμένοντες

456 3321 608 3377 Beati
623 3322 716 3393 qui
737 3329 956 3377 manent
991 3321 1045 3375 in
1068 3335 1156 3376 eo.
1187 3339 1208 3373 ι
1243 3318 1378 3375 Nam
1401 3335 1523 3376 cum
1549 3319 1732 3390 justus
1749 3320 1820 3376 sit
1842 3319 2031 3390 iudex,

463 3415 658 3486 dignos
680 3414 898 3485 quidem
920 3412 1219 3483 captivitati
1250 3412 1473 3467 tradidit
1502 3426 1516 3464 :
1543 3425 1679 3481 quos
1716 3420 1896 3466 autem
1929 3411 2033 3465 mi-

459 3507 636 3562 serari
663 3521 764 3578 par
795 3515 937 3568 erat,
968 3519 1064 3560 eos
1089 3503 1267 3560 salvos
1305 3503 1439 3559 fecit
1468 3521 1481 3556 :
1511 3504 1657 3559 unde
1696 3505 1915 3559 beatum
1952 3512 2038 3559 est

459 3599 517 3656 in
545 3598 920 3663 illomanere;
957 3596 1073 3653 sive
1101 3607 1162 3652 ut
1190 3596 1552 3668 Symmachus
1573 3595 1762 3661 edidit,
1801 3613 1821 3648 ι
1859 3595 2036 3666 ipsum

461 3691 751 3749 sustinere.
790 3709 810 3743 ι
863 3689 1296 3748 Consentaneum
1345 3689 1546 3760 quippe
1606 3697 1692 3743 est
1745 3686 2037 3742 stationem

466 3799 575 3840 nou
599 3783 876 3851 deserere,
902 3797 1005 3840 nec
1025 3781 1094 3838 de
1129 3780 1332 3836 auxilio
1363 3781 1457 3837 Dei
1485 3781 1778 3850 desperare
1807 3779 1860 3834 in
1889 3779 2037 3835 cala-

464 3876 742 3934 mitatibus
795 3875 1228 3932 occurrentibus.
1273 3874 1344 3931 Ut
1373 3875 1556 3946 justus
1603 3875 1789 3945 itaque
1842 3873 2035 3944 judex,

465 3977 523 4024 et
543 3977 727 4040 utpote
748 3969 947 4036 bonus,
982 3967 1362 4032 miserebitur;
1397 3967 1474 4024 ita
1497 3975 1556 4021 ιιι
1584 3965 1714 4022 Sion
1741 3973 1796 4020 et
1823 3963 2040 4020 Jerusa-

467 4060 573 4118 lem
611 4062 790 4117 denuo
821 4060 1178 4127 aedificentur,
1219 4067 1274 4115 et
1309 4058 1366 4114 in
1412 4057 1506 4115 illa
1551 4073 1768 4115 rursum
1795 4057 2042 4128 fpopulus

471 4151 701 4208 habitet.

543 4241 706 4300 Vnus.
736 4243 826 4300 19.
866 4244 1128 4312 Quoniam
1153 4242 1380 4316 populus
1412 4251 1638 4300 sanctus
1665 4244 1722 4300 in
1760 4244 1890 4300 Sion
1941 4245 2045 4300 ha-

470 4335 684 4406 bitabit,
705 4345 760 4394 et
774 4336 1072 4393 Jerusalem
1094 4335 1221 4393 ﬂetu
1250 4351 1355 4392 non
1381 4334 1551 4392 ﬂevit.
1600 4335 1864 4394 Miserere
1891 4335 1996 4391 mei
2028 4353 2043 4390 :

468 4430 818 4497 miserebitur
841 4430 942 4486 tui.
975 4427 1177 4486 Vocem
1225 4428 1484 4485 clamoris
1512 4431 1588 4484 tui
1625 4428 1844 4499 quando
1893 4426 2044 4494 vidit,

469 4521 750 4576 exaudivit
775 4529 847 4576 te.
886 4539 906 4574 ι
939 4521 1015 4576 lta
1041 4522 1186 4578 enim
1210 4520 1478 4577 Hebraica
1502 4520 1662 4577 lectio
1697 4519 2044 4577 circumfert:

2137 3339 2194 3391 ὲν
2221 3337 2388 3409 αὐτῷ.
2427 3357 2446 3391 ι
2471 3337 2690 3399 Δίκαιος
2718 3335 2828 3408 γάρ
2859 3333 2934 3388 ὣν
2991 3334 3204 3406 κριτὴς,
3234 3333 3362 3396 τοὺς
3391 3333 3488 3404 μὲν
3533 3330 3718 3396 ἀξίους

2138 3429 2482 3502 αἰχμαλωσίᾳ
2503 3427 2786 3501 παρεδίδου
2801 3445 2816 3458 ·
2851 3427 2945 3490 οὓς
2965 3427 3022 3480 δὲ
3047 3425 3252 3480 δίκαιον
3266 3425 3457 3488 ἐλεεῖν,
3482 3422 3716 3487 ἐσωζεψ

2137 3519 2261 3575 ὅθεν
2297 3518 2391 3572 καὶ
2422 3517 2690 3590 μακάριόν
2721 3517 2836 3570 ἐστι
2858 3516 2918 3570 τὸ
2936 3515 3196 3586 ἐμμένειν
3224 3515 3282 3567 ὲν
3305 3511 3481 3583 αὐτῷ·
3509 3511 3543 3582 ἢ
3577 3509 3719 3564 κατά

2138 3611 2229 3666 τὸν
2253 3609 2564 3680 Σύμμαχον,
2605 3627 2624 3659 r
2665 3606 2955 3677 ὑπομένειν
2989 3604 3167 3658 αὐτόν.
3214 3623 3232 3656 ι
3266 3603 3446 3660 Καλὸν
3489 3601 3598 3672 γάρ
3656 3600 3720 3654 τὸ

2143 3704 2217 3777 μὴ
2243 3703 2638 3764 λειποτακτεῖν,
2671 3700 2764 3753 καὶ
2793 3698 2867 3770 μὴ
2899 3696 3298 3765 ἀπογινώσκειν
3329 3695 3429 3766 τὴν
3456 3693 3551 3748 τοῦ
3581 3693 3719 3748 Θεοῦ

2143 3792 2395 3866 βοήθειαν
2433 3794 2490 3846 ὲν
2536 3793 2657 3855 ταῖς
2689 3787 3229 3860 καταλαμϐανούσαις
3259 3787 3585 3857 συμφοραῖς.
3631 3784 3724 3848 Ὡς

2140 3887 2347 3950 δίκαιος
2388 3883 2672 3958 τοιγαροῦν
2713 3881 2926 3954 κριτὴς,
2976 3879 3071 3934 καὶ
3097 3878 3173 3942 ὡς
3209 3878 3411 3948 ἀγαθὸς
3457 3877 3620 3932 πάλιν
3647 3877 3727 3929 οἰ..

2142 3979 2420 4050 κτειρήσει
2443 3994 2457 4008 ο
2490 3977 2566 4042 ὡς
2595 3976 2693 4049 τὴν
2725 3973 2862 4029 Σιὼν
2889 3973 2984 4028 καὶ
3021 3973 3118 4045 τὴν
3161 3970 3518 4044 Ἰερουσαλὴμ
3545 3967 3730 4022 δεύτες

2146 4086 2239 4142 ρον
2290 4067 2748 4140 οἰκοδομηθῆναι,
2791 4067 2886 4122 καὶ
2916 4061 3074 4129 αὖθις
3111 4064 3170 4117 ἐν
3221 4062 3357 4134 αὐτῇ
3401 4060 3728 4131 κατοικῆσαι

2144 4156 2292 4211 λαόν.

2219 4270 2236 4301 ι
2271 4249 2414 4302 Διότι
2443 4247 2571 4312 λαὸς
2593 4247 2750 4316 ἅγιος
2778 4247 2838 4300 ὲν
2897 4247 3036 4301 Σιὼν
3059 4246 3294 4316 οἰκήσει,
3325 4244 3420 4297 καὶ
3457 4241 3728 4314 Ἰερουσα-

2145 4341 2258 4413 λὴμ
2295 4339 2560 4411 κλαυθμῷ
2583 4340 2686 4393 οὐκ
2729 4337 3014 4392 ἔκλαυσεν.
3058 4335 3308 4407 Ἐλέησόν
3359 4351 3461 4406 με·
3514 4334 3730 4405 ἐλεήσει

2147 4448 2228 4484 σε.
2255 4429 2366 4501 Τὴν
2391 4429 2574 4499 φωνὴν
2607 4426 2709 4497 τῆς
2757 4423 3007 4496 κραυγῆς
3046 4441 3139 4478 σου
3159 4423 3333 4495 ’ήνίκα
3399 4417 3559 4488 εἶδεν,
3627 4422 3730 4474 έπ-

2147 4519 2350 4593 ήκουσέ
2374 4535 2488 4572 σου.
2527 4536 2546 4569 ι
2600 4516 2758 4571 υῦτω
2778 4513 2888 4586 γὰρ
2916 4515 3160 4588 περιέχει
3183 4515 3217 4586 ή
3261 4513 3523 4585 Ἐϐραῖκὴ
3549 4512 3694 4579 λέξις
3711 4529 3727 4543 ’

469 4629 640 4684 quare
666 4615 1023 4687 Symmachus
1049 4615 1129 4672 sic
1152 4616 1338 4680 habet,
1380 4636 1400 4668 ι
1425 4615 1750 4680 Jerusalem,
1781 4612 1907 4668 ﬂetu
1943 4625 2034 4666 nor

2153 4610 2234 4664 διὸ
2279 4608 2420 4662 κατά
2457 4607 2551 4661 τὸν
2609 4604 2906 4676 Σύμμαχον
2968 4604 3216 4676 εἴρηται·
3276 4620 3297 4654 ι
3341 4598 3731 4673 Ἰερουσαλὴμ,

471 4707 664 4772 flebis;
692 4725 712 4760 ι
744 4707 1041 4764 Theodmio
1064 4709 1339 4774 similiter,
1365 4728 1383 4761 ι
1409 4709 1468 4762 In
1487 4704 1921 4764 Jerusalemﬂetu
1949 4720 2055 4759 non

471 4801 710 4857 ﬂebitur.
737 4817 758 4852 ι
801 4798 1080 4869 Siquidem
1141 4815 1248 4856 non
1297 4799 1459 4855 ﬂendi
1501 4809 1711 4869 tempus
1753 4797 1941 4852 aderat
1987 4795 2055 4851 iis

473 4893 567 4965 qui
595 4908 660 4948 ex
681 4891 1053 4948 misericordia
1074 4890 1166 4948 Dei
1181 4903 1466 4961 paternum
1490 4891 1663 4949 solum
1687 4888 2053 4961 repetierant;

474 4987 683 5058 quique
711 4999 772 5040 ea
796 4984 864 5041 de
881 4999 1043 5040 causa
1063 4984 1372 5056 gaudebant
1396 4993 1456 5041 et
1495 4983 1848 5048 laztabantur,
1880 4989 1942 5036 ut
1973 4979 2057 5036 di-

475 5081 701 5135 cituru
734 5077 1031 5133 Venientes
1075 5086 1259 5132 autem
1305 5079 1526 5134 venient
1569 5078 1622 5132 in
1671 5075 2051 5141 exsultatione,

477 5180 758 5244 portantes
784 5169 1086 5250 manipulos
1111 5184 1240 5226 suos
1265 5169 1332 5225 ³⁸.
1373 5189 1393 5224 ι
1426 5169 1658 5225 Sanctos
1707 5181 1869 5239 porro
1899 5175 2055 5220 vocat

477 5280 576 5320 eos
603 5266 697 5336 qui
763 5263 1084 5334 poenitentia
1130 5262 1476 5319 sanctitatem
1525 5261 1627 5316 sibi
1668 5268 2052 5331 procurarunt.

481 5357 911 5427 Hierosolymam
946 5371 1074 5412 vero
1110 5355 1326 5412 ﬂentem
1350 5354 1560 5411 inducit
1589 5355 1871 5425 propheta,
1912 5351 2054 5422 quod

483 5449 962 5504 commiseratione
998 5456 1176 5503 motus
1206 5445 1370 5502 talem
1411 5447 1557 5501 illam
1584 5459 1704 5500 esse
1737 5444 1839 5500 sibi
1874 5451 2056 5499 mente

481 5537 816 5595 formaverit.
856 5540 964 5596 Pro
1012 5539 1101 5595 illo
1139 5548 1340 5606 autem,
1396 5558 1415 5591 ι
1455 5539 1654 5595 Vocem
1695 5537 1945 5593 clamoris
1980 5535 2056 5592 tui

483 5632 700 5700 quando
724 5631 878 5698 vidit,
904 5633 1184 5689 exaudivit
1213 5641 1286 5697 te,
1321 5650 1342 5684 ι
1387 5630 1747 5702 Symmachus
1771 5629 1870 5693 ait,
1905 5647 1924 5680 ι
1953 5629 2056 5684 Vo-

487 5739 603 5778 cem
635 5724 891 5782 clamoris
919 5727 1019 5793 tui,
1047 5727 1187 5783 sicut
1227 5724 1472 5782 auditum
1498 5724 1686 5791 fuerit,
1722 5722 1906 5779 audiet
1932 5731 2001 5777 te.
2036 5744 2053 5775 ι

557 5902 600 5940 ³⁸
631 5899 776 5961 Psal.
803 5915 966 5970 cxxv,
990 5903 1045 5960 6.

2157 4699 2430 4772 κλαυθμὸν
2450 4699 2512 4753 ού
2537 4697 2792 4762 κλαύσεις
2811 4714 2824 4730 ·
2860 4716 2880 4749 ι
2905 4695 3108 4768 ὁμοίως
3125 4694 3183 4754 δὲ
3210 4695 3304 4748 καὶ
3325 4692 3467 4748 κατὰ
3487 4691 3580 4746 τὸν
3605 4689 3734 4744 Θεο-

2155 4795 2384 4849 δοτίωνα
2423 4791 2666 4863 εἴρηταιο
2716 4807 2736 4842 ι
2790 4789 2879 4842 Ἐν
2935 4785 3287 4859 Ἰερουσαλὴμ
3342 4782 3616 4854 κλαυθμὸς
3667 4781 3736 4834 οὐ

2156 4885 2579 4956 κλαυσθήσεται.
2605 4901 2624 4934 ι
2659 4881 2854 4936 Οὐκέτι
2877 4879 2986 4952 γάρ
3005 4875 3073 4951 ἦν
3108 4877 3298 4951 καιρὸς
3311 4871 3591 4945 κλαυθμοῦ
3620 4874 3734 4936 τοῖς

2154 4977 2244 5033 διὰ
2269 4978 2361 5034 τὸν
2384 4976 2529 5030 ἔλεον
2550 4974 2646 5028 τοῦ
2675 4972 2810 5028 Θεοῦ
2842 4972 3174 5030 ἀπολαϐοῦσι
3209 4969 3270 5023 τὺ
3311 4966 3562 5038 πατρῷον
3614 4964 3736 5018 ἐδα-

2157 5089 2276 5142 φος,
2307 5070 2399 5125 καί
2423 5069 2516 5122 ἐπὶ
2533 5067 2706 5138 τούτῳ
2721 5065 2972 5140 χαίρουσι
2997 5065 3092 5121 καὶ
3116 5061 3576 5133 εύφραινομένοις,
3593 5057 3737 5113 κατά

2156 5164 2219 5218 τὸ
2243 5161 2530 5235 εἰρημένον
2547 5177 2562 5191 ·
2587 5177 2606 5212 ι
2653 5158 2964 5231 Ἐρχόμενοι
2987 5157 3044 5214 δὲ
3064 5155 3280 5227 ἥξουσιν
3305 5145 3364 5207 ιν
3395 5151 3736 5222 ἀγαλλιάσει,

2162 5255 2406 5327 αἴροντες
2451 5253 2520 5308 τά
2550 5251 2844 5327 δράγματα
2903 5247 3104 5302 αὐτῶν.
3149 5265 3168 5299 ι
3212 5246 3426 5316 Ἀγίους
3471 5245 3528 5299 δὲ
3583 5244 3740 5300 καλεῖ

2161 5349 2290 5410 τοὺς
2311 5345 2400 5399 διά
2435 5344 2537 5416 τῆς
2573 5340 2859 5415 μετανοίας
2911 5341 3004 5394 τὸν
3051 5338 3318 5409 ἀγιασμδν
3361 5333 3738 5407 ἐφελκυσαμέ-

2164 5456 2309 5502 νους.
2348 5435 2654 5494 Κλαίουσαν
2685 5437 2742 5491 δὲ
2767 5436 2868 5507 τὴν
2910 5430 3264 5506 Ἰερουσαλὴμ
3288 5429 3496 5498 εἰσάγει
3524 5429 3553 5480 ὁ
3602 5442 3740 5497 προ-

2166 5533 2344 5602 φήτης
2368 5568 2383 5594 ,
2441 5528 2839 5601 προανατυπῶν
2891 5524 3061 5597 αὐτὴν
3122 5519 3378 5593 τοιαύτην
3426 5517 3567 5574 κατά
3615 5515 3742 5570 νοῦν

2166 5622 2358 5677 ἑαυτοῦ
2376 5624 2489 5686 τοῖς
2515 5621 2615 5692 τῆς
2639 5617 2980 5690 συμπαθείας
3012 5616 3354 5685 σπλάγχνοις.
3373 5611 3517 5666 Ἀντὶ
3537 5609 3594 5663 δὲ
3620 5605 3738 5663 τοῦ.

2168 5736 2185 5769 ι
2224 5715 2335 5789 Τὴν
2357 5715 2542 5787 φωνὴν
2564 5714 2665 5786 τῆς
2697 5710 2943 5786 κραυγῆς
2986 5727 3080 5764 σου
3113 5707 3275 5779 ἡνίκα
3301 5701 3438 5759 εἶδεν
3456 5743 3469 5769 ,
3498 5700 3736 5771 ἐπήκου-
