4118 6436
420 439 530 496 309
1338 430 1843 489 COMMENTARIA
1878 428 1944 484 IN
1984 426 2242 484 ιεΑιΑΜ.
2282 454 2349 469 .-
2386 426 2539 480 CAP.
2577 423 2746 479 xxx.
3561 398 3665 475 διο

425 558 488 613 σέ
530 574 647 622 σου,
688 575 707 606 ι
761 555 788 608 ὀ
811 552 1103 625 Σύμμαχός
1135 569 1288 622 φησι,
1334 570 1352 602 ι
1384 551 1497 621 Τὴν
1531 548 1712 619 φωνὴν
1738 547 1835 618 τῆς
1873 546 1995 615 βοῆς

2103 543 2291 599 Simile
2327 551 2509 597 autem
2543 540 2669 595 huic
2720 546 2803 592 est
2860 535 3046 600 illud,‘
3079 553 3099 588 ι
3130 534 3451 591 Secundum
3505 533 3665 587 fidem

426 668 547 715 σου,
576 646 761 711 καθὼς
789 647 855 701 ἂν
893 623 1175 715 -ἀκὸυσθῇ,
1212 642 1394 696 ἀκούει
1445 657 1562 693 σου.
1597 658 1615 690 ι
1670 638 1892 707 Ὅμοιον
1942 635 1995 688 δὲ

2103 646 2247 691 tuam
2296 634 2390 689 fiat
2429 633 2565 698 tibi,
2610 650 2631 684 ι
2687 630 2829 699 quod
2864 644 2895 683 a
2932 627 3213 682 Salvatore
3257 626 3364 680 dici
3395 623 3549 680 solet.
3604 624 3672 680 Et

424 741 619 812 τούτῳ,
654 759 672 790 ι
707 737 865 792 Κατὰ
889 737 986 807 τὴν
1008 734 1191 788 πίστιν
1234 750 1328 786 σου
1357 731 1641 803 γενηθήτω
1674 746 1775 792 σοι,
1818 746 1836 780 ι
1876 728 2000 779 εἰω-

427 834 544 886 θότι
570 830 822 898 λέγεσθαι
858 827 963 881 ὑπὸ
986 825 1079 879 τοῦ
1100 825 1368 894 Σωτῆρος.
1402 822 1514 875 Νῦν
1552 822 1647 892 μὲν
1668 820 1795 891 γὰρ,
1814 816 1997 889 φησὶν,

425 926 529 978 ούκ
556 923 805 986 ἔκλαυσε,
828 919 948 973 καθ’
975 919 1159 990 ἕτερον
1186 916 1244 969 δὲ
1265 914 1455 985 καιρὸν
1482 913 1637 966 τοῦτο
1666 913 1825 964 ποιεῖ.
1858 907 2001 979 Πλὴν

427 1019 458 1071 ὁ
488 1016 643 1084 λόγος
681 1014 934 1083 παραινεῖ
972 1011 1109 1080 αὐτῇ
1156 993 1290 1078 βοᾷν
1309 1008 1443 1079 πρὸς
1464 1006 1554 1059 τὸν
1581 1004 1712 1057 Θεὸν
1751 1004 1997 1056 πάντοτε.

436 1129 454 1159 ι
493 1108 635 1177 Πρὸς
659 1105 758 1175 τὴν
810 1104 992 1175 φωνήν
1034 1118 1150 1167 σου,
1204 1101 1398 1172 φησὶν,
1456 1093 1878 1169 ἀποκριθήσεταί
1922 1108 1999 1144 σοι

426 1203 457 1253 ὁ
482 1200 631 1263 Θεός.
663 1217 683 1250 ι
716 1222 723 1231 ·

502 1311 521 1342 ι
556 1290 666 1343 Καὶ
694 1289 855 1342 δώσει
883 1287 1086 1360 Κύριος
1116 1289 1243 1358 ύμῖν
1264 1286 1427 1357 ἄρτον
1456 1282 1705 1353 θλίψεως,
1736 1280 1826 1334 καὶ
1859 1277 2002 1348 ὕδωρ

430 1383 613 1437 στενόν
634 1397 647 1411 ’
674 1382 769 1435 καὶ
785 1380 967 1435 οὐκέτι
1003 1379 1078 1451 μὴ
1107 1377 1366 1447 ἐγγίσωσι
1394 1394 1475 1429 σοι
1495 1377 1543 1429 οἱ
1568 1371 1876 1435 πλανῶντες
1902 1388 1961 1423 σε
1985 1391 1997 1402 ·

427 1476 509 1528 ὅτι
540 1476 587 1527 οί
616 1473 879 1543 ὀφθαλμοί
910 1489 1003 1524 σου
1024 1471 1242 1541 ὄψονται
1261 1472 1386 1535 τοὺς
1413 1467 1725 1532 πλανῶντάς
1769 1482 1858 1517 σε·
1911 1466 2004 1518 καὶ

426 1565 494 1618 τὰ
522 1559 637 1618 ὦτά
666 1582 760 1618 σου
799 1562 1125 1617 ἀκούσονται
1155 1563 1280 1627 τοὺς
1339 1560 1529 1630 λόγους
1552 1559 1659 1612 τῶν
1719 1555 1893 1609 ὀπίσω
1943 1572 2002 1608 σε

429 1655 816 1724 πλανησάντων
840 1671 853 1684 ·
888 1656 937 1708 οἱ
964 1655 1239 1724 λέγοντες-
1264 1652 1412 1723 Αὕτη
1441 1650 1627 1723 ήόδὸς,
1653 1647 2003 1720 πορευθῶμεν

424 1747 483 1798 ὲν
515 1747 677 1818 αὐτῇ,
704 1746 814 1799 εἴτε
842 1745 1012 1810 δεξιά,
1047 1745 1155 1799 εἴτε
1190 1744 1471 1817 ἀριστερά.
1505 1762 1523 1795 ›
1546 1742 1795 1795 Διδάσκει
1822 1740 1880 1793 δὲ
1919 1738 2006 1793 διὰ

424 1839 651 1903 τούτων,
687 1839 762 1902 ὡς
784 1840 841 1892 ὲν
871 1840 968 1910 μὲν
988 1840 1053 1909 τῇ
1070 1838 1211 1908 ἀρχῇ
1242 1837 1344 1907 τῆς
1378 1836 1634 1890 ἐπανόδου
1662 1834 1861 1904 πολλῆς
1891 1832 2002 1885 θλι-

2103 743 2246 782 nunc
2267 727 2504 796 quidem,
2537 724 2634 790 ait,
2688 738 2795 777 non
2843 720 3013 786 ﬂevit,
3055 719 3154 773 sed
3197 717 3304 772 alio
3338 728 3581 787 tempore
3619 717 3671 770 id

2100 817 2393 889 praestabit.
2433 814 2704 877 Cancrum
2743 814 2833 869 hic
2858 820 3133 877 monetur,
3162 818 3222 865 ut
3240 810 3306 864 ad
3336 809 3503 864 Deum
3530 824 3673 864 sem-

2102 926 2200 982 per
2226 911 2442 966 clamet.
2490 927 2510 961 ι
2548 908 2629 963 Ad
2652 920 2837 964 vocem
2863 914 3033 973 tuam,
3068 903 3279 975 inquit,
3318 900 3669 971 respondebit

2102 1004 2195 1060 tibi
2222 1004 2382 1060 Deus.
2415 1022 2435 1056 ι

2177 1267 2339 1323 Vens.
2376 1268 2467 1334 20,
2495 1267 2585 1322 2i.
2633 1287 2650 1320 ι
2700 1268 2764 1323 Ει
2799 1268 2948 1323 dabit
2976 1268 3128 1322 vobis
3181 1267 3440 1323 Dominus
3481 1282 3673 1337 panem

2105 1360 2425 1426 afllietionis,
2452 1369 2506 1415 et
2531 1376 2723 1430 aquam
2748 1369 3033 1429 angustam
3055 1376 3068 1411 :
3088 1370 3141 1414 et
3180 1372 3516 1429 nequaquam
3535 1358 3675 1410 ultra

2105 1452 2610 1523 appropinquabunt
2640 1452 2733 1507 tibi
2758 1452 2871 1523 {qui
2911 1466 3094 1506 errare
3157 1450 3361 1506 faciunt
3411 1459 3501 1516 te,
3548 1450 3677 1519 quia

2104 1547 2243 1601 oculi
2290 1546 2362 1600 tui
2412 1545 2669 1601 videbunt
2706 1560 2832 1609 eos,
2872 1545 2966 1615 qui
3011 1560 3198 1598 errare
3235 1544 3438 1598 faciunt
3477 1552 3530 1597 te
3571 1558 3586 1594 :
3622 1550 3679 1596 et

2106 1655 2266 1696 aures
2294 1649 2397 1694 tua:
2444 1640 2664 1694 audient
2693 1641 2857 1693 verba
2898 1652 3084 1692 eorum
3143 1637 3235 1708 qui
3278 1644 3573 1691 retrorsum
3626 1643 3680 1688 te

2107 1746 2296 1787 errare
2325 1730 2573 1787 fecerunt
2604 1749 2617 1785 :
2650 1730 2745 1799 qui
2772 1730 2960 1785 dicunt
2995 1748 3007 1783 :
3048 1729 3170 1783 llaec
3197 1730 3307 1795 via,
3342 1728 3680 1784 ambulemus

2108 1823 2161 1879 in
2200 1839 2298 1889 ea,
2342 1824 2455 1879 sive
2490 1824 2559 1878 ad
2597 1824 2878 1887 dextram,
2921 1823 3034 1877 sive
3070 1822 3133 1875 ad
3180 1822 3482 1876 sinistram.
3518 1840 3537 1873 ι
3580 1819 3679 1875 Hie

421 1931 564 2000 ψεως
589 1929 851 2002 μετέσχον
871 1903 926 1981 οἱ
953 1903 1060 1981 an};
1365 1926 1627 1996 πολεμίας
1678 1903 1995 1978 ἐπανελθόν-

2103 1916 2281 1982 docet,
2323 1931 2417 1971 eos
2468 1916 2559 1987 qui
2614 1930 2680 1970 ex
2711 1916 2928 1971 inimica
2982 1925 3127 1970 terra
3168 1915 3369 1970 reversi
3429 1924 3591 1980 sunt,
3625 1914 3679 1968 in

421 2039 533 2087 τες,
569 2021 679 2074 τῶν
717 2018 1039 2090 περιχώρων
1081 2017 1367 2071 θλιϐόντων
1398 2016 1616 2080 αὐτοὺς,
1668 2016 1743 2079 ὡς
1796 2015 1890 2068 καὶ
1935 2013 1995 2066 τὸ

423 2110 582 2180 ἔργον
614 2111 862 2180 ἐπισχεῖν
896 2113 994 2179 τῆς
1032 2108 1316 2180 οἰκοδομῆς
1343 2109 1437 2162 τοῦ
1470 2109 1638 2181 ἱεροῦ.
1688 2109 1859 2164 Τοῦτο
1902 2105 1995 2163 οὖν

426 2205 519 2256 καὶ
551 2204 609 2255 ἐν
630 2204 697 2273 τῇ
732 2202 944 2273 ἱστορίᾳ
976 2203 1033 2253 ὲν
1056 2203 1122 2272 τῇ
1159 2200 1324 2272 βίϐλῳ
1367 2200 1463 2255 τοῦ
1497 2201 1702 2272 Ἔσδρα
1733 2202 1990 2255 διδάσκει.

431 2293 522 2347 Διὸ
550 2293 730 2346 οὐκέτι
759 2292 1086 2363 πλανήσουσί
1140 2308 1229 2344 σε·
1287 2292 1336 2343 εί
1397 2291 1506 2363 γάρ
1556 2294 1648 2345 καὶ
1688 2291 1996 2364 πειραθεῖεν

427 2385 585 2438 τοῦτο
626 2386 826 2456 πρᾶξαί
878 2401 1042 2448 τινες,
1074 2383 1188 2455 mi
1221 2383 1271 2438 οί
1327 2382 1593 2453 ὀφθαλμοί
1634 2402 1727 2437 σου
1778 2383 1996 2453 ὄψονται

430 2474 646 2538 αὐτούς.
691 2475 901 2537 Ἰδόντες
956 2473 1013 2526 δὲ
1061 2474 1259 2537 αὐτοὺς
1301 2474 1396 2526 καὶ
1428 2475 1752 2545 νοήσαντες,
1777 2477 1838 2529 οὐ
1863 2476 1996 2529 πλα-

428 2566 766 2637 νηθήσονται.
795 2566 903 2619 Kal
952 2566 1111 2621 πάλιν
1146 2566 1195 2617 εἰ
1225 2564 1531 2637 πειραθεῖεν
1568 2567 1777 2638 ἑτέροις
1815 2567 1994 2637 λόγοις

421 2661 718 2731 ἀπατηλοῖς
746 2658 1073 2730 διαστροφάς
1096 2659 1232 2731 πρὸς
1259 2660 1403 2730 ὑμᾶς
1436 2659 1637 2717 λαλεῖν.
1662 2660 1757 2714 καὶ
1793 2661 1996 2715 τούτων

421 2750 490 2804 τά
517 2752 735 2823 ῥήματα
762 2752 821 2805 οὐ
855 2747 1246 2823 παραδέξονται
1280 2750 1350 2804 τά
1384 2745 1499 2804 ὦτά
1526 2768 1652 2804 σου·
1702 2752 1803 2806 κᾶν
1849 2754 1993 2807 ἀπα-

420 2843 618 2907 τῶντες
642 2843 851 2913 λέγοιεν
869 2860 882 2873 ·
918 2863 936 2895 ι
961 2843 1106 2915 Αὕτη
1135 2843 1325 2915 ήὸδὸς,
1358 2842 1711 2916 πορευθῶμεν
1749 2846 1807 2898 ὲν
1834 2847 1993 2918 αὐτῇ,

419 2935 535 2989 εἴτε
562 2936 730 3001 δεξιὰ,
760 2937 871 2990 εἴτε
901 2936 1197 3008 ἀριστερά·
1241 2954 1260 2987 ι
1291 2936 1349 2988 οὐ
1376 2935 1645 3008 πεισθήσῃ
1669 2935 1779 3008 γάρ
1816 2939 1996 3003 αὐτοῖς

421 3028 835 3097 λέγουσι’ταῦτα
857 3047 872 3061 ’
906 3029 1020 3083 ἀλλ’
1055 3028 1441 3099 ὀδῷ-βασιλικῇ
1466 3030 1726 3101 πορεύσῃ,
1748 3032 1847 3103 τὴν
1897 3032 1993 3103 μέν

421 3137 523 3191 σην
557 3120 776 3188 ὁδεύων,
806 3120 898 3175 καὶ
927 3121 1001 3193 μὴ
1021 3121 1283 3175 ἐκκλίνων
1308 3121 1446 3193 μήτε
1473 3122 1552 3187 είς
1583 3122 1731 3187 δεξιά
1760 3125 1894 3196 μήτε
1918 3126 1995 3189 είς

419 3213 608 3284 ἀριστε
618 3214 703 3283 pa.

486 3323 506 3356 ι
535 3306 647 3359 Kal
686 3307 896 3377 μιανεῖς
924 3304 991 3358 τὰ
1018 3304 1208 3360 εἴδωλα
1234 3307 1304 3361 τὰ
1340 3309 1853 3381 περιηργυρωμένα,
1905 3310 1997 3363 xal

429 3397 942 3468 περικεχρυσωμένα
962 3396 1147 3473 ,λεπτά
1176 3399 1449 3469 ποιήσεις,
1482 3400 1576 3452 καὶ
1614 3400 1898 3471 λικμήσεις
1924 3401 1997 3466 ὼς

425 3485 565 3560 ὕδωρ
584 3487 1031 3559 ἀποκαθημένης,
1062 3488 1155 3543 καὶ
1184 3489 1259 3554 ὡς
1293 3492 1493 3563 κόπρον
1514 3492 1673 3557 ὥσεις
1694 3494 1997 3547 αύτά.Τότε

420 3579 574 3634 ἔσται
595 3583 624 3635 ὁ
654 3581 808 3645 ὑετὸς
836 3580 912 3652 τῷ
946 3582 1219 3653 σπέρματι
1238 3584 1339 3655 τῆς
1370 3584 1474 3655 γῆς
1503 3602 1618 3647 σου,
1653 3584 1747 3637 καὶ
1774 3585 1801 3636 ὁ
1833 3584 1996 3655 ἄρτος

420 3674 517 3728 τοῦ
548 3676 884 3748 γεννήματος
928 3674 1030 3745 τῆς
1062 3675 1167 3746 γῆς
1219 3693 1313 3730 σου
1363 3677 1514 3731 ἔσται
1560 3677 1844 3748 πλησμονὴ
1904 3677 1998 3735 καὶ

418 3767 665 3841 λιπαρός.
714 3787 733 3819 ι
770 3769 956 3821 Πάντα
993 3769 1073 3831 είς
1100 3769 1161 3822 σὲ
1206 3769 1627 3841 πληρωθήσεται
1676 3771 1734 3822 ὲν
1774 3768 1997 3840 εύθηνίᾳ

417 3859 611 3931 πολλῇ,
635 3860 729 3913 καὶ
760 3860 1038 3935 βαθυτάτῃ
1066 3864 1259 3934 εἰρήνῃ
1301 3861 1398 3932 τὴν
1441 3861 1586 3933 ζωὴν
1635 3859 1991 3916 διατελοῦντιο

416 3950 496 4014 ὼς
516 3951 610 4003 καὶ
638 3951 787 4021 παρά
814 3953 897 4004 σοὶ
925 3951 1059 4017 ζῶα,
1092 3955 1186 4007 καὶ
1209 3953 1441 4023 μάλιστα
1473 3955 1572 4024 τὴν
1600 3953 1782 4026 χώραν
1826 3971 1998 4026 γεωρ-

415 4038 621 4112 γοῦντα
642 4082 657 4107 ,
686 4043 1019 4113 πληροῦσθαι
1043 4046 1141 4115 τῆς
1168 4046 1349 4108 αὐτοῖς
1378 4045 1518 4099 κατὰ
1541 4047 1701 4114 φύσιν
1719 4047 1942 4118 τροφῆς.

498 4151 518 4183 ι
558 4133 668 4187 Kal
695 4133 1091 4205 βοσκηθήσεταί
1120 4152 1211 4188 σου
1243 4135 1310 4189 τά
1340 4137 1510 4208 κτήνη
1537 4139 1602 4208 τῇ
1640 4137 1821 4209 ἡμέρᾳ
1850 4138 1994 4191 ὲκεί-

417 4239 488 4297 νῃ
509 4225 671 4279 τόπον
698 4226 856 4279 πίονα
880 4227 972 4280 καὶ
994 4226 1321 4299 εὐρύχωρον.
1357 4229 1421 4281 Οἱ
1464 4228 1656 4300 ταῦροι
1688 4229 1842 4299 ὑμῶν
1904 4231 1997 4283 καὶ

414 4320 469 4372 οἱ
505 4318 625 4389 βόες
655 4320 705 4371 οἱ
725 4318 1079 4390 ἐργαζόμενοι
1101 4318 1197 4391 τὴν
1228 4320 1333 4391 γῆν
1361 4321 1625 4390 φάγονται
1650 4322 1829 4402 ἄχυρα
1867 4324 1998 4377 ἀνα-

418 4409 764 4481 πεποιημένα
788 4410 845 4461 ὲν
884 4408 1044 4480 κριθῇ
1091 4409 1486 4483 λελικμημένῃ.
1548 4411 1658 4465 Kal
1699 4411 1851 4464 ἔσται
1905 4413 1997 4467 ἐπὶ

417 4502 619 4564 παντὸς
661 4501 819 4573 ὅρους
848 4501 1054 4573 ὑψηλοῦ
1088 4504 1180 4556 καὶ
1210 4504 1304 4556 ἐπὶ
1335 4504 1534 4567 παντὸς
1577 4503 1763 4574 βουνοῦ
1794 4505 1996 4576 μετεώ-

2098 2008 2364 2078 principio
2404 2009 2608 2064 reditus
2632 2008 2828 2064 multas
2868 2023 3138 2063 mrumnas
3185 2017 3345 2073 atque
3396 2008 3677 2062 molestias

2098 2112 2127 2151 a
2156 2098 2401 2154 finitimis
2427 2100 2540 2154 suis
2570 2113 2689 2154 esse
2718 2114 3001 2170 perpessos
3022 2140 3038 2165 ,
3076 2100 3147 2153 ita
3187 2109 3246 2153 ut
3270 2099 3461 2169 templi
3507 2098 3675 2155 fabri-

2098 2205 2219 2245 cam
2249 2192 2585 2247 eohiberent.
2612 2191 2666 2247 Id
2694 2207 2824 2247 vero
2849 2192 2902 2246 in
2938 2193 3163 2247 historia
3190 2191 3311 2246 libri
3359 2191 3546 2247 Esdrae
3583 2194 3682 2247 de-

2100 2285 2356 2341 claratur.
2391 2285 2753 2351 Quamobrem
2791 2299 2896 2339 non
2931 2283 3069 2338 ultra
3111 2298 3300 2339 errare
3356 2293 3408 2338 te
3441 2283 3675 2351 facient;

2096 2379 2308 2434 etiamsi
2350 2380 2494 2435 enim
2546 2379 2763 2450 quidam
2810 2379 2862 2433 id
2911 2378 3264 2443 tentaverint,
3313 2387 3370 2432 at
3408 2379 3550 2433 oculi
3601 2380 3681 2434 tui

2097 2472 2357 2528 videbunt
2401 2472 2543 2527 illos.
2582 2472 2717 2527 Cum
2768 2487 2928 2541 porro
2974 2471 3195 2525 videant
3246 2481 3301 2525 et
3349 2471 3678 2542 intelligant,

2098 2581 2441 2638 nequaquam
2473 2566 2525 2619 in
2556 2581 2797 2621 errorem
2836 2564 3190 2619 deducentur.
3241 2562 3588 2634 Rursumque
3630 2565 3678 2620 si

2098 2663 2338 2719 subdolis
2390 2662 2779 2731 fallacibusque
2820 2658 2979 2715 dictis
3030 2669 3284 2725 perversa
3335 2654 3488 2709 vobis
3529 2654 3678 2724 loqui

2097 2764 2380 2820 conentur,
2413 2754 2607 2808 horum
2636 2754 2802 2808 verba
2852 2766 2957 2806 non
2995 2750 3272 2819 excipient
3312 2764 3475 2803 aures
3527 2757 3630 2803 tua:
3662 2766 3675 2802 :

2097 2846 2312 2901 etiamsi
2339 2846 2605 2901 fallaciter
2636 2846 2840 2910 dicant,
2885 2862 2904 2894 ι
2938 2843 3061 2899 llaec
3091 2843 3200 2907 via,
3233 2842 3576 2897 ambulemus
3619 2842 3674 2897 in

2097 2954 2186 3007 ea,
2204 2940 2318 2996 sive
2344 2940 2413 2995 ad
2435 2940 2703 3004 dextram,
2728 2938 2841 2994 sive
2865 2937 2931 2992 ad
2956 2935 3231 2992 sinistram
3259 2951 3273 2987 :
3302 2954 3320 2987 ι
3358 2934 3444 2988 his
3479 2934 3679 3004 quippe

2100 3031 2226 3087 talia
2256 3030 2633 3087 ell‘utientibus
2677 3047 2783 3085 non
2818 3029 3257 3100 obtemperabis;
3293 3028 3386 3084 sed
3430 3028 3482 3084 in
3530 3029 3675 3097 regia

2100 3126 2186 3179 via
2227 3124 2552 3191 ambulabis,
2599 3125 2832 3180 mediam
2893 3132 3122 3191 tenens,
3164 3137 3339 3192 neque
3397 3120 3677 3177 declinans

2023 3242 2066 3301 α
2101 3216 2167 3271 ad
2198 3216 2481 3271 dexteram
2518 3216 2603 3271 vel
2632 3218 2700 3272 ad
2730 3218 3030 3273 sinistram.

2169 3307 2334 3363 Vsus.
2359 3307 2551 3364 22-35.
2612 3327 2631 3361 ι
2670 3310 2738 3363 Ει
2783 3310 3179 3365 contaminabis
3218 3310 3357 3365 idola
3413 3310 3677 3381 deargen-

2103 3407 2239 3465 tata,
2271 3407 2327 3454 et
2365 3400 2627 3456 deaurata
2681 3402 3038 3467 comminues,
3082 3411 3137 3456 et
3195 3402 3474 3473 disperges
3536 3403 3678 3457 sicut

2099 3504 2294 3560 aquam
2336 3501 2706 3559 menstruataz,
2734 3503 2789 3548 et
2842 3494 2985 3548 sicut
3041 3502 3252 3549 stercus
3303 3495 3528 3564 abjieies
3586 3510 3674 3551 ea.

2100 3580 2251 3636 Tunc
2271 3582 2375 3637 erit
2412 3583 2593 3652 pluvia
2628 3584 2825 3638 semini
2855 3591 3013 3638 terra:
3046 3594 3174 3649 tuae,
3200 3593 3255 3639 et
3284 3585 3436 3653 panis
3459 3584 3675 3655 frugum

2102 3680 2261 3728 terra:
2294 3683 2399 3729 tua}
2447 3674 2554 3730 erit
2591 3674 2875 3728 abundans
2909 3682 2963 3730 et
2988 3675 3227 3746 pinguis.
3258 3694 3276 3726 ι
3311 3675 3503 3731 Omnia
3531 3678 3677 3747 apud

2102 3769 2155 3817 te
2199 3763 2356 3832 copia
2415 3779 2596 3820 rerum
2647 3764 3039 3833 implebuntur,
3092 3774 3149 3819 et
3208 3765 3472 3819 altissima
3544 3782 3677 3835 pace

2097 3854 2326 3924 frueris;
2360 3857 2433 3911 ita
2469 3856 2794 3912 utanimalia
2817 3865 2926 3921 tua,
2959 3859 3301 3927 maximeque
3330 3873 3393 3913 ea
3427 3874 3547 3929 quae
3581 3876 3677 3917 co-

2099 3947 2272 4003 lendis
2291 3950 2438 4020 agris
2469 3948 2588 4004 usui
2604 3957 2751 4015 sunt,
2766 3950 2963 4019 pabulo
2991 3957 3200 4005 natura:
3222 3965 3334 4017 sua:
3350 3953 3674 4022 congruenti

2098 4040 2395 4098 abundent.
2430 4060 2449 4095 ι

2178 4154 2196 4186 ι
2221 4133 2285 4189 Et
2308 4134 2851 4205 pascenturjumenta
2886 4143 2974 4189 tua
3005 4135 3059 4189 in
3089 4135 3175 4190 die
3204 4134 3293 4190 illa
3316 4135 3370 4190 in
3404 4136 3521 4193 loco
3548 4139 3672 4207 pin~

2095 4226 2183 4296 gui
2222 4236 2277 4283 et
2301 4228 2559 4298 spatioso.
2595 4227 2759 4283 Tauri
2791 4229 2958 4284 vestri
2995 4238 3050 4283 et
3089 4229 3279 4294 boves,
3319 4230 3411 4298 qui
3445 4245 3676 4300 operan-

2100 4327 2189 4373 tur
2229 4330 2455 4385 terram,
2507 4321 2791 4376 comedent
2852 4322 3038 4392 paleas
3084 4321 3409 4377 commixtas
3467 4322 3675 4380 hordeo

2097 4413 2381 4470 ventilato.
2404 4414 2471 4469 Et
2498 4413 2604 4469 erit
2641 4429 2803 4484 super
2840 4430 3054 4469 omnem
3098 4420 3338 4469 montem
3395 4416 3676 4474 excelsum

2098 4515 2155 4559 et
2176 4520 2336 4575 super
2374 4519 2591 4559 omnem
2621 4504 2814 4560 collem
2864 4506 3149 4561 sublimem
3188 4522 3327 4578 aqua
3373 4505 3672 4563 dec'urrens

421 4609 514 4661 pou
546 4590 690 4661 ὕδωρ
716 4590 1168 4662 διαπορευόμενον
1198 4593 1255 4645 ὲν
1281 4594 1347 4662 τῇ
1394 4592 1579 4665 ἡμέρᾳ
1616 4592 1821 4671 ἐκείνῃ,
1867 4594 1995 4648 ὅταν

2100 4595 2155 4650 in
2181 4594 2270 4651 die
2302 4595 2413 4662 illa,
2440 4611 2560 4649 cum
2601 4595 2865 4665 perierint
2886 4597 3061 4663 multi,
3085 4607 3141 4652 et
3187 4614 3309 4653 eum
3362 4598 3681 4669 ceciderint

415 4682 723 4735 ἀπόλωνται
783 4682 1006 4749 πολλοὶ,
1050 4683 1145 4737 καὶ
1198 4684 1329 4738 ὅταν
1378 4685 1586 4738 πέσωσι
1642 4686 1863 4757 πύργοι,
1902 4706 1920 4737 ι
1964 4686 1996 4757 ἦ

416 4774 559 4828 κατὰ
580 4774 672 4828 τὸν
693 4773 1006 4845 Σύμμαχον,
1031 4793 1048 4822 ι
1076 4776 1132 4827 ὲν
1148 4775 1332 4847 ἡμέρᾳ
1354 4778 1568 4847 σφαγῆς
1593 4778 1810 4849 πολλῆς,
1841 4779 1899 4831 ὲν
1921 4778 1998 4849 τῷ

417 4868 603 4919 πεσεῖν
634 4865 951 4937 μεγάλους.»
976 4866 1113 4919 Πότε
1141 4867 1196 4919 δὲ
1224 4866 1375 4921 ἔσται
1400 4870 1433 4938 ἡ
1470 4868 1636 4939 πολλὴ
1666 4869 1869 4940 σφαγὴ,
1904 4872 1997 4923 καὶ

416 4959 548 5012 πότε
578 4959 869 5013 πεσοῦνται
894 4959 946 5011 οἱ
976 4959 1223 5029 μεγάλοι,
1257 4960 1292 5031 ἢ
1338 4958 1478 5012 κατά
1504 4961 1595 5013 τὸν
1648 4962 1838 5033 καιρὸν
1895 4962 1992 5031 τῆς

417 5049 644 5102 καθόλου
674 5050 905 5121 κρίσεως
924 5049 1024 5119 τῆς
1044 5048 1181 5121 μετά
1209 5050 1308 5119 τὴν
1342 5051 1648 5104 συντέλειαν
1676 5052 1770 5105 τοῦ
1799 5053 1994 5116 αἰῶνος

414 5140 602 5194 τούτου
618 5141 989 5213 γεγενημένης
1006 5142 1141 5212 ('58);
1170 5141 1259 5194 Διὸ
1274 5140 1487 5213 εἴρηται
1507 5142 1647 5198 κατά
1671 5144 1797 5206 τοὺς
1810 5142 1991 5196 Ἑϐδο-

419 5233 683 5305 μήκοντα,
720 5252 739 5286 ι
773 5234 938 5288 Ὅταν
980 5234 1189 5287 πέσωσι
1216 5233 1433 5306 πύργοι,
1465 5236 1559 5288 καὶ
1597 5236 1724 5290 ὅταν
1748 5237 1990 5290 ἀπόλων-

414 5342 506 5379 ται
546 5324 746 5379 πολλοί.
781 5343 801 5376 ι
838 5324 1030 5378 Πολλοὶ
1072 5325 1181 5396 γὰρ
1239 5325 1360 5379 κατ’
1419 5326 1623 5379 ἐκεῖνον
1665 5327 1990 5382 ἀπολοῦνται

415 5414 507 5469 τὸν
534 5415 744 5487 χρόνον,
778 5414 837 5469 ὲν
880 5408 926 5483 ᾧ
969 5416 1063 5470 καὶ
1110 5414 1180 5468 τὰ
1224 5415 1607 5486 ἐπηγγελμένα
1655 5419 1766 5481 τοῖς
1821 5416 1990 5483 ἀξίοις

415 5507 828 5578 ἀποδοθήσεται.
897 5507 1159 5561 Ἐνταῦθα
1215 5507 1339 5561 οὔτε
1390 5507 1483 5560 τοῦ
1521 5507 1732 5580 Ἰσραὴλ
1785 5527 1991 5581 μνημο-

392 5593 580 5665 ἱνεύει,
602 5598 723 5652 οὐδὲ
750 5598 884 5663 ὅλως
915 5598 1025 5653 τῶν
1052 5600 1341 5665 Ἰουδαίων,
1363 5600 1499 5655 ἀλλὰ
1518 5601 1613 5654 τοῦ
1646 5600 1775 5654 λαοῦ
1806 5601 1989 5654 αὐτοῦ·

417 5691 493 5755 ὼς
526 5691 730 5755 πάντας
780 5692 906 5755 τοὺς
934 5692 1119 5758 ἀξίους
1159 5692 1518 5764 χρηματίζειν
1546 5693 1672 5749 λαὸν
1703 5693 1859 5762 Θεοῦ,
1894 5694 1992 5751 τῆς

416 5783 747 5853 ἐπαγγελίας
768 5782 1001 5849 ὲξαπλου
1009 5783 1196 5855 μένης.

490 5894 603 5969 ('58)
642 5895 806 5955 Forte
835 5895 938 5969 leg.
974 5899 1363 5972 γενησομένης.
1392 5900 1546 5956 EDI'I.

2103 4698 2303 4753 turres,
2344 4707 2364 4740 ι
2411 4688 2527 4742 sive
2562 4689 2859 4743 secundum
2929 4690 3355 4759 Symmachum,
3407 4711 3427 4744 ι
3489 4694 3547 4747 In
3586 4692 3683 4767 die,

2099 4780 2261 4835 caedis
2288 4777 2487 4844 multae,
2518 4794 2639 4832 cum
2660 4780 2857 4834 cadent
2878 4781 3080 4851 magni.
3116 4801 3135 4835 ι
3180 4782 3533 4851 Quandonam
3564 4799 3673 4840 ca:-

2098 4873 2194 4927 dcs
2229 4871 2395 4925 multa
2424 4871 2720 4940 continget,
2750 4882 2805 4928 et
2831 4875 3175 4942 quandonam
3213 4876 3391 4947 magni
3436 4877 3671 4941 cadent,

2096 4963 2198 5016 nisi
2234 4971 2473 5031 tempore
2508 4961 2831 5018 universalis
2855 4962 3065 5031 judioii,
3098 4964 3238 5034 quod
3273 4974 3393 5036 post
3415 4981 3682 5039 consum-ﬂ

2096 5053 2391 5107 mationem
2421 5053 2605 5109 saeculi
2634 5054 2793 5124 hujus
2825 5055 3106 5112 ferendum
3130 5058 3251 5111 est?
3275 5056 3453 5124 Quare
3482 5073 3687 5132 secun-_

2100 5145 2224 5197 dum
2246 5140 2387 5196 LXX
2408 5143 2734 5215 lnterpretcs
2758 5146 2976 5211 dicitur,
3016 5167 3035 5200 ι
3064 5164 3185 5202 cum
3229 5148 3426 5203 cadent
3468 5157 3668 5213 turres,

2097 5244 2151 5291 et
2193 5249 2314 5289 cum
2350 5236 2599 5305 peribunt
2655 5239 2829 5292 multi.
2870 5257 2888 5289 ι
2950 5239 3084 5294 Nam
3140 5255 3205 5295 eo
3236 5247 3476 5306 tempore
3509 5230 3685 5294 multi

2097 5328 2370 5400 peribunt,
2402 5344 2512 5398 quo
2545 5329 2634 5395 iis,
2659 5331 2749 5399 qui
2778 5330 2923 5401 digni
2964 5339 3142 5394 erunt,
3188 5328 3453 5398 promissa
3507 5331 3673 5384 retri-

2097 5422 2348 5478 buentur.
2386 5420 2486 5476 Hic
2528 5436 2690 5491 porro
2717 5437 2890 5493 neque
2933 5422 3186 5477 lsraclem
3233 5434 3405 5488 neque
3453 5418 3671 5477 Judaeos

2098 5523 2386 5579 memorat,
2416 5513 2510 5570 sed
2530 5514 2781 5584 populum
2814 5529 3007 5577 suum;
3038 5514 3111 5566 ita
3143 5521 3219 5577 ut,
3265 5510 3498 5580 expletis
3543 5530 3691 5599 pro-n

2091 5602 2463 5675 missionibus,
2505 5621 2697 5663 omnes
2724 5607 2817 5676 qui
2856 5604 3000 5676 digni
3033 5614 3227 5668 erunt,
3278 5604 3505 5674 populus
3572 5606 3687 5691 Deil

2092 5697 2463 5755 nominentur.
3687 5707 3698 5759 ι
