4118 6466
430 374 528 432 5U

1114 373 1383 432 susse"
1419 373 1898 432 casammsrs
1935 373 2080 431 οΡΡ.
2122 373 2301 431 PARS
2341 329 2437 430 ill.
2467 405 2538 416 —
2571 371 2979 432 EXEGETICA.

3575 377 3682 434 512

505 494 674 549 Vnus.
701 495 794 560 2'3,
829 493 918 548 27.
957 510 977 545 ι
1020 493 1086 548 Et
1105 495 1209 548 crit
1239 493 1326 548 lux
1353 493 1515 560 lunze,
1543 495 1697 564 quasi
1729 496 1815 550 lux
1846 497 2000 562 solis,

2175 515 2194 546 ι
2233 495 2342 549 Καὶ
2370 494 2522 548 ἔσται
2566 493 2628 548 τὸ
2660 495 2776 566 φῶς
2827 496 2927 568 τῆς
2955 494 3186 566 σελήνης
3217 494 3294 559 ὡς
3321 496 3382 550 τὸ
3423 495 3540 568 φῶς
3586 499 3680 553 τοῦ

430 595 489 642 et
503 586 593 641 lux
625 585 758 642 solis
783 586 886 640 erit
910 579 1338 656 septempliciter
1366 587 1420 640 in
1469 587 1580 652 die,
1605 602 1730 642 cum
1773 603 2002 643 sanave-

434 677 507 734 rit
533 674 796 733 Dominus
831 674 1217 731 contritionem
1263 675 1445 746 populi
1500 678 1618 743 sui,
1651 688 1709 735 et
1761 678 2002 734 dolorem

435 769 606 841 plagae
649 778 751 823 tum
778 767 1015 823 curabit.
1052 766 1188 822 Ecce
1220 782 1413 823 nomen
1452 767 1662 824 Domini
1709 769 1860 824 venit
1908 785 2006 840 per

437 860 663 916 multum
683 870 892 931 tempus
922 861 1154 915 :ardens
1180 860 1332 914 furor
1354 876 1475 916 cum
1502 861 1694 931 gloria.
1719 862 2003 933 Eloquium

439 953 705 1010 labiorum
730 952 868 1024 ejus,
892 951 1166 1023 eloquium
1192 953 1286 1008 ira:
1319 952 1561 1022 plenum,
1592 964 1649 1008 et
1696 954 1778 1010 ira
1805 953 2005 1009 furoris

436 1047 556 1116 ejus
605 1046 748 1102 sicut
799 1045 940 1116 ignis
992 1045 1240 1101 devorat.
1273 1064 1293 1098 ι
1358 1046 1464 1104 Pro
1513 1049 1658 1103 dicto
1688 1047 1804 1112 illo,
1845 1067 1864 1100 ι
1907 1064 2006 1120 per

434 1138 663 1194 multum
695 1149 930 1210 tempus,
970 1158 990 1193 ι
1030 1139 1224 1211 reliqui
1255 1141 1604 1209 interpretes,
1639 1158 1658 1192 ι
1694 1142 1760 1197 de
1786 1142 1998 1213 longe,»

432 1233 747 1289 ediderunt.
773 1231 1042 1290 Observes
1073 1248 1236 1304 porro
1265 1233 1446 1300 velim,
1488 1249 1592 1290 non
1623 1234 1796 1304 ipsum
1823 1234 2005 1290 Domi-

435 1340 565 1380 num
625 1333 912 1382 venturum
969 1325 1106 1396 dici,
1171 1327 1267 1382 sed
1327 1341 1524 1382 nomen
1587 1326 1843 1393 Domini,
1896 1343 2006 1399 quo

431 1418 682 1475 Christus
719 1417 1141 1488 subindicatur;
1177 1421 1243 1475 de
1297 1419 1388 1476 illo
1425 1419 1624 1491 quippe
1651 1419 1860 1474 dictum
1896 1429 2004 1489 est,

434 1530 453 1562 ι
496 1510 818 1566 Benedictus
844 1512 933 1577 qui
959 1510 1109 1565 venit
1131 1510 1184 1564 in
1210 1511 1429 1567 nomine
1460 1512 1696 1580 Domini,
1726 1513 1866 1570 Deus
1898 1512 2004 1572 Do-

430 1601 612 1660 minus
651 1610 708 1656 et
770 1599 944 1654 illuxit
979 1598 1135 1658 nobis
1155 1602 1222 1656 '9.
1263 1621 1282 1655 ι
1320 1602 1454 1658 Cum
1481 1606 1918 1671 veneritautem,
1943 1621 2007 1661 ac

431 1694 731 1749 secundum
761 1691 1171 1764 gloriosumque
1200 1695 1490 1752 adventum
1533 1711 1693 1753 suum
1743 1698 2008 1754 exhibue-

433 1786 528 1850 rit,
549 1786 953 1856 subsequentur
975 1785 1201 1842 ultrices
1235 1788 1486 1855 virtutes,
1515 1805 1613 1862 per
1641 1806 1775 1862 quas
1803 1793 2008 1864 suppli-

433 1882 518 1933 cia
550 1877 731 1949 impiis
760 1876 1090 1945 inferentur,
1119 1893 1253 1947 quas
1284 1879 1399 1936 hac
1440 1881 1725 1954 Scriptura
1761 1882 2004 1940 furorem

443 1969 690 2039 iramque
711 1979 873 2026 vocat
907 1986 923 2024 :
955 1969 1220 2038 siquidem
1245 1981 1368 2040 post
1394 1973 1656 2042 prolatam
1683 1977 2006 2033 sententiam

433 2060 702 2133 snpplicio
726 2061 904 2133 dignis
925 2061 1059 2116 ultio
1089 2059 1376 2120 inferetur.

498 2422 664 2479 Vens.
698 2421 787 2479 28.
826 2439 846 2476 ι
880 2421 946 2478 Et
982 2421 1209 2494 spiritus
1264 2419 1380 2490 ejus
1420 2421 1562 2477 sicut
1591 2435 1730 2492 aqua
1759 2419 1814 2475 in
1867 2419 2009 2476 valle

426 2516 674 2580 trahens,
723 2515 904 2571 veniet
961 2529 1135 2585 usque
1171 2514 1240 2570 ad
1271 2513 1505 2581 collum,
1538 2524 1594 2570 et
1643 2513 1938 2570 dividetur.
1984 2533 2004 2567 ι

429 2607 532 2666 llic
572 2609 803 2681 spiritus
837 2607 986 2664 ultor
1017 2606 1216 2662 multas
1252 2606 1308 2662 in
1355 2615 1541 2677 partes
1565 2606 1854 2673 dividetur,
1880 2607 2007 2677 quia

429 2703 662 2761 multum
693 2703 942 2760 estinter
974 2699 1283 2772 puniendos
1327 2698 1644 2756 discrimen.
1677 2715 1698 2751 ι
1733 2698 1805 2755 Ut
1828 2699 2008 2754 turbet

431 2807 622 2870 gentes
649 2809 812 2866 super
847 2809 1034 2851 errore
1078 2809 1252 2860 vano,
1280 2802 1335 2850 et
1371 2802 1728 2864 persequetur
1770 2808 1865 2847 eos
1920 2807 2010 2846 er-

433 2889 943 2960 ror,etcapieteos
979 2888 1034 2944 in
1079 2896 1373 2960 conspectu
1416 2901 1630 2944 eorum.
1677 2905 1696 2940 ι
1753 2885 1854 2941 Hic
1909 2885 2006 2941 Dei

429 2983 697 3054 inspectio
731 2981 800 3037 ad
847 2982 1031 3039 omnia
1057 2990 1282 3037 extensa
1329 2979 1676 3047 declaratur;
1726 2979 1854 3051 quia
1899 2995 2007 3037 non

430 3074 485 3128 in
518 3074 603 3130 his
637 3079 843 3129 tantum
886 3074 1154 3131 consistet
1188 3071 1267 3126 ira
1289 3115 1306 3141 ,
1358 3073 1453 3130 sed
1495 3081 1684 3146 gentes
1743 3072 2010 3144 pervadet

433 3167 587 3225 ultio.
615 3167 832 3223 Atenim
857 3176 1036 3222 utnon
1070 3173 1293 3236 possent
1321 3165 1603 3232 Israelita,
1653 3166 1753 3222 soli
1804 3180 1834 3218 a
1899 3166 2010 3220 Deo

431 3256 770 3329 reprehensi,
816 3257 1033 3322 dicere,
1066 3255 1233 3311 Deum
1282 3270 1380 3312 sua
1438 3265 1672 3321 tantum,
1723 3271 1828 3311 non
1881 3270 2009 3312 vero

2107 586 2277 658 ἡλίου,
2311 585 2405 640 καὶ
2423 586 2484 639 τὸ
2515 585 2630 656 φῶς
2653 585 2750 640 τοῦ
2782 586 2934 658 ἡλίου
2961 586 3114 640 ἔσται
3141 588 3508 644 ἐπταπλάσιον
3531 591 3589 644 ἐν
3615 595 3682 662 τῇ

2105 678 2308 750 ἡμέρᾳ,
2329 679 2458 732 ὅταν
2485 678 2701 750 ἰάσηται
2739 678 2947 750 Κύριος
2979 678 3042 733 τὸ
3077 679 3392 752 σύντριμμα
3425 681 3520 735 τοῦ
3549 682 3682 738 λαοῦ

2106 768 2293 835 αὐτοῦ,
2342 770 2434 824 καὶ
2488 771 2587 842 τὴν
2635 770 2828 842 ὀδύνην
2882 771 2982 843 τῆς
3039 772 3253 844 πληγῆς
3309 791 3401 828 σου
3452 777 3680 831 ἰάσεται.

2118 861 2248 914 Ἰδου
2273 860 2334 914 τὸ
2369 860 2541 932 ὄνομα
2569 861 2775 932 Κυρίου
2810 861 3027 935 ἔρχεται
3080 863 3170 918 διὰ
3222 864 3415 920 πολλοῦ
3467 868 3682 938 χρόνου,

2107 951 2394 1023 καιόμενος
2429 952 2600 1024 θυμὸς
2635 953 2771 1025 μετὰ
2799 954 2984 1027 δόξης.
3005 956 3080 1009 Τὸ
3121 957 3299 1026 λόγιον
3327 959 3436 1014 τῶν
3462 959 3684 1030 χειλέων

2107 1047 2290 1112 αὐτοῦ,
2321 1046 2501 1116 λόγιον
2525 1045 2698 1118 ὀργῆς
2730 1046 2956 1121 πλῆρες,
2985 1048 3080 1102 καὶ
3110 1050 3144 1121 ἡ
3191 1051 3326 1122 ὀργὴ
3358 1051 3448 1104 τοῦ
3509 1051 3682 1122 θυμοῦ

2107 1139 2272 1192 αὐτοῦ
2322 1139 2397 1204 ὡς
2446 1140 2558 1213 πῦρ
2617 1141 2811 1195 ἐδεται.
2847 1160 2867 1192 ›
2914 1133 3059 1195 Ἀντὶ
3081 1142 3140 1195 δὲ
3165 1142 3280 1207 τοῦ,
3309 1163 3326 1194 ι
3362 1143 3456 1215 διὰ
3487 1143 3686 1197 πολλοῦ

2108 1233 2357 1305 χρόνου,›
2394 1235 2444 1288 οἱ
2474 1234 2651 1290 λοιποὶ
2688 1236 3019 1308 ἑρμηνευταὶ
3047 1277 3063 1302 ,
3103 1255 3123 1288 ι
3153 1237 3442 1311 μακρόθεν,
3468 1258 3486 1291 ι
3536 1239 3689 1310 εξρή-

2106 1343 2253 1381 κασι.
2289 1327 2398 1381 Καὶ
2425 1329 2599 1400 τήρει,
2633 1329 2710 1392 ὼς
2732 1330 2832 1382 οὐκ
2868 1329 2933 1383 ἂν
2964 1330 3126 1384 αὐτόν
3163 1348 3296 1403 φησι
3335 1331 3427 1386 τὸν
3482 1332 3688 1405 Κύριον

2108 1421 2383 1493 ἔρχεσθαι,
2409 1423 2547 1476 ἀλλὰ
2569 1422 2630 1476 τὸ
2657 1422 2826 1495 ὄνομα
2863 1423 3092 1495 Κυρίου,
3138 1423 3228 1477 τὸν
3258 1425 3489 1496 Χριστὸν
3520 1427 3690 1480 αἰνιτ-

2106 1513 2355 1582 τόμενος,
2382 1515 2511 1586 περὶ
2540 1530 2602 1568 ου
2630 1515 2875 1586 εἴρηται·
2914 1533 2932 1567 ι
2967 1513 3344 1587 Εὐλογημένος
3385 1517 3413 1570 ό
3465 1518 3692 1588 ἐρχόμεο

2107 1621 2197 1669 νος
2217 1606 2275 1658 ἐν
2299 1604 2522 1676 ὀνόματι
2567 1605 2944 1678 Κυρίου,Θεὸς
3001 1606 3206 1678 Κύριος
3271 1608 3366 1661 καλ⁸
3425 1608 3692 1677 ἐπέφανεν

2107 1699 2258 1768 ἡμῖν.
2303 1717 2324 1750 ›
2375 1696 2700 1768 Ἑρχομένου
2733 1698 2789 1751 δὲ
2825 1698 2920 1753 καὶ
2951 1697 3049 1770 τὴν
3073 1698 3348 1770 δευτέραν
3397 1699 3564 1754 αὐτοῦ
3604 1700 3692 1755 ἕνα

2108 1787 2258 1854 δοξον
2278 1787 2582 1859 παρουσίαν
2613 1788 2960 1858 ποιουμένου,
2987 1786 3483 1859 ἐπακολουθήσουσι
3525 1806 3695 1859 τιμω-

2118 1879 2338 1949 ρητικαὶ
2369 1879 2660 1950 δυνάμεις.
2706 1879 2775 1934 δι’
2800 1873 2875 1934 ὧν
2903 1881 2958 1933 αί
3006 1879 3261 1946 κολάσεις
3291 1885 3402 1946 τοῖς
3441 1881 3696 1935 ἀσεϐέσιν

2109 1970 2530 2042 ὲπαχθήσονται,
2565 1970 2632 2035 ἃς
2657 1974 2692 2043 ἡ
2746 1970 2997 2044 παροῦσα
3025 1971 3216 2044 Γραφὴ
3249 1972 3417 2044 θυμὸν
3453 1973 3549 2026 καὶ
3605 1974 3698 2044 ὀρ-

2106 2063 2212 2136 γὴν
2237 2062 2494 2136 ὀνομάζει
2515 2081 2527 2093 ”
2561 2063 2868 2128 ἀκολούθως
2891 2063 3000 2134 γὰρ
3019 2065 3084 2135 τῇ
3112 2063 3206 2117 τοῦ
3239 2063 3398 2134 λόγου
3423 2063 3698 2133 ἀποφάσει

2105 2155 2175 2209 τὰ
2229 2157 2329 2229 τῆς
2381 2156 2552 2229 ὀργῆς
2613 2158 2727 2221 τοῖς
2793 2155 3285 2229 κολασθησομένοις
3341 2156 3700 2228 ἐπενεχθὴσε-

2108 2266 2219 2303 ται.

2184 2446 2202 2480 ι
2236 2429 2344 2482 Καὶ
2357 2429 2421 2482 τὸ
2440 2429 2658 2502 πνεῦμα
2681 2429 2868 2497 αὐτοῦ,
2886 2429 2964 2495 ὡς
2990 2429 3136 2502 ὕδωρ
3159 2430 3217 2484 ἐν
3237 2430 3483 2503 φάραγγι
3511 2427 3697 2502 σύρον,

2106 2517 2227 2591 ἡξει
2253 2518 2358 2584 ἕως
2384 2519 2478 2574 τοῦ
2510 2521 2806 2594 τραχήλου,
2827 2523 2920 2576 καὶ
2935 2521 3353 2594 διαιρεθήσεται.
3386 2541 3406 2576 ι
3426 2522 3538 2576 Kal
3568 2521 3702 2577 διαι-

2109 2609 2398 2683 ρεθήσεται
2413 2611 2473 2665 τὸ
2486 2611 2806 2668 κολαστικὸν
2819 2613 2978 2668 τοῦτο
2993 2613 3210 2684 πνεῦμα
3241 2615 3322 2676 είς
3337 2611 3538 2676 πολλάς
3562 2611 3702 2666 διαι-

2112 2701 2310 2773 ρέσεις,
2339 2701 2430 2756 διὰ
2451 2701 2512 2756 τὸ
2533 2702 2793 2775 πλείστην
2815 2699 2952 2758 εἶναι
2969 2701 3078 2757 τῶν
3097 2701 3473 2774 κολαζομένων
3504 2703 3694 2773 διαφο-

2111 2793 2232 2865 ράν.
2278 2812 2298 2846 ι
2326 2792 2432 2847 Τοῦ
2465 2795 2698 2867 ταράξαι
2733 2794 2860 2866 ἔθνη
2889 2795 2981 2848 ἐπὶ
3001 2795 3266 2868 πλανήσει
3323 2794 3550 2866 ματαίᾳ,
3605 2793 3699 2849 καὶ

2107 2884 2357 2952 διώξεται
2388 2887 2587 2952 αὐτοὺς
2610 2887 2895 2960 πλάνησις,
2928 2888 3024 2942 καὶ
3070 2887 3299 2958 λήψεται
3328 2887 3526 2952 αὐτοὺς
3555 2885 3698 2941 κατά

2109 2979 2400 3051 πρόσωπον
2424 2979 2624 3035 αὐτῶν.
2664 2999 2683 3031 ι
2723 2980 2834 3052 Τὴν
2863 2979 3006 3034 κατὰ
3038 2979 3254 3034 πάντων
3300 2978 3557 3034 θεοπτίαν
3606 2978 3700 3032 καὶ

2107 3072 2266 3127 τοῦτο
2284 3073 2575 3139 δείκνυσιν,
2602 3075 2685 3128 ὅτι
2706 3075 2807 3129 οὐκ
2833 3074 2940 3128 ἔσω
2974 3072 3180 3127 τούτων
3216 3074 3472 3145 στήσεται
3498 3071 3567 3126 τὰ
3597 3070 3699 3142 τῆς

2109 3164 2280 3236 ὀργῆς
2303 3182 2317 3195 ο
2348 3164 2740 3236 διαδήσεταιδὲ
2766 3166 2861 3220 καὶ
2882 3166 2962 3229 είς
2984 3165 3053 3219 τά
3075 3164 3201 3237 ἔθνη
3231 3167 3264 3237 ἡ
3294 3165 3550 3237 τιμωρία.
3580 3164 3698 3218 Ἵνα

2111 3256 2220 3329 γὰρ
2252 3257 2328 3329 μὴ
2355 3257 2450 3332 ἐξῇ
2488 3263 2600 3325 τοῖς
2641 3259 3034 3332 Ἰσραηλίταις,
3076 3261 3258 3333 μόνοις
3289 3259 3396 3314 ὐπὸ
3426 3258 3521 3314 τοῦ
3561 3257 3699 3313 Θεοῦ

433 3349 675 3419 gentium
730 3357 950 3420 peccata
990 3346 1201 3419 pnnire,
1235 3347 1547 3403 necessario
1588 3347 1886 3402 vindictam
1946 3347 2002 3402 in

2111 3349 2506 3422 ἐλεγχομένοις,
2525 3352 2706 3422 λέγειν
2732 3352 2928 3417 αὐτοὺς
2956 3353 3114 3424 μόνον
3145 3352 3236 3407 τὸν
3265 3351 3397 3406 Θεὸν
3449 3351 3544 3405 ἐπὶ⁹
3585 3351 3700 3414 τοῖς

429 3447 620 3509 gentes
646 3451 867 3510 quoque
889 3436 1244 3492 transituram
1273 3434 1551 3499 declarat,
1589 3444 1756 3506 atque
1796 3435 2005 3491 erroris

433 3527 690 3583 ultionem
721 3527 869 3598 ipsos
898 3527 1216 3581 invasuram
1235 3539 1356 3582 esse
1380 3523 1648 3594 praedicit.

2110 3442 2471 3515 ἁμαρτήμασι
2504 3445 3008 3518 τιμωρηθήσεσθαι,
3036 3445 3159 3516 οὐχὶ
3195 3446 3254 3499 δὲ
3291 3447 3386 3498 καὶ
3428 3444 3497 3498 τὰ
3544 3442 3695 3514 ἔθνη,

2112 3533 2428 3602 ἀναγκαίως
2451 3536 2545 3590 καὶ
2577 3535 2677 3606 τὴν
2709 3537 2804 3591 ἐπὶ
2834 3537 2902 3592 τά
2931 3535 3058 3608 ἔθνη
3083 3535 3433 3607 διαϐήσεσθαι
3453 3531 3698 3588 ἐκδικίαν

434 3581 670 3689 φάσκειν,
718 3581 827 3673 {at
844 3581 1252 3690 καταλήψεσθαι
1295 3581 1397 3689 τὴν
1448 3615 1514 3670 ἐκ
1568 3618 1669 3689 τῆς
1718 3581 2038 3690 πλανὴσεως

506 3798 669 3854 γης.
689 3796 882 3854 29-32.
904 3815 925 3851 ι
946 3794 1199 3867 Nunquid
1227 3809 1442 3867 semper
1462 3803 1675 3866 oportet
1700 3809 1796 3852 vos
1813 3795 2010 3868 laetari,

439 3903 496 3947 et
529 3905 744 3961 semper
773 3890 982 3962 ingredi
1006 3889 1060 3945 in
1083 3898 1270 3946 sancta
1317 3903 1461 3955 mea,
1499 3890 1653 3959 quasi
1685 3887 1822 3945 festa
1855 3890 2004 3946 cele-

431 3983 674 4048 brantes,
707 3985 861 4054 quasi
900 3983 1151 4040 laetantes
1185 3982 1396 4052 ingredi
1431 3997 1558 4038 cum
1593 3983 1723 4037 tibia
1756 3983 1824 4038 ad
1854 3998 2010 4038 mon-

435 4088 544 4130 tem
578 4075 816 4139 Domini,
855 4075 926 4130 ad
972 4073 1143 4130 Deum
1193 4073 1395 4130 lsrael?
1440 4073 1507 4129 Et
1556 4075 1804 4130 auditam
1849 4074 2012 4131 faciet

436 4168 700 4224 Dominus
761 4169 991 4240 gloriam
1028 4168 1179 4224 vocis
1227 4181 1362 4235 suae,
1401 4175 1457 4223 et
1505 4167 1743 4224 furorem
1794 4169 2008 4225 brachii

433 4261 542 4329 sui,
574 4269 636 4317 nt
663 4262 918 4319 ostendat
946 4276 1070 4317 cum
1097 4260 1282 4318 furore
1303 4257 1361 4317 'et
1387 4262 1467 4316 ira
1491 4270 1546 4315 et
1587 4261 1804 4316 ﬂamma
1840 4262 2008 4318 devo-

433 4366 613 4423 rante,
674 4355 986 4413 fulminabit
1017 4355 1390 4423 vehementer,
1448 4365 1502 4412 et
1555 4356 1696 4411 sicut
1748 4370 1886 4428 aqua
1956 4365 2012 4410 et

433 4447 666 4516 grando,
709 4463 829 4519 qua:
859 4449 912 4502 vi
955 4446 1206 4502 deorsum
1247 4445 1442 4502 fertur.
1490 4444 1595 4501 Per
1627 4459 1817 4501 vocem
1861 4445 2008 4500 enim

432 4539 650 4596 Domini
677 4541 1076 4610 superabuntur
1101 4537 1313 4608 Assyrii
1359 4537 1543 4610 plaga,
1584 4553 1690 4608 qua
1741 4538 2014 4608 percutiet

371 4633 388 4648 ”
431 4645 530 4686 eos
563 4648 579 4685 :
608 4641 663 4685 et
687 4632 794 4686 erit
822 4631 872 4688 ei
904 4631 957 4685 in
1001 4633 1260 4689 circuitu.
1302 4650 1323 4685 ι
1361 4629 1536 4700 Tunc,
1565 4633 1662 4700 ait,
1690 4632 1724 4686 ii
1761 4631 1854 4702 qui
1888 4646 2014 4702 per-

431 4723 715 4779 cutiebant
741 4732 796 4780 et
840 4722 1203 4779 verberabant
1235 4738 1352 4789 eos,
1388 4737 1579 4793 ptenas
1622 4722 1826 4779 dabunt
1856 4738 1872 4776 :
1903 4723 2012 4778 dae-

430 4825 624 4870 mones
648 4814 792 4870 enim
812 4814 1277 4872 circumsistentes
1297 4814 1419 4870 illos
1448 4814 1734 4887 suppliciis
1753 4813 2008 4870 efﬁcient.

431 4894 670 4972 Quinam
694 4918 826 4960 vero
869 4903 979 4961 sint
1012 4904 1088 4960 illi
1130 4919 1257 4960 mox
1305 4904 1483 4976 aperit
1530 4905 1750 4962 dicens:
1787 4925 1807 4959 ι
1855 4905 2012 4963 Unde

432 5005 556 5055 erat
589 4997 699 5053 illis
726 5011 852 5068 spes
878 4995 1086 5062 auxilii,
1118 4997 1170 5052 in
1203 5012 1310 5067 quo
1357 4997 1472 5068 ipse
1519 4997 1853 5053 conﬁdebat.
1905 4997 2010 5066 Ipsi

2179 3820 2198 3854 ι
2253 3801 2346 3875 Μὴ
2389 3801 2478 3857 διὰ
2531 3803 2731 3869 παντὸς
2780 3803 2861 3857 δεῖ
2910 3805 3054 3876 ὑμᾶς
3113 3800 3544 3874 εὐφραίνεσθαι,
3601 3799 3698 3855 καὶ

2112 3892 2532 3966 είσπορεύεσθαι
2560 3894 2640 3957 είς
2655 3895 2726 3947 τὰ
2750 3894 2880 3963 ἆγιά
2901 3913 3002 3966 μου
3025 3891 3336 3959 διαπαντὸς,
3357 3891 3489 3945 ὡσεὶ
3509 3890 3699 3964 ἑορτά-

2112 3979 2325 4048 ζοντας,
2361 3983 2494 4038 ὼσεὶ
2517 3984 2978 4057 εὐφραινομένους
3001 3983 3262 4038 εἰσελθεῖν
3297 3985 3414 4056 μετ’
3430 3981 3593 4036 αὐλοῦ
3619 3982 3700 4045 είς

2110 4071 2173 4126 τὸ
2228 4072 2355 4142 ὅρος
2400 4074 2607 4146 Κυρίου
2664 4076 2803 4147 πρὸς
2857 4075 2949 4130 τὸν
3001 4076 3133 4130 Θεὸν
3159 4073 3253 4130 τοῦ
3309 4072 3559 4147 Ἰσραὴλς
3589 4074 3700 4127 Καὶ

2112 4163 2384 4236 ἀκουστὴν
2417 4166 2633 4238 ποιήσει
2660 4167 2866 4240 Κύριος
2900 4169 3000 4242 τὴν
3039 4167 3196 4233 δόξαν
3248 4171 3346 4238 τῆς
3376 4166 3558 4236 φωνῆς
3602 4164 3702 4219 αὐ-

2110 4257 2228 4323 τοῦ,
2260 4259 2354 4312 καὶ
2385 4257 2478 4312 τὸν
2507 4257 2676 4331 θυμὸν
2706 4259 2801 4313 τοῦ
2826 4259 3109 4332 βραχίονος
3134 4256 3321 4318 αὐτοῦ,
3352 4256 3521 4324 δεῖξαι
3559 4255 3697 4327 μετά

2113 4351 2287 4422 θυμοῦ
2316 4353 2407 4406 καὶ
2438 4351 2610 4425 ὀργῆς
2654 4353 2748 4406 καὶ
2787 4352 2982 4422 φλογὸς
3029 4349 3442 4420 κατεσθιούσης,
3496 4366 3698 4421 κεραυ-

2112 4439 2273 4495 νώσει
2300 4439 2508 4511 βιαίως,
2533 4441 2626 4494 καὶ
2649 4441 2724 4503 ὡς
2751 4440 2896 4511 ὓδωρ
2929 4440 3024 4493 καὶ
3053 4438 3262 4510 χάλαζα
3289 4456 3603 4509 συγκαταιρε
3614 4456 3700 4511 ρο-

2117 4533 2253 4604 μένη
2279 4533 2390 4605 βίᾳ.
2423 4533 2521 4586 Διά
2548 4531 2655 4604 γὰρ
2687 4533 2787 4604 τῆς
2817 4534 3000 4602 φωνῆς
3050 4529 3255 4603 Κυρίου
3303 4530 3700 4603 ἡττηθήσονται

2128 4624 2399 4695 Ἀσσύριοι
2425 4627 2492 4697 τῇ
2526 4626 2730 4695 πληγῇ,
2827 4624 2892 4679 ἂν
2921 4624 3133 4696 πατάξῃ
3158 4622 3352 4688 αὐτούς
3377 4639 3390 4653 ·
3429 4623 3524 4677 καὶ
3545 4623 3699 4677 ἔσται

2115 4716 2264 4788 αὐτῷ
2286 4716 2566 4771 κυκλόθεν.
2600 4737 2619 4768 ι
2652 4715 2786 4770 Τότε
2813 4717 2899 4788 δὴ,
2936 4716 3120 4788 φησὶν,
3143 4717 3191 4770 οἱ
3226 4715 3476 4780 παίοντες
3501 4715 3700 4780 αὐτοὺς

2114 4811 2208 4863 καὶ
2231 4808 2524 4873 τύπτοντες
2554 4808 3070 4882 τιμωρηθήσονται·
3114 4809 3366 4880 δαίμονες
3411 4807 3543 4879 γάρ,
3600 4825 3699 4861 κυ-

2115 4902 2304 4956 κλόθεν
2361 4905 2558 4968 αὐτοὺς
2619 4904 3168 4976 περιστοιχησάμενοι
3199 4943 3214 4967 ,
3271 4901 3371 4967 τὰς
3427 4903 3699 4973 τιμωρίας

2114 4993 2395 5061 ἐπάξουσι.
2419 4996 2577 5060 Τίνες
2630 4995 2687 5050 δέ
2741 4997 2880 5050 εἰσιν
2934 4991 3081 5050 οὗτοι
3130 4995 3384 5064 διασαφεῖ
3436 4993 3694 5063 φάσκων·

426 5103 554 5146 cum
578 5089 850 5162 tympanis
873 5093 929 5144 et
956 5087 1169 5143 cithara
1214 5088 1550 5158 pugnabunt.
1589 5106 1609 5140 ι
1648 5085 1836 5157 lmpiis
1882 5102 2007 5157 spes

2117 5104 2136 5137 ι
2176 5082 2438 5159 ”Οθεν,ἦν
2470 5088 2651 5153 αὐτοῖς
2681 5090 2715 5160 ἡ
2775 5089 2931 5152 ἐλπὶς
2975 5088 3077 5157 τῆς
3128 5086 3380 5158 βοηθείας
3405 5125 3420 5150 ς
3478 5086 3561 5155 ἐφ’
3628 5079 3698 5158 ἦς

428 5184 622 5240 auxilii
649 5192 822 5240 erata
861 5182 966 5238 diis
993 5183 1128 5248 suis,
1173 5181 1508 5238 adversariis
1543 5196 1738 5250 nempe
1768 5189 2010 5252 potesta-

431 5279 599 5344 tibus,
633 5286 690 5334 et
724 5275 984 5346 malignis
1008 5275 1312 5346 spiritibus.
1351 5272 1447 5329 llis
1467 5274 1665 5344 quippe
1701 5274 1859 5344 quasi
1904 5273 2012 5327 diis

428 5373 803 5442 adhaerebant,
829 5387 896 5427 ac
918 5386 1068 5442 spem
1113 5369 1306 5425 auxilii
1353 5367 1407 5422 in
1445 5367 1512 5424 iis
1538 5367 1816 5438 locarant;
1853 5367 2011 5437 igno-

428 5463 797 5535 rantesipsos
825 5473 1062 5519 tortores
1097 5464 1203 5520 sibi
1237 5462 1470 5518 futuros.
1502 5457 1636 5514 Nam
1662 5458 1743 5514 ira
1773 5468 1829 5514 et
1860 5457 2013 5513 furor

427 5566 621 5613 eontra
648 5557 846 5626 impios
891 5556 1170 5613 immissus
1224 5571 1320 5625 per
1366 5552 1590 5623 angelos
1642 5551 1818 5608 malos
1868 5550 2012 5608 infe-

428 5653 649 5701 τουπ-,ι
684 5643 792 5714 Ipsi
841 5660 966 5701 cum
1010 5645 1284 5716 tympanis
1328 5653 1384 5702 et
1416 5643 1646 5718 cithara
1687 5641 2012 5714 pugnabunt

501 5854 548 5887 ’⁸
587 5851 735 5909 Psal.
772 5866 937 5920 cxvn,
971 5854 1171 5921 26,27.

2117 5177 2278 5243 αὐτὸς
2301 5179 2598 5234 ἐπεποίθει.
2631 5180 2797 5234 Αὐτοὶ
2822 5178 2961 5250 μετὰ
2982 5179 3279 5250 τυμπάνων
3320 5177 3416 5230 καὶ
3465 5175 3700 5247 κιθάρας

2117 5271 2571 5344 πολεμήσουσιν.»
2608 5273 2793 5338 Ἐλπὶς
2812 5276 2923 5336 τοῖς
2950 5272 3169 5326 ἀσεϐέσι
3202 5269 3452 5342 βοηθείας
3478 5266 3546 5342 ἦν
3590 5270 3700 5324 ἀπὸ

2116 5363 2226 5418 τῶν
2248 5363 2387 5419 θεῶν
2407 5365 2607 5432 αὐτῶν,
2634 5365 2742 5419 τῶν
2762 5362 3151 5435 ἀντικειμένων
3181 5361 3382 5435 δηλαδὴ
3396 5361 3699 5433 δυνάμεων,

2118 5455 2214 5509 καὶ
2244 5453 2354 5510 τῶν
2390 5454 2644 5528 πονηρῶν
2677 5448 3027 5524 πνευμάτων.
3063 5450 3290 5530 Τούτοις
3325 5449 3434 5522 γὰρ
3458 5450 3534 5513 ὼς
3559 5449 3700 5514 θεοῖς

2120 5550 2425 5620 προσεῖχον,
2456 5549 2551 5603 κα)⁵
2567 5547 2667 5620 τὴν
2691 5545 2880 5599 ἐλπίδα
2900 5544 3000 5615 τῆς
3019 5543 3271 5617 βοηθείας
3290 5545 3355 5596 ἐκ
3381 5541 3585 5596 τούτων
3602 5542 3700 5596 αὐ·-

2119 5642 2230 5706 τοῖς
2261 5640 2478 5697 ἔσεσθαι
2507 5638 2755 5713 ἤλπιζον,
2778 5638 2876 5693 οὐκ
2912 5636 3133 5703 εἰδότες,
3165 5636 3247 5691 ὅτι
3267 5630 3408 5690 οῦτοι
3438 5631 3698 5688 κολασταὶ
