4118 6386
267 402 367 460 διδ

1137 394 1643 453 COMMENTARIA
1680 394 1749 452 IN
1789 394 2044 451 ISAIAM.
2087 428 2152 437 —
2191 393 2346 453 CAP.
2382 390 2578 446 XXXI.

3399 399 3506 455 3M

270 516 442 574 αὐτῶν
465 513 700 568 ἔσονται.
744 512 811 567 Ἦ
842 511 951 583 γὰρ
975 510 1111 595 όργὴ
1140 513 1235 567 καὶ
1266 514 1295 566 ὁ
1341 512 1510 583 θυμὸς
1534 511 1676 566 κατά
1728 510 1815 564 τῶε

1940 519 2128 566 contra
2153 525 2278 564 eum
2316 523 2384 563 ex
2420 505 2878 571 commutatione;
2908 523 2926 558 ι
2970 515 3156 576 utpote
3186 509 3275 578 qui
3314 511 3508 570 alienis

270 606 475 664 ἀσεϐῶν
509 604 972 674 ἀποστελλόμενος
1017 604 1083 657 δι’
1133 602 1379 672 ἀγγέλων
1412 603 1700 672 γενήσεται
1745 618 1815 654 πο

1941 601 2099 655 malis
2142 602 2412 672 gaudeant
2442 614 2605 655 :nam
2633 612 2700 652 ex
2734 598 2926 653 amicis
2950 598 3155 653 inimici
3177 602 3432 657 evadent.

268 701 456 773 νηρῶν.
486 719 506 752 ι
538 700 702 753 Αὐτοὶ
736 699 873 771 μετά
907 698 1203 769 τυμπάνων
1242 700 1338 753 καὶ
1371 698 1597 769 κιθάρας
1625 697 2021 768 πολεμήσουσιν
2042 696 2204 750 αὐτὸν
2241 696 2305 749 ὲκ
2330 694 2629 765 μεταϐολῆς
2649 710 2663 723 '
2695 712 2716 745 ι
2750 692 2846 747 ἅτε
2874 694 3340 765 ὲπιχαιρεσίκακοί
3360 714 3506 763 τινες

266 802 440 865 ὄντες·
504 797 628 853 ἀντὶ
681 796 791 869 γὰρ
848 797 957 850 τῶν
1014 797 1185 866 φίλων
1232 796 1415 868 ἐχθροὶ
1463 795 1916 866 καταστήσονται.

327 939 346 972 ι
386 921 457 974 Σὺ
484 919 729 999 γάρέπρὸ
771 918 993 991 ἡμερῶν
1050 918 1424 992 ἀπαιτηθήσῃ.
1456 919 1549 990 Μὴ
1602 918 1698 971 καὶ
1748 918 1832 970 σοὶ

267 1010 559 1083 ήτοιμάσθη
593 1008 928 1078 βασιλεύειν;
971 1027 989 1059 ›
1027 1008 1213 1062 Ταῦτα
1232 1009 1310 1070 δὲ,
1347 1010 1500 1079 φησὶ,
1560 1008 1620 1061 σὲ
1677 1025 1833 1079 περι-

270 1102 426 1173 μένει,
444 1100 538 1154 τὸν
566 1101 1017 1172 πάλαιτρυφερὸν
1043 1102 1135 1153 καὶ
1155 1102 1519 1172 ὑπερήφανον
1546 1102 1594 1177 εί
1625 1099 1698 1172 μὴ
1725 1100 1833 1171 ἀρα

268 1191 449 1245 σαυτὸν
465 1190 694 1245 ἀπατῶν
717 1192 1022 1263 προσδοκᾷς
1053 1192 1133 1245 ὅτι
1152 1193 1247 1246 καὶ
1276 1193 1357 1245 σοὶ
1374 1192 1676 1262 βασιλεύειν
1690 1193 1832 1264 ήτοί-

270 1296 454 1351 μασται
479 1280 684 1353 δμοίως
707 1283 820 1343 τοῖς
852 1280 1043 1350 στενὴν
1072 1282 1165 1333 καὶ
1191 1280 1557 1353 τεθλιμμένην
1572 1282 1827 1335 ὁδεύσασι

264 1348 455 1442 τρίϐον,
487 1348 583 1423 καὶ
630 1372 864 1440 πτωχοῖς
895 1348 1151 1423 διάήΘεὸν
1185 1348 1495 1442 γενομένοις
1511 1348 1709 1425 ’ἕνεκεν
1743 1370 1827 1424 διο

267 1461 563 1533 καιοσύνης.
600 1463 739 1517 Πᾶσι
768 1463 876 1534 γὰρ
907 1464 1133 1527 ἐκείνοις
1158 1465 1481 1535 ἡτοίμασται
1507 1464 1823 1537 ήβασιλεία,

266 1555 369 1608 ἀλλ’
380 1556 437 1607 οὐ
460 1555 545 1608 σοὶ
560 1555 640 1626 τῷ
649 1556 748 1627 τὴν
762 1554 1019 1608 πλατεῖαν
1035 1556 1128 1609 καὶ
1144 1555 1453 1628 εὐρύχωρον
1463 1557 1582 1610 ὁδὸν
1598 1572 1825 1627 πορευο-

268 1647 420 1717 μένῳ.
451 1666 468 1698 ι
491 1646 749 1718 Φάραγγα
769 1646 1007 1716 βαθεῖαν,
1029 1646 1157 1712 ξύλα
1172 1648 1419 1720 κείμενα,
1440 1650 1548 1721 πῦρ
1569 1650 1661 1703 καὶ
1691 1649 1823 1716 ξύλα

265 1739 439 1793 πολλά.
482 1740 541 1792 Ὁ
571 1740 741 1809 θυμὸς
768 1739 972 1811 Κυρίου
1004 1739 1079 1803 ὡς
1103 1740 1320 1811 φάραγξ
1348 1742 1452 1795 ὑπὸ
1480 1742 1622 1795 θείου
1665 1760 1820 1796 καιο-

266 1830 433 1901 μένη..
454 1850 472 1882 ι
499 1831 651 1884 Θεῖον
677 1830 904 1901 καὶπῦρ
932 1832 1282 1885 ὑποκαίουσιν
1322 1834 1400 1896 εἰς
1430 1834 1529 1907 τὴν
1566 1833 1675 1887 τῶν
1724 1836 1820 1887 αύ-

2008 914 2173 969 Vsns.
2198 913 2288 967 5'5.
2326 930 2344 963 ι
2380 909 2460 965 Tu
2491 910 2636 965 enim
2668 919 2794 964 ante
2825 908 2939 965 dies
2967 910 3236 964 rationem
3277 910 3504 965 reddere

1934 1007 2166 1075 cogeris.
2200 1003 2470 1072 Numquid
2490 1003 2655 1057 etiam
2687 1001 2783 1056 tibi
2811 1011 3059 1071 paratum
3096 1013 3181 1057 est
3208 1004 3496 1077 regnare?»

1933 1097 2081 1163 Haec,
2116 1097 2310 1167 inquit,
2337 1106 2390 1149 te
2442 1095 2572 1149 olim
2616 1093 2980 1163 voluptarium
3003 1104 3058 1147 et
3081 1095 3380 1161 superbum
3413 1109 3505 1148 ex-

1933 1199 2185 1261 spectant
2216 1205 2230 1242 :
2264 1189 2366 1243 nisi
2407 1187 2641 1243 fortasse
2684 1186 2915 1255 teipsum
2949 1184 3249 1252 decipiens,
3310 1198 3503 1253 exspe-

1935 1294 2051 1339 ctas
2092 1281 2189 1336 tibi
2253 1294 2469 1351 quoque
2525 1287 2774 1350 paratum
2829 1293 3051 1349 regnum
3095 1291 3239 1342 esse,
3276 1277 3504 1345 perinde

1932 1384 2096 1442 atque
2133 1373 2219 1437 iis,
2257 1372 2350 1442 qui
2403 1370 2455 1426 in
2502 1378 2727 1440 angusta
2752 1377 2806 1423 et
2830 1378 2980 1423 arcta
3008 1368 3093 1422 via
3136 1366 3500 1429 incesserunt,

1931 1476 1986 1521 et
2037 1478 2303 1536 pauperes
2355 1472 2578 1534 propter
2626 1461 2795 1517 Deum
2856 1470 3186 1530 propterque
3232 1458 3500 1527 justitiam

1931 1556 2109 1613 θεοίειὶ
2139 1564 2286 1612 sunt.
2334 1554 2431 1609 His
2462 1554 2662 1624 quippe
2688 1551 2940 1607 omnibus
2994 1561 3239 1621 paratum
3276 1564 3501 1620 regnum

1929 1660 2032 1712 est,
2067 1664 2173 1704 non
2226 1647 2343 1709 tibi.
2380 1648 2473 1717 qui
2512 1648 2564 1701 in
2600 1646 2705 1699 lata
2744 1653 2806 1701 et-
2855 1645 3094 1715 spatiosa
3136 1644 3225 1698 via
3274 1640 3502 1698 incedis.

1933 1762 1953 1795 ι
1995 1742 2196 1798 Vallem
2226 1738 2574 1810 profundam,
2608 1738 2751 1808 ligna
2787 1736 3047 1807 iacentia,
3078 1735 3255 1806 ignem
3278 1743 3332 1789 et
3360 1734 3503 1804 ligna

1927 1833 2121 1889 multa.
2153 1832 2328 1888 Furor
2355 1830 2566 1886 Domini
2601 1828 2912 1886 sicutvallis
2936 1827 3193 1898 sulphure
3214 1840 3500 1881 accensa.)

260 1899 369 1975 τόθι
395 1899 939 1995 κατακριθησομένων
972 1925 1211 1979 κόλασιν.
1252 1899 1500 1980 Τοσαῦτα
1526 1926 1583 1979 δὲ
1613 1926 1701 1979 διὰ
1726 1926 1815 1997 μὲ-

1925 1926 2166 1996 Sulphur
2221 1934 2276 1981 et
2333 1924 2515 1994 ignem
2570 1921 2932 1988 succendunt,
2993 1920 3059 1974 ad
3133 1933 3344 1983 eorum,
3410 1917 3504 1987 qui

262 2027 353 2064 σου
383 2012 565 2076 είπὼν,
594 2014 965 2085 ἀναλαμϐάνει
992 2016 1091 2087 τὴν
1141 2017 1277 2089 πρὸς
1299 2020 1425 2082 τοὺς
1452 2017 1824 2088 καταφεύγονη

261 2118 354 2167 τας
384 2105 460 2169 είς
480 2105 747 2177 Αἴγυπτον
780 2109 1138 2179 προφητείαν.

753 2355 1150 2410 ΚΕΦΔΔΑΙΟΝ
1182 2355 1307 2409 AA'.

334 2483 354 2518 ι
379 2464 510 2519 υύαὶ
530 2467 579 2519 οί
602 2467 1011 2532 καταϐαίνοντες
1030 2468 1111 2531 είς
1137 2468 1409 2537 Αἴγυπτον
1430 2470 1523 2523 ἐπὶ
1546 2469 1817 2542 βοήθειαν,

255 2557 303 2609 oi
328 2556 412 2625 ἐφ’
446 2558 627 2625 ἵπποις
655 2560 968 2624 πεποιθότες
997 2562 1089 2614 καὶ
1116 2561 1200 2631 ἐφ’
1228 2562 1488 2633 ἅρμασιν.
1529 2562 1686 2614 Ἔστι
1712 2561 1820 2632 γάρ

255 2647 434 2715 πολλὰ,
461 2651 556 2704 καὶ
583 2651 668 2720 ἐφ’
701 2652 887 2717 ἵπποις
921 2654 1122 2725 πλῆθος
1149 2654 1373 2725 σφόδρα.
1410 2655 1520 2707 Καὶ
1551 2654 1651 2706 οὐκ
1678 2648 1819 2724 ἦσαν

254 2739 559 2804 πεποιθότες
591 2742 685 2795 ἐπὶ
719 2743 811 2798 τὸν
842 2740 1034 2813 Ἂγιον
1066 2742 1161 2797 τοῦ
1203 2744 1440 2815 Ἰσραὴλ,
1468 2745 1561 2798 καὶ
1586 2745 1678 2798 τὸν
1704 2744 1819 2797 Κύ-

258 2850 361 2903 ριον
386 2835 483 2889 οὐκ
507 2837 797 2908 ἐζήτησαν.
827 2839 935 2893 Καὶ
962 2838 1126 2903 αὐτὸς
1154 2838 1331 2909 σοφῶς
1352 2835 1488 2910 ἦγεν
1509 2839 1595 2891 ἐπ’
1620 2840 1819 2905 αὐτοὺς

257 2926 408 2991 κακά,
452 2929 546 2982 καὶ
583 2930 611 2982 ὁ
637 2928 794 2998 λόγος
828 2928 994 2983 αὐτοῦ
1039 2931 1100 2983 οὐ
1146 2930 1221 3001 μὴ
1261 2931 1522 3003 ἀθετηθῇ,
1586 2931 1682 2985 καὶ
1721 2932 1819 2985 ὲπ-

254 3020 597 3090 αναστήσεται
630 3022 715 3074 ἐπ’
748 3021 929 3085 οἴκους
954 3020 1256 3093 ἀνθρώπων
1300 3022 1579 3095 πονηρῶν,
1616 3025 1709 3077 καὶ
1726 3023 1818 3076 ἐπὶ

255 3109 339 3180 τήν
361 3111 551 3165 ἐλπίδα
577 3112 754 3168 αὐτῶν
784 3113 884 3185 τήν
925 3114 1180 3185 ματαίαν,
1208 3114 1501 3184 Αίγύπτιον
1531 3115 1817 3185 ἄνθρωπον

257 3203 336 3256 καὶ
362 3205 416 3256 οὐ
439 3203 598 3269 Θεὸν,
627 3205 809 3259 ἵππων
841 3206 1048 3278 σάρκας
1077 3209 1169 3260 καὶ
1200 3207 1301 3260 οὐκ
1329 3207 1445 3261 ἔστι
1478 3205 1718 3278 βοήθεια.
1758 3209 1816 3261 '0

1923 2020 2047 2075 istic
2082 2017 2611 2078 condemnabuntur,
2665 2012 3012 2084 supplicium.
3070 2012 3168 2069 llis
3210 2027 3376 2083 porro
3407 2011 3505 2065 ad-

1922 2112 2104 2167 ductis
2141 2111 2198 2166 in
2254 2110 2511 2176 medium,
2574 2106 2919 2178 pr0phetiam
2967 2119 3135 2175 super
3182 2105 3272 2171 iis,
3306 2104 3399 2176 qui
3446 2104 3503 2159 in

1921 2200 2217 2273 Algvptum
2244 2199 2651 2270 confugiebant,
2692 2197 2942 2253 resumit.

2483 2350 2713 2410 CAPUT
2746 2350 2941 2408 XXXI.

1991 2468 2153 2523 Vens.
2173 2467 2286 2521 1-5.
2324 2464 2447 2521 «ναι
2464 2464 2557 2535 qui
2576 2463 2912 2519 descendunt
2934 2461 2986 2516 in
3005 2460 3296 2531 Egyptum
3317 2460 3382 2512 ad
3400 2474 3503 2513 au—

1921 2561 2136 2623 silium,
2160 2560 2250 2629 qui
2305 2558 2585 2614 confidunt
2616 2556 2669 2611 in
2703 2555 2863 2625 equis
2893 2562 2947 2609 et
2978 2554 3031 2608 in
3058 2552 3327 2607 curribus.
3364 2550 3504 2605 Sunt

1920 2651 2060 2705 enim
2081 2649 2259 2713 multi,
2276 2659 2333 2703 et
2354 2650 2407 2703 in
2433 2647 2587 2717 equis
2606 2645 2890 2700 multitudo
2912 2643 3123 2714 ingens.
3154 2642 3218 2695 Et
3242 2657 3345 2696 non
3364 2656 3502 2695 con-

1920 2744 2001 2798 fisi
2018 2751 2145 2798 sunt
2161 2744 2212 2796 in
2228 2740 2431 2797 Sancto
2449 2738 2632 2807 Israel,
2651 2746 2707 2791 et
2722 2735 3006 2791 Dominum
3026 2750 3129 2788 non
3147 2733 3501 2803 quaesierunt.

1920 2837 1987 2892 Et
2015 2836 2129 2907 ipse
2151 2834 2427 2904 sapienter
2446 2831 2658 2887 induxit
2678 2845 2842 2900 super
2860 2844 2955 2884 eos
2996 2826 3159 2890 mala,
3195 2836 3251 2881 et
3278 2824 3502 2879 verbum

1919 2931 2035 2999 ejus
2049 2942 2156 2983 non
2178 2927 2554 2989 frustrabitur,
2578 2932 2635 2978 et
2657 2924 2905 2993 insurget
2937 2921 2992 2975 in
3016 2921 3204 2974 domos
3223 2919 3502 2973 hominum

1920 3022 2205 3084 malorum,
2241 3030 2294 3076 et
2331 3021 2383 3074 in
2407 3035 2555 3090 spem
2578 3032 2764 3073 eorum
2792 3032 3009 3082 vanam,
3050 3014 3365 3085 [Egyptium
3395 3013 3498 3068 ho-

1919 3114 2119 3167 minem
2168 3121 2222 3166 et
2251 3126 2356 3165 non
2418 3096 2624 3173 Deum;
2641 3123 2904 3181 equorum
2946 3123 3161 3174 carnes,
3190 3118 3245 3162 et
3285 3116 3505 3163 nonest

1920 3203 2206 3259 auxilium.
2238 3201 2503 3257 Dominus
2538 3210 2720 3256 autem
2756 3201 2973 3255 inducet
3013 3214 3229 3254 manum
3266 3214 3418 3254 suam
3443 3199 3500 3253 in

260 3293 309 3348 δὶ
340 3295 538 3368 Κύριος
568 3296 764 3365 ἐπάγει
803 3297 903 3368 τὴν
940 3302 1096 3370 χεῖρα
1139 3298 1304 3351 αὑτοῦ
1339 3301 1428 3352 ἐπ’
1456 3299 1671 3365 αὐτοὺς,
1717 3299 1811 3353 καὶ

1919 3310 2047 3371 θος..
2064 3303 2120 3351 et
2155 3294 2586 3363 laborabuntqui
2615 3293 2969 3358 auxiliantur,
3023 3301 3078 3346 et
3121 3289 3281 3345 simul
3307 3306 3501 3346 omnes

265 3384 587 3439 κοπιάσουσιν
646 3388 694 3440 οί
740 3386 1088 3457 βοηθοῦντες,
1143 3388 1237 3441 καλ⁸
1284 3387 1398 3458 ἃμα
1449 3389 1653 3452 πάντες
1707 3389 1812 3442 ἀπ-

262 3473 475 3531 ολοῦνται
521 3478 784 3549 μαχαίρᾳ.
826 3496 849 3531 ι
881 3479 1170 3549 Μέμφεται
1212 3479 1409 3543 αὐτοὺς
1438 3481 1467 3533 ὁ
1506 3479 1681 3548 λόγος,
1707 3480 1809 3544 ὅτι,

255 3567 317 3638 μή
337 3567 656 3633 πεποιθότες
685 3570 779 3624 ἐπὶ
804 3570 895 3623 τὸν
920 3570 1109 3641 ’Ἀγιον
1139 3570 1232 3625 τοῦ
1262 3570 1497 3642 Ἰσραὴλ,
1529 3573 1610 3637 είς
1647 3573 1814 3641 Δίγυ-

249 3661 414 3725 πτίους
440 3660 775 3731 κατέφυγον·
799 3662 879 3717 διὸ
905 3664 999 3717 καὶ
1021 3665 1422 3737 καταλήψεσθαι
1449 3665 1645 3730 αὐτοὺς
1674 3663 1710 3718 ἀ
1738 3665 1811 3735 μὴ

245 3754 638 3825 προσεδόκησαν
664 3757 811 3810 κακὰ
836 3756 923 3810 ἐπ’
949 3756 1117 3829 αὐτῆς
1140 3757 1242 3827 τῆς
1269 3758 1544 3828 Αἰγύπτου
1576 3756 1809 3810 ἀπειλεῖ.

242 3845 480 3901 Διδάσκει
507 3847 573 3901 δι’
596 3847 723 3918 ὅλης
748 3849 849 3919 τῆς
886 3850 1253 3921 προκειμένης
1300 3850 1541 3920 ἱστορίας
1577 3850 1605 3902 ὁ
1633 3848 1811 3917 λόγος,

238 3932 290 3983 ὲν
309 3937 424 3999 τοῖς
455 3936 667 4004 καιροῖς
697 3936 806 3988 τῶν
834 3935 1108 4006 διωγμῶν,
1138 3936 1193 3989 el’
1213 3954 1343 3991 ποτε
1374 3940 1609 4007 κρινεῖεν
1629 3939 1658 3991 ὁ
1679 3938 1812 4001 Θεὸς

235 4021 314 4074 τὸν
336 4022 472 4077 λαὸν
502 4022 688 4087 αὐτοῦ,
726 4024 759 4095 ἢ
800 4024 895 4076 καὶ
931 4026 1029 4095 τὴν
1068 4026 1395 4097 Ἐκκλησίαν
1420 4029 1584 4083 αὐτοῦ
1629 4046 1810 4101 παρα-

232 4110 405 4168 δοῦναι
451 4114 565 4176 τοῖς
595 4113 695 4184 τήν
738 4113 1045 4170 θεοσέϐειαν
1076 4118 1379 4185 ἐλαύνουσι,
1427 4119 1500 4192 μὴ
1540 4119 1648 4173 δεῖν
1681 4122 1811 4175 ἀνα-

232 4208 425 4277 χωρεῖν
462 4203 563 4275 τῆς
596 4205 780 4261 ἐνθέου
819 4208 1082 4275 πίστεως,
1126 4209 1261 4283 μηδὲ
1288 4214 1387 4283 τῆς
1421 4212 1513 4265 ἐπὶ
1550 4212 1645 4266 τὸν
1676 4212 1810 4267 Θεὸν

230 4296 611 4368 πεποιθήσεως
656 4300 1021 4369 ἀφίστασθαι,
1075 4303 1211 4375 μηδὲ
1263 4303 1662 4374 ἀπογινώσκειν
1711 4306 1809 4372 τὰς

228 4390 415 4445 τούτου
446 4392 762 4462 διαλλαγὰς,
788 4396 924 4467 μηδὲ
949 4396 1043 4451 ἐπὶ
1066 4398 1157 4451 τὸν
1177 4398 1545 4467 Αίγυπτιακὸν
1568 4399 1683 4469 βίον
1712 4400 1809 4452 αὐ-

227 4481 494 4552 τομολεῖν,
522 4483 666 4554 λέγω
690 4485 757 4557 δὴ
782 4486 873 4566 τὸν
896 4486 1004 4543 τῶν
1029 4488 1444 4561 είδωλολατρῶν.
1476 4490 1669 4544 Πολλοὶ
1697 4492 1805 4564 γάρ

1917 3385 2170 3455 peribunt
2204 3384 2403 3455 gladio.
2432 3401 2451 3436 ι
2490 3380 2641 3452 Ipsos
2663 3381 2928 3450 coarguit,
2952 3381 3079 3449 quia
3106 3379 3309 3436 Sancto
3332 3379 3501 3437 Israel

1921 3491 2028 3531 non
2069 3475 2317 3541 ﬁdentes,
2358 3473 2424 3528 ad
2449 3472 2735 3543 Egyptios
2757 3471 3125 3541 confugerunt
3159 3490 3173 3527 :
3231 3473 3501 3541 quamob~

1920 3569 2207 3639 remjipsos
2225 3568 2613 3635 inexspectatis
2638 3564 2795 3621 malis
2821 3566 2871 3619 in
2896 3564 3133 3636 ιλΕεγριο
3164 3566 3503 3621 invadendos

1919 3675 2040 3717 esse
2060 3659 2447 3714 comminatur.
2472 3658 2529 3713 ln
2550 3668 2660 3712 tota
2688 3658 2855 3728 igitur
2873 3660 3127 3726 praesenti
3152 3660 3376 3714 historia
3400 3659 3498 3713 do-

1915 3762 2042 3818 cet,
2072 3752 2121 3807 si
2151 3752 2369 3821 quando
2414 3750 2589 3805 visum
2628 3750 2739 3804 Deo
2772 3749 2959 3816 fuerit,
3012 3751 3267 3821 populum
3303 3765 3499 3816 suum,

1912 3846 2028 3901 sive
2052 3844 2351 3900 Ecclesiam
2391 3857 2567 3907 suam,
2612 3841 3008 3912 persecutionis
3061 3850 3304 3911 tempore
3350 3842 3499 3910 piam

1911 3936 2228 4006 religionem
2256 3934 2583 3989 vexantibus
2611 3934 2847 4002 tradere,
2885 3949 2915 3989 a
2963 3934 3144 3990 divina
3191 3934 3296 3989 fide
3346 3948 3500 3989 rece-

1917 4027 2154 4083 dendum
2180 4044 2287 4083 non
2307 4042 2452 4094 esse,
2482 4042 2658 4098 neque
2675 4027 3058 4083 abstinendum
3087 4043 3116 4080 a
3142 4026 3337 4083 fiducia
3368 4042 3498 4098 erga

1917 4120 2109 4187 Deum,
2159 4136 2262 4177 nec
2305 4122 2373 4177 de
2427 4120 2545 4191 eius
2592 4120 3041 4178 reconciliatione
3074 4122 3496 4192 desperandum,

1915 4229 2017 4273 nec
2048 4216 2430 4273 declinandum
2464 4216 2530 4271 ad
2569 4215 2950 4287 IEgyptiacam
2980 4214 3147 4267 vitam
3177 4252 3194 4278 ,
3242 4212 3499 4267 videlicet

1913 4310 1981 4361 ad
2002 4308 2410 4364 idololatrarum
2439 4309 2770 4365 institutum.
2796 4307 2947 4362 Multi
2972 4321 3208 4376 namque
3236 4306 3289 4361 in
3311 4304 3496 4377 hujus-

1916 4403 2059 4457 modi
2085 4403 2421 4473 temporibus
2452 4416 2481 4456 a
2506 4402 2612 4472 pia:
2645 4400 2923 4472 religionis
2949 4400 3195 4454 doctrina
3212 4398 3496 4455 disceden-

1916 4504 2017 4562 tes,
2039 4506 2190 4565 Spem
2218 4511 2371 4553 suam
2407 4496 2458 4550 in
2494 4494 2900 4550 idololatrarum
2920 4491 3121 4547 auxilio
3156 4492 3490 4546 locaverunt.

228 4572 283 4628 ὲν
306 4581 424 4642 τοῖς
451 4580 711 4645 τοιούτοις
737 4586 969 4653 καιροῖς,
1003 4585 1411 4657 ἀποστήσαντες
1477 4585 1572 4640 τοῦ
1636 4588 1736 4660 τῆς
1802 4588 2113 4655 θεοσεϐείας
2154 4592 2336 4663 λόγου,
2370 4590 2471 4654 τὰς
2513 4588 2734 4653 ἐλπίδας
2778 4590 3092 4660 ἀνήρτησαν
3132 4584 3342 4640 ἑαυτῶν
3395 4583 3495 4655 τῆς

226 4672 329 4725 τῶν
364 4672 770 4746 είδωλολατρῶν
804 4675 1074 4748 βοηθείας.

298 4812 317 4845 ι
363 4792 491 4845 Ὅτι
527 4791 700 4857 οὕτως
730 4788 851 4845 εἶπέ
894 4810 983 4864 μοι
1026 4793 1257 4866 Κύριος·
1300 4798 1397 4850 Ὃν
1433 4797 1633 4869 τρόπον
1679 4798 1805 4851 ὅταν

1982 4794 2150 4853 Vens.
2184 4794 2310 4850 4-7.
2348 4813 2366 4847 ι
2403 4792 2669 4861 Quoniam
2716 4792 2799 4849 sic
2848 4790 2985 4846 dixit
3026 4788 3158 4845 mihi
3190 4788 3489 4847 Dominus:

230 4880 391 4955 βοήσῃ
426 4884 457 4936 ὁ
499 4881 657 4946 λέων,
693 4882 726 4953 ἢ
765 4884 793 4935 ὁ
838 4883 1076 4954 σκύμνος
1120 4886 1214 4938 ἐπὶ
1244 4889 1310 4957 τῇ
1362 4886 1504 4959 θήρᾳ
1543 4882 1577 4960 ᾖ
1618 4887 1798 4951 ἔλαϐε,

228 4977 315 5029 καὶ
333 4973 584 5046 κεκράξῃ
613 4974 697 5027 ἐπ’
726 4973 896 5046 αὐτὴν
927 4974 1031 5039 ἕως
1070 4975 1134 5029 ἂν
1173 4977 1458 5050 ἐμπλησθῇ
1489 4977 1559 5031 τὰ
1580 4978 1680 5050 ὅρη
1704 4979 1803 5049 τῆς

229 5067 406 5139 φωνῆς
433 5065 622 5132 αὐτοῦ,
654 5067 748 5119 καὶ
773 5065 1106 5138 ἡττήθησαν,
1136 5068 1227 5121 καὶ
1254 5068 1316 5121 τὸ
1348 5068 1552 5139 πλῆθος
1583 5069 1677 5123 τοῦ
1711 5069 1803 5122 θυ-

227 5160 324 5229 μοῦ
351 5158 727 5229 ὲπτοήθησανο
754 5157 925 5223 οὕτως
953 5160 1321 5231 καταθήσεται
1347 5161 1550 5232 Κύριος
1576 5160 1800 5215 Σαϐαὼθ

226 5249 648 5324 ἐπιστρατεῦσαι
686 5251 779 5303 ἐπὶ
812 5250 875 5304 τὸ
912 5251 1038 5324 ὅρος
1081 5252 1239 5319 Σιὼν,
1286 5254 1378 5307 ἐπὶ
1406 5253 1475 5307 τὰ
1503 5254 1603 5327 ὅρη
1634 5256 1804 5326 αὐτῆς

226 5346 297 5409 ὡς
322 5347 488 5419 ὄρνεα
518 5347 823 5417 πετόμενα·
863 5345 1039 5411 οὕτως
1080 5348 1414 5419 ὑπερασπιεῖ
1450 5347 1673 5419 Κύριος,
1711 5352 1804 5404 καὶ

226 5440 508 5507 ὲξελεῖται,
542 5442 637 5494 καὶ
672 5443 1102 5513 περιποιήσεται,
1150 5443 1244 5496 καὶ
1284 5443 1469 5497 σώσει.
1512 5446 1804 5517 Ἐπιστρά-

227 5547 361 5602 φητε
380 5532 432 5584 oi
460 5531 560 5604 τήν
589 5531 809 5601 βαθεῖαν
840 5531 1032 5605 βουλὴν
1057 5534 1433 5606 βουλευόμενοι
1461 5537 1556 5589 καὶ
1582 5535 1800 5607 ἄνομον,

230 5624 331 5675 υἱοὶ
385 5623 633 5695 Ἰσραήλ·
670 5625 754 5677 ὅτι
785 5626 851 5694 τῇ
887 5625 1069 5698 ἡμέρᾳ
1097 5627 1279 5699 ἐκείνῃ
1328 5628 1803 5700 ἀπαρνηθήσονται

229 5715 276 5764 οἱ
311 5714 588 5787 ἅνθρωποι
621 5715 691 5769 τὰ
716 5717 1071 5789 χειροποίητα
1111 5720 1311 5784 αὐτῶν,
1347 5720 1416 5773 τὰ
1463 5722 1679 5794 ἀργυρᾶ
1705 5721 1798 5774 καὶ

229 5804 291 5859 τὰ
319 5808 515 5878 χρυσᾶ,
559 5806 596 5861 ἃ
636 5806 901 5878 ἐποίησαν
946 5810 1001 5862 αἱ
1047 5813 1225 5882 χεῖρες
1273 5812 1469 5867 αὐτῶν.
1515 5834 1533 5867 ι
1582 5813 1796 5880 Ἔξεστι

1912 4888 2381 4956 Quemadmodum
2410 4903 2534 4943 cum
2574 4885 2831 4943 clamabit
2874 4883 2982 4951 leo,
3022 4893 3115 4937 aut
3134 4883 3366 4951 catulus,
3394 4898 3491 4938 su-

1908 4994 2004 5050 per
2037 4980 2216 5049 praeda
2260 4994 2424 5051 quam
2478 4978 2640 5048 cepit,
2673 4988 2730 5033 et
2770 4976 3158 5033 vociferabitur
3188 4991 3353 5045 super
3399 4990 3488 5042 ea,

1910 5073 2085 5128 donec
2134 5072 2462 5142 impleantur
2486 5081 2700 5127 montes
2731 5085 2865 5125 voce
2895 5069 3035 5140 ejus,
3067 5080 3122 5125 et
3156 5068 3283 5124 victi
3328 5078 3487 5133 sunt,

1908 5177 1966 5223 et
2000 5166 2398 5223 vehementiam
2426 5167 2633 5222 furoris
2667 5166 2787 5237 ejus
2808 5179 3113 5237 expavere;
3149 5166 3228 5220 sic
3259 5166 3486 5220 descen-

1910 5258 2002 5313 det
2024 5258 2281 5313 Dominus
2311 5258 2575 5325 Sabaotb,
2612 5269 2670 5313 ut
2699 5259 2976 5330 przelietur
3008 5259 3059 5313 in
3095 5267 3275 5313 monte
3307 5256 3439 5313 Sion
3469 5295 3487 5321 ,

1910 5366 2070 5421 supra
2095 5359 2306 5407 montes
2332 5351 2471 5420 ejus,
2525 5353 2669 5407 sicut
2718 5368 2849 5407 aves
2876 5351 3154 5413 volantes;
3185 5350 3266 5404 sic
3304 5358 3488 5418 prote-

1911 5452 2000 5512 get
2028 5442 2309 5509 Dominus,
2333 5451 2387 5497 et
2408 5443 2626 5514 eripiet,
2660 5455 2714 5500 et
2740 5443 2961 5508 fovebit,
2987 5452 3042 5498 et
3068 5442 3326 5498 servabit.
3350 5442 3490 5496 Con-

1909 5536 2210 5600 vertimini,
2239 5537 2332 5606 qui
2360 5537 2690 5607 profundum
2717 5537 3001 5593 consilium
3023 5536 3267 5591 inieratis
3290 5545 3346 5590 et
3375 5536 3482 5589 ini-

1911 5645 2099 5699 quum,
2129 5629 2225 5683 lilii
2253 5629 2421 5686 Israel
2449 5648 2463 5683 :
2495 5630 2619 5699 quia
2655 5629 2711 5684 in
2745 5629 2834 5684 die
2869 5627 2958 5682 illa
3010 5626 3353 5696 abnegabunt
3382 5626 3483 5681 ho-

1908 5722 2081 5777 mincs
2113 5722 2254 5778 idola
2282 5737 2381 5777 sua
2427 5731 2687 5791 argentea
2713 5730 2768 5773 et
2828 5731 3017 5783 aurea,
3067 5731 3189 5787 quae
3238 5716 3484 5771 fecerunt

1908 5829 2103 5871 manus
2137 5829 2347 5871 eorum.
2374 5835 2394 5870 ι
2448 5815 2604 5872 Licet
2655 5811 2798 5867 enim
2856 5809 2989 5878 ipsis
3041 5811 3203 5866 etiam
3238 5822 3400 5876 nunc,
3434 5808 3481 5866 si
