4118 6436
513 420 620 476 515

1180 413 1447 471 EUSEBH
1483 415 1964 475 CESARIENSIS
1999 415 2148 474 OPP.
2189 415 2369 471 PARS
2405 413 2498 470 111.
2537 446 2610 456 -
2646 413 3058 471 EXEGETICA.

3649 414 3753 470 516

513 530 886 606 penitentiam
918 536 1102 601 agant,
1126 527 1179 583 in
1201 543 1355 584 suam
1382 529 1680 600 remigrare
1703 540 1926 597 terram,
1959 544 2082 586 cum

2193 529 2295 601 γὰρ
2321 531 2486 584 είσέτι
2518 531 2614 584 καὶ
2637 528 2731 584 νῦν
2761 531 3195 600 μετανοήσαντας
3217 529 3530 584 ἐπανελθεῖν
3556 531 3634 595 είς
3657 528 3758 604 τὴν

517 622 834 680 edidicerint
884 619 1066 690 qualia
1101 618 1244 676 Deus
1273 621 1416 675 circa
1449 636 1573 676 eam
1614 622 1889 692 pollicitus
1915 623 2006 679 sit.
2030 622 2086 677 ld

516 719 680 772 etiam
717 713 954 770 declarat
976 711 1203 767 historia
1238 730 1252 766 :
1284 727 1409 765 nam
1448 721 1570 781 post
1595 714 1827 768 reditum
1875 729 1939 769 ex
1991 712 2088 768 Ba-

514 807 729 878 bylone,
757 820 821 860 ac
844 805 1139 860 excitatum
1179 803 1356 857 denuo
1397 805 1650 873 templum
1681 805 1735 860 in
1765 804 2084 874 Jerusalem,

518 912 625 954 non
646 897 786 953 ultra
810 896 968 960 idolis
1001 896 1082 952 usi
1110 896 1283 953 fuisse
1319 898 1590 954 videntur.

589 1073 750 1130 Vsus.
776 1075 830 1130 8.
865 1094 884 1127 ‹
915 1075 979 1131 Et
1016 1076 1176 1132 cadet
1197 1079 1369 1134 Assur
1402 1094 1506 1134 non
1549 1080 1727 1148 gladio
1753 1082 1879 1151 viri,
1917 1097 2088 1152 neque

519 1166 732 1236 gladius
761 1169 862 1223 viri
890 1168 1172 1224 devorabit
1196 1184 1317 1224 eum
1347 1187 1362 1224 :
1395 1179 1450 1225 et
1490 1169 1682 1241 fugiet,
1719 1187 1825 1226 non
1858 1187 1888 1226 a
1945 1173 2087 1228 facie

517 1259 723 1330 gladii:
777 1260 1008 1329 juvenes
1061 1269 1240 1316 autem
1283 1262 1706 1331 superabuntur.
1743 1281 1764 1317 ι
1805 1262 2090 1335 Signiﬁcat

514 1361 698 1406 autem
757 1351 1164 1406 idololatrarum
1219 1354 1372 1423 regni
1424 1354 1717 1419 excidium,
1766 1357 2090 1425 ruinamque

513 1458 702 1498 eorum
733 1462 747 1498 :
780 1444 1004 1512 pristina
1039 1444 1127 1498 illa
1159 1446 1304 1515 regia
1355 1445 1642 1515 dignitate,
1667 1447 1826 1516 quasi
1876 1447 1945 1502 ab
1978 1450 2090 1502 alto

514 1535 776 1591 humilem
801 1535 854 1590 in
886 1536 1062 1592 locum
1103 1537 1332 1606 dejecta.
1364 1537 1416 1591 ld
1448 1547 1627 1592 autem
1659 1539 1764 1594 illis
1787 1540 2088 1610 continget,

513 1628 613 1694 ait,
645 1643 750 1683 non
780 1644 845 1683 ex
875 1630 1109 1684 humana
1151 1629 1448 1700 irruptione
1477 1649 1489 1685 :
1531 1630 1625 1685 sed
1658 1645 1722 1685 ex
1752 1631 1932 1685 divina
1955 1646 2087 1685 con-

514 1726 600 1771 tra
633 1716 755 1773 illos
793 1733 1022 1773 accensa
1051 1719 1152 1774 ira.
1190 1720 1416 1776 Etiamsi
1436 1721 1581 1776 enim
1608 1720 1857 1779 homines
1886 1722 2087 1778 excidii

516 1822 703 1864 eorum
739 1809 973 1864 ministri
1021 1826 1183 1880 quam
1229 1813 1464 1868 maxime
1501 1813 1786 1868 videantur
1833 1829 1988 1881 esse;
2034 1822 2091 1869 at

515 1900 633 1970 ipse
667 1900 807 1958 Deus
850 1911 970 1957 erat
1019 1872 1109 1971 qui
1160 1903 1438 1960 hominum
1481 1920 1644 1976 opera
1669 1905 1919 1974 {funditus
1970 1872 2090 1962 illos
2115 1872 2158 1930 ϐ

515 1995 735 2056 evertit.

586 2167 751 2225 Vatis.
780 2170 833 2225 9.
882 2187 903 2222 ι
951 2170 1113 2227 Petra
1165 2173 1310 2228 enim
1358 2175 1883 2242 circumdabuntur,
1934 2179 2087 2248 quasi

511 2258 674 2325 vallo,
710 2268 764 2316 et
791 2261 1101 2317 vincentur.
1141 2284 1160 2318 ι
1195 2265 1412 2321 Petram
1447 2277 1605 2323 vocat
1661 2269 1806 2325 illam
1833 2269 1961 2325 olim
1987 2271 2089 2326 As—

513 2350 787 2420 syriorum
826 2351 1160 2420 ﬁrmitatem,
1205 2357 1464 2428 regnique
1497 2361 1680 2425 robur,
1739 2362 1882 2431 quod
1915 2373 2091 2419 trans-

514 2439 716 2494 iturum
745 2455 868 2498 esse
890 2443 1043 2498 dicit.
1076 2463 1096 2497 ι
1117 2447 1219 2513 Qui
1245 2451 1644 2522 autem-fugiet,
1663 2454 1932 2522 capietur.
1964 2455 2089 2511 Haec

512 2531 648 2587 dicit
675 2532 934 2591 Dominus
964 2556 977 2591 :
1008 2536 1227 2605 Beatus,
1269 2543 1359 2610 qui
1393 2545 1554 2599 habet
1586 2545 1641 2600 in
1684 2546 1814 2602 Sion
1858 2561 2042 2604 semen
2069 2584 2110 2615 ,τ

512 2632 571 2678 et
599 2624 926 2683 domesticos
956 2629 1012 2684 in
1040 2629 1362 2689 Jerusalem.
1400 2654 1422 2688 ι
1444 2635 1538 2692 His
1563 2637 1689 2692 item
1716 2638 1969 2694 hortatur
1993 2655 2090 2696 eos

511 2715 607 2783 qui
657 2717 710 2772 in
770 2718 1063 2790 Egyptum
1096 2725 1470 2795 confugerant,
1504 2739 1562 2783 ut
1594 2745 1665 2786 ne
1697 2733 2014 2791 recederent
2057 2750 2090 2790 a

513 2805 634 2864 loco
674 2809 761 2864 ubi
784 2822 905 2868 erat
937 2813 1196 2884 templum
1223 2818 1316 2872 Dei
1343 2838 1359 2872 :
1394 2822 1490 2875 sed
1511 2823 1677 2877 etiam
1727 2823 1922 2881 beatos
1950 2842 2092 2897 prte-

512 2897 662 2953 dicat
686 2900 804 2966 eos,
841 2904 932 2974 qui
980 2919 1166 2962 semen
1205 2908 1256 2962 in
1289 2909 1421 2967 Sion
1457 2912 1692 2971 habituri
1729 2927 1882 2986 sunt,
1909 2921 2088 2977 etdo-

513 2992 775 3048 mesticos
802 2994 857 3049 in
904 2995 1243 3070 Jerusalem;
1294 3006 1552 3074 quoniam
1584 3008 1674 3064 illa
1709 3016 2088 3082 restauranda,

513 3090 571 3136 et
601 3084 883 3152 pristinam
915 3089 1140 3160 gloriam
1167 3109 1320 3150 suam
1372 3109 1756 3171 recuperatum
1801 3116 1923 3161 erat
1946 3149 1961 3174 ,
1993 3123 2089 3163 seu

511 3175 679 3230 etiam
707 3177 971 3248 majorem
1005 3183 1115 3249 illa,
1150 3202 1312 3256 quam
1347 3190 1498 3258 prius
1527 3203 1688 3249 nacta
1713 3194 1914 3253 fuerat.
1946 3201 2091 3266 Qua-
2115 3215 2158 3274 α

512 3277 737 3338 propter
759 3271 880 3326 aliis
913 3275 1212 3344 dicebatur,
1246 3299 1265 3333 ι
1297 3281 1364 3336 Et
1390 3285 1496 3339 erit
1523 3286 1691 3356 gloria
1715 3288 1909 3347 domus
1935 3293 2090 3349 istius

515 3359 812 3451 novissima
850 3379 1013 3434 super
1041 3368 1275 3437 priorem
1308 3373 1374 3427 '°.
1410 3393 1431 3428 ι
1462 3375 1619 3434 Scias
1657 3391 1897 3451 oportet,
1931 3357 2082 3451 illud,

521 3469 540 3502 ι
572 3450 782 3520 beatus,
814 3473 833 3507 ι
855 3471 886 3510 a
905 3458 1119 3514 nemine
1147 3460 1252 3517 alio
1275 3462 1631 3536 interpretum
1652 3450 1855 3528 dictum
1881 3450 2085 3532 fuisse:

512 3557 614 3613 pro
649 3543 739 3600 illo
767 3556 968 3614 autem,
1001 3569 1021 3602 ι
1055 3551 1156 3619 Qui
1192 3552 1352 3611 habet
1384 3557 1438 3612 in
1482 3559 1612 3618 Sion
1651 3577 1859 3632 semen,
1889 3578 1946 3623 et
1997 3569 2091 3625 do-

513 3637 773 3694 mesticos
806 3640 858 3694 in
885 3639 1203 3708 Jerusalem,
1231 3665 1250 3698 ι
1281 3647 1640 3717 Symmachus
1661 3655 1841 3722 habet,
1865 3676 1883 3709 ι
1911 3658 2088 3728 ignem

514 3728 570 3818 in
605 3727 734 3785 Sion
764 3742 818 3787 et
844 3733 1117 3790 clibanum
1151 3738 1205 3792 in
1236 3739 1572 3807 Jerusalem;
1604 3764 1624 3799 ι
1661 3748 1853 3818 Aquila
1883 3727 2014 3805 vero
2035 3761 2090 3807 et

515 3817 839 3912 't‘tieodotio,
878 3843 900 3878 ι
937 3823 1055 3882 Lux
1091 3828 1190 3898 ipsi
1225 3831 1276 3886 in
1325 3833 1482 3898 Sion,
1513 3846 1570 3892 et
1603 3817 1851 3897 clibanus
1885 3843 1985 3912 ipsi
2031 3845 2087 3900 in

514 3908 841 3970 Jerusalem.
873 3935 893 3968 ι
921 3919 1086 3984 Queis
1125 3922 1349 3978 docetur
1398 3929 1777 3987 universorum
1828 3908 1998 3990 Deum
2035 3946 2090 3993 et

518 4000 830 4098 Dominum,
861 4011 951 4078 qui
980 4011 1146 4075 hasce
1171 4025 1361 4071 contra
1383 4018 1642 4093 Assyrios
1680 4025 1855 4082 minas
1903 4038 2090 4098 protu-

518 4093 605 4160 lit,
654 4097 832 4167 ignem
866 4102 1066 4158 habere
1099 4103 1150 4158 in
1200 4104 1353 4175 Sion,
1384 4118 1440 4165 et
1467 4111 1737 4169 clibanum
1785 4117 1838 4172 in
1867 4093 2092 4176 Jerusa-

517 4185 661 4253 lem;
690 4199 748 4244 ut
771 4193 816 4248 si
834 4195 1051 4262 quando
1075 4197 1324 4266 voluerit,
1351 4201 1452 4258 hoc
1483 4204 1606 4274 igne
1629 4216 1684 4262 et
1711 4208 1925 4267 clibano
1949 4228 2092 4268 com-

515 4280 676 4336 burat
698 4291 754 4339 et
773 4297 1043 4357 excoquat
1064 4305 1157 4346 eos
1179 4292 1270 4360 qui
1293 4295 1677 4355 combustione
1702 4314 1837 4370 opus
1864 4302 2087 4360 habent.

516 4374 779 4440 Quocirca
807 4377 899 4434 Dei
932 4379 1021 4434 illa
1048 4382 1244 4442 civitas
1268 4387 1546 4457 despectui
1576 4389 1823 4447 habenda
1854 4411 1960 4451 non
1983 4409 2088 4454 est.

520 4462 646 4558 haec
683 4484 847 4538 porro
906 4472 972 4528 dc
1015 4473 1254 4530 Ecclesia
1309 4477 1440 4533 item
1469 4477 1593 4546 jure
1636 4483 1913 4551 dicantur,
1961 4489 2090 4558 quia

519 4554 635 4648 ipsa
663 4566 748 4612 est
777 4560 971 4618 civitas
1023 4563 1110 4620 illa
1162 4567 1258 4622 Dei
1313 4568 1571 4640 gloriosa,
1597 4575 1664 4628 de
1713 4589 1819 4644 qua
1849 4554 2049 4634 dicitur
2073 4620 2091 4648 ,
2125 4589 2170 4642 ι)

524 4663 546 4699 ι
581 4646 829 4706 Gloriosa
861 4653 1001 4708 dicta
1038 4667 1169 4712 sunt
1203 4659 1270 4716 de
1301 4670 1374 4728 te,
1417 4663 1613 4720 civitas
1667 4666 1762 4723 Dei
1812 4668 1880 4724 “.
1919 4688 1940 4723 ι
1997 4646 2095 4728 Est

520 4738 651 4834 item
687 4741 742 4796 in
797 4744 887 4799 illa
922 4746 1061 4816 ignis
1099 4757 1154 4805 et
1199 4751 1464 4822 clibanus,
1500 4771 1610 4828 quo
1660 4758 2094 4834 uniuscujusque

520 4832 716 4888 anima:
740 4835 906 4905 ligna,
942 4837 1124 4896 fenum
1155 4851 1208 4898 et
1233 4845 1488 4916 stipulam
1520 4849 1806 4908 comburat
1846 4863 1901 4909 et
1931 4832 2096 4912 absu-

520 4934 652 4980 mat.
682 4928 834 4995 Quod
859 4930 902 4985 si
927 4931 1161 5003 dicatur,
1193 4953 1213 4988 ι
1252 4936 1369 4993 Lux
1401 4939 1503 5010 ipsi
1537 4941 1591 4996 in
1634 4942 1789 5010 Sion,
1835 4955 1891 5000 et
1919 4945 2092 5003 cliba-

520 5034 623 5075 nus
655 5021 755 5091 ipsi
790 5022 841 5077 in
873 5022 1199 5095 Jerusalem,
1240 5047 1262 5083 ›
1305 5031 1483 5100 ignem
1518 5033 1885 5107 intelligamus
1931 5053 2094 5108 opor-

523 5122 622 5182 tet,
677 5126 896 5185 propter
924 5133 1018 5173 eos
1049 5133 1117 5174 ex
1146 5131 1313 5190 ccetu,
1347 5124 1436 5193 qui
1487 5124 1693 5181 lumine
1723 5137 1852 5183 sunt
1896 5128 2088 5201 digni;

520 5206 794 5262 clibanum
824 5219 1003 5266 autem
1037 5211 1090 5267 in
1119 5211 1445 5281 Jerusalem,
1477 5226 1696 5286 propter
1721 5233 1816 5275 eos
1833 5220 1922 5291 qui
1941 5235 2090 5278 eom-

520 5301 770 5360 bustione
799 5314 852 5360 et
883 5308 1205 5377 purgatione
1243 5324 1378 5380 opus
1410 5309 1631 5367 habent.

1063 5574 1294 5632 CAPUT
1326 5574 1542 5632 XXXII.

597 5660 759 5741 Vsus.
800 5666 933 5733 1,2.
964 5668 1144 5724 «Ecce
1181 5668 1326 5724 enim
1361 5683 1453 5724 rex
1505 5667 1684 5736 justus
1722 5669 1991 5740 regnabit,
2039 5678 2093 5726 ct

601 5858 648 5893 “
675 5863 807 5936 Agg.
844 5879 906 5933 Il,
947 5865 1032 5920 to.
1111 5867 1317 5926 "Psal.
1349 5867 1651 5934 ιυινιβ.

2189 622 2398 674 ἑαυτῶν
2429 622 2552 691 γῆν,
2595 621 2864 692 μαθόντας
2889 621 3048 673 ὁποῖα
3073 620 3401 690 ἐπήγγελται
3430 621 3557 693 περὶ
3589 619 3759 694 αὐτῆς

2187 715 2215 768 6
2256 714 2410 777 Θεός.
2443 714 2554 766 Καὶ
2581 713 2738 766 τοῦτο
2779 713 2836 766 δὲ
2882 713 3207 784 παρίστησιν
3247 714 3283 784 ἡ
3333 713 3573 784 ἱστορία·
3622 715 3760 784 μετά

2186 804 2296 875 γὰρ
2323 804 2384 857 τὸ
2408 803 2724 858 ἐπανελθεῖν
2755 805 2952 867 αὐτοὺς
2988 804 3097 858 ἀπὸ
3140 803 3476 867 Βαϐυλῶνος,
3535 804 3629 857 καὶ
3673 805 3748 857 ἀνι

2187 898 2398 966 εγεῖραι
2443 895 2692 967 δεύτερον
2738 895 2830 949 τὸν
2868 894 3350 967 ἐγἹεροσολύμοις
3389 895 3535 960 ναὸν,
3577 895 3760 948 οὐκέτι

2187 988 2469 1057 φαίνονται
2496 986 2734 1053 εἰδώλοις
2761 989 3110 1060 χρησάμενοι.

2264 1095 2284 1130 ι
2317 1078 2425 1132 Καὶ
2456 1080 2698 1131 πεσεῖται
2751 1077 2980 1146 ’Δσσοὺρ
3009 1078 3068 1131 ού
3107 1077 3351 1148 μαχαίρᾳ
3393 1075 3604 1147 ἀνδρὸς,
3636 1075 3761 1129 οὐδὲ

2191 1169 2435 1242 μάχαιρα
2458 1169 2742 1241 ἀνθρώπου
2772 1171 3148 1240 καταφάγεται
3175 1171 3355 1234 αὑτὸν,
3386 1169 3479 1224 καὶ
3507 1169 3764 1238 φεύξεται

2189 1260 2289 1313 οὐκ
2323 1257 2432 1312 ἀπὸ
2463 1258 2755 1331 προσώπου
2802 1260 3100 1332 μαχαίραςο
3135 1259 3185 1312 οί
3225 1259 3281 1312 δὲ
3314 1259 3587 1312 νεανίσκοι
3623 1257 3765 1310 ἐσον-

2189 1367 2278 1403 ται
2318 1350 2398 1412 είς
2445 1351 2684 1421 ἥττημα.
2733 1371 2751 1405 ι
2802 1352 3063 1423 Σημαίνει
3098 1350 3155 1403 δὲ
3191 1350 3289 1422 τὴν
3321 1348 3633 1420 καθαίρεσιν
3664 1350 3765 1420 τῆς

2188 1441 2296 1495 τῶν
2319 1441 2720 1513 είδωλολατρῶν
2751 1441 3048 1512 βασιλείας,
3075 1442 3170 1494 καὶ
3199 1440 3295 1512 τὴν
3323 1439 3532 1493 πτῶσιν
3565 1440 3762 1508 αὐτῶν,

2189 1531 2380 1605 ὥσπερ
2412 1535 2504 1604 ἀφ’
2534 1533 2700 1602 ὕψους
2731 1533 2822 1586 τοῦ
2851 1533 3119 1604 προτέρου
3152 1530 3429 1603 βασιλικοῦ
3461 1529 3768 1601 ἀξιώματος

2191 1628 2284 1681 ἐπὶ
2322 1627 2383 1680 τὸ
2419 1626 2672 1680 ταπεινὸν
2698 1627 3000 1698 φερομένου
3021 1642 3033 1656 ·
3067 1626 3162 1679 καὶ
3194 1623 3350 1677 τοῦτο
3375 1624 3576 1687 αὐτοῖς,
3609 1624 3769 1693 φησὶ,

2193 1717 2530 1789 συμϐήσεται
2563 1719 2664 1771 οὐκ
2693 1716 2754 1782 ἐξ
2793 1717 3144 1788 ἀνθρωπίνης
3191 1715 3402 1784 ἐφόδου,
3429 1713 3542 1768 ἀλλ’
3573 1716 3638 1767 ἐκ
3667 1714 3770 1784 τῆς

2189 1809 2284 1863 τοῦ
2307 1807 2456 1863 ’Θεοῦ
2493 1812 2612 1863 κατ’
2639 1809 2818 1864 αὐτῶν
2862 1809 3051 1880 ὀργῆς.
3084 1810 3148 1862 Εί
3175 1809 3282 1880 γὰρ
3313 1808 3406 1862 καὶ
3435 1807 3505 1861 τὰ
3535 1807 3773 1878 μάλιστα

2192 1902 2409 1956 ἐδόκουν
2451 1901 2728 1975 ἄνθρωποι
2767 1902 3038 1974 ὑπηρέται
3071 1902 3352 1971 γεγονέναι
3386 1902 3484 1971 τῆς
3512 1899 3770 1972 καθαιρέ·

2192 2010 2328 2057 σεως
2349 1993 2552 2058 αὐτῶν,
2576 1994 2689 2048 ἀλλ’
2716 1995 2876 2058 αὐτὸς
2900 1990 2968 2066 ἦν
2991 1996 3021 2049 6
3049 1993 3202 2059 Θεὸς,
3229 1994 3258 2045 6
3286 1992 3384 2047 διὰ
3420 1992 3530 2047 τῶν
3569 1990 3773 2064 ἀνθρὼ-

2191 2103 2309 2140 πων
2337 2086 2621 2158 καθαιρῶν
2648 2087 2866 2150 αὐτούς.

2265 2196 2285 2230 r
2345 2178 2530 2250 Πέτρᾳ
2571 2179 2681 2250 γὰρ
2730 2178 3224 2251 περιληφθήσονται
3267 2179 3344 2242 ὡς
3388 2179 3625 2251 χάρακι,
3675 2178 3772 2232 καὶ

2190 2270 2608 2341 ἡττηθήσονται.
2669 2289 2688 2323 ›
2748 2270 2962 2341 Πέτραν
3016 2270 3166 2338 λέγει
3215 2269 3309 2322 τοῦ
3373 2271 3656 2342 ’Δσσυρίου
3707 2269 3777 2325 τὸ

2190 2361 2357 2415 πάλαι
2389 2363 2615 2435 στερρὸν
2636 2364 2731 2416 καὶ
2756 2363 2973 2433 βέϐαιον
2997 2361 3090 2416 καὶ
3116 2361 3334 2435 ίσχυρὸν
3361 2363 3462 2434 τῆς
3494 2363 3773 2433 βασιλείας

2189 2449 2352 2503 αὑτοῦ
2382 2490 2398 2515 ,
2456 2453 2594 2523 ὅπερ
2658 2452 3086 2525 παρελεύσεσθαι
3134 2470 3300 2523 φησιν
3357 2454 3387 2507 ὁ
3433 2453 3616 2522 λόγος.
3649 2473 3668 2506 ι
3713 2455 3776 2510 ’θ

2189 2541 2247 2594 δὲ
2306 2541 2522 2612 φεύγων
2584 2543 2876 2600 ἁλώσεται.
2942 2544 3080 2598 Τάδε
3157 2544 3305 2613 λέγει
3359 2545 3564 2617 Κύριος
3591 2563 3606 2577 ο
3659 2546 3775 2601 Μαν-

2191 2633 2380 2706 κάριος
2427 2634 2486 2698 ὃς
2533 2634 2645 2706 ἔχει
2695 2637 2753 2689 ἐν
2806 2633 2945 2689 Σιὼν
2995 2635 3238 2708 σπέρμα,
3293 2637 3389 2690 καὶ⁸
3433 2636 3665 2700 οίκείους
3713 2636 3776 2690 έν

2202 2725 2578 2796 Ἰερουσαλήμ.
2635 2745 2654 2778 ι
2700 2727 2812 2780 Καὶ
2850 2727 2938 2780 διὰ
2969 2727 3160 2781 τούτου
3197 2728 3496 2799 προτρέπει
3523 2729 3651 2793 τοὺς
3693 2731 3776 2794 είς

2190 2815 2290 2889 τὴν
2331 2816 2605 2886 Αἴγυπτον
2635 2818 2984 2888 ὁρμήσαντας
3025 2819 3102 2889 μὴ
3147 2819 3451 2888 ἀναχωρεῖν
3478 2816 3575 2871 τοῦ
3604 2819 3776 2872 τόπου

2191 2907 2322 2962 ἔνθα
2351 2904 2419 2980 ἦν
2445 2910 2474 2961 6
2507 2906 2643 2970 νεὼς
2674 2907 2768 2960 τοῦ
2802 2908 2937 2962 Θεοῦ
2957 2926 2971 2940 ·
3007 2909 3143 2963 ἀλλὰ
3183 2909 3277 2963 καὶ
3322 2909 3616 2981 μακαρίζει
3647 2909 3776 2975 τοὺς

2189 3000 2408 3066 ἕξοντας
2457 3002 2515 3054 ἐν
2554 2999 2692 3054 Σιὼν
2743 3000 2987 3071 σπέρμα,
3041 3001 3136 3056 καὶ
3177 3004 3236 3056 ἐν
3291 3001 3648 3073 Ἰερουσαλὴμ
3691 3003 3774 3056 οί-

2192 3092 2391 3157 κείους,
2429 3091 2518 3145 διὰ
2557 3092 2618 3146 τὸ
2663 3092 2875 3164 μέλλειν
2907 3092 3080 3164 αὐτὴν
3123 3093 3501 3156 ἀνανεοῦσθαι.
3536 3094 3634 3148 καὶ
3673 3093 3776 3165 τὴν

2191 3184 2399 3237 οίκείαν
2440 3180 2600 3248 αὖθις
2629 3184 3039 3255 ἀπολαμϐάνειν
3069 3185 3246 3251 δόξαν,
3288 3185 3322 3256 ἢ
3358 3185 3450 3240 καὶ
3491 3185 3776 3257 κρείττονα

2194 3269 2262 3346 ἦς
2289 3271 2403 3346 εἶχε
2437 3275 2721 3347 πρότερον.
2755 3276 2850 3330 Διὸ
2883 3275 3100 3346 ἐλέγετο
3132 3277 3342 3349 ἑτέροις
3364 3294 3378 3307 ο
3417 3297 3438 3328 ι
3483 3278 3593 3332 Kal.
3621 3276 3778 3333 ἔσται

2195 3369 2228 3439 ἡ
2261 3368 2384 3436 δόξα
2417 3369 2510 3423 τοῦ
2555 3369 2705 3424 οῐκου
2749 3370 2941 3425 τούτου
2977 3373 3011 3442 ἡ
3059 3371 3264 3442 ἐσχάτη
3305 3371 3446 3442 ὑπὲρ
3488 3369 3589 3441 τὴν
3623 3369 3776 3442 πρώ-

2192 3477 2314 3532 την.
2373 3481 2392 3514 ι
2430 3462 2646 3516 Είδέναι
2695 3463 2754 3516 δὲ
2806 3463 2932 3535 χρὴ,
2963 3465 3046 3516 ὅτι
3078 3463 3140 3516 τὸ
3175 3463 3294 3534 μὲν,
3335 3481 3354 3513 ι
3410 3462 3700 3533 μακάριος,
3749 3481 3772 3514 ι

2194 3552 2367 3616 οὐδεὶς
2403 3552 2511 3605 τῶν
2540 3553 2899 3625 έρμηνευτῶν
2916 3555 3166 3625 αετρηκενο
3201 3554 3323 3608 ἀντὶ
3359 3553 3414 3606 δὲ
3448 3553 3571 3618 τοῦ,
3609 3571 3628 3604 ι
3678 3555 3776 3617 Ὃς

2195 3643 2308 3714 ἔχει
2328 3646 2385 3698 ἐν
2413 3643 2550 3698 Σιὼν
2584 3645 2809 3717 σπέρμα
2845 3636 2940 3698 aiat
2971 3645 3204 3708 οἰκείους
3229 3646 3288 3699 ἐν
3337 3643 3712 3715 Ἰερουσαλὴμ,
3748 3663 3769 3696 ι

2195 3735 2225 3786 6
2265 3735 2362 3805 μὲν
2405 3734 2698 3806 Σύμμαχος
2727 3735 2862 3805 ἔχει,
2903 3753 2922 3786 ι
2961 3733 3072 3806 πῦρ
3109 3737 3168 3788 ἐν
3200 3733 3360 3798 Σιὼν,
3394 3734 3489 3787 καὶ
3519 3732 3780 3788 κλίϐανον

2196 3828 2254 3880 ἐν
2299 3826 2682 3898 Ἰερουσαλήμο
2719 3847 2738 3879 ι
2780 3828 2808 3880 6
2848 3825 3077 3890 Ἀκύλας
3121 3827 3214 3879 καὶ
3252 3825 3562 3890 Θεοδοτίων,
3601 3844 3620 3876 ι
3656 3824 3780 3889 Φῶς

2200 3919 2350 3990 αύτῷ
2381 3922 2438 3972 ὲν
2473 3918 2612 3971 Σιὼν
2647 3919 2738 3972 καὶ
2769 3919 3019 3982 κλίϐανος
3049 3917 3199 3989 αὐτῷ
3237 3919 3296 3971 ἐν
3341 3916 3722 3990 Ἰερουσαλὴμ,
3754 3934 3777 3969 ι

2196 4010 2450 4082 είρήκασι
2471 4027 2483 4040 ·
2537 4009 2876 4076 διδάσκοντος
2907 4010 3002 4064 τοῦ
3053 4011 3234 4080 λόγου,
3279 4011 3362 4064 ὅτι
3406 4012 3436 4064 6
3482 4010 3592 4063 τῶν
3639 4011 3780 4064 ὅλων

2196 4103 2328 4167 Θεὸς
2358 4105 2454 4158 καὶ
2485 4105 2720 4177 Κύριος,
2751 4107 2780 4159 6
2813 4107 2953 4160 κατὰ
2988 4106 3095 4160 τῶν
3141 4105 3440 4176 ’Δσσυρίων
3479 4105 3782 4178 ἀπειλήσας

2195 4196 2267 4251 τὰ
2290 4197 2582 4268 λεγόμενα,
2616 4197 2730 4268 ἔχει
2756 4198 2866 4270 πῦρ
2893 4199 2952 4251 ἐν
2981 4198 3142 4262 Σιὼν,
3173 4199 3266 4251 καὶ
3294 4196 3545 4251 κλίϐανον
3573 4198 3634 4251 ἐν
3685 4199 3782 4251 Ἰε-

2199 4287 2511 4360 ρουσαλήμο
2547 4288 2626 4342 ἵν’
2657 4289 2745 4342 ὅτε
2782 4288 3059 4359 βούληται,
3093 4288 3172 4359 τῷ
3204 4289 3337 4359 πυρὶ
3362 4287 3536 4358 τούτῳ
3574 4287 3669 4341 καὶ
3700 4288 3781 4360 τῷ

2198 4379 2436 4451 κλιϐάνῳ
2484 4379 2807 4452 κατακαύσῃ
2853 4379 2947 4432 καὶ
2998 4381 3318 4453 κατοπτήσῃ
3367 4381 3494 4445 τοὺς
3533 4380 3781 4447 καύσεως

2195 4471 2500 4542 δεομένους.
2552 4471 2645 4524 Διὸ
2681 4471 2742 4524 ού
2797 4471 3064 4541 προσήκει
3114 4475 3476 4543 καταφρονεῖν
3526 4473 3628 4544 τῆς
3684 4473 3781 4528 τοῦ
3833 4487 3838 4492 ‘

2197 4561 2332 4616 Θεοῦ
2359 4562 2587 4626 πόλεως.
2620 4562 2804 4616 Ταῦτα
2832 4562 2888 4615 δέ
2920 4563 3013 4616 καὶ
3054 4562 3183 4634 περὶ
3206 4563 3306 4633 τῆς
3346 4564 3671 4635 Ἐκκλησίας
3697 4566 3779 4618 είς

2200 4654 2372 4718 κότως
2403 4653 2469 4707 ἂν
2503 4653 2715 4725 ῥηθείη,
2747 4653 3047 4724 ἐπειδήπερ
3084 4657 3117 4726 ή
3157 4654 3311 4718 πόλις
3346 4653 3440 4708 τοῦ
3467 4653 3604 4708 Θεοῦ
3636 4657 3670 4726 ἡ
3695 4655 3781 4709 δε-

2200 4746 2501 4817 δοξασμένη
2525 4747 2660 4817 αὐτή
2685 4749 2822 4812 ἐστι,
2849 4749 2977 4818 περὶ
3001 4743 3069 4819 ἧς
3089 4748 3304 4818 εἴρηται
3320 4765 3334 4778 ·
3363 4767 3381 4800 ι
3411 4748 3779 4819 Δεδοξασμένα

2200 4838 2434 4911 ἐλαλήθη
2468 4839 2598 4909 περὶ
2626 4838 2743 4903 σοῦ,
2772 4841 2806 4910 ὴ
2839 4839 2992 4902 πόλις
3024 4839 3118 4893 τοῦ
3147 4839 3303 4893 Θεοῦ.
3343 4858 3361 4891 ι
3416 4841 3570 4892 Ἐστι
3603 4841 3694 4894 καὶ¹
3720 4841 3782 4896 ἐν

2201 4930 2342 5002 αύτῇ
2369 4929 2482 5002 πῦρ
2511 4931 2607 4985 καὶ
2637 4930 2909 4995 κλίϐανος,
2933 4932 3013 4996 είς
3041 4931 3102 4984 τὸ
3138 4930 3497 5000 καταφλέγειν
3546 4931 3640 4984 καὶ
3687 4932 3783 4985 ἀνω

2196 5022 2448 5077 αλίσκειν
2471 5021 2542 5076 τὰ
2567 5023 2625 5078 ἐν
2659 5023 2866 5097 ἑκάστῃ
2888 5023 3032 5095 ψυχῇ
3067 5021 3196 5087 ξύλα
3218 5024 3310 5076 καὶ
3336 5023 3525 5094 χόρτον
3557 5023 3651 5076 καὶ
3683 5041 3782 5078 κα-

2193 5113 2395 5185 λάμην.
2437 5113 2564 5168 Ἐὰν
2601 5113 2658 5168 δέ
2703 5113 2954 5184 λέγηται,
2991 5132 3010 5165 ι
3046 5111 3167 5177 Φῶς
3204 5112 3352 5184 αὐτῷ
3385 5114 3443 5166 ἐν
3483 5112 3642 5178 Σιὼν,
3687 5117 3781 5170 καὶ

2195 5205 2446 5271 κλίϐανος
2469 5206 2618 5278 αὐτῷ
2645 5208 2704 5260 ἐν
2737 5205 3111 5279 Ἰερουσαλὴμ,
3151 5224 3169 5258 ι
3201 5205 3289 5258 διὰ
3318 5206 3417 5275 μὲν
3449 5207 3575 5270 τοὺς
3603 5207 3779 5276 φωτὸς

2193 5298 2378 5363 ἀξίους
2399 5299 2508 5352 τῶν
2529 5299 2910 5370 συναγομένων
2929 5297 2990 5350 τὸ
3003 5295 3132 5365 φῶς
3150 5296 3401 5368 είρῆσθαι
3427 5297 3773 5368 ἐκδεξόμεθα’

2196 5389 2286 5442 διὰ
2318 5389 2376 5443 δὲ
2405 5390 2531 5453 τοὺς
2567 5391 2814 5452 καύσεως
2846 5388 2940 5443 καὶ
2971 5387 3291 5459 καθάρσεως
3334 5389 3525 5462 χρείαν
3556 5388 3778 5459 ἔχοντας

2195 5481 2274 5548 τὸ,
2309 5481 2591 5547 κλίϐανος
2619 5481 2688 5535 ἐν
2728 5479 3143 5550 Ἰερουσαλήμ.

2703 5572 3099 5626 ΚΕΦΑΛΑΙΟΝ
3121 5572 3242 5628 AB’.

2272 5682 2292 5715 ι
2341 5663 2473 5721 Ἰδοὺ
2500 5656 2624 5739 ¹γόιρ
2653 5663 2904 5735 βασιλεὺς
2935 5663 3142 5730 δίκαιος
3177 5662 3501 5737 βασιλεύσει,
3545 5663 3637 5718 καὶ
3677 5660 3780 5748 άρέ
