4118 6388
280 446 377 500 517

1193 437 1699 496 COMMENTARIA
1738 437 1803 492 IN
1846 438 2369 515 lSAlAM.—_CAP.
2405 441 2624 498 XXXII.

3417 440 3522 494 7-18

279 599 456 654 χοντες
487 581 626 650 μετά
658 578 890 650 κρίσεως
923 577 1163 649 ἄρξουσι.
1192 579 1301 630 Kal.
1327 578 1477 631 ἔσται
1512 579 1540 631 6
1570 579 1852 650 ἄνθρωπος

1958 581 2226 650 principes
2253 597 2375 635 cum
2398 579 2601 649 judicio
2626 581 2987 649 imperabunt.
3016 577 3082 632 Et
3109 577 3212 632 erit
3239 577 3400 632 homo
3426 593 3520 631 0c-

281 675 531 744 κρύπτων
563 672 688 733 τοὺς
723 670 913 738 λόγους
939 669 1138 732 αὑτοῦ,
1164 670 1258 722 καὶ
1295 668 1630 740 κρυϐήσεται
1659 668 1732 731 ώς
1757 667 1850 737 ἀφ’

281 767 460 826 ὕδατος
495 763 818 833 φερομένου.
861 761 970 812 Καὶ
1001 761 1298 829 φανήσεται
1329 763 1386 812 ὲν
1415 759 1552 811 Σιὼν
1577 760 1651 821 ώς
1689 775 1854 811 ποτα-

283 857 370 928 μὸς
397 857 699 926 φερόμενος
721 896 733 919 ,
764 853 970 916 ἔνδοξος
997 855 1052 904 ἐν
1079 855 1148 923 γῇ
1177 851 1406 922 διψώσῃ.
1453 872 1470 902 ι
1503 851 1759 914 Θεσπίζει
1786 850 1854 904 τά

281 947 398 1017 περὶ
431 948 531 1016 τῆς
565 945 883 1013 θεοφανείας
927 945 1018 996 τοῦ
1064 944 1326 1014 Χριστοῦ·
1378 945 1535 1014 μόνος
1563 944 1668 1016 γάρ
1701 936 1853 1007 οὗτος

279 1041 474 1100 δίκαιος
516 1041 574 1089 ἐν
623 1037 930 1107 ἀνθρώποις
967 1036 1206 1106 ἀνεφάνη
1258 1038 1284 1089 6
1336 1035 1606 1105 βασιλεύς.
1653 1035 1763 1089 Kal.
1804 1038 1852 1089 οί

279 1130 558 1183 ἀπόστολοι
592 1130 648 1181 δὲ
681 1127 847 1180 αὐτοῦ
886 1127 1023 1198 μετά
1058 1127 1290 1198 κρίσεως
1320 1127 1413 1179 τοῦ
1448 1128 1655 1180 έαυτῶν
1701 1126 1853 1196 βασι-

280 1222 426 1285 λέως,
461 1222 562 1290 τῆς
627 1220 953 1288 Ἐκκλησίας
987 1217 1150 1272 αὑτοῦ
1187 1218 1585 1288 καθηγήσαντο.
1640 1217 1852 1271 Ἐϐασί-

280 1316 425 1366 λευσε
459 1314 640 1367 τοίνυν
674 1315 752 1374 εἰς
784 1311 1130 1382 δικαιοσύνην
1176 1313 1204 1363 6
1243 1311 1477 1380 Χριστὸς
1511 1310 1702 1380 καινήν
1734 1326 1855 1362 τινα

280 1405 469 1474 ταύτην
499 1403 599 1473 τὴν
629 1402 934 1472 βασιλείαν·
973 1403 1032 1456 ού
1065 1401 1171 1472 γὰρ
1205 1403 1283 1464 εἰς
1316 1401 1664 1472 ἀνθρωπίνην
1697 1401 1854 1467 ἀξίαν

282 1496 616 1558 ἀποόλέπων,
658 1495 778 1547 οὐδὲ
814 1495 893 1557 εἰς
929 1495 1091 1564 τιμὴν
1132 1494 1408 1559 καὶδόξαν
1439 1494 1537 1565 τὴν
1580 1493 1729 1564 παρά
1756 1494 1852 1546 ἀν-

282 1588 530 1658 θρώποις,
568 1588 666 1656 τὴν
718 1585 995 1656 βασιλείαν
1025 1587 1368 1656 ὲπανήρατο,
1403 1586 1515 1638 ἀλλ’
1543 1587 1622 1649 είς
1654 1585 1855 1637 δικαιο-

284 1680 470 1750 σύνην·
504 1679 692 1749 ὥσπερ
724 1674 816 1730 οὖν
870 1677 964 1730 καὶ
1015 1678 1064 1728 οἱ
1113 1676 1373 1747 ἄρχοντες
1421 1677 1604 1741 αὐτοῦ,
1653 1678 1752 1729 ούκ
1798 1678 1854 1729 ἐν

283 1772 547 1842 ἀξιώμασι
599 1772 885 1839 κοσμικοῖς
937 1769 1303 1838 προαχθέντες
1356 1765 1544 1840 ἦρχον,
1607 1767 1719 1822 ἀλλ’
1777 1769 1854 1831 εἰς

284 1865 477 1933 κρίσιν.
517 1862 609 1914 Διὸ
663 1860 803 1914 κατά
827 1862 952 1923 τοὺς
983 1859 1202 1923 λοιποὺς
1239 1862 1578 1932 ἑρμηνευτάς
1619 1862 1851 1931 εἴρηται,

289 1977 305 2008 ι
343 1957 449 2010 Καὶ
476 1957 733 2026 ἄρχοντες
767 1957 844 2017 είς
887 1956 1060 2026 κρῖμα
1090 1953 1364 2024 ἄρξουσιν.
1406 1972 1424 2004 ι
1477 1953 1620 2005 Ἀντὶ
1652 1952 1707 2004 δὲ
1737 1951 1853 2015 τοῦ,

290 2067 307 2098 t
360 2046 465 2098 Kal
505 2045 655 2098 ἔσται
694 2047 722 2098 6
752 2043 1038 2114 ἄνθρωπος
1073 2043 1329 2113 κρύπτων
1375 2043 1500 2107 τοὺς
1537 2043 1728 2111 λόγους
1757 2043 1856 2094 αύ-

285 2139 394 2202 τοῦ,
434 2158 452 2190 ι
496 2143 522 2194 6
561 2140 874 2209 Σύμμαχος,
937 2156 956 2189 t
993 2137 1104 2191 Kal.
1136 2137 1308 2200 ἔσται,
1379 2136 1564 2206 φησὶν,
1613 2133 1751 2204 ἀνὴρ
1783 2135 1858 2198 ώς

290 2232 563 2301 ἀποκρυφὴ
625 2231 731 2284 ἀπὺ
804 2229 1113 2299 πνεύματος
1155 2229 1249 2283 καὶ
1305 2228 1584 2290 λαίλαπος.
1623 2246 1640 2278 ›
1703 2228 1859 2289 Ποῖος

293 2315 381 2374 οὖν
410 2322 682 2392 ἄνθρωπος
722 2321 872 2374 ἔσται
906 2321 1021 2374 ἀλλ’
1051 2323 1078 2374 6
1108 2320 1364 2390 ἀνωτέρω
1413 2319 1618 2382 δίκαιος
1646 2318 1859 2388 ὠνομα-

297 2413 512 2482 σμένος;
545 2415 712 2477 Αύτδς
736 2415 841 2485 γὰρ
873 2407 1027 2477 οὗτος
1053 2412 1206 2467 ἔσται
1239 2413 1398 2484 ἀνὴρ,
1425 2411 1620 2464 οὐκοῦν
1657 2413 1724 2481 τῇ
1760 2410 1858 2478 φύ-

292 2520 372 2556 σει
404 2506 554 2576 ἀνήρ,
595 2506 726 2560 ἀλλά
769 2505 1030 2577 κρείττων
1072 2504 1106 2576 ἢ
1151 2503 1292 2557 κατά
1337 2503 1626 2574 ἀνθρώπου
1674 2501 1854 2571 φύσιν.

287 2592 427 2663 Πλὴν
479 2594 626 2647 ἔσται
677 2595 958 2666 ἄνθρωπος
1002 2593 1354 2665 ἐπικρύπτων
1405 2590 1572 2645 αὑτοῦ
1611 2591 1709 2662 τὴν
1742 2590 1858 2643 θεό-

283 2703 433 2758 τητα.
471 2688 650 2759 ’Υδωρ
692 2688 799 2758 γὰρ
834 2686 1130 2757 φερόμενον
1162 2681 1230 2757 ἦν
1260 2684 1353 2738 καὶ
1386 2683 1755 2754 ἀπολλύμενον
1796 2683 1858 2736 τὺ

283 2779 479 2850 πλῆθος
509 2779 602 2832 τοῦ
639 2779 747 2832 τῶν
779 2778 1044 2832 Ἰουδαίων
1076 2777 1204 2831 λαοῦ
1230 2795 1242 2807 ·
1277 2777 1356 2829 διὸ
1386 2777 1479 2829 καὶ
1507 2776 1856 2847 ἀπέκρυπτεν

281 2871 438 2924 αὑτὸν
464 2870 521 2938 ἐξ
550 2871 753 2933 αὐτῶν,
795 2872 889 2924 καὶ
926 2871 1052 2934 τοὺς
1089 2869 1279 2935 λόγους
1305 2867 1469 2922 αὑτοῦ
1509 2868 1602 2920 ἀπ’
1633 2868 1857 2921 ἐκείνων

285 2960 376 3030 μὲν
405 2959 694 3021 ἐκάλυπτε,
728 2963 838 3022 τοῖς
870 2960 924 3012 δὲ
956 2959 1121 3012 αὑτοῦ
1145 2959 1412 3030 μαθηταῖς
1441 2958 1728 3030 ἐφανέρου.
1757 2959 1856 3022 Τίς

280 3048 331 3101 δέ
363 3051 662 3120 φανήσεται
705 3049 738 3121 ἢ
775 3049 935 3114 αὑτὸς
969 3048 1176 3113 δίκαιος
1212 3049 1496 3119 βασιλεύς;
1548 3049 1710 3112 αὐτὸς
1749 3049 1855 3119 γὰρ

281 3143 575 3212 φανήσεται
624 3143 699 3206 ώς
753 3142 997 3213 ποταμὸς
1045 3142 1346 3214 φερόμενος
1392 3142 1617 3207 ἔνδοξος.
1662 3141 1758 3205 Τίς
1799 3141 1856 3195 δέ

1955 673 2166 727 cultans
2205 688 2484 727 sermones
2512 687 2660 736 suos,
2703 682 2756 726 et
2780 671 3142 726 occultabitur
3173 679 3230 724 ut
3282 670 3349 726 ab
3377 686 3522 738 aqua

1956 775 2228 820 manante.
2255 765 2322 819 Et
2341 765 2622 834 apparebit
2650 764 2704 818 in
2724 763 2876 830 Sion,
2897 763 3038 818 sicut
3059 761 3250 816 ﬂuvius
3273 776 3520 826 currens,

1956 858 2191 927 inclytus
2227 859 2278 911 in
2311 866 2456 912 terra
2483 857 2714 913 sitienti.
2749 875 2767 909 ι
2799 842 2928 923 Quae
2957 856 3023 909 ad
3056 855 3293 908 divinum
3320 853 3521 907 Christi

1954 953 2241 1005 adventum
2270 957 2516 1020 spectant
2543 949 2899 1002 vaticinatur:
2931 948 2977 1002 is
3004 959 3234 1012 namque
3259 943 3403 998 solus
3426 958 3532 998 τεχτ

1950 1044 2128 1111 justus
2157 1044 2209 1097 in
2265 1042 2578 1097 hominibus
2619 1041 2890 1110 apparuit.
2948 1037 3189 1108 Apostoli
3240 1051 3368 1090 vero
3405 1036 3522 1105 ejus

1955 1149 2077 1188 cum
2110 1135 2313 1202 judicio
2343 1134 2488 1204 regis
2541 1134 2623 1187 sui
2665 1131 2921 1186 Ecclesia:
2967 1131 3138 1200 ipsius
3169 1128 3518 1197 przefuerunt.

1956 1227 2218 1296 Beguavit
2249 1228 2432 1296 itaque
2471 1227 2524 1279 in
2553 1223 2821 1293 justitiam
2853 1222 3123 1285 Christus,
3166 1235 3360 1274 novum
3390 1233 3523 1274 sane

1957 1320 2104 1389 regni
2142 1334 2345 1391 genus;
2391 1334 2495 1373 non
2542 1318 2598 1370 in
2626 1317 2915 1370 humanam
2949 1314 3144 1384 quippe
3185 1312 3520 1380 dignitatem,

1957 1430 2060 1469 non
2080 1413 2134 1466 in
2166 1413 2423 1466 honorem
2455 1419 2509 1465 et
2527 1408 2752 1478 gloriam
2777 1406 3056 1460 hominum
3088 1402 3399 1470 respiciens,
3436 1416 3524 1455 re-

1957 1519 2119 1574 gnum
2137 1504 2344 1569 erexit;
2377 1502 2468 1556 sed
2493 1502 2544 1554 in
2562 1499 2831 1568 justitiam
2859 1516 2872 1552 :
2905 1493 3356 1566 quemadmodum
3375 1493 3523 1563 prin-

1955 1598 2104 1666 cipes
2139 1596 2275 1663 ejus,
2307 1609 2410 1648 non
2442 1593 2507 1646 ad
2530 1591 2834 1646 mundanas
2881 1589 3172 1659 dignitates
3196 1585 3390 1649 evecti,
3423 1584 3524 1638 im.-

1956 1688 2247 1760 perabantf;
2279 1687 2371 1742 sed
2431 1685 2496 1740 ad
2526 1683 2811 1752 judicium.
2855 1679 3192 1748 Quapropter
3230 1676 3522 1731 secundum

1958 1781 2197 1850 reliquos
2223 1781 2547 1848 interpretes
2589 1776 2791 1832 dictum
2818 1784 2942 1837 est,
2986 1789 3004 1824 ι
3043 1772 3110 1825 Et
3155 1767 3428 1839 principes
3459 1765 3526 1820 ad

1953 1874 2215 1943 judicium
2259 1872 2620 1942 imperabunt.
2654 1887 2673 1920 ι
2720 1866 2824 1920 Pro
2873 1865 2964 1919 illo
3022 1873 3226 1926 autem,
3275 1877 3295 1911 ι
3333 1859 3398 1913 Et
3423 1858 3528 1912 erit

1961 1969 2122 2022 homo
2169 1965 2509 2020 abscondens
2554 1974 2836 2016 sermones
2887 1971 3039 2021 suos,
3071 1973 3090 2006 ι
3127 1951 3482 2022 Symmachus
3508 1988 3526 2014 ,

1967 2079 1984 2113 ι
2020 2060 2088 2114 Ει
2113 2059 2219 2114 erit
2254 2059 2335 2111 vir
2372 2058 2513 2112 sicut
2550 2051 2841 2107 absconsio
2867 2065 2896 2103 a
2928 2047 3118 2117 spiritu
3147 2053 3202 2099 et
3231 2041 3523 2112 procella.»

1959 2154 2093 2223 Quis
2153 2153 2318 2222 igitur
2351 2152 2513 2206 homo
2547 2148 2672 2211 erit,
2712 2144 2900 2199 nisi'is
2944 2141 3037 2210 qui
3073 2138 3320 2209 superius
3347 2136 3529 2204 justus

1959 2245 2260 2317 appellatus
2292 2242 2414 2297 est?
2457 2240 2555 2295 llic
2592 2237 2736 2293 enim
2775 2237 2889 2306 ipse
2931 2235 3014 2288 vir
3061 2232 3187 2298 erit,
3219 2238 3414 2284 natura
3445 2228 3530 2282 vir

1959 2339 2197 2408 quidem,
2229 2336 2322 2391 sed
2349 2332 2586 2388 hominis
2613 2339 2808 2384 natura
2834 2327 2990 2402 longe
3015 2323 3379 2394 prmstantior.
3411 2319 3530 2373 Ca-

1960 2440 2132 2484 terum
2185 2429 2348 2482 homo
2387 2426 2493 2481 erit
2535 2437 2688 2480 suam
2730 2419 3015 2474 occultans
3068 2414 3344 2468 deitatem.
3391 2411 3530 2465 Nam

1959 2537 2100 2592 aqua
2129 2522 2271 2574 ﬂuxa
2290 2529 2345 2574 et
2384 2516 2594 2586 perdita
2619 2521 2738 2569 erat
2759 2508 3044 2565 multitudo
3069 2505 3276 2560 Judaici
3311 2501 3524 2573 populi:

1958 2629 2128 2686 quare
2155 2627 2273 2668 sese
2305 2611 2373 2666 ab
2404 2610 2532 2672 illis,
2566 2616 2622 2662 et
2667 2603 2832 2660 verba
2864 2618 2960 2657 sua
2997 2599 3065 2654 ab
3094 2599 3304 2652 illorum
3350 2595 3530 2650 verbis

1958 2707 2288 2769 occultabat,
2320 2704 2416 2758 sed
2458 2697 2740 2768 discipulis
2793 2697 2912 2750 suis
2935 2709 2996 2747 ea
3032 2689 3362 2746 declarabat.
3399 2686 3530 2752 Quis

1958 2809 2136 2855 autem
2164 2796 2482 2868 apparebit,
2517 2792 2619 2846 nisi
2653 2791 2767 2860 ipse
2818 2803 2913 2842 rex
2938 2783 3149 2854 justus?
3179 2783 3293 2850 ipse
3326 2782 3526 2849 quippe

1956 2905 2076 2947 sese
2103 2886 2550 2956 conspiciendum
2584 2880 2865 2954 prmbebit,
2894 2880 3048 2949 quasi
3085 2876 3276 2928 ﬂuvius
3303 2887 3530 2927 tl’ianans

1958 2981 2205 3054 inclytus.
2230 2979 2359 3047 Quae
2378 2993 2507 3034 vero
2532 2976 2661 3031 Sion
2686 2973 2798 3037 illa,
2820 2972 2924 3026 nisi
2949 2985 3068 3039 quae
3091 2983 3234 3029 eum,
3255 2967 3348 3035 qui
3376 2980 3434 3020 se
3462 2964 3531 3018 ab

1958 3076 2061 3130 illis
2089 3073 2415 3138 occultabat,
2447 3069 2657 3140 publice
2691 3065 2937 3135 accepit?
2967 3078 3089 3118 nam
3126 3076 3246 3130 quae
3272 3059 3401 3113 olim
3429 3057 3528 3111 de-

1957 3174 2102 3220 serta
2137 3173 2192 3218 et
2236 3161 2509 3218 sitibunda
2538 3167 2678 3229 erat,
2712 3156 2956 3214 Ecclesia
3004 3169 3071 3209 ex
3105 3152 3374 3225 gentibus,
3415 3149 3530 3220 ipsa

284 3233 408 3333 ἐστιν
434 3236 478 3305 ἡ
510 3233 648 3287 Σιὼν
678 3233 816 3303 αὕτη
845 3235 877 3304 ἢ
910 3235 943 3304 ή
970 3233 1061 3286 τὸν
1101 3234 1195 3286 ἀπ’
1227 3234 1450 3288 ἐκείνων
1478 3233 1854 3306 κρυπτόμενον
1880 3272 1925 3333 c
1957 3269 2082 3311 vere
2108 3254 2236 3309 Sion
2271 3262 2376 3308 εει,

290 3324 530 3394 ἐμφανῶς
581 3324 1038 3396 παραδεξαμένη;
1078 3326 1111 3395 ή
1159 3325 1269 3397 γὰρ
1312 3325 1478 3378 πάλαι
1519 3325 1722 3396 ἔρημος
1763 3325 1856 3378 καὶ

293 3414 480 3484 διψῶσα.
514 3417 549 3487 ἡ
581 3415 640 3480 ἐξ
682 3416 849 3468 ἐθνῶν
891 3415 1205 3486 Ἐκκλησία,
1234 3415 1374 3487 αὕτη
1412 3416 1561 3470 ἐστὶν
1593 3417 1627 3486 ή
1657 3415 1815 3469 Σιών.

345 3564 361 3598 ι
399 3546 520 3600 Kal.
563 3545 743 3599 ούκέτι
785 3545 998 3599 ἔσονται
1031 3546 1350 3610 πεποιθότες
1396 3548 1480 3599 ἐπ’
1514 3544 1852 3618 ἀνθρώπους,

279 3637 399 3691 ἀλλά
436 3637 518 3692 τά
549 3631 664 3692 ὦτα
696 3637 958 3693 δώσουσιν
1006 3638 1246 3703 ἀκούειν,
1291 3640 1386 3692 καὶ
1433 3641 1467 3711 ἡ
1516 3639 1713 3711 καρδία
1746 3639 1856 3692 τῶν

275 3727 643 3782 ἀσθενούντων
682 3728 934 3800 προσέξει
973 3727 1068 3781 τοῦ
1113 3727 1352 3791 ἀκούειν,
1388 3727 1483 3779 καὶ
1522 3728 1578 3780 αἱ
1609 3727 1853 3795 γλῶσσαι

275 3821 323 3871 αἱ
353 3818 706 3888 ψελλίζουσαι
749 3819 887 3890 ταχὺ
939 3819 1271 3890 μαθήσονται
1320 3819 1502 3872 λαλεῖν
1545 3820 1784 3889 είρήνην.
1830 3837 1849 3870 ι

275 3911 410 3965 Σιὼν
444 3911 625 3963 τοίνυν
661 3911 754 3963 καὶ
795 3910 869 3978 γῆ
908 3909 1117 3982 διψῶσα
1149 3910 1316 3964 πάλαι
1348 3910 1552 3980 ἔρημος
1585 3909 1670 3980 εἴη
1715 3910 1780 3963 ἂν
1819 3913 1852 3981 ἡ

283 3999 613 4069 Ἐκκλησία·
657 3999 753 4051 καὶ
796 3999 992 4070 καρδία
1037 3998 1427 4062 ἀσθενούντων,
1474 3999 1568 4052 καὶ
1611 3997 1853 4066 γλῶσσαι

269 4089 678 4162 τραυλίζουσαι,
713 4091 768 4142 αί
805 4088 913 4141 τῶν
945 4089 1112 4162 πάλαι
1149 4089 1240 4142 τὸν
1271 4088 1404 4142 Θεὸν
1453 4089 1526 4160 μὴ
1570 4089 1852 4156 νοούντων,

273 4161 410 4251 μηδὲ
454 4178 588 4247 ὀρθὰ
625 4179 924 4232 λαλούντων
956 4161 1146 4244 ἐθνῶν,
1193 4173 1273 4242 οἷς
1321 4180 1711 4249 ἐπαγγέλλεται
1759 4184 1855 4255 τὴν

270 4274 365 4327 ἐπὶ
403 4271 474 4325 τὰ
501 4271 735 4343 κρείττω
764 4271 1085 4344 μεταϐολήν.
1112 4271 1333 4335 Τούτοις
1354 4273 1595 4342 ἐπιλέγει
1614 4291 1629 4306 ’

351 4447 371 4478 σ
417 4428 530 4480 Kal
576 4428 757 4481 οὐκέτι
799 4428 860 4480 ού
917 4428 990 4500 μὴ
1016 4429 1211 4482 εἴπωσι
1261 4429 1338 4500 τῷ
1381 4429 1548 4501 μωρῷ
1579 4429 1802 4501 ἄρχεινο
1829 4451 1849 4486 ι

273 4517 466 4588 ὥσπερ
508 4513 600 4571 οὖν
646 4519 910 4589 πρότερον
953 4519 1190 4583 ἐποίουν,
1239 4520 1327 4573 ὅτε
1376 4524 1488 4583 τοῖς
1533 4523 1608 4586 ὼς
1642 4522 1857 4594 ἀληθῶς

2031 3566 2196 3622 Vsns.
2226 3568 2282 3631 '5,
2310 3567 2364 3622 4.
2401 3584 2420 3618 ι
2453 3565 2522 3622 Et
2556 3579 2664 3622 non
2712 3573 2870 3621 erunt
2932 3563 3163 3634 amplius
3202 3559 3530 3616 conﬁdentes

1962 3661 2016 3715 in
2055 3659 2363 3715 hominibus
2390 3677 2405 3715 :
2436 3658 2530 3715 sed
2558 3671 2719 3712 aures
2755 3657 2822 3712 ad
2861 3655 3185 3710 audiendum
3220 3655 3446 3715 dabunt,
3476 3661 3532 3706 et

1960 3740 2056 3808 cor
2089 3751 2427 3806 inﬁrmorum
2466 3749 2729 3812 attendet,
2760 3757 2819 3801 ut
2857 3747 3033 3800 audiat
3064 3764 3079 3798 :
3115 3755 3170 3800 et
3197 3745 3388 3813 lingua:
3415 3743 3534 3797 bal-

1959 3844 2280 3900 butientium
2312 3843 2420 3895 cito
2452 3841 2670 3895 discent
2700 3839 2843 3908 loqui
2886 3853 3094 3905 pacem.
3135 3855 3153 3888 ›
3184 3837 3314 3891 Sion
3350 3836 3531 3902 itaque

1959 3947 2014 3991 et
2042 3946 2183 3992 terra
2213 3934 2404 3990 sitiens
2431 3932 2560 3986 olim
2585 3932 2823 3997 deserta,
2851 3930 3091 3985 Ecclesia
3128 3927 3290 3983 fuerit
3319 3945 3334 3982 :
3364 3933 3415 3980 et
3436 3941 3530 3980 cor

1961 4029 2322 4092 inﬁrmorum,
2351 4035 2403 4079 et
2424 4026 2618 4095 linguae
2645 4024 3026 4088 balbutientes,
3048 4021 3285 4092 gentium
3305 4019 3526 4083 fuerint,

1959 4137 2082 4192 qua:
2107 4121 2237 4176 olim
2274 4135 2375 4174 nec
2400 4117 2566 4173 Deum
2602 4127 2886 4182 noverant,
2919 4131 3019 4171 nec
3049 4123 3197 4171 recte
3229 4113 3526 4180 loqueban-

1960 4227 2070 4283 tur,
2099 4216 2295 4288 quibus
2332 4215 2742 4271 convcrsionem
2768 4217 2834 4270 ad
2857 4212 3080 4269 meliora
3104 4210 3402 4282 pollicetur.
3431 4207 3527 4262 His

1961 4309 2233 4382 subiungit
2253 4327 2267 4364 :

2030 4448 2194 4505 Vens.
2219 4448 2273 4506 5.
2311 4465 2331 4500 ι
2359 4447 2544 4518 Neque
2575 4445 2806 4516 amplius
2833 4444 3016 4500 dicent
3051 4442 3239 4505 stulto,
3274 4449 3332 4496 ut
3357 4439 3526 4510 impe-

1962 4551 2085 4597 ret:
2124 4560 2144 4595 ι
2187 4540 2640 4611 quemadmodum
2678 4538 2806 4592 olim
2847 4535 3098 4606 agebant,
3139 4549 3261 4588 cum
3312 4534 3524 4589 animas

278 4613 485 4700 μωροῖς
504 4609 840 4700 διδασκάλοις
861 4610 1038 4663 αὐτῶν
1067 4612 1368 4681 ἐπέτρεπον
1387 4613 1486 4677 τάς
1514 4615 1721 4668 ἑαυτῶν
1750 4615 1854 4685 ψυ-

1958 4650 2086 4690 suas
2122 4609 2304 4688 stultis
2351 4646 2480 4687 vere
2533 4628 2811 4700 magistris
2872 4626 3314 4682 concredehant:
3367 4631 3527 4679 erant

275 4701 376 4772 χάς
399 4717 413 4731 ·
449 4696 589 4771 ἦσαν
616 4701 671 4753 δὲ
698 4694 842 4754 οὗτοι
887 4702 936 4753 οί
967 4703 1120 4770 σοφοὶ
1161 4704 1254 4755 τοῦ
1299 4705 1493 4768 αἰῶνος
1537 4706 1747 4770 τούτου,
1781 4701 1856 4761 ὧν

273 4793 561 4866 ἐμώρανεν
590 4795 619 4846 6
657 4793 789 4856 Θεὸς
818 4794 918 4864 τήν
961 4796 1168 4863 σοφίαν.
1200 4796 1450 4861 Τοιοῦτος
1492 4799 1547 4851 δὲ
1586 4795 1652 4870 ἦν
1686 4802 1793 4864 πᾶς
1828 4803 1856 4854 6

272 4885 374 4956 τὴν
405 4886 596 4954 σοφίαν
627 4885 1091 4955 ἐπαγγελλόμενος
1111 4886 1202 4939 τοῦ
1220 4887 1415 4952 αίῶνος
1457 4890 1670 4946 τούτου.
1713 4894 1855 4947 «Καὶ

272 4977 460 5037 οὐκέτι
496 4977 570 5048 μὴ
600 4979 825 5031 εἴπωσιν
869 4979 918 5031 oi
966 4977 1234 5048 ὑπηρέται
1274 4996 1390 5044 σου,
1423 4981 1576 5049 Σίγα.
1620 5001 1638 5033 ι

354 5179 374 5211 ε
397 5159 458 5212 Ὀ
478 5157 587 5232 γάρ
623 5159 803 5230 μωρὸς
837 5158 995 5231 μωρά
1010 5155 1253 5229 λαλήσει,
1284 5155 1376 5209 καὶ
1406 5158 1438 5227 ή
1468 5155 1663 5225 καρδία
1689 5154 1853 5210 αὑτοῦ

281 5247 490 5318 μάταια
516 5247 718 5317 νοήσει,
743 5246 836 5300 τοῦ
869 5247 1140 5300 συντελεῖν
1176 5247 1372 5316 ἄνομα,
1404 5245 1497 5298 καὶ
1518 5244 1695 5298 λαλεῖν
1721 5245 1856 5316 πρὸς

278 5341 487 5414 Κύριον
532 5339 819 5414 πλάνησιν,
865 5339 959 5392 τοῦ
993 5339 1301 5409 διασπεῖραι
1338 5337 1515 5407 ψυχὰς
1562 5337 1852 5400 πεινώσας,

278 5437 374 5490 καὶ
407 5435 505 5498 τὰς
536 5433 715 5506 ψυχὰς
756 5433 852 5496 τὰς
883 5433 1122 5502 διψώσας
1151 5432 1312 5495 κενὰς
1354 5434 1589 5502 ποιήσει.
1639 5431 1701 5482 'H
1745 5433 1852 5502 γὰρ

278 5526 446 5598 βουλή
489 5527 596 5579 τῶν
629 5526 880 5596 πονηρῶν
922 5526 1097 5596 ἄνομα
1134 5525 1460 5597 βουλεύεται,
1495 5524 1852 5595 καταφθεῖραι

278 5621 569 5683 ταπεινοὺς
599 5622 656 5672 ἐν
688 5619 863 5686 λόγοις
894 5618 1096 5682 ἀδίκοις
1118 5661 1131 5684 ,
1157 5619 1250 5672 καὶ
1291 5617 1635 5671 διασκεδάσαι
1663 5616 1850 5684 λόγους

280 5709 552 5763 ταπεινῶν
593 5711 649 5761 ἐν
698 5709 896 5780 κρίσει.
953 5727 972 5760 ι
1015 5707 1190 5776 Μωρά
1231 5708 1288 5761 δὲ
1321 5708 1490 5761 ταῦτα
1521 5707 1628 5779 γὰρ
1676 5706 1852 5760 πάντα

283 5798 451 5852 πάλαι
475 5798 740 5868 ἔπραττον
769 5799 817 5849 οἱ
849 5797 1014 5850 πάλαι
1041 5797 1211 5866 μωροὶ
1237 5797 1490 5866 ἄρχοντες
1515 5797 1620 5850 τῶν
1642 5795 1852 5866 ἀνθρώο

284 5905 400 5944 πων
421 5907 432 5919 ·
471 5891 563 5945 καὶ
598 5892 630 5960 ἡ
666 5889 826 5960 βουλή
871 5887 1048 5946 αὐτῶν
1094 5888 1304 5958 πονηρά
1332 5884 1464 5943 οὖσα
1496 5890 1668 5960 ἄνομα
1701 5887 1850 5941 ἐϐου-

1960 4741 2122 4797 porro
2163 4726 2199 4781 ii
2245 4724 2518 4792 sapientes
2548 4722 2710 4793 hujus
2743 4719 2949 4784 saeculi,
2979 4732 3208 4787 quorum
3253 4716 3393 4770 Deus
3439 4729 3528 4770 sa-

1961 4817 2221 4889 pientiam
2252 4815 2557 4870 infamavit.
2584 4813 2733 4869 Talis
2767 4822 2885 4867 erat
2921 4810 3169 4881 quisquis
3198 4808 3525 4879 sapientiam

1960 4909 2120 4978 hujus
2143 4907 2325 4963 saeculi
2363 4907 2737 4977 proﬁtebatur.
2775 4923 2798 4960 ι
2850 4904 3034 4975 Neque
3063 4901 3297 4973 amplius
3341 4900 3526 4956 dicent

1960 5001 2103 5057 servi
2141 5001 2239 5068 tui,
2261 4999 2422 5056 Tace.
2463 5018 2482 5054 ι

2031 5154 2194 5213 Vsus.
2223 5155 2276 5223 6,
2300 5155 2352 5214 7.
2382 5173 2402 5208 ‹
2433 5155 2562 5211 Nam
2594 5155 2791 5212 stultus
2828 5154 2989 5212 stulta
3022 5153 3294 5223 loquetur,
3328 5157 3384 5205 et
3429 5164 3525 5204 cor

1960 5249 2074 5319 ejus
2104 5264 2241 5304 vana
2293 5250 2556 5319 cogitabit
2604 5249 2671 5304 ad
2701 5248 3094 5320 perﬁciendum
3123 5246 3328 5314 iniqua,
3359 5249 3414 5298 et
3445 5243 3526 5296 lo-

1961 5344 2231 5415 qucndum
2277 5356 2519 5398 errorem
2552 5343 2618 5397 ad
2649 5341 2957 5406 Dominum,
3004 5349 3064 5394 ut
3097 5340 3371 5406 dispergat
3403 5336 3523 5389 ani-

1959 5451 2077 5492 mas
2098 5434 2427 5500 esurientes,
2462 5442 2518 5489 et
2549 5435 2760 5491 animas
2816 5434 3064 5489 sitientes
3097 5443 3293 5483 vacuas
3337 5427 3522 5482 faciet.

1959 5525 2251 5582 Consilium
2279 5526 2423 5580 enim
2445 5527 2710 5582 malorum
2741 5526 2925 5595 iniqua
2955 5522 3230 5592 cogitabit,
3261 5520 3328 5573 ad
3357 5520 3498 5574 inter

1961 5617 2248 5673 ﬁciendum
2275 5617 2504 5674 humiles
2531 5621 2583 5672 iu
2611 5619 2954 5674 sermonibus
2982 5613 3204 5682 iniquis,
3229 5621 3284 5667 et
3307 5612 3375 5665 ad
3407 5609 3524 5666 dis-

1956 5709 2180 5776 sipanda
2220 5710 2382 5763 verba
2437 5709 2716 5764 humilium
2758 5709 2812 5762 in
2838 5706 3056 5776 judicio.
3097 5723 3117 5757 ›
3162 5704 3286 5758 Ηιιιο
3313 5705 3511 5774 quippe

1957 5801 2120 5856 stulta
2142 5803 2319 5856 omnia
2347 5802 2470 5856 olim
2504 5801 2736 5870 agebant
2775 5800 2850 5853 illi
2900 5800 3024 5854 olim
3067 5797 3214 5854 stulti
3251 5795 3523 5865 principes

1959 5894 2235 5952 hominum
2264 5909 2277 5949 :
2310 5905 2361 5953 ct
2387 5893 2664 5953 consilium
2693 5905 2885 5949 eorum
2925 5891 3121 5950 malum
3173 5889 3357 5960 iniqua
3386 5885 3518 5943 deli-
