4118 6444
502 428 611 484 319

1177 422 1442 481 EUSEBII
1480 422 1958 480 CAESARIENSIS
1994 421 2143 479 ()PP.
2186 424 2365 480 PARS
2401 425 2492 484 Ill.
2532 457 2603 467 —
2638 426 3049 485 EXEGETICA.

3646 434 3752 490 320

504 519 829 586 berabat,ut
858 520 1204 574 sermonibus
1233 518 1348 572 suis
1375 516 1658 572 humilium
1708 515 1920 572 animas
1953 531 2060 586 per-

2177 515 2383 581 λεύετο,
2414 520 2494 581 εἰς
2525 517 2588 572 τὸ
2613 519 2973 592 καταφθεῖραι
3016 522 3131 585 τοῖς
3163 521 3369 576 ἑαυτῶν
3404 522 3582 593 λόγοις
3625 528 3751 592 τοὺς

504 615 681 667 deret.

574 704 738 776 vena.
767 703 819 758 8.
849 722 869 754 ί
895 701 976 756 Pii
1005 709 1184 756 autem
1203 701 1484 771 prudentia
1510 701 1738 758 consilia
1764 702 2068 758 iniverunt:

501 809 555 852 et
588 797 690 851 hoc
713 795 999 850 consilium
1020 794 1280 850 manebit.
1309 812 1327 845 ι
1354 793 1519 861 Queis
1543 792 1920 863 signiﬁcantur
1943 808 2074 863 apo-

501 887 627 941 stoli
659 885 971 941 Servatoris
1011 885 1208 950 nostri,
1246 886 1298 940 in
1345 885 1616 956 principio
1670 885 1862 942 salutis
1913 889 1980 941 ab
2015 899 2075 942 se

501 981 668 1044 datae,
705 993 828 1050 qua:
872 986 931 1032 ut
982 979 1152 1048 probe
1199 979 1559 1051 dirigeretur,
1603 995 1698 1035 rex
1743 979 1924 1050 justus
1975 979 2072 1036 da-

501 1081 586 1128 lllS
611 1079 718 1127 εει.

575 1165 736 1222 Vens.
764 1166 817 1222 9.
859 1184 878 1217 ι
917 1165 1170 1220 Mulieres
1202 1164 1423 1230 divites,
1456 1165 1752 1235 surgite,et
1780 1164 1964 1219 audite
1982 1179 2074 1219 vo-

498 1275 616 1315 cem
668 1275 883 1315 meam:
922 1260 1065 1326 ﬁlias,
1099 1261 1150 1313 iu
1182 1275 1276 1329 spe
1305 1260 1487 1316 audite
1534 1274 1811 1314 sermones
1843 1273 2007 1313 meos.
2047 1278 2066 1312 ι

499 1353 655 1408 Nunc
710 1355 988 1423 proponit,
1043 1353 1108 1407 ad
1167 1353 1459 1423 Iaerymas,
1518 1351 1700 1406 ﬂetum
1757 1360 1814 1405 et
1871 1351 2069 1406 luctum

497 1461 794 1516 provocare
840 1461 973 1509 eos,
1018 1447 1160 1515 quod
1213 1461 1279 1500 ex
1325 1461 1422 1499 sua
1479 1460 1606 1516 erga
1667 1443 1832 1500 Deum
1893 1445 2071 1499 incre-

497 1540 730 1595 dulitate
779 1555 808 1592 a
851 1538 945 1593 Dei
995 1540 1166 1608 gratia
1223 1537 1526 1593 exciderint
1581 1553 1596 1591 :
1643 1551 1830 1591 eorum
1889 1545 2069 1589 autem

492 1631 774 1687 emollitos
799 1642 855 1687 et
883 1630 1223 1686 effeminatos
1250 1631 1461 1686 animos
1510 1629 1844 1698 vituperans,
1877 1628 2070 1683 mulie-

496 1737 586 1778 res
619 1732 914 1794 nuncupat.
949 1724 1120 1778 Aiunt
1148 1738 1311 1792 porro
1366 1723 1468 1777 hac
1502 1722 1784 1792 prophetia
1835 1735 2070 1792 synago-

497 1831 595 1886 gas
645 1818 885 1887 ipsorum
933 1817 1182 1873 indicari.
1215 1816 1474 1870 Hortatur
1507 1816 1689 1885 itaque
1739 1813 1880 1879 illos,
1913 1824 1973 1868 ut
2001 1828 2069 1869 ne

2080 630 2083 632 >
2174 607 2271 672 τάς
2301 609 2479 680 ψυχὰς
2503 612 2812 676 ταπεινούς.

2248 717 2266 750 ι
2306 700 2370 752 Ol
2406 699 2464 752 65
2502 701 2744 765 εὐσεϐεῖς
2786 701 2984 756 συνετά
3018 702 3439 759 ἐϐουλεύσαντο·
3483 706 3575 760 καὶ
3609 707 3748 778 αὕτη

2174 791 2207 862 ἡ
2242 791 2403 864 βουλή
2428 797 2597 863 μενεῖ.
2638 813 2655 845 ι
2684 796 2763 848 Δι’
2787 788 2862 849 ὧν
2887 798 3242 868 σημαίνονται
3265 799 3314 851 οἰ
3346 799 3628 854 ἀπόστολοι
3653 801 3747 855 τοῦ

2175 883 2427 968 Σωτῆρος
2461 885 2619 957 ἡμῶν
2651 889 2732 950 εἰς
2760 887 2860 957 τὴν
2894 888 3068 961 ἀρχὴν
3107 890 3207 960 τῆς
3256 881 3533 962 σωτηρίας
3556 892 3746 956 αὐτοῦ,

2173 973 2268 1027 καὶ
2293 974 2374 1028 τὸ·
2399 975 2648 1047 ἡγεῖσθαι
2683 978 2874 1048 αὐτῆς,
2914 978 3120 1044 δίκαιος
3146 979 3438 1053 δεδώρηται
3472 981 3743 1052 βασιλεύς.

2171 1185 2174 1189 -
2249 1178 2268 1212 ι
2301 1160 2560 1224 Γυναῖκες
2595 1162 2865 1228 πλούσιαι,
2899 1163 3187 1235 ἀνάστητε,
3223 1164 3317 1219 καί¹
3352 1165 3619 1220 ἀκούσατε
3646 1163 3748 1234 τῆς

2173 1254 2358 1325 φωνῆς
2386 1273 2486 1327 μου
2507 1273 2520 1286 ·
2553 1255 2868 1330 θυγατέρες,
2901 1259 2988 1313 ἐπ’
3017 1259 3192 1312 ἐλπίδι
3219 1260 3484 1313 ἀκούσατε
3508 1261 3632 1323 τοὺς
3660 1258 3749 1312 λό-

2171 1363 2302 1414 γους
2330 1365 2450 1418 μου.
2496 1368 2514 1401 ι
2553 1348 2650 1402 Διά
2683 1351 2790 1403 τῶν
2824 1351 3202 1423 προκειμένων
3235 1354 3545 1424 προσφωνεῖ
3571 1367 3749 1421 παρα-

2171 1439 2522 1512 κελευόμενος
2565 1442 2956 1496 άποκλαίεσθαι
3006 1445 3101 1497 καὶ
3147 1443 3442 1498 κόπτεσθαι
3485 1443 3579 1496 καὶ
3615 1442 3747 1514 θρη-

2170 1536 2302 1596 νεῖν,
2339 1532 2414 1596 ὡς
2444 1532 2510 1586 ἂν
2543 1533 2826 1588 ἐκπέσοιεν
2847 1535 2946 1606 τῆς
2974 1535 3068 1589 τοῦ
3093 1535 3228 1589 Θεοῦ
3269 1535 3488 1607 χάριτος
3527 1535 3616 1589 διὰ
3645 1535 3746 1606 τὴν

2170 1625 2250 1688 εἰς
2277 1624 2368 1678 τὸν
2393 1625 2526 1678 Θεὸν
2548 1627 2808 1680 ἀπιστίαν
2833 1626 3013 1680 αὐτῶν
3031 1645 3043 1656 ·
3077 1627 3374 1681 διαϐάλλων
3407 1627 3464 1680 65
3498 1627 3558 1680 τὸ
3585 1628 3747 1681 ἀναν-

2168 1714 2292 1786 δρον
2317 1716 2416 1786 τῆς
2441 1715 2619 1787 ψυχῆς
2657 1716 2838 1771 αὐτῶν
2863 1719 2957 1772 καὶ
2987 1718 3048 1771 τὸ
3072 1717 3454 1790 τεθηλυμένον,
3483 1720 3748 1788 γυναῖκας

2171 1806 2368 1871 αὐτοὺς
2393 1807 2679 1862 ἀποκαλεῖ.
2711 1809 2848 1864 Φασί
2875 1809 2932 1863 65
2962 1809 3062 1874 τὰς
3092 1809 3412 1879 συναγωγὰς
3439 1808 3617 1862 αὐτῶν
3646 1809 3745 1880 δη-

496 1873 694 1979 supine
725 1920 779 1965 et
815 1910 1186 1980 perfunctorie
1231 1909 1389 1964 dictis
1423 1873 1741 1974 attendant;
1773 1906 1866 1962 sed
1892 1906 2060 1977 pervi-

2168 1899 2391 1953 λοῦσθαι
2416 1899 2502 1954 διά
2530 1901 2632 1972 τῆς
2656 1901 2967 1973 φασκούσης
2983 1901 3095 1972 (39)
3122 1873 3476 1974 προφητείας.
3495 1873 3749 1972 Παρακε-

500 2001 594 2070 gili
621 2011 676 2056 et
698 2002 997 2070 composito
1027 2003 1225 2056 animo.
1258 1999 1515 2056 Fortasse
1540 2000 1770 2065 dixeris,
1790 2013 1886 2069 per
1919 1999 2064 2068 prio-

493 2108 581 2148 res
611 2093 728 2149 illas
743 2093 997 2148 mulieres
1023 2092 1315 2162 signiﬁcari
1344 2093 1556 2162 priscos
1587 2091 1704 2146 illos
1749 2091 2056 2147 Judaeorum

497 2197 820 2249 conventus,
853 2200 916 2241 ac
954 2184 1357 2240 multitudinem
1402 2185 1475 2240 ibi
1501 2196 1920 2255 congregatam;
1969 2199 2067 2254 per

493 2273 630 2336 ﬁlias
657 2295 806 2346 vero,
841 2281 1231 2350 posterioribus
1264 2280 1595 2350 temporibus
1620 2279 1948 2344 nascituras,
1969 2293 2065 2333 eo-

491 2387 609 2427 rum
638 2387 964 2444 synagogas.

561 2643 727 2699 Vens.
761 2643 849 2698 ιο.
886 2663 905 2696 ι
949 2643 1060 2699 Diei
1093 2642 1220 2697 anni
1251 2640 1568 2697 memoriam
1601 2640 1762 2694 facite
1786 2640 1839 2694 in
1873 2638 2063 2695 dolore

489 2749 614 2788 cum
645 2749 740 2805 spe
767 2752 780 2787 :
815 2745 1140 2804 consumpta
1165 2743 1247 2789 est
1268 2733 1564 2798 vindemia,
1590 2733 1822 2789 cessavit
1851 2747 2061 2796 semen,

489 2835 540 2879 et
571 2841 674 2880 non
703 2825 936 2896 amplius
981 2825 1251 2890 veniet.”
1296 2825 1511 2880 Annum
1552 2839 1720 2894 porro
1756 2837 1911 2881 vocat
1939 2839 2064 2894 pro-

489 2913 738 2981 plieticus
768 2928 969 2976 sermo,
1005 2922 1218 2983 tempus
1247 2913 1648 2983 pradicationis
1695 2915 2017 2986 evangelicae
2041 2953 2058 2980 ,

489 3016 596 3068 quo
626 2999 874 3056 Salvator
900 3010 956 3056 et
1007 3001 1266 3056 Dominus
1313 3009 1518 3066 noster,
1571 3015 1693 3056 cum
1751 2999 2061 3056 hominibus

487 3107 713 3147 versans
735 3101 790 3147 et
806 3091 1006 3148 docens
1023 3094 1354 3162 praedicavit.
1378 3092 1434 3147 ld
1454 3107 1584 3150 vero
1607 3093 1846 3148 declarat
1866 3092 2062 3149 deinde

2167 1992 2380 2046 λεύεται
2408 1993 2586 2046 τοίνυν
2619 1996 2647 2046 ό
2675 1993 2830 2063 λόγος
2855 1995 3038 2059 αὐτοῖς
3071 1994 3146 2066 μὴ
3189 1993 3417 2058 ὑπτίως,
3449 1993 3584 2065 μηδὲ
3605 2010 3748 2064 παρ-

2167 2085 2345 2157 έργως
2405 2085 2692 2157 προσέχειν
2751 2089 2864 2151 τοῖς
2915 2087 3264 2158 λεγομένοις,
3309 2083 3747 2157 διεγηγερμένως

2165 2177 2221 2230 δὲ
2250 2177 2344 2231 καί¹
2372 2179 2841 2248 συντεταγμένως.
2871 2179 3060 2242 Εἰποις
3091 2178 3135 2232 δ’
3165 2177 3230 2232 ἂν
3268 2177 3368 2242 τὰς
3400 2177 3496 2249 μέν
3523 2175 3746 2248 πρώτας

2165 2271 2429 2338 γυναῖκας
2478 2269 2764 2342 σημαίνειν
2806 2270 2906 2334 τὰς
2950 2271 3042 2324 ἐπὶ
3091 2271 3200 2324 τῶν
3244 2271 3489 2325 παλαιῶν
3536 2271 3746 2342 χρόνων

2166 2358 2320 2430 παρά
2369 2360 2642 2424 Ἰουδαίοις
2688 2361 2974 2428 συνόδους,
3004 2363 3098 2415 καὶ
3127 2361 3196 2416 τά
3238 2362 3414 2433 πλήθη
3455 2361 3523 2415 τά
3559 2363 3615 2414 ἐν
3648 2361 3746 2414 αύ-

2163 2455 2276 2516 τοῖς
2308 2453 2651 2524 συναγόμενα
2669 2471 2684 2484 ·
2714 2454 2811 2518 τὰς
2849 2454 2908 2508 δέ
2941 2453 3242 2527 θυγατέρας
3275 2455 3333 2507 ἐν
3355 2457 3468 2518 τοῖς
3495 2453 3743 2526 ὑστέροις

2164 2545 2378 2616 χρόνοις
2406 2545 2874 2617 ὑποστησομένας,
2914 2546 3014 2609 τὰς
3044 2545 3223 2600 αὐτῶν
3256 2545 3596 2614 συναγωγάς.

2239 2656 2259 2689 α
2321 2637 2564 2709 Ἡμέρας
2604 2636 2849 2690 ἐνιαυτοῦ
2900 2638 3087 2708 μνείαν
3129 2637 3425 2710 ποιήσασθε
3469 2640 3526 2692 έν
3577 2635 3750 2712 ὀδύνη.

2166 2729 2282 2798 μετ’
2333 2728 2580 2792 ἐλπίδοςο
2628 2730 2902 2801 ἀνήλωται
2956 2731 2985 2783 ό
3031 2728 3330 2802 τρύγητος,
3381 2729 3655 2784 πέπαυται
3713 2730 3742 2782 ὁ

2165 2818 2386 2891 σπόρος,
2427 2821 2522 2872 καί
2563 2819 2747 2873 οὐκέτι
2777 2819 2852 2891 μὴ
2878 2819 3026 2892 ἔλθῃ.
3059 2839 3080 2872 ι
3128 2819 3401 2873 Ἐνιαυτὸν
3433 2820 3490 2873 65
3519 2820 3675 2873 καλεί
3709 2821 3739 2874 ὁ

2164 2911 2499 2982 προφητικὸς
2541 2911 2696 2980 λόγος
2739 2911 2831 2964 τὸν
2868 2911 3058 2982 χρόνον
3107 2912 3200 2966 τοῦ
3244 2912 3596 2985 κηρύγματος
3645 2908 3740 2967 τοῦ

2163 2999 2542 3069 εὐαγγελικοῦ,
2570 3002 2690 3056 καθ’
2723 3000 2782 3055 ὃν
2811 3004 2840 3056 ὁ
2862 3001 3051 3075 Σωτὴρ
3075 3005 3170 3058 καὶ
3194 3002 3397 3076 Κύριος
3429 3003 3586 3075 ἡμῶν
3619 3019 3738 3057 συν-

2159 3091 2237 3146 ὼν
2273 3093 2583 3164 ἀνθρώποις
2621 3094 2853 3166 ἐκήρυξε
2894 3094 3176 3149 διδάσκων.
3228 3096 3339 3149 Kal
3386 3095 3546 3150 τοῦτο
3587 3095 3739 3165 δηλοί

487 3195 611 3239 cum
645 3198 708 3238 ex
737 3198 971 3252 persona
999 3184 1092 3240 Dei
1130 3186 1209 3239 sic
1234 3184 1472 3253 loquitur
1499 3203 1513 3239 :
1545 3202 1564 3238 ι
1593 3183 1824 3254 Spiritus
1846 3182 2056 3238 Domini

2163 3182 2270 3237 ἀπὸ
2325 3183 2420 3238 τοῦ
2455 3184 2580 3256 ἐξῆς
2638 3187 2704 3238 ἐκ
2762 3185 3051 3258 προσώπου
3116 3188 3210 3241 τοῦ
3264 3186 3398 3240 Θεοῦ
3456 3186 3734 3255 λέγεσθαι⁹

487 3289 650 3343 super
683 3290 788 3342 me,
817 3290 884 3329 eo
917 3277 1060 3346 quod
1111 3277 1328 3332 unxerit
1359 3291 1464 3340 me,
1512 3276 1894 3348 evangeli'zare
1923 3289 2059 3345 pau-

486 3367 709 3435 periitts
749 3368 1034 3432 misitme;
1073 3369 1366 3437 praedicare
1396 3367 1630 3438 captivis
1655 3368 2058 3432 dimissionem,

486 3467 542 3512 et
574 3457 733 3513 caecis
769 3458 915 3513 visus
973 3459 1409 3527 restitutionem,
1463 3475 1662 3517 vocare
1708 3476 1911 3517 annum
1955 3460 2058 3516 Do—

486 3551 618 3605 mini
655 3551 1042 3620 acceptabilem
1085 3553 1150 3606 ³³.
1187 3571 1207 3605 ι

558 3643 723 3698 Vens.
760 3643 848 3698 11.
893 3662 912 3697 ι
967 3644 1379 3714 Ohstupescite,
1433 3643 1826 3702 contristemini
1890 3647 2058 3702 conﬁ-

484 3734 694 3800 dentes,
749 3736 930 3790 exuite
980 3751 1096 3802 vos,
1141 3736 1299 3791 nudae
1325 3745 1538 3792 estote:
1588 3739 1854 3809 accingite
1886 3740 2056 3795 saccis

483 3825 694 3881 lumbos
727 3834 956 3882 vestros.
997 3845 1016 3878 ι
1041 3827 1161 3896 Illa,
1190 3828 1385 3898 inquit,
1418 3844 1538 3898 quae
1559 3831 1854 3886 secundum
1888 3829 2054 3886 Dctnn

483 3925 587 3979 est,
624 3917 843 3971 tristitia
867 3932 961 3972 vos
988 3929 1336 3988 compungat,
1365 3927 1420 3973 et
1475 3934 1505 3973 a
1541 3921 1770 3990 pristina
1803 3921 2056 3977 incredu-

485 4005 638 4061 litate
666 4007 948 4071 discedite,
1001 4007 1442 4077 poanitentizeque
1495 4024 1590 4064 vos
1635 4011 1779 4065 date.
1810 4010 1946 4066 Nam
1992 4029 2055 4068 ea

483 4113 608 4167 quae
639 4097 934 4153 secundum
977 4096 1147 4151 Deum
1177 4107 1262 4152 est
1305 4098 1548 4165 tristitia,
1577 4101 1952 4169 paenitentiam
1987 4106 2056 4160 ad

483 4190 718 4247 salutem
751 4189 877 4244 nulli
905 4189 1236 4261 paenitentia:
1263 4191 1577 4260 obnoxiam,
1608 4202 1888 4264 operatur.

552 4282 719 4338 Vens.
757 4283 850 4349 12,
887 4283 974 4337 13.
1008 4301 1027 4334 ι
1057 4281 1125 4336 Ει
1153 4298 1317 4354 super
1356 4299 1621 4340 mammas
1676 4286 1886 4342 tundite
1916 4301 2012 4343 vos
2036 4327 2052 4352 ,

481 4384 705 4445 propter
725 4389 914 4445 agrum
947 4373 1224 4439 desiderii,
1244 4383 1298 4428 et
1317 4375 1530 4430 vincant
1555 4376 1848 4444 germinis:
1908 4385 2053 4434 terra

481 4465 664 4534 populi
684 4466 809 4530 mei,
833 4467 988 4535 spina
1013 4475 1069 4521 et
1096 4466 1274 4522 fenum
1292 4465 1550 4534 proferet,
1571 4476 1626 4522 et
1647 4483 1714 4522 ex
1730 4469 1876 4523 omni
1896 4468 2055 4524 domo

2164 3293 2185 3327 ι
2231 3275 2454 3347 Πνεῦμα
2493 3275 2700 3349 Κυρίου
2749 3279 2838 3331 ἐπ’
2893 3278 3036 3349 ἐμὲ,
3083 3271 3146 3332 οὗ
3186 3280 3392 3334 εἵνεκεν
3430 3280 3614 3352 ἔχρισέ
3647 3298 3738 3352 με,

2157 3365 2614 3436 εὐαγγελίσασθαι
2674 3369 2906 3440 πτωχοῖς
2961 3367 3270 3424 ἀπέσταλκέ
3343 3388 3446 3441 με,
3499 3370 3736 3442 κηρύξαι

2156 3456 2523 3528 αἰχμαλώτοις
2556 3459 2751 3526 ἄφεσιν
2775 3497 2790 3522 ,
2827 3457 2921 3511 καὶ
2950 3458 3168 3527 τυφλοῖς
3211 3459 3526 3529 ἀνάϐλεψιν,
3574 3458 3738 3514 καλέ-

2158 3565 2247 3601 σαι
2282 3548 2531 3601 ἐνιαυτὸν
2563 3549 2769 3620 Κυρίου
2802 3549 3006 3604 δεκτόν.
3048 3569 3067 3602 ι

2231 3656 2251 3690 ι
2288 3639 2594 3708 Ἐκστητε,
2639 3637 2917 3709 λυπήθητε
2959 3640 3015 3712 αἰ
3051 3637 3383 3702 πεποιθυῖαι,
3415 3638 3733 3705 ἐκδύσασθε,

2156 3731 2361 3801 γυμναὶ
2397 3728 2651 3798 γένεσθε·
2696 3728 3074 3801 περιζώσασθε
3120 3731 3357 3794 σάκκους
3393 3732 3492 3794 τὰς
3528 3730 3735 3799 ὀσφύας

2157 3823 2333 3894 ὑμῶν.
2383 3841 2402 3875 ι
2451 3821 2726 3892 ⁴Αψάσθω,
2755 3823 2937 3893 φησὶν,
2968 3822 3121 3893 ὑμῶν
3159 3825 3191 3894 ή
3223 3821 3364 3876 κατά
3395 3823 3529 3876 Θεὸν
3566 3823 3735 3895 λύπη,

2154 3916 2368 3987 καὶτῆς
2395 3914 2669 3986 προτέρας
2692 3915 2950 3978 ἀπιστίας
2979 3914 3208 3985 ἐκστητε
3233 3915 3510 3969 ἐπιδοῦναι
3537 3914 3734 3979 ἑαυτὰς

2155 4011 2235 4072 εἰς
2259 4007 2570 4078 μετάνοιαν.
2611 4007 2674 4061 Ἦ
2707 4007 2818 4080 γὰρ
2841 4007 2983 4062 κατά
3008 4008 3141 4062 Θεὸν
3167 4008 3312 4078 λύπη
3348 4008 3636 4079 μετάνοιαν
3659 4009 3740 4072 εἰς

2157 4101 2432 4173 σωτηρίαν
2459 4100 2876 4173 ἀμεταμέλητον
2901 4101 3315 4173 κατεργάζεται.

2231 4301 2250 4336 ι
2286 4282 2396 4337 Kal
2426 4284 2520 4342 ἐπὶ
2548 4283 2658 4337 τῶν
2683 4283 2904 4355 μαστῶν
2945 4283 3231 4346 κόπτεσθε,
3261 4285 3388 4354 περὶ
3417 4283 3590 4356 ἀγροῦ
3617 4285 3739 4335 ἐπι-

2156 4373 2300 4446 θυμή
2310 4392 2498 4446 ματος,
2530 4377 2623 4428 καὶ
2650 4375 2894 4446 ἀμπέλου
2924 4377 3282 4446 γεννήματος.
3324 4375 3388 4428 'H
3403 4376 3472 4446 γῆ
3496 4375 3588 4427 τοῦ
3605 4375 3736 4428 λαοῦ

2159 4483 2282 4537 μου,
2310 4466 2522 4521 ἄκανθα
2567 4466 2662 4520 καὶ
2711 4468 2901 4539 χόρτος
2940 4467 3293 4538 ἀναϐήσεται,
3333 4467 3425 4520 καὶ
3463 4468 3524 4519 ἐκ
3557 4466 3736 4537 πάσης

483 4555 669 4608 laetitia
705 4555 1002 4610 auferetur.
1045 4575 1064 4609 ι
1100 4557 1156 4612 ld
1193 4571 1322 4612 vero
1344 4557 1596 4625 superius
1624 4559 1940 4615 declarabat
1969 4562 2056 4616 his

2163 4556 2333 4619 οἰκίας
2365 4556 2671 4628 εὐφροσύνη
2709 4555 3028 4628 ἀρθήσεται.
3068 4575 3086 4607 ι
3132 4555 3303 4609 Τοῦτο
3339 4557 3395 4609 65
3432 4555 3617 4627 ἐδήλου
3649 4554 3737 4608 διὰ

482 4645 686 4712 verbis,
717 4665 737 4698 ‹
775 4647 841 4702 Ει
871 4649 1175 4718 exspectavi
1213 4657 1270 4703 ut
1295 4649 1500 4705 faceret
1546 4666 1729 4716 uvam,
1773 4652 1903 4707 fecit
1951 4669 2052 4707 au-

484 4743 592 4788 tem
621 4736 826 4803 spinas,
864 4755 884 4791 »
913 4751 1048 4806 quas
1071 4738 1256 4806 spinas
1287 4752 1407 4794 mox
1437 4740 1722 4809 explicans
1749 4742 1826 4796 ait
1851 4759 1866 4797 :
1895 4759 1914 4793 ι
1942 4743 2050 4797 Ex-

483 4827 723 4895 spectavi
751 4837 811 4882 ut
846 4827 1051 4883 faceret
1085 4829 1372 4898 judicium,
1402 4829 1533 4885 fecit
1582 4841 1762 4888 autem
1793 4832 2052 4902 iniquita-

486 4929 634 4986 tem;
663 4927 717 4974 et
739 4935 844 4975 non
871 4919 1163 4990 justitiam,
1191 4923 1284 4977 sed
1327 4923 1640 4979 clamorem.
1681 4944 1700 4977 ι
1734 4925 1809 4981 De
1841 4926 1927 4983 his
1957 4925 2054 4981 ita-

483 5027 590 5082 que
619 5012 889 5081 planctum
931 5015 1094 5071 edere
1113 5014 1362 5082 iubebat,
1398 5018 1632 5073 maxime
1656 5019 1726 5074 ob
1755 5019 2053 5076 intentatas

483 5105 682 5161 minas.

554 5194 716 5254 Vens.
751 5197 835 5252 M.
878 5217 897 5252 ι
924 5198 1066 5256 Urbs
1104 5201 1380 5270 opulenta,
1409 5200 1604 5256 domus
1639 5201 1940 5268 derelictae,
1967 5201 2053 5259 di-

481 5289 640 5344 vitias
671 5290 904 5346 civitatis
947 5290 1272 5362 relinquent,
1321 5291 1511 5348 domos
1558 5292 1963 5348 desiderabiles.
1991 5293 2056 5348 Et

481 5388 643 5437 erunt
695 5383 818 5453 pagi
870 5383 1140 5452 speluncae
1188 5397 1365 5452 usque
1419 5382 1472 5437 in
1522 5383 1801 5449 saeculum,
1870 5383 2053 5439 laetitia

483 5487 828 5543 onagrorum,
875 5490 1071 5544 pascua
1106 5485 1406 5544 pastorum.
1432 5493 1451 5526 )
1487 5473 1620 5541 Quis
1669 5475 1908 5529 advenas
1937 5489 2054 5529 cer-

486 5576 618 5618 nens
651 5562 1036 5638 llierosolyma:
1063 5564 1268 5619 incolas
1287 5602 1302 5626 ,
1333 5564 1589 5634 ipsosque
1619 5563 1931 5620 idololatras
1960 5579 2054 5618 va-

488 5651 582 5706 riis
633 5667 700 5708 ex
755 5655 1006 5721 gentibus
1053 5663 1440 5725 congregatos,
1493 5669 1601 5710 non
1653 5654 1846 5713 merito
1881 5654 2052 5720 dicat,

553 5741 601 5774 ⁸’
637 5742 740 5799 lsa.
763 5759 877 5811 ut,
912 5746 964 5799 ι.

556 5855 672 5926 ('59)
715 5855 878 5913 Forte
905 5856 1011 5927 leg.
1046 5875 1346 5931 παρούσης.
1391 5859 1550 5914 Eon.

2160 4648 2267 4702 τῶν
2291 4647 2600 4719 ἔμπροσθεν
2629 4646 2798 4700 εἰπών
2818 4665 2831 4676 ’
2862 4666 2880 4697 ι
2910 4647 3018 4701 Kal
3048 4647 3237 4718 ἔμεινα
3269 4647 3356 4701 ἵνα
3385 4649 3586 4719 ποιήσῃ
3609 4663 3735 4699 στα-

2159 4737 2351 4811 φυλὴν,
2388 4738 2608 4810 ἐποίησε
2638 4738 2694 4792 δὲ
2741 4738 3012 4802 ἀκάνθας·
3062 4758 3080 4791 ι
3124 4739 3217 4792 καὶ
3257 4738 3455 4802 ταύτας
3508 4739 3730 4811 διερμη-

2159 4831 2325 4885 νεύων
2369 4833 2614 4902 ἐπήγαγε
2641 4832 2814 4902 λέγων
2835 4849 2848 4861 ·
2885 4851 2904 4884 ι
2934 4833 3162 4903 Ἔμεινα
3179 4832 3272 4886 -ἵνα
3294 4835 3492 4904 ποιήσῃ
3534 4831 3731 4902 κρίσιν,

2159 4925 2383 4996 ἐποίησε
2411 4924 2468 4976 65
2494 4924 2745 4994 ἀνομίαν,
2776 4924 2869 4978 καὶ
2911 4924 2972 4977 οὐ
2994 4923 3359 4993 δικαιοσύνην,
3389 4921 3522 4975 άλλά
3559 4937 3730 4992 κραυ-

2158 5017 2282 5085 γήν.
2326 5035 2345 5067 ι
2414 5016 2536 5069 Ἐπὶ
2575 5017 2784 5080 τούτοις
2835 5015 3122 5086 τοιγαροῦν
3165 5014 3456 5067 κόπτεσθαι
3499 5029 3732 5084 παρεκε-

2157 5107 2362 5171 λεύετο,
2388 5107 2482 5160 καὶ
2507 5108 2737 5178 μάλιστα
2758 5105 2844 5159 διὰ
2867 5107 2964 5176 τὴν
2987 5104 3385 5176 ἐπιφερομένην
3411 5101 3659 5172 ἀπειλήν.

2234 5219 2252 5252 ι
2283 5200 2443 5264 Πόλις
2462 5200 2714 5264 πλουσία,
2738 5195 2878 5252 οἷκοι
2896 5195 3448 5266 ἐγκαταλελειμμένα
3470 5233 3485 5256 ,
3505 5194 3733 5247 πλοῦτον

2161 5291 2367 5354 πόλεως
2396 5293 2714 5363 ἀφήσουσιν,
2743 5291 2926 5354 οἴκους
2961 5287 3350 5358 ἐπιθυμητούς.
3383 5286 3493 5340 Kal
3524 5285 3733 5338 ἔσονται

2161 5382 2218 5435 αἰ
2245 5380 2424 5452 κῶμαι
2461 5382 2702 5452 σπήλαια
2733 5382 2838 5444 ἕως
2868 5378 2962 5432 τοῦ
3005 5378 3219 5441 αἰῶνος,
3257 5375 3558 5449 εὐφροσύνη
3599 5375 3734 5426 ὅνων

2159 5472 2386 5544 ἀγρίων,
2419 5473 2737 5544 βοσκήματα
2769 5471 3057 5542 ποιμένων.
3083 5489 3101 5522 ι
3134 5469 3230 5533 Τίς
3258 5469 3333 5534 65,
3366 5468 3507 5539 ὁρῶν
3557 5466 3734 5537 μετοί-

2159 5581 2286 5628 κους
2329 5565 2527 5638 άνδρας
2569 5564 2850 5628 οἰκοῦντας
2896 5563 2992 5634 τὴν
3032 5561 3408 5636 Ἰερουσαλὴμ,
3450 5558 3732 5614 εἰδωλολά-

2157 5671 2292 5728 τρας
2335 5674 2393 5710 τε
2445 5659 2509 5710 ἐκ
2571 5655 2841 5727 διαφόρων
2893 5655 3061 5712 ἐθνῶν
3115 5653 3592 5724 συνειλεγμένους,
3636 5651 3735 5704 οὐκ
