4118 6410
243 330 251 345 ’
314 376 430 433 set

1238 367 1737 428 COMMENTAR‘IA
1770 367 1840 421 IN
1877 366 2132 422 ISAIAM.
2175 398 2238 409 —-
2277 363 2433 422 CAP.
2469 363 2688 419 XXXII.

3467 368 3574 423 39.2

316 497 395 551 ἂν
448 496 686 563 εὐλόγως
743 494 886 547 εῐποι
945 491 1097 554 ὅνους
1149 491 1407 564 ἀγρίους,
1466 492 1559 545 καὶ
1619 489 1886 560 διαφόρου‹

2011 501 2241 557 onagros
2263 486 2613 556 diversosque
2638 497 2827 556 greges
2844 483 3013 553 ipsam
3034 484 3346 554 depascere?
3369 485 3571 552 Quam-

312 589 530 658 ἀγέλας
578 583 1009 642 καταὸόσκεσθαι
1054 582 1249 652 αὐτήν.
1296 583 1386 635 Διὸ
1430 582 1707 635 λέλεκται·
1749 599 1767 631 ι
1796 582 1903 634 Εύο

314 680 570 753 φροσύνη
617 678 752 731 ὄνων
798 676 1022 747 ἀγρίων,
1063 676 1383 747 βοσκήματα
1425 675 1755 746 ποιμένων.»
1805 674 1902 728 Διά

312 773 501 826 ταῦτα
554 767 839 839 τοιγαροῦν
885 767 1212 840 προσέταξεν
1256 768 1383 838 ὑμῖν
1415 769 1443 821 6
1483 767 1638 835 λόγος
1687 768 1902 839 ἰσχυρὸν

316 864 596 918 ποιεῖσθαι
642 862 890 925 κοπετὸν,
939 860 1032 913 καὶ
1080 859 1159 931 τῷ
1200 859 1380 931 θρήνῳ
1423 859 1757 931 παραμένειν
1810 859 1901 912 ἐπὶ

310 956 604 1012 τοσοῦτον.

397 1068 422 1101 ‹
456 1050 600 1111 Ἕως
635 1046 701 1101 ἂν
730 1046 944 1099 ἐπέλθοι
977 1045 1061 1116 ἐφ’
1086 1044 1231 1115 ὑμᾶς
1263 1042 1486 1114 Πνεῦμα
1517 1042 1612 1113 ἀφ’
1637 1042 1894 1113 ὑψηλοῦ.»

308 1141 497 1194 Τοῦτο
522 1140 578 1193 δὲ
615 1136 683 1209 ἦν
718 1140 846 1209 περὶ
889 1132 949 1192 οὗ
982 1136 1219 1205 ἔφασκεν
1253 1138 1281 1189 6
1309 1136 1530 1206 Σωτήρ·
1573 1156 1591 1185 ε
1628 1135 1756 1188 Ἰδοὺ
1788 1133 1900 1203 ἐγὼ

309 1233 653 1303 ἀπέρχομαι,
696 1230 788 1282 καὶ
824 1227 1104 1281 ἀποστελῶ
1143 1228 1270 1297 ὑμῖν
1302 1226 1392 1279 τὸν
1430 1224 1803 1296 Παράκλητον,
1836 1224 1897 1277 τὸ

311 1323 549 1392 Πνεῦμα
587 1321 688 1390 τῆς
733 1318 988 1390 ἀληθείας
1008 1334 1021 1345 ·
1049 1336 1067 1369 ι
1105 1317 1195 1370 καλ.
1226 1316 1419 1370 πάλιν·
1466 1336 1485 1367 ‹
1518 1316 1661 1378 Ἕως
1688 1314 1754 1368 ἂν
1798 1313 1895 1367 λά-

313 1415 453 1485 ϐητε
495 1413 553 1485 ἐξ
584 1412 749 1482 ὕψους
782 1412 1025 1481 δύναμιν.
1054 1429 1073 1461 ι
1114 1409 1263 1462 Ἐπεὶ
1291 1409 1466 1461 τοίνυν
1506 1426 1523 1457 ι
1546 1407 1818 1477 Μακάριοι
1844 1407 1893 1459 οἰ

313 1484 663 1567 πενθοῦντες,
689 1504 770 1555 ὅτι
799 1499 1330 1574 παρακληθήσονται,
1362 1520 1379 1551 ι
1417 1498 1532 1561 καὶ,
1562 1516 1580 1547 ι
1618 1496 1892 1567 Μακάριοι

311 1599 363 1650 οἱ
389 1596 685 1659 κλαίοντες,
713 1595 793 1647 ὅτι
825 1592 1163 1661 γελάσουσιν·
1203 1610 1221 1643 ι
1261 1590 1485 1652 εἰκότως
1510 1591 1627 1652 ταῖς
1660 1588 1891 1659 προλεχ-

313 1686 547 1748 θείσαις,
576 1685 632 1738 αἳ
680 1683 768 1737 διά
816 1682 1013 1753 θρήνου
1052 1683 1145 1735 καὶ
1204 1680 1482 1751 κλαυθμοῦ
1526 1680 1620 1734 καὶ
1659 1678 1889 1733 κοπετοῦ

311 1777 415 1846 τὴν
446 1774 734 1846 μετάνοιαν
762 1771 1107 1836 ἐνεδείξαντο.
1135 1769 1463 1840 ἐπαγγελίαν
1498 1769 1710 1823 δίδωσιν
1748 1769 1888 1838 ἀγα-

314 1868 415 1938 θὴν
443 1868 541 1940 τὴν
563 1867 650 1920 διὰ
676 1866 770 1918 τοῦ
801 1864 1138 1935 Πνεύματος.

392 1979 412 2012 ι
443 1961 551 2014 Καὶ
585 1958 737 2013 ἔσται
787 1957 992 2029 ἔρημος
1036 1958 1063 2009 6
1097 1955 1334 2026 Χερμέλ,
1384 1954 1476 2008 καὶ
1507 1954 1535 2005 6
1568 1952 1783 2024 Χερμὲλ
1820 1952 1899 2017 είς

314 2050 514 2122 δρυμὸν
544 2048 958 2119 λογισθήσεται·
992 2046 1085 2099 καὶ
1113 2045 1485 2100 ἀναπαύσεται
1518 2045 1575 2097 ἐν
1606 2048 1673 2117 τῇ
1708 2045 1898 2117 ἐρήμῳ

314 2144 511 2213 κρῖμα,
540 2139 633 2195 καὶ
661 2138 973 2209 δικαιοσύνη
1005 2137 1063 2191 ἐν
1100 2137 1176 2208 τῷ
1204 2137 1488 2208 Καρμήλῳ
1522 2138 1854 2208 κατοικήσει.
1872 2155 1889 2188 ι

317 2233 544 2296 Λίϐανος
576 2232 673 2302 μὲν
705 2231 764 2284 τὸ
803 2230 928 2301 ὅρος
953 2229 1014 2283 τὸ
1059 2230 1151 2283 ἐπὶ
1191 2230 1289 2300 τῆς
1334 2229 1584 2300 Φοινίκης
1614 2227 1801 2298 ἐδήλου
1827 2228 1895 2283 τά

323 2323 480 2393 ἔθνη·
532 2323 823 2393 Κάρμηλος
875 2320 932 2373 δὲ
986 2320 1047 2373 τὸ
1099 2320 1223 2391 ὅρος
1278 2321 1339 2372 τὸ
1394 2319 1499 2372 ὑπὸ
1536 2318 1805 2382 Ἰουδαίοις
1837 2318 1895 2372 ὃν

322 2411 586 2483 πρότερον
614 2411 700 2464 τὸν
731 2412 792 2464 ἐκ
821 2410 1121 2481 περιτομῆς
1147 2410 1295 2474 λαὸν,
1320 2410 1440 2465 ὅθεν
1472 2412 1567 2466 καὶ
1597 2413 1893 2485 ἑρμηνεύε-

316 2517 409 2554 ται
442 2504 471 2554 ὀ
502 2501 733 2573 Χερμὲλ,
759 2501 950 2572 δηλαδὴ
982 2501 1290 2573 Κάρμηλος,
1332 2521 1350 2553 ι
1384 2503 1711 2572 Ἐπίγνωσις
1740 2522 1895 2577 περι·-

312 2594 509 2662 τομῆς.
539 2611 557 2643 ι
616 2593 717 2646 Τὸν
776 2592 1006 2648 Λίϐανον
1056 2592 1254 2658 τοίνυν,
1307 2593 1398 2647 τὸν
1451 2593 1747 2663 ἀλλόφυλον
1802 2597 1894 2649 καὶ

310 2682 573 2753 ἀλλογενῆ
610 2683 754 2749 λαὸν,
788 2684 879 2739 τὸν
909 2683 967 2751 ἐξ
1011 2683 1179 2740 ἐθνῶν
1214 2684 1641 2755 μεταδληθέντα,
1675 2685 1893 2741 ἔσεσθαί

313 2792 500 2844 φησιν,
522 2778 701 2839 ὁποῖος
735 2771 802 2846 ἦν
830 2777 858 2829 6
892 2774 1058 2828 πάλαι
1087 2773 1243 2845 παρά
1270 2774 1348 2845 τῷ
1384 2773 1503 2845 Θεῷ
1531 2776 1893 2847 τετιμημένος

306 2865 435 2930 λαὸς
481 2869 511 2920 6
555 2869 619 2920 ἐκ
652 2868 983 2939 περιτομῆς·
1036 2866 1196 2920 αὑτὸν
1243 2866 1301 2920 δέ
1349 2866 1441 2919 τὸν
1492 2869 1556 2920 ἐκ
1593 2867 1892 2938 περιτομῆς

304 2958 455 3022 λαὸν,
487 2959 706 3030 Χερμὲλ
737 2959 771 3029 ἢ
802 2958 1099 3031 Κάρμηλον
1138 2956 1556 3029 ὀνομαζόμενον,
1584 2960 1663 3022 είς
1690 2959 1890 3031 δρυμὸν

305 3047 743 3118 λογισθήσεσθαι.
773 3048 941 3101 Τοῦτο
967 3048 1146 3102 τοίνυν
1179 3049 1273 3101 καὶ
1304 3049 1362 3101 ἐν
1391 3051 1503 3111 τοῖς
1535 3048 1673 3118 μετὰ
1701 3052 1889 3120 χεῖρας

309 3140 564 3211 σημαίνει
597 3142 816 3210 φάσκων
846 3141 875 3192 6
896 3140 1050 3208 λόγος
1092 3140 1234 3194 κατά
1254 3141 1344 3194 τὸν
1377 3139 1698 3211 Σύμμαχον·
1736 3159 1753 3190 ι
1779 3141 1888 3194 Καὶ

311 3232 457 3285 ἔσται
490 3235 525 3304 ἡ
554 3232 757 3304 ἔρημος
800 3234 879 3295 είς
920 3232 1244 3304 Κάρμηλον·
1278 3251 1296 3284 ι
1335 3232 1411 3295 ὡς
1447 3232 1557 3303 γὰρ
1588 3233 1705 3285 ἐκεῖ
1729 3232 1758 3285 6
1792 3232 1889 3285 Λί-

319 3322 468 3386 ϐανος
500 3327 582 3388 εἰς
630 3324 925 3395 Κάρμηλον
974 3322 1191 3392 ἐλέγετο
1234 3321 1684 3393 μεταϐάλλεσθαι,
1715 3321 1887 3387 οὕτως

324 3415 543 3469 ἐνταῦθα
588 3418 621 3486 ἡ
668 3415 894 3488 ἔρημος,
922 3414 1010 3468 ἵνα
1047 3411 1080 3490 ᾖ
1128 3414 1323 3469 ταύτὸν
1366 3414 1459 3468 καὶ
1500 3412 1704 3485 ἔρημος
1734 3413 1763 3465 6
1792 3414 1889 3467 Λί-

321 3504 502 3571 ϐανος,
548 3507 690 3561 οὓτω
730 3505 1067 3579 δηλουμένης
1098 3506 1197 3577 τῆς
1231 3504 1289 3572 ἐξ
1331 3504 1500 3558 ἐθνῶν
1524 3504 1882 3576 Ἐκκλησίας,

311 3596 429 3663 ἥτις
484 3596 877 3668 μεταϐέϐληται
928 3598 1008 3660 είς
1057 3596 1373 3668 Κάρμηλον.
1404 3595 1615 3666 ’Ὠσπερ
1664 3595 1772 3667 γὰρ
1816 3590 1884 3666 ἦν

313 3686 478 3740 πάλαι
512 3688 772 3759 πρότερον
812 3709 831 3740 ι
861 3688 1018 3760 μερὶς
1045 3689 1252 3760 Κυρίου
1299 3688 1424 3752 λαὸς
1465 3687 1627 3741 αὑτοῦ
1668 3687 1880 3752 Ἰακὼϐ,

308 3778 597 3847 σχοίνισμα
631 3779 991 3850 κληρονομίας
1036 3777 1200 3833 αὐτοῦ
1243 3778 1486 3851 Ἰσραήλ·
1520 3797 1538 3829 ι
1577 3780 1605 3832 ὅ
1630 3796 1689 3831 τε
1733 3777 1883 3849 Κάρ-

306 3869 483 3940 μηλος
521 3866 587 3940 ῆν
617 3872 909 3940 ἐπίγνωσιν
939 3871 1075 3942 ἔχων
1107 3871 1236 3941 περὶ
1263 3870 1493 3940 ταύτης·
1528 3870 1700 3933 οὕτως
1729 3871 1758 3921 6
1785 3868 1880 3923 Λί-

299 3965 471 4026 ϐανος
518 3965 611 4017 καὶ
645 3966 678 4034 ή
723 3964 891 4017 πάλαι
934 3964 1157 4035 ἕρημος,
1187 3965 1279 4017 ἐπὶ
1324 3963 1384 4015 τὸ
1431 3966 1673 4034 κρεῖττον
1714 3980 1878 4033 μετα-

297 4055 578 4116 δαλοῦσα,
617 4055 805 4123 γέγονε
855 4056 1012 4125 μερὶς
1070 4054 1166 4108 τοῦ
1216 4054 1387 4107 Θεοῦ·
1429 4056 1505 4119 ὡς
1542 4050 1607 4109 αὖ
1655 4054 1816 4108 πάλιν
1850 4055 1880 4107 6

298 4143 606 4214 Κάρμηλος
659 4147 739 4208 είς
792 4145 997 4216 δρυμὸν
1048 4146 1320 4216 ἐλογίσθη.
1370 4146 1585 4218 Δρυμὸς
1647 4146 1703 4199 δέ
1762 4146 1879 4199 ἐστι

297 4235 506 4306 χωρίον
538 4237 719 4305 φυτῶν
784 4238 991 4308 ἀγρίων
1036 4238 1130 4292 καὶ
1188 4238 1453 4310 ἀκάρπων
1512 4237 1749 4309 πλῆρες·
1798 4237 1878 4290 διὸ

301 4326 537 4397 σύνηθες
580 4330 647 4399 τῇ
681 4329 800 4401 θείᾳ
842 4330 1030 4401 Γραφῇ
1075 4330 1145 4383 τά
1188 4329 1317 4401 ἔθνη
1363 4330 1433 4384 τά
1476 4329 1567 4383 τὸν
1600 4328 1732 4383 Θεὸν
1778 4328 1877 4382 οὐκ

301 4418 515 4483 εἰδότα,
559 4418 763 4491 δρυμὸν
788 4418 1108 4493 ὀνομάζειν,
1153 4421 1230 4485 ὡς
1279 4421 1540 4485 πολλάκις
1589 4420 1874 4489 ἀπεδείξα-

302 4524 432 4578 μεν.
688 4532 691 4537 -

381 4614 402 4649 ι
441 4596 549 4651 Καὶ
609 4597 760 4651 ἔσται
804 4599 875 4653 τά
918 4599 1054 4673 ἔργα
1098 4600 1196 4672 τῆς
1242 4599 1586 4672 δικαιοσύνης
1650 4601 1877 4674 εἰρήνη,

299 4686 401 4742 καὶ
448 4690 709 4761 κρατήσει
749 4692 1123 4763 ήδικαιοσύνη
1165 4692 1492 4756 ἀνάπαυσιν,
1538 4692 1633 4746 καὶ
1684 4709 1877 4746 πεποι-

299 4779 457 4844 θότες
489 4782 590 4846 ἕως
615 4782 709 4835 τοῦ
745 4782 960 4847 αἰῶνος.
994 4785 1106 4839 Καὶ
1133 4787 1450 4856 κατοικήσει
1482 4786 1511 4838 6
1548 4784 1675 4849 λαὸς
1715 4786 1877 4839 αὑτοῦ

299 4874 365 4926 ἐν
393 4873 543 4926 πόλει
576 4876 817 4945 εἰρήνης,
854 4875 949 4929 καὶ
976 4876 1243 4946 ἐνοικήσει
1276 4875 1570 4943 πεποιθὼς,
1606 4880 1701 4931 καὶ
1745 4878 1876 4933 ἀνα-

302 4964 606 5018 παύσονται
648 4965 786 5036 μετά
825 4965 1074 5019 πλούτου.
1102 4985 1120 5017 ι
1178 4965 1321 5019 Ἀντί
1346 4965 1456 5038 γάρ
1496 4967 1596 5038 τῆς
1624 4966 1877 5040 καθαιρε-

302 5055 493 5126 θείσης
522 5056 727 5121 πόλεως
758 5057 859 5129 τῆς
890 5057 1130 5129 μεγάλης
1164 5058 1377 5129 ἐκείνης
1417 5059 1509 5112 καὶ
1541 5058 1873 5131 γαυριὼσης,

298 5150 495 5218 ἑτέραν
535 5146 613 5218 τῷ
653 5147 772 5219 Θεῷ
821 5149 1184 5220 συστήσεσθαι
1217 5149 1394 5212 πόλιν,
1424 5150 1522 5220 τὴν
1563 5151 1672 5203 ἀπὸ
1705 5151 1876 5221 περά-

295 5259 409 5296 των
440 5241 543 5307 ἒως
586 5242 836 5312 περάτων
871 5241 1158 5313 καθολικὴν
1199 5241 1542 5313 Ἐκκλησίαν,
1573 5243 1667 5296 καὶ
1710 5242 1771 5299 τὸ
1816 5245 1874 5296 ἐν

296 5336 439 5407 αὐτῇ
493 5336 825 5406 πολίτευμα,
879 5336 1143 5402 θεσπίζει.
1196 5336 1421 5390 Βέϐαιον
1466 5337 1576 5407 γὰρ
1629 5337 1738 5389 τῶν
1791 5338 1873 5401 είς

294 5430 432 5486 Θεὸν
460 5431 899 5486 πεπιστευκότων
924 5430 989 5495 τὸν
1016 5431 1290 5503 φρόνημα.
1326 5429 1487 5483 Πόλιν
1520 5430 1740 5501 εἰρήνης
1770 5431 1870 5503 τὴν

295 5527 359 5580 ἐν
425 5527 539 5589 τοῖς
600 5525 845 5596 οὐρανοῖς
896 5523 1076 5592 λέγει·
1130 5544 1148 5576 ι
1206 5526 1274 5577 Ἦ
1328 5523 1436 5595 γὰρ
1496 5522 1631 5589 ἀνω,
1709 5524 1871 5593 φησὶ,

306 5617 664 5690 Ἰερουσαλὴμ
693 5615 954 5687 ἐλευθέρα
991 5616 1128 5685 ἐστὶ,
1175 5618 1358 5691 μήτηρ
1400 5615 1616 5670 πάντων
1657 5613 1865 5685 ήμῶν.»

369 5797 417 5831 ⁸³
442 5795 598 5855 Joan.
637 5813 725 5863 xv,
752 5796 841 5851 26.
920 5796 962 5827 ³⁸
992 5795 1102 5850 Luc
1152 5810 1303 5860 xxv,
1340 5794 1428 5849 49.
1506 5793 1550 5825 ³⁸
1578 5790 1767 5846 Matth.
1806 5790 1919 5855 v,5.

2009 579 2192 633 obnem
2242 578 2434 633 dicitur
2470 594 2484 631 :
2517 594 2535 628 ι
2567 575 2776 630 Laetitia
2832 589 3184 644 onagrorum,
3224 588 3421 644 pascua
3472 590 3570 645 pa-

2008 681 2276 727 storum.)
2330 669 2452 724 Ideo
2496 668 2767 737 planctum
2822 682 3074 737 magnum
3136 681 3234 723 vos
3279 667 3442 723 edere
3484 667 3574 736 ju-

2008 765 2119 830 bet,
2155 774 2209 818 et
2231 762 2283 816 in
2316 761 2460 816 luctu
2497 773 2862 831 perseverare.

2076 1029 2239 1088 Vens.
2272 1029 2360 1084 15.
2398 1047 2418 1081 ‹
2438 1028 2617 1084 Donec
2638 1030 2822 1083 veniat
2850 1030 2901 1083 in
2931 1044 3028 1083 vos
3049 1028 3285 1097 Spiritus
3308 1041 3374 1083 ex
3398 1029 3564 1084 alto.»

2006 1119 2093 1174 Ille
2147 1129 2324 1173 autem
2385 1127 2503 1173 erat
2555 1119 2623 1173 de
2681 1133 2787 1188 quo
2845 1118 3095 1173 Salvator
3136 1119 3250 1175 haec
3298 1119 3567 1189 protulit:

2009 1231 2029 1264 ι
2058 1211 2199 1267 Ecce
2224 1225 2323 1280 ego
2352 1213 2511 1273 vado,
2556 1218 2610 1265 et
2639 1212 2846 1264 mittam
2871 1211 3022 1264 vobis
3053 1211 3412 1275 Paracletum,
3442 1211 3567 1280 Spi-

2002 1304 2163 1358 ritum
2197 1302 2543 1366 veritatis”;
2577 1321 2596 1353 ι
2632 1302 2938 1369 iterumque
2970 1319 3027 1355 ει
3058 1301 3239 1357 Donec
3281 1304 3567 1372 accipiatis

2000 1399 2251 1453 virtutem
2306 1413 2373 1452 ex
2427 1397 2536 1451 alto
2556 1397 2621 1452 “.
2654 1415 2673 1449 ι
2731 1396 2866 1463 Quia
2916 1397 3080 1467 igitur
3134 1415 3153 1448 ι
3186 1397 3330 1452 Beati
3362 1398 3451 1467 qui
3485 1398 3566 1451 lu-

1999 1502 2147 1563 gent,
2172 1491 2429 1560 quoniam
2454 1489 2901 1553 consolabuntur,
2928 1508 2947 1542 ι
2979 1498 3054 1555 et,
3085 1508 3103 1539 ι
3128 1488 3275 1544 Beati
3299 1490 3389 1559 qui
3416 1489 3566 1557 ﬂent‘,

1998 1584 2253 1654 quoniam
2303 1582 2648 1649 ridebunt";
2684 1582 2849 1651 ijure
2903 1581 3173 1651 praedictis
3230 1580 3564 1645 mulieribus,

1997 1691 2115 1745 quae
2140 1674 2289 1740 ﬂetu,
2322 1675 2579 1746 lacrymis
2637 1683 2695 1729 et
2724 1674 2940 1743 planctu
2976 1671 3349 1742 paenitentiam
3378 1673 3567 1742 prtere-

1997 1767 2209 1832 rebant,
2236 1764 2648 1836 promissionem
2698 1764 2911 1820 confert
2947 1763 3144 1819 bonam
3173 1777 3269 1833 per
3306 1762 3566 1832 Spiritum

1924 1846 1967 1902 Β
1998 1858 2347 1913 aﬂ'erendam.

2066 1950 2231 2006 Vens.
2265 1949 2353 2003 16.
2396 1966 2415 2000 ι
2446 1948 2515 2003 Et
2547 1947 2654 2002 erit
2693 1946 2968 2002 desertum
2997 1944 3273 2011 Chermel,
3311 1954 3366 2000 et
3393 1942 3564 1999 Cher-

1997 2042 2103 2098 mel
2150 2042 2203 2097 in
2255 2042 2453 2098 saltum
2507 2040 2978 2109 reputabitur:et
3032 2038 3343 2107 requiescet
3372 2038 3426 2092 in
3463 2038 3559 2092 de-

1995 2145 2144 2191 serto
2177 2134 2457 2205 judicium,
2489 2143 2541 2187 et
2566 2132 2782 2200 iustitia
2828 2132 2883 2187 in
2930 2131 3180 2187 Carmelo
3229 2130 3514 2186 habitabit.
3540 2148 3559 2181 ι

1998 2229 2238 2284 Libanus
2265 2242 2421 2281 mons
2454 2223 2747 2280 thnicia:
2783 2222 3094 2288 imminens,
3123 2232 3314 2291 gentes
3355 2220 3564 2291 signiti-

1995 2319 2172 2383 cabat,
2210 2315 2492 2373 Carmelus
2538 2325 2719 2369 autem
2762 2327 2944 2377 mons,
2983 2312 3078 2382 qui
3102 2312 3331 2367 antehac
3357 2309 3568 2366 Judazo—

1996 2426 2114 2465 rum
2143 2418 2284 2471 erat,
2317 2406 2571 2477 populum
2600 2420 2668 2460 ex
2696 2404 3118 2460 circumcisione
3149 2419 3162 2455 :
3189 2402 3334 2459 unde
3390 2401 3561 2457 Cher—

1994 2501 2122 2565 mel,
2150 2500 2263 2555 sive
2290 2498 2592 2556 Carmelus.
2623 2497 2692 2551 ita
2722 2495 2952 2551 vertitur
2983 2510 2998 2547 :
3022 2494 3262 2565 Cognitio
3290 2494 3563 2547 circumci-

1992 2592 2177 2648 siom’s.
2219 2589 2482 2644 Libanum
2515 2603 2665 2658 ergo,
2697 2587 2952 2641 videlicet
2984 2587 3342 2656 alienigenam
3370 2594 3427 2640 et
3463 2601 3560 2640 ex-

1994 2694 2239 2738 traneum
2290 2679 2544 2751 populum
2599 2694 2668 2734 ex
2717 2678 2967 2747 gentibus
3014 2693 3360 2743 conversum,
3400 2678 3560 2732 talem

1990 2773 2226 2831 futurum
2276 2774 2370 2837 ait,
2421 2770 2597 2841 qualis
2632 2778 2750 2826 erat
2778 2770 2869 2825 ille
2901 2769 3032 2825 olim
3088 2769 3314 2839 populus
3358 2783 3425 2823 ex
3459 2770 3565 2822 cir.

1990 2866 2341 2928 cumcis'tone,
2372 2864 2511 2933 apud
2546 2862 2715 2919 Deum
2741 2861 3061 2926 honoratus,
3092 2860 3268 2931 ipsum
3302 2874 3432 2915 vero
3474 2875 3563 2930 po-

1990 2958 2173 3029 pulum
2200 2972 2267 3012 ει
2285 2954 2722 3020 circumcisione,
2755 2954 2842 3023 qui
2878 2953 3127 3007 Cltermcl
3162 2963 3254 3007 aut
3281 2953 3562 3011 Carmelus

1990 3050 2205 3112 dicitur,
2241 3048 2294 3103 in
2320 3047 2514 3103 saltum
2554 3046 2906 3117 reputandum
2938 3044 3070 3097 fore.
3093 3044 3245 3110 Quod
3282 3044 3452 3113 ipsum
3481 3045 3563 3098 in-

1990 3140 2133 3194 dicat
2174 3140 2459 3208 prtesentis
2490 3137 2593 3193 loci
2654 3134 3028 3204 interpretatio
3084 3135 3379 3189 secundum
3409 3133 3562 3205 Sym-

1996 3232 2393 3301 machum,qu:e
2411 3231 2491 3286 sic
2518 3229 2682 3285 habet
2710 3244 2726 3283 :
2753 3227 2969 3283 «Eterit
2989 3227 3255 3283 desertum
3277 3228 3329 3282 in
3350 3229 3563 3282 Carme-

1994 3321 2125 3377 lurn.
2142 3322 2629 3389 iQuemadrmdum
2658 3320 2803 3376 enim
2823 3319 2892 3375 ibi
2924 3317 3161 3374 Libauus
3188 3320 3240 3373 in
3261 3318 3558 3374 Carmelum

1992 3413 2284 3466 vertendus
2324 3411 2642 3472 dicebatur;
2673 3408 2752 3465 sic
2790 3418 2844 3463 et
2872 3408 2975 3463 hoc
3006 3407 3124 3464 loco
3165 3409 3464 3473 desertum;
3501 3417 3561 3463 ut

1992 3504 2133 3559 idem
2158 3506 2230 3559 sit
2259 3505 2402 3574 quod
2446 3504 2721 3559 desertum
2746 3501 3005 3566 Libanus,
3029 3517 3134 3572 quo
3159 3502 3425 3556 iudicatur
3457 3499 3557 3557 Ec-

1989 3594 2155 3649 clesia
2198 3609 2262 3647 ex
2314 3594 2586 3663 gentibus.
2635 3607 2754 3662 qum
2786 3600 2991 3646 mutata
3020 3601 3105 3647 est
3138 3592 3190 3646 in
3224 3590 3553 3647 Carmelum.

1989 3686 2454 3754 Quemadmodum
2499 3684 2645 3738 enim
2708 3684 2861 3754 prius
2909 3692 3027 3736 erat
3064 3701 3083 3733 ι
3112 3684 3291 3753 portio
3346 3684 3557 3739 Domini

2001 3776 2228 3847 populus
2280 3773 2398 3843 ejus
2445 3772 2614 3827 Jacob
2645 3812 2663 3837 ,
2722 3772 2992 3827 funiculus
3054 3774 3389 3830 hereditatis
3440 3775 3559 3843 ejus

1987 3865 2151 3923 Israel
2182 3866 2252 3930 ³⁸,
2312 3883 2330 3916 ι
2364 3873 2419 3920 et
2446 3862 2728 3921 Carmelus
2773 3863 2827 3916 in
2859 3862 3217 3933 cognitionem
3249 3866 3367 3935 ejus
3394 3881 3558 3921 vene-

1986 3967 2105 4021 rat;
2134 3954 2216 4011 sic
2241 3962 2296 4010 et
2321 3953 2580 4021 Libanus,
2607 3960 2663 4008 et
2689 3951 2821 4007 illud
2875 3951 3002 4006 olim
3048 3952 3319 4009 desertum
3352 3954 3404 4010 in
3438 3971 3557 4009 me-

1984 4050 2171 4105 liorem
2218 4047 2582 4104 conditionem
2640 4053 2928 4112 ntutatum,
2982 4045 3179 4099 factum
3233 4056 3317 4101 est
3377 4048 3558 4117 portio

1984 4141 2109 4206 Dei;
2149 4150 2208 4195 ut
2233 4154 2262 4194 e
2288 4137 2561 4195 contrario
2599 4135 2878 4193 Carmelus
2909 4136 2964 4190 in
3020 4134 3216 4192 saltum
3271 4147 3554 4205 reputatus

1983 4243 2087 4289 est.
2127 4230 2309 4287 Saltus
2344 4246 2505 4301 porro
2535 4230 2686 4285 locus
2715 4239 2797 4284 est
2837 4228 3143 4299 agrestibus
3178 4240 3230 4282 et
3258 4228 3555 4285 infrucmo-

1982 4324 2059 4379 sis
2098 4321 2382 4377 arboribus
2421 4322 2662 4391 repletus
2691 4331 3061 4392 :quapropter
3104 4335 3220 4375 mos
3271 4330 3357 4375 est
3397 4318 3549 4375 Scri-

1981 4424 2150 4482 pturtr
2175 4414 2373 4469 divina:
2403 4422 2616 4485 gentes,
2645 4428 2765 4482 quae
2789 4412 2954 4468 Deum
2990 4427 3095 4467 non
3129 4422 3352 4479 norunt,
3385 4412 3557 4475 saltus

1908 4533 1953 4589 Β
1982 4523 2317 4580 nuncupare,
2350 4520 2411 4562 ut
2434 4508 2753 4579 plerumque
2787 4507 3361 4564 commonsrravimus.

2053 4601 2211 4656 Vens.
2247 4602 2334 4667 l7,
2366 4599 2454 4657 l8.
2489 4617 2508 4652 ι
2536 4600 2604 4654 Ει
2650 4608 2810 4654 erunt
2861 4614 3024 4669 opera
3078 4597 3301 4667 iustitia:
3335 4614 3461 4669 pax,
3496 4611 3553 4657 et

1975 4692 2244 4747 obtinebit
2295 4690 2502 4760 iustitia
2553 4690 2823 4760 requiem,
2880 4700 2936 4746 et
2987 4690 3329 4747 conﬁdentes
3390 4705 3551 4750 erunt

1976 4800 2146 4855 usque
2190 4784 2243 4839 in
2295 4792 2578 4838 aeternum.
2630 4783 2695 4837 Et
2750 4784 3021 4839 habitabit
3078 4784 3308 4855 papulus
3349 4786 3465 4853 ejus
3496 4788 3553 4849 in

1976 4879 2112 4933 urbe
2138 4876 2307 4946 pacis,
2334 4884 2389 4931 et
2419 4875 2743 4931 inhabitabit
2782 4876 3087 4942 conﬁdens,
3120 4890 3176 4932 et
3203 4880 3547 4947 requiescent

1979 4982 2100 5021 cum
2134 4966 2357 5022 divitiis.
2391 4984 2411 5019 ι
2440 4965 2572 5021 Nam
2616 4982 2715 5037 pro
2747 4984 2939 5041 magna
2977 4978 3033 5024 et
3061 4969 3393 5039 tripudlante
3418 4969 3550 5026 urbe

1974 5057 2087 5127 jam
2149 5058 2349 5122 deleta,
2404 5058 2563 5112 aliam
2636 5059 2748 5116 Deo
2824 5063 3258 5120 constituendam
3321 5065 3546 5131 urbem,

1979 5150 2094 5204 sive
2163 5151 2488 5205 catholicam
2559 5150 2897 5216 Ecclesiam.
2961 5170 2991 5210 a
3061 5157 3311 5212 terminis
3376 5172 3548 5225 usque

1977 5246 2044 5299 ad
2094 5245 2353 5301 terminos
2392 5255 2548 5303 terrae
2606 5249 3022 5319 pertingentem,
3072 5261 3129 5306 et
3181 5252 3326 5323 pium
3371 5252 3423 5304 in
3458 5251 3547 5305 illa

1976 5340 2097 5394 vitae
2141 5339 2484 5406 institutum,
2549 5341 2891 5401 vaticinatur.
2967 5342 3148 5397 Firma
3218 5342 3415 5411 quippe
3464 5350 3549 5396 est

1974 5445 2184 5495 eorum,
2243 5431 2332 5500 qui
2386 5432 2443 5486 in
2498 5432 2663 5488 Deum
2706 5435 2956 5501 credunt,
3006 5450 3159 5489 mens
3211 5443 3266 5489 et
3331 5444 3546 5488 senten-

1977 5524 2068 5577 tia.
2101 5522 2393 5579 Civitatem
2423 5525 2573 5593 pacis
2612 5535 2773 5581 vocat
2814 5524 2958 5580 illam
2993 5540 3115 5594 qua:
3147 5526 3202 5580 in
3233 5523 3391 5579 ctelis
3420 5536 3541 5580 est:

1974 5631 2095 5671 nam
2128 5634 2146 5668 ι
2178 5616 2285 5683 illa,
2327 5616 2526 5687 inquit,
2545 5633 2669 5684 quae
2691 5632 2906 5674 sursum
2936 5626 3020 5673 est
3046 5614 3373 5685 Jerusalem,
3407 5615 3543 5673 libe-

2027 5791 2070 5823 ³⁸
2096 5791 2249 5846 Deut.
2284 5807 2455 5860 χχιιι,
2487 5792 2541 5847 9.
