2059 3203
275 163 333 191 525⁸

627 159 761 189 EUSEBII
779 159 1016 188 CASSARIENSIS
1034 160 1108 188 OPP.
1129 160 1221 188 PARS
1240 158 1285 187 III.
1304 174 1341 180 —
1358 156 1564 186 EXEGETICA.

1848 156 1901 183 324

275 230 307 250 ra
321 224 373 252 est,
390 223 478 248 mater
493 218 614 247 omnium
640 222 763 245 nostrum
775 217 808 243 ³⁷.
820 226 830 243 ι
850 217 948 245 Urbem
970 223 1059 244 autem

1111 217 1190 243 Πόλιν
1204 216 1232 243 δὲ
1253 215 1420 253 ἀμεριμνίας
1441 214 1489 241 καὶ
1514 214 1564 245 τὰς
1586 212 1730 248 διαφόρους
1753 211 1825 246 λέγει
1849 220 1899 247 μο-

276 265 432 294 securitatis
446 268 525 292 vocat
539 264 631 291 varias
643 263 705 291 illas
723 263 879 290 mansiones
893 271 900 289 :
914 270 976 290 nam
990 264 1059 298 apud

277 313 397 345 Patrem,
418 311 505 346 inquit
513 310 548 344 ³⁸,
570 310 727 338 mansiones
744 309 854 343 multa,
872 316 933 344 quae
952 309 1060 337 divitias

278 366 415 394 nunquam
438 356 596 393 expilandas
614 360 736 384 servant.
761 355 867 383 Etenim
889 364 899 381 ι
916 354 1060 383 Thesauri-

278 411 349 438 zate,
373 404 460 439 inquit
476 404 509 436 ³⁹.
531 403 576 430 ubi
598 409 648 430 nec
672 409 773 438 aerugo,
796 408 846 429 nec
873 402 946 429 tinea
969 401 1061 429 demo-

277 452 352 484 litur,
368 457 455 485 neque
469 449 544 484 [ures
554 447 688 476 eﬂ‘odiunt
699 453 727 476 et
741 448 877 475 furantur.
890 456 901 473 ι

313 496 396 524 Vens.
423 496 466 530 t9,
484 496 531 523 20.
549 504 559 522 ‹
574 494 687 523 Grando
709 499 799 522 autem
830 494 853 521 si
876 493 1059 527 descenderit,

277 551 331 571 nou
346 543 380 571 ad
394 549 443 570 vos
458 542 559 570 veniet.
574 541 607 569 Et
622 544 704 568 erunt
727 540 774 575 qui
795 539 919 567 habitant
941 538 968 566 in
985 538 1061 566 salti-

277 590 329 617 bus
343 589 522 620 conﬁdentes,
538 588 609 615 sicut
623 587 668 622 qui
685 586 712 614 in
727 585 848 621 planitie.
867 585 942 613 Beati
955 585 1002 620 qui
1018 592 1061 613 se—

278 637 383 664 mlnant
396 642 478 670 super
493 641 600 662 omnem
614 639 723 668 aquam,
742 631 785 659 ubi
800 631 848 659 bos
862 636 890 659 et
902 631 994 658 asinus
1005 630 1062 658 eal-

277 688 374 711 cantu
404 681 454 710 Hic
484 681 576 708 beatos
603 679 730 715 praedicat
753 677 890 713 apostolos
912 677 1061 705 Salvatoris

277 729 376 762 nostri,
390 732 419 756 et
434 727 537 763 primos
550 725 687 761 Evangelii
700 730 848 759 praecones,
861 723 906 758 qui
918 727 946 750 et
961 721 1060 751 Iudaeis

277 781 308 804 et
323 775 427 804 Graecis
449 773 641 809 praedicarunt,
662 779 693 799 ac
718 777 811 798 semen
836 776 914 797 suum
933 768 1061 804 coniece-

277 825 343 850 runt
362 820 390 849 in
414 827 523 848 omnem
541 818 689 852 hominem,
706 817 827 845 Judaeum
849 816 949 852 primo,
964 815 1062 843 deinde

277 868 402 897 Graecum
414 875 422 893 :
434 867 483 894 bos
495 866 577 898 enim,
590 869 682 899 utpote
693 863 821 891 mundum
831 861 941 894 animal,
949 861 1061 897 populus

1110 264 1157 295 νάς
1168 272 1174 277 -
1191 263 1287 290 πολλαὶ
1309 262 1374 298 γὰρ,
1389 261 1465 297 φησὶ,
1485 260 1565 296 μοναὶ
1579 259 1657 295 παρὰ
1671 258 1712 293 τῷ
1735 258 1820 294 Πατρί
1835 263 1898 293 μου,

1110 309 1199 344 ἔχουσι
1219 308 1249 335 δὲ
1271 309 1320 336 καὶ
1334 307 1380 335 τὸν
1404 306 1518 333 πλοῦτον
1541 306 1586 332 τὸν
1611 305 1718 333 ἄσυλον.
1738 314 1748 329 ι
1764 304 1900 339 Θησαυρί-

1110 355 1170 387 ζετε
1205 354 1259 390 γὰρ
1276 374 1284 387 ,
1321 353 1416 388 φησιν,
1450 352 1517 378 ὅπου
1555 350 1604 386 σὴς
1631 350 1679 377 καὶ
1711 349 1813 385 βρῶσις
1849 349 1900 376 οὐκ

1109 399 1252 434 ἀφανίζει,
1271 399 1331 426 οὐδὲ
1356 397 1471 425 κλέπται
1497 395 1670 432 διορύσσουσι
1688 395 1736 422 καὶ
1763 393 1915 423 κλέπτου-“

1111 454 1164 472 σιν.
1181 455 1191 471 1

1148 500 1157 516 t
1179 490 1211 517 Ἦ
1226 490 1256 517 δὲ
1271 487 1386 525 χάλαζα,
1406 489 1454 515 ἐὰν
1471 487 1589 523 καταϐῇ,
1606 486 1656 514 οὐκ
1678 486 1720 521 ἐφ’
1735 486 1806 521 ὑμᾶς
1825 485 1899 521 ἥξει.

1110 536 1165 562 Καὶ
1185 535 1291 561 ἔσονται
1307 535 1332 560 οί
1349 532 1515 564 ἐνοικοῦντες
1539 533 1568 558 έν
1589 531 1644 563 τοῖς
1666 531 1777 567 δρυμοῖς
1803 538 1902 557 πεποι-

1111 581 1201 613 θότες,
1220 580 1258 612 ὡς
1274 580 1299 607 οἱ
1317 581 1346 607 ὲν
1366 581 1400 615 τῇ
1416 578 1520 614 πεδινῇ.
1537 577 1673 613 Μακάριοι
1693 577 1717 604 οἱ
1741 576 1901 611 σπείροντες

1111 627 1157 653 ἐπὶ
1170 627 1224 653 πᾶν
1239 626 1322 660 ὕδωρ,
1335 620 1366 652 οὗ
1384 624 1448 660 βοῦς
1463 624 1510 651 καὶ
1531 623 1592 655 δνος
1615 622 1705 650 πατεῖ.
1719 632 1729 648 ι
1747 620 1901 657 Μακαρίζει

1109 672 1138 698 δὲ
1156 671 1201 698 διὰ
1216 671 1318 698 τούτων
1333 671 1396 702 τοὺς
1417 669 1581 700 ἀποστόλους
1601 667 1648 694 τοῦ
1669 667 1794 703 Σωτῆρος
1809 666 1901 702 ἡμῶν,

1110 716 1158 743 καὶ
1181 717 1244 749 τοὺς
1266 717 1390 753 πρώτους
1413 716 1536 751 κήρυκας
1560 714 1608 741 τοῦ
1633 713 1811 749 Εὑαγγελίου,
1835 713 1901 743 τοὺς

1111 763 1157 790 καὶ
1175 762 1308 793 Ἰουδαίοις
1322 761 1370 788 καὶ
1385 760 1496 796 Ἕλλησι
1511 759 1692 796 κηρύξαντας,
1711 758 1758 785 καὶ
1772 758 1818 784 τὸν
1834 757 1902 784 σπό-

1112 817 1158 844 ρον
1192 807 1281 835 αὺτῶν
1316 806 1552 841 καταϐαλομένους
1583 804 1630 831 ἐπὶ
1666 804 1755 831 πάντα
1793 802 1902 838 ἀνθρω-

1112 863 1163 881 πον
1182 852 1309 880 Ἰουδαῖόν
1324 861 1354 879 τε
1372 851 1480 888 πρῶτον
1501 851 1548 878 καὶ
1559 850 1676 886 Ἕλληνα
1687 858 1693 864 ·
1711 848 1775 884 βοῦς
1787 849 1840 885 γὰρ
1855 848 1903 876 διὰ

278 923 312 944 ex
328 913 546 945 circumcisione,
564 915 670 946 patrum
691 917 801 937 suorum
826 915 917 940 causa,
931 911 1061 940 vocatur;

1112 901 1174 932 τοὺς
1197 900 1334 936 πατέρας,
1364 899 1463 925 ὡσανεὶ
1487 897 1605 933 καθαρὸν
1629 896 1707 929 ζῶον,
1729 897 1744 923 ό
1764 897 1796 923 ὲκ
1819 904 1903 931 περι-

278 961 372 988 asinus
381 963 482 992 autem,
490 962 582 993 utpote
592 956 726 991 impurus,
736 955 833 983 dicitur
847 954 961 990 populus
973 961 1007 981 ex
1019 960 1064 987 pa-

277 1005 365 1034 tribus
376 1004 522 1033 idololatris
539 1002 705 1038 progenitus.
713 1001 844 1035 Quoniam
868 1000 950 1035 igitur
971 1000 998 1026 in
1017 998 1063 1027 Ju-

277 1051 349 1080 daos
357 1049 589 1087 primum,deinde
604 1049 631 1076 in
645 1048 755 1075 Gnecos
771 1046 956 1081 evangelicum
969 1053 1063 1074 semen

276 1097 391 1133 apostoli
414 1096 563 1124 Salvatoris
582 1094 667 1122 nostri
679 1093 832 1129 iaciebant;
852 1092 916 1127 iure
938 1091 1061 1119 dicitur:

278 1153 289 1172 t
301 1145 399 1173 Beatus
407 1144 452 1180 qui
462 1144 579 1172 seminat
591 1149 673 1178 super
679 1148 786 1170 omnem
799 1147 866 1175 aqua
872 1147 907 1174 m,
918 1139 962 1167 ubi
975 1139 1025 1167 bos
1035 1144 1063 1168 et

276 1193 368 1221 asinus
383 1193 497 1220 calcant.
514 1201 523 1217 ι
540 1190 590 1219 llic
613 1197 695 1226 porro
721 1196 770 1224 per
784 1195 889 1224 _aquam
909 1187 1064 1215 subindicat

277 1239 396 1268 divinam
413 1238 592 1274 Seripturam,
607 1236 695 1272 quatta
709 1235 863 1264 Iudaeorum
878 1238 906 1263 et
921 1234 1062 1270 gentilium

275 1286 375 1324 popqu
393 1285 521 1314 calcatur.

367 1347 369 1349 ·
531 1330 646 1360 CAPUT
665 1329 788 1358 XXXIII.

311 1378 396 1408 Vns.
414 1379 442 1407 I.
459 1386 469 1405 t
484 1378 530 1407 Vae
550 1378 584 1406 iis
607 1377 654 1413 qui
673 1384 722 1404 vos
742 1376 857 1404 miseros
880 1374 993 1408 faciunt,
1013 1375 1062 1403 sed

277 1432 357 1453 nemo
373 1432 422 1453 vos
437 1425 553 1452 miseros
568 1424 654 1452 facit:
668 1427 696 1450 et
710 1423 756 1458 qui
779 1422 905 1457 reprobat
927 1429 987 1455 vos,
1009 1429 1061 1449 non

277 1471 581 1505 reprobatmapientur
602 1469 780 1505 reprobantes
804 1474 833 1497 et
855 1469 1006 1502 tradentur,
1035 1473 1062 1496 et

277 1515 356 1551 quasi
371 1516 443 1544 tinea
467 1516 494 1544 in
519 1515 692 1549 vestimento,
710 1515 750 1543 sic
764 1515 972 1550 superabantur.
987 1524 997 1542 ι
1015 1514 1062 1544 His

278 1561 432 1590 consimilia
450 1567 514 1589 sunt
538 1569 581 1595 ea,
597 1561 674 1597 queis
694 1560 821 1590 Salvator
835 1561 983 1596 discipulos
998 1569 1062 1590 suos

277 1607 487 1644 alloquebatur:
507 1617 516 1634 ι
531 1608 582 1642 Qui
602 1615 651 1636 vos
673 1608 788 1644 spernit,
811 1616 856 1636 me
877 1608 993 1643 spernit,
1007 1617 1017 1634 ι
1034 1614 1062 1637 et

277 1662 326 1683 vos
351 1662 404 1683 non
432 1654 573 1687 laedimini,
595 1659 634 1688 et,
654 1655 720 1690 «qui
748 1662 792 1683 me
818 1655 933 1690 spernit,
959 1654 1062 1690 spernit

276 1707 350 1733 eum,
364 1701 409 1736 qui
424 1700 498 1728 misit
510 1708 553 1728 me
563 1701 595 1727 “.
609 1710 619 1728 ι
635 1700 701 1728 Nam
724 1708 785 1729 cum
805 1702 868 1735 duo,
884 1706 915 1729 ut
929 1701 1061 1737 quispiam

277 1747 387 1780 dixerit,
400 1747 426 1775 in
442 1751 562 1782 tempore
576 1748 772 1782 persecutionis
783 1748 892 1776 ordines
905 1748 975 1781 sint,
992 1748 1063 1777 alius

277 1794 427 1830 agentium,
443 1794 603 1830 patientium
619 1794 703 1827 alius;
719 1795 813 1823 beatus
827 1801 870 1824 est
886 1796 932 1831 qui
950 1796 1061 1831 patitur,

276 1840 324 1868 sed
350 1847 403 1868 non
428 1840 499 1876 agit;
525 1840 620 1868 infelix
637 1848 702 1869 vero
715 1841 760 1877 qui
775 1842 841 1877 agit,
855 1843 901 1870 sed
933 1850 985 1870 non
1017 1849 1063 1878 pa-

276 1885 355 1913 titur.

311 1931 395 1960 Vsas.
415 1931 443 1960 Ξ.
465 1942 475 1959 ι
488 1932 614 1966 Domine,
630 1933 761 1961 miserere
785 1933 884 1967 nostri,
904 1933 931 1961 in
947 1936 974 1961 te
987 1933 1060 1961 enim

276 1977 449 2008 conﬁdimus.
471 1977 584 2006 Factum
615 1983 660 2007 est
686 1985 781 2007 semen
805 1978 1009 2007 incredulorum
1033 1979 1061 2006 in

276 2022 475 2058 perditionem;
492 2023 565 2052 salus
579 2028 670 2052 autem
685 2029 778 2052 nostra
791 2024 818 2052 in
833 2028 954 2060 tempore
976 2025 1061 2053 tribu-

277 2068 397 2096 lationis.
410 2078 421 2096 ›
438 2068 477 2096 Ex
490 2076 604 2104 persona
617 2069 801 2105 apostolorum
815 2069 969 2098 orationem
982 2071 1062 2098 emit-

278 2114 313 2142 tit
331 2121 338 2140 :
352 2121 446 2142 eorum
461 2115 561 2149 quippe
573 2122 677 2148 semen,
690 2115 737 2150 qui
751 2115 914 2151 evangelicae
928 2116 1062 2152 praedica-

275 2160 344 2188 tioni
367 2167 420 2188 non
442 2160 629 2194 crediderunt,
645 2160 773 2196 perniciei
789 2161 917 2188 traditum
932 2165 975 2189 est
989 2169 997 2188 :
1011 2168 1062 2189 no-

275 2210 334 2234 stra
354 2211 420 2234 vero
443 2205 517 2234 salus
538 2210 567 2233 tu
590 2206 648 2242 ipse
672 2214 713 2239 es,
727 2214 744 2234 ο
764 2205 890 2241 Domine,
913 2206 961 2242 qui
982 2206 1061 2235 nobis

280 2252 346 2280 ades
356 2251 383 2279 in
404 2255 524 2287 tempore
538 2252 732 2281 tribulationis.

311 2296 395 2325 Vsus.
419 2298 446 2325 5.
469 2307 478 2324 ι
493 2297 608 2333 Propter
623 2305 718 2326 vocem
746 2297 853 2326 timoris
883 2297 923 2326 tui
950 2297 1060 2326 sedibus

276 2343 344 2371 moti
367 2347 429 2371 sunt
445 2343 537 2379 populi
562 2350 578 2371 a
604 2344 702 2372 timore
720 2348 776 2378 tuo,
796 2348 823 2371 et
843 2343 972 2379 dispersa:
997 2347 1061 2371 sunt

276 2393 378 2424 gentes.
390 2398 400 2416 ι
420 2388 448 2417 Id
470 2389 569 2417 dicitur
591 2390 625 2417 de
649 2389 684 2417 iis
704 2389 751 2425 qui
766 2397 851 2417 sacrm
874 2388 1059 2425 praadicationi

276 2434 357 2462 Iidem
381 2442 435 2462 non
458 2435 623 2464 habuerunt.
650 2435 792 2471 Signiﬁcat
823 2441 911 2463 autem
941 2434 1060 2463 Iudaica:

275 2481 362 2516 gentis
386 2481 566 2516 obsidionem,
590 2486 618 2510 et
645 2482 727 2518 quod,
753 2482 900 2518 ingruente
925 2481 991 2517 ipsis
1014 2482 1059 2510 bo-

274 2527 357 2555 stium
373 2527 556 2562 multitudine,
572 2536 606 2556 ex
621 2533 694 2556 terra
706 2535 755 2557 sua
771 2527 852 2564 pulsi,
868 2532 896 2557 et
911 2528 982 2556 inter
997 2536 1061 2565 gen-

275 2579 316 2602 tes
332 2573 450 2608 dispersi
465 2574 530 2601 sint.

310 2617 395 2647 Vsus.
418 2618 445 2646 4.
477 2618 576 2647 «Nune
598 2623 689 2648 autem
715 2619 952 2655 congregabantur
976 2619 1061 2654 spolia

273 2669 376 2699 vestra,
391 2665 466 2701 parvi
485 2670 513 2693 et
534 2665 639 2701 magni,
654 2661 784 2699 tanquam
799 2664 821 2693 si
839 2664 900 2699 quis
916 2668 1062 2700 eongreget

274 2711 406 2744 Ioeustas.
419 2712 460 2740 sic
471 2711 588 2740 illudent
599 2710 687 2739 vobis.
697 2720 707 2738 ι
721 2709 770 2739 His
785 2718 868 2746 quam
881 2710 1017 2739 invalidus
1033 2715 1061 2739 et

274 2764 356 2793 quam
371 2762 528 2793 expugnate
541 2756 630 2785 facilis
642 2755 772 2785 Judaicus
786 2757 900 2793 populus
922 2761 995 2785 esset
1014 2756 1062 2785 de-

275 2803 382 2832 clarat:
398 2811 430 2831 ac
443 2803 642 2832 multitudinem
655 2809 749 2831 eorum
765 2803 879 2831 locustis
888 2810 1061 2839 comparans,

1112 950 1198 984 τομῆς
1211 948 1275 979 λαὸς
1292 946 1463 982 ὠνόμασται·
1481 945 1541 977 ovo;
1556 944 1595 977 δὲ,
1616 944 1715 970 ὡσανεὶ
1730 942 1901 978 ἀκάθαρτος,

1112 995 1127 1020 ό
1139 995 1171 1020 ὲκ
1186 993 1310 1028 πατέρων
1325 990 1524 1026 είδωλολατρῶν
1540 989 1614 1021 λαός.
1636 989 1712 1015 Ἐπεὶ
1726 988 1814 1015 τοίνυν
1834 988 1902 1015 Ἰου-

1112 1039 1196 1071 δαίοις
1206 1039 1332 1075 πρώτως,
1348 1037 1443 1064 ἔπειτα
1451 1035 1564 1071 Ἕλλησι
1583 1035 1628 1062 τὸν
1645 1033 1821 1069 εὐαγγελικὺν
1833 1041 1903 1060 κατ-

1112 1086 1254 1113 εσάλλοντο
1283 1085 1384 1121 σπόρον
1399 1084 1425 1111 οἱ
1438 1083 1486 1110 τοῦ
1501 1082 1628 1118 Σωτῆρος
1648 1080 1727 1117 ἡμῶν
1745 1078 1902 1112 ἀπόστολοι,

1112 1132 1224 1164 εἰκότως
1248 1131 1371 1167 είρηται·
1400 1139 1409 1156 t
1424 1129 1566 1164 Μακάριος
1591 1128 1606 1154 ό
1629 1126 1750 1162 σπείρων
1775 1125 1822 1152 ἐπὶ
1845 1125 1904 1152 πᾶν

1113 1178 1194 1214 ὕδωρ,
1213 1175 1244 1205 οὗ
1267 1177 1330 1212 βοῦς
1346 1177 1393 1204 καὶ
1414 1176 1474 1208 όνος
1492 1176 1581 1202 πατεῖ.
1595 1183 1605 1200 ι
1622 1173 1715 1209 ’Υδωρ
1732 1172 1760 1199 δὲ
1782 1170 1903 1198 ἐνταῦθα

1112 1223 1220 1258 ᾐνίξατο
1235 1222 1285 1258 τὴν
1298 1222 1475 1248 θεόπνευστον
1490 1219 1613 1256 Γραφὴν,
1634 1218 1688 1246 uno
1706 1216 1840 1245 Ἰουδαίων
1853 1215 1905 1243 καὶ

1112 1268 1159 1295 τοῦ
1172 1268 1202 1301 ἐξ
1215 1267 1300 1295 ἐθνῶν
1314 1267 1379 1294 λαοῦ
1394 1266 1578 1302 πατουμένην.

1368 1310 1568 1340 ΚΕΦΑΛΑΙΟΝ
1586 1309 1646 1337 AI".

1150 1370 1160 1387 ι
1173 1360 1242 1388 Οὐαὶ
1256 1361 1313 1392 τοῖς
1329 1356 1549 1394 ταλαιπωροῦσιν
1563 1356 1635 1392 ὑμᾶς
1645 1374 1653 1387 ,
1675 1354 1747 1390 ὗμᾶς
1770 1353 1799 1381 δὲ
1814 1351 1903 1383 οὐδεὶς

1113 1406 1184 1433 ποιεῖ
1199 1404 1400 1439 ταλαιπώρους·
1425 1402 1473 1430 καὶ
1490 1402 1504 1429 ό
1518 1400 1623 1428 ἀθετῶν
1640 1399 1712 1435 ὑμᾶς
1729 1399 1780 1425 οὐκ
1793 1397 1900 1424 ἀθετεῖ·

1112 1451 1263 1479 ἁλώσονται
1279 1450 1304 1476 οί
1328 1447 1488 1480 ἀθετοῦντες
1513 1447 1560 1474 καὶ
1585 1445 1829 1483 παραδοθήσονται,
1853 1443 1902 1470 καὶ

1111 1496 1149 1529 ὡς
1167 1496 1217 1532 σὴς
1237 1495 1281 1530 ἐφ’
1295 1494 1414 1530 ἱματίου,
1434 1493 1520 1526 οὕτως
1535 1492 1741 1528 ἡττηθήσονται.
1756 1500 1766 1516 ι
1791 1489 1901 1522 Τούτοις

1111 1540 1214 1575 ἀδελφὰ
1226 1540 1356 1575 τυγχάνει
1369 1538 1404 1566 τὰ
1419 1538 1453 1565 δι’
1466 1533 1504 1565 ὧν
1521 1539 1536 1564 ὸ
1549 1537 1644 1573 Σωτὴρ
1659 1537 1716 1568 τοῖς
1736 1534 1833 1562 ἑαυτοῦ
1850 1543 1902 1570 μα-

1075 1591 1095 1621 C
1112 1587 1208 1623 θηταῖς
1229 1585 1337 1620 ἔλεγεν·
1357 1594 1367 1611 t
1386 1585 1415 1612 '0
1430 1584 1503 1620 ὑμᾶς
1515 1582 1619 1610 ἀθετῶν
1640 1582 1691 1618 ἐμὲ
1713 1582 1814 1614 ἀθετεῖ,
1825 1590 1835 1606 ›
1853 1579 1901 1606 καὶ

1111 1633 1161 1659 οὐκ
1186 1631 1322 1659 ἀδικεῖσθε
1347 1631 1442 1666 ὑμεῖς,
1460 1629 1522 1662 καὶ,
1539 1638 1549 1655 t
1566 1629 1596 1656 '0
1610 1629 1662 1663 ἐμὲ
1682 1627 1787 1656 ἀθετῶν
1810 1626 1901 1654 ἀθετεῖ

1111 1677 1158 1704 τὸν
1181 1676 1378 1705 ἀποστείλαντά
1397 1684 1463 1712 με.»
1482 1675 1534 1702 Δύο
1559 1675 1613 1711 γὰρ
1635 1675 1719 1702 ὅντων
1741 1672 1901 1708 ταγμάτων,

1112 1724 1150 1756 ὡς
1171 1724 1204 1751 ἂν
1225 1723 1298 1750 εῐποι
1310 1731 1369 1756 τις,
1390 1721 1461 1749 κατὰ
1479 1721 1544 1753 τοὺς
1557 1721 1669 1757 καιροὺς
1693 1720 1748 1747 τῶν
1761 1717 1900 1753 διωγμῶν.

1111 1768 1165 1795 τῶν
1182 1767 1232 1804 μὲν
1248 1766 1383 1803 δρώντων,
1403 1765 1458 1793 τῶν
1476 1765 1505 1792 δὲ
1528 1765 1695 1800 πασχόντων,
1720 1763 1852 1800 μακάριος
1867 1761 1900 1788 ἂν

1112 1815 1155 1851 είη
1169 1815 1184 1841 ό
1197 1814 1320 1849 πάσχων,
1334 1812 1402 1840 ἀλλά
1417 1811 1456 1847 μὴ
1468 1810 1553 1846 δρῶψ
1567 1809 1659 1842 ἄθλιος
1672 1810 1701 1837 δὲ
1711 1811 1726 1838 ό
1737 1808 1818 1845 δρῶν,
1831 1806 1899 1835 ἀλλὰ

1114 1859 1152 1896 μὴ
1168 1857 1291 1894 πάσχων.
1629 1854 1631 1856 ’

1150 1947 1160 1964 t
1175 1936 1272 1973 Κύριε,
1288 1936 1398 1973 ὲλέησον
1415 1937 1489 1973 ἡμᾶς
1499 1944 1505 1952 ’
1523 1935 1570 1962 ἐπὶ
1585 1934 1627 1961 σοὶ
1650 1932 1704 1968 γὰρ
1719 1930 1898 1964 πεποίθαμεν.

1118 1983 1247 2020 Ἐγενήθη
1260 1982 1291 2009 τὺ
1304 1983 1415 2018 σπέρμα
1429 1982 1484 2009 τῶν
1494 1980 1680 2009 ἀπειθούντων
1695 1979 1735 2009 είς
1748 1976 1898 2003 ἀπώλειαν·

1111 2030 1171 2066 ἠδὲ
1190 2029 1312 2065 σωτηρία
1332 2029 1411 2064 ἡμῶν
1430 2030 1459 2055 ὲν
1474 2027 1563 2063 καιρῷ
1584 2025 1710 2060 θλίψεως.
1727 2032 1737 2049 ι
1761 2023 1807 2048 Ἐκ
1822 2029 1901 2056 προσ-

1111 2075 1187 2104 ώπου
1210 2075 1265 2102 τῶν
1288 2074 1445 2102 ἀποστόλων
1471 2074 1522 2109 τὴν
1546 2072 1629 2108 εὐχὴν
1653 2069 1826 2105 ἀναπέμπει·
1847 2067 1902 2093 τῶν

1113 2121 1163 2157 μὲν
1186 2121 1241 2157 γὰρ
1259 2119 1466 2156 ἀπειθησάντων
1489 2117 1530 2154 τῷ
1551 2114 1721 2152 εὐαγγελικῷ
1743 2113 1903 2149 κηρύγματι

1110 2166 1143 2193 τδ
1157 2165 1268 2202 σπέρμα
1283 2163 1418 2200 παρεδόθη
1433 2162 1571 2198 ἀπωλείᾳ’
1587 2160 1666 2196 ἡμῶν
1684 2159 1713 2186 δὲ
1732 2157 1852 2193 σωτηρία
1868 2157 1902 2182 σὺ

1111 2211 1192 2244 αὐτὸς
1217 2211 1377 2246 τυγχάνεις,
1394 2207 1418 2236 ὣ
1440 2206 1762 2244 Κύριεγπαριστάμενος
1786 2205 1852 2239 ἡμῖν
1872 2203 1903 2230 ὲν

1032 2264 1047 2271 ··
1078 2264 1102 2292 ι)
1115 2256 1206 2294 καιρῷ
1218 2256 1344 2291 θλίψεως.

1141 2304 1159 2330 ἰ
1172 2302 1222 2329 Διά
1236 2301 1328 2338 φωνὴν
1347 2300 1396 2328 τοῦ
1418 2300 1501 2336 φόϐου
1521 2308 1568 2326 σου
1595 2298 1745 2333 ἐξέστησαν
1766 2295 1827 2322 λαοὶ
1847 2294 1905 2322 ἀπὸ

1112 2348 1158 2376 τοῦ
1173 2348 1256 2383 φόὸου
1270 2356 1327 2381 σου,
1340 2347 1387 2374 καὶ
1401 2346 1585 2382 διεσπάρησαν
1600 2345 1634 2372 τὰ
1650 2343 1714 2377 ἔθνη
1725 2350 1731 2358 '
1743 2351 1752 2367 ι
1771 2342 1834 2377 περὶ
1848 2341 1904 2368 τῶν

1112 2394 1319 2430 ἀπιστησάντων
1338 2393 1377 2429 τῷ
1400 2393 1464 2429 ἱερῷ
1484 2392 1650 2429 κηρύγματι.
1667 2389 1796 2425 Σημαίνει
1811 2388 1840 2414 δὲ
1853 2386 1906 2422 τὴν

1113 2440 1269 2477 πολιορκίαν
1292 2440 1339 2467 τοῦ
1356 2440 1490 2467 Ἰουδαίων
1511 2438 1617 2470 ἔθνους,
1640 2436 1686 2463 καὶ
1705 2436 1742 2467 ὣς
1765 2433 1903 2468 πολυπλη-

1113 2486 1188 2518 θείας
1216 2485 1353 2521 πολεμίων
1378 2483 1544 2520 ἐπελθούσης
1567 2482 1657 2514 αὐτοῖς
1681 2479 1828 2514 ἐξέστησαν
1852 2477 1904 2513 τῆς

1114 2532 1217 2560 ἑαυτῶν
1235 2532 1297 2568 γῆς,
1310 2532 1357 2559 καὶ
1368 2530 1613 2567 διεσκορπίσθησαν
1624 2529 1663 2560 είς
1674 2526 1709 2553 τὰ
1722 2526 1795 2561 ἔθνη.

1126 2655 1135 2661 _
1151 2629 1162 2648 ι
1181 2621 1238 2649 Νῦν
1259 2622 1289 2649 δὲ
1317 2621 1512 2658 συναχθήσεται
1528 2611 1562 2647 τὰ
1588 2618 1673 2646 σκύλα
1692 2617 1778 2653 ὑμῶν,
1803 2616 1904 2652 μικροῦ

1114 2667 1161 2694 καὶ
1178 2667 1307 2702 μεγάλου,
1326 2667 1356 2695 ὃν
1372 2667 1474 2703 τρόπον
1487 2666 1535 2694 ὲάν
1555 2674 1598 2697 τις
1615 2663 1758 2700 συναγάγῃ
1778 2662 1905 2698 ἀκρίδας,

1114 2712 1200 2744 οὕτως
1221 2712 1401 2749 ἐμπαίξουσιν
1416 2713 1511 2749 ὑμῖν.)
1534 2712 1572 2738 Τὸ
1595 2710 1756 2746 εὐχείρωτον
1775 2708 1822 2736 καὶ
1840 2708 1904 2734 εὐά-

1113 2757 1199 2784 λωτον
1221 2758 1268 2785 τοῦ
1290 2758 1423 2786 Ἰουδαίων
1445 2758 1510 2785 λαοῦ
1527 2756 1676 2793 παριστὰς,
1692 2755 1722 2782 τό
1748 2763 1776 2781 τε
1802 2753 1905 2789 πλῆθος

1115 2803 1204 2831 αὐτῶν
1220 2804 1314 2840 ἀκρίσι
1330 2804 1521 2840 παραϐάλλων.
1541 2803 1667 2839 σημαίνει
1682 2802 1719 2833 ὡς
1732 2802 1756 2828 οί
1777 2800 1904 2834 πολέμιοι

313 2898 335 2915 ⁸⁷
348 2897 407 2927 Gal.
424 2905 462 2933 tv,
476 2898 521 2928 26.
560 2900 582 2917 ³⁸
595 2898 730 2936 Joanmv,
743 2900 771 2928 2.
809 2900 832 2917 ⁸⁹
845 2899 940 2929 Matth.
956 2907 993 2935 τι,
1012 2899 1053 2927 l9.
1092 2899 1115 2916 "
1125 2899 1191 2928 Luc.
1208 2907 1235 2934 ι,
1251 2899 1292 2927 16.
