4118 6434
302 346 408 402 59.5

1220 345 1718 408 COMMENTABJA
1757 347 1824 406 IN
1862 348 2116 407 ISAIAM.
2157 382 2226 394 --
2262 347 2414 404 CAP.
2454 344 2691 403 XXXIII.

3452 354 3559 410 326

298 458 419 514 ἀντὶ
468 453 725 523 παιγνίου
770 454 966 521 αὐτοὺς
1016 458 1248 527 ἕξουσιν,
1289 464 1351 517 οὐ
1401 464 1560 536 μόνον
1603 468 1673 522 τὰ
1721 468 1880 525 σκύλα

1993 469 2269 538 signiﬁcat
2291 469 2438 538 ipsos
2470 466 2538 521 ab
2563 462 2803 520 inimicis
2832 463 3065 521 ludibrio
3093 465 3373 524 habendos
3392 483 3514 524 esse
3540 487 3555 523 :

304 546 487 601 αὐτῶν
527 548 918 621 διαρπάξοντες
956 552 1153 623 μικροῦ
1192 555 1286 608 καὶ
1326 557 1581 626 μεγάλου,
1615 560 1749 615 ἀλλὰ
1794 563 1887 617 καὶ

299 638 485 701 αὐτοῖς
525 637 908 709 ἐμπαίζοντες.
937 640 1121 695 Ταῦτα
1156 643 1284 716 περὶ
1324 646 1530 703 τούτων
1566 651 1756 718 εἰπὼν,
1789 670 1886 724 με-

301 732 549 818 ¹ιξαϐαίνει
578 732 671 784 ἐπὶ¹
699 730 762 784 τὸ
788 731 974 803 τάγμα
999 733 1098 804 τῆς
1123 734 1218 789 τοῦ
1251 737 1386 792 Θεοῦ
1428 740 1772 814 Ἐκκλησίας,
1798 748 1884 818 ἐφ’

300 816 345 893 ᾧ
372 823 468 876 καὶ
489 820 706 887 δοξάζει
728 821 823 876 τὸν
851 821 984 876 Θεὸν
1014 823 1187 893 λέγων
1205 844 1219 857 ·

374 933 395 966 ι
426 914 625 983 ’Ἄγιος
645 912 675 965 ό
706 912 842 977 Θεὸς
866 914 896 967 6
924 917 1190 971 κατοικῶν
1219 920 1282 973 ἐν
1304 920 1555 993 ὑψηλοῖςο
1582 925 1886 1003 ἐνεπλήσθη

302 1002 439 1057 Σιὼν
493 1003 733 1075 κρίσεως
781 1004 877 1058 καὶ
931 1004 1296 1080 δικαιοσύνης.
1324 1031 1343 1063 ι
1398 1013 1630 1086 Νοήσεις
1677 1018 1734 1071 δὲ
1787 1019 1888 1092 τὴν

304 1095 441 1151 Σιὼν
493 1096 606 1150 ἀπὸ
648 1093 745 1149 τοῦ
807 1095 1062 1165 λέγεσθαι
1115 1101 1347 1173 κρίσεως
1401 1106 1497 1159 καὶ
1541 1107 1886 1182 δικαιοσύνης

304 1186 697 1259 πεπληρῶσθαι
733 1187 926 1259 αὐτήν.
969 1189 1057 1243 Ἐν
1090 1190 1149 1244 δέ
1188 1196 1301 1257 τοῖς
1340 1196 1597 1268 ἀνωτέρω
1634 1199 1882 1268 ἐλέγετοο

309 1298 330 1331 ι
355 1279 465 1332 Καὶ
492 1279 868 1334 ἀναπαύσεται
902 1282 961 1335 ἐν
989 1286 1056 1354 τῇ
1100 1284 1290 1356 ἐρήμῳ
1333 1290 1507 1359 κρῖμα
1550 1292 1645 1345 καὶ
1685 1291 1887 1346 δικαιο-

308 1366 459 1440 σύνη.
486 1389 506 1422 ι
545 1371 660 1443 Τὴν
705 1371 962 1444 ἀνωτέρω
1002 1375 1181 1430 τοίνυν
1231 1377 1437 1449 ἔρημον
1492 1381 1886 1457 ὠνομασμένην

309 1458 399 1515 νῦν
432 1459 573 1515 Σιὼν
603 1463 893 1530 ἀποκαλεῖ,
938 1465 1081 1520 οὕτω
1112 1468 1208 1541 τήν
1256 1471 1576 1543 Ἐκκλησίαν
1618 1475 1714 1529 τοῦ
1750 1476 1884 1531 Θεοῦ

310 1553 607 1638 σημαίνων.
634 1554 783 1625 Αὕτη
836 1556 946 1628 γὰρ
988 1553 1056 1629 ἦν
1085 1560 1118 1630 ή
1148 1560 1314 1616 πάλαι
1360 1562 1583 1635 ἕρημος,
1627 1561 1747 1640 ἐνῇ
1789 1569 1885 1623 ἀν-

310 1645 579 1699 επαύσατο
619 1649 793 1718 κρῖμα
832 1649 925 1701 καὶ
969 1648 1280 1724 δικαιοσύνη
1300 1670 1314 1683 '
1341 1653 1422 1707 διὸ
1453 1657 1547 1711 καὶ
1586 1657 1885 1728 εὐλογεῖται

310 1734 401 1791 νῦν
435 1738 466 1790 6
514 1737 683 1803 Θεὸς,
727 1738 811 1793 ὅτι
870 1740 1175 1815 ἐνεπλήσθη
1234 1745 1471 1815 κρίσεως
1528 1748 1622 1802 καὶ
1675 1749 1884 1804 δικαιο-

313 1828 496 1901 σύνης.

382 1940 403 1973 ι
445 1922 531 1975 Ἐν
559 1922 710 1995 νόμῳ
759 1926 1250 1998 παραδοθήσονται,
1292 1930 1352 1983 ἐν
1385 1929 1677 2003 θησαυροῖς
1706 1934 1740 2004 ή
1786 1951 1890 1987 σω-

314 2011 475 2083 τηρία
517 2012 674 2083 ήμῶν
694 2030 709 2044 ·
742 2016 860 2068 ἐκεῖ
893 2016 1053 2085 σοφία
1081 2017 1177 2070 καὶ
1210 2020 1486 2091 ἐπιστήμη
1519 2020 1613 2073 καὶ
1640 2021 1889 2075 εὐσέϐεια

315 2104 449 2175 πρὸς
478 2105 567 2159 τὸν
600 2105 825 2179 Κύριον.
852 2100 1011 2161 Οὗτοί
1038 2110 1143 2163 είσι
1184 2109 1445 2183 θησαυροὶ
1487 2113 1882 2185 δικαιοσύνης.»

314 2196 479 2269 Νόμῳ
505 2198 613 2270 γὰρ
631 2240 646 2265 ,
673 2199 874 2271 δηλαδή
903 2201 1271 2274 εὐαγγελικῷ,
1327 2205 1376 2257 οἳ
1397 2204 1512 2277 (60)
1549 2207 1607 2260 ἐν
1634 2209 1700 2278 τῇ
1727 2209 1881 2279 κοινῇ

318 2285 486 2359 ταύτῃ
526 2287 661 2341 Σιὼν
691 2288 1066 2360 παρεδόθησαν
1085 2307 1099 2320 ο
1134 2291 1192 2345 ἐν
1229 2292 1408 2346 ἐλπίσι
1434 2293 1541 2364 γὰρ
1568 2297 1679 2359 τοῖς
1711 2294 1887 2364 ἁγίοις

321 2375 595 2431 ἀπόκειται
645 2378 712 2431 τὰ
752 2378 949 2448 ἀγαθά.
998 2379 1179 2445 Ποίοις
1228 2379 1288 2433 δὲ
1349 2380 1644 2453 θησαυροῖς
1698 2384 1733 2455 ἢ
1769 2387 1882 2449 τοῖς

280 2510 286 2519 .
321 2468 692 2540 ἀποκειμένοις
715 2472 770 2523 ἐν
793 2470 1039 2543 οὐρανοῖς
1058 2487 1075 2537 ;

459 2562 583 2614 Ἰδοὺ
628 2562 683 2616 δὲ
713 2563 771 2615 ἐν
800 2562 878 2633 τῷ
905 2562 1056 2634 φόϐῳ
1101 2562 1256 2635 ὐμῶν
1284 2558 1429 2619 οῦτοι
1462 2565 1883 2637 φοϐηθήσονται,

312 2648 408 2715 οὓς
448 2650 756 2721 ἐφοϐεῖσθε·
794 2650 1077 2723 βοήσονται
1110 2652 1204 2722 ἀφ’
1250 2651 1422 2722 ὑμῶν.
1448 2671 1467 2704 ι
1511 2650 1697 2706 Ταῦτα
1748 2651 1886 2723 πρὸς

315 2741 434 2807 τούς
464 2740 793 2805 ἀποστόλους
845 2742 1059 2814 εἴρηται
1079 2761 1093 2774 ·
1138 2744 1477 2797 ἐπιπεσεῖται
1520 2742 1649 2815 γὰρ,
1697 2744 1882 2815 φησὶν,

314 2833 403 2887 ἐπὶ
432 2833 557 2896 τοὺς
592 2831 855 2897 ἀπίστους
888 2834 917 2886 6
947 2832 1208 2905 ὑμέτερος
1242 2832 1422 2904 φόϐος.

382 2943 402 2977 ι
444 2924 703 2994 Ἄγγελοι
768 2924 1236 2996 ἀποσταλήσονται
1303 2924 1517 3000 πικρῶς
1587 2924 1881 2991 κλαίοντες.

324 3016 801 3088 Ἐρημωθήσονται
850 3016 960 3089 γὰρ
1007 3018 1065 3071 αἱ
1110 3017 1315 3071 τούτων
1363 3017 1507 3070 ὁδοί·
1539 3018 1816 3073 πέπαυται
1854 3020 1885 3071 6

312 3108 459 3178 φόϐος
493 3109 607 3163 τῶν
649 3109 839 3176 ἐθνῶν,
887 3110 983 3164 καὶ
1014 3112 1049 3180 ἡ
1097 3111 1234 3182 πρὸς
1271 3112 1491 3176 τούτους
1522 3111 1752 3183 διαθήκη
1798 3110 1882 3164 αί-

1992 561 2086 631 qui
2115 576 2220 615 non
2248 559 2409 615 modo
2448 568 2554 614 tam
2580 557 2757 628 parvi,
2789 570 2950 627 quam
2989 559 3170 629 magni
3201 573 3387 614 eorum
3432 574 3559 630 spo-

1993 653 2063 708 lia
2097 652 2377 724 diripient,
2404 652 2497 708 sed
2534 652 2699 707 etiam
2747 651 2879 722 ipsis
2933 649 3177 705 illudent.
3225 650 3347 707 Haec
3396 667 3560 722 porro

1992 745 2061 801 de
2116 745 2183 801 iis
2237 744 2467 807 locutus,
2513 741 2578 795 ad
2622 740 2921 797 Ecclesiam
2962 741 3056 796 Dei
3100 743 3415 812 pertransit,
3465 744 3559 800 ubi

1995 836 2159 891 Deum
2186 834 2272 890 his
2293 833 2474 890 verbis
2500 832 2741 888 celebrat
2769 848 2781 883 :

2065 925 2225 980 Vens.
2256 924 2311 980 5.
2355 942 2375 977 ι
2402 924 2642 979 Sanctus
2664 922 2826 987 Deus,
2849 923 2941 992 qui
2973 922 3180 977 habitat
3212 922 3264 978 in
3291 924 3557 980 excelsis:

1992 1016 2198 1087 repleta
2225 1026 2308 1073 est
2342 1015 2473 1071 Sion
2515 1013 2719 1084 judicio
2765 1021 2821 1069 et
2862 1013 3094 1082 iustitia.
3120 1031 3139 1065 ι
3180 1013 3311 1069 Sion
3336 1029 3457 1085 quas
3486 1015 3561 1070 sit

1992 1106 2077 1162 vel
2120 1106 2245 1162 inde
2294 1104 2587 1176 intelligas,
2622 1104 2767 1174 quod
2815 1103 3029 1158 dicatur
3074 1103 3222 1158 illam
3257 1102 3467 1173 judicio
3501 1114 3560 1161 et

1988 1195 2199 1266 justitia
2240 1194 2501 1265 repletam
2552 1207 2695 1249 esse.
2734 1190 2994 1261 Superius
3025 1200 3204 1248 autem
3232 1193 3555 1251 dicebatur:

1996 1306 2017 1340 ι
2042 1287 2106 1342 Ει
2136 1289 2441 1358 requiescet
2496 1285 2551 1341 in
2609 1288 2824 1341 deserto
2851 1282 3115 1352 judicium
3169 1295 3223 1340 et
3252 1286 3493 1357 justitia.
3531 1306 3553 1341 ι

1992 1378 2122 1433 Eam
2172 1378 2356 1449 igitur,
2410 1392 2529 1447 qua:
2568 1377 2815 1445 superius
2850 1375 3121 1431 desertum
3168 1388 3412 1445 vocatur,
3443 1380 3556 1450 jam

1993 1470 2123 1524 Sion
2156 1477 2468 1540 nuncupat;
2512 1478 2675 1538 atque
2703 1470 2775 1522 ita
2811 1467 3106 1523 Ecclesiam
3137 1468 3235 1523 Dei
3264 1470 3552 1541 signiﬁcat.

1991 1557 2117 1616 Haec
2145 1560 2343 1630 quippe
2366 1569 2485 1615 erat
2514 1558 2606 1615 illa
2628 1560 2754 1615 olim
2779 1558 3033 1626 solitudo,
3069 1560 3122 1613 in
3145 1574 3247 1629 qua
3290 1562 3559 1631 requievit

1986 1651 2251 1723 judicium
2294 1659 2349 1707 et
2371 1648 2581 1719 iustitia
2607 1667 2623 1708 :
2647 1653 2999 1721 quamobrem
3052 1668 3194 1707 nunc
3226 1652 3364 1709 Deus
3392 1654 3556 1710 bene-

1988 1744 2208 1811 dicitur,
2234 1741 2361 1813 quia
2385 1740 2587 1812 repleta
2610 1751 2694 1799 est
2708 1742 2916 1813 judicio
2937 1752 2993 1799 et
3005 1742 3237 1813 justitia.

2059 1922 2227 1979 Vens.
2262 1922 2316 1978 6.
2347 1941 2367 1976 ι
2393 1921 2451 1977 In
2484 1922 2603 1994 lege
2631 1923 2935 1989 tradentur,
2990 1924 3043 1978 in
3091 1922 3361 1979 thesauris
3407 1922 3556 1978 salus

1989 2025 2221 2071 nostra:
2250 2014 2361 2071 illic
2412 2014 2678 2084 sapientia
2722 2025 2777 2069 et
2825 2014 3049 2070 scientia
3099 2024 3154 2069 et
3204 2016 3378 2085 pietas
3412 2016 3555 2086 apud

1990 2104 2300 2160 Dominum.
2345 2103 2410 2159 lli
2450 2114 2577 2159 sunt
2616 2105 2855 2160 thesauri
2883 2105 3127 2175 justitize.
3159 2124 3178 2158 ι
3226 2105 3353 2175 Legi
3383 2107 3552 2171 enim,

1987 2196 2237 2253 videlicet
2280 2196 2623 2268 evangelica,
2673 2198 2763 2265 qui
2818 2197 2872 2251 in
2924 2197 3027 2251 hac
3082 2197 3356 2252 communi
3420 2197 3554 2252 Sion

1988 2288 2236 2345 habitant
2267 2289 2452 2343 traditi
2488 2298 2614 2343 sunt
2642 2307 2657 2342 :
2685 2288 2891 2344 sanctis
2944 2290 3143 2359 quippe
3187 2289 3326 2343 bona
3369 2289 3422 2343 in
3458 2303 3556 2359 spe

1988 2380 2270 2435 recondita
2316 2387 2484 2445 sunt;
2525 2379 2581 2433 in
2618 2380 2815 2448 quibus
2838 2389 3017 2435 autem
3044 2378 3334 2444 thesauris,
3362 2370 3555 2434 nisiin

1987 2470 2055 2526 iis
2075 2470 2167 2541 qui
2196 2471 2248 2525 in
2272 2470 2425 2525 caelis
2449 2477 2575 2525 sunt
2607 2469 2876 2537 repositi?

2058 2564 2222 2620 Vens.
2250 2564 2305 2617 7.
2338 2582 2357 2614 ι
2381 2562 2522 2617 Ecce
2545 2568 2692 2616 certe
2731 2561 2782 2614 in
2822 2561 3014 2614 timore
3064 2568 3248 2614 vestrc
3281 2556 3369 2613 isti
3395 2558 3553 2612 time-

1987 2657 2143 2722 bunt,
2188 2668 2325 2724 quos
2376 2651 2649 2707 timebatis
2680 2667 2693 2705 :
2719 2650 3029 2705 clamabunt
3073 2663 3099 2701 a
3142 2649 3318 2704 vobis.
3348 2667 3367 2702 ι
3424 2646 3553 2702 Haec

1986 2745 2245 2818 apostolis
2276 2746 2531 2800 dicuntur
2566 2742 2807 2800 :incidet
2847 2742 3018 2807 enim,
3066 2740 3162 2807 ait,
3195 2741 3357 2796 timor
3381 2738 3554 2796 vestri

1986 2839 2042 2895 in
2074 2835 2402 2894 incredulos.

2055 2926 2221 2983 Vens.
2250 2926 2307 2993 8,
2338 2926 2391 2981 9.
2426 2944 2445 2978 ι
2467 2922 2658 2995 Angeli
2691 2921 2974 2977 mittentur
3006 2934 3190 2975 amare
3211 2917 3420 2975 ﬂentes.
3450 2918 3555 2974 De—

1987 3030 2246 3077 serentur
2273 3020 2416 3074 enim
2444 3033 2630 3073 eorum
2662 3017 2761 3071 via:
2795 3033 2808 3069 :
2845 3014 3077 3070 cessavit
3107 3012 3269 3067 timor
3289 3012 3554 3083 gentium,

1987 3125 2041 3172 et
2075 3122 2457 3171 testamentum
2486 3126 2610 3166 cum
2636 3110 2743 3166 illis
2765 3110 2957 3164 initum
2983 3107 3189 3163 tollitur
3218 3122 3233 3159 :
3266 3120 3365 3160 nec
3394 3119 3554 3173 repu-

318 3174 488 3267 pmtt,
544 3199 639 3253 καὶ
696 3200 760 3252 οὐ
823 3174 899 3272 μὴ
960 3174 1245 3271 λογίσησθε
1295 3174 1492 3267 αὐτοὺς
1537 3174 1877 3273 ἀνθρώπους.

1988 3205 2174 3261 tabitis
2206 3217 2303 3259 eos
2366 3202 2634 3258 homines.
2681 3199 2848 3254 Luxit
2902 3208 3086 3262 terra;
3129 3197 3346 3252 erubuit
3391 3194 3553 3250 Liba-

328 3285 643 3359 Ἑπένθησεν
684 3290 718 3360 ὴ
748 3289 852 3359 γῆ,
902 3290 1143 3362 ᾐσχύνθη
1185 3293 1214 3345 6
1245 3292 1494 3356 Λίϐανος,
1535 3291 1632 3363 ἓλη
1664 3293 1881 3361 ἐγένετο

325 3376 577 3451 ἠΣάρων,
618 3380 827 3452 φανερὰ
857 3380 1010 3435 ἐσται
1042 3383 1077 3452 ή
1113 3381 1371 3437 Γαλιλαία
1410 3384 1557 3438 καὶὸ
1593 3383 1831 3457 Χέρμελ.
1855 3403 1874 3437 ι

332 3466 377 3523 ’0
412 3473 515 3543 μὲν
571 3467 663 3526 οῦν
729 3472 1112 3545 φιλάνθρωπος
1166 3475 1298 3539 Θεὸς
1347 3477 1610 3546 ἀγγέλους
1657 3479 1881 3549 εἰρήνης

310 3560 586 3617 ἀπέστειλε
625 3565 763 3637 πρὸς
801 3565 892 3619 τὸν
927 3566 1194 3622 Ἰουδαίων
1238 3568 1387 3633 λαὸν,
1420 3570 1631 3641 πικρῶς
1665 3571 1879 3625 κλαίον-

308 3668 390 3716 τας
428 3656 532 3709 καλ⁵
559 3660 1012 3727 παρακαλοῦντας
1054 3659 1414 3725 ὐποδέξασθαι
1456 3660 1555 3733 τὴν
1599 3662 1882 3731 εὐαγγελι-

306 3742 398 3815 κὴν
426 3747 618 3810 αὐτοῖς
661 3748 905 3821 εἰρήνην.
953 3751 1111 3804 Ἐπεὶ
1147 3751 1205 3805 δέ
1245 3750 1345 3805 οὐκ
1374 3751 1619 3816 ἐδέξαντο
1661 3753 1879 3818 αὐτοὺς,

302 3833 551 3908 ἐπιφέρει
579 3838 824 3907 φάσκωνο

370 3945 390 3978 ι
417 3927 537 3981 Νῦν
554 3928 953 4001 ἀναστήσομαι,
980 3930 1128 4000 λέγει
1146 3932 1414 4003 ὁΚύριος,
1439 3931 1533 3984 νῦν
1558 3932 1880 4004 δοξασθήσο-

298 4033 421 4085 μαι,
437 4018 535 4070 νῦν
552 4018 931 4091 ὐψωθήσομαι·
948 4040 967 4073 ι
1000 4022 1095 4073 τοῦ
1122 4021 1279 4091 λόγου
1304 4022 1675 4094 παριστῶντος
1693 4023 1879 4093 σαφῶς

294 4107 634 4179 ὀφθήσεσθαι
664 4110 754 4163 τὸν
770 4109 900 4163 Θεὸν
918 4111 1120 4176 αὐτοῖς.
1153 4113 1273 4166 Τίσι
1295 4113 1350 4167 δέ
1378 4113 1630 4184 αὐτοῖς,ἢ
1650 4116 1765 4179 τοῖς
1783 4116 1879 4186 θη-

296 4196 624 4266 σαυρίσασιν
637 4198 849 4261 ἑαυτοῖς
864 4199 988 4263 τοὺς
1001 4200 1100 4270 τῆς
1116 4199 1456 4272 δικαιοσύνης
1471 4202 1675 4273 καὶτῆς
1688 4202 1878 4272 σοφίας

296 4285 636 4359 θησαυρούς;
684 4289 906 4355 Τούτοις
958 4292 1087 4363 γὰρ,
1135 4293 1319 4364 φησὶν,
1363 4292 1703 4365 ὀφθήσομαι·
1738 4291 1876 4367 ἦσαν

294 4377 351 4432 δέ
399 4373 546 4434 οῦτοι
587 4384 636 4436 οί
699 4382 941 4455 μαθηταὶ
988 4386 1084 4438 καὶ
1147 4384 1432 4439 ἀπόστολοι
1473 4384 1566 4438 τοῦ
1628 4387 1877 4459 Σωτῆρος

1985 3309 2088 3349 nus
2114 3309 2130 3358 ;
2160 3292 2315 3364 palus
2342 3292 2485 3346 facta
2534 3299 2621 3345 est
2652 3287 2850 3355 Saron,
2884 3287 3166 3342 manifesta
3197 3287 3302 3340 erit
3329 3283 3553 3340 Galiltea

1982 3394 2038 3441 et
2065 3384 2340 3443 Chermel.
2372 3402 2391 3436 ι
2424 3382 2679 3439 Clemens
2718 3381 2902 3451 itaque
2958 3379 3100 3435 Deus
3148 3377 3370 3449 angelos
3403 3376 3555 3445 pacis

1982 3474 2131 3531 misit
2156 3472 2223 3528 ad
2250 3470 2555 3527 Judaaorum
2591 3469 2870 3540 populum,
2900 3482 3084 3522 amare
3119 3465 3331 3530 ﬂentes,
3368 3479 3434 3519 ac
3462 3478 3553 3519 co-

1983 3570 2263 3626 hortantes
2299 3575 2358 3619 ut
2393 3561 2757 3632 evangelicam
2830 3560 2933 3615 sibi
2984 3572 3172 3628 pacem
3225 3558 3552 3625 reciperent.

1981 3660 2249 3729 Quoniam
2281 3670 2413 3714 vero
2438 3669 2545 3709 non
2577 3659 2897 3721 receperunt
2931 3665 3047 3719 eos,
3080 3649 3153 3705 ita
3197 3646 3469 3718 subiungit
3501 3661 3521 3702 :

2050 3929 2213 3986 Vens.
2246 3930 2334 3986 10.
2359 3948 2378 3982 ι
2403 3928 2557 3983 Nunc
2583 3938 2896 3993 exsurgam,
2930 3922 3063 3978 dicit
3094 3920 3375 3985 Dominus,
3406 3933 3551 3975 nunc

1982 4020 2351 4093 glorilicabor,
2386 4033 2529 4073 nunc
2550 4004 2848 4073 exaliabor.
2884 4033 2904 4067 ι
2940 4011 3035 4069 His
3071 4025 3233 4083 porro
3265 4008 3551 4065 manifeste

1979 4114 2285 4171 declaratur
2317 4111 2450 4183 ipsis
2485 4107 2776 4164 videndum
2810 4109 2977 4163 Deum
3012 4120 3155 4161 esse.
3186 4102 3546 4171 Quibusnam,

1978 4207 2082 4261 nisi
2120 4206 2206 4271 iis,
2246 4204 2338 4273 qui
2390 4201 2617 4273 iustitiae
2659 4209 2714 4256 et
2767 4198 3045 4269 sapientia:
3109 4196 3395 4251 thesauros
3442 4191 3548 4247 sibi

1976 4297 2402 4368 compararunt?
2456 4296 2537 4350 Ab
2597 4293 2754 4363 ipsis,
2805 4289 3005 4361 inquit,
3058 4286 3282 4342 videbor
3324 4298 3340 4338 :
3389 4290 3550 4337 erant

1977 4405 2140 4461 porro
2177 4390 2267 4445 isti
2304 4387 2555 4457 discipuli
2587 4396 2642 4443 et
2685 4383 2913 4454 apostoli
2942 4378 3243 4435 Salvatoris
3274 4375 3484 4440 nostri;
3516 4389 3550 4429 a

296 4469 475 4577 ήμῶν,
512 4466 593 4536 οἷς
637 4472 747 4542 ἐγὼ
781 4475 880 4545 μὲν
935 4475 1151 4549 ὤφθην·
1182 4479 1231 4531 οἱ
1262 4477 1318 4531 δὲ
1356 4478 1590 4550 ἔκραξαν
1622 4481 1873 4545 ἐκτενῶς,

1983 4483 2194 4553 quibus,
2214 4482 2413 4552 inquit,
2437 4494 2537 4549 ego
2548 4478 2763 4549 quidem
2778 4475 2923 4530 visus
2938 4487 3054 4527 sum
3074 4487 3089 4535 ;
3105 4470 3179 4525 illi
3192 4483 3320 4526 vero
3336 4466 3550 4522 assidue

293 4558 517 4630 ἄγγελοι
568 4564 721 4627 ὄντες
765 4567 1019 4638 είρήνης·
1057 4568 1139 4622 διὸ
1186 4569 1282 4622 καὶ
1331 4569 1546 4641 πικρῶς
1605 4570 1874 4627 ἔκλαυσαν

1983 4574 2309 4637 clamabant,
2338 4582 2399 4627 ut
2438 4569 2612 4642 angeli
2644 4568 2796 4638 pacis
2823 4585 2836 4622 :
2867 4570 3200 4637 quapropter
3232 4573 3416 4615 amare
3448 4558 3518 4619 lle
3546 4593 3551 4599 -

280 4650 527 4721 βοῶντες
555 4655 613 4708 ἐν
650 4657 834 4726 εὐχαῖς
874 4659 1105 4723 ἐκτενῶς
1166 4661 1306 4733 ὐπέρ
1349 4660 1451 4731 τῆς
1484 4661 1756 4726 ἀπωλείας
1778 4663 1872 4716 τοῦ

292 4746 560 4817 προτέρου
612 4747 762 4801 λαοῦ.
803 4744 983 4805 Ἦσαν
1021 4751 1130 4821 γάρ
1177 4753 1229 4805 οί
1279 4752 1567 4806 ἀπόστολοι
1615 4754 1710 4807 τοῦ
1757 4755 1872 4808 Σω-

294 4836 457 4908 τῆρος
494 4839 651 4909 ήμῶν
701 4840 958 4909 ἄγγελοι,
997 4843 1047 4895 οἳ
1098 4842 1311 4914 πικρῶς
1362 4843 1574 4898 ἔκλαιον
1614 4844 1870 4899 πενθοῦν-

295 4930 415 4993 τες,
455 4929 545 4983 διὰ
605 4930 668 4984 τὸ
723 4932 798 5004 μὴ
849 4933 1134 4988 πείθεσθαι
1194 4933 1327 5005 μηδὲ
1384 4934 1657 4989 πιστεύειν
1692 4936 1874 5000 αὐτοῖς

296 5018 421 5082 τοὺς
465 5018 540 5072 δι’
583 5021 761 5076 αὐτῶν
809 5023 1180 5097 κεκλημένους
1212 5024 1306 5078 ἐπὶ
1350 5024 1448 5096 τὴν
1497 5024 1592 5078 τοῦ
1634 5026 1870 5099 Χριστοῦ

282 5172 283 5175 η
298 5109 536 5183 εἰρήνην.

267 5720 281 5771 )

369 5219 388 5251 ι
418 5201 533 5256 Νῦν
577 5200 793 5272 ὕφεσθε,
842 5204 936 5257 νῦν
986 5206 1348 5278 αἰσθήσεσθεο
1389 5209 1590 5278 ματαία
1636 5208 1789 5264 ἔσται
1834 5211 1868 5281 ή

299 5290 448 5364 laxi»;
476 5293 571 5347 τοῦ
618 5295 928 5365 πνεύματος
971 5297 1157 5368 ὐμῶν·
1204 5318 1223 5350 ι
1271 5300 1305 5370 ή
1347 5298 1437 5352 διὰ
1476 5300 1720 5364 Μωσέως
1771 5302 1873 5355 αὐ-

296 5386 402 5449 τοῖς
438 5386 825 5458 παραδοθεῖσα,
871 5387 966 5441 καὶ
1012 5389 1092 5441 ὅτι
1121 5390 1293 5454 οὐδεὶς
1340 5390 1522 5445 οὐκέτι
1566 5392 1762 5455 αὐτοὺς
1794 5393 1875 5456 είς

297 5471 608 5548 ἀνθρώπους
643 5476 918 5546 λογιεῖται.
954 5497 972 5528 ι
995 5478 1114 5550 Πῦρ
1142 5481 1421 5535 κατέδεται
1483 5476 1626 5553 ὑμᾶς
1656 5498 1669 5511 ·
1719 5500 1737 5531 ι
1776 5481 1872 5553 τὴν

296 5563 548 5643 δευτέραν
610 5569 773 5624 αὐτοῦ
816 5569 911 5639 καὶ
971 5569 1177 5635 ἔνδοξον
1231 5573 1533 5646 παρουσίαν
1600 5573 1869 5643 ἐπαγγελ-

302 5653 517 5729 λόμενος
536 5704 571 5739 ,η
600 5660 720 5717 καθ’
752 5661 835 5734 ἣν
870 5661 1112 5733 ὄψονται.

1979 4665 2158 4731 bant,
2212 4662 2545 4719 clamoribus
2596 4669 2651 4715 et
2695 4658 3039 4715 orationibus
3087 4654 3323 4710 assiduis
3380 4648 3549 4721 prisci

1978 4757 2161 4829 populi
2193 4755 2489 4825 perniciem
2516 4752 2884 4823 deplorantes.
2918 4750 2989 4803 At
3013 4747 3154 4802 enim
3170 4743 3397 4816 apostoli
3426 4740 3551 4797 Sal~

1978 4848 2184 4905 vatoris
2219 4846 2389 4901 nostri
2424 4844 2603 4915 angeli
2633 4855 2814 4909 erant,
2843 4842 2935 4912 qui
2965 4839 3177 4895 acerbis
3211 4848 3333 4893 sese
3377 4834 3550 4903 lacry-

1974 4942 2079 4998 mis
2110 4940 2453 5003 dediderant,
2482 4937 2624 5006 quod
2656 4936 2713 5001 ii,
2736 4935 2829 5005 qui
2859 4933 2927 4987 ab
2960 4947 3017 4988 se
3046 4934 3114 4986 ad
3163 4941 3356 4999 pacem
3383 4924 3545 4980 Chri-

1973 5033 2043 5087 sti
2085 5029 2465 5095 vocabantur,
2524 5041 2630 5081 non
2683 5024 3162 5094 obtemperarent,
3214 5029 3388 5087 neque
3436 5011 3541 5069 sibi

1974 5122 2133 5178 ﬁdem
2165 5119 2450 5174 haberent.
3027 5150 3036 5159 .

2046 5210 2215 5267 Vens.
2250 5210 2337 5264 ll.
2382 5207 2576 5263 «Nunc
2604 5205 2877 5270 videbitis,
2901 5217 3045 5258 nunc
3094 5194 3373 5255 sentietis:
3400 5203 3538 5244 vana

1973 5302 2081 5358 erit
2110 5299 2374 5356 fortitudo
2406 5298 2631 5363 spiritus
2674 5296 2840 5351 vestri
2874 5310 2932 5346 τι
2963 5304 3085 5363 qua:
3117 5286 3249 5357 ipsis
3286 5298 3318 5338 a
3347 5281 3537 5347 Moyse

1972 5391 2098 5445 data
2135 5388 2334 5454 fuerat,
2370 5388 2496 5458 quia
2526 5401 2686 5442 nemo
2711 5386 2858 5456 ipsos
2896 5384 2948 5438 in
2979 5389 3253 5452 posterum
3292 5372 3539 5428 homines

1971 5480 2268 5551 reputabit.
2304 5498 2323 5532 ι
2350 5479 2495 5550 ignis
2521 5478 2808 5534 devorabit
2828 5490 2949 5537 vos,
2991 5490 3009 5524 ι
3045 5469 3130 5525 his
3157 5464 3453 5522 secundum
3481 5472 3537 5516 et

1968 5574 2260 5644 gloriosum
2299 5572 2589 5628 adventum
2642 5584 2799 5625 suum
2845 5564 3156 5637 pollicetur,
3188 5572 3299 5631 quo
3336 5555 3415 5613 illi
3442 5554 3540 5626 ,νὶ-

1968 5664 2188 5721 debunt.

364 5774 476 5845 (ω)
518 5776 609 5833 Vel
657 5778 945 5846 legendum
971 5780 1021 5832 οἱ
1054 5779 1171 5838 sine
1201 5791 1450 5849 accentu,
1482 5780 1567 5839 vel
1604 5778 1880 5852 supplendi

1988 5778 2211 5838 verbum
2243 5776 2470 5833 οίκοῦσι.
2508 5772 2666 5830 EDI'I‘.
