2059 3201
267 172 319 200 3Ξῖ

602 172 737 200 EUSEBII
757 169 990 201 CES'ARIENSlS
1006 168 1082 197 OPP.
1103 168 1196 196 PARS
1214 167 1261 196 ΙΙΙ.
1279 183 1316 189 —
1330 166 1538 197 EXEGETICA.

1837 172 1891 201 5‘28

303 231 384 259 Vsus.
410 232 502 260 12-14.
524 232 579 260 «Et
604 238 686 261 erunt
710 238 806 269 gentes
834 233 993 265 combustae,
1020 235 1047 258 ut

1139 238 1149 255 ι
1165 229 1220 256 Καὶ
1241 228 1346 256 ἔσονται
1369 228 1434 265 ἔθνη
1458 228 1706 264 κατακεκαυμένα,
1725 229 1763 262 ὼς
1786 229 1891 258 ἄκανθα

266 279 343 314 spina
361 280 386 306 in
401 287 467 314 agro
480 279 599 314 projects
612 284 640 308 et
654 286 762 308 exusta.
775 280 895 308 Audient
910 280 956 314 qui
970 279 1050 315 longe

267 329 341 358 sunt,
361 332 420 359 quae
438 332 489 360 ego
501 324 718 360 fcei,scientqui
738 325 954 361 appropinquant
977 325 1050 353 forti-

267 371 387 397 tudinem
408 377 506 398 meam.
535 370 717 399 Recesserunt
743 371 789 406 qui
815 375 896 398 erant
927 371 953 398 in
984 369 1049 398 Sion

266 416 367 449 iniqui:
385 416 569 451 apprehendet
584 422 686 444 tremor
700 417 807 452 impios.
822 426 832 443 ι
857 416 969 443 Etiamsi
992 416 1050 444 hac

264 470 317 489 non
325 462 357 489 de
364 462 416 490 illis
425 470 456 490 ex
465 461 577 490 Judaico
587 463 686 498 populo
695 463 867 495 vaticinetur,
885 463 929 497 qui
943 470 1049 490 annun-

266 510 360 537 tiatam
385 510 435 537 sibi
460 510 576 545 gratiam
594 514 769 545 acceperunt.
784 517 833 537 vos
849 509 950 537 auditis
974 509 1050 536 hisce

264 556 432 591 propheticis
459 556 642 589 sermonibus,
668 563 722 584 non
754 555 1049 592 intelligitis,sclentes

264 602 332 634 haec,
345 610 405 636 qum
420 602 554 630 Hebraice
571 602 647 629 vobis
663 602 804 630 enuntiata
819 606 847 629 et
860 601 960 636 scripta
974 605 1047 634 sunt,

264 653 370 674 necnon
386 646 477 674 omnia
501 646 546 673 illa
561 645 683 682 prodigia
698 654 757 681 quae
770 647 842 681 apud
853 650 1046 679 vos'operatus

263 698 334 723 sum,
348 695 376 718 et
390 698 450 726 qus:
465 691 534 726 apud
549 699 597 719 vos
609 690 716 719 locutus
738 699 809 724 sum,
825 696 975 719 necnou'ea
989 698 1050 726 quae

263 737 420 764 videntibus
442 737 521 764 vobis
547 744 606 765 sum
623 740 763 772 operatus,
779 744 793 764 a
809 736 935 771 gentibus
954 736 1049 772 procul

261 788 291 810 et
301 783 335 810 ad
351 788 473 810 extrema
491 787 572 810 terra:
594 783 715 810 auditum
736 782 780 810 iri.
796 782 936 816 Quomodo
956 787 1048 811 autem

263 828 387 861 audient,
410 829 463 857 nisi
485 829 519 856 ad
542 829 625 856 Deum
652 829 823 860 accedentes,
839 836 899 856 eum
919 829 1048 857 virtutem

262 874 322 907 eius
337 874 520 903 edidicerint!
537 874 569 902 Hi
596 881 661 902 vero
685 874 748 910 ipsi.
765 873 893 903 videlicet
921 875 996 910 impii
1020 875 1047 902 in

1100 274 1130 300 ὲν
1155 273 1233 309 ἀγρῷ
1264 273 1418 310 ὲρῤιμμένη
1449 273 1496 300 καὶ
1528 273 1768 311 κατακεκαυμένη.
1794 276 1891 303 ’Δκού-

1102 328 1193 346 σονται
1213 319 1238 345 οί
1255 318 1394 353 πόρρωθεν
1416 318 1435 345 ὃ.
1451 318 1577 353 ἐποίησα,
1601 318 1751 354 γνώσονται
1772 321 1798 347 oi
1814 320 1891 356 ἐγγι-

1102 365 1193 398 ζοντες
1214 365 1263 401 τὴν
1287 364 1363 400 ίσχύν
1380 373 1441 400 μου.
1461 365 1631 401 ’Δπέστησαν
1645 365 1671 392 oi
1691 366 1722 393 ὲν
1743 366 1814 393 Σιὼν
1829 366 1890 394 ἄνο-

1102 419 1162 446 μοι·
1182 410 1295 446 λήψεται
1311 410 1411 446 τρόμος
1429 410 1492 442 τοὺς
1512 411 1630 443 ἀσεϐεῖς.
1643 420 1654 438 ι
1674 412 1707 439 Ei
1732 412 1781 439 καὶ
1803 412 1890 440 ταῦτα

1101 459 1138 494 μὴ
1155 458 1220 493 περὶ
1235 456 1289 484 τῶν
1305 456 1459 492 δεξαμένων
1480 456 1530 492 τὴν
1544 456 1783 492 εὐαγγελισθεϊσαν
1797 459 1891 490 αὐτοῖς

1100 504 1179 539 χάριν
1197 502 1331 530 Ἰουδαίων
1352 502 1418 530 λαοῦ
1440 503 1582 535 θεσπίζει,
1606 503 1700 539 ὑμεῖς,
1724 504 1810 541 ἀκοὴν
1833 505 1891 532 τῶν

1099 548 1277 585 προφητικῶν
1300 548 1401 575 τούτων
1428 548 1515 584 λόγων
1541 549 1702 583 ἀκούοντες,
1726 550 1757 577 οὐ
1782 550 1890 578 συνίετε

1098 595 1287 630 γινώσκοντες,
1300 595 1340 621 ὅτι
1353 594 1439 622 ταῦτα
1451 595 1566 631 τὰσπρὸς
1578 595 1651 631 ὑμᾶς
1665 595 1796 632 Ἐϐραῐκῇ
1811 597 1888 632 φωνῇ

1099 641 1251 676 λαλούμενα
1264 650 1294 667 τε
1309 641 1356 668 καὶ
1377 641 1549 676 γραφόμενα,
1568 642 1618 669 ὅσα
1633 650 1663 669 τε
1678 642 1744 669 ἄλλα
1760 642 1889 679 θαύματα

1099 688 1140 718 είς
1157 686 1229 721 ὑμᾶς
1245 685 1447 721 ἑξεπραξάμην,
1467 686 1491 712 οἱ
1508 685 1649 722 πόρρωθεν
1671 686 1718 713 καὶ
1735 686 1817 723 μέχρι
1834 687 1890 715 τῶν

1098 733 1220 767 ἐσχάτων
1246 733 1297 767 τῆς
1323 732 1374 768 γῆς
1400 732 1553 765 οἰκοῦντες,
1581 733 1628 760 καὶ
1653 733 1724 769 ἅπερ
1740 735 1807 770 παρ’
1823 734 1888 769 ὑμῖν

1099 779 1235 814 ἐλάλησα,
1257 779 1304 806 καὶ
1328 779 1405 815 ὑμῶν
1437 779 1564 816 ὁρώντων
1587 780 1719 815 imi-nua,
1734 781 1759 807 οί
1782 782 1811 807 ὲν
1831 782 1888 813 τοῖς

1098 825 1197 861 πέρασι
1216 825 1265 860 τῆς
1286 826 1447 861 οἰκουμένης
1460 826 1630 854 ἀκούσονται.
1649 826 1711 859 Πῶς
1725 827 1753 854 δὲ
1769 827 1888 862 γνώσον-

1098 879 1143 898 ται
1165 871 1222 898 ἀλλ’
1242 870 1258 907 ἦ
1285 871 1442 906 ὲγγίσαντες
1460 871 1500 907 τῷ
1522 871 1598 908 Θεῷ,
1619 873 1668 899 καὶ
1693 873 1888 908 προσελθόντες

263 920 330 948 Sion
348 924 498 953 versantes,
521 927 574 955 quo
595 924 674 955 pacto
696 927 711 947 a
738 927 780 947 me
794 921 965 954 recesserint,
983 928 1047 956 cog-

1099 917 1173 953 αὺτῷ
1193 917 1240 944 καὶ
1259 916 1307 952 τὴν
1323 917 1400 952 ίσχὺν
1424 916 1505 943 αὐτοῦ
1530 917 1737 953 μεμαθηκότες;
1760 915 1840 945 Οὗτοι
1859 918 1888 945 δὲ

263 971 399 995 noscent:
416 974 468 1001 qua
488 967 522 994 de
548 973 642 999 causa,
667 966 703 994 ob
728 965 907 994 defectionem
932 966 1047 999 scilicet,

263 1018 365 1041 tremor
378 1013 488 1041 invadet
501 1013 572 1041 illos.

297 1102 378 1130 Vsus.
389 1103 432 1130 l5.
442 1103 522 1137 «Quis
537 1103 708 1131 annuntiabit
718 1103 792 1131 vobis
801 1104 888 1139 ignem
902 1111 1047 1132 accensun.

260 1148 340 1175 esse?
356 1148 421 1182 Quis
437 1149 607 1177 annuntiabit
627 1149 704 1177 vobis
724 1150 811 1177 locum
829 1150 981 1178 aeternum?
995 1150 1047 1183 Qui

260 1193 384 1220 ambulat
398 1194 424 1221 in
443 1193 561 1229 iustitia.
577 1194 624 1230 qui
644 1194 764 1230 loquitur
780 1199 881 1222 rectam
899 1192 982 1229 viam,
1000 1196 1047 1230 qui

260 1239 318 1267 odit
334 1239 506 1274 iniquitatem
521 1245 549 1268 et
564 1240 735 1276 iniustitiam.
749 1240 796 1275 qui
810 1247 906 1268 manus
918 1242 1021 1269 excutit
1032 1249 1047 1269 τι

262 1285 432 1318 muneribus,
453 1286 499 1321 qui
526 1286 636 1314 obturat
656 1293 746 1318 aures,
764 1293 797 1314 ne
809 1286 899 1314 audiat
914 1285 1047 1320 judicium

259 1326 411 1366 sanguinis,
421 1331 466 1367 qui
473 1331 576 1359 claudit
584 1331 688 1364 oculos.
695 1340 729 1360 ne
737 1332 828 1360 videat
837 1332 1020 1367 iniquitatem.
1035 1343 1044 1359 ι

260 1375 306 1403 Ait
319 1376 418 1411 igitur:
432 1385 441 1402 ι
455 1376 521 1410 Quis
529 1377 698 1405 annuntiabit
711 1378 786 1406 vobis
802 1378 891 1413 ignem
901 1386 1046 1407 accensum

260 1428 337 1455 esu,
354 1431 363 1446 ι
390 1428 513 1458 paratum
539 1423 645 1451 diabolo
674 1430 702 1451 et
734 1424 839 1459 angelis
868 1424 950 1460 ejus?
979 1424 1047 1459 Quis

260 1473 327 1502 ergo
339 1466 390 1494 ista
409 1468 561 1501 cognoscit.
575 1473 605 1496 ut
627 1469 722 1497 eadem
740 1470 926 1498 nescientibus
952 1470 1047 1498 testiﬁ-

261 1517 357 1544 cetur.
373 1512 424 1540 nisi
453 1514 577 1549 quisquis
602 1515 723 1542 ambulat
751 1516 778 1543 in
805 1515 922 1551 iustitia,
944 1521 973 1545 et
990 1517 1048 1545 odit

260 1556 426 1592 impietatem
439 1564 467 1586 et
478 1558 637 1595 iniustitiam
650 1569 657 1594 ;
670 1560 688 1589 ii
716 1561 761 1597 qui
774 1569 888 1589 munera
903 1565 1044 1597 respuunt.

261 1607 289 1630 ct
305 1609 385 1631 aures
399 1604 538 1636 obturant,
555 1611 588 1632 ue
603 1605 714 1633 audiant
727 1604 860 1640 judicium
885 1607 1040 1642 sanguinis,

260 1648 410 1684 oculosque
428 1649 566 1684 claudunt,
584 1658 619 1678 ne
644 1651 753 1679 videant
777 1652 901 1688 iniquum
919 1652 1046 1681 facinus!

261 1693 335 1723 Talis
347 1700 407 1723 erat
422 1696 522 1724 chorus
544 1697 738 1732 prophetarum
756 1697 814 1732 Dei,
829 1704 857 1726 et
873 1699 988 1734 quilibet
1004 1700 1048 1727 vir

260 1740 413 1776 religiosus,
423 1741 523 1769 chorus
535 1742 598 1770 item
613 1742 796 1778 apostolorum
812 1747 841 1770 et
854 1743 1046 1778 discipulorum

261 1785 413 1814 Salvatoris
430 1788 529 1815 nostri.
544 1788 672 1824 Quisquis
688 1789 780 1824 igitur,
798 1790 886 1822 aiunt,
907 1790 1047 1825 huiusmo-

260 1831 287 1858 di
298 1832 361 1863 erit,
376 1832 399 1859 is
410 1833 582 1860 annuntiabit
597 1833 686 1866 nobis.
705 1834 796 1869 ignem
817 1834 909 1870 impiis
921 1840 1046 1870 paratum

261 1883 405 1905 accensum
423 1885 501 1906 esse:
521 1878 647 1914 idemque
667 1879 726 1914 ipse
746 1879 836 1908 locum
854 1881 933 1908 nobis
949 1881 1045 1908 αισι-ιιί

257 1922 352 1958 iudicii
370 1924 511 1958 indicabit,
528 1930 698 1954 contestatus
709 1925 860 1954 cavendum
876 1933 949 1960 esse,
965 1930 996 1955 ut
1013 1934 1048 1955 ne

259 1975 294 1997 eo
305 1970 472 2000 decidamus.

298 2059 378 2088 Vsus.
397 2059 441 2088 l6.
468 2068 479 2086 ι
510 2059 559 2088 ilic
583 2059 715 2088 habitabit
738 2060 765 2088 in
785 2060 894 2089 excelsa
912 2061 1046 2097 spelunca

259 2111 343 2141 petra
358 2101 443 2134 lii-mm
459 2115 466 2133 ε
480 2105 559 2142 panis
571 2106 597 2133 ei
612 2105 732 2139 dabitur,
757 2111 786 2134 et
807 2113 876 2141 aqua
897 2106 957 2142 ejus
980 2107 1047 2134 lide-

259 2152 303 2183 lis.
320 2162 330 2178 ι
346 2152 419 2181 idem
438 2152 496 2188 ipse
520 2151 614 2187 procul
638 2151 701 2187 igne
713 2171 722 2184 ,
739 2155 767 2180 et
782 2157 932 2180 memorato
944 2157 1048 2180 aeterno

258 2198 320 2227 loco
334 2203 454 2227 remotus
464 2219 473 2232 ,
489 2197 624 2226 habitabit
638 2198 666 2226 in
688 2198 796 2226 excelsa
810 2198 938 2233 spelunca
950 2218 958 2230 ,
975 2203 1003 2226 et
1019 2199 1046 2226 in

258 2249 335 2279 petra
352 2244 440 2272 ﬁrma.
467 2244 622 2272 Secundum
639 2243 834 2280 Symmachum
849 2250 915 2271 vero
926 2262 936 2276 ,
954 2252 964 2270 ι
988 2243 1047 2278 Ipse

259 2290 286 2318 in
301 2290 416 2318 excelsis
436 2289 571 2318 habitabit
583 2309 592 2323 ,
616 2290 693 2325 quasi
712 2290 881 2317 munimenta
908 2293 1045 2324 petrarum

259 2334 410 2363 sublimitas
423 2334 500 2370 ejus;
521 2343 531 2361 ι
548 2338 577 2362 ιιι
591 2341 625 2362 ex
645 2334 688 2362 his
701 2334 842 2362 beatorum
865 2334 1026 2361 exercitium
1038 2353 1047 2366 ,

256 2386 287 2410 et
301 2381 456 2410 institutum
469 2382 533 2409 vitae
550 2381 579 2409 in
605 2388 709 2409 summa
731 2380 905 2416 philosophia
930 2379 1048 2414 positum

258 2427 462 2464 intelligamus:
477 2427 653 2464 quamobrem
675 2427 802 2459 infertur.
823 2435 833 2453 ι
851 2425 933 2454 Panis
956 2426 982 2454 ei
999 2426 1048 2454 da-

257 2474 342 2508 bitur,
354 2479 383 2502 et
396 2482 466 2510 aqua
481 2475 539 2510 ejus
558 2474 655 2503 ﬁdelis.
677 2483 687 2501 ι
704 2473 779 2503 Talis
790 2478 881 2503 autem
897 2474 980 2502 homo
997 2481 1049 2509 pa-

258 2530 292 2549 ne
302 2526 329 2549 et
339 2529 409 2556 aqua
431 2521 457 2549 in
471 2521 599 2557 praesenti
613 2521 670 2550 vita
690 2522 725 2550 ad
742 2523 902 2550 alimentum
923 2529 999 2554 usus.
1016 2521 1045 2548 in

256 2567 465 2597 exercitationis
484 2570 629 2597 terminum
645 2574 672 2597 et
690 2569 820 2605 fructum,
838 2570 985 2606 gloriosam
1004 2576 1047 2598 re-

257 2615 300 2651 gis
312 2615 566 2649 contemplationem
578 2615 680 2645 referet
693 2627 700 2645 :
719 2621 886 2652 quapropter
896 2617 936 2645 ait
951 2626 959 2645 :

293 2663 376 2694 VG”.
394 2664 502 2693 17-19.
530 2672 540 2690 ι
558 2663 660 2700 Regem
691 2670 752 2692 cum
785 2663 871 2700 gloria
898 2662 1047 2696 videbitis,

258 2711 329 2739 oculi
347 2711 432 2740 vestri
454 2715 568 2739 cernant
594 2714 693 2738 terram
709 2709 806 2746 procul
821 2718 828 2738 :
844 2709 938 2738 anima
953 2715 1046 2737 vestra

246 2757 432 2787 meditabitur
454 2757 593 2786 timorem.
627 2755 676 2786 Ubi
700 2762 763 2785 sunt
789 2756 979 2792 grammatici?
1001 2755 1046 2783 ubi

259 2803 429 2832 consiliarii!
452 2803 498 2832 ubi
514 2807 557 2832 est
568 2822 577 2836 ,
591 2803 639 2836 qui
655 2807 779 2831 numerat
791 2810 840 2830 eos
854 2803 901 2838 qui
926 2801 1048 2829 nutriunt

259 2855 371 2883 parvum
381 2855 410 2878 et
420 2857 548 2886 magnum
565 2848 717 2885 populum?
739 2850 783 2878 cui
797 2856 850 2877 non
867 2848 942 2876 dedit
959 2846 1049 2875 consi-

260 2895 325 2924 lium
338 2915 346 2930 ,
361 2903 448 2931 neque
469 2897 549 2925 scivit
565 2904 660 2926 vocem
686 2896 867 2931 altiloquam;
885 2895 922 2923 ita
943 2899 973 2922 ut
994 2901 1048 2921 non

1099 963 1175 990 αὐτοὶ
1197 963 1316 990 εἴσονται
1345 963 1419 995 ὅπως
1448 962 1605 998 ἀπέστησάν
1634 971 1698 999 μου,
1715 965 1740 990 oi
1767 964 1797 991 ὲν
1819 963 1889 992 Σιὼν

1099 1009 1212 1045 ἄνομοι·
1230 1006 1261 1036 οὗ
1274 1009 1355 1045 χάριν
1373 1008 1417 1036 διὰ
1432 1008 1482 1045 τὴν
1497 1009 1665 1036 ἀποστασίαν
1688 1010 1789 1043 αὐτῶν,
1806 1009 1889 1046 λήψε-

1097 1063 1143 1081 ται
1156 1054 1255 1086 αὐτοὺς
1269 1054 1381 1090 τρόμος.

1136 1109 1146 1127 ι
1160 1101 1209 1132 Τίς
1222 1099 1369 1135 ἀναγγελεῖ
1381 1100 1447 1136 ὑμῖν
1470 1100 1511 1127 ὅτι
1526 1099 1582 1136 πῦρ
1597 1100 1722 1134 καίεται;
1739 1100 1788 1133 Τίς
1802 1101 1888 1136 ἀναγ-

1097 1146 1171 1181 γελεῖ
1186 1146 1249 1181 ὑμῖν
1267 1146 1314 1173 τδν
1335 1146 1419 1173 τόπον
1440 1145 1486 1173 τὸν
1509 1145 1632 1179 αἰώνιονς
1655 1146 1841 1182 Πορευόμενος
1856 1147 1887 1173 ἐν

1097 1191 1263 1228 δικαιοσύνῃ,
1279 1190 1367 1218 λαλῶν
1389 1190 1497 1218 εὐθεῖαν
1513 1191 1584 1224 ὁδὸν,
1602 1191 1687 1227 μισῶν
1703 1191 1818 1227 ἀνομίαν
1835 1191 1886 1218 καὶ

1098 1236 1215 1268 ἀδικίαν,
1229 1236 1340 1268 καὶτὰς
1366 1237 1461 1272 χεῖρας
1483 1236 1677 1271 ἀποσειόμενος
1702 1235 1757 1263 ἀπὸ
1780 1236 1887 1272 δώρων,

1098 1281 1222 1318 βαρύνων
1240 1281 1275 1308 τὰ
1289 1278 1363 1315 ὦτα,
1385 1282 1428 1309 ἵνα
1451 1281 1489 1318 μὴ
1522 1281 1626 1318 ἀκούσῃ
1643 1282 1734 1319 κρίσιν
1756 1283 1887 1318 αἳματος,

1097 1326 1234 1362 καμμύων
1259 1326 1323 1358 τοὺς
1347 1326 1520 1362 ὀφθαλμοὺς,
1544 1327 1588 1354 ἶνα
1610 1326 1647 1362 μὴ
1674 1326 1716 1364 ῐδῃ
1739 1327 1857 1354 ἀδικίαν.
1874 1336 1885 1353 ι

1096 1373 1165 1407 Φησὶ
1181 1372 1256 1406 γοῦν,
1274 1381 1284 1398 ‹
1296 1372 1345 1404 Τίς
1363 1372 1507 1407 ἀναγγελεῖ
1524 1372 1589 1408 ὑμῖν
1608 1372 1649 1399 ὅτι
1670 1372 1861 1410 πῦρλκαίεται,
1872 1382 1884 1400 ι

1096 1418 1127 1445 τὸ
1143 1418 1342 1455 ἡτοιμασμένον
1362 1417 1402 1454 τῷ
1421 1418 1537 1454 διαϐόλῳ
1559 1419 1606 1445 καὶ
1624 1419 1681 1451 τοῖς
1697 1419 1823 1453 ἀγγέλοις
1837 1419 1888 1446 αὗ-

1096 1465 1161 1498 τοῦ;
1183 1465 1232 1496 Τίς
1251 1462 1298 1492 οὖν
1313 1465 1387 1492 ἐστιν
1404 1465 1419 1491 ὸ
1432 1464 1520 1492 ταῦτα
1540 1464 1627 1498 εἰδὼς,
1640 1465 1689 1492 καὶ
1712 1466 1768 1497 τοτς
1791 1465 1828 1501 μὴ
1847 1465 1887 1492 εἰ-

1095 1511 1152 1539 δόσι
1173 1510 1485 1547 προσμαρτυρούμενος,
1508 1511 1525 1547 ἢ
1550 1511 1604 1543 πᾶς
1621 1511 1636 1537 ὁ
1651 1511 1835 1547 πορευόμενος
1856 1512 1887 1538 ἓν

1095 1557 1268 1593 δικαιοσύνῃ,
1285 1556 1332 1584 καὶ
1350 1557 1406 1588 πᾶς
1424 1557 1439 1583 ὀ
1456 1557 1542 1592 μισῶν
1559 1556 1685 1584 ἀσέϐειαν
1704 1557 1751 1584 καὶ
1768 1557 1886 1589 ἀδικίαν,

1057 1590 1079 1620 c
1095 1590 1257 1639 δωροδοκίῶ
1280 1610 1311 1629 τε
1332 1590 1582 1638 ἁποστρεῷόμενοι,
1608 1602 1705 1629 καὶτὰ
1728 1598 1786 1629 ὦτα
1801 1601 1888 1636 φράτ-

1095 1657 1188 1681 τοντες
1201 1649 1249 1675 τοῦ
1264 1647 1301 1684 μὴ
1315 1647 1430 1675 ἀκοῦσαι
1446 1647 1535 1683 κρίσιν
1547 1647 1672 1684 αἵματος,
1687 1646 1809 1683 μυῶντες
1823 1646 1887 1679 τοὺς

1096 1694 1252 1731 ὀφθαλμοὺς
1266 1694 1315 1721 τοῦ
1340 1694 1378 1730 μὴ
1392 1694 1504 1731 θεωρεῖν
1519 1693 1611 1721 ἄδικον
1626 1693 1745 1730 πρᾶξιν;
1760 1692 1886 1726 Τοιοῦτος

1095 1740 1124 1767 δὲ
1136 1738 1171 1776 ἦν
1181 1740 1196 1767 ό
1214 1739 1294 1777 χορὸς
1306 1739 1361 1766 τῶν
1375 1738 1522 1775 προφητῶν
1533 1738 1581 1766 τοῦ
1599 1738 1678 1772 Θεοῦ,
1694 1739 1742 1766 καὶ
1757 1738 1812 1769 πᾶς
1826 1737 1886 1764 θεο-

1097 1786 1177 1822 φιλὴς
1192 1786 1272 1822 ἀνὴρ,
1285 1786 1300 1812 ὅ
1311 1794 1342 1813 τε
1358 1785 1439 1821 χορὸς
1453 1785 1507 1812 τῶν
1523 1785 1680 1812 ἀποστόλων
1694 1784 1742 1811 καὶ
1755 1783 1884 1819 μαθητῶν

1097 1832 1223 1868 Σωτῆρος
1242 1831 1330 1867 ἡμῶν.
1354 1831 1412 1863 Πᾶς
1430 1830 1520 1858 τοίνυν
1543 1831 1558 1857 ὁ
1572 1829 1692 1861 τοιοῦτος
1716 1828 1883 1863 ἀπαγγέλλει

1097 1880 1173 1915 ἡμῖν,
1188 1879 1264 1913 φασὶ,
1285 1878 1352 1905 διότι
1376 1877 1432 1914 πῦρ
1452 1876 1558 1904 καίεται
1580 1877 1637 1908 τοῖς
1660 1875 1785 1902 ἀσεϐέσιν
1810 1876 1885 1910 ἡτοι-

1099 1924 1252 1960 μασμένον·
1274 1925 1289 1951 ὁ
1309 1924 1339 1951 δὲ
1361 1923 1442 1955 αὐτὸς
1465 1922 1512 1950 καὶ
1533 1922 1579 1949 τὸν
1600 1921 1683 1948 τόπον
1705 1921 1755 1956 τῆς
1773 1921 1884 1949 αἰωνίου

1097 1970 1215 2006 κρίσεως
1234 1969 1350 2006 δηλώσει
1370 1969 1447 2005 ἡμῖν,
1469 1967 1762 2005 προσμαρτυρούμενος
1784 1968 1886 2003 φυλάτ-

1097 2017 1191 2044 τεσθαι
1210 2016 1248 2053 μὴ
1263 2016 1424 2052 περιπεσεῖν
1436 2015 1477 2048 είς
1488 2015 1584 2051 αὐτην.

1135 2073 1145 2090 ι
1159 2060 1243 2095 οὗτος
1257 2063 1363 2099 οἰκήσει
1387 2062 1418 2090 ἐν
1443 2061 1536 2098 ὕψήλῳ
1552 2060 1676 2096 σπηλαίῳ
1694 2060 1797 2096 πέτρας
1811 2059 1888 2095 ίσχυ-

1099 2110 1164 2146 ρᾶς·
1191 2109 1274 2146 ἄρτος
1296 2107 1372 2143 αὐτῷ
1397 2106 1551 2142 δοθήσεται,
1573 2105 1622 2132 καὶ
1645 2105 1677 2132 τὺ
1704 2104 1778 2140 ὕδωρ
1804 2104 1886 2131 αὐτοῦ

1097 2154 1204 2182 πιστόν.
1223 2163 1234 2181 ι
1249 2153 1336 2185 Αὐτὸς
1355 2152 1384 2180 δὲ
1409 2148 1498 2183 οὗτος,
1515 2149 1625 2186 μακρὰν
1639 2149 1686 2176 τοῦ
1709 2149 1794 2185 πυρὸς
1808 2156 1887 2183 γεγο-

1098 2200 1152 2232 νὼς
1166 2198 1272 2228 καὶτοῦ
1292 2196 1488 2234 προλεχθέιηος
1502 2195 1613 2224 αἰωνίου
1627 2195 1721 2226 τόπου,
1737 2196 1841 2230 οίκήσει
1857 2195 1887 2221 ἐν

1062 2265 1085 2294 D
1219 2243 1355 2281 σπηλαίῳ,
1375 2243 1423 2271 καὶ
1446 2243 1493 2270 ἐπὶ
1513 2242 1616 2294 πέτρας
1634 2241 1756 2276 ίσχυρᾶς.
1769 2241 1846 2294 Κατὰ
1857 2241 1887 2267 δὲ

1098 2292 1144 2320 τὸν
1154 2291 1314 2327 Σύμμαχον,
1342 2299 1351 2316 ι
1376 2288 1471 2321 Ἀὐτὸς
1487 2289 1516 2315 ἐν
1532 2287 1645 2323 ὑψηλοῖς
1669 2285 1885 2321 κατασκηνώσει,

1098 2337 1136 2370 ὥς
1154 2337 1280 2372 περιοχαὶ
1294 2335 1403 2372 πετρῶν
1413 2334 1444 2362 τὸ
1457 2334 1523 2370 ὕψος
1536 2332 1634 2360 αὐτού·
1652 2342 1662 2359 ι
1674 2333 1712 2364 ὡς
1729 2333 1798 2359 νοεῖν
1812 2333 1886 2368 ἡμᾶς

1098 2382 1141 2410 διὰ
1157 2382 1259 2410 τούτων
1278 2382 1327 2419 τὴν
1350 2382 1404 2409 τῶν
1418 2380 1561 2418 μακαρίων
1575 2380 1700 2415 ἄσκησιν,
1720 2379 1766 2405 καὶ
1789 2378 1834 2405 τὸν
1857 2379 1886 2405 ὲν

1098 2429 1242 2466 ἀκροτάτῳ
1257 2429 1416 2464 φιλοσοφίας
1436 2428 1492 2464 βίον
1515 2426 1622 2454 αὐτῶν·
1650 2425 1690 2452 διὸ
1715 2424 1886 2458 ἐπιλέγεται,

1102 2485 1112 2503 t
1130 2477 1212 2512 ἄρτος
1225 2475 1300 2512 αὐτῷ
1313 2476 1468 2511 δοθήσεται,
1481 2473 1568 2501 καὶτὸ
1581 2472 1653 2507 ὕδωρ
1666 2471 1748 2498 αὑτοῦ
1762 2470 1882 2497 πιστόν.)

1106 2524 1136 2551 '0
1150 2524 1179 2555 δὲ
1191 2523 1322 2555 τοιοῦτος,
1341 2523 1416 2559 ἄρτῳ
1433 2521 1481 2549 καλ⁵
1499 2520 1574 2547 ὕδατι
1588 2519 1638 2554 τὴν
1655 2516 1793 2554 παροῦσαν
1811 2515 1884 2551 ζωὴν

1100 2569 1241 2606 ἀσκηθεὶς,
1259 2569 1346 2606 πέρας
1360 2568 1416 2601 ἕξει
1432 2567 1481 2594 καὶ
1493 2565 1600 2602 καρπὸν
1615 2564 1665 2599 τῆς
1680 2563 1822 2598 ἀσκήσεως
1836 2563 1886 2598 τὴν

1100 2615 1204 2649 ἔνδοξον
1214 2615 1262 2642 τοῦ
1277 2614 1408 2651 βασιλέως
1420 2613 1485 2640 θέαν
1494 2621 1501 2628 ·
1516 2611 1556 2638 διό
1567 2617 1649 2645 φησιν
1660 2616 1667 2624 ·

1138 2671 1148 2688 ι
1166 2661 1282 2689 Βασιλέα
1298 2660 1367 2698 μετὰ
1388 2659 1468 2695 δόξης
1479 2657 1588 2693 ὄψεσθε,
1607 2657 1631 2682 οί
1653 2654 1786 2691 ὀφθαλμοὶ
1809 2654 1887 2691 ὑμῶν

1099 2708 1210 2744 ὄψονται
1226 2708 1278 2744 γῆν
1291 2705 1444 2743 πορῤωθεν,
1459 2705 1475 2740 ἡ
1492 2702 1565 2739 ψυχὴ
1585 2701 1817 2738 ὺμῶν.μελετήσει
1838 2699 1888 2735 φό-

1100 2754 1157 2782 ϐον.
1174 2754 1230 2782 Ποῦ
1243 2754 1312 2781 εἰσιν
1324 2753 1350 2780 οί
1364 2749 1566 2788 γραμματικοίς
1583 2747 1639 2775 Ποῦ
1651 2748 1719 2775 εἰσιν
1729 2747 1754 2774 οἱ
1769 2746 1889 2783 συμϐου-

1100 2801 1240 2833 λεύοντες;
1265 2798 1322 2826 Ποῦ
1345 2799 1420 2825 ἔστιν
1446 2798 1460 2823 ὁ
1483 2794 1608 2832 ἀριθμῶν
1627 2795 1690 2827 τοὺς
1704 2793 1887 2829 τρεφομένους

1103 2847 1200 2883 μικρὸν
1217 2845 1264 2873 καὶ
1291 2844 1378 2880 μέγαν
1391 2843 1472 2875 λαόν;
1530 2841 1561 2868 ού
1579 2839 1813 2873 συνεϐουλεύσατο,
1827 2838 1887 2865 οὐδὲ

1102 2893 1160 2929 ᾔδει
1177 2891 1346 2928 βαθύφωνον,
1363 2889 1433 2917 ὥστε
1459 2888 1496 2924 μὴ
1513 2886 1643 2915 ἀκοῦσαι·
1672 2886 1736 2918 λαὸς
1753 2883 1886 2920 πεφαυλι-
