4118 6406
373 357 488 412 ὃὲθ
522 399 538 408 ς

1305 350 1797 404 COMMENTARM
1841 349 1908 404 IN
1953 346 2205 403 ISAIAM.
2248 377 2316 386 —
2354 343 2504 400 CAP.
2549 339 2784 396 XXXIII.

3531 341 3634 392 530

375 467 598 538 σμένος,
644 465 740 519 καλ⁸
792 465 891 517 οὐκ
940 464 1056 516 ἔστι
1112 463 1186 533 τῷ
1245 465 1492 517 ἀκούοντι
1520 465 1748 527 σύνεσις.
1793 486 1808 514 ι
1850 466 1958 516 lle-3

2099 464 2248 514 ndiat
2281 481 2292 515 :
2333 459 2562 530 populus
2593 467 2931 526 contemptus
2961 498 2975 523 ,
3023 464 3076 511 et
3122 470 3225 511 non
3257 464 3340 512 est
3392 457 3630 510 audienti

373 560 518 610 εἰσιν
544 557 593 608 oi
632 557 1000 626 γραμματεῖς,
1037 557 1084 606 οἱ
1114 555 1173 606 τὸ
1212 555 1444 625 γράμμα
1481 557 1576 608 τοῦ
1619 553 1781 626 νόμου
1832 573 1963 622 πρε-

376 649 733 710 σϐεύσαντες,
773 647 867 700 καὶ
901 647 1027 718 μηδ’
1051 647 1237 717 ἕτερον
1265 649 1468 711 εἰδότες
1495 651 1633 700 νοεῖν
1664 649 1696 719 ἦ
1735 647 1833 710 τὰς
1866 648 1962 718 τῆς

375 740 579 804 λέξεως
616 739 998 808 άπαγγελίας;
1057 738 1159 801 Οὒς
1217 739 1529 804 ἐταλᾶινιζεν
1575 741 1602 792 ὁ
1658 740 1847 810 Σωτὴρ
1908 740 1965 790 ἐν

2067 554 2443 623 intelligentia.
2481 571 2499 604 ι
2541 550 2640 605 Ubi
2675 560 2802 605 sunt
2851 549 3058 604 Scrihaa
3085 591 3098 614 ,
3148 551 3236 618 qui
3284 549 3417 619 legis
3450 549 3642 602 littera:

2068 647 2502 717 patrocinantur,
2539 643 2784 712 nihilque
2815 642 2960 696 aliud
2993 644 3274 712 cogitant,
3323 657 3484 710 quam
3535 641 3638 695 ob—

2069 740 2209 791 viam
2236 737 2491 791 dictionis
2524 737 2954 790 enuntiationem
2985 736 3008 788 ?
3055 735 3202 802 Quos
3236 735 3467 788 miseros
3497 748 3640 803 prae-

376 829 736 900 Εὖαγγελίοις
791 829 1001 898 λέγων·
1046 848 1064 881 ι
1106 831 1241 883 Οὐαὶ
1300 831 1448 901 ὑμῖν,
1476 831 1823 900 γραμματεῖς
1874 828 1968 881 καὶ

2091 831 2285 884 licabat
2319 829 2570 884 Salvator
2615 828 2668 881 in
2698 828 3002 896 Evangeliis
3028 828 3210 881 dicens
3234 866 3248 890 ,
3286 845 3304 876 ι
3347 824 3436 879 ναι
3471 826 3644 888 vobis,

375 927 663 997 Φαρισαῖοι
693 923 1005 996 ὑποκριταί.
1051 944 1067 973 ι
1110 923 1218 976 Ποῦ
1265 923 1371 996 γὰρ
1433 915 1582 975 οῦτοι
1637 923 1967 993 φανήσονται

378 1021 442 1070 ὲν
469 1017 656 1088 ἡμέρᾳ
687 1015 789 1085 τῆς
812 1013 1077 1086 κρίσεως;
1128 1015 1176 1067 οἳ
1213 1015 1440 1078 κόλακες
1490 1013 1807 1084 ὲξέστρεφον
1843 1013 1969 1076 τοῦς

383 1108 855 1179 κολακευομένους
879 1107 1083 1170 αὐτοῖς.

460 1221 480 1253 ι
528 1201 660 1253 Ίδοὺ
686 1199 823 1252 Σιὼν
851 1201 885 1270 ὴ
916 1198 1091 1261 πόλις,
1124 1198 1186 1251 τὸ
1217 1198 1492 1268 Σωτήρων
1525 1196 1681 1267 ήμῶν
1704 1197 1753 1248 οἱ
1776 1195 1975 1264 ὀφθαλ-

388 1292 482 1360 μοί
516 1307 610 1343 σου
635 1288 876 1360 ὄψονται,
905 1288 1260 1361 Ἰερουσαλήμ
1279 1305 1291 1318 ·
1323 1288 1476 1350 πόλις
1503 1286 1751 1348 πλουσία,
1780 1287 1974 1356 σκηναὶ

385 1384 446 1436 αἳ
472 1382 533 1434 οὐ
563 1381 638 1453 μὴ
676 1380 984 1442 σεισθῶσιν,
1017 1381 1137 1434 οὐδὲ
1175 1381 1248 1451 μὴ
1293 1379 1586 1451 κινηθῶσιν
1627 1381 1677 1432 οἱ
1713 1377 1974 1431 πάσσαλοι

383 1475 489 1545 τῆς
527 1473 734 1545 σκηνῆς
779 1473 948 1541 αὐτῆς
1003 1474 1082 1536 εἰς
1115 1474 1204 1526 τὸν
1252 1472 1423 1526 αἰῶνα
1474 1471 1686 1544 χρόνον,
1738 1469 1857 1522 οὐδὲ
1907 1469 1976 1521 τὰ

390 1565 598 1637 σχοινία
619 1565 792 1635 αὐτῆς
813 1564 873 1618 οὐ
906 1565 981 1635 μὴ
1010 1564 1402 1637 διαρραγῶσιν.
1449 1583 1468 1616 ι
1499 1562 1762 1634 Σημαίνει
1806 1562 1862 1615 δὲ
1889 1561 1976 1613 διὰ

384 1657 592 1711 τούτων
620 1658 649 1709 ὁ
676 1657 852 1726 λόγος,
887 1658 1160 1728 Σωτήρων
1192 1658 1287 1728 μὲν
1316 1657 1406 1709 τὸν
1430 1655 1665 1727 Χριστὸν
1694 1654 1788 1708 τοῦ
1821 1654 1976 1716 Θεοῦ,

389 1751 545 1805 πόλιν
571 1751 628 1804 δὲ
669 1749 870 1822 ἑορτῶν
893 1749 990 1821 τὴν
1035 1747 1359 1818 Ἐκκλησίαν
1389 1747 1484 1801 τοῦ
1523 1745 1679 1799 Θεοῦ.
1723 1746 1836 1816 Τῆς
1879 1745 1979 1815 μὲν

2077 923 2284 978 Scriba:
2311 932 2366 976 et
2399 920 2660 976 Pharisaei
2695 919 2986 990 hypocrita:
3013 920 3081 973 δ’.
3121 937 3139 970 i
3181 915 3408 972 Ubinam
3445 916 3518 970 illi
3548 931 3644 984 ap-

2075 1019 2340 1087 parebunt
2369 1017 2421 1070 in
2460 1016 2545 1070 die
2569 1013 2756 1084 judicii
2783 1014 2807 1067 ?
2837 1013 2952 1082 qui,
2983 1021 3170 1082 utpote
3199 1011 3530 1076 adulatores,
3553 1027 3647 1066 eos

2075 1110 2274 1180 quibus
2307 1108 2720 1164 assentabantur
2744 1109 3084 1161 avertebant.

2147 1202 2312 1259 Vens.
2342 1202 2433 1257 20.
2470 1219 2488 1252 ‹
2529 1200 2666 1254 Ecce
2699 1197 2829 1254 Sion
2861 1197 3055 1253 civitas
3083 1240 3097 1264 ,
3126 1197 3376 1252 Salutare
3406 1205 3652 1252 nostrum

2076 1295 2216 1350 oculi
2246 1295 2317 1348 tui
2349 1293 2630 1358 videbunt,
2661 1290 2999 1357 Jerusalem,
3024 1291 3218 1344 civitas
3252 1290 3401 1345 dives
3425 1329 3442 1356 ,
3476 1288 3656 1343 taber-

2079 1386 2268 1441 nacula
2303 1401 2424 1455 qum
2472 1399 2580 1440 non
2625 1384 3024 1450 concutientur,
3065 1397 3241 1451 neque
3295 1382 3658 1437 movebuntur

2079 1479 2263 1549 paxilli
2301 1477 2635 1532 tabernaculi
2685 1475 2826 1546 cjus-
2857 1475 2910 1529 in
2957 1475 3344 1544 sempiternum
3400 1484 3613 1544 tempus
3641 1513 3656 1534 ,

2083 1583 2256 1638 neque
2289 1569 2513 1623 funiculi
2548 1567 2665 1637 ejus
2714 1567 3110 1636 dirumpentnr.
3171 1587 3189 1619 ι
3243 1567 3536 1637 His'porro
3584 1572 3661 1620 si--

2081 1663 2325 1734 gnificat,
2361 1661 2612 1716 Salutare
2640 1661 2856 1729 quidem
2888 1674 3008 1714 esse
3035 1660 3308 1714 Christum
3333 1659 3461 1724 Dei,
3497 1659 3665 1713 festo-

2087 1773 2204 1810 rutn
2257 1769 2383 1810 vero
2429 1754 2706 1808 civitatem
2760 1766 2880 1805 esse
2916 1751 3009 1804 Dei
3044 1750 3367 1805 Ecclesiam.
3404 1748 3538 1804 Nam
3567 1747 3664 1803 Ju-

387 1844 500 1916 γάρ
545 1844 843 1914 Ἰουδαϊκῆς
872 1841 1226 1912 Ἰερουσαλὴμ
1271 1841 1530 1903 πολλάκις
1569 1838 1890 1909 ἐσείσθησαν
1921 1839 1974 1889 ai

2091 1849 2254 1903 tlaicaa
2302 1847 2516 1917 quidem
2543 1843 2935 1914 Hierosolyma:
2966 1843 3312 1897 tabernacula
3346 1841 3667 1912 plerumque

389 1937 610 2011 σκηναὶ,
639 1935 1096 2007 πολιορκηθείσης
1118 1933 1390 2004 διαφόρως
1413 1934 1507 1986 καὶ
1527 1934 1608 1996 είς
1628 1931 1821 2000 ἔδαφος
1845 1947 1976 1984 κατ-

390 2028 704 2101 ενεχθείσης
753 2027 859 2082 ὑπὸ
920 2027 1030 2080 τῶν
1093 2025 1236 2080 κατὰ
1275 2023 1503 2096 χρόνους
1552 2023 1977 2095 πολεμησάντων

391 2121 592 2192 αὑτήν·
647 2120 752 2190 τῆς
801 2119 860 2172 δὲ
916 2117 1112 2188 καινῆς
1169 2115 1375 2186 ταύτης
1438 2115 1647 2178 πόλεως
1685 2114 1977 2184 ἀκινήτους

395 2215 560 2285 φησιν
593 2212 813 2266 ἔσεσθαι
861 2215 988 2276 τοὺς
1027 2211 1356 2274 πασσάλους.
1406 2208 1527 2263 Κᾶν
1574 2209 1684 2280 γὰρ
1722 2208 1978 2278 νομίζητὲ

401 2323 531 2359 ποτε
554 2309 611 2360 ἐν
642 2307 903 2376 διωγμοῖς
932 2303 1253 2358 ἐλαύνεσθαι
1283 2302 1377 2356 καὶ
1409 2301 1832 2373 πολιορκεῖσθαι,
1867 2300 1978 2353 ἀλλ’

404 2395 497 2448 ἐπὶ
519 2396 618 2467 τὴν
652 2397 850 2466 πέτραν
887 2395 1100 2448 ἑστῶσα
1143 2394 1292 2466 μένει
1335 2393 1402 2446 δι’
1447 2391 1642 2455 αἰῶνος
1695 2392 1975 2453 ἄπτωτος·
2053 2405 2058 2410 '

403 2487 638 2559 ἀψευδὴς
659 2488 766 2559 γὰρ
795 2484 858 2558 ἦν
884 2488 913 2539 ό
941 2485 1108 2540 εἰπών
1133 2503 1148 2516 ·
1189 2505 1207 2537 ι
1253 2486 1377 2539 Ἐπὶ
1409 2484 1506 2556 τὴν
1539 2481 1744 2554 πέτραν
1776 2482 1981 2535 οἰκοδο-

401 2580 563 2649 μήσω
593 2596 692 2648 μου
718 2578 813 2650 τὴν
849 2578 1198 2649 Ἐκκλησίαν,
1231 2578 1327 2631 καὶ
1365 2576 1533 2630 πύλαι
1581 2575 1709 2647 ᾅδου
1757 2575 1818 2627 ού
1847 2592 1980 2628 κατ-

400 2669 620 2741 ισχύσου
629 2687 712 2723 σιν
740 2671 930 2741 αὐτῆς.
969 2690 988 2722 ιν

471 2780 490 2813 ι
528 2763 649 2815 ’Ότι
694 2762 756 2814 τὸ
781 2762 954 2833 ὄνομα
1010 2762 1214 2835 Κυρίου
1273 2762 1412 2833 μέγα
1457 2763 1621 2833 ὑμῖν.
1665 2759 1826 2824 τόπος
1855 2761 1984 2830 ὑμῖν

394 2851 567 2917 ἔσται,
597 2854 834 2925 ποταμοὶ
857 2855 952 2908 καὶ
991 2854 1256 2927 διώρυγες
1287 2857 1512 2920 πλατεῖς
1537 2857 1632 2910 καὶ
1660 2854 1980 2928 εὐρύχωροι.

396 2946 472 2998 υύ
512 2945 756 3018 πορεύσῃ
768 2945 972 3018 ταύτην
995 2947 1095 3017 τὴν
1122 2947 1258 3012 ὁδὸν,
1293 2947 1413 2999 οὐδὲ
1447 2947 1774 3018 πορεύσεται
1801 2946 1984 2999 πλοῖον

396 3041 641 3094 ὲλαῦνον.
693 3041 754 3093 '0
805 3042 914 3111 γάρ
951 3041 1086 3104 Θεός
1147 3025 1250 3112 μου
1304 3041 1481 3111 μέγας
1521 3041 1700 3092 ἐστίν’
1732 3041 1794 3094 ού
1839 3056 1983 3112 παρ-

398 3133 678 3187 ελεύσεται
715 3151 782 3204 με
832 3133 1036 3206 Κύριος
1085 3121 1280 3206 κριτὴς
1337 3134 1518 3205 ἡμῶν,
1555 3134 1760 3204 Κύριος
1803 3133 1984 3205 ἄρχων

401 3225 580 3297 ἡμῶν,
617 3225 824 3297 Κύριος
859 3225 1115 3296 βασιλεὺς
1162 3226 1342 3297 ἡμῶν,
1396 3226 1600 3298 Κύριος
1652 3220 1808 3290 οὗτος
1839 3227 1988 3297 ἡμᾶς

407 3318 585 3374 σώσει.
619 3339 638 3370 ι
671 3318 814 3372 Αὐτὸ
860 3319 922 3372 τὸ
961 3318 1150 3390 ὄνομα,
1187 3322 1339 3390 φησὶ,
1376 3321 1583 3391 Κυρίου
1621 3320 1784 3383 τόπος
1835 3319 1989 3372 ἔσται

411 3410 571 3483 ταύτῃ
597 3414 664 3482 τῇ
693 3412 853 3482 καινῇ
877 3410 1030 3463 πόλει
1064 3414 1130 3483 τῇ
1161 3412 1397 3482 ἀσείστῳ
1433 3411 1527 3465 καὶ¹
1559 3409 1824 3481 ἁπτὼτῳ·
1884 3409 1991 3463 διό-

405 3517 530 3572 περ,
555 3501 629 3563 ὼς
658 3500 725 3555 ἂν
757 3501 851 3554 ἐπὶ
877 3501 968 3554 τὸν
1002 3499 1225 3572 Κύριον,
1245 3501 1409 3555 τόπον
1425 3502 1554 3555 ὂντα
1579 3501 1771 3572 αὐτῆς,
1793 3500 1991 3572 ᾠκοδο-

405 3593 645 3664 μημένη,
673 3593 920 3656 άσειστος
967 3593 1137 3663 μένει.
1180 3594 1257 3646 Δι’
1291 3587 1366 3647 ὧν
1395 3597 1424 3647 ό
1463 3593 1619 3662 λόγος
1664 3595 1762 3665 τῆς
1794 3591 1989 3662 προλε-

401 3683 628 3754 χθείσης
653 3683 861 3746 πόλεως
887 3681 977 3735 τὸν
1005 3682 1210 3754 Κύριόν
1239 3699 1403 3753 φησιν
1427 3681 1648 3735 ἔσεσθαι
1677 3681 1863 3745 τόπον,
1897 3699 1992 3734 πο-

402 3774 593 3843 ταμῶν
623 3775 814 3846 ῥεῖθρα
845 3774 1078 3844 ἐχόντων
1109 3775 1201 3828 καὶ
1245 3774 1520 3847 διώρυγας
1547 3774 1770 3837 πλατεῖς
1791 3791 1804 3804 ⁸
1845 3773 1989 3826 ὥστε

405 3863 587 3934 λέγειν
604 3884 617 3896 ·
652 3885 670 3917 ε
700 3868 807 3920 Τοῦ
836 3865 1082 3936 ποταμοῦ
1104 3866 1172 3919 τὰ
1198 3867 1342 3936 ὁρμή
1352 3883 1494 3936 ματα
1521 3863 1870 3935 εὐφραίνουσι
1894 3862 1993 3932 τὴν

406 3955 564 4010 πόλιν
587 3957 680 4008 τοῦ
709 3956 867 4022 Θεοῦ,
908 3977 927 4009 ι
961 3958 1054 4011 καὶ
1086 3976 1104 4008 ι
1153 3958 1212 4009 Ὁ
1248 3957 1494 4027 ποταμὸς
1525 3955 1620 4009 τοῦ
1653 3954 1788 4009 Θεοῦ
1835 3955 1996 4024 ἐπληα

408 4045 561 4118 ρώθη
597 4047 824 4111 ὑδάτων,
867 4068 886 4098 ι
911 4048 1000 4102 διὰ
1045 4049 1106 4102 τὸ
1149 4049 1313 4102 αὑτὸν
1348 4049 1440 4100 τὸν
1468 4047 1674 4119 Κύριον
1717 4041 1856 4099 εἶναι
1904 4045 1994 4098 τὸν

408 4135 580 4189 τόπον
629 4137 826 4193 αὐτῶν.
855 4139 1018 4194 Ὅθεν
1064 4140 1277 4212 ἐχθροῖς
1333 4140 1428 4193 καί¹
1473 4139 1758 4210 πολεμίοις
1805 4137 1994 4192 ἀνεπί-

414 4228 570 4311 ϐατοι
596 4230 953 4300 τυγχάνουσιν
979 4234 1028 4285 οἱ
1078 4233 1333 4303 ποταμοὶ,
1363 4233 1461 4303 τὴν
1489 4231 1878 4304 προλεχθεῖσαν
1900 4230 1995 4283 τοῦ

409 4321 548 4375 Θεοῦ
581 4322 736 4376 πόλιν
763 4323 885 4378 ἀντὶ
916 4325 1201 4395 περιϐόλου
1258 4325 1584 4390 κυκλοῦντες
1627 4325 1722 4378 καὶ
1754 4341 1996 4396 περιτει-

407 4415 652 4486 χίζοντες
671 4433 684 4444 ·
711 4416 786 4480 ὼς
802 4418 965 4470 πᾶσιν
982 4417 1282 4489 ἀλλοτρίοις
1304 4417 1595 4472 ἁδιάϐατον
1613 4414 1751 4471 εἶναι
1767 4435 1780 4448 ·
1808 4416 1996 4487 ἐπειδὴ

2084 1955 2338 1995 succussa
2371 1948 2500 1995 sunt
2542 1938 2595 1992 in
2632 1935 2801 1989 variis
2834 1934 2941 1989 illis
2985 1933 3359 1991 obsidionibus
3384 1975 3401 2001 ,
3450 1935 3666 2004 quando

2087 2034 2172 2084 illa
2209 2032 2276 2085 ab
2307 2027 2741 2098 expugnantibus
2765 2026 2883 2082 solo
2928 2042 3035 2081 non
3065 2029 3235 2083 semel
3263 2037 3477 2096 aequata
3517 2026 3658 2094 fuit;

2089 2137 2240 2177 nova:
2270 2132 2449 2176 autem
2495 2119 2720 2186 hujusce
2763 2119 2912 2173 urbis
2944 2120 3195 2175 immotos
3235 2120 3312 2175 ait
3344 2119 3463 2175 fore
3491 2119 3666 2189 paxil-

2090 2215 2187 2269 los.
2223 2213 2450 2268 Etiamsi
2479 2212 2624 2267 enim
2655 2211 2859 2280 putetis
2905 2227 3293 2282 nonnunquam
3327 2226 3422 2266 vos
3451 2212 3504 2266 in
3535 2226 3662 2281 per-

2087 2307 2457 2362 seeutionibus
2485 2303 2607 2374 pelli
2635 2315 2690 2358 et
2713 2303 2950 2358 Obsideri
2984 2321 3000 2358 :
3034 2312 3090 2358 at
3115 2303 3210 2360 illa
3236 2317 3451 2372 semper
3485 2303 3539 2358 in
3567 2317 3664 2370 pc-

2091 2415 2170 2458 tra
2211 2403 2482 2464 consistit,
2509 2409 2564 2455 et
2590 2401 2811 2455 immota
2842 2408 3025 2454 manet
3051 2399 3103 2454 in
3131 2398 3389 2454 saeculum
3419 2416 3433 2452 :
3459 2396 3665 2453 etenim

2090 2496 2304 2551 mentiri
2352 2493 2540 2560 nequit
2572 2493 2619 2547 is
2650 2493 2740 2561 qui
2771 2491 2908 2546 dixit
2937 2511 2951 2547 :
2993 2511 3012 2544 ι
3047 2492 3224 2562 Super
3268 2499 3474 2560 petram
3498 2488 3670 2545 aedifi-

2092 2588 2230 2644 cabo
2263 2587 2564 2642 Ecclesiam
2603 2601 2777 2641 meam
2805 2623 2822 2651 ,
2850 2595 2906 2640 et
2931 2597 3100 2654 portae
3135 2585 3290 2639 inferi
3322 2600 3427 2638 non
3463 2597 3672 2653 praeva—

2093 2682 2274 2737 lebunt
2304 2681 2568 2734 adversus
2597 2693 2715 2734 eam
2758 2677 2824 2731 δ’.
2867 2696 2885 2728 ι

2162 2768 2327 2824 Vens.
2361 2768 2562 2834 21,?‘2.
2600 2786 2618 2820 ι
2643 2767 2910 2835 Quoniam
2939 2785 3131 2825 nomen
3172 2770 3382 2825 Domini
3413 2781 3672 2839 magnum

2091 2865 2245 2920 vobis
2273 2905 2287 2929 ,
2331 2862 2481 2917 locus
2521 2861 2676 2916 vobis
2707 2860 2810 2916 erit
2861 2859 3082 2916 ﬂumina
3127 2873 3183 2918 et
3217 2862 3315 2918 rivi
3345 2862 3437 2917 lati
3467 2869 3522 2918 et
3545 2875 3672 2929 spa-

2094 2957 2246 3013 tiosi.
2276 2956 2392 3010 Non
2436 2953 2740 3009 ambulabis
2767 2969 2864 3025 per
2906 2955 3045 3010 hanc
3068 2953 3208 3010 viam
3230 2994 3246 3020 ,
3281 2968 3458 3024 neque
3483 2952 3674 3007 ambu-

2097 3049 2232 3104 labit
2267 3047 2542 3117 navigium
2570 3062 2886 3116 preperans.
2921 3048 3065 3103 Deus
3084 3048 3228 3102 enim
3265 3061 3417 3102 mens
3446 3061 3675 3116 magnus

2093 3147 2196 3194 est.
2239 3137 2352 3192 Non
2396 3139 2648 3194 transibit
2676 3154 2761 3194 me
2788 3139 3048 3196 Dominus
3070 3138 3236 3208 judex
3263 3149 3465 3202 noster,
3493 3139 3677 3193 Domi-

2093 3248 2193 3288 nus
2214 3232 2466 3302 princeps
2495 3243 2703 3296 noster,
2739 3232 3002 3288 Dominus
3035 3248 3129 3287 rex
3165 3241 3376 3297 noster,
3416 3230 3677 3286 Dominus

2092 3324 2182 3378 hic
2221 3323 2455 3378 salvabit
2483 3338 2607 3378 nos.
2648 3341 2667 3375 ι
2717 3323 2874 3392 lluic,
2904 3324 3080 3395 inquit
3104 3364 3122 3389 ,
3149 3340 3300 3380 nova:
3329 3324 3535 3380 civitati
3589 3324 3676 3377 in-

2093 3431 2374 3472 cnncussaa
2403 3410 2460 3468 et
2505 3416 2765 3472 immobili
2793 3457 2809 3481 ,
2839 3417 3014 3486 ipsum
3042 3432 3239 3472 nomen
3275 3417 3491 3472 Domini
3524 3415 3678 3471 locus

2092 3509 2198 3564 erit
2228 3527 2242 3561 :
2272 3522 2446 3578 quare
2477 3524 2637 3578 supra
2687 3507 2972 3563 Dominum
2998 3549 3013 3573 ,
3061 3509 3240 3564 locum
3275 3524 3430 3564 suum
3462 3547 3479 3574 ,
3504 3507 3677 3562 artifi-

2094 3591 2215 3656 cata
2241 3641 2256 3664 ,
2285 3602 2508 3654 immota
2545 3609 2749 3655 manet.
2781 3599 2879 3656 llis
2911 3602 3093 3670 itaque
3122 3601 3464 3672 signiﬁcatur
3499 3601 3676 3668 ipsum

2096 3694 2381 3749 Dominum
2414 3691 2682 3759 praedicta:
2730 3691 2971 3746 civitatis
3008 3691 3186 3746 locum
3221 3690 3461 3744 futurum
3510 3704 3632 3742 esse
3657 3729 3674 3750 ,

2096 3784 2375 3840 ﬂuminum
2411 3783 2580 3837 alveis
2609 3791 2666 3838 et
2693 3782 2817 3837 latis
2847 3783 2979 3837 rivis
3013 3783 3372 3846 instructum,
3403 3783 3473 3835 ita
3506 3789 3565 3833 ιιι
3595 3781 3676 3836 di-
3773 3804 3776 3807 -

2095 3885 2288 3937 catur,
2356 3892 2376 3925 ι
2438 3873 2703 3928 Fluminis
2760 3874 2994 3943 impetus
3062 3874 3342 3930 ltetilicant
3399 3873 3676 3928 civitatein

2098 3969 2190 4024 Dei
2225 3967 2290 4033 ⁸³,
2326 3986 2346 4019 ι
2382 3977 2438 4049 et
2461 4007 2476 4032 ,
2513 3985 2533 4017 ε
2570 3966 2796 4022 Flumen
2829 3966 2920 4021 Dei
2949 3966 3213 4036 repletum
3248 3975 3330 4022 est
3361 3965 3514 4034 aquis
3547 3962 3614 4029 ⁸⁸,
3653 3983 3674 4015 ι

2100 4067 2224 4134 quia
2263 4061 2470 4117 scilicet
2507 4060 2620 4130 ipse
2650 4059 2908 4116 Dominus
2938 4060 3089 4114 locus
3118 4073 3306 4113 eorum
3340 4065 3444 4112 est.
3474 4055 3680 4122 Quam-

2099 4159 2284 4214 obrem
2319 4157 2504 4210 isthmc
2533 4153 2754 4207 ﬂumina
2782 4152 3028 4207 hostibus
3063 4151 3408 4218 inimicisque
3436 4148 3676 4200 inacces-

2100 4267 2157 4304 sa
2187 4257 2312 4302 sunt
2341 4285 2356 4310 ,
2385 4260 2505 4315 quae
2547 4245 2860 4314 praedictam
2915 4244 3006 4298 Dei
3039 4245 3317 4300 civitatem
3354 4238 3676 4294 munimenti

2101 4341 2220 4395 luco
2253 4337 2596 4393 circumdant
2623 4347 2680 4393 et
2708 4337 3000 4397 ambiunt;
3035 4338 3107 4390 ita
3157 4345 3214 4388 ut
3260 4331 3534 4390 extraneis
3561 4330 3682 4398 qui-

2104 4436 2311 4502 busque
2339 4431 2516 4485 aditus
2546 4429 2619 4484 sit
2647 4429 2826 4482 nullus
2863 4445 2878 4482 :
2913 4427 3165 4496 quoniam
3203 4425 3496 4487 Dominus,
3531 4421 3684 4474 locus

404 4509 682 4583 όΚύριος,
714 4509 881 4571 τόπος
917 4509 993 4564 ὢν
1035 4511 1224 4579 αὐτῆς,
1261 4511 1435 4580 μέγας
1477 4510 1657 4564 ἐστίν·
1697 4509 1859 4573 αὐτὸς
1887 4509 1987 4579 γὰρ

2104 4537 2298 4595 nempe
2342 4522 2462 4591 ejus
2489 4562 2505 4588 ,
2549 4535 2880 4590 permagnus
2926 4529 3013 4574 est
3048 4537 3063 4572 :
3101 4522 3215 4588 ipse
3246 4531 3477 4585 namque
3527 4522 3683 4584 petra

404 4595 478 4671 ἦν
504 4603 538 4672 ἠ
571 4602 768 4674 πέτρα,
797 4603 882 4670 ἐφ’
907 4603 974 4674 ἢν
1002 4603 1338 4674 ᾠκοδόμητο.

487 4735 506 4768 ς
551 4717 898 4790 Ἐῥράγησαν
928 4716 997 4770 τὰ
1031 4717 1239 4786 σχοινία
1277 4734 1389 4778 σου,
1421 4717 1502 4768 ὅτι
1535 4716 1636 4769 οὐκ
1666 4715 1957 4785 ἐνίσχυσαν
1981 4731 1994 4743 ·

406 4805 605 4870 ὁίστός
637 4823 731 4860 σου
777 4806 1005 4870 ἔκλινεν,
1035 4808 1096 4858 ού
1132 4806 1356 4876 χαλάσει
1389 4807 1456 4858 τὰ
1503 4805 1680 4859 ἱστία·
1731 4805 1832 4856 οὐκ
1877 4803 2002 4876 άρεἰ

410 4901 657 4969 σημεῖον,
689 4899 792 4962 ἕως
815 4891 876 4951 οῦ
894 4898 1172 4970 παραδοθῇ
1208 4899 1286 4960 εἰς
1319 4898 1616 4969 προνομήν.
1642 4896 1833 4948 Τοίνυν
1867 4895 1998 4947 πολ-

408 4990 495 5043 λοὶ
545 4991 709 5061 χωλοὶ
744 4989 1022 5062 προνομὴν
1074 4990 1381 5059 ποιήσουσι,
1435 4989 1530 5040 καὶ
1571 4988 1632 5040 ού
1671 4989 1746 5059 μὴ
1781 4989 1998 5051 εἴπωσι,

410 5081 628 5148 Κοπιῶ,
659 5085 689 5135 ό
719 5082 847 5145 λαὸς
879 5083 1104 5136 ἐνοικῶν
1142 5083 1198 5134 ὲν
1232 5081 1444 5144 αὐτοῖς·
1477 5080 1653 5152 ἀφέθη
1682 5080 1791 5151 γὰρ
1822 5081 2003 5142 αὐτοῖς

413 5170 450 5238 ἠ
479 5173 738 5245 ἁμαρτία.
776 5194 794 5225 ι
817 5170 1079 5247 Σημαίνει
1110 5175 1164 5227 δὲ
1193 5173 1280 5227 διὰ
1312 5172 1517 5226 τούτων
1538 5174 1637 5243 τὴν
1668 5172 1878 5226 πτῶσιν
1904 5170 2004 5240 τῆς

415 5265 732 5328 σωματικῆς
762 5265 1139 5338 Ἰερουσαλὴμ,
1172 5260 1240 5336 ἧς
1281 5265 1491 5336 ὲρῤάγη
1522 5265 1592 5316 τὰ
1623 5263 1834 5334 σχοινία
1862 5281 1875 5294 ·
1909 5262 2022 5330 καὶ,

413 5351 446 5402 ὁ
477 5352 620 5414 ἱστὸς
653 5350 710 5403 δὲ
740 5358 930 5419 αῡτῆς,
960 5359 1148 5430 ὥσπερ
1196 5357 1340 5421 τινὸς
1369 5357 1496 5428 νηὸς
1530 5359 1588 5410 ἐν
1625 5355 1864 5427 χειμῶσι
1913 5355 2006 5408 καὶ

417 5442 652 5494 κλύδωσι
676 5441 1060 5514 διαπεσούσης,
1081 5450 1266 5521 ἐκλίθη
1299 5450 1537 5510 πίπτων,
1562 5447 2002 5502 διασπασθέντων

416 5534 529 5610 τῶν
566 5533 1000 5611 διακρατούντων
1033 5535 1209 5589 αὐτῶν
1244 5539 1508 5606 σχοινίων.

495 5772 537 5801 ³⁵
567 5770 751 5823 Matth.
788 5785 945 5834 xxttt,
980 5773 1060 5828 l5.

673 5863 942 5922 Ρηιιοι..
985 5865 1102 5927 Gtt.
1151 5867 1386 5931 XXIV.

1141 5775 1185 5805 δ’
1217 5775 1404 5833 Matth.
1445 5797 1552 5846 xvt,
1590 5781 1672 5836 IS.
1755 5781 1800 5814 "
1832 5781 2102 5852 PaﬂLXLV,
2156 5784 2208 5839 5.

2103 4627 2241 4683 erat,
2268 4631 2430 4685 supra
2466 4629 2630 4684 quam
2660 4613 3062 4668 exstruebatur.

2174 4711 2340 4765 Vens.
2370 4709 2444 4763 25
2468 4748 2485 4772 ,
2515 4707 2610 4763 24.
2659 4727 2679 4759 ‹
2741 4707 2951 4777 Dirupti
2987 4715 3113 4761 sunt
3145 4705 3376 4760 funiculi
3407 4704 3484 4759 tui
3512 4745 3528 4771 ,
3557 4706 3683 4774 quia

2105 4821 2210 4860 non
2243 4801 2642 4871 praevalnerunt
2675 4819 2688 4855 :
2733 4799 2908 4853 malus
2934 4809 3060 4854 tttus
3091 4799 3384 4855 inclinatus
3414 4806 3538 4864 est,
3574 4811 3684 4858 non

2105 4895 2411 4965 pendebunt
2450 4893 2567 4946 vela
2609 4911 2624 4945 :
2657 4907 2761 4946 non
2804 4891 3001 4947 levabit
3029 4893 3268 4960 signum,
3299 4891 3473 4948 donec
3505 4889 3681 4943 trada-

2102 4999 2192 5042 tur
2217 4987 2273 5040 in
2305 4986 2688 5040 vastationem.
2723 4982 2874 5037 Multi
2921 4983 3087 5053 igitur
3138 4983 3318 5039 claudi
3353 4981 3565 5052 praedas
3603 4979 3685 5032 fa—

2101 5081 2268 5140 cicnt,
2304 5089 2358 5132 et
2385 5093 2490 5132 non
2516 5077 2720 5142 dicent,
2745 5077 2982 5141 Fatisco,
3012 5077 3242 5148 populus
3267 5076 3359 5146 qui
3392 5074 3604 5130 habitat
3630 5073 3683 5127 in

2102 5173 2184 5226 eis
2216 5190 2229 5224 :
2263 5170 2544 5224 dimissum
2576 5171 2723 5225 enim
2765 5180 2850 5225 est
2875 5171 2957 5225 eis
2991 5178 3293 5239 peccatum.
3345 5187 3366 5220 ›
3402 5166 3498 5221 llis
3537 5165 3682 5220 indi-

2104 5272 2194 5318 cat
2237 5276 2511 5331 corporea:
2536 5261 2925 5333 Hierosolyma).
2958 5263 3185 5327 exitium
3208 5301 3226 5328 ,
3276 5259 3430 5328 cujus
3460 5258 3684 5313 funiculi

2106 5356 2306 5424 dirupti
2337 5364 2498 5419 sunt;
2548 5365 2604 5409 et
2637 5355 2814 5411 malus
2839 5354 2956 5424 ejus
2983 5395 2998 5418 ,
3053 5369 3151 5409 ceu
3205 5351 3486 5419 cujusdam
3532 5348 3688 5402 navis

2113 5449 2528 5518 tempestatibus
2559 5457 2615 5503 et
2642 5448 2892 5503 ﬂuctibus
2935 5449 3196 5500 demersae
3220 5485 3237 5509 ,
3281 5442 3558 5498 declinans
3609 5441 3688 5495 la—
3728 5449 3733 5458 ‘

2114 5555 2244 5610 psus
2274 5549 2376 5606 est,
2410 5541 2644 5609 diruptis
2676 5539 2892 5593 funibus
2922 5541 3095 5606 ipsum
3135 5533 3512 5588 retinentibus.

2304 5783 2347 5814 “
2394 5783 2533 5837 Psal.
2590 5798 2732 5846 thv,
2779 5782 2864 5834 lO.

3336 5867 3405 5929 11
