4118 6410
382 399 503 479 bris
1317 417 1814 482 COMMEM‘ARIA
1858 413 1923 478 ιιι
1966 407 2219 479 tsami.
2263 456 2333 466 _
2366 424 2519 481 me.
2564 426 2805 483 xxxw.

3550 427 3655 485 554

388 536 622 617 οὗρανὸς
661 547 736 609 ὡς
770 545 989 616 βιϐλίον.
1033 546 1387 619 Ἐπιτηρῆσαι
1434 549 1490 600 δὲ
1526 550 1692 612 ἄξιον,
1746 550 1961 603 ἐνταῦθέ

2083 544 2263 598 verbis
2295 546 2521 597 indicari
2552 564 2565 609 ;
2604 562 2789 598 verum
2816 586 2829 606 ,
2864 544 3005 597 sicut
3035 544 3249 598 evoluto
3284 555 3337 600 et
3360 556 3550 615 aperto
3592 548 3654 600 li-

392 637 720 708 γενομένους
744 638 837 689 τοῦ
866 638 1044 705 λόγου,
1074 640 1148 701 ὡς
1181 642 1241 692 οὐ
1278 640 1502 711 φθορὰν,
1539 642 1657 694 οὐδὲ
1701 642 1974 695 ἀπώλειαν

391 730 491 782 καὶ
527 730 837 803 ἀφανισμὸν
883 729 1099 783 ἔσεσθαι
1134 733 1228 784 τοῦ
1256 733 1486 802 ούρανοῦ
1512 734 1765 804 σημαίνει
1810 726 1838 785 6
1886 716 1974 786 λύ-

391 824 490 890 γος
514 840 527 852 ·
564 822 679 874 ἀλλ’
702 821 777 887 ὡς
821 822 887 876 ἂν
915 820 1288 897 εἱλισσομένης
1329 826 1509 895 βίϐλου
1550 826 1871 898 φανεροῦται
1910 827 1976 880 τὰ

388 918 451 966 ἐν
494 915 630 990 αὐτῇ
688 916 1071 989 γεγραμμένα,
1123 916 1184 970 οὐ
1236 920 1342 988 μὴν
1374 918 1655 989 φθείρεται
1688 919 1721 990 ή
1758 919 1972 989 βίϐλος·

386 1005 482 1058 τὸν
516 1008 677 1060 αὑτὸν
703 1008 902 1079 τρόπον
934 1004 1347 1081 ἀνελιττομένης
1375 1011 1472 1081 τῆς
1492 1004 1850 1085 περιεχούσης
1875 1011 1973 1074 τὰς

386 1094 487 1151 τοῦ
524 1094 839 1170 σύμπαντος
892 1096 1086 1164 αἰῶνος
1123 1096 1333 1173 κρίσεις
1366 1099 1459 1155 καὶ
1504 1101 1727 1174 πράξεις
1763 1102 1968 1172 βίϐλου,

385 1192 447 1242 αἱ
481 1186 853 1261 ἀντικείμεναι
903 1191 1159 1262 δυνάμεις
1211 1194 1540 1263 ἀπορρέουσι
1578 1188 1674 1263 τῆς
1717 1192 1855 1247 κατά
1879 1192 1971 1245 τὸν

386 1282 527 1351 ἀέρα
550 1274 855 1353 διατριϐῆς.
894 1283 1026 1335 Τότε
1051 1274 1106 1336 δέ
1135 1284 1190 1337 αἶ
1214 1284 1583 1354 ἀντικείμεναι
1609 1285 1884 1355 δυνάμεις,
1914 1286 1970 1338 αί

386 1374 558 1427 πάλαι
597 1358 755 1444 δίκην
772 1373 985 1445 ἄστρων
1022 1375 1250 1455 πολλοὺς
1277 1368 1623 1445 ἀδικήσασαι,
1660 1366 1967 1429 πεσοῦνται’

2079 638 2200 699 bro,
2252 652 2371 705 qua:
2417 639 2685 707 descripta
2721 647 2848 690 sunt
2899 638 2949 689 in
3001 648 3350 705 conspectum
3385 639 3606 692 Veniunt
3634 681 3649 702 ,

2076 742 2249 795 neque
2281 735 2458 781 tamen
2478 728 2614 782 liber
2635 729 2965 794 destruitur;
2995 729 3183 782 eodem
3223 741 3445 799 prorsus
3470 732 3650 793 modo,

2072 821 2287 873 evoluta
2342 830 2397 874 et
2452 830 2638 888 aperto
2695 820 2821 882 illo,
2881 821 3049 874 totius
3102 822 3285 876 saeculi
3334 821 3536 890 judicia
3598 834 3653 875 ct

2074 910 2239 980 opera
2294 914 2693 981 ‘cotnplecteute
2719 953 2733 974 ,
2776 914 2911 965 lihro
2937 955 2951 977 ,
2985 914 3310 968 adversaria:
3355 920 3653 983 potestates

2075 1005 2145 1057 ab
2190 1003 2277 1057 illa
2306 1004 2357 1058 i‘n
2417 1020 2542 1059 aere
2578 1006 3000 1059 commoratione
3032 1006 3288 1061 detinent.
3341 1007 3492 1063 Tunc
3551 1024 3649 1062 an-

2075 1098 2184 1151 tem
2250 1098 2453 1151 ‘eazde'm
2526 1098 2657 1166 ipsa:
2723 1096 3045 1151 adversaria:
3117 1108 3417 1165 potestates
3450 1140 3466 1163 ,
3531 1109 3650 1169 qttze

2074 1190 2201 1242 olim
2250 1189 2526 1243 stellarum
2572 1191 2766 1251 instar,
2821 1190 3019 1243 multos
3052 1191 3325 1255 lmserant,
3356 1191 3649 1246 decident:

2075 1276 2507 1349 qttandbqniilem
2556 1292 2613 1335 et
2661 1282 2777 1349 ipse
2827 1280 3061 1335 Satanas
3115 1283 3544 1339 transformatus
3595 1286 3647 1337 in

2077 1375 2329 1444 angelum
2383 1374 2539 1439 lucis,
2580 1385 2835 1442 tanquam
2891 1373 3068 1443 fulgur
3114 1377 3180 1428 de
3224 1376 3365 1429 ete‘lo
3426 1375 3649 1431 decidit.

385 1466 511 1519 ἐπεὶ
565 1467 661 1519 καὶ
708 1456 871 1529 αὐτὸς
913 1465 941 1516 6
984 1454 1249 1531 Σατανᾶς,
1317 1460 1929 1538 μετασχηματιζόμενος
1960 1468 2040 1532 είς
2072 1460 2302 1537 ἄγγελον
2325 1467 2519 1535 φωτὸς,
2553 1462 2840 1518 πέπτωκεν
2863 1460 2939 1530 ὡς
2968 1467 3220 1537 ἀστραπὴ
3254 1470 3318 1520 ἐκ
3348 1468 3442 1520 τοῦ
3483 1471 3648 1540 ούρα-

388 1577 503 1612 νου.

464 1671 484 1702 ι
529 1643 836 1722 Ἐμεθύσθη
870 1652 903 1722 ὴ
932 1650 1180 1723 μάχαιρα
1214 1670 1315 1721 μου
1366 1654 1423 1706 ἐν
1472 1653 1550 1723 τῷ
1592 1654 1829 1725 οὐρανῷ,
1872 1647 1966 1709 καλ⁵

385 1748 480 1799 ἐπὶ
507 1748 605 1817 τὴν
644 1746 949 1817 Ἰδουμαίαν
984 1744 1371 1819 καταϐήσεται,
1422 1753 1516 1802 καὶ
1564 1748 1654 1805 ἐπὶ
1703 1754 1794 1805 τὸν
1836 1738 1962 1808 λαὸν

383 1839 484 1908 τῆς
536 1837 813 1901 ἀπωλείας
855 1838 991 1909 μετὰ
1040 1834 1292 1909 κρίσεως.
1334 1860 1352 1890 ι
1399 1842 1667 1913 Ἰδουμαία
1701 1842 1762 1897 δὲ
1793 1847 1965 1917 ἐρμη-

386 1929 598 1981 νεύεται
630 1929 670 1997 ἠ
708 1922 954 1997 γεώδης,
986 1930 1071 1998 ἐφ’
1099 1928 1164 1999 ἢν
1251 1932 1491 2002 μάχαιρα
1522 1926 1806 1987 καταϐᾶσα
1829 1935 1965 2006 πλη-

387 2020 574 2089 ροῦται
605 2016 862 2090 αἵματος,
896 2020 989 2072 καὶ
1024 2019 1214 2091 ὥσπερ
1259 2022 1367 2074 ἀπὸ
1403 2022 1626 2085 στέατος
1657 2024 1766 2077 τῶν
1797 2025 1965 2079 κατα-

387 2110 773 2181 σφαττομένων
800 2106 1122 2181 παχύνεται.

462 2221 481 2252 (
522 2202 587 2255 'H
642 2203 887 2274 μάχαιρα
935 2200 1140 2287 Κυρίου
1186 2206 1488 2279 ἐνεπλήσθη
1528 2210 1777 2281 αἵματος,
1826 2202 1961 2262 ἐπα-

391 2291 559 2362 χύνθη
583 2293 690 2345 ἀπὸ
713 2290 959 2357 στέατος,
994 2294 1102 2346 ἀπὸ
1132 2294 1362 2365 αἵματος
1381 2296 1600 2366 τράγων
1628 2298 1722 2350 καὶ
1749 2298 1959 2368 ἀμνῶν,

395 2382 485 2435 καὶ
515 2383 622 2437 ἀπὸ
666 2384 880 2448 στέατος
906 2384 1123 2456 τράγων
1148 2384 1242 2440 καὶ
1288 2376 1489 2458 κριῶνο
1539 2386 1623 2441 ὅτι
1678 2390 1839 2444 θυσία
1883 2389 1962 2462 τῷ

393 2475 583 2546 Κυρίῳ
632 2478 690 2528 ἐν
734 2472 921 2549 Βοσὸρ,
958 2472 1050 2531 καὶ
1100 2480 1280 2549 σφαγὴ
1339 2481 1547 2553 μεγάλη
1578 2483 1659 2561 ’ἐν
1700 2482 1766 2555 τῇ
1803 2463 1963 2536 Ἰδουέ-

389 2568 548 2638 μαίᾳ.
587 2586 607 2619 ι
638 2568 791 2631 Τίνες
829 2570 886 2622 δέ
935 2571 1071 2622 εἰσιν
1104 2564 1247 2624 οὗτοι
1298 2572 1462 2641 ἀμνοὶ
1509 2574 1603 2626 καὶ
1641 2567 1832 2645 τράγοι
1867 2575 1962 2627 καὶ

382 2658 531 2729 κριοί
559 2676 720 2730 φησι·
771 2660 880 2713 τῶν
936 2662 1035 2731 μὲν
1077 2662 1285 2732 ἀμνῶν.
1328 2664 1361 2734 ἢ
1396 2664 1535 2717 κατὰ
1570 2666 1695 2741 τοὺς
1740 2666 1961 2729 λοιποὺς

380 2748 743 2820 ἐρμηνευτάς,
797 2753 997 2825 ἀρνῶν,
1029 2757 1403 2826 σημαινόντων
1442 2759 1570 2821 τοὺς
1612 2758 1704 2811 τὸν
1736 2758 1956 2831 δημώδη

376 2844 476 2896 καὶ
500 2843 769 2898 ἰδιωτικὸν
799 2840 1152 2917 μετελθόντας
1184 2848 1295 2918 βίον
1315 2866 1326 2878 ·
1368 2846 1481 2902 τῶν
1507 2848 1563 2903 δὲ
1612 2848 1828 2922 τράγων
1866 2838 1960 2905 καὶ

377 2936 549 3006 κριῶν
572 2938 699 3001 τοὺς
746 2938 917 3019 πολλά
956 2922 1346 3010 δεδυνημένους
1380 2936 1437 2994 ἐν
1462 2938 1658 3012 ἀρχαῖς
1690 2943 1782 2995 καὶ
1808 2942 1958 3008 ἐξου-

378 3028 544 3091 σίαις,
570 3026 665 3093 οὓς
705 3031 1085 3100 μετελεύσεταὶ
1120 3034 1154 3104 ἡ
1196 3032 1441 3104 μάχαιρα
1462 3032 1556 3085 τοῦ
1577 3033 1735 3096 θεοῦ,
1770 3034 1958 3107 ὥσπερ

377 3119 569 3175 θυσίαν
600 3123 943 3217 ἐργαζομένη
982 3122 1070 3177 διᾶ
1098 3124 1189 3178 τοῦ
1214 3125 1616 3194 κατασφάττειν
1668 3118 1762 3179 καὶ
1809 3127 1957 3181 θύειν
1989 3165 2033 3226 c

377 3216 503 3278 τοὺς
538 3207 930 3287 προλεχθέντας
955 3218 1159 3289 ἀμνοὺς
1187 3216 1281 3272 καὶ
1310 3219 1546 3291 τράγους
1569 3221 1662 3273 καὶ
1689 3221 1895 3292 κριούς.

453 3349 470 3380 ι
512 3328 623 3383 Καὶ
658 3330 1062 3401 συμπεσοῦνται
1088 3333 1138 3384 οἱ
1183 3312 1335 3403 ἀδροὶ
1374 3335 1493 3403 μετ’
1538 3334 1738 3397 αὐτῶν,
1770 3337 1865 3389 καὶ
1912 3336 1962 3389 oi

390 3420 543 3489 κριοὶ,
576 3422 671 3474 καὶ
702 3423 750 3474 oi
774 3420 989 3493 ταῦροι,
1023 3422 1117 3474 καὶ
1149 3421 1548 3495 μεθυσθήσεται
1575 3428 1609 3495 ὴ
1634 3426 1707 3495 γῆ
1736 3427 1846 3480 ἀπὸ
1866 3427 1961 3481 τοῦ

381 3508 625 3577 αἵματος,
656 3510 751 3563 καὶ
772 3511 881 3564 ἀπὸ
903 3511 997 3563 τοῦ
1024 3511 1247 3573 στέατος
1261 3514 1441 3567 αὐτῶν
1461 3510 1921 3593 ἐμπλησθήσεται.
1937 3537 1956 3570 ι

389 3597 454 3649 'H
488 3597 661 3670 Βοσὸρ
691 3599 1163 3670 μεταλαμϐάνεται
1197 3602 1277 3664 είς
1301 3602 1399 3672 τήν
1428 3603 1627 3675 σάρκα,
1658 3604 1753 3657 τοῦ
1801 3603 1960 3673 λόγου

374 3689 476 3757 τήν
511 3690 806 3745 ἀνάστασιν
830 3691 932 3761 τῆς
978 3692 1179 3764 σαρκὸς
1225 3694 1582 3764 σημαίνοντος
1624 3697 1683 3749 ἐν
1728 3697 1955 3760 τούτοις.

374 3780 471 3833 Διὸ
512 3784 612 3854 τὴν
661 3784 770 3837 τῶν
816 3785 1123 3855 εἰρημένων
1164 3787 1380 3859 σφαγήν
1429 3789 1486 3840 ἐν
1532 3790 1697 3861 σαρκὶ
1741 3788 1959 3843 ἔσεσθαι

371 3871 644 3927 διδάσκων
671 3876 874 3945 φησίν·
923 3894 941 3926 ι
980 3877 1104 3929 Ὅτι
1164 3862 1323 3930 θυσία
1376 3878 1455 3948 τῷ
1505 3878 1625 3949 Θεῷ
1672 3882 1729 3933 ἐν
1767 3880 1957 3951 Βοσὸρ,

377 3965 478 4018 καὶ
508 3967 689 4035 σφαγὴ
720 3967 929 4037 μεγάλη
959 3968 1017 4019 ἐν
1048 3971 1115 4038 τῇ
1158 3969 1482 4039 Ἰδουμαίᾳοι
1516 3972 1699 4024 πᾶσαν
1732 3968 1842 4041 γὰρ
1861 3970 1958 4042 τήν

370 4054 555 4124 γεώδη
592 4056 771 4127 ψυχὴν
830 4058 1230 4127 μετελεύσεται.
1294 4060 1472 4130 Ἐδὼμ
1504 4062 1613 4133 γὰρ
1673 4065 1702 4115 6
1770 4066 1958 4137 γήϊνος

374 4146 779 4217 ἑρμηνεύεταιὁ
839 4149 925 4213 ὡςΔ
962 4150 1054 4202 καὶ
1115 4151 1350 4221 ἀλλαχοῦ
1420 4152 1484 4223 δὴ
1529 4154 1558 4204 6
1592 4155 1756 4217 αὐτὸς
1802 4152 1957 4221 οὗτος

370 4238 661 4309 προφήτης
738 4228 867 4309 ἐξῆς
928 4241 1135 4311 προῖὼν
1203 4244 1332 4313 περὶ
1396 4245 1490 4298 τοῦ
1540 4230 1792 4317 Σωτῆρος
1863 4252 1957 4303 καὶ

368 4331 471 4399 τῆς
509 4330 605 4384 ὑπ’
656 4332 823 4386 αὐτοῦ
867 4336 1241 4407 γενησομένης
1297 4337 1532 4407 κρίσεώς
1574 4356 1769 4410 φησιν·
1810 4359 1829 4391 ι
1858 4342 1955 4405 Τίς

367 4412 528 4485 οὗτος
571 4425 601 4475 6
664 4425 1106 4496 παραγενόμενος
1150 4426 1210 4491 ἐξ
1275 4427 1473 4498 Ἐδὼμ,
1536 4429 1787 4501 ἐρύθημα
1829 4433 1955 4503 ἱμα-

2146 1645 2313 1702 νεὶις.
2355 1641 2408 1701 5.
2449 1656 2469 1697 ι
2509 1644 2811 1699 Inebriatus
2842 1654 2922 1698 est
2954 1645 3167 1715 gladius
3200 1661 3353 1700 meus
3379 1646 3432 1701 in
3462 1648 3601 1703 emlo
3632 1689 3645 1709 .

2071 1749 2125 1794 ct
2160 1741 2211 1793 in
2250 1736 2539 1792 ldutmeam
2579 1738 2891 1802 descendet,
2922 1748 2977 1790 et
3006 1738 3056 1790 in
3093 1737 3349 1808 populum
3383 1739 3646 1807 perditio‘

2074 1836 2157 1888 nis
2197 1836 2319 1888 eum
2368 1831 2594 1901 judicio.
2634 1839 2654 1883 δ
2694 1830 2924 1884 ΙιΙιιηιαξίι
2967 1832 3275 1901 signiﬁcat,
3308 1838 3514 1885 terrena
3542 1850 3559 1885 :
3594 1835 3648 1885 in

2069 1942 2232 1996 quam
2272 1925 2609 1979 descendens
2632 1924 2840 1992 gladius
2872 1924 3138 1993 sanguine
3162 1925 3421 1993 repletur,
3444 1933 3497 1978 et
3514 1934 3649 1994 quae

2070 2021 2115 2074 si
2142 2020 2299 2088 adipe
2322 2018 2629 2074 occisorum
2665 2017 3049 2085 impingnatur.

2140 2187 2304 2254 Vitas.
2334 2199 2386 2254 6.
2419 2218 2440 2249 ι
2477 2197 2704 2254 Gladius
2739 2194 2948 2251 Deminl
2980 2198 3230 2266 impletus
3252 2204 3334 2253 est
3360 2198 3642 2269 sanguine.

2070 2292 2434 2364 impinguatus
2458 2302 2543 2347 est
2566 2292 2757 2360 adipe,
2789 2291 3055 2361 sanguine
3094 2292 3374 2345 hircorum
3395 2301 3450 2344 et
3477 2306 3646 2359 agno«

2068 2401 2215 2451 rum,
2244 2386 2404 2454 adipe
2435 2386 2712 2439 hircorum
2752 2394 2807 2437 et
2829 2384 3060 2437 arietum
3093 2403 3106 2437 ε
3142 2384 3269 2452 quia
3311 2383 3642 2437 sacriﬁcium

2070 2479 2301 2535 Domino
2346 2478 2399 2532 in
2476 2476 2666 2541 Bosor,
2725 2485 2781 2529 et
2834 2477 3093 2529 mactatio
3148 2490 3342 2545 magna
3395 2475 3448 2527 in
3520 2473 3644 2527 Idu-

2070 2587 2225 2627 mma.
2276 2580 2296 2622 δ
2332 2570 2561 2637 Quinam
2594 2577 2723 2623 sunt
2749 2567 2822 2623 illi
2856 2569 3014 2638 agni,
3054 2568 3187 2622 hirci
3220 2576 3274 2622 et
3310 2568 3529 2630 arietes,
3562 2567 3645 2620 dlu-

2068 2666 2144 2722 cit
2174 2683 2187 2717 :
2222 2678 2481 2733 agnorum
2513 2662 2732 2715 nomine
2758 2701 2774 2725 ,
2804 2659 2919 2713 sive
2946 2660 3242 2713 secundum
3294 2658 3530 2727 reliquos
3562 2658 3643 2711 in“-

2069 2752 2335 2824 terpretes
2360 2795 2375 2815 ,
2408 2752 2608 2824 ἀρνῶν,
2645 2749 3022 2819 signiﬁcantur
3070 2750 3161 2819 qui
3220 2750 3533 2818 popularem
3588 2760 3645 2802 et

2069 2846 2335 2915 privatam
2363 2845 2531 2899 vitam
2560 2852 2768 2915 agunt;
2810 2842 2947 2896 hirci
2981 2851 3111 2895 vero
3138 2850 3189 2895 et
3222 2844 3420 2896 arietes
3458 2842 3518 2903 ii,
3548 2842 3645 2910 qui

2069 2932 2236 2993 multa
2269 2948 2494 3007 possunt
2521 2938 2753 3004 imperio
2782 2944 2837 2988 et
2869 2943 3135 3003 potestate
3160 2976 3174 2996 ,
3208 2947 3345 3002 quos
3381 2934 3474 2987 Dei
3522 2933 3641 3003 glau

2070 3032 2191 3086 ilus
2219 3032 2457 3092 invadet,
2484 3031 2576 3098 qui
2611 3026 2766 3097 quasi
2799 3026 3129 3081 sacriﬁcium
3162 3025 3343 3088 faciet,
3378 3038 3646 3082 memora-

2070 3133 2154 3178 tos
2207 3137 2414 3192 agnos,
2465 3121 2646 3175 hircos
2700 3129 2755 3173 et
2797 3119 2999 3175 arietes
3049 3120 3334 3171 mactando
3363 3126 3417 3172 et
3446 3117 3642 3172 imme-

2066 3214 2251 3269 lando.

2138 3324 2302 3381 Vsus.
2336 3326 2389 3379 7.
2432 3344 2449 3377 ι
2488 3320 2554 3380 Ει
2588 3323 2879 3379 concident
2907 3323 3119 3377 robusti
3147 3328 3268 3377 cum
3302 3322 3405 3386 eis,
3429 3325 3485 3377 et
3511 3322 3648 3377 arie-

2065 3428 2149 3474 tes
2170 3416 2226 3474 et
2248 3420 2389 3473 tauri
2420 3432 2435 3470 :
2466 3429 2521 3471 et
2549 3410 2907 3472 inebriabitur
2940 3426 3081 3468 terra
3109 3432 3139 3469 a
3172 3416 3454 3485 sanguine,
3505 3417 3561 3470 et
3614 3432 3644 3469 a

2068 3510 2396 3581 pinguedine
2447 3514 2640 3563 eorum
2693 3502 3028 3569 implebitur.
3062 3524 3081 3557 ι
3115 3491 3284 3560 Bosor
3322 3518 3542 3561 carnem
3569 3506 3645 3559 si-

2064 3596 2292 3674 gniﬁcat
2332 3624 2343 3656 :
2381 3611 2545 3671 atque
2591 3600 2677 3654 his
2725 3602 2907 3655 carnis
2943 3605 3273 3655 resurrectio
3306 3595 3639 3652 declaratur.

2064 3693 2407 3762 Quapropter
2443 3690 2750 3759 huiusmodi
2790 3691 3177 3745 mactationem
3209 3690 3263 3742 in
3296 3702 3462 3742 carne
3496 3686 3643 3740 ταω-

2064 3801 2179 3840 ram
2220 3798 2345 3840 esse
2374 3786 2576 3840 docens
2616 3785 2734 3838 ait:
2768 3804 2789 3836 ‹
2828 3784 3102 3851 Quoniam
3146 3782 3479 3837 sacriﬁcium
3532 3780 3644 3834 Deo

2062 3878 2116 3932 in
2146 3866 2341 3942 Bosor,
2367 3876 2424 3931 et
2455 3876 2711 3931 mactatio
2740 3884 2934 3946 magna
2968 3876 3021 3928 in
3046 3874 3279 3928 ldumz'ca
3312 3890 3328 3927 :
3364 3892 3385 3927 ι
3421 3881 3642 3927 omnem

2061 3970 2259 4038 quippe
2291 3966 2604 4024 terrestrem
2634 3968 2869 4022 animam
2901 3968 3142 4021 invadet.
3163 3967 3332 4022 Edoni
3363 3966 3507 4020 enim
3532 3969 3642 4019 ter-

2062 4068 2253 4117 renum
2283 4052 2588 4133 significat,
2628 4061 3082 4131 quemadmodum
3107 4052 3233 4114 alibi
3264 4059 3349 4113 hic
3377 4059 3641 4127 propheta

2061 4157 2115 4211 in
2145 4157 2500 4225 sequentibus
2531 4156 2597 4210 de
2642 4155 2931 4211 Salinatore
2979 4157 3155 4226 deque
3204 4154 3387 4208 futuro
3434 4144 3641 4220 judicic

2059 4246 2176 4317 ejus
2217 4245 2444 4315 loquens
2468 4246 2585 4300 ait:
2628 4260 2646 4295 ι
2685 4245 2817 4312 Quis
2846 4246 2934 4299 hic
2977 4247 3067 4314 qui
3116 4243 3262 4296 venit
3310 4244 3375 4296 de
3419 4242 3588 4295 Edoni
3615 4279 3635 4305 ,

2060 4339 2227 4391 rubor
2277 4324 2725 4391 vestimentorum
2779 4330 2845 4390 de
2897 4336 3068 4391 Bosor
3120 4336 3165 4368 "
3206 4332 3228 4388 ’ί
3280 4354 3298 4386 ι
3348 4330 3633 4388 Carnalem

2058 4430 2256 4500 quippe
2282 4430 2574 4483 adventum
2604 4443 2760 4482 suum
2791 4429 2843 4481 in
2885 4436 3085 4481 terram
3126 4428 3231 4481 hoc
3263 4426 3422 4481 modo
3451 4417 3633 4479 decla-

368 4511 502 4564 τίων
549 4514 614 4567 ἐκ
664 4515 870 4587 Βοσὸρ;
904 4537 922 4567 ι
949 4516 1063 4587 Τὴν
1098 4518 1205 4589 γὰρ
1248 4518 1511 4592 ἐνσαρκον
1543 4511 1708 4574 αὑτοῦ
1750 4541 1954 4595 παρου-

2066 4524 2221 4576 ravit.
2251 4522 2500 4575 Arbitror
2530 4526 2710 4575 autem
2759 4520 3025 4589 Spiritum
3062 4521 3303 4572 divinttm
3338 4518 3635 4572 commina-

370 4604 497 4658 σίαν
520 4607 612 4659 ἐπὶ
640 4610 740 4678 τῆς
787 4609 889 4678 γῆς
914 4610 1213 4681 γενομένην
1258 4611 1447 4665 τοῦτον
1477 4613 1663 4685 ἐδήλου
1698 4614 1789 4667 τὸν
1826 4618 1951 4687 τρό-

370 4712 496 4749 πον.
527 4693 694 4768 υἷμαι
727 4698 783 4751 δέ
810 4699 872 4751 τὸ
906 4700 1047 4752 θετον
1076 4700 1302 4771 Πνεῦμα
1332 4702 1612 4768 τοιαύταις
1643 4707 1949 4777 χρήσασθαι

367 4785 576 4853 λέξεσιν
610 4789 995 4861 ἀπειλητικαῖς
1038 4793 1118 4854 εἰς
1170 4784 1231 4845 τὸ
1270 4798 1617 4866 παραστῆσαι
1663 4800 1762 4870 τὴν
1811 4800 1951 4852 κατὰ

364 4876 475 4930 τῶν
502 4878 716 4933 ἀσεϐῶν
740 4880 836 4935 τοῦ
865 4881 1002 4935 Θεοῦ
1034 4882 1337 4954 ἐκδίκησιν,
1369 4887 1461 4940 καὶ
1501 4890 1581 4951 εἰς
1634 4890 1695 4941 τὸ
1723 4888 1949 4959 σοϐῆσαι

362 4970 491 5033 τοὺς
520 4971 727 5025 τούτοιν
769 4974 1150 5044 ἀκροωμένους
1187 4978 1253 5046 τῇ
1292 4966 1511 5048 συνήθει
1543 4982 1636 5032 καὶ
1666 4983 1949 5053 παχυτέρα

362 5062 525 5132 ἀκοῇ,
553 5064 632 5135 τῷ
663 5064 742 5136 μὴ
776 5065 1036 5121 δύνασθαι
1074 5070 1201 5131 τοὺς
1228 5069 1429 5133 πάντας
1460 5071 1635 5135 ἄλλως
1674 5078 1812 5126 νοεῖν
1852 5075 1949 5138 τὰς

365 5151 817 5226 ἐπαχθησομένας
846 5161 956 5222 τοῖς
986 5160 1206 5213 ἀσεϐέσι
1229 5163 1518 5233 τιμωρίας,
1549 5165 1682 5235 μηδὲ
1708 5167 1795 5219 τὸν
1828 5169 1949 5238 τρό-

364 5257 468 5293 πον
490 5242 588 5310 τῆς
603 5248 877 5312 κολάσεως
902 5252 1187 5322 ἐπινοῆσαι
1207 5252 1489 5307 δύνασθαι.
1518 5256 1606 5308 Διὸ
1623 5259 1951 5329 παχυτέροις

2058 4614 2213 4667 toriis
2259 4600 2407 4665 hisce
2436 4604 2658 4664 vo‘cibus
2687 4609 2785 4671 uti,
2821 4617 2880 4662 ut
2922 4608 3127 4663 indicet
3171 4608 3487 4672 ultionem,a
3520 4600 3633 4661 Deo

2058 4709 2125 4760 de
2156 4706 2338 4773 impiis
2367 4703 2682 4757 sumendam
2711 4721 2724 4767 ;
2753 4713 2917 4773 utque
2944 4719 3009 4757 ex
3057 4700 3430 4773 frequentiore
3454 4708 3509 4755 et
3538 4717 3639 4755 sae-

2057 4798 2179 4868 pius
2207 4798 2435 4865 repetita
2466 4811 2598 4850 voce
2639 4797 2914 4850 auditores
2940 4797 3351 4861 deterreantur,
3400 4808 3499 4848 nec
3544 4808 3638 4845 va-

2061 4888 2171 4941 leat
2219 4888 2489 4956 quispiam
2537 4889 2806 4957 supplicia
2839 4878 3021 4955 impiis
3050 4886 3333 4941 inferenda
3362 4885 3519 4939 aliter
3552 4874 3638 4937 in-

2056 4978 2303 5047 telligere
2329 5016 2345 5044 ,
2369 4994 2545 5048 neque
2580 4991 2757 5033 tamen
2787 4972 3032 5048 supplicii
3070 4975 3288 5033 modum
3321 4978 3635 5044 excogitare

2058 5072 2249 5140 possit.
2282 5070 2648 5139 Quamobrem
2682 5072 2884 5128 rudiori
2927 5080 3180 5128 sermone
3206 5114 3220 5137 ,
3260 5080 3315 5122 et
3360 5064 3633 5136 Vulgario-

2059 5167 2212 5220 ribus
2244 5167 2426 5221 verbis
2458 5178 2725 5221 terrorem
2774 5158 3172 5221 incutientibus
3202 5163 3373 5214 utitur
3398 5201 3413 5223 ,
3447 5167 3504 5210 ut
3541 5159 3635 5226 qui

2062 5261 2178 5315 hate
2206 5262 2455 5325 audiunt,
2489 5262 2766 5330 perterriti
2802 5269 3208 5316 convertantur.

366 5334 575 5427 ῥήμασι
608 5336 723 5427 Ῠκαὶν
768 5343 1183 5415 συνηθεστέραις
1230 5346 1408 5413 λέξεσι
1455 5350 1620 5417 φόβου
1648 5360 1957 5418 ποιητικαῖς
1997 5356 2279 5427 κέχρηται,
2341 5348 2426 5409 ἵνα
2467 5358 2569 5411 κᾶν
2608 5356 2750 5410 οὕτω
2790 5356 3115 5426 φοὸηθέντες
3152 5347 3552 5417 ἐπιστρέψωσιν
3582 5345 3631 5397 οἱ

361 5422 571 5479 τούτων
594 5426 903 5491 ἀκούοντες.

442 5558 460 5589 ι
512 5540 729 5614 Ἡμέρα
753 5544 859 5615 γὰρ
885 5547 1119 5617 κρίσεως
1161 5552 1386 5625 Κυρίου,
1411 5558 1504 5609 καὶ
1549 5559 1793 5621 ἐνιαυτὸς
1821 5561 1945 5613 ἀντ-

365 5631 672 5698 ἀποδόσεως
696 5636 932 5706 κρίσεως
975 5640 1133 5698 Σιών.
1160 5664 1179 5696 ι
1209 5646 1319 5700 Καὶ
1354 5648 1412 5701 ἐν
1452 5652 1564 5715 τοῖς
1588 5650 1847 5723 ἀνωτέρω
1887 5653 1943 5705 δέ

440 5858 484 5886 ⁸⁷
510 5858 621 5925 ,lsa.
662 5874 815 5925 mn,
861 5862 906 5916 Ι,

2128 5562 2291 5617 Vens.
2326 5564 2379 5619 8.
2439 5584 2459 5616 ι
2501 5564 2627 5620 Dies
2654 5565 2797 5619 enim
2828 5560 3019 5631 judieii
3071 5556 3324 5617 Domini,
3376 5564 3433 5609 et
3456 5568 3632 5607 almus

2053 5657 2435 5713 retributionis
2463 5657 2655 5727 iudicii
2702 5656 2856 5711 Sion.
2896 5673 2917 5707 ι
2968 5652 3228 5722 Superius
3258 5650 3388 5705 item
3417 5646 3632 5703 αἰτοίη-ι
