4118 6482
382 397 523 457 Ὗ)ῧὸ

1089 392 1354 451 EUSEBH
1389 392 1868 451 CESARIENSIS
1908 392 2058 451 OPP.
2094 393 2273 450 PARS
2311 393 2397 449 Ill.
2434 425 2504 436 —
2539 394 2954 453 EXEGETICA.

3553 399 3668 455 356

389 526 525 575 -tur,
569 529 588 562 ι
628 509 881 564 Mulieres
904 508 1115 574 divites,
1154 505 1447 577 exsurgite,
1492 504 1600 560 diei
1626 506 1751 559 anni
1784 520 1987 560 memo-

2103 505 2305 575 ὲλέγετο
2319 508 2399 572 τὸ,
2424 525 2443 557 ι
2468 507 2727 571 Γυναῖκες
2748 508 3016 573 πλούσιαι,
3038 507 3333 578 ἀνάστητε,
3347 494 3560 581 ἡμέρας
3573 516 3677 568 ἐνι-

417 606 555 661 riam
591 603 753 656 facile
792 604 846 656 in
873 600 1061 655 dolore
1088 615 1211 655 cum
1248 614 1365 668 spe.
1406 618 1426 651 ι
1456 598 1590 666 Quis
1636 598 1709 653 sit
1754 598 1843 652 ille
1890 614 1987 651 an-

417 709 522 751 nus
543 735 561 761 ,
608 708 718 762 quo
749 707 872 745 cum
926 690 1109 746 dolore
1139 689 1415 761 planctum
1443 692 1607 745 edere
1644 688 1836 757 jubet,
1871 689 1989 744 haec

415 786 698 856 prophetia
723 783 965 836 declarat
991 782 1078 837 bis
1107 782 1306 842 verbis,
1343 800 1362 832 ι
1407 780 1617 836 Vocare
1655 796 1856 835 annum
1886 782 1990 836 Do-

416 877 550 931 miui
580 873 970 942 acceptabilem
999 911 1015 937 ,
1045 882 1103 927 et
1131 872 1274 927 diem
1307 871 1683 927 retributionis
1733 872 1842 926 Deo
1894 887 1990 927 uo-

417 977 532 1022 stro
559 1006 575 1030 ,
630 965 899 1021 consolari
952 978 1143 1020 omnes
1192 964 1437 1034 lugentes
1466 1005 1481 1030 ,
1517 965 1646 1020 dare
1680 964 1992 1032 lugentibus

417 1058 547 1114 Sion
573 1056 821 1127 gloriam.
859 1074 881 1109 ι
919 1053 1106 1109 Videu’
1137 1070 1247 1124 quo
1279 1069 1442 1109 sensu
1475 1055 1565 1111 hic
1592 1054 1866 1121 dicatum
1896 1070 1992 1109 an-

417 1165 518 1204 nus
558 1148 771 1205 Domini
800 1187 816 1212 ,
845 1156 902 1202 et
926 1146 1042 1202 dies
1070 1146 1493 1213 retributionis;
1530 1166 1549 1201 ι
1601 1147 1673 1201 ita
1722 1157 1782 1201 ut
1813 1147 1990 1203 simile

414 1242 492 1296 sit
515 1240 645 1295 illud
671 1240 776 1295 hoc
803 1239 949 1294 dicto
972 1281 989 1307 ,
1025 1256 1044 1291 t
1083 1238 1209 1293 Dies
1236 1238 1382 1293 enim
1407 1236 1601 1306 judicii
1635 1237 1788 1295 Sion.
1830 1258 1849 1291 ι
1880 1237 1989 1292 Ita-

417 1344 526 1399 que
558 1328 703 1385 idem
733 1330 848 1399 ipse
877 1342 1077 1394 annus,
1103 1328 1294 1383 eadem
1325 1327 1438 1395 ipsa
1460 1327 1576 1383 dies
1604 1339 1709 1395 est,
1734 1345 1838 1397 qua
1867 1344 1994 1399 pan-

416 1433 579 1489 peres
609 1417 1077 1488 evangelizantur,
1109 1417 1358 1484 lugentes
1405 1417 1534 1471 Sion
1567 1419 1990 1474 consolationem

417 1510 692 1578 accipiunt
718 1510 771 1562 itt
803 1508 1005 1564 Christi
1039 1508 1273 1562 adventu
1304 1548 1318 1570 ,
1371 1508 1624 1562 mulieres
1669 1508 1772 1563 illae
1797 1509 1993 1564 divites

415 1604 483 1656 ad
515 1601 794 1672 planctum
821 1611 1144 1666 evocantur,
1176 1610 1233 1656 ct
1259 1614 1380 1669 qua:
1408 1600 1509 1654 hoc
1542 1601 1595 1653 iu
1623 1602 1742 1655 loco
1770 1600 1837 1655 de
1863 1599 1992 1655 Sion

416 1694 802 1757 enuntientur,
839 1692 1023 1746 futura
1056 1702 1202 1747 sunt.
1233 1689 1361 1745 Haec
1389 1705 1552 1758 porro
1574 1691 1755 1745 omnia
1790 1690 1843 1744 iu
1873 1690 1994 1746 Sul-

415 1785 625 1841 vatoris
669 1784 840 1840 nostri
888 1783 1015 1839 Jcsu
1064 1782 1267 1837 Christi
1316 1783 1546 1837 adventu
1609 1784 1992 1853 implebantur,

2088 599 2250 653 αυτοῦ
2269 599 2456 672 μνείαν
2478 599 2775 672 ποιήσασθε
2791 601 2849 654 ὲν
2863 600 3023 674 ὀδύνῃ
3049 601 3166 671 μετ’
3185 600 3418 664 ἐλπίδος.
3432 601 3556 666 »Τίς
3579 601 3672 657 οὖν

2085 682 2153 758 ἦν
2166 679 2321 751 οὗτος
2334 689 2362 741 ὁ
2380 687 2644 752 ἐνιαυτὸς,
2668 687 2751 757 ἐφ’
2765 680 2810 755 ᾧ
2824 688 3121 741 κόπτεσθαι
3146 688 3262 759 μετ’
3279 688 3473 762 ὀδύνης
3498 709 3671 762 προσ-

2086 777 2289 840 τάττει,
2324 777 2357 846 ἡ
2396 775 2643 847 παροῦσα
2676 777 2982 849 προφητεία
3017 776 3313 848 παρίστησι
3342 776 3575 847 λέγουσα
3602 782 3674 835 τὰ

2088 868 2438 939 προκείμεναο
2453 887 2470 918 ι
2481 867 2723 922 Καλέσαι
2734 867 2974 922 ἐνιαυτὸν
2987 868 3191 941 Κυρίου
3202 868 3410 937 δεκτδν,
3424 870 3519 925 καὶ
3532 873 3567 940 ἡ
3573 871 3674 942 μέ-

2092 976 2188 1030 ραν
2202 958 2605 1022 ἀνταποδόσεως
2625 959 2703 1031 τῷ
2718 958 2836 1029 Θεῷ
2852 958 3029 1031 ἡμῶν,
3055 960 3435 1031 παρακαλέσαι
3462 961 3674 1026 πάντας

2086 1052 2213 1116 τοὺς
2242 1052 2592 1118 πενθοῦντας,
2617 1051 2835 1123 δοθῆναι
2863 1054 2976 1114 τοῖς
3011 1051 3267 1106 πενθοῦσι
3294 1051 3432 1107 Σιὼν
3451 1053 3663 1119 δόξαν.)

2101 1143 2263 1214 Ὁρᾷς
2280 1144 2427 1204 ὅπως
2443 1143 2501 1196 ἐν
2513 1142 2721 1205 τούτοις
2741 1160 2759 1192 t
2782 1140 3025 1205 ἐνιαυτὸς
3041 1141 3245 1213 Κυρίου
3258 1161 3276 1194 ι
3296 1143 3531 1216 εἴρηται,
3550 1163 3568 1194 ι
3580 1144 3675 1198 καὶ

2089 1236 2273 1309 ἡμέρα
2289 1234 2711 1299 ἁνταποδόσεως,
2732 1254 2751 1286 r
2766 1234 2841 1297 ὡς
2854 1235 3035 1305 ὅμοιον
3050 1234 3291 1307 τυγχάνῃ
3305 1234 3402 1307 τῷ,
3421 1255 3438 1287 t
3461 1235 3673 1307 Ἡμέρα

2088 1328 2198 1400 γὰρ
2222 1329 2454 1398 κρίσεως
2482 1325 2640 1380 Σιών.
2664 1347 2680 1377 ι
2716 1325 2922 1380 Ούκοῦν
2955 1321 3034 1391 εἷς
3064 1329 3158 1381 καὶ
3187 1327 3217 1380 ὁ
3240 1328 3399 1392 αὐτὸς
3426 1327 3672 1393 ἐνιαυτὸς

2089 1421 2368 1492 τυγχάνει,
2402 1420 2497 1473 καὶ
2548 1419 2648 1490 μία
2694 1419 2789 1472 καὶ
2838 1421 2872 1490 ἡ
2918 1419 3056 1490 αὐτὴ
3086 1418 3292 1490 ἡμέρα,
3323 1418 3450 1474 καθ’
3499 1420 3566 1490 ἢν
3618 1417 3671 1472 οί

2092 1514 2299 1585 πτωχοὶ
2331 1508 2791 1581 εὐαγγελίζονται,
2839 1510 2892 1563 οἴ
2936 1527 2995 1563 τε
3043 1509 3367 1574 πενθοῦντες
3399 1510 3498 1581 τὴν
3532 1508 3673 1563 Σιὼν

2092 1604 2536 1679 παρακαλοῦνται
2566 1603 2660 1656 ἐπὶ
2689 1605 2756 1675 τῇ
2785 1601 3021 1674 Χριστοῦ
3052 1601 3344 1675 παρουσίᾳ,
3370 1602 3464 1654 καὶ
3493 1601 3550 1654 al
3579 1600 3669 1652 λε-

2093 1699 2321 1771 γόμεναι
2371 1696 2624 1751 πλούσιαι
2652 1696 2910 1765 γυναῖκες
2932 1695 3025 1753 ἐττῗί⁵
3051 1693 3141 1747 τὸν
3169 1691 3397 1747 κοπετὸν
3446 1689 3672 1745 καλοῦν-

2094 1810 2205 1857 ται,
2229 1792 2322 1845 καί⁵
2350 1789 2417 1844 τὰ
2451 1789 2719 1858 λεγόμενα
2750 1788 2837 1841 διὰ
2859 1787 2966 1841 τῶν
3019 1786 3395 1857 προκειμένων
3427 1787 3493 1856 τῇ
3536 1783 3677 1839 Σιὼν

418 1878 637 1947 quando
664 1877 700 1931 ii
736 1878 827 1951 qui
859 1876 912 1931 iu
946 1879 1122 1944 ipsum
1148 1874 1517 1938 crediderant,
1546 1885 1595 1929 et
1625 1877 1855 1945 gratiam
1877 1878 1995 1947 ejus

2103 1855 2415 1940 ἀποϐαίνειν
2475 1855 2697 1953 ἤμελλε.
2737 1878 2922 1933 Ταῦτα
2968 1876 3026 1930 δέ
3064 1855 3254 1931 πάντα
3311 1876 3403 1930 ἐπὶ
3435 1855 3534 1946 τῆς
3578 1872 3675 1928 τοῦ

419 1979 800 2039 susceperant,
828 1969 1050 2037 optimis
1088 1967 1193 2022 illis
1223 1965 1706 2037 pollicitationibus
1735 1968 1993 2025 frueban-

421 2076 511 2120 tur
540 2082 555 2118 :
588 2064 680 2135 qui
710 2078 837 2118 vero
866 2076 986 2116 sese
1012 2076 1041 2114 a
1086 2060 1260 2130 gratia
1302 2058 1419 2126 ejus
1470 2070 1952 2128 sequestraverant
1976 2102 1990 2127 ,

419 2159 488 2211 ab
515 2158 661 2213 omni
693 2170 789 2227 spe
817 2154 958 2210 bona
987 2154 1123 2221 lapsi
1151 2191 1167 2218 ,
1205 2152 1509 2207 tristiorum
1540 2153 1996 2210 comminatioues

416 2250 721 2307 subierunt.
772 2249 839 2305 Et
882 2262 1015 2303 sane
1065 2247 1180 2317 ipsa
1209 2258 1397 2302 eorum
1426 2246 1716 2315 conspicua
1747 2255 1802 2301 et
1847 2248 1994 2318 regia

415 2344 628 2411 civitas,
660 2358 723 2398 ea
756 2342 870 2413 ipsa
894 2339 1118 2412 pertulit
1143 2379 1159 2404 ,
1183 2353 1304 2410 quae
1325 2350 1569 2409 prmscns
1590 2337 1872 2408 prophetia
1902 2351 1995 2392 va-

415 2437 698 2491 tieinatur.

2101 1973 2523 2046 Σωτῆρος-ήμῶν
2549 1970 2723 2043 Ἰησοῦ
2756 1968 2993 2042 Χριστοῦ
3014 1968 3317 2039 παρουσίας
3349 1964 3678 2039 ἐπληροῦτο,

2100 2066 2220 2122 καθ’
2245 2068 2311 2139 ἢν
2336 2069 2384 2120 οἱ
2422 2068 2518 2136 μὲν
2561 2066 2641 2130 εἰς
2681 2063 2843 2118 αὑτὸν
2870 2060 3316 2124 πεπιστευκότες,
3343 2062 3438 2113 καὶ
3462 2058 3561 2130 τὴν
3581 2056 3678 2128 χά-

2102 2177 2187 2233 ριν
2218 2158 2316 2232 τὴν
2341 2159 2406 2212 δι’
2429 2157 2594 2212 αὑτοῦ
2639 2153 3124 2226 παραδεδεγμένοι,
3156 2151 3263 2206 τῶν
3295 2150 3681 2223 χρηστοτέρων

2101 2252 2446 2322 ἐπαγγελιῶν
2478 2249 2755 2322 ἁπήλαυον
2777 2263 2792 2276 °
2822 2247 2872 2299 οἱ
2892 2245 2950 2300 δέ
2979 2243 3290 2317 ἀλλοτρίους
3315 2243 3543 2306 ἐαυτοὺς
3573 2258 3677 2297 κα-

2101 2346 2472 2416 ταστήσαντες
2510 2344 2609 2413 τῆς
2665 2336 2829 2393 αὑτοῦ
2876 2337 3120 2409 χάριτος,
3151 2336 3329 2406 πάσης
3350 2333 3560 2405 ἀγαθῆς
3592 2333 3649 2386 tr

2100 2434 2254 2498 πίδος
2291 2431 2683 2493 ἀποπεσόντες,
2709 2430 2831 2491 ταῖς
2858 2427 2969 2481 τῶν
3008 2424 3474 2498 σκυθρωποτέρων
3516 2423 3677 2477 ἄπει-

416 2532 537 2597 λαῖς
576 2528 1059 2586 ὑποπεπτώκασιν.
1100 2527 1210 2580 Καὶ
1256 2525 1394 2597 αὑτὴ
1428 2523 1483 2579 δὲ
1512 2525 1749 2597 αὑτῶνή
1777 2528 1950 2601 σεμνὴ
1974 2529 2068 2583 καὶ
2109 2528 2362 2600 βασιλικὴ
2389 2527 2543 2591 πόλις
2587 2521 2807 2580 τοιαῦτα
2857 2520 3146 2588 πέπονθεν,
3176 2520 3335 2574 ὁποῖα
3365 2517 3612 2581 θεσπίζει
3641 2517 3677 2588 η

416 2626 668 2698 παροῦσα
696 2622 1019 2696 προφητεία.

493 2721 659 2777 Vsus.
690 2719 746 2775 9.
788 2735 808 2770 ι
847 2716 914 2771 Ει
942 2723 1224 2771 vertentur
1282 2712 1449 2768 valles
1503 2711 1622 2782 ejus
1671 2713 1724 2768 in
1776 2714 1950 2783 picem
1979 2754 1995 2781 ,

415 2822 471 2870 et
517 2824 663 2869 terra
712 2809 831 2880 ejus
886 2808 941 2862 iu
993 2805 1240 2876 sulphur.
1303 2804 1371 2860 Et
1420 2805 1527 2860 erit
1586 2813 1730 2861 terra
1781 2807 1898 2877 ejus
1941 2816 2001 2862 ut

418 2907 513 2976 pix
558 2901 761 2959 ardens
814 2910 976 2956 nocte
1024 2908 1081 2955 et
1135 2898 1244 2953 die.
1303 2916 1322 2950 ι
1381 2897 1547 2965 Queis
1598 2898 1746 2955 clare
1792 2900 2001 2955 denun-

416 2998 524 3051 tiat
554 3003 860 3051 extremam
892 2993 1203 3047 vastitatem
1251 2998 1306 3044 et
1355 2989 1473 3045 loco
1504 3000 1556 3046 et
1587 2992 1731 3063 genti
1763 2991 2003 3049 inferen-

421 3088 571 3141 dam.

2182 2731 2201 2763 ι
2226 2710 2335 2764 Καὶ
2357 2705 2757 2780 στραφήσονται
2778 2701 2833 2755 αἱ
2854 2699 3136 2772 φάραγγες
3159 2695 3329 2766 αὐτῆς
3352 2696 3431 2758 εἰς
3456 2693 3679 2757 πίσσαν,

2106 2805 2202 2861 καὶ
2228 2806 2262 2875 ἡ
2292 2801 2365 2872 γῆ
2387 2799 2560 2869 αὐτῆς
2599 2798 2679 2859 είς
2718 2795 2881 2849 θεῖον.
2916 2792 3025 2846 Καὶ
3052 2789 3205 2844 ἔσται
3230 2791 3264 2861 ή
3300 2788 3375 2859 γῆ
3396 2786 3578 2875 αὐτῆς
3605 2783 3683 2875 ῶς

2108 2871 2277 2951 πίσσα
2308 2871 2572 2964 καιομένη
2590 2888 2781 2952 νυκτὸς
2819 2885 2914 2941 καὶ
2943 2882 3179 2955 ἡμέρας.
3216 2901 3233 2931 ι
3273 2879 3350 2932 Δι’
3385 2871 3460 2931 ὧν
3498 2874 3685 2946 σαφῶς

2105 2994 2136 3046 ό
2162 2990 2320 3057 λόγος
2351 2983 2678 3055 παρίστησιν
2718 2977 2951 3048 ἐσχάτην
2989 2972 3225 3044 ἐρημίαν
3275 2964 3713 3061 καταλήψεσθαοῖ

2107 3082 2200 3137 τόν
2225 3097 2288 3133 τε
2312 3078 2478 3132 τόπον
2506 3073 2600 3129 καὶ
2624 3071 2686 3125 τὸ
2714 3070 2884 3133 ἔθνος.

493 3175 659 3231 Vens.
688 3175 776 3230 lO.
827 3195 845 3227 ι
879 3174 946 3230 Et
990 3190 1097 3230 non
1149 3175 1527 3246 exstinguetur
1573 3176 1628 3232 in
1679 3187 2001 3248 perpetuum

2180 3189 2198 3222 ι
2239 3168 2352 3223 Καὶ
2380 3164 2440 3218 ού
2477 3160 2835 3231 σϐεσθήσεται
2866 3159 2947 3221 είς
2994 3156 3085 3209 τὸν
3139 3152 3311 3208 αἰῶνα
3344 3149 3555 3223 χρόνον,
3589 3147 3688 3202 καὶ

424 3279 639 3338 tempus
688 3286 701 3322 :
750 3278 807 3323 et
841 3267 1101 3323 ascendet
1148 3265 1329 3323 fumus
1373 3266 1491 3335 ejus
1519 3282 1734 3323 sursum
1772 3288 1786 3324 :
1824 3270 1877 3325 in
1916 3285 2008 3341 ge-

422 3360 767 3415 nerationem
827 3357 944 3428 ejus
996 3358 1345 3427 desolabitur,
1394 3369 1450 3414 et
1508 3359 1562 3414 in
1612 3370 1823 3432 tempus
1868 3361 2008 3417 mul-

424 3460 557 3505 tum.
587 3470 608 3503 ι
653 3448 880 3521 Signum
918 3448 1194 3520 supplicii,
1228 3451 1370 3519 quod
1414 3451 1466 3504 in
1513 3450 1780 3521 profundo
1829 3452 2004 3519 luunt,

421 3543 491 3597 iis
525 3543 615 3610 qui
653 3557 870 3599 sursum
908 3542 1073 3612 positi
1105 3552 1233 3599 sunt
1268 3544 1520 3614 praebens
1543 3543 2005 3615 conspiciendum,

422 3636 494 3688 ob
544 3634 763 3689 insitam
798 3634 903 3689 illis
945 3634 1206 3690 malitiam
1230 3675 1245 3699 ,
1280 3650 1430 3706 quae,
1464 3634 1605 3706 quod
1642 3635 1930 3692 tenebrosa
1954 3646 2011 3692 et

421 3727 581 3796 nigra
609 3728 706 3792 sit,
739 3727 844 3797 pici
870 3737 1239 3797 comparatur.

494 3816 663 3873 Vens.
693 3819 781 3873 ll.
821 3838 839 3870 ι
863 3821 1023 3885 Aves,
1051 3831 1107 3875 et
1144 3818 1317 3883 ericii,
1354 3827 1411 3874 et
1437 3818 1555 3874 ibes
1585 3827 1640 3874 et
1673 3819 1819 3874 corvi
1854 3818 2011 3874 babi-

418 3912 622 3966 tabunt
676 3912 729 3965 in
777 3927 889 3966 ea:
937 3922 990 3967 et
1037 3913 1311 3981 injicietur
1357 3926 1520 3979 super
1566 3926 1685 3966 eam
1741 3911 2010 3965 funiculus

422 4004 742 4075 geometria:
794 4004 1020 4068 deserti,
1079 4014 1132 4057 et
1181 4002 1531 4057 onocentauri
1586 4002 1910 4057 babitabuut
1956 4002 2009 4055 in

421 4108 551 4147 ea.»
606 4093 702 4148 llis
752 4089 998 4164 impuras
1034 4094 1247 4148 animas
1280 4092 1572 4162 significat,
1623 4093 1814 4161 quales
1856 4099 2012 4145 erant

424 4200 622 4239 eorum
679 4182 914 4249 animae,
972 4184 1187 4254 quies
1249 4183 1566 4252 alienigenis
1618 4191 1672 4236 et
1732 4181 2012 4236 extraneis

421 4274 682 4342 gentibus
730 4289 797 4330 eo
853 4275 907 4330 irt
965 4276 1082 4331 loco
1128 4282 1312 4344 postea
1354 4272 1704 4340 habitarunt,
1746 4271 2010 4326 idolorum

422 4364 683 4421 cultores.

497 4454 667 4511 Vsus.
697 4456 785 4510 l2.
828 4474 847 4506 ι
872 4453 1152 4525 Principes
1178 4453 1295 4525 ejus
1324 4470 1428 4509 non
1457 4461 1637 4507 erunt.
1668 4452 1845 4523 Reges
1868 4454 2011 4508 enim

424 4555 480 4600 et
512 4558 799 4619 magnates
830 4546 949 4616 ejus
976 4560 1139 4603 erunt
1163 4549 1217 4603 in
1253 4548 1632 4618 perditionem.
1662 4565 1680 4599 ι
1730 4547 2009 4601 Daemouas

428 4640 696 4705 quosdam
748 4640 1069 4705 adumbrat,
1128 4641 1222 4710 qui
1278 4642 1331 4695 in
1381 4639 1692 4695 simulacris
1740 4648 1795 4692 et
1855 4636 2012 4694 idolis

429 4743 621 4784 eorum
647 4746 746 4785 ceu
781 4732 831 4784 in
870 4730 1093 4787 latebris
1121 4734 1377 4802 agebant.

502 4819 670 4876 Vens.
698 4820 803 4886 15,
844 4820 932 4876 14.
978 4841 997 4872 ι
1024 4821 1089 4876 Et
1133 4834 1489 4877 renascentur
1533 4822 1586 4876 in
1634 4821 1861 4875 urbibus
1893 4818 2013 4888 ejus

429 4913 650 4983 spinosa
675 4922 730 4967 et
755 4911 920 4982 ligna,
944 4921 1001 4967 el
1028 4914 1081 4967 in
1120 4915 1509 4969 munitionibus
1551 4913 1688 4985 ejus.
1743 4911 1812 4967 Et
1853 4918 2014 4966 erunt

429 5003 611 5058 cubile
650 5003 916 5069 sirenum,
949 5013 1005 5059 et
1031 5004 1302 5060 stabulum
1322 5002 1793 5059 strutliiouum.Et
1825 5001 2013 5057 obvia—

428 5093 565 5149 bunt
596 5093 873 5150 daemones
906 5095 1292 5151 onocentauris
1311 5135 1327 5160 ,
1356 5104 1410 5149 et
1439 5093 1752 5149 clamabunt
1779 5092 1919 5146 alter
1944 5090 2013 5146 ad

431 5183 685 5240 alterum.
731 5184 813 5240 lbi
852 5186 1202 5255 requiescant
1250 5184 1624 5249 onocentauri,
1673 5181 2014 5238 invenientes

432 5274 535 5330 sibi
587 5276 829 5346 requiem
866 5282 887 5331 :'
919 5295 939 5330 ι
999 5276 1400 5332 infructuosam
1457 5290 1642 5328 eorum
1703 5272 2011 5327 doctrinam

434 5365 768 5435 signiﬁcans.
804 5366 1170 5434 Quamobrem
1203 5367 1420 5420 vineam
1445 5381 1633 5420 eorum
1663 5364 1851 5433 spinas
1877 5361 2017 5418 emi-

437 5457 574 5513 sisse
615 5473 776 5528 supra
803 5458 852 5493 "
895 5459 1214 5514 declarabat
1262 5458 1350 5512 his
1396 5458 1598 5520 verbis,
1658 5451 2021 5523 «Exspectavi

437 5557 501 5603 ut
545 5547 748 5605 faceret
785 5550 919 5606 mihi
970 5566 1172 5615 uvam,
1209 5548 1344 5605 fecit
1381 5557 1560 5602 autem
1605 5547 1854 5617 spinas.»
1913 5542 2016 5600 Ubi

440 5649 621 5696 autem
652 5641 707 5697 in
736 5642 1027 5698 animabus
1050 5654 1242 5697 eorum
1281 5648 1529 5695 extrema
1559 5638 1787 5694 vastitas
1829 5635 2025 5700 fuerit,-

508 5815 553 5848 “
582 5814 713 5888 Cap.
746 5832 799 5884 v,
831 5818 882 5872 Ι.

2044 4487 2089 4541 D

2105 3260 2437 3332 ἀναϐήσεται
2462 3256 2491 3309 ὁ
2518 3253 2723 3317 καπνὸς
2751 3252 2922 3321 αὐτῆς
2974 3251 3119 3304 ἄνωο
3160 3249 3239 3312 είς
3274 3244 3467 3315 γενεὰν
3510 3241 3683 3310 αὐτῆς

2108 3350 2555 3428 ἐρημωθήσεται,
2610 3347 2705 3400 καὶ
2733 3345 2815 3408 είς
2843 3344 3035 3416 χρόνον
3071 3340 3256 3395 πολύν.
3286 3356 3319 3428 ῖ»
3355 3336 3432 3391 Τὸ
3461 3336 3690 3428 σημεῖον

2107 3423 2310 3516 της-ἐν
2356 3438 2510 3513 βάθει
2554 3433 2826 3506 τιμωρίας
2876 3431 3058 3487 αὐτῶν
3101 3431 3215 3493 τοῖς
3262 3427 3377 3481 άνω
3430 3423 3691 3516 παρέχων

2108 3510 2241 3610 ὁρᾷν
2272 3510 2367 3588 διά
2392 3532 2491 3603 τὴν
2532 3525 2898 3598 ὑποκειμένην
2933 3524 3116 3586 αὐτοῖς
3146 3519 3360 3579 κακίαν,
3395 3514 3568 3585 πίσσῃ
3598 3510 3689 3565 διὰ

2109 3629 2171 3682 τὸ
2199 3623 2465 3687 σκοτῶδες
2494 3620 2591 3675 καὶ
2625 3617 2794 3691 μέλαν
2817 3611 3329 3688 παραϐαλλομένην.

2188 3822 2208 3856 ι
2252 3803 2473 3874 Ὅρνεα,
2497 3799 2594 3853 καὶ
2632 3798 2817 3868 ἐχῖνοι,
2852 3794 2945 3847 καὶ
2978 3791 3132 3856 ἴϐεις,
3165 3786 3257 3841 καί
3282 3786 3516 3857 κόρακες
3554 3795 3687 3874 κατ-

2111 3896 2426 3969 οικήσουσιν
2473 3894 2532 3947 ἐν
2570 3891 2744 3962 αὐτῇ
2790 3888 2887 3941 καὶ
2930 3881 3352 3954 ἐπιϐληθήσεται
3396 3878 3482 3930 ἐπ’
3515 3873 3688 3969 αυτ-ην

2115 3963 2377 4062 σπαρτίον
2396 3983 2738 4057 γεωμετρίας
2766 3981 2995 4052 ἐρήμου,
3015 3976 3110 4030 καὶ
3130 3972 3509 4062 όνοκένταυροι
3535 3963 3689 4062 cit-d1-

2115 4053 2296 4137 σουσιν
2338 4053 2592 4148 ἐνναύτῇ.
2620 4053 2665 4127 ἰ
2699 4074 2777 4127 Δι’
2802 4066 2878 4126 ὧν
2907 4069 3203 4124 αἰνίττεται
3231 4061 3410 4134 ψυχὰς
3441 4053 3692 4148 ἀκαθάρο

2113 4192 2260 4239 τους,
2290 4174 2470 4227 ὁποῖαι
2491 4147 2635 4241 ἦσαν
2666 4168 2723 4220 αἱ
2764 4163 2874 4218 τῶν
2910 4161 3047 4233 μετὰ
3085 4157 3259 4213 ταῦτα
3293 4153 3355 4218 ἐξ
3378 4147 3697 4241 ἀλλοφύλων

2115 4267 2209 4323 καὶ
2224 4238 2229 4239 7
2246 4238 2549 4334 ἀλλογενῶν
2590 4259 2760 4314 ἐθνῶν
2790 4258 2885 4312 τὸν
2913 4257 3077 4309 τόπον
3101 4247 3438 4319 οίκησάντων
3478 4238 3694 4295 etme.

2116 4360 2217 4414 λατ
2225 4358 2355 4432 ρῶν.

2194 4423 2286 4505 ibi
2311 4451 2568 4522 ἄρχοντες
2594 4443 2761 4512 αὐτῆς
2792 4440 2893 4492 οὐκ
2920 4436 3154 4489 ἔσονται.
3202 4430 3267 4483 Οἱ
3308 4427 3418 4522 γάρ
3451 4423 3696 4522 ’θασιλεῖς

2117 4544 2211 4597 καὶ
2271 4542 2319 4594 οἱ
2350 4515 2697 4610 μεγιστᾶνες
2746 4530 2915 4599 αὐτῆς
2962 4525 3178 4578 ἔσονται·
3226 4522 3306 4584 είς
3353 4515 3693 4579 ἀπώλειανί

2116 4607 2389 4705 δαίμονάς-
2414 4646 2563 4691 τινας
2606 4623 2975 4692 αἰνιττόμενος
3011 4618 3139 4679 τοὺς
3171 4615 3229 4667 ἐν
3261 4613 3375 4673 τοῖς
3418 4607 3699 4678 ἀγάλμασι

2116 4719 2215 4797 τῆς
2243 4719 2684 4789 είδωλολατρείας
2708 4713 2887 4770 αὐτῶν
2914 4706 3350 4797 ἐμιρωλεύονταςζ

2195 4786 2352 4866 ιΚαὶ
2393 4786 2694 4880 ἀναφυήσει
2737 4807 2818 4868 εἰς
2852 4802 2951 4866 τὰς
2984 4799 3167 4863 πόλεις
3210 4792 3390 4851 αὐτῶν
3433 4786 3697 4880 άκάνθινσ.

2070 4940 2079 4947 υ
2120 4900 2275 4969 ξύλα,
2310 4900 2406 4954 καὶ
2428 4877 2604 4963 είςίτᾶι
2628 4894 2962 4968 ὀχυρώματα
2990 4890 3182 4961 αὐτῆς.
3211 4885 3326 4941 Καὶ
3349 4882 3502 4936 ἔσται
3534 4877 3701 4936 ἐπαύ-

2117 4993 2231 5060 λεις
2258 4993 2541 5067 σειρήνων,
2565 4991 2660 5045 καὶ
2681 4988 2820 5061 αὐλὴ
2846 4982 3141 5058 στρουθῶν.
3165 4978 3279 5036 Καὶ
3308 4974 3699 5067 συναντήσουσι

2118 5060 2369 5155 δαιμόνια
2400 5060 2817 5151 ’όνοκενταύροις
2834 5118 2849 5143 ,
2889 5077 2986 5130 καὶ
3019 5073 3305 5145 βοήσονται
3343 5067 3530 5136 ἕτερος
3562 5060 3701 5133 πρὸς

2119 5179 2211 5233 τὸν
2238 5177 2325 5231 ἐτε
2334 5194 2444 5249 ρον.
2483 5176 2630 5229 Ἐκεῖ
2651 5171 3055 5228 ἀναπαύσονται
3084 5163 3479 5231 ὀωκένταυροι,
3515 5155 3699 5249 sopiv—

2119 5274 2211 5332 τες
2244 5242 2427 5331 αὐτοῖς
2451 5265 2795 5321 ἀνάπαυσιν·
2824 5281 2843 5313 ι
2867 5259 3046 5331 δηλῶν
3073 5256 3173 5319 τὰς
3202 5253 3491 5322 ἀκάρπους
3516 5242 3699 5296 αὐτῶν

2121 5358 2484 5422 διδασκαλίας.
2529 5357 2620 5411 Διὸ
2664 5355 2759 5410 καὶ
2799 5355 2889 5407 τὸν
2929 5347 3232 5421 ἀμπελῶνα
3264 5335 3446 5392 αὐτῶν
3477 5334 3566 5388 διὰ
3591 5333 3702 5388 τῶν

2129 5450 2435 5524 ἔμπροσθεν
2444 5449 2634 5522 ἐδήλου
2647 5445 2887 5502 ἄκανθαν
2899 5440 3212 5509 ἀγηοχέναι,
3223 5430 3396 5524 λέγων
3413 5443 3427 5456 ·
3438 5445 3459 5481 t
3473 5427 3704 5524 'Ejtswa

2125 5517 2215 5598 ἵνα
2236 5517 2440 5615 ποιήσῃ
2575 5536 2870 5607 σταφυλὴν,
2892 5529 3119 5599 ἐποίησε
3135 5525 3193 5580 δὲ
3215 5520 3510 5615 ἀκάνθας.»
3542 5517 3706 5615 Ἔρη-

2128 5632 2257 5697 μίας
2285 5604 2477 5703 δὲ’τῆς
2500 5604 2737 5701 ἐσχάτης
2780 5604 2838 5679 ἐν
2863 5622 2987 5685 ταῖς
3022 5618 3224 5690 ψυχαῖς
3263 5610 3446 5668 αὐτῶν
3472 5604 3705 5681 γενομέ-
