4118 6400
410 396 519 453 337

1308 390 1815 446 COMMENTARIA
1858 389 1922 443 IN
1964 390 2219 445 ISAIAM.
2262 424 2327 431 —-
2368 390 2519 445 CAP.
2563 386 2781 444 XXXV.

3574 388 3678 447 338

413 533 537 586 νης,
577 514 672 568 καὶ
709 511 972 574 ἀκάνθαις
1015 510 1395 583 πληρωθείσης
1441 513 1618 566 αὐτῶν
1668 514 1765 583 τῆς
1804 512 2003 584 χώρας,

2114 524 2278 583 atque
2324 528 2454 584 ager
2500 514 2740 583 ipsorum
2795 512 2966 583 spinis
3011 511 3248 582 repletus
3294 513 3430 581 erit;
3481 514 3691 569 ibi~re-

415 608 645 671 εἰκότως
672 602 1051 658 ἀναπαύεσθαι
1085 605 1142 655 ἐν
1168 603 1350 666 αὐτοῖς
1379 603 1447 657 τά
1474 605 1757 675 πνεύματα
1779 605 1846 657 τὰ
1872 606 2007 659 ἀκά-

415 700 593 772 θαρτα
629 697 797 769 προλέ
805 714 908 765 γει.

492 810 511 843 r
554 790 703 843 Ἑκεῖ
750 787 1069 841 ἐνόσσευσεν
1114 788 1316 857 ἐχῖνος,
1369 788 1462 840 καὶ
1509 788 1709 842 ἔσωσεν
1750 792 1783 860 ή
1828 791 1901 859 γῆ
1940 789 2005 843 τὰ

414 881 606 934 παιδία
651 880 821 949 αὐτῆς
884 879 1021 951 μετά
1068 878 1389 949 ἀσφαλείας.
1457 881 1602 932 Ἐκεῖ
1670 885 2004 952 συνήντησαν

413 973 604 1040 ἔλαφοι
626 1011 641 1035 ,
692 971 786 1025 καὶ
822 966 961 1023 εἶδον
1014 970 1084 1025 τὰ
1129 971 1397 1041 πρόσωπα
1420 970 1683 1043 ἀλλήλων.
1722 992 1739 1022 ι
1771 971 2005 1040 Ἔλαφον

414 1063 655 1134 καθαρὸν
683 1059 823 1126 ζῶον
854 1056 994 1114 οἶδεν
1019 1065 1051 1132 ἡ
1082 1061 1202 1116 θεία
1227 1062 1440 1134 Γραφὴ,
1473 1066 1565 1116 καὶ
1592 1061 1761 1116 πολλὰ
1792 1063 2006 1135 χρηστά

413 1154 547 1226 περὶ
593 1154 807 1223 ἐλάφων
884 1152 1140 1217 διδάσκει,
1176 1153 1252 1217 ὡς
1298 1156 1425 1207 ὅταν
1469 1154 1641 1227 λέγῃ·
1689 1174 1708 1206 ι
1738 1158 1835 1207 Ὃν
1878 1156 2003 1227 τρό-

415 1263 519 1300 πον
558 1244 814 1299 ἐπιποθεῖ
842 1247 874 1316 ἠ
905 1244 1099 1314 ἔλαφος
1124 1263 1170 1296 ο»
1204 1248 1301 1299 καὶ⁹
1329 1246 1487 1300 πάλιν
1514 1264 1526 1276 ·
1564 1266 1580 1298 ι
1606 1229 1764 1317 Φωνῆ
1800 1247 2003 1321 Κυρίου

416 1338 860 1410 καταρτιζομένη
897 1338 1161 1407 ἐλάφους’
1190 1358 1208 1391 ι
1247 1339 1341 1392 καὶ
1378 1336 1533 1404 αὖθις
1558 1359 1570 1371 ·
1603 1362 1619 1390 ι
1650 1340 1886 1408 Ἔλαφος
1918 1357 2005 1408 φι-

415 1432 535 1496 λίας
560 1432 655 1484 καὶ
687 1431 866 1492 πῶλος
896 1431 1002 1482 σῶν
1037 1430 1273 1500 χαρίτων
1305 1432 1559 1501 ὁμιλείτω
1600 1448 1720 1485 σοι’
1755 1452 1772 1483 ι
1824 1433 1916 1485 καὶ
1947 1434 2004 1484 ἐν

414 1524 493 1594 τῷ
535 1524 653 1578 ’1ώὸ
676 1543 689 1555 °
739 1545 758 1577 ι
795 1527 1096 1594 Ἐφύλαξας
1136 1528 1191 1580 δὲ
1232 1529 1405 1598 μῆνας
1439 1527 1685 1595 ἐλάφων,
1724 1526 1916 1589 ὠδῖνας
1946 1526 2002 1579 δὲ

413 1616 594 1670 αὐτῶν
627 1616 1025 1682 ἐξαποστελείς.
1051 1640 1068 1669 ι
1095 1620 1201 1673 Καὶ
1235 1620 1392 1681 αὐτὸς
1426 1618 1483 1670 δὲ
1525 1620 1553 1671 ὁ
1578 1618 1678 1687 τῆς
1716 1619 2001 1689 νύμφης,ό

415 1711 476 1761 ἐν
510 1708 589 1779 τῷ
638 1709 879 1779 ’ᾼσματι
926 1711 1033 1763 τῶν
1085 1711 1366 1781 ᾀσμάτων,
1411 1714 1439 1764 ὁ
1492 1710 1825 1779 ἀδελφιδοῦς,
1879 1710 2002 1764 ἐλά-

414 1814 502 1867 φῳ
536 1797 973 1868 παραϐέϐληται·
1008 1818 1026 1849 ι
1056 1800 1276 1869 Ὅμοιός
1313 1803 1428 1853 ἐστι
1471 1800 1687 1871 δορκάδι
1739 1800 1771 1871 ἦ
1827 1798 2003 1870 νεϐρῷ

2109 605 2289 673 quiem
2322 604 2600 661 habituros
2634 605 2878 675 impurus
2912 605 3186 660 daemonas
3214 606 3335 676 jure
3368 606 3632 677 praedicit.

2186 784 2352 839 Vens.
2405 784 2495 840 £5.
2554 785 2674 840 tibi
2724 786 3020 841 uidiﬁcavit
3060 786 3290 851 ericius.
3348 797 3409 841 et
3450 789 3686 843 servavit

2110 885 2255 930 terra
2308 876 2483 945 pullos
2519 875 2636 945 ejus
2682 892 2804 931 cum
2850 879 3162 933 securitate.
3213 879 3291 934 lbi
3327 879 3685 935 obviaverunt

2107 969 2275 1027 cervi.
2315 978 2370 1023 et
2406 969 2659 1023 viderunt
2698 968 2865 1024 facies
2889 986 3015 1025 suas
3050 981 3254 1026 mutuo.
3288 989 3306 1023 ι
3336 969 3568 1026 Cervum
3604 973 3686 1026 iu-

2108 1068 2191 1114 ter
2218 1060 2471 1114 animalia
2504 1060 2702 1114 munda
2734 1063 2979 1131 agnoscit
3008 1062 3289 1131 Scriptura
3316 1064 3520 1127 divina,
3549 1062 3686 1117 mul-

2110 1159 2270 1217 taque
2296 1151 2364 1205 de
2406 1151 2499 1205 illo
2538 1151 2592 1205 in
2622 1152 2816 1207 bonam
2842 1162 3050 1221 partem
3080 1151 3268 1217 effert,
3315 1164 3373 1207 ut
3414 1170 3536 1209 cum
3561 1156 3679 1211 ait:

2112 1240 2610 1306 «Quemadmodum
2640 1242 2914 1296 desiderat
2958 1258 3152 1299 cervus
3169 1246 3252 1310 ";
3282 1263 3302 1297 ι
3350 1260 3413 1299 ac
3450 1246 3686 1300 iterum:

2113 1352 2131 1383 ο
2163 1331 2281 1387 Vox
2324 1333 2537 1387 Domini
2594 1349 2907 1403 praeparans
2959 1352 3151 1392 cervos
3172 1339 3219 1370 ⁵⁸
3246 1354 3260 1402 ;
3292 1356 3312 1390 ι
3351 1347 3408 1393 et
3455 1354 3693 1405 rursus‘a.

2112 1443 2129 1476 ι
2157 1424 2365 1493 Cervus
2386 1426 2665 1487 amicitiae.
2697 1436 2750 1479 et
2778 1427 2955 1497 pullus
2982 1430 3277 1498 gratiarum
3313 1440 3548 1498 tuarum,
3576 1430 3681 1485 col-

2107 1517 2361 1587 loquatur
2394 1528 2570 1572 tecum
2592 1519 2674 1583 5‘;
2706 1538 2724 1570 ι
2777 1528 2833 1573 et
2872 1520 2923 1573 in
2968 1520 3108 1575 libro
3137 1520 3237 1577 Job
3267 1541 3282 1576 :
3322 1540 3340 1574 ί
3369 1521 3683 1578 Observasti

2106 1620 2288 1663 autem
2336 1625 2550 1664 menses
2598 1625 2928 1673 cervorum,
2973 1622 3030 1666 et
3070 1612 3285 1668 dolores
3328 1623 3515 1682 partus
3555 1614 3686 1682 ipsis

2108 1704 2369 1758 immittes
2390 1704 2469 1756 ⁵⁸.
2502 1722 2519 1755 ι
2561 1701 2678 1772 Ipse
2702 1716 3163 1773 quoquesponsa:
3197 1704 3432 1759 dilectus
3463 1705 3514 1758 in
3544 1706 3685 1760 Can-

2108 1797 2214 1851 tico
2262 1795 2598 1850 canticorum
2650 1808 2812 1850 cervo
2854 1804 3207 1864 comparatur
3241 1814 3253 1849 :
3311 1813 3332 1847 c
3357 1796 3563 1851 Similis
3604 1806 3690 1850 est

413 1889 665 1959 ἐλάφων,
704 1890 797 1943 ἐπὶ
835 1891 905 1944 τά
941 1892 1041 1964 ὅρη
1102 1892 1431 1965 ἀρωμάτων.
1459 1911 1477 1943 ι
1520 1894 1647 1945 Ὅτε
1691 1893 1869 1946 τοίνυν
1907 1894 2003 1946 καὶ

2108 1900 2320 1955 caprea:
2359 1894 2415 1939 et
2474 1884 2702 1941 hinnulo
2746 1901 3058 1951 cervorum,
3106 1901 3269 1953 super
3312 1899 3525 1943 montes
3565 1904 3692 1942 aro-

412 1982 577 2047 αὐτὸς
621 1985 649 2037 ὁ
695 1984 932 2055 νυμφίος
980 1986 1163 2056 ἐλάφῳ
1211 1984 1650 2057 παραϐάλλεται,
1693 1985 1846 2047 τίνας
1874 1983 1917 2036 δ’
1943 1984 2008 2037 ἂν

414 2075 588 2140 εἴποις
619 2074 855 2130 ἐνταῦθα
879 2076 1112 2146 ἐλάφους
1145 2078 1177 2148 ἢ
1222 2078 1347 2141 τοὺς
1391 2078 1636 2148 μαθητὰς
1666 2078 1757 2129 καὶ
1778 2078 2009 2130 ἀποστό-

413 2165 537 2229 λους
554 2167 736 2231 ;Ἔστι
757 2165 813 2219 δὲ
832 2168 925 2220 καὶ
936 2168 1247 2239 όφιοκτόνον
1260 2167 1320 2219 τὸ
1341 2166 1497 2231 ζῶον.
1513 2168 1763 2221 Διδάσκει
1784 2165 1960 2218 τοίνυν
1980 2168 2008 2219 ὁ

417 2259 605 2329 παρὼν
624 2258 800 2328 λόγος,
820 2259 897 2321 ὡς
916 2261 1023 2314 ἀπὸ
1047 2262 1146 2331 τῆς
1171 2261 1406 2332 ἐρημίας
1421 2260 1514 2313 τοῦ
1532 2259 1797 2313 Ἰουδαίων
1823 2258 2007 2322 ἔθνους

421 2347 607 2416 ἔλαφοί
622 2366 761 2413 τινες
781 2349 1078 2422 παρῆλθον,
1107 2352 1157 2405 οἱ
1184 2352 1421 2422 μαθηταὶ
1437 2350 1532 2403 τοῦ
1551 2351 1799 2422 Σωτῆρος
1826 2350 2004 2420 ἡμῶν·

428 2458 447 2488 ι
473 2440 619 2493 Ἐκεῖ
664 2441 789 2512 γὰρ,
844 2442 1012 2511 φησὶ,
1053 2444 1392 2514 συνήντησαν
1440 2442 1625 2512 ἔλαφοι
1649 2483 1663 2505 ,
1716 2443 1808 2495 καὶ
1868 2437 2006 2494 εἶδον

416 2530 487 2583 τά
538 2532 802 2602 πρόσωπα
854 2534 1163 2604 ἀλλήλων.»
1228 2533 1560 2605 Ἐγνώρισαν
1599 2534 1706 2605 γάρ
1755 2534 2003 2599 ἑαυτοὺς,

413 2624 512 2677 καὶ
548 2625 646 2693 τῆς
677 2626 855 2696 ψυχῆς
882 2626 1064 2679 αὐτῶν
1096 2629 1222 2690 τοὺς
1248 2629 1367 2680 κατ’
1400 2628 1583 2680 εἰκόνα
1607 2625 1743 2679 Θεοῦ
1773 2626 2003 2696 γενομέ-

410 2730 539 2777 νους
566 2718 920 2788 χαρακτῆρας
943 2718 1279 2787 ἐπέγνωσαν.
1310 2718 1530 2789 Ἐπειδὴ
1564 2718 1621 2771 δὲ
1649 2718 1710 2770 οὐ
1741 2716 2005 2787 παρέμει-

409 2824 509 2861 ναν
555 2809 613 2864 ἐν
657 2810 754 2879 μιᾷ
796 2810 968 2863 πόλει·
1004 2811 1293 2882 διέδραμον
1325 2812 1382 2864 δὲ
1412 2810 1571 2873 ἄλλος
1602 2810 1838 2880 ἀλλαχοῦ
1866 2809 2004 2881 πλη-

409 2896 634 2969 ροῦντες
661 2899 722 2952 τὸ
754 2900 1088 2969 Εὐαγγέλιον
1105 2920 1117 2933 ·
1149 2902 1340 2955 τούτου
1367 2902 1524 2973 χάριν
1550 2903 1800 2974 εἴρηται·

489 3182 508 3214 ε
551 3164 746 3237 Ἑτέρα
779 3168 878 3239 τὴν
901 3169 1095 3241 ἑτέραν
1138 3172 1238 3223 οὐκ
1287 3169 1582 3241 ἐζήτησαν,
1625 3172 1706 3223 ὃτι
1802 3170 2005 3241 Κύριος

414 3254 597 3319 αὐτοῖς
639 3257 978 3321 ἐνετείλατο,
1023 3261 1115 3313 καὶ
1157 3260 1217 3312 τὸ
1250 3259 1469 3331 Πνεῦμα
1500 3262 1662 3314 αὐτοῦ
1699 3262 2002 3329 συνήγαγεν

417 3345 604 3410 αὐτάς.
633 3368 651 3399 ι
693 3350 750 3402 Ὀ
777 3350 885 3422 γὰρ
910 3350 1080 3404 εἰπὼν
1103 3352 1286 3417 αὐτοῖς
1313 3395 1327 3418 ,
1369 3373 1385 3403 ι
1407 3353 1798 3425 Ινῐαθητεύσατε
1826 3354 2004 3409 πάντα

420 3434 482 3489 τά
510 3437 638 3508 ἔθνη
692 3440 749 3492 ἐν
798 3439 877 3510 τῷ
927 3442 1153 3512 ὀνόματί
1187 3461 1311 3513 μου,
1354 3464 1370 3495 ι
1399 3445 1559 3507 αὐτὸς
1586 3444 1886 3497 ἐνετείλατο
1929 3442 2003 3513 μὴ

414 3529 555 3582 κατά
590 3529 649 3581 τὸ
682 3531 814 3582 αὐτὸ
862 3534 1227 3588 ποιεῖσθαιτὰ
1253 3536 1355 3606 τῆς
1390 3536 1700 3601 συστάσεως
1730 3536 1838 3589 τῶν
1879 3537 2003 3590 Ἐκ·-

414 3618 656 3690 κλησιῶν
687 3622 885 3677 αὐτῶν.

490 3729 507 3758 ι
532 3710 641 3763 Καὶ
668 3713 828 3776 αὐτὸς
870 3713 1121 3768 ἐπιϐαλεῖ
1162 3717 1346 3780 αὐτοῖς
1388 3717 1642 3788 κλήρους,
1680 3718 1773 3770 καὶ
1820 3719 1852 3788 ή
1884 3721 2005 3793 χεὶρ

411 3800 580 3854 αὐτοῦ
628 3803 905 3876 διεμέρισε
954 3808 1267 3878 βόσκεσθαι.
1319 3813 1415 3876 El;
1459 3812 1551 3866 τὸν
1596 3814 1768 3867 αἰῶνα
1810 3815 2003 3885 χρόνον

412 3891 877 3967 κληρονομήσετε,
908 3902 989 3963 είς
1027 3902 1223 3969 γενεὰς
1248 3903 1452 3972 γενεῶν
1479 3904 1883 3961 ἀναπαύσονται
1917 3909 2002 3961 ἐπ’

410 3981 602 4052 αὐτῆς.
630 4002 648 4034 ι
696 3987 905 4039 Οὐκοῦν
949 3992 1044 4043 καὶ
1067 3992 1237 4064 νομὴν
1276 3994 1459 4058 αὐτοῖς
1493 3996 1585 4048 καὶ
1620 3996 1821 4067 βοσκὴν
1863 4017 2003 4072 παρ-

412 4074 582 4141 εῖχεν,
634 4074 825 4147 ὥσπερ
858 4080 952 4130 καὶ¹
1016 4078 1250 4151 κλήρους
1298 4085 1378 4147 εἰς
1430 4084 1621 4153 γενεὰς
1662 4088 1884 4153 γενεῶν,
1923 4091 2003 4153 εἰς

410 4161 475 4216 τὸ
499 4165 873 4222 ἀναπαύεσθαι
913 4171 1110 4236 αὐτοὺς
1136 4174 1214 4238 είς
1258 4177 1385 4240 τοὺς
1405 4176 1587 4231 αὐτῶν
1627 4177 1876 4251 κλήρους,
1906 4182 2001 4253 δη-

409 4253 545 4328 λαδὴ
583 4260 695 4322 τοῖς
725 4258 903 4313 ἔθνεσι
938 4265 1049 4326 τοῖς
1071 4265 1540 4337 ἀποκληρωθεῖσιν
1568 4270 1772 4333 αὐτοῖς,
1822 4272 1878 4324 ἐν
1921 4268 2003 4336 οἷς

409 4349 491 4411 είς
512 4349 706 4417 γενεὰς
732 4352 933 4419 γενεῶν
966 4356 999 4423 ή
1032 4355 1223 4427 μνήμη
1253 4355 1433 4409 αὐτῶν
1464 4358 1521 4410 ἐν
1551 4360 1671 4422 ταῖς
1692 4359 1796 4425 ,ὐπ’
1824 4359 2001 4413 αὐτῶν

409 4440 738 4510 ἱδρυθείσαις
783 4443 1129 4514 Ἑκκλησίαις
1160 4446 1615 4519 ἀναζωπυρεῖται.

930 4539 1326 4593 ΚΕΦΑΛΑΙΟΝ
1361 4542 1404 4594 Λ
1412 4542 1485 4594 Ε’.

486 4643 504 4676 ι
536 4626 908 4700 Εὐφράνθητι,
943 4628 1149 4701 ἔρημος
1194 4632 1433 4702 διψῶσαν
1476 4636 1824 4704 ἀγαλλιάσθω
1872 4638 2000 4710 ἕρη-

410 4734 546 4787 μος,
582 4722 676 4773 καὶ
710 4722 940 4776 ἀνθείτω
986 4724 1063 4787 ὡς
1111 4726 1315 4795 κρίνον.
1348 4747 1365 4778 ι
1418 4727 1516 4799 Εἴη
1560 4731 1737 4783 τοίνυν
1777 4730 1916 4803 αὐτη
1963 4735 1996 4803 ἡ

407 4810 615 4882 ἔρημος
664 4814 814 4886 παρὰ
846 4815 942 4886 τὴν
986 4815 1377 4886 προλεχθεῖσαν
1412 4819 1570 4885 Σιὼν,
1613 4824 1671 4875 ἐν
1766 4823 1995 4893 ἐχίνους,

409 4911 503 4959 καὶ
542 4906 698 4973 ἴϐεις,
746 4907 839 4959 καὶ
879 4907 1142 4977 κόρακας.
1173 4908 1427 4977 δαιμόνιά
1458 4928 1515 4963 τε
1550 4913 1644 4965 καὶ
1681 4912 2000 4966 όνοκενταύ-

409 5012 537 5067 ρους
570 4998 812 5069 οίκήσειν
862 4999 1099 5066 ἐλέγετο,
1155 4999 1357 5070 πίσσης
1405 5018 1465 5052 τε
1510 5003 1677 5071 αὐτῆς
1720 5004 1813 5056 καὶ
1847 5002 1991 5056 θείου

409 5085 865 5159 πληρωθήσεσθαι
896 5090 995 5152 τὰς
1029 5089 1338 5159 φάραγγας.
1378 5089 1593 5146 Τούτων
1632 5093 1687 5146 δὲ
1730 5094 1859 5166 περὶ
1893 5095 1992 5164 τῆς

407 5178 544 5231 Σιὼν
587 5181 679 5233 καὶ
717 5182 845 5252 περὶ
885 5182 984 5250 τῆς
1025 5180 1380 5255 Ἰερουσαλὴμ
1412 5184 1737 5255 εἰρημένων,
1776 5186 1895 5256 ὥρα
1924 5184 1993 5237 τά

408 5269 747 5339 προκείμενα
790 5272 916 5342 περὶ
960 5273 1153 5343 ἐτέρας
1193 5273 1402 5343 ἐρήμου
1431 5273 1682 5341 λέγεσθαι
1712 5278 1872 5329 νοεῖν.
1904 5277 1993 5328 Δι-

404 5360 567 5430 ψῶσα
606 5361 716 5431 γὰρ
755 5357 824 5433 ἦν
871 5363 1011 5433 αὕτη
1041 5365 1306 5437 πρότερον
1336 5367 1368 5436 ἡ
1397 5365 1621 5437 ἕρημος,
1652 5366 1995 5438 ἐστερημένη

407 5452 650 5521 νάματος
686 5453 937 5522 οὐρανίου
958 5471 970 5484 ’
1006 5455 1141 5509 ἀλλά
1170 5456 1379 5529 χαίρειν
1408 5458 1545 5528 αὐτῇ
1585 5459 1679 5510 xa‘t
1704 5457 1993 5530 εὐφραίνε-

410 5543 533 5598 σθαι
566 5548 594 5597 ὁ
626 5544 783 5613 λόγος
822 5547 1146 5614 προστάττει
1171 5549 1259 5601 διὰ
1280 5549 1357 5607 ,τὰ
1386 5550 1673 5619 λεγόμενα,
1705 5550 1785 5603 ἔτι
1814 5550 1870 5603 δὲ
1902 5551 1995 5603 καὶ

408 5636 589 5689 ἀνθεῖν
635 5637 712 5700 ὡς
762 5638 981 5708 κρίνον·
1032 5638 1173 5693 ὥστε
1223 5641 1428 5711 λέγειν·
1471 5640 1747 5712 ιΧριστοῦ
1798 5640 1994 5694 εὐωδία

484 5820 527 5852 ἰθ
558 5820 699 5876 Psal.
732 5836 840 5887 xu,
878 5822 926 5875 l.

1002 5824 1047 5856 ”
1076 5823 1213 5879 Psal.
1262 5839 1455 5894 xxvnl,
1484 5828 1533 5881 9.
1614 5829 1654 5858 ³¹
1688 5827 1843 5883 Prov.
1871 5843 1920 5893 ν,
1960 5828 2042 5882 19.
2119 5828 2163 5859 ³²
2188 5824 2307 5881 Job.
2337 5840 2525 5891 xxmx,
2570 5824 2616 5880 Ι.

2110 1986 2314 2031 malum
2346 1977 2413 2032 ⁸³.
2439 1996 2457 2028 ι
2494 1976 2627 2032 Cum
2662 1978 2844 2046 itaque
2872 1993 3101 2047 sponsus
3127 1994 3291 2034 cervo
3319 1992 3688 2049 comparetur,

2108 2083 2245 2137 quos
2272 2069 2364 2123 hic
2393 2084 2583 2124 cervos
2619 2073 2906 2125 memorari
2942 2072 3116 2136 dicas,
3163 2073 3264 2127 nisi
3308 2071 3604 2141 discipulos
3633 2081 3691 2127 et

2108 2160 2421 2229 apostolos?
2450 2159 2547 2217 Est
2582 2171 2762 2215 autem
2796 2162 2997 2215 animal
3033 2162 3170 2217 illud
3196 2164 3541 2232 serpentibus
3569 2165 3690 2218 exi-

2112 2252 2331 2309 tiosum.
2378 2251 2477 2307 llic
2514 2268 2646 2321 ergo
2687 2254 2932 2316 docetur,
2966 2270 3030 2307 cx
3060 2253 3368 2309 Judmorum
3397 2255 3689 2310 solitudine

2106 2355 2299 2395 cervos
2331 2341 2599 2411 prodiisse
2640 2344 2922 2411 quosdam,
2949 2343 3202 2398 videlicet
3237 2344 3531 2413 discipulos
3556 2345 3687 2399 Ser-

2108 2433 2315 2487 vatoris
2346 2434 2518 2487 nostri
2552 2452 2566 2488 :
2620 2451 2639 2484 ‹
2667 2431 2743 2487 lbi
2775 2434 2941 2498 enitn,
2989 2435 3087 2499 ait,
3132 2437 3492 2491 obviaveruut
3516 2436 3687 2498 cervi,

2106 2533 2162 2578 et
2191 2524 2443 2578 viderunt
2472 2524 2646 2580 facies
2680 2540 2807 2580 suas
2843 2536 3054 2581 mutuo.
3077 2545 3096 2579 ι
3149 2525 3281 2580 Sese
3312 2542 3542 2594 namque
3573 2541 3691 2579 mu-

2110 2624 2203 2671 tuo
2253 2626 2633 2686 agnoverunt,
2676 2619 2982 2688 animaeque
3021 2620 3087 2672 ad
3140 2619 3548 2673 similitudinem
3597 2619 3687 2672 Dei

2108 2708 2407 2764 adornatos
2455 2708 2805 2766 characteres
2850 2712 2904 2765 in
2949 2725 3010 2764 se
3048 2710 3277 2765 invicem
3313 2710 3687 2778 deprehende-

2110 2808 2257 2857 runt.
2316 2800 2582 2867 Quoniam
2635 2818 2768 2857 vero
2833 2818 2938 2857 non
3002 2802 3059 2857 in
3116 2818 3222 2857 una
3274 2802 3574 2871 eademque
3612 2802 3692 2856 ci-

2109 2892 2272 2945 vitate
2331 2902 2688 2956 manserunt,
2762 2894 2857 2949 sed
2930 2894 3074 2949 ultro
3148 2894 3397 2962 citroque
3461 2892 3683 2962 singuli,

2109 2984 2385 3055 Evangelii
2445 3002 2641 3042 tnunus
2716 2989 3041 3059 implentes,
3105 2988 3530 3043 discurrebant:
3570 2987 3690 3042 ideo

2106 3077 2305 3131 dicitur
2330 3092 2345 3131 :

2181 3166 2344 3223 Vens.
2383 3169 2469 3222 16.
2512 3187 2531 3219 ι
2552 3168 2700 3222 Alter
2732 3170 2962 3224 alterum
2997 3186 3101 3224 non
3137 3171 3404 3239 quaesivit,
3431 3170 3559 3239 quia
3586 3170 3691 3225 Do-

2030 3242 2072 3298 c
2108 3258 2289 3311 minus
2332 3258 2436 3312 illis
2489 3260 2770 3326 pramepit.
2815 3269 2867 3311 et
2904 3260 3139 3328 Spiritus
3187 3260 3303 3327 ejus
3340 3260 3692 3331 congregavit

2105 3363 2221 3404 eos.
2256 3366 2276 3401 ι
2333 3349 2547 3404 Etenim
2608 3350 2698 3418 qui
2745 3351 2956 3405 dixerat
3010 3352 3158 3416 illis,
3215 3353 3457 3407 «Docete
3501 3366 3690 3406 omnes

2104 3448 2290 3505 gentes
2351 3440 2403 3495 iu
2463 3441 2682 3495 nomine
2738 3456 2937 3505 meo;i
2989 3444 3130 3497 idem
3189 3443 3302 3512 ipse
3351 3445 3563 3509 vetuit,
3616 3458 3685 3497 ne

2108 3528 2161 3581 in
2224 3544 2331 3582 uno
2397 3530 2700 3598 eodemque
2764 3530 2883 3585 loco
2946 3530 3220 3587 Ecclesias
3286 3549 3417 3589 suas
3485 3533 3691 3588 consti-

2107 3628 2341 3674 luerent.

2177 3710 2339 3765 Vens.
2370 3712 2485 3765 17.1
2515 3711 3069 3780 Etipseimmitteteis
3085 3724 3557 3777 sortes,etmanus
3571 3712 3689 3780 ejus

2105 3802 2309 3867 divisit,
2327 3814 2385 3857 ut
2400 3812 2716 3873 pascantur.
2737 3804 2793 3857 In
2810 3812 3071 3859 aeternum
3093 3815 3302 3874 tempus
3316 3806 3688 3861 lm-reditatem

2104 3894 2430 3961 sortiemini,
2447 3896 2496 3949 in
2514 3896 2890 3965 generationes
2908 3896 3320 3965 generationum
3342 3896 3687 3966 requiescant

2105 3987 2157 4040 in
2199 4002 2281 4041 ea.
2314 4006 2332 4037 ι
2383 3988 2643 4043 Pabulmn
2694 4002 2824 4057 ergo
2860 3989 2989 4057 ipsis
3029 3998 3085 4043 et
3130 4004 3326 4059 pascua
3370 3988 3686 4058 suppedita-

2105 4080 2201 4146 vit,
2238 4081 2474 4150 itemque
2507 4090 2682 4136 sortes
2728 4082 2780 4136 iu
2816 4082 3197 4151 generationes
3235 4082 3683 4149 generationum;

2104 4180 2162 4224 ut
2202 4172 2396 4241 singuli
2437 4172 2490 4226 in
2534 4172 2773 4229 sortibus
2813 4174 2927 4230 suis
2970 4174 3402 4243 requiescerent,
3437 4172 3688 4227 videlicet

2106 4264 2157 4318 in
2192 4265 2447 4334 gentibus
2480 4266 2586 4320 sibi
2629 4278 2777 4321 sorte
2822 4266 3113 4338 assignatis
3146 4285 3159 4320 :
3196 4266 3308 4330 ubi,
3348 4267 3601 4319 nimirum
3634 4266 3684 4317 in

2104 4355 2172 4409 iis
2219 4370 2355 4423 quas
2386 4356 2747 4412 funtlaverunt
2778 4358 3057 4421 Ecclesiis,
3098 4361 3361 4411 memoria
3398 4374 3585 4411 eorum
3632 4357 3684 4410 in

2102 4447 2482 4517 generationes
2510 4450 2916 4517 generationum
2952 4460 3204 4504 servatur
3235 4460 3291 4503 et
3321 4450 3485 4519 viget.

2662 4539 2889 4595 CAPUT
2917 4540 3131 4595 XXXV.

2176 4632 2338 4687 Vsus.
2370 4630 2421 4682 l.
2446 4648 2463 4680 α
2490 4628 2719 4694 Lretare,
2751 4630 3026 4684 desertum
3053 4630 3245 4684 sitiens
3279 4646 3292 4682 :
3331 4629 3567 4684 exsultet
3593 4644 3685 4685 so-

2098 4724 2300 4789 litudo,
2353 4731 2409 4777 et
2460 4722 2656 4777 ﬂoreat
2701 4723 2845 4778 sicut
2880 4723 3118 4777 lilium.’
3164 4721 3290 4777 Haec
3332 4723 3495 4793 igitur
3546 4721 3688 4776 soli-

2102 4812 2252 4882 tudo,
2300 4818 2406 4871 alia
2454 4817 2617 4871 fuerit
2647 4832 2675 4869 a
2724 4820 2875 4883 prius
2907 4826 3211 4871 memorata
3258 4814 3451 4879 Sione,
3494 4815 3688 4883 inqua

2098 4910 2328 4975 ericius,
2376 4909 2521 4973 ibes,
2579 4924 2805 4974 corvos,
2854 4910 3133 4962 daemonas
3180 4915 3237 4960 et
3288 4914 3685 4959 euocent-aures

2084 5004 2445 5056 ‘ltabitaturos
2478 5018 2618 5067 esse,
2676 5018 2736 5055 ac
2776 5001 2930 5068 cujus
2956 5001 3124 5054 valles
3176 5000 3294 5067 pice
3337 5010 3392 5051 et
3423 4997 3687 5062 sulphure

2105 5096 2365 5164 repletum
2413 5096 2502 5158 iri,
2550 5095 2857 5148 dicebatur.
2907 5092 3038 5146 Cum
3073 5107 3205 5163 ergo
3261 5091 3386 5144 talia
3428 5089 3494 5142 de
3520 5087 3687 5141 Sione

2102 5196 2157 5240 ct
2213 5185 2281 5240 de
2316 5185 2651 5257 Jerosolyuta
2702 5184 3073 5255 proferantur,
3123 5191 3295 5238 restat
3332 5188 3390 5236 ut
3431 5193 3517 5242 ca,
3563 5192 3685 5246 qua:

2097 5278 2209 5348 jatu
2244 5288 2570 5343 tractantur,
2614 5280 2679 5332 de
2724 5278 2829 5331 alia
2871 5277 3166 5332 solitudine
3206 5270 3549 5344 pronuntiari
3602 5270 3685 5322 in-

2106 5372 2437 5436 telligamus.
2496 5371 2707 5425 Etenim
2738 5386 2865 5425 vere
2917 5369 3191 5424 sitibunda
3235 5366 3362 5419 olim
3415 5372 3533 5416 erat
3589 5360 3716 5415 illa"

2105 5462 2366 5522 solitudo.
2422 5461 2640 5515 ﬂuctuis
2697 5459 3012 5515 cwlestibus
3055 5458 3245 5511 orbata
3284 5473 3297 5509 :
3345 5466 3531 5505 verum
3567 5466 3683 5506 tue-

2107 5548 2330 5601 moratis
2356 5548 2420 5601 de
2456 5549 2635 5603 causis
2670 5547 2839 5601 laetari
2872 5556 2928 5601 et
2969 5544 3263 5605 exsultare,
3300 5542 3541 5608 itemque
3578 5540 3687 5595 sic—

2105 5650 2163 5694 ut
2213 5639 2379 5695 liliutn
2427 5639 2623 5695 ﬂorere
2668 5639 2927 5710 jubctur;
2975 5637 3048 5690 ita
3093 5643 3151 5689 ut
3201 5635 3346 5688 dicat
3376 5653 3390 5691 ;
3424 5653 3442 5687 ι
3480 5634 3682 5690 Christi

2695 5824 2739 5854 ³³
2771 5821 2928 5875 Cant.
2984 5832 3045 5885 tt,
3076 5815 3129 5871 9.
