4118 6402
421 419 527 483 531

1308 415 1818 472 COMMENTARIA
1861 416 1922 470 LV
1967 417 2216 472 ISAIAM.
2262 449 2329 458 —
2366 419 2520 475 CAP.
2565 416 2781 474 XXXV.

3577 415 3686 471 5-92

424 550 584 609 μενοι
615 532 715 596 τὰς
745 533 930 602 βάσεις
959 531 1056 600 τῆς
1091 530 1268 600 ψυχῆς
1312 531 1655 601 ἀνεπήδησαν
1690 530 1902 598 ἐλάᾳων
1934 531 1988 583 δίε

2113 547 2339 600 quorum
2375 533 2570 588 anian
2611 546 2830 602 gressus
2876 529 3096 584 resoluti
3140 543 3205 583 ac
3247 525 3458 583 remissi
3508 543 3684 593 erant,

425 644 550 694 κην,
590 629 703 688 τοῖς
732 623 912 677 αὐτῶν
938 623 1351 694 ἐξομοιωθέντες
1389 622 1752 686 διδασκάλοις·
1794 623 1887 690 οὓς
1919 642 2005 694 μι-

424 717 558 788 κροῦ
588 716 824 784 πρόσθεν
871 715 1104 783 ἐλάφους
1136 714 1418 784 ὠνόμασεν
1450 718 1481 785 ἡ
1529 717 1850 786 προφητεία.
1897 719 2006 770 Καὶ

420 812 457 879 ᾐ
501 809 610 862 τῶν
655 808 960 878 μογιλάλων
986 807 1226 875 γλῶσσα,
1269 809 1334 876 ἢν
1371 807 1658 876 συνέδησεν
1701 810 1730 860 ὁ
1760 809 2004 872 Σατανᾶς

422 902 561 970 πρὸς
588 901 650 953 τὸ
684 901 759 972 μὴ
793 899 1060 967 θεολογεῖν
1093 899 1185 952 τὸν
1224 900 1394 970 ἀληθῆ
1429 898 1582 958 Θεὸν,
1628 899 1801 970 τρανὰ
1837 900 2002 969 φθέγ-

419 991 614 1061 γεσθαι
645 992 739 1044 καὶ
774 991 1157 1061 διηρθρωμένα
1201 989 1540 1060 μεμάθηκεν.
1573 989 1910 1057 Μογιλάλους
1947 991 2004 1042 δέ

413 1085 522 1136 οὐκ
554 1083 622 1137 ἂν
653 1085 922 1154 ἁμάρτοις
960 1082 1130 1135 εἰπὼν
1163 1083 1290 1146 τοὺς
1322 1083 1474 1153 παρὰ
1523 1085 1634 1145 τοῖς
1679 1086 1861 1151 σοφοῖς
1910 1084 2001 1136 τοῦ

412 1176 616 1245 αἰῶνος
661 1175 879 1238 τούτου,
937 1175 1095 1245 μόγις
1141 1175 1272 1227 ποτέ
1315 1174 1690 1245 τολμήσαντας
1741 1173 1900 1244 ὀρθόν
1952 1193 2002 1227 τι

419 1269 685 1340 φρονῆσαι
721 1267 816 1333 καὶ
842 1268 1016 1319 εἰπεῖν
1047 1269 1174 1336 περὶ
1205 1263 1361 1320 Θεοῦ.

493 1379 513 1410 ι
542 1360 666 1411 Ὀτι
696 1359 906 1430 ἐρράγη
940 1359 998 1410 ἐν
1026 1359 1093 1431 τῇ
1135 1359 1326 1428 ἐρήμῳ
1367 1355 1539 1428 ὕδωρ,
1581 1357 1674 1422 καὶ
1705 1355 1920 1426 φάραγξ
1947 1358 2002 1409 ἐν

414 1452 486 1519 γῇ
513 1447 742 1520 διψώσῃ.
773 1432 1069 1501 Καὶέσται
1100 1450 1132 1518 ἡ
1163 1449 1388 1518 ἄνυδρος
1423 1449 1500 1511 εἰς
1534 1448 1650 1517 ἕλη,
1687 1448 1779 1500 καὶ
1803 1450 1882 1512 είς
1905 1452 2001 1519 τὴν

410 1539 656 1609 διψῶσαν
703 1541 808 1612 γῆν
858 1542 1008 1612 πηγὴ
1058 1541 1246 1609 ὕδατος
1291 1539 1465 1594 ἔσται.
1519 1541 1664 1592 Ἐκεῖ
1696 1541 2000 1612 εὐφροσύνη

411 1630 636 1701 ὀρνέων,
689 1631 948 1701 ἐπαύλεις
997 1631 1244 1702 καλάμου
1295 1632 1389 1685 καὶ
1434 1630 1552 1701 ἐλη.
1580 1651 1598 1682 ι
1651 1630 1723 1684 Τὸ
1769 1634 1870 1701 μὲν
1908 1628 2000 1684 οἷν

411 1721 591 1793 ὓδωρ,
626 1724 762 1786 αὐτὸ
792 1720 860 1796 ἦν
892 1724 1066 1778 ἐκεῖνο
1097 1726 1159 1779 τὸ
1190 1723 1284 1792 τοῦ
1329 1724 1598 1797 Ἰορδάνου
1624 1742 1637 1756 ⁸
1673 1726 1755 1779 διὸ
1784 1718 2000 1794 ἐλέγετο

410 1815 596 1886 μικρῷ
634 1814 872 1886 πρόσθεν
897 1835 912 1849 ·
971 1837 989 1867 ι
1019 1817 1128 1885 καὶ
1165 1817 1548 1885 ἁγαλλιάσεται
1576 1817 1644 1870 τὰ
1685 1816 1866 1888 ἔρημα
1905 1818 1996 1870 τοῦ

415 1889 711 1976 Ἰορδάνου.
739 1924 761 1958 ι
795 1907 875 1959 Δι’
906 1901 967 1962 οὗ
998 1907 1092 1960 καὶ
1129 1906 1374 1978 ᾐνίττετο
1399 1906 1460 1959 τὸ
1502 1905 1724 1979 λουτρὸν
1768 1908 1866 1979 τῆς
1898 1925 2004 1961 πα-

407 1997 784 2066 λιγγενεσίας,
834 1999 930 2052 καὶ
980 1997 1044 2052 τὸ
1100 1999 1202 2070 τῆς
1246 1999 1440 2069 καινῆς
1473 2000 1746 2073 Διαθήκης
1792 2007 1996 2072 μυστή-

409 2109 554 2161 ριον·
595 2092 668 2145 τὰ
691 2091 747 2144 δέ
777 2091 969 2162 ῥεῖθρα
994 2092 1120 2155 τοὺς
1148 2091 1536 2160 εύαγγελικοὺς
1564 2093 1753 2163 ἐδήλου
1782 2092 1992 2161 λόγους.

417 2167 435 2239 ξ
461 2183 813 2258 Εὐφροσύνην
839 2183 1069 2254 ὀρνέων*
1095 2203 1112 2233 ι
1144 2182 1330 2252 ψυχῶν
1355 2183 1748 2254 ἐπτερωμένων
1771 2183 1991 2262 δηλαδὴ,

417 2283 510 2334 καὶ⁵
557 2277 970 2353 μετεωροποιῶν
995 2317 1009 2341 ,
1051 2277 1145 2334 καὶ
1188 2275 1364 2330 ἄλλων
1403 2277 1626 2349 ἡμέρων
1668 2281 1763 2332 καὶ
1803 2280 1993 2351 πράων

419 2374 523 2427 ὑπὸ
571 2374 649 2446 τῷ
701 2373 848 2443 καλῷ
903 2371 1149 2442 ποιμένι--
1176 2370 1560 2443 διοικουμένων
1617 2373 1692 2436 ὡς
1733 2372 1991 2427 δύνασθαι

413 2464 630 2532 λέγειν’
679 2465 913 2537 «Κύριος
951 2463 1230 2534 ποιμαίνει
1267 2481 1366 2534 με,
1411 2466 1505 2528 καὶ
1550 2463 1700 2519 οὐδέν
1737 2484 1803 2536 με
1832 2466 1988 2520 ὑστε-

411 2555 593 2628 ρήσει.
620 2575 640 2607 ι

483 2665 503 2697 σ
520 2647 710 2700 Ἔσται
739 2648 854 2701 ἐκεῖ
882 2647 1000 2710 όδὸς
1027 2647 1267 2718 καθαρὰ,
1303 2650 1400 2707 καὶ
1431 2648 1548 2711 ὁδὸς
1572 2647 1704 2716 ἁγία
1731 2649 1992 2721 xime-has.

399 2754 529 2791 ται·
579 2739 675 2792 καὶ
701 2740 762 2792 ού
807 2741 882 2811 μὴ
913 2741 1158 2812 παρέλθῃ
1189 2743 1306 2794 ἐκεῖ
1331 2741 1660 2810 ἀκάθαρτος.
1689 2764 1707 2793 ι
1749 2743 1897 2814 Αὕτη
1931 2743 1988 2797 δὲ

399 2831 486 2901 εἴη
516 2829 582 2883 ἂν
623 2832 658 2900 ὴ
697 2831 985 2900 ἀπάγουσα
1017 2835 1111 2887 ἐπὶ
1153 2835 1214 2887 τὸ
1260 2836 1656 2907 τρισμακάριον
1699 2836 1853 2900 τέλος
1887 2837 1985 2907 τῆς

398 2922 724 2993 ἐπουρανίου
759 2923 851 2976 τοῦ
897 2924 1031 2978 Θεοῦ
1066 2927 1291 2993 πόλεως,
1322 2929 1388 2997 ἢν
1421 2927 1691 2998 παριστὰς
1729 2930 1758 2982 ὁ
1796 2929 1985 3000 Σωτὴρ

397 3011 586 3080 ἐλεγεν
611 3026 623 3039 ·
650 3032 669 3065 ι
693 3012 834 3083 Ἐγώ
863 3016 976 3085 εἰμι
998 3017 1031 3085 ἡ
1065 3016 1203 3080 ὁδός.
1247 3037 1265 3067 ι
1299 3037 1317 3067 ι
1339 3016 1472 3075 Οὐδὲ
1524 3017 1677 3071 ἔσται
1721 3021 1838 3072 ἐκεῖ
1868 3019 1988 3082 ὁδὸς

395 3103 709 3175 ᾁκάθαρτος
731 3120 745 3135 ·
782 3107 832 3158 οἱ
873 3106 929 3158 δὲ
967 3107 1357 3178 διεσπαρμένοι
1387 3090 1744 3179 πορεύσονται
1773 3112 1860 3164 ἐπ’
1889 3111 1988 3164 αύ-

397 3191 515 3262 τῆς,
550 3193 644 3246 καὶ
669 3194 728 3245 οὐ
778 3194 852 3265 μὴ
890 3194 1220 3266 πλανηθῶσι.
1255 3217 1274 3248 ι
1319 3197 1472 3260 Τίνες
1509 3197 1566 3250 δέ
1603 3193 1769 3264 οὗτοι,
1803 3199 1918 3254 ἀλλ’
1949 3200 1983 3270 ἢ

400 3284 448 3335 οἱ
496 3283 664 3339 πάλαι
709 3284 1148 3357 διεσκεδασμένοι
1186 3287 1279 3343 τοῦ
1313 3288 1448 3341 Θεοῦ
1489 3289 1583 3343 καὶ
1635 3291 1852 3362 μακρὰν
1889 3294 1988 3362 τῆς
2014 3257 2056 3312 C

408 3374 658 3445 ἀληθείας
681 3377 1192 3448 ἁποπλανηθέντες;
1244 3375 1401 3434 Οὗτοι
1441 3380 1584 3451 γὰρ,
1619 3381 1987 3453 παλινδρομή-

406 3481 594 3534 σαντες
618 3506 634 3531 ,
682 3469 774 3528 καὶ
803 3471 902 3541 τὴν
938 3468 1149 3522 εύθεῖαν
1187 3470 1282 3524 καὶ
1314 3470 1534 3541 ἀπλανῆ
1567 3471 1684 3525 ὁδὸν
1712 3472 1986 3544 εὑρόντες,

399 3559 763 3630 πορεύσονται
795 3561 853 3614 ἐν
881 3561 1044 3632 αὐτῇ.

475 3672 494 3702 ‹
520 3653 630 3705 Καὶ
657 3653 757 3706 οὐκ
785 3651 937 3706 ἐσται
965 3656 1082 3707 ἐκεῖ
1111 3654 1269 3720 λέων,
1299 3656 1420 3709 ούδέ
1459 3657 1568 3710 τῶν
1597 3657 1849 3730 πονηρῶν
1890 3659 1986 3729 θη-

399 3742 532 3812 ρίων
561 3741 622 3794 ού
653 3743 727 3814 μὴ
762 3744 936 3814 ἀναϐῇ
971 3745 1050 3806 είς
1081 3745 1272 3815 αὐτὴν,
1305 3745 1426 3798 οὐδὲ
1462 3745 1538 3817 μὴ
1574 3746 1770 3818 εὑρεθῇ
1798 3749 1933 3800 ἐκεῖ.
1960 3769 1978 3798 ι

397 3832 523 3896 Πῶς
551 3833 659 3904 γὰρ
697 3835 792 3887 καὶ
825 3829 937 3888 οἷόν
968 3852 1029 3887 τε
1054 3831 1123 3906 ἦν
1155 3837 1214 3888 ἐν
1240 3834 1318 3907 τῷ
1341 3836 1608 3908 εἰρηκότι,
1650 3858 1668 3887 ι
1703 3837 1842 3906 Ἐγὼ
1868 3839 1984 3908 είμι

393 3927 430 3994 ἡ
481 3925 668 3989 ὁδὸς,›
722 3927 1011 3998 εὑρεθῆναί
1062 3946 1117 3981 τι
1165 3928 1272 3981 τῶν
1322 3928 1605 4000 πονηρῶν;
1663 3929 1796 3984 Οὐδὲ
1833 3930 1984 3995 ὁδοὺς

393 4015 575 4082 ὄφεως
617 4017 712 4069 ἐπὶ
761 4018 966 4089 πέτραν
1011 4019 1233 4073 δυνατὸν
1266 4015 1335 4090 ἦν
1378 4020 1557 4091 εὑρεῖν
1591 4020 1732 4074 κατὰ
1768 4021 1859 4074 τὸν
1890 4023 1984 4076 Σο-

395 4123 456 4158 Αο
463 4123 670 4176 μωντα.

473 4217 492 4249 ι
516 4199 675 4255 Ἀλλὰ
723 4201 1082 4275 πορεύσονται
1124 4205 1194 4279 ἐν⁵
1224 4205 1362 4277 αὐτῇ
1408 4205 1836 4282 λελυτρωμένοι,
1887 4209 1982 4262 καὶ

395 4291 725 4366 συνηγμένοι
771 4293 860 4346 διὰ
901 4294 1105 4365 Κυρίου
1133 4313 1145 4325 ’
1181 4313 1201 4346 ι
1239 4295 1333 4360 οὓς
1378 4296 1540 4359 αὐτὸς
1582 4297 1823 4367 δηλονότι
1859 4298 1981 4351 ἐλυ-

391 4381 642 4452 τρὼσατο
667 4381 745 4454 τῷ
784 4381 897 4454 ἰδίῳ
923 4384 1116 4455 αἵματι
1135 4426 1149 4446 ,
1182 4385 1277 4438 καὶ
1305 4387 1352 4438 οἱ
1387 4387 1715 4456 συνηγμένοι
1756 4386 1845 4447 διὰ
1871 4389 1981 4440 Κυ-

395 4471 534 4543 ρίου,
564 4473 678 4527 ἀλλ’
711 4475 831 4528 οὐδὲ
855 4474 1272 4549 διὰ,,προφήτου,
1298 4478 1419 4532 οὐδὲ
1448 4477 1538 4531 διά
1566 4495 1713 4543 τινος
1745 4480 1978 4550 σπουδῆς

2103 623 2213 692 jam
2264 640 2548 679 cervorum
2598 625 2769 678 instar
2815 620 3157 684 exsilierunt,
3209 619 3521 674 doctoribus
3571 621 3685 674 suis

2106 717 2309 772 similes
2337 716 2547 780 elfeeti,
2583 732 2719 784 quos
2766 716 2926 782 paulo
2970 729 3132 782 supra
3173 726 3363 767 cervos
3400 712 3684 781 prOphctia

2107 810 2336 863 vocavit.
2371 808 2659 864 Balborum
2695 819 2873 861 autem
2916 807 3117 875 lingua,
3151 819 3336 874 quam,
3381 819 3449 858 ne
3495 818 3682 857 verum

2109 902 2274 955 Deum
2301 901 2678 963 conﬁteretur,
2711 899 3063 969 colligaverat
3089 897 3345 963 Satanas,
3377 897 3520 952 clara
3552 911 3684 950 voce

2107 1004 2162 1046 et
2205 993 2531 1046 articulatim
2587 993 2749 1046 verba
2813 991 3168 1060 pronuntiare
3216 989 3426 1044 didicit.
3487 988 3684 1042 Balbos

2106 1100 2267 1153 porro
2317 1085 2628 1152 neutiquam
2664 1087 2905 1147 abet-res,
2945 1084 2990 1136 si
3031 1084 3180 1137 dicas
3218 1097 3312 1136 eos
3340 1096 3464 1136 esse
3495 1097 3562 1136 ex
3590 1097 3681 1135 sa-

2105 1178 2375 1246 pientibus
2404 1178 2564 1245 hujus
2597 1174 2807 1240 saeculi,
2840 1176 2932 1245 qui
2959 1177 3049 1242 vix
3080 1174 3216 1229 recti
3246 1172 3448 1243 aliquid
3476 1174 3544 1229 de
3573 1173 3684 1228 Deo

2106 1284 2342 1337 unquam
2374 1270 2578 1325 sentire
2605 1284 2670 1322 ac
2698 1268 2884 1327 dicere
2910 1269 3026 1323 ausi
3054 1277 3201 1340 sunt.
3653 1327 3655 1334 ι

2180 1363 2344 1425 Vens.
2373 1362 2427 1416 7.
2477 1381 2493 1412 ι
2515 1361 2650 1428 Quia
2685 1361 2864 1430 erupit
2895 1361 2945 1414 in
2977 1361 3193 1415 deserto
3230 1376 3394 1428 aqua,
3435 1369 3493 1413 et
3527 1358 3684 1414 vallis

2105 1454 2157 1505 in
2193 1463 2338 1514 terra
2367 1451 2599 1506 sitienti.
2642 1451 2709 1504 Et
2734 1452 2839 1506 erit
2871 1452 3132 1520 inaquosa
3166 1453 3218 1506 in
3250 1451 3492 1522 paludes,
3536 1461 3590 1506 et
3625 1453 3680 1510 in

2105 1556 2248 1598 terra
2300 1545 2507 1599 sitienti
2562 1544 2684 1599 fons
2741 1559 2898 1612 aqua:
2945 1545 3070 1600 erit.
3127 1545 3201 1600 lbi
3244 1544 3427 1598 laetitia
3473 1545 3680 1612 avium,

2105 1637 2277 1692 caulae
2318 1637 2606 1694 arundinis
2637 1647 2694 1692 et
2737 1636 2984 1706 paludes.
3012 1658 3031 1688 ι
3064 1639 3218 1708 Aqua
3247 1638 3459 1704 isthaec,
3484 1639 3552 1700 de
3578 1653 3682 1708 qpa

2105 1726 2366 1796 loquitur,
2414 1725 2668 1781 Jordanis
2697 1735 2816 1780 erat
2846 1740 2862 1780 :
2902 1742 3073 1796 quare
3102 1726 3264 1794 paulo
3297 1738 3426 1782 ante
3465 1727 3682 1794 diceba-

2103 1827 2213 1876 tur.
2256 1839 2275 1871 |
2311 1819 2376 1874 Et
2407 1819 2761 1874 exsultabunt
2796 1819 3012 1874 deserta
3038 1818 3362 1887 Jordanis.)
3399 1818 3520 1892 Qup
3547 1817 3686 1872 lava-

2035 1920 2257 1974 Bcrum
2309 1912 2735 1981 regenerationis
2789 1912 3208 1976 subindicabat,
3255 1927 3465 1976 necnon
3489 1910 3683 1966 Testa-

2099 2005 2266 2059 menti
2301 2003 2434 2058 Novi
2475 2006 2794 2074 mysterium
2837 2021 2853 2060 :
2905 2020 2999 2075 per
3029 2005 3230 2060 ﬂuenta
3265 2015 3472 2072 autem,
3521 2019 3684 2060 evan—

2095 2095 2298 2163 gelicos
2336 2110 2619 2150 sermones
2647 2097 2892 2151 denotat.
2929 2117 2948 2148 ε
2974 2096 3187 2168 Laetitia
3229 2100 3496 2164 aviump
3534 2095 3684 2151 vide-

2097 2186 2221 2242 licet
2247 2187 2554 2242 animarum
2588 2199 2972 2258 pennatarum,
3009 2200 3065 2246 et
3095 2191 3514 2255 altivolantium,
3547 2191 3685 2244 alia-

2096 2299 2325 2352 rumque
2389 2292 2798 2338 mansuetarum
2853 2299 2920 2342 ac
2972 2284 3128 2339 bona:
3194 2282 3430 2348 indolis,
3477 2297 3600 2351 quae
3651 2299 3681 2334 a

2094 2377 2236 2431 bono
2277 2388 2491 2448 pastore
2537 2386 2825 2448 reguntur;
2877 2388 2932 2431 ut
2981 2377 3168 2431 dicere
3201 2375 3464 2430 valeant:
3521 2392 3540 2425 ι
3570 2374 3680 2428 Do-
3753 2409 3768 2420 -

2094 2467 2274 2525 minus
2303 2471 2476 2538 pascit
2509 2484 2614 2536 me,
2642 2479 2698 2524 et
2726 2469 2865 2524 nihil
2900 2469 3030 2523 Inibi
3064 2469 3240 2524 deerit
3262 2468 3331 2522 ⁸⁸.
3360 2489 3378 2520 ι

2164 2647 2328 2704 Vens.
2361 2650 2415 2702 8.
2467 2668 2485 2700 ι
2513 2649 2585 2704 lbi
2617 2650 2724 2703 erit
2759 2649 2842 2703 via
2882 2664 3038 2718 pura,
3079 2659 3134 2704 et
3161 2650 3245 2702 via
3286 2659 3476 2704 sancta
3509 2664 3672 2704 voca-

2091 2741 2278 2799 bitur;
2338 2751 2393 2794 et
2454 2758 2558 2794 non
2623 2741 2879 2796 transibit
2942 2740 3069 2795 illac
3119 2741 3450 2794 immundus.
3476 2760 3505 2792 ι·
3548 2738 3678 2795 Hac

2091 2848 2224 2888 sane
2255 2833 2418 2888 fuerit
2469 2834 2585 2900 illa,
2620 2849 2742 2904 quae
2793 2833 2944 2889 ducit
2989 2836 3054 2888 ad
3094 2832 3464 2888 felicissimqu
3513 2834 3675 2887 linem

2089 2927 2335 2982 ccelestis
2385 2927 2479 2981 Dei
2532 2926 2804 2992 civitatis,
2855 2941 3020 2996 quam
3072 2926 3360 2981 declarans
3410 2926 3676 2981 Servatur

2089 3019 2302 3074 dicebat
2339 3040 2351 3074 :
2407 3038 2426 3071 ι
2461 3020 2569 3091 Ego
2595 3035 2716 3074 sum
2764 3022 2846 3072 via
2873 3039 2892 3071 ι
2923 3020 2992 3076 ⁸⁷.
3047 3039 3066 3071 ι
3093 3017 3277 3088 Neque
3314 3017 3420 3073 erit
3467 3018 3538 3073 ibi
3586 3019 3673 3072 via

2089 3110 2299 3181 impura
2334 3130 2348 3166 :
2379 3113 2470 3182 qui
2507 3122 2692 3167 autem
2746 3113 2977 3181 dispersi
3023 3122 3175 3175 sunt,
3215 3111 3571 3167 ambulabunt
3618 3113 3672 3165 in

2087 3218 2175 3269 ea,
2212 3220 2389 3275 neque
2411 3206 2694 3262 errabunt.
2719 3225 2738 3257 ι
2785 3205 3016 3271 Quinam
3059 3205 3157 3270 illi,
3207 3204 3310 3260 nisi
3354 3203 3445 3273 qui
3479 3202 3607 3258 olim
3643 3221 3674 3268 ες

2095 3295 2203 3351 Deo
2243 3297 2560 3370 (εδει-θεοῦ,
2587 3315 2618 3353 a
2646 3300 2878 3354 veritate
2908 3300 3093 3368 procul
3127 3298 3561 3354 aberraverant?
3607 3296 3670 3354 Hi

2091 3405 2325 3460 namque
2356 3392 2694 3461 retrogressi,
2731 3391 3059 3460 inventaque
3107 3401 3250 3446 recta
3309 3392 3552 3461 nullique
3577 3406 3670 3446 er-

2090 3480 2198 3536 rori
2227 3483 2461 3542 obnoxia
2492 3485 2599 3548 via,
2631 3486 2682 3538 in
2715 3500 2778 3539 ea
2807 3485 3184 3540 ambulabunt.

2162 3661 2322 3716 Vens.
2350 3663 2402 3715 9.
2456 3663 2565 3716 (Et
2617 3679 2722 3717 non
2777 3647 2900 3732 erit,
2939 3663 3010 3716 ibi
3045 3663 3148 3727 leo,
3202 3677 3376 3735 neque
3431 3662 3540 3723 ulla
3599 3679 3668 3729 ex

2087 3753 2245 3831 malis
2287 3753 2476 3812 b68tiis
2522 3753 2780 3808 ascendet
2828 3755 2882 3807 in
2935 3769 3080 3818 eam,
3137 3769 3312 3822 neque
3359 3753 3670 3811 invenietur

2087 3845 2180 3900 ibi.
2215 3865 2235 3898 ι
2292 3846 2394 3915 Qui
2444 3846 2590 3900 enim
2622 3845 2738 3900 ﬁeri
2769 3855 3024 3916 poterat,
3078 3846 3214 3899 utin
3256 3861 3322 3900 eo
3344 3884 3362 3911 ,
3389 3846 3480 3914 qui
3514 3846 3671 3904 dixe-

2089 3949 2192 4007 rat,
2230 3957 2248 3990 ι
2279 3938 2392 4010 Ego
2427 3955 2547 3994 sum
2593 3939 2699 4004 via,
2731 3959 2748 3993 ι
2790 3938 2915 3996 mali
2964 3939 3240 4008 quidpiam
3288 3937 3667 4007 reperiretur?

2083 4031 2273 4100 Neque
2302 4033 2418 4086 vias
2448 4031 2718 4100 serpentis
2752 4030 2805 4091 in
2842 4039 2997 4101 petra
3031 4030 3280 4085 invenire
3311 4037 3432 4084 erat
3473 4043 3664 4088 secun-

2084 4125 2210 4180 dum
2245 4125 2616 4180 Salomoneut.

2155 4217 2322 4272 Vnus.
2362 4217 2451 4272 10.
2513 4217 2659 4272 «δειι
2707 4219 2758 4272 in
2808 4234 2870 4272 ea
2922 4218 3276 4272 ambulabunt
3325 4215 3580 4285 redempti
3613 4227 3716 4270 et-

2081 4310 2394 4380 congregati
2457 4325 2554 4378 per
2608 4309 2932 4376 Dominum;
2968 4331 2986 4363 ι
3050 4325 3187 4378 quos
3249 4309 3502 4364 videlicet
3550 4306 3668 4378 ipse

2083 4403 2304 4472 proprio
2331 4403 2593 4473 sanguine
2632 4402 2861 4457 redemit
2895 4421 2908 4457 :
2940 4413 2997 4458 et
3037 4403 3128 4471 qui
3175 4399 3488 4471 congregati
3537 4413 3666 4454 sunt

2081 4512 2110 4548 a
2148 4496 2403 4563 Domino,
2447 4512 2554 4551 non
2598 4512 2629 4550 a
2677 4497 2967 4566 propheta,
3001 4509 3103 4550 nec
3141 4497 3375 4549 humana
3409 4493 3664 4564 quapiam

392 4563 764 4636 ἀνθρωπίνηςο
795 4567 861 4620 δι’
886 4567 1051 4658 αὑτοῦ
1079 4568 1136 4622 δὲ
1157 4569 1251 4622 τοῦ
1275 4570 1483 4640 Κυρίου
1512 4573 1560 4624 οἱ
1576 4570 1974 4649 λελυτρωμένοι

2091 4589 2460 4652 sollicitudine,
2500 4563 2691 4642 verum
2728 4563 2820 4658 qui
2872 4589 2944 4644 ab
2975 4587 3093 4657 ipso
3126 4586 3356 4642 Domino
3397 4563 3665 4654 redempti

392 4657 485 4707 καὶ
499 4671 662 4725 συνηγ
673 4656 843 4726 μένοι,
857 4651 1001 4712 οὗτοι
1017 4658 1372 4730 πορεύσονται
1387 4661 1484 4736 τὴν
1495 4661 1668 4732 δηλωθ
1674 4665 1824 4716 εἷσαν
1835 4662 1971 4716 όδόν.

395 4773 416 4804 ο
438 4736 555 4827 ’καὶ
584 4756 1122 4829 ἀποστραφήσονται,
1169 4761 1264 4826 καί⁵
1289 4762 1509 4832 ἥξουσιν
1541 4765 1623 4827 εἰς
1677 4762 1814 4816 Σιὼν
1845 4766 1961 4835 μετ’

388 4857 751 4930 εὐφροσύνης.
781 4879 799 4912 ι
835 4860 910 4932 OQ
936 4860 1046 4933 γὰρ
1077 4861 1142 4932 δὴ
1163 4863 1386 4927 δυνατὸν
1409 4864 1644 4918 ἐνταῦθα
1667 4864 1804 4928 Σιὼν
1830 4867 1974 4919 ἐκεί-

387 4975 486 5025 νην
503 4961 922 5030 παραδέχεσθαι,
951 4964 1080 5034 περὶ
1097 4959 1165 5035 ἧς
1184 4964 1389 5036 εἴρητο·
1420 4985 1438 5016 ‹
1463 4967 1572 5019 Καὶ
1588 4967 1830 5031 ἐνιαυτὸς
1857 4971 1977 5022 άντ-

2041 4693 2134 4737 .ct
2175 4681 2488 4752 congregati
2539 4691 2688 4747 sunt,
2739 4681 2793 4735 hi
2824 4681 2889 4744 in
2937 4690 3236 4739 memorata
3283 4679 3362 4732 via
3415 4677 3666 4732 ambula.

2083 4775 2236 4829 bunt.
2286 4794 2303 4826 ι
2326 4774 2392 4828 Et
2433 4783 2772 4834 avertenlur.
2806 4783 2859 4828 et
2902 4774 3122 4828 venient
3158 4773 3210 4826 in
3240 4771 3370 4825 Sion
3415 4787 3538 4826 cum
3573 4771 3664 4825 lte-

2083 4868 2223 4922 titia.
2255 4886 2274 4916 ι
2323 4865 2448 4920 Haec
2473 4866 2678 4935 quippe
2733 4877 3008 4934 nequeunt
3048 4867 3114 4920 de
3166 4865 3252 4919 illa
3293 4863 3459 4919 Sione
3499 4864 3661 4928 intel—

2083 4960 2196 5030 ligi,
2233 4960 2302 5013 de
2341 4974 2447 5026 qua
2491 4960 2695 5013 dictum
2745 4970 2870 5014 est:
2909 4979 2927 5010 ι
2961 4958 3027 5020 Et
3060 4974 3236 5016 annus
3289 4956 3662 5012 retributionis

385 5058 693 5123 αποδόσεως
708 5061 1977 5141 xpgcwcgwwmlﬂpagﬁcowa,“adﬁrma;
2076 5049 2264 5117 judicii
2291 5051 2420 5106 Sion
2449 5067 2465 5103 :
2493 5061 2546 5104 et
2574 5063 2966 5106 convertentur
2990 5052 3156 5106 valles
3177 5052 3294 5118 ejus
3325 5051 3377 5102 in
3408 5050 3604 5117 picem,
3632 5069 3655 5103 ι

385 5159 648 5229 αὑτῆςείς
673 5160 893 5226 πίσσαν,
908 5183 924 5213 ι
946 5165 1126 5219 καὶτὰ
1140 5165 1350 5230 τούτοις
1369 5168 1516 5238 ἑξῆς.
1535 5172 1736 5243 Διόπερ
1759 5175 1971 5247 ἀνάγκη

383 5257 656 5328 διαφόρως
702 5263 843 5319 νοεῖν
896 5261 996 5325 τὰς
1050 5265 1374 5336 ὁμωνύμους
1424 5273 1976 5343 προσαγορευομένας

385 5360 543 5416 Σιών.
575 5382 594 5414 ι
614 5363 724 5417 Καὶ
749 5364 1053 5438 εὐφροσύνη
1075 5368 1290 5434 αἰώνιος
1309 5372 1448 5443 ὑπὲρ
1473 5377 1714 5448 κεφαλῆς
1733 5379 1933 5436 αὐτῶν.
1949 5401 1967 5432 ι

383 5465 449 5518 Οί
478 5463 588 5536 γὰρ
619 5467 841 5536 νικηταὶ
871 5467 966 5522 τοῦ
994 5470 1234 5539 μεγάλου
1263 5473 1454 5528 τούτου
1480 5477 1690 5546 ἀγῶνος
1723 5481 1971 5553 στεφάνῳ

381 5563 723 5636 εὐφροσύνης
775 5567 1150 5636 ἀναδήσανται.
1208 5573 1375 5627 «Ἐπὶ
1425 5576 1535 5647 γὰρ
1578 5576 1678 5646 τῆς
1730 5578 1970 5648 κεφαλῆς

381 5665 566 5718 αὐτῶν
594 5666 797 5730 αίνεσις
830 5669 920 5721 καὶ
964 5671 1296 5744 άγαλλίαμα,
1341 5679 1434 5730 καὶ
1464 5679 1768 5752 εὐφροσύνη
1804 5697 1970 5744 κατα-

445 5888 492 5920 ”
523 5887 666 5945 Psal.
701 5907 840 5958 χχιι,
881 5893 934 5952 1.
1009 5895 1053 5926 ⁵⁷
1080 5891 1238 5950 Joan.
1277 5912 1389 5967 xw,
1427 5897 1484 5952 6.

2081 5151 2136 5195 et
2162 5152 2378 5198 caetera.
2411 5140 2776 5208 Quamobrem
2813 5143 2932 5197 illas
2960 5159 3082 5212 quae
3110 5144 3300 5196 eodem
3334 5139 3518 5198 Sionis
3563 5156 3660 5194 no-

2082 5231 2228 5283 mine
2276 5241 2563 5298 vocantur,
2616 5233 2769 5287 vario
2819 5234 2980 5288 modo
3034 5233 3334 5301 intelligere
3373 5245 3512 5300 opus
3551 5243 3660 5284 est.

2086 5338 2104 5370 ι
2132 5320 2198 5374 Et
2223 5320 2408 5376 laetitia
2447 5323 2776 5390 sempiterna
2812 5339 2976 5392 super
3004 5332 3166 5390 caput
3202 5334 3417 5375 eorum.
3451 5337 3471 5370 ι
3521 5316 3660 5372 Nam

2082 5414 2115 5466 ii
2165 5412 2256 5482 qui
2325 5412 2379 5466 iu
2432 5429 2629 5483 magno
2687 5415 2777 5470 illo
2824 5415 3127 5470 certamine
3177 5411 3416 5464 victores
3472 5421 3656 5470 erunt,

2079 5517 2280 5557 corona
2311 5504 2512 5559 laetitia:
2545 5505 2922 5560 redimieutur.
2967 5523 2985 5555 ι
3011 5505 3066 5557 In
3091 5502 3267 5569 capite
3298 5500 3444 5554 enim
3469 5515 3657 5556 eorum

2080 5591 2198 5646 laus
2224 5603 2282 5647 et
2325 5595 2643 5662 exsultatio,
2702 5605 2756 5650 et
2799 5596 2981 5650 laetitia
3035 5592 3465 5658 comprehendet
3509 5605 3652 5646 eos:

2078 5685 2342 5743 absecssit
2369 5687 2556 5756 dolor,
2598 5689 2815 5744 tristitia
2847 5698 2900 5745 ct
2927 5684 3195 5758 gemitus;
3233 5701 3251 5733 ι
3281 5684 3530 5743 videlicet
3561 5697 3658 5737 cos
