4118 6356
3581 410 3682 464 SH

418 518 511 587 qui
546 517 599 573 in
628 518 850 575 salutari
875 521 987 584 via,
1021 520 1155 574 nihil
1187 523 1331 578 ultro
1349 523 1600 594 citroque
1630 524 1984 588 deﬂectcnrlo.

2101 526 2321 596 λήψεται
2369 525 2565 589 αύτῡύς
2588 543 2601 555 ⁸
2653 527 2866 597 ἀπέδρα
2898 525 3090 598 ὀδύνη,
3135 527 3229 580 καὶ
3260 526 3404 598 λύπη
3435 526 3528 579 καὶ
3562 543 3682 580 στε-

418 612 854 677 ambulaverunt.
904 614 1135 683 ideoque
1162 617 1228 670 ad
1260 615 1634 671 felicissimum
1664 619 1824 673 linem
1866 635 1988 688 per-

2101 619 2303 688 ναγμὸς
2325 635 2340 649 ο
2369 638 2389 670 ι
2425 618 2666 689 δηλονότι
2694 620 2819 683 τοὺς
2858 618 2959 689 τὴν
2986 619 3253 689 σωτήριον
3290 617 3408 671 ὁδὸν
3453 618 3685 683 ἀκλινῶς

417 711 738 758 venerunt:
787 702 875 759 ubi
921 720 1124 761 corona
1180 703 1276 759 Dei
1335 707 1609 774 exornati,
1660 709 1991 777 sempiterna

2101 709 2455 780 βαδίσαντας,
2488 711 2584 763 καὶ
2625 709 2714 763 διὰ
2744 708 2903 763 τοῦτο
2936 708 3029 766 ἐπὶ
3061 707 3123 761 τὸ
3154 708 3554 781 τρισμακάριον
3599 709 3685 762 τέ-

418 791 527 845 vita
560 791 828 858 fruentur,
882 794 936 849 in
981 810 1146 865 regno
1178 795 1463 864 caelorum,
1509 798 1653 854 unde
1688 816 1706 848 ι
1732 798 1995 853 abscessit

2101 801 2183 865 λος
2213 801 2679 871 καταντήσαντας⁹
2715 803 2773 853 ὲν
2812 794 2876 869 ᾧ,
2896 799 3144 871 στεφάνῳ
3170 799 3308 852 Θεοῦ
3339 799 3681 871 τιςηθέντες,

418 884 574 939 dolor
602 892 657 938 et
689 885 943 956 gemitus.
974 904 994 939 ι

2101 892 2193 962 τῆς
2226 890 2446 944 αἰωνίου
2480 891 2627 962 ζωῆς
2670 890 3070 945 ἀπολαύσουσιν
3105 893 3163 943 ὲν
3202 893 3271 962 τῇ
3310 888 3415 943 τῶν
3441 890 3683 963 οὐρανῶν

2100 983 2369 1058 βασιλείᾳ,
2402 984 2531 1040 ἔνθα
2567 1004 2587 1038 r
2614 984 2826 1056 ἀπέδρα
2853 984 3014 1057 ὀδύνη
3046 986 3140 1039 καὶ
3168 985 3488 1056 στεναγμός.
3515 1005 3535 1037 ι

2594 1077 2992 1130 ΚΕΦΑΛΑῙΟΝ
3029 1078 3147 1144 Λς¹
3155 1118 3170 1133 .

2173 1189 2192 1222 r
2222 1169 2333 1225 Kal.
2354 1168 2571 1238 ἐγένετο
2599 1167 2694 1223 τοῦ
2728 1170 2787 1223 ιδ’
2819 1167 2973 1233 ἔτους
3008 1168 3384 1240 βασιλεύοντος
3412 1164 3679 1235 Ἐζεκίου,

2099 1259 2264 1330 ἀνέϐη
2299 1260 2671 1331 Σενναχηρεὶμ
2704 1258 2958 1329 βασιλεὺς
3000 1260 3298 1331 Ἀσσυρίων
3326 1261 3419 1314 ἐπὶ
3447 1261 3547 1325 τὰς
3583 1263 3682 1314 πό-

2097 1352 2211 1416 λεις
2255 1353 2356 1423 τῆς
2400 1351 2663 1416 Ἰουδαίας
2702 1351 2803 1416 τὰς
2843 1352 3066 1424 ὀχυρὰς,
3103 1353 3199 1406 καὶ
3239 1351 3430 1407 ἔλαϐεν
3490 1353 3681 1417 αὑτάς.

416 397 522 454 543
1114 400 1377 457 EUSEBII
1417 400 1899 461 CAESARiENSIS
1937 405 2089 461 OPP.
2131 404 2312 460 PARS
2348 403 2435 459 111.
2478 435 2545 445 —--
2585 404 2997 463 EXEGETICA.

946 1062 1176 1121 CAPUT
1213 1064 1454 1122 XXXVI.

493 1153 655 1207 Vens.
694 1154 808 1209 1-3.
853 1173 875 1207 ι
910 1155 979 1210 Et
1024 1154 1228 1212 factum
1281 1168 1364 1212 est
1409 1173 1551 1213 anno
1589 1159 1995 1228 quartodecimo

418 1245 561 1315 regis
601 1245 886 1313 Ezechiae,
936 1247 1182 1305 ascendit
1246 1247 1635 1305 Sennaeherim
1688 1265 1784 1305 rex
1828 1252 1997 1321 Assy-

420 1339 628 1393 riorum
679 1339 947 1396 adversus
992 1341 1157 1398 urbes
1206 1339 1407 1398 Judaeae
1441 1343 1711 1410 munitas,
1756 1354 1813 1399 et
1854 1344 1998 1413 cepit

418 1445 532 1486 eas.
572 1430 635 1486 Et
675 1432 823 1487 misit
853 1447 948 1488 rex
976 1434 1331 1505 Assyriorum
1375 1434 1676 1491 Rabsacem
1702 1452 1771 1491 ex
1802 1436 1997 1492 Lachis

419 1524 473 1576 in
508 1521 810 1580 Jerusalem
845 1526 914 1581 ad
940 1541 1118 1598 regem
1151 1525 1445 1583 Ezechiam
1476 1541 1600 1583 cum
1626 1528 1829 1583 virtute
1858 1526 1998 1583 mul-

421 1626 497 1671 ta.
540 1617 605 1671 Et
637 1619 790 1672 stetit
838 1618 890 1673 in
944 1618 1268 1689 aqua-ductu
1319 1620 1545 1690 piscinae
1584 1620 1904 1691 superioris,
1942 1619 1995 1673 in

418 1709 507 1764 via
545 1710 662 1779 agri
696 1708 940 1767 fullonis.
977 1710 1047 1766 Et
1074 1724 1330 1781 egressus
1384 1718 1470 1766 est
1501 1712 1569 1766 ad
1609 1725 1734 1767 eum
1768 1709 1995 1765 Eliacim

421 1801 564 1857 Illius
593 1802 847 1868 Chelciae,
894 1817 1246 1872 (Bconomus,
1299 1813 1357 1861 et
1402 1805 1636 1861 Somnas
1676 1806 1889 1870 scriba,
1942 1814 1998 1859 et

2098 1447 2210 1501 Καὶ
2264 1442 2549 1499 ἀπέστειλε
2602 1442 2856 1514 βασιλεὺς
2906 1444 3205 1515 Ἀσσυρίων
3243 1443 3335 1499 τὸν
3375 1444 3684 1517 Ῥαϐσάκην

2098 1538 2164 1591 ὲκ
2196 1536 2383 1608 Λάχης
2411 1536 2491 1600 εἰς
2530 1534 2884 1608 Ἰερουσαλὴμ
2904 1535 3043 1608 πρὸς
3061 1535 3153 1589 τὸν
3177 1535 3401 1607 βασιλέα
3438 1537 3684 1601 Ἐζεκίαν

2103 1629 2241 1701 μετὰ
2277 1627 2561 1697 δυνάμεως
2606 1627 2828 1698 πολλῆς.
2860 1629 2969 1681 Καὶ
3002 1627 3132 1701 ἔστη
3176 1630 3235 1682 ἐν
3266 1629 3344 1700 τῷ
3378 1630 3686 1702 ύδραγωγῷ

2098 1721 2198 1793 τῆς
2235 1718 2622 1791 κολυμϐήθρας
2666 1719 2767 1789 τῆς
2794 1720 2907 1774 άνω
2937 1720 2994 1772 ἐν
3024 1722 3091 1791 τῇ
3126 1720 3231 1792 ὁδῷ
3261 1720 3357 1775 τοῦ
3382 1720 3557 1794 ἀγροῦ
3591 1721 3684 1776 τοῦ

2100 1812 2371 1884 κναφέως.
2407 1813 2518 1866 Καὶ
2556 1810 2745 1884 ἐξῆλθε
2796 1812 2932 1884 πρὸς
2984 1812 3146 1867 αὑτὸν
3205 1814 3487 1887 Ἐλιακεὶμ
3528 1815 3559 1870 6
3589 1813 3685 1870 τοῦ

417 1890 585 1950 Joach
614 1894 758 1949 Illius
779 1894 988 1966 Asaph,
1012 1911 1043 1951 a
1070 1896 1498 1952 commentariis.
1530 1914 1551 1948 ›
1578 1894 1843 1951 Mirabilis
1865 1908 1996 1949 sane

2103 1871 2357 1970 Χελκίου,
2385 1904 2415 1956 6
2437 1871 2739 1974 οῖκονύμος,
2768 1871 2862 1956 καί.
2886 1871 3098 1975 έομνᾶς
3129 1905 3157 1957 6
3180 1871 3563 1977 γραμματεὺς,
3594 1907 3688 1961 καὶ

421 1999 505 2043 est
534 1987 647 2042 haec
674 1988 902 2043 historia
925 1997 980 2044 et
1003 1988 1247 2043 narratio
1272 2002 1453 2043 rerum
1479 1987 1728 2042 Ezechiae
1753 1995 1996 2056 tempore

2115 1997 2274 2068 Ἶωὰχ
2302 1998 2331 2049 ὁ
2358 1995 2455 2049 τοῦ
2515 1994 2709 2064 Ἀσάφ,
2746 1996 3338 2068 ύπομνηματογράφος.
3363 2018 3382 2049 ι
3455 1997 3690 2069 Ἱστορίας

420 2088 740 2151 gestarum:
791 2097 912 2153 qua:
962 2083 1106 2137 inter
1151 2081 1390 2152 reliquas
1439 2081 1697 2137 historias
1749 2081 1804 2135 in
1858 2081 1996 2136 libro

2106 2072 2205 2160 μέν
2243 2089 2390 2142 ἐστιν
2424 2090 2458 2159 ἡ
2488 2086 2824 2160 προκειμένη
2850 2087 2944 2140 καὶ
2964 2088 3212 2160 διήγησις
3238 2089 3525 2162 θαυμαστὴ
3547 2107 3689 2162 πρα-

418 2185 616 2243 quarto
667 2175 874 2245 Regum
920 2184 974 2231 ct
1024 2175 1077 2230 in
1133 2176 1381 2231 secundo
1421 2172 1868 2245 Paralipomenon
1912 2189 1996 2231 re-

2101 2181 2328 2252 γμάτων
2353 2180 2492 2235 κατὰ
2518 2180 2646 2244 τοὺς
2668 2180 2892 2252 χρόνους
2920 2180 3163 2245 Ἐζεκίου
3185 2181 3508 2254 γενομένων·
3545 2183 3691 2237 ἀνεί-

417 2276 694 2323 censetur.
731 2268 986 2324 Attamen
1016 2282 1080 2323 ea
1112 2267 1241 2324 huic
1269 2266 1589 2339 prophetico
1624 2265 1764 2322 libro
1793 2266 1996 2322 inserta

2101 2272 2304 2344 ληπται
2335 2271 2391 2326 δὲ
2429 2272 2568 2343 μετὰ
2600 2270 2710 2325 τῶν
2742 2271 2943 2326 λοιπῶν
2979 2273 3232 2345 ἱστοριῶν
3263 2275 3322 2328 ἐν
3354 2277 3421 2347 τῇ
3448 2276 3687 2347 τετάρτῃ

318 2372 327 2377 '
420 2359 540 2425 fuit,
570 2362 699 2432 quia
733 2361 837 2417 sub
875 2361 1040 2417 linem
1082 2361 1326 2416 historiae
1366 2369 1478 2415 tum
1516 2360 1830 2432 prophetia,
1885 2371 1996 2414 tum

2101 2362 2207 2417 τῶν
2249 2361 2566 2429 Βασιλειῶν,
2598 2362 2693 2417 καλ⁸
2732 2364 2790 2417 ὲν
2821 2366 2888 2436 τῇ
2941 2363 3172 2437 δευτέρᾳ
3204 2364 3311 2419 τῶν
3348 2367 3690 2438 Παραλειπο-

420 2466 506 2507 res
532 2453 775 2521 quaedam
802 2452 1065 2508 mirabilis
1090 2463 1146 2509 et
1174 2453 1566 2524 inexspectata,
1594 2453 1843 2509 Ezechia:
1868 2463 1999 2508 tem-

420 2558 553 2610 νοτε
582 2555 732 2617 gesta
763 2555 1039 2601 narratur.

2100 2452 2298 2525 μένων.
2314 2454 2504 2523 Ὅμως
2525 2452 2570 2506 δ’
2589 2447 2682 2507 οὖν
2702 2453 2796 2507 καὶ
2821 2454 2878 2506 ὲν
2899 2456 2965 2524 τῇ
2998 2453 3134 2526 μετὰ
3154 2458 3341 2528 χεῖρας
3375 2460 3688 2532 προφητικῇ

2100 2543 2267 2616 βίϐλῳ
2287 2542 2709 2616 καταϐέϐληται,
2725 2543 2812 2597 διά
2833 2544 2895 2597 τὸ
2924 2545 3259 2617 ὲμφέρεσθαι
3290 2547 3428 2619 πρὸς
3451 2548 3512 2602 τὸ
3539 2547 3689 2613 τέλος

416 2637 517 2707 τῆς
560 2637 803 2711 ἱστορίας
860 2639 1220 2711 προφητείαν,
1282 2637 1377 2693 καί
1417 2655 1540 2691 τινα
1570 2637 1814 2709 μεγάλην
1846 2637 1941 2691 καὶ
2002 2637 2304 2710 παράδοξον
2379 2636 2577 2709 πρᾶξιν
2627 2636 3064 2690 ἐπιτελεσθεῖσαν
3117 2638 3256 2693 κατά
3301 2636 3428 2705 τοὺς
3468 2642 3691 2713 χρόνους

431 2727 694 2794 Ἐζεκίου.

429 2906 434 2912 _
492 2821 655 2880 Vens.
685 2824 740 2878 4.
765 2844 784 2877 ι
823 2824 890 2879 Ει
915 2826 1055 2880 dixit
1075 2826 1156 2882 eis
1182 2825 1489 2882 Rabsaces:
1516 2823 1688 2880 Dicite
1707 2824 1989 2880 Ezechiae:

423 2915 550 2970 liae
585 2916 718 2970 dicit
749 2930 839 2972 rex
870 2932 1119 2987 magnus,
1157 2933 1250 2971 rex
1281 2918 1663 2990 Assyriorum:
1698 2916 1838 2983 Quid
1865 2931 1996 2971 con—

2181 2843 2199 2875 c
2231 2822 2341 2878 Καὶ
2375 2817 2527 2877 εἶπεν
2569 2819 2753 2884 αὐτοῖς
2792 2818 3122 2891 Ῥαϐσάκης⁶
3158 2819 3366 2875 Εἴπατε
3434 2820 3688 2897 Ἐζεκίᾳ’

2102 2914 2242 2969 Τάδε
2270 2914 2420 2985 λέγει
2449 2916 2478 2968 6
2507 2913 2759 2985 βασιλεὺς
2780 2914 2810 2966 6
2836 2915 3029 2985 μέγας,
3059 2913 3312 2984 βασιλεὺς
3355 2916 3687 2988 Ἀσσυρίων·

419 3007 584 3063 lldis?
621 3025 641 3060 ›
677 3006 811 3062 Nam
839 3023 936 3063 ceu
968 3019 1206 3079 potestas
1237 3011 1483 3078 quaedam
1517 3006 1835 3080 prophetico
1873 3022 1993 3063 ser-

2101 3005 2168 3058 Τί
2200 3003 2479 3068 πεποιθὼς
2510 2999 2592 3069 ei;
2626 3022 2643 3055 ι
2686 3004 2897 3075 Ὥσπερ
2931 3005 3040 3074 γάρ
3071 3023 3156 3070 τις
3203 3006 3552 3080 ἀντικειμένη
3595 3005 3690 3061 δύ·-

430 3088 574 3154 moni
608 3100 921 3155 adversaria
959 3101 1182 3167 dicenti,
1219 3100 1343 3156 llaec
1386 3102 1520 3157 dicit
1579 3102 1838 3156 Dominus
1861 3139 1878 3166 ,
1919 3100 2000 3155 sic

417 3203 475 3246 et
518 3192 608 3247 ille
651 3193 970 3248 clamabat:
1014 3214 1034 3246 ι
1083 3192 1209 3249 Haec
1256 3190 1390 3249 dicit
1438 3208 1533 3249 rex
1583 3208 1848 3264 magnus,
1903 3204 1998 3247 rex

420 3283 789 3354 Assyriorum.
827 3304 847 3337 ι

489 3375 654 3431 Vens.
686 3375 743 3442 5,
768 3376 827 3433 ϐ.
866 3394 887 3429 ι
922 3377 1062 3433 Ecce
1093 3379 1319 3435 conﬁdis
1348 3379 1515 3449 virga:
1540 3379 1848 3434 arundinea:
1875 3376 1999 3435 huic

417 3470 744 3538 contractas,
809 3468 1085 3541 Egypto:
1132 3472 1218 3527 cui
1266 3472 1312 3528 si
1364 3472 1450 3528 vir
1494 3471 1779 3538 innitatur,
1832 3476 1998 3542 pene:

419 3560 584 3615 trahit
615 3575 831 3615 manum
863 3562 1000 3631 ejus.
1042 3562 1133 3618 Sic
1180 3572 1264 3619 est
1291 3563 1507 3619 Pharao
1547 3579 1641 3619 rex
1669 3562 1913 3635 Egypti,
1945 3572 2001 3620 et

417 3660 609 3707 omnes
640 3651 735 3722 qui
788 3653 1069 3709 conﬁdunt
1095 3654 1146 3711 in
1186 3670 1274 3711 eo.
1319 3674 1339 3708 ι
1376 3655 1724 3726 Sycophanta
1762 3671 1884 3710 cum
1909 3670 1999 3711 es-

416 3751 502 3797 set
525 3742 797 3809 inimicus,
822 3743 1112 3802 Ezechiam
1144 3745 1583 3802 calumniabatur
1613 3748 1820 3812 dicens,
1857 3745 2001 3802 Ecce

416 3832 647 3891 conﬁdis
693 3834 967 3907 Egypto,
1010 3846 1067 3893 et
1125 3835 1398 3895 Pharaoni
1452 3839 1566 3911 regi
1603 3836 1855 3910 Egypti,
1905 3837 1998 3906 qui

416 3923 709 3984 ﬁdentibus
757 3929 887 3996 sibi,
929 3941 985 3986 et
1027 3934 1476 4003 sperantibus'in
1516 3948 1614 3998 se,
1659 3934 1854 4004 quovis
1889 3932 1998 3987 ini-

417 4022 561 4076 mico
593 4023 833 4079 deterior
861 4034 967 4089 est,
1020 4028 1269 4082 nesciens
1308 4037 1464 4097 pacta
1515 4042 1737 4083 scrvare
1767 4040 1890 4081 cum
1932 4024 1999 4079 iis

415 4112 511 4178 qui
545 4112 612 4167 ad
658 4114 834 4184 ipsum
873 4114 1231 4187 confugiunt:
1275 4134 1446 4188 quare
1497 4119 1730 4175 similem
1769 4116 1846 4170 ait
1878 4130 2000 4169 esse

416 4204 583 4273 virgae
618 4206 842 4272 calami,
875 4223 995 4277 qua:
1032 4209 1196 4265 simul
1230 4221 1426 4266 natura
1463 4211 1693 4281 fragilis,
1721 4218 1777 4265 et
1808 4209 1875 4263 iis
1904 4207 1997 4279 qui

416 4295 517 4365 ipsi
547 4297 855 4356 innituntur
898 4302 1057 4357 noxia
1084 4311 1190 4359 est.

2100 3114 2266 3169 ναμις
2316 3096 2396 3168 τῷ
2445 3097 2769 3171 προφητικῷ
2803 3097 2880 3169 τῷ
2898 3099 3179 3169 φάσκοντι,
3215 3098 3355 3153 Τάδε
3397 3098 3545 3170 λέγει
3574 3101 3689 3153 Κύ-

2103 3203 2238 3260 ριος,
2270 3187 2366 3242 καὶ
2395 3182 2549 3252 οὗτος
2575 3187 2702 3241 ἐϐόα
2722 3204 2735 3219 ·
2784 3207 2803 3240 r
2830 3188 2970 3243 Τάδε
3006 3188 3153 3260 λέγει
3191 3189 3218 3243 6
3251 3190 3505 3261 βασιλεὺς
3531 3194 3559 3247 6
3591 3192 3690 3264 μὲ-

2100 3296 2224 3351 γας,
2251 3284 2280 3335 6
2307 3279 2559 3352 βασιλεὺς
2593 3280 2915 3354 Ἀσσυρίων.
2938 3300 2957 3334 ι

2176 3391 2196 3424 r
2233 3373 2363 3427 Ἰδοὺ
2397 3371 2673 3435 πεποιθὼς
2724 3369 2776 3426 εἴ
2828 3375 2921 3427 ἐπὶ
2982 3375 3082 3446 τὴν
3147 3375 3342 3445 ῥάϐδον
3392 3376 3491 3448 τὴν
3513 3377 3686 3431 καλά-

2105 3463 2264 3536 μίνην
2294 3464 2397 3537 τὴν
2425 3463 2796 3536 τεθλασμένην
2822 3465 3046 3537 ταύτην,
3078 3466 3164 3518 ἐπ’
3194 3465 3486 3534 Αἴγυπτον,
3514 3466 3589 3529 ὡς
3620 3466 3687 3520 ἂν

2100 3555 2462 3629 ἐπιστηριχθῇ
2499 3556 2638 3628 ἀνὴρ
2679 3557 2766 3609 ἐπ’
2796 3556 3002 3628 αὐτὴν,
3050 3555 3416 3610 εἰσελεύσεται
3467 3557 3548 3620 εἰς
3584 3558 3684 3627 τὴν

2100 3650 2261 3720 χεῖρα
2289 3647 2485 3703 αὐτοῦ’
2518 3647 2693 3713 οὕτως
2721 3647 2840 3701 ἐστὶ
2870 3646 3066 3720 Φαραὼ
3103 3647 3355 3718 βασιλεὺς
3381 3647 3681 3717 Αἰγύπτου,

2100 3741 2196 3794 καὶ
2226 3740 2428 3805 πάντες
2454 3739 2505 3794 oi
2534 3739 2854 3804 πεποιθότες
2890 3741 2976 3794 ἐπ’
3002 3740 3168 3812 αὐτῷ.
3193 3759 3212 3792 ι
3254 3740 3605 3811 Συκοφάντης
3628 3739 3686 3793 δὲ

2098 3829 2175 3885 ὢν
2229 3833 2258 3887 6
2309 3833 2503 3907 ἐχθρὸς
2551 3830 2947 3904 καταψεύδεται
2997 3832 3093 3887 τοῦ
3157 3834 3433 3900 Ἐζεκίου,
3485 3833 3684 3903 λέγων,

2113 3922 2243 3977 Ἰδοὺ
2278 3923 2557 3989 πεποιθὼς
2585 3920 2639 3979 εἴ
2666 3925 2754 3978 ἐπ’
2789 3923 3085 3995 Αἴγυπτον,
3117 3926 3213 3979 καὶ
3241 3925 3333 3978 ἐπὶ
3358 3923 3558 3997 Φαραὼ
3586 3922 3684 3995 βαι

2102 4016 2256 4069 σιλέα
2276 4014 2576 4087 Αἰγύπτου,
2591 4017 2652 4082 ὃς
2676 4018 2792 4082 τοῖς
2819 4018 3254 4091 ὲπερειδομένοις
3284 4019 3370 4072 ἐπ’
3399 4016 3568 4088 αὐτῷ,
3593 4016 3689 4071 καὶ

2099 4109 2461 4182 ὲπιθαῤῥοῦσι
2510 4110 2713 4174 παντὸς
2755 4111 2967 4182 γίνεται
3017 4112 3277 4184 πολεμίου
3323 4110 3545 4183 χείρων,
3589 4110 3687 4165 οὐκ

2098 4204 2258 4269 εἰδὼς
2286 4204 2575 4274 φυλάττειν
2610 4203 2711 4268 τὰς
2750 4203 3026 4274 συνθήκας
3056 4207 3168 4267 τοῖς
3202 4200 3503 4274 πρόσφυξιν
3522 4219 3536 4232 ·
3565 4200 3678 4255 ὅθεκ

2100 4297 2335 4350 ἐοικέναι
2368 4296 2532 4350 αὐτὸν
2561 4294 2743 4367 ῥάϐδῳ
2774 4294 3073 4365 καλαμίνῃ,
3102 4291 3240 4363 ὁμοῦ
3274 4292 3369 4345 καὶ
3398 4291 3460 4344 τὸ
3487 4290 3689 4363 σαθρὸν

2106 4390 2307 4463 ἐχούσῃ
2352 4392 2417 4444 ὲκ
2475 4390 2713 4459 φύσεως,
2751 4386 2844 4442 καὶ
2871 4387 2932 4440 τὸ
2967 4385 3228 4457 βλαϐερὸν
3259 4387 3373 4449 τοῖς
3409 4384 3685 4456 ἐπερειδο-

2107 4481 2287 4553 μένοις
2318 4482 2476 4552 αὐτῇ.

484 4558 653 4618 Vens.
680 4561 737 4618 7.
765 4581 784 4615 ι
817 4563 972 4631 Quod
999 4566 1044 4621 si
1075 4566 1276 4632 dicitis,
1306 4566 1363 4622 ln
1409 4568 1639 4623 Domino
1667 4567 1777 4624 Deo
1808 4580 1993 4626 nostro

2175 4593 2193 4624 ‹
2226 4572 2288 4625 Εἰ
2307 4571 2364 4625 δὲ
2391 4570 2599 4641 λέγετε,
2645 4568 2769 4624 Ἐπὶ
2800 4564 3005 4641 Κύριον
3034 4566 3126 4622 τὸν
3159 4566 3470 4639 Θεὸνήμῷν
3493 4570 3686 4624 πεποί-

414 4654 776 4711 conﬁdimus:
825 4671 1004 4713 annon
1042 4659 1158 4728 ipse
1189 4668 1308 4727 est,
1334 4661 1491 4731 cujus
1525 4661 1742 4718 excelsa
1774 4664 1996 4720 sustulit

417 4746 701 4813 Ezechias,
746 4756 803 4803 et
835 4749 1030 4804 altaria
1071 4750 1226 4819 ejus;
1261 4763 1321 4807 et
1368 4753 1509 4807 dixit
1545 4753 1699 4809 Judae
1738 4764 1794 4810 et
1835 4754 1997 4811 Jeru-

412 4836 843 4894 salem:Coram
875 4839 1030 4895 altari
1077 4841 1181 4896 isto
1222 4844 1491 4899 adorate?
1535 4863 1554 4895 ι
1602 4842 1721 4899 Non
1771 4844 1992 4915 ignora-

413 4929 541 4983 bant
575 4928 722 4983 enim
758 4929 994 4999 inimici,
1026 4930 1319 4987 Ezechiam
1348 4943 1403 4989 et
1430 4932 1525 5003 qui
1562 4948 1686 4989 cum
1714 4948 1781 4989 eo
1812 4942 1992 4998 erant,

411 5019 664 5087 precibus
700 5034 766 5074 ac
807 5020 913 5089 piis
952 5023 1299 5078 sermonibus
1330 5025 1397 5078 ad
1445 5028 1814 5095 superandum
1856 5039 1994 5093 opus

411 5112 636 5169 habere.
683 5112 809 5168 Haec
851 5114 968 5184 ipsa
1019 5115 1362 5171 criminando
1409 5116 1537 5171 dicit
1580 5116 1687 5171 dux
1740 5117 1996 5188 Assyrio—

411 5218 553 5269 rum,
608 5202 903 5261 Ezechiam
954 5209 1108 5276 quasi
1159 5219 1482 5278 pratsentem
1530 5208 1856 5279 alloquens:
1905 5209 1989 5264 cui

410 5295 672 5353 Ezechias
710 5309 767 5355 et
802 5300 894 5370 qui
929 5315 1055 5354 cum
1104 5315 1171 5355 eo
1214 5309 1389 5356 erant'
1413 5302 1528 5355 haec
1568 5301 1693 5372 jure
1740 5316 1995 5372 reposue-

408 5389 549 5445 rint:
588 5407 610 5441 ι
645 5389 711 5444 Ili
741 5392 795 5446 in
831 5392 1111 5460 curribus,
1155 5403 1211 5450 et
1249 5394 1304 5448 hi
1354 5397 1406 5447 in
1443 5395 1633 5465 equis;
1680 5411 1779 5454 nos
1813 5406 1993 5453 autem

411 5477 463 5531 in
512 5483 734 5538 nomine
790 5484 883 5540 Dei
928 5486 1099 5541 nostri
1139 5486 1521 5544 invocahimus
1547 5488 1614 5543 ⁵⁸.
1653 5508 1672 5542 ι

487 5657 650 5717 Viris.
681 5663 833 5720 8-H).
878 5687 895 5720 ι
936 5666 1090 5726 Nunc
1134 5671 1412 5743 adjuugite
1455 5688 1548 5731 vos
1596 5674 1825 5730 Domino
1873 5655 1995 5730 ιῖιεο

485 5868 527 5899 ’⁸
557 5869 699 5928 Ρδιιι.
738 5888 851 5940 xtx,
883 5874 936 5928 8.

2099 4663 2304 4734 θαμεν·
2360 4662 2462 4716 ούκ
2512 4660 2675 4726 αὑτός
2729 4661 2869 4724 ἐστι,
2922 4652 2985 4713 οὗ
3041 4659 3264 4729 ἀφεῖλεν
3328 4660 3576 4726 Ἐζεκίας
3618 4661 3688 4716 τὰ

2098 4754 2278 4826 ὑψηλὰ
2308 4754 2496 4819 αὐτοῦ,
2526 4753 2621 4807 καὶ
2653 4753 2725 4807 τὰ
2749 4750 3293 4825 θυσιαστήριααὺτοῦ
3311 4769 3327 4785 ο
3357 4753 3451 4806 καὶ
3467 4748 3589 4807 εἶπε
3611 4753 3688 4826 τῷ

2110 4846 2281 4919 Ἰούδᾳ
2319 4847 2414 4900 καὶ
2460 4849 2526 4918 τῇ
2592 4846 2987 4918 Ἰερουσαλήμ’
3044 4843 3203 4898 Κατὰ
3252 4844 3544 4915 πρόσωπον
3589 4845 3686 4899 τοῦ

2101 4937 2486 5009 θυσιαστηρίου
2505 4935 2696 4990 τούτου
2720 4935 3135 5008 προσκυνήσατε
3158 4949 3172 4999 ;
3197 4951 3214 4983 ι
3244 4933 3317 4986 Οὐ
3334 4931 3441 5004 γὰρ
3459 4931 3688 5001 ἠγνόουν

2099 5030 2149 5081 οἱ
2196 5028 2463 5100 πολέμιοι,
2516 5028 2598 5081 ὅτι
2639 5028 2706 5081 δι’
2738 5026 2916 5099 εὐχῶν
2960 5025 3186 5097 κρατεῖν
3238 5022 3332 5077 καὶ
3373 5022 3463 5076 διὰ
3515 5022 3691 5092 λόγων

2100 5121 2368 5174 θεοσεϐὦν
2390 5121 2471 5174 δεῖ
2496 5122 2588 5175 τὸν
2623 5120 2872 5185 Ἐζεκίαν
2898 5119 2992 5173 καλ⁵
3020 5116 3149 5180 τοὺς
3170 5117 3267 5168 σὺν
3298 5114 3465 5186 αὐτῷ.
3502 5114 3689 5170 Ταῦτα

2100 5214 2239 5268 αὐτὰ
2284 5213 2559 5267 διαϐάλλει
2591 5215 2621 5267 6
2649 5210 2745 5265 τοῦ
2791 5209 3080 5280 Ἀσσυρίου
3134 5205 3460 5279 στρατηγὸς,
3515 5206 3689 5275 λέγων

2101 5306 2177 5369 ὡς
2228 5305 2362 5377 πρὸς
2400 5305 2646 5376 παρόντα
2693 5304 2783 5358 τὸν
2830 5300 3110 5366 Ἐζεκίαν·
3147 5297 3285 5371 πρὸς
3322 5298 3381 5351 ὃν
3429 5298 3496 5352 ἂν
3536 5293 3690 5352 εἶπεν

2116 5398 2363 5462 Ἐζεκίας
2392 5398 2487 5450 καὶ
2524 5398 2575 5450 οἱ
2625 5394 2723 5449 σὺν
2752 5392 2931 5465 αὐτῷ’
2973 5410 2994 5444 ι
3019 5385 3179 5446 Οὗτοι
3219 5390 3278 5443 ἐν
3327 5391 3559 5462 ἅρμασι,
3596 5390 3690 5444 καὶ

2104 5484 2251 5545 οὗτοι
2276 5491 2333 5545 ὲν
2359 5491 2549 5554 ἵπποις
2567 5507 2581 5519 ο
2618 5491 2778 5561 ἡμεῖς
2802 5487 2863 5543 δὲ
2896 5488 2957 5541 ὲν
2982 5486 3210 5557 ὀνόματι
3236 5484 3331 5539 τοῦ
3360 5485 3497 5539 Θεοῦ
3528 5484 3688 5557 ἡμῶν

2107 5582 2560 5654 ἐπικαλεσάμεθα.
2597 5600 2614 5631 ι

2182 5694 2200 5728 ι
2231 5675 2344 5729 Νῦν
2380 5672 2608 5745 μίχθητε
2642 5671 2720 5742 τῷ
2762 5671 2954 5744 Κυρίῳ
2989 5689 3089 5742 μου
3123 5669 3202 5742 τῷ
3248 5670 3456 5742 βασιλεῖ
3500 5670 3681 5723 Ἀσσυ-
