4118 6430
359 421 471 478 515

1251 401 1757 462 COMMENTARIA
1797 397 1861 454 IN
1904 396 2158 454 ISAIAM.
2202 427 2268 440 ο-
2305 393 2459 448 CAP.
2500 385 2743 444 XXXVI.

3527 371 3631 428 366

368 538 523 610 ρίων,
557 534 651 586 καὶ
683 528 839 583 δώσω
887 528 1013 597 ὑμῖν
1045 524 1309 594 δισχιλίαν
1343 522 1546 583 ἵππων,
1578 521 1624 572 εἰ
1660 514 1954 587 δυνήσεσθε

2089 512 2170 580 egi
2207 508 2574 580 Assyriorum,
2623 511 2678 555 et
2723 501 2865 554 dabo
2911 494 3064 548 vobis
3107 492 3214 545 aluo
3249 487 3416 542 millia
3445 502 3633 553 .equo-

2261 602 2271 610 '
2471 596 2527 610 ”-“
2611 596 2718 610 ’κη
2757 601 2995 610 λ--λι---ιι-
3035 599 3219 610 λιιι-ι...-
3275 579 3332 610 L‘n
3369 579 3633 610 ...ιηηηηιη

365 607 555 684 δοῦναι
587 625 861 686 ἀναϐάτας
894 622 979 673 ἐπ’
1011 617 1226 680 αύτούς.
1259 616 1368 670 Καὶ
1403 613 1520 675 πῶς
1558 607 1786 664 δύνασθε
1820 608 1956 660 ἀπο-

371 720 605 793 στρέψαι
638 719 718 780 εἰς
749 715 1041 788 πρόσωπον
1071 711 1179 763 τῶν
1209 704 1528 776 τοπαρχῶν;
1567 702 1787 756 Οἰκέται
1821 698 1958 750 εἰσὶν

368 817 422 869 οἱ
453 810 775 873 πεποιθότες
806 807 890 859 ἐπ’
921 804 1270 874 Αἰγυπτίους.
1303 800 1412 852 Καὶ
1439 796 1535 850 νῦν
1578 793 1651 866 μὴ
1688 793 1815 846 ἄνευ
1846 793 1959 844 Κυ-

373 909 496 979 ρίου
531 903 804 973 ἀνέϐημεν
839 899 932 951 ἐπὶ
972 897 1071 967 τὴν
1110 893 1294 966 χώραν
1332 890 1570 961 ταύτην;
1606 885 1811 957 Κύριος
1839 880 1957 935 εἶπε

375 977 516 1071 πρὸς
548 997 614 1069 μέ
634 1015 646 1026 ⁸
686 992 940 1064 Ἀνὰϐηθι
976 990 1069 1043 ἐπὶ
1087 988 1185 1059 τὴν
1207 987 1312 1057 γῆν
1335 984 1559 1053 ταύτην,
1591 980 1683 1034 καὶ
1714 977 1958 1046 διάφθει-

377 1110 474 1164 ρον
527 1089 716 1158 αὐτήν.
745 1107 763 1137 ι
802 1087 1007 1154 Δεῖγμα
1051 1081 1126 1147 δὲ,
1176 1079 1360 1149 φησὶν,
1415 1073 1640 1145 ἐναργὲς
1684 1070 1780 1124 τοῦ
1820 1067 1962 1122 κατὰ

375 1182 708 1253 πρόσταγμα
755 1175 890 1229 θεοῦ
937 1173 1110 1228 ταῦτα
1158 1167 1512 1240 γεγενῆσθαι,
1555 1166 1616 1220 τὸ
1640 1165 1737 1236 τὴν
1777 1162 1961 1232 Σαμά-

377 1292 534 1346 ρειαν
563 1271 702 1325 ἑλεῖν
730 1269 823 1322 καὶ
853 1267 1028 1320 πάντα
1049 1265 1139 1318 τὸν
1180 1261 1394 1334 Ἰσραὴλ
1416 1260 1724 1328 ἀπαγαγεῖν
1755 1253 1959 1325 αἰχμά-

374 1367 571 1418 λωτον.
622 1363 711 1424 Ὠς
763 1359 870 1431 γάρ
910 1359 1149 1420 ἐκείνους
1182 1354 1443 1422 ἀδελφοὺς
1474 1353 1632 1415 ὖντας
1663 1347 1962 1419 ὑμετέρους

376 1452 545 1519 εἶλον,
587 1456 686 1508 ούκ
717 1454 890 1516 ἄλλως
931 1451 964 1522 ἢ
1002 1449 1096 1503 τοῦ
1129 1447 1263 1502 Θεοῦ
1307 1445 1648 1517 βουλομένου,
1679 1443 1770 1496 τὸν
1803 1440 1962 1493 αὑτὸν

375 1551 577 1624 τρόπον
612 1546 776 1600 αὑτοῦ
809 1544 1037 1615 νεύματι
1065 1523 1158 1597 καὶ
1182 1542 1326 1612 ὑμᾶς
1356 1538 1627 1609 λήψομαι.
1664 1534 1786 1587 Εἴτε
1818 1533 1874 1586 δὲ
1901 1534 1966 1586 ὲκ

374 1642 473 1696 τοῦ
503 1642 710 1703 εἰκότος
732 1638 906 1690 ταῦτα
939 1636 1146 1705 ἔφασκε
1181 1631 1574 1704 στοχαζόμενος
1599 1627 1661 1680 τὸ
1692 1643 1964 1698 κεκρατη-

377 1735 533 1789 κέναι
588 1731 682 1786 τοῦ
733 1729 1165 1803 χρηματίζοντος
1215 1725 1344 1778 λαοῦ
1378 1724 1469 1778 τοῦ
1517 1720 1677 1786 Θεοῦ,
1709 1718 1853 1786 λέγω
1900 1716 1964 1787 δὴ

373 1828 473 1881 τοῦ
520 1824 739 1898 Ἰσραήλ
763 1841 776 1855 ο
814 1823 924 1876 εἴτε
945 1822 1038 1874 καὶ
1070 1819 1285 1892 ἀληθῶς
1319 1817 1535 1888 ᾔσθετο,
1571 1811 1702 1865 Θεοῦ
1721 1809 1960 1864 ὑποϐάλ-

387 1872 472 1881 -π
539 1872 739 1898 "rm."
1075 1872 1102 1875 -γ
1161 1872 1171 1892 ,
1265 1872 1282 1883 ,
1327 1872 1351 1888 η
1526 1872 1534 1877 .

373 1919 562 1980 λοντος
591 1913 759 1968 αὑτοῦ
793 1916 902 1976 τοῖς
935 1912 1215 1982 λογισμοῖς
1246 1911 1313 1980 τῇ
1345 1907 1451 1962 τῶν
1495 1905 1761 1960 Ἰουδαίων
1799 1901 1958 1953 ἐπελ-
2001 1872 2038 1927 Β

377 2007 494 2060 θεῖν
527 2004 701 2076 χώρᾳ,
732 2002 819 2056 διὰ
853 2002 948 2065 τάς
1001 1998 1397 2070 πεπραγμένας
1429 1997 1612 2058 αὐτοῖς
1643 1992 1840 2056 κακίας
1873 1993 1965 2044 καὶ

380 2097 749 2171 παρανομίας.

464 2232 482 2262 ι
510 2214 620 2265 Kal.
676 2209 796 2263 εἷπε
857 2207 993 2278 πρὸς
1032 2204 1193 2258 αὐτὸν
1239 2201 1544 2271 Ἐλιακείμ,
1594 2198 1688 2252 καὶ
1733 2197 1967 2268 Σομνᾶς,

393 2303 488 2356 καὶ
523 2303 710 2372 ἰωάχ·
745 2299 992 2370 Λάλησον
1025 2299 1160 2368 πρὸς
1192 2297 1317 2358 τοὺς
1353 2293 1547 2356 παῖδάς
1579 2309 1675 2344 σου
1709 2288 1965 2360 Συριστί·

395 2393 665 2465 ἀκούομεν
692 2393 797 2464 γὰρ
828 2393 989 2462 ἡμεῖς
1009 2407 1022 2421 ο
1065 2389 1158 2442 καὶ
1194 2387 1268 2458 μὴ
1301 2385 1451 2439 λάλει
1485 2384 1619 2453 πρὸς
1650 2383 1797 2452 ἡμᾶς
1837 2380 1969 2432 Ἰου-

389 2485 589 2540 δαῖστί.
626 2485 732 2538 Καὶ
763 2484 845 2538 ἵνα
878 2483 931 2535 τί
961 2481 1142 2544 λαλεῖς
1175 2482 1257 2542 εἰς
1285 2479 1353 2532 τὰ
1383 2475 1496 2531 ὦτα
1524 2475 1632 2529 τῶν
1671 2473 1971 2545 ἀνθρώπων

386 2579 484 2631 ἐπὶ
507 2577 585 2648 τῷ
611 2577 811 2646 τείχει;
840 2596 857 2627 ι
894 2575 1172 2646 Τηρητέον
1199 2573 1277 2635 δὲ,
1305 2573 1379 2636 ὡς
1419 2571 1512 2624 καὶ
1537 2569 1645 2623 τῶν
1673 2571 1731 2621 ὲν
1759 2567 1972 2628 τούτοις

392 2668 810 2740 ὀνομαζομένων
849 2665 1078 2738 ἀνδρῶν,
1130 2665 1272 2733 λέγω
1304 2663 1368 2734 δὴ
1412 2661 1505 2715 τοῦ
1567 2659 1852 2729 Ἐλιακείμ
1879 2657 1974 2709 καὶ

383 2760 481 2814 τοῦ
514 2761 713 2830 Σομνᾶ.
740 2758 835 2812 καὶ
877 2757 964 2810 διὰ
993 2756 1099 2809 τῶν
1139 2753 1448 2827 ἔμπροσθεν
1487 2752 1707 2824 μνήμην
1740 2751 1977 2803 ἐποιεῖτο

383 2856 415 2908 6
441 2854 727 2924 προφήτης
747 2853 806 2904 ὲν
827 2849 904 2921 τῷ
929 2851 1133 2921 ῥήματι
1157 2848 1257 2918 τῆς
1284 2843 1567 2917 φάραγγος
1593 2843 1750 2898 Σιών.
1789 2843 1981 2909 ’Λναγ-

386 2945 523 2999 καία
570 2945 628 2998 δέ
675 2947 825 3000 ἐστιν
871 2946 904 3015 ἡ
957 2943 1281 3014 ἐπετήρησις
1324 2941 1404 3003 εἰς
1447 2939 1509 2992 τὸ
1561 2935 1868 3008 ἐφαρμόσαι
1911 2935 1978 3004 τῇ

389 3037 733 3110 προκειμένῃ
780 3035 991 3108 ἱστορίᾳ
1040 3033 1166 3096 τοὺς
1219 3035 1276 3084 ἐν
1327 3031 1510 3102 ἐκείνῃ
1549 3032 1616 3100 τῇ
1673 3026 1983 3100 προφητείᾳ

391 3130 731 3203 φερομένους
800 3128 1010 3196 λόγους.
1053 3126 1191 3179 Φασὶ
1234 3123 1291 3177 δὲ
1342 3124 1532 3186 παῖδες
1589 3120 1853 3192 Ἐϐραίων
1890 3116 1982 3170 τὸν

391 3223 606 3294 Σομνᾶν
625 3221 814 3274 τοῦτον
839 3217 1206 3289 αὐτομολῆσαι
1241 3215 1376 3287 πρὸς
1396 3214 1488 3268 τὸν
1519 3211 1802 3283 Ἀσσύριον
1830 3209 1985 3262 ὓστε-
2010 3221 2053 3278 C

400 3329 508 3383 ρον,
539 3311 719 3379 δεξιὰν
754 3309 904 3381 αὐτῷ
939 3312 1035 3363 σὺν
1077 3309 1285 3380 ἑτέροις
1328 3305 1598 3360 δεδωκότα
1648 3303 1736 3357 διὰ
1780 3302 1872 3356 τὸν
1922 3300 1982 3367 ἐξ

406 3403 563 3458 αὑτοῦ
600 3404 798 3473 φόϐον·
838 3403 932 3455 καὶ
979 3401 1169 3454 τούτου
1200 3401 1358 3471 χάριν
1393 3398 1482 3451 διὰ
1528 3397 1638 3450 τῶν
1674 3391 1984 3466 ἔμπροσθεν

402 3495 890 3570 προφητευθέντων
925 3495 1051 3564 περὶ
1088 3493 1253 3546 αὐτοῦ
1288 3492 1559 3545 λέλεκται.

475 3605 495 3639 ι
518 3585 632 3640 Καὶ
658 3579 781 3639 εἶπε
815 3584 952 3655 πρὸς
984 3582 1181 3646 αὐτοὺς
1224 3581 1536 3649 Ῥαϐσάκης
1555 3595 1569 3608 ’
1604 3576 1696 3648 Μὴ
1727 3575 1864 3646 πρὸς
1895 3572 1986 3626 τὸν

403 3677 593 3747 κύριον
628 3676 804 3747 ὑμῶν,
839 3676 872 3746 ἦ
914 3676 1050 3747 πρὸς
1107 3675 1253 3745 ὑμᾶς
1285 3670 1595 3726 ἀπέσταλκε
1637 3687 1702 3740 με
1734 3671 1762 3722 6
1797 3664 1986 3738 κύριός

403 3783 530 3836 μου,
563 3765 792 3837 λαλῆσαι
827 3765 953 3828 τοὺς
983 3765 1173 3832 λόγους
1216 3762 1472 3824 τούτους;
1512 3759 1647 3830 Οὐχὶ
1679 3757 1816 3828 πρὸς
1859 3755 1988 3817 τοὺς

398 3855 725 3928 ἀνθρώπους
761 3856 887 3917 τοὺς
920 3854 1266 3925 καθημένους
1299 3851 1390 3903 ἐπὶ
1421 3848 1500 3919 τῷ
1536 3849 1726 3918 τείχει,
1761 3847 1848 3898 ἵνα
1884 3843 1988 3914 φά-

401 3963 542 4014 γωσι
571 3946 797 4016 κόπρον,
827 3945 920 3997 καὶ
947 3945 1144 3996 πίωσιν
1167 3939 1327 4012 οὖρον
1358 3940 1474 4011 μεθ’
1507 3938 1662 4010 ὑμῶν
1695 3938 1811 4007 ἅμα
1835 3952 1849 3999 ;
1879 3934 1992 3987 Καὶ

403 4038 540 4107 ἔστη
581 4037 914 4106 Ῥαὸσάκης,
961 4036 1055 4087 καὶ
1088 4033 1348 4102 ἀνεϐόησε
1395 4033 1547 4101 φωνῇ
1599 4028 1811 4100 μεγάλῃ
1855 4028 1990 4080 Ἰου-

401 4126 584 4180 δαῖστὶ
623 4127 717 4179 καὶ
749 4121 900 4178 εἶπεν
920 4141 934 4155 ο
983 4123 1277 4175 ’Λκούσατε
1309 4122 1433 4184 τοὺς
1467 4120 1658 4188 λόγους
1691 4117 1785 4170 τοῦ
1836 4116 1992 4186 βασι-

403 4220 546 4285 λέως
575 4220 670 4273 τοῦ
707 4219 962 4290 μεγάλου,
1003 4217 1265 4288 βασιλέως
1311 4213 1629 4284 ’Λσσυρίων.
1667 4210 1808 4266 Τάδε
1844 4209 1993 4277 λέγει

407 4317 436 4368 6
468 4313 752 4385 βασιλεύς·
794 4313 886 4384 Μὴ
917 4311 1181 4366 ἀπατάτω
1213 4311 1357 4381 ὑμᾶς
1395 4307 1642 4371 Ἐζεκίας
1687 4305 1893 4374 λόγοις·
1931 4302 1991 4354 ού

407 4407 630 4478 δύνηται
665 4405 930 4478 ῥύσασθαι
970 4405 1134 4474 ὑμᾶς.
1171 4403 1282 4457 Καὶ
1339 4400 1414 4473 μὴ
1444 4399 1648 4468 λεγέτω
1680 4399 1808 4469 ὑμῖν
1844 4395 1995 4459 Ἐζε-

411 4501 559 4563 κίας,
594 4500 678 4553 ὅτι
710 4501 931 4569 ῥύσεται
965 4499 1108 4568 ὑμᾶς
1135 4496 1164 4548 ὁ
1191 4495 1343 4558 Θεὸς,
1385 4493 1479 4547 καὶ
1512 4495 1574 4546 οὐ
1610 4493 1683 4563 μὴ
1715 4490 1994 4562 παραδοθῇ

411 4597 446 4665 ἠ
467 4594 620 4657 πόλις
645 4591 783 4663 αὕτη
816 4593 872 4644 ἐν
906 4593 1048 4662 χειρὶ
1071 4589 1336 4661 βασιλέως
1351 4587 1669 4658 Ἀσσυρίων.
1687 4583 1778 4655 Μὴ
1806 4582 1994 4636 ἀκούε-

410 4707 473 4743 τε
541 4685 802 4751 Ἐζεκίου.
831 4683 968 4736 Τάδε
1025 4683 1173 4750 λέγει
1207 4683 1235 4733 ὁ
1268 4681 1520 4752 βασιλεὺς
1564 4679 1863 4750 Ἀσσυρίων
1886 4696 1898 4708 ·
1932 4678 1996 4731 Εἰ

415 4779 672 4850 βούλεσθε
726 4773 1108 4844 εύλογηθῆναι,
1157 4772 1520 4843 έκπορεύεσθε
1587 4771 1723 4841 πρὸς
1769 4770 1862 4841 μὲ,
1903 4769 1999 4822 καὶ

321 4951 324 4959 Ι
417 4871 657 4944 φάγεσθε
685 4870 913 4928 ἕκαστος
939 4865 1038 4936 τὴν
1071 4864 1312 4932 ἄμπελον
1347 4863 1510 4916 αὐτοῦ
1544 4863 1638 4915 καὶ
1667 4862 1766 4924 τὰς
1805 4862 1997 4924 συκᾶς,

417 4965 512 5019 καὶ
541 4960 731 5014 πίεσθε
763 4957 907 5027 ὕδωρ
935 4958 998 5008 ἐκ
1026 4953 1121 5008 τοῦ
1154 4951 1358 5005 λάκκου
1390 4953 1572 5022 ὑμῶν·
1608 4952 1712 5015 ἓως
1746 4952 1813 5006 ἂν
1838 4950 1997 5016 ἔλθω,

417 5057 513 5111 καὶ
539 5055 688 5108 λάϐω
739 5053 887 5122 ὑμᾶς
925 5043 1012 5112 ἐἰς
1055 5048 1183 5116 γῆν,
1216 5047 1290 5110 ὡς
1324 5049 1356 5116 ἡ
1388 5047 1458 5116 γῆ
1493 5045 1668 5116 ὑμῶν,
1702 5045 1776 5115 γῆ
1827 5045 1998 5109 σίτου,

416 5147 512 5199 καὶ
550 5143 694 5197 οἴνου
725 5141 818 5193 καὶ
846 5139 1050 5210 ἄρτων,
1078 5137 1174 5190 καὶ
1213 5133 1569 5207 ἀμπελώνων.
1603 5137 1695 5205 Μὴ
1741 5134 2004 5188 ἀπατάτω

415 5236 564 5307 ὑμᾶς
607 5233 875 5298 Ἐζεκίας,
924 5230 1128 5299 λέγων·
1171 5229 1229 5282 '0
1267 5227 1399 5291 Θεὸς
1442 5226 1664 5298 ῥύσεται
1709 5228 1877 5298 ἡμᾶς.
1912 5225 2004 5296 Μὴ

418 5325 722 5398 ἐρρύσαντο
760 5323 810 5375 οἱ
856 5321 970 5374 θεοὶ
1002 5320 1109 5374 τῶν
1143 5319 1348 5382 ἐθνῶν,
1387 5319 1618 5381 ἕκαστος
1680 5318 1779 5388 τὴν
1810 5317 2004 5371 ἑαυτοῦ

419 5417 604 5488 χώραν
637 5417 702 5469 ὲκ
744 5414 942 5496 χειρὸς
969 5411 1233 5483 βασιλέως
1279 5411 1615 5481 Ἀσσυρίων;
1651 5409 1762 5462 Ποῦ
1805 5411 1952 5461 ἐστιν
1980 5411 2008 5462 ὁ

420 5509 544 5572 θεὸς
595 5505 790 5577 Ἐμὰθ,
841 5505 936 5557 καὶ
977 5503 1221 5575 Ἀρφάθς
1272 5502 1367 5556 καὶ
1400 5499 1504 5554 ποῦ
1541 5503 1570 5554 6
1605 5500 1740 5564 Θεὸς
1778 5501 1877 5570 τῆς
1907 5500 2007 5552 πό-

421 5602 560 5664 λεως
606 5599 1017 5669 Ἐκιραρουαῖμ;
1065 5596 1157 5666 Μὴ
1203 5595 1456 5650 ἐδύναντο
1506 5592 1772 5665 ῥύσασθαι
1820 5592 2008 5662 Σαμά-

432 5709 580 5762 ρειαν
605 5693 669 5746 ἐκ
701 5690 882 5762 χειρός
917 5705 1054 5760 μου;
1083 5709 1100 5739 ι
1127 5675 1604 5757 Ούδὲνδιαφέρειν
1645 5683 1882 5754 νομίζων
1919 5685 2011 5736 τὸν

429 5787 489 5836 ὲν
513 5784 580 5855 τῇ
620 5779 975 5853 Ἰερουσαλὴμ
1011 5778 1322 5850 τιμώμενον
1349 5779 1456 5831 τῶν
1494 5776 1644 5847 παρά
1676 5779 1788 5838 τοῖς
1834 5775 2012 5836 ἄλλοις

430 5872 608 5927 ἔθνεσι
634 5871 1061 5942 πεπλανημένως
1091 5869 1230 5923 θεῶν
1253 5869 1643 5940 νομιζομένων.
1671 5869 1808 5921 Κατ’
1831 5865 2009 5935 ὀλίγον

2059 619 2199 663 rum,
2229 602 2272 655 si
2309 579 2560 670 pateritis
2592 596 2723 647 dare
2753 601 2998 645 sessores
3033 599 3242 638 eorum.
3275 579 3340 632 Et
3369 579 3636 646 quonnnlo

2058 694 2284 764 pote-'tis
2328 702 2478 744 stare
2515 691 2568 741 in
2617 689 2912 752 conspectu
2963 669 3394 744 toparcharum?
3442 668 3636 720 Dome-

2057 762 2179 840 stici
2224 794 2382 846 sunt,
2431 781 2521 850 qui
2585 773 2857 845 Egyptiis
2911 768 3212 824 conlidunt.
3250 762 3326 816 -Ει
3381 773 3523 813 nunc
3568 773 3637 807 an

2058 882 2265 946 absque
2309 874 2536 927 Domino
2575 864 2920 921 ascendimus
2974 860 3028 914 in
3084 869 3286 911 terram
3324 849 3502 906 hanc?
3540 847 3641 900 Do-

2064 940 2242 1024 minus
2275 967 2416 1020 dixit
2445 963 2575 1017 mihi
2611 978 2624 1012 :
2663 955 2915 1011 Asccnde
2946 952 2999 1006 in
3034 959 3231 1003 terram
3260 945 3420 1006 hanc,
3452 951 3507 994 et
3535 940 3642 992 dis-

2060 1063 2225 1131 perde
2255 1074 2398 1114 eam.
2430 1076 2450 1108 ι
2491 1057 2907 1122 Argumentum,
2937 1042 3135 1112 inquit,
3157 1036 3507 1093 manifestum
3540 1041 3644 1090 cst,

2061 1124 2176 1210 hazc
2213 1153 2367 1221 jussu
2400 1147 2493 1204 Dei
2534 1153 2758 1215 peracta
2799 1139 2988 1198 fuisse,
3023 1131 3166 1197 quod
3208 1130 3297 1184 ille
3337 1124 3640 1181 Samariam

2061 1240 2479 1314 CXpugllaveril,
2510 1247 2564 1291 et
2594 1234 2906 1288 universum
2940 1224 3194 1283 lsraelem
3239 1220 3512 1290 captivum
3544 1216 3641 1270 ab-

2063 1307 2298 1389 duxerit.
2337 1323 2806 1396 Quemadmodum
2841 1317 2988 1372 enim
3016 1328 3141 1378 eos,
3182 1310 3276 1380 qui
3316 1307 3515 1361 fratres
3558 1317 3649 1356 ve—

2063 1429 2163 1482 stri
2204 1432 2364 1486 sunt,
2407 1434 2513 1474 non
2543 1415 2704 1470 aliter
2758 1424 2920 1481 quam
2959 1407 3070 1461 Deo
3111 1404 3346 1467 volente,
3393 1399 3533 1468 cepi,
3573 1397 3646 1449 ita

2055 1528 2121 1574 et
2148 1518 2265 1585 ejus
2320 1522 2452 1568 nutu
2493 1524 2590 1563 vos
2624 1506 2856 1572 capiam.
2901 1500 3024 1554 llaec
3056 1511 3221 1568 porro
3257 1495 3373 1550 sive
3415 1508 3482 1546 ex
3533 1488 3645 1543 veri

2067 1582 2423 1665 similitudine
2460 1601 2696 1663 dicebat,
2747 1597 2876 1652 hinc
2911 1593 3228 1662 conjectura
3271 1589 3464 1650 ducta,
3508 1582 3650 1653 quod

2065 1717 2232 1766 eum,
2269 1699 2365 1770 qui
2414 1693 2645 1766 populus
2691 1691 2784 1745 Dei
2817 1687 3150 1749 vocabatur,
3195 1679 3448 1736 Israelem
3493 1677 3650 1738 dico,

2067 1800 2477 1864 expugnasset;
2521 1789 2639 1843 sive
2683 1783 2829 1854 quod
2877 1793 3063 1835 revera
3099 1776 3357 1836 sentiret,
3397 1788 3426 1824 a
3465 1771 3572 1824 Deo
3596 1783 3656 1822 ω

2071 1891 2137 1942 ad
2178 1886 2488 1941 Judaeorum
2541 1890 2743 1934 terram
2807 1871 3167 1928 invadendam
3211 1865 3470 1920 immissis
3515 1861 3659 1930 cogi-

2073 1979 2373 2035 tationibus
2418 1972 2704 2044 instigari,
2739 1970 2810 2024 ob
2852 1964 2995 2021 mala
3039 1970 3095 2018 et
3145 1958 3357 2016 scelera
3409 1956 3478 2010 ab
3527 1952 3659 2023 ipsis

2072 2081 2378 2140 perpetrata
2391 2112 2404 2123 .

2142 2162 2307 2217 Vsus.
2342 2160 2431 2213 11.
2461 2177 2481 2209 ι
2523 2157 2589 2211 Ει
2633 2154 2773 2210 dixit
2816 2152 2866 2206 ci
2905 2147 3130 2204 Eliacim
3156 2185 3171 2210 ,
3207 2152 3263 2199 et
3290 2142 3517 2196 Souinas
3543 2180 3556 2202 ,
3607 2145 3662 2190 et

2027 2293 2030 2302 -
2071 2257 2276 2312 Joach:
2308 2252 2558 2323 Loquere
2587 2249 2654 2303 ad
2697 2259 2889 2302 servos
2929 2251 3053 2296 tuos
3099 2237 3363 2308 Syriaco:
3408 2231 3660 2287 audimus

2073 2351 2218 2407 enim
2249 2364 2380 2403 nos:
2424 2357 2478 2401 et
2511 2358 2577 2399 ne
2620 2344 2840 2410 loquere
2887 2335 2954 2389 ad
2992 2347 3092 2387 nos
3133 2328 3374 2384 Judaice.
3435 2322 3503 2376 Et
3529 2319 3660 2390 quid

2076 2442 2317 2514 loqueris
2355 2441 2409 2494 in
2443 2451 2606 2492 aures
2644 2431 2962 2492 hominum,
3012 2423 3104 2494 qui
3149 2426 3301 2476 stant
3348 2429 3513 2484 supra
3541 2426 3662 2467 mu-

2078 2536 2234 2592 rum?
2271 2553 2289 2586 ι
2322 2530 2629 2586 Notandum
2659 2535 2762 2585 est,
2789 2522 2877 2576 hic
2905 2525 3329 2573 memoratorum
3357 2506 3660 2566 hominum,

2078 2629 2333 2685 videlicet
2380 2621 2607 2679 Eliacim
2659 2627 2715 2671 et
2760 2615 2997 2676 Somnus,
3045 2607 3210 2663 etiam
3263 2603 3316 2657 in
3366 2595 3666 2670 praemissis

2080 2719 2416 2776 mentionem
2459 2731 2488 2767 a
2526 2708 2789 2780 pr0phela
2823 2703 3022 2758 factam
3061 2711 3202 2762 esse,
3248 2708 3373 2749 cum
3419 2690 3485 2745 de
3529 2688 3667 2743 valle

2082 2815 2212 2869 Sion
2244 2824 2427 2866 sermo
2455 2807 2773 2860 haberetur.
2821 2796 2923 2851 llic
2971 2805 3136 2865 porro
3177 2803 3240 2844 ea
3283 2781 3668 2841 observatione

2081 2915 2169 2961 est
2202 2917 2360 2972 Opus,
2394 2909 2451 2953 ut
2494 2895 2621 2950 huic
2656 2889 2922 2954 historiae,
2944 2881 3244 2957 prophetiae
3282 2879 3428 2933 illius
3468 2890 3671 2930 sermo-

2085 3011 2185 3052 nes
2209 2969 2554 3064 adaptemus.
2584 2987 2752 3041 Aiunt
2776 2994 2962 3037 aulem
2985 2975 3218 3040 Hebraei,
3240 2974 3382 3028 hunc
3409 2969 3668 3023 Somnum

2084 3090 2154 3145 ad
2187 3059 2470 3158 Assyrium
2510 3088 2701 3151 postea
2732 3073 3112 3144 transfugisse,
3139 3084 3202 3123 ac
3243 3081 3365 3122 cum
3403 3062 3526 3117 aliis
3566 3059 3668 3128 ipsi

2087 3181 2367 3235 dexteram
2427 3171 2760 3235 contulisse,
2814 3167 2934 3237 ejus
2988 3162 3283 3218 formidine
3323 3164 3668 3228 permotum:

2087 3283 2251 3342 atque
2285 3270 2407 3323 ideo
2460 3281 2558 3330 ea,
2601 3279 2722 3333 quae
2773 3245 3030 3331 superius
3077 3257 3132 3312 in
3183 3250 3467 3325 prophetia
3510 3245 3676 3301 conti-

2090 3375 2309 3430 nentur,
2341 3361 2410 3418 de
2453 3361 2544 3415 illo
2580 3358 2725 3413 dicta
2759 3355 2950 3409 fuisse.

2162 3545 2327 3599 Vens.
2365 3541 2554 3599 12—20.
2583 3527 2613 3591 ἰ
2656 3538 2721 3592 Et
2747 3536 2885 3592 dixit
2929 3533 2994 3588 ad
3027 3545 3122 3586 eos
3170 3529 3495 3585 Rabsaces:
3538 3518 3675 3575 Num

2092 3642 2159 3695 ad
2190 3637 2467 3694 dominum
2503 3645 2764 3693 vestrum,
2809 3636 2904 3682 aut
2942 3626 3008 3680 ad
3048 3638 3145 3678 vos
3202 3620 3350 3674 misit
3394 3632 3481 3672 me
3512 3611 3680 3668 domi-

2093 3748 2192 3786 nus
2234 3744 2421 3793 meus,
2485 3734 2541 3778 ut
2606 3723 2796 3790 l0quar
2843 3730 3130 3774 sermones
3176 3709 3345 3768 istos?
3375 3707 3566 3763 Nonne
3611 3707 3679 3760 ad

2093 3823 2340 3881 homines
2373 3820 2464 3890 qui
2523 3817 2716 3873 sedent
2747 3828 2913 3882 supra
2960 3823 3214 3870 murum,
3271 3812 3331 3858 ut
3392 3799 3682 3856 comedam

2093 3926 2327 3980 stercus,
2361 3921 2420 3967 et
2455 3911 2645 3967 bibant
2684 3906 2898 3960 urinam
2936 3902 3220 3958 vobiscum
3250 3895 3447 3953 simul?
3478 3894 3542 3947 Et
3578 3901 3682 3946 ste.

2096 4008 2160 4062 tit
2196 4006 2502 4069 Rabsaces,
2557 4010 2612 4058 et
2681 3997 2941 4054 clamavit
2995 4009 3127 4050 voce
3178 4005 3374 4061 magna
3425 3985 3678 4049 Judaice,

2094 4111 2150 4156 et
2181 4100 2353 4155 dixit:
2393 4097 2592 4152 Audite
2637 4107 2924 4150 sermones
2962 4088 3109 4158 regis
3150 4083 3364 4155 magni,
3408 4080 3551 4148 regis
3580 4082 3682 4131 As-

2095 4194 2390 4266 syriorum.
2427 4190 2554 4244 llaec
2586 4188 2719 4244 dicit
2751 4201 2844 4241 rex
2871 4203 2884 4240 :
2916 4183 2995 4239 Ne
3021 4196 3120 4237 vos
3157 4176 3389 4246 decipiat
3420 4170 3682 4228 Ezechias

2097 4262 2278 4342 verbis
2305 4305 2318 4340 :
2365 4299 2475 4340 non
2519 4280 2723 4353 poterit
2751 4279 2985 4333 liberare
3009 4289 3130 4328 vos.
3159 4271 3228 4326 Et
3261 4284 3330 4325 ne
3355 4267 3504 4322 dicat
3533 4262 3686 4317 vobis

2099 4380 2368 4435 Ezechias
2391 4417 2407 4444 ,
2443 4376 2572 4448 quia
2621 4371 2880 4428 liberabit
2914 4383 3009 4423 vos
3047 4367 3214 4431 Deus,
3261 4373 3317 4417 et
3343 4369 3684 4426 nequaquam

2099 4473 2347 4528 tradetur
2387 4470 2584 4524 civitas
2612 4468 2727 4522 haec
2757 4465 2810 4519 in
2856 4477 3076 4517 manum
3128 4457 3272 4528 regis
3313 4453 3685 4522 Assyriorum.

2028 4560 2074 4620 D
2101 4566 2276 4622 Nolite
2303 4563 2596 4619 Ezechiam
2623 4558 2834 4614 audire.
2862 4555 2989 4610 llzec
3015 4552 3148 4608 dicit
3173 4564 3271 4605 rex
3299 4543 3684 4616 Assyriorum:

2102 4659 2160 4716 Si
2195 4657 2359 4714 vultis
2395 4651 2674 4714 benedici,
2702 4646 3027 4720 egredimini
3069 4645 3138 4699 ad
3183 4656 3293 4706 me,
3335 4648 3392 4695 et
3421 4633 3688 4692 comedite

2102 4748 2476 4818 unusquisque
2499 4747 2713 4800 vineam
2741 4757 2895 4796 suam
2945 4749 3002 4795 et
3029 4738 3192 4802 licus,
3216 4744 3272 4790 et
3295 4732 3464 4788 bibite
3490 4743 3686 4798 aquam

2101 4862 2172 4902 ex
2203 4844 2326 4898 lacu
2365 4849 2588 4903 vestro;
2626 4837 2799 4892 donec
2843 4835 3058 4890 veniam
3089 4839 3146 4886 et
3194 4841 3470 4884 assumam
3512 4839 3607 4876 vos
3636 4822 3688 4874 in

2106 4947 2333 4998 terram,
2363 4948 2486 5004 quae
2523 4939 2610 4986 est
2659 4937 2917 5000 tanquam
2957 4935 3100 4981 terra
3141 4933 3352 4986 vestra,
3395 4930 3542 4975 terra
3582 4916 3690 4969 fru-

2105 5031 2295 5093 menti,
2323 5039 2378 5084 et
2423 5027 2570 5090 vini,
2611 5035 2667 5079 et
2719 5039 2941 5092 panum,
2998 5031 3053 5074 et
3095 5019 3398 5072 vinearum.
3435 5012 3515 5066 Nc
3554 5011 3692 5064 deci-

2107 5125 2220 5193 piat
2257 5138 2352 5176 vos
2371 5119 2636 5175 Ezechias
2673 5118 2897 5172 dicens:
2935 5114 3077 5169 Deus
3105 5111 3361 5167 liberabit
3399 5123 3515 5162 nos.
3549 5103 3686 5158 Num

2109 5219 2410 5271 liberarunt
2432 5214 2504 5270 dii
2533 5210 2799 5283 gentium,
2830 5207 3206 5276 unusquisque
3235 5202 3512 5272 regionem
3536 5212 3687 5249 suam

2107 5312 2174 5365 de
2208 5323 2368 5363 manu
2402 5307 2544 5376 regis
2585 5303 2974 5375 Assyriorum?
3016 5300 3116 5355 Ubi
3170 5308 3253 5351 est
3292 5297 3424 5349 deus
3465 5291 3689 5354 Emath,

2108 5411 2162 5458 et
2190 5398 2481 5470 Arpbath?
2513 5404 2568 5452 et
2611 5397 2702 5451 ubi
2728 5397 2870 5450 Deus
2904 5391 3144 5449 civiiatis
3180 5382 3578 5458 Eepbarvaiini
3607 5383 3689 5434 An

2113 5503 2403 5565 potuerunt
2438 5491 2652 5560 eripere
2693 5487 3000 5543 Samariam
3037 5487 3107 5538 de
3151 5497 3312 5535 manu
3360 5476 3515 5530 mea?
3546 5493 3566 5526 ι
3609 5471 3695 5526 Ni-

2118 5587 2188 5642 hil
2228 5584 2445 5641 diﬂ‘erre
2487 5591 2685 5652 putans
2722 5581 2895 5633 Deum
2931 5572 3316 5641 ilicrosoiynne
3361 5567 3590 5626 cultum,
3625 5565 3694 5618 ab

2118 5680 2206 5742 iis,
2239 5679 2330 5747 qui
2367 5677 2509 5747 apud
2533 5683 2763 5728 exteras
2793 5683 2986 5723 errore
3019 5666 3212 5717 ductas
3241 5665 3430 5728 gentes
3467 5656 3541 5710 dii
3578 5670 3697 5708 esse

2116 5771 2596 5827 existimabantur.
2627 5761 2908 5819 Gradatim
2937 5770 3099 5826 porro
3125 5753 3396 5806 barbarus
3426 5751 3514 5804 ille
3542 5765 3696 5803 suam

2120 5865 2230 5923 Deo
2269 5863 2548 5919 inimicam
2580 5858 2816 5926 linguam
2848 5847 3141 5911 instruxit;
3175 5861 3239 5899 ac
3267 5846 3444 5916 primo
3475 5842 3694 5914 quidem
