4118 6374
453 351 558 406 3H
1188 345 1451 402 EUSEBII
1491 347 1856 402 CxESARlEN
1867 349 1972 404 SIS
2009 350 2026 405 t

2127 353 2159 406 '.
2195 350 2373 406 PARS
2413 349 2501 406 ill.
2539 381 2609 392 —-
2649 348 3060 406 EXEG'ETICA.
3613 357 3724 414 348

457 467 727 518 adversus
753 472 1004 518 sanctum
1030 460 1204 514 virum
1231 463 1490 516 mentitus
1516 472 1621 524 est,
1641 479 1764 517 eum
1798 463 2026 534 Egypto

2131 466 2187 518 δὲ
2215 467 2244 517 6
2276 465 2550 538 βάρϐαρος
2586 467 2685 538 τὴν
2715 465 2983 537 θεομάχον
3035 464 3301 531 ἐξώπλισε
3341 467 3616 536 γλῶσσαν·
3658 473 3720 526 τὸ

459 558 629 613 ﬁdere
662 557 957 619 dictitans;
991 554 1190 608 deinde
1230 553 1348 620 ejus
1383 555 1789 611 adhortationes
1824 559 2026 612 solvere

2138 560 2234 628 μὲν
2279 559 2494 630 πρῶτον
2530 559 2624 612 τοῦ
2675 558 2828 626 ἀγίου
2871 557 3360 629 καταψευδόμενος,
3404 563 3499 615 καὶ
3547 561 3719 632 λέγων

457 661 508 702 et
550 647 836 702 confutare
884 655 1112 700 conatus
1160 656 1264 714 est,
1316 648 1470 715 queis
1528 648 1924 703 multitudinem
1969 651 2026 704 ad

2133 649 2294 702 αὐτὸν
2328 650 2642 704 πεποιθέναι
2672 652 2758 703 ἐπ’
2799 649 3104 718 Αἴγυπτον*
3141 645 3260 704 εἶτα
3294 653 3588 723 ἐπιχειρῶν
3621 653 3718 716 τὰς

458 739 707 793 liduciam
755 738 807 791 in
855 737 964 791 Deo
1016 738 1315 806 ponendam
1381 740 1681 804 invitabat,
1735 743 1876 797 vires
1916 744 2026 810 ejus

2137 740 2486 810 παραινέσεις
2514 739 2679 794 αὐτοῦ
2707 738 2943 791 διαλύειν
2982 737 3082 801 τὰς
3111 738 3204 791 ἐπὶ
3247 738 3364 808 Θεῷ
3394 739 3718 792 πεποιθέναι

460 833 746 884 traducens
778 846 840 884 ac
872 840 1248 895 contemnens,
1281 833 1427 900 quod
1480 834 1722 901 equitatu
1759 850 1862 887 non
1898 836 2039 890 vale-

460 933 574 986 ret;
608 931 794 992 postea
825 937 883 976 se
919 923 1029 976 Deo
1052 922 1282 991 jubente
1321 925 1639 979 ascendisse
1667 925 1901 990 dicebat,
1931 941 2037 994 quo

456 1013 740 1083 populum,
771 1022 830 1068 ut
862 1029 891 1067 a
933 1015 1044 1068 Deo
1081 1017 1374 1083 proditum,
1406 1019 1890 1085 perlerrelaceret;
1937 1022 2039 1076 sub

461 1106 575 1159 hzee
625 1106 1124 1174 pollicitationibus
1171 1108 1572 1185 lrttctttosarttin
1622 1112 1937 1176 vinearum,
1987 1123 2042 1168 et

459 1197 688 1251 aliorum
720 1213 841 1268 quae
889 1200 1026 1252 bona
1077 1199 1456 1262 :cstitnantnr,
1504 1210 1588 1254 est
1626 1217 1789 1265 usus;
1823 1203 2039 1256 demum

459 1287 574 1342 haec
619 1290 724 1342 sibi
758 1289 970 1343 inutilia
995 1306 1116 1344 esse
1146 1291 1605 1358 animadvertens,
1647 1297 2038 1349 exsecrandam

460 1378 699 1448 linguam
737 1381 936 1449 aperit,
983 1397 1088 1450 qua
1127 1383 1320 1452 impias
1361 1385 1585 1453 protulit
1616 1401 1794 1441 voces.
1840 1388 2036 1442 Verum

458 1469 755 1540 impietatis
793 1487 984 1542 poenas
1021 1473 1194 1538 dedit,
1239 1491 1361 1529 cum
1403 1479 1576 1546 angeli
1626 1494 1784 1534 manu
1838 1482 2042 1536 exerci-

461 1571 547 1614 tus
571 1561 690 1628 ejus
723 1563 966 1616 funditus
1007 1565 1218 1619 deletus
1251 1578 1352 1623 est.

533 1652 696 1707 Vens.
734 1654 828 1718 2|,
855 1655 944 1708 ‘29..
987 1675 1005 1707 ‹
1033 1657 1101 1710 Et
1133 1668 1451 1728 Iacuerunt,
1479 1671 1537 1716 et
1566 1679 1730 1720 nemo
1760 1668 2038 1738 respondit

457 1743 507 1794 ei
556 1744 818 1808 verbum,
855 1747 997 1814 quod
1049 1750 1416 1817 prohibuisset
1464 1770 1594 1819 rex,
1635 1771 1701 1810 ne
1749 1760 2033 1828 quisquam

2134 833 2196 884 τὸ
2222 832 2424 902 πλῆθος
2455 829 3003 902 παρασκευαζούσας,
3034 829 3133 901 τὴν
3159 829 3384 902 δύναμιν
3406 831 3570 884 αὑτοῦ
3603 831 3715 884 δια-

2138 923 2347 980 ϐάλλων
2378 921 2466 974 διὰ
2498 920 2591 974 τοῦ
2626 921 2700 992 μὴ
2727 920 3031 992 κτήσασθαι
3063 919 3404 994 κατασκευὴν
3439 921 3671 994 ἱππικήν
3698 937 3711 949 ‘

2138 1009 2257 1076 εἶτα
2287 1011 2424 1082 μετά
2451 1010 2543 1064 τοῦ
2574 1010 2706 1063 Θεοῦ
2749 1009 3016 1080 ἀναϐῆναι
3043 1008 3237 1077 λέγων,
3381 1009 3447 1063 ἂν
3471 1010 3716 1084 δειλιάσῃ

2137 1104 2199 1155 τὸ
2230 1103 2430 1172 πλῆθος
2461 1102 2537 1162 ὼς
2584 1101 2840 1173 πρυδυθέν
2867 1101 2975 1154 ἀπὺ
3009 1101 3145 1154 Θεοῦ
3165 1119 3178 1130 ·
3211 1097 3329 1154 εἶτα
3362 1103 3716 1170 ἐπαγγελίαις

2139 1194 2390 1265 χρηστῶν
2417 1193 2773 1265 ἀμπελώνων,
2801 1194 2896 1246 καὶ
2926 1193 3034 1267 τῷν
3062 1193 3237 1246 ἄλλων
3282 1193 3581 1261 δοκούντων
3619 1213 3716 1248 κα-

2139 1289 2276 1340 λῶν·
2310 1283 2428 1340 εἶτα
2461 1285 2614 1349 εἰδὼς
2647 1286 2824 1339 πάντα
2868 1285 3034 1346 αὐτοῦ
3077 1285 3146 1339 τά
3187 1284 3408 1358 τοιαῦτα
3439 1286 3717 1357 ἄπρακτα,

2138 1379 2236 1450 τὴν
2272 1378 2473 1450 μιαρὰν
2517 1377 2682 1432 αὐτοῦ
2721 1377 2928 1446 ἀνοίγει
2957 1377 3224 1446 γλῶτταν,
3251 1379 3504 1442 ἀσεϐείας
3537 1379 3720 1446 ἀφιεὶς

2140 1474 2342 1542 φωνάς.
2373 1471 2511 1524 Ἀλλ’
2542 1471 2788 1524 ἐκτέτικε
2816 1471 2970 1542 δίκας
3002 1472 3104 1542 τῆς
3160 1472 3435 1542 ἀσεϐείας,
3481 1471 3716 1540 ἀγγέλου

2137 1564 2476 1635 πανστρατιᾷ
2508 1561 2898 1634 δαπανώμενος
2929 1564 3093 1634 χειρί.

2215 1675 2233 1707 ι
2263 1657 2372 1712 Καὶ
2395 1655 2730 1727 ἐσιώπησαν,
2755 1656 2847 1708 καὶ
2869 1655 3046 1719 οὐδεὶς
3068 1654 3339 1726 ἀπεκρίθη
3366 1653 3515 1725 αὐτῷ
3537 1653 3714 1722 λόγον,

2138 1747 2225 1805 διὰ
2258 1747 2318 1803 τὺ
2357 1748 2657 1820 προστάξαι
2698 1747 2791 1800 τὸν
2836 1747 3060 1818 βασιλέα
3099 1747 3301 1818 μηδένα
3330 1745 3713 1818 ἀποκριθῆναι..

460 1833 564 1902 ipsi
618 1838 993 1905 responderet.
1053 1841 1118 1894 Et
1169 1843 1441 1910 ingressus
1494 1856 1578 1900 est
1626 1823 1846 1903 Eliacim
1892 1823 2026 1906 lilius

2137 1840 2247 1894 Kal.
2277 1839 2521 1910 εἰσῆλθεν
2563 1839 2843 1910 Ἐλιακεὶμ
2867 1841 2895 1893 6
2918 1838 3011 1908 τοῦ
3039 1838 3268 1907 Χελκίου
3293 1839 3594 1908 οἰκονόμος,
3624 1839 3719 1907 καὶ

457 1919 693 2000 Cbelcia:
725 1941 1078 1993 (economus,
1119 1940 1172 1984 et
1225 1932 1455 1990 Somnas
1501 1937 1682 1991 scriba
1723 1939 2032 2005 exercitus,

457 2026 512 2070 ct
543 2013 712 2070 Joaeh
747 2017 892 2074 Illius
921 2022 1104 2090 Asaph
1127 2038 1157 2076 a
1185 2028 1595 2082 commentariis
1623 2032 1689 2082 ad
1718 2029 2034 2098 Ezechiam,

459 2111 650 2164 scissis
685 2112 903 2178 tunicis,
940 2124 995 2168 et
1029 2119 1480 2172 renuntiaverunt
1503 2121 1553 2174 ei
1578 2136 1856 2177 sermones
1889 2123 2033 2180 llab-

455 2203 622 2258 sacis.
667 2222 687 2254 ι
732 2204 846 2260 Νοιι
888 2208 1146 2262 convenit
1196 2210 1342 2263 enim
1380 2211 1500 2280 pio,
1545 2228 1666 2266 cum
1721 2214 2036 2282 blasphemo

457 2293 679 2347 homine
717 2295 983 2366 colloqui,
1015 2312 1084 2353 ne
1111 2298 1158 2353 is
1191 2301 1510 2356 concitatus
1551 2302 1603 2356 in
1649 2303 1754 2357 alia
1791 2303 2038 2376 blasphe-

457 2399 542 2436 me
573 2383 714 2439 dicta
754 2387 1072 2442 delabatur:
1134 2402 1348 2461 oportet
1397 2395 1570 2448 solum
1627 2396 1878 2453 homines
1932 2415 2032 2455 ceu

455 2477 622 2531 armis
650 2478 972 2548 quihusdam
1013 2485 1381 2540 communitas
1408 2503 1553 2552 esse,
1581 2504 1648 2544 ac
1683 2490 1902 2547 silentio
1933 2510 2034 2548 un-

453 2569 617 2636 dique
652 2585 774 2625 sese
811 2580 1023 2640 tegere,
1057 2589 1217 2630 veros
1254 2579 1395 2646 apud
1435 2595 1493 2634 se
1529 2596 1814 2638 sermones
1853 2586 2032 2641 occulv

457 2669 654 2724 tantes.
691 2677 755 2717 ac
787 2663 882 2718 Dei
916 2675 1109 2720 contra
1154 2667 1500 2737 blasphemos
1537 2669 1803 2739 judicium
1836 2690 2032 2746 exspe-

453 2763 687 2808 ctantes.
732 2754 867 2809 Cum
915 2758 1030 2812 lucc
1059 2758 1208 2828 jussa
1263 2777 1358 2815 rex
1405 2763 1700 2830 prudenter
1755 2767 2031 2837 dedisset,

454 2845 638 2912 populi
700 2847 940 2915 praefecti
1003 2852 1318 2906 mandatum
1372 2853 1491 2922 ejus
1541 2860 2028 2926 exsequebantur:

452 2937 595 3000 quod
669 2937 794 2994 item
870 2947 1234 3010 pnestandum
1297 2948 1455 3003 nobis
1509 2959 1593 3005 est
1640 2956 2032 3020 persecutionis

453 3036 714 3098 tempore,
748 3048 955 3088 necnon
982 3036 1032 3090 iu
1057 3041 1434 3096 communibus
1471 3043 1760 3116 impiisque
1787 3047 2032 3119 blasphe-

384 3126 398 3143 ’
455 3134 666 3174 morum
705 3124 1014 3196 colloquiis.

966 3220 1196 3278 CAPUT
1238 3223 1503 3284 XXXVII.

523 3303 684 3362 Vens.
720 3308 773 3363 Ι.
819 3327 839 3362 ι
881 3311 946 3366 Ει
979 3312 1182 3370 factum
1217 3328 1302 3372 est
1342 3335 1464 3374 cum
1500 3325 1718 3382 audiret
1753 3341 1845 3382 rex
1887 3329 2028 3386 Eze-

447 3397 640 3464 chias,
691 3402 853 3456 scidit
910 3407 1252 3474 vestimenta,
1318 3419 1373 3466 et
1414 3427 1632 3469 saccum
1691 3417 1864 3474 induit
1912 3437 1926 3474 :
1974 3431 2030 3476 et

447 3493 692 3548 ascendit
729 3496 782 3548 in
816 3497 1030 3552 domum
1095 3500 1327 3557 Domini.
1381 3523 1400 3557 ι
1438 3504 1647 3562 Przeter
1708 3510 1810 3563 alia
1868 3513 2028 3582 igitur

448 3581 691 3671 Ezechiae
733 3591 900 3656 proba
939 3591 1182 3648 facinora
1204 3634 1220 3659 ,
1255 3595 1474 3654 virtutis
1513 3602 1834 3658 exercitium
1856 3647 1871 3671 ,
1896 3581 2029 3662 ima-

438 3663 686 3748 jorlsque
717 3681 998 3750 religionis
1043 3697 1448 3756 argumentum,
1503 3693 1613 3746 Deo
1662 3663 2025 3765 procurante,

446 3781 643 3826 nactus
687 3771 776 3828 ille
817 3784 938 3830 est:
985 3777 1076 3845 qui
1107 3779 1301 3835 bellico
1330 3782 1551 3852 quidem
1585 3797 1878 3855 apparatu,
1916 3804 2026 3857 quo

443 3860 532 3916 ille
559 3866 889 3933 conspicuus
917 3879 1060 3933 erat,
1095 3882 1150 3923 et
1181 3873 1434 3927 omnibus
1479 3875 1546 3928 ad
1591 3875 1787 3948 bellum
1838 3893 2024 3934 neces-

442 3953 602 4007 sariis
629 3964 685 4008 ιιι
710 3959 1031 4027 praclarum
1059 3962 1247 4016 ducem
1273 3965 1520 4030 docebat,
1555 3967 1879 4037 instructus,
1915 3973 2024 4027 Deo

440 4053 621 4100 tamen
652 4051 834 4104 omnia
881 4054 1192 4109 commisit:
1239 4071 1302 4111 ac
1338 4059 1566 4114 subdita:
1611 4061 1717 4116 sibi
1754 4064 1896 4133 plebi
1938 4081 2023 4121 re-

441 4135 648 4206 ligiosa:
695 4140 960 4200 doctrinae
1003 4159 1271 4219 pracepta
1330 4154 1574 4208 tradidit.
1622 4176 1642 4208 ι
1697 4159 1763 4212 Ει
1804 4174 2021 4216 saccum

440 4228 633 4296 induit,
674 4251 692 4284 ι
731 4233 907 4290 luctus
943 4247 999 4293 et
1030 4239 1354 4297 alllictiouis
1371 4247 1521 4316 signa
1567 4263 1894 4305 assumens:
1937 4263 2021 4307 at-

436 4337 544 4391 que
569 4327 672 4381 hoc
706 4327 889 4384 habitu
920 4345 949 4384 a
990 4333 1132 4402 regia
1177 4335 1336 4389 domo
1367 4339 1432 4391 ad
1483 4341 1742 4410 templum
1779 4343 1893 4410 Dei,
1925 4361 2022 4414 per

439 4415 668 4471 mediam
710 4423 896 4477 urbem
939 4425 1214 4492 incedens,
1263 4444 1323 4484 se
1370 4434 1604 4486 contulit
1645 4449 1876 4505 seseque
1917 4440 2016 4492 lut-

2138 1933 2350 2002 Σομνάς
2400 1934 2428 1984 6
2464 1933 2828 2003 γραμματεὺς
2871 1932 2970 2001 τῆς
3015 1931 3318 2002 δυνάμεως,
3355 1933 3449 1984 καὶ
3491 1931 3647 2001 Ἰωάχ
3688 1933 3719 1990 6

2135 2021 2230 2074 τοῦ
2298 2021 2468 2090 Ἀσάφ
2521 2021 2550 2073 6
2603 2021 3174 2092 ὑπομνηματογράφος
3239 2020 3376 2091 πρὸς
3445 2019 3715 2088 Ἐζεκίαν,

2135 2111 2446 2182 ἐσχισμένοι
2470 2111 2595 2174 τοὺς
2621 2111 2872 2181 χιτῶνας,
2921 2109 3013 2162 καὶ
3043 2107 3381 2180 ἀπήγγειλαν
3422 2107 3572 2179 αὐτῷ
3593 2109 3717 2174 τοὺς

2116 2204 2326 2274 ,λόγους
2360 2204 2687 2257 Ῥαϐσάκου.
2715 2221 2732 2252 ι
2767 2202 2918 2272 Μηδέ
2939 2200 3048 2272 γάρ
3075 2203 3341 2273 προσήκει
3381 2201 3472 2254 τὸν
3517 2201 3718 2272 εὐσεϐῆ

2138 2296 2441 2366 βλασφήμῳ
2475 2293 2980 2366 προσδιαλέγεσθαι,
3011 2293 3087 2357 ὡς
3110 2294 3176 2363 ἂν
3203 2294 3278 2364 μὴ
3320 2293 3615 2364 ἐρεθίζοιτο
3638 2294 3720 2358 εἰς

2136 2389 2332 2460 ἐτέρας
2363 2387 2650 2441 ἐκπίπτειν
2689 2386 3068 2457 βλασφημίαςο
3111 2387 3272 2456 μόνον
3302 2385 3360 2438 δὲ
3405 2386 3720 2468 πεφράχθαι

2134 2481 2214 2534 δεῖ
2245 2481 2431 2552 ὥσπερ
2476 2481 2616 2533 τισὶν
2646 2479 2851 2543 ὅπλοις,
2887 2479 2981 2533 καὶ
3014 2479 3348 2550 πανταχόθεν
3386 2480 3720 2566 ἡσφαλίσθαι

2134 2578 2199 2648 τῇ
2250 2579 2448 2648 σιωπῇ,
2500 2575 2840 2647 κρύπτοντας
2881 2576 2939 2628 ἐν
2980 2576 3190 2640 ἑαυτοῖς
3219 2577 3345 2639 τοὺς
3373 2577 3593 2647 ἀληθεῖς
3631 2575 3720 2629 λό-

2134 2683 2265 2734 γους
2282 2709 2297 2734 ,
2322 2667 2716 2738 περιμένοντας
2735 2665 2789 2719 δὲ
2813 2666 2910 2738 τὴν
2936 2668 3000 2720 ἐκ
3015 2667 3150 2720 Θεοῦ
3174 2666 3316 2721 κατά
3341 2668 3449 2722 τῶν
3477 2667 3718 2758 βλασφη-

2137 2775 2254 2828 μων
2308 2758 2508 2828 κρίσιν.
2560 2757 2750 2811 Ταῦτα
2790 2758 3256 2830 παραγγείλαντος
3300 2759 3394 2812 τοῦ
3451 2759 3717 2832 βασιλέως

2133 2852 2534 2923 ἐπιστημόνως,
2558 2853 2618 2906 τὸ
2646 2853 2984 2926 προσταχθὲν
3021 2853 3239 2907 ἐποίουν
3267 2854 3317 2908 οἱ
3349 2853 3443 2906 τοῦ
3479 2853 3716 2924 πλήθους

2134 2940 2505 3013 προεστῶτεςο
2540 2942 2569 2995 ὃ
2613 2942 2678 3014 δὴ
2722 2945 2816 3007 καὶ
2861 2947 2990 3016 ἡμῖν
3023 2943 3276 3014 ποιητέον
3309 2945 3456 2997 ἐστὶν
3499 2944 3556 2997 ἐν
3597 2961 3717 3017 και-

2135 3036 2248 3106 ροῖς
2283 3034 2558 3104 διωγμῶν,
2604 3035 2637 3106 ἢ
2682 3035 2741 3088 ἐν
2780 3038 2988 3100 κοιναῖς
3029 3035 3122 3090 καὶ
3153 3035 3332 3101 ἀθέοις
3381 3035 3716 3107 βλασφήμωυ

2131 3122 2420 3190 διαλέξεσι.

2641 3236 3040 3290 ΚΕΦΑΛΑῙΟΝ
3066 3239 3192 3293 ΛΖ’.

2205 3347 2224 3379 ι
2254 3328 2363 3382 Καὶ
2387 3328 2603 3395 ἐγένετο
2628 3330 2686 3383 ἐν
2709 3328 2787 3400 τῷ
2812 3329 3045 3384 ἀκοῦσαι
3069 3331 3160 3386 τὸν
3189 3331 3413 3402 βασιλέα
3440 3330 3713 3397 Ἑζεκίαν,

2128 3419 2312 3489 ἔσχισε
2353 3419 2423 3473 τὰ
2473 3420 2685 3491 ἱμάτια,
2717 3421 2813 3474 καὶ
2844 3422 3198 3494 περιεϐάλετο
3225 3425 3454 3478 σάκκον·
3500 3425 3594 3478 καὶ
3617 3426 3715 3490 ἀν-

2128 3509 2227 3578 έϐη
2256 3511 2336 3573 είς
2366 3509 2456 3563 τὸν
2491 3505 2638 3564 οἷκον
2676 3511 2903 3583 Κυρίου.
2928 3532 2946 3563 ι
2993 3513 3135 3584 Πρὸς
3161 3516 3272 3577 τοῖς
3306 3514 3492 3576 ἄλλοις
3529 3514 3709 3568 τοίνυν

2127 3602 2514 3674 κατορθώμασι
2563 3603 2657 3656 τοῦ
2711 3602 2976 3667 Ἐζεκίου,
3011 3606 3319 3675 γυμνασίαν
3365 3605 3568 3676 ἀρετῆς
3614 3606 3710 3678 καὶ

2129 3694 2378 3759 πλείονος
2425 3695 2734 3760 θεοσεϐείας
2765 3696 2985 3761 ἔνδειξιν
3022 3700 3279 3766 παρεῖχεν
3313 3699 3341 3752 6
3391 3697 3521 3760 Θεὸς
3558 3698 3710 3768 αύτῷ

2125 3786 2212 3841 διὰ
2240 3791 2339 3858 τῆς
2359 3788 2494 3858 πρὸς
2509 3788 2600 3842 τὸν
2621 3788 2875 3859 πολέμιον
2899 3788 3273 3861 παρατάξεως,
3293 3785 3400 3862 ἐνῇ
3423 3789 3708 3862 διέλαμψε,

2127 3879 2301 3932 πάντα
2336 3879 2434 3949 μὲν
2464 3879 2844 3950 στρατηγικῶς
2871 3881 2939 3934 τά
2975 3881 3108 3953 πρὸς
3133 3882 3224 3934 τὸν
3253 3881 3486 3952 πόλεμον
3530 3899 3710 3952 παρα-

2123 3971 2445 4042 ταξάμενος,
2477 3971 2539 4025 τὸ
2577 3972 2632 4024 δὲ
2677 3973 2784 4025 πᾶν
2819 3972 3038 4037 ἀναθεὶς
3071 3972 3148 4043 τῷ
3196 3973 3337 4044 Θεῷ,
3369 3976 3480 4037 τοῖς
3524 3973 3583 4026 δὲ
3615 3973 3708 4026 ὑπ’

2123 4063 2286 4124 αὑτὸν
2337 4063 2567 4135 πλήθεσι
2629 4064 2858 4135 θεοσεϐῆ
2917 4066 3266 4122 διδασκαλίαν
3309 4066 3704 4137 παραγγείλας.

2127 4173 2146 4205 ι
2168 4155 2278 4208 Καὶ
2309 4155 2602 4226 περιέϐαλε
2649 4157 2870 4222 σάκκον,
2901 4177 2919 4208 ι
2957 4161 3159 4228 σημεῖα
3195 4158 3423 4221 πένθους
3467 4160 3561 4211 καὶ
3610 4175 3708 4211 κα-

2121 4245 2343 4310 κώσεως
2371 4247 2735 4317 ἐπαγόμενος·
2765 4249 2939 4320 τούτῳ
2959 4249 3015 4301 δὲ
3039 4249 3118 4319 τῷ
3144 4251 3382 4318 σχήματι
3413 4249 3498 4303 διά
3533 4251 3707 4321 μέσης

2120 4342 2273 4413 ἀνῄει
2299 4343 2398 4412 τῆς
2441 4341 2648 4405 πόλεως
2695 4341 2804 4397 ἀπὸ
2837 4341 2944 4393 τῶν
2982 4339 3266 4410 βασιλείων
3299 4342 3463 4393 οἴκων
3491 4343 3584 4395 ἐπὶ
3612 4341 3705 4395 τὸν

2119 4433 2254 4486 νεὼν
2291 4433 2385 4486 τοῦ
2416 4432 2574 4494 Θεοῦ,
2605 4434 2700 4486 καὶ
2728 4431 2986 4487 ταπεινὸν
3008 4432 3197 4485 ἐαυτὸν
3218 4432 3297 4503 τῷ
3323 4433 3442 4504 Θεῷ
3466 4434 3704 4502 δεικνὺς,

436 4506 619 4565 milem
661 4511 770 4566 Deo
801 4514 1030 4587 sistens,
1065 4519 1146 4574 vel
1187 4519 1304 4589 ipso
1350 4523 1540 4578 habittt
1579 4526 2010 4585 misericordiam

2127 4524 2299 4580 aixsou
2330 4524 2424 4579 καὶ
2449 4523 2631 4588 ἐλέους
2654 4527 2838 4595 τυχεῖν
2877 4521 3030 4594 ἠξίου
3061 4522 3138 4594 τῷ
3164 4528 3424 4594 σχήματι.

433 4594 552 4664 ejus
588 4603 934 4667 provocabat.

509 4688 666 4744 Vsus.
688 4691 742 4744 2.
767 4699 784 4742 ι
806 4693 868 4746 Ει
889 4696 1034 4750 misit
1053 4697 1273 4754 Eliacim
1290 4718 1657 4768 meonomum,
1681 4715 1735 4760 et
1752 4706 2008 4764 Somnam

431 4781 690 4850 scribam,
731 4795 786 4838 et
831 4789 1074 4845 seniores
1124 4796 1480 4848 sacerdotum
1527 4797 1747 4852 indutos
1787 4802 1964 4854 saccis
1990 4843 2004 4865 ,

430 4875 500 4928 ad
539 4875 733 4930 Isaiam
772 4879 940 4934 ﬁlium
974 4884 1140 4938 Amos
1172 4889 1514 4957 prophetam.
1564 4911 1581 4941 ι
1619 4892 1769 4948 Alios
1809 4898 2008 4967 quippe

427 4982 496 5020 cx
524 4971 896 5026 sacerdotibus
953 4973 1080 5041 Dei,
1133 4977 1250 5030 loco
1300 4982 1718 5038 sacerdotalium
1777 4989 2005 5042 vestium

430 5062 603 5116 saccis
637 5063 875 5131 indutos,
917 5067 987 5121 ad
1022 5067 1216 5123 Isaiam
1253 5076 1572 5142 prophetam
1615 5080 1804 5143 mittit,
1855 5083 2004 5138 diee-

430 5168 595 5225 rcque
619 5154 794 5224 jubet,
828 5176 848 5210 ι
897 5158 1020 5214 llazc
1050 5160 1180 5214 dicit
1210 5162 1501 5231 Ezechias;
1527 5186 1544 5221 ι
1583 5183 1754 5238 neque
1776 5171 2005 5239 addidit,

428 5260 562 5298 rex:
613 5263 786 5316 neque
822 5249 967 5302 enim
1021 5253 1286 5320 temporis
1333 5255 1573 5308 conditio
1618 5257 1670 5309 id
1707 5257 1820 5322 illi,
1867 5275 2005 5328 prac-

425 5338 564 5391 senti
594 5339 909 5395 calamitate
941 5341 1175 5411 dejecto,
1210 5343 1395 5401 dicere
1427 5348 1798 5415 permittebat.

502 5601 632 5661 Vsa.
661 5607 715 5666 5.
741 5608 795 5661 ι.
831 5627 852 5661 ι
889 5611 954 5664 Et
982 5612 1240 5666 dixerunt
1272 5615 1320 5667 ei
1349 5635 1360 5668 :
1386 5613 1508 5669 ILcc
1532 5616 1664 5670 dicit
1700 5617 1958 5673 Ezechias
1988 5638 1998 5672 :

419 5691 549 5749 Dies
614 5700 919 5755 alllietionis
971 5713 1023 5758 et
1063 5708 1366 5774 opprobrii,
1412 5719 1463 5762 et
1514 5712 1912 5779 rcdargutionis
1950 5722 2005 5767 ct

386 5837 396 5844 ,
424 5783 519 5840 ira
561 5789 678 5850 (lies
717 5790 1016 5860 hodierna,
1074 5813 1198 5867 qula
1254 5801 1396 5854 Venit
1454 5799 1610 5858 tlﬁlol'
1649 5805 2002 5871 parturienti,

2192 4702 2342 4753 «Καὶ
2388 4700 2708 4762 ἀπέστειλεν
2779 4701 3064 4773 Ἐλιακείμ
3113 4702 3205 4754 τὸν
3258 4703 3558 4772 οἰκονόμον,
3609 4704 3702 4758 καὶ

2117 4795 2326 4864 Σομνᾶν
2367 4795 2457 4847 τὸν
2493 4795 2850 4866 γραμματέα,
2889 4795 3131 4857 καὶτοὺς
3170 4795 3568 4866 πρεσϐυτέρους
3593 4794 3701 4846 τῶν

2118 4884 2306 4955 ἱερέων
2337 4885 2838 4958 περιϐεϐλημένους
2870 4887 3126 4950 σάκκους,
3163 4885 3297 4955 πρὸς
3334 4887 3557 4938 Ἡσαΐαν
3585 4887 3701 4938 υἱὸν

2113 4975 2296 5046 Ἀμὼς
2324 4977 2413 5030 τὸν
2447 4980 2752 5050 προφήτην,
2783 4999 2801 5030 ι
2836 4980 2976 5042 Τοὺς
2999 4979 3107 5048 γὰρ
3131 4979 3348 5048 ἐτέρους
3370 4979 3474 5032 τῶν
3508 4981 3697 5050 ἱερέων

2112 5069 2205 5122 τοῦ
2236 5070 2393 5131 Θεοῦ,
2428 5071 2662 5136 σάκκους
2695 5074 2816 5126 ἀντὶ
2847 5072 2954 5125 τῶν
2986 5072 3271 5149 ίερατικῶν
3296 5073 3699 5143 ἠμφιεσμένους

2114 5162 2336 5222 στολῶν,
2367 5164 2502 5234 πρὸς
2529 5164 2622 5217 τὸν
2650 5165 2935 5235 προφήτην
2969 5164 3193 5215 Ἡσαΐαν
3216 5164 3441 5234 πέμπει,
3471 5167 3698 5234 φάσκειν

2111 5252 2296 5314 αὐτοῖς
2335 5254 2738 5323 παραγγείλαςο
2781 5275 2798 5304 ι
2826 5255 2963 5307 Τάδε
3006 5255 3153 5323 λέγει
3219 5255 3500 5321 Ἐζεκίας,
3529 5276 3546 5309 ι
3602 5259 3698 5329 ούχ

2113 5345 2140 5394 6
2173 5343 2423 5413 βασιλεὺς
2478 5347 2759 5417 προσθείς·
2804 5347 2865 5398 οῦ
2909 5347 3018 5418 γάρ
3049 5350 3078 5400 6
3125 5349 3315 5417 καιρὸς
3358 5350 3508 5420 αύτῷ
3551 5351 3696 5404 τοῦτ’

2111 5435 2379 5506 ἐπέτρεπε
2425 5436 2623 5507 λέγειν,
2649 5439 3062 5510 ταπεινουμένῳ
3093 5439 3255 5493 ἕνεκα
3283 5441 3382 5511 τῆς
3415 5441 3698 5512 παρούσης

2113 5545 2177 5581 συ
2186 5531 2416 5600 μφορᾶς.

2179 5619 2332 5672 «Καὶ
2387 5615 2548 5672 εἶπαν
2581 5617 2760 5688 αὐτῷ·
2809 5620 2948 5675 Τάδε
3001 5621 3149 5691 λέγει
3197 5621 3694 5705 Ἑζεκίας”11μέρα

2104 5709 2338 5780 θλίψεως
2380 5714 2472 5765 καὶ
2523 5713 2854 5782 ὀνειδισμοῦ,
2906 5716 2998 5768 καὶ
3039 5715 3273 5786 ἐλεγμοῦ
3321 5717 3414 5768 καὶ
3456 5716 3626 5786 ὀργῆς
3659 5718 3692 5784 ἡ

2105 5806 2343 5884 σήμερον
2378 5806 2584 5881 ἡμέρα.
2618 5808 2696 5860 ὅτι
2732 5807 2852 5877 ἧκε(
2966 5808 3092 5862 ὠδὶν
3129 5812 3191 5880 τῇ
3225 5808 3503 5882 τικτούσῃ,
3540 5811 3692 5886 ἰσχὺν
