4118 6450
340 382 469 455 ista

1221 381 1724 439 COMMENTARIA
1767 385 1830 440 IN
1874 387 2132 444 ISAIMI.
2175 420 2241 429 -—
2293 390 2443 444 CAP.
2490 387 2752 445 XXXVII.

3531 395 3638 450 550

435 499 555 551 οὐκ
577 497 690 568 ἔχει
714 494 807 562 τοῦ
827 500 1025 560 τεκεῖν.
1053 499 1385 568 Εἰσακούσαι
1431 503 1632 575 Κύριος
1652 504 1681 556 ό
1709 504 1840 567 Θεός
1869 523 1947 558 σοι

2067 522 2167 562 nec
2223 508 2386 562 habet
2436 507 2582 562 vires
2632 506 2897 576 pariendi.
2947 505 3144 560 Audiat
3196 505 3453 560 Dominus
3497 509 3636 562 Deus

342 593 489 654 τοὺς
537 591 728 658 λόγους
772 591 1096 660 Ῥαϐῐσάκου,
1132 593 1224 657 οὓς
1249 595 1532 648 ἀπέστειλε
1557 596 1809 666 βασιλεὺς
1848 599 1964 652 Ἀσ-

349 683 599 754 συρίων,
627 682 907 746 ὀνειδίζειν¹
930 683 1060 736 Θεὸν
1094 685 1292 751 ζῶντα,
1322 688 1417 740 καὶ
1445 689 1720 750 ὀνειδίζειν
1744 688 1959 757 λόγους,

342 773 451 842 of);
481 775 691 846 ἢκουσε
721 775 928 844 Κύριος
949 778 977 827 ὁ
1000 777 1131 840 Θεός
1159 795 1272 841 σου,
1305 780 1396 832 καὶ
1425 779 1662 854 δεηθήσῃ
1694 783 1831 853 πρὸς
1859 782 1962 836 Κύ-

344 868 483 938 ριόν
513 885 613 921 σου
640 869 768 939 περὶ
797 869 904 942 τῶν
929 869 1441 940 καταλελειμμένων
1463 872 1685 933 τούτων,
1717 895 1734 923 ι
1759 875 1959 928 Τούτου

345 955 530 1032 χάριν
557 963 653 1014 ἐπὶ
702 961 762 1013 σὲ
802 959 893 1012 τὸν
920 961 1014 1013 τοῦ
1045 962 1176 1021 Θεοῦ
1220 963 1506 1035 ἄνθρωπον
1546 966 1958 1036 ἀνεπέμψαμεν,

344 1038 445 1109 διὰ
481 1054 589 1122 σοῦ,
619 1053 712 1106 τὸν
759 1055 851 1106 σὸν
882 1054 1015 1106 Θεὸν
1062 1057 1118 1107 ἐν
1158 1056 1335 1127 καιρῷ
1372 1059 1714 1128 παραστῆσαι
1771 1058 1961 1126 βοηθὸν

345 1131 498 1214 ἡμῖν
537 1143 945 1213 ἀντιϐολοῦντες
969 1163 981 1176 ·
1010 1146 1069 1198 ὃν
1113 1147 1229 1208 οὐδὲ
1267 1148 1476 1200 ἑαυτῶν
1509 1148 1640 1202 Θεὸν
1671 1148 1962 1220 ὀνομάζειν

344 1235 695 1306 τολμῶμεν·
733 1236 823 1288 σὸν
871 1236 929 1289 δὲ
978 1236 1180 1308 Κύριον
1226 1239 1319 1291 καὶ
1368 1238 1502 1291 Θεὸν
1543 1240 1790 1310 ἀκριϐῶς
1832 1241 1962 1295 ὄντα

278 1311 290 1321 ’
347 1326 734 1396 ἐπιστάμεθα.
784 1325 982 1378 Τοῦτον
1031 1324 1124 1382 οῦν
1157 1330 1318 1390 αὑτὸν
1353 1330 1668 1400 ἱκετεύομεν
1717 1332 1790 1403 μὴ
1846 1335 1960 1396 τοῖς

348 1417 662 1489 ἡμετέροις
685 1417 974 1488 ἐπιϐλέψαι
1002 1419 1107 1490 πλη
1116 1420 1456 1491 μμελήμασι,
1478 1423 1571 1474 καὶ
1597 1422 1670 1492 μὴ
1697 1423 1803 1474 τῶν
1824 1426 1960 1493 ἡμε-

351 1511 548 1579 τέρων
581 1513 800 1581 μνήμην
829 1512 1158 1582 ποιήσασθαι
1210 1515 1625 1584 ἁμαρτημάτων
1650 1531 1664 1544 ·
1726 1517 1845 1578 ταῖς
1900 1515 1958 1568 δὲ

351 1599 552 1675 ἀθέοις
584 1601 679 1654 τοῦ
720 1601 976 1672 πολεμίου
1011 1607 1236 1672 φωναῖς,
1271 1606 1364 1657 καὶ
1406 1608 1470 1676 τῇ
1523 1606 1760 1678 τοσαύτῃ
1791 1609 1962 1683 ὑπερ-

355 1695 563 1765 ηφάνῳ
592 1696 880 1767 προσέχειν
905 1696 1211 1767 ἀλαζονεία.

439 1807 460 1837 ι
492 1788 604 1840 Καὶ
627 1783 791 1857 ἦλθον
815 1788 866 1839 ot
895 1789 1080 1852 παῖδες
1107 1789 1200 1842 τοῦ
1234 1789 1497 1858 βασιλέως
1551 1789 1792 1855 Ἐζεκίου
1822 1791 1959 1860 πρὸς

2071 611 2190 655 tuus
2223 603 2382 654 verba
2425 600 2683 654 Rabsacis
2711 642 2727 664 ,
2763 615 2885 668 quae
2928 599 3075 653 misit
3110 615 3200 653 rex
3239 600 3590 670 Assyriorum
3616 637 3632 662 ,

2065 703 2122 746 ut
2157 694 2518 762 exprobraret
2552 693 2662 747 Deo
2692 691 2917 752 viventi,
2958 701 3011 745 et
3038 693 3394 759 exprobraret
3430 692 3634 758 verbis,

2064 796 2182 848 quzc
2225 780 2430 834 audivit
2470 781 2728 835 Dominus
2772 781 2910 834 Deus
2957 791 3118 842 tuus.
3154 791 3209 835 et
3249 781 3636 848 deprecaberis

2067 874 2351 926 Dominum
2385 883 2532 926 tuum
2588 890 2688 941 pro
2723 873 3000 929 derelictis
3049 875 3186 929 istis.
3228 893 3246 925 ι
3302 875 3424 928 Ideo
3474 877 3539 927 ad
3585 885 3636 928 te

2065 963 2241 1014 virum
2289 959 2395 1015 ‘Dei
2451 962 2656 1030 legatos
2703 964 2971 1025 misimus,
3020 978 3114 1031 per
3167 974 3218 1018 te
3271 965 3424 1018 nobis
3466 964 3633 1017 Demu

2067 1063 2212 1103 tuum
2247 1051 2547 1121 IlthIIIOI'eIn
2596 1052 2701 1105 hoc
2734 1061 2972 1119 tempore
3016 1055 3206 1108 adesse
3247 1055 3632 1108 obsecrantes:

2064 1159 2223 1212 quem
2260 1160 2326 1199 ne
2356 1144 2570 1213 quidem
2607 1145 2770 1198 Deum
2822 1156 3069 1199 nosmim
3096 1161 3293 1201 vocare
3341 1147 3632 1212 audemus;

2062 1235 2153 1287 sed
2196 1233 2360 1288 Deum
2408 1245 2462 1289 et
2498 1235 2779 1288 Dominmn
2815 1246 2961 1288 tuum
3005 1252 3128 1290 esse
3161 1239 3325 1312 probe
3364 1239 3628 1292 novimus.

2065 1324 2197 1380 IIuic
2227 1342 2357 1394 ergo
2391 1327 2490 1399 ipsi
2537 1327 2932 1396 supplicamus,
2981 1343 3047 1381 nc
3091 1328 3296 1386 scelera
3330 1341 3510 1387 nostra
3548 1345 3633 1382 re-

2061 1417 2292 1484 spiciat,
2335 1435 2510 1487 neque
2557 1430 2904 1486 pet-calorum
2954 1429 3263 1476 nostrorum
3315 1424 3629 1476 memoriam

2065 1511 2326 1574 retineat;
2371 1511 2466 1565 sed
2514 1510 2695 1579 impiis
2745 1510 2948 1567 inimici
2992 1513 3218 1568 vocibus
3258 1521 3314 1568 et
3354 1524 3514 1569 tantae
3543 1532 3632 1570 sn-

2061 1602 2256 1669 pcrbiae
2288 1603 2553 1658 attendat.
3299 1599 3302 1602 ’

2133 1777 2296 1832 Vens.
2352 1779 2471 1838 δεῖ.
2506 1799 2524 1831 ι
2561 1781 2624 1834 Et
2652 1791 2910 1839 venerunt
2942 1784 3092 1851 pueri
3126 1785 3268 1855 regis
3285 1785 3528 1843 Ezechiae
3565 1787 3632 1841 ad

370 1881 628 1942 τΗσαῖαν,
679 1882 773 1933 καὶ
821 1875 973 1932 εἶπεν
1030 1881 1210 1944 αὐτοῖς
1248 1883 1506 1945 Ἡσαΐας⁸
1545 1883 1731 1946 Οὕτως
1779 1885 1947 1954 ἐρεῖτε

2057 1870 2268 1934 Isaiam,
2311 1882 2365 1925 et
2403 1873 2537 1926 dixit
2581 1873 2688 1928 illis
2733 1875 2897 1928 Isaias
2938 1893 2952 1928 :
2993 1876 3082 1930 Sic
3122 1876 3312 1933 dicetis
3354 1880 3420 1932 ad
3454 1881 3629 1933 domi-

359 1971 510 2041 πρὸς
537 1971 625 2024 τὸν
671 1970 860 2042 κύριον
891 1971 1044 2042 ὑμῶν
1065 1991 1077 2001 ·
1127 1973 1264 2026 Τάδε
1309 1974 1456 2042 λέγει
1485 1975 1711 2046 Κύριος·
1744 1975 1834 2050 Μὴ
1861 1992 1955 2044 φο-

362 2062 543 2133 ϐηθῇς
569 2063 677 2115 ἀπὸ
707 2063 815 2116 τῶν
849 2063 1020 2131 λόγων
1048 2057 1124 2116 ὧν
1153 2064 1412 2134 ἤκουσας,
1447 2064 1540 2128 οὓς
1572 2065 1855 2120 ὠνείδισάν
1883 2084 1953 2138 με

358 2155 413 2226 οἱ
445 2154 700 2227 πρέσϐεις
734 2155 1000 2224 βασιλέως
1039 2157 1358 2228 Ἀσσυρίων.
1404 2157 1532 2210 Ἰδοὺ
1562 2157 1672 2225 εγὼ
1703 2158 1958 2229 ὲμϐάλλω

366 2247 452 2309 είς
499 2247 653 2299 αὑτὸν
683 2247 920 2317 πνεῦμα,
962 2248 1052 2299 καὶ¹
1085 2246 1326 2311 ἀκούσας
1353 2247 1636 2316 ἀγγελίαν,
1672 2249 1953 2321 ἀποστρα-

376 2339 603 2408 φήσεται
636 2340 712 2401 εἰς
739 2339 839 2409 τὴν
867 2337 1052 2410 χώραν
1085 2339 1271 2398 αὐτοῦ,
1310 2340 1404 2392 καὶ
1436 2343 1682 2393 πεσεῖται
1710 2342 1954 2414 μαχαίρᾳ

376 2414 439 2480 ἕν
471 2432 536 2499 τῇ
582 2433 653 2501 γῇ
686 2429 865 2483 αὐτοῦ.
899 2451 915 2480 ι
972 2431 1060 2494 Ὠς
1101 2431 1159 2483 δὲ
1218 2431 1380 2501 μόνον
1435 2433 1743 2502 ἐπέστησαν
1778 2434 1951 2496 αὐτοὶ,

373 2521 590 2587 φθάσας
632 2523 756 2586 τοὺς
801 2525 932 2594 παρ’
963 2522 1144 2576 αὐτῶν
1194 2523 1385 2591 λόγους
1419 2525 1446 2576 ό
1490 2525 1736 2587 Ἡσαΐας,
1781 2526 1954 2588 ἀπαγ-

367 2610 580 2677 γέλλειν
601 2613 928 2683 προσέταττε
945 2612 1042 2684 τὴν
1070 2615 1469 2685 ἐπιφερομένην
1498 2617 1833 2686 προφητείαν
1853 2634 1864 2645 '
1887 2617 1952 2670 δι’

362 2695 434 2770 ἧς
468 2704 704 2774 πνεῦμα,
736 2705 918 2774 φησὶν,
949 2704 1204 2776 ἐμϐάλλει
1245 2707 1323 2768 είς
1358 2705 1520 2762 αὐτόν
1540 2724 1552 2736 ·
1586 2708 1674 2776 ὑφ’
1704 2701 1765 2760 οὗ
1795 2709 1955 2762 πνεύ-

363 2811 538 2870 ματος
570 2795 894 2868 ἀπατηθεὶς,
918 2795 1177 2868 ἐπανήξει
1203 2797 1297 2849 ἐπὶ
1319 2797 1416 2868 τὴν
1443 2799 1638 2857 ἑαυτοῦ
1668 2800 1792 2874 γῆν,
1821 2800 1954 2854 ἔνθα

362 2881 515 2954 ξίφει
555 2887 653 2956 τὴν
688 2885 832 2958 ζωὴν
876 2888 1263 2960 καταστρέψει.

381 2962 384 2965 ’
431 2997 451 3029 ι
510 2981 620 3033 Καὶ
661 2981 969 3051 ἀπέστρεψε
1012 2981 1340 3053 Ῥαϐσάκης,
1392 2983 1486 3035 καὶ
1547 2983 1812 3038 κατέλαϐε
1861 2985 1955 3040 τὸν

351 3068 592 3145 βασιλέα
633 3072 931 3142 Ἀσσυρίων
961 3069 1351 3142 πολιορκοῦντα
1378 3074 1604 3129 Λοϐνάν.
1641 3077 1752 3130 Κα)⁸
1793 3078 1955 3148 ἤκου-

350 3178 441 3214 σεν
469 3164 566 3215 ὅτι
593 3163 806 3234 ἀπῆρεν
834 3162 941 3216 ἀπὸ
986 3164 1174 3233 Λαχὶς,
1207 3165 1300 3217 καὶ
1348 3165 1538 3234 ἐξῆλθε
1581 3168 1832 3239 Θαρακὰ,
1861 3169 1956 3238 βα-

2063 1980 2190 2017 nmn
2223 1974 2463 2018 vestrum
2504 1981 2518 2018 :
2567 1965 2690 2018 Haec
2714 1965 2843 2020 dicit
2883 1967 3142 2023 Dominus
3177 1988 3190 2023 :
3224 1970 3299 2022 Ne
3343 1985 3549 2025 metuas
3585 1988 3658 2037 ,ειη

2061 2055 2423 2118 sermonibus,
2446 2069 2581 2124 quos
2600 2057 2822 2122 audisti,
2847 2071 2982 2124 quos
3007 2059 3472 2127 exprobraverunt
3497 2063 3626 2113 mihi

2062 2143 2220 2211 legati
2276 2143 2422 2212 regis
2462 2146 2828 2213 Assyriorum.
2884 2147 3023 2202 Ecce
3081 2163 3182 2218 ego
3225 2149 3512 2205 immittam
3568 2153 3622 2204 in

2061 2251 2184 2289 cum
2231 2235 2506 2304 spiritum,
2558 2246 2612 2289 et
2653 2237 2838 2292 audito
2874 2239 3062 2292 nuntio
3113 2251 3416 2297 revertetur
3459 2245 3509 2298 iu
3551 2261 3631 2299 re-

2060 2327 2278 2392 gionem
2316 2340 2492 2390 suam,
2529 2333 2585 2378 et
2625 2327 2782 2380 cadet
2820 2327 2999 2398 gladio
3032 2330 3086 2383 in
3118 2337 3260 2385 terra
3303 2347 3424 2386 sua.
3463 2352 3482 2384 ι
3527 2334 3626 2390 Ubi

2062 2420 2293 2489 primum
2329 2429 2508 2475 autem
2538 2432 2907 2486 accesserunt,
2935 2437 3237 2478 sermonem
3266 2438 3454 2479 eorum
3491 2441 3629 2494 prte-

2063 2522 2281 2565 vertens
2311 2510 2502 2575 Isaias,
2538 2512 2753 2566 allatam
2785 2514 3123 2582 prophetiam
3169 2516 3475 2569 renuntiare
3507 2516 3627 2585 jus-

2061 2605 2168 2665 sit;
2208 2620 2312 2672 qua
2347 2605 2620 2672 spiritum,
2658 2606 2851 2672 inquit,
2887 2607 3140 2660 immittet
3179 2605 3232 2660 in
3259 2621 3405 2670 eum,
3443 2623 3472 2661 a
3518 2624 3626 2676 quo

2060 2695 2256 2761 spiritu
2288 2695 2543 2764 deceptus
2583 2703 2887 2750 revertetur
2935 2696 2988 2750 in
3039 2705 3240 2752 terram
3281 2713 3434 2755 suam
3463 2739 3478 2764 ,
3531 2701 3622 2755 ubi

2060 2783 2237 2854 gladio
2271 2783 2436 2838 vitam
2467 2785 2637 2839 liniet.

2133 2964 2296 3020 Vens.
2334 2964 2490 3022 8-16.
2529 2983 2548 3016 ι
2595 2965 2660 3020 Et
2694 2979 2945 3021 reversus
2991 2976 3073 3020 est
3109 2964 3414 3029 Rabsaces,
3453 2974 3508 3019 et
3537 2966 3633 3020 de-

2066 3056 2354 3124 prehendit
2395 3071 2575 3126 regem
2606 3057 2958 3127 Assyriorum
2999 3055 3334 3111 obsidentem
3366 3055 3626 3114 Lobnam,

2061 3147 2130 3201 Et
2156 3145 2363 3200 audivit
2387 3147 2530 3214 quod
2550 3145 2826 3214 profectus
2854 3155 3000 3199 esset
3025 3144 3092 3198 de
3117 3143 3338 3209 Lachis,
3366 3154 3421 3199 et
3451 3161 3632 3215 egres-

353 3255 547 3318 σιλεὺς
587 3254 860 3308 Αἰθιόπων
881 3295 898 3318 ,
935 3255 1296 3328 πολιορκῆσαι
1323 3257 1484 3310 αὐτόν
1508 3275 1522 3289 ·
1565 3235 1676 3312 καὶ-
1705 3235 1946 3324 ἀκούσας

2052 3255 2144 3293 sus
2181 3246 2327 3293 esset
2376 3235 2647 3300 Tltaraca,
2687 3253 2778 3291 rex
2834 3236 3190 3304 zEthiopum,
3242 3248 3300 3290 ut
3342 3236 3620 3292 obsideret

357 3346 700 3418 ἀπέστρεψε.
729 3347 840 3399 Καὶ
865 3345 1184 3399 ἀπέστειλεν
1215 3348 1480 3416 ἀγγέλους
1535 3350 1673 3419 πρὸς
1702 3351 1947 3415 Ἐζεκίαν

356 3436 536 3505 λέγων
555 3454 568 3466 ο
607 3436 792 3500 Οὕτως
816 3437 991 3507 ἐρεῖτε
1033 3436 1254 3509 Ἐζεκίᾳ
1284 3439 1493 3508 βασιλεῖ
1517 3441 1614 3510 τῆς
1657 3441 1942 3503 Ἰουδαίας·

346 3527 436 3599 Μή
485 3544 553 3580 σε
582 3527 845 3581 ἀπατάτω
870 3530 898 3581 ό
919 3527 1052 3590 Θεός
1081 3544 1197 3588 σου,
1239 3530 1323 3596 ἐφ’
1364 3524 1409 3596 ᾧ
1436 3529 1703 3594 πέποιθας
1733 3531 1818 3584 ἐπ’
1860 3532 1948 3584 αὺ-

346 3618 445 3688 τῷ,
512 3617 684 3686 λέγων
708 3636 721 3648 ·
753 3620 827 3672 Οὐ
863 3619 938 3690 μὴ
985 3619 1265 3690 παραδοθῇ
1304 3620 1663 3692 Ἰερουσαλὴμ
1704 3623 1761 3675 ἐν
1805 3622 1947 3693 χειρὶ

347 3708 628 3777 βασιλέως
686 3711 1006 3780 Ἀσσυρίων.
1051 3711 1122 3764 Σὺ
1166 3713 1268 3765 οὐκ
1319 3711 1559 3782 ἤκουσας
1604 3712 1640 3765 ἃ
1682 3714 1946 3783 ἐποίησαν

351 3802 604 3870 βασιλεῖς
644 3803 983 3874 Ἀσσυρίωνς
1021 3805 1204 3857 Πᾶσαν
1233 3803 1332 3874 τὴν
1373 3805 1476 3874 γῆν
1520 3805 1596 3867 ὡς
1636 3804 1944 3867 ἀπώλεσαν,

358 3893 460 3943 καὶ
496 3892 561 3944 σὺ
599 3890 882 3964 ρυσθήσῃ;
914 3891 1006 3961 Μὴ
1050 3891 1352 3962 ἐρρύσαντο
1380 3892 1579 3955 αὐτοὺς
1622 3894 1671 3944 οἱ
1702 3893 1814 3946 θεοὶ
1838 3892 1946 3945 τῶν

347 3979 553 4043 ἐθνῶν,
585 3977 678 4042 οὓς
703 3979 986 4033 ἀπώλεσαν
1014 3982 1064 4032 οἱ
1091 3981 1328 4052 πατέρες
1363 3998 1483 4051 μου,
1513 3983 1614 4052 τήν
1642 3999 1700 4035 τε
1734 3983 1942 4047 Γωζάν,

348 4070 455 4122 καὶ
488 4067 732 4139 Κάρραν,
767 4070 861 4122 καὶ
905 4069 1123 4138 Ῥαφὲθ,
1163 4069 1224 4123 αἴ
1259 4072 1396 4123 εἰσιν
1439 4073 1497 4122 ὲν
1545 4070 1700 4143 χώρα
1719 4073 1942 4144 Θεμάθ;

348 4158 473 4216 Ποῦ
526 4161 634 4212 εἰσι
663 4159 898 4228 βασιλεῖς
935 4161 1107 4232 Ἐμάθ
1131 4179 1146 4227 ;
1173 4161 1264 4214 καὶ
1287 4161 1391 4215 ποῦ
1429 4163 1670 4236 Ἀρφάθ;
1719 4166 1810 4217 καὶ
1841 4165 1944 4218 ποῦ

349 4247 568 4311 πόλεως
600 4250 998 4322 Ἐπφαρουαῒμ,
1037 4252 1404 4323 Ἀναγουγάνα
1432 4250 1577 4322 (M);
1615 4254 1724 4308 Καὶ
1755 4254 1944 4309 ἔλαϐεν

361 4336 616 4402 Ἐζεκίας
644 4339 706 4392 τὸ
737 4339 940 4409 βιϐλίον
973 4341 1124 4412 παρὰ
1157 4342 1266 4394 τῶν
1294 4342 1540 4411 ἀγγέλων
1563 4383 1577 4403 ,
1611 4344 1704 4398 καὶ
1735 4345 1944 4416 ἀνέγνω

346 4428 510 4490 αὐτὸ,
539 4428 633 4481 καὶ
660 4429 826 4499 ἀνέϐη
863 4431 943 4494 είς
981 4426 1130 4484 οἷκον
1162 4431 1389 4502 Κυρίου,
1419 4433 1513 4484 καὶ
1553 4433 1762 4500 ἦνοιξεν
1809 4437 1942 4488 αὐτὸ

347 4519 596 4572 ἐναντίον
624 4519 851 4591 Κυρίου.
888 4524 997 4575 Καὶ
1025 4522 1369 4592 προσηύξατο
1401 4523 1646 4587 Ἐζεκίας
1669 4525 1804 4596 πρὸς
1829 4527 1941 4579 Κύ-

345 4627 473 4688 ριον
497 4610 699 4677 λέγων·
739 4612 940 4682 Κύριος
969 4613 1215 4678 Σαϐαὼθ,
1243 4618 1272 4668 ὁ
1300 4616 1433 4678 Θεὸς
1476 4616 1752 4688 Ἰσραὴλ,ό
1770 4619 1937 4691 καθή-

349 4717 516 4768 μενος
549 4702 640 4753 ἐπὶ
671 4701 778 4754 τῶν
812 4703 1094 4773 χερουϐίμ.
1123 4724 1141 4755 ι
1192 4705 1250 4758 Ὀ
1274 4706 1330 4759 δέ
1362 4723 1428 4773 γε
1471 4707 1718 4771 Ἐζεκίας
1748 4707 1936 4780 ὥσπερ

346 4793 445 4844 καὶ
472 4793 732 4862 πρότερον
757 4793 982 4846 ἔσπευδε
1007 4795 1100 4846 καὶ
1129 4795 1224 4847 νῦν
1249 4797 1340 4848 ἐπὶ
1367 4797 1458 4848 τὸν
1480 4794 1627 4851 οἶκον
1651 4799 1746 4851 τοῦ
1769 4799 1927 4862 Θεοῦ,

349 4885 446 4936 καὶ
478 4885 626 4954 αὐτῷ
653 4885 815 4954 κμόνῳ
851 4886 948 4956 τὴν
981 4887 1266 4957 ἐπιστολὴν
1297 4888 1506 4940 ἐδείκνυ
1537 4890 1616 4960 τῷ
1641 4891 1776 4961 Θεῷ.
1816 4887 1929 4945 Εἶτ’

345 4975 557 5044 ἐπῆγεν
599 4977 896 5048 ἱκετηρίαν,
931 4978 1019 5031 διὰ
1056 4979 1364 5049 προσευχῆς
1399 4980 1558 5049 μόνον
1595 4979 1756 5033 αὐτὸν
1791 4977 1929 5034 εἶναι

346 5065 523 5133 λέγων
551 5067 704 5130 Θεὸν,
739 5069 832 5119 καὶ
865 5069 965 5121 οῦκ
991 5069 1166 5121 ἄλλον.

423 5177 443 5210 ι
471 5161 542 5213 Σὺ
581 5156 634 5213 εἷ
662 5163 691 5212 ὁ
723 5161 854 5224 Θεὸς
890 5163 1049 5230 μόνος
1081 5160 1261 5232 πάσης
1313 5160 1588 5230 βασιλείας
1618 5164 1717 5232 τῆς
1749 5164 1926 5215 οἰκου-

351 5253 549 5323 μένης·
589 5254 652 5306 σὺ
686 5253 945 5324 ἐποίησας
977 5255 1067 5306 τὸν
1098 5251 1326 5323 οὐρανὸν
1375 5253 1467 5306 καὶ
1503 5254 1602 5324 τὴν
1641 5254 1763 5324 γῆν.
1797 5255 1925 5306 Κλῖ-

345 5359 457 5403 νον,
489 5342 683 5413 Κύριε,
704 5344 766 5396 τὸ
795 5342 889 5406 οῦς
919 5361 1041 5396 σου·
1075 5344 1414 5407 εἰσάκουσον,
1450 5343 1620 5414 Κύριε
1640 5361 1652 5372 ·
1688 5343 1936 5410 ἄνοιξον,ι

350 5431 541 5503 Κύριε,
590 5435 716 5497 τοὺς
771 5435 1080 5505 ὀφθαλμούς
1113 5452 1229 5487 σου”
1269 5434 1567 5503 εἷσϐλεψον,
1605 5435 1795 5504 Κύριε,
1830 5436 1923 5488 καὶ

2049 3345 2169 3384 eum
2199 3350 2212 3384 :
2251 3329 2561 3385 et-andiens
2599 3345 2847 3383 reversus
2880 3339 2981 3383 est.
3023 3330 3086 3383 Et
3117 3329 3265 3385 misit
3295 3331 3515 3385 nuntios
3540 3331 3608 3384 ad

2047 3421 2334 3478 Ezechiam
2367 3422 2554 3476 dicens
2585 3438 2598 3474 :
2636 3420 2728 3475 Sic
2754 3420 2947 3475 dicetis
2982 3420 3226 3476 Ezecliia:
3251 3422 3364 3491 regi
3394 3419 3622 3476 Iudaeae:

2048 3513 2164 3569 Non
2203 3523 2253 3569 tc
2293 3513 2527 3583 decipiat
2568 3511 2712 3568 Deus
2748 3521 2893 3578 tuus,
2935 3513 3020 3566 cui
3073 3514 3336 3576 contidis,
3381 3513 3571 3569 dicens
3608 3532 3622 3567 :

2049 3605 2166 3658 Non
2201 3603 2446 3658 tradetur
2484 3603 2786 3659 Jerusalem
2829 3603 2882 3656 in
2926 3619 3142 3658 manum
3187 3606 3332 3674 regis
3367 3606 3626 3677 Assyrio-

2049 3712 2190 3748 rum.
2234 3695 2315 3749 Tu
2352 3711 2458 3748 non
2501 3695 2760 3750 audivisti
2804 3709 2924 3763 qua:
2971 3694 3216 3750 fecerunt
3259 3710 3414 3764 reges
3457 3699 3626 3767 Assy-

2049 3787 2298 3841 riorum?
2340 3785 2626 3852 Quomodo
2654 3797 2856 3839 terram
2886 3801 3102 3840 omnem
3134 3786 3485 3855 perdiderunt
3507 3827 3522 3846 .
3566 3801 3622 3841 et

2049 3887 2102 3931 tu
2153 3877 2410 3932 erueris?
2458 3875 2594 3930 Num
2629 3886 2893 3930 erueruut
2925 3891 3020 3931 cos
3061 3877 3133 3932 dii
3180 3877 3444 3946 gentium,
3487 3893 3625 3946 quos

2046 3965 2390 4033 perdiderunt
2420 3972 2602 4035 patres
2631 3965 2758 4031 mei,
2798 3963 3008 4030 Gozan,
3043 3975 3097 4019 et
3128 3963 3398 4028 Cltarran,
3433 3978 3488 4020 et
3517 3963 3624 4017 Ra-

2045 4057 2236 4125 plieth,
2270 4071 2392 4125 qua:
2446 4064 2576 4111 sunt
2617 4055 2669 4109 in
2717 4057 2937 4126 regione
2981 4057 3299 4112 Themath
3350 4057 3451 4113 Ubi
3497 4068 3624 4112 sunt

2047 4159 2201 4215 reges
2230 4145 2465 4200 Ematlt?
2493 4154 2548 4200 et
2573 4145 2662 4200 ubi
2697 4146 2940 4213 Arphath
2961 4145 2986 4200 ?
3009 4145 3351 4202 ubicivitatis
3381 4145 3623 4216 Eppbar-

2045 4239 2219 4303 vaim,
2263 4238 2632 4309 Anagugana?
2666 4237 2728 4291 Et
2769 4238 2999 4307 sumpsit
3028 4239 3292 4294 Ezechias
3331 4240 3534 4294 librum
3585 4255 3616 4292 a

2046 4328 2282 4393 nuntiis,
2315 4336 2370 4383 et
2399 4327 2528 4399 legit
2563 4343 2709 4395 eum,
2745 4337 2802 4382 et
2829 4328 3078 4382 ascendit
3099 4328 3154 4382 in
3187 4329 3405 4382 domum
3439 4327 3621 4381 Domi-

2047 4423 2124 4488 ni,
2157 4433 2214 4479 et
2239 4424 2456 4492 aperuit
2486 4439 2610 4478 eum
2639 4438 2828 4478 coram
2861 4421 3108 4477 Domino.
3161 4421 3229 4476 Et
3263 4423 3440 4477 oravit
3486 4422 3618 4478 Eze-

2044 4519 2197 4574 chias
2224 4519 2529 4582 Dominmn,
2564 4519 2749 4574 dicens
2784 4535 2798 4572 :
2834 4517 3060 4572 Domine
3093 4518 3453 4581 exercituum,
3481 4518 3621 4572 Deus

2045 4611 2226 4677 Israel,
2260 4611 2350 4681 qui
2381 4612 2538 4665 sedes
2576 4625 2739 4679 super
2767 4608 3078 4664 cherubim.
3111 4627 3130 4660 ›
3180 4609 3440 4664 Ezechias
3471 4627 3615 4675 vero,

2042 4703 2496 4775 quemadmodum
2525 4711 2582 4755 et
2621 4701 2772 4770 prius
2793 4739 2809 4762 ,
2844 4715 2988 4756 nunc
3021 4702 3186 4756 etiam
3224 4703 3519 4755 maturavit
3551 4704 3618 4755 ad

2042 4795 2261 4846 domum
2297 4791 2414 4856 Dei,
2449 4790 2651 4859 unique
2682 4790 2792 4845 Deo
2815 4791 3098 4859 epistolam
3127 4793 3385 4847 ostendit.
3415 4791 3618 4848 Deinde

2042 4897 2170 4936 vero
2208 4881 2657 4950 supplicationem
2717 4883 2920 4936 orando
2960 4882 3178 4949 emisit,
3208 4882 3362 4955 illum
3405 4885 3576 4941 soluunt
3601 4925 3615 4948 .

2038 4984 2091 5029 et
2130 4989 2233 5028 non
2275 4973 2468 5040 alium,
2501 4973 2669 5027 Deum
2701 4989 2820 5030 esse
2852 4974 3059 5031 dicens.

2105 5153 2269 5209 Vsus.
2291 5154 2465 5211 17-21.
2486 5171 2505 5206 ι
2528 5155 2606 5208 Τιι
2621 5170 2679 5211 es
2699 5155 2838 5212 Deus
2870 5159 3018 5214 solus
3039 5162 3215 5216 omnis
3237 5160 3386 5230 regni
3412 5167 3497 5213 tcr
3511 5175 3579 5213 ra:
3605 5181 3616 5213 ;

2035 5257 2087 5301 ιιι
2109 5247 2279 5302 fecisti
2311 5247 2506 5303 coelum
2535 5259 2590 5302 et
2623 5259 2842 5306 terram.
2877 5251 3108 5316 Inclina,
3144 5254 3388 5314 Domine,
3423 5267 3617 5305 aurem

2031 5349 2211 5394 tuam:
2245 5341 2460 5403 exaudi,
2490 5341 2715 5396 Domine
2749 5358 2762 5393 :
2796 5345 2968 5410 aperi,
2995 5343 3441 5400 Domiuc,oculos
3468 5353 3609 5405 tuos.

2031 5431 2270 5500 respice,
2307 5427 2556 5496 Domine,
2587 5442 2643 5485 et
2696 5434 2818 5488 vide
2863 5449 3140 5488 sermones
3179 5436 3608 5502 Seuuacberim,

2029 5537 2164 5591 quos
2198 5523 2365 5588 misit,
2406 5533 2464 5577 ut
2500 5527 2856 5592 exprobraret
2891 5528 3000 5578 Deo
3031 5525 3248 5578 viventi.
3293 5524 3348 5576 In
3380 5528 3609 5587 veritate

2028 5616 2196 5681 enim,
2239 5614 2495 5682 Domine,
2528 5627 2810 5671 vastarunt
2845 5631 2996 5685 reges
3030 5616 3374 5683 Assyriorum
3418 5621 3606 5676 orbem

351 5521 424 5574 Ιδὲ
460 5525 584 5587 τοὺς
616 5523 806 5590 λόγους
835 5525 1225 5596 Σενναχηρεὶμ,
1263 5523 1354 5587 οῦς
1384 5523 1698 5576 ἀπέστειλεν
1735 5524 1924 5576 ὀνειδί-

350 5611 464 5674 ζειν
487 5614 620 5668 Θεὸν
654 5615 849 5678 ζῶντα.
900 5614 1017 5668 Ἐπ’
1044 5615 1299 5686 ἀληθείας
1328 5613 1456 5685 γὰρ,
1487 5614 1677 5683 Κύριε,
1706 5615 1922 5685 ἠρήμω-

418 5745 654 5830 “IIl-Sic
696 5749 1139 5830 podicesﬁrxci
1201 5753 1565 5825 ἀναγουγάνα,
1622 5769 1956 5830 anngugana.

2026 5756 2079 5810 In
2116 5756 2379 5814 IIebraico
2411 5757 2601 5827 legitur
2629 5761 2748 5817 {11:1
2783 5765 2884 5817 mn
2908 5752 2972 5805 ad
3003 5751 3148 5820 cujus
3193 5752 3350 5810 ﬁdem
3382 5754 3605 5826 Vulgata

353 5816 435 5892 sic
460 5818 644 5900 habet,
682 5820 817 5895 Ana,
851 5829 902 5875 et
927 5822 1054 5897 ᾼιιιι.
