4118 6430
433 370 537 428 551
1151 370 1422 429 EUSEBII
1466 370 1959 429 CASSARIENSIS
1991 371 2145 428 OPP.
2190 372 2369 428 PARS
2410 373 2499 428 lli.
2524 406 2593 415 -—
2624 373 3040 431 EXEGETICA.
3615 383 3723 439 352

427 495 763 561 universum,
802 503 854 550 et
888 495 1164 565 regionem
1194 510 1379 549 eorum
1400 534 1417 560 ,
1444 504 1501 550 et
1536 494 1844 564 iniecerunt
1876 494 2014 550 idola
2047 526 2060 562 λ

2163 511 2225 550 αν
2272 495 2511 567 βασιλεῖς
2574 497 2876 569 Ἀσσυρίων
2912 498 3013 567 τὴν
3054 499 3384 573 οἰκουμένην
3432 501 3584 575 ὅλην,
3629 505 3723 558 καὶ

427 600 615 643 eorum
643 588 702 650 in_
738 588 933 658 ignem.
961 585 1079 641 Non
1107 588 1251 641 enim
1283 588 1355 641 dii
1372 596 1552 651 erant,
1578 589 1671 641 sed
1706 601 1872 656 opera
1912 604 2028 641 tua-

2163 587 2227 660 ὴν
2261 586 2447 660 χώραν
2475 589 2676 652 αὐτῶν,
2712 590 2807 643 καὶ
2830 589 3091 644 ἀνέϐαλον
3117 591 3185 645 τά
3219 591 3414 647 εἴδωλα
3439 594 3619 649 αὐτῶν
3645 598 3725 660 είς

429 697 593 737 nuum
617 682 917 744 hominum,
957 680 1099 751 ligna
1130 691 1184 735 et
1209 680 1416 749 lapides
1446 689 1534 735 :et
1557 681 1883 750 pepulerunt
1907 695 2023 735 eos.

2163 680 2190 733 ὀ
2222 679 2353 750 πῦρ.
2385 680 2459 734 Οὕ
2487 679 2597 751 γάρ
2626 680 2737 734 θεοὶ
2764 676 2927 752 ἦσαν,
2963 682 3078 736 ἀλλ’
3108 682 3246 754 ἔργα
3282 685 3483 757 χειρῶν
3522 685 3728 758 ἀνθρώ-

431 772 586 827 Nunc
623 781 802 826 autem
828 812 844 836 ,
881 770 1110 827 Domine
1159 771 1303 827 Deus
1341 780 1527 827 noster
1556 813 1571 838 ,
1611 773 1760 827 salva
1816 787 1918 828 nos
1963 775 2029 829 de

2163 787 2272 835 nov,
2309 769 2441 837 ξύλα
2479 770 2574 825 καὶ
2606 769 2776 823 λίθοι·
2804 771 2898 824 καὶ
2930 771 3222 826 ἀπώσαντο
3254 773 3471 839 αὐτούς.
3503 774 3620 830 Νῦν
3645 775 3729 840 δὲ,

429 881 593 920 manu
616 865 769 934 ejus;
798 873 861 920 ut
902 874 1202 935 cognoscat
1238 879 1402 920 omne
1428 879 1656 932 regnum
1686 875 1864 930 terrae,
1902 865 2030 936 quia

2163 862 2329 933 ἱὺριε,
2371 863 2400 916 6
2442 860 2577 926 Θεὸς
2607 861 2785 933 ἡμῶν,
2819 863 2993 917 σῶσον
3024 866 3172 937 ἡμᾶς
3202 866 3266 920 ἐκ
3296 867 3493 939 χειρῶν
3522 867 3722 923 αὑτοῦ·

431 965 487 1011 tu
540 971 600 1010 es
643 954 784 1011 Deus
824 956 992 1011 solus.
1028 955 1095 1010 Et
1137 956 1337 1012 missus
1363 966 1446 1012 est
1476 955 1644 1012 Isaias
1688 957 1830 1012 illius
1867 959 2033 1012 Amos

2163 972 2221 1009 να
2245 954 2360 1026 γνῷ
2384 955 2536 1009 πᾶσα
2563 958 2596 1026 ἠ
2634 955 2880 1026 βασιλεία
2926 959 3025 1029 τῆς
3059 961 3182 1030 γῆς,
3233 959 3316 1013 ὅτι
3350 961 3414 1015 σὺ
3448 957 3500 1015 εἴ
3531 963 3561 1015 6
3589 959 3727 1025 Θεὸς

430 1045 498 1099 ad
522 1044 838 1101 Ezechiam.
877 1065 897 1098 ι
936 1046 1053 1103 Rex
1087 1048 1308 1118 quidem
1342 1049 1631 1116 Ezechias,
1674 1060 1862 1121 utpote
1904 1050 2032 1106 reli—

431 1138 639 1208 giosus,
671 1139 725 1194 in
756 1139 978 1195 domum
1005 1141 1096 1195 Dei
1127 1141 1426 1208 concessit,
1453 1141 1543 1197 ubi
1563 1142 1676 1211 jam
1703 1143 2033 1212 descriptam

431 1230 732 1285 Orationem
764 1231 980 1297 emisit;
1015 1231 1155 1288 Deus
1188 1242 1368 1288 autem
1420 1234 1591 1289 misso
1623 1235 1691 1288 ad
1734 1251 1857 1290 eum
1901 1234 2038 1289 Isaia

434 1323 693 1394 propheta
736 1324 836 1393 ipsi
882 1325 1217 1393 respondet:
1250 1326 1546 1380 secundmu
1586 1341 1715 1382 vero
1753 1328 1852 1396 ipsi
1915 1342 2043 1381 ora-

435 1416 616 1470 culum
647 1416 819 1484 dedit,
846 1416 1048 1473 docens
1076 1432 1136 1474 se
1157 1432 1465 1475 sermonem
1501 1420 1910 1490 orationemque
1926 1419 2040 1489 ejus

437 1509 769 1566 exaudiisse.

513 1777 677 1835 Vsus.
696 1779 928 1846 21,924
954 1782 1021 1837 Et
1040 1783 1180 1839 dixit
1209 1784 1258 1840 ei
1284 1801 1299 1839 :
1329 1782 1453 1840 Haec
1471 1784 1602 1840 dicit
1629 1783 1889 1846 Dominus
1903 1786 2043 1840 Deus

2138 1047 2318 1119 μόνος.
2344 1047 2456 1100 Καὶ
2489 1048 2769 1119 ἀπεστάλη
2798 1047 3028 1113 Ἡσαΐας
3057 1050 3173 1114 υἱὸς
3206 1051 3386 1124 Ἀμὼς
3411 1052 3548 1125 πρὸς
3584 1051 3731 1117 Ἐζε-

2138 1141 2285 1195 κίαν.
2318 1158 2339 1193 ι
2385 1139 2444 1193 Ὀ
2480 1140 2578 1210 μὲν
2606 1139 2859 1211 βασιλεὺς
2906 1141 3177 1207 Ἐζεκίας,
3214 1138 3301 1197 οἷα
3334 1144 3611 1215 θεοφιλὴς,
3647 1147 3726 1209 είς

2137 1234 2229 1287 τόν
2247 1231 2397 1287 οῐκον
2425 1231 2579 1304 ἀνῄει
2611 1234 2707 1287 τοῦ
2739 1233 2898 1299 Θεοῦ,
2928 1234 3024 1289 καὶ
3054 1235 3155 1307 τὴν
3177 1236 3527 1309 ἀνάγραπτον
3550 1238 3729 1309 ίκετη-

2143 1325 2261 1396 ρίαν
2292 1325 2579 1395 ἀνέπεμπε
2602 1342 2616 1355 ·
2636 1325 2769 1389 Θεός
2800 1325 2857 1380 δὲ
2878 1325 3028 1397 αὐτῷ
3061 1325 3443 1398 ἀποκρίνεται,
3477 1327 3569 1381 τὸν
3598 1328 3727 1381 έαυ-

2139 1417 2235 1471 τοῦ
2281 1418 2566 1489 προφήτην
2618 1418 2846 1474 Ἦσαῖαν
2882 1417 2959 1482 ὠς
2991 1404 3152 1473 αὐτὸν
3178 1418 3434 1490 πέμψας·
3479 1417 3729 1492 δεύτερον

2140 1509 2198 1564 δὲ
2262 1509 2412 1581 αὐτῷ
2472 1507 2663 1564 τοῦτον
2725 1511 2974 1565 ἐκδίδωσι
3030 1509 3121 1563 τὸν
3174 1510 3444 1582 χρησμὸν,
3488 1509 3564 1573 ὡς
3620 1510 3730 1581 ἀρα

2144 1602 2231 1675 εἴη
2278 1601 2534 1674 ἀκηκοὼς
2582 1602 2675 1657 τὸν
2720 1604 2819 1675 τῆς
2872 1605 3184 1675 προσευχῆς
3229 1602 3395 1658 αὐτοῦ
3448 1602 3604 1673 λόγον
3648 1602 3730 1655 δι·-

2147 1694 2383 1749 δάσκων.
3025 1708 3029 1710 '

2223 1806 2242 1837 ι
2278 1788 2388 1841 Καὶ
2413 1781 2570 1842 εἶπεν
2597 1788 2775 1860 αὐτῷ·
2802 1787 2942 1843 Τάδε
2972 1789 3121 1859 λέγει
3162 1789 3369 1861 Κύριος
3400 1789 3428 1841 6
3460 1788 3592 1850 Θεὸς
3628 1788 3730 1840 Ἰσ-

441 1871 853 1931 ιεταειεΑυιΙίνί
880 1891 1000 1946 quae
1034 1886 1289 1948 precatus
1312 1892 1373 1933 es
1410 1894 1496 1933 me
1529 1892 1693 1947 super
1721 1877 2030 1934 Sennache-

2163 1879 2277 1952 »αήλ
2298 1895 2313 1910 ·
2347 1880 2594 1934 Ἤκουσα
2631 1880 2668 1935 ἃ
2706 1880 2998 1956 προσηῦξω
3033 1883 3168 1955 πρὸς
3202 1882 3271 1954 μὲ
3305 1882 3430 1953 περὶ
3462 1881 3734 1951 Σενναχη-

444 1968 548 2022 rim
575 1982 705 2037 rege
741 1967 1111 2042 Assyriorum.
1151 1970 1251 2026 Hic
1288 1981 1374 2026 est
1407 1985 1590 2026 sermo
1620 1986 1781 2041 quem
1828 1972 2040 2027 locutus

442 2071 531 2117 est
558 2062 624 2117 de
653 2060 742 2116 illo
771 2061 914 2118 Deus
940 2062 1312 2135 :Contempsit
1344 2074 1430 2131 te,
1473 2072 1529 2119 et
1570 2064 1924 2119 subsanuavit
1964 2076 2038 2131 te,

443 2154 598 2223 virgo
630 2154 737 2209 lilia
775 2154 929 2210 Sion.
958 2175 976 2208 ι
1000 2157 1112 2226 Ego
1142 2171 1272 2212 vero
1302 2157 1427 2212 dico
1463 2157 1559 2212 tibi
1597 2172 1666 2212 ne
1699 2158 2039 2228 temetipsum

443 2247 705 2318 decipias,
743 2263 848 2303 non
886 2249 1028 2304 enim
1054 2249 1256 2303 virtute
1275 2257 1365 2304 tua
1400 2249 1501 2305 hos
1528 2264 1720 2305 omnes
1749 2250 2040 2318 superasti.

444 2337 560 2410 Ego
600 2348 787 2395 autem
837 2356 987 2396 eram
1019 2341 1111 2411 qui
1155 2340 1273 2397 haec
1313 2349 1507 2397 contra
1549 2356 1647 2398 eos
1686 2342 2043 2408 deﬁnieram,

444 2430 662 2487 etiamsi
704 2440 758 2488 tu
818 2434 872 2488 id
921 2434 1147 2491 minime
1192 2449 1541 2506 agnosceres,
1570 2446 1737 2506 atque
1776 2436 1844 2489 ab
1890 2434 2047 2491 initio

446 2525 736 2583 consilium
773 2542 953 2581 meum
985 2542 1092 2581 non
1141 2527 1384 2582 audires.
1420 2525 1633 2582 Etenim
1667 2525 1779 2594 jam
1812 2526 1938 2581 inde
1980 2527 2046 2581 ab

447 2619 690 2689 antiquis
714 2619 1048 2688 temporibus
1070 2620 1185 2675 hac
1208 2628 1398 2674 contra
1427 2619 1759 2688 irreligiosas
1780 2627 1834 2674 et
1859 2620 2050 2689 impias

453 2720 643 2782 gentes
686 2726 784 2782 per
815 2721 869 2766 te
914 2712 1054 2766 elIici
1095 2711 1463 2767 decreveram.
1493 2710 1649 2765 Nunc
1694 2721 1876 2765 autem
1920 2711 2052 2781 ipsis

455 2803 714 2871 operibus
747 2802 1035 2859 consilium
1064 2804 1251 2874 aperui
1294 2819 1499 2867 meum,
1524 2819 1646 2859 cum
1680 2812 1733 2858 te
1762 2803 1830 2858 ad
1862 2819 2050 2859 eorum

455 2894 550 2968 qui
595 2894 861 2967 supplicio
911 2894 1062 2967 digni
1129 2906 1258 2949 sunt
1301 2895 1596 2967 perniciem
1639 2894 1923 2960 excitavi,
1967 2903 2051 2948 at-

457 3002 567 3061 que
596 2999 649 3043 te
679 2989 833 3058 quasi
867 2988 1024 3059 signo
1048 3002 1182 3044 usus
1217 3003 1342 3043 sum
1371 2988 1438 3043 ad
1463 2986 1752 3042 vastandas
1779 2996 1971 3057 gentes
2001 2993 2056 3040 et

456 3081 526 3136 ad
552 3080 830 3152 pellendos
868 3096 964 3136 eos
1004 3081 1098 3152 qui
1128 3081 1368 3136 munitas
1401 3081 1564 3137 urbes
1594 3078 1839 3134 incolunt
1873 3094 1887 3132 :
1920 3093 2057 3149 quas

457 3174 679 3245 quidem
710 3175 874 3231 urbes
905 3175 1057 3243 prius
1082 3173 1452 3228 custodiebam
1482 3182 1538 3228 et
1564 3170 1886 3237 servabam;
1917 3179 2059 3241 post-

2146 1971 2274 2043 peip.
2306 1970 2572 2041 βασιλέως
2609 1973 2933 2046 Ἀσσυρίων.
2969 1969 3136 2038 Οὗτος
3163 1976 3192 2028 ὀ
3225 1974 3381 2043 λόγος
3414 1974 3472 2025 ὃν
3505 1972 3734 2042 ὲλάλησε

2145 2065 2275 2136 περὶ
2299 2064 2465 2118 αὐτοῦ
2488 2067 2517 2119 6
2538 2065 2695 2130 Θεός·
2737 2065 3028 2137 Ἐφαύλισέ
3061 2083 3120 2118 σε
3157 2066 3252 2120 καὶ
3278 2066 3613 2137 ὲμυκτήρισέ
3650 2082 3733 2133 σε,

2148 2155 2415 2228 παρθένος
2436 2157 2683 2229 θυγάτηρ
2707 2158 2868 2213 Σιών.
2905 2177 2927 2210 ›
2956 2157 3097 2229 Ἐγὼ
3127 2157 3185 2211 δέ
3215 2158 3297 2210 σοί
3331 2176 3473 2229 φημι
3502 2157 3577 2230 μὴ
3608 2175 3738 2213 σαυ-

2147 2248 2240 2302 τόν
2290 2248 2543 2322 ἀπατᾷν,
2599 2250 2661 2303 οὕ
2715 2251 2827 2323 γὰρ
2872 2252 2939 2323 τῇ
2988 2248 3186 2303 σαυτοῦ
3243 2249 3473 2320 δυνάμει
3531 2249 3739 2305 τούτων

2149 2342 2402 2396 ἁπάντων
2435 2343 2812 2415 περιγέγονας.
2855 2340 2997 2411 Ἐγὼ
3040 2340 3101 2396 δὲ
3133 2341 3281 2419 ἥμην
3319 2339 3456 2394 αὕτά
3489 2339 3609 2394 κατ’
3640 2338 3742 2395 αὕ-

2150 2435 2259 2491 τῶν
2286 2435 2497 2511 ὁρίσας,
2529 2438 2579 2489 εἰ
2613 2436 2707 2490 καὶ
2741 2435 2807 2489 σὺ
2838 2435 2915 2507 μὴ
2934 2434 3201 2503 ἐπέγνως,
3231 2432 3383 2504 ἢκαὶ
3417 2433 3550 2504 μηδὲ
3574 2433 3741 2503 ἡκου-

2112 2582 2115 2585 ,
2153 2544 2253 2591 σας
2284 2527 2383 2600 τὴν
2407 2526 2546 2599 ἐμὴν
2571 2525 2631 2594 ἐξ
2661 2527 2836 2599 ἀρχῆς
2864 2525 3082 2598 βουλήν.
3112 2524 3297 2579 Ταῦτα
3316 2524 3425 2596 γὰρ
3458 2524 3621 2587 αὐτὸς
3646 2525 3738 2578 κέο

2154 2637 2325 2693 κρικα
2357 2620 2501 2674 κατά
2529 2619 2638 2673 τῶν
2671 2618 2849 2673 ἀθέων
2887 2619 2982 2672 καὶ
3009 2617 3220 2687 ἀσεϐῶν
3245 2617 3414 2671 ἐθνῶν
3453 2618 3618 2673 πάλαι
3649 2617 3741 2670 καὶ

2155 2712 2215 2779 ἐξ
2238 2712 2461 2785 ἡμερῶν
2492 2711 2735 2784 ἀρχαίων
2786 2710 2876 2766 διὰ
2914 2709 3009 2764 σοῦ
3044 2711 3377 2784 πραχθῆναι.
3427 2711 3543 2766 Νῦν
3582 2710 3639 2764 δὲ
3672 2709 3737 2763 δι’

2157 2803 2335 2876 έργων
2386 2803 2485 2876 τὴν
2527 2805 2669 2877 ἐμὴν
2722 2801 2977 2869 ἐπέδειξα
3018 2803 3233 2875 βουλὴν,
3278 2804 3500 2877 ἐγείρας
3552 2821 3612 2857 σε
3654 2801 3737 2855 ἐπ’

2157 2894 2363 2967 ὀλέθρῳ
2392 2894 2501 2949 τῶν
2528 2893 2801 2969 τιμωρίας
2832 2892 3023 2958 ἀξίων,
3051 2892 3146 2949 καί
3176 2912 3260 2949 σοι
3287 2898 3635 2971 χρησάμενος
3657 2911 3747 2965 ση-

2163 2987 2301 3059 μείῳ
2331 2987 2426 3042 τοῦ
2452 2986 2798 3061 ἐξερημῶσαι
2824 2985 2974 3057 ἔθνη,
3004 2987 3341 3052 ἀναστάτους
3367 2991 3589 3060 ποιῆσαι
3619 2988 3744 3051 τοὺς

2159 3076 2442 3141 οἰκοῦντας
2478 3078 2536 3129 έν
2570 3074 2789 3129 πόλεσιν
2812 3074 3069 3147 ὀχυραῖς·
3103 3075 3170 3140 ἀς
3197 3078 3461 3149 πρότερον
3492 3077 3593 3149 μὲν
3617 3076 3747 3145 ἐφύ-

2161 3168 2354 3221 λαττον
2374 3167 2653 3233 διασώζων
2672 3168 2782 3238 ἐγώ
2800 3187 2813 3200 ·
2850 3170 2973 3224 ἐπεὶ
2996 3169 3053 3223 δὲ
3083 3169 3314 3240 ἠσέϐουν
3349 3169 3425 3241 μὴ
3453 3170 3746 3241 γνωρίζον-

458 3281 626 3335 quam
652 3277 838 3322 autem
868 3267 943 3322 illi
974 3275 1312 3322 servatorem
1340 3281 1447 3321 non
1473 3275 1837 3336 agnoscentes
1874 3279 2054 3327 suum,

2163 3278 2251 3326 τες
2298 3260 2387 3314 τὸν
2410 3260 2619 3315 ἑαυτῶν
2667 3264 2906 3335 σωτῆρα,
2948 3238 3126 3335 ἀνῆκα
3156 3261 3252 3327 τὰς
3285 3238 3524 3334 ἐμαυτοῦ
3558 3238 3747 3333 χεῖρας

463 3358 733 3429 impietati
764 3374 825 3415 se
854 3358 1223 3424 dediderant,
1255 3372 1448 3412 manus
1498 3356 1681 3411 remisi
1719 3370 1899 3420 meas,
1935 3369 2058 3410 eos-

462 3465 570 3515 que
591 3450 686 3506 tibi
718 3450 787 3506 ad
817 3452 1143 3521 supplicium
1182 3450 1401 3504 tradidi.
1437 3448 1516 3504 llli
1539 3463 1673 3504 vero
1716 3448 2061 3518 inspectione

464 3558 586 3600 mea
610 3544 809 3610 orbati,
844 3538 1033 3600 statim
1076 3543 1282 3599 deserti
1310 3552 1458 3599 sunt.
1493 3540 1676 3609 Quare
1700 3542 1923 3598 subdit:

534 3635 701 3691 Vsus.
727 3636 919 3694 25-25.
958 3656 976 3690 ι
1008 3635 1064 3691 1η
1102 3646 1153 3693 te
1190 3645 1353 3705 caput
1385 3636 1573 3703 movit,
1599 3635 1705 3690 [ilia
1736 3634 2058 3690 Jerusalem.

463 3729 563 3786 Cui
619 3732 986 3802 exprobrasti,
1026 3743 1084 3786 et
1126 3746 1287 3802 quem
1329 3727 1612 3784 irritasti?
1648 3740 1743 3783 aut
1797 3729 2063 3782 adversus

466 3837 630 3894 quem
659 3823 927 3881 sustulisti
974 3837 1158 3878 vocem
1196 3831 1342 3876 tuam
1372 3820 1398 3875 ἳ
1430 3830 1488 3875 et
1530 3834 1635 3874 non
1660 3818 1857 3887 levasti
1895 3819 1950 3874 in
1986 3818 2064 3873 al-

469 3925 584 3971 tum
630 3917 819 3975 oculos
862 3926 984 3971 tuos
1027 3916 1093 3969 ad
1140 3923 1393 3970 sanctum
1442 3913 1630 3977 Israel,
1664 3914 1925 3982 quoniam
1971 3926 2066 3981 per

470 4007 697 4063 nuntios
735 4006 1078 4077 exprobrasti
1124 4006 1376 4062 Domino.
1426 4005 1509 4060 Tu
1559 4005 1707 4061 enim
1752 4002 2065 4059 dixistizlu

470 4097 820 4155 multitudine
848 4110 1110 4156 curruum
1137 4111 1240 4168 ego
1273 4098 1491 4155 asceudi
1535 4098 1589 4151 in
1625 4098 1885 4153 verticem
1915 4112 2069 4153 mon-

473 4192 635 4256 tium,
664 4201 723 4247 et
752 4192 806 4246 iu
854 4191 1045 4247 ultima
1084 4188 1299 4254 Libani,
1326 4198 1383 4245 et
1425 4189 1630 4245 succidi
1670 4188 1886 4257 fastigia
1918 4189 2093 4247 cedri.

471 4283 611 4351 eius,
643 4293 701 4341 et
738 4284 1198 4355 pulchritudinem
1238 4282 1505 4353 cypressi,
1558 4293 1615 4337 et
1647 4281 2067 4352 ingressussum

475 4378 533 4434 in
558 4378 903 4435 altitudinem
946 4377 1121 4446 partis
1147 4374 1346 4432 saltus.
1390 4394 1410 4427 ι
1443 4374 1539 4429 llis
1568 4387 1733 4443 porro
1758 4372 2071 4429 subiudicat

475 4472 727 4528 sublimia
770 4471 865 4527 illa
896 4480 956 4527 et
1001 4468 1297 4539 conspicua
1330 4467 1385 4522 in
1432 4465 1658 4535 reliquis
1693 4465 1947 4534 gentibus
1980 4478 2069 4518 re-

2163 3373 2247 3409 σοι
2281 3354 2612 3429 παραδιδοὺς
2638 3354 2731 3408 ἐπὶ
2766 3355 3037 3429 τιμωρίᾳ·
3065 3356 3113 3409 οἱ
3142 3354 3200 3408 δὲ
3229 3356 3575 3427 παραχρῆμα
3615 3353 3746 3425 ἔρη-

2166 3468 2256 3521 μοι
2307 3439 2553 3519 ὲγένοντο
2593 3451 2693 3522 τῆς
2741 3450 2882 3523 ἐμῆς
2916 3449 3272 3522 στερηθέντες
3308 3448 3630 3517 ἐπισκοπῆς.
3654 3446 3749 3499 Διό

2164 3541 2431 3611 ἐπιλέγει·

2238 3653 2257 3686 ι
2300 3630 2421 3688 Ἐπὶ
2452 3634 2534 3687 σοὶ
2562 3634 2802 3707 κεφαλὴν
2834 3632 3071 3703 ἐκίνησε,
3095 3631 3341 3702 θυγάτηρ
3372 3628 3742 3702 Ἰερουσαλήμ.

2165 3728 2299 3781 Τίνα
2322 3727 2606 3792 ὠνείδισας
2640 3728 2733 3782 καὶ
2759 3725 3080 3796 παρώξυνας
3102 3742 3117 3791 ;
3140 3725 3174 3796 ἢ
3209 3725 3344 3797 πρὸς
3370 3724 3496 3778 τινα
3526 3721 3748 3792 ὕψωσας

2166 3815 2265 3886 τὴν
2304 3815 2489 3887 φωνήν
2518 3832 2647 3881 σου;
2691 3815 2786 3869 καὶ
2815 3814 2925 3867 ὀὐκ
2955 3807 3095 3886 ἦρας
3124 3814 3203 3876 εἰς
3232 3812 3363 3883 ὕψος
3392 3811 3520 3876 τοὺς
3550 3809 3753 3879 6:900.)-

2171 3905 2302 3977 μούς
2325 3923 2420 3959 σου
2449 3906 2584 3979 πρὸς
2609 3907 2701 3960 τὸν
2732 3905 2887 3975 ἅγιον
2907 3904 3001 3959 τοῦ
3050 3904 3286 3977 Ἰσραὴλ,
3315 3904 3397 3959 ὅτι
3421 3903 3486 3957 δι’
3508 3901 3754 3972 ἀγγέλων

2168 3995 2452 4060 ὠνείδισας
2514 3995 2741 4069 Κύριον.
2797 3997 2871 4049 Σὺ
2927 3994 3036 4067 γὰρ
3080 3989 3269 4057 εἶπας·
3304 3992 3396 4064 Τῷ
3423 3991 3617 4064 πλήθει
3647 3990 3756 4043 τῶν

2171 4085 2433 4157 ἁρμάτων
2466 4086 2577 4157 ἐγὼ
2606 4087 2805 4158 ἀνέϐην
2865 4089 2946 4150 εἰς
3007 4084 3141 4156 ὕψος
3181 4085 3390 4159 ὀρέων,
3436 4085 3528 4139 καὶ
3569 4085 3648 4146 είς
3688 4082 3757 4136 τὰ

2172 4177 2377 4249 ἔσχατα
2420 4179 2515 4233 τοῦ
2554 4180 2810 4244 Λιϐάνου,
2846 4181 2941 4234 καὶ
2980 4181 3153 4250 ἔκοψα
3197 4179 3256 4231 τὸ
3279 4177 3411 4247 ὕψος
3440 4179 3539 4248 τῆς
3567 4176 3758 4245 κέδρου

2172 4271 2362 4336 αὐτοῦ,
2398 4273 2494 4327 καὶ¹
2525 4273 2586 4326 τὸ
2619 4273 2812 4339 κάλλος
2850 4274 2951 4344 τῆς
2976 4272 3341 4344 κυπαρίσσου,
3376 4269 3472 4322 καὶ
3508 4269 3761 4339 εἰσῆλθον

2173 4365 2254 4428 εἰς
2278 4363 2412 4433 ὕψος
2438 4363 2637 4435 μέρους
2664 4364 2758 4416 τοῦ
2788 4362 3016 4433 δρυμοῦ.
3062 4381 3080 4413 ι
3124 4359 3401 4432 ᾙνίττετο
3438 4357 3527 4413 διὰ
3555 4358 3764 4413 τούτων

2174 4458 2273 4520 τὰς
2288 4459 2347 4510 ὲν
2372 4459 2486 4520 τοῖς
2515 4457 2717 4520 λοιποῖς
2746 4454 2955 4508 ὲθνεσιν
2978 4450 3364 4524 έπηρτημένας
3386 4451 3482 4505 καὶ
3506 4449 3767 4522 εὐθηνου-

477 4565 825 4643 κηιηυιεηα
851 4568 1054 4635 quippe
1083 4561 1176 4618 illa
1209 4559 1405 4617 Libani
1455 4557 1747 4615 multitudo
1776 4556 1827 4611 in
1863 4554 2060 4609 altissi-

2179 4550 2348 4621 μένας
2388 4548 2684 4641 βασιλείας.
2718 4547 2793 4600 Τὸ
2831 4546 2940 4619 γάρ
2974 4545 3108 4600 πολῦ
3145 4543 3348 4614 πλῆθος
3393 4541 3489 4595 τοῦ
3532 4541 3766 4597 Λιϐάνου

480 4660 587 4715 mis
613 4658 792 4715 cedris
804 4667 858 4713 et
873 4655 1165 4728 cupressis,
1186 4654 1324 4719 sive,
1344 4651 1640 4709 secundum
1664 4646 2073 4719 Symmachum,

483 4772 507 4806 s
537 4753 823 4823 junipefis,
854 4769 874 4805 ι
896 4751 1032 4816 sive,
1064 4747 1365 4805 secundum
1390 4742 1670 4815 Aquilam,
1703 4759 1723 4793 ι
1749 4738 2067 4800 abietibus,»

480 4849 547 4903 ad
573 4847 860 4917 imaginem
883 4855 939 4901 et
966 4843 1191 4916 ﬁguram
1218 4841 1461 4914 gentium
1485 4847 1613 4893 tunc
1633 4847 1891 4906 prospere
1909 4845 2074 4902 agen-

484 4945 619 4998 tittm
655 4938 958 5006 usurpavit.

557 5031 721 5086 Vens.
747 5029 943 5086 εδει).
968 5047 987 5081 ι
1010 5028 1071 5083 Et
1105 5025 1261 5098 posui
1293 5032 1537 5097 pontem,
1568 5031 1627 5074 et
1645 5017 1852 5074 vastavi
1882 5030 2073 5085 aquas,

480 5136 538 5181 et
566 5138 785 5180 omnem
806 5122 1284 5192 congregationem
1328 5120 1501 5187 aqua.
1537 5113 1729 5169 Nonne
1754 5126 1820 5167 ea
1854 5108 2076 5165 audiisti

482 5219 635 5281 olim,
664 5231 787 5287 quae
808 5231 910 5285 ego
945 5214 1048 5269 feci
1079 5214 1105 5268 ⁴ί
1126 5214 1211 5268 Ab
1249 5209 1494 5280 antiquis
1532 5206 1726 5262 diebus
1770 5202 2027 5261 constitui
2061 5220 2076 5269 ;

486 5325 634 5366 nunc
662 5318 843 5365 autem
870 5306 1087 5363 ostendi
1128 5320 1219 5360 me
1249 5313 1469 5360 vastare
1518 5310 1708 5373 gentes
1742 5300 1797 5355 in
1826 5296 2080 5360 fortibus,

487 5413 545 5460 et
566 5418 683 5469 eos,
711 5402 807 5474 qui
844 5401 1094 5457 habitant
1140 5399 1194 5453 in
1233 5396 1545 5452 civitatibus
1586 5392 1831 5449 munitis.
1876 5389 2082 5446 Remisi

494 5508 707 5562 manus,
754 5507 815 5552 et
844 5501 1204 5557 exaruerunt,
1237 5500 1293 5546 et
1328 5489 1553 5545 luerunt
1596 5497 1856 5557 tanquam
1901 5485 2081 5539 fenum

494 5591 704 5646 aridqu
735 5590 787 5646 itt
838 5587 998 5645 tectis
1039 5595 1095 5641 et
1144 5595 1399 5656 tanquam
1439 5596 1681 5654 gramen.
1716 5579 1872 5634 Nunc
1902 5587 2081 5632 autem

501 5681 741 5753 requiem
784 5691 956 5743 tuam,
996 5686 1051 5734 et
1081 5678 1288 5732 exitum
1314 5686 1487 5739 tuum,
1514 5681 1569 5730 et
1603 5673 1906 5741 ingressum
1932 5679 2082 5724 tuum

498 5791 599 5845 ego
629 5774 775 5833 novi.
816 5771 899 5826 lra
930 5781 1109 5827 autem
1146 5779 1259 5834 tua,
1286 5785 1395 5838 qua
1444 5768 1616 5821 iratus
1652 5779 1735 5832 es,
1775 5771 1832 5818 et
1877 5762 2081 5817 antari-

501 5869 631 5925 tudo
667 5877 757 5921 tua
797 5863 1045 5920 ascendit
1081 5860 1148 5917 ad
1200 5876 1303 5918 me.
1337 5860 1401 5916 Et
1437 5857 1678 5928 injiciam
1723 5853 1986 5911 circulum
2029 5851 2082 5907 in

2179 4647 2239 4699 ἐν
2268 4624 2628 4717 ὕψηλοίάταις
2653 4642 2866 4713 κέδροις
2894 4639 2987 4694 καὶ
3014 4638 3396 4709 κυπαρισσοις,
3429 4634 3464 4705 ἢ
3491 4635 3586 4687 καὶ
3620 4654 3638 4685 ι
3669 4635 3769 4704 ἁρ-

2181 4738 2416 4802 κεύθοις,
2459 4758 2479 4790 ι
2516 4735 2655 4791 κατά
2684 4735 2775 4789 τὸν
2804 4733 3124 4805 Σύμμαχον,
3157 4730 3190 4802 ῆ
3228 4750 3246 4783 ι
3288 4728 3528 4791 ἐλάταις,
3570 4746 3590 4779 ι
3626 4724 3772 4779 κατὰ

2180 4832 2272 4886 τὸν
2323 4830 2572 4895 Ἀκύλαν,
2611 4831 2691 4894 εἰς
2730 4829 2914 4883 εἰκόνα
2951 4823 3271 4899 περιείληφε
3316 4821 3426 4875 τῶν
3458 4821 3578 4875 τότε
3606 4817 3771 4888 εὐθη-

2181 4942 2273 4981 νου
2282 4925 2460 4995 μένων
2496 4923 2686 4978 ὲθνῶν.

2258 5034 2278 5067 ι
2318 5015 2427 5068 Καὶ
2472 5013 2645 5085 ἔθηκα
2692 5012 2959 5085 γέφυραν,
3007 5011 3102 5064 καὶ⁸
3132 5009 3407 5079 ἡρήμωσα
3449 5004 3641 5066 ὕδατα,
3677 5003 3772 5056 καὶ

2183 5110 2365 5162 πᾶσαν
2388 5106 2713 5175 συναγωγὴν
2735 5103 2944 5168 ὕδατος.
2974 5102 3048 5155 Οὐ
3071 5098 3246 5154 ταῦτα
3270 5098 3511 5168 ἤκουσας
3543 5095 3711 5150 πάλαι
3733 5093 3773 5147 ἃ.

2183 5200 2295 5270 ἐγὼ
2322 5200 2589 5270 ἐποίησας
2641 5199 2729 5265 Ἐξ
2771 5195 2995 5268 ἡμερῶν
3028 5191 3272 5264 ἀρχαίων
3325 5188 3627 5255 συνέταξα·
3674 5184 3773 5241 νῦν

2185 5292 2241 5346 δὲ
2270 5290 2520 5356 ἐπέδειξα
2550 5290 2900 5362 ἐξερημῶσαι
2928 5285 3059 5355 ἔθνη
3094 5286 3151 5336 ὲν
3184 5284 3421 5354 ὀχυροῖς,
3450 5282 3545 5334 καὶ
3569 5277 3775 5334 οίκοῦν-

2188 5404 2289 5450 τας
2322 5388 2380 5440 ὲν
2410 5385 2627 5438 πόλεσιν
2658 5384 2905 5454 ὀχυραῖς.
2953 5378 3160 5448 Ἀνῆκα
3196 5374 3299 5439 τὰς
3334 5376 3540 5447 χεῖρας,
3567 5372 3659 5425 καὶ⁵
3685 5370 3773 5435 ἐξ-

2192 5477 2526 5551 ηράνθησαν,
2562 5476 2657 5530 καὶ⁴
2691 5475 2943 5543 ἐγένοντο
2964 5472 3040 5534 ὡς
3065 5469 3260 5541 χόρτος
3288 5466 3452 5539 ξηρὸς
3474 5466 3567 5519 ἐπὶ
3592 5461 3776 5533 δωμά-

2190 5592 2318 5639 των,
2344 5573 2437 5627 καὶ
2455 5570 2846 5641 ὡςάγρωστις.
2866 5567 2981 5619 Νῦν
2999 5563 3057 5618 δὲ
3088 5563 3187 5635 τὴν
3221 5558 3526 5616 ἀνάπαυσίν
3560 5574 3653 5609 σου
3683 5559 3782 5607 κσίς

2190 5668 2288 5739 τὴν
2320 5667 2496 5731 ἔξοδόν
2527 5682 2621 5718 σου
2671 5662 2764 5716 καὶ
2798 5658 2896 5731 τὴν
2935 5657 3140 5711 εἴσοδόν
3176 5672 3271 5708 σου
3317 5651 3428 5721 ἐγὼ
3455 5651 3773 5716 ἐπίσταμαι.

2202 5763 2262 5814 Ὀ
2287 5760 2345 5814 δὲ
2368 5757 2537 5829 θυμός
2562 5772 2681 5816 σου.
2709 5754 2769 5806 ὃν
2801 5749 3114 5822 ὲθυμὼθης,
3162 5746 3257 5801 καὶ
3276 5747 3310 5815 ἡ
3336 5742 3530 5813 πικρία
3560 5757 3655 5793 σου
3684 5740 3779 5793 ἀν-

2193 5852 2289 5923 έϐη
2322 5852 2455 5923 πρὸς
2492 5851 2580 5921 μέ.
2612 5848 2720 5903 Καὶ
2754 5842 2975 5917 ἐμϐαλῶ
3008 5840 3172 5911 φιμὸν
3220 5839 3299 5901 εἰς
3348 5834 3443 5905 τὴν
3488 5831 3610 5905 ρἴἀ
3661 5846 3777 5893 σου,
