4118 6418
283 391 381 449 555

1165 377 1659 433 COMMENTARIA
1699 376 1764 430 IN
1806 374 2065 430 lSAlAM.
2110 406 2175 416 —
2212 373 2369 428 CAP.
2415 368 2680 425 XXXVII.

3449 372 3553 427 555

286 502 374 557 καὶ
417 496 639 570 χαλινὸν
676 497 755 558 εἰς
790 493 857 546 τὰ
885 493 1041 563 χείλη
1073 510 1187 558 σου,
1220 494 1313 546 καὶ
1343 492 1676 563 ἀποστρέψω
1713 509 1770 543 σε
1806 495 1873 563 τῇ

1992 506 2136 544 tares
2174 500 2313 556 luas,
2355 497 2409 543 et
2456 490 2667 543 frenum
2714 488 2766 541 in
2803 487 2940 541 labia
2978 495 3066 540 tua
3105 505 3117 539 :
3152 496 3205 539 et
3242 498 3481 542 avertam
3507 500 3559 543 te

286 591 384 661 ὁδῷ
411 586 445 665 ᾖ
474 586 638 661 ἦλθες
672 588 728 639 ἐν
762 586 931 655 αὺτῖγ
958 586 1081 637 »ἵνα
1115 584 1188 655 μὴ
1216 584 1533 655 ὅποίβούλει
1564 585 1752 655 ἀπίῃς’
1789 584 1875 635 ἕλ’

292 700 403 736 κοιο
425 682 484 733 δὲ
524 681 618 733 καὶ
644 680 718 750 μή
752 678 1071 748 βουλόμενος
1104 678 1183 739 εἰς
1212 677 1479 730 τούπίσω·
1520 676 1875 747 ἀποστραφῆ-

292 795 374 829 ναι
409 775 521 845 γάρ
555 790 611 825 σε
654 772 836 841 δεήσει
885 769 963 839 τῷ
994 769 1097 839 ὀδῷ
1190 768 1288 840 τὴν
1313 767 1543 821 ἐνταῦθα
1583 769 1876 839 πεποίησαι

294 867 540 938 πορείαν,
594 865 729 935 πρὸς
784 863 846 916 τὸ
898 863 969 933 μὴ
1020 861 1241 914 τοιαῦτα
1280 860 1610 931 φθέγγεσθαι
1648 862 1872 931 τολμᾷν.

296 959 433 1028 Πλὴν
466 960 518 1010 εἰ
546 958 640 1010 καὶ
680 956 752 1026 μὴ
786 953 1131 1007 συναπώλεσε
1160 952 1236 1023 τῷ
1271 953 1462 1023 πλήθει
1495 953 1582 1006 διὰ
1599 953 1697 1023 τὴν
1726 956 1876 1026 εἰρη-

299 1052 459 1123 μένην
480 1050 682 1113 αἰτίαν,
704 1048 769 1100 δι’
789 1048 854 1117 ἢν
876 1046 968 1099 καὶ
989 1046 1204 1116 Φαραὼ,
1225 1045 1333 1097 τῶν
1352 1044 1550 1097 λοιπῶν
1566 1046 1878 1112 Αἰγυπτίων

299 1130 715 1214 κολαζομένων,
752 1140 954 1211 θεωρὸς
999 1138 1348 1207 ἐφυλάττετο·
1390 1138 1539 1206 ὅμως
1581 1135 1711 1204 γοῦν
1754 1136 1879 1199 τοὺς

301 1236 456 1289 αὑτοῦ
494 1234 693 1295 παῖδας
724 1226 879 1302 εὗρεν
920 1229 1112 1282 ἑαυτοῦ
1153 1228 1345 1297 φονέας
1398 1228 1490 1280 ἐπὶ
1537 1229 1635 1293 τῆς
1675 1226 1879 1288 οἰκείας

302 1329 587 1397 γενόμενος
616 1325 738 1395 γῆς.

373 1442 389 1470 ι
430 1418 606 1472 Τοῦτο
634 1418 691 1470 δέ
728 1434 809 1469 σοι
844 1416 905 1468 τὸ
925 1416 1146 1486 σημεῖον
1168 1430 1183 1446 ·
1220 1414 1357 1482 φάγε
1379 1412 1565 1464 τοῦτον
1589 1410 1679 1463 τὸν
1703 1411 1880 1462 ἐνιαυ-

304 1514 387 1565 τὺν
420 1512 455 1565 δι
492 1511 808 1581 ἕσπαρκας·
840 1507 919 1577 τῷ
950 1507 1005 1559 δὲ
1034 1504 1263 1576 ἐνιαυτῷ
1308 1503 1384 1575 τῷ
1417 1502 1649 1573 δευτέρῳ
1684 1500 1745 1552 τὸ
1779 1517 1878 1552 κα-

304 1604 574 1673 τάλειμμα
599 1619 611 1631 ·
640 1600 718 1670 τῷ
738 1600 794 1652 δὲ
823 1600 989 1669 τρίτῳ
1019 1598 1337 1666 σπείραντες
1362 1596 1632 1666 ἁμήσατε,
1659 1592 1752 1644 καὶ
1775 1610 1879 1659 φυ-

306 1697 523 1747 τεύσατε
550 1692 899 1762 ἀμπελῶνας,
922 1690 1015 1743 καὶ
1036 1688 1272 1759 φάγεσθε
1293 1687 1383 1739 τὸν
1400 1686 1608 1755 καρπὸν
1626 1682 1823 1737 αὐτῶν.
1855 1702 1873 1734 ι

309 1789 366 1839 Εἰ
386 1786 439 1839 δέ
459 1802 538 1837 σοι
561 1786 643 1836 δεῖ
670 1782 894 1855 σημείου
926 1782 1061 1852 πρὸς
1092 1782 1354 1833 πίστωσιν
1376 1778 1485 1829 τῶν
1515 1776 1661 1846 ὲμῶν
1683 1776 1877 1843 λόγων,

311 1877 415 1929 ἴσθι
468 1878 548 1930 ὃτι
577 1876 668 1928 τὸν
703 1874 943 1942 παρόντα
967 1871 1206 1924 ἐνιαυτὸν
1249 1872 1361 1932 τοῖς
1401 1869 1508 1921 ἀπὸ
1534 1868 1634 1937 τῆς
1659 1868 1760 1937 γῆς
1784 1868 1882 1918 αὐ-

309 1969 551 2038 τομάτως
609 1964 1093 2034 ἁναδοθησομένοις
1144 1962 1279 2033 πρὸς
1326 1960 1531 2031 τροφὴν
1583 1961 1782 2030 χρήσῃ,
1823 1958 1885 2011 τὸ

315 2060 443 2129 μηδὲ
468 2058 720 2111 δύνασθαι
756 2055 998 2125 συνήθως
1037 2054 1135 2124 τὴν
1177 2050 1360 2123 χώραν
1396 2050 1671 2121 γεωργίας
1702 2052 1884 2120 τυχεῖν

312 2151 396 2204 διὰ
427 2151 519 2221 τὴν
549 2150 657 2203 τῶν
685 2148 955 2217 πολεμίων
979 2145 1187 2214 ἔφοδον.
1206 2130 1217 2141 ’

390 2259 407 2291 ι
437 2241 539 2292 Καὶ
576 2239 786 2291 ἔσονται
832 2239 879 2289 0i
913 2233 1395 2304 καταλελειμμένοι
1437 2235 1496 2286 ἐν
1527 2233 1594 2303 τῇ
1632 2231 1882 2302 Ἰουδαίᾳ,

324 2332 574 2400 φυήσουσι
629 2331 777 2402 ῥίζαν
819 2328 987 2391 κάτω,
1033 2327 1127 2379 καὶ
1155 2326 1440 2394 ποιήσουσι
1476 2325 1698 2394 σπέρμα
1738 2324 1882 2387 ἄνω,

323 2425 403 2477 ὅτι
430 2424 485 2489 ἐξ
525 2422 868 2494 Ἰερουσαλὴμ
907 2420 1119 2472 ἔσονται
1162 2419 1211 2472 oi
1244 2417 1748 2487 καταλελειμμένοι,
1794 2415 1887 2467 καὶ

321 2517 369 2568 οί
386 2514 674 2585 σωζόμενοι
698 2514 751 2578 ἐξ
775 2512 932 2582 ὅρους
963 2509 1121 2563 Σιών.
1161 2510 1219 2563 Ὀ
1243 2508 1401 2579 ζῆλος
1424 2508 1629 2579 Κυρίου
1659 2504 1883 2559 Σαϐαὼθ

320 2607 525 2675 ποιήσει
555 2604 743 2657 ταῦτα.
769 2603 867 2656 Διὰ
900 2602 1057 2655 τοῦτο
1076 2601 1246 2664 οὕτως
1270 2600 1414 2668 λέγει
1437 2599 1640 2671 Κύριος
1679 2600 1771 2652 ἐπὶ
1795 2598 1887 2667 βα-

319 2699 463 2752 σιλέα
499 2699 826 2770 Ἀσσυρίωψ
859 2698 932 2751 Oti
975 2696 1048 2767 μὴ
1080 2693 1294 2765 εἰσέλθῃ
1336 2696 1415 2756 εἰς
1444 2694 1543 2765 τὴν
1571 2692 1723 2745 πόλιν
1757 2690 1888 2745 ταύ-

296 2808 429 2862 την,
462 2791 581 2844 οὐδὲ
610 2791 684 2861 μὴ
708 2790 845 2863 βάλῃ
876 2790 964 2841 ἐπ’
986 2788 1156 2858 αὐτὴν
1192 2786 1361 2856 βέλος,
1394 2785 1515 2837 οὐδὲ
1552 2785 1625 2855 μὴ
1656 2784 1889 2853 ἐπιϐάλῃ

314 2880 395 2932 ἐπ’
423 2880 591 2951 αὐτὴν
617 2879 829 2951 θυρεὸν,
864 2880 983 2932 οὐδὲ
1009 2878 1083 2949 μὴ
1112 2875 1366 2946 κυκλώσῃ
1398 2878 1483 2927 ἐπ’
1513 2876 1678 2947 αὐτὴν
1717 2877 1890 2947 χάρα-

317 2990 398 3036 κα,
441 2972 459 3024 ὅ
500 2974 571 3026 εὐ·
595 2972 814 3037 εἰδότες,
839 2972 914 3035 ὠς
944 2974 991 3024 οἱ
1015 2970 1454 3041 περιλειφθέντες
1484 2972 1541 3021 ἐν
1569 2972 1634 3039 τῇ
1665 2968 1891 3041 Ἰουδαίᾳ

318 3052 442 3131 μετὰ
490 3061 591 3134 τὴν
627 3063 1003 3134 αἰχμαλωσίαν
1040 3061 1134 3114 τοῦ
1166 3063 1224 3113 ὲν
1256 3060 1537 3131 Σαμαρείᾳ
1570 3059 1808 3130 πλήθους
1832 3061 1890 3111 ὲν

316 3156 502 3228 εἰρήνῃ
534 3155 890 3219 διατελέσετε,
926 3155 973 3206 εἰ
1012 3152 1154 3207 κατὰ
1189 3153 1289 3222 τὴν
1319 3152 1455 3222 ἐμὴν
1482 3150 1694 3222 βουλὴν,
1735 3151 1891 3224 ῥίζαν

320 3247 638 3315 ἐμϐαλόντες
671 3238 911 3315 ἑδραίαν’
933 3245 1238 3307 θεοσεϐείας
1286 3247 1343 3297 έν
1375 3247 1441 3313 τῇ
1479 3242 1688 3295 ἑαυτῶν
1718 3243 1885 3313 ψυχῇ,

323 3340 521 3409 καρπὸν
552 3341 646 3409 τῆς
676 3340 813 3409 ἐμῆς
849 3338 1121 3407 γεωργίας
1158 3336 1307 3403 ἄξιον
1352 3334 1722 3388 ἀναϐλέποντα
1754 3333 1891 3404 πρὸς

326 3428 381 3497 μὲ
402 3429 735 3484 ἀναδώσετε.
986 3481 989 3485 λ
1022 3445 1025 3451 '
1414 3442 1421 3453 '

380 3540 396 3572 ι
443 3519 613 3573 Ἀλλὰ
648 3523 713 3590 τῇ
738 3512 893 3591 ὁδῷῇ
921 3511 1106 3588 ἦλθεν,
1134 3517 1192 3568 ὲν
1218 3516 1353 3586 αὐτῇ
1387 3514 1888 3586 ἀποστραφήσεται,

313 3611 395 3664 καὶ
414 3616 502 3675 εἰς
527 3610 625 3681 τὴν
642 3610 793 3662 πόλιν
813 3608 1016 3679 ταύτην
1036 3607 1095 3660 οὐ
1118 3606 1191 3677 μὴ
1213 3605 1445 3677 εἰσέλθῃ.
1472 3605 1609 3658 Τάδε
1626 3605 1773 3673 λέγει
1788 3602 1893 3656 Κύ-

313 3719 418 3774 ριος
437 3723 451 3735 ·
503 3700 856 3774 Ὑπερασπιῶ
872 3700 1012 3771 ὑπὲρ
1036 3703 1134 3771 τῆς
1154 3700 1358 3761 πόλεως
1378 3698 1581 3769 ταύτης
1607 3696 1701 3750 τοῦ
1722 3696 1894 3750 σῶσαι

310 3796 475 3868 αὐτὴν
503 3794 568 3847 δι’
601 3795 733 3861 ἐμὲ,
774 3793 867 3846 καὶ
897 3791 985 3843 διὰ
1015 3790 1175 3842 Δαυῒδ
1201 3791 1291 3842 τὸν
1313 3790 1477 3843 παῖδά
1510 3807 1631 3859 μου.
1667 3808 1685 3839 ι
1725 3786 1895 3839 Τοῦτο

309 3886 416 3956 γὰρ
446 3885 575 3955 ἐμοὶ
603 3883 720 3953 Θεῷ
745 3883 857 3935 ὅντι
891 3881 1107 3952 πρέπει.
1144 3879 1234 3932 Διὸ
1259 3880 1430 3933 ταῦτα
1456 3879 1646 3950 πράξω
1679 3878 1745 3930 δι’
1772 3877 1893 3947 ἐμὲ,

310 3968 423 4029 ἀλλ’
449 3975 513 4028 οὐ
541 3973 627 4026 διὰ
649 3971 742 4024 τοῦ
767 3971 948 4034 ἀξίους
965 3967 1100 4022 εἶναι
1125 3969 1250 4033 τοὺς
1269 3968 1681 4040 βοηθουμένους.

388 4171 408 4204 ι
438 4146 550 4206 Καὶ
573 4150 794 4221 ἐξῆλθεν
826 4150 1051 4220 ἄγγελος
1076 4149 1305 4219 Κυρίου,
1338 4148 1430 4200 καὶ
1461 4147 1669 4200 ἀνεῖλεν
1699 4149 1762 4199 ἐκ
1796 4147 1895 4217 τῆς

308 4247 667 4319 παρεμϐολῆς
692 4247 800 4300 τῶν
840 4245 1138 4317 Ἀσσυρίων
1174 4251 1289 4316 ρπε¹
1310 4243 1581 4313 χιλιάδας·
1630 4243 1725 4294 καὶ
1752 4243 1899 4295 ἀνα-

316 4340 544 4403 ριάντες
563 4340 625 4393 τὸ
642 4338 805 4411 πρωῒ,
836 4334 992 4411 εὖρον
1015 4339 1190 4391 πάντα
1212 4337 1278 4389 τὰ
1314 4336 1540 4407 σώματα
1566 4334 1756 4405 νεκρά.
1790 4334 1898 4385 Καὶ

311 4432 560 4503 ἀπῆλθεν
600 4428 974 4501 ἀποστραφεὶς
1016 4428 1387 4499 Σενναχηρεὶμ
1421 4426 1668 4496 βασιλεὺς
1703 4426 1896 4477 Ἀσσυ-

1977 595 2039 633 ca
2057 582 2160 643 via,
2182 596 2285 646 qua
2310 580 2502 633 venisti
2522 598 2534 633 :
2561 599 2578 630 ι
2604 588 2659 631 ut
2680 592 2743 631 nc
2766 591 3087 646 quocunque
3111 576 3342 630 volueris
3357 578 3520 631 abeas
3541 620 3557 644 ,

1981 674 2075 726 sed
2105 673 2186 726 vel
2230 673 2429 726 invitus
2471 671 2811 725 retrocedere
2848 670 3061 739 Cogaris
3092 684 3105 720 :
3137 684 3239 737 qua
3265 670 3409 722 enim
3454 670 3561 724 huc

1974 765 2187 827 venisti,
2220 764 2404 818 eadem
2432 772 2482 818 le
2524 764 2800 817 discedere
2822 762 2908 815 via
2948 776 3082 829 opus
3118 761 3220 813 erit
3245 801 3260 825 ,
3287 770 3343 813 ιιι
3382 776 3449 814 ne
3483 772 3562 813 ta-

1977 856 2046 908 lia
2089 854 2231 924 loqui
2257 856 2476 908 audeas.
2503 853 2701 909 Verum
2740 852 2945 907 etiamsi
2978 862 3268 905 memorata
3307 852 3371 905 de
3394 866 3559 906 causa

1979 963 2081 1001 non
2123 964 2244 1000 cum
2290 947 2629 1001 multitudine
2660 946 2903 1014 perierit,
2928 945 2996 997 ob
3026 960 3185 1011 quam
3223 947 3384 999 etiam
3416 945 3561 999 Pha-

1980 1053 2092 1101 rao,
2125 1038 2344 1106 reliquis
2386 1036 2657 1107 )Egyptiis
2706 1036 2975 1105 supplicio
3018 1034 3248 1096 affectis,
3286 1045 3563 1103 spectator

1981 1129 2357 1182 reservabamr
2382 1146 2394 1181 :
2420 1139 2655 1181 attamen
2690 1127 2739 1179 in
2763 1137 2962 1178 terram
2993 1140 3242 1179 reversus
3266 1126 3561 1195 propriam,

1982 1220 2119 1273 tilios
2151 1220 2443 1288 parricidas
2483 1219 2705 1272 invenit.

2052 1398 2215 1453 Vens.
2243 1399 2332 1464 50,
2364 1394 2453 1454 51.
2493 1417 2513 1452 ι
2554 1398 2662 1453 lloc
2700 1406 2880 1450 autem
2916 1396 3009 1450 tibi
3059 1396 3268 1465 signant
3300 1413 3313 1447 :
3344 1394 3565 1447 comede

1981 1491 2084 1546 hoc
2117 1506 2276 1554 anno,
2300 1507 2419 1561 quae
2449 1491 2723 1544 seminasti
2743 1508 2757 1552 ;
2778 1504 2921 1542 anno
2937 1499 3116 1541 autem
3141 1488 3402 1551 secundo,
3419 1488 3563 1556 quod

1982 1582 2255 1635 residuum
2286 1582 2433 1647 erit;
2475 1581 2656 1644 tertio,
2711 1581 3042 1633 seminautes
3085 1579 3295 1642 metite,
3325 1587 3380 1632 et
3410 1578 3566 1647 plan-

1983 1683 2091 1728 tate
2120 1675 2330 1737 vineas,
2359 1682 2414 1727 et
2458 1672 2726 1726 comedite
2763 1670 2997 1723 fructum
3030 1685 3237 1723 earum.
3280 1688 3299 1722 ι
3334 1669 3392 1724 Si
3438 1684 3569 1722 vero

1985 1763 2050 1816 ad
2084 1777 2393 1818 sermonum
2427 1777 2670 1815 meorum
2692 1760 3159 1815 confirmationem
3188 1759 3341 1827 signo
3366 1757 3464 1811 tibi
3494 1758 3570 1810 sit

1984 1868 2118 1920 opus
2144 1892 2160 1916 ,
2198 1853 2334 1906 scito
2361 1861 2412 1907 te
2437 1852 2541 1906 hoc
2566 1865 2707 1903 anno
2735 1861 2926 1917 sponte
2954 1849 3301 1903 nascentibus
3329 1863 3396 1902 ex
3423 1858 3569 1901 terra

1986 1944 2249 1999 fructibus
2293 1945 2560 1999 victurum
2606 1958 2766 2007 esse;
2805 1944 2945 2011 quod
2983 1957 3088 1994 non
3126 1942 3361 2010 potuerit
3397 1938 3567 2009 regio,

1986 2036 2219 2090 inimicis
2247 2034 2689 2102 irrumpentibus,
2719 2050 2816 2101 pro
2855 2047 3005 2086 more
3036 2032 3197 2085 solito
3222 2030 3420 2086 excoli.

2056 2218 2220 2272 Vens.
2245 2216 2337 2280 32,
2366 2216 2457 2272 55.
2491 2233 2509 2266 ι
2544 2215 2610 2268 Ει
2633 2223 2790 2268 erunt
2816 2212 3007 2280 reliqui
3038 2212 3091 2264 in
3125 2209 3329 2274 Iudaea,
3367 2208 3572 2279 produ-

1987 2322 2110 2367 cent
2154 2311 2386 2363 radicem
2428 2309 2704 2368 deorsum,
2751 2315 2807 2359 et
2859 2304 3057 2358 facient
3090 2317 3272 2356 semen
3329 2316 3568 2364 sursum,

1987 2403 2111 2470 quia
2142 2415 2206 2453 ex
2231 2396 2527 2452 Jerusalem
2549 2407 2708 2451 erunt
2743 2396 2964 2458 residui,
2988 2403 3041 2446 et
3066 2392 3259 2446 salvati
3291 2393 3357 2446 de
3388 2400 3572 2446 monte

1991 2493 2142 2547 Sion.
2183 2490 2343 2544 Zelus
2381 2487 2592 2543 Domini
2634 2488 2871 2542 Sabaoth
2911 2487 3071 2540 faciet
3099 2487 3229 2541 haec.
3275 2483 3571 2554 Propterea

1988 2584 2067 2637 sic
2089 2582 2219 2636 dicit
2245 2578 2501 2633 Dominus
2531 2580 2583 2631 in
2613 2593 2791 2649 regem
2836 2577 3209 2646 Assyriorum:
3242 2573 3359 2628 Non
3394 2575 3569 2628 intra-

1990 2673 2069 2727 bit
2098 2672 2149 2725 in
2173 2670 2445 2724 civitatem
2476 2668 2639 2731 hanc,
2665 2666 3024 2735 nequejaciet
3056 2667 3108 2720 in
3142 2680 3260 2718 eam
3293 2665 3569 2733 sagittam,

1991 2776 2167 2830 neque
2192 2760 2447 2813 immittet
2470 2758 2523 2811 in
2552 2773 2670 2811 eam
2693 2757 2969 2826 clypeum,
3005 2770 3179 2825 neque
3210 2753 3574 2810 circumdabit

1990 2866 2109 2906 eam
2145 2851 2303 2915 vallo,
2343 2867 2362 2901 ι
2389 2850 2622 2903 scientes
2665 2863 2784 2910 vos,
2826 2855 2944 2915 post
2977 2846 3269 2900 abductum
3315 2846 3367 2898 in
3404 2844 3577 2914 capti-

1992 2945 2212 2998 vitatem
2254 2942 2512 2996 Samaria:
2538 2939 2791 3009 populum
2828 2940 2880 2992 in
2911 2938 3094 2992 Judaea
3122 2938 3428 3003 derelictos,
3449 2952 3573 2990 cum

1994 3050 2126 3106 pace
2175 3045 2394 3090 acturos
2433 3048 2588 3097 esse,
2633 3033 2676 3086 si
2709 3035 2775 3085 ad
2826 3032 3081 3100 placitum
3138 3045 3316 3083 inicum
3364 3028 3576 3082 ﬁrmant

1995 3130 2211 3199 pietatis
2245 3128 2480 3183 radicem
2513 3126 2565 3180 in
2601 3126 2779 3179 anima
2817 3134 2992 3177 vestra
3034 3131 3313 3192 ponentes,
3344 3121 3576 3173 fructum

1994 3223 2322 3293 agricultura
2352 3235 2470 3274 mea
2516 3218 2756 3289 dignum,
2792 3217 2858 3270 ad
2897 3231 2982 3271 me
3030 3224 3400 3284 spectantem,
3435 3221 3579 3266 attu-

1993 3315 2185 3369 leritis.

2066 3497 2228 3552 Vens.
2261 3496 2352 3560 34,
2377 3494 2467 3548 55.
2507 3510 2525 3544 ι
2565 3491 2674 3547 Sed
2698 3504 2802 3559 qua
2834 3486 2918 3541 via
2953 3489 3123 3552 venit,
3164 3488 3352 3542 eadem
3398 3490 3581 3539 rever-"-

1997 3598 2166 3653 tetur,
2198 3599 2249 3642 et
2280 3589 2331 3641 in
2361 3589 2498 3641 hanc
2532 3584 2723 3638 urbem
2758 3598 2860 3635 non
2896 3580 3251 3649 ingredietur.
3296 3578 3418 3632 Hth
3447 3578 3581 3633 dicit

1997 3681 2257 3737 Deminus
2284 3698 2296 3732 :
2323 3678 2612 3745 Protegam
2636 3673 2908 3727 civitatem
2941 3672 3101 3733 hanc,
3125 3679 3183 3723 ut
3208 3683 3419 3723 servem
3455 3683 3577 3720 eam

1996 3784 2213 3843 propter
2237 3784 2356 3833 me,
2391 3778 2444 3821 et
2486 3776 2707 3835 propter
2756 3763 2921 3816 David
2965 3776 3180 3815 servum
3219 3774 3421 3812 meum.
3464 3777 3485 3809 ο
3522 3757 3576 3810 ld

1996 3864 2142 3919 enim
2168 3861 2322 3924 mihi,
2357 3868 2414 3913 ut
2444 3860 2569 3920 Deo,
2599 3869 2900 3925 congruens
2937 3863 3036 3907 est.
3064 3852 3242 3917 Quare
3276 3852 3326 3904 id
3358 3861 3579 3919 propter

1998 3968 2083 4008 me
2132 3966 2323 4022 agam;
2353 3949 2447 4003 sed
2505 3961 2609 4000 non
2662 3945 2806 4014 quod
2845 3943 2919 3997 illi
2950 3943 3040 4011 qui
3072 3939 3333 4008 iuvantur
3374 3939 3579 3992 auxilio

1998 4043 2142 4113 digni
2169 4045 2298 4097 sint.

2068 4132 2443 4189 Vsns.36-38.
2471 4151 2489 4182 ι
2527 4129 2594 4184 Ει
2646 4142 2895 4199 egressus
2943 4136 3027 4183 est
3074 4124 3297 4195 angelus
3333 4121 3576 4186 Domini,

1998 4239 2051 4283 et
2109 4227 2384 4282 interfecit
2420 4238 2489 4278 ex
2526 4223 2720 4277 castris
2779 4221 3122 4290 Assyriorum
3172 4226 3393 4270 centum
3429 4225 3580 4269 octo-

2000 4323 2145 4390 ginta
2170 4321 2407 4391 quinque
2432 4316 2699 4371 millia:et
2728 4322 3015 4381 surgentes
3043 4323 3223 4373 mane,
3255 4307 3582 4360 invenerunt

2001 4416 2181 4473 omnia
2206 4414 2493 4469 cadavera.
2542 4410 2609 4463 Et
2636 4420 2886 4462 reversus
2911 4403 3044 4457 abiit
3070 4397 3458 4454 Sennacherim
3485 4409 3577 4449 rex

318 4488 472 4595 ρίων,
498 4525 593 4578 καὶ
615 4488 830 4595 ᾠκησέν
860 4488 918 4574 έν
944 4488 1143 4591 Νινευῇ
1341 4488 1399 4571 έν
1421 4488 1506 4589 ’τῷ
1536 4518 1698 4573 αὐτὸν
1724 4534 1888 4588 προσ-

2004 4511 2368 4579 Assyriorum,
2404 4513 2456 4559 et
2492 4501 2757 4584 habitavit
2792 4498 2847 4552 in
2889 4495 3103 4555 Ninive,
3153 4502 3209 4546 et
3239 4505 3362 4545 cum
3389 4488 3581 4543 adora-

315 4622 499 4671 κυνεῖν
550 4618 607 4669 ὲν
649 4615 727 4686 τῷ
765 4615 897 4684 οἴκῳ
932 4612 1210 4684 Νασαρὰχν,
1239 4612 1329 4665 τὸν
1365 4611 1677 4682 πάτραρχον
1707 4607 1896 4673 αὐτοῦ,

328 4709 661 4781 Ἀδραμέλεχ
681 4708 776 4761 καὶ
810 4704 1069 4776 Σαρασὰρ
1097 4706 1145 4757 οἱ
1170 4704 1275 4755 υἱοὶ
1303 4701 1468 4755 αὐτοῦ
1499 4701 1776 4766 ἐπάταξαν
1803 4700 1900 4752 αὐ-

313 4801 405 4853 τὸν
438 4801 752 4871 μαχαίραις.
786 4797 948 4850 Αὐτοὶ
990 4795 1047 4848 δὲ
1081 4793 1415 4863 διεσώθησαν
1461 4794 1539 4856 εἰς
1584 4791 1893 4863 Ἀρμενίαν,

316 4895 411 4947 καὶ
441 4870 792 4948 ἐϐασίλευσεν
840 4891 1095 4961 Ἀσορδὰν
1128 4890 1156 4943 ὀ
1177 4889 1295 4951 υίὸς
1319 4886 1482 4942 αὑτοῦ
1511 4870 1831 4941 ἀντ”αὑτοῖκ
1870 4905 1889 4938 ›

316 4984 432 5037 Οὐκ
461 4987 540 5048 εἰς
563 4983 779 5055 μακρὰν
808 4982 863 5034 δὲ
891 4983 1000 5043 τοῖς
1035 4979 1213 5047 λόγοις
1241 4977 1444 5049 φοϐερά
1464 4996 1548 5040 τις
1573 4977 1727 5048 θεῖκὴ
1760 4979 1898 5048 πρᾶ-

319 5073 399 5137 ξις
423 5076 611 5128 εἵπετο
653 5074 850 5129 αὐτίκα
897 5072 1035 5143 μετὰ
1070 5071 1275 5133 ταύτας
1311 5071 1407 5134 τὰς
1441 5069 1646 5138 φωνὰς,
1669 5069 1777 5122 οὐδ’
1805 5071 1901 5123 ἀν-

319 5163 595 5238 θρωπίνης
638 5164 881 5238 μεθόδου,
921 5162 1177 5235 μυριάδες
1207 5161 1421 5233 ἁθρόως
1459 5160 1667 5232 ἀνδρῶν
1704 5160 1900 5232 εὕρην-

319 5271 408 5308 ται
435 5257 625 5326 νεκραὶ
656 5256 980 5328 βεϐλημέναι
1021 5254 1126 5308 ὑπὸ
1150 5252 1330 5324 χειρὸς
1370 5252 1489 5315 ἑνὸς
1517 5252 1745 5321 ἀγγέλου
1766 5269 1779 5282 θ
1813 5269 1901 5304 το-

324 5347 512 5412 σοῦτος
533 5347 641 5420 γὰρ
666 5344 733 5419 ἦν
767 5341 939 5411 οὗτος,
988 5345 1063 5409 ὡς
1091 5344 1226 5398 Θεοῦ
1267 5344 1445 5415 κρίσει
1475 5342 1898 5414 διακονήσασθαι

323 5443 415 5495 κα)⁸
434 5443 672 5499 τοσαῦτα
692 5441 869 5512 πλήθη
893 5439 1000 5492 τῶν
1023 5437 1295 5507 πολεμίων
1319 5435 1529 5488 ἀνελεῖν
1545 5453 1557 5464 ’
1588 5436 1734 5497 ὅπως
1754 5434 1900 5505 ἔργῳ

324 5535 514 5605 πεῖραν
551 5532 704 5586 λάϐοι
735 5531 764 5583 ὁ
792 5530 995 5583 τούτων
1025 5526 1295 5598 βασιλεὺς,
1341 5524 1399 5586 ὃς
1453 5522 1897 5593 κατεϐλασφήμει

326 5623 505 5687 Θεοῦ.
538 5625 739 5678 Τούτου
780 5621 909 5689 γοῦν
951 5621 1136 5674 ἕνεκεν
1178 5618 1444 5672 τοσούτων
1492 5613 1896 5682 ἀπολλυμένων,

328 5716 386 5767 ού
429 5715 825 5778 συναπώλλυτο,
863 5714 938 5776 ὡς
976 5713 1041 5766 ἂν
1080 5711 1282 5781 θεωρὸς
1316 5708 1603 5779 γενόμενος
1636 5703 1729 5756 τοῦ
1760 5720 1901 5773 πρα-

331 5808 565 5877 χθέντος,
621 5808 719 5880 τὴν
775 5808 931 5862 ἄθεον
982 5804 1147 5858 αὐτοῦ
1190 5802 1437 5871 γλῶτταν
1472 5795 1901 5866 ἐπιστομίσειεν.

2004 4611 2089 4657 ret
2112 4604 2167 4654 in
2202 4601 2361 4653 domo
2390 4581 2665 4650 Nasarach
2696 4600 2984 4661 patronum
3021 4600 3203 4651 suum,
3226 4581 3579 4637 Adrameleeh

2004 4706 2058 4750 ct
2092 4694 2323 4746 Sarasar
2353 4689 2447 4743 filii
2495 4688 2610 4755 ejus
2643 4689 3032 4755 percusserunt
3074 4694 3195 4733 eum
3232 4675 3445 4747 gladiis.
3478 4674 3580 4743 Ipsi

2004 4801 2133 4840 vero
2157 4785 2513 4850 confugerunt
2540 4779 2592 4833 in
2622 4776 2956 4837 Armeniam,
2985 4782 3039 4828 et
3062 4769 3306 4841 regnavit
3338 4767 3580 4821 Asordan

2004 4877 2147 4931 filius
2173 4877 2290 4938 eius
2338 4888 2435 4940 pro
2473 4885 2560 4925 eo.
2600 4888 2618 4921 ι
2672 4867 2782 4922 Nec
2810 4866 2979 4920 multo
3017 4870 3136 4933 post
3170 4862 3271 4916 has
3291 4858 3463 4913 editas
3488 4873 3582 4910 vo—

2001 4986 2115 5035 ces,
2148 4982 2236 5021 res
2263 4962 2626 5035 perhorrenda
2661 4959 2918 5014 divinitus
2945 4955 3163 5013 accidit.
3192 4968 3295 5007 non
3332 4952 3581 5004 humanm

2002 5060 2298 5123 facultatis,
2319 5054 2589 5126 myriades
2605 5053 2842 5107 virorum
2868 5050 3029 5104 unius
3050 5046 3227 5117 angeli
3253 5057 3410 5098 manu
3428 5055 3580 5094 caesae

2006 5164 2235 5222 reperta:
2284 5156 2411 5202 sunt
2452 5161 2466 5196 :
2501 5153 2684 5199 tantus
2729 5143 2874 5199 enim
2925 5141 3017 5194 ille
3067 5136 3293 5207 angelus
3330 5140 3480 5193 erat,
3522 5140 3581 5183 ut

1998 5242 2202 5316 judicio
2233 5239 2330 5295 Dei
2359 5235 2716 5297 ministraret,
2747 5242 2801 5287 et
2828 5242 3029 5287 tantam
3072 5230 3304 5283 hostium
3336 5223 3579 5276 multitu-

2007 5314 2187 5392 dinem
2229 5330 2602 5392 interflceret;
2658 5337 2715 5381 ut
2777 5341 2869 5380 rex
2933 5323 3148 5377 illorum
3207 5314 3580 5383 experimento

2005 5430 2240 5485 disceret
2272 5439 2333 5479 se
2359 5430 2546 5478 contra
2600 5420 2767 5474 Deum
2809 5415 3127 5483 blasphema
3169 5405 3474 5475 protulisse.
3506 5404 3578 5456 Ea

2006 5521 2073 5575 de
2102 5532 2289 5581 causa,
2318 5523 2397 5569 tot
2430 5512 2702 5580 tantisque
2756 5503 3107 5579 pereuntibus
3147 5499 3283 5560 aliis,
3319 5497 3431 5564 ipse
3455 5508 3583 5551 cum

2007 5612 2110 5666 illis
2134 5625 2237 5665 non
2268 5606 2451 5678 periit,
2481 5612 2539 5658 ut
2569 5614 2736 5672 gestat
2768 5600 2842 5657 rei
2898 5600 3172 5665 spectator
3200 5588 3447 5656 effectus,
3475 5588 3579 5642 im-

2008 5703 2150 5774 piam
2195 5703 2432 5772 linguam
2485 5696 2740 5752 frenaret.
