4130 6394
406 371 413 379 ’
499 374 606 447 me
643 410 649 414 -

1008 501 1234 558 CAPUT
1271 498 1567 571 ~xxxvlu.

575 596 735 655 Vens.
774 577 889 654 1-3.
922 616 939 648 ι
965 596 1201 665 Contigit
1230 605 1409 648 autem
1442 608 1507 647 eo
1534 603 1800 662 tempore,
1825 600 1883 645 ut
1905 606 2081 661 aegro-

501 701 642 745 taret
673 689 931 744 Ezechias
958 703 1129 755 usque
1170 685 1239 739 ad
1265 694 1493 739 mortem
1520 701 1534 747 ;
1566 697 1623 737 et
1668 684 1822 739 venit
1863 685 1930 737 ad
1953 698 2077 738 eum

501 784 672 837 isaias
698 781 838 835 filius
871 783 1036 834 Amos
1071 777 1355 847 propheta,
1391 787 1446 831 et
1483 777 1622 830 dixit
1648 777 1696 831 ei
1731 792 1749 831 :
1782 768 1907 831 Haec
1945 776 2080 830 dicit

500 875 756 928 Dominus
783 891 796 926 τ
827 856 1063 939 Dispone
1093 872 1275 925 domui
1300 868 1439 923 tute:
1467 863 1715 923 morieris
1735 869 1879 923 enim
1915 874 1995 934 tu,
2024 879 2080 924 et

496 981 597 1016 non
632 960 801 1017 vives.
860 956 927 1016 Et
968 962 1242 1016 canvertit
1286 959 1552 1015 Eiechias
1603 960 1797 1014 facient
1832 975 1983 1014 suam
2010 962 2079 1015 ad

492 1057 776 1123 parietem,
808 1063 863 1109 et
886 1050 1061 1109 oravit
1089 1045 1379 1108 Domitium
1401 1054 1585 1107 dicens
1608 1071 1624 1108 :
1655 1052 1946 1119 Memento,
1975 1048 2079 1108 Do-

492 1148 658 1211 mine,
687 1145 959 1215 Quomodo
990 1145 1380 1200 ambulaverint
1432 1139 1616 1201 coram
1649 1156 1701 1199 te
1736 1145 1790 1200 in
1818 1146 2074 1209 veritate.

491 1240 542 1293 in
576 1240 741 1294 corde
787 1238 1024 1301 sincero,
1057 1247 1112 1292 et
1162 1237 1360 1307 placita
1402 1235 1455 1291 in
1479 1236 1774 1306 conspectu
1798 1245 1902 1292 'tuo
1934 1235 2078 1291 fece—

492 1334 614 1385 rim.
662 1330 726 1385 Et
764 1332 912 1385 nevit
962 1330 1225 1384 Ezechias
1269 1329 1397 1384 ﬂetu
1446 1344 1664 1398 magno.
1706 1350 1726 1382 ι
1783 1329 1887 1397 Qui
1939 1330 2076 1383 dixit

493 1421 655 1487 Deus,
686 1440 707 1473 ι
738 1420 850 1491 Ego
880 1422 1147 1483 occidam.
1170 1431 1224 1475 et
1262 1423 1364 1491 ego
1393 1421 1575 1476 vivere
1610 1420 1808 1476 faciam
1835 1439 1850 1488 ;
1879 1420 2072 1492 percu-

490 1518 622 1570 tiam
674 1524 728 1570 et
772 1530 874 1584 ego
924 1496 1225 1578 sanabo”;
1270 1533 1289 1565 ι
1338 1530 1459 1566 cum
1496 1530 1591 1584 per
1621 1530 1786 1567 unum
1823 1515 2071 1584 angelum

491 1610 674 1663 hostes
713 1606 861 1676 juSto
888 1594 1094 1676 judicio
1128 1599 1506 1676 percussisset;
1538 1596 1845 1672 religiosum
1894 1621 2071 1677 regem

491 1705 559 1756 ad
592 1699 1016 1755 incolumitatem
1058 1708 1112 1753 et
1144 1700 1308 1753 vitam
1357 1708 1597 1760 revocat.
1639 1715 1701 1752 ac
1730 1699 1825 1766 p'er
1858 1713 1918 1752 se
1947 1714 2071 1751 eum

488 1808 519 1845 a
550 1803 725 1846 morte
754 1793 935 1862 eripit.
989 1774 1220 1845 Pulchre
1272 1791 1438 1861 igitur
1493 1792 1679 1845 istharc
1737 1791 2071 1846 euarratdi—

487 1899 619 1957 cetts
651 1904 664 1940 :
695 1902 714 1935 ι
756 1883 832 1938 Eo
881 1895 1126 1952 tempore
1178 1884 1460 1953 mgrotavit
1511 1882 1770 1937 Ezechias
1802 1876 1973 1951 lisque
2005 1884 2071 1937 ad

489 1986 716 2031 mortem
750 1991 764 2027 :
798 1995 817 2028 ι
851 1977 928 2031 vel
966 1986 1024 2030 ut
1048 1972 1247 2046 Aquila
1282 1976 1464 2039 habet,
1497 1993 1514 2026 ι
1547 1977 1612 2028 ad
1646 1974 2021 2040 mdriendnm;
2046 1993 2064 2025 ι

485 2079 579 2124 aut
612 2078 671 2123 ut
713 2070 904 2138 reliqui
952 2064 1297 2137 interpretes,
1334 2087 1352 2118 ι
1391 2068 1459 2122 ad
1498 2078 1746 2122 mortetn.
1786 2087 1805 2119 ι
1846 2066 1978 2121 Nam
2006 2081 2071 2121 eo

486 2172 749 2232 tempore,
785 2177 894 2232 quo
911 2162 1024 2231 jam
1057 2161 1328 2215 recensita
1359 2160 1600 2229 perpessi
1654 2170 1785 2213 sunt
1834 2159 2067 2229 Assyrii,

484 2252 728 2308 Ezechiae
776 2253 968 2308 mortis
1005 2262 1217 2322 tempus
1250 2252 1441 2307 adfuit.
1505 2250 1641 2307 Cum
1696 2264 1861 2320 porro
1906 2251 2069 2306 vellet

484 2344 628 2399 Deus
661 2359 836 2414 Ipsum
864 2345 1195 2399 incolumem
1230 2347 1469 2407 servare,
1488 2361 1595 2399 non
1631 2345 1683 2398 in
1724 2346 1958 2399 obscuro
1980 2359 2066 2400 re-

424 2494 435 2501 ,
481 2437 659 2507 liquit,
693 2437 782 2506 qui
813 2437 936 2492 linis
961 2436 1298 2491 inﬁrmitatis
1332 2435 1450 2504 ejus
1480 2437 1695 2492 futurus
1720 2445 1889 2492 esset.
1919 2422 2066 2502 Qua-

480 2540 705 2599 propter
760 2529 1127 2598 adipiscendaa
1166 2528 1358 2583 salutis
1407 2529 1756 2583 occasionem
1790 2528 2062 2595 praebens,

481 2620 819 2674 inﬁrmitatis
851 2622 1060 2675 exitum
1105 2621 1156 2674 ei
1208 2635 1311 2690 per
1355 2622 1679 2691 prophetam
1732 2621 2063 2681 declaravit;

478 2721 559 2777 ut,
591 2724 816 2782 accepto
839 2714 913 2766 rei
945 2713 1159 2777 nuntio,
1191 2723 1531 2783 precaretur,
1558 2714 1919 2783 precibusque
1942 2713 2066 2766 vita:

479 2819 593 2860 sua:
625 2806 1055 2860 additamentum
1087 2806 1443 2875 impetraret,
1492 2805 1659 2860 etiam
1700 2815 1822 2877 post
1869 2806 2062 2861 delini-

482 2908 596 2953 tum
627 2899 730 2954 sibi
767 2900 958 2954 mortis
983 2908 1242 2967 tempus:
1280 2910 1337 2952 ut
1396 2899 1524 2953 hinc
1575 2898 1926 2960 edoceamur,
1956 2914 2062 2953 non

481 2989 885 3049 necessitate.et
911 2990 1027 3046 l'ato
1055 2991 1177 3047 duci
1211 2992 1379 3049 vitam
1411 2992 1726 3054 humanam,
1755 3005 1930 3061 neque
1959 2992 2061 3045 im-

482 3082 743 3139 mutabile
768 3082 961 3139 mortis
988 3091 1203 3154 tempus
1233 3084 1547 3138 hominibus
1566 3083 1894 3139 destinatum
1917 3098 2062 3138 esse.

1173 385 1441 442 susse"
1482 383 1963 440 CASSMHENSIS
2001 383 2149 441 ore.
2195 384 2376 439 rans
2412 360 2502 440 tit.
2541 415 2609 427 —
2647 368 3060 444 EXEGE'l‘ICA.

3658 395 3765 453 356

2692 505 3087 558 ΚΕΦΛΛΑΙυΝ
3126 492 3255 561 Ληδ.

2258 592 2287 643 ι’
2325 594 2570 662 Ἐγένετο
2609 595 2664 647 δὲ
2705 597 2762 649 ὲν
2806 594 2885 667 τῷ
2935 592 3112 668 καιρῷ
3169 600 3386 671 ἐκείνῳ,
3424 599 3764 679 εξιαλακίσθη

2195 683 2442 748 Ἐζεκίας
2473 685 2579 749 ἓως
2603 685 2863 740 θανάτου·
2894 683 2991 741 καὶ
3023 684 3155 759 ἦλθε
3184 691 3322 761 πρὸς
3345 692 3508 746 αὐτὸν
3540 694 3766 760 Ἡσαΐας

2183 776 2297 839 υἱὸς
2333 775 2513 847 Ἀμὼς
2537 781 2566 831 6
2588 779 2892 860 προφήτης,
2930 779 3024 833 καὶ
3052 776 3175 835 εἶπε
3221 776 3359 853 πρὸς
3384 764 3547 841 αὐτόν
3565 803 3581 819 ο
3626 790 3764 842 Τάδε

2180 868 2329 937 λέγει
2353 868 2593 941 Κύριος*
2644 870 2817 938 mea.
2843 863 2974 945 ἕὲερι
3010 865 3104 927 τοῦ
3158 870 3309 929 οἴκου
3366 874 3490 932 σου*
3522 881 3763 955 ἀποθνή-

2182 978 2333 1025 σκεις
2366 961 2473 1032 γὰρ
2504 962 2589 1026 σὺ,
2619 960 2711 1015 καὶ
2730 964 2791 1016 οὐ
2815 963 2975 1043 ζήσῃ.
3004 967 3114 1019 Καὶ
3144 961 3485 1039 ἀπέστρεψεν
3516 971 3762 1037 Ἐζεκίας

2177 1053 2239 1106 τὸ
2266 1053 2555 1124 πρόσωπον
2579 1044 2745 1140 ας)τοῦ
2781 1042 2918 1128 πρὸς
2946 1042 3039 1110 τὸν
3060 1058 3258 1130 τοῖχον,
3290 1056 3386 1115 κᾶὶ
3413 1055 3765 1137 προσηύξατο

2180 1140 2316 1214 πρὸς
2336 1139 2559 1221 Κύριον,
2588 1137 2759 1215 λέγων
2780 1163 2793 1177 ο
2824 1142 3129 1227 Μνῇσθητι,
3156 1147 3344 1223 Κύριε,
3364 1150 3440 1217 ὼς
3462 1155 3765 1228 ἐπορεύθην

2177 1234 2408 1289 ἐνώπιόν
2438 1228 2530 1288 σου
2580 1238 2717 1307 μετὰ
2742 1238 3000 1309 ἀληθείας
3043 1243 3102 1295 ὲν
3140 1232 3339 1316 καρδίᾳ
3387 1245 3636 1320 ἀληθινῇ,
3667 1252 3762 1303 καὶ

2175 1327 2246 1380 τά
2264 1328 2468 1400 ἀρεστὰ
2499 1328 2727 1384 ἐνώπιόν
2761 1348 2854 1384 σου
2880 1333 3129 1404 ἐποίησα.
3159 1337 3270 1389 Καὶ
3301 1337 3565 1392 ἔκλαυσεν
3606 1338 3760 1406 Ἑζεο

2177 1418 2301 1482 κίας
2330 1419 2591 1491 κλαυθμῷ
2610 1421 2849 1493 μεγάλῳ.
2878 1443 2896 1473 ι
2929 1423 2986 1477 ὐ
3008 1423 3177 1478 είπὼν
3197 1408 3358 1490 Θεόςί
3393 1446 3412 1479 ι
3448 1426 3590 1499 Ἐγὼ
3617 1431 3759 1486 ἀπο-

2176 1504 2350 1562 κτενῶ
2378 1510 2471 1563 καὶ
2494 1502 2834 1583 ζωοποιήσω·
2858 1505 3103 1580 πατάξω,
3129 1514 3284 1585 κάγὼ
3316 1518 3561 1589 ἰάσομαι,
3583 1539 3602 1571 ι
3630 1523 3759 1587 τοὺς

2176 1596 2466 1669 πολεμίους
2515 1600 2763 1681 ςπατάξάς
2796 1601 2969 1673 κρίσει
3013 1597 3195 1677 δικαία
3231 1606 3299 1661 δι’
3344 1608 3463 1674 ἐνὸς
3499 1611 3755 1681 ἀγγέλου,

2174 1682 2267 1743 τὸν
2319 1690 2539 1762 θεοφιλῆ
2591 1692 2813 1775 βασιλέα
2853 1695 3001 1776 Δἰᾶται
3052 1692 3145 1751 καὶ
3174 1698 3458 1770 ζωοποιεῖ,
3494 1704 3759 1776 ῥυόμενος

2177 1783 2337 1835 αὑτὸν
2374 1784 2437 1835 ἐκ
2469 1783 2699 1837 θανάτου
2738 1772 2805 1838 δι⁴
2843 1774 3057 1841 ἑαυτοῦι
3098 1789 3295 1855 Καλῶς
3324 1787 3419 1846 οὖν
3463 1772 3760 1869 ἀπεσήμη-

2103 1845 2145 1899 Β
2172 1876 2299 1927 νατο
2328 1877 2507 1947 φήσας
2529 1870 2541 1906 λ
2566 1880 2584 1929 ἁ
2608 1877 2697 1931 'E'v
2716 1877 2793 1949 τῷ
2814 1873 2992 1951 καιρῷ
3016 1882 3208 1955 ἐκείνῳ
3230 1845 3567 1961 ἐμαλακίσθη
3583 1845 3727 1954 *ἔξέ
3746 1921 3758 1929 -

2173 1963 2297 2031 κίας
2323 1968 2429 2032 ἓως
2455 1968 2687 2024 θανάτου
2705 1987 2718 1999 ·
2761 1991 2779 2023 ι
2816 1972 2851 2044 ἢ
2876 1974 3016 2028 κατᾶ
3038 1964 3130 2028 τὸν
3157 1977 3410 2046 Ἀκύλαν,
3447 1998 3466 2031 σ
3499 1974 3596 2035 τοῦ
3624 1983 3760 2036 ἀπο-

2171 2060 2373 2123 θανεῖν,
2412 2080 2432 2112 ι
2469 2063 2501 2131 ἢ
2535 2062 2677 2116 κατὰ
2705 2064 2832 2127 τοὺς
2862 2065 3108 2131 λοιποὺς,
3150 2072 3168 2119 ι
3200 2069 3281 2132 είς
3309 2069 3557 2127 θάνατον.
3597 2093 3617 2124 ι
3667 2074 3757 2128 Ἕν

2170 2152 2280 2225 γάρ
2313 2154 2510 2225 ἐκείνῳ
2556 2155 2636 2225 τῷ
2674 2156 2877 2229 καιρῷ,
2924 2159 3046 2212 καθ’
3071 2160 3130 2214 ὸν
3158 2160 3229 2215 τά
3258 2163 3623 2236 προλεχθέντα
3658 2184 3760 2220 πε-

2170 2246 2427 2300 πόνθασιν
2450 2250 2498 2301 οἱ
2541 2249 2835 2321 Ἀσσύριοι,
2863 2254 2892 2304 6
2929 2252 3020 2305 τοῦ
3052 2253 3283 2309 θανάτου
3317 2238 3510 2335 καιρὸς
3550 2257 3756 2332 ἐπέστη

2108 2360 2121 2375 κ
2168 2340 2245 2411 τῷ
2282 2339 2519 2412 Ἐζεκίᾳ.
2551 2340 2882 2423 Βουλόμενος
2916 2344 2972 2397 δὲ
2995 2345 3167 2399 σῶσαι
3211 2348 3374 2401 αὑτὸν
3399 2351 3428 2402 6
3450 2344 3613 2414 Θεὸς,
3651 2350 3754 2404 οὐκ

2166 2434 2225 2485 ὲν
2247 2424 2426 2503 ἇδήλῳ
2445 2432 2704 2486 κατέλιπε
2718 2434 2787 2517 ,τὸ
2812 2432 3003 2504 μέλλον
3034 2437 3132 2509 τὴν
3162 2437 3435 2515 μαλακίαν
3458 2441 3624 2495 αὐτοῦ
3644 2443 3758 2497 διαο

2165 2520 2419 2613 δέξασθαι
2444 2526 2613 2589 τέλος.
2636 2527 2737 2613 ⁸Διὸ
2767 2529 3068 2617 προφάσεις
3108 2524 3258 2617 αύτῷ
3307 2534 3578 2614 σωτηρίας
3605 2536 3753 2609 mp—

2166 2618 2326 2689 έχων,
2348 2608 2526 2690 τὸτῆς
2542 2608 2856 2692 ἀρρωστίας
2880 2614 3031 2686 τέλος
3054 2608 3286 2697 φανερὸν
3313 2608 3463 2699 αύτῷ
3496 2608 3749 2702 καθίστη,

2163 2710 2250 2764 διὰ
2284 2710 2379 2764 τοῦ
2416 2713 2719 2784 προφήτου,
2771 2714 2848 2778 ὠς
2903 2712 2969 2768 ἂν
3016 2702 3202 2786 μαθὼν
3251 2720 3622 2796 ςπροσεύξοιτο,
3655 2725 3750 2778 καὶ

2165 2802 2607 2875 προσευξάμενος
2636 2805 2790 2876 τύχοι
2815 2796 3133 2879 προσθήκης
3166 2808 3332 2882 ζωῆς,
3362 2814 3456 2867 καὶ
3493 2816 3633 2886 μετὰ
3658 2815 3749 2870 τὸν

2163 2892 2467 2964 ὡρισμένον
2489 2898 2607 2947 κατ’
2634 2895 2800 2949 αὐτοῦ
2828 2896 3055 2950 θάνατον
3073 2898 3087 2927 δ
3104 2898 3454 2977 διδάσκοντος
3485 2906 3634 2977 ἡμᾶς
3654 2907 3748 2961 τοῦ

2163 2984 2343 3053 λόγου,
2375 2985 2453 3069 di;
2483 2987 2583 3039 οὐκ
2609 2988 2821 3059 ἀνάγκη
2849 2987 2933 3053 τις
2971 2989 3004 3061 ἢ
3062 2990 3372 3065 εἱμαρμένη
3405 2997 3506 3066 τῆς
3538 2997 3751 3069 ἀνθρω-

2138 3074 2326 3145 πίνης
2364 3065 2531 3147 ζωῆς,
2584 3077 2706 3130 οὐδὲ
2746 3077 3169 3163 ἀπαράτρεπτος
3212 3065 3520 3154 ἀνθρώποις
3558 3065 3751 3161 καιρὸς

482 3173 626 3229 Deus
645 3174 815 3240 enim,
837 3175 928 3243 qni
956 3175 1139 3231 omnia
1157 3175 1488 3240 moderatur,
1522 3162 1579 3230 et
1611 3177 1738 3230 vita
1759 3177 2062 3245 mortisque

2163 3164 2393 3247 ὥρισται
2440 3166 2692 3221 θανάτου.
2743 3162 2875 3232 Θεὸς
2903 3168 2961 3222 δὲ
2994 3169 3176 3236 αὐτὸς,
3211 3172 3430 3243 κρατῶν
3467 3172 3744 3238 ἁπάντων,

479 3280 645 3319 causa
674 3277 791 3330 est,
820 3281 926 3335 qua
968 3266 1179 3321 ratione
1214 3267 1328 3337 ipse
1358 3270 1527 3331 novit,
1568 3267 1812 3337 singulos
1859 3268 1952 3337 qui
1990 3268 2058 3322 ad

479 3357 646 3411 vitam
675 3361 962 3420 accedunt.
996 3352 1100 3413 hoc
1128 3358 1212 3412 vel
1247 3359 1337 3412 illo
1367 3368 1612 3427 tempore
1654 3358 1930 3427 producit,
1959 3374 2057 3412 au-

478 3463 579 3504 nos
605 3451 729 3503 vita:
755 3465 855 3517 pro
887 3450 1058 3504 lubito
1082 3451 1345 3519 assignat,
1378 3459 1432 3503 et
1462 3449 1569 3504 alio
1591 3449 1708 3503 sive
1730 3448 1837 3503 alio
1866 3450 2061 3505 mortis

476 3554 679 3609 genere
709 3538 870 3593 tollit.
906 3537 1193 3610 ipsiusque
1246 3549 1456 3594 tantum
1516 3538 1789 3595 facultatis
1838 3550 1945 3604 est,
1977 3539 2061 3593 vel

474 3645 592 3697 eos,
618 3631 711 3702 qui
747 3631 815 3686 ad
857 3632 1053 3700 ipsam,
1080 3641 1140 3685 ut
1167 3630 1243 3686 ita
1275 3632 1475 3695 dicam,
1512 3631 1704 3686 mortis
1719 3632 1940 3701 ianuam
1967 3635 2060 3687 de-

475 3731 765 3785 venerunt,
799 3720 866 3774 ad
893 3718 1182 3775 sanitatem
1213 3735 1505 3788 revocare,
1571 3722 1644 3776 ita
1678 3733 1737 3776 ut
1756 3720 1870 3792 jam
1921 3721 2057 3776 Eze-

473 3811 656 3866 chiam
686 3826 753 3865 ex
788 3809 1008 3865 mortali
1034 3811 1358 3881 aegritudine
1388 3812 1614 3874 eruerit,
1655 3827 1718 3865 ac
1746 3811 2058 3881 quindecim

473 3916 747 3957 annorum
799 3901 1170 3956 accessionem
1225 3903 1473 3956 attulerit
1510 3917 1524 3956 :
1555 3903 1649 3970 qui
1702 3902 1872 3957 etiam
1923 3904 2059 3958 alios

475 4002 601 4061 post
627 4001 857 4046 mortem
906 3992 1230 4047 reviviscere
1261 3991 1411 4054 fecit,
1460 4002 1519 4045 ut
1565 3994 1749 4047 divina
1778 3993 2057 4063 Scriptura

477 4083 819 4138 testiﬁcatur.
836 4082 972 4137 Hine
993 4083 1179 4153 itaque
1197 4080 1292 4137 fati
1314 4082 1452 4137 ratio
1466 4092 1522 4136 et
1537 4084 1830 4139 necessitas
1844 4083 2058 4153 penitus

475 4177 961 4248 solvitur:quippe
987 4190 1109 4231 cum
1144 4175 1288 4231 Deus
1325 4177 1722 4245 universorum,
1762 4177 2059 4233 necessita-

475 4278 584 4325 tem
613 4280 678 4322 ac
708 4265 1067 4323 substantiam
1102 4275 1157 4320 et
1183 4276 1434 4320 naturam
1469 4282 1684 4321 omnem
1722 4268 2055 4323 moderetur.

472 4357 573 4416 His
603 4359 918 4428 conspectis
944 4357 1232 4423 Ezechias,
1261 4357 1352 4413 ubi
1383 4373 1612 4428 corpore
1648 4368 1813 4414 sanus
1845 4359 1963 4422 fuit,
1990 4361 2056 4415 ad

474 4451 733 4521 templum
768 4452 861 4505 Dei
896 4450 1194 4505 maturavit
1223 4465 1238 4502 :
1278 4450 1460 4520 ibique
1509 4449 1680 4504 Deum
1714 4452 1950 4521 rogavit,
1997 4462 2055 4506 ut

2165 3250 2259 3308 καὶ
2288 3253 2437 3326 ζωῆς
2479 3256 2651 3320 αἴτιος
2693 3258 2789 3311 καῖ
2823 3256 3054 3315 θανάτου
3078 3263 3359 3333 τυγχάνει,
3391 3263 3460 3318 δι’
3485 3263 3580 3330 οὓς
3607 3260 3749 3319 οἶδεν

2163 3338 2328 3411 αύτὸς
2357 3350 2592 3419 τρόπους
2638 3349 2886 3429 ἑκάστων
2927 3352 3038 3406 τῶν
3077 3354 3158 3418 είς
3178 3355 3270 3408 τὸν
3292 3354 3406 3426 βίον
3440 3356 3751 3430 παριόντων

2162 3439 2305 3493 κατὰ
2330 3439 2520 3493 τούσδε
2544 3440 2577 3512 ἢ
2610 3439 2799 3493 τούσδε
2827 3442 2954 3505 τοὺς
2972 3442 3197 3515 χρόνους
3222 3445 3509 3517 παράγων,
3537 3445 3635 3500 καὶ
3651 3446 3747 3498 ἐπὶ

2160 3533 2402 3586 τοσοῖσδε
2443 3532 2476 3603 ἢ
2509 3534 2746 3586 τοσοῖσδε
2773 3534 2940 3601 ἔτεσι,
2973 3536 3069 3603 καὶ
3093 3534 3184 3591 διὰ
3205 3520 3422 3590 τοιᾶσά
3466 3522 3741 3610 ἦτοιᾶσδε

2162 3624 2410 3694 συνάγων
2440 3621 2717 3695 τελευτῆς.
2742 3625 2905 3698 Μόνη)
2927 3642 2989 3680 τε
3009 3624 3161 3703 αύτῷ
3178 3626 3418 3691 καὶτοὺς
3442 3627 3502 3680 ἐν
3527 3625 3738 3694 αὐταῖς,

2159 3714 2236 3781 ὡς
2268 3710 2464 3781 εἰπεῖν,
2493 3710 2615 3781 ταῖς
2641 3715 2736 3770 τοῦ
2761 3710 2990 3771 θανάτου
3011 3714 3208 3781 πύλαις
3237 3715 3566 3788 γενομένους
3584 3717 3744 3773 δυνα-

2159 3811 2251 3863 τόν
2274 3812 2420 3864 ἐστιν
2455 3801 2842 3864 ἀνακαλεῖσθαι
2864 3824 2880 3839 ⁸
2917 3808 2994 3872 ὡς
3024 3807 3121 3863 νῦν
3273 3810 3365 3865 τὸν
3406 3799 3653 3876 Ἐζεκίαν
3682 3811 3744 3875 ἐξ

2159 3897 2471 3976 ἀρρωστίας
2518 3892 2815 3977 θανατικῆς
2860 3901 3251 3968 διασώσασθαι,
3292 3904 3388 3957 καὶ
3421 3903 3743 3976 προσθήκην

2157 3994 2309 4066 αὐτῷ
2348 3993 2496 4066 ζωῆς
2537 3988 2868 4068 χαρίσασθαι
2905 3990 3041 4049 ὅλων
3079 3994 3215 4051 ἐτῶν
3258 3995 3419 4048 πέντε
3453 3996 3548 4049 καὶ
3575 3995 3705 4049 δέκα
3725 4014 3737 4025 ·

2158 4088 2378 4159 ἑτέρους
2405 4087 2462 4142 δὲ
2482 4090 2577 4143 καὶ
2599 4087 2740 4160 μετὰ
2761 4087 2825 4141 τὸ
2844 4087 3098 4149 τεθνάναι
3121 4092 3187 4143 ἐκ
3208 4088 3417 4160 νεκρῶν
3446 4086 3742 4167 ἀναϐιῶναι

2157 4181 2412 4252 ποιήσας,
2461 4180 2619 4244 ὅσους
2675 4182 2710 4252 ή
2767 4177 2890 4234 θεία
2929 4181 3230 4253 παρίστησι
3277 4170 3492 4253 Γραφή.
3546 4181 3633 4245 Ὦς
3682 4181 3745 4250 ἐξ

2157 4268 2395 4331 ἅπαντος
2424 4266 2679 4321 λελύσθαι
2701 4266 2831 4332 τοὺς
2862 4268 2995 4341 περὶ
3024 4267 3367 4340 εἱμαρμένης
3410 4262 3621 4339 λόγους,
3653 4269 3744 4324 διὰ

2154 4361 2217 4414 τὸ
2236 4360 2331 4415 καὶ
2370 4360 2551 4432 πάσης
2579 4359 2825 4433 ἀνάγκης
2865 4354 2961 4414 καὶ
2990 4359 3171 4430 πάσης
3200 4360 3390 4425 οὐσίας
3424 4379 3484 4415 τε
3519 4364 3612 4417 καὶ
3638 4364 3742 4433 φύ-

2158 4470 2297 4517 σεως
2349 4453 2438 4506 τὸν
2486 4441 2580 4506 ὲπῖ
2609 4452 2828 4507 πάντων
2879 4442 3012 4505 Θεὸν
3049 4453 3293 4524 κρατεῖν.
3346 4452 3534 4507 Ταῦτα
3560 4450 3684 4509 ίδὼν
3710 4456 3743 4508 6

469 4540 557 4594 sui
583 4548 639 4593 et
660 4540 839 4609 populi
869 4550 926 4594 et
961 4540 1201 4594 civitatis
1222 4548 1473 4594 servator
1495 4549 1666 4593 esset.
1698 4538 1834 4593 Cum
1865 4550 2045 4595 autem

2165 4540 2432 4605 Ἐζεκίας,
2483 4540 2572 4592 ὅτε
2613 4538 2714 4611 μὲν
2761 4528 2920 4611 ὖγιὴς
2960 4534 3023 4592 τὸ
3051 4538 3211 4609 σῶμα
3240 4534 3331 4610 ἦν,
3363 4530 3457 4593 ὲπῖ
3484 4530 3576 4593 τὸν
3602 4539 3740 4595 νεὼν

463 4631 581 4703 jam
625 4643 905 4699 premente
948 4632 1138 4688 morbo
1181 4632 1233 4685 id
1276 4640 1538 4701 praestare
1592 4646 1696 4685 non
1729 4640 1932 4699 losset,
1978 4639 2047 4685 ea

470 4724 590 4794 ipso
620 4723 761 4778 lecto
782 4724 1085 4779 orationem
1114 4723 1224 4779 Deo
1248 4724 1452 4787 emisit,
1475 4735 1792 4794 persuasum
1825 4722 2049 4785 habens,

470 4817 641 4871 Deum
670 4817 873 4899 ubique
906 4832 1052 4886 esse,
1096 4832 1162 4873 ac
1213 4817 1525 4888 religiosum
1571 4832 1846 4887 quemque
1872 4818 2049 4873 virum

462 4908 749 4967 exaudire.

536 5177 705 5233 Vens.
736 5177 791 5242 4,
940 5198 957 5228 ι
991 5177 1061 5232 Et
1113 5177 1313 5232 factum
1339 5187 1421 5231 est
1465 5176 1685 5231 verbum
1736 5168 1945 5256 Domini
1978 5173 2045 5227 ad

468 5267 661 5323 Isaiam
686 5268 872 5323 dicens
896 5286 910 5322 :
936 5268 1098 5331 Vade,
1119 5277 1173 5322 et
1203 5268 1290 5321 die
1316 5256 1595 5323 Ezechias:
1630 5266 1754 5322 llaec
1784 5267 1912 5322 dicit
1938 5262 2039 5319 Do-

467 5364 645 5415 minus
682 5361 823 5415 Deus
861 5360 1027 5414 David
1073 5361 1244 5428 patris
1268 5360 1365 5413 tui.
1397 5379 1415 5411 ι
1455 5358 1669 5413 Patrem
1712 5369 1891 5414 autem
1923 5359 2039 5428 ejus

466 5453 724 5509 Davidem
746 5455 977 5508 vocabat
1032 5451 1195 5513 Dens,
1231 5467 1540 5517 supremum
1573 5451 1638 5503 de
1680 5449 1765 5505 illo
1796 5450 2040 5505 testimo-

468 5547 617 5599 nium
650 5545 853 5613 ferens,
883 5545 1027 5614 quod
1055 5543 1263 5600 scilicet
1297 5544 1365 5598 ob
1387 5558 1595 5598 morum
1628 5543 2037 5598 similitudinem

464 5641 662 5709 dignus
710 5649 877 5703 esset,
929 5639 1022 5707 qui
1085 5637 1189 5692 sibi
1247 5638 1406 5692 talem
1458 5638 1770 5708 religiosum
1826 5648 2036 5709 patrem

537 5839 584 5917 ’ξ
617 5840 769 5896 Deut.
798 5855 971 5905 xxxn,
999 5839 1086 5895 ὅθ.

2153 4632 2379 4686 ἔσπευδε
2416 4630 2509 4686 τοῦ
2547 4623 2705 4697 Θεοῦ,
2741 4633 2904 4686 κάκεῖ
2945 4632 3035 4684 τὸν
3068 4631 3200 4684 Θεὸν
3228 4630 3391 4685 αὑτοῦ
3426 4649 3486 4686 τε
3520 4632 3614 4687 καὶ
3644 4631 3738 4687 τοῦ

2152 4712 2282 4779 λαοῦ
2328 4724 2550 4795 καὶτῆς
2580 4716 2788 4788 πόλεως
2838 4718 3061 4795 σωτῆρα
3106 4723 3360 4792 γενέσθαι
3399 4724 3735 4791 ἐξεκαλεῖτο’

2156 4816 2279 4868 ἐπεὶ
2306 4814 2362 4867 δὲ
2392 4814 2549 4868 τοῦτο
2576 4813 2838 4886 πράττειν
2875 4816 2967 4868 ἐπὶ
3001 4803 3095 4868 τοῦ
3126 4814 3390 4886 παρόντος
3416 4814 3675 4886 ἀπεῖργεν
3704 4818 3739 4887 ή

2156 4910 2331 4972 νόσος,
2381 4907 2441 4972 ἐξ
2481 4900 2650 4979 αὐτῆς
2700 4910 2989 4980 στρωμνῆς
3025 4907 3125 4978 τὴν
3157 4906 3322 4978 εὐχὴν
3355 4904 3637 4977 ἀνέπεμπε
3661 4906 3740 4978 τῷ

2155 4999 2293 5069 Θεῷ,
2332 4995 2610 5067 πανταχοῦ
2637 4999 2891 5068 παρεῖναι
2928 4997 3025 5049 καὶ
3052 4995 3255 5059 παντὸς
3284 4986 3432 5049 εἶναι
3453 4992 3741 5059 θεοσεϐοῦς

2153 5088 2388 5160 ἐπήκοον
2420 5096 2485 5141 πε
2495 5088 2804 5159 πεισμένος.

2232 5199 2249 5231 ι
2284 5180 2393 5233 Καὶ
2426 5181 2640 5249 ἐγένετο
2662 5180 2819 5249 λόγος
2839 5180 3047 5251 Κυρίου
3081 5180 3218 5252 πρὸς
3263 5179 3492 5232 Ἡσαΐαν
3522 5176 3697 5248 λέγων
3716 5193 3733 5209 ’

2146 5270 2471 5345 Πορεύθητι,
2506 5272 2601 5325 κα)⁵
2629 5267 2781 5324 εἶπον
2828 5266 3048 5343 Ἐζεκίᾳ
3068 5289 3083 5305 ο
3126 5269 3265 5324 Τάδε
3306 5270 3454 5339 λέγει
3484 5270 3690 5343 Κύριος
3712 5273 3742 5324 6

2146 5362 2278 5426 Θεὸς
2310 5358 2472 5415 Δαυῖδ
2516 5360 2611 5415 τοῦ
2656 5362 2863 5432 πατρός
2902 5378 3020 5414 σου.
3058 5380 3077 5411 ι
3113 5359 3334 5433 Πατέρα
3367 5359 3427 5413 δὲ
3455 5359 3621 5412 αὐτοῦ
3649 5360 3741 5411 τὸν

2148 5451 2311 5506 Δαυῖδ
2349 5452 2378 5505 6
2421 5452 2554 5516 Θεὸς
2588 5446 2795 5516 ἐκάλει,
2825 5450 2925 5523 τήν
2954 5452 3216 5507 ἀνωτάτω
3253 5452 3560 5524 μαρτυρίαν
3590 5452 3742 5523 αὐτῷ

2145 5545 2422 5616 παρέχων,
2447 5546 2523 5609 ὡς
2551 5540 2686 5616 ἀξίῳ
2712 5544 2805 5597 τὸν
2828 5544 3052 5617 θεοφιλῆ
3090 5545 3303 5617 πατέρα
3328 5543 3740 5615 ἐπιγράφεσθαι

2143 5637 2241 5710 τῆς
2294 5636 2401 5693 τῶν
2453 5637 2671 5711 τρόπων
2705 5638 3019 5710 ὁμοιότητος
3060 5638 3240 5710 χάριν.
3297 5656 3318 5691 ‹
3350 5636 3599 5693 Ἤκουσα
3639 5636 3741 5709 τῆς
