4130 6438
303 365 404 421 357

1194 367 1697 421 COMMENTARIA
1740 367 1805 422 ΙΝ
1845 368 2099 424 lSAlA'M.
2144 401 2208 409 -—
2248 370 2399 427 CAP.
2443 374 2732 434 XXXVIII.
2832 419 2837 424 .

3483 389 3594 448 558

303 486 625 558 προσευχῆς
650 503 766 550 σου,
799 487 893 539 καὶ
923 481 1060 538 εἶδον
1086 488 1152 540 τὰ
1182 489 1390 560 δάκρυά
1415 505 1526 542 σου.
1575 491 1705 542 Ἰδοὺ
1732 507 1889 560 προσ·

1970 551 1974 564 ι
2004 491 2320 547 ascriberet.
2351 511 2369 543 ‹
2405 495 2597 580 Audivi
2632 497 2936 552 orationem
2967 507 3134 567 tuam,
3185 511 3240 557 et
3266 503 3380 558 vidi
3416 505 3590 580 lacry-

298 578 492 649 τίθημι
527 578 669 650 πρὸς
693 578 785 632 τὸν
814 579 1002 648 χρόνον
1026 597 1118 631 σου
1147 587 1206 632 ιε’
1228 580 1345 651 ἐτη.
1390 600 1409 631 ι

371 782 388 814 ι
435 762 556 815 Καὶ
611 763 676 815 ὲκ
725 761 907 832 χειρὸς
977 760 1241 830 βασιλέως
1299 763 1598 833 Ἀσσυρίων
1654 763 1890 832 ῥύσομαι

298 869 354 906 σε
405 853 505 905 καὶ
551 851 653 923 τὴν
707 851 864 906 πόλιν
916 851 1142 924 ταύτην.
1205 871 1222 904 ι
1287 854 1440 906 Ἐπεὶ
1498 854 1592 924 καὶ
1644 856 1694 906 οἱ
1747 854 1897 922 λόγοι

296 945 391 1016 τῆς
451 944 627 1013 εὐχῆς
671 943 771 995 οὐκ
827 946 884 996 ὲν
937 943 1229 1015 πολυλογίᾳ
1289 944 1687 1014 περιεχόμενοι,
1756 946 1896 1012 ἄξιοι

295 1037 398 1089 τῶν
419 1036 610 1088 ἀκοῶν
662 1030 803 1105 ἦσαν
860 1034 954 1087 τοῦ
1000 1035 1166 1099 Θεοῦ,
1215 1036 1308 1089 καὶ
1364 1036 1425 1088 τὸ
1485 1036 1593 1090 τῶν
1647 1037 1895 1108 δακρύων

295 1128 454 1196 ἔργον
529 1127 677 1180 κατὰ
723 1127 912 1198 καιρὸν
961 1126 1200 1195 εὐλόγως
1249 1129 1344 1181 καὶ¹
1386 1128 1700 1196 ἀναγκαίως
1743 1129 1893 1196 γενό-

298 1235 456 1286 μενον
485 1218 620 1280 τοὺς
639 1217 738 1287 τῆς
762 1218 1065 1288 ἐπισκοπῆς
1090 1218 1182 1272 τοῦ
1219 1219 1353 1271 Θεοῦ
1381 1213 1529 1272 εἷλκε
1566 1219 1700 1290 πρὸς
1732 1220 1893 1272 αὑτὸν

294 1307 639 1379 ὀφθαλμούς·
705 1308 786 1360 διὸ
844 1310 938 1362 καὶ
971 1309 1207 1361 ἐπινεύει
1256 1310 1405 1380 αὐτῷ
1455 1309 1602 1380 ζωῆς
1652 1309 1892 1381 προσθή-

296 1417 415 1472 κην,
446 1401 601 1472 ἔργῳ
635 1401 924 1473 παριστὰς,
953 1402 1030 1467 ὡς
1061 1402 1184 1456 οὔτε
1219 1403 1378 1473 φύσει
1409 1404 1630 1474 ἀτάκτῳ
1664 1403 1892 1467 θάνατος

299 1492 611 1565 ἀνθρώποις
649 1493 900 1564 ὥρισται,
950 1492 1073 1546 οὔτε
1117 1495 1331 1567 ἀνάγκῃ
1380 1497 1758 1565 ἀπαραιτήτῳ.
1813 1495 1886 1546 Οὐ

301 1587 453 1655 μόνον
487 1586 548 1639 δὲ
585 1586 814 1658 χρόνους
840 1586 987 1656 αύτῷ
1009 1587 1173 1657 ζωῆς,
1201 1587 1314 1639 ἀλλ’
1345 1589 1408 1639 ὲκ
1435 1586 1769 1657 περιουσίας,
1799 1580 1887 1640 οἷα

298 1678 444 1740 θεὸς,
475 1677 570 1730 καὶ
594 1677 828 1742 εὐζωΐαν
851 1676 1000 1746 αὐτῷ
1027 1677 1126 1747 τὴν
1154 1679 1212 1730 ὲν
1234 1677 1489 1731 συστάσει
1512 1677 1605 1730 καὶ
1627 1677 1887 1747 είρηναίῳ

299 1767 396 1838 βίῳ
422 1769 844 1837 ἐπαγγέλλεται,
901 1769 1063 1821 αὐτόν
1097 1785 1158 1820 τε
1187 1768 1324 1839 ὁμοῦ
1353 1769 1448 1822 καὶ
1482 1769 1574 1821 τὸν
1605 1769 1701 1821 σὺν
1735 1767 1885 1838 αὐτῷ

2004 596 2120 634 mas
2153 592 2294 636 tuas.
2356 571 2494 638 Ecce
2554 585 2758 655 adjicio
2819 591 2884 642 ad
2949 598 3162 660 tempus
3213 602 3365 650 tuum
3417 571 3590 656 annos

2002 672 2335 740 quindecim.
2395 694 2414 726 ι

2072 761 2234 818 Vatis.
2260 764 2311 819 6.
2341 784 2359 816 ‹
2391 765 2458 819 Ει
2488 766 2554 822 de
2580 783 2744 823 manu
2776 770 2920 840 regis
2940 772 3288 844 Assyriorum
3310 790 3502 834 eruam
3535 789 3590 836 te

1997 865 2054 910 et
2091 857 2364 910 civitatem
2405 859 2566 914 hanc.
2606 880 2625 911 ι
2657 861 2793 927 Quia
2826 865 3091 920 orationis
3125 883 3230 920 non
3281 868 3586 938 loquacita-

1999 957 2106 1000 tem
2139 947 2476 1016 praeferentis
2510 951 2674 1005 verba
2704 952 2906 1008 divinis
2933 956 3157 1012 auribus
3181 958 3344 1026 digna
3373 972 3533 1017 erant
3568 979 3581 1013 :

1997 1052 2052 1093 et
2086 1042 2213 1110 quia
2262 1041 2626 1114 lacrymarum
2679 1046 2762 1099 vis
2802 1050 3125 1117 congruenti
3173 1060 3229 1105 et
3270 1057 3586 1110 necessario

1999 1139 2240 1198 tempore
2304 1133 2532 1195 emissa,
2595 1135 2949 1202 inspectionis
3008 1139 3204 1193 divina:
3257 1143 3443 1198 oculos
3514 1148 3583 1199 ad

1996 1219 2170 1287 ipsum
2198 1220 2487 1287 alliciebat,
2516 1223 2635 1278 ideo
2668 1225 2808 1280 Deus
2835 1227 2933 1296 ipsi
2963 1230 3179 1294 annuit,
3209 1235 3584 1288 accessionem

1997 1312 2119 1365 vita:
2155 1316 2484 1378 concedens,
2520 1332 2795 1387 opereque
2838 1320 3149 1387 declarans,
3193 1339 3298 1378 non
3339 1340 3402 1380 ex
3437 1327 3584 1383 inor-

1993 1402 2173 1456 dinata
2203 1414 2410 1459 natura:
2436 1408 2572 1476 lege,
2609 1424 2784 1478 neque
2805 1425 2868 1468 ex
2900 1412 3198 1468 inevitabili
3231 1419 3582 1486 necessitate,

1992 1502 2219 1546 mortem
2251 1493 2562 1550 hominibus
2593 1499 2925 1554 destinatam
2957 1517 3095 1558 esse.
3139 1505 3255 1558 Non
3282 1509 3439 1562 ruodo
3484 1525 3582 1564 au-

1991 1589 2100 1634 tem
2133 1598 2306 1636 annos
2349 1585 2495 1650 vitm,
2546 1589 2641 1641 sed
2673 1591 2835 1644 etiam
2868 1606 2932 1645 ex
2967 1593 3367 1663 nmniticentia,
3397 1610 3582 1668 υῳοιο

1989 1669 2152 1735 Deus,
2183 1675 2526 1740 tranquillam
2559 1676 2662 1745 ipsi
2716 1689 2772 1733 et
2801 1690 3049 1747 pacatam
3073 1685 3241 1739 vitam
3272 1685 3578 1756 pollicetur.

1988 1776 2050 1818 ac
2081 1773 2191 1816 tum
2225 1764 2427 1833 ipsum,
2467 1777 2578 1821 tum
2635 1771 2892 1838 populum
2942 1774 3059 1843 ejus
3095 1785 3151 1830 et
3196 1777 3477 1834 civitatem
3512 1763 3578 1836 de

300 1860 420 1912 λαὸν
476 1863 570 1914 καὶ
613 1861 714 1930 τὴν
766 1859 921 1913 πόλιν
980 1861 1045 1914 ὲκ
1092 1860 1190 1930 τῆς
1242 1860 1349 1913 τῶν
1391 1859 1666 1931 πολεμίων
1701 1859 1882 1931 χειρὸς

1992 1860 2253 1934 manibus
2277 1860 2621 1916 inimicorum
2675 1874 2990 1934 erepturum
3042 1883 3101 1920 se
3133 1867 3404 1937 promittit
3449 1890 3463 1926 :
3515 1874 3580 1928 ut-

297 1954 574 2018 διασώζειν
632 1953 1080 2023 ὑπισχνούμενος,
1141 1953 1366 2022 σημεῖόν
1422 1970 1481 2006 τε
1540 1952 1688 2024 αὐτῷ
1737 1971 1878 2026 παρ-

301 2051 410 2116 εῖχε
459 2049 558 2117 τῆς
611 2045 720 2099 τῶν
770 2046 1076 2116 εἰρημένων
1121 2046 1358 2108 πίστεως
1402 2045 1468 2098 δι’
1525 2047 1712 2117 ἑτέρου
1770 2058 1877 2098 παέ

303 2142 541 2212 ραδόξου.
1625 2214 1628 2216 γ
1836 2211 1839 2216 ἡ

379 2252 398 2284 ι
420 2233 584 2286 Τοῦτο
612 2231 670 2286 δέ
697 2249 780 2285 σοι
811 2229 874 2283 τὸ
903 2232 1126 2302 σημεῖον
1161 2229 1311 2302 παρά
1344 2228 1576 2300 Κυρίου,
1614 2214 1697 2281 ὅτι
1724 2214 1880 2300 ποιὴ-

311 2339 391 2376 σει
438 2323 633 2394 Κύριος
683 2322 746 2376 τὸ
805 2322 956 2394 ῥῆμα
999 2321 1177 2375 τοῦτο.
1223 2322 1353 2375 Ἰδοὺ
1381 2321 1491 2390 ἐγὼ
1528 2320 1746 2391 στρέψω
1779 2320 1879 2393 τὴν

311 2416 466 2468 σκιὰν
490 2415 590 2468 τῶν
613 2413 956 2484 ἀναϐαθμῶν,
981 2413 1076 2478 οὒς
1096 2413 1298 2484 κατέϐη
1326 2414 1454 2477 τοὺς
1483 2419 1511 2466 t'
1529 2413 1879 2484 ἀναϐαθμοὺς

303 2507 396 2560 τοῦ
444 2508 588 2561 οἴκου
626 2505 719 2560 τοῦ
761 2507 962 2578 πατρὸς
999 2523 1091 2558 σου
1133 2507 1160 2557 ὁ
1196 2505 1366 2576 ἥλιος.
1413 2504 1766 2576 Ἀποστρέψω
1785 2506 1876 2578 τὸν

300 2598 448 2668 ἣλιον
476 2599 600 2661 τοὺς
633 2605 664 2651 ι’
693 2577 1044 2667 ἀναϐαθμούς
1062 2614 1074 2626 ·
1117 2597 1210 2650 καὶ
1241 2595 1407 2667 ἀνέϐη
1441 2597 1469 2649 ὁ
1497 2595 1649 2666 ῆλιος
1688 2595 1814 2659 τοὺς
1843 2577 1875 2647 ι’

297 2689 657 2760 ἁναϐαθμοὺς,
681 2689 774 2753 οὓς
805 2689 1010 2760 κατέϐη
1037 2691 1070 2760 ἡ
1104 2687 1249 2741 σκιά.
1288 2707 1306 2739 ι
1339 2688 1569 2760 Σημείον
1589 2687 1684 2757 μὲν
1701 2687 1876 2758 ὑπήρ-

294 2797 413 2851 χετο
456 2780 787 2852 θαυμαστὸν,
841 2781 1058 2834 καὶτὸν
1096 2779 1336 2843 Ἐζεκίου
1377 2779 1487 2833 ἀπὸ
1528 2777 1749 2850 δυσμῶν
1777 2777 1873 2832 τοῦ

291 2872 398 2941 βίου
431 2873 692 2945 δευτέραν
723 2872 1155 2943 παλινδρομῆσαι
1190 2868 1359 2940 ζωήν.

288 3003 601 3072 Ιφοσευχὴ
672 3003 938 3067 Ἐζεκίου
1004 3000 1312 3072 ,βασιλέως
1374 2999 1485 3072 τῆς
1548 2999 1869 3072 Ἰουδαίας,

349 3069 972 3143 ἡνίκεῖἐμαλακίσθη,
1027 3073 1124 3125 καὶ
1159 3069 1386 3138 ἀνέστη
1417 3071 1486 3123 ἐκ
1527 3070 1640 3140 τῆς
1677 3075 1872 3140 μαλα-

346 3146 475 3210 κίας
524 3143 732 3199 αὐτοῦ.

352 3275 370 3308 ι
405 3256 559 3327 Ἐγὼ
579 3255 708 3310 εἶπα
737 3257 795 3310 ὲν
819 3255 896 3328 τῷ
925 3257 1047 3327 ῦψει
1069 3255 1175 3310 τῶν
1200 3255 1422 3327 ἡμερῶν
1447 3272 1568 3327 μου·
1602 3255 1865 3327 Πορεύσο-
1895 3232 1937 3288 C

303 3361 379 3416 μαι
401 3351 452 3402 ὲν
488 3348 696 3411 πύλαις
723 3348 872 3419 ᾅδου,
908 3348 1220 3416 καταλείψω
1238 3349 1306 3400 τά
1330 3347 1424 3417 ἔτη
1457 3346 1527 3400 τά
1551 3347 1825 3401 ἐπίλοιπα.
1841 3364 1860 3398 ι

299 3437 541 3502 Συνειδὼς
573 3438 682 3508 γὰρ
721 3436 954 3508 ἐμαυτὸν
1005 3435 1103 3507 ῆδη
1154 3435 1336 3488 λοιπὸν
1361 3437 1481 3498 ταῖς
1506 3433 1601 3488 τοῦ
1635 3434 1864 3489 θανάτου

293 3529 460 3596 πύλαις
504 3529 905 3601 πλησιάζοντα,
925 3529 1157 3582 ἀπεῖπον
1180 3528 1275 3582 καὶ
1306 3527 1592 3598 ἀπήλπικα
1625 3525 1862 3597 ἐμαυτοῦ

285 3623 368 3694 τὴν
397 3628 452 3677 ὲν
484 3621 802 3693 ἀνθρώποις
832 3620 998 3693 ζωήν.

345 3734 361 3765 ‹
406 3713 576 3770 Εἴπω
612 3715 806 3768 Οὐκέτι
846 3715 905 3768 ού
946 3714 1020 3786 μὴ
1079 3714 1174 3767 ἴδω
1201 3713 1261 3766 τὸ
1307 3713 1574 3784 σωτήριον
1609 3712 1700 3764 τοῦ
1726 3711 1861 3764 Θεοῦ

279 3804 361 3858 ἐπὶ
385 3809 515 3880 γῆς,
539 3807 722 3861 οὐκέτι
747 3806 820 3878 μὴ
840 3806 932 3858 ἴδω
957 3805 1260 3876 ἄνθρωπον.
1301 3823 1319 3855 ι
1340 3803 1580 3868 Εἰκότως
1608 3805 1665 3856 έν
1688 3802 1861 3872 ἀγῶνι

277 3899 550 3961 καταστὰς
577 3897 685 3950 τῶν
734 3896 871 3968 μετά
893 3899 992 3965 τὴν
1020 3895 1342 3965 ἀπαλλαγὴν
1367 3895 1461 3948 τοῦ
1486 3893 1625 3964 βίου,
1657 3896 1853 3966 ὑπομιι

276 3993 508 4061 μνήσκει
548 3989 646 4059 μὲν
672 3988 774 4058 τῆς
824 3986 1020 4040 ἑαυτοῦ
1047 3986 1358 4049 θεοσεϐείας
1386 3973 1474 4039 τὸν
1505 3977 1657 4039 Θεῖαψ
1686 3986 1773 4039 διὰ
1803 3974 1860 4040 δὲ

270 4084 357 4137 τοῦ
393 4081 677 4153 κλαυθμοῦ
731 4080 804 4152 μὴ
839 4081 1092 4132 ἐκπεσεῖν
1136 4077 1239 4148 τῆς
1282 4077 1469 4149 χώρας
1499 4077 1607 4131 τῶν
1641 4077 1858 4142 ζώντων

270 4174 667 4247 κατηντιϐόλει.
691 4175 809 4226 Ἔτι
839 4172 896 4224 δὲ
929 4169 1206 4224 καὶτοῦτο
1239 4169 1377 4241 πρὸς
1404 4173 1516 4233 τοῖς
1546 4171 1858 4242 εἰρημένοις
1902 4227 1904 4229 _

270 4268 458 4321 ἐλύπει
487 4267 576 4320 τὸν
613 4265 878 4331 Ἐζεκίαν,
915 4263 1118 4336 μηδένα
1161 4262 1401 4333 διάδοχον
1446 4265 1512 4316 ὲκ
1544 4263 1858 4334 σπέρματος

271 4361 534 4431 ὑπάρχειν
557 4357 744 4423 αὑτοῦ,
791 4358 959 4428 μήπω
980 4355 1168 4420 παιδὸς
1207 4355 1357 4426 αὐτῷ
1391 4355 1705 4426 γενομένου,
1733 4354 1854 4407 καθ’

268 4450 323 4504 ὃν
354 4453 546 4522 χρόνον
572 4451 713 4505 αὐτὰ
752 4450 958 4521 ἔλεγεν.
997 4447 1216 4520 Ἐπειδὴ
1248 4447 1427 4502 τοίνυν
1457 4446 1626 4510 ἄπαις
1662 4445 1853 4516 ἔμελλε

267 4545 538 4615 τελευτᾷν,
570 4543 772 4614 μηδένα
795 4542 1108 4596 καταλιπὼν
1125 4528 1387 4609 διάδοχον,
1415 4536 1474 4602 ἐξ
1505 4532 1565 4591 οὗ
1593 4538 1655 4590 τὸ
1681 4539 1853 4608 σωτή-

270 4645 378 4704 ριον
400 4635 494 4689 τοῦ
519 4636 653 4688 Θεοῦ
687 4616 941 4702 γενέσθαι
985 4636 1040 4686 ἐν
1083 4631 1392 4702 ἀνθρώποις
1424 4629 1752 4701 προσδοκᾷν,
1778 4632 1852 4681 εί-

267 4729 435 4793 κότως
479 4729 544 4783 ἂν
575 4730 674 4799 τῆς
707 4728 800 4782 τοῦ
833 4726 1069 4799 Χριστοῦ
1119 4727 1422 4796 γεννήσεως
1452 4723 1550 4793 τῆς
1579 4725 1643 4774 ὲκ
1681 4722 1852 4793 σπέρ-

267 4834 432 4886 ματος
464 4819 558 4872 τοῦ
597 4817 760 4871 Δαυῒδ
792 4816 1172 4887 ἐπαιρόμενος,
1202 4816 1297 4866 καὶ
1325 4812 1672 4866 ἀπεκλαίετο.

343 4931 362 4964 ‹
407 4911 685 4978 Ἐξέλιπεν
711 4913 776 4964 ἐκ
807 4910 909 4979 τῆς
955 4906 1276 4977 συγγενείας
1319 4922 1440 4977 μου·
1473 4904 1762 4983 κατέλιπον
1790 4898 1851 4958 τὸ

266 5000 536 5058 ἐπίλοιπον
584 5003 684 5074 τῆς
728 4999 871 5073 ζωῆς
905 5017 1027 5071 μου.
1070 4995 1289 5067 Ἐξῆλθε
1337 4997 1432 5049 καὶ
1467 4995 1706 5065 ἀπῆλθεν
1753 4995 1849 5047 ἀπ’

265 5097 414 5165 ἐμοῦ,
449 5097 639 5169 ὥσπερ
665 5097 694 5149 ὁ
719 5095 924 5166 σκηνὴν
945 5089 1231 5146 καταλύων
1259 5086 1456 5156 πήξας.
1504 5087 1591 5149 Ὡς
1621 5087 1764 5170 ίστὸς
1786 5086 1847 5138 τὸ

264 5190 476 5260 πνεῦμά
502 5207 601 5260 μου
637 5190 766 5260 παρ’
793 5189 917 5258 ἐμοὶ
937 5187 1174 5254 ὲγένετο,
1201 5181 1384 5253 ὲρίθου
1417 5175 1742 5248 ὲγγιζούσης
1765 5181 1849 5231 ὲκ-

265 5286 456 5350 τεμείν.
501 5302 518 5333 ι
551 5281 764 5352 Σκηνὴν
793 5280 946 5334 καλεῖ
979 5279 1039 5332 τὸ
1075 5276 1258 5346 σῶμα,
1291 5273 1498 5326 ἔνοικον
1532 5272 1588 5324 δὲ
1620 5271 1719 5343 τὴν
1741 5271 1844 5341 ψυ-

263 5375 375 5444 χήν·
421 5373 490 5447 ἦς
527 5373 934 5445 ἀναχωρούσης,
969 5373 1112 5424 ἔοικε
1143 5370 1206 5422 τὸ
1255 5369 1414 5439 σῶμα
1461 5352 1842 5436 καταλυομένη

266 5471 447 5539 σκηνῇ·
482 5468 686 5540 σκηνὴν
720 5467 817 5536 μὲν
847 5464 1019 5532 λέγων
1049 5463 1110 5515 τὸ
1139 5463 1318 5533 σῶμα,
1345 5461 1466 5514 ἐπεὶ
1499 5462 1526 5512 ὁ
1555 5449 1839 5520 θεσπέσιος

275 5549 584 5615 ’Λπδστολος
611 5550 814 5621 σκηνὴν
836 5549 968 5602 αὐτὸ
1013 5547 1318 5618 ὠνόμασεν.
1347 5545 1510 5598 Ἀλλὰ
1534 5545 1628 5598 καὶ¹
1651 5543 1841 5611 ὥσπερ

266 5642 398 5698 ἱστὸν
431 5645 610 5716 ὲρίθου
652 5643 714 5697 τὸ
751 5642 978 5712 ὕφασμα
1018 5639 1205 5693 λοιπὸν
1235 5636 1668 5708 ἀποτεμνούσης,
1697 5633 1840 5685 οὕτω

266 5732 347 5782 καὶ
358 5733 421 5786 τά
436 5735 532 5804 τῆς
559 5727 700 5803 ἐμῆς
718 5731 882 5801 ζωῆς,
898 5729 993 5784 καὶ
1018 5727 1113 5781 τοῦ
1150 5724 1264 5798 βίου
1299 5728 1499 5791 παντὸς
1520 5727 1580 5780 τὸ
1611 5721 1838 5794 ὕφασμα

267 5824 380 5892 περὶ
405 5826 552 5889 τέλος
577 5825 802 5898 ἧλαυνεν
832 5821 1289 5892 ἀποτεμνόμενον.
1313 5821 1580 5883 Ἕκαστος
1612 5813 1704 5872 οὖν
1732 5816 1838 5869 τῶν

1983 1964 2112 2003 vero
2131 1950 2293 2004 dictis
2327 1952 2487 2005 ﬁdem
2521 1955 2767 2019 adderet,
2803 1957 3017 2027 signum
3042 1960 3268 2016 alterius
3293 1966 3579 2034 stupendae

1982 2042 2058 2095 rei
2103 2043 2202 2110 ipsi
2245 2044 2522 2111 praestitit.

2053 2217 2216 2279 Veiis.
2255 2227 2308 2290 't',
2344 2226 2398 2281 8.
2443 2246 2460 2276 σ
2514 2227 2625 2282 Hoc
2655 2238 2836 2282 autem
2879 2230 2972 2284 tibi
2999 2230 3214 2301 signuin
3249 2247 3276 2286 a
3318 2213 3569 2301 Domit-ra,

1978 2319 2234 2387 quoniam
2271 2309 2516 2372 facturus
2551 2329 2636 2372 est
2667 2319 2926 2375 Deminus
2960 2323 3180 2376 verbum
3214 2304 3379 2378 istud.
3431 2326 3574 2382 Ecce‘

1978 2423 2078 2477 ego
2106 2419 2312 2463 vertam
2357 2409 2604 2463 umbram
2654 2413 2954 2481 graduum,
2995 2429 3132 2482 quos
3183 2417 3436 2471 ascendit
3488 2406 3572 2473 soi

1977 2501 2161 2556 decem
2198 2501 2457 2571 gradibus
2495 2502 2686 2556 domus
2731 2503 2900 2572 patris
2957 2506 3054 2558 tui.
3110 2505 3367 2560 Avertam
3401 2509 3568 2564 solem

1976 2594 2162 2646 decem
2212 2595 2475 2662 gradibus
2504 2613 2516 2648 :
2549 2602 2604 2648 et
2657 2596 2910 2649 ascendit
2940 2596 3019 2651 sol
3048 2598 3234 2652 decem
3280 2602 3564 2672 gradibus.

1975 2687 2173 2755 quibus
2223 2686 2507 2740 descendit
2560 2686 2774 2741 umbra.
2834 2707 2854 2739 ι
2924 2688 2988 2742 Et
3063 2691 3279 2760 signum
3343 2694 3566 2763 quidem

1977 2777 2106 2832 illud
2133 2778 2294 2831 etiam
2328 2778 2649 2833 admirabile
2673 2785 2814 2843 erat,
2868 2781 3009 2849 quod
3057 2782 3319 2840 Eiecbias
3368 2787 3438 2841 ab
3472 2791 3566 2843 oc”-

1974 2884 2101 2922 casu
2128 2871 2250 2923 vita:
2288 2871 2353 2922 ad
2387 2867 2550 2924 aliam
2590 2871 2757 2925 Vitam
2799 2875 3146 2944 remigraret.

1977 3003 2145 3061 VERS.
2184 3007 2237 3062 9.
2280 3006 2467 3088 Oratio
2494 3007 2737 3063 Ezechiw
2765 3011 2896 3088 regis
2923 3009 3152 3088 Judtzrr,
3190 3029 3305 3068 cum
3333 3029 3562 3087 ινφ-οισ-

2380 3082 2447 3132 rit
2480 3089 2531 3132 et
2560 3096 2625 3132 ex
2652 3082 2832 3154 morbo
2862 3083 3147 3139 convaluit.

2046 3255 2206 3310 Vsus.
2245 3257 2330 3310 10.
2370 3274 2388 3309 ι
2422 3250 2536 3328 Ego
2567 3259 2675 3313 dixi
2709 3262 2759 3313 in
2787 3261 3000 3317 excelso
3023 3263 3232 3318 dierum
3269 3281 3510 3319 meorum
3539 3285 3555 3320 :

1973 3350 2175 3404 Vadam
2225 3353 2290 3405 ad
2340 3364 2524 3420 portas
2575 3350 2733 3408 inferi
2774 3372 2787 3407 :
2839 3356 3141 3425 relinquam
3195 3373 3368 3412 annos
3417 3361 3556 3414 resi-

1969 3441 2124 3494 duos.
2167 3461 2184 3490 ι
2214 3443 2347 3495 Cum
2396 3460 2481 3496 me
2507 3443 2618 3511 jam
2656 3445 2846 3500 mortis
2876 3445 3058 3516 ianuis
3103 3451 3408 3515 proximum
3439 3461 3565 3506 esse

1969 3534 2166 3597 sciam,
2197 3537 2260 3587 de
2292 3534 2398 3587 vita
2429 3550 2547 3588 mea
2588 3536 2731 3591 inter
2761 3539 3011 3592 homines
3045 3538 3348 3608 desperavi.

2041 3708 2200 3766 Vens.
2235 3707 2321 3765 ll.
2353 3733 2370 3764 ε
2403 3713 2521 3766 Dixi
2550 3713 2697 3767 :Non
2728 3716 2958 3784 amplius
2978 3717 3172 3771 videbo
3199 3718 3438 3771 salutare
3458 3716 3552 3773 Dei

1966 3797 2018 3854 in
2057 3812 2222 3865 terra,
2248 3815 2354 3856 non
2386 3804 2616 3872 amplius
2647 3805 2836 3858 videbo
2869 3806 3164 3860 hominem.
3199 3815 3219 3856 ς
3252 3807 3462 3861 Anxius
3484 3808 3557 3860 de

1963 3895 2030 3949 iis
2060 3906 2181 3964 quae
2221 3897 2502 3951 decessum
2544 3910 2612 3951 ex
2660 3897 2760 3950 hac
2791 3897 2896 3950 vita
2949 3905 3399 3967 consequuntur,
3427 3901 3556 3967 jure

1961 3989 2212 4058 pietatem
2248 4004 2376 4057 erga
2416 3990 2580 4043 Deum
2626 3993 2777 4044 suam
2823 3991 2923 4061 ipsi
2971 3984 3084 4044 Deo
3135 3991 3188 4044 in
3218 3990 3542 4045 memoriam

1964 4085 2184 4139 revocat
2208 4101 2224 4150 ;
2262 4079 2478 4140 ﬂetibus
2507 4087 2686 4138 autem
2723 4102 2790 4139 ne
2815 4101 2845 4140 e
2881 4087 3100 4156 regione
3121 4085 3421 4140 viventium
3449 4094 3548 4139 ex-

1959 4176 2185 4242 cideret,
2210 4176 2560 4243 precabatur.
2588 4175 2723 4230 Illud
2753 4178 2915 4231 etiam
2949 4182 3144 4247 praeter
3169 4185 3368 4232 caetera
3411 4175 3548 4231 Eze-

1958 4267 2138 4320 chiam
2171 4265 2356 4320 dolore
2381 4265 2690 4329 alliciebat,
2722 4267 2867 4336 quod
2906 4266 3085 4320 nullus
3115 4280 3182 4320 ex
3208 4265 3418 4320 semine
3443 4278 3545 4319 suo

1957 4371 2241 4411 successor
2259 4356 2492 4420 adesset,
2509 4350 2944 4425 quandoquidem
2968 4360 3074 4424 quo
3090 4364 3329 4424 tempore
3353 4341 3543 4408 is'lhaac

1957 4439 2302 4517 proferebat,
2348 4441 2553 4501 nullum
2587 4450 2764 4503 adhuc
2810 4439 2980 4502 ﬁliam
3028 4455 3367 4518 susceperat.
3401 4445 3539 4513 Quia

1957 4542 2123 4610 igitur
2161 4541 2286 4594 liliis
2321 4541 2487 4594 Orbus
2516 4540 2834 4604 moriturus,
2869 4555 2966 4592 nec
2996 4543 3372 4594 successorem
3408 4538 3537 4592 reli-

1955 4643 2140 4685 cturus
2168 4641 2287 4685 erat
2309 4672 2324 4694 ,
2351 4648 2416 4685 ex
2449 4647 2556 4700 quo
2590 4631 2827 4683 salutare
2864 4622 2959 4684 Dei
2998 4631 3313 4685 hominibus
3341 4640 3538 4684 ventu-

1956 4738 2073 4776 rum
2099 4732 2530 4793 exspectaretur,
2560 4722 2752 4775 merito
2784 4719 2990 4776 Christi
3021 4737 3085 4776 ex
3115 4723 3326 4777 semine
3367 4721 3538 4776 David

1952 4826 2072 4868 ortu
2102 4797 2378 4882 privatus,
2411 4809 2830 4867 lamentabatur.

2023 4894 2183 4959 Vens.
2228 4906 2317 4958 12.
2353 4925 2371 4956 σ
2415 4894 2625 4958 Defecit
2667 4920 2696 4958 a
2741 4904 3067 4975 cognatinne
3107 4919 3223 4958 mea
3270 4922 3285 4958 :
3339 4903 3536 4959 defecit

1951 4994 2095 5064 quod
2121 4994 2386 5063 reliquum
2413 5004 2494 5048 est
2519 4993 2644 5047 vitze
2671 5009 2825 5047 mem.
2853 4994 3000 5048 Abiit
3029 5005 3084 5048 et
3109 4995 3336 5049 recessit
3370 5011 3398 5046 a
3425 5008 3530 5059 me,

1954 5086 2093 5139 sicut
2120 5086 2276 5139 solvit
2305 5085 2735 5145 tabernaculut‘n,
2757 5086 2846 5154 qui
2877 5087 3202 5140 construxit.
3239 5087 3394 5140 Sicut
3428 5087 3530 5140 tela

1953 5178 2174 5244 spiritus
2218 5193 2368 5231 meus
2405 5177 2577 5232 {actus
2604 5186 2688 5231 est
2729 5177 2868 5245 apud
2908 5192 2994 5232 me
3019 5217 3033 5241 ,
3067 5193 3191 5230 mox
3241 5191 3270 5229 a
3321 5185 3534 5229 texente

1951 5263 2298 5324 succidenda.
2335 5287 2354 5320 ι
2390 5263 2823 5323 Tabe'ruaculuin
2851 5277 3010 5322 Vocat
3047 5282 3245 5336 corpus
3269 5307 3284 5330 ,
3317 5265 3530 5319 inhabi-

1951 5371 2148 5414 tanlem
2179 5361 2309 5414 dicit
2345 5363 2580 5414 animam
2610 5379 2622 5414 :
2652 5375 2756 5429 qua
2789 5361 3101 5424 recedente,
3124 5372 3322 5424 corpus
3350 5357 3530 5411 soluto

1949 5448 2301 5503 tabernacqu
2330 5449 2507 5503 simile
2537 5453 2642 5504 est.
2690 5447 3124 5503 Tabernaculum
3153 5461 3282 5500 vero
3329 5459 3528 5513 corpus

1941 5539 2191 5608 appellat,
2224 5539 2349 5608 quia
2380 5539 2598 5594 divinus
2633 5539 2761 5592 item
2788 5537 3081 5606 Apostolus
3121 5534 3524 5589 tabernaculum

1939 5631 2115 5699 ipsum
2166 5631 2400 5686 vocavit.
2440 5631 2640 5683 Verum
2685 5629 2848 5682 etiam
2884 5629 3027 5682 sicut
3072 5626 3177 5679 tela
3221 5640 3351 5694 qua:
3377 5640 3407 5680 ει
3443 5636 3516 5681 te-

1945 5734 2108 5776 xente
2136 5721 2458 5786 succiditur,
2490 5722 2568 5776 sic
2598 5731 2652 5775 et
2691 5720 2815 5773 vita:
2845 5714 2978 5772 meae
3009 5726 3223 5770 textura
3259 5717 3328 5770 ad
3362 5717 3522 5770 ﬁnem

1947 5817 2148 5886 vergit,
2171 5832 2294 5872 mox
2330 5814 2676 5872 succidenda.
2714 5810 2922 5882 Singuli
2960 5810 3125 5878 igitur
3155 5809 3401 5864 homines
3427 5820 3523 5876 per
