4130 6392
523 351 628 406 5339

1232 343 1498 399 EUSEBII
1535 341 2007 398 CAESARIENSIS
2045 342 2194 397 ΟΡΡ.
2237 341 2418 397 PARS
2456 343 2547 400 lli.
2587 375 2657 384 -
2695 341 3109 399 EXEGETICA.

3685 352 3792 408 3(0

525 473 672 535 gesta
709 474 764 516 et
789 475 952 531 opera
983 474 1080 513 sua
1120 468 1324 512 vestem
1359 459 1461 514 sibi
1509 469 1726 525 texunt,
1762 467 1815 513 et
1847 469 2096 514 ornatum

2208 460 2506 530 ἀνθρώπων
2563 460 2750 532 στολὴν
2789 462 3051 528 ὑφαίνων,
3104 460 3198 512 καὶ
3257 458 3462 531 κόσμον
3498 466 3560 534 τῇ
3598 462 3792 520 ἑαυτοῦ

525 558 719 610 anili-ae
746 569 858 608 suae
886 553 1318 620 circumponunt.

600 647 762 700 Vens.
795 643 881 697 15.
928 662 946 694 ι
986 643 1041 696 In
1077 640 1163 694 die
1192 639 1280 693 illa
1313 642 1547 695 traditus
1586 656 1704 694 sum
1739 655 1907 710 usque
1941 655 2099 694 mane

527 739 694 793 veluti
737 736 901 800 leoni,
941 735 1022 788 sic
1072 733 1330 788 contrivit
1361 735 1545 786 omnia
1593 747 1716 787 ossa
1760 747 1898 786 mea.
1932 733 1974 786 A
2011 733 2098 788 die

520 833 663 886 enim
698 843 867 897 usque
891 827 957 880 ad
987 839 1197 881 noctem
1227 826 1458 879 traditus
1479 841 1617 879 sum.
1650 843 1667 874 ι
1697 822 1952 879 Traditus
1977 839 2096 879 sum

519 939 616 975 cett
651 921 787 974 leoni
814 920 1030 974 cuidam
1061 919 1310 972 homines
1337 916 1618 970 devoranti
1640 957 1654 980 ,
1687 917 1778 985 qui
1813 917 1965 985 quasi
2004 930 2100 984 per

519 1015 723 1067 illatam
757 1013 886 1067 mihi
921 1011 1331 1072 inﬁrmitatem,
1365 1017 1477 1061 tota
1509 1007 1596 1062 die
1625 1017 1679 1062 et
1712 1018 1869 1062 nocte
1894 1008 2101 1062 contri-

516 1106 594 1158 vit
623 1105 802 1158 omnia
839 1119 960 1157 ossa
990 1117 1106 1156 mea
1137 1118 1152 1168 ;
1185 1114 1483 1171 parumque
1514 1099 1710 1165 abfuit,
1739 1099 1868 1168 quin
1900 1113 1986 1153 me
2019 1108 2098 1153 tov

519 1206 631 1248 tum
659 1199 853 1249 devora
863 1202 962 1250 ret.
1313 1190 1316 1192 ⁷
1519 1185 1526 1194 ’

593 1285 758 1341 Vens.
794 1286 882 1340 M.
921 1304 939 1337 ι
975 1285 1128 1338 Sicut
1175 1283 1426 1348 hirundo,
1475 1283 1552 1336 sic
1580 1283 1844 1344 clamabo,
1875 1290 1930 1336 et
1956 1282 2101 1337 sicut

520 1380 787 1440 columba,
812 1379 891 1432 sic
917 1375 1235 1430 meditabor.
1271 1374 1598 1430 Defecerunt
1623 1376 1768 1428 enim
1795 1374 1935 1428 oculi
1969 1375 2096 1439 mei,

520 1481 579 1525 ut
608 1486 676 1525 ne
703 1471 1001 1538 aspicerem
1046 1467 1422 1522 celsitudinem
1455 1465 1581 1520 caeli
1617 1467 1682 1518 ad
1733 1464 2039 1519 Dominum.
2075 1483 2093 1515 ι

519 1565 772 1617 Attamen
807 1562 858 1614 in
907 1562 1010 1613 hac
1048 1575 1227 1613 rerum
1261 1558 1606 1620 conditione,
1637 1572 1741 1611 non
1793 1555 2099 1612 inﬁrmatus

521 1671 639 1710 sum
664 1695 678 1718 ,
710 1668 813 1708 nec
835 1668 866 1706 a
902 1651 1010 1706 Deo
1035 1665 1154 1705 meo
1187 1650 1427 1714 recessi,
1455 1651 1549 1703 sed
1585 1649 1689 1703 ﬁde
1721 1664 1923 1719 speque
1959 1649 2098 1703 bona

522 1748 786 1815 meipsum
817 1744 1149 1798 conﬁrmans
1169 1782 1184 1806 ,
1216 1741 1432 1796 ﬂetibus
1473 1747 1530 1794 et
1558 1741 1792 1794 orationi
1827 1756 1911 1794 me
1935 1741 2053 1795 dedi
2081 1755 2096 1803 ;

521 1853 609 1892 me
639 1852 766 1892 vero
797 1837 1015 1890 assidue
1042 1842 1253 1900 orante,
1283 1843 1446 1900 atque
1470 1831 1723 1900 precibus
1750 1833 1888 1900 apud
1929 1833 2094 1887 Deum
2131 1827 2174 1886 Β

521 1930 834 1994 insistente,
860 1929 976 1997 ipse
1010 1946 1029 1978 ι
1061 1928 1208 1982 eruit
1237 1941 1343 1992 me,
1369 1935 1422 1980 et
1450 1926 1674 1980 abstulit
1702 1926 1943 1980 dolorem
1979 1927 2099 1980 ani-

521 2038 624 2076 ma:
650 2036 801 2075 meae.
843 2039 861 2073 ι
896 2019 1008 2081 Ille,
1040 2019 1285 2087 inquam,
1315 2016 1449 2071 nihil
1475 2025 1787 2081 cunctatus,
1811 2018 1956 2072 eruit
1991 2033 2100 2081 mc,

519 2125 575 2169 et
618 2114 838 2169 sustulit
887 2112 1128 2167 dolorem
1178 2110 1379 2165 anima:
1420 2125 1554 2166 meae
1593 2131 1604 2165 :
1638 2125 1704 2166 ac
1756 2112 1802 2165 si
1853 2111 2104 2166 videlicet

522 2205 804 2274 promissis
857 2204 1016 2257 ﬁdem
1067 2202 1296 2256 adderet
1359 2216 1482 2270 qua:
1545 2201 1753 2256 sanctis
1822 2203 1938 2256 suis
2009 2203 2103 2256 de-

518 2300 599 2350 itit
636 2296 723 2350 his
761 2295 980 2351 verbis:
1028 2313 1048 2346 ι
1089 2296 1280 2350 Adhuc
1322 2304 1374 2349 te
1409 2293 1688 2365 loquente,
1713 2295 1889 2349 dicam
1919 2313 1932 2348 :
1965 2295 2104 2349 Ecce

521 2389 732 2444 adsum.
773 2406 795 2440 ι

591 2599 759 2670 Vens.
800 2612 887 2668 16.
923 2633 941 2665 ι
985 2613 1234 2677 Domine,
1258 2612 1325 2667 de
1359 2613 1472 2682 ipsa
1499 2612 1698 2683 quippe
1733 2613 2102 2667 renuntiatum

519 2711 606 2758 est
635 2703 732 2756 tibi
761 2720 776 2756 :
814 2712 871 2757 et
904 2701 1154 2756 excitasti
1189 2701 1436 2769 spiritum
1476 2716 1678 2764 meum,
1711 2711 1764 2754 ct
1793 2699 2106 2753 consolatus

520 2796 630 2848 vixi
655 2794 791 2865 (55).
826 2813 846 2846 ι
879 2794 991 2847 Non
1017 2795 1159 2862 quod
1184 2794 1250 2846 iis
1274 2793 1470 2863 dignus
1503 2806 1677 2846 essem
1706 2815 1721 2846 -.
1755 2807 1879 2844 nam
1915 2805 2106 2860 pecca-

503 2885 590 2937 .tis
620 2883 803 2938 multis
832 2881 1021 2950 plenus
1048 2895 1197 2936 eram
1223 2921 1238 2944 ,
1266 2883 1360 2935 sed
1393 2894 1462 2934 ex
1499 2879 1878 2934 misericordia
1914 2889 1970 2934 et
2001 2881 2104 2933 cle-

523 2973 724 3026 mentia
753 2981 842 3024 tua
875 2970 988 3024 haec
1017 2969 1332 3024 adfuerunt.

597 3085 760 3141 Vnus.
796 3083 985 3139 17—19.
1022 3100 1044 3135 ι
1085 3080 1289 3139 Eruisti
1337 3084 1482 3139 enim
1521 3083 1757 3138 animam
1789 3098 1963 3138 meam
1988 3123 2003 3148 ,
2048 3091 2105 3136 ut

524 3193 630 3232 non
660 3177 898 3248 periret,
931 3184 986 3229 et
1035 3176 1309 3246 projeeisti
1357 3184 1507 3230 retro
1541 3189 1627 3229 me
1661 3175 1841 3228 omnia
1883 3182 2102 3244 peccata
2133 3190 2176 3245 ε

523 3283 665 3325 mea.
701 3266 1053 3336 Nequoenim
1084 3267 1174 3334 qui
1204 3267 1254 3321 in
1288 3265 1502 3320 inferno
1535 3275 1664 3320 sunt
1692 3265 1992 3321 laudabunt
2021 3275 2100 3331 te,

523 3373 700 3428 neque
726 3358 815 3428 qui
853 3357 1051 3412 mortui
1087 3365 1232 3419 sunt,
1266 3355 1586 3410 benedicent
1614 3357 1742 3422 tibi,
1773 3371 1948 3426 neque
1977 3370 2103 3425 spe-

524 3451 721 3504 rabunt
745 3489 762 3515 ,
791 3450 881 3518 qui
923 3449 977 3503 in
1009 3448 1224 3503 inferno
1255 3457 1382 3501 sunt
1409 3487 1423 3509 ,
1453 3448 1882 3502 misericordiam
1913 3457 2057 3502 tuam
2087 3468 2100 3504 :

521 3543 613 3613 qni
634 3544 821 3595 vivunt
847 3540 1169 3594 benedicent
1196 3538 1311 3603 tibi,
1333 3537 1476 3591 sicut
1499 3547 1554 3592 et
1574 3553 1693 3608 ego.
1722 3539 1806 3593 Ab
1836 3540 1937 3594 hoc
1957 3540 2102 3594 enim

522 3635 609 3686 die
641 3632 778 3686 ﬁlios
799 3632 979 3694 edam,
1011 3629 1104 3698 qui
1135 3627 1832 3697 annpntiabuntjustitiam
1867 3639 2034 3684 tuam.
2080 3650 2098 3682 ι

521 3723 815 3793 lmpiorum
845 3722 1110 3788 siquidem
1143 3718 1296 3773 locus
1321 3728 1404 3772 est
1434 3718 1681 3774 infernus
1715 3736 1729 3773 :
1774 3733 2108 3790 quapropter

520 3833 645 3870 cum
683 3815 861 3871 anima
910 3829 1026 3868 mea
1074 3813 1165 3867 illo
1199 3821 1386 3880 erepta
1417 3811 1523 3876 sit,
1558 3811 1669 3867 Deo
1700 3813 1857 3870 laetus
1902 3815 2109 3886 gratias

523 3909 719 3963 refero.
756 3907 924 3978 Regio
949 3915 1128 3959 autem
1168 3919 1356 3961 eorum
1384 3908 1474 3976 qui
1515 3909 1656 3978 apud
1702 3907 1870 3962 Deum
1897 3909 2105 3972 vivunt,

524 4013 620 4053 eos
659 3998 748 4066 qui
791 3999 967 4066 ipsum
1019 3995 1243 4048 laudant
1295 3999 1531 4065 excipiet
1573 4017 1585 4051 :
1637 3998 1725 4051 ubi
1768 4013 1853 4050 me
1891 3999 2106 4052 demum

528 4089 768 4143 futurum
808 4102 928 4142 esse
978 4087 1233 4152 conﬁdo,
1275 4090 1448 4158 gratia
1503 4099 1592 4142 tua
1648 4090 1698 4142 id
1740 4090 1868 4143 mihi
1910 4104 2108 4143 conce-

528 4184 712 4236 dente.

599 4268 893 4328 “£13.20.
949 4287 969 4319 ι
1015 4269 1157 4323 Deus
1202 4267 1394 4321 salutis
1441 4282 1606 4332 meae,
1652 4281 1825 4336 neque
1865 4266 2107 4320 desinam

2207 553 2502 625 περιτιθεὶς
2529 553 2673 624 ψυχῇ
2708 553 2795 607 διὰ
2824 553 2932 606 τῶν
2964 553 3130 606 αὐτοῦ
3160 555 3430 624 πράξεων.

2283 663 2302 696 ι
2345 647 2432 699 Ἐν
2466 649 2532 715 τῇ
2560 647 2743 718 ἡμέρᾳ
2789 645 2977 719 ἐκείνῃ
3029 646 3335 718 παρεδόθην
3375 648 3479 710 ἕως
3521 647 3666 720 πρωῒ
3716 649 3795 714 ὡς

2204 738 2399 803 λέοντι,
2449 739 2620 803 οὕτως
2664 740 2955 811 συνέτριψε
3002 741 3182 794 πάντα
3218 741 3287 793 τὰ
3313 741 3449 794 ὀστᾶ
3488 759 3615 808 μου.
3661 744 3796 797 Ἀπὸ

2205 829 2314 900 γὰρ
2344 829 2444 900 τῆς
2469 829 2682 902 ἡμέρας
2717 829 3025 894 ἓωςνυκτὸς
3041 829 3364 901 παρεδόθην.
3407 849 3424 882 ι
3447 831 3659 903 Ὥσπερ
3687 834 3795 901 τινὶ

2204 921 2608 995 ἀνθρωποϐόρῳ
2639 921 2835 982 λέοντι,
2865 924 2924 987 ὃς
2959 940 3020 976 τε
3042 923 3118 987 ὼς
3152 923 3248 994 μὲν
3276 923 3363 978 διὰ
3395 925 3494 995 τῆς
3529 926 3795 979 ἐπιτεθεί-

2207 1031 2308 1084 σης
2358 1030 2448 1084 μοι
2491 1014 2804 1084 ἀρρωστίας
2841 1014 2931 1068 διὰ
2971 1014 3154 1086 πάσης
3195 1016 3389 1079 νυκτὸς
3444 1017 3538 1070 καὶ
3581 1019 3796 1090 ἡμέρας

2207 1105 2493 1177 συνέτριψε
2521 1105 2783 1161 πάντατά
2807 1108 2942 1161 ὀστᾶ
2967 1125 3092 1179 μουο
3123 1109 3321 1179 μικοοῢ
3354 1109 3411 1163 δὲ
3437 1110 3546 1163 δεῖν
3567 1113 3662 1165 καὶ
3676 1111 3796 1166 ὅλον

2205 1199 2368 1253 αὐτὸν
2401 1200 2690 1252 καταπιεῖν
2719 1216 2787 1269 με
2820 1198 3067 1270 ἔμελλεν.

2281 1312 2300 1344 ι
2349 1291 2434 1354 Ὠς
2472 1291 2714 1364 χελιδὼν,
2746 1292 2890 1346 οὕτω
2930 1293 3186 1364 φωνήσω,
3222 1295 3316 1348 καὶ
3363 1294 3438 1358 ὡς
3473 1297 3794 1369 περιστερὰ,

2205 1384 2348 1438 οὕτω
2394 1385 2625 1456 μελετῶ.
2673 1384 2950 1449 Ἐξέλιπον
3005 1384 3113 1458 γάρ
3151 1403 3254 1455 μου
3294 1388 3343 1439 οἱ
3386 1387 3655 1459 ὀφθαλμοὶ
3699 1389 3796 1442 τοῦ

2207 1473 2430 1546 βλέπειν
2477 1476 2560 1538 είς
2597 1475 2658 1527 τὸ
2685 1473 2817 1543 ὕψος
2843 1473 2939 1527 τοῦ
2963 1473 3193 1544 ούρανοῦ
3221 1475 3358 1547 πρὸς
3388 1475 3479 1529 τὸν
3511 1475 3735 1548 Κύριον.
3771 1498 3792 1530 ι

2208 1569 2399 1638 Ὅμως
2441 1569 2485 1620 δ’
2509 1564 2604 1622 οὖν
2633 1565 2690 1622 έν
2715 1567 2926 1631 τούτοις
2953 1567 3265 1637 γενόμενος,
3308 1568 3408 1622 οὐκ
3438 1568 3796 1641 ὲξησθένησα,

2205 1659 2326 1713 οὐδὲ
2357 1657 2451 1712 τοῦ
2479 1657 2614 1712 Θεοῦ
2643 1676 2745 1730 μου
2777 1656 3126 1730 ἀνεχώρησα,
3153 1658 3437 1712 ἀναλαϐὼν
3469 1659 3527 1712 δὲ
3559 1661 3798 1730 ἐμαυτὸν

2206 1751 2389 1804 πίστει
2438 1751 2533 1806 καὶ
2581 1751 2760 1823 ἀγαθῇ
2812 1750 3010 1816 ἐλπίδι,
3062 1749 3326 1821 κλαυθμῷ
3382 1751 3478 1805 καὶ
3516 1756 3796 1825 προσευχῇ

2201 1845 2494 1918 παρέδωκα
2532 1845 2784 1916 ἐμαυτόν.
2811 1843 3120 1915 Εύχομένου
3147 1843 3205 1897 δέ
3237 1862 3359 1915 μου,
3386 1845 3569 1916 φησὶν,
3603 1846 3800 1917 ἐπιμό-

2201 1956 2326 2003 νως,
2357 1939 2455 1992 καί⁸
2484 1938 2809 2008 ἐγκειμένου
2859 1938 2961 2008 τῆς
2991 1936 3129 2007 πρὸς
3176 1937 3268 1990 τὸν
3304 1937 3438 1991 Θεὸν
3491 1938 3797 2010 ἱκετηρίας,

2201 2031 2261 2094 ὃς
2306 2050 2326 2084 ι
2366 2030 2607 2095 ἐξείλατό
2659 2046 2727 2100 με
2751 2069 2766 2092 ,
2819 2029 2917 2082 καὶ
2981 2029 3244 2098 άφείλατό
3297 2047 3398 2100 μου
3453 2029 3554 2101 τὴν
3603 2031 3798 2102 ὀδύνην

2201 2125 2298 2194 τῆς
2338 2122 2536 2194 ψυχῆς,
2578 2121 2677 2174 »Ὀ
2721 2121 2786 2192 δὴ
2820 2121 2894 2192 μὴ
2945 2121 3219 2192 μελλήσας
3279 2121 3513 2186 ὲξείλετό
3563 2139 3653 2193 με,
3703 2125 3799 2176 καὶ

2202 2215 2456 2284 ἀφείλετό
2511 2231 2614 2284 μου
2673 2214 2772 2285 τὴν
2806 2213 2997 2284 ὀδύνην
3027 2213 3128 2283 τῆς
3167 2213 3364 2284 ψυχῆςο
3393 2214 3675 2284 μονονουχὶ
3704 2214 3797 2267 τὸν

2201 2305 2367 2359 αὑτοῦ
2399 2305 2557 2373 λόγον
2582 2306 3018 2376 πιστωσάμενος,
3051 2305 3112 2358 ὃν
3137 2306 3472 2378 ἐπήγγελται
3493 2309 3606 2370 τοίς
3622 2307 3799 2375 ἁγίοις

2202 2397 2367 2450 αὐτοῦ
2416 2397 2605 2454 εἰπών’
2649 2417 2668 2450 ι
2693 2399 2813 2453 Ἔτι
2837 2397 3125 2462 λαλοῦντός
3159 2415 3274 2464 σου,
3307 2398 3438 2470 ἐρῶ·
3485 2399 3615 2452 Ἰδοὺ
3653 2399 3799 2471 πάρ-

2203 2506 2342 2561 ειμι.
2389 2509 2409 2540 ι

2279 2599 2299 2634 t
2334 2581 2530 2652 Κύριε,
2555 2582 2683 2654 περὶ
2706 2583 2911 2653 ταύτης
2925 2581 3034 2653 γὰρ
3049 2581 3325 2652 ἀνηγγέλη
3349 2599 3451 2644 σοι,
3479 2582 3575 2636 καὶ
3595 2579 3802 2654 ἐξήγει-

2211 2673 2312 2744 ράς
2337 2690 2438 2745 μου
2459 2674 2561 2746 τὴν
2594 2674 2784 2745 πνοὴν,
2837 2674 2931 2727 καὶ
2966 2673 3340 2745 παρακληθεὶς
3376 2673 3568 2745 ἔζησα.
3626 2693 3646 2726 ι
3683 2675 3795 2744 Ούλ

2207 2764 2291 2816 ὃτι
2315 2763 2522 2820 τούτων
2539 2763 2688 2829 άξιος
2717 2766 2750 2836 ἦ
2759 2783 2865 2836 μην
2893 2764 3023 2834 ὲγώο
3041 2765 3251 2818 πολλῶν
3269 2766 3377 2836 γὰρ
3397 2766 3592 2836 μεστὸς
3617 2767 3794 2838 ἀμαρ-

2205 2856 2337 2910 τιῶν
2365 2857 2529 2921 αὐτὸς
2566 2858 2832 2928 ὑπῆρχον·
2857 2857 2995 2911 ἀλλὰ
3040 2857 3119 2928 τῷ
3143 2857 3220 2927 σῷ
3249 2857 3383 2928 ἐλέῳ
3403 2858 3500 2912 καὶ
3521 2860 3589 2930 τῇ
3613 2861 3681 2932 σῇ
3709 2877 3798 2928 φι-

2205 2947 2527 3022 λανθρωπίᾳ
2557 2948 2730 3002 ταῦτα
2756 2950 3021 3021 παρέστη.

2282 3081 2301 3114 ι
2338 3063 2500 3116 Εῖλου
2523 3065 2632 3136 γάρ
2662 3081 2762 3134 μου
2793 3064 2894 3135 τὴν
2917 3063 3118 3135 ψυχὴν,
3148 3065 3236 3118 ἵνα
3275 3065 3350 3136 μὴ
3379 3065 3669 3138 ἀπόληται,
3702 3067 3802 3121 καὶ

2211 3155 2518 3228 ἀπέρριψας
2549 3155 2722 3208 ὀπίσω
2763 3173 2866 3225 μου
2914 3158 3096 3220 πάσας
3116 3157 3213 3220 τὰς
3245 3157 3536 3228 ἁμαρτίας.
3573 3159 3647 3211 Ού
3689 3159 3800 3230 γὰρ

2209 3249 2257 3301 oi
2281 3247 2340 3301 ὲν
2368 3247 2496 3319 ᾅδου
2525 3249 2798 3301 αἰνέσουσί
2829 3265 2912 3312 σε,
2951 3250 3072 3303 οὐδὲ
3100 3251 3150 3303 οί
3179 3250 3544 3314 ἀποθανόντες
3577 3251 3800 3321 εὐλογή-

2211 3340 2364 3392 σουσί
2409 3357 2491 3403 σε,
2533 3340 2654 3394 οὐδὲ
2683 3341 2928 3394 ὲλπιοῦσι
2971 3343 3020 3394 οἱ
3050 3343 3106 3394 ὲν
3133 3341 3260 3413 ᾅδου
3304 3342 3400 3413 τὴν
3430 3343 3801 3415 ἐλεημοσύνην

2211 3449 2327 3484 σου·
2361 3433 2411 3485 οί
2439 3432 2640 3497 ζῶντες
2673 3433 3028 3502 εύλογήσουσί
3065 3452 3124 3487 σε
3157 3434 3216 3487 ὃν
3241 3434 3440 3505 τρόπον
3462 3433 3635 3502 κάγώ.
3668 3435 3800 3488 Ἀπὸ

2209 3523 2318 3592 γὰρ
2337 3522 2438 3592 τῆς
2471 3525 2712 3595 σήμερον
2743 3525 2929 3578 παιδία
2981 3525 3212 3595 ποιήσω,
3237 3525 3273 3578 ἃ
3297 3523 3654 3591 ἀναγγελοῦσι
3696 3525 3798 3593 τὴν

2208 3617 2556 3685 δικαιοσύνην
2610 3635 2724 3671 σου.
2766 3637 2783 3667 ι
2818 3617 3030 3688 Χωρίον
3068 3618 3175 3688 γάρ
3203 3619 3348 3668 ἐστιν
3373 3615 3582 3668 ἀσεϐῶν
3614 3614 3792 3668 τοῦτο’

2207 3709 2289 3762 διδ
2319 3709 2418 3781 τὴν
2437 3709 2615 3780 ψυχὴν
2647 3709 3033 3781 ἐλευθερωθεὶς
3063 3708 3121 3773 ἐξ
3161 3711 3346 3771 αὑτοῦ,
3380 3707 3584 3778 χαίρων
3609 3708 3795 3761 ἀποδί-

2208 3802 2348 3872 δωμι
2372 3801 2451 3872 τῷ
2472 3801 2591 3872 Θεῷ
2613 3802 2714 3873 τὴν
2744 3802 3112 3872 εὐχαριστίαν.
3161 3803 3223 3854 Ἢ
3251 3801 3306 3854 δὲ
3337 3801 3491 3870 χώρα
3516 3801 3624 3854 τῶν
3646 3801 3800 3871 παρὰ

2209 3893 2329 3965 Θεῷ
2355 3893 2572 3976 ζὼντρον
2602 3895 2838 3958 καὶτοὺς
2871 3893 3155 3956 αἰνοῦντας
3178 3893 3514 3958 ὑποδέξεται·
3544 3893 3672 3946 ἔνθα
3705 3893 3800 3945 καὶ

2210 3985 2374 4049 αὐτὸς
2391 3984 2576 4038 λοιπὸν
2603 3985 2929 4057 γενήσεσθαι
2972 3986 3234 4048 πιστεύω,
3263 3984 3420 4036 τοῦτό
3454 4001 3542 4055 μοι
3570 3985 3667 4054 τῆς
3701 3982 3802 4052 σῆς

2208 4078 2608 4151 δωρησαμένης
2634 4077 2874 4150 χάριτος.

2287 4278 2305 4310 ι
2335 4258 2437 4311 Θεὲ
2466 4259 2564 4331 τῆς
2581 4259 2855 4330 σωτηρίας
2886 4278 3009 4330 μου,
3039 4262 3133 4314 καὶ⁵
3167 4261 3228 4312 ού
3262 4259 3541 4328 παύσομαι
3563 4257 3803 4326 εὐλογῶν

527 4365 750 4418 laudare
797 4375 851 4419 te
886 4378 1009 4417 cum
1051 4362 1313 4432 psalterio
1347 4362 1563 4416 cunctis
1594 4362 1785 4415 diebus
1813 4361 1937 4413 vita:
1979 4373 2106 4414 mea:

2214 4369 2272 4404 σε
2299 4352 2437 4422 μετὰ
2458 4352 2760 4423 ψαλτηρίου
2792 4352 2974 4415 πάσας
3007 4352 3104 4415 τὰς
3129 4352 3342 4422 ἡμέρας
3391 4351 3493 4420 τῆς
3522 4349 3666 4420 ζωῆς
3699 4367 3802 4419 μου

528 4457 591 4528 ἱιι⁷
639 4465 930 4526 conspectu
985 4459 1178 4510 dooms
1226 4453 1339 4508 Dei.
1390 4472 1408 4504 ι
1454 4453 1572 4506 Tibi
1628 4466 1842 4520 semper
1902 4461 2106 4514 astans,

2213 4447 2499 4500 κατέναντι
2547 4445 2640 4497 τοῦ
2685 4445 2836 4498 οἴκου
2869 4444 2963 4497 τοῦ
3009 4445 3165 4497 Θεοῦ.
3209 4463 3227 4494 ι
3292 4445 3382 4497 Σοὶ
3424 4442 3802 4515 προσεδρεύων

528 4556 586 4599 et
622 4561 653 4600 a
687 4548 998 4602 sanctuario
1030 4562 1305 4617 nunquam
1345 4545 1626 4610 recedens,
1657 4554 1708 4597 te
1739 4543 1959 4597 assidue
1990 4542 2106 4595 lau-

2212 4537 2523 4601 διαπαντός,
2571 4539 2664 4590 καὶ
2707 4536 3010 4609 ἀχώριστος
3058 4537 3348 4606 γενόμενος
3378 4535 3472 4590 τοῦ
3509 4535 3603 4588 σοῦ
3646 4533 3805 4602 ἁγιά-

527 4641 690 4695 dabo.
787 4691 800 4704 η

601 4729 764 4785 Vens.
793 4711 883 4785 ‘21.
926 4750 945 4783 ι
981 4731 1045 4786 Et
1067 4733 1202 4785 dixit
1249 4729 1414 4786 Isaias
1460 4729 1708 4785 Etet-him
1747 4747 1760 4781 :
1819 4727 1984 4783 Sume
2013 4727 2108 4781 tibi

530 4839 765 4878 massam
801 4823 1024 4889 ﬁcuum,
1046 4835 1101 4893 et
1127 4834 1260 4890 tere,
1282 4832 1336 4878 et
1358 4822 1710 4893 emplastrum
1744 4823 1961 4891 impone
1992 4819 2111 4873 vul-

530 4917 670 4983 neri,
689 4925 744 4971 et
768 4931 932 4972 sanus
961 4918 1101 4983 eris;
1133 4934 1152 4968 ι
1188 4917 1389 4971 docens
1415 4931 1522 4970 non
1555 4929 1779 4982 prorsus
1809 4911 2110 4980 respuenda

527 5024 650 5064 esse
683 5007 769 5062 illa
791 5049 806 5072 ,
839 5022 961 5078 quae
989 5007 1056 5061 ab
1091 5005 1405 5060 hominibus
1436 5006 1501 5058 ad
1549 5005 1813 5059 medelam
1861 5000 2105 5070 corporis

529 5101 942 5171 excogitantur:
979 5099 1218 5166 itemque
1245 5096 1354 5151 illis
1384 5095 1641 5149 utendum
1672 5109 1796 5149 esse
1822 5135 1837 5156 ,
1863 5092 2108 5161 quando-

528 5191 748 5261 quidem
785 5191 1046 5260 propheta
1091 5189 1142 5242 id
1172 5189 1437 5256 agendum
1468 5201 1590 5241 esse
1631 5185 1858 5239 monttit.
1889 5181 2104 5252 Reliqui

529 5301 660 5342 vero
689 5298 879 5339 omnes
899 5323 914 5348 ,
952 5283 1104 5334 ulcus
1136 5287 1436 5341 vocarunt,
1465 5277 1608 5344 quod
1635 5293 1662 5329 a
1697 5290 1873 5329 massa
1906 5273 2103 5326 ﬁcunm

527 5379 776 5426 curatum
809 5379 893 5421 est
925 5383 937 5419 :
971 5376 1024 5419 at
1057 5380 1162 5418 non
1198 5364 1350 5418 ulcus
1383 5371 1499 5417 erat
1526 5363 1756 5430 primum
1779 5403 1794 5428 ,
1833 5362 1925 5416 sed
1953 5360 2107 5415 inﬁr-

528 5465 690 5518 mitas
718 5472 775 5517 et
804 5458 1074 5531 aegritudo
1104 5458 1169 5512 ad
1204 5468 1456 5512 mortem.
1485 5455 1664 5523 Quare
1717 5471 1816 5527 pro
1851 5455 1938 5510 illa
1984 5455 2112 5525 qni-

605 5667 717 5734 (35)
747 5667 928 5736 \‘ulg.,
963 5685 982 5718 ι
1019 5665 1264 5726 Domine,
1290 5665 1333 5717 si
1367 5663 1447 5718 sic
1475 5663 1721 5736 vivitur,_
1740 5661 1881 5736 etin
1906 5660 2105 5715 talibus

535 5732 643 5788 vita
670 5732 891 5805 spitiut's
923 5737 1048 5798 mei,
1077 5736 1346 5805 corripies
1374 5744 1550 5805 meet
1584 5732 1881 5805 viviﬁcabis
1933 5747 2036 5783 me.
2081 5751 2098 5782 ι

536 5801 863 5861 Περεῐινυτε.
896 5807 960 5859 15
987 5807 1123 5874 apud
1160 5804 1299 5860 LXX
1331 5803 1430 5859 litt.
1464 5804 1562 5859 Ed.
1599 5801 1869 5871 Complut.
1901 5811 2104 5867 tamen,

2124 5553 2154 5578 ο

2213 4647 2439 4701 σματος,
2464 4630 2756 4692 διαπαντὸς
2776 4630 3054 4699 εὐλογήσω
3082 4647 3160 4682 σε.

2288 4744 2304 4772 ι
2332 4723 2441 4776 Καὶ
2464 4718 2616 4776 εἶπεν
2645 4722 2871 4785 Ἡσαΐας
2891 4721 3027 4793 πρὸς
3074 4721 3338 4785 Ἐζεκίαν·
3370 4721 3518 4774 Λάϐε
3553 4720 3804 4791 παλάθην

2213 4812 2278 4863 ὲκ
2335 4812 2536 4876 σύκων,
2573 4813 2667 4865 καὶ
2699 4811 2912 4882 τρίψον,
2945 4811 3041 4863 καὶ
3091 4810 3456 4873 κατάπλασαι,
3511 4811 3604 4863 καὶ
3644 4809 3805 4880 ὑγιὴς

2214 4902 2333 4975 ἔσῃ·
2375 4922 2393 4954 ›
2427 4903 2718 4967 διδάσκων,
2745 4905 2822 4967 ὡς
2863 4904 2924 4957 οὐ
2957 4903 3189 4973 πάμπαν
3211 4902 3492 4972 ἀπόϐλητα
3516 4901 3711 4970 γένοιτ’
3737 4905 3807 4956 ἄν

2213 5014 2344 5050 ποτε
2372 4998 2465 5051 καὶ
2492 4996 2561 5050 τά
2587 4997 2718 5069 παρ’
2733 4996 3043 5068 ἀνθρώποις
3069 4994 3204 5066 πρὸς
3239 4995 3535 5063 θεραπείαν
3571 4995 3665 5046 τοῦ
3700 4998 3808 5046 σὼ-

2218 5109 2387 5162 ματος
2419 5091 2798 5161 ὲπινοούμενα·
2832 5089 2912 5141 ἔτι
2955 5088 3010 5141 δὲ
3043 5088 3126 5140 ὅτι
3149 5087 3413 5158 χρηστέον
3448 5087 3542 5140 καὶ
3571 5087 3804 5151 τούτοις,

2214 5187 2290 5250 ὡς
2317 5184 2535 5238 καὶτοῦ
2575 5185 2856 5256 προφήτου
2906 5181 3066 5234 τοῦτο
3104 5181 3309 5252 πρᾶξαι
3357 5182 3807 5252 παραινέσαντος.

2214 5276 2326 5330 Καὶ
2349 5277 2398 5328 οἱ
2435 5275 2610 5328 λοιποὶ
2627 5276 2827 5337 πάντες
2859 5273 3041 5338 ἕλκος
3056 5273 3348 5342 ὠνόμασαν
3369 5272 3430 5325 τὸ
3457 5273 3544 5326 διὰ
3573 5274 3674 5342 τῆς
3700 5291 3803 5326 πα-

2213 5365 2381 5432 λάθης
2409 5363 2761 5438 θεραπευθέν·
2796 5363 2910 5416 ἀλλ’
2942 5362 3040 5432 οὐχ
3071 5362 3228 5425 ἕλκος
3247 5357 3316 5431 ἦν
3339 5361 3401 5414 τὸ
3433 5363 3669 5434 πρῶτον,
3703 5365 3809 5435 ἀρ-

2221 5457 2426 5530 ρωστία
2447 5457 2505 5510 δὲ
2528 5459 2621 5510 καὶ
2656 5454 2896 5527 μαλακία
2933 5455 3067 5526 πρὸς
3098 5453 3345 5508 θάνατον.
3369 5455 3460 5508 Διὸ
3484 5457 3569 5507 ἐπ’
3595 5455 3812 5525 ἐκείνης

2215 5660 2378 5714 Υιῖιιε.
2412 5659 2498 5712 15.
2531 5676 2548 5706 ι
2586 5657 2695 5709 Καὶ
2725 5655 2889 5719 αὐτὸς
2935 5654 3158 5725 ἐποίησε
3205 5653 3570 5724 καθοδήγησιν
3600 5654 3812 5717 πάντας

2214 5731 2492 5792 ἐνιαυτούς
2527 5747 2648 5799 μου.
2682 5747 2699 5779 ι
