4130 6394
361 360 474 416 36!

1298 355 1808 414 COMMENTABIA
1848 353 1915 410 1N
1957 349 2210 406 ISAIAM.
2250 379 2320 391 —
2356 348 2510 406 CAP.
2555 348 2797 404 XXXIX.

3551 345 3656 403 36%

367 457 476 528 μὲν
526 451 797 524 κλαυθμοὶ
841 453 936 507 καὶ
997 455 1324 523 προσευχαὶ,
1364 454 1459 507 καὶ
1506 451 1641 505 Θεοῦ
1694 447 1964 517 ὲπισκοπὴ

2073 447 2194 499 dem
2225 443 2563 513 :egritudine,
2586 443 2766 505 ﬂetus.
2793 457 2980 511 preces
3013 451 3067 496 et
3091 442 3190 497 Dei.
3210 443 3449 502 visitatio
3483 442 3537 496 in
3573 460 3655 496 re-

363 546 875 622 παρελαμϐάνοντο·
905 545 996 597 ἐπὶ
1020 545 1075 598 δὲ
1102 543 1196 597 τοῦ
1226 544 1450 617 μερικοῦ
1501 545 1692 607 ἕλκους
1723 560 1963 614 σωματι-

364 643 446 712 κή
476 657 558 701 τις
582 635 869 709 Θεραπεία,
894 636 960 705 ἢν
990 637 1018 689 6
1048 637 1334 708 προφήτης
1359 634 1750 706 ὑποϐέϐληκεν.

453 837 472 870 ε
508 817 620 871 Καὶ
664 811 817 869 εἶπεν
856 815 1123 880 Ἐζεκίας⁹
1157 816 1327 870 Τοῦτο
1382 819 1605 889 σημεῖον
1633 816 1771 888 πρὸς
1814 816 1965 880 Ἐζε-

366 909 522 973 κίαν,
553 910 632 962 ὅτι
661 907 1005 978 ἀναϐήσομαι
1033 909 1112 972 εἰς
1138 909 1231 962 τὸν
1256 902 1402 962 οἷκον
1432 908 1526 961 τοῦ
1554 907 1708 961 Θεοῦ.
1751 928 1768 960 ι

888 1045 1284 1098 ΚΕΦΛΛΑΙΟΝ
1322 1046 1445 1099 ΛΘ¹.

451 1201 469 1234 ι
523 1182 610 1236 Ἑν
633 1183 712 1253 τῷ
738 1183 913 1256 καιρῷ
945 1183 1137 1255 ἐκείνῳ
1169 1184 1452 1236 ἀπέστειλε
1490 1182 1766 1254 Μαρωδὰχ
1792 1183 1964 1236 Βαλα-

362 1274 489 1340 δὰν,
521 1275 549 1324 ὁ
572 1276 687 1339 υἱὸς
719 1276 814 1329 τοῦ
847 1276 1114 1340 Βαλαδάν,
1138 1280 1166 1330 6
1193 1277 1442 1347 βασιλεὺς
1468 1277 1566 1347 τῆς
1595 1276 1960 1343 Βαϐυλωνίας,

366 1370 662 1434 ἐπιστολὰς
710 1371 804 1424 καὶ
851 1370 1108 1442 πρέσϐεις
1149 1369 1243 1422 καὶ
1285 1367 1432 1440 δῶρα
1476 1367 1693 1439 Ἐζεκίᾳ
1721 1385 1732 1395 ·
1760 1367 1960 1438 ἤκουσε

363 1463 502 1534 γὰρ,
541 1464 621 1516 ὃτι
651 1462 991 1534 ὲμαλακίσθη
1023 1464 1128 1527 ἕως
1174 1462 1426 1524 Θανάτου,
1457 1461 1552 1514 καί
1599 1461 1819 1532 ἀνέστη.
1851 1460 1962 1513 Καὶ

327 1608 333 1614 ,
367 1557 543 1630 ἐχάρη
571 1559 660 1608 ἐπ’
689 1557 872 1618 αὐτοῖς
911 1555 1178 1620 Ἑζεκίας,
1213 1557 1309 1608 καὶ
1334 1554 1531 1618 ἔδειξεν
1553 1554 1739 1616 αὐτοῖς
1764 1553 1856 1606 τὸν
1885 1549 1962 1606 οἷ-

367 1669 467 1705 κον
501 1649 595 1704 τοῦ
624 1648 876 1720 Νεχωθᾶ,
908 1649 1000 1702 καὶ
1034 1647 1126 1702 τοῦ
1152 1647 1416 1719 ἀργυρίου
1459 1647 1553 1698 καὶ
1587 1645 1679 1698 τοῦ
1711 1643 1956 1716 χρυσίου,

369 1745 467 1798 καὶ
502 1743 602 1814 τῆς
638 1741 896 1812 στακτῆς,
929 1743 1022 1795 καὶ
1050 1742 1158 1793 τῶν
1195 1739 1573 1812 θυμιαμάτων,
1605 1739 1699 1792 καὶ
1724 1737 1818 1790 τοῦ
1854 1735 1957 1808 μύ-

375 1855 492 1910 ρου,
528 1837 622 1890 καὶ
652 1836 858 1897 πάντας
885 1835 1011 1898 τοὺς
1044 1833 1226 1896 οἴκους
1253 1833 1362 1886 τῶν
1393 1829 1600 1885 σκευῶν
1631 1831 1729 1901 τῆς
1761 1829 1956 1900 γάζης,

372 1931 469 1992 ταὶ
500 1930 674 1982 πάντα
701 1929 799 1981 ὅσα
832 1923 898 1997 ἦν
931 1929 988 1980 ἐν
1030 1931 1142 1991 τοῖς
1176 1927 1468 1998 θησαυροῖς
1509 1922 1692 1979 αὐτοῦ.
1731 1924 1840 1977 Καὶ
1860 1925 1961 1977 οὐκ

372 2018 442 2094 ἦν
484 2023 661 2084 οὐθὲν,
698 2020 726 2072 ὃ
753 2022 854 2074 οὐκ
882 2019 1082 2086 ἔδειξεν
1122 2019 1374 2082 Ἐζεκίας
1422 2021 1479 2072 ἐν
1506 2018 1584 2088 τῷ
1611 2017 1745 2088 οἴκῳ
1771 2017 1957 2080 αὑτοῦ,

373 2117 468 2173 καὶ
494 2117 550 2168 ἐν
575 2115 722 2188 πάσῃ
753 2117 820 2186 τῇ
846 2113 1065 2185 ἐξουσίᾳ
1094 2113 1279 2166 αὑτοῦ,
1306 2132 1324 2163 ι
1355 2110 1804 2176 Συνεξετάζουσιν
1831 2111 1959 2182 ἡμῖν

376 2208 471 2270 καὶ
540 2205 979 2278 διερευνωμένοις
1047 2205 1117 2258 τὰ
1178 2206 1316 2258 κατά
1373 2205 1500 2267 τοὺς
1551 2203 1826 2274 παρόντας
1871 2203 1961 2257 τό·

382 2314 511 2360 πους
542 2297 668 2366 (56),
699 2299 728 2350 6
757 2296 863 2350 τῶν
911 2296 1176 2350 Ἰουδαίων
1227 2296 1541 2360 διδάσκαλος
1586 2296 1772 2365 ἔλεγεν
1810 2313 1961 2349 νενο-

384 2390 606 2460 σηκέναι
638 2390 732 2460 μὲν
765 2390 855 2443 τὸν
897 2390 1161 2454 Ἐζεκίαν.
1197 2390 1319 2443 ἐπεὶ
1351 2389 1425 2460 μὴ
1473 2390 1681 2460 εἰρήκει
1718 2389 1860 2460 ᾠδὴν
1881 2391 1960 2452 είς

377 2482 472 2535 τὸν
521 2481 648 2535 Θεὸν
688 2483 1097 2554 εὐχαριστήριον
1146 2483 1238 2535 ἐπὶ
1275 2485 1341 2554 τῇ
1387 2481 1590 2536 πτώσει
1622 2481 1730 2534 τῶν
1771 2482 1962 2535 Ἀσσυ-

376 2575 531 2646 ρίων,
577 2575 651 2638 ὡς
693 2577 930 2645 Μωῡσῆς
977 2572 1103 2647 ᾖδεν
1140 2577 1232 2627 ἐπὶ
1271 2577 1335 2646 τῇ
1383 2573 1628 2645 ἀπωλείᾳ
1661 2573 1770 2626 τῶν
1797 2575 1962 2642 Αἰγυ-

372 2667 562 2732 πτίων,
602 2668 695 2720 καὶ
719 2668 794 2732 ὡς
839 2668 1083 2739 Δεϐόρρα
1112 2668 1208 2720 ἐπὶ
1241 2671 1306 2739 τῇ
1342 2667 1587 2738 ἀπωλείᾳ
1610 2665 1704 2720 τοῦ
1731 2667 1958 2737 Σισάρα,

367 2761 463 2814 καὶ
507 2761 583 2824 ὡς
619 2762 787 2814 Ἀννα
839 2761 932 2814 ἐπὶ
971 2763 1035 2831 τῇ
1085 2761 1336 2832 γεννήσει
1367 2759 1462 2812 τοῦ
1499 2759 1785 2830 Σαμουὴλ·
1823 2759 1962 2832 ὅπερ

369 2853 450 2925 μὴ
493 2855 794 2925 ποιήσαντα
826 2854 916 2908 τὸν
965 2853 1242 2918 Ἐζεκίαν,
1296 2854 1362 2923 τῇ
1416 2852 1557 2922 νόσῳ
1601 2852 1959 2922 περιπεσεῖν

365 2945 459 3002 τὸν
488 2946 544 2998 δὲ
576 2945 917 2999 Βαϐυλώνιον
951 2946 1248 3014 ἐγνωκέναι
1271 2944 1369 3017 τὴν
1400 2944 1508 2998 ἀπὸ
1541 2944 1640 3015 τῆς
1664 2944 1820 2997 νόσου
1856 2942 1962 3014 ρὦ

369 3055 456 3090 σιν
483 3039 668 3102 αὐτοῦ,
705 3040 800 3092 καὶ
832 3036 1225 3091 ἀπεσταλκέναι
1260 3035 1396 3108 πρὸς
1419 3035 1581 3089 αὐτὸν
1609 3034 1828 3105 ἄνδρας,
1860 3034 1962 3088 οὐκ

2069 539 2302 592 medium
2327 537 2753 603 assumebatnr;
2791 552 2888 603 pro
2920 537 3102 594 ulcere
3131 549 3310 594 autem
3343 538 3655 608 speciatim,

2068 646 2330 700 corporea
2360 629 2606 699 quzcdam
2638 629 2868 695 medela,
2895 644 3057 699 quam
3089 629 3353 700 propheta
3385 628 3658 685 submini-

2065 721 2278 774 stravit.

2138 810 2301 866 Vens.
2333 811 2425 864 22.
2468 830 2486 861 ι
2523 811 2586 864 Et
2637 811 2768 863 dixit
2802 811 3105 866 Ezechias:
3151 810 3262 864 lloc
3323 811 3537 882 signum
3587 809 3655 862 ad

2065 903 2376 972 Ezechiam,
2418 904 2561 972 quod
2587 919 2914 957 ascensurus
2952 905 3054 957 sim
3094 905 3146 958 in
3185 904 3402 960 domum
3434 905 3551 959 Dei.
3595 922 3616 953 ι

2591 1042 2817 1097 CAPUT
2847 1041 3090 1096 XXXIX.

2139 1220 2300 1276 Vens.
2335 1221 2384 1274 Ι.
2426 1238 2445 1271 ι
2478 1218 2536 1272 1η
2577 1228 2822 1287 tempore
2860 1218 2953 1274 illo
3002 1220 3152 1274 misit
3198 1218 3490 1274 Marodacb
3541 1220 3649 1274 Ba-

2064 1312 2221 1365 ladan
2249 1353 2264 1376 ,
2303 1312 2444 1366 ﬁlius
2475 1311 2714 1365 Baladan
2763 1323 2858 1364 rex
2911 1309 3219 1380 Babylonia:
3243 1349 3258 1370 .
3307 1310 3566 1377 epistolas
3591 1317 3648 1368 et

2065 1404 2270 1472 legatos
2316 1414 2370 1458 et
2424 1419 2647 1457 munera
2709 1402 2778 1454 ad
2829 1401 3156 1456 Ezechiam:
3199 1401 3446 1456 audierat
3490 1403 3640 1455 enim

2063 1497 2206 1565 quod
2257 1505 2575 1566 mgrotasset
2624 1508 2799 1562 usque
2830 1495 2896 1547 ad
2934 1503 3186 1560 mortem.
3236 1503 3290 1547 et
3333 1493 3476 1562 quod
3504 1509 3645 1550 cou-

2061 1587 2343 1642 valuisset.
2397 1587 2462 1641 Et
2527 1587 2745 1658 gavisus
2796 1594 2880 1637 est
2929 1601 3092 1654 super
3137 1586 3222 1640 his
3263 1585 3560 1640 Ezechias:
3589 1596 3646 1640 et

2060 1677 2298 1732 ostendit
2322 1678 2403 1732 eis
2426 1677 2647 1732 doumm
2683 1675 2959 1730 Nechotha
2983 1717 3000 1738 ,
3035 1687 3088 1730 et
3120 1677 3365 1745 argenti,
3412 1687 3469 1732 et
3499 1677 3642 1742 auri,

2061 1780 2118 1823 et
2159 1778 2369 1831 stactae,
2402 1777 2457 1823 et
2491 1769 2922 1838 thymiamatmu,
2961 1779 3016 1823 et
3046 1770 3324 1838 unguenti,
3366 1778 3421 1823 et
3454 1785 3645 1824 omnes

2065 1861 2252 1915 domos
2280 1875 2531 1914 vasorum
2577 1877 2760 1930 gaza,
2792 1873 2848 1917 et
2880 1861 3063 1916 omnia
3097 1876 3438 1931 quzecunque
3485 1872 3647 1915 erant

2063 1952 2116 2006 iu
2153 1952 2427 2006 thesauris
2469 1954 2603 2006 suis.
2633 1953 2814 2021 Neque
2843 1952 3145 2022 quidquam
3185 1952 3324 2016 fuit,
3358 1953 3500 2022 quod
3536 1969 3644 2009 non

2061 2044 2372 2096 ostenderet
2398 2043 2449 2098 ei
2482 2043 2743 2098 Ezechias
2771 2044 2822 2097 in
2851 2046 3012 2098 domo
3041 2060 3157 2110 sua,
3190 2055 3243 2098 et
3283 2044 3334 2098 in
3367 2043 3514 2100 omni
3544 2059 3645 2112 po-

2065 2144 2257 2190 testate
2276 2151 2391 2189 sua.
2409 2155 2427 2186 »
2460 2135 2910 2190 Percontantibns
2929 2138 3107 2203 nobis,
3126 2152 3192 2192 ac
3216 2137 3646 2205 disquirentibus

2064 2244 2151 2295 ea,
2183 2244 2303 2298 qua:
2331 2229 2398 2283 ad
2428 2229 2544 2282 huic
2572 2229 2686 2283 loca
2719 2230 3029 2297 pertinent,
3055 2231 3186 2283 dixit
3220 2228 3526 2284 Iuda-orum
3552 2231 3643 2284 do-

2062 2331 2200 2384 ctor,
2239 2321 2359 2374 ideo
2390 2328 2686 2388 mgrolasse
2719 2320 3030 2383 Ezechiam,
3060 2325 3202 2390 quod
3227 2323 3503 2378 canticum
3535 2322 3647 2378 Deo

2065 2427 2168 2466 non
2199 2411 2490 2466 cecinisset
2536 2412 2586 2464 in
2623 2414 2922 2480 gratiarum
2955 2416 3228 2470 actionem
3250 2455 3265 2478 ,
3294 2414 3364 2467 ob
3391 2415 3642 2485 Assyrio-

2063 2518 2182 2556 rum
2229 2503 2428 2556 czedem
2455 2542 2472 2567 ,
2507 2503 2963 2571 quremadmodum
3005 2506 3214 2577 Moyses
3248 2505 3446 2560 cecinit
3482 2520 3648 2574 super

2063 2597 2228 2650 exitio
2260 2594 2667 2666 Egyptiorum,
2701 2607 2754 2650 et
2789 2597 2996 2653 Debora
3033 2603 3098 2654 de
3129 2599 3374 2668 pernicie
3416 2597 3643 2661 Sisanr,

2062 2697 2116 2742 et
2143 2688 2299 2741 Anna
2337 2690 2403 2740 de
2436 2697 2556 2741 ortu
2585 2687 2892 2753 Samuelis;
2935 2691 3224 2745 Ezechiam
3253 2707 3408 2757 vero,
3437 2707 3559 2744 cum
3588 2690 3642 2745 id

2063 2795 2170 2832 non
2221 2780 2596 2848 praestitisset,
2634 2781 2688 2833 in
2745 2781 2988 2836 morbum
3043 2782 3347 2837 incidisse:
3402 2793 3642 2850 tuncque

2063 2868 2446 2942 Babylonium,
2472 2880 2694 2938 accepto
2715 2870 2981 2925 restituta:
3004 2872 3328 2927 valetudinis
3353 2872 3470 2939 ejus
3504 2887 3642 2926 nun-

2065 2961 2175 3023 tio,
2221 2962 2288 3015 ad
2335 2977 2458 3015 eum
2493 2961 2699 3032 legatos
2733 2961 2976 3024 misisse.
3014 2979 3118 3017 non
3161 2964 3274 3018 sine
3313 2979 3474 3018 causa
3503 2979 3518 3026 ;
3546 2963 3642 3017 sed

2063 3054 2208 3123 quod
2240 3054 2356 3108 dies
2380 3053 2466 3107 illa
2505 3069 2609 3122 qua
2652 3053 2782 3107 solis
2818 3054 3175 3124 retrogressio
3203 3054 3446 3123 contigit,
3483 3055 3646 3110 horas

367 3131 559 3203 ἀργῶς
585 3147 598 3160 ο
634 3131 745 3184 ἀλλ’
779 3130 964 3200 ἐπειδὴ
993 3131 1191 3198 συνέϐη
1219 3129 1318 3200 τὴν
1350 3129 1568 3200 ἡμέραν·
1590 3128 1804 3198 ἐκείνην
1838 3126 1960 3180 καθ’

2066 3144 2430 3214 duplicasset;
2466 3161 2640 3214 neque
2671 3146 2724 3199 id
2757 3146 2981 3200 latuisse
3014 3145 3347 3216 Btbyloniis,
3382 3146 3433 3198 in
3465 3156 3645 3201 astro-

369 3227 436 3296 ἢν
459 3227 518 3280 τὸ
544 3229 770 3297 σημεῖον
792 3225 888 3295 τῆς
916 3224 1008 3278 τοῦ
1037 3225 1189 3294 ἡλίου
1218 3223 1528 3296 ἀναδρομῆς
1555 3222 1714 3295 ὡρῶν
1742 3222 1962 3293 γεγενῆο

378 3320 495 3381 σθαι
536 3320 832 3374 διπλασίων
851 3336 864 3350 ·
897 3319 973 3389 μὴ
1001 3319 1110 3389 γὰρ
1149 3317 1329 3372 λαθεῖν
1357 3317 1515 3371 τοῦτο
1555 3317 1681 3380 τοὺς
1703 3316 1961 3369 Βαϐυλω-

380 3415 518 3478 νίους
536 3455 550 3474 .
580 3413 787 3476 δεινοὺς
830 3411 988 3474 ὄντας
1035 3410 1162 3482 περὶ
1191 3410 1287 3481 τὴν
1322 3409 1429 3462 τῶν
1459 3408 1676 3480 ἄστρων
1705 3407 1958 3478 θεωρίαν.

374 3507 482 3560 Καὶ
513 3505 698 3576 ἐπειδὴ
729 3504 821 3558 τὸν
860 3503 1008 3574 ἥλιον
1037 3501 1410 3565 θεοποιοῦντες
1432 3540 1448 3564 ,
1485 3501 1720 3554 συνεῖδον
1750 3499 1825 3562 ὡς
1857 3499 1964 3553 ὑπὸ

369 3601 681 3669 κρείττονος
724 3597 1056 3670 περιηνέχθη
1099 3597 1178 3660 είς
1217 3596 1463 3650 τούπίσω
1491 3593 1770 3666 δυνάμεως
1795 3609 1808 3623 ο
1842 3592 1962 3645 τούο

369 3708 466 3745 του
493 3693 652 3763 χάριν
681 3688 816 3764 ἧκον
843 3690 1078 3760 ζητῆσαι
1119 3689 1211 3742 τὸν
1248 3687 1439 3742 τούτου
1481 3686 1728 3747 θέλοντες
1769 3684 1960 3736 αἴτιον.

370 3780 487 3841 Εἶτ’
547 3784 734 3856 ἐπειδὴ
793 3783 1422 3853 πολυπραγμονήσαντες
1488 3779 1660 3848 ἔγνων
1708 3777 1799 3829 τὸν
1854 3775 1965 3829 τῶν

383 3877 652 3949 Ἐϐραίων
685 3876 817 3929 Θεὸν
849 3875 1020 3945 μέγαν
1047 3870 1207 3936 εἶναι,
1235 3873 1326 3924 τὸν
1358 3871 1454 3924 καὶ
1479 3870 1574 3922 τοῦ
1607 3867 1809 3929 παντὸς
1866 3867 1963 3919 κό-

372 3985 514 4039 σμου
543 3967 874 4038 δημιουργόν
897 3981 910 3996 °
945 3965 1038 4018 τοῦ
1064 3983 1124 4018 τε
1172 3963 1434 4034 βασιλέως
1460 3961 1704 4025 Ἐζεκίου
1738 3959 1835 4030 τὴν
1863 3961 1964 4032 ἀρ-

371 4060 634 4133 ρωστίαν,
657 4060 721 4112 δι’
755 4060 820 4129 ῆν
844 4057 1019 4111 καὶτὸ
1047 4057 1229 4127 θαῦμα
1257 4057 1501 4124 γέγονεν,
1531 4053 1760 4116 εἰκότως
1793 4069 1964 4105 κατα-

345 4152 679 4220 ρπλαγέντες
732 4151 794 4204 τὸ
839 4147 1262 4220 πεπραγμένον,
1294 4145 1474 4216 φιλίαν
1511 4144 1772 4213 ἐθέλησαν
1813 4141 1966 4194 σπεί-

373 4245 574 4300 σασθαι
599 4244 735 4316 πρὸς
763 4229 852 4296 τὸν
890 4241 1167 4304 Ἐζεκίαν,
1204 4238 1281 4303 ὡς
1328 4238 1466 4309 πρὸς
1509 4235 1678 4308 ἄνδρα
1721 4231 1962 4309 θεοφιλῆ.

375 4339 560 4392 Ταῦτα
591 4339 690 4410 μὲν
727 4341 755 4390 ὁ
792 4335 1060 4407 Ἐϐραῖος.
1101 4331 1242 4402 Ἐγὼ
1275 4332 1332 4384 δὲ
1364 4329 1626 4390 συνεῖδον,
1657 4327 1732 4390 ὼς
1756 4325 1846 4396 ὑφ’
1871 4325 1967 4378 ’ἐνα

374 4434 470 4486 καὶ
498 4432 588 4485 τὸν
610 4431 772 4484 αὐτὸν
813 4427 1055 4482 ἐνιαυτὸν
1083 4425 1257 4479 ταῦτα
1283 4424 1460 4478 πάντα
1487 4418 1683 4491 συνέϐη
1701 4435 1714 4448 ο
1740 4418 1887 4486 λέγω
1909 4416 1966 4469 δὲ

375 4527 410 4596 ἡ
439 4525 621 4595 ἔφοδος
653 4523 745 4608 τοῦ
782 4519 1066 4592 Ἀσσυρίου
1098 4520 1131 4589 ἡ
1163 4516 1304 4572 κατὰ
1333 4517 1434 4586 τῆς
1474 4486 1734 4576 ἰουδαίας
1754 4549 1768 4573 ,
1804 4507 1898 4562 κα)⁵
1931 4508 1964 4608 η
2001 4486 2042 4542 D

375 4617 442 4672 δι’
471 4599 703 4686 ἀγγέλου
723 4614 863 4668 Θεοῦ
890 4611 1030 4666 κατὰ
1060 4610 1154 4664 τοῦ
1185 4609 1469 4680 Ἀσσυρίου
1496 4603 1698 4674 πληγὴ,
1725 4602 1760 4672 ἦ
1786 4617 1847 4652 τε
1871 4599 1964 4652 τοῦ

376 4710 738 4781 Σενναχερεὶμ
778 4705 956 4776 φυγὴ,
984 4705 1078 4757 καὶ
1103 4705 1137 4774 ἡ
1162 4702 1270 4756 τῶν
1297 4699 1463 4755 αὖτοῦ
1497 4697 1726 4754 παιδίων
1757 4692 1965 4747 ἐπανά-

378 4819 586 4864 στασις,
612 4802 646 4871 ἦ
676 4817 735 4852 τε
764 4798 858 4851 τοῦ
883 4795 1292 4866 διαδεδεγμένου
1329 4794 1492 4851 αὐτὸν
1526 4791 1643 4844 υἱοῦ
1686 4803 1964 4857 σεσιωπη-

380 4897 514 4967 μένη
547 4893 806 4948 ἀπώλεια.
841 4892 960 4944 ’Ὁτι
989 4889 1046 4942 δὲ
1090 4888 1213 4942 καθ’
1236 4889 1331 4941 ἕνα
1352 4888 1447 4940 καὶ
1477 4887 1570 4939 τὸν
1595 4883 1758 4940 αὐτὸν
1789 4883 1969 4934 ἐνιαυο

375 4989 468 5042 τὸν
491 4988 664 5041 ταῦτα
696 4984 893 5055 συνέϐη
924 4980 1266 5054 πραχθῆναι,
1306 4979 1501 5050 μάθοις
1541 4976 1607 5031 ἂν
1643 4974 1967 5044 ἐπιστήσας,

375 5079 507 5152 ὡςή
564 5081 661 5151 μὲν
691 5077 875 5146 ἔφοδος
928 5075 1023 5128 τοῦ
1059 5072 1344 5144 Ἀσσυρίου
1384 5071 1538 5133 ἔτους
1577 5080 1970 5136 τεσσαρεσκαι-

376 5173 603 5225 δεκάτου
642 5171 744 5240 τῆς
787 5168 1029 5231 Ἐζεκίου
1075 5165 1350 5236 βασιλείας
1383 5162 1608 5232 γέγονε’
1643 5158 1869 5228 τελευτᾷ
1911 5155 1968 5210 δὲ

382 5265 706 5334 βασιλεύσας
751 5264 818 5314 τὰ
857 5261 1036 5315 πάντα
1080 5257 1236 5311 ἐννέα
1267 5256 1363 5310 καὶ
1407 5256 1582 5307 εἴκοσι
1610 5253 1739 5323 ἔτη,
1781 5243 1856 5303 ὧν
1898 5248 1968 5302 τὰ

381 5357 542 5408 πέντε
568 5357 660 5408 καὶ
681 5353 812 5407 δέκα
861 5352 954 5422 ἐτη
994 5351 1133 5421 μετά
1155 5351 1254 5421 τὴν
1284 5348 1437 5402 νόσον
1461 5344 1610 5416 αὐτῷ
1638 5341 1964 5414 προσετέθη.

380 5451 591 5505 Οὐκοῦν
621 5451 680 5502 ὲν
705 5447 783 5518 τῷ
808 5443 1386 5517 τεσσαρεσκαιδεκάτῳ
1411 5439 1521 5493 ἔτει
1550 5438 1852 5507 νενοσήκει,
1876 5433 1971 5486 καὶ

396 5647 403 5658 “
458 5627 571 5696 (3m
599 5627 722 5681 Hrcr
749 5639 884 5693 pene
908 5625 994 5696 7nd
1032 5623 1256 5696 verbum
1289 5621 1687 5696 interpretatur
1708 5611 1963 5696 Hierony-

383 5681 526 5760 mus,
559 5720 576 5748 ‹
615 5681 862 5752 ’[ιίιιῘιιιιι
904 5695 1114 5750 llebraci
1165 5694 1286 5748 ideo
1326 5681 1617 5760 a-grotasse
1649 5681 1959 5760 Ezechiam,

427 5754 644 5822 uoniam
700 5777 821 5835 post
876 5765 1175 5818 inauditam
1231 5754 1514 5835 victoriam
1556 5754 1964 5835 dtulieornmnet

427 5787 644 5822 uoutatu
700 5787 821 5835 pou
876 5787 1175 5818 Iltutuutam
1234 5787 1514 5814 Vtcun'mm
1556 5787 1866 5810 ciu-tun"...
1909 5787 1964 5802 ι.

385 5787 596 5908 Ἄδδγιίἰ
649 5843 792 5905 regis
838 5835 1148 5894 interitum,
1195 5846 1298 5885 non
1345 5829 1603 5884 cecinerit
1655 5825 1838 5877 laudes
1866 5821 1969 5874 Do-

622 5929 896 5989 PnnoL.
962 5922 1082 5982 Gn.
1142 5920 1373 5981 XXIV.

2065 3239 2260 3292 nomim
2287 3238 2571 3307 disciplina
2622 3239 2984 3308 peritissimis.
3040 3239 3140 3305 Qui
3191 3239 3488 3307 quoniam,
3522 3255 3646 3294 cum

2064 3327 2234 3381 solem
2283 3343 2380 3398 pro
2412 3328 2519 3382 Deo
2568 3327 2848 3393 haberent,
2882 3329 3389 3383 animadvertebant
3439 3345 3560 3383 eum
3613 3346 3644 3382 a

2065 3419 2370 3489 potentiore
2427 3422 2659 3489 quadam
2719 3420 2923 3476 virtute
2990 3421 3333 3476 retrocedere
3395 3431 3644 3475 coactum

2067 3513 2272 3575 fuisse;
2311 3513 2430 3567 ideo
2467 3513 2694 3581 hujusce
2737 3516 2812 3568 rei
2861 3529 3080 3567 c:msam
3111 3512 3449 3567 sciscitatum
3479 3526 3648 3567 vene-

2067 3615 2212 3657 runt.
2243 3602 2380 3658 llinc
2408 3607 2534 3673 quia
2571 3620 2630 3658 re
2666 3604 2935 3659 curiosius
2968 3604 3265 3673 perquisita
3297 3601 3646 3656 edidicerunt

2068 3709 2318 3763 magnum
2347 3709 2468 3748 esse
2490 3694 2656 3747 Deum
2689 3695 3058 3758 Hebraeorum,
3081 3695 3432 3764 universique
3459 3692 3645 3746 mimdi

2067 3783 2442 3846 conditorem,
2471 3791 2525 3835 et
2579 3783 2719 3852 regis
2773 3782 3023 3836 Ezechiae
3068 3785 3313 3844 morbum
3360 3792 3647 3849 noverunt,

2066 3873 2222 3942 cujus
2250 3887 2416 3926 causa
2444 3883 2652 3926 tantum
2680 3873 2999 3930 miraculum
3023 3875 3224 3926 editum
3255 3873 3426 3927 fuerat
3454 3891 3468 3939 ;
3497 3881 3649 3930 tanto

2067 3962 2339 4032 prodigio,
2373 3972 2430 4015 ut
2455 3972 2879 4017 conscntauemu
2907 3972 3050 4026 erat,
3082 3963 3352 4032 perculsi,
3388 3962 3567 4018 fmdus
3594 3970 3651 4018 et

2067 4055 2360 4109 amicitiam
2392 4070 2513 4108 cum
2549 4053 2804 4120 Ezechia,
2835 4063 3022 4124 utpote
3051 4055 3300 4124 religioso
3334 4055 3474 4117 viro,
3509 4054 3653 4109 inire

2065 4146 2374 4201 voluerunt.
2409 4145 2534 4212 llaec
2573 4143 2832 4199 llebraius
2865 4145 2972 4198 ille.
3015 4146 3126 4216 Ego
3154 4161 3283 4199 vero
3310 4155 3649 4214 compertum

2070 4238 2242 4292 habeo
2277 4239 2393 4292 hmc
2435 4238 2615 4292 omnia
2655 4253 2772 4291 uno
2801 4237 3104 4304 eodemque
3130 4249 3274 4290 anno
3308 4233 3648 4303 contigisse;

2071 4329 2320 4384 videlicet
2347 4329 2556 4400 Assyrii
2593 4328 2950 4397 irruptionetn
3000 4336 3187 4379 contra
3225 4322 3488 4388 Judznam,
3543 4324 3652 4378 im-

2071 4422 2297 4476 missam
2342 4421 2412 4475 ab
2465 4421 2660 4490 angelo
2711 4421 2806 4476 Dei
2856 4428 3045 4474 contra
3081 4417 3362 4488 Assyrium
3414 4417 3648 4486 plagam,

2075 4514 2486 4569 Seunaclierimi
2516 4505 3116 4583 fugam,'perpetratuui
3153 4525 3182 4562 a
3215 4507 3338 4563 ﬁliis
3377 4509 3497 4575 eius
3527 4525 3654 4578 par-

2077 4607 2352 4669 ricidium,
2381 4620 2445 4659 ac
2478 4604 2696 4657 demum
2729 4602 2822 4664 ﬁlii
2850 4613 2901 4655 et
2933 4601 3272 4657 successoris
3312 4599 3430 4669 ejus
3465 4599 3656 4655 interi.-

2077 4709 2214 4760 tum,
2241 4696 2331 4766 qui
2362 4697 2448 4750 hic
2475 4702 2709 4752 tacetur.
2737 4693 2892 4760 Quod
2921 4703 3100 4746 autem
3154 4694 3268 4746 lucc
3298 4707 3406 4746 Ino
3433 4693 3658 4748 eodem--

2073 4804 2179 4859 que
2223 4804 2366 4842 auito
2395 4787 2743 4857 contigerint,
2769 4787 2930 4840 facile
2962 4785 3358 4855 deprehendas,
3391 4784 3437 4839 si
3482 4786 3660 4839 anim-

2071 4880 2376 4934 adveneris
2449 4878 2664 4949 Assyrii
2728 4875 3086 4943 irruptioueut
3183 4889 3325 4930 anno
3409 4873 3656 4928 decium—

2075 4980 2269 5041 quarto
2300 4970 2449 5039 regni
2483 4968 2731 5031 Ezechiae
2756 4967 3026 5022 accidisse
3053 4984 3068 5035 ι
3104 4965 3392 5019 Ezechiam
3419 4978 3550 5016 vero
3582 4973 3660 5014 to-

2077 5074 2161 5116 tos
2192 5061 2380 5131 viginti
2431 5076 2624 5115 novem
2661 5058 2814 5128 regni
2864 5073 3037 5112 annos
3085 5069 3366 5112 emensum
3412 5054 3658 5112 obiisse;

2075 5170 2142 5216 ex
2164 5154 2362 5223 quibus
2391 5152 2701 5222 quindecim
2729 5151 2857 5205 anni
2897 5151 2996 5219 ipsi
3028 5159 3152 5220 post
3181 5148 3428 5206 morbum
3459 5143 3657 5208 atljectt

2077 5249 2310 5302 fuerant.
2345 5245 2480 5298 Hinc
2504 5259 2668 5313 porro
2689 5244 3068 5313 consequitur,
3102 5251 3212 5294 tum
3242 5236 3517 5298 morbum,
3545 5243 3656 5290 tum

2077 5348 2430 5404 cmtera,qu;e
2457 5337 2699 5389 morbum
2722 5348 3072 5402 prtecessere,
3098 5344 3240 5382 anno
3269 5328 3456 5380 eodem
3491 5337 3660 5392 quar-

2044 5429 2345 5484 .todecituo
2391 5427 2710 5496 contigisse.
2744 5425 2948 5482 Ilurqu
3001 5423 3165 5493 igitur
3215 5417 3458 5472 omnium
3495 5416 3660 5475 fama,

2072 5609 2255 5670 mino,
2295 5621 2434 5676 quas
2471 5604 2672 5676 cecinit
2721 5602 2935 5676 Moyses
2992 5598 3271 5676 Pharaone
3330 5594 3662 5676 submerso;

2073 5666 2354 5739 Debbora'.
2388 5666 2688 5732 interfecto
2725 5666 2906 5726 Sisara
2959 5685 2974 5733 ;
3015 5677 3068 5719 ct
3101 5669 3258 5718 Anna
3282 5705 3296 5730 ,
3335 5668 3518 5734 genito
3556 5666 3663 5717 Sa-

2075 5752 2275 5813 muclc,
2317 5765 2335 5798 ›
2368 5755 2474 5801 etc.

3354 5888 3427 5946 l2
