4130 6398
365 355 433 409 51‘.
442 356 478 409 5

1365 357 1870 413 COBEMENTARM
1914 359 1978 414 ΙΝ
2024 360 2280 415 ιςιιιλιι.
2325 393 2391 403 -—
2429 361 2582 417 CAP.
2624 360 2745 417 XL.
3515 369 3631 427 4366

361 479 744 551 Παράκλητδς,
775 480 835 533 τὸ
866 481 1087 552 Πνεῦμα
1111 479 1171 536 τδ
1202 483 1375 552 ἅγιον,
1410 485 1438 536 δ
1461 485 1667 555 πέμψει
1693 486 1721 538 ὁ
1761 485 1937 554 Πατήε

2059 492 2198 546 ctus,
2229 498 2386 550 quem
2423 484 2599 536 mittet
2626 481 2789 536 Pater
2821 496 2993 548 meus,
3022 481 3116 536 ille
3148 497 3242 536 vos
3276 484 3484 538 docebit
3514 503 3631 539 οιιιο

363 590 490 644 μου,
512 573 718 636 ἐκεῖνος
735 573 880 644 ὑμᾶς
901 573 1098 641 διδάξει
1118 575 1312 637 πάντα,
1341 595 1359 626 t
1380 577 1472 629 καὶ
1492 576 1559 629 τὰ
1573 576 1718 647 ἑξῆς.
1740 576 1950 639 Πάντες

355 665 653 736 τοιγαροῦν
695 667 744 720 οἱ
789 667 850 720 τὸ
903 669 1248 740 παράκλητον
1291 669 1514 738 Πνεῦμα
1563 669 1950 740 ὑποδεξάμενοι

359 759 797 828 προστάττονται
825 762 1158 831 παρακαλεῖν
1181 763 1268 815 τὸν
1288 761 1414 815 λαὸν
1433 761 1526 815 τοῦ
1545 761 1699 814 Θεοῦ·
1739 762 1854 816 ἀλλ’
1888 764 1948 815 ού

358 847 450 900 τὸν
480 848 856 919 Ἰσραήλοῦῶ
881 850 972 902 τὸν
1006 850 1217 913 Ἰακὼϐ,
1235 851 1354 904 οὐδὲ
1383 852 1470 904 τὸν
1501 851 1718 904 Ἰούδαν.
1739 852 1951 923 Ὠσπερ

357 939 412 992 δὲ
447 937 827 995 ἀποδὲοεικται
848 981 862 1003 ,
897 943 925 994 ὁ
957 942 1084 1005 λαὸς
1128 942 1222 995 τοῦ
1255 941 1389 995 Θεοῦ
1410 983 1424 1006 ,
1468 942 1640 1006 οὕτως
1672 945 1702 1013 ἡ
1754 943 1949 1014 καρδία

369 1032 729 1104 Ἰερουσαλὴμ
753 1033 1096 1103 νοηθήσεται,
1120 1035 1180 1087 τὸ
1206 1038 1448 1106 κρεῖττον
1467 1035 1654 1104 τάγμα
1680 1034 1769 1088 τοῦ
1793 1035 1945 1090 λαοῦ.

367 1122 458 1184 Ὠς
483 1121 597 1192 γὰρ
636 1123 694 1174 ἐν
719 1121 930 1193 σώματι
966 1125 999 1195 ἡ
1032 1124 1226 1194 καρδία
1246 1125 1306 1177 τὸ
1340 1124 1677 1196 κυριώτατόν
1704 1127 1819 1178 ἐστι
1852 1125 1946 1178 τοῦ

357 1215 584 1276 παντὸς,
620 1213 762 1267 οὕτω
803 1217 897 1269 καὶ
942 1216 997 1268 ἐν
1040 1216 1118 1288 τῷ
1142 1218 1238 1288 τῆς
1281 1218 1606 1289 Ἐκκλησίας
1655 1219 1865 1290 σώματι
1886 1221 1947 1273 τὸ

356 1304 695 1377 κυριώτατον
716 1308 900 1378 τάγμα
924 1307 1150 1372 εἰκότως
1171 1309 1236 1363 ἂν
1264 1310 1476 1382 λεχθείη
1502 1310 1563 1364 τὸ
1588 1313 1694 1365 τῶν
1721 1312 1947 1381 λογικω-

355 1397 554 1468 τέρων,
592 1398 854 1468 φρονήσει
892 1416 949 1451 τε
987 1401 1077 1453 καὶ
1110 1400 1317 1472 διανοίᾳ
1351 1403 1445 1455 καὶ
1484 1401 1727 1474 λογισμῷ
1757 1403 1945 1473 διαιρε-

359 1491 580 1560 ρόντων.
631 1489 758 1542 Ἐὰν
811 1491 988 1543 τοίνυν
1029 1491 1286 1561 λέγηται,
1342 1512 1360 1543 ι
1399 1494 1682 1564 Λαλήσατε
1719 1497 1800 1558 είς
1845 1496 1943 1566 τὴν

358 1580 587 1651 καρδίαν
620 1581 997 1654 Ἰερουσαλὴμ,
1030 1604 1048 1635 ι
1083 1583 1224 1638 οὕτω
1259 1585 1474 1638 δεκτέον
1496 1587 1585 1640 τὸν
1609 1587 1786 1654 λόγον,
1811 1588 1941 1641 ὡσεὶ

360 1674 693 1746 σαφέστερον
735 1673 888 1742 ἔλεγε
912 1690 924 1704 ⁸
961 1695 980 1726 ι
1023 1676 1302 1747 Λαλήσατε
1343 1681 1455 1742 τοῖς
1487 1681 1544 1731 ἐν
1593 1679 1673 1751 τῷ
1700 1680 1814 1752 λαῷ
1847 1682 1939 1736 τοῦ

358 1763 492 1816 Θεοῦ
540 1765 768 1835 νοήμοσι
808 1765 901 1817 καὶ
938 1763 1336 1836 λογικωτέροις.
1383 1789 1402 1820 ι
1460 1771 1684 1835 Τούτοις
1716 1772 1814 1842 μὲν
1845 1769 1938 1827 οὖν

2058 574 2145 626 nia
2185 574 2260 638 “,
2300 593 2318 624 ι
2357 585 2408 627 ct
2442 585 2658 628 caetera.
2691 574 2964 642 Quotquot
3009 575 3172 643 igitur
3203 575 3468 644 Spiritum
3505 593 3632 630 san-

2057 679 2201 718 Ctttttt
2231 675 2587 734 acceperunt,
2619 665 2872 734 populum
2902 667 2993 720 Dei
3020 666 3288 720 consolari
3328 667 3628 734 jubentur;

2053 757 2147 807 sed
2176 770 2278 806 non
2311 751 2585 818 lsraeleut,
2615 769 2719 807 non
2748 751 3030 818 Jacobum,
3059 770 3163 808 non
3188 754 3409 810 Judam.
3441 755 3508 811 Ut
3532 773 3631 808 au-

2055 862 2160 900 tem
2208 847 2461 916 popultttn
2503 846 2595 900 Dei
2637 846 3046 916 intelligendum
3081 864 3200 902 esse
3231 860 3630 904 commonstra-

2051 947 2163 990 tum
2194 947 2296 1000 est,
2327 938 2399 990 ita
2432 946 2486 990 et
2533 951 2630 990 cor
2669 935 2971 993 Jerusalem
3015 939 3348 1007 intelligatur
3389 950 3626 1009 oportet,

2051 1046 2150 1098 pro
2195 1029 2376 1099 p0puli
2424 1028 2634 1083 scilicet
2671 1030 2864 1084 ordine
2905 1039 2961 1085 et
3021 1042 3175 1099 parte
3226 1036 3625 1100 prmtantiore.

2051 1123 2512 1186 Quemadmodum
2570 1119 2714 1174 enim
2761 1121 2812 1173 in
2852 1136 3078 1191 corpore
3121 1139 3214 1178 cor
3244 1125 3630 1192 praestantissi-

2050 1229 2195 1265 mum
2218 1214 2459 1267 omnium
2488 1223 2572 1268 est
2597 1230 2613 1278 ;
2646 1215 2718 1267 ita
2747 1224 2802 1270 et
2833 1214 2886 1268 itt
2918 1213 3178 1269 Ecclesia:
3199 1232 3453 1285 corpore,
3483 1231 3624 1285 prae-

2047 1306 2381 1359 stantissima
2433 1308 2610 1375 portio
2657 1305 2781 1373 jure
2825 1306 3041 1361 dicatur
3091 1323 3212 1362 esse
3258 1323 3480 1374 eorum,
3526 1311 3621 1380 qui

2049 1395 2281 1458 ratione,
2326 1397 2611 1464 prudentia
2633 1436 2649 1462 ,
2703 1407 2883 1452 mente
2917 1409 2972 1452 et
3022 1401 3294 1470 cogitandi
3327 1402 3376 1454 vi
3412 1402 3623 1456 ueteris

2045 1487 2392 1541 antecellunt.
2423 1489 2556 1544 Cum
2597 1504 2728 1558 ergo
2767 1489 2997 1553 dicitur,
3039 1507 3057 1540 ι
3093 1490 3398 1560 Loquimini
3431 1493 3498 1546 ad
3529 1508 3625 1548 cor

2043 1578 2374 1643 Jerusalem,
2424 1598 2442 1631 ι
2477 1581 2558 1636 sic
2585 1581 2786 1637 dictum
2831 1583 3093 1649 accipias,
3131 1599 3192 1636 ac
3233 1582 3276 1636 si
3307 1583 3508 1638 clarius
3552 1585 3628 1638 ita

2045 1668 2376 1736 loqueretur,
2413 1685 2432 1720 ι
2475 1669 2776 1739 Loquimini
2813 1669 3138 1738 iisepopulo
3160 1671 3280 1731 Dei.
3308 1673 3399 1742 qui
3429 1673 3629 1728 intelli-

2045 1761 2228 1828 gentia
2274 1769 2328 1815 et.
2367 1763 2574 1818 ratione
2625 1763 3034 1831 prastatttiores
3058 1773 3205 1816 sunt.
3242 1783 3260 1815 ι
3297 1762 3406 1818 Hos
3445 1749 3628 1834 itaque

360 1855 535 1910 λαλεῖν
575 1856 1002 1927 προστάττονται
1039 1857 1088 1908 οἱ
1134 1858 1325 1928 ἱερεῖς·
1353 1859 1446 1913 τὸν
1487 1861 1542 1914 δὲ
1588 1861 1774 1916 λοιπὸν
1814 1863 1937 1916 λαὸν

2044 1852 2247 1924 alloqui
2269 1853 2531 1923 jubentur
2559 1857 2910 1919 sacerdotes;
2957 1855 3231 1910 residuum
3292 1871 3422 1911 Vero
3455 1875 3630 1928 popu-

361 1947 720 2018 παρακαλεῖν,
751 1946 827 2009 ὡς
851 1945 1102 2016 δεόμενον
1140 1949 1536 2022 παρακλήσεως
1560 1953 1654 2006 καὶ
1684 1971 1943 2026 παραμυ·

364 2037 499 2102 Θίας.

439 2150 458 2182 ι
508 2131 630 2183 Ὅτι
687 2129 934 2201 ἐπλήσθη
978 2133 1010 2200 ἡ
1065 2131 1393 2196 ταπείνωσις
1448 2133 1658 2204 αὐτῆς·
1725 2135 1940 2189 λέλυται

368 2222 528 2293 αὐτῆς
606 2223 640 2293 ή
698 2223 940 2294 ἁμαρτία
971 2265 986 2288 ,
1051 2224 1134 2276 ὅτι
1197 2225 1417 2291 ἐδέξατο
1466 2226 1530 2278 ἐκ
1587 2228 1770 2298 χειρὸς
1829 2230 1942 2281 Κυ-

379 2314 486 2384 ρίου
528 2315 685 2368 διπλᾶ
726 2315 795 2369 τὰ
845 2316 1219 2387 ἁμαρτήματα
1267 2317 1456 2387 αὐτῆς.
1504 2337 1521 2367 ι
1577 2319 1848 2389 Προσήκει
1881 2318 1940 2370 δὲ

374 2403 551 2457 λοιπὸν
590 2405 978 2476 παρακλήσεως
1020 2408 1113 2459 καὶ
1149 2409 1500 2480 παραμυθίας
1530 2409 1700 2480 αὐτὴν
1737 2410 1941 2480 τυγχά-

370 2510 480 2546 νειν
499 2495 584 2549 διὰ
613 2496 707 2567 τὴν
732 2497 1114 2568 ἐπιλάμψασαν
1142 2498 1219 2568 τῷ
1253 2499 1352 2570 βίῳ
1383 2499 1476 2552 τοῦ
1503 2501 1691 2554 καινοῦ
1723 2501 1938 2554 πάντων

365 2587 662 2659 ἀνθρώπων
715 2589 970 2660 Σωτῆρος
1000 2591 1348 2658 ἐπιφάνειαν.
1378 2591 1583 2662 Διπλῆν
1621 2593 1679 2645 δέ
1719 2593 1939 2646 κόλασιν

361 2681 531 2743 εἴποις
556 2679 621 2733 ἂν
664 2681 1051 2753 ἐπεληλυθέναι
1076 2685 1142 2752 τῇ
1179 2683 1377 2754 καρδίᾳ
1414 2684 1788 2756 Ἰερουσαλήμ“
1817 2685 1938 2738 ἐπεὶ

358 2774 446 2828 καὶ
482 2775 623 2828 κατὰ
660 2775 761 2847 τὴν
801 2776 1043 2846 ἱστορίαν
1071 2777 1449 2848 συναπήλαυον
1479 2779 1592 2841 τοῖς
1625 2780 1816 2841 κακοῖς
1840 2777 1936 2832 τοῦ

354 2865 592 2936 πλήθους
625 2869 673 2919 οἱ
709 2864 1046 2937 δηλούμενοι,
1081 2869 1172 2921 ὑπ’
1207 2868 1526 2937 ἀλλοφύλοις
1549 2869 1726 2923 ἔθνεσι
1751 2887 1938 2924 ταπει-

350 2956 624 3028 νούμενοι,
665 2957 760 3011 καὶ
798 2957 941 3012 κατὰ
978 2959 1216 3014 διάνοιαν
1256 2960 1512 3025 ἐκόλαζον
1553 2961 1800 3024 ἑαυτοὺς,
1846 2962 1936 3016 διὰ

347 3047 442 3118 τήν
461 3047 565 3101 τοῦ
606 3047 846 3120 πλήθους
874 3049 1141 3121 ἀναϐολὴν
1168 3050 1490 3114 πενθοῦντες
1517 3054 1612 3106 καὶ
1643 3053 1936 3106 ἀποκλαιὸ-

351 3159 501 3211 μενοι
543 3142 643 3215 τὴν
695 3143 901 3196 πτῶσιν
955 3145 1050 3196 καὶ
1075 3144 1175 3214 τὴν
1226 3143 1506 3198 ἀπώλειαν
1537 3144 1646 3198 τῶν
1691 3145 1930 3200 πολλῶν·
1960 3180 2001 3236 C

346 3232 475 3286 ἀλλὰ
515 3231 767 3301 δεύτερον
803 3232 1228 3304 πολιορκηθεῖσα
1261 3236 1294 3304 ὴ
1331 3233 1709 3307 Ἰερουσαλήμ,
1744 3235 1822 3300 ὡς
1853 3239 1934 3300 εἰς

350 3321 544 3392 ῐδαιρος
575 3321 966 3391 κατενεχθῆναι
999 3321 1090 3374 τὸν
1119 3323 1176 3374 ἐν
1203 3322 1340 3392 αὐτῇ
1367 3321 1522 3384 νεὼν,
1553 3322 1749 3392 διπλῆν
1772 3339 1938 3392 τιμω-

352 3412 460 3484 ρίαν
533 3412 642 3466 τῶν
684 3415 744 3467 ἐν
787 3414 924 3485 αὐτῇ
965 3413 1384 3485 τετολμημένων
1431 3413 1794 3486 ἀσεϐημάτων
1836 3415 1938 3468 ὐπ-

343 3503 552 3574 ἔμεινε.

413 3617 432 3648 ι
466 3596 630 3668 Φωνὴ
671 3595 904 3666 βοῶντος
962 3599 1020 3651 ἐν
1060 3599 1127 3669 τῇ
1165 3597 1393 3669 ἐρήμῳ·
1435 3596 1793 3670 Ἑτοιμάσατε
1835 3597 1934 3670 τὴν

341 3691 456 3744 ὁδὸν
504 3692 734 3763 Κυρίου,
779 3691 995 3756 εὐθείας
1031 3695 1234 3745 ποιεῖτε
1271 3691 1372 3755 τὰς
1397 3692 1618 3762 τρίϐους
1665 3692 1759 3746 τοῦ
1795 3691 1930 3744 Θεοῦ

340 3784 528 3855 ἡμῶν.
556 3804 574 3835 ι
597 3785 790 3852 Σαφῶς
820 3785 1120 3857 παρίστησι
1158 3785 1232 3857 μὴ
1276 3785 1334 3837 ἐν
1369 3788 1436 3856 τῇ
1454 3784 1810 3856 Ἰερουσαλὴμ
1839 3801 1933 3853 γε-

339 3877 605 3949 γενῆσθαι
628 3879 695 3930 τα
719 3878 1104 3948 θεσπιζόμενα,
1134 3877 1249 3930 ἀλλ’
1272 3877 1364 3930 ἐπὶ
1384 3877 1483 3946 τῆς
1524 3877 1732 3947 ἐρήμου
1753 3893 1766 3906 ·
1791 3876 1934 3946 λέγω

337 3970 404 4044 δὴ
446 3971 510 4024 τὸ
551 3969 881 4041 ὀφθήσεσθαι
926 3970 1020 4039 τὴν
1067 3968 1224 4032 δόξαν
1258 3967 1486 4040 Κυρίου,
1530 3968 1623 4021 καὶ
1672 3967 1734 4020 τὸ
1784 3968 1931 4038 πάσῃ

340 4065 512 4134 σαρκὶ
535 4062 944 4133 γνωσθήσεσθαι
963 4061 1024 4115 τὸ
1047 4061 1313 4133 σωτήριον
1333 4058 1430 4114 τοῦ
1451 4059 1608 4115 Θεοῦ.
1632 4060 1742 4114 Καὶ
1761 4060 1932 4114 ταῦτα

344 4152 448 4225 μὲν
484 4153 789 4223 ἐπληροῦτο
821 4152 957 4223 πρὸς
1003 4151 1244 4222 ἱστορίαν
1277 4151 1371 4205 καὶ
1396 4151 1540 4216 λέξιν
1573 4152 1665 4204 ἐπὶ
1697 4150 1793 4204 τοῦ
1822 4151 1932 4204 Βαι-

339 4242 573 4297 πτιστοῦ
618 4244 861 4297 Ἰωάννου
901 4241 1269 4314 κηρύσσοντος
1295 4243 1393 4315 τὴν
1428 4246 1696 4316 σωτήριον
1731 4248 1931 4317 ἐπιφά-

337 4353 493 4392 νειαν
519 4337 653 4390 Θεοῦ
687 4339 745 4389 ἐν
776 4340 841 4408 τῇ
871 4337 1061 4409 ἐρήμῳ
1095 4336 1188 4389 τοῦ
1231 4326 1518 4407 Ἰορδάνου,
1567 4341 1625 4391 ἐν
1745 4342 1838 4394 καὶ
1871 4341 1930 4395 τὸ

341 4430 612 4500 σωτήριον
647 4427 801 4499 ὤφθη
836 4429 927 4481 τοῦ
958 4428 1114 4482 Θεοῦ.
1153 4428 1328 4493 Αὐτὸς
1373 4431 1481 4502 γὰρ
1519 4434 1547 4484 ὁ
1596 4433 1925 4506 Χριστὸς,,ή

338 4537 400 4574 τε
433 4521 558 4587 δόξα
587 4521 747 4575 αὐτοῦ
781 4524 892 4585 τοῖς
921 4523 1084 4574 πᾶσιν
1111 4520 1380 4593 ἐγνώσθη,
1414 4524 1504 4576 ὅτε
1538 4523 1926 4594 βαπτισθέντος
1961 4554 2006 4613 υ

341 4613 530 4675 αὐτοῦ,
582 4611 909 4683 ἠνοίχθησαν
952 4616 1000 4666 οἱ
1053 4615 1292 4686 οὐρανοὶ,
1343 4615 1438 4668 καὶ
1483 4616 1544 4668 τὸ
1586 4617 1811 4689 Πνεῦμα
1864 4619 1926 4673 το

343 4705 499 4774 ἅγιον
525 4708 582 4758 ἐν
607 4705 735 4758 εἴδει
764 4707 1092 4776 περιστερᾶς
1117 4707 1360 4760 καταϐὰν
1392 4707 1604 4777 ἔμεινεν
1626 4711 1714 4762 ἐπ’
1736 4712 1920 4773 αὑτοῦ,

341 4798 494 4867 φωνή
520 4813 578 4849 τε
607 4797 806 4868 ἠνέχθη
839 4797 1080 4868 πατρική
1107 4797 1185 4867 τῷ
1217 4799 1330 4868 Υἱῷ
1363 4800 1734 4871 μαρτυροῦσα·
1771 4822 1790 4854 ι
1828 4797 1925 4857 Οὗ-

339 4888 431 4952 τός
473 4890 618 4942 ἐστιν
649 4891 677 4942 ὁ
709 4889 836 4952 Υἱός
873 4907 973 4959 μου
1005 4891 1033 4942 ὁ
1072 4891 1374 4961 ἀγαπητὸς,
1409 4892 1574 4946 αὐτοῦ
1605 4894 1852 4949 ἀκούετε.
1900 4915 1917 4946 ι

352 4980 440 5044 Ὠς
487 4981 594 5052 γὰρ
636 4981 920 5052 μέλλοντος
949 4982 1232 5052 ἐπιδημεῖν
1258 4986 1323 5054 τῇ
1367 4987 1559 5056 ἐρήμῳ
1614 4989 1708 5040 καὶ
1749 4991 1814 5059 τῇ
1862 4989 1920 5056 ἐξ

342 5075 536 5138 αἰῶνος
569 5075 754 5145 ἀϐάτῳ
799 5075 892 5128 τοῦ
931 5075 1088 5137 Θεοῦ,
1137 5073 1310 5129 ταῦτα
1342 5075 1580 5145 ἐλέγετο.
1620 5075 1728 5132 Ἦν
1768 5081 1824 5134 δὲ
1853 5081 1924 5135 τὰ

340 5165 467 5236 ἔθνη
504 5168 681 5221 πάντα
713 5168 893 5238 ἔρημα
925 5167 1059 5220 Θεοῦ
1109 5166 1381 5236 γνώσεως,
1425 5171 1520 5224 καὶ
1563 5171 1742 5225 ἄϐατα
1786 5174 1920 5227 πᾶσι

338 5261 452 5321 τοῖς
493 5257 588 5311 τοῦ
638 5257 772 5310 Θεοῦ
819 5259 1045 5322 δικαίοις
1089 5276 1147 5311 τε
1191 5259 1285 5311 καὶ
1325 5262 1630 5332 προφήταις
1677 5263 1921 5333 ἀνδράσι.

341 5347 540 5416 Διόπερ
570 5349 603 5419 ἡ
638 5348 789 5420 φωνὴ
830 5349 1264 5420 παρακελεύεται
1306 5349 1422 5403 ὁδὸν
1463 5352 1806 5424 εὐτρεπίζειν
1843 5353 1924 5424 τῷ

342 5440 431 5492 τοῦ
465 5439 601 5494 Θεοῦ
630 5440 805 5512 Λόγῳ,
829 5442 923 5494 καὶ
951 5441 1048 5512 τὴν
1080 5441 1281 5496 ἄϐατον
1306 5443 1401 5496 καὶ
1432 5448 1690 5516 τραχεῖαν
1715 5445 1925 5518 ὁμαλὴν

346 5535 536 5598 ποιεῖν,
567 5533 632 5586 ἶν’
668 5533 829 5604 ἐπιϐῇ
863 5534 1208 5608 ἐπιδημήσας
1236 5536 1266 5587 ὁ
1298 5535 1431 5599 Θεὸς
1460 5536 1640 5608 ήμῶν.
1681 5555 1701 5590 ι
1749 5538 1921 5594 Ἑτοι-

349 5625 554 5693 μᾶσαι-ε
587 5622 686 5696 τήν
717 5623 834 5678 ὁδὸν
868 5625 1092 5694 Κυρίου·
1135 5645 1154 5678 ι
1195 5625 1439 5680 τουτέστι
1475 5627 1536 5680 τὸ
1566 5627 1920 5698 εὐαγγελικδν

415 5826 458 5858 ⁸³
482 5824 635 5882 Joan.
681 5842 790 5887 xlv.
827 5826 912 5882 ιιι.
1000 5829 1040 5858 ⁶¹
1077 5827 1265 5884 Matth.
1291 5845 1368 5892 ιιι,
1408 5828 1490 5886 i7.

2045 1942 2154 1998 lum
2186 1947 2454 2001 consolari
2489 1949 2894 2017 praecipiuntur,
2922 1957 3108 2016 utpote
3135 1948 3227 2018 qtti
3253 1949 3629 2006 consolatione

2041 2049 2177 2102 opus
2217 2035 2436 2090 habeat.

2121 2148 2138 2181 ι
2171 2129 2309 2194 Quia
2340 2130 2540 2198 repleta
2576 2139 2659 2184 est
2713 2131 3017 2187 lmmiliatio
3067 2131 3183 2199 ejus
3219 2148 3232 2184 :
3266 2131 3500 2186 solutum
3542 2141 3627 2187 est

2044 2231 2326 2291 peccatum
2351 2221 2516 2284 illius,
2548 2223 2805 2288 quoniam
2828 2224 3068 2294 suscepit
3111 2225 3176 2276 de
3212 2239 3372 2276 manu
3412 2221 3624 2277 Domini

2042 2313 2274 2383 duplicia
2303 2324 2524 2381 peccata
2551 2331 2666 2368 sua.
2704 2333 2722 2366 ι
2772 2314 2877 2368 Par
2911 2325 2994 2369 est
3033 2325 3092 2370 ut
3125 2315 3341 2369 demum
3373 2315 3626 2370 consola-

2045 2405 2243 2460 tionem
2273 2405 2536 2468 obtineat,
2567 2406 2636 2459 ob
2671 2405 3075 2460 illucescentetn
3123 2405 3218 2460 ιοιί
3262 2406 3496 2460 humano
3530 2421 3625 2476 ge-

2043 2495 2156 2550 neri
2189 2495 2308 2548 novi
2337 2494 2634 2549 Salvatoris
2667 2495 2979 2548 adventum.
3020 2494 3220 2563 Duplex
3253 2509 3384 2548 vero
3415 2493 3626 2563 suppli-

2039 2587 2184 2640 cimn
2212 2586 2362 2640 cordi
2385 2584 2688 2639 Jerusalem
2723 2582 2983 2639 inuictum
3009 2585 3162 2639 dicas
3197 2606 3210 2640 :
3249 2594 3359 2638 tum
3389 2586 3514 2654 quia
3539 2599 3625 2640 se-

2039 2678 2276 2732 cundum
2305 2677 2588 2731 Itismriam
2617 2677 2898 2730 tnemorati
2928 2677 3175 2730 Itamincs
3203 2677 3270 2730 ab
3305 2675 3623 2745 alienigenis

2037 2771 2296 2840 gentibus
2316 2769 2584 2840 oppressi,
2619 2769 2671 2823 in
2709 2779 2917 2838 partem
2954 2768 3284 2823 calamitatis
3314 2770 3492 2838 populi
3533 2784 3624 2822 ve-

2041 2864 2299 2928 niebant;
2351 2871 2464 2917 tum
2497 2866 2620 2932 quia
2659 2864 2957 2918 secundum
3010 2872 3243 2916 mentem
3277 2865 3343 2918 de
3375 2863 3623 2918 mollito-

2039 2956 2181 3010 diuis
2213 2957 2517 3027 ahjectione
2562 2956 2754 3012 ﬂentes
2802 2971 2867 3012 ac
2900 2955 3190 3010 multorum
3247 2955 3538 3024 perniciem
3567 2965 3623 3010 et

2037 3050 2261 3104 exitium
2303 3050 2567 3120 lugentes,
2608 3065 2732 3107 sese
2754 3049 3145 3106 macerabant:
3181 3048 3309 3116 quin
3343 3047 3505 3102 etiam
3537 3063 3623 3102 se-

2036 3143 2214 3198 cundo
2245 3143 2470 3199 obsessa
2499 3141 2862 3214 Jerosolyma,
2895 3143 2967 3198 ita
2996 3150 3054 3195 ut
3079 3143 3338 3211 templum
3365 3145 3482 3211 ejus
3507 3141 3622 3208 solo

2041 3244 2368 3304 aequaretur,
2410 3235 2604 3305 duplex
2649 3236 2912 3290 scelerum
2966 3237 3033 3289 ab
3077 3251 3138 3290 se
3185 3244 3621 3305 perpetratorum

2039 3329 2359 3399 supplicium
2394 3329 2514 3383 luit.

2113 3593 2273 3650 Vens.
2310 3593 2363 3647 5.
2392 3592 2506 3662 Vo;
2547 3593 2834 3650 clamantis
2876 3594 2930 3648 in
2966 3593 3210 3657 deserto,
3245 3591 3444 3648 Parate
3476 3592 3620 3650 viam

2043 3687 2275 3751 homini,
2314 3697 2488 3742 rectas
2530 3687 2693 3742 facite
2737 3689 2961 3744 semitas
3000 3688 3093 3743 Dei
3142 3689 3330 3744 nostri.
3367 3707 3388 3742 ι
3421 3691 3620 3756 Aperte

2037 3778 2278 3833 declarat.
2321 3794 2406 3846 ea,
2439 3796 2558 3849 qua:
2605 3781 2658 3834 in
2701 3780 2959 3835 vaticinia
2997 3780 3266 3846 feruntur,
3300 3795 3406 3835 non
3459 3777 3620 3834 lere-

2033 3871 2280 3942 solymze,
2333 3872 2426 3925 sed
2455 3872 2506 3925 in
2535 3873 2754 3927 deserto
2782 3873 3020 3942 gerenda
3053 3888 3176 3927 esse
3200 3891 3215 3939 ;
3253 3889 3447 3942 nempe
3475 3871 3618 3943 quod

2038 3965 2278 4019 [murum
2307 3965 2402 4030 sit,
2431 3975 2488 4019 ut
2517 3965 2690 4034 gloria
2729 3965 2938 4020 Domini
2983 3976 3263 4035 appareat,
3289 3977 3346 4020 et
3378 3965 3620 4034 salutare

2039 4057 2130 4112 Dei
2165 4060 2215 4112 in
2239 4058 2418 4114 omnis
2445 4057 2629 4112 carnis
2654 4058 2900 4114 notitiam
2934 4061 3119 4114 veniat
3161 4059 3224 4114 Et
3254 4059 3371 4120 haec
3399 4061 3617 4129 quidem

2035 4153 2332 4207 secundum
2380 4151 2664 4205 historiam
2704 4159 2760 4206 et
2807 4153 2873 4204 ad
2919 4155 3165 4216 verbum,
3222 4164 3349 4208 tunc
3397 4153 3616 4226 impleta

2033 4254 2179 4308 Sunt,
2206 4259 2327 4297 cum
2364 4243 2606 4298 Joannes
2645 4242 2884 4312 Baptista
2934 4245 3228 4301 salutarem
3274 4246 3367 4302 Dei
3415 4249 3619 4302 adven-

2038 4345 2147 4388 tum
2181 4335 2490 4403 pra'dicavit
2547 4335 2600 4390 in
2647 4337 2866 4392 deserto
2894 4335 3169 4401 Iordanis,
3233 4340 3318 4392 ubi
3379 4340 3618 4396 salutare

2035 4428 2128 4482 Dei
2172 4430 2346 4483 visum
2399 4429 2516 4483 fuit.
2567 4428 2700 4482 Nam
2742 4440 2869 4483 tunc
2925 4429 3171 4484 Christus
3197 4429 3418 4499 ejusque
3447 4431 3613 4502 gloria

2033 4523 2289 4576 omnibus
2337 4522 2590 4584 innotuit,
2621 4537 2767 4587 cum,
2797 4523 2914 4592 ipso
2942 4523 3240 4590 haptizato,
3267 4523 3437 4592 aperti
3487 4533 3618 4578 sunt

2033 4618 2180 4683 r-(eli,
2210 4626 2265 4670 et
2290 4616 2526 4686 Spiritus
2549 4625 2772 4669 sanctus
2802 4617 2852 4668 in
2885 4615 3153 4670 columba“
3176 4615 3357 4684 specie
3387 4616 3618 4670 descen-

2034 4710 2190 4771 dens,
2225 4722 2389 4774 super
2439 4721 2506 4760 eo
2537 4706 2756 4772 insedit,
2796 4717 3130 4777 paternaque
3155 4724 3258 4762 vox
3297 4708 3474 4765 delata
3507 4720 3612 4772 est,

2033 4799 2172 4853 Filio
2200 4798 2566 4853 testimonium
2596 4799 2848 4864 reddens,
2885 4820 2902 4851 ι
2933 4800 3030 4854 llic
3059 4810 3140 4856 est
3167 4801 3336 4857 Filius
3359 4817 3511 4857 mens
3535 4803 3614 4857 di-

2033 4891 2226 4954 lectus,
2284 4892 2456 4960 ipsum
2497 4892 2678 4954 audite
2708 4893 2772 4946 ".
2815 4913 2834 4946 ι
2887 4893 3010 4950 ΙΙωο
3044 4895 3241 4965 quippe
3272 4895 3614 4957 dicebantur,

2030 4983 2156 5054 quia
2186 4983 2328 5038 Dens
2354 4985 2406 5036 iu
2441 4985 2736 5048 desertum,
2781 5002 2809 5038 a
2840 4985 3038 5039 sacculo
3080 4986 3399 5055 impervium
3428 4995 3480 5038 et
3529 4984 3616 5038 in-

2029 5091 2330 5139 accessunt,
2388 5077 2724 5132 adventurus
2769 5089 2909 5134 erat.
2981 5079 3152 5132 Erant
3207 5095 3371 5148 porro
3426 5087 3616 5146 gentes

2025 5185 2214 5223 omnes
2287 5168 2381 5223 Dei
2449 5170 2764 5240 cognitione
2843 5186 3046 5234 vacum,
3101 5188 3132 5224 a
3167 5183 3393 5239 quarum
3464 5167 3614 5220 aditu

2026 5278 2217 5319 omnes
2237 5263 2366 5331 justi
2395 5263 2490 5320 Dei
2508 5280 2572 5318 ac
2594 5267 2871 5334 prophetae
2890 5266 3236 5320 arcebantur.
3251 5261 3614 5328 Quamobrem

2021 5354 2179 5422 jubet
2209 5370 2314 5411 vox
2350 5357 2462 5420 illa,
2512 5357 2652 5411 viam
2697 5373 2891 5427 parare
2935 5356 3031 5412 Dei
3077 5355 3278 5418 Verbo,
3307 5363 3364 5409 et
3411 5352 3614 5407 inviam

2032 5461 2393 5517 asperamque
2447 5449 2820 5518 complanare,
2877 5458 2932 5503 ιιι
2998 5463 3060 5502 eo
3118 5446 3410 5504 adveniens
3475 5442 3609 5498 Deut

2032 5552 2218 5600 noster
2267 5529 2516 5613 progredi
2555 5541 2750 5598 valeat.
2792 5558 2811 5593 ι
2855 5540 3050 5595 Parate
3092 5540 3232 5594 viam
3283 5537 3538 5598 Domini;
3588 5553 3606 5586 ι

2029 5649 2089 5689 ea
2120 5643 2202 5690 est
2251 5633 2559 5706 evangelica
2597 5633 2930 5706 praedicatio,
2987 5647 3234 5702 novaque
3287 5629 3610 5696 consolatio,
