4130 6406
443 388 546 448 επ
1122 385 1391 441 EUSEBII
1429 385 1909 441 CA'JS'ARIENSiS
1946 388 2026 444 ΟΡ

2139 390 2320 446 PARS
2359 392 2447 446 lli.
2477 421 2540 432 -ο
2583 392 2994 450 EXEGETICA.

3601 401 3707 454 372

447 507 625 576 opifex
659 502 1012 574 dignoscitur,
1063 501 1185 570 jure
1217 515 1278 554 ea
1312 515 1432 569 qtue
1457 516 1620 570 penes
1649 517 1744 557 nos
1781 509 2012 557 maxima

2130 505 2324 575 μεγέθη
2346 509 2411 577 τῇ
2434 506 2527 559 τοῦ
2559 508 2861 579 κρείττονος
2889 507 3187 580 παραθέσει
3213 500 3518 581 σμικρῦνει,
3559 511 3707 581 ἡμεῖς

449 599 735 660 habentur,
775 597 970 651 collata
1013 610 1132 649 cum
1173 593 1282 646 Deo
1315 603 1594 659 extenuat,
1629 594 1697 649 ad
1730 596 2023 652 conditoris

443 692 686 745 omnium
718 687 961 742 notitiam
996 701 1100 738 nos
1119 701 1374 740 evocans.

517 780 682 838 Vens.
723 780 804 840 l5,
837 779 916 832 Η.
985 797 1005 830 ‹
1049 777 1181 843 Quis
1220 777 1368 830 novit
1415 789 1647 832 mentem
1695 779 1941 834 Domini?
1969 790 2022 837 e‘.

445 873 566 944 quis
611 873 728 941 ejus
773 870 1119 925 consiliarius
1155 868 1278 934 fuit,
1312 870 1404 939 qui
1454 869 1688 924 instruat
1737 874 1900 926 eum?
1927 883 2022 926 aut

444 977 604 1032 quem
651 960 923 1016 consuluit
989 960 1082 1028 qui
1151 959 1477 1014 instruxerit
1542 961 1711 1016 eum?
1767 974 1862 1016 aut
1901 967 2022 1034 quis

443 1050 679 1104 ostendit
729 1049 779 1103 ei
821 1047 1124 1118 judicium,
1195 1058 1285 1104 aut
1348 1049 1487 1103 viam
1548 1051 1846 1119 prudentia:
1901 1058 2022 1124 quis

446 1139 766 1194 monstravit
817 1138 908 1194 ei?
945 1159 962 1190 ι
1026 1137 1162 1205 Quia
1198 1139 1344 1194 enim
1395 1139 1849 1212 interrogaverat,
1900 1149 2022 1218 quis

444 1240 593 1285 esset
629 1231 720 1298 qui
759 1230 874 1284 hac
903 1230 1171 1285 exsistere
1214 1228 1453 1299 fecisset,
1490 1244 1544 1287 et
1568 1234 1689 1302 quis
1721 1252 1841 1291 cum
1874 1254 2021 1292 men-

445 1335 575 1376 sura
599 1329 654 1374 et
686 1317 925 1388 pondere
956 1319 1071 1376 haec
1099 1323 1441 1387 adornasset,
1483 1335 1878 1392 consequenter
1906 1337 2016 1381 tra-

444 1409 524 1464 dit
569 1408 863 1474 nemiuem,
895 1410 996 1464 nisi
1052 1424 1214 1465 unam
1263 1422 1470 1466 tantum
1513 1415 1766 1469 omnibus
1816 1416 2022 1470 inconi-

445 1502 863 1574 prehensibilem
897 1512 1132 1558 mentem
1165 1518 1373 1574 :quare
1398 1506 1604 1570 subdit,
1653 1525 1672 1558 ι
1709 1509 1840 1571 Quis
1875 1510 2022 1562 novit

448 1607 680 1650 tuentem
719 1595 975 1650 Domini?
1004 1615 1023 1648 ι
1067 1611 1190 1664 quae
1236 1597 1494 1665 praedii-ta
1544 1599 1723 1652 omnia
1759 1603 2019 1667 condidit,

445 1703 564 1748 quae
595 1687 739 1742 nullo
771 1702 935 1756 egens
967 1687 1300 1748 consiliario,
1333 1703 1506 1757 neque
1542 1688 1770 1758 alicujus
1802 1703 2020 1746 senten-

448 1781 520 1834 tia
549 1793 665 1841 usa,
697 1789 886 1849 suapte
913 1779 1337 1848 sapientia,qu2e
1364 1781 1669 1835 nullatenus
1689 1784 2022 1839 exsistebaut

445 1871 512 1925 ad
549 1872 842 1926 essentiam
880 1873 1141 1926 traduxit.

520 1959 676 2017 Vsus.
706 1963 788 2028 l5,
821 1963 906 2017 16.
939 1981 958 2014 ι
991 1963 1050 2018 Si
1102 1979 1297 2019 omnes
1336 1973 1524 2032 gentes
1565 1976 1818 2036 tanquam
1867 1977 2019 2037 gutta

445 2052 642 2119 aitnke,
697 2063 751 2109 et
804 2065 1059 2124 tanquam
1107 2066 1439 2110 momentum
1485 2067 1704 2112 statera:
1761 2069 2022 2129 reputatze

445 2154 600 2209 sunt,
634 2155 889 2216 tauquam
921 2146 1088 2201 saliva
1139 2148 1500 2204 habebuntur.
1557 2147 1796 2204 Libanus
1841 2161 2018 2205 autem

448 2254 554 2294 non
573 2238 768 2292 suilicit
797 2239 866 2292 ad
887 2240 1413 2305 comburendum,et
1442 2243 1622 2296 omnia
1653 2242 2019 2312 quadrnpedia

447 2347 552 2386 non
585 2332 854 2385 suiliciunt
885 2333 950 2385 ad
991 2331 1399 2387 holocaustum.
1426 2351 1444 2384 ι
1490 2334 1748 2400 Quaenam
1776 2336 1856 2388 ba:
1887 2353 2020 2404 gen--

445 2431 544 2487 tes,
588 2423 688 2477 nisi
729 2439 850 2494 qua:
895 2423 1062 2478 Deum
1109 2437 1217 2477 non
1267 2435 1554 2489 noverunt,
1583 2425 1676 2480 sed
1709 2425 2022 2480 idololatriae

443 2515 620 2569 errori
673 2515 902 2568 addicta:
933 2513 1104 2568 sunt?
1150 2514 1280 2580 Qua:
1328 2523 1583 2582 tanquam
1632 2516 1772 2569 stilla
1821 2515 2019 2579 situla',

405 2668 417 2681 .
449 2615 700 2675 tauquam
755 2619 1085 2661 momentum
1135 2617 1374 2675 staterae,
1426 2619 1482 2663 et
1546 2617 1800 2677 tauquam
1851 2609 2019 2663 saliva

449 2699 758 2767 reputauda:
802 2698 1077 2752 dicuntur.

521 2788 686 2843 Vens.
709 2791 796 2852 ΓΙ,
820 2789 905 2844 18.
930 2810 947 2842 ι
975 2791 1040 2845 Et
1076 2806 1270 2846 omnes
1298 2802 1489 2862 gentes
1518 2795 1670 2862 quasi
1709 2793 1843 2848 nihil
1877 2804 2020 2857 sunt,

446 2891 502 2937 et
534 2881 585 2936 itt
615 2881 837 2936 nihilum
875 2882 1292 2951 reputabuntur.
1323 2885 1421 2937 Cui
1459 2886 1800 2940 assimilastis
1844 2887 2025 2941 Domi-

448 2975 621 3032 nunt?
651 2985 707 3029 et
737 2977 822 3028 cui
859 2976 1078 3045 imagini
1107 2991 1228 3029 eum
1264 2977 1648 3034 assimilastis?
1690 2997 1708 3030 ι
1742 2979 1870 3046 Qum
1897 2996 2024 3035 con-

448 3079 741 3138 sequenter
798 3068 1030 3132 induxit,
1085 3077 1373 3138 postquam
1431 3067 1526 3124 Dei
1591 3071 1914 3139 theologiam
1969 3073 2021 3126 in

450 3161 686 3214 medium
727 3162 929 3226 attulit,
981 3170 1035 3214 et
1087 3170 1372 3230 postquam
1405 3161 1657 3232 gentibus
1698 3165 2019 3230 enuntiavit,

446 3259 683 3318 quantus
721 3260 866 3304 esset
924 3250 989 3316 is,
1047 3251 1137 3318 qui
1197 3265 1392 3320 aquam
1431 3267 1591 3304 manu
1644 3267 1866 3306 mensus
1918 3263 2022 3316 est,

449 3343 656 3417 palma.
685 3341 905 3405 (mlum,
941 3351 996 3396 et
1047 3351 1246 3396 terrain
1286 3357 1516 3408 omnem,
1545 3342 1768 3412 pugillo,
1825 3344 2026 3412 quique

451 3442 664 3486 montes
697 3435 950 3502 pondere,
1001 3442 1055 3485 et
1113 3432 1280 3488 valles
1342 3441 1544 3487 statera
1577 3433 1887 3488 constituit.
1931 3432 2026 3488 His

451 3530 632 3598 itaque
673 3529 916 3597 apposite
949 3529 1165 3584 confert
1205 3544 1448 3582 errorem
1480 3529 1654 3593 illum,
1702 3544 1810 3597 quo
1839 3539 2028 3598 gentes

450 3621 828 3676 detinebantur
858 3637 872 3674 :
909 3621 976 3675 ab
1015 3635 1186 3690 eoque
1223 3621 1342 3674 illas
1373 3629 1647 3685 avertens,
1677 3621 1742 3672 ad
1775 3621 2024 3674 notitiam

448 3713 588 3780 ejus,
616 3714 704 3781 qui
739 3714 876 3768 Deus
896 3727 1015 3768 esse
1037 3714 1380 3783 praedicatur,
1411 3725 1624 3768 evocat.

520 3803 682 3860 Vens.
712 3805 900 3862 19-25.
930 3823 950 3858 (
979 3805 1169 3861 Annon
1198 3805 1485 3874 imaginem
1510 3803 1637 3859 fecit
1659 3803 1832 3868 faber,
1861 3814 1914 3859 et
1938 3818 2028 3858 an.

451 3897 590 3951 rifex
636 3898 868 3951 conﬂato
911 3912 1045 3953 auro
1094 3897 1366 3950 inauravit
1409 3896 1578 3951 eam?
1621 3896 2024 3952 similitudinem

450 3985 580 4039 fecit
600 4001 719 4040 eam
743 3985 766 4040 ?
793 3983 1026 4055 Lignum
1057 3986 1224 4045 euiut,
1249 3985 1393 4054 quod
1423 3999 1526 4040 non
1556 3997 1850 4054 putrescat,
1875 3988 2028 4057 eligit

453 4075 624 4140 Ialm,
655 4085 708 4130 et
735 4077 1012 4145 sapienter
1037 4086 1240 4145 quaeret
1273 4076 1546 4143 quomodo
1573 4085 1780 4130 statuat
1835 4078 2026 4146 imagi-

450 4181 573 4223 nem
605 4181 668 4221 ex
695 4181 779 4229 eo,
815 4175 870 4219 et
901 4175 959 4218 ut
1002 4180 1108 4219 non
1137 4174 1559 4220 couunoveator.
1592 4165 1779 4220 Nonne
1809 4167 2028 4224 scietis?

453 4271 633 4312 nonne
674 4254 942 4309 audietis?
976 4258 1167 4307 Annon
1227 4251 1612 4306 annuntiatum
1659 4263 1742 4306 est
1800 4253 1948 4308 vobis
1995 4271 2023 4308 a

452 4348 750 4420 principio?
786 4364 891 4402 non
936 4346 1268 4416 cognovistis
1321 4344 1672 4400 fundamenta
1713 4351 2025 4416 terraazqtti

450 4441 692 4497 continet
725 4455 912 4513 gyrum
940 4449 1118 4504 terrae,
1151 4447 1208 4491 et
1254 4437 1588 4494 habitatores
1623 4438 1742 4508 ejus
1765 4440 1918 4508 quasi
1951 4442 2029 4494 lo-
2071 4487 2084 4498 .

2124 601 2203 662 εἰς
2249 597 2457 652 ἔννοιαν
2506 599 2978 672 προσκαλούμενος
3030 599 3122 652 τοῦ
3157 599 3226 652 τὰ
3270 600 3562 671 σύμπαντα
3617 620 3712 655 συ-

2124 705 2222 760 στη
2231 706 2296 742 σα
2303 691 2481 759 μένου.

2201 799 2219 831 ι
2263 780 2357 842 Τίς
2378 779 2516 848 ἔγνω
2548 781 2672 834 νοῦν
2699 781 2942 852 Κυρίου;
2971 781 3064 833 καὶ
3084 780 3167 845 τίς
3199 780 3365 834 αὐτοῦ
3401 780 3704 852 σύμϐουλος

2122 870 2359 938 ἐγένετο,
2397 871 2455 934 ὃς
2483 872 2722 942 συμϐιὸᾷ
2746 872 2910 926 αὐτόν
2934 889 2947 936 ;
2973 873 3004 944 ἢ
3038 873 3174 944 πρὸς
3206 872 3328 924 τίνα
3362 873 3708 926 συνεϐουλεύο

2125 977 2275 1022 σατο,
2309 963 2399 1013 καὶ
2428 961 2777 1014 συνεϐίϐασεν
2805 963 2997 1025 αύτόν;
3029 963 3060 1033 ἦ
3088 962 3167 1025 τίς
3193 962 3390 1028 ἔδειξεν
3411 964 3558 1035 αὑτῷ
3581 965 3712 1036 κρί-

2125 1069 2237 1115 σιν;
2282 1052 2315 1123 ἢ
2351 1053 2469 1105 ὁδὸν
2516 1053 2786 1117 συνέσεως
2831 1053 2912 1117 τίς
2956 1053 3154 1117 ἔδειξεν
3186 1053 3368 1124 usus;
3417 1073 3436 1106 ι
3481 1056 3710 1128 Ἐπειδὴ,

2125 1144 2233 1214 γὰρ
2260 1143 2535 1216 ἠρώτησε,
2570 1145 2652 1207 τίς
2686 1147 2715 1197 6
2741 1145 2914 1198 ταῦτα
2947 1145 3410 1217 ὑποστησάμενος,
3444 1148 3536 1200 καὶ
3561 1149 3644 1211 τίς
3671 1152 3706 1202 6

2128 1235 2310 1306 μέτρῳ
2358 1235 2450 1288 καὶ
2485 1235 2708 1306 σταθμῷ
2735 1234 2909 1288 ταῦτα
2942 1235 3351 1307 διαταξάμενος,
3394 1238 3706 1303 ἀκολούθως

2125 1327 2466 1390 ἀποδίδωσιν,
2501 1327 2576 1390 ὠς
2603 1327 2779 1390 οὐδεὶς
2808 1328 2840 1398 ἦ
2875 1323 2955 1392 εἷς
2985 1328 3144 1398 μόνος
3175 1332 3202 1382 6
3231 1332 3342 1394 τοῖς
3376 1332 3541 1383 πᾶσιν
3565 1333 3702 1385 ἀκα-

2121 1419 2390 1490 τάληπτος
2406 1419 2550 1483 νοῦς,
2567 1419 2647 1473 διὸ
2672 1419 2932 1488 ἐπιλέγει·
2958 1419 3085 1485 «Τίς
3109 1421 3248 1491 ἔγνω
3265 1421 3390 1474 νοῦν
3415 1423 3651 1495 Κυρίου;
3675 1443 3694 1476 ι

2122 1511 2215 1564 τὸν
2237 1510 2345 1563 τῶν
2374 1511 2678 1582 εἰρημένων
2705 1511 2958 1565 ἁπάντων
2991 1513 3291 1582 ποιητικὸν,
3325 1514 3384 1578 ὃς
3409 1513 3530 1567 οὔτε
3564 1531 3701 1585 συμο

2124 1601 2315 1655 ϐούλου
2347 1601 2578 1672 δεηθεὶς,
2610 1601 2733 1655 οὔτε
2767 1604 2918 1673 παρά
2962 1620 3106 1667 τινος
3141 1604 3366 1676 γνώμην
3393 1604 3591 1667 λαϐὼν,
3632 1608 3697 1676 τῇ

2125 1693 2283 1748 αὐτοῦ
2326 1695 2482 1764 σοφία
2523 1695 2592 1747 τὰ
2628 1696 2852 1766 μηδαμῆ
2888 1696 3152 1767 μηδαμῶς
3197 1697 3482 1751 ύεεστῶτα
3512 1699 3576 1751 ἐκ
3605 1698 3698 1750 τοῦ

2129 1783 2202 1855 μὴ
2234 1784 2382 1848 ὄντος
2411 1788 2490 1848 εἰς
2511 1785 2574 1838 τὸ
2596 1782 2736 1841 εἶναι
2771 1793 3110 1859 παρήγαγεν.

2200 1977 2219 2009 ι
2258 1959 2319 2013 Ei
2349 1959 2526 2013 πάντα
2556 1961 2623 2014 τὰ
2649 1960 2777 2031 ἔθνη
2807 1961 2882 2025 ὡς
2912 1961 3125 2030 σταγὼν
3151 1961 3257 2016 άπὸ
3289 1962 3470 2025 κάδον,
3509 1963 3602 2016 καὶ
3625 1963 3700 2027 ὡς

2124 2051 2266 2122 ῥοπὴ
2312 2051 2475 2118 ζυγοῦ
2520 2052 2896 2124 ἐλογίσθησαν,
2934 2054 3010 2117 ὡς
3057 2052 3229 2118 σίελος
3271 2054 3701 2126 λογισθήσονται.

2137 2143 2194 2194 ’0
2232 2143 2289 2196 δὲ
2336 2143 2566 2207 Δίεανος
2591 2145 2691 2214 οὐχ
2726 2145 2907 2208 ἱκανὸς
2934 2147 3013 2207 εἰς
3051 2144 3264 2210 καῦσιν,
3307 2145 3399 2198 καὶ
3431 2145 3608 2198 πάντα
3633 2144 3702 2197 τὰ

2127 2238 2432 2308 τετράποδα
2479 2238 2574 2308 οὐχ
2623 2238 2782 2290 ἱκανὰ
2826 2240 2905 2301 είς
2949 2239 3344 2309 ὀλοκάρπωσιν.
3384 2256 3404 2290 ι
3456 2238 3592 2291 Ποῖα
3641 2237 3701 2290 δέ

2123 2329 2299 2386 ταῦτα
2328 2329 2359 2398 ἢ
2391 2330 2456 2385 τά
2481 2329 2572 2382 τὸν
2601 2330 2732 2382 Θεὸν
2771 2330 2846 2400 μὴ
2884 2330 3081 2394 εἰδότα,
3114 2329 3519 2402 προστετηκότα
3544 2329 3601 2381 δὲ
3630 2332 3700 2400 τῇ

2127 2423 2308 2496 πλάνῃ
2346 2424 2444 2494 τῆς
2487 2423 2966 2493 εἰδωλολατρείας;
3014 2424 3078 2476 *Δ
3120 2423 3182 2495 δὴ
3223 2421 3317 2476 καὶ
3357 2422 3434 2486 ὡς
3483 2419 3701 2490 σταγὼν

2125 2517 2234 2572 ἀπὸ
2263 2517 2446 2579 κάδου,
2478 2517 2573 2570 καὶ
2613 2517 2688 2579 ὡς
2719 2516 2859 2588 ῥοπὴ
2897 2517 3083 2585 ζυγοῦ,
3115 2517 3206 2570 καὶ
3232 2516 3306 2580 ὡς
3350 2516 3522 2579 σίελος
3557 2514 3681 2585 λογι-

2127 2607 2291 2679 σθήσε
2300 2607 2422 2662 σθαι
2452 2608 2690 2676 ἐλέγετο..

2201 2808 2220 2841 ι
2263 2791 2371 2844 Καὶ
2405 2791 2579 2843 πάντα
2615 2791 2682 2844 τὰ
2711 2791 2838 2862 ἔθνη
2875 2792 2950 2854 ὡς
2976 2791 3129 2846 οὐδέν
3159 2795 3284 2855 εἰσι,
3312 2796 3404 2847 καὶ
3437 2796 3518 2857 είς
3545 2795 3711 2848 οὐθὲν

2131 2880 2495 2952 ἐλογίσθησαν.
2567 2883 2686 2935 Τίνι
2756 2883 3074 2955 ὡμοιὼσατε
3150 2885 3386 2957 Κύριον,
3447 2887 3542 2939 καὶ
3595 2886 3703 2939 τίνι

2124 2971 2429 3044 ὁμοιώματι
2469 2973 2785 3044 ὡμοιώσατε
2809 2977 3020 3041 ἀύτὸνς
3073 2997 3092 3028 ι
3143 2980 3210 3029 Ἀ
3256 2979 3352 3030 καῖ.
3398 2977 3702 3042 ἀκολούθως

2126 3066 2376 3134 ἐπήγαγε
2418 3065 2555 3134 μετὰ
2595 3065 2656 3118 τὸ
2695 3066 3034 3137 παραθέσθαι
3071 3067 3167 3139 τὴν
3197 3071 3322 3140 περὶ
3353 3069 3487 3122 Θεοῦ
3528 3069 3704 3122 θεολο-

2127 3157 2274 3226 γίαν,
2317 3156 2550 3227 κηρύξαι
2583 3174 2642 3210 τε
2689 3161 2802 3220 τοῖς
2852 3158 3059 3212 ἔθνεσιν
3102 3161 3224 3224 ὅσος
3264 3157 3331 3231 ἦν
3363 3162 3392 3213 6
3429 3162 3713 3233 μετρήσας·

2130 3251 2197 3320 τῇ
2230 3249 2375 3318 χειρὶ
2401 3248 2462 3300 τὸ
2491 3247 2656 3318 ὕδωρ,
2692 3248 2895 3301 καὶτὸν
2918 3250 3146 3320 οὐρανὸν
3179 3250 3448 3322 σπιθαμῇ,
3492 3253 3584 3304 καὶ
3606 3251 3714 3321 τὴνι

2129 3337 2230 3408 γῆν
2276 3339 2453 3391 πᾶσαν
2486 3337 2668 3408 δρακὶ,
2697 3338 2765 3390 τά
2792 3355 2851 3390 τε
2879 3339 2977 3410 ὄρη
3009 3341 3235 3412 σταθμῷ
3274 3343 3366 3394 καὶ
3392 3343 3490 3405 τὰς
3527 3342 3704 3404 νάπας

2130 3429 2279 3500 ζυγῴ
2319 3429 2742 3500 συστησάμενος.
2773 3429 2995 3494 Τούτοις
3027 3433 3160 3500 γοῦν
3183 3432 3494 3499 ἀναγκαίως
3523 3451 3709 3501 παρα-

2131 3521 2313 3576 ϐάλλει
2344 3521 2440 3592 τὴν
2467 3521 2804 3590 κατέχουσαν
2838 3521 3049 3592 πλάνην
3079 3522 3196 3574 τῶν
3227 3522 3415 3583 ἐθνῶν,
3442 3522 3707 3592 ἁποστρὲι-

2130 3632 2246 3684 φων
2271 3615 2457 3686 αὐτῆς,
2486 3615 2922 3686 ἀνακαλούμενος
2949 3617 3004 3669 δὲ
3027 3618 3106 3679 εἰς
3144 3615 3438 3685 ἐπίγνωσιν
3465 3615 3558 3666 τοῦ
3585 3615 3700 3666 θεο-

2129 3705 2286 3774 λογου
2296 3707 2478 3776 μένου.

2215 3818 2232 3850 ι
2269 3799 2358 3868 Μὴ
2384 3797 2566 3850 εἰκόνα
2605 3797 2828 3869 ἐποίησε
2855 3797 3097 3858 τέκτων;
3121 3797 3155 3867 ἦ
3181 3795 3471 3868 χρυσοχόος
3504 3795 3703 3866 χωνεύ.

2134 3911 2230 3955 σας
2287 3891 2509 3962 χρυσίον
2551 3891 2989 3961 περιεχρύσωσεν
3051 3890 3240 3955 αύτὸνς
3278 3890 3530 3960 ὁμοίωμα
3575 3906 3705 3942 κατ-

2131 3984 2424 4037 εσκεύασεν
2447 3982 2640 4046 αύτόν;
2675 3982 2841 4035 Ξύλον
2879 3983 2988 4054 γὰρ
3025 3982 3264 4052 ἄσηπτον
3300 3982 3580 4050 ἐκλέγεται
3622 3983 3710 4034 ’τὲ-ο

2131 4094 2294 4138 κτων,
2328 4076 2422 4128 καὶ
2462 4073 2641 4143 σοφῶς
2675 4073 2900 4145 ζητήσει
2930 4073 3046 4136 πῶς
3087 4073 3276 4144 στήσει
3302 4072 3484 4124 εἰκόνα
3524 4070 3708 4133 αὐτοῦ,

2132 4171 2226 4223 καὶ
2260 4169 2344 4221 ἵνα
2371 4169 2444 4240 μὴ
2472 4168 2782 4238 σαλεύηται.
2812 4168 2887 4218 UO
2919 4166 3228 4234 γνὼσεσθες
3256 4167 3354 4220 οὐκ
3379 4165 3672 4218 ἀκούσεσθε
3695 4182 3714 4227 ;

2133 4264 2245 4316 Οὐκ
2266 4261 2540 4333 ἀνηγγέλη
2560 4260 2617 4326 ἐξ
2636 4262 2808 4332 ἀρχῆς
2827 4261 2981 4329 ύμῖν;
3005 4261 3104 4312 οὐκ
3132 4259 3330 4327 ἔγνωτε
3376 4258 3446 4312 τά
3490 4258 3713 4328 θεμέλια

2129 4354 2368 4425 τῆςγῆς.
2388 4353 2445 4404 Ὀ
2463 4351 2707 4420 κατέχων
2727 4351 2816 4402 τὸν
2833 4349 3000 4420 γύρον
3013 4349 3111 4418 τῆς
3126 4349 3251 4418 γῆς,
3269 4349 3363 4401 καὶ
3382 4350 3430 4400 oi
3443 4346 3712 4400 ἐνοικοῦν-

2132 4465 2222 4511 τες
2239 4449 2294 4498 ἐν
2313 4446 2448 4515 αὐτῇ
2467 4445 2540 4508 t'o;
2556 4442 2793 4513 ἀκρίδες⁹
2812 4443 2840 4492 6
2858 4443 3058 4512 στήσας
3076 4439 3150 4502 ὡς
3173 4439 3427 4509 καμάραν
3448 4437 3537 4489 τὸν
3554 4438 3611 4488 ού
3621 4453 3712 4506 ρα-

454 4544 640 4590 cusuc.
663 4535 762 4602 Qui
791 4535 980 4592 statuit
1011 4533 1210 4587 cmlum
1250 4531 1404 4601 quasi
1448 4528 1737 4596 fornicem,
1770 4541 1826 4586 et
1847 4542 2026 4587 exten-

2134 4541 2243 4603 νὺν,
2261 4539 2352 4592 καὶ
2371 4536 2640 4594 διατείνας
2659 4534 2732 4597 ὡς
2751 4535 2952 4603 σκηνὴν
2973 4533 3246 4584 κατοικεῖν
3267 4547 3279 4560 ’
3299 4532 3327 4582 ὁ
3341 4529 3516 4590 διδοὺς
3532 4529 3713 4596 ἄρχονο

452 4629 534 4682 dit
561 4638 617 4682 ut
658 4626 1063 4681 tabernaculum
1091 4626 1158 4679 ad
1193 4624 1546 4679 habitandum
1586 4641 1601 4678 :
1629 4625 1720 4692 qui
1763 4625 1854 4682 dat
1881 4628 2031 4696 priu-

452 4720 600 4787 cipcs
667 4729 727 4771 ut
792 4717 1016 4770 uilnlum
1074 4717 1141 4771 ad
1214 4716 1870 4786 imperandumzterram
1931 4737 2028 4773 au-

453 4824 560 4868 tem
613 4820 871 4880 tanquam
933 4811 1065 4864 nihil
1131 4809 1278 4864 fecit.
1328 4829 1347 4862 ι
1419 4810 1644 4864 Etiamsi
1702 4828 1730 4862 a
1787 4813 2033 4881 patribus

451 4902 647 4960 eruditi
696 4917 803 4956 non
835 4902 1003 4967 estis;
1059 4913 1117 4956 at
1153 4902 1239 4956 vel
1294 4917 1435 4956 nunc
1469 4903 1660 4958 saltem
1711 4905 1774 4958 ad
1809 4907 2030 4974 sapien-

453 4996 589 5052 tiam
645 4996 920 5059 revocati,
971 4995 1089 5064 ejus
1155 5011 1258 5064 Ope
1314 4997 1575 5062 ediscite,
1636 4998 1760 5067 quis
1815 5001 1886 5053 sit
1939 5003 2028 5069 qui

450 5091 695 5147 continet
771 5091 1121 5146 fundamenta
1193 5103 1370 5146 teme.
1450 5091 1587 5144 Nam
1652 5107 1696 5146 st
1764 5109 1871 5148 non
1937 5111 2032 5164 po-

453 5185 652 5251 tuistis,
687 5183 885 5253 inquit.
920 5193 1154 5237 mentem
1180 5185 1246 5236 ad
1287 5183 1485 5238 caelum
1520 5184 1767 5253 erigere;
1817 5195 1876 5240 at
1919 5189 2030 5240 sal-

454 5288 559 5334 tem
597 5279 652 5333 in
679 5288 880 5332 terram
917 5277 1280 5347 cogitationes
1302 5286 1357 5331 et
1396 5277 1682 5330 ratiocinia
1730 5289 1907 5332 vestra
1935 5281 2030 5334 lle-

453 5369 606 5437 ctite,
640 5370 694 5424 in
727 5369 905 5438 iisque
945 5368 1261 5422 moramini.
1295 5368 1535 5437 Quaerite
1564 5368 1617 5423 in
1649 5385 1756 5439 quo
1793 5371 1884 5426 illa
1911 5372 2034 5426 luu-

453 5461 636 5523 detur,
661 5461 786 5534 quis
820 5461 911 5514 ille
940 5461 1012 5515 sit
1041 5459 1133 5530 qui
1167 5468 1378 5515 tantum
1427 5458 1777 5525 elementum,
1835 5461 2029 5516 inuno-

456 5565 568 5609 tutn
598 5566 653 5609 et
684 5555 1064 5611 inconcussum
1099 5555 1323 5607 detinet.
1358 5551 1518 5618 Quis,
1547 5551 1641 5616 ait,
1682 5563 1764 5608 est
1793 5554 1907 5617 ille.
1938 5556 2028 5625 qui

457 5661 532 5703 tot
575 5661 764 5722 gentes
791 5650 844 5703 in
880 5659 1024 5704 terra
1058 5646 1456 5708 dissemiuavit,
1504 5656 1558 5696 ιιῑ
1596 5644 1820 5700 locustis
1852 5648 2030 5714 parvi-

456 5741 585 5794 tatis
617 5755 896 5810 corporea:
917 5754 1084 5798 causa
1119 5739 1540 5807 comparentur?
1573 5737 1774 5793 Deinde
1819 5755 2031 5796 seruio-

455 5852 578 5893 nout
603 5850 634 5893 ιι
665 5844 807 5889 terra
853 5835 1092 5907 erigens,
1148 5833 1211 5889 ad
1249 5833 1522 5890 cmlcstcm
1560 5832 1848 5902 fornicem,
1875 5843 1929 5890 ct
1969 5834 2035 5891 ad

2125 4653 2223 4699 τας
2243 4633 2317 4696 ὡς
2330 4629 2478 4684 οὐδὲν
2492 4629 2698 4696 ἄρχειν,
2718 4627 2812 4695 τὴν
2828 4626 2882 4678 δὲ
2895 4626 2996 4693 γῆν
3007 4623 3081 4686 ὡς
3097 4623 3247 4675 οὐδὲν
3259 4621 3500 4691 ἐποίησε.
3522 4639 3538 4670 ι
3550 4621 3609 4672 Εἰ
3623 4620 3713 4670 καὶ

2132 4729 2207 4800 μὴ
2222 4729 2284 4780 ἐκ
2302 4722 2554 4793 πατέρων
2572 4717 2880 4787 ἐδιδάχθητε
2893 4757 2905 4778 ,
2924 4715 3058 4770 ἀλλὰ
3075 4713 3171 4767 νῦν
3188 4713 3316 4783 γοῦν
3334 4711 3713 4782 σωφρονισθέν-

2127 4836 2217 4882 τες
2236 4857 2250 4880 ,
2275 4812 2610 4884 ὡφελήθητε,
2643 4811 2737 4863 καὶ
2773 4809 2969 4880 μάθετε
2991 4808 3074 4870 τίς
3095 4805 3225 4858 ποτέ
3254 4806 3401 4856 ἐστιν
3423 4807 3451 4857 6
3473 4803 3714 4870 κατέχων

2127 4910 2197 4964 τὰ
2245 4904 2472 4976 θεμέλια
2516 4903 2616 4972 τῆς
2653 4901 2776 4972 γῆς.
2826 4902 2888 4953 Ei
2930 4900 3039 4970 γάρ
3083 4899 3157 4970 μὴ
3196 4894 3483 4967 ἠδύνασθε,
3530 4896 3714 4964 φησὶν,

2136 5001 2216 5062 εἰς
2251 4997 2342 5051 τὸν
2380 4994 2608 5066 οὐρανὸν
2639 4993 2739 5065 τὴν
2778 4993 3018 5051 διάνοιαν
3053 4990 3320 5060 ἐπαίρειν,
3350 4986 3464 5040 ἀλλ’
3501 4987 3716 5056 ἐπιστηι

2143 5106 2290 5153 σατε,
2337 5088 2523 5159 φησὶν,
2571 5087 2628 5139 ἐν
2673 5088 2738 5156 τῇ
2781 5088 2850 5154 γῇ
2895 5080 3238 5154 ἐμποιεῖσθαι
3280 5079 3377 5143 ’τὰς
3419 5077 3716 5148 διατριϐάς.

2153 5182 2277 5236 Ἐπὶ
2299 5180 2444 5242 τίνος
2460 5196 2521 5232 τε
2541 5179 2810 5250 ⁴’ἧδραστιιι
2842 5177 3134 5244 ζητήσατε,
3157 5173 3250 5226 καὶ
3272 5172 3356 5234 τίς
3379 5172 3524 5223 ἐστιν
3545 5165 3718 5231 οὗτος.

2139 5276 2168 5326 6
2211 5274 2270 5326 τὸ
2310 5271 2563 5325 τοσοῦτον
2622 5272 2879 5339 στοιχεῖον
2933 5266 3151 5328 ἀκλινές
3181 5281 3241 5317 τε
3285 5265 3377 5318 καὶ
3429 5261 3719 5322 ἀσάλευτον

2139 5363 2466 5434 διακρατῶν.
2513 5362 2608 5423 Τίς
2645 5361 2724 5423 δὲ,
2780 5358 2965 5429 φησὶν,
3007 5358 3155 5409 ἐστὶν
3187 5355 3215 5405 6
3249 5357 3343 5410 καὶ
3378 5353 3447 5407 τὰ
3483 5352 3719 5411 τοσαῦτα

2141 5456 2368 5528 σπείρας
2401 5453 2493 5507 ἐπὶ
2529 5451 2628 5520 τῆς
2663 5451 2766 5521 γῆς
2811 5450 2959 5521 ἔθνη,
2985 5449 3061 5512 ὼς
3101 5445 3546 5518 παραϐάλλεσθαι
3583 5441 3720 5499 αὐτὰ

2139 5551 2500 5624 σμικρότητος
2549 5547 2714 5602 ἕνεκα
2769 5545 2877 5599 τῶν
2938 5541 3207 5614 σωμάτων
3264 5541 3514 5611 ἀκρίσιν;
3566 5533 3718 5601 Εἶτα,

2139 5645 2302 5698 πάλιν
2333 5641 2539 5705 ἀναϐὰς
2571 5640 2680 5692 ἀπὸ
2717 5639 2814 5708 τῆς
2850 5637 2954 5708 γῆς
2984 5635 3063 5706 τῷ
3095 5635 3258 5706 λόγῳ,
3291 5633 3386 5703 τὴν
3419 5631 3583 5700 άψίδα
3623 5631 3721 5700 τὴν

2141 5737 2409 5809 οὐράνιον,
2435 5734 2494 5787 τό
2519 5749 2576 5787 τε
2599 5732 2737 5804 ἰπὲρ
2765 5730 2868 5800 γῇν
2891 5727 3266 5801 ἡμισφαίριον,
3290 5723 3544 5795 καμάρας
3569 5721 3722 5790 δίκην

2147 5829 2558 5904 ἐπηωρημὲνον,
2606 5829 2718 5890 τοῖς
2773 5826 2936 5879 πᾶσιν
2999 5818 3427 5890 ἀποθωμάζειν,
3489 5816 3580 5874 καὶ
3633 5811 3724 5869 τὸν
