4130 6434
426 373 534 434 διε

1105 381 1376 438 ausum
1416 372 1899 437 cessim-mas
1938 356 2090 433 opp.
2131 375 2310 432 mus
2348 375 2439 433 III.
2478 410 2548 419 —
2585 377 2997 435 exessum.

3548 335 3557 339 -
3589 376 3695 429 576

427 495 622 552 blintes
666 482 947 566 volarenti
975 499 1049 554 ita
1084 510 1143 554 ut
1173 501 1558 566 escenderent,
1604 499 1998 563 exaltarentur,

2107 498 2204 551 καὶ
2268 498 2421 562 τέλος
2483 497 2584 570 τὴν
2634 501 2715 564 εἰς
2769 497 3031 571 οὐρανοὺς
3081 495 3305 550 ποοείαν
3361 494 3691 550 στείλασθαι.

426 604 493 645 ac
526 591 741 645 demunt
774 592 826 646 in
859 592 1028 648 caelos
1058 608 1278 648 cursum
1310 595 1627 664 dirigerent.
1664 592 1792 649 litae
1813 593 2009 665 quippe

426 683 735 751 aquilarum
768 694 958 738 natura
988 693 1093 739 est.

498 770 665 825 VEtts.
693 770 782 826 5t.
818 791 838 825 ι
869 774 973 841 Qui
1019 785 1201 830 autem
1235 786 1557 847 exspectant
1601 777 1795 841 Deum,
1831 786 2009 831 muta-

426 863 560 917 bunt
589 863 987 931 fortitudinem,
1006 879 1286 923 assutnent
1310 885 1517 939 pennas
1542 880 1600 924 ut
1624 870 1854 939 aquilas;
1883 878 2010 925 curo

427 961 567 1017 rent,
597 963 651 1007 et
686 970 791 1011 non
820 956 1143 1014 laborabunt
1175 978 1190 1026 ;
1223 961 1611 1028 ambulabunt,
1655 974 1710 1017 et
1750 977 1857 1017 non
1886 976 2009 1018 esu-

426 1045 586 1098 rient.
620 1064 637 1097 ι
680 1045 993 1115 Ingentibus
1018 1053 1284 1119 perfuncti
1312 1053 1628 1120 doloribus,
1674 1057 1892 1110 demum
1929 1056 2009 1110 vi-

422 1135 684 1193 sitatione
718 1140 811 1194 Dei
839 1142 1071 1211 dignati,
1104 1144 1155 1198 in
1188 1160 1326 1215 pace
1351 1146 1515 1200 vitam
1558 1148 1811 1217 egerunt,
1854 1149 2007 1217 aqui-

424 1227 601 1282 larum
637 1230 814 1286 instar
839 1235 1031 1304 pennis
1071 1238 1346 1302 instructi,
1397 1251 1462 1293 ac
1495 1238 1549 1292 itt
1579 1238 1811 1293 sublime
1856 1239 2003 1294 elati.

422 1320 581 1386 Quod
622 1323 668 1375 si
723 1326 1017 1397 soritigerit
1067 1343 1177 1393 eos,
1240 1330 1331 1399 qui
1366 1345 1465 1400 pro
1496 1331 1695 1400 pietate
1720 1341 2006 1386 concerta-

427 1421 555 1468 ruut
599 1424 657 1469 et
705 1418 982 1482 vicerunt,
1047 1422 1314 1493 martyrio
1382 1430 1794 1477 consummatos
1840 1437 2002 1491 esse;

420 1505 599 1561 multo
629 1509 802 1578 magis
837 1510 947 1566 illis
977 1518 1276 1569 memorata
1312 1514 1605 1582 promissio
1633 1525 1932 1585 competat.

1016 1603 1248 1661 CAPUT
1289 1604 1421 1660 XLI.

493 1688 662 1747 Vsus.
704 1694 757 1749 ἰ.
795 1712 816 1746 ι
847 1695 1181 1753 lnaovaminl
1214 1698 1281 1754 ad
1328 1713 1436 1761 tne,
1486 1699 1695 1767 insulte,
1729 1701 2006 1772 principes

2110 589 2348 661 Τοιαύτη
2373 592 2482 663 γὰρ
2517 593 2550 663 ή
2581 591 2758 645 ἀετῶν
2790 590 2967 660 φύσις.

2185 814 2205 848 ι
2246 797 2308 849 Oi
2341 796 2400 849 δὲ
2446 795 2809 867 ὑπομένοντες
2839 794 2933 847 τὸν
2976 793 3108 847 Θεὸν
3156 790 3475 858 ἀλλάξουσιν
3515 788 3691 860 ἰσχὺν,

2110 887 2583 957 πτεροφυήσουσιν
2631 886 2708 949 ὡς
2741 886 2922 938 ἀετοί·
2966 883 3319 958 δραμοῦνται,
3353 884 3448 937 καὶ
3487 882 3547 936 ού
3600 898 3692 934 κο-

2109 977 2386 1031 πιάσουσι*
2429 975 2757 1047 βαδιοῦνται,
2809 975 2901 1028 καί
2934 976 2994 1028 ού
3050 974 3416 1028 πεινάσουσιν.
3471 992 3490 1025 ι
3536 970 3693 1025 Μετά

2107 1061 2199 1119 οὖν
2231 1066 2330 1129 τὰς
2347 1066 2793 1143 ὑπερϐαλλούσας
2811 1066 3037 1137 θλίψεις,
3068 1063 3372 1134 ἐπισκοπῆς
3395 1060 3530 1117 Θεοῦ
3560 1077 3693 1114 κατ-

2108 1156 2465 1224 αξιωθέντες,
2510 1158 2567 1210 ὲν
2601 1160 2792 1232 εἰρήνῃ
2836 1157 3138 1212 διετέλεσαν
3174 1155 3263 1209 τὸν
3311 1155 3452 1225 βίον,
3514 1150 3691 1206 ἀετῶν

2107 1247 2263 1318 δίκην
2298 1250 2791 1321 πτεροφυήσαντες,
2822 1246 2918 1302 καὶ
2950 1248 3032 1310 είς
3063 1245 3196 1316 ὕψος
3227 1243 3502 1316 ἀρθέντες.
3539 1238 3601 1295 Εἰ
3631 1240 3692 1294 δὲ

2107 1338 2203 1393 καὶ
2263 1338 2547 1411 μαρτυρίῳ
2594 1338 2947 1409 τελειωθῆναι
3003 1335 3317 1408 συμϐέϐηκε
3372 1335 3497 1397 τοὺς
3547 1331 3693 1403 ὑπὲρ

2109 1429 2391 1494 εὐσεϐείας
2413 1429 2819 1503 ἠγωνισμένους
2852 1429 2947 1484 καὶ
2980 1428 3354 1499 νενικηκότας.
3386 1425 3521 1479 πολὺ
3551 1423 3691 1496 μᾶλ-

2106 1521 2196 1574 λον
2220 1522 2430 1585 τούτοις
2465 1522 2756 1593 ἀρμόσειεν
2786 1523 2820 1593 ἡ
2858 1519 3121 1592 εἰρημένη
3151 1517 3471 1587 ἔπαγγελία.

2624 1612 3019 1666 ΚΕΦΑΛΑΙΟΝ
3045 1611 3180 1664 MA'.

2192 1702 2594 1770 Ἑγκαινίζεσθε
2644 1702 2787 1774 πρὸς
2833 1702 2922 1773 με,
2974 1703 3156 1774 νῆσοι·
3190 1702 3241 1754 οἰ
3277 1700 3386 1772 γὰρ
3434 1701 3694 1771 ἄρχοντες

424 1785 573 1838 enim
604 1788 894 1843 mutabunt.
935 1793 1268 1859 potentiam:
1302 1792 1565 1846 accedant
1603 1803 1659 1848 et
1716 1794 2005 1863 loquantur

2111 1791 2433 1858 ἁλλάξουσιν
2479 1794 2663 1865 ἰσχύνο
2727 1794 3107 1863 έγγισάτωσαν
3156 1784 3250 1846 καί
3302 1791 3696 1861 λαλησάτωσαν

422 1874 586 1929 simul
616 1893 631 1942 ;
663 1879 1076 1949 tuncjudiciunt
1107 1884 1451 1937 annuntient.
1487 1902 1507 1935 ι
1536 1882 1698 1938 Jubet
1744 1859 2000 1940 nimirum

2112 1880 2261 1952 ἅμα·
2297 1882 2418 1935 τότε
2453 1859 2635 1955 κρίσιν
2667 1859 3160 1951 ἀναγγειλάτωσαν.
3194 1902 3212 1934 ι
3251 1859 3694 1953 Παρακελεύεται

422 1966 647 2034 lttsulas,
680 1989 699 2021 ι
730 1972 1104 2029 obmutescere
1126 1984 1181 2028 et
1208 1985 1412 2039 tacere,
1446 1993 1465 2027 ι
1502 1977 1798 2030 secundum
1830 1976 2006 2032 Theo-

423 2061 721 2127 dotionem,
782 2074 843 2117 ut
899 2065 1144 2119 divinum
1216 2080 1525 2121 sermonem
1595 2075 1650 2121 et
1707 2066 2004 2123 salutarem

417 2154 864 2222 pradicationem
897 2150 1085 2211 audire
1108 2157 1343 2211 valeant.
1373 2158 1581 2213 Insulas
1597 2174 1726 2213 vero
1747 2157 2005 2228 frequen-

418 2254 506 2300 ter
533 2257 689 2301 vocat
709 2248 981 2304 Ecclesias
1006 2250 1262 2306 ontnibus
1283 2265 1350 2305 ex
1379 2251 1631 2319 gentibus
1655 2252 2000 2317 constitutas,

418 2340 546 2408 quia
600 2340 718 2395 illas
759 2342 1016 2411 nequitiae
1044 2341 1262 2413 salsngo
1309 2352 1406 2397 cett
1457 2357 1611 2398 mare
1652 2342 2001 2397 circumﬂuit.

424 2449 445 2482 e
478 2431 760 2502 Principes
787 2434 935 2488 enim
981 2435 1268 2490 mutabunt
1311 2435 1647 2506 potentiam;
1679 2453 1699 2488 ι
1730 2445 1789 2488 ιιι
1828 2450 2005 2491 mores

420 2534 655 2590 mutent,
708 2532 765 2580 et
807 2540 837 2579 a
891 2526 1168 2595 peioribus
1222 2528 1289 2580 ad
1335 2526 1560 2581 meliora
1586 2535 2002 2581 convertantur.

424 2636 444 2667 ι
474 2618 751 2673 Accedant
779 2629 834 2673 et
864 2618 1159 2688 loquantur
1184 2617 1347 2674 simul
1373 2635 1389 2684 ;
1425 2637 1445 2671 ι
1499 2617 1756 2673 nimirum
1788 2626 2001 2688 gentes,

420 2708 618 2780 inquit,-
649 2712 714 2766 ad
748 2726 836 2767 me
882 2712 1049 2766 Deum
1086 2726 1244 2765 suum
1273 2710 1559 2773 accedant,
1591 2719 1646 2765 et
1679 2711 1845 2765 verba
1882 2726 2000 2765 mea

419 2799 734 2870 loquantur,
769 2818 893 2874 qua:
924 2803 1085 2858 simul
1118 2812 1177 2858 et
1205 2804 1259 2858 in
1293 2815 1438 2859 ciem
1486 2804 1887 2871 recitabantur,
1931 2803 2006 2859 vi-

418 2893 620 2950 delicet
650 2895 703 2950 in
729 2896 973 2952 Ecclesia
1006 2900 1150 2951 mea.

496 3062 661 3123 Vsus.
693 3067 752 3122 2.
795 3085 815 3119 ι
846 3067 1000 3123 Tunc
1050 3067 1315 3135 judicium
1370 3070 1715 3124 annuntient.
1741 3068 1878 3137 Quis
1904 3085 2003 3125 er-

420 3159 612 3213 citavit
639 3159 708 3215 ab
747 3162 961 3215 oriente
990 3159 1307 3229 justitiam!
1341 3163 1553 3217 vocavit
1583 3176 1707 3217 eam
1737 3164 1806 3218 ad
1838 3163 2002 3233 pedes

422 3265 552 3306 suos
576 3258 628 3307 et
662 3254 814 3306 vadet
835 3252 860 3307 ?
882 3271 901 3304 ι
939 3228 1192 3323 Peroptat
1220 3255 1365 3310 enim
1400 3267 1457 3309 ut
1488 3266 1699 3327 gentes,
1727 3228 1890 3327 quem
1915 3257 2004 3311 di-
2031 3228 2073 3283 Ο

422 3341 672 3398 dicerunt
724 3343 817 3400 Dei
872 3360 1180 3401 sermonem
1212 3346 1335 3404 aliis
1377 3349 1725 3406 annuntient.
1771 3347 2004 3405 Justitia:

421 3448 656 3506 namque
705 3452 843 3508 Opus
873 3447 1013 3504 erat,
1068 3446 1127 3493 ut
1174 3455 1280 3493 non
1327 3440 1612 3496 domestici
1642 3450 1876 3504 tantum,
1906 3441 2005 3496 sed

416 3528 582 3583 etiam
619 3530 840 3600 reliquae
865 3543 1056 3602 gentes
1089 3533 1156 3586 ad
1189 3531 1283 3587 Dei
1322 3533 1574 3588 notitiam
1617 3542 2002 3588 evocarentur.

497 3645 516 3678 ι
545 3623 701 3679 Dabit
728 3625 783 3677 itt
814 3632 1105 3692 conspectu
1142 3625 1409 3694 gentium,
1454 3635 1513 3680 et
1561 3640 1716 3693 reges
1744 3624 2006 3692 obstupe-

420 3719 588 3775 faciet
615 3735 631 3772 :
663 3726 719 3773 et
744 3716 893 3772 dabit
942 3717 994 3770 itt
1027 3725 1231 3770 terram
1281 3716 1492 3786 gladios
1534 3730 1750 3782 eorum,
1781 3723 1837 3770 et
1862 3715 2005 3769 sicut

418 3811 650 3883 stipulas
678 3809 932 3879 expulsas
956 3823 1117 3864 arcus
1149 3824 1365 3865 eorum.
1391 3828 1410 3862 ι
1454 3807 1709 3863 Snbdidit
1746 3808 1821 3862 illi
1871 3808 2006 3863 ntul-

420 3913 529 3973 tos,
567 3916 624 3958 ut
655 3903 1006 3973 Babylonem,
1037 3902 1181 3971 quod
1228 3902 1318 3972 jus
1366 3902 1692 3972 postulabat,
1739 3902 2001 3957 dirueret.

420 3994 541 4066 Ipse
569 4008 804 4064 namque
834 4002 973 4053 erat,
1004 3994 1096 4062 qui
1131 4002 1187 4048 et
1206 3994 1408 4063 priscis
1446 3994 1551 4049 illis
1574 3995 1704 4048 olim
1738 3995 2006 4064 religiosis

419 4087 738 4142 hominibus
771 4096 933 4141 notus
962 4085 1085 4151 fuit,
1110 4096 1166 4140 et
1193 4086 1286 4156 qui
1313 4096 1435 4155 post
1461 4088 1702 4155 priscum
1731 4087 1876 4141 illum
1915 4104 2007 4158 po-

420 4178 608 4249 pulum
638 4177 936 4233 Ecclesiatn
962 4178 1208 4248 gentium
1243 4179 1348 4233 sibi
1384 4180 1758 4234 concreditam
1790 4181 1999 4235 habuit.

497 4270 660 4325 Vsus.
697 4269 750 4334 '5,
792 4269 849 4324 4.
895 4287 915 4320 ι
963 4269 1026 4324 Ει
1068 4282 1427 4341 persequetur
1460 4286 1556 4326 eos
1594 4289 1607 4325 :
1651 4274 1907 4328 transibit
1950 4274 2003 4328 in

419 4376 555 4431 pace
583 4365 665 4415 via
696 4363 889 4431 pedum
908 4360 1045 4429 ejus.
1069 4362 1204 4429 Quis
1224 4373 1485 4433 operatus
1505 4374 1590 4418 est
1615 4374 1670 4419 et
1694 4365 1822 4419 fecit
1852 4367 2006 4422 haec?

422 4455 648 4510 Vocztvit
683 4471 825 4515 eam,
850 4455 941 4524 qui
993 4465 1147 4510 vocat
1177 4470 1298 4511 eam
1339 4471 1367 4509 a
1400 4458 1815 4527 generationum
1849 4458 2002 4527 prin-

2108 1975 2246 2045 δῆτα
2277 1977 2398 2038 ταῖς
2430 1975 2635 2044 νήσοις,
2673 1972 2814 2027 κατὰ
2844 1972 3197 2036 Θεοδοτίωνα,
3241 1990 3258 2023 ι
3300 1968 3566 2040 κωφεύειν
3600 1971 3696 2024 καὶ

2112 2069 2293 2140 σιγᾷν,
2332 2086 2350 2119 ι
2380 2067 2455 2131 ὡς
2487 2068 2553 2121 ἂν
2583 2068 2811 2139 ἐπήκοοι
2842 2065 3082 2135 γένοιντο
3105 2065 3292 2135 θεῖκῆς
3317 2063 3550 2136 ὁμιλίας,
3588 2080 3695 2116 σω-

2107 2161 2298 2232 τηρίου
2323 2175 2381 2213 τε
2416 2159 2792 2232 κηρύγματος.
2821 2160 3037 2229 Νήσους
3068 2156 3124 2211 δὲ
3152 2154 3407 2228 ὀνομάζει
3452 2154 3696 2226 συνεχῶς

2106 2253 2206 2316 τὰς
2232 2251 2291 2317 ἐξ
2315 2253 2571 2305 ἁπάντων
2607 2236 2716 2305 τῶν
2741 2250 2909 2304 ἐθνῶν
2925 2249 3268 2321 Ἐκκλησίας,
3296 2247 3384 2302 διὰ
3416 2248 3477 2301 τὸ
3501 2246 3694 2319 ὥσπερ

2107 2341 2215 2394 ὑπὸ
2255 2340 2533 2412 θαλάσσης
2584 2339 2973 2412 περιῤῥέεσθαι
3022 2339 3129 2393 ὑπὸ
3172 2338 3275 2408 τῆς
3318 2338 3565 2411 ἁλμυρᾶς
3594 2337 3691 2393 τοῦ

2109 2431 2223 2502 βίου
2257 2430 2475 2495 κακίας.
2514 2450 2532 2483 ι
2574 2433 2635 2484 Οἱ
2661 2432 2770 2503 γὰρ
2797 2432 3056 2503 ἄρχοντες
3085 2431 3400 2498 ἀλλάξουσιν
3434 2432 3619 2503 ἰσχύν·
3664 2451 3686 2485 ι

2105 2526 2184 2590 ὡς
2222 2525 2289 2580 ἂν
2322 2524 2677 2596 μεταϐάλοιεν
2712 2525 2802 2578 τὸν
2834 2524 3042 2577 ἑαυτῶν
3070 2525 3292 2597 τρόπον,
3324 2527 3418 2579 καὶ
3449 2525 3697 2598 ἀλλαγὴν

2106 2619 2205 2691 τήν
2248 2619 2357 2673 ἀπὸ
2386 2618 2499 2673 τῶν
2532 2618 2791 2691 χειρόνων
2838 2617 2929 2670 ἐπὶ
2979 2617 3047 2672 τὰ
3096 2620 3328 2691 κρείττω
3359 2621 3688 2691 ποιήσοιντο.

2112 2729 2131 2763 ι
2192 2712 2598 2781 Ἐγγισάτωσαν
2637 2709 2730 2762 καί
2769 2708 3157 2779 λαλησάτωσαν
3204 2710 3321 2781 ἅμα
3341 2728 3354 2741 ·
3398 2730 3416 2763 ι
3450 2710 3689 2782 δηλονότι

2106 2803 2173 2857 τὰ
2197 2803 2323 2875 ἔθνη
2345 2802 2483 2876 πρὸς
2515 2802 2605 2874 μὲ,
2624 2801 2779 2873 φησὶ,
2801 2802 2893 2855 τὸν
2912 2800 3045 2856 Θεὸν
3077 2803 3477 2872 ὲγγισάτωσαν,
3500 2805 3595 2859 καὶ
3621 2802 3690 2858 τὰ

2105 2892 2217 2964 ἐμὰ
2243 2895 2461 2965 ῥήματα
2489 2891 2901 2963 λαλησάτωσαν,
2932 2892 3068 2963 ὁμοῦ
3113 2891 3255 2947 κατὰ
3284 2894 3345 2948 τὸ
3373 2894 3504 2948 αὐτὸ
3541 2895 3693 2964 γενό-

2110 3000 2268 3056 μενα,
2312 2987 2370 3039 ὲν
2406 2988 2474 3058 τῇ
2514 2988 2621 3058 ἐμῇ
2644 2984 2846 3057 δηλαδὴ
2887 2984 3205 3057 Ἐκκλησία.

2184 3097 2202 3131 ι
2234 3078 2368 3132 Τότε
2399 3078 2580 3151 κρίσιν
2609 3075 3107 3146 ἀναγγειλάτωσαν.
3134 3078 3231 3142 Τίς
3273 3078 3556 3152 ἐξήγειρεν
3584 3080 3693 3133 ἀπὸ

2108 3169 2384 3225 ἀνατολῶν
2430 3169 2813 3240 δικαιοσύνην;
2855 3170 3111 3225 ἐκάλεσεν
3143 3172 3312 3242 αὐτὴν
3354 3172 3494 3226 κατά
3525 3172 3694 3235 πόδας

2107 3263 2295 3329 αὐτοῦ,
2316 3265 2410 3317 καὶ
2427 3263 2754 3335 πορεύσεται
2772 3279 2786 3329 ;
2815 3282 2832 3312 ι
2851 3262 2953 3315 Τὸν
2968 3262 3076 3334 γὰρ
3100 3264 3340 3334 περὶτῆς
3358 3262 3591 3335 κρίσεως
3606 3263 3694 3317 λό-

2107 3371 2202 3426 γον
2223 3353 2471 3425 βούλεται
2490 3353 2729 3425 μαθόντα
2749 3353 2817 3407 τὰ
2832 3353 2958 3426 ἔθνη
2977 3352 3072 3409 καὶ
3088 3354 3292 3423 ἑτέροις
3305 3352 3691 3422 ἀπαγγέλλειν.

2106 3445 2463 3516 Δικαιοσύνης
2488 3446 2599 3520 γὰρ
2641 3446 2801 3518 ἔργον
2842 3442 2911 3519 ἦν
2940 3445 3002 3500 τὸ
3035 3445 3111 3518 μὴ
3142 3446 3306 3511 ἰδίους
3340 3446 3520 3517 μόνον,
3556 3445 3694 3499 ἀλλά

2105 3542 2202 3594 καὶ
2224 3538 2293 3593 τὰ
2311 3539 2476 3594 λοιπὰ
2499 3538 2625 3610 ἔθνη
2653 3539 2935 3593 καλεῖσθαι
2957 3540 3050 3592 ἐπὶ
3069 3537 3167 3609 τὴν
3189 3537 3283 3591 τοῦ
3307 3537 3440 3591 Θεοῦ
3464 3538 3685 3606 γνῶσιν.

2185 3650 2204 3683 ι
2244 3630 2416 3684 Δὼσει
2449 3629 2693 3685 ἐναντίον
2749 3629 2941 3692 ἐθνῶν,
3000 3628 3093 3682 καὶ
3126 3628 3362 3698 βασιλεῖς
3394 3628 3645 3699 ἐκστήσει
3669 3643 3684 3657 ι

2107 3724 2202 3777 καὶ
2233 3722 2396 3777 δώσει
2425 3723 2506 3786 εἰς
2534 3722 2637 3794 γῆν
2665 3720 2765 3784 τὰς
2799 3720 3071 3792 μαχαίρας
3096 3720 3296 3783 αὐτῶν,
3325 3719 3419 3773 καὶ
3447 3720 3522 3783 ὡς
3550 3717 3689 3789 φρύ-

2107 3828 2250 3883 γανα
2291 3814 2576 3884 ὲξωσμένα
2618 3812 2688 3866 τά
2724 3812 2852 3878 τόξα
2894 3812 3091 3867 αὐτῶν.
3130 3830 3148 3863 ι
3197 3811 3493 3876 ’Υπέταξεν
3542 3810 3693 3883 αύτῷ

2109 3904 2360 3969 πολλοὺς,
2391 3905 2478 3957 ἴνα
2507 3902 2714 3977 καθέλῃ
2758 3902 3052 3957 Βαϐυλῶνα
3077 3900 3316 3964 δικαίως.
3366 3901 3536 3965 Αὐτὸς
3576 3899 3691 3973 γὰρ

2107 3993 2177 4069 ἢν
2201 3999 2230 4051 6
2262 3997 2495 4059 καὶτοῖς
2522 3994 2761 4067 πρώτοις
2789 3994 3065 4066 πρόπαλαι
3099 3996 3191 4047 καί
3220 3993 3279 4059 ἐξ
3309 3994 3483 4065 ἀρχῆς
3514 3993 3699 4064 θεοφι-

2106 4090 2221 4144 λέσι
2261 4088 2576 4161 γενομένοις
2614 4084 2899 4159 γνωσθεὶς,
2930 4090 3024 4143 καί
3067 4091 3095 4142 6
3138 4086 3274 4159 μετά
3306 4087 3398 4139 τὸν
3430 4086 3697 4159 πρότερον

2106 4180 2231 4235 λαὸν
2270 4180 2377 4234 τῶν
2411 4179 2581 4234 ὲθνῶν
2622 4178 2948 4249 Ἐκκλησίαν
2987 4178 3442 4248 πεπιστευμένος.

2185 4292 2203 4323 ι
2249 4272 2360 4325 Καὶ
2399 4270 2645 4336 διώξεται
2695 4270 2912 4335 αὐτούς’
2957 4269 3287 4324 διελεύσεται
3330 4270 3390 4321 ὲν
3422 4269 3616 4340 εἰρήνῃ
3659 4268 3694 4339 ή

2105 4362 2223 4427 ὁδὸς
2262 4362 2370 4416 τῶν
2410 4361 2586 4414 ποδῶν
2635 4359 2821 4415 αὐτοῦ.
2878 4360 2974 4424 Τίς
3021 4361 3288 4431 ἐνήργησε
3336 4358 3428 4412 καὶ
3469 4358 3694 4429 ἐποίησε

2107 4452 2314 4520 mina;
2367 4446 2656 4506 Ἐκάλεσεν
2688 4452 2858 4523 αὐτὴν
2891 4452 2919 4505 6
2946 4450 3125 4505 καλῶν
3153 4449 3323 4519 αὐτὴν
3357 4449 3465 4503 ἀπὸ
3490 4449 3696 4517 γενεῶν

422 4546 586 4614 ripio.
622 4565 640 4599 ι
674 4547 1024 4604 Testilicatur
1057 4564 1163 4603 non
1195 4548 1469 4619 vulgarem
1503 4549 1793 4605 utilitatem
1824 4551 2003 4622 genti-

2107 4546 2297 4618 ἀρχῆς.
2347 4563 2366 4596 ι
2405 4546 2693 4615 Μαρτυρεῖ
2720 4545 2778 4597 δὲ
2803 4547 2831 4598 6
2865 4543 3022 4612 λόγος
3059 4541 3323 4611 ὠφέλειαν
3367 4536 3429 4594 ού
3458 4536 3556 4612 τὴν
3600 4559 3694 4594 τυ-

422 4639 524 4693 luts
551 4640 933 4704 olnenturatn,
973 4641 1018 4694 si
1069 4657 1097 4693 ιι
1125 4641 1353 4711 pristina
1384 4643 1631 4696 caecitate
1680 4653 1738 4697 et
1778 4643 2003 4698 deorum

424 4731 769 4786 multitudine
803 4733 1101 4798 translatae,
1135 4734 1352 4788 videant
1378 4750 1502 4789 eum
1532 4734 1626 4804 qui
1659 4735 1816 4803 dixit,
1849 4753 1868 4787 ι
1893 4735 2006 4805 Ego

424 4821 566 4878 Deus
609 4825 835 4893 primus,
876 4836 932 4877 et
983 4826 1291 4879 inventura
1353 4837 1593 4895 tempora
1649 4844 1751 4896 ego
1805 4845 1947 4882 sum.
1980 4848 1999 4880 ι

419 4918 591 4985 Quem
641 4934 767 4973 cum
802 4917 1051 4972 viderent
1093 4920 1483 4984 extimuerunt,
1540 4922 1606 4975 ad
1656 4921 1870 4975 initintn
1919 4936 2008 4973 sa-

419 5012 639 5079 pientia:
678 5009 979 5080 proiectae;
1021 5026 1146 5065 nam
1199 5029 1218 5063 ι
1259 5011 1482 5068 Initium
1517 5013 1804 5085 sapientia:
1843 5014 2008 5068 timor

423 5102 638 5156 Domini
675 5102 740 5157 ⁶⁶.
771 5120 790 5154 ι

494 5198 654 5251 Vens.
690 5192 808 5254 5-7.
866 5216 885 5245 ι
922 5194 1166 5252 Termini
1206 5207 1366 5252 terra:
1395 5208 1768 5264 accesserunt,
1811 5207 1867 5251 et
1914 5213 2005 5250 ve-

421 5298 621 5342 nerunt
671 5290 857 5352 simul,
897 5288 1154 5361 judicans
1188 5291 1564 5359 unusquisque
1607 5293 1853 5358 proximo
1883 5307 2002 5355 suo,

416 5391 477 5434 et
528 5382 685 5436 fratri
732 5383 1006 5440 auxiliari.
1065 5372 1131 5437 Et
1157 5383 1324 5449 dicet,
1355 5370 1646 5437 Prmvnluit
1669 5385 1752 5437 vir
1782 5383 2001 5446 artifex,

420 5485 477 5524 σοι
524 5474 753 5528 a-t-arius
783 5476 1103 5544 percutiens
1144 5473 1374 5529 malleo:
1427 5474 1589 5528 simul
1642 5477 1867 5541 cudens,
1914 5477 2007 5530 nli-

419 5566 643 5633 quando
670 5566 886 5636 quidem
918 5568 1083 5633 dicet,
1116 5565 1385 5622 Solidatio
1432 5566 1571 5620 bona
1602 5577 1706 5621 est.
1735 5567 2002 5623 Corrnbo-

425 5667 626 5712 urunt
656 5672 718 5710 ea
750 5658 941 5722 clavis,
975 5666 1176 5730 ponent
1211 5674 1297 5726 ea,
1325 5668 1380 5714 ct
1418 5673 1523 5714 non
1567 5657 1948 5714 tttovebuntur.
1984 5677 2003 5711 ι

489 5812 544 5847 τ’
571 5812 719 5869 i‘s‘al.
749 5828 838 5874 cs.
868 5813 935 5879 io

2106 4637 2309 4708 χοῦσαν
2337 4638 2449 4698 τοῖς
2484 4635 2714 4698 ἔθνεσιν,
2751 4633 2893 4704 εἴγε
2930 4632 3330 4704 μεταϐάλλοντα
3366 4631 3467 4701 τῆς
3500 4631 3696 4702 προτέ-

2107 4744 2209 4799 ρας
2262 4726 2524 4796 ἀϐλεψίας
2571 4726 2668 4778 καὶ
2698 4723 3005 4788 πολυθεῖας,
3049 4724 3230 4777 ῐδοσαν
3261 4721 3353 4776 τὸν
3392 4721 3651 4793 εἰρηκότα
3675 4737 3689 4751 ο

2111 4839 2129 4870 ι
2184 4818 2325 4888 Ἐγὼ
2367 4817 2500 4882 Θεὸς
2552 4816 2786 4888 πρῶτος,
2836 4818 2931 4870 καὶ
2964 4820 3043 4881 εἰς
3089 4819 3158 4870 τὰ
3204 4816 3545 4887 ἐπερχόμενα
3584 4812 3693 4882 ἐγὼ

2105 4906 2244 4982 εἰμι.
2286 4930 2306 4960 ι
2358 4909 2469 4963 Καὶ
2515 4908 2695 4962 ἰδόντα
2744 4909 3119 4979 ἐφοϐήθησαν,
3154 4909 3212 4961 ὲν
3242 4906 3385 4977 ἀρχῇ
3428 4905 3695 4974 γενόμενα

2107 5000 2298 5071 σοφίας
2321 5018 2333 5031 ·
2384 5018 2404 5051 ι
2456 4999 2622 5072 Ἀρχὴ
2654 4997 2764 5071 γὰρ
2799 5000 2993 5070 σοφίας
3027 4998 3191 5068 ςόϐος
3224 4997 3451 5069 Κυρίου.
3493 5016 3513 5048 ι

2182 5199 2202 5231 ι
2241 5180 2323 5234 Τὰ
2351 5180 2497 5252 ἄκρα
2524 5179 2624 5251 τῆς
2653 5181 2757 5252 γῆς
2789 5182 3046 5253 ἤγγισαν,
3078 5179 3172 5234 καὶ
3203 5173 3367 5250 ἦλθον
3398 5176 3535 5247 ἃμα,
3575 5172 3698 5245 κρί-

2103 5289 2211 5325 νων
2238 5271 2472 5335 ἓκαστος
2498 5271 2575 5343 τῷ
2621 5271 2872 5344 πλησίον,
2904 5272 3003 5326 καί⁵
3050 5270 3130 5343 τῷ
3159 5269 3374 5341 ἀδελφῷ
3410 5266 3695 5339 βοηθῆσαι.

2112 5365 2224 5418 Καὶ
2254 5366 2399 5436 ἐρεῖ·
2441 5366 2689 5435 Ἴσχυσεν
2721 5364 2861 5437 ἀνὴρ
2892 5365 3120 5429 τέκτων,
3150 5364 3244 5418 καὶ
3277 5361 3511 5433 χαλκεὺς
3535 5360 3563 5411 ὁ
3601 5357 3699 5411 τύ-

2113 5472 2262 5507 πτων
2291 5455 2492 5528 σιρύρᾳ,
2526 5455 2642 5527 ἅμα
2665 5456 2923 5520 ἐλαύνων,
2943 5455 3073 5509 ποτε
3102 5455 3200 5526 μὲν
3228 5456 3362 5527 ἐρεῖ,
3395 5450 3700 5523 Σύμϐλημα

2114 5546 2278 5601 καλὸν
2329 5549 2499 5603 ἐστιν.
2554 5548 2881 5620 ’ἰσχύρωσαν
2937 5548 3076 5604 αύτά
3126 5550 3184 5602 ἐν
3236 5548 3407 5619 ἥλοις,
3442 5546 3699 5617 θήσουσιν

2115 5639 2275 5708 αὐτὰ,
2305 5642 2399 5697 καὶ
2430 5641 2493 5698 οὐ
2526 5642 2928 5716 κινηθήσονται.
2969 5665 2989 5700 ι
3027 5644 3100 5699 Τὸ
3127 5643 3236 5717 γὰρ
3267 5642 3700 5715 παραδοξότατον
