4130 6406
380 367 486 426 581

1304 368 1809 429 COMMENTARIA
1849 373 1916 428 ιν
1954 370 2215 429 ΙΒΑΙᾹΜ.
2255 401 2328 418 —-
2360 371 2512 427 CAP.
2554 371 2692 426 XLI.

3538 371 3644 426 583

380 489 656 546 ⁴ιταντοίων
689 488 934 554 ζωτικῶν
982 490 1208 554 ὑδάτων,
1240 492 1316 556 ὼς
1343 495 1710 549 ἀπολαύουσαι
1757 496 1945 559 ὕδατος

2072 512 2192 565 qua:
2239 510 2300 550 ea
2349 496 2465 565 ipsa
2504 494 2814 546 fruerentur
2861 507 3026 560 aqua,
3074 491 3140 544 de
3185 506 3288 560 qua
3325 493 3572 560 superius
3595 494 3638 524 τί

377 582 512 653 περὶ
538 576 599 635 οὗ
623 580 880 650 ἀνωτέρω
907 581 1140 650 ἐλέγετο’
1179 602 1196 632 ι
1222 584 1329 637 Καὶ
1359 585 1569 640 πίονται
1606 586 1747 659 ὕδωρ
1774 590 1838 640 ἐκ
1857 586 1966 641 τῶν

378 675 574 747 πηγῶν
599 673 693 728 τοῦ
729 674 1014 746 σωτηρίου⁸
1051 693 1068 726 ι
1107 674 1216 728 εἴτε
1241 677 1349 729 ἀπὸ
1375 678 1567 748 πηγῶν
1591 678 1685 730 τοῦ
1728 681 1963 749 Ἰσραὴλ,

337 761 455 823 ,ὧν
506 765 910 836 ἐμνημόνευσεν
954 767 982 818 ό
1035 767 1210 837 φήσας
1237 767 1413 836 λόγος,
1465 789 1482 820 ι
1530 770 1617 822 Ἐν
1651 770 2004 840 ἐκκλησίαις’

341 899 344 902 .
375 857 646 924 εὐλογεῖτε
671 855 761 908 τὸν
794 856 926 908 Θεὸν
955 856 1156 926 Κύριον
1185 859 1249 910 ἐκ
1277 859 1468 929 πηγῶν
1505 860 1739 932 Ἰσραήλ.
1769 880 1786 911 ι
1826 861 1963 914 Τοῦ-

340 963 437 1000 .το
477 946 521 999 δ’
554 947 621 999 ἂν
655 947 739 1016 εἴη
767 947 828 998 τὸ
862 947 1084 1017 Πνεῦμα
1131 947 1188 1000 τὸ
1233 949 1385 1016 ἅγιον
1427 950 1488 1002 τὸ
1533 951 1777 1019 πηγάζον
1809 954 1866 1004 ἐν
1895 955 1959 1023 τῇ

385 1037 684 1108 Ἐκκλησία
726 1037 820 1089 τοῦ
856 1038 1010 1102 Θεοῦ,
1053 1041 1147 1092 καὶ
1194 1041 1501 1112 ἀνομϐροῦν
1541 1041 1709 1095 ὕδατα
1761 1043 1957 1109 ζῶντα,

368 1129 496 1182 τοτέ
533 1129 630 1198 μὲν
657 1129 765 1181 ἀπὸ
795 1129 891 1198 τῆς
916 1131 1156 1194 Παλαιᾶς
1184 1131 1484 1202 Διαθήκης,
1512 1133 1634 1186 τοτέ
1650 1133 1707 1187 δέ
1733 1133 1839 1187 ἀπὸ
1862 1134 1960 1204 τῆς

368 1220 567 1290 καινῆς
597 1221 692 1274 καὶ
726 1221 1086 1292 εὐαγγελικῆς
1115 1222 1481 1284 διδασκαλίας.

450 1330 470 1363 ι
511 1311 672 1364 Ἀλλὰ
720 1311 919 1376 ἀνοίξω
964 1314 1054 1365 ἐπὶ
1090 1313 1197 1365 τῶν
1240 1314 1411 1384 ὀρέων
1445 1316 1740 1386 ποταμοὺς,
1777 1317 1866 1369 καὶ
1900 1317 1957 1370 ἐν

372 1402 526 1475 μέσῳ
549 1403 748 1456 πεδίων
782 1404 984 1471 πηγάς.
1006 1405 1222 1474 Ποιήσω
1253 1406 1347 1475 τὴν
1382 1405 1583 1477 ἔρημον
1608 1409 1688 1470 είς
1719 1407 1814 1478 ἐλη
1839 1407 1961 1460 osa.

365 1510 503 1558 των,
539 1494 633 1547 καὶ
660 1494 760 1564 τὴν
795 1493 1038 1568 διψῶσαν
1070 1496 1171 1565 γῆν
1210 1497 1268 1548 ἐν
1300 1497 1655 1568 ὑδραγωγοῖς.
1686 1497 1846 1569 Θήσω
1877 1500 1958 1562 είς

363 1585 468 1657 τὴν
498 1585 728 1658 ἄνυδρον
759 1587 862 1656 γῆν
892 1586 1080 1657 κέδρον
1108 1589 1202 1641 καὶ
1237 1587 1422 1651 πύξον,
1456 1590 1724 1659 μυρσίνην
1751 1589 1844 1642 καὶ
1866 1605 1958 1642 κυ-

364 1679 657 1750 πάρισσον,
685 1679 780 1732 καὶ
805 1678 1023 1748 λεύκην.
1061 1699 1078 1730 ι
1129 1679 1313 1733 Ταῦτα
1353 1679 1550 1740 πάντα,
1579 1682 1686 1737 οὐδ’
1717 1681 1889 1746 ἄλλως
1919 1681 1952 1753 ἢ

362 1768 426 1824 ιν
449 1768 661 1822 ὑδάτων
691 1769 887 1839 πλήθει
917 1770 1220 1839 τρεφόμενα
1248 1774 1339 1824 καὶ
1360 1771 1719 1842 αὐξανόμενα,
1747 1774 1825 1836 είς
1856 1773 1953 1844 τὴν

2067 581 2370 644 dicebatur,
2405 598 2423 632 ι
2457 579 2525 634 Ει
2573 579 2757 632 bibent
2790 593 2986 646 aquam
3032 591 3097 631 ex
3145 576 3384 630 fontibus
3435 577 3641 629 saluta-

2067 671 2219 737 τῖεν
2281 671 2396 724 sive
2441 685 2506 723 ex
2566 668 2808 722 fontibus
2862 667 3121 730 l'sraelis,
3172 683 3308 735 quos
3377 679 3644 722 ntotuorat

2066 776 2247 816 sermo
2295 761 2381 814 ille
2425 759 2514 828 qui
2553 761 2660 823 ait,
2714 777 2732 809 ι
2763 758 2816 811 lu
2878 758 3124 812 ecclesiis
3185 758 3485 813 benedicile
3535 760 3644 814 Deo

2068 852 2295 906 Domino
2337 851 2405 906 dc
2453 850 2694 905 fontibus
2741 848 3000 903 Israel".
3034 868 3052 900 ι
3111 849 3237 905 Ιιιῑιο
3287 866 3450 920 porro
3501 865 3640 920 aqua

2068 944 2231 998 fuerit
2262 944 2499 1011 Spiritus
2541 949 2782 1003 sanctus,
2810 940 2864 993 iu
2901 939 3140 996 Ecclesia
3186 941 3279 995 Dei
3313 943 3638 1006 scaturiens.

2064 1045 2119 1091 et
2179 1049 2348 1103 aquas
2417 1033 2658 1087 viventes
2737 1030 3042 1096 instillans,
3112 1032 3270 1085 modo
3326 1047 3392 1086 ex
3455 1029 3638 1089 Veteri

2069 1127 2456 1191 Testamento,
2520 1126 2681 1180 modo
2735 1140 2800 1178 ex
2869 1137 3004 1178 nova
3052 1132 3108 1178 et
3172 1124 3484 1194 evangelica
3541 1125 3636 1179 do-

2061 1218 2258 1273 ctrina.

2134 1309 2297 1363 Vsus.
2347 1309 2550 1373 18,19.
2607 1325 2628 1360 ι
2658 1309 2764 1363 Sed
2812 1308 3052 1378 aperiam
3100 1310 3156 1364 in
3209 1311 3481 1366 montibus
3535 1310 3636 1364 ﬂu-

2060 1403 2226 1467 mina,
2259 1414 2312 1457 et
2358 1404 2411 1457 in
2445 1403 2623 1458 medio
2655 1417 2970 1472 camporum
3024 1402 3222 1456 fontes.
3273 1401 3491 1456 Faciam
3541 1403 3638 1455 du-

2058 1504 2260 1550 sertum
2291 1496 2342 1550 in
2377 1495 2598 1564 paludes
2637 1509 2927 1563 aquarum,
2957 1501 3010 1546 et
3038 1492 3306 1547 sitientem
3344 1502 3542 1546 terram
3579 1492 3634 1545 in

2059 1588 2428 1657 aquaaductus.
2465 1585 2670 1641 Ponant
2705 1586 2756 1638 in
2803 1595 2946 1638 terra
2990 1585 3250 1655 inaquosa
3299 1585 3554 1648 cedrum,
3582 1594 3639 1638 et

2059 1678 2283 1742 buxum,
2331 1686 2386 1730 et
2434 1688 2691 1748 myrtum,
2736 1687 2792 1730 et
2833 1692 3172 1746 cupressum,
3217 1687 3270 1730 et
3307 1677 3631 1745 populum...

2060 1767 2183 1824 Haec
2215 1768 2420 1834 orantia,
2449 1783 2567 1840 qum
2599 1768 2809 1822 nonnisi
2850 1769 2902 1822 in
2939 1783 3202 1836 aquarum
3230 1769 3384 1838 c0pia
3415 1767 3638 1823 aluntur

361 1858 550 1913 ιίκόνα
579 1845 961 1929 περιείληπται
1009 1860 1118 1913 τῶν
1152 1863 1210 1913 ἐν
1243 1866 1307 1932 τῇ
1365 1863 1663 1934 Ἐκκλησία
1695 1864 1786 1916 τοῦ
1817 1864 1945 1918 Θεοῦ

2053 1869 2109 1914 et
2149 1869 2500 1934 accrescunt,
2529 1859 2594 1913 ad
2627 1860 3039 1914 similitudinem
3083 1859 3388 1915 animarqu
3431 1859 3484 1913 in
3535 1857 3637 1912 Ec-

361 1949 607 2004 εὐθαλῶν
639 1950 846 2021 ψυχῶν,
876 1953 982 2004 ἀπὸ
1012 1952 1382 2025 πολυπληθίας
1403 1954 1563 2008 θείων
1593 1956 1686 2009 καὶ
1721 1955 1953 2025 λογικῶν

360 2041 572 2096 ὑδάτων
605 2043 686 2106 είς
719 2041 850 2112 ὕψος
881 2045 1225 2115 ἐπηρμένων.
1269 2047 1398 2099 Ὅτε
1428 2046 1526 2118 μὲν
1549 2042 1640 2100 οὖν
1675 2049 1801 2110 τοὺς
1827 2066 1956 2120 καρ-

360 2135 500 2196 ποὺς
537 2133 637 2204 τῆς
685 2133 1008 2203 Ἐκκλησίας
1045 2134 1292 2202 βουλεται
1329 2137 1680 2207 παραστῆσαι
1707 2138 1733 2188 ὁ
1774 2137 1949 2205 λόγος,

366 2221 532 2276 εικόνι
566 2223 764 2295 χρῆται
794 2223 998 2287 ἐλαίας,
1033 2224 1065 2294 ἢ
1097 2225 1354 2293 φοίνικος,
1384 2225 1418 2296 ἢ
1453 2226 1718 2296 ἀμπέλου·
1767 2227 1854 2280 ὅτε
1896 2227 1952 2281 δὲ

370 2323 432 2365 το
453 2312 673 2377 εὐθαλὲς
699 2314 792 2367 καὶ
818 2314 1129 2385 διηρμένον,
1159 2317 1350 2386 νεαρόν
1370 2333 1427 2369 τε
1451 2317 1544 2370 καὶ
1565 2318 1819 2389 ἀκμαῖον,
1842 2318 1951 2373 τῶν

370 2402 528 2473 ἐντῇ
585 2403 872 2476 Ἐκκλησία
908 2407 1324 2477 προκοπτόντων
1366 2408 1535 2477 δηλοῖ,
1579 2412 1642 2480 τῇ
1678 2409 1784 2462 τῶν
1817 2428 1952 2485 προ·

365 2494 666 2564 λεχθέντων
693 2497 868 2564 φυτῶν
903 2499 1270 2568 συνεχρήσατο
1296 2499 1485 2552 εἰκόνι·
1511 2499 1546 2553 ἃ
1579 2501 1676 2553 οὐκ
1709 2501 1882 2566 άλλως
1914 2502 1948 2574 ἢ

361 2581 423 2648 ἐξ
451 2583 660 2638 ὑδάτων
687 2585 922 2658 πλήθους
947 2588 1039 2641 καὶ
1071 2588 1173 2658 γῆς
1196 2590 1411 2661 ἑδραίας
1436 2591 1528 2644 καὶ
1564 2592 1791 2663 μονίμου
1822 2611 1949 2648 συν-

360 2675 612 2730 ίστασθαι
641 2678 905 2748 πέφυκεν·
945 2679 972 2732 ὃ
1016 2680 1078 2750 δὴ
1125 2682 1217 2734 καὶ
1251 2683 1370 2736 ἀντὶ
1413 2684 1718 2755 παραδόξου
1753 2688 1948 2758 παρεί-

355 2768 544 2840 ληφεν,
572 2771 622 2822 εί
651 2770 712 2821 ἐν
732 2773 797 2841 τῇ
829 2770 1040 2842 ἀνύδρῳ
1069 2773 1162 2825 καί
1183 2773 1472 2846 καταξήρῳ
1510 2775 1604 2829 καὶ
1634 2776 1840 2849 δειλαία
1875 2781 1946 2850 γῇ

355 2859 625 2930 τοσαύτην
668 2861 875 2916 ὑδάτων
908 2863 1171 2934 χορηγίαν
1221 2863 1438 2919 ἔσεσθαι
1471 2867 1827 2938 ἐπήγγελται,
1872 2869 1948 2934 ὡς

353 2950 581 3006 τοιαῦτα
612 2951 911 3026 βλαστῆσαι
938 2955 1102 3022 φυτὰ,
1133 2958 1293 3009 ὁποῖα
1325 2958 1686 3012 κατείλεκται.
1716 2960 1820 3012 Τὸν
1846 2961 1946 3012 αὑ-

353 3044 445 3106 τὸν
478 3045 535 3097 δὲ
556 3046 756 3115 τρόπον
786 3045 1005 3101 ἔσεσθαι
1033 3048 1125 3101 καὶ
1155 3050 1247 3102 ἐπὶ
1284 3051 1381 3120 τῆς
1419 3050 1585 3105 πάλαι
1619 3053 1825 3123 ἐρήμου
1853 3053 1947 3106 καὶ

352 3134 586 3208 ἀνύδρου
619 3138 722 3208 γῆς
755 3137 863 3190 τῶν
902 3139 1066 3192 πάλαι
1092 3139 1403 3211 ἀλλοφύλων
1429 3143 1520 3195 καὶ
1549 3142 1722 3196 ἀθέων
1756 3144 1940 3198 ἐθνῶν·

2055 1933 2218 2005 clesia
2263 1950 2356 2006 Dei
2396 1949 2739 2016 ﬂorentium,
2781 1966 2902 2018 qua:
2941 1966 3007 2004 ex
3040 1951 3344 2005 divinarum
3376 1958 3431 2005 et
3466 1951 3634 2002 ratio-

2056 2042 2312 2098 nabiliqu
2366 2057 2630 2111 aquarum
2681 2043 3010 2097 abundantia
3060 2042 3114 2095 in
3151 2041 3319 2094 altum
3365 2055 3638 2096 exerere-

2054 2143 2212 2198 runt,
2257 2141 2609 2202 usurpantur.
2661 2132 2794 2186 Cum
2851 2133 3014 2201 igitur
3082 2131 3361 2200 Scriptura
3426 2131 3636 2186 fructus

2053 2223 2308 2279 Ecclesiae
2340 2233 2737 2293 repraesentare
2761 2223 2937 2292 cupit,
2981 2223 3214 2290 imagine
3258 2224 3428 2279 utitur
3454 2223 3632 2286 oliraa,

2052 2323 2145 2368 aut
2181 2314 2407 2383 palmae,
2448 2321 2543 2367 aut
2586 2313 2746 2377 vitis;
2793 2329 2914 2367 cum
2967 2328 3100 2368 vero
3133 2311 3447 2380 ﬂorentem,
3497 2313 3633 2368 sub-

2051 2404 2256 2472 limem,
2304 2414 2550 2474 vegetum
2595 2414 2649 2460 et
2693 2420 3010 2476 prosperum
3054 2419 3268 2472 eorum,
3295 2406 3385 2476 qui
3430 2406 3484 2460 in
3528 2405 3632 2461 Ec.

2049 2498 2216 2553 clesia
2257 2499 2586 2569 proficiunt,
2633 2507 2834 2554 statum
2898 2499 3202 2568 signiﬁcat,
3250 2501 3628 2568 praedictarum

2051 2591 2306 2645 arborum
2339 2589 2692 2644 similitudine
2734 2591 2924 2656 utitur,
2952 2605 3072 2659 quae
3103 2592 3319 2646 nonnisi
3363 2609 3429 2646 ex
3461 2607 3629 2661 aqua-

2051 2697 2168 2734 rum
2215 2683 2370 2751 copia
2423 2692 2588 2751 atque
2635 2682 2686 2734 in
2735 2692 2878 2736 terra
2921 2686 3075 2736 titma
3123 2684 3406 2752 solidaque
3449 2686 3631 2740 censii-

2051 2781 2197 2828 stere
2235 2773 2451 2827 solent:
2479 2774 2624 2843 quod
2663 2789 2796 2828 sane
2844 2789 2943 2843 pro
2981 2790 3041 2829 re
3077 2776 3340 2843 stupenda
3381 2785 3434 2830 et
3464 2777 3632 2830 mira-

2049 2862 2140 2916 bili
2186 2862 2490 2933 usurpavit,
2532 2862 2676 2932 quod
2713 2861 2969 2917 videlicet
3019 2864 3072 2917 in
3124 2863 3409 2933 inaqnosa.
3452 2864 3629 2933 arido,

2048 2965 2103 3010 et
2144 2956 2342 3010 misera
2383 2965 2565 3022 terra,
2611 2966 2816 3011 tantam
2859 2954 2978 3011 lore
3031 2971 3294 3025 aquarum
3343 2959 3633 3010 abundan.

2049 3047 2178 3102 tiam
2225 3047 2568 3119 polliceatur,
2597 3059 2654 3103 ut
2689 3050 2824 3105 tales
2875 3050 3132 3111 arbores.
3180 3049 3367 3118 quales
3397 3063 3625 3103 enume-

2051 3151 2262 3206 rantur,
2299 3142 2544 3210 proferre
2579 3142 2778 3198 valeat.
2820 3143 3020 3197 Eodem
3047 3151 3226 3196 autem
3269 3141 3432 3196 modo
3463 3157 3629 3197 even-

353 3227 626 3298 τοσαύτην
667 3229 775 3300 γὰρ
820 3231 1146 3302 γενήσεσθαι
1191 3233 1283 3287 καὶ
1323 3235 1410 3286 ἐπ’
1452 3235 1598 3306 αὑτῷ
1645 3237 1944 3310 μεταϐολὴν

2048 3241 2226 3286 turum
2258 3233 2389 3288 dicit
2435 3233 2488 3288 in
2543 3233 2630 3287 illa
2664 3233 2794 3288 olim
2841 3235 3052 3288 deserta
3094 3241 3150 3288 et
3193 3235 3449 3303 inaquosa
3497 3235 3627 3287 alio»

357 3319 688 3392 προφητεύει
709 3324 787 3385 εἰς
813 3321 1036 3386 ἔνδειξιν
1069 3324 1166 3394 τῆς
1201 3327 1468 3396 σωτηρίου
1498 3328 1832 3396 εὐεργεσίας.

424 3644 446 3678 ι
477 3627 594 3679 Ἵνα
615 3627 765 3681 ἴδωσι
791 3629 884 3681 καὶ
910 3627 1099 3697 γνῶσι,
1130 3629 1222 3682 καὶ
1241 3629 1535 3698 ἐννοησωσι
1562 3629 1654 3681 καὶ
1681 3628 1942 3681 ἐπίστων-

345 3734 441 3773 ται
465 3720 602 3791 ἃμα,
633 3721 714 3774 ὅτι
748 3721 866 3793 χεὶρ
893 3721 1096 3792 Κυρίου
1126 3720 1346 3791 ἐποίησε
1371 3719 1564 3784 ταῦτα,
1597 3720 1691 3773 καὶ
1728 3723 1757 3773 ὁ
1788 3720 1940 3788 ἆγιος

345 3811 443 3864 τοῦ
493 3812 709 3885 Ἰσραὴλ
756 3812 1084 3876 κατέδειξεν.
1123 3831 1142 3863 ι
1189 3813 1251 3866 Ei
1303 3810 1412 3882 γὰρ
1462 3812 1535 3881 μὴ
1569 3811 1701 3873 Θεὸς
1740 3806 1807 3881 ἦν
1845 3810 1940 3863 καὶ

342 3901 471 3974 χεὶρ
503 3902 733 3974 Κυρίου,
769 3905 801 3972 ἡ
831 3902 919 3954 διὰ
943 3902 1052 3954 τῶν
1086 3901 1398 3956 ἀποστόλων
1427 3900 1591 3954 αὑτοῦ
1625 3901 1722 3972 τὴν
1747 3901 1940 3954 τοσαύ-

339 4009 449 4064 την
483 3993 780 4063 μεταϐολὴν
823 3995 880 4046 ἐν
913 3996 1027 4056 τοῖς
1059 3993 1266 4046 ἔθνεσιν
1301 3993 1637 4064 εἰργασμένη
1659 4033 1672 4050 .
1713 3992 1830 4054 πῶς
1871 3992 1937 4045 ἂν

339 4081 685 4152 συνέστησαν
718 4084 776 4135 ἐν
803 4086 868 4153 τῇ
896 4083 1130 4154 τοσαύτῃ
1154 4082 1262 4136 τῶν
1294 4083 1462 4136 ἐθνῶν
1503 4082 1709 4154 ἐρημία
1742 4082 1938 4154 ἐκκλη-

342 4173 463 4228 σίαι
491 4172 649 4237 Θεοῦ,
674 4175 769 4227 καὶ
798 4174 866 4227 τά
899 4175 957 4227 ἐν
994 4175 1128 4245 αὐτῇ
1163 4173 1354 4242 λογικὰ
1393 4173 1560 4227 ὕδατα
1599 4173 1935 4244 πληθύνοντα

343 4263 620 4333 πανταχοῦ
648 4266 770 4335 γῆς,
795 4264 871 4328 ὼς
894 4265 1254 4336 γεωργεῖσθαι
1278 4265 1385 4318 τῶν
1419 4265 1680 4336 πρότερον
1713 4266 1935 4336 ἐρήμων

343 4354 437 4408 καῖ
461 4353 750 4425 ἀνημέρων
774 4353 941 4408 ἐθνῶν
960 4355 1057 4418 τὰς
1084 4354 1262 4426 ψυχάς
1284 4355 1360 4425 τῷ
1387 4355 1484 4424 τῆς
1508 4354 1815 4417 θεοσεϐείας
1846 4355 1933 4407 λό-

343 4463 448 4515 γῳ,
495 4445 650 4514 φύειν
694 4463 753 4498 τε
789 4447 881 4500 καὶ
933 4446 1112 4518 ὑψηλά
1159 4449 1250 4500 κα)⁵
1279 4450 1525 4518 μετέωρα
1553 4446 1928 4518 βλαστήματα·

2046 3343 2235 3382 narum
2277 3338 2334 3381 et
2364 3327 2652 3398 impiarum
2700 3327 2941 3396 gentium
2989 3335 3132 3380 terra
3168 3343 3182 3380 :
3215 3341 3338 3379 nam
3388 3337 3445 3379 ut
3479 3326 3626 3380 salu-

2047 3427 2163 3472 tare
2200 3418 2520 3474 beneﬁcium
2566 3419 2854 3489 exprimat,
2898 3427 3102 3473 tantam
3144 3419 3195 3473 in
3234 3419 3322 3474 illa
3364 3418 3478 3474 fore
3506 3435 3623 3474 mu-

2045 3511 2300 3565 tationem
2337 3512 2683 3566 vaticinatur.

2117 3603 2278 3658 Vsus.
2303 3603 2394 3657 20.
2435 3621 2453 3654 ι
2485 3604 2554 3658 Ut
2604 3605 2824 3658 videant
2852 3612 2924 3657 ἰιι
2975 3612 3341 3675 cognoscant,
3384 3612 3440 3657 et
3472 3605 3622 3670 cogi-

2041 3701 2155 3749 teut
2181 3704 2233 3750 et
2264 3696 2436 3748 sciant
2461 3695 2657 3758 simul,
2697 3697 2952 3764 quoniam
3003 3712 3196 3750 manus
3228 3696 3438 3750 Damiui
3494 3695 3620 3750 fecit

2042 3786 2178 3852 lucc,
2221 3797 2273 3841 et
2323 3795 2543 3842 sanctus
2579 3786 2739 3843 Israel
2769 3788 3030 3841 ostendit.
3057 3805 3076 3840 ι
3123 3786 3238 3842 Nisi
3284 3788 3427 3842 enim
3478 3788 3622 3844 Deus

2039 3889 2090 3934 et
2132 3895 2325 3934 nianus
2376 3880 2586 3933 Domini
2635 3889 2803 3942 esset,
2845 3894 2965 3947 qua:
3019 3894 3114 3948 per
3161 3879 3440 3948 apostolos
3491 3894 3619 3934 suos

2037 3979 2242 4025 tantam
2290 3973 2342 4026 itt
2383 3973 2634 4042 gentibus
2665 3973 3019 4026 mutationem
3071 3971 3302 4036 induxit,
3345 3974 3617 4040 quomodo

2040 4067 2092 4118 in
2126 4074 2277 4119 tanto
2324 4065 2560 4135 gentium
2609 4065 2826 4118 deserto
2879 4063 3135 4117 Ecclesite
3185 4063 3278 4117 Dei
3327 4063 3614 4116 constitis-

2037 4164 2192 4216 sent,
2237 4167 2291 4210 et
2343 4156 2700 4211 rationabiles
2745 4152 2862 4223 ejus
2909 4171 3060 4222 aquae
3103 4155 3304 4224 ubique
3351 4164 3617 4207 terrarum

2038 4245 2261 4316 largiter
2311 4257 2654 4308 manassent.
2709 4249 2780 4301 ita
2831 4257 2888 4299 ut
2950 4247 3053 4300 illa:
3113 4247 3240 4300 olim
3289 4249 3518 4301 deserta:
3561 4253 3617 4299 et

2037 4337 2270 4391 immites
2300 4340 2534 4408 gentium
2588 4340 2794 4400 animm,
2839 4339 2940 4409 piae
2992 4339 3268 4409 religionis
3310 4337 3476 4392 verbo
3516 4354 3615 4392 ex-

2035 4429 2140 4482 coli
2181 4441 2425 4499 possent,
2469 4448 2533 4485 ac
2577 4431 2753 4485 celsas
2795 4431 3166 4497 sublimesque
3200 4431 3411 4500 plantas
3457 4431 3617 4484 emit-

343 4537 441 4593 καὶ
465 4537 530 4590 τά
561 4537 659 4608 μὲν
690 4538 781 4591 ἐπὶ
803 4538 908 4606 γῆς
937 4538 1303 4609 ἐρῤιζωμένα,
1335 4539 1478 4607 λέγω
1503 4538 1566 4610 δὴ
1604 4540 1662 4590 ἐν
1688 4539 1766 4609 τῷ
1798 4539 1927 4610 θνη-

2047 4530 2151 4576 lere
2179 4542 2192 4578 :
2222 4539 2451 4593 quarum
2483 4525 2602 4578 alia;
2646 4525 2698 4577 in
2737 4533 2902 4589 terra,
2933 4525 3142 4578 scilicet
3185 4526 3236 4578 in
3273 4525 3486 4578 mortali
3525 4527 3626 4577 Ιιιι-·

339 4629 425 4702 τῷ
453 4631 548 4684 καὶ
579 4629 908 4701 ἀνθρωπίνῳ
948 4631 1067 4700 βίῳο
1097 4631 1162 4683 τὰ
1198 4631 1254 4683 δὲ
1283 4633 1363 4694 είς
1394 4631 1527 4701 ὕψος
1568 4632 1924 4700 ἐπαιρόμενα,

340 4719 420 4784 ὡς
447 4723 542 4775 καὶ
591 4722 751 4792 μέχρι
780 4721 876 4791 τῆς
935 4721 1208 4790 βασιλείας
1256 4721 1364 4773 τῶν
1406 4723 1649 4792 οὐρανῶν
1697 4724 1930 4776 ἐκτείνε-

339 4810 491 4875 σθαι,
526 4812 687 4864 κάκεῖ
710 4810 807 4873 τὰς
839 4809 1044 4862 ἑαυτῶν
1075 4811 1312 4882 ἀναρτᾷν
1337 4813 1588 4875 ἐλπίδαςς
1621 4814 1710 4866 Διὸ
1744 4819 1928 4882 φυτοῖς

336 4901 566 4962 ιύώδεσι
593 4901 686 4955 καὶ
717 4903 797 4965 είς
838 4901 969 4970 ὕψος
1001 4901 1331 4973 ἐπηρμένοις
1361 4904 1818 4975 παοαῧέὸληνται.

420 5095 439 5127 ⁴
485 5075 720 5145 Ἐγγιξει
756 5079 788 5147 ἡ
832 5077 1012 5148 κρίσις
1045 5075 1229 5148 ὑμῶν,
1263 5075 1410 5144 λέγει
1454 5076 1658 5148 Κύριος
1703 5081 1730 5132 ὁ
1771 5080 1922 5143 θεὸς.

337 5166 576 5237 ἤγγισαν
606 5169 662 5227 αἱ
694 5168 880 5238 βουλαὶ
916 5168 1088 5237 ὑμῶν,
1121 5168 1266 5236 λέγει
1300 5170 1327 5220 ό
1365 5167 1614 5236 βασιλεὺς
1655 5171 1870 5224 Ἰακώϐ.
1905 5190 1922 5221 ι

351 5257 773 5330 Ἀναπολόγητοι
806 5260 914 5329 γάρ
965 5262 1108 5321 ἐστε,
1145 5259 1330 5330 φησὶν,
1366 5252 1410 5310 ὦ
1446 5258 1846 5331 εἰδωλολάτραι,
1879 5263 1928 5313 oi

343 5347 484 5417 μετά
521 5349 618 5419 τὴν
657 5350 925 5420 τοσαύτην
953 5352 1108 5422 χάριν
1141 5351 1238 5421 τὴν
1268 5351 1338 5404 τὰ
1378 5351 1615 5405 τοσαῦτα
1660 5369 1930 5424 κατεργα-

342 5439 606 5512 σαμένην,
640 5443 705 5513 τῇ
754 5441 997 5511 πολυθέῳ
1027 5442 1481 5510 ἐναπομείναντες
1512 5443 1708 5513 πλάνῃ,
1740 5444 1812 5513 μὴ
1845 5445 1928 5497 ἐν·

339 5530 655 5599 νοήσαντες,
682 5531 756 5595 ὡς
779 5533 898 5603 χεὶρ
922 5527 1216 5603 ἦνάληθῶς
1243 5532 1376 5586 Θεοῦ
1403 5533 1435 5601 ὴ
1464 5532 1532 5585 τὰ
1550 5533 1780 5585 τοσαίτα
1806 5550 1930 5586 κατ⁹

340 5623 705 5695 εργαζομένη,
746 5625 842 5677 καὶ
884 5625 1013 5696 πρὶν
1073 5624 1323 5693 γενέσθαι
1359 5624 1748 5698 μαρτυραμένη
1774 5664 1788 5689 ,
1843 5625 1924 5682 ὅτι

340 5714 514 5771 ταῦτα
542 5714 711 5769 ἔσται.

420 5809 458 5842 ³⁸
500 5810 628 5874 Cap.
659 5827 754 5874 xu.
788 5829 924 5870 vers.
957 5812 1037 5870 13.
1115 5813 1159 5844 τ’
1199 5809 1337 5869 Paul.
1370 5826 1536 5877 Larti,
1571 5811 1658 5866 ΞΤ.

2039 4632 2303 4685 manuque
2329 4618 2462 4681 vita,
2501 4618 2710 4670 radices
2753 4631 3016 4684 posuere;
3061 4617 3182 4671 alia:
3220 4632 3350 4671 vero
3397 4633 3612 4672 sursmn

2034 4721 2233 4763 erectae
2279 4718 2447 4770 Sttnl,
2493 4710 2566 4761 ita
2617 4719 2674 4760 ut
2713 4709 2780 4763 ad
2842 4725 3015 4779 usque
3068 4724 3294 4778 regnum
3353 4709 3613 4764 caelorum

2034 4804 2477 4866 cxtendcrentur,
2525 4813 2686 4869 atque
2722 4803 2792 4855 ibi
2837 4817 2986 4871 spem
3035 4817 3190 4856 suam
3249 4799 3618 4870 reponerent?

2035 4895 2386 4958 quamobrem
2465 4893 2906 4948 suat-colentibus
2960 4911 3025 4949 ac
3076 4894 3390 4950 celsissimis
3451 4893 3626 4945 arbo-~

2036 4986 2185 5040 ribus
2212 4996 2611 5053 comparantur.

2109 5077 2270 5132 Vsus.
2295 5078 2385 5131 21.
2425 5097 2442 5129 ι
2473 5078 2882 5148 Appropinquat
2903 5077 3165 5146 judicium
3195 5088 3453 5132 vestrum.
3479 5073 3610 5126 dicit

2029 5167 2282 5222 Dominus
2337 5170 2525 5224 Deus:
2575 5172 3075 5241 appropinquarunt
3127 5171 3350 5224 consilia
3403 5176 3605 5231 vestra,

2025 5260 2156 5314 dicit
2201 5275 2293 5314 rex
2331 5259 2517 5316 Jacob.
2545 5280 2564 5312 ι
2612 5263 3006 5318 Iuexcusabilcs
3036 5265 3239 5333 quippe
3267 5261 3417 5322 estis,
3444 5257 3540 5320 ait,
3571 5275 3606 5312 υ

2025 5351 2363 5416 idololatrre.
2418 5356 2510 5424 qui
2571 5364 2690 5422 post
2743 5365 2946 5408 tantam
3001 5355 3238 5419 taliaque
3288 5356 3602 5417 Operantem

2024 5445 2274 5514 gratiam,
2304 5447 2356 5500 in
2404 5447 2695 5501 multorum
2736 5447 3012 5499 numimnn
3052 5459 3236 5498 errore
3279 5441 3601 5497 mansistis:

2031 5552 2136 5590 non
2179 5538 2510 5608 cOgitantes,
2558 5555 2776 5592 manum
2819 5538 2910 5592 Dei
2960 5551 3080 5590 esse
3124 5551 3243 5604 qua:
3289 5544 3394 5587 lant
3436 5532 3600 5587 multa

2029 5629 2233 5697 edidit,
2278 5640 2331 5687 ct
2380 5642 2665 5703 antequam
2717 5631 2942 5694 ﬂerent,
2989 5629 3101 5681 haec
3141 5628 3314 5680 futura
3359 5639 3612 5696 praenun-

2034 5718 2203 5774 tiavit.
3554 5742 3556 5745 ·
