4130 6378
287 340 392 400 585

1203 333 1711 392 COMMENTABIA
1754 333 1820 388 IN
1861 333 2118 394 ISAIAM.
2159 365 2226 376 —
2267 333 2417 390 CAP.
2460 333 2620 390 XLII.

3432 346 3541 402 386

284 461 379 514 οὐκ
421 455 568 509 ἐστιν
613 455 643 507 ό
683 453 987 526 προλέγων,
1043 452 1167 506 οὐδὲ
1221 455 1250 507 6
1295 453 1508 507 ἀκούων
1557 449 1712 524 ὑμῶν
1741 454 1864 518 τοὺς

1974 453 2221 516 ruerunt,
2248 464 2302 509 et
2329 453 2572 508 dicamus
2605 468 2727 508 vera
2772 456 2924 510 esse?
2960 471 3066 512 non
3093 467 3177 514 est
3206 460 3296 528 qui
3345 467 3542 530 prandi-

284 550 493 616 λόγους.
568 567 586 598 ι
653 545 860 614 Διπλῆν
898 545 1012 615 ἔχει
1067 545 1330 609 διάνοιαν,
1366 544 1441 608 ὡς
1489 546 1624 616 μήτε
1681 545 1860 598 αὐτῶν

286 639 514 710 ἑχόντων
549 636 739 704 λόγον,
775 635 864 690 διὰ
891 636 952 688 τὸ
1011 636 1175 706 μηδὲν
1219 635 1498 700 δύνασθαι,
1544 637 1680 708 μήτε
1729 635 1864 689 εἰδέ-

285 750 388 792 ναι,
441 731 582 800 μήτε
609 729 718 782 τῶν
759 727 927 782 πάλαι
974 729 1103 800 περὶ
1151 728 1290 783 αύτά
1322 729 1688 799 πλανωμένων
1738 730 1862 783 ὲπι-

289 825 556 892 μενόντων
586 822 653 890 τῇ
700 820 910 892 πλάνῃο
946 821 1312 890 ὼφελημένων
1365 821 1421 874 δὲ
1460 820 1565 873 ὑπὸ
1613 820 1707 874 τοῦ
1765 821 1864 891 τῆς

286 911 541 982 ἀληθείας
602 912 784 980 λόγου,
819 911 895 975 ὡς
955 911 1149 982 μηκέτι
1199 911 1427 974 ἐκείνοις
1463 913 1720 982 παρέχειν
1762 911 1862 976 τὰς

285 1005 466 1067 ἀκοὰς,
489 1003 577 1056 διά
599 1004 659 1056 τὸ
678 1003 1075 1072 κατεγνωκέναι
1087 1002 1187 1072 τῆς
1220 1002 1454 1065 παλαιᾶς
1486 1004 1719 1074 ἀπάτης.

356 1206 374 1238 ι
423 1182 624 1255 Ἀρχὴν
667 1180 805 1234 Σιὼν
833 1181 1022 1243 δώσω,
1071 1183 1166 1236 καὶ
1212 1183 1564 1254 Ἰερουσαλὴμ
1610 1202 1864 1254 παρακαρ

284 1277 417 1331 λέσω
441 1278 521 1339 είς
550 1274 688 1329 ὁδόν.
726 1293 744 1325 ι
789 1277 851 1328 Ὃ
884 1275 1031 1342 λέγει
1061 1276 1298 1330 τοιοῦτόν
1343 1279 1492 1330 ἐστι·
1539 1277 1863 1345 Γινώσκετε,

286 1365 328 1424 ὧ
369 1369 670 1439 ἄνθρωποι,
699 1368 774 1431 ὡς
806 1369 869 1438 τῇ
925 1365 1218 1438 Ἐκκλησία
1240 1371 1306 1438 τῇ
1342 1370 1470 1439 ἐμῇ,
1522 1370 1587 1439 τῇ
1642 1369 1733 1422 καὶ
1776 1367 1866 1421 διά

286 1462 386 1515 τῶν
419 1460 728 1531 ἔμπροσθεν
765 1458 1132 1529 ὠνομασμένη
1174 1457 1311 1513 Σιὼν
1351 1460 1444 1513 καὶ
1486 1460 1860 1532 Ἰερουσαλὴμ,

289 1555 440 1618 αὐτὸς
469 1551 580 1622 ἐγὼ
599 1551 755 1604 δώσω
782 1551 878 1620 τὴν
935 1550 1076 1604 κατά
1105 1551 1320 1605 πάντων
1362 1552 1561 1623 ἀρχὴν,
1621 1554 1714 1606 καὶ
1763 1553 1864 1623 τὴν

301 1647 620 1717 Ἐκκλησίαν
657 1663 758 1717 μου
801 1643 1186 1715 παρακαλέσω,
1231 1646 1326 1698 καὶ
1371 1645 1522 1716 θήσω
1562 1644 1731 1716 αὐτὴν
1784 1649 1864 1710 εἰς

289 1742 417 1795 ὁδόν.

1966 553 2072 607 cat,
2103 559 2276 614 neque
2320 546 2411 614 qui
2446 545 2632 599 audiat
2661 559 2940 602 sermones
2965 559 3196 605 vestros.
3219 569 3240 603 ι
3281 551 3406 607 Ilaec
3442 553 3544 607 du-

1965 637 2088 706 plici
2137 652 2288 692 more
2325 637 2554 707 intelligi
2601 649 2852 706 possunt;
2893 649 2950 693 ut
2993 657 3170 707 neque
3216 642 3288 713 illi
3334 659 3544 698 sermo-

1966 744 2108 790 nem.
2137 744 2297 798 quem
2330 729 2628 798 proferant,
2663 729 2923 793 habeant,
2950 733 3097 799 quod
3144 732 3277 788 nihil
3308 735 3542 798 valeant,

1963 818 2204 888 nihilque
2248 819 2463 883 sciant;
2516 833 2691 886 neque
2725 818 2823 885 illi,
2854 819 2980 873 olim
3024 822 3105 876 his
3149 823 3200 876 iu
3251 823 3411 878 rebus
3451 839 3542 878 er-

1966 921 2168 973 rantes,
2197 910 2252 963 in
2285 925 2473 964 errore
2503 919 2789 976 maneant;
2822 911 2916 964 sed
2951 913 3117 965 verbo
3164 913 3410 967 veritatis
3449 914 3545 970 ad-

1961 1001 2088 1070 juti,
2117 1001 2432 1057 nullatenus
2457 1001 2588 1068 ipsis
2613 1016 2774 1055 aures
2804 1005 3097 1070 praebeant,
3125 1005 3268 1073 quod
3303 1007 3543 1074 priscum

1964 1109 2205 1150 errorem
2233 1092 2683 1164 deprehenderint
2706 1104 2762 1147 et
2787 1095 3117 1151 damnarint.

2042 1185 2200 1240 \‘sus.
2227 1186 2316 1240 27.
2357 1205 2376 1238 ι
2409 1184 2776 1251 Principatum
2810 1185 2938 1240 Sion
2968 1185 3129 1252 dabo,
3158 1199 3213 1242 et
3238 1186 3541 1246 Jerusalem

1965 1278 2286 1332 consolabor
2316 1278 2368 1331 in
2400 1277 2506 1332 via.
2536 1295 2556 1328 ι
2579 1274 2704 1336 Har.
2731 1287 2814 1332 est
2849 1277 2974 1332 dicti
3011 1281 3278 1334 sententia
3303 1299 3318 1336 :
3358 1280 3501 1340 Heus
3526 1285 3540 1338 ι

1966 1383 2062 1423 vos
2119 1369 2386 1436 homines,
2434 1367 2735 1436 agnoscite,
2791 1383 2876 1422 me
2910 1368 3165 1424 Ecclesia:
3207 1387 3373 1437 metu,
3424 1388 3546 1444 quae

1967 1462 2114 1530 prius
2153 1461 2283 1514 Sion
2323 1473 2378 1514 et
2418 1459 2718 1514 Jerusalem
2770 1471 2958 1516 vocata
2996 1461 3119 1525 fuit,
3175 1462 3540 1533 principatum

1969 1553 2021 1606 in
2058 1568 2246 1607 otnucs
2293 1553 2542 1608 daturum
2574 1567 2712 1617 esse,
2760 1568 2822 1606 ac
2873 1551 3172 1607 Ecclesium
3206 1570 3380 1608 meam
3414 1571 3546 1610 con-

1967 1644 2268 1702 solaturum
2301 1645 2708 1714 posituramque
2738 1645 2789 1698 in
2824 1645 2927 1697 via.

224 1866 227 1869 -
319 1863 336 1876 ι
359 1851 376 1882 ι
410 1829 542 1883 Ἀπὸ
601 1829 708 1897 γὰρ
740 1827 848 1882 τῶν
885 1828 1056 1884 ὲθνῶν
1094 1827 1201 1881 iacit
1229 1824 1432 1889 οὐδείς’
1479 1824 1572 1877 καὶ
1617 1823 1725 1877 ἀπὸ
1756 1822 1864 1875 τῶν

1989 1799 1994 1804 ’
2041 1824 2205 1880 Vsus.
2230 1826 2322 1890 28,
2355 1825 2445 1884 29.
2486 1844 2505 1877 ι
2531 1827 2570 1880 A
2605 1823 2849 1894 gentibus
2881 1826 3028 1880 enim
3059 1841 3187 1882 ecce
3235 1826 3414 1884 nullus
3442 1837 3546 1892 est.

292 1921 513 1976 εἰδώλων
541 1920 722 1973 αὐτῶν
751 1921 850 1972 οὐκ
875 1916 942 1990 ἦν
970 1922 998 1972 6
1031 1916 1395 1986 ἀναγγέλλων.
1444 1916 1554 1969 Καὶ
1583 1915 1680 1968 ἐὰν
1723 1917 1863 1986 ἐρω-

291 2016 431 2085 τήσω
477 2013 694 2076 αὐτοὺς,
751 2011 922 2066 Πόθεν
967 2011 1121 2069 tati;
1166 2010 1225 2062 ού
1261 2009 1334 2080 μὴ
1368 2007 1705 2078 ἀποκριθῶσί
1750 2023 1861 2078 μοι.

294 2106 406 2158 Είσὶ
434 2105 542 2177 γὰρ
564 2106 613 2158 οἱ
647 2103 924 2182 ποιοῦντες
952 2104 1116 2174 ὑμᾶς,
1137 2103 1230 2155 καὶ
1269 2101 1444 2171 μάτην
1475 2102 1523 2152 oi
1555 2097 1864 2161 πλανῶντες

298 2198 449 2268 ὑμᾶς.
489 2217 507 2248 ι
555 2195 927 2267 Ἦλέγχθησαν
951 2195 1082 2264 γοῦν
1125 2194 1186 2247 τὸ
1215 2193 1380 2266 μηδὲν
1425 2191 1596 2254 ὄντες,
1630 2191 1725 2243 καὶ
1775 2190 1865 2242 διὰ

303 2289 448 2341 τοῦτο
475 2287 631 2358 μηδὲν
655 2287 974 2358 δυνάμενοι·
1008 2287 1089 2340 διὸ
1143 2287 1236 2339 καὶ
1268 2285 1362 2338 ἐὰν
1395 2284 1730 2356 ἐπερωτήσω
1767 2283 1867 2335 αύ-

303 2381 420 2442 τούς
450 2378 632 2431 ὁπόθεν
655 2373 782 2442 εἷεν,
815 2376 987 2439 οὐδεὶς
1013 2375 1194 2429 αὐτῶν
1217 2375 1507 2445 ἀπόκρισιν
1529 2371 1709 2426 δώσει.

787 2469 1183 2522 ΚΕΦΑΛΑΙΟΝ
1221 2467 1354 2520 MB’.

370 2581 388 2612 ι
436 2559 630 2614 Ἰακὼϐ
660 2563 688 2613 ό
718 2563 847 2623 παῖς
872 2577 995 2630 μου,
1031 2557 1390 2627 ἀντιλήψομαι
1417 2553 1582 2608 αὑτοῦ
1607 2569 1620 2582 ·
1650 2546 1866 2622 Ἰσραὴλ

289 2653 320 2704 6
340 2653 584 2716 ἐκλεκτός
620 2669 744 2723 μου,
790 2650 1152 2724 προσεδέξατο
1177 2649 1338 2702 αὐτὸν
1372 2650 1407 2719 ή
1435 2647 1579 2717 ψυχή
1611 2662 1732 2716 μου.
1765 2644 1864 2695 Ἔ-

288 2744 423 2797 δωκα
447 2744 511 2796 τὸ
536 2743 758 2814 Πνεῦμά
793 2760 892 2814 μου
922 2743 1008 2795 ἐπ’
1040 2742 1221 2796 αὐτόν,
1264 2760 1282 2791 ι
1315 2739 1512 2811 Εὖροις
1539 2738 1582 2790 δ’
1605 2737 1672 2789 ἂν
1691 2733 1864 2788 ταῦτα

289 2836 491 2906 συνῳδὰ
515 2839 628 2899 τοῖς
661 2835 747 2890 διὰ
792 2835 902 2888 τῶν
950 2834 1257 2905 ἔμπροσθεν
1285 2834 1412 2903 περὶ
1463 2830 1558 2884 τοῦ
1601 2831 1666 2882 ὲκ
1710 2827 1864 2899 ῥίζης

296 2928 489 2981 Ἰεσσαὶ
539 2927 998 2998 προελευσομένου
1040 2925 1512 2996 τεθεσπισμένοις.
1579 2921 1864 2983 Ἐκλεκτδς

281 3020 330 3073 δὲ
361 3020 546 3074 οὐκέθ’
580 3020 779 3092 ὁμοίως
804 3023 915 3081 τοῖς
939 3018 1256 3080 ἀποστόλοις
1275 3033 1289 3047 ⁸
1326 3016 1513 3085 ἐπειδὴ
1543 3014 1689 3085 μόνῳ
1713 3011 1862 3082 αὑτῷ

280 3109 523 3164 λέλεκται
545 3110 627 3175 τὸ,
663 3127 682 3160 ι
726 3112 820 3162 Ὃν
850 3107 1100 3179 ᾑρέτισεν
1127 3109 1160 3177 ή
1195 3107 1340 3176 ψυχή
1380 3122 1480 3176 μου
1503 3121 1516 3134 ⁸
1560 3123 1578 3155 ι
1609 3102 1744 3156 ἀλλὰ
1769 3103 1863 3156 καὶ

281 3203 330 3256 τὸ
349 3204 577 3272 πνεῦμα
599 3199 692 3254 τοῦ
717 3199 850 3254 Θεοῦ
882 3200 973 3252 ἐπὶ
1009 3197 1166 3268 μόνον
1205 3197 1366 3250 αὑτὸν
1399 3194 1855 3250 ὲπαναπαύσατο·

288 3311 304 3342 ι
338 3295 419 3346 Ἐν
457 3292 624 3363 αὐτῷ
657 3290 766 3362 γὰρ
813 3289 1100 3360 κατῴκησε
1160 3287 1267 3340 πᾶν
1333 3285 1393 3339 τὸ
1439 3285 1716 3357 πλήρωμα
1757 3286 1860 3355 τῆς

290 3382 528 3456 Gram-co;
555 3381 902 3454 σωματικῶς.
940 3400 957 3432 ι
991 3381 1188 3451 Διόπερ
1218 3377 1294 3441 ὡς
1331 3377 1489 3448 μόνος
1512 3379 1773 3450 χωρήσας
1797 3378 1859 3430 τὸ

285 3473 501 3547 Πνεῦμα
527 3475 588 3528 τὸ
611 3472 892 3546 πατρικὸν,
921 3471 989 3524 τά
1019 3469 1142 3539 ἑξῆς
1176 3470 1351 3522 πάντα
1373 3468 1683 3540 ἐργάζεται,
1702 3467 1863 3536 ἐξαγ-

287 3566 471 3634 γέλλων
510 3568 576 3620 τὰ
607 3567 736 3638 περὶ¹
772 3566 870 3636 τῆς
903 3563 1196 3632 καθολικῆς
1225 3559 1456 3632 κρίσεως
1487 3564 1598 3624 τοῖς
1625 3559 1859 3621 ἔθνεσιν,

282 3659 345 3720 εἰς
379 3660 439 3712 τὸ
477 3654 1000 3730 παρασκευάζεσθαι
1042 3655 1167 3717 τοὺς
1203 3653 1410 3715 πάντας
1460 3653 1540 3716 εἰς
1585 3652 1685 3724 τὴν
1733 3649 1859 3721 μέλ-

282 3747 470 3804 λουσαν
501 3750 597 3802 τοῦ
631 3749 765 3802 Θεοῦ
791 3748 994 3821 κρίσιν.
1732 3803 1735 3809 ,

348 3858 367 3891 ι
400 3842 478 3893 Οὐ
538 3838 886 3910 κεκράξεται,
917 3839 1036 3890 οὐδὲ
1071 3837 1281 3907 ἀνήσει,
1307 3834 1427 3888 οὐδὲ
1463 3833 1860 3903 ἀκουσθήσεται

280 3931 378 3995 ἔξω
417 3935 454 4002 ἡ
495 3931 645 4001 φωνὴ
669 3929 832 3982 αὐτοῦ
856 3947 869 3960 °
896 3930 1135 3998 κάλαμον
1164 3927 1527 3996 τεθλασμένον
1555 3927 1621 3978 οὐ
1647 3925 1862 3995 συντρί-

278 4022 495 4092 psum!
530 4022 672 4073 λίνον
703 4021 1095 4090 καπνιζόμενον
1128 4021 1188 4072 ού
1215 4020 1426 4072 σϐέσει·
1454 4018 1590 4071 ἀλλὰ
1619 4019 1700 4080 είς
1731 4017 1864 4089 ἀλή-

275 4111 428 4166 θειαν
457 4110 653 4175 ἐξοίσει
701 4111 899 4183 κρίσιν.
947 4130 964 4161 ι
1019 4110 1254 4181 Σύνηθες
1297 4113 1363 4181 τῇ
1412 4109 1532 4181 θείᾳ
1563 4109 1758 4180 Γραφῇ
1784 4108 1864 4180 τῷ

281 4203 370 4274 τῆς
398 4203 581 4273 ψυχῆς
619 4201 826 4274 ὄμματι
864 4201 1241 4272 καταχρᾶσθαι
1271 4203 1363 4254 ἐπὶ
1389 4201 1483 4254 τοῦ
1515 4200 1651 4254 Θεοῦ
1672 4217 1684 4229 ’
1742 4201 1864 4253 ἐπεὶ

278 4296 366 4347 καὶ
400 4296 588 4359 πόδας,
610 4296 703 4347 καὶ
727 4297 936 4364 χεῖρας,
961 4295 1054 4346 καὶ
1080 4292 1396 4356 δακτύλους,
1423 4294 1517 4347 καὶ
1549 4291 1866 4362 ὀφθαλμοὺς

279 4385 410 4438 Θεοῦ
449 4385 639 4441 εἴωθεν
661 4383 1141 4456 ἀνθρωπινώτερον
1178 4384 1568 4456 προφέρεσθαι.
1605 4383 1743 4454 Περὶ
1766 4383 1864 4436 αὑ-

1966 1921 2113 1978 etde
2161 1920 2320 1976 idolis
2359 1935 2544 1974 earum
2599 1937 2707 1974 non
2735 1927 2852 1974 erat
2884 1920 2973 1987 qui
3005 1920 3370 1976 annuntiaret.
3405 1921 3468 1976 Et
3501 1923 3548 1976 si

1967 2011 2374 2076 interrogarem
2403 2025 2520 2073 eos,
2561 2008 2714 2066 Unde
2751 2010 2930 2065 estis?
2991 2027 3096 2068 non
3146 2012 3547 2082 respondebunt

1967 2101 2121 2156 mihi.
2152 2099 2289 2154 Sunt
2317 2101 2460 2154 cnim
2485 2099 2574 2168 qui
2606 2096 2811 2152 faciunt
2837 2107 2890 2153 et
2921 2098 3014 2168 qui
3057 2098 3258 2155 frustra
3283 2101 3549 2155 seducunt

1967 2203 2081 2244 vos.
2110 2209 2128 2242 ι
2170 2190 2316 2244 Nihil
2346 2206 2441 2245 eos
2484 2206 2629 2256 esse,
2657 2198 2713 2244 et
2745 2189 2864 2242 ideo
2901 2189 3032 2243 nihil
3067 2205 3252 2259 posse,
3301 2206 3548 2260 compro-

1965 2280 2146 2333 hatum
2199 2289 2328 2335 est:
2374 2297 2546 2350 quare
2600 2281 2645 2334 si
2697 2280 3108 2350 interrogavere
3139 2294 3232 2335 eos
3278 2281 3551 2335 undenatl:

1965 2371 2094 2436 sint,
2122 2385 2308 2426 eorum
2347 2386 2509 2426 neum
2543 2371 2911 2440 respondebit.

2548 2461 2774 2519 CAPUT
2817 2461 2975 2518 XLII.
3250 2505 3252 2510 .
3391 2507 3404 2517 .

2040 2550 2203 2606 Vsus.
2235 2553 2290 2606 l.
2327 2569 2345 2603 ι
2373 2549 2547 2607 Jacob
2605 2567 2741 2621 puer
2795 2567 2946 2608 meus
2969 2593 2984 2619 ,
3038 2551 3330 2622 suscipiam
3377 2565 3500 2614 eum
3531 2569 3547 2608 :

1966 2645 2130 2704 Israel
2159 2645 2366 2700 electus
2395 2657 2571 2708 tuens,
2603 2644 2841 2714 suscepit
2869 2659 2992 2699 eum
3030 2646 3209 2702 anima
3245 2659 3383 2698 mea.
3417 2645 3552 2702 Dedi

1969 2735 2230 2807 Spiritum
2265 2751 2442 2790 meum
2483 2751 2646 2807 super
2681 2752 2826 2794 etitn.
2856 2755 2874 2788 ι
2913 2736 3036 2791 Iltcc
3081 2753 3322 2792 consona
3359 2740 3549 2808 depre-

1969 2828 2170 2881 hendas
2203 2827 2290 2889 iis,
2320 2840 2439 2894 qua:
2462 2825 2714 2894 superius
2741 2825 2808 2880 de
2837 2841 2924 2890 eo,
2950 2826 3040 2894 qui
3071 2842 3135 2879 ex
3169 2829 3347 2882 radice
3377 2826 3550 2885 JeSste

1967 2920 2282 2987 proditurus
2321 2927 2480 2984 erat,
2537 2917 2993 2987 przenuutiautur.
3050 2918 3271 2974 Electus
3320 2930 3549 2989 autem,

1969 3025 2073 3064 non
2122 3009 2266 3066 sicut
2309 3010 2572 3080 apostoli,
2618 3009 3056 3079 quandoquidem
3103 3013 3169 3064 de
3212 3010 3304 3067 illo
3339 3020 3550 3067 tantum

1967 3100 2186 3164 dicitur,
2236 3118 2254 3153 ι
2287 3100 2461 3168 Elegit
2510 3116 2632 3158 eum
2686 3101 2863 3155 anima
2912 3117 3064 3168 mea;
3095 3121 3114 3154 ι
3152 3117 3338 3156 verum
3387 3103 3550 3157 etiam

1967 3189 2206 3260 Spiritus
2244 3190 2333 3246 Dei
2385 3193 2437 3246 in
2472 3193 2588 3262 ipso
2619 3191 2734 3247 solo
2768 3192 3076 3262 requievit:
3114 3191 3166 3245 in
3215 3191 3309 3247 illo
3351 3191 3553 3263 quippe

1969 3281 2286 3336 «habitavit
2336 3282 2513 3336 omnis
2561 3281 2840 3351 plenitudo
2895 3282 3194 3338 divinitatis
3249 3283 3553 3352 corporali-

1964 3372 2158 3426 ter".r
2187 3373 2574 3438 Quamobrem,
2604 3374 2776 3445 utqui
2803 3374 2950 3428 solus
2979 3383 3261 3444 paternum
3288 3374 3552 3445 Spiritum

1963 3464 2016 3519 iu
2068 3477 2128 3519 se
2163 3464 2448 3534 receperit,
2493 3466 2672 3520 omnia
2716 3467 2817 3520 sub
2875 3467 2987 3519 haec
3029 3474 3278 3519 enarrata
3325 3465 3553 3535 peragit,

1964 3558 2214 3626 gentibus
2261 3558 2592 3611 annuntians
2637 3572 2732 3622 ea,
2773 3573 2893 3625 quae
2937 3559 3003 3612 ad
3057 3558 3186 3613 illud
3243 3557 3551 3612 universale

1961 3649 2221 3717 judicium
2263 3650 2558 3718 pertinent,
2586 3658 2643 3703 ut
2669 3664 2863 3710 omnes
2895 3651 2959 3702 ad
2994 3649 3236 3703 futurum
3270 3649 3363 3702 Dei
3402 3649 3553 3718 judi-

1967 3742 2107 3794 cimn
2141 3757 2314 3810 pra:pa
2325 3749 2424 3794 ret.
2839 3803 2842 3806 ,

2039 3831 2338 3898 Vens.2,5.
2383 3850 2402 3884 ι
2439 3830 2556 3885 Non
2592 3831 2883 3892 clamabit.
2933 3846 3102 3900 neque
3144 3831 3412 3896 dimittet,
3462 3845 3552 3883 ne-

1967 3939 2074 3996 que
2116 3925 2367 3980 audietur
2401 3925 2533 3979 l’oris
2569 3940 2672 3978 vox
2710 3923 2870 3991 ejus:
2905 3925 3173 3978 calamum
3219 3938 3553 3991 conquassa-

1970 4029 2081 4075 tum
2128 4036 2232 4074 non
2272 4030 2537 4083 conteret,
2567 4030 2622 4074 et
2666 4020 2834 4072 linunt
2873 4018 3145 4089 fumigans
3189 4033 3292 4070 non
3342 4018 3553 4070 exstin-

1970 4120 2130 4184 guct;
2163 4111 2256 4164 sed
2299 4111 2350 4163 in
2395 4112 2629 4165 veritate
2674 4107 2812 4164 feret
2839 4109 3100 4178 judicium
3147 4129 3167 4160 ›
3207 4107 3355 4162 Solet
3401 4107 3553 4161 Scri-

1971 4213 2126 4271 ptura
2161 4202 2340 4256 divina
2374 4203 2574 4256 mentis
2614 4200 2770 4254 oculo
2807 4201 2907 4267 uti,
2953 4215 3074 4254 cum
3124 4201 3189 4252 de
3225 4198 3333 4252 Deo
3369 4197 3542 4265 loqui-

1973 4301 2058 4347 tur
2081 4311 2097 4346 ι
2122 4293 2562 4363 quandoquidem
2601 4293 2786 4360 pedes,
2820 4307 3035 4356 manus,
3063 4291 3262 4359 digitos
3286 4299 3342 4342 ct
3368 4287 3558 4343 oculos

1973 4383 2063 4438 Dei
2097 4384 2239 4438 solet
2269 4385 2506 4439 immane
2538 4398 2687 4437 more
2717 4382 2983 4452 proferre.
3021 4381 3094 4435 De
3123 4380 3341 4435 Christo
3368 4389 3550 4432 autem

285 4477 367 4529 τοῦ
391 4477 450 4530 δὲ
477 4476 571 4530 τοῦ
610 4475 845 4548 Χριστοῦ
879 4475 1051 4529 ταῦτα
1082 4475 1299 4543 λέγεται
1319 4515 1333 4538 ,
1383 4475 1681 4546 ἐπειδήπερ
1728 4473 1862 4545 ήσύ-

1974 4475 2088 4530 htec
2121 4475 2240 4531 ideo
2268 4476 2541 4539 dicuntur,
2585 4475 2708 4545 quia
2751 4475 2839 4529 ille
2870 4474 3081 4544 placide
3116 4483 3170 4527 et
3214 4473 3398 4541 quiete
3447 4471 3554 4526 hu-

281 4587 385 4638 χως
417 4572 514 4624 καὶ
557 4571 747 4640 πράως
779 4569 872 4620 τὸν
919 4566 1257 4639 ἀνθρώπινον
1308 4565 1559 4619 διώδευσε
1611 4566 1744 4635 βίον,
1791 4565 1867 4630 ὡς
1914 4610 1919 4616 .

283 4662 419 4733 μηδὲ
439 4665 552 4726 τοῖς
577 4663 666 4714 ὑπ’
701 4661 867 4713 αὑτοῦ
896 4659 1352 4730 θεραπευομένοις
1369 4659 1684 4729 ἐπιτρέπειν
1704 4656 1868 4710 αὑτὸν

281 4755 513 4825 φανερὸν
545 4755 720 4806 ποιεῖν
740 4754 851 4814 τοῖς
886 4752 1051 4804 πᾶσιν
1077 4765 1091 4782 ·
1119 4750 1264 4804 οὕτω
1289 4750 1421 4821 γὰρ,
1443 4750 1626 4819 φησὶν,
1660 4748 1869 4818 ἀψοφη-

281 4841 330 4892 τὶ
359 4846 455 4897 καὶ
479 4843 695 4915 ἡσύχως
717 4841 1050 4895 διελεύσεται
1080 4841 1172 4893 τὸν
1201 4844 1258 4910 ὲν
1286 4839 1591 4912 ἀνθρώποις
1630 4839 1764 4909 βίον,
1793 4839 1869 4901 ὡς

285 4935 418 5004 μηδὲ
447 4937 540 4989 τὸν
560 4935 792 5006 τυχόντα
817 4933 1102 5004 ἄνθρωπον
1130 4931 1366 5002 λυπῆσαι
1401 4932 1493 4986 τὸν
1525 4933 1741 4986 πάντων
1769 4949 1868 4983 τα-⁸

283 5026 635 5099 πεινὼτερον,
669 5027 763 5079 καὶ
791 5025 1201 5096 ἀσθενέστερον,
1235 5023 1467 5093 καλάμῳ
1489 5023 1574 5075 διὰ
1609 5021 1670 5074 τὺ
1707 5021 1868 5074 ἀσθε-

285 5115 368 5178 νὲς
390 5119 817 5190 ἀπεικασμένον.
862 5117 1019 5170 Λίνον
1044 5117 1102 5170 δὲ
1145 5116 1446 5186 τυφόμενον
1481 5117 1655 5176 εἰποις
1690 5115 1756 5168 ἂν
1785 5110 1866 5167 εἷ-

286 5223 371 5260 ναι
406 5211 498 5264 τὸν
526 5211 648 5281 είκῆ
684 5210 1064 5280 φυσιούμενον,
1095 5209 1202 5263 ὑπὸ
1224 5208 1318 5262 τοῦ
1351 5207 1468 5270 νοὸς
1501 5208 1601 5278 τῆς
1664 5207 1866 5279 σαρκὸς

289 5297 450 5356 αὐτοῦ
489 5303 798 5376 ἐπηρμένον
831 5303 924 5357 καὶ
947 5302 1347 5373 τετυφωμένον,
1378 5299 1436 5352 ὃν
1484 5301 1544 5352 οὐ
1578 5299 1863 5365 κωλύσειν,

289 5392 410 5446 οὐδὲ
444 5395 674 5449 παύσειν
733 5395 950 5463 ἐλέγετο
983 5394 1077 5448 τοῦ
1110 5394 1431 5465 ἑπάρματος
1461 5396 1489 5446 6
1521 5391 1862 5463 προφητευόο

294 5495 470 5550 μενος.
511 5489 576 5542 ‘0
603 5487 666 5558 δὴ
701 5487 797 5540 καὶ
828 5487 973 5558 ἔργῳ
1005 5486 1240 5558 ἐπλήρου
1271 5489 1298 5539 ὁ
1329 5483 1560 5556 Χριστὸς
1586 5482 1867 5553 ἐπιδημῶν

293 5573 366 5646 τῷ
420 5577 600 5653 θνητῷ
636 5579 760 5652 βίῳ·
819 5579 943 5632 οὔτε
972 5575 1065 5632 οὖν
1097 5577 1350 5633 ταπεινόν
1378 5595 1497 5631 τινα
1532 5576 1624 5630 καὶ
1663 5574 1864 5646 ἀσθενῆ

397 5775 444 5806 ’³
472 5777 655 5842 Col.tt,
685 5777 737 5833 9.

1976 4583 2190 4621 manant
2223 4582 2480 4622 emensus
2514 4576 2599 4621 est
2629 4566 2826 4634 vitam,
2862 4566 2933 4620 ita
2969 4574 3026 4618 ut
3058 4580 3124 4618 ne
3170 4563 3274 4618 illis
3307 4563 3553 4632 quidem,

1974 4661 2129 4730 queis
2205 4659 2472 4714 medelam
2558 4660 2776 4724 attulit,
2843 4659 3182 4728 permitteret
3249 4667 3307 4710 ut
3377 4657 3552 4726 ipsum

1974 4755 2226 4810 omnibus
2254 4753 2430 4823 palam
2465 4742 2726 4808 facerent.
2771 4751 2956 4822 Usque
2984 4753 3140 4814 adeo,
3187 4750 3387 4822 inquit,
3433 4752 3557 4805 sine

1976 4848 2202 4916 strepitu
2261 4862 2324 4903 ac
2373 4847 2556 4916 quiete
2608 4847 2904 4900 humanam
2964 4846 3228 4912 transiget
3274 4845 3463 4907 vitam,
3495 4852 3554 4896 ut

1977 4953 2047 4992 ne
2084 4938 2166 4992 vel
2205 4938 2428 4994 minimo
2471 4953 2537 4992 ex
2589 4938 2901 4993 hominibus
2969 4937 3274 4992 molestiam
3341 4936 3550 5005 pariat,

1975 5030 2184 5084 etiamsi
2217 5029 2307 5084 ille
2337 5030 2674 5085 humillimus
2697 5039 2755 5098 et
2790 5029 3153 5084 debilissimus
3180 5026 3418 5082 omnium
3447 5023 3553 5088 sit,

1975 5135 2039 5172 ac
2072 5119 2459 5175 imbecillitatis
2495 5136 2658 5176 causa
2702 5121 2912 5176 calamo
2957 5131 3322 5189 comparetur.
3356 5118 3552 5172 Linum

1976 5227 2103 5266 vero
2147 5212 2416 5283 fuittiigaus
2454 5213 2659 5268 dixeris
2683 5229 2806 5267 eum
2836 5228 2979 5280 esse,
3027 5213 3115 5281 qui
3156 5221 3337 5265 meme
3368 5208 3555 5261 carnis

1975 5318 2086 5358 sua:
2125 5302 2320 5366 elatus,
2357 5312 2557 5358 temere
2588 5304 2827 5370 inﬂatur,
2855 5320 3018 5374 quem
3066 5319 3170 5357 non
3205 5305 3273 5355 ab
3317 5300 3554 5354 elatione

1976 5395 2312 5451 cohibiturus
2337 5411 2457 5452 esse
2499 5397 2696 5451 dicitur
2726 5400 2792 5461 is,
2834 5396 2924 5466 qui
2969 5397 3020 5450 in
3052 5393 3335 5463 prophetia
3377 5406 3550 5444 euut»

1975 5488 2162 5540 tiatur.
2204 5484 2370 5556 quue
2414 5501 2544 5542 sane
2587 5487 2839 5542 Christus
2888 5487 2940 5540 in
2993 5483 3203 5538 mortali
3248 5485 3353 5534 vita
3396 5493 3554 5548 pere-

1974 5578 2241 5647 grinatus,
2283 5591 2445 5647 opere
2499 5578 2786 5647 complevit
2827 5591 3047 5645 :ncqne
3094 5575 3237 5628 enim
3291 5572 3551 5626 huuailem
