4130 6390
501 331 607 387 εει
1207 330 1476 388 EUSEBH
1514 330 1982 388 CESARIENSIS
2018 331 2169 389 OPP.
2212 331 2388 389 PARS
2426 332 2512 389 lli.
2553 365 2623 381 --
2659 331 3071 389 EXEGETICA.
3650 332 3759 390 3&3

499 455 811 530 quempiam
856 467 907 509 rt
946 458 1084 526 apud
1129 457 1374 513 homines
1415 458 1687 513 inlirmum
1733 459 2066 516 contristavit

2176 455 2233 508 ὲν
2260 453 2566 525 ἀνθρώποις
2624 455 2914 525 ἐλύπησεν,
2941 451 3066 506 οὔτε
3109 449 3230 505 τινα
3269 450 3377 505 τῶν
3432 451 3761 524 ἐπηρμένων

503 566 765 623 unquam,
807 566 980 620 neque
1023 553 1187 607 ullum
1212 567 1277 606 ex
1316 551 1697 623 arrogantibus
1724 562 1778 604 et
1825 552 2075 620 superbis

502 643 725 698 adortus
756 652 832 697 est
863 661 876 696 ι
909 644 1005 697 sed
1057 658 1175 697 sese
1201 621 1463 698 omnibus
1487 659 1710 713 prorsus
1763 644 2074 700 hominibus

504 745 839 789 mansuetum
880 746 929 787 et
963 735 1215 789 humilem
1253 736 1417 791 corde
1452 736 1697 790 exhibuit
1725 755 1739 791 :
1767 751 1888 790 cum
1930 737 2075 791 veri-

500 836 615 880 tate
640 835 815 880 autem
848 836 899 881 et
942 827 1131 883 fiducia
1163 830 1416 884 omnibus
1448 831 1698 897 aperiens
1736 844 1822 890 ea,
1851 843 1973 897 qum
2004 829 2072 884 ad

501 916 595 971 Dei
625 915 886 985 judicium
926 919 1263 985 spectabant,
1307 935 1412 973 non
1449 920 1598 990 prius
1633 919 1882 982 cessavit,
1909 934 2071 989 quam

498 1007 633 1064 l'ttcis
670 1009 855 1063 instar
897 1010 1301 1080 splendesceret
1345 1025 1442 1079 per
1504 1013 1957 1066 resurrectionem
2003 1012 2068 1067 ex

496 1101 745 1163 mortuis,
787 1116 948 1170 quam
980 1102 1327 1172 propheticus
1367 1117 1547 1157 sermo
1590 1103 1678 1158 his
1713 1103 1894 1159 verbis
1939 1104 2071 1159 sub-

497 1192 782 1253 i‘udicavit.
822 1211 842 1244 ι
871 1193 1274 1264 Resplendebit,
1314 1203 1505 1250 etnon
1547 1205 1879 1250 conteretur.
1909 1214 1930 1249 ι
1981 1196 2071 1250 Si-

496 1285 712 1354 quidem
758 1285 904 1339 illum
962 1296 1244 1342 conterere
1286 1296 1342 1343 et
1386 1289 1733 1358 exstinguere
1788 1286 2075 1342 tentabant

497 1377 563 1441 ἦ,
594 1378 692 1446 qui
739 1393 928 1433 necem
960 1380 1060 1449 ipsi
1090 1379 1259 1435 moliti
1289 1389 1455 1435 sunt:
1488 1382 1687 1435 etenim
1727 1379 1778 1435 id
1813 1380 2069 1435 universo

495 1468 776 1524 hominum
823 1472 1006 1541 generi
1056 1481 1245 1526 natura
1302 1473 1581 1542 proprium
1630 1481 1746 1537 est,
1798 1483 1859 1525 ut
1896 1483 2071 1527 morte
2105 1520 2118 1528 .

495 1568 833 1613 conteratur.
857 1559 925 1615 At
961 1575 1066 1614 non
1111 1561 1259 1614 illum
1295 1576 1445 1617 mors
1479 1562 1770 1626 contrivit,
1805 1563 1899 1617 sed
1931 1579 2070 1617 unus

492 1666 705 1718 comm,
733 1653 821 1721 qui
849 1669 877 1706 a
908 1653 1106 1707 sarculo
1132 1653 1307 1718 fuere,
1341 1655 1498 1709 morti
1538 1655 1787 1726 superior
1828 1656 2069 1712 evasisse

492 1742 613 1810 iure
641 1744 944 1800 declaratur
971 1762 998 1799 a
1030 1747 1311 1817 prophetia
1339 1746 1552 1802 dicente
1592 1766 1607 1803 :

572 1836 736 1891 Vens.
768 1835 823 1893 4.
864 1857 883 1890 ι
911 1836 1295 1909 Respleudebit
1317 1880 1333 1907 ,
1373 1849 1427 1895 et
1453 1856 1558 1895 non
1594 1850 1928 1906 conteretur,
1971 1842 2071 1895 do-

495 1942 597 1984 ncc
626 1939 802 1997 ponat
851 1930 907 1985 in
947 1940 1090 1986 terra
1148 1930 1449 1999 judicium;
1488 1944 1544 1987 et
1584 1935 1638 1987 in
1686 1935 1913 1989 “nomine
1955 1935 2071 2004 ejus

496 2028 681 2090 gentes
722 2022 1037 2091 sperabunt.
1084 2043 1102 2075 ι
1130 2025 1403 2092 Quocirca
1448 2034 1571 2095 post
1618 2027 2070 2084 resurrectionem

494 2126 560 2166 ex
597 2114 823 2169 mortuis
850 2114 1029 2181 ,iucis
1077 2117 1254 2173 instar
1294 2120 1347 2173 lu
1386 2129 1500 2173 toto
1529 2121 1662 2173 orbe
1697 2119 2070 2188 resplendcns,

494 2218 601 2257 non
631 2205 782 2275 prius
820 2208 1086 2273 cessavit,
1116 2225 1274 2277 quam
1326 2210 1379 2267 in
1427 2221 1570 2266 terra
1624 2223 1678 2266 et
1723 2213 1775 2267 in
1823 2212 2070 2268 Ecclesia

492 2310 588 2351 sua
636 2296 878 2366 regimen
937 2300 1280 2372 acjudicium
1340 2306 1647 2374 ordinaret,
1702 2308 1848 2378 quod
1901 2307 2063 2364 etiam

491 2386 769 2456 discipulis
795 2388 908 2445 suis
936 2393 1180 2450 tradidit.

565 2479 730 2538 Vsus.
769 2483 826 2541 5.
857 2500 879 2535 ι
911 2482 1003 2541 Sic
1025 2486 1159 2542 dicit
1189 2486 1449 2548 Dominus
1475 2491 1635 2561 Deus,
1671 2495 1762 2565 qui
1798 2494 1931 2552 fecit
1956 2512 2069 2554 cae-

492 2569 625 2636 lum,
652 2581 708 2628 et
734 2573 860 2630 lixit
879 2574 1030 2643 illud,
1058 2578 1148 2648 qui
1185 2579 1422 2636 ﬁrmavit
1455 2594 1658 2639 terram
1685 2627 1701 2654 ,
1747 2598 1804 2642 et
1845 2605 1967 2658 qua:
2014 2590 2066 2645 in

492 2662 605 2729 ipsa
635 2676 781 2729 smu,
809 2668 901 2739 qui
931 2669 1023 2723 dat
1057 2668 1243 2727 ﬂatum
1268 2674 1470 2745 populo
1502 2691 1604 2731 suo
1632 2677 1687 2734 in
1712 2694 1799 2747 ea,
1822 2691 1876 2735 et
1904 2682 2068 2750 spiri-

493 2764 607 2810 tnm
641 2757 980 2816 calcantibus
1029 2777 1167 2819 eam.
1204 2783 1224 2818 ι
1272 2767 1573 2824 Admodum
1622 2784 2066 2843 censequenter:

492 2860 619 2902 nam
647 2863 787 2920 opus
811 2860 1026 2907 estnos
1060 2856 1311 2913 ediscere
1349 2874 1414 2913 ex
1458 2861 1614 2932 cujus
1656 2878 1885 2931 persona
1923 2864 2067 2922 dicta

491 2941 602 2993 sint
641 2956 761 3010 qua:
791 2942 858 2997 de
894 2942 1112 3001 Christo
1144 2948 1570 3022 przrmittuntur.
1600 2952 1734 3021 Quia
1762 2957 1905 3009 enim
1930 2972 2066 3012 con-

494 3027 674 3086 fertim
726 3032 886 3090 in'itio
926 3036 1144 3093 dixerat
1198 3040 1546 3111 propheticus
1590 3060 1792 3109 sermo,
1840 3065 1858 3098 ι
1893 3044 2066 3104 Jacob

490 3137 629 3193 puer
651 3137 826 3191 meus,
876 3127 1168 3201 suscipiam
1213 3147 1337 3187 eum
1373 3149 1386 3185 :
1416 3133 1579 3191 Israel
1629 3136 1834 3194 electus
1886 3155 2062 3206 meus,

491 3216 728 3287 suscepit
752 3220 885 3274 'eum
921 3223 1102 3277 anima
1131 3237 1251 3278 mea
1281 3243 1295 3279 :
1324 3225 1443 3280 dedi
1483 3228 1730 3297 spiritum
1761 3245 1938 3286 meum
1972 3248 2065 3287 su-

492 3322 591 3391 uer
613 3322 771 3374 eum;
810 3328 829 3363 ι
861 3325 965 3367 nec
989 3312 1320 3371 indicaverat
1347 3317 1470 3386 quis
1510 3318 1623 3374 lure
1642 3317 1909 3388 dixisset,
1958 3321 2061 3375 hu-

490 3396 576 3466 ius
622 3399 859 3455 vaticinii
917 3411 1196 3458 auctorem
1243 3402 1355 3473 jam
1417 3411 1727 3464 necessario
1758 3411 2060 3465 enuntiat:

491 3488 841 3556 quamobrem
870 3491 1167 3564 subiungit,
1204 3512 1224 3547 ι
1258 3494 1351 3551 Sic
1378 3497 1508 3553 dicit
1529 3497 1789 3556 Dominus
1820 3500 1961 3557 Deus
1989 3518 2005 3557 :
2042 3521 2060 3553 ι

486 3578 608 3649 ipse
637 3580 834 3652 quippe
858 3593 996 3648 erat,
1021 3584 1113 3654 qui
1143 3587 1388 3657 etprima
1411 3589 1655 3657 protulit,
1693 3600 1749 3647 et
1782 3592 2065 3662 sequentia

486 3671 707 3741 adjecit.
731 3672 989 3740 Quamvis
1015 3677 1159 3732 enim
1188 3693 1285 3735 vos
1309 3680 1576 3749 homines,
1614 3682 1875 3739 invisibili
1907 3694 1963 3738 et
1986 3684 2067 3739 iu-

485 3778 763 3834 corporea:
795 3767 885 3822 Dei
917 3768 1234 3825 substantia
1257 3771 1501 3827 videndae
1548 3788 1708 3844 pares
1741 3790 1846 3829 non
1904 3774 2065 3840 sitis;

480 3867 545 3910 at
575 3857 734 3929 hujus
761 3858 891 3913 tanti
917 3859 1039 3915 caeli
1076 3861 1502 3934 magnitudinem
1556 3866 1932 3935 speculantes,
1966 3883 2065 3922 vo-

487 3947 696 4005 biscum
723 3960 969 4020 reputate
1000 3961 1236 4020 quantus
1263 3955 1508 4023 qualisve
1531 3959 1602 4011 sit
1637 3958 1702 4019 is.
1731 3960 1822 4029 qui
1858 3968 2064 4015 tantam

490 4034 610 4095 fixit
640 4041 870 4108 molem,
917 4042 1277 4100 biucterram
1325 4047 1496 4117 ipsam
1552 4048 1946 4120 respicientes,
2000 4066 2067 4108 ac

484 4135 913 4203 considerantes,
966 4147 1189 4208 quanta,
1242 4154 1403 4209 quam
1469 4141 1767 4197 immobilis
1804 4159 1833 4197 a
1867 4145 2066 4201 sarculo

488 4229 710 4283 fundata
748 4238 805 4284 et
834 4245 931 4284 ceu
981 4229 1252 4285 radicibus
1292 4231 1504 4286 tlrmata
1543 4237 1655 4299 sit,
1690 4233 1762 4289 ita
1795 4245 1852 4288 ut
1879 4251 1948 4290 ne
1980 4234 2062 4291 vel

485 4318 756 4374 tantillum
801 4329 1120 4388 moveatur;
1178 4321 1412 4392 cogitate
1473 4337 1638 4393 quam
1684 4324 2066 4380 inenarrabilis

487 4411 660 4466 virtus
690 4412 759 4467 sit
790 4413 925 4480 ejus,
963 4414 1055 4483 qui
1089 4412 1327 4469 ﬁrmavit
1363 4430 1482 4470 eam
1505 4455 1520 4481 ,
1567 4426 1623 4471 et
1667 4418 1737 4470 ita
1776 4418 2062 4474 fecundam

486 4500 871 4573 fructuumque
924 4503 1160 4559 feracem
1212 4508 1491 4575 condidit,
1552 4517 1611 4563 ut
1651 4517 1731 4563 tot
1775 4510 2057 4582 animalia,

486 4596 566 4645 tot
592 4592 802 4660 plantas
836 4594 1096 4659 proferat.
1139 4594 1186 4651 Is
1205 4610 1356 4668 ergo,
1386 4599 1478 4668 qui
1514 4606 1719 4653 tantam
1753 4599 2062 4669 pulchritu-

485 4683 665 4737 dinem
695 4696 753 4738 et
784 4692 986 4738 tantam
1013 4686 1206 4741 molem
1231 4691 1494 4751 condidit.
1525 4674 1790 4748 Dominus
1826 4706 1880 4748 et
1921 4694 2064 4751 Deus

486 4775 884 4837 universorum,
918 4779 1077 4831 etiam
1109 4794 1193 4845 ea,
1228 4797 1347 4851 qua:
1367 4785 1620 4854 superius
1644 4786 1787 4841 dicta
1816 4799 1964 4852 sunt,
1994 4789 2062 4845 de

486 4863 707 4923 Christo
741 4872 1144 4936 praenuntiavit.

555 4984 717 5042 ναις.
747 4984 863 5043 6-7.
902 5005 923 5039 ι
967 4987 1076 5059 Ego
1112 4990 1366 5045 Dominus
1400 4991 1538 5048 Deus
1563 4999 1748 5050 vocavi
1794 5004 1847 5050 te
1894 4997 1946 5050 in
1970 4995 2063 5064 ju-

481 5078 629 5133 stitia
665 5095 680 5132 :
713 5090 768 5134 et
800 5082 1201 5151 apprehendam
1232 5101 1446 5156 inanuut
1472 5095 1614 5141 tuam
1645 5127 1661 5151 ,
1701 5098 1756 5142 et
1794 5090 2063 5143 corrobo-

483 5174 619 5227 rabo
641 5179 719 5237 te.
746 5183 801 5227 et
827 5174 948 5227 dedi
983 5184 1035 5230 te
1075 5175 1129 5228 in
1159 5185 1541 5232 testamentum
1583 5181 1804 5248 generis
1826 5222 1842 5245 ,
1878 5181 1928 5235 in
1974 5180 2056 5236 lu-

479 5281 598 5319 cem
626 5267 889 5336 gentium,
919 5276 976 5321 ut
1015 5266 1257 5337 aperires
1285 5270 1473 5323 oculos
1507 5284 1810 5335 caecorum,
1843 5284 1899 5326 et
1925 5271 2061 5326 edu-

481 5373 634 5413 ceres
680 5361 889 5415 vinctos
929 5375 997 5415 ex
1044 5359 1276 5413 Vinculis
1309 5368 1366 5413 et
1414 5376 1479 5415 ex
1513 5361 1672 5414 domo
1700 5362 1960 5417 custodire
2009 5372 2063 5418 et.

480 5451 730 5506 sedentes
758 5436 1101 5507 intenebris.
1143 5471 1163 5504 ι
1205 5449 1300 5505 llis
1339 5452 1630 5522 coinpcllat
1678 5470 1802 5507 eum
1826 5492 1845 5520 ,
1898 5469 2058 5524 quem

483 5543 732 5610 superius
775 5559 1003 5613 puerum
1030 5560 1186 5598 suum
1221 5543 1388 5609 dixit,
1414 5543 1500 5597 cui
1530 5559 1586 5599 se
1613 5544 1865 5612 spiritum
1898 5559 2059 5599 suum

482 5635 732 5690 daturum
755 5649 879 5694 esse
905 5637 1140 5693 dicebat.
1193 5634 1378 5692 Primo
1420 5646 1598 5691 autem
1641 5638 1816 5705 ipsum
1864 5639 1917 5691 in
1963 5638 2054 5706 ju-

481 5727 625 5780 stitia
662 5735 819 5783 vocat
883 5729 1220 5783 vocationem
1247 5727 1367 5799 ejus
1399 5743 1497 5796 pro
1535 5729 1797 5799 dignitate
1823 5738 1878 5783 et
1899 5729 2057 5797 justi-

479 5820 554 5873 tia
581 5832 849 5887 peragens
881 5834 895 5871 :
930 5819 1122 5874 deinde
1173 5835 1296 5875 vero
1342 5837 1399 5875 sc
1439 5837 1659 5876 manum
1704 5821 1821 5888 ejus
1860 5836 2058 5894 apprc-

2175 547 2271 600 καὶ
2297 545 2662 617 ὑπερηφάνων
2694 544 2952 616 μετῆλθε·
2985 543 3121 615 πρὸς
3145 542 3392 606 ἅπαντας
3417 543 3474 596 δὲ
3505 545 3631 608 τοὺς
3664 546 3761 599 ἀν-

2178 633 2430 706 θρώπους
2485 634 2660 709 πρᾶός
2692 652 2750 688 τε
2783 630 2850 705 ἦν
2879 632 2975 687 καὶ⁵
3005 629 3258 695 ταπεινὸς
3293 635 3359 702 τῇ
3394 632 3626 704 καρδίᾳο
3659 634 3761 689 σὺν

2176 721 2402 793 ἀληθείᾳ
2439 722 2496 775 δὲ
2542 723 2637 776 καὶ
2690 719 2971 794 παρρησίᾳ
3022 724 3135 785 τοῖς
3168 722 3300 775 πᾶσι
3341 720 3665 776 διαστέλλων
3687 722 3760 778 τά

2178 813 2422 886 περὶτῆς
2443 812 2537 867 τοῦ
2566 812 2701 867 Θεοῦ
2732 815 2985 885 κρίσεως,
3004 813 3098 866 καὶ
3112 814 3182 867 οὺ
3203 813 3464 886 πρότερόν
3496 831 3560 882 γε
3586 813 3761 870 sitad-

2178 922 2330 971 σατο,
2367 906 2400 977 ἢ
2436 906 2612 976 φωτὸς
2640 905 2797 977 δίκην
2836 904 3111 976 ἐκλάμψαι
3144 905 3231 958 διὰ
3282 905 3381 976 τῆς
3426 907 3492 959 ὲκ
3546 907 3758 978 νεκρῶν

2176 998 2547 1062 ἀναστάσεως,
2584 999 2649 1069 ἣν
2677 1000 2706 1052 6
2750 996 3085 1069 προφητικδς
3116 996 3273 1066 λόγος
3301 996 3520 1069 ᾐνίξατο
3561 997 3752 1061 εἰπὼν,

2181 1108 2199 1141 ι
2241 1088 2572 1162 ’Λναλάμψει
2606 1090 2700 1142 καὶ
2730 1091 2792 1143 οὐ
2835 1088 3255 1161 θραυσθήσεται.
3294 1108 3315 1142 ι
3375 1089 3616 1160 Θραῦσαι
3653 1090 3756 1161 μὲν

2175 1181 2284 1251 γὰρ
2316 1180 2496 1244 αὑτὸν,
2524 1180 2620 1234 καὶ
2645 1178 2947 1234 ἀποσϐέσαι
2993 1179 3349 1251 πεπείρανται
3377 1180 3426 1232 οἱ
3460 1180 3553 1233 τὸν
3595 1179 3751 1236 θάνα-

2171 1290 2264 1327 τον
2298 1272 2447 1343 αὐτῷ
2477 1271 2985 1336 κατασκευάσαντες
3008 1287 3022 1301 ⁸
3052 1270 3176 1324 επεὶ
3201 1272 3294 1325 καὶ
3319 1273 3426 1324 πᾶν
3453 1271 3515 1324 τὸ
3563 1270 3759 1343 θνητὸν

2173 1364 2329 1433 γένος
2381 1363 2595 1433 θανάτῳ
2653 1361 2985 1435 θραύσεσθαι
3041 1362 3306 1431 πέφυκεν.
3357 1363 3495 1416 Ἀλλ’
3545 1362 3608 1416 οὒ
3659 1362 3759 1416 καὶ

2174 1454 2334 1508 αὑτὸν
2381 1454 2672 1527 ἔθραυσεν·
2713 1454 2871 1525 μόνος
2908 1453 2966 1505 δὲ
3007 1452 3114 1506 τῶν
3143 1452 3201 1519 ἐξ
3251 1452 3448 1517 αἰῶνος
3475 1446 3557 1516 εἷς
3600 1446 3759 1518 οὗτος

2174 1545 2402 1601 θανάτου
2425 1547 2686 1619 κρείττων
2716 1544 3067 1615 ἀποφανθεὶς.
3099 1544 3324 1608 εἰκότως
3353 1546 3459 1598 ὑπὸ
3479 1542 3579 1615 τῆς
3615 1559 3758 1616 προ-

2175 1638 2400 1710 φητείας
2439 1636 2861 1709 μεμαρτύρηται
2889 1636 3178 1721 φησάοηςο

2249 1833 2269 1865 ι
2327 1811 2653 1885 Ἀναλάμψει
2675 1812 2768 1866 καὶ
2803 1814 2863 1867 οὐ
2889 1811 3307 1885 θραυσθήσεται,
3328 1812 3434 1877 ἓως
3462 1813 3527 1867 ἄν
3566 1812 3633 1885 θῇ
3662 1807 3759 1869 ιπι

2173 1906 2272 1977 τῆς
2308 1905 2414 1976 γῆς
2453 1906 2655 1979 κρίσιν,
2694 1906 2787 1959 καὶ
2814 1906 2907 1958 ιιτι
2929 1905 3008 1976 τῷ
3040 1905 3264 1977 ὀνόματι
3310 1904 3472 1959 αὑτοῦ
3500 1905 3628 1976 ἔθνη
3665 1906 3759 1961 ιλιι

2174 1997 2374 2052 πιοῦσι.
2409 2017 2427 2048 ι
2457 1998 2547 2051 Διὸ
2574 1998 2668 2052 καὶ
2719 1997 2856 2068 μετὰ
2907 1998 3006 2070 τὴν
3055 1999 3119 2051 ὲκ
3167 1997 3374 2069 νεκρῶν
3437 1998 3755 2060 ἀνάστασιν.

2172 2089 2349 2158 φωτὸς
2375 2088 2531 2158 δίκην
2552 2090 2632 2149 είς
2666 2088 2843 2141 πάντα
2867 2086 2958 2141 τὸν
2976 2087 3179 2158 κόσμον
3206 2086 3510 2158 ἐκλάμψας,
3536 2088 3599 2141 οὐ
3618 2087 3756 2158 πρό-

2171 2195 2329 2249 τερον
2393 2178 2687 2239 ἐπαύσατο,
2742 2176 2775 2247 ἢ
2816 2176 3169 2242 διατάξασθαι
3223 2176 3315 2229 ἐπὶ
3349 2176 3447 2248 τῆς
3488 2176 3593 2246 γῆς
3654 2177 3756 2258 τῂν

2172 2270 2301 2340 περὶ
2326 2269 2427 2338 τῆς
2443 2268 2769 2337 Ἐκκλησίας
2802 2267 2965 2320 αὑτοῦ
2987 2266 3248 2339 διοίκησίν
3267 2283 3325 2320 τε
3347 2269 3440 2321 καὶ
3466 2259 3757 2341 κρίσιν,’ῆν

2170 2364 2282 2425 τοῖς
2312 2359 2476 2415 αὐτοῦ
2516 2359 2800 2431 παρέδωκε
2848 2359 3136 2430 μαθηταῖς.

2247 2468 2265 2501 ι
2304 2449 2463 2504 Οὕτω
2510 2450 2657 2519 λέγει
2684 2448 2888 2522 Κύριος
2914 2452 2943 2503 6
2976 2450 3110 2514 Θεὸς
3132 2451 3163 2504 6
3201 2452 3433 2521 ποιήσας
3467 2451 3559 2505 τὸν
3590 2452 3759 2524 οὖρα-

2169 2541 2281 2607 νὺν,
2314 2542 2411 2596 καὶ¹
2441 2541 2617 2613 πήξας
2660 2541 2840 2608 αὐτὸν,
2871 2542 2901 2595 6
2930 2540 3237 2613 στερεῶσας
3268 2544 3367 2613 τὴν
3401 2544 3526 2613 γῆν,
3551 2544 3645 2598 καὶ
3684 2544 3757 2599 τά

2170 2635 2229 2688 ὲν
2262 2635 2421 2707 αὐτῇ,
2456 2635 2550 2689 καὶ
2574 2634 2751 2698 διδοὺς
2777 2633 2944 2705 πνοὴν
2970 2634 3047 2705 τῷ
3077 2633 3193 2705 λαῷ
3217 2634 3296 2705 τῷ
3323 2636 3409 2687 ἐπ’
3436 2636 3621 2705 αὐτῆς,
3656 2641 3752 2691 καὶ

2170 2727 2233 2781 τὸ
2263 2727 2482 2798 πνεῦμα
2513 2729 2628 2790 τοῖς
2658 2726 2924 2779 πατοῦσιν
2967 2724 3157 2795 αὑτήν.
3195 2744 3215 2778 ι
3262 2727 3476 2799 Σφόδρα
3527 2728 3755 2782 ἀκολού-

2170 2817 2277 2881 θως
2297 2834 2312 2847 ·
2346 2816 2449 2887 χρὴ
2479 2816 2587 2889 γὰρ
2614 2817 2765 2888 ἡμᾶς
2790 2816 2982 2887 μαθεῖν
3007 2818 3071 2869 ὲκ
3099 2815 3243 2879 τίνος
3272 2817 3564 2889 προσώπου
3593 2814 3659 2890 ἦν
3680 2819 3753 2874 τὰ

2169 2909 2297 2980 περὶ
2319 2909 2557 2980 Χριστοῦ
2589 2908 2984 2982 πρὼεχθέντα.
3023 2908 3239 2981 Ἐπειδὴ
3284 2909 3394 2981 γάρ
3422 2910 3633 2984 ἀθρόως
3653 2914 3753 2966 ἑπι-

2167 3000 2358 3054 ἐϐαλεν
2385 3002 2415 3054 6
2441 3000 2777 3072 προφητικὸς
2801 3000 2956 3069 λόγος
2978 3003 3036 3053 ἐν
3066 3001 3208 3071 ἀρχῇ
3250 3000 3418 3054 εἰπὼν
3440 3040 3456 3065 ,
3496 3019 3516 3054 ι
3562 3001 3755 3057 Ἰακὼϐ

2098 3100 2142 3156 C
2172 3093 2202 3146 6
2233 3095 2360 3156 παῖς
2394 3109 2518 3163 μου,
2548 3091 2873 3163 ἀντιλήψομ.
2893 3109 2910 3144 ι
2946 3091 3110 3144 αὑτοῦ
3137 3109 3150 3121 ·
3190 3091 3407 3164 Ἰσραὴλ
3437 3095 3466 3147 6
3495 3093 3757 3158 ἐκλεκτός

2175 3202 2298 3256 μου.
2367 3183 2719 3255 προσεδέξατο
2765 3183 2928 3237 αὐτὸν
2982 3186 3016 3254 ἡ
3066 3183 3213 3255 ψυχή
3269 3201 3370 3255 μου
3397 3201 3411 3216 ’
3470 3184 3649 3240 ἔδωκα
3695 3186 3759 3240 τὸ

2172 3274 2391 3347 πνεῦμά
2420 3291 2520 3345 μου
2544 3275 2630 3327 ἐπ’
2663 3274 2826 3328 αὐτόν
2845 3292 2860 3306 ο
2898 3292 2915 3323 ι
2937 3274 3020 3338 τίς
3048 3273 3105 3327 δὲ
3134 3270 3202 3345 ἦν
3227 3276 3256 3327 6
3302 3273 3478 3330 ταῦτα
3521 3275 3757 3348 εἰρηκὼς

2171 3367 2232 3423 οὺ
2266 3366 2632 3440 προεδίδαξεν,
2668 3367 2980 3435 ἀναγκαίως
3007 3365 3101 3420 ἐπὶ
3138 3365 3232 3421 τοῦ
3267 3367 3535 3439 παρόντος
3564 3369 3758 3423 διασα-

2173 3462 2263 3528 φεῖ
2284 3459 2375 3512 τὸν
2402 3458 2576 3513 ταῦτα
2604 3458 2967 3511 τεθεσπικότα
2985 3473 2999 3487 ’
3027 3457 3114 3510 ’διὸ
3168 3459 3418 3531 ἐπιφέρει
3447 3458 3509 3511 τὸ
3528 3495 3547 3521 ,
3596 3477 3617 3511 ι
3650 3456 3755 3513 03-

2170 3566 2281 3614 τως
2311 3546 2432 3603 εἷπε
2460 3549 2665 3623 Κύριος
2697 3550 2727 3603 6
2751 3549 2883 3612 Θεός
2902 3565 2917 3579 ο
2964 3567 2982 3601 ι
3035 3546 3199 3611 αὐτὸς
3226 3548 3335 3618 γὰρ
3356 3543 3425 3618 ἦν
3461 3549 3490 3601 6
3509 3546 3579 3598 τά
3602 3546 3751 3617 πρῶ-

2171 3656 2238 3694 τα
2266 3637 2525 3711 εἰρηκὼς,
2557 3639 2653 3693 καὶ
2707 3637 2776 3692 τά
2807 3636 2933 3706 ἑξῆς
2960 3636 3362 3704 ἑπιλεγόμενος.
3397 3635 3461 3688 Εἰ
3501 3633 3610 3705 γὰρ
3654 3634 3748 3688 καὶ

2177 3728 2412 3801 μάλιστα
2431 3729 2507 3801 μὴ
2531 3722 2632 3782 οἷοί
2660 3727 2721 3780 τέ
2753 3730 2900 3790 ἐστε,
2937 3727 3121 3797 φησὶν,
3153 3726 3309 3795 ὑμεῖς
3359 3726 3409 3777 οἱ
3450 3723 3746 3795 ἀνθρωττοι,

2171 3823 2273 3895 τὴν
2304 3821 2485 3892 ἀφανῆ
2517 3820 2612 3875 καὶ
2641 3819 2929 3890 ἀσώματον
2964 3817 3150 3871 οὐσίαν
3184 3815 3517 3870 ἰποπτεῦσαι
3563 3814 3736 3870 Θεοῦ*

2172 3913 2286 3968 ἀλλ’
2317 3911 2713 3982 ἀναϐλέψαντες
2756 3913 2835 3974 εἰς
2883 3908 2945 3962 τὸ
2973 3907 3199 3980 μέγεθος
3234 3907 3329 3962 τοῦ
3356 3909 3611 3960 τοσούτου
3661 3922 3753 3959 ον’

2177 4000 2359 4077 ρανοῦ,
2408 4001 2697 4072 λογίσασθε
2749 3999 2932 4063 ὁποῖός
2983 4017 3067 4063 τις
3112 3998 3372 4069 τυγχάνει
3422 3999 3453 4049 6
3502 3996 3755 4051 τοσοῦτον

2177 4091 2405 4163 μέγεθος
2455 4089 2891 4160 διαπηίξάμενος⁸
2936 4086 3071 4141 ἀλλά
3127 4087 3225 4141 καὶ
3256 4086 3352 4139 ἐπὶ
3382 4085 3481 4157 τὴν
3519 4084 3624 4155 γῆν
3650 4085 3752 4139 αῦ-

2173 4182 2271 4254 τὴν
2329 4180 2756 4251 ἀποϐλέψαντες.
2794 4180 2968 4248 ὁπόση
3000 4179 3083 4242 τίς
3106 4179 3244 4239 ἐστι,
3273 4177 3369 4230 καὶ
3395 4177 3468 4239 ὼς
3498 4177 3749 4240 ἀκίνητος

2171 4275 2262 4328 τὸν
2297 4273 2588 4345 σύμπαντα
2620 4273 2794 4326 αἰῶνα
2830 4272 3097 4344 ἥδρασται
3125 4269 3493 4342 ἐρῤιζωμὲνη,
3533 4270 3629 4322 καὶ
3662 4285 3751 4322 τε-

2173 4361 2569 4435 θεμελιωμένη.
2595 4364 2670 4426 ὡς
2702 4363 2922 4434 μηδαμῆ
2955 4360 3220 4434 μηδαμῶς
3248 4359 3538 4414 κινεῖσθαι·
3569 4362 3753 4431 ἐννοή-

2098 4463 2141 4518 D
2171 4473 2298 4509 σατε
2354 4457 2485 4527 ὅσης
2527 4456 2767 4527 ἀρρήτου
2805 4455 3038 4527 ὑπάρχει
3077 4451 3360 4522 δυνάμεως
3384 4452 3412 4504 6
3446 4449 3753 4524 στερεώσας

2172 4546 2360 4616 αὐτὴν,
2385 4546 2607 4616 γόνιμόν
2634 4562 2693 4598 τε
2725 4545 2819 4599 καὶ
2841 4543 3069 4616 καρπῶν
3094 4543 3338 4613 οἰστικὴν
3377 4542 3544 4612 αὐτὴν
3580 4544 3751 4613 ἁπερ-

2170 4639 2498 4709 γασάμενος,
2521 4637 2597 4700 ὡς
2618 4635 2857 4690 τοσαῦτα
2892 4634 3007 4700 ζῶα
3033 4636 3127 4689 καὶ
3159 4632 3303 4704 φυτά
3330 4632 3748 4705 προϐάλλεσθαι.

2185 4728 2241 4780 Ὀ
2264 4726 2327 4798 δὴ
2357 4723 2448 4780 οὖν
2479 4726 2713 4797 τοσαῦτα
2735 4726 2905 4797 κάλλη
2936 4725 3029 4778 καὶ
3069 4723 3274 4796 μεγέθη
3310 4722 3750 4785 κατασκευάσας,

2175 4819 2377 4890 Κύριος
2399 4819 2492 4871 καὶ
2509 4818 2639 4883 Θεὸς
2661 4817 2768 4870 τῶν
2790 4817 2948 4882 ὅλων,
2975 4809 3128 4878 οὗτος
3150 4815 3219 4867 τά
3246 4813 3608 4886 προλελθέντα
3625 4812 3753 4884 περὶ⁵

2165 4911 2261 4965 τοῦ
2294 4910 2527 4983 Χριστοῦ
2556 4909 2862 4964 ἐθέσπισεν.

2243 5022 2262 5054 ι
2311 5001 2452 5072 Ἐγὼ
2475 5002 2677 5074 Κύριος
2704 5003 2732 5055 ὀ
2757 5001 2887 5064 θεὸς
2919 4998 3155 5054 ὲκάλεσίι
3197 5015 3256 5052 σε
3306 5001 3365 5051 ἐν
3414 4996 3755 5068 δικαιοσύνῃ,

2166 5093 2262 5148 καὶ
2286 5094 2546 5167 κρατήσω
2583 5094 2681 5163 τῆς
2708 5093 2891 5165 χειρός
2928 5109 3043 5157 σου,
3084 5091 3178 5144 καὶ
3219 5089 3486 5160 ἐνισχύσω
3532 5104 3614 5149 σε,
3659 5088 3753 5141 καὶ

2163 5185 2343 5240 ἔδωκά
2365 5202 2422 5238 σε
2446 5186 2525 5247 εἰς
2558 5183 2824 5255 διαθήκην
2854 5182 3064 5252 γένους,
3103 5185 3184 5244 είς
3219 5179 3336 5250 φῶς
3360 5177 3552 5240 ἐθνῶν,
3610 5178 3749 5230 ἀνοτ·

2171 5272 2258 5340 ξαι
2282 5272 2592 5343 ὀφθαλμοὺς
2638 5270 2855 5341 τυφλῶν
2876 5312 2890 5331 ,
2925 5270 3211 5338 ἐξαγαγεῖν
3240 5272 3305 5323 ὲκ
3349 5268 3565 5339 δεσμῶν
3609 5266 3752 5320 δεδε-

2172 5367 2384 5437 μένους,
2437 5366 2531 5418 καὶ
2576 5363 2634 5429 ἐξ
2679 5363 2829 5417 οἴκου
2880 5361 3146 5433 φυλακῆς,
3175 5363 3269 5416 καὶ
3317 5359 3658 5432 καθημένους
3692 5361 3755 5421 ὲν

2168 5457 2367 5510 σκότει.
2408 5474 2426 5507 ι
2455 5455 2776 5525 Προσφωνεῐ
2807 5452 2864 5506 δὲ
2892 5451 3065 5506 ταῦτα
3094 5450 3173 5522 τῷ
3213 5450 3473 5524 ἀνωτέρω
3510 5449 3751 5519 λεχθέντι

2165 5548 2316 5601 παιδὶ
2373 5545 2560 5607 αὑτοῦ,
2612 5538 2656 5612 ᾧ
2702 5543 2764 5597 τὸ
2807 5542 3001 5597 ἑαυτοῦ
3043 5542 3258 5613 πνεῦμα
3287 5541 3479 5597 δώσειν
3512 5541 3751 5610 ὲλέγετο.

2167 5638 2393 5710 Πρῶτον
2421 5637 2478 5693 δὲ
2501 5634 2664 5691 αὒτδν
2693 5637 2753 5688 ὲν
2774 5634 3094 5707 δικαιοσύνῃ
3121 5634 3296 5697 καλεῖ,
3330 5634 3448 5688 κατ’
3482 5629 3640 5700 ἀξίαν
3653 5630 3752 5701 τὴν

2165 5730 2356 5800 κλῆσιν
2387 5726 2548 5783 αὐτοῦ
2574 5727 2666 5782 καὶ
2698 5726 2837 5780 κατὰ
2870 5728 2931 5780 τὸ
2957 5726 3163 5784 δίκαιον
3210 5724 3566 5796 ποιούμενοςθ
3608 5721 3734 5778 ἔπει

2168 5839 2234 5876 τα
2267 5808 2563 5888 κρατήσειν
2593 5819 2691 5884 τῆς
2719 5820 2901 5888 χειρὺς
2939 5817 3127 5883 αὐτοῦ,
3153 5818 3245 5872 καὶ
3264 5813 3544 5883 ἐνισχῦσαι
3563 5812 3754 5879 αὐτῶν,
