4130 6380
287 355 388 412 589

1209 344 1712 402 (ΞΟΜΜΕΝΤΜΠΑ
1754 343 1821 398 IN
1860 342 2119 402 ISAIAM.
2158 368 2231 388 δ·-
2265 343 2414 400 CAP.
2456 345 2613 401 XL".

288 476 377 530 καὶ
418 470 607 544 τρίτον
654 467 959 541 χαριεῖσθαι
1009 467 1156 537 αύτῷ
1203 469 1373 540 δῶρον
1436 467 1624 539 ὥσπερ
1650 484 1701 519 τι
1745 465 1860 535 φῶς

1968 475 2260 519 heusurum
2290 507 2304 530 ,
2343 465 2629 535 ipsumque
2671 462 3146 520 corruboraturum
3174 509 3189 530 ,
3226 481 3288 520 ac
3317 470 3539 523 tertium

292 566 446 633 μέγα,
474 564 608 616 πᾶσι
639 564 750 623 τοῖς
776 561 984 613 ἔθνεσιν
1011 560 1401 629 ἐπαγγέλλεται
1440 560 1610 627 λέγων
1630 576 1643 589 ο
1686 580 1702 611 ι
1749 558 1859 613 Καὶ

289 654 457 709 ἔδωκά
481 668 540 706 σε
576 655 654 715 είς
685 651 949 723 διαθήκην
984 651 1195 720 γένους,
1225 653 1304 713 είς
1346 651 1460 720 φῶς
1484 651 1673 704 ἐθνῶν.
1708 670 1726 702 ι
1753 651 1862 704 Πά-

288 747 369 801 λαι
406 745 505 815 μὲν
532 740 626 797 οὖν
655 743 743 796 διὰ
772 743 1054 805 Μωῦσέως
1082 743 1178 811 τὴν
1211 742 1447 795 παλαιὰν
1481 742 1756 814 Διαθήχην
1782 741 1861 811 τῷ

299 834 562 891 Ἰουδαίων
593 834 765 887 ἐδίδου
796 833 906 904 λαῴ
931 850 943 862 ·
985 833 1213 886 ἐνταῦθα
1241 833 1295 885 δὲ
1334 834 1426 886 τὸν
1457 834 1864 903 προφητευόμε-

290 947 371 983 νον
399 930 479 990 είς
510 925 775 996 διαθήκην
817 924 910 978 τοῦ
941 926 1131 993 γένους
1176 924 1283 978 τῶν
1308 925 1628 995 ἀνθρώπων,
1655 926 1749 980 καὶ
1782 928 1863 989 είς

291 1020 398 1089 φῶς
432 1018 603 1071 ἐθνῶν
630 1016 974 1088 δωρήσασθαί
1001 1034 1192 1087 φησιν’
1225 1019 1370 1079 ὅπως
1404 1020 1460 1068 ἐν
1499 1016 1648 1087 αύτῷ
1697 1034 1862 1085 φωτιι-

290 1111 497 1182 ζόμενοι
521 1107 631 1162 τῶν
662 1107 830 1161 πάλαι
868 1107 968 1171 τὰς
1019 1108 1194 1178 ψυχὰς
1246 1108 1458 1178 τυψλῶν
1500 1110 1549 1161 oi
1593 1107 1862 1178 ὀφθαλμοὶ

288 1202 656 1269 διανοίγωνται
685 1202 777 1253 καὶ
805 1199 1148 1253 ἀναδλέπωσι
1172 1201 1455 1271 διορῶντες
1477 1201 1574 1272 τὴν
1596 1200 1690 1254 τοῦ
1724 1200 1859 1253 Θεοῦ

290 1295 503 1362 γνῶσιν,
538 1293 615 1357 ὡς
650 1293 847 1363 μηκέτι
876 1292 1049 1357 ξύλοις
1071 1295 1163 1347 καὶ
1189 1294 1355 1356 λίθοις
1385 1296 1478 1347 καὶ
1506 1293 1730 1364 ἀψύχων
1758 1292 1857 1364 ὕλῃ

290 1386 380 1457 τὴν
404 1386 497 1439 τοῦ
542 1384 679 1438 Θεοῦ
731 1385 894 1455 τιμὴν
943 1386 1253 1455 ἀπονέμειν.
1300 1386 1533 1456 Ἤμελλε
1592 1386 1701 1457 γὰρ
1736 1388 1861 1449 τοὺς

295 1481 488 1547 σειραῖς
513 1477 625 1529 τῶν
645 1476 787 1529 ἰδίων
814 1478 1225 1547 ἁμαρτημάτων
1249 1478 1734 1549 κατεσφιγμένους,
1767 1480 1860 1533 καὶ

294 1571 347 1621 ἐν
391 1568 565 1638 σκότῳ
602 1583 662 1619 τε
707 1568 802 1619 καὶ
848 1567 1013 1639 κακίᾳ
1048 1567 1453 1636 πεπεδημένους
1496 1567 1581 1620 διὰ
1627 1568 1725 1638 τῆς
1765 1568 1860 1621 τοῦ

294 1660 418 1713 Θεοῦ
470 1660 695 1732 χάριτος
756 1658 1039 1729 ἁμαρτιῶν
1099 1659 1347 1728 ἀφέσεως
1392 1658 1703 1723 καταξιοῦν,
1766 1660 1860 1712 καὶ

295 1749 468 1821 ὥσπερ
504 1750 571 1801 ἐκ
595 1747 983 1817 δεσμωτηρὲων
1015 1746 1269 1800 ἀπολύειν
1296 1746 1607 1817 ἐλευθέρους
1660 1762 1722 1799 τε
1768 1747 1859 1798 καὶ

289 1838 645 1893 ἀπαλλάττειν
669 1838 767 1908 τῆς
789 1837 883 1891 τοῦ
915 1837 1162 1891 διαὸόλου
1192 1838 1431 1909 εἱρκτῆς.

348 2038 379 2068 ιι
425 2016 561 2086 Ἐγὼ
608 2014 809 2086 Κύριος
839 2017 866 2069 ὁ
905 2014 1036 2078 Θεός
1056 2030 1069 2043 ·
1100 2012 1256 2067 τοῦτό
1287 2012 1386 2084 μοῦ
1437 2014 1552 2066 ἐστι
1581 2010 1640 2065 τὺ
1667 2012 1860 2084 ὄνομα,

302 2108 572 2182 τὴνδόξαν
622 2126 722 2179 μου
754 2108 927 2178 ἐτέρῳ
955 2107 1015 2160 ού
1050 2104 1224 2170 δώσω,
1248 2104 1367 2157 ούῖέ
1388 2104 1487 2168 τὰς
1518 2104 1718 2175 ἀρετάς
1758 2122 1861 2175 μου

304 2200 405 2264 τοῖς
429 2201 694 2270 γλυπτοῖς.
726 2200 805 2252 Τὰ
834 2196 926 2251 ἀπ’
956 2197 1127 2269 ἀρχῆς
1178 2196 1284 2249 ἰδοῦ
1318 2196 1482 2264 ἥκασι
1504 2234 1518 2258 ,
1557 2196 1650 2248 καὶ
1700 2193 1862 2248 καινά

311 2290 457 2358 me.
484 2290 809 2360 ἀνσγγέλλω,
844 2290 938 2342 καὶ
964 2290 1068 2360 πρὸ
1114 2286 1206 2341 τοῦ
1252 2285 1565 2355 ἀναγγεῖλαι
1619 2283 1860 2355 ἐδηλώθη

314 2386 447 2454 ὑμῖν.
482 2406 498 2435 ι
540 2383 848 2453 Ἐπιστῆσαι
871 2380 1038 2447 ἄξιον,
1063 2380 1141 2443 ὡς
1172 2380 1270 2432 ούκ
1300 2380 1506 2449 εῐρηται
1528 2417 1541 2440 ,
1568 2378 1678 2449 Τὴν
1705 2376 1862 2442 δόξαν

311 2490 409 2542 μου
434 2474 600 2526 ούδενὶ
632 2472 811 2524 δώσω*
853 2470 1123 2523 δείκνυται
1174 2468 1271 2539 γὰρ
1296 2470 1324 2521 ὁ
1352 2467 1478 2531 Υἱὸς
1509 2467 1601 2519 τοῦ
1650 2467 1861 2537 Πατρὸς

302 2564 545 2637 έχωντὴν
572 2564 755 2630 δόξαν·
780 2563 839 2616 τὸ
876 2564 972 2634 μὲν
1018 2561 1127 2633 γὰρ
1157 2561 1350 2622 οὐδενὶ,
1405 2560 1739 2631 ἀναιρετικὸν
1793 2555 1861 2631 ἦν

304 2654 485 2718 παντός
505 2670 517 2684 ’
541 2650 599 2707 τδ
623 2653 688 2724 δὴ
714 2653 884 2725 ἑτέρῳ
902 2652 975 2723 μὴ
998 2651 1209 2713 δώσειν,
1240 2652 1320 2703 ἐνὶ
1355 2650 1498 2721 μόνῳ
1530 2649 1627 2720 τὴν
1656 2649 1863 2721 συγχώο

292 2760 444 2813 ρηςιν
478 2744 802 2816 γεγενῆσθαι
852 2744 1123 2816 ἐμφαίνει,
1174 2742 1374 2813 δηλαδὴ
1403 2742 1480 2813 τῷ
1523 2758 1860 2815 προφητεύο-

299 2839 431 2907 μένῳ
468 2832 638 2901 Οὗτος
662 2836 721 2889 δὲ
740 2833 807 2908 ἦν
843 2836 979 2907 πρὸς
1007 2835 1065 2888 ὃν
1095 2836 1310 2904 ἐλέγετο
1333 2851 1348 2866 '

344 3034 373 3065 -ι
417 3015 691 3069 Ἐκάλεσα
754 3031 812 3067 σε
864 3015 923 3068 ἐν
964 3012 1296 3085 δικαιοσύνῃ,
1332 3014 1425 3066 καὶ
1464 3015 1720 3085 κρατήσω
1765 3013 1863 3083 τῆς

288 3109 452 3179 χειρός
497 3126 609 3173 σοι),
647 3108 741 3161 καὶ
770 3106 1036 3177 ἐνισχύσω
1063 3122 1143 3170 σε,
1170 3108 1263 3159 καὶ
1289 3104 1462 3159 ἔδωκά
1488 3122 1546 3158 σε
1574 3107 1654 3169 είς
1676 3104 1862 3176 διαθή-

287 3214 374 3273 κην
405 3204 631 3273 γέδνους,
662 3202 740 3264 είς
766 3199 883 3269 φῶς
912 3200 1100 3254 ἐθνῶν.
1139 3219 1157 3252 ι
1196 3200 1295 3253 Διὰ
1331 3199 1531 3253 τούτων
1558 3200 1637 3266 δὲ,
1682 3196 1857 3271 οἶμαι,
1888 3181 1929 3240 C

290 3293 377 3349 sitv
404 3296 608 3365 λόγων
663 3293 731 3348 τὰ
766 3295 906 3364 -ἒθνη
958 3293 1134 3347 πάντα
1173 3292 1452 3357 παιδεύει,
1499 3291 1703 3362 μηδένα
1760 3290 1859 3363 μὲν

294 3384 390 3442 θεὸν
424 3391 479 3444 ὑ
495 3391 645 3459 μνεῖν
676 3387 785 3441 τῶν
812 3387 979 3440 πάλαι
1009 3386 1419 3457 ὀνομαζομένων
1457 3386 1638 3449 αὐτοῖς
1683 3385 1820 3439 θεῶν
1842 3402 1857 3416 '

290 3480 431 3548 μόνον
468 3481 549 3533 οδέ
608 3480 699 3534 τὸν
745 3480 979 3551 Χριστὸν
1027 3478 1120 3532 τοῦ
1156 3476 1290 3531 θεοῦ
1316 3478 1407 3531 καὶ
1438 3478 1529 3530 τὸν
1568 3477 1860 3549 πέμψαντα

258 3577 267 3589 ’⁷
286 3570 432 3626 αὑτὸν
460 3572 700 3643 αἰῖατέρα
726 3570 988 3638 δοξάζειν.

348 3707 364 3739 ι
408 3690 727 3758 ’Υμνήσατε
752 3685 829 3757 τῷ
860 3686 1049 3758 Κυρίῳ
1074 3684 1241 3756 ὕμνον
1275 3684 1487 3739 καινόν’
1518 3686 1551 3757 ἡ
1588 3684 1730 3757 ἀρχὴ
1772 3684 1862 3738 αύ-

284 3778 390 3833 τοῦ.
446 3800 464 3833 ι
505 3780 673 3833 Τοῦτό
703 3795 834 3851 φησι
860 3779 1055 3850 χρῆναι
1086 3782 1257 3832 ποιεῖν
1286 3780 1492 3841 πάντας
1518 3777 1857 3849 ἀνθρώπους.

290 3888 307 3921 ι
337 3871 602 3936 Δοξαζετε
658 3871 720 3924 τὸ
748 3870 924 3941 δνομα
959 3870 1122 3924 αὑτοῦ
1152 3870 1245 3923 ἀπ’
1280 3871 1449 3940 ἄκρου
1506 3869 1607 3938 τῆς
1657 3871 1778 3941 γῆς,
1810 3869 1860 3921 οἱ

285 3964 702 4025 καταόαίνοντες
727 3960 823 4031 τὴν
849 3961 1144 4023 θάλασσαν,
1173 3960 1268 4013 καὶ
1301 3961 1554 4024 πλέοντες
1586 3960 1776 4033 αὐτὴν.
1804 3960 1861 4016 αι

282 4055 437 4125 νῆσοι
471 4055 563 4106 καὶ
594 4054 643 4105 οί
678 4051 1052 4116 κατοικοῦντες
1086 4052 1282 4116 αὐτάς·
1318 4071 1337 4104 ι
1358 4053 1433 4115 ὡς
1489 4054 1597 4106 ἀπὸ
1620 4053 1719 4123 τῆς
1766 4053 1860 4106 τοῦ

282 4144 525 4217 Χριστοῦ
580 4144 948 4217 προσηγορίας
1012 4144 1350 4216 Χριστιανῶν
1406 4145 1504 4215 τὴν
1570 4145 1863 4217 σύμπασαν

282 4237 463 4309 πεπλη
474 4237 696 4309 ρῶσθαι.
730 4239 1022 4308 Ἀντικρυς
1046 4238 1172 4300 τοὺς
1203 4235 1531 4299 ἀποστόλους
1555 4236 1650 4289 τοῦ
1674 4237 1861 4307 Σωτῆ-

286 4343 377 4399 ρος
411 4330 568 4401 ἡμῶν
600 4328 901 4401 σημαίνων,
944 4327 1038 4392 οῦς
1087 4327 1239 4400 παρὰ
1271 4328 1367 4399 τὴν
1421 4328 1696 4381 θάλασσαν
1749 4325 1859 4382 εἶδε

287 4417 575 4489 βάλλοντας
598 4421 1003 4493 ἀμφίϐληστρον
1029 4423 1107 4484 είς
1136 4419 1231 4490 τὴν
1262 4420 1533 4473 θάλασσαν
1551 4436 1564 4449 ·
1589 4416 1726 4491 ἦσαν
1754 4421 1860 4493 γὰρ

1966 556 2065 625 ipsi
2118 557 2319 610 donum
2370 558 2729 617 collaturum,
2786 568 2840 612 et
2903 574 3002 612 ceu
3062 558 3234 612 lucem
3286 576 3539 630 magnam

1962 648 2212 701 omnibus
2241 650 2489 717 gentibus
2520 649 2825 703 oblaturum
2851 664 2974 703 esse
2999 651 3300 719 pollici-tur,
3328 652 3538 714 dicens,

1969 757 1988 791 ι
2022 739 2089 793 Ει
2117 739 2235 793 dedi
2272 750 2321 793 te
2348 740 2397 793 in
2439 750 2817 795 testamentmu
2847 745 3082 811 generis,
3114 743 3165 796 in
3198 743 3373 798 lucem
3405 761 3538 814 gen-

1963 830 2116 881 tium.
2158 846 2179 879 ο
2213 829 2351 884 Olim
2385 830 2565 899 itaque
2608 848 2702 899 per
2746 831 2980 900 Moysem
3016 831 3180 886 Vetus
3221 831 3537 888 Testamen-

1964 929 2073 973 tum
2106 917 2330 974 Iudaico
2358 921 2555 989 populo
2584 923 2769 976 dedit:
2806 924 2893 977 hic
2938 935 3117 977 autem
3163 940 3310 989 eum,
3348 926 3437 994 qui
3476 927 3532 979 in

1961 1012 2240 1078 prophetia
2266 1010 2438 1065 fertur
2468 1014 2519 1065 in
2554 1024 2935 1066 testamentum
2977 1017 3190 1084 generis
3234 1017 3536 1076 hominum,

1960 1111 2016 1155 et
2059 1104 2109 1155 in
2142 1101 2312 1156 lucem
2342 1104 2579 1172 gentium
2616 1104 2853 1157 dandum
2903 1107 3011 1168 alt;
3044 1118 3102 1160 ut
3138 1123 3205 1161 eo
3244 1107 3538 1161 illuntiuati

1964 1204 2152 1244 eorum
2178 1191 2342 1256 oculi,
2374 1194 2464 1262 qui
2499 1193 2626 1246 olim
2654 1206 2829 1247 mente
2850 1198 2975 1251 αεεί
2995 1209 3152 1250 erant
3172 1201 3532 1266 aperirentur.

1964 1298 2029 1337 ac
2065 1296 2279 1353 recepto
2313 1286 2425 1338 visu
2463 1286 2553 1339 Dei
2593 1288 2955 1356 cognitionem
2990 1302 3447 1356 assequerentur;
3478 1300 3538 1345 ut

1961 1391 2030 1429 ne
2059 1377 2202 1429 ultra
2252 1377 2437 1443 lignis,
2478 1376 2750 1446 lapidibus
2794 1388 2848 1431 et
2887 1379 3303 1433 inanimatarum
3352 1395 3535 1435 rerum

1962 1466 2206 1520 materiae
2251 1467 2342 1520 Dei
2390 1467 2647 1520 honorem
2689 1469 3044 1521 ascriberent.
3083 1468 3296 1522 Atenim
3317 1485 3412 1524 eos
3441 1472 3535 1540 qui

1962 1568 2307 1628 peccatorum
2327 1572 2547 1611 suormn
2571 1558 3345 1628 vinculis(-nnstringebantur,
3374 1571 3541 1631 atquo

1963 1649 2284 1704 intenebris
2312 1660 2366 1703 et
2392 1650 2613 1703 malitia:
2661 1651 3011 1718 compedibus
3064 1661 3241 1715 erant,
3293 1667 3391 1722 per
3438 1653 3537 1708 Del

1963 1741 2195 1809 gratiam
2222 1749 2563 1809 peccatorum
2613 1742 2763 1794 venia
2799 1741 3096 1795 donaturus
3120 1783 3134 1804 ,
3166 1758 3266 1796 ceu
3302 1760 3370 1798 ex
3409 1758 3536 1798 car-

1889 1839 1932 1897 Β
1960 1847 2083 1885 cere
2125 1831 2327 1885 liberos
2354 1831 2667 1895 soluturus,
2704 1846 2769 1884 ac
2799 1846 2830 1886 e
2863 1831 3061 1887 diaboli
3119 1835 3365 1889 custodia
3413 1849 3539 1891 ere-

1963 1934 2154 1994 pturus
2183 1933 2320 1977 eral.

2036 2020 2200 2074 \‘sns.
2223 2020 2339 2074 8-9.
2371 2036 2391 2071 ι
2416 2019 2529 2089 Ego
2558 2019 2819 2075 Dominus
2843 2019 2985 2074 Deus
3012 2039 3026 2075 :
3061 2022 3161 2077 hoc
3181 2022 3311 2077 mihi
3340 2035 3539 2079 nomen

1962 2121 2064 2177 est,
2094 2124 2147 2167 et
2176 2112 2402 2179 gloriam
2436 2128 2611 2166 meam
2641 2113 2798 2167 alteri
2828 2130 2930 2167 non
2961 2114 3122 2178 dabo,
3155 2130 3330 2185 neque
3356 2115 3536 2171 virtu-

1964 2210 2044 2255 tes
2070 2217 2222 2255 meas
2260 2200 2623 2269 sculptilibus.
2661 2202 2792 2267 Quae
2821 2219 2849 2255 a
2898 2204 3167 2273 principio
3203 2220 3334 2259 ecce
3374 2219 3540 2260 vene-

1962 2303 2109 2359 runt,
2146 2304 2200 2346 ct
2231 2308 2366 2346 nova
2408 2306 2526 2361 qua:
2558 2308 2658 2361 ego
2680 2296 2974 2359 annuntio,
3012 2305 3064 2349 et
3109 2304 3400 2365 antequam
3436 2312 3538 2350 an-

1963 2383 2276 2437 uuntientur
2316 2382 2589 2437 declarata
2642 2393 2767 2435 sunt
2804 2384 2981 2437 vobis.
3041 2401 3059 2435 ι
3114 2386 3539 2443 Αιιὶιιιιιιινοτιειι

1961 2475 2121 2529 velim
2173 2488 2279 2529 non
2338 2474 2543 2528 dictum
2594 2472 2778 2536 fuisse,
2837 2473 3067 2543 gloriam
3122 2492 3297 2529 meam
3331 2477 3537 2533 nemini

1961 2567 2101 2621 dabo
2127 2581 2141 2617 :
2185 2581 2306 2618 nam
2335 2563 2529 2619 Filium
2554 2564 2727 2619 Patris
2754 2564 2979 2634 gloriam
3030 2566 3232 2620 habere
3254 2574 3537 2623 ostensum

1960 2667 2082 2721 est;
2113 2656 2256 2726 quod
2297 2656 2441 2711 enim
2480 2656 2681 2710 nemini
2719 2659 2896 2723 detur,
2944 2657 3311 2727 ldquemlibet
3352 2661 3541 2715 exclu-

1961 2748 2078 2812 dit;
2110 2748 2251 2818 quod
2286 2757 2465 2802 autem
2499 2748 2655 2801 alteri
2692 2763 2796 2801 non
2822 2748 3001 2811 detur,
3038 2749 3163 2803 hinc
3206 2750 3297 2805 uni
3360 2751 3535 2805 solum

1960 2855 2278 2894 concessam
2311 2839 2480 2894 fuisse
2502 2841 2827 2904 declaratur,
2858 2840 3068 2895 scilicet
3094 2840 3165 2901 ei,
3197 2841 3289 2910 qui
3318 2841 3373 2895 in
3411 2856 3541 2911 pro-

1962 2930 2138 2999 phetia
2172 2928 2363 2983 fertur.
2403 2928 2502 2984 llic
2542 2945 2704 2999 porro
2750 2942 2869 2984 erat
2911 2931 3000 2985 cui
3032 2932 3358 2988 dicebatur:

1946 3084 1955 3089 η
2029 3022 2257 3078 «Vocavi
2279 3034 2329 3077 te
2348 3024 2399 3077 in
2415 3024 2707 3091 justitia,et
2723 3025 3119 3094 apprehendam
3140 3042 3354 3081 manum
3370 3036 3539 3096 tuazr,

1964 3114 2330 3169 corroborabo
2365 3125 2436 3179 te,
2465 3124 2521 3169 et
2553 3115 2671 3168 dcdi
2707 3126 2755 3168 te
2785 3116 2837 3168 in
2872 3125 3256 3172 testamentum
3296 3120 3539 3188 generis,

1964 3204 2018 3257 in
2047 3204 2219 3260 lucem
2257 3206 2526 3276 gentium.
2563 3224 2581 3257 ι
2617 3205 2710 3259 llis
2731 3222 2925 3275 porro,
2959 3216 3018 3261 ut
3050 3210 3261 3264 aestimo
3283 3250 3299 3277 ,
3326 3225 3540 3266 sermo-

1962 3293 2124 3348 nibus
2177 3304 2367 3365 gentes
2412 3310 2603 3349 omnes
2643 3296 2849 3359 erudit,
2895 3312 2965 3351 ne
2997 3297 3158 3352 deant
3208 3299 3374 3354 ullum
3400 3302 3549 3356 eelo-

1963 3384 2123 3439 brent
2165 3401 2385 3450 eorum,
2432 3388 2522 3456 qui
2558 3387 2685 3441 olim
2734 3388 2872 3457 apud
2914 3403 3010 3443 eas
3046 3391 3120 3444 dii
3166 3392 3540 3461 vocabantur;

1963 3477 2057 3530 sed
2105 3476 2278 3531 solum
2328 3478 2606 3533 Christum
2631 3479 2764 3544 Dei,
2796 3489 2851 3534 et
2890 3478 3141 3548 Patrem,
3171 3483 3263 3553 qui
3294 3484 3442 3540 misit
3477 3485 3547 3541 i1-

1967 3566 2099 3629 lum,
2139 3568 2308 3638 gloria
2340 3568 2591 3623 alliciant.

2034 3679 2199 3734 Vsus.
2238 3680 2321 3736 l0.
2383 3698 2402 3733 ι
2441 3680 2667 3737 Cantate
2718 3680 2946 3737 Domino
2994 3685 3267 3740 canticum
3319 3702 3539 3753 novum,

1965 3772 2299 3843 principatus
2329 3779 2464 3840 ejus.
2502 3791 2521 3824 ι
2563 3770 2619 3826 Id
2651 3775 2722 3828 ab
2754 3774 3011 3829 omnibus
3060 3777 3367 3833 hominibus
3404 3795 3544 3848 pra:-

1964 3865 2217 3918 standum
2245 3865 2341 3918 ait.
2383 3881 2401 3915 ι
2439 3863 2754 3920 Glorilicate
2784 3880 2980 3921 nomen
3022 3867 3139 3936 ejus
3189 3869 3258 3923 ab
3300 3880 3545 3925 extremo

1967 3963 2147 4016 teme,
2175 3954 2266 4023 qui
2294 3954 2626 4009 descenditis
2656 3954 2707 4009 in
2733 3970 2915 4021 mare,
2949 3967 3001 4011 et
3031 3959 3297 4029 navigatis
3341 3960 3540 4030 ipsum,

1967 4046 2157 4099 insula:
2181 4055 2235 4099 et
2268 4046 2603 4101 habitatores
2638 4062 2826 4101 earum
2856 4062 2870 4099 :
2904 4066 2923 4100 ι
2966 4049 3038 4103 ita
3079 4058 3190 4103 uta
3216 4049 3417 4106 Christi
3452 4069 3545 4107 uo-

1965 4138 2150 4202 mine,
2190 4137 2449 4191 universa
2494 4146 2635 4192 terra
2680 4136 3003 4193 Christianis
3056 4142 3258 4209 repleta
3309 4142 3399 4196 sit.
3444 4140 3542 4197 His

1965 4244 2129 4300 porro
2163 4232 2444 4299 apostolos
2486 4228 2795 4283 Servatoris
2830 4232 3000 4283 nostri
3047 4232 3326 4301 perspicue
3372 4233 3544 4300 signi-

1965 4324 2127 4385 tlcat,
2168 4336 2307 4391 quos
2353 4322 2419 4375 ad
2471 4321 2621 4374 littus
2660 4321 2823 4373 maris
2854 4320 2990 4373 vidit
3028 4321 3292 4391 jaeientes
3341 4333 3455 4380 rete
3487 4324 3541 4379 in

1964 4431 2157 4471 mare:
2195 4425 2352 4470 erant
2394 4415 2538 4469 enim
2594 4414 2939 4485 piscatores;
2989 4414 3350 4485 similiterque
3384 4416 3541 4472 alios.

284 4512 453 4577 ἁλιεῖς
475 4530 488 4544 ’
524 4513 723 4583 ὁμοίως
748 4512 804 4565 δὲ
838 4513 928 4564 καὶ
957 4513 1081 4575 τοὺς
1113 4512 1353 4575 λοιπούς.
1400 4514 1461 4565 Ol
1504 4513 1656 4565 αὐτοὶ
1694 4512 1749 4564 δὲ
1781 4508 1862 4566 οὗ·

1970 4506 2030 4560 lli
2067 4521 2197 4561 vero
2230 4506 2330 4575 ipsi
2363 4515 2792 4559 mare-nostrum
2820 4507 3383 4577 circumnavigantes,
3429 4525 3545 4565 mo-

286 4618 385 4669 τοι,
417 4603 510 4656 καὶ
542 4603 638 4675 τὴν
670 4602 790 4655 καθ’
824 4603 968 4672 ἡμᾶς
1000 4601 1380 4672 περιπλέοντες
1412 4601 1698 4663 θάλατταν,
1739 4604 1859 4655 τοτὲ

290 4691 384 4761 μὲν
412 4696 468 4747 ἐν
492 4697 610 4757 ταῖς
634 4693 817 4763 νήσοις
847 4693 1143 4761 ἐκήρυττον
1176 4692 1235 4744 τὸ
1264 4690 1612 4760 Εὑαγγέλιον,
1659 4692 1778 4745 τοτέ
1804 4691 1861 4744 δέ

285 4783 549 4840 διέϐαινον
600 4785 853 4839 ἐπέκεινα
884 4785 1123 4846 Σπανίας
1169 4800 1229 4836 τε
1261 4784 1354 4835 καλ¹
1399 4783 1749 4845 Ἰταλίας,ώς
1804 4784 1862 4836 ἐν

285 4876 449 4949 ὀλίγῳ
481 4877 659 4949 χρόνῳ
678 4879 772 4929 καὶ
788 4876 955 4946 αὐτὴν
981 4874 1365 4945 βασιλεύουσαν
1398 4874 1551 4927 πόλιν
1574 4874 1861 4945 πληρῶσαι

287 4968 383 5037 τῆς
402 4970 498 5024 τοῦ
530 4968 763 5041 Χριστοῦ
781 4966 1145 5029 διδασκαλίας.
1177 4967 1286 5019 Καὶ
1309 4965 1481 5029 άλλως
1502 4966 1557 5018 δὲ
1573 4969 1620 5020 οἱ
1646 4968 1743 5037 τὴν
1766 4968 1860 5020 τοῦ

289 5052 625 5133 ἀνθρωπίνου
654 5061 767 5132 βίου
792 5060 1066 5114 θάλασσαν
1093 5058 1436 5129 ἐμπλέοντες,
1467 5060 1559 5111 καὶ
1588 5061 1719 5112 πᾶσι
1750 5063 1862 5124 τοῖς

290 5149 494 5208 ἔθνεσιν
524 5157 581 5208 ἐν
614 5154 802 5225 μέσαις
854 5156 970 5217 ταῖς
1022 5151 1335 5222 ἐκκλησίαις
1386 5151 1748 5221 κηρύττοντες
1802 5152 1864 5205 τὸ

292 5241 616 5316 Εύαγγέλιον
637 5245 723 5299 διὰ
753 5245 861 5298 τῶν
886 5244 1256 5315 προκειμένων
1277 5243 1558 5311 δηλοῦνται
1579 5262 1591 5274 ·
1624 5246 1744 5297 ἐπεὶ
1770 5251 1863 5298 καὶ

294 5336 440 5391 αύτοὶ
479 5340 569 5392 τὸν
598 5338 780 5391 καινὸν
802 5336 831 5389 ῦ
841 5354 969 5407 μνον
996 5339 1141 5407 πασῃ
1166 5336 1530 5405 κατήγγελλον
1556 5340 1620 5409 τῇ
1654 5340 1745 5409 γῇ,
1768 5338 1864 5390 καὶ

294 5426 596 5500 ἀνθρώποις
624 5432 681 5482 ἐν
707 5430 896 5499 μέσαις
912 5428 1026 5490 ταῖς
1049 5427 1363 5499 ἐκκλησίαις
1390 5428 1745 5499 κηρύττοντες
1770 5430 1865 5481 καὶ

1969 4601 2037 4654 do
2084 4600 2136 4653 in
2204 4598 2398 4653 insulis
2432 4597 2780 4667 Evangelium
2820 4599 3223 4668 pra-dicabant;
3286 4603 3445 4656 modo
3488 4604 3541 4659 in

1968 4691 2281 4762 Hispaniam
2318 4700 2375 4746 et
2418 4691 2625 4744 Italiam
2668 4692 3039 4757 trajiciebant;
3082 4695 3150 4746 ita
3187 4704 3247 4748 ut
3277 4696 3425 4750 brevi
3459 4712 3546 4750 re-

1967 4788 2110 4856 giam
2143 4786 2317 4855 ipsam
2352 4784 2541 4839 urbem
2573 4785 2818 4840 doctrina
2844 4786 3045 4841 Christi
3081 4788 3373 4857 replerent.
3421 4790 3545 4845 Alio

1968 4878 2099 4932 item
2161 4878 2355 4942 modo,
2396 4877 2623 4931 indicari
2668 4878 2921 4933 videntur
2965 4878 3035 4944 ii,
3076 4881 3167 4948 qui
3206 4881 3259 4935 in
3296 4880 3548 4938 humana

1969 4972 2096 5025 vitae
2123 4970 2257 5024 tutari
2285 4970 2626 5040 navigantes,
2660 4970 2797 5039 apud
2822 4986 3012 5025 omnes
3043 4982 3231 5041 gentes
3258 4972 3312 5027 in
3348 4974 3546 5029 mediis

1968 5065 2215 5118 ecclesiis
2249 5063 2603 5131 Evangelium
2652 5064 3019 5132 praedicabant
3050 5081 3064 5116 :
3104 5065 3545 5136 quandoquidem

1969 5167 2023 5211 et
2053 5157 2152 5226 ipsi
2185 5158 2443 5227 hymnum
2473 5171 2672 5208 novum
2714 5170 2810 5224 per
2837 5171 3051 5209 omnem
3098 5166 3299 5209 terram
3335 5172 3547 5208 aninm-

1974 5250 2216 5313 tiabant,
2242 5259 2296 5302 et
2331 5248 2382 5301 in
2408 5247 2584 5300 medio
2615 5246 2969 5300 ecclesiarum
3008 5246 3312 5300 hominibus
3352 5246 3549 5314 praedi-

1971 5342 2171 5394 cabant
2204 5350 2255 5394 cl
2290 5340 2579 5393 dovehanl.
2614 5358 2631 5390 ι
2676 5339 2740 5392 Et
2780 5341 3111 5392 habitatores
3143 5354 3351 5393 earum.
3394 5355 3413 5390 ι
3454 5337 3550 5393 Hi8

1973 5431 2247 5499 signilicat
2277 5446 2393 5490 eos,
2429 5431 2521 5498 qui
2549 5430 2601 5482 in
2629 5431 2877 5483 ecclesiis
2910 5444 3085 5483 costus
3115 5439 3297 5499 agunt.

294 5514 646 5585 διδάσκοντες.
666 5538 684 5573 ι
712 5520 819 5573 Καὶ
849 5522 897 5572 οἱ
918 5519 1293 5583 κατοικοῦντες
1312 5519 1480 5583 αύτάς
1500 5535 1514 5549 ο
1543 5538 1563 5571 ι
1588 5520 1714 5583 τοὺς
1735 5521 1792 5573 ἐν
1805 5520 2260 5593 ταῐςέκκλησίαις
2281 5522 2678 5593 συναγομένους
2694 5522 2887 5575 τοῦτον
2904 5521 3184 5592 ἐμφαίνων
3208 5520 3298 5574 τὸν
3322 5521 3547 5594 τρόπον.

363 5651 383 5685 σ
424 5634 788 5709 Εὐφράνθητι,
823 5635 1044 5708 ἔρημος,
1110 5637 1204 5689 καὶ
1242 5637 1297 5689 αἱ
1323 5636 1501 5707 κῶμαι
1536 5635 1705 5706 αὑτῆς
1735 5654 1749 5668 ο
1784 5655 1803 5690 ι
1832 5637 1868 5709 ἢ

300 5727 431 5782 κατὰ
464 5731 587 5795 τοὺς
616 5729 834 5793 λοιποὺς
864 5730 1219 5805 ἐρμηνευτάς,
1252 5750 1268 5784 ι
1301 5732 1394 5785 καὶ
1419 5730 1602 5796 πόλεις
1627 5731 1814 5803 αὑτῆς.
1844 5751 1870 5783 σ

2052 5640 2214 5696 Vens.
2237 5641 2323 5698 ll.
2356 5660 2374 5692 ι
2407 5638 2613 5696 Laetare
2645 5642 2943 5696 desertmn.
2971 5651 3025 5693 et
3055 5640 3160 5697 vici
3191 5642 3347 5711 ejus;
3376 5661 3395 5696 ι
3431 5646 3547 5701 sive

1984 5734 2277 5788 secundum
2305 5733 2538 5803 reliquos
2570 5734 2917 5803 interpretes,
2959 5752 2975 5786 ι
3008 5744 3062 5789 et
3088 5736 3334 5793 civitates
3356 5739 3494 5801 eius.
3519 5758 3543 5792 ›
