4130 6400
500 332 603 391 σει

1176 331 1448 390 EUSEBll
1488 334 1971 395 CESARIENSIS
2007 336 2162 394 0P9.
2202 338 2384 395 PARS
2418 339 2510 396 111.
2550 372 2630 388 -.
2658 341 3072 398 EXEGETICA.

3567 351 3767 409 »ΞΕ

501 445 685 504 ﬁnitae
728 448 925 521 quippe
966 450 1131 506 urbes
1177 452 1474 506 secundum
1512 453 1725 510 direasa
1767 456 1889 513 vitae
1920 457 2079 512 insti-

2184 459 2382 517 Πολλαὶ
2408 462 2519 534 γάρ
2547 460 2731 527 πόλεις
2766 464 2906 518 κατὰ
2929 463 3028 525 τὰς
3075 460 3363 535 διαφόρους
3414 462 3685 533 πολιτείας
3707 469 3767 522 ἐν

500 550 620 596 tnta
662 543 716 598 in
759 541 1005 598 Ecclesia
1046 543 1140 598 Dei
1200 544 1609 614 intelliguntur,
1665 558 1723 602 ut
1780 548 1833 602 in
1879 550 2084 604 visione

497 628 725 705 Egypti
752 635 1087 690 declaratum
1112 645 1218 701 est,
1254 638 1344 693 ubi
1375 639 1680 706 dicebatur,
1709 643 1956 712 quinque
1987 660 2084 696 nr-

506 723 603 777 bes
638 724 692 778 in
721 723 960 795 Egypto
995 724 1129 788 fore,
1160 741 1280 794 quae
1313 726 1494 797 lingua
1514 730 1876 787 Chananitide
1901 734 2085 803 loquea

506 826 716 870 rentur.
757 835 776 869 ι
819 817 970 871 Villa:
1004 825 1057 871 et
1104 818 1443 874 habitatores
1485 820 1680 876 Cedar.
1730 820 2086 880 laetabuntur

502 906 595 975 qui
634 906 881 963 habitant
927 907 1177 971 Petram,
1219 909 1286 963 de
1329 912 1535 967 vertice
1575 914 1838 968 montium
1881 914 2085 969 clama-

501 997 655 1051 lntnt.
688 1017 708 1050 ι
741 999 920 1054 Cedar
958 1000 1010 1055 in
1037 1001 1282 1057 ulteriori
1329 1004 1528 1058 Arabia
1556 1005 1659 1059 sita
1695 1016 1781 1060 est
1811 1008 1877 1061 ad
1905 1018 2086 1061 extre-

503 1103 651 1141 mum
681 1089 922 1153 deserti,
954 1105 1114 1159 quam
1166 1092 1352 1149 dicunt
1390 1096 1636 1151 obtinere
1681 1100 2081 1153 Saracenorum

502 1188 744 1249 gentem.
783 1179 877 1234 His
906 1196 1097 1237 omnes
1123 1184 1325 1240 deserti
1366 1195 1423 1240 et
1466 1186 1651 1242 liniutn
1697 1197 1857 1243 terra:
1894 1189 2084 1243 incoho

502 1274 880 1343 significantur
903 1316 920 1337 ,
955 1276 1026 1330 ita
1054 1286 1111 1332 ut
1140 1279 1482 1336 rationabilis
1511 1280 1598 1337 illa
1642 1280 1732 1335 Dei
1776 1280 1958 1334 lmtitia
1988 1298 2084 1347 per

500 1365 703 1423 Christi
736 1368 967 1437 gratiam
1001 1369 1067 1425 ad
1092 1387 1193 1427 nos
1224 1390 1394 1441 usque
1419 1385 1746 1443 perventura
1784 1374 1875 1432 sit.
1923 1373 2080 1430 Petra

502 1474 635 1514 vero
662 1462 793 1516 urbs
819 1462 1068 1531 quaedam
1108 1463 1410 1521 Palaestina:
1431 1477 1537 1532 est,
1570 1468 1967 1536 superstitiosis
2001 1469 2080 1521 vi-

502 1550 584 1606 ris
624 1552 818 1621 plena.
854 1563 910 1607 ct
966 1553 1018 1607 in
1059 1557 1387 1624 profundum
1431 1559 1686 1615 diabolici
1733 1560 1939 1614 erroris
1984 1560 2079 1614 de-

504 1660 685 1699 mersa
716 1663 729 1698 :
757 1646 910 1714 cujus
954 1649 1086 1704 item
1134 1650 1340 1705 incolas
1383 1653 1576 1722 gratia:
1629 1662 1910 1707 consortes
1964 1651 2081 1707 fore

498 1735 635 1789 dicit
653 1738 739 1798 his
752 1740 953 1805 verbis,
982 1757 1005 1791 ι
1029 1739 1381 1796 Latabnntnr
1402 1744 1492 1808 qui
1520 1742 1762 1796 habitant
1780 1741 2020 1797 Petram.
2054 1760 2074 1794 ι

2184 555 2253 624 τῇ
2296 552 2595 626 Ἐκκλησία
2613 555 2708 609 τοῦ
2732 555 2867 609 Θεοῦ
2889 553 3250 617 ἐπινοοῦνται,
3274 554 3350 618 ὡς
3372 554 3646 611 ἐδείκνυτο
3672 558 3769 613 καὶ

2186 646 2245 699 ἐν
2275 648 2339 715 τῇ
2368 646 2559 717 ὁράσει
2585 648 2684 719 τῆς
2725 649 3022 716 Αἰγύπτου,
3066 646 3125 699 ἐν
3246 645 3499 717 ἐλέγοντο
3547 648 3770 703 ἔσεσθαι

2185 738 2348 791 πέντε
2396 738 2578 803 πόλεις
2631 742 2690 793 ἐν
2722 739 2981 809 Αἰγύπτῳ
3021 737 3278 792 λαλοῦσαι
3327 741 3395 810 τῇ
3444 738 3665 813 γλώσσῃ
3697 742 3767 813 τῇ

2185 829 2512 884 Χανανίτιδι.
2560 849 2579 882 ι
2620 830 2904 894 Ἐπαύλεις
2941 830 3034 884 καὶ
3058 832 3106 884 oi
3148 831 3527 897 κατοικοῦντες
3552 834 3767 908 Κηδάρ.

2185 922 2669 993 Εὐφρανθήσονται
2705 923 2753 976 οί
2786 924 3168 987 κατοικοῦντες
3195 924 3427 995 Πέτραν,
3457 926 3551 979 ἀπ’
3594 926 3768 999 ἄκρου

2183 1013 2292 1067 τῶν
2353 1014 2528 1085 ὀρέων
2579 1014 2851 1085 βοήσουσι.
2892 1034 2909 1067 ι
2980 1014 3046 1068 Ἦ
3086 1014 3277 1087 Κηδὰρ
3302 1014 3358 1069 δέ
3382 1016 3638 1070 ἐπέκεινα
3668 1016 3769 1089 τῆς

2197 1104 2455 1177 Ἀραϐίας
2474 1107 2733 1176 τυγχάνει
2757 1106 2852 1159 ἐπὶ
2878 1104 2981 1177 τῆς
3019 1107 3254 1177 ἐσχάτης
3280 1108 3508 1179 ἐρήμου,
3530 1109 3625 1161 καὶ
3645 1126 3769 1163 κατ-

2184 1197 2329 1267 έχειν
2352 1197 2485 1266 (paci.
2527 1197 2589 1249 τὸ
2619 1197 2729 1250 τῶν
2757 1197 3090 1269 Σαρακηνῶν
3125 1199 3302 1267 γένος.
3355 1202 3433 1252 Δι’
3456 1191 3531 1252 ὧν
3563 1202 3592 1261 ὁ
3610 1198 3770 1269 λόγος

2185 1287 2452 1360 ἐϐουλήθη
2477 1288 2689 1352 πάντας
2719 1289 2848 1350 τοὺς
2895 1289 2994 1353 τὰς
3019 1291 3260 1361 ἐρήμους
3299 1291 3394 1344 καὶ
3442 1290 3511 1346 τὰ
3563 1293 3771 1363 ἔσχατα

2182 1378 2281 1448 τῆς
2307 1379 2411 1450 γῆς
2453 1378 2738 1443 οἰκοῦντας
2761 1379 3019 1449 δηλῶσαι,
3041 1381 3116 1445 ὼς
3140 1381 3241 1452 τῆς
3266 1381 3361 1435 τοῦ
3384 1382 3519 1436 Θεοῦ
3543 1382 3770 1456 λογικῆς

2181 1468 2522 1540 εὐφροσύνης
2551 1470 2641 1525 διὰ
2664 1471 2764 1539 τῆς
2782 1471 2877 1525 τοῦ
2913 1471 3149 1543 Χριστοῦ
3175 1473 3397 1544 χάριτας
3439 1474 3532 1528 καὶ
3573 1474 3770 1546 μέχρις

2180 1559 2340 1631 ἡμῶν
2374 1559 2600 1629 φθάνειν
2626 1561 2944 1634 μελλούσης.
2979 1563 3089 1617 Καὶ
3114 1563 3298 1634 Πέτρα
3324 1564 3382 1618 δέ
3413 1567 3501 1628 τίς
3526 1565 3643 1618 ἐστι
3667 1566 3769 1619 πό-

2181 1649 2266 1714 λις
2291 1650 2656 1723 Παλαιστίνης
2684 1652 3092 1724 δεισιδαιμόνων
3125 1655 3356 1727 ἀνδρῶν,
3387 1658 3480 1709 καὶ
3506 1657 3673 1728 πολλῇ
3698 1658 3768 1729 τῇ

2182 1740 2358 1813 πλάνῃ
2404 1745 2470 1813 τῇ
2524 1743 2810 1816 δαιμονικῇ
2864 1744 3296 1818 βεϐαπτισμένῳ
3351 1741 3420 1815 ἧς
3454 1749 3549 1801 καὶ
3596 1747 3770 1819 αὐτῆς

499 1824 672 1896 (hints
700 1830 970 1883 sermonis
1003 1830 1287 1885 veritatem
1314 1830 1430 1901 ipse
1460 1846 1640 1885 rerum
1674 1842 1904 1886 eventus
1927 1846 2078 1886 cotu-

2184 1831 2305 1895 τοὺς
2331 1832 2575 1897 ἐνοίκους
2607 1836 2707 1905 τῆς
2731 1834 2952 1905 χάριτος
2976 1816 3379 1906 μεταλήψεσθαι
3412 1852 3545 1905 φησι

502 1920 777 1986 probavit,
806 1936 928 1975 cum
984 1923 1034 1976 in
1073 1922 1187 1991 ipsa
1244 1921 1586 1978 Petrensiunt
1639 1924 1882 1986 civitate,
1924 1934 1982 1979 et
2022 1923 2078 1978 in

503 2026 635 2079 agro
679 2012 826 2081 ejus.
874 2028 1083 2069 necnon
1133 2015 1184 2069 in
1237 2014 1619 2071 snlitudinibus
1659 2014 2080 2080 Saracenorum,

498 2101 704 2155 Christi
735 2102 990 2159 Ecclesia.
1035 2106 1236 2162 nostris
1283 2106 1614 2176 temporibus
1669 2106 1905 2162 fundata:
1946 2105 2077 2162 sint.

498 2193 650 2249 Alias
684 2210 812 2253 vero
840 2197 1015 2253 Cedar
1037 2199 1310 2268 signiﬁcat
1343 2203 1610 2263 tenebras,
1653 2214 1839 2254 eorum
1870 2214 2062 2262 causa,

496 2284 593 2351 qui
654 2301 683 2343 ι
733 2287 973 2345 tenebris
1027 2289 1093 2345 ad
1150 2290 1530 2344 annuntiatam
1582 2291 1835 2359 gentibus
1900 2289 2076 2345 lucem

499 2376 751 2433 translati
799 2389 947 2436 sunt.
991 2378 1114 2437 Pari
1158 2382 1346 2436 lzetitia
1386 2381 1699 2437 alliciendos
1743 2382 1821 2437 ait
1860 2397 1956 2437 eos
1984 2381 2076 2451 qui

2186 1942 2205 1975 ι
2243 1923 2727 1999 Εύφρανθήσονται
2753 1927 2804 1977 ol
2839 1924 3116 1988 οἰκοῦντες
3139 1925 3371 1997 Πέτραν.
3402 1945 3422 1977 ι
3456 1923 3675 1979 Τούτων
3710 1925 3771 1981 δὲ
3848 1980 3855 1986 ,

2177 2014 2288 2069 τῶν
2313 2014 2487 2084 λόγων
2507 2015 2606 2087 τὴν
2629 2015 2886 2087 ἀλήθειαν
2908 2018 2942 2087 ή
2971 2016 3059 2070 διὰ
3080 2017 3207 2070 -τῶν
3241 2016 3585 2089 πραγμάτων
3605 2016 3771 2072 ἐκϐα-

2184 2124 2270 2171 σις
2306 2106 2669 2171 ἐπιστώσατο,
2719 2108 3054 2180 Ἐκκλησιῶν
3095 2108 3329 2181 Χριστοῦ
3358 2110 3452 2163 καὶ⁵
3482 2111 3570 2164 ἐπ’
3597 2109 3769 2182 αὐτῆς

2181 2198 2284 2271 τῆς
2309 2201 2559 2272 Πετρέων
2599 2199 2828 2264 πόλεως,
2852 2201 2996 2255 κατά
3012 2218 3073 2254 τε
3102 2200 3199 2272 τὴν
3220 2198 3403 2273 χώραν
3428 2200 3600 2271 αὐτῆς
3617 2242 3633 2259 .
3673 2202 3770 2255 καὶ

2182 2292 2241 2348 ἐν
2261 2292 2382 2355 ταῖς
2414 2292 2643 2363 ἐρήμοις
2668 2292 2726 2345 δέ
2750 2292 2858 2346 τῶν
2878 2291 3212 2363 Σαρακηνῶν
3234 2291 3354 2345 καθ’
3389 2293 3539 2363 ημᾶς
3572 2292 3771 2357 αὐτοὺς

2184 2382 2508 2455 ἱδρυμένων.
2538 2384 2648 2437 Kal.
2673 2382 2848 2447 ἄλλως
2900 2382 2958 2436 δέ
3008 2383 3200 2456 Κηδάρ
3233 2381 3597 2455 ἑρμηνεύεται
3643 2399 3774 2436 me

498 2468 1037 2532 inhabituntPetram
1069 2491 1084 2528 :
1125 2492 1144 2524 ι
1180 2472 1337 2527 Petra
1365 2484 1544 2527 autem
1568 2472 2026 2529 eratChristus”.
2052 2491 2072 2525 ι

2184 2475 2416 2546 τασμδς,
2448 2474 2536 2528 διὰ
2564 2474 2693 2539 τοὺς
2732 2473 3136 2546 μεταϐαλόντας
3170 2475 3280 2529 ἀπὸ
3323 2474 3418 2529 τοῦ
3458 2476 3772 2548 σκοτασμοῦ

495 2561 592 2614 ἐπὶ
616 2561 678 2617 τὸ
722 2563 1167 2634 κατηγγελμένων
1200 2565 1316 2633 φῶς
1362 2567 1474 2628 τοῖς
1504 2564 1734 2617 ἔθνεσιν.
1788 2562 2279 2636 Εὐφρανθήσεσθαι
2314 2565 2343 2616 ό
2395 2564 2551 2633 λόγος
2601 2563 2737 2634 φησὶ
2779 2563 2872 2616 καὶ
2915 2563 3042 2628 τοὺς
3088 2563 3475 2629 κατοικοῦντας
3511 2564 3611 2638 τὴν
3666 2565 3772 2621 Πέ-

496 2669 636 2727 τραν
661 2655 896 2727 ὁμοίως·
931 2678 950 2709 ι
985 2658 1047 2711 Ἦ
1070 2657 1128 2711 δὲ
1157 2658 1339 2731 Πέτρα
1373 2653 1441 2729 ἦν
1476 2660 1507 2711 ὁ
1548 2657 1800 2729 Χριστός.
1847 2675 1865 2709 ι

575 2747 739 2803 Vsus.
772 2748 862 2813 ιε,
891 2750 977 2803 15.
1005 2767 1024 2801 ι
1062 2750 1278 2804 Dabunt
1310 2750 1416 2803 Deo
1432 2750 1941 2817 gloriamnirtutes
1963 2747 2080 2819 ejus

2260 2766 2280 2800 ι
2320 2743 2560 2798 Δώσουσι
2583 2741 2662 2813 τῷ
2683 2740 2803 2812 Θεῴ
2816 2738 2974 2807 δόξαν
2989 2757 3003 2772 ·
3032 2739 3132 2805 τὰς
3151 2740 3353 2813 ἀρετάς
3376 2738 3539 2795 αὐτοῦ
3559 2740 3617 2792 ἐν
3644 2745 3766 2806 ταῖς

502 2837 560 2893 itt
593 2838 787 2894 insulis
820 2840 1166 2896 nuntiabunt.
1206 2860 1225 2893 ι
1265 2840 1341 2895 Ita
1379 2852 1432 2895 et
1473 2842 1727 2909 superius
1766 2841 2075 2907 dicebatur,

2186 2844 2371 2911 νήσοις
2398 2835 2779 2905 ἀναγγελοῦσι.
2815 2854 2834 2887 ι
2869 2834 3026 2887 υῦτω
3048 2834 3105 2888 δὲ
3127 2834 3222 2887 καὶ
3242 2832 3497 2905 ἀνωτέρω
3525 2831 3762 2900 ὲλέγετο’

505 2946 529 2982 ι
567 2930 740 3000 Supra
787 2941 1025 2986 montem
1059 2933 1335 2988 excelsum
1387 2935 1653 2995 ascende,
1697 2932 1788 3002 qui
1850 2947 2080 3002 evange-

2192 2948 2213 2981 ι
2265 2927 2382 2982 Ἐπ’
2428 2926 2552 2999 ὅρος
2617 2923 2820 2996 ὑψηλὸν
2881 2920 3115 2993 ἀνάϐηθι
3141 2963 3155 2985 ,
3200 2922 3230 2973 δ
3286 2919 3770 2991 εὐαγγελιζόμενος

501 3021 637 3078 lixas
667 3022 797 3078 Sion
825 3040 841 3076 :
873 3024 1050 3080 exulta
1101 3025 1154 3080 in
1192 3024 1506 3081 fortitudine
1534 3039 1721 3081 vocem
1763 3034 1913 3080 tuam
1934 3065 1951 3092 ,
1985 3024 2080 3096 qui

2188 3014 2355 3071 Σιών⁸
2385 3014 2599 3085 {id/manv
2631 3015 2696 3084 τῇ
2741 3010 2886 3083 ἰσχύϊ
2930 3010 3032 3083 τὴν
3061 3009 3246 3082 φωνήν
3274 3026 3391 3075 σου,
3430 3009 3461 3062 ὁ
3484 3009 3766 3078 εύαγγελιυ

502 3114 844 3185 evangelizas
868 3113 1192 3170 Jerusalem.
1224 3134 1248 3169 ι

2190 3108 2417 3178 ξάμενος
2459 3104 2765 3178 Ἱερουσαλή
2774 3122 2832 3175 μ.
2864 3123 2882 3156 ι

577 3224 599 3259 ι
640 3206 899 3267 Dominus
952 3205 1095 3263 Deus
1134 3207 1471 3263 esercitnum
1496 3209 1803 3279 egredietur
1824 3251 1841 3275 ,
1861 3220 1920 3265 et
1947 3224 2080 3265 con-

2202 3171 2213 3173 ἡ
2335 3171 2544 3271 Κύριος
2572 3200 2602 3251 ὁ
2628 3171 2764 3260 Θεὸς
2775 3171 2915 3249 -τῶν
2959 3194 3242 3265 δυνάμεων
3273 3192 3634 3260 ἐξελευσεται,
3678 3188 3774 3249 καὶ

502 3314 643 3361 teret
681 3302 902 3367 bellum,
966 3299 1226 3354 excitabit
1283 3300 1495 3364 selum,
1553 3309 1610 3354 et
1675 3300 1932 3358 clamabit
1988 3317 2083 3356 su-

500 3410 600 3466 per
666 3392 915 3448 inimicos
967 3405 1095 3445 suos
1136 3404 1261 3444 cum
1330 3389 1664 3449 fortitudine.
1723 3410 1744 3444 ι
1799 3392 1918 3447 Non
1964 3393 2084 3447 sine

501 3503 663 3543 causa
712 3487 856 3542 enim
905 3487 1037 3555 ipsis
1088 3485 1282 3541 bellum
1339 3483 1589 3539 illaturus
1637 3495 1756 3549 est;
1812 3485 1907 3539 sed
1937 3495 2084 3554 post-

500 3594 664 3648 quam
720 3594 938 3648 causam
995 3577 1138 3632 illam
1192 3577 1443 3647 protulit,
1493 3578 1546 3632 id
1599 3592 1790 3648 magna
1821 3591 1952 3633 voce
1992 3579 2086 3630 de—

482 3642 758 3733 clarabit:
784 3678 845 3724 ut
905 3667 1065 3723 docet
1115 3667 1201 3723 his
1248 3666 1451 3734 verbis,
1485 3686 1504 3720 ι
1539 3665 1705 3727 Tacui
1737 3683 1749 3719 :
1787 3683 1913 3722 num
1939 3681 2083 3722 sem-

501 3775 600 3832 per
622 3760 850 3815 tacebo?
884 3779 904 3813 ι
943 3758 1079 3814 Nam
1107 3760 1232 3817 dum
1261 3758 1335 3813 illi
1371 3760 1636 3819 scelerate
1664 3769 1724 3813 et
1748 3758 1909 3828 impie
1938 3773 2074 3827 age-

499 3861 660 3919 rent,
693 3852 966 3922 patienter
989 3849 1170 3905 ferens
1206 3849 1328 3915 ille,
1367 3849 1623 3920 ipsosque
1670 3849 2081 3919 longanimitate

504 3957 606 4015 sua
631 3942 893 4006 tolerans,
925 3956 1100 4011 neque
1131 3942 1415 3997 confestim
1448 3943 1584 3996 iram
1606 3953 1664 3998 et
1698 3944 1958 4001 ultionem
2002 3943 2084 3997 in-

501 4033 719 4099 ferens.
753 4033 986 4095 tacebat.
1034 4032 1102 4086 Et
1154 4032 1291 4089 alias
1348 4042 1596 4104 tempore
1650 4035 1923 4105 passionis
1971 4049 2083 4097 sua:

501 4126 628 4181 dum
657 4124 946 4187 calumniis
972 4125 1327 4194 impeteretur
1364 4128 1614 4192 tacebat,
1665 4136 1719 4181 et
1775 4141 1896 4183 cum
1947 4126 2080 4185 falsa

506 4217 822 4275 testimonia
852 4216 1091 4280 audiret,
1119 4216 1250 4271 nihil
1277 4219 1656 4285 respondebat.

576 4309 739 4369 Vsus.
779 4308 870 4376 H,
908 4309 991 4364 l5.
1014 4327 1034 4360 ι
1060 4308 1227 4366 Tacui
1277 4325 1294 4363 :
1345 4325 1470 4363 num
1500 4325 1716 4377 semper
1755 4310 1981 4374 tacebo,
2028 4317 2084 4367 et

499 4400 827 4459 sustinebo?
877 4400 1036 4457 Sicut
1068 4402 1290 4471 pariens
1332 4402 1604 4470 patienter
1636 4400 1741 4471 egi.
1785 4400 2081 4465 Dimovebo

2186 3291 2466 3362 συντρίψει
2512 3289 2768 3360 πόλεμον,
2790 3290 3045 3358 ἐπεγερεῖ
3072 3285 3253 3357 ζῆλον,
3279 3287 3372 3341 καὶ⁵
3393 3285 3650 3356 βοήσεται
3681 3286 3775 3339 ἐπὶ

2183 3388 2312 3449 τοὺς
2354 3383 2582 3455 ἐχθροὺς
2627 3379 2794 3435 αὐτοῦ
2847 3378 2963 3450 μετ’
3003 3376 3206 3449 ἰσχύος.
3243 3396 3262 3428 ι
3298 3377 3374 3432 οὐ
3420 3376 3530 3448 γὰρ
3561 3377 3774 3446 ἀλόγως

2185 3477 2383 3540 αὐτοὺς
2418 3474 2749 3544 πολεμήσει·
2795 3470 2930 3526 ἀλλὰ
2966 3468 3106 3541 μετά
3147 3467 3242 3522 τοῦ
3278 3467 3376 3538 τὴν
3405 3467 3587 3521 αἰτίαν
3631 3466 3772 3532 ἐξει-

2185 3572 2308 3623 πεῖν
2339 3568 2434 3622 καὶ
2469 3564 2679 3637 μεγάλῃ
2724 3562 2819 3634 βοῇ
2869 3561 3103 3633 φανερὸν
3127 3561 3363 3631 ποιήσει,
3394 3558 3460 3629 ῆν
3496 3558 3589 3611 καὶ
3620 3556 3768 3612 διδά-

2185 3678 2306 3721 σκει
2327 3660 2532 3731 λέγων·
2569 3676 2587 3710 ι
2612 3653 2944 3726 Ἑσιώπησα·
2980 3652 3056 3723 μὴ
3090 3652 3182 3705 καὶ
3208 3650 3294 3703 ἀεὶ
3328 3650 3713 3720 σιωπήσομαι;
3739 3665 3759 3699 ›

2196 3755 2286 3808 Ἐν
2314 3749 2423 3822 γὰρ
2454 3748 2531 3820 τῷ
2564 3746 2902 3818 παρανομεῖν
2937 3743 3128 3805 αὐτοὺς
3167 3740 3260 3793 καὶ
3293 3739 3528 3799 ἀσεϐεῖν,
3589 3736 3768 3802 ἀνεξι-

2185 3843 2371 3901 κακίἰη
2404 3842 2498 3897 καὶ
2554 3839 2736 3911 φέρων
2790 3836 2991 3897 αὐτοὺς
3052 3834 3118 3903 τῇ
3162 3828 3326 3884 αὐτοῦ
3389 3827 3766 3899 μακροθυμίᾳ,

2188 3939 2324 4011 μηδὲ
2357 3932 2699 4009 παραχρῆμα
2762 3929 2860 4000 τὴν
2895 3926 3063 3999 ὀργὴν
3116 3924 3300 3988 αὐτοῖς
3344 3924 3567 3990 ἐπάγων
3608 3919 3769 3973 ἐσιώ-

2188 4048 2348 4101 πησε.
2402 4027 2512 4083 Καὶ
2561 4024 2736 4088 ἄλλως
2773 4022 2831 4077 δέ
2869 4018 3012 4074 κατὰ
3054 4017 3144 4071 τὸν
3191 4014 3381 4086 καιρὸν
3417 4012 3512 4066 τοῦ
3567 4011 3772 4075 πάθους

2182 4121 2369 4187 αὐτοῦ,
2413 4115 2913 4187 συκοφαντούμενος
2961 4108 3193 4173 ἐσιώπα,
3249 4107 3344 4161 καὶ
3387 4104 3771 4177 ψευδομαρτυ-

2185 4214 2445 4288 ρούμενος
2478 4210 2628 4265 οὐδὲν
2648 4207 2986 4279 ἀπεκρίνατο

2257 4326 2275 4357 ι
2316 4302 2663 4375 Ἐσιώπησα·
2705 4300 2780 4371 μὴ
2815 4299 2901 4352 ἀεὶ
2953 4294 3325 4362 σιωπήσομαι,
3350 4287 3447 4342 καὶ
3473 4286 3768 4375 ἀνέξομαι;

2193 4398 2281 4461 Ὠς
2314 4398 2348 4469 ή
2397 4374 2654 4449 τίκτουσα
2708 4388 3076 4459 ἐκαρτέρησα.
3117 4382 3398 4451 Ἐκστήσω
3419 4378 3515 4432 καὶ
3552 4374 3770 4469 ξηρσνῶ

503 4504 560 4549 et
616 4492 908 4551 arefaciam
961 4493 1177 4548 simul:
1214 4494 1463 4550 desertos
1510 4493 1705 4547 faciam
1757 4504 1974 4551 montes
2027 4502 2079 4553 et

2184 4468 2345 4561 6.9.0."
2374 4485 2647 4559 ὲρημώσω
2678 4482 2782 4552 ὅρη
2816 4481 2910 4535 καὶ
2938 4477 3179 4549 βουνους,
3212 4472 3307 4525 καὶ
3359 4469 3540 4571 πάντα
3578 4468 3771 4571 χόρτον

498 4584 685 4650 colles,
722 4594 778 4639 et
799 4600 964 4640 omne
1015 4585 1198 4641 fenum
1226 4601 1417 4641 eorum
1449 4585 1759 4642 exsiccabo.
1788 4584 1853 4638 Et
1876 4598 2072 4653 ponam

2184 4557 2362 4634 αύτῶν
2401 4557 2641 4650 ξηρανῶ.
2690 4575 2804 4628 Καὶ
2835 4571 2987 4643 θήσω
3020 4566 3297 4638 ποταμοὺς
3322 4564 3402 4627 εἰς
3434 4563 3653 4633 νήσους,
3677 4557 3771 4613 καὶ

499 4672 718 4729 ﬂamina
753 4675 805 4728 in
846 4675 1050 4730 insulas
1077 4714 1093 4742 ,
1139 4686 1194 4730 et
1228 4687 1418 4747 stagna
1457 4674 1790 4739 arefaciatu;
1825 4691 1844 4726 ι
1891 4672 2080 4727 videli-

500 4777 588 4821 cet
617 4767 944 4833 doctrinam,
972 4783 1093 4837 qua:
1122 4767 1228 4829 illis
1262 4768 1390 4824 olim
1417 4767 1705 4825 ﬂuviorum
1734 4766 1911 4821 instar
1951 4778 2080 4835 sup-

501 4861 865 4933 peditabatur.

572 4949 737 5009 Vsus.
777 4950 864 5009 l6.
911 4969 931 5003 ι
966 4951 1034 5013 Ει
1060 4952 1255 5011 ducam
1290 4968 1464 5009 caecos
1498 4953 1552 5008 in
1588 4953 1673 5008 via
1696 4991 1713 5017 ,
1753 4967 1918 5022 quam
1964 4966 2072 5006 non

2180 4674 2275 4746 ἐλη
2306 4670 2556 4745 ξηρανῶ’
2606 4687 2624 4719 ι
2652 4664 2751 4729 τὰς
2783 4664 2951 4718 πάλαι
2999 4658 3262 4732 ποταμῶν
3300 4655 3457 4726 δίκην
3497 4666 3769 4724 χορηγου-

2183 4764 2351 4837 μένας
2378 4762 2563 4822 αὐτοῖς
2589 4755 2963 4818 διδασκαλίας.

2252 4965 2270 4997 ι
2308 4944 2419 4999 Καὶ
2469 4940 2583 5007 άξω
2611 4937 2845 5009 τυφλοὺς
2872 4938 2931 4989 ἐν
2981 4933 3084 5005 ὁδῷ
3218 4930 3321 4983 οὐκ
3372 4926 3637 4996 ἔγνωσαν,
3671 4919 3770 4977 καὶ

501 5053 787 5104 noverunt.
818 5052 867 5099 et
908 5045 959 5098 in
987 5045 1218 5110 semitis,
1244 5061 1379 5113 quas
1409 5045 1763 5116 ignorabant,
1791 5040 2073 5103 ambulare

2184 5037 2396 5111 τρίϐους
2446 5033 2513 5097 ἃς
2565 5030 2667 5084 οὑκ
2711 5029 2953 5101 ᾔδεισαν,
2988 5024 3231 5095 πατῆσαι
3288 5020 3502 5091 ποιήσω
3544 5014 3768 5078 αὐτούς.

500 5153 595 5196 eos
638 5139 856 5195 faciam.
910 5139 1148 5193 Reddam
1208 5139 1314 5194 illis
1362 5141 1617 5194 tenebras
1669 5140 1722 5193 in
1781 5137 1991 5200 lucem,
2023 5143 2081 5192 et

502 5240 744 5286 tortuosa
773 5234 824 5285 in
858 5241 1085 5288 rectam.
1117 5230 1243 5287 llzec
1275 5233 1437 5286 verba
1468 5229 1683 5296 faciam,
1717 5239 1770 5283 et
1799 5244 1904 5284 non
1928 5230 2081 5281 dere-

502 5322 740 5393 linquam
781 5338 895 5379 ens.
938 5344 957 5374 ι
992 5322 1224 5389 Quinam
1257 5323 1312 5377 hi
1353 5333 1540 5377 essent
1580 5322 1832 5391 superius
1874 5319 2083 5383 docuit,

499 5417 567 5471 de
593 5432 820 5486 persona
854 5416 1054 5471 Christi
1083 5417 1288 5479 dicens,
1321 5433 1341 5467 ι
1377 5415 1504 5470 Dedi
1534 5424 1588 5469 te
1612 5415 1665 5469 in
1692 5421 2073 5471 testamentum

501 5510 717 5575 generis
737 5549 752 5574 ,
793 5509 847 5562 in
883 5508 1057 5563 lucem
1107 5509 1349 5578 gentium
1372 5547 1387 5571 ,
1427 5516 1484 5562 ut
1515 5507 1731 5576 aperias
1758 5505 1945 5561 oculos
1973 5518 2077 5558 ca:-

498 5614 713 5652 cornm.
750 5615 769 5650 ι
816 5596 926 5652 llos
953 5600 1136 5667 itaque
1179 5598 1321 5668 ipsos
1347 5597 1472 5651 olim
1503 5611 1676 5653 (recns
1703 5596 1758 5650 in
1799 5594 2072 5666 gentibus.

501 5705 607 5777 ("In
645 5703 752 5744 non
781 5698 1047 5743 noverant
1082 5690 1167 5745 via
1216 5687 1494 5746 ambulare
1525 5703 1585 5746 se
1617 5687 1888 5746 facturum
1920 5685 2077 5757 polli-

572 5802 622 5836 ⁷⁵
651 5800 668 5857 l
699 5801 829 5856 Cor.
867 5817 924 5861 ε,
962 5801 1015 5857 ι.

2180 5108 2401 5200 Ποιήσω
2434 5126 2621 5188 αὐτοῖς
2646 5123 2709 5179 τὸ
2755 5121 2945 5182 σκότος
2972 5121 3051 5182 είς
3080 5115 3219 5187 φῶς,
3245 5113 3341 5167 καὶ
3378 5112 3445 5169 τὰ
3470 5108 3661 5164 σκολιὰ
3688 5109 3773 5172 εἰς

2183 5220 2416 5275 εὐθεῖαν.
2441 5216 2628 5270 Ταῦτα
2651 5214 2721 5268 τὰ
2761 5214 2984 5289 ῥήματα
3017 5209 3249 5279 ποιήσω,
3284 5204 3379 5259 καὶ
3400 5203 3501 5255 οὐκ
3533 5202 3772 5269 ἐγκατα-

2184 5312 2356 5382 λείψω
2388 5307 2603 5371 αύτούς.
2648 5325 2667 5359 ι
2699 5303 2854 5367 Τίνες
2877 5301 2933 5356 δὲ
2964 5298 3103 5373 ἦσαν
3138 5292 3283 5353 οὗτοι
3313 5293 3519 5358 ἐδίδαξε
3544 5292 3633 5344 διὰ
3660 5289 3771 5343 τῶν

2182 5403 2513 5476 ἔμπροσθεν,
2539 5399 2709 5453 εἰπὼν
2742 5398 2822 5459 εἰς
2853 5394 3145 5465 πρόσωπον
3167 5389 3260 5445 τοῦ
3291 5385 3530 5461 Χριστοῦ
3554 5403 3569 5416 ’
3613 5404 3630 5437 ι
3669 5384 3770 5437 Ἐ-

2178 5494 2331 5551 δωκά
2360 5510 2420 5547 σε
2455 5494 2534 5556 εἰς
2561 5490 2826 5563 διαθήκην
2861 5488 3073 5557 γένους,
3121 5486 3200 5549 εἰς
3244 5482 3360 5553 φῶς
3403 5479 3592 5544 ἐθνῶν,
3621 5476 3772 5531 ἀνοῖ-

2186 5586 2269 5652 ξαι
2317 5583 2630 5656 ὀφθαλμοὺς
2680 5581 2915 5651 τυφλῶν.
2955 5599 2973 5632 ι
3042 5578 3279 5638 Τούτους
3323 5575 3387 5645 δὴ
3425 5568 3520 5626 οὖν
3573 5570 3634 5623 at'.
3652 5568 3771 5631 τοὺς

2184 5681 2310 5742 τοὺς
2344 5676 2512 5732 πάλαι
2542 5673 2773 5745 τυφλοὺς
2806 5674 2864 5728 ἐν
2893 5674 3005 5737 τοῖς
3038 5670 3270 5733 ἔθνεσιν,
3294 5667 3365 5751 ἣν
3394 5656 3478 5750 μὴ’
3503 5659 3773 5729 ἐπεγίνω-
