4130 6416
330 405 439 465 ⁸593

1262 405 1768 466 SOMMENTARIA
1808 404 1875 461 IN
1917 405 2181 462 ISAIAM.
2221 434 2291 446 -ο
2329 406 2481 462 CAP.
2521 405 2684 464 XLII.

3510 409 3615 464 εθι

334 540 465 581 σχον
489 523 608 577 ὁδὸν
640 521 855 593 βαδίσαι
888 520 1137 593 ποιήσειν
1178 522 1593 592 ἐπαγγέλλεται.
1627 520 1796 573 Πόθεν
1822 520 1930 592 γὰρ

2056 525 2209 572 :etur.
2238 520 2357 587 Quo
2384 528 2542 591 parto
2576 518 2719 575 enim
2766 534 2886 575 eam
2936 522 3231 578 secundum
3270 522 3435 579 Deum
3472 525 3615 581 viam

333 623 468 692 ἡμῖν
502 614 794 686 γινώσκειν
819 615 1002 686 παρῆν
1030 615 1128 684 τὴν
1149 614 1290 667 κατὰ
1322 616 1456 667 Θεὸν
1482 614 1624 679 ὁδὸν,
1664 614 1696 683 ἦ
1722 614 1809 666 διὰ
1834 613 1930 683 τῆς

337 714 489 775 θείας
520 709 685 764 αὐτοῦ
714 709 968 779 χάριτος;
1002 728 1019 759 ι
1059 710 1277 779 Ποιήσω
1322 709 1499 772 αὐτοῖς
1533 709 1594 761 τὸ
1632 707 1820 770 σκότος
1855 708 1934 770 εἰς

337 804 495 873 φῶςο
530 822 548 854 ι
589 803 690 865 τὰς
738 799 1085 872 προφητικὰς
1137 800 1337 870 δηλαδὴ
1383 799 1609 871 Γραφὰς
1660 800 1756 852 καὶ
1809 799 1935 860 τοὺς

341 898 493 967 βίους
538 893 665 955 τοὺς
696 892 803 945 ὑπὸ
834 892 934 962 τῆς
966 890 1115 953 θείας
1169 890 1517 953 διδασκαλίας
1568 887 1937 958 ὑποϐαλλομέ-

340 1007 467 1052 νους
502 984 832 1057 συνήσεσθαι
882 985 1030 1054 ἡμᾶς
1090 1001 1242 1054 φησι.
1281 983 1392 1054 Τὴν
1429 983 1538 1054 γὰρ
1566 981 1790 1050 ἄγνοιαν
1842 980 1936 1033 τοῦ

340 1078 479 1134 Θεοῦ
504 1078 603 1147 τὴν
636 1076 805 1129 πάλαι
836 1076 957 1137 ταῖς
977 1074 1177 1144 ψυχαῖς
1209 1075 1371 1145 ἡμῶν
1403 1072 1837 1137 ἐπιπολάζουσαν
1858 1072 1938 1135 είς

341 1169 460 1237 φῶς
495 1165 752 1235 γνώσεως
801 1165 1222 1236 μεταϐαλεῖσθαι
1242 1182 1255 1195 ’
1293 1166 1389 1218 καὶ
1430 1164 1498 1217 τὰ
1529 1164 1697 1217 πάλαι
1726 1164 1783 1216 δὲ
1811 1182 1937 1217 σκο-

342 1261 437 1315 λιὰ
464 1263 596 1332 ἡμῖν
634 1259 731 1312 καὶ
768 1257 955 1327 ἀσαφῆ
982 1255 1338 1327 νομιζόμενα,
1390 1256 1485 1309 καὶ
1536 1255 1711 1308 ταῦτα
1760 1254 1940 1326 ὁμαλὰ

344 1354 598 1423 ποιήσειν
635 1349 1056 1418 ἐπαγγέλλεται.
1094 1348 1233 1411 Τοὺς
1263 1350 1326 1401 ἐκ
1354 1349 1659 1419 περιτομῆς
1708 1348 1940 1401 αἰνιττό-

348 1438 533 1511 μενοςξ
569 1439 733 1511 φησίν
749 1456 761 1468 ·

423 1552 443 1583 ι
477 1533 646 1585 Αὐτοὶ
699 1531 757 1584 δὲ
809 1531 1244 1601 ἀπεστράφησαν
1302 1532 1383 1593 εὶς
1429 1530 1497 1584 τὰ
1535 1531 1732 1585 ὀπίσω.
1779 1549 1798 1583 ι
1827 1528 1940 1585 Εἶθ’

346 1625 541 1696 ὥσπερ
562 1622 869 1685 ἐπιδεικνὺς
896 1622 1079 1683 αὐτοῖς
1119 1621 1220 1692 τὴν
1264 1620 1374 1673 τῶν
1403 1620 1571 1675 ἐθνῶν
1616 1622 1940 1694 μεταϐολὴν,

347 1718 446 1770 καὶ
468 1716 528 1782 ἐξ
550 1716 672 1778 οῖας
700 1714 910 1785 πλάνης
946 1712 1387 1784 μεταϐεϐήκασιν
1417 1715 1497 1777 εἰς
1545 1713 1661 1783 φῶς
1698 1713 1943 1779 ἐλθόντες

348 1806 458 1860 ἀπὸ
494 1804 589 1859 τοῦ
632 1805 877 1870 σκότους,
939 1803 1305 1867 ὀνειδιστικῶς
1338 1804 1473 1875 πρὸς
1514 1805 1754 1868 ἐκείνους
1793 1806 1947 1859 εἰδω-

2038 625 2196 665 nosse
2222 621 2555 680 poteramus,
2603 613 2704 668 nisi
2756 629 2853 685 per
2881 615 3118 670 divinam
3174 617 3293 686 ejus
3341 618 3618 687 gratiam?

2043 718 2061 752 ι
2096 702 2314 757 Faciam
2340 705 2473 774 ipsis
2522 708 2774 762 tenebras
2833 709 2885 761 in
2942 707 3161 763 lucem:
3198 730 3215 760 ι
3273 711 3622 779 propheticas

2041 792 2290 848 videlicet
2320 795 2654 864 Scripturas,
2692 808 2745 852 et
2776 799 2939 852 vitam
2972 800 3142 864 illam,
3166 816 3271 871 qua
3310 804 3489 857 divina
3523 804 3624 859 do-

2039 884 2215 938 ctrina
2246 887 2578 957 suggeritur,
2618 905 2716 942 nos
2746 890 3121 946 intellecturos
3151 906 3273 947 esse
3320 894 3397 946 ait
3459 893 3620 966 Igno-

2042 978 2272 1031 rantiam
2298 978 2441 1032 enim
2476 979 2572 1033 Dei
2615 996 2735 1049 qua:
2761 981 2891 1034 ol-im
2927 983 3136 1037 animas
3182 984 3475 1054 obtegebat
3522 1001 3624 1041 no—

2042 1078 2217 1135 stras,
2267 1070 2321 1123 in
2366 1071 2694 1140 cognitionis
2740 1073 2913 1128 lucem
2955 1077 3237 1131 mutandas
3277 1077 3353 1130 ait
3444 1087 3501 1131 et
3533 1094 3624 1144 ea,

2042 1176 2163 1229 qua:
2189 1161 2318 1217 olim
2351 1178 2381 1216 a
2410 1163 2566 1218 nobis
2596 1173 2835 1219 tortuosa
2860 1175 2912 1218 et
2942 1166 3172 1220 obscura
3204 1182 3323 1222 esse
3352 1169 3622 1237 putaban-

2042 1261 2168 1316 tur,
2222 1267 2280 1308 se
2326 1255 2486 1323 plana
2522 1255 2796 1310 facturum
2850 1257 3137 1326 promittit.
3184 1258 3289 1312 Eos
3321 1271 3497 1314 autem
3532 1261 3625 1330 qui

2040 1362 2105 1402 ex
2141 1346 2565 1403 circumcisione
2594 1357 2721 1403 sunt
2761 1349 3134 1416 subindicans,
3170 1351 3245 1404 ait
3279 1368 3292 1404 :

2116 1525 2284 1581 Vens.
2322 1525 2409 1582 17.
2439 1545 2456 1575 ι
2490 1524 2594 1596 lpsi
2624 1534 2801 1579 autem
2834 1525 3085 1581 conversi
3109 1536 3234 1581 sunt
3256 1538 3574 1584 retrorsum.
3600 1547 3619 1579 ι

2045 1618 2249 1672 Deinde
2277 1619 2520 1687 gentium
2563 1618 2950 1685 mutationem,
2991 1627 3047 1672 et
3077 1620 3294 1688 quando
3334 1635 3397 1674 ex
3437 1636 3625 1675 errore

2058 1711 2164 1765 illa:
2194 1712 2430 1766 reductae
2464 1710 2597 1774 sint,
2629 1726 2695 1765 ex
2732 1710 2971 1765 tenebris
3010 1711 3064 1764 in
3105 1711 3277 1765 lucem
3326 1712 3630 1775 venientes,

2047 1803 2180 1873 ipsis
2197 1804 2396 1873 aperit,
2427 1818 2489 1858 ac
2513 1818 2702 1857 eorum
2734 1801 3095 1857 idololatriarn
3123 1804 3478 1873 vituperando
3502 1806 3632 1858 sub-

349 1897 750 1970 λολατροῦντας
771 1896 1014 1964 ἐπιλέγει
1039 1912 1053 1925 ο
1097 1915 1115 1947 ι
1141 1881 1481 1967 Αίσχύνθητε
1504 1937 1518 1960 ,
1548 1898 1597 1950 οἱ
1628 1897 1948 1961 πεποιθότες

2056 1896 2266 1965 iungit:
2334 1913 2352 1947 ι
2389 1894 2790 1950 Confundimini
2822 1896 2914 1965 qui
2954 1897 3225 1952 conﬁditis
3272 1898 3325 1949 in
3375 1896 3637 1966 sculptili-

350 1991 446 2045 ἐπὶ
476 1994 589 2054 τοῖς
618 1990 899 2059 γλυπτοῖς,
926 1990 974 2041 οί
1008 1989 1254 2057 λέγοντες
1282 1993 1396 2054 τοῖς
1418 1993 1703 2061 χωνευτοῖς
1724 2008 1736 2020 ο
1756 1992 1945 2063 Ὑμεῖς

352 2082 477 2133 ἐστε
504 2080 634 2143 ,θεοὶ
694 2080 871 2151 ἡμῶν.
923 2099 941 2132 ι
979 2081 1091 2132 Kal
1145 2080 1231 2134 ἵνα.
1278 2080 1351 2152 μή
1398 2098 1480 2143 τις
1508 2081 1679 2134 ταῦτα
1707 2081 1946 2152 νομίσειε

353 2172 480 2243 περὶ
511 2171 622 2225 τῶν
666 2170 837 2224 ἐθνῶν
889 2170 1162 2240 λέγεσθαι,
1195 2170 1303 2223 τῶν
1364 2171 1531 2225 πάλαι
1575 2172 1795 2241 τυφλῶν
1852 2173 1947 2226 καὶ

355 2263 588 2332 κωφῶν,
639 2262 956 2331 ἀναγκαίως
1004 2262 1264 2333 διασαφεῖ
1315 2265 1409 2316 καὶ
1449 2263 1801 2335 διερμηνεύει
1850 2264 1949 2335 τὴν

360 2357 593 2410 διάνοιαν
640 2356 973 2426 ὲξεπιλέγων
1006 2374 1019 2386 ³

441 2469 459 2500 ι
493 2452 604 2504 Καὶ
645 2451 722 2515 τίς
747 2452 969 2521 τυφλὸς,
1001 2451 1115 2505 ἀλλ’
1143 2453 1194 2505 οἱ
1218 2451 1408 2515 παῖδές
1442 2468 1575 2522 μους
1619 2451 1715 2505 καὶ
1750 2452 1945 2522 κωφοὶ,

359 2541 476 2594 ἀλλ’
504 2544 553 2596 οἱ
581 2543 923 2615 κυριεύοντες
952 2542 1169 2610 αύτῶν;
1212 2544 1323 2597 Kal
1345 2543 1735 2615 ἐτυφλώθησαν
1758 2545 1806 2597 οἱ
1838 2542 1951 2596 δού-

358 2635 439 2688 λοι
475 2636 569 2688 τοῦ
593 2635 749 2692 Θεοῦ.
777 2637 963 2690 Εῖδετε
981 2637 1290 2701 πλεονάκις,
1319 2639 1414 2691 καὶ
1441 2637 1541 2690 οὑκ
1569 2636 1909 2706 ἐφυλάξασθε
1930 2654 1944 2668 ·

355 2727 653 2799 ἠνοιγμένα
682 2728 751 2781 τὰ
786 2723 920 2791 ὦτα,
945 2728 1041 2782 καὶ
1072 2729 1171 2782 οὐκ
1199 2728 1493 2800 ἠκούσατε.
1526 2727 1732 2802 Κύριος
1756 2731 1784 2782 6
1816 2728 1950 2793 Θεὸς

357 2819 718 2875 ἐϐουλεύσατο
764 2822 851 2875 ἵνα
886 2821 1169 2893 δικαιωθῇ,
1205 2822 1301 2876 καὶ
1340 2820 1620 2895 μεγαλύνῃ
1655 2820 1881 2875 αῖνεσιν.
1924 2839 1943 2872 ι

366 2914 551 2987 Ὁρᾷς,
584 2916 665 2968 ὅτι
699 2915 869 2969 ταῦτα
920 2916 1097 2969 πάντα
1130 2916 1258 2986 περὶ
1297 2914 1393 2967 τοῦ
1436 2914 1565 2968 λαοῦ
1606 2914 1823 2987 εἴρηται
1851 2912 1947 2968 τοῦ

358 3007 424 3059 ἐκ
450 3008 774 3079 περιτομῆς.
795 3026 813 3058 ι
856 3007 989 3061 Ἀλλ’
1022 3010 1050 3061 6
1079 3009 1177 3079 μὲν
1215 3007 1420 3079 Κύριος
1461 3007 1818 3061 ἐϐουλεύσατο
1863 3007 1951 3060 ἴνα

356 3097 625 3171 δικαιώσῃ
654 3098 836 3162 αὐτὸν,
883 3099 971 3152 ἵνα
1042 3098 1322 3172 μεγαλύνῃ
1355 3097 1588 3152 αἴνεσιν·
1632 3099 1681 3152 oi
1725 3099 1783 3152 δὲ
1832 3099 1950 3152 ἐδο-

357 3190 636 3263 ξάσθησαν
657 3194 769 3255 τοῖς
794 3191 894 3257 τὰς
918 3192 1098 3264 ψυχὰς
1134 3191 1318 3246 αὐτῶν
1349 3190 1695 3263 πολεμοῦσιν.

435 3398 456 3430 ‹
498 3379 612 3431 Kal
643 3373 802 3442 εἶδον,
837 3379 933 3432 καὶ
961 3378 1180 3446 ἐγένετο
1210 3379 1239 3431 6
1280 3376 1409 3441 λαὸς
1456 3378 1953 3449 προνενομευμένος

362 3471 456 3523 καὶ
516 3470 959 3542 διηρπαγμένος·
992 3473 1026 3542 ή
1070 3470 1178 3541 γὰρ
1217 3470 1387 3539 παγίς
1435 3472 1492 3525 ἐν
1547 3472 1659 3533 τοῖς
1705 3468 1956 3539 ταμείοις

360 3554 665 3631 πανταχοῖ),
697 3563 790 3614 καὶ
820 3562 877 3614 ἐν
902 3560 1073 3625 οἴκοις
1100 3562 1237 3631 ἅμα,
1265 3562 1408 3615 ὅπου
1459 3560 1703 3634 ἔκρυψαν
1734 3557 1951 3623 αὐτούς.

370 3652 652 3720 Ἐγένοντο
706 3656 786 3717 εἰς
837 3655 1134 3727 προνομὴν,
1181 3657 1274 3709 καὶ
1320 3657 1421 3710 οὐκ
1460 3651 1528 3728 ἦν
1568 3654 1956 3728 ἐξαιρούμενος

358 3744 658 3816 ἅρπαγμα,
694 3749 788 3800 καὶ
820 3749 920 3802 οὐκ
948 3743 1016 3818 ἦν
1057 3749 1086 3801 ὀ
1132 3749 1327 3817 λέγων,
1368 3748 1611 3813 Ἀπόδος.
1666 3768 1685 3800 ι
1729 3749 1817 3801 Ἐν
1846 3747 1957 3819 γὰρ

359 3837 549 3902 αὐτοῖς
578 3843 689 3905 τοῖς
745 3840 1045 3914 λογισμοῖς,
1083 3841 1177 3906 οὓς
1209 3842 1500 3913 ἔκρυπτον,
1538 3842 1608 3895 τὰ
1656 3840 1797 3895 κατὰ
1823 3842 1958 3912 Χρι-

361 3929 492 3982 στοῦ
525 3930 918 4003 βουλευόμενοι,
950 3934 1006 3986 ἐν
1056 3934 1241 3998 αὐτοῖς
1282 3934 1512 3997 ἐκείνοις
1550 3936 1583 4005 ἡ
1624 3933 1745 3986 κατ’
1777 3933 1957 3987 αὐτῶν

357 4021 553 4089 παγίς,
591 4022 686 4075 καὶ
710 4024 809 4075 οὐκ
835 4019 905 4093 ἦν
930 4025 958 4075 6
982 4024 1372 4095 ἐξαιρούμενος
1411 4026 1627 4090 αὐτοὺς,
1665 4025 1785 4078 οὐδὲ
1816 4026 1843 4077 6
1872 4025 1959 4077 λέ-

356 4126 390 4178 γ
402 4128 500 4171 ων,
554 4110 796 4175 Ἀπόδος.

442 4220 460 4251 ι
502 4202 597 4266 Τίς
632 4206 688 4255 ἐν
721 4204 869 4275 ύμῖν,
903 4206 961 4270 ὃς
1015 4210 1318 4262 ἐνωτιεῖται
1357 4209 1565 4276 cauta;
1599 4212 1957 4265 εἰσακούσατε

358 4296 447 4359 εἰς
474 4295 544 4348 τὰ
580 4297 939 4369 ἐπερχόμενα.
973 4319 991 4350 ι
1031 4301 1094 4352 Εἰ
1121 4301 1177 4353 δέ
1205 4319 1288 4365 τις
1311 4302 1594 4374 ζητήσειεν
1622 4304 1706 4368 τίς
1737 4306 1764 4357 ὁ
1787 4304 1960 4358 ταῦτα

362 4388 605 4463 πράξας,
640 4392 791 4465 εὖροι
817 4394 859 4448 δ’
894 4394 979 4453 ἂν,
1008 4396 1090 4449 ὅτι
1120 4396 1228 4448 οὐδ’
1263 4397 1421 4461 ἄλλος
1437 4397 1637 4451 ἔδωκεν
1659 4400 1858 4464 αὐτοὺς
1880 4401 1961 4464 είς

361 4485 673 4557 διαρπαγὴν
724 4486 958 4557 ῆαύτὸς
1012 4480 1057 4555 ᾧ
1106 4489 1425 4560 ἡμάρτοσαν
1481 4490 1649 4560 αὐτῷ,
1710 4490 1801 4543 καὶ
1862 4491 1961 4544 οὐκ

2050 1989 2173 2054 bus,
2202 1988 2293 2059 qui
2327 1986 2689 2042 conﬂatilibus
2721 1988 2925 2052 dicitis,
2956 1988 3066 2044 Vos
3094 1988 3229 2043 estis
3269 1989 3342 2043 dii
3375 1990 3571 2043 nostri.
3610 2008 3631 2042 ι

2051 2078 2129 2135 Ne
2159 2096 2290 2136 vero
2322 2080 2445 2150 quis
2473 2089 2689 2150 putaret
2726 2080 2844 2135 hcec
2884 2083 2951 2136 de
2981 2080 3233 2149 gentibus
3257 2122 3272 2146 ,
3307 2080 3435 2135 olim
3479 2082 3638 2135 czecis

2051 2184 2106 2230 et
2162 2174 2344 2229 surdis
2369 2213 2384 2237 ,
2422 2173 2567 2227 dicta
2627 2174 2831 2240 fuisse,
2884 2175 3190 2229 necessario
3219 2183 3454 2229 mentem
3483 2189 3636 2230 suam

2051 2267 2231 2336 aperit
2256 2274 2311 2320 et
2336 2265 2612 2334 explicat,
2643 2265 2758 2320 haec
2788 2265 3054 2335 adjiciens
3086 2282 3102 2320 :

2128 2462 2291 2516 Vsus.
2327 2461 2513 2518 18—21.
2561 2480 2579 2513 ι
2637 2461 2704 2516 Ει
2744 2464 2871 2533 quis
2902 2477 3082 2518 caecus
3109 2503 3125 2528 ,
3175 2463 3276 2518 nisi
3310 2463 3461 2532 pueri
3488 2464 3588 2518 mei
3619 2462 3640 2517 ἶ

2055 2563 2107 2609 et
2139 2554 2261 2624 quis
2294 2557 2513 2619 surdus,
2541 2554 2643 2608 nisi
2680 2555 2772 2624 qui
2820 2554 3169 2609 dominantur
3212 2554 3332 2609 eis?
3357 2555 3424 2611 Et
3460 2556 3640 2611 ehem-

2053 2646 2158 2700 cati
2186 2654 2313 2700 sunt
2343 2646 2487 2700 servi
2531 2645 2644 2700 Dei.
2679 2644 2897 2701 Vidistis
2925 2660 3089 2717 saepe,
3123 2656 3178 2699 et
3205 2661 3310 2699 non
3362 2647 3586 2701 cavistis
3612 2662 3633 2700 ξ

2053 2744 2253 2806 apertae
2284 2744 2409 2790 sunt
2444 2751 2628 2800 aures,
2656 2744 2712 2789 et
2761 2751 2868 2790 non
2916 2736 3167 2791 audistis.
3206 2736 3468 2791 Dominus
3492 2736 3635 2790 Deus

2053 2827 2383 2881 deliberavit
2436 2836 2494 2881 ut
2538 2827 2960 2897 jusdﬁcaretur,
3002 2837 3059 2883 et
3106 2829 3482 2898 rnaguiticaret
3522 2828 3643 2882 lac-

2055 2918 2199 2972 dem.
2236 2936 2255 2970 ι
2298 2918 2463 2974 Vides
2500 2919 2617 2972 haec
2649 2919 2832 2972 omnia
2874 2918 2939 2972 de
2984 2918 3182 2988 popqu
3232 2933 3299 2972 ex
3352 2918 3643 2972 circumci-

2061 3011 2213 3066 sione
2239 3010 2384 3065 dicta
2415 3009 2605 3066 fuisse.
2658 3029 2677 3062 ι
2736 3010 2844 3066 Sed
2884 3010 3147 3065 Dominus
3199 3010 3551 3075 deliberavit,
3584 3019 3646 3064 nt

2049 3104 2381 3173 justiﬁearet
2433 3117 2591 3170 eum,
2643 3111 2700 3158 et
2755 3102 3134 3172 magniﬁcaret
3197 3101 3449 3167 laudent;
3498 3119 3517 3153 >
3567 3100 3645 3155 illi

2056 3211 2187 3252 vero
2215 3195 2435 3267 gloriati
2472 3205 2602 3263 sunt
2629 3195 2685 3250 in
2716 3192 2805 3260 iis,
2839 3196 2931 3264 qui
2968 3196 3362 3266 impugnabant
3399 3194 3641 3247 animum

2056 3302 2239 3343 suam.

2126 3379 2296 3436 Vens.
2327 3379 2419 3432 22.
2455 3397 2475 3431 ι
2512 3379 2578 3434 Et
2607 3379 2884 3444 viderunt,
2915 3390 2972 3433 et
3020 3377 3122 3432 fuit
3177 3377 3408 3449 populus
3455 3386 3646 3431 vasta-

2060 3484 2147 3530 tus
2198 3484 2366 3546 atque
2420 3477 2663 3545 direptus
2712 3491 2726 3527 :
2774 3475 3003 3545 laqueus
3065 3473 3210 3527 enim
3271 3473 3322 3527 in
3373 3471 3646 3527 cubilibus

2057 3566 2279 3635 ubique,
2307 3575 2362 3621 et
2389 3566 2443 3620 in
2477 3567 2729 3621 domibus
2759 3565 2943 3634 simul,
2977 3565 3067 3619 ubi
3094 3564 3499 3619 absconderunt
3526 3575 3644 3615 eos.

2057 3653 2211 3710 Facti
2244 3666 2372 3712 sunt
2398 3657 2453 3710 in
2481 3657 2865 3721 vastationem,
2905 3664 2960 3711 et
2999 3671 3107 3711 non
3144 3664 3263 3710 erat
3301 3654 3391 3723 qui
3429 3662 3649 3708 erueret

2060 3747 2308 3817 rapinam
2346 3757 2445 3800 :et
2485 3761 2592 3801 non
2634 3756 2750 3800 erat
2783 3749 2875 3814 qui
2931 3747 3159 3814 diceret,
3197 3746 3400 3801 Redde.
3458 3764 3477 3796 ι
3512 3744 3646 3798 Nam

2060 3838 2306 3895 occultas
2332 3837 2384 3892 in
2419 3838 2694 3893 mentibus
2743 3838 2857 3892 suis
2887 3838 3106 3892 Christo
3156 3838 3383 3893 insidias
3416 3837 3651 3891 molien-

2062 3940 2163 3997 tes,
2212 3930 2267 3985 in
2308 3929 2499 3984 iisdem
2549 3930 2683 3999 ipsis
2723 3928 2975 3997 laqueum
3008 3930 3109 3985 sibi
3163 3930 3511 3992 invenerunt,
3548 3942 3651 3982 nec

2060 4034 2182 4079 erat
2207 4021 2299 4094 qui
2326 4021 2566 4093 eriperet
2590 4037 2708 4092 eos,
2738 4038 2917 4094 neque
2945 4023 3039 4092 qui
3069 4023 3297 4089 diceret,
3338 4022 3549 4077 Redde.

2134 4210 2299 4265 Vsus.
2330 4210 2422 4265 25.
2472 4227 2491 4262 ι
2530 4208 2664 4276 Quis
2698 4219 2783 4262 est
2837 4210 2890 4262 i‘n
2925 4208 3081 4262 vobis
3104 4246 3121 4271 ,
3161 4205 3251 4274 qui
3282 4206 3399 4260 lucc
3425 4205 3613 4259 audiat
3634 4246 3647 4259 .

2063 4306 2367 4360 auscultate
2404 4304 2607 4361 futura.
2656 4325 2675 4359 ι
2727 4304 2784 4359 Si
2834 4302 2956 4373 quis
3011 4310 3191 4357 autem
3238 4307 3483 4370 quaerat,
3526 4300 3651 4367 quis

2063 4396 2179 4451 haec
2214 4396 2443 4461 fecerit,
2484 4396 2721 4450 inveniet
2754 4410 2860 4449 non
2909 4392 3073 4446 alium
3130 4390 3277 4460 ipsos
3325 4390 3377 4443 in
3412 4388 3649 4457 praedam

2064 4488 2298 4552 dedisse,
2341 4503 2503 4557 quam
2539 4502 2703 4551 eum,
2758 4488 2812 4541 in
2849 4500 3013 4555 quem
3054 4492 3455 4555 peccaverant,
3497 4489 3552 4533 ct
3598 4480 3651 4532 iu

364 4577 660 4648 ἠϐούλοντο
682 4581 740 4631 ἐν
763 4582 883 4642 ταῖς
915 4580 1055 4643 ὁδοῖς
1084 4580 1248 4634 αὐτοῦ
1283 4580 1633 4653 πορεύεσθαι.
1675 4583 1950 4654 Καλούμε-

2066 4579 2223 4648 cujus
2259 4580 2363 4635 viis
2390 4579 2673 4634 ambulare
2709 4586 3024 4634 renuerant.
3080 4576 3212 4629 Nam
3259 4575 3327 4628 ad
3373 4571 3652 4642 cvangeli-

362 4686 449 4722 νοι
473 4669 581 4741 γὰρ
610 4673 689 4733 είς
736 4672 835 4734 τὰς
880 4672 1241 4741 εύαγγελικὰς
1274 4674 1447 4738 ὁδοὺς,
1495 4675 1594 4745 οὐχ
1646 4675 1957 4745 ὑπήκουον’

366 4763 487 4817 ἀλλ’
521 4763 638 4816 οὐδὲ
672 4764 889 4818 ἀκούειν
928 4765 1117 4836 ἤθελον
1144 4767 1237 4819 τοῦ
1268 4768 1435 4838 νόμου
1462 4768 1559 4840 τῆς
1596 4770 1805 4839 Καινῆς
1836 4772 1963 4822 Δια-

370 4856 573 4927 θήκης.

447 4968 465 4999 t
504 4948 601 5012 Τίς
633 4948 835 5002 ἔδωκεν
867 4948 948 5011 είς
994 4948 1303 5020 διαρπαγὴν
1340 4949 1555 5013 Ἰακὼϐ,
1598 4950 1692 5003 καὶ
1743 4951 1962 5023 Ἰσραὴλ

364 5040 483 5103 τοῖς
523 5038 953 5110 προνομεύουσιν
979 5039 1177 5105 αύτόν;
1219 5040 1353 5109 Οὐχὶ
1386 5042 1415 5093 6
1462 5040 1615 5105 Θεὸς,
1645 5034 1690 5110 ᾧ
1724 5043 1962 5115 ἡμάρτο-

368 5146 473 5184 σαν
501 5129 672 5201 αὐτῷ,
704 5131 798 5184 καὶ
822 5132 922 5184 ούκ
948 5130 1231 5185 ἐϐούλοντο
1260 5133 1319 5184 ἐν
1348 5134 1467 5195 ταῖς
1495 5132 1635 5196 ὁδοῖς
1669 5134 1834 5188 αὑτοῦ
1865 5153 1962 5188 πο-

371 5223 652 5295 ρεύεσθαι,
699 5226 821 5278 ούδέ
873 5225 1094 5278 ἀκούειν
1126 5225 1221 5279 τοῦ
1260 5225 1425 5297 νόμου
1482 5225 1679 5292 αὐτούς
1718 5247 1735 5277 ι
1785 5227 1961 5281 Πάλαι

373 5317 475 5387 μὲν
500 5315 609 5388 γὰρ
644 5316 780 5386 πρὸς
819 5317 1010 5388 καιρόν
1054 5334 1176 5370 τινα
1224 5316 1639 5388 πολεμούμενοι,
1676 5314 1831 5382 αὖθις
1872 5320 1965 5371 ἁν-

370 5404 681 5477 ελάμϐανον
709 5405 961 5468 ἑαυτούς·
1011 5406 1086 5470 ὡς
1119 5405 1213 5459 καὶ
1247 5406 1345 5477 τὴν
1378 5406 1750 5478 Ἰερουσαλὴμ,
1783 5409 1877 5460 καὶ
1903 5408 1965 5460 τὸ

368 5500 431 5552 ἐν
479 5499 618 5570 αύτῇ
666 5497 938 5569 βασίλειον
979 5496 1159 5551 αὐτῶν
1190 5500 1543 5553 συνεστάναι-
1598 5497 1695 5551 νῦν
1732 5498 1790 5551 δὲ
1837 5515 1967 5550 κατο

372 5588 598 5660 ισχυσεν
633 5589 816 5644 αὐτῶν
845 5592 874 5644 6
908 5590 1163 5659 πόλεμοςο
1195 5592 1294 5662 οὐχ
1317 5593 1345 5644 6
1379 5590 1577 5656 ἔξωθεν
1621 5589 1801 5662 μόνος,
1830 5588 1968 5642 ἀλλὰ

371 5682 471 5735 καὶ
504 5683 533 5735 6
558 5681 666 5735 τῶν
691 5681 790 5744 τὰς
810 5681 988 5753 ψυχὰς
1018 5682 1198 5735 αὐτῶν
1226 5681 1679 5753 πολιορκούντων.

454 5795 473 5827 ι
504 5776 615 5828 Καὶ
633 5776 917 5847 ἐπήγαγεν
959 5778 1047 5829 ἐπ’
1097 5777 1296 5839 αὐτοὺς
1328 5764 1498 5847 ὀργὴν
1546 5772 1721 5846 θυμοῦ
1776 5768 1962 5838 αὐτοῦ,

372 5868 470 5924 καὶ
503 5869 832 5939 κατίσχυσεν
853 5868 1051 5931 αὐτοὺς
1074 5867 1329 5937 πόλεμος,
1362 5865 1457 5921 καὶ
1485 5866 1534 5920 οἱ
1562 5862 1966 5940 συμφλέγοντες

702 5962 975 6027 ΡΑτιιοι..
1020 5965 1136 6026 Gn.
1167 5963 1378 6028 XXIV

2069 4686 2165 4725 cas
2200 4673 2318 4724 vias
2346 4671 2580 4736 evocati,
2617 4686 2723 4723 non
2751 4671 3221 4738 obtemperarunt,
3271 4679 3447 4735 neque
3478 4664 3653 4735 legem

2066 4764 2199 4819 Novi
2226 4763 2561 4820 Testamenti
2593 4764 2781 4819 audire
2819 4763 3127 4817 voluerunt.

2137 4935 2305 4990 Vens.
2330 4933 2421 4988 24.
2461 4953 2479 4983 ι
2517 4932 2649 5000 Quis
2683 4931 2834 4987 dedit
2878 4933 2932 4985 in
2964 4930 3324 4998 direptionem
3360 4926 3531 4984 Jacob
3553 4965 3569 4990 ,
3598 4935 3656 4977 et

2066 5026 2234 5083 Israel
2281 5025 2625 5081 vastantibus
2673 5025 2842 5079 eum?
2892 5023 3087 5077 Annon
3114 5022 3260 5077 Deus
3282 5059 3301 5093 ,η
3335 5020 3421 5074 cui
3456 5031 3653 5088 pecca-

2072 5128 2290 5185 verunt,
2320 5128 2374 5173 et
2399 5117 2691 5172 noluerunt
2721 5116 2775 5170 in
2804 5116 2908 5170 viis
2944 5115 3066 5185 ejus
3110 5111 3429 5175 ambulare,
3485 5122 3659 5176 neque

2073 5213 2265 5267 audire
2294 5212 2467 5281 legem
2496 5208 2657 5280 ejus?
2690 5227 2708 5260 ι
2743 5207 2815 5262 At
2840 5210 2985 5263 enim
3019 5206 3149 5262 olim
3182 5205 3400 5276 quidem
3432 5215 3555 5254 cum
3590 5199 3661 5251 ad

2074 5317 2289 5375 tempus
2338 5303 2555 5374 aliquod
2608 5302 2754 5357 bello
2804 5302 3232 5372 impeterentur,
3286 5297 3483 5349 iterum
3519 5291 3659 5345 resi-

2076 5399 2393 5468 piscebant;
2425 5398 2497 5452 ita
2530 5404 2590 5449 ut
2620 5391 2928 5449 Jerusalem
2958 5401 3015 5447 et
3059 5390 3212 5461 regia
3245 5386 3446 5441 ibidem
3479 5382 3661 5451 posita

2074 5491 2435 5554 consisteret;
2464 5506 2605 5546 nunc
2647 5500 2831 5545 autem
2885 5486 3026 5542 bello
3067 5478 3317 5552 oppressi
3353 5486 3512 5541 sunt,
3551 5486 3659 5527 non

2076 5585 2348 5639 exteriore
2407 5594 2657 5652 tantum,
2722 5584 2818 5638 sed
2872 5594 2939 5635 eo
2982 5576 3126 5648 quod
3171 5572 3241 5627 ab
3289 5566 3665 5625 obsidentibus

2078 5676 2292 5731 animas
2320 5690 2448 5729 suas
2474 5676 2836 5731 inferebatur.

2148 5766 2315 5823 Vsus.
2347 5766 2440 5823 25.
2482 5786 2501 5819 ι
2555 5766 2622 5821 Ει
2675 5766 2889 5822 induxit
2932 5777 3095 5831 super
3144 5773 3238 5813 eos
3292 5757 3425 5810 iram
3461 5750 3663 5807 furoris

2077 5861 2183 5931 sui,
2216 5859 2535 5935 et_invaluit
2569 5861 2622 5917 in
2655 5874 2750 5918 eos
2780 5860 2982 5917 bellum
3011 5897 3027 5926 ,
3059 5864 3114 5914 et
3147 5852 3239 5925 qui
3269 5845 3666 5923 comburebqnt

3315 5945 3391 6007 13
