4130 6416
473 387 583 449 595

1147 385 1417 442 ausam:
1455 366 1933 441 CASSARIENSIS
1970 380 2121 440 opp.
2163 374 2349 440 parts
2387 381 2478 439 ιιι.
2519 415 2589 426 -
2625 382 3036 442 EXEGETICA.

477 523 575 563 eos
628 507 684 562 in
735 507 963 562 circuitu
998 522 1011 560 :
1044 519 1224 574 neque
1264 513 1635 574 cognoverunt
1680 507 2037 575 unusquisque

2160 505 2359 569 αὐτοὺς
2411 505 2628 577 κύκλῳ·
2665 506 2760 560 καὶ
2809 507 2910 560 οὐκ
2967 505 3211 575 ἔγνωσαν
3262 505 3492 572 ἕκαστος
3539 508 3742 573 αὐτῶν,

473 614 689 664 eorum,
720 612 895 668 neque
924 597 1162 651 animum
1199 597 1584 651 adhibuerunt.
1619 615 1639 648 ι
1664 594 1779 652 Etsi
1805 599 1951 651 enim
1993 599 2052 663 ii,

474 692 567 759 qui
608 691 748 758 apud
795 704 888 743 vos
928 687 1208 753 inﬁdeles,
1236 688 1365 743 (δειλοὶ
1413 699 1470 743 et
1495 689 1645 743 surdi
1691 688 1868 744 effecti
1903 702 2050 756 sunt,

2156 596 2275 651 οὐδὲ
2306 596 2489 652 ἔθεντο
2518 598 2611 652 ἐπὶ
2636 598 2833 672 ψυχήν.
2872 618 2891 651 ι
2914 600 3102 672 Εἰγὰρ
3122 599 3219 655 καὶ
3247 598 3319 653 τά
3348 600 3583 672 μάλιστα
3604 603 3655 656 oi
3684 604 3746 671 ἐξ

2159 687 2314 758 ὑμῶν
2360 687 2605 754 ἄπιστοι,
2674 691 2867 760 τυφλοὶ
2916 691 3012 744 καὶ
3058 691 3233 761 κωφοὶ
3292 692 3596 763 γενόμενοι,
3650 694 3749 751 καὶ

472 793 524 837 et
561 782 689 837 talia
731 790 1139 850 perpetrarunt,
1179 780 1275 834 ira:
1322 781 1413 836 Dei
1457 781 1643 835 traditi
1679 782 1824 847 sint;
1868 792 1924 837 at
1959 797 2037 837 vos

2156 780 2387 835 τοιαῦτα
2414 781 2747 853 πράξαντες,
2783 786 2849 854 τῇ
2877 785 3013 855 ὀργῇ
3040 782 3136 836 τοῦ
3166 782 3301 836 Θεοῦ
3328 784 3706 857 παρεδόθησαν
3723 803 3742 820 ’

472 872 554 926 vel
585 888 729 927 nunc
758 874 972 927 tandem
1007 873 1224 939 audite;
1266 888 1361 928 vos
1389 875 1531 940 dico,
1572 873 1664 944 qui
1713 876 2051 929 conditorem

469 973 525 1017 et
546 972 849 1018 creatorem
874 975 1114 1018 vestrum
1149 979 1254 1019 non
1286 967 1617 1035 ignorastis,
1650 967 1743 1020 sed
1797 968 1891 1035 qui
1931 969 2051 1037 opi-

472 1054 653 1110 ficium
681 1055 733 1110 in
771 1055 928 1111 vobis
957 1057 1229 1111 exsistens
1249 1097 1264 1122 ,
1297 1058 1506 1111 salvum
1536 1068 1592 1112 et
1625 1058 1897 1114 incolume
1930 1075 2051 1113 ser-

467 1148 660 1203 vastis.

1008 1241 1239 1299 CAPUT
1312 1240 1496 1297 XLIII.

541 1329 704 1386 Vens.
760 1330 813 1395 1,
859 1339 915 1384 2..
963 1350 981 1381 ι
1015 1331 1078 1385 Ει
1122 1346 1266 1386 nunc
1301 1334 1382 1388 sic
1405 1334 1537 1387 dicit
1568 1334 1834 1389 Dominus
1867 1344 2010 1388 Deus
2032 1376 2048 1401 ,

461 1425 554 1494 qui
585 1423 714 1479 fecit
754 1433 824 1487 te,
858 1423 1053 1485 Iacob,
1086 1434 1141 1479 et
1165 1427 1257 1495 qui
1295 1425 1552 1480 formavit
1597 1437 1672 1491 te,
1705 1425 1869 1481 Israel
1921 1444 1935 1481 :
1975 1427 2051 1482 Ne

466 1520 687 1584 timeas,
716 1520 978 1587 quoniam
1004 1518 1209 1573 redemi
1239 1529 1292 1572 te
1325 1535 1339 1572 :
1371 1521 1560 1574 vocavi
1597 1528 1649 1573 te
1680 1519 1901 1572 nomine
1932 1530 2045 1584 tuo,

461 1610 613 1667 Meus
636 1627 698 1666 es
745 1620 821 1665 tu.
857 1630 877 1662 ι
908 1610 1019 1679 Ego
1055 1608 1319 1665 Dominus
1359 1610 1528 1675 Dens,
1564 1612 1653 1679 qui
1696 1610 1797 1665 feci
1844 1620 1897 1663 et
1940 1609 2050 1664 for-

459 1705 601 1757 mavi
633 1711 728 1764 te;
773 1698 876 1755 feci
910 1700 1131 1769 quidem
1161 1701 1460 1755 secundum
1498 1701 1738 1754 animant
1792 1700 1858 1753 ad
1913 1700 2050 1753 ima-

459 1795 641 1864 ginem
676 1794 767 1849 Dei
799 1794 996 1848 factam
1026 1810 1042 1859 ;
1083 1792 1311 1848 formavi
1360 1804 1541 1847 autem
1589 1794 1886 1848 secundum
1920 1808 2046 1847 cor-

2155 873 2270 926 ἁλλ’
2295 874 2456 945 ὑμεῖς
2478 874 2558 927 ἔτι
2589 876 2682 929 καί
2718 874 2815 929 νῦν
2836 875 3107 929 ἀκούσατε
3130 892 3144 905 ·
3175 875 3322 946 ὑμᾶς
3352 875 3409 929 δὲ
3437 876 3580 945 λέγω
3614 878 3745 941 τοὺς

2153 966 2246 1019 τὸν
2285 966 2497 1020 ἑαυτῶν
2543 967 2774 1040 ποιητὴν
2828 968 2923 1022 καὶ
2954 968 3201 1040 πλάστην
3228 966 3305 1040 μὴ
3344 967 3739 1039 ἀγνοήσαντα-ς,

2155 1060 2291 1115 ἀλλά
2325 1061 2418 1113 καὶ
2451 1061 2512 1113 τὸ
2542 1062 2752 1132 ποίημα
2778 1060 2839 1113 τὸ
2892 1061 2950 1114 ἐν
2974 1060 3102 1131 ὑμῖν
3130 1060 3225 1113 καὶ
3252 1059 3315 1112 τὸ
3344 1058 3572 1131 πλάσμα
3601 1059 3742 1114 σῶον

2155 1153 2249 1205 καὶ
2277 1152 2559 1206 άλὼϐιττον
2604 1152 3065 1225 διατηρήσαντας.

2666 1242 3064 1297 ΚΕΦΑΛΑΙΟΝ
3093 1243 3225 1297 ΜΡ.

2229 1358 2248 1389 ι
2281 1339 2392 1392 Kal.
2416 1338 2510 1392 νῦν
2538 1337 2712 1401 οὕτως
2737 1337 2884 1405 λέγει
2915 1335 3118 1407 Κύριος
3141 1336 3171 1388 ὁ
3193 1334 3327 1398 Θεὸς
3346 1335 3377 1387 6
3404 1335 3635 1406 ποιήσας
3654 1351 3739 1398 σε,

2164 1430 2381 1498 Ἰακὼϐ,
2413 1432 2563 1485 καὶὸ
2597 1430 2810 1494 πλάσας
2850 1446 2931 1492 σε,
2970 1427 3217 1500 Ἰσραήλ·
3268 1428 3361 1499 Μὴ
3415 1422 3604 1496 φοϐοῦ,
3653 1427 3739 1481 δτι

2152 1524 2549 1595 ὲλυτρωσάμην
2571 1539 2629 1575 σε
2650 1539 2664 1553 ·
2702 1520 2940 1575 ὲκάλεσά
2972 1537 3032 1573 σε
3060 1520 3121 1572 τὸ
3141 1519 3315 1590 ὄνομά
3348 1535 3473 1572 σου·
3520 1517 3654 1589 ἐμὸς
3687 1513 3743 1571 εἴ

2155 1615 2241 1669 σύ.
2283 1634 2302 1668 ι
2348 1615 2490 1686 Ἐγὼ
2509 1613 2716 1687 Κύριος
2758 1616 2788 1667 ὁ
2816 1613 2948 1677 Θεὸς
2972 1614 3001 1664 ὁ
3034 1612 3265 1683 ποιήσας
3299 1627 3358 1665 σε
3397 1612 3492 1665 καὶ
3526 1612 3743 1678 πλάσας

2154 1727 2215 1764 σε
2240 1726 2253 1740 ·
2292 1711 2527 1780 ποιήσας
2573 1709 2670 1779 μὲν
2712 1707 2855 1761 κατὰ
2884 1706 3061 1777 ψυχὴν
3091 1704 3189 1777 τὴν
3216 1705 3335 1759 κατ’
3370 1705 3551 1759 εἰκόνα
3601 1702 3741 1758 Θεοῦ

2155 1798 2566 1871 πεποιημένην
2606 1797 2821 1861 πλάσας
2850 1797 2908 1849 δὲ
2943 1795 3088 1850 κατὰ
3123 1794 3184 1848 τὸ
3218 1793 3377 1866 σῶμα
3403 1794 3465 1846 τὸ
3500 1793 3610 1847 ἀπὸ
3634 1793 3743 1864 γῆς

457 1904 585 1960 pus,
625 1890 692 1943 de
729 1899 877 1942 terra
925 1896 1283 1957 sumptum,et
1310 1904 1338 1941 a
1374 1903 1458 1941 me
1484 1896 1879 1942 constructum.
1904 1888 2037 1942 San-

2149 1864 2591 1962 lqeﬁév'xaI-bw’
2634 1888 2770 1960 ἐμοῦ
2797 1887 3178 1958 πεπλασμένον
3199 1905 3212 1918 ’
3250 1864 3443 1959 λύτρον
3467 1886 3608 1957 ὑπὲρ
3636 1885 3742 1958 τῆς

458 1982 790 2052 guinemque
847 1995 1026 2036 meum
1064 1980 1119 2034 in
1173 1982 1408 2051 pretium
1458 1995 1557 2048 pro
1598 1966 1774 2034 salute
1823 1981 2046 2033 tradens

456 2084 573 2140 tua,
605 2074 811 2130 redemi
848 2082 919 2136 te,
946 2082 1002 2128 et
1033 2073 1219 2128 vocavi
1253 2082 1306 2127 te
1340 2091 1355 2127 :
1392 2086 1577 2127 verum
1614 2073 1780 2127 etiam
1829 2082 1883 2128 te
1924 2088 2046 2143 pos-

452 2168 752 2224 sessionem
803 2180 977 2220 meam
1021 2164 1215 2230 effeci;
1270 2164 1345 2218 ita
1395 2173 1454 2221 ut
1501 2173 1556 2219 tn
1606 2163 1738 2217 mihi
1790 2163 2040 2234 populus,

449 2273 554 2328 ego
593 2258 688 2312 tibi
719 2258 859 2312 Deus
878 2270 1077 2311 essem.
1103 2254 1329 2309 Confide
1355 2254 1547 2324 igitur,
1582 2262 1661 2308 tot
1689 2268 1720 2306 a
1745 2267 1831 2308 me
1858 2253 2045 2322 digna-

453 2359 540 2404 tus
570 2348 746 2411 bouis,
795 2357 850 2402 et
878 2364 940 2402 ea
977 2361 1083 2417 qua
1125 2345 1314 2416 jussus
1347 2360 1407 2399 es
1437 2345 1521 2398 via
1558 2346 1787 2398 incede:
1818 2343 2044 2400 ﬁducia-

449 2458 557 2513 que
596 2442 788 2514 plenus
836 2442 1091 2497 omnibus
1142 2454 1241 2509 per
1276 2438 1468 2495 orbem
1509 2438 1765 2508 gentibus
1801 2438 2040 2507 praedica

447 2533 822 2604 evangelicum
849 2544 1184 2587 sermonem.
1211 2527 1474 2594 Quamvis
1500 2524 1646 2581 enim
1682 2525 1823 2596 ignis
1845 2527 2041 2580 ardens

449 2624 714 2696 eruperit,
750 2623 1004 2692 quamvis
1031 2635 1209 2691 aquze,
1241 2620 1497 2689 quamvis
1532 2616 1755 2672 fitunina
1812 2617 2041 2672 inunda-

451 2714 651 2776 veriut,
675 2713 792 2768 haec
827 2711 963 2766 nihil
997 2720 1047 2766 te
1075 2710 1292 2772 laedent,
1323 2710 1468 2778 quod
1500 2721 1601 2777 ego
1628 2717 1806 2762 tecum
1842 2706 2041 2775 ubique

449 2808 575 2864 sim.
629 2805 766 2862 Nam
804 2805 933 2861 illud
990 2803 1109 2859 sine
1156 2802 1444 2863 mendacio
1487 2799 1791 2864 enuntiavi,
1848 2815 1869 2851 ι
1901 2797 2042 2853 Ecce

448 2913 550 2970 ego
573 2899 855 2953 vobiscum
894 2913 1014 2951 sum
1045 2909 1222 2965 usque
1251 2894 1317 2947 ad
1355 2891 1889 2949 consummationem
1929 2905 2038 2946 sa:-

448 2992 557 3048 culi
601 2993 671 3045 ".
701 3009 721 3044 ι

522 3084 687 3141 Vens.
744 3082 800 3140 3.
844 3098 864 3134 ι
892 3079 958 3135 Ει
1011 3095 1057 3136 ει
1103 3078 1388 3136 transieris
1415 3093 1512 3149 per
1570 3092 1793 3147 aquam,
1858 3085 2035 3132 tecum

2150 1981 2425 2052 σωτηρίας
2474 1980 2536 2033 τὸ
2585 1979 2826 2051 ἐμαυτοῦ
2856 1977 3130 2051 παραδοὺς
3158 1973 3316 2049 αἷμα,
3345 1975 3739 2049 ὲλυτρωσάμην

2148 2089 2209 2126 σε
2235 2073 2330 2126 καὶ
2355 2072 2593 2126 ἐκάλεσά
2635 2089 2731 2126 σε’
2767 2070 2905 2125 ἀλλὰ
2948 2070 3045 2123 καὶ
3082 2069 3273 2140 κτῆμα
3312 2068 3508 2122 ἑαυτοῦ
3544 2068 3738 2139 ἐποιη-

2148 2167 2330 2238 σάμην
2355 2183 2415 2219 σε
2436 2183 2449 2197 ·
2489 2166 2630 2220 ὥστε
2661 2159 2801 2219 εἶναι
2828 2165 2928 2236 μέν
2953 2182 3011 2216 σε
3032 2164 3164 2234 ὲμὸν
3194 2162 3343 2226 λαὸν,
3377 2161 3523 2233 κάμὲ
3547 2160 3605 2215 δὲ
3637 2159 3736 2216 σοῦ

2144 2258 2310 2313 αὐτοῦ
2340 2258 2495 2313 Θεόν.
2537 2257 2742 2330 Θάρσει
2768 2255 3084 2329 τοιγαροῦν,
3120 2254 3389 2309 τοσούτων
3422 2255 3552 2326 παρ’
3598 2253 3736 2326 ἐμοῦ

2144 2350 2576 2421 κατηξιωμένος,
2619 2350 2716 2402 καὶ
2760 2348 2942 2419 βάδιζε
2969 2348 3067 2418 τὴν
3106 2347 3226 2401 ὁδὸν
3273 2347 3341 2419 ἢν
3385 2345 3734 2418 ἐκελεύσθης,

2146 2443 2365 2516 θαρσῶν
2404 2459 2464 2495 τε
2508 2443 2749 2513 κήρυττε
2774 2441 2889 2504 τοῖς
2941 2435 3256 2508 ἅπανταχοῦ
3289 2436 3394 2507 γῆς
3435 2434 3613 2489 ἔθνεσι
3643 2430 3736 2488 τὸ)

2142 2535 2500 2605 εὐαγγελικὸν
2552 2534 2732 2603 λόγον.
2766 2532 2886 2586 Κᾶν
2919 2532 3027 2606 γάρ
3057 2530 3168 2603 πῦρ
3209 2530 3407 2600 φλέγον
3437 2528 3588 2600 ἐπίῃ,
3628 2527 3736 2582 κᾶν

2143 2626 2333 2693 ὖδατα,
2364 2626 2470 2681 κᾶν
2506 2625 2742 2697 ποταμοὶ
2794 2622 3158 2688 ἐπικλύζωσιν
3183 2638 3197 2651 ο
3259 2620 3413 2674 οὐδέν
3458 2636 3518 2672 σε
3561 2616 3733 2672 ταῦτα

2142 2719 2395 2791 λυπήσει,
2431 2717 2522 2772 διὰ
2553 2717 2616 2771 τὸ
2657 2717 2758 2787 ἐμὲ
2787 2717 2885 2770 σὺν
2932 2716 3016 2768 σοὶ
3038 2713 3315 2786 πανταχοῦ
3341 2709 3498 2768 εἶναι.
3536 2711 3729 2781 Ἀψευ-

2141 2810 2247 2875 ὂῶς
2307 2811 2417 2882 γὰρ
2446 2808 2874 2881 ἁπηγγειλάμην
2917 2806 3000 2871 τὸ,
3040 2825 3059 2858 ι
3104 2804 3233 2860 Ἰδοὺ
3278 2804 3388 2876 ἐγὼ
3419 2803 3532 2877 μεθ’
3571 2802 3728 2875 ὑμῶν

2140 2903 2256 2975 εἰμι
2289 2902 2394 2966 ἓως
2416 2901 2512 2973 τῆς
2532 2900 2842 2964 συντελείας
2875 2898 2968 2953 τοῦ
2996 2896 3210 2962 αἰῶνος.
3244 2916 3264 2950 ι

2214 3100 2238 3135 ε
2268 3081 2381 3137 Καὶ
2402 3080 2498 3136 ἐὰν
2529 3080 2810 3153 διαδαίνῃς
2841 3078 2908 3133 δι’
2933 3078 3144 3145 ὓδατος,
3179 3076 3319 3149 μετὰ
3345 3075 3439 3131 σοῦ
3469 3077 3606 3147 είμι,
3632 3086 3731 3130 και

454 3190 602 3241 sum,
639 3185 694 3231 et
737 3171 960 3228 ﬂumina
1006 3186 1117 3227 non
1154 3171 1407 3240 operient
1457 3179 1509 3226 te
1540 3184 1556 3225 :
1591 3178 1649 3224 et
1672 3169 1717 3224 si
1750 3169 2037 3224 transieris

2141 3174 2378 3245 ποταμοὶ
2421 3172 2483 3226 οὐ
2532 3170 2897 3241 συγκλύσουσί
2947 3186 3007 3223 σε
3032 3186 3047 3200 ·
3101 3169 3198 3223 καὶ
3253 3169 3349 3223 ἐὰν
3390 3167 3605 3243 διέλθῃς
3639 3167 3730 3221 διὰ

448 3281 545 3335 per
572 3266 774 3337 ignem,
807 3279 913 3318 non
949 3261 1309 3327 combureris,
1342 3262 1559 3317 ﬂamma
1603 3274 1709 3315 non
1749 3260 2037 3315 comburet

2142 3266 2335 3339 πυρὸς,
2366 3265 2427 3319 οὐ
2465 3266 2541 3337 μὴ
2581 3264 2955 3336 κατακαυθῇς,
2992 3261 3123 3332 φλὸξ
3144 3262 3205 3315 οὐ
3254 3261 3589 3316 κατακαύσει
3623 3276 3685 3314 σε

448 3371 537 3427 te;
569 3359 696 3429 quia
743 3374 844 3428 ego
881 3358 1142 3414 Dominus
1188 3356 1335 3412 Deus
1389 3365 1514 3411 tuus
1569 3365 1796 3409 sanctus
1844 3353 2034 3417 lsrael,

449 3453 670 3509 salvatus
695 3461 767 3507 te.
795 3449 923 3507 Feci
951 3448 1435 3506 commutationem
1467 3456 1617 3501 tuam
1641 3444 1960 3516 Egyptum,
1983 3453 2039 3499 et

447 3542 778 3612 )Etbiopimn
804 3551 861 3597 et
895 3542 1130 3613 Syenem
1163 3554 1265 3609 pro
1305 3548 1383 3594 te.
1416 3557 1433 3591 ι
1494 3538 1571 3593 Ita
1598 3539 1799 3610 quippe
1832 3540 2038 3607 pretio-

443 3649 544 3691 sus
592 3633 724 3690 mihi
773 3632 945 3701 fuisti,
1012 3641 1163 3688 tanta
1225 3633 1278 3691 in
1332 3641 1629 3699 conspectu
1687 3645 1810 3686 meo
1864 3630 2036 3699 gloria

444 3726 683 3781 donatus
711 3740 793 3792 es,
815 3734 871 3781 et
896 3737 1070 3794 usque
1089 3722 1228 3779 adeo
1256 3723 1421 3781 dilexi
1454 3735 1529 3789 te,
1563 3731 1623 3777 ut
1644 3722 1791 3778 salus
1830 3723 2033 3787 divina,

444 3832 572 3888 quae
594 3832 692 3887 per
723 3828 776 3873 te
801 3817 1058 3874 omnibus
1086 3815 1407 3872 hominibus
1433 3827 1589 3885 parta
1619 3826 1740 3881 est,
1768 3828 1941 3884 usque
1966 3814 2034 3869 ad

444 3919 693 3969 extrema
750 3920 909 3964 terra:
968 3909 1306 3979 pet-lingeret
1344 3925 1359 3963 :
1396 3917 1453 3965 et
1501 3918 1561 3963 ut
1620 3907 1697 3961 illi
1752 3906 2034 3965 hominum

446 4001 973 4072 superstitiosissitni
1034 4000 1279 4073 Egyptii
1313 4015 1409 4070 per
1443 4010 1493 4054 te
1535 3998 1821 4054 vocatione
1844 3997 2035 4068 digna-

431 4103 662 4152 rentur.
699 4094 804 4151 Per
835 4094 1123 4168 IEgyptios
1165 4095 1332 4164 igitur
1369 4093 1783 4162 superstitiosos
1813 4101 1869 4147 et
1912 4091 2032 4146 ido—

446 4186 677 4244 lolatras
716 4200 911 4242 omnes
969 4185 1277 4257 designavit
1309 4202 1323 4239 :
1355 4199 1450 4255 per
1480 4182 1772 4254 [Ethiopas
1806 4193 1863 4238 et
1895 4184 2034 4254 Sye-

443 4292 595 4347 nem,
621 4294 719 4335 eos
746 4279 839 4351 qui
867 4287 1112 4337 extrema
1140 4289 1302 4333 teme
1331 4285 1534 4333 nostra:
1556 4276 1889 4333 incolebant.
1920 4275 2032 4332 Nec

450 4369 811 4436 ignorandum
851 4379 938 4426 est
977 4384 1101 4427 esse
1158 4369 1453 4438 quamdam
1498 4365 1847 4422 Sabaitarum
1894 4382 2029 4438 gen-

444 4468 576 4524 tem.
631 4462 772 4519 unde
817 4458 1126 4516 Salomonis
1171 4470 1416 4530 tempore
1471 4460 1659 4531 regina
1713 4458 1859 4515 Saba
1913 4475 2030 4530 pro-

442 4550 591 4609 facta
619 4561 725 4611 est.

515 4731 681 4787 Vens.
727 4731 784 4800 1i,
841 4733 896 4788 5.
954 4753 972 4785 ι
1003 4748 1078 4790 ex
1123 4749 1230 4803 quo
1275 4733 1616 4790 honorabilis
1653 4732 1832 4790 factus
1867 4749 1925 4789 es
1975 4734 2026 4788 in

443 4833 735 4893 conspectu
766 4840 908 4891 meo,
938 4825 1270 4893 gloriﬁcatus
1312 4840 1392 4892 es,
1423 4835 1480 4880 et
1511 4840 1613 4894 ego
1651 4825 1812 4879 dilexi
1840 4834 1893 4878 te
1924 4842 1938 4880 :
1974 4834 2027 4880 et

441 4914 584 4971 rlabo
614 4915 864 4971 homines
894 4932 991 4985 pro
1020 4925 1095 4983 te,
1121 4926 1178 4972 et
1206 4918 1480 4987 principes
1535 4931 1633 4987 pro
1682 4917 1859 4985 capite
1910 4924 2021 4970 tuo.

441 5003 522 5059 Ne
549 5007 763 5068 timeas,
795 5006 1052 5074 quoniam
1086 5017 1263 5062 tecum
1294 5024 1433 5063 sunt.
1466 5008 1548 5062 Ab
1581 5008 1797 5062 oriente
1824 5006 2021 5063 ducam

364 5122 367 5123 ν
437 5111 626 5153 semen
689 5108 862 5163 tuum,
920 5109 977 5155 et
1026 5100 1094 5154 ab
1142 5100 1430 5156 occidente
1485 5100 1835 5169 congregabo
1893 5108 1961 5153 te.
2000 5118 2020 5153 ι

441 5188 635 5246 Muitos
686 5191 825 5245 filios
873 5209 905 5246 ιι
961 5208 1048 5246 me
1091 5191 1395 5247 secundum
1450 5189 1618 5246 Deum
1683 5192 1921 5262 genitos,
1970 5192 2023 5245 iu

440 5281 647 5337 celesti
707 5299 824 5338 mea
867 5284 1092 5338 civitate
1152 5284 1547 5352 congregabo,
1616 5283 1872 5353 ipsosque
1929 5298 2016 5352 pet

439 5382 622 5431 aerem
655 5373 914 5428 sublimes
945 5390 1131 5443 agam,
1167 5373 1323 5442 quasi
1358 5373 1609 5429 volucres
1641 5374 1839 5432 ventis.
1870 5374 2023 5430 video

440 5457 567 5518 licet
604 5465 866 5534 angelicis
888 5465 1571 5533 virtutibuslsustentatos.

508 5627 559 5660 "
586 5626 775 5682 Matth.
809 5645 998 5690 xxvnt,
1027 5629 1123 5683 20.

2138 3356 2223 3412 δτι
2251 3353 2362 3425 ἐγὼ
2392 3354 2599 3426 Κύριος
2630 3356 2658 3406 ὁ
2684 3354 2815 3418 Θεός
2844 3370 2939 3406 σου
2968 3354 2998 3407 ὁ
3021 3354 3178 3422 ἆγιος
3205 3350 3448 3423 Ἰσραήλ,
3471 3352 3499 3404 ὀ
3534 3349 3728 3415 σώζω)

2140 3469 2223 3506 σε.
2273 3449 2538 3520 Ἐποίησα
2571 3447 2826 3519 ἄλλαγμα
2866 3463 2960 3499 σου
2998 3446 3274 3514 Αἴγυπτον
3314 3445 3406 3497 καὶ
3437 3440 3731 3497 Αἰθιοπίαν

2138 3542 2233 3601 καὶ
2249 3543 2456 3613 Σοήνην
2482 3539 2594 3611 (58)
2621 3539 2762 3610 ὑπὲρ
2785 3538 2901 3595 σοῦ.
2916 3558 2933 3591 ι
2960 3538 3117 3593 Οὕτω
3141 3535 3250 3608 γὰρ
3267 3534 3397 3606 παρ’
3418 3534 3540 3604 ἐμοὶ
3562 3532 3724 3601 γέγοα

2136 3650 2235 3698 νας
2257 3632 2460 3705 τίμιος,
2508 3631 2605 3685 καὶ
2641 3630 2815 3694 οὕτως
2859 3629 3102 3685 ἐναντίον
3136 3645 3237 3700 μου
3280 3622 3589 3695 ἐδοξάσθης,
3625 3622 3720 3676 καὶ

2136 3726 2309 3792 οὕτως
2335 3724 2603 3798 ἠγάπησά
2636 3743 2717 3790 σε,
2749 3726 2824 3788 ὡς
2845 3724 2939 3778 καὶ
2973 3723 3131 3796 μέχρι
3163 3721 3271 3775 τῶν
3312 3718 3579 3792 ὲσχατιῶν
3610 3717 3719 3788 γῆς

2138 3817 2344 3889 φθάσαι
2365 3816 2465 3889 τήν
2485 3815 2574 3870 διὰ
2610 3814 2704 3870 σοῦ
2732 3817 2896 3870 πᾶσιν
2929 3812 3235 3885 ἀνθρώποις
3283 3806 3718 3883 προξενουμένην

2137 3910 2280 3967 κατὰ
2310 3908 2445 3964 Θεὸν
2485 3907 2791 3980 σωτηρίαν·
2847 3907 2941 3960 καὶ
2987 3904 3063 3969 ὡς
3115 3902 3310 3966 αὐτοὺς
3349 3899 3457 3953 τῶν
3500 3898 3720 3953 πάντων

2134 4000 2441 4075 ἀνθρώπων
2466 3998 3063 4069 δεισιδαιμονεστάτους
3105 3992 3437 4064 Αἰγυπτίους
3486 3989 3586 4062 τῆς
3632 3987 3723 4042 διὰ

2138 4091 2232 4147 σοῦ
2266 4092 2511 4162 κλήσεως
2540 4088 2965 4159 καταξιωθῆναι.
3017 4085 3115 4139 Διά
3154 4085 3253 4156 μὲν
3292 4077 3386 4137 οὖν
3420 4080 3530 4135 τῶν
3559 4079 3723 4148 Δίγυ-

2138 4186 2310 4238 πτίων
2357 4184 2566 4248 πάντας
2591 4182 2811 4254 ᾐνίξατο
2842 4180 2970 4245 τοὺς
3011 4176 3411 4248 δεισιδαίμονας
3444 4174 3538 4228 καλ⁸
3566 4172 3720 4226 εἰδω-

2133 4276 2418 4347 λολάτρας,
2450 4274 2539 4327 διὰ
2580 4274 2637 4327 δὲ
2668 4272 2767 4344 τῆς
2796 4268 3086 4332 Αἰθιοπίας
3115 4267 3209 4321 καὶ
3246 4267 3437 4337 Σοῖνης
3468 4263 3595 4325 τοὺς
3625 4259 3720 4332 μέ-

2133 4385 2225 4441 χρι
2254 4367 2362 4421 τῶν
2388 4366 2657 4436 ὲσχατιῶν
2690 4365 2788 4435 τῆς
2826 4361 2951 4416 καθ’
2979 4362 3127 4433 ἡμᾶς
3154 4357 3479 4429 οἰκουμένης
3509 4353 3721 4408 οἰκοῦν-

2134 4477 2253 4524 τας.
2299 4457 2516 4521 Ἰστέον,
2553 4457 2628 4521 ὡς
2676 4455 2793 4509 ἔστι
2841 4451 3123 4507 Σαϐαῖτῶν
3177 4449 3347 4513 ἔθνος,
3393 4447 3517 4501 ὅθεν
3566 4444 3722 4517 βασί-

2063 4552 2107 4609 D
2136 4552 2297 4606 λισσα
2328 4550 2477 4605 Σαϐὰ
2532 4549 2796 4620 ἐπεδήμει
2843 4545 2985 4601 κατὰ
3025 4546 3152 4609 τοὺς
3202 4540 3546 4613 Σολομῶντος
3589 4538 3721 4611 χρό-

2135 4661 2281 4706 νους.

2212 4752 2230 4784 ι
2281 4732 2396 4800 Ἀφ’
2423 4725 2484 4785 οὗ
2499 4730 2715 4801 ἔντιμος
2736 4731 2922 4797 ἐγένου
2945 4723 3182 4780 ἐναντίον
3215 4721 3374 4792 ἐμοῦ,
3404 4716 3715 4787 ἐδοξάσθης,

2134 4826 2228 4879 καὶ
2270 4823 2382 4893 ἐγώ
2418 4840 2475 4875 σε
2525 4822 2810 4892 ἠγάπησα.
2850 4820 2958 4873 Καὶ
3002 4816 3159 4871 δώσω
3204 4813 3522 4883 ἀνθρώπους
3573 4808 3717 4879 ὑπὲρ

2134 4916 2252 4982 σοῦ,
2289 4919 2381 4970 καὶ
2403 4916 2669 4988 ἄρχοντας
2705 4915 2847 4984 ὑπὲρ
2870 4913 2966 4983 τῆς
2991 4909 3231 4979 κεφαλῆς
3255 4923 3371 4960 σου.
3408 4905 3497 4975 Μὴ
3523 4900 3713 4972 φοὸοῢ,

2134 5011 2214 5063 ὅτι
2256 5010 2395 5080 μετὰ
2437 5006 2531 5061 σοῦ
2576 5008 2713 5078 εἰμι.
2764 5007 2880 5060 Ἀπ’
2928 5001 3202 5058 ἀνατολῶν
3245 4999 3358 5064 ἄξω
3398 4995 3458 5050 τὸ
3496 4992 3719 5063 σπέρμα

2134 5118 2251 5166 σου,
2275 5101 2367 5155 καὶ
2396 5100 2505 5154 άπὸ
2533 5099 2752 5169 δυσμῶν
2782 5095 2992 5160 συνάξω
3020 5111 3100 5147 σε.
3141 5111 3160 5144 ι
3186 5087 3364 5145 Πολλὰ
3386 5088 3551 5140 τέκνα
3574 5082 3720 5137 κατὰ

2132 5192 2267 5246 Θεὸν
2289 5193 2554 5263 γεννήσας
2584 5189 2797 5255 συνάξω
2825 5190 2905 5253 εἰς
2927 5186 3024 5258 τὴν
3055 5180 3375 5256 ἐπουράνιον
3411 5195 3513 5250 μου
3538 5174 3715 5237 πόλιν,

2134 5283 2444 5357 μετεώρους
2469 5282 2666 5347 αὐτοῦς
2691 5279 2972 5337 ἀναλαϐὼν
2994 5279 3059 5333 δι’
3077 5278 3237 5347 άέρος
3259 5275 3449 5345 ὥσπερ
3478 5268 3719 5342 πτηνοὺς

2130 5376 2353 5448 ἀνέμοις
2375 5374 2896 5444 ὑποκουφιζόμενος,
2933 5372 3076 5440 λέγω
3107 5368 3172 5440 δὴ
3204 5365 3519 5436 άγγελικαῖς
3563 5358 3702 5416 δυνά

2131 5487 2310 5540 μεσιν.

438 5774 461 5843 ’.
512 5789 625 5866 (ἷξε)
646 5790 824 5866 Syene
846 5791 975 5866 urbs
992 5794 1056 5844 ad
1084 5800 1326 5866 extrema
1352 5785 1571 5866 Egypti
1596 5786 1792 5855 posita,
1816 5786 2037 5857 Συήνη,1

2140 5802 2198 5858 νη
2256 5795 2310 5844 et
2357 5786 2516 5858 Σοϊνη
2552 5783 2751 5841 dicitur
2790 5782 2933 5854 apud
2983 5777 3309 5852 Origenem,
3351 5773 3716 5833 Atnanasittn

439 5868 494 5912 et
529 5860 687 5924 alios,
718 5869 778 5913 ut
805 5862 857 5913 in
889 5861 1172 5915 Athanasii
1205 5861 1354 5917 edito
1386 5860 1723 5915 monuimus.
