  <div class='ocr_page' id='page_1' title='image "/cluster/home/n/w/nwhite01/storage/ocr_20150623/24:no.6/coo.31924054873058/212.png"; bbox 0 0 4130 6382; ppageno 0'>
   <div class='ocr_carea' id='block_1_1' title="bbox 368 423 471 479">
    <p class='ocr_par' dir='ltr' id='par_1_1' title="bbox 368 423 471 479">
     <span class='ocr_line' id='line_1_1' title="bbox 368 423 471 479; baseline 0.019 -3"><span class='ocrx_word' id='word_1_1' title='bbox 368 423 471 479; x_wconf 84' lang='grc'><strong>597</strong></span> 
     </span>
    </p>
   </div>
   <div class='ocr_carea' id='block_1_2' title="bbox 445 540 1010 622">
    <p class='ocr_par' dir='ltr' id='par_1_2' title="bbox 445 540 1010 622">
     <span class='ocr_line' id='line_1_2' title="bbox 445 540 1010 622; baseline 0.019 -10"><span class='ocrx_word' id='word_1_2' title='bbox 445 562 462 593; x_wconf 84' lang='grc' dir='ltr'><strong>ι</strong></span> <span class='ocrx_word' id='word_1_3' title='bbox 518 540 661 615; x_wconf 79' lang='grc' dir='ltr'><strong>Ἐρῶ</strong></span> <span class='ocrx_word' id='word_1_4' title='bbox 704 545 782 617; x_wconf 76' lang='grc' dir='ltr'>τῷ</span> <span class='ocrx_word' id='word_1_5' title='bbox 817 547 1010 622; x_wconf 53' lang='lat' dir='ltr'><strong>saepe,</strong></span> 
     </span>
    </p>
   </div>
   <div class='ocr_carea' id='block_1_3' title="bbox 364 633 1950 727">
    <p class='ocr_par' dir='ltr' id='par_1_3' title="bbox 364 633 1950 727">
     <span class='ocr_line' id='line_1_3' title="bbox 364 633 1950 727; baseline 0.015 -39"><span class='ocrx_word' id='word_1_6' title='bbox 364 633 578 688; x_wconf 80' lang='grc' dir='ltr'>κὼλυε·</span> <span class='ocrx_word' id='word_1_7' title='bbox 607 636 707 705; x_wconf 81' lang='grc' dir='ltr'>ἄγε</span> <span class='ocrx_word' id='word_1_8' title='bbox 736 641 863 703; x_wconf 78' lang='grc' dir='ltr'>τοὺς</span> <span class='ocrx_word' id='word_1_9' title='bbox 902 644 1049 708; x_wconf 84' lang='grc' dir='ltr'>υἱούς</span> <span class='ocrx_word' id='word_1_10' title='bbox 1078 664 1179 717; x_wconf 90' lang='grc' dir='ltr'><strong>μου</strong></span> <span class='ocrx_word' id='word_1_11' title='bbox 1215 649 1324 703; x_wconf 85' lang='grc' dir='ltr'><strong>ἀπὸ</strong></span> <span class='ocrx_word' id='word_1_12' title='bbox 1363 654 1461 724; x_wconf 83' lang='grc' dir='ltr'>τῆς</span> <span class='ocrx_word' id='word_1_13' title='bbox 1507 656 1807 727; x_wconf 72' lang='grc' dir='ltr'>πόρρωθεν,</span> 
     </span>
    </p>
   </div>
   <div class='ocr_carea' id='block_1_4' title="bbox 364 724 1941 822">
    <p class='ocr_par' dir='ltr' id='par_1_4' title="bbox 364 724 1941 822">
     <span class='ocr_line' id='line_1_4' title="bbox 364 724 1941 822; baseline 0.018 -47"><span class='ocrx_word' id='word_1_14' title='bbox 364 725 463 787; x_wconf 85' lang='grc' dir='ltr'><strong>τὰς</strong></span> <span class='ocrx_word' id='word_1_15' title='bbox 496 724 806 799; x_wconf 80' lang='grc' dir='ltr'>θυγατέρας</span> <span class='ocrx_word' id='word_1_16' title='bbox 837 750 940 802; x_wconf 90' lang='grc' dir='ltr'><strong>μου</strong></span> <span class='ocrx_word' id='word_1_17' title='bbox 977 738 1070 789; x_wconf 81' lang='grc' dir='ltr'><strong>ἀπ’</strong></span> <span class='ocrx_word' id='word_1_18' title='bbox 1100 739 1286 809; x_wconf 83' lang='grc' dir='ltr'>ἄκρων</span> <span class='ocrx_word' id='word_1_19' title='bbox 1314 743 1415 813; x_wconf 83' lang='grc' dir='ltr'><strong>τῆς</strong></span> <span class='ocrx_word' id='word_1_20' title='bbox 1444 724 1627 815; x_wconf 43' lang='grc' dir='ltr'>γῆςίί</span> <span class='ocrx_word' id='word_1_21' title='bbox 1660 749 1799 816; x_wconf 82' lang='grc' dir='ltr'>Ἐγὼ</span> <span class='ocrx_word' id='word_1_22' title='bbox 1835 752 1941 822; x_wconf 79' lang='grc' dir='ltr'>γὰρ</span> 
     </span>
    </p>
   </div>
   <div class='ocr_carea' id='block_1_5' title="bbox 363 817 1953 908">
    <p class='ocr_par' dir='ltr' id='par_1_5' title="bbox 363 817 1953 908">
     <span class='ocr_line' id='line_1_5' title="bbox 363 817 1953 908; baseline 0.019 -43"><span class='ocrx_word' id='word_1_23' title='bbox 363 818 481 879; x_wconf 82' lang='grc' dir='ltr'>ταῖς</span> <span class='ocrx_word' id='word_1_24' title='bbox 508 817 830 885; x_wconf 83' lang='grc' dir='ltr'>ἀγγελικαῖς</span> <span class='ocrx_word' id='word_1_25' title='bbox 866 824 1126 898; x_wconf 82' lang='grc' dir='ltr'>δυνάμεσι</span> <span class='ocrx_word' id='word_1_26' title='bbox 1165 832 1322 886; x_wconf 85' lang='grc' dir='ltr'>τοῦτο</span> <span class='ocrx_word' id='word_1_27' title='bbox 1345 839 1516 889; x_wconf 84' lang='grc' dir='ltr'>ποιεῖν</span> <span class='ocrx_word' id='word_1_28' title='bbox 1540 841 1842 908; x_wconf 79' lang='grc' dir='ltr'>προστάξω,</span> <span class='ocrx_word' id='word_1_29' title='bbox 1867 843 1953 896; x_wconf 74' lang='grc' dir='ltr'>διὰ</span> 
     </span>
    </p>
   </div>
   <div class='ocr_carea' id='block_1_6' title="bbox 360 906 1952 1004">
    <p class='ocr_par' dir='ltr' id='par_1_6' title="bbox 360 906 1952 1004">
     <span class='ocr_line' id='line_1_6' title="bbox 360 906 1952 1004; baseline 0.02 -47"><span class='ocrx_word' id='word_1_30' title='bbox 360 907 421 960; x_wconf 90' lang='grc' dir='ltr'><strong>τὸ</strong></span> <span class='ocrx_word' id='word_1_31' title='bbox 450 908 622 979; x_wconf 78' lang='grc' dir='ltr'>ἐμοὺς</span> <span class='ocrx_word' id='word_1_32' title='bbox 657 906 797 966; x_wconf 75' lang='grc' dir='ltr'>εἶναι</span> <span class='ocrx_word' id='word_1_33' title='bbox 821 917 972 981; x_wconf 86' lang='grc' dir='ltr'>υἱοὺς</span> <span class='ocrx_word' id='word_1_34' title='bbox 1011 922 1105 974; x_wconf 78' lang='grc' dir='ltr'>καὶ</span> <span class='ocrx_word' id='word_1_35' title='bbox 1140 922 1447 998; x_wconf 83' lang='grc' dir='ltr'>θυγατέρας</span> <span class='ocrx_word' id='word_1_36' title='bbox 1494 906 1634 999; x_wconf 72' lang='grc' dir='ltr'>ἐμάς</span> <span class='ocrx_word' id='word_1_37' title='bbox 1681 906 1770 984; x_wconf 31' lang='grc' dir='ltr'><strong>δι(</strong></span> <span class='ocrx_word' id='word_1_38' title='bbox 1800 935 1952 1004; x_wconf 82' lang='grc' dir='ltr'>ὑμῶν</span> 
     </span>
    </p>
   </div>
   <div class='ocr_carea' id='block_1_7' title="bbox 363 1000 1947 1097">
    <p class='ocr_par' dir='ltr' id='par_1_7' title="bbox 363 1000 1947 1097">
     <span class='ocr_line' id='line_1_7' title="bbox 363 1000 1947 1097; baseline 0.018 -47"><span class='ocrx_word' id='word_1_39' title='bbox 363 1000 675 1071; x_wconf 85' lang='grc' dir='ltr'>σπαρέντας</span> <span class='ocrx_word' id='word_1_40' title='bbox 705 1008 798 1058; x_wconf 74' lang='grc' dir='ltr'>καὶ</span> <span class='ocrx_word' id='word_1_41' title='bbox 826 1009 1285 1084; x_wconf 86' lang='grc' dir='ltr'>ἀναγεννηθέντας</span> <span class='ocrx_word' id='word_1_42' title='bbox 1303 1018 1360 1072; x_wconf 79' lang='grc' dir='ltr'><strong>ἐν</strong></span> <span class='ocrx_word' id='word_1_43' title='bbox 1382 1022 1447 1091; x_wconf 82' lang='grc' dir='ltr'>τῇ</span> <span class='ocrx_word' id='word_1_44' title='bbox 1481 1022 1585 1093; x_wconf 78' lang='grc' dir='ltr'>ἐμῇ</span> <span class='ocrx_word' id='word_1_45' title='bbox 1630 1000 1947 1097; x_wconf 70' lang='grc' dir='ltr'>Ἐκκλησία.</span> 
     </span>
    </p>
   </div>
   <div class='ocr_carea' id='block_1_8' title="bbox 435 1092 1944 1186">
    <p class='ocr_par' dir='ltr' id='par_1_8' title="bbox 435 1092 1944 1186">
     <span class='ocr_line' id='line_1_8' title="bbox 435 1092 1944 1186; baseline 0.019 -44"><span class='ocrx_word' id='word_1_46' title='bbox 435 1110 455 1142; x_wconf 72' lang='grc' dir='ltr'><strong>ι</strong></span> <span class='ocrx_word' id='word_1_47' title='bbox 489 1092 709 1157; x_wconf 84' lang='grc' dir='ltr'><strong>Πάντας</strong></span> <span class='ocrx_word' id='word_1_48' title='bbox 762 1098 877 1152; x_wconf 79' lang='grc' dir='ltr'>ὅσοι</span> <span class='ocrx_word' id='word_1_49' title='bbox 931 1102 1314 1176; x_wconf 83' lang='grc' dir='ltr'>ὲπικέκληνται</span> <span class='ocrx_word' id='word_1_50' title='bbox 1360 1109 1438 1180; x_wconf 84' lang='grc' dir='ltr'><strong>τῷ</strong></span> <span class='ocrx_word' id='word_1_51' title='bbox 1486 1112 1708 1183; x_wconf 84' lang='grc' dir='ltr'>ὀνόματί</span> <span class='ocrx_word' id='word_1_52' title='bbox 1768 1134 1886 1186; x_wconf 88' lang='grc' dir='ltr'>μου.</span> <span class='ocrx_word' id='word_1_53' title='bbox 1925 1136 1944 1168; x_wconf 74' lang='grc' dir='ltr'><strong><em>ι</em></strong></span> 
     </span>
    </p>
   </div>
   <div class='ocr_carea' id='block_1_9' title="bbox 359 1180 1949 1277">
    <p class='ocr_par' dir='ltr' id='par_1_9' title="bbox 359 1180 1949 1277">
     <span class='ocr_line' id='line_1_9' title="bbox 359 1180 1949 1277; baseline 0.018 -45"><span class='ocrx_word' id='word_1_54' title='bbox 359 1180 534 1235; x_wconf 83' lang='grc' dir='ltr'>Πόθεν</span> <span class='ocrx_word' id='word_1_55' title='bbox 567 1184 624 1236; x_wconf 80' lang='grc' dir='ltr'><strong>δὲ</strong></span> <span class='ocrx_word' id='word_1_56' title='bbox 653 1185 877 1241; x_wconf 85' lang='grc' dir='ltr'>ἄλλοθεν</span> <span class='ocrx_word' id='word_1_57' title='bbox 904 1191 1109 1266; x_wconf 80' lang='grc' dir='ltr'><strong>ὑπέστη</strong></span> <span class='ocrx_word' id='word_1_58' title='bbox 1148 1196 1206 1249; x_wconf 88' lang='grc' dir='ltr'><strong>τὸ</strong></span> <span class='ocrx_word' id='word_1_59' title='bbox 1250 1180 1592 1268; x_wconf 83' lang='grc' dir='ltr'>Χριστιανῶν</span> <span class='ocrx_word' id='word_1_60' title='bbox 1623 1180 1792 1275; x_wconf 74' lang='grc' dir='ltr'>ὄνομα</span> <span class='ocrx_word' id='word_1_61' title='bbox 1819 1207 1851 1277; x_wconf 82' lang='grc' dir='ltr'>ἢ</span> <span class='ocrx_word' id='word_1_62' title='bbox 1884 1209 1949 1261; x_wconf 78' lang='grc' dir='ltr'><strong>ἐκ</strong></span> 
     </span>
    </p>
   </div>
   <div class='ocr_carea' id='block_1_10' title="bbox 356 1273 1947 1363">
    <p class='ocr_par' dir='ltr' id='par_1_10' title="bbox 356 1273 1947 1363">
     <span class='ocr_line' id='line_1_10' title="bbox 356 1273 1947 1363; baseline 0.018 -39"><span class='ocrx_word' id='word_1_63' title='bbox 356 1273 455 1344; x_wconf 84' lang='grc' dir='ltr'><strong>τῆς</strong></span> <span class='ocrx_word' id='word_1_64' title='bbox 486 1274 585 1328; x_wconf 89' lang='grc' dir='ltr'><strong>τοῦ</strong></span> <span class='ocrx_word' id='word_1_65' title='bbox 615 1278 851 1349; x_wconf 80' lang='grc' dir='ltr'>Χριστοῦ</span> <span class='ocrx_word' id='word_1_66' title='bbox 881 1287 1286 1357; x_wconf 83' lang='grc' dir='ltr'>προσηγορίας;</span> <span class='ocrx_word' id='word_1_67' title='bbox 1323 1291 1482 1355; x_wconf 84' lang='grc' dir='ltr'>αὐτὸς</span> <span class='ocrx_word' id='word_1_68' title='bbox 1506 1292 1563 1345; x_wconf 83' lang='grc' dir='ltr'><strong>δὲ</strong></span> <span class='ocrx_word' id='word_1_69' title='bbox 1591 1289 1659 1363; x_wconf 80' lang='grc' dir='ltr'>ἦν</span> <span class='ocrx_word' id='word_1_70' title='bbox 1678 1273 1947 1350; x_wconf 14' lang='grc' dir='ltr'>όήδιὰ-τοῦ</span> 
     </span>
    </p>
   </div>
   <div class='ocr_carea' id='block_1_11' title="bbox 356 1365 1946 1459">
    <p class='ocr_par' dir='ltr' id='par_1_11' title="bbox 356 1365 1946 1459">
     <span class='ocr_line' id='line_1_11' title="bbox 356 1365 1946 1459; baseline 0.018 -44"><span class='ocrx_word' id='word_1_71' title='bbox 356 1365 642 1436; x_wconf 80' lang='grc' dir='ltr'><strong>προφήτου</strong></span> <span class='ocrx_word' id='word_1_72' title='bbox 671 1367 842 1422; x_wconf 87' lang='grc' dir='ltr'>ταῦτα</span> <span class='ocrx_word' id='word_1_73' title='bbox 880 1370 1171 1439; x_wconf 78' lang='grc' dir='ltr'>θεσπίζων.</span> <span class='ocrx_word' id='word_1_74' title='bbox 1220 1396 1239 1428; x_wconf 72' lang='grc' dir='ltr'><strong>ι</strong></span> <span class='ocrx_word' id='word_1_75' title='bbox 1280 1381 1367 1433; x_wconf 86' lang='grc' dir='ltr'>Ἐν</span> <span class='ocrx_word' id='word_1_76' title='bbox 1397 1382 1505 1453; x_wconf 82' lang='grc' dir='ltr'>γὰρ</span> <span class='ocrx_word' id='word_1_77' title='bbox 1550 1386 1616 1455; x_wconf 80' lang='grc' dir='ltr'>τῇ</span> <span class='ocrx_word' id='word_1_78' title='bbox 1660 1386 1790 1459; x_wconf 78' lang='grc' dir='ltr'>δόξῃ</span> <span class='ocrx_word' id='word_1_79' title='bbox 1844 1406 1946 1459; x_wconf 82' lang='grc' dir='ltr'><strong>μου</strong></span> 
     </span>
    </p>
   </div>
   <div class='ocr_carea' id='block_1_12' title="bbox 357 1457 1945 1550">
    <p class='ocr_par' dir='ltr' id='par_1_12' title="bbox 357 1457 1945 1550">
     <span class='ocr_line' id='line_1_12' title="bbox 357 1457 1945 1550; baseline 0.016 -41"><span class='ocrx_word' id='word_1_80' title='bbox 357 1457 740 1512; x_wconf 81' lang='grc' dir='ltr'>κατεσκεύασα</span> <span class='ocrx_word' id='word_1_81' title='bbox 776 1462 958 1528; x_wconf 77' lang='grc' dir='ltr'>αὐτὸν,</span> <span class='ocrx_word' id='word_1_82' title='bbox 991 1467 1084 1519; x_wconf 79' lang='grc' dir='ltr'>καὶ</span> <span class='ocrx_word' id='word_1_83' title='bbox 1135 1467 1343 1523; x_wconf 82' lang='grc' dir='ltr'>ἔπλασα</span> <span class='ocrx_word' id='word_1_84' title='bbox 1376 1472 1558 1538; x_wconf 78' lang='grc' dir='ltr'>αὐτὸν,</span> <span class='ocrx_word' id='word_1_85' title='bbox 1591 1477 1684 1529; x_wconf 79' lang='grc' dir='ltr'>καὶ</span> <span class='ocrx_word' id='word_1_86' title='bbox 1715 1479 1945 1550; x_wconf 81' lang='grc' dir='ltr'>ἐποίησα</span> 
     </span>
    </p>
   </div>
   <div class='ocr_carea' id='block_1_13' title="bbox 357 1546 1448 1631">
    <p class='ocr_par' dir='ltr' id='par_1_13' title="bbox 357 1546 1448 1631">
     <span class='ocr_line' id='line_1_13' title="bbox 357 1546 1448 1631; baseline 0.017 -33"><span class='ocrx_word' id='word_1_87' title='bbox 357 1546 537 1613; x_wconf 84' lang='grc' dir='ltr'>αὐτὸν,</span> <span class='ocrx_word' id='word_1_88' title='bbox 585 1550 858 1605; x_wconf 71' lang='grc' dir='ltr'>ἄπλαστον</span> <span class='ocrx_word' id='word_1_89' title='bbox 904 1556 1032 1609; x_wconf 79' lang='grc' dir='ltr'>ὄντα</span> <span class='ocrx_word' id='word_1_90' title='bbox 1064 1561 1179 1623; x_wconf 85' lang='grc' dir='ltr'>τοῖς</span> <span class='ocrx_word' id='word_1_91' title='bbox 1206 1562 1448 1631; x_wconf 87' lang='grc' dir='ltr'>τρόποις.</span> 
     </span>
    </p>
   </div>
   <div class='ocr_carea' id='block_1_14' title="bbox 430 1640 1941 1733">
    <p class='ocr_par' dir='ltr' id='par_1_14' title="bbox 430 1640 1941 1733">
     <span class='ocr_line' id='line_1_14' title="bbox 430 1640 1941 1733; baseline 0.019 -43"><span class='ocrx_word' id='word_1_92' title='bbox 430 1657 449 1689; x_wconf 74' lang='grc' dir='ltr'><strong>ι</strong></span> <span class='ocrx_word' id='word_1_93' title='bbox 482 1640 596 1693; x_wconf 82' lang='grc' dir='ltr'>Καὶ</span> <span class='ocrx_word' id='word_1_94' title='bbox 626 1642 895 1714; x_wconf 78' lang='grc' dir='ltr'>ἐξήγαγον</span> <span class='ocrx_word' id='word_1_95' title='bbox 942 1647 1070 1702; x_wconf 90' lang='grc' dir='ltr'>λαὸν</span> <span class='ocrx_word' id='word_1_96' title='bbox 1120 1652 1340 1720; x_wconf 78' lang='grc' dir='ltr'>τυφλὸν,</span> <span class='ocrx_word' id='word_1_97' title='bbox 1373 1656 1467 1709; x_wconf 80' lang='grc' dir='ltr'>καὶ</span> <span class='ocrx_word' id='word_1_98' title='bbox 1494 1658 1761 1733; x_wconf 75' lang='grc' dir='ltr'>ὀφθαλμοί</span> <span class='ocrx_word' id='word_1_99' title='bbox 1804 1664 1941 1718; x_wconf 86' lang='grc' dir='ltr'>εἰσιν</span> 
     </span>
    </p>
   </div>
   <div class='ocr_carea' id='block_1_15' title="bbox 355 1730 1937 1819">
    <p class='ocr_par' dir='ltr' id='par_1_15' title="bbox 355 1730 1937 1819">
     <span class='ocr_line' id='line_1_15' title="bbox 355 1730 1937 1819; baseline 0.018 -38"><span class='ocrx_word' id='word_1_100' title='bbox 355 1730 618 1797; x_wconf 82' lang='grc' dir='ltr'><strong>ὡσαύτως</strong></span> <span class='ocrx_word' id='word_1_101' title='bbox 648 1734 860 1804; x_wconf 75' lang='grc' dir='ltr'>τυφλοὶ,</span> <span class='ocrx_word' id='word_1_102' title='bbox 902 1739 995 1792; x_wconf 75' lang='grc' dir='ltr'>καὶ</span> <span class='ocrx_word' id='word_1_103' title='bbox 1047 1744 1220 1812; x_wconf 69' lang='grc' dir='ltr'>κωφοὶ</span> <span class='ocrx_word' id='word_1_104' title='bbox 1247 1745 1315 1799; x_wconf 84' lang='grc' dir='ltr'>τὰ</span> <span class='ocrx_word' id='word_1_105' title='bbox 1341 1740 1454 1800; x_wconf 81' lang='grc' dir='ltr'>ὦτα</span> <span class='ocrx_word' id='word_1_106' title='bbox 1479 1730 1711 1819; x_wconf 79' lang='grc' dir='ltr'>ἔχοντες.</span> <span class='ocrx_word' id='word_1_107' title='bbox 1756 1755 1937 1808; x_wconf 82' lang='grc' dir='ltr'>Πάντα</span> 
     </span>
    </p>
   </div>
   <div class='ocr_carea' id='block_1_16' title="bbox 355 1821 1936 1917">
    <p class='ocr_par' dir='ltr' id='par_1_16' title="bbox 355 1821 1936 1917">
     <span class='ocr_line' id='line_1_16' title="bbox 355 1821 1936 1917; baseline 0.02 -46"><span class='ocrx_word' id='word_1_108' title='bbox 355 1821 421 1874; x_wconf 74' lang='grc' dir='ltr'><strong>τά</strong></span> <span class='ocrx_word' id='word_1_109' title='bbox 454 1821 582 1889; x_wconf 76' lang='grc' dir='ltr'>ἔθνη</span> <span class='ocrx_word' id='word_1_110' title='bbox 609 1825 953 1898; x_wconf 81' lang='grc' dir='ltr'>συνήχθησαν</span> <span class='ocrx_word' id='word_1_111' title='bbox 987 1830 1123 1901; x_wconf 77' lang='grc' dir='ltr'>ἅμα,</span> <span class='ocrx_word' id='word_1_112' title='bbox 1153 1835 1247 1887; x_wconf 78' lang='grc' dir='ltr'><strong>καὶ</strong></span> <span class='ocrx_word' id='word_1_113' title='bbox 1278 1840 1699 1911; x_wconf 76' lang='grc' dir='ltr'>συναχθήσονται</span> <span class='ocrx_word' id='word_1_114' title='bbox 1739 1847 1936 1917; x_wconf 85' lang='grc' dir='ltr'>ἄρχον-</span> 
     </span>
    </p>
   </div>
   <div class='ocr_carea' id='block_1_17' title="bbox 357 1913 2005 2010">
    <p class='ocr_par' dir='ltr' id='par_1_17' title="bbox 357 1913 2005 2010">
     <span class='ocr_line' id='line_1_17' title="bbox 357 1913 2005 2010; baseline 0.019 -46"><span class='ocrx_word' id='word_1_115' title='bbox 357 1913 519 1978; x_wconf 73' lang='grc' dir='ltr'>τεςὲξ</span> <span class='ocrx_word' id='word_1_116' title='bbox 542 1914 744 1972; x_wconf 79' lang='grc' dir='ltr'>αὐτῶν.</span> <span class='ocrx_word' id='word_1_117' title='bbox 783 1938 801 1969; x_wconf 75' lang='grc' dir='ltr'><strong>ι</strong></span> <span class='ocrx_word' id='word_1_118' title='bbox 852 1919 953 1973; x_wconf 77' lang='grc' dir='ltr'><strong>Διὰ</strong></span> <span class='ocrx_word' id='word_1_119' title='bbox 984 1923 1093 1994; x_wconf 78' lang='grc' dir='ltr'>γὰρ</span> <span class='ocrx_word' id='word_1_120' title='bbox 1122 1926 1230 1978; x_wconf 83' lang='grc' dir='ltr'><strong>τῶν</strong></span> <span class='ocrx_word' id='word_1_121' title='bbox 1272 1929 1643 1987; x_wconf 85' lang='grc' dir='ltr'>ἁποστολικῶν</span> <span class='ocrx_word' id='word_1_122' title='bbox 1675 1913 1930 2010; x_wconf 24' lang='grc' dir='ltr'>σπείρνμά-</span> <span class='ocrx_word' id='word_1_123' title='bbox 1964 1923 2005 1977; x_wconf 76' lang='grc' dir='ltr'><strong>Β</strong></span> 
     </span>
    </p>
   </div>
   <div class='ocr_carea' id='block_1_18' title="bbox 358 2094 1934 2194">
    <p class='ocr_par' dir='ltr' id='par_1_18' title="bbox 358 2094 1934 2194">
     <span class='ocr_line' id='line_1_18' title="bbox 358 2094 1934 2194; baseline 0.015 -44"><span class='ocrx_word' id='word_1_124' title='bbox 358 2094 515 2151; x_wconf 80' lang='grc' dir='ltr'>πάλαι</span> <span class='ocrx_word' id='word_1_125' title='bbox 537 2099 731 2169; x_wconf 74' lang='grc' dir='ltr'>τυφλοὶ</span> <span class='ocrx_word' id='word_1_126' title='bbox 761 2102 854 2155; x_wconf 75' lang='grc' dir='ltr'><strong>καὶ</strong></span> <span class='ocrx_word' id='word_1_127' title='bbox 877 2106 1071 2173; x_wconf 72' lang='grc' dir='ltr'>κωφοὶ,</span> <span class='ocrx_word' id='word_1_128' title='bbox 1104 2110 1448 2183; x_wconf 81' lang='grc' dir='ltr'>συνήχθησαν</span> <span class='ocrx_word' id='word_1_129' title='bbox 1471 2117 1551 2179; x_wconf 83' lang='grc' dir='ltr'>εἰς</span> <span class='ocrx_word' id='word_1_130' title='bbox 1573 2118 1672 2189; x_wconf 82' lang='grc' dir='ltr'>τὴν</span> <span class='ocrx_word' id='word_1_131' title='bbox 1706 2120 1934 2194; x_wconf 85' lang='grc' dir='ltr'>Ἐκκλη-</span> 
     </span>
    </p>
   </div>
   <div class='ocr_carea' id='block_1_19' title="bbox 363 2186 1931 2274">
    <p class='ocr_par' dir='ltr' id='par_1_19' title="bbox 363 2186 1931 2274">
     <span class='ocr_line' id='line_1_19' title="bbox 363 2186 1931 2274; baseline 0.018 -35"><span class='ocrx_word' id='word_1_132' title='bbox 363 2186 478 2242; x_wconf 82' lang='grc' dir='ltr'>σίαν</span> <span class='ocrx_word' id='word_1_133' title='bbox 503 2190 595 2242; x_wconf 90' lang='grc' dir='ltr'><strong>τοῦ</strong></span> <span class='ocrx_word' id='word_1_134' title='bbox 628 2191 766 2245; x_wconf 91' lang='grc' dir='ltr'>Θεοῦ</span> <span class='ocrx_word' id='word_1_135' title='bbox 787 2211 800 2223; x_wconf 89' lang='grc'><strong>·</strong></span> <span class='ocrx_word' id='word_1_136' title='bbox 835 2195 934 2267; x_wconf 84' lang='grc' dir='ltr'><strong>ήδη</strong></span> <span class='ocrx_word' id='word_1_137' title='bbox 958 2197 1014 2250; x_wconf 85' lang='grc' dir='ltr'><strong>δὲ</strong></span> <span class='ocrx_word' id='word_1_138' title='bbox 1046 2201 1141 2254; x_wconf 82' lang='grc' dir='ltr'><strong>καὶ</strong></span> <span class='ocrx_word' id='word_1_139' title='bbox 1185 2203 1446 2274; x_wconf 81' lang='grc' dir='ltr'>ἄρχοντες</span> <span class='ocrx_word' id='word_1_140' title='bbox 1493 2206 1551 2272; x_wconf 78' lang='grc' dir='ltr'><strong>ἐξ</strong></span> <span class='ocrx_word' id='word_1_141' title='bbox 1583 2186 1763 2265; x_wconf 80' lang='grc' dir='ltr'>αύτῶν</span> <span class='ocrx_word' id='word_1_142' title='bbox 1804 2186 1931 2267; x_wconf 41' lang='grc' dir='ltr'>τού--</span> 
     </span>
    </p>
   </div>
   <div class='ocr_carea' id='block_1_20' title="bbox 363 2281 1889 2373">
    <p class='ocr_par' dir='ltr' id='par_1_20' title="bbox 363 2281 1889 2373">
     <span class='ocr_line' id='line_1_20' title="bbox 363 2281 1889 2373; baseline 0.019 -44"><span class='ocrx_word' id='word_1_143' title='bbox 363 2292 465 2331; x_wconf 78' lang='grc' dir='ltr'><strong>των</strong></span> <span class='ocrx_word' id='word_1_144' title='bbox 497 2281 599 2334; x_wconf 82' lang='grc' dir='ltr'>τῶν</span> <span class='ocrx_word' id='word_1_145' title='bbox 628 2282 800 2338; x_wconf 81' lang='grc' dir='ltr'>ἐθνῶν</span> <span class='ocrx_word' id='word_1_146' title='bbox 835 2288 927 2340; x_wconf 77' lang='grc' dir='ltr'>ἐπὶ</span> <span class='ocrx_word' id='word_1_147' title='bbox 955 2288 1045 2343; x_wconf 83' lang='grc' dir='ltr'><strong>τὸν</strong></span> <span class='ocrx_word' id='word_1_148' title='bbox 1078 2290 1202 2344; x_wconf 89' lang='grc' dir='ltr'>λαὸν</span> <span class='ocrx_word' id='word_1_149' title='bbox 1232 2293 1326 2346; x_wconf 86' lang='grc' dir='ltr'><strong>τοῦ</strong></span> <span class='ocrx_word' id='word_1_150' title='bbox 1362 2295 1495 2349; x_wconf 87' lang='grc' dir='ltr'>Θεοῦ</span> <span class='ocrx_word' id='word_1_151' title='bbox 1534 2301 1889 2373; x_wconf 83' lang='grc' dir='ltr'>κατέστησαν,</span> 
     </span>
    </p>
   </div>
   <div class='ocr_carea' id='block_1_21' title="bbox 440 2374 1930 2466">
    <p class='ocr_par' dir='ltr' id='par_1_21' title="bbox 440 2374 1930 2466">
     <span class='ocr_line' id='line_1_21' title="bbox 440 2374 1930 2466; baseline 0.019 -44"><span class='ocrx_word' id='word_1_152' title='bbox 440 2391 457 2420; x_wconf 76' lang='grc' dir='ltr'><strong>ι</strong></span> <span class='ocrx_word' id='word_1_153' title='bbox 487 2374 578 2436; x_wconf 80' lang='grc' dir='ltr'>Τίς</span> <span class='ocrx_word' id='word_1_154' title='bbox 609 2377 897 2446; x_wconf 84' lang='grc' dir='ltr'>ἀναγγελεῖ</span> <span class='ocrx_word' id='word_1_155' title='bbox 937 2383 1148 2449; x_wconf 83' lang='grc' dir='ltr'>ταῦτα;</span> <span class='ocrx_word' id='word_1_156' title='bbox 1186 2386 1218 2455; x_wconf 83' lang='grc' dir='ltr'>ἢ</span> <span class='ocrx_word' id='word_1_157' title='bbox 1254 2387 1320 2440; x_wconf 84' lang='grc' dir='ltr'>τὰ</span> <span class='ocrx_word' id='word_1_158' title='bbox 1352 2388 1411 2453; x_wconf 79' lang='grc' dir='ltr'>ἐξ</span> <span class='ocrx_word' id='word_1_159' title='bbox 1444 2392 1619 2461; x_wconf 81' lang='grc' dir='ltr'>ἀρχῆς</span> <span class='ocrx_word' id='word_1_160' title='bbox 1650 2393 1734 2458; x_wconf 87' lang='grc' dir='ltr'><strong>τίς</strong></span> <span class='ocrx_word' id='word_1_161' title='bbox 1762 2396 1930 2466; x_wconf 83' lang='grc' dir='ltr'>ἀναγ-</span> 
     </span>
    </p>
   </div>
   <div class='ocr_carea' id='block_1_22' title="bbox 364 2457 1927 2551">
    <p class='ocr_par' dir='ltr' id='par_1_22' title="bbox 364 2457 1927 2551">
     <span class='ocr_line' id='line_1_22' title="bbox 364 2457 1927 2551; baseline 0.021 -43"><span class='ocrx_word' id='word_1_162' title='bbox 364 2457 505 2524; x_wconf 70' lang='grc' dir='ltr'>γελεῖ</span> <span class='ocrx_word' id='word_1_163' title='bbox 527 2462 678 2531; x_wconf 82' lang='grc' dir='ltr'>ύμῐν;</span> <span class='ocrx_word' id='word_1_164' title='bbox 726 2465 1105 2536; x_wconf 82' lang='grc' dir='ltr'>Ἀγαγέτωσαν</span> <span class='ocrx_word' id='word_1_165' title='bbox 1136 2475 1265 2538; x_wconf 86' lang='grc' dir='ltr'>τοὺς</span> <span class='ocrx_word' id='word_1_166' title='bbox 1295 2457 1586 2551; x_wconf 36' lang='grc' dir='ltr'>μάρτυρας-</span> <span class='ocrx_word' id='word_1_167' title='bbox 1606 2457 1806 2551; x_wconf 66' lang='grc' dir='ltr'>αὐτῶν,</span> <span class='ocrx_word' id='word_1_168' title='bbox 1833 2457 1927 2541; x_wconf 77' lang='grc' dir='ltr'>καὶ</span> 
     </span>
    </p>
   </div>
   <div class='ocr_carea' id='block_1_23' title="bbox 359 2546 1927 2634">
    <p class='ocr_par' dir='ltr' id='par_1_23' title="bbox 359 2546 1927 2634">
     <span class='ocr_line' id='line_1_23' title="bbox 359 2546 1927 2634; baseline 0.022 -35"><span class='ocrx_word' id='word_1_169' title='bbox 359 2546 807 2623; x_wconf 82' lang='grc' dir='ltr'>δικαιωθήτωσαν,</span> <span class='ocrx_word' id='word_1_170' title='bbox 855 2560 949 2611; x_wconf 74' lang='grc' dir='ltr'><strong>καὶ</strong></span> <span class='ocrx_word' id='word_1_171' title='bbox 1005 2563 1416 2631; x_wconf 85' lang='grc' dir='ltr'>ἀκουσάτωσαν,</span> <span class='ocrx_word' id='word_1_172' title='bbox 1470 2571 1561 2623; x_wconf 79' lang='grc' dir='ltr'><strong>καὶ</strong></span> <span class='ocrx_word' id='word_1_173' title='bbox 1617 2575 1927 2634; x_wconf 72' lang='grc' dir='ltr'>εἰπάτωσαν</span> 
     </span>
    </p>
   </div>
   <div class='ocr_carea' id='block_1_24' title="bbox 353 2639 1926 2735">
    <p class='ocr_par' dir='ltr' id='par_1_24' title="bbox 353 2639 1926 2735">
     <span class='ocr_line' id='line_1_24' title="bbox 353 2639 1926 2735; baseline 0.022 -45"><span class='ocrx_word' id='word_1_174' title='bbox 353 2639 542 2711; x_wconf 68' lang='grc' dir='ltr'>ἀληθῆ.</span> <span class='ocrx_word' id='word_1_175' title='bbox 571 2644 798 2699; x_wconf 86' lang='grc' dir='ltr'>Γένεσθέ</span> <span class='ocrx_word' id='word_1_176' title='bbox 824 2666 915 2719; x_wconf 89' lang='grc' dir='ltr'><strong>μοι</strong></span> <span class='ocrx_word' id='word_1_177' title='bbox 952 2652 1251 2726; x_wconf 86' lang='grc' dir='ltr'>μάρτυρες,</span> <span class='ocrx_word' id='word_1_178' title='bbox 1285 2660 1378 2711; x_wconf 78' lang='grc' dir='ltr'><strong>καὶ</strong></span> <span class='ocrx_word' id='word_1_179' title='bbox 1404 2661 1515 2729; x_wconf 80' lang='grc' dir='ltr'>ἐγὼ</span> <span class='ocrx_word' id='word_1_180' title='bbox 1563 2664 1795 2735; x_wconf 86' lang='grc' dir='ltr'>μάρτυς,</span> <span class='ocrx_word' id='word_1_181' title='bbox 1839 2670 1926 2724; x_wconf 84' lang='grc' dir='ltr'>λέ-</span> 
     </span>
    </p>
   </div>
   <div class='ocr_carea' id='block_1_25' title="bbox 350 2732 1917 2830">
    <p class='ocr_par' dir='ltr' id='par_1_25' title="bbox 350 2732 1917 2830">
     <span class='ocr_line' id='line_1_25' title="bbox 350 2732 1917 2830; baseline 0.02 -49"><span class='ocrx_word' id='word_1_182' title='bbox 350 2744 429 2800; x_wconf 81' lang='grc' dir='ltr'><strong>γει</strong></span> <span class='ocrx_word' id='word_1_183' title='bbox 457 2732 663 2805; x_wconf 86' lang='grc' dir='ltr'>Κύριος</span> <span class='ocrx_word' id='word_1_184' title='bbox 688 2738 716 2788; x_wconf 97' lang='lat'><strong>6</strong></span> <span class='ocrx_word' id='word_1_185' title='bbox 741 2737 895 2802; x_wconf 90' lang='grc' dir='ltr'>Θεὸς,</span> <span class='ocrx_word' id='word_1_186' title='bbox 929 2744 1023 2796; x_wconf 82' lang='grc' dir='ltr'>καὶ</span> <span class='ocrx_word' id='word_1_187' title='bbox 1055 2746 1084 2797; x_wconf 91' lang='lat'><strong>6</strong></span> <span class='ocrx_word' id='word_1_188' title='bbox 1118 2748 1245 2810; x_wconf 86' lang='grc' dir='ltr'>παῖς</span> <span class='ocrx_word' id='word_1_189' title='bbox 1273 2765 1401 2819; x_wconf 85' lang='grc' dir='ltr'>μου,</span> <span class='ocrx_word' id='word_1_190' title='bbox 1422 2750 1480 2803; x_wconf 81' lang='grc' dir='ltr'>ὃν</span> <span class='ocrx_word' id='word_1_191' title='bbox 1506 2732 1859 2830; x_wconf 76' lang='grc' dir='ltr'>ἐξελεξάμην.</span> <span class='ocrx_word' id='word_1_192' title='bbox 1898 2781 1917 2813; x_wconf 76' lang='grc' dir='ltr'><strong>ι</strong></span> 
     </span>
    </p>
   </div>
   <div class='ocr_carea' id='block_1_26' title="bbox 358 2822 1922 2919">
    <p class='ocr_par' dir='ltr' id='par_1_26' title="bbox 358 2822 1922 2919">
     <span class='ocr_line' id='line_1_26' title="bbox 358 2822 1922 2919; baseline 0.02 -44"><span class='ocrx_word' id='word_1_193' title='bbox 358 2822 566 2897; x_wconf 69' lang='grc' dir='ltr'><strong>⁴Εἰιιιειδὴ</strong></span> <span class='ocrx_word' id='word_1_194' title='bbox 594 2829 748 2897; x_wconf 87' lang='grc' dir='ltr'>κάγὼ</span> <span class='ocrx_word' id='word_1_195' title='bbox 776 2833 804 2884; x_wconf 97' lang='lat'><strong>6</strong></span> <span class='ocrx_word' id='word_1_196' title='bbox 839 2832 973 2897; x_wconf 86' lang='grc' dir='ltr'>Θεὸς</span> <span class='ocrx_word' id='word_1_197' title='bbox 1013 2837 1222 2907; x_wconf 79' lang='grc' dir='ltr'>μάρτυς</span> <span class='ocrx_word' id='word_1_198' title='bbox 1269 2842 1447 2897; x_wconf 83' lang='grc' dir='ltr'>αὐτῶν</span> <span class='ocrx_word' id='word_1_199' title='bbox 1483 2822 1806 2919; x_wconf 65' lang='grc' dir='ltr'>γενήσομαι,</span> <span class='ocrx_word' id='word_1_200' title='bbox 1828 2854 1922 2907; x_wconf 77' lang='grc' dir='ltr'><strong>καὶ</strong></span> 
     </span>
    </p>
   </div>
   <div class='ocr_carea' id='block_1_27' title="bbox 337 2912 1917 3009">
    <p class='ocr_par' dir='ltr' id='par_1_27' title="bbox 337 2912 1917 3009">
     <span class='ocr_line' id='line_1_27' title="bbox 337 2912 1917 3009; baseline 0.02 -45"><span class='ocrx_word' id='word_1_201' title='bbox 337 2912 366 2964; x_wconf 92' lang='lat'><strong>6</strong></span> <span class='ocrx_word' id='word_1_202' title='bbox 393 2917 523 2979; x_wconf 84' lang='grc' dir='ltr'>παῖς</span> <span class='ocrx_word' id='word_1_203' title='bbox 560 2935 662 2987; x_wconf 91' lang='grc' dir='ltr'><strong>μου</strong></span> <span class='ocrx_word' id='word_1_204' title='bbox 689 2919 745 2974; x_wconf 76' lang='grc' dir='ltr'>ὃν</span> <span class='ocrx_word' id='word_1_205' title='bbox 776 2921 1105 2997; x_wconf 78' lang='grc' dir='ltr'>ἐξελεξάμην</span> <span class='ocrx_word' id='word_1_206' title='bbox 1132 2946 1143 2956; x_wconf 94' lang='grc'><strong>·</strong></span> <span class='ocrx_word' id='word_1_207' title='bbox 1179 2930 1308 3002; x_wconf 78' lang='grc' dir='ltr'>περὶ</span> <span class='ocrx_word' id='word_1_208' title='bbox 1336 2927 1396 2987; x_wconf 78' lang='grc' dir='ltr'>οὗ</span> <span class='ocrx_word' id='word_1_209' title='bbox 1417 2912 1882 3009; x_wconf 60' lang='grc' dir='ltr'>ἀνωτέρωέλεγεν</span> <span class='ocrx_word' id='word_1_210' title='bbox 1902 2961 1917 2974; x_wconf 90' lang='grc'><strong>·</strong></span> 
     </span>
    </p>
   </div>
   <div class='ocr_carea' id='block_1_28' title="bbox 339 3006 1919 3103">
    <p class='ocr_par' dir='ltr' id='par_1_28' title="bbox 339 3006 1919 3103">
     <span class='ocr_line' id='line_1_28' title="bbox 339 3006 1919 3103; baseline 0.02 -47"><span class='ocrx_word' id='word_1_211' title='bbox 339 3021 359 3055; x_wconf 67' lang='grc' dir='ltr'><strong>ι</strong></span> <span class='ocrx_word' id='word_1_212' title='bbox 401 3006 535 3061; x_wconf 77' lang='grc' dir='ltr'>Ἰδοὺ</span> <span class='ocrx_word' id='word_1_213' title='bbox 565 3010 594 3061; x_wconf 92' lang='lat'><strong>6</strong></span> <span class='ocrx_word' id='word_1_214' title='bbox 616 3013 744 3074; x_wconf 91' lang='grc' dir='ltr'>παῖς</span> <span class='ocrx_word' id='word_1_215' title='bbox 768 3030 888 3084; x_wconf 86' lang='grc' dir='ltr'>μου,</span> <span class='ocrx_word' id='word_1_216' title='bbox 919 3016 976 3069; x_wconf 82' lang='grc' dir='ltr'>ὃν</span> <span class='ocrx_word' id='word_1_217' title='bbox 1005 3019 1254 3089; x_wconf 82' lang='grc' dir='ltr'>ᾑρέτισα,</span> <span class='ocrx_word' id='word_1_218' title='bbox 1277 3024 1304 3075; x_wconf 94' lang='lat'><strong>6</strong></span> <span class='ocrx_word' id='word_1_219' title='bbox 1326 3024 1578 3091; x_wconf 79' lang='grc' dir='ltr'>ἐκλεκτός</span> <span class='ocrx_word' id='word_1_220' title='bbox 1602 3006 1725 3099; x_wconf 83' lang='grc' dir='ltr'>μου,</span> <span class='ocrx_word' id='word_1_221' title='bbox 1751 3006 1919 3103; x_wconf 85' lang='grc' dir='ltr'>προσ-</span> 
     </span>
    </p>
   </div>
   <div class='ocr_carea' id='block_1_29' title="bbox 330 3095 1917 3187">
    <p class='ocr_par' dir='ltr' id='par_1_29' title="bbox 330 3095 1917 3187">
     <span class='ocr_line' id='line_1_29' title="bbox 330 3095 1917 3187; baseline 0.02 -39"><span class='ocrx_word' id='word_1_222' title='bbox 330 3095 553 3162; x_wconf 72' lang='grc' dir='ltr'>εδέξςιτο</span> <span class='ocrx_word' id='word_1_223' title='bbox 603 3102 768 3155; x_wconf 80' lang='grc' dir='ltr'>αὑτὸν</span> <span class='ocrx_word' id='word_1_224' title='bbox 886 3106 1028 3180; x_wconf 75' lang='grc' dir='ltr'>ψυχή</span> <span class='ocrx_word' id='word_1_225' title='bbox 1060 3128 1184 3181; x_wconf 87' lang='grc' dir='ltr'>μου.</span> <span class='ocrx_word' id='word_1_226' title='bbox 1216 3132 1234 3164; x_wconf 72' lang='grc' dir='ltr'><strong>ι</strong></span> <span class='ocrx_word' id='word_1_227' title='bbox 1283 3115 1423 3183; x_wconf 84' lang='grc' dir='ltr'>Ἐγὼ</span> <span class='ocrx_word' id='word_1_228' title='bbox 1467 3095 1645 3174; x_wconf 78' lang='grc' dir='ltr'>τοίνυν</span> <span class='ocrx_word' id='word_1_229' title='bbox 1676 3095 1835 3187; x_wconf 72' lang='grc' dir='ltr'>αὐτὸς</span> <span class='ocrx_word' id='word_1_230' title='bbox 1888 3128 1917 3179; x_wconf 87' lang='lat'><strong>6</strong></span> 
     </span>
    </p>
   </div>
   <div class='ocr_carea' id='block_1_30' title="bbox 328 3281 1914 3372">
    <p class='ocr_par' dir='ltr' id='par_1_30' title="bbox 328 3281 1914 3372">
     <span class='ocr_line' id='line_1_30' title="bbox 328 3281 1914 3372; baseline 0.019 -43"><span class='ocrx_word' id='word_1_231' title='bbox 328 3281 429 3343; x_wconf 88' lang='grc' dir='ltr'>τοῖς</span> <span class='ocrx_word' id='word_1_232' title='bbox 455 3283 623 3351; x_wconf 78' lang='grc' dir='ltr'>ἐμοῖς</span> <span class='ocrx_word' id='word_1_233' title='bbox 655 3284 887 3355; x_wconf 85' lang='grc' dir='ltr'>μάρτυσι</span> <span class='ocrx_word' id='word_1_234' title='bbox 910 3305 923 3319; x_wconf 73' lang='grc' dir='ltr'><strong>ο</strong></span> <span class='ocrx_word' id='word_1_235' title='bbox 963 3289 991 3342; x_wconf 80' lang='grc' dir='ltr'><strong>ὃ</strong></span> <span class='ocrx_word' id='word_1_236' title='bbox 1023 3290 1087 3363; x_wconf 81' lang='grc' dir='ltr'><strong>δὴ</strong></span> <span class='ocrx_word' id='word_1_237' title='bbox 1114 3294 1209 3347; x_wconf 80' lang='grc' dir='ltr'>καὶ</span> <span class='ocrx_word' id='word_1_238' title='bbox 1235 3296 1467 3369; x_wconf 82' lang='grc' dir='ltr'>ὁΣωτὴρ</span> <span class='ocrx_word' id='word_1_239' title='bbox 1488 3300 1546 3352; x_wconf 82' lang='grc' dir='ltr'>ὲν</span> <span class='ocrx_word' id='word_1_240' title='bbox 1563 3281 1914 3372; x_wconf 78' lang='grc' dir='ltr'>Εὐαγγέλίοις</span> 
     </span>
    </p>
   </div>
   <div class='ocr_carea' id='block_1_31' title="bbox 328 3367 1913 3467">
    <p class='ocr_par' dir='ltr' id='par_1_31' title="bbox 328 3367 1913 3467">
     <span class='ocr_line' id='line_1_31' title="bbox 328 3367 1913 3467; baseline 0.019 -46"><span class='ocrx_word' id='word_1_241' title='bbox 328 3367 524 3441; x_wconf 70' lang='grc' dir='ltr'>ἐδήλου</span> <span class='ocrx_word' id='word_1_242' title='bbox 558 3373 733 3443; x_wconf 88' lang='grc' dir='ltr'>λέγων</span> <span class='ocrx_word' id='word_1_243' title='bbox 753 3394 766 3407; x_wconf 90' lang='grc'><strong>·</strong></span> <span class='ocrx_word' id='word_1_244' title='bbox 803 3395 821 3428; x_wconf 74' lang='grc' dir='ltr'><strong>ι</strong></span> <span class='ocrx_word' id='word_1_245' title='bbox 852 3380 948 3443; x_wconf 85' lang='grc' dir='ltr'>Ὃς</span> <span class='ocrx_word' id='word_1_246' title='bbox 980 3380 1074 3434; x_wconf 82' lang='grc' dir='ltr'>ἐὰν</span> <span class='ocrx_word' id='word_1_247' title='bbox 1104 3384 1416 3461; x_wconf 75' lang='grc' dir='ltr'>ὁμολογήσῃ</span> <span class='ocrx_word' id='word_1_248' title='bbox 1441 3367 1507 3443; x_wconf 14' lang='grc' dir='ltr'><strong>ήὲν</strong></span> <span class='ocrx_word' id='word_1_249' title='bbox 1539 3391 1663 3461; x_wconf 81' lang='grc' dir='ltr'>ἐμοὶ</span> <span class='ocrx_word' id='word_1_250' title='bbox 1689 3367 1913 3467; x_wconf 37' lang='grc' dir='ltr'>-έμπροζ</span> 
     </span>
    </p>
   </div>
   <div class='ocr_carea' id='block_1_32' title="bbox 325 3460 1911 3560">
    <p class='ocr_par' dir='ltr' id='par_1_32' title="bbox 325 3460 1911 3560">
     <span class='ocr_line' id='line_1_32' title="bbox 325 3460 1911 3560; baseline 0.018 -46"><span class='ocrx_word' id='word_1_251' title='bbox 325 3460 445 3517; x_wconf 84' lang='grc' dir='ltr'>σθεν</span> <span class='ocrx_word' id='word_1_252' title='bbox 494 3464 600 3520; x_wconf 81' lang='grc' dir='ltr'>τῶν</span> <span class='ocrx_word' id='word_1_253' title='bbox 627 3467 946 3540; x_wconf 84' lang='grc' dir='ltr'>ἀνθρώπων,</span> <span class='ocrx_word' id='word_1_254' title='bbox 974 3474 1293 3548; x_wconf 79' lang='grc' dir='ltr'>ὁμολογήσω</span> <span class='ocrx_word' id='word_1_255' title='bbox 1333 3460 1489 3549; x_wconf 82' lang='grc' dir='ltr'>κάγὼ</span> <span class='ocrx_word' id='word_1_256' title='bbox 1519 3460 1583 3539; x_wconf 81' lang='grc' dir='ltr'>ὲν</span> <span class='ocrx_word' id='word_1_257' title='bbox 1619 3460 1767 3558; x_wconf 78' lang='grc' dir='ltr'>αὐτῷ</span> <span class='ocrx_word' id='word_1_258' title='bbox 1810 3460 1911 3560; x_wconf 76' lang='grc' dir='ltr'>έμ-</span> 
     </span>
    </p>
   </div>
   <div class='ocr_carea' id='block_1_33' title="bbox 327 3554 1910 3647">
    <p class='ocr_par' dir='ltr' id='par_1_33' title="bbox 327 3554 1910 3647">
     <span class='ocr_line' id='line_1_33' title="bbox 327 3554 1910 3647; baseline 0.02 -43"><span class='ocrx_word' id='word_1_259' title='bbox 327 3554 570 3623; x_wconf 85' lang='grc' dir='ltr'>προσθεν</span> <span class='ocrx_word' id='word_1_260' title='bbox 602 3558 697 3610; x_wconf 90' lang='grc' dir='ltr'><strong>τοῦ</strong></span> <span class='ocrx_word' id='word_1_261' title='bbox 726 3560 938 3631; x_wconf 84' lang='grc' dir='ltr'>Πατρός</span> <span class='ocrx_word' id='word_1_262' title='bbox 976 3583 1077 3636; x_wconf 85' lang='grc' dir='ltr'><strong>μου</strong></span> <span class='ocrx_word' id='word_1_263' title='bbox 1106 3568 1201 3621; x_wconf 92' lang='grc' dir='ltr'><strong>τοῦ</strong></span> <span class='ocrx_word' id='word_1_264' title='bbox 1237 3571 1295 3623; x_wconf 80' lang='grc' dir='ltr'>ἐν</span> <span class='ocrx_word' id='word_1_265' title='bbox 1331 3575 1445 3637; x_wconf 88' lang='grc' dir='ltr'>τοῖς</span> <span class='ocrx_word' id='word_1_266' title='bbox 1484 3554 1752 3647; x_wconf 49' lang='grc' dir='ltr'>οὐρανοῖς,</span> <span class='ocrx_word' id='word_1_267' title='bbox 1793 3554 1910 3635; x_wconf 77' lang='grc' dir='ltr'>Ἵνα</span> 
     </span>
    </p>
   </div>
   <div class='ocr_carea' id='block_1_34' title="bbox 322 3644 1905 3743">
    <p class='ocr_par' dir='ltr' id='par_1_34' title="bbox 322 3644 1905 3743">
     <span class='ocr_line' id='line_1_34' title="bbox 322 3644 1905 3743; baseline 0.02 -48"><span class='ocrx_word' id='word_1_268' title='bbox 322 3644 501 3710; x_wconf 81' lang='grc' dir='ltr'>γνῶτε</span> <span class='ocrx_word' id='word_1_269' title='bbox 549 3649 643 3701; x_wconf 79' lang='grc' dir='ltr'><strong>καὶ</strong></span> <span class='ocrx_word' id='word_1_270' title='bbox 691 3652 1040 3726; x_wconf 81' lang='grc' dir='ltr'>πιστεύσητε,</span> <span class='ocrx_word' id='word_1_271' title='bbox 1094 3659 1189 3712; x_wconf 82' lang='grc' dir='ltr'><strong>καὶ</strong></span> <span class='ocrx_word' id='word_1_272' title='bbox 1230 3663 1446 3733; x_wconf 85' lang='grc' dir='ltr'>συνῆτε,</span> <span class='ocrx_word' id='word_1_273' title='bbox 1496 3667 1579 3719; x_wconf 83' lang='grc' dir='ltr'><strong>ὅτι</strong></span> <span class='ocrx_word' id='word_1_274' title='bbox 1629 3669 1741 3738; x_wconf 77' lang='grc' dir='ltr'>ἐγώ</span> <span class='ocrx_word' id='word_1_275' title='bbox 1769 3673 1905 3743; x_wconf 77' lang='grc' dir='ltr'>εἰμι.</span> 
     </span>
    </p>
   </div>
   <div class='ocr_carea' id='block_1_35' title="bbox 386 3739 1904 3835">
    <p class='ocr_par' dir='ltr' id='par_1_35' title="bbox 386 3739 1904 3835">
     <span class='ocr_line' id='line_1_35' title="bbox 386 3739 1904 3835; baseline 0.019 -46"><span class='ocrx_word' id='word_1_276' title='bbox 386 3757 404 3789; x_wconf 78' lang='grc' dir='ltr'><strong>ι</strong></span> <span class='ocrx_word' id='word_1_277' title='bbox 447 3739 799 3813; x_wconf 86' lang='grc' dir='ltr'>Ἔμπροσθέν</span> <span class='ocrx_word' id='word_1_278' title='bbox 831 3764 933 3816; x_wconf 91' lang='grc' dir='ltr'><strong>μου</strong></span> <span class='ocrx_word' id='word_1_279' title='bbox 963 3749 1062 3803; x_wconf 79' lang='grc' dir='ltr'><strong>οὐκ</strong></span> <span class='ocrx_word' id='word_1_280' title='bbox 1078 3752 1293 3820; x_wconf 77' lang='grc' dir='ltr'>ἐγένετο</span> <span class='ocrx_word' id='word_1_281' title='bbox 1313 3755 1472 3822; x_wconf 82' lang='grc' dir='ltr'>ἄλλος</span> <span class='ocrx_word' id='word_1_282' title='bbox 1498 3760 1648 3825; x_wconf 84' lang='grc' dir='ltr'>Θεὸς,</span> <span class='ocrx_word' id='word_1_283' title='bbox 1676 3763 1767 3816; x_wconf 77' lang='grc' dir='ltr'><strong>καὶ</strong></span> <span class='ocrx_word' id='word_1_284' title='bbox 1788 3739 1904 3835; x_wconf 78' lang='grc' dir='ltr'>μετ’</span> 
     </span>
    </p>
   </div>
   <div class='ocr_carea' id='block_1_36' title="bbox 322 3825 1902 3926">
    <p class='ocr_par' dir='ltr' id='par_1_36' title="bbox 322 3825 1902 3926">
     <span class='ocr_line' id='line_1_36' title="bbox 322 3825 1902 3926; baseline 0.02 -49"><span class='ocrx_word' id='word_1_285' title='bbox 322 3825 421 3897; x_wconf 72' lang='grc' dir='ltr'><strong>ἐμὲ</strong></span> <span class='ocrx_word' id='word_1_286' title='bbox 450 3831 551 3885; x_wconf 88' lang='grc' dir='ltr'><strong>ούκ</strong></span> <span class='ocrx_word' id='word_1_287' title='bbox 584 3832 716 3886; x_wconf 79' lang='grc' dir='ltr'>ἔστι.</span> <span class='ocrx_word' id='word_1_288' title='bbox 740 3854 759 3885; x_wconf 74' lang='grc' dir='ltr'><strong>ι</strong></span> <span class='ocrx_word' id='word_1_289' title='bbox 794 3836 866 3888; x_wconf 90' lang='grc' dir='ltr'>Τὸ</span> <span class='ocrx_word' id='word_1_290' title='bbox 896 3838 1005 3911; x_wconf 82' lang='grc' dir='ltr'>γὰρ</span> <span class='ocrx_word' id='word_1_291' title='bbox 1026 3842 1197 3896; x_wconf 79' lang='grc' dir='ltr'>αἴτιον</span> <span class='ocrx_word' id='word_1_292' title='bbox 1222 3846 1324 3916; x_wconf 84' lang='grc' dir='ltr'>τῆς</span> <span class='ocrx_word' id='word_1_293' title='bbox 1346 3848 1442 3901; x_wconf 87' lang='grc' dir='ltr'><strong>τοῦ</strong></span> <span class='ocrx_word' id='word_1_294' title='bbox 1471 3852 1707 3921; x_wconf 80' lang='grc' dir='ltr'>Χριστοῦ</span> <span class='ocrx_word' id='word_1_295' title='bbox 1751 3825 1902 3926; x_wconf 27' lang='grc' dir='ltr'>πηαρ-</span> 
     </span>
    </p>
   </div>
   <div class='ocr_carea' id='block_1_37' title="bbox 317 3920 1904 4006">
    <p class='ocr_par' dir='ltr' id='par_1_37' title="bbox 317 3920 1904 4006">
     <span class='ocr_line' id='line_1_37' title="bbox 317 3920 1904 4006; baseline 0.022 -39"><span class='ocrx_word' id='word_1_296' title='bbox 317 3920 509 3982; x_wconf 77' lang='grc' dir='ltr'>θυσίας</span> <span class='ocrx_word' id='word_1_297' title='bbox 537 3924 631 3974; x_wconf 77' lang='grc' dir='ltr'>καὶ</span> <span class='ocrx_word' id='word_1_298' title='bbox 665 3926 763 3995; x_wconf 86' lang='grc' dir='ltr'><strong>τῆς</strong></span> <span class='ocrx_word' id='word_1_299' title='bbox 796 3927 906 3980; x_wconf 83' lang='grc' dir='ltr'><strong>τῶν</strong></span> <span class='ocrx_word' id='word_1_300' title='bbox 954 3932 1273 3989; x_wconf 87' lang='grc' dir='ltr'>ἀποστόλων</span> <span class='ocrx_word' id='word_1_301' title='bbox 1308 3938 1473 3992; x_wconf 83' lang='grc' dir='ltr'>αὐτοῦ</span> <span class='ocrx_word' id='word_1_302' title='bbox 1504 3920 1584 4006; x_wconf 76' lang='grc' dir='ltr'><strong>εἰς</strong></span> <span class='ocrx_word' id='word_1_303' title='bbox 1632 3945 1810 4000; x_wconf 86' lang='grc' dir='ltr'>πάντα</span> <span class='ocrx_word' id='word_1_304' title='bbox 1834 3920 1904 4002; x_wconf 79' lang='grc' dir='ltr'><strong>τά</strong></span> 
     </span>
    </p>
   </div>
   <div class='ocr_carea' id='block_1_38' title="bbox 317 4006 1900 4109">
    <p class='ocr_par' dir='ltr' id='par_1_38' title="bbox 317 4006 1900 4109">
     <span class='ocr_line' id='line_1_38' title="bbox 317 4006 1900 4109; baseline 0.023 -52"><span class='ocrx_word' id='word_1_305' title='bbox 317 4006 451 4080; x_wconf 71' lang='grc' dir='ltr'>ἔθνη</span> <span class='ocrx_word' id='word_1_306' title='bbox 499 4016 798 4085; x_wconf 81' lang='grc' dir='ltr'>μαρτυρίας</span> <span class='ocrx_word' id='word_1_307' title='bbox 826 4018 976 4072; x_wconf 83' lang='grc' dir='ltr'>οὐδὲν</span> <span class='ocrx_word' id='word_1_308' title='bbox 1014 4022 1199 4094; x_wconf 77' lang='grc' dir='ltr'>ἕτερον</span> <span class='ocrx_word' id='word_1_309' title='bbox 1240 4021 1330 4097; x_wconf 82' lang='grc' dir='ltr'>ἦν,</span> <span class='ocrx_word' id='word_1_310' title='bbox 1361 4030 1394 4100; x_wconf 77' lang='grc' dir='ltr'>ἢ</span> <span class='ocrx_word' id='word_1_311' title='bbox 1431 4031 1492 4083; x_wconf 89' lang='grc' dir='ltr'><strong>τὸ</strong></span> <span class='ocrx_word' id='word_1_312' title='bbox 1530 4035 1761 4106; x_wconf 79' lang='grc' dir='ltr'>κηρῦξαι</span> <span class='ocrx_word' id='word_1_313' title='bbox 1802 4040 1900 4109; x_wconf 88' lang='grc' dir='ltr'><strong>τὴν</strong></span> 
     </span>
    </p>
   </div>
   <div class='ocr_carea' id='block_1_39' title="bbox 315 4098 1898 4203">
    <p class='ocr_par' dir='ltr' id='par_1_39' title="bbox 315 4098 1898 4203">
     <span class='ocr_line' id='line_1_39' title="bbox 315 4098 1898 4203; baseline 0.025 -56"><span class='ocrx_word' id='word_1_314' title='bbox 315 4098 418 4149; x_wconf 87' lang='grc' dir='ltr'><strong>τοῦ</strong></span> <span class='ocrx_word' id='word_1_315' title='bbox 449 4100 584 4154; x_wconf 79' lang='grc' dir='ltr'>Θεοῦ</span> <span class='ocrx_word' id='word_1_316' title='bbox 607 4105 825 4173; x_wconf 83' lang='grc' dir='ltr'>γνῶσιν,</span> <span class='ocrx_word' id='word_1_317' title='bbox 859 4111 951 4163; x_wconf 81' lang='grc' dir='ltr'>καὶ</span> <span class='ocrx_word' id='word_1_318' title='bbox 988 4112 1087 4185; x_wconf 82' lang='grc' dir='ltr'>τὴν</span> <span class='ocrx_word' id='word_1_319' title='bbox 1123 4118 1204 4180; x_wconf 85' lang='grc' dir='ltr'>εἰς</span> <span class='ocrx_word' id='word_1_320' title='bbox 1246 4121 1407 4177; x_wconf 82' lang='grc' dir='ltr'>αὑτὸν</span> <span class='ocrx_word' id='word_1_321' title='bbox 1440 4124 1642 4193; x_wconf 87' lang='grc' dir='ltr'>πίστιν,</span> <span class='ocrx_word' id='word_1_322' title='bbox 1679 4131 1774 4183; x_wconf 84' lang='grc' dir='ltr'>καὶ</span> <span class='ocrx_word' id='word_1_323' title='bbox 1801 4132 1898 4203; x_wconf 83' lang='grc' dir='ltr'>τὴν</span> 
     </span>
    </p>
   </div>
   <div class='ocr_carea' id='block_1_40' title="bbox 315 4193 1895 4280">
    <p class='ocr_par' dir='ltr' id='par_1_40' title="bbox 315 4193 1895 4280">
     <span class='ocr_line' id='line_1_40' title="bbox 315 4193 1895 4280; baseline 0.023 -40"><span class='ocrx_word' id='word_1_324' title='bbox 315 4193 451 4261; x_wconf 74' lang='grc' dir='ltr'>περὶ</span> <span class='ocrx_word' id='word_1_325' title='bbox 483 4195 646 4249; x_wconf 81' lang='grc' dir='ltr'>αὐτοῦ</span> <span class='ocrx_word' id='word_1_326' title='bbox 682 4199 894 4255; x_wconf 88' lang='grc' dir='ltr'>σύνεσιν</span> <span class='ocrx_word' id='word_1_327' title='bbox 944 4208 1053 4269; x_wconf 88' lang='grc' dir='ltr'>τοῖς</span> <span class='ocrx_word' id='word_1_328' title='bbox 1087 4210 1216 4280; x_wconf 76' lang='grc' dir='ltr'>πρὶν</span> <span class='ocrx_word' id='word_1_329' title='bbox 1261 4213 1558 4279; x_wconf 88' lang='grc' dir='ltr'>ἁσυνέτοις,</span> <span class='ocrx_word' id='word_1_330' title='bbox 1592 4221 1687 4273; x_wconf 78' lang='grc' dir='ltr'><strong>καὶ</strong></span> <span class='ocrx_word' id='word_1_331' title='bbox 1732 4223 1895 4276; x_wconf 86' lang='grc' dir='ltr'>ἀσυν-</span> 
     </span>
    </p>
   </div>
   <div class='ocr_carea' id='block_1_41' title="bbox 313 4279 1891 4376">
    <p class='ocr_par' dir='ltr' id='par_1_41' title="bbox 313 4279 1891 4376">
     <span class='ocr_line' id='line_1_41' title="bbox 313 4279 1891 4376; baseline 0.023 -44"><span class='ocrx_word' id='word_1_332' title='bbox 313 4279 513 4349; x_wconf 84' lang='grc' dir='ltr'>θέτοις,</span> <span class='ocrx_word' id='word_1_333' title='bbox 545 4288 639 4340; x_wconf 78' lang='grc' dir='ltr'>καὶ</span> <span class='ocrx_word' id='word_1_334' title='bbox 678 4290 946 4359; x_wconf 82' lang='grc' dir='ltr'>ἀπίστοις,</span> <span class='ocrx_word' id='word_1_335' title='bbox 990 4299 1084 4351; x_wconf 72' lang='grc' dir='ltr'><strong>καὶ</strong></span> <span class='ocrx_word' id='word_1_336' title='bbox 1120 4301 1178 4352; x_wconf 83' lang='grc' dir='ltr'>ὲν</span> <span class='ocrx_word' id='word_1_337' title='bbox 1210 4303 1455 4376; x_wconf 76' lang='grc' dir='ltr'>ἀγνωσία</span> <span class='ocrx_word' id='word_1_338' title='bbox 1494 4304 1642 4365; x_wconf 81' lang='grc' dir='ltr'>οὖσιν</span> <span class='ocrx_word' id='word_1_339' title='bbox 1688 4314 1850 4367; x_wconf 81' lang='grc' dir='ltr'>αὐτοῦ</span> <span class='ocrx_word' id='word_1_340' title='bbox 1879 4333 1891 4345; x_wconf 89' lang='grc'>·</span> 
     </span>
    </p>
   </div>
   <div class='ocr_carea' id='block_1_42' title="bbox 310 4371 1894 4474">
    <p class='ocr_par' dir='ltr' id='par_1_42' title="bbox 310 4371 1894 4474">
     <span class='ocr_line' id='line_1_42' title="bbox 310 4371 1894 4474; baseline 0.023 -50"><span class='ocrx_word' id='word_1_341' title='bbox 310 4371 388 4435; x_wconf 81' lang='grc' dir='ltr'>ὡς</span> <span class='ocrx_word' id='word_1_342' title='bbox 416 4375 504 4430; x_wconf 79' lang='grc' dir='ltr'>διά</span> <span class='ocrx_word' id='word_1_343' title='bbox 555 4379 712 4435; x_wconf 90' lang='grc' dir='ltr'>τοῦτο</span> <span class='ocrx_word' id='word_1_344' title='bbox 743 4385 1072 4453; x_wconf 83' lang='grc' dir='ltr'>τυφλώττειν</span> <span class='ocrx_word' id='word_1_345' title='bbox 1101 4395 1228 4457; x_wconf 84' lang='grc' dir='ltr'>τοὺς</span> <span class='ocrx_word' id='word_1_346' title='bbox 1265 4396 1366 4466; x_wconf 87' lang='grc' dir='ltr'>τῆς</span> <span class='ocrx_word' id='word_1_347' title='bbox 1416 4371 1653 4466; x_wconf 71' lang='grc' dir='ltr'>ὸιανοίας</span> <span class='ocrx_word' id='word_1_348' title='bbox 1696 4405 1894 4474; x_wconf 83' lang='grc' dir='ltr'>ὀφθαλ-</span> 
     </span>
    </p>
   </div>
   <div class='ocr_carea' id='block_1_43' title="bbox 315 4466 1892 4567">
    <p class='ocr_par' dir='ltr' id='par_1_43' title="bbox 315 4466 1892 4567">
     <span class='ocr_line' id='line_1_43' title="bbox 315 4466 1892 4567; baseline 0.022 -52"><span class='ocrx_word' id='word_1_349' title='bbox 315 4466 470 4530; x_wconf 82' lang='grc' dir='ltr'>μοὺς,</span> <span class='ocrx_word' id='word_1_350' title='bbox 508 4471 602 4523; x_wconf 78' lang='grc' dir='ltr'><strong>καὶ</strong></span> <span class='ocrx_word' id='word_1_351' title='bbox 625 4475 749 4545; x_wconf 80' lang='grc' dir='ltr'>περὶ</span> <span class='ocrx_word' id='word_1_352' title='bbox 773 4477 872 4547; x_wconf 88' lang='grc' dir='ltr'><strong>τὴν</strong></span> <span class='ocrx_word' id='word_1_353' title='bbox 898 4480 1105 4554; x_wconf 84' lang='grc' dir='ltr'>πλάνην</span> <span class='ocrx_word' id='word_1_354' title='bbox 1130 4485 1228 4556; x_wconf 86' lang='grc' dir='ltr'>τῆς</span> <span class='ocrx_word' id='word_1_355' title='bbox 1264 4486 1425 4543; x_wconf 83' lang='grc' dir='ltr'>ἀθέου</span> <span class='ocrx_word' id='word_1_356' title='bbox 1452 4466 1892 4567; x_wconf 80' lang='grc' dir='ltr'>εἰδωλολατρείας</span> 
     </span>
    </p>
   </div>
   <div class='ocr_carea' id='block_1_44' title="bbox 309 4555 1777 4657">
    <p class='ocr_par' dir='ltr' id='par_1_44' title="bbox 309 4555 1777 4657">
     <span class='ocr_line' id='line_1_44' title="bbox 309 4555 1777 4657; baseline 0.026 -51"><span class='ocrx_word' id='word_1_357' title='bbox 309 4555 585 4657; x_wconf 70' lang='grc' dir='ltr'>είλεῖσθαι.</span> <span class='ocrx_word' id='word_1_358' title='bbox 629 4582 647 4615; x_wconf 77' lang='grc' dir='ltr'><strong>ι</strong></span> <span class='ocrx_word' id='word_1_359' title='bbox 694 4567 833 4635; x_wconf 86' lang='grc' dir='ltr'><strong>Ἐγὼ</strong></span> <span class='ocrx_word' id='word_1_360' title='bbox 862 4573 889 4623; x_wconf 92' lang='lat'><strong>6</strong></span> <span class='ocrx_word' id='word_1_361' title='bbox 915 4573 1066 4638; x_wconf 89' lang='grc' dir='ltr'>Θεὸς,</span> <span class='ocrx_word' id='word_1_362' title='bbox 1116 4555 1208 4630; x_wconf 69' lang='grc' dir='ltr'>καῖ</span> <span class='ocrx_word' id='word_1_363' title='bbox 1233 4580 1333 4633; x_wconf 77' lang='grc' dir='ltr'>οὐκ</span> <span class='ocrx_word' id='word_1_364' title='bbox 1375 4582 1489 4636; x_wconf 76' lang='grc' dir='ltr'>ἐστι</span> <span class='ocrx_word' id='word_1_365' title='bbox 1532 4587 1706 4657; x_wconf 79' lang='grc' dir='ltr'>παρὲξ</span> <span class='ocrx_word' id='word_1_366' title='bbox 1743 4555 1777 4641; x_wconf 42' lang='grc' dir='ltr'><strong>ιὲ</strong></span> 
     </span>
    </p>
   </div>
   <div class='ocr_carea' id='block_1_45' title="bbox 311 4644 1881 4751">
    <p class='ocr_par' dir='ltr' id='par_1_45' title="bbox 311 4644 1881 4751">
     <span class='ocr_line' id='line_1_45' title="bbox 311 4644 1881 4751; baseline 0.025 -53"><span class='ocrx_word' id='word_1_367' title='bbox 311 4644 519 4751; x_wconf 58' lang='grc' dir='ltr'>ῗὼζων.</span> <span class='ocrx_word' id='word_1_368' title='bbox 545 4670 563 4703; x_wconf 73' lang='grc' dir='ltr'><strong>ι</strong></span> <span class='ocrx_word' id='word_1_369' title='bbox 584 4654 731 4719; x_wconf 85' lang='grc' dir='ltr'>Μιᾶς</span> <span class='ocrx_word' id='word_1_370' title='bbox 745 4658 851 4733; x_wconf 86' lang='grc' dir='ltr'><strong>γὰρ</strong></span> <span class='ocrx_word' id='word_1_371' title='bbox 878 4660 1043 4733; x_wconf 74' lang='grc' dir='ltr'>οὔσης</span> <span class='ocrx_word' id='word_1_372' title='bbox 1070 4667 1261 4739; x_wconf 83' lang='grc' dir='ltr'>ἀρχῆς,</span> <span class='ocrx_word' id='word_1_373' title='bbox 1284 4671 1381 4739; x_wconf 88' lang='grc' dir='ltr'><strong>μία</strong></span> <span class='ocrx_word' id='word_1_374' title='bbox 1410 4674 1493 4746; x_wconf 74' lang='grc' dir='ltr'>εἴη</span> <span class='ocrx_word' id='word_1_375' title='bbox 1527 4676 1594 4730; x_wconf 80' lang='grc' dir='ltr'>ἂν</span> <span class='ocrx_word' id='word_1_376' title='bbox 1673 4644 1881 4751; x_wconf 65' lang='grc' dir='ltr'>θεότης,</span> 
     </span>
    </p>
   </div>
   <div class='ocr_carea' id='block_1_46' title="bbox 308 4727 1881 4877">
    <p class='ocr_par' dir='ltr' id='par_1_46' title="bbox 308 4727 1881 4877">
     <span class='ocr_line' id='line_1_46' title="bbox 819 4727 1881 4751; baseline 0.012 -18"><span class='ocrx_word' id='word_1_377' title='bbox 819 4727 830 4733; x_wconf 86' lang='grc'><strong>-</strong></span> <span class='ocrx_word' id='word_1_378' title='bbox 999 4727 1010 4733; x_wconf 88' lang='grc'><strong>-</strong></span> <span class='ocrx_word' id='word_1_379' title='bbox 1110 4727 1296 4739; x_wconf 71' lang='grc' dir='ltr'><strong>,ηπ-ιι</strong></span> <span class='ocrx_word' id='word_1_380' title='bbox 1481 4727 1493 4746; x_wconf 79' lang='grc' dir='ltr'><strong>ι</strong></span> <span class='ocrx_word' id='word_1_381' title='bbox 1534 4727 1580 4730; x_wconf 54' lang='grc' dir='ltr'>τ’</span> <span class='ocrx_word' id='word_1_382' title='bbox 1639 4727 1881 4751; x_wconf 65' lang='grc' dir='ltr'><strong>ον’-ν·ιιτ</strong></span> 
     </span>
     <span class='ocr_line' id='line_1_47' title="bbox 309 4727 1881 4834; baseline 0.022 -42"><span class='ocrx_word' id='word_1_383' title='bbox 309 4727 344 4808; x_wconf 74' lang='grc' dir='ltr'>ᾖ</span> <span class='ocrx_word' id='word_1_384' title='bbox 370 4746 963 4818; x_wconf 81' lang='grc' dir='ltr'>συμπαραλαμϐάνεται</span> <span class='ocrx_word' id='word_1_385' title='bbox 1006 4758 1096 4807; x_wconf 73' lang='grc' dir='ltr'><strong>καὶ</strong></span> <span class='ocrx_word' id='word_1_386' title='bbox 1126 4759 1158 4827; x_wconf 87' lang='grc' dir='ltr'><strong>ή</strong></span> <span class='ocrx_word' id='word_1_387' title='bbox 1194 4761 1288 4813; x_wconf 90' lang='grc' dir='ltr'><strong>τοῦ</strong></span> <span class='ocrx_word' id='word_1_388' title='bbox 1333 4765 1670 4834; x_wconf 86' lang='grc' dir='ltr'>Μονογενοῦς</span> <span class='ocrx_word' id='word_1_389' title='bbox 1716 4771 1881 4825; x_wconf 85' lang='grc' dir='ltr'>αὑτοῦ</span> 
     </span>
     <span class='ocr_line' id='line_1_48' title="bbox 308 4823 553 4877; baseline 0 0"><span class='ocrx_word' id='word_1_390' title='bbox 308 4823 553 4877; x_wconf 74' lang='grc' dir='ltr'><strong>θεοληνῖη</strong></span> 
     </span>
    </p>
   </div>
   <div class='ocr_carea' id='block_1_47' title="bbox 341 4831 590 4908">
    <p class='ocr_par' dir='ltr' id='par_1_47' title="bbox 341 4831 590 4908">
     <span class='ocr_line' id='line_1_49' title="bbox 341 4831 590 4908; baseline 0.036 -28"><span class='ocrx_word' id='word_1_391' title='bbox 341 4831 555 4904; x_wconf 79' lang='grc' dir='ltr'>εολογία</span> <span class='ocrx_word' id='word_1_392' title='bbox 579 4892 590 4908; x_wconf 57' lang='grc'><em>,</em></span> 
     </span>
    </p>
   </div>
   <div class='ocr_carea' id='block_1_48' title="bbox 380 5030 1887 5121">
    <p class='ocr_par' dir='ltr' id='par_1_48' title="bbox 380 5030 1887 5121">
     <span class='ocr_line' id='line_1_50' title="bbox 380 5030 1887 5121; baseline 0.024 -40"><span class='ocrx_word' id='word_1_393' title='bbox 380 5047 400 5078; x_wconf 83' lang='grc'><em>‹</em></span> <span class='ocrx_word' id='word_1_394' title='bbox 442 5030 586 5101; x_wconf 86' lang='grc' dir='ltr'><strong>Ἐγὼ</strong></span> <span class='ocrx_word' id='word_1_395' title='bbox 632 5038 931 5109; x_wconf 85' lang='grc' dir='ltr'>ἀνήγγειλα</span> <span class='ocrx_word' id='word_1_396' title='bbox 974 5045 1069 5097; x_wconf 77' lang='grc' dir='ltr'><strong>καὶ</strong></span> <span class='ocrx_word' id='word_1_397' title='bbox 1101 5045 1308 5102; x_wconf 61' lang='grc' dir='ltr'>ἔσωσω</span> <span class='ocrx_word' id='word_1_398' title='bbox 1350 5052 1622 5121; x_wconf 81' lang='grc' dir='ltr'>ὠνείδισα,</span> <span class='ocrx_word' id='word_1_399' title='bbox 1654 5060 1750 5113; x_wconf 72' lang='grc' dir='ltr'>καὶ</span> <span class='ocrx_word' id='word_1_400' title='bbox 1783 5059 1887 5117; x_wconf 81' lang='grc' dir='ltr'>οὐκ</span> 
     </span>
    </p>
   </div>
   <div class='ocr_carea' id='block_1_49' title="bbox 300 5105 1885 5220">
    <p class='ocr_par' dir='ltr' id='par_1_49' title="bbox 300 5105 1885 5220">
     <span class='ocr_line' id='line_1_51' title="bbox 300 5105 1885 5220; baseline 0.023 -50"><span class='ocrx_word' id='word_1_401' title='bbox 300 5105 370 5220; x_wconf 58' lang='grc' dir='ltr'>ᾖν</span> <span class='ocrx_word' id='word_1_402' title='bbox 414 5122 475 5175; x_wconf 87' lang='grc' dir='ltr'>ὲν</span> <span class='ocrx_word' id='word_1_403' title='bbox 528 5125 655 5195; x_wconf 84' lang='grc' dir='ltr'>ὑμῖν</span> <span class='ocrx_word' id='word_1_404' title='bbox 691 5105 985 5204; x_wconf 56' lang='grc' dir='ltr'>ἀλλότριος.</span> <span class='ocrx_word' id='word_1_405' title='bbox 1046 5136 1236 5208; x_wconf 86' lang='grc' dir='ltr'>Ὑμεῖς</span> <span class='ocrx_word' id='word_1_406' title='bbox 1279 5141 1402 5212; x_wconf 80' lang='grc' dir='ltr'>ἐμοὶ</span> 
     </span>
    </p>
   </div>
   <div class='ocr_carea' id='block_1_50' title="bbox 304 5206 1873 5305">
    <p class='ocr_par' dir='ltr' id='par_1_50' title="bbox 304 5206 1873 5305">
     <span class='ocr_line' id='line_1_52' title="bbox 304 5206 1873 5305; baseline 0.025 -45"><span class='ocrx_word' id='word_1_407' title='bbox 304 5206 413 5276; x_wconf 75' lang='grc' dir='ltr'><strong>ἐγὼ</strong></span> <span class='ocrx_word' id='word_1_408' title='bbox 438 5216 639 5287; x_wconf 84' lang='grc' dir='ltr'>Κύριος</span> <span class='ocrx_word' id='word_1_409' title='bbox 666 5224 695 5274; x_wconf 90' lang='lat'><strong>6</strong></span> <span class='ocrx_word' id='word_1_410' title='bbox 721 5223 851 5289; x_wconf 85' lang='grc' dir='ltr'>Θεὸς</span> <span class='ocrx_word' id='word_1_411' title='bbox 874 5227 953 5280; x_wconf 76' lang='grc' dir='ltr'>ἔτι</span> <span class='ocrx_word' id='word_1_412' title='bbox 978 5230 1073 5283; x_wconf 83' lang='grc' dir='ltr'><strong>ἀπ’</strong></span> <span class='ocrx_word' id='word_1_413' title='bbox 1098 5206 1553 5305; x_wconf 31' lang='grc' dir='ltr'><strong>ἀρχῆς-*καὶ-οὐέι</strong></span> <span class='ocrx_word' id='word_1_414' title='bbox 1577 5206 1778 5297; x_wconf 60' lang='grc' dir='ltr'>ἔστινιὸ</span> <span class='ocrx_word' id='word_1_415' title='bbox 1809 5248 1873 5300; x_wconf 83' lang='grc' dir='ltr'><strong>ὲκ</strong></span> 
     </span>
    </p>
   </div>
   <div class='ocr_carea' id='block_1_51' title="bbox 304 5306 1871 5406">
    <p class='ocr_par' dir='ltr' id='par_1_51' title="bbox 304 5306 1871 5406">
     <span class='ocr_line' id='line_1_53' title="bbox 304 5306 1871 5406; baseline 0.025 -54"><span class='ocrx_word' id='word_1_416' title='bbox 304 5306 499 5406; x_wconf 46' lang='grc' dir='ltr'>ξειρῶν</span> <span class='ocrx_word' id='word_1_417' title='bbox 536 5326 637 5379; x_wconf 87' lang='grc' dir='ltr'><strong>μου</strong></span> <span class='ocrx_word' id='word_1_418' title='bbox 670 5313 1074 5388; x_wconf 74' lang='grc' dir='ltr'>ἐξαιρούμενος.</span> <span class='ocrx_word' id='word_1_419' title='bbox 1104 5325 1346 5395; x_wconf 84' lang='grc' dir='ltr'>Ποιήσω,</span> <span class='ocrx_word' id='word_1_420' title='bbox 1376 5330 1569 5394; x_wconf 84' lang='grc' dir='ltr'>καίτίς</span> <span class='ocrx_word' id='word_1_421' title='bbox 1602 5333 1871 5406; x_wconf 82' lang='grc' dir='ltr'>ἀποστρέ-</span> 
     </span>
    </p>
   </div>
   <div class='ocr_carea' id='block_1_52' title="bbox 301 5388 1872 5487">
    <p class='ocr_par' dir='ltr' id='par_1_52' title="bbox 301 5388 1872 5487">
     <span class='ocr_line' id='line_1_54' title="bbox 301 5388 1872 5487; baseline 0.012 -29"><span class='ocrx_word' id='word_1_422' title='bbox 301 5388 390 5458; x_wconf 70' lang='grc' dir='ltr'><strong>ψει</strong></span> <span class='ocrx_word' id='word_1_423' title='bbox 441 5399 605 5465; x_wconf 82' lang='grc' dir='ltr'>αὐτό;</span> <span class='ocrx_word' id='word_1_424' title='bbox 637 5421 655 5453; x_wconf 75' lang='grc' dir='ltr'><strong>ι</strong></span> <span class='ocrx_word' id='word_1_425' title='bbox 697 5404 783 5467; x_wconf 80' lang='grc' dir='ltr'>Ὠς</span> <span class='ocrx_word' id='word_1_426' title='bbox 836 5408 943 5479; x_wconf 77' lang='grc' dir='ltr'>γὰρ</span> <span class='ocrx_word' id='word_1_427' title='bbox 985 5411 1191 5483; x_wconf 86' lang='grc' dir='ltr'>μάρτυς</span> <span class='ocrx_word' id='word_1_428' title='bbox 1228 5388 1398 5478; x_wconf 74' lang='grc' dir='ltr'>αὐτὸς</span> <span class='ocrx_word' id='word_1_429' title='bbox 1441 5388 1673 5487; x_wconf 75' lang='grc' dir='ltr'>ἐλέγετο,</span> <span class='ocrx_word' id='word_1_430' title='bbox 1719 5388 1813 5476; x_wconf 46' lang='lat' dir='ltr'><strong>xui.</strong></span> <span class='ocrx_word' id='word_1_431' title='bbox 1844 5426 1872 5477; x_wconf 91' lang='lat'><strong>6</strong></span> 
     </span>
    </p>
   </div>
   <div class='ocr_carea' id='block_1_53' title="bbox 300 5486 1869 5583">
    <p class='ocr_par' dir='ltr' id='par_1_53' title="bbox 300 5486 1869 5583">
     <span class='ocr_line' id='line_1_55' title="bbox 300 5486 1869 5583; baseline 0.022 -48"><span class='ocrx_word' id='word_1_432' title='bbox 300 5486 428 5583; x_wconf 71' lang='grc' dir='ltr'>παῖς</span> <span class='ocrx_word' id='word_1_433' title='bbox 459 5489 517 5541; x_wconf 81' lang='grc' dir='ltr'>ὃν</span> <span class='ocrx_word' id='word_1_434' title='bbox 548 5492 827 5559; x_wconf 79' lang='grc' dir='ltr'>ἐξελέξατο</span> <span class='ocrx_word' id='word_1_435' title='bbox 845 5514 858 5527; x_wconf 89' lang='grc'><strong>·</strong></span> <span class='ocrx_word' id='word_1_436' title='bbox 889 5500 1029 5554; x_wconf 75' lang='grc' dir='ltr'>οὕτω</span> <span class='ocrx_word' id='word_1_437' title='bbox 1058 5504 1149 5556; x_wconf 77' lang='grc' dir='ltr'><strong>καὶ</strong></span> <span class='ocrx_word' id='word_1_438' title='bbox 1182 5505 1315 5569; x_wconf 81' lang='grc' dir='ltr'>Θεὸς</span> <span class='ocrx_word' id='word_1_439' title='bbox 1347 5507 1650 5583; x_wconf 79' lang='grc' dir='ltr'>σώζωνεῑη</span> <span class='ocrx_word' id='word_1_440' title='bbox 1672 5513 1738 5569; x_wconf 78' lang='grc' dir='ltr'><strong>ἂν</strong></span> <span class='ocrx_word' id='word_1_441' title='bbox 1769 5516 1869 5570; x_wconf 82' lang='grc' dir='ltr'>αύ-</span> 
     </span>
    </p>
   </div>
   <div class='ocr_carea' id='block_1_54' title="bbox 1294 440 2731 514">
    <p class='ocr_par' dir='ltr' id='par_1_54' title="bbox 1294 440 2731 514">
     <span class='ocr_line' id='line_1_56' title="bbox 1294 440 2731 514; baseline 0.013 -18"><span class='ocrx_word' id='word_1_442' title='bbox 1294 440 1795 504; x_wconf 77' lang='lat' dir='ltr'><strong>COMMENTAHIA</strong></span> <span class='ocrx_word' id='word_1_443' title='bbox 1837 450 1904 505; x_wconf 86' lang='lat' dir='ltr'>IN</span> <span class='ocrx_word' id='word_1_444' title='bbox 1946 452 2204 509; x_wconf 72' lang='lat' dir='ltr'><strong>ISAIAM.</strong></span> <span class='ocrx_word' id='word_1_445' title='bbox 2246 485 2312 495; x_wconf 90' lang='lat'><strong>—</strong></span> <span class='ocrx_word' id='word_1_446' title='bbox 2350 455 2505 513; x_wconf 84' lang='lat' dir='ltr'><strong>CAP.</strong></span> <span class='ocrx_word' id='word_1_447' title='bbox 2548 459 2731 514; x_wconf 77' lang='lat' dir='ltr'>XLIII.</span> 
     </span>
    </p>
   </div>
   <div class='ocr_carea' id='block_1_55' title="bbox 1050 555 1916 658">
    <p class='ocr_par' dir='ltr' id='par_1_55' title="bbox 1050 555 1913 639">
     <span class='ocr_line' id='line_1_57' title="bbox 1050 555 1913 639; baseline 0.017 -33"><span class='ocrx_word' id='word_1_448' title='bbox 1050 555 1200 623; x_wconf 70' lang='grc' dir='ltr'>Ἄγε,</span> <span class='ocrx_word' id='word_1_449' title='bbox 1251 560 1343 612; x_wconf 80' lang='grc' dir='ltr'><strong>καὶ</strong></span> <span class='ocrx_word' id='word_1_450' title='bbox 1394 562 1470 632; x_wconf 82' lang='grc' dir='ltr'>τῷ</span> <span class='ocrx_word' id='word_1_451' title='bbox 1508 564 1641 627; x_wconf 81' lang='grc' dir='ltr'>λι6ὶ,</span> <span class='ocrx_word' id='word_1_452' title='bbox 1678 568 1831 633; x_wconf 77' lang='grc' dir='ltr'>Ἄγε,</span> <span class='ocrx_word' id='word_1_453' title='bbox 1876 588 1913 639; x_wconf 85' lang='grc' dir='ltr'><strong>μ</strong></span> 
     </span>
    </p>
   </div>
   <div class='ocr_carea' id='block_1_56' title="bbox 2017 555 3634 658">
    <p class='ocr_par' dir='ltr' id='par_1_56' title="bbox 2017 570 3634 658">
     <span class='ocr_line' id='line_1_58' title="bbox 2017 570 3634 658; baseline 0.013 -37"><span class='ocrx_word' id='word_1_454' title='bbox 2017 602 2027 632; x_wconf 55' lang='grc' dir='ltr'>ι</span> <span class='ocrx_word' id='word_1_455' title='bbox 2130 570 2297 627; x_wconf 68' lang='lat' dir='ltr'><strong>Vsus.</strong></span> <span class='ocrx_word' id='word_1_456' title='bbox 2343 574 2394 626; x_wconf 84' lang='lat'><strong>6.</strong></span> <span class='ocrx_word' id='word_1_457' title='bbox 2445 593 2463 625; x_wconf 74' lang='grc' dir='ltr'><strong>ι</strong></span> <span class='ocrx_word' id='word_1_458' title='bbox 2493 575 2674 631; x_wconf 81' lang='lat' dir='ltr'><strong>Dicam</strong></span> <span class='ocrx_word' id='word_1_459' title='bbox 2710 576 2970 648; x_wconf 88' lang='lat' dir='ltr'><strong>aquiloni,</strong></span> <span class='ocrx_word' id='word_1_460' title='bbox 3003 580 3146 650; x_wconf 73' lang='lat' dir='ltr'><strong>Age;</strong></span> <span class='ocrx_word' id='word_1_461' title='bbox 3180 592 3231 638; x_wconf 91' lang='lat' dir='ltr'><strong>et</strong></span> <span class='ocrx_word' id='word_1_462' title='bbox 3262 593 3471 651; x_wconf 83' lang='lat' dir='ltr'><strong>austro,</strong></span> <span class='ocrx_word' id='word_1_463' title='bbox 3500 588 3634 658; x_wconf 81' lang='lat' dir='ltr'><strong>Age,</strong></span> 
     </span>
    </p>
   </div>
   <div class='ocr_carea' id='block_1_57' title="bbox 3529 473 3635 534">
    <p class='ocr_par' dir='ltr' id='par_1_57' title="bbox 3529 473 3635 534">
     <span class='ocr_line' id='line_1_59' title="bbox 3529 473 3635 534; baseline 0.047 -5"><span class='ocrx_word' id='word_1_464' title='bbox 3529 473 3635 534; x_wconf 80' lang='grc'><strong>598</strong></span> 
     </span>
    </p>
   </div>
   <div class='ocr_carea' id='block_1_58' title="bbox 2059 661 3636 743">
    <p class='ocr_par' dir='ltr' id='par_1_58' title="bbox 2059 661 3636 743">
     <span class='ocr_line' id='line_1_60' title="bbox 2059 661 3636 743; baseline 0.013 -29"><span class='ocrx_word' id='word_1_465' title='bbox 2059 661 2168 716; x_wconf 88' lang='lat' dir='ltr'><strong>noli</strong></span> <span class='ocrx_word' id='word_1_466' title='bbox 2195 665 2501 733; x_wconf 88' lang='lat' dir='ltr'><strong>prohibere.</strong></span> <span class='ocrx_word' id='word_1_467' title='bbox 2539 668 2652 738; x_wconf 82' lang='lat' dir='ltr'><strong>Age</strong></span> <span class='ocrx_word' id='word_1_468' title='bbox 2681 668 2819 724; x_wconf 90' lang='lat' dir='ltr'><strong>ﬁlios</strong></span> <span class='ocrx_word' id='word_1_469' title='bbox 2855 685 3004 725; x_wconf 86' lang='lat' dir='ltr'><strong>meos</strong></span> <span class='ocrx_word' id='word_1_470' title='bbox 3040 675 3106 726; x_wconf 91' lang='lat' dir='ltr'><strong>de</strong></span> <span class='ocrx_word' id='word_1_471' title='bbox 3136 683 3277 728; x_wconf 89' lang='lat' dir='ltr'><strong>terra</strong></span> <span class='ocrx_word' id='word_1_472' title='bbox 3312 687 3539 743; x_wconf 85' lang='lat' dir='ltr'><strong>remota,</strong></span> <span class='ocrx_word' id='word_1_473' title='bbox 3579 690 3636 736; x_wconf 87' lang='lat' dir='ltr'><strong>et</strong></span> 
     </span>
    </p>
   </div>
   <div class='ocr_carea' id='block_1_59' title="bbox 2058 755 3633 840">
    <p class='ocr_par' dir='ltr' id='par_1_59' title="bbox 2058 755 3633 840">
     <span class='ocr_line' id='line_1_61' title="bbox 2058 755 3633 840; baseline 0.014 -33"><span class='ocrx_word' id='word_1_474' title='bbox 2058 755 2193 809; x_wconf 97' lang='lat' dir='ltr'><strong>ﬁlias</strong></span> <span class='ocrx_word' id='word_1_475' title='bbox 2220 772 2367 810; x_wconf 87' lang='lat' dir='ltr'><strong>meas</strong></span> <span class='ocrx_word' id='word_1_476' title='bbox 2398 758 2465 811; x_wconf 86' lang='lat' dir='ltr'><strong>ab</strong></span> <span class='ocrx_word' id='word_1_477' title='bbox 2482 761 2741 815; x_wconf 81' lang='lat' dir='ltr'><strong>extremis</strong></span> <span class='ocrx_word' id='word_1_478' title='bbox 2768 773 2943 816; x_wconf 65' lang='lat' dir='ltr'><strong>terrae.</strong></span> <span class='ocrx_word' id='word_1_479' title='bbox 2982 782 3001 814; x_wconf 76' lang='grc' dir='ltr'><strong>ι</strong></span> <span class='ocrx_word' id='word_1_480' title='bbox 3051 765 3161 835; x_wconf 80' lang='lat' dir='ltr'><strong>Ego</strong></span> <span class='ocrx_word' id='word_1_481' title='bbox 3187 769 3328 823; x_wconf 89' lang='lat' dir='ltr'><strong>enim</strong></span> <span class='ocrx_word' id='word_1_482' title='bbox 3358 772 3633 840; x_wconf 82' lang='lat' dir='ltr'><strong>angelicas</strong></span> 
     </span>
    </p>
   </div>
   <div class='ocr_carea' id='block_1_60' title="bbox 2057 849 3630 925">
    <p class='ocr_par' dir='ltr' id='par_1_60' title="bbox 2057 849 3630 925">
     <span class='ocr_line' id='line_1_62' title="bbox 2057 849 3630 925; baseline 0.013 -26"><span class='ocrx_word' id='word_1_483' title='bbox 2057 849 2287 901; x_wconf 85' lang='lat' dir='ltr'><strong>virtutes</strong></span> <span class='ocrx_word' id='word_1_484' title='bbox 2307 850 2418 904; x_wconf 72' lang='lat' dir='ltr'><strong>hmc</strong></span> <span class='ocrx_word' id='word_1_485' title='bbox 2444 866 2606 921; x_wconf 83' lang='lat' dir='ltr'><strong>agere</strong></span> <span class='ocrx_word' id='word_1_486' title='bbox 2636 853 2941 923; x_wconf 63' lang='lat' dir='ltr'><strong>prmcipiam</strong></span> <span class='ocrx_word' id='word_1_487' title='bbox 2964 898 2978 921; x_wconf 90' lang='lat'><strong>,</strong></span> <span class='ocrx_word' id='word_1_488' title='bbox 3012 858 3140 925; x_wconf 82' lang='lat' dir='ltr'><strong>quia</strong></span> <span class='ocrx_word' id='word_1_489' title='bbox 3176 859 3266 914; x_wconf 89' lang='lat' dir='ltr'><strong>ﬁlii</strong></span> <span class='ocrx_word' id='word_1_490' title='bbox 3297 861 3401 915; x_wconf 91' lang='lat' dir='ltr'><strong>mei</strong></span> <span class='ocrx_word' id='word_1_491' title='bbox 3425 870 3480 917; x_wconf 92' lang='lat' dir='ltr'><strong>et</strong></span> <span class='ocrx_word' id='word_1_492' title='bbox 3504 863 3630 919; x_wconf 68' lang='lat' dir='ltr'><strong>ﬁlia:</strong></span> 
     </span>
    </p>
   </div>
   <div class='ocr_carea' id='block_1_61' title="bbox 2054 947 3631 1017">
    <p class='ocr_par' dir='ltr' id='par_1_61' title="bbox 2054 947 3631 1017">
     <span class='ocr_line' id='line_1_63' title="bbox 2054 947 3631 1017; baseline 0.011 -25"><span class='ocrx_word' id='word_1_493' title='bbox 2054 955 2187 993; x_wconf 67' lang='lat' dir='ltr'><strong>mea:</strong></span> <span class='ocrx_word' id='word_1_494' title='bbox 2241 950 2388 1005; x_wconf 85' lang='lat' dir='ltr'><strong>sunt,</strong></span> <span class='ocrx_word' id='word_1_495' title='bbox 2441 958 2537 1011; x_wconf 91' lang='lat' dir='ltr'><strong>per</strong></span> <span class='ocrx_word' id='word_1_496' title='bbox 2570 960 2663 998; x_wconf 81' lang='lat' dir='ltr'><strong>vos</strong></span> <span class='ocrx_word' id='word_1_497' title='bbox 2702 947 2804 999; x_wconf 89' lang='lat' dir='ltr'><strong>sati</strong></span> <span class='ocrx_word' id='word_1_498' title='bbox 2838 956 2892 1001; x_wconf 90' lang='lat' dir='ltr'><strong>et</strong></span> <span class='ocrx_word' id='word_1_499' title='bbox 2943 954 3241 1017; x_wconf 84' lang='lat' dir='ltr'><strong>regenerati</strong></span> <span class='ocrx_word' id='word_1_500' title='bbox 3288 952 3341 1006; x_wconf 90' lang='lat' dir='ltr'><strong>in</strong></span> <span class='ocrx_word' id='word_1_501' title='bbox 3387 954 3631 1010; x_wconf 83' lang='lat' dir='ltr'><strong>Ecclesia</strong></span> 
     </span>
    </p>
   </div>
   <div class='ocr_carea' id='block_1_62' title="bbox 2054 1045 2192 1084">
    <p class='ocr_par' dir='ltr' id='par_1_62' title="bbox 2054 1045 2192 1084">
     <span class='ocr_line' id='line_1_64' title="bbox 2054 1045 2192 1084; baseline 0 -1"><span class='ocrx_word' id='word_1_502' title='bbox 2054 1045 2192 1084; x_wconf 68' lang='grc'><strong>11103.</strong></span> 
     </span>
    </p>
   </div>
   <div class='ocr_carea' id='block_1_63' title="bbox 2129 1122 3627 1201">
    <p class='ocr_par' dir='ltr' id='par_1_63' title="bbox 2129 1122 3627 1201">
     <span class='ocr_line' id='line_1_65' title="bbox 2129 1122 3627 1201; baseline 0.015 -27"><span class='ocrx_word' id='word_1_503' title='bbox 2129 1122 2288 1177; x_wconf 72' lang='lat' dir='ltr'><strong>Vsus.</strong></span> <span class='ocrx_word' id='word_1_504' title='bbox 2336 1126 2389 1179; x_wconf 89' lang='lat'><strong>7.</strong></span> <span class='ocrx_word' id='word_1_505' title='bbox 2435 1148 2452 1177; x_wconf 80' lang='grc' dir='ltr'><strong>ι</strong></span> <span class='ocrx_word' id='word_1_506' title='bbox 2490 1126 2706 1195; x_wconf 86' lang='lat' dir='ltr'><strong>Omnes,</strong></span> <span class='ocrx_word' id='word_1_507' title='bbox 2738 1140 3007 1201; x_wconf 84' lang='lat' dir='ltr'><strong>quotquot</strong></span> <span class='ocrx_word' id='word_1_508' title='bbox 3039 1137 3212 1189; x_wconf 79' lang='lat' dir='ltr'><strong>vocati</strong></span> <span class='ocrx_word' id='word_1_509' title='bbox 3244 1147 3371 1192; x_wconf 89' lang='lat' dir='ltr'><strong>sunt</strong></span> <span class='ocrx_word' id='word_1_510' title='bbox 3405 1141 3627 1198; x_wconf 89' lang='lat' dir='ltr'><strong>nomine</strong></span> 
     </span>
    </p>
   </div>
   <div class='ocr_carea' id='block_1_64' title="bbox 2051 1215 3626 1303">
    <p class='ocr_par' dir='ltr' id='par_1_64' title="bbox 2051 1215 3626 1303">
     <span class='ocr_line' id='line_1_66' title="bbox 2051 1215 3626 1303; baseline 0.014 -36"><span class='ocrx_word' id='word_1_511' title='bbox 2051 1230 2188 1269; x_wconf 91' lang='lat' dir='ltr'><strong>meo.</strong></span> <span class='ocrx_word' id='word_1_512' title='bbox 2216 1234 2234 1268; x_wconf 74' lang='lat' dir='ltr'><strong>a</strong></span> <span class='ocrx_word' id='word_1_513' title='bbox 2274 1215 2426 1272; x_wconf 90' lang='lat' dir='ltr'><strong>Unde</strong></span> <span class='ocrx_word' id='word_1_514' title='bbox 2452 1221 2802 1276; x_wconf 89' lang='lat' dir='ltr'><strong>constitutum</strong></span> <span class='ocrx_word' id='word_1_515' title='bbox 2837 1235 2919 1278; x_wconf 86' lang='lat' dir='ltr'><strong>est</strong></span> <span class='ocrx_word' id='word_1_516' title='bbox 2941 1226 3377 1285; x_wconf 88' lang='lat' dir='ltr'><strong>Christianorum</strong></span> <span class='ocrx_word' id='word_1_517' title='bbox 3406 1247 3626 1303; x_wconf 88' lang='lat' dir='ltr'><strong>nomen,</strong></span> 
     </span>
    </p>
   </div>
   <div class='ocr_carea' id='block_1_65' title="bbox 2050 1306 3625 1397">
    <p class='ocr_par' dir='ltr' id='par_1_65' title="bbox 2050 1306 3625 1397">
     <span class='ocr_line' id='line_1_67' title="bbox 2050 1306 3625 1397; baseline 0.015 -39"><span class='ocrx_word' id='word_1_518' title='bbox 2050 1306 2152 1360; x_wconf 90' lang='lat' dir='ltr'><strong>nisi</strong></span> <span class='ocrx_word' id='word_1_519' title='bbox 2193 1323 2256 1361; x_wconf 84' lang='lat' dir='ltr'><strong>ex</strong></span> <span class='ocrx_word' id='word_1_520' title='bbox 2298 1309 2499 1363; x_wconf 84' lang='lat' dir='ltr'><strong>Christi</strong></span> <span class='ocrx_word' id='word_1_521' title='bbox 2540 1314 2803 1369; x_wconf 88' lang='lat' dir='ltr'><strong>nomine?</strong></span> <span class='ocrx_word' id='word_1_522' title='bbox 2834 1316 2951 1386; x_wconf 87' lang='lat' dir='ltr'><strong>Ipse</strong></span> <span class='ocrx_word' id='word_1_523' title='bbox 2997 1330 3177 1374; x_wconf 87' lang='lat' dir='ltr'><strong>autem</strong></span> <span class='ocrx_word' id='word_1_524' title='bbox 3216 1333 3358 1390; x_wconf 91' lang='lat' dir='ltr'><strong>erat,</strong></span> <span class='ocrx_word' id='word_1_525' title='bbox 3389 1327 3483 1395; x_wconf 88' lang='lat' dir='ltr'><strong>qui</strong></span> <span class='ocrx_word' id='word_1_526' title='bbox 3524 1343 3625 1397; x_wconf 88' lang='lat' dir='ltr'><strong>per</strong></span> 
     </span>
    </p>
   </div>
   <div class='ocr_carea' id='block_1_66' title="bbox 2047 1400 3621 1481">
    <p class='ocr_par' dir='ltr' id='par_1_66' title="bbox 2047 1400 3621 1481">
     <span class='ocr_line' id='line_1_68' title="bbox 2047 1400 3621 1481; baseline 0.016 -31"><span class='ocrx_word' id='word_1_527' title='bbox 2047 1400 2366 1467; x_wconf 85' lang='lat' dir='ltr'><strong>prophetam</strong></span> <span class='ocrx_word' id='word_1_528' title='bbox 2400 1404 2515 1457; x_wconf 73' lang='lat' dir='ltr'><strong>hzec</strong></span> <span class='ocrx_word' id='word_1_529' title='bbox 2544 1406 2965 1464; x_wconf 76' lang='lat' dir='ltr'><strong>vaticinabatur.</strong></span> <span class='ocrx_word' id='word_1_530' title='bbox 3003 1428 3020 1462; x_wconf 83' lang='grc' dir='ltr'><strong>ι</strong></span> <span class='ocrx_word' id='word_1_531' title='bbox 3046 1412 3100 1466; x_wconf 83' lang='grc' dir='ltr'>1η</span> <span class='ocrx_word' id='word_1_532' title='bbox 3129 1414 3302 1481; x_wconf 70' lang='lat' dir='ltr'><strong>gloria</strong></span> <span class='ocrx_word' id='word_1_533' title='bbox 3332 1418 3477 1471; x_wconf 90' lang='lat' dir='ltr'><strong>enim</strong></span> <span class='ocrx_word' id='word_1_534' title='bbox 3502 1433 3621 1475; x_wconf 80' lang='lat' dir='ltr'><strong>mea</strong></span> 
     </span>
    </p>
   </div>
   <div class='ocr_carea' id='block_1_67' title="bbox 2046 1489 3620 1571">
    <p class='ocr_par' dir='ltr' id='par_1_67' title="bbox 2046 1489 3620 1571">
     <span class='ocr_line' id='line_1_69' title="bbox 2046 1489 3620 1571; baseline 0.021 -34"><span class='ocrx_word' id='word_1_535' title='bbox 2046 1489 2186 1571; x_wconf 77' lang='lat' dir='ltr'><strong>edidi</strong></span> <span class='ocrx_word' id='word_1_536' title='bbox 2215 1504 2360 1558; x_wconf 81' lang='lat' dir='ltr'><strong>euin,</strong></span> <span class='ocrx_word' id='word_1_537' title='bbox 2414 1502 2467 1547; x_wconf 89' lang='lat' dir='ltr'><strong>et</strong></span> <span class='ocrx_word' id='word_1_538' title='bbox 2506 1496 2635 1550; x_wconf 79' lang='lat' dir='ltr'><strong>ﬁnxi</strong></span> <span class='ocrx_word' id='word_1_539' title='bbox 2667 1512 2814 1560; x_wconf 85' lang='lat' dir='ltr'><strong>eum,</strong></span> <span class='ocrx_word' id='word_1_540' title='bbox 2865 1511 2921 1555; x_wconf 87' lang='lat' dir='ltr'><strong>et</strong></span> <span class='ocrx_word' id='word_1_541' title='bbox 2969 1504 3071 1558; x_wconf 81' lang='lat' dir='ltr'><strong>feci</strong></span> <span class='ocrx_word' id='word_1_542' title='bbox 3126 1518 3274 1571; x_wconf 91' lang='lat' dir='ltr'><strong>eum,</strong></span> <span class='ocrx_word' id='word_1_543' title='bbox 3311 1527 3329 1559; x_wconf 79' lang='grc' dir='ltr'><strong>ι</strong></span> <span class='ocrx_word' id='word_1_544' title='bbox 3396 1510 3620 1570; x_wconf 87' lang='lat' dir='ltr'><strong>minime</strong></span> 
     </span>
    </p>
   </div>
   <div class='ocr_carea' id='block_1_68' title="bbox 2046 1564 2520 1641">
    <p class='ocr_par' dir='ltr' id='par_1_68' title="bbox 2046 1564 2520 1641">
     <span class='ocr_line' id='line_1_70' title="bbox 2046 1564 2520 1641; baseline 0.017 -8"><span class='ocrx_word' id='word_1_545' title='bbox 2046 1564 2223 1635; x_wconf 74' lang='lat' dir='ltr'><strong>ﬁctum</strong></span> <span class='ocrx_word' id='word_1_546' title='bbox 2259 1586 2520 1641; x_wconf 88' lang='lat' dir='ltr'><strong>moribus.</strong></span> 
     </span>
    </p>
   </div>
   <div class='ocr_carea' id='block_1_69' title="bbox 2118 1671 3619 1759">
    <p class='ocr_par' dir='ltr' id='par_1_69' title="bbox 2118 1671 3619 1759">
     <span class='ocr_line' id='line_1_71' title="bbox 2118 1671 3619 1759; baseline 0.017 -34"><span class='ocrx_word' id='word_1_547' title='bbox 2118 1671 2278 1728; x_wconf 75' lang='lat' dir='ltr'><strong>Vsus.</strong></span> <span class='ocrx_word' id='word_1_548' title='bbox 2333 1674 2386 1742; x_wconf 92' lang='lat'><strong>8,</strong></span> <span class='ocrx_word' id='word_1_549' title='bbox 2429 1677 2483 1733; x_wconf 87' lang='lat'><strong>9.</strong></span> <span class='ocrx_word' id='word_1_550' title='bbox 2534 1698 2553 1731; x_wconf 73' lang='grc' dir='ltr'><strong>ι</strong></span> <span class='ocrx_word' id='word_1_551' title='bbox 2578 1678 2642 1734; x_wconf 83' lang='grc' dir='ltr'>Ει</span> <span class='ocrx_word' id='word_1_552' title='bbox 2675 1683 2839 1736; x_wconf 82' lang='lat' dir='ltr'><strong>eduxi</strong></span> <span class='ocrx_word' id='word_1_553' title='bbox 2864 1685 3115 1754; x_wconf 90' lang='lat' dir='ltr'><strong>populum</strong></span> <span class='ocrx_word' id='word_1_554' title='bbox 3140 1703 3368 1759; x_wconf 50' lang='lat' dir='ltr'><strong>caecum,</strong></span> <span class='ocrx_word' id='word_1_555' title='bbox 3402 1701 3456 1747; x_wconf 89' lang='lat' dir='ltr'><strong>et</strong></span> <span class='ocrx_word' id='word_1_556' title='bbox 3476 1695 3619 1752; x_wconf 87' lang='lat' dir='ltr'><strong>oculi</strong></span> 
     </span>
    </p>
   </div>
   <div class='ocr_carea' id='block_1_70' title="bbox 2039 1768 3608 1842">
    <p class='ocr_par' dir='ltr' id='par_1_70' title="bbox 2039 1768 3608 1842">
     <span class='ocr_line' id='line_1_72' title="bbox 2039 1768 3608 1842; baseline 0.017 -26"><span class='ocrx_word' id='word_1_557' title='bbox 2039 1777 2162 1819; x_wconf 88' lang='lat' dir='ltr'><strong>sunt</strong></span> <span class='ocrx_word' id='word_1_558' title='bbox 2195 1768 2401 1835; x_wconf 90' lang='lat' dir='ltr'><strong>pariter</strong></span> <span class='ocrx_word' id='word_1_559' title='bbox 2443 1773 2592 1838; x_wconf 65' lang='lat' dir='ltr'><strong>caeci,</strong></span> <span class='ocrx_word' id='word_1_560' title='bbox 2627 1785 2679 1827; x_wconf 89' lang='lat' dir='ltr'><strong>et</strong></span> <span class='ocrx_word' id='word_1_561' title='bbox 2718 1776 2866 1830; x_wconf 88' lang='lat' dir='ltr'><strong>surdi</strong></span> <span class='ocrx_word' id='word_1_562' title='bbox 2917 1794 3076 1833; x_wconf 83' lang='lat' dir='ltr'><strong>aures</strong></span> <span class='ocrx_word' id='word_1_563' title='bbox 3130 1781 3351 1837; x_wconf 83' lang='lat' dir='ltr'><strong>habent.</strong></span> <span class='ocrx_word' id='word_1_564' title='bbox 3403 1783 3608 1842; x_wconf 89' lang='lat' dir='ltr'><strong>Omnes</strong></span> 
     </span>
    </p>
   </div>
   <div class='ocr_carea' id='block_1_71' title="bbox 2038 1864 3620 1949">
    <p class='ocr_par' dir='ltr' id='par_1_71' title="bbox 2038 1864 3620 1949">
     <span class='ocr_line' id='line_1_73' title="bbox 2038 1864 3620 1949; baseline 0.018 -42"><span class='ocrx_word' id='word_1_565' title='bbox 2038 1864 2223 1924; x_wconf 71' lang='lat' dir='ltr'><strong>gentes</strong></span> <span class='ocrx_word' id='word_1_566' title='bbox 2245 1872 2590 1930; x_wconf 76' lang='lat' dir='ltr'><strong>congregata:</strong></span> <span class='ocrx_word' id='word_1_567' title='bbox 2616 1875 2741 1919; x_wconf 89' lang='lat' dir='ltr'><strong>sunt</strong></span> <span class='ocrx_word' id='word_1_568' title='bbox 2780 1866 2961 1936; x_wconf 88' lang='lat' dir='ltr'><strong>simul,</strong></span> <span class='ocrx_word' id='word_1_569' title='bbox 2989 1880 3043 1925; x_wconf 88' lang='lat' dir='ltr'><strong>et</strong></span> <span class='ocrx_word' id='word_1_570' title='bbox 3085 1873 3310 1930; x_wconf 88' lang='lat' dir='ltr'><strong>coibunt</strong></span> <span class='ocrx_word' id='word_1_571' title='bbox 3343 1879 3620 1949; x_wconf 80' lang='lat' dir='ltr'><strong>principes</strong></span> 
     </span>
    </p>
   </div>
   <div class='ocr_carea' id='block_1_72' title="bbox 2034 1949 3619 2037">
    <p class='ocr_par' dir='ltr' id='par_1_72' title="bbox 2034 1949 3619 2037">
     <span class='ocr_line' id='line_1_74' title="bbox 2034 1949 3619 2037; baseline 0.016 -37"><span class='ocrx_word' id='word_1_572' title='bbox 2034 1962 2097 2001; x_wconf 82' lang='lat' dir='ltr'><strong>ex</strong></span> <span class='ocrx_word' id='word_1_573' title='bbox 2122 1949 2253 2003; x_wconf 67' lang='lat' dir='ltr'><strong>eis.»</strong></span> <span class='ocrx_word' id='word_1_574' title='bbox 2276 1950 2379 2006; x_wconf 87' lang='lat' dir='ltr'><strong>Per</strong></span> <span class='ocrx_word' id='word_1_575' title='bbox 2406 1956 2701 2022; x_wconf 85' lang='lat' dir='ltr'><strong>apostolica</strong></span> <span class='ocrx_word' id='word_1_576' title='bbox 2727 1960 2925 2031; x_wconf 88' lang='lat' dir='ltr'><strong>quippe</strong></span> <span class='ocrx_word' id='word_1_577' title='bbox 2948 1964 3158 2019; x_wconf 86' lang='lat' dir='ltr'><strong>semina</strong></span> <span class='ocrx_word' id='word_1_578' title='bbox 3198 1975 3250 2021; x_wconf 90' lang='lat' dir='ltr'><strong>et</strong></span> <span class='ocrx_word' id='word_1_579' title='bbox 3281 1982 3381 2037; x_wconf 90' lang='lat' dir='ltr'><strong>per</strong></span> <span class='ocrx_word' id='word_1_580' title='bbox 3411 1970 3619 2025; x_wconf 83' lang='lat' dir='ltr'><strong>doctri-</strong></span> 
     </span>
    </p>
   </div>
   <div class='ocr_carea' id='block_1_73' title="bbox 2037 2048 3615 2130">
    <p class='ocr_par' dir='ltr' id='par_1_73' title="bbox 2037 2048 3615 2130">
     <span class='ocr_line' id='line_1_75' title="bbox 2037 2048 3615 2130; baseline 0.018 -40"><span class='ocrx_word' id='word_1_581' title='bbox 2037 2054 2158 2092; x_wconf 87' lang='lat' dir='ltr'><strong>nam</strong></span> <span class='ocrx_word' id='word_1_582' title='bbox 2190 2055 2377 2097; x_wconf 90' lang='lat' dir='ltr'><strong>eorum</strong></span> <span class='ocrx_word' id='word_1_583' title='bbox 2429 2048 2619 2100; x_wconf 86' lang='lat' dir='ltr'><strong>mutati</strong></span> <span class='ocrx_word' id='word_1_584' title='bbox 2644 2087 2659 2113; x_wconf 92' lang='lat'><strong>,</strong></span> <span class='ocrx_word' id='word_1_585' title='bbox 2696 2050 2787 2118; x_wconf 86' lang='lat' dir='ltr'><strong>qui</strong></span> <span class='ocrx_word' id='word_1_586' title='bbox 2819 2051 2947 2106; x_wconf 92' lang='lat' dir='ltr'><strong>olim</strong></span> <span class='ocrx_word' id='word_1_587' title='bbox 2978 2055 3107 2109; x_wconf 69' lang='lat' dir='ltr'><strong>caeci</strong></span> <span class='ocrx_word' id='word_1_588' title='bbox 3150 2070 3207 2111; x_wconf 91' lang='lat' dir='ltr'><strong>et</strong></span> <span class='ocrx_word' id='word_1_589' title='bbox 3241 2059 3389 2114; x_wconf 89' lang='lat' dir='ltr'><strong>surdi</strong></span> <span class='ocrx_word' id='word_1_590' title='bbox 3439 2073 3615 2130; x_wconf 78' lang='lat' dir='ltr'><strong>erant,</strong></span> 
     </span>
    </p>
   </div>
   <div class='ocr_carea' id='block_1_74' title="bbox 2033 2137 3617 2225">
    <p class='ocr_par' dir='ltr' id='par_1_74' title="bbox 2033 2137 3617 2225">
     <span class='ocr_line' id='line_1_76' title="bbox 2033 2137 3617 2225; baseline 0.02 -42"><span class='ocrx_word' id='word_1_591' title='bbox 2033 2137 2341 2203; x_wconf 75' lang='lat' dir='ltr'><strong>congregati</strong></span> <span class='ocrx_word' id='word_1_592' title='bbox 2375 2146 2503 2190; x_wconf 92' lang='lat' dir='ltr'><strong>sunt</strong></span> <span class='ocrx_word' id='word_1_593' title='bbox 2540 2139 2592 2191; x_wconf 88' lang='lat' dir='ltr'><strong>in</strong></span> <span class='ocrx_word' id='word_1_594' title='bbox 2631 2140 2869 2197; x_wconf 86' lang='lat' dir='ltr'><strong>Ecclesia</strong></span> <span class='ocrx_word' id='word_1_595' title='bbox 2901 2144 2992 2199; x_wconf 86' lang='lat' dir='ltr'><strong>Dei</strong></span> <span class='ocrx_word' id='word_1_596' title='bbox 3026 2146 3295 2220; x_wconf 85' lang='lat' dir='ltr'><strong>:jamque</strong></span> <span class='ocrx_word' id='word_1_597' title='bbox 3336 2153 3617 2225; x_wconf 83' lang='lat' dir='ltr'><strong>principes</strong></span> 
     </span>
    </p>
   </div>
   <div class='ocr_carea' id='block_1_75' title="bbox 2030 2224 3611 2307">
    <p class='ocr_par' dir='ltr' id='par_1_75' title="bbox 2030 2224 3611 2307">
     <span class='ocr_line' id='line_1_77' title="bbox 2030 2224 3611 2307; baseline 0.018 -31"><span class='ocrx_word' id='word_1_598' title='bbox 2030 2230 2096 2277; x_wconf 81' lang='lat' dir='ltr'><strong>e‘x</strong></span> <span class='ocrx_word' id='word_1_599' title='bbox 2153 2225 2345 2280; x_wconf 83' lang='lat' dir='ltr'><strong>iisdem</strong></span> <span class='ocrx_word' id='word_1_600' title='bbox 2409 2231 2667 2298; x_wconf 76' lang='lat' dir='ltr'><strong>gentibus</strong></span> <span class='ocrx_word' id='word_1_601' title='bbox 2720 2232 2773 2288; x_wconf 90' lang='lat' dir='ltr'><strong>in</strong></span> <span class='ocrx_word' id='word_1_602' title='bbox 2848 2238 3102 2307; x_wconf 90' lang='lat' dir='ltr'><strong>populum</strong></span> <span class='ocrx_word' id='word_1_603' title='bbox 3169 2243 3261 2297; x_wconf 85' lang='lat' dir='ltr'><strong>Dei</strong></span> <span class='ocrx_word' id='word_1_604' title='bbox 3323 2224 3611 2305; x_wconf 79' lang='lat' dir='ltr'><strong>constituti</strong></span> 
     </span>
    </p>
   </div>
   <div class='ocr_carea' id='block_1_76' title="bbox 2031 2327 2177 2372">
    <p class='ocr_par' dir='ltr' id='par_1_76' title="bbox 2031 2327 2177 2372">
     <span class='ocr_line' id='line_1_78' title="bbox 2031 2327 2177 2372; baseline 0.021 -3"><span class='ocrx_word' id='word_1_605' title='bbox 2031 2327 2177 2372; x_wconf 76' lang='lat' dir='ltr'>SIIIII.</span> 
     </span>
    </p>
   </div>
   <div class='ocr_carea' id='block_1_77' title="bbox 2104 2408 3609 2499">
    <p class='ocr_par' dir='ltr' id='par_1_77' title="bbox 2104 2408 3609 2499">
     <span class='ocr_line' id='line_1_79' title="bbox 2104 2408 3609 2499; baseline 0.016 -37"><span class='ocrx_word' id='word_1_606' title='bbox 2104 2408 2261 2464; x_wconf 79' lang='lat' dir='ltr'><strong>Vens.</strong></span> <span class='ocrx_word' id='word_1_607' title='bbox 2305 2411 2458 2467; x_wconf 89' lang='lat' dir='ltr'><strong>9-ll.</strong></span> <span class='ocrx_word' id='word_1_608' title='bbox 2504 2432 2521 2464; x_wconf 77' lang='grc' dir='ltr'><strong>ι</strong></span> <span class='ocrx_word' id='word_1_609' title='bbox 2552 2415 2683 2481; x_wconf 89' lang='lat' dir='ltr'><strong>Quis</strong></span> <span class='ocrx_word' id='word_1_610' title='bbox 2714 2422 3057 2476; x_wconf 89' lang='lat' dir='ltr'><strong>annuntiabit</strong></span> <span class='ocrx_word' id='word_1_611' title='bbox 3087 2424 3200 2479; x_wconf 68' lang='lat' dir='ltr'><strong>haec</strong></span> <span class='ocrx_word' id='word_1_612' title='bbox 3224 2464 3239 2491; x_wconf 91' lang='lat'><strong>,</strong></span> <span class='ocrx_word' id='word_1_613' title='bbox 3291 2436 3346 2481; x_wconf 91' lang='lat' dir='ltr'><strong>et</strong></span> <span class='ocrx_word' id='word_1_614' title='bbox 3395 2444 3515 2499; x_wconf 71' lang='lat' dir='ltr'><strong>quae</strong></span> <span class='ocrx_word' id='word_1_615' title='bbox 3541 2434 3609 2487; x_wconf 89' lang='lat' dir='ltr'><strong>ab</strong></span> 
     </span>
    </p>
   </div>
   <div class='ocr_carea' id='block_1_78' title="bbox 2029 2502 3608 2591">
    <p class='ocr_par' dir='ltr' id='par_1_78' title="bbox 2029 2502 3608 2591">
     <span class='ocr_line' id='line_1_80' title="bbox 2029 2502 3608 2591; baseline 0.015 -37"><span class='ocrx_word' id='word_1_616' title='bbox 2029 2502 2186 2556; x_wconf 90' lang='lat' dir='ltr'><strong>initio</strong></span> <span class='ocrx_word' id='word_1_617' title='bbox 2217 2505 2339 2571; x_wconf 88' lang='lat' dir='ltr'><strong>quis</strong></span> <span class='ocrx_word' id='word_1_618' title='bbox 2383 2508 2661 2563; x_wconf 84' lang='lat' dir='ltr'><strong>enarrabit</strong></span> <span class='ocrx_word' id='word_1_619' title='bbox 2696 2511 2892 2566; x_wconf 80' lang='lat' dir='ltr'><strong>vobis?</strong></span> <span class='ocrx_word' id='word_1_620' title='bbox 2919 2516 3204 2571; x_wconf 83' lang='lat' dir='ltr'><strong>Addncant</strong></span> <span class='ocrx_word' id='word_1_621' title='bbox 3246 2529 3411 2575; x_wconf 86' lang='lat' dir='ltr'><strong>testes</strong></span> <span class='ocrx_word' id='word_1_622' title='bbox 3457 2540 3608 2591; x_wconf 90' lang='lat' dir='ltr'><strong>suos,</strong></span> 
     </span>
    </p>
   </div>
   <div class='ocr_carea' id='block_1_79' title="bbox 2026 2596 3605 2679">
    <p class='ocr_par' dir='ltr' id='par_1_79' title="bbox 2026 2596 3605 2679">
     <span class='ocr_line' id='line_1_81' title="bbox 2026 2596 3605 2679; baseline 0.014 -32"><span class='ocrx_word' id='word_1_623' title='bbox 2026 2596 2482 2664; x_wconf 87' lang='lat' dir='ltr'><strong>ctjustiﬁcentur,</strong></span> <span class='ocrx_word' id='word_1_624' title='bbox 2520 2607 2575 2653; x_wconf 87' lang='lat' dir='ltr'><strong>et</strong></span> <span class='ocrx_word' id='word_1_625' title='bbox 2605 2602 2828 2661; x_wconf 85' lang='lat' dir='ltr'><strong>audiant</strong></span> <span class='ocrx_word' id='word_1_626' title='bbox 2858 2611 2913 2658; x_wconf 89' lang='lat' dir='ltr'><strong>et</strong></span> <span class='ocrx_word' id='word_1_627' title='bbox 2943 2606 3126 2660; x_wconf 89' lang='lat' dir='ltr'><strong>dicant</strong></span> <span class='ocrx_word' id='word_1_628' title='bbox 3154 2623 3273 2679; x_wconf 63' lang='lat' dir='ltr'><strong>qum</strong></span> <span class='ocrx_word' id='word_1_629' title='bbox 3299 2625 3427 2665; x_wconf 90' lang='lat' dir='ltr'><strong>vera</strong></span> <span class='ocrx_word' id='word_1_630' title='bbox 3458 2624 3605 2669; x_wconf 92' lang='lat' dir='ltr'><strong>sunt.</strong></span> 
     </span>
    </p>
   </div>
   <div class='ocr_carea' id='block_1_80' title="bbox 2027 2686 3607 2766">
    <p class='ocr_par' dir='ltr' id='par_1_80' title="bbox 2027 2686 3607 2766">
     <span class='ocr_line' id='line_1_82' title="bbox 2027 2686 3607 2766; baseline 0.015 -28"><span class='ocrx_word' id='word_1_631' title='bbox 2027 2686 2209 2740; x_wconf 86' lang='lat' dir='ltr'><strong>Estote</strong></span> <span class='ocrx_word' id='word_1_632' title='bbox 2244 2690 2373 2742; x_wconf 73' lang='lat' dir='ltr'><strong>milii</strong></span> <span class='ocrx_word' id='word_1_633' title='bbox 2415 2700 2621 2756; x_wconf 82' lang='lat' dir='ltr'><strong>teStes,</strong></span> <span class='ocrx_word' id='word_1_634' title='bbox 2679 2703 2731 2747; x_wconf 88' lang='lat' dir='ltr'><strong>et</strong></span> <span class='ocrx_word' id='word_1_635' title='bbox 2786 2710 2886 2766; x_wconf 87' lang='lat' dir='ltr'><strong>ego</strong></span> <span class='ocrx_word' id='word_1_636' title='bbox 2945 2700 3117 2765; x_wconf 87' lang='lat' dir='ltr'><strong>testis,</strong></span> <span class='ocrx_word' id='word_1_637' title='bbox 3162 2701 3295 2756; x_wconf 85' lang='lat' dir='ltr'><strong>dicit</strong></span> <span class='ocrx_word' id='word_1_638' title='bbox 3345 2702 3607 2763; x_wconf 83' lang='lat' dir='ltr'><strong>Dominus</strong></span> 
     </span>
    </p>
   </div>
   <div class='ocr_carea' id='block_1_81' title="bbox 2026 2777 3605 2869">
    <p class='ocr_par' dir='ltr' id='par_1_81' title="bbox 2026 2777 3605 2869">
     <span class='ocr_line' id='line_1_83' title="bbox 2026 2777 3605 2869; baseline 0.016 -39"><span class='ocrx_word' id='word_1_639' title='bbox 2026 2777 2201 2840; x_wconf 90' lang='lat' dir='ltr'><strong>Deus,</strong></span> <span class='ocrx_word' id='word_1_640' title='bbox 2230 2787 2286 2832; x_wconf 91' lang='lat' dir='ltr'><strong>et</strong></span> <span class='ocrx_word' id='word_1_641' title='bbox 2320 2795 2452 2848; x_wconf 86' lang='lat' dir='ltr'><strong>puer</strong></span> <span class='ocrx_word' id='word_1_642' title='bbox 2486 2798 2657 2850; x_wconf 90' lang='lat' dir='ltr'><strong>mens,</strong></span> <span class='ocrx_word' id='word_1_643' title='bbox 2706 2800 2866 2854; x_wconf 90' lang='lat' dir='ltr'><strong>quem</strong></span> <span class='ocrx_word' id='word_1_644' title='bbox 2917 2788 3076 2860; x_wconf 83' lang='lat' dir='ltr'><strong>elegi.</strong></span> <span class='ocrx_word' id='word_1_645' title='bbox 3108 2810 3127 2844; x_wconf 86' lang='grc'><strong>›</strong></span> <span class='ocrx_word' id='word_1_646' title='bbox 3185 2793 3450 2859; x_wconf 86' lang='lat' dir='ltr'><strong>Quoniam</strong></span> <span class='ocrx_word' id='word_1_647' title='bbox 3503 2814 3605 2869; x_wconf 86' lang='lat' dir='ltr'><strong>ego</strong></span> 
     </span>
    </p>
   </div>
   <div class='ocr_carea' id='block_1_82' title="bbox 2024 2868 3601 2964">
    <p class='ocr_par' dir='ltr' id='par_1_82' title="bbox 2024 2868 3601 2964">
     <span class='ocr_line' id='line_1_84' title="bbox 2024 2868 3601 2964; baseline 0.016 -43"><span class='ocrx_word' id='word_1_648' title='bbox 2024 2868 2164 2923; x_wconf 89' lang='lat' dir='ltr'><strong>Deus</strong></span> <span class='ocrx_word' id='word_1_649' title='bbox 2196 2873 2350 2926; x_wconf 90' lang='lat' dir='ltr'><strong>testis</strong></span> <span class='ocrx_word' id='word_1_650' title='bbox 2390 2878 2576 2928; x_wconf 81' lang='lat' dir='ltr'><strong>eorum</strong></span> <span class='ocrx_word' id='word_1_651' title='bbox 2612 2892 2743 2942; x_wconf 91' lang='lat' dir='ltr'><strong>ero,</strong></span> <span class='ocrx_word' id='word_1_652' title='bbox 2774 2887 2828 2932; x_wconf 92' lang='lat' dir='ltr'><strong>et</strong></span> <span class='ocrx_word' id='word_1_653' title='bbox 2856 2896 2990 2948; x_wconf 87' lang='lat' dir='ltr'><strong>puer</strong></span> <span class='ocrx_word' id='word_1_654' title='bbox 3024 2900 3195 2951; x_wconf 88' lang='lat' dir='ltr'><strong>meus,</strong></span> <span class='ocrx_word' id='word_1_655' title='bbox 3230 2902 3392 2957; x_wconf 88' lang='lat' dir='ltr'><strong>quem</strong></span> <span class='ocrx_word' id='word_1_656' title='bbox 3428 2890 3601 2964; x_wconf 84' lang='lat' dir='ltr'><strong>elegi;</strong></span> 
     </span>
    </p>
   </div>
   <div class='ocr_carea' id='block_1_83' title="bbox 2020 2961 3601 3055">
    <p class='ocr_par' dir='ltr' id='par_1_83' title="bbox 2020 2961 3601 3055">
     <span class='ocr_line' id='line_1_85' title="bbox 2020 2961 3601 3055; baseline 0.018 -42"><span class='ocrx_word' id='word_1_657' title='bbox 2020 2961 2088 3015; x_wconf 91' lang='lat' dir='ltr'><strong>de</strong></span> <span class='ocrx_word' id='word_1_658' title='bbox 2116 2976 2223 3030; x_wconf 91' lang='lat' dir='ltr'><strong>quo</strong></span> <span class='ocrx_word' id='word_1_659' title='bbox 2246 2966 2498 3033; x_wconf 90' lang='lat' dir='ltr'><strong>superius</strong></span> <span class='ocrx_word' id='word_1_660' title='bbox 2529 2967 2744 3023; x_wconf 90' lang='lat' dir='ltr'><strong>dicebat</strong></span> <span class='ocrx_word' id='word_1_661' title='bbox 2771 3011 2785 3035; x_wconf 89' lang='lat'><strong>,</strong></span> <span class='ocrx_word' id='word_1_662' title='bbox 2835 2988 2853 3023; x_wconf 79' lang='grc' dir='ltr'><strong>ι</strong></span> <span class='ocrx_word' id='word_1_663' title='bbox 2884 2973 3023 3029; x_wconf 85' lang='lat' dir='ltr'><strong>Ecce</strong></span> <span class='ocrx_word' id='word_1_664' title='bbox 3064 2992 3200 3046; x_wconf 87' lang='lat' dir='ltr'><strong>puer</strong></span> <span class='ocrx_word' id='word_1_665' title='bbox 3224 2994 3374 3036; x_wconf 90' lang='lat' dir='ltr'><strong>meus</strong></span> <span class='ocrx_word' id='word_1_666' title='bbox 3396 3022 3412 3047; x_wconf 90' lang='lat'><strong>,</strong></span> <span class='ocrx_word' id='word_1_667' title='bbox 3438 2961 3601 3055; x_wconf 79' lang='lat' dir='ltr'><strong>quem</strong></span> 
     </span>
    </p>
   </div>
   <div class='ocr_carea' id='block_1_84' title="bbox 2019 3054 3603 3147">
    <p class='ocr_par' dir='ltr' id='par_1_84' title="bbox 2019 3054 3603 3147">
     <span class='ocr_line' id='line_1_86' title="bbox 2019 3054 3603 3147; baseline 0.016 -41"><span class='ocrx_word' id='word_1_668' title='bbox 2019 3054 2181 3126; x_wconf 84' lang='lat' dir='ltr'><strong>elegi,</strong></span> <span class='ocrx_word' id='word_1_669' title='bbox 2211 3058 2420 3113; x_wconf 90' lang='lat' dir='ltr'><strong>electus</strong></span> <span class='ocrx_word' id='word_1_670' title='bbox 2446 3075 2618 3125; x_wconf 90' lang='lat' dir='ltr'><strong>meus,</strong></span> <span class='ocrx_word' id='word_1_671' title='bbox 2646 3065 2887 3133; x_wconf 87' lang='lat' dir='ltr'><strong>suscepit</strong></span> <span class='ocrx_word' id='word_1_672' title='bbox 2910 3080 3033 3119; x_wconf 87' lang='lat' dir='ltr'><strong>eum</strong></span> <span class='ocrx_word' id='word_1_673' title='bbox 3059 3070 3238 3125; x_wconf 90' lang='lat' dir='ltr'><strong>anima</strong></span> <span class='ocrx_word' id='word_1_674' title='bbox 3265 3088 3402 3129; x_wconf 91' lang='lat' dir='ltr'><strong>mea.</strong></span> <span class='ocrx_word' id='word_1_675' title='bbox 3434 3093 3455 3128; x_wconf 75' lang='grc' dir='ltr'><strong>ι</strong></span> <span class='ocrx_word' id='word_1_676' title='bbox 3491 3075 3603 3147; x_wconf 85' lang='lat' dir='ltr'><strong>Ego</strong></span> 
     </span>
    </p>
   </div>
   <div class='ocr_carea' id='block_1_85' title="bbox 2019 3144 3601 3233">
    <p class='ocr_par' dir='ltr' id='par_1_85' title="bbox 2019 3144 3601 3233">
     <span class='ocr_line' id='line_1_87' title="bbox 2019 3144 3601 3233; baseline 0.017 -36"><span class='ocrx_word' id='word_1_677' title='bbox 2019 3144 2201 3216; x_wconf 87' lang='lat' dir='ltr'><strong>itaque</strong></span> <span class='ocrx_word' id='word_1_678' title='bbox 2232 3148 2349 3217; x_wconf 89' lang='lat' dir='ltr'><strong>ipse</strong></span> <span class='ocrx_word' id='word_1_679' title='bbox 2384 3152 2545 3216; x_wconf 91' lang='lat' dir='ltr'><strong>Deus,</strong></span> <span class='ocrx_word' id='word_1_680' title='bbox 2587 3162 2641 3207; x_wconf 92' lang='lat' dir='ltr'><strong>et</strong></span> <span class='ocrx_word' id='word_1_681' title='bbox 2668 3153 2758 3209; x_wconf 85' lang='lat' dir='ltr'><strong>hic</strong></span> <span class='ocrx_word' id='word_1_682' title='bbox 2789 3172 2925 3224; x_wconf 90' lang='lat' dir='ltr'><strong>pner</strong></span> <span class='ocrx_word' id='word_1_683' title='bbox 2961 3159 3172 3217; x_wconf 83' lang='lat' dir='ltr'><strong>electus</strong></span> <span class='ocrx_word' id='word_1_684' title='bbox 3219 3178 3402 3233; x_wconf 85' lang='lat' dir='ltr'><strong>meus,</strong></span> <span class='ocrx_word' id='word_1_685' title='bbox 3444 3144 3601 3224; x_wconf 78' lang='lat' dir='ltr'><strong>testi—</strong></span> 
     </span>
    </p>
   </div>
   <div class='ocr_carea' id='block_1_86' title="bbox 1942 3236 3599 3320">
    <p class='ocr_par' dir='ltr' id='par_1_86' title="bbox 1942 3236 3599 3320">
     <span class='ocr_line' id='line_1_88' title="bbox 1942 3236 3599 3320; baseline 0.016 -30"><span class='ocrx_word' id='word_1_686' title='bbox 1942 3264 1984 3320; x_wconf 69' lang='grc' dir='ltr'>ο</span> <span class='ocrx_word' id='word_1_687' title='bbox 2021 3236 2225 3295; x_wconf 90' lang='lat' dir='ltr'><strong>ﬁcabor</strong></span> <span class='ocrx_word' id='word_1_688' title='bbox 2262 3242 2492 3298; x_wconf 85' lang='lat' dir='ltr'><strong>testibus</strong></span> <span class='ocrx_word' id='word_1_689' title='bbox 2542 3245 2714 3313; x_wconf 89' lang='lat' dir='ltr'><strong>meis,</strong></span> <span class='ocrx_word' id='word_1_690' title='bbox 2770 3250 2914 3317; x_wconf 91' lang='lat' dir='ltr'><strong>quod</strong></span> <span class='ocrx_word' id='word_1_691' title='bbox 2965 3251 3220 3308; x_wconf 91' lang='lat' dir='ltr'><strong>nimirum</strong></span> <span class='ocrx_word' id='word_1_692' title='bbox 3262 3256 3514 3313; x_wconf 89' lang='lat' dir='ltr'><strong>Salvator</strong></span> <span class='ocrx_word' id='word_1_693' title='bbox 3540 3261 3599 3316; x_wconf 91' lang='lat' dir='ltr'><strong>in</strong></span> 
     </span>
    </p>
   </div>
   <div class='ocr_carea' id='block_1_87' title="bbox 2015 3329 3598 3417">
    <p class='ocr_par' dir='ltr' id='par_1_87' title="bbox 2015 3329 3598 3417">
     <span class='ocr_line' id='line_1_89' title="bbox 2015 3329 3598 3417; baseline 0.013 -33"><span class='ocrx_word' id='word_1_694' title='bbox 2015 3329 2325 3402; x_wconf 83' lang='lat' dir='ltr'><strong>Evangeliis</strong></span> <span class='ocrx_word' id='word_1_695' title='bbox 2349 3335 2666 3391; x_wconf 85' lang='lat' dir='ltr'><strong>declarabat</strong></span> <span class='ocrx_word' id='word_1_696' title='bbox 2690 3338 2776 3393; x_wconf 90' lang='lat' dir='ltr'><strong>his</strong></span> <span class='ocrx_word' id='word_1_697' title='bbox 2818 3341 3019 3407; x_wconf 79' lang='lat' dir='ltr'><strong>verbis,</strong></span> <span class='ocrx_word' id='word_1_698' title='bbox 3061 3360 3080 3393; x_wconf 87' lang='grc'><strong><em>‹</em></strong></span> <span class='ocrx_word' id='word_1_699' title='bbox 3110 3343 3431 3417; x_wconf 88' lang='lat' dir='ltr'><strong>Quicunque</strong></span> <span class='ocrx_word' id='word_1_700' title='bbox 3460 3364 3598 3405; x_wconf 87' lang='lat' dir='ltr'><strong>con-</strong></span> 
     </span>
    </p>
   </div>
   <div class='ocr_carea' id='block_1_88' title="bbox 2015 3424 3601 3511">
    <p class='ocr_par' dir='ltr' id='par_1_88' title="bbox 2015 3424 3601 3511">
     <span class='ocr_line' id='line_1_90' title="bbox 2015 3424 3601 3511; baseline 0.011 -33"><span class='ocrx_word' id='word_1_701' title='bbox 2015 3424 2255 3479; x_wconf 86' lang='lat' dir='ltr'><strong>ﬁtebitur</strong></span> <span class='ocrx_word' id='word_1_702' title='bbox 2300 3441 2385 3481; x_wconf 90' lang='lat' dir='ltr'><strong>me</strong></span> <span class='ocrx_word' id='word_1_703' title='bbox 2427 3442 2609 3482; x_wconf 85' lang='lat' dir='ltr'><strong>coram</strong></span> <span class='ocrx_word' id='word_1_704' title='bbox 2661 3428 2997 3497; x_wconf 90' lang='lat' dir='ltr'><strong>hominibus,</strong></span> <span class='ocrx_word' id='word_1_705' title='bbox 3044 3435 3347 3491; x_wconf 88' lang='lat' dir='ltr'><strong>conﬁtebor</strong></span> <span class='ocrx_word' id='word_1_706' title='bbox 3394 3450 3448 3495; x_wconf 92' lang='lat' dir='ltr'><strong>et</strong></span> <span class='ocrx_word' id='word_1_707' title='bbox 3496 3457 3601 3511; x_wconf 82' lang='lat' dir='ltr'><strong>ego</strong></span> 
     </span>
    </p>
   </div>
   <div class='ocr_carea' id='block_1_89' title="bbox 2012 3519 3597 3591">
    <p class='ocr_par' dir='ltr' id='par_1_89' title="bbox 2012 3519 3597 3591">
     <span class='ocr_line' id='line_1_91' title="bbox 2012 3519 3597 3591; baseline 0.01 -21"><span class='ocrx_word' id='word_1_708' title='bbox 2012 3530 2134 3571; x_wconf 86' lang='lat' dir='ltr'><strong>eum</strong></span> <span class='ocrx_word' id='word_1_709' title='bbox 2166 3534 2347 3573; x_wconf 90' lang='lat' dir='ltr'><strong>coram</strong></span> <span class='ocrx_word' id='word_1_710' title='bbox 2380 3519 2542 3576; x_wconf 88' lang='lat' dir='ltr'><strong>Patre</strong></span> <span class='ocrx_word' id='word_1_711' title='bbox 2570 3535 2714 3587; x_wconf 89' lang='lat' dir='ltr'><strong>meo,</strong></span> <span class='ocrx_word' id='word_1_712' title='bbox 2747 3523 2836 3591; x_wconf 92' lang='lat' dir='ltr'><strong>qui</strong></span> <span class='ocrx_word' id='word_1_713' title='bbox 2871 3524 2924 3577; x_wconf 93' lang='lat' dir='ltr'><strong>in</strong></span> <span class='ocrx_word' id='word_1_714' title='bbox 2959 3524 3113 3578; x_wconf 67' lang='lat' dir='ltr'><strong>caelis</strong></span> <span class='ocrx_word' id='word_1_715' title='bbox 3141 3535 3226 3579; x_wconf 89' lang='lat' dir='ltr'><strong>est</strong></span> <span class='ocrx_word' id='word_1_716' title='bbox 3252 3527 3320 3580; x_wconf 81' lang='lat'><strong>&quot;.</strong></span> <span class='ocrx_word' id='word_1_717' title='bbox 3352 3547 3497 3582; x_wconf 74' lang='grc' dir='ltr'>ι--ι</span> <span class='ocrx_word' id='word_1_718' title='bbox 3524 3529 3597 3587; x_wconf 84' lang='lat' dir='ltr'><strong>Ut</strong></span> 
     </span>
    </p>
   </div>
   <div class='ocr_carea' id='block_1_90' title="bbox 2010 3613 3589 3687">
    <p class='ocr_par' dir='ltr' id='par_1_90' title="bbox 2010 3613 3589 3687">
     <span class='ocr_line' id='line_1_92' title="bbox 2010 3613 3589 3687; baseline 0.007 -23"><span class='ocrx_word' id='word_1_719' title='bbox 2010 3613 2440 3681; x_wconf 77' lang='lat' dir='ltr'><strong>coguoscatis,et</strong></span> <span class='ocrx_word' id='word_1_720' title='bbox 2457 3614 2692 3668; x_wconf 86' lang='lat' dir='ltr'><strong>credatis</strong></span> <span class='ocrx_word' id='word_1_721' title='bbox 2719 3625 2773 3669; x_wconf 86' lang='lat' dir='ltr'><strong>et</strong></span> <span class='ocrx_word' id='word_1_722' title='bbox 2805 3615 3133 3684; x_wconf 79' lang='lat' dir='ltr'><strong>intelligatis,</strong></span> <span class='ocrx_word' id='word_1_723' title='bbox 3159 3618 3282 3685; x_wconf 88' lang='lat' dir='ltr'><strong>quia</strong></span> <span class='ocrx_word' id='word_1_724' title='bbox 3303 3634 3589 3687; x_wconf 62' lang='lat' dir='ltr'><strong>egosum.»</strong></span> 
     </span>
    </p>
   </div>
   <div class='ocr_carea' id='block_1_91' title="bbox 2081 3701 3593 3780">
    <p class='ocr_par' dir='ltr' id='par_1_91' title="bbox 2081 3701 3593 3780">
     <span class='ocr_line' id='line_1_93' title="bbox 2081 3701 3593 3780; baseline 0.007 -23"><span class='ocrx_word' id='word_1_725' title='bbox 2081 3701 2247 3757; x_wconf 73' lang='lat' dir='ltr'><strong>Vens.</strong></span> <span class='ocrx_word' id='word_1_726' title='bbox 2291 3704 2379 3756; x_wconf 74' lang='lat'><strong>12.</strong></span> <span class='ocrx_word' id='word_1_727' title='bbox 2428 3722 2447 3755; x_wconf 75' lang='grc' dir='ltr'><strong>ι</strong></span> <span class='ocrx_word' id='word_1_728' title='bbox 2477 3706 2615 3758; x_wconf 85' lang='lat' dir='ltr'><strong>Ante</strong></span> <span class='ocrx_word' id='word_1_729' title='bbox 2641 3720 2727 3760; x_wconf 90' lang='lat' dir='ltr'><strong>me</strong></span> <span class='ocrx_word' id='word_1_730' title='bbox 2765 3720 2870 3759; x_wconf 91' lang='lat' dir='ltr'><strong>non</strong></span> <span class='ocrx_word' id='word_1_731' title='bbox 2908 3707 3012 3760; x_wconf 80' lang='lat' dir='ltr'><strong>fuit</strong></span> <span class='ocrx_word' id='word_1_732' title='bbox 3042 3708 3182 3761; x_wconf 90' lang='lat' dir='ltr'><strong>Deus</strong></span> <span class='ocrx_word' id='word_1_733' title='bbox 3207 3708 3365 3775; x_wconf 83' lang='lat' dir='ltr'><strong>alius,</strong></span> <span class='ocrx_word' id='word_1_734' title='bbox 3392 3719 3447 3765; x_wconf 84' lang='lat' dir='ltr'><strong>et</strong></span> <span class='ocrx_word' id='word_1_735' title='bbox 3473 3724 3593 3780; x_wconf 88' lang='lat' dir='ltr'><strong>post</strong></span> 
     </span>
    </p>
   </div>
   <div class='ocr_carea' id='block_1_92' title="bbox 2008 3794 3590 3864">
    <p class='ocr_par' dir='ltr' id='par_1_92' title="bbox 2008 3794 3590 3864">
     <span class='ocr_line' id='line_1_94' title="bbox 2008 3794 3590 3864; baseline 0.007 -16"><span class='ocrx_word' id='word_1_736' title='bbox 2008 3809 2094 3849; x_wconf 90' lang='lat' dir='ltr'><strong>me</strong></span> <span class='ocrx_word' id='word_1_737' title='bbox 2129 3810 2235 3850; x_wconf 91' lang='lat' dir='ltr'><strong>non</strong></span> <span class='ocrx_word' id='word_1_738' title='bbox 2259 3796 2383 3852; x_wconf 89' lang='lat' dir='ltr'><strong>erit.</strong></span> <span class='ocrx_word' id='word_1_739' title='bbox 2416 3816 2435 3849; x_wconf 75' lang='grc' dir='ltr'><strong>ι</strong></span> <span class='ocrx_word' id='word_1_740' title='bbox 2466 3794 2599 3850; x_wconf 88' lang='lat' dir='ltr'><strong>Nam</strong></span> <span class='ocrx_word' id='word_1_741' title='bbox 2627 3797 2828 3852; x_wconf 88' lang='lat' dir='ltr'><strong>Christi</strong></span> <span class='ocrx_word' id='word_1_742' title='bbox 2855 3799 3125 3853; x_wconf 88' lang='lat' dir='ltr'><strong>adventus</strong></span> <span class='ocrx_word' id='word_1_743' title='bbox 3149 3838 3166 3864; x_wconf 95' lang='lat'><strong>,</strong></span> <span class='ocrx_word' id='word_1_744' title='bbox 3206 3809 3260 3853; x_wconf 89' lang='lat' dir='ltr'><strong>et</strong></span> <span class='ocrx_word' id='word_1_745' title='bbox 3293 3802 3590 3859; x_wconf 87' lang='lat' dir='ltr'><strong>testimonii</strong></span> 
     </span>
    </p>
   </div>
   <div class='ocr_carea' id='block_1_93' title="bbox 2009 3886 3586 3961">
    <p class='ocr_par' dir='ltr' id='par_1_93' title="bbox 2009 3886 3586 3961">
     <span class='ocr_line' id='line_1_95' title="bbox 2009 3886 3586 3961; baseline 0.006 -22"><span class='ocrx_word' id='word_1_746' title='bbox 2009 3900 2105 3954; x_wconf 89' lang='lat' dir='ltr'><strong>per</strong></span> <span class='ocrx_word' id='word_1_747' title='bbox 2134 3886 2412 3955; x_wconf 85' lang='lat' dir='ltr'><strong>apostolos</strong></span> <span class='ocrx_word' id='word_1_748' title='bbox 2459 3888 2579 3958; x_wconf 85' lang='lat' dir='ltr'><strong>ejus</strong></span> <span class='ocrx_word' id='word_1_749' title='bbox 2614 3902 2710 3959; x_wconf 88' lang='lat' dir='ltr'><strong>per</strong></span> <span class='ocrx_word' id='word_1_750' title='bbox 2759 3904 2948 3945; x_wconf 89' lang='lat' dir='ltr'><strong>omnes</strong></span> <span class='ocrx_word' id='word_1_751' title='bbox 2982 3901 3171 3961; x_wconf 81' lang='lat' dir='ltr'><strong>gentes</strong></span> <span class='ocrx_word' id='word_1_752' title='bbox 3217 3893 3446 3948; x_wconf 79' lang='lat' dir='ltr'><strong>exbibiti</strong></span> <span class='ocrx_word' id='word_1_753' title='bbox 3480 3911 3586 3949; x_wconf 88' lang='lat' dir='ltr'><strong>non</strong></span> 
     </span>
    </p>
   </div>
   <div class='ocr_carea' id='block_1_94' title="bbox 2006 3979 3588 4057">
    <p class='ocr_par' dir='ltr' id='par_1_94' title="bbox 2006 3979 3588 4057">
     <span class='ocr_line' id='line_1_96' title="bbox 2006 3979 3588 4057; baseline 0.006 -26"><span class='ocrx_word' id='word_1_754' title='bbox 2006 3988 2227 4047; x_wconf 87' lang='lat' dir='ltr'><strong>propter</strong></span> <span class='ocrx_word' id='word_1_755' title='bbox 2254 3979 2401 4033; x_wconf 89' lang='lat' dir='ltr'><strong>aliud</strong></span> <span class='ocrx_word' id='word_1_756' title='bbox 2432 3989 2570 4043; x_wconf 87' lang='lat' dir='ltr'><strong>erat,</strong></span> <span class='ocrx_word' id='word_1_757' title='bbox 2604 3995 2763 4050; x_wconf 91' lang='lat' dir='ltr'><strong>quam</strong></span> <span class='ocrx_word' id='word_1_758' title='bbox 2797 3992 2856 4035; x_wconf 90' lang='lat' dir='ltr'><strong>ut</strong></span> <span class='ocrx_word' id='word_1_759' title='bbox 2890 3984 3250 4052; x_wconf 84' lang='lat' dir='ltr'><strong>praedicarent</strong></span> <span class='ocrx_word' id='word_1_760' title='bbox 3285 3986 3377 4041; x_wconf 91' lang='lat' dir='ltr'><strong>Dei</strong></span> <span class='ocrx_word' id='word_1_761' title='bbox 3403 3989 3588 4057; x_wconf 84' lang='lat' dir='ltr'><strong>cogni-</strong></span> 
     </span>
    </p>
   </div>
   <div class='ocr_carea' id='block_1_95' title="bbox 2006 4069 3582 4147">
    <p class='ocr_par' dir='ltr' id='par_1_95' title="bbox 2006 4069 3582 4147">
     <span class='ocr_line' id='line_1_97' title="bbox 2006 4069 3582 4147; baseline 0.008 -26"><span class='ocrx_word' id='word_1_762' title='bbox 2006 4069 2233 4135; x_wconf 89' lang='lat' dir='ltr'><strong>tionem,</strong></span> <span class='ocrx_word' id='word_1_763' title='bbox 2278 4070 2434 4125; x_wconf 89' lang='lat' dir='ltr'><strong>ﬁdem</strong></span> <span class='ocrx_word' id='word_1_764' title='bbox 2468 4072 2521 4127; x_wconf 89' lang='lat' dir='ltr'><strong>in</strong></span> <span class='ocrx_word' id='word_1_765' title='bbox 2556 4088 2701 4139; x_wconf 90' lang='lat' dir='ltr'><strong>eum,</strong></span> <span class='ocrx_word' id='word_1_766' title='bbox 2733 4084 2787 4129; x_wconf 91' lang='lat' dir='ltr'><strong>et</strong></span> <span class='ocrx_word' id='word_1_767' title='bbox 2831 4076 3246 4146; x_wconf 85' lang='lat' dir='ltr'><strong>intelligentiam</strong></span> <span class='ocrx_word' id='word_1_768' title='bbox 3311 4079 3452 4147; x_wconf 87' lang='lat' dir='ltr'><strong>ejus,</strong></span> <span class='ocrx_word' id='word_1_769' title='bbox 3494 4081 3582 4142; x_wconf 89' lang='lat' dir='ltr'><strong>iis,</strong></span> 
     </span>
    </p>
   </div>
   <div class='ocr_carea' id='block_1_96' title="bbox 2000 4164 3582 4235">
    <p class='ocr_par' dir='ltr' id='par_1_96' title="bbox 2000 4164 3582 4235">
     <span class='ocr_line' id='line_1_98' title="bbox 2000 4164 3582 4235; baseline 0.008 -21"><span class='ocrx_word' id='word_1_770' title='bbox 2000 4164 2089 4231; x_wconf 90' lang='lat' dir='ltr'><strong>qui</strong></span> <span class='ocrx_word' id='word_1_771' title='bbox 2122 4165 2271 4233; x_wconf 89' lang='lat' dir='ltr'><strong>prius</strong></span> <span class='ocrx_word' id='word_1_772' title='bbox 2304 4164 2649 4235; x_wconf 88' lang='lat' dir='ltr'><strong>insipientes,</strong></span> <span class='ocrx_word' id='word_1_773' title='bbox 2682 4169 2971 4222; x_wconf 87' lang='lat' dir='ltr'><strong>inordinati</strong></span> <span class='ocrx_word' id='word_1_774' title='bbox 3000 4209 3015 4234; x_wconf 94' lang='lat'><strong>,</strong></span> <span class='ocrx_word' id='word_1_775' title='bbox 3064 4179 3118 4224; x_wconf 91' lang='lat' dir='ltr'><strong>et</strong></span> <span class='ocrx_word' id='word_1_776' title='bbox 3148 4170 3391 4225; x_wconf 88' lang='lat' dir='ltr'><strong>inﬁdeles</strong></span> <span class='ocrx_word' id='word_1_777' title='bbox 3423 4185 3582 4227; x_wconf 81' lang='lat' dir='ltr'><strong>erant</strong></span> 
     </span>
    </p>
   </div>
   <div class='ocr_carea' id='block_1_97' title="bbox 1998 4258 3579 4329">
    <p class='ocr_par' dir='ltr' id='par_1_97' title="bbox 1998 4258 3579 4329">
     <span class='ocr_line' id='line_1_99' title="bbox 1998 4258 3579 4329; baseline 0.004 -20"><span class='ocrx_word' id='word_1_778' title='bbox 1998 4259 2264 4327; x_wconf 84' lang='lat' dir='ltr'><strong>atquein</strong></span> <span class='ocrx_word' id='word_1_779' title='bbox 2344 4258 2650 4329; x_wconf 86' lang='lat' dir='ltr'><strong>ignorantia</strong></span> <span class='ocrx_word' id='word_1_780' title='bbox 2724 4259 2847 4329; x_wconf 83' lang='lat' dir='ltr'><strong>ejus</strong></span> <span class='ocrx_word' id='word_1_781' title='bbox 2908 4262 3311 4328; x_wconf 75' lang='lat' dir='ltr'><strong>versabantur;</strong></span> <span class='ocrx_word' id='word_1_782' title='bbox 3383 4264 3454 4315; x_wconf 89' lang='lat' dir='ltr'><strong>ita</strong></span> <span class='ocrx_word' id='word_1_783' title='bbox 3522 4276 3579 4317; x_wconf 84' lang='lat' dir='ltr'><strong>ut</strong></span> 
     </span>
    </p>
   </div>
   <div class='ocr_carea' id='block_1_98' title="bbox 1998 4350 3579 4417">
    <p class='ocr_par' dir='ltr' id='par_1_98' title="bbox 1998 4350 3579 4417">
     <span class='ocr_line' id='line_1_100' title="bbox 1998 4350 3579 4417; baseline 0.005 -18"><span class='ocrx_word' id='word_1_784' title='bbox 1998 4356 2284 4417; x_wconf 89' lang='lat' dir='ltr'><strong>propterea</strong></span> <span class='ocrx_word' id='word_1_785' title='bbox 2335 4350 2531 4404; x_wconf 89' lang='lat' dir='ltr'><strong>mentis</strong></span> <span class='ocrx_word' id='word_1_786' title='bbox 2579 4351 2753 4406; x_wconf 87' lang='lat' dir='ltr'><strong>oculis</strong></span> <span class='ocrx_word' id='word_1_787' title='bbox 2792 4354 3129 4417; x_wconf 69' lang='lat' dir='ltr'><strong>cmculirenl,</strong></span> <span class='ocrx_word' id='word_1_788' title='bbox 3178 4362 3231 4407; x_wconf 91' lang='lat' dir='ltr'><strong>et</strong></span> <span class='ocrx_word' id='word_1_789' title='bbox 3277 4355 3330 4407; x_wconf 91' lang='lat' dir='ltr'><strong>in</strong></span> <span class='ocrx_word' id='word_1_790' title='bbox 3391 4369 3579 4408; x_wconf 88' lang='lat' dir='ltr'><strong>errore</strong></span> 
     </span>
    </p>
   </div>
   <div class='ocr_carea' id='block_1_99' title="bbox 1996 4438 3576 4515">
    <p class='ocr_par' dir='ltr' id='par_1_99' title="bbox 1996 4438 3576 4515">
     <span class='ocr_line' id='line_1_101' title="bbox 1996 4438 3576 4515; baseline 0.006 -24"><span class='ocrx_word' id='word_1_791' title='bbox 1996 4439 2172 4507; x_wconf 75' lang='lat' dir='ltr'><strong>impia:</strong></span> <span class='ocrx_word' id='word_1_792' title='bbox 2196 4438 2513 4495; x_wconf 66' lang='lat' dir='ltr'><strong>idololatriae</strong></span> <span class='ocrx_word' id='word_1_793' title='bbox 2541 4442 2933 4498; x_wconf 83' lang='lat' dir='ltr'><strong>volutarentur.</strong></span> <span class='ocrx_word' id='word_1_794' title='bbox 2966 4462 2986 4496; x_wconf 72' lang='grc' dir='ltr'><strong>ι</strong></span> <span class='ocrx_word' id='word_1_795' title='bbox 3018 4444 3131 4515; x_wconf 85' lang='lat' dir='ltr'><strong>Ego</strong></span> <span class='ocrx_word' id='word_1_796' title='bbox 3164 4445 3322 4510; x_wconf 85' lang='lat' dir='ltr'><strong>Deus,</strong></span> <span class='ocrx_word' id='word_1_797' title='bbox 3374 4459 3429 4500; x_wconf 90' lang='lat' dir='ltr'><strong>et</strong></span> <span class='ocrx_word' id='word_1_798' title='bbox 3469 4460 3576 4502; x_wconf 91' lang='lat' dir='ltr'><strong>non</strong></span> 
     </span>
    </p>
   </div>
   <div class='ocr_carea' id='block_1_100' title="bbox 1994 4530 3575 4598">
    <p class='ocr_par' dir='ltr' id='par_1_100' title="bbox 1994 4530 3575 4598">
     <span class='ocr_line' id='line_1_102' title="bbox 1994 4530 3575 4598; baseline 0.005 -16"><span class='ocrx_word' id='word_1_799' title='bbox 1994 4542 2077 4582; x_wconf 89' lang='lat' dir='ltr'><strong>est</strong></span> <span class='ocrx_word' id='word_1_800' title='bbox 2124 4539 2321 4598; x_wconf 69' lang='lat' dir='ltr'><strong>prmter</strong></span> <span class='ocrx_word' id='word_1_801' title='bbox 2378 4546 2464 4584; x_wconf 88' lang='lat' dir='ltr'><strong>me</strong></span> <span class='ocrx_word' id='word_1_802' title='bbox 2515 4530 2785 4585; x_wconf 85' lang='lat' dir='ltr'><strong>Salvator.</strong></span> <span class='ocrx_word' id='word_1_803' title='bbox 2835 4550 2853 4582; x_wconf 76' lang='grc' dir='ltr'><strong>ι</strong></span> <span class='ocrx_word' id='word_1_804' title='bbox 2920 4532 3053 4586; x_wconf 87' lang='lat' dir='ltr'><strong>Nam</strong></span> <span class='ocrx_word' id='word_1_805' title='bbox 3107 4549 3228 4587; x_wconf 90' lang='lat' dir='ltr'><strong>cum</strong></span> <span class='ocrx_word' id='word_1_806' title='bbox 3298 4551 3462 4590; x_wconf 90' lang='lat' dir='ltr'><strong>unum</strong></span> <span class='ocrx_word' id='word_1_807' title='bbox 3503 4538 3575 4591; x_wconf 83' lang='lat' dir='ltr'><strong>sit</strong></span> 
     </span>
    </p>
   </div>
   <div class='ocr_carea' id='block_1_101' title="bbox 1784 4590 3576 4697">
    <p class='ocr_par' dir='ltr' id='par_1_101' title="bbox 1784 4590 3576 4697">
     <span class='ocr_line' id='line_1_103' title="bbox 1784 4590 3576 4697; baseline 0.004 -22"><span class='ocrx_word' id='word_1_808' title='bbox 1784 4590 1886 4660; x_wconf 72' lang='grc' dir='ltr'><strong>μθῦ</strong></span> <span class='ocrx_word' id='word_1_809' title='bbox 1919 4621 1963 4676; x_wconf 93' lang='lat' dir='ltr'><strong>D</strong></span> <span class='ocrx_word' id='word_1_810' title='bbox 1992 4590 2345 4689; x_wconf 73' lang='lat' dir='ltr'><strong>prineipium,</strong></span> <span class='ocrx_word' id='word_1_811' title='bbox 2413 4637 2517 4676; x_wconf 85' lang='lat' dir='ltr'><strong>una</strong></span> <span class='ocrx_word' id='word_1_812' title='bbox 2575 4622 2739 4677; x_wconf 82' lang='lat' dir='ltr'><strong>fuerit</strong></span> <span class='ocrx_word' id='word_1_813' title='bbox 2777 4632 2833 4678; x_wconf 81' lang='lat' dir='ltr'><strong>et</strong></span> <span class='ocrx_word' id='word_1_814' title='bbox 2870 4625 3080 4692; x_wconf 85' lang='lat' dir='ltr'><strong>deitas,</strong></span> <span class='ocrx_word' id='word_1_815' title='bbox 3142 4641 3375 4697; x_wconf 85' lang='lat' dir='ltr'><strong>quacum</strong></span> <span class='ocrx_word' id='word_1_816' title='bbox 3419 4643 3576 4684; x_wconf 82' lang='lat' dir='ltr'><strong>assu-</strong></span> 
     </span>
    </p>
   </div>
   <div class='ocr_carea' id='block_1_102' title="bbox 1991 4713 2984 4786">
    <p class='ocr_par' dir='ltr' id='par_1_102' title="bbox 1991 4713 2984 4786">
     <span class='ocr_line' id='line_1_104' title="bbox 1991 4713 2984 4786; baseline 0.005 -18"><span class='ocrx_word' id='word_1_817' title='bbox 1991 4716 2168 4768; x_wconf 85' lang='lat' dir='ltr'><strong>mitur-</strong></span> <span class='ocrx_word' id='word_1_818' title='bbox 2205 4713 2479 4786; x_wconf 86' lang='lat' dir='ltr'><strong>Unigeniti</strong></span> <span class='ocrx_word' id='word_1_819' title='bbox 2538 4715 2655 4785; x_wconf 82' lang='lat' dir='ltr'><strong>ejus</strong></span> <span class='ocrx_word' id='word_1_820' title='bbox 2695 4715 2984 4784; x_wconf 83' lang='lat' dir='ltr'><strong>theologia.</strong></span> 
     </span>
    </p>
   </div>
   <div class='ocr_carea' id='block_1_103' title="bbox 2070 5054 3563 5125">
    <p class='ocr_par' dir='ltr' id='par_1_103' title="bbox 2070 5054 3563 5125">
     <span class='ocr_line' id='line_1_105' title="bbox 2070 5054 3563 5125; baseline 0.001 -17"><span class='ocrx_word' id='word_1_821' title='bbox 2070 5068 2218 5112; x_wconf 60' lang='lat' dir='ltr'><strong>quas.</strong></span> <span class='ocrx_word' id='word_1_822' title='bbox 2264 5072 2349 5107; x_wconf 72' lang='grc' dir='ltr'><strong>ιι).</strong></span> <span class='ocrx_word' id='word_1_823' title='bbox 2413 5070 2433 5105; x_wconf 84' lang='grc' dir='ltr'><strong>ι</strong></span> <span class='ocrx_word' id='word_1_824' title='bbox 2463 5058 2575 5125; x_wconf 71' lang='grc' dir='ltr'>ιεοεο</span> <span class='ocrx_word' id='word_1_825' title='bbox 2603 5063 2927 5109; x_wconf 82' lang='lat' dir='ltr'><strong>annunttavt</strong></span> <span class='ocrx_word' id='word_1_826' title='bbox 2972 5066 3026 5109; x_wconf 90' lang='lat' dir='ltr'><strong>et</strong></span> <span class='ocrx_word' id='word_1_827' title='bbox 3076 5054 3280 5111; x_wconf 80' lang='lat' dir='ltr'><strong>salvavi</strong></span> <span class='ocrx_word' id='word_1_828' title='bbox 3314 5072 3331 5111; x_wconf 86' lang='lat'><strong>:</strong></span> <span class='ocrx_word' id='word_1_829' title='bbox 3364 5069 3563 5125; x_wconf 76' lang='lat' dir='ltr'><strong>expro-</strong></span> 
     </span>
    </p>
   </div>
   <div class='ocr_carea' id='block_1_104' title="bbox 1981 5144 3559 5213">
    <p class='ocr_par' dir='ltr' id='par_1_104' title="bbox 1981 5144 3559 5213">
     <span class='ocr_line' id='line_1_106' title="bbox 1981 5144 3559 5213; baseline 0.001 -11"><span class='ocrx_word' id='word_1_830' title='bbox 1981 5144 2156 5210; x_wconf 85' lang='lat' dir='ltr'><strong>bravi,</strong></span> <span class='ocrx_word' id='word_1_831' title='bbox 2184 5154 2240 5200; x_wconf 92' lang='lat' dir='ltr'><strong>et</strong></span> <span class='ocrx_word' id='word_1_832' title='bbox 2264 5161 2369 5201; x_wconf 90' lang='lat' dir='ltr'><strong>non</strong></span> <span class='ocrx_word' id='word_1_833' title='bbox 2396 5155 2516 5201; x_wconf 87' lang='lat' dir='ltr'><strong>erat</strong></span> <span class='ocrx_word' id='word_1_834' title='bbox 2540 5147 2593 5201; x_wconf 91' lang='lat' dir='ltr'><strong>in</strong></span> <span class='ocrx_word' id='word_1_835' title='bbox 2623 5147 2778 5204; x_wconf 83' lang='lat' dir='ltr'><strong>vobis</strong></span> <span class='ocrx_word' id='word_1_836' title='bbox 2801 5148 3029 5202; x_wconf 83' lang='lat' dir='ltr'><strong>alienus.</strong></span> <span class='ocrx_word' id='word_1_837' title='bbox 3072 5147 3180 5203; x_wconf 84' lang='lat' dir='ltr'><strong>Vos</strong></span> <span class='ocrx_word' id='word_1_838' title='bbox 3211 5148 3340 5203; x_wconf 88' lang='lat' dir='ltr'><strong>mihi</strong></span> <span class='ocrx_word' id='word_1_839' title='bbox 3374 5159 3559 5213; x_wconf 88' lang='lat' dir='ltr'><strong>testes,</strong></span> 
     </span>
    </p>
   </div>
   <div class='ocr_carea' id='block_1_105' title="bbox 1978 5238 3562 5310">
    <p class='ocr_par' dir='ltr' id='par_1_105' title="bbox 1978 5238 3562 5310">
     <span class='ocr_line' id='line_1_107' title="bbox 1978 5238 3562 5310; baseline -0.001 -17"><span class='ocrx_word' id='word_1_840' title='bbox 1978 5249 2033 5293; x_wconf 91' lang='lat' dir='ltr'><strong>et</strong></span> <span class='ocrx_word' id='word_1_841' title='bbox 2069 5255 2168 5310; x_wconf 86' lang='lat' dir='ltr'><strong>ego</strong></span> <span class='ocrx_word' id='word_1_842' title='bbox 2197 5238 2459 5294; x_wconf 89' lang='lat' dir='ltr'><strong>Dominus</strong></span> <span class='ocrx_word' id='word_1_843' title='bbox 2497 5242 2638 5294; x_wconf 89' lang='lat' dir='ltr'><strong>Deus</strong></span> <span class='ocrx_word' id='word_1_844' title='bbox 2678 5241 2842 5295; x_wconf 88' lang='lat' dir='ltr'><strong>etiam</strong></span> <span class='ocrx_word' id='word_1_845' title='bbox 2889 5242 2956 5295; x_wconf 86' lang='lat' dir='ltr'><strong>ab</strong></span> <span class='ocrx_word' id='word_1_846' title='bbox 2998 5240 3156 5294; x_wconf 89' lang='lat' dir='ltr'><strong>initio</strong></span> <span class='ocrx_word' id='word_1_847' title='bbox 3187 5257 3200 5292; x_wconf 93' lang='lat'>:</span> <span class='ocrx_word' id='word_1_848' title='bbox 3229 5248 3283 5295; x_wconf 89' lang='lat' dir='ltr'><strong>et</strong></span> <span class='ocrx_word' id='word_1_849' title='bbox 3328 5256 3435 5295; x_wconf 91' lang='lat' dir='ltr'><strong>non</strong></span> <span class='ocrx_word' id='word_1_850' title='bbox 3479 5248 3562 5294; x_wconf 89' lang='lat' dir='ltr'><strong>est</strong></span> 
     </span>
    </p>
   </div>
   <div class='ocr_carea' id='block_1_106' title="bbox 1979 5331 3560 5417">
    <p class='ocr_par' dir='ltr' id='par_1_106' title="bbox 1979 5331 3560 5417">
     <span class='ocr_line' id='line_1_108' title="bbox 1979 5331 3560 5417; baseline -0.001 -31"><span class='ocrx_word' id='word_1_851' title='bbox 1979 5333 2069 5403; x_wconf 91' lang='lat' dir='ltr'><strong>qui</strong></span> <span class='ocrx_word' id='word_1_852' title='bbox 2097 5335 2163 5388; x_wconf 86' lang='lat' dir='ltr'><strong>de</strong></span> <span class='ocrx_word' id='word_1_853' title='bbox 2194 5332 2441 5387; x_wconf 87' lang='lat' dir='ltr'><strong>manibus</strong></span> <span class='ocrx_word' id='word_1_854' title='bbox 2484 5334 2620 5388; x_wconf 89' lang='lat' dir='ltr'><strong>meis</strong></span> <span class='ocrx_word' id='word_1_855' title='bbox 2647 5342 2828 5417; x_wconf 80' lang='lat' dir='ltr'><strong>eruat.</strong></span> <span class='ocrx_word' id='word_1_856' title='bbox 2856 5333 3099 5397; x_wconf 84' lang='lat' dir='ltr'><strong>Faciam,</strong></span> <span class='ocrx_word' id='word_1_857' title='bbox 3129 5341 3183 5387; x_wconf 91' lang='lat' dir='ltr'><strong>et</strong></span> <span class='ocrx_word' id='word_1_858' title='bbox 3206 5331 3327 5400; x_wconf 89' lang='lat' dir='ltr'><strong>quis</strong></span> <span class='ocrx_word' id='word_1_859' title='bbox 3354 5339 3560 5385; x_wconf 87' lang='lat' dir='ltr'><strong>avertet</strong></span> 
     </span>
    </p>
   </div>
   <div class='ocr_carea' id='block_1_107' title="bbox 1978 5422 3552 5492">
    <p class='ocr_par' dir='ltr' id='par_1_107' title="bbox 1978 5422 3552 5492">
     <span class='ocr_line' id='line_1_109' title="bbox 1978 5422 3552 5492; baseline -0.001 -14"><span class='ocrx_word' id='word_1_860' title='bbox 1978 5424 2175 5479; x_wconf 66' lang='lat' dir='ltr'><strong>illud?)</strong></span> <span class='ocrx_word' id='word_1_861' title='bbox 2207 5422 2418 5481; x_wconf 84' lang='lat' dir='ltr'><strong>Etenim</strong></span> <span class='ocrx_word' id='word_1_862' title='bbox 2459 5434 2511 5479; x_wconf 91' lang='lat' dir='ltr'><strong>ut</strong></span> <span class='ocrx_word' id='word_1_863' title='bbox 2566 5426 2721 5481; x_wconf 89' lang='lat' dir='ltr'><strong>testis</strong></span> <span class='ocrx_word' id='word_1_864' title='bbox 2767 5427 3068 5488; x_wconf 87' lang='lat' dir='ltr'><strong>dicebatur,</strong></span> <span class='ocrx_word' id='word_1_865' title='bbox 3120 5433 3173 5477; x_wconf 86' lang='lat' dir='ltr'><strong>et</strong></span> <span class='ocrx_word' id='word_1_866' title='bbox 3205 5438 3340 5492; x_wconf 88' lang='lat' dir='ltr'><strong>puer</strong></span> <span class='ocrx_word' id='word_1_867' title='bbox 3392 5437 3552 5491; x_wconf 78' lang='lat' dir='ltr'><strong>quem</strong></span> 
     </span>
    </p>
   </div>
   <div class='ocr_carea' id='block_1_108' title="bbox 1976 5514 3552 5592">
    <p class='ocr_par' dir='ltr' id='par_1_108' title="bbox 1976 5514 3552 5592">
     <span class='ocr_line' id='line_1_110' title="bbox 1976 5514 3552 5592; baseline -0.005 -21"><span class='ocrx_word' id='word_1_868' title='bbox 1976 5516 2249 5586; x_wconf 76' lang='lat' dir='ltr'><strong>elegerat;</strong></span> <span class='ocrx_word' id='word_1_869' title='bbox 2282 5518 2354 5572; x_wconf 87' lang='lat' dir='ltr'><strong>ita</strong></span> <span class='ocrx_word' id='word_1_870' title='bbox 2401 5527 2456 5571; x_wconf 89' lang='lat' dir='ltr'><strong>et</strong></span> <span class='ocrx_word' id='word_1_871' title='bbox 2501 5519 2613 5586; x_wconf 90' lang='lat' dir='ltr'><strong>ipse</strong></span> <span class='ocrx_word' id='word_1_872' title='bbox 2637 5532 2852 5588; x_wconf 90' lang='lat' dir='ltr'><strong>quoque</strong></span> <span class='ocrx_word' id='word_1_873' title='bbox 2894 5517 3037 5571; x_wconf 93' lang='lat' dir='ltr'><strong>Deus</strong></span> <span class='ocrx_word' id='word_1_874' title='bbox 3071 5516 3319 5571; x_wconf 88' lang='lat' dir='ltr'><strong>Salvator</strong></span> <span class='ocrx_word' id='word_1_875' title='bbox 3367 5514 3552 5592; x_wconf 80' lang='lat' dir='ltr'><strong>fuerit.</strong></span> 
     </span>
    </p>
   </div>
   <div class='ocr_carea' id='block_1_109' title="bbox 299 5571 1916 5677">
    <p class='ocr_par' dir='ltr' id='par_1_109' title="bbox 299 5571 1871 5675">
     <span class='ocr_line' id='line_1_111' title="bbox 299 5571 1871 5675; baseline 0.02 -46"><span class='ocrx_word' id='word_1_876' title='bbox 299 5571 405 5637; x_wconf 80' lang='grc' dir='ltr'>τός.</span> <span class='ocrx_word' id='word_1_877' title='bbox 455 5580 578 5634; x_wconf 80' lang='grc' dir='ltr'>Ἐὰν</span> <span class='ocrx_word' id='word_1_878' title='bbox 600 5584 659 5636; x_wconf 74' lang='grc' dir='ltr'><strong>δὲ</strong></span> <span class='ocrx_word' id='word_1_879' title='bbox 687 5584 840 5659; x_wconf 81' lang='grc' dir='ltr'>λέγῃ,</span> <span class='ocrx_word' id='word_1_880' title='bbox 876 5607 895 5641; x_wconf 78' lang='grc' dir='ltr'><strong>ι</strong></span> <span class='ocrx_word' id='word_1_881' title='bbox 931 5591 1041 5647; x_wconf 76' lang='grc' dir='ltr'><strong>Καὶ</strong></span> <span class='ocrx_word' id='word_1_882' title='bbox 1079 5595 1179 5649; x_wconf 81' lang='grc' dir='ltr'>οὐκ</span> <span class='ocrx_word' id='word_1_883' title='bbox 1228 5596 1342 5653; x_wconf 80' lang='grc' dir='ltr'>ἐστι</span> <span class='ocrx_word' id='word_1_884' title='bbox 1397 5571 1568 5672; x_wconf 81' lang='grc' dir='ltr'>παρὲξ</span> <span class='ocrx_word' id='word_1_885' title='bbox 1595 5571 1731 5675; x_wconf 74' lang='grc' dir='ltr'>ἐμοῦ</span> <span class='ocrx_word' id='word_1_886' title='bbox 1766 5606 1871 5660; x_wconf 80' lang='grc' dir='ltr'><strong>σώ-</strong></span> 
     </span>
    </p>
   </div>
   <div class='ocr_carea' id='block_1_110' title="bbox 2017 5571 3549 5677">
    <p class='ocr_par' dir='ltr' id='par_1_110' title="bbox 2017 5571 3549 5677">
     <span class='ocr_line' id='line_1_112' title="bbox 2017 5571 3549 5677; baseline -0.001 -18"><span class='ocrx_word' id='word_1_887' title='bbox 2023 5571 2125 5663; x_wconf 61' lang='lat' dir='ltr'><strong>itod</strong></span> <span class='ocrx_word' id='word_1_888' title='bbox 2169 5608 2214 5664; x_wconf 90' lang='lat' dir='ltr'><strong>si</strong></span> <span class='ocrx_word' id='word_1_889' title='bbox 2238 5571 2415 5673; x_wconf 44' lang='lat' dir='ltr'><strong>&#39;dicat,</strong></span> <span class='ocrx_word' id='word_1_890' title='bbox 2453 5626 2471 5662; x_wconf 85' lang='grc'><strong><em>‹</em></strong></span> <span class='ocrx_word' id='word_1_891' title='bbox 2511 5571 2577 5665; x_wconf 62' lang='grc' dir='ltr'>ἐι</span> <span class='ocrx_word' id='word_1_892' title='bbox 2621 5571 2727 5665; x_wconf 42' lang='lat' dir='ltr'><strong>njon</strong></span> <span class='ocrx_word' id='word_1_893' title='bbox 2756 5571 2849 5664; x_wconf 61' lang='lat' dir='ltr'><strong>est</strong></span> <span class='ocrx_word' id='word_1_894' title='bbox 2878 5616 3070 5677; x_wconf 70' lang='lat' dir='ltr'><strong>praeter</strong></span> <span class='ocrx_word' id='word_1_895' title='bbox 3105 5622 3189 5663; x_wconf 88' lang='lat' dir='ltr'><strong>me</strong></span> <span class='ocrx_word' id='word_1_896' title='bbox 3230 5602 3498 5669; x_wconf 83' lang='lat' dir='ltr'><strong>Salvator,</strong></span> <span class='ocrx_word' id='word_1_897' title='bbox 3526 5621 3549 5657; x_wconf 69' lang='grc' dir='ltr'><strong>ι</strong></span> 
     </span>
    </p>
   </div>
   <div class='ocr_carea' id='block_1_111' title="bbox 300 5808 762 5892">
    <p class='ocr_par' dir='ltr' id='par_1_111' title="bbox 300 5808 762 5892">
     <span class='ocr_line' id='line_1_113' title="bbox 300 5808 762 5892; baseline 0.037 -24"><span class='ocrx_word' id='word_1_898' title='bbox 300 5808 341 5840; x_wconf 88' lang='grc'><strong>⁷⁸</strong></span> <span class='ocrx_word' id='word_1_899' title='bbox 372 5814 557 5881; x_wconf 79' lang='lat' dir='ltr'><strong>Matth.</strong></span> <span class='ocrx_word' id='word_1_900' title='bbox 592 5840 647 5892; x_wconf 84' lang='lat' dir='ltr'><strong>x,</strong></span> <span class='ocrx_word' id='word_1_901' title='bbox 673 5827 762 5885; x_wconf 75' lang='grc'><strong>32.</strong></span> 
     </span>
    </p>
   </div>
  </div>
