4130 6392
432 364 533 417 401

515 503 532 533 ι
565 482 704 535 Λαὸν
736 499 836 552 μου
860 481 920 534 ὃν
941 479 1410 567 περιεποιησάμην
1429 476 1528 540 τὰς
1547 476 1746 548 ἀρετάς
1776 492 1876 549 μου
1903 474 2016 544 διη-
2047 476 2092 532 Α

430 575 651 643 γεῖσθαι
677 591 690 602 ·
721 575 781 626 οὑ
829 571 923 626 νῦν
955 566 1190 625 ἐκάλεσά
1224 587 1304 633 σε,
1348 569 1561 630 Ἰακὼϐ,
1605 568 1724 621 οὺδέ
1763 566 2018 620 κοπιάσαι

433 685 497 719 σε
527 667 780 736 ἐποίησα,
811 663 1048 736 Ἰσραήλ.
1076 683 1093 715 ι
1119 664 1182 716 Εἰ
1209 663 1304 732 μὲν
1333 660 1440 734 γὰρ
1470 660 1633 731 θῆρες
1653 661 1701 712 οἱ
1724 661 1902 729 ἄγριοι
1928 658 2022 710 καὶ

436 758 687 829 σειρῆνες
715 756 808 810 καὶ
840 759 894 810 αἱ
929 755 1228 827 θυγατέρες
1256 754 1363 807 τῶν
1399 751 1673 824 στρουθῶν
1697 751 2019 821 εὐλογήσου-

437 850 494 902 σί
533 867 599 920 με
625 866 637 880 ι
669 850 732 901 σὺ
753 849 830 913 δέ,
871 847 1084 911 Ἰακὼϐ,
1122 848 1272 901 οὐδὲν
1305 846 1541 900 τοιοῦτον
1574 845 1872 915 διεπράξω·
1908 842 2020 896 ἀλλ’

434 943 560 995 οὐδὲ
589 942 826 1011 ἠξίωσας
852 942 952 1011 ἐμὲ
978 938 1372 1002 ἐπικαλεῖσθαι,
1404 956 1422 988 ι
1445 936 1740 1006 ἐκοπιάθης
1766 956 1783 986 ι
1813 937 1869 990 δέ
1898 956 1915 988 ι
1944 937 2022 999 εἰς

435 1035 560 1104 ἐμὲ,
587 1053 604 1084 ι
632 1034 776 1087 κατά
821 1034 912 1088 τὸν
942 1034 1257 1105 Σύμμαχον,
1287 1031 1464 1086 καίτοι
1493 1029 1626 1101 ἐμοῦ
1657 1031 1730 1102 μὴ
1758 1031 2018 1101 ποιήσαν-

437 1124 532 1188 τὸς
565 1141 624 1176 σε
650 1124 933 1178 κοπιάσαι.

517 1321 536 1353 α
571 1302 682 1357 Οὐκ
698 1303 933 1373 ἣνεγκάς
961 1321 1048 1374 μοι
1079 1303 1328 1374 πρόϐατά
1351 1320 1443 1355 σου
1473 1301 1573 1371 τῆς
1598 1297 2024 1370 ὁλοκαρπώσεὼς

441 1412 558 1459 σου,
583 1395 702 1448 οὐδὲ
726 1397 783 1448 ἐν
802 1399 919 1459 ταῖς
951 1396 1163 1460 θυσίαις
1189 1415 1280 1450 σου
1309 1396 1564 1463 ἐῶξασάς
1595 1411 1661 1464 με
1682 1411 1695 1424 ·
1736 1394 1833 1446 οὐκ
1873 1391 2023 1445 ἐδού-

439 1485 590 1540 λωσά
624 1504 680 1539 σε
714 1488 770 1540 ἐν
794 1486 1024 1552 θυσίαις,
1057 1489 1176 1540 οὺδέ
1199 1487 1432 1556 ἐγκοπον
1465 1485 1695 1556 ἐποίησά
1718 1503 1777 1538 σε
1801 1485 1858 1537 ἐν
1879 1483 2026 1536 λιϐά-

441 1595 538 1648 νῳ.
567 1598 584 1629 ι
625 1579 815 1642 Ὅπως
843 1579 938 1632 καὶ
967 1580 1024 1631 ἐν
1045 1582 1158 1642 τοῖς
1188 1579 1565 1650 προκειμένοις
1593 1575 1656 1647 τῇ
1682 1577 1894 1648 ἐρήμῳ,
1931 1573 2025 1626 καὶ

441 1672 556 1732 τοῖς
581 1671 637 1722 ἐν
668 1671 804 1740 αὐτῇ
833 1670 1042 1741 θηρίοις
1067 1671 1285 1739 ἀγαθῶν
1327 1670 1548 1732 ἐλπίδας
1576 1667 1982 1736 εὐαγγελίζεται
2005 1683 2019 1696 ·

441 1763 527 1818 τὸν
558 1763 614 1815 δὲ
642 1763 770 1816 λαὸν
792 1764 883 1816 τδν
914 1767 977 1817 ὲκ
1011 1766 1310 1836 περιτομῆς
1347 1766 1439 1819 ἐπ’
1467 1762 1744 1824 ἀσεϐείαις
1789 1761 2020 1830 ἐλέγχει,

439 1858 498 1910 ὅν
526 1858 620 1910 καὶ
653 1854 849 1910 Ἰακὼὸ
911 1857 1066 1910 καλεῖ
1090 1856 1183 1908 νῦν
1227 1857 1320 1910 καὶ
1357 1855 1602 1926 Ἰσραήλ·
1635 1853 1806 1916 οὕτως
1838 1852 2020 1917 ἁπλῶς

445 1947 625 2018 ξηροῖς
644 1947 902 2018 ὀνόμασιν
933 1943 1056 2000 οὔτε
1086 1947 1268 2001 δοῦλον
1293 1945 1478 2010 αὐτοῦ,
1512 1943 1634 1998 οὔτε
1668 1944 1920 1998 ἐκλεκτὸν
1949 1945 2024 1996 εἰ·

440 2037 579 2103 πὼν,
607 2039 742 2110 ὅπερ
765 2039 938 2091 ἐποίει
966 2038 1059 2092 ἐπὶ
1087 2037 1180 2091 τοῦ
1203 2038 1509 2108 κρείττονος
1531 2037 1827 2107 τάγματος.

522 2241 698 2295 (Ουδέ
747 2243 965 2312 ἐκτήσω
1020 2259 1110 2313 μοι
1153 2240 1417 2312 ἀργυρίου
1465 2238 1735 2310 θυμίαμα,
1791 2238 1911 2291 οὐδὲ
1966 2235 2026 2291 τὸ

455 2335 615 2406 στέαρ
645 2335 752 2387 τῶν
792 2334 991 2387 θυσιῶν
1022 2351 1116 2387 σου
1151 2332 1472 2404 ἐπεθύμησα
1495 2348 1506 2360 ·
1547 2330 1683 2384 ἀλλά
1711 2333 1768 2384 ἐν
1802 2332 1921 2394 ταῖς
1964 2331 2027 2383 ἀ-

457 2427 708 2498 μαρτίαις
735 2445 829 2480 σου
857 2427 1127 2497 προέστης
1147 2444 1269 2496 μου,
1293 2426 1390 2478 καὶ
1422 2426 1478 2478 ἐν
1507 2427 1625 2488 ταῖς
1653 2423 1886 2485 ἀδικίαις
1912 2440 2025 2475 σου.

468 2518 607 2586 Ἐγώ
638 2520 765 2588 είμι,
800 2517 912 2587 ἐγώ
943 2520 1078 2589 εἰμι,
1131 2519 1160 2570 ὁ
1190 2517 1485 2586 ἐξαλείφων
1520 2516 1618 2580 τὰς
1673 2516 1902 2586 ἀνομίας
1936 2533 2027 2568 σου

450 2609 631 2663 ἕνεκεν
665 2611 820 2680 ἐμοῦ,
855 2610 950 2663 καὶ
975 2611 1072 2673 τάς
1106 2609 1378 2682 ἁμαρτίας
1407 2627 1522 2670 σου,
1553 2609 1648 2663 καὶ
1681 2609 1742 2662 οὐ
1780 2610 1852 2679 μὴ
1892 2627 2028 2679 μνη-

449 2702 738 2773 σθήσομαι.
775 2703 845 2756 Σὺ
898 2703 955 2756 δὲ
992 2703 1280 2775 μνήσθητι,
1337 2703 1430 2756 καὶ
1471 2701 1770 2773 κριθῶμεν.
1803 2722 1821 2754 ι
1875 2700 2030 2771 Καλὴ

448 2791 555 2864 γὰρ
583 2793 615 2861 ή
652 2793 842 2865 μνήμη
868 2793 977 2846 τῶν
1005 2793 1281 2866 προτέρων
1311 2793 1725 2866 ἁμαρτημάτων
1748 2792 1815 2845 δι’
1843 2791 2030 2864 ἐξομο-

447 2884 724 2955 λογήσεως
772 2884 1216 2957 ἐξηγορευμένη·
1259 2885 1340 2939 διὸ
1403 2885 1690 2958 ἐπιφέρει·
1749 2884 1917 2953 «Λέγε
1966 2886 2030 2938 σὺ

449 2978 665 3048 πρῶτος
695 2977 792 3040 τὰς
820 2977 1094 3049 ἁμαρτίας
1148 2995 1264 3043 σου,
1322 2978 1409 3031 ἵνα
1458 2977 1787 3048 δικαιωθῇς·
1825 2996 1843 3028 ι
1874 2975 2031 3030 τοῦτο

447 3071 559 3143 γὰρ
590 3070 758 3125 ποιῶν
779 3053 1115 3142 δικαιωθήσῃ
1140 3087 1153 3100 ·
1195 3070 1385 3141 ἐπειδὴ
1430 3071 1640 3133 δίκαιος
1685 3068 1850 3123 αὑτοῦ
1899 3087 2031 3122 κατ-ο

455 3166 657 3237 ήγορος
685 3165 742 3217 ἐν
772 3163 1134 3236 πρωτολογίᾳ.
1811 3222 1816 3226 ,

528 3275 546 3306 ι
574 3255 636 3308 Οἱ
670 3255 904 3325 πατέρες
935 3253 1086 3325 ὑμῶν
1119 3253 1344 3323 πρῶτοι,
1383 3254 1478 3307 καὶ
1506 3255 1554 3307 οἱ
1587 3255 1848 3325 ἄρχοντες
1879 3252 2033 3324 ὑμῶν

446 3345 729 3417 ὴνόμησαν
755 3349 834 3409 είς
871 3345 990 3416 ἐμέ.
1024 3347 1134 3398 Kal
1173 3346 1400 3416 ἐμίαναν
1429 3347 1478 3399 οί
1526 3346 1782 3417 ἄρχοντες
1809 3346 1876 3398 τὰ
1905 3345 2036 3413 am

455 3455 578 3506 μου.
623 3439 732 3490 Kal
769 3437 943 3490 ἔδωκα
993 3436 1256 3491 ἀπολέσαι
1291 3434 1506 3500 Ἰακὼϐ,
1555 3437 1647 3490 καὶ
1684 3435 1899 3507 Ἰσραὴλ
1955 3436 2036 3498 είς

452 3528 776 3600 ὀνειδισμόν.
807 3549 826 3583 ι

960 3599 1359 3652 ΚΕΦΛΛΑΙΟΝ
1390 3601 1445 3652 Μ
1452 3602 1524 3652 Δ’.

534 3709 552 3741 ι
593 3690 705 3744 Νῦν
737 3691 790 3745 δὲ
827 3690 1286 3754 ἄκουσον,’ῐακὼ6
1319 3692 1346 3744 6
1380 3695 1507 3755 παῖς
1545 3708 1664 3762 μου,
1690 3689 2034 3762 καὶἸσραὴλ,

453 3780 514 3834 ὃν
545 3781 892 3855 ἐξελεξάμην.
921 3806 937 3836 ι
974 3789 1072 3838 Διά
1100 3786 1302 3840 τούτων
1350 3787 1439 3840 τὸν
1466 3788 1624 3857 χορὸν
1670 3782 1825 3851 αὖθις
1861 3789 1951 3841 τὸν
1985 3788 2039 3841 ἀ-

457 3876 771 3933 ποστολικδν
801 3878 1175 3933 ἀποκαλεῖται.

534 3993 552 4022 ι
578 3970 734 4024 Οῦτω
760 3969 908 4038 λέγει
931 3969 1133 4039 Κύριος
1179 3973 1207 4024 6
1237 3971 1369 4034 Θεὸς
1417 3973 1446 4024 6
1490 3973 1724 4041 ποιήσας
1774 3989 1856 4036 σε,
1887 3973 1978 4026 καὶ
2011 3975 2038 4026 6

460 4064 671 4127 πλάσας
719 4081 778 4116 σε
823 4063 886 4114 ἐκ
917 4063 1159 4126 κοιλίας·
1198 4065 1317 4116 Ἔτι
1349 4063 1663 4137 βοηθηθήσῃ
1687 4081 1700 4094 ·
1745 4065 1820 4136 μὴ
1849 4065 2036 4134 φοϐοῦ,

461 4156 586 4218 παῖς
624 4169 724 4223 μου
761 4150 976 4214 Ἰακὼϐ,
1009 4152 1099 4204 καὶ
1119 4152 1472 4224 ήγαπημένος
1518 4153 1750 4227 Ἰσραὴλ,
1779 4154 1838 4208 ὃν
1859 4154 2038 4221 ἐξελε-

462 4245 655 4316 ξάμην.
692 4244 810 4298 Ὅτι
845 4244 955 4311 ἐγὼ
986 4242 1140 4296 δώσω
1172 4241 1316 4314 ὕδωρ
1347 4246 1405 4296 ἐν
1445 4243 1585 4314 δίψει
1607 4248 1715 4308 τοῖς
1740 4246 2041 4318 πορευομέ-

457 4356 568 4401 νοις
597 4339 654 4390 ἐν
680 4335 913 4407 ἀνύδρῳ,
943 4336 1189 4407 ἐπιθήσω
1208 4337 1266 4389 τὸ
1294 4336 1510 4408 πνεῦμά
1547 4355 1645 4408 μου
1671 4339 1762 4391 ἐπὶ
1793 4338 1853 4391 τὸ
1873 4337 2040 4411 σπέρ-

461 4447 538 4501 μα
574 4447 688 4494 σου,
733 4430 826 4482 καὶ
856 4429 953 4492 τὰς
985 4428 1234 4497 εὐλογίας
1283 4447 1384 4500 μου
1427 4430 1518 4482 ἐπὶ
1565 4429 1635 4483 τὰ
1675 4431 1839 4483 τέκνα
1874 4447 1987 4509 cog.
2016 4450 2036 4483 ι

1357 353 1864 412 (ΖΟΜΜΕΝΤΑῙΗΑ
1902 351 1972 406 IN
2006 348 2265 406 ISAI'AM.
2306 379 2374 389 —
2411 344 2568 400 CAP.
2611 341 2792 397 XLIV.

3587 328 3693 383 402

2194 469 2352 524 Vens.
2405 468 2497 530 2|,
2543 464 2634 518 22.
2693 481 2710 512 ι
2744 458 3214 527 Populum-meum
3237 467 3396 522 quem
3430 449 3692 517 acquisivi

2121 573 2178 618 ut
2210 563 2438 616 virtutes
2471 573 2621 613 meas
2647 561 2899 609 narraret
2937 568 2950 603 :
2985 564 3088 606 non
3121 561 3264 600 nunc
3309 541 3494 596 vocavi
3527 551 3578 593 te
3604 539 3699 593 Ja-

2121 657 2244 718 cob,
2282 668 2457 723 neque
2485 653 2738 706 laborare
2765 657 2819 701 te
2843 645 2964 708 feci,
2991 641 3175 697 Israel.
3205 659 3224 691 ι
3277 635 3502 692 Etiamsi
3552 634 3695 688 enim

2124 748 2361 802 futurum
2387 745 2478 808 sit,
2511 752 2570 797 ut
2593 750 2835 812 agrestes
2863 737 3014 800 term,
3059 734 3278 795 sirenae,
3309 740 3365 783 et
3401 729 3522 781 ﬁliae
3550 737 3696 780 stru-

2124 841 2367 894 thionum
2423 835 2748 891 benedicant
2802 830 2970 894 mihi;
3026 837 3080 883 tu
3116 840 3268 891 sane,
3329 817 3696 888 Jacob,.nibil

2121 933 2298 988 simile
2331 929 2505 985 fecisti
2533 945 2548 991 ;
2578 927 2672 982 sed
2702 937 2881 992 neque
2917 922 3169 991 dignatus
3202 931 3261 971 es
3296 929 3382 969 me
3409 914 3695 973 invocare.

2127 1045 2146 1077 ι
2184 1023 2556 1090 defatigatus»
2627 1026 2806 1072 autem
2866 1033 2884 1066 ι
2934 1029 2994 1068 es
3048 1013 3101 1066 in
3162 1025 3284 1074 me,
3327 1028 3344 1058 ι
3402 1005 3697 1061 secundum

2122 1116 2545 1187 Symmachum,
2600 1109 2814 1167 etiamsi
2861 1123 2962 1177 ego
3009 1121 3115 1160 non
3156 1113 3208 1159 te
3251 1102 3503 1156 laborare
3552 1096 3701 1152 l'cce-

2121 1227 2245 1265 run.

2193 1303 2355 1356 Vsus.
2394 1301 2485 1355 ‘25.
2543 1318 2561 1350 ι
2595 1298 2709 1352 Non
2758 1291 3004 1349 obtulisti
3042 1286 3176 1343 mihi
3218 1301 3349 1342 oves
3393 1278 3699 1337 liolocatlsti

2123 1395 2200 1450 tui
2235 1411 2248 1446 :
2278 1408 2453 1464 neque
2483 1395 2533 1445 in
2564 1389 2854 1446 sacriﬁciis
2882 1388 2989 1442 tuis
3019 1379 3336 1455 gloriﬁcasti
3375 1391 3460 1430 me
3481 1415 3498 1440 ,
3528 1387 3702 1438 neque

2123 1489 2332 1544 servire
2357 1497 2408 1541 te
2435 1485 2536 1540 feci
2572 1485 2629 1538 in
2662 1483 2924 1547 victimis,
2958 1491 3134 1547 neque
3166 1474 3407 1528 laborem
3436 1468 3532 1523 tibi
3562 1481 3702 1536 prae-

2125 1579 2211 1633 bui
2237 1578 2292 1631 in
2321 1577 2499 1630 thure.
2529 1593 2547 1626 ι
2580 1568 3046 1639 Quemadmodum
3080 1565 3170 1620 hic
3196 1558 3514 1622 solitudini,
3546 1555 3702 1609 feris-

2123 1687 2229 1742 que
2283 1684 2405 1723 eam
2463 1663 2826 1720 incolentibus
2883 1664 3148 1715 bonorum
3201 1667 3351 1723 spem
3395 1647 3703 1706 annuntiat,

2125 1761 2494 1834 pupulumque
2537 1774 2604 1812 ex
2637 1752 3064 1810 circumcisione
3111 1749 3177 1804 de
3223 1745 3502 1812 impietate
3545 1752 3702 1794 coar-

2125 1832 2259 1929 rguit,
2291 1867 2449 1923 quem
2479 1866 2622 1905 nunc
2646 1848 2817 1904 Jacob
2848 1858 2902 1902 et
2923 1843 3092 1900 lsrael
3127 1847 3435 1908 nuncupat;
3469 1836 3541 1888 ita
3573 1832 3708 1887 sim-

2123 1928 2338 2019 pliciter
2361 1945 2527 1999 allato
2544 1942 2660 2012 ejus
2690 1941 2930 2005 nomine,
2955 1953 3054 1992 nec
3077 1948 3316 1999 servum,
3341 1946 3441 1985 nec
3471 1928 3708 1982 electum

2127 2049 2285 2094 vocat
2336 2038 2530 2102 illum,
2569 2036 2712 2106 quod
2760 2043 2942 2088 tamen
3001 2031 3068 2085 de
3119 2024 3483 2098 prmstantiori
3517 2019 3711 2078 ordine

2127 2132 2356 2201 loquens
2383 2132 2658 2184 observat.

2199 2225 2366 2278 Vrsas.
2421 2222 2611 2276 24-26.
2670 2219 2897 2288 «Neque
2925 2223 3152 2284 argento
3187 2209 3368 2267 emisti
3409 2205 3540 2262 mihi
3589 2205 3707 2274 thy-

2129 2315 2353 2382 miama,
2407 2329 2584 2384 neque
2624 2313 2838 2380 adipem
2882 2309 3279 2364 sacriﬁciorum
3329 2311 3549 2356 tuorum
3579 2312 3711 2352 con-

2131 2408 2346 2479 cupivi;
2381 2409 2472 2462 sed
2505 2409 2556 2461 in
2591 2404 2828 2476 peccatis
2855 2405 2961 2456 tuis
2983 2407 3111 2454 ante
3157 2413 3244 2451 me
3287 2393 3520 2457 stetisti,
3552 2400 3606 2446 et
3657 2390 3709 2444 in

2132 2499 2516 2569 iniquitatibus
2553 2499 2680 2552 tuis.
2715 2497 2827 2566 Ego
2863 2508 3003 2558 sum,
3041 2506 3141 2561 ego
3181 2504 3300 2544 sum
3325 2531 3340 2554 ,
3403 2486 3492 2555 qui
3554 2482 3714 2536 deleo

2133 2592 2448 2661 iniquitates
2476 2600 2598 2644 tuas
2629 2601 2851 2657 propter
2883 2600 2995 2648 me,
3023 2593 3078 2637 et
3108 2590 3333 2651 peccata
3365 2589 3493 2642 tua;
3525 2583 3580 2629 et
3607 2590 3713 2626 non

2134 2684 2487 2740 recordabar.
2523 2681 2637 2752 ,Tu
2700 2691 2881 2733 autem
2938 2683 3232 2733 memento,
3292 2679 3346 2724 et
3405 2669 3716 2738 judicemur

2133 2777 2314 2831 simul.
2350 2791 2485 2831 noua
2545 2787 2736 2838 QUIPPE
2783 2787 2882 2826 es'r
2941 2779 3300 2822 rmsrmonuu
3363 2773 3715 2816 reccuonun

2132 2884 2374 2924 ΠΕἊΟΒΙΔ
2428 2882 2534 2922 CUM
2578 2876 2932 2920 CDNFESSIONB
2986 2874 3286 2916 CONJIIXC'I'A
3328 2873 3342 2910 Ξ
3384 2862 3718 2925 quapropter

2134 2963 2318 3025 infert,
2355 2980 2374 3012 ι
2403 2960 2496 3014 Dic
2521 2970 2578 3012 tu
2607 2959 2818 3027 primus
2848 2965 3068 3025 peccata
3102 2967 3214 3016 tua,
3239 2960 3296 3004 ut
3321 2946 3638 3019 justiliceris
3663 2965 3711 2998 τι

2139 3054 2190 3108 id
2247 3068 2415 3125 agens
2461 3049 2894 3120 justilicaberis;
2950 3047 3076 3115 quia
3128 3045 3304 3114 justus
3346 3042 3398 3094 in
3451 3038 3718 3109 principio

2061 3165 2102 3222 ο
2136 3143 2409 3198 sermonis
2445 3150 2735 3196 accusator
2757 3148 2842 3192 est
2869 3139 2974 3192 sui.

2207 3233 2373 3289 Vens.
2420 3232 2513 3296 27,
2562 3230 2656 3286 28.
2713 3249 2731 3282 ι
2764 3229 2956 3284 Patres
2992 3226 3160 3282 vestri
3198 3224 3382 3292 primi,
3430 3231 3484 3276 et
3518 3219 3720 3290 princi-

2137 3341 2233 3396 pes
2264 3325 2432 3380 vestri
2477 3323 2663 3392 inique
2691 3328 2923 3392 egerunt
2953 3319 3010 3397 in
3048 3333 3160 3371 me.
3213 3317 3277 3370 Et
3303 3313 3719 3369 contaminave-

2139 3428 2266 3469 runt
2297 3415 2569 3484 principes
2598 3423 2788 3467 sancta
2839 3424 2981 3464 mea.
3039 3408 3106 3462 Et
3155 3407 3275 3462 dedi
3334 3407 3387 3460 in
3438 3403 3719 3460 interitum

2138 3508 2326 3568 Jacob.
2351 3515 2403 3561 et
2434 3504 2601 3560 Israel
2647 3506 2699 3557 in
2740 3500 3112 3571 opprobrium.
3138 3518 3156 3551 ι

2701 3592 2930 3649 CAPUT
2968 3591 3151 3646 XLIV.

2208 3692 2369 3746 Vens.
2430 3690 2479 3744 l.
2532 3707 2550 3740 ι
2585 3686 2738 3742 Nunc
2769 3697 2949 3742 autem
2978 3685 3125 3748 audi,
3156 3681 3326 3738 Jacob
3366 3694 3501 3750 puer
3543 3693 3718 3741 meus,

2138 3797 2193 3842 et
2245 3781 2436 3846 Israel,
2496 3794 2657 3851 quem
2714 3779 2871 3848 elegi.
2905 3797 2923 3830 ι
2979 3775 3074 3832 llis
3123 3775 3318 3830 iterum
3366 3770 3723 3840 apostolicum

2140 3879 2370 3932 cherqu
2401 3881 2615 3928 evocat.

2212 3968 2378 4022 Vens.
2444 3965 2529 4028 2,
2563 3964 2620 4017 5.
2679 3981 2696 4014 ι
2731 3961 2822 4016 Sic
2875 3959 3007 4015 dicit
3062 3957 3325 4012 Dominus
3387 3953 3531 4008 Deus
3563 3974 3586 4018 ,·
3631 3952 3724 4022 qui

2142 4061 2272 4117 fecit
2298 4069 2372 4122 te,
2407 4068 2460 4113 et
2498 4055 2757 4111 formavit
2794 4063 2847 4108 te
2875 4052 2945 4108 de
2983 4062 3174 4106 ventre
3203 4066 3218 4105 :
3251 4048 3442 4103 Adhuc
3499 4043 3728 4101 habebis

2143 4155 2438 4217 auxilium;
2472 4150 2578 4206 noli
2611 4157 2876 4212 metuere,
2905 4161 3041 4216 puer
3074 4159 3226 4198 meus
3249 4140 3437 4202 Jacob,
3456 4147 3512 4193 et
3532 4136 3728 4192 dilecte

2142 4245 2331 4310 Israel,
2363 4259 2524 4314 quem
2557 4242 2718 4314 elegi.
2761 4239 2899 4307 Quia
2937 4253 3040 4308 ego
3090 4236 3230 4289 dabo
3283 4246 3480 4300 aquam
3528 4229 3582 4282 iu
3635 4228 3727 4282 siti

2144 4339 2231 4394 his
2261 4339 2354 4408 qui
2397 4334 2682 4390 ambulant
2715 4333 2768 4386 in
2819 4331 3108 4399 inaquosa,
3147 4325 3423 4393 imponam
3475 4320 3726 4390 spiritqu

2147 4445 2324 4486 meum
2355 4443 2517 4497 super
2544 4440 2728 4480 semen
2786 4433 2974 4487 tuum,
3023 4427 3078 4473 et
3126 4414 3532 4471 benedictiones
3578 4425 3729 4465 meas

459 4521 556 4576 Διά
577 4521 686 4594 γὰρ
719 4521 811 4574 τοῦ
844 4520 1156 4592 Πνεύματος
1185 4519 1278 4574 τοῦ
1303 4519 1460 4588 ἁγίου
1485 4521 1547 4574 τὸ
1573 4522 1789 4590 λογικὸν
1822 4523 1915 4575 καὶ
1951 4505 2033 4590 γά

2144 4533 2307 4587 super
2351 4516 2492 4570 ﬁlios
2529 4525 2667 4567 tuos.
2700 4530 2718 4562 ι
2773 4509 2906 4564 Nam
2971 4523 3066 4577 per
3125 4505 3390 4575 Spiritum
3448 4510 3726 4559 sanctum.

458 4628 635 4680 νιμον,
670 4611 765 4663 καὶ
801 4609 1171 4680 πνευματικὸν
1206 4609 1350 4679 ὕδωρ
1383 4612 1448 4680 τῇ
1482 4610 1694 4681 ἀνύδρῳ
1723 4612 1816 4663 καὶ
1845 4611 2041 4681 ἐρήμῳ

458 4702 786 4772 χορηγήσειν
816 4699 1034 4770 ἤμελλε.
1061 4699 1290 4770 Σπέρμα
1310 4699 1366 4753 δὲ
1386 4700 1493 4754 τῶν
1509 4700 1818 4756 ἀποστόλων
1834 4703 1888 4754 αξ
1927 4701 2044 4755 Ἐκ-

459 4793 678 4865 κλησίαι
715 4791 810 4844 τοῦ
839 4789 995 4856 Θεοῦ,
1047 4791 1140 4844 καὶ
1163 4790 1231 4843 τά
1274 4791 1439 4844 τέκνα
1479 4791 1659 4844 αὐτῶν
1688 4794 1736 4845 οἱ
1766 4791 2040 4864 πανταχοῦ

459 4886 561 4956 γῆς
593 4885 688 4939 καὶ
735 4885 792 4937 ἐν
822 4885 953 4937 πᾶσι
982 4886 1094 4948 τοῖς
1127 4883 1302 4936 ἔθνεσι
1333 4883 1420 4936 διὰ
1463 4883 1558 4937 τοῦ
1603 4884 1918 4956 Πνεῦματος
1945 4885 2038 4939 τοῦ

458 4978 616 5047 ἁγίου
650 4976 1099 5046 ἀναγεννηθέντες
1125 4991 1138 5004 ·
1176 4975 1224 5027 οἳ
1252 4975 1346 5028 καὶ

539 5089 557 5121 ι
601 5068 1007 5129 Ἀνατελοῦσι,»
1052 5067 1236 5138 φησὶν,
1281 5085 1298 5118 ι
1331 5065 1434 5118 ἀνά
1480 5065 1643 5136 μέσον
1688 5067 1880 5131 ’ὕδατος
1915 5067 2042 5138 χόρ-

458 5179 571 5226 τον,
627 5161 720 5214 κα“ι
769 5160 845 5223 ὼς
903 5159 1016 5212 ἰτέα
1055 5158 1148 5212 ἐπὶ
1181 5157 1494 5229 παραρρέον
1532 5157 1696 5231 ὕδωρ.
1725 5178 1743 5210 ι
1793 5161 1902 5212 Kal
1957 5161 2045 5213 ἐν-

457 5253 635 5306 ταῦθα
659 5253 715 5306 δὲ
739 5252 834 5322 τὴν
867 5251 1012 5304 ἰτέαν
1042 5250 1318 5322 παρέλαϐε
1346 5250 1436 5303 διά
1461 5249 1521 5302 τὸ
1542 5249 1791 5315 ἀειθαλὲς
1807 5252 1901 5304 καὶ
1929 5269 2050 5304 νεα-

464 5345 556 5415 ρὸν
588 5342 680 5395 τοῦ
711 5341 902 5410 φυτοῦ,
939 5342 1017 5403 εἰς
1053 5341 1394 5412 παράστασιν
1442 5339 1536 5393 τοῦ
1568 5341 1805 5412 πλήθους
1829 5342 1936 5395 τῶν
1961 5343 2047 5395 λο-

461 5435 631 5502 γικῶν
677 5432 884 5486 ὑδάτων
916 5432 1024 5484 τῶν
1074 5434 1132 5486 ἐν
1169 5434 1238 5504 τῇ
1279 5431 1574 5502 Ἐκκλησία
1615 5431 1780 5485 αὑτοῦ
1820 5433 2048 5503 ρευσάν-

461 5544 591 5580 των.

536 5609 745 5677 ιοῦτος
772 5617 909 5686 ἐρεῖ,
959 5612 1067 5667 Τοῦ
1090 5613 1225 5669 Θεοῦ
1260 5615 1396 5683 εἰμι,
1444 5613 1540 5666 καὶ
1592 5607 1745 5676 οὗτος
1794 5611 2044 5682 βοήσεται

463 5709 554 5761 ἐπὶ
589 5707 666 5778 τῷ
707 5706 930 5777 ὀνόματι
973 5704 1188 5770 Ἰακὼϐ,
1238 5706 1332 5758 καὶ
1365 5705 1550 5776 ἕτερος
1581 5702 1873 5774 ἐπιγράφει
1903 5705 2046 5775 χειρὶ

465 5799 650 5864 αὑτοῦ,
708 5798 814 5852 Τοῦ
847 5796 982 5852 Θεοῦ
1001 5798 1142 5868 είμι,
1184 5798 1274 5851 καὶ
1313 5796 1406 5851 ἐπὶ
1446 5797 1523 5868 τῷ
1571 5795 1788 5867 ὀνόματι
1830 5795 2046 5866 Ἰσραὴλ

2150 4608 2546 4668 rationabilem,
2582 4603 2871 4658 fecundam
2901 4611 2956 4655 et
2995 4597 3337 4670 spiritualcm
3370 4611 3568 4666 aquam
3608 4593 3728 4649 ina-

2147 4716 2330 4772 quosae
2362 4709 2417 4752 et
2452 4694 2730 4751 solitudini
2759 4693 3086 4761 elargiturus
3131 4701 3272 4745 erat.
3317 4688 3515 4743 Semen
3549 4697 3730 4741 autem

2149 4793 2519 4862 apostolorum
2563 4796 2690 4842 sunt
2723 4784 2981 4840 Ecclesiae
3021 4783 3112 4838 Dei
3135 4800 3156 4849 ;~
3191 4781 3286 4837 lilii
3333 4795 3464 4835 vero
3516 4794 3729 4844 eorum,

2147 4893 2408 4954 quotquot
2440 4882 2492 4934 in
2522 4880 2771 4934 universa
2807 4888 2952 4932 terra
2991 4883 3047 4931 et
3089 4875 3142 4928 iu
3193 4872 3449 4929 omnibus
3478 4868 3731 4942 gentibus

2149 4991 2246 5045 per
2274 4973 2537 5044 Spiritum
2564 4979 2812 5026 sanctum
2837 4967 3145 5040 regenerati
3175 4976 3339 5022 sunt:
3371 4964 3466 5034 qui

2220 5067 2383 5122 Vens.
2436 5066 2491 5120 4.
2528 5064 2904 5130 «Producent,
2944 5063 3041 5127 ait,
3101 5061 3154 5114 in
3209 5058 3390 5114 medio
3442 5069 3597 5123 aqua:
3653 5053 3732 5106 fe-

2151 5174 2300 5219 num,
2336 5166 2389 5210 et
2422 5157 2563 5211 sicut
2591 5155 2732 5208 salix
2762 5154 2826 5207 ad
2855 5168 3053 5222 aquam
3091 5151 3372 5206 ﬂuentem.
3401 5167 3421 5200 ι
3463 5146 3564 5200 llic
3587 5162 3728 5215 quo-

2147 5266 2252 5321 que
2278 5250 2496 5305 salicem
2541 5250 2774 5303 assumit
2825 5250 2896 5302 ob
2948 5248 3183 5301 virorem
3230 5255 3286 5297 et
3325 5239 3727 5310 juvenilitatent

2149 5342 2393 5407 arboris;
2445 5341 2514 5394 ad
2566 5339 2952 5394 declarandam
3007 5333 3412 5391 rationabilium
3465 5344 3729 5399 aquarum

2149 5436 2202 5489 in
2233 5433 2477 5490 Ecclesia
2501 5433 2621 5504 ejus
2647 5433 2987 5487 manantium
3017 5429 3252 5500 copiam.

2224 5608 2387 5664 Vens.
2419 5609 2473 5663 5.
2519 5605 2654 5662 «Hic
2679 5607 2846 5673 dicet,
2879 5604 2972 5660 Dei
3003 5618 3155 5666 sum;
3187 5611 3242 5657 et
3275 5600 3365 5656 hic
3398 5599 3656 5655 clamabit
3679 5599 3730 5651 in

2155 5703 2375 5757 nomine
2401 5700 2598 5767 Jacob,
2621 5709 2677 5754 et
2708 5699 2848 5752 alius
2871 5696 3144 5752 describet
3187 5695 3242 5748 in
3293 5709 3456 5758 manu
3489 5708 3610 5754 sua,
3638 5689 3732 5744 Dei

2155 5813 2297 5862 sum,
2327 5806 2384 5852 et
2424 5794 2478 5850 in
2519 5791 2740 5850 nomine
2791 5790 2956 5846 Israel
3008 5788 3291 5844 clamabit.
3318 5806 3338 5840 ›
3373 5785 3443 5840 Se
3479 5783 3732 5839 Israelem
