4130 6384
421 327 527 384 403

1095 325 1362 384 EUSEBII
1401 322 1875 381 CESARIENSIS
1912 321 2063 379 OPP.
2107 319 2284 376 PARS
2316 317 2402 374 lil.
2440 350 2507 361 —
2541 315 2961 376 EXEGETICA.

3588 313 3692 370 4οι

422 463 545 506 esse
565 447 848 519 gloriando
874 448 1038 503 dicet.
1066 445 1250 501 Mirari
1287 442 1446 514 plane
1488 452 1546 498 et
1591 452 1816 513 stupere
1862 442 1997 498 subit

2111 436 2431 508 βοήσεται.»
2488 433 2750 505 Σεμνύνει
2796 432 2986 487 ἑαυτὸν
3042 430 3215 499 λέγων
3264 424 3402 519 εἶναι
3453 426 3688 519 Ἰσραήλ.

425 539 873 611 propheticorum
907 551 1220 594 sermonum
1265 536 1399 601 vim,
1445 542 1502 592 et
1550 550 1716 607 quam
1764 551 1899 591 vere
1925 537 2002 591 rei

422 629 679 686 ell'ectum
712 639 769 686 et
813 627 1274 699 complementum
1324 629 1758 697 perceperimus.
1788 627 1921 683 Nam
1951 629 2004 684 in

421 721 896 796 persecutionibus
929 730 1120 779 nostro
1157 730 1401 790 tempore
1443 720 1752 785 concitatis,
1810 722 2006 777 multos

422 831 491 871 ex
521 812 839 885 alienigenis
896 810 1146 884 gentibus
1202 812 1461 878 vidimus,
1513 814 1606 884 qui
1687 824 2002 869 sanctorum

421 909 662 962 virorum
717 907 937 961 nomina
1018 914 1386 975 usurparent:
1431 905 1570 961 alius
1630 907 1829 976 quippe
1880 920 2004 961 sese

421 995 683 1053 Iacobum
713 994 1201 1067 appellabat,a|ius
1220 994 1500 1063 lsraelem,
1526 994 1667 1050 alius
1686 992 2000 1059 Jeremiam,

420 1087 513 1143 hie
564 1085 781 1153 Isaiam,
836 1086 943 1143 iste
982 1084 1260 1140 Daiiielem
1291 1103 1304 1139 :
1330 1087 1530 1141 etenim
1556 1087 1641 1141 bis
1683 1085 1786 1140 sibi
1830 1085 2003 1139 ascri-

423 1181 535 1247 ptis
562 1179 891 1241 nominibus,
930 1180 996 1234 ad
1046 1179 1368 1251 martyrium
1393 1193 1494 1249 pro
1522 1180 1632 1234 Deo
1662 1178 2001 1233 subeundum

422 1283 547 1324 cum
575 1269 773 1324 ﬁducia
794 1278 851 1326 et
879 1270 1187 1326 constantia
1218 1268 1578 1325 accedebant.
1610 1265 1739 1333 Quae
1767 1265 2001 1335 prophe-

425 1361 502 1417 tia
554 1360 784 1426 iudicat,
839 1360 967 1416 dum
1016 1361 1095 1416 ait
1131 1381 1145 1417 :
1176 1380 1194 1413 ι
1220 1360 1319 1416 ilic
1349 1359 1516 1423 dicet,
1541 1358 1632 1413 Dei
1666 1374 1807 1423 sum,
1830 1364 1884 1410 et
1914 1356 2002 1413 hic

424 1451 685 1508 clamabit
730 1452 783 1505 in
824 1453 1043 1508 nomine
1083 1452 1274 1520 Iacob,
1309 1453 1450 1508 alius
1477 1452 1529 1506 in
1573 1466 1735 1507 manu
1781 1466 1878 1504 sua
1910 1449 2002 1504 de-

426 1542 653 1606 scribat,
693 1542 787 1598 Dei
836 1559 977 1609 sum,
1011 1554 1067 1600 et
1097 1545 1239 1599 alius
1268 1545 1321 1598 in
1354 1544 1574 1600 nomine
1604 1542 1769 1597 Israel
1810 1541 2004 1597 clama-

426 1634 528 1692 bit.
551 1654 572 1688 ι

2108 526 2396 598 Θαυμάσαι
2426 525 2485 578 δὲ
2516 525 2634 578 ἔστι
2657 524 2753 579 καὶ
2780 521 3195 593 καταπλαγῆναι
3223 517 3439 590 ἀληθῶς
3462 517 3561 588 τήν
3584 516 3695 574 τῶν

2105 614 2463 687 προφητικῶν
2486 613 2658 683 λόγων
2682 613 2931 685 δύναμιν,
2961 629 3038 677 ως
3060 611 3245 673 αὑτοῖς
3269 609 3450 681 ἔργοις
3469 607 3538 661 τὰ
3561 606 3698 662 ἀπο-

2102 708 2413 777 τελέσματα
2443 706 2878 779 παρειλήφαμεν.
2935 704 3026 757 Ἐν
3079 701 3210 771 γοῦν
3235 703 3351 765 τοῖς
3391 698 3512 753 καθ’
3544 700 3698 771 ἡμᾶς

2103 799 2302 862 αὐτοὺς
2340 797 2656 869 γενομένοις
2687 797 2947 868 διωγμοῖς
2990 793 3218 857 πολλοὺς
3244 792 3353 847 τῶν
3382 790 3695 862 ἀλλοφύλων

2104 891 2277 946 ἐθνῶν
2309 888 2677 962 ἐθεασάμεθα,
2712 886 3170 961 προαρπάζοντας
3203 888 3413 950 ἑαυτοῖς
3456 885 3556 949 τὰς
3583 886 3694 940 τῶν

2102 985 2274 1053 ἁγίων
2305 982 2515 1056 ἀνδρῶν
2557 981 2949 1055 προσηγορίας,
2983 972 3057 1033 ὧν
3079 981 3107 1034 ό
3138 980 3235 1052 μὲν
3266 977 3458 1032 ἑαυτὸν
3498 976 3693 1032 Ἰακὼὸ

2102 1074 2308 1139 ἐκάλει,
2340 1074 2436 1129 καὶ
2482 1073 2668 1146 ἕτερος
2714 1071 2950 1143 Ἰσραὴλ,
2980 1070 3138 1135 ἄλλος
3175 1070 3233 1123 δὲ
3274 1067 3563 1141 Ἰερεμίαν,
3597 1069 3696 1123 καὶ

2112 1168 2341 1221 Ἡσαΐαν
2390 1167 2598 1238 ἕτερος,
2630 1165 2722 1218 καὶ
2778 1163 2975 1235 Δανιὴλ
3008 1163 3169 1217 πάλιν
3226 1162 3384 1225 ἄλλος
3407 1178 3421 1192 ⁸
3468 1159 3727 1237 τοιαῦτα-

2100 1256 2231 1325 γοῦν
2265 1254 2698 1326 ἐπιγραφόμενοι
2743 1253 2984 1325 ὀνόματα
3015 1252 3108 1306 ἐπὶ
3153 1253 3214 1305 τὸ
3268 1251 3565 1324 μαρτύριον
3596 1250 3692 1305 τοῦ

2099 1348 2234 1401 Θεοῦ
2272 1350 2368 1401 σὺν
2396 1346 2577 1417 πολλῷ
2606 1346 2797 1416 θάρσει
2834 1345 2929 1398 καὶ
2974 1344 3256 1416 παρρησίᾳ
3286 1344 3589 1415 παρῄεσαν.
3626 1343 3695 1396 Ἀ

2098 1438 2164 1511 δὴ
2193 1439 2535 1510 σημαίνουσα
2569 1441 2602 1509 ἡ
2625 1437 2930 1510 προφητεία
2954 1436 3117 1506 φησίν
3140 1452 3153 1464 ·
3190 1454 3209 1486 ι
3237 1427 3407 1497 οὗτος
3424 1435 3558 1503 ὲρεῖ,
3584 1433 3692 1487 Τοῦ

2109 1530 2246 1586 Θεοῦ
2267 1527 2404 1603 εἶμι,
2434 1532 2531 1584 καὶ
2551 1524 2706 1593 οὗτος
2732 1528 2985 1601 βοήσεται
3008 1527 3102 1580 ἐπὶ
3125 1526 3203 1598 τῷ
3219 1527 3442 1598 ὀνόματι
3475 1524 3690 1588 Ἰακὼϐ,

2100 1624 2198 1676 καὶ
2232 1622 2388 1686 ἄλλος
2419 1622 2715 1693 ἐπιγράφει
2748 1624 2814 1692 τῇ
2846 1620 2989 1692 χειρὶ
3015 1618 3206 1682 αὑτοῦ,
3253 1617 3389 1671 Θεοῦ
3430 1619 3567 1690 εἰμι,
3596 1617 3694 1672 καὶ

2100 1714 2260 1779 ἄλλος
2292 1716 2386 1769 ἐπὶ
2412 1714 2490 1785 τῷ
2516 1714 2742 1786 ὀνόματι
2788 1712 3004 1786 Ἰσραὴλ
3035 1712 3309 1785 βοήσεται.
3338 1730 3357 1764 ι

498 1808 663 1866 Vens.
694 1812 750 1876 6,
789 1812 846 1871 7.
872 1832 892 1865 ι
922 1815 1012 1867 Sic
1038 1816 1109 1866 ait
1140 1814 1306 1876 Deus,
1341 1828 1434 1868 rex
1460 1812 1642 1879 Israel,
1665 1822 1721 1867 et
1743 1813 1832 1883 qui
1866 1812 1997 1865 lihe-

2182 1826 2201 1858 ι
2230 1806 2418 1871 Οὕτως
2453 1807 2603 1876 λέγει
2631 1808 2659 1859 ὁ
2688 1806 2821 1869 Θεὸς
2848 1807 2877 1859 ὁ
2910 1803 3158 1875 βασιλεὺς
3193 1802 3428 1875 Ἰσραὴλ,
3458 1802 3552 1857 καί¹
3593 1804 3691 1873 ῥυο

425 1904 569 1959 ravit
589 1906 765 1975 ipsum
797 1905 1055 1962 Dominus
1096 1907 1334 1963 Sabaoth
1372 1926 1387 1963 :
1417 1906 1531 1977 Ego
1550 1906 1777 1974 primus,
1812 1913 1868 1959 et
1901 1919 2002 1973 ego

423 2004 553 2066 post
576 1994 693 2051 haec
724 2012 740 2049 :
766 2008 966 2067 praeter
994 2013 1082 2053 me
1106 2013 1212 2052 non
1234 2008 1321 2054 est
1349 1999 1513 2054 Deus.
1545 1996 1679 2064 Quis
1706 1998 1844 2051 sicut
1867 1997 2004 2067 ego?

425 2087 568 2151 Stet,
601 2098 778 2154 vocet,
832 2090 1120 2144 annuntiet
1176 2100 1233 2144 et
1276 2100 1544 2160 praeparet
1593 2090 1721 2145 mihi
1752 2104 1768 2141 :
1799 2106 1865 2145 ex
1892 2104 2001 2160 quo

424 2178 529 2234 feci
561 2180 831 2236 hominem
879 2181 934 2237 in
969 2181 1226 2237 saeculum
1267 2195 1281 2236 :
1321 2190 1378 2237 et
1408 2190 1657 2250 ventura,
1707 2192 1999 2252 antequam

422 2270 579 2337 ﬁant,
631 2273 957 2329 annuntient
1003 2274 1182 2331 vobis.
1214 2294 1235 2328 ι
1278 2274 1434 2329 Dicat
1483 2276 1629 2329 enim
1664 2276 1709 2330 si
1749 2275 1874 2344 quis
1918 2282 2003 2330 est

422 2360 591 2428 Deus,
625 2362 767 2433 quod
809 2373 1187 2435 quantumque
1235 2378 1374 2433 opus
1423 2380 1579 2419 suum
1629 2365 1892 2420 exhibeat
1946 2364 1998 2418 in

422 2452 702 2509 universo.
729 2453 862 2509 Nam
882 2456 929 2510 si
959 2471 1099 2511 unus
1127 2465 1211 2512 est
1233 2457 1491 2521 mundus,
1511 2454 1735 2527 ipseque
1756 2455 1998 2525 ejusdem

426 2552 659 2610 naturae,
689 2545 904 2616 sibique
921 2561 1147 2616 prorsus
1170 2547 1529 2619 conjunctus;
1557 2564 1695 2604 unus
1728 2563 1858 2604 sane
1885 2549 2001 2618 ejus

421 2634 606 2705 opifex
633 2635 818 2692 fuerit.
850 2636 958 2694 Sed
983 2638 1073 2693 hic
1102 2652 1167 2693 ex
1199 2639 1573 2707 magnitudine
1600 2650 1655 2694 et
1702 2638 2001 2709 pulchritu-

422 2725 553 2783 dine
585 2735 980 2792 creaturarum,
1011 2739 1198 2800 utpote
1254 2731 1493 2786 universi
1553 2732 1827 2798 conditor,
1873 2746 1999 2786 con—

422 2819 674 2900 spicitur.
716 2819 869 2888 Quod
906 2822 952 2878 si
1001 2823 1123 2891 quis
1156 2822 1321 2876 alium
1370 2823 1618 2888 inducat,
1647 2825 1813 2878 alium
1868 2825 1999 2880 item

424 2912 555 2970 huic
587 2912 820 2969 similem
852 2915 1109 2970 mundum
1139 2917 1425 2981 ostendat;
1456 2926 1513 2970 at
1564 2931 1673 2971 non
1720 2926 1807 2971 est
1863 2916 2001 2971 alius

425 3003 683 3070 mundus,
735 3014 932 3076 praeter
984 3019 1142 3072 eum,
1193 3022 1357 3078 quem
1424 3008 1790 3078 conspicimus
1822 3025 1838 3062 :
1868 3023 2000 3080 ergo

424 3110 530 3152 nec
561 3096 703 3152 alius
750 3098 894 3153 Deus
933 3109 1037 3153 est.
1073 3098 1130 3153 Si
1183 3100 1308 3170 quis
1343 3115 1476 3156 vero
1506 3100 1598 3165 sit,
1628 3120 1647 3153 ι
1673 3100 1814 3166 Stet,
1842 3120 1862 3155 ι
1913 3102 1996 3156 in-

423 3188 566 3257 quit.
603 3187 873 3256 primum;
903 3188 954 3243 id
994 3202 1080 3247 est
1107 3192 1486 3248 exsistentiam
1538 3193 1793 3247 ostendat
1819 3207 1993 3259 suam,

421 3280 639 3349 etquod
673 3278 728 3334 in
758 3266 1064 3336 subStantia
1115 3281 1401 3348 subsistat,
1430 3282 1682 3352 quodque
1710 3282 1763 3338 in
1794 3296 1854 3337 se
1884 3296 1999 3335 ma-

423 3379 554 3427 neat
590 3378 648 3426 et
679 3378 783 3428 stet
811 3388 828 3426 :
854 3370 1050 3428 deinde
1097 3387 1283 3428 vocem
1333 3374 1589 3429 emittens
1618 3371 1996 3428 rationabilem

422 3477 489 3517 ac
528 3463 640 3519 Deo
681 3463 927 3534 dignam,
975 3466 1287 3533 annuntiet,
1316 3482 1437 3535 qua:
1489 3473 1674 3536 postea
1729 3465 1905 3521 futura
1943 3465 1994 3518 in

424 3553 631 3609 mundo
681 3554 824 3621 sint;
856 3563 955 3609 aut
996 3570 1116 3625 quae
1141 3556 1271 3611 olim
1302 3565 1358 3612 et
1387 3571 1418 3611 a
1460 3558 1724 3627 principio
1761 3556 1999 3627 contige-

421 3652 570 3709 runt,
619 3657 689 3699 ex
738 3658 849 3715 quo
907 3643 1184 3701 hominem
1244 3646 1301 3701 in
1345 3654 1490 3701 terra
1525 3647 1702 3716 posui,
1728 3660 1898 3715 usque
1930 3646 1996 3700 ad

421 3746 660 3802 praesens
721 3744 955 3804 tempus.
1024 3734 1164 3791 Hinc
1207 3736 1353 3792 enim
1439 3750 1813 3808 agnoscemus,
1874 3752 1998 3791 eum

421 3824 610 3881 isthazc
640 3826 808 3881 verbo
831 3827 1200 3882 constituisse.

490 3914 658 3973 Vens.
688 3915 837 3973 8-10.
881 3934 900 3967 ι
922 3915 1097 3972 Nolite
1124 3917 1407 3985 abscondi,
1456 3917 1621 3973 nolite
1648 3932 1859 3973 errare.
1886 3916 1999 3971 An-

416 4020 529 4062 non
556 4006 628 4063 ab
671 4007 826 4061 initio
856 4009 1188 4073 attendistis,
1223 4018 1278 4063 et
1310 4007 1629 4063 annnnliavi
1682 4007 1877 4062 vobis?
1901 4005 1997 4062 Te-

416 4107 532 4153 stes
569 4112 665 4153 vos
691 4099 847 4164 estis,
881 4113 1010 4153 num
1038 4100 1110 4154 sit
1136 4100 1275 4157 Deus
1300 4109 1497 4172 praeter
1515 4114 1619 4154 me.
1644 4099 1710 4155 Et
1733 4108 1860 4154 tunc
1890 4114 1997 4153 non

358 4186 710 4261 _audierunt
757 4189 849 4260 qui
912 4190 1122 4260 fingunt
1166 4201 1224 4245 et
1272 4190 1572 4261 sculpunt:
1611 4204 1802 4246 omnes
1849 4182 1994 4254 vani,

382 4280 510 4351 ,qni
556 4281 766 4338 faciunt
808 4282 1080 4339 desideria
1126 4298 1247 4350 sua,
1276 4297 1397 4355 quae
1427 4297 1535 4339 non
1561 4282 1863 4354 proderunt
1890 4280 1993 4337 eis.

417 4371 527 4427 Sed
548 4372 949 4430 confundentur
971 4374 1065 4444 qui
1119 4374 1289 4431 Deum
1333 4373 1617 4448 eliingunt,
1659 4384 1714 4428 et
1740 4372 1994 4442 sculpunt

2107 1901 2337 1972 σάμενος
2359 1900 2519 1954 αὑτὸν
2546 1898 2679 1963 Θεὸς
2709 1896 2937 1951 Σαὸαώθ
2957 1913 2971 1927 -
3020 1894 3162 1966 Ἐγὼ
3195 1894 3429 1967 πρῶτος,
3460 1895 3555 1949 καὶ
3580 1892 3694 1965 ἐγὼ

2108 1992 2247 2063 μετά
2273 1990 2448 2045 ταῦτα
2469 2008 2482 2021 ·
2533 1989 2673 2061 πλὴν
2701 1986 2837 2060 ἐμοῦ
2882 1988 2983 2042 οὑκ
3019 1986 3135 2040 ἔστι
3163 1987 3316 2051 Θεός.
3372 1986 3470 2050 Τίς
3501 1986 3692 2059 ὥσπερ

2103 2079 2248 2149 syth;
2281 2080 2491 2151 Στήτω,
2528 2080 2624 2133 καὶ
2664 2077 2966 2142 καλεσάτω,
3017 2078 3114 2135 καὶ
3144 2077 3538 2146 ἀναγγειλάτω,
3599 2079 3694 2131 καὶ

2102 2170 2446 2241 ἑτοιμασάτω
2488 2185 2609 2239 μοι·
2672 2168 2765 2238 ἀφ’
2793 2160 2857 2221 οὗ
2899 2167 3132 2239 ἐποίησα
3164 2167 3449 2240 ἄνθρωπον
3479 2170 3561 2232 είς
3601 2167 3695 2221 τὸν

2103 2262 2294 2328 αίῶνα,
2332 2263 2426 2316 καὶ
2452 2263 2521 2316 τὰ
2553 2261 2894 2335 ἐπερχόμενα
2918 2261 3024 2333 πρὸ
3053 2259 3148 2315 τοῦ
3175 2260 3348 2315 ἐλθεῖν
3369 2261 3696 2331 ἀναγγειλά-

2102 2371 2281 2408 τωσαν
2312 2355 2461 2425 ὑμῖν.
2487 2372 2506 2406 ι
2542 2353 2759 2423 Λεγέτω
2783 2352 2893 2425 γὰρ
2919 2351 2974 2405 εῐ
2992 2352 3077 2416 τίς
3121 2354 3239 2406 ἐστι
3271 2351 3424 2416 Θεὸς,
3458 2354 3581 2407 ὅσον
3605 2352 3696 2425 g9-

2101 2465 2196 2517 γον
2221 2444 2415 2501 ἑαυτοῦ
2446 2445 2715 2500 δείκνυσιν
2743 2447 2799 2499 ἐν
2842 2443 2923 2516 τῷ
2974 2443 3158 2500 παντί.
3187 2444 3251 2497 Εἰ
3283 2442 3394 2515 γὰρ
3425 2439 3508 2508 είς
3534 2445 3563 2497 ό
3595 2444 3691 2498 κό-

2103 2556 2259 2611 σμος,
2288 2538 2383 2593 καὶ
2407 2531 2563 2602 οὗτος
2593 2536 2864 2609 συμφυής,
2895 2535 2989 2588 καλ⁸
3015 2534 3179 2598 αὑτὸς
3207 2534 3384 2606 ἑαυτῷ
3409 2535 3696 2605 συνημμέ-

2101 2649 2210 2697 νος,
2242 2626 2324 2696 sic;
2357 2632 2425 2686 ἂν
2467 2631 2678 2699 γένοιτο
2736 2630 2832 2683 καὶ
2866 2631 2894 2682 ὁ
2928 2628 3117 2682 τούτου
3148 2628 3499 2700 δημιουργός.
3553 2627 3691 2681 Ἀλλ’

2101 2715 2257 2788 οὗτος
2290 2724 2355 2776 ὲκ
2390 2721 2652 2793 μεγέθους
2688 2722 2781 2774 καὶ
2809 2719 3073 2791 καλλονῆς
3110 2718 3447 2790 κτισμάτων,
3487 2716 3573 2773 οἷα
3597 2720 3688 2774 τοῦ

2103 2813 2305 2877 παντὸς
2329 2812 2707 2884 γενεσιουργὸς
2730 2810 3035 2883 θεωρεῖται.
3063 2811 3125 2863 Ei
3149 2809 3206 2862 δέ
3238 2827 3323 2874 τις
3346 2810 3554 2879 είσάγοι
3583 2810 3690 2864 ἓτε-

2105 2921 2217 2977 ρον,
2267 2902 2531 2958 δεικνύτω
2550 2904 2789 2956 τοιοῦτον
2814 2902 3014 2973 ὁμοίως
3058 2902 3263 2972 κόσμον
3324 2902 3510 2974 ἕτερον
3548 2918 3690 2973 παρ-

2106 2996 2259 3060 ιστάς
2281 3013 2293 3025 ·
2322 2995 2435 3049 ἀλλ’
2475 2994 2576 3048 οὑκ
2604 2992 2750 3047 ἐστιν
2779 2992 2966 3065 ἕτερος
2995 2990 3146 3063 παρά
3173 2990 3265 3045 τὸν
3297 2990 3570 3063 ὁρώμενον
3600 2992 3691 3045 κόο

2104 3105 2272 3160 σμον”
2304 3086 2425 3141 οὐδὲ
2452 3084 2585 3149 Θεὸς
2610 3085 2718 3155 ἄρα
2756 3083 2939 3156 ἕτερός
2967 3085 3136 3135 ἐστιν.
3172 3082 3237 3134 Εἰ
3272 3081 3329 3134 δέ
3365 3099 3470 3146 τις,
3509 3101 3527 3133 ι
3556 3082 3694 3154 Στή-

2098 3196 2199 3245 τω,
2225 3197 2243 3230 ι
2274 3178 2429 3249 φησὶ,
2453 3175 2610 3229 τοῦτο
2644 3175 2859 3247 πρῶτον
2879 3192 2891 3205 ·
2914 3174 3057 3243 λέγω
3079 3174 3142 3246 δὴ
3165 3173 3264 3244 τὴν
3292 3172 3487 3227 ἑαυτοῦ
3521 3173 3694 3240 δειξὰ-

2100 3289 2181 3326 τω
2209 3268 2478 3341 ὓπαρξιν·
2522 3269 2605 3323 ὅτι
2642 3269 2703 3322 τέ
2736 3270 2884 3322 ἐστιν
2927 3269 2986 3322 ὲν
3015 3267 3203 3329 οὐσίας
3240 3266 3555 3332 ὑποστάσει,
3589 3268 3684 3321 καὶ

2097 3364 2180 3417 ὅτι
2213 3363 2299 3432 ἐφ’
2325 3362 2499 3433 ἑαυτῷ
2530 3361 2682 3432 μένει
2710 3360 2805 3414 καὶ
2825 3360 3055 3430 ἕστηκεν
3075 3377 3087 3389 ·
3116 3359 3307 3412 ἔπειτα
3328 3359 3513 3432 φωνήν
3532 3360 3693 3429 ἀφεὶς

2097 3455 2323 3526 λογικὴν
2347 3453 2443 3507 καὶ
2474 3451 2593 3524 Θεῷ
2622 3451 2959 3525 πρέπουσαν,
2995 3451 3370 3520 ἀναγγειλάτω
3386 3451 3509 3508 τίνα
3538 3451 3693 3506 ἔσται

2097 3546 2165 3599 τὰ
2195 3545 2334 3617 μετὰ
2355 3543 2529 3599 ταῦτα
2543 3544 2883 3616 γενησόμενα
2898 3545 2955 3596 ἐν
2983 3543 3059 3613 τῷ
3085 3543 3186 3615 βίῳ
3212 3542 3345 3615 (59)·
3363 3541 3398 3614 ἢ
3418 3542 3487 3598 τὰ
3517 3541 3685 3596 πάλαι

2098 3637 2158 3704 ἐξ
2209 3639 2384 3711 ἀρχῆς
2417 3638 2750 3703 ὑποστάντα,
2800 3638 2894 3707 ἀφ’
2938 3630 2999 3689 οὗ
3032 3637 3124 3690 τὸν
3163 3635 3446 3708 ἄνθρωπον
3479 3632 3684 3707 ἐθέμην

2099 3731 2191 3782 ἐπὶ
2221 3730 2319 3801 τῆς
2350 3729 2453 3802 γῆς
2491 3729 2653 3802 μέχρι
2701 3729 2794 3783 τοῦ
2832 3730 3096 3801 παρόντος
3139 3727 3348 3801 χρόνου.
3402 3727 3534 3781 Ἀπὸ
3573 3726 3684 3798 γὰρ

2098 3823 2288 3877 τούτου
2321 3822 2666 3894 γνωσόμεθα,
2703 3822 2786 3875 ὅτι
2816 3821 3046 3893 ἔστησεν
3068 3819 3206 3875 αὑτά
3238 3819 3401 3890 λόγῳ.
3718 3801 3728 3823 ’

2176 3934 2195 3967 ι
2223 3915 2316 3986 Μὴ
2364 3912 2882 3986 παρακαλύπτεσθε,
2927 3913 3061 3985 μηδὲ
3110 3910 3404 3968 πλανᾶσθε.
3451 3911 3566 3964 Οὐκ
3591 3902 3688 3963 ἀπ’

2097 4009 2272 4079 ἀρχῆς
2305 4004 2668 4077 ήνωτίσασθε,
2701 4006 2796 4060 καὶ
2825 4005 3136 4077 ἀπήγγειλα
3189 4002 3359 4075 ὑμῖν;
3397 4002 3691 4074 Μάρτυρες

2099 4098 2256 4170 ὑμεῖς
2277 4099 2418 4161 ὲστε,
2456 4098 2505 4149 εί
2536 4096 2652 4150 ἔστι
2677 4096 2810 4160 Θεὸς
2841 4096 2981 4168 πλὴν
3007 4095 3162 4168 ἐμοῦ.
3184 4095 3295 4149 Καὶ
3323 4094 3426 4149 οὑκ
3448 4095 3692 4166 ἤκουσαν

2096 4186 2219 4240 τότε
2243 4188 2293 4240 οί
2311 4186 2640 4251 πλάσσοντες
2665 4186 2761 4240 καὶ
2793 4187 2841 4239 οί
2871 4186 3187 4256 γλύφοντες,
3215 4185 3418 4250 πάντες
3447 4185 3689 4257 μάταιοι,

2098 4277 2380 4341 ποιοῦντες
2410 4278 2480 4333 τὰ
2503 4277 2820 4349 καταθύμια
2854 4277 3058 4343 αὐτῶν,
3102 4277 3137 4332 ἀ
3168 4279 3270 4332 οὑκ
3297 4277 3570 4351 ὠφελήσει
3594 4277 3691 4331 a6—

2096 4370 2241 4434 τούς.
2289 4368 2426 4423 Ἀλλ’
2464 4369 2915 4441 αἰσχυνθήσονται
2959 4371 3010 4423 oi
3050 4370 3385 4434 πλάσσοντες
3407 4369 3560 4439 Θεὸν,
3595 4370 3695 4421 καὶ

415 4476 610 4521 omnes
637 4463 910 4519 inutilia.»
946 4465 1063 4520 Non
1093 4466 1163 4521 ab
1212 4466 1393 4549 initio,
1430 4467 1629 4538 inquit,
1655 4465 1727 4520 ita
1776 4464 1908 4530 fuit;
1943 4465 1994 4519 id

2101 4462 2394 4533 γλύφοντες
2422 4463 2623 4527 πάντες
2650 4462 2922 4534 ἀνωφελῆ.
2951 4481 2971 4516 ι
3006 4463 3121 4517 Οὐκ
3159 4463 3255 4516 ἀπ’
3279 4462 3480 4533 ἀρχῆς,
3531 4462 3687 4533 φησὶ,

415 4560 506 4611 est
564 4566 694 4611 ante
741 4555 927 4611 diluvii
980 4565 1248 4629 tempora,
1286 4574 1410 4615 cum
1469 4559 1655 4614 animo
1687 4557 1991 4626 expertium

413 4646 831 4704 simulacrorum
878 4648 1020 4704 fabri
1054 4649 1295 4706 nondum
1336 4660 1542 4707 essent.
1575 4650 1793 4720 Vosque
1829 4658 1996 4705 testes

380 4739 575 4811 lastis,
624 4740 886 4804 nondum,
937 4740 1146 4798 scilicet
1175 4742 1329 4797 initio
1371 4741 1615 4798 mortalis
1648 4742 1793 4807 vitae,
1835 4740 1997 4795 exsti-

415 4829 549 4886 tisse
574 4829 904 4888 conﬂatores
929 4832 1344 4904 sculptoresque
1396 4835 1657 4899 deorum;
1692 4848 1819 4889 cum
1854 4830 1996 4887 scul-

411 4921 593 4993 ptoria
623 4921 946 4994 fabrilisque
968 4939 1069 4981 .ars
1093 4925 1234 4996 apud
1271 4925 1518 4981 homines
1557 4925 1793 4980 nondum
1839 4937 1996 4991 repe-

412 5010 639 5066 riretur.
970 5012 971 5015 “

486 5098 652 5156 Vsus.
690 5101 874 5159 11-17,
907 5125 927 5159 ι
952 5104 1017 5159 Ει
1059 5120 1250 5162 omnes
1274 5105 1414 5161 unde
1439 5105 1566 5160 iacti
1611 5115 1735 5160 sunt
1762 5120 1994 5161 exarue-

414 5203 562 5257 runt,
582 5203 638 5250 et
669 5196 818 5251 surdi
864 5198 932 5253 ah
972 5197 1286 5255 hominibus
1333 5208 1733 5266 congregemur
1777 5212 1992 5262 omnes,

412 5294 471 5341 et
496 5296 644 5344 stent
665 5289 847 5357 simul,
876 5288 1287 5346 confundantur
1315 5299 1370 5344 et
1400 5290 1730 5346 erubescant
1783 5291 1945 5346 simul
1974 5306 1990 5343 :

411 5380 541 5450 quia
578 5382 728 5436 acuit
760 5382 916 5438 faber
959 5382 1167 5438 ferrum
1203 5400 1218 5438 :
1246 5382 1396 5436 ascia
1428 5392 1687 5451 operatus
1713 5389 1798 5436 est
1832 5382 1988 5446 illud,

410 5478 469 5526 et
495 5473 767 5529 terehrum
793 5475 1036 5530 admovit
1060 5475 1134 5541 ei,
1159 5483 1481 5543 etoperatus
1515 5481 1599 5527 est
1623 5471 1751 5525 illud
1781 5472 1832 5526 in
1864 5472 1992 5526 bra-

486 5604 602 5679 (59)
625 5605 749 5679 iam
778 5606 834 5664 in
863 5606 1188 5663 Praefatione
1240 5605 1553 5679 adEusebii
1586 5603 1988 5679 Commentariis

414 5679 474 5734 in
500 5675 750 5748 'l’salnios
770 5679 1075 5748 perspicuis
1118 5677 1382 5748 exemplis
1415 5675 1986 5748 commonstravimns,

415 5764 603 5808 vocem
637 5745 1113 5820 ﬁtoc’frcqucnter
1166 5749 1237 5805 ab
1281 5745 1532 5804 Eusebio
1583 5745 1830 5815 usurpari
1895 5759 1991 5814 pro

2101 4553 2347 4607 τουτέστι
2377 4554 2483 4625 πρὸ
2506 4552 2613 4607 τῶν
2642 4552 2735 4607 τοῦ
2766 4552 3153 4625 κατακλυσμοῦ
3181 4554 3408 4625 χρόνων,
3444 4551 3565 4606 καθ’
3594 4551 3691 4617 οὒς

2103 4646 2222 4699 οὐδὲ
2248 4647 2296 4699 oi
2351 4646 2458 4700 τῶν
2486 4646 2709 4717 ἀψύχων
2766 4646 2967 4712 ξοάνων
2990 4647 3239 4711 τέκτονες
3283 4647 3547 4719 ὑπῆρχον.
3576 4645 3689 4700 Καὶ

2100 4733 2306 4787 τούτων
2332 4733 2490 4806 ὑμεῖς
2522 4735 2817 4806 μάρτυρες,
2840 4736 2917 4797 ὼς
2947 4736 3050 4790 οὑκ
3075 4731 3216 4807 ἦσαν
3265 4736 3408 4802 τότε,
3451 4736 3593 4805 λέγω
3620 4735 3688 4808 δὴ

2104 4825 2245 4879 κατά
2277 4826 2376 4891 τὰς
2407 4827 2582 4898 ἀρχὰς
2614 4828 2712 4898 τῆς
2748 4827 2844 4882 τοῦ
2881 4828 3078 4900 θνητοῦ
3114 4829 3231 4900 βίου
3260 4830 3593 4895 συστάσεως,
3632 4829 3687 4882 οἱ

2101 4916 2431 4981 πλάσσοντες
2461 4918 2555 4971 καὶ
2585 4917 2881 4990 γλύφοντες
2931 4919 3108 4985 θεοὺς,
3157 4919 3311 4974 ούπω
3359 4920 3685 4992 γλυπτικῆς,

2101 5009 2223 5062 οὑδὲ
2253 5009 2555 5080 πλαστικῆς
2586 5011 2780 5083 τέχνης
2812 5013 2871 5067 ἐν
2914 5010 3225 5084 ἀνθρώποις
3267 5012 3685 5085 εὑρισκομένης.

2177 5118 2196 5152 ι
2214 5101 2325 5154 Καὶ
2356 5102 2557 5166 πάντες
2596 5101 2719 5157 ὅθεν
2749 5104 2996 5173 ἐγένοντο
3023 5103 3418 5177 ὲξηράνθησαν.
3450 5106 3543 5158 καὶ
3578 5121 3690 5158 κω-

2102 5195 2193 5265 (pot
2224 5195 2331 5248 ἀπο
2353 5194 2653 5267 ἀνθρώπιον
2677 5195 3099 5269 συναχθήτωσαν
3123 5196 3345 5263 πάντες,
3370 5197 3464 5250 καί
3495 5196 3692 5268 στησά-

2097 5302 2276 5340 τωσαν
2307 5286 2442 5357 ἅμα.
2490 5287 2585 5340 καὶ
2626 5288 3071 5360 ὲντραπήτωσαν,
3114 5289 3210 5341 καὶ
3241 5288 3691 5360 αἰσχυνθήτωσαν

2100 5380 2216 5449 ἅμα
2239 5396 2252 5409 ·
2283 5378 2364 5431 ὅτι
2391 5377 2562 5445 ὥξυνε
2593 5378 2798 5433 τέκτων
2833 5380 3071 5453 σίδηρον,
3111 5381 3402 5452 σκεπάρνῳ
3432 5379 3691 5452 εἰργάσα-

2098 5489 2160 5526 το
2191 5472 2341 5538 αὑτὸ,
2375 5474 2470 5526 καὶ
2503 5475 2560 5525 ὲν
2582 5472 2819 5540 τερέτρῳ
2852 5471 3079 5543 ἔστησεν
3117 5473 3270 5535 αὑτὸ,
3306 5472 3401 5526 καὶ
3435 5472 3691 5544 εἰργάσαν-

2097 5605 2329 5685 mundo,
2363 5608 2480 5685 sive
2508 5602 2953 5685 probonﬁuibus
3001 5603 3105 5685 hoc
3137 5604 3427 5685 immundo
3458 5618 3691 5685 versan-

2098 5676 2244 5730 tibus
2268 5694 2282 5728 :
2306 5684 2363 5729 et
2394 5679 2476 5729 sic
2507 5671 2785 5745 intelligas
2810 5682 3029 5742 oportet
3051 5676 3178 5745 hoc
3204 5673 3325 5729 loco
3351 5675 3411 5727 ὲν
3443 5672 3523 5745 τῷ
3557 5671 3684 5743 βίῳ,

2101 5746 2314 5804 scilicet
2345 5746 2397 5802 in
2423 5743 2641 5814 mundo,
2679 5759 2742 5800 ac
2776 5744 3021 5800 huuiines
3048 5743 3102 5799 in
3133 5745 3233 5802 hac
3256 5745 3364 5800 vita
3398 5743 3683 5816 degentes.
