  <div class='ocr_page' id='page_1' title='image "/cluster/home/n/w/nwhite01/storage/ocr_20150623/24:no.6/coo.31924054873058/216.png"; bbox 0 0 4130 6384; ppageno 0'>
   <div class='ocr_carea' id='block_1_1' title="bbox 393 400 506 462">
    <p class='ocr_par' dir='ltr' id='par_1_1' title="bbox 393 400 506 462">
     <span class='ocr_line' id='line_1_1' title="bbox 393 400 506 462; baseline -0.035 1"><span class='ocrx_word' id='word_1_1' title='bbox 393 400 506 462; x_wconf 74' lang='grc'><strong>405</strong></span> 
     </span>
    </p>
   </div>
   <div class='ocr_carea' id='block_1_2' title="bbox 389 479 1984 583">
    <p class='ocr_par' dir='ltr' id='par_1_2' title="bbox 389 479 1984 583">
     <span class='ocr_line' id='line_1_2' title="bbox 389 479 1984 583; baseline -0.029 -6"><span class='ocrx_word' id='word_1_2' title='bbox 389 543 451 577; x_wconf 88' lang='grc' dir='ltr'><strong>το</strong></span> <span class='ocrx_word' id='word_1_3' title='bbox 481 518 614 575; x_wconf 78' lang='grc' dir='ltr'>αὐτὸ</span> <span class='ocrx_word' id='word_1_4' title='bbox 639 519 696 570; x_wconf 75' lang='grc' dir='ltr'>ὲν</span> <span class='ocrx_word' id='word_1_5' title='bbox 719 512 798 583; x_wconf 84' lang='grc' dir='ltr'><strong>τῷ</strong></span> <span class='ocrx_word' id='word_1_6' title='bbox 833 507 1076 580; x_wconf 72' lang='grc' dir='ltr'>βραχίονι</span> <span class='ocrx_word' id='word_1_7' title='bbox 1113 503 1207 572; x_wconf 76' lang='grc' dir='ltr'>τῆς</span> <span class='ocrx_word' id='word_1_8' title='bbox 1245 498 1425 568; x_wconf 77' lang='grc' dir='ltr'>ἰσχύος</span> <span class='ocrx_word' id='word_1_9' title='bbox 1449 490 1639 548; x_wconf 81' lang='grc' dir='ltr'>αὐτοῦ·</span> <span class='ocrx_word' id='word_1_10' title='bbox 1681 485 1774 540; x_wconf 73' lang='grc' dir='ltr'><strong>καὶ</strong></span> <span class='ocrx_word' id='word_1_11' title='bbox 1801 479 1984 535; x_wconf 89' lang='grc' dir='ltr'>πεινά-</span> 
     </span>
    </p>
   </div>
   <div class='ocr_carea' id='block_1_3' title="bbox 394 571 1984 671">
    <p class='ocr_par' dir='ltr' id='par_1_3' title="bbox 394 571 1984 671">
     <span class='ocr_line' id='line_1_3' title="bbox 394 571 1984 671; baseline -0.027 -8"><span class='ocrx_word' id='word_1_12' title='bbox 394 571 623 671; x_wconf 60' lang='lat' dir='ltr'><strong>ita).</strong></span> <span class='ocrx_word' id='word_1_13' title='bbox 648 571 973 670; x_wconf 49' lang='grc' dir='ltr'>ἀσθένησει,</span> <span class='ocrx_word' id='word_1_14' title='bbox 1004 594 1096 647; x_wconf 68' lang='grc' dir='ltr'><strong>καὶ</strong></span> <span class='ocrx_word' id='word_1_15' title='bbox 1120 571 1180 643; x_wconf 80' lang='grc' dir='ltr'><strong>ού</strong></span> <span class='ocrx_word' id='word_1_16' title='bbox 1221 590 1293 659; x_wconf 78' lang='grc' dir='ltr'><strong>μὴ</strong></span> <span class='ocrx_word' id='word_1_17' title='bbox 1329 586 1426 655; x_wconf 82' lang='grc' dir='ltr'><strong>πίῃ</strong></span> <span class='ocrx_word' id='word_1_18' title='bbox 1455 582 1617 651; x_wconf 74' lang='grc' dir='ltr'>ὕδωρ.</span> <span class='ocrx_word' id='word_1_19' title='bbox 1664 571 1984 640; x_wconf 78' lang='grc' dir='ltr'>Ἐκλεξάμε-</span> 
     </span>
    </p>
   </div>
   <div class='ocr_carea' id='block_1_4' title="bbox 390 660 1984 764">
    <p class='ocr_par' dir='ltr' id='par_1_4' title="bbox 390 660 1984 764">
     <span class='ocr_line' id='line_1_4' title="bbox 390 660 1984 764; baseline -0.028 -9"><span class='ocrx_word' id='word_1_20' title='bbox 390 719 480 764; x_wconf 90' lang='grc' dir='ltr'><strong>νος</strong></span> <span class='ocrx_word' id='word_1_21' title='bbox 507 699 716 751; x_wconf 80' lang='grc' dir='ltr'><strong>τέκτων</strong></span> <span class='ocrx_word' id='word_1_22' title='bbox 742 691 918 757; x_wconf 80' lang='grc' dir='ltr'>ξύλον,</span> <span class='ocrx_word' id='word_1_23' title='bbox 940 687 1165 756; x_wconf 77' lang='grc' dir='ltr'>ἔστησεν</span> <span class='ocrx_word' id='word_1_24' title='bbox 1192 679 1322 734; x_wconf 82' lang='grc' dir='ltr'>αὐτὸ</span> <span class='ocrx_word' id='word_1_25' title='bbox 1350 679 1406 728; x_wconf 81' lang='grc' dir='ltr'>ὲν</span> <span class='ocrx_word' id='word_1_26' title='bbox 1443 674 1645 744; x_wconf 81' lang='grc' dir='ltr'>μέτρῳ,</span> <span class='ocrx_word' id='word_1_27' title='bbox 1670 668 1764 720; x_wconf 84' lang='grc' dir='ltr'><strong>καὶ</strong></span> <span class='ocrx_word' id='word_1_28' title='bbox 1785 667 1840 716; x_wconf 80' lang='grc' dir='ltr'>ὲν</span> <span class='ocrx_word' id='word_1_29' title='bbox 1863 660 1984 715; x_wconf 82' lang='grc' dir='ltr'>κόλ-</span> 
     </span>
    </p>
   </div>
   <div class='ocr_carea' id='block_1_5' title="bbox 391 752 1983 864">
    <p class='ocr_par' dir='ltr' id='par_1_5' title="bbox 391 752 1983 864">
     <span class='ocr_line' id='line_1_5' title="bbox 391 752 1983 864; baseline -0.028 -19"><span class='ocrx_word' id='word_1_30' title='bbox 391 752 480 864; x_wconf 52' lang='grc' dir='ltr'>λη’</span> <span class='ocrx_word' id='word_1_31' title='bbox 501 752 834 860; x_wconf 71' lang='grc' dir='ltr'>ἐρρύθμισεν</span> <span class='ocrx_word' id='word_1_32' title='bbox 884 752 1031 838; x_wconf 76' lang='grc' dir='ltr'>αὐτὸ,</span> <span class='ocrx_word' id='word_1_33' title='bbox 1059 752 1174 828; x_wconf 39' lang='grc' dir='ltr'>’καὶ</span> <span class='ocrx_word' id='word_1_34' title='bbox 1209 769 1462 837; x_wconf 78' lang='grc' dir='ltr'>ἐποίησεν</span> <span class='ocrx_word' id='word_1_35' title='bbox 1490 761 1622 815; x_wconf 74' lang='grc' dir='ltr'>αὐτὸ</span> <span class='ocrx_word' id='word_1_36' title='bbox 1667 759 1741 820; x_wconf 80' lang='grc' dir='ltr'>ὡς</span> <span class='ocrx_word' id='word_1_37' title='bbox 1770 752 1983 826; x_wconf 80' lang='grc' dir='ltr'>μορφὴν</span> 
     </span>
    </p>
   </div>
   <div class='ocr_carea' id='block_1_6' title="bbox 393 845 1989 954">
    <p class='ocr_par' dir='ltr' id='par_1_6' title="bbox 393 845 1989 954">
     <span class='ocr_line' id='line_1_6' title="bbox 434 845 689 864; baseline -0.027 -1"><span class='ocrx_word' id='word_1_38' title='bbox 434 845 459 864; x_wconf 89' lang='grc'><strong>..</strong></span> <span class='ocrx_word' id='word_1_39' title='bbox 533 845 543 860; x_wconf 90' lang='grc'>.</span> <span class='ocrx_word' id='word_1_40' title='bbox 569 845 580 859; x_wconf 93' lang='grc'><em>.</em></span> <span class='ocrx_word' id='word_1_41' title='bbox 677 845 689 856; x_wconf 91' lang='grc'>.</span> 
     </span>
     <span class='ocr_line' id='line_1_7' title="bbox 393 845 1989 954; baseline -0.028 -16"><span class='ocrx_word' id='word_1_42' title='bbox 393 883 604 954; x_wconf 85' lang='grc' dir='ltr'>ἀνδρὸς,</span> <span class='ocrx_word' id='word_1_43' title='bbox 635 878 729 932; x_wconf 74' lang='grc' dir='ltr'><strong>καὶ</strong></span> <span class='ocrx_word' id='word_1_44' title='bbox 752 876 827 938; x_wconf 82' lang='grc' dir='ltr'><strong>ὡς</strong></span> <span class='ocrx_word' id='word_1_45' title='bbox 857 871 1165 945; x_wconf 78' lang='grc' dir='ltr'>ὡραιότητα</span> <span class='ocrx_word' id='word_1_46' title='bbox 1208 861 1516 933; x_wconf 81' lang='grc' dir='ltr'>ἀνθρώπου,</span> <span class='ocrx_word' id='word_1_47' title='bbox 1558 854 1747 922; x_wconf 77' lang='grc' dir='ltr'>στῆσαι</span> <span class='ocrx_word' id='word_1_48' title='bbox 1767 846 1899 900; x_wconf 83' lang='grc' dir='ltr'>αὐτὸ</span> <span class='ocrx_word' id='word_1_49' title='bbox 1927 845 1989 895; x_wconf 82' lang='grc' dir='ltr'><strong>ὲν</strong></span> 
     </span>
    </p>
   </div>
   <div class='ocr_carea' id='block_1_7' title="bbox 392 937 1984 1044">
    <p class='ocr_par' dir='ltr' id='par_1_7' title="bbox 392 937 1984 1044">
     <span class='ocr_line' id='line_1_8' title="bbox 392 937 1984 1044; baseline -0.026 -14"><span class='ocrx_word' id='word_1_50' title='bbox 392 975 548 1044; x_wconf 83' lang='grc' dir='ltr'>οἴκῳ.</span> <span class='ocrx_word' id='word_1_51' title='bbox 591 968 793 1037; x_wconf 54' lang='lat' dir='ltr'><strong>&quot;Except-1</strong></span> <span class='ocrx_word' id='word_1_52' title='bbox 829 965 982 1030; x_wconf 83' lang='grc' dir='ltr'>ξύλον</span> <span class='ocrx_word' id='word_1_53' title='bbox 1016 964 1079 1014; x_wconf 84' lang='grc' dir='ltr'><strong>ὲκ</strong></span> <span class='ocrx_word' id='word_1_54' title='bbox 1121 957 1215 1011; x_wconf 89' lang='grc' dir='ltr'><strong>τοῦ</strong></span> <span class='ocrx_word' id='word_1_55' title='bbox 1265 950 1493 1025; x_wconf 88' lang='grc' dir='ltr'>δρυμοῦ,</span> <span class='ocrx_word' id='word_1_56' title='bbox 1520 949 1548 1000; x_wconf 89' lang='grc' dir='ltr'><strong>ὂ</strong></span> <span class='ocrx_word' id='word_1_57' title='bbox 1585 944 1845 1012; x_wconf 74' lang='grc' dir='ltr'>ἐφύτευσε</span> <span class='ocrx_word' id='word_1_58' title='bbox 1873 937 1984 991; x_wconf 84' lang='grc' dir='ltr'><strong>Κύ-</strong></span> 
     </span>
    </p>
   </div>
   <div class='ocr_carea' id='block_1_8' title="bbox 397 1030 1985 1136">
    <p class='ocr_par' dir='ltr' id='par_1_8' title="bbox 397 1030 1985 1136">
     <span class='ocr_line' id='line_1_9' title="bbox 397 1030 1985 1136; baseline -0.024 -19"><span class='ocrx_word' id='word_1_59' title='bbox 397 1081 532 1136; x_wconf 88' lang='grc' dir='ltr'>ριος,</span> <span class='ocrx_word' id='word_1_60' title='bbox 561 1060 742 1119; x_wconf 90' lang='grc' dir='ltr'>πίτυν,</span> <span class='ocrx_word' id='word_1_61' title='bbox 769 1056 860 1107; x_wconf 68' lang='grc' dir='ltr'>καὶ</span> <span class='ocrx_word' id='word_1_62' title='bbox 885 1052 1036 1114; x_wconf 82' lang='grc' dir='ltr'>ὑετὸς</span> <span class='ocrx_word' id='word_1_63' title='bbox 1064 1051 1333 1119; x_wconf 77' lang='grc' dir='ltr'>ὲμήκυνεν</span> <span class='ocrx_word' id='word_1_64' title='bbox 1359 1061 1370 1072; x_wconf 91' lang='grc'>·</span> <span class='ocrx_word' id='word_1_65' title='bbox 1399 1043 1488 1094; x_wconf 81' lang='grc' dir='ltr'><strong>ἵνα</strong></span> <span class='ocrx_word' id='word_1_66' title='bbox 1567 1032 1871 1105; x_wconf 86' lang='grc' dir='ltr'>ἀνθρώποις</span> <span class='ocrx_word' id='word_1_67' title='bbox 1905 1030 1985 1090; x_wconf 87' lang='grc' dir='ltr'><strong>είς</strong></span> 
     </span>
    </p>
   </div>
   <div class='ocr_carea' id='block_1_9' title="bbox 394 1121 1982 1208">
    <p class='ocr_par' dir='ltr' id='par_1_9' title="bbox 394 1121 1982 1208">
     <span class='ocr_line' id='line_1_10' title="bbox 394 1121 1982 1208; baseline -0.023 0"><span class='ocrx_word' id='word_1_68' title='bbox 394 1121 589 1208; x_wconf 66' lang='grc' dir='ltr'>καῦσιν</span> <span class='ocrx_word' id='word_1_69' title='bbox 613 1167 626 1179; x_wconf 85' lang='grc'>·</span> <span class='ocrx_word' id='word_1_70' title='bbox 665 1148 760 1201; x_wconf 75' lang='grc' dir='ltr'>καὶ</span> <span class='ocrx_word' id='word_1_71' title='bbox 788 1142 968 1197; x_wconf 73' lang='grc' dir='ltr'>λαϐὼν</span> <span class='ocrx_word' id='word_1_72' title='bbox 1000 1141 1092 1192; x_wconf 81' lang='grc' dir='ltr'>ἀπ’</span> <span class='ocrx_word' id='word_1_73' title='bbox 1121 1136 1308 1201; x_wconf 81' lang='grc' dir='ltr'>αὑτοῦ,</span> <span class='ocrx_word' id='word_1_74' title='bbox 1345 1127 1679 1202; x_wconf 79' lang='grc' dir='ltr'>ἐθερμάνθη,</span> <span class='ocrx_word' id='word_1_75' title='bbox 1726 1126 1819 1177; x_wconf 72' lang='grc' dir='ltr'>καὶ</span> <span class='ocrx_word' id='word_1_76' title='bbox 1846 1121 1982 1175; x_wconf 86' lang='grc' dir='ltr'>καύ-</span> 
     </span>
    </p>
   </div>
   <div class='ocr_carea' id='block_1_10' title="bbox 395 1213 1986 1306">
    <p class='ocr_par' dir='ltr' id='par_1_10' title="bbox 395 1213 1986 1306">
     <span class='ocr_line' id='line_1_11' title="bbox 395 1213 1986 1306; baseline -0.021 -8"><span class='ocrx_word' id='word_1_77' title='bbox 395 1259 588 1304; x_wconf 84' lang='grc' dir='ltr'>σαντες</span> <span class='ocrx_word' id='word_1_78' title='bbox 611 1238 819 1306; x_wconf 69' lang='grc' dir='ltr'>ἐπεψαν</span> <span class='ocrx_word' id='word_1_79' title='bbox 854 1235 1052 1306; x_wconf 84' lang='grc' dir='ltr'>ἄρτους</span> <span class='ocrx_word' id='word_1_80' title='bbox 1074 1231 1158 1282; x_wconf 79' lang='grc' dir='ltr'><strong>ἐπ’</strong></span> <span class='ocrx_word' id='word_1_81' title='bbox 1186 1226 1364 1281; x_wconf 78' lang='grc' dir='ltr'>αὐτῶν</span> <span class='ocrx_word' id='word_1_82' title='bbox 1387 1242 1400 1254; x_wconf 89' lang='grc'><strong>·</strong></span> <span class='ocrx_word' id='word_1_83' title='bbox 1431 1223 1487 1275; x_wconf 90' lang='grc' dir='ltr'><strong>τὸ</strong></span> <span class='ocrx_word' id='word_1_84' title='bbox 1515 1223 1572 1274; x_wconf 86' lang='grc' dir='ltr'><strong>δὲ</strong></span> <span class='ocrx_word' id='word_1_85' title='bbox 1598 1217 1780 1270; x_wconf 88' lang='grc' dir='ltr'>λοιπὸν</span> <span class='ocrx_word' id='word_1_86' title='bbox 1805 1213 1986 1285; x_wconf 78' lang='grc' dir='ltr'>εἰργά-</span> 
     </span>
    </p>
   </div>
   <div class='ocr_carea' id='block_1_11' title="bbox 396 1307 1984 1394">
    <p class='ocr_par' dir='ltr' id='par_1_11' title="bbox 396 1307 1984 1394">
     <span class='ocr_line' id='line_1_12' title="bbox 396 1307 1984 1394; baseline -0.02 -4"><span class='ocrx_word' id='word_1_87' title='bbox 396 1353 558 1391; x_wconf 88' lang='grc' dir='ltr'>σαντο</span> <span class='ocrx_word' id='word_1_88' title='bbox 585 1331 762 1394; x_wconf 78' lang='grc' dir='ltr'>θεοὺς,</span> <span class='ocrx_word' id='word_1_89' title='bbox 791 1328 884 1380; x_wconf 69' lang='grc' dir='ltr'><strong>καὶ</strong></span> <span class='ocrx_word' id='word_1_90' title='bbox 925 1321 1322 1394; x_wconf 81' lang='grc' dir='ltr'>προσκυνοῦσιν</span> <span class='ocrx_word' id='word_1_91' title='bbox 1360 1317 1543 1377; x_wconf 70' lang='grc' dir='ltr'>αὐτοῖς</span> <span class='ocrx_word' id='word_1_92' title='bbox 1568 1331 1580 1342; x_wconf 94' lang='grc'><strong>·</strong></span> <span class='ocrx_word' id='word_1_93' title='bbox 1622 1307 1681 1365; x_wconf 72' lang='grc' dir='ltr'>οὗ</span> <span class='ocrx_word' id='word_1_94' title='bbox 1711 1309 1771 1362; x_wconf 90' lang='grc' dir='ltr'><strong>τὸ</strong></span> <span class='ocrx_word' id='word_1_95' title='bbox 1814 1309 1984 1378; x_wconf 71' lang='grc' dir='ltr'>ἥμισυ</span> 
     </span>
    </p>
   </div>
   <div class='ocr_carea' id='block_1_12' title="bbox 392 1398 1984 1486">
    <p class='ocr_par' dir='ltr' id='par_1_12' title="bbox 392 1398 1984 1486">
     <span class='ocr_line' id='line_1_13' title="bbox 392 1398 1984 1486; baseline -0.021 -3"><span class='ocrx_word' id='word_1_96' title='bbox 392 1425 558 1484; x_wconf 79' lang='grc' dir='ltr'>αὑτοῦ</span> <span class='ocrx_word' id='word_1_97' title='bbox 592 1423 927 1478; x_wconf 82' lang='grc' dir='ltr'>κατέκαυσεν</span> <span class='ocrx_word' id='word_1_98' title='bbox 953 1421 1011 1470; x_wconf 79' lang='grc' dir='ltr'><strong>ὲν</strong></span> <span class='ocrx_word' id='word_1_99' title='bbox 1041 1416 1194 1486; x_wconf 73' lang='grc' dir='ltr'>πυρὶ,</span> <span class='ocrx_word' id='word_1_100' title='bbox 1224 1413 1317 1467; x_wconf 75' lang='grc' dir='ltr'><strong>καὶ</strong></span> <span class='ocrx_word' id='word_1_101' title='bbox 1338 1411 1428 1463; x_wconf 75' lang='grc' dir='ltr'><strong>ἐπὶ</strong></span> <span class='ocrx_word' id='word_1_102' title='bbox 1449 1407 1542 1460; x_wconf 89' lang='grc' dir='ltr'><strong>τοῦ</strong></span> <span class='ocrx_word' id='word_1_103' title='bbox 1570 1405 1800 1476; x_wconf 76' lang='grc' dir='ltr'>ἡμίσους</span> <span class='ocrx_word' id='word_1_104' title='bbox 1820 1398 1984 1453; x_wconf 85' lang='grc' dir='ltr'>αὑτοῦ</span> 
     </span>
    </p>
   </div>
   <div class='ocr_carea' id='block_1_13' title="bbox 393 1493 1986 1591">
    <p class='ocr_par' dir='ltr' id='par_1_13' title="bbox 393 1493 1986 1591">
     <span class='ocr_line' id='line_1_14' title="bbox 393 1493 1986 1591; baseline -0.022 -14"><span class='ocrx_word' id='word_1_105' title='bbox 393 1522 598 1591; x_wconf 72' lang='grc' dir='ltr'>ἐπεψεν</span> <span class='ocrx_word' id='word_1_106' title='bbox 621 1521 678 1572; x_wconf 77' lang='grc' dir='ltr'><strong>ἐν</strong></span> <span class='ocrx_word' id='word_1_107' title='bbox 705 1519 815 1579; x_wconf 86' lang='grc' dir='ltr'>τοῖς</span> <span class='ocrx_word' id='word_1_108' title='bbox 849 1507 1106 1582; x_wconf 77' lang='grc' dir='ltr'>ἄνθραξιν</span> <span class='ocrx_word' id='word_1_109' title='bbox 1135 1508 1352 1578; x_wconf 80' lang='grc' dir='ltr'>ἄρτους,</span> <span class='ocrx_word' id='word_1_110' title='bbox 1386 1506 1478 1555; x_wconf 72' lang='grc' dir='ltr'><strong>καὶ</strong></span> <span class='ocrx_word' id='word_1_111' title='bbox 1513 1501 1597 1552; x_wconf 78' lang='grc' dir='ltr'>ἐπ’</span> <span class='ocrx_word' id='word_1_112' title='bbox 1625 1495 1789 1552; x_wconf 83' lang='grc' dir='ltr'>αὐτοῦ</span> <span class='ocrx_word' id='word_1_113' title='bbox 1819 1493 1986 1564; x_wconf 84' lang='grc' dir='ltr'>κρέας</span> 
     </span>
    </p>
   </div>
   <div class='ocr_carea' id='block_1_14' title="bbox 393 1578 1987 1683">
    <p class='ocr_par' dir='ltr' id='par_1_14' title="bbox 393 1578 1987 1683">
     <span class='ocr_line' id='line_1_15' title="bbox 393 1578 1987 1683; baseline -0.021 -16"><span class='ocrx_word' id='word_1_114' title='bbox 393 1578 642 1683; x_wconf 65' lang='grc' dir='ltr'>ὀπτησας</span> <span class='ocrx_word' id='word_1_115' title='bbox 677 1608 872 1677; x_wconf 73' lang='grc' dir='ltr'>ἔφαγε,</span> <span class='ocrx_word' id='word_1_116' title='bbox 914 1578 1008 1656; x_wconf 77' lang='grc' dir='ltr'><strong>καὶ</strong></span> <span class='ocrx_word' id='word_1_117' title='bbox 1039 1598 1369 1668; x_wconf 72' lang='grc' dir='ltr'>ἐνεπλήσθη,</span> <span class='ocrx_word' id='word_1_118' title='bbox 1404 1595 1498 1647; x_wconf 72' lang='grc' dir='ltr'><strong>καὶ</strong></span> <span class='ocrx_word' id='word_1_119' title='bbox 1545 1587 1872 1662; x_wconf 72' lang='grc' dir='ltr'>θερμανθεὶς</span> <span class='ocrx_word' id='word_1_120' title='bbox 1906 1578 1987 1636; x_wconf 81' lang='grc' dir='ltr'><strong>εἷ-</strong></span> 
     </span>
    </p>
   </div>
   <div class='ocr_carea' id='block_1_15' title="bbox 397 1677 1987 1771">
    <p class='ocr_par' dir='ltr' id='par_1_15' title="bbox 397 1677 1987 1771">
     <span class='ocr_line' id='line_1_16' title="bbox 397 1677 1987 1771; baseline -0.019 -12"><span class='ocrx_word' id='word_1_121' title='bbox 397 1723 497 1759; x_wconf 88' lang='grc' dir='ltr'><strong>πεν</strong></span> <span class='ocrx_word' id='word_1_122' title='bbox 519 1723 531 1734; x_wconf 90' lang='grc'><strong>·</strong></span> <span class='ocrx_word' id='word_1_123' title='bbox 572 1701 699 1755; x_wconf 86' lang='grc' dir='ltr'>Ἦδύ</span> <span class='ocrx_word' id='word_1_124' title='bbox 724 1718 834 1771; x_wconf 89' lang='grc' dir='ltr'>μοι,</span> <span class='ocrx_word' id='word_1_125' title='bbox 863 1698 944 1750; x_wconf 84' lang='grc' dir='ltr'><strong>ὅτι</strong></span> <span class='ocrx_word' id='word_1_126' title='bbox 974 1692 1336 1765; x_wconf 82' lang='grc' dir='ltr'>ὲθερμάνθην,</span> <span class='ocrx_word' id='word_1_127' title='bbox 1364 1687 1458 1741; x_wconf 71' lang='grc' dir='ltr'>καὶ</span> <span class='ocrx_word' id='word_1_128' title='bbox 1494 1681 1631 1737; x_wconf 81' lang='grc' dir='ltr'>εἶδον</span> <span class='ocrx_word' id='word_1_129' title='bbox 1663 1681 1793 1753; x_wconf 88' lang='grc' dir='ltr'>πῦρ.</span> <span class='ocrx_word' id='word_1_130' title='bbox 1829 1679 1902 1731; x_wconf 89' lang='grc' dir='ltr'>Τὸ</span> <span class='ocrx_word' id='word_1_131' title='bbox 1930 1677 1987 1729; x_wconf 81' lang='grc' dir='ltr'><strong>δὲ</strong></span> 
     </span>
    </p>
   </div>
   <div class='ocr_carea' id='block_1_16' title="bbox 396 1769 1986 1862">
    <p class='ocr_par' dir='ltr' id='par_1_16' title="bbox 396 1769 1986 1862">
     <span class='ocr_line' id='line_1_17' title="bbox 396 1769 1986 1862; baseline -0.018 -13"><span class='ocrx_word' id='word_1_132' title='bbox 396 1797 582 1851; x_wconf 85' lang='grc' dir='ltr'>λοιπὸν</span> <span class='ocrx_word' id='word_1_133' title='bbox 608 1769 864 1862; x_wconf 76' lang='grc' dir='ltr'>ἐποίησεν</span> <span class='ocrx_word' id='word_1_134' title='bbox 888 1791 966 1850; x_wconf 82' lang='grc' dir='ltr'><strong>είς</strong></span> <span class='ocrx_word' id='word_1_135' title='bbox 995 1786 1126 1839; x_wconf 83' lang='grc' dir='ltr'>Θεὸν</span> <span class='ocrx_word' id='word_1_136' title='bbox 1156 1781 1413 1851; x_wconf 89' lang='grc' dir='ltr'>γλυπτὸν,</span> <span class='ocrx_word' id='word_1_137' title='bbox 1442 1778 1533 1831; x_wconf 72' lang='grc' dir='ltr'><strong>καὶ</strong></span> <span class='ocrx_word' id='word_1_138' title='bbox 1573 1774 1865 1846; x_wconf 81' lang='grc' dir='ltr'>προσκυνεῖ</span> <span class='ocrx_word' id='word_1_139' title='bbox 1892 1769 1986 1822; x_wconf 73' lang='grc' dir='ltr'><strong>καὶ</strong></span> 
     </span>
    </p>
   </div>
   <div class='ocr_carea' id='block_1_17' title="bbox 396 1859 1981 1960">
    <p class='ocr_par' dir='ltr' id='par_1_17' title="bbox 396 1859 1981 1960">
     <span class='ocr_line' id='line_1_18' title="bbox 396 1859 1981 1960; baseline -0.019 -18"><span class='ocrx_word' id='word_1_140' title='bbox 396 1859 766 1960; x_wconf 84' lang='grc' dir='ltr'>προσεύχεται</span> <span class='ocrx_word' id='word_1_141' title='bbox 784 1882 958 1948; x_wconf 86' lang='grc' dir='ltr'>λέγων</span> <span class='ocrx_word' id='word_1_142' title='bbox 977 1897 992 1910; x_wconf 75' lang='grc' dir='ltr'><strong>ο</strong></span> <span class='ocrx_word' id='word_1_143' title='bbox 1030 1876 1242 1944; x_wconf 85' lang='grc' dir='ltr'>Ἐξέλου</span> <span class='ocrx_word' id='word_1_144' title='bbox 1267 1891 1356 1945; x_wconf 88' lang='grc' dir='ltr'><strong>με,</strong></span> <span class='ocrx_word' id='word_1_145' title='bbox 1390 1873 1470 1924; x_wconf 82' lang='grc' dir='ltr'>ὅτι</span> <span class='ocrx_word' id='word_1_146' title='bbox 1490 1869 1622 1931; x_wconf 84' lang='grc' dir='ltr'>Θεός</span> <span class='ocrx_word' id='word_1_147' title='bbox 1656 1883 1754 1938; x_wconf 87' lang='grc' dir='ltr'><strong>μου</strong></span> <span class='ocrx_word' id='word_1_148' title='bbox 1782 1859 1832 1916; x_wconf 80' lang='grc' dir='ltr'>εἴ</span> <span class='ocrx_word' id='word_1_149' title='bbox 1856 1861 1939 1914; x_wconf 89' lang='grc' dir='ltr'>σύ.</span> <span class='ocrx_word' id='word_1_150' title='bbox 1963 1881 1981 1912; x_wconf 72' lang='grc' dir='ltr'><strong>ι</strong></span> 
     </span>
    </p>
   </div>
   <div class='ocr_carea' id='block_1_18' title="bbox 400 1956 1989 2047">
    <p class='ocr_par' dir='ltr' id='par_1_18' title="bbox 400 1956 1989 2047">
     <span class='ocr_line' id='line_1_19' title="bbox 400 1956 1989 2047; baseline -0.018 -11"><span class='ocrx_word' id='word_1_151' title='bbox 400 1956 549 2045; x_wconf 79' lang='grc' dir='ltr'>Τέως</span> <span class='ocrx_word' id='word_1_152' title='bbox 583 1956 640 2033; x_wconf 71' lang='grc' dir='ltr'><strong>δὲ</strong></span> <span class='ocrx_word' id='word_1_153' title='bbox 686 1979 841 2047; x_wconf 80' lang='grc' dir='ltr'>ὑμεῖς</span> <span class='ocrx_word' id='word_1_154' title='bbox 874 1975 968 2028; x_wconf 71' lang='grc' dir='ltr'><strong>ἐπὶ</strong></span> <span class='ocrx_word' id='word_1_155' title='bbox 1000 1971 1094 2024; x_wconf 89' lang='grc' dir='ltr'><strong>τοῦ</strong></span> <span class='ocrx_word' id='word_1_156' title='bbox 1128 1968 1418 2038; x_wconf 83' lang='grc' dir='ltr'>παρόντος,</span> <span class='ocrx_word' id='word_1_157' title='bbox 1449 1963 1586 2033; x_wconf 87' lang='grc' dir='ltr'>πρὸς</span> <span class='ocrx_word' id='word_1_158' title='bbox 1618 1959 1710 2022; x_wconf 75' lang='grc' dir='ltr'><strong>οὓς</strong></span> <span class='ocrx_word' id='word_1_159' title='bbox 1741 1961 1768 2012; x_wconf 88' lang='grc' dir='ltr'>ὁ</span> <span class='ocrx_word' id='word_1_160' title='bbox 1799 1956 1989 2028; x_wconf 87' lang='grc' dir='ltr'>παρὼν</span> 
     </span>
    </p>
   </div>
   <div class='ocr_carea' id='block_1_19' title="bbox 400 2056 1988 2148">
    <p class='ocr_par' dir='ltr' id='par_1_19' title="bbox 400 2056 1988 2148">
     <span class='ocr_line' id='line_1_20' title="bbox 400 2056 1988 2148; baseline -0.016 -16"><span class='ocrx_word' id='word_1_161' title='bbox 400 2079 597 2148; x_wconf 82' lang='grc' dir='ltr'>λάγος;</span> <span class='ocrx_word' id='word_1_162' title='bbox 640 2075 705 2128; x_wconf 88' lang='grc' dir='ltr'><strong>Τί</strong></span> <span class='ocrx_word' id='word_1_163' title='bbox 739 2074 939 2144; x_wconf 88' lang='grc' dir='ltr'>δήποτε</span> <span class='ocrx_word' id='word_1_164' title='bbox 977 2069 1052 2141; x_wconf 81' lang='grc' dir='ltr'>μὴ</span> <span class='ocrx_word' id='word_1_165' title='bbox 1089 2065 1367 2136; x_wconf 76' lang='grc' dir='ltr'>λογίζεσθε</span> <span class='ocrx_word' id='word_1_166' title='bbox 1412 2060 1540 2133; x_wconf 76' lang='grc' dir='ltr'>παρ’</span> <span class='ocrx_word' id='word_1_167' title='bbox 1568 2060 1799 2121; x_wconf 79' lang='grc' dir='ltr'>ἑαυτοῖς,</span> <span class='ocrx_word' id='word_1_168' title='bbox 1836 2056 1916 2118; x_wconf 91' lang='grc' dir='ltr'><strong>τίς</strong></span> <span class='ocrx_word' id='word_1_169' title='bbox 1956 2057 1988 2125; x_wconf 83' lang='grc' dir='ltr'>ἠ</span> 
     </span>
    </p>
   </div>
   <div class='ocr_carea' id='block_1_20' title="bbox 405 2146 1987 2238">
    <p class='ocr_par' dir='ltr' id='par_1_20' title="bbox 405 2146 1987 2238">
     <span class='ocr_line' id='line_1_21' title="bbox 405 2146 1987 2238; baseline -0.017 -16"><span class='ocrx_word' id='word_1_170' title='bbox 405 2146 560 2238; x_wconf 64' lang='grc' dir='ltr'>φύσις</span> <span class='ocrx_word' id='word_1_171' title='bbox 588 2165 696 2219; x_wconf 84' lang='grc' dir='ltr'>τῶν</span> <span class='ocrx_word' id='word_1_172' title='bbox 725 2165 784 2216; x_wconf 83' lang='grc' dir='ltr'><strong>έν</strong></span> <span class='ocrx_word' id='word_1_173' title='bbox 809 2159 1038 2231; x_wconf 77' lang='grc' dir='ltr'>ἀψύχοις</span> <span class='ocrx_word' id='word_1_174' title='bbox 1054 2156 1358 2226; x_wconf 81' lang='grc' dir='ltr'>ἀγάλμασιν</span> <span class='ocrx_word' id='word_1_175' title='bbox 1373 2152 1619 2204; x_wconf 87' lang='grc' dir='ltr'>θεοποιου</span> <span class='ocrx_word' id='word_1_176' title='bbox 1629 2147 1803 2218; x_wconf 88' lang='grc' dir='ltr'>μένων</span> <span class='ocrx_word' id='word_1_177' title='bbox 1827 2146 1987 2216; x_wconf 85' lang='grc' dir='ltr'>ὑμῖν;</span> 
     </span>
    </p>
   </div>
   <div class='ocr_carea' id='block_1_21' title="bbox 433 2234 1990 2330">
    <p class='ocr_par' dir='ltr' id='par_1_21' title="bbox 433 2234 1990 2330">
     <span class='ocr_line' id='line_1_22' title="bbox 433 2234 1990 2330; baseline -0.018 -17"><span class='ocrx_word' id='word_1_178' title='bbox 433 2263 547 2330; x_wconf 77' lang='grc' dir='ltr'>Αρα</span> <span class='ocrx_word' id='word_1_179' title='bbox 595 2256 704 2326; x_wconf 81' lang='grc' dir='ltr'>γὰρ</span> <span class='ocrx_word' id='word_1_180' title='bbox 763 2253 823 2306; x_wconf 86' lang='grc' dir='ltr'><strong>ού</strong></span> <span class='ocrx_word' id='word_1_181' title='bbox 892 2250 1182 2323; x_wconf 83' lang='grc' dir='ltr'>πρόχειρον</span> <span class='ocrx_word' id='word_1_182' title='bbox 1231 2248 1342 2307; x_wconf 88' lang='grc' dir='ltr'>τοῖς</span> <span class='ocrx_word' id='word_1_183' title='bbox 1397 2243 1526 2294; x_wconf 82' lang='grc' dir='ltr'>πᾶσι</span> <span class='ocrx_word' id='word_1_184' title='bbox 1600 2238 1849 2308; x_wconf 79' lang='grc' dir='ltr'>συνορᾷν,</span> <span class='ocrx_word' id='word_1_185' title='bbox 1915 2234 1990 2296; x_wconf 84' lang='grc' dir='ltr'>ὡς</span> 
     </span>
    </p>
   </div>
   <div class='ocr_carea' id='block_1_22' title="bbox 410 2324 1990 2410">
    <p class='ocr_par' dir='ltr' id='par_1_22' title="bbox 410 2324 1990 2410">
     <span class='ocr_line' id='line_1_23' title="bbox 410 2324 1990 2410; baseline -0.013 -13"><span class='ocrx_word' id='word_1_186' title='bbox 410 2344 666 2397; x_wconf 79' lang='grc' dir='ltr'>τεκτόνων</span> <span class='ocrx_word' id='word_1_187' title='bbox 694 2337 804 2393; x_wconf 83' lang='grc' dir='ltr'>εἶεν</span> <span class='ocrx_word' id='word_1_188' title='bbox 830 2339 988 2410; x_wconf 73' lang='grc' dir='ltr'>ἔργα,</span> <span class='ocrx_word' id='word_1_189' title='bbox 1038 2334 1363 2406; x_wconf 84' lang='grc' dir='ltr'>σκεπάρνοις</span> <span class='ocrx_word' id='word_1_190' title='bbox 1411 2332 1505 2383; x_wconf 72' lang='grc' dir='ltr'><strong>καὶ</strong></span> <span class='ocrx_word' id='word_1_191' title='bbox 1532 2327 1848 2399; x_wconf 87' lang='grc' dir='ltr'>τρυπάνοις,</span> <span class='ocrx_word' id='word_1_192' title='bbox 1897 2324 1990 2377; x_wconf 73' lang='grc' dir='ltr'><strong>καὶ</strong></span> 
     </span>
    </p>
   </div>
   <div class='ocr_carea' id='block_1_23' title="bbox 413 2422 1993 2504">
    <p class='ocr_par' dir='ltr' id='par_1_23' title="bbox 413 2422 1993 2504">
     <span class='ocr_line' id='line_1_24' title="bbox 413 2422 1993 2504; baseline -0.011 -14"><span class='ocrx_word' id='word_1_193' title='bbox 413 2437 668 2498; x_wconf 83' lang='grc' dir='ltr'>τοιούτοις</span> <span class='ocrx_word' id='word_1_194' title='bbox 711 2435 853 2487; x_wconf 72' lang='grc' dir='ltr'>τισὶν</span> <span class='ocrx_word' id='word_1_195' title='bbox 898 2431 1147 2504; x_wconf 80' lang='grc' dir='ltr'>ὀργάνοις</span> <span class='ocrx_word' id='word_1_196' title='bbox 1189 2425 1605 2497; x_wconf 85' lang='grc' dir='ltr'>σκευωρημένα,</span> <span class='ocrx_word' id='word_1_197' title='bbox 1642 2425 1872 2493; x_wconf 78' lang='grc' dir='ltr'>πένητος</span> <span class='ocrx_word' id='word_1_198' title='bbox 1899 2422 1993 2474; x_wconf 72' lang='grc' dir='ltr'>καὶ</span> 
     </span>
    </p>
   </div>
   <div class='ocr_carea' id='block_1_24' title="bbox 409 2512 1993 2595">
    <p class='ocr_par' dir='ltr' id='par_1_24' title="bbox 409 2512 1993 2595">
     <span class='ocr_line' id='line_1_25' title="bbox 409 2512 1993 2595; baseline -0.011 -16"><span class='ocrx_word' id='word_1_199' title='bbox 409 2525 620 2588; x_wconf 72' lang='grc' dir='ltr'>ἐνδεοῦς</span> <span class='ocrx_word' id='word_1_200' title='bbox 653 2524 839 2595; x_wconf 87' lang='grc' dir='ltr'>ἀνδρὸς</span> <span class='ocrx_word' id='word_1_201' title='bbox 885 2522 1120 2584; x_wconf 79' lang='grc' dir='ltr'>ἐπίνοια,</span> <span class='ocrx_word' id='word_1_202' title='bbox 1152 2519 1210 2582; x_wconf 85' lang='grc' dir='ltr'>ὃς</span> <span class='ocrx_word' id='word_1_203' title='bbox 1243 2517 1310 2570; x_wconf 86' lang='grc' dir='ltr'>δι’</span> <span class='ocrx_word' id='word_1_204' title='bbox 1341 2515 1549 2568; x_wconf 76' lang='grc' dir='ltr'>ἔνδειαν</span> <span class='ocrx_word' id='word_1_205' title='bbox 1591 2512 1794 2584; x_wconf 70' lang='grc' dir='ltr'>τροφῆς</span> <span class='ocrx_word' id='word_1_206' title='bbox 1844 2512 1993 2578; x_wconf 77' lang='grc' dir='ltr'>ἐνερ-</span> 
     </span>
    </p>
   </div>
   <div class='ocr_carea' id='block_1_25' title="bbox 406 2604 1813 2688">
    <p class='ocr_par' dir='ltr' id='par_1_25' title="bbox 406 2604 1813 2688">
     <span class='ocr_line' id='line_1_26' title="bbox 406 2604 1813 2688; baseline -0.011 -19"><span class='ocrx_word' id='word_1_207' title='bbox 406 2617 560 2685; x_wconf 86' lang='grc' dir='ltr'>γείας</span> <span class='ocrx_word' id='word_1_208' title='bbox 595 2617 760 2688; x_wconf 73' lang='grc' dir='ltr'>ἄρτου</span> <span class='ocrx_word' id='word_1_209' title='bbox 791 2614 984 2686; x_wconf 84' lang='grc' dir='ltr'>σχολῆς</span> <span class='ocrx_word' id='word_1_210' title='bbox 1011 2610 1256 2683; x_wconf 80' lang='grc' dir='ltr'>μηχανὴν</span> <span class='ocrx_word' id='word_1_211' title='bbox 1286 2608 1491 2676; x_wconf 85' lang='grc' dir='ltr'>πλάνης</span> <span class='ocrx_word' id='word_1_212' title='bbox 1517 2604 1813 2674; x_wconf 83' lang='grc' dir='ltr'>ἐξηύρατο;</span> 
     </span>
    </p>
   </div>
   <div class='ocr_carea' id='block_1_26' title="bbox 479 2689 1992 2777">
    <p class='ocr_par' dir='ltr' id='par_1_26' title="bbox 479 2693 1992 2777">
     <span class='ocr_line' id='line_1_27' title="bbox 479 2693 1992 2777; baseline -0.011 -17"><span class='ocrx_word' id='word_1_213' title='bbox 479 2729 496 2760; x_wconf 82' lang='grc' dir='ltr'><strong>ι</strong></span> <span class='ocrx_word' id='word_1_214' title='bbox 522 2709 634 2762; x_wconf 85' lang='grc' dir='ltr'>Ούκ</span> <span class='ocrx_word' id='word_1_215' title='bbox 665 2708 908 2776; x_wconf 74' lang='grc' dir='ltr'>ἔγνωσαν</span> <span class='ocrx_word' id='word_1_216' title='bbox 933 2705 1220 2777; x_wconf 79' lang='grc' dir='ltr'>φρονῆσαι,</span> <span class='ocrx_word' id='word_1_217' title='bbox 1271 2703 1353 2753; x_wconf 79' lang='grc' dir='ltr'>ὅτι</span> <span class='ocrx_word' id='word_1_218' title='bbox 1378 2695 1865 2768; x_wconf 83' lang='grc' dir='ltr'>ἀπημαυρώθησαν</span> <span class='ocrx_word' id='word_1_219' title='bbox 1899 2693 1992 2746; x_wconf 88' lang='grc' dir='ltr'><strong>τοῦ</strong></span> 
     </span>
    </p>
   </div>
   <div class='ocr_carea' id='block_1_27' title="bbox 405 2785 1997 2870">
    <p class='ocr_par' dir='ltr' id='par_1_27' title="bbox 405 2785 1997 2870">
     <span class='ocr_line' id='line_1_28' title="bbox 405 2785 1997 2870; baseline -0.011 -16"><span class='ocrx_word' id='word_1_220' title='bbox 405 2800 620 2870; x_wconf 83' lang='grc' dir='ltr'>βλέπειν</span> <span class='ocrx_word' id='word_1_221' title='bbox 665 2802 780 2862; x_wconf 78' lang='grc' dir='ltr'>τοῖς</span> <span class='ocrx_word' id='word_1_222' title='bbox 820 2797 1136 2868; x_wconf 70' lang='grc' dir='ltr'>ὀφθαλμοῖς,</span> <span class='ocrx_word' id='word_1_223' title='bbox 1181 2795 1275 2847; x_wconf 70' lang='grc' dir='ltr'><strong>καὶ</strong></span> <span class='ocrx_word' id='word_1_224' title='bbox 1316 2791 1410 2844; x_wconf 87' lang='grc' dir='ltr'><strong>τοῦ</strong></span> <span class='ocrx_word' id='word_1_225' title='bbox 1444 2789 1635 2858; x_wconf 78' lang='grc' dir='ltr'>νοῆσαι</span> <span class='ocrx_word' id='word_1_226' title='bbox 1680 2789 1746 2858; x_wconf 81' lang='grc' dir='ltr'>τῇ</span> <span class='ocrx_word' id='word_1_227' title='bbox 1797 2785 1997 2858; x_wconf 77' lang='grc' dir='ltr'>καρδίᾳ</span> 
     </span>
    </p>
   </div>
   <div class='ocr_carea' id='block_1_28' title="bbox 402 2878 1995 2958">
    <p class='ocr_par' dir='ltr' id='par_1_28' title="bbox 402 2878 1995 2958">
     <span class='ocr_line' id='line_1_29' title="bbox 402 2878 1995 2958; baseline -0.011 -12"><span class='ocrx_word' id='word_1_228' title='bbox 402 2892 600 2946; x_wconf 77' lang='grc' dir='ltr'>αὐτῶν.</span> <span class='ocrx_word' id='word_1_229' title='bbox 628 2892 742 2946; x_wconf 77' lang='grc' dir='ltr'><strong>Καὶ</strong></span> <span class='ocrx_word' id='word_1_230' title='bbox 766 2891 866 2944; x_wconf 83' lang='grc' dir='ltr'><strong>οὐκ</strong></span> <span class='ocrx_word' id='word_1_231' title='bbox 896 2889 1178 2958; x_wconf 75' lang='grc' dir='ltr'>ἐλογίσατο</span> <span class='ocrx_word' id='word_1_232' title='bbox 1204 2889 1270 2956; x_wconf 83' lang='grc' dir='ltr'>τῇ</span> <span class='ocrx_word' id='word_1_233' title='bbox 1297 2885 1441 2954; x_wconf 71' lang='grc' dir='ltr'>ψυχῇ</span> <span class='ocrx_word' id='word_1_234' title='bbox 1481 2881 1670 2944; x_wconf 82' lang='grc' dir='ltr'>αὐτοῦ,</span> <span class='ocrx_word' id='word_1_235' title='bbox 1703 2879 1822 2933; x_wconf 84' lang='grc' dir='ltr'>οὐδὲ</span> <span class='ocrx_word' id='word_1_236' title='bbox 1857 2878 1995 2948; x_wconf 75' lang='grc' dir='ltr'>ἔγνω</span> 
     </span>
    </p>
   </div>
   <div class='ocr_carea' id='block_1_29' title="bbox 401 2974 1996 3055">
    <p class='ocr_par' dir='ltr' id='par_1_29' title="bbox 401 2974 1996 3055">
     <span class='ocr_line' id='line_1_30' title="bbox 401 2974 1996 3055; baseline -0.01 -17"><span class='ocrx_word' id='word_1_237' title='bbox 401 2988 469 3055; x_wconf 78' lang='grc' dir='ltr'>τῇ</span> <span class='ocrx_word' id='word_1_238' title='bbox 500 2985 784 3055; x_wconf 80' lang='grc' dir='ltr'>φρονήσει,</span> <span class='ocrx_word' id='word_1_239' title='bbox 818 2984 898 3036; x_wconf 84' lang='grc' dir='ltr'><strong>ὅτι</strong></span> <span class='ocrx_word' id='word_1_240' title='bbox 931 2982 992 3034; x_wconf 89' lang='grc' dir='ltr'><strong>τὸ</strong></span> <span class='ocrx_word' id='word_1_241' title='bbox 1017 2981 1188 3051; x_wconf 78' lang='grc' dir='ltr'>ἥμισυ</span> <span class='ocrx_word' id='word_1_242' title='bbox 1228 2977 1393 3031; x_wconf 87' lang='grc' dir='ltr'>αὐτοῦ</span> <span class='ocrx_word' id='word_1_243' title='bbox 1435 2975 1776 3030; x_wconf 82' lang='grc' dir='ltr'>κατέκαυσεν</span> <span class='ocrx_word' id='word_1_244' title='bbox 1810 2974 1868 3025; x_wconf 81' lang='grc' dir='ltr'>ὲν</span> <span class='ocrx_word' id='word_1_245' title='bbox 1899 2990 1996 3023; x_wconf 87' lang='grc' dir='ltr'>πυ-</span> 
     </span>
    </p>
   </div>
   <div class='ocr_carea' id='block_1_30' title="bbox 406 3064 1996 3148">
    <p class='ocr_par' dir='ltr' id='par_1_30' title="bbox 406 3064 1996 3148">
     <span class='ocr_line' id='line_1_31' title="bbox 406 3064 1996 3148; baseline -0.008 -20"><span class='ocrx_word' id='word_1_246' title='bbox 406 3077 482 3148; x_wconf 79' lang='grc' dir='ltr'>ρὶ,</span> <span class='ocrx_word' id='word_1_247' title='bbox 524 3077 618 3130; x_wconf 76' lang='grc' dir='ltr'><strong>καὶ</strong></span> <span class='ocrx_word' id='word_1_248' title='bbox 658 3074 860 3144; x_wconf 71' lang='grc' dir='ltr'>έπεψεν</span> <span class='ocrx_word' id='word_1_249' title='bbox 896 3075 988 3127; x_wconf 73' lang='grc' dir='ltr'><strong>ἐπὶ</strong></span> <span class='ocrx_word' id='word_1_250' title='bbox 1017 3072 1124 3125; x_wconf 85' lang='grc' dir='ltr'><strong>τῶν</strong></span> <span class='ocrx_word' id='word_1_251' title='bbox 1152 3070 1440 3141; x_wconf 84' lang='grc' dir='ltr'>ἀνθράκων</span> <span class='ocrx_word' id='word_1_252' title='bbox 1468 3066 1633 3121; x_wconf 84' lang='grc' dir='ltr'>αὐτοῦ</span> <span class='ocrx_word' id='word_1_253' title='bbox 1655 3065 1873 3137; x_wconf 82' lang='grc' dir='ltr'>ἄρτους,</span> <span class='ocrx_word' id='word_1_254' title='bbox 1903 3064 1996 3116; x_wconf 80' lang='grc' dir='ltr'>καὶ</span> 
     </span>
    </p>
   </div>
   <div class='ocr_carea' id='block_1_31' title="bbox 401 3156 2068 3239">
    <p class='ocr_par' dir='ltr' id='par_1_31' title="bbox 401 3156 2068 3239">
     <span class='ocr_line' id='line_1_32' title="bbox 401 3156 2068 3239; baseline -0.009 -17"><span class='ocrx_word' id='word_1_255' title='bbox 401 3170 648 3239; x_wconf 83' lang='grc' dir='ltr'>ὀπτήσας</span> <span class='ocrx_word' id='word_1_256' title='bbox 681 3167 815 3238; x_wconf 87' lang='grc' dir='ltr'>κρέα</span> <span class='ocrx_word' id='word_1_257' title='bbox 855 3166 1046 3236; x_wconf 77' lang='grc' dir='ltr'>ἔφαγε,</span> <span class='ocrx_word' id='word_1_258' title='bbox 1082 3164 1176 3217; x_wconf 77' lang='grc' dir='ltr'>καὶ</span> <span class='ocrx_word' id='word_1_259' title='bbox 1205 3163 1264 3216; x_wconf 89' lang='grc' dir='ltr'><strong>τὸ</strong></span> <span class='ocrx_word' id='word_1_260' title='bbox 1298 3161 1482 3214; x_wconf 88' lang='grc' dir='ltr'>λοιπὸν</span> <span class='ocrx_word' id='word_1_261' title='bbox 1510 3157 1677 3212; x_wconf 84' lang='grc' dir='ltr'>αὐτοῦ</span> <span class='ocrx_word' id='word_1_262' title='bbox 1708 3159 1787 3221; x_wconf 87' lang='grc' dir='ltr'>εἰς</span> <span class='ocrx_word' id='word_1_263' title='bbox 1815 3156 1998 3227; x_wconf 87' lang='grc' dir='ltr'>βδέλυ-</span> <span class='ocrx_word' id='word_1_264' title='bbox 2023 3175 2068 3234; x_wconf 75' lang='lat' dir='ltr'><strong>C</strong></span> 
     </span>
    </p>
   </div>
   <div class='ocr_carea' id='block_1_32' title="bbox 402 3249 2000 3332">
    <p class='ocr_par' dir='ltr' id='par_1_32' title="bbox 402 3249 2000 3332">
     <span class='ocr_line' id='line_1_33' title="bbox 402 3249 2000 3332; baseline -0.009 -17"><span class='ocrx_word' id='word_1_265' title='bbox 402 3279 522 3332; x_wconf 90' lang='grc' dir='ltr'><strong>γμα</strong></span> <span class='ocrx_word' id='word_1_266' title='bbox 546 3261 795 3331; x_wconf 81' lang='grc' dir='ltr'>ἐποίησε,</span> <span class='ocrx_word' id='word_1_267' title='bbox 821 3259 914 3311; x_wconf 75' lang='grc' dir='ltr'>καὶ</span> <span class='ocrx_word' id='word_1_268' title='bbox 938 3254 1343 3328; x_wconf 84' lang='grc' dir='ltr'>προσκυνοῦσιν</span> <span class='ocrx_word' id='word_1_269' title='bbox 1369 3251 1535 3323; x_wconf 82' lang='grc' dir='ltr'>αὐτῷ.</span> <span class='ocrx_word' id='word_1_270' title='bbox 1565 3271 1583 3304; x_wconf 74' lang='grc' dir='ltr'><strong>ι</strong></span> <span class='ocrx_word' id='word_1_271' title='bbox 1634 3251 1722 3313; x_wconf 77' lang='grc' dir='ltr'>Ὠς</span> <span class='ocrx_word' id='word_1_272' title='bbox 1759 3249 2000 3320; x_wconf 65' lang='grc' dir='ltr'>ἐπιλεληι</span> 
     </span>
    </p>
   </div>
   <div class='ocr_carea' id='block_1_33' title="bbox 402 3339 1999 3422">
    <p class='ocr_par' dir='ltr' id='par_1_33' title="bbox 402 3339 1999 3422">
     <span class='ocr_line' id='line_1_34' title="bbox 402 3339 1999 3422; baseline -0.006 -19"><span class='ocrx_word' id='word_1_273' title='bbox 402 3351 621 3422; x_wconf 82' lang='grc' dir='ltr'>σμένων</span> <span class='ocrx_word' id='word_1_274' title='bbox 652 3350 708 3402; x_wconf 86' lang='grc' dir='ltr'>δὲ</span> <span class='ocrx_word' id='word_1_275' title='bbox 739 3351 830 3401; x_wconf 71' lang='grc' dir='ltr'>καὶ</span> <span class='ocrx_word' id='word_1_276' title='bbox 867 3349 1134 3419; x_wconf 79' lang='grc' dir='ltr'>δεομένων</span> <span class='ocrx_word' id='word_1_277' title='bbox 1161 3345 1257 3416; x_wconf 82' lang='grc' dir='ltr'><strong>τῆς</strong></span> <span class='ocrx_word' id='word_1_278' title='bbox 1283 3343 1487 3397; x_wconf 88' lang='grc' dir='ltr'>τούτων</span> <span class='ocrx_word' id='word_1_279' title='bbox 1519 3342 1882 3413; x_wconf 81' lang='grc' dir='ltr'>ὑπομνήσεως</span> <span class='ocrx_word' id='word_1_280' title='bbox 1912 3339 1999 3393; x_wconf 87' lang='grc' dir='ltr'><strong>διά</strong></span> 
     </span>
    </p>
   </div>
   <div class='ocr_carea' id='block_1_34' title="bbox 410 3429 2000 3511">
    <p class='ocr_par' dir='ltr' id='par_1_34' title="bbox 410 3429 2000 3511">
     <span class='ocr_line' id='line_1_35' title="bbox 410 3429 2000 3511; baseline -0.006 -21"><span class='ocrx_word' id='word_1_281' title='bbox 410 3439 714 3511; x_wconf 60' lang='grc' dir='ltr'>*ταχύτητος</span> <span class='ocrx_word' id='word_1_282' title='bbox 757 3437 1044 3510; x_wconf 82' lang='grc' dir='ltr'>λογισμοῦ,</span> <span class='ocrx_word' id='word_1_283' title='bbox 1095 3435 1267 3490; x_wconf 87' lang='grc' dir='ltr'>ταῦτά</span> <span class='ocrx_word' id='word_1_284' title='bbox 1303 3451 1457 3505; x_wconf 83' lang='grc' dir='ltr'>φησι.</span> <span class='ocrx_word' id='word_1_285' title='bbox 1516 3431 1715 3503; x_wconf 80' lang='grc' dir='ltr'>Διόπερ</span> <span class='ocrx_word' id='word_1_286' title='bbox 1765 3429 2000 3498; x_wconf 79' lang='grc' dir='ltr'>ὀφείλεις</span> 
     </span>
    </p>
   </div>
   <div class='ocr_carea' id='block_1_35' title="bbox 403 3519 2001 3603">
    <p class='ocr_par' dir='ltr' id='par_1_35' title="bbox 403 3519 2001 3603">
     <span class='ocr_line' id='line_1_36' title="bbox 403 3519 2001 3603; baseline -0.01 -16"><span class='ocrx_word' id='word_1_287' title='bbox 403 3532 507 3603; x_wconf 73' lang='grc' dir='ltr'><strong>τῆς</strong></span> <span class='ocrx_word' id='word_1_288' title='bbox 544 3530 741 3586; x_wconf 81' lang='grc' dir='ltr'>σαυτοῦ</span> <span class='ocrx_word' id='word_1_289' title='bbox 781 3529 1143 3602; x_wconf 86' lang='grc' dir='ltr'>μνημονεύειν</span> <span class='ocrx_word' id='word_1_290' title='bbox 1169 3527 1342 3592; x_wconf 82' lang='grc' dir='ltr'>ἀξίας,</span> <span class='ocrx_word' id='word_1_291' title='bbox 1379 3525 1473 3579; x_wconf 58' lang='grc' dir='ltr'><strong>καλ⁵</strong></span> <span class='ocrx_word' id='word_1_292' title='bbox 1504 3523 1729 3593; x_wconf 85' lang='grc' dir='ltr'>πλάσμα</span> <span class='ocrx_word' id='word_1_293' title='bbox 1757 3519 1893 3573; x_wconf 84' lang='grc' dir='ltr'>Θεοῦ</span> <span class='ocrx_word' id='word_1_294' title='bbox 1923 3520 2001 3571; x_wconf 84' lang='grc' dir='ltr'>ὣν</span> 
     </span>
    </p>
   </div>
   <div class='ocr_carea' id='block_1_36' title="bbox 404 3610 1999 3694">
    <p class='ocr_par' dir='ltr' id='par_1_36' title="bbox 404 3610 1999 3694">
     <span class='ocr_line' id='line_1_37' title="bbox 404 3610 1999 3694; baseline -0.011 -17"><span class='ocrx_word' id='word_1_295' title='bbox 404 3623 572 3686; x_wconf 73' lang='grc' dir='ltr'>αὐτὸς</span> <span class='ocrx_word' id='word_1_296' title='bbox 594 3623 669 3694; x_wconf 86' lang='grc' dir='ltr'>μὴ</span> <span class='ocrx_word' id='word_1_297' title='bbox 701 3619 997 3692; x_wconf 79' lang='grc' dir='ltr'>καθύϐριζε</span> <span class='ocrx_word' id='word_1_298' title='bbox 1026 3619 1270 3683; x_wconf 88' lang='grc' dir='ltr'>σεαυτὸν,</span> <span class='ocrx_word' id='word_1_299' title='bbox 1301 3617 1506 3686; x_wconf 63' lang='grc' dir='ltr'>ἄψυχον</span> <span class='ocrx_word' id='word_1_300' title='bbox 1537 3613 1668 3684; x_wconf 78' lang='grc' dir='ltr'>ὕλην</span> <span class='ocrx_word' id='word_1_301' title='bbox 1702 3610 1860 3682; x_wconf 70' lang='grc' dir='ltr'>χερσὶ</span> <span class='ocrx_word' id='word_1_302' title='bbox 1902 3610 1999 3680; x_wconf 84' lang='grc' dir='ltr'><strong>βα-</strong></span> 
     </span>
    </p>
   </div>
   <div class='ocr_carea' id='block_1_37' title="bbox 406 3703 2001 3785">
    <p class='ocr_par' dir='ltr' id='par_1_37' title="bbox 406 3703 2001 3785">
     <span class='ocr_line' id='line_1_38' title="bbox 406 3703 2001 3785; baseline -0.008 -17"><span class='ocrx_word' id='word_1_303' title='bbox 406 3714 622 3768; x_wconf 86' lang='grc' dir='ltr'>ναύσων</span> <span class='ocrx_word' id='word_1_304' title='bbox 659 3713 866 3785; x_wconf 83' lang='grc' dir='ltr'>ἀνδρῶν</span> <span class='ocrx_word' id='word_1_305' title='bbox 903 3712 1290 3783; x_wconf 77' lang='grc' dir='ltr'>πεπλασμένην</span> <span class='ocrx_word' id='word_1_306' title='bbox 1323 3707 1551 3763; x_wconf 79' lang='grc' dir='ltr'>σεαυτοῦ</span> <span class='ocrx_word' id='word_1_307' title='bbox 1589 3703 1874 3776; x_wconf 72' lang='grc' dir='ltr'>προτιμῶν</span> <span class='ocrx_word' id='word_1_308' title='bbox 1908 3703 2001 3757; x_wconf 76' lang='grc' dir='ltr'><strong>καὶ</strong></span> 
     </span>
    </p>
   </div>
   <div class='ocr_carea' id='block_1_38' title="bbox 403 3804 689 3858">
    <p class='ocr_par' dir='ltr' id='par_1_38' title="bbox 403 3804 689 3858">
     <span class='ocr_line' id='line_1_39' title="bbox 403 3804 689 3858; baseline -0.003 0"><span class='ocrx_word' id='word_1_309' title='bbox 403 3804 689 3858; x_wconf 82' lang='grc' dir='ltr'>θεοποιῶν.</span> 
     </span>
    </p>
   </div>
   <div class='ocr_carea' id='block_1_39' title="bbox 486 3885 2001 3964">
    <p class='ocr_par' dir='ltr' id='par_1_39' title="bbox 486 3885 2001 3964">
     <span class='ocr_line' id='line_1_40' title="bbox 486 3885 2001 3964; baseline -0.007 -17"><span class='ocrx_word' id='word_1_310' title='bbox 486 3915 504 3947; x_wconf 77' lang='grc' dir='ltr'><strong>ι</strong></span> <span class='ocrx_word' id='word_1_311' title='bbox 529 3894 723 3956; x_wconf 86' lang='grc' dir='ltr'>Γνῶθι,</span> <span class='ocrx_word' id='word_1_312' title='bbox 752 3895 833 3948; x_wconf 84' lang='grc' dir='ltr'>ὅτι</span> <span class='ocrx_word' id='word_1_313' title='bbox 871 3893 1064 3956; x_wconf 80' lang='grc' dir='ltr'>σποδὸς</span> <span class='ocrx_word' id='word_1_314' title='bbox 1106 3896 1138 3964; x_wconf 76' lang='grc' dir='ltr'>ἡ</span> <span class='ocrx_word' id='word_1_315' title='bbox 1180 3892 1376 3963; x_wconf 79' lang='grc' dir='ltr'>καρδία</span> <span class='ocrx_word' id='word_1_316' title='bbox 1410 3891 1610 3954; x_wconf 79' lang='grc' dir='ltr'>αὐτῶν,</span> <span class='ocrx_word' id='word_1_317' title='bbox 1644 3889 1736 3941; x_wconf 70' lang='grc' dir='ltr'><strong>καὶ</strong></span> <span class='ocrx_word' id='word_1_318' title='bbox 1760 3885 2001 3939; x_wconf 83' lang='grc' dir='ltr'>πλανῶν-</span> 
     </span>
    </p>
   </div>
   <div class='ocr_carea' id='block_1_40' title="bbox 405 3979 1999 4052">
    <p class='ocr_par' dir='ltr' id='par_1_40' title="bbox 405 3979 1999 4052">
     <span class='ocr_line' id='line_1_41' title="bbox 405 3979 1999 4052; baseline -0.007 -12"><span class='ocrx_word' id='word_1_319' title='bbox 405 4004 520 4050; x_wconf 88' lang='grc' dir='ltr'>ται,</span> <span class='ocrx_word' id='word_1_320' title='bbox 559 3986 654 4040; x_wconf 81' lang='grc' dir='ltr'>καὶ</span> <span class='ocrx_word' id='word_1_321' title='bbox 688 3985 860 4048; x_wconf 72' lang='grc' dir='ltr'>οὐδεὶς</span> <span class='ocrx_word' id='word_1_322' title='bbox 889 3984 1109 4038; x_wconf 85' lang='grc' dir='ltr'>δύναται</span> <span class='ocrx_word' id='word_1_323' title='bbox 1147 3983 1423 4049; x_wconf 78' lang='grc' dir='ltr'>ἐξελέσθαι</span> <span class='ocrx_word' id='word_1_324' title='bbox 1468 3982 1566 4052; x_wconf 86' lang='grc' dir='ltr'>τὴν</span> <span class='ocrx_word' id='word_1_325' title='bbox 1595 3980 1773 4051; x_wconf 74' lang='grc' dir='ltr'>ψυχὴν</span> <span class='ocrx_word' id='word_1_326' title='bbox 1811 3979 1999 4032; x_wconf 80' lang='grc' dir='ltr'>αὐτοῦ.</span> 
     </span>
    </p>
   </div>
   <div class='ocr_carea' id='block_1_41' title="bbox 413 4068 1998 4149">
    <p class='ocr_par' dir='ltr' id='par_1_41' title="bbox 413 4068 1998 4149">
     <span class='ocr_line' id='line_1_42' title="bbox 413 4068 1998 4149; baseline -0.006 -18"><span class='ocrx_word' id='word_1_327' title='bbox 413 4068 583 4131; x_wconf 82' lang='grc' dir='ltr'>Ἴδετε</span> <span class='ocrx_word' id='word_1_328' title='bbox 625 4077 718 4130; x_wconf 73' lang='grc' dir='ltr'><strong>καὶ</strong></span> <span class='ocrx_word' id='word_1_329' title='bbox 758 4078 855 4130; x_wconf 85' lang='grc' dir='ltr'><strong>οὐκ</strong></span> <span class='ocrx_word' id='word_1_330' title='bbox 888 4079 1081 4149; x_wconf 77' lang='grc' dir='ltr'>ἐρεῖτε,</span> <span class='ocrx_word' id='word_1_331' title='bbox 1123 4079 1206 4130; x_wconf 80' lang='grc' dir='ltr'><strong>ὅτι</strong></span> <span class='ocrx_word' id='word_1_332' title='bbox 1241 4076 1436 4144; x_wconf 72' lang='grc' dir='ltr'>ψεῦδος</span> <span class='ocrx_word' id='word_1_333' title='bbox 1473 4078 1530 4128; x_wconf 83' lang='grc' dir='ltr'><strong>ἐν</strong></span> <span class='ocrx_word' id='word_1_334' title='bbox 1577 4077 1643 4146; x_wconf 81' lang='grc' dir='ltr'>τῇ</span> <span class='ocrx_word' id='word_1_335' title='bbox 1684 4071 1833 4142; x_wconf 83' lang='grc' dir='ltr'>δεξιᾷ</span> <span class='ocrx_word' id='word_1_336' title='bbox 1877 4088 1998 4141; x_wconf 67' lang='grc' dir='ltr'>μου.</span> 
     </span>
    </p>
   </div>
   <div class='ocr_carea' id='block_1_42' title="bbox 409 4159 2004 4238">
    <p class='ocr_par' dir='ltr' id='par_1_42' title="bbox 409 4159 2004 4238">
     <span class='ocr_line' id='line_1_43' title="bbox 409 4159 2004 4238; baseline -0.006 -15"><span class='ocrx_word' id='word_1_337' title='bbox 409 4167 696 4238; x_wconf 77' lang='grc' dir='ltr'>Μνήσθητι</span> <span class='ocrx_word' id='word_1_338' title='bbox 718 4167 911 4230; x_wconf 89' lang='grc' dir='ltr'>ταῦτα,</span> <span class='ocrx_word' id='word_1_339' title='bbox 930 4167 1128 4219; x_wconf 76' lang='grc' dir='ltr'>Ἰακὼϐ</span> <span class='ocrx_word' id='word_1_340' title='bbox 1154 4169 1246 4220; x_wconf 73' lang='grc' dir='ltr'><strong>καὶ</strong></span> <span class='ocrx_word' id='word_1_341' title='bbox 1290 4166 1520 4237; x_wconf 81' lang='grc' dir='ltr'>Ἰσραὴλ,</span> <span class='ocrx_word' id='word_1_342' title='bbox 1557 4167 1637 4218; x_wconf 84' lang='grc' dir='ltr'>ὅτι</span> <span class='ocrx_word' id='word_1_343' title='bbox 1670 4166 1797 4226; x_wconf 89' lang='grc' dir='ltr'>παῖς</span> <span class='ocrx_word' id='word_1_344' title='bbox 1823 4181 1921 4234; x_wconf 89' lang='grc' dir='ltr'><strong>μου</strong></span> <span class='ocrx_word' id='word_1_345' title='bbox 1952 4159 2004 4214; x_wconf 81' lang='grc' dir='ltr'>εἷ</span> 
     </span>
    </p>
   </div>
   <div class='ocr_carea' id='block_1_43' title="bbox 410 4255 2003 4331">
    <p class='ocr_par' dir='ltr' id='par_1_43' title="bbox 410 4255 2003 4331">
     <span class='ocr_line' id='line_1_44' title="bbox 410 4255 2003 4331; baseline -0.002 -22"><span class='ocrx_word' id='word_1_346' title='bbox 410 4257 500 4314; x_wconf 90' lang='grc' dir='ltr'>σύ.</span> <span class='ocrx_word' id='word_1_347' title='bbox 541 4259 794 4313; x_wconf 85' lang='grc' dir='ltr'>Ἔπλασά</span> <span class='ocrx_word' id='word_1_348' title='bbox 827 4278 885 4312; x_wconf 91' lang='grc' dir='ltr'><strong>σε</strong></span> <span class='ocrx_word' id='word_1_349' title='bbox 918 4261 1079 4313; x_wconf 76' lang='grc' dir='ltr'>παῖδά</span> <span class='ocrx_word' id='word_1_350' title='bbox 1113 4279 1233 4331; x_wconf 89' lang='grc' dir='ltr'>μου,</span> <span class='ocrx_word' id='word_1_351' title='bbox 1266 4260 1356 4311; x_wconf 77' lang='grc' dir='ltr'><strong>καὶ</strong></span> <span class='ocrx_word' id='word_1_352' title='bbox 1394 4259 1480 4322; x_wconf 79' lang='grc' dir='ltr'><strong>σὺ,</strong></span> <span class='ocrx_word' id='word_1_353' title='bbox 1524 4255 1757 4328; x_wconf 80' lang='grc' dir='ltr'>Ἰσραὴλ,</span> <span class='ocrx_word' id='word_1_354' title='bbox 1789 4255 1863 4326; x_wconf 83' lang='grc' dir='ltr'>μὴ</span> <span class='ocrx_word' id='word_1_355' title='bbox 1892 4257 2003 4307; x_wconf 76' lang='grc' dir='ltr'>ἑπι-</span> 
     </span>
    </p>
   </div>
   <div class='ocr_carea' id='block_1_44' title="bbox 409 4347 2002 4422">
    <p class='ocr_par' dir='ltr' id='par_1_44' title="bbox 409 4347 2002 4422">
     <span class='ocr_line' id='line_1_45' title="bbox 409 4347 2002 4422; baseline -0.003 -19"><span class='ocrx_word' id='word_1_356' title='bbox 409 4349 674 4404; x_wconf 84' lang='grc' dir='ltr'>λανθάνου</span> <span class='ocrx_word' id='word_1_357' title='bbox 728 4368 849 4422; x_wconf 87' lang='grc' dir='ltr'>μου.</span> <span class='ocrx_word' id='word_1_358' title='bbox 883 4372 901 4404; x_wconf 73' lang='grc' dir='ltr'><strong><em>ι</em></strong></span> <span class='ocrx_word' id='word_1_359' title='bbox 960 4354 1047 4415; x_wconf 85' lang='grc' dir='ltr'>Ὠς</span> <span class='ocrx_word' id='word_1_360' title='bbox 1093 4351 1538 4422; x_wconf 80' lang='grc' dir='ltr'>ἀπεστραμμένῳ</span> <span class='ocrx_word' id='word_1_361' title='bbox 1583 4350 1676 4402; x_wconf 80' lang='grc' dir='ltr'><strong>καὶ</strong></span> <span class='ocrx_word' id='word_1_362' title='bbox 1724 4347 2002 4418; x_wconf 84' lang='grc' dir='ltr'>πολεμίοις</span> 
     </span>
    </p>
   </div>
   <div class='ocr_carea' id='block_1_45' title="bbox 410 4441 762 4514">
    <p class='ocr_par' dir='ltr' id='par_1_45' title="bbox 410 4441 762 4514">
     <span class='ocr_line' id='line_1_46' title="bbox 410 4441 762 4514; baseline 0 -20"><span class='ocrx_word' id='word_1_363' title='bbox 410 4441 762 4514; x_wconf 82' lang='grc' dir='ltr'>ὲκδεδομένῳ.</span> 
     </span>
    </p>
   </div>
   <div class='ocr_carea' id='block_1_46' title="bbox 429 4624 1998 4695">
    <p class='ocr_par' dir='ltr' id='par_1_46' title="bbox 429 4624 1998 4695">
     <span class='ocr_line' id='line_1_47' title="bbox 429 4624 1998 4695; baseline -0.001 -19"><span class='ocrx_word' id='word_1_364' title='bbox 429 4679 434 4686; x_wconf 67' lang='grc'><strong>,</strong></span> <span class='ocrx_word' id='word_1_365' title='bbox 491 4641 510 4675; x_wconf 73' lang='grc' dir='ltr'><strong>ι</strong></span> <span class='ocrx_word' id='word_1_366' title='bbox 534 4624 666 4676; x_wconf 74' lang='grc' dir='ltr'>Ἰδοὺ</span> <span class='ocrx_word' id='word_1_367' title='bbox 701 4625 808 4695; x_wconf 83' lang='grc' dir='ltr'><strong>γάρ</strong></span> <span class='ocrx_word' id='word_1_368' title='bbox 838 4624 1116 4695; x_wconf 61' lang='grc' dir='ltr'>ἀπήλειψα</span> <span class='ocrx_word' id='word_1_369' title='bbox 1153 4625 1228 4688; x_wconf 79' lang='grc' dir='ltr'>ὡς</span> <span class='ocrx_word' id='word_1_370' title='bbox 1251 4625 1481 4695; x_wconf 71' lang='grc' dir='ltr'>νεφέλην</span> <span class='ocrx_word' id='word_1_371' title='bbox 1498 4624 1595 4687; x_wconf 79' lang='grc' dir='ltr'><strong>τὰς</strong></span> <span class='ocrx_word' id='word_1_372' title='bbox 1622 4625 1852 4694; x_wconf 83' lang='grc' dir='ltr'>ἀνομίας</span> <span class='ocrx_word' id='word_1_373' title='bbox 1885 4640 1998 4688; x_wconf 91' lang='grc' dir='ltr'>σου,</span> 
     </span>
    </p>
   </div>
   <div class='ocr_carea' id='block_1_47' title="bbox 413 4715 2001 4788">
    <p class='ocr_par' dir='ltr' id='par_1_47' title="bbox 413 4715 2001 4788">
     <span class='ocr_line' id='line_1_48' title="bbox 413 4715 2001 4788; baseline -0.003 -18"><span class='ocrx_word' id='word_1_374' title='bbox 413 4717 508 4770; x_wconf 76' lang='grc' dir='ltr'><strong>καὶ</strong></span> <span class='ocrx_word' id='word_1_375' title='bbox 536 4716 610 4779; x_wconf 83' lang='grc' dir='ltr'>ὡς</span> <span class='ocrx_word' id='word_1_376' title='bbox 634 4720 830 4784; x_wconf 77' lang='grc' dir='ltr'>γνόφον</span> <span class='ocrx_word' id='word_1_377' title='bbox 859 4715 956 4788; x_wconf 78' lang='grc' dir='ltr'>τὴν</span> <span class='ocrx_word' id='word_1_378' title='bbox 991 4717 1262 4786; x_wconf 85' lang='grc' dir='ltr'>ἁμαρτίαν</span> <span class='ocrx_word' id='word_1_379' title='bbox 1293 4733 1406 4769; x_wconf 89' lang='grc' dir='ltr'>σου.</span> <span class='ocrx_word' id='word_1_380' title='bbox 1442 4715 1838 4788; x_wconf 80' lang='grc' dir='ltr'>Ἑπιστράφηθι</span> <span class='ocrx_word' id='word_1_381' title='bbox 1868 4715 2001 4787; x_wconf 90' lang='grc' dir='ltr'>πρὸς</span> 
     </span>
    </p>
   </div>
   <div class='ocr_carea' id='block_1_48' title="bbox 417 4806 2003 4880">
    <p class='ocr_par' dir='ltr' id='par_1_48' title="bbox 417 4806 2003 4880">
     <span class='ocr_line' id='line_1_49' title="bbox 417 4806 2003 4880; baseline -0.001 -19"><span class='ocrx_word' id='word_1_382' title='bbox 417 4808 509 4879; x_wconf 87' lang='grc' dir='ltr'><strong>μὲ,</strong></span> <span class='ocrx_word' id='word_1_383' title='bbox 549 4809 642 4861; x_wconf 71' lang='grc' dir='ltr'><strong>καὶ</strong></span> <span class='ocrx_word' id='word_1_384' title='bbox 668 4806 1015 4880; x_wconf 87' lang='grc' dir='ltr'>λυτρὼσομαί</span> <span class='ocrx_word' id='word_1_385' title='bbox 1075 4825 1154 4862; x_wconf 90' lang='grc' dir='ltr'>σε.</span> <span class='ocrx_word' id='word_1_386' title='bbox 1216 4808 1592 4879; x_wconf 78' lang='grc' dir='ltr'>Εὐφράνθητε,</span> <span class='ocrx_word' id='word_1_387' title='bbox 1632 4808 1868 4878; x_wconf 75' lang='grc' dir='ltr'>οὐρανοὶ,</span> <span class='ocrx_word' id='word_1_388' title='bbox 1922 4809 2003 4859; x_wconf 81' lang='grc' dir='ltr'><strong>ὅτι</strong></span> 
     </span>
    </p>
   </div>
   <div class='ocr_carea' id='block_1_49' title="bbox 413 4899 2006 4974">
    <p class='ocr_par' dir='ltr' id='par_1_49' title="bbox 413 4899 2006 4974">
     <span class='ocr_line' id='line_1_50' title="bbox 413 4899 2006 4974; baseline -0.001 -20"><span class='ocrx_word' id='word_1_389' title='bbox 413 4902 637 4974; x_wconf 76' lang='grc' dir='ltr'>ἐλέησεν</span> <span class='ocrx_word' id='word_1_390' title='bbox 667 4903 694 4954; x_wconf 89' lang='grc' dir='ltr'><strong>ό</strong></span> <span class='ocrx_word' id='word_1_391' title='bbox 722 4900 854 4963; x_wconf 83' lang='grc' dir='ltr'>Θεὸς</span> <span class='ocrx_word' id='word_1_392' title='bbox 894 4899 986 4952; x_wconf 89' lang='grc' dir='ltr'><strong>τὸν</strong></span> <span class='ocrx_word' id='word_1_393' title='bbox 1019 4899 1252 4971; x_wconf 80' lang='grc' dir='ltr'>Ἰσραήλ.</span> <span class='ocrx_word' id='word_1_394' title='bbox 1287 4919 1303 4949; x_wconf 72' lang='grc' dir='ltr'><strong>ι</strong></span> <span class='ocrx_word' id='word_1_395' title='bbox 1350 4901 1436 4964; x_wconf 86' lang='grc' dir='ltr'>Ὠς</span> <span class='ocrx_word' id='word_1_396' title='bbox 1475 4900 1540 4953; x_wconf 75' lang='grc' dir='ltr'>ἂν</span> <span class='ocrx_word' id='word_1_397' title='bbox 1570 4901 1744 4970; x_wconf 85' lang='grc' dir='ltr'>χαρᾶς</span> <span class='ocrx_word' id='word_1_398' title='bbox 1767 4900 1824 4950; x_wconf 79' lang='grc' dir='ltr'>ὲν</span> <span class='ocrx_word' id='word_1_399' title='bbox 1851 4899 2006 4968; x_wconf 85' lang='grc' dir='ltr'>ούρα-</span> 
     </span>
    </p>
   </div>
   <div class='ocr_carea' id='block_1_50' title="bbox 414 4991 2003 5064">
    <p class='ocr_par' dir='ltr' id='par_1_50' title="bbox 414 4991 2003 5064">
     <span class='ocr_line' id='line_1_51' title="bbox 414 4991 2003 5064; baseline -0.001 -18"><span class='ocrx_word' id='word_1_400' title='bbox 414 4997 525 5058; x_wconf 90' lang='grc' dir='ltr'>νοῖς</span> <span class='ocrx_word' id='word_1_401' title='bbox 562 4993 936 5064; x_wconf 85' lang='grc' dir='ltr'>γενησομένης</span> <span class='ocrx_word' id='word_1_402' title='bbox 979 4994 1073 5045; x_wconf 74' lang='grc' dir='ltr'><strong>ἐπὶ</strong></span> <span class='ocrx_word' id='word_1_403' title='bbox 1109 4997 1220 5056; x_wconf 87' lang='grc' dir='ltr'>τοῖς</span> <span class='ocrx_word' id='word_1_404' title='bbox 1263 4993 1514 5063; x_wconf 83' lang='grc' dir='ltr'>μέλλουσι</span> <span class='ocrx_word' id='word_1_405' title='bbox 1563 4994 1852 5064; x_wconf 82' lang='grc' dir='ltr'>μετάνοιαν</span> <span class='ocrx_word' id='word_1_406' title='bbox 1895 4991 2003 5045; x_wconf 85' lang='grc' dir='ltr'><strong>τῶν</strong></span> 
     </span>
    </p>
   </div>
   <div class='ocr_carea' id='block_1_51' title="bbox 417 5086 978 5158">
    <p class='ocr_par' dir='ltr' id='par_1_51' title="bbox 417 5086 978 5158">
     <span class='ocr_line' id='line_1_52' title="bbox 417 5086 978 5158; baseline -0.002 -18"><span class='ocrx_word' id='word_1_407' title='bbox 417 5087 604 5142; x_wconf 84' lang='grc' dir='ltr'>κακῶν</span> <span class='ocrx_word' id='word_1_408' title='bbox 627 5086 978 5158; x_wconf 88' lang='grc' dir='ltr'>ποιήσασθαι.</span> 
     </span>
    </p>
   </div>
   <div class='ocr_carea' id='block_1_52' title="bbox 493 5174 2002 5247">
    <p class='ocr_par' dir='ltr' id='par_1_52' title="bbox 493 5174 2002 5247">
     <span class='ocr_line' id='line_1_53' title="bbox 493 5174 2002 5247; baseline -0.003 -17"><span class='ocrx_word' id='word_1_409' title='bbox 493 5198 512 5230; x_wconf 76' lang='grc' dir='ltr'><strong>ι</strong></span> <span class='ocrx_word' id='word_1_410' title='bbox 541 5177 873 5242; x_wconf 89' lang='grc' dir='ltr'>Σαλπίσατε,</span> <span class='ocrx_word' id='word_1_411' title='bbox 893 5177 961 5230; x_wconf 84' lang='grc' dir='ltr'>τὰ</span> <span class='ocrx_word' id='word_1_412' title='bbox 986 5176 1209 5246; x_wconf 85' lang='grc' dir='ltr'>θεμέλια</span> <span class='ocrx_word' id='word_1_413' title='bbox 1235 5177 1325 5245; x_wconf 80' lang='grc' dir='ltr'>τῆς</span> <span class='ocrx_word' id='word_1_414' title='bbox 1347 5176 1469 5245; x_wconf 80' lang='grc' dir='ltr'>γῆς,</span> <span class='ocrx_word' id='word_1_415' title='bbox 1499 5175 1749 5247; x_wconf 78' lang='grc' dir='ltr'>βοήσατε,</span> <span class='ocrx_word' id='word_1_416' title='bbox 1768 5175 1890 5246; x_wconf 83' lang='grc' dir='ltr'>ὄρη,</span> <span class='ocrx_word' id='word_1_417' title='bbox 1912 5174 2002 5226; x_wconf 64' lang='grc' dir='ltr'>εύη</span> 
     </span>
    </p>
   </div>
   <div class='ocr_carea' id='block_1_53' title="bbox 418 5267 2001 5342">
    <p class='ocr_par' dir='ltr' id='par_1_53' title="bbox 418 5267 2001 5342">
     <span class='ocr_line' id='line_1_54' title="bbox 418 5267 2001 5342; baseline -0.002 -19"><span class='ocrx_word' id='word_1_418' title='bbox 418 5269 714 5342; x_wconf 83' lang='grc' dir='ltr'>φροσύνην,</span> <span class='ocrx_word' id='word_1_419' title='bbox 742 5272 789 5322; x_wconf 89' lang='grc' dir='ltr'><strong>οί</strong></span> <span class='ocrx_word' id='word_1_420' title='bbox 821 5271 998 5340; x_wconf 64' lang='grc' dir='ltr'>βουνοί</span> <span class='ocrx_word' id='word_1_421' title='bbox 1023 5270 1117 5323; x_wconf 81' lang='grc' dir='ltr'><strong>καὶ</strong></span> <span class='ocrx_word' id='word_1_422' title='bbox 1147 5269 1325 5323; x_wconf 87' lang='grc' dir='ltr'>πάντα</span> <span class='ocrx_word' id='word_1_423' title='bbox 1358 5268 1426 5322; x_wconf 86' lang='grc' dir='ltr'><strong>τά</strong></span> <span class='ocrx_word' id='word_1_424' title='bbox 1462 5267 1592 5332; x_wconf 80' lang='grc' dir='ltr'>ξύλα</span> <span class='ocrx_word' id='word_1_425' title='bbox 1618 5269 1687 5322; x_wconf 83' lang='grc' dir='ltr'>τὰ</span> <span class='ocrx_word' id='word_1_426' title='bbox 1708 5271 1765 5321; x_wconf 84' lang='grc' dir='ltr'><strong>ἐν</strong></span> <span class='ocrx_word' id='word_1_427' title='bbox 1787 5271 2001 5332; x_wconf 84' lang='grc' dir='ltr'>αὐτοῖς,</span> 
     </span>
    </p>
   </div>
   <div class='ocr_carea' id='block_1_54' title="bbox 417 5359 2004 5434">
    <p class='ocr_par' dir='ltr' id='par_1_54' title="bbox 417 5359 2004 5434">
     <span class='ocr_line' id='line_1_55' title="bbox 417 5359 2004 5434; baseline -0.003 -19"><span class='ocrx_word' id='word_1_428' title='bbox 417 5363 502 5415; x_wconf 84' lang='grc' dir='ltr'><strong>ὅτι</strong></span> <span class='ocrx_word' id='word_1_429' title='bbox 527 5361 872 5434; x_wconf 81' lang='grc' dir='ltr'>ἐλυτρὼσατο</span> <span class='ocrx_word' id='word_1_430' title='bbox 903 5363 931 5414; x_wconf 88' lang='grc' dir='ltr'>ὁ</span> <span class='ocrx_word' id='word_1_431' title='bbox 969 5362 1100 5425; x_wconf 79' lang='grc' dir='ltr'>Θεὸς</span> <span class='ocrx_word' id='word_1_432' title='bbox 1131 5361 1223 5414; x_wconf 87' lang='grc' dir='ltr'><strong>τὸν</strong></span> <span class='ocrx_word' id='word_1_433' title='bbox 1270 5360 1485 5424; x_wconf 82' lang='grc' dir='ltr'>Ἰακὼϐ,</span> <span class='ocrx_word' id='word_1_434' title='bbox 1531 5360 1625 5414; x_wconf 73' lang='grc' dir='ltr'>καὶ</span> <span class='ocrx_word' id='word_1_435' title='bbox 1663 5359 1882 5430; x_wconf 79' lang='grc' dir='ltr'>Ἰσραὴλ</span> <span class='ocrx_word' id='word_1_436' title='bbox 1914 5359 2004 5411; x_wconf 86' lang='grc' dir='ltr'>δο-</span> 
     </span>
    </p>
   </div>
   <div class='ocr_carea' id='block_1_55' title="bbox 392 5452 2008 5550">
    <p class='ocr_par' dir='ltr' id='par_1_55' title="bbox 392 5452 2008 5550">
     <span class='ocr_line' id='line_1_56' title="bbox 392 5452 2008 5550; baseline -0.004 -42"><span class='ocrx_word' id='word_1_437' title='bbox 392 5455 771 5550; x_wconf 33' lang='grc' dir='ltr'>θξασθήσεται.</span> <span class='ocrx_word' id='word_1_438' title='bbox 811 5473 828 5504; x_wconf 77' lang='grc' dir='ltr'><strong>ιι</strong></span> <span class='ocrx_word' id='word_1_439' title='bbox 865 5455 926 5506; x_wconf 75' lang='grc' dir='ltr'><strong>Εἰ</strong></span> <span class='ocrx_word' id='word_1_440' title='bbox 954 5457 1062 5526; x_wconf 87' lang='grc' dir='ltr'><strong>γάρ</strong></span> <span class='ocrx_word' id='word_1_441' title='bbox 1092 5455 1240 5517; x_wconf 83' lang='grc' dir='ltr'>τινές</span> <span class='ocrx_word' id='word_1_442' title='bbox 1267 5455 1402 5506; x_wconf 79' lang='grc' dir='ltr'>εἰσιν</span> <span class='ocrx_word' id='word_1_443' title='bbox 1434 5454 1490 5505; x_wconf 89' lang='grc' dir='ltr'>αἱ</span> <span class='ocrx_word' id='word_1_444' title='bbox 1519 5452 1618 5523; x_wconf 80' lang='grc' dir='ltr'><strong>τὴν</strong></span> <span class='ocrx_word' id='word_1_445' title='bbox 1643 5452 1744 5522; x_wconf 82' lang='grc' dir='ltr'>γῆν</span> <span class='ocrx_word' id='word_1_446' title='bbox 1775 5452 2008 5522; x_wconf 82' lang='grc' dir='ltr'>ὑποστη-</span> 
     </span>
    </p>
   </div>
   <div class='ocr_carea' id='block_1_56' title="bbox 427 5541 2007 5618">
    <p class='ocr_par' dir='ltr' id='par_1_56' title="bbox 427 5541 2007 5618">
     <span class='ocr_line' id='line_1_57' title="bbox 427 5541 2007 5618; baseline -0.001 -20"><span class='ocrx_word' id='word_1_447' title='bbox 427 5546 672 5617; x_wconf 77' lang='grc' dir='ltr'>ρίζουσαι</span> <span class='ocrx_word' id='word_1_448' title='bbox 730 5545 870 5598; x_wconf 84' lang='grc' dir='ltr'>θεῖαι</span> <span class='ocrx_word' id='word_1_449' title='bbox 919 5546 1201 5618; x_wconf 87' lang='grc' dir='ltr'>δυνάμεις,</span> <span class='ocrx_word' id='word_1_450' title='bbox 1236 5548 1332 5600; x_wconf 83' lang='grc' dir='ltr'><strong>καὶ</strong></span> <span class='ocrx_word' id='word_1_451' title='bbox 1375 5541 1534 5600; x_wconf 72' lang='grc' dir='ltr'>αὗται</span> <span class='ocrx_word' id='word_1_452' title='bbox 1564 5543 1879 5614; x_wconf 90' lang='grc' dir='ltr'>ἀλαλαγμὸν</span> <span class='ocrx_word' id='word_1_453' title='bbox 1912 5547 2007 5597; x_wconf 74' lang='grc' dir='ltr'>καὶ</span> 
     </span>
    </p>
   </div>
   <div class='ocr_carea' id='block_1_57' title="bbox 423 5637 2088 5711">
    <p class='ocr_par' dir='ltr' id='par_1_57' title="bbox 423 5637 2088 5711">
     <span class='ocr_line' id='line_1_58' title="bbox 423 5637 2088 5711; baseline -0.001 -20"><span class='ocrx_word' id='word_1_454' title='bbox 423 5638 593 5711; x_wconf 79' lang='grc' dir='ltr'>ὕμνον</span> <span class='ocrx_word' id='word_1_455' title='bbox 615 5639 1094 5709; x_wconf 81' lang='grc' dir='ltr'>ἀναπεμπέτωσαν</span> <span class='ocrx_word' id='word_1_456' title='bbox 1117 5640 1195 5710; x_wconf 80' lang='grc' dir='ltr'>τῷ</span> <span class='ocrx_word' id='word_1_457' title='bbox 1226 5639 1364 5711; x_wconf 81' lang='grc' dir='ltr'><strong>Θεῷ,</strong></span> <span class='ocrx_word' id='word_1_458' title='bbox 1401 5641 1559 5702; x_wconf 83' lang='grc' dir='ltr'>Εἰκὸς</span> <span class='ocrx_word' id='word_1_459' title='bbox 1587 5637 1644 5690; x_wconf 81' lang='grc' dir='ltr'><strong>δὲ</strong></span> <span class='ocrx_word' id='word_1_460' title='bbox 1666 5637 1890 5708; x_wconf 87' lang='grc' dir='ltr'>θεμέλια</span> <span class='ocrx_word' id='word_1_461' title='bbox 1910 5639 2008 5708; x_wconf 84' lang='grc' dir='ltr'><strong>τῆς</strong></span> <span class='ocrx_word' id='word_1_462' title='bbox 2084 5644 2088 5652; x_wconf 87' lang='grc'><em>’</em></span> 
     </span>
    </p>
   </div>
   <div class='ocr_carea' id='block_1_58' title="bbox 425 5727 2011 5802">
    <p class='ocr_par' dir='ltr' id='par_1_58' title="bbox 425 5727 2011 5802">
     <span class='ocr_line' id='line_1_59' title="bbox 425 5727 2011 5802; baseline -0.004 -15"><span class='ocrx_word' id='word_1_463' title='bbox 425 5731 530 5802; x_wconf 78' lang='grc' dir='ltr'><strong>γῆς</strong></span> <span class='ocrx_word' id='word_1_464' title='bbox 560 5731 919 5801; x_wconf 80' lang='grc' dir='ltr'>χρηματίζειν</span> <span class='ocrx_word' id='word_1_465' title='bbox 952 5730 1076 5794; x_wconf 71' lang='grc' dir='ltr'>τοὺς</span> <span class='ocrx_word' id='word_1_466' title='bbox 1116 5731 1397 5802; x_wconf 75' lang='grc' dir='ltr'>προφήτας</span> <span class='ocrx_word' id='word_1_467' title='bbox 1442 5730 1638 5792; x_wconf 80' lang='grc' dir='ltr'>αὐτοὺς</span> <span class='ocrx_word' id='word_1_468' title='bbox 1679 5727 1772 5782; x_wconf 70' lang='grc' dir='ltr'>καὶ</span> <span class='ocrx_word' id='word_1_469' title='bbox 1807 5727 2011 5790; x_wconf 82' lang='grc' dir='ltr'>πάντας</span> 
     </span>
    </p>
   </div>
   <div class='ocr_carea' id='block_1_59' title="bbox 434 5819 2014 5894">
    <p class='ocr_par' dir='ltr' id='par_1_59' title="bbox 434 5819 2014 5894">
     <span class='ocr_line' id='line_1_60' title="bbox 434 5819 2014 5894; baseline -0.005 -15"><span class='ocrx_word' id='word_1_470' title='bbox 434 5827 553 5890; x_wconf 78' lang='grc' dir='ltr'>τοὺς</span> <span class='ocrx_word' id='word_1_471' title='bbox 576 5825 816 5890; x_wconf 85' lang='grc' dir='ltr'>δικαίους</span> <span class='ocrx_word' id='word_1_472' title='bbox 857 5826 948 5878; x_wconf 69' lang='grc' dir='ltr'><strong>καὶ</strong></span> <span class='ocrx_word' id='word_1_473' title='bbox 996 5823 1266 5894; x_wconf 73' lang='grc' dir='ltr'>θεοφιλεῖς</span> <span class='ocrx_word' id='word_1_474' title='bbox 1292 5823 1490 5894; x_wconf 78' lang='grc' dir='ltr'>ἄνδρας</span> <span class='ocrx_word' id='word_1_475' title='bbox 1514 5840 1525 5852; x_wconf 86' lang='grc'><strong>·</strong></span> <span class='ocrx_word' id='word_1_476' title='bbox 1563 5820 1721 5876; x_wconf 83' lang='grc' dir='ltr'>τοῦτο</span> <span class='ocrx_word' id='word_1_477' title='bbox 1749 5819 1879 5888; x_wconf 84' lang='grc' dir='ltr'>γοῦν</span> <span class='ocrx_word' id='word_1_478' title='bbox 1909 5819 2014 5872; x_wconf 70' lang='grc' dir='ltr'>ὲδί‹</span> 
     </span>
    </p>
   </div>
   <div class='ocr_carea' id='block_1_60' title="bbox 1319 336 2755 434">
    <p class='ocr_par' dir='ltr' id='par_1_60' title="bbox 1319 336 2755 434">
     <span class='ocr_line' id='line_1_61' title="bbox 1319 336 2755 434; baseline -0.031 0"><span class='ocrx_word' id='word_1_479' title='bbox 1319 365 1824 434; x_wconf 73' lang='lat' dir='ltr'><strong>COMMENTARIA</strong></span> <span class='ocrx_word' id='word_1_480' title='bbox 1866 359 1931 415; x_wconf 86' lang='lat' dir='ltr'><strong>IN</strong></span> <span class='ocrx_word' id='word_1_481' title='bbox 1971 353 2228 413; x_wconf 72' lang='lat' dir='ltr'><strong>lSAlAM.</strong></span> <span class='ocrx_word' id='word_1_482' title='bbox 2272 382 2337 393; x_wconf 87' lang='lat'><strong>-—</strong></span> <span class='ocrx_word' id='word_1_483' title='bbox 2375 344 2529 400; x_wconf 66' lang='lat' dir='ltr'><strong>CAP.</strong></span> <span class='ocrx_word' id='word_1_484' title='bbox 2573 336 2755 394; x_wconf 67' lang='lat' dir='ltr'><strong>XLIV.</strong></span> 
     </span>
    </p>
   </div>
   <div class='ocr_carea' id='block_1_61' title="bbox 2013 428 3660 538">
    <p class='ocr_par' dir='ltr' id='par_1_61' title="bbox 2013 428 3660 538">
     <span class='ocr_line' id='line_1_62' title="bbox 2013 428 3660 538; baseline -0.034 -8"><span class='ocrx_word' id='word_1_485' title='bbox 2013 482 2059 538; x_wconf 79' lang='grc' dir='ltr'>Α</span> <span class='ocrx_word' id='word_1_486' title='bbox 2089 473 2214 528; x_wconf 85' lang='lat' dir='ltr'><strong>chio</strong></span> <span class='ocrx_word' id='word_1_487' title='bbox 2250 459 2580 522; x_wconf 72' lang='lat' dir='ltr'><strong>fortitudinis</strong></span> <span class='ocrx_word' id='word_1_488' title='bbox 2610 469 2721 510; x_wconf 64' lang='lat' dir='ltr'><strong>suae</strong></span> <span class='ocrx_word' id='word_1_489' title='bbox 2757 470 2769 505; x_wconf 89' lang='lat'>:</span> <span class='ocrx_word' id='word_1_490' title='bbox 2797 458 2852 503; x_wconf 90' lang='lat' dir='ltr'><strong>et</strong></span> <span class='ocrx_word' id='word_1_491' title='bbox 2877 443 3081 500; x_wconf 90' lang='lat' dir='ltr'><strong>esuriet</strong></span> <span class='ocrx_word' id='word_1_492' title='bbox 3112 447 3163 493; x_wconf 87' lang='lat' dir='ltr'><strong>et</strong></span> <span class='ocrx_word' id='word_1_493' title='bbox 3193 428 3576 489; x_wconf 81' lang='lat' dir='ltr'><strong>iuﬁrniabilur,</strong></span> <span class='ocrx_word' id='word_1_494' title='bbox 3604 432 3660 479; x_wconf 84' lang='lat' dir='ltr'><strong>et</strong></span> 
     </span>
    </p>
   </div>
   <div class='ocr_carea' id='block_1_62' title="bbox 3559 307 3657 364">
    <p class='ocr_par' dir='ltr' id='par_1_62' title="bbox 3559 307 3657 364">
     <span class='ocr_line' id='line_1_63' title="bbox 3559 307 3657 364; baseline -0.031 -1"><span class='ocrx_word' id='word_1_495' title='bbox 3559 307 3657 364; x_wconf 72' lang='grc'><strong>106</strong></span> 
     </span>
    </p>
   </div>
   <div class='ocr_carea' id='block_1_63' title="bbox 2090 515 3660 620">
    <p class='ocr_par' dir='ltr' id='par_1_63' title="bbox 2090 515 3660 620">
     <span class='ocr_line' id='line_1_64' title="bbox 2090 515 3660 620; baseline -0.032 -1"><span class='ocrx_word' id='word_1_496' title='bbox 2090 580 2196 619; x_wconf 91' lang='lat' dir='ltr'><strong>non</strong></span> <span class='ocrx_word' id='word_1_497' title='bbox 2228 560 2376 613; x_wconf 83' lang='lat' dir='ltr'><strong>bibet</strong></span> <span class='ocrx_word' id='word_1_498' title='bbox 2420 563 2637 620; x_wconf 90' lang='lat' dir='ltr'><strong>aquam.</strong></span> <span class='ocrx_word' id='word_1_499' title='bbox 2679 543 2863 597; x_wconf 87' lang='lat' dir='ltr'><strong>Electo</strong></span> <span class='ocrx_word' id='word_1_500' title='bbox 2896 536 3053 590; x_wconf 87' lang='lat' dir='ltr'><strong>faber</strong></span> <span class='ocrx_word' id='word_1_501' title='bbox 3087 531 3254 598; x_wconf 71' lang='lat' dir='ltr'><strong>ligno,</strong></span> <span class='ocrx_word' id='word_1_502' title='bbox 3284 519 3530 576; x_wconf 76' lang='lat' dir='ltr'><strong>adhibuit</strong></span> <span class='ocrx_word' id='word_1_503' title='bbox 3560 515 3660 582; x_wconf 84' lang='lat' dir='ltr'><strong>ipsi</strong></span> 
     </span>
    </p>
   </div>
   <div class='ocr_carea' id='block_1_64' title="bbox 2090 603 3665 716">
    <p class='ocr_par' dir='ltr' id='par_1_64' title="bbox 2090 603 3665 716">
     <span class='ocr_line' id='line_1_65' title="bbox 2090 603 3665 716; baseline -0.034 -3"><span class='ocrx_word' id='word_1_504' title='bbox 2090 669 2354 716; x_wconf 84' lang='lat' dir='ltr'><strong>normam,</strong></span> <span class='ocrx_word' id='word_1_505' title='bbox 2379 658 2435 704; x_wconf 90' lang='lat' dir='ltr'><strong>et</strong></span> <span class='ocrx_word' id='word_1_506' title='bbox 2466 639 2719 699; x_wconf 89' lang='lat' dir='ltr'><strong>formavit</strong></span> <span class='ocrx_word' id='word_1_507' title='bbox 2745 632 2872 688; x_wconf 90' lang='lat' dir='ltr'><strong>illud</strong></span> <span class='ocrx_word' id='word_1_508' title='bbox 2920 631 2974 683; x_wconf 90' lang='lat' dir='ltr'><strong>in</strong></span> <span class='ocrx_word' id='word_1_509' title='bbox 3008 623 3258 685; x_wconf 87' lang='lat' dir='ltr'><strong>runcina,</strong></span> <span class='ocrx_word' id='word_1_510' title='bbox 3293 625 3347 668; x_wconf 84' lang='lat' dir='ltr'><strong>et</strong></span> <span class='ocrx_word' id='word_1_511' title='bbox 3376 611 3506 666; x_wconf 88' lang='lat' dir='ltr'><strong>fecit</strong></span> <span class='ocrx_word' id='word_1_512' title='bbox 3533 603 3665 660; x_wconf 85' lang='lat' dir='ltr'><strong>illud</strong></span> 
     </span>
    </p>
   </div>
   <div class='ocr_carea' id='block_1_65' title="bbox 2087 704 3666 802">
    <p class='ocr_par' dir='ltr' id='par_1_65' title="bbox 2087 704 3666 802">
     <span class='ocr_line' id='line_1_66' title="bbox 2087 704 3666 802; baseline -0.034 1"><span class='ocrx_word' id='word_1_513' title='bbox 2087 749 2152 802; x_wconf 91' lang='lat' dir='ltr'><strong>ad</strong></span> <span class='ocrx_word' id='word_1_514' title='bbox 2182 704 2411 798; x_wconf 72' lang='lat' dir='ltr'><strong>formam</strong></span> <span class='ocrx_word' id='word_1_515' title='bbox 2439 735 2563 799; x_wconf 86' lang='lat' dir='ltr'><strong>viri,</strong></span> <span class='ocrx_word' id='word_1_516' title='bbox 2597 739 2651 783; x_wconf 89' lang='lat' dir='ltr'><strong>et</strong></span> <span class='ocrx_word' id='word_1_517' title='bbox 2683 727 2750 781; x_wconf 89' lang='lat' dir='ltr'><strong>ad</strong></span> <span class='ocrx_word' id='word_1_518' title='bbox 2801 722 3035 792; x_wconf 83' lang='lat' dir='ltr'><strong>speciem</strong></span> <span class='ocrx_word' id='word_1_519' title='bbox 3077 710 3334 770; x_wconf 82' lang='lat' dir='ltr'><strong>hominis,</strong></span> <span class='ocrx_word' id='word_1_520' title='bbox 3364 714 3423 759; x_wconf 91' lang='lat' dir='ltr'><strong>ut</strong></span> <span class='ocrx_word' id='word_1_521' title='bbox 3460 704 3666 756; x_wconf 87' lang='lat' dir='ltr'><strong>statuat</strong></span> 
     </span>
    </p>
   </div>
   <div class='ocr_carea' id='block_1_66' title="bbox 2088 792 3667 893">
    <p class='ocr_par' dir='ltr' id='par_1_66' title="bbox 2088 792 3667 893">
     <span class='ocr_line' id='line_1_67' title="bbox 2088 792 3667 893; baseline -0.035 0"><span class='ocrx_word' id='word_1_522' title='bbox 2088 792 2430 893; x_wconf 40' lang='lat' dir='ltr'><strong>illud-domi.</strong></span> <span class='ocrx_word' id='word_1_523' title='bbox 2469 792 2683 880; x_wconf 79' lang='lat' dir='ltr'><strong>Cecidit</strong></span> <span class='ocrx_word' id='word_1_524' title='bbox 2731 818 2932 886; x_wconf 77' lang='lat' dir='ltr'><strong>lignum</strong></span> <span class='ocrx_word' id='word_1_525' title='bbox 2967 825 3033 863; x_wconf 83' lang='lat' dir='ltr'><strong>ex</strong></span> <span class='ocrx_word' id='word_1_526' title='bbox 3083 805 3240 866; x_wconf 80' lang='lat' dir='ltr'><strong>silva,</strong></span> <span class='ocrx_word' id='word_1_527' title='bbox 3283 795 3426 868; x_wconf 89' lang='lat' dir='ltr'><strong>quod</strong></span> <span class='ocrx_word' id='word_1_528' title='bbox 3457 792 3667 893; x_wconf 76' lang='lat' dir='ltr'><strong>planta-</strong></span> 
     </span>
    </p>
   </div>
   <div class='ocr_carea' id='block_1_67' title="bbox 2086 882 3669 987">
    <p class='ocr_par' dir='ltr' id='par_1_67' title="bbox 2086 882 3669 987">
     <span class='ocr_line' id='line_1_68' title="bbox 2086 882 3669 987; baseline -0.034 -2"><span class='ocrx_word' id='word_1_529' title='bbox 2086 931 2163 983; x_wconf 92' lang='lat' dir='ltr'><strong>vit</strong></span> <span class='ocrx_word' id='word_1_530' title='bbox 2185 924 2467 984; x_wconf 84' lang='lat' dir='ltr'><strong>Dominus,</strong></span> <span class='ocrx_word' id='word_1_531' title='bbox 2504 917 2717 987; x_wconf 90' lang='lat' dir='ltr'><strong>pinum,</strong></span> <span class='ocrx_word' id='word_1_532' title='bbox 2753 919 2808 964; x_wconf 87' lang='lat' dir='ltr'><strong>ct</strong></span> <span class='ocrx_word' id='word_1_533' title='bbox 2841 904 3019 975; x_wconf 90' lang='lat' dir='ltr'><strong>pluvia</strong></span> <span class='ocrx_word' id='word_1_534' title='bbox 3052 898 3201 953; x_wconf 79' lang='lat' dir='ltr'><strong>auxit</strong></span> <span class='ocrx_word' id='word_1_535' title='bbox 3233 903 3290 946; x_wconf 93' lang='lat' dir='ltr'><strong>ut</strong></span> <span class='ocrx_word' id='word_1_536' title='bbox 3332 895 3478 945; x_wconf 86' lang='lat' dir='ltr'><strong>esset</strong></span> <span class='ocrx_word' id='word_1_537' title='bbox 3499 882 3669 937; x_wconf 87' lang='lat' dir='ltr'><strong>homi-</strong></span> 
     </span>
    </p>
   </div>
   <div class='ocr_carea' id='block_1_68' title="bbox 2088 977 3665 1078">
    <p class='ocr_par' dir='ltr' id='par_1_68' title="bbox 2088 977 3665 1078">
     <span class='ocr_line' id='line_1_69' title="bbox 2088 977 3665 1078; baseline -0.034 0"><span class='ocrx_word' id='word_1_538' title='bbox 2088 1024 2245 1078; x_wconf 87' lang='lat' dir='ltr'><strong>nibus</strong></span> <span class='ocrx_word' id='word_1_539' title='bbox 2273 1019 2326 1072; x_wconf 94' lang='lat' dir='ltr'><strong>in</strong></span> <span class='ocrx_word' id='word_1_540' title='bbox 2361 1009 2790 1070; x_wconf 85' lang='lat' dir='ltr'><strong>combustionern</strong></span> <span class='ocrx_word' id='word_1_541' title='bbox 2826 1019 2840 1053; x_wconf 90' lang='lat'>:</span> <span class='ocrx_word' id='word_1_542' title='bbox 2873 1011 2928 1054; x_wconf 88' lang='lat' dir='ltr'><strong>et</strong></span> <span class='ocrx_word' id='word_1_543' title='bbox 2959 1010 3080 1050; x_wconf 82' lang='lat' dir='ltr'><strong>cum</strong></span> <span class='ocrx_word' id='word_1_544' title='bbox 3113 986 3433 1057; x_wconf 86' lang='lat' dir='ltr'><strong>sumpsisset</strong></span> <span class='ocrx_word' id='word_1_545' title='bbox 3476 977 3542 1032; x_wconf 88' lang='lat' dir='ltr'><strong>ab</strong></span> <span class='ocrx_word' id='word_1_546' title='bbox 3578 990 3665 1037; x_wconf 91' lang='lat' dir='ltr'><strong>eo,</strong></span> 
     </span>
    </p>
   </div>
   <div class='ocr_carea' id='block_1_69' title="bbox 2087 1069 3662 1172">
    <p class='ocr_par' dir='ltr' id='par_1_69' title="bbox 2087 1069 3662 1172">
     <span class='ocr_line' id='line_1_70' title="bbox 2087 1069 3662 1172; baseline -0.034 0"><span class='ocrx_word' id='word_1_547' title='bbox 2087 1114 2377 1172; x_wconf 73' lang='lat' dir='ltr'><strong>calefactus</strong></span> <span class='ocrx_word' id='word_1_548' title='bbox 2407 1115 2510 1168; x_wconf 89' lang='lat' dir='ltr'><strong>cst,</strong></span> <span class='ocrx_word' id='word_1_549' title='bbox 2534 1113 2588 1158; x_wconf 92' lang='lat' dir='ltr'><strong>et</strong></span> <span class='ocrx_word' id='word_1_550' title='bbox 2618 1096 3011 1156; x_wconf 83' lang='lat' dir='ltr'><strong>succendentes</strong></span> <span class='ocrx_word' id='word_1_551' title='bbox 3037 1090 3298 1142; x_wconf 78' lang='lat' dir='ltr'><strong>coxerunt</strong></span> <span class='ocrx_word' id='word_1_552' title='bbox 3327 1089 3496 1146; x_wconf 89' lang='lat' dir='ltr'><strong>panes</strong></span> <span class='ocrx_word' id='word_1_553' title='bbox 3523 1069 3662 1123; x_wconf 91' lang='lat' dir='ltr'><strong>illis:</strong></span> 
     </span>
    </p>
   </div>
   <div class='ocr_carea' id='block_1_70' title="bbox 2090 1162 3666 1273">
    <p class='ocr_par' dir='ltr' id='par_1_70' title="bbox 2090 1162 3666 1273">
     <span class='ocr_line' id='line_1_71' title="bbox 2090 1162 3666 1273; baseline -0.033 -12"><span class='ocrx_word' id='word_1_554' title='bbox 2090 1206 2355 1273; x_wconf 87' lang='lat' dir='ltr'><strong>reliquum</strong></span> <span class='ocrx_word' id='word_1_555' title='bbox 2384 1207 2567 1252; x_wconf 90' lang='lat' dir='ltr'><strong>autem</strong></span> <span class='ocrx_word' id='word_1_556' title='bbox 2602 1191 2855 1244; x_wconf 88' lang='lat' dir='ltr'><strong>fecerunt</strong></span> <span class='ocrx_word' id='word_1_557' title='bbox 2882 1183 2935 1236; x_wconf 90' lang='lat' dir='ltr'><strong>in</strong></span> <span class='ocrx_word' id='word_1_558' title='bbox 2968 1180 3120 1239; x_wconf 88' lang='lat' dir='ltr'><strong>deos,</strong></span> <span class='ocrx_word' id='word_1_559' title='bbox 3153 1183 3206 1228; x_wconf 88' lang='lat' dir='ltr'><strong>ct</strong></span> <span class='ocrx_word' id='word_1_560' title='bbox 3240 1171 3469 1224; x_wconf 82' lang='lat' dir='ltr'><strong>adorant</strong></span> <span class='ocrx_word' id='word_1_561' title='bbox 3497 1162 3666 1232; x_wconf 87' lang='lat' dir='ltr'><strong>ipsos,</strong></span> 
     </span>
    </p>
   </div>
   <div class='ocr_carea' id='block_1_71' title="bbox 2089 1249 3668 1366">
    <p class='ocr_par' dir='ltr' id='par_1_71' title="bbox 2089 1249 3668 1366">
     <span class='ocr_line' id='line_1_72' title="bbox 2089 1249 3668 1366; baseline -0.032 -13"><span class='ocrx_word' id='word_1_562' title='bbox 2089 1249 2245 1366; x_wconf 48' lang='lat' dir='ltr'><strong>cuju‘s</strong></span> <span class='ocrx_word' id='word_1_563' title='bbox 2274 1289 2567 1348; x_wconf 90' lang='lat' dir='ltr'><strong>dimidium</strong></span> <span class='ocrx_word' id='word_1_564' title='bbox 2597 1278 2902 1339; x_wconf 86' lang='lat' dir='ltr'><strong>combussit</strong></span> <span class='ocrx_word' id='word_1_565' title='bbox 2946 1275 3088 1341; x_wconf 79' lang='lat' dir='ltr'><strong>igne,</strong></span> <span class='ocrx_word' id='word_1_566' title='bbox 3114 1275 3170 1322; x_wconf 90' lang='lat' dir='ltr'><strong>et</strong></span> <span class='ocrx_word' id='word_1_567' title='bbox 3201 1267 3254 1318; x_wconf 93' lang='lat' dir='ltr'><strong>in</strong></span> <span class='ocrx_word' id='word_1_568' title='bbox 3296 1256 3522 1314; x_wconf 89' lang='lat' dir='ltr'><strong>dimidio</strong></span> <span class='ocrx_word' id='word_1_569' title='bbox 3551 1249 3668 1318; x_wconf 87' lang='lat' dir='ltr'><strong>ejus</strong></span> 
     </span>
    </p>
   </div>
   <div class='ocr_carea' id='block_1_72' title="bbox 2089 1359 3668 1449">
    <p class='ocr_par' dir='ltr' id='par_1_72' title="bbox 2089 1359 3668 1449">
     <span class='ocr_line' id='line_1_73' title="bbox 2089 1359 3668 1449; baseline -0.034 0"><span class='ocrx_word' id='word_1_570' title='bbox 2089 1392 2236 1449; x_wconf 77' lang='lat' dir='ltr'><strong>coxit</strong></span> <span class='ocrx_word' id='word_1_571' title='bbox 2264 1389 2318 1442; x_wconf 90' lang='lat' dir='ltr'><strong>in</strong></span> <span class='ocrx_word' id='word_1_572' title='bbox 2347 1380 2683 1440; x_wconf 81' lang='lat' dir='ltr'><strong>carbonibus</strong></span> <span class='ocrx_word' id='word_1_573' title='bbox 2732 1385 2923 1443; x_wconf 87' lang='lat' dir='ltr'><strong>panes,</strong></span> <span class='ocrx_word' id='word_1_574' title='bbox 2970 1375 3025 1420; x_wconf 88' lang='lat' dir='ltr'><strong>et</strong></span> <span class='ocrx_word' id='word_1_575' title='bbox 3071 1364 3123 1416; x_wconf 92' lang='lat' dir='ltr'><strong>in</strong></span> <span class='ocrx_word' id='word_1_576' title='bbox 3159 1375 3223 1414; x_wconf 87' lang='lat' dir='ltr'><strong>eo</strong></span> <span class='ocrx_word' id='word_1_577' title='bbox 3251 1366 3443 1410; x_wconf 88' lang='lat' dir='ltr'><strong>carnes</strong></span> <span class='ocrx_word' id='word_1_578' title='bbox 3475 1359 3668 1402; x_wconf 88' lang='lat' dir='ltr'><strong>assans</strong></span> 
     </span>
    </p>
   </div>
   <div class='ocr_carea' id='block_1_73' title="bbox 2285 1438 3668 1542">
    <p class='ocr_par' dir='ltr' id='par_1_73' title="bbox 2285 1438 3668 1542">
     <span class='ocr_line' id='line_1_74' title="bbox 2285 1438 3668 1542; baseline -0.035 -8"><span class='ocrx_word' id='word_1_579' title='bbox 2285 1483 2345 1542; x_wconf 90' lang='lat' dir='ltr'><strong>il,</strong></span> <span class='ocrx_word' id='word_1_580' title='bbox 2369 1485 2424 1532; x_wconf 90' lang='lat' dir='ltr'><strong>et</strong></span> <span class='ocrx_word' id='word_1_581' title='bbox 2451 1472 2705 1542; x_wconf 88' lang='lat' dir='ltr'><strong>impletus</strong></span> <span class='ocrx_word' id='word_1_582' title='bbox 2730 1438 2837 1528; x_wconf 78' lang='lat' dir='ltr'><strong>est,</strong></span> <span class='ocrx_word' id='word_1_583' title='bbox 2865 1472 2921 1517; x_wconf 92' lang='lat' dir='ltr'><strong>et</strong></span> <span class='ocrx_word' id='word_1_584' title='bbox 2946 1455 3242 1513; x_wconf 86' lang='lat' dir='ltr'><strong>calefactus</strong></span> <span class='ocrx_word' id='word_1_585' title='bbox 3273 1446 3427 1508; x_wconf 59' lang='lat' dir='ltr'><strong>dixit,</strong></span> <span class='ocrx_word' id='word_1_586' title='bbox 3459 1438 3668 1494; x_wconf 77' lang='lat' dir='ltr'><strong>lucun-</strong></span> 
     </span>
    </p>
   </div>
   <div class='ocr_carea' id='block_1_74' title="bbox 2089 1529 3674 1636">
    <p class='ocr_par' dir='ltr' id='par_1_74' title="bbox 2089 1529 3674 1636">
     <span class='ocr_line' id='line_1_75' title="bbox 2089 1529 3674 1636; baseline -0.033 -5"><span class='ocrx_word' id='word_1_587' title='bbox 2089 1577 2215 1630; x_wconf 88' lang='lat' dir='ltr'><strong>dum</strong></span> <span class='ocrx_word' id='word_1_588' title='bbox 2253 1570 2388 1626; x_wconf 89' lang='lat' dir='ltr'><strong>mihi</strong></span> <span class='ocrx_word' id='word_1_589' title='bbox 2414 1565 2559 1636; x_wconf 89' lang='lat' dir='ltr'><strong>quod</strong></span> <span class='ocrx_word' id='word_1_590' title='bbox 2586 1557 2882 1617; x_wconf 82' lang='lat' dir='ltr'><strong>calefactus</strong></span> <span class='ocrx_word' id='word_1_591' title='bbox 2931 1565 3073 1612; x_wconf 91' lang='lat' dir='ltr'><strong>sum,</strong></span> <span class='ocrx_word' id='word_1_592' title='bbox 3105 1556 3160 1600; x_wconf 88' lang='lat' dir='ltr'><strong>et</strong></span> <span class='ocrx_word' id='word_1_593' title='bbox 3191 1541 3300 1595; x_wconf 90' lang='lat' dir='ltr'><strong>vidi</strong></span> <span class='ocrx_word' id='word_1_594' title='bbox 3329 1539 3530 1606; x_wconf 82' lang='lat' dir='ltr'><strong>ignem.</strong></span> <span class='ocrx_word' id='word_1_595' title='bbox 3570 1529 3674 1584; x_wconf 78' lang='lat' dir='ltr'><strong>Re-</strong></span> 
     </span>
    </p>
   </div>
   <div class='ocr_carea' id='block_1_75' title="bbox 2090 1629 3673 1736">
    <p class='ocr_par' dir='ltr' id='par_1_75' title="bbox 2090 1629 3673 1736">
     <span class='ocr_line' id='line_1_76' title="bbox 2090 1629 3673 1736; baseline -0.032 -13"><span class='ocrx_word' id='word_1_596' title='bbox 2090 1669 2296 1736; x_wconf 88' lang='lat' dir='ltr'><strong>liquum</strong></span> <span class='ocrx_word' id='word_1_597' title='bbox 2327 1669 2509 1715; x_wconf 88' lang='lat' dir='ltr'><strong>autem</strong></span> <span class='ocrx_word' id='word_1_598' title='bbox 2543 1655 2672 1710; x_wconf 83' lang='lat' dir='ltr'><strong>fecit</strong></span> <span class='ocrx_word' id='word_1_599' title='bbox 2701 1653 2753 1706; x_wconf 90' lang='lat' dir='ltr'><strong>in</strong></span> <span class='ocrx_word' id='word_1_600' title='bbox 2789 1650 2948 1703; x_wconf 86' lang='lat' dir='ltr'><strong>deum</strong></span> <span class='ocrx_word' id='word_1_601' title='bbox 2972 1637 3296 1708; x_wconf 90' lang='lat' dir='ltr'><strong>sculptilem,</strong></span> <span class='ocrx_word' id='word_1_602' title='bbox 3321 1641 3374 1685; x_wconf 90' lang='lat' dir='ltr'><strong>et</strong></span> <span class='ocrx_word' id='word_1_603' title='bbox 3399 1629 3591 1681; x_wconf 90' lang='lat' dir='ltr'><strong>adorat</strong></span> <span class='ocrx_word' id='word_1_604' title='bbox 3617 1629 3673 1674; x_wconf 79' lang='lat' dir='ltr'><strong>et</strong></span> 
     </span>
    </p>
   </div>
   <div class='ocr_carea' id='block_1_76' title="bbox 2093 1725 3667 1831">
    <p class='ocr_par' dir='ltr' id='par_1_76' title="bbox 2093 1725 3667 1831">
     <span class='ocr_line' id='line_1_77' title="bbox 2093 1725 3667 1831; baseline -0.029 -19"><span class='ocrx_word' id='word_1_605' title='bbox 2093 1765 2343 1831; x_wconf 86' lang='lat' dir='ltr'><strong>precatur</strong></span> <span class='ocrx_word' id='word_1_606' title='bbox 2367 1753 2584 1811; x_wconf 87' lang='lat' dir='ltr'><strong>dicens,</strong></span> <span class='ocrx_word' id='word_1_607' title='bbox 2609 1747 2800 1800; x_wconf 88' lang='lat' dir='ltr'><strong>Libera</strong></span> <span class='ocrx_word' id='word_1_608' title='bbox 2835 1753 2942 1801; x_wconf 87' lang='lat' dir='ltr'><strong>me,</strong></span> <span class='ocrx_word' id='word_1_609' title='bbox 2960 1736 3083 1805; x_wconf 90' lang='lat' dir='ltr'><strong>quia</strong></span> <span class='ocrx_word' id='word_1_610' title='bbox 3118 1732 3258 1784; x_wconf 85' lang='lat' dir='ltr'><strong>Deus</strong></span> <span class='ocrx_word' id='word_1_611' title='bbox 3293 1737 3448 1779; x_wconf 88' lang='lat' dir='ltr'><strong>meus</strong></span> <span class='ocrx_word' id='word_1_612' title='bbox 3468 1735 3528 1774; x_wconf 91' lang='lat' dir='ltr'><strong>es</strong></span> <span class='ocrx_word' id='word_1_613' title='bbox 3555 1725 3667 1769; x_wconf 56' lang='lat' dir='ltr'><strong>tua</strong></span> 
     </span>
    </p>
   </div>
   <div class='ocr_carea' id='block_1_77' title="bbox 2019 1813 3673 1918">
    <p class='ocr_par' dir='ltr' id='par_1_77' title="bbox 2019 1813 3673 1918">
     <span class='ocr_line' id='line_1_78' title="bbox 2019 1813 3673 1918; baseline -0.03 -10"><span class='ocrx_word' id='word_1_614' title='bbox 2019 1829 2065 1890; x_wconf 73' lang='grc' dir='ltr'><strong>Β</strong></span> <span class='ocrx_word' id='word_1_615' title='bbox 2091 1850 2230 1918; x_wconf 85' lang='lat' dir='ltr'><strong>Quid</strong></span> <span class='ocrx_word' id='word_1_616' title='bbox 2261 1863 2358 1901; x_wconf 87' lang='lat' dir='ltr'><strong>vos</strong></span> <span class='ocrx_word' id='word_1_617' title='bbox 2391 1858 2528 1915; x_wconf 90' lang='lat' dir='ltr'><strong>quos</strong></span> <span class='ocrx_word' id='word_1_618' title='bbox 2562 1854 2708 1895; x_wconf 90' lang='lat' dir='ltr'><strong>nunc</strong></span> <span class='ocrx_word' id='word_1_619' title='bbox 2738 1829 3022 1902; x_wconf 86' lang='lat' dir='ltr'><strong>alloquor?</strong></span> <span class='ocrx_word' id='word_1_620' title='bbox 3070 1826 3178 1880; x_wconf 88' lang='lat' dir='ltr'><strong>Cur</strong></span> <span class='ocrx_word' id='word_1_621' title='bbox 3236 1835 3340 1874; x_wconf 90' lang='lat' dir='ltr'><strong>non</strong></span> <span class='ocrx_word' id='word_1_622' title='bbox 3395 1813 3673 1868; x_wconf 76' lang='lat' dir='ltr'><strong>vobiscum</strong></span> 
     </span>
    </p>
   </div>
   <div class='ocr_carea' id='block_1_78' title="bbox 2093 1899 3674 2012">
    <p class='ocr_par' dir='ltr' id='par_1_78' title="bbox 2093 1899 3674 2012">
     <span class='ocr_line' id='line_1_79' title="bbox 2093 1899 3674 2012; baseline -0.03 -13"><span class='ocrx_word' id='word_1_623' title='bbox 2093 1941 2382 2012; x_wconf 88' lang='lat' dir='ltr'><strong>rcputatis,</strong></span> <span class='ocrx_word' id='word_1_624' title='bbox 2415 1948 2666 2008; x_wconf 85' lang='lat' dir='ltr'><strong>quaenam</strong></span> <span class='ocrx_word' id='word_1_625' title='bbox 2697 1927 3122 1984; x_wconf 88' lang='lat' dir='ltr'><strong>inanimatorum</strong></span> <span class='ocrx_word' id='word_1_626' title='bbox 3173 1907 3487 1983; x_wconf 70' lang='lat' dir='ltr'><strong>huiusmodi</strong></span> <span class='ocrx_word' id='word_1_627' title='bbox 3533 1899 3674 1958; x_wconf 91' lang='lat' dir='ltr'><strong>scul-</strong></span> 
     </span>
    </p>
   </div>
   <div class='ocr_carea' id='block_1_79' title="bbox 2093 2004 3675 2108">
    <p class='ocr_par' dir='ltr' id='par_1_79' title="bbox 2093 2004 3675 2108">
     <span class='ocr_line' id='line_1_80' title="bbox 2093 2004 3675 2108; baseline -0.029 -16"><span class='ocrx_word' id='word_1_628' title='bbox 2093 2004 2328 2108; x_wconf 78' lang='lat' dir='ltr'><strong>ptilium,</strong></span> <span class='ocrx_word' id='word_1_629' title='bbox 2363 2004 2484 2102; x_wconf 69' lang='lat' dir='ltr'><strong>qua:</strong></span> <span class='ocrx_word' id='word_1_630' title='bbox 2512 2037 2573 2082; x_wconf 92' lang='lat' dir='ltr'><strong>ut</strong></span> <span class='ocrx_word' id='word_1_631' title='bbox 2594 2026 2724 2080; x_wconf 90' lang='lat' dir='ltr'><strong>deos</strong></span> <span class='ocrx_word' id='word_1_632' title='bbox 2747 2020 2950 2082; x_wconf 86' lang='lat' dir='ltr'><strong>colitis,</strong></span> <span class='ocrx_word' id='word_1_633' title='bbox 2983 2022 3176 2069; x_wconf 90' lang='lat' dir='ltr'><strong>natura</strong></span> <span class='ocrx_word' id='word_1_634' title='bbox 3204 2006 3308 2062; x_wconf 79' lang='lat' dir='ltr'><strong>sit?</strong></span> <span class='ocrx_word' id='word_1_635' title='bbox 3332 2004 3525 2058; x_wconf 85' lang='lat' dir='ltr'><strong>Annon</strong></span> <span class='ocrx_word' id='word_1_636' title='bbox 3552 2009 3675 2066; x_wconf 87' lang='lat' dir='ltr'><strong>pto—</strong></span> 
     </span>
    </p>
   </div>
   <div class='ocr_carea' id='block_1_80' title="bbox 2093 2099 3674 2200">
    <p class='ocr_par' dir='ltr' id='par_1_80' title="bbox 2093 2099 3674 2200">
     <span class='ocr_line' id='line_1_81' title="bbox 2093 2099 3674 2200; baseline -0.03 -15"><span class='ocrx_word' id='word_1_637' title='bbox 2093 2129 2269 2200; x_wconf 86' lang='lat' dir='ltr'><strong>palam</strong></span> <span class='ocrx_word' id='word_1_638' title='bbox 2318 2122 2571 2180; x_wconf 89' lang='lat' dir='ltr'><strong>omnibus</strong></span> <span class='ocrx_word' id='word_1_639' title='bbox 2618 2132 2742 2172; x_wconf 86' lang='lat' dir='ltr'><strong>esse</strong></span> <span class='ocrx_word' id='word_1_640' title='bbox 2794 2112 2991 2172; x_wconf 86' lang='lat' dir='ltr'><strong>valeat,</strong></span> <span class='ocrx_word' id='word_1_641' title='bbox 3025 2105 3301 2158; x_wconf 88' lang='lat' dir='ltr'><strong>fabrorum</strong></span> <span class='ocrx_word' id='word_1_642' title='bbox 3336 2106 3501 2164; x_wconf 86' lang='lat' dir='ltr'><strong>opera</strong></span> <span class='ocrx_word' id='word_1_643' title='bbox 3533 2099 3674 2145; x_wconf 82' lang='lat' dir='ltr'><strong>esse,</strong></span> 
     </span>
    </p>
   </div>
   <div class='ocr_carea' id='block_1_81' title="bbox 2093 2189 3680 2277">
    <p class='ocr_par' dir='ltr' id='par_1_81' title="bbox 2093 2189 3680 2277">
     <span class='ocr_line' id='line_1_82' title="bbox 2093 2189 3680 2277; baseline -0.025 -5"><span class='ocrx_word' id='word_1_644' title='bbox 2093 2189 2256 2274; x_wconf 75' lang='lat' dir='ltr'><strong>asciis</strong></span> <span class='ocrx_word' id='word_1_645' title='bbox 2287 2227 2346 2271; x_wconf 93' lang='lat' dir='ltr'><strong>et</strong></span> <span class='ocrx_word' id='word_1_646' title='bbox 2370 2211 2602 2269; x_wconf 88' lang='lat' dir='ltr'><strong>terebris</strong></span> <span class='ocrx_word' id='word_1_647' title='bbox 2635 2218 2802 2277; x_wconf 89' lang='lat' dir='ltr'><strong>atque</strong></span> <span class='ocrx_word' id='word_1_648' title='bbox 2835 2203 2957 2255; x_wconf 85' lang='lat' dir='ltr'><strong>aliis</strong></span> <span class='ocrx_word' id='word_1_649' title='bbox 3005 2190 3316 2263; x_wconf 77' lang='lat' dir='ltr'><strong>huiusmodi</strong></span> <span class='ocrx_word' id='word_1_650' title='bbox 3346 2189 3680 2242; x_wconf 86' lang='lat' dir='ltr'><strong>instrumen-</strong></span> 
     </span>
    </p>
   </div>
   <div class='ocr_carea' id='block_1_82' title="bbox 2097 2269 3679 2371">
    <p class='ocr_par' dir='ltr' id='par_1_82' title="bbox 2097 2269 3679 2371">
     <span class='ocr_line' id='line_1_83' title="bbox 2097 2269 3679 2371; baseline -0.028 -5"><span class='ocrx_word' id='word_1_651' title='bbox 2097 2313 2164 2366; x_wconf 87' lang='lat' dir='ltr'><strong>tis</strong></span> <span class='ocrx_word' id='word_1_652' title='bbox 2207 2310 2501 2368; x_wconf 89' lang='lat' dir='ltr'><strong>adornata;</strong></span> <span class='ocrx_word' id='word_1_653' title='bbox 2555 2297 2812 2371; x_wconf 86' lang='lat' dir='ltr'><strong>pauperis</strong></span> <span class='ocrx_word' id='word_1_654' title='bbox 2838 2291 3042 2348; x_wconf 66' lang='lat' dir='ltr'><strong>scilicet</strong></span> <span class='ocrx_word' id='word_1_655' title='bbox 3095 2283 3384 2352; x_wconf 86' lang='lat' dir='ltr'><strong>inopisque</strong></span> <span class='ocrx_word' id='word_1_656' title='bbox 3435 2269 3679 2330; x_wconf 83' lang='lat' dir='ltr'><strong>hominis</strong></span> 
     </span>
    </p>
   </div>
   <div class='ocr_carea' id='block_1_83' title="bbox 2096 2368 3680 2466">
    <p class='ocr_par' dir='ltr' id='par_1_83' title="bbox 2096 2368 3680 2466">
     <span class='ocr_line' id='line_1_84' title="bbox 2096 2368 3680 2466; baseline -0.028 -7"><span class='ocrx_word' id='word_1_657' title='bbox 2096 2407 2394 2461; x_wconf 82' lang='lat' dir='ltr'><strong>inventum,</strong></span> <span class='ocrx_word' id='word_1_658' title='bbox 2425 2397 2516 2466; x_wconf 90' lang='lat' dir='ltr'><strong>qui</strong></span> <span class='ocrx_word' id='word_1_659' title='bbox 2550 2395 2620 2448; x_wconf 92' lang='lat' dir='ltr'><strong>oh</strong></span> <span class='ocrx_word' id='word_1_660' title='bbox 2645 2390 2750 2445; x_wconf 89' lang='lat' dir='ltr'><strong>cihi</strong></span> <span class='ocrx_word' id='word_1_661' title='bbox 2783 2384 3092 2458; x_wconf 84' lang='lat' dir='ltr'><strong>penuriam,</strong></span> <span class='ocrx_word' id='word_1_662' title='bbox 3122 2394 3183 2431; x_wconf 91' lang='lat' dir='ltr'><strong>ac</strong></span> <span class='ocrx_word' id='word_1_663' title='bbox 3228 2389 3322 2444; x_wconf 90' lang='lat' dir='ltr'><strong>per</strong></span> <span class='ocrx_word' id='word_1_664' title='bbox 3363 2368 3536 2424; x_wconf 90' lang='lat' dir='ltr'><strong>otium</strong></span> <span class='ocrx_word' id='word_1_665' title='bbox 3591 2379 3680 2431; x_wconf 88' lang='lat' dir='ltr'><strong>pa-</strong></span> 
     </span>
    </p>
   </div>
   <div class='ocr_carea' id='block_1_84' title="bbox 2097 2467 3322 2563">
    <p class='ocr_par' dir='ltr' id='par_1_84' title="bbox 2097 2467 3322 2563">
     <span class='ocr_line' id='line_1_85' title="bbox 2097 2467 3322 2563; baseline -0.026 -10"><span class='ocrx_word' id='word_1_666' title='bbox 2097 2497 2249 2553; x_wconf 85' lang='lat' dir='ltr'><strong>randi</strong></span> <span class='ocrx_word' id='word_1_667' title='bbox 2286 2492 2463 2563; x_wconf 86' lang='lat' dir='ltr'><strong>panis,</strong></span> <span class='ocrx_word' id='word_1_668' title='bbox 2494 2485 2701 2543; x_wconf 81' lang='lat' dir='ltr'><strong>erroris</strong></span> <span class='ocrx_word' id='word_1_669' title='bbox 2736 2479 3045 2536; x_wconf 81' lang='lat' dir='ltr'><strong>machinam</strong></span> <span class='ocrx_word' id='word_1_670' title='bbox 3081 2467 3322 2541; x_wconf 85' lang='lat' dir='ltr'><strong>reperit?</strong></span> 
     </span>
    </p>
   </div>
   <div class='ocr_carea' id='block_1_85' title="bbox 2169 2645 3680 2730">
    <p class='ocr_par' dir='ltr' id='par_1_85' title="bbox 2169 2645 3680 2730">
     <span class='ocr_line' id='line_1_86' title="bbox 2169 2645 3680 2730; baseline -0.028 1"><span class='ocrx_word' id='word_1_671' title='bbox 2169 2678 2335 2730; x_wconf 74' lang='lat' dir='ltr'><strong>Vens.</strong></span> <span class='ocrx_word' id='word_1_672' title='bbox 2378 2672 2566 2725; x_wconf 69' lang='lat'><strong>18—20.</strong></span> <span class='ocrx_word' id='word_1_673' title='bbox 2604 2686 2621 2718; x_wconf 76' lang='grc' dir='ltr'><strong>ι</strong></span> <span class='ocrx_word' id='word_1_674' title='bbox 2648 2666 2764 2720; x_wconf 80' lang='lat' dir='ltr'><strong>Non</strong></span> <span class='ocrx_word' id='word_1_675' title='bbox 2801 2665 3068 2717; x_wconf 88' lang='lat' dir='ltr'><strong>noverunt</strong></span> <span class='ocrx_word' id='word_1_676' title='bbox 3105 2666 3320 2720; x_wconf 87' lang='lat' dir='ltr'><strong>sapere,</strong></span> <span class='ocrx_word' id='word_1_677' title='bbox 3343 2645 3468 2715; x_wconf 83' lang='lat' dir='ltr'><strong>quia</strong></span> <span class='ocrx_word' id='word_1_678' title='bbox 3499 2647 3680 2694; x_wconf 83' lang='lat' dir='ltr'><strong>retusa</strong></span> 
     </span>
    </p>
   </div>
   <div class='ocr_carea' id='block_1_86' title="bbox 2098 2731 3680 2826">
    <p class='ocr_par' dir='ltr' id='par_1_86' title="bbox 2098 2731 3680 2826">
     <span class='ocr_line' id='line_1_87' title="bbox 2098 2731 3680 2826; baseline -0.027 0"><span class='ocrx_word' id='word_1_679' title='bbox 2098 2780 2183 2826; x_wconf 90' lang='lat' dir='ltr'><strong>est</strong></span> <span class='ocrx_word' id='word_1_680' title='bbox 2230 2768 2377 2822; x_wconf 85' lang='lat' dir='ltr'><strong>acies</strong></span> <span class='ocrx_word' id='word_1_681' title='bbox 2431 2779 2647 2823; x_wconf 88' lang='lat' dir='ltr'><strong>eorum,</strong></span> <span class='ocrx_word' id='word_1_682' title='bbox 2683 2772 2750 2811; x_wconf 91' lang='lat' dir='ltr'><strong>ne</strong></span> <span class='ocrx_word' id='word_1_683' title='bbox 2779 2753 3031 2808; x_wconf 87' lang='lat' dir='ltr'><strong>viderent</strong></span> <span class='ocrx_word' id='word_1_684' title='bbox 3060 2745 3231 2801; x_wconf 90' lang='lat' dir='ltr'><strong>oculis</strong></span> <span class='ocrx_word' id='word_1_685' title='bbox 3255 2740 3390 2801; x_wconf 88' lang='lat' dir='ltr'><strong>suis,</strong></span> <span class='ocrx_word' id='word_1_686' title='bbox 3416 2744 3471 2788; x_wconf 92' lang='lat' dir='ltr'><strong>et</strong></span> <span class='ocrx_word' id='word_1_687' title='bbox 3499 2747 3566 2786; x_wconf 89' lang='lat' dir='ltr'><strong>ne</strong></span> <span class='ocrx_word' id='word_1_688' title='bbox 3595 2731 3680 2784; x_wconf 87' lang='lat' dir='ltr'><strong>in-</strong></span> 
     </span>
    </p>
   </div>
   <div class='ocr_carea' id='block_1_87' title="bbox 2101 2830 3680 2930">
    <p class='ocr_par' dir='ltr' id='par_1_87' title="bbox 2101 2830 3680 2930">
     <span class='ocr_line' id='line_1_88' title="bbox 2101 2830 3680 2930; baseline -0.026 -15"><span class='ocrx_word' id='word_1_689' title='bbox 2101 2863 2398 2930; x_wconf 77' lang='lat' dir='ltr'><strong>telligerent</strong></span> <span class='ocrx_word' id='word_1_690' title='bbox 2439 2855 2602 2910; x_wconf 91' lang='lat' dir='ltr'><strong>corde</strong></span> <span class='ocrx_word' id='word_1_691' title='bbox 2633 2867 2754 2905; x_wconf 89' lang='lat' dir='ltr'><strong>suo.</strong></span> <span class='ocrx_word' id='word_1_692' title='bbox 2787 2846 2972 2914; x_wconf 84' lang='lat' dir='ltr'><strong>Neque</strong></span> <span class='ocrx_word' id='word_1_693' title='bbox 3009 2837 3232 2911; x_wconf 75' lang='lat' dir='ltr'><strong>agitavit</strong></span> <span class='ocrx_word' id='word_1_694' title='bbox 3265 2835 3318 2887; x_wconf 94' lang='lat' dir='ltr'><strong>in</strong></span> <span class='ocrx_word' id='word_1_695' title='bbox 3349 2830 3532 2884; x_wconf 91' lang='lat' dir='ltr'><strong>animo</strong></span> <span class='ocrx_word' id='word_1_696' title='bbox 3559 2837 3680 2885; x_wconf 87' lang='lat' dir='ltr'><strong>suo,</strong></span> 
     </span>
    </p>
   </div>
   <div class='ocr_carea' id='block_1_88' title="bbox 2102 2916 3685 3025">
    <p class='ocr_par' dir='ltr' id='par_1_88' title="bbox 2102 2916 3685 3025">
     <span class='ocr_line' id='line_1_89' title="bbox 2102 2916 3685 3025; baseline -0.026 -16"><span class='ocrx_word' id='word_1_697' title='bbox 2102 2916 2275 3025; x_wconf 77' lang='lat' dir='ltr'><strong>nque</strong></span> <span class='ocrx_word' id='word_1_698' title='bbox 2305 2950 2557 3018; x_wconf 83' lang='lat' dir='ltr'><strong>cognovit</strong></span> <span class='ocrx_word' id='word_1_699' title='bbox 2613 2941 2899 3015; x_wconf 86' lang='lat' dir='ltr'><strong>prudentia</strong></span> <span class='ocrx_word' id='word_1_700' title='bbox 2949 2951 3071 2998; x_wconf 91' lang='lat' dir='ltr'><strong>sua,</strong></span> <span class='ocrx_word' id='word_1_701' title='bbox 3099 2932 3224 3001; x_wconf 89' lang='lat' dir='ltr'><strong>quia</strong></span> <span class='ocrx_word' id='word_1_702' title='bbox 3251 2923 3530 2982; x_wconf 86' lang='lat' dir='ltr'><strong>dimidium</strong></span> <span class='ocrx_word' id='word_1_703' title='bbox 3567 2916 3685 2984; x_wconf 85' lang='lat' dir='ltr'><strong>ejus</strong></span> 
     </span>
    </p>
   </div>
   <div class='ocr_carea' id='block_1_89' title="bbox 2101 3018 3682 3113">
    <p class='ocr_par' dir='ltr' id='par_1_89' title="bbox 2101 3018 3682 3113">
     <span class='ocr_line' id='line_1_90' title="bbox 2101 3018 3682 3113; baseline -0.027 -10"><span class='ocrx_word' id='word_1_704' title='bbox 2101 3045 2400 3103; x_wconf 84' lang='lat' dir='ltr'><strong>combussit</strong></span> <span class='ocrx_word' id='word_1_705' title='bbox 2428 3041 2562 3113; x_wconf 82' lang='lat' dir='ltr'><strong>igni,</strong></span> <span class='ocrx_word' id='word_1_706' title='bbox 2597 3048 2653 3092; x_wconf 91' lang='lat' dir='ltr'><strong>et</strong></span> <span class='ocrx_word' id='word_1_707' title='bbox 2681 3035 2829 3089; x_wconf 81' lang='lat' dir='ltr'><strong>coxit</strong></span> <span class='ocrx_word' id='word_1_708' title='bbox 2852 3045 3018 3099; x_wconf 89' lang='lat' dir='ltr'><strong>super</strong></span> <span class='ocrx_word' id='word_1_709' title='bbox 3040 3025 3313 3084; x_wconf 83' lang='lat' dir='ltr'><strong>carbones</strong></span> <span class='ocrx_word' id='word_1_710' title='bbox 3343 3018 3461 3086; x_wconf 79' lang='lat' dir='ltr'><strong>ejus</strong></span> <span class='ocrx_word' id='word_1_711' title='bbox 3486 3026 3682 3081; x_wconf 85' lang='lat' dir='ltr'><strong>panes,</strong></span> 
     </span>
    </p>
   </div>
   <div class='ocr_carea' id='block_1_90' title="bbox 2101 3103 3684 3196">
    <p class='ocr_par' dir='ltr' id='par_1_90' title="bbox 2101 3103 3684 3196">
     <span class='ocr_line' id='line_1_91' title="bbox 2101 3103 3684 3196; baseline -0.027 0"><span class='ocrx_word' id='word_1_712' title='bbox 2101 3152 2157 3196; x_wconf 91' lang='lat' dir='ltr'><strong>et</strong></span> <span class='ocrx_word' id='word_1_713' title='bbox 2190 3141 2278 3194; x_wconf 89' lang='lat' dir='ltr'><strong>ubi</strong></span> <span class='ocrx_word' id='word_1_714' title='bbox 2309 3137 2514 3193; x_wconf 88' lang='lat' dir='ltr'><strong>assavit</strong></span> <span class='ocrx_word' id='word_1_715' title='bbox 2557 3145 2776 3192; x_wconf 89' lang='lat' dir='ltr'><strong>carnes,</strong></span> <span class='ocrx_word' id='word_1_716' title='bbox 2801 3123 3059 3186; x_wconf 90' lang='lat' dir='ltr'><strong>comedit,</strong></span> <span class='ocrx_word' id='word_1_717' title='bbox 3085 3127 3139 3173; x_wconf 91' lang='lat' dir='ltr'><strong>et</strong></span> <span class='ocrx_word' id='word_1_718' title='bbox 3187 3113 3458 3170; x_wconf 89' lang='lat' dir='ltr'><strong>residuum</strong></span> <span class='ocrx_word' id='word_1_719' title='bbox 3481 3107 3601 3174; x_wconf 82' lang='lat' dir='ltr'><strong>ejus</strong></span> <span class='ocrx_word' id='word_1_720' title='bbox 3630 3103 3684 3156; x_wconf 90' lang='lat' dir='ltr'><strong>in</strong></span> 
     </span>
    </p>
   </div>
   <div class='ocr_carea' id='block_1_91' title="bbox 2105 3196 3684 3287">
    <p class='ocr_par' dir='ltr' id='par_1_91' title="bbox 2105 3196 3684 3287">
     <span class='ocr_line' id='line_1_92' title="bbox 2105 3196 3684 3287; baseline -0.025 1"><span class='ocrx_word' id='word_1_721' title='bbox 2105 3231 2564 3287; x_wconf 86' lang='lat' dir='ltr'><strong>abominationem</strong></span> <span class='ocrx_word' id='word_1_722' title='bbox 2599 3223 2747 3286; x_wconf 82' lang='lat' dir='ltr'><strong>fecit,</strong></span> <span class='ocrx_word' id='word_1_723' title='bbox 2780 3229 2833 3273; x_wconf 90' lang='lat' dir='ltr'><strong>et</strong></span> <span class='ocrx_word' id='word_1_724' title='bbox 2863 3216 3094 3269; x_wconf 90' lang='lat' dir='ltr'><strong>adorant</strong></span> <span class='ocrx_word' id='word_1_725' title='bbox 3126 3207 3280 3263; x_wconf 91' lang='lat' dir='ltr'><strong>illud.</strong></span> <span class='ocrx_word' id='word_1_726' title='bbox 3317 3223 3334 3257; x_wconf 66' lang='grc' dir='ltr'><strong>ι</strong></span> <span class='ocrx_word' id='word_1_727' title='bbox 3383 3201 3509 3256; x_wconf 71' lang='grc' dir='ltr'>Ηωο</span> <span class='ocrx_word' id='word_1_728' title='bbox 3559 3196 3684 3259; x_wconf 87' lang='lat' dir='ltr'><strong>illis,</strong></span> 
     </span>
    </p>
   </div>
   <div class='ocr_carea' id='block_1_92' title="bbox 2104 3292 3688 3383">
    <p class='ocr_par' dir='ltr' id='par_1_92' title="bbox 2104 3292 3688 3383">
     <span class='ocr_line' id='line_1_93' title="bbox 2104 3292 3688 3383; baseline -0.023 -6"><span class='ocrx_word' id='word_1_729' title='bbox 2104 3339 2204 3377; x_wconf 90' lang='lat' dir='ltr'><strong>ceu</strong></span> <span class='ocrx_word' id='word_1_730' title='bbox 2255 3320 2460 3383; x_wconf 86' lang='lat' dir='ltr'><strong>oblitis,</strong></span> <span class='ocrx_word' id='word_1_731' title='bbox 2493 3325 2547 3371; x_wconf 88' lang='lat' dir='ltr'><strong>et</strong></span> <span class='ocrx_word' id='word_1_732' title='bbox 2590 3317 2660 3370; x_wconf 92' lang='lat' dir='ltr'><strong>ob</strong></span> <span class='ocrx_word' id='word_1_733' title='bbox 2713 3311 2914 3368; x_wconf 85' lang='lat' dir='ltr'><strong>mentis</strong></span> <span class='ocrx_word' id='word_1_734' title='bbox 2962 3304 3269 3362; x_wconf 88' lang='lat' dir='ltr'><strong>crassitiem</strong></span> <span class='ocrx_word' id='word_1_735' title='bbox 3316 3295 3410 3352; x_wconf 92' lang='lat' dir='ltr'><strong>tali</strong></span> <span class='ocrx_word' id='word_1_736' title='bbox 3441 3292 3688 3348; x_wconf 79' lang='lat' dir='ltr'><strong>admoni-</strong></span> 
     </span>
    </p>
   </div>
   <div class='ocr_carea' id='block_1_93' title="bbox 2105 3385 3690 3480">
    <p class='ocr_par' dir='ltr' id='par_1_93' title="bbox 2105 3385 3690 3480">
     <span class='ocr_line' id='line_1_94' title="bbox 2105 3385 3690 3480; baseline -0.02 -15"><span class='ocrx_word' id='word_1_737' title='bbox 2105 3414 2252 3467; x_wconf 88' lang='lat' dir='ltr'><strong>tione</strong></span> <span class='ocrx_word' id='word_1_738' title='bbox 2277 3408 2568 3480; x_wconf 85' lang='lat' dir='ltr'><strong>egentibus</strong></span> <span class='ocrx_word' id='word_1_739' title='bbox 2601 3406 2858 3475; x_wconf 87' lang='lat' dir='ltr'><strong>loquitur.</strong></span> <span class='ocrx_word' id='word_1_740' title='bbox 2909 3403 3090 3468; x_wconf 82' lang='lat' dir='ltr'><strong>Quare</strong></span> <span class='ocrx_word' id='word_1_741' title='bbox 3123 3400 3339 3463; x_wconf 88' lang='lat' dir='ltr'><strong>oportet</strong></span> <span class='ocrx_word' id='word_1_742' title='bbox 3367 3401 3420 3444; x_wconf 90' lang='lat' dir='ltr'><strong>te</strong></span> <span class='ocrx_word' id='word_1_743' title='bbox 3453 3385 3690 3457; x_wconf 82' lang='lat' dir='ltr'><strong>dignita-</strong></span> 
     </span>
    </p>
   </div>
   <div class='ocr_carea' id='block_1_94' title="bbox 2107 3475 3688 3558">
    <p class='ocr_par' dir='ltr' id='par_1_94' title="bbox 2107 3475 3688 3558">
     <span class='ocr_line' id='line_1_95' title="bbox 2107 3475 3688 3558; baseline -0.019 -2"><span class='ocrx_word' id='word_1_744' title='bbox 2107 3503 2174 3557; x_wconf 90' lang='lat' dir='ltr'><strong>tis</strong></span> <span class='ocrx_word' id='word_1_745' title='bbox 2205 3512 2310 3555; x_wconf 75' lang='lat' dir='ltr'><strong>tua:</strong></span> <span class='ocrx_word' id='word_1_746' title='bbox 2333 3513 2629 3554; x_wconf 87' lang='lat' dir='ltr'><strong>memorem</strong></span> <span class='ocrx_word' id='word_1_747' title='bbox 2664 3509 2821 3558; x_wconf 86' lang='lat' dir='ltr'><strong>esse;</strong></span> <span class='ocrx_word' id='word_1_748' title='bbox 2857 3507 2922 3545; x_wconf 84' lang='lat' dir='ltr'><strong>ac</strong></span> <span class='ocrx_word' id='word_1_749' title='bbox 2972 3490 3282 3558; x_wconf 80' lang='lat' dir='ltr'><strong>figmentum</strong></span> <span class='ocrx_word' id='word_1_750' title='bbox 3313 3481 3405 3535; x_wconf 89' lang='lat' dir='ltr'><strong>Dei</strong></span> <span class='ocrx_word' id='word_1_751' title='bbox 3439 3493 3562 3533; x_wconf 87' lang='lat' dir='ltr'><strong>cum</strong></span> <span class='ocrx_word' id='word_1_752' title='bbox 3588 3475 3688 3538; x_wconf 80' lang='lat' dir='ltr'><strong>sis,</strong></span> 
     </span>
    </p>
   </div>
   <div class='ocr_carea' id='block_1_95' title="bbox 2107 3577 3691 3662">
    <p class='ocr_par' dir='ltr' id='par_1_95' title="bbox 2107 3577 3691 3662">
     <span class='ocr_line' id='line_1_96' title="bbox 2107 3577 3691 3662; baseline -0.018 -14"><span class='ocrx_word' id='word_1_753' title='bbox 2107 3612 2177 3650; x_wconf 91' lang='lat' dir='ltr'><strong>ne</strong></span> <span class='ocrx_word' id='word_1_754' title='bbox 2225 3593 2458 3662; x_wconf 89' lang='lat' dir='ltr'><strong>teipsum</strong></span> <span class='ocrx_word' id='word_1_755' title='bbox 2508 3587 2840 3644; x_wconf 88' lang='lat' dir='ltr'><strong>contumelia</strong></span> <span class='ocrx_word' id='word_1_756' title='bbox 2872 3583 3098 3647; x_wconf 82' lang='lat' dir='ltr'><strong>atlicias,</strong></span> <span class='ocrx_word' id='word_1_757' title='bbox 3135 3577 3491 3633; x_wconf 84' lang='lat' dir='ltr'><strong>inanimatam</strong></span> <span class='ocrx_word' id='word_1_758' title='bbox 3519 3578 3691 3624; x_wconf 74' lang='lat' dir='ltr'><strong>matc-</strong></span> 
     </span>
    </p>
   </div>
   <div class='ocr_carea' id='block_1_96' title="bbox 2109 3663 3692 3750">
    <p class='ocr_par' dir='ltr' id='par_1_96' title="bbox 2109 3663 3692 3750">
     <span class='ocr_line' id='line_1_97' title="bbox 2109 3663 3692 3750; baseline -0.018 -10"><span class='ocrx_word' id='word_1_759' title='bbox 2109 3688 2268 3750; x_wconf 90' lang='lat' dir='ltr'><strong>riem,</strong></span> <span class='ocrx_word' id='word_1_760' title='bbox 2301 3683 2572 3736; x_wconf 86' lang='lat' dir='ltr'><strong>artificum</strong></span> <span class='ocrx_word' id='word_1_761' title='bbox 2601 3679 2854 3732; x_wconf 83' lang='lat' dir='ltr'><strong>ruanibus</strong></span> <span class='ocrx_word' id='word_1_762' title='bbox 2876 3676 2927 3727; x_wconf 91' lang='lat' dir='ltr'><strong>in</strong></span> <span class='ocrx_word' id='word_1_763' title='bbox 2954 3674 3183 3742; x_wconf 80' lang='lat' dir='ltr'><strong>elligiem</strong></span> <span class='ocrx_word' id='word_1_764' title='bbox 3217 3680 3423 3728; x_wconf 87' lang='lat' dir='ltr'><strong>actam,</strong></span> <span class='ocrx_word' id='word_1_765' title='bbox 3462 3663 3556 3717; x_wconf 86' lang='lat' dir='ltr'><strong>tibi</strong></span> <span class='ocrx_word' id='word_1_766' title='bbox 3595 3677 3692 3713; x_wconf 83' lang='lat' dir='ltr'><strong>an-</strong></span> 
     </span>
    </p>
   </div>
   <div class='ocr_carea' id='block_1_97' title="bbox 2109 3768 2976 3845">
    <p class='ocr_par' dir='ltr' id='par_1_97' title="bbox 2109 3768 2976 3845">
     <span class='ocr_line' id='line_1_98' title="bbox 2109 3768 2976 3845; baseline -0.016 -15"><span class='ocrx_word' id='word_1_767' title='bbox 2109 3783 2391 3845; x_wconf 85' lang='lat' dir='ltr'><strong>teponens,</strong></span> <span class='ocrx_word' id='word_1_768' title='bbox 2433 3771 2686 3836; x_wconf 86' lang='lat' dir='ltr'><strong>illamque</strong></span> <span class='ocrx_word' id='word_1_769' title='bbox 2719 3768 2976 3818; x_wconf 86' lang='lat' dir='ltr'><strong>adorans.</strong></span> 
     </span>
    </p>
   </div>
   <div class='ocr_carea' id='block_1_98' title="bbox 2180 3843 3696 3926">
    <p class='ocr_par' dir='ltr' id='par_1_98' title="bbox 2180 3843 3696 3926">
     <span class='ocr_line' id='line_1_99' title="bbox 2180 3843 3696 3926; baseline -0.018 -5"><span class='ocrx_word' id='word_1_770' title='bbox 2180 3868 2344 3921; x_wconf 79' lang='lat' dir='ltr'><strong>VEns.</strong></span> <span class='ocrx_word' id='word_1_771' title='bbox 2375 3865 2468 3916; x_wconf 70' lang='lat' dir='ltr'><strong>‘zll.</strong></span> <span class='ocrx_word' id='word_1_772' title='bbox 2507 3881 2524 3911; x_wconf 74' lang='grc' dir='ltr'><strong>ι</strong></span> <span class='ocrx_word' id='word_1_773' title='bbox 2569 3860 2718 3913; x_wconf 86' lang='lat' dir='ltr'><strong>Scito</strong></span> <span class='ocrx_word' id='word_1_774' title='bbox 2751 3856 2893 3926; x_wconf 88' lang='lat' dir='ltr'><strong>quod</strong></span> <span class='ocrx_word' id='word_1_775' title='bbox 2942 3853 3083 3907; x_wconf 89' lang='lat' dir='ltr'><strong>cinis</strong></span> <span class='ocrx_word' id='word_1_776' title='bbox 3114 3865 3212 3906; x_wconf 88' lang='lat' dir='ltr'><strong>cor</strong></span> <span class='ocrx_word' id='word_1_777' title='bbox 3239 3863 3426 3904; x_wconf 89' lang='lat' dir='ltr'><strong>eorum</strong></span> <span class='ocrx_word' id='word_1_778' title='bbox 3451 3886 3466 3910; x_wconf 93' lang='lat'><strong>,</strong></span> <span class='ocrx_word' id='word_1_779' title='bbox 3499 3856 3553 3898; x_wconf 88' lang='lat' dir='ltr'><strong>et</strong></span> <span class='ocrx_word' id='word_1_780' title='bbox 3590 3843 3696 3897; x_wconf 81' lang='lat' dir='ltr'><strong>fal-</strong></span> 
     </span>
    </p>
   </div>
   <div class='ocr_carea' id='block_1_99' title="bbox 2108 3933 3697 4021">
    <p class='ocr_par' dir='ltr' id='par_1_99' title="bbox 2108 3933 3697 4021">
     <span class='ocr_line' id='line_1_100' title="bbox 2108 3933 3697 4021; baseline -0.017 -7"><span class='ocrx_word' id='word_1_781' title='bbox 2108 3961 2314 4019; x_wconf 90' lang='lat' dir='ltr'><strong>luntur,</strong></span> <span class='ocrx_word' id='word_1_782' title='bbox 2359 3967 2414 4011; x_wconf 91' lang='lat' dir='ltr'><strong>et</strong></span> <span class='ocrx_word' id='word_1_783' title='bbox 2466 3968 2627 4008; x_wconf 88' lang='lat' dir='ltr'><strong>nemo</strong></span> <span class='ocrx_word' id='word_1_784' title='bbox 2662 3959 2840 4021; x_wconf 82' lang='lat' dir='ltr'><strong>potest</strong></span> <span class='ocrx_word' id='word_1_785' title='bbox 2875 3947 3086 4016; x_wconf 81' lang='lat' dir='ltr'><strong>eripere</strong></span> <span class='ocrx_word' id='word_1_786' title='bbox 3115 3944 3354 3998; x_wconf 87' lang='lat' dir='ltr'><strong>animam</strong></span> <span class='ocrx_word' id='word_1_787' title='bbox 3386 3955 3562 3994; x_wconf 87' lang='lat' dir='ltr'><strong>suam.</strong></span> <span class='ocrx_word' id='word_1_788' title='bbox 3603 3933 3697 3988; x_wconf 81' lang='lat' dir='ltr'><strong>Vi-</strong></span> 
     </span>
    </p>
   </div>
   <div class='ocr_carea' id='block_1_100' title="bbox 2109 4031 3699 4112">
    <p class='ocr_par' dir='ltr' id='par_1_100' title="bbox 2109 4031 3699 4112">
     <span class='ocr_line' id='line_1_101' title="bbox 2109 4031 3699 4112; baseline -0.017 -3"><span class='ocrx_word' id='word_1_789' title='bbox 2109 4057 2228 4109; x_wconf 88' lang='lat' dir='ltr'><strong>dete</strong></span> <span class='ocrx_word' id='word_1_790' title='bbox 2254 4061 2310 4106; x_wconf 90' lang='lat' dir='ltr'><strong>et</strong></span> <span class='ocrx_word' id='word_1_791' title='bbox 2342 4066 2410 4104; x_wconf 90' lang='lat' dir='ltr'><strong>ne</strong></span> <span class='ocrx_word' id='word_1_792' title='bbox 2445 4047 2662 4109; x_wconf 81' lang='lat' dir='ltr'><strong>dicatis,</strong></span> <span class='ocrx_word' id='word_1_793' title='bbox 2694 4043 2953 4112; x_wconf 88' lang='lat' dir='ltr'><strong>quoniam</strong></span> <span class='ocrx_word' id='word_1_794' title='bbox 2987 4037 3328 4092; x_wconf 88' lang='lat' dir='ltr'><strong>mendacium</strong></span> <span class='ocrx_word' id='word_1_795' title='bbox 3363 4032 3528 4087; x_wconf 88' lang='lat' dir='ltr'><strong>estin</strong></span> <span class='ocrx_word' id='word_1_796' title='bbox 3561 4031 3699 4083; x_wconf 73' lang='lat' dir='ltr'><strong>dex-</strong></span> 
     </span>
    </p>
   </div>
   <div class='ocr_carea' id='block_1_101' title="bbox 2110 4124 3697 4203">
    <p class='ocr_par' dir='ltr' id='par_1_101' title="bbox 2110 4124 3697 4203">
     <span class='ocr_line' id='line_1_102' title="bbox 2110 4124 3697 4203; baseline -0.019 0"><span class='ocrx_word' id='word_1_797' title='bbox 2110 4158 2226 4203; x_wconf 91' lang='lat' dir='ltr'><strong>tera</strong></span> <span class='ocrx_word' id='word_1_798' title='bbox 2278 4159 2420 4199; x_wconf 90' lang='lat' dir='ltr'><strong>mea.</strong></span> <span class='ocrx_word' id='word_1_799' title='bbox 2476 4141 2743 4194; x_wconf 82' lang='lat' dir='ltr'><strong>Memento</strong></span> <span class='ocrx_word' id='word_1_800' title='bbox 2777 4137 2994 4194; x_wconf 86' lang='lat' dir='ltr'><strong>horum,</strong></span> <span class='ocrx_word' id='word_1_801' title='bbox 3022 4129 3194 4184; x_wconf 80' lang='lat' dir='ltr'><strong>Jucob</strong></span> <span class='ocrx_word' id='word_1_802' title='bbox 3221 4136 3276 4182; x_wconf 89' lang='lat' dir='ltr'><strong>et</strong></span> <span class='ocrx_word' id='word_1_803' title='bbox 3303 4124 3465 4180; x_wconf 88' lang='lat' dir='ltr'><strong>Israel</strong></span> <span class='ocrx_word' id='word_1_804' title='bbox 3493 4164 3508 4188; x_wconf 91' lang='lat'><strong>,</strong></span> <span class='ocrx_word' id='word_1_805' title='bbox 3554 4137 3697 4188; x_wconf 82' lang='lat' dir='ltr'><strong>quo-</strong></span> 
     </span>
    </p>
   </div>
   <div class='ocr_carea' id='block_1_102' title="bbox 2110 4223 3692 4308">
    <p class='ocr_par' dir='ltr' id='par_1_102' title="bbox 2110 4223 3692 4308">
     <span class='ocr_line' id='line_1_103' title="bbox 2110 4223 3692 4308; baseline -0.02 -12"><span class='ocrx_word' id='word_1_806' title='bbox 2110 4242 2254 4296; x_wconf 91' lang='lat' dir='ltr'><strong>niam</strong></span> <span class='ocrx_word' id='word_1_807' title='bbox 2288 4251 2424 4308; x_wconf 88' lang='lat' dir='ltr'><strong>puer</strong></span> <span class='ocrx_word' id='word_1_808' title='bbox 2457 4248 2608 4288; x_wconf 87' lang='lat' dir='ltr'><strong>meus</strong></span> <span class='ocrx_word' id='word_1_809' title='bbox 2633 4245 2696 4283; x_wconf 87' lang='lat' dir='ltr'><strong>es</strong></span> <span class='ocrx_word' id='word_1_810' title='bbox 2731 4239 2809 4284; x_wconf 90' lang='lat' dir='ltr'><strong>tu.</strong></span> <span class='ocrx_word' id='word_1_811' title='bbox 2846 4223 3095 4279; x_wconf 82' lang='lat' dir='ltr'><strong>Formavi</strong></span> <span class='ocrx_word' id='word_1_812' title='bbox 3129 4229 3181 4272; x_wconf 88' lang='lat' dir='ltr'><strong>te</strong></span> <span class='ocrx_word' id='word_1_813' title='bbox 3211 4229 3437 4286; x_wconf 86' lang='lat' dir='ltr'><strong>puerum</strong></span> <span class='ocrx_word' id='word_1_814' title='bbox 3476 4227 3692 4265; x_wconf 88' lang='lat' dir='ltr'><strong>meum:</strong></span> 
     </span>
    </p>
   </div>
   <div class='ocr_carea' id='block_1_103' title="bbox 2108 4302 3695 4396">
    <p class='ocr_par' dir='ltr' id='par_1_103' title="bbox 2108 4302 3695 4396">
     <span class='ocr_line' id='line_1_104' title="bbox 2108 4302 3695 4396; baseline -0.023 -6"><span class='ocrx_word' id='word_1_815' title='bbox 2108 4344 2163 4390; x_wconf 90' lang='lat' dir='ltr'><strong>et</strong></span> <span class='ocrx_word' id='word_1_816' title='bbox 2198 4343 2276 4396; x_wconf 92' lang='lat' dir='ltr'><strong>tu,</strong></span> <span class='ocrx_word' id='word_1_817' title='bbox 2331 4327 2494 4384; x_wconf 88' lang='lat' dir='ltr'><strong>Israel</strong></span> <span class='ocrx_word' id='word_1_818' title='bbox 2528 4365 2544 4391; x_wconf 94' lang='lat'><strong>,</strong></span> <span class='ocrx_word' id='word_1_819' title='bbox 2572 4339 2639 4379; x_wconf 86' lang='lat' dir='ltr'><strong>ne</strong></span> <span class='ocrx_word' id='word_1_820' title='bbox 2685 4317 3029 4376; x_wconf 80' lang='lat' dir='ltr'><strong>obliviscaris</strong></span> <span class='ocrx_word' id='word_1_821' title='bbox 3064 4313 3190 4368; x_wconf 84' lang='lat' dir='ltr'><strong>mei.</strong></span> <span class='ocrx_word' id='word_1_822' title='bbox 3251 4329 3268 4360; x_wconf 75' lang='grc' dir='ltr'><strong>ι</strong></span> <span class='ocrx_word' id='word_1_823' title='bbox 3317 4306 3440 4361; x_wconf 67' lang='lat' dir='ltr'><strong>Haec</strong></span> <span class='ocrx_word' id='word_1_824' title='bbox 3474 4302 3646 4359; x_wconf 85' lang='lat' dir='ltr'><strong>aitilli</strong></span> <span class='ocrx_word' id='word_1_825' title='bbox 3679 4343 3695 4366; x_wconf 92' lang='lat'><strong>,</strong></span> 
     </span>
    </p>
   </div>
   <div class='ocr_carea' id='block_1_104' title="bbox 2109 4397 3696 4496">
    <p class='ocr_par' dir='ltr' id='par_1_104' title="bbox 2109 4397 3696 4496">
     <span class='ocr_line' id='line_1_105' title="bbox 2109 4397 3696 4496; baseline -0.021 -14"><span class='ocrx_word' id='word_1_826' title='bbox 2109 4437 2294 4496; x_wconf 90' lang='lat' dir='ltr'><strong>utpote</strong></span> <span class='ocrx_word' id='word_1_827' title='bbox 2355 4423 2448 4493; x_wconf 91' lang='lat' dir='ltr'><strong>qui</strong></span> <span class='ocrx_word' id='word_1_828' title='bbox 2498 4431 2721 4474; x_wconf 88' lang='lat' dir='ltr'><strong>aversus</strong></span> <span class='ocrx_word' id='word_1_829' title='bbox 2785 4415 2895 4477; x_wconf 92' lang='lat' dir='ltr'><strong>sit,</strong></span> <span class='ocrx_word' id='word_1_830' title='bbox 2957 4420 3012 4465; x_wconf 88' lang='lat' dir='ltr'><strong>et</strong></span> <span class='ocrx_word' id='word_1_831' title='bbox 3072 4403 3308 4461; x_wconf 88' lang='lat' dir='ltr'><strong>inimicis</strong></span> <span class='ocrx_word' id='word_1_832' title='bbox 3367 4414 3491 4455; x_wconf 84' lang='lat' dir='ltr'><strong>sese</strong></span> <span class='ocrx_word' id='word_1_833' title='bbox 3544 4397 3696 4452; x_wconf 82' lang='lat' dir='ltr'><strong>dedi-</strong></span> 
     </span>
    </p>
   </div>
   <div class='ocr_carea' id='block_1_105' title="bbox 2031 4521 2266 4580">
    <p class='ocr_par' dir='ltr' id='par_1_105' title="bbox 2031 4521 2266 4580">
     <span class='ocr_line' id='line_1_106' title="bbox 2031 4521 2266 4580; baseline -0.03 1"><span class='ocrx_word' id='word_1_834' title='bbox 2031 4526 2074 4580; x_wconf 89' lang='lat' dir='ltr'><strong>D</strong></span> <span class='ocrx_word' id='word_1_835' title='bbox 2104 4521 2266 4577; x_wconf 90' lang='lat' dir='ltr'><strong>derit.</strong></span> 
     </span>
    </p>
   </div>
   <div class='ocr_carea' id='block_1_106' title="bbox 2185 4584 3697 4674">
    <p class='ocr_par' dir='ltr' id='par_1_106' title="bbox 2185 4584 3697 4674">
     <span class='ocr_line' id='line_1_107' title="bbox 2185 4584 3697 4674; baseline -0.02 -10"><span class='ocrx_word' id='word_1_836' title='bbox 2185 4612 2350 4666; x_wconf 76' lang='lat' dir='ltr'><strong>Vens.</strong></span> <span class='ocrx_word' id='word_1_837' title='bbox 2389 4609 2481 4674; x_wconf 71' lang='lat'><strong>‘29.,</strong></span> <span class='ocrx_word' id='word_1_838' title='bbox 2512 4606 2606 4660; x_wconf 66' lang='grc' dir='ltr'><strong>Ξῖ».</strong></span> <span class='ocrx_word' id='word_1_839' title='bbox 2665 4623 2684 4654; x_wconf 77' lang='grc' dir='ltr'><strong>ι</strong></span> <span class='ocrx_word' id='word_1_840' title='bbox 2743 4600 2884 4655; x_wconf 82' lang='lat' dir='ltr'><strong>Ecce</strong></span> <span class='ocrx_word' id='word_1_841' title='bbox 2926 4597 3071 4651; x_wconf 85' lang='lat' dir='ltr'><strong>enim</strong></span> <span class='ocrx_word' id='word_1_842' title='bbox 3117 4591 3290 4648; x_wconf 82' lang='lat' dir='ltr'><strong>delevi</strong></span> <span class='ocrx_word' id='word_1_843' title='bbox 3323 4589 3468 4644; x_wconf 87' lang='lat' dir='ltr'><strong>velut</strong></span> <span class='ocrx_word' id='word_1_844' title='bbox 3499 4584 3697 4640; x_wconf 84' lang='lat' dir='ltr'><strong>nubem</strong></span> 
     </span>
    </p>
   </div>
   <div class='ocr_carea' id='block_1_107' title="bbox 2113 4688 3697 4774">
    <p class='ocr_par' dir='ltr' id='par_1_107' title="bbox 2113 4688 3697 4774">
     <span class='ocr_line' id='line_1_108' title="bbox 2113 4688 3697 4774; baseline -0.021 -13"><span class='ocrx_word' id='word_1_845' title='bbox 2113 4705 2427 4774; x_wconf 86' lang='lat' dir='ltr'><strong>iniquitates</strong></span> <span class='ocrx_word' id='word_1_846' title='bbox 2482 4709 2645 4760; x_wconf 88' lang='lat' dir='ltr'><strong>tuas,</strong></span> <span class='ocrx_word' id='word_1_847' title='bbox 2695 4704 2751 4748; x_wconf 88' lang='lat' dir='ltr'><strong>et</strong></span> <span class='ocrx_word' id='word_1_848' title='bbox 2787 4695 2933 4747; x_wconf 80' lang='lat' dir='ltr'><strong>velut</strong></span> <span class='ocrx_word' id='word_1_849' title='bbox 2981 4688 3267 4756; x_wconf 86' lang='lat' dir='ltr'><strong>caliginem</strong></span> <span class='ocrx_word' id='word_1_850' title='bbox 3322 4689 3546 4752; x_wconf 84' lang='lat' dir='ltr'><strong>peccata</strong></span> <span class='ocrx_word' id='word_1_851' title='bbox 3585 4689 3697 4730; x_wconf 83' lang='lat' dir='ltr'><strong>tua.</strong></span> 
     </span>
    </p>
   </div>
   <div class='ocr_carea' id='block_1_108' title="bbox 2111 4769 3698 4852">
    <p class='ocr_par' dir='ltr' id='par_1_108' title="bbox 2111 4769 3698 4852">
     <span class='ocr_line' id='line_1_109' title="bbox 2111 4769 3698 4852; baseline -0.02 0"><span class='ocrx_word' id='word_1_852' title='bbox 2111 4799 2446 4852; x_wconf 85' lang='lat' dir='ltr'><strong>Convertere</strong></span> <span class='ocrx_word' id='word_1_853' title='bbox 2480 4792 2545 4844; x_wconf 86' lang='lat' dir='ltr'><strong>ad</strong></span> <span class='ocrx_word' id='word_1_854' title='bbox 2589 4805 2695 4852; x_wconf 90' lang='lat' dir='ltr'><strong>me,</strong></span> <span class='ocrx_word' id='word_1_855' title='bbox 2729 4797 2786 4841; x_wconf 88' lang='lat' dir='ltr'><strong>et</strong></span> <span class='ocrx_word' id='word_1_856' title='bbox 2810 4784 3076 4839; x_wconf 82' lang='lat' dir='ltr'><strong>redimam</strong></span> <span class='ocrx_word' id='word_1_857' title='bbox 3109 4789 3182 4833; x_wconf 89' lang='lat' dir='ltr'><strong>te.</strong></span> <span class='ocrx_word' id='word_1_858' title='bbox 3214 4773 3520 4837; x_wconf 64' lang='lat' dir='ltr'><strong>Laetamini,</strong></span> <span class='ocrx_word' id='word_1_859' title='bbox 3551 4769 3698 4829; x_wconf 66' lang='lat' dir='ltr'><strong>caeli,</strong></span> 
     </span>
    </p>
   </div>
   <div class='ocr_carea' id='block_1_109' title="bbox 2113 4863 3702 4960">
    <p class='ocr_par' dir='ltr' id='par_1_109' title="bbox 2113 4863 3702 4960">
     <span class='ocr_line' id='line_1_110' title="bbox 2113 4863 3702 4960; baseline -0.021 -14"><span class='ocrx_word' id='word_1_860' title='bbox 2113 4890 2372 4960; x_wconf 89' lang='lat' dir='ltr'><strong>quoniam</strong></span> <span class='ocrx_word' id='word_1_861' title='bbox 2420 4886 2681 4940; x_wconf 87' lang='lat' dir='ltr'><strong>misertus</strong></span> <span class='ocrx_word' id='word_1_862' title='bbox 2727 4890 2811 4935; x_wconf 86' lang='lat' dir='ltr'><strong>est</strong></span> <span class='ocrx_word' id='word_1_863' title='bbox 2840 4879 2982 4932; x_wconf 85' lang='lat' dir='ltr'><strong>Deus</strong></span> <span class='ocrx_word' id='word_1_864' title='bbox 3019 4872 3202 4928; x_wconf 83' lang='lat' dir='ltr'><strong>Israel.</strong></span> <span class='ocrx_word' id='word_1_865' title='bbox 3249 4890 3267 4922; x_wconf 79' lang='grc' dir='ltr'><strong>ι</strong></span> <span class='ocrx_word' id='word_1_866' title='bbox 3302 4870 3439 4937; x_wconf 83' lang='lat' dir='ltr'><strong>Quia</strong></span> <span class='ocrx_word' id='word_1_867' title='bbox 3469 4868 3522 4921; x_wconf 91' lang='lat' dir='ltr'><strong>in</strong></span> <span class='ocrx_word' id='word_1_868' title='bbox 3545 4863 3702 4919; x_wconf 60' lang='lat' dir='ltr'><strong>curiis</strong></span> 
     </span>
    </p>
   </div>
   <div class='ocr_carea' id='block_1_110' title="bbox 2114 4956 3700 5053">
    <p class='ocr_par' dir='ltr' id='par_1_110' title="bbox 2114 4956 3700 5053">
     <span class='ocr_line' id='line_1_111' title="bbox 2114 4956 3700 5053; baseline -0.02 -16"><span class='ocrx_word' id='word_1_869' title='bbox 2114 4982 2369 5053; x_wconf 84' lang='lat' dir='ltr'><strong>gaudium</strong></span> <span class='ocrx_word' id='word_1_870' title='bbox 2407 4979 2648 5032; x_wconf 89' lang='lat' dir='ltr'><strong>futurum</strong></span> <span class='ocrx_word' id='word_1_871' title='bbox 2681 4983 2766 5028; x_wconf 90' lang='lat' dir='ltr'><strong>est</strong></span> <span class='ocrx_word' id='word_1_872' title='bbox 2797 4973 2864 5026; x_wconf 89' lang='lat' dir='ltr'><strong>de</strong></span> <span class='ocrx_word' id='word_1_873' title='bbox 2892 4971 2982 5032; x_wconf 85' lang='lat' dir='ltr'><strong>iis,</strong></span> <span class='ocrx_word' id='word_1_874' title='bbox 3023 4967 3115 5036; x_wconf 89' lang='lat' dir='ltr'><strong>qui</strong></span> <span class='ocrx_word' id='word_1_875' title='bbox 3145 4972 3492 5035; x_wconf 84' lang='lat' dir='ltr'><strong>peccatorum</strong></span> <span class='ocrx_word' id='word_1_876' title='bbox 3522 4956 3700 5025; x_wconf 72' lang='lat' dir='ltr'><strong>ptem-</strong></span> 
     </span>
    </p>
   </div>
   <div class='ocr_carea' id='block_1_111' title="bbox 2116 5071 2722 5129">
    <p class='ocr_par' dir='ltr' id='par_1_111' title="bbox 2116 5071 2722 5129">
     <span class='ocr_line' id='line_1_112' title="bbox 2116 5071 2722 5129; baseline -0.015 -1"><span class='ocrx_word' id='word_1_877' title='bbox 2116 5075 2338 5129; x_wconf 88' lang='lat' dir='ltr'><strong>tentiam</strong></span> <span class='ocrx_word' id='word_1_878' title='bbox 2372 5071 2546 5126; x_wconf 90' lang='lat' dir='ltr'><strong>acturi</strong></span> <span class='ocrx_word' id='word_1_879' title='bbox 2575 5079 2722 5123; x_wconf 87' lang='lat' dir='ltr'><strong>sunt.</strong></span> 
     </span>
    </p>
   </div>
   <div class='ocr_carea' id='block_1_112' title="bbox 2190 5148 3703 5224">
    <p class='ocr_par' dir='ltr' id='par_1_112' title="bbox 2190 5148 3703 5224">
     <span class='ocr_line' id='line_1_113' title="bbox 2190 5148 3703 5224; baseline -0.017 -6"><span class='ocrx_word' id='word_1_880' title='bbox 2190 5187 2208 5218; x_wconf 75' lang='grc' dir='ltr'><strong>ι</strong></span> <span class='ocrx_word' id='word_1_881' title='bbox 2253 5165 2444 5220; x_wconf 88' lang='lat' dir='ltr'><strong>Canite</strong></span> <span class='ocrx_word' id='word_1_882' title='bbox 2475 5164 2624 5224; x_wconf 85' lang='lat' dir='ltr'><strong>tuba,</strong></span> <span class='ocrx_word' id='word_1_883' title='bbox 2658 5159 3007 5214; x_wconf 86' lang='lat' dir='ltr'><strong>fundamenta</strong></span> <span class='ocrx_word' id='word_1_884' title='bbox 3040 5164 3232 5208; x_wconf 63' lang='lat' dir='ltr'><strong>terrae:</strong></span> <span class='ocrx_word' id='word_1_885' title='bbox 3259 5148 3518 5206; x_wconf 84' lang='lat' dir='ltr'><strong>clamate,</strong></span> <span class='ocrx_word' id='word_1_886' title='bbox 3546 5155 3703 5195; x_wconf 85' lang='lat' dir='ltr'><strong>mon-</strong></span> 
     </span>
    </p>
   </div>
   <div class='ocr_carea' id='block_1_113' title="bbox 2115 5237 3698 5324">
    <p class='ocr_par' dir='ltr' id='par_1_113' title="bbox 2115 5237 3698 5324">
     <span class='ocr_line' id='line_1_114' title="bbox 2115 5237 3698 5324; baseline -0.021 -7"><span class='ocrx_word' id='word_1_887' title='bbox 2115 5272 2221 5324; x_wconf 84' lang='lat' dir='ltr'><strong>tes,</strong></span> <span class='ocrx_word' id='word_1_888' title='bbox 2247 5261 2508 5323; x_wconf 61' lang='lat' dir='ltr'><strong>laetitiam,</strong></span> <span class='ocrx_word' id='word_1_889' title='bbox 2527 5257 2692 5311; x_wconf 88' lang='lat' dir='ltr'><strong>colles</strong></span> <span class='ocrx_word' id='word_1_890' title='bbox 2722 5262 2777 5307; x_wconf 91' lang='lat' dir='ltr'><strong>et</strong></span> <span class='ocrx_word' id='word_1_891' title='bbox 2802 5250 2982 5305; x_wconf 80' lang='lat' dir='ltr'><strong>omnia</strong></span> <span class='ocrx_word' id='word_1_892' title='bbox 3014 5247 3178 5316; x_wconf 84' lang='lat' dir='ltr'><strong>ligna,</strong></span> <span class='ocrx_word' id='word_1_893' title='bbox 3199 5256 3318 5310; x_wconf 67' lang='lat' dir='ltr'><strong>quae</strong></span> <span class='ocrx_word' id='word_1_894' title='bbox 3346 5241 3398 5292; x_wconf 90' lang='lat' dir='ltr'><strong>in</strong></span> <span class='ocrx_word' id='word_1_895' title='bbox 3427 5237 3508 5291; x_wconf 82' lang='lat' dir='ltr'><strong>eis</strong></span> <span class='ocrx_word' id='word_1_896' title='bbox 3536 5243 3661 5287; x_wconf 83' lang='lat' dir='ltr'><strong>sunt</strong></span> <span class='ocrx_word' id='word_1_897' title='bbox 3685 5249 3698 5284; x_wconf 88' lang='lat'><strong>:</strong></span> 
     </span>
    </p>
   </div>
   <div class='ocr_carea' id='block_1_114' title="bbox 2116 5325 3704 5426">
    <p class='ocr_par' dir='ltr' id='par_1_114' title="bbox 2116 5325 3704 5426">
     <span class='ocr_line' id='line_1_115' title="bbox 2116 5325 3704 5426; baseline -0.02 -17"><span class='ocrx_word' id='word_1_898' title='bbox 2116 5354 2376 5426; x_wconf 85' lang='lat' dir='ltr'><strong>quoniam</strong></span> <span class='ocrx_word' id='word_1_899' title='bbox 2409 5350 2639 5404; x_wconf 89' lang='lat' dir='ltr'><strong>redemit</strong></span> <span class='ocrx_word' id='word_1_900' title='bbox 2667 5347 2810 5400; x_wconf 88' lang='lat' dir='ltr'><strong>Deus</strong></span> <span class='ocrx_word' id='word_1_901' title='bbox 2841 5342 3009 5398; x_wconf 85' lang='lat' dir='ltr'><strong>Jacob</strong></span> <span class='ocrx_word' id='word_1_902' title='bbox 3033 5379 3051 5404; x_wconf 84' lang='lat'><strong>,</strong></span> <span class='ocrx_word' id='word_1_903' title='bbox 3091 5347 3146 5391; x_wconf 88' lang='lat' dir='ltr'><strong>et</strong></span> <span class='ocrx_word' id='word_1_904' title='bbox 3176 5332 3338 5388; x_wconf 80' lang='lat' dir='ltr'><strong>Israel</strong></span> <span class='ocrx_word' id='word_1_905' title='bbox 3371 5325 3704 5399; x_wconf 75' lang='lat' dir='ltr'><strong>glorificabi-</strong></span> 
     </span>
    </p>
   </div>
   <div class='ocr_carea' id='block_1_115' title="bbox 2119 5427 3703 5510">
    <p class='ocr_par' dir='ltr' id='par_1_115' title="bbox 2119 5427 3703 5510">
     <span class='ocr_line' id='line_1_116' title="bbox 2119 5427 3703 5510; baseline -0.019 -9"><span class='ocrx_word' id='word_1_906' title='bbox 2119 5458 2227 5501; x_wconf 92' lang='lat' dir='ltr'><strong>tur.</strong></span> <span class='ocrx_word' id='word_1_907' title='bbox 2267 5462 2286 5495; x_wconf 73' lang='grc' dir='ltr'><strong>ι</strong></span> <span class='ocrx_word' id='word_1_908' title='bbox 2330 5443 2464 5498; x_wconf 85' lang='lat' dir='ltr'><strong>Nam</strong></span> <span class='ocrx_word' id='word_1_909' title='bbox 2496 5443 2543 5496; x_wconf 86' lang='lat' dir='ltr'><strong>si</strong></span> <span class='ocrx_word' id='word_1_910' title='bbox 2574 5455 2694 5510; x_wconf 64' lang='lat' dir='ltr'><strong>quae</strong></span> <span class='ocrx_word' id='word_1_911' title='bbox 2735 5445 2861 5493; x_wconf 89' lang='lat' dir='ltr'><strong>sunt</strong></span> <span class='ocrx_word' id='word_1_912' title='bbox 2909 5433 3107 5489; x_wconf 72' lang='lat' dir='ltr'><strong>divina:</strong></span> <span class='ocrx_word' id='word_1_913' title='bbox 3141 5427 3407 5484; x_wconf 89' lang='lat' dir='ltr'><strong>virtutes,</strong></span> <span class='ocrx_word' id='word_1_914' title='bbox 3442 5437 3563 5490; x_wconf 82' lang='lat' dir='ltr'><strong>qua:</strong></span> <span class='ocrx_word' id='word_1_915' title='bbox 3595 5430 3703 5474; x_wconf 86' lang='lat' dir='ltr'><strong>ter-</strong></span> 
     </span>
    </p>
   </div>
   <div class='ocr_carea' id='block_1_116' title="bbox 2117 5516 3698 5600">
    <p class='ocr_par' dir='ltr' id='par_1_116' title="bbox 2117 5516 3698 5600">
     <span class='ocr_line' id='line_1_117' title="bbox 2117 5516 3698 5600; baseline -0.017 -9"><span class='ocrx_word' id='word_1_916' title='bbox 2117 5553 2233 5591; x_wconf 84' lang='lat' dir='ltr'><strong>ram</strong></span> <span class='ocrx_word' id='word_1_917' title='bbox 2261 5543 2585 5598; x_wconf 80' lang='lat' dir='ltr'><strong>sustentem,</strong></span> <span class='ocrx_word' id='word_1_918' title='bbox 2609 5534 2690 5585; x_wconf 79' lang='lat' dir='ltr'><strong>lue</strong></span> <span class='ocrx_word' id='word_1_919' title='bbox 2715 5541 2932 5600; x_wconf 75' lang='lat' dir='ltr'><strong>quoque</strong></span> <span class='ocrx_word' id='word_1_920' title='bbox 2959 5520 3336 5593; x_wconf 84' lang='lat' dir='ltr'><strong>jubilationem</strong></span> <span class='ocrx_word' id='word_1_921' title='bbox 3366 5526 3420 5569; x_wconf 89' lang='lat' dir='ltr'><strong>et</strong></span> <span class='ocrx_word' id='word_1_922' title='bbox 3439 5516 3698 5585; x_wconf 82' lang='lat' dir='ltr'><strong>hymnum</strong></span> 
     </span>
    </p>
   </div>
   <div class='ocr_carea' id='block_1_117' title="bbox 2123 5702 3705 5789">
    <p class='ocr_par' dir='ltr' id='par_1_117' title="bbox 2123 5702 3705 5789">
     <span class='ocr_line' id='line_1_118' title="bbox 2123 5702 3705 5789; baseline -0.018 -11"><span class='ocrx_word' id='word_1_923' title='bbox 2123 5735 2280 5778; x_wconf 71' lang='lat' dir='ltr'><strong>terra:</strong></span> <span class='ocrx_word' id='word_1_924' title='bbox 2311 5720 2414 5776; x_wconf 90' lang='lat' dir='ltr'><strong>dici</strong></span> <span class='ocrx_word' id='word_1_925' title='bbox 2450 5720 2595 5789; x_wconf 87' lang='lat' dir='ltr'><strong>ipsos</strong></span> <span class='ocrx_word' id='word_1_926' title='bbox 2637 5716 2929 5786; x_wconf 85' lang='lat' dir='ltr'><strong>pmphetas</strong></span> <span class='ocrx_word' id='word_1_927' title='bbox 2956 5749 2969 5772; x_wconf 94' lang='lat'><strong>,</strong></span> <span class='ocrx_word' id='word_1_928' title='bbox 3015 5715 3182 5772; x_wconf 83' lang='lat' dir='ltr'><strong>atque</strong></span> <span class='ocrx_word' id='word_1_929' title='bbox 3209 5719 3401 5758; x_wconf 87' lang='lat' dir='ltr'><strong>omnes</strong></span> <span class='ocrx_word' id='word_1_930' title='bbox 3429 5702 3607 5769; x_wconf 85' lang='lat' dir='ltr'><strong>justos</strong></span> <span class='ocrx_word' id='word_1_931' title='bbox 3649 5705 3705 5750; x_wconf 88' lang='lat' dir='ltr'><strong>et</strong></span> 
     </span>
    </p>
   </div>
   <div class='ocr_carea' id='block_1_118' title="bbox 2127 5790 3708 5888">
    <p class='ocr_par' dir='ltr' id='par_1_118' title="bbox 2127 5790 3708 5888">
     <span class='ocr_line' id='line_1_119' title="bbox 2127 5790 3708 5888; baseline -0.021 -13"><span class='ocrx_word' id='word_1_932' title='bbox 2127 5817 2406 5888; x_wconf 79' lang='lat' dir='ltr'><strong>religiosos</strong></span> <span class='ocrx_word' id='word_1_933' title='bbox 2453 5813 2646 5868; x_wconf 86' lang='lat' dir='ltr'><strong>viros:</strong></span> <span class='ocrx_word' id='word_1_934' title='bbox 2681 5810 2734 5863; x_wconf 91' lang='lat' dir='ltr'><strong>id</strong></span> <span class='ocrx_word' id='word_1_935' title='bbox 2785 5816 3019 5872; x_wconf 85' lang='lat' dir='ltr'><strong>namque</strong></span> <span class='ocrx_word' id='word_1_936' title='bbox 3070 5799 3230 5850; x_wconf 83' lang='lat' dir='ltr'><strong>docet</strong></span> <span class='ocrx_word' id='word_1_937' title='bbox 3281 5794 3572 5865; x_wconf 79' lang='lat' dir='ltr'><strong>Apostolus</strong></span> <span class='ocrx_word' id='word_1_938' title='bbox 3625 5790 3708 5842; x_wconf 86' lang='lat' dir='ltr'><strong>his</strong></span> 
     </span>
    </p>
   </div>
  </div>
