4130 6386
354 353 461 408 499

1281 349 1786 406 COMMENTARIA
1824 349 1892 405 IN
1930 350 2187 406 ISAIAM.
2217 379 2285 390 —-
2323 347 2476 406 CAP.
2520 345 2675 404 XLV.

3515 344 3620 399 410

354 471 545 525 τεῦθεν
577 471 677 543 ἤδη
720 471 969 544 προλέγω
999 473 1090 526 καὶ
1123 473 1551 545 ἐπαγγέλλομαι,
1581 476 1663 528 ὅτι
1701 476 1801 546 τὴν
1838 477 1941 529 Ἰε-

2046 473 2157 542 ejus
2186 473 2462 529 excidium
2496 487 2525 526 a
2557 470 2868 541 Babyloniis
2897 469 3102 522 factum
3125 506 3139 531 ,
3176 468 3540 520 renovandam
3569 477 3625 520 et

360 561 644 638 ρουσαλὴμ
671 563 809 634 μετά
840 563 937 634 τὴν
971 561 1196 636 πρώτην
1224 563 1543 635 καθαίρεσιν
1569 565 1666 636 τὴν
1699 566 1803 618 ὑπὸ
1837 565 1944 618 Βα-

358 653 639 706 ϐυλωνίων
680 654 1056 724 γενησομένην
1103 655 1553 725 ἀνακαινισθῆναι
1600 657 1833 725 ποιήσω,
1867 655 1943 719 ώς

357 743 450 796 καὶ
483 742 582 805 τὰς
601 743 701 808 τῆς
739 742 993 806 ἰουδαίας
1026 743 1210 806 πόλεις
1234 745 1647 816 κατοικηθῆναι,
1681 747 1774 798 καὶ
1797 745 1866 798 τὰ
1885 747 1944 798 ἐν

357 835 548 897 αὐταῖς
575 834 758 904 ἔρημα
796 833 958 886 πάλιν
983 834 1058 896 ὡς
1078 833 1146 887 τά
1165 835 1443 907 ἀπ’ἀρχῆς
1471 837 1749 906 συστῆναι.
1785 836 1944 890 Ἀλλὰ

358 927 452 978 καὶ
491 925 590 996 τὴν
621 925 933 990 πολυθεϊαν,
968 927 1065 996 τῆς
1107 927 1306 990 κακίας
1341 928 1572 981 ἄϐυσσον
1607 929 1944 1000 ὀνομαζομέ-

356 1037 476 1090 νην,
518 1018 722 1090 ἕρημον
751 1019 1096 1089 καταστήσω,
1133 1019 1226 1072 κοιλ⁵
1252 1021 1378 1082 τοὺς
1409 1021 1686 1092 ποταμοὺς
1723 1022 1821 1092 τῆς
1847 1039 1945 1074 πο-

356 1111 578 1174 λυθεῖας
625 1108 734 1163 τῶν
767 1109 1040 1180 πολεμίων
1094 1109 1450 1182 ἀποξηρανῶ·
1482 1113 1555 1176 ὼς
1615 1112 1810 1183 μηκέτι
1845 1112 1943 1184 τὴν

356 1200 656 1256 Βαϐυλῶνα
686 1201 969 1270 συστῆναι,
1004 1201 1140 1271 μήτε
1168 1200 1294 1264 τοὺς
1317 1205 1594 1272 ποταμοὺς
1618 1205 1786 1274 αὐτῆς
1817 1206 1942 1268 τοὺς

359 1293 534 1347 πολλά
555 1292 948 1363 δεδυνημένους
981 1293 1039 1345 ὲν
1087 1291 1346 1362 πλήθεσιν
1383 1296 1640 1366 ἰσχυροῖς.
1671 1296 1854 1350 Ταῦτα
1885 1298 1942 1350 δὲ

359 1388 538 1440 πάντα
557 1386 768 1455 ποιήσω
802 1383 1030 1455 διακόνῳ
1046 1385 1388 1456 χρησάμενος
1413 1385 1566 1458 ἀνδρί⁵
1598 1387 1690 1440 τοῦ
1716 1389 1941 1460 Περσῶν

355 1481 547 1548 γένους
566 1477 971 1550 βεϐασιλευκότι
993 1476 1212 1546 πρώτῳ.
1242 1477 1370 1529 Είδὲ
1397 1477 1502 1549 χρὴ
1525 1479 1618 1531 καὶ
1637 1479 1722 1532 ἐπ’
1745 1480 1942 1550 ὀνόμα-

355 1588 449 1633 τος
464 1567 840 1639 προφητεῦσαι
861 1565 1047 1618 τούτου
1060 1568 1158 1638 τὴν
1173 1568 1561 1638 προσηγορίαν,
1578 1567 1661 1620 Κῦ
1670 1585 1757 1637 ρος
1772 1567 1940 1638 ὄνομα

354 1663 435 1734 τῷ
479 1661 878 1731 θεσπιζομένῳ,
922 1659 980 1712 ὃν
1025 1664 1404 1732 προστήσομαι
1447 1659 1554 1714 τῶν
1588 1661 1737 1731 ἐμῶν
1766 1662 1941 1730 λόγων

356 1749 660 1819 ὑπηρέτην,
698 1748 961 1817 φρόνησιν
1004 1747 1152 1818 αὐτῷ
1188 1749 1573 1820 δωρησάμενος
1617 1750 1834 1821 εὐσεϐῆ,
1865 1751 1940 1814 ὡς

2045 565 2462 621 restaurandam
2515 571 2832 617 curaturum
2864 575 3027 626 esse;
3068 559 3143 614 ita
3191 569 3246 612 ut
3299 557 3501 614 Judmae
3532 575 3626 613 ur-

2041 659 2136 714 bes
2166 657 2494 720 incolantur,
2527 665 2581 711 et
2606 671 2730 724 qua:
2763 655 2815 708 in
2852 654 2960 708 illis
2994 653 3210 707 deserta
3241 653 3480 717 fuerant,
3521 653 3626 706 ite-

2042 768 2160 806 rum
2206 761 2263 805 ut
2316 766 2346 804 a
2401 749 2672 818 principio
2705 746 3084 802 constituenda
3120 745 3250 799 sint.
3281 744 3421 810 Quin
3457 744 3623 797 etiam

2043 845 2264 897 deorum
2307 841 2763 911 multiplicitatem
2788 880 2803 904 ,
2829 855 2949 908 qua:
2997 840 3224 908 abyssus
3255 837 3473 890 malitiae
3527 851 3625 888 vo-

2041 944 2218 1000 catur,
2247 933 2520 987 desertam
2568 932 2786 995 faciam,
2841 945 2904 984 ac
2967 928 3191 982 ﬂumina
3251 929 3624 998 multiplicita-

2045 1028 2112 1081 tis
2145 1028 2367 1079 deorum
2399 1065 2413 1089 ,
2459 1039 2580 1092 quae
2625 1038 2791 1092 penes
2833 1022 3085 1076 inimicos
3113 1029 3236 1088 est,
3283 1021 3620 1086 arefaciam;

2043 1118 2115 1171 ita
2145 1127 2203 1170 ut
2234 1115 2473 1186 Babylon
2507 1132 2613 1170 non
2649 1115 2791 1168 ultra
2845 1115 3131 1178 consistat,
3175 1114 3267 1168 sed
3301 1128 3478 1182 neque
3525 1112 3624 1165 ilu-

2043 1210 2186 1262 mina
2225 1208 2344 1272 ejus
2368 1247 2384 1272 ,
2432 1207 2482 1261 vi
2517 1207 2880 1261 multitudinis
2911 1207 3140 1260 multum
3178 1205 3432 1259 valentia.
3499 1205 3624 1260 Haec

2041 1316 2206 1368 porro
2235 1301 2417 1354 omnia
2454 1315 2712 1369 peragam
2751 1299 3003 1352 ministro
3036 1307 3193 1351 utens
3218 1295 3362 1361 viro,
3391 1296 3482 1364 qui
3511 1297 3626 1365 pri-

2041 1407 2160 1446 mus
2207 1391 2493 1446 Persarum
2522 1406 2618 1446 rex
2649 1391 2774 1444 erit.
2809 1390 2962 1457 Quod
3015 1390 3060 1445 si
3111 1405 3248 1458 opus
3299 1390 3371 1443 sit
3424 1404 3623 1446 nomen

2040 1486 2156 1552 ejus
2184 1485 2494 1554 prophetice
2544 1484 2859 1552 significare
2885 1524 2900 1549 ,
2945 1482 3119 1555 Cyrus
3152 1481 3510 1550 appellabitur
3555 1483 3619 1546 is,

2041 1579 2134 1647 qui
2186 1577 2240 1630 in
2289 1576 2548 1630 vaticinio
2597 1575 2793 1640 fertur,
2827 1589 2988 1645 quem
3029 1576 3324 1629 verborum
3376 1589 3623 1630 meorum

2042 1671 2352 1724 ministrum
2385 1669 2712 1724 constituam
2745 1684 2760 1733 ;
2788 1669 2932 1737 piam
2961 1667 3064 1735 ipsi
3109 1675 3342 1720 mentem
3389 1665 3580 1720 indens
3609 1707 3625 1732 ,

2041 1772 2100 1816 ut
2135 1762 2265 1815 mihi
2303 1762 2502 1831 placita
2558 1761 2742 1815 omnia
2795 1768 3153 1828 exsequatur,
3204 1775 3269 1812 ac
3319 1758 3622 1813 Jerusalem

359 1842 538 1894 πάντα
569 1839 639 1893 τὰ
662 1840 982 1911 καταθύμια
1015 1858 1104 1911 μοι
1134 1841 1360 1910 ποιῆσαι
1385 1842 1480 1894 καί
1506 1842 1806 1909 προστάξαι
1840 1844 1937 1915 τὴν

2046 1853 2218 1920 iubeat
2268 1853 2538 1922 excitari,
2594 1853 2968 1922 templumque
3015 1851 3134 1920 ejus
3182 1867 3211 1906 a
3258 1851 3629 1907 fundamentis

369 1931 724 2002 Ἰερουσαλὴμ
743 1930 1181 2002 οἰκοδομηθῆναι,
1214 1933 1308 1984 καὶ
1339 1932 1428 1985 τὸν
1454 1931 1588 1984 νεὼν
1614 1931 1704 2004 τὸν
1723 1935 1779 1985 ὲν
1800 1934 1936 2006 αὐτῇ

361 2021 418 2073 θε
427 2021 778 2092 μελιωθῆναι.

859 2091 1256 2145 ΚΕΦΛΛΑΙΟΝ
1293 2095 1426 2147 ΜΕ’.

440 2201 457 2234 ι
492 2182 646 2236 Οὕτω
672 2183 821 2252 λέγει
850 2184 1054 2256 Κύριος
1081 2187 1110 2237 6
1141 2185 1272 2249 Θεὸς
1317 2185 1394 2256 τῷ
1443 2187 1648 2258 χριστῷ
1683 2205 1783 2259 μου
1826 2186 1941 2240 Κύ-

372 2290 469 2344 ρῳ,
515 2267 575 2326 οὗ
620 2275 901 2346 ἐκράτησα
937 2278 1037 2347 τῆς
1083 2276 1261 2343 δεξιᾶς
1300 2278 1602 2331 ἐπακοῦσαι
1632 2278 1939 2351 ἔμπροσθεν

372 2366 536 2420 αὐτοῦ
567 2367 708 2438 ἔθνη,
760 2370 856 2421 καὶ
893 2370 1046 2439 ἰσχὺν
1075 2370 1338 2440 βασιλέων
1368 2370 1660 2443 διαρρήξω.
1719 2371 1941 2437 Ἀνοίξω

368 2459 675 2531 ἔμπροσθεν
700 2460 860 2514 αὐτοῦ
888 2461 1078 2533 θύρας,
1125 2464 1218 2515 καὶ
1263 2463 1446 2525 πόλεις
1493 2464 1552 2516 ού
1604 2464 1943 2532 συγκλείσον-

367 2568 479 2604 ται.
524 2570 544 2602 ι
597 2551 818 2620 Ἀγαθὸν
856 2553 912 2605 δὲ
953 2553 1231 2624 ὑπηρέτην
1259 2555 1358 2624 τῆς
1387 2554 1526 2623 ἐμῆς
1563 2552 1755 2624 βουλῆς
1783 2549 1941 2626 εὗρον

356 2644 454 2696 τὸν
475 2644 887 2714 προδηλωθὲντα
909 2646 1094 2718 ἄνδρα·
1122 2645 1370 2699 ἐντεῦθεν
1403 2647 1503 2717 ήδη
1533 2648 1942 2719 ἐπαγγέλλομαι

358 2733 654 2802 κρατήσειν
694 2733 859 2786 αὐτοῦ
893 2734 994 2804 τῆς
1032 2733 1230 2799 δεξιᾶς,
1268 2736 1404 2806 πρὸς
1445 2736 1506 2789 τὸ
1548 2735 1622 2808 μὴ
1670 2740 1944 2810 παρατρέ-

357 2821 578 2885 πεσθαι,
611 2823 747 2892 μηδὲ
783 2823 1032 2876 νικᾶσθαι
1080 2824 1184 2876 ὑπό
1226 2841 1371 2887 τινος
1418 2825 1747 2897 κρείττονος.
1780 2828 1942 2882 Ὑπο-

358 2913 545 2966 τάσσω
577 2914 634 2966 δὲ
672 2915 822 2985 αύτῷ
862 2915 1087 2968 πλεῖστα
1144 2917 1243 2968 ὅσα
1276 2917 1333 2968 ἐν
1363 2919 1477 2979 τοῖς
1526 2916 1734 2981 λοιποῖς
1767 2917 1944 2971 ἔθνεσι

361 3005 756 3074 βασιλευόντων
780 3024 794 3036 ·
818 3007 885 3060 δι’
912 3007 1075 3061 αὐτοῦ
1091 3007 1264 3078 δὲτὴν
1294 3008 1446 3077 ἰσχὺν
1461 3008 1737 3080 διαῤῥήξω
1763 3008 1943 3080 πάσης

356 3097 458 3168 τῆς
489 3097 546 3149 ὲν
578 3101 690 3161 τοῖς
721 3097 927 3161 λοιποῖς
947 3098 1122 3151 έθνεσι
1149 3098 1466 3161 δυναστείας
1486 3113 1499 3126 ⁸
1540 3098 1716 3153 πάντα
1740 3099 1796 3152 δὲ
1827 3100 1944 3153 λεῖα

2044 1947 2276 2002 exstrui.

2613 2099 2846 2158 CAPUT
2885 2099 3048 2156 XLV.

2110 2198 2273 2253 Vens.
2309 2198 2358 2252 l.
2395 2215 2414 2249 ι
2449 2195 2542 2254 Sic
2577 2195 2708 2249 dicit
2760 2187 3024 2249 Deminus
3068 2193 3211 2249 Deus
3259 2193 3472 2248 christo
3507 2207 3628 2246 meo

2040 2292 2205 2363 Cyro,
2275 2290 2429 2357 cujus
2481 2288 2819 2358 apprehendi
2871 2287 3177 2351 dexteram,
3231 2297 3290 2340 ut
3341 2285 3624 2353 subjiciam

2041 2395 2165 2438 ante
2196 2383 2386 2436 faciem
2438 2379 2555 2449 ejus
2597 2389 2808 2450 gentes,
2842 2387 2899 2432 et
2940 2378 3086 2432 vires
3123 2391 3309 2447 regum
3358 2376 3626 2444 frangam.

2040 2475 2294 2545 Aperiam
2330 2489 2517 2529 coram
2547 2487 2614 2526 eo
2644 2481 2851 2541 portas,
2907 2479 2963 2526 et
3014 2470 3179 2524 urbes
3215 2483 3322 2523 non
3366 2467 3628 2522 clauden-

2043 2579 2150 2624 tur.
2183 2587 2201 2620 ι
2238 2567 2447 2622 Bonum
2485 2573 2669 2620 autem
2703 2562 2918 2618 consilii
2954 2561 3062 2616 mei
3097 2560 3404 2614 ministrum
3445 2556 3628 2611 inveni

2043 2671 2406 2717 memoratum
2433 2660 2648 2712 virum:
2679 2654 2793 2725 jam
2842 2655 2970 2709 hinc
3002 2653 3263 2724 polliceor
3308 2665 3396 2706 me
3435 2650 3630 2704 dexte-

2045 2770 2159 2809 ram
2195 2753 2312 2822 ejus
2362 2751 2830 2819 apprehensurum
2879 2763 3022 2814 esse,
3081 2757 3141 2800 ut
3193 2759 3299 2799 non
3326 2751 3629 2804 evertatur,

2047 2861 2228 2916 neque
2255 2848 2559 2914 'superetur
2613 2855 2645 2896 a
2702 2840 2961 2910 quopiam
3031 2838 3279 2893 fortiore.
3337 2835 3443 2905 Ipsi
3496 2849 3630 2888 vero

2046 2939 2214 2994 multa
2258 2935 2545 3004 subjiciam
2595 2947 2666 2988 ex
2725 2947 2915 3003 regum
2976 2933 3207 2986 aliarum
3252 2928 3494 2998 gentium
3545 2926 3629 2979 di-

2048 3033 2234 3087 tione:
2272 3043 2369 3096 per
2399 3027 2578 3094 ipsum
2615 3024 2743 3078 item
2774 3039 2990 3078 omnem
3024 3025 3075 3078 in
3115 3021 3342 3090 reliquis
3375 3019 3630 3089 gentibus

2047 3122 2346 3196 potentiam
2381 3118 2735 3188 perfringam,
2791 3117 2972 3171 omnia
3018 3116 3178 3185 plana
3215 3121 3270 3168 et
3317 3111 3500 3165 facilia
3533 3125 3629 3178 pa-

358 3190 456 3242 καὶ
486 3190 664 3260 ὁμαλὰ
691 3192 1038 3261 καταστήσας
1071 3190 1176 3261 πρὸ
1202 3189 1309 3243 τῶν
1339 3190 1502 3243 αὑτοῦ
1552 3192 1746 3257 ποδῶν,
1779 3192 1945 3264 θύρας

2049 3173 2183 3269 rans
2207 3221 2334 3266 ante
2363 3209 2532 3279 pedes
2565 3205 2682 3273 ejus
2709 3225 2722 3261 :
2755 3216 2939 3275 portas
2964 3206 3203 3270 urbium,
3223 3211 3277 3258 et
3315 3203 3462 3270 ipsas
3492 3201 3630 3253 inte-

359 3281 592 3345 πόλεων,
629 3281 722 3334 καί
741 3280 911 3344 αὑτὰς
937 3281 1063 3344 ὅλας
1093 3281 1192 3344 τὰς
1221 3281 1402 3344 πόλεις
1432 3281 1776 3354 ὑποχειρίους
1798 3283 1946 3355 αὐτῷ

363 3369 678 3443 παραδώσω
696 3388 710 3401 ·
745 3373 820 3434 ὡς
846 3371 1116 3442 μηδεμίαν
1141 3370 1392 3424 ἐναντίαν
1415 3372 1564 3442 αὐτῷ
1598 3372 1870 3439 γενέσθαι.

439 3502 458 3533 ι
493 3481 635 3550 Ἐγὼ
667 3481 975 3552 ἔμπροσθέν
1003 3498 1097 3534 σου
1141 3479 1505 3550 πορεύσομαι,
1553 3480 1646 3533 καὶ
1677 3479 1786 3552 ὅρη
1817 3483 1948 3552 ὁμα-

359 3574 462 3626 λιῶ
482 3591 495 3603 ·
529 3573 699 3645 θύρας
738 3575 944 3643 χαλκᾶς
976 3571 1272 3644 συντρίψω,
1309 3572 1404 3624 καὶ
1426 3570 1656 3642 μοχλοὺς
1695 3572 1948 3644 σιδηροῦς

365 3664 674 3732 συγκλάσω.
721 3683 738 3714 ι
771 3665 880 3719 Καὶ
915 3666 1056 3718 εἴποι
1098 3663 1142 3716 δ’
1168 3661 1234 3716 ἀν
1265 3680 1349 3726 τις
1375 3662 1443 3716 τὰ
1481 3662 1624 3716 κατά
1648 3663 1741 3716 τὸν
1785 3665 1948 3734 Ζορο-

363 3756 553 3823 ϐάϐελ,
588 3756 621 3828 ἦ
663 3757 805 3812 κατά
850 3758 1032 3828 Κῦρον
1080 3758 1367 3830 ἱστορικῶς
1401 3757 1688 3828 γενόμενα,
1732 3758 1947 3820 εἰκόνας

366 3849 465 3902 καὶ
491 3848 737 3919 σύμϐολα
753 3849 1029 3919 περιέχειν
1055 3849 1154 3919 τῆς
1184 3848 1440 3918 ἀληθείας
1458 3864 1472 3879 ’
1503 3847 1572 3901 τὰ
1598 3848 1656 3900 δὲ
1687 3851 1830 3901 κατά
1855 3849 1947 3902 τὸν

363 3937 544 4009 ἀληθῆ
577 3937 781 4009 Κύριον
820 3939 914 3990 καὶ
954 3939 1187 4008 Χριστὸν
1228 3937 1611 4007 πνευματικῶς
1655 3937 1947 4010 πεπληρῶ-

363 4031 492 4084 σθαι
511 4046 524 4060 ·
556 4030 632 4091 ὡς
664 4030 750 4081 ἐπ’
784 4028 946 4081 αὐτὸν
987 4029 1185 4099 μᾶλλον
1226 4028 1512 4098 ἀληθεύειν
1537 4029 1628 4081 τὸν
1665 4028 1823 4098 λόγον
1855 4031 1946 4084 τὸν

362 4123 658 4194 φήσαντα·
706 4140 723 4171 ι
779 4120 918 4174 Τάδε
972 4121 1119 4190 λέγει
1180 4120 1384 4190 Κύριος
1448 4119 1526 4190 τῷ
1577 4121 1783 4192 χριστῷ
1844 4139 1945 4193 μου

361 4213 556 4284 Κύρῳ.
580 4211 770 4266 »Κατά
808 4211 917 4284 γὰρ
947 4214 1046 4283 τὴν
1075 4211 1363 4284 πρόχειρον
1389 4210 1531 4277 λέξιν
1566 4211 1689 4264 οὕτε
1715 4211 1948 4284 Χριστὸς

364 4308 444 4363 ὢν
465 4307 560 4361 τοῦ
590 4308 725 4361 Θεοῦ
745 4309 992 4377 φαίνεται
1014 4309 1041 4361 ὁ
1067 4309 1292 4380 Περσῶν
1319 4307 1570 4378 βασιλεὺς
1590 4308 1948 4380 οἰκοδομήσας

361 4404 465 4473 τὴν
510 4402 902 4474 Ἰερουσαλήμο
947 4401 1063 4454 ἀλλ’
1101 4401 1220 4454 οὐδὲ
1269 4400 1405 4464 ὅλως
1445 4398 1586 4452 κατά
1631 4399 1727 4471 τὴν
1782 4400 1946 4454 αὐτοῦ

2048 3324 2178 3379 gras
2209 3306 2372 3360 urbes
2402 3302 2455 3356 in
2486 3315 2677 3355 manus
2700 3299 2818 3370 ejus
2853 3301 3062 3355 tradam
3093 3314 3110 3364 ;
3142 3298 3215 3352 ita
3246 3306 3305 3349 ut
3345 3293 3493 3349 nulla
3527 3293 3629 3361 ipsi

2047 3404 2389 3457 adversetur.

2121 3495 2285 3550 Vens.
2317 3494 2371 3550 2.
2431 3510 2452 3546 ι
2488 3494 2602 3564 Ego
2635 3497 2760 3545 ante
2797 3495 2848 3540 te
2892 3482 3004 3546 ibo,
3039 3489 3095 3535 et
3128 3485 3342 3533 montes
3386 3472 3630 3542 compla-

2049 3589 2191 3642 nabo
2215 3606 2229 3642 ε
2261 3593 2446 3655 portas
2475 3599 2647 3640 aereas
2675 3591 2980 3640 conteram,
3010 3583 3065 3628 et
3082 3580 3264 3628 vectes
3280 3570 3486 3624 ferreos
3508 3581 3634 3620 con-

2048 3679 2306 3748 fringam.
2334 3697 2355 3731 ι
2384 3677 2595 3732 Dixerit
2629 3673 2898 3745 quispiam
2927 3683 3012 3732 ea,
3047 3682 3169 3736 qum
3201 3675 3445 3733 tempore
3465 3660 3632 3714 Zoroo

2047 3771 2278 3836 babelis,
2324 3769 2410 3824 vel
2460 3768 2612 3840 Cyri,
2672 3764 2815 3836 quod
2869 3763 2935 3816 ad
2980 3758 3263 3814 historiam
3295 3763 3447 3827 gesta
3481 3761 3629 3814 sunt,

2049 3861 2314 3931 imagines
2342 3867 2397 3915 et
2422 3857 2665 3930 symbola
2719 3854 2968 3910 veritatis
2997 3851 3287 3919 complecti
3315 3865 3331 3916 ;
3375 3861 3497 3917 qua:
3535 3860 3631 3900 au-

2051 3963 2154 4008 tem
2203 3951 2270 4006 ad
2319 3950 2435 4005 veri
2499 3947 2709 4001 Domini
2743 3956 2797 4001 et
2838 3943 3043 3998 Christi
3091 3950 3307 4011 tempus
3357 3947 3629 4007 spectant,

2048 4043 2400 4115 spiritualiter
2449 4040 2671 4110 impleta
2723 4040 2928 4103 fuisse;
2967 4036 3038 4089 ita
3090 4042 3148 4088 ut
3191 4034 3245 4087 in
3299 4034 3417 4102 ipso
3459 4034 3632 4100 magis

2048 4152 2210 4193 verus
2262 4135 2699 4206 deprehendatur
2744 4144 2948 4194 sermo,
2999 4127 3090 4197 qui
3142 4127 3239 4189 ait,
3277 4143 3295 4174 ι
3335 4122 3457 4176 Haec
3499 4122 3632 4176 dicit

2051 4231 2311 4286 Dominus
2353 4227 2561 4282 (ιιι-ἰειο
2597 4240 2718 4280 meo
2753 4223 2917 4294 Cyro.
2953 4240 2971 4273 ι
3027 4218 3160 4273 Nam
3196 4215 3491 4271 secundum
3534 4214 3631 4265 oh-

2048 4325 2190 4379 viam
2212 4322 2528 4386 dictionem,
2570 4332 2744 4388 neque
2791 4316 3035 4372 christns
3086 4309 3179 4364 Dei
3227 4307 3442 4363 videtur
3465 4302 3632 4357 fuisse

2051 4417 2338 4472 Persarum
2378 4413 2468 4467 ille
2509 4427 2631 4476 rex,
2675 4409 2766 4479 qui
2817 4405 3252 4475 Hierosolymam
3303 4396 3629 4457 construxit,

366 4493 516 4563 ζωὴν
547 4491 823 4563 προύκοψε
863 4493 960 4563 τῆς
992 4492 1280 4563 οἰκοδομῆς
1324 4492 1385 4545 τὸ
1423 4491 1609 4563 ἔργον·
1657 4492 1815 4562 μόνον
1840 4491 1945 4565 γὰρ

2057 4522 2234 4580 neque
2267 4507 2557 4562 admodum
2589 4503 2706 4572 ipso
2737 4501 2955 4556 vivente
3004 4503 3311 4566 promotum
3350 4501 3433 4546 est
3463 4490 3633 4544 aedifi-

364 4583 602 4655 ῆρξαντο
649 4583 760 4636 τῶν
793 4583 1058 4654 θεμελίων
1108 4582 1248 4636 κατά
1289 4584 1416 4646 τοὺς
1459 4583 1658 4645 αὐτοὺς
1689 4583 1949 4653 χρόνους·

365 4672 468 4727 εἶτ’
503 4671 982 4743 ὲπισχεθέντοςτοῢ
1008 4671 1193 4742 ἔργου,
1222 4672 1488 4739 διέμεινεν
1514 4671 1719 4744 έρημος
1742 4675 1770 4725 6
1790 4672 1954 4736 τόπος

369 4767 533 4838 μέχρι
553 4767 651 4835 τῆς
683 4765 910 4836 Δαρείου
947 4763 1239 4834 βασιλείας.
1278 4765 1390 4817 Καὶ
1421 4763 1491 4818 τὰ
1523 4765 1651 4835 ἑξῆς
1685 4764 1743 4817 δὲ
1773 4766 1954 4818 ἐπιλε-

365 4856 575 4926 γόμενα
605 4854 804 4926 μᾶλλον
831 4854 909 4924 τῷ
936 4853 1155 4926 Χριστῷ
1177 4853 1210 4924 ἢ
1245 4854 1322 4925 τῷ
1346 4854 1456 4908 τῶν
1482 4855 1711 4927 Περσῶν
1741 4855 1953 4926 βασιλεί

364 4947 732 5017 ἐφαρμόσειεν
769 4945 868 4999 ἄν·
901 4946 997 5000 καὶ
1036 4945 1234 5017 μᾶλλον
1267 4945 1344 5016 τῷ
1383 4947 1634 5017 ήμετέρῳ
1677 4946 1946 5020 Σωτῆριῆ

363 5036 446 5109 τῷ
475 5038 542 5090 Ζο
550 5037 797 5108 ροϐἁϐελ.

450 5170 469 5202 ι
516 5151 627 5204 Καὶ
658 5149 814 5205 δώσω
853 5168 934 5204 σοι
975 5151 1281 5222 θησαυροὺς
1331 5152 1658 5218 σκοτεινοὺς,
1709 5154 1952 5228 ἀποκρύ-

366 5258 524 5311 φους,
560 5240 820 5311 ἀοράτους
861 5238 1055 5303 ἁνοίξω
1095 5255 1207 5291 σοι·
1243 5238 1331 5291 ἵνα
1374 5237 1536 5309 γνῷς,
1572 5239 1655 5293 ὃτι
1693 5240 1805 5310 ἐγὼ
1835 5239 1950 5292 Κύ-

369 5349 486 5406 ριος
525 5334 554 5384 6
591 5332 723 5395 Θεός
775 5348 904 5394 σου,
950 5334 979 5385 6
1030 5331 1211 5385 καλῶν
1252 5333 1313 5384 τὸ
1365 5331 1536 5402 ὕνομά
1584 5349 1698 5398 σου,
1748 5337 1776 5387 6
1817 5333 1949 5397 Θεὸς

380 5422 618 5494 Ἰσραήλ.
638 5423 860 5475 Ἕνεκεν
891 5422 986 5475 τοῦ
1021 5423 1207 5487 παιδός
1231 5442 1330 5493 μου
1359 5423 1575 5488 Ἰακὼϐ,
1608 5426 1698 5478 καὶ
1732 5426 1949 5499 Ἰσραὴλ

367 5513 466 5567 τοῦ
508 5512 763 5566 ὲκλεκτοῦ
812 5530 934 5582 μου,
967 5513 1078 5582 ἐγὼ
1105 5513 1321 5566 καλέσω
1361 5531 1422 5566 σε
1458 5513 1535 5585 τῷ
1572 5514 1794 5585 ὀνόματί
1822 5533 1946 5580 σου,

369 5607 469 5660 καὶ
503 5604 866 5678 προσδέξομαί
892 5623 982 5659 σε’
1014 5607 1078 5659 σὺ
1108 5606 1164 5658 δὲ
1201 5607 1302 5660 οὐκ
1334 5605 1504 5675 ἔγνως
1537 5624 1625 5677 με.
1660 5625 1678 5658 ι
1717 5607 1854 5672 Τούς
1891 5625 1951 5660 τε

294 5731 299 5734 -
370 5699 505 5751 εἴσω
553 5698 758 5752 τούτων
780 5697 1209 5768 ταμιευομένους
1243 5699 1568 5771 θησαυροὺς,
1600 5701 1823 5769 ἀφανεῖς
1857 5700 1951 5753 καὶ

375 5790 642 5862 ἀοράτους
672 5791 783 5852 τοῖς
813 5789 1099 5862 προτέροις
1143 5789 1418 5859 βασιλεῦσι
1445 5792 1786 5864 ηενομένους,
1818 5793 1948 5847 ἀνα-

2050 4602 2215 4664 cium,
2245 4599 2600 4653 fundamenta
2632 4594 2835 4665 quippe
2868 4601 3078 4648 tantum
3128 4587 3249 4658 ejus
3289 4599 3404 4641 aevo
3429 4598 3633 4653 ponere

2051 4701 2378 4763 coeperunt:
2417 4690 2632 4752 deinde,
2665 4685 2910 4742 cohibito
2967 4697 3152 4753 opere,
3190 4685 3440 4734 desertus
3485 4676 3634 4730 locus

2051 4784 2254 4839 mansit
2280 4797 2453 4851 usque
2483 4782 2548 4835 ad
2589 4779 2738 4833 Darii
2767 4791 3014 4847 regnum.
3054 4775 3184 4842 Quae
3214 4787 3343 4826 vero
3371 4773 3472 4824 sub
3518 4770 3634 4822 hmo

2051 4877 2319 4939 feruntur,
2347 4874 2566 4929 Christo
2599 4873 2779 4942 aptius
2813 4885 2975 4940 quam
3011 4868 3300 4921 Persarum
3333 4863 3446 4931 regi
3480 4876 3630 4917 com-

2054 4978 2283 5038 petant:
2315 4967 2597 5035 magisoue
2624 4963 2905 5020 Servatori
2938 4970 3147 5024 nostro,
3192 4974 3356 5028 quam
3391 4956 3632 5010 Zoroba-

2051 5060 2180 5115 beli.

2126 5152 2289 5208 Vsus.
2325 5154 2378 5208 5.
2431 5172 2450 5205 ι
2503 5151 2568 5205 Ει
2605 5151 2745 5206 dabo
2794 5149 2890 5205 tibi
2931 5150 3219 5204 thesauros
3264 5140 3629 5203 absconditos,

2051 5245 2304 5311 latentes,
2337 5245 2579 5301 occultos
2619 5243 2715 5297 tibi
2751 5244 2992 5312 aperiam
3020 5260 3035 5307 ;
3073 5250 3132 5295 ut
3161 5235 3630 5308 cognoscas,qnia

2054 5350 2155 5405 ego
2201 5335 2455 5391 Dominus
2491 5336 2629 5390 Deus
2682 5345 2825 5397 tuus,
2868 5335 2961 5403 qui
3018 5347 3154 5386 voco
3209 5343 3402 5384 nomen
3457 5337 3631 5391 tuum,

2057 5427 2449 5484 Deus'lsrael:
2497 5439 2721 5498 propter
2762 5443 2989 5497 puerum
3033 5439 3210 5478 meum
3234 5421 3422 5488 Jacob,
3463 5426 3518 5473 et
3552 5417 3630 5472 ls-

2056 5519 2167 5575 rael
2201 5520 2432 5574 electum
2473 5535 2675 5583 meum,
2707 5535 2808 5590 ego
2839 5518 3048 5573 vocabo
3085 5525 3138 5570 te
3174 5515 3394 5569 nomine
3440 5523 3555 5576 tuo,
3579 5521 3633 5566 et

2053 5612 2315 5680 accipiam
2345 5622 2416 5666 te.
2459 5610 2538 5665 Tu
2570 5622 2752 5666 autem
2789 5626 2896 5664 non
2935 5607 3237 5677 cognovisti
3272 5621 3378 5660 me.
3405 5623 3428 5658 ι
3485 5606 3629 5658 Intra

2053 5705 2216 5760 urbes
2242 5704 2550 5759 reconditos
2583 5705 2885 5767 thesauros,
2919 5704 3146 5754 latentes
3194 5699 3314 5756 illos
3354 5714 3409 5755 et
3459 5697 3632 5753 occul-

2055 5805 2158 5866 tos.
2194 5798 2436 5870 pristinis
2469 5796 2687 5865 regibus
2717 5793 3084 5856 absconditos,
3128 5793 3367 5876 aperiam
3392 5791 3520 5859 tibi;
3573 5800 3631 5843 ut
