4130 6392
292 337 402 393 415

1220 338 1720 396 COMMENTARIA
1758 339 1826 394 IN
1863 339 2120 395 ISAIAM.
2160 370 2229 380 —
2265 338 2414 394 CAP.
2457 336 2620 392 XLV.

3444 341 3547 394 4H

293 455 386 508 τὸν
423 451 565 506 νεὼν
602 454 696 507 καὶ
728 452 825 524 τήν
873 451 1044 518 πόλιν,
1077 454 1152 518 ὡς
1187 456 1355 527 πηλὸν
1385 456 1670 528 κεραμέως
1703 474 1876 528 μετα-

1990 454 2295 510 construxi:
2331 469 2451 524 qua:
2504 450 2630 506 olim
2684 451 2914 506 contrita
2953 451 3192 514 fuerant,
3230 465 3328 506 ceu
3374 452 3546 508 lutum

295 541 478 598 ϐαλὼν
503 542 601 597 καὶ
638 544 1084 615 ἀνανεωσάμενος
1113 546 1181 600 τὰ
1215 547 1382 600 πάλαι
1418 549 1872 620 συντετριμμένα.

372 651 393 686 ι
430 634 553 686 ’Ὁτι
571 631 715 686 οὕτω
737 632 884 700 λέγει
913 631 1115 704 Κύριος
1135 635 1162 686 6
1182 634 1334 700 Θεὸς,
1367 637 1395 689 6
1425 635 1616 704 ’Ἄγιος
1639 634 1874 706 Ἰσραὴλ,

291 727 323 780 6
359 724 594 796 ποίησας
627 723 696 776 τὰ
720 724 1060 795 ἐπερχόμενα
1082 743 1096 755 ο
1139 726 1482 798 Ἐρωτήσατέ
1515 745 1580 796 με
1616 726 1742 796 περὶ
1772 726 1879 779 τῶν

293 816 431 871 υίῶν
461 833 585 887 μου,
615 815 708 868 καὶ
737 817 864 888 περὶ
890 816 996 870 τῶν
1030 817 1204 889 ἔργων
1229 818 1336 870 τῶν
1358 817 1554 888 χειρῶν
1585 835 1685 887 μου
1713 817 1881 869 ἐντεί-

292 906 464 961 λασθέ
506 924 616 978 μοι.
657 926 674 957 ›
706 907 1052 960 Παιδευέσθω
1082 906 1370 980 τοιγαροῦν
1401 909 1508 972 πᾶς
1537 906 1821 979 ἅνθρωπος
1851 910 1880 961 6

291 1001 405 1057 ἀπὸ
432 1002 551 1072 ’γῆς
577 1000 802 1071 ληφθεὶς
855 999 946 1053 καὶ
1008 1000 1166 1070 σῶμα
1220 1000 1421 1068 γεῶδες
1475 994 1878 1069 περικείμενος,

293 1093 472 1164 πηλοῦ
514 1111 572 1147 τε
614 1093 780 1164 μηδὲν
817 1091 1088 1164 διαφέρων
1121 1091 1418 1163 παραθέσει
1459 1091 1552 1144 τοῦ
1598 1090 1881 1154 κτίσαντος

293 1185 482 1250 αὐτὸν,
517 1185 590 1256 μὴ
620 1183 824 1255 τολμᾷν
862 1187 982 1247 ταῖς
1016 1184 1109 1237 τοῦ
1142 1182 1277 1236 Θεοῦ
1310 1182 1636 1252 διοικήσεσιν
1669 1181 1880 1234 ἀντιλέ-

291 1295 434 1345 γειν,
469 1276 601 1347 μηδὲ
626 1274 1082 1347 καταμέμφεσθαι
1112 1275 1211 1344 τῆς
1234 1275 1487 1346 προνοίας
1510 1275 1636 1338 τοὺς
1668 1274 1877 1343 λόγους.

293 1367 492 1422 Πολλοὶ
525 1367 632 1439 γάρ
662 1368 798 1420 εἰσιν
832 1368 881 1419 οἱ
915 1367 1341 1437 φιλεγκλήμονες
1388 1366 1662 1420 αἰτιᾶσθαι
1699 1366 1883 1419 εἰωθό-

291 1477 387 1524 τες
411 1501 427 1526 ,
463 1459 575 1512 Καὶ
603 1458 655 1511 τί
688 1458 797 1529 γὰρ
814 1461 1105 1528 ἀναγκαῖον
1126 1454 1193 1530 ἦν
1213 1459 1312 1529 τὴν
1343 1457 1516 1530 ἀρχὴν
1547 1460 1626 1521 εἰς
1658 1458 1746 1511 τὸν
1769 1457 1881 1528 βίον

293 1551 618 1625 παρελθεῖνς
658 1550 936 1619 λέγοντες’
969 1549 1067 1603 Διά
1098 1549 1150 1603 τί
1193 1551 1250 1603 δὲ
1282 1550 1454 1602 ταῦτα
1505 1551 1700 1602 οὑτωσὶ
1740 1549 1885 1616 γίνε-

295 1663 428 1712 ται;
466 1645 531 1699 Τί
564 1645 621 1700 δὲ
667 1646 777 1698 τῶν
813 1643 1068 1698 τοιούτων
1101 1639 1168 1714 ἦν
1203 1643 1396 1715 χρεία;
1449 1642 1556 1696 ἔδει
1600 1642 1708 1713 γὰρ
1742 1642 1884 1694 οὕτω

293 1737 643 1809 γεγενῆσθαι.
679 1735 838 1789 Ἀλλὰ
861 1735 1069 1800 τούτοις
1093 1735 1376 1808 πρόκειται
1396 1735 1455 1787 τὺ
1477 1753 1495 1786 ι
1521 1735 1678 1789 Οὐαί.
1717 1735 1883 1805 Ἑρω-

293 1807 498 1902 τήσατέ
541 1845 608 1899 με
641 1828 770 1898 περὶ
816 1826 925 1883 τῶν
959 1829 1088 1880 υἱῶν
1121 1807 1245 1897 μου,
1283 1827 1377 1880 καὶ
1419 1827 1545 1896 περὶ
1570 1825 1676 1878 τῶν
1705 1825 1881 1896 ἔργων
1915 1807 1955 1861 Β

294 1921 406 1976 τῶν
444 1920 649 1992 χειρῶν
702 1936 804 1991 μου
847 1919 1155 1973 ὲντείλασθέ
1193 1937 1316 1990 μοι’
1360 1939 1379 1969 ι
1428 1919 1526 1989 τῆς
1571 1917 1666 1988 μὲν
1691 1917 1882 1986 νοερᾶς

295 2015 394 2068 καὶ
420 2013 649 2084 λογικῆς
675 2013 862 2076 ούσίας
889 2011 976 2065 διὰ
996 2012 1104 2064 τῶν
1138 2011 1269 2066 υἱῶν
1289 2011 1448 2083 δηλου
1457 2011 1624 2081 μένης
1641 2027 1654 2040 ·
1693 2009 1802 2061 τῶν
1825 2007 1882 2060 δὲ

294 2104 390 2159 τοῦ
418 2105 628 2175 κόσμου
661 2102 846 2175 μερῶν
882 2103 969 2156 διὰ
1000 2102 1108 2157 τῶν
1135 2102 1313 2174 ἔργων
1346 2102 1453 2155 τῶν
1487 2101 1686 2174 χειρῶν
1715 2100 1880 2154 αὐτοῦ

303 2196 750 2268 παρισταμένων.

385 2329 403 2362 ι
443 2308 583 2378 Ἐγὼ
610 2309 845 2380 ἐποίησα
865 2309 968 2379 γῆν
1002 2309 1097 2362 καὶ
1126 2306 1408 2378 ἄνθρωπον
1436 2309 1522 2359 επ·
1550 2307 1742 2377 αὐτῆς·
1772 2305 1885 2374 ἐγὼ

304 2403 377 2470 τῇ
414 2400 557 2471 χειρί
591 2417 684 2470 μου
715 2398 1024 2470 ἐστερέωσα
1049 2399 1139 2451 τὸν
1172 2398 1428 2470 οὐρανὸν,
1464 2397 1573 2467 ἐγὼ
1605 2399 1738 2450 πᾶσι
1772 2399 1886 2460 τοῖς

301 2491 531 2564 ἄστροις
551 2490 917 2561 ἐνετειλάμην.
953 2509 970 2542 ι
994 2489 1127 2542 Τίνα
1149 2485 1240 2542 οὖν
1264 2488 1374 2560 ἔχοι
1395 2487 1627 2541 ἐνταῦθα
1649 2487 1882 2558 μέμψιν;

299 2581 465 2635 Ποῖον
497 2580 554 2634 δὲ
584 2581 679 2651 οὐχ
717 2581 1003 2653 ὑπεραίρει
1039 2581 1254 2645 κάλλος,
1285 2580 1316 2650 ἢ
1349 2583 1499 2633 ποῖον
1529 2580 1590 2632 ού
1621 2580 1885 2632 καλύπτει

303 2669 567 2744 μέγεθος;
600 2672 664 2725 Τί
691 2672 748 2724 δὲ
779 2673 900 2743 οὐχὶ
924 2673 1281 2743 συμϐαλεῖται
1309 2673 1479 2726 ταῦτα
1523 2672 1658 2742 πρός
1691 2688 1755 2740 γε
1785 2671 1884 2742 τὴν

298 2762 400 2818 τοῦ
425 2764 691 2835 παρόντος
730 2764 999 2836 κόσμησιν
1045 2766 1140 2819 καὶ
1189 2766 1324 2836 πρὸς
1356 2765 1446 2818 τὸν
1480 2767 1537 2818 ὲν
1579 2763 1887 2835 ἀνθρώποις

306 2856 545 2930 βιωφελῆ
573 2856 720 2928 βίον;
749 2857 857 2929 Γῆν
891 2858 988 2928 μὲν
1023 2857 1132 2929 γὰρ
1159 2857 1389 2926 ἐποίησα
1417 2859 1517 2910 οὐκ
1543 2857 1766 2928 ἔρημον,
1801 2857 1891 2908 ού-

301 2949 364 3002 δὲ
391 2951 664 3022 ἄχρηστον
697 2953 959 3019 στοιχεῖον
981 2966 995 2979 '
1021 2950 1333 3022 οἰκητήριον
1359 2949 1414 3002 δὲ
1447 2948 1766 3020 ἀνθρώπων.
1798 2946 1888 2999 Διὸ

301 3044 401 3098 καὶ
425 3042 494 3097 τὰ
515 3040 681 3095 λοιπὰ
703 3040 819 3107 ζῶὰ
848 3059 907 3094 τε
937 3041 1030 3095 καὶ
1062 3041 1206 3111 φυτὰ
1231 3043 1310 3106 είς
1343 3044 1537 3113 χρῆσιν
1564 3041 1657 3093 καὶ
1687 3041 1892 3110 ὑπηρε-

1979 545 2150 616 ﬁguli,
2184 546 2249 598 ad
2282 544 2556 598 meliorem
2590 541 2820 596 formam
2853 542 3120 596 reducens
3149 550 3203 594 et
3248 557 3544 599 renovans.

2047 633 2209 689 Vsus.
2246 633 2326 687 ll.
2385 631 2692 698 «Quoniam
2753 631 2833 684 sic
2883 630 3016 686 dicit
3062 631 3328 685 Dominus
3383 631 3549 698 Deus,

1979 723 2210 779 Sanetus
2244 723 2429 790 Israel,
2468 725 2560 793 qui
2609 723 2739 777 fecit
2788 733 3016 778 ventura
3050 740 3064 778 :
3095 723 3434 794 lnterrogate
3467 740 3554 780 me

1979 817 2044 872 de
2074 818 2196 873 ﬁliis
2228 819 2382 885 meis,
2419 818 2553 872 etde
2569 818 2824 887 operibus
2849 833 3104 872 manuum
3138 834 3383 873 mearum
3414 835 3555 890 prae-

1979 911 2143 979 cipile
2211 912 2410 965 mihi.)
2466 910 2758 964 Erudiatur
2809 911 2990 979 itaque
3046 910 3224 981 quivis
3277 912 3438 967 homo
3486 911 3556 966 de

1981 1013 2123 1056 terra
2169 1014 2438 1072 sumptus,
2488 1011 2543 1056 et
2591 1011 2808 1058 terreno
2856 1003 3074 1058 indutus
3123 1019 3375 1074 corpore,
3417 1006 3556 1060 nihil

1979 1094 2232 1149 dill'erens
2255 1109 2284 1147 a
2316 1096 2425 1149 luto
2456 1095 2499 1149 si
2529 1110 2649 1148 cum
2686 1103 2938 1150 creatore
2961 1111 3057 1150 suo
3084 1108 3448 1165 comparetur,
3486 1112 3556 1153 ne

1981 1193 2174 1242 audeat
2203 1188 2294 1243 Dei
2331 1188 2720 1258 dispensationi
2761 1189 3166 1254 contradicere,
3212 1205 3387 1260 neque
3433 1206 3559 1261 pro-

1979 1280 2232 1334 videntia:
2264 1281 2530 1334 rationem
2577 1280 2818 1350 culpare.
2862 1279 2996 1335 Nam
3026 1283 3176 1336 multi
3208 1285 3422 1352 queruli
3456 1284 3558 1338 ho-

1982 1373 2154 1427 mines
2204 1381 2349 1438 sunt,
2388 1372 2477 1440 qui
2531 1372 2811 1426 criminari
2860 1383 2916 1427 et
2959 1386 3188 1442 arguere
3226 1374 3427 1428 audent
3475 1375 3560 1429 his

2273 1464 2412 1532 Quid
2469 1479 2696 1519 necesse
2745 1463 2846 1518 fuit
2892 1478 2922 1518 a
2970 1465 3236 1535 principio
3279 1466 3346 1519 ad
3394 1466 3559 1519 vitam

1985 1559 2264 1614 transire?
2294 1559 2402 1614 Cur
2432 1557 2549 1612 haec
2584 1557 2676 1611 tali
2708 1557 2871 1612 modo
2899 1557 3252 1612 conduntur?
3280 1555 3418 1623 Quid
3462 1557 3560 1610 huc

1979 1651 2213 1720 jusmodi
2269 1651 2430 1706 rebus
2489 1649 2668 1718 opus?
2723 1665 2846 1704 nam
2915 1649 3017 1704 hoc
3067 1649 3184 1702 ﬁeri
3235 1651 3394 1704 modo
3465 1663 3565 1717 par

1986 1756 2122 1800 erat.
2171 1745 2368 1798 Verum
2420 1743 2486 1797 ad
2535 1757 2630 1797 eos
2677 1753 2887 1811 spectat
2928 1742 3079 1805 illud,
3124 1759 3143 1793 ι
3171 1740 3283 1796 Vae.
3337 1741 3567 1795 Interro-

1982 1847 2105 1908 gate
2131 1851 2217 1892 me
2247 1837 2313 1890 de
2352 1835 2476 1889 (iliis
2502 1838 2657 1898 meis,
2691 1846 2746 1890 et
2775 1837 2842 1891 de
2863 1837 3118 1907 operibus
3149 1851 3405 1890 manuum
3443 1850 3558 1890 me-

1984 1947 2137 1985 arum
2173 1929 2450 1999 praecipite
2498 1929 2652 1983 mihi.
2683 1948 2701 1981 ›
2745 1928 3006 1984 Filiorum
3040 1929 3260 1983 nomine
3291 1927 3569 1983 intellectu

1984 2022 2210 2095 praadita
2275 2031 2330 2076 et
2388 2022 2734 2077 rationabilis
2803 2022 3110 2078 substantia
3183 2021 3566 2092 signiﬁcatur;

1983 2115 2238 2185 Operibus
2267 2124 2448 2169 autem
2477 2130 2730 2168 manuum
2764 2113 2882 2183 ejus
2909 2155 2922 2180 ,
2958 2114 3140 2169 mundi
3173 2123 3356 2184 partes
3387 2114 3570 2171 decla-

1987 2219 2194 2263 rantur.

2057 2301 2222 2356 Vens.
2258 2299 2346 2353 12.
2387 2299 2528 2367 «Ego
2562 2297 2661 2352 feci
2702 2310 2924 2362 terrain,
2970 2306 3025 2353 et
3067 2298 3340 2352 hominem
3375 2297 3427 2351 in
3459 2312 3522 2352 ea
3552 2316 3567 2353 :

1985 2409 2084 2464 ego
2117 2409 2280 2447 manu
2331 2408 2448 2446 mea
2483 2392 2690 2445 ﬁrmavi
2733 2392 2952 2453 cmlum,
2983 2406 3084 2461 ego
3130 2391 3384 2446 omnibus
3410 2392 3573 2446 astris

1986 2486 2260 2542 mandavi.
2294 2503 2314 2536 ι
2373 2485 2634 2552 Quaenam
2697 2484 2860 2556 igitur
2914 2485 3004 2538 hic
3057 2483 3312 2553 culpandi
3361 2483 3572 2538 causa?

1988 2579 2210 2647 Qualem
2250 2577 2707 2648 pulchritudinem
2755 2593 2859 2630 non
2915 2582 3159 2644 superat,
3217 2585 3311 2629 aut
3357 2575 3572 2644 qualem

1989 2671 2419 2742 magnitudinem
2477 2685 2581 2723 non
2633 2669 2810 2739 operit
2862 2675 2917 2723 et
2977 2668 3232 2723 excedit?
3290 2667 3573 2734 Quomodo

1989 2765 2105 2819 haec
2136 2779 2240 2817 non
2273 2762 2628 2818 conferantur
2661 2761 2726 2814 ad
2759 2761 3044 2830 praisentis
3086 2761 3267 2814 mundi
3300 2769 3571 2825 ornatum,

1990 2865 2045 2911 et
2076 2857 2142 2910 ad
2174 2855 2514 2910 commodam
2543 2853 2824 2908 hominum
2858 2853 3072 2906 vitam?
3115 2853 3341 2907 Terram
3375 2854 3575 2921 quippe

1991 2962 2096 3001 non
2133 2947 2404 3001 desertam
2440 2945 2698 3015 condidi,
2748 2959 2924 3014 neque
2978 2945 3168 2998 inutile
3203 2943 3572 3010 elementum;

1992 3039 2087 3094 sed
2114 3039 2168 3092 in
2197 3037 2526 3093 domicilium
2582 3037 2914 3092 hominibus.
2968 3037 3310 3106 Quapropter
3370 3036 3576 3105 reliqua

1983 1467 2162 1520 verbis
2209 1483 2221 1520 :

302 3133 429 3187 σίαν
461 3130 768 3204 ἀνθρώποις
811 3148 872 3184 τε
920 3130 1311 3202 παρεσκεύασα
1331 3147 1344 3160 ·
1399 3131 1626 3202 οὐρανόν
1651 3147 1710 3182 τε
1735 3131 1885 3182 ἐστε-

1993 3132 2269 3195 animalia,
2315 3139 2370 3185 et
2420 3130 2633 3201 plantas
2674 3131 2740 3185 ad
2778 3145 2936 3185 usum
2977 3141 3030 3184 et
3062 3129 3428 3183 ministerium
3478 3128 3577 3182 ho—

304 3222 512 3294 ρέωσα,
539 3223 820 3294 κοσμήσας
841 3222 1091 3293 ἄστροιςο
1133 3218 1214 3284 οἷς
1247 3222 1598 3292 ἐνετειλάμην
1628 3219 1889 3275 εὔτακτον

303 3315 401 3370 καὶ
426 3313 748 3385 ἐναρμόνιον
792 3313 1061 3367 ποιεῖσθαι
1113 3312 1209 3384 τὴν
1247 3314 1487 3384 κίνησιν·
1533 3314 1606 3376 ὡς
1635 3314 1756 3366 τοτὲ
1792 3313 1890 3383 μὲν

304 3404 523 3475 φαίνειν
567 3405 679 3467 τοῖς
717 3403 810 3456 ἐπὶ
836 3405 944 3473 σῆς
980 3405 1104 3473 γῆς,
1141 3403 1261 3456 τοτὲ
1293 3403 1346 3456 δὲ
1381 3399 1518 3455 εἶναι
1562 3405 1641 3465 εἰς
1668 3405 1886 3474 σημεῖα,

303 3495 404 3550 καὶ⁵
449 3495 531 3559 εἰς
571 3494 818 3566 καιροὺς,
868 3495 962 3547 καὶ
1012 3497 1092 3559 είς
1138 3495 1371 3568 ἡμέρας,
1409 3496 1504 3548 καὶ
1553 3495 1748 3566 μῆνας,
1796 3495 1892 3549 καὶ

304 3585 614 3649 ἐνιαυτούς.

389 3758 406 3790 ι
451 3739 593 3809 Ἐγὼ
636 3741 832 3812 ἤγειρα
879 3741 1040 3794 αὐτὸν
1084 3740 1222 3811 μετὰ
1262 3740 1609 3810 δικαιοσύνης
1647 3739 1890 3810 βασιλέα,

301 3830 408 3884 καὶ
435 3832 608 3884 πᾶσαι
648 3832 705 3884 al
743 3831 851 3884 ὁδοὶ
893 3831 1056 3884 αὑτοῦ
1096 3831 1319 3884 εὐθεῖαι.
1350 3823 1517 3892 Οῦτος
1549 3830 1893 3901 οἰκοδομήσει

300 3920 413 3994 τὴν
457 3922 610 3976 πόλιν
656 3940 780 3993 μου,
814 3923 909 3975 καὶ
949 3921 1047 3993 τὴν
1090 3922 1466 3993 αἰχμαλωσίαν
1502 3923 1595 3975 τοῦ
1633 3921 1762 3977 λαοῦ
1793 3941 1892 3993 μου

304 4011 654 4083 ἐπιστρέψει,
688 4011 748 4064 ού
784 4012 919 4081 μετὰ
941 4011 1170 4082 λύτρων,
1201 4011 1323 4064 οὐδὲ
1362 4013 1500 4082 μετὰ
1532 4011 1742 4081 δώρων,
1774 4007 1894 4064 εἷπε

301 4099 519 4171 Κύριος
551 4098 830 4153 Σαϐαὼθ.»
853 4099 988 4153 Τίνα
1012 4100 1069 4152 δὲ
1092 4099 1280 4154 τοῦτον
1307 4101 1340 4172 ἢ
1369 4103 1550 4169 ποῖον;
1588 4102 1644 4154 '0
1683 4100 1781 4172 μέν
1810 4119 1895 4166 τις

303 4193 434 4266 ἐρεῖ
452 4190 542 4244 τὸν
569 4189 677 4244 τῶν
700 4189 926 4261 Περσῶν
960 4189 1180 4260 βασιλέα
1218 4190 1421 4263 Κῦρον,
1453 4186 1514 4246 οῦ
1545 4191 1640 4245 καὶ
1670 4191 1758 4245 διὰ
1788 4191 1895 4244 τῶν

307 4281 628 4355 ἔμπροσθεν
677 4281 1083 4352 ἐμνημόνευσεν
1131 4283 1160 4334 ὁ
1206 4281 1398 4350 λόγος’
1433 4282 1509 4346 ὡς
1559 4283 1686 4355 περὶ
1730 4281 1894 4336 αὑτοῦ

307 4376 572 4444 λέγεσθαι
595 4375 677 4439 τὸ,
718 4393 737 4426 ι
770 4375 947 4428 Πᾶσαι
971 4375 1027 4428 αἱ
1047 4374 1156 4428 ὁδοὶ
1187 4375 1352 4428 αὑτοῦ
1386 4373 1609 4440 εὐθεῖαι,
1644 4395 1662 4427 ι
1689 4375 1722 4446 ἢ
1756 4374 1898 4429 κατὰ

1992 3226 2230 3281 minibus
2274 3223 2582 3294 apparavi:
2633 3223 2944 3293 cmluniqne
2994 3221 3247 3284 ﬁrmavi,
3300 3230 3353 3274 et
3405 3218 3578 3274 astris

1989 3317 2302 3374 exornavi:
2350 3318 2551 3388 quibus
2595 3317 2828 3387 praecepi
2861 3325 2920 3368 ut
2957 3313 3225 3368 concinno
3265 3320 3320 3365 et
3361 3313 3578 3364 harmo-

1992 3413 2116 3467 nico
2157 3420 2303 3465 motu
2345 3409 2743 3479 procederent;
2781 3421 2903 3461 cum
2945 3414 3006 3459 ut
3039 3413 3244 3459 terrain
3279 3399 3572 3456 incolenti-

1991 3505 2092 3560 bus
2117 3505 2382 3571 lucerent,
2416 3512 2528 3557 tum
2559 3509 2616 3555 ut
2641 3509 2821 3556 essent
2844 3501 2895 3555 in
2922 3500 3108 3568 signa,
3129 3497 3181 3550 in
3226 3505 3489 3562 tempora,
3521 3491 3574 3546 in

1994 3597 2130 3665 dies,
2167 3611 2382 3652 menses
2409 3603 2466 3650 et
2495 3607 2690 3650 annos.

2064 3755 2231 3809 Vens.
2262 3752 2348 3808 l5.
2387 3770 2404 3802 ι
2430 3751 2544 3820 Ego
2566 3749 2795 3805 excitavi
2823 3764 2945 3804 eum
2981 3763 3104 3804 cum
3129 3747 3341 3816 jnstitia
3373 3761 3575 3817 regem,

1994 3857 2048 3903 et
2087 3861 2278 3901 omnes
2318 3847 2418 3898 viae
2458 3843 2576 3911 ejus
2620 3852 2805 3898 rectae.
2848 3841 2950 3896 llic
2979 3842 3269 3896 azdilicabit
3300 3841 3577 3896 civitatem

1996 3954 2207 4002 meam,
2256 3945 2306 3991 et
2357 3936 2728 4004 captivitatem
2789 3933 2968 4004 papuli
3017 3935 3120 3988 mei
3166 3937 3427 3998 reducet,
3467 3948 3579 3987 non

1996 4033 2187 4102 pretio,
2241 4043 2420 4098 neque
2465 4026 2802 4092 muneribus,
2854 4025 2932 4079 ait
2974 4026 3232 4079 Dominus
3268 4023 3526 4078 Sabaoth.
3554 4041 3576 4075 ι

1995 4125 2164 4193 Quem
2211 4130 2302 4176 aut
2332 4119 2546 4190 qualem
2581 4117 2671 4173 hic
2713 4117 3017 4171 memorat?
3060 4115 3265 4186 Cyrum
3291 4114 3580 4168 Persarum

1999 4232 2217 4285 regem.
2278 4215 2422 4268 dicet
2469 4210 2738 4281 quispiam
2768 4248 2784 4274 ,
2832 4207 2988 4278 cujus
3043 4207 3096 4260 in
3149 4203 3583 4275 pmcedentibus

1999 4308 2278 4373 Illell'lillil;
2335 4307 2412 4360 ita
2459 4313 2519 4359 ut
2568 4308 2633 4358 de
2678 4300 2772 4356 illo
2823 4300 3140 4362 diceretur,
3198 4309 3433 4348 «omnes
3481 4293 3582 4346 via:

1999 4403 2115 4472 ejus
2155 4407 2396 4461 recta!”
2458 4397 2571 4451 sive
2619 4395 2914 4450 secundum
2969 4391 3398 4462 Symmachum,
3466 4403 3486 4436 α
3515 4384 3582 4439 Et

310 4469 408 4524 τὸν
435 4467 750 4539 Σύμμαχον,
787 4485 805 4517 ι
838 4466 948 4520 Καὶ
976 4466 1154 4530 πάσας
1182 4467 1279 4530 τὰς
1302 4467 1452 4530 ὁδοὺς
1481 4467 1645 4520 αὐτοῦ
1669 4466 1890 4521 εὐθυνῶ.

2002 4466 2189 4552 omnes
2230 4493 2345 4547 vias
2393 4489 2512 4561 ejus
2561 4496 2736 4544 rectas
2775 4486 2994 4542 faciam.
3041 4484 3110 4538 Et
3161 4483 3248 4537 hic
3287 4480 3581 4536 aadilieabit

311 4561 432 4616 Kal.
457 4555 610 4623 οὗτος
630 4559 972 4629 οἰκοδομήσει
998 4558 1096 4629 τὴν
1124 4559 1279 4612 πόλιν
1315 4577 1436 4631 μου.
1472 4578 1490 4611 ι
1525 4559 1760 4630 Δυνάμει
1787 4559 1896 4631 γὰρ

313 4652 482 4714 αὐτὸς
513 4647 581 4722 ἦν
613 4652 642 4704 ὁ
677 4650 775 4721 τὴν
809 4649 964 4703 πόλιν
995 4649 1356 4721 οἰκοδομήσας
1383 4650 1480 4721 τὴν
1522 4649 1894 4720 Ἰερουσαλὴμ,

313 4744 406 4797 διὰ
435 4742 530 4796 τοῦ
567 4742 966 4812 συγχωρεῖσθαι
997 4743 1109 4804 τοῖς
1135 4740 1406 4795 ἐθέλουσιν
1427 4743 1633 4796 ἀνιέναι
1664 4743 1771 4795 ἀπὸ
1799 4745 1900 4813 τῆς

317 4833 658 4897 Βαϐυλῶνος,
691 4833 784 4886 καὶ
814 4832 1120 4905 ἀνεγείρειν
1147 4833 1236 4885 τὸν
1257 4834 1439 4887 τόπον.
1463 4834 1632 4888 Τοῦτο
1659 4834 1899 4905 ἐπλήρου

313 4925 462 4982 κατὰ
510 4926 609 4996 τὴν
666 4925 907 4995 ἱστορίαν
962 4927 990 4978 6
1044 4921 1304 4993 δηλωθεὶς
1347 4923 1572 4994 Περσῶν
1625 4921 1895 4994 βασιλεύς.

319 5017 519 5081 ’Ἄλλος
543 5016 587 5070 δ’
622 5016 688 5071 ἂν
711 5016 855 5070 εἴποι
886 5014 1060 5070 ταῦτα
1092 5014 1344 5082 λέγεσθαι
1378 5017 1505 5086 περὶ⁵
1535 5015 1628 5068 τοῦ
1662 5014 1900 5085 Ζοροϐά-

319 5110 438 5176 ϐελ,
460 5109 540 5172 ὃς,
566 5108 676 5164 ἀπὸ
701 5107 794 5161 τοῦ
831 5107 1109 5179 βασιλικοῦ
1149 5107 1338 5175 γένους
1364 5106 1704 5178 ὁρμώμενος,
1735 5103 1803 5178 ἦν
1836 5108 1902 5160 ἐκ

321 5202 498 5275 φυλῆς
521 5200 694 5255 Ἰούδα
725 5201 820 5254 καὶ
847 5201 948 5271 τῆς
983 5199 1076 5253 τοῦ
1103 5198 1265 5252 Δαυτδ
1295 5197 1564 5268 διαδοχῆς.
1613 5196 1772 5251 Ἀλλὰ
1804 5197 1899 5250 καὶ

320 5294 424 5366 τήν
470 5291 580 5345 τῶν
620 5289 810 5362 ψυχῶν
840 5289 1215 5362 αἰχμαλωσίαν
1244 5288 1404 5361 μόνος
1451 5290 1480 5340 6
1517 5288 1751 5359 Χριστὸς
1797 5287 1902 5340 άπ-

320 5383 578 5458 έστρεψε,
602 5385 700 5456 τῆς
727 5384 1047 5454 δαιμονικῆς
1066 5383 1270 5454 πλάνης
1288 5380 1656 5452 ἐλευθερώσας
1678 5381 1771 5434 καὶ
1789 5381 1902 5434 δου-

319 5476 474 5538 λείας
493 5492 506 5506 ·
549 5475 644 5529 καὶ
680 5472 838 5528 τοῦτο
865 5473 1100 5544 ἔπραξεν
1131 5474 1192 5527 οὐ
1232 5474 1370 5544 μετὰ
1394 5471 1625 5544 λύτρων,
1653 5472 1774 5525 οὐδὲ
1806 5489 1902 5542 με-

320 5562 392 5615 τὰ
431 5560 649 5632 δώρωνο
700 5562 728 5614 ὂ
767 5561 828 5618 δὴ
860 5563 954 5615 καὶ
988 5562 1230 5616 διδάσκει
1272 5563 1300 5614 ὀ
1339 5560 1660 5623 Ἀπόστολος
1697 5559 1896 5616 εἰπών’

331 5671 354 5704 ε
388 5652 587 5724 Χάριτί
612 5654 736 5706 ἐστε
768 5652 1119 5723 σεσωσμένοι.
1163 5672 1182 5705 ι

402 5761 425 5794 ι
454 5741 611 5800 υῦτω
646 5741 795 5811 λέγει
832 5741 1033 5814 Κύριος
1075 5739 1338 5797 Σαϐαὼθ·
1385 5743 1702 5797 Ἑκοπίασεν
1732 5741 1897 5810 Αἴγυ-

1999 4591 2272 4644 civitatem
2307 4601 2503 4641 meam.
2533 4603 2552 4638 ι
2602 4583 2736 4637 Nam
2770 4582 2859 4637 hic
2890 4581 3120 4652 quadam
3153 4578 3362 4632 ratione
3391 4575 3581 4631 civita-

2000 4691 2104 4738 tem
2129 4679 2554 4748 Hierosolymam
2585 4677 2901 4740 azdilicavit,
2937 4673 3058 4743 quia
3085 4672 3350 4726 volentem
3393 4684 3581 4738 quem-

2001 4791 2106 4845 que
2148 4772 2420 4843 permisit,
2474 4768 2745 4840 Babylone
2803 4765 3114 4836 proficisci,
3165 4774 3218 4818 et
3268 4764 3440 4817 locum
3493 4778 3580 4816 re-

2000 4878 2270 4922 staurare.
2289 4863 2435 4928 Hazc,
2461 4861 2756 4916 secundum
2791 4859 3097 4922 historiam,
3127 4862 3459 4910 memoratus
3487 4868 3580 4906 rex

1996 4957 2294 5014 Persarum
2349 4953 2614 5022 implevit.
2668 4951 2820 5005 Alius
2871 4966 3002 5005 vero
3045 4949 3311 5018 quispiam
3362 4945 3578 5010 dixerit,

2005 5052 2123 5106 hzec
2163 5051 2227 5103 de
2259 5045 2592 5103 Zorobabele
2624 5044 2752 5110 dici,
2785 5045 2874 5113 qui
2919 5059 2984 5097 ex
3021 5044 3166 5112 regia
3197 5041 3366 5109 stirpe
3397 5038 3581 5090 oriun-

2007 5144 2128 5208 dus,
2160 5157 2225 5196 cx
2265 5141 2405 5194 tribu
2441 5138 2576 5194 Juda
2620 5146 2674 5191 et
2709 5151 2774 5190 ex
2817 5135 3165 5190 successione
3192 5131 3409 5186 Davidis
3438 5137 3576 5182 erat.

2004 5235 2117 5291 lino
2166 5248 2296 5290 vero
2349 5233 2497 5288 solus
2543 5230 2794 5285 Christus
2850 5229 3153 5282 animarum
3215 5221 3578 5291 captivitatem

2006 5328 2241 5388 reduxit,
2305 5337 2468 5396 atque
2519 5340 2548 5377 a
2608 5323 2914 5377 dzemonum
2977 5332 3164 5374 errore
3217 5312 3582 5378 servituteqne

2005 5419 2260 5475 liberavit
2298 5438 2311 5472 :
2358 5419 2520 5487 idque
2552 5415 2704 5478 fecit,
2749 5430 2854 5468 non
2902 5411 3077 5483 pretio
3121 5423 3186 5460 ac
3229 5403 3579 5458 muneribus-

2007 5511 2151 5582 quod
2190 5511 2357 5565 etiam
2400 5513 2558 5565 docet
2591 5507 2900 5577 Apostolus,
2935 5505 3153 5559 dicens:
3176 5518 3194 5550 ι
3221 5497 3408 5553 Gratia
3447 5495 3581 5549 salvi

2011 5603 2137 5658 facti
2170 5604 2323 5658 estis.
2355 5622 2374 5656 ›
3367 5609 3371 5614 ·

2081 5736 2248 5795 Vens.
2277 5737 2363 5794 14.
2397 5756 2414 5793 ι
2447 5736 2536 5793 Sic
2579 5737 2709 5793 dicit
2745 5732 3003 5790 Dominus
3035 5729 3270 5786 Sabaoth
3303 5744 3312 5779 :
3344 5722 3582 5778 Labora-
