4130 6384
343 366 437 422 ΔΠ

1258 362 1757 420 (ΣΟΜΜΕΝΤΑΒΙΛ
1796 364 1864 419 lN
1904 366 2160 421 lSAlAM.
2198 400 2261 409 —
2308 369 2462 425 CAP.
2504 370 2666 427 XLV.

3482 383 3585 437 H8

341 483 512 543 τοῦτο,
555 481 706 551 φησὶ,
758 482 879 543 τοῦς
929 482 1163 552 ἐμαυτοῦ
1217 483 1409 553 λόγους
1446 487 1543 539 οὐκ
1589 485 1747 538 εἰάσα
1780 486 1881 557 κρύ

2017 487 2286 556 homines,
2329 492 2433 545 mei
2476 501 2633 556 sunt;
2685 494 2827 561 ideo,
2878 496 3072 566 tnquit,
3112 498 3274 552 verba
3316 514 3432 555 mea
3481 520 3586 557 nou

340 573 583 636 πτεσθαι,
617 572 725 624 οὐδ’
758 572 946 642 ῶσπερ
977 574 1033 625 ἐν
1065 575 1237 646 σκότῳ
1266 576 1625 640 λανθάνοντας
1649 594 1660 606 ·
1696 579 1775 641 εἰς
1802 596 1906 645 φα-

340 666 491 739 νερὸν
522 665 577 718 δέ
598 663 843 733 ἀγαγὼν,
868 667 1030 718 πᾶσιν
1060 667 1307 737 ἥπλωσα,
1344 669 1419 731 ώς
1442 671 1606 721 πᾶσιν
1640 669 1816 722 ἔθνεσι
1848 672 1907 721 τὸ

341 760 600 828 σωτήριον
628 757 962 828 κηρυχθῆναι
986 758 1330 827 Εὐαγγέλιον.
1369 761 1627 832 Ἀντικρυ
1652 761 1707 814 δέ
1736 760 1906 814 ταῦτα

341 850 479 921 μόνῳ
506 847 581 919 τῷ
606 848 945 919 εὐαγγελικῷ
980 850 1207 919 ἁρμόζοι
1232 850 1298 903 ἂν
1328 850 1658 922 κηρύγματι.
1694 852 1773 905 Τὰ
1797 852 1905 923 γὰρ

339 940 613 1003 Μωῦσέως
641 940 799 1008 λόγια
819 942 972 1004 εἴτις
993 941 1261 1005 ἐξετάζειν
1286 942 1476 1005 ἐθέλοι,
1508 943 1655 1014 εὖροι
1682 945 1747 998 ἂν
1767 945 1905 998 αύτά

336 1025 511 1096 κρυφῆ
540 1025 734 1095 λελαλη
745 1024 879 1095 μένα
899 1042 912 1055 ο
937 1025 1148 1098 γλώττῃ
1177 1027 1274 1097 μὲν
1312 1027 1571 1098 Ἐϐραΐδι,
1590 1030 1905 1102 χαρακτῆρ-

338 1118 472 1170 σιδέ
514 1116 776 1180 ίδιάζουσι
820 1118 915 1170 καὶ
960 1116 1033 1188 μὴ
1062 1118 1477 1189 γνωριζομένοις
1524 1119 1675 1191 παρά
1718 1123 1899 1175 πᾶσιν.

344 1208 499 1260 Ἀλλά
529 1208 625 1260 καὶ
654 1207 709 1260 εἴ
734 1225 817 1270 τις
846 1209 1143 1279 ἐννοήσοιεν
1166 1211 1220 1260 ἐν
1246 1209 1373 1281 ποίᾳ
1394 1211 1583 1281 ἐρήμῳ
1609 1212 1699 1264 καὶ
1718 1212 1902 1283 ἀϐάτῳ

336 1299 423 1352 καὶ
456 1298 669 1369 ἀνύδρῳ
704 1299 733 1350 ό
764 1298 1038 1360 Μωῦσέως
1068 1298 1283 1369 ἐξεδόθη
1314 1302 1493 1370 νόμος,
1532 1302 1681 1373 εῦροι
1712 1303 1776 1356 ἂν
1807 1306 1903 1357 αύ-

329 1392 417 1445 τὸν
478 1391 536 1442 ἐν
591 1390 744 1459 τόπῳ
802 1390 905 1459 γῆς
946 1389 1203 1460 σκοτεινῷ
1257 1390 1635 1461 λελαλημένον.
1684 1394 1757 1446 Οὐ
1796 1396 1901 1465 μὴν

333 1482 522 1552 ὁμοίως
557 1482 652 1533 καὶ
712 1481 772 1533 τὺ
818 1480 1144 1548 Εὐαγγέλιον
1187 1480 1277 1533 τοῦ
1315 1482 1569 1551 Χριστοῦ.
1622 1502 1640 1535 ι
1676 1485 1769 1547 Εἰς
1798 1487 1898 1539 πᾶ-

333 1590 423 1626 σαν
459 1591 476 1622 ι
516 1570 648 1639 γοῦν
683 1590 699 1621 ι
731 1570 826 1641 τὴν
859 1570 962 1638 γῆν
1014 1569 1233 1640 ἐξῆλθεν
1286 1571 1314 1622 ὁ
1361 1571 1594 1641 φθόγγος
1623 1575 1731 1628 τῶν
1767 1576 1901 1629 ἀπο-

332 1664 521 1717 στόλων
558 1662 744 1725 αὐτοῦ,
780 1662 876 1715 καὶ
917 1664 995 1725 εὶς
1025 1663 1093 1715 τά
1116 1663 1326 1732 πέρατα
1357 1665 1454 1734 τῆς
1483 1666 1804 1737 οἰκουμένης
1832 1666 1898 1720 τὰ

333 1756 543 1826 ῥήματα
560 1753 758 1807 αὐτῶν.
786 1774 803 1804 ι
828 1753 1063 1824 Παντοίᾳ
1086 1754 1141 1806 δέ
1173 1756 1265 1807 καὶ
1291 1755 1525 1827 γλώττῃ,
1553 1761 1701 1828 πάσῃ
1724 1762 1895 1830 φωνῇ,

2012 580 2220 635 occulta
2285 598 2459 652 neque
2523 584 2577 637 in
2648 587 2887 643 tenebris
2933 589 3152 644 latentia
3205 591 3452 663 reliqui:
3492 596 3587 651 sed

2014 672 2192 740 palam
2245 673 2498 741 eil'erens,
2537 679 2787 733 omnibus
2841 690 2965 735 nota
3020 681 3169 748 feci;
3217 685 3291 738 ita
3339 696 3396 739 ut
3444 689 3591 741 salu-

2014 771 2127 819 tare
2169 765 2521 838 Evangelium
2571 770 2824 826 omnibus
2880 774 3132 843 gentibus
3180 777 3586 845 praedicaretur.

2013 853 2137 911 Haec
2180 874 2333 923 sane,
2381 871 2440 915 ut
2488 862 2663 932 palam
2706 875 2809 931 est,
2844 868 3170 936 evangelicae
3213 872 3585 939 prmdicationi

2012 957 2221 1005 tantum
2258 957 2603 1012 conveniant.
2648 956 2781 1012 Nam
2805 959 3003 1030 Moysis
3029 962 3238 1032 eloquia
3267 965 3309 1018 si
3345 966 3466 1034 quis
3493 981 3589 1020 ex-

2010 1044 2244 1111 pendere
2277 1048 2426 1112 velit,
2475 1063 2537 1102 ea
2571 1050 2781 1105 occulte
2816 1053 3025 1120 prolata
3059 1054 3450 1123 deprehendat,
3486 1057 3586 1111 He—

2012 1136 2192 1191 braica
2224 1138 2433 1195 scilicet
2481 1140 2702 1211 lingua,
2753 1145 3164 1201 characteribus
3215 1150 3467 1217 prepriis,
3500 1164 3588 1205 ne-

2008 1242 2114 1295 que
2157 1230 2300 1297 apud
2335 1246 2527 1287 omnes
2572 1236 2825 1303 cognitis.
2876 1236 3181 1303 Quinetiam
3214 1240 3258 1294 si
3299 1241 3425 1308 quis
3470 1257 3587 1309 per-

2009 1319 2207 1384 pendat
2247 1336 2351 1387 qua
2400 1322 2452 1375 in
2497 1323 2813 1392 solitudine,
2855 1343 3014 1396 quam
3059 1329 3200 1382 invia
3235 1342 3288 1383 et
3323 1331 3580 1400 inaquosa

2006 1407 2090 1461 lex
2122 1408 2317 1480 Moysis
2362 1413 2561 1466 tradita
2614 1413 2795 1482 fuerit,
2852 1419 3010 1484 plane
3073 1421 3311 1474 inveniat
3351 1436 3471 1475 eam
3524 1423 3577 1476 in

2006 1499 2126 1554 loco
2172 1509 2329 1556 terrae
2377 1505 2662 1560 tenebroso
2707 1511 3107 1576 pronuntiatam
3143 1510 3329 1565 fuisse.
3377 1512 3445 1565 At
3472 1528 3577 1567 nou

2007 1590 2125 1660 pari
2180 1594 2339 1647 modo
2389 1594 2738 1663 Evangelium
2766 1597 2964 1653 Christi
2996 1618 3010 1654 :
3044 1617 3168 1654 nam
3219 1621 3237 1652 (
3268 1602 3319 1656 in
3364 1618 3579 1658 onmem

2009 1691 2207 1737 terram
2241 1684 2410 1738 exivit
2454 1699 2619 1740 sonus
2653 1688 3020 1756 apostolorum
3058 1689 3212 1757 ejus,
3255 1702 3311 1745 et
3359 1694 3409 1747 in
3447 1694 3581 1749 lines

2011 1777 2158 1830 orbis
2194 1786 2349 1830 terrae
2381 1777 2545 1831 verba
2583 1793 2769 1833 eorum
2792 1780 2859 1834 ⁸ο.
2888 1800 2906 1831 ι
2954 1781 3217 1837 Omnibus
3261 1793 3441 1839 autem
3476 1784 3581 1838 lin-

330 1847 664 1917 χαρακτῆρσί
705 1863 764 1898 τε
806 1848 918 1907 τοῖς
954 1845 1073 1898 καθ’
1106 1846 1333 1900 ἕκαστον
1366 1848 1516 1913 ἔθνος
1545 1851 1891 1922 παραδέδοται

2013 1868 2153 1935 guis,
2196 1870 2340 1923 omni
2392 1884 2545 1934 voce,
2593 1870 3037 1942 characterisque
3076 1875 3409 1943 singularum
3454 1892 3581 1947 gen-

329 1940 401 2002 εἰς
432 1938 751 2003 ἐξάκουστον
777 1939 907 2013 πᾶσι
933 1940 1045 2001 τοῖς
1063 1938 1288 1993 ἔθνεσιν.

400 2138 418 2172 ι
455 2119 761 2190 Συνάχθητε
803 2120 897 2173 καὶ
940 2120 1129 2190 ἥκετε·
1161 2117 1517 2188 βουλεύσασθε
1552 2118 1687 2188 ἅμα,
1714 2118 1762 2171 οἰ
1790 2134 1894 2169 σω-

338 2211 533 2281 ζόμενοι
570 2211 674 2263 ἀπὸ
702 2210 807 2263 τῶν
831 2210 1017 2264 ἐθνῶν.
1051 2210 1164 2263 Ούκ
1188 2210 1429 2279 ἔγνωσαν
1468 2212 1517 2263 οἱ
1561 2198 1806 2281 αἴροντες
1833 2209 1895 2261 τὸ

344 2297 480 2361 ξύλον
526 2298 747 2369 γλύμμα
789 2300 987 2363 αὐτῶν,
1039 2301 1134 2352 καὶ
1192 2301 1239 2352 oi
1291 2301 1712 2371 προσευχόμενοι
1758 2299 1893 2370 πρὸς

342 2390 504 2453 θεοὺς,
531 2390 579 2442 οἳ
605 2392 661 2443 ού
688 2390 968 2456 σώζουσιν.
990 2393 1050 2445 Ei
1067 2392 1474 2461 ἀναγγελοῦσιν,
1498 2393 1890 2460 ἐγγισάτωσαν,

337 2480 418 2533 ἵνα
444 2482 634 2549 γνῶσιν
655 2481 788 2553 άμα.
824 2502 842 2534 ›
880 2482 1135 2554 Πρώτους
1161 2484 1257 2553 μὲν
1285 2483 1413 2555 γὰρ,
1441 2485 1624 2554 φησὶν,
1652 2483 1891 2547 ἐκείνους

328 2570 730 2643 ἁνεκαλεσάμην
771 2572 858 2626 διὰ
888 2573 981 2625 τοῦ
1010 2574 1364 2642 εὐαγγελικοῦ
1393 2574 1773 2645 κηρύγματος,
1800 2576 1892 2628 καὶ¹

327 2659 554 2731 πρώτοις
580 2662 764 2726 αὐτοῖς
786 2663 883 2735 τὴν
909 2664 1183 2735 βασιλείαν
1214 2665 1321 2718 τῶν
1352 2665 1593 2737 οὐρανῶν
1628 2666 1892 2736 ἐπηγγει-

320 2749 510 2823 λάμην,
554 2752 739 2825 ὥσπερ
785 2756 1007 2825 μισθοὺς
1048 2758 1149 2827 τῆς
1189 2758 1266 2821 εἰς
1300 2756 1398 2826 ἐμὲ
1440 2755 1676 2820 πίστεως
1708 2758 1891 2821 αὐτοῖς

316 2841 762 2916 ὑπισχνούμενον,
801 2847 936 2919 πρὸς
986 2848 1047 2901 τὸ
1086 2848 1159 2919 μὴ
1193 2848 1409 2918 νομίσαι
1432 2848 1627 2913 αὐτοὺς
1657 2849 1748 2901 ἐπὶ
1782 2867 1889 2920 μα-

315 2936 439 3007 ταίῳ
478 2937 766 2993 θεοσεϐεἰν.
799 2939 889 2991 Διὸ
917 2939 1010 2993 καὶ
1038 2940 1183 3011 ζωὴν
1210 2938 1424 2993 αἰώνιον
1452 2940 1886 3012 ἐπηγγειλάμην,

307 3028 392 3079 καὶ
434 3028 628 3097 ἀγαθὰ
682 3049 701 3080 ι
744 3029 779 3083 ἃ
819 3029 1094 3100 ὀφθαλμὸς
1134 3032 1234 3083 οὐκ
1280 3027 1405 3096 εἶδε,
1448 3050 1465 3082 t
1505 3032 1599 3083 καὶ
1633 3031 1701 3084 τὰ
1738 3030 1884 3101 ἑξῆς.

316 3119 471 3173 Ἐπεί
505 3120 559 3173 δὲ
607 3120 738 3185 Θεός
777 3124 887 3190 εἰμι
920 3121 1090 3174 λαλῶν
1122 3121 1462 3193 δικαιοσύνην
1496 3125 1588 3176 καὶ
1620 3122 1886 3191 ἀναγγέλ-

302 3211 401 3266 λων
431 3214 723 3284 όιληθειαν,
768 3214 907 3267 κατὰ
940 3215 1030 3267 τὸν
1062 3214 1161 3285 τῆς
1195 3214 1537 3284 δικαιοσύνης
1563 3214 1738 3282 λόγον,
1773 3215 1889 3284 μετ’
1919 3215 1960 3273 C

300 3303 549 3367 ἐκείνους
586 3306 793 3368 πάντας
826 3304 1146 3376 ἀνθρώπους
1182 3305 1318 3376 πρὸς
1356 3306 1588 3376 ἐμαυτὸν
1626 3306 1889 3359 ἀνεκαλε-

300 3394 488 3466 σάμην
508 3413 522 3425 ο
554 3397 647 3450 καὶ
684 3396 928 3449 ἐντεῦθεν
958 3396 1059 3466 ἤδη
1088 3398 1198 3458 τοῖς
1223 3397 1354 3448 πᾶσι
1388 3394 1640 3466 κηρύττω
1680 3396 1853 3463 λέγων
1872 3413 1886 3427 ⁸

304 3503 321 3536 ι
358 3486 677 3558 Συνὰχθητε
723 3489 816 3541 καὶ
850 3488 1035 3558 ἥκετε,
1070 3485 1427 3557 βουλεύσασθε
1460 3486 1596 3556 ἅμα,
1637 3489 1686 3540 οἱ
1720 3486 1889 3551 σωζό-

302 3593 452 3645 μενοι
493 3580 599 3631 ἀπὸ
622 3579 729 3632 τῶν
760 3578 946 3632 ἐθνῶν.
986 3597 1005 3629 t
1049 3579 1212 3649 Ὁρᾷς
1263 3577 1409 3640 ὅπως
1459 3579 1586 3640 τοὺς
1642 3578 1750 3632 ἀπὸ
1779 3562 1897 3631 τῶν

299 3671 476 3725 ἐθνῶν
531 3670 885 3741 βουλομένους
944 3669 1210 3734 σώζεσθαι
1256 3668 1662 3739 προσκαλεῖται.
1716 3687 1735 3721 ι
1794 3669 1890 3733 Τίς

298 3764 543 3818 ἀκουστά
566 3764 783 3832 ἐποίησε
814 3761 987 3813 ταῦτα
1027 3762 1121 3813 ἀπ’
1155 3759 1367 3831 ἀρχῆς,
1406 3777 1424 3810 ι
1449 3757 1747 3826 γνώσονται
1781 3758 1890 3831 γὰρ

298 3857 470 3925 ἐγγὺς
511 3856 793 3924 γενόμενοι
833 3852 922 3905 τὸν
957 3850 1209 3922 ἀληθινὸν
1242 3850 1395 3911 Θεὸν,
1432 3845 1491 3903 οῦ
1527 3850 1668 3920 μέγα
1693 3850 1889 3921 δεῖγμα

296 3948 398 4015 τῆς
435 3945 687 4013 θεότητος
724 3942 819 3995 τοῦ
852 3942 1222 4013 προφητεῦσαι
1269 3939 1443 3993 ταῦτα
1477 3940 1564 3993 διά
1597 3940 1706 3994 τῶν
1740 3941 1889 4011 ἐμῶν

296 4034 620 4107 προφητῶν,
662 4035 756 4086 καὶ
796 4034 857 4086 τὸ
892 4033 986 4086 ἀπ’
1023 4032 1196 4103 ἀρχῆς
1227 4030 1559 4098 ἀπαγγεῖλαι
1602 4031 1775 4083 ταῦτα
1808 4033 1888 4095 είς

294 4126 397 4190 τὰς
431 4126 597 4187 ἀκοὰς
620 4128 651 4197 ἡ
663 4125 795 4195 μῶν.
829 4143 848 4174 ι
884 4124 1017 4176 Τότε
1048 4123 1322 4194 ἀνηγγέλη
1356 4122 1501 4192 ὑμῖν,
1520 4122 1708 4191 Ἐγὼὸ
1733 4123 1884 4189 Θεὸς,

294 4219 393 4272 καὶ
429 4219 529 4271 οὐκ
560 4218 705 4271 ἐστιν
737 4217 894 4280 ἄλλος
937 4215 1075 4287 πλὴν
1109 4215 1263 4286 ἐμοῦ.
1305 4234 1322 4265 ι
1358 4213 1600 4282 Παγίδας
1642 4215 1887 4279 ἱστάντες

292 4315 408 4375 τοῖς
452 4313 543 4365 ἐπὶ
580 4312 681 4382 τῆς
706 4311 810 4381 γῆς
840 4313 888 4363 οἱ
918 4310 1187 4380 ἀλιτήριοι
1216 4308 1469 4377 δαίμονες
1488 4350 1502 4372 ,
1532 4308 1602 4361 τὰ
1629 4310 1727 4380 τῆς
1761 4311 1888 4362 ἐαυ-

293 4406 404 4459 τῶν
426 4406 637 4475 ἀπάτης
669 4406 1006 4475 ἐργαστήρια
1027 4405 1343 4473 συγκροτεῖν
1373 4400 1723 4465 ἐσπούδαζον,
1755 4403 1887 4455 ὑπο-

294 4502 606 4573 κρινόμενοι
644 4501 738 4553 καὶ
766 4499 826 4552 τὸ
857 4498 1054 4551 εἰδέναι
1085 4497 1153 4550 τὰ
1186 4494 1444 4566 μέλλοντα
1478 4494 1571 4547 καὶ
1609 4495 1885 4563 ἀπαγγέλ-

293 4590 410 4643 λειν
448 4591 585 4644 αὐτὰ
623 4589 881 4642 δύνασθαι
918 4590 1028 4651 τοῖς
1050 4587 1289 4639 ἐθέλουσι
1325 4585 1536 4655 μαθεῖν,
1576 4586 1736 4656 μέχρι
1763 4604 1881 4639 και-

298 4685 393 4755 ροῦ
432 4684 834 4737 διατετελέκασι
884 4681 1338 4752 συναρπάζοντες.
1386 4683 1705 4752 Χρηστήρια
1753 4680 1882 4746 γοῦν

297 4776 440 4828 κατά
489 4791 549 4826 τε
589 4773 768 4835 πόλεις
830 4772 923 4824 καὶ
973 4772 1177 4841 χώρας,
1216 4770 1627 4841 ψευδόμαντεῖαί
1661 4787 1719 4822 τε
1741 4766 1881 4840 ἦσαν

299 4866 574 4937 πανταχοῦ
610 4867 700 4918 καὶ
732 4864 1097 4935 κληδονισμοὶ,
1131 4865 1224 4915 καὶ
1264 4864 1670 4934 νεκυομάντεις,
1712 4864 1804 4916 καὶ
1833 4864 1881 4916 οἱ

296 4958 599 5024 φωνοῦντες
633 4960 695 5008 ἐκ
722 4956 846 5025 γῆς,
876 4952 1304 5024 ἐγγλστρίμυθοί
1334 4971 1393 5005 τε
1429 4955 1522 5006 καὶ
1550 4954 1881 5024 ἀλφιτομάν-

295 5066 427 5113 τεις,
453 5052 545 5103 καὶ
569 5047 899 5112 ἁπαξαπλῶς
923 5046 1169 5116 ψευστῶν
1192 5047 1285 5098 καὶ
1307 5047 1554 5115 φενάκων
1580 5047 1720 5117 ὑφ’
1742 5047 1878 5117 ἡλίῳ

296 5141 638 5211 πεπλήρωτο.
700 5159 718 5189 ε
773 5140 988 5201 Δίκαιος
1047 5138 1138 5191 καὶ
1190 5137 1371 5208 σωτὴρ
1416 5138 1515 5190 οὐκ
1562 5138 1675 5190 ἔστι
1704 5136 1878 5210 παρὲξ

295 5233 449 5302 ἐμοῦ.
484 5255 500 5285 ι
554 5233 845 5286 Ἐθέσπισα
876 5234 929 5285 δέ
956 5234 1049 5285 καὶ
1080 5234 1355 5302 προεῖπον,
1390 5232 1511 5282 ἐπεὶ
1569 5230 1775 5292 δίκαιός
1804 5231 1875 5282 εἰ·

297 5342 356 5393 μι
395 5330 489 5379 καὶ
522 5326 734 5395 Σωτὴρ,
789 5325 977 5395 διόπερ
1024 5323 1163 5376 κατά
1202 5322 1292 5375 τὸν
1342 5322 1433 5374 τοῦ
1472 5321 1679 5374 δικαίου
1719 5322 1876 5390 λόγον

297 5413 474 5466 πάντα
530 5411 599 5465 τὰ
644 5412 769 5483 ἔθνη
815 5412 964 5465 καλῶ
1004 5415 1084 5475 εἰς
1118 5411 1213 5483 τὴν
1247 5413 1375 5484 παρ’
1416 5412 1537 5481 ἐμοὶ
1580 5411 1871 5482 σωτηρίαν.

306 5502 463 5573 Ὁρᾷς
498 5506 645 5566 ὅπως
681 5504 963 5556 καθολικὸν
991 5504 1052 5556 τὸ
1077 5505 1335 5574 κήρυγμα
1377 5506 1508 5556 πᾶσι
1548 5507 1661 5566 τοῖς
1699 5502 1877 5557 ἔθνεσι

295 5597 684 5665 καταγγέλλει;
730 5596 816 5649 Ἐν
848 5596 1058 5661 τούτοις
1093 5593 1151 5649 εὖ
1198 5597 1344 5667 μάλα
1376 5598 1475 5668 τῆς
1522 5596 1609 5651 διὰ
1639 5595 1876 5650 Χοιστοῦ

365 5799 408 5830 ⁸ο
438 5800 579 5856 Psal.
618 5817 775 5867 xvm,
938 5801 978 5831 θ’
1006 5800 1022 5855 l
1051 5799 1177 5855 Cor.
1213 5815 1271 5865 ιι,
1305 5799 1357 5853 9.

2013 1952 2145 2007 tium
2181 1954 2431 2009 traditum
2465 1968 2571 2023 est,
2603 1967 2665 2011 ut
2706 1959 2759 2014 in
2782 1962 3018 2015 omnium
3050 1964 3288 2031 gentium
3334 1966 3575 2020 auditum

2001 2046 2228 2100 veniret.

2077 2136 2236 2192 Vens.
2268 2138 2454 2203 21,22.
2496 2158 2515 2192 ι
2549 2140 2964 2212 Congregamini
2990 2153 3044 2198 et
3066 2146 3244 2200 venite
3272 2162 3286 2198 :
3312 2147 3579 2204 consulite

2002 2228 2189 2295 simul,
2243 2232 2340 2300 qui
2398 2232 2683 2287 salvamini
2731 2235 2797 2289 de
2840 2237 3110 2305 gentibus.
3157 2235 3274 2291 Non
3311 2255 3579 2310 cognove-

2005 2330 2154 2385 runt,
2192 2322 2287 2390 qui
2330 2332 2550 2391 portant
2580 2323 2783 2393 lignum
2813 2325 3147 2396 sculpturam
3185 2343 3360 2394 suam,
3399 2339 3453 2384 et
3481 2332 3574 2399 qui

2001 2421 2300 2479 precantur
2332 2415 2461 2468 deos
2513 2429 2619 2469 non
2655 2416 2955 2474 salvantes.
3001 2418 3057 2471 Si
3094 2420 3449 2487 annuntient,
3484 2437 3578 2475 ac-

1998 2502 2214 2566 cedant,
2268 2513 2327 2557 ut
2378 2515 2714 2574 cognoscant
2760 2508 2939 2562 simul.
2979 2527 2997 2559 »
3030 2510 3263 2575 Etenim,
3300 2512 3407 2576 ait,
3460 2512 3575 2581 pri-

2002 2608 2150 2646 mum
2185 2593 2308 2649 illos
2336 2610 2435 2663 per
2456 2598 2826 2667 evangelicam
2868 2601 3309 2669 praedicationem
3358 2605 3572 2669 vocavi,

1999 2684 2241 2753 ipsisque
2287 2687 2479 2755 primis
2539 2704 2765 2759 regnum
2810 2691 3071 2745 caalorum
3117 2694 3377 2762 promisi,
3418 2697 3571 2764 quasi

1998 2774 2050 2830 in
2082 2778 2393 2853 mercedem
2432 2794 2621 2834 eorum
2668 2796 2797 2852 erga
2854 2797 2940 2837 me
2991 2782 3112 2837 fidei
3154 2784 3463 2853 pollicitus;
3514 2796 3575 2841 ut

1997 2882 2065 2922 ne
2097 2878 2287 2937 putent
2309 2886 2367 2925 se
2395 2869 2594 2926 frustra
2627 2873 2768 2942 piam
2801 2874 3114 2944 religionem
3146 2878 3371 2930 sectari.
3395 2878 3575 2944 Quare

1997 2962 2165 3017 vitam
2201 2973 2458 3018 aeternam
2491 2968 2737 3036 promisi,
2768 2979 2822 3023 et
2850 2969 2990 3023 bona
3023 2988 3042 3021 ι
3075 2985 3195 3039 qute
3229 2970 3421 3025 oculus
3463 2985 3570 3024 non

1996 3070 2136 3124 vidit
2159 3069 2227 3133 ‘1,
2274 3088 2293 3121 ι
2338 3080 2391 3124 et
2421 3079 2638 3126 castera.
2670 3072 2936 3139 Quoniam
2999 3090 3129 3129 vero
3162 3074 3301 3130 Deus
3343 3090 3463 3130 sum
3495 3075 3576 3129 lo-

1996 3190 2170 3244 quens
2192 3176 2484 3246 justitiam,
2518 3184 2572 3231 et
2598 3179 2929 3234 annuntians
2960 3181 3272 3247 veritatem,
3306 3195 3403 3250 pro
3426 3181 3570 3250 aaqui

1993 3291 2049 3337 et
2081 3282 2208 3337 boni
2259 3284 2493 3351 ratione,
2535 3294 2657 3353 pOSt
2702 3284 2823 3339 illos
2860 3286 3147 3340 universos
3190 3289 3355 3341 etiam
3398 3288 3575 3343 bomi—

1993 3400 2090 3440 nes
2131 3386 2198 3440 ad
2259 3402 2345 3441 me
2396 3386 2626 3452 vocavi;
2689 3399 2744 3442 et
2798 3388 2908 3456 jam
2972 3390 3095 3443 hinc
3138 3391 3390 3446 omnibus
3431 3406 3572 3460 prae-

1992 3485 2114 3540 dico
2158 3502 2175 3540 :
2236 3502 2254 3536 (
2298 3485 2713 3555 Congregamini
2783 3498 2838 3541 et
2902 3489 3121 3547 venite,
3169 3490 3437 3546 consulite
3490 3491 3570 3545 si-

1992 3575 2125 3638 mul,
2185 3578 2278 3644 qui
2339 3576 2624 3631 salvamiui
2687 3576 2753 3631 de
2794 3579 3062 3647 gentibus.
3103 3598 3121 3631 ι
3181 3578 3570 3649 Viden’,quo-

1992 3668 2154 3721 modo
2187 3668 2310 3721 illos
2348 3682 2413 3722 ex
2450 3667 2725 3737 gentibus,
2768 3670 2858 3737 qui
2907 3669 3133 3723 salutem
3167 3682 3445 3741 excptent,
3474 3674 3570 3727 ad-

1993 3758 2190 3812 vocet?
2222 3776 2240 3808 ‹
2289 3757 2422 3823 Quis
2460 3762 2640 3814 audita
2690 3760 2818 3815 fecit
2861 3761 2974 3813 hmc
3019 3759 3086 3813 ab
3129 3761 3326 3816 initio?
3362 3782 3380 3814 ι
3430 3763 3565 3818 Cum

1989 3853 2135 3906 enim
2178 3851 2334 3921 juxta
2377 3853 2729 3917 accesserint,
2772 3867 2959 3906 verum
3013 3854 3181 3907 Deum
3213 3864 3565 3925 cognoscent,

1989 3944 2145 4013 cujus
2178 3943 2398 3997 deitatis
2432 3957 2687 4013 magnum
2725 3954 3103 4010 argumentum
3133 3942 3263 3997 illud
3311 3951 3394 3997 est
3422 3946 3565 4012 quod

1989 4037 2103 4090 haec
2135 4052 2233 4105 per
2281 4035 2571 4104 prophetas
2615 4049 2743 4090 suos
2794 4036 3205 4104 prmnuntiarit,
3243 4044 3298 4088 et
3343 4036 3412 4090 ab
3459 4035 3565 4089 ini-

1990 4128 2065 4179 tio
2106 4126 2158 4179 id
2199 4126 2264 4179 ad
2306 4140 2468 4179 aures
2515 4135 2733 4178 nostras
2786 4122 3169 4176 declaraverit.
3213 4140 3231 4171 ε
3269 4121 3423 4177 Tunc
3468 4136 3567 4174 an-

1989 4220 2297 4273 nuntiatum
2346 4226 2432 4271 est
2468 4216 2642 4281 vobis,
2689 4216 2799 4285 Ego
2848 4213 3021 4279 Deus,
3052 4222 3108 4267 et
3151 4228 3255 4267 non
3310 4220 3394 4266 est
3427 4212 3565 4266 alius

1986 4321 2188 4380 prater
2216 4323 2326 4365 me.
2361 4328 2379 4360 ι
2409 4308 2478 4363 lis
2510 4309 2600 4377 qui
2639 4308 2692 4360 in
2730 4318 2873 4361 terra
2906 4314 3030 4358 sunt
3059 4305 3283 4371 laqueos
3308 4312 3567 4372 parantes

1987 4402 2259 4457 daemones
2286 4402 2532 4471 maligni,
2565 4400 2768 4452 fraudis
2793 4397 3129 4465 fallaciarque
3154 4411 3265 4450 sua:
3293 4393 3561 4449 olIicinam

1988 4495 2281 4549 admovere
2312 4493 2653 4562 satagebant,
2705 4505 2765 4545 se
2804 4489 2985 4543 futura
3040 4502 3198 4542 nosse
3243 4486 3563 4541 simulantes

1986 4602 2049 4642 ac
2086 4601 2245 4656 posse
2277 4600 2338 4639 se
2391 4585 2476 4638 illa
2528 4582 2818 4637 enuntiare
2855 4581 2941 4644 iis,
2968 4579 3059 4649 qui
3097 4578 3339 4632 ediscere
3372 4576 3559 4641 velint,

1986 4691 2137 4734 certo
2189 4689 2429 4747 tempore
2476 4676 2675 4729 multos
2718 4673 2841 4728 dolo
2891 4674 3390 4727 circumvenerunt.
3424 4667 3559 4721 Nam

1986 4774 2037 4827 in
2081 4772 2303 4825 urbibus
2335 4779 2388 4824 et
2425 4769 2736 4834 regionibus
2763 4766 3004 4831 oracula,
3035 4763 3400 4818 divinatiOnes
3430 4761 3558 4815 item

1986 4864 2153 4923 falsm,
2190 4862 2395 4929 ubique
2434 4868 2613 4920 erant,
2650 4858 3035 4919 ominationes,
3073 4862 3469 4915 necromantes,
3506 4861 3561 4903 et

1981 4954 2072 5023 qui
2108 4967 2174 5005 ex
2207 4963 2352 5006 terra
2391 4950 2771 5019 loquebantur,
2803 4948 3223 5019 engastrimythi
3254 4988 3269 5013 ,
3321 4946 3562 5013 alphito-

1985 5055 2215 5108 mantes,
2257 5045 2372 5098 sive
2414 5045 2503 5113 qui
2536 5059 2565 5097 e
2594 5043 2788 5097 farinis
2819 5042 3281 5105 vaticinabantur,
3312 5048 3475 5105 atque
3502 5045 3561 5090 ut

1982 5137 2293 5190 summatim
2328 5136 2528 5198 dicam,
2582 5134 2935 5189 mendacibus
2972 5142 3027 5188 et
3059 5130 3446 5201 impostoribns
3481 5143 3558 5179 rt:-

1982 5227 2235 5297 plebatur
2280 5226 2452 5281 orbis.
2501 5245 2518 5277 ι
2553 5224 2741 5281 Justus
2786 5235 2838 5279 et
2883 5224 3120 5277 salvator
3159 5237 3262 5275 non
3302 5228 3387 5273 est
3423 5233 3558 5284 prac-

1981 5330 2065 5375 ter
2104 5335 2209 5374 me.
2252 5339 2270 5371 ι
2307 5318 2647 5373 Vaticinatus
2678 5334 2795 5371 sum
2830 5326 2882 5370 et
2911 5315 3159 5384 pratdixi,
3192 5310 3449 5380 quoniam
3473 5309 3556 5377 ju-

1979 5422 2097 5466 stus
2123 5421 2178 5465 et
2207 5410 2459 5465 Salvator
2504 5425 2644 5474 sum,
2676 5409 2799 5463 ideo
2824 5407 3119 5461 secundum
3153 5399 3426 5468 aequitatis
3467 5414 3555 5452 ra-

1978 5504 2179 5559 tionem
2214 5518 2402 5558 omnes
2442 5513 2629 5573 gentes
2681 5501 2747 5555 ad
2786 5512 2928 5561 eam,
2963 5511 3083 5566 quae
3121 5508 3287 5564 penes
3319 5507 3404 5546 me
3444 5502 3549 5554 est,

1979 5595 2209 5652 salutem
2256 5608 2447 5652 evoco.
2505 5591 2690 5648 Viden‘
2742 5587 3014 5661 quomodo
3045 5598 3387 5640 communem
3424 5596 3551 5653 geu-
