4130 6376
552 352 659 409 419

547 751 684 796 terra
713 757 808 811 per
837 745 998 801 ﬁdem
1031 749 1082 804 in
1114 767 1260 817 eum,
1291 756 1358 810 ad
1389 759 1622 816 salutem
1651 774 1708 820 et
1737 768 1926 835 vitam,
1960 775 2114 842 quasi

543 848 741 903 sagena
783 848 964 905 capta,
1002 841 1234 898 deducta
1269 857 1375 903 est.

612 923 772 979 Vrsas.
803 924 894 992 εδ,
949 929 1038 985 24.
1076 951 1094 983 ι
1147 933 1250 989 Per
1280 943 1659 1012 memetipsum
1702 948 1851 1018 juro,
1906 953 1962 1009 Si
2007 972 2111 1012 non

536 1014 854 1080 egrediatur
895 1019 962 1075 de
993 1036 1089 1077 ore
1117 1039 1238 1080 meo
1268 1028 1481 1097 justitia
1509 1052 1522 1088 :
1555 1051 1836 1096 sermones
1867 1047 1969 1099 mei
2004 1063 2111 1103 non

536 1114 877 1165 avertentur.
927 1130 947 1163 ι
994 1113 1095 1181 Qui
1155 1132 1466 1186 sermones.
1521 1129 1624 1183 nisi
1667 1135 1818 1200 queis
1857 1137 2107 1208 dicebat,

539 1210 560 1245 ι
604 1195 996 1257 Convertimini
1029 1207 1095 1260 ad
1129 1223 1233 1273 me,
1272 1223 1327 1266 et
1371 1216 1738 1290 salvabimini,
1784 1228 1875 1294 qui
1911 1230 1978 1285 ab
2015 1246 2108 1286 ex-

536 1293 708 1341 tremo
752 1296 915 1346 terra:
962 1297 1137 1351 estis:
1197 1303 1323 1370 quia
1383 1309 1514 1363 mihi
1577 1317 1894 1373 curvabitur
1946 1337 2108 1380 omne

531 1389 704 1446 genu,
750 1389 805 1435 et
840 1381 1046 1452 jurabit
1093 1394 1270 1448 omnis
1317 1395 1494 1462 lingua
1546 1417 1644 1470 per
1687 1405 1892 1463 Deum:
1943 1431 1961 1464 ι
1999 1429 2104 1469 non

530 1465 839 1528 Judaeorum
879 1484 1108 1546 tantum,
1147 1485 1242 1539 sed
1282 1487 1446 1542 etiam
1479 1493 1810 1565 reliquarum
1840 1505 2103 1572 gentium,

527 1573 637 1630 quo
668 1563 802 1618 nihil
834 1565 1047 1626 beatius
1088 1573 1269 1630 fuerit.
1320 1563 1613 1653 I-Iujusque
1632 1563 1927 1660 prophetiae
1953 1611 2102 1652 com-

527 1649 855 1717 plementum
907 1657 962 1712 in
1003 1661 1205 1720 Christi
1255 1649 1470 1726 Domini
1511 1649 1755 1734 adventu
1805 1682 1928 1740 fuit.
1973 1687 2102 1744 Post

524 1740 676 1796 illum
708 1747 874 1813 enim,
917 1755 1101 1822 populi
1132 1772 1322 1814 omnes
1366 1763 1418 1817 in
1455 1765 1570 1836 ejus
1612 1769 1859 1829 Ecclesia
1897 1792 1994 1846 per
2027 1790 2100 1834 to-

519 2119 712 2165 verunt
754 2112 806 2167 in
847 2119 1100 2176 omnibus
1129 2127 1400 2195 gentibus,
1432 2135 1624 2201 quavis
1665 2137 1847 2210 lingua
1895 2151 1946 2197 et
1973 2158 2092 2199 ser-

519 2213 718 2268 mone,
751 2205 867 2262 sive
915 2209 1168 2283 barbaro,
1223 2220 1336 2277 sive
1391 2222 1600 2292 Graeco,
1659 2230 1714 2284 in
1765 2232 2092 2300 juramentis

516 2304 603 2346 me
649 2293 700 2347 in
754 2305 941 2355 testem
1000 2319 1298 2377 assument,
1359 2317 1448 2384 qui
1500 2334 1686 2376 eorum
1733 2326 1890 2383 dictis
1926 2329 2084 2387 ﬁdem

523 2379 743 2441 faciam.

583 2580 745 2639 Vens.
777 2586 868 2642 ΞΒ.
913 2607 932 2640 ι
964 2589 1182 2660 Dicens,
1210 2597 1423 2656 Justitia
1461 2614 1515 2659 et
1538 2606 1707 2676 gloria
1747 2612 1813 2666 ad
1840 2629 1963 2669 eum
1995 2634 2084 2674 ve-

508 2668 691 2739 niem,
734 2683 787 2728 et
821 2679 1224 2740 confundentur
1279 2704 1470 2748 omnes
1510 2697 1601 2764 qui
1641 2713 1894 2770 separant
1943 2721 2023 2761 se.
2057 2727 2075 2760 ι

505 2759 704 2819 Omnes
732 2767 1008 2825 hominum
1035 2777 1263 2834 virtutes
1292 2783 1454 2838 talem
1484 2791 1864 2848 nancisceutur
1886 2796 2074 2854 linetn:

505 2860 560 2904 et
595 2855 772 2910 omnis
809 2856 1068 2916 fortitudo
1109 2865 1386 2924 hominum
1409 2913 1424 2936 ,
1468 2877 1556 2942 qui
1589 2894 1686 2947 pro
1723 2883 1920 2949 pietate
1953 2901 2079 2941 con-

503 2955 884 3013 certaverunt,
946 2954 1012 3006 ad
1064 2956 1238 3025 ipsum
1298 2967 1562 3020 accedet:
1615 2979 1776 3040 atque
1830 2984 1959 3031 tunc
2001 2979 2074 3034 illi

504 3033 738 3090 fructum
775 3037 1042 3106 laborum,
1094 3055 1148 3099 et
1199 3051 1418 3106 virtutis
1463 3061 1742 3126 premium
1782 3067 2072 3136 accipient.

573 3122 738 3183 Vens.
773 3127 863 3182 26.
903 3149 922 3182 ι
956 3133 998 3184 Α
1032 3122 1750 3217 Dominojustilicabuutur,
1781 3167 1834 3210 et
1865 3122 1917 3212 in

498 3212 897 3284 gloriﬁcabitur
919 3237 1081 3281 omne
1106 3242 1291 3285 semen
1322 3233 1554 3291 ﬁliorum
1588 3239 1768 3296 Israel.
1809 3264 1828 3297 ι
1858 3247 1922 3303 Ει
1949 3252 2071 3308 vide

502 3304 658 3372 mihi,
689 3323 896 3376 quaeso,
935 3319 1205 3374 sermonis
1246 3337 1559 3382 accuratam
1607 3333 1912 3394 rationem:
1962 3359 2067 3398 non

493 3396 638 3450 enim
672 3415 691 3448 ι
721 3397 906 3469 Israel,
955 3423 974 3456 ι
1021 3407 1189 3476 dixit,
1245 3428 1455 3484 neque,
1508 3436 1528 3470 ι
1583 3436 1764 3481 semen
1796 3426 2004 3501 Israel;
2042 3453 2061 3486 ι

493 3487 590 3541 sed
624 3501 805 3544 semen
843 3493 1077 3551 ﬁliorum
1112 3499 1298 3558 Israel.
1330 3505 1450 3562 Filii
1486 3525 1649 3579 porro
1691 3514 1858 3575 Israel
1907 3487 2067 3580 erant

491 3579 652 3646 primi
691 3583 952 3644 salutaris
984 3589 1259 3663 Evangelii
1287 3611 1584 3671 praecones,
1615 3623 1847 3678 quorum
1875 3629 2061 3671 semen

488 3678 545 3720 et
576 3676 978 3732 successionem
1027 3680 1237 3749 justitia
1273 3697 1326 3744 et
1380 3691 1548 3762 gloria
1590 3676 1893 3758 donandam
1942 3722 2063 3764 esse

1047 3863 1280 3926 CAPUT
1322 3871 1504 3934 XLVI.

565 3945 722 4004 νῆες.
765 3953 819 4009 I.
866 3971 884 4006 ι
919 3954 1124 4014 Cecidit
1164 3962 1280 4032 Bel,
1313 3972 1577 4027 contritus
1605 3987 1687 4031 est
1719 3979 1920 4051 Dagon.
1957 3984 2057 4041 Fa-

484 4046 568 4090 cta
602 4051 730 4095 sunt
775 4046 1050 4116 sculptilia
1099 4067 1284 4110 eorum
1328 4060 1384 4114 in
1436 4061 1638 4122 bestias
1670 4079 1726 4125 et
1763 4074 1814 4126 in
1840 4074 2056 4141 jumen-

487 4138 564 4186 ta.
595 4151 615 4183 ι
655 4132 747 4190 Bel
780 4136 981 4194 idolum
1013 4155 1153 4212 erat,
1203 4151 1284 4203 sic
1331 4167 1359 4205 a
1394 4151 1597 4213 Graecis
1642 4162 1868 4232 dictum,
1898 4183 2048 4223 eum-

485 4221 632 4288 dem,
661 4233 721 4280 ut
748 4228 920 4297 aiunt,
946 4247 1106 4302 quem
1136 4239 1240 4308 ipsi
1272 4239 1560 4301 Saturnum
1585 4221 1868 4324 appellant,
1893 4274 2051 4330 quem

485 4320 639 4369 tanta
675 4320 976 4379 stoliditate
1007 4337 1222 4387 veteres
1249 4335 1522 4405 colebant,
1557 4351 1614 4427 ut
1641 4345 1741 4416 ipsi
1767 4352 2048 4410 carissima

485 4403 583 4427 ,ιιι-ε
619 4407 705 4427 Ξ---ν
751 4411 762 4427 ¹
910 4424 917 4427 -

483 4403 586 4458 sibi
613 4407 944 4481 jugularent,
981 4433 1047 4474 ac
1079 4436 1365 4483 sexcentas
1400 4431 1535 4488 alias
1565 4407 1853 4497 \hominum
1895 4438 2049 4503 vieti-

1229 364 1496 424 EUSEBII
1533 372 2008 437 CIESARIENSIS
2045 384 2198 444 OPP.
2240 388 2417 446 I’AIIS
2455 393 2545 450 III.
2586 428 2655 437 —
2693 398 3102 464 EXEGETICA.

553 469 695 522 tibus
743 473 996 527 onmibus
1045 477 1486 543 prmdicationem
1543 492 1872 546 annuntiet?
1920 495 1974 550 In
2011 513 2069 566 qu

553 557 599 578 _,
658 575 699 578 ν,
746 561 803 578 η,
1127 568 1138 578 .
1415 575 1424 578 -
1514 576 1542 578 μ

2170 506 2191 560 ι
2221 502 2439 574 χάριτος
2465 510 2666 564 κατίδοι
2700 531 2783 578 τις
2811 516 2876 570 ἂν

549 557 706 625 plane
743 561 942 617 Christi
995 568 1192 634 gratiae
1247 575 1671 640 magnitudinem
1724 584 1948 652 videas,
1999 605 2119 658 qua:
2219 597 2346 660 τοὺς
2394 599 2554 665 ὄντας

550 651 617 703 ad
665 666 854 708 omnes
907 657 1202 725 terrigenas
1250 668 1551 730 pervadat:
1617 675 1816 728 atenim
1869 680 2116 735 universa

3695 422 3803 479 420

2907 518 2967 570 τὸ
2992 520 3239 590 μέγεθος,
3271 527 3351 591 είς
3384 531 3592 597 πάντας
3614 534 3801 608 διῆκον

2616 605 2706 657 ἐπὶ
2746 607 2846 678 τῆς
2901 613 3034 680 γῆς·
3105 618 3494 690 σεσαγήνευται
3547 624 3656 698 γὰρ
3688 605 3800 687 ’διὰ

2221 689 2456 755 πίστεως
2486 693 2582 764 τῆς
2607 697 2687 760 είς
2708 699 2871 754 αὐτὸν
2903 703 2984 766 είς
3019 689 3403 779 σωτηρίανκαὶ
3430 689 3634 789 ζωὴν
3659 720 3802 795 σύμ-

2217 796 2366 832 πασα
2394 798 2486 852 γη.

2289 995 2307 1026 ‹
2344 977 2478 1032 Κατ’
2499 983 2735 1052 ἐμαυτοῦ
2767 988 2971 1058 ὀμνύω,
3014 995 3077 1048 Εἰ
3116 997 3189 1070 μὴ
3215 999 3555 1067 ἐξελεύσεται
3593 1008 3659 1061 ἐκ
3693 1009 3794 1065 τοῦ

2213 1067 2480 1138 στόματός
2501 1090 2601 1144 μου
2630 1077 2942 1154 δικαιοσύνη
2965 1102 2978 1114 ·
3000 1087 3049 1139 oi
3080 1067 3224 1158 λόγοι
3259 1110 3361 1164 μου
3389 1097 3488 1150 οὐκ
3514 1099 3793 1173 ἀποστρα-

2210 1160 2490 1230 φήσονται.
2527 1184 2544 1216 ι
2585 1168 2736 1223 Ποῖοι
2778 1171 2834 1224 δὲ
2879 1173 3043 1243 λόγοι,
3070 1179 3102 1250 ἢ
3132 1179 3200 1234 δι’
3228 1160 3302 1237 ῶν
3333 1185 3520 1256 ἔλεγεν
3539 1207 3553 1220 ο
3593 1209 3614 1241 ι
3636 1160 3794 1248 ἘῘπι-

2208 1249 2482 1322 στρὰφητε
2513 1256 2650 1326 πρὸς
2679 1260 2766 1328 μὲ,
2802 1264 2894 1317 καὶ
2913 1249 3219 1339 σωθήσεσθε
3243 1275 3292 1326 οἱ
3320 1277 3414 1330 ἀπ’
3434 1249 3659 1349 ἐσχάτου
3688 1285 3795 1356 τῆς

2206 1336 2310 1407 γῆς
2333 1357 2346 1368 ·
2383 1341 2462 1395 ὅτι
2505 1346 2628 1416 ἐμοὶ
2681 1350 2886 1422 κάμψει
2934 1336 3055 1412 πᾶν-
3082 1362 3230 1429 γόνυ,
3273 1367 3368 1420 καὶ
3389 1336 3603 1440 ὀμείται
3636 1336 3791 1431 πεξᾷ

2204 1430 2425 1498 γλῶσσα
2465 1436 2554 1490 τὸν
2581 1439 2749 1507 Θεόν;
2795 1463 2813 1495 ›
2857 1447 2991 1520 Οὐχὶ
3030 1451 3091 1504 τὸ
3135 1455 3400 1513 Ἰουδαίων
3423 1430 3619 1532 μόνον,
3649 1430 3788 1523 ἀλλά

2203 1521 2424 1577 καὶτῶν
2455 1527 2654 1583 λοιπῶν
2677 1533 2867 1602 ἐθνῶν,
2897 1535 2958 1594 οὗ
2988 1546 3398 1621 μακαριώτερον
3432 1554 3582 1609 οὐδὲν
3610 1557 3676 1611 ἂν
3697 1561 3787 1628 γέ-

2203 1629 2366 1668 νοιτο.
2398 1617 2506 1671 Kal
2532 1622 2736 1695 ταύτης
2767 1627 2826 1680 δὲ
2855 1631 2954 1702 τῆς
2987 1617 3320 1709 προφητείας
3340 1644 3401 1697 τὸ
3429 1617 3779 1722 ἀποτέλεσμα

2199 1701 2503 1776 ἐπληροῦτο
2551 1715 2616 1784 τῇ
2673 1716 2767 1770 τοῦ
2817 1701 3066 1794 Σωτῆρος
3105 1701 3275 1800 ⁷ἡμῶν
3299 1701 3492 1804 ⁷Ἰησοῦ
3539 1701 3777 1812 Χριστῐῦ

2201 1801 2488 1872 παρουσίᾳ·
2510 1805 2626 1873 μεθ’
2657 1809 2722 1878 ἦν
2755 1812 2813 1864 ἐν
2841 1816 2906 1885 τῇ
2943 1817 3236 1894 Ἐκκλησία
3270 1801 3434 1880 αὐτοῦ
3471 1833 3536 1902 τῇ
3569 1801 3690 1887 καθ’
3721 1837 3778 1890 ὅ-

2198 1885 2295 1958 λης
2342 1894 2441 1961 τῆς
2476 1897 2798 1972 οἰκουμένης
2829 1905 3028 1973 πάντες
3073 1885 3140 1964 οἱ.
3170 1885 3626 1992 συγκροτούμίένοι
3654 1885 3776 1981 λαοὶ

2195 1980 2326 2046 γόνυ
2355 1984 2554 2040 κλίνειν
2574 1991 2651 2062 τῷ
2675 1993 2793 2066 Θεῷ
2815 1999 2871 2049 ἐν
2903 2002 3020 2065 ταῖς
3047 1980 3373 2079 προσευχαῖς
3395 1980 3770 2088 ἐδιδάχθησαν,

2193 2074 2370 2129 καίτοι
2439 2079 2707 2139 Ἰουδαίων
2750 2087 2910 2143 τοῦτο
2967 2097 3138 2150 ποιεῖν
3189 2101 3289 2154 οὐκ
3327 2103 3560 2160 εἰδότων.
3608 2127 3626 2160 ι
3660 2110 3770 2164 Καὶ

2191 2164 2423 2234 ὀμεῖται.
2459 2187 2478 2221 ι
2517 2171 2578 2224 Oi
2619 2173 2728 2246 γὰρ
2766 2178 2865 2248 ἐμὲ
2912 2182 3003 2235 τὸν
3033 2185 3165 2242 Θεὸν
3202 2190 3515 2260 ἐπιγνόντες
3549 2198 3609 2253 ἐν
3635 2203 3771 2256 πᾶσι

2187 2258 2300 2318 τοῖς
2335 2257 2512 2314 ἔθνεσι
2548 2262 2635 2317 διὰ
2668 2269 2923 2334 παντοίας
2948 2273 3198 2348 γλώσσης
3242 2257 3334 2334 καλ
3363 2257 3600 2354 ὁμιλίας,
3637 2288 3770 2363 βαρ-

2189 2347 2356 2421 ϐάρου
2408 2369 2467 2406 τε
2519 2356 2613 2410 καὶ
2673 2358 2987 2434 Ἑλληνικῆς
3039 2369 3096 2422 ἐν
3135 2374 3246 2436 τοῖς
3271 2347 3454 2446 ὅρκοις

2185 2457 2322 2514 τυρα
2369 2449 2810 2522 παραλήψονται,
2860 2457 3177 2527 βεϐαιοῦντα
3242 2465 3342 2530 τάς
3397 2470 3607 2526 ἐαυτῶν
3675 2477 3769 2528 πί-

2187 2548 2349 2596 στεις.

2258 2639 2277 2670 ι
2311 2622 2533 2691 Λέγων·
2568 2629 2888 2704 Δικαιοσύνη
2930 2636 3024 2690 καὶ
3077 2639 3203 2704 δόξα
3248 2645 3386 2716 πρὸς
3424 2649 3585 2704 αὐτὸν
3614 2649 3754 2722 ἥξει,

2182 2710 2275 2762 καὶ
2330 2715 2775 2789 αἰσχυνθήσονται
2816 2726 3013 2793 πάντες
3046 2734 3093 2784 οἱ
3131 2733 3455 2807 διορίζοντες
3479 2742 3691 2808 αὐτούς.
3727 2763 3749 2798 ι

2179 2801 2357 2856 Πᾶσαι
2385 2807 2440 2858 αἱ
2473 2808 2530 2862 ἐν
2549 2809 2856 2883 ἀνθρώποις
2877 2819 3067 2890 ἀρεταὶ
3096 2825 3245 2890 τέλος
3272 2829 3404 2882 αὐτὸ
3426 2831 3625 2899 ἕξουσι,
3659 2838 3756 2890 καὶ

2179 2893 2328 2947 πᾶσα
2367 2897 2520 2967 ἰσχὺς
2542 2901 2842 2974 ἀνθρώπων
2870 2910 2977 2964 τῶν
3001 2914 3139 2986 ὑπὲρ
3165 2893 3479 2988 θεοσεϐείας
3496 2927 3758 2995 ἀγωνισα-

2178 2982 2354 3053 μένων
2392 2989 2528 3058 πρὸς
2550 2991 2712 3046 αὑτὸν
2745 2996 3041 3067 ἐλεύσεται,
3085 2982 3179 3060 καὶ
3221 3010 3313 3064 τὸν
3345 3012 3454 3068 τῶν
3495 2982 3758 3089 καμάτων

2174 3074 2385 3143 καρπὸν
2415 3079 2514 3148 τήν
2545 3098 2604 3134 τε
2637 3085 2868 3160 ἀμοιϐὴν
2894 3093 2992 3163 τῆς
3019 3095 3221 3170 ἀρετῆς
3251 3099 3534 3173 λήψονται.

2097 3192 2140 3251 c
2249 3165 2635 3269 (LA‘TtbKUpIOU
2653 3165 3117 3253 δικαιωθήσονται,
3151 3165 3242 3242 καὶ
3270 3165 3432 3266 ἐν’τῷ
3463 3197 3579 3269 Θεῷ
3610 3201 3753 3254 ἐνδο-

2151 3258 2154 3260 ’
2174 3249 2497 3326 ξασθήσεται
2520 3263 2626 3316 πᾶν
2643 3265 2702 3318 τὸ
2720 3249 2938 3341 σπέρμά
2970 3275 3077 3327 τῶν
3093 3278 3223 3331 υἱῶν
3239 3249 3502 3354 Ἰσραήλ.»
3516 3249 3635 3342 IEal
3649 3249 3751 3345 ’θένα

2169 3340 2268 3411 τὴν
2288 3343 2570 3416 ἀκρίϐειαν
2587 3352 2680 3405 τοῦ
2710 3340 2897 3425 λόγου)
2919 3363 2978 3415 ού
2997 3365 3104 3438 γὰρ
3131 3388 3147 3418 ι
3171 3368 3263 3423 τὸν
3299 3340 3511 3446 ’ἐσραὴλ
3533 3397 3550 3428 υ

2167 3430 2288 3483 οὐδὲ
2340 3452 2357 3484 ι
2399 3436 2458 3488 τὸ
2497 3440 2716 3512 σπέρμα
2771 3430 3016 3521 Ἰσραὴλ.
3041 3430 3086 3506 ι’
3117 3457 3251 3512 ἀλλά
3280 3459 3341 3513 τὸ
3375 3430 3745 3536 ξπέρμαῖέξέᾷ

2167 3522 2298 3577 υίῶν
2339 3526 2573 3601 Ἰσραήλ.
2613 3534 2730 3587 Υἱοὶ
2762 3537 2817 3590 δὲ
2867 3541 3082 3616 Ἰσραὴλ
3125 3548 3411 3620 ἐτύγχανον
3447 3522 3500 3608 οί
3526 3522 3739 3626 ’πρῶτοι

2165 3615 2405 3685 κήρυκες
2429 3622 2522 3675 τοῦ
2548 3628 2813 3698 σωτηρίου
2841 3631 3187 3706 Εὐαγγελίου,
3220 3634 3292 3696 ὧν
3319 3643 3379 3697 τὸ
3397 3647 3614 3719 σπέρμα
3643 3653 3736 3705 καὶ

2170 3699 2223 3719 ,ι
2306 3703 2329 3719 ε.
2397 3705 2418 3719 α
2491 3709 2500 3719 .
2601 3712 2621 3719 ι
2797 3716 2808 3719 -

2164 3699 2261 3771 τὴν
2301 3703 2549 3779 διαδοχὴν
2595 3699 3045 3790 δικαιωθήσεσθαι
3080 3699 3617 3806 καὶιδοξασθήσεσθαι
3645 3699 3734 3793 ⁷εἴ-

2164 3808 2350 3866 ρηται.

2652 3900 3047 3959 ΚΕΦΑΛΑΙΟΝ
3091 3910 3242 3978 MC’.

2234 3992 2254 4027 ι
2289 3978 2490 4035 Ἔπεσε
2543 3986 2669 4058 Βὴλ,
2739 3999 3021 4070 συνετρίϐη
3079 4003 3291 4072 Δαγὼν.
3360 4007 3605 4075 Ἐγένετο
3669 4015 3735 4068 τά

2156 4066 2371 4134 γλυπτά
2398 4075 2575 4132 αὐτῶν
2609 4083 2688 4147 εἰς
2713 4084 2875 4157 θηρία
2898 4066 3077 4146 καὶτὰ
3099 4066 3287 4169 κτήνη.
3319 4117 3338 4150 ι
3376 4066 3484 4171 Βήλ
3517 4103 3735 4158 εἴδωλον

2154 4153 2244 4228 ἦν,
2274 4162 2411 4234 ὅπερ
2445 4169 2700 4243 Ἕλληνες
2731 4153 2871 4232 ούτω
2904 4183 3159 4239 καλοῦσι·
3187 4153 3590 4261 ,ἐριμηνεύοντες
3635 4200 3732 4251 αὺ-

2152 4253 2244 4305 τὸν
2277 4252 2413 4310 εἶναι
2465 4261 2555 4314 τὸν
2596 4269 2727 4336 παρ’
2758 4271 2942 4336 αὐτοῖς
2977 4275 3306 4348 καλούμενον
3345 4284 3573 4354 Κρόνον,
3603 4292 3730 4359 περὶ

2155 4341 2176 4359 η
2270 4344 2293 4359 ,,
2439 4344 2468 4359 ,
2637 4356 2647 4359 _
2762 4358 2768 4359 ,

3148 4341 3158 4348 .
3399 4341 3411 4354 ο
3559 4341 3573 4352 ’
3676 4341 3687 4359 ο

2151 4341 2210 4395 ὃν
2238 4344 2408 4410 οὕτως
2437 4344 2576 4420 ἦσαν
2601 4356 2650 4406 οἱ
2682 4358 2900 4414 παλαιοὶ
2930 4365 3272 4437 ἐπτοημένοι,
3320 4372 3394 4436 ὡς
3421 4380 3729 4446 κατασφάτ-

2150 4450 2263 4487 τειν
2293 4438 2488 4504 αὐτοὺς
2533 4443 2600 4496 τὰ
2651 4447 2858 4502 ἑαυτῶν
2893 4454 3142 4524 φίλτατα,
3184 4463 3277 4514 καὶ
3319 4464 3485 4529 ἄλλας
3530 4471 3726 4541 μυρίας

483 4507 599 4548 mas
631 4496 737 4565 ipsi
767 4505 1017 4562 omnibus
1046 4511 1096 4563 iu
1123 4511 1260 4570 locis
1294 4517 1572 4580 oﬂ‘errent.
1604 4528 1786 4601 Dagon
1824 4535 1950 4591 item
1980 4540 2048 4594 si-

485 4583 784 4631 mulam-nm
822 4606 935 4631 om:
977 4600 1396 4631 ηῐεηητηηαμημ--
1479 4615 1495 4631 Δ
1613 4619 1627 4631 .
1707 4622 1720 4631 .

2467 4496 2484 4504 _
2659 4496 2850 4502 ,_---__.
2897 4496 3142 4524 7..."...ut,
3185 4496 3277 4514 ’.ιιι
3319 4496 3482 4529 ulmus,
3530 4496 3719 4541 μυριας

2170 4525 2592 4598 ινθρωποθυσίας
2623 4539 2770 4609 αὐτῷ
2802 4543 2940 4597 κατά
2975 4547 3148 4603 πάντα
3181 4553 3342 4606 τόπον
3375 4561 3719 4631 προσφέρειν.

2170 4617 2174 4631 l
2274 4614 2288 4631 κ
2370 4620 2408 4631 -ι
2518 4624 2528 4631 -
2609 4627 2619 4631 -
2666 4627 2676 4631 λ
2726 4628 2773 4631 -Α
2938 4629 2960 4631 "

485 4583 784 4644 mulacrum
822 4606 939 4649 erat
976 4600 1432 4677 alienigenarum,
1467 4615 1905 4680 Ascalonitarum
1941 4631 2043 4685 sci-

478 4670 604 4727 licet
646 4686 701 4732 et
733 4679 1101 4748 Gazensium:
1146 4712 1282 4766 quos
1319 4705 1406 4758 ubi
1445 4711 1724 4776 speciatim
1774 4732 2043 4775 memora-

474 4763 571 4827 vit,
603 4768 795 4825 deinde
825 4782 1123 4844 generatim
1168 4791 1234 4841 de
1265 4795 1516 4852 omnibus
1555 4803 1752 4873 ubique
1783 4809 1884 4862 diis
1927 4814 2040 4870 haec

475 4855 756 4931 subiungit
796 4883 808 4919 :
841 4886 860 4918 ι
897 4867 1060 4926 Facta
1089 4890 1216 4934 sunt
1248 4886 1512 4956 sculptilia
1545 4910 1728 4951 eorum
1762 4902 1812 4954 in
1843 4903 2039 4964 bestias

467 4955 524 5000 et
555 4948 608 5003 in
633 4951 894 5021 iumenta.
945 4981 965 5013 ι
1000 4964 1150 5031 Quod
1184 4972 1367 5032 videre
1407 4991 1491 5034 est
1525 4985 1576 5038 in
1629 4998 1735 5043 tota
1768 4991 2034 5065 Egypto,

467 5039 556 5065 ..ιιι
593 5056 672 5065 Α..-
687 5045 764 5065 μεν
828 5047 850 5065 ι’
1198 5062 1207 5065 ’

1635 5039 1735 5043 ~—~—
1768 5039 2034 5065 -—oJr-V’

465 5039 556 5094 ubi
589 5045 770 5101 omnia
824 5047 1060 5111 ferarum
1099 5073 1162 5116 ac
1189 5062 1551 5131 jumentorum
1593 5092 1787 5148 genera
1820 5095 1876 5138 ut
1909 5089 2036 5145 deos

467 5137 713 5192 venerari
747 5140 946 5198 solent.

534 5309 696 5368 Vens.
731 5314 785 5371 2.
825 5337 843 5370 ι
883 5320 1121 5383 Portatis
1160 5346 1224 5386 ea
1265 5334 1500 5407 alligata,
1534 5345 1687 5411 quasi
1722 5364 1856 5406 onus
1885 5352 2028 5410 labo-

459 5403 622 5469 ranti,
657 5407 949 5483 deﬁcienti,
975 5426 1029 5470 et
1064 5419 1305 5487 sitienti;
1351 5403 1447 5482 nec
1473 5433 1667 5488 valenti
1704 5439 1863 5494 simul
1899 5447 2025 5511 :qui

459 5501 566 5544 non
601 5507 857 5561 poterunt
889 5505 1088 5563 salvari
1116 5527 1145 5565 a
1183 5515 1340 5570 bello.
1395 5518 1496 5590 Ipsi
1548 5539 1675 5580 vero
1705 5534 1898 5601 captivi
1934 5539 2001 5590 ab

464 5578 602 5601 JH“,
907 5596 948 5601 __

1418 5578 1433 5590 _
1593 5578 1604 5580 -
1655 5578 1667 5580 _
1713 5578 1898 5601 ηρ...
1934 5578 2000 5590 ...,

460 5578 605 5636 ducti
655 5601 802 5648 sunt.
837 5613 857 5646 ι
905 5596 1030 5652 Haec
1091 5605 1267 5674 reipsa
1323 5614 1521 5667 nostris
1570 5625 1897 5686 temporibus
1956 5629 2022 5682 ad

460 5664 568 5686 lt..-

1175 5664 1186 5674 ,
1476 5664 1516 5667 --
1572 5664 1897 5686 ---..,νυ...,...,
1956 5664 2019 5681 η..

459 5664 690 5728 litteram
716 5691 1017 5740 evenerunt
1056 5708 1069 5743 :
1103 5709 1166 5747 ac
1217 5701 1512 5757 secundum
1568 5707 1898 5781 intelligendi
1938 5733 2019 5770 ra-

1570 5759 1897 5781 ...,-__.°_--_.
1938 5759 1994 5770 ...

460 5759 658 5820 tionem
698 5785 885 5840 grave,
923 5778 1114 5837 durum
1145 5795 1199 5840 et
1255 5789 1577 5851 diabolicum
1625 5815 1796 5870 onus,
1850 5806 2017 5863 idolo-

2146 4614 2338 4684 Δαγὼν
2365 4620 2420 4672 δὲ
2449 4624 2539 4675 καὶ
2563 4627 2691 4678 αὐτὸ
2720 4628 2902 4692 ξόανον
2932 4629 2999 4706 ἦν
3025 4636 3133 4690 τῶν
3162 4639 3470 4709 ἀλλοφύλων
3495 4646 3601 4699 τῶν
3623 4649 3720 4717 τὴν

2156 4710 2468 4768 Ἀσκάλωνα
2520 4718 2612 4770 καὶ
2663 4721 2758 4792 τὴν
2785 4724 2962 4789 Γάζαν
2993 4730 3308 4786 οἰκούντων·
3347 4737 3438 4789 καὶ
3466 4738 3529 4810 δὴ
3568 4756 3720 4810 μερι-

2143 4801 2252 4865 κῶς
2268 4804 2468 4858 τούτων
2485 4813 2863 4881 μνημονεύσας
2892 4819 2919 4868 ὁ
2952 4819 3125 4888 λόγος,
3151 4823 3275 4895 ἑξῆς
3290 4826 3715 4900 καθολικώτερον

2142 4896 2268 4965 περὶ
2290 4898 2504 4952 πάντων
2528 4902 2634 4956 τῶν
2660 4905 2969 4980 ἁπανταχοῦ
2993 4914 3416 4986 θεοποιουμένων
3434 4923 3679 4992 ἐπιφέρει
3695 4939 3710 4953 '

2145 5002 2160 5032 ι
2212 4985 2454 5054 Ἐγένετο
2485 4991 2551 5044 τὰ
2583 4995 2796 5062 γλυπτά
2821 5001 2996 5054 αὐτῶν
3021 5005 3099 5068 εἰς
3130 5007 3294 5078 θηρία
3338 5012 3431 5064 καὶ
3455 5015 3643 5084 κτήνη.
3689 5033 3710 5066 ι

2137 5076 2248 5128 Καὶ
2280 5080 2449 5134 ταῦτα
2489 5083 2548 5137 δέ
2584 5089 2698 5141 ἐστι
2731 5091 2853 5143 καθ’
2881 5094 3009 5165 ὅλης
3037 5099 3262 5152 συνιδεῖν
3295 5105 3393 5172 τῆς
3413 5105 3708 5174 Αἰγύπτου,

2135 5164 2263 5220 ἔνθα
2316 5171 2530 5228 πάντων
2578 5176 2781 5250 θηρίων
2829 5184 2919 5237 καὶ
2976 5189 3189 5257 κτηνῶν
3233 5192 3386 5258 γένος
3429 5196 3604 5249 σέϐειν
3633 5199 3709 5263 ὡς

2135 5256 2288 5322 θεοὺς
2319 5262 2563 5318 εἰώθασι.

2209 5389 2227 5419 ι
2262 5373 2456 5445 Αἵρετε
2480 5381 2620 5433 αύτά
2645 5385 3043 5458 καταδεδεμένα
3072 5393 3146 5457 ὡς
3175 5400 3391 5468 φορτίον
3421 5406 3702 5470 κοπιῶντι,

2134 5461 2497 5540 ἐκλελυμένῳ,
2540 5474 2632 5527 καὶ
2661 5479 2936 5543 πεινῶντι,
2976 5484 3077 5538 οὐκ
3119 5489 3355 5560 ἰσχύοντι
3381 5493 3518 5565 ἅμα,
3563 5499 3612 5552 οἳ
3639 5502 3701 5554 οὐ

2128 5546 2447 5620 δυνήσονται
2472 5559 2711 5631 σωθῆναι
2743 5565 2851 5620 ἀπὸ
2881 5570 3138 5644 πολέμου.
3169 5546 3331 5634 λύτοὶ
3347 5546 3401 5637 δέ
3420 5546 3698 5660 Epam-

2129 5657 2210 5693 τοι
2234 5645 2370 5715 ἤχθη
2380 5664 2496 5702 σαν.
2524 5671 2541 5701 ι
2565 5655 2746 5709 Ταῦτα
2761 5659 2815 5713 δὲ
2830 5664 3014 5729 αὐτοῖς
3030 5667 3210 5740 ἔργοις
3224 5675 3344 5728 καθ’
3363 5645 3694 5751 magiam;-

3062 5731 3072 5740 .
3106 5731 3115 5736 -
3191 5731 3204 5736 ν
3383 5731 3414 5748 ιι
3488 5731 3506 5749 ς
3532 5731 3545 5733 '
3582 5731 3661 5751 ""I

2131 5731 2286 5797 ροῦτο
2314 5739 2447 5807 πρὸς
2467 5741 2633 5808 λέξιν,
2669 5749 2762 5801 καὶ
2785 5754 2925 5807 κατά
2949 5756 3186 5815 διάνοιαν
3211 5763 3267 5817 δὲ
3293 5766 3432 5839 βαρὺ
3463 5771 3555 5825 καὶ
3579 5771 3676 5825 δυσ

2131 5818 2224 5839 Βάκ
2540 5833 2550 5839 “
2583 5833 2600 5839 ⁸
2678 5836 2698 5839 ⁸

3293 5818 3304 5835 ι
3334 5818 3344 5820 ⁷
3366 5818 3377 5839 ι
3409 5818 3425 5822 ⁷
3465 5818 3555 5825 ’””““
3584 5818 3672 5825 ⁷⁷⁷

2126 5818 2446 5895 ϐἀστακτον,
2469 5833 2560 5884 καὶ
2579 5833 2880 5894 δεαϐολικὸν
2899 5849 3115 5918 φορτίον
3132 5855 3249 5917 ταῖς
3273 5856 3378 5908 τῶν
3390 5858 3690 5930 ἀνθρώπω.
