4130 6378
290 345 385 400 £2!

1210 337 1715 396 COMMENTARIA
1749 337 1813 392 ΙΝ
1852 336 2107 391 [SAL—XM.
2132 333 2370 390 ~CAP.
2415 330 2626 387 XLVII.

3461 331 3568 387 42"}.

291 465 487 535 ψυχαῖς
528 463 625 533 τῆς
670 461 1055 534 εἰδωλολάτρου
1111 461 1316 535 πλάνης
1364 464 1616 518 ἐπέκειτο
1685 465 1873 520 πάλαι.

1997 475 2100 514 rum
2116 457 2320 513 scilicet
2338 455 2562 520 erroris,
2583 453 2862 509 hominum
2886 451 3408 522 animisimpositum
3429 467 3566 511 erat.

364 575 382 606 ι
437 553 693 606 Ἀκούετέ
729 572 850 625 μου,
901 549 1048 618 οἶκος
1091 555 1307 621 Ἰακὼϐ,
1355 559 1448 610 καὶ
1486 559 1590 610 πᾶν
1623 558 1682 610 τὸ
1713 557 1877 612 κατά-

292 652 478 703 λοιπον
506 646 602 701 τοῦ
664 647 904 720 Ἰσραὴλ,
957 651 1006 702 οἱ
1064 651 1347 723 αἰρόμενοι
1389 653 1453 706 ἐκ
1498 653 1729 717 κοιλίας,
1783 658 1878 709 καὶ

293 742 678 812 παιδευόμενοι
713 742 776 794 ἐκ
812 742 1026 794 παιδίου
1078 743 1184 808 ἓως
1225 745 1433 816 γήρως.
1492 765 1509 797 ι
1568 747 1708 799 Ἀλλ’
1753 747 1877 802 οὔτε

309 834 498 889 Ἰακὼϐ
512 835 715 899 αὐτοὺς
735 836 908 899 καλεῖ,
929 836 1053 889 οὗτε
1092 840 1309 912 Ἰσραὴλ
1341 840 1617 911 ὀνομάζει,
1645 839 1791 896 οἷκον
1823 843 1879 898 δὲ

293 929 452 982 αὑτὸν
494 928 654 998 μόνον
683 929 778 981 τοῦ
816 929 1008 982 Ἰακὼϐ
1037 931 1126 984 διὰ
1154 934 1253 1003 τῆς
1286 933 1428 987 κατὰ
1474 935 1651 1004 σάρκα
1683 935 1881 988 οἰκειό-

295 1037 472 1091 τητος,
511 1021 605 1072 καὶ
634 1020 982 1074 κατάλοιπον.
1010 1023 1206 1076 ὡσανεὶ
1241 1025 1580 1097 περίττευμα
1596 1028 1689 1080 καὶ
1703 1027 1881 1099 τρύγα

294 1116 384 1170 τοῦ
450 1115 690 1186 Ἰσραήλ.

369 1227 386 1258 ε
446 1205 591 1275 Ἐγώ
624 1207 762 1276 είμι,
798 1207 892 1259 καὶ
922 1208 1026 1271 ἕως
1046 1208 1114 1262 ἂν
1148 1211 1569 1283 καταγηράσητε
1601 1213 1713 1282 ἐγώ
1740 1216 1878 1285 εἰμι,

297 1299 406 1370 ἐγὼ
434 1301 706 1371 ἀνέχομαι
743 1299 919 1371 ὑμῶν,
959 1301 1070 1369 ἐγὼ
1105 1302 1360 1375 ἐποίησα,
1406 1305 1500 1358 καὶ
1531 1306 1640 1374 ἐγὼ
1671 1307 1879 1379 ἀνήσω,

297 1394 405 1464 ἐγὼ
429 1392 804 1464 ἀναλήψομαι,
852 1395 946 1448 καὶ
984 1394 1142 1448 σώσω
1178 1397 1342 1467 ὑμᾶς.
1391 1399 1509 1452 Τίνι
1552 1417 1621 1471 με
1663 1401 1881 1472 ὡμοιώ-

301 1503 459 1552 σατε;
498 1486 694 1551 Ἴδετε,
747 1487 1106 1558 τεχνάσασθε,
1155 1493 1202 1543 οἱ
1246 1491 1612 1564 πλανώμενοι,
1648 1496 1698 1548 οἱ
1745 1513 1884 1566 συμ-

301 1579 619 1650 ϐαλλόμενοι
656 1581 877 1650 χρυσίον
930 1582 994 1634 ἐκ
1030 1583 1359 1654 μαρσυπίου,
1408 1587 1501 1639 καὶ
1534 1587 1798 1658 ἀργύριον
1825 1589 1883 1642 ἐν

301 1670 460 1741 ζυγῷ·
501 1673 796 1742 στήσουσιν
834 1673 892 1726 ἐν
930 1675 1156 1746 σταθμῷ
1180 1676 1275 1728 καὶ
1311 1677 1714 1748 μισθωσάμενοι
1746 1697 1883 1752 χρυ-

304 1762 480 1833 σοχόον
538 1762 804 1832 ἐποίησαν
857 1764 1228 1836 χειροποίητα,
1265 1765 1360 1818 καὶ
1405 1765 1676 1836 κύψαντες
1715 1785 1883 1839 προσ-

2056 548 2218 603 Vsus.
2243 549 2296 602 5.
2326 546 2522 600 Audite
2543 559 2648 609 me,
2686 544 2881 599 domus
2910 541 3099 606 Jacob,
3127 552 3185 596 et
3217 557 3410 596 omnes
3443 543 3570 597 reli-

1981 642 2120 710 quiae
2153 638 2448 707 lsrae|,qui
2495 636 2781 707 portamini
2814 651 2878 690 ex
2913 645 3089 700 utero,
3118 644 3172 689 et
3212 633 3501 689 erudimini
3541 650 3572 688 a

1981 731 2206 800 parvulo
2240 744 2412 798 usque
2467 728 2534 781 ad
2594 736 2982 782 senectutem.)
3025 725 3132 780 Sed
3179 739 3357 795 neque
3401 723 3574 780 Jacob

1983 826 2332 893 ipsos-vocat,
2374 835 2546 890 neque
2590 819 2758 874 Israel
2784 824 3058 884 nominat;
3091 818 3184 872 sed
3234 817 3574 873 solummodo

1983 917 2200 969 domum
2229 913 2415 980 Jacoh,
2448 913 2518 966 ob
2548 912 2729 965 carnis
2769 911 3171 981 cognationem,
3205 920 3258 964 et
3290 909 3569 979 reliquias,

1983 1009 2189 1064 scilicet
2224 1021 2690 1077 supervacaneum
2720 1005 3093 1075 quidpiam,et
3123 1005 3304 1059 famem
3338 1003 3568 1059 lsraelis.

2058 1192 2345 1252 Vnam-7.
2365 1211 2382 1242 ι
2406 1190 2516 1262 Ego
2542 1205 2685 1258 sum,
2718 1199 2773 1245 et
2805 1191 2976 1245 donec
2992 1188 3287 1245 scnescatis
3303 1202 3401 1258 ego
3418 1203 3572 1244 sum:

1984 1301 2084 1356 ego
2113 1285 2392 1340 sustinebo
2439 1300 2559 1351 vos,
2603 1299 2702 1353 ego
2739 1282 2863 1348 feci,
2895 1292 2951 1336 et
3003 1297 3102 1351 ego
3139 1282 3428 1344 dimittam,
3474 1297 3577 1350 ego

1987 1379 2279 1448 suscipiam
2313 1388 2367 1432 et
2407 1378 2629 1432 salvabo
2661 1390 2778 1431 vos.
2815 1375 2912 1430 Cui
2950 1389 3036 1429 me
3064 1373 3453 1428 assimilastis?
3488 1375 3578 1429 Vi-

1987 1473 2132 1533 dete,
2167 1469 2475 1539 excogitate
2505 1468 2597 1538 qui
2638 1467 2857 1527 erratis,
2891 1475 2945 1520 et
2981 1465 3071 1533 qui
3099 1463 3358 1518 confertis
3384 1479 3576 1518 aurum

1986 1572 2052 1610 ex
2092 1557 2397 1625 marsupio,
2447 1567 2502 1610 et
2535 1563 2820 1625 argentum
2869 1557 2920 1607 in
2970 1563 3169 1607 statera
3206 1572 3218 1606 :
3250 1562 3492 1607 Statuent
3525 1553 3578 1606 in

1988 1649 2251 1719 pondere,
2275 1657 2329 1704 et
2358 1646 3053 1709 conducentesaurilicem,
3085 1644 3331 1698 fecerunt
3359 1645 3582 1700 simula-

1990 1757 2105 1805 cra,
2128 1750 2183 1796 et
2215 1739 2540 1795 inclinantes
2567 1754 2626 1794 se
2657 1737 2890 1793 adorant
2947 1736 3058 1790 illa.
3091 1735 3308 1791 Tollunt
3355 1737 3582 1790 humero

303 1855 552 1909 κυνοῦσιν
589 1855 797 1918 αὐτοῖς.
842 1857 1101 1927 Αἴρουσιν
1131 1857 1264 1911 αὐτὸ
1318 1859 1410 1912 ἐπὶ
1450 1859 1548 1912 τοῦ
1576 1861 1750 1931 ῶμου,
1789 1863 1883 1915 καὶ

1997 1843 2038 1888 at
2073 1833 2374 1887 ambulant.
2406 1831 2464 1886 Si
2513 1846 2640 1887 vero
2672 1838 2878 1899 ponant
2921 1828 3048 1882 illud
3081 1829 3132 1882 in
3166 1827 3283 1883 loco
3314 1843 3436 1891 suo,
3462 1845 3580 1881 ma-

309 1947 643 2019 πορεύονται.
703 1947 831 2000 Ἐὰν
858 1948 915 2001 δὲ
943 1948 1108 2004 θῶσιν
1139 1951 1271 2003 αὐτὸ
1300 1953 1392 2005 ἐπὶ
1433 1951 1528 2005 τοῦ
1571 1955 1739 2007 τόπου
1781 1955 1883 2007 αύ-

308 2039 417 2103 τοῦ,
467 2039 646 2111 μένει,
695 2039 758 2092 ού
795 2040 870 2111 μὴ
901 2041 1095 2112 κινηθῇ
1119 2058 1132 2071 ⁸
1164 2042 1260 2096 καὶ
1287 2042 1347 2106 ὃς
1381 2043 1478 2097 ἐὰν
1526 2043 1699 2127 βοήσῃ
1747 2046 1886 2117 πρὸς

311 2132 483 2198 αὑτὸν,
533 2133 594 2186 ού
639 2131 716 2203 μὴ
760 2132 1054 2204 εἰσακούσῃ
1081 2149 1094 2162 ·
1127 2133 1238 2186 ἀπὸ
1281 2135 1470 2188 κακῶν
1519 2135 1579 2188 ού
1617 2135 1690 2207 μὴ
1736 2135 1887 2211 σώσῃ

316 2223 484 2276 αὐτόν.
526 2242 544 2273 ι
591 2222 783 2290 Ὑμεῖς
818 2221 875 2274 δὲ
903 2221 1193 2289 λογίσασθε
1239 2225 1318 2287 εἰς
1345 2225 1462 2276 οἵαν
1492 2224 1886 2278 ἐκπεπτώκατε

324 2312 598 2382 θεομαχίαν
633 2313 731 2364 καὶ
783 2310 1143 2376 δυσσέϐειαν,
1194 2312 1566 2384 τολμήσαντες
1619 2315 1887 2386 ὁμοιῶσαι

327 2422 391 2476 με
425 2407 533 2468 τοῖς
563 2405 632 2476 μὴ
658 2401 776 2458 οὖσι
835 2403 978 2469 θεοῖς
998 2445 1012 2469 ,
1049 2406 1143 2458 καὶ
1177 2405 1350 2460 οὐδενὶ
1384 2407 1527 2478 λόγῳ
1571 2407 1758 2461 θέσθαι
1789 2410 1889 2480 τὴν

321 2497 451 2567 ἐμὴν
481 2497 707 2564 θεότητα
731 2514 742 2526 ·
779 2497 1020 2568 ἰσότιμον
1043 2498 1101 2550 δέ
1136 2515 1202 2569 με
1226 2498 1443 2553 ἔσεσθαι
1467 2503 1532 2571 τῇ
1561 2500 1755 2572 ἀψύχῳ
1787 2500 1889 2574 ὕλη

314 2591 683 2648 άνεπλάσασθε
713 2608 726 2620 ·
765 2591 988 2663 χρυσίον
1037 2591 1132 2645 καὶ¹
1177 2592 1442 2664 ἀργύριον
1500 2595 1565 2646 ἐκ
1613 2593 1891 2665 συμϐολῆς

315 2685 706 2753 συναγαγόντες
731 2723 746 2748 ,
779 2684 872 2736 καὶ
900 2683 989 2737 διὰ
1039 2684 1237 2756 χειρῶν
1280 2685 1636 2759 ἀνθρωπίνων
1669 2686 1893 2741 ἀνειδωο

309 2779 695 2850 λοποιήσαντες
731 2795 744 2808 ·
792 2773 874 2842 οἷς
907 2779 1001 2832 καὶ
1031 2782 1359 2850 προσκυνεῖν
1400 2780 1501 2833 οὐκ
1542 2772 1889 2852 αἰσχύνεσθε,

309 2873 434 2941 μήτε
482 2870 740 2941 βαδίζειν,
780 2873 915 2942 μήτε
967 2873 1236 2925 κινεῖσθαι
1270 2874 1519 2936 δυνατοῖς
1546 2869 1719 2938 οὖσιν,
1776 2872 1892 2927 ἀλλ’

303 2963 382 3016 ἐπ’
409 2962 587 3033 ὤμων
622 2961 978 3034 φερομένοις,
1022 2963 1117 3016 καὶ
1165 2963 1254 3032 ὑφ’
1301 2962 1502 3034 ἐτέρων
1535 2961 1892 3034 ὠθουμένοις,

293 3056 388 3109 καὶ
424 3055 564 3127 μήτ’
598 3054 848 3118 ἀκούειν,
899 3056 1024 3127 μήτ’
1071 3057 1269 3120 αὐτοὺς
1319 3055 1513 3120 σώζειν
1554 3055 1894 3128 δυναμένοις.

1989 1935 2100 1988 net,
2131 1940 2235 1979 non
2272 1923 2685 1979 ntovebiturzct
2711 1923 2756 1977 si
2791 1922 2915 1992 quis
2941 1919 3259 1975 clamaverit
3286 1920 3352 1974 ad
3384 1921 3582 1990 ipsum,

1989 2033 2092 2072 non
2131 2017 2429 2072 exaudiet:
2462 2032 2492 2070 a
2542 2015 2700 2070 malis
2762 2030 2868 2071 non
2914 2014 3168 2069 liberabit
3227 2029 3376 2069 eum.
3413 2033 3431 2066 1
3471 2014 3584 2070 Vos

1987 2124 2113 2164 verc
2143 2109 2377 2178 cogitate
2410 2108 2463 2162 in
2492 2117 2754 2178 quantam
2801 2105 2895 2162 Dei
2929 2105 3270 2160 inimicitiam
3309 2116 3362 2159 et
3391 2105 3585 2175 impie-

1992 2211 2154 2255 tatem
2186 2199 2524 2265 decideritis,
2570 2199 2696 2254 dum
2739 2199 2826 2264 iis,
2859 2198 2949 2266 qui
3005 2213 3132 2253 vere
3160 2198 3233 2252 dii
3287 2213 3391 2253 non
3432 2209 3578 2263 sunt,

1990 2297 2077 2348 me"
2123 2292 2358 2349 similem
2401 2291 2603 2357 facere,
2647 2300 2702 2347 et
2742 2291 3000 2346 deitatem
3053 2306 3226 2346 meam
3254 2291 3406 2345 nihili
3444 2305 3582 2359 pen-

1987 2385 2117 2440 dere
2146 2385 2262 2439 ausi
2312 2385 2480 2452 estis;
2526 2400 2590 2439 ac
2621 2384 2914 2439 commenti
2951 2384 3084 2438 estis
3131 2398 3218 2438 me
3273 2383 3584 2438 inanimatzc

1991 2479 2237 2533 materia:
2262 2492 2447 2549 parem
2482 2491 2605 2532 esse
2638 2491 2652 2528 :
2686 2491 2878 2531 aurum
2921 2487 2975 2531 et
3009 2485 3294 2546 argentum
3323 2490 3391 2529 ex
3422 2485 3584 2545 pacto

1991 2579 2408 2641 congregantes,
2462 2570 2853 2638 hominumque
2914 2569 3166 2623 manibus
3216 2568 3358 2623 idola
3416 2567 3586 2622 fabri-

1993 2674 2182 2720 canles
2210 2683 2222 2718 :
2250 2679 2371 2735 qua:
2422 2663 2653 2717 adorare
2688 2678 2793 2717 non
2844 2661 3202 2729 erubescitis;
3237 2678 3360 2715 cum
3404 2672 3582 2716 tamen

1993 2772 2171 2828 neque
2223 2755 2526 2820 amlmlare,
2589 2769 2764 2822 neque
2806 2767 2867 2807 se
2904 2753 3024 2808 loco
3064 2767 3285 2807 movere
3326 2752 3580 2818 valeant,

1994 2850 2090 2905 sed
2120 2847 2366 2904 humeris
2409 2855 2713 2918 gestentur,
2743 2855 2800 2901 et
2832 2846 2901 2900 ab
2953 2845 3074 2899 aliis
3125 2853 3391 2915 agantur;
3426 2845 3497 2898 ita
3528 2855 3588 2899 ut

1995 2958 2172 3013 neque
2202 2943 2447 3006 audiant,
2498 2955 2676 3010 neque
2706 2953 2830 2994 sese
2869 2939 3012 2993 tueri
3062 2939 3294 3008 possint.
3356 2937 3450 2992 His
3501 2953 3590 2995 n-e

1997 3051 2211 3106 quoque
2247 3035 2479 3090 similem
2518 3047 2640 3089 esse
2666 3032 2982 3104 {cegitastis,
3013 3039 3200 3102 utpote
3244 3032 3442 3086 animis
3488 3031 3591 3086 01)-

301 3146 531 3210 Τούτοις
564 3147 750 3216 ὅμοιον
779 3147 924 3217 κάμὲ
959 3141 1098 3201 εἶναι
1127 3145 1446 3220 ἐλογίσασθε
1471 3185 1486 3210 ,
1539 3144 1614 3210 ὼς
1659 3144 1757 3210 τὰς
1789 3145 1894 3216 ψυ-
1921 3182 1966 3242 C
1998 3129 2210 3185 οῖεοθίί·

299 3243 393 3313 χὰς
420 3242 847 3314 πεπηρωμένοι.

371 3355 389 3390 ι
430 3335 742 3407 Μνήσθητε
767 3335 963 3396 ταῦτα,
984 3334 1078 3387 καὶ
1092 3334 1404 3400 στενάξατε.
1421 3335 1828 3404 Μετανοήσατε,
1844 3335 1894 3388 οἱ

301 3429 749 3501 πεπλανημένοι·
774 3429 1140 3502 ἐπιστρέψατε
1161 3431 1226 3499 τῇ
1249 3427 1467 3500 καρδίᾳ,
1496 3427 1590 3480 καὶ
1621 3426 1896 3498 μνήσθητε

302 3521 366 3578 τά
384 3521 636 3595 πρότερα
649 3522 756 3576 ἀπὸ
784 3520 877 3575 τοῦ
895 3521 1109 3586 αἰῶνος·
1133 3522 1215 3575 ὅτι
1244 3520 1355 3590 ἐγώ
1381 3521 1497 3591 εἰμι
1519 3521 1548 3574 ὁ
1582 3518 1716 3584 Θεὸς
1737 3560 1752 3584 ,
1800 3519 1899 3573 καὶ

303 3615 400 3668 οὐκ
430 3615 586 3667 ἐστιν
620 3613 701 3667 ἔτι
754 3613 894 3685 πλὴν
933 3611 1070 3684 ἐμοῦ
1092 3630 1105 3642 ·
1141 3611 1492 3682 ἀναγγέλλων
1527 3611 1792 3684 πρότερον
1829 3608 1901 3664 τὰ

306 3705 517 3778 ἔσχατα
537 3706 665 3778 πρὶν
683 3705 957 3775 γενέσθαι·
976 3706 1068 3759 καὶ
1081 3705 1198 3778 ἅμα
1210 3704 1587 3776 συνετελέσθη.
1613 3723 1632 3757 ›
1658 3703 1831 3758 Τοῦτο
1842 3704 1900 3757 δὲ

315 3815 576 3871 μεγιστον
587 3796 897 3870 ἀνθρώποις
913 3796 1211 3869 μαρτύριον
1221 3795 1310 3849 διὰ
1321 3796 1428 3848 τῶν
1443 3794 1681 3865 ἐμαυτοῦ
1697 3809 1903 3864 προφη-

311 3893 423 3947 τῶν
464 3889 918 3961 παρεστησάμην,
954 3887 1025 3942 τὰ
1073 3887 1335 3958 μέλλοντα
1381 3887 1668 3949 θεσπίσας,
1704 3885 1799 3938 καὶ
1833 3883 1901 3937 τά

313 3985 554 4056 μακροῖς
576 3981 805 4051 ὕστερον
827 3980 1039 4052 χρόνοις
1059 3978 1402 4050 γενησόμενα
1426 3976 1616 4032 εἰπών’
1640 3976 1677 4032 ἃ
1709 3977 1804 4031 καὶ
1833 3977 1900 4030 δι’

307 4075 493 4147 ἔργων
521 4070 824 4138 ἐξετέλεσα.
851 4090 868 4122 ι
888 4071 999 4125 Καὶ
1011 4065 1158 4124 εἶπα·
1180 4062 1380 4140 Πᾶσαὴ
1397 4068 1558 4140 βουλή
1593 4085 1694 4140 μου
1712 4068 1904 4137 στήσε-

305 4185 401 4222 ται
428 4205 445 4231 ,
474 4165 570 4218 καὶ
586 4165 764 4218 πάντα
783 4165 885 4218 ὅσα
917 4162 1276 4234 βεϐούλευμαι
1296 4162 1524 4234 ποιήσω.
1559 4180 1576 4212 ι
1607 4160 1717 4214 Καὶ
1745 4156 1904 4223 αὖθις

309 4249 615 4308 ὲπιτελέσω
665 4252 777 4314 τοῖς
810 4248 1022 4304 ἐπιοῦσι
1072 4248 1305 4320 χρόνοις.
1336 4247 1446 4300 Καὶ
1476 4247 1657 4301 πάντα
1684 4247 1785 4300 ὅσα
1815 4244 1904 4316 βε-

312 4345 613 4415 ϐούλευμαι
659 4345 752 4398 καὶ
791 4343 968 4416 ὥρισα
998 4384 1012 4407 ,
1067 4341 1355 4413 ἀραρότως
1383 4341 1675 4411 γενήσεται
1700 4379 1716 4404 ,
1767 4337 1903 4410 ἐμοῦ

313 4439 470 4500 τέλος
494 4435 856 4508 ἐπιθήσαντος
880 4439 994 4498 τοῖς
1024 4433 1265 4506 ἐμαυτοῦ
1295 4433 1475 4502 λόγοις
1497 4449 1510 4461 ·
1545 4433 1632 4486 ὅτε
1661 4431 1758 4484 καὶ
1789 4429 1906 4502 βού-

2070 3313 2237 3368 Vsus.
2271 3310 2426 3367 8-10.
2463 3331 2482 3363 (
2523 3310 2850 3366 Mementote
2877 3308 3128 3374 istorum,
3150 3315 3206 3361 et
3234 3305 3588 3377 ingemiscite.

1998 3405 2386 3461 Paenitentiam
2435 3403 2578 3473 agite
2605 3402 2697 3470 qui
2730 3401 2944 3456 erratis.
2987 3399 3379 3454 Convertimiui
3405 3399 3592 3465 corde,

1999 3511 2054 3554 et
2083 3507 2416 3554 mementote
2470 3497 2714 3565 priorum
2773 3508 2803 3546 a
2852 3491 3096 3548 saeculo:
3137 3492 3262 3561 quia
3315 3506 3415 3560 ego
3469 3505 3592 3545 sum

1999 3592 2163 3656 Deus,
2182 3601 2238 3646 et
2265 3604 2371 3644 non
2390 3598 2472 3643 est
2497 3586 2636 3641 alius
2670 3594 2868 3657 praeter
2898 3599 2985 3639 me
3011 3602 3023 3638 :
3053 3583 3381 3638 annuntians
3409 3583 3592 3638 novis-

2002 3686 2138 3742 sima
2179 3692 2470 3752 antequam
2524 3680 2669 3744 sint;
2713 3688 2769 3733 et
2811 3675 2968 3732 simul
3016 3674 3380 3746 complentur.
3421 3691 3442 3726 ι
3478 3671 3595 3728 Ηοο

2009 3776 2304 3832 maximum
2369 3772 2680 3827 hominibus
2735 3768 3105 3825 testimonium
3157 3780 3253 3837 per
3299 3766 3595 3836 prophetas

2005 3882 2157 3922 meos
2189 3864 2418 3934 praebui,
2479 3880 2601 3920 cum
2637 3863 2816 3917 futura
2853 3860 3178 3916 vaticinatus
3210 3874 3350 3921 sum,
3382 3867 3438 3914 et
3471 3873 3597 3928 quzn

2006 3961 2278 4018 diuturnis
2317 3969 2504 4029 postea
2537 3957 2874 4025 temporibus
2900 3963 3129 4010 ventura
3160 3962 3320 4010 erunt
3342 3952 3596 4023 praedixi,

2007 4054 2630 4122 etoperibusexsecutus
2653 4066 2794 4104 sum.
2818 4069 2836 4102 ι
2863 4049 2927 4104 Et
2950 4047 3082 4113 dixi,
3107 4045 3280 4104 Omne
3304 4044 3590 4101 consilium

2009 4163 2188 4202 meum
2221 4147 2410 4212 stabit,
2441 4154 2496 4200 et
2529 4144 2712 4200 omnia
2761 4155 3099 4212 quascunque
3166 4131 3462 4194 deliberavi
3511 4136 3594 4191 fa-

2009 4240 2170 4306 ciam;
2209 4257 2228 4291 t
2255 4248 2420 4309 atque
2459 4238 2654 4292 iterum
2681 4251 2743 4291 ea
2774 4233 3056 4303 complebo
3078 4233 3130 4287 i-n
3164 4231 3358 4286 futuris
3390 4239 3597 4300 tempo-

2011 4333 2192 4397 ribus;
2242 4343 2297 4387 et
2335 4344 2672 4401 quaecunque
2727 4327 3022 4382 deliberavi
3074 4339 3138 4379 ac
3184 4322 3426 4389 decrevi,
3469 4336 3596 4376 eon-

2010 4435 2267 4498 gruenter
2298 4425 2568 4490 evenient,
2600 4437 2687 4476 me
2716 4419 2880 4475 dictis
2907 4418 3042 4472 meis
3071 4418 3229 4471 linem
3270 4423 3322 4470 et
3353 4413 3592 4482 comple-

314 4531 482 4601 λομαι
507 4568 522 4590 .
575 4527 666 4582 διὰ
696 4527 791 4582 τοῦ
831 4527 1016 4582 καλεῖν
1061 4528 1188 4590 τοὺς
1235 4525 1477 4597 ἐμαυτοῦ
1505 4524 1783 4596 ὑπηρέτας
1832 4523 1893 4576 δι’

2011 4530 2251 4574 mentum
2279 4526 2583 4572 statuente:
2608 4516 2768 4584 idque
2788 4528 2897 4583 quo
2917 4523 3162 4579 tempore
3210 4508 3438 4570 lubebit,
3465 4522 3597 4561 evo-

316 4623 482 4695 ἅέρος
512 4620 844 4692 φερομένους
873 4619 1076 4690 ὀρνέων
1103 4618 1199 4672 καὶ
1231 4616 1498 4671 πετεινῶν
1535 4615 1692 4686 δίκην
1713 4631 1725 4643 ·
1757 4614 1902 4683 λέγω

316 4711 381 4784 δὴ
416 4711 518 4773 τὰς
543 4708 842 4778 ἀγγελικὰς
867 4707 1123 4777 δυνάμεις
1147 4708 1239 4760 καὶ
1271 4707 1339 4762 τὰ
1365 4704 1715 4778 λειτουργικὰ
1744 4705 1907 4759 πνεύ-

323 4820 470 4874 ματα
497 4800 566 4855 τὰ
594 4803 674 4866 εἰς
699 4801 975 4855 διακονίαν
1004 4798 1466 4870 ἀποστελλόμενα.

398 4949 417 4981 σ
456 4928 653 4984 Καλῶν
702 4926 811 4982 ἀπὸ
862 4923 1136 4979 ἀνατολῶν
1173 4925 1418 4976 πετεινὸν
1440 4964 1454 4986 ,
1511 4926 1608 4976 καὶ
1657 4924 1765 4977 ἀπὸ
1806 4923 1910 4992 γῆς

321 5021 608 5095 πόρρωθεν
631 5037 644 5049 ·
683 5019 812 5090 περὶ
835 5011 910 5072 ὧν
946 5015 1309 5087 βεϐούλευμαι
1337 5014 1611 5084 ἐλάλησα·
1645 5014 1739 5067 καὶ
1772 5014 1910 5083 ἠγα-

322 5133 440 5185 γον,
480 5113 670 5166 ἔκτισα
704 5111 798 5165 καὶ
834 5110 1084 5179 ἐποίησα.
1126 5107 1373 5174 ’Ήγαγον
1403 5106 1568 5159 αὐτὸν
1589 5148 1603 5168 ,
1641 5106 1735 5158 καὶ
1775 5103 1915 5158 εύώ-

324 5209 474 5262 δωσα
538 5206 637 5278 τὴν
673 5204 789 5259 ὁδὸν
835 5202 1020 5256 αὑτοῦ.
1067 5199 1361 5254 Ἀκούσατέ
1393 5216 1516 5269 μου,
1555 5200 1605 5251 οἱ
1636 5197 1912 5251 ἀπολωλε-

327 5299 486 5361 κότες
509 5297 607 5368 τὴν
636 5295 885 5368 καρδίαν,
927 5294 977 5346 οἱ
1009 5291 1224 5363 μακράν
1254 5290 1364 5343 ἀπὸ
1397 5291 1498 5360 τῆς
1537 5287 1906 5358 δικαιοσύνης.

330 5389 575 5456 Ἥγγισα
600 5386 698 5457 τὴν
723 5383 1071 5453 δικαιοσύνην
1106 5398 1229 5452 μου,
1263 5381 1357 5433 καὶ
1380 5380 1480 5450 τὴν
1509 5379 1782 5448 σωτηρίαν
1807 5378 1906 5449 τὴν

328 5481 459 5551 παρ’
485 5478 620 5551 ἐμοῦ
636 5479 698 5532 οὐ
726 5475 991 5549 βραδυνῶ.
1024 5473 1242 5526 Δέδωκα
1275 5473 1334 5525 ἐν
1357 5471 1494 5523 Σιὼν
1523 5470 1802 5540 σωτηρίαν
1829 5467 1909 5540 τῷ

340 5571 561 5644 Ἰσραὴλ
589 5572 669 5633 εἰς
687 5569 951 5639 δόξασμα.
1000 5586 1018 5617 ι

839 5677 1236 5736 ΚΕΦΑΛΔΙΟΝ
1265 5677 1398 5732 ΜΖ’.

408 5811 427 5844 ι
465 5791 774 5862 Κατάϐηθι,
820 5790 1042 5845 κάθισον
1078 5790 1168 5843 ἐπὶ
1201 5789 1299 5860 τὴν
1331 5788 1458 5860 γῆν,
1508 5783 1774 5858 παρθένος
1801 5763 1909 5836 θυ-

2015 4628 2146 4669 cans
2195 4613 2471 4666 ministros
2501 4623 2671 4669 meos,
2726 4607 2816 4675 qui
2869 4604 3050 4658 avium
3093 4601 3482 4669 volucrumque
3515 4599 3598 4651 in-

2013 4717 2129 4761 star
2158 4720 2254 4772 per
2286 4718 2468 4758 aerem
2524 4699 2806 4759 feruntur;
2866 4695 3139 4764 angelicas
3175 4693 3298 4746 dico
3345 4693 3594 4751 virtutes,

2012 4807 2068 4852 et
2083 4792 2578 4850 eadministratorios
2599 4789 2822 4859 spiritus
2849 4829 2864 4854 ,
2900 4787 2954 4841 in
2986 4786 3342 4840 ministerium
3377 4783 3594 4837 misso-.

2084 4907 2250 4962 Vens.
2279 4907 2468 4961 11-15.
2505 4926 2523 4956 ε
2561 4905 2772 4960 Vocans
2807 4904 2874 4957 ab
2903 4902 3114 4957 oriente
3143 4899 3441 4964 volucrem,
3474 4905 3530 4950 et
3565 4912 3595 4948 a

2016 5011 2156 5056 terra
2191 5002 2505 5072 longinqua,
2529 4999 2595 5054 de
2620 4996 2817 5068 quibus
2856 4992 3148 5050 deliberavi
3191 4993 3402 5046 locutus
3428 5003 3544 5041 sum
3581 5004 3594 5040 :

2014 5106 2068 5149 et
2097 5096 2319 5158 adduxi,
2357 5093 2536 5148 crcavi
2567 5101 2621 5146 et
2651 5091 2775 5145 feci.
2815 5089 2948 5143 Duxi
2995 5101 3140 5149 eum,
3184 5094 3238 5139 et
3278 5095 3593 5152 prosperum

2017 5191 2116 5243 feci
2152 5190 2255 5240 iter
2287 5187 2422 5254 ejus.
2483 5185 2676 5241 Audite
2733 5199 2817 5237 me
2843 5181 2931 5251 qui
2993 5177 3232 5250 periistis
3280 5175 3464 5232 corde,
3502 5171 3592 5240 qni

2015 5281 2172 5349 longe
2209 5281 2342 5334 estis
2371 5295 2400 5332 a
2428 5278 2654 5348 justitia.
2699 5276 2929 5330 Admovi
2975 5271 3240 5341 justitiam
3296 5279 3494 5326 meam,
3539 5275 3594 5316 et

2012 5375 2264 5436 salutem,
2297 5388 2416 5442 quat
2442 5387 2470 5426 a
2501 5387 2584 5426 me
2606 5380 2708 5434 est,
2739 5385 2844 5422 non
2869 5366 3084 5420 tardare
3113 5361 3332 5416 faciam.
3373 5355 3499 5411 Dedi
3533 5355 3586 5409 in

2015 5469 2142 5523 Sion
2179 5465 2406 5522 salutem
2439 5465 2622 5520 lsraeli
2663 5465 2715 5516 in
2744 5460 2992 5533 gloriam.
3041 5475 3059 5508 ι

2565 5662 2794 5724 CAPUT
2856 5661 3060 5718 XLVII.
3092 5676 3094 5680 '

2088 5784 2250 5838 Vens.
2286 5781 2336 5837 l.
2368 5798 2386 5834 ι
2419 5780 2714 5838 Descende.
2758 5778 2886 5833 sede
2935 5788 3094 5844 super
3156 5779 3383 5828 terram.
3442 5767 3595 5836 "irgo
