4130 6388
461 371 570 428 ηε
1140 367 1413 426 EUSEBH
1451 365 1929 427 CESARIENSIS
1968 367 2116 424 OPP.
2159 365 2342 422 PARS
2379 366 2471 423 Ill.
2512 397 2580 408 -—
2619 365 3034 423 EXEGETICA.
3621 364 3733 420 49.4

457 492 567 548 ﬁlia
606 491 914 563 Babylonis.
955 509 974 542 ι
1006 488 1107 546 Hic
1135 506 1234 546 ceu
1272 502 1562 560 personam
1613 491 1902 561 quamdam
1954 506 2034 547 re-

2146 490 2325 560 γάτηρ
2351 487 2688 552 Βαϐυλῶνος.
2733 509 2751 540 ι
2793 485 3300 560 Προσωποποιεῖται
3329 485 3386 539 δὲ
3428 485 3488 540 ἐν
3520 487 3736 552 τούτοις

455 603 620 656 gnum
649 600 836 640 eorum
869 583 1179 648 alloquitur,
1217 584 1362 653 quod
1396 583 1561 637 etiam
1615 583 1777 637 filiam
1818 583 2047 655 Babylo-

456 678 544 733 nis
568 685 769 732 vocat:
803 675 1065 744 virginem
1119 676 1247 728 item
1292 685 1476 740 vocat,
1517 677 1662 746 quod
1707 676 1932 746 virginis
1961 678 2044 731 in-

455 780 590 834 star,
628 767 962 823 ornamentis
989 777 1044 821 et
1070 767 1267 822 decore
1298 766 1521 837 fulgeat,
1564 767 2046 849 velitquejuyenis

455 868 510 914 et
547 859 723 929 puella
769 859 938 913 videri
995 874 1058 913 ac
1111 860 1436 915 existimari.
1496 860 1635 916 Hinc
1675 876 1818 926 eam,
1855 877 1952 916 ceu
1991 862 2042 916 in

454 950 670 1006 sublimi
712 950 830 1004 loco
859 949 1160 1016 sedentem,
1204 965 1429 1020 surgere
1469 950 1625 1019 jubet
1670 965 1735 1006 ac
1755 951 1822 1006 de
1849 952 2044 1006 throno

453 1057 552 1097 suo
583 1041 933 1106 descendere,
968 1051 1132 1109 atque
1189 1042 1338 1096 humi
1387 1044 1599 1106 sedere,
1660 1057 1723 1097 ac
1757 1042 2046 1112 turpitudi-

453 1149 575 1189 nem
617 1133 860 1188 revelare
903 1148 1081 1202 suam,
1119 1148 1282 1202 quam
1325 1150 1390 1189 ex
1432 1133 1522 1188 illa
1566 1134 1621 1190 in
1653 1135 2046 1190 deterius-mu-

453 1225 657 1282 tatione
688 1227 944 1294 patietur.

534 1424 689 1464 usus.
723 1409 780 1472 2,
813 1409 869 1464 5.
909 1426 928 1460 ι
966 1407 1105 1463 Sede
1139 1410 1191 1462 in
1243 1417 1412 1474 terra,
1466 1407 1572 1462 filia
1605 1407 1982 1464 Chaldaeorum
2024 1423 2040 1460 :

451 1504 641 1573 accipe
675 1500 895 1564 molam,
928 1509 981 1553 et
1015 1499 1155 1556 mole
1200 1501 1458 1556 farinam.
1497 1499 1702 1556 Revela
1733 1498 2043 1567 operimen-

452 1607 567 1649 tum
605 1605 776 1658 tuum,
810 1594 998 1663 detege
1030 1607 1217 1657 canos,
1253 1593 1462 1648 denuda
1502 1592 1684 1656 tibias,
1743 1590 1912 1644 transi
1945 1587 2044 1642 llu-

449 1689 589 1743 vios.
626 1705 644 1739 ι
683 1686 953 1754 Deposita,
982 1684 1176 1754 inquit,
1213 1685 1357 1753 regia
1387 1683 1471 1737 illa
1510 1681 1808 1752 voluptate,
1833 1679 2043 1734 ancillae

452 1780 628 1835 instar
649 1794 967 1833 aerumnosa:
988 1793 1054 1832 ac
1077 1776 1232 1831 molae
1253 1774 1566 1839 servientis,
1592 1774 1658 1828 ad
1695 1771 2042 1826 serviendum

2148 582 2246 653 τὴν
2291 580 2568 651 βασιλείαν
2621 582 2822 645 αὐτῶν,
2868 577 3143 649 θυγατέρα
3182 579 3499 646 Βαϐυλῶνος
3533 583 3740 655 ὀνομά-

2146 673 2254 737 ζων
2285 673 2456 744 αύτήν
2483 690 2495 700 ·
2532 673 2690 726 καλεί
2737 673 2795 726 δὲ
2837 672 3005 743 αὐτὴν
3041 672 3137 726 καὶ
3179 673 3483 744 παρθένον,
3537 675 3628 730 διὰ
3673 677 3735 730 τὸ

2144 765 2476 838 ὼραῖξεσθαι
2505 767 2598 819 καὶ
2635 763 3076 830 καλλωπίζεσθαι
3104 764 3379 836 παρθένου
3403 766 3579 837 δίκην,
3618 767 3734 838 βού-

2143 857 2328 910 λεσθαί
2352 875 2411 911 τε
2434 857 2886 926 φαίνεσθαινέαν,
2912 857 3008 910 καὶ
3035 857 3203 928 κόρην
3230 853 3367 912 εἶναι
3391 859 3733 930 νομίζεσθαι.

2143 946 2256 1004 Εἶθ’
2289 950 2364 1014 ὼς
2398 951 2455 1002 ἐν
2489 949 2613 1021 ὕψει
2640 949 2982 1021 καθημένην,
3015 949 3367 1022 διαναστῆναι
3392 953 3530 1022 αὐτῇ
3571 969 3737 1024 προσ-

2139 1041 2328 1095 τάττει
2354 1042 2450 1095 καὶ
2494 1041 2802 1111 καταϐῆναι
2850 1041 2960 1094 ἀπὸ
3000 1040 3095 1094 τοῦ
3146 1043 3346 1114 ἑαυτῆς
3372 1043 3585 1114 θρόνου,
3635 1047 3737 1099 καὶ

2142 1132 2474 1202 καθεσθῆναι
2507 1133 2601 1186 ἐπὶ
2637 1133 2736 1204 τῆς
2773 1133 2898 1202 γῆς,
2943 1133 3038 1186 καὶ
3069 1133 3386 1205 ἀποκρύψαι
3411 1137 3610 1208 ἐαυτῆς
3631 1137 3738 1210 τὴν

2141 1224 2547 1296 ἀσχημοσύνην,
2583 1227 2650 1297 ἢν
2666 1225 2910 1280 πείσεται
2941 1228 3005 1279 ἐκ
3031 1227 3129 1298 τῆς
3157 1228 3249 1280 ἐπὶ
3280 1228 3341 1281 τὸ
3362 1231 3542 1300 χεῖρον
3565 1247 3738 1301 μετα-

2142 1317 2304 1388 ϐολῆς

2219 1429 2236 1460 ι
2273 1408 2513 1461 Κάθισον
2542 1409 2623 1470 εἰς
2659 1406 2758 1478 τὴν
2810 1408 2932 1478 γῆν,
2978 1406 3216 1478 θύγατερ
3244 1407 3524 1461 Χαλδαίων
3555 1426 3568 1438 ο
3597 1409 3733 1462 λάϐε

2146 1501 2330 1572 μύλον,
2381 1501 2572 1555 ἀλεσον
2631 1499 2876 1572 ἄλευρον.
2950 1500 3320 1570 Ἀποκάλυψαι
3364 1500 3424 1553 τὸ
3487 1502 3734 1554 κατακά-

2142 1594 2332 1665 λυμμά
2365 1611 2483 1654 σου.
2531 1592 2873 1661 ἀνακάλυψαι
2927 1591 3025 1656 τὰς
3085 1591 3298 1656 πολιὰς,
3353 1592 3595 1664 ἀνάσυρε
3628 1594 3730 1658 τὰς

2143 1688 2376 1756 κνήμας,
2407 1683 2620 1755 διάϐηθι
2645 1684 2940 1755 ποταμούς.
2979 1703 2997 1735 ι
3035 1683 3392 1755 Ἀποθεμένη,
3431 1686 3592 1756 φησὶ,
3627 1686 3729 1756 τὴν

2144 1777 2430 1848 βασιλικήν
2476 1776 2692 1847 ἐκείνην
2730 1776 2943 1847 τρυφήν
2965 1816 2978 1839 ,
3021 1775 3360 1847 θεραπαίνης
3392 1777 3590 1847 τρόπον
3625 1795 3727 1830 κα-

451 1873 690 1927 dominis
725 1872 830 1926 tuis
863 1881 915 1924 te
959 1878 1242 1938 apparato.
1301 1868 1648 1934 Acceptaque
1696 1861 1860 1925 mola,
1893 1861 2034 1915 mole

2138 1866 2408 1930 κοπαθοῦς
2429 1883 2573 1929 τινος
2600 1867 2692 1919 καὶ
2720 1865 3053 1937 μυλωθρίδος
3080 1866 3498 1938 παρασκεύασον
3524 1869 3728 1936 σεαυτῇ

454 1965 550 2030 ibi,
581 1965 686 2019 hac
718 1965 848 2018 dura
872 1972 926 2018 et
947 1961 1216 2016 laboriosa
1257 1958 1520 2014 servitute
1543 1971 1664 2012 cum
1694 1953 1920 2025 pristina
1947 1967 2042 2007 vo-

453 2061 662 2130 luptate
692 2063 1142 2112 commutata.....

521 2324 690 2380 Vnus.
727 2323 782 2380 6.
824 2339 843 2374 ι
876 2321 1051 2377 Iratus
1101 2335 1222 2376 sum
1283 2327 1473 2374 contra
1524 2317 1779 2389 populum
1832 2331 2036 2383 meum,

451 2416 839 2473 contaminasti
892 2413 1265 2470 haereditatem
1294 2427 1490 2466 meam.
1549 2410 1658 2481 Ego
1698 2407 1818 2464 dedi
1867 2422 1962 2462 eos
1985 2407 2037 2461 in

451 2525 671 2565 manum
729 2518 875 2562 tuam
906 2523 922 2562 :
954 2517 1009 2561 tu
1041 2519 1172 2560 vero
1208 2519 1315 2559 non
1355 2501 1549 2558 dedisti
1599 2501 1680 2555 eis
1731 2498 2040 2553 misericor-

451 2605 619 2658 diam.
659 2619 680 2655 ι
714 2600 844 2656 Haec
883 2600 1082 2669 quippe
1115 2607 1233 2654 erat
1278 2594 1561 2666 disciplina
1611 2603 1726 2660 tua,
1765 2605 1872 2662 qua
1913 2605 2041 2645 eru-

453 2696 692 2752 diebaris
717 2708 748 2748 a
784 2693 1054 2764 nrincipio
1091 2689 1376 2760 temporis,
1405 2696 1459 2742 et
1484 2702 1513 2741 a
1536 2685 1822 2755 iuventute
1853 2698 2036 2739 tua....

991 2845 1222 2902 CAPUT
1258 2842 1468 2899 XLVIII

522 2961 689 3018 Vens.
727 2962 783 3028 l,
813 2961 868 3014 2.
903 2979 922 3012 ι
957 2959 1156 3015 Audite
1191 2959 1330 3024 haac,
1371 2959 1568 3012 domus
1598 2953 1791 3020 Jacob,
1815 2953 1909 3024 qui
1941 2966 2038 3006 vo-

453 3055 650 3112 camini
681 3053 902 3107 nomine
932 3051 1099 3106 lsrael
1120 3092 1136 3117 ,
1181 3058 1233 3103 et
1285 3048 1479 3103 existis
1505 3061 1572 3102 ex
1595 3045 1736 3101 Juda
1761 3086 1776 3108 ,
1805 3044 1896 3114 qui
1947 3044 2036 3115 ju-

453 3146 590 3203 ratis
616 3146 668 3201 in
698 3145 921 3201 nomine
945 3143 1160 3198 Domini
1192 3142 1288 3197 Dei
1333 3139 1502 3196 Israel
1523 3180 1538 3207 ,
1567 3138 1664 3209 qui
1706 3136 2039 3193 recordami-

2140 1959 2411 2014 δουλεύειν
2453 1961 2564 2022 τοῖς
2614 1959 2816 2029 ἑαυτῆς
2845 1958 3154 2023 δεσπόταις.
3188 1958 3369 2012 Μύλον
3394 1958 3593 2030 δηλαδὴ
3634 1975 3732 2011 Λα-

2141 2053 2333 2115 ϐοὖσα,
2376 2055 2434 2106 ἐν
2484 2051 2634 2123 αὐτῷ
2665 2051 2879 2116 ἀλεσον,
2913 2050 3011 2121 τὴν
3069 2050 3312 2122 σκληρὰν
3358 2051 3586 2122 ταύτην,
3637 2068 3736 2104 και

2141 2146 2402 2199 ἐπίπονον
2431 2144 2675 2216 θητείαν,
2707 2144 2806 2215 τῆς
2835 2143 3003 2198 πάλαι
3035 2146 3247 2215 τρυφῆς
3275 2143 3736 2211 ἀντικαταλλάξα-

2145 2238 2359 2309 μένη...

2217 2349 2235 2381 ι
2274 2329 2640 2402 Παρωξύνθην
2676 2329 2767 2382 ἐπὶ
2792 2326 2871 2399 τῷ
2901 2327 3015 2398 λαῷ
3047 2345 3171 2398 μου,
3213 2327 3442 2399 ἐμίανας
3469 2328 3568 2400 τὴν
3595 2328 3733 2402 κλη-

2142 2423 2399 2494 ρονομίαν
2427 2440 2546 2493 μου.
2588 2420 2728 2490 Ἐγὼ
2747 2419 2924 2474 ἔδωκα
2945 2420 3142 2482 αὐτοὺς
3169 2421 3249 2483 εἰς
3275 2421 3373 2493 τὴν
3400 2423 3558 2492 χεῖρά
3591 2439 3686 2476 σου
3715 2437 3729 2450 °

2142 2517 2206 2568 σὺ
2235 2515 2291 2567 δὲ
2319 2514 2420 2567 οὐκ
2453 2514 2661 2576 ἔδωκας
2685 2515 2868 2577 αὐτοῖς
2910 2513 3076 2575 ἔλεος.
3117 2532 3136 2564 ›
3183 2511 3370 2566 Ταῦτα
3397 2515 3506 2584 γάρ
3539 2514 3630 2567 σοῦ
3658 2510 3731 2586 ἦν

2138 2603 2207 2656 τά
2233 2603 2549 2675 μαθήματα,
2583 2603 2619 2658 ἀ
2649 2603 2951 2676 ἐμάνθανες
2986 2603 3045 2667 ἐξ
3073 2603 3250 2674 ἀρχῆς
3282 2604 3510 2676 χρόνων,
3542 2606 3636 2658 καὶ
3661 2607 3728 2658 ἐκ

2140 2693 2390 2764 νεότητός
2428 2711 2542 2747 σου.
2555 2734 2566 2747 .
2579 2735 2592 2748 .

2646 2852 3045 2907 ΚΕΦΑΛΑΙΟΝ
3075 2855 3216 2908 MH'.

2215 2979 2235 3012 ι
2286 2960 2578 3016 Ἀκούσατε
2616 2963 2809 3029 ταῦτα,
2849 2961 2998 3029 οἶκος
3059 2965 3275 3030 Ἰακὼϐ,
3309 2967 3358 3020 οἱ
3400 2967 3728 3039 κεκλημένοι

2139 3053 2233 3108 ἐπὶ
2277 3053 2356 3126 τῷ
2401 3056 2624 3128 ὀνόματι
2683 3059 2919 3131 Ἰσραὴλ,
2957 3059 3051 3112 καὶ
3087 3059 3145 3126 ἐξ
3188 3061 3359 3114 Ἰούδα
3396 3061 3728 3128 ἐξελθόντες,

2141 3146 2190 3198 οἱ
2223 3146 2521 3216 ὀμνύοντες
2568 3147 2644 3219 τῷ
2677 3151 2904 3221 ὀνόματι
2932 3150 3138 3222 Κυρίου
3171 3151 3308 3204 Θεοῦ
3360 3153 3597 3225 Ἰσραὴλ,
3635 3172 3728 3225 μι-

452 3240 508 3295 ni
535 3279 551 3306 ,
575 3254 682 3294 non
714 3252 838 3294 cum
871 3237 1120 3300 veritate,
1153 3247 1328 3302 neque
1365 3248 1490 3287 cum
1519 3232 1732 3302 justitia
1763 3249 1777 3285 :
1814 3229 1906 3300 qui
1941 3227 2034 3284 ad-

2144 3211 2510 3309 μνησκόμενοι
2541 3211 3086 3313 ού’μετ’“ἀληθείας,
3133 3243 3254 3297 οὐδὲ
3287 3211 3733 3315 μετίδικαιοτύι

451 3331 673 3386 haeretis
724 3327 928 3384 nomini
986 3326 1226 3382 civitatis
1259 3332 1504 3382 sanctae.
1557 3331 1612 3376 et
1656 3335 1821 3390 super
1866 3321 2034 3374 Deum

449 3422 616 3479 Israel
663 3421 998 3478 conslabiliti
1031 3420 1166 3474 estis
1198 3437 1213 3474 :
1247 3414 1512 3472 Dom'inus
1561 3413 1802 3470 Sabaoth
1834 3428 2034 3468 nomen

450 3517 548 3572 illi.
584 3534 604 3569 ι
642 3515 938 3585 Postquam
982 3527 1046 3566 ea
1075 3525 1196 3581 qua:
1225 3509 1483 3580 Babyloni
1512 3546 1528 3572 ,
1571 3523 1636 3562 ac
1669 3506 1863 3561 incolis
1893 3505 2035 3574 regi-

449 3612 659 3680 busque
686 3608 804 3677 ejus
833 3618 1100 3662 eventura
1125 3612 1251 3659 sunt
1282 3600 1671 3673 praenuntiavit
1698 3636 1712 3662 ,
1745 3595 2032 3651 Judaicum

449 3703 704 3773 populum
749 3699 1048 3772 pramissis
1077 3696 1260 3752 verbis
1305 3695 1559 3764 coarguit
1602 3692 1792 3746 dicens
1827 3709 1842 3745 :
1877 3687 2034 3754 Quod

448 3809 615 3862 penes
640 3809 726 3848 me
748 3792 966 3861 justitia
1001 3791 1114 3857 sit,
1153 3790 1269 3844 hate
1316 3786 1588 3842 Chaldwis
1621 3784 1850 3839 inferam
1875 3823 1892 3848 ,
1927 3796 2034 3836 non

449 3887 593 3957 quod
618 3895 673 3940 tu
712 3885 920 3939 auxilio
947 3883 1148 3952 dignus
1187 3882 1284 3936 sis.
1310 3880 1378 3935 Et
1399 3881 1514 3934 haec
1545 3878 1843 3949 praedicere
1870 3890 2035 3930 occu-

449 3979 613 4048 pavi,
642 3988 931 4046 antequam
987 3990 1074 4029 res
1107 3974 1402 4036 eveniant,
1440 3970 1793 4041 praescientia
1847 3969 2030 4024 divina

448 4069 813 4133 vaticinatus;
854 4077 914 4121 ut
938 4075 1226 4136 postquam
1270 4065 1338 4118 ad
1376 4079 1490 4118 rem
1525 4073 1580 4117 et
1626 4063 1912 4116 terminum
1940 4062 2035 4116 de:

450 4163 608 4216 ducta
643 4160 846 4215 fuerint
895 4175 957 4213 ea
985 4199 1001 4226 ,
1049 4172 1170 4227 qua:
1224 4167 1414 4210 contra
1460 4155 1742 4210 Chaldaeos
1775 4155 2031 4224 prazdicta

450 4251 623 4318 fuere,
663 4266 730 4306 ne
759 4251 952 4307 borum
989 4263 1211 4306 causam
1242 4248 1309 4303 iis
1335 4288 1350 4314 ,
1377 4262 1516 4318 quos
1552 4249 1686 4303 deos
1723 4247 2027 4312 arbitraris,

448 4344 718 4399 ascribas.

520 4501 686 4557 Vsus.
711 4503 821 4557 5-5.
866 4520 886 4554 ι
923 4501 1114 4558 Priora
1138 4501 1318 4557 adhuc
1351 4500 1695 4565 annuntiavi,
1726 4511 1782 4555 et
1831 4514 1896 4554 ex
1931 4515 2028 4556 ore

447 4607 573 4647 meo
597 4594 880 4658 exierunt;
896 4605 952 4650 et
983 4596 1234 4649 auditum
1270 4594 1471 4648 factum
1500 4605 1618 4650 est:
1647 4605 1870 4664 repente
1899 4593 2025 4659 feci,

446 4694 503 4740 et
526 4695 814 4740 venerunt.
859 4687 985 4742 Scio
1020 4689 1142 4756 quia
1172 4687 1342 4742 durus
1381 4702 1438 4742 es
1464 4726 1479 4752 ,
1511 4698 1564 4740 et
1591 4702 1790 4741 nervus
1819 4685 2030 4741 ferreus

446 4777 644 4834 collum
675 4788 848 4844 tuum,
873 4789 925 4833 et
953 4779 1100 4834 frons
1131 4790 1220 4834 tua
1249 4795 1418 4835 aenea.
1468 4781 1531 4834 Et
1572 4779 1886 4834 annuntiavi
1927 4779 2026 4833 tibi

447 4879 652 4935 vetera,
687 4881 978 4940 antequam
1017 4874 1239 4926 veniant
1283 4873 1334 4927 in
1371 4885 1440 4928 te.
1472 4873 1731 4928 Auditum
1767 4873 1862 4928 tibi
1897 4873 2023 4939 feci,

448 4977 516 5017 ne
546 4963 683 5017 forte
725 4963 877 5018 dicas
906 5005 919 5027 ,
967 4964 1251 5032 Sculptilia
1287 4975 1340 5020 et
1389 4965 1683 5020 conﬂatilia
1730 4968 2020 5020 mandave-

445 5065 573 5111 runt
604 5057 754 5110 mihi.
792 5075 810 5108 ι
852 5055 928 5111 Ne
964 5057 1104 5112 forte
1147 5059 1306 5111 rebus
1347 5059 1729 5113 evenientibus
1757 5099 1772 5123 ,
1815 5067 1869 5112 te
1909 5060 2024 5128 ipse

447 5147 742 5216 decipiens,
772 5159 930 5219 putes
968 5165 1061 5205 eos
1107 5166 1243 5220 quos
1287 5152 1524 5205 errando
1552 5151 1684 5205 deos
1713 5151 2023 5219 arbitraris,

447 5240 561 5294 haec
607 5239 874 5296 effecisse.
920 5242 1119 5298 Verum
1160 5243 1274 5296 luec
1319 5243 1681 5313 prmscientiaa
1728 5260 1862 5301 mete
1913 5261 2022 5300 non

446 5329 644 5396 latent,
683 5342 734 5387 te
769 5349 835 5389 ne
877 5351 943 5390 ex
977 5337 1060 5390 lllS
1104 5337 1320 5405 quidem
1352 5336 1534 5391 verbis
1565 5338 1842 5406 quidpiam
1881 5340 2024 5392 utili-

447 5423 572 5477 tatis
639 5437 1019 5497 pcrcepturum
1080 5441 1223 5481 esse.
1287 5427 1669 5482 Verumtamen
1734 5428 2020 5485 clementia

2139 3349 2267 3402 νηςο
2310 3333 2405 3387 καὶ
2449 3335 2798 3406 ἀντεχόμενοι
2845 3335 2924 3407 τῷ
2973 3337 3199 3410 ὀνόματι
3244 3339 3345 3408 τῆς
3379 3339 3590 3404 πόλεως
3631 3342 3732 3414 τῆς

2139 3425 2320 3492 ἁγίας,
2370 3428 2462 3479 καὶ
2511 3429 2603 3480 ἐπὶ
2643 3427 2722 3499 τῷ
2759 3428 2878 3499 Θεῷ
2925 3430 3142 3501 Ἰσραὴλ
3185 3432 3726 3504 ἀντιστηριζόμενοι·

2136 3517 2342 3587 Κύριος
2373 3518 2599 3572 Σαϐαὼθ
2642 3520 2813 3592 ὄνομα
2847 3521 3014 3593 αὐτῷ.
3057 3541 3077 3574 ι
3117 3523 3196 3576 Τά
3229 3525 3630 3594 ἐπελευσόμενα
3657 3529 3724 3598 τῇ

2136 3607 2435 3672 Βαϐυλῶνι,
2470 3612 2583 3673 τοῖς
2615 3627 2674 3662 τε
2709 3611 2988 3682 οἰκήτορσι
3025 3613 3117 3666 καὶ
3163 3617 3274 3676 τοῖς
3308 3613 3587 3682 βασιλεῦσι
3622 3617 3725 3668 αύ-

2133 3697 2230 3768 τῆς
2263 3700 2736 3771 προαναφωνήσας
2769 3702 2797 3752 ὁ
2824 3700 3002 3768 λόγος,
3047 3703 3136 3756 τὸν
3171 3702 3277 3756 τῶν
3314 3703 3582 3757 Ἰουδαίων
3615 3705 3726 3761 ἀπ·-

2135 3789 2343 3859 ελέγχει
2385 3789 2509 3843 λαὸν
2548 3790 2638 3843 διὰ
2673 3791 2782 3845 τῶν
2814 3794 3190 3864 προκειμένων
3221 3795 3465 3862 φάσκων,
3510 3797 3592 3850 ὅτι
3636 3797 3728 3853 διὰ

2133 3879 2194 3932 τὸ
2232 3880 2361 3950 παρ’
2396 3881 2520 3952 ἐμοὶ
2559 3881 2766 3935 δίκαιον
2811 3883 2998 3948 ἐπάξω
3029 3884 3203 3937 ταῦτα
3247 3887 3386 3940 κατά
3427 3887 3536 3941 τῶν
3577 3889 3724 3942 Xa).-

2132 3969 2317 4024 δαίων·
2343 3972 2403 4025 ού
2433 3973 2539 4044 μὴν
2564 3973 2648 4025 ὅτι
2681 3975 2746 4027 σὺ
2771 3973 3026 4044 βοηθείας
3047 3970 3190 4044 ἦσθα
3223 3975 3390 4041 ἄξιος.
3421 3979 3532 4032 Καὶ
3555 3979 3728 4034 ταῦτα

2134 4064 2422 4134 προλαϐὼν
2474 4068 2735 4136 προεῖπον
2788 4066 2918 4136 πρὶν
2969 4067 3224 4134 γενέσθαι
3277 4069 3348 4121 τὰ
3400 4071 3724 4141 πράγματα,

2133 4157 2440 4230 προγνώσει
2491 4158 2644 4230 θεῖκῇ
2695 4159 2988 4222 θεσπίσας·
3043 4160 3107 4211 ἵν’
3155 4162 3376 4216 ἐπειδάν
3422 4165 3503 4227 είς
3550 4165 3726 4237 πέρας

2132 4249 2295 4320 ἀχθῇ,
2325 4249 2419 4302 κα)⁸
2453 4249 2517 4303 δι’
2558 4249 2736 4321 ἔργων
2773 4251 2998 4322 χωρήσῃ
3029 4251 3098 4304 τὰ
3131 4253 3272 4308 κατὰ
3295 4254 3404 4306 τῶν
3437 4255 3724 4312 Χαλδαίων

2132 4341 2607 4412 προηγορευμένα,
2661 4339 2736 4411 μὴ
2784 4334 2865 4403 οἷς
2911 4341 3154 4410 νομίζεις
3202 4342 3344 4406 θεοῖς
3393 4343 3492 4414 τὴν
3542 4346 3724 4400 αἰτίαν

2131 4429 2407 4499 ἀναθείης.

2209 4535 2227 4568 ι
2269 4517 2348 4570 Τὰ
2378 4517 2623 4588 πρότερα
2650 4516 2728 4570 ἐτι
2764 4519 3080 4589 ἁνήγγειλα,
3110 4521 3204 4574 καὶ
3233 4523 3297 4574 ἐκ
3324 4521 3419 4574 τοῦ
3456 4522 3723 4592 στόματός

2138 4625 2238 4678 μου
2271 4606 2481 4678 ἐξῆλθε,
2514 4607 2607 4659 καὶ
2641 4607 2905 4661 ἀκουστὸν
2937 4609 3172 4677 ἐγένετοσ
3210 4611 3436 4676 ἐξάπινα
3465 4611 3719 4683 ἐποίησα,

2134 4702 2230 4753 καὶ
2273 4699 2495 4771 ἐπῆλθε.
2531 4697 2808 4763 Γινώσκω,
2858 4702 2939 4754 ὅτι
2985 4702 3220 4774 σκληρὸς
3265 4698 3334 4767 εἷ,
3391 4705 3484 4758 καὶ
3526 4704 3720 4774 νεῦρον

2137 4793 2387 4864 σιδηροῦν
2414 4796 2443 4846 ὁ
2472 4795 2741 4866 τράχηλὸς
2772 4813 2888 4858 σου,
2936 4796 3030 4848 καὶ
3059 4795 3120 4848 τὸ
3164 4796 3412 4865 μέτωπόν
3457 4813 3550 4848 σου
3585 4796 3720 4866 χαλ-

2135 4882 2284 4937 κοῦν.
2312 4884 2423 4936 Καὶ
2446 4885 2746 4954 ἀνήγγειλά
2774 4903 2854 4938 σοι
2884 4885 3110 4947 παλαιὰ,
3148 4885 3275 4956 πρὶν
3307 4885 3478 4937 ἐλθεῖν
3507 4886 3597 4937 ἐπὶ
3625 4887 3684 4939 σέ
3702 4904 3719 4919 ·

2133 4975 2398 5027 ἀκουστὸν
2433 4992 2514 5028 σοι
2536 4977 2787 5047 ἐποίησα,
2820 4980 3026 5048 μήποτε
3060 4977 3220 5049 εἴπῃς
3244 5018 3258 5040 ,
3286 4979 3368 5030 ὅτι
3398 4979 3479 5031 Τὰ
3505 4979 3722 5046 γλυπτά

2131 5067 2224 5118 καὶ⁴
2256 5065 2323 5118 τὰ
2352 5067 2593 5136 χωνευτά
2635 5069 2934 5121 ἐνετείλατό
2977 5086 3087 5139 μοι.
3121 5089 3138 5120 ι
3173 5071 3401 5140 Μήποτε
3431 5069 3537 5122 τῶν
3574 5087 3719 5142 πρα-

2129 5158 2355 5227 γμάτων
2387 5159 2741 5224 ἐπελθόντων,
2777 5160 3002 5214 ἀπατῶν
3035 5161 3250 5225 σαυτὸν,
3283 5162 3410 5224 τοὺς
3442 5161 3721 5232 πεπλανη-

2133 5249 2308 5320 μένως
2359 5250 2746 5322 νομιζομένους
2797 5269 2878 5304 σοι
2927 5252 3082 5314 θεοὺς
3133 5253 3533 5324 πεποιημένους
3576 5254 3718 5308 αύτά

2128 5342 2427 5412 νομίσειας.
2482 5344 2628 5414 Πλὴν
2681 5345 2772 5396 καὶ
2823 5344 2981 5397 τοῦτο
3030 5345 3130 5414 τὴν
3173 5345 3314 5415 ἐμὴν
3352 5346 3412 5398 ού
3463 5345 3716 5400 λανθάνει

2129 5432 2457 5504 πρόγνωσιν,
2491 5436 2552 5488 τὸ
2587 5435 2708 5507 μηδ’
2757 5437 2821 5488 ἐκ
2867 5435 3071 5489 τούτων
3118 5436 3571 5508 ὠφεληθήσεσθαι
3604 5437 3718 5492 τῶν

446 5526 620 5570 motus
654 5534 792 5582 mea,
825 5521 987 5574 etiam
1015 5537 1158 5574 nunc
1190 5520 1478 5585 testificor,
1513 5534 1576 5574 ac
1619 5523 1882 5576 annuntio
1929 5523 2024 5576 tibi

2137 5525 2320 5594 λόγων.
2367 5525 2560 5598 ’Ὸμως
2595 5529 2637 5580 δ’
2671 5524 2765 5581 οὖν
2801 5528 2895 5581 ἐπὶ
2928 5529 3027 5599 μὲν
3067 5532 3130 5601 τῇ
3175 5529 3370 5583 ἑαυτοῦ
3404 5529 3715 5602 φιλανθρω-

442 5619 528 5668 ea,
563 5624 680 5676 qua:
703 5610 957 5683 Babyloni
981 5625 1034 5669 et
1057 5611 1324 5669 Chaldzeis
1355 5621 1408 5670 te
1432 5615 1832 5685 oppugnaturis
1861 5631 2026 5671 even-

446 5707 563 5753 tura
589 5715 736 5757 sunt.

2125 5618 2244 5690 πίᾳ,
2279 5618 2359 5672 ἐτι
2403 5619 2498 5672 καὶ
2545 5618 2640 5672 νῦν
2686 5618 3058 5692 μαρτύρομαι,
3103 5623 3196 5676 καὶ
3227 5622 3610 5694 διαστέλλομαί
3651 5639 3713 5676 σε

2122 5707 2196 5787 τά,
2241 5710 2630 5782 συμϐησόμενα
2676 5713 2744 5782 τῇ
2791 5711 3073 5766 Βαϐυλῶνι
3123 5716 3218 5769 καὶ
3265 5717 3376 5778 τοῖς
3425 5713 3714 5779 Χαλδαίοις

2119 5795 2232 5864 iob;
2261 5801 2516 5872 μέλλουσί
2557 5821 2614 5856 σε
2646 5805 3070 5876 καταπολεμετν.

4114 3776 4130 3826 ι

4114 3851 4130 3903 i

4113 3943 4130 3995 ἃ

4113 4036 4130 4085 ε

4113 4129 4130 4177 λ

4117 4222 4130 4272 ἒ

4122 4315 4130 4366 i
