4130 6378
320 303 428 360 423

319 513 559 566 ἀκουστά
593 530 671 566 σοι
696 514 924 585 ἐποίησα
956 515 1023 569 τά
1051 518 1211 569 καινά
1242 518 1348 572 ἀπὸ
1378 520 1469 572 τοῦ
1507 520 1621 585 νῦν,
1644 522 1678 574 δι
1712 522 1893 592 μέλλει

317 604 595 675 γίνεσθαι·
634 606 726 657 καὶ
750 606 848 658 οὐκ
878 605 1056 670 εἶπας,
1090 609 1203 661 Νῦν
1231 610 1456 679 γίνεται,
1484 612 1579 663 καὶ
1610 612 1669 663 ού
1706 612 1891 678 πάλαι,

320 698 409 752 καὶ
442 698 503 750 οὐ
537 697 829 769 προτέραις
862 698 1094 769 ἡμέραις
1128 702 1367 771 ἧκουσας
1394 706 1549 758 αὑτά.
1584 704 1674 776 Μὴ
1709 706 1891 776 εἴπῃς,

317 791 425 844 Ναὶ
472 789 722 858 γινώσκω
762 790 918 843 αὐτά.
961 791 1088 845 Οὕτ⁹
1138 794 1329 863 ἔγνως,
1374 796 1484 848 οὔτ’
1528 798 1760 867 ἠπίστω,
1800 799 1888 850 ὅτε

318 880 410 936 ἀπ’
437 884 617 953 ἀρχῆς
649 880 836 952 ἦνοιξά
870 901 950 937 σοι
985 884 1051 937 τὰ
1085 878 1232 938 ὦτα·
1277 888 1445 955 ἔγνων
1486 889 1614 961 γὰρ,
1658 891 1738 942 ὃτι
1771 891 1896 943 ἀθε-

318 976 421 1027 τῶν
451 973 756 1044 ἀθετήσεις,
788 977 881 1027 καὶ
910 976 1109 1046 ἄνομος
1138 977 1216 1029 ἐτι
1249 979 1313 1030 ἐκ
1340 980 1546 1043 κοιλίας
1572 980 1837 1053 κληθήσῃ.
1869 1001 1887 1033 ι

318 1064 405 1135 Μὴ
448 1063 558 1134 γὰρ
594 1063 787 1116 σαυτὸν
829 1065 1048 1118 ἀπάτα·
1084 1067 1159 1139 μὴ
1198 1067 1344 1136 λέγε,
1379 1070 1459 1123 ὅτι
1506 1073 1597 1123 καὶ
1644 1072 1750 1139 πρὸ
1793 1073 1893 1143 τῆς

317 1156 453 1225 ἐμῆς
480 1155 815 1224 προφητείας
839 1156 1135 1224 ἐγίνωσκες
1169 1148 1307 1213 αύτά
1324 1178 1335 1189 ·
1360 1160 1522 1213 πόθεν
1539 1163 1647 1233 γάρ
1665 1180 1743 1215 σοι
1764 1182 1895 1236 παρ-

315 1245 378 1317 ῆν
408 1245 582 1299 ταῦτα
617 1245 942 1314 γινώσκειν;
985 1248 1132 1319 Πλὴν
1157 1250 1306 1304 οὐδέν
1340 1269 1398 1305 σε
1433 1255 1497 1305 ἐκ
1526 1254 1726 1308 τούτων
1752 1255 1894 1325 ὠφε-

314 1338 645 1411 ληθήσεσθαι
673 1338 780 1391 τῶν
801 1339 975 1407 λόγων
1005 1341 1328 1413 πέπεισμαι.

387 1558 406 1591 ι
447 1536 673 1593 Ἕνεκεν
709 1538 802 1594 τοῦ
833 1540 965 1611 ἐμοῦ
996 1541 1257 1613 ὀνόματος
1285 1542 1442 1610 δείξω
1491 1562 1572 1597 σοι
1601 1545 1690 1598 τὸν
1722 1542 1891 1616 θυμὸν

321 1648 435 1701 μου,
464 1632 561 1684 καὶ
590 1631 658 1685 τὰ
690 1630 875 1697 ἔνδοξα
919 1649 1018 1702 μου
1061 1633 1251 1697 ἐπάξω
1291 1634 1383 1687 ἐπὶ
1416 1637 1497 1699 σὲ,
1546 1637 1633 1689 ἵνα
1682 1638 1755 1708 μὴ
1807 1636 1893 1702 ἐξ-

316 1722 616 1796 ολοθρεύσω
652 1740 731 1775 σε.
764 1743 782 1775 ι
821 1724 1009 1794 Ὅμως
1038 1724 1167 1793 γοῦν
1193 1726 1253 1778 ού
1284 1725 1370 1780 διὰ
1407 1728 1486 1792 σέ,
1523 1728 1659 1781 ἀλλά
1685 1728 1771 1781 διὰ
1796 1730 1891 1801 τὴν

317 1815 547 1882 ἐμαυτοῦ
589 1814 993 1887 φιλανθρωπίαν
1038 1816 1285 1871 ἐντεῦθεν
1334 1818 1433 1890 ἥδη
1480 1820 1575 1873 καὶ
1623 1824 1886 1891 προεῖπον

318 1908 406 1960 καὶ
432 1907 680 1971 ἐπέδειξα
707 1924 789 1961 σοι
813 1908 879 1961 τὰ
921 1908 1205 1973 μέλλοντα,
1238 1910 1332 1962 καὶ
1360 1910 1449 1963 τὸν
1483 1911 1623 1964 κατά
1660 1911 1767 1963 τῶν
1796 1929 1890 1965 ποε-

317 1994 509 2066 λεμίων
545 1996 805 2067 μέλλοντα
828 1997 1035 2050 ἐπιέναι
1064 1997 1183 2050 ὅλεθ
1195 2016 1304 2069 ρον,
1334 2000 1650 2065 σπουδάζων
1674 2000 1761 2055 διὰ
1789 2003 1890 2055 πά-

322 2106 413 2161 σης
445 2088 769 2158 προφάσεως
804 2088 1039 2159 σωθῆναί
1069 2106 1150 2142 σε.

389 2198 406 2230 ι
450 2179 580 2231 Ἰδοὺ
613 2179 872 2249 πέπρακά
900 2194 958 2230 σε
987 2178 1085 2249 οὐχ
1123 2179 1306 2232 ἕνεκεν
1332 2182 1596 2253 ἀργυρίου
1622 2199 1637 2214 ·
1676 2183 1886 2251 ἐξειλά-

334 2271 500 2342 μην-δέ
530 2288 588 2323 σε
616 2272 679 2323 ἐκ
711 2270 940 2341 καμίνου
970 2274 1270 2343 πτωχείας·
1303 2274 1486 2327 ἕνεκεν
1520 2276 1655 2347 ἐμοῦ
1678 2280 1887 2348 ποιήσω

336 2362 533 2439 σοιηὸτι
573 2361 633 2414 τὸ
674 2360 804 2432 ἐμὸν
847 2361 1018 2433 ὖνομα
1055 2363 1398 2435 βεϐηλοῦται,
1442 2367 1537 2419 καὶ
1586 2367 1682 2438 τὴν
1729 2368 1886 2434 δόξαν

329 2472 423 2525 μου
456 2454 617 2525 ἐτέρῳ
640 2455 697 2508 ού
733 2454 907 2512 δώσω.
942 2474 959 2505 ι
998 2456 1108 2526 Οὐχ
1130 2456 1314 2509 ἕνεκεν
1346 2459 1612 2529 ἀργυρίου
1646 2460 1885 2531 ἐπίπρα-

324 2546 442 2599 σκόν
467 2561 551 2597 σε·
584 2545 668 2597 ἐπ’
700 2545 937 2617 ὠφελείᾳ
976 2546 1033 2599 δὲ
1068 2550 1133 2617 τῇ
1168 2550 1232 2619 σῇ
1267 2550 1360 2601 καὶ
1394 2549 1567 2602 ταῦτα
1597 2550 1883 2621 ἔπραττον,

317 2634 387 2697 ὡς
415 2636 477 2687 ἂν
523 2634 709 2688 τοῦτον
741 2636 1131 2708 σωῳρονισθείη
1162 2638 1253 2691 τὸν
1294 2638 1524 2709 τρόπον·
1558 2640 1642 2692 ὃτι
1677 2640 1749 2711 μὴ
1782 2642 1881 2712 τὴν

314 2724 395 2780 διὰ
429 2726 603 2795 λόγων
638 2726 733 2780 καὶ
762 2727 1133 2798 παραινέσεων
1165 2728 1408 2795 ύπεδέξω
1458 2731 1724 2785 παιδείαν.
1761 2733 1884 2795 Τοῖς

307 2816 362 2873 δὲ
403 2819 689 2891 πολεμίοις
735 2819 833 2890 ούχ
877 2820 1063 2873 ἕνεκεν
1113 2822 1377 2894 ἀργυρίου
1419 2824 1758 2894 ἐπίπρασκόν
1799 2842 1881 2892 σε,

304 2910 430 2966 ἀλλὰ
451 2912 569 2966 τῶν
595 2912 703 2965 σῶν
730 2912 1142 2983 ἁμαρτημάτων
1170 2914 1262 2965 καὶ
1292 2915 1659 2985 ἀσεϐημάτων
1684 2916 1844 2987 χάριν
1872 2934 1881 2944 ·

304 3006 413 3069 τοῖς
456 3004 574 3075 γὰρ
602 3004 895 3075 ἁμαρτίαις
930 3003 1084 3074 ὑμῶν
1122 3004 1419 3077 ἐπράθητε.
1452 3007 1559 3058 Καὶ
1596 3008 1745 3076 ὅμως
1774 3008 1881 3060 οὐδ’

1214 310 1711 367 COMMENTARIA
1754 315 1819 369 IN
1858 316 2112 374 ISAIAM.
2155 350 2221 359 -—
2260 321 2410 379 CAP.
2450 322 2683 380 XLVI”.

393 436 415 472 ι
462 418 759 475 Ἠκούσατε
803 421 997 485 πάντα,
1040 426 1133 477 καὶ
1170 426 1326 496 ὑμεῖς
1351 428 1449 481 οὐκ
1481 429 1703 497 ἔγνωτε.
1749 432 1886 484 Ἀλλ’
1918 439 1963 493 Α

3457 334 3561 389 626

2064 435 2225 489 \‘sns.
2259 435 2378 489 6-8.
2416 456 2434 488 ι
2480 440 2720 493 Audistis
2757 441 2959 505 omnia,
3016 453 3069 495 et
3104 457 3196 497 vos
3228 458 3332 498 non
3358 460 3562 517 cogno-

1998 527 2171 581 vistis.
2208 529 2311 582 Sed
2340 530 2522 584 audita
2557 531 2650 585 tibi
2686 531 2785 587 feci
2823 548 2958 586 nova
3007 535 3074 587 ab
3130 535 3231 589 hoc
3279 545 3555 605 tempore,

1996 633 2115 687 quae
2148 620 2327 673 futura
2358 632 2500 676 sunt.
2536 622 2601 675 Et
2634 639 2738 677 non
2766 624 2975 691 dixisti,
3006 626 3159 681 Nunc
3187 628 3337 694 fiunt,
3372 639 3426 683 et
3454 648 3559 686 non

1995 710 2122 764 olim
2151 753 2165 773 ,
2201 721 2255 765 et
2288 727 2391 767 non
2428 714 2479 766 in
2516 715 2759 782 pristinis
2787 717 2975 773 diebus
3006 719 3203 772 audisti
3234 735 3315 772 ea.
3364 720 3445 775 Ne
3483 722 3565 776 di-

1996 818 2110 869 cas,
2142 803 2314 857 Etiam
2357 821 2625 875 cognosco
2655 823 2737 862 ea.
2769 808 2953 878 Neque
2987 812 3180 864 novisti
3208 851 3223 874 ,
3255 827 3426 881 neque
3455 815 3564 868 sci-

1994 895 2115 948 visti
2143 935 2158 959 ,
2183 897 2398 965 quando
2428 914 2457 951 a
2500 899 2769 968 principio
2800 903 2987 968 aperui
3033 903 3127 955 tibi
3161 918 3318 957 aures
3370 921 3383 956 :
3433 904 3559 957 novi

1992 986 2136 1038 enim
2174 987 2316 1055 quod
2343 990 2705 1055 praevaricans
2746 993 3210 1058 prtevaricaberis,
3253 1004 3306 1047 et
3341 994 3559 1063 iniquus

1994 1079 2167 1134 adhuc
2206 1080 2273 1134 ab
2316 1091 2470 1135 utero
2504 1082 2803 1136 vocaberis.
2843 1102 2862 1135 ι
2898 1083 2975 1138 Ne
3012 1086 3240 1154 teipsum
3274 1087 3509 1156 decipias
3540 1102 3557 1140 :

1995 1186 2063 1224 ne
2092 1171 2238 1225 dicas
2285 1182 2336 1226 te
2368 1174 2531 1226 etiam
2579 1180 2702 1226 autc
2732 1176 3067 1244 prophetiam
3102 1192 3273 1231 meam
3314 1177 3425 1233 haec
3451 1179 3563 1233 sci-

1995 1262 2137 1315 visse
2167 1280 2180 1317 :
2213 1278 2334 1315 nam
2382 1264 2525 1316 unde
2576 1264 2671 1318 tibi
2724 1266 2835 1319 hz'ec
2868 1267 3105 1320 notitia?
3138 1268 3399 1323 Caeterum
3437 1285 3562 1339 per-

1994 1369 2211 1408 suasum
2246 1356 2420 1411 habeo
2448 1366 2501 1411 te
2532 1372 2600 1411 cx
2633 1357 2781 1412 hisce
2817 1360 2998 1414 verbis
3028 1361 3277 1417 utilitatis
3316 1364 3450 1417 nihil
3474 1379 3563 1419 ao-

1992 1457 2295 1515 eepturunt.

2067 1541 2229 1594 Vens.
2268 1539 2317 1594 9.
2351 1558 2369 1590 ι
2404 1539 2634 1610 Propter
2674 1556 2871 1596 nomen
2917 1558 3092 1597 meum
3140 1544 3418 1598 ostendam
3464 1543 3561 1600 tibi

1994 1630 2127 1684 iram
2162 1646 2334 1687 meam
2362 1670 2377 1696 ,
2426 1642 2480 1686 et
2526 1633 2762 1702 gloriosa
2799 1649 2919 1689 mea
2967 1634 3213 1688 inducam
3261 1650 3421 1704 super
3461 1644 3514 1692 to
3541 1677 3557 1703 ,

1995 1732 2054 1776 ut
2101 1738 2207 1778 non
2257 1724 2530 1778 destruam
2584 1733 2655 1779 te.
2712 1742 2730 1775 ›
2770 1725 3022 1779 Attamen
3075 1741 3177 1779 non
3232 1738 3451 1796 propter
3482 1736 3559 1792 te,

1994 1816 2089 1868 sed
2152 1816 2224 1868 ob
2268 1815 2607 1870 clementiam
2658 1832 2830 1872 meam
2886 1818 2996 1887 jam
3056 1819 3180 1874 hinc
3230 1821 3451 1889 prmdixi
3504 1828 3563 1876 et

2000 1906 2213 1960 ostendi
2239 1906 2330 1959 tibi
2356 1906 2737 1976 futura,atque
2766 1909 3055 1977 perniciem
3088 1909 3319 1964 inimicis
3340 1912 3443 1963 tuis
3469 1910 3562 1966 ob-

1992 2006 2272 2049 venturam
2307 2014 2321 2051 :
2354 2000 2500 2049 omni
2543 1998 2705 2053 modo
2755 1999 3145 2068 occasioueque
3186 2010 3341 2056 utens
3371 2002 3438 2056 ad
3469 2015 3559 2056 sa-

1989 2086 2157 2140 lutem
2192 2096 2360 2140 tuam.

2064 2174 2338 2240 Vens.10,
2376 2176 2462 2230 Η.
2498 2195 2521 2228 ι
2559 2178 2696 2232 Ecce
2722 2179 2936 2233 vendidi
2976 2188 3049 2245 te,
3076 2196 3183 2234 non
3221 2192 3439 2250 propter
3467 2199 3560 2237 ar-

1988 2276 2206 2333 gentum
2242 2286 2253 2321 :
2291 2270 2409 2321 erui
2454 2278 2636 2322 autem
2683 2278 2733 2323 te
2774 2271 2841 2323 dc
2888 2270 3109 2325 fornace
3139 2275 3504 2328 mendicitatis
3540 2293 3554 2328 :

1986 2368 2204 2427 propter
2236 2375 2319 2414 me
2347 2359 2544 2413 faciam
2583 2362 2699 2426 tibi,
2732 2362 2857 2429 quia
2912 2379 3109 2419 nomen
3155 2380 3329 2419 meum
3374 2368 3557 2435 profa—

1988 2459 2172 2500 natum
2204 2458 2306 2515 est,
2337 2460 2393 2503 et
2416 2450 2644 2519 gloriam
2669 2466 2842 2504 meam
2875 2451 3030 2504 alteri
3064 2467 3166 2505 non
3195 2453 3353 2507 dabo.
3390 2472 3408 2505 ι
3437 2452 3554 2509 Nan

1986 2541 2055 2593 oh
2089 2552 2371 2609 argentum
2430 2543 2647 2596 vendidi
2702 2552 2789 2607 te,
2838 2543 2931 2597 sed
2980 2544 3046 2596 ad
3087 2544 3371 2599 utilitatem
3407 2555 3555 2601 tuam

1986 2630 2039 2684 i'd
2069 2628 2225 2685 effeci
2256 2671 2273 2696 ,
2322 2643 2380 2684 ut
2412 2634 2514 2687 hoc
2549 2634 2705 2687 modo
2739 2636 2805 2687 ad
2850 2650 3037 2688 sanam
3068 2647 3299 2691 mentem
3335 2640 3560 2695 reduca-

1986 2724 2061 2777 ris
2096 2737 2111 2776 :
2146 2725 2404 2792 quoniam
2440 2725 2624 2779 verbis
2652 2734 2708 2779 et
2737 2727 2959 2781 monitis
3006 2727 3223 2781 allatam
3255 2729 3556 2787 institutio-

1986 2826 2108 2865 nem
2170 2827 2277 2866 non
2324 2814 2619 2869 admisisti.
2670 2812 2908 2870 Inimicis
2956 2828 3135 2871 autem
3190 2834 3293 2873 non
3338 2821 3556 2889 argenti

1984 2906 2157 2972 gratia
2188 2905 2401 2959 vendidi
2457 2914 2545 2971 te;
2596 2908 2692 2961 Sed
2740 2918 3085 2975 peccatorum
3122 2920 3175 2963 et
3218 2910 3551 2976 impietatum

1986 3003 2195 3049 tuarmu
2226 3011 2387 3051 causa
2423 3014 2435 3049 :
2470 3013 2592 3050 nam
2622 3001 2860 3067 peccatis
2907 3000 3101 3054 vestris
3144 3001 3347 3057 venditi
3399 3008 3555 3059 estis

299 3096 477 3162 οὕτως
501 3099 645 3151 ἐάσω
679 3098 820 3167 ὑμᾶς
852 3098 965 3159 τοῖς
1000 3094 1214 3166 ἐχθροῖς
1240 3096 1529 3149 δουλεύειν·
1563 3097 1697 3150 ἀλλά
1724 3098 1881 3151 πάλιν

1986 3083 2235 3139 Attamen
2287 3101 2353 3139 ue
2407 3087 2480 3140 ita
2528 3089 2743 3156 quidem
2775 3104 2871 3144 vos
2918 3091 3149 3147 inimicis
3195 3095 3400 3148 servire
3434 3110 3558 3163 per-

300 3189 671 3263 λυτρώσομαι,
716 3190 809 3243 καὶ
849 3188 1035 3262 ὥσπερ
1090 3189 1197 3241 ἀπὸ
1231 3190 1460 3259 καμίνου
1511 3191 1784 3261 πτωχείας
1823 3193 1887 3244 ἐκ

298 3282 389 3352 ⁴ιιῆς
431 3282 550 3337 ὑπὸ
584 3283 696 3344 τοῖς
728 3280 1090 3344 Βαϐυλωνίοις
1124 3279 1419 3345 κακώσεως
1466 3279 1622 3346 αὖθις
1669 3283 1883 3336 ἐλευθε-

300 3372 461 3448 ρώσω
473 3415 487 3427 .

368 3486 387 3521 ι
438 3466 647 3521 Ἀκουέ
680 3483 801 3537 μου,
849 3463 1065 3537 Ἰακὼϐ,
1101 3466 1196 3518 καὶ
1240 3464 1456 3537 Ἰσραὴλ
1482 3460 1539 3517 ὃν
1575 3464 1683 3534 ἐγὼ
1712 3464 1879 3519 καλῶ.

310 3554 451 3628 Ἐγώ
492 3559 608 3627 εἰμι
650 3534 886 3627 πρῶτος,
905 3554 998 3608 καὶ
1025 3535 1135 3623 ἐγώ
1158 3557 1270 3626 είμι
1300 3534 1380 3618 είς
1411 3534 1500 3607 τὸν
1527 3556 1715 3619 αἰῶνα,
1742 3557 1881 3626 καὶὴ

298 3650 415 3722 χείρ
451 3667 561 3720 μου
589 3649 912 3719 ἐθεμελίωσε
941 3648 1039 3720 τὴν
1068 3652 1192 3720 γῆν,
1230 3647 1323 3702 καὶ
1353 3648 1385 3717 ἡ
1414 3646 1563 3711 δεξιά
1599 3665 1701 3717 μου
1732 3649 1885 3700 ἐστε-

303 3739 478 3811 ρὲωσε
522 3738 612 3791 τὸν
656 3736 916 3809 οὐρανόν·
962 3738 1176 3791 καλέσω
1211 3737 1429 3801 αὐτοὺς,
1464 3738 1557 3789 καὶ
1597 3738 1881 3808 στήσονται

302 3829 442 3902 ἅμα.
490 3850 509 3883 ι
554 3831 641 3882 Ἐν
678 3829 887 3893 τούτοις
917 3831 1043 3893 τοὺς
1071 3828 1467 3899 κατορθοῦντας
1512 3828 1879 3891 ἀνακαλεῖται,

299 3921 387 3976 διά
422 3921 531 3974 τῶν
574 3920 881 3991 ἔμπροσθεν
914 3915 1132 3989 ἐτέρους
1171 3920 1297 3981 τοὺς
1336 3921 1463 3989 παρ’
1492 3916 1676 3982 αὐτοῖς
1704 3919 1883 3972 διαϐε-

299 4013 403 4083 ϐλη
413 4011 604 4081 μένους
628 4010 917 4081 ὀνομάσας·
952 4009 1067 4062 ἀλλ’
1096 4000 1330 4061 ἐνταῦθά
1350 4011 1461 4071 τοῖς
1482 4009 1751 4079 κρείττοσι
1776 4010 1883 4063 δια-

296 4105 540 4172 λέγεται,
587 4101 681 4166 οὒς
728 4120 747 4153 ι
798 4101 1031 4173 κλητοὺς
1075 4120 1095 4153 ι
1136 4099 1412 4171 ὀνομάζει.
1460 4096 1637 4153 Ἦσαν
1674 4101 1782 4173 γὰρ
1824 4102 1883 4167 ἐξ

296 4194 511 4248 ἐκείνου
544 4193 731 4265 πολλοὶ
768 4192 976 4263 κλητοὶ,
1011 4190 1183 4259 ὀλίγοι
1233 4189 1291 4243 δὲ
1331 4190 1608 4243 ἐκλεκτοί·
1654 4190 1793 4263 πλὴν
1833 4194 1880 4245 οἱ

297 4284 641 4358 δηλούμενοι,
673 4284 772 4339 οὐκ
796 4281 935 4356 ἦσαν
966 4281 1213 4336 ἐκλεκτοὶ
1234 4321 1251 4350 ,
1281 4280 1419 4336 ἀλλά
1446 4281 1653 4354 κλητοί.

1990 3175 2229 3241 mittam;
2276 3177 2370 3231 sed
2405 3178 2597 3233 iterum
2630 3182 2894 3236 redimam
2923 3220 2940 3246 ,
2978 3193 3069 3246 et,
3104 3199 3198 3238 ceu
3231 3200 3297 3239 ex
3332 3185 3553 3243 fornace

1989 3268 2389 3333 mendicitatis,
2438 3284 2502 3323 cx
2539 3270 2627 3326 illa
2662 3272 2969 3329 calamitate
2998 3274 3323 3346 Babylonica
3359 3279 3551 3333 iterum

1985 3363 2235 3429 eripiam.

2054 3452 2222 3509 Vens.
2255 3454 2343 3517 l2,
2386 3455 2472 3509 l5.
2509 3472 2530 3506 ι
2569 3456 2705 3511 Audi
2736 3472 2845 3524 me,
2878 3456 3046 3514 Jacob
3067 3498 3082 3523 ,
3115 3468 3167 3513 et
3200 3460 3363 3515 Israel
3395 3475 3552 3530 quem

1983 3558 2082 3613 ego
2112 3560 2266 3600 voco.
2313 3545 2424 3615 Ego
2456 3562 2573 3600 sum
2619 3550 2826 3616 primus
2848 3590 2865 3615 ,
2916 3560 2964 3604 et
2996 3566 3097 3619 ego
3126 3566 3246 3604 sum
3300 3552 3351 3604 in
3380 3568 3556 3607 saecu-

1984 3631 2091 3686 lum
2118 3672 2135 3699 ,
2169 3647 2225 3689 et
2255 3650 2446 3691 manus
2480 3652 2597 3690 mea
2647 3637 2891 3693 fundavit
2942 3648 3143 3695 terram
3170 3681 3190 3706 ,
3240 3652 3296 3696 et
3330 3646 3552 3697 dextera

1984 3740 2104 3778 mea
2154 3725 2388 3779 firmavit
2433 3728 2628 3781 caelum
2663 3746 2678 3783 :
2716 3733 2925 3783 vocabo
2958 3746 3052 3785 cos
3077 3773 3092 3795 ,
3116 3743 3172 3787 et
3200 3737 3421 3787 Stabunt
3474 3735 3555 3788 si-

1984 3818 2115 3871 mul.
2157 3836 2180 3870 )
2214 3814 2270 3870 in
2303 3819 2388 3872 his
2412 3835 2506 3874 eos
2533 3833 2747 3887 evocat,
2778 3823 2868 3889 qui
2901 3825 3036 3878 bene
3062 3840 3121 3879 se
3160 3838 3384 3895 gerunt,
3410 3837 3555 3895 post-

1977 3920 2144 3973 quam
2179 3907 2229 3960 in
2260 3907 2692 3975 praecedentibus
2720 3911 2895 3977 alios,
2941 3913 3031 3980 qui
3062 3916 3201 3981 apud
3238 3917 3382 3985 ipsos
3415 3917 3553 3972 male

1983 3997 2313 4062 audiebant,
2350 4009 2694 4054 evocaverat.
2724 3998 2923 4055 Verum
2956 4005 3042 4058 hic
3080 4008 3553 4069 prtestantioribus

1986 4088 2242 4159 loquitur,
2274 4106 2410 4160 quos
2443 4110 2461 4143 ε
2494 4102 2715 4152 vocatos
2752 4113 2771 4144 ι
2807 4094 3065 4164 appellat.
3094 4095 3227 4148 Nam
3266 4107 3392 4153 tunc
3418 4114 3554 4167 quo-

1983 4198 2089 4251 que
2136 4193 2292 4237 erant
2347 4184 2501 4238 multi
2536 4187 2754 4251 vocati,
2792 4188 2951 4255 pauci
3004 4188 3160 4243 electi
3214 4207 3226 4242 :
3284 4184 3553 4245 memora-'-

1984 4272 2022 4326 ti
2076 4287 2238 4341 porro
2287 4273 2533 4330 homines
2578 4292 2685 4330 non
2739 4276 2936 4343 electi,
2985 4278 3078 4332 sed
3130 4285 3336 4330 tantum
3375 4281 3550 4333 vocati

1981 4372 2161 4419 erant.

378 4482 397 4515 ι
437 4464 544 4517 Καὶ
567 4463 990 4534 συναχθήσονται
1021 4462 1246 4526 πάντες,
1280 4461 1375 4515 καὶ
1408 4460 1750 4515 ἀκούσονται.
1781 4456 1877 4525 Τίς

2051 4456 2217 4511 Vens.
2267 4458 2352 4512 ιι.
2395 4476 2418 4510 ι
2473 4458 2539 4513 Et
2584 4458 3060 4530 congregabuntur
3089 4474 3281 4516 omnes
3308 4501 3323 4526 ,
3371 4469 3424 4514 et
3454 4475 3551 4513 au-

301 4555 484 4618 αύτοῖς
506 4554 791 4625 ἀνήγγειλε
813 4554 984 4607 ταῦτα
1005 4570 1019 4618 ;
1052 4574 1071 4605 ι
1115 4554 1201 4616 Ὡς
1224 4553 1333 4623 γάρ
1356 4552 1592 4624 δεσπότῃ
1617 4551 1880 4622 προστάτ-

302 4662 445 4698 τοντι
476 4644 841 4698 ὑπακούουσιν
888 4646 944 4697 αί
983 4643 1363 4716 προλεχθεῖσαι
1405 4644 1696 4713 δυνάμεις·
1740 4642 1878 4696 ἀλλὰ

303 4738 397 4790 καὶ
437 4737 782 4807 συναχθεῖσαι
833 4736 925 4789 ἐπὶ
966 4737 1031 4787 τὸ
1073 4734 1206 4788 αὐτὸ
1248 4736 1468 4788 ἑστᾶσιν
1514 4734 1876 4804 ἀκουσόμεναι

302 4827 409 4880 τῶν
435 4826 599 4880 αὐτοῦ
631 4827 826 4896 λόγων.
856 4824 1026 4879 Τοῦτό
1052 4844 1132 4879 τοι
1164 4826 1349 4898 ἐδήλου
1391 4828 1483 4879 καὶ
1516 4829 1573 4879 ἐν
1604 4823 1746 4897 ἀρχῇ
1778 4828 1877 4895 τῆς

306 4916 488 4985 βίϐλου
516 4918 740 4986 φάσκων
766 4919 794 4970 ὸ
818 4918 995 4986 λόγος,
1030 4936 1049 4968 ι
1089 4920 1307 4979 Ἀκουε,
1336 4918 1550 4989 ούρανέ,
1576 4919 1668 4971 καὶ
1694 4917 1879 4970 ἐνωτί-

305 5005 420 5070 ζου,
449 5009 480 5078 ἡ
511 5008 603 5079 γῆ,
638 5010 719 5062 ὅτι
742 5008 945 5080 Κύριος
971 5007 1247 5079 ἐλάλησεν.
1289 5026 1308 5059 ι

379 5118 396 5150 ι
420 5099 672 5166 Ἀγαπῶν
700 5116 757 5151 σε
778 5096 1007 5170 ἐποίησα
1018 5099 1077 5152 τὸ
1099 5098 1309 5169 θέλημά
1326 5111 1420 5152 σου
1452 5100 1543 5152 ἐπὶ
1561 5098 1876 5164 Βαϐυλῶνα,
1901 5163 1910 5170 ι

304 5189 395 5242 τοῦ
452 5187 582 5259 ἆραι
629 5190 850 5262 σπέρμα
896 5191 1198 5245 Χαλδαίων.
1272 5188 1410 5257 Ἐγὼ
1454 5190 1711 5259 ἐλάλησα,
1767 5190 1876 5258 ἐγὼ

306 5277 559 5331 ἐκάλεσα.
600 5281 842 5347 Ἰίγαγον
887 5281 1066 5342 αὐτὸν,
1104 5279 1196 5332 καὶ
1226 5278 1479 5331 εύὼδωσα
1506 5278 1602 5351 τὴν
1632 5281 1749 5333 ὁδὸν
1780 5276 1874 5332 αὖ·

304 5367 418 5423 τοῦ.
471 5372 851 5443 Προσαγάγετε
896 5371 1031 5442 προς
1072 5372 1159 5441 μέ,
1216 5372 1306 5424 καὶ
1354 5370 1620 5423 ἀκούσατε
1664 5371 1870 5425 ταῦτα·

309 5457 420 5511 Οὐκ
453 5461 545 5513 ἀπ’
570 5462 742 5532 ἀρχῆς
784 5462 840 5513 ἐν
868 5464 1046 5532 κρυφῇ
1092 5461 1388 5531 λελάληκα·
1436 5461 1594 5531 ἡνίκα
1637 5461 1871 5529 ἐγένετο,

309 5550 425 5603 ἐκεῖ
466 5552 632 5623 ἥμην.
682 5553 791 5607 Καὶ
818 5552 910 5605 νῦν
953 5553 1155 5625 Κύριος
1200 5553 1403 5626 Κύριος
1440 5552 1745 5623 ἀπέστρεψὲ
1782 5570 1870 5623 με,

380 5755 555 5814 “lea.
592 5775 652 5825 ι,
685 5760 735 5814 l.

630 5853 898 5913 Parnm.
943 5845 1060 5913 Gut
1108 5846 1163 5915 Χ
1180 5851 1345 5913 XIV.

1975 4546 2145 4603 dient.
2174 4549 2305 4616 Quis
2334 4550 2465 4619 ipsis
2494 4550 2611 4605 haec
2640 4550 3019 4605 annuntiavit?
3058 4571 3076 4604 ι
3120 4551 3248 4604 Nam
3281 4552 3549 4620 pra-dicta:

1975 4640 2202 4694 virtutes
2247 4650 2306 4694 ut
2348 4641 2557 4711 jubenti
2601 4643 2826 4695 Domino
2864 4652 3092 4711 parent;
3121 4644 3249 4711 quin
3281 4644 3442 4696 etiam
3493 4644 3546 4697 in

1978 4748 2142 4786 unum
2174 4742 2536 4803 congregatae,
2561 4743 2709 4787 stant
2739 4743 2795 4786 ut
2820 4733 2939 4801 ejus
2964 4748 3270 4787 sermonem
3302 4736 3544 4788 audiant.

1976 4822 2033 4875 ld
2062 4837 2192 4876 sane
2237 4824 2395 4876 initio
2423 4823 2734 4878 declarabat
2782 4825 2865 4880 his
2912 4825 3126 4889 verbis,
3164 4842 3182 4874 ι
3224 4825 3381 4888 Audi,
3431 4837 3545 4877 cm-

1980 4912 2087 4965 lum
2115 4952 2129 4972 ,
2163 4922 2219 4966 et
2248 4914 2470 4966 auribus
2500 4916 2718 4983 percipe
2738 4955 2752 4979 ,
2785 4926 2928 4970 terra
2956 4954 2972 4981 ,
3001 4915 3129 4984 quia
3164 4913 3420 4969 Dominus
3470 4916 3552 4970 lo-

1980 5012 2135 5057 cutus
2156 5013 2239 5056 est
2261 5004 2327 5058 “'.
2371 5022 2390 5056 ι

2052 5095 2214 5149 Vens.
2250 5096 2435 5150 15-20.
2479 5114 2498 5148 ‹
2540 5096 2776 5170 Diligens
2807 5107 2855 5152 te
2900 5098 3002 5153 feci
3037 5098 3367 5151 voluntatem
3399 5103 3549 5146 tuam

1978 5204 2139 5257 super
2169 5188 2514 5261 Babylonem,
2544 5201 2601 5244 ut
2629 5191 2895 5246 auferrem
2935 5207 3116 5245 semen
3146 5189 3544 5242 Chalda‘oruun.

1981 5282 2091 5350 Ego
2125 5281 2336 5335 locutus
2368 5298 2483 5337 sum
2513 5323 2527 5347 ,
2560 5292 2614 5337 et
2647 5298 2749 5353 ego
2776 5282 2985 5337 vocavi.
3040 5280 3251 5334 Adduxi
3296 5292 3419 5331 eum
3443 5315 3457 5336 ,
3490 5286 3546 5329 et

1981 5388 2294 5442 prosperam
2318 5373 2418 5428 feci
2442 5375 2580 5427 viam
2608 5374 2744 5444 ejus.
2774 5375 3036 5428 Addueite
3063 5370 3126 5423 ad
3158 5387 3263 5432 mc,
3282 5378 3337 5424 et
3366 5367 3550 5420 audite

1978 5463 2093 5516 haec
2124 5501 2137 5529 ,
2174 5461 2288 5517 Non
2326 5463 2395 5518 ab
2454 5465 2609 5518 initio
2659 5465 2709 5518 in
2760 5464 3076 5517 abscondito
3119 5460 3330 5513 locutus
3376 5472 3491 5511 sum
3527 5472 3546 5511 :

1980 5568 2100 5608 cum
2152 5553 2340 5610 ﬁerent
2367 5595 2382 5621 ,
2412 5555 2485 5610 ibi
2528 5570 2700 5611 eram.
2731 5554 2794 5609 Et
2824 5568 2963 5606 nunc
3002 5552 3264 5604 Dominus
3288 5548 3555 5608 Dominus
