4130 6398
491 349 596 410 ιΐϊ

1128 350 1393 409 EUSEBII
1429 348 1904 408 CzESARiENSlS
1941 349 2091 407 OPP.
2135 347 2317 404 PARS
2355 346 2440 404 111.
2481 378 2551 388 -
2589 345 3001 404 EXEGETICA.

3623 349 3729 408 ιεε

494 473 694 530 avertit
723 469 1167 538 me,et'Spiritus
1197 469 1332 535 eius.
1365 467 1456 522 Sic
1486 468 1615 522 dicit
1649 469 1932 535 Dominus,
1962 470 2052 538 qui

2168 467 2250 520 καὶ
2287 467 2349 519 to
2386 466 2609 537 Πνεῦμα
2651 465 2836 519 αὑτοῦ.
2869 465 3025 518 Οὕτω
3056 463 3202 532 λέγει
3243 462 3468 536 Κύριος,
3497 465 3526 519 ὁ
3565 467 3742 537 pws.

492 565 634 619 eruit
668 573 740 626 te,
771 562 1003 616 Sanctus
1033 560 1194 615 lsrael
1228 578 1242 616 :
1283 560 1394 629 Ego
1424 575 1541 615 sum
1589 561 1732 616 Dens
1781 570 1903 615 tuus
1926 600 1942 624 ,
1996 575 2059 613 o-

493 655 670 709 stendi
696 655 810 720 tibi,
841 663 898 706 ut
919 653 1192 705 invenires
1212 653 1360 706 viam
1405 653 1457 705 hl
1503 665 1608 720 qua
1637 653 1964 706 ambulares.
1999 651 2062 706 Et

493 749 536 801 si
571 747 817 800 audisses
850 745 1099 797 mandata
1131 757 1246 796 mea
1273 783 1288 808 ,
1326 742 1516 797 fuisset
1550 744 1704 813 quasi
1737 743 1932 798 ﬂuvius
1956 759 2060 812 pax

492 850 605 898 tua.
632 847 686 892 et
714 836 920 905 justitia
953 847 1042 888 tua
1067 832 1334 888 utﬂnetus
1370 835 1536 889 maris
1566 852 1579 888 :
1613 845 1667 889 et
1697 834 2058 901 luissetqnasi

493 941 654 978 arena
689 938 871 979 semen
899 935 1068 986 tuum,
1112 933 1167 977 et
1203 923 1416 977 fructus
1448 923 1653 978 ventris
1679 923 1752 977 tui
1778 923 1914 977 sicut
1945 924 2062 993 pul-

492 1017 570 1067 vis
595 1024 754 1069 terra:
789 1033 802 1068 :
841 1029 1018 1083 neque
1046 1029 1189 1068 nime
1215 1013 1691 1080 exterminaberis,
1725 1028 1900 1082 neque
1942 1028 2064 1084 per-

494 1105 590 1158 ibit
643 1119 836 1160 nomen
870 1114 1021 1158 tuum
1075 1106 1128 1159 in
1177 1117 1469 1176 conspectu
1500 1121 1638 1159 meo.
1692 1105 1967 1174 Egredere
1995 1121 2062 1160 ex

495 1197 766 1266 Babylone
790 1236 804 1260 ,
837 1197 1052 1265 fugiens
1075 1213 1104 1251 a
1137 1198 1424 1256 Chaldmis.
1463 1198 1663 1252 Vocem
1707 1199 2064 1264 iucunditatis

493 1288 808 1343 nnnuntiate
847 1304 1018 1357 usque
1065 1291 1132 1344 ad
1165 1300 1466 1344 extremum
1506 1299 1663 1343 terrae
1695 1308 1709 1344 :
1740 1290 1904 1345 dicite
1927 1330 1944 1355 ,
1977 1291 2065 1346 Li-

493 1382 705 1434 beravit
757 1381 1014 1437 Dominus
1067 1399 1280 1438 servum
1334 1399 1489 1439 suum
1538 1382 1726 1438 Jacob.
1786 1401 1805 1435 ι
1865 1383 2066 1450 Quam-

491 1471 704 1536 obrem,
738 1488 859 1527 cum
892 1472 1002 1540 jam
1041 1474 1170 1528 hinc
1201 1473 1458 1543 pollicear
1492 1489 1576 1527 me
1604 1490 1707 1528 non
1740 1475 2067 1529 extermina-

496 1575 672 1618 turum
707 1573 756 1618 te
778 1606 794 1629 ,
827 1579 1005 1634 neque
1034 1580 1234 1620 nomen
1264 1574 1413 1620 tuum
1442 1565 1744 1620 deleturum
1778 1579 1921 1628 esse,
1952 1565 2063 1619 dixi

495 1656 592 1710 tibi
617 1695 633 1722 ,
679 1664 737 1710 ut
766 1658 945 1710 exires
974 1657 1040 1711 de
1073 1655 1350 1727 Babylone
1374 1695 1390 1723 ,
1447 1657 1700 1710 dimissus
1731 1671 1795 1710 ac
1825 1655 1961 1710 liber
1995 1657 2064 1710 ab

2166 559 2325 629 μενός
2375 576 2455 620 σε,
2509 559 2692 626 Ἀγιος
2721 558 2966 630 ’1σραήλ’
3037 555 3175 624 Ἐγὼ
3219 557 3335 627 εἰμι
3377 559 3405 610 ὁ
3452 557 3584 622 Θεός
3621 577 3742 626 σου,

2160 651 2370 721 δέδειχά
2415 667 2496 704 σοι
2534 651 2593 704 τὸ
2631 651 2811 722 εὑρεῖν
2847 667 2905 702 σε
2951 649 3047 722 τὴν
3081 649 3196 703 ὁδὸν
3241 651 3298 703 ἐν
3405 651 3649 725 πορεύσῃ
3688 655 3748 706 ἐν

2162 742 2319 810 αὐτῇ.
2353 741 2462 792 Καὶ
2500 742 2547 792 εἰ
2578 742 2814 812 ἤκουσας
2846 738 2955 792 τῶν
2995 737 3226 791 ἐντολῶν
3262 755 3384 809 μου,
3424 737 3646 806 ἐγένετο
3679 739 3746 793 ἂν

2161 832 2294 884 ὡσεὶ
2329 832 2573 902 ποταμὸς
2611 835 2644 902 ή
2685 833 2874 903 εἰρήνη
2920 849 3035 894 σου,
3071 831 3165 884 καὶ
3210 832 3244 902 ἡ
3285 831 3596 903 δικαιοσύνη
3651 847 3746 884 σου

2161 920 2236 986 ὡς
2266 922 2417 993 κῦμα
2447 923 2722 994 θαλάσσης
2740 940 2753 954 ’
2787 924 2881 976 καὶ
2907 924 3123 991 ἐγένετο
3159 921 3223 976 ἀν
3246 923 3379 975 ὡσεὶ
3408 925 3442 994 ἡ
3469 924 3652 994 ἄμμος
3684 922 3747 973 τὸ

2164 1015 2386 1086 σπέρμα
2431 1033 2546 1081 σου,
2599 1017 2690 1071 καὶ
2732 1016 2801 1068 τά
2839 1017 3036 1085 ἔγγονα
3077 1015 3174 1087 τῆς
3218 1015 3423 1078 κοιλίας
3467 1032 3560 1068 σου
3601 1015 3677 1080 ὡς
3714 1015 3744 1068 ό

2165 1105 2292 1177 χοῦς
2327 1105 2426 1176 τῆς
2463 1108 2584 1178 γῆς.
2641 1107 2776 1160 Ούδὲ
2818 1106 2913 1160 νῦν
2944 1109 3005 1160 ού
3062 1106 3135 1178 μὴ
3187 1105 3600 1178 ἐξολοθρευθῇς,
3632 1107 3743 1160 οὐδ’

2164 1197 2443 1252 ἀπολεῖται
2477 1197 2538 1251 τὸ
2579 1198 2752 1269 ὄνομά
2797 1215 2890 1252 σου
2935 1197 3163 1252 ἐνώπιον
3205 1198 3360 1269 ἐμοῦ.
3410 1197 3633 1263 Ἔξελθε
3679 1200 3746 1253 ἐκ

2165 1291 2502 1356 Βαϐυλῶνος,
2542 1290 2758 1361 φεύγων
2801 1291 2910 1344 ἀπὸ
2957 1291 3066 1344 τῶν
3098 1290 3397 1344 Χαλδαίων.
3435 1291 3620 1362 Φωνὴν
3651 1291 3747 1346 εὑ-

2167 1382 2441 1454 φροσύνης
2472 1381 2829 1450 άναγγείλατε
2859 1381 2964 1445 ἕως
2993 1382 3219 1453 ἐσχάτου
3244 1383 3343 1454 τῆς
3367 1383 3498 1454 γῆς⁸
3534 1382 3744 1452 λέγετε,

2179 1475 2478 1548 Ἐῤῥύσατο
2512 1476 2716 1547 Κύριος
2755 1476 2848 1528 τὸν
2875 1475 3062 1528 δοῦλον
3095 1476 3262 1530 αὑτοῦ
3311 1475 3535 1530 Ἰακὼϐ·
3575 1496 3592 1528 ι
3628 1477 3746 1529 Διό-

2167 1586 2274 1642 περ
2308 1569 2558 1624 ἐντεῦθεν
2602 1568 2702 1640 ⁴ἠδη
2750 1568 3218 1640 ἐπαγγελλόμενος
3260 1568 3335 1640 μὴ
3369 1567 3749 1642 ἐξολοθρεῦσαί

2167 1677 2248 1724 σε,
2301 1660 2425 1732 μηδ’
2466 1659 2742 1730 ἐξαλεῖψαι
2779 1659 2842 1713 τὸ
2887 1660 3057 1732 δνομά
3092 1678 3207 1725 σου,
3255 1657 3386 1714 εἶπά
3427 1677 3511 1713 σοι
3544 1660 3749 1726 ἐξιέναι

496 1747 838 1800 inimicorum
888 1759 1057 1801 metu.
1092 1747 1326 1817 Accepta
1365 1757 1543 1800 autem
1603 1747 1668 1799 ad
1704 1747 1920 1815 propria
1973 1761 2059 1802 re-

2168 1753 2273 1808 ἀπὸ
2300 1752 2638 1816 Βαϐυλῶνος,
2669 1752 2866 1821 ἄφετον
2893 1755 2987 1807 καὶ
3020 1752 3300 1825 ἐλεύθερον
3327 1753 3422 1806 τοῦ
3452 1752 3560 1806 τῶν
3590 1752 3749 1806 πολε-

489 1837 739 1891 vertendi
777 1847 1042 1904 potestate
1075 1877 1091 1903 ,
1143 1852 1212 1892 ne
1259 1838 1452 1906 supine
1493 1846 1549 1891 et
1596 1838 1892 1893 oscitanter
1923 1839 2062 1891 viam

491 1941 716 1999 capesse
740 1967 755 1993 ,
793 1931 884 1983 sed
936 1945 1056 1984 cum
1099 1928 1248 1982 omni
1284 1929 1586 1997 diligentia.
1640 1927 1775 1982 Nam
1811 1936 2066 1984 occurret

496 2023 592 2076 tibi
631 2037 732 2076 vox
766 2021 987 2085 laetitiae,
1015 2035 1176 2090 quam
1205 2021 1290 2075 vel
1327 2019 1440 2088 jam
1475 2019 1604 2074 hinc
1638 2019 1830 2073 audias
1858 2035 1872 2073 :
1903 2018 2065 2088 quin-

487 2113 657 2166 etiam
686 2128 874 2166 omnes
904 2112 996 2180 qui
1029 2127 1311 2166 sermones
1346 2126 1494 2166 meos
1535 2110 1849 2176 audierint,
1885 2111 1952 2165 de
1980 2125 2068 2165 sa-

493 2203 606 2256 hrte
639 2213 730 2256 tua
763 2219 866 2256 una
897 2203 1232 2272 gaudebunt.
1270 2201 1336 2256 Et
1375 2202 1489 2256 bzec
1519 2201 1736 2271 quidem
1770 2203 2066 2255 secundum

491 2293 815 2357 historiam,
866 2309 971 2346 non
1030 2292 1235 2347 reditus
1284 2306 1350 2345 ex
1383 2291 1699 2359 captivitate
1736 2288 2068 2361 Babylonica

494 2401 739 2458 tempore
763 2397 915 2455 gesta
964 2395 1127 2450 sunt,
1168 2401 1290 2440 cum
1321 2384 1399 2448 ii,
1441 2383 1532 2452 qui
1566 2397 1595 2436 a
1643 2381 1788 2452 Cyro
1815 2394 1871 2437 et
1905 2383 2068 2437 Dario

489 2478 778 2534 Persarum
813 2478 1030 2547 regibus
1059 2476 1309 2531 libertate
1337 2475 1524 2530 donati
1551 2473 1790 2540 fuerant,
1822 2484 2068 2530 reverte-

495 2579 642 2625 runt.
694 2571 771 2623 Ac
801 2569 1098 2624 secundum
1131 2569 1464 2638 intelligendi
1498 2568 1764 2622 rationem
1792 2605 1808 2631 ,
1860 2579 1982 2620 cum
2015 2567 2068 2620 in

497 2662 727 2719 historia
779 2663 848 2716 ad
907 2661 1138 2716 litteram
1191 2660 1418 2730 reperiri
1481 2668 1716 2727 nequeat
1769 2667 1922 2729 petra
1981 2658 2070 2712 illa

495 2771 669 2827 aquas
696 2756 948 2809 emittens
978 2753 1029 2808 in
1058 2753 1230 2808 reditu
1260 2752 1442 2822 populi
1471 2791 1486 2817 ,
1517 2752 1756 2807 dicemus
1795 2751 1848 2805 in
1880 2750 1944 2804 iis
1979 2751 2071 2821 qui

495 2865 526 2904 a
559 2847 828 2918 spirituali
855 2846 1168 2915 captivitate
1217 2845 1269 2898 in
1306 2853 1629 2914 perpetuum
1663 2841 1876 2897 liberati
1903 2850 2068 2904 sunt,

498 2943 565 2997 de
593 2939 793 3010 quibus
817 2938 1063 2993 Christus
1089 2937 1344 3003 dicebat,
1397 2954 1415 2988 ι
1458 2934 1845 3005 Evangelizare
1872 2947 2074 3004 panpe-

499 3032 650 3086 ribus
677 3031 825 3086 misit
852 3045 956 3094 me,
989 3028 1282 3099 praedicare
1309 3027 1538 3096 captivis
1568 3025 1934 3080 dimissionem
1951 3025 2021 3089 ⁸⁸,
2045 3043 2065 3078 ι

2170 1845 2309 1916 μίων
2341 1843 2506 1913 φόϐου
2540 1843 2852 1914 γενόμενον.
2907 1844 3101 1898 Λαϐὼν
3139 1845 3195 1898 δὲ
3239 1844 3339 1916 τὴν
3368 1843 3614 1910 ἐξουσίαν
3643 1845 3755 1914 τῆς

2165 1936 2246 1997 εἰς
2288 1933 2356 1986 τὰ
2399 1935 2572 1987 οἰκεῖα
2616 1933 2900 1996 ἐπανόδου,
2949 1935 3023 2006 μὴ
3072 1934 3277 1999 ὑπτίως
3325 1935 3458 2007 μηδὲ
3497 1934 3753 2006 νωχελῶς

2167 2025 2321 2080 ποιοῦ
2357 2025 2454 2097 τὴν
2488 2027 2734 2098 πορείαν,
2763 2028 2862 2080 σὺν
2900 2027 3086 2098 ἁπάσῃ
3119 2027 3175 2079 δὲ
3214 2027 3436 2099 σπουδῇ.
3483 2027 3756 2098 ’Δπαντή-

2169 2138 2252 2174 σει
2286 2120 2394 2192 γάρ
2437 2139 2517 2174 σοι
2550 2122 2700 2192 φωνὴ
2747 2119 3105 2192 εὐφροσύνης,
3141 2121 3390 2174 ἐντεῦθεν
3424 2122 3526 2193 ήδη
3559 2123 3753 2176 ἀκουο-

2171 2215 2358 2286 μένης·
2388 2213 2524 2267 άλλὰ
2561 2215 2654 2267 καὶ
2682 2214 2881 2278 πάντες
2907 2214 2958 2267 οἱ
2999 2213 3108 2266 τῶν
3142 2213 3293 2285 ἐμῶν
3315 2213 3489 2283 λόγων
3521 2215 3748 2268 ἀκούον-

2167 2320 2258 2366 τες
2295 2303 2733 2373 συγχαρήσονταί
2780 2319 2873 2356 σου
2917 2305 2984 2374 τῇ
3037 2303 3298 2374 σωτηρίᾳ.
3338 2304 3450 2358 Καὶ
3479 2305 3652 2358 ταῦτα
3694 2305 3753 2360 δὲ

2170 2396 2306 2468 πρὸς
2352 2395 2450 2465 μὲν
2489 2395 2733 2466 ἱστορίαν
2775 2395 2876 2449 ούκ
2910 2395 3214 2467 ἐπληροῦτο
3255 2395 3394 2450 κατά
3425 2395 3516 2450 τὸν
3559 2397 3754 2468 χρόνον

2167 2486 2269 2556 τῆς
2302 2483 2412 2536 ἀπὸ
2457 2483 2776 2547 Βαϐυλῶνος
2821 2483 3103 2547 ἐπανόδου,
3143 2482 3252 2537 τῶν
3293 2483 3757 2555 ὴλευθερωμένων

2170 2578 2275 2631 ὑπὸ
2307 2576 2490 2648 Κύρου
2522 2577 2614 2630 καὶ
2641 2576 2864 2648 Δαρείου
2903 2576 3011 2630 τῶν
3046 2576 3482 2648 βασιλευσάντων
3513 2581 3573 2631 ἐν
3607 2578 3752 2650 Πέρ-

2171 2683 2310 2729 σαις·
2335 2659 2436 2719 ἷιαὶ
2464 2665 2600 2736 πρὸς
2627 2665 2684 2718 δὲ
2725 2666 2984 2732 διάνοιαν,
3019 2666 3140 2718 ἐπεὶ¹
3175 2666 3250 2738 μὴ
3284 2666 3399 2720 ἐστι
3433 2668 3573 2739 πρὸς
3604 2667 3751 2732 λέξιν

2171 2754 2348 2825 εὑρεῖν
2386 2755 2445 2808 ἐν
2475 2758 2541 2825 τῇ
2575 2755 2785 2826 ἱστορίᾳ
2814 2755 3020 2827 πέτραν
3059 2755 3271 2809 ὑδάτων
3305 2755 3575 2828 ῥεύσασαν
3605 2758 3748 2813 κατὰ

2168 2843 2269 2914 τὴν
2329 2843 2588 2896 ἐπάνοδον
2649 2843 2744 2896 τοῦ
2793 2843 2946 2911 λαοῦ,
2993 2844 3236 2916 φήσομεν
3297 2844 3428 2914 γοῦν
3480 2850 3589 2911 τοῖς
3646 2847 3749 2918 τῆς

2171 2935 2546 3005 αἰχμαλωσίας
2575 2936 2661 2989 ἀεὶ
2687 2935 3170 3008 ήλευθερωμένοις,
3212 2937 3341 3009 περὶ
3364 2930 3439 2992 ὧν
3466 2940 3494 2991 ὁ
3519 2938 3753 3011 Χριστὸς

2171 3025 2374 3095 ἔλεγεν,
2405 3046 2423 3078 ι
2446 3027 2913 3095 Εύαγγελίσασθαι
2933 3031 3165 3100 πτωχοῖς
3195 3029 3505 3084 ἀπέσταλκε
3533 3048 3622 3102 με,
3656 3049 3754 3104 κη-

497 3137 683 3178 veram
730 3121 1062 3190 deprehendi
1096 3119 1533 3190 promissionem.
1583 3115 1678 3170 His
1713 3115 1908 3186 quippe
1938 3117 2066 3185 ipsis

2177 3115 2332 3187 ρῦξαι
2360 3117 2722 3186 αἰχμαλώτοις
2752 3119 2964 3187 ἄφεσιν,
3001 3139 3018 3170 ι
3058 3119 3416 3191 ἐπαληθεύειν
3448 3121 3546 3188 τὴν
3574 3124 3753 3191 ἐπαγ-

499 3214 828 3286 apostolicus
868 3227 934 3266 ex
979 3227 1104 3266 vera
1139 3221 1292 3279 petra
1341 3220 1499 3280 potus
1539 3207 1872 3263 instillatur:
1912 3227 1930 3260 ι
1967 3210 2066 3263 Ρε-

501 3318 582 3361 tra
633 3315 812 3359 autem
846 3313 966 3358 erat
1017 3303 1266 3359 Christus
1306 3301 1374 3369 ⁸⁸,
1433 3319 1454 3353 ι
1500 3300 1798 3356 secundum
1833 3299 2068 3371 Aposto-

497 3396 628 3450 lum.

569 3486 735 3542 Vnus.
767 3485 857 3540 2|.
905 3504 925 3538 ι
957 3483 1108 3552 Quod
1141 3482 1186 3538 si
1214 3482 1476 3549 sitierint,
1514 3497 1612 3553 per
1640 3481 1915 3537 desertum
1972 3481 2042 3536 du

498 3589 585 3636 cet
620 3593 753 3635 eos:
801 3594 1000 3650 aquam
1039 3593 1103 3632 ex
1146 3585 1302 3646 petra
1360 3575 1554 3630 educet
1601 3574 1733 3629 illis.
1779 3574 2072 3630 Scindetur

493 3685 672 3743 petra,
713 3683 766 3728 et
803 3672 934 3730 ﬂuet
981 3686 1143 3741 aqua,
1189 3678 1245 3724 et
1302 3669 1453 3725 bibet
1483 3668 1716 3740 populus
1751 3683 1924 3723 meus.
1952 3666 2069 3722 Non

494 3775 579 3822 cst
633 3766 888 3838 gaudium
943 3763 1146 3833 impiis,
1184 3761 1314 3816 dicit
1366 3761 1648 3816 Dominus.
1685 3778 1704 3813 ι
1742 3759 1955 3814 Etenim
1985 3760 2071 3830 pie

497 3859 782 3929 agentibus
839 3855 1019 3912 onmis
1059 3871 1088 3909 a
1145 3853 1254 3910 Deo
1305 3853 1458 3908 adest
1493 3851 1768 3922 voluptas,
1816 3851 2070 3923 gaudium

498 3951 788 4013 etlaetitia,
815 3964 1022 4005 necnon
1060 3946 1160 4000 alia
1189 3945 1393 4009 omnia,
1426 3960 1546 4014 qua:
1580 3944 1633 3998 in
1657 3943 1942 4010 promissis
1976 3943 2074 3996 ba-

502 4045 732 4107 bentur,
767 4042 946 4111 impiis
993 4052 1122 4094 vero
1163 4037 1308 4092 nulla
1358 4036 1752 4107 promissorum
1793 4033 1934 4091 ratio
1975 4035 2075 4090 ha-

497 4136 679 4192 betur.

1059 4223 1286 4281 CAPUT
1328 4223 1516 4282 XLIX.

567 4317 732 4373 Vsus.
766 4317 816 4372 Ι.
856 4337 876 4370 ι
905 4317 1104 4372 Audite
1147 4332 1256 4383 me,
1282 4317 1470 4372 insula:
1491 4355 1506 4380 ,
1538 4324 1594 4371 et
1623 4313 1905 4380 attendite,
1937 4329 2068 4384 gen-

2174 3208 2379 3278 γελίαν.
2415 3208 2637 3272 Τούτοις
2657 3209 2766 3282 γὰρ
2795 3212 2976 3275 αὐτοῖς
3006 3211 3065 3265 τὸ
3116 3212 3470 3267 ἀποστολικὸν
3505 3213 3657 3284 πόμα
3691 3215 3755 3270 τὸ

2171 3301 2237 3353 ἐκ
2261 3300 2362 3370 τῆς
2393 3300 2656 3372 ἀληθινῆς
2681 3301 2884 3372 πέτρας
2910 3303 3168 3375 ἐξομϐρεῖ
3187 3321 3202 3336 ·
3242 3324 3262 3358 ι
3306 3305 3370 3359 Ἦ
3398 3305 3575 3379 πέτρα
3601 3305 3660 3360 δὲ
3682 3301 3754 3379 ἦν

2170 3395 2199 3447 ό
2225 3394 2512 3465 Χριστδς,›
2549 3393 2690 3446 κατὰ
2719 3394 2810 3446 τὸν
2853 3394 3195 3450 ’Δπόστολον.

2248 3507 2266 3538 ε
2298 3488 2409 3540 Καὶ
2433 3488 2524 3540 ἐὰν
2559 3486 2846 3557 διψήσωσι,
2877 3487 2943 3540 δι’
2973 3489 3181 3560 ἐρήμου
3207 3490 3325 3557 ἄξει
3351 3491 3548 3555 αὐτούς
3567 3509 3580 3522 ·
3606 3491 3750 3564 ὕδωρ

2172 3578 2236 3630 ἐκ
2286 3576 2491 3648 πέτρας
2535 3575 2712 3641 ἐξάξει
2760 3577 2964 3641 αὐτοῖς.
3010 3577 3363 3649 Σχισθήσεται
3410 3580 3603 3650 πέτρα,
3657 3567 3748 3634 κάι

2174 3668 2432 3739 ρυήσεται
2478 3666 2644 3738 ὕδωρ,
2696 3668 2790 3721 καὶ
2838 3667 3017 3720 πίεται
3065 3669 3093 3720 ὁ
3141 3667 3266 3731 λαός
3313 3687 3432 3740 μου.
3473 3670 3585 3723 Οὐκ
3632 3669 3748 3723 ἐστι

2172 3758 2402 3829 χαίρειν,
2443 3756 2591 3826 λέγει
2637 3757 2862 3829 Κύριος,
2905 3761 3016 3821 τοῖς
3058 3757 3327 3812 ἀσεϐέσιν.
3382 3777 3402 3811 ι
3448 3758 3749 3814 Εύσεϐοῦσι

2169 3848 2278 3920 γὰρ
2312 3850 2460 3902 πᾶσα
2490 3848 2752 3920 πάρεστιν
2785 3850 2818 3919 ἡ
2854 3850 3005 3922 παρὰ
3035 3851 3130 3902 τοῦ
3160 3849 3296 3902 Θεοῦ
3326 3849 3506 3922 τρυφὴ
3536 3850 3630 3904 καὶ
3660 3851 3751 3903 εύ-

2171 3939 2434 4012 φροσύνη,
2477 3939 2569 3994 καὶ
2617 3941 3086 4012 ὃσαέπήγγελται
3133 3940 3314 4010 ἀγαθὰ
3343 3942 3498 3996 ἄλλω
3545 3944 3657 4008 τοῖς
3695 3941 3753 3997 δὲ

2169 4031 2422 4086 ἀσεϐέσιν
2451 4031 2627 4096 οὐδεὶς
2658 4030 2817 4102 λόγος
2848 4032 2985 4104 πρὸς
3013 4032 3082 4086 τὰ
3110 4033 3530 4105 ἐπηγγελμένα.’

2678 4235 3072 4290 ’(ΕΦΑΛΑῙΟΝ
3109 4232 3244 4289 MO’.

2247 4348 2266 4381 ι
2327 4326 2620 4383 Ἀκούσατέ
2663 4345 2786 4399 μου,
2834 4328 3008 4400 νῆσοι,
3044 4328 3140 4382 καὶ
3185 4326 3502 4400 προσέχετε,
3538 4325 3683 4396 ἔθνη.
3726 4342 3746 4376 ι

496 4417 600 4463 tes.
632 4427 651 4460 ι
688 4409 888 4478 Aperte
935 4407 1206 4478 signiﬁcat
1253 4422 1311 4462 se
1343 4423 1448 4461 non
1477 4404 1696 4461 Iudaeos
1728 4406 1780 4460 in
1814 4405 2066 4474 praesenti

2172 4423 2471 4492 Μονονουχὶ
2509 4420 2694 4490 σαφῶς
2722 4420 3179 4492 διαστελλόμενος,
3211 4421 3314 4485 ὅτι,
3347 4419 3426 4491 μὴ
3447 4418 3580 4490 πρὸς
3623 4417 3752 4470 Ἰου-

497 4502 843 4570 compellare,
879 4517 1053 4571 neque
1083 4501 1149 4555 ad
1183 4502 1408 4570 quasvis
1439 4500 1627 4555 obvias
1654 4499 1864 4555 insulas
1896 4500 2064 4554 verba

2173 4514 2352 4576 δαίους
2507 4483 2752 4584 παρόντα
2790 4483 3075 4576 συντείνει,
3115 4511 3239 4582 μηδ’
3413 4483 3571 4580 ἐτυχε
3616 4508 3751 4580 πρός

498 4594 697 4656 facere,
731 4593 823 4645 sed
858 4592 923 4644 ad
950 4601 1224 4660 genteset
1255 4592 1322 4645 ad
1371 4592 1463 4646 Dei
1499 4590 1774 4646 Ecclesias
1803 4591 1854 4644 in
1887 4589 2067 4645 medio

497 4682 739 4753 gentium
799 4683 1023 4751 positas.
1073 4682 1422 4753 Quapropter
1471 4682 1770 4738 secundum
1819 4680 2067 4752 Symma-‘t

495 4778 682 4837 chum,
713 4775 793 4829 sic
831 4775 1027 4843 legitur
1057 4794 1072 4829 :
1106 4792 1125 4825 ι
1147 4775 1341 4828 Audite
1375 4791 1478 4842 me,
1520 4773 1730 4839 insulae,
1778 4773 2068 4828 etauscul-

497 4878 629 4931 tate,
659 4879 873 4937 gentes.
906 4889 925 4921 ι
967 4869 1108 4936 Quid
1145 4868 1306 4938 igitur
1334 4867 1590 4923 Ecclesiae
1638 4884 1749 4924 suae
1785 4868 2067 4923 declarare

491 4969 732 5027 expetat,
786 4960 857 5014 ita
912 4961 1098 5016 subdit
1135 4977 1148 5014 :
1181 4977 1200 5010 ι
1251 4959 1354 5015 Ρει·
1391 4961 1618 5014 multum
1658 4970 1871 5030 tempus
1901 4959 2066 5014 stabit

496 5049 778 5104 Dominus.
815 5070 834 5101 ι
865 5052 940 5106 Ac
968 5052 1146 5120 primo
1173 5051 1569 5106 observandum
1593 5063 1698 5116 est,
1732 5055 1848 5106 haec
1870 5060 1926 5104 et
1948 5065 2067 5119 quae

495 5151 679 5208 postea
703 5143 1133 5212 subsequuntur,
1175 5156 1242 5194 ex
1275 5155 1502 5209 persona
1543 5143 1754 5196 Domini
1805 5140 2063 5211 proferri.

493 5232 596 5287 Ubi
626 5234 737 5302 ipse
764 5234 1049 5298 Dominus,
1082 5233 1172 5301 qui
1208 5245 1514 5284 sermonem
1549 5248 1776 5286 exorsus
1811 5241 1916 5296 est,
1947 5247 2066 5299 qua:

493 5325 821 5391 adjiciuntur
840 5326 998 5395 quasi
1029 5325 1095 5376 de
1123 5323 1229 5374 alio
1259 5321 1399 5373 dicta
1430 5321 1670 5376 declarat
1697 5342 1711 5376 :
1757 5324 1868 5376 imo
1902 5324 2064 5376 etiam

491 5431 610 5468 sese
643 5416 878 5484 genitum
915 5429 1036 5468 esse
1065 5414 1291 5471 fatetur,
1322 5419 1374 5461 et
1413 5426 1624 5466 servum
1664 5420 1967 5482 nuncupat,
2013 5423 2069 5466 et

477 5505 659 5572 .tnulta
695 5506 798 5558 alia
832 5507 883 5558 in
921 5503 1282 5573 sequentibus
1326 5500 1518 5566 aperit.
1563 5499 1642 5556 Ne
1678 5503 1820 5572 jam,
1869 5503 2065 5570 inquit,

491 5597 616 5648 dum
657 5595 1050 5666 hrccgeloquor,
1083 5594 1372 5647 verborum
1406 5590 1652 5676 clicctum
1699 5612 1805 5652 vos
1854 5596 2068 5651 visuros

561 5769 607 5798 ¹¹³
637 5767 762 5824 an.
807 5787 878 5839 tv,
924 5774 1006 5827 98.
1086 5774 1128 5805 '”
1169 5769 1332 5822 Ῑεεπ·
1370 5785 1420 5830 κο
1450 5771 1494 5824 i-

2169 4623 2323 4669 τινας
2370 4604 2692 4675 προχείρους
2737 4603 3036 4673 νοουμένας
3075 4604 3293 4674 νήσους,
3343 4601 3479 4654 ἀλλὰ
3513 4600 3648 4671 πρὸς
3683 4598 3752 4653 τὰ

2169 4697 2296 4768 ἔθνη
2341 4697 2435 4749 καὶ
2480 4695 2579 4759 τὰς
2637 4694 2838 4766 μεταξὺ
2895 4695 3002 4748 τῶν
3055 4695 3222 4747 ἐθνῶν
3277 4693 3750 4765 μεσολαϐουμένας

2169 4789 2262 4844 τοῦ
2293 4788 2426 4842 Θεοῦ
2466 4787 2811 4858 Ἐκκλησίας.
2843 4787 3005 4841 Ὅθεν
3038 4787 3131 4840 καὶ
3165 4786 3305 4840 κατά
3333 4786 3422 4838 τὸν
3457 4785 3750 4856 Σύμμαχον

2167 4878 2354 4931 τοῦτον
2387 4879 2602 4950 εἴρηται
2627 4877 2718 4930 τὸν
2751 4878 2980 4951 τρόπον,
3029 4895 3048 4928 ι
3097 4875 3389 4929 Ἀκούσατέ
3422 4893 3544 4946 μου,
3575 4877 3747 4945 νῆσοι,

2172 4969 2264 5022 καί
2301 4969 2665 5043 άκροάσασθε,
2693 4969 2838 5040 ἔθνη.
2886 4989 2904 5022 ι
2940 4969 3004 5021 Τί
3036 4969 3212 5022 τοίνυν
3242 4967 3489 5039 βούλεται
3521 4966 3752 5031 διδάξειν

2171 5062 2268 5132 τὴν
2304 5062 2631 5134 Ἐκκλησίαν
2654 5062 2842 5125 αὐτοῦ,
2862 5061 3124 5130 ἐπιλέγει,
3156 5081 3174 5111 ι
3210 5060 3308 5112 Διὰ
3334 5061 3524 5131 χρόνου
3554 5057 3754 5111 πολλοῦ

2174 5151 2427 5222 στήσεται
2468 5153 2692 5224 Κύριος.
2731 5172 2750 5203 ι
2791 5153 2899 5205 Καὶ
2937 5151 3149 5222 πρῶτον
3181 5149 3557 5220 ἐπιτηρητέον,
3586 5147 3661 5210 ὼς
3689 5148 3757 5200 ἐκ

2173 5240 2464 5312 προσώπου
2505 5240 2597 5294 τοῦ
2641 5242 2845 5314 Κυρίου
2893 5240 3066 5294 ταῦτα
3111 5240 3331 5312 φέρεται
3382 5241 3475 5293 καὶ⁵
3517 5238 3586 5292 τὰ
3624 5239 3756 5309 ἑξῆς

2169 5333 2378 5395 τούτοις
2412 5335 2812 5404 ἐπιφερόμενα·
2842 5335 2898 5384 ἐν
2927 5327 3006 5394 οἷς
3031 5332 3191 5394 αὐτὸς
3222 5333 3250 5386 ό
3281 5331 3375 5385 τοῦ
3408 5332 3566 5400 λόγου
3615 5348 3744 5384 κατ-

2170 5423 2342 5493 άρξας
2375 5424 2576 5495 Κύριος
2610 5425 2687 5488 ὡς
2739 5424 2866 5498 περὶ
2915 5424 3100 5495 ὲτέρου
3135 5423 3374 5477 διδάσκει
3401 5424 3468 5476 τὰ
3501 5423 3754 5491 ἐπιλεγό-

2175 5530 2341 5581 μενα·
2380 5515 2515 5568 ἀλλὰ
2558 5515 2651 5567 καὶ
2694 5515 3055 5584 γεγεννῆσθαι
3105 5515 3295 5567 ἐαυτὸν
3332 5515 3605 5586 ὁμολογεῖ,
3653 5518 3756 5570 καὶ

2171 5602 2351 5658 δοῦλον
2384 5607 2572 5674 ἑαυτὸν
2614 5605 2886 5677 ὀνομάζει,
2916 5607 3008 5660 καὶ
3036 5607 3135 5662 ὅσα
3165 5606 3298 5661 ἄλλα
3332 5608 3632 5679 παρίστησι
3659 5606 3758 5667 διὰ
