4130 6378
289 356 386 409 429

1154 347 1667 403 COMMENTARIA
1707 347 1772 402 IN
1813 347 2070 404 ISAIAM.
2111 379 2177 390 -ο
2214 349 2368 404 CAP.
2410 347 2599 403 XLIX.

3417 344 3524 403 450

290 472 390 525 τῶν
418 467 545 536 ἑξῆς
581 463 1009 536 ἐπιφερομένων.
1056 463 1146 534 Μὴ
1187 463 1302 526 νῦν,
1341 464 1525 533 φησὶν,
1567 462 1655 514 ὅτε
1684 461 1850 515 ταῦτα

1961 477 2079 517 esse
2115 472 2363 531 sperate:
2398 477 2524 515 nam
2577 460 2894 515 diuturnum
2951 459 3252 516 intercedet
3285 469 3518 529 tempus,

289 561 645 630 διεξέρχομαι,
702 557 1107 628 προσδοκήσητε
1151 555 1258 608 τῶν
1301 554 1473 623 λόγων
1513 553 1738 624 ἅψεσθαι
1784 554 1853 607 τὰ

289 652 730 722 ἀποτελέσματα·
767 644 974 721 μακρὸς
1002 648 1108 720 γὰρ
1139 648 1288 701 ἔσται
1323 646 1522 718 μεταξὺ
1561 647 1750 718 χρόνος
1791 647 1851 698 ἐν

288 744 327 816 ᾧ
365 749 428 801 δι’
462 746 638 817 ἔργων
686 744 1009 812 συστήσεται
1055 741 1120 795 τὰ
1166 739 1634 812 προφητευόμενα.
1685 757 1704 790 ι
1757 739 1853 791 Ἐκ

289 838 485 900 κοιλίας
522 834 726 906 μητρός
763 851 861 905 μου
902 833 1126 886 ἐκάλεσε
1157 831 1218 885 τὸ
1251 832 1420 902 ὄνομά
1464 849 1584 902 μου.
1633 851 1650 881 ι
1683 830 1852 884 Τοῦτο

289 931 388 1001 γὰρ
423 926 768 997 παιδεύθητε,
802 919 846 978 ὦ
877 925 1024 996 ἔθνη,
1057 925 1150 978 καὶ
1183 925 1359 995 ὑμεῖς,
1398 924 1453 976 αί
1488 924 1656 994 νῆσοι.
1695 923 1852 974 Ποῖον

288 1021 337 1073 δέ
359 1018 533 1080 τοῦτο,
567 1014 600 1087 ἢ
630 1017 711 1070 ὅτι
741 1014 943 1086 Κύριος
977 1016 1004 1068 6
1036 1015 1250 1068 πάντων
1279 1013 1565 1083 δεσπότης,
1601 1013 1694 1066 καὶ
1727 1014 1852 1081 πρὶν

291 1115 362 1175 είς
387 1108 706 1182 ἀνθρώπους
746 1107 845 1178 ὲμέ
870 1107 959 1160 τὸν
997 1104 1200 1176 Κύριον
1239 1104 1520 1167 εἰσελθεῖν,
1551 1102 1631 1156 ἔτι
1657 1103 1853 1174 κυόμε-

289 1221 390 1264 νον,
427 1201 522 1254 καὶ
570 1199 709 1252 κατὰ
746 1198 978 1269 γαστρὸς
1020 1196 1400 1259 ἀνεκαλέσατο,
1451 1196 1610 1258 αὐτὸς
1659 1195 1714 1248 δέ
1761 1211 1850 1267 μοι

289 1292 374 1346 καὶ
399 1291 569 1360 δνομα
597 1289 935 1360 ἐδωρήσατο;
973 1289 1095 1340 Ὅτι
1133 1288 1230 1358 μὲν
1258 1287 1332 1350 ὡς
1361 1285 1506 1356 αὐτῷ
1543 1286 1686 1357 μόνῳ
1712 1285 1851 1354 γνὼ-

1952 564 2240 623 antequam
2285 568 2349 607 ea
2404 569 2524 623 qua:
2575 553 2629 608 in
2669 550 2950 624 prophetia
2988 553 3364 619 enuntiantur,
3396 569 3523 608 eve-

1953 646 2124 700 uiant.
2194 663 2214 696 ι
2260 644 2339 699 Ex
2395 655 2551 700 utero
2607 645 2801 701 matris
2855 659 2989 700 metu
3048 647 3264 701 vocavit
3321 661 3521 700 nomen

1954 753 2154 791 meum.
2183 755 2202 788 ι
2231 734 2291 790 ιιι
2335 736 2578 801 ediscite,
2626 747 2838 807 gentes,
2873 747 2931 791 et
2956 753 3072 802 vos,
3113 738 3320 794 insulse.
3351 739 3522 806 Quid-

1955 845 2075 883 nam
2109 830 2256 892 illud,
2298 829 2398 883 nisi
2427 829 2573 897 quod
2606 829 2865 883 Dominus
2907 832 3149 884 omnium
3190 831 3518 890 dominatur.

1954 922 2038 976 vel
2070 931 2357 991 antequam
2383 937 2483 992 ego
2518 920 2779 976 Dominus
2810 922 2875 975 ad
2910 922 3154 977 homines
3175 921 3520 986 accederem,

1954 1025 2008 1068 et
2037 1021 2161 1068 dum
2193 1015 2248 1068 in
2287 1025 2439 1068 utero
2469 1024 2734 1082 gestarcr,
2797 1029 2880 1068 me
2917 1015 3213 1082 vocaverit,
3277 1015 3523 1084 mihique

1954 1121 2151 1161 nomen
2206 1105 2504 1160 indiderit?
2555 1105 2691 1172 Quia
2748 1108 3204 1176 quemadmodum
3261 1109 3359 1178 ipsi
3417 1109 3518 1163 soli

1951 1196 2064 1266 jam
2097 1207 2288 1251 notum
2331 1197 2458 1251 illud
2503 1206 2614 1262 est;
2666 1199 2742 1253 sic
2775 1209 2829 1253 et
2881 1201 3030 1254 vobis
3083 1203 3233 1269 ipsis,
3268 1203 3523 1258 omnibus

1958 1302 2149 1355 nempe
2172 1288 2441 1357 gentibus,
2472 1304 2571 1342 suo
2611 1298 2849 1357 tempore
2873 1291 3219 1346 n'ianil'estuni
3248 1294 3375 1347 erit.

291 1384 438 1460 ριμόν
471 1386 618 1436 ἐστι·
655 1381 798 1437 κατὰ
826 1382 1014 1454 καιρὸν
1053 1381 1109 1434 δὲ
1150 1382 1243 1435 καὶ
1289 1381 1424 1452 ὑμῖν
1467 1382 1668 1446 αὐτοῖς,
1707 1381 1849 1450 λέγω
1881 1383 2014 1435 πᾶσι
2042 1385 2154 1445 τοῖς
2175 1381 2376 1448 ἔθνεσι,
2403 1383 2632 1454 φανερὸν
2660 1385 2969 1456 γενήσεται.

357 1588 374 1620 ‹
408 1569 517 1622 Καὶ
548 1567 708 1638 ἔθηκε
740 1566 799 1620 τὸ
831 1566 1003 1637 στόμα
1040 1579 1140 1637 μου
1171 1567 1246 1629 ὡς
1281 1565 1554 1637 μάχαιραν
1587 1566 1784 1632 ὀξεῖαν.
1823 1585 1841 1616 ι

303 1656 448 1711 Ἀλλὰ
479 1655 577 1709 καὶ
619 1655 811 1724 ἔθηκεν
839 1657 866 1708 6
895 1654 1052 1716 αὐτὸς
1072 1653 1209 1717 Θεὸς
1239 1656 1333 1706 καὶ¹
1381 1654 1570 1723 Πατὴρ
1615 1651 1676 1704 τὸ
1719 1651 1848 1721 ἐμὸν

291 1750 372 1804 τοῦ
423 1749 595 1802 ταῦτα
650 1747 896 1815 λέγοντος
951 1746 1155 1817 Κυρίου
1215 1745 1407 1815 στόμα,
1460 1745 1535 1807 ὡς
1581 1744 1850 1814 μάχαιραν

293 1837 475 1906 ὀξεῖαν,
512 1836 786 1908 τμητικὴν
811 1831 994 1898 οὖσαν,
1022 1816 1101 1898 εἰς
1129 1832 1191 1887 τὸ
1207 1833 1435 1906 διαιρεῖν
1461 1832 1554 1887 καὶ
1575 1833 1852 1904 ἀφορίζειν
1885 1816 1925 1870 Β

292 1932 406 1994 τοὺς
433 1929 618 1992 ἀξίους
641 1927 731 1979 τοῦ
762 1926 895 1979 Θεοῦ
924 1926 1031 1979 ἀπὸ
1053 1925 1161 1980 τῶν
1191 1925 1264 1996 μὴ
1292 1924 1547 1978 τοιούτων
1568 1939 1582 1953 ³
1609 1923 1641 1976 ὂ
1665 1923 1728 1994 δὴ
1758 1923 1853 1976 καὶ

295 2023 346 2075 ἐν
375 2013 717 2089 Εὑαγγελῖοις
747 2020 774 2071 ό
815 2018 976 2081 αὐτὸς
1009 2017 1306 2090 ἐμαρτύρει
1344 2016 1517 2085 λέγων
1538 2055 1553 2080 ,
1589 2034 1607 2067 ι
1645 2015 1736 2087 Μὴ
1767 2033 1854 2070 νου

298 2115 498 2186 μίσητε,
525 2114 606 2166 ὅτι
634 2107 794 2182 ἦλθον
826 2109 1005 2179 βαλεῖν
1049 2110 1272 2180 εἰρήνην
1298 2108 1390 2160 ἐπ)⁵
1414 2109 1511 2178 τῆς
1537 2106 1662 2176 γῆς,
1702 2124 1721 2157 ›
1753 2106 1852 2158 καὶ

298 2207 362 2259 τὰ
405 2204 545 2275 ἑξῆς.
599 2222 618 2255 ‹
661 2202 769 2256 Καὶ
819 2200 924 2254 ὑπὸ
968 2199 1066 2271 τὴν
1101 2199 1308 2269 σκέπην
1359 2197 1454 2268 τῆς
1479 2196 1661 2268 χειρὸς
1685 2196 1848 2249 αὐτοῦ

306 2299 485 2370 ἔκρυψέ
522 2316 584 2370 με
609 2313 624 2327 ·
662 2294 824 2368 ἔθηκέ
855 2312 921 2366 με
961 2295 1035 2356 ὡς
1069 2293 1220 2364 βέλος
1262 2291 1533 2353 ἐκλεκτὸν,
1571 2289 1663 2343 καὶ
1698 2291 1755 2343 ἐν
1782 2292 1848 2362 τῇ

309 2392 534 2464 φαρέτρα⁸
571 2387 732 2444 αὑτοῦ
779 2387 977 2459 ἔκρυψέ
1017 2403 1102 2456 με.
1146 2404 1166 2437 ι
1212 2385 1322 2454 Τὴν
1362 2381 1591 2455 κρύφιον
1618 2382 1852 2444 καὶτοῖς

304 2481 502 2544 πολλοῖς
525 2479 879 2532 λανθάνουσαν
905 2475 1212 2546 οἰκονομίαν
1237 2474 1336 2544 τῆς
1365 2471 1628 2541 ἐνσάρκου
1659 2489 1852 2542 παρου-

299 2572 410 2635 σίας
431 2571 590 2624 αὐτοῦ
616 2565 718 2624 ὧδέ
741 2588 814 2641 πη
848 2567 1232 2636 αἰνιττόμενος.
1263 2565 1472 2632 Ὥσπερ
1496 2562 1551 2614 δέ
1583 2562 1851 2632 μάχαιραν

294 2660 456 2729 ὀξεῖαν
483 2663 585 2734 τὴν
608 2660 857 2729 γλῶσσαν
882 2655 1045 2712 αὐτοῦ
1073 2655 1378 2726 ὠνόμασεν,
1405 2653 1547 2707 οὕτω
1575 2653 1667 2706 καὶ
1700 2653 1852 2723 βέλος

294 2754 535 2808 ἐκλεκτόν
564 2769 695 2824 φησι
723 2748 994 2803 τεθεῖσθαι
1025 2747 1212 2800 ἐαυτὸν
1243 2745 1348 2798 ὑπὸ
1389 2743 1480 2797 τοῦ
1511 2743 1750 2818 Πατρός·
1785 2741 1850 2796 ἵν’

290 2848 368 2900 ὅτε
397 2845 660 2916 βούλοιτο,
691 2840 966 2913 τιτρώσκῃ
1004 2839 1126 2901 τοὺς
1169 2837 1350 2902 ἀξίους
1386 2836 1493 2890 τῶν
1531 2834 1695 2890 αὐτοῦ
1727 2835 1852 2888 κέν-

287 2955 442 3009 τρων·
476 2936 640 2991 ὁποία
669 2932 736 3008 ἦν
764 2937 797 3006 ἡ
820 2933 964 3004 ψυχὴ
991 2933 1023 3002 ἡ
1047 2930 1298 2998 λέγουσα,
1334 2948 1353 2981 ι
1391 2929 1512 2982 Ὅτι
1539 2926 1850 3000 τετρωμένη

289 3030 496 3099 ἀγάπης
533 3027 660 3096 ἐγώ.
705 3045 723 3078 ι
765 3024 909 3095 Πλὴν
937 3022 1070 3076 ἀλλά
1096 3023 1189 3075 καὶ
1221 3021 1379 3073 τοῦτο
1415 3019 1476 3071 τὺ
1514 3019 1666 3090 βέλος
1689 3018 1764 3081 ὡς
1796 3019 1852 3070 ἐν

287 3122 525 3193 φαρέτρα
558 3119 649 3171 καὶ
685 3117 825 3187 θήκῃ
861 3115 1028 3185 βελῶν
1064 3111 1380 3186 ἀπέκρυψεν
1407 3113 1435 3164 6
1462 3109 1592 3174 Θεὸς
1619 3109 1712 3162 καὶ
1736 3110 1852 3164 Πα-

661 3169 1014 3271 πάντέςιαῦτὸ
1037 3169 1304 3276 θεωρωσι,
1336 3202 1472 3273 μηδὲ
1499 3169 1775 3272 νομιῶσιν,
1804 3203 1851 3254 εί
1878 3169 1920 3226 C

287 3303 353 3372 μὴ
383 3306 536 3374 μόνοι
567 3303 615 3355 oi
649 3300 810 3364 ἀξιοῖ..
851 3296 1212 3368 Καταλλήλως
1237 3295 1292 3348 δέ
1320 3295 1412 3347 ἐπὶ
1434 3297 1499 3365 τῇ
1539 3293 1632 3346 τοῦ
1668 3293 1852 3363 βέλους

283 3392 552 3464 ἐπηγορίᾳ
577 3390 651 3461 τῷ
681 3390 782 3458 τ’ἧς
807 3387 1081 3460 φαρέτρας
1109 3386 1327 3454 ὀνόματι
1360 3383 1640 3455 κέχρηται.
1679 3383 1850 3454 Φαρέ-

283 3497 406 3553 τραν
454 3483 512 3536 δὲ
555 3481 647 3534 καὶ
686 3479 977 3551 βελοθήκην
1023 3478 1122 3530 οὐκ
1165 3475 1229 3528 ἂν
1282 3474 1544 3545 ἁμάρτοις
1587 3472 1754 3525 εἰπὼν
1789 3473 1850 3526 τὸ

285 3574 505 3644 σαρκίον
533 3573 561 3625 6
593 3571 874 3642 ἀνείληφεν
902 3571 931 3622 ό
963 3568 1055 3624 τοῦ
1094 3566 1227 3620 Θεοῦ
1256 3566 1424 3634 Λόγος
1453 3565 1731 3636 ἐπιδημῶν
1757 3565 1851 3618 ἀν-

284 3662 540 3735 θρώποις.
568 3663 816 3716 Τοιοῦτον
841 3663 895 3715 δὲ
922 3659 1426 3728 κατεσκευασμένον
1458 3657 1548 3710 τὸν
1570 3656 1744 3710 ταῦτα
1771 3655 1850 3708 λέο

281 3768 447 3822 γοντα
479 3756 680 3826 Κύριον
707 3756 734 3807 ό
757 3753 887 3824 ἐμὸς
919 3752 1049 3816 Θεὸς
1080 3751 1173 3804 καὶ
1209 3749 1394 3822 Πατὴρ
1425 3745 1544 3802 εἶπέ
1579 3765 1687 3820 μοι·

348 4055 369 4086 ι
417 4037 614 4101 Δοῢλός
649 4055 748 4107 μου
781 4033 833 4091 εἶ
864 4038 948 4102 σὺ,
997 4039 1231 4111 Ἰσραὴλ,
1267 4040 1359 4093 καί
1389 4041 1446 4093 ἐν
1479 4039 1560 4093 σοὶ
1588 4039 1846 4112 δοξασθή-

273 4141 464 4197 σομαι.
504 4149 524 4180 ι
571 4130 786 4202 Ἐπειδὴ
816 4131 921 4205 γὰρ
955 4132 1222 4203 προῆλθες
1254 4135 1316 4186 ἐκ
1368 4132 1572 4196 κοιλίας
1616 4133 1842 4206 μητρὸς,

271 4219 365 4271 καὶ
409 4219 623 4287 γένεσιν
658 4222 953 4293 ὑπέμεινας
990 4223 1088 4294 τὴν
1133 4227 1196 4277 ἐκ
1243 4225 1551 4298 σπέρματος
1607 4224 1842 4297 Ἰσραὴλ,

272 4310 372 4363 οὐκ
405 4313 466 4365 ἐν
509 4315 678 4386 ἑτέρῳ
719 4317 884 4384 γένει,
932 4315 1051 4369 ούδέ
1084 4318 1141 4369 ἐν
1174 4317 1487 4387 ἀλλοφύλοις
1530 4318 1705 4372 ἔθνεσι
1748 4318 1844 4390 τὴν

275 4400 689 4475 ἐνανθρὼπησιν
715 4407 980 4478 ἐποιήσω·
1013 4408 1125 4462 ἀλλ’
1152 4411 1208 4461 ἐν
1237 4409 1313 4480 τῷ
1350 4410 1563 4481 Ἰσραὴλ
1590 4412 1654 4462 ἐκ
1681 4410 1844 4481 σπέρ-

2023 1565 2188 1620 Vens.
2215 1566 2271 1620 ‘2.
2322 1585 2340 1617 ι
2371 1566 2434 1620 Et
2465 1567 2641 1636 posuit
2685 1583 2746 1622 os
2791 1583 2974 1622 meum
3016 1577 3074 1622 ut
3116 1568 3354 1640 gladium
3394 1586 3522 1626 acu--

1957 1666 2137 1713 tum.)
2176 1658 2279 1712 Sed
2307 1659 2466 1712 etiam
2504 1659 2643 1714 idem
2674 1660 2814 1714 Deus
2866 1669 2917 1714 et
2942 1659 3128 1726 Pater,
3158 1663 3260 1716 mei
3301 1663 3400 1718 ista
3437 1665 3520 1718 lo-

1957 1749 2175 1817 quentis
2203 1751 2466 1805 Dominus
2497 1767 2560 1806 os
2595 1752 2780 1820 posuit
2809 1761 2866 1806 ut
2889 1753 3130 1822 gladium
3184 1766 3427 1824 acutum,
3459 1772 3522 1811 ac

1954 1843 2100 1896 tenui
2138 1843 2203 1897 ad
2229 1842 2546 1898 scissionem
2585 1844 2722 1907 acie,
2750 1845 2816 1898 ad
2852 1841 3183 1914 separandos
3225 1855 3280 1900 et
3325 1860 3521 1916 seque-

1954 1935 2206 1990 strandos
2231 1950 2350 2002 eos,
2403 1936 2494 2005 qui
2541 1935 2654 1991 Deo
2700 1937 2848 2007 digni
2885 1946 3031 2006 sunt,
3062 1937 3249 2002 abiis,
3278 1940 3370 2008 qui
3412 1955 3521 1993 non

1953 2027 2070 2096 pari
2105 2026 2265 2080 modo
2300 2041 2358 2081 se
2383 2026 2614 2081 habent.
2652 2028 2806 2095 Quod
2835 2028 2998 2083 etiam
3050 2031 3164 2099 ipse
3194 2030 3246 2084 in
3269 2031 3521 2102 Evange-

1953 2118 2039 2172 liis
2065 2117 2461 2174 testiﬁcabatur
2486 2119 2672 2174 dicens
2709 2140 2721 2174 :
2759 2137 2778 2172 ι
2799 2119 2975 2175 Nolite
3003 2129 3230 2191 putare,
3260 2123 3519 2192 quoniam

1953 2210 2197 2264 venerim
2228 2225 2416 2280 pacem
2448 2211 2666 2266 mittere
2700 2228 2864 2282 super
2894 2222 3096 2268 terram
3142 2214 3211 2280 ⁸⁸,
3247 2234 3266 2266 ι
3313 2224 3367 2270 et
3411 2232 3520 2270 caa-

1954 2311 2092 2357 tera.
2138 2319 2157 2354 ι
2194 2302 2260 2358 Ει
2309 2305 2409 2358 sub
2455 2312 2773 2372 legumento
2829 2320 3022 2360 manus
3075 2320 3185 2361 suae
3233 2306 3522 2364 abscondit

1953 2411 2070 2448 me:
2105 2396 2284 2464 posuit
2313 2411 2396 2449 me
2421 2396 2575 2464 quasi
2605 2397 2858 2466 sagittam
2893 2397 3147 2461 electam,
3191 2408 3245 2452 et
3291 2400 3342 2452 in
3377 2401 3516 2470 pha-

1953 2495 2096 2539 retra
2131 2501 2226 2538 sua
2266 2487 2554 2540 abscondit
2603 2503 2710 2542 me.
2743 2506 2764 2541 ι
2796 2487 3076 2543 Occultam
3105 2505 3168 2544 ac
3199 2491 3383 2547 multis
3423 2494 3520 2548 ho-

1953 2575 2192 2629 minibus
2216 2574 2474 2630 latent-em
2505 2579 2865 2633 ceconomiam
2907 2581 2988 2634 sui
3021 2581 3078 2634 in
3122 2597 3287 2637 carne
3317 2586 3520 2639 adven-

1953 2672 2038 2719 tus
2068 2665 2152 2720 bis
2181 2666 2508 2722 subindicat.
2539 2668 2694 2724 Sicut
2718 2681 2895 2725 autem
2928 2672 3166 2742 linguam
3216 2692 3371 2730 suam
3399 2678 3518 2748 gla-

1953 2757 2098 2811 dium
2149 2769 2370 2813 acutum
2424 2762 2659 2826 vocavit,
2706 2763 2778 2816 ita
2822 2772 2876 2818 et
2928 2778 2988 2818 se
3020 2764 3238 2821 aPatre
3267 2769 3516 2839 sagittam

1953 2849 2178 2904 electam
2210 2851 2444 2920 positum
2481 2851 2652 2908 fuisse
2687 2863 2953 2921 testatur;
2993 2866 3051 2909 ut
3088 2858 3298 2927 quoties
3334 2859 3518 2927 vellet,

1955 2939 2142 2995 feriret
2187 2957 2300 3006 eos,
2347 2943 2438 3011 qui
2491 2943 2796 3011 huiusmodi
2840 2947 3048 3016 spiculo
3093 2949 3240 3019 digni
3278 2965 3514 3008 essent:

1952 3034 2125 3102 quatis
2154 3043 2272 3088 erat
2302 3035 2482 3088 anima
2513 3035 2623 3099 illa,
2645 3051 2768 3108 qtue
2807 3037 3042 3105 dicebat,
3096 3058 3112 3092 ι
3145 3041 3288 3108 Quia
3330 3045 3522 3098 vulne-

1955 3135 2068 3179 rata
2096 3140 2278 3180 amore
2304 3141 2404 3197 ego
2437 3126 2504 3181 ⁸⁸.
2540 3146 2556 3178 ι
2586 3127 2851 3183 Caeterum
2883 3129 3023 3186 hanc
3047 3132 3322 3203 sagittam,
3355 3137 3514 3205 quasi

1958 3218 2012 3272 in
2038 3219 2300 3288 pharetra
2329 3226 2386 3272 et
2414 3220 2736 3291 sagittarum
2773 3223 2927 3277 theca
2965 3223 3115 3280 Deus
3151 3225 3312 3282 Pater
3355 3243 3516 3300 repo-

1956 3310 2095 3375 suit;
2131 3325 2198 3365 ne
2219 3310 2363 3364 illam
2391 3326 2582 3366 omnes
2604 3313 2856 3368 viderent
2880 3331 2943 3370 ac
2967 3315 3240 3372 aestimare
3272 3330 3515 3391 possent,

1955 3402 2132 3472 dignis
2162 3412 2378 3456 tantum
2407 3405 2670 3473 exceptis.
2696 3404 3075 3463 Consentauec
3101 3417 3282 3464 autem
3317 3411 3384 3466 ad
3428 3428 3520 3466 sa~

1955 3492 2100 3561 gina:
2136 3492 2486 3558 vocabulum,
2521 3495 2790 3562 pharetra:
2819 3499 3039 3554 nomine
3069 3515 3199 3556 usus
3226 3512 3334 3560 est.
3371 3504 3515 3559 "Pha-

1954 3591 2154 3636 retram
2182 3598 2310 3638 vero
2338 3595 2394 3640 et
2424 3586 2740 3656 sagittarum
2768 3588 2984 3644 thecam
3018 3594 3330 3662 neutiquam
3357 3598 3517 3651 aber-

1953 3686 2064 3739 res,
2091 3675 2133 3729 si
2169 3675 2316 3731 dicas
2340 3689 2462 3731 esse
2483 3692 2732 3744 carnem,
2765 3695 2927 3749 quam
2978 3682 3069 3738 Dei
3106 3684 3339 3741 Verbum
3375 3691 3513 3758 apud

1954 3766 2200 3821 homines
2218 3769 2570 3837 peregrinans
2586 3772 2895 3840 assumpsit.
2920 3772 3021 3828 His
3054 3776 3227 3830 modis
3245 3777 3514 3841 instructo

1951 3859 2105 3926 mihi,
2124 3860 2226 3929 qui
2254 3861 2374 3916 tunc
2399 3861 2612 3931 loquor,
2635 3862 2879 3931 Domino,
2901 3863 3042 3921 Deus
3063 3875 3116 3922 et
3134 3866 3296 3923 Pater
3327 3868 3464 3924 dixit
3491 3887 3511 3931 :

2023 4047 2186 4102 Vens.
2219 4046 2271 4102 '5.
2309 4065 2327 4099 ι
2351 4046 2549 4104 Servus
2564 4063 2729 4106 tmeus
2755 4058 2914 4118 estu,
2943 4049 3133 4118 lsrael,
3153 4060 3212 4108 et
3235 4052 3288 4107 in
3315 4060 3370 4108 te
3397 4051 3514 4124 glo-

1952 4136 2152 4190 riabor.
2180 4155 2201 4188 ι
2242 4137 2377 4204 Quia
2425 4140 2569 4193 enim
2615 4155 2682 4194 ex
2743 4152 2898 4198 utero
2933 4145 3124 4198 matris
3155 4145 3426 4214 prodiisti,
3453 4157 3511 4205 et

1949 4237 2128 4282 ortum
2161 4242 2227 4282 ex
2257 4231 2463 4285 semine
2492 4230 2662 4286 lsrael
2695 4231 2895 4300 tulisti;
2921 4249 3026 4289 non
3061 4235 3169 4290 alio
3195 4237 3252 4290 in
3287 4252 3508 4307 genere,

1950 4336 2124 4390 neque
2156 4321 2207 4375 in
2245 4321 2564 4391 alienigenis
2599 4321 2872 4392 gentibus,
2925 4325 3360 4382 incarnationem
3391 4329 3509 4383 edi-

1950 4411 2109 4477 disti;
2160 4412 2254 4466 sed
2309 4413 2361 4467 in
2391 4413 2560 4468 Israel
2590 4430 2654 4468 ex
2685 4416 2892 4470 semine
2941 4417 3136 4480 David,
3168 4429 3224 4472 et
3248 4433 3320 4473 ex
3366 4419 3508 4474 tribu

279 4504 446 4558 ματος
476 4495 635 4548 Δαυῖδ
662 4497 800 4551 κατά
834 4498 1030 4570 σάρκα,
1065 4501 1159 4553 καὶ
1187 4500 1251 4553 ἐκ
1279 4501 1453 4570 φυλῆς
1500 4501 1668 4555 Ἰούδα
1701 4501 1846 4569 γενό-

1951 4499 2081 4555 Iuda
2111 4505 2403 4558 secundum
2439 4520 2660 4560 carnem
2691 4516 2868 4571 ortus,
2895 4506 3020 4576 jure
3061 4517 3117 4562 et
3141 4509 3264 4578 ipse
3296 4525 3512 4582 quoque

278 4595 458 4650 μενος,
500 4588 722 4650 εἰκότως
767 4589 859 4643 καί
909 4590 1070 4653 αὐτὸς
1128 4591 1340 4663 Ἰσραὴλ
1384 4593 1728 4664 χρηματίσας
1776 4592 1842 4646 ἂν

276 4671 368 4724 καὶ
393 4675 598 4740 δοῦλος,
623 4677 709 4730 διὰ
732 4678 792 4731 τὸ
823 4678 1034 4750 μορφὴν
1059 4681 1243 4734 δούλου
1271 4681 1637 4752 ἀνειληφέναι,
1665 4682 1841 4737 καίτοι

279 4769 538 4838 μονογενῆ
563 4768 691 4822 ὄντα
711 4769 858 4821 Θεόν·
886 4770 1020 4823 ἀλλὰ
1048 4771 1155 4842 γὰρ
1175 4773 1374 4842 ὁμοίως
1401 4777 1511 4836 τοῖς
1536 4773 1841 4846 ἔμπροσθεν

276 4855 369 4907 καὶ
413 4861 647 4916 ἐνταῦθα
697 4863 756 4915 τὸ
810 4862 909 4934 μὲν
961 4864 1054 4917 τοῦ
1100 4865 1218 4917 υίού
1264 4865 1434 4935 ὄνομα
1480 4867 1838 4938 ἀποκρύπτει,

274 4941 458 5003 δοῦλον
479 4952 533 5004 δὲ
567 4953 836 5024 ὀνομάζει,
867 4955 964 5028 τὴν
992 4955 1082 5008 τοῦ
1120 4955 1232 5008 υἱοῦ
1265 4958 1634 5028 προσηγορίαν
1658 4960 1722 5029 τῇ
1746 4957 1842 5010 αύ-

275 5036 365 5088 τοῦ
416 5045 688 5114 παρουσίᾳ
739 5045 832 5099 καὶ
875 5049 938 5117 τῇ
985 5047 1049 5099 δι’
1095 5045 1258 5098 αὐτοῦ
1314 5048 1478 5100 πᾶσιν
1534 5047 1840 5120 ἀνθρώποις

276 5121 714 5210 ἀνακαλυφθείσῃ
759 5137 936 5204 χάριτι
967 5136 1375 5207 ταμιευόμενος.
1418 5135 1530 5190 Εἶθ’
1578 5139 1714 5210 ὅπερ
1744 5140 1837 5191 οὐ-

275 5207 380 5266 δενὶ
404 5220 512 5270 τῶν
537 5220 753 5275 πώποτε
769 5223 966 5277 δούλων
991 5224 1221 5294 ὑπῆρξε,
1241 5224 1399 5277 τοῦτο
1420 5225 1509 5278 διὰ
1535 5225 1651 5289 σοῧ,
1679 5227 1833 5298 φησὶν

273 5309 574 5381 γενήσεται·
608 5314 664 5366 ἐν
698 5315 780 5366 σοὶ
815 5316 922 5387 γὰρ
951 5315 1364 5387 δοξασθήσομαι.
1403 5315 1586 5369 Ταῦτα
1621 5317 1717 5387 μὲν
1745 5313 1838 5371 οὖν

273 5391 300 5442 ὁ
325 5395 455 5464 Θεὸς
486 5406 576 5457 καὶ
610 5406 822 5477 Πατήρ·
864 5407 972 5474 ἐγὼ
1002 5407 1058 5460 δὲ
1102 5411 1130 5462 ὁ
1178 5409 1349 5462 ταῦτα
1395 5408 1567 5477 λέγων
1612 5409 1832 5482 Κύριος,

275 5486 473 5546 τούτων
501 5497 736 5560 ἀκούσας
758 5499 864 5550 τῶν
893 5499 1087 5576 λόγων,
1117 5501 1499 5573 ἀπεκρινάμην
1525 5501 1617 5554 καὶ
1646 5497 1799 5556 εἷπον
1819 5519 1831 5530 ·

275 5572 380 5632 Καὶ
411 5587 524 5651 πῶς
547 5588 850 5661 ὁοξασθήση
879 5591 936 5642 ἐν
979 5572 1124 5662 ἐμοὶ,
1154 5587 1198 5645 ὦ
1229 5594 1408 5665 Πάτερ
1431 5572 1637 5649 ίὸπότε
1667 5593 1835 5650 πολλά

341 5756 386 5790 ⁸⁸
421 5763 608 5822 Matth.
650 5783 702 5834 κ,
728 5768 827 5840 3t.
906 5770 953 5803 ⁸⁸
981 5769 1138 5826 Cant.
1169 5787 1224 5837 ιι,
1256 5772 1308 5831 5.

1952 4592 2115 4647 Israel
2145 4597 2378 4661 vocaris,
2423 4604 2479 4649 et
2516 4611 2727 4661 servus,
2761 4599 2883 4667 quia
2926 4599 3324 4657 servi‘formam
3356 4617 3513 4659 acres

1947 4685 2096 4763 pistig,
2124 4687 2226 4740 etsi
2259 4687 2567 4756 unigenitus
2593 4689 2668 4740 sis
2700 4687 2862 4745 Deus.
2888 4690 2956 4743 At
2984 4690 3097 4756 hic,
3135 4701 3192 4748 ut
3219 4693 3271 4746 in
3307 4707 3513 4763 praece-

1949 4776 2224 4842 dentibus,
2259 4778 2351 4832 lilii
2387 4779 2604 4848 quidem
2631 4794 2826 4834 nomen
2857 4789 3018 4846 tacet,
3049 4795 3381 4854 servumque
3415 4801 3512 4840 vo-

1948 4877 2070 4934 cat,
2101 4867 2194 4920 ﬁlii
2231 4883 2422 4922 nomen
2439 4869 2703 4925 adventui
2735 4886 2834 4925 suo
2881 4880 2936 4926 et
2969 4872 3163 4940 gratiae
3198 4889 3293 4942 per
3332 4875 3506 4944 ipsum

1950 4958 2266 5013 hominibus
2310 4960 2562 5014 omnibus
2601 4961 2881 5029 revelatse,
2938 4977 3242 5020 reservans.
3279 4966 3509 5030 Deinde,

1946 5049 2090 5118 quod
2131 5051 2334 5104 nemini
2381 5067 2616 5121 unquam
2665 5068 2946 5110 servorum
2978 5071 3295 5112 concessum
3326 5067 3429 5120 est,
3457 5059 3509 5110 id

1945 5155 2043 5208 per
2080 5151 2152 5204 te,
2203 5140 2404 5210 inquit,
2457 5152 2783 5214 peragetur:
2837 5160 2960 5200 nam
3005 5146 3058 5201 in
3110 5156 3164 5201 te
3205 5147 3506 5217 gloriabor.

1943 5231 2072 5286 Haec
2105 5232 2322 5300 quidem
2363 5234 2507 5290 Deus
2555 5246 2609 5290 et
2649 5236 2830 5293 Pater.
2883 5239 2994 5310 Ego
3041 5255 3193 5304 vero,
3244 5240 3335 5308 qui
3393 5239 3508 5292 ham

1945 5323 2087 5388 dico,
2119 5323 2398 5390 Dominus,
2435 5325 2518 5378 his
2545 5325 2746 5382 auditis
2780 5331 2982 5394 verbis,
3018 5331 3090 5384 ita
3125 5329 3409 5398 reSpondi:
3443 5331 3507 5384 Et

1942 5414 2212 5482 quomodo
2240 5414 2290 5467 in
2324 5431 2411 5471 me
2437 5416 2781 5487 gloriaberis,
2835 5434 2866 5474 ο
2910 5420 3104 5474 Pater!
3158 5435 3280 5474 eum
3323 5422 3506 5475 multis

1941 5505 2214 5560 laboribus
2246 5507 2630 5578 doloribusque
2653 5527 2749 5580 pro
2776 5512 2949 5566 salute
2979 5511 3256 5566 hominum
3287 5513 3508 5582 perfusi.

1941 5606 2078 5662 ctus,
2114 5598 2246 5654 nihil
2275 5600 2636 5668 perl'ecerim?
2663 5603 2812 5657 multi
2850 5616 3086 5672 namque
3111 5617 3177 5657 ex
3207 5603 3313 5661 illis
3342 5603 3393 5664 in
3418 5604 3506 5667 in.
