4130 6384
524 346 647 406 ειδι
1186 343 1455 402 mesen"
1492 343 1965 404 t‘UESARlENSlS
2000 349 2104 407 om

2206 353 2386 411 rans
2423 354 2511 412 ιιι.
2550 340 2619 400 έ-
2655 356 3070 416 ιειιεοετιω.
3692 367 3806 426 .52

525 464 863 521 -cretlulitate
915 470 1274 529 manserunt;
1325 470 1487 533 atque
1541 462 1597 517 in
1648 464 1839 533 primis
1904 463 2075 523 Judaei

2229 473 2443 543 καμὼν,
2498 472 2594 530 καὶ
2646 475 2871 549 μυρίους
2914 478 3114 543 κόπους
3165 477 3462 552 ὑπομείνας
3509 477 3649 556 ὖπὲρ
3698 486 3807 561 τῆς

541 573 712 628 quare
739 558 896 614 dico:

587 648 599 666 ι
737 647 828 666 .,.
1053 648 1066 666 .
1124 650 1356 666 μην.-.
1400 647 1415 666 ,
1567 648 1581 666 .
1754 654 1767 666 .
1892 655 1918 666 -
1975 654 1989 666 .

2231 565 2340 619 τῶν
2374 565 2674 638 ἀνθρώπων
2724 570 3021 642 σωτηρίας,
3054 571 3209 627 οὐδὲν
3254 573 3455 645 ἧνυσα·
3487 576 3539 629 οἱ
3580 558 3807 666 πλείους

539 648 649 723 γὰρ
690 647 871 717 αὐτῶν
900 648 1262 720 ἐναπέμειναν
1292 650 1363 720 τῇ
1391 647 1649 724 ἀπιστία·
1683 654 1777 707 καὶ⁵
1805 654 2020 727 πρῶτόν
2051 672 2113 725 γε
2153 666 2212 711 το
2257 659 2524 715 Ἰουδαίων
2554 661 2724 726 ἔθνοςο
2754 662 2835 717 διό
2865 678 3031 735 φημιο

614 764 777 823 Vens.
801 762 924 817 4-5.
961 781 980 813 ι
1006 760 1138 817 Sine
1161 776 1324 816 causa
1366 762 1629 831 laboravi,
1660 767 1712 822 in
1743 785 1944 825 vanum
1985 782 2041 827 et
2067 772 2104 826 ir

2295 792 2314 825 ι
2348 774 2535 839 Κενῶς
2555 777 2841 840 ἐκοπίασα,
2868 777 2948 841 είς
2977 777 3203 849 μάταιον
3226 778 3321 833 κα)⁵
3342 781 3422 845 είς
3442 782 3593 836 οὐδὲν
3621 783 3805 838 ἔδωκα

544 856 768 912 nihilum
800 854 919 910 dedi
970 852 1339 909 fortitudinem
1377 871 1575 912 meam.
1619 858 1915 930 Propterea
1964 864 2104 932 indi.

2218 866 2317 937 τὴν
2337 864 2487 935 ἰσχύν
2514 883 2636 937 μου.
2667 868 2765 922 Διὰ
2779 867 2996 939 τοῦτοή
3042 869 3225 941 κρίσις
3259 886 3361 941 μου
3395 873 3544 943 παρὰ
3584 873 3803 945 Κυρίῳ,

544 950 685 1004 cium
713 961 888 1002 meum
913 962 943 999 a
978 947 1204 1003 Domino
1224 988 1241 1015 ,
1276 960 1331 1005 et
1359 949 1513 1005 labor
1545 966 1696 1007 meus
1723 953 1778 1007 in
1824 967 2104 1025 conspectu

2217 962 2311 1010 καὶ
2337 959 2365 1010 ὁ
2391 959 2549 1022 πόνος
2573 976 2672 1030 μου
2698 960 2937 1015 ἐναντίον
2961 960 3052 1014 τοῦ
3077 961 3210 1014 Θεοῦ
3242 980 3364 1033 μου.
3392 964 3502 1016 Καὶ
3532 963 3628 1018 νῦν
3658 963 3805 1018 οὕτω

542 1039 636 1095 Dei
667 1036 796 1093 mei.
824 1038 891 1092 Et
921 1052 1065 1092 nunc
1110 1039 1191 1095 sic
1250 1039 1383 1094 dicit
1414 1041 1701 1109 Dominus,
1737 1047 1829 1115 qui
1864 1045 2104 1103 formavil

2216 1048 2362 1118 λέγει
2392 1048 2615 1121 Κύριος,
2646 1054 2674 1106 ὁ
2707 1052 2918 1114 πλάσας
2946 1069 3013 1123 με
3045 1054 3110 1106 ἐκ
3144 1053 3353 1118 κοιλίας
3380 1054 3565 1108 δοῦλον
3595 1055 3799 1126 ἐαυτῷ,

541 1145 628 1186 me
653 1146 720 1186 ex
758 1138 914 1184 utero
946 1144 1161 1185 servum
1192 1130 1319 1196 sibi,
1351 1141 1409 1187 ut
1443 1148 1831 1205 congregarem
1852 1137 2021 1197 Jacob
2052 1144 2104 1196 ad

2214 1138 2308 1192 τοῦ
2335 1145 2655 1211 συναγαγεῖν
2683 1143 2773 1195 τὸν
2789 1141 2981 1197 Ἰακὼϐ
3014 1144 3153 1216 πρὸς
3190 1141 3372 1210 αὐτὸν,
3422 1145 3515 1199 καὶ
3552 1144 3795 1221 Ἰσραὴλ·

538 1240 692 1289 eum,
717 1232 773 1279 et
804 1222 1011 1290 Israel;
1043 1225 1423 1296 congregabor
1447 1237 1504 1282 et
1532 1227 1883 1298 glorificabor
1914 1233 1968 1289 in
1995 1250 2104 1291 con-

2218 1231 2622 1305 συναχθήσομαι
2670 1237 2765 1289 καὶ
2811 1235 3215 1309 δοξασθήσομαι
3269 1238 3511 1292 ἐναντίον
3560 1238 3799 1311 Κυρίου,

537 1326 727 1388 spectu
757 1315 994 1381 Demioi,
1024 1322 1081 1371 et
1105 1314 1247 1372 Deus
1278 1332 1432 1374 meus
1466 1320 1572 1376 erit
1599 1323 1735 1378 mibi
1771 1322 2054 1382 fortitudo.
2088 1348 2104 1383 ι

2216 1324 2311 1378 καὶ
2343 1327 2371 1377 ὁ
2400 1325 2529 1389 Θεὸς
2582 1344 2683 1397 μου
2724 1327 2876 1382 ἔσται
2926 1346 3015 1398 μοι
3060 1328 3231 1399 ίσχύς.
3267 1347 3286 1380 ι
3322 1330 3384 1383 ΕΞ
3419 1328 3526 1402 γὰρ
3570 1330 3665 1383 καὶ
3712 1330 3799 1403 μὴ

538 1407 768 1466 Etiamsi
794 1408 940 1465 enim
971 1407 1220 1463 homines
1250 1423 1355 1464 non
1378 1420 1524 1467 recte
1564 1423 1748 1486 agant,
1786 1432 1888 1472 nec
1927 1433 1994 1473 ex
2036 1419 2104 1474 la-

2216 1416 2494 1489 ἄνθρωποι
2531 1418 2862 1491 κατορθῶσι,
2898 1420 3021 1491 μηδ’
3069 1420 3235 1487 ἀξίως
3265 1420 3375 1475 τῶν
3409 1421 3555 1492 ἐμῶν
3587 1422 3793 1486 πόνων,

536 1502 762 1558 boribus
797 1501 968 1569 meis,
997 1516 1132 1571 quos
1163 1502 1403 1570 ipsorum
1433 1520 1596 1561 causa
1644 1523 1936 1579 perpessus
1970 1527 2104 1580 sum,

2213 1501 2288 1563 ὧν
2315 1509 2585 1581 ὑπέμεινα
2616 1510 2685 1563 δι’
2712 1512 2928 1576 αὐτοὺς,
2976 1512 3332 1583 ὠφελοῦνται·
3377 1514 3492 1567 ἀλλ’
3543 1513 3673 1584 ἐγὼ,
3718 1514 3795 1569 τὰ

536 1596 753 1665 dignam
785 1593 1079 1648 utilitatem
1108 1594 1419 1665 accipiant;
1458 1606 1513 1651 at
1553 1612 1652 1668 ego
1685 1599 1774 1666 iis,
1804 1616 1923 1672 quae
1950 1618 2104 1673 penes

2214 1602 2345 1674 παρ’
2370 1603 2608 1675 ἐμαυτοῦ
2641 1603 2875 1676 πράξας,
2904 1607 3145 1660 ἐναντίον
3170 1605 3265 1660 τοῦ
3297 1606 3431 1659 Θεοῦ
3462 1624 3561 1678 μου
3584 1606 3645 1660 τὸ
3678 1623 3793 1661 πα-

535 1702 625 1744 me
656 1694 839 1753 erant,
868 1685 1211 1757 perfunctus,
1243 1686 1297 1741 in
1330 1698 1629 1758 conspectu
1665 1690 1758 1747 Dei
1792 1693 1895 1748 mei
1932 1704 2104 1764 pater-

2212 1695 2399 1766 τρικὸν
2430 1695 2717 1751 ἐτελείωσα
2747 1697 3031 1769 βούλημα’
3060 1697 3142 1751 διὸ
3176 1698 3412 1770 πρώτοις
3443 1701 3625 1763 αὐτοῖς
3658 1700 3795 1770 ἐκή-

535 1795 661 1835 nam
689 1779 898 1850 explevi
941 1779 1274 1835 voluntatem
1309 1796 1325 1836 :
1372 1782 1729 1851 quamobrem
1772 1784 1859 1853 iis,
1905 1786 1997 1856 qui
2043 1802 2104 1842 ex

2218 1784 2350 1856 ρυξα
2377 1789 2491 1850 τοῖς
2522 1788 2587 1840 ἐκ
2612 1788 2913 1860 περιτομῆς
2940 1788 3038 1862 τὴν
3071 1790 3346 1861 σωτηρίαν
3382 1791 3476 1844 καὶ
3520 1789 3791 1863 πατρικὴν

535 1873 945 1929 circumcisione
980 1885 1125 1938 sunt,
1152 1874 1385 1943 primum
1419 1874 1711 1932 salutarem
1744 1886 1799 1933 et
1830 1887 2104 1948 paternam

2211 1876 2393 1949 χάριν.
2433 1876 2491 1929 '0
2515 1877 2624 1950 γὰρ
2655 1877 2864 1944 πλάσας
2898 1896 2965 1950 με
2998 1881 3063 1933 ἐκ
3106 1880 3314 1945 κοιλίας
3345 1880 3531 1934 δοῦλον
3581 1880 3785 1953 ἐαυτῷ,

535 1965 764 2037 gratiam
795 1962 1104 2036 praedicavi.
1141 1962 1278 2020 Nam
1324 1965 1418 2034 qui
1448 1965 1701 2034 formavit
1735 1982 1821 2024 me
1861 1970 1930 2023 ab
1960 1982 2104 2027 utero

2212 1969 2306 2022 καὶ
2330 1970 2394 2022 ἐκ
2420 1968 2516 2022 τοῦ
2553 1969 2768 2042 Ἰσραὴλ
2786 1970 2846 2024 τὸ
2865 1970 3026 2042 σῶμά
3052 1990 3151 2043 μου
3174 1972 3610 2037 κατασκευάσας,
3638 1973 3791 2046 πρώ-

532 2072 752 2114 servum
782 2056 909 2120 sibi.
945 2065 1000 2111 et
1031 2071 1099 2111 ex
1136 2056 1332 2111 lsraele
1360 2072 1558 2128 corpus
1597 2074 1776 2114 meum
1812 2062 2110 2117 concinna-

527 2150 631 2218 vit,
660 2150 706 2204 is
737 2149 913 2204 voluit‘
938 2158 997 2201 ut
1023 2147 1157 2218 ipsis
1188 2148 1462 2218 prioribus
1501 2150 1731 2221 gratiam
1766 2167 1939 2207 meam
1972 2171 2112 2223 prae-

529 2242 794 2307 diearem,
823 2248 882 2295 ut
911 2237 1080 2296 Iacob
1109 2249 1163 2295 et
1194 2240 1363 2296 Israel
1412 2243 1478 2295 ad
1531 2257 1656 2297 eum
1693 2257 2106 2316 congregarem.

520 2331 661 2389 dare
699 2333 881 2402 itaque
919 2330 1034 2387 haec
1059 2332 1259 2387 monita
1291 2332 1456 2388 tradit
1488 2351 1501 2388 :
1537 2353 1554 2387 ι
1598 2334 1655 2389 In
1692 2336 1833 2390 viam
1869 2337 2106 2408 gentium

516 2440 599 2480 -ne
626 2423 890 2492 abieritis,
918 2431 973 2479 et
1000 2422 1053 2479 iu
1088 2423 1362 2480 civitatem
1414 2425 1879 2483 Samaritanorum
1930 2445 1996 2485 ne
2027 2432 2110 2486 itt-

521 2517 806 2572 ttraveritiu
833 2532 849 2571 :
881 2516 955 2571 ite
984 2519 1166 2587 potius
1200 2518 1267 2572 ad
1306 2532 1458 2581 oves,
1494 2534 1615 2589 quae
1672 2521 1972 2591 perierunt,
2010 2524 2107 2581 do-

519 2608 846 2666 musilsrael
873 2608 939 2663 ⁸⁷.
977 2626 996 2661 ι
1028 2607 1176 2663 Patri
1216 2623 1347 2680 ergo
1402 2609 1629 2680 placuit,
1667 2621 1725 2665 ut
1776 2613 1843 2666 ad
1884 2627 2109 2685 congre-

523 2700 767 2773 ‘gandum
797 2699 963 2757 Jacob
995 2709 1051 2756 et
1075 2700 1265 2765 Israel,
1314 2700 1383 2756 ad
1427 2700 1677 2769 homines
1705 2705 1996 2759 transitum
2028 2706 2107 2760 fa-

525 2809 735 2859 cerem,
772 2793 916 2849 unde
944 2793 1040 2859 ait,
1074 2809 1094 2846 ι
1124 2791 1181 2847 ln
1218 2800 1271 2847 te
1301 2791 1593 2863 gloriabor.
1643 2811 1663 2846 ι
1726 2793 1839 2864 Ego
1865 2810 1995 2850 vero
2024 2798 2105 2853 iu-

2209 2077 2323 2124 τοις
2350 2060 2535 2126 αὐτοῖς
2567 2061 2801 2134 κηρῦξαι
2838 2062 3156 2135 βεϐούληται
3188 2064 3287 2136 τὴν
3322 2064 3560 2135 ἐμαυτοῦ
3601 2067 3784 2138 χάριν,

2210 2152 2290 2215 είς
2316 2151 2378 2205 τὺ
2423 2156 2750 2222 συναγαγεῖν
2775 2154 2868 2209 τὸν
2911 2154 3102 2209 Ἰακὼὸ
3146 2155 3280 2226 πρὸς
3323 2155 3505 2216 αὐτὸν,
3554 2158 3648 2210 καὶ
3692 2155 3785 2212 τδν

2222 2243 2457 2314 Ἰσραήλ.
2476 2244 2715 2309 Εἰκότως
2729 2240 2822 2299 οὖν
2841 2248 3098 2318 παραινεῖ
3109 2246 3303 2316 λέγων,
3321 2267 3338 2300 ι
3367 2249 3460 2312 Εἰς
3480 2248 3597 2303 ὁδὸν
3614 2249 3785 2304 ἐθνῶν

2212 2332 2287 2403 μὴ
2322 2332 2615 2404 ἀπέλθητε,
2643 2334 2738 2388 καὶ
2768 2336 2848 2398 είς
2896 2335 3048 2388 πόλιν
3091 2335 3445 2408 Σαμαρειτῶν
3487 2336 3561 2409 μὴ
3607 2337 3787 2392 είσέλ.

2209 2423 2340 2494 θητε
2360 2440 2373 2454 ·
2409 2424 2706 2496 πορεύεσθε
2735 2425 2791 2479 δὲ
2825 2425 3024 2496 μᾶλλον
3058 2428 3137 2490 είς
3164 2427 3233 2480 τὰ
3272 2427 3520 2499 προϐατα
3544 2428 3615 2482 τά
3647 2431 3788 2484 ἁπο-

2206 2513 2415 2570 λωλὸτα
2453 2518 2603 2571 οἴκου
2663 2518 2895 2590 Ἰσραήλ.
2938 2538 2956 2570 ι
3001 2517 3059 2572 '0
3092 2520 3192 2591 μὲν
3230 2515 3323 2574 οὖν
3362 2521 3552 2594 Πατὴρ
3598 2524 3678 2586 είς
3719 2522 3784 2577 τὸ

2209 2610 2536 2677 συναγαγεῖν
2572 2608 2655 2662 τὸν
2718 2610 2913 2664 Ἰακὼϐ
2962 2611 3057 2665 καὶ
3102 2612 3192 2666 τὸν
3237 2612 3470 2685 Ἰσραὴλ,
3513 2615 3778 2686 ηὐδόκησε

2205 2696 2303 2770 τὴν
2327 2700 2411 2781 εἰς
2457 2698 2777 2771 ἀνθρώπους
2810 2703 3040 2775 πάροδὸν
3088 2722 3156 2775 με
3187 2705 3536 2776 ποιήσασθαι,
3581 2707 3773 2775 είπὼν,

2211 2804 2241 2842 ιν
2280 2791 2368 2844 Ἐν
2403 2791 2486 2843 σοὶ
2528 2791 2949 2865 δοξασθήσομαι·
2984 2811 3003 2844 ι
3037 2792 3148 2863 ἐγὼ
3174 2794 3231 2847 δὲ
3260 2795 3360 2867 τὴν
3399 2795 3653 2851 ἀπιστίαν
3682 2796 3777 2850 καὶ

531 2886 902 2942 credulitatem
928 2895 984 2941 et
1009 2885 1264 2940 duritiem
1303 2882 1534 2956 lsraelis.
1570 2887 1941 2957 conspicatus,
1986 2888 2102 2957 jam

2206 2882 2303 2955 τὴν
2354 2884 2784 2958 σκληροκαρδίαν
2811 2884 3029 2958 θεωρῶν
3054 2885 3147 2940 τοῦ
3187 2886 3429 2960 Ἰσραὴλ,
3474 2883 3628 2942 εἷπον
3671 2888 3775 2961 ἢδη

532 2980 739 3049 pridem
775 2978 885 3034 dixi
918 2997 933 3034 :
962 2995 983 3031 ι
1017 2977 1149 3033 Sine
1178 2991 1340 3032 causa
1397 2975 1638 3033 laboravi
1678 2995 1693 3034 :
1731 2978 1783 3033 in
1817 2990 2102 3043 vanum_el

2206 2975 2494 3047 πρότερον,
2526 2976 2629 3039 ὅτι,
2663 2997 2681 3028 ι
2715 2977 2904 3042 Κενῶς
2947 2977 3235 3031 ἐκοπίασα*
3266 2981 3345 3041 εἰς
3373 2978 3548 3051 μάτην
3578 2979 3672 3034 καὶ
3697 2981 3779 3044 είς

532 3075 585 3127 ἱιι
617 3071 842 3127 nihilum
875 3069 995 3126 dedi
1026 3067 1399 3124 fortitudinem
1433 3083 1627 3124 meam.
1662 3088 1682 3121 ι
1727 3068 1784 3124 In
1809 3070 1930 3125 aliis
1961 3087 2098 3141 quo-

2206 3066 2353 3120 οὐδὲν
2380 3065 2556 3121 ἔδωκα
2592 3067 2692 3143 τὴν
2726 3068 2879 3138 ἰσχύν
2927 3086 3048 3140 μου.
3084 3088 3103 3120 ι
3154 3069 3263 3123 Καὶ
3296 3070 3353 3122 ἐν
3385 3069 3593 3142 ἑτέροις
3633 3069 3779 3124 τοῦτ’

531 3181 636 3237 que
670 3163 900 3236 idipsqu
936 3161 1179 3217 declarat
1219 3160 1304 3216 bis
1331 3159 1513 3216 verbis
1551 3178 1567 3218 :
1600 3179 1619 3212 ι
1651 3160 1781 3229 Quae
1813 3162 2017 3217 utilitas
2048 3164 2102 3217 in

529 3258 790 3330 sanguine
815 3272 957 3323 meo,
987 3254 1114 3309 dum
1141 3251 1408 3309 descendo
1447 3253 1500 3308 in
1531 3253 1933 3323 corruptionem
1963 3253 2052 3308 ⁸⁸⁸2
2077 3271 2097 3306 ι

527 3350 655 3407 Sola
686 3351 882 3422 quippe
925 3345 1056 3403 mibi
1090 3359 1179 3412 ea,
1217 3360 1339 3416 quae
1367 3346 1436 3399 ab
1466 3344 1586 3415 ipso
1634 3355 1741 3412 est,
1777 3346 1949 3416 gloria
1980 3360 2100 3401 ser-

529 3455 709 3512 vatur,
729 3453 783 3499 et
807 3445 920 3513 ipse
935 3439 1154 3512 quidem
1183 3448 1266 3494 est
1289 3436 1570 3496 fortitudo.
1595 3438 1928 3493 Admiranda
1958 3438 2102 3493 enim

523 3546 589 3592 et
620 3536 882 3607 stupenda
911 3534 1031 3606 ejus
1060 3545 1248 3602 opera,
1292 3529 1513 3587 virtutis
1556 3529 1673 3602 ejus
1724 3541 2099 3602 argumentqu

530 3641 705 3684 erant.

602 3740 766 3796 Vens.
811 3741 864 3795 6.
916 3739 1029 3796 «Et
1058 3738 1197 3794 dixit
1242 3737 1399 3799 mihi,
1454 3736 1707 3810 Magnum
1756 3746 1842 3794 est
1887 3736 1984 3793 tibi
2038 3745 2099 3792 ut

526 3834 740 3889 voceris
790 3847 928 3903 puer
985 3846 1159 3895 meus,
1204 3840 1266 3886 ut
1310 3838 1523 3886 statuas
1583 3830 1755 3884 tribus
1801 3827 1990 3893 Jacob,
2047 3838 2104 3883 et
2145 3863 2152 3869 -

530 3920 918 3989 dispersiouem
946 3918 1112 3975 Israel
1143 3928 1454 3974 convertas.
1484 3936 1504 3971 ι
1537 3916 1669 3973 Nam
1702 3934 1892 3973 revera
1927 3918 2101 3973 maxi-

529 4026 677 4067 mum
721 4018 842 4064 erat
890 4008 1190 4064 Salvatoris
1237 4008 1408 4063 nostri
1462 4023 1618 4078 opus,
1677 4010 1821 4079 quod
1871 4009 2099 4064 formam

529 4103 671 4158 servi
714 4100 1010 4171 acceperit,
1049 4109 1105 4156 et
1143 4100 1872 4171 bumanamgeueratiouem
1915 4100 2101 4155 subie-

528 4195 623 4250 rit.
662 4193 834 4249 Causa
867 4207 1029 4263 porro
1058 4206 1158 4247 cur
1195 4191 1445 4265 Salvator
1501 4205 1693 4246 servus
1735 4188 1959 4245 effectus
2006 4191 2098 4257 sit,

528 4286 649 4341 haec
688 4295 837 4350 erat,
886 4282 966 4338 uti
1024 4282 1237 4338 scilicet
1284 4282 1457 4337 tribus
1493 4280 1661 4336 Jacob
1690 4289 1996 4343 statueret.
2046 4290 2103 4337 et

530 4371 896 4441 dispersioues
921 4368 1137 4425 lsraelis
1168 4379 1532 4427 converteret.
1561 4368 1683 4424 Ideo
1714 4370 1843 4439 ipsis
1864 4371 2097 4441 primum

2207 3156 2337 3211 αὐτὸ
2364 3155 2512 3229 δηλοῖ
2542 3155 2733 3223 εἰπὼν,
2779 3177 2798 3210 ‹
2836 3158 2931 3222 Τίς
2961 3156 3198 3229 ὠφέλεια
3232 3159 3290 3213 ἐν
3319 3158 3395 3231 τῷ
3433 3159 3623 3231 αἵματί
3652 3175 3776 3231 μου,

2205 3249 2264 3302 ὲν
2290 3248 2368 3319 τῷ
2397 3249 2745 3303 καταϐαίνειν
2774 3266 2841 3320 με
2870 3252 2950 3314 εἰς
2977 3247 3271 3323 διαφθοράν
3295 3265 3310 3316 ;
3352 3268 3371 3302 ι
3425 3249 3577 3321 Μόνη
3603 3250 3710 3325 γὰρ
3741 3251 3779 3324 ἡ

2206 3342 2337 3414 παρ’
2367 3342 2533 3396 αὑτοῦ
2597 3360 2687 3414 μοι
2750 3342 2875 3407 δόξα
2936 3341 3308 3411 πεφύλακται,
3343 3344 3438 3395 καὶ
3476 3342 3639 3406 αὐτὸς
3679 3340 3779 3414 μέν

2204 3433 2352 3485 ἐστιν
2382 3434 2416 3503 ἡ
2464 3432 2638 3504 ἰσχύς.
2669 3432 2749 3487 Τὰ
2782 3432 2910 3502 γοῦν
2938 3432 3214 3504 θαυμάσια
3259 3433 3352 3486 καὶ
3385 3431 3454 3486 τά
3498 3433 3778 3504 παράδοξα

2202 3522 2341 3596 ἔργα
2378 3523 2869 3598 διεμπεπραγμένα
2913 3525 3015 3595 τῆς
3053 3523 3215 3578 αὑτοῦ
3260 3522 3537 3587 δυνάμεως
3565 3520 3633 3596 ἦν
3664 3541 3772 3576 πα-

2204 3619 2530 3687 ραστατικά.

2280 3751 2300 3784 ι
2338 3733 2449 3787 Καὶ
2492 3728 2613 3787 εἵπὲ
2648 3750 2769 3804 μοι,
2810 3734 2970 3803 Μέγα
3009 3735 3091 3788 σοί
3124 3736 3237 3787 ἐστι
3279 3733 3372 3787 τοῦ
3410 3730 3675 3803 κληθῆναι
3709 3748 3771 3787 σι

2202 3823 2367 3878 παῖδά
2400 3842 2522 3895 μου,
2561 3824 2657 3878 τοῦ
2700 3828 2893 3897 στῆσαι
2934 3825 3033 3889 τὰς
3074 3826 3241 3895 φυλὰς
3291 3823 3517 3887 Ἰακὼϐ,
3551 3824 3645 3879 καὶ
3674 3823 3775 3893 τὴν

2200 3913 2495 3987 διασπορὰν
2535 3915 2627 3968 τοῦ
2674 3915 2891 3987 Ἰσραὴλ
2939 3915 3285 3988 ἐπιστρέψαι.
3337 3933 3355 3967 ι
3403 3914 3513 3989 Καὶ
3553 3918 3662 3987 γάρ
3699 3912 3776 3978 ὡς

2201 4005 2415 4077 ἀληθῶς
2444 4006 2698 4077 μέγιστον
2730 4007 2888 4079 ἔργον
2907 4008 3000 4062 τοῦ
3024 4008 3275 4080 Σωτῆρος
3299 4007 3455 4080 ἡμῶν
3478 4008 3538 4061 τδ
3567 4005 3776 4079 μορφὴν

2200 4096 2385 4150 δούλου
2424 4097 2743 4163 ἀναλαϐεῖν,
2788 4099 2882 4153 καὶ
2925 4099 3025 4171 τὴν
3055 4100 3112 4152 ἐν
3153 4097 3460 4169 ἀνθρώποις
3490 4098 3777 4169 ὑπομένειν

2200 4185 2474 4257 γέννησιν.
2533 4187 2606 4239 Τὸ
2657 4187 2713 4240 δὲ
2765 4187 2935 4242 αἴτιον
2986 4186 3080 4240 τοῦ
3137 4187 3322 4240 δοῦλον
3385 4186 3634 4258 γενέσθαι
3684 4185 3776 4241 τὸν

2202 4277 2452 4349 Σωτῆρα,
2478 4276 2636 4331 τοῦτο
2660 4273 2746 4349 ἦν·
2764 4278 2908 4347 λέγω
2927 4278 2990 4350 δὴ
3017 4278 3208 4349 στῆσαι
3235 4278 3334 4343 τὰς
3358 4277 3530 4348 φυλὰς
3558 4275 3774 4339 Ἰακὼϐ,

2204 4368 2295 4421 καὶ
2321 4366 2418 4431 τὰς
2440 4367 2739 4440 διασπορὰς
2771 4369 2865 4422 τοῦ
2913 4369 3126 4443 Ἰσραὴλ
3165 4369 3510 4442 ἐπιστρέψαι.
3554 4368 3645 4423 Διὸ
3680 4368 3777 4423 αὑ-

530 4464 879 4533 praedicabat,
905 4463 1005 4534 qui
1039 4462 1237 4519 animis
1264 4462 1461 4532 captivi
1492 4472 1668 4526 erant,
1698 4463 2094 4530 dimissionem,

2206 4462 2317 4522 τοῖς
2341 4457 2576 4530 πρώτοις
2598 4460 2914 4531 ἐκήρυττεν,
2955 4460 3319 4531 αἰχμαλώτοις
3339 4457 3457 4515 οὖσι
3479 4460 3578 4524 τάς
3600 4459 3777 4531 ψυχάς

532 4562 590 4608 et
615 4553 775 4609 caecis
802 4555 952 4608 visus
978 4553 1400 4608 restitutionem.
1451 4551 1719 4618 Quoniam
1764 4551 1837 4606 illi
1868 4553 2098 4624 gratiam

532 4657 640 4696 non
688 4651 1085 4711 susceperunt,
1162 4651 1561 4715 consequenter
1611 4642 1813 4698 dicitur
1859 4653 2044 4713 postea
2082 4661 2098 4699 :

537 4752 559 4789 ι
585 4734 726 4793 Ecce
753 4735 906 4806 posui
942 4744 993 4790 te
1022 4735 1075 4790 in
1109 4744 1494 4793 testamentum
1522 4735 1762 4805 generis,
1815 4735 1869 4789 in
1927 4736 2099 4792 lucem

529 4827 807 4898 gentium;
860 4836 920 4882 ut
970 4827 1047 4885 sis
1093 4826 1147 4882 in
1192 4826 1423 4884 salutem
1470 4840 1643 4898 usque
1692 4825 1760 4881 ad
1794 4835 2099 4882 extremum

531 4931 710 4978 terrm.
739 4941 759 4976 ι

604 5034 767 5092 Vsus.
792 5035 906 5104 7,8.
941 5054 963 5088 ι
991 5035 1086 5091 Sic
1105 5035 1239 5091 dicit
1265 5034 1550 5102 Dominus,
1573 5035 1664 5107 qui
1688 5035 1833 5091 eruit
1857 5042 1927 5099 te,
1961 5033 2102 5088 Deus

528 5129 718 5185 lsrael.
748 5148 768 5182 ι
831 5130 951 5200 Ipse
1004 5144 1260 5201 namque,
1317 5130 1409 5200 qui
1455 5130 1584 5185 olim
1635 5130 1795 5185 Israel
1844 5130 1989 5184 eruit
2036 5129 2104 5185 de

531 5238 694 5275 manu
743 5218 1116 5293 Egyptiorum
1143 5260 1159 5286 ,
1217 5220 1366 5276 vobis
1420 5235 1640 5290 quoque
1674 5220 1925 5291 gentibus
1987 5221 2102 5275 haec

531 5313 836 5373 annuntiat.
867 5322 924 5368 et
947 5313 1194 5384 praecipit
1225 5312 1438 5377 dicens,
1489 5331 1512 5363 ί
1542 5313 1895 5367 Sanctificate
1949 5328 2100 5377 eum,

528 5407 620 5475 qui
657 5407 885 5477 despicit
925 5407 1168 5461 animam
1217 5419 1407 5472 suam;
1438 5423 1458 5456 ι
1509 5415 1715 5475 quanto
1757 5407 1902 5460 enim
1935 5405 2104 5475 magis

530 5495 621 5550 ille
681 5511 802 5553 sese
849 5495 1153 5552 butniliavit
1211 5508 1382 5564 usque
1428 5495 1498 5549 ad
1542 5508 1797 5560 mortem,
1845 5506 1900 5551 et
1952 5510 2100 5551 mor-

556 5777 600 5810 "
636 5775 825 5833 Matth.
859 5797 914 5847 ι,
952 5783 1003 5851 5,
1026 5787 1079 5842 6.
1118 5784 1164 5816 "
1195 5780 1335 5837 Psal.
1374 5794 1522 5847 ms,
1561 5778 1647 5834 l0.

2207 4544 2305 4617 τὴν
2333 4544 2549 4615 ἄφεσιν,
2570 4545 2661 4598 καὶ
2688 4545 2908 4615 τυφλοῖς
2935 4541 3053 4599 οὖσι
3082 4546 3181 4616 τὴν
3213 4544 3528 4616 ἀνάϐλεψιν.
3557 4545 3772 4617 Ἐπειδὴ

2210 4636 2285 4708 μὴ
2324 4635 2679 4708 παρεδέχοντο
2707 4636 2805 4708 τὴν
2844 4636 3002 4708 χάριν
3037 4637 3251 4703 ἐκεῖνοι,
3287 4635 3589 4700 ἀκολούθως
3624 4636 3775 4707 εἰρη-

2206 4744 2295 4781 ται
2333 4726 2489 4798 ἑξῆς·
2546 4745 2565 4777 ι
2608 4726 2739 4781 Ἰδοὺ
2779 4726 3001 4782 τέθεικά
3043 4744 3101 4781 σε
3143 4729 3223 4790 είς
3262 4726 3526 4799 διαθήκην
3560 4725 3773 4795 γένους,

2206 4822 2285 4884 είς
2311 4819 2425 4890 φῶς
2460 4818 2630 4874 ἐθνῶν
2650 4857 2665 4886 ,
2699 4819 2793 4873 τοῦ
2822 4815 2958 4874 εἷναί
2985 4836 3043 4872 σε
3070 4821 3148 4882 εἰς
3176 4818 3446 4890 σωτηρίαν
3472 4819 3574 4882 ἕως
3608 4818 3775 4888 ἐσχάε-

2205 4928 2299 4965 του
2324 4928 2448 4985 γης,
2487 4930 2505 4965 t

2281 5057 2302 5089 ι
2351 5038 2539 5103 Οὕτως
2581 5036 2729 5109 λέγει
2764 5038 2990 5111 Κῦριος,
3040 5040 3069 5093 δ
3115 5038 3417 5111 ρυσάμενός
3464 5054 3545 5103 σε,
3574 5038 3604 5091 δ
3641 5036 3778 5103 Θεὸς

2218 5128 2454 5199 Ἰσραήλ.
2502 5148 2520 5179 ι
2563 5130 2734 5193 Δύτὸς
2775 5128 2903 5200 γάρ,
2947 5128 3131 5199 φησιν,
3166 5130 3389 5193 ἐκεῖνος,
3429 5130 3459 5182 ὁ
3487 5126 3654 5181 παλαι
3681 5128 3779 5181 τὸν

2217 5218 2434 5290 Ἰσραὴλ
2471 5214 2770 5290 ῥυσάμενος
2806 5222 2871 5273 ἐκ
2903 5220 3082 5291 χειρὸς
3113 5220 3423 5289 Αἰγυπτίων
3444 5258 3459 5284 ,
3485 5219 3647 5283 αὐτὸς
3681 5220 3778 5273 καὶ

2207 5314 2336 5383 ὑμῖν
2365 5314 2479 5375 τοῖς
2503 5312 2684 5366 ἔθνεσι
2722 5314 2895 5368 ταῦτα
2936 5315 3265 5385 προσφωνεῖ,
3302 5312 3395 5366 καὶ
3435 5312 3777 5375 διατάττεται

2205 5402 2401 5473 λέγων·
2423 5422 2442 5455 ι
2465 5405 2751 5474 Ἀγιάσατε
2775 5404 2865 5459 τὸν
2884 5405 3207 5475 φαυλίζοντα
3233 5404 3331 5476 τὴν
3354 5403 3531 5475 ψυχὴν
3550 5402 3733 5458 αὐτοῦ’
3751 5422 3771 5455 ι

2203 5494 2324 5548 ὅσον
2339 5492 2410 5563 γά
2416 5510 2447 5565 ρ
2459 5494 2646 5549 ἑαυτὸν
2661 5496 2988 5550 ἐταπείνωσε
3005 5495 3163 5568 μέχρι
3175 5494 3425 5555 θανάτου.
3441 5495 3533 5549 καὶ
3545 5492 3776 5549 θανάτου
