  <div class='ocr_page' id='page_1' title='image "/cluster/home/n/w/nwhite01/storage/ocr_20150623/24:no.6/coo.31924054873058/231.png"; bbox 0 0 4130 6404; ppageno 0'>
   <div class='ocr_carea' id='block_1_1' title="bbox 473 389 3724 465">
    <p class='ocr_par' dir='ltr' id='par_1_1' title="bbox 473 389 3724 465">
     <span class='ocr_line' id='line_1_1' title="bbox 473 389 3724 465; baseline 0.006 -20"><span class='ocrx_word' id='word_1_1' title='bbox 473 389 581 446; x_wconf 72' lang='grc'><strong>455</strong></span> <span class='ocrx_word' id='word_1_2' title='bbox 1149 392 1418 450; x_wconf 81' lang='lat' dir='ltr'><strong>EUSEBII</strong></span> <span class='ocrx_word' id='word_1_3' title='bbox 1455 394 1936 452; x_wconf 64' lang='lat' dir='ltr'><strong>CESARIENSIS</strong></span> <span class='ocrx_word' id='word_1_4' title='bbox 1973 397 2124 454; x_wconf 82' lang='lat' dir='ltr'><strong>OPP.</strong></span> <span class='ocrx_word' id='word_1_5' title='bbox 2168 399 2350 456; x_wconf 77' lang='lat' dir='ltr'><strong>PARS</strong></span> <span class='ocrx_word' id='word_1_6' title='bbox 2387 400 2476 456; x_wconf 86' lang='lat' dir='ltr'><strong>III.</strong></span> <span class='ocrx_word' id='word_1_7' title='bbox 2517 432 2586 442; x_wconf 98' lang='lat'><strong>—</strong></span> <span class='ocrx_word' id='word_1_8' title='bbox 2624 401 3034 460; x_wconf 76' lang='lat' dir='ltr'><strong>EXEGETICA.</strong></span> <span class='ocrx_word' id='word_1_9' title='bbox 3614 410 3724 465; x_wconf 67' lang='lat' dir='ltr'><strong>J36</strong></span> 
     </span>
    </p>
   </div>
   <div class='ocr_carea' id='block_1_2' title="bbox 476 505 2049 594">
    <p class='ocr_par' dir='ltr' id='par_1_2' title="bbox 476 511 2039 587">
     <span class='ocr_line' id='line_1_2' title="bbox 476 511 2039 587; baseline 0.003 -21"><span class='ocrx_word' id='word_1_10' title='bbox 476 525 668 566; x_wconf 86' lang='lat' dir='ltr'><strong>eorum</strong></span> <span class='ocrx_word' id='word_1_11' title='bbox 715 511 1080 568; x_wconf 86' lang='lat' dir='ltr'><strong>consolabitur</strong></span> <span class='ocrx_word' id='word_1_12' title='bbox 1113 525 1242 577; x_wconf 90' lang='lat' dir='ltr'><strong>eos,</strong></span> <span class='ocrx_word' id='word_1_13' title='bbox 1306 522 1362 568; x_wconf 88' lang='lat' dir='ltr'><strong>et</strong></span> <span class='ocrx_word' id='word_1_14' title='bbox 1415 528 1511 584; x_wconf 91' lang='lat' dir='ltr'><strong>per</strong></span> <span class='ocrx_word' id='word_1_15' title='bbox 1558 513 1735 572; x_wconf 75' lang='lat' dir='ltr'><strong>fontes</strong></span> <span class='ocrx_word' id='word_1_16' title='bbox 1777 531 2039 587; x_wconf 83' lang='lat' dir='ltr'><strong>aquarum</strong></span> 
     </span>
    </p>
   </div>
   <div class='ocr_carea' id='block_1_3' title="bbox 2153 505 3726 594">
    <p class='ocr_par' dir='ltr' id='par_1_3' title="bbox 2153 505 3726 594">
     <span class='ocr_line' id='line_1_3' title="bbox 2153 505 3726 594; baseline 0.006 -20"><span class='ocrx_word' id='word_1_17' title='bbox 2153 521 2532 592; x_wconf 77' lang='grc' dir='ltr'><strong>παρακαλέσει,</strong></span> <span class='ocrx_word' id='word_1_18' title='bbox 2581 521 2674 574; x_wconf 70' lang='grc' dir='ltr'>καὶ</span> <span class='ocrx_word' id='word_1_19' title='bbox 2703 522 2791 576; x_wconf 77' lang='grc' dir='ltr'><strong>διὰ</strong></span> <span class='ocrx_word' id='word_1_20' title='bbox 2833 523 3023 594; x_wconf 82' lang='grc' dir='ltr'>πηγῶν</span> <span class='ocrx_word' id='word_1_21' title='bbox 3061 505 3268 576; x_wconf 73' lang='grc' dir='ltr'>ὑδάτων</span> <span class='ocrx_word' id='word_1_22' title='bbox 3296 523 3410 588; x_wconf 83' lang='grc' dir='ltr'>ἄξει</span> <span class='ocrx_word' id='word_1_23' title='bbox 3443 526 3658 591; x_wconf 78' lang='grc' dir='ltr'>αὐτούς.</span> <span class='ocrx_word' id='word_1_24' title='bbox 3702 549 3726 582; x_wconf 72' lang='grc' dir='ltr'><strong>ι</strong></span> 
     </span>
    </p>
   </div>
   <div class='ocr_carea' id='block_1_4' title="bbox 477 599 2049 665">
    <p class='ocr_par' dir='ltr' id='par_1_4' title="bbox 477 599 2049 665">
     <span class='ocr_line' id='line_1_4' title="bbox 477 599 2049 665; baseline 0.004 -11"><span class='ocrx_word' id='word_1_25' title='bbox 477 603 641 656; x_wconf 86' lang='lat' dir='ltr'><strong>ducet</strong></span> <span class='ocrx_word' id='word_1_26' title='bbox 669 616 780 656; x_wconf 91' lang='lat' dir='ltr'><strong>eos.</strong></span> <span class='ocrx_word' id='word_1_27' title='bbox 815 621 834 653; x_wconf 87' lang='grc'><strong>›</strong></span> <span class='ocrx_word' id='word_1_28' title='bbox 865 599 1078 655; x_wconf 66' lang='lat' dir='ltr'><strong>Esth</strong></span> <span class='ocrx_word' id='word_1_29' title='bbox 1127 611 1183 654; x_wconf 89' lang='lat' dir='ltr'><strong>et</strong></span> <span class='ocrx_word' id='word_1_30' title='bbox 1228 600 1418 665; x_wconf 90' lang='lat' dir='ltr'><strong>solem,</strong></span> <span class='ocrx_word' id='word_1_31' title='bbox 1453 603 1704 659; x_wconf 77' lang='lat' dir='ltr'><strong>humanae</strong></span> <span class='ocrx_word' id='word_1_32' title='bbox 1733 607 1856 661; x_wconf 61' lang='lat' dir='ltr'><strong>vitae</strong></span> <span class='ocrx_word' id='word_1_33' title='bbox 1887 609 2049 661; x_wconf 84' lang='lat' dir='ltr'><strong>ardo-</strong></span> 
     </span>
    </p>
   </div>
   <div class='ocr_carea' id='block_1_5' title="bbox 474 693 2052 766">
    <p class='ocr_par' dir='ltr' id='par_1_5' title="bbox 474 693 2052 766">
     <span class='ocr_line' id='line_1_5' title="bbox 474 693 2052 766; baseline 0.004 -18"><span class='ocrx_word' id='word_1_34' title='bbox 474 710 589 748; x_wconf 89' lang='lat' dir='ltr'><strong>rem</strong></span> <span class='ocrx_word' id='word_1_35' title='bbox 623 703 800 757; x_wconf 87' lang='lat' dir='ltr'><strong>vocat,</strong></span> <span class='ocrx_word' id='word_1_36' title='bbox 834 709 896 747; x_wconf 88' lang='lat' dir='ltr'><strong>ac</strong></span> <span class='ocrx_word' id='word_1_37' title='bbox 925 694 1310 762; x_wconf 81' lang='lat' dir='ltr'><strong>temporariam</strong></span> <span class='ocrx_word' id='word_1_38' title='bbox 1344 693 1460 761; x_wconf 85' lang='lat' dir='ltr'><strong>ejus</strong></span> <span class='ocrx_word' id='word_1_39' title='bbox 1483 736 1496 759; x_wconf 94' lang='lat'><strong>,</strong></span> <span class='ocrx_word' id='word_1_40' title='bbox 1529 712 1652 765; x_wconf 69' lang='lat' dir='ltr'><strong>qua:</strong></span> <span class='ocrx_word' id='word_1_41' title='bbox 1695 699 1835 766; x_wconf 85' lang='lat' dir='ltr'><strong>apud</strong></span> <span class='ocrx_word' id='word_1_42' title='bbox 1877 699 2052 756; x_wconf 82' lang='lat' dir='ltr'><strong>homi-</strong></span> 
     </span>
    </p>
   </div>
   <div class='ocr_carea' id='block_1_6' title="bbox 475 785 2049 857">
    <p class='ocr_par' dir='ltr' id='par_1_6' title="bbox 475 785 2049 857">
     <span class='ocr_line' id='line_1_6' title="bbox 475 785 2049 857; baseline 0.004 -17"><span class='ocrx_word' id='word_1_43' title='bbox 475 785 685 840; x_wconf 81' lang='lat' dir='ltr'><strong>neslux</strong></span> <span class='ocrx_word' id='word_1_44' title='bbox 706 785 1028 849; x_wconf 58' lang='lat' dir='ltr'><strong>aestimatur,</strong></span> <span class='ocrx_word' id='word_1_45' title='bbox 1062 801 1302 839; x_wconf 90' lang='lat' dir='ltr'><strong>usuram.</strong></span> <span class='ocrx_word' id='word_1_46' title='bbox 1354 785 1461 841; x_wconf 86' lang='lat' dir='ltr'><strong>Sed</strong></span> <span class='ocrx_word' id='word_1_47' title='bbox 1513 788 1650 852; x_wconf 76' lang='lat' dir='ltr'><strong>hzec,</strong></span> <span class='ocrx_word' id='word_1_48' title='bbox 1703 790 1912 857; x_wconf 88' lang='lat' dir='ltr'><strong>inquit,</strong></span> <span class='ocrx_word' id='word_1_49' title='bbox 1943 807 2049 847; x_wconf 89' lang='lat' dir='ltr'><strong>non</strong></span> 
     </span>
    </p>
   </div>
   <div class='ocr_carea' id='block_1_7' title="bbox 474 876 2054 938">
    <p class='ocr_par' dir='ltr' id='par_1_7' title="bbox 474 876 2054 938">
     <span class='ocr_line' id='line_1_7' title="bbox 474 876 2054 938; baseline 0.004 -8"><span class='ocrx_word' id='word_1_50' title='bbox 474 878 794 932; x_wconf 88' lang='lat' dir='ltr'><strong>comburent</strong></span> <span class='ocrx_word' id='word_1_51' title='bbox 835 891 949 932; x_wconf 81' lang='lat' dir='ltr'><strong>eos.</strong></span> <span class='ocrx_word' id='word_1_52' title='bbox 997 876 1145 931; x_wconf 82' lang='lat' dir='ltr'><strong>Multi</strong></span> <span class='ocrx_word' id='word_1_53' title='bbox 1181 893 1313 933; x_wconf 81' lang='lat' dir='ltr'><strong>vero</strong></span> <span class='ocrx_word' id='word_1_54' title='bbox 1372 888 1500 933; x_wconf 86' lang='lat' dir='ltr'><strong>sunt</strong></span> <span class='ocrx_word' id='word_1_55' title='bbox 1548 879 1725 935; x_wconf 78' lang='lat' dir='ltr'><strong>fontes</strong></span> <span class='ocrx_word' id='word_1_56' title='bbox 1783 881 1944 936; x_wconf 89' lang='lat' dir='ltr'><strong>Israel</strong></span> <span class='ocrx_word' id='word_1_57' title='bbox 1999 893 2054 938; x_wconf 86' lang='lat' dir='ltr'><strong>et</strong></span> 
     </span>
    </p>
   </div>
   <div class='ocr_carea' id='block_1_8' title="bbox 473 963 2053 1034">
    <p class='ocr_par' dir='ltr' id='par_1_8' title="bbox 473 963 2053 1034">
     <span class='ocr_line' id='line_1_8' title="bbox 473 963 2053 1034; baseline 0.004 -16"><span class='ocrx_word' id='word_1_58' title='bbox 473 963 652 1020; x_wconf 78' lang='lat' dir='ltr'><strong>fontes</strong></span> <span class='ocrx_word' id='word_1_59' title='bbox 691 965 997 1030; x_wconf 83' lang='lat' dir='ltr'><strong>Salutaris;</strong></span> <span class='ocrx_word' id='word_1_60' title='bbox 1028 965 1118 1018; x_wconf 86' lang='lat' dir='ltr'><strong>alii</strong></span> <span class='ocrx_word' id='word_1_61' title='bbox 1145 964 1374 1034; x_wconf 82' lang='lat' dir='ltr'><strong>Veteris,</strong></span> <span class='ocrx_word' id='word_1_62' title='bbox 1417 967 1507 1021; x_wconf 82' lang='lat' dir='ltr'><strong>alii</strong></span> <span class='ocrx_word' id='word_1_63' title='bbox 1545 981 1674 1022; x_wconf 87' lang='lat' dir='ltr'><strong>vero</strong></span> <span class='ocrx_word' id='word_1_64' title='bbox 1707 967 1839 1022; x_wconf 80' lang='lat' dir='ltr'><strong>Novi</strong></span> <span class='ocrx_word' id='word_1_65' title='bbox 1866 969 2053 1025; x_wconf 84' lang='lat' dir='ltr'><strong>Testa-</strong></span> 
     </span>
    </p>
   </div>
   <div class='ocr_carea' id='block_1_9' title="bbox 473 1055 2045 1124">
    <p class='ocr_par' dir='ltr' id='par_1_9' title="bbox 473 1055 2045 1124">
     <span class='ocr_line' id='line_1_9' title="bbox 473 1055 2045 1124; baseline 0.003 -15"><span class='ocrx_word' id='word_1_66' title='bbox 473 1055 666 1112; x_wconf 87' lang='lat' dir='ltr'><strong>menti.</strong></span> <span class='ocrx_word' id='word_1_67' title='bbox 702 1074 720 1106; x_wconf 87' lang='grc'>‹</span> <span class='ocrx_word' id='word_1_68' title='bbox 749 1055 814 1110; x_wconf 83' lang='grc' dir='ltr'>Ει</span> <span class='ocrx_word' id='word_1_69' title='bbox 846 1070 1062 1124; x_wconf 86' lang='lat' dir='ltr'><strong>ponam,</strong></span> <span class='ocrx_word' id='word_1_70' title='bbox 1094 1056 1208 1122; x_wconf 93' lang='lat' dir='ltr'><strong>ait,</strong></span> <span class='ocrx_word' id='word_1_71' title='bbox 1252 1071 1441 1112; x_wconf 88' lang='lat' dir='ltr'><strong>omnes</strong></span> <span class='ocrx_word' id='word_1_72' title='bbox 1482 1067 1694 1113; x_wconf 89' lang='lat' dir='ltr'><strong>montes</strong></span> <span class='ocrx_word' id='word_1_73' title='bbox 1733 1058 1787 1111; x_wconf 90' lang='lat' dir='ltr'><strong>in</strong></span> <span class='ocrx_word' id='word_1_74' title='bbox 1840 1059 2000 1123; x_wconf 87' lang='lat' dir='ltr'><strong>viam,</strong></span> <span class='ocrx_word' id='word_1_75' title='bbox 2026 1079 2045 1113; x_wconf 72' lang='grc' dir='ltr'><strong>ι</strong></span> 
     </span>
    </p>
   </div>
   <div class='ocr_carea' id='block_1_10' title="bbox 472 1146 2052 1219">
    <p class='ocr_par' dir='ltr' id='par_1_10' title="bbox 472 1146 2052 1219">
     <span class='ocr_line' id='line_1_10' title="bbox 472 1146 2052 1219; baseline 0.002 -18"><span class='ocrx_word' id='word_1_76' title='bbox 472 1156 532 1202; x_wconf 90' lang='lat' dir='ltr'><strong>ut</strong></span> <span class='ocrx_word' id='word_1_77' title='bbox 587 1146 724 1200; x_wconf 86' lang='lat' dir='ltr'><strong>nihil</strong></span> <span class='ocrx_word' id='word_1_78' title='bbox 774 1146 908 1217; x_wconf 88' lang='lat' dir='ltr'><strong>ipsis</strong></span> <span class='ocrx_word' id='word_1_79' title='bbox 938 1146 1178 1214; x_wconf 85' lang='lat' dir='ltr'><strong>acclive,</strong></span> <span class='ocrx_word' id='word_1_80' title='bbox 1229 1148 1360 1202; x_wconf 88' lang='lat' dir='ltr'><strong>nihil</strong></span> <span class='ocrx_word' id='word_1_81' title='bbox 1412 1147 1638 1202; x_wconf 85' lang='lat' dir='ltr'><strong>arduum</strong></span> <span class='ocrx_word' id='word_1_82' title='bbox 1694 1163 2052 1219; x_wconf 87' lang='lat' dir='ltr'><strong>asperumque</strong></span> 
     </span>
    </p>
   </div>
   <div class='ocr_carea' id='block_1_11' title="bbox 472 1239 2051 1313">
    <p class='ocr_par' dir='ltr' id='par_1_11' title="bbox 472 1239 2051 1313">
     <span class='ocr_line' id='line_1_11' title="bbox 472 1239 2051 1313; baseline 0.004 -21"><span class='ocrx_word' id='word_1_83' title='bbox 472 1247 797 1309; x_wconf 70' lang='lat' dir='ltr'><strong>superesset.</strong></span> <span class='ocrx_word' id='word_1_84' title='bbox 854 1239 1156 1305; x_wconf 70' lang='lat' dir='ltr'><strong>Quinetiam</strong></span> <span class='ocrx_word' id='word_1_85' title='bbox 1201 1254 1418 1294; x_wconf 88' lang='lat' dir='ltr'><strong>omnem</strong></span> <span class='ocrx_word' id='word_1_86' title='bbox 1457 1243 1711 1296; x_wconf 88' lang='lat' dir='ltr'><strong>semitam</strong></span> <span class='ocrx_word' id='word_1_87' title='bbox 1765 1243 1816 1296; x_wconf 92' lang='lat' dir='ltr'><strong>in</strong></span> <span class='ocrx_word' id='word_1_88' title='bbox 1856 1258 2051 1313; x_wconf 85' lang='lat' dir='ltr'><strong>pascua</strong></span> 
     </span>
    </p>
   </div>
   <div class='ocr_carea' id='block_1_12' title="bbox 474 1329 1844 1400">
    <p class='ocr_par' dir='ltr' id='par_1_12' title="bbox 474 1329 1844 1400">
     <span class='ocr_line' id='line_1_12' title="bbox 474 1329 1844 1400; baseline 0.005 -19"><span class='ocrx_word' id='word_1_89' title='bbox 474 1329 606 1398; x_wconf 80' lang='lat' dir='ltr'><strong>ipsis</strong></span> <span class='ocrx_word' id='word_1_90' title='bbox 631 1344 689 1383; x_wconf 92' lang='lat' dir='ltr'><strong>se</strong></span> <span class='ocrx_word' id='word_1_91' title='bbox 726 1330 1024 1400; x_wconf 89' lang='lat' dir='ltr'><strong>positurum</strong></span> <span class='ocrx_word' id='word_1_92' title='bbox 1056 1345 1182 1386; x_wconf 87' lang='lat' dir='ltr'><strong>esse</strong></span> <span class='ocrx_word' id='word_1_93' title='bbox 1201 1331 1480 1400; x_wconf 75' lang='lat' dir='ltr'><strong>pollicetur</strong></span> <span class='ocrx_word' id='word_1_94' title='bbox 1509 1333 1595 1389; x_wconf 89' lang='lat' dir='ltr'><strong>his</strong></span> <span class='ocrx_word' id='word_1_95' title='bbox 1624 1333 1844 1388; x_wconf 78' lang='lat' dir='ltr'><strong>verbis:</strong></span> 
     </span>
    </p>
   </div>
   <div class='ocr_carea' id='block_1_13' title="bbox 547 1419 2047 1494">
    <p class='ocr_par' dir='ltr' id='par_1_13' title="bbox 547 1419 2047 1494">
     <span class='ocr_line' id='line_1_13' title="bbox 547 1419 2047 1494; baseline 0.005 -20"><span class='ocrx_word' id='word_1_96' title='bbox 547 1419 710 1476; x_wconf 70' lang='lat' dir='ltr'><strong>Vens.</strong></span> <span class='ocrx_word' id='word_1_97' title='bbox 770 1421 860 1480; x_wconf 76' lang='grc'><strong>11.</strong></span> <span class='ocrx_word' id='word_1_98' title='bbox 913 1423 1233 1492; x_wconf 69' lang='lat' dir='ltr'><strong>rEtponam</strong></span> <span class='ocrx_word' id='word_1_99' title='bbox 1255 1440 1470 1479; x_wconf 90' lang='lat' dir='ltr'><strong>omnem</strong></span> <span class='ocrx_word' id='word_1_100' title='bbox 1512 1435 1748 1480; x_wconf 91' lang='lat' dir='ltr'><strong>montem</strong></span> <span class='ocrx_word' id='word_1_101' title='bbox 1785 1429 1838 1481; x_wconf 89' lang='lat' dir='ltr'><strong>in</strong></span> <span class='ocrx_word' id='word_1_102' title='bbox 1879 1427 2047 1494; x_wconf 90' lang='lat' dir='ltr'><strong>viam,</strong></span> 
     </span>
    </p>
   </div>
   <div class='ocr_carea' id='block_1_14' title="bbox 471 1513 2050 1589">
    <p class='ocr_par' dir='ltr' id='par_1_14' title="bbox 471 1513 2050 1589">
     <span class='ocr_line' id='line_1_14' title="bbox 471 1513 2050 1589; baseline 0.005 -23"><span class='ocrx_word' id='word_1_103' title='bbox 471 1523 529 1567; x_wconf 90' lang='lat' dir='ltr'><strong>et</strong></span> <span class='ocrx_word' id='word_1_104' title='bbox 554 1527 768 1567; x_wconf 87' lang='lat' dir='ltr'><strong>omnem</strong></span> <span class='ocrx_word' id='word_1_105' title='bbox 796 1513 1040 1568; x_wconf 88' lang='lat' dir='ltr'><strong>semitam</strong></span> <span class='ocrx_word' id='word_1_106' title='bbox 1069 1515 1122 1568; x_wconf 93' lang='lat' dir='ltr'><strong>in</strong></span> <span class='ocrx_word' id='word_1_107' title='bbox 1157 1531 1350 1586; x_wconf 85' lang='lat' dir='ltr'><strong>pascua</strong></span> <span class='ocrx_word' id='word_1_108' title='bbox 1383 1517 1534 1586; x_wconf 89' lang='lat' dir='ltr'><strong>ipsis.</strong></span> <span class='ocrx_word' id='word_1_109' title='bbox 1569 1536 1589 1571; x_wconf 74' lang='grc' dir='ltr'><strong>ι</strong></span> <span class='ocrx_word' id='word_1_110' title='bbox 1626 1517 1742 1574; x_wconf 74' lang='lat' dir='ltr'><strong>Jam</strong></span> <span class='ocrx_word' id='word_1_111' title='bbox 1781 1521 1928 1589; x_wconf 88' lang='lat' dir='ltr'><strong>prius</strong></span> <span class='ocrx_word' id='word_1_112' title='bbox 1952 1538 2050 1574; x_wconf 86' lang='lat' dir='ltr'><strong>au-</strong></span> 
     </span>
    </p>
   </div>
   <div class='ocr_carea' id='block_1_15' title="bbox 474 1604 2049 1676">
    <p class='ocr_par' dir='ltr' id='par_1_15' title="bbox 474 1604 2049 1676">
     <span class='ocr_line' id='line_1_15' title="bbox 474 1604 2049 1676; baseline 0.007 -17"><span class='ocrx_word' id='word_1_113' title='bbox 474 1604 709 1659; x_wconf 90' lang='lat' dir='ltr'><strong>divimus</strong></span> <span class='ocrx_word' id='word_1_114' title='bbox 733 1605 908 1660; x_wconf 88' lang='lat' dir='ltr'><strong>tribus</strong></span> <span class='ocrx_word' id='word_1_115' title='bbox 953 1615 1209 1676; x_wconf 85' lang='lat' dir='ltr'><strong>oportere</strong></span> <span class='ocrx_word' id='word_1_116' title='bbox 1237 1610 1410 1665; x_wconf 90' lang='lat' dir='ltr'><strong>modis</strong></span> <span class='ocrx_word' id='word_1_117' title='bbox 1457 1609 1588 1665; x_wconf 91' lang='lat' dir='ltr'><strong>Sion</strong></span> <span class='ocrx_word' id='word_1_118' title='bbox 1641 1622 1696 1668; x_wconf 94' lang='lat' dir='ltr'><strong>et</strong></span> <span class='ocrx_word' id='word_1_119' title='bbox 1749 1613 2049 1670; x_wconf 81' lang='lat' dir='ltr'><strong>Jerusalem</strong></span> 
     </span>
    </p>
   </div>
   <div class='ocr_carea' id='block_1_16' title="bbox 473 1695 2051 1774">
    <p class='ocr_par' dir='ltr' id='par_1_16' title="bbox 473 1695 2051 1774">
     <span class='ocr_line' id='line_1_16' title="bbox 473 1695 2051 1774; baseline 0.01 -24"><span class='ocrx_word' id='word_1_120' title='bbox 473 1695 814 1766; x_wconf 79' lang='lat' dir='ltr'><strong>intelligere:</strong></span> <span class='ocrx_word' id='word_1_121' title='bbox 842 1713 948 1751; x_wconf 89' lang='lat' dir='ltr'><strong>uno</strong></span> <span class='ocrx_word' id='word_1_122' title='bbox 984 1699 1202 1767; x_wconf 82' lang='lat' dir='ltr'><strong>quidem</strong></span> <span class='ocrx_word' id='word_1_123' title='bbox 1248 1701 1438 1756; x_wconf 79' lang='lat' dir='ltr'><strong>humili</strong></span> <span class='ocrx_word' id='word_1_124' title='bbox 1481 1712 1536 1758; x_wconf 91' lang='lat' dir='ltr'><strong>et</strong></span> <span class='ocrx_word' id='word_1_125' title='bbox 1574 1703 1832 1774; x_wconf 58' lang='lat' dir='ltr'><strong>Iudaico;</strong></span> <span class='ocrx_word' id='word_1_126' title='bbox 1880 1708 2051 1765; x_wconf 85' lang='lat' dir='ltr'><strong>altero</strong></span> 
     </span>
    </p>
   </div>
   <div class='ocr_carea' id='block_1_17' title="bbox 473 1790 2048 1869">
    <p class='ocr_par' dir='ltr' id='par_1_17' title="bbox 473 1790 2048 1869">
     <span class='ocr_line' id='line_1_17' title="bbox 473 1790 2048 1869; baseline 0.01 -29"><span class='ocrx_word' id='word_1_127' title='bbox 473 1795 658 1842; x_wconf 84' lang='lat' dir='ltr'><strong>autem</strong></span> <span class='ocrx_word' id='word_1_128' title='bbox 682 1790 841 1845; x_wconf 89' lang='lat' dir='ltr'><strong>modo</strong></span> <span class='ocrx_word' id='word_1_129' title='bbox 879 1791 1141 1861; x_wconf 83' lang='lat' dir='ltr'><strong>accipitur</strong></span> <span class='ocrx_word' id='word_1_130' title='bbox 1171 1807 1268 1860; x_wconf 92' lang='lat' dir='ltr'><strong>pro</strong></span> <span class='ocrx_word' id='word_1_131' title='bbox 1297 1803 1413 1849; x_wconf 87' lang='lat' dir='ltr'><strong>toto</strong></span> <span class='ocrx_word' id='word_1_132' title='bbox 1431 1795 1533 1864; x_wconf 68' lang='lat' dir='ltr'><strong>piae</strong></span> <span class='ocrx_word' id='word_1_133' title='bbox 1565 1797 1845 1869; x_wconf 76' lang='lat' dir='ltr'><strong>religionis</strong></span> <span class='ocrx_word' id='word_1_134' title='bbox 1892 1802 2048 1856; x_wconf 89' lang='lat' dir='ltr'><strong>insti-</strong></span> 
     </span>
    </p>
   </div>
   <div class='ocr_carea' id='block_1_18' title="bbox 2154 613 3731 690">
    <p class='ocr_par' dir='ltr' id='par_1_18' title="bbox 2154 613 3731 690">
     <span class='ocr_line' id='line_1_18' title="bbox 2154 613 3731 690; baseline 0.004 -24"><span class='ocrx_word' id='word_1_135' title='bbox 2154 614 2422 667; x_wconf 83' lang='grc' dir='ltr'>Καύσωνα</span> <span class='ocrx_word' id='word_1_136' title='bbox 2449 613 2506 666; x_wconf 86' lang='grc' dir='ltr'>δὲ</span> <span class='ocrx_word' id='word_1_137' title='bbox 2540 615 2631 668; x_wconf 83' lang='grc' dir='ltr'><strong>καὶ</strong></span> <span class='ocrx_word' id='word_1_138' title='bbox 2666 615 2816 684; x_wconf 75' lang='grc' dir='ltr'>ἥλιον</span> <span class='ocrx_word' id='word_1_139' title='bbox 2851 615 2942 668; x_wconf 84' lang='grc' dir='ltr'><strong>τὸν</strong></span> <span class='ocrx_word' id='word_1_140' title='bbox 2975 615 3212 685; x_wconf 80' lang='grc' dir='ltr'>φλογμὸν</span> <span class='ocrx_word' id='word_1_141' title='bbox 3250 616 3343 668; x_wconf 80' lang='grc' dir='ltr'>τοῦ</span> <span class='ocrx_word' id='word_1_142' title='bbox 3375 617 3574 688; x_wconf 80' lang='grc' dir='ltr'><strong>θνητοῦ</strong></span> <span class='ocrx_word' id='word_1_143' title='bbox 3607 620 3731 690; x_wconf 76' lang='grc' dir='ltr'>βὲου</span> 
     </span>
    </p>
   </div>
   <div class='ocr_carea' id='block_1_19' title="bbox 2152 705 3731 779">
    <p class='ocr_par' dir='ltr' id='par_1_19' title="bbox 2152 705 3731 779">
     <span class='ocr_line' id='line_1_19' title="bbox 2152 705 3731 779; baseline 0.004 -23"><span class='ocrx_word' id='word_1_144' title='bbox 2152 705 2448 766; x_wconf 81' lang='grc' dir='ltr'>ἀποκαλεῖ,</span> <span class='ocrx_word' id='word_1_145' title='bbox 2476 706 2569 758; x_wconf 78' lang='grc' dir='ltr'><strong>καὶ</strong></span> <span class='ocrx_word' id='word_1_146' title='bbox 2611 706 2704 759; x_wconf 78' lang='grc' dir='ltr'>τοῦ</span> <span class='ocrx_word' id='word_1_147' title='bbox 2734 706 3083 777; x_wconf 73' lang='grc' dir='ltr'><strong>νομιζομένου</strong></span> <span class='ocrx_word' id='word_1_148' title='bbox 3120 707 3177 760; x_wconf 83' lang='grc' dir='ltr'>ὲν</span> <span class='ocrx_word' id='word_1_149' title='bbox 3210 707 3515 779; x_wconf 84' lang='grc' dir='ltr'>ἀνθρώποις</span> <span class='ocrx_word' id='word_1_150' title='bbox 3547 712 3731 778; x_wconf 76' lang='grc' dir='ltr'>φωτὸς</span> 
     </span>
    </p>
   </div>
   <div class='ocr_carea' id='block_1_20' title="bbox 2151 798 3734 871">
    <p class='ocr_par' dir='ltr' id='par_1_20' title="bbox 2151 798 3734 871">
     <span class='ocr_line' id='line_1_20' title="bbox 2151 798 3734 871; baseline 0.004 -22"><span class='ocrx_word' id='word_1_151' title='bbox 2151 798 2248 868; x_wconf 79' lang='grc' dir='ltr'>τὴν</span> <span class='ocrx_word' id='word_1_152' title='bbox 2278 798 2622 868; x_wconf 82' lang='grc' dir='ltr'>πρόσκαιρον·</span> <span class='ocrx_word' id='word_1_153' title='bbox 2646 799 2959 853; x_wconf 85' lang='grc' dir='ltr'>ἀπόλαυσιν.</span> <span class='ocrx_word' id='word_1_154' title='bbox 3004 799 3138 851; x_wconf 86' lang='grc' dir='ltr'>Ἀλλ’</span> <span class='ocrx_word' id='word_1_155' title='bbox 3175 799 3328 864; x_wconf 82' lang='grc' dir='ltr'>οὐδὲ,</span> <span class='ocrx_word' id='word_1_156' title='bbox 3361 801 3514 871; x_wconf 78' lang='grc' dir='ltr'>φησὶ,</span> <span class='ocrx_word' id='word_1_157' title='bbox 3551 802 3734 855; x_wconf 77' lang='grc' dir='ltr'>ταῦτα</span> 
     </span>
    </p>
   </div>
   <div class='ocr_carea' id='block_1_21' title="bbox 2152 889 3736 963">
    <p class='ocr_par' dir='ltr' id='par_1_21' title="bbox 2152 889 3736 963">
     <span class='ocr_line' id='line_1_21' title="bbox 2152 889 3736 963; baseline 0.003 -22"><span class='ocrx_word' id='word_1_158' title='bbox 2152 889 2482 958; x_wconf 69' lang='grc' dir='ltr'>καθάψονται</span> <span class='ocrx_word' id='word_1_159' title='bbox 2535 889 2732 943; x_wconf 80' lang='grc' dir='ltr'>αὐτῶν.</span> <span class='ocrx_word' id='word_1_160' title='bbox 2773 890 2968 943; x_wconf 75' lang='grc' dir='ltr'>Πολλαὶ</span> <span class='ocrx_word' id='word_1_161' title='bbox 3012 890 3067 943; x_wconf 86' lang='grc' dir='ltr'><strong>δὲ</strong></span> <span class='ocrx_word' id='word_1_162' title='bbox 3117 891 3286 961; x_wconf 78' lang='grc' dir='ltr'>πηγαὶ</span> <span class='ocrx_word' id='word_1_163' title='bbox 3348 891 3578 963; x_wconf 81' lang='grc' dir='ltr'>Ἰσραὴλ,</span> <span class='ocrx_word' id='word_1_164' title='bbox 3628 893 3736 946; x_wconf 57' lang='grc' dir='ltr'><strong>καὶ⁸</strong></span> 
     </span>
    </p>
   </div>
   <div class='ocr_carea' id='block_1_22' title="bbox 2153 981 3732 1054">
    <p class='ocr_par' dir='ltr' id='par_1_22' title="bbox 2153 981 3732 1054">
     <span class='ocr_line' id='line_1_22' title="bbox 2153 981 3732 1054; baseline 0.003 -22"><span class='ocrx_word' id='word_1_165' title='bbox 2153 981 2324 1051; x_wconf 79' lang='grc' dir='ltr'>πηγαὶ</span> <span class='ocrx_word' id='word_1_166' title='bbox 2364 981 2671 1051; x_wconf 84' lang='grc' dir='ltr'>Σωτηρίου-’</span> <span class='ocrx_word' id='word_1_167' title='bbox 2716 983 2774 1035; x_wconf 88' lang='grc' dir='ltr'>αἱ</span> <span class='ocrx_word' id='word_1_168' title='bbox 2809 982 2906 1052; x_wconf 82' lang='grc' dir='ltr'><strong>μὲν</strong></span> <span class='ocrx_word' id='word_1_169' title='bbox 2933 984 3030 1054; x_wconf 83' lang='grc' dir='ltr'>τῆς</span> <span class='ocrx_word' id='word_1_170' title='bbox 3059 982 3302 1046; x_wconf 81' lang='grc' dir='ltr'>Παλαιᾶς</span> <span class='ocrx_word' id='word_1_171' title='bbox 3340 984 3628 1054; x_wconf 74' lang='grc' dir='ltr'>Διαθὴκης,</span> <span class='ocrx_word' id='word_1_172' title='bbox 3666 987 3732 1038; x_wconf 70' lang='grc' dir='ltr'>αἱ</span> 
     </span>
    </p>
   </div>
   <div class='ocr_carea' id='block_1_23' title="bbox 2150 1070 3733 1146">
    <p class='ocr_par' dir='ltr' id='par_1_23' title="bbox 2150 1070 3733 1146">
     <span class='ocr_line' id='line_1_23' title="bbox 2150 1070 3733 1146; baseline 0.005 -24"><span class='ocrx_word' id='word_1_173' title='bbox 2150 1070 2207 1122; x_wconf 79' lang='grc' dir='ltr'><strong>δὲ</strong></span> <span class='ocrx_word' id='word_1_174' title='bbox 2249 1071 2349 1141; x_wconf 79' lang='grc' dir='ltr'>τῆς</span> <span class='ocrx_word' id='word_1_175' title='bbox 2371 1072 2595 1142; x_wconf 85' lang='grc' dir='ltr'>Καινῆς.</span> <span class='ocrx_word' id='word_1_176' title='bbox 2634 1090 2652 1124; x_wconf 75' lang='grc' dir='ltr'><strong>ι</strong></span> <span class='ocrx_word' id='word_1_177' title='bbox 2690 1073 2798 1126; x_wconf 69' lang='grc' dir='ltr'><strong>Καὶ</strong></span> <span class='ocrx_word' id='word_1_178' title='bbox 2831 1073 2979 1144; x_wconf 89' lang='grc' dir='ltr'>θήσω</span> <span class='ocrx_word' id='word_1_179' title='bbox 3015 1073 3092 1137; x_wconf 74' lang='grc' dir='ltr'>δὲ,</span> <span class='ocrx_word' id='word_1_180' title='bbox 3142 1076 3293 1146; x_wconf 78' lang='grc' dir='ltr'>φησὶ,</span> <span class='ocrx_word' id='word_1_181' title='bbox 3330 1077 3437 1127; x_wconf 81' lang='grc' dir='ltr'><strong>πᾶν</strong></span> <span class='ocrx_word' id='word_1_182' title='bbox 3472 1076 3595 1146; x_wconf 79' lang='grc' dir='ltr'>ὄρος</span> <span class='ocrx_word' id='word_1_183' title='bbox 3642 1079 3733 1141; x_wconf 73' lang='grc' dir='ltr'>εἰς</span> 
     </span>
    </p>
   </div>
   <div class='ocr_carea' id='block_1_24' title="bbox 2150 1159 3732 1236">
    <p class='ocr_par' dir='ltr' id='par_1_24' title="bbox 2150 1159 3732 1236">
     <span class='ocr_line' id='line_1_24' title="bbox 2150 1159 3732 1236; baseline 0.004 -24"><span class='ocrx_word' id='word_1_184' title='bbox 2150 1160 2287 1223; x_wconf 77' lang='grc' dir='ltr'>ὁδὸν,</span> <span class='ocrx_word' id='word_1_185' title='bbox 2319 1179 2338 1212; x_wconf 83' lang='grc'>›</span> <span class='ocrx_word' id='word_1_186' title='bbox 2369 1161 2454 1214; x_wconf 81' lang='grc' dir='ltr'>ἵνα</span> <span class='ocrx_word' id='word_1_187' title='bbox 2479 1162 2642 1232; x_wconf 73' lang='grc' dir='ltr'>μηδὲν</span> <span class='ocrx_word' id='word_1_188' title='bbox 2672 1163 2853 1226; x_wconf 77' lang='grc' dir='ltr'>αὐτοῖς</span> <span class='ocrx_word' id='word_1_189' title='bbox 2882 1163 3104 1226; x_wconf 78' lang='grc' dir='ltr'><strong>ἄναντες</strong></span> <span class='ocrx_word' id='word_1_190' title='bbox 3126 1159 3181 1236; x_wconf 79' lang='grc' dir='ltr'>ᾗ,</span> <span class='ocrx_word' id='word_1_191' title='bbox 3217 1163 3348 1234; x_wconf 81' lang='grc' dir='ltr'>μηδὲ</span> <span class='ocrx_word' id='word_1_192' title='bbox 3375 1165 3655 1229; x_wconf 84' lang='grc' dir='ltr'>δύσϐατον,</span> <span class='ocrx_word' id='word_1_193' title='bbox 3684 1166 3732 1236; x_wconf 61' lang='grc' dir='ltr'><strong>ἦΔ</strong></span> 
     </span>
    </p>
   </div>
   <div class='ocr_carea' id='block_1_25' title="bbox 2149 1251 3729 1327">
    <p class='ocr_par' dir='ltr' id='par_1_25' title="bbox 2149 1251 3729 1327">
     <span class='ocr_line' id='line_1_25' title="bbox 2149 1251 3729 1327; baseline 0.002 -23"><span class='ocrx_word' id='word_1_194' title='bbox 2149 1251 2343 1323; x_wconf 84' lang='grc' dir='ltr'>τραχύ.</span> <span class='ocrx_word' id='word_1_195' title='bbox 2394 1252 2550 1306; x_wconf 78' lang='grc' dir='ltr'>Ἀλλὰ</span> <span class='ocrx_word' id='word_1_196' title='bbox 2582 1253 2676 1306; x_wconf 77' lang='grc' dir='ltr'><strong>καὶ</strong></span> <span class='ocrx_word' id='word_1_197' title='bbox 2723 1255 2901 1306; x_wconf 82' lang='grc' dir='ltr'>πᾶσαν</span> <span class='ocrx_word' id='word_1_198' title='bbox 2933 1253 3117 1321; x_wconf 81' lang='grc' dir='ltr'>τρίϐον</span> <span class='ocrx_word' id='word_1_199' title='bbox 3161 1253 3320 1308; x_wconf 76' lang='grc' dir='ltr'>πάλιν</span> <span class='ocrx_word' id='word_1_200' title='bbox 3359 1255 3436 1318; x_wconf 78' lang='grc' dir='ltr'><strong>εἰς</strong></span> <span class='ocrx_word' id='word_1_201' title='bbox 3471 1253 3729 1327; x_wconf 77' lang='grc' dir='ltr'>βόσκημα</span> 
     </span>
    </p>
   </div>
   <div class='ocr_carea' id='block_1_26' title="bbox 2151 1343 3224 1415">
    <p class='ocr_par' dir='ltr' id='par_1_26' title="bbox 2151 1343 3224 1415">
     <span class='ocr_line' id='line_1_26' title="bbox 2151 1343 3224 1415; baseline 0.003 -20"><span class='ocrx_word' id='word_1_202' title='bbox 2151 1343 2336 1415; x_wconf 79' lang='grc' dir='ltr'>θήσειν</span> <span class='ocrx_word' id='word_1_203' title='bbox 2359 1346 2543 1408; x_wconf 85' lang='grc' dir='ltr'>αὐτοῖς</span> <span class='ocrx_word' id='word_1_204' title='bbox 2572 1345 2983 1414; x_wconf 74' lang='grc' dir='ltr'>ἐπαγγέλλεται,</span> <span class='ocrx_word' id='word_1_205' title='bbox 3016 1346 3189 1414; x_wconf 85' lang='grc' dir='ltr'>λέγων</span> <span class='ocrx_word' id='word_1_206' title='bbox 3207 1361 3224 1375; x_wconf 79' lang='grc'><strong>⁸</strong></span> 
     </span>
    </p>
   </div>
   <div class='ocr_carea' id='block_1_27' title="bbox 2227 1436 3734 1510">
    <p class='ocr_par' dir='ltr' id='par_1_27' title="bbox 2227 1436 3734 1510">
     <span class='ocr_line' id='line_1_27' title="bbox 2227 1436 3734 1510; baseline 0.001 -23"><span class='ocrx_word' id='word_1_207' title='bbox 2227 1454 2244 1487; x_wconf 75' lang='grc' dir='ltr'><strong>ι</strong></span> <span class='ocrx_word' id='word_1_208' title='bbox 2283 1437 2392 1490; x_wconf 66' lang='grc' dir='ltr'>Καὶ</span> <span class='ocrx_word' id='word_1_209' title='bbox 2421 1436 2571 1508; x_wconf 87' lang='grc' dir='ltr'>θήσω</span> <span class='ocrx_word' id='word_1_210' title='bbox 2601 1439 2706 1490; x_wconf 80' lang='grc' dir='ltr'>πᾶν</span> <span class='ocrx_word' id='word_1_211' title='bbox 2747 1438 2870 1509; x_wconf 77' lang='grc' dir='ltr'>ὅρος</span> <span class='ocrx_word' id='word_1_212' title='bbox 2908 1439 2988 1500; x_wconf 77' lang='grc' dir='ltr'><strong>είς</strong></span> <span class='ocrx_word' id='word_1_213' title='bbox 3017 1437 3155 1500; x_wconf 76' lang='grc' dir='ltr'>ὁδὸν,</span> <span class='ocrx_word' id='word_1_214' title='bbox 3199 1437 3292 1491; x_wconf 69' lang='grc' dir='ltr'><strong>καὶ</strong></span> <span class='ocrx_word' id='word_1_215' title='bbox 3332 1439 3516 1492; x_wconf 68' lang='grc' dir='ltr'>πᾶσαν</span> <span class='ocrx_word' id='word_1_216' title='bbox 3537 1439 3734 1510; x_wconf 70' lang='grc' dir='ltr'>τρίϐον</span> 
     </span>
    </p>
   </div>
   <div class='ocr_carea' id='block_1_28' title="bbox 2151 1529 3726 1604">
    <p class='ocr_par' dir='ltr' id='par_1_28' title="bbox 2151 1529 3726 1604">
     <span class='ocr_line' id='line_1_28' title="bbox 2151 1529 3726 1604; baseline 0.002 -23"><span class='ocrx_word' id='word_1_217' title='bbox 2151 1530 2231 1591; x_wconf 80' lang='grc' dir='ltr'><strong>εἰς</strong></span> <span class='ocrx_word' id='word_1_218' title='bbox 2259 1529 2508 1600; x_wconf 79' lang='grc' dir='ltr'>βόσκημα</span> <span class='ocrx_word' id='word_1_219' title='bbox 2531 1531 2731 1593; x_wconf 82' lang='grc' dir='ltr'>αὐτοῖς.</span> <span class='ocrx_word' id='word_1_220' title='bbox 2773 1549 2792 1581; x_wconf 71' lang='grc' dir='ltr'><strong>ι</strong></span> <span class='ocrx_word' id='word_1_221' title='bbox 2833 1530 2970 1599; x_wconf 85' lang='grc' dir='ltr'><strong>Ἤδη</strong></span> <span class='ocrx_word' id='word_1_222' title='bbox 3000 1531 3092 1583; x_wconf 73' lang='grc' dir='ltr'>καὶ</span> <span class='ocrx_word' id='word_1_223' title='bbox 3122 1530 3385 1604; x_wconf 88' lang='grc' dir='ltr'>πρότερον</span> <span class='ocrx_word' id='word_1_224' title='bbox 3410 1533 3538 1601; x_wconf 77' lang='grc' dir='ltr'>ἡμῖν</span> <span class='ocrx_word' id='word_1_225' title='bbox 3568 1532 3726 1604; x_wconf 76' lang='grc' dir='ltr'>εἴρη-</span> 
     </span>
    </p>
   </div>
   <div class='ocr_carea' id='block_1_29' title="bbox 2149 1621 3726 1694">
    <p class='ocr_par' dir='ltr' id='par_1_29' title="bbox 2149 1621 3726 1694">
     <span class='ocr_line' id='line_1_29' title="bbox 2149 1621 3726 1694; baseline 0.003 -22"><span class='ocrx_word' id='word_1_226' title='bbox 2149 1637 2272 1682; x_wconf 90' lang='grc' dir='ltr'>ται,</span> <span class='ocrx_word' id='word_1_227' title='bbox 2325 1621 2400 1683; x_wconf 89' lang='grc' dir='ltr'><strong>ὡς</strong></span> <span class='ocrx_word' id='word_1_228' title='bbox 2455 1622 2596 1674; x_wconf 77' lang='grc' dir='ltr'>κατὰ</span> <span class='ocrx_word' id='word_1_229' title='bbox 2645 1623 2880 1692; x_wconf 76' lang='grc' dir='ltr'>τρόπους</span> <span class='ocrx_word' id='word_1_230' title='bbox 2928 1625 3077 1694; x_wconf 80' lang='grc' dir='ltr'>τρεῖς</span> <span class='ocrx_word' id='word_1_231' title='bbox 3125 1623 3388 1693; x_wconf 82' lang='grc' dir='ltr'>προσήκει</span> <span class='ocrx_word' id='word_1_232' title='bbox 3428 1626 3566 1676; x_wconf 83' lang='grc' dir='ltr'>νοεῖν</span> <span class='ocrx_word' id='word_1_233' title='bbox 3621 1624 3726 1693; x_wconf 79' lang='grc' dir='ltr'><strong>τὴν</strong></span> 
     </span>
    </p>
   </div>
   <div class='ocr_carea' id='block_1_30' title="bbox 2152 1711 3729 1785">
    <p class='ocr_par' dir='ltr' id='par_1_30' title="bbox 2152 1711 3729 1785">
     <span class='ocr_line' id='line_1_30' title="bbox 2152 1711 3729 1785; baseline 0.004 -23"><span class='ocrx_word' id='word_1_234' title='bbox 2152 1711 2288 1763; x_wconf 86' lang='grc' dir='ltr'>Σιὼν</span> <span class='ocrx_word' id='word_1_235' title='bbox 2317 1712 2408 1764; x_wconf 74' lang='grc' dir='ltr'><strong>καὶ</strong></span> <span class='ocrx_word' id='word_1_236' title='bbox 2434 1712 2533 1782; x_wconf 82' lang='grc' dir='ltr'>τὴν</span> <span class='ocrx_word' id='word_1_237' title='bbox 2573 1712 2926 1784; x_wconf 84' lang='grc' dir='ltr'>Ἰερουσαλήμ</span> <span class='ocrx_word' id='word_1_238' title='bbox 2948 1730 2962 1744; x_wconf 75' lang='grc' dir='ltr'><strong><em>ο</em></strong></span> <span class='ocrx_word' id='word_1_239' title='bbox 2987 1712 3107 1766; x_wconf 84' lang='grc' dir='ltr'>καθ’</span> <span class='ocrx_word' id='word_1_240' title='bbox 3139 1713 3236 1767; x_wconf 72' lang='grc' dir='ltr'>ἕνα</span> <span class='ocrx_word' id='word_1_241' title='bbox 3263 1714 3359 1785; x_wconf 83' lang='grc' dir='ltr'><strong>μὲν</strong></span> <span class='ocrx_word' id='word_1_242' title='bbox 3385 1714 3600 1784; x_wconf 84' lang='grc' dir='ltr'>τρόπον,</span> <span class='ocrx_word' id='word_1_243' title='bbox 3629 1731 3729 1768; x_wconf 77' lang='grc' dir='ltr'>τα-</span> 
     </span>
    </p>
   </div>
   <div class='ocr_carea' id='block_1_31' title="bbox 2152 1799 3724 1874">
    <p class='ocr_par' dir='ltr' id='par_1_31' title="bbox 2152 1799 3724 1874">
     <span class='ocr_line' id='line_1_31' title="bbox 2152 1799 3724 1874; baseline 0.003 -22"><span class='ocrx_word' id='word_1_244' title='bbox 2152 1799 2334 1854; x_wconf 84' lang='grc' dir='ltr'>πεινδν</span> <span class='ocrx_word' id='word_1_245' title='bbox 2361 1801 2454 1853; x_wconf 75' lang='grc' dir='ltr'>καὶ</span> <span class='ocrx_word' id='word_1_246' title='bbox 2496 1801 2781 1856; x_wconf 86' lang='grc' dir='ltr'>Ἰουδαϊκόν</span> <span class='ocrx_word' id='word_1_247' title='bbox 2802 1817 2816 1830; x_wconf 90' lang='grc'><strong>·</strong></span> <span class='ocrx_word' id='word_1_248' title='bbox 2841 1803 2962 1856; x_wconf 87' lang='grc' dir='ltr'>καθ’</span> <span class='ocrx_word' id='word_1_249' title='bbox 2988 1802 3074 1856; x_wconf 69' lang='lat' dir='ltr'><strong>Ere</strong></span> <span class='ocrx_word' id='word_1_250' title='bbox 3085 1820 3174 1874; x_wconf 88' lang='grc' dir='ltr'><strong>ρον</strong></span> <span class='ocrx_word' id='word_1_251' title='bbox 3205 1803 3282 1868; x_wconf 80' lang='grc' dir='ltr'>δὲ,</span> <span class='ocrx_word' id='word_1_252' title='bbox 3317 1805 3422 1856; x_wconf 83' lang='grc' dir='ltr'><strong>πᾶν</strong></span> <span class='ocrx_word' id='word_1_253' title='bbox 3450 1804 3509 1856; x_wconf 78' lang='grc' dir='ltr'><strong>τὸ</strong></span> <span class='ocrx_word' id='word_1_254' title='bbox 3535 1803 3724 1857; x_wconf 80' lang='grc' dir='ltr'>θεοσε-</span> 
     </span>
    </p>
   </div>
   <div class='ocr_carea' id='block_1_32' title="bbox 477 1869 2049 1962">
    <p class='ocr_par' dir='ltr' id='par_1_32' title="bbox 477 1882 2048 1953">
     <span class='ocr_line' id='line_1_32' title="bbox 477 1882 2048 1953; baseline 0.01 -21"><span class='ocrx_word' id='word_1_255' title='bbox 477 1889 594 1934; x_wconf 83' lang='grc' dir='ltr'>ῑυιο</span> <span class='ocrx_word' id='word_1_256' title='bbox 623 1895 688 1936; x_wconf 77' lang='lat' dir='ltr'><strong>ex</strong></span> <span class='ocrx_word' id='word_1_257' title='bbox 723 1882 1015 1938; x_wconf 84' lang='lat' dir='ltr'><strong>coalitione</strong></span> <span class='ocrx_word' id='word_1_258' title='bbox 1043 1895 1098 1939; x_wconf 88' lang='lat' dir='ltr'><strong>et</strong></span> <span class='ocrx_word' id='word_1_259' title='bbox 1131 1884 1518 1953; x_wconf 74' lang='lat' dir='ltr'><strong>coniunctione</strong></span> <span class='ocrx_word' id='word_1_260' title='bbox 1559 1889 1860 1946; x_wconf 88' lang='lat' dir='ltr'><strong>animarum</strong></span> <span class='ocrx_word' id='word_1_261' title='bbox 1887 1894 2048 1947; x_wconf 89' lang='lat' dir='ltr'><strong>intel-</strong></span> 
     </span>
    </p>
   </div>
   <div class='ocr_carea' id='block_1_33' title="bbox 2153 1869 3724 1962">
    <p class='ocr_par' dir='ltr' id='par_1_33' title="bbox 2154 1869 3724 1962">
     <span class='ocr_line' id='line_1_33' title="bbox 2154 1869 3724 1962; baseline 0.003 -22"><span class='ocrx_word' id='word_1_262' title='bbox 2154 1889 2247 1952; x_wconf 65' lang='grc' dir='ltr'>ϐὲις</span> <span class='ocrx_word' id='word_1_263' title='bbox 2293 1889 2590 1961; x_wconf 85' lang='grc' dir='ltr'>πολίτευμα</span> <span class='ocrx_word' id='word_1_264' title='bbox 2625 1891 2958 1962; x_wconf 83' lang='grc' dir='ltr'>συγκρίματι</span> <span class='ocrx_word' id='word_1_265' title='bbox 2988 1869 3178 1961; x_wconf 49' lang='grc' dir='ltr'>ψυέῶν</span> <span class='ocrx_word' id='word_1_266' title='bbox 3216 1891 3532 1962; x_wconf 75' lang='grc' dir='ltr'><strong>νοούμενον⁸</strong></span> <span class='ocrx_word' id='word_1_267' title='bbox 3579 1893 3724 1946; x_wconf 77' lang='grc' dir='ltr'>κατὰ</span> 
     </span>
    </p>
   </div>
   <div class='ocr_carea' id='block_1_34' title="bbox 475 1973 2049 2052">
    <p class='ocr_par' dir='ltr' id='par_1_34' title="bbox 475 1973 2049 2052">
     <span class='ocr_line' id='line_1_34' title="bbox 475 1973 2049 2052; baseline 0.01 -26"><span class='ocrx_word' id='word_1_268' title='bbox 475 1973 652 2038; x_wconf 89' lang='lat' dir='ltr'><strong>lecto;</strong></span> <span class='ocrx_word' id='word_1_269' title='bbox 683 1975 790 2028; x_wconf 89' lang='lat' dir='ltr'><strong>alio</strong></span> <span class='ocrx_word' id='word_1_270' title='bbox 810 1976 1029 2031; x_wconf 87' lang='lat' dir='ltr'><strong>demum</strong></span> <span class='ocrx_word' id='word_1_271' title='bbox 1051 2019 1066 2045; x_wconf 92' lang='lat'><strong>,</strong></span> <span class='ocrx_word' id='word_1_272' title='bbox 1091 1980 1183 2048; x_wconf 91' lang='lat' dir='ltr'><strong>qui</strong></span> <span class='ocrx_word' id='word_1_273' title='bbox 1214 1994 1480 2049; x_wconf 87' lang='lat' dir='ltr'><strong>supernus</strong></span> <span class='ocrx_word' id='word_1_274' title='bbox 1508 1991 1609 2048; x_wconf 85' lang='lat' dir='ltr'><strong>est,</strong></span> <span class='ocrx_word' id='word_1_275' title='bbox 1644 1999 1742 2052; x_wconf 90' lang='lat' dir='ltr'><strong>pro</strong></span> <span class='ocrx_word' id='word_1_276' title='bbox 1769 1983 1970 2039; x_wconf 64' lang='lat' dir='ltr'><strong>caelesti</strong></span> <span class='ocrx_word' id='word_1_277' title='bbox 1995 1995 2049 2042; x_wconf 92' lang='lat' dir='ltr'><strong>et</strong></span> 
     </span>
    </p>
   </div>
   <div class='ocr_carea' id='block_1_35' title="bbox 475 2066 2046 2142">
    <p class='ocr_par' dir='ltr' id='par_1_35' title="bbox 475 2066 2046 2142">
     <span class='ocr_line' id='line_1_35' title="bbox 475 2066 2046 2142; baseline 0.009 -24"><span class='ocrx_word' id='word_1_278' title='bbox 475 2066 718 2138; x_wconf 80' lang='lat' dir='ltr'><strong>angelica</strong></span> <span class='ocrx_word' id='word_1_279' title='bbox 742 2071 1187 2138; x_wconf 82' lang='lat' dir='ltr'><strong>conversatione,</strong></span> <span class='ocrx_word' id='word_1_280' title='bbox 1219 2069 1286 2126; x_wconf 72' lang='lat' dir='ltr'><strong>de</strong></span> <span class='ocrx_word' id='word_1_281' title='bbox 1319 2087 1421 2142; x_wconf 85' lang='lat' dir='ltr'><strong>qua</strong></span> <span class='ocrx_word' id='word_1_282' title='bbox 1453 2074 1528 2128; x_wconf 82' lang='lat' dir='ltr'><strong>ait</strong></span> <span class='ocrx_word' id='word_1_283' title='bbox 1561 2075 1881 2140; x_wconf 80' lang='lat' dir='ltr'><strong>Apostolus:</strong></span> <span class='ocrx_word' id='word_1_284' title='bbox 1910 2096 1930 2128; x_wconf 67' lang='grc' dir='ltr'><strong>ι</strong></span> <span class='ocrx_word' id='word_1_285' title='bbox 1953 2077 2046 2132; x_wconf 85' lang='lat' dir='ltr'><strong>Illa</strong></span> 
     </span>
    </p>
   </div>
   <div class='ocr_carea' id='block_1_36' title="bbox 476 2161 2047 2237">
    <p class='ocr_par' dir='ltr' id='par_1_36' title="bbox 476 2161 2047 2237">
     <span class='ocr_line' id='line_1_36' title="bbox 476 2161 2047 2237; baseline 0.008 -25"><span class='ocrx_word' id='word_1_286' title='bbox 476 2168 680 2223; x_wconf 80' lang='lat' dir='ltr'><strong>autem,</strong></span> <span class='ocrx_word' id='word_1_287' title='bbox 711 2175 829 2228; x_wconf 62' lang='lat' dir='ltr'><strong>qua</strong></span> <span class='ocrx_word' id='word_1_288' title='bbox 851 2176 1066 2217; x_wconf 88' lang='lat' dir='ltr'><strong>sursum</strong></span> <span class='ocrx_word' id='word_1_289' title='bbox 1097 2171 1180 2218; x_wconf 87' lang='lat' dir='ltr'><strong>est</strong></span> <span class='ocrx_word' id='word_1_290' title='bbox 1207 2161 1510 2220; x_wconf 81' lang='lat' dir='ltr'><strong>Jerusalem</strong></span> <span class='ocrx_word' id='word_1_291' title='bbox 1536 2207 1551 2229; x_wconf 95' lang='lat'><strong>,</strong></span> <span class='ocrx_word' id='word_1_292' title='bbox 1581 2166 1752 2221; x_wconf 88' lang='lat' dir='ltr'><strong>libera</strong></span> <span class='ocrx_word' id='word_1_293' title='bbox 1790 2180 1892 2234; x_wconf 85' lang='lat' dir='ltr'><strong>est,</strong></span> <span class='ocrx_word' id='word_1_294' title='bbox 1927 2185 2047 2237; x_wconf 67' lang='lat' dir='ltr'><strong>qute</strong></span> 
     </span>
    </p>
   </div>
   <div class='ocr_carea' id='block_1_37' title="bbox 472 2256 2044 2322">
    <p class='ocr_par' dir='ltr' id='par_1_37' title="bbox 472 2256 2044 2322">
     <span class='ocr_line' id='line_1_37' title="bbox 472 2256 2044 2322; baseline 0.008 -18"><span class='ocrx_word' id='word_1_295' title='bbox 472 2259 560 2305; x_wconf 88' lang='lat' dir='ltr'><strong>est</strong></span> <span class='ocrx_word' id='word_1_296' title='bbox 609 2261 781 2307; x_wconf 90' lang='lat' dir='ltr'><strong>mater</strong></span> <span class='ocrx_word' id='word_1_297' title='bbox 825 2263 1006 2308; x_wconf 86' lang='lat' dir='ltr'><strong>nostra</strong></span> <span class='ocrx_word' id='word_1_298' title='bbox 1036 2256 1123 2321; x_wconf 75' lang='lat'><strong>&quot;;</strong></span> <span class='ocrx_word' id='word_1_299' title='bbox 1154 2273 1172 2307; x_wconf 76' lang='grc' dir='ltr'><strong>ι</strong></span> <span class='ocrx_word' id='word_1_300' title='bbox 1228 2264 1317 2322; x_wconf 90' lang='lat' dir='ltr'><strong>et,</strong></span> <span class='ocrx_word' id='word_1_301' title='bbox 1377 2257 1737 2314; x_wconf 59' lang='lat' dir='ltr'><strong>«Accessistis</strong></span> <span class='ocrx_word' id='word_1_302' title='bbox 1798 2261 1863 2315; x_wconf 87' lang='lat' dir='ltr'><strong>ad</strong></span> <span class='ocrx_word' id='word_1_303' title='bbox 1915 2261 2044 2316; x_wconf 88' lang='lat' dir='ltr'><strong>Sion</strong></span> 
     </span>
    </p>
   </div>
   <div class='ocr_carea' id='block_1_38' title="bbox 474 2345 2046 2413">
    <p class='ocr_par' dir='ltr' id='par_1_38' title="bbox 474 2345 2046 2413">
     <span class='ocr_line' id='line_1_38' title="bbox 474 2345 2046 2413; baseline 0.008 -18"><span class='ocrx_word' id='word_1_304' title='bbox 474 2351 715 2397; x_wconf 80' lang='lat' dir='ltr'><strong>montem</strong></span> <span class='ocrx_word' id='word_1_305' title='bbox 741 2353 797 2399; x_wconf 90' lang='lat' dir='ltr'><strong>et</strong></span> <span class='ocrx_word' id='word_1_306' title='bbox 824 2345 1098 2400; x_wconf 88' lang='lat' dir='ltr'><strong>civitatem</strong></span> <span class='ocrx_word' id='word_1_307' title='bbox 1133 2346 1226 2402; x_wconf 88' lang='lat' dir='ltr'><strong>Dei</strong></span> <span class='ocrx_word' id='word_1_308' title='bbox 1259 2348 1493 2404; x_wconf 82' lang='lat' dir='ltr'><strong>viventis</strong></span> <span class='ocrx_word' id='word_1_309' title='bbox 1517 2387 1534 2413; x_wconf 95' lang='lat'><strong>,</strong></span> <span class='ocrx_word' id='word_1_310' title='bbox 1581 2348 1880 2406; x_wconf 86' lang='lat' dir='ltr'><strong>Jerusalem</strong></span> <span class='ocrx_word' id='word_1_311' title='bbox 1931 2367 2046 2408; x_wconf 71' lang='lat' dir='ltr'><strong>cne-</strong></span> 
     </span>
    </p>
   </div>
   <div class='ocr_carea' id='block_1_39' title="bbox 473 2432 2042 2512">
    <p class='ocr_par' dir='ltr' id='par_1_39' title="bbox 473 2432 2042 2512">
     <span class='ocr_line' id='line_1_39' title="bbox 473 2432 2042 2512; baseline 0.007 -24"><span class='ocrx_word' id='word_1_312' title='bbox 473 2432 663 2489; x_wconf 67' lang='lat' dir='ltr'><strong>kstem</strong></span> <span class='ocrx_word' id='word_1_313' title='bbox 691 2436 760 2489; x_wconf 73' lang='grc'><strong>⁸⁸.</strong></span> <span class='ocrx_word' id='word_1_314' title='bbox 787 2454 808 2488; x_wconf 72' lang='grc' dir='ltr'><strong>ι</strong></span> <span class='ocrx_word' id='word_1_315' title='bbox 843 2437 1047 2505; x_wconf 84' lang='lat' dir='ltr'><strong>Quibus</strong></span> <span class='ocrx_word' id='word_1_316' title='bbox 1074 2440 1140 2494; x_wconf 91' lang='lat' dir='ltr'><strong>ad</strong></span> <span class='ocrx_word' id='word_1_317' title='bbox 1166 2440 1328 2494; x_wconf 91' lang='lat' dir='ltr'><strong>istum</strong></span> <span class='ocrx_word' id='word_1_318' title='bbox 1371 2442 1588 2496; x_wconf 91' lang='lat' dir='ltr'><strong>modum</strong></span> <span class='ocrx_word' id='word_1_319' title='bbox 1611 2457 1673 2497; x_wconf 90' lang='lat' dir='ltr'><strong>se</strong></span> <span class='ocrx_word' id='word_1_320' title='bbox 1700 2444 2042 2512; x_wconf 85' lang='lat' dir='ltr'><strong>habentibus,</strong></span> 
     </span>
    </p>
   </div>
   <div class='ocr_carea' id='block_1_40' title="bbox 474 2530 2042 2605">
    <p class='ocr_par' dir='ltr' id='par_1_40' title="bbox 474 2530 2042 2605">
     <span class='ocr_line' id='line_1_40' title="bbox 474 2530 2042 2605; baseline 0.008 -26"><span class='ocrx_word' id='word_1_321' title='bbox 474 2541 718 2595; x_wconf 65' lang='lat' dir='ltr'><strong>praesens</strong></span> <span class='ocrx_word' id='word_1_322' title='bbox 746 2543 946 2595; x_wconf 89' lang='lat' dir='ltr'><strong>sermo,</strong></span> <span class='ocrx_word' id='word_1_323' title='bbox 976 2530 1078 2599; x_wconf 68' lang='lat' dir='ltr'><strong>piae</strong></span> <span class='ocrx_word' id='word_1_324' title='bbox 1114 2531 1393 2602; x_wconf 80' lang='lat' dir='ltr'><strong>religionis</strong></span> <span class='ocrx_word' id='word_1_325' title='bbox 1425 2534 1673 2590; x_wconf 90' lang='lat' dir='ltr'><strong>instituto</strong></span> <span class='ocrx_word' id='word_1_326' title='bbox 1701 2577 1716 2600; x_wconf 98' lang='lat'><strong>,</strong></span> <span class='ocrx_word' id='word_1_327' title='bbox 1747 2538 1888 2605; x_wconf 91' lang='lat' dir='ltr'><strong>quod</strong></span> <span class='ocrx_word' id='word_1_328' title='bbox 1916 2537 2042 2591; x_wconf 78' lang='lat' dir='ltr'><strong>olim</strong></span> 
     </span>
    </p>
   </div>
   <div class='ocr_carea' id='block_1_41' title="bbox 476 2617 2045 2693">
    <p class='ocr_par' dir='ltr' id='par_1_41' title="bbox 476 2617 2045 2693">
     <span class='ocr_line' id='line_1_41' title="bbox 476 2617 2045 2693; baseline 0.006 -23"><span class='ocrx_word' id='word_1_329' title='bbox 476 2619 617 2686; x_wconf 77' lang='lat' dir='ltr'><strong>apud</strong></span> <span class='ocrx_word' id='word_1_330' title='bbox 648 2617 866 2675; x_wconf 82' lang='lat' dir='ltr'><strong>Judaeos</strong></span> <span class='ocrx_word' id='word_1_331' title='bbox 901 2631 1051 2687; x_wconf 88' lang='lat' dir='ltr'><strong>erat,</strong></span> <span class='ocrx_word' id='word_1_332' title='bbox 1105 2625 1200 2677; x_wconf 89' lang='lat' dir='ltr'><strong>sed</strong></span> <span class='ocrx_word' id='word_1_333' title='bbox 1233 2637 1398 2692; x_wconf 88' lang='lat' dir='ltr'><strong>penes</strong></span> <span class='ocrx_word' id='word_1_334' title='bbox 1430 2624 1575 2693; x_wconf 88' lang='lat' dir='ltr'><strong>ipsos</strong></span> <span class='ocrx_word' id='word_1_335' title='bbox 1613 2625 1950 2681; x_wconf 89' lang='lat' dir='ltr'><strong>destructum</strong></span> <span class='ocrx_word' id='word_1_336' title='bbox 1989 2635 2045 2680; x_wconf 88' lang='lat' dir='ltr'><strong>et</strong></span> 
     </span>
    </p>
   </div>
   <div class='ocr_carea' id='block_1_42' title="bbox 476 2709 2042 2785">
    <p class='ocr_par' dir='ltr' id='par_1_42' title="bbox 476 2709 2042 2785">
     <span class='ocr_line' id='line_1_42' title="bbox 476 2709 2042 2785; baseline 0.005 -23"><span class='ocrx_word' id='word_1_337' title='bbox 476 2709 668 2763; x_wconf 73' lang='lat' dir='ltr'><strong>ccu.°in</strong></span> <span class='ocrx_word' id='word_1_338' title='bbox 703 2711 933 2765; x_wconf 79' lang='lat' dir='ltr'><strong>exitium</strong></span> <span class='ocrx_word' id='word_1_339' title='bbox 990 2713 1297 2778; x_wconf 85' lang='lat' dir='ltr'><strong>deductum,</strong></span> <span class='ocrx_word' id='word_1_340' title='bbox 1350 2715 1403 2768; x_wconf 91' lang='lat' dir='ltr'><strong>in</strong></span> <span class='ocrx_word' id='word_1_341' title='bbox 1457 2716 1698 2785; x_wconf 85' lang='lat' dir='ltr'><strong>gentium</strong></span> <span class='ocrx_word' id='word_1_342' title='bbox 1744 2715 2042 2771; x_wconf 82' lang='lat' dir='ltr'><strong>Ecclesiam</strong></span> 
     </span>
    </p>
   </div>
   <div class='ocr_carea' id='block_1_43' title="bbox 476 2801 2042 2876">
    <p class='ocr_par' dir='ltr' id='par_1_43' title="bbox 476 2801 2042 2876">
     <span class='ocr_line' id='line_1_43' title="bbox 476 2801 2042 2876; baseline 0.005 -23"><span class='ocrx_word' id='word_1_343' title='bbox 476 2808 744 2854; x_wconf 85' lang='lat' dir='ltr'><strong>mutatum</strong></span> <span class='ocrx_word' id='word_1_344' title='bbox 800 2801 998 2867; x_wconf 69' lang='lat' dir='ltr'><strong>fuerat,</strong></span> <span class='ocrx_word' id='word_1_345' title='bbox 1053 2804 1167 2859; x_wconf 58' lang='lat' dir='ltr'><strong>haec</strong></span> <span class='ocrx_word' id='word_1_346' title='bbox 1212 2805 1560 2861; x_wconf 86' lang='lat' dir='ltr'><strong>vaticinatur.</strong></span> <span class='ocrx_word' id='word_1_347' title='bbox 1602 2806 1811 2862; x_wconf 77' lang='lat' dir='ltr'><strong>Montes</strong></span> <span class='ocrx_word' id='word_1_348' title='bbox 1860 2809 2042 2876; x_wconf 82' lang='lat' dir='ltr'><strong>igitur,</strong></span> 
     </span>
    </p>
   </div>
   <div class='ocr_carea' id='block_1_44' title="bbox 477 2895 2044 2968">
    <p class='ocr_par' dir='ltr' id='par_1_44' title="bbox 477 2895 2044 2968">
     <span class='ocr_line' id='line_1_44' title="bbox 477 2895 2044 2968; baseline 0.008 -23"><span class='ocrx_word' id='word_1_349' title='bbox 477 2900 664 2962; x_wconf 81' lang='lat' dir='ltr'><strong>utpote</strong></span> <span class='ocrx_word' id='word_1_350' title='bbox 692 2895 1062 2962; x_wconf 82' lang='lat' dir='ltr'><strong>rationabiles,</strong></span> <span class='ocrx_word' id='word_1_351' title='bbox 1104 2901 1171 2952; x_wconf 91' lang='lat' dir='ltr'><strong>de</strong></span> <span class='ocrx_word' id='word_1_352' title='bbox 1212 2899 1491 2954; x_wconf 84' lang='lat' dir='ltr'><strong>hominum</strong></span> <span class='ocrx_word' id='word_1_353' title='bbox 1525 2898 1697 2954; x_wconf 90' lang='lat' dir='ltr'><strong>salute</strong></span> <span class='ocrx_word' id='word_1_354' title='bbox 1729 2903 1961 2968; x_wconf 85' lang='lat' dir='ltr'><strong>gaudere</strong></span> <span class='ocrx_word' id='word_1_355' title='bbox 1989 2911 2044 2957; x_wconf 89' lang='lat' dir='ltr'><strong>et</strong></span> 
     </span>
    </p>
   </div>
   <div class='ocr_carea' id='block_1_45' title="bbox 477 2983 2040 3055">
    <p class='ocr_par' dir='ltr' id='par_1_45' title="bbox 477 2983 2040 3055">
     <span class='ocr_line' id='line_1_45' title="bbox 477 2983 2040 3055; baseline 0.006 -19"><span class='ocrx_word' id='word_1_356' title='bbox 477 2983 754 3039; x_wconf 77' lang='lat' dir='ltr'><strong>exsultare</strong></span> <span class='ocrx_word' id='word_1_357' title='bbox 802 2985 976 3054; x_wconf 85' lang='lat' dir='ltr'><strong>jubet.</strong></span> <span class='ocrx_word' id='word_1_358' title='bbox 1017 2987 1224 3043; x_wconf 81' lang='lat' dir='ltr'><strong>Montes</strong></span> <span class='ocrx_word' id='word_1_359' title='bbox 1251 3001 1432 3044; x_wconf 88' lang='lat' dir='ltr'><strong>autem</strong></span> <span class='ocrx_word' id='word_1_360' title='bbox 1479 2989 1549 3044; x_wconf 83' lang='lat' dir='ltr'><strong>illi</strong></span> <span class='ocrx_word' id='word_1_361' title='bbox 1597 2990 1798 3045; x_wconf 85' lang='lat' dir='ltr'><strong>fuerint</strong></span> <span class='ocrx_word' id='word_1_362' title='bbox 1829 2991 2040 3055; x_wconf 60' lang='lat' dir='ltr'><strong>animm,</strong></span> 
     </span>
    </p>
   </div>
   <div class='ocr_carea' id='block_1_46' title="bbox 477 3076 2040 3149">
    <p class='ocr_par' dir='ltr' id='par_1_46' title="bbox 477 3076 2040 3149">
     <span class='ocr_line' id='line_1_46' title="bbox 477 3076 2040 3149; baseline 0.008 -24"><span class='ocrx_word' id='word_1_363' title='bbox 477 3089 599 3144; x_wconf 71' lang='lat' dir='ltr'><strong>quae</strong></span> <span class='ocrx_word' id='word_1_364' title='bbox 627 3076 802 3131; x_wconf 85' lang='lat' dir='ltr'><strong>adhuc</strong></span> <span class='ocrx_word' id='word_1_365' title='bbox 838 3078 1052 3147; x_wconf 91' lang='lat' dir='ltr'><strong>quidem</strong></span> <span class='ocrx_word' id='word_1_366' title='bbox 1087 3081 1139 3133; x_wconf 89' lang='lat' dir='ltr'><strong>in</strong></span> <span class='ocrx_word' id='word_1_367' title='bbox 1175 3088 1314 3134; x_wconf 86' lang='lat' dir='ltr'><strong>terra</strong></span> <span class='ocrx_word' id='word_1_368' title='bbox 1367 3081 1594 3149; x_wconf 87' lang='lat' dir='ltr'><strong>vivunt,</strong></span> <span class='ocrx_word' id='word_1_369' title='bbox 1632 3083 1726 3138; x_wconf 90' lang='lat' dir='ltr'><strong>sed</strong></span> <span class='ocrx_word' id='word_1_370' title='bbox 1785 3085 2040 3138; x_wconf 86' lang='lat' dir='ltr'><strong>virtutum</strong></span> 
     </span>
    </p>
   </div>
   <div class='ocr_carea' id='block_1_47' title="bbox 2150 1977 3725 2056">
    <p class='ocr_par' dir='ltr' id='par_1_47' title="bbox 2150 1977 3725 2056">
     <span class='ocr_line' id='line_1_47' title="bbox 2150 1977 3725 2056; baseline 0.003 -25"><span class='ocrx_word' id='word_1_371' title='bbox 2150 1979 2206 2032; x_wconf 83' lang='grc' dir='ltr'>δὲ</span> <span class='ocrx_word' id='word_1_372' title='bbox 2229 1977 2788 2052; x_wconf 77' lang='grc' dir='ltr'>τὸν’ὲπαναϐε6ηκότα</span> <span class='ocrx_word' id='word_1_373' title='bbox 2814 1982 3013 2052; x_wconf 83' lang='grc' dir='ltr'>τρόπον</span> <span class='ocrx_word' id='word_1_374' title='bbox 3036 1986 3069 2056; x_wconf 80' lang='grc' dir='ltr'><strong>ἡ</strong></span> <span class='ocrx_word' id='word_1_375' title='bbox 3101 1985 3156 2036; x_wconf 81' lang='grc' dir='ltr'>ὲν</span> <span class='ocrx_word' id='word_1_376' title='bbox 3184 1983 3428 2056; x_wconf 77' lang='grc' dir='ltr'>οὐρανοῖς</span> <span class='ocrx_word' id='word_1_377' title='bbox 3459 1983 3725 2056; x_wconf 75' lang='grc' dir='ltr'>ἀγγελικὴ</span> 
     </span>
    </p>
   </div>
   <div class='ocr_carea' id='block_1_48' title="bbox 2152 2070 3724 2144">
    <p class='ocr_par' dir='ltr' id='par_1_48' title="bbox 2152 2070 3724 2144">
     <span class='ocr_line' id='line_1_48' title="bbox 2152 2070 3724 2144; baseline 0.004 -22"><span class='ocrx_word' id='word_1_378' title='bbox 2152 2070 2412 2138; x_wconf 82' lang='grc' dir='ltr'>πολιτεία,</span> <span class='ocrx_word' id='word_1_379' title='bbox 2445 2073 2573 2144; x_wconf 78' lang='grc' dir='ltr'>περὶ</span> <span class='ocrx_word' id='word_1_380' title='bbox 2607 2070 2674 2144; x_wconf 83' lang='grc' dir='ltr'>ἦς</span> <span class='ocrx_word' id='word_1_381' title='bbox 2708 2090 2869 2144; x_wconf 77' lang='grc' dir='ltr'>φησιν</span> <span class='ocrx_word' id='word_1_382' title='bbox 2903 2075 2931 2126; x_wconf 88' lang='grc' dir='ltr'>ὁ</span> <span class='ocrx_word' id='word_1_383' title='bbox 2967 2075 3319 2138; x_wconf 64' lang='grc' dir='ltr'>Ἀπόστολοςοτ</span> <span class='ocrx_word' id='word_1_384' title='bbox 3352 2093 3371 2127; x_wconf 71' lang='grc' dir='ltr'><strong>ι</strong></span> <span class='ocrx_word' id='word_1_385' title='bbox 3416 2076 3479 2128; x_wconf 86' lang='grc' dir='ltr'><strong>Ἦ</strong></span> <span class='ocrx_word' id='word_1_386' title='bbox 3515 2076 3571 2129; x_wconf 83' lang='grc' dir='ltr'>δὲ</span> <span class='ocrx_word' id='word_1_387' title='bbox 3609 2075 3724 2129; x_wconf 84' lang='grc' dir='ltr'><strong>ἄνω</strong></span> 
     </span>
    </p>
   </div>
   <div class='ocr_carea' id='block_1_49' title="bbox 2163 2164 3720 2240">
    <p class='ocr_par' dir='ltr' id='par_1_49' title="bbox 2163 2164 3720 2240">
     <span class='ocr_line' id='line_1_49' title="bbox 2163 2164 3720 2240; baseline 0.003 -24"><span class='ocrx_word' id='word_1_388' title='bbox 2163 2164 2518 2235; x_wconf 80' lang='grc' dir='ltr'>Ἰερουσαλὴμ</span> <span class='ocrx_word' id='word_1_389' title='bbox 2544 2165 2800 2236; x_wconf 77' lang='grc' dir='ltr'>ἐλευθέρα</span> <span class='ocrx_word' id='word_1_390' title='bbox 2822 2167 2986 2229; x_wconf 77' lang='grc' dir='ltr'>ἐστὶν,</span> <span class='ocrx_word' id='word_1_391' title='bbox 3009 2168 3129 2237; x_wconf 78' lang='grc' dir='ltr'>ἥτις</span> <span class='ocrx_word' id='word_1_392' title='bbox 3151 2169 3267 2220; x_wconf 72' lang='grc' dir='ltr'>ἐστὶ</span> <span class='ocrx_word' id='word_1_393' title='bbox 3295 2171 3474 2240; x_wconf 78' lang='grc' dir='ltr'>μήτηρ</span> <span class='ocrx_word' id='word_1_394' title='bbox 3494 2168 3680 2238; x_wconf 55' lang='grc' dir='ltr'>ἡμῶν</span> <span class='ocrx_word' id='word_1_395' title='bbox 3699 2185 3720 2220; x_wconf 70' lang='grc' dir='ltr'><strong>ι</strong></span> 
     </span>
    </p>
   </div>
   <div class='ocr_carea' id='block_1_50' title="bbox 2151 2255 3724 2328">
    <p class='ocr_par' dir='ltr' id='par_1_50' title="bbox 2151 2255 3724 2328">
     <span class='ocr_line' id='line_1_50' title="bbox 2151 2255 3724 2328; baseline 0.003 -21"><span class='ocrx_word' id='word_1_396' title='bbox 2151 2255 2263 2320; x_wconf 72' lang='grc' dir='ltr'>καὶ,</span> <span class='ocrx_word' id='word_1_397' title='bbox 2319 2273 2338 2307; x_wconf 75' lang='grc' dir='ltr'><strong>ι</strong></span> <span class='ocrx_word' id='word_1_398' title='bbox 2399 2255 2839 2326; x_wconf 77' lang='grc' dir='ltr'>Προσεληλύθατε</span> <span class='ocrx_word' id='word_1_399' title='bbox 2891 2255 3032 2310; x_wconf 87' lang='grc' dir='ltr'>Σιὼν</span> <span class='ocrx_word' id='word_1_400' title='bbox 3072 2257 3208 2328; x_wconf 78' lang='grc' dir='ltr'>ὄρει,</span> <span class='ocrx_word' id='word_1_401' title='bbox 3257 2259 3351 2310; x_wconf 76' lang='grc' dir='ltr'>καὶ</span> <span class='ocrx_word' id='word_1_402' title='bbox 3405 2257 3554 2310; x_wconf 84' lang='grc' dir='ltr'>πόλει</span> <span class='ocrx_word' id='word_1_403' title='bbox 3585 2257 3724 2311; x_wconf 75' lang='grc' dir='ltr'>Θεοῦ</span> 
     </span>
    </p>
   </div>
   <div class='ocr_carea' id='block_1_51' title="bbox 2150 2340 3724 2418">
    <p class='ocr_par' dir='ltr' id='par_1_51' title="bbox 2150 2340 3724 2418">
     <span class='ocr_line' id='line_1_51' title="bbox 2150 2340 3724 2418; baseline 0.001 -22"><span class='ocrx_word' id='word_1_404' title='bbox 2150 2341 2351 2408; x_wconf 79' lang='grc' dir='ltr'>ζῶντος</span> <span class='ocrx_word' id='word_1_405' title='bbox 2409 2345 2758 2417; x_wconf 81' lang='grc' dir='ltr'>Ἰερουσαλὴμ</span> <span class='ocrx_word' id='word_1_406' title='bbox 2797 2347 3117 2418; x_wconf 74' lang='grc' dir='ltr'>ἐπουρανίῳ.</span> <span class='ocrx_word' id='word_1_407' title='bbox 3161 2365 3181 2399; x_wconf 72' lang='grc' dir='ltr'><strong>ι</strong></span> <span class='ocrx_word' id='word_1_408' title='bbox 3219 2340 3318 2401; x_wconf 84' lang='grc' dir='ltr'>Ὧν</span> <span class='ocrx_word' id='word_1_409' title='bbox 3356 2345 3528 2409; x_wconf 75' lang='grc' dir='ltr'>οὕτως</span> <span class='ocrx_word' id='word_1_410' title='bbox 3569 2347 3724 2417; x_wconf 80' lang='grc' dir='ltr'>ἑχόν-</span> 
     </span>
    </p>
   </div>
   <div class='ocr_carea' id='block_1_52' title="bbox 2148 2433 3735 2506">
    <p class='ocr_par' dir='ltr' id='par_1_52' title="bbox 2148 2433 3735 2506">
     <span class='ocr_line' id='line_1_52' title="bbox 2148 2433 3735 2506; baseline 0 -18"><span class='ocrx_word' id='word_1_411' title='bbox 2148 2451 2276 2498; x_wconf 85' lang='grc' dir='ltr'>των,</span> <span class='ocrx_word' id='word_1_412' title='bbox 2315 2435 2342 2486; x_wconf 89' lang='grc' dir='ltr'>ὁ</span> <span class='ocrx_word' id='word_1_413' title='bbox 2372 2433 2560 2506; x_wconf 88' lang='grc' dir='ltr'>παρὼν</span> <span class='ocrx_word' id='word_1_414' title='bbox 2607 2435 2761 2503; x_wconf 85' lang='grc' dir='ltr'>λόγος</span> <span class='ocrx_word' id='word_1_415' title='bbox 2790 2434 2926 2504; x_wconf 80' lang='grc' dir='ltr'>πρὸς</span> <span class='ocrx_word' id='word_1_416' title='bbox 2957 2434 3018 2487; x_wconf 88' lang='grc' dir='ltr'>τὸ</span> <span class='ocrx_word' id='word_1_417' title='bbox 3057 2433 3301 2499; x_wconf 82' lang='grc' dir='ltr'>θεοσεϐὲς</span> <span class='ocrx_word' id='word_1_418' title='bbox 3333 2434 3653 2506; x_wconf 81' lang='grc' dir='ltr'>πολίτευμα,</span> <span class='ocrx_word' id='word_1_419' title='bbox 3694 2436 3735 2488; x_wconf 65' lang='grc' dir='ltr'><strong>δι</strong></span> 
     </span>
    </p>
   </div>
   <div class='ocr_carea' id='block_1_53' title="bbox 2149 2523 3731 2598">
    <p class='ocr_par' dir='ltr' id='par_1_53' title="bbox 2149 2523 3731 2598">
     <span class='ocr_line' id='line_1_53' title="bbox 2149 2523 3731 2598; baseline 0.002 -22"><span class='ocrx_word' id='word_1_420' title='bbox 2149 2523 2315 2577; x_wconf 85' lang='grc' dir='ltr'>πάλαι</span> <span class='ocrx_word' id='word_1_421' title='bbox 2348 2524 2446 2595; x_wconf 87' lang='grc' dir='ltr'><strong>μὲν</strong></span> <span class='ocrx_word' id='word_1_422' title='bbox 2487 2524 2638 2596; x_wconf 81' lang='grc' dir='ltr'>παρὰ</span> <span class='ocrx_word' id='word_1_423' title='bbox 2683 2524 2950 2588; x_wconf 72' lang='grc' dir='ltr'>Ἰουδαίοις</span> <span class='ocrx_word' id='word_1_424' title='bbox 2994 2527 3368 2598; x_wconf 82' lang='grc' dir='ltr'>συνειστήκει,</span> <span class='ocrx_word' id='word_1_425' title='bbox 3399 2525 3731 2595; x_wconf 64' lang='grc' dir='ltr'>καθαιρεθὲνς</span> 
     </span>
    </p>
   </div>
   <div class='ocr_carea' id='block_1_54' title="bbox 2148 2615 3720 2689">
    <p class='ocr_par' dir='ltr' id='par_1_54' title="bbox 2148 2615 3720 2689">
     <span class='ocr_line' id='line_1_54' title="bbox 2148 2615 3720 2689; baseline 0.001 -21"><span class='ocrx_word' id='word_1_426' title='bbox 2148 2615 2205 2668; x_wconf 81' lang='grc' dir='ltr'>δὲ</span> <span class='ocrx_word' id='word_1_427' title='bbox 2247 2617 2340 2668; x_wconf 73' lang='grc' dir='ltr'><strong>καὶ</strong></span> <span class='ocrx_word' id='word_1_428' title='bbox 2377 2615 2573 2688; x_wconf 80' lang='grc' dir='ltr'>ὥσπερ</span> <span class='ocrx_word' id='word_1_429' title='bbox 2610 2617 2817 2669; x_wconf 83' lang='grc' dir='ltr'>πτῶσιν</span> <span class='ocrx_word' id='word_1_430' title='bbox 2852 2616 3119 2681; x_wconf 80' lang='grc' dir='ltr'>πεπονθὸς</span> <span class='ocrx_word' id='word_1_431' title='bbox 3167 2619 3296 2689; x_wconf 86' lang='grc' dir='ltr'>παρ’</span> <span class='ocrx_word' id='word_1_432' title='bbox 3339 2619 3516 2680; x_wconf 74' lang='grc' dir='ltr'>αὐτοῖς</span> <span class='ocrx_word' id='word_1_433' title='bbox 3551 2635 3720 2688; x_wconf 88' lang='grc' dir='ltr'>μετα-</span> 
     </span>
    </p>
   </div>
   <div class='ocr_carea' id='block_1_55' title="bbox 2150 2707 3724 2781">
    <p class='ocr_par' dir='ltr' id='par_1_55' title="bbox 2150 2707 3724 2781">
     <span class='ocr_line' id='line_1_55' title="bbox 2150 2707 3724 2781; baseline 0.001 -23"><span class='ocrx_word' id='word_1_434' title='bbox 2150 2707 2406 2778; x_wconf 82' lang='grc' dir='ltr'>ϐέϐληται</span> <span class='ocrx_word' id='word_1_435' title='bbox 2438 2708 2531 2760; x_wconf 78' lang='grc' dir='ltr'><strong>ἐπὶ</strong></span> <span class='ocrx_word' id='word_1_436' title='bbox 2563 2708 2659 2778; x_wconf 80' lang='grc' dir='ltr'><strong>τὴν</strong></span> <span class='ocrx_word' id='word_1_437' title='bbox 2691 2708 2750 2772; x_wconf 78' lang='grc' dir='ltr'><strong>ἐξ</strong></span> <span class='ocrx_word' id='word_1_438' title='bbox 2790 2707 2960 2762; x_wconf 81' lang='grc' dir='ltr'>ἐθνῶν</span> <span class='ocrx_word' id='word_1_439' title='bbox 3004 2710 3348 2781; x_wconf 85' lang='grc' dir='ltr'>Ἐκκλησίαν,</span> <span class='ocrx_word' id='word_1_440' title='bbox 3389 2710 3458 2763; x_wconf 78' lang='grc' dir='ltr'>τὰ</span> <span class='ocrx_word' id='word_1_441' title='bbox 3501 2710 3724 2780; x_wconf 74' lang='grc' dir='ltr'>προκεί·</span> 
     </span>
    </p>
   </div>
   <div class='ocr_carea' id='block_1_56' title="bbox 2151 2798 3727 2872">
    <p class='ocr_par' dir='ltr' id='par_1_56' title="bbox 2151 2798 3727 2872">
     <span class='ocr_line' id='line_1_56' title="bbox 2151 2798 3727 2872; baseline 0.001 -20"><span class='ocrx_word' id='word_1_442' title='bbox 2151 2816 2285 2869; x_wconf 84' lang='grc' dir='ltr'>μενα</span> <span class='ocrx_word' id='word_1_443' title='bbox 2315 2798 2580 2863; x_wconf 81' lang='grc' dir='ltr'>θεσπίζει.</span> <span class='ocrx_word' id='word_1_444' title='bbox 2609 2798 2818 2853; x_wconf 81' lang='grc' dir='ltr'>Οὐκοῦν</span> <span class='ocrx_word' id='word_1_445' title='bbox 2847 2801 2940 2853; x_wconf 75' lang='grc' dir='ltr'>καὶ</span> <span class='ocrx_word' id='word_1_446' title='bbox 2966 2800 3034 2852; x_wconf 85' lang='grc' dir='ltr'>τὰ</span> <span class='ocrx_word' id='word_1_447' title='bbox 3069 2800 3169 2872; x_wconf 77' lang='grc' dir='ltr'><strong>ὅρη</strong></span> <span class='ocrx_word' id='word_1_448' title='bbox 3191 2800 3266 2864; x_wconf 81' lang='grc' dir='ltr'>ὡς</span> <span class='ocrx_word' id='word_1_449' title='bbox 3292 2800 3482 2868; x_wconf 74' lang='grc' dir='ltr'>λογικὰ</span> <span class='ocrx_word' id='word_1_450' title='bbox 3513 2801 3727 2870; x_wconf 78' lang='grc' dir='ltr'>χαίρειν</span> 
     </span>
    </p>
   </div>
   <div class='ocr_carea' id='block_1_57' title="bbox 2148 2887 3728 2961">
    <p class='ocr_par' dir='ltr' id='par_1_57' title="bbox 2148 2887 3728 2961">
     <span class='ocr_line' id='line_1_57' title="bbox 2148 2887 3728 2961; baseline 0.001 -19"><span class='ocrx_word' id='word_1_451' title='bbox 2148 2889 2242 2942; x_wconf 71' lang='grc' dir='ltr'>καίι</span> <span class='ocrx_word' id='word_1_452' title='bbox 2279 2888 2540 2958; x_wconf 81' lang='grc' dir='ltr'>ἀγαλλιᾷν</span> <span class='ocrx_word' id='word_1_453' title='bbox 2572 2889 2665 2940; x_wconf 75' lang='grc' dir='ltr'><strong>ἐπὶ</strong></span> <span class='ocrx_word' id='word_1_454' title='bbox 2703 2891 2769 2959; x_wconf 83' lang='grc' dir='ltr'>τῇ</span> <span class='ocrx_word' id='word_1_455' title='bbox 2803 2887 2911 2942; x_wconf 85' lang='grc' dir='ltr'><strong>τῶν</strong></span> <span class='ocrx_word' id='word_1_456' title='bbox 2945 2888 3251 2961; x_wconf 80' lang='grc' dir='ltr'>ἀνθρώπων·</span> <span class='ocrx_word' id='word_1_457' title='bbox 3276 2889 3518 2961; x_wconf 75' lang='grc' dir='ltr'>σωτηρία</span> <span class='ocrx_word' id='word_1_458' title='bbox 3550 2907 3728 2961; x_wconf 82' lang='grc' dir='ltr'>προσ-</span> 
     </span>
    </p>
   </div>
   <div class='ocr_carea' id='block_1_58' title="bbox 2146 2978 3724 3052">
    <p class='ocr_par' dir='ltr' id='par_1_58' title="bbox 2146 2978 3724 3052">
     <span class='ocr_line' id='line_1_58' title="bbox 2146 2978 3724 3052; baseline 0.003 -17"><span class='ocrx_word' id='word_1_459' title='bbox 2146 2982 2416 3036; x_wconf 85' lang='grc' dir='ltr'>τάττεται.</span> <span class='ocrx_word' id='word_1_460' title='bbox 2466 2978 2588 3034; x_wconf 83' lang='grc' dir='ltr'>Εἶεν</span> <span class='ocrx_word' id='word_1_461' title='bbox 2620 2981 2666 3033; x_wconf 81' lang='grc' dir='ltr'>δ’</span> <span class='ocrx_word' id='word_1_462' title='bbox 2699 2981 2766 3034; x_wconf 84' lang='grc' dir='ltr'><strong>ἂν</strong></span> <span class='ocrx_word' id='word_1_463' title='bbox 2811 2981 2910 3052; x_wconf 80' lang='grc' dir='ltr'><strong>ὅρη</strong></span> <span class='ocrx_word' id='word_1_464' title='bbox 2960 2981 3150 3052; x_wconf 66' lang='grc' dir='ltr'>ψυχαὶ,</span> <span class='ocrx_word' id='word_1_465' title='bbox 3195 2983 3288 3036; x_wconf 77' lang='grc' dir='ltr'><strong>ἐπὶ</strong></span> <span class='ocrx_word' id='word_1_466' title='bbox 3339 2982 3440 3052; x_wconf 86' lang='grc' dir='ltr'>γῆς</span> <span class='ocrx_word' id='word_1_467' title='bbox 3494 2982 3591 3052; x_wconf 85' lang='grc' dir='ltr'>μὲν</span> <span class='ocrx_word' id='word_1_468' title='bbox 3641 2983 3724 3040; x_wconf 80' lang='grc' dir='ltr'>ἕτς</span> 
     </span>
    </p>
   </div>
   <div class='ocr_carea' id='block_1_59' title="bbox 2149 3073 3732 3146">
    <p class='ocr_par' dir='ltr' id='par_1_59' title="bbox 2149 3073 3732 3146">
     <span class='ocr_line' id='line_1_59' title="bbox 2149 3073 3732 3146; baseline -0.003 -17"><span class='ocrx_word' id='word_1_469' title='bbox 2149 3074 2384 3146; x_wconf 83' lang='grc' dir='ltr'>βιοῦσαι,</span> <span class='ocrx_word' id='word_1_470' title='bbox 2422 3075 2628 3146; x_wconf 74' lang='grc' dir='ltr'>σφόδρα</span> <span class='ocrx_word' id='word_1_471' title='bbox 2655 3073 2710 3126; x_wconf 77' lang='grc' dir='ltr'><strong>δὲ</strong></span> <span class='ocrx_word' id='word_1_472' title='bbox 2739 3077 2818 3138; x_wconf 85' lang='grc' dir='ltr'><strong>είς</strong></span> <span class='ocrx_word' id='word_1_473' title='bbox 2850 3074 2979 3143; x_wconf 73' lang='grc' dir='ltr'>ὕψος</span> <span class='ocrx_word' id='word_1_474' title='bbox 3017 3075 3322 3145; x_wconf 71' lang='grc' dir='ltr'>ἐπηρμέναι</span> <span class='ocrx_word' id='word_1_475' title='bbox 3365 3075 3455 3128; x_wconf 72' lang='grc' dir='ltr'><strong>διὰ</strong></span> <span class='ocrx_word' id='word_1_476' title='bbox 3478 3076 3575 3145; x_wconf 81' lang='grc' dir='ltr'>τῆς</span> <span class='ocrx_word' id='word_1_477' title='bbox 3613 3076 3732 3134; x_wconf 65' lang='grc' dir='ltr'>τῶνε</span> 
     </span>
    </p>
   </div>
   <div class='ocr_carea' id='block_1_60' title="bbox 477 3163 2049 3240">
    <p class='ocr_par' dir='ltr' id='par_1_60' title="bbox 477 3168 2042 3240">
     <span class='ocr_line' id='line_1_60' title="bbox 477 3168 2042 3240; baseline 0.006 -18"><span class='ocrx_word' id='word_1_478' title='bbox 477 3168 737 3223; x_wconf 79' lang='lat' dir='ltr'><strong>exercitio</strong></span> <span class='ocrx_word' id='word_1_479' title='bbox 767 3169 1053 3225; x_wconf 89' lang='lat' dir='ltr'><strong>admodum</strong></span> <span class='ocrx_word' id='word_1_480' title='bbox 1092 3171 1353 3228; x_wconf 88' lang='lat' dir='ltr'><strong>sublimes</strong></span> <span class='ocrx_word' id='word_1_481' title='bbox 1397 3183 1561 3240; x_wconf 90' lang='lat' dir='ltr'><strong>sunt;</strong></span> <span class='ocrx_word' id='word_1_482' title='bbox 1600 3175 1714 3229; x_wconf 91' lang='lat' dir='ltr'><strong>sive</strong></span> <span class='ocrx_word' id='word_1_483' title='bbox 1749 3176 1945 3230; x_wconf 71' lang='lat' dir='ltr'><strong>divinze</strong></span> <span class='ocrx_word' id='word_1_484' title='bbox 1988 3183 2042 3231; x_wconf 92' lang='lat' dir='ltr'><strong>et</strong></span> 
     </span>
    </p>
   </div>
   <div class='ocr_carea' id='block_1_61' title="bbox 2153 3163 3735 3240">
    <p class='ocr_par' dir='ltr' id='par_1_61' title="bbox 2153 3163 3735 3238">
     <span class='ocr_line' id='line_1_61' title="bbox 2153 3163 3735 3238; baseline 0 -18"><span class='ocrx_word' id='word_1_485' title='bbox 2153 3165 2357 3238; x_wconf 76' lang='grc' dir='ltr'>ἀρετῶν</span> <span class='ocrx_word' id='word_1_486' title='bbox 2385 3163 2771 3236; x_wconf 79' lang='grc' dir='ltr'>κατορθώσεως</span> <span class='ocrx_word' id='word_1_487' title='bbox 2788 3180 2802 3194; x_wconf 77' lang='grc'><strong>⁸</strong></span> <span class='ocrx_word' id='word_1_488' title='bbox 2826 3165 2858 3235; x_wconf 81' lang='grc' dir='ltr'>ἢ</span> <span class='ocrx_word' id='word_1_489' title='bbox 2886 3165 2978 3217; x_wconf 73' lang='grc' dir='ltr'>καὶ</span> <span class='ocrx_word' id='word_1_490' title='bbox 3004 3163 3140 3218; x_wconf 88' lang='grc' dir='ltr'>θεῖαι</span> <span class='ocrx_word' id='word_1_491' title='bbox 3176 3165 3270 3218; x_wconf 74' lang='grc' dir='ltr'>καὶ</span> <span class='ocrx_word' id='word_1_492' title='bbox 3296 3165 3541 3238; x_wconf 73' lang='grc' dir='ltr'>οὐράνιαι</span> <span class='ocrx_word' id='word_1_493' title='bbox 3569 3167 3735 3221; x_wconf 64' lang='grc' dir='ltr'>δυνά-ι</span> 
     </span>
    </p>
   </div>
   <div class='ocr_carea' id='block_1_62' title="bbox 479 3229 2049 3341">
    <p class='ocr_par' dir='ltr' id='par_1_62' title="bbox 479 3260 2048 3341">
     <span class='ocr_line' id='line_1_62' title="bbox 479 3260 2048 3341; baseline 0.006 -27"><span class='ocrx_word' id='word_1_494' title='bbox 479 3260 736 3317; x_wconf 79' lang='lat' dir='ltr'><strong>caelestes</strong></span> <span class='ocrx_word' id='word_1_495' title='bbox 793 3262 1046 3327; x_wconf 87' lang='lat' dir='ltr'><strong>virtutes,</strong></span> <span class='ocrx_word' id='word_1_496' title='bbox 1095 3265 1251 3335; x_wconf 85' lang='lat' dir='ltr'><strong>queis</strong></span> <span class='ocrx_word' id='word_1_497' title='bbox 1299 3265 1535 3336; x_wconf 82' lang='lat' dir='ltr'><strong>gaudere</strong></span> <span class='ocrx_word' id='word_1_498' title='bbox 1580 3277 1636 3324; x_wconf 84' lang='lat' dir='ltr'><strong>et</strong></span> <span class='ocrx_word' id='word_1_499' title='bbox 1685 3268 1854 3323; x_wconf 67' lang='lat' dir='ltr'><strong>laetari</strong></span> <span class='ocrx_word' id='word_1_500' title='bbox 1911 3283 2048 3341; x_wconf 64' lang='grc' dir='ltr'>ρεα-</span> 
     </span>
    </p>
   </div>
   <div class='ocr_carea' id='block_1_63' title="bbox 2153 3229 3272 3341">
    <p class='ocr_par' dir='ltr' id='par_1_63' title="bbox 2156 3229 3272 3330">
     <span class='ocr_line' id='line_1_63' title="bbox 2156 3229 3272 3330; baseline 0.001 -21"><span class='ocrx_word' id='word_1_501' title='bbox 2156 3229 2300 3330; x_wconf 49' lang='grc' dir='ltr'>μίεις,</span> <span class='ocrx_word' id='word_1_502' title='bbox 2320 3252 2408 3321; x_wconf 76' lang='grc' dir='ltr'>αἶς</span> <span class='ocrx_word' id='word_1_503' title='bbox 2431 3229 2812 3328; x_wconf 68' lang='grc' dir='ltr'>εὺιρραίνεσθαι</span> <span class='ocrx_word' id='word_1_504' title='bbox 2840 3229 3272 3326; x_wconf 76' lang='grc' dir='ltr'>παρακελεύεται</span> 
     </span>
    </p>
   </div>
   <div class='ocr_carea' id='block_1_64' title="bbox 480 3352 632 3422">
    <p class='ocr_par' dir='ltr' id='par_1_64' title="bbox 480 3352 632 3422">
     <span class='ocr_line' id='line_1_64' title="bbox 480 3352 632 3422; baseline 0.007 -15"><span class='ocrx_word' id='word_1_505' title='bbox 480 3352 632 3422; x_wconf 83' lang='lat' dir='ltr'><strong>cipit.</strong></span> 
     </span>
    </p>
   </div>
   <div class='ocr_carea' id='block_1_65' title="bbox 548 3446 2050 3525">
    <p class='ocr_par' dir='ltr' id='par_1_65' title="bbox 548 3446 2050 3525">
     <span class='ocr_line' id='line_1_65' title="bbox 548 3446 2050 3525; baseline 0.007 -22"><span class='ocrx_word' id='word_1_506' title='bbox 548 3446 714 3506; x_wconf 74' lang='lat' dir='ltr'><strong>Vens.</strong></span> <span class='ocrx_word' id='word_1_507' title='bbox 777 3447 866 3504; x_wconf 77' lang='grc'><strong>12.</strong></span> <span class='ocrx_word' id='word_1_508' title='bbox 932 3451 1124 3506; x_wconf 64' lang='lat' dir='ltr'><strong>«Ecce</strong></span> <span class='ocrx_word' id='word_1_509' title='bbox 1178 3449 1234 3507; x_wconf 91' lang='lat' dir='ltr'><strong>hi</strong></span> <span class='ocrx_word' id='word_1_510' title='bbox 1289 3453 1358 3508; x_wconf 92' lang='lat' dir='ltr'><strong>de</strong></span> <span class='ocrx_word' id='word_1_511' title='bbox 1390 3452 1551 3525; x_wconf 85' lang='lat' dir='ltr'><strong>longe</strong></span> <span class='ocrx_word' id='word_1_512' title='bbox 1591 3455 1933 3512; x_wconf 84' lang='lat' dir='ltr'><strong>venientzhi</strong></span> <span class='ocrx_word' id='word_1_513' title='bbox 1982 3459 2050 3514; x_wconf 83' lang='lat' dir='ltr'><strong>ab</strong></span> 
     </span>
    </p>
   </div>
   <div class='ocr_carea' id='block_1_66' title="bbox 477 3537 2051 3615">
    <p class='ocr_par' dir='ltr' id='par_1_66' title="bbox 477 3537 2051 3615">
     <span class='ocr_line' id='line_1_66' title="bbox 477 3537 2051 3615; baseline 0.006 -23"><span class='ocrx_word' id='word_1_514' title='bbox 477 3537 748 3609; x_wconf 78' lang='lat' dir='ltr'><strong>Aquilone</strong></span> <span class='ocrx_word' id='word_1_515' title='bbox 771 3550 826 3596; x_wconf 91' lang='lat' dir='ltr'><strong>et</strong></span> <span class='ocrx_word' id='word_1_516' title='bbox 859 3542 1038 3607; x_wconf 85' lang='lat' dir='ltr'><strong>mari;</strong></span> <span class='ocrx_word' id='word_1_517' title='bbox 1088 3543 1181 3599; x_wconf 83' lang='lat' dir='ltr'><strong>alii</strong></span> <span class='ocrx_word' id='word_1_518' title='bbox 1213 3543 1281 3600; x_wconf 90' lang='lat' dir='ltr'><strong>de</strong></span> <span class='ocrx_word' id='word_1_519' title='bbox 1323 3553 1466 3600; x_wconf 88' lang='lat' dir='ltr'><strong>terra</strong></span> <span class='ocrx_word' id='word_1_520' title='bbox 1514 3545 1825 3602; x_wconf 78' lang='lat' dir='ltr'><strong>Persarum.</strong></span> <span class='ocrx_word' id='word_1_521' title='bbox 1858 3567 1878 3600; x_wconf 75' lang='grc' dir='ltr'><strong>ι</strong></span> <span class='ocrx_word' id='word_1_522' title='bbox 1923 3547 2051 3615; x_wconf 82' lang='lat' dir='ltr'><strong>Qui-</strong></span> 
     </span>
    </p>
   </div>
   <div class='ocr_carea' id='block_1_67' title="bbox 481 3631 2051 3707">
    <p class='ocr_par' dir='ltr' id='par_1_67' title="bbox 481 3631 2051 3707">
     <span class='ocr_line' id='line_1_67' title="bbox 481 3631 2051 3707; baseline 0.009 -25"><span class='ocrx_word' id='word_1_523' title='bbox 481 3646 606 3686; x_wconf 88' lang='lat' dir='ltr'><strong>nam</strong></span> <span class='ocrx_word' id='word_1_524' title='bbox 648 3631 702 3685; x_wconf 94' lang='lat' dir='ltr'><strong>hi</strong></span> <span class='ocrx_word' id='word_1_525' title='bbox 748 3642 926 3698; x_wconf 90' lang='lat' dir='ltr'><strong>erant,</strong></span> <span class='ocrx_word' id='word_1_526' title='bbox 962 3635 1066 3690; x_wconf 89' lang='lat' dir='ltr'><strong>nisi</strong></span> <span class='ocrx_word' id='word_1_527' title='bbox 1120 3637 1368 3707; x_wconf 89' lang='lat' dir='ltr'><strong>superius</strong></span> <span class='ocrx_word' id='word_1_528' title='bbox 1423 3639 1731 3706; x_wconf 84' lang='lat' dir='ltr'><strong>memorati,</strong></span> <span class='ocrx_word' id='word_1_529' title='bbox 1793 3640 2051 3696; x_wconf 91' lang='lat' dir='ltr'><strong>nimirum</strong></span> 
     </span>
    </p>
   </div>
   <div class='ocr_carea' id='block_1_68' title="bbox 479 3722 1981 3792">
    <p class='ocr_par' dir='ltr' id='par_1_68' title="bbox 479 3722 1981 3792">
     <span class='ocr_line' id='line_1_68' title="bbox 479 3722 1981 3792; baseline 0.009 -18"><span class='ocrx_word' id='word_1_530' title='bbox 479 3722 572 3792; x_wconf 83' lang='lat' dir='ltr'><strong>qui</strong></span> <span class='ocrx_word' id='word_1_531' title='bbox 600 3738 632 3778; x_wconf 92' lang='lat' dir='ltr'><strong>e</strong></span> <span class='ocrx_word' id='word_1_532' title='bbox 659 3733 894 3792; x_wconf 81' lang='lat' dir='ltr'><strong>quatuor</strong></span> <span class='ocrx_word' id='word_1_533' title='bbox 910 3727 1147 3783; x_wconf 86' lang='lat' dir='ltr'><strong>universi</strong></span> <span class='ocrx_word' id='word_1_534' title='bbox 1178 3728 1494 3785; x_wconf 84' lang='lat' dir='ltr'><strong>climatibus</strong></span> <span class='ocrx_word' id='word_1_535' title='bbox 1529 3731 1712 3787; x_wconf 88' lang='lat' dir='ltr'><strong>vocati</strong></span> <span class='ocrx_word' id='word_1_536' title='bbox 1742 3731 1981 3787; x_wconf 80' lang='lat' dir='ltr'><strong>fuerant?</strong></span> 
     </span>
    </p>
   </div>
   <div class='ocr_carea' id='block_1_69' title="bbox 554 3859 2050 3931">
    <p class='ocr_par' dir='ltr' id='par_1_69' title="bbox 554 3859 2050 3931">
     <span class='ocr_line' id='line_1_69' title="bbox 554 3859 2050 3931; baseline 0.005 -18"><span class='ocrx_word' id='word_1_537' title='bbox 554 3859 717 3916; x_wconf 70' lang='lat' dir='ltr'><strong>Vens.</strong></span> <span class='ocrx_word' id='word_1_538' title='bbox 777 3860 867 3917; x_wconf 78' lang='grc'><strong>15.</strong></span> <span class='ocrx_word' id='word_1_539' title='bbox 912 3880 931 3913; x_wconf 75' lang='grc' dir='ltr'><strong>ι</strong></span> <span class='ocrx_word' id='word_1_540' title='bbox 956 3862 1262 3931; x_wconf 68' lang='grc' dir='ltr'>ιωῑιιιηίηἷ,</span> <span class='ocrx_word' id='word_1_541' title='bbox 1296 3864 1415 3920; x_wconf 65' lang='lat' dir='ltr'><strong>coeli</strong></span> <span class='ocrx_word' id='word_1_542' title='bbox 1442 3904 1458 3930; x_wconf 91' lang='lat'><strong>,</strong></span> <span class='ocrx_word' id='word_1_543' title='bbox 1505 3875 1561 3921; x_wconf 88' lang='lat' dir='ltr'><strong>et</strong></span> <span class='ocrx_word' id='word_1_544' title='bbox 1601 3865 1830 3920; x_wconf 72' lang='lat' dir='ltr'><strong>exsultet</strong></span> <span class='ocrx_word' id='word_1_545' title='bbox 1869 3875 2050 3929; x_wconf 81' lang='lat' dir='ltr'><strong>terra,</strong></span> 
     </span>
    </p>
   </div>
   <div class='ocr_carea' id='block_1_70' title="bbox 479 3954 2055 4026">
    <p class='ocr_par' dir='ltr' id='par_1_70' title="bbox 479 3954 2055 4026">
     <span class='ocr_line' id='line_1_70' title="bbox 479 3954 2055 4026; baseline 0.005 -22"><span class='ocrx_word' id='word_1_546' title='bbox 479 3964 768 4022; x_wconf 81' lang='lat' dir='ltr'><strong>erumpant</strong></span> <span class='ocrx_word' id='word_1_547' title='bbox 829 3965 1037 4009; x_wconf 83' lang='lat' dir='ltr'><strong>montes</strong></span> <span class='ocrx_word' id='word_1_548' title='bbox 1078 3954 1132 4009; x_wconf 90' lang='lat' dir='ltr'><strong>in</strong></span> <span class='ocrx_word' id='word_1_549' title='bbox 1179 3957 1455 4023; x_wconf 82' lang='lat' dir='ltr'><strong>laetitiam;</strong></span> <span class='ocrx_word' id='word_1_550' title='bbox 1504 3958 1630 4026; x_wconf 88' lang='lat' dir='ltr'><strong>quia</strong></span> <span class='ocrx_word' id='word_1_551' title='bbox 1677 3959 1932 4012; x_wconf 87' lang='lat' dir='ltr'><strong>misertus</strong></span> <span class='ocrx_word' id='word_1_552' title='bbox 1971 3967 2055 4012; x_wconf 91' lang='lat' dir='ltr'><strong>est</strong></span> 
     </span>
    </p>
   </div>
   <div class='ocr_carea' id='block_1_71' title="bbox 483 4040 2054 4116">
    <p class='ocr_par' dir='ltr' id='par_1_71' title="bbox 483 4040 2054 4116">
     <span class='ocr_line' id='line_1_71' title="bbox 483 4040 2054 4116; baseline 0.006 -21"><span class='ocrx_word' id='word_1_553' title='bbox 483 4040 626 4096; x_wconf 85' lang='lat' dir='ltr'><strong>Dens</strong></span> <span class='ocrx_word' id='word_1_554' title='bbox 651 4043 830 4113; x_wconf 81' lang='lat' dir='ltr'><strong>pepuli</strong></span> <span class='ocrx_word' id='word_1_555' title='bbox 878 4046 982 4109; x_wconf 87' lang='lat' dir='ltr'><strong>sui,</strong></span> <span class='ocrx_word' id='word_1_556' title='bbox 1030 4053 1084 4099; x_wconf 93' lang='lat' dir='ltr'><strong>et</strong></span> <span class='ocrx_word' id='word_1_557' title='bbox 1123 4047 1363 4101; x_wconf 84' lang='lat' dir='ltr'><strong>humiles</strong></span> <span class='ocrx_word' id='word_1_558' title='bbox 1392 4046 1572 4116; x_wconf 90' lang='lat' dir='ltr'><strong>populi</strong></span> <span class='ocrx_word' id='word_1_559' title='bbox 1619 4048 1701 4103; x_wconf 90' lang='lat' dir='ltr'><strong>sui</strong></span> <span class='ocrx_word' id='word_1_560' title='bbox 1745 4049 2054 4105; x_wconf 76' lang='lat' dir='ltr'><strong>consolatus</strong></span> 
     </span>
    </p>
   </div>
   <div class='ocr_carea' id='block_1_72' title="bbox 483 4133 2051 4203">
    <p class='ocr_par' dir='ltr' id='par_1_72' title="bbox 483 4133 2051 4203">
     <span class='ocr_line' id='line_1_72' title="bbox 483 4133 2051 4203; baseline 0.004 -20"><span class='ocrx_word' id='word_1_561' title='bbox 483 4139 586 4185; x_wconf 88' lang='lat' dir='ltr'><strong>est.</strong></span> <span class='ocrx_word' id='word_1_562' title='bbox 619 4150 638 4184; x_wconf 73' lang='grc' dir='ltr'><strong>ι</strong></span> <span class='ocrx_word' id='word_1_563' title='bbox 697 4133 884 4203; x_wconf 83' lang='lat' dir='ltr'><strong>Neque</strong></span> <span class='ocrx_word' id='word_1_564' title='bbox 930 4135 1075 4188; x_wconf 90' lang='lat' dir='ltr'><strong>enim</strong></span> <span class='ocrx_word' id='word_1_565' title='bbox 1130 4134 1269 4190; x_wconf 88' lang='lat' dir='ltr'><strong>Deus</strong></span> <span class='ocrx_word' id='word_1_566' title='bbox 1308 4135 1531 4190; x_wconf 69' lang='lat' dir='ltr'><strong>cmleste</strong></span> <span class='ocrx_word' id='word_1_567' title='bbox 1577 4135 1706 4192; x_wconf 89' lang='lat' dir='ltr'><strong>illud</strong></span> <span class='ocrx_word' id='word_1_568' title='bbox 1749 4139 2051 4192; x_wconf 89' lang='lat' dir='ltr'><strong>institutum</strong></span> 
     </span>
    </p>
   </div>
   <div class='ocr_carea' id='block_1_73' title="bbox 483 4221 2049 4297">
    <p class='ocr_par' dir='ltr' id='par_1_73' title="bbox 483 4221 2049 4297">
     <span class='ocr_line' id='line_1_73' title="bbox 483 4221 2049 4297; baseline 0.004 -21"><span class='ocrx_word' id='word_1_569' title='bbox 483 4221 735 4279; x_wconf 83' lang='lat' dir='ltr'><strong>oblivisci</strong></span> <span class='ocrx_word' id='word_1_570' title='bbox 816 4233 993 4293; x_wconf 90' lang='lat' dir='ltr'><strong>potest</strong></span> <span class='ocrx_word' id='word_1_571' title='bbox 1045 4241 1061 4280; x_wconf 87' lang='lat'><strong>:</strong></span> <span class='ocrx_word' id='word_1_572' title='bbox 1110 4225 1468 4297; x_wconf 84' lang='lat' dir='ltr'><strong>exemploque</strong></span> <span class='ocrx_word' id='word_1_573' title='bbox 1538 4227 1708 4282; x_wconf 88' lang='lat' dir='ltr'><strong>utitur</strong></span> <span class='ocrx_word' id='word_1_574' title='bbox 1771 4229 2049 4283; x_wconf 76' lang='lat' dir='ltr'><strong>naturali:</strong></span> 
     </span>
    </p>
   </div>
   <div class='ocr_carea' id='block_1_74' title="bbox 484 4312 2051 4385">
    <p class='ocr_par' dir='ltr' id='par_1_74' title="bbox 484 4312 2051 4385">
     <span class='ocr_line' id='line_1_74' title="bbox 484 4312 2051 4385; baseline 0.004 -20"><span class='ocrx_word' id='word_1_575' title='bbox 484 4312 948 4378; x_wconf 84' lang='lat' dir='ltr'><strong>Quemadmodum</strong></span> <span class='ocrx_word' id='word_1_576' title='bbox 979 4317 1124 4369; x_wconf 90' lang='lat' dir='ltr'><strong>enim</strong></span> <span class='ocrx_word' id='word_1_577' title='bbox 1148 4331 1258 4371; x_wconf 92' lang='lat' dir='ltr'><strong>non</strong></span> <span class='ocrx_word' id='word_1_578' title='bbox 1290 4324 1468 4385; x_wconf 87' lang='lat' dir='ltr'><strong>potest</strong></span> <span class='ocrx_word' id='word_1_579' title='bbox 1501 4325 1673 4372; x_wconf 84' lang='lat' dir='ltr'><strong>mater</strong></span> <span class='ocrx_word' id='word_1_580' title='bbox 1698 4317 1869 4372; x_wconf 82' lang='lat' dir='ltr'><strong>lilium</strong></span> <span class='ocrx_word' id='word_1_581' title='bbox 1893 4333 2051 4374; x_wconf 91' lang='lat' dir='ltr'><strong>suum</strong></span> 
     </span>
    </p>
   </div>
   <div class='ocr_carea' id='block_1_75' title="bbox 485 4402 2052 4478">
    <p class='ocr_par' dir='ltr' id='par_1_75' title="bbox 485 4402 2052 4478">
     <span class='ocr_line' id='line_1_75' title="bbox 485 4402 2052 4478; baseline 0.004 -22"><span class='ocrx_word' id='word_1_582' title='bbox 485 4402 764 4470; x_wconf 89' lang='lat' dir='ltr'><strong>oblivisci,</strong></span> <span class='ocrx_word' id='word_1_583' title='bbox 815 4414 871 4460; x_wconf 91' lang='lat' dir='ltr'><strong>et</strong></span> <span class='ocrx_word' id='word_1_584' title='bbox 923 4407 1058 4461; x_wconf 93' lang='lat' dir='ltr'><strong>sicut</strong></span> <span class='ocrx_word' id='word_1_585' title='bbox 1097 4422 1202 4460; x_wconf 92' lang='lat' dir='ltr'><strong>non</strong></span> <span class='ocrx_word' id='word_1_586' title='bbox 1253 4415 1430 4476; x_wconf 86' lang='lat' dir='ltr'><strong>potest</strong></span> <span class='ocrx_word' id='word_1_587' title='bbox 1472 4423 1590 4476; x_wconf 66' lang='lat' dir='ltr'><strong>quae</strong></span> <span class='ocrx_word' id='word_1_588' title='bbox 1628 4410 1848 4478; x_wconf 79' lang='lat' dir='ltr'><strong>genuit,</strong></span> <span class='ocrx_word' id='word_1_589' title='bbox 1911 4409 2052 4465; x_wconf 89' lang='lat' dir='ltr'><strong>uteri</strong></span> 
     </span>
    </p>
   </div>
   <div class='ocr_carea' id='block_1_76' title="bbox 485 4497 2049 4572">
    <p class='ocr_par' dir='ltr' id='par_1_76' title="bbox 485 4497 2049 4572">
     <span class='ocr_line' id='line_1_76' title="bbox 485 4497 2049 4572; baseline 0.005 -23"><span class='ocrx_word' id='word_1_590' title='bbox 485 4497 568 4550; x_wconf 78' lang='lat' dir='ltr'><strong>sui</strong></span> <span class='ocrx_word' id='word_1_591' title='bbox 597 4497 800 4567; x_wconf 89' lang='lat' dir='ltr'><strong>prolem</strong></span> <span class='ocrx_word' id='word_1_592' title='bbox 834 4514 942 4553; x_wconf 93' lang='lat' dir='ltr'><strong>non</strong></span> <span class='ocrx_word' id='word_1_593' title='bbox 973 4499 1268 4564; x_wconf 87' lang='lat' dir='ltr'><strong>miserari;</strong></span> <span class='ocrx_word' id='word_1_594' title='bbox 1301 4499 1372 4553; x_wconf 85' lang='lat' dir='ltr'><strong>ita</strong></span> <span class='ocrx_word' id='word_1_595' title='bbox 1406 4499 1522 4554; x_wconf 89' lang='lat' dir='ltr'><strong>lieri</strong></span> <span class='ocrx_word' id='word_1_596' title='bbox 1561 4501 1783 4570; x_wconf 89' lang='lat' dir='ltr'><strong>nequit,</strong></span> <span class='ocrx_word' id='word_1_597' title='bbox 1823 4511 1880 4556; x_wconf 91' lang='lat' dir='ltr'><strong>ut</strong></span> <span class='ocrx_word' id='word_1_598' title='bbox 1925 4517 2049 4572; x_wconf 84' lang='lat' dir='ltr'><strong>ego,</strong></span> 
     </span>
    </p>
   </div>
   <div class='ocr_carea' id='block_1_77' title="bbox 2227 3433 3730 3514">
    <p class='ocr_par' dir='ltr' id='par_1_77' title="bbox 2227 3433 3730 3514">
     <span class='ocr_line' id='line_1_77' title="bbox 2227 3433 3730 3514; baseline -0.003 -19"><span class='ocrx_word' id='word_1_599' title='bbox 2227 3461 2247 3495; x_wconf 70' lang='grc' dir='ltr'><strong>ι</strong></span> <span class='ocrx_word' id='word_1_600' title='bbox 2294 3442 2423 3498; x_wconf 79' lang='grc' dir='ltr'>Ἰδοὺ</span> <span class='ocrx_word' id='word_1_601' title='bbox 2465 3435 2609 3497; x_wconf 68' lang='grc' dir='ltr'>οὗτοι</span> <span class='ocrx_word' id='word_1_602' title='bbox 2643 3441 2922 3514; x_wconf 75' lang='grc' dir='ltr'>πόρρωθεν</span> <span class='ocrx_word' id='word_1_603' title='bbox 2951 3441 3191 3512; x_wconf 75' lang='grc' dir='ltr'>ἥξουσιν,</span> <span class='ocrx_word' id='word_1_604' title='bbox 3226 3433 3369 3495; x_wconf 64' lang='grc' dir='ltr'>οὗτοι</span> <span class='ocrx_word' id='word_1_605' title='bbox 3401 3439 3510 3494; x_wconf 76' lang='grc' dir='ltr'><strong>ἀπὸ</strong></span> <span class='ocrx_word' id='word_1_606' title='bbox 3542 3439 3730 3509; x_wconf 58' lang='lat' dir='ltr'><strong>uappa.</strong></span> 
     </span>
    </p>
   </div>
   <div class='ocr_carea' id='block_1_78' title="bbox 2152 3529 3718 3605">
    <p class='ocr_par' dir='ltr' id='par_1_78' title="bbox 2152 3529 3718 3605">
     <span class='ocr_line' id='line_1_78' title="bbox 2152 3529 3718 3605; baseline -0.005 -17"><span class='ocrx_word' id='word_1_607' title='bbox 2152 3536 2246 3588; x_wconf 73' lang='grc' dir='ltr'><strong>καὶ</strong></span> <span class='ocrx_word' id='word_1_608' title='bbox 2281 3533 2573 3605; x_wconf 82' lang='grc' dir='ltr'>θαλάσσης,</span> <span class='ocrx_word' id='word_1_609' title='bbox 2619 3533 2768 3587; x_wconf 89' lang='grc' dir='ltr'>ἄλλοι</span> <span class='ocrx_word' id='word_1_610' title='bbox 2800 3533 2855 3586; x_wconf 83' lang='grc' dir='ltr'>δὲ</span> <span class='ocrx_word' id='word_1_611' title='bbox 2893 3535 2957 3586; x_wconf 83' lang='grc' dir='ltr'>ὲκ</span> <span class='ocrx_word' id='word_1_612' title='bbox 2985 3533 3088 3603; x_wconf 81' lang='grc' dir='ltr'>γῆς</span> <span class='ocrx_word' id='word_1_613' title='bbox 3123 3531 3359 3604; x_wconf 82' lang='grc' dir='ltr'>Περσῶν.</span> <span class='ocrx_word' id='word_1_614' title='bbox 3411 3549 3430 3582; x_wconf 71' lang='grc' dir='ltr'><strong>ι</strong></span> <span class='ocrx_word' id='word_1_615' title='bbox 3476 3530 3628 3592; x_wconf 87' lang='grc' dir='ltr'>Τίνες</span> <span class='ocrx_word' id='word_1_616' title='bbox 3659 3529 3718 3581; x_wconf 75' lang='grc' dir='ltr'>δὲ</span> 
     </span>
    </p>
   </div>
   <div class='ocr_carea' id='block_1_79' title="bbox 2151 3619 3718 3699">
    <p class='ocr_par' dir='ltr' id='par_1_79' title="bbox 2151 3619 3718 3699">
     <span class='ocr_line' id='line_1_79' title="bbox 2151 3619 3718 3699; baseline -0.006 -19"><span class='ocrx_word' id='word_1_617' title='bbox 2151 3624 2290 3699; x_wconf 77' lang='grc' dir='ltr'>ἦσαν</span> <span class='ocrx_word' id='word_1_618' title='bbox 2319 3621 2463 3680; x_wconf 76' lang='grc' dir='ltr'>οὗτοι</span> <span class='ocrx_word' id='word_1_619' title='bbox 2499 3625 2613 3681; x_wconf 83' lang='grc' dir='ltr'>ἀλλ’</span> <span class='ocrx_word' id='word_1_620' title='bbox 2645 3625 2678 3697; x_wconf 81' lang='grc' dir='ltr'>ἢ</span> <span class='ocrx_word' id='word_1_621' title='bbox 2717 3627 2764 3678; x_wconf 76' lang='grc' dir='ltr'>οἱ</span> <span class='ocrx_word' id='word_1_622' title='bbox 2799 3624 3261 3697; x_wconf 84' lang='grc' dir='ltr'>προδηλωθέντες,</span> <span class='ocrx_word' id='word_1_623' title='bbox 3292 3621 3489 3692; x_wconf 77' lang='grc' dir='ltr'>δηλαδὴ</span> <span class='ocrx_word' id='word_1_624' title='bbox 3517 3622 3565 3672; x_wconf 72' lang='grc' dir='ltr'>οἱ</span> <span class='ocrx_word' id='word_1_625' title='bbox 3608 3619 3718 3672; x_wconf 77' lang='grc' dir='ltr'>ἀπὸ</span> 
     </span>
    </p>
   </div>
   <div class='ocr_carea' id='block_1_80' title="bbox 2151 3710 3719 3788">
    <p class='ocr_par' dir='ltr' id='par_1_80' title="bbox 2151 3710 3719 3788">
     <span class='ocr_line' id='line_1_80' title="bbox 2151 3710 3719 3788; baseline -0.006 -18"><span class='ocrx_word' id='word_1_626' title='bbox 2151 3717 2259 3772; x_wconf 86' lang='grc' dir='ltr'><strong>τῶν</strong></span> <span class='ocrx_word' id='word_1_627' title='bbox 2284 3717 2562 3788; x_wconf 82' lang='grc' dir='ltr'>τεσσάρων</span> <span class='ocrx_word' id='word_1_628' title='bbox 2589 3716 2868 3788; x_wconf 81' lang='grc' dir='ltr'>κλιμάτων</span> <span class='ocrx_word' id='word_1_629' title='bbox 2899 3714 2993 3768; x_wconf 77' lang='grc' dir='ltr'><strong>τοῦ</strong></span> <span class='ocrx_word' id='word_1_630' title='bbox 3023 3713 3220 3777; x_wconf 83' lang='grc' dir='ltr'>παντὸς</span> <span class='ocrx_word' id='word_1_631' title='bbox 3249 3710 3719 3782; x_wconf 74' lang='grc' dir='ltr'>ἀνακεκλημένοιζ</span> 
     </span>
    </p>
   </div>
   <div class='ocr_carea' id='block_1_81' title="bbox 2230 3848 3720 3924">
    <p class='ocr_par' dir='ltr' id='par_1_81' title="bbox 2230 3848 3720 3924">
     <span class='ocr_line' id='line_1_81' title="bbox 2230 3848 3720 3924; baseline 0.002 -22"><span class='ocrx_word' id='word_1_632' title='bbox 2230 3868 2248 3902; x_wconf 74' lang='grc' dir='ltr'><strong>ι</strong></span> <span class='ocrx_word' id='word_1_633' title='bbox 2282 3851 2670 3923; x_wconf 77' lang='grc' dir='ltr'>Εὐφραίνεσθε,</span> <span class='ocrx_word' id='word_1_634' title='bbox 2716 3851 2965 3924; x_wconf 73' lang='grc' dir='ltr'>οὐρανοὶ,</span> <span class='ocrx_word' id='word_1_635' title='bbox 3015 3851 3110 3906; x_wconf 71' lang='grc' dir='ltr'>καὶ</span> <span class='ocrx_word' id='word_1_636' title='bbox 3156 3849 3499 3919; x_wconf 82' lang='grc' dir='ltr'>ἁγαλλιάσθω</span> <span class='ocrx_word' id='word_1_637' title='bbox 3539 3850 3574 3918; x_wconf 85' lang='grc' dir='ltr'>ἡ</span> <span class='ocrx_word' id='word_1_638' title='bbox 3623 3848 3720 3918; x_wconf 82' lang='grc' dir='ltr'>γῆ,</span> 
     </span>
    </p>
   </div>
   <div class='ocr_carea' id='block_1_82' title="bbox 2156 3940 3728 4017">
    <p class='ocr_par' dir='ltr' id='par_1_82' title="bbox 2156 3940 3728 4017">
     <span class='ocr_line' id='line_1_82' title="bbox 2156 3940 3728 4017; baseline -0.012 -5"><span class='ocrx_word' id='word_1_639' title='bbox 2156 3941 2469 4012; x_wconf 70' lang='grc' dir='ltr'>ῥηξάτωσαν</span> <span class='ocrx_word' id='word_1_640' title='bbox 2510 3942 2577 3997; x_wconf 74' lang='grc' dir='ltr'>τὰ</span> <span class='ocrx_word' id='word_1_641' title='bbox 2615 3943 2717 4017; x_wconf 70' lang='grc' dir='ltr'><strong>ὅρη</strong></span> <span class='ocrx_word' id='word_1_642' title='bbox 2757 3943 3109 4016; x_wconf 67' lang='grc' dir='ltr'>εὑ-ςρροσύνην,</span> <span class='ocrx_word' id='word_1_643' title='bbox 3145 3943 3225 3998; x_wconf 81' lang='grc' dir='ltr'>ὅτι</span> <span class='ocrx_word' id='word_1_644' title='bbox 3264 3942 3492 4016; x_wconf 75' lang='grc' dir='ltr'>ἠλέησεν</span> <span class='ocrx_word' id='word_1_645' title='bbox 3535 3943 3563 3995; x_wconf 82' lang='grc' dir='ltr'>ὁ</span> <span class='ocrx_word' id='word_1_646' title='bbox 3590 3940 3728 4006; x_wconf 77' lang='grc' dir='ltr'>Θεὸς</span> 
     </span>
    </p>
   </div>
   <div class='ocr_carea' id='block_1_83' title="bbox 2153 4033 3724 4101">
    <p class='ocr_par' dir='ltr' id='par_1_83' title="bbox 2153 4033 3724 4101">
     <span class='ocr_line' id='line_1_83' title="bbox 2153 4033 3724 4101; baseline -0.001 -11"><span class='ocrx_word' id='word_1_647' title='bbox 2153 4033 2243 4090; x_wconf 59' lang='lat' dir='ltr'><strong>diu</strong></span> <span class='ocrx_word' id='word_1_648' title='bbox 2268 4033 2394 4088; x_wconf 83' lang='grc' dir='ltr'>λαὸν</span> <span class='ocrx_word' id='word_1_649' title='bbox 2422 4035 2608 4101; x_wconf 79' lang='grc' dir='ltr'>αὐτοῦ,</span> <span class='ocrx_word' id='word_1_650' title='bbox 2646 4039 2739 4090; x_wconf 77' lang='grc' dir='ltr'>καὶ</span> <span class='ocrx_word' id='word_1_651' title='bbox 2776 4039 2903 4101; x_wconf 79' lang='grc' dir='ltr'>τοὺς</span> <span class='ocrx_word' id='word_1_652' title='bbox 2947 4038 3233 4101; x_wconf 78' lang='grc' dir='ltr'>ταπεινοὺς</span> <span class='ocrx_word' id='word_1_653' title='bbox 3264 4037 3358 4090; x_wconf 82' lang='grc' dir='ltr'><strong>τοῦ</strong></span> <span class='ocrx_word' id='word_1_654' title='bbox 3392 4036 3522 4091; x_wconf 75' lang='grc' dir='ltr'><strong>λαιοῦ</strong></span> <span class='ocrx_word' id='word_1_655' title='bbox 3559 4035 3724 4089; x_wconf 70' lang='grc' dir='ltr'>αὑτοῦ</span> 
     </span>
    </p>
   </div>
   <div class='ocr_carea' id='block_1_84' title="bbox 2155 4127 3729 4202">
    <p class='ocr_par' dir='ltr' id='par_1_84' title="bbox 2155 4127 3729 4202">
     <span class='ocr_line' id='line_1_84' title="bbox 2155 4127 3729 4202; baseline 0.002 -24"><span class='ocrx_word' id='word_1_656' title='bbox 2155 4128 2545 4198; x_wconf 79' lang='grc' dir='ltr'>παρεκάλεσεν.</span> <span class='ocrx_word' id='word_1_657' title='bbox 2586 4147 2605 4181; x_wconf 73' lang='grc' dir='ltr'><strong>ι</strong></span> <span class='ocrx_word' id='word_1_658' title='bbox 2644 4127 2780 4181; x_wconf 75' lang='grc' dir='ltr'>Οὔτε</span> <span class='ocrx_word' id='word_1_659' title='bbox 2809 4128 2917 4200; x_wconf 84' lang='grc' dir='ltr'>γὰρ</span> <span class='ocrx_word' id='word_1_660' title='bbox 2946 4128 3168 4183; x_wconf 84' lang='grc' dir='ltr'>δυνατὸν</span> <span class='ocrx_word' id='word_1_661' title='bbox 3197 4128 3367 4202; x_wconf 77' lang='grc' dir='ltr'>λήθην</span> <span class='ocrx_word' id='word_1_662' title='bbox 3400 4129 3729 4200; x_wconf 75' lang='grc' dir='ltr'>ποιήσασθαι</span> 
     </span>
    </p>
   </div>
   <div class='ocr_carea' id='block_1_85' title="bbox 2154 4219 3722 4293">
    <p class='ocr_par' dir='ltr' id='par_1_85' title="bbox 2154 4219 3722 4293">
     <span class='ocr_line' id='line_1_85' title="bbox 2154 4219 3722 4293; baseline 0.001 -21"><span class='ocrx_word' id='word_1_663' title='bbox 2154 4219 2244 4272; x_wconf 84' lang='grc' dir='ltr'><strong>τὸν</strong></span> <span class='ocrx_word' id='word_1_664' title='bbox 2272 4220 2401 4273; x_wconf 81' lang='grc' dir='ltr'>θεὸν</span> <span class='ocrx_word' id='word_1_665' title='bbox 2430 4220 2522 4273; x_wconf 80' lang='grc' dir='ltr'>τοῦ</span> <span class='ocrx_word' id='word_1_666' title='bbox 2564 4223 2620 4274; x_wconf 84' lang='grc' dir='ltr'>ὲν</span> <span class='ocrx_word' id='word_1_667' title='bbox 2656 4220 2901 4293; x_wconf 79' lang='grc' dir='ltr'>οὐρανοῖς</span> <span class='ocrx_word' id='word_1_668' title='bbox 2945 4221 3336 4292; x_wconf 85' lang='grc' dir='ltr'>πολιτεύματος</span> <span class='ocrx_word' id='word_1_669' title='bbox 3360 4238 3375 4252; x_wconf 74' lang='grc' dir='ltr'><strong>ο</strong></span> <span class='ocrx_word' id='word_1_670' title='bbox 3416 4222 3509 4274; x_wconf 77' lang='grc' dir='ltr'><strong>καὶ</strong></span> <span class='ocrx_word' id='word_1_671' title='bbox 3547 4238 3722 4292; x_wconf 89' lang='grc' dir='ltr'>παρα-</span> 
     </span>
    </p>
   </div>
   <div class='ocr_carea' id='block_1_86' title="bbox 2149 4311 3724 4385">
    <p class='ocr_par' dir='ltr' id='par_1_86' title="bbox 2149 4311 3724 4385">
     <span class='ocr_line' id='line_1_86' title="bbox 2149 4311 3724 4385; baseline 0 -21"><span class='ocrx_word' id='word_1_672' title='bbox 2149 4311 2412 4385; x_wconf 62' lang='grc' dir='ltr'>ῥείγματι</span> <span class='ocrx_word' id='word_1_673' title='bbox 2464 4312 2724 4383; x_wconf 86' lang='grc' dir='ltr'>κέχρηται</span> <span class='ocrx_word' id='word_1_674' title='bbox 2772 4312 3016 4383; x_wconf 77' lang='grc' dir='ltr'>φυσικῷ·</span> <span class='ocrx_word' id='word_1_675' title='bbox 3060 4312 3146 4376; x_wconf 86' lang='grc' dir='ltr'>Ὡς</span> <span class='ocrx_word' id='word_1_676' title='bbox 3181 4313 3287 4385; x_wconf 78' lang='grc' dir='ltr'>γὰρ</span> <span class='ocrx_word' id='word_1_677' title='bbox 3320 4313 3578 4366; x_wconf 82' lang='grc' dir='ltr'>ἀδύνατον</span> <span class='ocrx_word' id='word_1_678' title='bbox 3617 4331 3724 4384; x_wconf 65' lang='grc' dir='ltr'><strong>μη-</strong></span> 
     </span>
    </p>
   </div>
   <div class='ocr_carea' id='block_1_87' title="bbox 2154 4399 3727 4473">
    <p class='ocr_par' dir='ltr' id='par_1_87' title="bbox 2154 4399 3727 4473">
     <span class='ocr_line' id='line_1_87' title="bbox 2154 4399 3727 4473; baseline 0.001 -19"><span class='ocrx_word' id='word_1_679' title='bbox 2154 4400 2286 4471; x_wconf 80' lang='grc' dir='ltr'>τέρα</span> <span class='ocrx_word' id='word_1_680' title='bbox 2315 4399 2406 4453; x_wconf 80' lang='grc' dir='ltr'>τοῦ</span> <span class='ocrx_word' id='word_1_681' title='bbox 2440 4401 2566 4454; x_wconf 85' lang='grc' dir='ltr'>ἰδίου</span> <span class='ocrx_word' id='word_1_682' title='bbox 2599 4403 2789 4456; x_wconf 79' lang='grc' dir='ltr'>τέκνου</span> <span class='ocrx_word' id='word_1_683' title='bbox 2821 4403 3022 4467; x_wconf 86' lang='grc' dir='ltr'>λαθεῖν,</span> <span class='ocrx_word' id='word_1_684' title='bbox 3061 4404 3152 4456; x_wconf 76' lang='grc' dir='ltr'><strong>καὶ</strong></span> <span class='ocrx_word' id='word_1_685' title='bbox 3185 4403 3260 4466; x_wconf 80' lang='grc' dir='ltr'><strong>ὡς</strong></span> <span class='ocrx_word' id='word_1_686' title='bbox 3289 4404 3347 4456; x_wconf 85' lang='grc' dir='ltr'><strong>οὐ</strong></span> <span class='ocrx_word' id='word_1_687' title='bbox 3391 4404 3612 4457; x_wconf 80' lang='grc' dir='ltr'>δυνατὸν</span> <span class='ocrx_word' id='word_1_688' title='bbox 3650 4402 3727 4473; x_wconf 79' lang='grc' dir='ltr'>μὴ</span> 
     </span>
    </p>
   </div>
   <div class='ocr_carea' id='block_1_88' title="bbox 2155 4493 3722 4566">
    <p class='ocr_par' dir='ltr' id='par_1_88' title="bbox 2155 4493 3722 4566">
     <span class='ocr_line' id='line_1_88' title="bbox 2155 4493 3722 4566; baseline 0.003 -21"><span class='ocrx_word' id='word_1_689' title='bbox 2155 4493 2370 4562; x_wconf 73' lang='grc' dir='ltr'>ἐλεῆσαι</span> <span class='ocrx_word' id='word_1_690' title='bbox 2396 4494 2498 4565; x_wconf 81' lang='grc' dir='ltr'>τὴν</span> <span class='ocrx_word' id='word_1_691' title='bbox 2521 4497 2856 4566; x_wconf 82' lang='grc' dir='ltr'>γεννήσασαν</span> <span class='ocrx_word' id='word_1_692' title='bbox 2884 4496 2953 4549; x_wconf 82' lang='grc' dir='ltr'>τὰ</span> <span class='ocrx_word' id='word_1_693' title='bbox 2979 4496 3142 4549; x_wconf 78' lang='grc' dir='ltr'>τέκνα</span> <span class='ocrx_word' id='word_1_694' title='bbox 3174 4495 3341 4566; x_wconf 75' lang='grc' dir='ltr'>αὐτῆς</span> <span class='ocrx_word' id='word_1_695' title='bbox 3372 4495 3473 4565; x_wconf 82' lang='grc' dir='ltr'>τῆς</span> <span class='ocrx_word' id='word_1_696' title='bbox 3496 4494 3722 4557; x_wconf 80' lang='grc' dir='ltr'>κοιλίας·</span> 
     </span>
    </p>
   </div>
   <div class='ocr_carea' id='block_1_89' title="bbox 487 4571 2049 4662">
    <p class='ocr_par' dir='ltr' id='par_1_89' title="bbox 487 4586 2049 4662">
     <span class='ocr_line' id='line_1_89' title="bbox 487 4586 2049 4662; baseline 0.008 -24"><span class='ocrx_word' id='word_1_697' title='bbox 487 4586 579 4654; x_wconf 82' lang='lat' dir='ltr'><strong>qui</strong></span> <span class='ocrx_word' id='word_1_698' title='bbox 627 4588 975 4644; x_wconf 88' lang='lat' dir='ltr'><strong>rationabiles</strong></span> <span class='ocrx_word' id='word_1_699' title='bbox 1009 4590 1288 4645; x_wconf 90' lang='lat' dir='ltr'><strong>hominum</strong></span> <span class='ocrx_word' id='word_1_700' title='bbox 1344 4590 1556 4646; x_wconf 88' lang='lat' dir='ltr'><strong>animas</strong></span> <span class='ocrx_word' id='word_1_701' title='bbox 1601 4607 1698 4662; x_wconf 92' lang='lat' dir='ltr'><strong>pro</strong></span> <span class='ocrx_word' id='word_1_702' title='bbox 1748 4592 1875 4648; x_wconf 88' lang='lat' dir='ltr'><strong>liliis</strong></span> <span class='ocrx_word' id='word_1_703' title='bbox 1917 4595 2049 4650; x_wconf 88' lang='lat' dir='ltr'><strong>meis</strong></span> 
     </span>
    </p>
   </div>
   <div class='ocr_carea' id='block_1_90' title="bbox 2153 4571 3725 4662">
    <p class='ocr_par' dir='ltr' id='par_1_90' title="bbox 2154 4584 3725 4659">
     <span class='ocr_line' id='line_1_90' title="bbox 2154 4584 3725 4659; baseline 0.02 -24"><span class='ocrx_word' id='word_1_704' title='bbox 2154 4584 2326 4649; x_wconf 73' lang='grc' dir='ltr'>οὕτως</span> <span class='ocrx_word' id='word_1_705' title='bbox 2356 4587 2498 4656; x_wconf 76' lang='grc' dir='ltr'>κάμὲ</span> <span class='ocrx_word' id='word_1_706' title='bbox 2531 4587 2630 4650; x_wconf 81' lang='grc' dir='ltr'>τὰς</span> <span class='ocrx_word' id='word_1_707' title='bbox 2662 4589 2718 4640; x_wconf 82' lang='grc' dir='ltr'>ὲν</span> <span class='ocrx_word' id='word_1_708' title='bbox 2753 4587 3057 4659; x_wconf 79' lang='grc' dir='ltr'>ἀνθρώποις</span> <span class='ocrx_word' id='word_1_709' title='bbox 3085 4588 3308 4658; x_wconf 70' lang='grc' dir='ltr'>λογικὰς</span> <span class='ocrx_word' id='word_1_710' title='bbox 3333 4589 3510 4659; x_wconf 71' lang='grc' dir='ltr'><strong>ψυχὰς</strong></span> <span class='ocrx_word' id='word_1_711' title='bbox 3538 4588 3725 4659; x_wconf 66' lang='grc' dir='ltr'>ὥσπερ</span> 
     </span>
    </p>
   </div>
   <div class='ocr_carea' id='block_1_91' title="bbox 486 4679 2052 4752">
    <p class='ocr_par' dir='ltr' id='par_1_91' title="bbox 486 4679 2052 4752">
     <span class='ocr_line' id='line_1_91' title="bbox 486 4679 2052 4752; baseline 0.007 -22"><span class='ocrx_word' id='word_1_712' title='bbox 486 4679 763 4744; x_wconf 80' lang='lat' dir='ltr'><strong>constitui,</strong></span> <span class='ocrx_word' id='word_1_713' title='bbox 805 4680 907 4748; x_wconf 66' lang='lat' dir='ltr'><strong>piae</strong></span> <span class='ocrx_word' id='word_1_714' title='bbox 963 4681 1240 4752; x_wconf 75' lang='lat' dir='ltr'><strong>religionis</strong></span> <span class='ocrx_word' id='word_1_715' title='bbox 1287 4683 1594 4738; x_wconf 89' lang='lat' dir='ltr'><strong>institutum</strong></span> <span class='ocrx_word' id='word_1_716' title='bbox 1643 4685 1697 4740; x_wconf 92' lang='lat' dir='ltr'><strong>in</strong></span> <span class='ocrx_word' id='word_1_717' title='bbox 1745 4685 2052 4741; x_wconf 88' lang='lat' dir='ltr'><strong>hominibus</strong></span> 
     </span>
    </p>
   </div>
   <div class='ocr_carea' id='block_1_92' title="bbox 487 4769 1494 4840">
    <p class='ocr_par' dir='ltr' id='par_1_92' title="bbox 487 4769 1494 4840">
     <span class='ocr_line' id='line_1_92' title="bbox 487 4769 1494 4840; baseline 0.007 -16"><span class='ocrx_word' id='word_1_718' title='bbox 487 4769 785 4826; x_wconf 84' lang='lat' dir='ltr'><strong>stabilitum</strong></span> <span class='ocrx_word' id='word_1_719' title='bbox 817 4773 1134 4829; x_wconf 88' lang='lat' dir='ltr'><strong>obliviscar.</strong></span> <span class='ocrx_word' id='word_1_720' title='bbox 1168 4773 1347 4840; x_wconf 85' lang='lat' dir='ltr'><strong>Quare</strong></span> <span class='ocrx_word' id='word_1_721' title='bbox 1382 4776 1494 4831; x_wconf 88' lang='lat' dir='ltr'><strong>ait:</strong></span> 
     </span>
    </p>
   </div>
   <div class='ocr_carea' id='block_1_93' title="bbox 557 4879 2051 4980">
    <p class='ocr_par' dir='ltr' id='par_1_93' title="bbox 557 4879 2051 4980">
     <span class='ocr_line' id='line_1_93' title="bbox 557 4879 2051 4980; baseline 0.004 -20"><span class='ocrx_word' id='word_1_722' title='bbox 557 4905 725 4964; x_wconf 75' lang='lat' dir='ltr'><strong>Vm.</strong></span> <span class='ocrx_word' id='word_1_723' title='bbox 780 4907 882 4976; x_wconf 71' lang='lat' dir='ltr'><strong>tt,</strong></span> <span class='ocrx_word' id='word_1_724' title='bbox 943 4908 1029 4962; x_wconf 72' lang='lat'><strong>15.</strong></span> <span class='ocrx_word' id='word_1_725' title='bbox 1101 4927 1120 4961; x_wconf 77' lang='grc' dir='ltr'><strong>σ</strong></span> <span class='ocrx_word' id='word_1_726' title='bbox 1172 4909 1316 4964; x_wconf 81' lang='lat' dir='ltr'><strong>Dixit</strong></span> <span class='ocrx_word' id='word_1_727' title='bbox 1369 4909 1539 4976; x_wconf 90' lang='lat' dir='ltr'><strong>Sion,</strong></span> <span class='ocrx_word' id='word_1_728' title='bbox 1610 4879 1907 4980; x_wconf 86' lang='lat' dir='ltr'><strong>Dereliquit</strong></span> <span class='ocrx_word' id='word_1_729' title='bbox 1966 4926 2051 4966; x_wconf 87' lang='lat' dir='ltr'><strong>me</strong></span> 
     </span>
    </p>
   </div>
   <div class='ocr_carea' id='block_1_94' title="bbox 487 4991 2052 5068">
    <p class='ocr_par' dir='ltr' id='par_1_94' title="bbox 487 4991 2052 5068">
     <span class='ocr_line' id='line_1_94' title="bbox 487 4991 2052 5068; baseline 0.004 -21"><span class='ocrx_word' id='word_1_730' title='bbox 487 4991 772 5061; x_wconf 88' lang='lat' dir='ltr'><strong>Dominus,</strong></span> <span class='ocrx_word' id='word_1_731' title='bbox 831 5003 886 5049; x_wconf 92' lang='lat' dir='ltr'><strong>et</strong></span> <span class='ocrx_word' id='word_1_732' title='bbox 939 4993 1199 5050; x_wconf 89' lang='lat' dir='ltr'><strong>Dominus</strong></span> <span class='ocrx_word' id='word_1_733' title='bbox 1239 4996 1438 5054; x_wconf 90' lang='lat' dir='ltr'><strong>oblitus</strong></span> <span class='ocrx_word' id='word_1_734' title='bbox 1481 5007 1564 5053; x_wconf 89' lang='lat' dir='ltr'><strong>est</strong></span> <span class='ocrx_word' id='word_1_735' title='bbox 1617 5001 1742 5054; x_wconf 89' lang='lat' dir='ltr'><strong>mei.</strong></span> <span class='ocrx_word' id='word_1_736' title='bbox 1781 4997 2052 5068; x_wconf 82' lang='lat' dir='ltr'><strong>Numquid</strong></span> 
     </span>
    </p>
   </div>
   <div class='ocr_carea' id='block_1_95' title="bbox 486 5085 2055 5154">
    <p class='ocr_par' dir='ltr' id='par_1_95' title="bbox 486 5085 2055 5154">
     <span class='ocr_line' id='line_1_95' title="bbox 486 5085 2055 5154; baseline 0.003 -14"><span class='ocrx_word' id='word_1_737' title='bbox 486 5085 841 5140; x_wconf 87' lang='lat' dir='ltr'><strong>obliviscetur</strong></span> <span class='ocrx_word' id='word_1_738' title='bbox 903 5087 1099 5141; x_wconf 90' lang='lat' dir='ltr'><strong>mulier</strong></span> <span class='ocrx_word' id='word_1_739' title='bbox 1151 5087 1246 5142; x_wconf 79' lang='lat' dir='ltr'><strong>lilii</strong></span> <span class='ocrx_word' id='word_1_740' title='bbox 1306 5090 1408 5154; x_wconf 85' lang='lat' dir='ltr'><strong>sui,</strong></span> <span class='ocrx_word' id='word_1_741' title='bbox 1449 5098 1506 5143; x_wconf 90' lang='lat' dir='ltr'><strong>ut</strong></span> <span class='ocrx_word' id='word_1_742' title='bbox 1566 5105 1672 5144; x_wconf 91' lang='lat' dir='ltr'><strong>non</strong></span> <span class='ocrx_word' id='word_1_743' title='bbox 1735 5090 2055 5144; x_wconf 87' lang='lat' dir='ltr'><strong>misereatur</strong></span> 
     </span>
    </p>
   </div>
   <div class='ocr_carea' id='block_1_96' title="bbox 487 5177 2056 5247">
    <p class='ocr_par' dir='ltr' id='par_1_96' title="bbox 487 5177 2056 5247">
     <span class='ocr_line' id='line_1_96' title="bbox 487 5177 2056 5247; baseline 0.003 -19"><span class='ocrx_word' id='word_1_744' title='bbox 487 5186 676 5247; x_wconf 82' lang='lat' dir='ltr'><strong>partus</strong></span> <span class='ocrx_word' id='word_1_745' title='bbox 701 5177 840 5231; x_wconf 90' lang='lat' dir='ltr'><strong>uteri</strong></span> <span class='ocrx_word' id='word_1_746' title='bbox 872 5178 1000 5232; x_wconf 88' lang='lat' dir='ltr'><strong>sui?</strong></span> <span class='ocrx_word' id='word_1_747' title='bbox 1031 5177 1251 5234; x_wconf 87' lang='lat' dir='ltr'><strong>Etiamsi</strong></span> <span class='ocrx_word' id='word_1_748' title='bbox 1271 5189 1450 5232; x_wconf 85' lang='lat' dir='ltr'><strong>autem</strong></span> <span class='ocrx_word' id='word_1_749' title='bbox 1481 5179 1674 5232; x_wconf 91' lang='lat' dir='ltr'><strong>horum</strong></span> <span class='ocrx_word' id='word_1_750' title='bbox 1698 5179 1861 5233; x_wconf 89' lang='lat' dir='ltr'><strong>oblita</strong></span> <span class='ocrx_word' id='word_1_751' title='bbox 1890 5179 2056 5234; x_wconf 78' lang='lat' dir='ltr'><strong>fuerit</strong></span> 
     </span>
    </p>
   </div>
   <div class='ocr_carea' id='block_1_97' title="bbox 486 5268 2053 5339">
    <p class='ocr_par' dir='ltr' id='par_1_97' title="bbox 486 5268 2053 5339">
     <span class='ocr_line' id='line_1_97' title="bbox 486 5268 2053 5339; baseline 0.002 -19"><span class='ocrx_word' id='word_1_752' title='bbox 486 5268 716 5333; x_wconf 88' lang='lat' dir='ltr'><strong>mulier,</strong></span> <span class='ocrx_word' id='word_1_753' title='bbox 754 5282 854 5339; x_wconf 90' lang='lat' dir='ltr'><strong>ego</strong></span> <span class='ocrx_word' id='word_1_754' title='bbox 881 5277 1059 5324; x_wconf 90' lang='lat' dir='ltr'><strong>tamen</strong></span> <span class='ocrx_word' id='word_1_755' title='bbox 1102 5271 1178 5325; x_wconf 92' lang='lat' dir='ltr'><strong>tui</strong></span> <span class='ocrx_word' id='word_1_756' title='bbox 1215 5285 1318 5324; x_wconf 93' lang='lat' dir='ltr'><strong>non</strong></span> <span class='ocrx_word' id='word_1_757' title='bbox 1347 5269 1660 5334; x_wconf 78' lang='lat' dir='ltr'><strong>obliviscar,</strong></span> <span class='ocrx_word' id='word_1_758' title='bbox 1695 5270 1828 5324; x_wconf 90' lang='lat' dir='ltr'><strong>dicit</strong></span> <span class='ocrx_word' id='word_1_759' title='bbox 1871 5270 2053 5324; x_wconf 84' lang='lat' dir='ltr'><strong>Domi-</strong></span> 
     </span>
    </p>
   </div>
   <div class='ocr_carea' id='block_1_98' title="bbox 487 5360 2055 5433">
    <p class='ocr_par' dir='ltr' id='par_1_98' title="bbox 487 5360 2055 5433">
     <span class='ocr_line' id='line_1_98' title="bbox 487 5360 2055 5433; baseline 0.002 -21"><span class='ocrx_word' id='word_1_760' title='bbox 487 5375 608 5414; x_wconf 85' lang='lat' dir='ltr'><strong>nus.</strong></span> <span class='ocrx_word' id='word_1_761' title='bbox 637 5379 657 5412; x_wconf 74' lang='grc' dir='ltr'><strong>ι</strong></span> <span class='ocrx_word' id='word_1_762' title='bbox 694 5360 858 5427; x_wconf 87' lang='lat' dir='ltr'><strong>Queis</strong></span> <span class='ocrx_word' id='word_1_763' title='bbox 914 5372 1100 5430; x_wconf 85' lang='lat' dir='ltr'><strong>aperte</strong></span> <span class='ocrx_word' id='word_1_764' title='bbox 1159 5362 1426 5433; x_wconf 80' lang='lat' dir='ltr'><strong>signiﬁcat</strong></span> <span class='ocrx_word' id='word_1_765' title='bbox 1482 5373 1666 5414; x_wconf 87' lang='lat' dir='ltr'><strong>veram</strong></span> <span class='ocrx_word' id='word_1_766' title='bbox 1715 5360 1842 5416; x_wconf 93' lang='lat' dir='ltr'><strong>Sion</strong></span> <span class='ocrx_word' id='word_1_767' title='bbox 1884 5361 2055 5415; x_wconf 65' lang='lat' dir='ltr'><strong>ruinae</strong></span> 
     </span>
    </p>
   </div>
   <div class='ocr_carea' id='block_1_99' title="bbox 488 5449 2056 5517">
    <p class='ocr_par' dir='ltr' id='par_1_99' title="bbox 488 5449 2056 5517">
     <span class='ocr_line' id='line_1_99' title="bbox 488 5449 2056 5517; baseline 0.003 -16"><span class='ocrx_word' id='word_1_768' title='bbox 488 5460 542 5502; x_wconf 90' lang='lat' dir='ltr'><strong>et</strong></span> <span class='ocrx_word' id='word_1_769' title='bbox 573 5452 742 5505; x_wconf 79' lang='lat' dir='ltr'><strong>exitio</strong></span> <span class='ocrx_word' id='word_1_770' title='bbox 772 5451 1059 5506; x_wconf 80' lang='lat' dir='ltr'><strong>obnoxiam</strong></span> <span class='ocrx_word' id='word_1_771' title='bbox 1093 5465 1202 5504; x_wconf 93' lang='lat' dir='ltr'><strong>non</strong></span> <span class='ocrx_word' id='word_1_772' title='bbox 1250 5464 1394 5515; x_wconf 90' lang='lat' dir='ltr'><strong>esse,</strong></span> <span class='ocrx_word' id='word_1_773' title='bbox 1439 5449 1534 5503; x_wconf 88' lang='lat' dir='ltr'><strong>sed</strong></span> <span class='ocrx_word' id='word_1_774' title='bbox 1581 5464 1795 5517; x_wconf 90' lang='lat' dir='ltr'><strong>semper</strong></span> <span class='ocrx_word' id='word_1_775' title='bbox 1833 5463 2056 5505; x_wconf 84' lang='lat' dir='ltr'><strong>manere</strong></span> 
     </span>
    </p>
   </div>
   <div class='ocr_carea' id='block_1_100' title="bbox 489 5541 2056 5613">
    <p class='ocr_par' dir='ltr' id='par_1_100' title="bbox 489 5541 2056 5613">
     <span class='ocr_line' id='line_1_100' title="bbox 489 5541 2056 5613; baseline 0.001 -19"><span class='ocrx_word' id='word_1_776' title='bbox 489 5549 545 5594; x_wconf 90' lang='lat' dir='ltr'><strong>et</strong></span> <span class='ocrx_word' id='word_1_777' title='bbox 610 5543 927 5599; x_wconf 89' lang='lat' dir='ltr'><strong>consistere.</strong></span> <span class='ocrx_word' id='word_1_778' title='bbox 996 5541 1184 5613; x_wconf 87' lang='lat' dir='ltr'><strong>Itaque</strong></span> <span class='ocrx_word' id='word_1_779' title='bbox 1240 5541 1284 5595; x_wconf 91' lang='lat' dir='ltr'><strong>si</strong></span> <span class='ocrx_word' id='word_1_780' title='bbox 1337 5541 1460 5612; x_wconf 90' lang='lat' dir='ltr'><strong>quis</strong></span> <span class='ocrx_word' id='word_1_781' title='bbox 1512 5555 1630 5594; x_wconf 90' lang='lat' dir='ltr'><strong>eam</strong></span> <span class='ocrx_word' id='word_1_782' title='bbox 1696 5541 2056 5610; x_wconf 89' lang='lat' dir='ltr'><strong>contemplari</strong></span> 
     </span>
    </p>
   </div>
   <div class='ocr_carea' id='block_1_101' title="bbox 490 5631 2054 5704">
    <p class='ocr_par' dir='ltr' id='par_1_101' title="bbox 490 5631 2054 5704">
     <span class='ocr_line' id='line_1_101' title="bbox 490 5631 2054 5704; baseline 0.001 -18"><span class='ocrx_word' id='word_1_783' title='bbox 490 5633 790 5701; x_wconf 83' lang='lat' dir='ltr'><strong>cupiat,.ne</strong></span> <span class='ocrx_word' id='word_1_784' title='bbox 822 5635 1070 5690; x_wconf 87' lang='lat' dir='ltr'><strong>deorsum</strong></span> <span class='ocrx_word' id='word_1_785' title='bbox 1103 5633 1396 5704; x_wconf 87' lang='lat' dir='ltr'><strong>respiciat,</strong></span> <span class='ocrx_word' id='word_1_786' title='bbox 1444 5646 1620 5702; x_wconf 88' lang='lat' dir='ltr'><strong>neque</strong></span> <span class='ocrx_word' id='word_1_787' title='bbox 1667 5631 1809 5688; x_wconf 87' lang='lat' dir='ltr'><strong>illam</strong></span> <span class='ocrx_word' id='word_1_788' title='bbox 1859 5633 1913 5688; x_wconf 91' lang='lat' dir='ltr'><strong>in</strong></span> <span class='ocrx_word' id='word_1_789' title='bbox 1952 5633 2054 5690; x_wconf 85' lang='lat' dir='ltr'><strong>Pa-</strong></span> 
     </span>
    </p>
   </div>
   <div class='ocr_carea' id='block_1_102' title="bbox 569 5833 1570 5909">
    <p class='ocr_par' dir='ltr' id='par_1_102' title="bbox 569 5833 1570 5909">
     <span class='ocr_line' id='line_1_102' title="bbox 569 5833 1570 5909; baseline 0.009 -21"><span class='ocrx_word' id='word_1_790' title='bbox 569 5835 614 5864; x_wconf 74' lang='lat'><strong>”</strong></span> <span class='ocrx_word' id='word_1_791' title='bbox 654 5833 769 5889; x_wconf 72' lang='lat' dir='ltr'><strong>Gul.</strong></span> <span class='ocrx_word' id='word_1_792' title='bbox 814 5850 884 5903; x_wconf 75' lang='grc' dir='ltr'><strong>ιν,</strong></span> <span class='ocrx_word' id='word_1_793' title='bbox 909 5837 998 5892; x_wconf 71' lang='lat'><strong>‘26.</strong></span> <span class='ocrx_word' id='word_1_794' title='bbox 1079 5839 1122 5870; x_wconf 78' lang='grc'><strong>¹⁹</strong></span> <span class='ocrx_word' id='word_1_795' title='bbox 1154 5838 1314 5896; x_wconf 81' lang='lat' dir='ltr'><strong>Hebr.</strong></span> <span class='ocrx_word' id='word_1_796' title='bbox 1351 5853 1445 5909; x_wconf 78' lang='lat' dir='ltr'><strong>xu,</strong></span> <span class='ocrx_word' id='word_1_797' title='bbox 1478 5839 1570 5896; x_wconf 71' lang='grc'><strong>29..</strong></span> 
     </span>
    </p>
   </div>
   <div class='ocr_carea' id='block_1_103' title="bbox 2153 4675 3724 4748">
    <p class='ocr_par' dir='ltr' id='par_1_103' title="bbox 2153 4675 3724 4748">
     <span class='ocr_line' id='line_1_103' title="bbox 2153 4675 3724 4748; baseline 0.003 -21"><span class='ocrx_word' id='word_1_798' title='bbox 2153 4675 2320 4730; x_wconf 84' lang='grc' dir='ltr'>τέκνα</span> <span class='ocrx_word' id='word_1_799' title='bbox 2344 4677 2764 4748; x_wconf 82' lang='grc' dir='ltr'>συστησάμενον,</span> <span class='ocrx_word' id='word_1_800' title='bbox 2797 4678 3054 4732; x_wconf 85' lang='grc' dir='ltr'>ἀδύνατόν</span> <span class='ocrx_word' id='word_1_801' title='bbox 3083 4681 3230 4732; x_wconf 78' lang='grc' dir='ltr'>ἐστιν</span> <span class='ocrx_word' id='word_1_802' title='bbox 3253 4678 3598 4733; x_wconf 71' lang='grc' dir='ltr'>ἐπιλαθέσθαι</span> <span class='ocrx_word' id='word_1_803' title='bbox 3627 4678 3724 4731; x_wconf 78' lang='grc' dir='ltr'>τοῦ</span> 
     </span>
    </p>
   </div>
   <div class='ocr_carea' id='block_1_104' title="bbox 2154 4767 3649 4842">
    <p class='ocr_par' dir='ltr' id='par_1_104' title="bbox 2154 4767 3649 4842">
     <span class='ocr_line' id='line_1_104' title="bbox 2154 4767 3649 4842; baseline 0.002 -21"><span class='ocrx_word' id='word_1_804' title='bbox 2154 4769 2212 4821; x_wconf 73' lang='grc' dir='ltr'>ἐν</span> <span class='ocrx_word' id='word_1_805' title='bbox 2245 4767 2547 4840; x_wconf 80' lang='grc' dir='ltr'>ἀνθρώποις</span> <span class='ocrx_word' id='word_1_806' title='bbox 2575 4769 2855 4834; x_wconf 76' lang='grc' dir='ltr'>θεοσεϐοῦς</span> <span class='ocrx_word' id='word_1_807' title='bbox 2888 4771 3293 4842; x_wconf 84' lang='grc' dir='ltr'>πολιτεύματος.</span> <span class='ocrx_word' id='word_1_808' title='bbox 3331 4773 3420 4826; x_wconf 86' lang='grc' dir='ltr'>Διό</span> <span class='ocrx_word' id='word_1_809' title='bbox 3455 4785 3649 4842; x_wconf 78' lang='grc' dir='ltr'>φησιν’</span> 
     </span>
    </p>
   </div>
   <div class='ocr_carea' id='block_1_105' title="bbox 2230 4896 3728 4975">
    <p class='ocr_par' dir='ltr' id='par_1_105' title="bbox 2230 4896 3728 4975">
     <span class='ocr_line' id='line_1_105' title="bbox 2230 4896 3728 4975; baseline 0.002 -22"><span class='ocrx_word' id='word_1_810' title='bbox 2230 4921 2248 4954; x_wconf 74' lang='grc' dir='ltr'><strong>ι</strong></span> <span class='ocrx_word' id='word_1_811' title='bbox 2286 4896 2420 4954; x_wconf 80' lang='grc' dir='ltr'>Εἶπε</span> <span class='ocrx_word' id='word_1_812' title='bbox 2453 4901 2610 4966; x_wconf 85' lang='grc' dir='ltr'>Σιὼν,</span> <span class='ocrx_word' id='word_1_813' title='bbox 2649 4903 3002 4973; x_wconf 81' lang='grc' dir='ltr'>Ἐγκατέλιπέ</span> <span class='ocrx_word' id='word_1_814' title='bbox 3027 4923 3091 4975; x_wconf 88' lang='grc' dir='ltr'><strong>με</strong></span> <span class='ocrx_word' id='word_1_815' title='bbox 3125 4905 3343 4975; x_wconf 73' lang='grc' dir='ltr'>Κύριος,</span> <span class='ocrx_word' id='word_1_816' title='bbox 3369 4905 3462 4958; x_wconf 78' lang='grc' dir='ltr'>καὶ</span> <span class='ocrx_word' id='word_1_817' title='bbox 3485 4905 3584 4967; x_wconf 77' lang='grc' dir='ltr'>ὅτι,</span> <span class='ocrx_word' id='word_1_818' title='bbox 3612 4903 3728 4956; x_wconf 83' lang='grc' dir='ltr'><strong>Κύ-</strong></span> 
     </span>
    </p>
   </div>
   <div class='ocr_carea' id='block_1_106' title="bbox 2157 4995 3725 5069">
    <p class='ocr_par' dir='ltr' id='par_1_106' title="bbox 2157 4995 3725 5069">
     <span class='ocr_line' id='line_1_106' title="bbox 2157 4995 3725 5069; baseline 0.001 -21"><span class='ocrx_word' id='word_1_819' title='bbox 2157 5013 2271 5068; x_wconf 86' lang='grc' dir='ltr'>ριος</span> <span class='ocrx_word' id='word_1_820' title='bbox 2298 4995 2587 5049; x_wconf 73' lang='grc' dir='ltr'>ἐπελάϐετό</span> <span class='ocrx_word' id='word_1_821' title='bbox 2617 5013 2738 5066; x_wconf 85' lang='grc' dir='ltr'>μου.</span> <span class='ocrx_word' id='word_1_822' title='bbox 2769 4998 2858 5068; x_wconf 84' lang='grc' dir='ltr'><strong>Μὴ</strong></span> <span class='ocrx_word' id='word_1_823' title='bbox 2887 4998 3198 5069; x_wconf 80' lang='grc' dir='ltr'>ἐπιλήσεται</span> <span class='ocrx_word' id='word_1_824' title='bbox 3225 4997 3361 5069; x_wconf 78' lang='grc' dir='ltr'>γυνὴ</span> <span class='ocrx_word' id='word_1_825' title='bbox 3383 4996 3484 5050; x_wconf 72' lang='grc' dir='ltr'><strong>τοῦ</strong></span> <span class='ocrx_word' id='word_1_826' title='bbox 3509 4996 3725 5053; x_wconf 73' lang='grc' dir='ltr'>παιδίου</span> 
     </span>
    </p>
   </div>
   <div class='ocr_carea' id='block_1_107' title="bbox 2156 5086 3725 5159">
    <p class='ocr_par' dir='ltr' id='par_1_107' title="bbox 2156 5086 3725 5159">
     <span class='ocr_line' id='line_1_107' title="bbox 2156 5086 3725 5159; baseline -0.001 -18"><span class='ocrx_word' id='word_1_827' title='bbox 2156 5089 2343 5159; x_wconf 77' lang='grc' dir='ltr'>αὐτῆς,</span> <span class='ocrx_word' id='word_1_828' title='bbox 2379 5087 2411 5158; x_wconf 76' lang='grc' dir='ltr'>ἢ</span> <span class='ocrx_word' id='word_1_829' title='bbox 2442 5086 2535 5139; x_wconf 79' lang='grc' dir='ltr'>τοῦ</span> <span class='ocrx_word' id='word_1_830' title='bbox 2575 5086 2650 5158; x_wconf 83' lang='grc' dir='ltr'>μὴ</span> <span class='ocrx_word' id='word_1_831' title='bbox 2684 5087 2899 5159; x_wconf 78' lang='grc' dir='ltr'>ἐλεῆσαι</span> <span class='ocrx_word' id='word_1_832' title='bbox 2930 5088 2999 5141; x_wconf 77' lang='grc' dir='ltr'>τὰ</span> <span class='ocrx_word' id='word_1_833' title='bbox 3031 5087 3226 5158; x_wconf 79' lang='grc' dir='ltr'>ἔκγονα</span> <span class='ocrx_word' id='word_1_834' title='bbox 3255 5089 3354 5159; x_wconf 83' lang='grc' dir='ltr'>τῆς</span> <span class='ocrx_word' id='word_1_835' title='bbox 3387 5089 3589 5151; x_wconf 81' lang='grc' dir='ltr'>κοιλίας</span> <span class='ocrx_word' id='word_1_836' title='bbox 3623 5089 3725 5142; x_wconf 57' lang='lat' dir='ltr'><strong>ab-</strong></span> 
     </span>
    </p>
   </div>
   <div class='ocr_carea' id='block_1_108' title="bbox 2155 5175 3727 5249">
    <p class='ocr_par' dir='ltr' id='par_1_108' title="bbox 2155 5175 3727 5249">
     <span class='ocr_line' id='line_1_108' title="bbox 2155 5175 3727 5249; baseline -0.002 -18"><span class='ocrx_word' id='word_1_837' title='bbox 2155 5179 2288 5249; x_wconf 83' lang='grc' dir='ltr'>τῆς;</span> <span class='ocrx_word' id='word_1_838' title='bbox 2317 5179 2377 5230; x_wconf 79' lang='grc' dir='ltr'><strong>Εἰ</strong></span> <span class='ocrx_word' id='word_1_839' title='bbox 2401 5177 2457 5232; x_wconf 80' lang='grc' dir='ltr'><strong>δὲ</strong></span> <span class='ocrx_word' id='word_1_840' title='bbox 2486 5179 2579 5232; x_wconf 79' lang='grc' dir='ltr'><strong>καὶ</strong></span> <span class='ocrx_word' id='word_1_841' title='bbox 2605 5176 2775 5231; x_wconf 79' lang='grc' dir='ltr'>ταῦτα</span> <span class='ocrx_word' id='word_1_842' title='bbox 2805 5178 3110 5232; x_wconf 82' lang='grc' dir='ltr'>ἐπιλάθοιτο</span> <span class='ocrx_word' id='word_1_843' title='bbox 3148 5178 3304 5249; x_wconf 78' lang='grc' dir='ltr'>γυνὴ,</span> <span class='ocrx_word' id='word_1_844' title='bbox 3338 5178 3453 5232; x_wconf 83' lang='grc' dir='ltr'>ἀλλ’</span> <span class='ocrx_word' id='word_1_845' title='bbox 3483 5175 3597 5245; x_wconf 76' lang='grc' dir='ltr'><strong>ἐγὼ</strong></span> <span class='ocrx_word' id='word_1_846' title='bbox 3623 5177 3727 5230; x_wconf 68' lang='grc' dir='ltr'><strong>οὐκ</strong></span> 
     </span>
    </p>
   </div>
   <div class='ocr_carea' id='block_1_109' title="bbox 2159 5263 3726 5340">
    <p class='ocr_par' dir='ltr' id='par_1_109' title="bbox 2159 5263 3726 5340">
     <span class='ocr_line' id='line_1_109' title="bbox 2159 5263 3726 5340; baseline -0.002 -19"><span class='ocrx_word' id='word_1_847' title='bbox 2159 5267 2485 5339; x_wconf 80' lang='grc' dir='ltr'>ἐπιλήσομαί</span> <span class='ocrx_word' id='word_1_848' title='bbox 2515 5285 2628 5330; x_wconf 89' lang='grc' dir='ltr'>σου,</span> <span class='ocrx_word' id='word_1_849' title='bbox 2653 5264 2773 5319; x_wconf 75' lang='grc' dir='ltr'>εἷπε</span> <span class='ocrx_word' id='word_1_850' title='bbox 2791 5269 3011 5340; x_wconf 83' lang='grc' dir='ltr'>Κύριος.</span> <span class='ocrx_word' id='word_1_851' title='bbox 3044 5287 3062 5320; x_wconf 70' lang='grc' dir='ltr'><strong>ι</strong></span> <span class='ocrx_word' id='word_1_852' title='bbox 3100 5271 3177 5321; x_wconf 83' lang='grc' dir='ltr'><strong>Δι’</strong></span> <span class='ocrx_word' id='word_1_853' title='bbox 3203 5263 3278 5322; x_wconf 80' lang='grc' dir='ltr'>ὧν</span> <span class='ocrx_word' id='word_1_854' title='bbox 3311 5269 3566 5339; x_wconf 84' lang='grc' dir='ltr'>ἄντικρυς</span> <span class='ocrx_word' id='word_1_855' title='bbox 3583 5283 3726 5337; x_wconf 85' lang='grc' dir='ltr'>παρ-</span> 
     </span>
    </p>
   </div>
   <div class='ocr_carea' id='block_1_110' title="bbox 2163 5357 3727 5431">
    <p class='ocr_par' dir='ltr' id='par_1_110' title="bbox 2163 5357 3727 5431">
     <span class='ocr_line' id='line_1_110' title="bbox 2163 5357 3727 5431; baseline -0.001 -20"><span class='ocrx_word' id='word_1_856' title='bbox 2163 5359 2337 5431; x_wconf 80' lang='grc' dir='ltr'>ίστησι</span> <span class='ocrx_word' id='word_1_857' title='bbox 2385 5360 2484 5431; x_wconf 81' lang='grc' dir='ltr'>τὴν</span> <span class='ocrx_word' id='word_1_858' title='bbox 2524 5357 2782 5430; x_wconf 80' lang='grc' dir='ltr'>ἀληθινὴν</span> <span class='ocrx_word' id='word_1_859' title='bbox 2819 5358 2958 5413; x_wconf 85' lang='grc' dir='ltr'>Σιὼν</span> <span class='ocrx_word' id='word_1_860' title='bbox 3004 5360 3252 5415; x_wconf 79' lang='grc' dir='ltr'>ἄπτωτον</span> <span class='ocrx_word' id='word_1_861' title='bbox 3283 5358 3420 5414; x_wconf 73' lang='grc' dir='ltr'>εἶναι</span> <span class='ocrx_word' id='word_1_862' title='bbox 3467 5361 3560 5412; x_wconf 59' lang='grc' dir='ltr'><strong>καὶ⁸</strong></span> <span class='ocrx_word' id='word_1_863' title='bbox 3590 5360 3727 5412; x_wconf 81' lang='grc' dir='ltr'>ἀκα-</span> 
     </span>
    </p>
   </div>
   <div class='ocr_carea' id='block_1_111' title="bbox 2164 5449 3723 5523">
    <p class='ocr_par' dir='ltr' id='par_1_111' title="bbox 2164 5449 3723 5523">
     <span class='ocr_line' id='line_1_111' title="bbox 2164 5449 3723 5523; baseline 0.001 -21"><span class='ocrx_word' id='word_1_864' title='bbox 2164 5451 2429 5523; x_wconf 89' lang='grc' dir='ltr'>θαίρετον,</span> <span class='ocrx_word' id='word_1_865' title='bbox 2459 5449 2545 5503; x_wconf 78' lang='grc' dir='ltr'>ἀεὶ</span> <span class='ocrx_word' id='word_1_866' title='bbox 2577 5451 2839 5519; x_wconf 80' lang='grc' dir='ltr'>μένουσαν</span> <span class='ocrx_word' id='word_1_867' title='bbox 2882 5451 2975 5505; x_wconf 73' lang='grc' dir='ltr'><strong>καὶ</strong></span> <span class='ocrx_word' id='word_1_868' title='bbox 3007 5451 3095 5505; x_wconf 74' lang='grc' dir='ltr'>διὰ</span> <span class='ocrx_word' id='word_1_869' title='bbox 3125 5452 3323 5516; x_wconf 78' lang='grc' dir='ltr'>παντὸς</span> <span class='ocrx_word' id='word_1_870' title='bbox 3361 5451 3723 5505; x_wconf 90' lang='grc' dir='ltr'>συνεστῶσαν.</span> 
     </span>
    </p>
   </div>
   <div class='ocr_carea' id='block_1_112' title="bbox 2167 5539 3726 5612">
    <p class='ocr_par' dir='ltr' id='par_1_112' title="bbox 2167 5539 3726 5612">
     <span class='ocr_line' id='line_1_112' title="bbox 2167 5539 3726 5612; baseline -0.001 -18"><span class='ocrx_word' id='word_1_871' title='bbox 2167 5543 2329 5597; x_wconf 81' lang='grc' dir='ltr'>Ὥστε.</span> <span class='ocrx_word' id='word_1_872' title='bbox 2365 5543 2417 5595; x_wconf 73' lang='grc' dir='ltr'>εἴ</span> <span class='ocrx_word' id='word_1_873' title='bbox 2446 5559 2527 5604; x_wconf 87' lang='grc' dir='ltr'><strong>τις</strong></span> <span class='ocrx_word' id='word_1_874' title='bbox 2572 5541 2628 5592; x_wconf 85' lang='grc' dir='ltr'>ὲν</span> <span class='ocrx_word' id='word_1_875' title='bbox 2673 5539 2872 5612; x_wconf 68' lang='grc' dir='ltr'>θεωρία</span> <span class='ocrx_word' id='word_1_876' title='bbox 2920 5542 3089 5612; x_wconf 78' lang='grc' dir='ltr'>αὐτῆς</span> <span class='ocrx_word' id='word_1_877' title='bbox 3135 5542 3382 5612; x_wconf 80' lang='grc' dir='ltr'>γενέσθαι</span> <span class='ocrx_word' id='word_1_878' title='bbox 3423 5542 3594 5605; x_wconf 81' lang='grc' dir='ltr'>ποθεῖ,</span> <span class='ocrx_word' id='word_1_879' title='bbox 3649 5539 3726 5610; x_wconf 82' lang='grc' dir='ltr'>μὴ</span> 
     </span>
    </p>
   </div>
   <div class='ocr_carea' id='block_1_113' title="bbox 2165 5629 3729 5707">
    <p class='ocr_par' dir='ltr' id='par_1_113' title="bbox 2165 5629 3729 5707">
     <span class='ocr_line' id='line_1_113' title="bbox 2165 5629 3729 5707; baseline -0.003 -19"><span class='ocrx_word' id='word_1_880' title='bbox 2165 5634 2314 5691; x_wconf 77' lang='grc' dir='ltr'>κάτω</span> <span class='ocrx_word' id='word_1_881' title='bbox 2341 5630 2769 5706; x_wconf 83' lang='grc' dir='ltr'>περιϐλεπέσθω,</span> <span class='ocrx_word' id='word_1_882' title='bbox 2809 5633 2925 5703; x_wconf 83' lang='grc' dir='ltr'>μηδ’</span> <span class='ocrx_word' id='word_1_883' title='bbox 2956 5635 3048 5689; x_wconf 74' lang='grc' dir='ltr'>ἐπὶ</span> <span class='ocrx_word' id='word_1_884' title='bbox 3079 5635 3176 5707; x_wconf 85' lang='grc' dir='ltr'>τῆς</span> <span class='ocrx_word' id='word_1_885' title='bbox 3207 5635 3574 5690; x_wconf 85' lang='grc' dir='ltr'>Παλαιστίνων</span> <span class='ocrx_word' id='word_1_886' title='bbox 3620 5629 3729 5702; x_wconf 76' lang='grc' dir='ltr'><strong>χώ-</strong></span> 
     </span>
    </p>
   </div>
  </div>
