4130 6390
421 362 527 421 437

1302 361 1809 419 COMMENTARIA
1849 362 1915 416 1N
1958 362 2213 418 lSAlAM.
2271 394 2322 402 —
2363 363 2513 418 CAP.
2557 360 2742 418 XLIX.

3556 362 3661 419 ‘38

423 496 526 551 ρας
554 477 725 549 αὐτὴν
755 475 1122 547 ἀναζητείτω·
1159 477 1403 530 ἀκουέτω
1434 479 1489 530 δὲ
1515 477 1608 530 τοῦ
1638 476 1772 530 Θεοῦ
1813 476 1998 545 λέγον-

2108 480 2430 534 [aestiuorum
2473 479 2689 547 regione
2736 474 3051 547 perquirat;
3103 474 3195 528 sed
3250 470 3439 527 audiat
3494 473 3662 528 Deum

423 587 514 634 τος
537 586 701 641 αυτ-η’

502 682 518 713 ι
572 662 700 714 Ἰδοὺ
727 661 820 714 ἐπὶ
860 660 968 713 τῶν
1004 660 1199 731 χειρῶν
1249 679 1350 731 μου
1394 661 1761 733 ἐζωγραφησά
1792 678 1883 712 σου
1930 677 1999 712 τα

424 754 603 823 τείχη,
641 762 735 805 καὶ
767 752 995 804 ἐνώπιόν
1036 770 1137 822 μου
1170 748 1220 804 εἴ
1248 753 1333 805 διὰ
1364 754 1583 816 παντός.
1623 773 1639 805 ι
1674 756 1863 825 Χεῖρες
1891 751 1997 822 γάρ

420 848 503 910 ὼς
543 845 757 916 ἀληθῶς
806 845 940 897 Θεοῦ
991 846 1089 916 τὴν
1135 845 1387 916 τοιαύτην
1431 846 1768 917 οἰκοδομοῦσι
1823 846 1996 911 πόλιν,

425 938 631 1011 μᾶλλον
672 936 730 989 δὲ
775 936 1122 989 διατυποῦσιν
1156 936 1324 1007 αὐτὴν
1373 938 1466 990 καὶ
1511 937 1996 1008 διαζωγράφουσιν,

424 1030 615 1098 ὥσπερ
640 1029 696 1081 ἐν
730 1026 953 1090 πίνακος
983 1030 1187 1098 γραφῇ,
1224 1030 1318 1082 καὶ
1348 1028 1762 1099 διαχαράττουσι
1786 1028 1884 1099 τὴν
1911 1028 2001 1080 θέ-

424 1141 515 1175 σιν
544 1122 637 1175 καὶ
664 1120 789 1184 τοὺς
816 1124 1012 1184 τόπους
1036 1121 1135 1190 τῆς
1164 1120 1304 1173 κατά
1327 1120 1460 1173 Θεοῦ
1490 1121 1762 1184 πολιτείας
1798 1122 1856 1173 ἐν
1882 1123 2001 1183 ταῖς

427 1215 537 1268 τῶν
569 1212 871 1284 ἀνθρώπων
898 1213 1096 1282 ψυχαῖς
1130 1211 1489 1282 συνεστώσης.
1524 1213 1588 1265 Ὃ
1628 1212 1690 1282 δὴ
1722 1212 1813 1264 καὶ
1842 1212 2001 1273 αὐτὸς

426 1307 527 1375 τῆς
577 1304 773 1357 ἐαυτοῦ
816 1304 1021 1367 πόλεως
1064 1304 1373 1374 οἰκοδόμος,
1410 1304 1611 1373 δηλαδὴ
1660 1305 1688 1356 ὁ
1728 1304 1821 1357 τοῦ
1865 1302 1999 1355 Θεοῦ

428 1397 620 1465 Λόγος,
661 1396 924 1459 ἐδίδασκε,
956 1395 1149 1463 λέγων,
1186 1414 1205 1448 ι
1260 1396 1383 1447 Ἐπὶ
1411 1396 1510 1465 τὴν
1550 1396 1754 1466 πέτραν
1797 1396 2001 1448 οἰκοδο-

426 1490 589 1560 μήσω
624 1505 724 1559 μου
758 1488 856 1557 τὴν
898 1487 1242 1557 Ἐκκλησίαν,
1277 1488 1370 1541 καὶ
1402 1487 1566 1540 πύλαι
1597 1486 1725 1558 ᾃδου
1756 1488 1816 1540 οὐ
1868 1503 2002 1539 κατ-

425 1578 743 1650 ισχύσουσιν
769 1578 954 1648 αὐτῆς.
972 1597 990 1630 ι

503 1688 524 1721 ι
564 1670 674 1725 Καὶ
702 1669 838 1739 ταχὺ
864 1668 1266 1741 οἱκοδομηθὴσῃ
1307 1670 1396 1739 ὑφ’
1429 1665 1505 1724 ὧν
1546 1669 1879 1742 καθῃρέθης,
1909 1669 2004 1723 καὶ

2096 573 2177 626 sic
2212 589 2327 624 cani
2363 571 2722 639 alloquentem
2769 588 2781 622 :

2168 660 2330 712 Vsus.
2368 657 2453 711 16.
2486 677 2503 709 ι
2537 658 2673 711 Ecce
2711 672 2871 723 super
2897 670 3086 710 manus
3119 670 3265 709 meas
3301 655 3515 726 depinxi
3547 673 3665 711 mn-

2100 770 2190 809 ros
2227 764 2362 817 tuos,
2413 763 2467 808 et
2517 753 2569 806 in
2624 761 2912 820 conspectu
2964 766 3081 805 meo
3116 766 3174 804 es
3203 766 3436 819 semper.
3468 769 3488 803 ›
3527 749 3661 804 Nam

2100 861 2290 900 manus
2324 845 2416 898 Dei
2445 858 2628 900 revera
2661 842 2963 910 hujusmodi
2998 844 3183 896 urbem
3222 843 3506 904 aediﬁcant,
3556 842 3664 895 imo

2099 938 2276 1008 potius
2330 936 2500 1005 ipsam
2555 933 2825 988 delineant
2883 943 2938 987 et
3001 934 3333 1002 depingunt.
3390 935 3541 1002 quasi
3610 934 3662 987 in

2100 1027 2295 1082 tabella
2328 1042 2451 1096 qua:
2483 1026 2812 1095 depingitur,
2864 1040 2927 1078 ac.
2958 1024 3123 1078 divini
3161 1025 3390 1078 instituti
3439 1025 3491 1078 in
3549 1025 3666 1077 ani-

2102 1120 2293 1173 mabus
2319 1119 2598 1172 hominum
2630 1116 2850 1171 stabiliti
2894 1116 3215 1185 positionem
3250 1124 3304 1169 et
3330 1115 3467 1180 loca,
3496 1115 3666 1169 linea-

2103 1211 2301 1265 mentis
2328 1210 2631 1279 designant.
2668 1209 2823 1275 Quod
2855 1209 3018 1261 etiam
3056 1208 3165 1275 ipse
3189 1223 3406 1276 quoque
3430 1209 3666 1262 civitatis

2101 1301 2355 1356 fundator
2391 1313 2446 1355 et
2471 1300 2675 1370 opifex,
2730 1299 2979 1353 videlicet
3028 1299 3121 1352 Dei
3177 1298 3435 1363 Verbum,
3485 1299 3669 1353 docuit

2102 1390 2453 1459 his‘verbis,
2493 1393 2715 1464 «Supra
2769 1402 2975 1462 petram
3030 1391 3306 1445 aediﬁcabo
3369 1389 3664 1445 Ecclesiam

2103 1501 2314 1550 meam,
2351 1496 2405 1543 et
2435 1496 2604 1556 porta:
2634 1485 2789 1539 inferi
2847 1499 2953 1538 non
2992 1483 3361 1553 praevalebunt
3410 1484 3668 1538 adversus

2102 1592 2220 1631 eam
2248 1578 2313 1630 ³⁸.
2342 1596 2360 1629 ι

2179 1668 2341 1724 Vsus.
2401 1668 2489 1722 i7.
2539 1667 2810 1736 «Citoque
2852 1666 3223 1731 ardiﬁcaberis,
3261 1682 3289 1720 a
3335 1666 3529 1736 quibus
3577 1668 3673 1719 do-

429 1760 478 1814 δί
523 1758 908 1830 ἐρημώσαντὲς
955 1775 1015 1810 σε
1056 1760 1430 1826 ἐξελεύσονται
1479 1762 1543 1814 ἐκ
1576 1760 1693 1814 σοῦ.
1738 1779 1758 1814 ι
1795 1761 2003 1832 Ὥσπερ

2108 1769 2306 1816 structa
2327 1777 2405 1828 es,
2424 1761 2585 1830 etqui
2607 1771 2657 1816 te
2683 1760 3081 1822 desolaveruut,
3108 1759 3527 1829 egredienturcx
3561 1768 3667 1812 te.»

422 1824 568 1922 γὰρ-
606 1824 847 1903 ζίουδαίοι
902 1850 1001 1919 τῆς
1057 1824 1427 1923 καθαιρέσεως
1485 1850 1653 1922 αὐτῆς
1715 1824 2001 1918 γεγόνασιν

2108 1854 2566 1920 Quemadmodum
2612 1854 2754 1908 enim
2795 1850 2961 1906 Judaei
3005 1849 3165 1919 hujus
3201 1850 3395 1905 excidii
3424 1860 3672 1904 auctores

424 1940 612 2002 αἴτιοι,
646 1938 787 1991 οὕτω
813 1939 975 1992 πάλιν
1002 1938 1060 2006 ἐξ
1093 1940 1259 2010 αὐτῆς
1288 1935 1426 2010 ἦσαν
1454 1940 1503 1991 οἱ
1531 1939 1632 2007 τῆς
1658 1938 1782 2001 νέας
1802 1937 2004 1990 οἰκοδο-

430 2032 539 2101 μῆς
560 2032 810 2102 ἐργάται·
837 2031 1121 2085 ἀπόστολοι
1141 2032 1382 2103 δηλονότι
1415 2030 1508 2083 τοῦ
1544 2032 1795 2101 Σωτῆρος
1824 2032 1856 2100 ή
1866 2029 2000 2099 μῶν,

433 2122 670 2194 μαθηταί
714 2138 777 2174 τε
815 2122 909 2174 καὶ
953 2122 1353 2190 εύαγγελισταὶ,
1391 2119 1457 2174 δι’
1502 2113 1577 2173 ὧν
1621 2122 1654 2190 ἡ
1711 2118 2004 2189 Ἐκκλησία

429 2214 522 2268 τοῦ
547 2212 684 2266 Θεοῦ
707 2214 1093 2285 ἀνεγήγερται.

509 2324 527 2356 ι
567 2300 736 2374 1Ἀρον
772 2304 955 2375 κύκλῳ
988 2306 1112 2368 τοὺς
1140 2303 1452 2376 ὀφθαλμούς
1483 2322 1598 2372 σου,
1626 2306 1719 2358 καὶ
1754 2305 1829 2358 ἴδε
1870 2306 2005 2359 πάν-

437 2413 531 2459 τας
550 2413 563 2425 ·
598 2395 702 2448 ἰδοῦ
734 2396 1079 2467 συνήχθησαν
1105 2398 1199 2449 καὶ¹
1230 2396 1460 2467 ἧλθοσαν
1490 2397 1623 2465 πρὸς
1649 2397 1727 2449 σέ.
1757 2395 1843 2449 Ζῶ
1872 2396 2002 2465 ἐγὼ,

433 2489 583 2557 λέγει
617 2490 834 2561 Κύριος,
871 2492 952 2544 ὅτι
986 2491 1195 2553 πάντας
1229 2491 1423 2553 αὐτοὺς
1450 2490 1526 2553 ὡς
1554 2490 1757 2561 κόσμον
1790 2492 2002 2561 ἐνδύσῃ,

430 2583 527 2635 καὶ
576 2581 893 2652 περιθήσεις
946 2582 1143 2645 αὐτοὺς
1185 2583 1261 2645 ὡς
1302 2583 1504 2651 κόσμον
1553 2582 1772 2653 νύμφῃο
1823 2585 1902 2635 ὅτι
1938 2582 2008 2636 τὰ

430 2668 613 2740 ἔρημά
647 2686 774 2735 σου,
812 2671 905 2723 καὶ
937 2670 1006 2724 τὰ
1052 2671 1478 2743 κατεφθαρμένα
1516 2672 1610 2725 καὶ
1659 2674 2004 2739 πεπτωκότα,

425 2762 509 2817 ὅτι
552 2762 649 2817 νῦν
694 2766 1087 2836 πενοχωρήσει
1130 2765 1238 2819 ἀπὸ
1284 2765 1392 2819 τῶν
1445 2764 1863 2830 κατοικούντων,
1914 2768 2009 2820 καὶ

433 2855 908 2926 μακρυνθήσονται
966 2858 1073 2911 ἀπὸ
1138 2858 1233 2911 σοῦ
1287 2859 1340 2911 οἱ
1403 2858 1790 2922 καταπίνοντές
1846 2876 1925 2911 σε.
1983 2878 2002 2911 ι

426 2946 720 3017 Θαυμάσαι
759 2947 816 3000 δὲ
843 2949 1009 3012 ἔστιν,
1031 2950 1178 3013 ὅπως
1224 2949 1360 3020 πρὸς
1395 2953 1463 3021 τῇ
1490 2949 1696 3020 διανοίᾳ
1737 2951 1828 3003 καὶ
1872 2950 2010 3004 κατά

427 3036 525 3107 τὴν
559 3039 797 3111 ἱστορίαν
820 3042 848 3092 ὁ
879 3042 1035 3109 λόγος
1065 3040 1365 3112 ἐπληροῦτο
1394 3040 1484 3093 τοῦ
1511 3042 1711 3105 παντὸς
1743 3042 2008 3095 Ἰουδαίων

427 3128 638 3193 ἔθνους,
664 3131 804 3201 μετὰ
827 3133 926 3204 τὴν
961 3132 1214 3186 σύστασιν
1246 3134 1343 3202 τῆς
1374 3132 1434 3196 ἐξ
1470 3133 1640 3186 ἐθνῶν
1683 3132 2008 3203 Ἐκκλησίας
2034 3166 2076 3225 C

427 3222 770 3292 ἀποὸλήτους
818 3225 1138 3294 γενομένους
1185 3224 1285 3294 τῆς
1334 3224 1596 3294 αἰσθητῆς
1647 3224 1857 3288 πόλεως
1908 3226 2008 3296 τῆς

429 3312 573 3367 κατὰ
611 3313 977 3385 Παλαιστίνην
1005 3315 1282 3386 κειμένης,
1319 3314 1456 3384 πρὸς
1493 3314 1555 3366 τὸ
1585 3315 1679 3368 καὶ
1704 3315 1797 3367 τοῦ
1826 3315 2008 3369 θεοσε-

431 3400 562 3465 ϐοῦς
588 3404 977 3475 πολιτεύματος
1003 3406 1271 3458 ἐκπεσεῖν.

511 3512 528 3546 ι
569 3493 783 3565 Ἐροῦσι
814 3494 922 3566 γὰρ
947 3497 1027 3559 είς
1051 3494 1121 3547 τὰ
1146 3488 1260 3548 ὦτά
1287 3512 1380 3547 σου
1410 3496 1457 3548 οἱ
1484 3494 1589 3548 υἱοί
1616 3512 1729 3561 σου,
1754 3495 1848 3559 οὒς
1874 3498 2009 3550 ἀπο-

429 3584 707 3650 λώλεκας·
758 3588 951 3652 Στενός
1001 3606 1090 3657 μοι
1136 3589 1164 3640 ό
1203 3588 1398 3651 τόπος·
1437 3588 1659 3658 ποίησόν
1704 3605 1794 3659 μοι
1824 3588 2007 3654 τόπον,

434 3676 523 3729 ἵνα
561 3665 890 3749 κατοικήσω.
942 3679 1050 3731 Καὶ
1100 3680 1245 3752 ἐρεῖς
1284 3681 1341 3732 ἐν
1390 3682 1455 3750 τῇ
1508 3680 1703 3752 καρδίᾳ
1748 3695 1861 3733 σου⁶
1916 3680 2010 3743 Τίς

432 3767 691 3841 ὲγέννησέ
734 3787 823 3840 μοι
862 3770 1117 3836 τούτους-;
1171 3770 1311 3840 Ἐγὼ
1342 3772 1400 3825 δὲ
1442 3772 1663 3836 ἄτεκνος
1710 3772 1802 3824 καὶ
1843 3773 2006 3843 χήρα·

430 3859 655 3923 τούτους
704 3861 761 3913 δὲ
809 3861 891 3924 τίς
924 3861 1181 3933 ἐξέθρεψέ
1232 3880 1350 3933 μοις
1402 3861 1513 3930 ἐγὼ
1548 3863 1606 3915 δὲ
1650 3861 2010 3933 κατελείφθην

436 3949 596 4019 μόνη,
627 3943 769 4002 οὗτοι
805 3950 863 4003 δέ
906 3967 995 4019 μοι
1040 3951 1142 4003 ποῦ
1175 3947 1351 4022 ﬂuctv;
1383 3970 1401 4001 ι
1447 3952 1552 4005 Τοῦ
1597 3954 1671 4013 ἐκ
1707 3953 2011 4023 περιτομῆς

433 4039 565 4091 λαοῦ
607 4040 666 4092 τὸ
694 4039 824 4092 πολὺ
859 4040 1058 4111 πλῆθος
1087 4043 1185 4112 τῆς
1241 4042 1566 4112 Ἐκκλησίας
1607 4042 1727 4095 καθ’
1760 4043 1886 4113 ὅλης
1910 4043 2010 4113 τῆς

439 4131 758 4202 οἰκουμένης
821 4131 880 4196 ἐξ
948 4133 1202 4186 ἁπάντων
1273 4134 1756 4206 ἀντεισαχθήσεται
1819 4134 2005 4189 ἐθνῶν.

433 4216 615 4274 τΗσαιν
645 4223 753 4293 γάρ
788 4241 917 4276 ποτε
949 4226 1005 4277 ἐν
1033 4223 1276 4295 ἀπωλείᾳ
1299 4226 1349 4277 οἱ
1383 4226 1471 4280 διὰ
1502 4226 1601 4297 τῆς
1624 4227 1893 4297 σωτηρίου
1921 4227 2012 4298 χά-

436 4332 583 4387 ριτος
632 4318 699 4386 τῇ
758 4317 1001 4388 πολιτείᾳ
1048 4317 1142 4370 τοῦ
1205 4318 1339 4370 Θεοῦ
1390 4319 1858 4391 προσδραμόντεςο
1916 4319 2011 4382 οὒς

432 4408 671 4481 ὁρῶσαή
728 4407 1020 4479 Ἐκκλησία
1058 4408 1149 4462 τοῦ
1184 4408 1318 4463 Θεοῦ
1347 4410 1723 4481 ἀποθαυμάσει
1756 4411 2006 4480 λέγουσα,

2106 1944 2256 1999 fuere
2281 1985 2296 2010 ,
2326 1945 2403 2000 sic
2442 1961 2657 1999 rursum
2695 1960 2761 1998 ex
2813 1943 2900 1997 illa
2952 1944 3268 2011 prodierunt
3305 1943 3425 1997 novi
3458 1941 3675 1996 auliﬁcii

2105 2038 2343 2091 artiﬁces
2373 2056 2385 2091 :
2424 2036 2650 2107 apostoli
2675 2036 2923 2091 videlicet
2948 2029 3246 2090 Salvatoris
3276 2035 3481 2097 nostri,
3510 2034 3675 2088 disci-

2105 2130 2213 2198 puli
2267 2137 2321 2183 et
2375 2127 2742 2198 evangelista,
2778 2142 3010 2204 quorum
3064 2140 3228 2195 opera
3281 2124 3523 2181 Ecclesia
3574 2122 3672 2178 Dei

2104 2222 2337 2278 excitata
2366 2221 2486 2273 fuit.

2175 2313 2337 2367 Vens.
2386 2311 2475 2376 18,
2529 2310 2614 2366 19.
2652 2329 2670 2363 ι
2699 2310 2842 2365 Leva
2879 2310 2929 2364 in
2954 2309 3183 2365 circuitu
3222 2308 3408 2363 oculos
3438 2316 3576 2372 tuos,
3616 2316 3675 2362 et

2103 2402 2225 2456 vide
2255 2416 2445 2455 omnes
2472 2420 2485 2454 :
2513 2415 2640 2455 ecce
2688 2400 2998 2469 congregati
3024 2408 3182 2465 sunt,
3213 2408 3267 2452 et
3305 2406 3568 2451 venerunt
3604 2397 3674 2449 ad

2107 2506 2177 2550 te.
2216 2492 2349 2548 Vivo
2371 2508 2489 2563 ego,
2516 2494 2645 2547 dicit
2668 2492 2945 2557 Dominus,
2977 2491 3225 2560 quoniam
3255 2489 3509 2543 omnibus
3544 2487 3670 2550 illis,

2108 2595 2378 2655 tamquam
2406 2590 2744 2650 ornamento,
2775 2582 3036 2647 indueris,
3069 2593 3124 2635 et
3148 2581 3524 2648 circumpones
3554 2578 3676 2631 illos

2108 2687 2379 2744 tamquam
2414 2685 2662 2728 ornatum
2714 2687 2925 2742 Sponsze
2956 2690 2969 2725 :
3004 2671 3259 2740 quoniam
3309 2670 3523 2723 deserta
3580 2678 3673 2723 tua

2105 2774 2162 2818 et
2186 2763 2446 2833 dissipata
2478 2775 2587 2828 tua,
2622 2772 2677 2818 et
2698 2778 2815 2831 qua:
2836 2762 3168 2826 ceciderunt,
3196 2776 3335 2814 nunc
3361 2759 3674 2829 angustiora

2107 2855 2237 2910 ﬁent
2268 2870 2379 2925 pne
2414 2853 2832 2917 habitatoribus,
2888 2861 2941 2907 et
2989 2851 3144 2920 longe
3196 2852 3521 2905 arcebuntur
3552 2865 3581 2902 a
3619 2859 3674 2904 te

2106 2947 2197 3015 qui
2224 2947 2512 3001 absorbent
2546 2955 2619 2998 te.
2646 2964 2664 2997 ι
2700 2944 2882 2998 Mirari
2902 2944 3045 2998 subit
3080 2958 3186 3011 quo
3211 2951 3366 3011 pacto
3390 2942 3531 3007 haec,
3559 2950 3669 2995 tum

2108 3041 2281 3109 quoad
2314 3038 2647 3109 spiritualem
2684 3036 3015 3106 intelligendi
3048 3037 3332 3098 rationem,
3362 3045 3470 3086 tum
3499 3039 3675 3103 quoad

2106 3127 2413 3195 historiam,
2447 3126 2715 3195 completa
2746 3126 2885 3190 sint;
2924 3139 3110 3193 nempe
3135 3139 3255 3177 cum
3275 3138 3405 3192 gens
3431 3121 3674 3183 Judaica,

2112 3230 2232 3290 post
2260 3220 2536 3275 fundatam
2570 3218 2866 3272 Ecclesiam
2905 3231 2970 3270 ex
3004 3214 3276 3285 gentibus,
3317 3230 3347 3266 a
3376 3214 3561 3268 sensili
3588 3213 3677 3266 illa

2110 3312 2245 3368 urbe
2273 3312 2573 3367 Palaestinae
2603 3308 2827 3379 expulsa
2870 3316 2988 3374 est,
3028 3306 3173 3377 quod
3205 3321 3233 3359 a
3269 3306 3370 3376 piae
3402 3305 3679 3374 religionis

2110 3406 2254 3461 cultu
2286 3405 2499 3473 delapsa
2531 3397 2705 3457 esset.

2183 3497 2345 3551 Vens.
2386 3495 2475 3561 20,
2523 3494 2613 3548 2|.
2672 3493 2906 3547 «Dicent
2934 3491 3078 3548 enim
3129 3492 3195 3545 ad
3245 3504 3405 3545 aures
3433 3499 3550 3544 tuas
3584 3488 3681 3544 ﬁlii

2112 3588 2212 3650 tui,
2250 3603 2385 3656 quos
2415 3585 2694 3655 perdidisti
2732 3603 2745 3640 :
2779 3586 3053 3654 Angustus
3094 3584 3222 3638 mihi
3255 3584 3404 3638 locus
3432 3591 3515 3637 est
3547 3596 3561 3634 :
3594 3582 3679 3636 fac

2111 3679 2241 3733 mihi
2272 3679 2470 3741 locum,
2503 3686 2561 3730 ut
2592 3677 2847 3731 habitem.
2869 3676 2937 3730 Et
2959 3677 3108 3730 dices
3133 3675 3186 3729 in
3214 3676 3376 3729 corde
3404 3684 3524 3728 tuo:
3551 3673 3683 3739 Quis

2111 3771 2293 3840 genuit
2339 3769 2468 3823 mihi
2500 3768 2676 3822 istos?
2718 3776 2774 3821 at
2819 3782 2919 3836 ego
2957 3768 3160 3835 absque
3187 3766 3373 3820 liberis
3403 3775 3457 3819 et
3484 3766 3677 3819 vidua:

2112 3863 2209 3917 hos
2238 3871 2415 3916 autem
2454 3860 2576 3929 quis
2623 3859 2885 3914 enutrivit
2919 3859 3105 3926 mihi‘ﬁ
3138 3859 3247 3929 Ego
3297 3867 3478 3911 autem
3519 3857 3680 3909 dere-

2111 3951 2237 4007 licta
2291 3968 2408 4006 sum
2443 3951 2554 4006 sola
2591 3969 2604 4006 :
2640 3951 2693 4004 hi
2727 3965 2863 4005 vero
2909 3951 3001 4005 ubi
3052 3958 3209 4005 erant
3268 3949 3441 4003 mihi?
3471 3967 3490 4000 ι
3549 3947 3683 4004 Vico

2113 4046 2290 4115 p0puli
2321 4060 2387 4100 ex
2426 4044 2875 4106 circumcisione,
2914 4044 3205 4097 multitudo
3258 4056 3450 4111 magna
3505 4050 3681 4121 totum

2112 4153 2206 4209 per
2233 4137 2418 4192 orbem
2453 4137 2503 4191 in
2536 4137 2830 4192 Ecclesiam
2859 4151 2923 4189 ex
2955 4136 3208 4190 erunibus
3250 4134 3499 4203 gentibus
3525 4133 3685 4188 indu-

2112 4240 2287 4285 cetur.
2318 4229 2458 4285 Olim
2504 4230 2703 4299 quippe
2757 4229 2808 4282 in
2859 4228 3099 4297 pernicie
3153 4235 3311 4279 erant
3343 4226 3402 4289 ii,
3438 4226 3530 4294 qui
3588 4239 3684 4292 per

2112 4324 2402 4377 salutarem
2443 4322 2675 4391 gratiam
2706 4319 2781 4372 ad
2808 4319 3005 4373 divinae
3054 4317 3330 4386 religionis
3376 4316 3677 4369 institutum

2112 4417 2465 4463 occurrerunt
2494 4427 2508 4463 :
2538 4407 2733 4478 quibus
2762 4407 3071 4475 conspectis
3116 4405 3355 4461 Ecclesia
3390 4405 3482 4459 Dei
3509 4404 3680 4458 admi-

441 4516 458 4548 ι
494 4499 588 4562 Τίς
612 4499 866 4570 ὲγέννησέ
893 4517 980 4570 μοι
1006 4498 1259 4565 τούτους;
1288 4520 1307 4553 ι
1335 4502 1395 4554 τὸ
1418 4501 1565 4565 ξένον
1587 4504 1686 4573 τῆς
1710 4502 1816 4555 τῶν
1840 4500 2007 4555 ἐθνῶν

2113 4499 2355 4554 rabunda
2394 4500 2557 4563 dicet,
2594 4517 2612 4550 ι
2637 4499 2769 4565 Quis
2801 4498 2931 4551 mihi
2973 4498 3134 4551 hosce
3155 4496 3382 4565 genuit?
3410 4515 3428 4546 ι
3465 4495 3532 4549 ad
3584 4512 3680 4549 no-

434 4582 678 4655 κλήσεως
708 4586 1147 4659 ἐκπληττομένη·
1183 4589 1507 4661 ὁμολογήσει
1543 4607 1604 4643 τε
1641 4590 1739 4662 τὴν
1776 4592 2009 4662 ἐπισυμ-

434 4673 608 4731 6ἄσαν
644 4677 780 4749 αὐτῇ
813 4679 877 4731 ἐκ
908 4678 1002 4731 τοῦ
1048 4678 1313 4736 Ἰουδαίων
1344 4681 1528 4745 ἔθνους
1554 4682 1827 4738 ἀτεκνίαν.

510 4872 532 4907 ι
571 4853 754 4921 Οὕτως
791 4855 937 4925 λέγει
978 4856 1179 4928 Κύριος
1219 4859 1421 4932 Κύριος
1445 4877 1458 4889 ·
1507 4861 1635 4917 Ἰδοὺ
1662 4861 1804 4933 αἴρω
1831 4864 1911 4924 είς
1938 4862 2011 4917 τά

434 4943 561 5019 ἔθνη
596 4948 694 5019 τὴν
726 4949 884 5020 χεῖρά
916 4966 1039 5019 μου,
1079 4950 1173 5003 καὶ
1221 4952 1302 5015 είς
1346 4951 1444 5016 τὰς
1485 4955 1682 5024 νήσους
1715 4953 1832 5024 ἀρῶ
1876 4954 2005 5009 σύσ-

439 5042 611 5111 σημόν
646 5059 768 5111 μου,
799 5043 891 5095 κα)⁵
929 5042 1115 5106 ἄξουσι
1138 5045 1265 5107 τοὺς
1288 5042 1437 5107 υἱούς
1467 5062 1559 5098 σου
1587 5047 1645 5101 ἐν
1674 5046 1879 5116 κόλπῳ,
1908 5045 2008 5111 τὰς

435 5133 492 5185 δὲ
528 5133 830 5203 θυγατέρας
880 5150 973 5186 σου
1030 5135 1115 5186 ἐπ’
1156 5133 1322 5206 ὤμων
1369 5136 1590 5205 ἀροῦσι·
1636 5157 1673 5207 γι
1720 5137 2004 5204 διδάσκων,

435 5226 517 5277 ὅτι
559 5226 706 5288 υἱοὺς
740 5225 910 5297 αὐτῆς
934 5226 1026 5278 καὶ
1070 5226 1391 5299 θυγατέρας,
1433 5230 1561 5299 περὶ
1601 5225 1675 5283 ὧν
1713 5225 1885 5296 εἶπεν,
1926 5231 2009 5284 ὅτι

440 5337 461 5371 ι
513 5313 674 5374 Οὗτοι
701 5320 759 5373 δέ
805 5336 892 5389 μοι
944 5320 1046 5373 ποῦ
1094 5316 1270 5391 ἦσαν;
1318 5340 1336 5373 ι
1386 5322 1450 5373 ἐκ
1497 5320 1598 5390 τῆς
1635 5322 1865 5392 ἐκλογῆς
1900 5321 2008 5375 τῶν

434 5410 605 5478 ἐθνῶν
633 5412 769 5483 πρὸς
792 5412 956 5484 αὐτὴν
982 5413 1217 5479 συνάξει.
1250 5413 1405 5476 Τίνες
1440 5411 1495 5465 δὲ
1520 5411 1677 5465 τοῦτο
1707 5412 2006 5484 πράξωσιν,

434 5503 471 5576 ἢ
513 5505 729 5567 πάντως
765 5521 866 5556 που
892 5506 939 5557 οἱ
965 5506 1090 5568 τοὺς
1126 5505 1514 5576 εἰσαγομένους
1545 5505 1625 5567 είς
1649 5505 1748 5575 τὴν
1784 5504 2012 5576 Ἐκκλη-

438 5595 557 5649 σίαν
579 5594 672 5649 τοῦ
708 5594 841 5648 Θεοῦ
877 5597 1338 5668 χειραγωγοῦντες
1372 5597 1459 5653 διὰ
1480 5596 1578 5669 τὴν
1595 5596 1806 5669 φρενῶν
1828 5595 2014 5667 νηπιό-

436 5702 577 5757 τητα
594 5702 610 5753 ;

508 5782 561 5813 "
592 5772 777 5837 Matth.
811 5796 921 5851 xw,
952 5784 1041 5841 {8.
1076 5765 1080 5771 ’

2113 4608 2232 4646 vam
2257 4602 2309 4646 et
2338 4592 2654 4646 insolentem
2690 4591 2927 4661 gentium
2953 4591 3289 4645 vocationem
3318 4589 3545 4643 attonita
3575 4605 3589 4641 :
3618 4606 3682 4642 ac

2112 4684 2453 4739 Sterilitatem
2493 4682 2595 4737 sibi
2647 4698 2677 4735 a
2730 4680 2956 4736 Judaica
3008 4689 3169 4750 gente
3218 4679 3498 4735 inductam
3551 4678 3687 4734 fate-

2112 4778 2278 4832 bitur.

2186 4868 2350 4922 Vens.
2397 4867 2487 4922 22.
2539 4886 2559 4920 ι
2608 4866 2701 4923 Sic
2735 4867 2867 4921 dicit
2905 4864 3166 4921 Dominus
3220 4862 3686 4920 DominuszEcco

2114 4960 2266 5014 elevo
2298 4975 2459 5029 super
2508 4969 2693 5030 gentes
2735 4973 2950 5013 manum
3003 4973 3215 5023 meam,
3275 4966 3330 5011 et
3375 4957 3440 5010 ad
3483 4956 3688 5008 insulas

2116 5051 2309 5106 levabo
2356 5052 2566 5122 signum
2602 5065 2777 5104 meum
2810 5067 2823 5103 :
2856 5056 2911 5102 et
2951 5049 3221 5102 adducent
3265 5045 3402 5100 ﬁlios
3453 5052 3575 5097 tuos
3631 5044 3685 5096 in

2116 5144 2257 5209 sinu,
2287 5151 2341 5196 et
2366 5142 2505 5196 ﬁlias
2534 5152 2655 5194 tuas
2690 5139 2927 5194 humeris
2955 5137 3246 5206 portabunt
3281 5154 3295 5188 :
3327 5154 3346 5186 ι
3385 5135 3604 5197 docens,
3629 5148 3690 5186 se

2117 5235 2256 5290 ﬁlios
2279 5246 2333 5288 et
2363 5234 2499 5287 ﬁlias
2524 5232 2678 5301 ejus,
2729 5232 2795 5285 de
2833 5230 3031 5299 quibus
3067 5228 3222 5291 dixit,
3261 5243 3279 5277 ι
3306 5224 3370 5279 Hi
3430 5238 3558 5276 vero
3598 5222 3687 5275 ubi

2115 5336 2270 5381 erant
2296 5326 2518 5380 mihi?»
2581 5340 2647 5379 ex
2690 5322 2956 5377 electione
2999 5320 3235 5388 gentium
3289 5316 3355 5369 ad
3392 5314 3686 5369 Ecclesiam

2118 5419 2476 5474 deducturum
2512 5431 2655 5471 esse.
2686 5414 2916 5481 Quinam
2949 5427 3076 5467 vero
3112 5412 3166 5465 id
3193 5407 3367 5462 acturi
3403 5417 3550 5471 sunt,
3585 5406 3687 5459 nisi

2118 5510 2209 5579 qui
2236 5509 2374 5565 alios
2401 5510 2466 5564 ad
2502 5508 2799 5563 Ecclesiam
2826 5506 2917 5560 Dei
2949 5504 3269 5558 accedentes
3298 5514 3456 5553 manu
3488 5500 3691 5553 ducunt

2121 5603 2190 5660 ob
2217 5615 2402 5659 eorum
2432 5600 2630 5658 mentis
2663 5597 3082 5655 imbecillitatem
3114 5602 3170 5649 et
3214 5591 3546 5647 infantiam!
