4130 6410
475 352 582 409 439
1145 349 1414 406 EUSEBll
1451 351 1937 409 CAESARIENSIS
1967 351 2119 411 OPP.
2159 355 2342 412 PARS
2379 356 2468 413 Ill.
2511 388 2583 400 —
2622 356 3037 418 EXEGETICA.

3614 369 3727 424 διο

548 466 712 520 Vens.
761 465 850 520 25.
899 483 918 515 ι
948 466 1014 520 Et
1043 477 1203 521 erunt
1248 482 1403 537 reges
1432 469 1641 524 nutritii
1677 470 1787 534 ttti,
1817 481 1872 525 et
1901 473 2026 543 regi

2219 492 2240 525 ‹
2286 476 2396 529 Καὶ
2436 475 2647 531 ἔσονται
2689 477 2922 548 βασιλεῖς,
2955 478 3163 551 τιθηνοί
3197 497 3312 545 σου,
3344 483 3404 535 at
3439 481 3496 535 δὲ
3527 483 3733 554 ἀρχουσ-⁷

472 572 558 612 me
590 572 776 612 eorum
806 598 821 624 ,
855 559 1094 614 nutrices
1121 569 1242 614 tute.
1276 578 1295 612 ι
1326 561 1475 625 Quod
1506 561 1571 615 ad
1594 562 1826 617 litteram
1857 565 2026 635 imple

2151 583 2239 619 σαι
2272 566 2469 634 αὐτῶν,
2493 569 2680 640 τροφοί
2705 586 2816 623 σου.
2854 589 2874 622 ι
2920 571 3096 640 Ὅπερ
3123 572 3214 625 καὶ
3252 571 3384 626 αύτό
3415 574 3556 628 κατά
3578 575 3734 642 λέξιν,

472 660 585 704 tum
613 649 743 720 ipsis
769 652 940 706 oculis
977 653 1285 729 cernimus,
1315 653 1443 706 dum
1489 654 1546 717 ii,
1590 655 1683 724 qui
1732 671 2026 725 supremun‘

2147 658 2518 730 πληρούμενον
2544 663 2726 727 αὐτοῖς
2761 663 2942 733 ἴδομεν
2981 663 3298 735 ὀφθαλμοῖς,
3328 667 3437 720 τῶν
3468 668 3727 739 κρατούν-

470 743 756 810 imperium
820 743 1112 808 obtinent,
1175 742 1475 799 Ecclesiam
1535 744 1628 800 Dei
1695 747 2026 801 nutritiorun

2145 764 2253 801 των
2280 751 2380 820 τῆς
2412 751 2671 806 ἀνωτάτω
2705 753 2877 825 ἀρχῆς
2914 751 3147 823 τιθηνῶν
3189 753 3388 824 τρόπον
3426 754 3725 807 διαόαστα-

469 836 647 889 instar
694 842 907 903 gestant
954 844 1008 889 et
1063 833 1290 889 fovent:
1327 848 1392 889 ac
1442 832 1647 902 reginas
1687 836 1947 904 gentium,
1987 837 2026 890 it

2146 842 2342 906 ζόντων
2366 841 2466 913 τὴν
2491 843 2583 896 τοῦ
2603 842 2739 897 Θεοῦ
2774 844 3099 914 Ἐκκλησίαν
3118 861 3137 875 ι
3152 845 3209 901 αἰ
3229 844 3287 897 δὲ
3307 845 3513 899 τούτων
3532 846 3733 917 ἀρχουα

466 935 574 992 est,
626 926 961 995 singularum
1005 925 1248 997 gentium
1279 934 1335 979 et
1361 926 1768 996 provinciarum
1796 926 2038 996 pmfecti

466 1026 524 1071 et
572 1017 943 1086 magistratus.
991 1031 1230 1086 superno
1272 1032 1439 1087 regno
1476 1017 1876 1084 ministrantes,
1916 1028 2039 1073 tan-

466 1124 629 1180 quam
687 1109 945 1174 nutrices,
995 1108 1328 1179 pauperibus
1378 1108 1638 1164 Ecclesia:
1691 1109 2041 1178 imperatorio

464 1209 600 1256 nutu
658 1214 932 1255 annonam
993 1199 1589 1269 suppeditantzquare
1635 1202 1877 1256 nutrices
1919 1200 2037 1269 ejus

467 1300 749 1357 vocantur,
779 1291 895 1345 sive
934 1290 1230 1345 secundum
1264 1288 1668 1362 Symmachum,
1726 1292 1855 1347 tlac
1896 1306 2037 1362 prat-

462 1384 654 1440 hentes
682 1399 698 1451 ;
731 1403 750 1436 ι
783 1383 863 1439 sic
902 1382 1046 1437 enim
1089 1383 1279 1452 habet,
1313 1402 1332 1436 ι
1365 1383 1431 1439 Ει
1466 1388 1670 1456 reginae
1711 1399 1896 1440 eorum
1953 1384 2036 1441 lac

460 1476 797 1546 pratbebttnt.
828 1494 846 1527 ι
919 1475 1050 1545 Quis
1119 1484 1298 1531 autem
1352 1487 1679 1532 memoratos
1754 1476 2039 1546 praefectos

462 1584 693 1626 cernens
726 1571 781 1624 in
822 1570 1062 1625 Ecclesia
1100 1569 1194 1625 Dei
1226 1585 1363 1641 genu
1398 1569 1649 1637 ﬂectere,
1697 1585 1763 1625 ac
1797 1570 1851 1625 in
1883 1568 2031 1624 fron-

462 1674 568 1717 tem
603 1662 753 1717 humi
788 1661 1143 1733 procumbere
1167 1700 1189 1726 ,
1228 1677 1336 1716 nun
1366 1662 1600 1717 fateatur
1631 1661 1772 1716 hanc
1800 1661 2032 1731 prophe-

458 1755 590 1808 tiam
618 1754 685 1808 ad
723 1752 963 1808 litteram
1001 1752 1325 1822 completam
1354 1767 1493 1817 esse,
1519 1768 1638 1822 quae
1675 1752 1877 1807 diserte
1905 1752 1979 1805 ait
2014 1771 2027 1807 :

2146 950 2256 999 σαι,
2286 933 2481 1005 δηλαδὴ
2508 937 2562 988 αἱ
2593 935 2713 990 καθ’
2742 937 2970 991 ἕκαστον
2999 935 3172 1001 ἔθνος,
3205 936 3299 991 καὶ
3337 937 3460 992 καθ’
3482 939 3724 1010 ἑκάστην

2143 1025 2410 1096 ἐπαρχίαν
2451 1026 2618 1097 ἀρχαι
2648 1027 2743 1080 καὶ
2775 1026 3038 1094 ἐξουσίαι,
3071 1030 3137 1099 τῇ
3177 1028 3438 1083 ἀνωτάτω
3472 1027 3723 1101 βασιλείᾳ.

2140 1115 2549 1188 διακονούμεναι
2597 1117 2812 1189 τροφῶν
2848 1119 3004 1190 δίκην
3058 1119 3559 1192 ἐξυπηρετούμεναι
3606 1126 3722 1187 τοῖς

2140 1208 2343 1262 ἐνδεέσι
2364 1212 2466 1281 τῆς
2509 1210 2854 1282 Ἐκκλησίας,
2885 1210 3113 1283 νεύματι
3152 1212 3435 1285 βασιλικῷ,
3466 1213 3535 1268 τά
3566 1231 3720 1285 σιτη-

2144 1296 2296 1369 ρέσια
2326 1296 2661 1369 χορηγοῦσαι
2674 1300 2882 1363 αὐτοῖς’
2904 1300 2984 1353 διὸ
3004 1301 3178 1373 τροφὴ
3206 1302 3283 1373 (ι)
3319 1303 3489 1375 αὐτῆς
3503 1304 3729 1375 ὼνομάς.

2142 1385 2380 1458 «θησαν,
2413 1387 2447 1459 ἢ
2478 1387 2623 1441 κατά
2648 1387 2741 1442 τὸν
2787 1387 3102 1459 Σύμμαχον,
3156 1408 3174 1441 t
3214 1389 3492 1461 γαλοῦχοι,
3541 1407 3562 1443 ι
3613 1393 3724 1463 φή..

2141 1493 2331 1540 σαντα,
2368 1496 2386 1527 t
2439 1478 2549 1533 Καὶ
2589 1479 2855 1550 ἄρχουσαι
2886 1477 3065 1532 αὐτῶν
3101 1477 3520 1551 γαλουχήσουσι.
3570 1498 3590 1533 ι
3621 1481 3727 1543 Τίς

2137 1567 2193 1622 δὲ
2217 1567 2513 1640 ὀφθαλμοῖς
2550 1569 2694 1641 ὁρῶν
2723 1569 2823 1633 τὰς
2862 1569 3159 1642 εἰρημένας
3189 1568 3364 1641 ἀρχὰς
3386 1569 3446 1624 ἐν
3477 1572 3544 1642 τῇ
3590 1571 3723 1625 Ἑκ-

2140 1659 2339 1732 κλησίᾳ
2373 1661 2468 1714 τοῦ
2506 1660 2646 1715 Θεοῦ
2668 1661 2797 1730 γϐνυ
2832 1661 3211 1733 καμπτούσας,
3238 1660 3335 1715 καὶ
3366 1660 3428 1715 τὸ
3469 1654 3720 1733 μέτωπον

2137 1749 2447 1822 ἐρειδούσας
2488 1751 2582 1804 ἐπὶ
2625 1751 2720 1804 τοῦ
2754 1750 3013 1821 ἐδάφους,
3042 1752 3141 1821 οὐχ
3184 1750 3534 1824 ὁμολογήσειε
3577 1752 3723 1824 πρὸς

462 1862 481 1894 ι
511 1843 688 1912 Super
737 1841 930 1898 faciem
963 1849 1122 1897 terra:
1159 1842 1467 1898 adorabunt
1514 1856 1602 1908 te,
1642 1851 1699 1896 et
1750 1840 2022 1912 pulverem

2130 1841 2270 1910 λέξιν
2301 1843 2395 1897 καὶ
2430 1843 2566 1915 πρὸς
2597 1844 2837 1916 ἱστορίαν
2874 1842 3030 1907 τέλος
3070 1842 3352 1914 εἰληφέναι
3379 1843 3583 1913 ταύτην
3615 1844 3724 1913 τὴν

454 1935 657 2004 pedum
688 1942 902 1992 tuorum
937 1934 1168 2007 lingent.
1211 1934 1276 1990 Et
1312 1936 1455 1991 scies
1483 1935 1609 2005 quia
1641 1949 1741 2005 ego
1781 1950 1899 1988 sum
1928 1934 2030 1988 Do-

455 2027 666 2093 minus,
695 2035 880 2082 etnon
917 2026 1343 2091 confundentur,
1387 2029 1478 2098 qui
1520 2036 1842 2097 exspectant
1885 2028 1977 2083 te?
2006 2047 2025 2080 ι

448 2113 563 2169 Par
594 2126 678 2170 est
709 2116 852 2170 enim
882 2131 988 2169 non
1015 2115 1075 2169 in
1099 2116 1385 2184 segnitiem
1419 2116 1593 2172 delabi
1618 2156 1634 2183 ,
1684 2131 1860 2186 neque
1883 2131 2033 2188 spem

450 2209 846 2276 promissorum
873 2208 1125 2261 amittere
1156 2217 1283 2263 ante
1308 2222 1488 2262 rerum
1519 2219 1794 2264 eventum.

2135 1936 2492 2008 προφητείαν,
2507 1935 2803 2007 διαρρήδην
2830 1936 3098 2007 φήσασαν,
3121 1954 3147 1988 ι-
3163 1934 3285 1988 Ἐπὶ
3303 1935 3591 2008 πρόσωπον
3614 1937 3725 2005 τῆς

2134 2028 2239 2098 γῆς
2268 2028 2709 2099 προσκυνήσουσί·
2734 2043 2837 2091 σοι,
2867 2027 2960 2081 καὶ
2986 2027 3078 2081 τὸν
3117 2026 3247 2099 χοῦν
3276 2026 3386 2081 τῶν
3415 2026 3591 2081 ποδῶν
3619 2044 3720 2080 σου

2136 2118 2393 2186 λείξουσι.
2423 2120 2531 2173 Καὶ
2551 2118 2760 2192 γνώσῃ,
2784 2120 2868 2173 ὃτι
2887 2118 2997 2189 ἐγὼ
3017 2119 3243 2192 Κύριος,
3268 2121 3362 2173 καὶ
3384 2120 3485 2172 οὐκ
3505 2121 3728 2190 αἰσχύνει

2140 2207 2396 2280 θήσονται
2436 2210 2486 2262 οἱ
2529 2209 2890 2280 ὑπομένοντές
2936 2226 3032 2275 σε;
3084 2228 3103 2262 ι
3158 2209 3338 2265 Καλὸν
3378 2209 3487 2281 γὰρ
3521 2209 3582 2262 τὸ
3638 2209 3716 2280 μὴ

445 2301 736 2374 ὀλιγωρεῖν
765 2303 898 2374 μηδὲ
927 2302 1328 2371 ἀπογινώσκειν
1367 2302 1467 2375 τὴν
1496 2302 1687 2359 ἐλπίδα
1723 2304 1833 2360 τῶν
1863 2304 2289 2377 ἐπηγγελμένων
2323 2303 2430 2376 πρὸ
2466 2306 2566 2376 τῆς
2594 2304 2703 2358 τῶν
2737 2302 3075 2375 πραγμάτων
3107 2303 3406 2366 ἐκϐάσεως.

522 2392 686 2451 Vens.
715 2395 805 2449 24.
843 2413 863 2447 ι
892 2394 1030 2449 Num
1075 2396 1306 2467 accipiet
1342 2397 1466 2467 quis
1493 2412 1523 2452 a
1547 2399 1762 2468 gigante
1801 2399 1971 2468 spolia
2003 2400 2027 2452 ’ἒ

448 2496 507 2543 et
549 2487 592 2540 si
626 2485 752 2556 quis
791 2487 1065 2556 captivum
1109 2487 1326 2544 duxerit
1359 2490 1594 2558 injuste,
1620 2490 1918 2546 salvahitur
1947 2491 1971 2545 ?
2003 2511 2021 2544 ι

447 2576 733 2647 Gigantem
779 2585 936 2633 vocat
974 2578 1247 2635 diabolum
1292 2587 1347 2633 et
1378 2580 1744 2633 adversariam
1788 2590 2029 2649 potesta-

448 2673 578 2716 tem.
612 2660 885 2732 Numquid
936 2663 1121 2733 igitur,
1156 2664 1265 2728 ait,
1313 2674 1504 2719 contra
1551 2665 1820 2735 gigantem
1852 2669 2031 2737 quivis

444 2752 726 2822 congredi,
763 2768 824 2808 ac
848 2753 982 2807 tanti
1001 2754 1211 2809 roboris
1242 2754 1359 2809 viro
1388 2754 1560 2824 spolia
1590 2755 1799 2822 eripere
1822 2756 2031 2812 valeat?

445 2844 601 2913 Quod
622 2846 666 2901 si
688 2846 809 2915 quis
833 2845 992 2900 talem
1019 2845 1295 2902 hominem
1327 2846 1597 2917 captivum
1626 2847 1895 2902 abducere
1915 2857 2031 2903 ten-

445 2940 664 3005 taverit,
698 2940 799 2994 etsi
834 2937 983 3007 juste
1025 2947 1168 3008 agat,
1207 2953 1274 2992 an
1309 2953 1406 3007 pro
1437 2939 1653 2994 insonte
1690 2939 1981 2995 habebitur
2003 2941 2034 2995 ἰ

445 3033 643 3087 Annon
679 3047 709 3085 a
753 3033 998 3103 gigante,
1036 3041 1220 3101 utpote
1258 3046 1287 3084 a
1329 3031 1586 3095 fortiore,
1620 3041 1926 3102 correptus,
1958 3033 2028 3088 de

2207 2413 2227 2446 ι
2262 2394 2352 2467 Μὴ
2380 2394 2608 2467 λήψεταί
2658 2412 2743 2459 τις
2791 2396 2941 2468 παρά
2972 2396 3226 2464 γίγαντος
3256 2394 3460 2460 σκῦλα;
3493 2395 3586 2448 καὶ
3621 2394 3719 2447 ἐὰν

2135 2486 2546 2558 αἰχμαλωτεύσῃ
2569 2504 2652 2550 τις
2689 2487 2891 2551 ἀδίκως
2907 2526 2921 2551 ,
2950 2486 3252 2558 σωθήσεται
3276 2502 3290 2551 ;
3325 2505 3343 2538 ι
3364 2486 3596 2554 γίγαντα
3619 2502 3718 2557 ση-

2139 2578 2344 2650 μαίνων
2389 2579 2481 2631 τὸν
2520 2578 2764 2633 διάϐολον
2812 2580 2906 2632 καὶ
2931 2578 3030 2648 τὴν
3058 2577 3437 2650 ἀντικειμένην
3461 2578 3715 2649 δύναμιν.

2136 2671 2285 2741 Μήτι
2313 2666 2405 2724 οῦν
2428 2670 2508 2740 τῷ
2539 2670 2773 2741 τυχόντι,
2803 2670 2958 2741 φησὶ,
2982 2670 3202 2724 δυνατόν
3226 2670 3343 2723 ἐστι
3374 2670 3585 2739 γίγαντι
3607 2686 3711 2721 πα-

2141 2761 2495 2832 ρατάξασθαι,
2535 2761 2628 2815 καὶ
2663 2762 2952 2816 σκυλεῦσαι
2978 2762 3066 2816 τὸν
3087 2759 3259 2824 οὕτως
3284 2762 3536 2832 ἰσχυρόν;
3566 2761 3627 2814 Εἰ
3653 2759 3710 2814 δὲ

2135 2856 2230 2908 καὶ
2271 2857 2638 2929 ἐπιχειρήσειέ
2679 2874 2764 2921 τις
2812 2857 2905 2911 τὸν
2954 2856 3194 2910 τοιοῦτον
3249 2854 3717 2927 αἰχμαλωτεῦσαι,

2134 2947 2359 3011 δικαίως
2376 2948 2434 3001 δὲ
2459 2950 2647 3014 ποιῶν,
2674 2945 2784 3021 ἆρα
2806 2948 3191 3021 ἀθωιιιθήσεται
3213 2965 3228 3014 ;
3256 2949 3391 3019 υύχί
3419 2946 3715 3020 κρατηθεὶς

2135 3039 2241 3092 ὑπὸ
2280 3038 2374 3091 τοῦ
2402 3039 2675 3108 γίγαντος,
2719 3040 2796 3103 ὡς
2828 3041 2918 3094 ὑπ’
2965 3040 3332 3112 ἰσχυροτέρου,
3382 3039 3713 3094 κινδυνεύσει

446 3125 621 3179 salute
669 3125 1068 3195 periclitabitur
1105 3125 1132 3179 ‘I
1164 3124 1269 3179 Pro
1310 3124 1400 3178 illo
1425 3133 1629 3191 autem,
1665 3143 1684 3177 ι
1730 3126 1963 3195 injuste,
2002 3144 2022 3179 ι

2131 3131 2271 3204 περιρ
2287 3131 2386 3202 τῆς
2412 3131 2575 3184 αὑτοῦ
2598 3132 2904 3203 σωτηρίας
2945 3110 3099 3186 ’Λντι
3122 3132 3179 3186 δὲ
3217 3110 3331 3196 τοῦ,
3360 3150 3381 3183 t
3418 3131 3634 3196 ἀδίκως,
3682 3149 3707 3182 ι

448 3216 711 3273 Hebraica
744 3218 930 3284 lectio,
965 3236 988 3270 ι
1013 3218 1184 3289 juste,
1213 3236 1232 3270 ι
1269 3216 1451 3272 habet.
1471 3216 1605 3271 Nam
1644 3218 1733 3287 qui
1761 3218 2026 3290 gigantem

2130 3223 2161 3293 ἡ
2241 3221 2501 3295 Ἐϐραῖκὴ
2548 3222 2713 3290 λέξις,
2766 3243 2785 3276 t
2822 3224 3066 3290 δικαίως,
3113 3243 3133 3277 ι
3183 3224 3447 3297 περιέχει.
3487 3224 3545 3278 ’0
3596 3223 3713 3298 γὰρ

444 3311 722 3379 captivum
776 3311 1020 3376 duxerit,
1059 3310 1207 3381 juste
1238 3323 1369 3366 sane
1414 3318 1561 3382 agat,
1596 3310 1904 3381 pariterque
1936 3311 2026 3381 qui

2130 3312 2555 3383 αἰχμαλωτεύων
2577 3314 2829 3383 γίγαντα,
2850 3314 3073 3380 δικαίως
3111 3315 3272 3369 τοῦτο
3309 3317 3572 3388 ποιήσειε,
3614 3314 3714 3371 καὶ

445 3403 565 3471 ejus
595 3403 764 3472 spolia
797 3404 1102 3472 diripuerit.
1584 3400 1590 3406 ’

2130 3403 2155 3455 ὁ
2182 3401 2455 3457 σκυλεύων
2477 3404 2659 3471 αὑτὸν,
2690 3405 2915 3476 ὁμοίως.

520 3499 553 3549 ν
564 3508 682 3548 Eas.
706 3493 796 3548 25.
818 3513 837 3547 ι
855 3493 1118 3562 Quoniam
1149 3494 1229 3551 sic
1252 3494 1383 3550 dicit
1418 3495 1679 3551 Dominus
1699 3515 1713 3552 :
1730 3495 1785 3552 Si
1802 3498 1923 3566 quis
1940 3513 2026 3554 ce-

2202 3512 2222 3546 (
2260 3494 2379 3548 Ὅτι
2412 3494 2555 3548 οὕτω
2575 3494 2725 3564 λέγει
2753 3496 2977 3568 Κύριος’
3023 3498 3151 3553 Ἐάν
3172 3516 3256 3563 τις
3286 3497 3706 3572 αίχμαλωτεύσῃ

442 3583 583 3654 perit
615 3584 1151 3655 gigantem,accipiet
1173 3587 1343 3656 spolia
1373 3606 1388 3644 :
1413 3588 1502 3656 qui
1532 3597 1712 3645 autem
1750 3592 2026 3661 acceperit

2130 3586 2377 3655 γίγαντα,
2412 3586 2637 3659 λήψεται
2663 3587 2852 3655 σκῦλα,
2900 3589 3192 3660 λαμϐάνων
3222 3590 3280 3643 δὲ
3316 3591 3448 3661 παρ’
3491 3587 3701 3659 ἰσχύον-

441 3693 471 3732 a
497 3678 647 3744 forti,
667 3679 978 3735 salvabitnr.
1007 3679 1121 3751 Ego
1137 3688 1319 3736 autem
1347 3681 1612 3750 judicium
1645 3692 1794 3737 tuum
1814 3683 2027 3752 judica-

443 3769 535 3834 bo,
570 3781 622 3824 et
643 3770 780 3827 ﬁlios
809 3787 958 3828 meos
989 3788 1201 3828 eruam.
1241 3792 1261 3828 ι
1297 3773 1500 3843 Aperte
1526 3775 1812 3831 declarans
1843 3775 2024 3843 nobis,

442 3863 496 3919 id
532 3866 707 3921 solum
738 3866 855 3922 ﬁeri
882 3883 1065 3938 posse,
1104 3878 1164 3924 ιιι
1186 3868 1428 3940 praedicti
1473 3868 1707 3925 hominis
1732 3871 1901 3942 spolia
1925 3887 2026 3925 au-

442 3955 730 4026 ferantur;
758 3960 896 4016 filios
928 3976 1056 4016 suos
1099 3961 1185 4016 his
1223 3960 1573 4031 significans;
1603 3978 1772 4034 quare
1809 3964 2023 4029 subdit,

447 4067 470 4101 ι
505 4049 672 4130 Filips
700 4066 886 4105 eruam
913 4069 930 4113 ;
959 4071 979 4103 ι
998 4051 1193 4120 quibus
1218 4052 1441 4122 ereptis,
1459 4053 1550 4123 qui
1586 4053 1732 4123 ipsos
1761 4054 2027 4111 violenter

444 4141 814 4205 abstulerant,
840 4157 967 4197 suas
996 4143 1097 4214 ipsi
1133 4157 1326 4198 carnes
1360 4144 1662 4199 comedent.
1698 4145 1832 4200 Cum
1878 4147 2021 4202 enim

446 4232 672 4288 aliorum
712 4248 904 4291 carnes
942 4249 1048 4290 non
1088 4234 1230 4289 ultra
1267 4234 1559 4291 comedere
1601 4245 1862 4306 possent,
1896 4252 2023 4292 suas

444 4310 760 4392 comedent,
796 4334 851 4381 et
881 4341 1003 4380 cum
1048 4326 1352 4380 animarum
1397 4325 1673 4380 hominum
1708 4311 2030 4397 sanguinem.

445 4415 665 4472 ebibere
690 4434 794 4472 non
824 4420 1059 4488 valeant,
1092 4418 1410 4490 sanguinem
1432 4432 1588 4473 suum
1612 4418 1821 4487 bibent,
1851 4426 1910 4474 ut
1930 4419 2019 4475 illo

444 4504 743 4562 inebrientu
753 4525 796 4564 r.

519 4598 682 4653 Vens.
707 4599 797 4655 26.
842 4621 862 4653 ι
896 4602 963 4656 Et
984 4601 1268 4658 comedent
1290 4600 1381 4672 qui
1407 4600 1795 4656 tribulaverunt
1821 4611 1878 4658 te
1894 4616 2019 4658 cars

445 4702 544 4744 nes
571 4705 719 4755 suas,
749 4700 805 4746 et
837 4693 1038 4760 bibent,
1075 4696 1227 4764 quasi
1251 4696 1438 4749 vinum'
1462 4708 1683 4758 novum,
1705 4694 2016 4765 sanguinem

444 4794 622 4847 auum,
650 4789 705 4836 et
733 4782 1164 4840 inebriabnntnr.
1200 4806 1219 4838 ι
1251 4784 1376 4840 Haec
1415 4796 1643 4855 possunt
1669 4786 1737 4838 ad
1762 4800 2018 4854 persecu-

444 4881 592 4927 tores
625 4872 879 4929 Ecclesiae
900 4875 1122 4946 Dci,qui
1152 4893 1248 4948 per
1276 4888 1514 4945 tempora
1536 4876 1773 4942 fuerunt,
1799 4878 2012 4946 referri,

440 4962 634 5034 hisque
679 4980 864 5019 eorum
906 4966 1027 5023 finis
1074 4977 1130 5022 et
1169 4969 1345 5025 exitus
1372 4969 1723 5036 describitur,
1746 4972 2017 5039 quomodo

441 5056 652 5111 scilicet
693 5057 929 5112 futurum
975 5059 1068 5121 sit,
1104 5069 1163 5113 ut
1199 5074 1393 5115 carnes
1435 5075 1565 5116 suas
1601 5061 1911 5127 comedent,
1962 5072 2019 5117 et

439 5146 758 5217 sanguinem
798 5162 955 5201 suum
997 5147 1203 5204 bibant.

514 5256 536 5290 ι
589 5239 654 5292 Ει
696 5241 891 5295 sentiet
955 5242 1131 5296 omnis
1173 5258 1341 5307 caro,
1399 5243 1524 5311 quia
1562 5259 1662 5313 ego
1721 5243 2022 5309 Dominus,

437 5327 529 5393 qui
576 5328 693 5383 erui
755 5338 830 5393 te,
887 5339 940 5385 et
980 5330 1161 5401 adjuvi
1210 5332 1579 5388 fortitudinem
1628 5332 1816 5388 Jacob.
1874 5353 1894 5385 ι
1934 5334 2021 5387 ln-

437 5430 759 5486 corporeum
804 5419 1013 5475 Numen
1053 5432 1155 5484 est,
1208 5422 1448 5477 materiae
1495 5437 1725 5492 expers,
1780 5423 2021 5478 intactile

438 5518 489 5561 et
514 5510 763 5578 simplex,
789 5527 890 5567 nec
924 5512 1214 5583 quispiam,
1252 5512 1298 5565 si
1334 5513 1548 5581 quidem
1581 5516 1654 5568 uti
1682 5514 1775 5567 fas
1789 5523 1870 5567 est
1893 5527 2020 5582 ege-

440 5599 528 5663 rit,
553 5602 786 5669 speciem
825 5604 890 5658 de
923 5603 1013 5657 illo
1044 5617 1364 5671 corpoream
1389 5603 1732 5674 imaginetur.
1761 5604 2013 5659 Attamen

439 5704 596 5747 sacra
612 5691 897 5767 Scriptura
925 5696 1025 5750 ltus
1048 5694 1349 5765 alloquens.
1370 5693 1603 5749 humano
1633 5709 1782 5749 mure
1807 5695 1872 5749 de
1898 5694 2013 5765 ipso

510 5780 590 5855 (1)
621 5780 787 5839 Forte
826 5783 1107 5857 legendum
1135 5785 1346 5859 τροφοί,
1378 5794 1435 5841 ιιι
1457 5800 1638 5857 supra.
1673 5784 1829 5843 Enn.

2127 3696 2245 3742 τος,
2277 3678 2601 3751 σωθήσεται.
2639 3680 2780 3750 Ἐγὼ
2817 3680 2873 3735 δὲ
2909 3680 3006 3753 τὴν
3036 3683 3212 3754 κρίσιν
3242 3699 3334 3736 σου
3368 3679 3557 3753 κρινῶ,
3607 3679 3701 3733 καὶ

2122 3770 2237 3838 ἐγὼ
2253 3770 2379 3835 τοὺς
2399 3770 2547 3835 υἱούς
2573 3788 2674 3843 μου
2705 3770 2970 3843 ῥύσομαι·
3003 3790 3022 3824 ι
3061 3773 3247 3842 σαφῶς
3279 3772 3492 3838 διδάξας
3530 3773 3706 3841 ἡμᾶς.

2123 3856 2261 3914 εἶναι
2290 3860 2446 3914 τοῦτο
2470 3862 2628 3933 μόνον
2659 3862 2904 3931 δυνατὸν,
2941 3862 3234 3932 ἀφελέσθαι
3255 3862 3352 3917 τοῦ
3370 3862 3705 3935 δηλωθέντος

2123 3953 2192 4007 τὰ
2230 3953 2401 4007 σκῦλα
2421 3972 2436 3985 ·
2454 3956 2606 4019 ,τοῦς
2630 3956 2779 4020 υἱοὺς
2798 3955 2963 4009 αὑτοῦ
2988 3953 3131 4009 εἶναι
3158 3955 3333 4025 λέγων
3353 3973 3368 3987 ο
3406 3955 3486 4009 διὸ
3518 3955 3714 4025 ἐπιφέ-

2125 4060 2237 4114 ρειο
2271 4061 2290 4095 ι
2328 4044 2467 4109 Τοὺς
2498 4045 2647 4109 υἱούς
2685 4062 2785 4116 μου
2822 4044 3054 4117 ῥύσομαι
3076 4062 3092 4077 ο
3137 4063 3157 4098 t
3190 4038 3266 4099 ὧν
3293 4044 3621 4116 ρυσθέντων,
3657 4047 3709 4098 οἰ

2122 4136 2466 4207 ἀφῃρημένοι
2505 4137 2688 4201 αὐτοῖς
2730 4136 2789 4205 ἐξ
2818 4137 3104 4209 ἐπηρείας,
3155 4138 3312 4192 αὐτοὶ
3353 4137 3455 4202 τὰς
3499 4137 3708 4192 ἑαυτῶν

2122 4227 2334 4299 σάρκας
2356 4228 2650 4297 φάγονται·
2685 4228 2867 4281 οὐκέτι
2904 4228 3015 4300 γὰρ
3050 4228 3253 4301 ἐτέρων
3273 4228 3484 4301 σάρκας
3503 4228 3708 4282 ἐσθίειν

2119 4317 2424 4390 ὼνάμενοι,
2450 4318 2549 4383 τὰς
2574 4319 2781 4374 ἐαυτῶν
2812 4320 3098 4390 φάγονται·
3130 4319 3241 4374 οὐδ’
3268 4320 3512 4374 ἐκπίνειν
3530 4319 3611 4373 ἔτι
3642 4319 3709 4374 τὺ

2122 4405 2261 4481 αἷμα
2288 4410 2784 4482 τῶν-ἀνθρωπίνων
2825 4411 3014 4483 ψυχῶν
3053 4411 3361 4482 δυνάμενοι,
3404 4408 3467 4463 τὸ
3497 4409 3705 4463 ἑαυτῶν

2120 4496 2258 4572 αἷμα
2292 4501 2526 4566 πίονται,
2575 4503 2650 4566 ὡς
2684 4502 2778 4557 καὶ
2815 4501 3145 4573 μεθυσθῆναι
3183 4504 3380 4566 αὐτοὺς
3423 4502 3483 4568 ἐξ
3514 4501 3702 4556 αὐτοῦ.

2128 4619 2146 4643 ο
2196 4611 2217 4644 ι
2249 4594 2358 4646 Καὶ
2380 4593 2646 4663 φάγονται
2672 4596 2722 4648 οἰ
2747 4594 3033 4664 θλίψαντές
3064 4612 3124 4649 σε
3146 4594 3244 4658 τὰς
3271 4595 3480 4668 σάρκας
3500 4595 3702 4660 αὐτῶν,

2119 4685 2212 4739 καὶ
2247 4685 2457 4739 πίονται
2484 4686 2560 4750 ὡς
2583 4682 2724 4740 οἶνον
2738 4687 2857 4742 νέον
2874 4688 2936 4742 τὺ
2953 4683 3091 4758 αἷμα
3105 4687 3300 4751 αὐτῶν,
3323 4689 3416 4742 καὶ
3436 4686 3701 4760 μεθυσθή-

2120 4793 2323 4833 σονται.
2365 4795 2387 4829 ι
2421 4777 2657 4831 Δύναται
2691 4778 2865 4833 ταῦτα
2895 4780 2988 4833 ἐπὶ
3018 4780 3144 4843 τοὺς
3189 4779 3327 4834 κατά
3354 4779 3544 4851 καιρὸν
3569 4777 3693 4831 διώ-

2116 4885 2326 4933 κωντας
2359 4869 2460 4942 τὴν
2491 4869 2586 4923 τοῦ
2631 4870 2765 4925 Θεοῦ
2813 4872 3137 4944 Ἐκκλησίαν
3172 4870 3564 4943 ἀναφέρεσθαι,
3599 4887 3691 4923 του

2121 4959 2279 5028 λόγου
2312 4961 2374 5013 τὸ
2408 4960 2564 5025 τέλος
2596 4961 2775 5016 αὐτῶν
2825 4963 2920 5017 καὶ
2949 4962 3049 5034 τὴν
3079 4961 3456 5033 καταστροφὴν
3485 4961 3703 5031 διαγρα-

2124 5068 2336 5122 φοντος,
2367 5053 2459 5108 καὶ
2491 5054 2567 5116 ὡς
2596 5053 2694 5118 τὰς
2721 5055 2929 5110 ἑαυτῶν
2957 5054 3166 5125 σάρκας
3201 5054 3486 5124 φάγονται,
3518 5052 3611 5107 καὶ
3640 5051 3704 5106 τὺ

2125 5137 2263 5212 αἷμα
2290 5141 2472 5195 αὐτῶν
2499 5141 2730 5198 πίονται.
3351 5178 3359 5186 -

2201 5252 2219 5283 ι
2256 5234 2366 5287 Καὶ
2393 5233 2809 5305 αίσθανθήσεται
2834 5236 2983 5289 πᾶσα
3015 5234 3170 5306 σάρξ,
3194 5235 3275 5289 ὅτι
3306 5233 3415 5303 ἐγὼ
3435 5234 3638 5305 Κύριος
3669 5233 3698 5285 6

2130 5323 2432 5394 ῥυσάμενός
2458 5342 2539 5388 σε,
2557 5326 2649 5378 καὶ
2670 5325 3197 5398 ἀντιλαμϐανόμενος
3232 5324 3414 5396 ἰσχύος
3437 5324 3651 5379 Ἰακὼδ.
3674 5343 3693 5376 ι

2138 5415 2450 5486 Ἀσώματον
2465 5418 2526 5470 τὸ
2552 5417 2728 5481 Θεῖον,
2760 5418 2942 5481 άῦλον,
2975 5419 3180 5488 ἀναφὲς
3208 5420 3301 5472 καὶ
3325 5417 3527 5472 ἁπλοῦν
3546 5434 3561 5448 ·
3605 5417 3700 5471 καὶ

2122 5508 2222 5561 οὐκ
2250 5508 2326 5563 ἀνθ
2345 5525 2430 5573 τις
2456 5511 2544 5563 ἐπ’
2571 5510 2740 5582 αὐτῷ,
2765 5512 2833 5567 τά
2855 5514 3039 5567 εἰκότα
3065 5511 3227 5583 δρῶν,
3256 5510 3555 5580 φαντασίαν
3575 5508 3700 5562 τινὰ

2120 5597 2277 5653 λάϐοι
2303 5604 2638 5674 σωματικήν.
2684 5603 2831 5676 Πλὴν
2860 5605 2922 5659 τὸ
2946 5605 3183 5677 Γράμμα
3218 5604 3280 5657 τὸ
3311 5601 3454 5673 ἰερὸν
3490 5599 3699 5673 ἀνθρω-

2120 5691 2289 5756 πίνως
2318 5692 2447 5765 ἡμῖν
2470 5693 2538 5747 τὰ
2566 5694 2692 5765 περὶ
2713 5694 2876 5751 αὐτοῦ
2900 5695 3220 5766 διαλέγεται.
3251 5694 3326 5750 Oti
3355 5692 3464 5768 γὰρ
3486 5687 3555 5766 ἦν
3585 5690 3700 5748 ἐτέ-
