4130 6374
361 381 458 436 Mi

1279 357 1782 420 COMMENTARIA
1821 355 1887 410 IN
1928 354 2186 410 lSAlAM.
2221 381 2290 395 -—-
2327 343 2478 402 CAP.
2519 339 2581 394 L.

3491 316 3600 372 “‘2

367 515 474 570 ρως
500 492 790 561 δυνηθῆναι
817 489 956 542 νοεῖν
977 486 1099 549 τοὺς
1123 485 1179 536 ἐν
1209 483 1388 544 αὐτοῖς
1416 481 1509 534 καὶ⁹
1531 478 1756 548 παχέσιν
1782 476 1938 538 δντας

2053 468 2320 525 edisserit;
2344 464 2530 532 Neque
2549 455 2688 511 enim
2719 448 2851 504 alias
2887 460 3009 500 eum
3055 438 3348 509 intelligere
3381 442 3600 504 possent

2056 566 2066 570 -
2182 562 2192 570 ·
2235 561 2245 570 ·
2444 565 2553 570 iu-
2611 548 2830 570 ε-ιηιιηιω
2857 550 3042 570 ,ηπ-ειη
3078 542 3127 570 οι
3178 527 3464 570 malm-inii-
3505 524 3598 570 tle-.-

365 588 635 658 σώμασιν,
691 584 736 634 εἰ
774 581 848 652 μὴ
877 578 1126 649 καθάπερ
1180 578 1237 629 ἐν
1283 573 1432 639 τάξει
1478 569 1932 642 παραδειγμάτων

367 673 748 749 παρεκομίσθη
777 672 846 725 τὰ
874 671 992 724 καθ’
1029 671 1202 740 ἡμᾶς·
1242 668 1307 720 ἵν’
1347 669 1410 720 ἐκ
1451 664 1556 717 τῶν
1593 663 1651 714 ἐν
1685 659 1933 729 αἰσθήσει

365 773 461 826 καὶ
491 768 701 840 ὁρατῶν
730 762 1072 834 πραγμάτων
1102 760 1203 813 κᾶν
1250 758 1448 811 οὑτωσὶ
1476 758 1538 807 ἐκ
1575 753 1769 824 μέρους
1799 752 1934 802 νοεῖν

370 862 680 934 ἰσχύσωμεν
709 857 778 910 τὰ
804 856 930 926 περί
952 857 1050 924 τῆς
1073 852 1220 915 θείας
1247 849 1448 911 οὐσίας.

898 1029 1291 1087 ΚΕΦΑΛΑῙΟΝ
1326 1026 1408 1081 N'.

448 1149 466 1183 ι
500 1128 687 1192 Οὕτως
717 1128 865 1196 λέγει
899 1125 1132 1195 Κύριος’
1168 1124 1324 1175 Ποῖον
1355 1121 1416 1173 τὸ
1450 1118 1648 1190 βιϐλίον
1681 1114 1774 1170 τοῦ
1804 1115 1937 1167 ἀπο-

369 1223 591 1279 στασίου
620 1221 722 1290 τῆς
746 1219 946 1290 μητρὸς
972 1215 1143 1286 ὑμῶν,
1198 1207 1242 1280 ᾧ
1280 1208 1631 1275 ἐξαπέστειλα
1665 1207 1869 1275 αὑτήν;
1904 1203 1937 1271 ἢ

369 1316 475 1369 τίνι
519 1311 771 1382 ὑποχρέῳ
807 1310 1064 1380 πέπρακα
1102 1306 1277 1377 ὑμᾶς;
1325 1302 1454 1355 Ἰδοὺ
1503 1302 1621 1362 ταῖς
1649 1295 1940 1368 ἁμαρτίαις

374 1403 524 1474 ὃμῶν
549 1400 902 1469 ἐξαπέστειλα
938 1397 1036 1468 τὴν
1083 1396 1292 1468 μητέρα
1326 1393 1497 1464 ὑμῶν.
1533 1392 1597 1443 Τί
1637 1391 1718 1442 ὅτι
1758 1385 1938 1459 ἦλθον,

368 1498 465 1550 καὶ
513 1495 614 1547 ούκ
661 1489 729 1563 ἦν
781 1495 809 1545 ὁ
854 1489 1176 1553 ύπακούων;
1221 1487 1312 1555 Μὴ
1363 1486 1462 1538 οὐκ
1520 1484 1692 1552 ἰσχύει
1740 1482 1773 1549 ὴ
1821 1478 1943 1547 χείρ

372 1604 474 1659 μου
524 1586 619 1639 τοῦ
661 1583 958 1656 ῥύσασθαι;
995 1581 1088 1652 Μὴ
1145 1581 1242 1633 οὐκ
1289 1577 1454 1647 ἰσχύω
1493 1574 1586 1627 τοῦ
1637 1569 1941 1635 ἐξελέσθαι;

382 1678 511 1732 Ἰδοὺ
544 1677 623 1746 τῷ
644 1674 858 1745 ἐλεγμῷ
889 1691 987 1745 μου
1026 1670 1359 1743 ἐξερημώσω
1385 1668 1483 1738 τὴν
1508 1665 1778 1734 θάλασσαν
1798 1679 1810 1688 ·
1851 1661 1945 1714 καὶ

361 1766 522 1839 ,θήσω
552 1767 830 1836 ποταμοὺς
852 1765 1108 1835 ἐρήμους,
1137 1763 1228 1814 καὶ
1256 1760 1676 1832 ξηρανθήσονται
1698 1757 1746 1808 οἰ
1768 1753 1944 1824 ἰχθύες

369 1861 550 1915 αὐτῶν
581 1858 690 1912 ἀπὸ
725 1857 826 1934 τοῦ,
849 1857 920 1927 μὴ
939 1831 1090 1908 εἶναι
1117 1831 1436 1915 ύδατα,νκαὶ
1459 1847 1851 1904 ἀποθανοῦνται
1885 1845 1940 1898 ἐν
1973 1831 2016 1884 Β
2045 1852 2250 1900 eorum,

369 1951 529 2023 δίψει.
570 1949 806 2003 Ἐνδύσω
848 1947 938 2002 τὸν
982 1945 1206 2017 οὐρανὸν
1244 1943 1451 2006 σκότος,
1496 1942 1588 1995 καὶ
1631 1940 1706 2002 ὼς
1741 1938 1941 1991 σάκκον

370 2044 520 2116 θήσω
574 2043 636 2096 τὸ
678 2040 1014 2112 περιϐόλαιον
1043 2037 1228 2093 αὐτοῦ.
1264 2037 1468 2107 Κύριος
1513 2033 1715 2104 Κύριος
1762 2030 1942 2083 δίδωσί

378 2153 464 2206 μοι
506 2132 759 2204 γλῶσσαν
793 2130 1058 2192 παιδείας,
1105 2128 1200 2181 τοῦ
1233 2127 1434 2195 γνῶναι
1472 2123 1635 2194 ἡνίκα
1667 2122 1748 2175 δεῖ
1773 2123 1942 2174 εἰπεῖν

377 2221 546 2294 λόγον.
581 2220 786 2310 ’ξΕθηκέ
827 2237 913 2289 μοι
943 2219 1108 2291 πρωῒ,
1137 2217 1444 2290 προσέθηκέ
1475 2231 1563 2285 μοι
1589 2213 1747 2266 ὠτίον
1785 2210 1945 2264 ἀκού-

381 2330 482 2380 ειν,
533 2304 622 2368 καὶ
676 2315 705 2384 ἡ
741 2311 954 2365 παιδεία
988 2309 1192 2381 Κυρίου
1234 2308 1436 2378 Κυρίου
1471 2305 1672 2372 ἀνοίγει
1721 2318 1824 2373 μου
1875 2301 1944 2355 τὰ

384 2401 513 2461 ὦτα.
560 2403 694 2473 Ἐγὼ
731 2403 788 2456 δὲ
818 2403 916 2455 οὐκ
945 2399 1173 2463 ἀπειθῶ,
1201 2399 1320 2452 ούδέ
1345 2395 1627 2463 ἀντιλέγω.
1655 2392 1756 2446 Τὸν
1779 2390 1943 2444 νῶτόν

385 2516 487 2570 μου
516 2497 682 2550 ἔδωκα
714 2497 794 2558 εἰς
819 2495 1104 2564 μάστιγας,
1131 2491 1231 2554 τὰς
1257 2489 1313 2543 δὲ
1339 2488 1591 2556 σιαγόνας
1622 2502 1720 2555 μου
1747 2486 1826 2547 εἰς
1850 2486 1946 2554 ῥα-

377 2590 650 2658 πίσματαο
704 2585 766 2638 τὸ
798 2585 854 2637 δὲ
896 2583 1185 2656 πρόσωπόν
1236 2598 1336 2651 μου
1369 2579 1466 2633 ούκ
1503 2575 1817 2646 ἀπέστρεψα
1850 2573 1944 2626 ἀπ’

374 2679 631 2748 αἰσχύνης
647 2677 1066 2747 ἐμπτυσμάτων·
1089 2673 1182 2726 καὶ
1199 2672 1397 2743 Κύριος
1415 2669 1616 2739 Κύριός
1634 2683 1732 2736 μου
1754 2665 1946 2736 βοηθός

378 2788 468 2842 μοι
498 2769 732 2841 ἐγενήθη
754 2785 768 2797 ·
793 2767 881 2821 διὰ
908 2765 1065 2820 τοῦτο
1095 2767 1194 2818 οὐκ
1218 2763 1538 2834 ἐνετράπην,
1563 2759 1674 2813 ἀλλ’
1698 2757 1868 2828 ἔθηκα
1887 2757 1948 2810 τὸ

375 2861 664 2933 πρόσωπόν
735 2876 834 2929 μου
888 2858 964 2922 ὡς
1023 2855 1248 2928 στερεὰν
1301 2853 1528 2923 πέτραν,
1568 2869 1586 2901 ›
1633 2849 1724 2901 Διὸ
1762 2845 1949 2900 καὶτὸ

379 2955 666 3026 πρόσωπόν
701 2969 799 3023 μου
833 2951 907 3016 ὡς
935 2948 1157 3023 στερεὰν
1192 2950 1394 3019 πέτραν
1435 2944 1755 3016 παρέστησα
1783 2957 1947 2996 πεπι-

377 3049 688 3119 στευμένος,
715 3045 788 3109 ὡς
815 3045 875 3098 οὐ
911 3052 1065 3114 φέρει
1092 3059 1178 3113 μοι
1199 3040 1459 3110 αἰσχύνην
1485 3039 1517 3108 ἡ
1546 3036 1679 3108 πρὸς
1711 3035 1800 3088 τὸν
1839 3035 1950 3086 Πα-

373 3143 510 3213 τέρα
547 3139 796 3208 ὑπακοή·
835 3136 926 3190 καὶ
955 3133 1181 3204 πλησίον
1224 3149 1322 3203 μου
1368 3130 1577 3183 ἐστῶτα
1630 3128 1721 3180 καὶ
1763 3125 1948 3196 ὥσπερ
1975 3161 2018 3219 C

377 3228 822 3300 ἀγωνοθετοῦντα
861 3228 974 3288 τοῖς
1014 3223 1338 3294 γινομένοις,
1397 3221 1491 3274 καὶ
1547 3220 1646 3290 τὴν
1689 3218 1827 3289 ἐμὴν
1868 3215 1948 3268 δι-

377 3323 638 3377 καιοῦντα
667 3317 942 3388 ὑπομονὴν
981 3314 1067 3368 διὰ
1093 3312 1294 3374 παντὸς
1323 3309 1527 3380 ἐώρων.
1551 3310 1615 3361 Εἰ
1651 3307 1707 3360 δέ
1728 3324 1811 3370 τις
1840 3305 1950 3375 έχοι

375 3413 480 3478 τὰς
503 3413 620 3466 κατ’
649 3409 782 3480 ἐμοῦ
812 3408 1018 3478 ὕϐρεις,
1042 3406 1132 3459 καὶ
1157 3404 1246 3458 τὸν
1275 3403 1498 3456 θάνατον
1537 3399 1698 3452 αὑτὸν
1733 3396 1952 3458 ἐνδίκως

378 3500 737 3572 ἐπενηνέχθαι
777 3515 864 3569 μοι
894 3495 1056 3566 φάναι
1081 3494 1167 3548 διά
1195 3509 1320 3547 τινα
1353 3488 1818 3560 πλημμελήματα,
1847 3485 1956 3538 δει-

378 3593 560 3647 κνύτω
588 3589 867 3663 παρελθὼν
890 3589 969 3652 εἰς
1004 3586 1185 3659 μέσον,
1209 3585 1360 3647 εἴτις
1379 3583 1527 3636 αἰτία
1549 3580 1580 3651 ἢ
1605 3579 1872 3651 πρόφασις
1896 3575 1957 3641 ἐξ

382 3681 517 3754 ἐμοῦ
555 3682 652 3753 τῆς
693 3678 944 3748 τοιαύτης
996 3677 1117 3732 κατ’
1167 3672 1299 3744 ἐμοῦ
1338 3670 1549 3742 ὕϐρεως
1576 3669 1829 3737 γέγονεν·
1876 3667 1956 3726 εἰς

383 3775 551 3846 μέσον
605 3769 888 3844 παρελθὼν
939 3769 1116 3839 στήτω
1165 3764 1259 3819 καὶ
1297 3761 1580 3832 ἐλεγχέτω.
1635 3757 1859 3820 Οὐδενὸς
1898 3756 1955 3808 δὲ

380 3866 598 3936 ἔχοντος
632 3861 835 3934 μέμψιν
870 3858 1162 3930 μετελθεῖν,
1215 3856 1350 3926 μήτε
1381 3857 1444 3924 τῇ
1477 3851 1793 3919 διδασκαλίᾳ
1823 3850 1956 3920 μήτε

379 3960 504 4020 ταῖς
537 3955 768 4025 πράξεσι
796 3954 914 4014 ταῖς
936 3951 1025 4002 ὑπ’
1049 3948 1182 4020 ἐμοῦ
1213 3943 1648 4017 πεπραγμέναις,
1678 3941 1898 4001 εἰκότως
1929 3939 1958 3990 ὁ

379 4044 591 4114 Κύριος
613 4040 804 4112 βοηθός
838 4056 924 4110 μοι
953 4038 1238 4109 παρέσται.

463 4155 482 4189 ι
517 4137 639 4188 Ὀτι
689 4131 892 4201 ἐγγίζει
941 4133 968 4184 ὁ
1006 4127 1301 4191 δικαιώσας
1345 4143 1433 4195 με.
1474 4125 1569 4186 Τίς
1597 4120 1961 4194 ὁκρινόμενός

384 4244 510 4304 μοι;
539 4229 836 4297 ἁντιστὴτω
869 4241 957 4294 μοι
998 4224 1133 4293 ἅμα,
1174 4221 1283 4273 Καὶ
1311 4218 1392 4282 τίς
1420 4220 1447 4272 ό
1485 4213 1799 4288 κρινόμενός
1831 4227 1958 4282 μοι;

384 4319 661 4387 ἐγγισάτω
701 4335 807 4389 μοι.
849 4335 867 4367 ι
910 4312 1308 4384 Ἐπαμύνοντος
1344 4309 1472 4382 γὰρ,
1513 4308 1664 4378 φησι,
1709 4304 1801 4358 τοῦ
1826 4301 1962 4356 Θεοῦ

384 4413 483 4464 καὶ
519 4409 748 4481 Πατρὸς,
784 4409 880 4461 καὶ
915 4409 1092 4460 πᾶσαν
1119 4403 1270 4476 ὑμῶν
1305 4403 1564 4473 ἐπήρειαν
1589 4397 1959 4465 ἀςςανίςοντος,

386 4505 484 4559 καὶ
526 4505 622 4574 τὴν
665 4502 802 4574 ἐμὴν
841 4500 1083 4560 ἱστάντος
1111 4497 1287 4562 δόξαν,
1320 4494 1402 4558 τίς

383 4600 539 4668 ὑμῖν,
575 4598 649 4660 ὡς
674 4591 1051 4656 ἀντιτάξεσθαι
1077 4593 1142 4660 τῇ
1174 4585 1497 4660 άνικήτῳυ)
1529 4584 1709 4655 βουλῇ,
1744 4584 1837 4636 καὶ
1863 4599 1965 4635 κα-

389 4688 838 4745 κῶσαιδύνασθαι
855 4687 943 4740 τὸν
974 4687 1100 4756 παρ’
1125 4684 1288 4738 αὐτοῦ
1333 4680 1727 4753 βοηθούμενονς
1760 4677 1965 4732 Οὐκοῦν

392 4787 554 4858 εἴπερ
604 4783 745 4844 τινὲς
799 4774 938 4850 ἦσαν
972 4777 1258 4844 νουνεχεῖς,
1313 4775 1362 4826 οἱ
1404 4772 1751 4844 Γραμματεῖς
1780 4785 1838 4820 τε
1872 4767 1966 4821 καί⁵

389 4876 694 4946 Φαρισαῖοι,
725 4869 1044 4937 ἀπόσχοιντο
1071 4865 1134 4918 ἂν
1162 4863 1270 4916 τῶν
1294 4864 1416 4914 κατ’
1450 4859 1609 4914 αὐτοῦ
1636 4857 1965 4928 σκεμμάτων

391 4985 454 5021 τε
479 4966 571 5020 καὶ
603 4960 1036 5033 ἐγχειρημάτων,
1058 4955 1147 5010 διὰ
1173 4953 1464 5025 προφητῶν
1490 4951 1657 5020 ἁγίων
1696 4965 1970 5020 προεγνω-

397 5058 578 5120 κότες,
647 5055 724 5116 ὼς
777 5053 876 5104 οὐκ
933 5048 999 5102 ἂν
1071 5046 1343 5116 ἰσχύσειαν
1403 5041 1656 5112 ἀδικῆσαι
1711 5038 1964 5110 Χριστὸν,

393 5149 530 5203 Θεὸν
573 5146 704 5198 ὅντα
745 5143 840 5197 καὶ
875 5140 1100 5211 Κύριον,
1165 5136 1258 5190 καὶ
1295 5133 1422 5187 Υίὸν
1457 5130 1706 5202 ἀληθινὸν
1734 5129 1824 5184 τοῦ
1853 5130 1968 5183 Πα-

395 5239 526 5310 τρός

477 5349 496 5382 ι
547 5328 676 5382 Ἰδοὺ
700 5325 906 5397 Κύριος
932 5323 1134 5395 Κύριος
1176 5315 1428 5390 βοηθήσει
1453 5331 1576 5385 μοι’
1612 5314 1694 5375 τίς
1729 5310 1968 5366 κακώσει

406 5439 510 5494 με;
547 5421 676 5475 Ἰδοὺ
711 5418 910 5479 πάντες
941 5416 1096 5484 ὑμεῖς
1135 5413 1211 5474 ὼς
1256 5409 1467 5480 ἱμάτιον
1506 5402 1969 5473 παλαιωθήσεσθε,

405 5492 500 5569 καὶ
550 5512 648 5583 σὴς
680 5508 1056 5578 καταφάγεται
1097 5505 1258 5574 ὑμᾶς.
1293 5521 1311 5553 ι
1354 5499 1428 5552 Δι’
1459 5492 1532 5552 ὧν
1581 5494 1828 5566 σημαίνει
1874 5493 1972 5563 τὴν

409 5611 709 5664 παλαίωσιν
739 5606 836 5676 τῆς
863 5602 982 5656 κατ’
1015 5598 1178 5655 αὑτοῦ
1209 5595 1523 5667 σωματικῆς
1547 5590 1800 5663 λατρείας
1822 5604 1834 5618 ·
1873 5587 1976 5640 πά-

411 5718 474 5761 νυ
521 5698 628 5770 γάρ
677 5696 738 5749 τὸ
770 5690 1159 5760 παλαιούμενον
1203 5689 1294 5738 καὶ
1326 5683 1599 5754 γηράσκον
1641 5679 1804 5749 ἐγγὺς
1839 5679 1976 5748 ἁιξα-

487 5790 566 5866 ιι)
600 5789 864 5860 ’Λκινήτῳ
889 5785 1012 5857 legit
1042 5783 1323 5851 interpres.
1359 5777 1514 5833 Eutr.

2035 566 2070 616 ii
2105 562 2194 632 qui
2235 561 2285 613 in
2334 565 2578 622 corpore,
2611 548 2830 614 ipsoque
2856 550 3042 592 crasso
3078 542 3133 586 et
3178 527 3465 589 materiali,
3505 524 3598 577 de-

2033 665 2202 724 gunt,
2243 649 2343 704 nisi
2395 662 2457 698 ea
2507 653 2624 710 qua!
2661 648 2826 705 penes
2873 644 2971 684 nos
3022 634 3148 681 sunt
3184 623 3250 676 ad
3295 617 3601 685 exemplum

2035 750 2455 813 usui-parentur;
2499 743 2558 801 ut
2585 747 2652 787 ex
2693 730 2758 784 iis
2807 740 2926 797 qua:
2969 711 3067 777 sub
3105 731 3320 774 sensum
3354 721 3408 766 et
3449 723 3604 777 aspe-

2034 807 2183 894 ctum
2205 833 2396 887 cadum
2417 870 2432 893 ,
2451 844 2514 880 ea
2537 839 2655 894 qua:
2678 821 2911 875 divinam
2941 807 3294 867 substantiam
3332 807 3605 872 spectant,

2035 928 2225 986 saltem
2262 939 2329 978 ex
2359 915 2783 991 parte,cogitare
2814 917 3111 978 possemus.

2667 998 2893 1058 CAPUT
2933 996 2995 1055 L.

2107 1109 2273 1164 Vens.
2307 1105 2419 1159 l-‘l.
2444 1122 2461 1154 ι
2486 1100 2576 1154 Sic
2596 1096 2723 1151 dicit
2751 1089 3005 1146 Dominus
3026 1104 3038 1139 :
3056 1079 3238 1150 Qualis
3253 1073 3490 1132 hicliber
3517 1082 3610 1124 re—

2039 1202 2183 1272 pudii
2213 1197 2403 1252 matris
2430 1200 2639 1253 vestrae,
2673 1200 2780 1254 quo
2815 1179 2991 1236 dimisi
3025 1189 3146 1229 eam
3173 1171 3310 1225 ?aut
3341 1165 3426 1221 cui
3458 1160 3610 1218 debi-

2971 1269 2982 1272 -
3215 1262 3222 1270 -
3506 1251 3603 1272 ,ης

2043 1251 2182 1272 r--—-—
2216 1251 2243 1252 η
2628 1251 2635 1253 .
2691 1251 2705 1254 -

2043 1295 2142 1349 tori
2167 1286 2379 1345 vendidi
2407 1299 2501 1339 vos
2532 1283 2555 1336 ?
2584 1281 2722 1334 Ecce
2778 1269 3016 1344 peccatis
3059 1262 3260 1319 vestris
3299 1251 3607 1312 venumdati

2040 1385 2193 1449 estis,
2229 1392 2283 1434 et
2319 1380 2371 1432 in
2415 1371 2790 1444 iniquitatibus
2823 1361 3020 1417 vestris
3049 1354 3224 1412 dimisi
3263 1359 3492 1405 matrem
3518 1358 3613 1396 ve-

2043 1430 2230 1528 stram.
2268 1467 2405 1535 Quid
2454 1430 2574 1533 quia
2601 1458 2747 1521 veni,
2789 1464 2845 1508 et
2883 1466 2988 1506 non
3035 1453 3156 1502 erat
3194 1441 3288 1512 qui
3323 1430 3613 1492 obediret?

2042 1566 2232 1618 Annon
2272 1531 2450 1627 potest
2471 1531 2676 1606 manus
2717 1557 2835 1599 mea
2868 1534 3144 1594 liberare?
3173 1531 3365 1584 Annon
3395 1535 3610 1594 possunt

2042 1651 2285 1710 eruere?
2321 1647 2460 1702 Ecce
2498 1635 2921 1698 comminatione
2959 1642 3080 1683 mea
3115 1625 3384 1679 desertum
3420 1615 3613 1670 faciam

2045 1758 2215 1807 mare,
2237 1751 2292 1796 et
2323 1749 2516 1807 ponam
2547 1730 2738 1786 ﬂuvios
2771 1727 3046 1786 desertos,
3074 1725 3128 1772 et
3155 1718 3404 1769 arescent
3437 1707 3618 1777 pisces

2282 1849 2347 1888 eo
2371 1829 2512 1902 quod
2546 1841 2649 1881 non
2676 1822 2748 1877 sit
2781 1832 2944 1889 aqua,
2979 1823 3035 1870 et
3075 1808 3374 1866 morientur
3395 1801 3504 1858 siti.
3531 1798 3618 1853 ln-

2043 1933 2202 1987 duam
2243 1925 2439 1980 coelum
2483 1917 2746 1977 tenebris,
2777 1922 2834 1966 et
2865 1906 3017 1978 quasi
3050 1917 3269 1959 saccum
3306 1909 3500 1966 ponant
3531 1893 3618 1945 in-

2042 2023 2354 2078 dmnentum
2413 2012 2552 2082 ejus.
2599 2006 2856 2062 Dominus
2893 1998 3152 2056 Dominus
3201 1992 3294 2046 dat
3334 1985 3462 2042 milii
3513 1983 3620 2036 lin-

2043 2073 2201 2184 guam
2237 2073 2571 2174 disciplinae,
2629 2109 2689 2152 ut
2729 2097 2898 2150 sciam
2937 2087 3154 2159 quando
3195 2088 3442 2152 oporteat
3473 2073 3620 2146 loqui

2041 2167 2284 2260 verbum.
2317 2167 2500 2253 Posuit
2534 2190 2663 2247 mihi
2706 2197 2903 2242 mane:
2939 2179 3143 2234 addidit
3177 2173 3307 2228 milii
3339 2184 3524 2224 aurem
3551 2167 3624 2222 ad

2044 2293 2394 2354 audiendum,
2414 2297 2468 2342 et
2493 2279 2772 2352 disciplina
2797 2273 3004 2331 Domini
3044 2267 3219 2339 aperit
3259 2277 3419 2319 aures
3449 2272 3624 2314 meas.

2044 2387 2158 2456 Ego
2191 2393 2372 2438 autem
2409 2392 2514 2432 non
2562 2385 2765 2430 renuo.
2796 2379 2971 2434 neque
3017 2357 3355 2416 contradico.
3394 2352 3622 2407 Dorsnm

2044 2492 2221 2534 meum
2260 2472 2382 2528 dedi
2415 2470 2480 2524 ad
2529 2462 2760 2534 ﬂagella,
2807 2466 2861 2511 et
2890 2468 3057 2525 genas
3105 2463 3253 2505 meas
3283 2448 3349 2500 ad
3390 2445 3620 2513 alapas:

2046 2572 2238 2626 faciem
2266 2577 2442 2621 autem
2473 2573 2647 2616 meam
2677 2569 2780 2609 non
2811 2547 2982 2604 averti
3005 2561 3032 2599 a
3064 2544 3263 2614 probro
3295 2545 3577 2607 sputorum
3603 2550 3622 2588 :

2045 2671 2100 2718 et
2135 2657 2392 2713 Dominus
2434 2650 2688 2706 Dominus
2729 2655 2879 2697 meus
2922 2635 3211 2690 auxiliator
3265 2630 3397 2685 mihi
3447 2616 3628 2680 facius

2047 2763 2162 2814 est;
2184 2749 2303 2803 ideo
2327 2760 2432 2799 non
2455 2756 2574 2796 sum
2604 2735 2882 2795 confusus,
2901 2729 2994 2785 sed
3017 2725 3168 2797 posui
3200 2723 3390 2777 faciem
3424 2729 3624 2782 meam,

2047 2845 2186 2899 sicut
2222 2841 2428 2894 ﬁrmam
2453 2841 2679 2903 petram.
2722 2846 2740 2879 ι
2782 2823 2907 2877 ideo
2946 2819 3137 2874 faciem
3166 2829 3339 2869 meam
3372 2822 3626 2879 tanquam

2049 2936 2260 2989 lirn'iam
2297 2901 2502 3000 petram
2535 2920 2724 2983 obtuli,
2771 2913 3008 2972 confisus
3051 2923 3223 2964 meam
3255 2919 3380 2974 erga
3410 2901 3627 2956 Patrem

2048 2993 2453 3094 obsequentiam
2493 3031 2598 3071 non
2640 3007 2889 3066 dedecori
2933 3003 3066 3060 mihi
3112 3001 3268 3057 fore:
3300 3011 3459 3066 quem
3489 3007 3520 3047 e
3544 2993 3628 3046 vi-

2051 3117 2172 3174 cino
2206 3114 2333 3169 mihi
2362 3117 2654 3169 astantem,
2681 3097 3014 3158 concertanti
3047 3092 3266 3166 praemia
3289 3089 3628 3157 Iargientem,

2053 3207 2475 3280 patientiamque
2523 3203 2700 3252 meam
2748 3189 3170 3261 approbantem,
3219 3194 3435 3249 semper
3495 3175 3628 3230 vidi.

2053 3270 2204 3365 Quod
2246 3294 2290 3350 si
2322 3270 2446 3360 quis
2498 3283 2856 3342 contumelias
2891 3280 3169 3346 ipsamque
3222 3280 3449 3326 mortem
3485 3270 3632 3336 justo

2055 3386 2186 3442 mihi
2224 3384 2295 3438 ob
2345 3359 2552 3436 scelera
2585 3374 2828 3444 quzedam
2876 3368 3078 3422 illatam
3121 3378 3243 3420 esse
3277 3359 3634 3431 comprobare

2055 3479 2244 3550 possit,
2281 3476 2333 3528 in
2375 3471 2608 3526 medium
2639 3465 2898 3537 prodiens
2925 3457 3198 3519 ostendat,
3239 3454 3474 3524 siquam
3503 3465 3635 3506 cau-

2055 3587 2170 3628 sam
2203 3567 2284 3623 vel
2317 3562 2657 3620 occasionem
2691 3553 2857 3610 tantis
2887 3547 3232 3608 contumeliis
3271 3543 3509 3599 dederim
3537 3540 3632 3606 ;in

2057 3662 2311 3725 medium,
2339 3659 2574 3724 inquam,
2603 3648 2875 3720 prodiens,
2895 3652 3024 3709 stet,
3053 3655 3244 3709 meque
3265 3644 3475 3707 arguat.
3495 3633 3635 3688 Cum

2058 3765 2235 3811 autem
2269 3764 2428 3806 nemo
2467 3744 2597 3799 mihi
2630 3740 2834 3797 crimen
2883 3734 3081 3790 olferre
3121 3730 3324 3800 possit,
3349 3740 3523 3794 neque
3566 3725 3640 3779 de

2057 3846 2324 3910 doctrina,
2350 3852 2528 3906 neque
2561 3837 2628 3890 de
2649 3831 2904 3902 operibus
2929 3842 2958 3880 a
2987 3839 3072 3880 me
3095 3822 3281 3886 editis,
3304 3819 3426 3889 jure
3448 3814 3636 3872 Domi-

2059 3953 2162 3995 nus
2194 3935 2404 4006 adjutor
2444 3928 2574 3982 mihi
2607 3922 2797 3979 aderit.

2135 3998 2298 4084 Vsus.
2328 4025 2381 4080 8.
2419 4042 2438 4074 ι
2477 4019 2611 4088 Quia
2639 4017 2791 4085 juxta
2832 4021 2916 4069 est
2942 4011 3032 4081 qui
3071 4004 3337 4078 jnstifieat
3374 4016 3478 4057 me.
3505 3998 3638 4066 Quis

2051 4129 2144 4174 est
2163 4121 2254 4188 qui
2292 4116 2464 4183 litiget
2487 4107 2736 4166 meeum?
2765 4112 2870 4158 stet
2890 4111 3081 4157 contra
3111 4112 3197 4152 me
3227 4093 3408 4150 simul.
3431 4091 3492 4144 Et
3517 4089 3640 4157 quis

2062 4222 2144 4268 est
2172 4211 2261 4282 qui
2297 4209 2470 4277 litiget
2515 4215 2724 4257 mecum
2748 4199 2772 4252 ?
2796 4198 3019 4253 accedat
3047 4194 3112 4246 ad
3145 4203 3251 4245 me.
3282 4205 3304 4241 ι
3339 4185 3472 4239 Nam
3503 4181 3640 4234 ulci-

2063 4315 2266 4366 scente,
2297 4300 2492 4365 inquit,
2515 4299 2620 4350 Deo
2663 4302 2717 4346 el.
2751 4293 2934 4352 Patre,
2980 4295 3304 4349 omnemque
3335 4273 3640 4330 molestiam

2064 4409 2092 4447 a
2126 4393 2278 4446 vobis
2305 4390 2506 4442 illatam
2536 4384 2836 4445 auferente,
2867 4386 3152 4442 meamque
3177 4368 3401 4440 gloriam
3431 4362 3636 4419 consti-

1441 4493 1591 4551 ἔσται
1627 4491 1877 4548 τοσοῦτος
1906 4492 1953 4542 ἐκ

2070 4494 2274 4548 tuente,
2306 4482 2428 4550 quis
2464 4480 2517 4532 in
2548 4477 2700 4530 vobis
2729 4473 2854 4534 erit,
2896 4467 2984 4536 qui
3021 4460 3339 4518 immutabili
3363 4460 3477 4524 ejus
3508 4469 3642 4508 con-

2071 4577 2193 4636 silio
2239 4584 2295 4628 et
2345 4569 2606 4626 voluntati
2645 4565 2910 4621 obsistere
2948 4557 3158 4620 valeat,
3195 4564 3250 4608 et
3282 4551 3397 4616 ejus
3443 4548 3651 4603 auxilio

2072 4671 2333 4724 fruentem
2364 4658 2678 4732 opprimat?
2714 4657 2897 4724 Itaque
2926 4651 2971 4704 si
3006 4650 3095 4717 qui
3139 4648 3191 4701 in
3233 4637 3544 4700 Scribarum
3592 4650 3649 4695 et

2075 4731 2464 4814 Pharisaeormn
2499 4764 2658 4820 grege
2698 4747 2984 4816 prudentes
3003 4739 3244 4793 homines
3277 4736 3524 4797 fuissent,
3553 4731 3648 4785 ab-

2071 4852 2333 4908 stitissent
2362 4847 2546 4914 utique
2564 4858 2592 4895 a
2619 4834 3068 4894 machinamentis
3087 4841 3142 4886 et
3162 4823 3657 4897 conspirationibus

2072 4950 2334 5000 adversus
2362 4953 2484 4992 eum
2526 4933 2807 4994 conﬂatis;
2845 4943 2969 4981 cum
3015 4935 3328 4981 sanctorum
3362 4922 3654 4991 propheta-

2073 5049 2190 5089 rum
2248 5027 2557 5084 testimonio
2593 5021 2980 5093 prospicerent,
3021 5030 3080 5070 se
3118 5031 3222 5069 non
3261 5026 3418 5082 posse
3459 5007 3651 5060 laedere

2071 5125 2365 5185 Christum,
2390 5119 2481 5189 qui
2516 5117 2655 5172 Deus
2681 5125 2736 5169 et
2759 5111 3031 5176 Dominus,
3061 5123 3123 5163 ac
3159 5119 3318 5161 verus
3353 5101 3527 5156 Patris
3558 5097 3655 5153 Fi-

1992 5259 2016 5271 ._
2073 5217 2177 5271 lius
2213 5224 2376 5268 esset.

2146 5306 2310 5360 Vens.
2343 5303 2398 5359 9.
2445 5321 2462 5355 ι
2507 5303 2646 5356 Ecce
2703 5299 2964 5356 Dominus
3005 5292 3263 5350 Dominus
3307 5264 3660 5338 auxiliabitnr

2079 5398 2211 5452 mihi
2248 5413 2260 5450 :
2302 5394 2424 5464 quis
2468 5393 2624 5447 laedet
2661 5407 2746 5445 me
2789 5387 2984 5444 iEece
3024 5401 3120 5440 vos
3161 5392 3348 5436 omnes
3396 5385 3655 5441 tanquam

2082 5489 2462 5544 vestimentum
2503 5484 2868 5547 velerascetis,
2915 5490 2967 5534 et
3013 5479 3157 5534 tinea
3201 5469 3448 5527 comedet
3481 5479 3594 5521 vos.
3623 5482 3650 5517 ι

2083 5583 2245 5650 Queis
2275 5579 2540 5649 significat
2589 5575 2973 5646 antiquandam
3018 5569 3133 5624 fore
3180 5575 3493 5632 corporeum
3533 5556 3652 5613 cul-

2084 5684 2195 5731 tum
2240 5693 2252 5731 :
2307 5647 2564 5744 quidquid
2604 5668 2749 5726 enim
2783 5666 3095 5736 antiquatur
3128 5668 3184 5717 et
3233 5651 3502 5719 senescit,
3530 5647 3655 5706 rui-
