  <div class='ocr_page' id='page_1' title='image "/cluster/home/n/w/nwhite01/storage/ocr_20150623/24:no.6/coo.31924054873058/235.png"; bbox 0 0 4130 6374; ppageno 0'>
   <div class='ocr_carea' id='block_1_1' title="bbox 520 316 626 372">
    <p class='ocr_par' dir='ltr' id='par_1_1' title="bbox 520 316 626 372">
     <span class='ocr_line' id='line_1_1' title="bbox 520 316 626 372; baseline 0 0"><span class='ocrx_word' id='word_1_1' title='bbox 520 316 626 372; x_wconf 69' lang='lat' dir='ltr'><strong>H3</strong></span> 
     </span>
    </p>
   </div>
   <div class='ocr_carea' id='block_1_2' title="bbox 1188 315 3080 375">
    <p class='ocr_par' dir='ltr' id='par_1_2' title="bbox 1188 315 3080 375">
     <span class='ocr_line' id='line_1_2' title="bbox 1188 315 3080 375; baseline 0.001 -6"><span class='ocrx_word' id='word_1_2' title='bbox 1188 315 1457 372; x_wconf 85' lang='lat' dir='ltr'><strong>EUSEBll</strong></span> <span class='ocrx_word' id='word_1_3' title='bbox 1496 316 1982 375; x_wconf 70' lang='lat' dir='ltr'><strong>CA&#39;ISARlENSlS</strong></span> <span class='ocrx_word' id='word_1_4' title='bbox 2033 318 2175 375; x_wconf 70' lang='lat' dir='ltr'><strong>3P9.</strong></span> <span class='ocrx_word' id='word_1_5' title='bbox 2216 317 2396 374; x_wconf 77' lang='lat' dir='ltr'><strong>PARS</strong></span> <span class='ocrx_word' id='word_1_6' title='bbox 2434 316 2522 373; x_wconf 83' lang='grc' dir='ltr'><strong>ΙΙΙ.</strong></span> <span class='ocrx_word' id='word_1_7' title='bbox 2581 347 2630 360; x_wconf 89' lang='lat'><strong>-—</strong></span> <span class='ocrx_word' id='word_1_8' title='bbox 2671 315 3080 373; x_wconf 78' lang='lat' dir='ltr'><strong>EXEGETICA.</strong></span> 
     </span>
    </p>
   </div>
   <div class='ocr_carea' id='block_1_3' title="bbox 3652 312 3773 370">
    <p class='ocr_par' dir='ltr' id='par_1_3' title="bbox 3652 312 3773 370">
     <span class='ocr_line' id='line_1_3' title="bbox 3652 312 3773 370; baseline -0.025 0"><span class='ocrx_word' id='word_1_9' title='bbox 3652 312 3773 370; x_wconf 68' lang='grc'><strong>444</strong></span> 
     </span>
    </p>
   </div>
   <div class='ocr_carea' id='block_1_4' title="bbox 518 436 2095 513">
    <p class='ocr_par' dir='ltr' id='par_1_4' title="bbox 518 437 2078 510">
     <span class='ocr_line' id='line_1_4' title="bbox 518 437 2078 510; baseline 0.003 -17"><span class='ocrx_word' id='word_1_10' title='bbox 518 455 601 494; x_wconf 69' lang='lat' dir='ltr'><strong>nae</strong></span> <span class='ocrx_word' id='word_1_11' title='bbox 620 439 918 507; x_wconf 80' lang='lat' dir='ltr'><strong>proximum</strong></span> <span class='ocrx_word' id='word_1_12' title='bbox 949 445 1054 493; x_wconf 92' lang='lat' dir='ltr'><strong>est.</strong></span> <span class='ocrx_word' id='word_1_13' title='bbox 1091 437 1196 494; x_wconf 82' lang='lat' dir='ltr'><strong>Per</strong></span> <span class='ocrx_word' id='word_1_14' title='bbox 1232 441 1430 494; x_wconf 78' lang='lat' dir='ltr'><strong>tineam</strong></span> <span class='ocrx_word' id='word_1_15' title='bbox 1457 456 1585 495; x_wconf 90' lang='lat' dir='ltr'><strong>vero</strong></span> <span class='ocrx_word' id='word_1_16' title='bbox 1619 443 1762 510; x_wconf 86' lang='lat' dir='ltr'><strong>ipsos</strong></span> <span class='ocrx_word' id='word_1_17' title='bbox 1798 445 2078 500; x_wconf 79' lang='lat' dir='ltr'><strong>comeden-</strong></span> 
     </span>
    </p>
   </div>
   <div class='ocr_carea' id='block_1_5' title="bbox 2197 436 3768 513">
    <p class='ocr_par' dir='ltr' id='par_1_5' title="bbox 2197 436 3768 513">
     <span class='ocr_line' id='line_1_5' title="bbox 2197 436 3768 513; baseline -0.004 -18"><span class='ocrx_word' id='word_1_18' title='bbox 2197 441 2394 513; x_wconf 63' lang='grc' dir='ltr'>νισμοῦ.</span> <span class='ocrx_word' id='word_1_19' title='bbox 2431 443 2576 510; x_wconf 86' lang='grc' dir='ltr'>Σῆτα</span> <span class='ocrx_word' id='word_1_20' title='bbox 2618 441 2675 494; x_wconf 82' lang='grc' dir='ltr'><strong>δέ</strong></span> <span class='ocrx_word' id='word_1_21' title='bbox 2722 441 2815 494; x_wconf 80' lang='grc' dir='ltr'>καὶ</span> <span class='ocrx_word' id='word_1_22' title='bbox 2846 441 2940 493; x_wconf 82' lang='grc' dir='ltr'>τὸν</span> <span class='ocrx_word' id='word_1_23' title='bbox 2989 436 3508 509; x_wconf 78' lang='grc' dir='ltr'>καταϐιόρώσκοντα</span> <span class='ocrx_word' id='word_1_24' title='bbox 3558 436 3768 498; x_wconf 62' lang='grc' dir='ltr'>αὑτοὺς</span> 
     </span>
    </p>
   </div>
   <div class='ocr_carea' id='block_1_6' title="bbox 518 529 2086 604">
    <p class='ocr_par' dir='ltr' id='par_1_6' title="bbox 518 529 2086 604">
     <span class='ocr_line' id='line_1_6' title="bbox 518 529 2086 604; baseline 0.003 -19"><span class='ocrx_word' id='word_1_25' title='bbox 518 540 648 592; x_wconf 86' lang='lat' dir='ltr'><strong>tem,</strong></span> <span class='ocrx_word' id='word_1_26' title='bbox 681 529 1061 584; x_wconf 79' lang='lat' dir='ltr'><strong>conscientiam</strong></span> <span class='ocrx_word' id='word_1_27' title='bbox 1099 529 1360 584; x_wconf 89' lang='lat' dir='ltr'><strong>scelerum</strong></span> <span class='ocrx_word' id='word_1_28' title='bbox 1387 533 1458 585; x_wconf 85' lang='lat' dir='ltr'><strong>ab</strong></span> <span class='ocrx_word' id='word_1_29' title='bbox 1490 533 1620 600; x_wconf 83' lang='lat' dir='ltr'><strong>ipsis</strong></span> <span class='ocrx_word' id='word_1_30' title='bbox 1657 544 2086 604; x_wconf 71' lang='lat' dir='ltr'><strong>perpetratorum</strong></span> 
     </span>
    </p>
   </div>
   <div class='ocr_carea' id='block_1_7' title="bbox 514 621 2090 692">
    <p class='ocr_par' dir='ltr' id='par_1_7' title="bbox 514 621 2090 692">
     <span class='ocr_line' id='line_1_7' title="bbox 514 621 2090 692; baseline 0.002 -15"><span class='ocrx_word' id='word_1_31' title='bbox 514 621 802 692; x_wconf 78' lang='lat' dir='ltr'><strong>signiﬁcat,</strong></span> <span class='ocrx_word' id='word_1_32' title='bbox 834 635 951 688; x_wconf 69' lang='lat' dir='ltr'><strong>qua:</strong></span> <span class='ocrx_word' id='word_1_33' title='bbox 994 621 1162 674; x_wconf 84' lang='lat' dir='ltr'><strong>instar</strong></span> <span class='ocrx_word' id='word_1_34' title='bbox 1187 624 1387 677; x_wconf 86' lang='lat' dir='ltr'><strong>vermis</strong></span> <span class='ocrx_word' id='word_1_35' title='bbox 1425 624 1660 678; x_wconf 89' lang='lat' dir='ltr'><strong>animam</strong></span> <span class='ocrx_word' id='word_1_36' title='bbox 1704 626 1917 680; x_wconf 80' lang='lat' dir='ltr'><strong>exedet.</strong></span> <span class='ocrx_word' id='word_1_37' title='bbox 1949 625 2090 680; x_wconf 86' lang='lat' dir='ltr'><strong>Gen-</strong></span> 
     </span>
    </p>
   </div>
   <div class='ocr_carea' id='block_1_8' title="bbox 514 711 2089 785">
    <p class='ocr_par' dir='ltr' id='par_1_8' title="bbox 514 711 2089 785">
     <span class='ocr_line' id='line_1_8' title="bbox 514 711 2089 785; baseline 0.001 -19"><span class='ocrx_word' id='word_1_38' title='bbox 514 713 645 766; x_wconf 85' lang='lat' dir='ltr'><strong>tium</strong></span> <span class='ocrx_word' id='word_1_39' title='bbox 667 711 862 780; x_wconf 83' lang='lat' dir='ltr'><strong>quippe</strong></span> <span class='ocrx_word' id='word_1_40' title='bbox 877 711 1281 765; x_wconf 89' lang='lat' dir='ltr'><strong>conversionem</strong></span> <span class='ocrx_word' id='word_1_41' title='bbox 1301 712 1365 765; x_wconf 90' lang='lat' dir='ltr'><strong>ad</strong></span> <span class='ocrx_word' id='word_1_42' title='bbox 1387 711 1574 780; x_wconf 92' lang='lat' dir='ltr'><strong>Deum,</strong></span> <span class='ocrx_word' id='word_1_43' title='bbox 1598 728 1660 768; x_wconf 87' lang='lat' dir='ltr'><strong>ac</strong></span> <span class='ocrx_word' id='word_1_44' title='bbox 1681 714 1910 778; x_wconf 88' lang='lat' dir='ltr'><strong>ruinam,</strong></span> <span class='ocrx_word' id='word_1_45' title='bbox 1929 731 2089 785; x_wconf 88' lang='lat' dir='ltr'><strong>quam</strong></span> 
     </span>
    </p>
   </div>
   <div class='ocr_carea' id='block_1_9' title="bbox 515 799 2089 876">
    <p class='ocr_par' dir='ltr' id='par_1_9' title="bbox 515 799 2089 876">
     <span class='ocr_line' id='line_1_9' title="bbox 515 799 2089 876; baseline 0.005 -24"><span class='ocrx_word' id='word_1_46' title='bbox 515 799 812 869; x_wconf 83' lang='lat' dir='ltr'><strong>impietatis</strong></span> <span class='ocrx_word' id='word_1_47' title='bbox 842 815 951 854; x_wconf 71' lang='lat' dir='ltr'><strong>sua:</strong></span> <span class='ocrx_word' id='word_1_48' title='bbox 976 802 1148 868; x_wconf 73' lang='lat' dir='ltr'><strong>fcausa</strong></span> <span class='ocrx_word' id='word_1_49' title='bbox 1187 802 1582 870; x_wconf 90' lang='lat' dir='ltr'><strong>sustinuerunt,</strong></span> <span class='ocrx_word' id='word_1_50' title='bbox 1609 805 2026 876; x_wconf 85' lang='lat' dir='ltr'><strong>conspicientes,</strong></span> <span class='ocrx_word' id='word_1_51' title='bbox 2059 821 2089 860; x_wconf 92' lang='lat' dir='ltr'><strong>a</strong></span> 
     </span>
    </p>
   </div>
   <div class='ocr_carea' id='block_1_10' title="bbox 511 892 1662 955">
    <p class='ocr_par' dir='ltr' id='par_1_10' title="bbox 511 892 1662 955">
     <span class='ocr_line' id='line_1_10' title="bbox 511 892 1662 955; baseline 0.008 -10"><span class='ocrx_word' id='word_1_52' title='bbox 511 892 845 945; x_wconf 82' lang='lat' dir='ltr'><strong>c0nscientia</strong></span> <span class='ocrx_word' id='word_1_53' title='bbox 869 893 1212 948; x_wconf 85' lang='lat' dir='ltr'><strong>stimulantur</strong></span> <span class='ocrx_word' id='word_1_54' title='bbox 1236 905 1290 949; x_wconf 89' lang='lat' dir='ltr'><strong>et</strong></span> <span class='ocrx_word' id='word_1_55' title='bbox 1321 895 1662 955; x_wconf 84' lang='lat' dir='ltr'><strong>devorantur.</strong></span> 
     </span>
    </p>
   </div>
   <div class='ocr_carea' id='block_1_11' title="bbox 589 981 2090 1055">
    <p class='ocr_par' dir='ltr' id='par_1_11' title="bbox 589 981 2090 1055">
     <span class='ocr_line' id='line_1_11' title="bbox 589 981 2090 1055; baseline 0.007 -21"><span class='ocrx_word' id='word_1_56' title='bbox 589 981 751 1037; x_wconf 73' lang='lat' dir='ltr'><strong>Vens.</strong></span> <span class='ocrx_word' id='word_1_57' title='bbox 782 984 868 1038; x_wconf 74' lang='lat' dir='ltr'><strong>i0.</strong></span> <span class='ocrx_word' id='word_1_58' title='bbox 893 1004 910 1035; x_wconf 76' lang='grc' dir='ltr'><strong>ι</strong></span> <span class='ocrx_word' id='word_1_59' title='bbox 932 985 1061 1050; x_wconf 83' lang='lat' dir='ltr'><strong>Quis</strong></span> <span class='ocrx_word' id='word_1_60' title='bbox 1084 996 1168 1040; x_wconf 91' lang='lat' dir='ltr'><strong>est</strong></span> <span class='ocrx_word' id='word_1_61' title='bbox 1199 987 1255 1040; x_wconf 91' lang='lat' dir='ltr'><strong>in</strong></span> <span class='ocrx_word' id='word_1_62' title='bbox 1287 987 1440 1042; x_wconf 83' lang='lat' dir='ltr'><strong>vobis</strong></span> <span class='ocrx_word' id='word_1_63' title='bbox 1464 988 1552 1055; x_wconf 88' lang='lat' dir='ltr'><strong>qui</strong></span> <span class='ocrx_word' id='word_1_64' title='bbox 1585 990 1738 1043; x_wconf 89' lang='lat' dir='ltr'><strong>timet</strong></span> <span class='ocrx_word' id='word_1_65' title='bbox 1772 989 2090 1044; x_wconf 79' lang='lat' dir='ltr'><strong>Dominum?</strong></span> 
     </span>
    </p>
   </div>
   <div class='ocr_carea' id='block_1_12' title="bbox 515 1071 2088 1144">
    <p class='ocr_par' dir='ltr' id='par_1_12' title="bbox 515 1071 2088 1144">
     <span class='ocr_line' id='line_1_12' title="bbox 515 1071 2088 1144; baseline 0.004 -18"><span class='ocrx_word' id='word_1_66' title='bbox 515 1071 702 1126; x_wconf 88' lang='lat' dir='ltr'><strong>audiat</strong></span> <span class='ocrx_word' id='word_1_67' title='bbox 727 1086 909 1127; x_wconf 90' lang='lat' dir='ltr'><strong>vocem</strong></span> <span class='ocrx_word' id='word_1_68' title='bbox 951 1076 1098 1142; x_wconf 86' lang='lat' dir='ltr'><strong>pueri</strong></span> <span class='ocrx_word' id='word_1_69' title='bbox 1129 1074 1266 1144; x_wconf 87' lang='lat' dir='ltr'><strong>ejus.</strong></span> <span class='ocrx_word' id='word_1_70' title='bbox 1322 1077 1668 1133; x_wconf 83' lang='lat' dir='ltr'><strong>Ambulantes</strong></span> <span class='ocrx_word' id='word_1_71' title='bbox 1721 1078 1775 1132; x_wconf 91' lang='lat' dir='ltr'><strong>in</strong></span> <span class='ocrx_word' id='word_1_72' title='bbox 1835 1077 2088 1144; x_wconf 89' lang='lat' dir='ltr'><strong>tenebris,</strong></span> 
     </span>
    </p>
   </div>
   <div class='ocr_carea' id='block_1_13' title="bbox 513 1166 2093 1236">
    <p class='ocr_par' dir='ltr' id='par_1_13' title="bbox 513 1166 2093 1236">
     <span class='ocr_line' id='line_1_13' title="bbox 513 1166 2093 1236; baseline 0.006 -17"><span class='ocrx_word' id='word_1_73' title='bbox 513 1173 572 1219; x_wconf 74' lang='lat' dir='ltr'><strong>et</strong></span> <span class='ocrx_word' id='word_1_74' title='bbox 607 1179 712 1218; x_wconf 91' lang='lat' dir='ltr'><strong>non</strong></span> <span class='ocrx_word' id='word_1_75' title='bbox 744 1174 826 1219; x_wconf 91' lang='lat' dir='ltr'><strong>est</strong></span> <span class='ocrx_word' id='word_1_76' title='bbox 859 1166 938 1220; x_wconf 91' lang='lat' dir='ltr'><strong>eis</strong></span> <span class='ocrx_word' id='word_1_77' title='bbox 968 1166 1080 1230; x_wconf 77' lang='lat' dir='ltr'><strong>lux,</strong></span> <span class='ocrx_word' id='word_1_78' title='bbox 1125 1168 1380 1222; x_wconf 83' lang='lat' dir='ltr'><strong>conﬁdite</strong></span> <span class='ocrx_word' id='word_1_79' title='bbox 1417 1169 1468 1223; x_wconf 91' lang='lat' dir='ltr'><strong>in</strong></span> <span class='ocrx_word' id='word_1_80' title='bbox 1503 1172 1723 1224; x_wconf 82' lang='lat' dir='ltr'><strong>nomine</strong></span> <span class='ocrx_word' id='word_1_81' title='bbox 1768 1170 2006 1236; x_wconf 89' lang='lat' dir='ltr'><strong>Domini,</strong></span> <span class='ocrx_word' id='word_1_82' title='bbox 2039 1182 2093 1228; x_wconf 91' lang='lat' dir='ltr'><strong>et</strong></span> 
     </span>
    </p>
   </div>
   <div class='ocr_carea' id='block_1_14' title="bbox 517 1254 2093 1331">
    <p class='ocr_par' dir='ltr' id='par_1_14' title="bbox 517 1254 2093 1331">
     <span class='ocr_line' id='line_1_14' title="bbox 517 1254 2093 1331; baseline 0.006 -22"><span class='ocrx_word' id='word_1_83' title='bbox 517 1254 810 1310; x_wconf 89' lang='lat' dir='ltr'><strong>innitimini</strong></span> <span class='ocrx_word' id='word_1_84' title='bbox 843 1255 970 1312; x_wconf 90' lang='lat' dir='ltr'><strong>Deo.</strong></span> <span class='ocrx_word' id='word_1_85' title='bbox 1001 1277 1020 1309; x_wconf 75' lang='grc' dir='ltr'><strong>ι</strong></span> <span class='ocrx_word' id='word_1_86' title='bbox 1046 1257 1229 1330; x_wconf 79' lang='lat' dir='ltr'><strong>Neque</strong></span> <span class='ocrx_word' id='word_1_87' title='bbox 1263 1262 1404 1315; x_wconf 89' lang='lat' dir='ltr'><strong>enim</strong></span> <span class='ocrx_word' id='word_1_88' title='bbox 1437 1262 1556 1315; x_wconf 91' lang='lat' dir='ltr'><strong>volo</strong></span> <span class='ocrx_word' id='word_1_89' title='bbox 1582 1271 1808 1316; x_wconf 92' lang='lat' dir='ltr'><strong>mortem</strong></span> <span class='ocrx_word' id='word_1_90' title='bbox 1840 1272 2093 1331; x_wconf 87' lang='lat' dir='ltr'><strong>peccato-</strong></span> 
     </span>
    </p>
   </div>
   <div class='ocr_carea' id='block_1_15' title="bbox 516 1347 2092 1420">
    <p class='ocr_par' dir='ltr' id='par_1_15' title="bbox 516 1347 2092 1420">
     <span class='ocr_line' id='line_1_15' title="bbox 516 1347 2092 1420; baseline 0.004 -18"><span class='ocrx_word' id='word_1_91' title='bbox 516 1349 616 1410; x_wconf 78' lang='lat' dir='ltr'><strong>ris,</strong></span> <span class='ocrx_word' id='word_1_92' title='bbox 640 1347 781 1402; x_wconf 88' lang='lat' dir='ltr'><strong>sicut</strong></span> <span class='ocrx_word' id='word_1_93' title='bbox 813 1351 1183 1416; x_wconf 61' lang='lat' dir='ltr'><strong>paenitentiam</strong></span> <span class='ocrx_word' id='word_1_94' title='bbox 1227 1353 1365 1420; x_wconf 85' lang='lat' dir='ltr'><strong>ejus.</strong></span> <span class='ocrx_word' id='word_1_95' title='bbox 1391 1352 1570 1419; x_wconf 83' lang='lat' dir='ltr'><strong>Quare</strong></span> <span class='ocrx_word' id='word_1_96' title='bbox 1605 1354 1767 1407; x_wconf 89' lang='lat' dir='ltr'><strong>etiam</strong></span> <span class='ocrx_word' id='word_1_97' title='bbox 1813 1369 1956 1408; x_wconf 90' lang='lat' dir='ltr'><strong>nunc</strong></span> <span class='ocrx_word' id='word_1_98' title='bbox 2000 1369 2092 1409; x_wconf 87' lang='lat' dir='ltr'><strong>vos</strong></span> 
     </span>
    </p>
   </div>
   <div class='ocr_carea' id='block_1_16' title="bbox 512 1435 2092 1508">
    <p class='ocr_par' dir='ltr' id='par_1_16' title="bbox 512 1435 2092 1508">
     <span class='ocr_line' id='line_1_16' title="bbox 512 1435 2092 1508; baseline 0.005 -22"><span class='ocrx_word' id='word_1_99' title='bbox 512 1446 704 1499; x_wconf 86' lang='lat' dir='ltr'><strong>evoco,</strong></span> <span class='ocrx_word' id='word_1_100' title='bbox 733 1436 822 1504; x_wconf 90' lang='lat' dir='ltr'><strong>qui</strong></span> <span class='ocrx_word' id='word_1_101' title='bbox 872 1435 926 1488; x_wconf 89' lang='lat' dir='ltr'><strong>in</strong></span> <span class='ocrx_word' id='word_1_102' title='bbox 961 1436 1200 1493; x_wconf 88' lang='lat' dir='ltr'><strong>tenebris</strong></span> <span class='ocrx_word' id='word_1_103' title='bbox 1248 1440 1566 1508; x_wconf 74' lang='lat' dir='ltr'><strong>ignorantia:</strong></span> <span class='ocrx_word' id='word_1_104' title='bbox 1613 1441 1926 1496; x_wconf 86' lang='lat' dir='ltr'><strong>versamini.</strong></span> <span class='ocrx_word' id='word_1_105' title='bbox 1959 1440 2092 1496; x_wconf 88' lang='lat' dir='ltr'><strong>Cum</strong></span> 
     </span>
    </p>
   </div>
   <div class='ocr_carea' id='block_1_17' title="bbox 515 1528 2096 1602">
    <p class='ocr_par' dir='ltr' id='par_1_17' title="bbox 515 1528 2096 1602">
     <span class='ocr_line' id='line_1_17' title="bbox 515 1528 2096 1602; baseline 0.006 -25"><span class='ocrx_word' id='word_1_106' title='bbox 515 1533 697 1578; x_wconf 89' lang='lat' dir='ltr'><strong>autem</strong></span> <span class='ocrx_word' id='word_1_107' title='bbox 722 1541 945 1594; x_wconf 89' lang='lat' dir='ltr'><strong>puerum</strong></span> <span class='ocrx_word' id='word_1_108' title='bbox 974 1528 1063 1582; x_wconf 90' lang='lat' dir='ltr'><strong>Dei</strong></span> <span class='ocrx_word' id='word_1_109' title='bbox 1083 1543 1202 1585; x_wconf 85' lang='lat' dir='ltr'><strong>sese</strong></span> <span class='ocrx_word' id='word_1_110' title='bbox 1224 1541 1520 1599; x_wconf 86' lang='lat' dir='ltr'><strong>nuncupat,</strong></span> <span class='ocrx_word' id='word_1_111' title='bbox 1547 1531 1948 1600; x_wconf 88' lang='lat' dir='ltr'><strong>intelligendum</strong></span> <span class='ocrx_word' id='word_1_112' title='bbox 1967 1547 2096 1602; x_wconf 73' lang='lat' dir='ltr'><strong>pra:-</strong></span> 
     </span>
    </p>
   </div>
   <div class='ocr_carea' id='block_1_18' title="bbox 515 1615 2085 1687">
    <p class='ocr_par' dir='ltr' id='par_1_18' title="bbox 515 1615 2085 1687">
     <span class='ocr_line' id='line_1_18' title="bbox 515 1615 2085 1687; baseline 0.007 -18"><span class='ocrx_word' id='word_1_113' title='bbox 515 1615 631 1677; x_wconf 85' lang='lat' dir='ltr'><strong>bet,</strong></span> <span class='ocrx_word' id='word_1_114' title='bbox 657 1630 738 1678; x_wconf 87' lang='lat' dir='ltr'><strong>se,</strong></span> <span class='ocrx_word' id='word_1_115' title='bbox 765 1617 856 1687; x_wconf 90' lang='lat' dir='ltr'><strong>qui</strong></span> <span class='ocrx_word' id='word_1_116' title='bbox 886 1618 1046 1672; x_wconf 90' lang='lat' dir='ltr'><strong>homo</strong></span> <span class='ocrx_word' id='word_1_117' title='bbox 1070 1620 1246 1674; x_wconf 82' lang='lat' dir='ltr'><strong>factus</strong></span> <span class='ocrx_word' id='word_1_118' title='bbox 1267 1631 1370 1686; x_wconf 87' lang='lat' dir='ltr'><strong>est,</strong></span> <span class='ocrx_word' id='word_1_119' title='bbox 1394 1637 1579 1676; x_wconf 88' lang='lat' dir='ltr'><strong>verum</strong></span> <span class='ocrx_word' id='word_1_120' title='bbox 1607 1623 1695 1678; x_wconf 87' lang='lat' dir='ltr'><strong>Dei</strong></span> <span class='ocrx_word' id='word_1_121' title='bbox 1716 1634 1770 1678; x_wconf 92' lang='lat' dir='ltr'><strong>et</strong></span> <span class='ocrx_word' id='word_1_122' title='bbox 1788 1623 1961 1680; x_wconf 81' lang='lat' dir='ltr'><strong>Patris</strong></span> <span class='ocrx_word' id='word_1_123' title='bbox 1991 1626 2085 1680; x_wconf 56' lang='lat' dir='ltr'><strong>illi.</strong></span> 
     </span>
    </p>
   </div>
   <div class='ocr_carea' id='block_1_19' title="bbox 515 1711 2094 1788">
    <p class='ocr_par' dir='ltr' id='par_1_19' title="bbox 515 1711 2094 1788">
     <span class='ocr_line' id='line_1_19' title="bbox 515 1711 2094 1788; baseline 0.008 -29"><span class='ocrx_word' id='word_1_124' title='bbox 515 1722 606 1760; x_wconf 88' lang='lat' dir='ltr'><strong>um</strong></span> <span class='ocrx_word' id='word_1_125' title='bbox 623 1723 772 1764; x_wconf 90' lang='lat' dir='ltr'><strong>esse:</strong></span> <span class='ocrx_word' id='word_1_126' title='bbox 791 1711 934 1778; x_wconf 90' lang='lat' dir='ltr'><strong>quod</strong></span> <span class='ocrx_word' id='word_1_127' title='bbox 958 1727 1084 1766; x_wconf 88' lang='lat' dir='ltr'><strong>vero</strong></span> <span class='ocrx_word' id='word_1_128' title='bbox 1103 1729 1203 1768; x_wconf 77' lang='lat' dir='ltr'><strong>vox</strong></span> <span class='ocrx_word' id='word_1_129' title='bbox 1225 1713 1339 1782; x_wconf 83' lang='lat' dir='ltr'><strong>ejus</strong></span> <span class='ocrx_word' id='word_1_130' title='bbox 1353 1716 1616 1769; x_wconf 87' lang='lat' dir='ltr'><strong>audienda</strong></span> <span class='ocrx_word' id='word_1_131' title='bbox 1645 1716 1804 1780; x_wconf 83' lang='lat' dir='ltr'><strong>foret,</strong></span> <span class='ocrx_word' id='word_1_132' title='bbox 1822 1717 1874 1771; x_wconf 93' lang='lat' dir='ltr'><strong>id</strong></span> <span class='ocrx_word' id='word_1_133' title='bbox 1893 1733 2094 1788; x_wconf 83' lang='lat' dir='ltr'><strong>nequa-</strong></span> 
     </span>
    </p>
   </div>
   <div class='ocr_carea' id='block_1_20' title="bbox 2189 525 3775 604">
    <p class='ocr_par' dir='ltr' id='par_1_20' title="bbox 2189 525 3775 604">
     <span class='ocr_line' id='line_1_20' title="bbox 2189 525 3775 604; baseline -0.004 -18"><span class='ocrx_word' id='word_1_134' title='bbox 2189 533 2286 604; x_wconf 79' lang='grc' dir='ltr'>τὴν</span> <span class='ocrx_word' id='word_1_135' title='bbox 2318 532 2620 603; x_wconf 83' lang='grc' dir='ltr'><strong>συνείδησιν</strong></span> <span class='ocrx_word' id='word_1_136' title='bbox 2656 525 2730 585; x_wconf 83' lang='grc' dir='ltr'><strong>ὧν</strong></span> <span class='ocrx_word' id='word_1_137' title='bbox 2765 532 3127 602; x_wconf 90' lang='grc' dir='ltr'>τετολμήκασι</span> <span class='ocrx_word' id='word_1_138' title='bbox 3157 529 3325 599; x_wconf 87' lang='grc' dir='ltr'>δηλοῖ,</span> <span class='ocrx_word' id='word_1_139' title='bbox 3361 529 3515 600; x_wconf 88' lang='grc' dir='ltr'>δίκην</span> <span class='ocrx_word' id='word_1_140' title='bbox 3548 528 3775 599; x_wconf 80' lang='grc' dir='ltr'>σκώλη-</span> 
     </span>
    </p>
   </div>
   <div class='ocr_carea' id='block_1_21' title="bbox 2190 618 3772 692">
    <p class='ocr_par' dir='ltr' id='par_1_21' title="bbox 2190 618 3772 692">
     <span class='ocr_line' id='line_1_21' title="bbox 2190 618 3772 692; baseline -0.003 -17"><span class='ocrx_word' id='word_1_141' title='bbox 2190 639 2284 685; x_wconf 90' lang='grc' dir='ltr'><strong>κος</strong></span> <span class='ocrx_word' id='word_1_142' title='bbox 2345 620 2735 692; x_wconf 80' lang='grc' dir='ltr'><strong>κατεσθιούσης</strong></span> <span class='ocrx_word' id='word_1_143' title='bbox 2789 621 2889 692; x_wconf 82' lang='grc' dir='ltr'><strong>τὴν</strong></span> <span class='ocrx_word' id='word_1_144' title='bbox 2932 621 3128 691; x_wconf 78' lang='grc' dir='ltr'>ψυχήν.</span> <span class='ocrx_word' id='word_1_145' title='bbox 3191 618 3455 690; x_wconf 86' lang='grc' dir='ltr'>Ὀρῶντες</span> <span class='ocrx_word' id='word_1_146' title='bbox 3503 619 3610 690; x_wconf 85' lang='grc' dir='ltr'>γὰρ</span> <span class='ocrx_word' id='word_1_147' title='bbox 3663 619 3772 688; x_wconf 83' lang='grc' dir='ltr'>τὴν</span> 
     </span>
    </p>
   </div>
   <div class='ocr_carea' id='block_1_22' title="bbox 2188 709 3773 783">
    <p class='ocr_par' dir='ltr' id='par_1_22' title="bbox 2188 709 3773 783">
     <span class='ocr_line' id='line_1_22' title="bbox 2188 709 3773 783; baseline -0.001 -19"><span class='ocrx_word' id='word_1_148' title='bbox 2188 711 2295 765; x_wconf 83' lang='grc' dir='ltr'><strong>τῶν</strong></span> <span class='ocrx_word' id='word_1_149' title='bbox 2348 711 2515 766; x_wconf 83' lang='grc' dir='ltr'>ἐθνῶν</span> <span class='ocrx_word' id='word_1_150' title='bbox 2561 713 2697 783; x_wconf 87' lang='grc' dir='ltr'>πρὸς</span> <span class='ocrx_word' id='word_1_151' title='bbox 2734 713 2864 765; x_wconf 82' lang='grc' dir='ltr'>Θεὸν</span> <span class='ocrx_word' id='word_1_152' title='bbox 2903 711 3256 782; x_wconf 85' lang='grc' dir='ltr'>ἐπιστροφὴν,</span> <span class='ocrx_word' id='word_1_153' title='bbox 3288 711 3381 764; x_wconf 89' lang='lat' dir='ltr'><strong>xui</strong></span> <span class='ocrx_word' id='word_1_154' title='bbox 3425 710 3524 781; x_wconf 83' lang='grc' dir='ltr'><strong>τὴν</strong></span> <span class='ocrx_word' id='word_1_155' title='bbox 3555 709 3773 762; x_wconf 75' lang='grc' dir='ltr'>ἑαυτῶν</span> 
     </span>
    </p>
   </div>
   <div class='ocr_carea' id='block_1_23' title="bbox 2191 799 3767 874">
    <p class='ocr_par' dir='ltr' id='par_1_23' title="bbox 2191 799 3767 874">
     <span class='ocr_line' id='line_1_23' title="bbox 2191 799 3767 874; baseline -0.002 -20"><span class='ocrx_word' id='word_1_156' title='bbox 2191 803 2525 866; x_wconf 82' lang='grc' dir='ltr'>ἀπόπτωσιν,</span> <span class='ocrx_word' id='word_1_157' title='bbox 2585 805 2650 873; x_wconf 83' lang='grc' dir='ltr'><strong>ἥν</strong></span> <span class='ocrx_word' id='word_1_158' title='bbox 2691 803 2986 874; x_wconf 87' lang='grc' dir='ltr'>ὑπέμειναν</span> <span class='ocrx_word' id='word_1_159' title='bbox 3020 801 3106 854; x_wconf 81' lang='grc' dir='ltr'>διὰ</span> <span class='ocrx_word' id='word_1_160' title='bbox 3153 801 3251 864; x_wconf 80' lang='grc' dir='ltr'><strong>τὰς</strong></span> <span class='ocrx_word' id='word_1_161' title='bbox 3279 800 3530 862; x_wconf 77' lang='grc' dir='ltr'>ἀσεϐείας</span> <span class='ocrx_word' id='word_1_162' title='bbox 3555 799 3767 861; x_wconf 74' lang='grc' dir='ltr'>αὐτῶν,</span> 
     </span>
    </p>
   </div>
   <div class='ocr_carea' id='block_1_24' title="bbox 2194 891 3764 964">
    <p class='ocr_par' dir='ltr' id='par_1_24' title="bbox 2194 891 3764 964">
     <span class='ocr_line' id='line_1_24' title="bbox 2194 891 3764 964; baseline -0.001 -17"><span class='ocrx_word' id='word_1_163' title='bbox 2194 895 2299 947; x_wconf 85' lang='grc' dir='ltr'><strong>ὑπὸ</strong></span> <span class='ocrx_word' id='word_1_164' title='bbox 2312 894 2410 964; x_wconf 86' lang='grc' dir='ltr'><strong>τῆς</strong></span> <span class='ocrx_word' id='word_1_165' title='bbox 2441 893 2794 964; x_wconf 84' lang='grc' dir='ltr'>συνειδήσεως</span> <span class='ocrx_word' id='word_1_166' title='bbox 2823 891 3211 963; x_wconf 80' lang='grc' dir='ltr'><strong>τιτρώσκονται</strong></span> <span class='ocrx_word' id='word_1_167' title='bbox 3237 894 3330 946; x_wconf 91' lang='lat' dir='ltr'><strong>xui</strong></span> <span class='ocrx_word' id='word_1_168' title='bbox 3359 892 3764 946; x_wconf 86' lang='grc' dir='ltr'>κατεσθίονται.</span> 
     </span>
    </p>
   </div>
   <div class='ocr_carea' id='block_1_25' title="bbox 2265 983 3775 1056">
    <p class='ocr_par' dir='ltr' id='par_1_25' title="bbox 2265 983 3775 1056">
     <span class='ocr_line' id='line_1_25' title="bbox 2265 983 3775 1056; baseline -0.001 -18"><span class='ocrx_word' id='word_1_169' title='bbox 2265 1005 2285 1038; x_wconf 72' lang='grc' dir='ltr'><strong>ι</strong></span> <span class='ocrx_word' id='word_1_170' title='bbox 2322 985 2415 1049; x_wconf 89' lang='grc' dir='ltr'><strong>Τίς</strong></span> <span class='ocrx_word' id='word_1_171' title='bbox 2437 987 2493 1038; x_wconf 85' lang='grc' dir='ltr'><strong>ἐν</strong></span> <span class='ocrx_word' id='word_1_172' title='bbox 2514 987 2640 1056; x_wconf 84' lang='grc' dir='ltr'>ὑμῖν</span> <span class='ocrx_word' id='word_1_173' title='bbox 2662 988 2690 1038; x_wconf 88' lang='grc' dir='ltr'><strong>ό</strong></span> <span class='ocrx_word' id='word_1_174' title='bbox 2713 984 2875 1054; x_wconf 79' lang='grc' dir='ltr'>φοὸού</span> <span class='ocrx_word' id='word_1_175' title='bbox 2884 1002 3041 1055; x_wconf 85' lang='grc' dir='ltr'>μενος</span> <span class='ocrx_word' id='word_1_176' title='bbox 3067 985 3159 1038; x_wconf 79' lang='grc' dir='ltr'><strong>τὸν</strong></span> <span class='ocrx_word' id='word_1_177' title='bbox 3190 985 3390 1055; x_wconf 83' lang='grc' dir='ltr'>Κύριον</span> <span class='ocrx_word' id='word_1_178' title='bbox 3413 1002 3428 1050; x_wconf 90' lang='lat'><strong>;</strong></span> <span class='ocrx_word' id='word_1_179' title='bbox 3458 983 3775 1038; x_wconf 82' lang='grc' dir='ltr'>ὑπακουσά-</span> 
     </span>
    </p>
   </div>
   <div class='ocr_carea' id='block_1_26' title="bbox 2189 1074 3774 1146">
    <p class='ocr_par' dir='ltr' id='par_1_26' title="bbox 2189 1074 3774 1146">
     <span class='ocr_line' id='line_1_26' title="bbox 2189 1074 3774 1146; baseline -0.002 -18"><span class='ocrx_word' id='word_1_180' title='bbox 2189 1093 2268 1129; x_wconf 90' lang='grc' dir='ltr'><strong>τω</strong></span> <span class='ocrx_word' id='word_1_181' title='bbox 2314 1077 2413 1146; x_wconf 89' lang='grc' dir='ltr'><strong>τῆς</strong></span> <span class='ocrx_word' id='word_1_182' title='bbox 2447 1075 2630 1146; x_wconf 81' lang='grc' dir='ltr'><strong>φωνῆς</strong></span> <span class='ocrx_word' id='word_1_183' title='bbox 2654 1074 2747 1128; x_wconf 89' lang='grc' dir='ltr'><strong>τοῦ</strong></span> <span class='ocrx_word' id='word_1_184' title='bbox 2784 1074 2970 1137; x_wconf 81' lang='grc' dir='ltr'>παιδὸς</span> <span class='ocrx_word' id='word_1_185' title='bbox 3003 1074 3190 1130; x_wconf 89' lang='grc' dir='ltr'>αὑτοῦ.</span> <span class='ocrx_word' id='word_1_186' title='bbox 3223 1076 3286 1128; x_wconf 75' lang='lat' dir='ltr'><strong>0i</strong></span> <span class='ocrx_word' id='word_1_187' title='bbox 3314 1074 3666 1146; x_wconf 83' lang='grc' dir='ltr'>πορευόμενοι</span> <span class='ocrx_word' id='word_1_188' title='bbox 3706 1075 3774 1126; x_wconf 89' lang='grc' dir='ltr'><strong>ἐν</strong></span> 
     </span>
    </p>
   </div>
   <div class='ocr_carea' id='block_1_27' title="bbox 2195 1163 3775 1235">
    <p class='ocr_par' dir='ltr' id='par_1_27' title="bbox 2195 1163 3775 1235">
     <span class='ocr_line' id='line_1_27' title="bbox 2195 1163 3775 1235; baseline -0.003 -14"><span class='ocrx_word' id='word_1_189' title='bbox 2195 1167 2394 1232; x_wconf 84' lang='grc' dir='ltr'>σκότει,</span> <span class='ocrx_word' id='word_1_190' title='bbox 2422 1167 2514 1220; x_wconf 80' lang='grc' dir='ltr'><strong>καὶ</strong></span> <span class='ocrx_word' id='word_1_191' title='bbox 2548 1167 2645 1220; x_wconf 88' lang='grc' dir='ltr'><strong>οὑκ</strong></span> <span class='ocrx_word' id='word_1_192' title='bbox 2672 1166 2817 1219; x_wconf 79' lang='grc' dir='ltr'>ἔστιν</span> <span class='ocrx_word' id='word_1_193' title='bbox 2849 1166 3030 1230; x_wconf 87' lang='grc' dir='ltr'>αὑτοῖς</span> <span class='ocrx_word' id='word_1_194' title='bbox 3059 1167 3200 1235; x_wconf 85' lang='grc' dir='ltr'>φῶς,</span> <span class='ocrx_word' id='word_1_195' title='bbox 3230 1166 3524 1220; x_wconf 89' lang='grc' dir='ltr'>πεποίθατε</span> <span class='ocrx_word' id='word_1_196' title='bbox 3563 1165 3656 1218; x_wconf 74' lang='grc' dir='ltr'><strong>ἐπὶ</strong></span> <span class='ocrx_word' id='word_1_197' title='bbox 3682 1163 3775 1235; x_wconf 82' lang='grc' dir='ltr'>τῷ</span> 
     </span>
    </p>
   </div>
   <div class='ocr_carea' id='block_1_28' title="bbox 2191 1255 3768 1330">
    <p class='ocr_par' dir='ltr' id='par_1_28' title="bbox 2191 1255 3768 1330">
     <span class='ocr_line' id='line_1_28' title="bbox 2191 1255 3768 1330; baseline -0.003 -18"><span class='ocrx_word' id='word_1_198' title='bbox 2191 1259 2411 1330; x_wconf 83' lang='grc' dir='ltr'>ὀνόματι</span> <span class='ocrx_word' id='word_1_199' title='bbox 2439 1258 2663 1330; x_wconf 80' lang='grc' dir='ltr'>Κυρίου,</span> <span class='ocrx_word' id='word_1_200' title='bbox 2714 1260 2808 1312; x_wconf 88' lang='lat' dir='ltr'><strong>xui</strong></span> <span class='ocrx_word' id='word_1_201' title='bbox 2847 1257 3295 1330; x_wconf 87' lang='grc' dir='ltr'>ἀντιστηρίσασθε</span> <span class='ocrx_word' id='word_1_202' title='bbox 3326 1256 3418 1309; x_wconf 73' lang='grc' dir='ltr'><strong>ἐπὶ</strong></span> <span class='ocrx_word' id='word_1_203' title='bbox 3459 1255 3537 1326; x_wconf 78' lang='grc' dir='ltr'>τῷ</span> <span class='ocrx_word' id='word_1_204' title='bbox 3563 1255 3699 1326; x_wconf 87' lang='grc' dir='ltr'>Θεῷ.</span> <span class='ocrx_word' id='word_1_205' title='bbox 3744 1275 3768 1308; x_wconf 71' lang='grc' dir='ltr'><strong>ι</strong></span> 
     </span>
    </p>
   </div>
   <div class='ocr_carea' id='block_1_29' title="bbox 2193 1343 3777 1419">
    <p class='ocr_par' dir='ltr' id='par_1_29' title="bbox 2193 1343 3777 1419">
     <span class='ocr_line' id='line_1_29' title="bbox 2193 1343 3777 1419; baseline -0.006 -13"><span class='ocrx_word' id='word_1_206' title='bbox 2193 1352 2270 1406; x_wconf 85' lang='grc' dir='ltr'>Οὑ</span> <span class='ocrx_word' id='word_1_207' title='bbox 2295 1349 2403 1419; x_wconf 81' lang='grc' dir='ltr'><strong>γάρ</strong></span> <span class='ocrx_word' id='word_1_208' title='bbox 2435 1348 2690 1419; x_wconf 84' lang='grc' dir='ltr'>βούλομαι</span> <span class='ocrx_word' id='word_1_209' title='bbox 2713 1349 2804 1401; x_wconf 83' lang='grc' dir='ltr'><strong>τὸν</strong></span> <span class='ocrx_word' id='word_1_210' title='bbox 2827 1347 3052 1402; x_wconf 89' lang='grc' dir='ltr'>θάνατον</span> <span class='ocrx_word' id='word_1_211' title='bbox 3077 1345 3168 1400; x_wconf 91' lang='grc' dir='ltr'><strong>τοῦ</strong></span> <span class='ocrx_word' id='word_1_212' title='bbox 3197 1344 3544 1416; x_wconf 78' lang='grc' dir='ltr'>άμαρτωλοῦ,</span> <span class='ocrx_word' id='word_1_213' title='bbox 3563 1345 3636 1408; x_wconf 87' lang='grc' dir='ltr'>ὼς</span> <span class='ocrx_word' id='word_1_214' title='bbox 3664 1343 3777 1416; x_wconf 84' lang='grc' dir='ltr'>τὴν</span> 
     </span>
    </p>
   </div>
   <div class='ocr_carea' id='block_1_30' title="bbox 2196 1436 3778 1514">
    <p class='ocr_par' dir='ltr' id='par_1_30' title="bbox 2196 1436 3778 1514">
     <span class='ocr_line' id='line_1_30' title="bbox 2196 1436 3778 1514; baseline -0.004 -20"><span class='ocrx_word' id='word_1_215' title='bbox 2196 1441 2484 1514; x_wconf 89' lang='grc' dir='ltr'>μετάνοιαν</span> <span class='ocrx_word' id='word_1_216' title='bbox 2517 1439 2702 1495; x_wconf 88' lang='grc' dir='ltr'>αὑτοῦ.</span> <span class='ocrx_word' id='word_1_217' title='bbox 2736 1439 2895 1493; x_wconf 82' lang='grc' dir='ltr'>Ὅθεν</span> <span class='ocrx_word' id='word_1_218' title='bbox 2926 1439 3008 1492; x_wconf 81' lang='grc' dir='ltr'><strong>ἐτι</strong></span> <span class='ocrx_word' id='word_1_219' title='bbox 3047 1439 3142 1492; x_wconf 76' lang='grc' dir='ltr'>καὶ</span> <span class='ocrx_word' id='word_1_220' title='bbox 3172 1436 3267 1490; x_wconf 90' lang='grc' dir='ltr'><strong>νῦν</strong></span> <span class='ocrx_word' id='word_1_221' title='bbox 3301 1437 3445 1507; x_wconf 77' lang='grc' dir='ltr'>ὑμᾶς</span> <span class='ocrx_word' id='word_1_222' title='bbox 3465 1436 3778 1491; x_wconf 82' lang='grc' dir='ltr'>ἀνακαλοῦ-</span> 
     </span>
    </p>
   </div>
   <div class='ocr_carea' id='block_1_31' title="bbox 2198 1527 3777 1601">
    <p class='ocr_par' dir='ltr' id='par_1_31' title="bbox 2198 1527 3777 1601">
     <span class='ocr_line' id='line_1_31' title="bbox 2198 1527 3777 1601; baseline -0.003 -19"><span class='ocrx_word' id='word_1_223' title='bbox 2198 1547 2314 1601; x_wconf 88' lang='grc' dir='ltr'>μαι,</span> <span class='ocrx_word' id='word_1_224' title='bbox 2342 1531 2400 1582; x_wconf 86' lang='grc' dir='ltr'><strong>ἐν</strong></span> <span class='ocrx_word' id='word_1_225' title='bbox 2428 1529 2504 1600; x_wconf 85' lang='grc' dir='ltr'>τῷ</span> <span class='ocrx_word' id='word_1_226' title='bbox 2532 1529 2632 1600; x_wconf 93' lang='grc' dir='ltr'><strong>τῆς</strong></span> <span class='ocrx_word' id='word_1_227' title='bbox 2659 1529 2879 1597; x_wconf 78' lang='grc' dir='ltr'><strong>ἀγνοίας</strong></span> <span class='ocrx_word' id='word_1_228' title='bbox 2910 1529 3084 1599; x_wconf 83' lang='grc' dir='ltr'>σκότῳ</span> <span class='ocrx_word' id='word_1_229' title='bbox 3111 1528 3493 1598; x_wconf 80' lang='grc' dir='ltr'><strong>τυγχάνοντας.</strong></span> <span class='ocrx_word' id='word_1_230' title='bbox 3545 1527 3777 1582; x_wconf 79' lang='grc' dir='ltr'>Ἑαυτὸν</span> 
     </span>
    </p>
   </div>
   <div class='ocr_carea' id='block_1_32' title="bbox 2193 1618 3776 1691">
    <p class='ocr_par' dir='ltr' id='par_1_32' title="bbox 2193 1618 3776 1691">
     <span class='ocr_line' id='line_1_32' title="bbox 2193 1618 3776 1691; baseline -0.003 -16"><span class='ocrx_word' id='word_1_231' title='bbox 2193 1621 2250 1675; x_wconf 88' lang='grc' dir='ltr'><strong>δὲ</strong></span> <span class='ocrx_word' id='word_1_232' title='bbox 2301 1622 2464 1676; x_wconf 87' lang='grc' dir='ltr'>παῖδα</span> <span class='ocrx_word' id='word_1_233' title='bbox 2507 1620 2642 1674; x_wconf 94' lang='grc' dir='ltr'>Θεοῦ</span> <span class='ocrx_word' id='word_1_234' title='bbox 2696 1620 2889 1689; x_wconf 81' lang='grc' dir='ltr'>λέγων,</span> <span class='ocrx_word' id='word_1_235' title='bbox 2930 1621 3115 1691; x_wconf 88' lang='grc' dir='ltr'>ἐφίησι</span> <span class='ocrx_word' id='word_1_236' title='bbox 3142 1623 3300 1683; x_wconf 84' lang='grc' dir='ltr'>νοεῖν,</span> <span class='ocrx_word' id='word_1_237' title='bbox 3335 1620 3438 1683; x_wconf 78' lang='grc' dir='ltr'>ὅτι,</span> <span class='ocrx_word' id='word_1_238' title='bbox 3483 1618 3776 1690; x_wconf 80' lang='grc' dir='ltr'>ἄνθρωπος</span> 
     </span>
    </p>
   </div>
   <div class='ocr_carea' id='block_1_33' title="bbox 2196 1711 3774 1786">
    <p class='ocr_par' dir='ltr' id='par_1_33' title="bbox 2196 1711 3774 1786">
     <span class='ocr_line' id='line_1_33' title="bbox 2196 1711 3774 1786; baseline -0.003 -17"><span class='ocrx_word' id='word_1_239' title='bbox 2196 1715 2453 1786; x_wconf 87' lang='grc' dir='ltr'>γεγονὼς,</span> <span class='ocrx_word' id='word_1_240' title='bbox 2489 1714 2600 1778; x_wconf 72' lang='grc' dir='ltr'>υίό,</span> <span class='ocrx_word' id='word_1_241' title='bbox 2633 1716 2778 1768; x_wconf 83' lang='grc' dir='ltr'>ἐστιν</span> <span class='ocrx_word' id='word_1_242' title='bbox 2809 1713 3060 1785; x_wconf 86' lang='grc' dir='ltr'>ἀληθινὸς</span> <span class='ocrx_word' id='word_1_243' title='bbox 3099 1714 3191 1766; x_wconf 89' lang='grc' dir='ltr'><strong>τοῦ</strong></span> <span class='ocrx_word' id='word_1_244' title='bbox 3226 1711 3358 1765; x_wconf 90' lang='grc' dir='ltr'>Θεοῦ</span> <span class='ocrx_word' id='word_1_245' title='bbox 3397 1711 3490 1765; x_wconf 86' lang='lat' dir='ltr'><strong>xui</strong></span> <span class='ocrx_word' id='word_1_246' title='bbox 3514 1712 3725 1783; x_wconf 82' lang='grc' dir='ltr'>Πατρός</span> <span class='ocrx_word' id='word_1_247' title='bbox 3754 1727 3774 1742; x_wconf 82' lang='grc'>⁶</span> 
     </span>
    </p>
   </div>
   <div class='ocr_carea' id='block_1_34' title="bbox 515 1786 2095 1880">
    <p class='ocr_par' dir='ltr' id='par_1_34' title="bbox 515 1786 2092 1880">
     <span class='ocr_line' id='line_1_34' title="bbox 515 1786 2092 1880; baseline 0.01 -31"><span class='ocrx_word' id='word_1_248' title='bbox 515 1813 678 1866; x_wconf 87' lang='lat' dir='ltr'><strong>quam</strong></span> <span class='ocrx_word' id='word_1_249' title='bbox 709 1799 840 1869; x_wconf 90' lang='lat' dir='ltr'><strong>legis</strong></span> <span class='ocrx_word' id='word_1_250' title='bbox 869 1806 1229 1873; x_wconf 80' lang='lat' dir='ltr'><strong>transgressio</strong></span> <span class='ocrx_word' id='word_1_251' title='bbox 1261 1814 1399 1871; x_wconf 89' lang='lat' dir='ltr'><strong>erat,</strong></span> <span class='ocrx_word' id='word_1_252' title='bbox 1442 1807 1537 1860; x_wconf 84' lang='lat' dir='ltr'><strong>sed</strong></span> <span class='ocrx_word' id='word_1_253' title='bbox 1569 1806 1914 1863; x_wconf 73' lang='lat' dir='ltr'><strong>confirmatio</strong></span> <span class='ocrx_word' id='word_1_254' title='bbox 1938 1786 2092 1880; x_wconf 78' lang='lat' dir='ltr'><strong>legis,</strong></span> 
     </span>
    </p>
   </div>
   <div class='ocr_carea' id='block_1_35' title="bbox 2197 1786 3780 1880">
    <p class='ocr_par' dir='ltr' id='par_1_35' title="bbox 2197 1803 3780 1878">
     <span class='ocr_line' id='line_1_35' title="bbox 2197 1803 3780 1878; baseline -0.004 -16"><span class='ocrx_word' id='word_1_255' title='bbox 2197 1809 2288 1862; x_wconf 88' lang='lat' dir='ltr'><strong>xui</strong></span> <span class='ocrx_word' id='word_1_256' title='bbox 2312 1807 2372 1861; x_wconf 86' lang='grc' dir='ltr'><strong>τὸ</strong></span> <span class='ocrx_word' id='word_1_257' title='bbox 2399 1809 2628 1863; x_wconf 86' lang='grc' dir='ltr'>ἀκοῦσαι</span> <span class='ocrx_word' id='word_1_258' title='bbox 2655 1808 2753 1878; x_wconf 91' lang='grc' dir='ltr'><strong>τῆς</strong></span> <span class='ocrx_word' id='word_1_259' title='bbox 2774 1805 2936 1859; x_wconf 89' lang='grc' dir='ltr'>αὑτοῦ</span> <span class='ocrx_word' id='word_1_260' title='bbox 2962 1807 3143 1877; x_wconf 85' lang='grc' dir='ltr'>φωνῆς</span> <span class='ocrx_word' id='word_1_261' title='bbox 3175 1806 3236 1859; x_wconf 92' lang='grc' dir='ltr'><strong>οὑ</strong></span> <span class='ocrx_word' id='word_1_262' title='bbox 3270 1804 3435 1875; x_wconf 91' lang='grc' dir='ltr'>νόμου</span> <span class='ocrx_word' id='word_1_263' title='bbox 3458 1803 3780 1875; x_wconf 78' lang='grc' dir='ltr'>παράϐασις</span> 
     </span>
    </p>
   </div>
   <div class='ocr_carea' id='block_1_36' title="bbox 515 1892 2092 1961">
    <p class='ocr_par' dir='ltr' id='par_1_36' title="bbox 515 1892 2092 1961">
     <span class='ocr_line' id='line_1_36' title="bbox 515 1892 2092 1961; baseline 0.01 -21"><span class='ocrx_word' id='word_1_264' title='bbox 515 1905 638 1958; x_wconf 63' lang='lat' dir='ltr'><strong>quae</strong></span> <span class='ocrx_word' id='word_1_265' title='bbox 661 1906 757 1960; x_wconf 89' lang='lat' dir='ltr'><strong>per</strong></span> <span class='ocrx_word' id='word_1_266' title='bbox 791 1892 1014 1960; x_wconf 80' lang='lat' dir='ltr'><strong>ﬁguram</strong></span> <span class='ocrx_word' id='word_1_267' title='bbox 1044 1904 1098 1948; x_wconf 92' lang='lat' dir='ltr'><strong>et</strong></span> <span class='ocrx_word' id='word_1_268' title='bbox 1126 1897 1394 1961; x_wconf 88' lang='lat' dir='ltr'><strong>umbram,</strong></span> <span class='ocrx_word' id='word_1_269' title='bbox 1434 1897 1718 1953; x_wconf 88' lang='lat' dir='ltr'><strong>veritatem</strong></span> <span class='ocrx_word' id='word_1_270' title='bbox 1749 1898 2050 1955; x_wconf 88' lang='lat' dir='ltr'><strong>delineabat</strong></span> <span class='ocrx_word' id='word_1_271' title='bbox 2075 1920 2092 1956; x_wconf 83' lang='lat'><strong>:</strong></span> 
     </span>
    </p>
   </div>
   <div class='ocr_carea' id='block_1_37' title="bbox 517 1982 1562 2056">
    <p class='ocr_par' dir='ltr' id='par_1_37' title="bbox 517 1982 1562 2056">
     <span class='ocr_line' id='line_1_37' title="bbox 517 1982 1562 2056; baseline 0.008 -22"><span class='ocrx_word' id='word_1_272' title='bbox 517 1995 636 2048; x_wconf 78' lang='lat' dir='ltr'><strong>qua:</strong></span> <span class='ocrx_word' id='word_1_273' title='bbox 663 1991 742 2036; x_wconf 89' lang='lat' dir='ltr'><strong>est</strong></span> <span class='ocrx_word' id='word_1_274' title='bbox 765 1982 877 2052; x_wconf 88' lang='lat' dir='ltr'><strong>ipse</strong></span> <span class='ocrx_word' id='word_1_275' title='bbox 909 1983 1046 2039; x_wconf 89' lang='lat' dir='ltr'><strong>Deus</strong></span> <span class='ocrx_word' id='word_1_276' title='bbox 1073 1994 1128 2041; x_wconf 88' lang='lat' dir='ltr'><strong>et</strong></span> <span class='ocrx_word' id='word_1_277' title='bbox 1149 1984 1266 2056; x_wconf 88' lang='lat' dir='ltr'><strong>ejus</strong></span> <span class='ocrx_word' id='word_1_278' title='bbox 1292 1987 1562 2042; x_wconf 86' lang='lat' dir='ltr'><strong>vaticinia.</strong></span> 
     </span>
    </p>
   </div>
   <div class='ocr_carea' id='block_1_38' title="bbox 588 2161 2095 2236">
    <p class='ocr_par' dir='ltr' id='par_1_38' title="bbox 588 2161 2095 2236">
     <span class='ocr_line' id='line_1_38' title="bbox 588 2161 2095 2236; baseline 0.003 -18"><span class='ocrx_word' id='word_1_279' title='bbox 588 2161 752 2218; x_wconf 67' lang='lat' dir='ltr'><strong>Vsus.</strong></span> <span class='ocrx_word' id='word_1_280' title='bbox 782 2163 866 2218; x_wconf 83' lang='lat' dir='ltr'><strong>H.</strong></span> <span class='ocrx_word' id='word_1_281' title='bbox 905 2181 924 2214; x_wconf 76' lang='grc' dir='ltr'><strong>ι</strong></span> <span class='ocrx_word' id='word_1_282' title='bbox 954 2162 1093 2218; x_wconf 85' lang='lat' dir='ltr'><strong>Ecce</strong></span> <span class='ocrx_word' id='word_1_283' title='bbox 1130 2178 1227 2219; x_wconf 90' lang='lat' dir='ltr'><strong>vos</strong></span> <span class='ocrx_word' id='word_1_284' title='bbox 1249 2179 1436 2220; x_wconf 90' lang='lat' dir='ltr'><strong>omnes</strong></span> <span class='ocrx_word' id='word_1_285' title='bbox 1468 2165 1648 2236; x_wconf 88' lang='lat' dir='ltr'><strong>ignem</strong></span> <span class='ocrx_word' id='word_1_286' title='bbox 1683 2165 2004 2233; x_wconf 90' lang='lat' dir='ltr'><strong>accenditis,</strong></span> <span class='ocrx_word' id='word_1_287' title='bbox 2039 2174 2095 2222; x_wconf 88' lang='lat' dir='ltr'><strong>et</strong></span> 
     </span>
    </p>
   </div>
   <div class='ocr_carea' id='block_1_39' title="bbox 513 2256 2095 2329">
    <p class='ocr_par' dir='ltr' id='par_1_39' title="bbox 513 2256 2095 2329">
     <span class='ocr_line' id='line_1_39' title="bbox 513 2256 2095 2329; baseline 0 -17"><span class='ocrx_word' id='word_1_288' title='bbox 513 2256 877 2312; x_wconf 88' lang='lat' dir='ltr'><strong>corroboratis</strong></span> <span class='ocrx_word' id='word_1_289' title='bbox 925 2256 1190 2309; x_wconf 84' lang='lat' dir='ltr'><strong>ﬂammam</strong></span> <span class='ocrx_word' id='word_1_290' title='bbox 1231 2274 1245 2310; x_wconf 90' lang='lat'><strong>:</strong></span> <span class='ocrx_word' id='word_1_291' title='bbox 1283 2256 1551 2312; x_wconf 89' lang='lat' dir='ltr'><strong>ambulate</strong></span> <span class='ocrx_word' id='word_1_292' title='bbox 1599 2257 1652 2312; x_wconf 93' lang='lat' dir='ltr'><strong>in</strong></span> <span class='ocrx_word' id='word_1_293' title='bbox 1706 2257 1908 2312; x_wconf 89' lang='lat' dir='ltr'><strong>lumine</strong></span> <span class='ocrx_word' id='word_1_294' title='bbox 1956 2257 2095 2329; x_wconf 82' lang='lat' dir='ltr'><strong>ignis</strong></span> 
     </span>
    </p>
   </div>
   <div class='ocr_carea' id='block_1_40' title="bbox 515 2345 2094 2416">
    <p class='ocr_par' dir='ltr' id='par_1_40' title="bbox 515 2345 2094 2416">
     <span class='ocr_line' id='line_1_40' title="bbox 515 2345 2094 2416; baseline 0 -16"><span class='ocrx_word' id='word_1_295' title='bbox 515 2347 681 2402; x_wconf 82' lang='lat' dir='ltr'><strong>vestri</strong></span> <span class='ocrx_word' id='word_1_296' title='bbox 719 2355 775 2402; x_wconf 92' lang='lat' dir='ltr'><strong>et</strong></span> <span class='ocrx_word' id='word_1_297' title='bbox 820 2347 872 2400; x_wconf 94' lang='lat' dir='ltr'><strong>in</strong></span> <span class='ocrx_word' id='word_1_298' title='bbox 909 2345 1122 2399; x_wconf 81' lang='lat' dir='ltr'><strong>llatnma</strong></span> <span class='ocrx_word' id='word_1_299' title='bbox 1150 2361 1310 2415; x_wconf 87' lang='lat' dir='ltr'><strong>quam</strong></span> <span class='ocrx_word' id='word_1_300' title='bbox 1341 2348 1718 2403; x_wconf 85' lang='lat' dir='ltr'><strong>succendistis.</strong></span> <span class='ocrx_word' id='word_1_301' title='bbox 1753 2347 1982 2416; x_wconf 86' lang='lat' dir='ltr'><strong>Propter</strong></span> <span class='ocrx_word' id='word_1_302' title='bbox 2009 2361 2094 2401; x_wconf 91' lang='lat' dir='ltr'><strong>me</strong></span> 
     </span>
    </p>
   </div>
   <div class='ocr_carea' id='block_1_41' title="bbox 516 2437 2092 2502">
    <p class='ocr_par' dir='ltr' id='par_1_41' title="bbox 516 2437 2092 2502">
     <span class='ocr_line' id='line_1_41' title="bbox 516 2437 2092 2502; baseline 0.001 -10"><span class='ocrx_word' id='word_1_303' title='bbox 516 2437 656 2494; x_wconf 80' lang='lat' dir='ltr'><strong>facta</strong></span> <span class='ocrx_word' id='word_1_304' title='bbox 693 2447 818 2495; x_wconf 92' lang='lat' dir='ltr'><strong>sunt</strong></span> <span class='ocrx_word' id='word_1_305' title='bbox 843 2440 954 2494; x_wconf 64' lang='lat' dir='ltr'><strong>haec</strong></span> <span class='ocrx_word' id='word_1_306' title='bbox 982 2441 1154 2502; x_wconf 88' lang='lat' dir='ltr'><strong>vobis,</strong></span> <span class='ocrx_word' id='word_1_307' title='bbox 1181 2449 1236 2494; x_wconf 94' lang='lat' dir='ltr'><strong>et</strong></span> <span class='ocrx_word' id='word_1_308' title='bbox 1271 2439 1321 2493; x_wconf 87' lang='lat' dir='ltr'><strong>in</strong></span> <span class='ocrx_word' id='word_1_309' title='bbox 1351 2453 1583 2494; x_wconf 75' lang='lat' dir='ltr'><strong>maerore</strong></span> <span class='ocrx_word' id='word_1_310' title='bbox 1613 2440 1914 2496; x_wconf 90' lang='lat' dir='ltr'><strong>dormietis.</strong></span> <span class='ocrx_word' id='word_1_311' title='bbox 1942 2459 1962 2492; x_wconf 78' lang='grc' dir='ltr'><strong>ι</strong></span> <span class='ocrx_word' id='word_1_312' title='bbox 1990 2437 2092 2494; x_wconf 89' lang='lat' dir='ltr'><strong>So-</strong></span> 
     </span>
    </p>
   </div>
   <div class='ocr_carea' id='block_1_42' title="bbox 512 2530 2094 2601">
    <p class='ocr_par' dir='ltr' id='par_1_42' title="bbox 512 2530 2094 2601">
     <span class='ocr_line' id='line_1_42' title="bbox 512 2530 2094 2601; baseline 0.001 -16"><span class='ocrx_word' id='word_1_313' title='bbox 512 2530 624 2585; x_wconf 84' lang='lat' dir='ltr'><strong>!um</strong></span> <span class='ocrx_word' id='word_1_314' title='bbox 650 2532 911 2598; x_wconf 82' lang='lat' dir='ltr'><strong>accedite,</strong></span> <span class='ocrx_word' id='word_1_315' title='bbox 952 2542 1006 2587; x_wconf 92' lang='lat' dir='ltr'><strong>et</strong></span> <span class='ocrx_word' id='word_1_316' title='bbox 1034 2532 1268 2594; x_wconf 89' lang='lat' dir='ltr'><strong>obedite,</strong></span> <span class='ocrx_word' id='word_1_317' title='bbox 1293 2545 1357 2585; x_wconf 91' lang='lat' dir='ltr'><strong>ac</strong></span> <span class='ocrx_word' id='word_1_318' title='bbox 1381 2531 1606 2586; x_wconf 88' lang='lat' dir='ltr'><strong>salutem</strong></span> <span class='ocrx_word' id='word_1_319' title='bbox 1643 2531 1915 2601; x_wconf 86' lang='lat' dir='ltr'><strong>pollicenti</strong></span> <span class='ocrx_word' id='word_1_320' title='bbox 1941 2531 2094 2586; x_wconf 80' lang='lat' dir='ltr'><strong>vobis</strong></span> 
     </span>
    </p>
   </div>
   <div class='ocr_carea' id='block_1_43' title="bbox 515 2619 2095 2688">
    <p class='ocr_par' dir='ltr' id='par_1_43' title="bbox 515 2619 2095 2688">
     <span class='ocr_line' id='line_1_43' title="bbox 515 2619 2095 2688; baseline -0.001 -13"><span class='ocrx_word' id='word_1_321' title='bbox 515 2622 739 2677; x_wconf 87' lang='lat' dir='ltr'><strong>credite.</strong></span> <span class='ocrx_word' id='word_1_322' title='bbox 769 2619 895 2685; x_wconf 90' lang='lat' dir='ltr'><strong>Sed,</strong></span> <span class='ocrx_word' id='word_1_323' title='bbox 932 2631 991 2676; x_wconf 90' lang='lat' dir='ltr'><strong>ut</strong></span> <span class='ocrx_word' id='word_1_324' title='bbox 1028 2622 1204 2684; x_wconf 91' lang='lat' dir='ltr'><strong>video,</strong></span> <span class='ocrx_word' id='word_1_325' title='bbox 1223 2635 1318 2674; x_wconf 84' lang='lat' dir='ltr'><strong>vos</strong></span> <span class='ocrx_word' id='word_1_326' title='bbox 1349 2619 1417 2674; x_wconf 93' lang='lat' dir='ltr'><strong>ab</strong></span> <span class='ocrx_word' id='word_1_327' title='bbox 1451 2622 1598 2674; x_wconf 90' lang='lat' dir='ltr'><strong>omni</strong></span> <span class='ocrx_word' id='word_1_328' title='bbox 1630 2620 1770 2674; x_wconf 90' lang='lat' dir='ltr'><strong>bona</strong></span> <span class='ocrx_word' id='word_1_329' title='bbox 1799 2635 1894 2688; x_wconf 88' lang='lat' dir='ltr'><strong>spe</strong></span> <span class='ocrx_word' id='word_1_330' title='bbox 1921 2619 2095 2674; x_wconf 84' lang='lat' dir='ltr'><strong>seclu-</strong></span> 
     </span>
    </p>
   </div>
   <div class='ocr_carea' id='block_1_44' title="bbox 512 2711 2092 2783">
    <p class='ocr_par' dir='ltr' id='par_1_44' title="bbox 512 2711 2092 2783">
     <span class='ocr_line' id='line_1_44' title="bbox 512 2711 2092 2783; baseline -0.001 -15"><span class='ocrx_word' id='word_1_331' title='bbox 512 2713 694 2778; x_wconf 87' lang='lat' dir='ltr'><strong>sistis,</strong></span> <span class='ocrx_word' id='word_1_332' title='bbox 735 2723 973 2768; x_wconf 86' lang='lat' dir='ltr'><strong>vestrum</strong></span> <span class='ocrx_word' id='word_1_333' title='bbox 1002 2723 1182 2768; x_wconf 90' lang='lat' dir='ltr'><strong>autem</strong></span> <span class='ocrx_word' id='word_1_334' title='bbox 1209 2713 1386 2780; x_wconf 91' lang='lat' dir='ltr'><strong>ignem</strong></span> <span class='ocrx_word' id='word_1_335' title='bbox 1421 2713 1631 2783; x_wconf 87' lang='lat' dir='ltr'><strong>augetis</strong></span> <span class='ocrx_word' id='word_1_336' title='bbox 1663 2721 1718 2766; x_wconf 92' lang='lat' dir='ltr'><strong>et</strong></span> <span class='ocrx_word' id='word_1_337' title='bbox 1747 2713 2013 2768; x_wconf 82' lang='lat' dir='ltr'><strong>roboratis</strong></span> <span class='ocrx_word' id='word_1_338' title='bbox 2038 2711 2092 2766; x_wconf 68' lang='lat' dir='ltr'><strong>in</strong></span> 
     </span>
    </p>
   </div>
   <div class='ocr_carea' id='block_1_45' title="bbox 515 2805 2096 2874">
    <p class='ocr_par' dir='ltr' id='par_1_45' title="bbox 515 2805 2096 2874">
     <span class='ocr_line' id='line_1_45' title="bbox 515 2805 2096 2874; baseline -0.001 -14"><span class='ocrx_word' id='word_1_339' title='bbox 515 2805 900 2860; x_wconf 86' lang='lat' dir='ltr'><strong>incredulitate</strong></span> <span class='ocrx_word' id='word_1_340' title='bbox 920 2815 1122 2871; x_wconf 89' lang='lat' dir='ltr'><strong>vestra,</strong></span> <span class='ocrx_word' id='word_1_341' title='bbox 1153 2813 1208 2860; x_wconf 90' lang='lat' dir='ltr'><strong>et</strong></span> <span class='ocrx_word' id='word_1_342' title='bbox 1235 2807 1286 2860; x_wconf 91' lang='lat' dir='ltr'><strong>in</strong></span> <span class='ocrx_word' id='word_1_343' title='bbox 1318 2805 1668 2874; x_wconf 82' lang='lat' dir='ltr'><strong>hlasphemiis</strong></span> <span class='ocrx_word' id='word_1_344' title='bbox 1692 2805 1890 2859; x_wconf 89' lang='lat' dir='ltr'><strong>vestris</strong></span> <span class='ocrx_word' id='word_1_345' title='bbox 1914 2819 2096 2874; x_wconf 78' lang='lat' dir='ltr'><strong>perse-</strong></span> 
     </span>
    </p>
   </div>
   <div class='ocr_carea' id='block_1_46' title="bbox 516 2889 2096 2968">
    <p class='ocr_par' dir='ltr' id='par_1_46' title="bbox 516 2889 2096 2968">
     <span class='ocr_line' id='line_1_46' title="bbox 516 2889 2096 2968; baseline -0.002 -15"><span class='ocrx_word' id='word_1_346' title='bbox 516 2889 791 2965; x_wconf 65' lang='lat' dir='ltr'><strong>verantes,</strong></span> <span class='ocrx_word' id='word_1_347' title='bbox 839 2897 1096 2968; x_wconf 89' lang='lat' dir='ltr'><strong>illumque</strong></span> <span class='ocrx_word' id='word_1_348' title='bbox 1139 2897 1329 2952; x_wconf 65' lang='lat' dir='ltr'><strong>aeterni</strong></span> <span class='ocrx_word' id='word_1_349' title='bbox 1365 2895 1608 2967; x_wconf 89' lang='lat' dir='ltr'><strong>supplicii</strong></span> <span class='ocrx_word' id='word_1_350' title='bbox 1656 2897 1833 2966; x_wconf 86' lang='lat' dir='ltr'><strong>ignem</strong></span> <span class='ocrx_word' id='word_1_351' title='bbox 1876 2897 1966 2965; x_wconf 90' lang='lat' dir='ltr'><strong>qui</strong></span> <span class='ocrx_word' id='word_1_352' title='bbox 2000 2912 2096 2950; x_wconf 83' lang='lat' dir='ltr'><strong>vos</strong></span> 
     </span>
    </p>
   </div>
   <div class='ocr_carea' id='block_1_47' title="bbox 515 2988 2093 3062">
    <p class='ocr_par' dir='ltr' id='par_1_47' title="bbox 515 2988 2093 3062">
     <span class='ocr_line' id='line_1_47' title="bbox 515 2988 2093 3062; baseline -0.003 -15"><span class='ocrx_word' id='word_1_353' title='bbox 515 3002 817 3062; x_wconf 79' lang='lat' dir='ltr'><strong>exSpectat,</strong></span> <span class='ocrx_word' id='word_1_354' title='bbox 853 2992 1024 3061; x_wconf 86' lang='lat' dir='ltr'><strong>magis</strong></span> <span class='ocrx_word' id='word_1_355' title='bbox 1072 2989 1346 3061; x_wconf 84' lang='lat' dir='ltr'><strong>magisque</strong></span> <span class='ocrx_word' id='word_1_356' title='bbox 1397 2989 1714 3054; x_wconf 89' lang='lat' dir='ltr'><strong>accenditis,</strong></span> <span class='ocrx_word' id='word_1_357' title='bbox 1747 2988 2093 3058; x_wconf 74' lang='lat' dir='ltr'><strong>quamobrem</strong></span> 
     </span>
    </p>
   </div>
   <div class='ocr_carea' id='block_1_48' title="bbox 2191 1896 3778 1973">
    <p class='ocr_par' dir='ltr' id='par_1_48' title="bbox 2191 1896 3778 1973">
     <span class='ocr_line' id='line_1_48' title="bbox 2191 1896 3778 1973; baseline -0.005 -19"><span class='ocrx_word' id='word_1_358' title='bbox 2191 1896 2280 1973; x_wconf 81' lang='grc' dir='ltr'><strong>ῆν,</strong></span> <span class='ocrx_word' id='word_1_359' title='bbox 2312 1901 2447 1956; x_wconf 89' lang='grc' dir='ltr'><strong>ἀλλά</strong></span> <span class='ocrx_word' id='word_1_360' title='bbox 2485 1900 2772 1972; x_wconf 80' lang='grc' dir='ltr'>βεϐαίωσις</span> <span class='ocrx_word' id='word_1_361' title='bbox 2800 1899 2988 1970; x_wconf 89' lang='grc' dir='ltr'>νόμου,</span> <span class='ocrx_word' id='word_1_362' title='bbox 3018 1897 3107 1952; x_wconf 88' lang='grc' dir='ltr'><strong>διά</strong></span> <span class='ocrx_word' id='word_1_363' title='bbox 3137 1897 3307 1950; x_wconf 86' lang='grc' dir='ltr'>τύπου</span> <span class='ocrx_word' id='word_1_364' title='bbox 3334 1897 3428 1950; x_wconf 86' lang='lat' dir='ltr'><strong>xui</strong></span> <span class='ocrx_word' id='word_1_365' title='bbox 3453 1897 3613 1958; x_wconf 82' lang='grc' dir='ltr'>σκιᾶς</span> <span class='ocrx_word' id='word_1_366' title='bbox 3635 1912 3778 1966; x_wconf 91' lang='grc' dir='ltr'>προ-</span> 
     </span>
    </p>
   </div>
   <div class='ocr_carea' id='block_1_49' title="bbox 2193 1986 3776 2066">
    <p class='ocr_par' dir='ltr' id='par_1_49' title="bbox 2193 1986 3776 2066">
     <span class='ocr_line' id='line_1_49' title="bbox 2193 1986 3776 2066; baseline -0.004 -17"><span class='ocrx_word' id='word_1_367' title='bbox 2193 1995 2595 2066; x_wconf 79' lang='grc' dir='ltr'>αναγράφοντος</span> <span class='ocrx_word' id='word_1_368' title='bbox 2617 1995 2714 2065; x_wconf 79' lang='grc' dir='ltr'>τὴν</span> <span class='ocrx_word' id='word_1_369' title='bbox 2737 1991 2992 2063; x_wconf 84' lang='grc' dir='ltr'>ἀλήθειαν</span> <span class='ocrx_word' id='word_1_370' title='bbox 3012 2032 3028 2058; x_wconf 91' lang='grc'><strong>,</strong></span> <span class='ocrx_word' id='word_1_371' title='bbox 3052 1991 3170 2061; x_wconf 75' lang='grc' dir='ltr'>ἥτις</span> <span class='ocrx_word' id='word_1_372' title='bbox 3197 1989 3342 2044; x_wconf 78' lang='grc' dir='ltr'>ἐστὶν</span> <span class='ocrx_word' id='word_1_373' title='bbox 3366 1990 3395 2043; x_wconf 85' lang='grc' dir='ltr'>ὁ</span> <span class='ocrx_word' id='word_1_374' title='bbox 3419 1988 3550 2052; x_wconf 83' lang='grc' dir='ltr'>Θεὸς</span> <span class='ocrx_word' id='word_1_375' title='bbox 3579 1989 3672 2042; x_wconf 87' lang='lat' dir='ltr'><strong>xui</strong></span> <span class='ocrx_word' id='word_1_376' title='bbox 3699 1986 3776 2042; x_wconf 79' lang='grc' dir='ltr'>τὰ</span> 
     </span>
    </p>
   </div>
   <div class='ocr_carea' id='block_1_50' title="bbox 2193 2087 2755 2158">
    <p class='ocr_par' dir='ltr' id='par_1_50' title="bbox 2193 2087 2755 2158">
     <span class='ocr_line' id='line_1_50' title="bbox 2193 2087 2755 2158; baseline -0.007 -15"><span class='ocrx_word' id='word_1_377' title='bbox 2193 2088 2358 2144; x_wconf 91' lang='grc' dir='ltr'>αὑτοῦ</span> <span class='ocrx_word' id='word_1_378' title='bbox 2390 2087 2755 2158; x_wconf 86' lang='grc' dir='ltr'>θεσπίσματα.</span> 
     </span>
    </p>
   </div>
   <div class='ocr_carea' id='block_1_51' title="bbox 2268 2174 3774 2252">
    <p class='ocr_par' dir='ltr' id='par_1_51' title="bbox 2268 2174 3774 2252">
     <span class='ocr_line' id='line_1_51' title="bbox 2268 2174 3774 2252; baseline -0.004 -20"><span class='ocrx_word' id='word_1_379' title='bbox 2268 2199 2288 2232; x_wconf 76' lang='grc' dir='ltr'><strong>ι</strong></span> <span class='ocrx_word' id='word_1_380' title='bbox 2335 2179 2465 2234; x_wconf 75' lang='grc' dir='ltr'>’ἰδοὺ</span> <span class='ocrx_word' id='word_1_381' title='bbox 2496 2179 2696 2242; x_wconf 84' lang='grc' dir='ltr'>πάντες</span> <span class='ocrx_word' id='word_1_382' title='bbox 2725 2180 2882 2250; x_wconf 83' lang='grc' dir='ltr'>ὑμεῖς</span> <span class='ocrx_word' id='word_1_383' title='bbox 2921 2177 3032 2252; x_wconf 91' lang='grc' dir='ltr'><strong>πῦρ</strong></span> <span class='ocrx_word' id='word_1_384' title='bbox 3058 2195 3260 2244; x_wconf 86' lang='grc' dir='ltr'>κα.ετε,</span> <span class='ocrx_word' id='word_1_385' title='bbox 3304 2194 3398 2230; x_wconf 89' lang='grc' dir='ltr'><strong>και</strong></span> <span class='ocrx_word' id='word_1_386' title='bbox 3444 2174 3774 2245; x_wconf 78' lang='grc' dir='ltr'>κατισχύετσ</span> 
     </span>
    </p>
   </div>
   <div class='ocr_carea' id='block_1_52' title="bbox 2194 2253 3771 2341">
    <p class='ocr_par' dir='ltr' id='par_1_52' title="bbox 2194 2253 3771 2341">
     <span class='ocr_line' id='line_1_52' title="bbox 2194 2253 3771 2341; baseline -0.004 -19"><span class='ocrx_word' id='word_1_387' title='bbox 2194 2270 2396 2340; x_wconf 82' lang='grc' dir='ltr'><strong>φλόγα·</strong></span> <span class='ocrx_word' id='word_1_388' title='bbox 2434 2269 2733 2341; x_wconf 82' lang='grc' dir='ltr'>πορεύεσθε</span> <span class='ocrx_word' id='word_1_389' title='bbox 2762 2268 2840 2339; x_wconf 84' lang='grc' dir='ltr'>τῷ</span> <span class='ocrx_word' id='word_1_390' title='bbox 2876 2270 3015 2338; x_wconf 79' lang='grc' dir='ltr'>φωτὶ</span> <span class='ocrx_word' id='word_1_391' title='bbox 3054 2267 3148 2321; x_wconf 91' lang='grc' dir='ltr'><strong>τοῦ</strong></span> <span class='ocrx_word' id='word_1_392' title='bbox 3177 2267 3350 2339; x_wconf 78' lang='grc' dir='ltr'>πυρὸς</span> <span class='ocrx_word' id='word_1_393' title='bbox 3374 2253 3548 2338; x_wconf 80' lang='grc' dir='ltr'>ὑμῶν,</span> <span class='ocrx_word' id='word_1_394' title='bbox 3577 2266 3670 2320; x_wconf 83' lang='grc' dir='ltr'>καὶ</span> <span class='ocrx_word' id='word_1_395' title='bbox 3701 2268 3771 2336; x_wconf 75' lang='grc' dir='ltr'>τῇ</span> 
     </span>
    </p>
   </div>
   <div class='ocr_carea' id='block_1_53' title="bbox 2194 2355 3775 2435">
    <p class='ocr_par' dir='ltr' id='par_1_53' title="bbox 2194 2355 3775 2435">
     <span class='ocr_line' id='line_1_53' title="bbox 2194 2355 3775 2435; baseline -0.004 -20"><span class='ocrx_word' id='word_1_396' title='bbox 2194 2361 2353 2432; x_wconf 73' lang='grc' dir='ltr'>φλογὶ</span> <span class='ocrx_word' id='word_1_397' title='bbox 2447 2360 2798 2427; x_wconf 82' lang='grc' dir='ltr'>ἐξεκαύσατε.</span> <span class='ocrx_word' id='word_1_398' title='bbox 2831 2361 2908 2413; x_wconf 85' lang='grc' dir='ltr'><strong>Δι’</strong></span> <span class='ocrx_word' id='word_1_399' title='bbox 2930 2359 3033 2431; x_wconf 82' lang='grc' dir='ltr'>ἐμὲ</span> <span class='ocrx_word' id='word_1_400' title='bbox 3065 2359 3278 2428; x_wconf 87' lang='grc' dir='ltr'>ἐγένετο</span> <span class='ocrx_word' id='word_1_401' title='bbox 3306 2357 3479 2412; x_wconf 81' lang='grc' dir='ltr'>ταῦτα</span> <span class='ocrx_word' id='word_1_402' title='bbox 3505 2358 3652 2427; x_wconf 89' lang='grc' dir='ltr'>ὑμῖν,</span> <span class='ocrx_word' id='word_1_403' title='bbox 3674 2355 3775 2409; x_wconf 81' lang='grc' dir='ltr'>καὶ</span> 
     </span>
    </p>
   </div>
   <div class='ocr_carea' id='block_1_54' title="bbox 2195 2447 3775 2526">
    <p class='ocr_par' dir='ltr' id='par_1_54' title="bbox 2195 2447 3775 2526">
     <span class='ocr_line' id='line_1_54' title="bbox 2195 2447 3775 2526; baseline -0.004 -18"><span class='ocrx_word' id='word_1_404' title='bbox 2195 2457 2253 2508; x_wconf 90' lang='grc' dir='ltr'><strong>ἐν</strong></span> <span class='ocrx_word' id='word_1_405' title='bbox 2279 2453 2424 2526; x_wconf 81' lang='grc' dir='ltr'>λύπῃ</span> <span class='ocrx_word' id='word_1_406' title='bbox 2457 2452 2877 2524; x_wconf 79' lang='grc' dir='ltr'>κοιμηθήσεσθε.</span> <span class='ocrx_word' id='word_1_407' title='bbox 2915 2473 2936 2504; x_wconf 73' lang='grc' dir='ltr'><strong>ι</strong></span> <span class='ocrx_word' id='word_1_408' title='bbox 2967 2453 3140 2506; x_wconf 88' lang='grc' dir='ltr'>Μόνον</span> <span class='ocrx_word' id='word_1_409' title='bbox 3172 2452 3356 2521; x_wconf 74' lang='grc' dir='ltr'>ἥκετε,</span> <span class='ocrx_word' id='word_1_410' title='bbox 3395 2449 3489 2503; x_wconf 86' lang='lat' dir='ltr'><strong>xui</strong></span> <span class='ocrx_word' id='word_1_411' title='bbox 3527 2447 3775 2502; x_wconf 82' lang='grc' dir='ltr'>ὑπακού-</span> 
     </span>
    </p>
   </div>
   <div class='ocr_carea' id='block_1_55' title="bbox 2195 2539 3768 2614">
    <p class='ocr_par' dir='ltr' id='par_1_55' title="bbox 2195 2539 3768 2614">
     <span class='ocr_line' id='line_1_55' title="bbox 2195 2539 3768 2614; baseline -0.003 -15"><span class='ocrx_word' id='word_1_412' title='bbox 2195 2562 2347 2610; x_wconf 90' lang='grc' dir='ltr'>σατε,</span> <span class='ocrx_word' id='word_1_413' title='bbox 2387 2543 2838 2614; x_wconf 78' lang='grc' dir='ltr'>ἐπαγγελλομένῳ</span> <span class='ocrx_word' id='word_1_414' title='bbox 2866 2560 2923 2595; x_wconf 86' lang='grc' dir='ltr'><strong>τε</strong></span> <span class='ocrx_word' id='word_1_415' title='bbox 2959 2542 3086 2613; x_wconf 85' lang='grc' dir='ltr'>ὑμῖν</span> <span class='ocrx_word' id='word_1_416' title='bbox 3111 2541 3382 2612; x_wconf 80' lang='grc' dir='ltr'>σωτηρίαν</span> <span class='ocrx_word' id='word_1_417' title='bbox 3421 2539 3768 2594; x_wconf 85' lang='grc' dir='ltr'>πιστεύσατε.</span> 
     </span>
    </p>
   </div>
   <div class='ocr_carea' id='block_1_56' title="bbox 2207 2630 3770 2707">
    <p class='ocr_par' dir='ltr' id='par_1_56' title="bbox 2207 2630 3770 2707">
     <span class='ocr_line' id='line_1_56' title="bbox 2207 2630 3770 2707; baseline -0.006 -16"><span class='ocrx_word' id='word_1_418' title='bbox 2207 2636 2344 2691; x_wconf 86' lang='grc' dir='ltr'>Ἀλλ’</span> <span class='ocrx_word' id='word_1_419' title='bbox 2371 2637 2446 2700; x_wconf 84' lang='grc' dir='ltr'>ὡς</span> <span class='ocrx_word' id='word_1_420' title='bbox 2484 2636 2615 2707; x_wconf 85' lang='grc' dir='ltr'>ὁρῶ,</span> <span class='ocrx_word' id='word_1_421' title='bbox 2666 2635 2845 2706; x_wconf 84' lang='grc' dir='ltr'>πάσης</span> <span class='ocrx_word' id='word_1_422' title='bbox 2893 2633 2990 2704; x_wconf 87' lang='grc' dir='ltr'><strong>μὲν</strong></span> <span class='ocrx_word' id='word_1_423' title='bbox 3031 2632 3241 2702; x_wconf 78' lang='grc' dir='ltr'>ἀγαθῆς</span> <span class='ocrx_word' id='word_1_424' title='bbox 3287 2630 3500 2694; x_wconf 85' lang='grc' dir='ltr'>ἐλπίδος</span> <span class='ocrx_word' id='word_1_425' title='bbox 3547 2630 3770 2693; x_wconf 82' lang='grc' dir='ltr'>ἑαυτοὺς</span> 
     </span>
    </p>
   </div>
   <div class='ocr_carea' id='block_1_57' title="bbox 2194 2723 3770 2797">
    <p class='ocr_par' dir='ltr' id='par_1_57' title="bbox 2194 2723 3770 2797">
     <span class='ocr_line' id='line_1_57' title="bbox 2194 2723 3770 2797; baseline -0.006 -13"><span class='ocrx_word' id='word_1_426' title='bbox 2194 2729 2529 2794; x_wconf 87' lang='grc' dir='ltr'>ἀποκλείετε,</span> <span class='ocrx_word' id='word_1_427' title='bbox 2554 2728 2615 2781; x_wconf 81' lang='grc' dir='ltr'><strong>τὸ</strong></span> <span class='ocrx_word' id='word_1_428' title='bbox 2634 2728 2690 2780; x_wconf 88' lang='grc' dir='ltr'><strong>δέ</strong></span> <span class='ocrx_word' id='word_1_429' title='bbox 2712 2727 2892 2780; x_wconf 86' lang='grc' dir='ltr'>αὑτῶν</span> <span class='ocrx_word' id='word_1_430' title='bbox 2922 2726 3031 2797; x_wconf 88' lang='grc' dir='ltr'><strong>πῦρ</strong></span> <span class='ocrx_word' id='word_1_431' title='bbox 3065 2724 3329 2796; x_wconf 87' lang='grc' dir='ltr'>σωρεύετε</span> <span class='ocrx_word' id='word_1_432' title='bbox 3363 2723 3460 2777; x_wconf 73' lang='grc' dir='ltr'>καὶ</span> <span class='ocrx_word' id='word_1_433' title='bbox 3495 2724 3770 2793; x_wconf 86' lang='grc' dir='ltr'>κατισχύε-</span> 
     </span>
    </p>
   </div>
   <div class='ocr_carea' id='block_1_58' title="bbox 2192 2811 3770 2892">
    <p class='ocr_par' dir='ltr' id='par_1_58' title="bbox 2192 2811 3770 2892">
     <span class='ocr_line' id='line_1_58' title="bbox 2192 2811 3770 2892; baseline -0.006 -17"><span class='ocrx_word' id='word_1_434' title='bbox 2192 2838 2252 2875; x_wconf 88' lang='grc' dir='ltr'><strong>τε</strong></span> <span class='ocrx_word' id='word_1_435' title='bbox 2283 2824 2350 2892; x_wconf 79' lang='grc' dir='ltr'>τῇ</span> <span class='ocrx_word' id='word_1_436' title='bbox 2385 2819 2592 2873; x_wconf 82' lang='grc' dir='ltr'>ἑαυτῶν</span> <span class='ocrx_word' id='word_1_437' title='bbox 2614 2819 2963 2890; x_wconf 82' lang='grc' dir='ltr'>ἐπιμένοντες</span> <span class='ocrx_word' id='word_1_438' title='bbox 2993 2815 3217 2886; x_wconf 78' lang='grc' dir='ltr'>ἀπιστίᾳ</span> <span class='ocrx_word' id='word_1_439' title='bbox 3239 2815 3332 2868; x_wconf 85' lang='lat' dir='ltr'><strong>xui</strong></span> <span class='ocrx_word' id='word_1_440' title='bbox 3353 2816 3473 2876; x_wconf 91' lang='grc' dir='ltr'>ταῖς</span> <span class='ocrx_word' id='word_1_441' title='bbox 3494 2816 3613 2866; x_wconf 87' lang='grc' dir='ltr'>κατ’</span> <span class='ocrx_word' id='word_1_442' title='bbox 3634 2811 3770 2884; x_wconf 83' lang='grc' dir='ltr'>ἐμοῦ</span> 
     </span>
    </p>
   </div>
   <div class='ocr_carea' id='block_1_59' title="bbox 2196 2901 3772 2980">
    <p class='ocr_par' dir='ltr' id='par_1_59' title="bbox 2196 2901 3772 2980">
     <span class='ocr_line' id='line_1_59' title="bbox 2196 2901 3772 2980; baseline -0.006 -18"><span class='ocrx_word' id='word_1_443' title='bbox 2196 2908 2586 2980; x_wconf 85' lang='grc' dir='ltr'>βλασφημίαις,</span> <span class='ocrx_word' id='word_1_444' title='bbox 2612 2910 2705 2961; x_wconf 87' lang='lat' dir='ltr'><strong>xui</strong></span> <span class='ocrx_word' id='word_1_445' title='bbox 2732 2907 2794 2960; x_wconf 85' lang='grc' dir='ltr'><strong>τὸ</strong></span> <span class='ocrx_word' id='word_1_446' title='bbox 2821 2904 3110 2976; x_wconf 88' lang='grc' dir='ltr'>περιμένον</span> <span class='ocrx_word' id='word_1_447' title='bbox 3138 2903 3283 2972; x_wconf 81' lang='grc' dir='ltr'>ὑμᾶς</span> <span class='ocrx_word' id='word_1_448' title='bbox 3310 2902 3408 2972; x_wconf 83' lang='grc' dir='ltr'><strong>τῆς</strong></span> <span class='ocrx_word' id='word_1_449' title='bbox 3435 2901 3651 2955; x_wconf 78' lang='grc' dir='ltr'>αἰωνίου</span> <span class='ocrx_word' id='word_1_450' title='bbox 3678 2917 3772 2953; x_wconf 88' lang='grc' dir='ltr'>κο-</span> 
     </span>
    </p>
   </div>
   <div class='ocr_carea' id='block_1_60' title="bbox 2194 2994 3776 3074">
    <p class='ocr_par' dir='ltr' id='par_1_60' title="bbox 2194 2994 3776 3074">
     <span class='ocr_line' id='line_1_60' title="bbox 2194 2994 3776 3074; baseline -0.006 -18"><span class='ocrx_word' id='word_1_451' title='bbox 2194 3002 2404 3066; x_wconf 89' lang='grc' dir='ltr'>λάσεως</span> <span class='ocrx_word' id='word_1_452' title='bbox 2429 3001 2538 3074; x_wconf 89' lang='grc' dir='ltr'><strong>πῦρ</strong></span> <span class='ocrx_word' id='word_1_453' title='bbox 2569 2999 2825 3071; x_wconf 79' lang='grc' dir='ltr'>μειζόνως</span> <span class='ocrx_word' id='word_1_454' title='bbox 2849 2998 3170 3064; x_wconf 81' lang='grc' dir='ltr'>ἐξάπτοντες</span> <span class='ocrx_word' id='word_1_455' title='bbox 3190 3013 3201 3024; x_wconf 82' lang='lat'>&#39;</span> <span class='ocrx_word' id='word_1_456' title='bbox 3227 2997 3307 3049; x_wconf 67' lang='grc' dir='ltr'>διὸ</span> <span class='ocrx_word' id='word_1_457' title='bbox 3345 2996 3438 3050; x_wconf 87' lang='lat' dir='ltr'><strong>xui</strong></span> <span class='ocrx_word' id='word_1_458' title='bbox 3471 3015 3489 3048; x_wconf 80' lang='grc' dir='ltr'><strong>ι</strong></span> <span class='ocrx_word' id='word_1_459' title='bbox 3541 2998 3599 3048; x_wconf 92' lang='grc' dir='ltr'><strong>ἐν</strong></span> <span class='ocrx_word' id='word_1_460' title='bbox 3628 2994 3776 3068; x_wconf 70' lang='grc' dir='ltr'>λύπῃ</span> 
     </span>
    </p>
   </div>
   <div class='ocr_carea' id='block_1_61' title="bbox 521 3079 2095 3187">
    <p class='ocr_par' dir='ltr' id='par_1_61' title="bbox 521 3079 2095 3149">
     <span class='ocr_line' id='line_1_61' title="bbox 521 3079 2095 3149; baseline -0.002 -12"><span class='ocrx_word' id='word_1_461' title='bbox 521 3102 546 3137; x_wconf 69' lang='grc' dir='ltr'><strong>ι</strong></span> <span class='ocrx_word' id='word_1_462' title='bbox 580 3083 633 3138; x_wconf 94' lang='lat' dir='ltr'><strong>in</strong></span> <span class='ocrx_word' id='word_1_463' title='bbox 667 3097 897 3139; x_wconf 71' lang='lat' dir='ltr'><strong>mmrore</strong></span> <span class='ocrx_word' id='word_1_464' title='bbox 945 3082 1256 3147; x_wconf 88' lang='lat' dir='ltr'><strong>dormietis;</strong></span> <span class='ocrx_word' id='word_1_465' title='bbox 1295 3098 1315 3133; x_wconf 77' lang='grc' dir='ltr'><strong>ι</strong></span> <span class='ocrx_word' id='word_1_466' title='bbox 1357 3081 1472 3136; x_wconf 88' lang='lat' dir='ltr'><strong>sive</strong></span> <span class='ocrx_word' id='word_1_467' title='bbox 1501 3079 1797 3136; x_wconf 89' lang='lat' dir='ltr'><strong>secundum</strong></span> <span class='ocrx_word' id='word_1_468' title='bbox 1849 3079 2095 3149; x_wconf 80' lang='lat' dir='ltr'><strong>Symma-</strong></span> 
     </span>
    </p>
   </div>
   <div class='ocr_carea' id='block_1_62' title="bbox 2197 3079 3772 3187">
    <p class='ocr_par' dir='ltr' id='par_1_62' title="bbox 2201 3086 3772 3165">
     <span class='ocr_line' id='line_1_62' title="bbox 2201 3086 3772 3165; baseline -0.005 -18"><span class='ocrx_word' id='word_1_469' title='bbox 2201 3092 2602 3165; x_wconf 86' lang='grc' dir='ltr'>κοιμηθήσεσθε</span> <span class='ocrx_word' id='word_1_470' title='bbox 2625 3109 2638 3122; x_wconf 76' lang='grc' dir='ltr'><strong>ο</strong></span> <span class='ocrx_word' id='word_1_471' title='bbox 2682 3111 2701 3145; x_wconf 73' lang='grc' dir='ltr'><strong>ι</strong></span> <span class='ocrx_word' id='word_1_472' title='bbox 2736 3091 2770 3162; x_wconf 84' lang='grc' dir='ltr'>ἢ</span> <span class='ocrx_word' id='word_1_473' title='bbox 2804 3090 2944 3146; x_wconf 86' lang='grc' dir='ltr'><strong>κατά</strong></span> <span class='ocrx_word' id='word_1_474' title='bbox 2987 3090 3079 3143; x_wconf 86' lang='grc' dir='ltr'><strong>τὸν</strong></span> <span class='ocrx_word' id='word_1_475' title='bbox 3107 3087 3426 3159; x_wconf 84' lang='grc' dir='ltr'>Σύμμαχον,</span> <span class='ocrx_word' id='word_1_476' title='bbox 3465 3106 3484 3140; x_wconf 72' lang='grc' dir='ltr'><strong>ι</strong></span> <span class='ocrx_word' id='word_1_477' title='bbox 3519 3088 3579 3142; x_wconf 88' lang='grc' dir='ltr'><strong>ἐν</strong></span> <span class='ocrx_word' id='word_1_478' title='bbox 3613 3086 3772 3158; x_wconf 81' lang='grc' dir='ltr'>ὀδύνῃ</span> 
     </span>
    </p>
   </div>
   <div class='ocr_carea' id='block_1_63' title="bbox 519 3173 1464 3240">
    <p class='ocr_par' dir='ltr' id='par_1_63' title="bbox 519 3173 1464 3240">
     <span class='ocr_line' id='line_1_63' title="bbox 519 3173 1464 3240; baseline -0.005 -9"><span class='ocrx_word' id='word_1_479' title='bbox 519 3175 704 3240; x_wconf 90' lang='lat' dir='ltr'><strong>chum,</strong></span> <span class='ocrx_word' id='word_1_480' title='bbox 741 3193 760 3227; x_wconf 76' lang='grc' dir='ltr'><strong>ι</strong></span> <span class='ocrx_word' id='word_1_481' title='bbox 803 3175 857 3230; x_wconf 92' lang='lat' dir='ltr'><strong>in</strong></span> <span class='ocrx_word' id='word_1_482' title='bbox 889 3175 1076 3230; x_wconf 88' lang='lat' dir='ltr'><strong>dolore</strong></span> <span class='ocrx_word' id='word_1_483' title='bbox 1110 3173 1408 3229; x_wconf 87' lang='lat' dir='ltr'><strong>dormietis.</strong></span> <span class='ocrx_word' id='word_1_484' title='bbox 1444 3191 1464 3226; x_wconf 75' lang='grc' dir='ltr'><strong>ι</strong></span> 
     </span>
    </p>
   </div>
   <div class='ocr_carea' id='block_1_64' title="bbox 1108 3284 1465 3342">
    <p class='ocr_par' dir='ltr' id='par_1_64' title="bbox 1108 3284 1465 3342">
     <span class='ocr_line' id='line_1_64' title="bbox 1108 3284 1465 3342; baseline -0.003 0"><span class='ocrx_word' id='word_1_485' title='bbox 1108 3284 1339 3342; x_wconf 83' lang='lat' dir='ltr'><strong>CAPUT</strong></span> <span class='ocrx_word' id='word_1_486' title='bbox 1381 3285 1465 3341; x_wconf 85' lang='lat' dir='ltr'><strong>LI.</strong></span> 
     </span>
    </p>
   </div>
   <div class='ocr_carea' id='block_1_65' title="bbox 593 3399 2098 3470">
    <p class='ocr_par' dir='ltr' id='par_1_65' title="bbox 593 3399 2098 3470">
     <span class='ocr_line' id='line_1_65' title="bbox 593 3399 2098 3470; baseline -0.003 -12"><span class='ocrx_word' id='word_1_487' title='bbox 593 3401 752 3458; x_wconf 70' lang='lat' dir='ltr'><strong>Vsus.</strong></span> <span class='ocrx_word' id='word_1_488' title='bbox 777 3401 1087 3466; x_wconf 70' lang='lat' dir='ltr'><strong>LcAudite,</strong></span> <span class='ocrx_word' id='word_1_489' title='bbox 1107 3400 1196 3469; x_wconf 93' lang='lat' dir='ltr'><strong>qui</strong></span> <span class='ocrx_word' id='word_1_490' title='bbox 1219 3399 1602 3470; x_wconf 87' lang='lat' dir='ltr'><strong>persequimini</strong></span> <span class='ocrx_word' id='word_1_491' title='bbox 1624 3399 1978 3467; x_wconf 87' lang='lat' dir='ltr'><strong>quodjustum</strong></span> <span class='ocrx_word' id='word_1_492' title='bbox 1995 3407 2098 3463; x_wconf 90' lang='lat' dir='ltr'><strong>est,</strong></span> 
     </span>
    </p>
   </div>
   <div class='ocr_carea' id='block_1_66' title="bbox 515 3492 2100 3565">
    <p class='ocr_par' dir='ltr' id='par_1_66' title="bbox 515 3492 2100 3565">
     <span class='ocr_line' id='line_1_66' title="bbox 515 3492 2100 3565; baseline -0.002 -17"><span class='ocrx_word' id='word_1_493' title='bbox 515 3503 573 3548; x_wconf 90' lang='lat' dir='ltr'><strong>et</strong></span> <span class='ocrx_word' id='word_1_494' title='bbox 602 3496 691 3565; x_wconf 90' lang='lat' dir='ltr'><strong>qui</strong></span> <span class='ocrx_word' id='word_1_495' title='bbox 722 3495 966 3564; x_wconf 67' lang='lat' dir='ltr'><strong>qumritis</strong></span> <span class='ocrx_word' id='word_1_496' title='bbox 1017 3493 1322 3548; x_wconf 89' lang='lat' dir='ltr'><strong>Dominum.</strong></span> <span class='ocrx_word' id='word_1_497' title='bbox 1360 3510 1379 3544; x_wconf 71' lang='grc' dir='ltr'><strong>ι</strong></span> <span class='ocrx_word' id='word_1_498' title='bbox 1425 3492 1560 3558; x_wconf 84' lang='lat' dir='ltr'><strong>Quia</strong></span> <span class='ocrx_word' id='word_1_499' title='bbox 1613 3492 1833 3546; x_wconf 88' lang='lat' dir='ltr'><strong>immani</strong></span> <span class='ocrx_word' id='word_1_500' title='bbox 1874 3492 2100 3546; x_wconf 63' lang='lat' dir='ltr'><strong>stultitia</strong></span> 
     </span>
    </p>
   </div>
   <div class='ocr_carea' id='block_1_67' title="bbox 513 3583 2100 3655">
    <p class='ocr_par' dir='ltr' id='par_1_67' title="bbox 513 3583 2100 3655">
     <span class='ocr_line' id='line_1_67' title="bbox 513 3583 2100 3655; baseline -0.002 -15"><span class='ocrx_word' id='word_1_501' title='bbox 513 3585 773 3641; x_wconf 67' lang='lat' dir='ltr'><strong>obcaacati</strong></span> <span class='ocrx_word' id='word_1_502' title='bbox 801 3584 1106 3639; x_wconf 74' lang='lat' dir='ltr'><strong>Judzeorum</strong></span> <span class='ocrx_word' id='word_1_503' title='bbox 1139 3583 1319 3654; x_wconf 91' lang='lat' dir='ltr'><strong>populi</strong></span> <span class='ocrx_word' id='word_1_504' title='bbox 1365 3585 1705 3655; x_wconf 82' lang='lat' dir='ltr'><strong>unigenitum</strong></span> <span class='ocrx_word' id='word_1_505' title='bbox 1734 3585 1826 3640; x_wconf 92' lang='lat' dir='ltr'><strong>Dei</strong></span> <span class='ocrx_word' id='word_1_506' title='bbox 1865 3585 2100 3640; x_wconf 81' lang='lat' dir='ltr'><strong>Verbum</strong></span> 
     </span>
    </p>
   </div>
   <div class='ocr_carea' id='block_1_68' title="bbox 515 3677 2099 3743">
    <p class='ocr_par' dir='ltr' id='par_1_68' title="bbox 515 3677 2099 3743">
     <span class='ocr_line' id='line_1_68' title="bbox 515 3677 2099 3743; baseline -0.001 -12"><span class='ocrx_word' id='word_1_507' title='bbox 515 3677 574 3731; x_wconf 84' lang='lat' dir='ltr'><strong>in</strong></span> <span class='ocrx_word' id='word_1_508' title='bbox 608 3677 776 3731; x_wconf 81' lang='lat' dir='ltr'><strong>forma</strong></span> <span class='ocrx_word' id='word_1_509' title='bbox 828 3688 1037 3743; x_wconf 89' lang='lat' dir='ltr'><strong>nostra,</strong></span> <span class='ocrx_word' id='word_1_510' title='bbox 1072 3677 1124 3731; x_wconf 89' lang='lat' dir='ltr'><strong>id</strong></span> <span class='ocrx_word' id='word_1_511' title='bbox 1154 3685 1239 3734; x_wconf 88' lang='lat' dir='ltr'><strong>est</strong></span> <span class='ocrx_word' id='word_1_512' title='bbox 1277 3677 1546 3732; x_wconf 88' lang='lat' dir='ltr'><strong>hominem</strong></span> <span class='ocrx_word' id='word_1_513' title='bbox 1582 3677 1784 3730; x_wconf 79' lang='lat' dir='ltr'><strong>factum</strong></span> <span class='ocrx_word' id='word_1_514' title='bbox 1833 3678 2099 3742; x_wconf 87' lang='lat' dir='ltr'><strong>videntes,</strong></span> 
     </span>
    </p>
   </div>
   <div class='ocr_carea' id='block_1_69' title="bbox 515 3769 2102 3839">
    <p class='ocr_par' dir='ltr' id='par_1_69' title="bbox 515 3769 2102 3839">
     <span class='ocr_line' id='line_1_69' title="bbox 515 3769 2102 3839; baseline 0.001 -16"><span class='ocrx_word' id='word_1_515' title='bbox 515 3770 634 3837; x_wconf 85' lang='lat' dir='ltr'><strong>ejus</strong></span> <span class='ocrx_word' id='word_1_516' title='bbox 662 3769 973 3839; x_wconf 77' lang='lat' dir='ltr'><strong>mysterium</strong></span> <span class='ocrx_word' id='word_1_517' title='bbox 1003 3784 1106 3823; x_wconf 93' lang='lat' dir='ltr'><strong>non</strong></span> <span class='ocrx_word' id='word_1_518' title='bbox 1133 3769 1508 3824; x_wconf 76' lang='lat' dir='ltr'><strong>intellexerunt</strong></span> <span class='ocrx_word' id='word_1_519' title='bbox 1539 3770 1668 3824; x_wconf 89' lang='lat' dir='ltr'><strong>:sed</strong></span> <span class='ocrx_word' id='word_1_520' title='bbox 1694 3771 1928 3824; x_wconf 86' lang='lat' dir='ltr'><strong>amentia</strong></span> <span class='ocrx_word' id='word_1_521' title='bbox 1953 3769 2102 3824; x_wconf 88' lang='lat' dir='ltr'><strong>ducti</strong></span> 
     </span>
    </p>
   </div>
   <div class='ocr_carea' id='block_1_70' title="bbox 517 3859 2103 3930">
    <p class='ocr_par' dir='ltr' id='par_1_70' title="bbox 517 3859 2103 3930">
     <span class='ocr_line' id='line_1_70' title="bbox 517 3859 2103 3930; baseline -0.003 -14"><span class='ocrx_word' id='word_1_522' title='bbox 517 3876 636 3925; x_wconf 86' lang='lat' dir='ltr'><strong>sua,</strong></span> <span class='ocrx_word' id='word_1_523' title='bbox 661 3861 973 3930; x_wconf 86' lang='lat' dir='ltr'><strong>plerumque</strong></span> <span class='ocrx_word' id='word_1_524' title='bbox 1008 3861 1180 3930; x_wconf 90' lang='lat' dir='ltr'><strong>ipsum</strong></span> <span class='ocrx_word' id='word_1_525' title='bbox 1211 3860 1539 3930; x_wconf 87' lang='lat' dir='ltr'><strong>blasphemis</strong></span> <span class='ocrx_word' id='word_1_526' title='bbox 1560 3860 1722 3914; x_wconf 89' lang='lat' dir='ltr'><strong>dictis</strong></span> <span class='ocrx_word' id='word_1_527' title='bbox 1762 3859 2103 3930; x_wconf 89' lang='lat' dir='ltr'><strong>impudenter</strong></span> 
     </span>
    </p>
   </div>
   <div class='ocr_carea' id='block_1_71' title="bbox 518 3949 2100 4020">
    <p class='ocr_par' dir='ltr' id='par_1_71' title="bbox 518 3949 2100 4020">
     <span class='ocr_line' id='line_1_71' title="bbox 518 3949 2100 4020; baseline -0.001 -14"><span class='ocrx_word' id='word_1_528' title='bbox 518 3951 861 4008; x_wconf 88' lang='lat' dir='ltr'><strong>incessebant</strong></span> <span class='ocrx_word' id='word_1_529' title='bbox 894 3969 908 4007; x_wconf 87' lang='lat'>:</span> <span class='ocrx_word' id='word_1_530' title='bbox 941 3967 1088 4016; x_wconf 90' lang='lat' dir='ltr'><strong>nam,</strong></span> <span class='ocrx_word' id='word_1_531' title='bbox 1123 3964 1182 4005; x_wconf 91' lang='lat' dir='ltr'><strong>ut</strong></span> <span class='ocrx_word' id='word_1_532' title='bbox 1207 3951 1366 4020; x_wconf 87' lang='lat' dir='ltr'><strong>paulo</strong></span> <span class='ocrx_word' id='word_1_533' title='bbox 1392 3960 1518 4005; x_wconf 83' lang='lat' dir='ltr'><strong>ante</strong></span> <span class='ocrx_word' id='word_1_534' title='bbox 1544 3952 1952 4018; x_wconf 80' lang='lat' dir='ltr'><strong>dixi,eximiam</strong></span> <span class='ocrx_word' id='word_1_535' title='bbox 1983 3949 2100 4020; x_wconf 91' lang='lat' dir='ltr'><strong>glo-</strong></span> 
     </span>
    </p>
   </div>
   <div class='ocr_carea' id='block_1_72' title="bbox 514 4042 2100 4114">
    <p class='ocr_par' dir='ltr' id='par_1_72' title="bbox 514 4042 2100 4114">
     <span class='ocr_line' id='line_1_72' title="bbox 514 4042 2100 4114; baseline -0.002 -16"><span class='ocrx_word' id='word_1_536' title='bbox 514 4047 656 4098; x_wconf 80' lang='lat' dir='ltr'><strong>riam</strong></span> <span class='ocrx_word' id='word_1_537' title='bbox 705 4054 760 4100; x_wconf 89' lang='lat' dir='ltr'><strong>et</strong></span> <span class='ocrx_word' id='word_1_538' title='bbox 813 4044 1066 4099; x_wconf 88' lang='lat' dir='ltr'><strong>virtutem</strong></span> <span class='ocrx_word' id='word_1_539' title='bbox 1118 4058 1270 4099; x_wconf 89' lang='lat' dir='ltr'><strong>suam</strong></span> <span class='ocrx_word' id='word_1_540' title='bbox 1326 4044 1456 4112; x_wconf 90' lang='lat' dir='ltr'><strong>ipsis</strong></span> <span class='ocrx_word' id='word_1_541' title='bbox 1507 4044 1791 4114; x_wconf 89' lang='lat' dir='ltr'><strong>perspicue</strong></span> <span class='ocrx_word' id='word_1_542' title='bbox 1839 4042 2100 4107; x_wconf 89' lang='lat' dir='ltr'><strong>declarat,</strong></span> 
     </span>
    </p>
   </div>
   <div class='ocr_carea' id='block_1_73' title="bbox 514 4119 2102 4205">
    <p class='ocr_par' dir='ltr' id='par_1_73' title="bbox 514 4119 2102 4205">
     <span class='ocr_line' id='line_1_73' title="bbox 514 4119 2102 4205; baseline -0.001 -15"><span class='ocrx_word' id='word_1_543' title='bbox 514 4143 680 4205; x_wconf 85' lang='lat' dir='ltr'><strong>atque</strong></span> <span class='ocrx_word' id='word_1_544' title='bbox 715 4151 900 4192; x_wconf 90' lang='lat' dir='ltr'><strong>eorum</strong></span> <span class='ocrx_word' id='word_1_545' title='bbox 953 4135 1214 4205; x_wconf 90' lang='lat' dir='ltr'><strong>quosdam</strong></span> <span class='ocrx_word' id='word_1_546' title='bbox 1249 4152 1318 4191; x_wconf 85' lang='lat' dir='ltr'><strong>ne</strong></span> <span class='ocrx_word' id='word_1_547' title='bbox 1356 4151 1414 4191; x_wconf 89' lang='lat' dir='ltr'><strong>se</strong></span> <span class='ocrx_word' id='word_1_548' title='bbox 1438 4136 1584 4205; x_wconf 83' lang='lat' dir='ltr'><strong>parvi</strong></span> <span class='ocrx_word' id='word_1_549' title='bbox 1616 4135 1972 4199; x_wconf 75' lang='lat' dir='ltr'><strong>mstimarent,</strong></span> <span class='ocrx_word' id='word_1_550' title='bbox 2008 4119 2102 4188; x_wconf 62' lang='lat' dir='ltr'><strong>de:-</strong></span> 
     </span>
    </p>
   </div>
   <div class='ocr_carea' id='block_1_74' title="bbox 518 4227 2104 4295">
    <p class='ocr_par' dir='ltr' id='par_1_74' title="bbox 518 4227 2104 4295">
     <span class='ocr_line' id='line_1_74' title="bbox 518 4227 2104 4295; baseline -0.003 -13"><span class='ocrx_word' id='word_1_551' title='bbox 518 4233 686 4282; x_wconf 83' lang='lat' dir='ltr'><strong>lerret</strong></span> <span class='ocrx_word' id='word_1_552' title='bbox 729 4227 814 4283; x_wconf 92' lang='lat' dir='ltr'><strong>his</strong></span> <span class='ocrx_word' id='word_1_553' title='bbox 860 4227 1064 4292; x_wconf 91' lang='lat' dir='ltr'><strong>verbis,</strong></span> <span class='ocrx_word' id='word_1_554' title='bbox 1101 4245 1120 4279; x_wconf 76' lang='grc' dir='ltr'><strong>ι</strong></span> <span class='ocrx_word' id='word_1_555' title='bbox 1158 4227 1420 4283; x_wconf 84' lang='lat' dir='ltr'><strong>Conlidite</strong></span> <span class='ocrx_word' id='word_1_556' title='bbox 1469 4228 1521 4281; x_wconf 90' lang='lat' dir='ltr'><strong>in</strong></span> <span class='ocrx_word' id='word_1_557' title='bbox 1573 4227 1834 4292; x_wconf 87' lang='lat' dir='ltr'><strong>Domino;</strong></span> <span class='ocrx_word' id='word_1_558' title='bbox 1874 4245 1893 4278; x_wconf 70' lang='grc' dir='ltr'><strong>ι</strong></span> <span class='ocrx_word' id='word_1_559' title='bbox 1947 4241 2104 4295; x_wconf 90' lang='lat' dir='ltr'><strong>aper-</strong></span> 
     </span>
    </p>
   </div>
   <div class='ocr_carea' id='block_1_75' title="bbox 514 4317 2101 4391">
    <p class='ocr_par' dir='ltr' id='par_1_75' title="bbox 514 4317 2101 4391">
     <span class='ocr_line' id='line_1_75' title="bbox 514 4317 2101 4391; baseline -0.002 -19"><span class='ocrx_word' id='word_1_560' title='bbox 514 4320 726 4376; x_wconf 80' lang='lat' dir='ltr'><strong>tissime</strong></span> <span class='ocrx_word' id='word_1_561' title='bbox 762 4321 924 4391; x_wconf 87' lang='lat' dir='ltr'><strong>igitur</strong></span> <span class='ocrx_word' id='word_1_562' title='bbox 951 4335 1011 4375; x_wconf 89' lang='lat' dir='ltr'><strong>se</strong></span> <span class='ocrx_word' id='word_1_563' title='bbox 1043 4319 1326 4374; x_wconf 91' lang='lat' dir='ltr'><strong>Dominum</strong></span> <span class='ocrx_word' id='word_1_564' title='bbox 1358 4330 1412 4375; x_wconf 92' lang='lat' dir='ltr'><strong>et</strong></span> <span class='ocrx_word' id='word_1_565' title='bbox 1450 4320 1616 4374; x_wconf 88' lang='lat' dir='ltr'><strong>Deum</strong></span> <span class='ocrx_word' id='word_1_566' title='bbox 1651 4334 1771 4374; x_wconf 89' lang='lat' dir='ltr'><strong>esse</strong></span> <span class='ocrx_word' id='word_1_567' title='bbox 1803 4319 1953 4383; x_wconf 88' lang='lat' dir='ltr'><strong>dicit,</strong></span> <span class='ocrx_word' id='word_1_568' title='bbox 1986 4317 2101 4387; x_wconf 83' lang='lat' dir='ltr'><strong>qui,</strong></span> 
     </span>
    </p>
   </div>
   <div class='ocr_carea' id='block_1_76' title="bbox 517 4409 2102 4479">
    <p class='ocr_par' dir='ltr' id='par_1_76' title="bbox 517 4409 2102 4479">
     <span class='ocr_line' id='line_1_76' title="bbox 517 4409 2102 4479; baseline -0.001 -15"><span class='ocrx_word' id='word_1_569' title='bbox 517 4413 595 4464; x_wconf 88' lang='lat' dir='ltr'><strong>uti</strong></span> <span class='ocrx_word' id='word_1_570' title='bbox 620 4413 730 4479; x_wconf 87' lang='lat' dir='ltr'><strong>jam</strong></span> <span class='ocrx_word' id='word_1_571' title='bbox 757 4413 901 4478; x_wconf 79' lang='lat' dir='ltr'><strong>dixi,</strong></span> <span class='ocrx_word' id='word_1_572' title='bbox 931 4412 1178 4467; x_wconf 85' lang='lat' dir='ltr'><strong>homines</strong></span> <span class='ocrx_word' id='word_1_573' title='bbox 1208 4413 1464 4479; x_wconf 88' lang='lat' dir='ltr'><strong>deterret,</strong></span> <span class='ocrx_word' id='word_1_574' title='bbox 1503 4426 1571 4467; x_wconf 84' lang='lat' dir='ltr'><strong>ne</strong></span> <span class='ocrx_word' id='word_1_575' title='bbox 1610 4413 1676 4467; x_wconf 90' lang='lat' dir='ltr'><strong>de</strong></span> <span class='ocrx_word' id='word_1_576' title='bbox 1715 4426 1773 4466; x_wconf 91' lang='lat' dir='ltr'><strong>se</strong></span> <span class='ocrx_word' id='word_1_577' title='bbox 1813 4409 2102 4466; x_wconf 88' lang='lat' dir='ltr'><strong>humiliore</strong></span> 
     </span>
    </p>
   </div>
   <div class='ocr_carea' id='block_1_77' title="bbox 2203 3186 2685 3258">
    <p class='ocr_par' dir='ltr' id='par_1_77' title="bbox 2203 3186 2685 3258">
     <span class='ocr_line' id='line_1_77' title="bbox 2203 3186 2685 3258; baseline -0.008 -17"><span class='ocrx_word' id='word_1_578' title='bbox 2203 3186 2626 3258; x_wconf 83' lang='grc' dir='ltr'>κοιμηθήσεσθε.</span> <span class='ocrx_word' id='word_1_579' title='bbox 2664 3202 2685 3237; x_wconf 77' lang='lat' dir='ltr'><strong>i</strong></span> 
     </span>
    </p>
   </div>
   <div class='ocr_carea' id='block_1_78' title="bbox 2700 3297 3266 3352">
    <p class='ocr_par' dir='ltr' id='par_1_78' title="bbox 2700 3297 3266 3352">
     <span class='ocr_line' id='line_1_78' title="bbox 2700 3297 3266 3352; baseline -0.005 -1"><span class='ocrx_word' id='word_1_580' title='bbox 2700 3297 3094 3352; x_wconf 78' lang='grc' dir='ltr'><strong>ΚΕΦΑΛᾹῘΟΝ</strong></span> <span class='ocrx_word' id='word_1_581' title='bbox 3139 3297 3266 3349; x_wconf 77' lang='lat' dir='ltr'><strong>NA&#39;.</strong></span> 
     </span>
    </p>
   </div>
   <div class='ocr_carea' id='block_1_79' title="bbox 2277 3404 3775 3478">
    <p class='ocr_par' dir='ltr' id='par_1_79' title="bbox 2277 3404 3775 3478">
     <span class='ocr_line' id='line_1_79' title="bbox 2277 3404 3775 3478; baseline -0.003 -16"><span class='ocrx_word' id='word_1_582' title='bbox 2277 3431 2296 3462; x_wconf 76' lang='grc' dir='ltr'><strong>ι</strong></span> <span class='ocrx_word' id='word_1_583' title='bbox 2349 3412 2659 3476; x_wconf 83' lang='grc' dir='ltr'>Ἀκούσατε,</span> <span class='ocrx_word' id='word_1_584' title='bbox 2695 3413 2744 3464; x_wconf 75' lang='lat' dir='ltr'><strong>oi</strong></span> <span class='ocrx_word' id='word_1_585' title='bbox 2771 3411 3058 3473; x_wconf 83' lang='grc' dir='ltr'>διώκοντες</span> <span class='ocrx_word' id='word_1_586' title='bbox 3080 3408 3140 3462; x_wconf 81' lang='grc' dir='ltr'>τὸ</span> <span class='ocrx_word' id='word_1_587' title='bbox 3163 3409 3388 3472; x_wconf 84' lang='grc' dir='ltr'>δίκαιον,</span> <span class='ocrx_word' id='word_1_588' title='bbox 3419 3408 3511 3461; x_wconf 90' lang='lat' dir='ltr'><strong>xui</strong></span> <span class='ocrx_word' id='word_1_589' title='bbox 3549 3404 3775 3478; x_wconf 81' lang='grc' dir='ltr'>ζητοῦν-</span> 
     </span>
    </p>
   </div>
   <div class='ocr_carea' id='block_1_80' title="bbox 2199 3497 3772 3575">
    <p class='ocr_par' dir='ltr' id='par_1_80' title="bbox 2199 3497 3772 3575">
     <span class='ocr_line' id='line_1_80' title="bbox 2199 3497 3772 3575; baseline -0.004 -19"><span class='ocrx_word' id='word_1_590' title='bbox 2199 3521 2290 3566; x_wconf 90' lang='grc' dir='ltr'><strong>τες</strong></span> <span class='ocrx_word' id='word_1_591' title='bbox 2309 3502 2400 3556; x_wconf 83' lang='grc' dir='ltr'><strong>τὸν</strong></span> <span class='ocrx_word' id='word_1_592' title='bbox 2426 3503 2646 3575; x_wconf 68' lang='grc' dir='ltr'>Κύριονζ</span> <span class='ocrx_word' id='word_1_593' title='bbox 2679 3522 2696 3555; x_wconf 77' lang='grc' dir='ltr'><strong>ι</strong></span> <span class='ocrx_word' id='word_1_594' title='bbox 2737 3501 2955 3572; x_wconf 80' lang='grc' dir='ltr'>Ἐπειδὴ</span> <span class='ocrx_word' id='word_1_595' title='bbox 2979 3503 3042 3554; x_wconf 88' lang='grc' dir='ltr'><strong>ἐκ</strong></span> <span class='ocrx_word' id='word_1_596' title='bbox 3071 3499 3270 3570; x_wconf 82' lang='grc' dir='ltr'>πολλῆς</span> <span class='ocrx_word' id='word_1_597' title='bbox 3291 3499 3429 3567; x_wconf 78' lang='grc' dir='ltr'>ἄγαν</span> <span class='ocrx_word' id='word_1_598' title='bbox 3444 3497 3772 3567; x_wconf 81' lang='grc' dir='ltr'>ὰϐελτηρίας</span> 
     </span>
    </p>
   </div>
   <div class='ocr_carea' id='block_1_81' title="bbox 2200 3582 3768 3664">
    <p class='ocr_par' dir='ltr' id='par_1_81' title="bbox 2200 3582 3768 3664">
     <span class='ocr_line' id='line_1_81' title="bbox 2200 3582 3768 3664; baseline -0.002 -20"><span class='ocrx_word' id='word_1_599' title='bbox 2200 3593 2250 3645; x_wconf 88' lang='grc' dir='ltr'>οἱ</span> <span class='ocrx_word' id='word_1_600' title='bbox 2278 3593 2385 3645; x_wconf 82' lang='grc' dir='ltr'>τῶν</span> <span class='ocrx_word' id='word_1_601' title='bbox 2421 3582 2685 3646; x_wconf 78' lang='grc' dir='ltr'>Ἰουδαίων</span> <span class='ocrx_word' id='word_1_602' title='bbox 2712 3592 2870 3664; x_wconf 87' lang='grc' dir='ltr'>δῆμοι</span> <span class='ocrx_word' id='word_1_603' title='bbox 2894 3591 2986 3644; x_wconf 84' lang='grc' dir='ltr'>τὸν</span> <span class='ocrx_word' id='word_1_604' title='bbox 3016 3593 3269 3662; x_wconf 84' lang='grc' dir='ltr'>μονογενῆ</span> <span class='ocrx_word' id='word_1_605' title='bbox 3302 3587 3394 3640; x_wconf 87' lang='grc' dir='ltr'><strong>τοῦ</strong></span> <span class='ocrx_word' id='word_1_606' title='bbox 3428 3587 3561 3641; x_wconf 86' lang='grc' dir='ltr'>Θεοῦ</span> <span class='ocrx_word' id='word_1_607' title='bbox 3597 3587 3768 3654; x_wconf 85' lang='grc' dir='ltr'>Λόγον</span> 
     </span>
    </p>
   </div>
   <div class='ocr_carea' id='block_1_82' title="bbox 2201 3679 3769 3756">
    <p class='ocr_par' dir='ltr' id='par_1_82' title="bbox 2201 3679 3769 3756">
     <span class='ocr_line' id='line_1_82' title="bbox 2201 3679 3769 3756; baseline -0.006 -18"><span class='ocrx_word' id='word_1_608' title='bbox 2201 3682 2434 3756; x_wconf 80' lang='grc' dir='ltr'>ὁρῶντες</span> <span class='ocrx_word' id='word_1_609' title='bbox 2467 3685 2523 3736; x_wconf 89' lang='grc' dir='ltr'>ἐν</span> <span class='ocrx_word' id='word_1_610' title='bbox 2558 3682 2684 3736; x_wconf 80' lang='grc' dir='ltr'>εῖδει</span> <span class='ocrx_word' id='word_1_611' title='bbox 2727 3683 2803 3754; x_wconf 82' lang='grc' dir='ltr'>τῷ</span> <span class='ocrx_word' id='word_1_612' title='bbox 2833 3682 2954 3736; x_wconf 84' lang='grc' dir='ltr'>καθ’</span> <span class='ocrx_word' id='word_1_613' title='bbox 2985 3684 3153 3754; x_wconf 70' lang='grc' dir='ltr'>ἡμᾶς,</span> <span class='ocrx_word' id='word_1_614' title='bbox 3193 3679 3437 3733; x_wconf 81' lang='grc' dir='ltr'>τουτέστι</span> <span class='ocrx_word' id='word_1_615' title='bbox 3480 3679 3769 3749; x_wconf 88' lang='grc' dir='ltr'>γενόμενον</span> 
     </span>
    </p>
   </div>
   <div class='ocr_carea' id='block_1_83' title="bbox 2202 3770 3768 3848">
    <p class='ocr_par' dir='ltr' id='par_1_83' title="bbox 2202 3770 3768 3848">
     <span class='ocr_line' id='line_1_83' title="bbox 2202 3770 3768 3848; baseline -0.007 -17"><span class='ocrx_word' id='word_1_616' title='bbox 2202 3775 2506 3848; x_wconf 80' lang='grc' dir='ltr'>ἄνθρωπον,</span> <span class='ocrx_word' id='word_1_617' title='bbox 2540 3775 2599 3827; x_wconf 83' lang='grc' dir='ltr'><strong>ού</strong></span> <span class='ocrx_word' id='word_1_618' title='bbox 2633 3774 2882 3826; x_wconf 86' lang='grc' dir='ltr'>συνίεσαν</span> <span class='ocrx_word' id='word_1_619' title='bbox 2921 3773 3019 3845; x_wconf 87' lang='grc' dir='ltr'><strong>μὲν</strong></span> <span class='ocrx_word' id='word_1_620' title='bbox 3049 3772 3108 3825; x_wconf 88' lang='grc' dir='ltr'><strong>τὸ</strong></span> <span class='ocrx_word' id='word_1_621' title='bbox 3141 3772 3224 3824; x_wconf 84' lang='grc' dir='ltr'>ἐπ’</span> <span class='ocrx_word' id='word_1_622' title='bbox 3259 3770 3402 3841; x_wconf 84' lang='grc' dir='ltr'>αὑτῷ</span> <span class='ocrx_word' id='word_1_623' title='bbox 3438 3770 3730 3841; x_wconf 80' lang='grc' dir='ltr'>μυστήριον</span> <span class='ocrx_word' id='word_1_624' title='bbox 3752 3784 3768 3799; x_wconf 84' lang='grc'><strong>·</strong></span> 
     </span>
    </p>
   </div>
   <div class='ocr_carea' id='block_1_84' title="bbox 2202 3859 3776 3936">
    <p class='ocr_par' dir='ltr' id='par_1_84' title="bbox 2202 3859 3776 3936">
     <span class='ocr_line' id='line_1_84' title="bbox 2202 3859 3776 3936; baseline -0.007 -14"><span class='ocrx_word' id='word_1_625' title='bbox 2202 3867 2584 3931; x_wconf 87' lang='grc' dir='ltr'>ἀσυνετοῦντες</span> <span class='ocrx_word' id='word_1_626' title='bbox 2630 3865 2687 3920; x_wconf 82' lang='grc' dir='ltr'>δὲ</span> <span class='ocrx_word' id='word_1_627' title='bbox 2733 3864 3057 3936; x_wconf 84' lang='grc' dir='ltr'>πλεισταχοῦ</span> <span class='ocrx_word' id='word_1_628' title='bbox 3117 3862 3492 3934; x_wconf 81' lang='grc' dir='ltr'>παλιμφήμοις</span> <span class='ocrx_word' id='word_1_629' title='bbox 3545 3859 3776 3913; x_wconf 86' lang='grc' dir='ltr'>ἐλύπουν</span> 
     </span>
    </p>
   </div>
   <div class='ocr_carea' id='block_1_85' title="bbox 2204 3950 3774 4028">
    <p class='ocr_par' dir='ltr' id='par_1_85' title="bbox 2204 3950 3774 4028">
     <span class='ocr_line' id='line_1_85' title="bbox 2204 3950 3774 4028; baseline -0.005 -17"><span class='ocrx_word' id='word_1_630' title='bbox 2204 3961 2407 4027; x_wconf 85' lang='grc' dir='ltr'>φωναῖς</span> <span class='ocrx_word' id='word_1_631' title='bbox 2435 3957 2663 4021; x_wconf 83' lang='grc' dir='ltr'>ἀναιδῶς</span> <span class='ocrx_word' id='word_1_632' title='bbox 2683 3974 2695 3987; x_wconf 86' lang='grc'><strong>·</strong></span> <span class='ocrx_word' id='word_1_633' title='bbox 2731 3956 2980 4028; x_wconf 77' lang='grc' dir='ltr'>καθάπερ</span> <span class='ocrx_word' id='word_1_634' title='bbox 3015 3955 3122 4026; x_wconf 77' lang='grc' dir='ltr'><strong>γὰρ</strong></span> <span class='ocrx_word' id='word_1_635' title='bbox 3158 3954 3294 4024; x_wconf 75' lang='grc' dir='ltr'>ἔφην</span> <span class='ocrx_word' id='word_1_636' title='bbox 3325 3952 3545 4024; x_wconf 82' lang='grc' dir='ltr'>ἀρτίως,</span> <span class='ocrx_word' id='word_1_637' title='bbox 3574 3950 3774 4022; x_wconf 88' lang='grc' dir='ltr'>ἐναργῆ</span> 
     </span>
    </p>
   </div>
   <div class='ocr_carea' id='block_1_86' title="bbox 2204 4043 3772 4122">
    <p class='ocr_par' dir='ltr' id='par_1_86' title="bbox 2204 4043 3772 4122">
     <span class='ocr_line' id='line_1_86' title="bbox 2204 4043 3772 4122; baseline -0.006 -18"><span class='ocrx_word' id='word_1_638' title='bbox 2204 4051 2522 4122; x_wconf 82' lang='grc' dir='ltr'>καθίστησιν</span> <span class='ocrx_word' id='word_1_639' title='bbox 2555 4048 2737 4110; x_wconf 88' lang='grc' dir='ltr'>αὑτοῖς</span> <span class='ocrx_word' id='word_1_640' title='bbox 2768 4049 2866 4120; x_wconf 84' lang='grc' dir='ltr'>τὴν</span> <span class='ocrx_word' id='word_1_641' title='bbox 2903 4045 3454 4118; x_wconf 86' lang='grc' dir='ltr'>σεμνοπρεπεστάτην</span> <span class='ocrx_word' id='word_1_642' title='bbox 3483 4043 3644 4097; x_wconf 89' lang='grc' dir='ltr'>αὑτοῦ</span> <span class='ocrx_word' id='word_1_643' title='bbox 3686 4043 3772 4096; x_wconf 86' lang='grc' dir='ltr'>δό-</span> 
     </span>
    </p>
   </div>
   <div class='ocr_carea' id='block_1_87' title="bbox 2205 4133 3776 4212">
    <p class='ocr_par' dir='ltr' id='par_1_87' title="bbox 2205 4133 3776 4212">
     <span class='ocr_line' id='line_1_87' title="bbox 2205 4133 3776 4212; baseline -0.008 -17"><span class='ocrx_word' id='word_1_644' title='bbox 2205 4143 2299 4207; x_wconf 81' lang='grc' dir='ltr'>ξαν</span> <span class='ocrx_word' id='word_1_645' title='bbox 2330 4160 2390 4195; x_wconf 89' lang='grc' dir='ltr'><strong>τε</strong></span> <span class='ocrx_word' id='word_1_646' title='bbox 2421 4144 2513 4195; x_wconf 81' lang='lat' dir='ltr'><strong>xui</strong></span> <span class='ocrx_word' id='word_1_647' title='bbox 2542 4142 2788 4212; x_wconf 89' lang='grc' dir='ltr'>δύναμιν,</span> <span class='ocrx_word' id='word_1_648' title='bbox 2821 4140 2916 4193; x_wconf 84' lang='lat' dir='ltr'><strong>xui</strong></span> <span class='ocrx_word' id='word_1_649' title='bbox 2951 4139 3044 4192; x_wconf 88' lang='grc' dir='ltr'><strong>τοῦ</strong></span> <span class='ocrx_word' id='word_1_650' title='bbox 3079 4137 3248 4210; x_wconf 84' lang='grc' dir='ltr'>μικρά</span> <span class='ocrx_word' id='word_1_651' title='bbox 3277 4139 3490 4208; x_wconf 87' lang='grc' dir='ltr'>φρονεῖν</span> <span class='ocrx_word' id='word_1_652' title='bbox 3517 4136 3603 4188; x_wconf 83' lang='grc' dir='ltr'>ἐπ’</span> <span class='ocrx_word' id='word_1_653' title='bbox 3629 4133 3776 4204; x_wconf 82' lang='grc' dir='ltr'>αὐτῷ</span> 
     </span>
    </p>
   </div>
   <div class='ocr_carea' id='block_1_88' title="bbox 2206 4224 3777 4304">
    <p class='ocr_par' dir='ltr' id='par_1_88' title="bbox 2206 4224 3777 4304">
     <span class='ocr_line' id='line_1_88' title="bbox 2206 4224 3777 4304; baseline -0.006 -18"><span class='ocrx_word' id='word_1_654' title='bbox 2206 4231 2487 4304; x_wconf 85' lang='grc' dir='ltr'>βούλεσθαί</span> <span class='ocrx_word' id='word_1_655' title='bbox 2515 4249 2664 4295; x_wconf 85' lang='grc' dir='ltr'>τινας</span> <span class='ocrx_word' id='word_1_656' title='bbox 2689 4230 3034 4302; x_wconf 75' lang='grc' dir='ltr'>ἀποκομίζεις</span> <span class='ocrx_word' id='word_1_657' title='bbox 3079 4228 3272 4297; x_wconf 88' lang='grc' dir='ltr'>λέγων,</span> <span class='ocrx_word' id='word_1_658' title='bbox 3305 4247 3323 4279; x_wconf 73' lang='grc' dir='ltr'><strong>ι</strong></span> <span class='ocrx_word' id='word_1_659' title='bbox 3350 4225 3649 4280; x_wconf 87' lang='grc' dir='ltr'>Πεποίθατε</span> <span class='ocrx_word' id='word_1_660' title='bbox 3685 4224 3777 4277; x_wconf 78' lang='grc' dir='ltr'>ἐπὶ</span> 
     </span>
    </p>
   </div>
   <div class='ocr_carea' id='block_1_89' title="bbox 2203 4317 3778 4397">
    <p class='ocr_par' dir='ltr' id='par_1_89' title="bbox 2203 4317 3778 4397">
     <span class='ocr_line' id='line_1_89' title="bbox 2203 4317 3778 4397; baseline -0.006 -19"><span class='ocrx_word' id='word_1_661' title='bbox 2203 4325 2282 4396; x_wconf 80' lang='grc' dir='ltr'>τῷ</span> <span class='ocrx_word' id='word_1_662' title='bbox 2299 4325 2502 4397; x_wconf 86' lang='grc' dir='ltr'>Κυρίῳ.</span> <span class='ocrx_word' id='word_1_663' title='bbox 2549 4344 2567 4376; x_wconf 71' lang='grc' dir='ltr'><strong>ι</strong></span> <span class='ocrx_word' id='word_1_664' title='bbox 2611 4323 3010 4395; x_wconf 84' lang='grc' dir='ltr'>Ἑναργέστατα</span> <span class='ocrx_word' id='word_1_665' title='bbox 3038 4322 3102 4392; x_wconf 85' lang='grc' dir='ltr'><strong>δὴ</strong></span> <span class='ocrx_word' id='word_1_666' title='bbox 3122 4317 3212 4375; x_wconf 72' lang='grc' dir='ltr'>οὖν</span> <span class='ocrx_word' id='word_1_667' title='bbox 3238 4319 3441 4392; x_wconf 85' lang='grc' dir='ltr'>Κύριον</span> <span class='ocrx_word' id='word_1_668' title='bbox 3465 4317 3655 4372; x_wconf 81' lang='grc' dir='ltr'>ἑαυτὸν</span> <span class='ocrx_word' id='word_1_669' title='bbox 3685 4318 3778 4370; x_wconf 87' lang='lat' dir='ltr'><strong>xui</strong></span> 
     </span>
    </p>
   </div>
   <div class='ocr_carea' id='block_1_90' title="bbox 2205 4411 3776 4487">
    <p class='ocr_par' dir='ltr' id='par_1_90' title="bbox 2205 4411 3776 4487">
     <span class='ocr_line' id='line_1_90' title="bbox 2205 4411 3776 4487; baseline -0.005 -17"><span class='ocrx_word' id='word_1_670' title='bbox 2205 4417 2335 4472; x_wconf 80' lang='grc' dir='ltr'>Θεὸν</span> <span class='ocrx_word' id='word_1_671' title='bbox 2364 4414 2500 4470; x_wconf 79' lang='grc' dir='ltr'>εἷναί</span> <span class='ocrx_word' id='word_1_672' title='bbox 2527 4433 2709 4487; x_wconf 87' lang='grc' dir='ltr'>φησιν,</span> <span class='ocrx_word' id='word_1_673' title='bbox 2733 4413 3105 4486; x_wconf 76' lang='grc' dir='ltr'>ἀποκομίζων,</span> <span class='ocrx_word' id='word_1_674' title='bbox 3144 4412 3218 4477; x_wconf 83' lang='grc' dir='ltr'>ὡς</span> <span class='ocrx_word' id='word_1_675' title='bbox 3251 4412 3406 4484; x_wconf 79' lang='grc' dir='ltr'>ἔφην,</span> <span class='ocrx_word' id='word_1_676' title='bbox 3433 4411 3526 4465; x_wconf 90' lang='grc' dir='ltr'><strong>τοῦ</strong></span> <span class='ocrx_word' id='word_1_677' title='bbox 3571 4428 3776 4482; x_wconf 82' lang='grc' dir='ltr'>χαμαι-</span> 
     </span>
    </p>
   </div>
   <div class='ocr_carea' id='block_1_91' title="bbox 516 4481 2095 4574">
    <p class='ocr_par' dir='ltr' id='par_1_91' title="bbox 516 4501 2092 4573">
     <span class='ocr_line' id='line_1_91' title="bbox 516 4501 2092 4573; baseline -0.003 -15"><span class='ocrx_word' id='word_1_678' title='bbox 516 4503 678 4558; x_wconf 88' lang='lat' dir='ltr'><strong>modo</strong></span> <span class='ocrx_word' id='word_1_679' title='bbox 724 4505 956 4558; x_wconf 87' lang='lat' dir='ltr'><strong>sentiant</strong></span> <span class='ocrx_word' id='word_1_680' title='bbox 991 4512 1046 4558; x_wconf 88' lang='lat' dir='ltr'><strong>et</strong></span> <span class='ocrx_word' id='word_1_681' title='bbox 1074 4505 1378 4572; x_wconf 91' lang='lat' dir='ltr'><strong>loquantur.</strong></span> <span class='ocrx_word' id='word_1_682' title='bbox 1418 4519 1437 4554; x_wconf 76' lang='grc' dir='ltr'><strong>ι</strong></span> <span class='ocrx_word' id='word_1_683' title='bbox 1483 4502 1758 4573; x_wconf 86' lang='lat' dir='ltr'><strong>Respicite</strong></span> <span class='ocrx_word' id='word_1_684' title='bbox 1793 4502 1846 4557; x_wconf 93' lang='lat' dir='ltr'><strong>in</strong></span> <span class='ocrx_word' id='word_1_685' title='bbox 1885 4501 2092 4556; x_wconf 81' lang='lat' dir='ltr'><strong>firmam</strong></span> 
     </span>
    </p>
   </div>
   <div class='ocr_carea' id='block_1_92' title="bbox 2197 4481 3774 4574">
    <p class='ocr_par' dir='ltr' id='par_1_92' title="bbox 2199 4499 3774 4574">
     <span class='ocr_line' id='line_1_92' title="bbox 2199 4499 3774 4574; baseline -0.004 -17"><span class='ocrx_word' id='word_1_686' title='bbox 2199 4503 2377 4566; x_wconf 80' lang='grc' dir='ltr'>πετῶς</span> <span class='ocrx_word' id='word_1_687' title='bbox 2407 4504 2534 4574; x_wconf 73' lang='grc' dir='ltr'>περὶ</span> <span class='ocrx_word' id='word_1_688' title='bbox 2565 4502 2728 4556; x_wconf 83' lang='grc' dir='ltr'>αὑτοῦ</span> <span class='ocrx_word' id='word_1_689' title='bbox 2764 4501 3046 4572; x_wconf 87' lang='grc' dir='ltr'>βούλεσθαι</span> <span class='ocrx_word' id='word_1_690' title='bbox 3091 4505 3305 4574; x_wconf 87' lang='grc' dir='ltr'>φρονεῖν</span> <span class='ocrx_word' id='word_1_691' title='bbox 3336 4518 3396 4553; x_wconf 92' lang='grc' dir='ltr'><strong>τε</strong></span> <span class='ocrx_word' id='word_1_692' title='bbox 3443 4501 3536 4553; x_wconf 86' lang='lat' dir='ltr'><strong>xui</strong></span> <span class='ocrx_word' id='word_1_693' title='bbox 3577 4499 3774 4568; x_wconf 86' lang='grc' dir='ltr'>λέγειν.</span> 
     </span>
    </p>
   </div>
   <div class='ocr_carea' id='block_1_93' title="bbox 514 4596 2090 4666">
    <p class='ocr_par' dir='ltr' id='par_1_93' title="bbox 514 4596 2090 4666">
     <span class='ocr_line' id='line_1_93' title="bbox 514 4596 2090 4666; baseline 0.001 -18"><span class='ocrx_word' id='word_1_694' title='bbox 514 4605 751 4664; x_wconf 85' lang='lat' dir='ltr'><strong>petram,</strong></span> <span class='ocrx_word' id='word_1_695' title='bbox 783 4611 943 4666; x_wconf 90' lang='lat' dir='ltr'><strong>quam</strong></span> <span class='ocrx_word' id='word_1_696' title='bbox 977 4597 1271 4658; x_wconf 79' lang='lat' dir='ltr'><strong>excidistis.</strong></span> <span class='ocrx_word' id='word_1_697' title='bbox 1305 4601 1440 4654; x_wconf 71' lang='lat' dir='ltr'><strong>etin</strong></span> <span class='ocrx_word' id='word_1_698' title='bbox 1471 4599 1678 4653; x_wconf 79' lang='lat' dir='ltr'><strong>foveam</strong></span> <span class='ocrx_word' id='word_1_699' title='bbox 1712 4596 1884 4661; x_wconf 90' lang='lat' dir='ltr'><strong>lacus,</strong></span> <span class='ocrx_word' id='word_1_700' title='bbox 1929 4610 2090 4664; x_wconf 91' lang='lat' dir='ltr'><strong>quam</strong></span> 
     </span>
    </p>
   </div>
   <div class='ocr_carea' id='block_1_94' title="bbox 514 4684 2092 4758">
    <p class='ocr_par' dir='ltr' id='par_1_94' title="bbox 514 4684 2092 4758">
     <span class='ocr_line' id='line_1_94' title="bbox 514 4684 2092 4758; baseline 0.001 -18"><span class='ocrx_word' id='word_1_701' title='bbox 514 4684 796 4741; x_wconf 77' lang='lat' dir='ltr'><strong>eﬂodistis.</strong></span> <span class='ocrx_word' id='word_1_702' title='bbox 833 4705 852 4738; x_wconf 80' lang='grc' dir='ltr'><strong>ι</strong></span> <span class='ocrx_word' id='word_1_703' title='bbox 884 4687 1108 4742; x_wconf 75' lang='lat' dir='ltr'><strong>Videtur</strong></span> <span class='ocrx_word' id='word_1_704' title='bbox 1129 4690 1212 4744; x_wconf 88' lang='lat' dir='ltr'><strong>his</strong></span> <span class='ocrx_word' id='word_1_705' title='bbox 1237 4691 1583 4746; x_wconf 88' lang='lat' dir='ltr'><strong>subindicare</strong></span> <span class='ocrx_word' id='word_1_706' title='bbox 1619 4691 1762 4744; x_wconf 91' lang='lat' dir='ltr'><strong>illam</strong></span> <span class='ocrx_word' id='word_1_707' title='bbox 1793 4689 1963 4758; x_wconf 88' lang='lat' dir='ltr'><strong>ipsam</strong></span> <span class='ocrx_word' id='word_1_708' title='bbox 1994 4702 2092 4755; x_wconf 86' lang='lat' dir='ltr'><strong>pe-</strong></span> 
     </span>
    </p>
   </div>
   <div class='ocr_carea' id='block_1_95' title="bbox 515 4777 2090 4853">
    <p class='ocr_par' dir='ltr' id='par_1_95' title="bbox 515 4777 2090 4853">
     <span class='ocr_line' id='line_1_95' title="bbox 515 4777 2090 4853; baseline 0.004 -23"><span class='ocrx_word' id='word_1_709' title='bbox 515 4783 658 4830; x_wconf 89' lang='lat' dir='ltr'><strong>tram</strong></span> <span class='ocrx_word' id='word_1_710' title='bbox 681 4817 696 4841; x_wconf 90' lang='lat'><strong>,</strong></span> <span class='ocrx_word' id='word_1_711' title='bbox 719 4792 839 4842; x_wconf 77' lang='lat' dir='ltr'><strong>qua:</strong></span> <span class='ocrx_word' id='word_1_712' title='bbox 870 4777 1167 4835; x_wconf 84' lang='lat' dir='ltr'><strong>Salvatoris</strong></span> <span class='ocrx_word' id='word_1_713' title='bbox 1195 4797 1390 4851; x_wconf 90' lang='lat' dir='ltr'><strong>corpus</strong></span> <span class='ocrx_word' id='word_1_714' title='bbox 1417 4783 1647 4853; x_wconf 80' lang='lat' dir='ltr'><strong>excepit,</strong></span> <span class='ocrx_word' id='word_1_715' title='bbox 1679 4783 1731 4836; x_wconf 90' lang='lat' dir='ltr'><strong>in</strong></span> <span class='ocrx_word' id='word_1_716' title='bbox 1756 4797 1858 4852; x_wconf 91' lang='lat' dir='ltr'><strong>qua</strong></span> <span class='ocrx_word' id='word_1_717' title='bbox 1891 4779 2090 4852; x_wconf 72' lang='lat' dir='ltr'><strong>Ioseph</strong></span> 
     </span>
    </p>
   </div>
   <div class='ocr_carea' id='block_1_96' title="bbox 515 4865 1920 4936">
    <p class='ocr_par' dir='ltr' id='par_1_96' title="bbox 515 4865 1920 4936">
     <span class='ocr_line' id='line_1_96' title="bbox 515 4865 1920 4936; baseline 0.003 -16"><span class='ocrx_word' id='word_1_718' title='bbox 515 4865 831 4936; x_wconf 87' lang='lat' dir='ltr'><strong>speluncam</strong></span> <span class='ocrx_word' id='word_1_719' title='bbox 859 4869 1138 4923; x_wconf 81' lang='lat' dir='ltr'><strong>excavavit</strong></span> <span class='ocrx_word' id='word_1_720' title='bbox 1172 4869 1224 4924; x_wconf 91' lang='lat' dir='ltr'><strong>in</strong></span> <span class='ocrx_word' id='word_1_721' title='bbox 1251 4886 1388 4927; x_wconf 90' lang='lat' dir='ltr'><strong>novo</strong></span> <span class='ocrx_word' id='word_1_722' title='bbox 1419 4884 1772 4928; x_wconf 86' lang='lat' dir='ltr'><strong>monumento</strong></span> <span class='ocrx_word' id='word_1_723' title='bbox 1802 4886 1920 4925; x_wconf 89' lang='lat' dir='ltr'><strong>suo.</strong></span> 
     </span>
    </p>
   </div>
   <div class='ocr_carea' id='block_1_97' title="bbox 2205 4593 3777 4667">
    <p class='ocr_par' dir='ltr' id='par_1_97' title="bbox 2205 4593 3777 4667">
     <span class='ocr_line' id='line_1_97' title="bbox 2205 4593 3777 4667; baseline -0.003 -19"><span class='ocrx_word' id='word_1_724' title='bbox 2205 4615 2224 4648; x_wconf 72' lang='grc' dir='ltr'><strong>ι</strong></span> <span class='ocrx_word' id='word_1_725' title='bbox 2270 4595 2605 4666; x_wconf 70' lang='grc' dir='ltr'>Ἐμϐλέψατε</span> <span class='ocrx_word' id='word_1_726' title='bbox 2639 4597 2717 4658; x_wconf 86' lang='grc' dir='ltr'>εἰς</span> <span class='ocrx_word' id='word_1_727' title='bbox 2748 4595 2844 4666; x_wconf 83' lang='grc' dir='ltr'>τὴν</span> <span class='ocrx_word' id='word_1_728' title='bbox 2882 4594 3106 4665; x_wconf 79' lang='grc' dir='ltr'>στερεὰν</span> <span class='ocrx_word' id='word_1_729' title='bbox 3142 4595 3367 4667; x_wconf 80' lang='grc' dir='ltr'>πέτραν,</span> <span class='ocrx_word' id='word_1_730' title='bbox 3405 4594 3470 4665; x_wconf 77' lang='grc' dir='ltr'><strong>ἢν</strong></span> <span class='ocrx_word' id='word_1_731' title='bbox 3510 4593 3777 4663; x_wconf 82' lang='grc' dir='ltr'>ἐλατομή-</span> 
     </span>
    </p>
   </div>
   <div class='ocr_carea' id='block_1_98' title="bbox 2199 4684 3769 4758">
    <p class='ocr_par' dir='ltr' id='par_1_98' title="bbox 2199 4684 3769 4758">
     <span class='ocr_line' id='line_1_98' title="bbox 2199 4684 3769 4758; baseline -0.003 -16"><span class='ocrx_word' id='word_1_732' title='bbox 2199 4706 2346 4750; x_wconf 90' lang='grc' dir='ltr'>σατε,</span> <span class='ocrx_word' id='word_1_733' title='bbox 2382 4689 2474 4740; x_wconf 80' lang='grc' dir='ltr'><strong>καὶ</strong></span> <span class='ocrx_word' id='word_1_734' title='bbox 2500 4689 2580 4751; x_wconf 82' lang='grc' dir='ltr'>εἰς</span> <span class='ocrx_word' id='word_1_735' title='bbox 2605 4687 2696 4740; x_wconf 74' lang='grc' dir='ltr'>τὸν</span> <span class='ocrx_word' id='word_1_736' title='bbox 2727 4688 2945 4758; x_wconf 84' lang='grc' dir='ltr'>βόθυνον</span> <span class='ocrx_word' id='word_1_737' title='bbox 2975 4691 3068 4744; x_wconf 87' lang='grc' dir='ltr'><strong>τοῦ</strong></span> <span class='ocrx_word' id='word_1_738' title='bbox 3098 4691 3322 4751; x_wconf 83' lang='grc' dir='ltr'>λάκκου,</span> <span class='ocrx_word' id='word_1_739' title='bbox 3365 4687 3422 4740; x_wconf 81' lang='grc' dir='ltr'><strong>δν</strong></span> <span class='ocrx_word' id='word_1_740' title='bbox 3447 4684 3709 4757; x_wconf 84' lang='grc' dir='ltr'>ὼρύξατε.</span> <span class='ocrx_word' id='word_1_741' title='bbox 3747 4703 3769 4737; x_wconf 74' lang='grc' dir='ltr'><strong>ι</strong></span> 
     </span>
    </p>
   </div>
   <div class='ocr_carea' id='block_1_99' title="bbox 2199 4778 3775 4850">
    <p class='ocr_par' dir='ltr' id='par_1_99' title="bbox 2199 4778 3775 4850">
     <span class='ocr_line' id='line_1_99' title="bbox 2199 4778 3775 4850; baseline -0.004 -16"><span class='ocrx_word' id='word_1_742' title='bbox 2199 4782 2414 4834; x_wconf 85' lang='grc' dir='ltr'>Ἔοικεν</span> <span class='ocrx_word' id='word_1_743' title='bbox 2445 4781 2474 4832; x_wconf 88' lang='grc' dir='ltr'>ὁ</span> <span class='ocrx_word' id='word_1_744' title='bbox 2492 4779 2646 4848; x_wconf 87' lang='grc' dir='ltr'>λόγος</span> <span class='ocrx_word' id='word_1_745' title='bbox 2675 4779 2762 4833; x_wconf 74' lang='grc' dir='ltr'>διὰ</span> <span class='ocrx_word' id='word_1_746' title='bbox 2784 4782 2989 4836; x_wconf 89' lang='grc' dir='ltr'>τούτων</span> <span class='ocrx_word' id='word_1_747' title='bbox 3010 4781 3341 4837; x_wconf 82' lang='grc' dir='ltr'>αἰνίττεσθαι</span> <span class='ocrx_word' id='word_1_748' title='bbox 3372 4779 3536 4850; x_wconf 80' lang='grc' dir='ltr'>αὑτὴν</span> <span class='ocrx_word' id='word_1_749' title='bbox 3561 4778 3775 4847; x_wconf 71' lang='grc' dir='ltr'>ἐκείνην</span> 
     </span>
    </p>
   </div>
   <div class='ocr_carea' id='block_1_100' title="bbox 2193 4869 3775 4945">
    <p class='ocr_par' dir='ltr' id='par_1_100' title="bbox 2193 4869 3775 4945">
     <span class='ocr_line' id='line_1_100' title="bbox 2193 4869 3775 4945; baseline -0.003 -21"><span class='ocrx_word' id='word_1_750' title='bbox 2193 4871 2291 4942; x_wconf 78' lang='grc' dir='ltr'>τὴν</span> <span class='ocrx_word' id='word_1_751' title='bbox 2322 4870 2382 4924; x_wconf 84' lang='grc' dir='ltr'><strong>τὸ</strong></span> <span class='ocrx_word' id='word_1_752' title='bbox 2417 4869 2575 4940; x_wconf 82' lang='grc' dir='ltr'>σῶμα</span> <span class='ocrx_word' id='word_1_753' title='bbox 2605 4870 2697 4923; x_wconf 88' lang='grc' dir='ltr'><strong>τοῦ</strong></span> <span class='ocrx_word' id='word_1_754' title='bbox 2726 4873 2976 4945; x_wconf 82' lang='grc' dir='ltr'>Σωτῆρος</span> <span class='ocrx_word' id='word_1_755' title='bbox 3017 4871 3420 4942; x_wconf 76' lang='grc' dir='ltr'>ὑποδεξαμένην</span> <span class='ocrx_word' id='word_1_756' title='bbox 3449 4871 3672 4940; x_wconf 84' lang='grc' dir='ltr'>πέτραν,</span> <span class='ocrx_word' id='word_1_757' title='bbox 3716 4869 3775 4927; x_wconf 88' lang='grc' dir='ltr'><strong>ἐν</strong></span> 
     </span>
    </p>
   </div>
   <div class='ocr_carea' id='block_1_101' title="bbox 515 4953 2401 5039">
    <p class='ocr_par' dir='ltr' id='par_1_101' title="bbox 515 4953 2401 5039">
     <span class='ocr_line' id='line_1_101' title="bbox 515 4953 2401 5039; baseline 0.001 -25"><span class='ocrx_word' id='word_1_758' title='bbox 515 4953 598 5033; x_wconf 83' lang='grc' dir='ltr'>ᾗό</span> <span class='ocrx_word' id='word_1_759' title='bbox 637 4959 834 5031; x_wconf 81' lang='grc' dir='ltr'>Ἰωσὴφ</span> <span class='ocrx_word' id='word_1_760' title='bbox 866 4961 926 5014; x_wconf 87' lang='grc' dir='ltr'><strong>τὸ</strong></span> <span class='ocrx_word' id='word_1_761' title='bbox 956 4963 1216 5034; x_wconf 83' lang='grc' dir='ltr'>σπήλαιον</span> <span class='ocrx_word' id='word_1_762' title='bbox 1247 4963 1454 5039; x_wconf 80' lang='grc' dir='ltr'>ὤρυξεν</span> <span class='ocrx_word' id='word_1_763' title='bbox 1499 4967 1557 5019; x_wconf 90' lang='grc' dir='ltr'><strong>ἐν</strong></span> <span class='ocrx_word' id='word_1_764' title='bbox 1598 4965 1676 5036; x_wconf 83' lang='grc' dir='ltr'>τῷ</span> <span class='ocrx_word' id='word_1_765' title='bbox 1717 4963 1885 5036; x_wconf 89' lang='grc' dir='ltr'>καινῷ</span> <span class='ocrx_word' id='word_1_766' title='bbox 1928 4963 2099 5019; x_wconf 85' lang='grc' dir='ltr'>αὑτοῦ</span> <span class='ocrx_word' id='word_1_767' title='bbox 2130 4965 2401 5036; x_wconf 81' lang='grc' dir='ltr'>μνημείῳ.</span> 
     </span>
    </p>
   </div>
   <div class='ocr_carea' id='block_1_102' title="bbox 596 5072 2088 5150">
    <p class='ocr_par' dir='ltr' id='par_1_102' title="bbox 596 5072 2088 5150">
     <span class='ocr_line' id='line_1_102' title="bbox 596 5072 2088 5150; baseline 0.008 -26"><span class='ocrx_word' id='word_1_768' title='bbox 596 5072 752 5129; x_wconf 72' lang='lat' dir='ltr'><strong>Vens.</strong></span> <span class='ocrx_word' id='word_1_769' title='bbox 787 5074 844 5128; x_wconf 74' lang='grc'>2.</span> <span class='ocrx_word' id='word_1_770' title='bbox 887 5092 905 5126; x_wconf 81' lang='grc' dir='ltr'><strong>ι</strong></span> <span class='ocrx_word' id='word_1_771' title='bbox 936 5075 1273 5146; x_wconf 79' lang='lat' dir='ltr'><strong>Respicitein</strong></span> <span class='ocrx_word' id='word_1_772' title='bbox 1294 5081 1564 5134; x_wconf 83' lang='lat' dir='ltr'><strong>Abraham</strong></span> <span class='ocrx_word' id='word_1_773' title='bbox 1592 5090 1799 5150; x_wconf 87' lang='lat' dir='ltr'><strong>patrem</strong></span> <span class='ocrx_word' id='word_1_774' title='bbox 1825 5093 2088 5150; x_wconf 89' lang='lat' dir='ltr'><strong>vestrum,</strong></span> 
     </span>
    </p>
   </div>
   <div class='ocr_carea' id='block_1_103' title="bbox 513 5167 2102 5242">
    <p class='ocr_par' dir='ltr' id='par_1_103' title="bbox 513 5167 2102 5242">
     <span class='ocr_line' id='line_1_103' title="bbox 513 5167 2102 5242; baseline 0.006 -21"><span class='ocrx_word' id='word_1_775' title='bbox 513 5175 569 5221; x_wconf 92' lang='lat' dir='ltr'><strong>et</strong></span> <span class='ocrx_word' id='word_1_776' title='bbox 593 5167 647 5222; x_wconf 91' lang='lat' dir='ltr'><strong>in</strong></span> <span class='ocrx_word' id='word_1_777' title='bbox 680 5167 870 5222; x_wconf 89' lang='lat' dir='ltr'><strong>Saram</strong></span> <span class='ocrx_word' id='word_1_778' title='bbox 904 5183 1024 5238; x_wconf 79' lang='lat' dir='ltr'><strong>qua:</strong></span> <span class='ocrx_word' id='word_1_779' title='bbox 1061 5171 1344 5239; x_wconf 77' lang='lat' dir='ltr'><strong>parturivit</strong></span> <span class='ocrx_word' id='word_1_780' title='bbox 1375 5187 1469 5226; x_wconf 88' lang='lat' dir='ltr'><strong>vos</strong></span> <span class='ocrx_word' id='word_1_781' title='bbox 1503 5192 1514 5227; x_wconf 91' lang='lat'><strong>:</strong></span> <span class='ocrx_word' id='word_1_782' title='bbox 1548 5173 1672 5241; x_wconf 82' lang='lat' dir='ltr'><strong>quia</strong></span> <span class='ocrx_word' id='word_1_783' title='bbox 1707 5189 1842 5230; x_wconf 89' lang='lat' dir='ltr'><strong>unus</strong></span> <span class='ocrx_word' id='word_1_784' title='bbox 1878 5186 2016 5242; x_wconf 90' lang='lat' dir='ltr'><strong>erat,</strong></span> <span class='ocrx_word' id='word_1_785' title='bbox 2048 5186 2102 5231; x_wconf 90' lang='lat' dir='ltr'><strong>et</strong></span> 
     </span>
    </p>
   </div>
   <div class='ocr_carea' id='block_1_104' title="bbox 515 5256 2100 5330">
    <p class='ocr_par' dir='ltr' id='par_1_104' title="bbox 515 5256 2100 5330">
     <span class='ocr_line' id='line_1_104' title="bbox 515 5256 2100 5330; baseline 0.005 -20"><span class='ocrx_word' id='word_1_786' title='bbox 515 5259 700 5330; x_wconf 87' lang='lat' dir='ltr'><strong>vocavi</strong></span> <span class='ocrx_word' id='word_1_787' title='bbox 727 5272 874 5324; x_wconf 92' lang='lat' dir='ltr'><strong>eum,</strong></span> <span class='ocrx_word' id='word_1_788' title='bbox 905 5267 956 5312; x_wconf 91' lang='lat' dir='ltr'><strong>et</strong></span> <span class='ocrx_word' id='word_1_789' title='bbox 1002 5256 1248 5314; x_wconf 83' lang='lat' dir='ltr'><strong>benedixi</strong></span> <span class='ocrx_word' id='word_1_790' title='bbox 1281 5259 1362 5324; x_wconf 91' lang='lat' dir='ltr'><strong>ei,</strong></span> <span class='ocrx_word' id='word_1_791' title='bbox 1391 5271 1446 5315; x_wconf 89' lang='lat' dir='ltr'><strong>et</strong></span> <span class='ocrx_word' id='word_1_792' title='bbox 1471 5259 1629 5315; x_wconf 76' lang='lat' dir='ltr'><strong>dilexi</strong></span> <span class='ocrx_word' id='word_1_793' title='bbox 1661 5276 1807 5327; x_wconf 91' lang='lat' dir='ltr'><strong>eum,</strong></span> <span class='ocrx_word' id='word_1_794' title='bbox 1833 5272 1888 5318; x_wconf 90' lang='lat' dir='ltr'><strong>et</strong></span> <span class='ocrx_word' id='word_1_795' title='bbox 1919 5264 2100 5318; x_wconf 89' lang='lat' dir='ltr'><strong>multi-</strong></span> 
     </span>
    </p>
   </div>
   <div class='ocr_carea' id='block_1_105' title="bbox 2271 5076 3781 5153">
    <p class='ocr_par' dir='ltr' id='par_1_105' title="bbox 2271 5076 3781 5153">
     <span class='ocr_line' id='line_1_105' title="bbox 2271 5076 3781 5153; baseline -0.003 -18"><span class='ocrx_word' id='word_1_796' title='bbox 2271 5101 2290 5135; x_wconf 71' lang='grc' dir='ltr'><strong>ι</strong></span> <span class='ocrx_word' id='word_1_797' title='bbox 2341 5081 2679 5153; x_wconf 73' lang='grc' dir='ltr'>Ἐμϐλέψατε</span> <span class='ocrx_word' id='word_1_798' title='bbox 2711 5084 2790 5145; x_wconf 77' lang='grc' dir='ltr'><strong>εἰς</strong></span> <span class='ocrx_word' id='word_1_799' title='bbox 2829 5081 3078 5152; x_wconf 75' lang='grc' dir='ltr'>Ἀϐραὰμ</span> <span class='ocrx_word' id='word_1_800' title='bbox 3107 5078 3198 5133; x_wconf 86' lang='grc' dir='ltr'><strong>τὸν</strong></span> <span class='ocrx_word' id='word_1_801' title='bbox 3228 5077 3442 5150; x_wconf 81' lang='grc' dir='ltr'>πατέρα</span> <span class='ocrx_word' id='word_1_802' title='bbox 3475 5076 3648 5148; x_wconf 83' lang='grc' dir='ltr'>ὑμῶν,</span> <span class='ocrx_word' id='word_1_803' title='bbox 3687 5077 3781 5130; x_wconf 85' lang='lat' dir='ltr'><strong>xui</strong></span> 
     </span>
    </p>
   </div>
   <div class='ocr_carea' id='block_1_106' title="bbox 2198 5165 3773 5244">
    <p class='ocr_par' dir='ltr' id='par_1_106' title="bbox 2198 5165 3773 5244">
     <span class='ocr_line' id='line_1_106' title="bbox 2198 5165 3773 5244; baseline -0.006 -16"><span class='ocrx_word' id='word_1_804' title='bbox 2198 5176 2276 5238; x_wconf 82' lang='grc' dir='ltr'><strong>είς</strong></span> <span class='ocrx_word' id='word_1_805' title='bbox 2307 5174 2523 5244; x_wconf 77' lang='grc' dir='ltr'>Σάρραν</span> <span class='ocrx_word' id='word_1_806' title='bbox 2541 5174 2636 5244; x_wconf 80' lang='grc' dir='ltr'><strong>τὴν</strong></span> <span class='ocrx_word' id='word_1_807' title='bbox 2653 5173 2947 5225; x_wconf 83' lang='grc' dir='ltr'>ὠδίνουσαν</span> <span class='ocrx_word' id='word_1_808' title='bbox 2983 5173 3156 5241; x_wconf 78' lang='grc' dir='ltr'>ὑμᾶς·</span> <span class='ocrx_word' id='word_1_809' title='bbox 3189 5170 3271 5223; x_wconf 77' lang='grc' dir='ltr'>ὅτι</span> <span class='ocrx_word' id='word_1_810' title='bbox 3304 5165 3384 5232; x_wconf 81' lang='grc' dir='ltr'>εἷς</span> <span class='ocrx_word' id='word_1_811' title='bbox 3409 5165 3498 5239; x_wconf 87' lang='grc' dir='ltr'><strong>ῆν,</strong></span> <span class='ocrx_word' id='word_1_812' title='bbox 3529 5167 3619 5220; x_wconf 88' lang='lat' dir='ltr'><strong>xui</strong></span> <span class='ocrx_word' id='word_1_813' title='bbox 3645 5167 3773 5219; x_wconf 81' lang='grc' dir='ltr'>ἐκά-</span> 
     </span>
    </p>
   </div>
   <div class='ocr_carea' id='block_1_107' title="bbox 2193 5256 3780 5330">
    <p class='ocr_par' dir='ltr' id='par_1_107' title="bbox 2193 5256 3780 5330">
     <span class='ocr_line' id='line_1_107' title="bbox 2193 5256 3780 5330; baseline -0.007 -13"><span class='ocrx_word' id='word_1_814' title='bbox 2193 5264 2324 5317; x_wconf 86' lang='grc' dir='ltr'>λεσα</span> <span class='ocrx_word' id='word_1_815' title='bbox 2355 5262 2539 5326; x_wconf 86' lang='grc' dir='ltr'>αὑτὸν,</span> <span class='ocrx_word' id='word_1_816' title='bbox 2583 5263 2677 5314; x_wconf 85' lang='lat' dir='ltr'><strong>xui.</strong></span> <span class='ocrx_word' id='word_1_817' title='bbox 2717 5261 2990 5330; x_wconf 86' lang='grc' dir='ltr'>εὑλόγησα</span> <span class='ocrx_word' id='word_1_818' title='bbox 3025 5259 3213 5324; x_wconf 77' lang='grc' dir='ltr'>αὑτὸν,</span> <span class='ocrx_word' id='word_1_819' title='bbox 3253 5259 3346 5312; x_wconf 79' lang='grc' dir='ltr'>καὶ</span> <span class='ocrx_word' id='word_1_820' title='bbox 3385 5259 3646 5328; x_wconf 79' lang='grc' dir='ltr'>ἠγάπησα</span> <span class='ocrx_word' id='word_1_821' title='bbox 3680 5256 3780 5308; x_wconf 83' lang='grc' dir='ltr'>αύ-</span> 
     </span>
    </p>
   </div>
   <div class='ocr_carea' id='block_1_108' title="bbox 516 5345 2095 5424">
    <p class='ocr_par' dir='ltr' id='par_1_108' title="bbox 516 5349 2095 5424">
     <span class='ocr_line' id='line_1_108' title="bbox 516 5349 2095 5424; baseline 0.006 -23"><span class='ocrx_word' id='word_1_822' title='bbox 516 5349 710 5418; x_wconf 87' lang='lat' dir='ltr'><strong>plicavi</strong></span> <span class='ocrx_word' id='word_1_823' title='bbox 759 5363 902 5406; x_wconf 89' lang='lat' dir='ltr'><strong>eum.</strong></span> <span class='ocrx_word' id='word_1_824' title='bbox 947 5368 967 5402; x_wconf 76' lang='grc' dir='ltr'><strong>ι</strong></span> <span class='ocrx_word' id='word_1_825' title='bbox 1021 5351 1482 5417; x_wconf 81' lang='lat' dir='ltr'><strong>Quemadmodum</strong></span> <span class='ocrx_word' id='word_1_826' title='bbox 1527 5351 1690 5422; x_wconf 84' lang='lat' dir='ltr'><strong>igitur</strong></span> <span class='ocrx_word' id='word_1_827' title='bbox 1729 5354 1780 5408; x_wconf 91' lang='lat' dir='ltr'><strong>in</strong></span> <span class='ocrx_word' id='word_1_828' title='bbox 1810 5355 2095 5424; x_wconf 72' lang='lat' dir='ltr'><strong>[Abraham</strong></span> 
     </span>
    </p>
   </div>
   <div class='ocr_carea' id='block_1_109' title="bbox 2197 5345 3776 5424">
    <p class='ocr_par' dir='ltr' id='par_1_109' title="bbox 2197 5345 3776 5424">
     <span class='ocr_line' id='line_1_109' title="bbox 2197 5345 3776 5424; baseline -0.005 -16"><span class='ocrx_word' id='word_1_829' title='bbox 2197 5355 2302 5420; x_wconf 86' lang='grc' dir='ltr'>τὸν,</span> <span class='ocrx_word' id='word_1_830' title='bbox 2351 5354 2442 5407; x_wconf 88' lang='lat' dir='ltr'><strong>xui</strong></span> <span class='ocrx_word' id='word_1_831' title='bbox 2495 5352 2769 5424; x_wconf 84' lang='grc' dir='ltr'>ἐπλήθυνα</span> <span class='ocrx_word' id='word_1_832' title='bbox 2827 5353 3008 5407; x_wconf 85' lang='grc' dir='ltr'>αὑτόν.</span> <span class='ocrx_word' id='word_1_833' title='bbox 3063 5371 3083 5406; x_wconf 71' lang='grc' dir='ltr'><strong>ι</strong></span> <span class='ocrx_word' id='word_1_834' title='bbox 3134 5353 3344 5422; x_wconf 84' lang='grc' dir='ltr'>’Ὠσπερ</span> <span class='ocrx_word' id='word_1_835' title='bbox 3386 5345 3480 5404; x_wconf 76' lang='grc' dir='ltr'><strong>οῦν</strong></span> <span class='ocrx_word' id='word_1_836' title='bbox 3533 5349 3628 5402; x_wconf 77' lang='grc' dir='ltr'>ἐπὶ</span> <span class='ocrx_word' id='word_1_837' title='bbox 3685 5347 3776 5401; x_wconf 70' lang='grc' dir='ltr'>τὸν</span> 
     </span>
    </p>
   </div>
   <div class='ocr_carea' id='block_1_110' title="bbox 518 5439 2098 5512">
    <p class='ocr_par' dir='ltr' id='par_1_110' title="bbox 518 5439 2098 5512">
     <span class='ocr_line' id='line_1_110' title="bbox 518 5439 2098 5512; baseline 0.005 -19"><span class='ocrx_word' id='word_1_838' title='bbox 518 5439 621 5495; x_wconf 76' lang='lat' dir='ltr'><strong>feci</strong></span> <span class='ocrx_word' id='word_1_839' title='bbox 639 5482 657 5510; x_wconf 94' lang='lat'><strong>,</strong></span> <span class='ocrx_word' id='word_1_840' title='bbox 685 5442 762 5496; x_wconf 88' lang='lat' dir='ltr'><strong>sic</strong></span> <span class='ocrx_word' id='word_1_841' title='bbox 781 5457 848 5496; x_wconf 91' lang='lat' dir='ltr'><strong>ne</strong></span> <span class='ocrx_word' id='word_1_842' title='bbox 868 5441 1162 5511; x_wconf 87' lang='lat' dir='ltr'><strong>desperetis</strong></span> <span class='ocrx_word' id='word_1_843' title='bbox 1190 5457 1254 5498; x_wconf 79' lang='lat' dir='ltr'><strong>ex</strong></span> <span class='ocrx_word' id='word_1_844' title='bbox 1281 5443 1380 5498; x_wconf 89' lang='lat' dir='ltr'><strong>hac</strong></span> <span class='ocrx_word' id='word_1_845' title='bbox 1397 5453 1568 5511; x_wconf 89' lang='lat' dir='ltr'><strong>petra,</strong></span> <span class='ocrx_word' id='word_1_846' title='bbox 1589 5459 1746 5512; x_wconf 89' lang='lat' dir='ltr'><strong>quam</strong></span> <span class='ocrx_word' id='word_1_847' title='bbox 1770 5461 1866 5501; x_wconf 89' lang='lat' dir='ltr'><strong>vos</strong></span> <span class='ocrx_word' id='word_1_848' title='bbox 1899 5447 2098 5502; x_wconf 84' lang='lat' dir='ltr'><strong>excidi-</strong></span> 
     </span>
    </p>
   </div>
   <div class='ocr_carea' id='block_1_111' title="bbox 519 5531 2094 5604">
    <p class='ocr_par' dir='ltr' id='par_1_111' title="bbox 519 5531 2094 5604">
     <span class='ocr_line' id='line_1_111' title="bbox 519 5531 2094 5604; baseline 0.004 -18"><span class='ocrx_word' id='word_1_849' title='bbox 519 5531 641 5596; x_wconf 79' lang='lat' dir='ltr'><strong>Stis,</strong></span> <span class='ocrx_word' id='word_1_850' title='bbox 676 5533 961 5601; x_wconf 85' lang='lat' dir='ltr'><strong>quamdam</strong></span> <span class='ocrx_word' id='word_1_851' title='bbox 997 5532 1185 5588; x_wconf 88' lang='lat' dir='ltr'><strong>salutis</strong></span> <span class='ocrx_word' id='word_1_852' title='bbox 1208 5547 1354 5604; x_wconf 89' lang='lat' dir='ltr'><strong>spem</strong></span> <span class='ocrx_word' id='word_1_853' title='bbox 1388 5534 1637 5589; x_wconf 90' lang='lat' dir='ltr'><strong>omnibus</strong></span> <span class='ocrx_word' id='word_1_854' title='bbox 1676 5535 1981 5592; x_wconf 86' lang='lat' dir='ltr'><strong>hominibus</strong></span> <span class='ocrx_word' id='word_1_855' title='bbox 2013 5536 2094 5592; x_wconf 78' lang='lat' dir='ltr'><strong>fu-</strong></span> 
     </span>
    </p>
   </div>
   <div class='ocr_carea' id='block_1_112' title="bbox 521 5625 2094 5694">
    <p class='ocr_par' dir='ltr' id='par_1_112' title="bbox 521 5625 2094 5694">
     <span class='ocr_line' id='line_1_112' title="bbox 521 5625 2094 5694; baseline 0.003 -19"><span class='ocrx_word' id='word_1_856' title='bbox 521 5629 698 5676; x_wconf 79' lang='lat' dir='ltr'><strong>turam</strong></span> <span class='ocrx_word' id='word_1_857' title='bbox 722 5638 873 5689; x_wconf 87' lang='lat' dir='ltr'><strong>esse;</strong></span> <span class='ocrx_word' id='word_1_858' title='bbox 899 5625 1040 5693; x_wconf 88' lang='lat' dir='ltr'><strong>quod</strong></span> <span class='ocrx_word' id='word_1_859' title='bbox 1070 5625 1144 5678; x_wconf 94' lang='lat' dir='ltr'><strong>illi</strong></span> <span class='ocrx_word' id='word_1_860' title='bbox 1171 5641 1274 5680; x_wconf 92' lang='lat' dir='ltr'><strong>non</strong></span> <span class='ocrx_word' id='word_1_861' title='bbox 1301 5627 1546 5694; x_wconf 88' lang='lat' dir='ltr'><strong>privandi</strong></span> <span class='ocrx_word' id='word_1_862' title='bbox 1578 5627 1686 5683; x_wconf 89' lang='lat' dir='ltr'><strong>sint</strong></span> <span class='ocrx_word' id='word_1_863' title='bbox 1717 5628 1804 5682; x_wconf 91' lang='lat' dir='ltr'><strong>illa</strong></span> <span class='ocrx_word' id='word_1_864' title='bbox 1824 5627 1891 5683; x_wconf 91' lang='lat' dir='ltr'><strong>ad</strong></span> <span class='ocrx_word' id='word_1_865' title='bbox 1922 5627 2094 5682; x_wconf 82' lang='lat' dir='ltr'><strong>Abra-</strong></span> 
     </span>
    </p>
   </div>
   <div class='ocr_carea' id='block_1_113' title="bbox 510 5713 2094 5805">
    <p class='ocr_par' dir='ltr' id='par_1_113' title="bbox 510 5713 2094 5805">
     <span class='ocr_line' id='line_1_113' title="bbox 510 5713 2094 5805; baseline 0.003 -32"><span class='ocrx_word' id='word_1_866' title='bbox 510 5713 646 5805; x_wconf 71' lang='lat' dir='ltr'><strong>ham</strong></span> <span class='ocrx_word' id='word_1_867' title='bbox 686 5715 847 5782; x_wconf 75' lang='lat' dir='ltr'><strong>facta,</strong></span> <span class='ocrx_word' id='word_1_868' title='bbox 877 5725 930 5774; x_wconf 85' lang='lat' dir='ltr'><strong>ct</strong></span> <span class='ocrx_word' id='word_1_869' title='bbox 985 5731 1078 5789; x_wconf 87' lang='lat' dir='ltr'><strong>per</strong></span> <span class='ocrx_word' id='word_1_870' title='bbox 1107 5733 1192 5776; x_wconf 89' lang='lat' dir='ltr'><strong>me</strong></span> <span class='ocrx_word' id='word_1_871' title='bbox 1232 5719 1482 5778; x_wconf 84' lang='lat' dir='ltr'><strong>omnibus</strong></span> <span class='ocrx_word' id='word_1_872' title='bbox 1524 5721 1768 5793; x_wconf 65' lang='lat' dir='ltr'><strong>gintibus</strong></span> <span class='ocrx_word' id='word_1_873' title='bbox 1813 5736 1909 5792; x_wconf 85' lang='lat' dir='ltr'><strong>per</strong></span> <span class='ocrx_word' id='word_1_874' title='bbox 1937 5721 2094 5792; x_wconf 87' lang='lat' dir='ltr'><strong>hujus</strong></span> 
     </span>
    </p>
   </div>
   <div class='ocr_carea' id='block_1_114' title="bbox 2207 5436 3776 5516">
    <p class='ocr_par' dir='ltr' id='par_1_114' title="bbox 2207 5436 3776 5516">
     <span class='ocr_line' id='line_1_114' title="bbox 2207 5436 3776 5516; baseline -0.005 -18"><span class='ocrx_word' id='word_1_875' title='bbox 2207 5443 2454 5516; x_wconf 78' lang='grc' dir='ltr'>Ἀϐραὰμ</span> <span class='ocrx_word' id='word_1_876' title='bbox 2476 5444 2773 5514; x_wconf 85' lang='grc' dir='ltr'>πεποίηκα,</span> <span class='ocrx_word' id='word_1_877' title='bbox 2805 5442 2976 5506; x_wconf 84' lang='grc' dir='ltr'>οὑτως</span> <span class='ocrx_word' id='word_1_878' title='bbox 3008 5441 3082 5514; x_wconf 84' lang='grc' dir='ltr'><strong>μὴ</strong></span> <span class='ocrx_word' id='word_1_879' title='bbox 3115 5440 3544 5511; x_wconf 83' lang='grc' dir='ltr'>ἀπογινώσκετε,</span> <span class='ocrx_word' id='word_1_880' title='bbox 3577 5439 3652 5500; x_wconf 82' lang='grc' dir='ltr'>ὡς</span> <span class='ocrx_word' id='word_1_881' title='bbox 3681 5436 3776 5490; x_wconf 85' lang='lat' dir='ltr'><strong>xui</strong></span> 
     </span>
    </p>
   </div>
   <div class='ocr_carea' id='block_1_115' title="bbox 2199 5531 3769 5606">
    <p class='ocr_par' dir='ltr' id='par_1_115' title="bbox 2199 5531 3769 5606">
     <span class='ocr_line' id='line_1_115' title="bbox 2199 5531 3769 5606; baseline -0.006 -17"><span class='ocrx_word' id='word_1_882' title='bbox 2199 5535 2307 5589; x_wconf 84' lang='grc' dir='ltr'><strong>ἀπὸ</strong></span> <span class='ocrx_word' id='word_1_883' title='bbox 2331 5536 2429 5604; x_wconf 86' lang='grc' dir='ltr'><strong>τῆς</strong></span> <span class='ocrx_word' id='word_1_884' title='bbox 2457 5537 2661 5606; x_wconf 82' lang='grc' dir='ltr'>πέτρας</span> <span class='ocrx_word' id='word_1_885' title='bbox 2683 5534 2904 5604; x_wconf 89' lang='grc' dir='ltr'>ταύτης,</span> <span class='ocrx_word' id='word_1_886' title='bbox 2936 5537 3001 5605; x_wconf 82' lang='grc' dir='ltr'><strong>ἣν</strong></span> <span class='ocrx_word' id='word_1_887' title='bbox 3028 5535 3185 5605; x_wconf 84' lang='grc' dir='ltr'>ὑμεῖς</span> <span class='ocrx_word' id='word_1_888' title='bbox 3207 5533 3357 5586; x_wconf 79' lang='grc' dir='ltr'>αὐτοὶ</span> <span class='ocrx_word' id='word_1_889' title='bbox 3380 5531 3769 5601; x_wconf 77' lang='grc' dir='ltr'>ἐλατομήσατε,</span> 
     </span>
    </p>
   </div>
   <div class='ocr_carea' id='block_1_116' title="bbox 2199 5619 3771 5696">
    <p class='ocr_par' dir='ltr' id='par_1_116' title="bbox 2199 5619 3771 5696">
     <span class='ocr_line' id='line_1_116' title="bbox 2199 5619 3771 5696; baseline -0.008 -16"><span class='ocrx_word' id='word_1_890' title='bbox 2199 5627 2350 5680; x_wconf 81' lang='grc' dir='ltr'>ἔσται</span> <span class='ocrx_word' id='word_1_891' title='bbox 2374 5644 2456 5689; x_wconf 88' lang='grc' dir='ltr'><strong>τις</strong></span> <span class='ocrx_word' id='word_1_892' title='bbox 2485 5625 2640 5689; x_wconf 78' lang='grc' dir='ltr'>ἐλπὶς</span> <span class='ocrx_word' id='word_1_893' title='bbox 2673 5625 2890 5694; x_wconf 79' lang='grc' dir='ltr'>ἀπάσης</span> <span class='ocrx_word' id='word_1_894' title='bbox 2922 5624 3228 5696; x_wconf 85' lang='grc' dir='ltr'>ἀνθρώποις</span> <span class='ocrx_word' id='word_1_895' title='bbox 3259 5622 3552 5694; x_wconf 83' lang='grc' dir='ltr'>σωτηρίας,</span> <span class='ocrx_word' id='word_1_896' title='bbox 3585 5619 3660 5682; x_wconf 83' lang='grc' dir='ltr'>ὡς</span> <span class='ocrx_word' id='word_1_897' title='bbox 3695 5619 3771 5690; x_wconf 73' lang='grc' dir='ltr'>μὴ</span> 
     </span>
    </p>
   </div>
   <div class='ocr_carea' id='block_1_117' title="bbox 2200 5710 3772 5790">
    <p class='ocr_par' dir='ltr' id='par_1_117' title="bbox 2200 5710 3772 5790">
     <span class='ocr_line' id='line_1_117' title="bbox 2200 5710 3772 5790; baseline -0.006 -16"><span class='ocrx_word' id='word_1_898' title='bbox 2200 5717 2589 5790; x_wconf 84' lang='grc' dir='ltr'>ἀπολειφθῆναι</span> <span class='ocrx_word' id='word_1_899' title='bbox 2618 5717 2714 5789; x_wconf 81' lang='grc' dir='ltr'><strong>τῆς</strong></span> <span class='ocrx_word' id='word_1_900' title='bbox 2748 5716 2882 5789; x_wconf 76' lang='grc' dir='ltr'>πρὸς</span> <span class='ocrx_word' id='word_1_901' title='bbox 2911 5717 3290 5790; x_wconf 73' lang='grc' dir='ltr'>τὸν.Ἀ6ραάμ</span> <span class='ocrx_word' id='word_1_902' title='bbox 3311 5713 3642 5786; x_wconf 81' lang='grc' dir='ltr'>ἐπαγγελίας</span> <span class='ocrx_word' id='word_1_903' title='bbox 3671 5710 3772 5783; x_wconf 71' lang='grc' dir='ltr'><strong>τὴν</strong></span> 
     </span>
    </p>
   </div>
  </div>
