4130 6378
400 374 511 432 ηδ
1362 359 1864 417 COMMENTARIA
1900 358 1965 412 IN
2006 356 2257 412 ISAIAM.
2300 383 2366 393 —
2404 352 2557 409 CAP.
2598 352 2683 407 LI.
3524 348 3641 407 M6

402 493 768 567 δοθησομένην
800 489 970 545 ἅπασι
997 489 1107 551 τοῖς
1131 486 1335 540 ἔθνεσιν
1359 487 1416 554 ἐξ
1438 485 1569 556 ἐμοῦ
1590 486 1675 538 διὰ
1705 485 1801 554 τῆς
1828 485 1970 554 εἰρηα
1996 534 1998 540 λ

2097 490 2231 535 ιεῑΓὶΒ
2259 480 2482 549 gratiam
2511 478 2706 541 danda,
2743 474 3112 545 promissione.
3131 470 3287 528 Petra
3323 472 3498 541 itaque
3522 479 3643 529 erat

410 558 578 660 μένης
602 558 804 654 πέτρας
829 583 1009 653 χάριν.
1043 576 1150 633 Ἦν
1190 579 1289 650 μὲν
1320 574 1411 631 οῦν
1431 578 1603 648 πέτρα
1633 576 1806 630 καὶτὸ
1830 577 1968 646 σπή-

2097 574 2182 634 lla,
2217 581 2272 624 et
2304 570 2576 638 Spelunca,
2615 582 2774 636 quam
2802 558 2996 634 Joseph
3034 566 3516 617 in-tnomnnentnm
3545 581 3644 617 ex-

406 656 555 733 λαιον
582 676 965 745 δ’ἐλατόμησεν
1002 674 1029 725 ὁ
1065 671 1259 741 Ἰωσὴφ
1289 673 1367 733 εἰς
1392 670 1684 740 μνημεῖον·
1715 666 1847 721 ἀλλὰ
1879 667 1970 719 καὶ

2097 660 2298 715 :avavit.
2343 660 2411 713 At
2453 658 2725 713 Christum
2778 657 2937 710 etiam
2979 656 3187 709 divinus
3223 657 3507 724 Apostolus
3550 658 3661 724 pe?

406 772 495 823 τὸν
522 767 750 839 Χριστὸν
795 764 954 818 αὐτὸν
1000 758 1137 816 οἶδεν
1178 764 1205 814 ό
1236 761 1377 823 θεῖος
1410 759 1723 821 Ἀπόστολος
1768 757 1970 827 πέτραν

2099 769 2208 806 ram
2250 750 2516 821 appellare
2549 752 2713 815 novit,
2752 749 2934 801 dicens
2959 747 3026 809 9",
3062 764 3079 797 ι
3120 745 3275 800 Petra
3303 758 3479 799 autem
3525 754 3661 813 erat,

406 835 713 931 ὀνομάζειν,
764 858 967 925 λέγων,
1008 876 1025 908 t
1073 855 1137 908 Ἡ
1187 855 1245 908 δὲ
1296 853 1469 923 πέτρα
1515 847 1582 921 ἦν
1610 849 1910 919 ὁΧριστός.
1948 867 1966 898 ι

2097 844 2337 899 Ihristus.
2364 861 2381 892 ι
2403 842 2534 907 Quia
2560 841 2766 908 injectis
2793 839 3037 893 manibus
3063 853 3256 906 corpus
3279 835 3474 890 Christi
3510 848 3666 890 teni--

392 928 638 1023 ,Ἐπειδὴ
696 952 883 1021 χεῖρας
934 946 1280 1008 ἐπιϐαλόντες
1312 943 1373 996 τὺ
1422 942 1578 1012 σῶμα
1607 939 1699 993 τοῦ
1739 938 1972 1011 Χριστοῦ

2097 949 2204 988 tore
2252 932 2521 1001 passionis
2550 930 2936 993 deformarunt,
2976 932 3063 998 qui
3100 940 3323 982 mortem
3364 928 3478 995 ejus
3525 944 3671 1003 ma-l

408 1021 751 1115 ἐλωϐήσαντο
782 1042 921 1095 κατὰ
952 1040 1011 1093 τὸ
1040 1038 1210 1099 πάθος
1240 1038 1288 1089 οἱ
1321 1036 1411 1089 τὸν
1440 1034 1665 1087 θάνατον
1688 1031 1850 1086 αὐτοῦ
1883 1049 1973 1083 τυ-

2097 1025 2272 1078 :hinati
2306 1032 2451 1087 sunt,
2478 1023 2671 1077 merito
2712 1023 2907 1077 dicitur
2941 1023 3093 1091 ipsis,
3116 1041 3133 1072 ι
3162 1021 3431 1089 Respicite
3465 1024 3514 1074 in
3553 1022 3675 1115 ἤι’-ξ

415 1138 724 1209 ρεύσαντες,
776 1134 999 1195 εἰκότως
1036 1131 1173 1202 πρὸς
1201 1129 1395 1191 αὐτοὺς
1425 1128 1634 1198 εἴρηται
1660 1125 1741 1190 τὸ,
1791 1141 1809 1176 ι
1846 1124 1974 1193 Ἐμ-

2077 1130 2215 1169 mam
2246 1123 2475 1184 petram,
2506 1128 2665 1182 quam
2717 1114 3015 1175 excidistis,
3044 1121 3097 1165 ct
3142 1113 3193 1164 in
3234 1110 3441 1165 foveam
3475 1111 3642 1174 lacus,

413 1202 642 1297 ϐλέψατε
666 1229 744 1290 εἰς
766 1226 862 1297 τὴν
893 1224 1116 1294 στερεὰν
1138 1223 1360 1292 πέτραν,
1389 1221 1453 1291 ῆν
1479 1217 1862 1287 ἐλατομήσατε,
1885 1214 1979 1268 καὶ

2097 1220 2235 1274 luam
2258 1204 2538 1259 elTodistis.
2571 1222 2589 1255 ›
2620 1204 2753 1257 Num
2783 1205 2943 1258 etiam
2970 1220 3063 1273 per
3091 1202 3297 1257 foveam
3328 1203 3473 1256 lacus
3507 1202 3647 1255 latus

412 1322 491 1383 εἰς
524 1319 613 1371 τὸν
645 1317 863 1388 βόθυνον
915 1314 1008 1368 τοῦ
1052 1314 1277 1377 λάκκου,
1319 1311 1377 1364 ὃν
1403 1308 1671 1380 ὠρύξατε.
1700 1326 1719 1359 ι
1754 1307 1979 1376 Μήποτε

2078 1296 2320 1365 corporis
2342 1296 2456 1364 ejus
2478 1295 2813 1349 vulneratum
2845 1295 3173 1359 subindicat,
3205 1309 3270 1349 ex
3301 1309 3404 1364 quo
3430 1294 3652 1364 sanguis

416 1406 632 1475 βόθυνον
676 1404 877 1457 λάκκου
930 1402 1147 1473 ᾐνίξατο
1193 1402 1290 1471 τὴν
1334 1398 1632 1469 τρωθεῖσαν
1668 1395 1760 1449 τοῦ
1795 1394 1979 1465 σώμα-

2077 1397 2132 1443 et
2158 1402 2294 1458 aqua
2334 1386 2697 1458 proﬂuxerunt
2730 1386 2752 1447 ξ

413 1514 505 1559 τος
525 1495 689 1551 αὑτοῦ
717 1493 975 1565 πλευρὰν,
1009 1493 1065 1559 ἐξ
1090 1489 1158 1564 ἦς
1178 1486 1315 1562 αἷμα
1338 1490 1431 1542 καὶ
1456 1486 1597 1559 ὕδωρ
1621 1483 1907 1556 προῆλθεν.

492 1696 513 1730 ι
545 1677 655 1730 Καὶ
684 1676 742 1744 σέ
781 1674 875 1729 νῦν
914 1672 1296 1746 παρακαλέσω,
1320 1670 1477 1736 Σιὼν,
1505 1668 1599 1722 καὶ
1635 1665 1984 1737 παρεκάλεσα

2156 1647 2316 1703 νιειιε.
2342 1650 2395 1703 3.
2421 1667 2439 1701 ε
2473 1648 2538 1702 Ει
2556 1658 2607 1703 te
2629 1664 2768 1703 nunc
2796 1647 3136 1712 consolabor,
3167 1648 3383 1713 Sion,et
3413 1650 3655 1705 consola-

417 1769 592 1823 πάντα
632 1767 700 1820 τὰ
725 1734 911 1838 ἐρημα
940 1734 1105 1837 αῦτῆς
1128 1782 1141 1794 ·
1190 1763 1283 1816 καὶ
1317 1734 1470 1834 θήσω
1495 1760 1564 1813 τὰ
1585 1734 1763 1829 ἔρημα
1814 1756 1984 1825 αὐτῆς

2097 1748 2171 1793 lus
2196 1755 2311 1794 sum
2344 1740 2521 1795 omnia
2568 1742 2776 1795 deserta
2812 1740 2962 1809 ejus:
2993 1753 3046 1795 et
3070 1757 3261 1811 ponam
3301 1743 3507 1796 deserta
3540 1744 3655 1812 ejus

417 1858 492 1921 ὼς
522 1833 866 1926 παράδεισον,
900 1857 993 1908 καὶ
1020 1833 1089 1907 τά
1122 1853 1258 1926 πρὸς
1283 1833 1492 1923 δυσμὰς
1519 1851 1687 1920 αὐτῆς
1714 1849 1789 1912 ὡς
1812 1848 1985 1919 παρά-

2097 1844 2337 1901 lanquam
2365 1833 2693 1902 paradisum,
2734 1844 2786 1887 et
2831 1850 2950 1903 quae
2982 1843 3107 1888 sunt
3154 1835 3220 1887 ad
3262 1850 3511 1889 occasum
3540 1835 3658 1902 ejus

418 1924 851 2019 6staovkuploo.
893 1924 1241 2018 Εὐφροσύνην
1274 1945 1368 1998 καὶ
1393 1943 1699 2014 ἀγαλλίαμα
1725 1944 1984 2014 εὑρήσου-

2097 1934 2336 1992 tanquam
2367 1925 2671 1992 paradisum
2710 1924 2941 1980 Domini.
2971 1925 3231 1980 Laetitiam
3261 1936 3315 1980 ct
3343 1928 3660 1981 exsultatio-

421 2056 502 2091 σιν
530 2041 586 2091 ἐν
607 2040 765 2109 αὐτῇ,
789 2037 1167 2109 ἐξομολόγησιν
1190 2036 1283 2089 καὶ
1313 2035 1493 2108 φωνὴν
1516 2035 1790 2096 αἰνέσεως.
1825 2053 1843 2085 ι
1899 2035 1987 2097 Ὠς

424 2134 482 2185 ἐν
521 2128 822 2200 παραθέσει
852 2128 909 2181 δὲ
947 2128 1044 2197 τῆς
1093 2126 1257 2179 πάλαι
1296 2126 1525 2195 ἐχούσης
1556 2124 1646 2177 τὸν
1677 2122 1862 2193 ἄνδρα,
1892 2121 1988 2176 νῦν

425 2224 459 2292 ή
487 2222 544 2288 ἐξ
592 2219 761 2273 ἐθνῶν
830 2218 1120 2289 Ἐκκλησία
1181 2216 1341 2271 πάλιν
1404 2215 1606 2287 ἔρημος
1662 2212 1984 2284 ὠνομάσθηο

432 2312 610 2382 ὥσπερ
642 2306 734 2363 οῦν
773 2311 867 2363 καὶ
904 2311 1063 2374 αὐτὸς
1095 2313 1124 2364 ὁ
1164 2310 1448 2382 προφήτης
1476 2308 1740 2372 θεσπίζει,
1791 2306 1981 2375 λέγων·

439 2421 461 2457 ‹
487 2402 822 2474 Εὐφράνθητι
875 2402 1079 2474 στείρα,
1104 2404 1137 2472 ἡ
1169 2402 1229 2454 ού
1254 2402 1510 2455 τίκτουσα
1542 2417 1555 2429 ·
1578 2400 1737 2471 ῥῆξον
1760 2400 1849 2451 καὶ
1865 2398 1989 2469 βόη-

434 2512 543 2557 σον,
572 2496 603 2563 ή
631 2493 728 2545 οὐκ
750 2492 1011 2545 ὠδίνουσα
1026 2510 1040 2523 ·
1069 2493 1149 2545 ὅτι
1165 2490 1335 2544 πολλά
1356 2490 1427 2544 τά
1453 2490 1616 2544 τέκνα
1636 2491 1734 2558 τῆς
1756 2490 1985 2560 ἐρήμου,

432 2583 625 2654 μᾶλλον
655 2582 690 2650 ἢ
723 2581 824 2652 τῆς
856 2580 1082 2652 ἐχούσης
1110 2581 1201 2634 τὸν
1241 2580 1428 2652 ἄνδρα.
1467 2598 1486 2631 ι
1526 2578 1621 2642 Τίς
1642 2578 1698 2631 δὲ
1723 2574 1789 2649 ἦν
1826 2581 1859 2648 ή
1900 2578 1989 2631 τὸν

428 2676 604 2746 ἄνδραο
643 2674 839 2744 ἔχουσα
883 2674 996 2727 ἀλλ’
1048 2674 1081 2743 ἢ
1114 2676 1146 2744 ή
1188 2673 1250 2726 τὸ
1288 2672 1489 2743 βιϐλίον
1534 2670 1628 2725 τοῦ
1662 2669 1990 2725 ἀποστασίου

428 2766 767 2837 ποιησαμένη
786 2782 801 2830 ;

502 2876 523 2910 ‹
569 2855 863 2911 Ἀκούσατὲ
898 2874 1019 2927 μου,
1055 2856 1322 2910 ἀκούσατέ
1350 2872 1471 2927 μου,
1499 2855 1625 2917 λαός
1659 2872 1781 2925 μου,
1816 2856 1908 2909 καὶ
1942 2856 1991 2908 οῑ

432 2946 692 3017 βασιλεῖς,
714 2946 850 3016 πρὸς
875 2947 942 3017 μέ
965 2945 1311 2999 ἐνωτίσασθε.
1342 2965 1363 2998 ι
1388 2946 1535 2998 Ἔδει
1558 2945 1664 3016 γὰρ
1680 2946 1848 3018 καινῷ
1880 2945 1992 3017 λαῷ

428 3040 521 3093 καὶ
552 3036 612 3103 ἐξ
638 3037 802 3091 ἐθνῶν
830 3039 1162 3108 στησομένῳ,
1193 3039 1285 3091 καὶ
1332 3038 1494 3108 νόμον
1541 3037 1757 3110 δοθῆναι
1789 3038 1990 3112 καινόν.

441 3131 500 3184 '0
538 3130 649 3199 γὰρ
680 3128 765 3183 διὰ
793 3129 1034 3192 Μωσέως
1069 3128 1242 3193 δοθεὶς
1298 3127 1663 3200 ἀκατάλληλος
1697 3124 1764 3199 ἦν
1790 3131 1856 3200 τῇ
1886 3129 1992 3181 τῶν

430 3220 598 3274 ἐθνῶν
626 3219 887 3291 πολιτείᾳ,
933 3220 1110 3273 πᾶσαν
1144 3219 1498 3292 περιγράφων
1534 3218 1632 3290 τὴν
1678 3219 1992 3291 σωματικὴν

430 3310 727 3382 θρησκείαν
756 3313 833 3373 εἰς
864 3309 960 3363 ἐνα
997 3312 1158 3365 τόπον
1186 3314 1298 3374 τοῖς
1331 3311 1751 3383 Ἱεροσολύμοις·
1804 3312 1993 3385 διόπερ

432 3402 740 3470 ἀναγκαίως
762 3401 1127 3472 αἰνιττόμενος
1149 3401 1247 3473 τὴν
1273 3401 1477 3472 Καινὴν
1502 3402 1797 3474 Διαθήκην,
1828 3404 1995 3457 καὶτὸ

432 3493 780 3561 εὐαγγελικὸν
801 3495 1059 3566 κήρυγμα
1086 3495 1301 3563 φάσκει,
1326 3511 1344 3546 ι
1376 3495 1496 3548 Ὅτι
1526 3495 1685 3567 νόμος
1710 3498 1838 3568 παρ’
1861 3496 1995 3568 ἐμοῦ

432 3585 803 3652 ἐξελεύσεται,
859 3587 951 3640 καὶ
993 3587 1026 3658 ή
1073 3586 1252 3657 κρίσις
1297 3602 1394 3657 μου
1437 3587 1517 3649 εἰς
1563 3586 1677 3657 φῶς
1722 3586 1918 3642 ἐθνῶν
1971 3607 1993 3640 ο

430 3676 594 3730 πάλιν
639 3676 869 3731 ἐνταῦθα
897 3677 1010 3748 φῶς
1049 3679 1160 3741 τοῖς
1208 3676 1415 3732 ἔθνεσιν
1452 3678 1893 3751 ὑπισχνούμενος,
1936 3672 1997 3732 οῗ)

435 3768 544 3838 μὴν
571 3767 649 3838 τῷ
683 3767 929 3839 Ἰσραήλ.

512 3875 529 3908 ι
600 3857 834 3926 Ἐγγίζει
884 3857 1021 3927 ταχὺ
1080 3859 1114 3929 ή
1185 3858 1498 3930 δικαιοσύνη
1552 3875 1693 3929 μου,
1749 3858 1843 3913 καὶ
1910 3859 2000 3928 ἐξ·

433 3946 732 4001 ελεύσεται.
751 3948 826 4010 ὡς
859 3947 972 4017 φῶς
1001 3949 1062 4001 τὸ
1094 3950 1365 4020 Σωτήριόν
1397 3968 1497 4021 μου
1526 3951 1619 4003 καὶ
1644 3951 1724 4015 είς
1752 3951 1842 4005 τὸν
1872 3950 2004 4024 βρα-

435 4038 592 4110 χίονά
614 4057 715 4110 μου
740 4039 865 4109 ἔθνη
895 4039 1168 4093 ἐλπιοῦσιν
1187 4057 1200 4071 ·
1234 4042 1332 4111 ἐμὲ
1356 4043 1506 4113 νῆσοι
1531 4042 1879 4112 ὑπομενοῦσι,
1910 4043 2004 4096 καὶ

435 4129 517 4190 εἰς
551 4128 641 4180 τὸν
677 4127 933 4199 βραχίονά
968 4145 1067 4199 μου
1095 4127 1357 4183 ἐλπιοῦσι.
1395 4148 1413 4181 ι
1440 4130 1692 4200 Δευτεροί
1722 4129 1812 4183 τὸν
1850 4128 2004 4199 λόγον

435 4221 516 4282 εἰς
550 4219 837 4289 βεϐαίωσιν
872 4218 970 4288 τῆς
1002 4219 1359 4288 ἐπαγγελίαςο
1396 4219 1738 4291 δικαιοσύνης
1767 4219 1876 4291 γάρ
1905 4238 2003 4273 πε-

436 4312 689 4384 πλήρωτο
720 4314 747 4384 ή
772 4314 902 4365 πᾶσι
938 4314 1048 4375 τοῖς
1074 4311 1279 4365 ἔθνεσιν
1319 4311 1379 4376 ἐξ
1406 4311 1520 4366 ἴσου
1552 4312 1865 4384 δωρουμένη
1911 4313 2008 4382 χά-

440 4420 553 4474 ρις’
587 4403 743 4457 τοῦτο
781 4402 835 4455 δὲ
862 4398 930 4473 ἦν
965 4403 992 4454 ὁ
1021 4403 1253 4473 Χριστὸς
1278 4403 1371 4456 τοῦ
1408 4402 1564 4467 Θεοῦ,
1607 4404 1666 4457 ὂν
1700 4402 1877 4457 λαϐὼν
1910 4404 2009 4455 Συ-

440 4493 584 4564 μεὼν
611 4498 667 4548 ἐν
684 4492 948 4562 ἀγκάλαις
974 4494 1381 4564 ἀναγέγραπται
1402 4493 1636 4565 εἰρηκώς
1653 4535 1669 4560 ,
1692 4512 1710 4545 ι
1735 4493 1850 4548 Νῦν
1873 4494 2006 4546 ἀπο-
2040 4514 2080 4568 ι)

436 4587 584 4651 λύεις
616 4586 709 4639 τὸν
743 4584 926 4637 δοῦλόν
956 4601 1070 4649 σου,
1098 4585 1361 4649 Δέσποτα,
1401 4586 1481 4638 ὅτι
1510 4581 1649 4639 εἶδον
1670 4586 1719 4639 οἰ
1741 4584 2003 4657 ὀφθαλμοί

439 4694 540 4750 μου
563 4678 623 4730 τὸ
646 4676 917 4747 Σωτήριόν
945 4693 1059 4740 σου,
1099 4695 1118 4727 ι
1155 4677 1246 4729 καὶ
1270 4676 1339 4729 τὰ
1372 4676 1518 4747 ἑξῆς.

511 4786 531 4820 ι
566 4768 767 4836 ’Δρατε
794 4768 872 4827 είς
896 4766 987 4819 τὸν
1021 4766 1246 4837 οὐρανὸν
1298 4766 1422 4829 τοὺς
1475 4763 1783 4835 ὀφθαλμοὺς
1810 4763 2003 4834 ὑμῶν,

435 4861 531 4914 καὶ
564 4858 870 4929 ἐμϐλέψατε
901 4858 981 4920 εἰς
999 4857 1097 4927 τὴν
1126 4856 1229 4926 γῆν
1258 4856 1407 4910 κάτω
1426 4873 1439 4887 ο
1475 4857 1555 4909 ὅτι
1590 4858 1618 4909 ό
1657 4856 1883 4927 οὐρανὸς
1929 4856 2005 4920 ὡς

436 4951 643 5014 καπνὸς
673 4947 995 5021 ἐστερεώθη,
1024 4949 1056 5019 ἡ
1084 4947 1142 5001 δὲ
1168 4948 1237 5019 γῆ
1267 4948 1342 5011 ὡς
1380 4947 1590 5018 ἱμάτιον
1627 4946 2002 5017 παλαιωθήσε-

436 5059 558 5097 ται·
595 5043 644 5095 οἰ
668 5042 725 5095 δὲ
760 5040 1136 5101 κατοικοῦντες
1160 5040 1347 5109 ὥσπερ
1369 5037 1542 5091 ταῦτα
1581 5037 2002 5092 ἀποθανοῦνται·

438 5130 498 5183 τὸ
528 5131 587 5183 δέ
628 5132 898 5202 Σωτήριόν
945 5147 1043 5201 μου
1086 5131 1164 5193 είς
1216 5128 1306 5182 τὸν
1352 5127 1523 5183 αἰῶνα
1557 5128 1739 5184 ἔσται·
1786 5132 1819 5201 ή
1854 5130 1910 5185 δὲ
1936 5131 2010 5183 δι-

440 5218 697 5289 καιοσύνη
726 5236 825 5289 μου
851 5220 911 5272 ού
944 5218 1016 5290 μὴ
1044 5217 1263 5289 ἐκλείψῃ
1284 5234 1298 5248 ο
1342 5236 1361 5270 ι
1403 5218 1512 5287 τὴν·
1535 5217 1762 5289 θεότητα
1790 5218 1882 5272 τοῦ
1909 5219 2012 5273 Λό-

441 5328 538 5379 γου
580 5312 948 5381 σημαινούσης
976 5312 1074 5380 τῆς
1113 5310 1478 5391 προφητείαςο
1507 5310 1583 5374 ὡς
1622 5311 1730 5384 γὰρ
1769 5312 1869 5381 τὴν
1919 5312 2012 5365 ἀν-

444 5401 766 5473 θρωπότητα
794 5402 982 5471 ἐδήλου
1006 5402 1091 5454 διὰ
1106 5402 1197 5454 τοῦ
1227 5421 1244 5453 ι
1278 5402 1604 5472 Σωτηρίου,›
1626 5402 1766 5457 οὓτω
1795 5406 1888 5459 καὶ
1911 5405 2009 5477 τὴν

444 5494 672 5564 θεότητα
698 5492 884 5548 τοῦτον
922 5492 1139 5565 ᾐνίξατο
1170 5494 1259 5548 τὸν
1285 5494 1501 5565 τρόπον.

521 5603 540 5637 ι
582 5583 871 5639 ’Δκούσατέ
896 5601 1017 5655 μου,
1047 5586 1094 5637 οἰ
1119 5584 1318 5650 εἰδότες
1346 5586 1545 5658 κρίσιν,
1575 5586 1721 5656 λαὸς,
1755 5578 1816 5641 οὗ
1847 5588 2007 5659 νόμος

518 5767 561 5799 ⁹¹
590 5763 609 5820 Ι
652 5764 775 5820 Cor.
816 5779 872 5832 ι,
907 5764 960 5819 4.
1036 5765 1081 5799 ⁸⁸
1109 5764 1240 5820 Luc.
1273 5783 1331 5833 ll,
1360 5766 1450 5822 ‘29.

2085 2028 2205 2066 nem
2230 2013 2498 2066 invenient
2529 2014 2579 2066 in
2608 2028 2692 2077 ea,
2712 2014 3103 2069 confessionem
3128 2026 3182 2070 et
3214 2031 3397 2071 vocem
3430 2017 3653 2071 laudis.»

2085 2102 2248 2169 Quasi
2290 2103 2356 2155 ad
2395 2102 2683 2157 discrimen
2718 2103 2833 2171 ejus
2861 2119 2980 2174 qua:
3028 2105 3156 2159 olim
3204 2107 3375 2158 virum
3409 2105 3656 2169 habebat,

2086 2210 2227 2249 nunc
2262 2193 2497 2249 Ecclesia
2520 2210 2584 2248 ex
2621 2195 2868 2263 gentibus
2904 2196 3175 2249 desertum
3209 2197 3381 2250 denuo
3414 2208 3657 2261 vocatur,

2085 2286 2530 2355 quemadmodum
2559 2288 2698 2341 idem
2731 2288 2987 2355 propheta
3020 2289 3371 2344 vaticinatur:
3396 2309 3412 2340 ι
3431 2290 3658 2355 Laetare,

2086 2378 2303 2441 sterilis,
2328 2392 2450 2447 quae
2472 2392 2575 2431 non
2616 2378 2761 2447 paris
2794 2396 2808 2431 :
2844 2394 3065 2447 erumpe
3095 2390 3148 2433 et
3178 2380 3370 2446 clama,
3408 2397 3525 2451 quae
3553 2398 3659 2436 non

2089 2469 2344 2538 parturis,
2373 2468 2495 2537 quia
2549 2467 2698 2521 multi
2734 2468 2825 2522 ﬁlii
2874 2469 3123 2535 desertae,
3160 2472 3329 2541 magis
3362 2486 3519 2539 quam
3546 2473 3664 2539 ejus

2089 2574 2206 2627 qua:
2234 2559 2395 2613 habet
2426 2559 2619 2611 virum.
2643 2576 2661 2610 ι
2689 2558 2942 2624 Quzenam
2974 2569 3092 2613 erat
3122 2559 3205 2612 illa
3230 2575 3348 2629 quae
3367 2561 3540 2615 virum
3566 2560 3665 2616 ha-

2091 2648 2268 2713 bebat,
2306 2647 2407 2701 nisi
2439 2662 2557 2717 quae
2595 2646 2835 2702 libellum
2866 2649 3073 2718 repudii
3097 2649 3313 2704 edidit?

2160 2826 2326 2881 Vsus.
2361 2825 2416 2879 4.
2443 2844 2462 2878 ι
2497 2826 2690 2881 Audite
2717 2841 2823 2892 me,
2867 2827 3046 2881 audite
3092 2843 3197 2892 me,
3239 2829 3430 2898 popule
3470 2829 3568 2895 mi,
3608 2835 3667 2886 et

2094 2932 2268 2987 reges,
2298 2916 2363 2971 ad
2392 2931 2477 2971 me
2499 2918 2779 2972 attendite.
2818 2938 2836 2971 ι
2878 2919 3027 2973 Novo
3065 2921 3205 2973 enim
3255 2921 3471 2991 populo,
3502 2936 3565 2976 ac
3594 2938 3664 2976 ex

2092 3010 2342 3077 gentibus
2374 3009 2753 3065 constituendo
2794 3025 2986 3065 novam
3021 3013 3148 3066 dare
3175 3012 3345 3082 legem
3374 3002 3507 3080 opus
3526 3022 3664 3069 erat.

2092 3097 2227 3152 Nam
2248 3114 2367 3168 qua:
2400 3114 2496 3167 per
2522 3098 2758 3170 Moysem
2786 3101 2906 3155 data
2940 3102 3133 3166 fuerat,
3159 3103 3394 3172 gentium
3424 3105 3667 3159 instituto

2094 3190 2453 3260 incongruens
2485 3201 2618 3256 erat,
2654 3201 2837 3261 utpote
2864 3207 2984 3261 quae
3011 3204 3176 3247 totum
3202 3210 3516 3265 corporeum
3548 3196 3664 3250 cul-

2095 3292 2203 3337 tum
2220 3297 2325 3337 uno
2347 3282 2485 3347 loco,
2507 3285 2712 3338 scilicet
2733 3284 3135 3357 Hierosolymis,
3157 3288 3665 3345 circumscriberet:

2092 3381 2421 3443 quapropter
2470 3373 2676 3429 Novum
2735 3373 3133 3449 Testamentum
3180 3388 3236 3432 et
3302 3379 3669 3449 evangelicam

2094 3464 2527 3533 praedicationem
2569 3445 2939 3527 subindicans,
2975 3467 3283 3521 necessario
3335 3445 3491 3533 ait,'«
3531 3468 3669 3535 Quia

2095 3553 2181 3610 lex
2221 3569 2252 3608 a
2289 3570 2375 3609 me
2427 3557 2750 3625 egredietur,
2792 3567 2845 3612 et
2874 3558 3134 3627 judicium
3180 3572 3354 3612 meum
3402 3559 3454 3611 in
3486 3558 3662 3613 lucem

2096 3645 2366 3715 gentium;
2409 3664 2429 3699 ι
2461 3647 2547 3702 hic
2599 3663 2809 3702 rursum
2860 3648 3032 3703 lucem
3073 3651 3338 3720 gentibus,
3388 3666 3494 3705 non
3540 3665 3669 3707 vero

2097 3737 2277 3791 lsraeli
2311 3739 2654 3807 promittens.

2172 3829 2336 3885 Vsus.
2363 3830 2417 3885 5.
2473 3849 2491 3883 ι
2541 3832 2953 3901 Appropinquat
2997 3833 3107 3888 cito
3149 3833 3362 3902 justitia
3407 3849 3524 3890 mea
3551 3875 3567 3901 ,
3615 3845 3671 3892 et

2101 3923 2403 3990 egredietur
2450 3910 2601 3991 quasi
2661 3924 2748 3978 lux
2786 3925 3032 3979 Salutare
3088 3940 3301 3991 meum,
3353 3935 3408 3979 et
3452 3927 3504 3980 in
3537 3927 3667 3981 bra-

2102 4014 2284 4068 chium
2325 4029 2502 4069 meum
2535 4026 2721 4085 gentes
2763 4018 3057 4087 sperabunt
3085 4032 3099 4071 :
3125 4031 3209 4071 me
3253 4017 3441 4072 insulae
3473 4032 3668 4089 exspe-

2054 4140 2057 4143 ‹
2103 4106 2361 4170 ctabuut,
2415 4117 2470 4162 et
2520 4107 2573 4161 in
2625 4108 2900 4161 brachium
2958 4124 3134 4162 meum
3184 4109 3496 4178 sperabunt.
3534 4127 3553 4160 ι
3589 4109 3669 4162 Ad

2105 4199 2479 4267 promissionis
2511 4199 2978 4255 conﬁrmationem
3019 4202 3285 4270 promissa
3316 4202 3473 4254 iterat
3501 4219 3513 4255 :
3545 4216 3669 4255 nam

2101 4290 2322 4359 justitia:
2350 4291 2502 4361 plena
2541 4302 2658 4347 erat
2692 4292 2866 4362 gratia
2916 4293 3167 4346 omnibus
3201 4292 3448 4362 gentibus
3489 4308 3671 4361 aequa-

2109 4382 2231 4438 liter
2259 4385 2576 4451 distributa;
2627 4401 2688 4440 ea
2721 4384 3109 4439 erathristus
3155 4385 3285 4447 Dei,
3332 4400 3490 4453 quem
3523 4386 3667 4440 acci-

2110 4478 2261 4546 piens
2316 4478 2549 4548 Symeon
2600 4478 2654 4530 in
2714 4477 2869 4531 ulnas
2917 4491 3080 4543 suas,
3137 4476 3339 4531 dixisse
3389 4477 3668 4542 scribitur,

2113 4588 2134 4623 ι
2176 4570 2329 4625 Nunc
2359 4570 2584 4624 dimittis
2607 4584 2821 4624 servum
2852 4578 2997 4622 tuum
3023 4608 3038 4631 ,
3074 4570 3296 4623 Domine
3323 4609 3337 4634 ,
3370 4570 3493 4638 quia
3519 4571 3669 4625 vide-

2110 4671 2236 4716 runt
2272 4662 2410 4715 oculi
2446 4662 2546 4716 mei
2577 4661 2823 4716 Salutare
2850 4670 2998 4715 tuum
3023 4662 3090 4729 ⁸⁸,
3128 4680 3146 4714 ι
3185 4672 3241 4717 et
3266 4672 3479 4717 caetera.

2183 4751 2349 4808 Vsus.
2380 4752 2432 4807 6.
2491 4772 2510 4805 ‹
2566 4753 2789 4808 Elevate
2820 4754 2874 4807 in
2903 4753 3099 4808 ccelnm
3134 4755 3318 4810 oculos
3342 4766 3556 4810 vestros
3584 4796 3600 4823 ,
3624 4766 3671 4809 et

2114 4847 2368 4915 reSpicite
2394 4846 2445 4900 in
2475 4855 2674 4901 terram
2704 4846 2958 4901 deorsum
2990 4864 3005 4912 ;
3038 4848 3288 4916 quoniam
3319 4849 3516 4903 caalum
3555 4858 3676 4901 tau-

2107 4953 2265 5007 quam
2295 4937 2473 4992 fumus
2501 4937 2769 4992 ﬁrmatum
2797 4947 2913 5002 est,
2951 4949 3093 4993 terra
3130 4949 3307 4993 autem
3344 4940 3485 4993 sicut
3516 4939 3676 4991 vesti-

2112 5040 2350 5085 mentum
2380 5039 2720 5085 veterascet:
2753 5030 2843 5099 qui
2873 5042 3050 5084 autem
3098 5030 3400 5085 inhabitant
3421 5044 3536 5081 eam
3568 5029 3672 5081 sic-

2116 5131 2174 5177 ut
2205 5124 2305 5177 ista
2340 5124 2638 5177 morientur
2673 5138 2688 5175 :
2724 5122 2970 5177 Salutare
3014 5137 3142 5175 vero
3188 5136 3363 5175 meum
3406 5121 3458 5173 iu
3504 5134 3675 5171 saecu-

2118 5213 2225 5267 lum
2253 5217 2384 5281 erit;
2433 5214 2643 5285 justitia
2678 5224 2856 5269 autem
2887 5229 3005 5269 mea
3049 5230 3153 5268 non
3182 5214 3410 5267 deﬁciet.
3446 5230 3464 5261 ι
3495 5210 3674 5263 Deita-

2121 5316 2226 5362 tem
2273 5306 2434 5362 Verbi
2476 5309 2748 5379 signiﬁcat
2794 5309 3076 5378 prophetia
3131 5324 3146 5360 :
3201 5308 3343 5359 sicut
3393 5303 3537 5356 enim
3578 5317 3674 5372 per

2114 5398 2282 5465 illud,
2323 5417 2342 5451 ι
2381 5401 2669 5465 Salutare,
2734 5419 2754 5453 ι
2805 5400 3192 5455 lnunauitalem
3244 5397 3547 5461 indicabat;
3592 5397 3673 5453 sic

2114 5490 2221 5546 isto
2253 5492 2408 5547 modo
2430 5492 2685 5547 deitatem
2723 5491 3030 5547 adumbrat.

2188 5585 2348 5644 Vsus.
2374 5586 2426 5641 7.
2450 5604 2469 5639 σ
2505 5584 2697 5643 Audite
2727 5600 2835 5654 me,
2854 5584 2943 5661 qui
2970 5582 3122 5640 scitis
3143 5579 3424 5653 judicium,
3455 5581 3675 5654 popule,
