4130 6430
478 356 584 412 «ΗἹ
1150 350 1415 406 EUSEBII
1451 347 1930 406 CESARIENSIS
1964 345 2113 405 OPP.
2151 343 2332 399 PARS
2369 341 2458 399 Ill.
2495 373 2566 384 —
2601 342 3012 398 EXEGETICA.
3598 343 3710 398 με

477 477 634 545 cujus
661 475 744 528 lex
775 488 892 526 mea
922 470 976 524 in
1008 469 1170 526 corde
1199 479 1397 527 vestro.
1431 487 1449 520 ι
1487 467 1710 521 Videbat
1735 466 1877 521 enim
1899 480 2027 531 eos,

2142 477 2241 532 μου
2260 461 2317 512 ὲν
2341 461 2408 530 τῇ
2432 458 2626 530 καρδίᾳ
2652 459 2822 529 ὑμῶν.
2857 477 2878 511 δ
2915 457 3090 528 Ἑώρα
3121 457 3250 528 γάρ,
3280 458 3361 511 δτι
3384 459 3432 511 οι
3463 456 3707 524 θέλοντες

475 568 570 636 qui
602 567 686 635 pie
732 564 910 618 vivere
939 561 1206 616 voluerint
1253 563 1302 614 in
1335 561 1551 616 Christo
1576 601 1591 625 ,
1619 561 2027 631 persecutionem

2138 551 2374 615 εὐσεϐῶς
2402 552 2500 621 ζῇν
2531 553 2587 603 ὲν
2614 550 2835 621 Χριστῷ
2875 550 3256 620 διωχθήσονται
3297 550 3389 604 καὶ¹
3414 551 3708 622 ὀνειδισθή-

476 675 758 730 passuros,
785 655 1135 712 contumeliis
1169 652 1496 718 amen-udos,
1527 670 1589 708 ac
1622 652 1948 722 contemptui
1973 653 2027 707 ab

2137 659 2338 704 σονται,
2363 643 2457 694 καὶ
2473 641 2922 713 φαυλισθήσονται
2945 641 3052 694 ὑπὸ
3081 640 3399 712 ἀνθρώπων,
3431 641 3706 712 διωγμούς

476 753 788 806 hominibus
834 749 1113 806 habendos
1143 761 1295 812 esse;
1351 747 1584 810 itemque
1626 745 1801 801 omnis
1827 744 2027 813 generis

2135 752 2193 787 τε
2219 734 2504 797 παντοίους
2535 735 2626 788 καὶ
2668 735 3004 804 πειρασμοὺς
3036 733 3380 804 ὑπομενοῦσι.
3417 734 3508 787 Διὸ
3546 751 3706 805 περι-

479 845 794 897 vexationes
837 841 1264 908 tentationesque
1294 853 1643 908 perpessuros
1674 853 1811 892 esse.
1841 836 2039 902 Quam-

471 939 662 990 obrem
691 973 708 1000 ,
763 944 822 988 nt
869 934 1012 1002 ipsos
1046 932 1251 986 muniat
1277 940 1332 984 et
1368 931 1560 989 tirmet.
1608 929 1719 998 jam
1753 929 1873 983 hinc
1905 942 2039 998 pra:-

469 1026 651 1092 cipit,
705 1044 723 1076 ‹
784 1023 863 1078 Ne
921 1023 1154 1077 timentis
1214 1021 1556 1090 opprobrium
1612 1021 1933 1087 hominum,
1985 1031 2040 1076 et

474 1129 794 1187 eontemptu
841 1133 1032 1172 eorum
1089 1129 1158 1170 ne
1204 1115 1516 1170 vincamini.
1574 1131 1593 1164 ι
1654 1111 1903 1177 Etenim,
1953 1113 2036 1166 in-

476 1212 621 1281 quit,
655 1211 814 1266 ﬁnem
854 1224 950 1265 eos
999 1216 1342 1278 excepturum
1372 1206 1762 1262 consideratum
1805 1212 2033 1274 oportet.

551 1397 712 1451 Vens.
739 1397 794 1462 8,
825 1396 879 1450 9.
917 1413 936 1446 ι
972 1393 1106 1458 Nam
1142 1394 1285 1448 sicut
1314 1393 1710 1457 vestimentum,
1742 1407 1769 1444 a
1799 1400 2039 1460 tempore

477 1497 851 1551 consumetur,
879 1495 933 1542 et
968 1488 1108 1541 sicut
1153 1487 1295 1552 lana,
1339 1486 1646 1541 comedetur
1671 1500 1701 1538 a
1733 1485 1871 1538 tinea
1905 1483 2037 1552 :ju-

477 1580 626 1634 stitia
655 1576 834 1636 autem
879 1595 996 1634 mea
1031 1579 1082 1632 in
1135 1579 1385 1632 saaculum
1422 1580 1526 1633 erit
1572 1597 1587 1634 :
1635 1577 1883 1632 Salutare
1910 1593 2036 1633 vero

475 1687 654 1727 meum
689 1674 741 1725 in
771 1672 1149 1742 generationes
1183 1671 1608 1740 generationum.
1642 1671 1912 1739 Exsurge,
1938 1687 2036 1726 ex-

2138 827 2390 898 φράττων
2453 828 2645 891 αὐτοὺς
2716 826 2962 880 ἐντεῦθεν
3026 826 3124 898 ἤδη
3193 826 3559 897 παραγγέλλει
3616 828 3708 881 λέ-

2135 935 2268 986 γων·
2311 937 2330 969 ι
2373 918 2463 989 Μὴ
2513 917 2758 987 φοϐεῖσθε
2801 917 3096 988 ὀνειδισμὸν
3142 919 3460 990 ἀνθρώπων,
3499 919 3592 973 καὶ
3623 920 3708 991 τῷ

2136 1009 2424 1080 φαυλισμῷ
2472 1009 2649 1062 αὐτῶν
2695 1009 2768 1080 μὴ
2799 1010 3048 1079 ἡττᾶσθε.
3094 1027 3112 1062 ι
3142 1010 3262 1080 Χρὴ
3305 1009 3414 1082 γὰρ
3469 1012 3704 1083 άφορᾷν,

2138 1101 2290 1172 φησὶ,
2325 1101 2416 1154 ἐπὶ
2445 1101 2505 1153 τὸ
2525 1101 2892 1172 διαδεξόμενον
2924 1101 3117 1165 αὐτοὺς
3148 1101 3315 1166 τέλος.

2211 1417 2230 1450 ‹
2282 1398 2369 1460 Ὧς
2407 1400 2514 1468 γὰρ
2566 1396 2774 1468 ἱμάτιον
2823 1394 3158 1467 βρωθησεται
3196 1394 3302 1448 ὑπὸ
3348 1395 3574 1467 χρόνου,
3607 1397 3704 1452 καὶ

2137 1488 2212 1552 ὡς
2260 1489 2382 1560 ἔρια
2445 1489 2780 1560 βρωθήσεται
2829 1487 2932 1540 ὑπὸ
2977 1487 3154 1556 σητός⁶
3205 1488 3239 1557 ἡ
3286 1487 3341 1540 δὲ
3387 1487 3698 1559 δικαιοσύνη

2138 1598 2240 1650 μου
2270 1583 2348 1644 είς
2374 1581 2464 1634 τὸν
2525 1580 2695 1634 αἰῶνα
2727 1579 2897 1632 ἔσται·
2937 1578 2997 1631 τὸ
3056 1579 3112 1631 δὲ
3165 1578 3435 1649 Σωτήριόν
3491 1595 3591 1649 μου
3621 1581 3704 1642 είς

2134 1670 2326 1739 γενεὰς
2391 1671 2612 1739 γενεῶν.
2672 1669 3006 1742 Ἐξεγείρου,
3065 1667 3355 1739 ὲξεγείρου,
3436 1668 3706 1740 Ἰερουσα-

474 1781 635 1837 surge
663 1807 677 1829 ,
705 1764 1004 1820 Jerusalem
1036 1805 1048 1825 ,
1080 1776 1135 1819 et
1165 1767 1390 1821 induere
1423 1765 1792 1820 fortitudinem
1825 1767 2027 1821 brachii

2135 1761 2263 1833 λὴμ.
2288 1763 2379 1815 καὶ
2398 1762 2610 1815 ἔνδυσαι
2638 1761 2736 1833 τὴν
2779 1763 2930 1832 ἰσχὺν
2960 1760 3053 1814 τοῦ
3111 1759 3388 1832 βραχίονός
3423 1776 3537 1815 σου.
3587 1760 3704 1826 Ἐξ-

477 1859 575 1914 tui.
603 1859 848 1928 Exsurge
893 1858 1035 1912 sicut
1061 1859 1112 1911 in
1147 1859 1411 1928 principio
1436 1859 1564 1925 diei,
1592 1860 1733 1915 sicut
1759 1860 2027 1929 generatio

2137 1853 2354 1925 εγείρου
2371 1854 2445 1916 ὼς
2475 1856 2533 1907 ὲν
2574 1855 2713 1924 ἀρχῇ
2755 1852 2988 1924 ἡμέρας,
3023 1852 3099 1914 ὠς
3141 1853 3300 1920 γενεὰ
3339 1850 3548 1915 αἰῶνος.
3576 1871 3595 1904 ›
3634 1852 3704 1904 'H

474 1951 678 2005 stnculi.
716 1969 734 2002 ι
771 1950 884 2005 Hoc
913 1951 1377 2018 additamentum,
1414 1970 1432 2003 ι
1467 1951 1763 2008 Jerusalem
1791 1993 1806 2016 ,
1846 1972 1864 2006 ι
1897 1963 1954 2008 ut
1982 1954 2033 2008 in

474 2041 738 2098 Hebraica
781 2042 1010 2098 lectione
1059 2042 1256 2106 fertur,
1305 2044 1358 2099 in
1393 2046 1619 2114 reliquis
1651 2047 2036 2115 interpretibus

475 2150 581 2190 non
623 2144 930 2206 comparet;
968 2137 1062 2192 sed
1085 2150 1273 2191 onmes
1301 2138 1378 2192 sic
1405 2138 1690 2192 ediderunt
1722 2157 1736 2191 :
1774 2156 1793 2190 ι
1831 2139 2036 2194 Exsur-

472 2241 559 2298 ge,
593 2242 845 2296 exsurge,
871 2228 1095 2284 induere
1127 2229 1514 2292 fortitudinem,
1541 2229 1821 2284 brachium
1853 2231 2034 2284 Domi-

471 2319 550 2373 ni.
587 2338 606 2371 ›
643 2320 950 2375 Secundum
982 2335 1171 2376 omnes
1199 2321 1365 2391 igitur
1389 2336 1494 2376 non
1522 2318 1821 2376 Jerusalem
1855 2336 2034 2378 sermo

466 2411 795 2479 compellat,
829 2412 923 2466 sed
954 2412 1235 2467 brachium
1268 2413 1514 2480 Domini;
1544 2414 1670 2471 hinc
1699 2429 2035 2484 consequen-

465 2509 551 2557 ter
576 2518 674 2572 par
700 2513 784 2558 est
816 2513 873 2558 ut
901 2504 1065 2559 etiam
1096 2518 1195 2558 nos
1226 2505 1291 2559 ad
1327 2503 1609 2558 brachium
1648 2505 1902 2570 Domini,
1954 2505 2034 2572 ip-

469 2594 582 2648 sius
635 2595 845 2649 Domini
903 2595 1376 2663 compellationem
1426 2595 1770 2660 referamus,
1810 2597 1876 2650 de
1926 2612 2034 2664 quo

470 2679 954 2756 superins'dictum
993 2696 1116 2754 est,
1153 2705 1171 2739 ι
1205 2688 1268 2742 Et
1300 2688 1351 2742 in
1384 2689 1663 2744 brachium
1697 2705 1877 2744 meum
1904 2704 2034 2760 gen-

471 2787 555 2832 tes
575 2779 884 2848 sperabunt.
926 2798 945 2831 ι

538 2891 704 2950 Vens.
740 2894 806 2949 10
832 2937 846 2961 ,
876 2896 960 2950 ll.
1001 2916 1020 2949 ‹
1061 2898 1249 2952 Nonne
1280 2905 1334 2950 tu
1362 2911 1422 2951 es
1446 2938 1462 2963 ,
1496 2911 1616 2967 quae
1649 2897 1919 2951 desertum
1955 2895 2033 2952 fe-

465 2985 590 3039 cisti
625 3001 795 3050 mare,
829 3005 996 3057 aquas
1033 2990 1213 3062 abyssi
1241 2990 1481 3045 multas?
1509 3005 1628 3060 quae
1666 2991 1888 3059 posuisti
1912 3006 2032 3060 pro-

465 3075 688 3133 func‘utn
725 3082 890 3135 maris
919 3082 1058 3135 viam
1093 3084 1356 3138 transitus
1387 3084 1473 3148 iis,
1495 3083 1586 3152 qui
1619 3082 1828 3136 liberati
1858 3093 1912 3137 et
1942 3097 2026 3137 re-

2139 1943 2444 2014 προσθήκη,
2481 1961 2499 1994 c
2545 1943 2916 2014 Ἰερουσαλὴμ,
2953 1960 2971 1992 ι
3005 1941 3080 2004 ὡς
3112 1941 3168 1994 ὲν
3197 1944 3262 2012 τῇ
3297 1942 3553 2014 Ἐὁραῖκῇ
3571 1942 3703 1996 ἀνα-

2134 2035 2349 2104 γνώσει,
2383 2035 2506 2089 ούτε
2557 2037 2615 2088 ἐν
2651 2037 2764 2099 τοῖς
2805 2035 3009 2099 λοιποῖς
3057 2036 3415 2108 έρμηνευταῖς
3451 2033 3699 2105 φέρεται,

2133 2127 2268 2182 ἀλλά
2300 2127 2496 2191 πάντες
2523 2126 2694 2190 οὕτως
2718 2125 3014 2191 ἐξέδωκανο
3048 2143 3067 2177 ι
3120 2124 3445 2196 Ἐξεγείρου,
3479 2123 3703 2192 ἐξεγεί-

2136 2239 2251 2294 ρου,
2277 2221 2486 2274 ἔνδυσαι
2513 2222 2731 2292 κράτος,
2772 2220 3007 2292 βραχίων
3047 2221 3272 2290 Κυρίου.
3313 2238 3332 2272 ι
3368 2218 3524 2273 Κατὰ
3561 2219 3701 2272 πάν-

2132 2326 2232 2376 τας
2258 2313 2436 2367 τοίνυν
2476 2313 2537 2365 ού
2579 2315 2645 2383 τῇ
2700 2311 3053 2384 Ἰερουσαλὴμ
3100 2311 3129 2362 ὁ
3173 2311 3330 2380 λόγος
3366 2312 3700 2383 προσφωνεῖ,

2133 2403 2268 2457 ἀλλὰ
2299 2402 2375 2472 τῷ
2414 2402 2654 2474 βραχίονι
2699 2403 2926 2474 Κυρίουο
2980 2403 3266 2457 ἀκόλουθον
3304 2401 3350 2457 δ’
3393 2403 3460 2458 ἂν
3488 2404 3571 2474 εἴη
3607 2404 3700 2458 καὶ

2131 2495 2278 2566 ἡμᾶς
2328 2496 2407 2558 είς
2451 2495 2542 2548 τὸν
2600 2494 2857 2566 βραχίονα
2922 2496 3126 2567 Κυρίου
3177 2496 3278 2569 τὴν
3328 2495 3420 2549 τοῦ
3490 2498 3697 2568 Κυρίου

2135 2583 2514 2657 προσφώνησιν
2541 2585 2848 2656 ἀναφέρειν,
2891 2586 3017 2657 περὶ
3058 2581 3119 2640 οὗ
3162 2586 3417 2658 ἀνωτέρω
3443 2586 3689 2659 εἴρηται,

2139 2694 2159 2728 ι
2192 2677 2301 2730 Καὶ
2327 2676 2421 2730 ἐπὶ
2446 2676 2536 2730 τὸν
2567 2675 2822 2748 βραχίονά
2854 2693 2955 2748 μου
2975 2675 3100 2747 ἔθνη
3130 2676 3425 2733 ἐλπιοῦσιν.
3459 2698 3479 2732 ι

2207 2915 2225 2950 ι
2261 2897 2336 2950 Ού
2369 2898 2432 2952 σὺ
2463 2892 2565 2970 εϊή
2599 2896 2876 2970 ὲρημοῦσα
2921 2897 3211 2961 θάλασσαν,
3257 2897 3401 2971 ὕδωρ
3452 2897 3686 2954 ἀϐύσσου

2131 2988 2362 3058 πλῆθος;
2382 2991 2415 3062 ἡ
2439 2988 2588 3043 θεῖσα
2606 2989 2674 3043 τὰ
2697 2989 2832 3060 βάθη
2853 2990 2950 3060 τῆς
2970 2989 3242 3060 θαλάσσης
3265 2991 3378 3043 ὁδὸν
3394 2990 3690 3054 διαϐάσεως

2133 3080 2412 3151 ρυομένοις
2463 3081 2556 3134 καὶ
2609 3080 3068 3154 λελυτρωμένοις;
3140 3081 3274 3135 Ὑπὸ
3317 3081 3424 3152 γάρ
3482 3083 3685 3153 Κυρίου

464 3168 664 3240 dempti
715 3173 977 3228 fuerunt?
1020 3175 1064 3230 A
1112 3176 1340 3231 Domino
1384 3177 1526 3231 enim
1575 3176 1919 3239 reducantur,
1973 3187 2027 3230 et

2129 3144 2658 3245 άποστραφήσονται,
2691 3144 2785 3227 καί
2805 3144 3024 3243 ἥξουσιν
3051 3144 3128 3236 είς
3166 3172 3302 3227 Σιὼν
3331 3144 3455 3244 ,μετ’
3494 3144 3690 3245 εὐφρο-

464 3263 682 3317 venient
709 3265 760 3318 in
799 3266 928 3321 Sion
958 3283 1078 3322 cmn
1113 3267 1295 3321 laetitia
1323 3276 1377 3322 et
1418 3267 1783 3323 exsultatione
1826 3267 2028 3335 sempi-

463 3360 638 3410 terna.
672 3356 726 3410 lu
753 3360 930 3428 capite
956 3361 1096 3415 enim
1124 3376 1309 3415 eorum
1348 3360 1467 3416 laus
1491 3400 1506 3424 ,
1543 3371 1595 3414 ct
1622 3360 1802 3414 laetitia
1832 3376 2025 3430 appre-

465 3443 667 3502 hendet
699 3462 791 3503 eos
835 3468 850 3506 :
895 3450 1028 3521 fugit
1065 3454 1219 3507 dolor
1245 3462 1299 3506 et
1332 3467 1553 3516 mmror,
1584 3461 1638 3508 et
1677 3453 1908 3523 gemitus
1943 3474 1954 3507 :
2000 3474 2018 3507 ι

462 3541 683 3608 quando
725 3543 869 3597 omni
910 3545 1104 3599 timore
1133 3546 1412 3614 exempti,
1450 3560 1556 3598 non
1592 3545 1731 3599 ultra
1777 3545 2027 3601 inimicos

470 3641 528 3685 et
560 3633 902 3691 adversarios
927 3637 1371 3692 reformidabunt.

531 3746 696 3803 Vens.
726 3748 811 3802 12.
841 3749 970 3804 Nam
1010 3769 1029 3802 α
1068 3767 1132 3806 ex
1167 3751 1369 3807 rmlesti
1397 3751 1524 3806 Sion
1557 3752 1819 3807 abscessit
1850 3753 2021 3821 dolor,

459 3851 664 3892 mmror
710 3851 764 3894 et
800 3843 1053 3910 gemitus.
1085 3843 1194 3908 Ego
1229 3861 1370 3911 sum,
1403 3859 1502 3914 ego
1527 3861 1665 3909 sum,
1706 3846 1796 3914 qui
1831 3859 2027 3900 conso-

461 3929 542 3983 lor
600 3940 668 3986 te.
727 3932 876 3987 Scito
924 3949 1043 4002 qum
1099 3934 1307 4003 fueris,
1353 3946 1409 3990 et
1439 3936 1685 3990 timueris
1713 3937 1778 3990 ab
1808 3937 2025 3992 homine

463 4023 700 4084 mortali,
725 4031 779 4076 et
807 4039 836 4076 a
874 4025 984 4077 lilio
1016 4026 1268 4088 hominis,
1299 4029 1387 4096 qui
1416 4028 1568 4096 quasi
1599 4027 1776 4082 fenum
1802 4030 2022 4097 arefacti

463 4122 611 4168 sunt.
648 4113 816 4182 rlpse
842 4133 1072 4185 namque
1103 4127 1188 4172 est
1214 4121 1521 4186 propitiatio
1552 4129 1758 4184 nostra,
1788 4123 1877 4190 qui
1903 4137 2025 4175 con-

464 4204 675 4259 solatur
719 4208 966 4264 humiles.
1019 4210 1096 4264 Tu
1130 4210 1274 4264 enim
1324 4211 1389 4264 ad
1446 4212 1735 4279 imaginem
1771 4227 1946 4265 meam
1991 4226 2020 4264 a

463 4312 551 4352 me
575 4300 736 4362 facta,
770 4307 1005 4356 maximo
1037 4305 1231 4356 donata
1265 4318 1322 4357 es
1355 4304 1581 4367 honore,
1613 4304 1752 4361 anod
1786 4318 1868 4356 me
1898 4317 2024 4356 con-

458 4389 750 4446 solatorem
782 4395 1008 4450 haberes
1045 4409 1421 4466 :quapropter
1450 4398 1593 4462 dico,
1652 4417 1672 4449 ι
1722 4395 1836 4465 Ego
1876 4413 2015 4460 sum,

2130 3263 2291 3334 σύνης
2324 3264 2416 3318 καὶ
2443 3264 2841 3335 ἀγαλλιάματος
2869 3265 3106 3318 αἰωνίου.
3163 3265 3283 3317 ’Errl.
3317 3263 3553 3335 κεφαλῆς
3580 3264 3688 3336 γάρ

2126 3353 2304 3408 αὐτῶν
2335 3356 2558 3418 αἴνεσις,
2594 3357 2687 3408 καὶ⁵
2712 3352 3014 3424 εὐφροσύνη
3055 3353 3419 3424 καταλήψεται
3457 3352 3684 3416 αὐτούς’

2127 3446 2336 3518 ἀπέδρα
2377 3446 2534 3516 ὀδύνη
2583 3447 2677 3500 καὶ
2702 3444 2866 3516 λύπη,
2894 3446 2987 3498 καὶ
3027 3445 3388 3515 στεναγμόςοι
3423 3447 3509 3498 ὅτε
3555 3446 3680 3506 καὶ,

2129 3538 2325 3598 παντὸς
2372 3537 2538 3606 φόῦου
2583 3535 2738 3600 ἐκτὸς
2797 3536 3110 3608 γενόμενοι,
3163 3535 3341 3589 οὐκέτι
3393 3534 3682 3605 πολεμίους

2124 3629 2244 3682 οὐδὲ
2273 3628 2495 3702 ἐχθροὺς
2523 3627 2863 3699 φοϐήσονται.

2199 3781 2218 3814 ‹
2265 3763 2354 3814 Ἐν
2391 3779 2409 3814 ι
2444 3760 2550 3831 γὰρ
2587 3780 2606 3812 ¢
2638 3763 2704 3832 τῇ
2750 3761 3052 3832 ἐπουρανίῳ
3095 3759 3228 3815 Σιὼν
3275 3760 3484 3831 ἀπέδρα
3519 3758 3678 3830 ὀδύνη

2125 3855 2219 3908 καὶ
2254 3853 2419 3924 λύπη,
2471 3855 2565 3906 καὶ
2623 3853 2938 3924 στεναγμός.
2997 3853 3136 3922 Ἐγὼ
3177 3855 3311 3924 είμι,
3348 3852 3456 3921 ἐγώ
3485 3854 3620 3924 εἰμι,
3653 3855 3683 3906 6

2124 3943 2454 4015 παρακαλῶν
2491 3961 2571 3997 σε.
2605 3944 2776 3998 Γνῶθι
2825 3946 2908 4009 τίς
2948 3941 3102 4009 οὖσα,
3145 3944 3411 4017 ἐφοϐήθης
3451 3945 3557 3998 ἀπὸ
3588 3947 3683 3998 άν-

2125 4033 2341 4106 θρώπου
2389 4034 2605 4104 θνητοῦ,
2657 4037 2752 4089 καὶ
2799 4035 2908 4089 ἀπὸ
2951 4036 3066 4089 υίοῦ
3120 4035 3427 4108 ἀνθρώπου,
3473 4037 3520 4091 οἳ
3551 4037 3684 4090 ὡσεὶ

2121 4125 2312 4196 χόρτος
2343 4125 2732 4196 ὲξηράνθησαν.
2773 4144 2792 4176 ι
2833 4125 3002 4190 Αὐτὸς
3050 4127 3156 4198 γάρ
3199 4129 3346 4180 ἐστιν
3391 4130 3420 4181 ὁ
3464 4127 3684 4198 ίλασμδς

2121 4217 2297 4287 ἡμῶν,
2327 4217 2420 4270 καὶ
2443 4219 2470 4270 ὁ
2496 4217 2824 4288 παρακαλῶν
2849 4220 2974 4282 τοὺς
2996 4219 3296 4282 ταπεινούς.
3332 4220 3404 4273 Σὺ
3447 4219 3544 4290 μὲν
3575 4219 3682 4290 γὰρ

2122 4309 2445 4364 κατέίκὸνα
2472 4309 2733 4378 γενομένη
2775 4311 2903 4389 παρ’
2943 4309 3098 4380 ὲμοῦ,
3155 4311 3414 4382 μεγίστης
3453 4310 3681 4380 ἠξίωσαι

2121 4401 2307 4471 τιμῆς,
2329 4401 2405 4464 ὡς
2433 4400 2861 4472 παρακαλεῖσθαι
2895 4402 2985 4454 ὑπ’
3021 4402 3174 4472 ἐμοῦ·
3201 4403 3279 4456 διό
3303 4420 3461 4473 φημι,
3487 4423 3504 4452 ι
3542 4401 3682 4469 Ἐγὼ

460 4485 552 4548 qui
577 4485 826 4541 consolor
856 4497 960 4542 te.»
993 4487 1184 4558 lgtioro
1218 4499 1396 4543 autem
1427 4505 1534 4560 quo
1567 4499 1754 4558 pacto,
1788 4489 2017 4558 dignita-

2126 4492 2234 4560 ειμι
2265 4493 2292 4544 ὁ
2321 4491 2649 4561 παρακαλῶν
2682 4509 2760 4544 σε.
2806 4511 2824 4543 ι
2869 4493 2981 4546 Ούκ
3017 4489 3132 4546 οἶδα
3163 4493 3219 4546 δὲ
3257 4493 3404 4556 ὅπως
3433 4491 3680 4545 ἐπιλαθο-

458 4573 532 4627 tis
584 4575 866 4632 immemor
918 4589 1062 4644 tum,
1119 4579 1393 4634 formidini
1448 4591 1501 4636 et
1539 4581 1732 4635 terrori
1780 4583 2018 4652 subjecta

462 4663 650 4721 fueris.
689 4667 812 4722 llzec
843 4686 1006 4740 porro
1030 4673 1160 4725 dicit
1183 4675 1333 4742 quasi
1367 4673 1746 4728 formidolosus
1789 4683 1844 4726 et
1872 4673 2020 4727 inﬁr—

461 4759 684 4822 miores,
707 4763 798 4830 qui
842 4764 892 4816 in
937 4764 1176 4819 Ecclesia
1207 4777 1356 4831 sunt,
1387 4766 1666 4835 alloquens
1701 4783 1716 4819 :
1745 4781 1866 4818 nam
1898 4783 2020 4835 per-

455 4849 610 4918 fecti,
658 4865 712 4905 et
744 4855 836 4924 qui
885 4858 1128 4927 martyrii
1156 4873 1355 4913 corona
1403 4858 1649 4913 exornati
1704 4866 1869 4923 sunt,
1900 4860 2018 4928 ejus

455 4954 582 4999 sunt
620 4946 843 5016 gloriam
885 4949 1184 5005 consecuti.
1233 4951 1508 5021 Siquidem
1539 4969 1659 5008 cum
1705 4968 1803 5021 par
1831 4954 2018 5012 fuisset

457 5045 508 5090 te
537 5051 681 5093 metu
715 5047 769 5094 et
797 5042 1155 5096 commotione
1191 5058 1413 5098 vacuum
1443 5059 1682 5110 manere,
1713 5055 1898 5114 utpote
1925 5063 2018 5118 po-

453 5132 640 5198 pulum
665 5149 864 5201 meum,
895 5135 961 5188 ad
993 5135 1152 5190 ﬁnem
1186 5137 1556 5204 corruptibilis
1587 5137 1864 5190 hominum
1897 5140 2017 5194 \ita:

451 5223 868 5292 respicientem;
922 5238 1087 5296 atque
1137 5229 1354 5282 eosdem
1391 5229 1537 5297 ipsos
1565 5267 1580 5291 ,
1620 5243 1756 5297 quos
1788 5229 2016 5284 extime-

449 5319 641 5374 scebas
667 5359 683 5383 ,
725 5336 754 5375 a
785 5321 968 5377 futura
997 5323 1238 5393 pernicie
1270 5323 1537 5389 eximere;
1571 5331 1626 5376 tu
1660 5334 1872 5380 contra.
1897 5322 2015 5378 illos

451 5410 824 5482 reformidans,

520 5567 686 5622 Vens.
712 5569 798 5624 l3.
839 5588 858 5621 ι
916 5571 1130 5627 Oblitus
1164 5586 1221 5626 es
1252 5570 1375 5640 Dei,
1406 5571 1496 5642 qui
1548 5572 1674 5627 fecit
1699 5580 1772 5640 te,
1807 5589 1898 5643 qu.
1928 5574 2007 5629 fe-

451 5657 526 5709 cit
549 5658 760 5721 coelum,
795 5663 888 5730 qui
937 5662 1185 5717 fundavit
1219 5674 1416 5718 terram
1451 5683 1464 5719 :
1494 5675 1548 5720 et
1582 5665 1809 5721 timuisti
1861 5682 2001 5721 sem-

452 5762 551 5821 per
597 5751 844 5810 omnibus
888 5755 1076 5813 diebus
1123 5754 1316 5815 faciem
1366 5757 1458 5815 ira:
1507 5757 1815 5816 tribulantis
1867 5768 1937 5816 te.
1981 5778 1998 5813 ο

2123 4583 2258 4654 μένη
2282 4584 2382 4653 τῆς
2421 4583 2621 4653 σαυτῆς
2653 4584 2828 4649 ἀξίας,
2865 4585 3034 4656 δειλίᾳ
3075 4585 3321 4656 ὑπήχθης
3354 4586 3446 4639 καὶ
3484 4585 3681 4654 ὲφοὸή-

2119 4673 2237 4745 θης.
2267 4675 2428 4742 Λέγει
2451 4674 2506 4726 δὲ
2537 4674 2708 4728 ταῦτα
2751 4675 2826 4738 ὡς
2876 4675 3009 4745 πρὸς
3047 4675 3173 4738 τοὺς
3214 4674 3552 4744 δειλοτέρους
3585 4675 3679 4727 καὶ

2118 4764 2534 4835 ἀσθενεστέρους
2560 4765 2659 4835 τῆς
2719 4764 3071 4836 Ἑκκλησίαςο
3125 4766 3172 4817 οἱ
3213 4764 3323 4837 γάρ
3363 4763 3676 4816 τελειωθέν-

2115 4876 2228 4922 τες,
2258 4859 2351 4912 καὶ
2385 4861 2495 4921 τοῖς
2522 4860 2578 4911 ὲν
2609 4857 2885 4928 μαρτυρίῳ
2916 4856 3198 4927 στεφάνοις
3239 4853 3678 4925 κατακοσμηθένο

2115 4967 2226 5013 τες,
2253 4949 2438 5019 ἔτυχον
2475 4949 2574 5018 τῆς
2607 4947 2733 5019 παρ’
2763 4947 2922 5002 αὑτοῦ
2965 4946 3139 5015 δόξης.
3174 4946 3301 4999 Δέον
3332 4945 3440 5016 γὰρ
3479 4944 3676 5014 ἄφοϐόν

2119 5057 2179 5092 σε
2204 5041 2297 5093 καὶ
2321 5039 2588 5110 ἀτάραχον
2606 5038 2898 5108 διαμένειν,
2922 5038 2996 5101 ῶς
3016 5037 3079 5092 ἂν
3106 5036 3236 5107 ἐμὸν
3265 5037 3393 5090 ὅντα
3423 5034 3569 5099 λαὸν,
3596 5037 3677 5098 εἰς

2116 5131 2176 5185 τὸ
2200 5130 2348 5194 τέλος
2397 5131 2679 5202 ἀφορῶντα
2698 5131 2794 5200 τῆς
2822 5129 3063 5200 φθαρτῆς
3090 5129 3198 5182 τῶν
3235 5125 3534 5199 ἀνθρώπων
3575 5126 3676 5194 φύ-

2117 5237 2275 5285 σεως,
2306 5223 2398 5274 καὶ
2424 5220 2517 5274 τοῦ
2553 5221 2831 5291 μέλλοντος
2853 5220 3072 5292 ὀλέθρου
3097 5217 3434 5284 διαδέξασθαι
3454 5216 3674 5279 τούτους

2113 5311 2340 5373 αὐτοὺς,
2401 5309 2495 5374 οὓς
2551 5309 2847 5381 ἐφοϐήθηςο
2907 5310 2971 5386 συ
3029 5308 3086 5361 δὲ
3129 5307 3348 5372 τούτους
3399 5309 3496 5379 μὲν
3543 5308 3673 5376 ὲφοο

2114 5402 2309 5475 ὃὴθης,

2186 5598 2205 5630 ι
2246 5578 2534 5632 Ἐπελάθου
2565 5575 2622 5632 δὲ
2655 5578 2787 5632 Θεὸν
2818 5577 2907 5632 τὸν
2939 5577 3239 5651 ποιήσαντά
3275 5595 3354 5644 σε,
3391 5577 3482 5631 τὸν
3513 5577 3670 5647 ποιή-

2114 5686 2281 5722 σαντα
2311 5669 2401 5722 τὸν
2431 5669 2652 5741 οὐρανὸν
2694 5670 2786 5722 καλ⁸
2819 5668 3217 5738 θεμελιώσαντα
3257 5669 3355 5739 τὴν
3399 5666 3530 5738 γῆν·
3576 5666 3670 5720 καὶ

2114 5759 2304 5828 ἐφοϐοῦ
2331 5759 2414 5814 ἀεὶ
2448 5757 2625 5825 πάσας
2653 5759 2750 5824 τὰς
2776 5759 2988 5831 ἡμέρας
3030 5759 3089 5813 τὸ
3126 5759 3410 5831 πρόσωπον
3448 5755 3538 5812 τοῦ
3576 5755 3670 5809 θυ-
