4130 6424
422 355 529 412 M9

1400 345 1904 404 COMMENTARIA
1943 342 2010 402 ΙΝ
2049 346 2308 403 ιεΑιΑιι.
2347 379 2417 390 -
2449 346 2602 403 CAP.
2642 345 2727 402 LI.

3555 346 3660 404 J50

425 471 530 545 μοῦ
557 466 652 524 τοῦ
682 464 956 530 θλίὸοντός
979 483 1060 520 σε.
1103 483 1124 518 ι
1158 465 1250 518 Διὸ
1286 464 1381 519 καὶ
1419 467 1544 528 τοὺς
1574 463 1715 518 κατὰ
1745 465 1844 535 τῆς
1884 465 1997 518 Ἕκα

2108 463 2232 518 Ideo
2264 465 2331 518 ad
2387 463 2762 534 probationem
2805 461 3130 516 athletarum
3182 474 3425 518 meorum
3478 477 3663 532 perse-

420 563 655 633 κλησίας
686 562 786 631 τῆς
818 559 954 630 ὲμῆς
993 558 1268 627 διωγμοὺς
1317 559 1396 620 εἰς
1437 555 1666 628 δοκιμὴν
1707 555 1817 611 τῶν
1847 556 1995 628 ὲμῶν

419 652 674 725 ἀθλητῶν
703 651 905 721 ἀφίημι
939 650 1033 704 καὶ
1053 649 1318 719 συγχωρῶ
1345 647 1611 716 γίνεσθαι.

499 766 520 800 ι
565 749 663 800 Ὀν
691 745 891 816 τρόπον
926 743 1035 815 γὰρ
1073 742 1426 795 ἐϐουλεύσατο
1471 740 1573 794 τοῦ
1609 737 1738 813 ἇραί
1776 754 1855 805 σε,
1903 741 1996 795 καὶ

421 840 517 893 νῦν
551 838 656 893 ποῦ
687 838 716 889 ὁ
747 835 917 908 θυμὸς
945 835 1038 888 τοῦ
1066 833 1335 898 θλίϐοντός
1379 847 1472 898 σε;
1520 834 1607 886 Ἐν
1638 834 1746 902 γὰρ
1777 832 1853 902 τῷ
1888 832 1995 884 σώ-

421 931 608 999 ζεσθαί
639 948 722 994 σε,
751 931 812 982 ού
846 931 1118 1000 στήσεται,
1149 927 1267 980 οὐδὲ
1299 929 1521 997 χρονιεῖ·
1559 928 1639 979 ὅτι
1679 924 1788 993 ἐγὼ
1813 927 1842 978 ὁ
1864 924 1996 988 Θεός

423 1043 543 1087 σου,
575 1026 603 1077 6
623 1023 910 1093 ταράσσων
932 1021 1030 1090 τὴν
1056 1019 1349 1082 θάλασσαν,
1387 1007 1480 1071 καί
1511 1017 1656 1088 ἠχῶν
1688 1017 1756 1070 τὰ
1777 1017 1996 1087 κύματα

421 1118 612 1188 αὐτῆς,
635 1114 838 1184 Κύριος
875 1110 1097 1165 Σαϐαὼθ
1125 1111 1293 1182 ὄνομα
1331 1128 1439 1181 μοι.
1469 1111 1629 1182 Θήσω
1653 1113 1778 1174 τοὺς
1807 1109 1996 1178 λόγους

425 1226 528 1281 μου
558 1209 638 1271 εἰς
669 1206 730 1258 τὸ
751 1204 928 1275 στόμα
955 1221 1070 1264 σου,
1103 1203 1196 1256 καὶ
1227 1203 1329 1255 ὑπὸ
1350 1204 1446 1272 τὴν
1483 1203 1640 1256 σκιὰν
1669 1204 1768 1273 τῆς
1813 1201 1995 1272 χειρός

425 1319 527 1373 μου
562 1299 820 1352 σκεπὰσω
854 1313 933 1358 σε,
965 1298 1019 1349 ὲν
1118 1294 1320 1366 ἐστησα
1345 1295 1434 1347 τὸν
1473 1290 1696 1366 οὐρανὸν
1738 1289 1832 1347 καὶ
1880 1293 1998 1346 ὲθει

425 1392 665 1464 μελίωσα
694 1391 795 1462 τὴν
824 1391 946 1459 γῆν.
994 1407 1012 1440 ι
1064 1387 1150 1450 Ὡς
1183 1385 1249 1440 ἂν
1280 1387 1352 1457 μή
1385 1402 1438 1438 τι
1472 1386 1662 1448 πάθοις
1701 1385 1808 1438 τῶν
1841 1386 1996 1437 ι’ὲναν⁸

420 1484 552 1536 τίων
579 1480 684 1534 ὑπὸ
713 1479 822 1532 τῶν
846 1475 1240 1548 πολεμούντων,
1277 1476 1364 1529 ἵνα
1385 1476 1442 1528 δὲ
1473 1476 1549 1528 ἔτι
1574 1475 1768 1546 μᾶλλον
1796 1475 1996 1546 θαρσα-

421 1571 518 1626 λέα
555 1570 688 1641 γένῃ
721 1569 814 1622 καὶ
830 1567 1090 1638 ὰτρεμὴς,
1123 1565 1218 1618 καὶ
1249 1565 1515 1629 ἄπτωτος,
1553 1565 1806 1635 μάνθανε,
1840 1565 1914 1626 ὡς
1938 1564 1995 1616 ἐν

422 1664 615 1734 τῇὲμῇ
652 1660 815 1731 χειρὶ,
855 1661 910 1712 ὲν
942 1653 977 1730 ᾖ
1018 1657 1219 1726 ἕστησα
1259 1655 1349 1710 τὸν
1397 1657 1621 1728 οὐρανὸν
1668 1657 1762 1710 καὶ
1802 1657 1994 1726 ἐθεμε-

422 1753 592 1806 λίωσα
621 1753 721 1822 τὴν
751 1751 875 1821 γῆν,
905 1749 1000 1802 καὶ
1028 1748 1119 1802 τὸν
1146 1748 1206 1800 σύ
1217 1765 1436 1819 μπαντα
1462 1748 1660 1818 κόσμον
1695 1749 1759 1800 ὲκ
1792 1745 1886 1799 τοῦ
1920 1747 1992 1817 μὴ

418 1845 573 1908 ῦντος
597 1845 678 1905 εἰς
710 1842 771 1894 τὸ
803 1838 940 1895 εἷναι
971 1842 1309 1912 παρήγαγον,
1341 1841 1398 1893 ὲν
1424 1839 1593 1910 ταύτῃ
1621 1838 1913 1892 σκεπάσειν
1935 1853 1993 1888 σε

423 1935 849 2006 ἐπαγγέλλομαι.
887 1934 950 1987 Τί
971 1931 1062 1986 οῦν
1095 1932 1199 2003 χρὴ
1239 1932 1476 2002 ἀγωνιᾷν
1515 1932 1548 2001 ἦ
1583 1929 1862 2000 φοϐεῖσθαι
1904 1928 1997 1998 φό-

419 2029 515 2082 ϐον
560 2025 916 2096 ἀνθρώπινον,
969 2024 1085 2078 δέον
1133 2024 1452 2095 ὑποτρέχειν
1487 2023 1583 2094 τὴν
1635 2022 1772 2093 ἐμὴν
1819 2023 1994 2088 σκιὰν,

428 2121 562 2192 μηδὲ
587 2119 888 2189 ἀναχωρεῖν
915 2117 1103 2186 αὐτῆς,
1147 2115 1283 2169 ἀλλὰ
1335 2115 1429 2168 καὶ
1479 2115 1605 2177 τοὺς
1653 2113 1842 2182 λόγους
1895 2130 1996 2184 μου

428 2215 653 2269 πάντοτε
676 2211 860 2282 φέρειν
883 2209 969 2262 διὰ
994 2209 1255 2279 στόματος
1278 2225 1292 2274 ;

507 2325 525 2358 ι
557 2305 666 2358 Καὶ
693 2305 808 2373 ὲρεῖ
837 2301 996 2366 Σιὼν,
1025 2301 1165 2364 Λαός
1192 2317 1292 2372 μου
1315 2293 1364 2352 εἴ
1397 2298 1480 2352 σύ.
1525 2296 1829 2369 Ἑξεγείρου
1859 2338 1874 2362 ,
1912 2299 1998 2364 ἐξ-

436 2397 662 2468 εγείρου,
698 2394 983 2466 ἀνάστηθι,
1021 2392 1396 2464 Ἰερουσαλὴμ,
1431 2394 1466 2462 ἡ
1492 2390 1689 2444 πιοῦσα
1713 2392 1777 2444 ὲκ
1817 2391 1998 2462 χειρὸς

433 2490 633 2562 Κυρίου
672 2489 732 2542 τὸ
756 2489 1014 2560 ποτήριον
1055 2485 1148 2539 τοῦ
1188 2484 1359 2556 θυμοῦ
1391 2483 1582 2537 αὑτοῦ·
1631 2483 1691 2537 τὸ
1740 2485 1997 2554 ποτήριον

428 2584 535 2654 γὰρ
565 2582 661 2652 τῆς
699 2580 974 2645 πτώσεως,
1008 2579 1069 2632 τὸ
1105 2579 1257 2632 κόνδυ
1298 2576 1389 2630 τοῦ
1437 2574 1607 2647 θυμοῦ
1649 2575 1858 2639 ἐξέπιες
1903 2573 1998 2628 καὶ

423 2673 780 2739 ὲξεκὲνωσας.
809 2692 829 2726 ι
861 2673 1044 2726 Ἔοικε
1076 2670 1359 2742 σημαίνειν
1386 2669 1474 2722 διὰ
1498 2667 1699 2720 τούτων
1716 2666 1813 2737 τὴν
1838 2665 1998 2735 ἐσχά-

422 2784 522 2838 την
555 2766 726 2835 αὐτῆς
758 2763 984 2831 πτῶσιν,
1015 2765 1081 2835 ἣν
1113 2761 1348 2816 πέπονθε
1384 2759 1521 2832 μετὰ
1560 2759 1630 2811 τὰ
1659 2756 1998 2829 τολμηθέντα

417 2861 482 2912 ἐν
516 2861 651 2930 αὐτῇ
676 2857 816 2912 κατὰ
839 2856 933 2910 τοῦ
959 2856 1208 2927 Σωτῆρος
1242 2853 1397 2926 ἡμῶν
1417 2871 1430 2883 ·
1463 2853 1541 2905 διὸ
1576 2851 1670 2905 καὶ
1702 2851 1801 2920 τῆς
1830 2849 1997 2921 όργῆς

422 2951 516 3004 τοῦ
544 2951 680 3006 Θεοῦ
713 2949 997 3021 ἐπειράθη.
1023 2946 1269 3019 Χρηστὸς
1300 2945 1355 2997 δὲ
1385 2944 1459 2997 ὢν
1503 2945 1531 2996 6
1573 2943 1728 3011 λόγος
1753 2941 1845 2996 καὶ
1879 2941 1998 3010 φιλ-

419 3044 744 3116 ἅνθρωπος,
811 3041 906 3094 καὶ
929 3038 944 3054 ’
972 3040 1047 3112 μὴ
1118 3037 1434 3108 βουλόμενος
1480 3036 1571 3088 τὸν
1624 3035 1850 3088 θάνατον
1900 3033 1993 3087 τοῦ
2033 3032 2043 3038 ’

2101 557 2345 612 cutiones
2407 568 2594 613 contra
2657 554 2956 611 Ecclesiam
3020 569 3197 609 meam
3255 554 3483 609 excitari
3531 570 3661 624 per-

2098 649 2274 702 mitto.

2167 739 2334 794 Vens.
2370 741 2458 805 Η,
2493 741 2580 796 l6.
2616 759 2632 791 ι
2671 739 2823 794 Sicut
2854 737 2998 792 enim
3031 739 3288 808 cogitavit
3331 739 3519 794 tollere
3571 749 3661 803 te,

2095 840 2146 885 et
2179 848 2319 887 nunc
2343 833 2426 886 ubi
2455 842 2536 887 est
2563 831 2713 886 furor
2736 830 3043 886 tribulantis
3064 833 3147 886 te?
3169 831 3300 886 Cum
3321 833 3466 886 enim
3486 833 3665 885 salva-

2097 924 2265 988 beris,
2299 940 2405 978 non
2439 925 2643 992 stabit,
2671 938 2843 992 neque
2867 923 2954 977 diu
2984 925 3316 992 permanebit
3349 942 3363 978 :
3400 928 3524 994 quia
3561 939 3664 991 ego

2097 1018 2239 1071 Deus
2275 1029 2416 1080 tuus,
2450 1019 2540 1086 qui
2586 1017 2850 1071 conturbo
2884 1032 3053 1081 mare,
3079 1027 3131 1069 et
3177 1031 3370 1071 sonare
3397 1015 3537 1070 facio
3565 1014 3665 1067 (in-

2097 1119 2215 1162 ctus
2243 1109 2359 1178 ejus
2393 1149 2408 1174 ,
2440 1109 2696 1164 Dominus
2749 1109 2987 1163 Sabaoth
3031 1123 3222 1162 nomen
3256 1110 3410 1162 mihi.
3462 1108 3661 1162 Ponant

2095 1203 2258 1257 verba
2292 1217 2408 1255 mea
2463 1203 2515 1256 in
2549 1217 2646 1256 ore
2677 1210 2769 1254 tuo
2792 1239 2807 1264 ,
2841 1209 2897 1254 et
2928 1200 3028 1254 sub
3057 1200 3245 1253 umbra
3281 1215 3476 1254 manus
3529 1215 3664 1254 mea:

2095 1303 2370 1362 protegam
2412 1304 2481 1356 te,
2520 1294 2574 1347 in
2605 1309 2707 1362 qua
2739 1294 2903 1348 statui
2932 1293 3126 1347 caelum
3154 1333 3168 1356 ,
3202 1303 3256 1346 et
3287 1291 3504 1346 fundavi
3557 1302 3665 1345 ter-

2096 1399 2232 1437 ram.
2270 1402 2288 1435 ι
2329 1383 2405 1438 ΝΘ
2437 1385 2567 1452 quid
2599 1385 2810 1438 adversi
2841 1385 3062 1454 patiaris
3091 1385 3158 1438 ab
3188 1385 3616 1454 oppugnantibus
3643 1423 3661 1452 ,

2097 1478 2204 1530 imo
2233 1486 2291 1530 ut
2321 1478 2697 1542 cunﬁdenlior,
2723 1478 3084 1546 imperterrita
3113 1488 3168 1531 et
3200 1477 3518 1531 inconcussa
3546 1493 3665 1544 per-

2097 1580 2240 1632 Slus,
2279 1571 2457 1624 discas
2495 1585 2578 1624 me
2613 1586 2773 1622 manu
2811 1584 2924 1622 mea
2954 1610 2970 1634 ,
3003 1583 3107 1636 qua
3158 1569 3320 1620 statui
3362 1569 3555 1620 ('aalum
3611 1578 3664 1624 et

2097 1663 2313 1718 fundavi
2350 1675 2549 1718 terram
2583 1699 2599 1728 ,
2649 1673 2701 1717 et
2733 1663 3044 1718 universum
3089 1663 3343 1714 mundum
3378 1675 3444 1714 ex
3493 1662 3662 1718 nihilo

2097 1756 2160 1808 ad
2199 1755 2568 1810 exsistentiam
2600 1757 2851 1824 produxi,
2877 1767 2928 1810 te
2958 1762 3326 1822 protecturum
3355 1768 3474 1808 esse
3509 1756 3664 1823 polli-

2097 1847 2228 1901 ceri.
2265 1847 2401 1913 Quid
2433 1862 2562 1918 ergo
2614 1847 2830 1916 aligeris
2859 1885 2874 1910 ,
2911 1855 3004 1900 aut
3051 1847 3326 1901 hominum
3379 1847 3667 1905 formidine

2097 1941 2397 2008 occuparis,
2427 1957 2549 1994 cum
2592 1942 2658 1994 ad
2690 1941 2934 1994 umbram
2974 1956 3147 1994 meam
3181 1940 3474 2011 confugere
3497 1981 3512 2006 ,
3566 1958 3667 1998 nec

2098 2033 2166 2086 ab
2197 2047 2260 2085 ea
2289 2034 2540 2088 recedere
2565 2043 2834 2102 oporteat,
2853 2044 3016 2103 atque
3044 2047 3324 2088 sermones
3357 2049 3505 2090 meos
3527 2050 3664 2090 sem-

2099 2139 2195 2195 per
2227 2125 2277 2178 in
2312 2140 2407 2179 ore
2434 2126 2576 2180 ferre
2601 2140 2737 2194 opus
2763 2126 2832 2179 sit
2858 2125 2882 2178 ?

2167 2300 2330 2355 Vens.
2378 2301 2462 2355 l7.
2497 2320 2515 2352 ι
2553 2301 2618 2356 Et
2652 2303 2795 2357 dicet
2847 2303 3000 2365 Sion.
3043 2301 3276 2374 Populus
3305 2323 3455 2362 meus
3492 2323 3551 2364 es
3579 2319 3658 2368 ttt.

2099 2393 2374 2459 Excitare,
2404 2395 2664 2461 excitare,
2689 2411 2942 2465 exsurge,
2977 2397 3298 2463 Jerusalem,
3327 2413 3447 2468 qure
3475 2402 3658 2456 bibisti

2097 2486 2163 2540 de
2181 2485 2589 2540 manu~Domini
2621 2487 2842 2541 calicem
2870 2488 3068 2542 furoris
3090 2489 3204 2556 ejus
3236 2511 3246 2544 :
3273 2490 3492 2545 calicem
3513 2493 3660 2546 enim

2099 2578 2268 2630 nime
2295 2617 2310 2641 ,
2344 2587 2400 2632 et
2442 2579 2689 2647 poculum
2736 2579 2935 2635 furoris
2967 2579 3083 2647 ejus
3110 2582 3324 2636 ebibisti
3355 2592 3410 2638 et
3435 2599 3664 2639 evacua-

2097 2670 2188 2724 Sti.
2224 2688 2243 2723 ι
2277 2670 2603 2766 llisvidetur
2631 2671 2940 2740 significare
2961 2685 3259 2728 estremam
3289 2673 3404 2742 ejus
3425 2675 3657 2738 ruinam,

2097 2777 2257 2831 quam
2305 2762 2426 2832 post
2476 2771 2781 2832 perpetrata
2829 2762 3028 2816 ibidem
3082 2772 3274 2818 contra
3323 2763 3658 2820 Salvatorem

2098 2863 2337 2909 nostrum
2371 2854 2608 2910 facinora
2646 2869 2896 2925 perpessa
2925 2865 3010 2909 cst
3038 2874 3051 2908 :
3080 2871 3250 2924 quare
3288 2855 3422 2909 iram
3457 2857 3546 2909 Dei
3567 2871 3662 2909 ex-

2097 2954 2244 3015 perta
2271 2953 2369 3001 est.
2393 2945 2524 3001 Cum
2541 2953 2716 3000 autem
2739 2947 2825 3002 hic
2843 2961 3019 3001 sermo
3040 2946 3149 3017 (40)
3172 2949 3577 3002 mansuetudine
3608 2959 3666 3003 et

2097 3037 2434 3092 humanitate
2475 3037 2668 3108 plenus
2713 3038 2821 3103 sit,
2865 3053 3040 3108 neque
3085 3040 3211 3095 velit
3260 3039 3402 3095 Deus
3434 3051 3661 3096 mortem

424 3133 772 3207 ἁμαρτωλοῦ,
817 3132 892 3196 ὼς
914 3132 1012 3202 τὴν
1049 3130 1335 3202 μετάνοιαν
1376 3129 1560 3193 αὐτοῦ,
1614 3128 1864 3200 παραινεῖ
1901 3125 1997 3178 αὐ-

2099 3131 2394 3200 peccatoris
2419 3170 2432 3192 ,
2468 3131 2610 3186 sicut
2660 3131 3033 3201 paenitentiam
3067 3131 3204 3199 ejus,
3238 3133 3484 3186 hortatur
3518 3133 3664 3202 ipsos

423 3229 538 3290 τοῖς
562 3226 807 3280 σπεύδειν
839 3226 918 3287 εἰς
956 3222 1264 3295 μετάνοιαν,
1295 3223 1625 3293 ὑπογράφων
1669 3219 1880 3288 ἀγαθὰς
1911 3217 1997 3272 ὲλ-

423 3316 585 3380 πίδας
607 3319 655 3370 εί
683 3316 1082 3388 μετανοήσειεν.
1129 3314 1336 3368 Οὐκοῦν
1385 3313 1737 3384 Ἰερουσαλήμ
1774 3312 1921 3364 ἐστιν
1958 3311 1993 3382 ἠ

425 3409 628 3464 πιοῦσα
655 3409 716 3462 τὸ
750 3408 1005 3480 ποτήριον
1036 3406 1134 3477 τῆς
1156 3406 1344 3478 ὀργῆς.
1383 3406 1493 3459 Καὶ
1526 3403 1674 3457 ἔστιν
1704 3401 1863 3474 ἑτέρα
1901 3401 1998 3455 Ἰε-

429 3499 731 3570 ρουσαλὴμ,
774 3499 902 3570 περὶ
933 3492 1000 3570 ἦς
1028 3495 1097 3550 τὰ
1129 3495 1360 3567 μάλιστα
1398 3495 1661 3558 θεσπίζει.
1714 3493 1910 3564 Διόπερ
1935 3493 1996 3545 οὐ

424 3592 535 3665 χρὴ
570 3590 903 3661 συγχεῖσθαι,
950 3589 1069 3642 οὐδὲ
1101 3587 1339 3660 νομίζειν
1385 3588 1512 3658 περὶ
1563 3587 1659 3657 τῆς
1706 3586 1877 3658 αὐτῆς
1913 3583 1999 3637 λέ-

425 3684 640 3753 γεσθαι,
671 3683 789 3737 οὐδὲ
814 3683 1047 3740 ἐναντία.
1085 3681 1149 3735 Ἦ
1185 3681 1284 3752 μὲν
1325 3679 1431 3752 γάρ
1474 3681 1619 3733 ἐστιν
1657 3679 1714 3731 ὲν
1759 3677 1995 3750 οὐρανῷ,

422 3772 496 3848 ἦς
525 3776 618 3830 καὶ
649 3774 952 3846 βασιλεύειν
979 3773 1195 3842 λέγεται
1223 3772 1251 3824 ό
1282 3771 1434 3836 Θεὸς,
1463 3767 1530 3844 ἧς
1557 3769 1665 3823 οὒτ’
1704 3768 1840 3840 ὀργὴ
1876 3767 1997 3823 οὔτε

426 3865 602 3936 θυμὸς
648 3866 902 3920 ἅπτεται·
949 3862 1158 3934 ἀπέδρα
1200 3860 1309 3932 γὰρ
1353 3859 1514 3929 ὀδύνη
1559 3858 1655 3911 καὶ
1701 3857 1864 3928 λύπη,
1903 3859 2000 3913 καὶ

428 3954 733 4025 στεναγμὸς
764 3953 822 4022 ἐξ
864 3953 1060 4024 αὐτῆς
1092 3954 1125 4021 ή
1155 3950 1212 4004 δέ
1255 3952 1372 4003 ἐστι
1404 3947 1714 4002 συνεστῶσα
1761 3949 1853 4000 ἐπὶ
1897 3949 2000 4020 γῆς

424 4045 524 4098 τοῦ
553 4041 688 4096 Θεοῦ
713 4044 886 4107 πόλις,
917 4043 984 4096 δι’
1025 4038 1092 4116 ἦς
1125 4041 1514 4110 ἀπεδείκνυμεν
1549 4040 1906 4110 σημαίνεσθαι
1937 4041 1999 4094 τὸ

428 4134 680 4197 θεοσεϐὲς
718 4135 774 4188 ὲν
808 4133 1116 4206 ἀνθρώποις
1173 4133 1501 4204 πολίτευμαο
1547 4132 1710 4202 ἑτέρα
1740 4131 1796 4184 δὲ
1849 4135 2000 4205 παρὰ

425 4225 635 4289 ταύτας
665 4225 782 4278 ἐστὶ
814 4228 846 4297 ή
883 4225 974 4278 τοῦ
1011 4224 1181 4296 θυμοῦ
1204 4224 1296 4278 τοῦ
1327 4225 1461 4279 Θεοῦ
1499 4225 1876 4297 πεπειραμένη
1912 4226 1999 4282 διὰ

425 4319 529 4391 τῆς
551 4319 658 4372 τῶν
686 4319 985 4390 οἰκητόρων
1019 4317 1378 4390 παρανομίας.

506 4429 526 4462 ι
564 4412 674 4463 Καὶ
707 4412 805 4464 οὐκ
847 4406 915 4482 ἦν
953 4410 982 4462 6
1015 4411 1348 4482 παρακαλῶν
1382 4429 1439 4464 σε
1480 4411 1589 4466 ἁπδ
1633 4414 1847 4466 πάντων
1891 4413 1998 4466 τῶν

2100 3233 2159 3278 ιιι
2209 3225 2277 3278 ad
2348 3222 2716 3292 paenitentiam
2781 3223 3044 3293 agendam
3112 3232 3417 3290 maturent,
3468 3225 3663 3280 lmnam

2099 3315 2229 3386 ipsis
2255 3331 2426 3386 spem,
2456 3316 2499 3370 si
2530 3315 2878 3384 resipiscam.
2919 3314 3224 3370 ascribeus.
3265 3313 3462 3385 Itaque
3509 3312 3667 3371 Jeru-

2099 3407 2263 3463 salem
2293 3416 2397 3471 est,
2423 3422 2543 3476 quae
2575 3407 2798 3461 calicem
2828 3407 2922 3460 irae
2949 3405 3136 3461 ebibit.
3167 3407 3370 3476 Estque
3395 3423 3528 3462 sane
3554 3408 3661 3464 alia

2097 3497 2421 3566 Jerusalem,
2449 3499 2516 3554 de
2542 3513 2646 3567 qua
2679 3496 2990 3567 frequenter
3023 3499 3372 3553 vaticinatur.
3411 3501 3663 3570 Quaproo

2098 3601 2219 3662 pter
2247 3607 2351 3647 non
2387 3599 2602 3662 oportet
2649 3605 2743 3646 eas
2795 3589 3151 3645 commiscere
3192 3600 3246 3645 et
3296 3591 3666 3659 confundere,

2099 3698 2269 3753 neque
2293 3696 2486 3752 putare
2509 3682 2576 3736 de
2599 3681 2787 3736 eadem
2821 3681 3098 3735 contraria
3126 3681 3376 3748 proferri.
3405 3679 3538 3735 Nam
3556 3683 3664 3738 alia

2097 3775 2152 3829 in
2180 3775 2319 3830 cmlo
2350 3783 2455 3840 est,
2487 3775 2538 3828 in
2569 3787 2672 3843 qua
2705 3786 2937 3842 regnare
2979 3772 3178 3827 dicitur
3211 3772 3371 3836 Deus,
3397 3783 3452 3826 et
3474 3775 3665 3826 adi-er.

2099 3883 2190 3923 sus
2221 3883 2380 3936 quam
2417 3881 2515 3943 nec
2538 3865 2617 3919 ira
2653 3879 2752 3919 nec
2782 3865 2933 3918 furor
2956 3864 3304 3932 accenditur;
3335 3864 3403 3918 ab
3423 3879 3482 3916 ea
3511 3881 3662 3918 nam-

2098 3974 2202 4029 que
2224 3959 2396 4024 dolor,
2422 3973 2623 4014 mceror
2664 3971 2728 4012 ac
2768 3956 3002 4027 gemitus
3047 3956 3350 4023 abscessit;
3387 3955 3490 4010 alia
3530 3972 3662 4012 vero

2099 4051 2288 4108 civitas
2321 4051 2412 4105 Dei
2445 4051 2498 4106 in
2528 4057 2673 4104 terra
2710 4041 3014 4104 consistens
3043 4058 3159 4111 est,
3190 4063 3351 4118 quam
3381 4048 3661 4119 significa-

2100 4158 2158 4200 re
2205 4145 2437 4198 diximus
2464 4143 2775 4213 religiosum
2805 4141 2944 4210 apud
2979 4142 3224 4196 homines
3267 4140 3478 4193 vivendi
3513 4141 3663 4194 insti-

2102 4247 2271 4290 tutum
2297 4254 2312 4302 ;
2348 4246 2544 4304 praeter
2575 4235 2736 4290 hasce
2762 4248 2888 4288 vero
2910 4233 3011 4285 alia
3041 4241 3146 4299 cst,
3165 4232 3298 4286 iram
3321 4231 3410 4285 Dei
3438 4239 3660 4300 experta

2099 4329 2167 4382 ob
2195 4329 2392 4382 civium
2427 4343 2644 4382 suorum
2679 4327 3043 4394 iniquitatem.
3677 4389 3679 4397 ι

2178 4419 2338 4476 Vens.
2371 4421 2459 4485 l8,
2510 4420 2592 4474 t9.
2635 4438 2652 4471 ι
2697 4419 2760 4474 Et
2789 4426 3036 4475 mutarat
3068 4415 3156 4488 qui
3190 4415 3559 4470 consolaretur
3609 4424 3661 4469 te

424 4503 632 4559 τέκνων
667 4521 780 4568 σου,
823 4496 897 4556 ὧν
931 4502 1147 4564 ἔτεκες·
1183 4502 1277 4554 καὶ
1321 4503 1418 4556 οὐκ
1461 4497 1530 4574 ἦν
1553 4505 1582 4555 6
1610 4501 1997 4573 ἀντιλαμὸανό-

2105 4527 2168 4566 ex
2203 4513 2454 4566 omnibus
2482 4511 2606 4566 filiis
2634 4513 2758 4575 tuis,
2795 4527 2931 4582 quos
2961 4511 3213 4580 peperisti
3250 4529 3262 4565 :
3292 4520 3345 4565 et
3395 4503 3499 4565 non
3545 4519 3664 4566 erat

430 4613 591 4668 μενος
620 4597 718 4668 τῆς
743 4594 922 4667 χειρός
939 4611 1053 4657 σου,
1075 4594 1196 4647 οὐδὲ
1219 4595 1326 4650 ἀπὸ
1342 4595 1556 4649 πάντων
1584 4594 1691 4649 τῶν
1721 4595 1850 4648 υἱῶν
1880 4613 1996 4661 σου,

425 4684 502 4745 ὧν
532 4690 773 4761 ῦψωσας.
814 4687 905 4741 Διὸ
936 4687 1106 4741 ταῦτα
1156 4687 1505 4759 ἀντικείμενα
1544 4703 1658 4741 σοι·
1694 4688 1776 4750 τίς
1809 4687 1999 4740 συλλυ-

429 4781 734 4855 πηθήσεταί
788 4796 903 4846 σοι;
953 4780 1162 4851 Πτῶμα
1194 4782 1289 4834 καὶ
1333 4780 1662 4854 σύντριμμα,
1706 4780 1862 4851 λιμὸς
1904 4781 1998 4833 καὶ

431 4875 706 4948 μάχαιραο
740 4873 824 4938 τίς
853 4872 1218 4946 παρακαλέσει
1247 4890 1305 4926 σε
1330 4890 1346 4940 ;
1383 4894 1402 4925 ι
1439 4875 1589 4927 Πίνει
1616 4875 1674 4928 δέ
1703 4892 1787 4937 τις
1808 4872 1869 4926 τὸ
1900 4891 1997 4926 πο-

425 4969 614 5040 τήριον
645 4966 819 5038 θυμοῦ
845 4967 937 5019 καὶ
966 4965 1242 5028 πτώσεως,
1268 4966 1362 5018 καὶ
1403 4965 1570 5018 πίνων
1593 4963 1997 5036 ἐκστραγγίζει,

428 5061 517 5115 ὅτε
542 5061 722 5125 πάσας
752 5059 1042 5130 ὑφίσταται
1073 5057 1173 5122 τὰς
1205 5056 1472 5128 τιμωρίας
1506 5056 1722 5120 καὶτὰς
1753 5055 1998 5118 κολάσεις

427 5153 526 5217 τὰς
549 5153 894 5225 ἐπαγομένας
933 5153 1070 5225 ὑπὲρ
1105 5145 1178 5205 ὧν
1212 5150 1448 5223 ἔπραξεν
1482 5150 1863 5220 ἁτοπημάτων.
1911 5147 1998 5210 Ὡς

427 5246 484 5300 δὲ
513 5247 709 5320 ἰατρῶν
737 5247 924 5309 παῖδες
951 5248 1062 5309 τοῖς
1089 5241 1413 5315 καχεκτοῦσι
1463 5241 1662 5312 πικρὰς
1693 5238 1998 5312 προσάγου-

428 5353 515 5394 σιν
536 5340 852 5403 ἀντιδόσεις,
874 5339 1015 5410 ὑπὲρ
1037 5336 1130 5391 τοῦ
1149 5334 1382 5407 καθᾶραι
1420 5332 1517 5404 τὴν
1564 5333 1622 5386 ἐν
1663 5330 1740 5402 τῷ
1787 5328 1997 5399 σώματι

428 5433 796 5505 προκειμένην
828 5431 1096 5486 κάκωσιν·
1132 5428 1278 5482 οὕτω
1313 5429 1407 5481 καὶ
1447 5427 1575 5499 περὶ
1613 5425 1705 5480 τοῦ
1731 5423 1864 5479 Θεοῦ
1909 5423 1994 5478 λέ-

428 5523 634 5590 λεκται,
663 5543 682 5576 ι
708 5525 977 5596 Ποτήριον
998 5524 1056 5578 ἐν
1090 5521 1232 5594 χειρὶ⁸
1259 5521 1484 5594 Κυρίου,
1515 5519 1658 5574 οἴνου
1683 5518 1942 5591 ἀκράτου,
1966 5539 1984 5570 ι

506 5606 552 5654 ὅσ
587 5619 733 5677 Psal.
771 5635 952 5683 Lxxtv,
980 5619 1035 5674 9-

2104 4605 2195 4673 qui
2247 4604 2672 4674 apprehenderet
2706 4619 2923 4657 manum
2972 4613 3158 4667 tuam,
3196 4618 3262 4657 ne
3293 4617 3358 4657 ex
3411 4605 3664 4661 omnibus

2103 4695 2318 4766 quidem
2355 4696 2478 4748 filiis
2501 4696 2606 4749 tuis
2631 4733 2644 4757 ,
2678 4710 2812 4763 quos
2841 4695 3112 4749 exaltasti.
3154 4694 3335 4760 Quare
3363 4696 3479 4751 haec
3523 4714 3661 4753 con-

2105 4788 2267 4842 traria
2302 4787 2397 4841 tibi
2445 4800 2461 4840 :
2506 4787 2627 4856 quis
2657 4797 2830 4842 tecum
2868 4787 3332 4842 contristabitur?
3385 4787 3558 4843 Ruina
3607 4800 3662 4846 et

2104 4878 2378 4945 contritio,
2412 4878 2582 4931 fames
2606 4884 2660 4932 et
2693 4878 2934 4948 gladius;
2970 4880 3090 4950 quis
3118 4880 3483 4936 consolabitur
3511 4883 3606 4936 te?
3634 4903 3655 4936 ι

2105 4971 2236 5025 Tum
2262 4973 2383 5040 quis
2410 4970 2636 5026 calicem
2691 4971 2784 5026 ira:
2812 4982 2867 5026 et
2900 4973 3068 5026 ruina:
3107 4973 3305 5041 ebibit,
3354 4989 3418 5028 ac
3471 4975 3663 5029 bibens

2103 5065 2354 5134 guttatim
2395 5063 2600 5128 haurit,
2630 5077 2750 5118 cum
2791 5065 2968 5118 omnia
3001 5065 3259 5134 supplicia
3285 5104 3301 5130 ,
3327 5079 3514 5118 omnes
3547 5065 3664 5119 illa-

2104 5157 2472 5211 toscruciatus
2499 5157 2727 5211 sustinet
2755 5172 2852 5227 pro
2871 5157 3161 5211 sceleribus
3182 5156 3448 5211 admissis.
3465 5155 3666 5221 Quem-

2101 5249 2385 5302 admodum
2416 5263 2544 5304 vero
2573 5249 2766 5305 medici
2819 5249 2959 5305 male
2990 5249 3314 5304 habentibus
3353 5249 3546 5302 acerba
3576 5264 3665 5301 rv-

2103 5339 2275 5393 media
2318 5337 2592 5406 offerunt,
2639 5349 2698 5394 ιιι
2742 5341 3126 5410 malignitatem
3157 5341 3209 5394 in
3239 5353 3462 5408 corpore
3513 5339 3662 5392 exsi-

2099 5440 2330 5486 stentem
2359 5442 2677 5503 expurgant,
2706 5433 2775 5488 ita
2799 5443 2854 5488 et
2884 5433 2952 5487 de
2985 5433 3090 5487 Deo
3110 5432 3326 5496 dicitur,
3373 5449 3392 5483 ι
3415 5430 3564 5486 Calix
3602 5431 3656 5485 in

2099 5541 2258 5582 manu
2291 5528 2521 5596 Domini,
2547 5528 2654 5584 vini
2678 5529 2810 5584 meri
2830 5529 2896 5595 ”,
2933 5545 2953 5580 ι
2977 5537 3258 5582 etcmtcra.
3291 5525 3506 5581 Atenim
3541 5526 3661 5581 ani-

501 5715 611 5785 (40)
628 5715 907 5800 Fortem:
927 5707 1136 5800 Graeca,
1157 5715 1447 5800 λόγοςφηο
1463 5713 1597 5770 Filio
1620 5714 1712 5800 Dei
1744 5717 1991 5800 aptiusm

2098 5726 2281 5800 retur,
2315 5717 2579 5800 sia-itidem
2606 5715 2692 5772 ille
2727 5714 2884 5783 λόγος
2906 5714 3104 5770 dicitur
3130 5713 3206 5786 μὴ
3226 5711 3543 5786 βουλόμενος
3568 5708 3658 5765 τὸν

431 5784 655 5840 θάνατον
667 5785 761 5839 τοῦ
782 5784 1125 5859 ἀμαρτωλοῦ,
1147 5787 1288 5856 quod
1310 5784 1374 5840 de
1399 5785 1530 5853 Deo,
1551 5801 1654 5841 non
1679 5789 1742 5843 de
1769 5784 1997 5856 Scripta:

2098 5791 2178 5844 léci
2206 5792 2361 5845 solet.
2390 5787 2548 5842 Εοιτ.
