4130 6394
460 319 566 377 451

1113 321 1388 379 EUSEBII
1425 323 1906 383 CESARIENSIS
1942 326 2095 387 OPP.
2134 329 2316 388 PARS
2353 331 2439 386 111.
2479 361 2550 374 --
2586 330 2999 391 EXEGETICA.

3598 335 3705 393 452

463 452 676 494 marum
719 435 810 493 ille
846 436 1132 505 medicus,
1181 435 1386 491 morbis
1433 438 1628 493 animae
1677 441 2002 498 insidentibu

2106 445 2228 504 καὶ
2268 445 2334 498 τὰ
2379 444 2526 517 ἑξῆς.
2573 447 2874 517 Ἀναλόγως
2911 464 3020 519 γαρ
3057 448 3169 511 τοῖς
3214 444 3595 520 ὑποκειμένοις
3635 455 3704 524 τῇ

462 541 823 602 congruentes
853 529 1258 599 castigationes,
1294 530 1447 598 quasi
1477 532 1771 599 quamdam
1811 535 2024 590 antido-

461 635 578 679 tum
609 624 674 678 ad
710 622 969 678 medelam
999 631 1056 678 et
1079 622 1456 692 purgationem
1479 626 1762 694 praesentis
1801 626 2027 682 inﬁrmi-

458 718 611 780 tatis,
641 715 867 786 profert.
1743 723 1753 734 '

535 808 696 863 Vens.
725 806 812 860 20.
851 823 870 858 ι
921 805 1042 861 Filii
1086 809 1162 860 tui
1198 806 1541 878 indigentes,
1591 809 1919 867 dormientes
1970 812 2022 866 in

458 902 709 970 compitis
755 901 995 954 omnium
1047 899 1296 965 viarum,
1332 901 1475 956 sicut
1520 902 1644 956 beta
1693 904 2021 970 semicocta,

457 995 604 1064 pleni
655 993 839 1048 furore
891 993 1147 1058 Domini,
1207 993 1525 1049 deficientes
1585 1010 1682 1062 per
1739 996 2022 1050 Dominum

459 1086 647 1140 Deum.
698 1105 718 1138 ι
759 1085 1067 1141 Secundum
1119 1087 1357 1156 reliquos
1389 1089 1716 1159 interpretes
1753 1106 1854 1158 pro
1888 1091 1982 1146 illo
2006 1132 2022 1158 ,

458 1196 481 1231 ι
525 1180 666 1234 sicut
715 1179 839 1234 beta
867 1180 1192 1245 semicocta,
1233 1199 1253 1233 ι
1288 1181 1368 1237 sic
1423 1182 1638 1253 legitur,
1697 1201 1716 1236 ι
1768 1193 2022 1254 tanquam

449 1287 589 1343 oryx
617 1273 879 1326 irretitus.
917 1291 938 1323 ι
979 1272 1124 1343 Oryx
1153 1281 1332 1327 autem
1369 1283 1452 1329 est
1483 1277 1598 1330 avis
1627 1276 1706 1329 sic
1737 1277 2022 1344 appellata,

447 1370 538 1419 eui
577 1366 716 1421 ﬁlios
744 1365 1043 1421 Jerusalem
1075 1375 1374 1436 comparat,
1404 1367 1610 1422 retibus
1642 1366 1842 1422 diaboli
1883 1368 2024 1423 irre-

450 1459 580 1515 titos
606 1477 621 1514 :
649 1461 1000 1530 quamobrem
1037 1460 1130 1514 ira:
1162 1459 1344 1514 traditi
1377 1469 1523 1515 sunt.

524 1641 684 1698 Vens.
713 1642 806 1703 2-1.
829 1642 922 1698 22.
951 1663 970 1696 ι
993 1643 1282 1711 Propterea
1311 1642 1456 1707 audi,
1483 1643 1762 1700 lntmiliata
1779 1653 1833 1701 et
1849 1645 2021 1715 ebria,

446 1747 560 1787 non
589 1734 714 1788 vino
750 1751 765 1788 :
815 1734 896 1789 sic
926 1734 1058 1788 dicit
1091 1734 1352 1789 Dominus
1389 1734 1549 1800 Deus,
1579 1737 1668 1806 qui
1694 1735 1899 1804 judicat
1922 1751 2019 1808 po-

2125 535 2268 608 ψυχῇ
2317 537 2546 592 πάθεσιν
2595 540 2624 592 ὁ
2664 541 2772 594 τῶν
2818 541 3008 612 ψυχῶν
3059 541 3242 613 ἰατρὸς
3290 543 3388 606 τὰς
3431 545 3707 616 τιμωρίας

2125 627 2260 698 αὐτῇ
2285 630 2568 699 προσάγει,
2611 630 2798 704 ὥσπερ
2833 632 2985 696 τινὰς
3025 634 3331 698 ἀντιδότους
3381 635 3707 708 θεραπευτι-

2125 718 2227 782 κάς
2253 721 2345 774 ἐπὶ
2379 722 2641 794 καθάρσει
2661 726 2762 796 τῆς
2795 726 3163 798 προκειμένης
3195 727 3414 793 κακίας.

2201 830 2220 864 r
2257 815 2319 867 Οἱ
2357 815 2460 868 υἱοί
2496 834 2588 869 σου
2629 817 2678 870 oi
2722 818 3103 890 ἀπορούμενοι,
3141 821 3191 873 οἱ
3226 820 3576 886 καθεύδοντες
3613 824 3704 876 ἐπ’

2125 903 2291 978 ἄκρου
2320 907 2500 980 πάσης
2526 906 2726 975 ἐξόδου,
2766 910 2842 974 ὡς
2879 911 3118 965 σεύτλιον
3161 912 3446 983 ήμίεφθον,
3486 914 3534 965 oi
3573 912 3705 984 πλή-

2126 1013 2241 1066 ρεις
2301 998 2473 1070 θυμοῦ
2518 1003 2757 1073 Κυρίου,
2820 1004 3163 1074 ἐκλελυμένοι
3217 1005 3304 1060 διὰ
3356 1007 3560 1077 Κυρίου
3605 1009 3699 1060 τοῦ

2124 1092 2278 1146 Θεοῦ.
2328 1111 2346 1144 ι
2391 1094 2547 1148 Κατὰ
2590 1097 2714 1160 τοὺς
2761 1096 2981 1160 λοιποὺς
3025 1097 3366 1168 ἑρμηνευτάς
3413 1099 3534 1152 ἀντὶ
3579 1100 3700 1168 τοῦ,

2130 1203 2148 1236 ι
2190 1186 2266 1250 ὡς
2295 1187 2536 1242 σεύτλιον
2569 1189 2853 1260 ἡμίεφθον,
2895 1209 2914 1243 ›
2945 1219 3017 1231 -
3053 1210 3070 1242 ι
3114 1192 3188 1255 ώς
3218 1190 3368 1262 δρυξ,
3409 1209 3428 1242 ι
3461 1192 3698 1264 εἴρηται,

2129 1295 2149 1328 ι
2185 1279 2784 1353 ἡμφιϐληστρευμένος.
2823 1301 2841 1334 ι
2877 1284 3098 1352 Ὀρνεον
3124 1284 3179 1336 δέ
3209 1285 3354 1336 ἐστιν
3377 1284 3528 1356 δρυξ,
3555 1285 3701 1340 οὕτω

2124 1370 2474 1442 καλούμενον,
2499 1368 2542 1442 ᾧ
2568 1375 2902 1447 παραϐάλλει
2936 1376 3060 1439 τοὺς
3093 1377 3242 1440 υἱοὺς
3278 1377 3377 1447 τῆς
3429 1377 3701 1449 Ἰερουσα-

2123 1459 2253 1534 λὴμ,
2281 1465 2681 1540 ἀμφιϐλήστρῳ
2711 1467 2803 1522 τοῦ
2837 1468 3082 1522 διαϐόλου
3120 1469 3545 1543 περιϐληθέντας
3564 1486 3578 1500 ⁸
3617 1470 3699 1524 διδ

2123 1553 2218 1606 καὶ
2249 1554 2325 1625 τῷ
2354 1555 2510 1628 θυμῷ
2540 1559 2932 1631 παρεδόθησαν.

2201 1664 2220 1697 ι
2261 1648 2359 1702 Διά
2393 1649 2538 1703 τοῦτ’
2583 1651 2769 1715 ἄκουε,
2820 1653 3259 1726 τεταπεινωμένη
3297 1673 3392 1710 και
3423 1655 3699 1727 μεθύουσα

2121 1736 2221 1790 οὐκ
2252 1739 2358 1793 ἀπὸ
2385 1741 2526 1795 οἴνου
2545 1757 2558 1773 °
2583 1743 2720 1797 οὕτω
2735 1744 2881 1814 λέγει
2897 1746 3097 1818 Κύριος
3117 1750 3145 1802 ό
3161 1749 3292 1813 Θεὸς
3318 1751 3347 1803 ό
3376 1751 3576 1821 κρίνων
3599 1749 3696 1804 τὸν

448 1822 632 1892 pulum
677 1837 839 1878 suum
875 1841 889 1878 :
923 1823 1062 1879 Ecce
1113 1826 1296 1894 accepi
1333 1825 1400 1880 de
1454 1841 1616 1880 manu
1650 1835 1740 1881 tua
1787 1827 2004 1883 calicem

2115 1829 2239 1883 λαὸν
2275 1833 2459 1887 αὑτοῦ·
2501 1854 2521 1886 ι
2563 1836 2692 1891 Ἰδοὺ
2721 1808 2919 1909 εἴληφα
2953 1808 3018 1893 ὲκ
3055 1808 3155 1912 τῆς
3181 1808 3362 1913 χειρός
3395 1808 3488 1896 σου
3517 1841 3579 1896 τδ
3604 1859 3698 1896 πο-

449 1914 642 1980 ruinze,
670 1914 920 1985 poculum
964 1918 1057 1970 irae
1085 1930 1248 1976 mete,
1281 1929 1380 1970 nee
1409 1916 1630 1987 adjicies
1663 1917 1801 1972 ultra
1831 1919 2018 1975 bibere

446 2005 600 2060 illud.
655 2023 681 2057 ο
731 2004 1114 2075 Hierosolyma:
1154 2005 1436 2076 pollicetur
1482 2007 1792 2064 ablaturum
1839 2024 1898 2065 se
1947 2012 2016 2067 ab

442 2109 507 2151 ea
564 2110 686 2150 esse
745 2095 969 2150 calicem
1023 2094 1261 2162 furoris;
1313 2097 1357 2152 si
1407 2107 1586 2152 tamen
1642 2099 2014 2169 paenitentiam

443 2199 588 2262 agat.
616 2188 746 2245 Illud
768 2189 910 2246 enim
935 2231 951 2257 ,
978 2207 996 2240 ι
1028 2188 1166 2244 Ecce
1201 2189 1318 2255 tuli,
1362 2208 1381 2242 ι
1419 2191 1620 2246 dicitur
1641 2206 1742 2262 pro
1762 2233 1779 2260 ,
1815 2211 1834 2245 ι
1871 2194 2017 2250 acci-

442 2284 607 2355 piam.
639 2302 663 2335 ο

511 2375 678 2432 Vens.
711 2376 805 2431 2'5.
841 2393 861 2426 ι
887 2365 956 2428 Et
977 2375 1116 2429 dabo
1152 2373 1280 2429 illud
1307 2373 1361 2429 in
1387 2389 1580 2430 manus
1605 2389 1816 2442 eorum,
1844 2377 1936 2448 qui
1963 2386 2014 2434 te

440 2469 734 2530 laeserunt,
783 2473 837 2521 et
887 2465 1339 2531 humiliavcrunt;
1376 2467 1465 2534 qui
1518 2466 1774 2520 dixerunt
1818 2467 2014 2523 animze

444 2571 547 2613 tua:
579 2574 594 2613 :
624 2556 891 2612 inclinare
913 2597 930 2622 ,
955 2563 1013 2610 ut
1036 2566 1418 2626 praetereamus
1448 2575 1461 2610 :
1495 2566 1549 2612 et
1577 2557 1802 2626 posuisti
1827 2573 2014 2628 aequa-

440 2653 510 2705 lia
565 2660 721 2706 terra:
751 2648 923 2703 media
961 2658 1052 2701 tua
1082 2647 1212 2702 foris
1245 2648 1676 2703 transeuntibus.
1731 2667 1768 2738 i.
1800 2649 2010 2705 Verisi-

443 2743 568 2796 mile
611 2756 773 2811 porro
817 2751 925 2802 est,
957 2739 1072 2794 base
1102 2739 1265 2793 etiam
1289 2740 1355 2795 de
1382 2741 1707 2795 adversariis
1731 2745 2012 2811 potestati-

439 2836 544 2890 bus
571 2832 910 2904 pronuntiari
940 2871 955 2893 ,
977 2831 1180 2901 quibus
1217 2845 1275 2886 se
1331 2831 1550 2900 subjieit
1595 2833 1775 2889 omnis
1805 2837 2004 2902 ;anima

440 2940 560 2996 quae
589 2939 619 2978 a
653 2925 760 2980 Deo
787 2923 1097 2994 transfugit.
1126 2923 1259 2978 Nam
1285 2939 1404 2993 quae
1449 2924 1516 2978 ad
1551 2925 1716 2980 Deum
1753 2930 1961 2984 accedit
1991 2971 2008 2995 ,

438 3027 625 3073 erecta
659 3028 743 3072 est
773 3025 830 3072 et
849 3031 1063 3071 sursum
1089 3014 1388 3085 aspicit,ad
1413 3015 1697 3086 ipsumque
1725 3019 2004 3074 elevatur:

2114 1924 2301 1996 τήριον
2333 1927 2432 1999 τῆς
2465 1928 2742 1995 πτώσεως,
2767 1930 2828 1984 τδ
2857 1932 3015 1986 κόνδυ
3037 1933 3130 1988 τοῦ
3152 1933 3324 2006 θυμοῦ
3355 1952 3478 2006 μου,
3507 1936 3603 1988 καὶ
3629 1934 3694 1988 οὐ

2117 2018 2398 2094 προσθήσῃ
2424 2021 2504 2075 ἔτι
2537 2024 2682 2076 πιεῖν
2709 2023 2860 2078 αὑτό.
2887 2042 2906 2078 ι
2953 2025 3374 2095 Ἐπαγγέλλεται
3391 2027 3449 2080 δὲ
3481 2029 3550 2098 τῇ
3596 2026 3696 2079 Ἱε-

2119 2109 2396 2182 ρουσαλὴμ
2424 2113 2452 2165 ό
2480 2112 2635 2182 λόγος
2665 2114 2928 2186 λήψεσθαι
2957 2119 3049 2170 ἀπ’
3086 2119 3254 2191 αὐτῆς
3295 2123 3550 2194 ποτήριον
3594 2119 3693 2176 τοῦ

2115 2200 2307 2274 θυμοῦ,
2352 2206 2400 2257 εί
2435 2209 2804 2280 μετανοήσειε.
2850 2209 2924 2263 Τὸ
2957 2209 3086 2283 γὰρ,
3129 2229 3148 2262 t
3170 2211 3298 2266 ’ἰδοὺ
3335 2207 3464 2286 ἦρα,
3513 2232 3534 2267 ι
3570 2214 3693 2269 ἀντὶ

2111 2295 2227 2363 τοῦ,
2258 2314 2279 2348 ι
2315 2296 2577 2370 λήψομαι,
2621 2318 2640 2352 ›
2673 2301 2908 2373 εἴρηται.

2188 2407 2206 2440 ι
2248 2389 2359 2442 Καὶ
2379 2390 2534 2445 δώσω
2560 2391 2688 2446 αὐτὸ
2717 2396 2797 2458 είς
2830 2393 2928 2460 τὰς
2963 2397 3154 2467 χεῖρας
3180 2399 3286 2452 τῶν
3314 2399 3691 2471 ἀδικησάντων

2113 2496 2171 2533 σε
2212 2483 2304 2536 καὶ
2331 2482 2438 2537 τῶν
2465 2488 2914 2542 ταπεινωσάντων
2943 2506 3022 2552 σε,
3050 2491 3099 2543 οἳ
3129 2487 3287 2546 εἶπαν
3310 2495 3375 2564 τῇ
3395 2492 3539 2566 ψυχῇ
3571 2508 3690 2548 σου⁶

2110 2573 2316 2645 Κῦψον,
2373 2577 2462 2632 ἴνα
2523 2579 2902 2652 παρέλθωμεν·
2958 2582 3050 2636 καὶ
3105 2583 3308 2656 ἔθηκας
3360 2587 3453 2640 ἴσα
3503 2590 3566 2659 τῇ
3613 2591 3684 2660 γῇ

2109 2667 2177 2718 τὰ
2213 2664 2354 2737 μέσα
2392 2687 2483 2722 σου
2511 2669 2616 2734 ἔξω
2649 2674 2762 2735 τοῖς
2791 2677 3350 2746 παραπορευομένας.
3385 2696 3403 2728 ι
3439 2680 3597 2744 Εἰκὸς
3625 2681 3682 2735 δὲ

2108 2755 2282 2810 ταῦτα
2327 2757 2578 2828 λέγεσθαι
2635 2762 2728 2816 καὶ
2768 2766 2895 2836 περὶ
2942 2767 3331 2839 ἀντικειμένων
3381 2771 3678 2844 δυνάμεων,

2108 2845 2196 2914 αἷς
2235 2850 2528 2907 ὑποτάσσει
2571 2855 2768 2926 ἑαυτὴν
2823 2860 2974 2913 πᾶσα
3013 2860 3158 2932 ψυχὴ
3193 2864 3224 2933 ἡ
3255 2862 3350 2916 τοῦ
3381 2864 3516 2920 Θεοῦ
3547 2867 3685 2922 ἀπο-

2110 2945 2300 2996 στᾶσα.
2344 2945 2408 2998 Ἠ
2437 2947 2534 3015 μὲν
2560 2947 2668 3019 γὰρ
2703 2950 2781 3020 τῷ
2826 2950 2945 3022 Θεῷ
2990 2954 3290 3022 προσιοῦσα
3337 2956 3516 3028 δρθιός
3563 2959 3681 3015 ἐστι

2107 3037 2202 3089 καὶ
2226 3038 2337 3091 ἀνω
2366 3037 2654 3107 βλέπουσα,
2688 3044 2782 3095 καὶ
2823 3043 2958 3114 πρὸς
2993 3046 3155 3100 αὐτὸν
3196 3049 3478 3122 ἐπηρμένη
3500 3067 3515 3081 °
3554 3053 3587 3124 ή
3621 3054 3680 3108 δὲ

440 3127 563 3186 qua}
590 3125 720 3166 vero
753 3124 872 3166 sese
917 3108 1166 3179 malignis
1216 3108 1551 3166 damonibus
1597 3110 1880 3186 adiungit,
1939 3115 2004 3172 iis

2110 3131 2391 3200 συνάψασα
2417 3133 2612 3204 ἑαυτὴν
2638 3108 3161 3208 δαίμοσι-πονηροῖς,
3195 3108 3405 3205 τούτοις
3435 3108 3678 3214 δηλονότι

439 3208 628 3278 utique
661 3205 968 3275 subjicitur.

1034 3295 1263 3354 CAPUT
1297 3297 1404 3354 LII.

505 3391 673 3448 Vitas.
699 3393 750 3446 1.
781 3410 800 3443 ι
825 3389 1078 3446 Excitare
1102 3430 1118 3455 ,
1149 3391 1410 3459 excitare,
1443 3389 1572 3445 Sion
1603 3407 1618 3444 :
1651 3390 1871 3445 induere
1903 3390 2007 3445 for-

437 3487 668 3543 titudine
692 3494 805 3548 tua,
827 3483 960 3538 Sion
994 3501 1008 3536 :
1044 3493 1099 3536 et
1124 3493 1178 3537 tu
1200 3481 1422 3537 induere
1451 3481 1622 3553 gloria
1652 3490 1765 3546 tua,
1791 3479 2005 3562 Jerusa-

436 3579 537 3632 lem
563 3597 576 3633 :
610 3577 802 3631 civitas
831 3583 1040 3631 sancta.
1072 3573 1186 3630 Non
1225 3574 1364 3628 ultra
1395 3574 1611 3644 adjiciet
1650 3575 1895 3642 transire;
1908 3589 2004 3644 per

435 3683 490 3727 te
512 3668 926 3726 incircumcisus
955 3676 1009 3723 et
1039 3667 1387 3722 immundus.‘
1414 3685 1433 3719 ι
1469 3667 1660 3721 Anima
1683 3667 1885 3736 quippe
1913 3682 2002 3719 ra-

431 3763 651 3819 tionalis
685 3763 974 3816 maximam
1004 3761 1110 3814 vim
1146 3768 1202 3815 et
1250 3758 1623 3814 fortitudinem
1655 3797 1671 3824 ,
1724 3773 2001 3829 magnam-

428 3871 536 3926 que
562 3854 786 3925 gloriam
819 3853 998 3920 habet,
1034 3861 1220 3922 utpote
1240 3867 1360 3921 quae
1384 3852 1680 3907 secundum
1709 3850 1997 3920 imaginem

431 3949 526 4003 Dei
561 3948 696 4001 facta
720 3947 790 3999 sit
815 3965 828 4000 :
852 3961 1013 4015 quam
1045 3959 1342 4008 resumere,
1371 3954 1426 3998 et
1453 3945 1730 3998 civitatem
1753 3953 1995 3998 sanctam

430 4038 574 4103 ﬁeri,
607 4039 843 4106 expetit;
881 4046 940 4091 ut
976 4051 1082 4090 non
1113 4035 1253 4090 ultra
1281 4051 1376 4106 per
1409 4051 1527 4090 eam
1559 4046 1798 4090 transeat
1835 4036 1996 4091 incir-

430 4131 700 4186 cumcisus
732 4139 786 4184 et
831 4129 1162 4183 immundus.
1197 4128 1302 4183 Per
1335 4128 1775 4184 incircumcisum
1829 4128 1995 4198 igitur

2106 3221 2200 3275 καὶ
2229 3222 2607 3282 ὑποτέτακται.

2613 3317 3007 3375 ΚΕΦΑΛΑΙΟΝ
3043 3322 3168 3377 NB'.

2177 3418 2197 3454 ι
2243 3403 2565 3476 Ἐξεγείρου,
2595 3405 2890 3479 ὲξεγείρου,
2923 3409 3059 3463 Σιών
3083 3428 3098 3441 ·
3143 3411 3356 3470 ἔνδυσαι
3385 3417 3487 3488 τὴν
3521 3419 3678 3491 ἰσχύν

2104 3509 2218 3562 σου,
2250 3496 2386 3548 Σιών
2405 3513 2420 3528 ·
2447 3501 2542 3552 καὶ
2569 3499 2632 3552 σὺ
2667 3499 2880 3553 ἔνδυσαι
2903 3502 3002 3573 τὴν
3027 3501 3183 3570 δόξαν
3224 3523 3336 3571 σου,
3400 3508 3672 3581 Ἰερουσα-

2099 3583 2231 3657 λὴμ,
2254 3587 2405 3651 πόλις
2429 3591 2462 3659 ὴ
2489 3589 2640 3658 ἁγία.
2661 3591 2858 3645 Οὐκέτι
2884 3595 3307 3668 προστεθήσεται
3329 3598 3555 3656 διελθεῖν
3577 3602 3668 3656 διά

2101 3677 2195 3731 σοῦ
2235 3680 2607 3751 ἀπερίτμητος
2645 3683 2739 3736 καὶ
2773 3683 3098 3756 ἀκάθαρτος.
3145 3706 3164 3740 ι
3204 3689 3353 3760 Ἔχει
3394 3692 3503 3764 γάρ
3543 3709 3666 3746 τινα

2101 3770 2363 3841 μεγίστην
2386 3770 2611 3843 δύναμιν
2634 3775 2728 3828 καὶ
2766 3777 2916 3846 ἰσχὺν
2948 3780 2981 3850 ή
3014 3781 3201 3851 λογικὴ
3229 3781 3410 3854 ψυχὴ,
3452 3785 3549 3839 καὶ
3577 3786 3666 3839 δό-

2097 3861 2194 3928 ξαν
2215 3862 2326 3933 ἔχει
2354 3864 2616 3936 μεγάλην,
2645 3867 2738 3921 ἆτε
2767 3870 2886 3923 κατ’
2917 3872 3101 3926 εἰκόνα
3136 3869 3230 3927 τοῦ
3269 3874 3402 3928 Θεοῦ
3435 3894 3669 3950 πεποιη-

2100 3953 2255 4023 μένη,
2295 3956 2391 4008 καὶ
2419 3957 2778 4012 ἐπαναλαϐεῖν
2807 3961 2976 4034 αὐτὴν
3005 3960 3250 4033 βούλεται
3289 3967 3385 4020 καὶ
3426 3969 3670 4035 γενέσθαι

2095 4043 2249 4096 πόλιν
2282 4044 2442 4113 ἁγίαν
2461 4062 2475 4076 ·
2511 4046 2586 4110 ὡς
2611 4050 2807 4118 μηκέτι
2837 4051 3130 4106 διαϐαίνειν
3167 4054 3234 4108 δι’
3275 4056 3446 4128 αὐτῆς
3477 4060 3669 4132 ἀπερί-

2093 4149 2316 4204 τμητον,
2338 4136 2473 4206 μηδὲ
2492 4136 2816 4212 ἀκάθαρτον.
2856 4143 2952 4196 Διὰ
2987 4143 3084 4214 μὲν
3115 4141 3208 4200 οὖν
3235 4147 3330 4202 τοῦ
3359 4150 3667 4224 ἀπεριτμή-

428 4222 783 4292 alienigenam
814 4229 870 4275 et
891 4229 1208 4275 extraneum
1234 4220 1538 4289 signiﬁcat;
1578 4236 1673 4292 per
1719 4221 1990 4292 impurum

2106 4242 2183 4278 me
2216 4225 2305 4280 τὸν
2329 4228 2623 4300 ἀλλόφυλον
2649 4235 2741 4286 καὶ
2778 4234 3032 4308 άλλογενῆ
3059 4241 3328 4310 σημαίνει,
3358 4242 3447 4296 διὰ
3479 4244 3536 4298 δὲ
3565 4220 3664 4298 τοῦ

425 4325 628 4376 autem,
657 4313 1012 4369 idulolatram.

498 4451 660 4506 Vens.
687 4450 743 4504 2.
794 4467 812 4499 ι
845 4449 1049 4504 Excute
1091 4449 1364 4520 pulverem
1389 4489 1406 4514 ,
1437 4459 1491 4505 et
1525 4464 1757 4520 exsurge
1788 4467 1804 4503 :
1841 4452 1986 4515 sede,

424 4542 766 4608 Jerusalem,
813 4543 964 4597 solve
1011 4543 1224 4598 vincula
1277 4543 1399 4598 colli
1449 4543 1566 4609 tui,
1623 4543 1834 4612 captiva
1875 4543 1983 4597 filia

425 4637 577 4693 Sion.
635 4654 655 4688 ι
708 4637 836 4689 Nam
871 4652 1033 4705 penes
1057 4637 1200 4691 illam
1227 4647 1369 4700 erat,
1402 4637 1698 4706 pulverem,
1733 4651 1839 4706 quo
1877 4638 1984 4692 cir-

419 4743 764 4798 ctttnquaque
795 4743 1037 4796 respersa
1085 4739 1225 4794 erat,
1263 4731 1572 4799 abstergere
1597 4768 1611 4791 ,
1660 4738 1714 4784 et
1761 4745 1790 4783 a
1828 4730 1981 4784 ruina

2091 4319 2422 4393 ἀκαθάρτου,
2455 4324 2547 4375 τὸν
2579 4325 2991 4400 είδωλολάτρην.

2169 4475 2187 4508 ι
2237 4457 2540 4524 Ἐκτίναξαι
2594 4460 2684 4514 τὸν
2720 4463 2867 4534 χοῦν,
2917 4467 3010 4520 καὶ
3075 4468 3370 4540 ἀνάστηθι*
3416 4471 3658 4534 κάθισον,

2103 4550 2474 4623 Ἰερουσαλὴμ,
2509 4551 2725 4608 ἔκδυσαι
2755 4557 2844 4609 τὸν
2871 4557 3067 4630 δεσμὸν
3099 4560 3190 4613 τοῦ
3231 4561 3503 4632 τραχήλου
3544 4581 3658 4627 σου,

2089 4643 2122 4712 ὴ
2154 4642 2496 4712 αἰχμάλωτος
2527 4643 2771 4718 θυγάτηρ
2794 4649 2948 4703 Σιών.
2999 4670 3017 4704 ι
3065 4653 3183 4704 Ἐπ’
3207 4653 3342 4725 αὐτῇ
3373 4652 3570 4727 γὰρῆν
3599 4657 3660 4710 τὸ

2089 4731 2492 4802 ἀποτρίψασθαι
2538 4735 2626 4789 τὸν
2672 4739 3105 4809 περιπλασθέντα
3157 4743 3293 4816 αὐτῇ
3345 4745 3504 4815 χοῦν,
3559 4749 3656 4800 καὶ

419 4838 539 4891 qua:
565 4821 663 4875 sibi
712 4822 1048 4888 contigerat,
1071 4837 1346 4893 emergere
1368 4862 1384 4888 ,
1421 4824 1801 4891 vinculumque
1843 4821 1982 4876 collo

2106 4823 2431 4894 ῑιαναστῆναι
2462 4825 2558 4895 τῆς
2586 4827 2965 4903 ὲπισυμϐάσης
2990 4834 3124 4904 αὐτῇ
3162 4834 3441 4900 πτώσεως,
3479 4839 3656 4892 καὶτὸ

419 4931 518 4984 suo
537 4914 844 4984 impositum
877 4914 1117 4978 solvere;
1147 4930 1251 4982 quo
1277 4931 1376 4970 ceu
1406 4916 1598 4984 laqueo
1631 4917 1867 4969 animam
1892 4930 1985 4968 ca-

419 5008 562 5062 tenis
622 5015 970 5077 peccatorum
1027 5008 1386 5079 alligaverant
1447 5009 1773 5064 adversariae
1829 5018 1982 5078 pote-

416 5110 606 5154 states.

489 5235 647 5293 Vens.
677 5238 732 5301 3,
765 5237 818 5293 4.
853 5256 870 5289 ι
905 5237 1170 5306 Quoniam
1200 5237 1316 5292 haec
1342 5236 1471 5292 dicit
1503 5236 1762 5292 Dominus
1790 5255 1806 5293 :
1839 5236 1979 5294 Gra-

414 5328 484 5384 tis
523 5331 828 5385 venumdati
880 5332 1013 5386 estis
1038 5368 1054 5393 ,
1104 5339 1159 5384 et
1212 5331 1330 5383 sine
1360 5338 1583 5399 argento
1616 5331 1974 5384 redimemini.

2087 4915 2313 5002 έκλῦσαι
2339 4915 2428 4969 τὸν
2455 4919 2771 4975 ἐπιτεθέντα
2812 4922 2948 4995 αὐτῇ
2980 4925 3174 4997 δεσμὸν
3215 4927 3310 4981 τοῦ
3349 4930 3616 5002 τραχήλου
3636 4947 3652 4962 ·

2085 5000 2130 5076 ᾧ
2156 5009 2253 5080 τὴν
2276 5008 2452 5082 ψυχὴν
2478 5011 2665 5086 ὥσπερ
2693 5013 2870 5087 βρόχῳ
2903 5018 3204 5089 κατέδησαν
3234 5026 3440 5095 σειραῖς
3477 5000 3656 5096 ἀμαρ-

2079 5103 2210 5158 τιῶν
2243 5107 2298 5158 αἱ
2323 5107 2688 5180 ἀντικείμεναι
2718 5111 2990 5183 δυνάμεις.

2152 5258 2172 5292 ι
2212 5242 2333 5296 Ὅτι
2358 5245 2483 5298 τάδε
2511 5245 2656 5314 λέγει
2690 5245 2912 5317 Κύριος·
2950 5249 3165 5318 Δωρεάν
3212 5251 3509 5322 ἐπράθητε,
3557 5250 3654 5305 καὶ

2075 5329 2136 5382 οὐ
2167 5333 2305 5401 μετά
2348 5335 2610 5406 ἀργυρίου
2650 5337 3080 5408 λυτρωθήσεσθε.
3126 5337 3312 5405 Οὕτως
3357 5342 3504 5411 λέγει
3537 5343 3653 5396 Κύ-

411 5421 504 5475 Sic
531 5423 662 5477 dicit
691 5423 983 5478 Dominus:
1021 5424 1074 5476 In
1110 5421 1401 5493 Egyptum
1439 5423 1716 5476 descendit
1750 5422 1976 5490 populus

2106 5441 2191 5487 to;
2209 5443 2222 5455 °
2249 5426 2344 5490 Εἰς
2381 5428 2648 5496 Αἴγυπτον
2683 5429 2883 5500 κατέϐη
2911 5432 2938 5482 ό
2966 5431 3092 5495 λαός
3132 5450 3234 5502 μου
3273 5435 3334 5488 τὸ
3363 5435 3645 5508 πρότερον,

411 5529 562 5568 mens
589 5517 751 5584 prius,
791 5525 846 5570 ut
877 5517 1146 5571 habitaret
1176 5516 1246 5569 ibi
1272 5557 1288 5580 ,
1319 5525 1372 5569 et
1401 5516 1453 5569 in
1486 5516 1735 5584 Assyrios
1764 5515 1971 5568 violen-

2078 5519 2407 5588 παροικῆσαι
2438 5521 2571 5583 ἐκεῖ,
2606 5522 2695 5574 καὶ
2732 5521 2812 5583 εἰς
2858 5522 3169 5594 Ἀσσυρίους
3202 5525 3292 5596 βία
3325 5527 3585 5599 ἤχθησαν.
3621 5547 3643 5580 ι

412 5617 495 5659 ter
535 5607 638 5660 acti
686 5619 829 5661 sunt.
868 5628 886 5661 ι
922 5608 1033 5662 Non
1084 5609 1228 5662 enim
1269 5623 1527 5678 corporea
1564 5608 1846 5677 captivitas
1879 5608 1967 5662 illa

2106 5612 2150 5662 lvi
2184 5612 2290 5682 γὰρ
2320 5608 2387 5682 ἦν
2430 5613 2710 5683 σωματικὴ
2745 5612 2882 5683 αῦτη
2912 5615 3277 5685 αἰχμαλωσία,
3315 5619 3400 5670 ἵνα
3439 5618 3528 5672 διὰ
3555 5618 3647 5672 λύε

410 5704 546 5757 erat,
575 5706 632 5747 ut
658 5712 914 5764 corporeo
934 5701 1104 5767 pretio
1135 5701 1434 5755 libertatem
1460 5701 1967 5768 obtinerent,quan-

2074 5721 2218 5774 τρων
2252 5707 2575 5776 σωματικῶν
2607 5709 2809 5779 τύχωσι
2839 5709 2939 5779 τῆς
2970 5710 3298 5782 ἐλευθερίας,
3335 5712 3522 5782 ἐπειδὴ
3544 5713 3645 5776 τὰς

407 5789 693 5857 doquidcm
726 5792 898 5858 quoad
925 5794 1132 5849 animas
1161 5795 1359 5850 venditi
1394 5804 1568 5850 erant.
1605 5793 1962 5862 Quamobrem

2106 5795 2248 5866 νυχάς
2271 5792 2409 5868 ἦσαν
2444 5799 2804 5870 πεπραμένοι.
2844 5802 2943 5855 Διὰ
2973 5803 3132 5858 τοῦτο
3169 5803 3269 5858 οὐκ
3303 5805 3359 5858 ὲν
3395 5804 3643 5875 ἀργυρίῳ
