4130 6396
300 326 427 383 853

1292 320 1786 377 COMMENTARIA
1824 318 1899 376 ΙΝ
1936 319 2194 377 ISAIAM.
2231 351 2299 363 -—
2336 317 2489 377 CAP.
2530 319 2637 374 LII.

3460 315 3568 379 454

297 436 651 511 λυτροῦσθαι
687 435 931 508 ἔμελλον,
966 434 1100 489 ἀλλά
1141 432 1381 503 δηλονότι
1421 433 1515 487 τοῦ
1556 432 1792 506 Χριστοῦ
1824 432 1901 504 τῷ

2005 448 2107 486 non
2147 441 2370 501 argento
2398 430 2697 487 redimendi
2729 435 2922 494 erant,
2969 427 3066 484 sed
3104 425 3302 484 Christi
3330 429 3569 498 pretioso

299 532 494 602 τιμίῳ
526 531 736 599 αἵματι.

392 642 414 672 ι
444 622 557 674 Καὶ
582 620 675 674 νῦν
699 619 750 673 τί
780 621 900 673 ἐστε
938 612 1069 683 ῶδες
1115 620 1252 673 Τάδε
1294 618 1440 686 λέγει
1499 616 1733 689 Κύριος·
1780 619 1899 672 Ὀτι

304 711 536 782 ἐλήφθη
564 714 593 764 ὁ
615 710 743 774 λαός
769 728 869 781 μου
897 710 1124 781 δωρεὰν,
1149 710 1454 780 θαυμάζετε
1476 710 1573 762 καὶ
1598 707 1895 772 ὀλολύξετε.

304 804 468 857 Τάδε
503 802 650 871 λέγει
698 802 934 873 Κύριος’
978 805 1055 855 Δι’
1088 805 1232 874 ὑμᾶς
1269 803 1357 855 διὰ
1397 802 1595 863 παντὸς
1631 801 1690 852 τὺ
1731 800 1900 871 δνομά

310 914 423 966 μου
467 896 863 966 βλασφημεῖται
890 896 947 947 ἐν
983 897 1094 957 τοῖς
1134 895 1329 948 ἔθνεσι.
1368 913 1385 945 ι
1420 894 1679 963 Σημαίνει
1719 892 1775 944 δὲ
1813 891 1899 944 διά

304 988 531 1042 τούτων
556 990 589 1057 ἡ
618 988 921 1058 προφητεία
958 988 1057 1051 τὰς
1086 987 1226 1039 κατά
1260 986 1495 1058 Χριστοῦ
1532 984 1896 1055 βλασφημίας,

306 1082 379 1145 ἂς
423 1082 498 1134 δι’
543 1082 753 1152 ἡμέρας
808 1080 1021 1143 ἁπάσας
1065 1080 1160 1134 καὶ
1194 1079 1284 1132 διὰ
1313 1078 1511 1142 παντὸς
1544 1076 1821 1131 ποιοῦνται
1850 1078 1900 1129 0i

307 1172 587 1244 ἄρχοντες
613 1171 707 1224 τοῦ
755 1171 1015 1225 Ἰουδαίων
1044 1171 1251 1234 ἔθνους.

394 1285 420 1317 ‹
472 1265 570 1317 Διά
600 1262 756 1316 τοῦτο
786 1262 1053 1331 γνώσεται
1085 1264 1111 1315 ὁ
1136 1262 1260 1324 λαός
1290 1278 1393 1331 μου
1419 1259 1479 1312 τὸ
1509 1259 1679 1329 ὄνομά
1711 1274 1810 1329 μου
1842 1258 1901 1310 ἐν

308 1360 382 1430 τῇ
422 1358 609 1428 ἡμέρᾳ
636 1356 838 1425 ἐκείνῃ,
871 1356 951 1407 ὃτι
985 1352 1093 1422 ἐγώ
1125 1356 1268 1423 εἰμι·
1304 1353 1465 1417 αὐτὸς
1491 1354 1519 1405 ὁ
1541 1352 1715 1403 λαλῶν
1753 1351 1897 1420 πάρ-

311 1467 465 1519 ειμι.
514 1468 532 1499 ι
588 1446 723 1517 Ποία
769 1447 823 1499 δὲ
856 1446 1046 1519 ταύτῃ,
1082 1443 1196 1498 ἀλλ’
1236 1446 1360 1498 ὅταν
1399 1443 1527 1513 ἐγὼ,
1578 1442 1763 1512 φησιν,
1802 1441 1900 1493 αὐ-

310 1544 449 1606 τὸς,
492 1544 520 1596 ό
571 1542 665 1594 νῦν
711 1540 800 1593 διὰ
852 1540 960 1593 τῶν
1026 1539 1317 1611 προφητῶν
1369 1538 1540 1591 ταῦτα
1596 1536 1900 1605 φθεγγόμε-

314 1651 437 1697 νος,
477 1633 574 1703 τὴν
618 1630 854 1701 ἐμαυτοῦ
890 1630 1183 1700 ποιήσομαι
1221 1627 1519 1699 παρουσίαν
1566 1627 1644 1688 είς
1689 1621 1900 1695 ἀνθριί.»⁴

318 1741 465 1785 πους
485 1739 499 1787 ;

2001 540 2284 594 sanguine.

2072 617 2237 673 Vsns.
2271 617 2325 672 5.
2370 635 2389 669 ι
2444 616 2512 670 Et
2559 630 2703 671 nunc
2734 614 2860 684 quid
2909 615 3040 669 estis
3078 613 3213 670 hic?
3268 612 3392 668 Haec
3437 613 3569 670 dicit

2001 712 2300 767 Dominus:
2337 709 2472 775 Quia
2516 709 2728 762 ablatus
2765 715 2848 762 est
2899 707 3129 777 populus
3180 721 3333 760 meus
3357 706 3527 771 gratis
3551 743 3569 769 ,

2000 804 2339 858 admiramini
2366 812 2420 856 et
2448 800 2670 854 ululate.
2703 800 2827 853 llaec
2850 799 2981 853 dicit
3011 798 3270 852 Dominus
3296 817 3309 851 ε
3339 796 3571 865 Propter

2001 911 2094 950 vos
2129 909 2341 963 semper
2399 907 2594 946 nomen
2647 907 2823 945 meum
2876 890 3281 956 blasphematur
3332 889 3383 940 in
3434 902 3570 956 gen-

2003 989 2166 1041 libus.
2224 1005 2242 1039 ι
2296 985 2391 1039 His
2430 983 2709 1054 prophetia
2762 982 2964 1035 indicat
3010 982 3323 1049 blasphema
3379 989 3570 1033 contra

1998 1081 2272 1136 Christum
2304 1078 2469 1146 dicta,
2492 1092 2613 1147 quae
2640 1074 2913 1145 principes
2953 1072 3189 1127 Judaica:
3218 1074 3399 1142 gentis
3428 1087 3571 1141 quo-

2002 1172 2131 1226 tidie
2160 1178 2437 1225 evomunt.

2069 1263 2234 1317 Vens.
2283 1261 2337 1316 6.
2397 1279 2416 1313 ι
2476 1260 2765 1329 Propterea
2818 1257 2950 1312 sciet
2995 1256 3221 1326 populus
3267 1270 3420 1310 meus
3469 1269 3571 1309 no-

2001 1369 2121 1409 men
2151 1369 2326 1409 meum
2356 1353 2406 1405 in
2440 1354 2527 1406 die
2566 1352 2656 1406 illa
2680 1393 2695 1414 ,
2730 1352 2851 1419 quia
2881 1365 2981 1421 ego
3003 1366 3119 1404 sum
3151 1369 3163 1403 :
3196 1349 3310 1417 ipse
3346 1349 3577 1417 loquens

2002 1446 2213 1501 adsum.
2256 1463 2275 1496 i
2315 1444 2431 1510 Qua
2459 1445 2566 1508 die,
2600 1444 2702 1497 nisi
2738 1459 2861 1497 cum
2896 1458 2997 1511 cgo
3032 1444 3163 1512 ipse,
3192 1443 3285 1501 ait.
3314 1443 3401 1511 qui
3429 1456 3573 1495 nunc

2001 1552 2097 1607 per
2129 1538 2420 1606 prophetas
2448 1550 2597 1591 meos
2637 1534 2752 1590 haec
2792 1534 3007 1604 loquor,
3040 1535 3105 1589 ad
3134 1535 3382 1590 homines
3411 1534 3574 1589 adve-

2002 1627 2149 1681 niam
2182 1627 2207 1681 Ἰ

400 1834 421 1865 ι
574 1812 691 1885 ὥρα
730 1812 822 1867 ἐπὶ
874 1810 983 1865 τῶν
1022 1810 1213 1881 ὀρέων,
1251 1808 1325 1873 ὡς
1364 1809 1520 1872 πόδες
1562 1802 1901 1876 εὐαγγελιζο-

2072 1784 2239 1842 Vsns.
2275 1786 2330 1841 7.
2363 1804 2384 1839 ι
2425 1784 2579 1841 Sicut
2609 1786 2738 1842 hora
2774 1800 2936 1855 super
2964 1794 3198 1850 montes,
3230 1784 3371 1839 sicut
3407 1784 3573 1853 pedes

324 1905 488 1977 μένου
516 1904 682 1975 ἀκοὴν
717 1904 957 1975 εἰρήνης,
981 1900 1055 1965 ὼς
1088 1899 1568 1970 εὐαγγελιζόμενος
1593 1895 1791 1965 ἀγαθὰ,
1819 1895 1900 1947 ὅτι

322 1995 597 2067 ἀκουστὴν
626 1995 836 2066 ποιήσω
875 1994 972 2063 τὴν
1005 1992 1275 2062 σωτηρίαν
1327 2007 1440 2053 σου,
1482 1988 1684 2055 λέγων’
1736 1985 1899 2051 Σιὼν,

327 2087 633 2160 βασιλεύσει
667 2104 760 2140 σου
798 2089 825 2140 ὁ
856 2086 1019 2149 Θεόςο
1058 2104 1075 2135 i
1110 2084 1237 2146 τοὺς
1286 2080 1669 2153 μακαρισμούς
1700 2094 1902 2145 καταγ-

326 2180 622 2249 γέλλοντες,
657 2178 749 2242 οὓς
775 2180 801 2231 ὁ
830 2178 1018 2248 Σωτὴρ
1048 2176 1215 2228 ἐδίδου
1246 2173 1333 2226 διὰ
1382 2172 1480 2241 τῆς
1544 2168 1902 2238 εὐαγγελικῆς

333 2270 692 2332 διδασκαλίας.
737 2268 982 2336 Ἐλέγετο
1012 2266 1069 2319 δὲ
1111 2266 1170 2319 τὸ
1215 2267 1475 2337 κήρυγμα
1514 2264 1580 2332 τῇ
1621 2259 1780 2321 Σιὼν,
1810 2260 1903 2330 δη-

337 2362 469 2432 λαδὴ
496 2361 567 2432 τῷ
588 2359 825 2413 θεοσεϐεῖ
854 2358 1229 2428 πολιτεύματι,
1257 2357 1352 2410 καὶ
1383 2354 1461 2425 τῷ
1484 2353 1629 2425 χορῷ
1662 2351 1740 2422 τῷ
1769 2354 1903 2405 ἁπο-

337 2453 583 2523 στολικῷ.
614 2452 701 2505 Διὸ
734 2453 830 2523 τὴν
856 2450 1127 2521 βασιλείαν
1154 2450 1259 2503 τῶν
1292 2448 1533 2521 οὐρανῶν
1566 2448 1735 2501 ἆπασι
1768 2462 1904 2499 κατ-

330 2545 593 2616 ήγγελλον
618 2543 944 2616 ἀνθρώποις.

404 2657 426 2688 ι
463 2638 580 2690 Ὅτι
607 2636 760 2707 φωνὴ
782 2635 889 2688 τῶν
927 2633 1305 2704 φυλασσόντων
1351 2650 1409 2684 σε
1444 2630 1652 2702 ὑψώθη,
1704 2631 1797 2684 καὶ
1835 2632 1900 2701 τῇ

328 2732 480 2801 φωνῇ
545 2728 661 2799 ἅμα
720 2726 1217 2799 εὐφρανθήσονται·
1286 2725 1368 2777 ὅτι
1438 2722 1708 2793 ὀφθαλμοὶ
1767 2722 1903 2793 πρὸς

323 2822 639 2892 ὀφθαλμοὺς
658 2821 900 2891 ὄψονται,
913 2819 1077 2890 ἡνίκα
1100 2819 1164 2872 ἂν
1182 2816 1368 2887 ἐλέησε
1386 2816 1587 2887 Κύριος
1599 2815 1695 2886 τὴν
1710 2815 1863 2868 Σιών.
1879 2833 1898 2867 ι

324 2911 482 2964 Κατά
492 2911 549 2963 δὲ
562 2909 652 2962 τὸν
667 2909 1015 2973 Θεοδοτίωνα,
1042 2926 1059 2960 ι
1080 2906 1235 2977 Φωνὴ
1252 2906 1359 2959 τῶν
1394 2905 1609 2959 σκοπῶν
1627 2922 1719 2958 σου
1735 2906 1905 2976 ἐπῆρε

322 3004 508 3072 φωνήν
544 3018 559 3030 ·
606 3000 698 3053 ἐπὶ
732 2999 793 3053 τὸ
840 2999 970 3053 αὐτὸ
1007 2998 1444 3067 ἀγαλλιάσονται,
1470 2992 1473 2999 ’
1502 2999 1583 3051 ὅτι
1629 2998 1906 3070 ὀφθαλμδν

2003 1877 2431 1947 evangelizantis
2481 1877 2723 1931 auditum
2779 1878 2969 1947 pacis,
3016 1877 3157 1931 sicut
3194 1877 3577 1944 evangelizans

2004 1970 2141 2024 bona
2167 2009 2182 2035 ,
2212 1970 2336 2039 quia
2376 1969 2612 2022 auditam
2638 1967 2832 2021 faciam
2861 1968 3090 2022 salutem
3128 1976 3274 2021 tuam
3301 2008 3316 2032 ,
3346 1967 3573 2023 dicens:

2006 2063 2134 2117 Sion
2161 2102 2176 2127 ,
2216 2061 2461 2132 regnabit
2507 2060 2647 2115 Deus
2694 2071 2856 2115 tuus:
2890 2079 2908 2112 i
2950 2058 3313 2114 beatitudines
3364 2073 3577 2112 annuli--

2005 2156 2197 2211 tiantes
2221 2194 2237 2219 ,
2268 2170 2404 2222 quas
2452 2154 2713 2207 Servator
2742 2168 2836 2222 per
2866 2151 3228 2220 evangelicam
3273 2151 3577 2205 doctrinam

2004 2249 2166 2303 dedit.
2215 2246 2537 2301 Prasdicatio
2593 2254 2773 2299 autem
2829 2241 2957 2297 Sion
3009 2243 3458 2306 annuntiabatur,
3493 2242 3580 2296 vi—

2004 2341 2197 2397 delicet
2235 2340 2498 2410 religiosa:
2549 2336 2673 2391 vitae
2720 2336 2881 2391 coetui
2929 2344 2984 2391 et
3033 2333 3330 2403 apostolico
3359 2334 3573 2388 choro:

2002 2441 2329 2503 quapropter
2376 2446 2601 2501 regnum
2651 2427 2914 2483 caelorum
2960 2427 3213 2483 omnibus
3262 2425 3577 2481 hominibus

2003 2524 2391 2594 prtcdicabant.

2076 2615 2243 2671 Vens.
2276 2615 2332 2670 8.
2377 2633 2396 2667 ι
2450 2613 2585 2681 Quia
2611 2629 2713 2669 vox
2753 2614 3170 2669 custodientium
3225 2621 3281 2666 te
3336 2612 3576 2667 exaltata

2005 2720 2128 2774 est,
2158 2718 2212 2763 et
2252 2722 2379 2762 voce
2410 2706 2569 2761 simul
2613 2706 2939 2761 laetabuntur
2973 2724 2985 2756 :
3012 2706 3137 2774 quia
3174 2705 3315 2759 oculi
3347 2706 3412 2758 ad
3444 2721 3578 2760 ocu—

2006 2804 2087 2860 los
2148 2802 2449 2868 videbunt,
2504 2801 2724 2871 quando
2792 2802 3047 2856 misertus
3106 2799 3272 2853 fuerit
3319 2800 3584 2856 Dominus

2008 2896 2159 2950 Sion.
2201 2914 2220 2947 ι
2257 2894 2563 2950 Secundum
2596 2892 3021 2947 Tlieodotionem
3046 2907 3179 2952 ,vero
3206 2932 3220 2954 ,
3253 2911 3272 2943 ι
3308 2892 3425 2948 Vox
3454 2909 3580 2963 spe-

2006 2989 2307 3043 culatorum
2366 2995 2579 3041 tuorum
2634 2985 2804 3039 edidit
2844 3000 3028 3040 vocem
3064 3002 3077 3038 :
3112 2985 3165 3038 in
3219 2983 3451 3053 idipsum
3483 2999 3583 3038 ex-

322 3093 389 3169 ἐν
425 3091 722 3161 ὀφθαλμοῖς
769 3089 1021 3159 ὄψονται·
1058 3108 1078 3140 ›
1119 3088 1354 3150 σκοποὺς
1379 3087 1614 3141 ἐνταῦθα
1638 3088 1765 3152 τοὺς
1800 3106 1902 3159 μα-

2007 3079 2308 3145 sultabunt,
2342 3077 2467 3146 quia
2500 3076 2714 3132 oculum
2744 3078 2800 3131 in
2824 3078 2998 3132 oculis
3023 3076 3303 3131 videbunt.
3362 3095 3380 3128 ι
3442 3077 3581 3147 Spe-

321 3181 493 3251 θητάς
514 3183 606 3235 καὶ
626 3181 955 3244 ἀποστόλους
984 3180 1074 3233 τοῦ
1098 3181 1348 3252 Σωτῆρος
1370 3181 1403 3251 ἡ
1411 3180 1524 3250 μῶν
1548 3180 1901 3251 ὀνομάζοντος

320 3272 420 3326 τοῦ
446 3273 624 3342 λόγου.
658 3274 867 3340 ’Ὠσπερ
896 3270 1005 3343 γὰρ
1049 3270 1338 3325 ἐκαλοῦντο
1376 3270 1567 3324 σκοποὶ
1593 3270 1687 3323 τοῦ
1718 3272 1783 3324 ὲκ
1806 3288 1903 3323 πε-

322 3364 556 3435 ριτομῆς
615 3362 745 3415 λαοῦ
794 3364 843 3414 οἱ
888 3363 1019 3433 παρ’
1052 3362 1238 3425 αὐτοῖς
1283 3361 1563 3432 γενόμενοι
1603 3360 1900 3431 προφῆται,

320 3454 468 3508 οὕτω
491 3456 584 3508 καὶ
605 3453 700 3509 νῦν
724 3454 823 3525 τῆς
850 3452 977 3516 νέας
1004 3452 1097 3505 καὶ
1126 3452 1317 3522 καινῆς
1357 3451 1517 3515 Σιὼν,
1561 3450 1760 3523 δηλαδὴ
1804 3451 1902 3521 τῆς

336 3547 662 3617 Ἐκκλησίας
695 3545 856 3599 αὐτοῦ
887 3545 985 3598 τοῦ
1021 3543 1176 3609 Θεοῦ,
1206 3544 1301 3597 καὶ
1326 3542 1421 3597 τοῦ
1446 3542 1726 3606 θεοσεϐοῦς
1755 3542 1905 3596 πολι-

325 3636 600 3707 τεύματος
638 3652 687 3690 οι
714 3636 806 3690 τοῦ
842 3636 1093 3707 Σωτῆρος
1132 3635 1288 3706 ήμῶν
1335 3633 1620 3688 ἀπόστολοι
1651 3634 1904 3703 γεγόνασι

325 3729 521 3781 σκοποὶ
571 3727 665 3780 καὶ
712 3726 976 3795 φύλακεςο
1014 3727 1084 3791 οἳ,
1126 3727 1220 3779 καὶ
1287 3724 1718 3796 ὀφθαλμοφανῶς
1771 3726 1904 3778 αὐτ-

323 3817 486 3870 όπται
517 3816 613 3869 καὶ
642 3816 901 3887 αὐτήκοοι
953 3814 1047 3868 τοῦ
1082 3816 1331 3885 Σωτῆρος
1349 3816 1649 3885 γενόμενοι,
1681 3813 1902 3881 ὕψωσαν

322 3910 428 3980 τὴν
455 3908 662 3960 ἑαυτῶν
692 3908 898 3977 φωνὴν,
938 3907 1015 3970 ὡς
1056 3906 1381 3972 ἐξάκουστον
1432 3906 1601 3974 αὐτὴν
1654 3905 1906 3973 γενέσθαι

322 4002 462 4052 πᾶσι
502 4002 614 4061 τοῖς
647 3998 873 4051 ἔθνεσιν.
917 3999 978 4052 Ol
1026 3998 1070 4051 δ’
1103 3997 1257 4051 αὐτοὶ
1308 3997 1487 4066 πάσης
1534 3998 1907 4067 πνευματικῆς

320 4089 665 4161 εὐφροσύνης
696 4089 1046 4161 ἐπληροῦντο,
1080 4088 1387 4158 ήλεημένης
1414 4088 1516 4141 ὑπὸ
1532 4088 1625 4141 τοῦ
1648 4088 1781 4141 Θεοῦ
1809 4089 1908 4159 τῆς

323 4183 679 4255 ἀποδοθείσης
712 4180 843 4254 ἡμῖν
877 4181 1034 4249 Σιὼν,
1070 4182 1164 4235 καὶ
1212 4181 1318 4234 τῶν
1352 4181 1517 4235 πάλαι
1552 4183 1773 4253 ἐρήμων
1815 4183 1909 4235 αὐ-

324 4278 429 4347 τῆς
466 4278 782 4349 σωζομένων
803 4276 890 4330 διά
917 4277 1015 4347 τῆς
1050 4273 1317 4345 σωτηρίου
1347 4272 1804 4344 ἀπολυτρώσεως
1829 4272 1909 4326 διό

333 4387 488 4442 φησν

2004 3169 2275 3226 culatores
2300 3169 2387 3224 hic
2413 3178 2573 3226 vocat
2608 3169 2902 3239 discipulos
2927 3179 2980 3224 et
3011 3169 3286 3238 apostolos
3334 3168 3584 3225 Salvato-

2004 3263 2082 3318 ris
2109 3262 2301 3317 nostri.
2336 3262 2799 3329 Quemadmodum
2826 3262 2968 3317 enim
2997 3262 3370 3332 speculatores
3396 3265 3581 3334 populi

2004 3373 2073 3413 ex
2102 3358 2512 3414 circumcisione
2538 3359 2871 3413 vocabantur
2920 3359 3200 3428 propheta:
3225 3399 3243 3423 ,
3270 3360 3362 3428 qui
3412 3375 3584 3428 penes

2005 3449 2123 3506 illos
2159 3458 2353 3517 erant;
2386 3450 2459 3504 ita
2490 3459 2544 3505 et
2578 3465 2723 3504 nunc
2752 3465 2903 3506 novae
2940 3450 3085 3505 illius
3138 3450 3342 3516 Sionis,
3388 3453 3586 3509 videli-

2005 3552 2092 3597 cet
2114 3540 2370 3597 Ecclesite
2398 3542 2491 3596 Dei
2530 3542 2874 3612 religiosique
2913 3551 3120 3608 cmtns,
3154 3542 3458 3600 Salvatoris
3483 3560 3584 3603 no-

2005 3634 2105 3690 stri
2145 3635 2371 3705 apostoli
2406 3634 2775 3703 speculatores
2803 3633 2977 3689 ell‘ecti
3006 3644 3132 3688 sunt
3153 3675 3171 3701 ,
3202 3644 3367 3703 atque
3401 3645 3584 3691 custo-

2007 3726 2103 3782 des
2135 3744 2151 3781 :
2185 3728 2277 3796 qui
2308 3726 2550 3795 ejusdem
2581 3726 2885 3781 Salvatoris
2916 3725 3116 3780 oculati
3153 3736 3322 3782 testes
3350 3765 3368 3791 ,
3410 3737 3465 3782 et
3489 3743 3586 3783 au-

2007 3819 2232 3885 ditores,
2258 3820 2364 3872 alta
2396 3832 2530 3873 voce
2564 3817 2727 3871 locuti
2755 3828 2922 3884 sunt;
2968 3818 3039 3872 ita
3085 3827 3144 3871 ut
3167 3819 3330 3872 etiam
3361 3819 3429 3874 ab
3458 3836 3578 3874 om-

2008 3911 2167 3966 nibus
2220 3908 2468 3980 gentibus
2505 3908 2839 3963 audirentur.
2889 3910 3055 3964 lidem
3088 3925 3218 3964 vero
3270 3910 3372 3980 ipsi
3423 3912 3579 3968 omni

2008 4001 2273 4074 spirituali
2308 4000 2493 4056 laetitia
2542 4000 2912 4070 replebantur,
2955 4003 3079 4072 quia
3117 4003 3337 4058 Sionem
3372 4004 3521 4060 illam
3553 4044 3572 4072 ,

2008 4095 2076 4149 de
2106 4108 2212 4164 qua
2239 4093 2491 4163 superius
2517 4133 2535 4160 ,
2584 4094 2877 4151 miseratus
2904 4104 2991 4150 est
3018 4096 3160 4151 Deus
3184 4137 3200 4161 ,
3231 4106 3285 4151 et
3309 4098 3432 4165 quia
3486 4098 3577 4156 illa

2008 4184 2137 4239 olim
2182 4185 2395 4241 deserta
2428 4185 2568 4254 ejus,
2620 4201 2718 4256 per
2764 4188 3059 4243 salutarem
3105 4190 3531 4260 redemptionem
3558 4230 3578 4258 ,

2009 4276 2245 4333 salutare
2269 4286 2429 4333 nacta
2460 4286 2588 4332 sunt
2620 4295 2634 4331 :
2666 4294 2835 4349 quare
2862 4260 2967 4335 ait:

402 4481 420 4512 ι
468 4461 709 4531 Ῥηξάτω
744 4462 1081 4535 εὐφροσυνην
1110 4462 1248 4533 ἅμα,
1282 4462 1351 4515 τὰ
1398 4460 1582 4533 ἔρημα
1628 4461 1902 4532 Ἰερουσα-

2085 4454 2240 4511 Vens.
2269 4456 2438 4521 9,10.
2485 4457 2827 4528 «Erumpant
2876 4459 2927 4513 in
2985 4459 3223 4513 lzetitiam
3273 4460 3432 4515 simul
3481 4461 3581 4517 de-

328 4549 471 4621 λήμ·
511 4550 591 4603 ὅτι
616 4550 812 4621 ἠλέησε
838 4551 1041 4622 Κύριος
1074 4552 1265 4623 αὐτὴν,
1294 4550 1390 4605 καὶ
1413 4550 1681 4621 ἐρρύσατο
1708 4548 1903 4620 Ἰερου-

332 4641 534 4711 σαλήμ.
585 4642 693 4694 Καὶ
737 4640 1078 4710 ἀποκαλύψει
1127 4642 1331 4713 Κύριος
1380 4642 1471 4695 τὸν
1519 4640 1779 4714 βραχίονα
1811 4639 1903 4693 τὸν

330 4732 480 4798 ἅγιον
512 4732 674 4783 αὐτοῦ
698 4732 925 4784 ἐνώπιον
961 4733 1175 4786 πάντων
1206 4732 1312 4785 τῶν
1348 4732 1536 4796 ἐθνῶν,
1570 4732 1662 4785 καὶ
1684 4730 1902 4800 ὄψονται

330 4824 506 4875 πάντα
543 4822 611 4874 τὰ
643 4822 787 4893 ἄκρα
814 4823 914 4890 τῆς
936 4823 1038 4892 γῆς
1061 4823 1156 4894 τὴν
1190 4824 1462 4894 σωτηρίαν
1494 4824 1592 4894 τὴν
1622 4822 1772 4894 παρὰ
1806 4823 1901 4875 τοῦ

329 4911 462 4963 Θεοῦ
505 4910 671 4981 ήμῶν.
706 4929 725 4961 ›
765 4912 925 4982 Ὁρᾷς
954 4912 1100 4973 ὅπως
1117 4911 1210 4963 καὶ
1247 4911 1335 4964 διά
1362 4910 1562 4964 τούτων
1591 4915 1700 4975 τοῖς
1723 4912 1901 4965 ἔθνεσι

330 5003 399 5055 τὰ
422 5001 749 5071 εὐαγγελικά
780 5001 1108 5074 κηρύγματα
1128 5002 1594 5072 ἐπαγγελλόμενος
1625 5003 1901 5073 ὑπισχνεῖ-

331 5108 454 5157 ται;
484 5092 584 5144 Τὸν
612 5091 721 5162 γὰρ
747 5090 1004 5167 βραχίονα
1048 5092 1133 5144 τὸν
1167 5093 1317 5160 ἅγιον
1352 5092 1536 5157 αὐτοῦ,
1568 5086 1719 5157 οὗτος
1752 5094 1809 5145 δὲ
1832 5090 1899 5165 ἦν

334 5185 363 5235 ὁ
394 5183 488 5235 τοῦ
522 5183 654 5236 Θεοῦ
696 5185 883 5251 Λόγος,
919 5183 1322 5237 ἀποκαλύπτειν
1346 5184 1433 5238 τὸν
1462 5183 1593 5236 Θεόν
1614 5202 1744 5255 φησι
1768 5187 1901 5238 πᾶσι

338 5279 448 5339 τοῖς
471 5275 697 5329 ἔθνεσιν.
733 5276 960 5340 Οὐκοῦν,
992 5275 1209 5328 ἐπειδὰν
1232 5278 1522 5347 προσφωνῇ
1548 5280 1614 5348 τῇ
1647 5276 1781 5330 Σιὼν
1808 5276 1901 5330 καὶ

348 5366 722 5438 Ἰερουσαλὴμ,
756 5366 823 5419 τὰ
844 5367 1113 5438 λεγόμενα
1143 5370 1235 5421 ἐπὶ
1264 5368 1361 5421 τήν
1391 5366 1498 5420 τῶν
1525 5367 1690 5420 ἐθνῶν
1716 5367 1904 5439 κλῆσιν

336 5458 682 5531 ἀναφέρεται.

415 5570 433 5603 ι
464 5551 779 5621 Ἀπόστητε,
810 5552 1099 5623 ἀπόστητε,
1127 5553 1370 5620 ὲξέλθετε
1402 5552 1626 5615 ἐκεῖθεν,
1661 5552 1754 5604 καὶ
1775 5551 1907 5603 ἀκα-

340 5641 537 5709 θάρτου
575 5643 649 5713 μὴ
674 5642 847 5713 ἆψητε
867 5660 880 5672 ’
914 5644 1157 5707 ἐξέλθετε
1186 5647 1248 5697 ἐκ
1276 5645 1440 5715 μέσου
1471 5644 1634 5713 αὐτῆς
1658 5659 1669 5671 ·
1696 5662 1713 5693 ι
1748 5642 1905 5710 δῆλον

338 5730 394 5781 δὲ
424 5733 505 5783 ὅτι
539 5733 601 5783 ἐκ
637 5732 728 5784 τοῦ
759 5733 987 5786 ἀπίστου
1017 5733 1144 5786 λαοῦ
1178 5735 1271 5787 καὶ
1314 5734 1640 5805 ἀκαθάρτου.
1677 5752 1693 5783 ι
1748 5733 1903 5801 Ἀφο·

344 5823 582 5895 ρξσθητε,
641 5827 687 5876 οἱ
756 5825 1008 5895 φέροντες
1053 5826 1120 5879 τά
1172 5826 1337 5896 σκεύη
1395 5828 1619 5897 Κυρίου.
1662 5846 1679 5877 ι
1728 5825 1902 5895 Σκεύη

2008 4557 2151 4601 serta
2183 4547 2482 4613 Jerusalem
2516 4566 2529 4602 :
2569 4550 2696 4616 quia
2734 4549 2986 4603 misertus
3017 4560 3098 4604 est
3128 4549 3391 4607 Dominus
3434 4552 3577 4620 ejus,

2006 4648 2059 4692 et
2094 4640 2234 4694 eruit
2261 4638 2585 4695 Jerusalem.
2614 4640 2683 4695 Et
2713 4641 2971 4696 revelabit
3005 4643 3263 4697 Dominus
3293 4645 3577 4701 brachium

2007 4741 2253 4787 sanctum
2302 4746 2456 4785 suum
2504 4730 2555 4783 in
2601 4742 2890 4799 conspectu
2930 4734 3169 4787 omnium
3207 4736 3468 4805 gentium.
3514 4736 3582 4790 Et

2006 4822 2265 4877 videbunt
2288 4836 2474 4875 omnes
2502 4820 2634 4874 lines
2669 4832 2823 4876 terra:
2852 4824 3107 4893 salutem,
3134 4840 3253 4894 qua:
3290 4836 3372 4881 est
3405 4844 3432 4879 a
3471 4826 3583 4881 Deo

2008 4920 2216 4964 nostro.
2252 4929 2269 4962 ι
2328 4908 2514 4964 Viden’
2544 4924 2652 4979 quo
2696 4923 2853 4981 pacto
2888 4913 2971 4969 his
3005 4916 3170 4969 etiam
3205 4918 3381 4971 verbis
3408 4933 3577 4971 evan-

2006 5004 2232 5073 gelicam
2274 5003 2711 5072 prtedicationem
2754 5007 3007 5075 gentibus
3046 4993 3411 5077 polliceatur?
3447 5007 3577 5062 Ete-

2006 5095 2119 5147 nim
2149 5093 2425 5147 brachium
2454 5103 2699 5147 sanctum
2731 5111 2911 5160 suum,
2953 5098 3095 5165 quod
3125 5108 3243 5151 erat
3276 5099 3447 5165 ipsum
3480 5097 3576 5151 Dei

2008 5184 2265 5249 Verbum,
2296 5184 2546 5239 omnibus
2574 5185 2822 5254 gentibus
2860 5186 3220 5242 revelaturum
3257 5203 3374 5241 esse
3408 5186 3575 5240 Deum

2009 5278 2270 5333 declarat.
2320 5278 2454 5333 Cum
2487 5279 2668 5347 itaque
2694 5278 2824 5333 Sion
2881 5289 2933 5334 et
2986 5278 3282 5333 Jerusalem
3318 5279 3399 5333 sic
3444 5278 3578 5331 allo-

2007 5379 2223 5439 quatur,
2253 5370 2369 5425 ba-c
2396 5371 2462 5424 ad
2489 5372 2726 5440 gentium
2753 5370 3085 5423 vocationem
3118 5368 3399 5424 referenda
3426 5378 3573 5421 sunt.

2081 5548 2244 5606 Vens.
2274 5550 2362 5605 ll.
2407 5570 2425 5601 ι
2452 5550 2726 5617 Recedite,
2776 5550 3031 5611 recedite,
3078 5546 3391 5618 egredimini
3428 5545 3573 5609 inde,

2008 5650 2063 5695 et
2090 5641 2421 5695 immundum
2457 5641 2619 5695 nolite
2648 5651 2865 5709 tangere
2892 5663 2902 5694 :
2929 5640 3073 5694 exite
3097 5639 3162 5692 de
3191 5637 3366 5691 medio
3389 5637 3569 5703 ejnsp

2008 5732 2254 5787 videlicet
2284 5748 2346 5785 ex
2392 5732 2670 5785 incredulo
2703 5741 2754 5786 et
2802 5731 3074 5784 immundo
3112 5729 3326 5799 populo.
3366 5748 3383 5779 ι
3408 5729 3575 5797 Sepa-

2011 5825 2240 5892 runiini,
2299 5826 2389 5895 qui
2440 5824 2665 5893 portatis
2707 5837 2829 5877 vasa
2862 5810 3092 5877 Domini.
3123 5840 3142 5874 ι
3195 5822 3329 5876 Vasa
3360 5818 3571 5875 Domini
