4130 6394
493 303 602 358 μισ

1175 307 1446 363 EUSEBII
1483 307 1958 364 CESAI’IIENSIS
1994 307 2144 366 OPP.
2186 309 2367 364 PARS
2405 310 2492 364 III.
2530 339 2599 352 -ο
2638 310 3044 368 EXEGETICA.

3633 307 3741 365 858

485 436 654 482 erant
670 441 908 500 corpora
939 427 1202 498 ipsorum,
1232 444 1260 482 a
1291 428 1522 484 Domino
1555 429 1748 498 electa,
1788 431 1841 486 in
1872 433 2058 486 sancti-

2175 433 2379 505 Κυρίου
2426 429 2494 504 ἦν
2536 433 2604 486 τὰ
2645 433 2968 504 ἐκλεχθέντα
3008 430 3114 486 ὑπὸ
3143 430 3237 484 τοῦ
3272 427 3480 501 Κυρίου
3516 420 3743 500 σώματα

488 527 610 574 tate
637 528 700 575 et
727 521 936 577 honore
969 523 1078 576 Deo
1111 532 1392 592 segregata
1420 539 1435 586 ;
1468 521 1581 578 sive
1609 524 1775 578 etiam
1805 541 1932 580 vasa
1962 527 2066 582 Do-

483 610 627 667 mini
676 622 835 666 erant
878 611 1011 666 Novi
1061 611 1393 666 Testamenti
1438 614 1772 686 Evangelia:
1807 633 1928 687 qua:
1977 620 2068 689 qui

481 719 574 767 ges
593 702 799 764 aibant,
855 705 920 758 ab
955 703 1326 759 incredulitate
1355 705 1665 762 Iudaeorum
1695 722 1948 764 amovere
1985 727 2066 778 se,

480 795 546 847 .tb
586 791 764 863 iisque
789 809 849 849 se
877 809 1199 866 segregare,
1229 795 1511 864 jubentur.

559 977 728 1036 Vens.
758 983 846 1038 I2.
903 1003 924 1036 ι
952 985 1085 1052 Quia
1120 1002 1230 1042 non
1265 1003 1388 1042 cum
1427 991 1654 1045 tumultu
1687 992 1942 1059 exibitis,
1973 1009 2069 1050 ne-

485 1085 594 1138 que
651 1073 916 1143 fugientes
982 1076 1131 1130 ibitis
1173 1095 1187 1132 :
1225 1080 1493 1150 prascedet
1545 1083 1688 1135 enim
1737 1098 1834 1137 vos
1885 1084 2069 1139 Domi-

490 1181 634 1230 nus,
691 1175 747 1220 et
804 1168 895 1238 qui
954 1180 1252 1242 congregat
1300 1186 1397 1228 vos
1451 1171 1594 1228 Deus
1646 1173 1835 1229 Israel.
1869 1193 1889 1227 ι
1949 1176 2065 1231 Νοη

485 1258 631 1310 enim
686 1259 842 1328 quasi
894 1261 1156 1331 compulsi
1207 1263 1274 1318 ad
1326 1265 1838 1322 circumcursandas
1879 1279 2067 1339 gentes

482 1350 821 1406 accedebant
869 1351 1135 1420 apostoli;
1190 1356 1282 1410 sed
1330 1372 1453 1411 cum
1500 1358 1644 1412 omni
1693 1358 1971 1414 alacritate
2012 1370 2067 1414 et

483 1442 781 1498 voluntatis
827 1444 1046 1511 a‘chctu,
1096 1446 1236 1516 jussi
1287 1447 1483 1504 docere
1532 1463 1722 1504 omnes
1781 1460 1968 1520 gentes
2010 1452 2064 1506 in

487 1535 708 1588 nomine
741 1533 876 1602 ejus.

559 1624 725 1686 Vens.
759 1626 846 1682 13.
886 1648 905 1681 ι
931 1628 1072 1686 Ecce
1101 1630 1359 1700 intelliget
1387 1647 1521 1702 puer
1549 1646 1720 1697 meus,
1752 1643 1808 1688 et
1849 1645 2062 1692 exa.ta-

487 1716 656 1784 bitur,
709 1728 763 1773 et
793 1719 1186 1790 glori’ﬁcabitur
1216 1722 1387 1777 valde.
1413 1741 1434 1774 ι
1495 1723 1664 1789 Queis
1704 1728 2062 1782 resurrectio-

486 1825 609 1863 nem
641 1825 669 1862 a
701 1811 948 1873 mortuis,
999 1811 1422 1881 assumptionem
1472 1813 1596 1866 item
1649 1813 1700 1868 in
1742 1816 1959 1882 caelum,
2004 1828 2058 1872 et
2089 1808 2129 1861 Β

483 1901 866 1956 exaltationem
917 1903 1210 1972 signiﬁcat.
1263 1903 1490 1958 Servum
1530 1921 1714 1974 porro,
1761 1908 2054 1963 secundum

482 1993 756 2060 Aquilam,
814 2009 936 2048 eum
980 1995 1102 2063 jure
1151 2004 1448 2062 nuncupat,
1496 1997 1565 2050 ob
1613 1998 1756 2051 servi
1809 1998 2056 2064 formam,

477 2097 646 2150 quam
693 2082 920 2151 accepit.
979 2081 1112 2136 Nam
1165 2084 1306 2138 Deus
1350 2082 1606 2149 Verbum,
1664 2089 2057 2159 «semetipsum

477 2174 783 2227 exiuanivit
833 2189 954 2228 cum
1004 2174 1056 2227 in
1109 2173 1280 2228 forma
1328 2176 1421 2231 Dei
1474 2188 1638 2245 esset,
1683 2190 1740 2234 ut
1787 2181 1861 2233 ait
1907 2197 2061 2236 sacer

472 2265 837 2334 Apostolus',
875 2265 1103 2319 formam
1137 2269 1278 2321 servi
1321 2268 1626 2335 accipiens,
1663 2279 1717 2324 et
1759 2272 1943 2326 habitu
1978 2273 2061 2328 in-

480 2365 675 2410 ventus
711 2367 769 2409 ut
802 2357 988 2412 homo.
1021 2375 1040 2410 ι
1081 2358 1278 2414 Verum
1323 2360 1436 2429 ipse
1468 2379 1601 2432 puer
1627 2373 1682 2416 et
1722 2379 1912 2418 servus
1943 2365 2057 2427 Dei,

471 2445 626 2498 uittni
673 2445 936 2515 sapientia
976 2457 1033 2500 et
1088 2448 1314 2504 scieuzia
1351 2451 1664 2521 replebatur
1689 2492 1704 2516 ,
1745 2454 1890 2522 quod
1926 2453 2060 2509 Ver-

481 2535 606 2590 bum
635 2536 726 2590 Dei
761 2537 812 2590 in
842 2551 902 2590 se
929 2539 1255 2596 contineret.

552 2627 826 2690 Vsus”,
859 2629 945 2686 15.
981 2649 999 2682 ι
1028 2631 1180 2686 Sicut
1207 2634 1675 2704 stupebuntsuper
1703 2643 1755 2689 te
1781 2635 1954 2702 multi,
1983 2636 2063 2691 sic

474 2719 712 2789 ingloria
746 2721 850 2774 erit
899 2723 966 2774 ab
1027 2723 1336 2778 hominibus
1375 2726 1583 2793 species
1631 2735 1742 2791 ttta,
1791 2739 1845 2781 et
1895 2728 2059 2799 gloria

483 2819 574 2863 tua
602 2827 630 2864 a
662 2812 786 2866 I‘tliis
827 2813 1131 2866 hominum.
1177 2813 1254 2868 Ita
1285 2817 1626 2870 mirabuntur
1657 2829 1846 2887 gentes
1887 2820 2062 2876 multa:

483 2917 646 2971 super
673 2918 761 2968 eo,
796 2912 850 2958 et
891 2905 1248 2958 contiuebunt
1277 2921 1430 2976 reges
1456 2923 1518 2962 os
1547 2923 1703 2962 suum
1736 2928 1749 2964 :
1791 2910 1914 2980 quia
1943 2912 2062 2980 qui-

477 2994 586 3048 bus
616 3010 719 3049 non
753 3003 836 3048 est
867 2995 1252 3049 annuntiatum
1291 2997 1355 3052 de
1389 2998 1499 3062 illo,
1532 2999 1813 3064 videbunt,
1865 3011 1920 3056 et
1971 3001 2059 3071 qui

481 3101 594 3142 non
643 3081 952 3151 audierunt,
1005 3087 1324 3158 intelligent.
1358 3109 1376 3142 ι
1422 3089 1476 3144 Id
1521 3091 1666 3144 enim
1717 3107 1870 3160 reges
1911 3108 2064 3146 com-

2169 525 2368 588 αὐτῶν,
2407 526 2463 577 ἐν
2492 525 2768 598 ἁγιωσύνῃ
2798 526 2891 579 καὶ
2913 528 3046 596 τιμῇ
3085 523 3164 595 τῷ
3185 523 3304 593 Θεῷ
3343 522 3701 595 ἀφωρισμένα
3723 537 3740 552 ⁶

2168 615 2201 686 ἢ
2234 617 2326 669 καὶ
2362 615 2529 686 σκεύη
2575 617 2780 688 Κυρίου
2809 617 3073 687 ἐτύγχανε
3097 615 3164 669 τά
3197 617 3294 687 τῆς
3318 614 3528 685 Καινῆς
3554 615 3748 687 Διαθή-

2169 725 2270 778 κης
2314 707 2650 776 Εὑαγγὲλιαο
2703 707 2845 779 ἅπερ
2879 707 3366 778 ἐπικομιζομένους
3407 707 3745 760 ἀπαλλάττε-

2170 801 2293 853 σθαι
2327 801 2424 872 τῆς
2467 800 2718 864 ἀπιστίας
2759 801 2853 854 τοῦ
2910 800 3180 854 Ἰουδαίων
3225 799 3376 864 λαοῦ,
3416 801 3510 852 κα)⁸
3551 799 3748 872 ἀφορία

2168 891 2354 958 ζεσθαι
2381 893 2560 947 αὐτῶν
2590 895 2933 964 προστάττει.

2244 1005 2262 1038 ι
2295 988 2416 1039 ’Ὁτι
2445 988 2505 1039 οὐ
2547 985 2684 1056 μετὰ
2721 986 2968 1056 ταραχῆς
3004 975 3349 1049 ἐξελεύσεσθε
3371 1023 3386 1048 ,
3428 985 3739 1073 οὐδέιφυγῇ

2167 1077 2500 1149 πορεύσεσθε
2520 1093 2534 1108 ⁸
2569 1077 3002 1150 προπορεύσεται
3032 1077 3139 1148 γάρ
3159 1076 3421 1146 πρότερος
3447 1075 3599 1145 ὑμῶν
3630 1076 3746 1129 Κύι-

2172 1188 2302 1242 ριος,
2327 1169 2419 1223 καὶ
2447 1171 2474 1221 ὁ
2498 1169 2841 1238 ὲπισυνάγων
2869 1169 3010 1239 ὑμᾶς
3036 1168 3168 1232 Θεὸς
3210 1167 3438 1238 Ἰσραήλ.
3481 1187 3499 1218 ι
3533 1168 3608 1220 Οὐ
3631 1165 3744 1239 γὰρ

2164 1267 2240 1331 ὡς
2294 1265 2634 1335 ἐλαυνόμενοι.
2688 1263 2990 1336 προσῆλθον
3044 1265 3123 1326 είς
3182 1262 3279 1332 τὴν
3332 1261 3579 1332 περίοδον
3628 1261 3740 1314 τῶν

2167 1359 2334 1412 ἐθνῶν
2358 1359 2407 1411 oi
2442 1355 2750 1418 ἀπόστολοι,
2785 1354 2921 1408 ἀλλά
2951 1354 3231 1425 προθυμίᾳ
3265 1354 3414 1424 πάσῃ
3438 1355 3530 1405 καὶ
3547 1370 3743 1424 προαιι

2167 1454 2313 1524 ρέσει
2358 1454 2708 1524 αὑτεξουσίῳ,
2752 1451 3133 1514 κελευσθέντες
3182 1449 3515 1522 μαθητεῦσαι
3560 1449 3742 1503 πάντα

2163 1543 2232 1596 τὰ
2261 1544 2384 1616 ἔθνη
2415 1548 2471 1598 ἐν
2492 1546 2569 1617 τῷ
2601 1545 2824 1616 ὀνόματι
2847 1543 3012 1598 αὐτοῦ

2225 1651 2243 1684 ι
2268 1634 2397 1687 Ἰδοὺ
2420 1636 2678 1705 συνήσειό
2695 1637 2823 1698 παῖς
2845 1651 2970 1705 μου,
2985 1633 3080 1686 καὶ
3097 1631 3568 1702 ὑψωθήσεται,ιιαὶ
3592 1629 3746 1695 δοξα-

2165 1724 2418 1798 σθήσεται
2434 1727 2654 1800 σφόδρα.
2671 1729 2776 1780 »Δι’
2793 1721 2865 1782 ὧν
2879 1726 2974 1798 τὴν
2989 1725 3125 1796 μετά
3149 1724 3239 1778 τὸν
3263 1723 3487 1777 θάνατον
3508 1723 3745 1776 ἀνάστα-

2161 1835 2262 1883 σιν,
2283 1820 2376 1872 καὶ
2391 1819 2486 1891 τήν
2503 1822 2580 1883 εἰς
2596 1821 2854 1890 οὐρανοὺς
2871 1818 3134 1889 ἀνάληψίν
3153 1835 3211 1871 τε
3224 1818 3315 1872 καὶ
3332 1817 3534 1888 ὖψωσιν
3549 1815 3745 1886 σημαία-

2162 1925 2260 1965 νει.
2308 1909 2501 1962 Δοῦλον
2525 1911 2581 1964 δὲ
2603 1910 2785 1974 αὑτὸν,
2819 1909 2960 1964 κατὰ
2987 1911 3079 1962 τὸν
3096 1909 3344 1973 Ἀκύλαν,
3366 1909 3588 1971 εἰκότως
3615 1909 3747 1960 ἀπο-

2163 2001 2313 2055 καλεῖ
2329 2002 2414 2055 διὰ
2425 2003 2520 2074 τὴν
2540 2002 2750 2075 μορφὴν
2759 2001 2851 2055 τοῦ
2867 2001 3071 2065 δούλου,
3085 2003 3152 2073 ἣν
3163 2001 3435 2072 ἀνείληφε.
3449 2020 3466 2054 ι
3485 1997 3736 2054 Ἐαυτδνι

2162 2091 2269 2162 γὰρ
2300 2111 2318 2142 ι
2346 2091 2610 2145 ἐκένωσεν
2631 2094 2688 2144 ἐν
2714 2093 2892 2162 μορφῇ
2914 2087 3050 2143 Θεοῦ
3075 2090 3333 2160 ὑπάρχων
3355 2089 3486 2151 Θεὸς
3503 2087 3731 2154 Λόγος,ι

2161 2173 2304 2234 κατὰ
2321 2181 2409 2235 τὸν
2429 2182 2572 2254 ἱερὸν
2590 2182 2908 2234 Ἀπόστολον
2923 2221 2937 2245 ,
2959 2199 2981 2232 t
3004 2182 3215 2252 μορφὴν
3230 2180 3416 2233 δούλου
3432 2179 3632 2241 λαόὼν,
3649 2178 3745 2232 καὶ

2164 2275 2402 2345 σχήματι
2429 2273 2673 2346 εὑρεθεὶς
2695 2274 2771 2338 ὡς
2804 2275 3110 2345 ἄνθρωπος.
3144 2292 3163 2324 ι
3196 2273 3334 2325 Ἀλλ’
3365 2271 3525 2334 αὐτὸς
3558 2272 3586 2323 ὁ
3610 2273 3744 2332 παῐς

2161 2363 2255 2416 τοῦ
2297 2363 2431 2417 Θεοῦ
2475 2364 2570 2417 καὶ
2602 2363 2786 2427 δοῦλος
2831 2363 3012 2434 πάσης
3056 2361 3359 2434 ἐπληροῦτο
3410 2363 3600 2430 σοφίας
3644 2360 3744 2414 καὶ

2161 2452 2490 2524 ἐπιστήμης,
2525 2453 2614 2506 τὸν
2643 2452 2777 2506 Θεοῦ
2805 2453 2971 2521 Λόγον
2994 2453 3074 2516 είς
3101 2449 3264 2505 αὑτὸν
3303 2452 3585 2524 χωρήσας.

2240 2654 2259 2688 t
2297 2636 2394 2689 Ὃν
2427 2636 2626 2708 τρόπον
2673 2635 3029 2706 ἐκστήσονται
3078 2635 3173 2688 ἐπὶ
3223 2635 3283 2689 σὲ
3327 2633 3532 2698 πολλοὶ,
3565 2635 3739 2698 οὕτως

2165 2728 2414 2799 ἀδοξήσει
2440 2728 2548 2782 ἀπὸ
2575 2727 2683 2780 τῶν
2712 2727 3011 2800 ἀνθρώπων
3033 2727 3092 2780 τὸ
3116 2723 3250 2790 εἶδός
3277 2743 3392 2792 σου,
3425 2728 3518 2781 καί⁵
3547 2728 3580 2798 ἡ
3609 2726 3738 2797 δόξα

2165 2835 2257 2871 σου
2308 2818 2414 2871 ἀπὸ
2457 2818 2565 2870 τῶν
2609 2817 2738 2870 υἱῶν
2787 2815 3106 2889 ἀνθρώπων.
3170 2815 3326 2870 Οὕτω
3369 2815 3736 2887 θαυμάσονται

2164 2909 2288 2980 ἔθνη
2311 2909 2478 2962 πολλά
2506 2909 2768 2979 ἐπάὑτῷ,
2794 2909 2887 2962 καὶ
2918 2909 3195 2974 συνέξουσι
3221 2908 3457 2979 βασιλεῖς
3480 2909 3542 2960 τὸ
3565 2907 3738 2978 στόμα

2164 3003 2344 3055 αὐτῶν
2365 3018 2378 3031 °
2413 3003 2494 3055 ὃτι
2527 2996 2606 3066 οἷς
2650 3003 2750 3054 οὐκ
2795 3001 3066 3072 ἀνηγγέλη
3101 3001 3228 3071 περὶ
3262 2999 3426 3052 αὑτοῦ
3447 3041 3460 3066 ,
3495 2999 3734 3069 Move-at.

2163 3094 2258 3146 καὶ
2298 3093 2346 3146 οἳ
2384 3094 2484 3146 οὐκ
2517 3093 2809 3163 ἀκηκόασι,
2854 3094 3163 3162 συνήσουσι.
3205 3111 3222 3144 ι
3255 3090 3426 3143 Τοῦτο
3453 3091 3560 3160 γὰρ
3583 3086 3651 3162 ἦν
3672 3091 3736 3156 τὺ

483 3178 755 3245 movebat,
776 3193 970 3249 nempe
995 3182 1137 3250 quod
1165 3181 1534 3252 evangelicum
1559 3184 1782 3237 verbum
1807 3184 1871 3238 ad
1891 3200 2058 3240 remo-

2165 3184 2390 3254 κινῆσαν
2416 3186 2541 3248 τοὺς
2573 3161 2830 3254 βασιλεῖς,
2866 3161 3009 3252 λέγω
3042 3183 3104 3253 δὴ
3135 3182 3196 3236 τὸ
3228 3182 3540 3252 διαδραμεῖν
3570 3161 3733 3236 αῦτοῦ

483 3270 720 3326 tissimas
761 3281 949 3342 gentes
997 3274 1340 3342 pervaderet.
1399 3275 1466 3330 Et
1517 3275 1633 3330 liazc
1681 3276 1898 3346 quidem
1933 3278 2059 3333 olim

483 3366 655 3418 verbo
707 3364 1242 3433 pra-nuntiabantur,
1291 3381 1352 3422 re
1403 3375 1582 3420 autem
1629 3369 1896 3436 completa
1942 3379 2066 3424 sunt

482 3454 536 3508 iu
567 3455 864 3511 Salvatoris
894 3457 961 3512 ad
991 3473 1086 3512 eos
1120 3458 1354 3512 adventu
1384 3475 1401 3512 ι
1436 3474 1598 3528 quem
1626 3459 1798 3514 oculis
1834 3475 1956 3514 cum
1990 3461 2062 3514 vi-

482 3546 673 3600 derent
719 3544 912 3613 Judmi,
973 3563 1268 3616 vocemque
1323 3549 1441 3620 eius
1493 3551 1767 3618 audirent,
1827 3567 1925 3608 nec
1976 3553 2059 3607 in-

480 3634 841 3699 tellexerunt,
894 3653 997 3692 nec
1043 3637 1282 3708 loquenti
1337 3655 1496 3695 aures
1546 3641 1934 3710 praebuerunt;
1987 3642 2058 3697 ita

480 3738 539 3780 ut
573 3729 736 3783 etiam
783 3730 1061 3800 prophetia
1100 3731 1188 3786 illa
1228 3730 1342 3800 jam
1376 3732 1652 3802 prmmissa
1683 3733 1736 3786 in
1773 3732 1876 3788 illis
1911 3749 2060 3788 com-

481 3821 758 3891 pieretur,
809 3842 828 3875 ι
862 3823 1059 3876 Auditu
1089 3824 1344 3890 audietis,
1385 3834 1440 3880 et
1483 3839 1588 3879 non
1623 3826 1972 3895 intelligetis;
2005 3835 2058 3881 et

480 3916 840 3986 respicientes
873 3919 1198 3988 respicietis,
1237 3929 1296 3974 et
1338 3935 1442 3974 non
1479 3919 1752 3975 videbitis.
1785 3937 1806 3972 ι

1043 4097 1272 4156 CAPUT
1326 4099 1455 4155 LIII.

547 4189 712 4246 Vsus.
747 4191 799 4245 l.
838 4188 1130 4258 (Domine,
1165 4195 1288 4262 quis
1317 4195 1549 4249 credidit
1576 4195 1778 4250 auditni
1825 4201 2055 4253 nostro?

475 4289 534 4334 et
584 4283 866 4335 brachium
918 4283 1132 4338 Domini
1183 4285 1267 4338 cui
1303 4286 1600 4340 revelatum
1635 4289 1760 4342 est?
1792 4308 1810 4341 ι
1858 4289 2055 4343 Miran-

477 4373 610 4425 tium
647 4387 796 4427 more
827 4373 920 4426 Dei
957 4376 1270 4444 prepltette,
1316 4375 1556 4432 Iudaicre
1597 4380 1773 4448 gentis
1804 4382 2054 4435 incredu-

476 4463 682 4518 litatem
734 4475 1060 4532 cernentes,
1119 4481 1182 4521 ac
1235 4469 1473 4537 gentium
1530 4473 1938 4525 conversionem
1998 4485 2051 4526 et

474 4556 886 4624 obseqttentiam
939 4557 1222 4623 videntes,
1273 4561 1385 4614 haec
1439 4561 1708 4615 dicebant.
1764 4561 2047 4616 Bracltium

475 4659 639 4714 porro
687 4645 818 4711 Dei,
873 4647 1204 4717 unigenitum
1259 4650 1452 4706 Filium
1501 4653 1680 4706 vocari
1736 4653 2052 4724 plerumque

475 4737 1021 4792 commonstravimuo
1067 4756 1082 4794 ι
1121 4741 1212 4809 qui
1262 4757 1658 4814 consequenter
1707 4747 1771 4800 ad
1822 4749 2052 4815 promte-

474 4826 584 4880 tica
613 4826 751 4880 dicta
795 4828 1142 4885 credentibus
1191 4833 1243 4886 in
1285 4833 1456 4902 ipsum
1505 4837 1755 4906 gentibus
1805 4841 2051 4908 cognitus

472 4926 579 4972 est.
617 4934 639 4970 ι
664 4919 1117 4976 Annuntiavimus
1147 4939 1160 4976 :
1187 4926 1342 4994 quasi
1381 4929 1638 4994 parvulus
1671 4931 1722 4983 iu
1755 4941 2046 4999 conspectu

473 5007 613 5077 ejus,
665 5010 808 5064 sicut
849 5012 1003 5067 radix
1033 5013 1086 5067 in
1121 5023 1265 5070 terra
1293 5017 1518 5072 sitienti.
1568 5019 1683 5074 Non
1723 5033 1808 5076 est
1843 5025 2048 5090 species

472 5103 547 5166 ei,
586 5116 762 5170 neque
790 5101 960 5173 gloria
997 5121 1012 5159 :
1051 5115 1108 5158 et
1138 5107 1374 5161 vidimus
1419 5126 1562 5176 etttu,
1594 5122 1645 5164 et
1677 5129 1778 5165 non
1817 5113 2050 5168 ltalxeliat

473 5195 748 5260 speciem,
803 5210 981 5266 neque
1037 5197 1310 5253 decorem.
1347 5218 1365 5252 ι
1423 5200 1524 5255 Per
1575 5213 1771 5258 terram
1826 5207 2046 5273 inviam,

474 5279 749 5353 Virginem
767 5286 1091 5351 subindicat,
1111 5304 1270 5356 quam
1297 5305 1455 5342 nemo
1475 5291 1603 5344 adiit
1640 5309 1653 5344 :
1694 5309 1788 5362 per
1813 5296 2045 5350 radicem

471 5385 624 5436 vero,
650 5376 895 5429 eamdem
921 5377 1089 5444 ipsam
1117 5379 1184 5431 de
1212 5395 1314 5446 qua
1343 5380 1638 5445 dicebatur,
1681 5402 1698 5434 ι
1725 5384 2048 5455 Egredietur

471 5463 622 5531 virga
649 5465 716 5518 de
746 5467 925 5519 radice
956 5465 1146 5531 Jessze,
1179 5478 1231 5521 et
1261 5469 1361 5524 llos
1405 5473 1470 5524 de
1505 5474 1686 5528 radice
1716 5473 1830 5542 ejus
1852 5495 2042 5535 ascen-

469 5555 564 5608 det
582 5557 622 5610 ⁸.
637 5575 655 5606 ι
668 5555 797 5609 Nam
817 5559 888 5611 ibi
907 5573 1121 5628 quoque
1139 5576 1465 5616 ascensurus
1489 5578 1607 5618 esse
1625 5565 1809 5622 (IICCIN
1822 5579 1925 5634 tur,
1949 5573 2042 5626 sed

469 5643 538 5693 dc
559 5643 734 5695 radice
762 5643 928 5698 Jessm
948 5662 962 5709 ;
985 5647 1070 5700 hic
1087 5657 1266 5701 autem
1285 5664 1350 5703 ex
1373 5665 1664 5708 memorata
1688 5665 1828 5712 terra
1868 5661 2034 5716 invia.

548 5734 564 5763 ¹
599 5733 798 5802 I’ltilip.
832 5752 888 5801 ιι,
927 5739 983 5792 0.
1059 5741 1078 5770 '
1114 5739 1183 5795 Is.
1233 5761 1305 5810 ιι,
1345 5749 1393 5802 1.

2163 3278 2253 3332 τὸν
2291 3277 2639 3348 εὐαγγελικὸν
2672 3278 2826 3347 λόγον
2858 3278 2951 3331 καὶ
2977 3277 3070 3330 ἐπὶ
3108 3277 3176 3330 τά
3206 3276 3542 3348 πορρωτάτω
3576 3275 3720 3346 ἔθνη.

2162 3371 2272 3423 Καὶ
2305 3371 2477 3425 ταῦτα
2518 3371 2614 3442 μὲν
2651 3370 2830 3440 λόγοις
2861 3369 3176 3435 ἐθεσπίζετο
3219 3369 3385 3424 πάλαι
3408 3386 3422 3400 ο
3455 3369 3638 3440 ἔργοις
3678 3368 3734 3422 δὲ

2162 3461 2484 3535 ἐπληροῦτο,
2541 3463 2634 3515 ἐπὶ
2673 3459 2771 3532 τῆς
2811 3464 2890 3525 είς
2937 3462 3132 3525 αὐτοὺς
3163 3462 3255 3515 τοῦ
3293 3462 3541 3532 Σωτῆρος
3575 3460 3733 3531 ήμῶν

2161 3556 2428 3628 παρόδου’
2478 3555 2536 3608 ὃν
2584 3553 2883 3625 ὀφθαλμοῖς
2935 3553 3134 3618 ἰδόντες
3200 3552 3462 3606 Ἰουδαίων
3519 3551 3723 3615 παῖδες,

2163 3648 2346 3717 φωνῆς
2382 3664 2442 3700 τε
2472 3646 2636 3700 αὑτοῦ
2669 3645 3097 3708 ὑπακούσαντες,
3135 3642 3254 3698 οῦτε
3297 3642 3555 3712 συνῆκαν,
3602 3639 3723 3695 δῦτε

2160 3738 2408 3792 λαλοῦντι
2457 3737 2727 3808 παρέσχον
2756 3737 2852 3807 τὴν
2874 3737 3070 3806 ἀκοήνο
3106 3735 3242 3788 ῶστε
3273 3733 3366 3786 καὶ
3389 3732 3486 3803 τὴν
3510 3731 3720 3805 ἐμπρο-

2161 3830 2286 3883 σθεν
2317 3828 2653 3900 προφητείαν
2687 3829 2766 3890 είς
2782 3827 2978 3890 αὐτοὺς
2993 3823 3405 3896 πεπληρῶσθαι,
3440 3825 3538 3896 τὴν
3564 3825 3728 3895 φήσα-

2160 3939 2257 3976 σαν
2278 3964 2292 3987 ,
2331 3941 2350 3974 ι
2398 3923 2559 3992 Ἀκοῇ
2593 3919 2879 3983 ἀκούσετε,
2913 3919 3005 3973 καὶ
3033 3921 3094 3972 οὐ
3128 3920 3202 3991 μὴ
3243 3919 3472 3988 συνῆτεο
3501 3919 3596 3972 καὶ
3617 3917 3732 3988 βλι-

2157 4029 2348 4075 ποντες
2379 4011 2624 4081 βλέψετε,
2655 4009 2825 4062 καίοὑ
2858 4007 2932 4079 μὴ
2957 4007 3123 4078 ἴδητε.
3143 4026 3160 4058 ι

2680 4101 3069 4156 ΚΕΦΑΛΑΙΟΝ
3111 4100 3235 4154 NP.

2189 4203 2196 4212 '
2231 4215 2249 4248 t
2279 4194 2470 4268 Κύριε,
2503 4192 2584 4256 τίς
2623 4193 2908 4246 ἐπίστευσε
2937 4193 3003 4262 τῇ
3028 4192 3165 4262 ἀκοῇ
3203 4189 3394 4260 ἡμῶνς
3430 4190 3523 4244 καὶ
3548 4191 3576 4243 ό
3605 4189 3731 4262 βρα-

2155 4289 2285 4360 χίων
2312 4288 2518 4360 Κυρίου
2558 4288 2664 4341 τίνι
2707 4283 3100 4355 ἀπεκαλύφθης
3144 4303 3161 4334 ι
3206 4282 3727 4354 ’Δποθαυμαστικῶς

2153 4383 2202 4433 οἱ
2238 4379 2331 4433 τοῦ
2381 4379 2514 4433 Θεοῦ
2559 4378 2853 4450 προφῆται,
2903 4377 3002 4448 τὴν
3059 4376 3312 4429 ἀπιστίαν
3355 4375 3588 4446 ὁρῶντες
3629 4373 3725 4427 τοῦ

2167 4471 2434 4524 Ἰουδαίων
2467 4470 2670 4533 ἔθνους,
2705 4471 2803 4541 τήν
2827 4486 2887 4521 τε
2927 4467 3034 4520 τῶν
3066 4467 3232 4520 ἐθνῶν
3266 4468 3602 4540 ἐπιστροφὴν
3632 4467 3728 4520 καὶ

2156 4563 2400 4634 ὑπακοὴν
2454 4561 2737 4633 θεώμενοι,
2782 4561 2934 4615 ταῦτ’
2963 4559 3168 4627 ἔλεγον.
3218 4560 3488 4630 Βραχίονα
3527 4559 3582 4612 δὲ
3631 4557 3726 4612 τοῦ

2153 4655 2288 4708 Θεοῦ
2325 4655 2446 4724 λέγε
2456 4654 2578 4706 σθαι
2598 4654 2689 4706 τὸν
2715 4653 2972 4725 μονογενῆ
2993 4651 3142 4713 Υίὸν,
3176 4651 3432 4713 πολλάκις
3455 4647 3730 4713 ἀπεδείξα-

2157 4763 2284 4818 μεν·
2316 4747 2374 4810 ὃς
2407 4747 2540 4799 πᾶσι
2595 4748 2706 4809 τοῖς
2749 4747 2826 4808 είς
2857 4744 3017 4798 αὑτὸν
3051 4743 3472 4796 πεπιστευκόσιν
3517 4741 3727 4794 ἔθνεσιν

2154 4835 2404 4906 ἐγνώσθη
2447 4837 2558 4899 τοῖς
2592 4838 2900 4906 προφήταις
2937 4832 3264 4895 ἀκολούθως.
3307 4851 3323 4882 ι
3375 4828 3726 4902 Ἀνηγγείλα-

2156 4944 2288 4999 μεν’
2325 4928 2400 4990 ὡς
2434 4926 2646 4980 παιδίον
2675 4926 2914 4979 ἐναντίον
2956 4923 3153 4978 αὑτοῦ·
3188 4923 3263 4986 ὡς
3306 4923 3431 4994 ῥίζα
3463 4924 3521 4974 ἐν
3555 4923 3623 4990 γῇ
3645 4920 3727 4973 διοη

2149 5018 2328 5091 dating.
2360 5021 2473 5072 Οὐκ
2501 5018 2646 5072 ἐστιν
2675 5016 2812 5081 εἶδος
2846 5016 3016 5088 αὐτῷ,
3053 5015 3173 5068 οὐδὲ
3203 5014 3358 5081 δόξαι
3394 5015 3486 5066 καὶ
3514 5013 3728 5083 εἴδομεν

2151 5112 2334 5174 αὐτὸν,
2372 5111 2464 5164 καὶ
2505 5111 2605 5163 οὐκ
2643 5108 2786 5180 εἶχεν
2815 5105 2974 5172 εἶδος,
3010 5107 3135 5160 οὔτε
3173 5106 3385 5169 κάλλος.
3429 5124 3446 5157 ι
3483 5105 3590 5176 Γῆν
3627 5103 3728 5174 μὲν

2150 5204 2348 5257 ἄϐατον
2388 5203 2755 5273 αἰνιττόμενος
2791 5201 2890 5272 τήν
2909 5199 3205 5271 Παρθένον,
3236 5195 3303 5269 ἦς
3331 5197 3507 5259 οὐδεὶς
3537 5195 3725 5248 ἐπιδέ-

2151 5296 2346 5367 6ηκεν’
2376 5293 2530 5364 ῥίζαν
2557 5293 2613 5346 δέ
2639 5294 2736 5364 τὴν
2766 5293 3000 5364 ἐκείνην,
3033 5292 3161 5361 περὶ
3190 5287 3259 5363 ἦς
3277 5289 3515 5358 ἐλέγετο,
3553 5306 3572 5338 ι
3609 5285 3729 5350 Ἐξ-

2154 5387 2438 5439 ελεύσεται-
2463 5386 2656 5458 ῥάϐδος
2685 5388 2751 5439 ἐκ
2779 5386 2876 5455 τῆς
2896 5384 3052 5454 ῥίζης
3089 5383 3306 5444 Ἰεσσαὶ,
3335 5377 3428 5434 καὶ
3460 5379 3619 5441 ἄνθος
3659 5381 3726 5431 ἐκ

2150 5479 2248 5548 τῆς
2294 5478 2448 5549 ῥίζης
2499 5478 2852 5548 ἀναϐήσεται.
2903 5496 2922 5528 ι
2968 5476 3143 5529 Κάκεῖ
3197 5474 3304 5545 γάρ
3355 5471 3726 5543 ἀναδήσεσθαι

2145 5570 2416 5642 ἐδηλοῦτο,
2466 5569 2580 5622 ἀλλ’
2614 5571 2730 5622 ἐκεῖ
2777 5570 2874 5640 μὲν
2919 5569 2984 5622 ὲκ
3032 5567 3131 5636 τῆς
3174 5567 3329 5637 ῥίζης
3369 5563 3588 5627 Ἰεσσαὶ,
3637 5563 3728 5616 tvo

2144 5661 2317 5716 ταῦθα
2353 5662 2407 5716 δέ
2444 5662 2551 5716 ἀπὸ
2576 5662 2675 5731 τῆς
2708 5661 2907 5716 ἀεάτον
2935 5661 3034 5730 γῆς
3070 5659 3167 5730 τῆς
3192 5655 3544 5731 δηλωθείσης.
