4130 6392
367 394 500 452 ,457

1309 395 1809 451 COMMENTARIA
1849 393 1918 449 IN
1958 389 2214 446 ISAI;\.\I.
2261 417 2325 426 -—
2368 384 2519 438 CAP.
2566 382 2694 436 LIII.

3532 387 3633 441 458

466 529 486 564 ι
521 509 682 564 Ἀλλὰ
713 511 773 563 τὸ
801 505 937 574 εἶδος
973 511 1136 564 αὐτοῦ
1168 511 1380 582 ἄτιμον,
1406 512 1500 564 καὶ
1529 513 1777 564 ἐκλεῖπον
1813 510 1961 581 παρὰ

2136 507 2299 560 Vens.
2329 506 2381 567 5,
2415 503 2468 556 4.
2509 522 2526 554 ι
2554 501 2659 556 Sed
2690 501 2900 568 species
2926 501 3044 570 ejus
3073 501 3392 554 inhonorata
3417 509 3470 554 et
3503 500 3638 554 deﬂ-

385 605 514 668 τοὺς
547 605 696 666 υἱοὺς
723 603 831 658 τῶν
856 604 1177 677 ἀνθρώπων.
1214 606 1534 677 Ἀνθρωπος
1569 606 1626 656 ἐν
1657 604 1836 674 πληγῇ
1865 601 1959 665 ῶν,

387 696 483 750 καὶ
507 693 662 757 εἰδὼς
681 695 864 765 φέρειν
885 695 1178 764 μαλακίαν,
1196 697 1276 749 ὅτι
1297 696 1676 767 ἀπέστραπται
1712 695 1771 747 τὺ
1791 695 1895 766 πρό
1906 712 1963 747 σ-

385 801 534 838 ωπον
570 783 756 845 αὑτοῦ,
787 785 1087 857 ἡτιμάσθη,
1129 787 1221 840 καὶ
1260 789 1360 840 οὐκ
1387 787 1659 858 ἐλογίσθη.
1679 780 1844 851 Οὗτος
1866 788 1961 851 τὰς

387 873 665 946 ἁμαρτίας
692 877 849 946 ἡμῶν
877 877 1052 949 φέρει,
1094 879 1190 932 καὶ
1214 879 1343 950 περὶ
1370 879 1532 950 ἡμῶν
1558 879 1840 932 ὀδυνᾶταιο
1868 882 1961 932 καὶ

386 968 549 1038 ἡμεῖς
596 965 960 1037 ἐλογισάμεθα
1005 967 1169 1020 αὐτὸν
1225 964 1365 1021 εἶναι
1417 969 1474 1020 ἐν
1526 968 1709 1038 πόνῳ,
1770 969 1863 1021 καὶ
1904 970 1961 1020 ἐν

385 1057 592 1129 πληγῇ,
623 1061 717 1112 καὶ
745 1061 803 1111 ἐν
831 1058 1094 1114 κακώσει.
1131 1079 1149 1110 ι
1194 1061 1504 1114 Κοινοποιεῖ
1531 1060 1586 1112 δέ
1617 1063 1645 1114 ὁ
1678 1063 1962 1132 προφήτης

385 1150 806 1219 συγκαταλέγων
840 1152 934 1204 καὶ
983 1152 1174 1204 ἑαυτὸν
1195 1152 1288 1205 διὰ
1312 1152 1717 1224 φιλανθρωπίαν
1745 1157 1855 1217 τοῖς
1887 1155 1959 1225 μὴ

383 1242 766 1314 λογισαμένοις
802 1243 895 1296 τὸν
927 1244 1078 1315 Σωτῆ
1091 1261 1190 1315 ραο
1231 1246 1344 1298 Οὐκ
1382 1245 1744 1316 ἐλογισάμεθα
1776 1247 1957 1310 αὑτὸν,

377 1335 505 1387 οὐδὲ
532 1334 1071 1406 προσεποιησάμεθα,
1103 1336 1224 1389 οὐδὲ
1263 1339 1594 1408 ἐννοήσαμεν
1614 1339 1698 1401 τίς
1721 1355 1850 1390 ποτε
1869 1334 1955 1408 ἦν.

396 1427 455 1481 '0
469 1427 526 1480 δὲ
542 1423 609 1498 ἦν
635 1427 746 1497 ἄρα
760 1430 787 1482 ὁ
807 1428 914 1480 τῶν
938 1428 1220 1501 ἡμετέρων
1243 1430 1428 1501 ψυχῶν
1454 1432 1604 1504 Σωτὴ
1613 1450 1663 1503 ρ,
1697 1433 1961 1504 ἰατρεύων

381 1514 581 1574 αὐτῶν,
617 1515 713 1566 καὶ⁹
754 1514 1032 1586 καθαίρων
1081 1517 1259 1589 πάσης
1289 1519 1584 1590 ἁμαρτίας.
1631 1521 1768 1574 Ἀλλ’
1800 1509 1960 1594 ἡμεῖς

385 1604 485 1675 μὲν
509 1600 597 1658 οἷα
621 1606 804 1676 νήπιοι
826 1607 1030 1678 ταύτην
1055 1609 1270 1678 εἴχομεν
1306 1613 1434 1682 περὶ
1456 1611 1620 1665 αὐτοῦ
1651 1613 1749 1682 τὴν
1773 1613 1955 1680 δόξαν·

381 1699 410 1748 ό
440 1695 496 1748 δὲ
523 1695 698 1750 ταῦτα
725 1698 902 1751 πάντα
930 1699 1136 1768 ἔπασχε
1165 1699 1230 1753 δι’
1263 1701 1442 1771 ἡμῶν,
1493 1703 1581 1756 ἵνα
1619 1706 1652 1774 ἡ
1663 1705 1770 1774 μᾶς
1811 1706 1959 1758 ἐλευ-

379 1784 596 1858 θερώσῃ
625 1786 808 1858 πάσης
837 1787 951 1858 ἁμα
960 1789 1130 1858 ρτίας.

455 1978 474 2010 ι
514 1961 689 2024 Auro;
717 1962 773 2015 δὲ
801 1965 1208 2038 ἐτραυματίσθη
1241 1967 1328 2020 διὰ
1355 1967 1455 2029 τὰς
1485 1969 1756 2040 ἁμαρτίας
1779 1973 1956 2042 ἡμῶν,

380 2053 474 2106 καὶ
523 2053 927 2122 μεμαλάκισται
974 2056 1064 2109 διὰ
1103 2058 1202 2121 τὰς
1239 2059 1468 2129 ἀνομίας
1513 2061 1690 2131 ἡμῶν.
1737 2063 1959 2116 Παιδεία

380 2147 604 2217 εἰρήνης
641 2147 797 2217 ἡμῶν
832 2150 917 2202 ἐπ’
947 2151 1136 2206 αὐτόν’
1195 2153 1274 2223 τῷ
1311 2154 1537 2224 μώλωπι
1591 2153 1754 2208 αὐτοῦ
1802 2156 1962 2225 ἡμεῖς

388 2237 634 2308 ίάθημεν.
677 2259 694 2290 ι
728 2240 858 2292 Τότε
896 2240 1026 2308 γοῦν
1059 2243 1155 2295 καὶ
1188 2245 1473 2316 συνετρίϐη
1509 2247 1600 2299 καὶ
1627 2245 1958 2316 ἐϐεϐηλώθη,

389 2329 528 2383 κατὰ
550 2330 639 2383 τὸν
678 2331 930 2394 Ἀκύλαν,
967 2334 1062 2386 καὶ
1088 2334 1263 2388 πάντα
1290 2336 1357 2390 τὰ
1390 2337 1643 2409 χείριστα
1675 2339 1958 2409 ὑπέμεινε,

390 2423 453 2474 οὐ
481 2421 567 2475 διά
588 2441 729 2487 τινος
761 2424 968 2488 οἰκείας
997 2427 1291 2497 ἁμαρτίας,
1338 2428 1425 2482 διὰ
1454 2429 1509 2482 δὲ
1538 2429 1637 2493 τὰς
1667 2430 1958 2501 ἡμετέρας.

387 2511 497 2566 Καὶ
530 2513 744 2580 γέγονεν
775 2515 807 2584 ἡ
843 2513 1058 2567 παιδεία
1077 2516 1175 2584 τῆς
1202 2518 1424 2589 εἰρήνης
1461 2519 1617 2590 ἡμῶν
1647 2521 1731 2572 ἐπ’
1759 2521 1920 2574 αὐτόν
1945 2540 1956 2550 ·

383 2604 525 2674 ἅπερ
555 2605 664 2677 γὰρ
697 2604 865 2677 ἐχρῆν
895 2608 1046 2676 ἡμᾶς
1075 2608 1269 2662 παθεῖν
1294 2611 1716 2681 παιδευομένους
1750 2611 1837 2665 διὰ
1864 2613 1961 2678 τὰς

379 2695 653 2767 ἁμαρτίας
679 2699 777 2762 τὰς
806 2702 1100 2773 ἡμετέρας,
1135 2701 1288 2757 ταῦτ’
1329 2704 1414 2756 ἐπ’
1452 2703 1612 2757 αὑτὸν
1628 2700 1790 2775 ἦλθεν
1822 2705 1963 2778 ὑπὲρ

379 2787 478 2857 τῆς
505 2790 777 2862 ἡμετέρας
796 2794 1018 2865 εἰρήνης
1032 2795 1131 2864 τῆς
1161 2795 1296 2866 πρὸς
1311 2795 1460 2850 Θεόν.
1492 2797 1643 2851 Ἐπεὶ
1658 2799 1749 2852 καὶ
1771 2798 1960 2869 μώλω-

378 2896 488 2943 πας
533 2881 682 2945 εἰκὸς
721 2878 791 2954 ἦν
819 2885 983 2938 αὑτὸν
1029 2885 1215 2956 φέρειν
1249 2885 1391 2939 κατὰ
1432 2887 1526 2940 τοῦ
1576 2888 1828 2960 σώματος
1872 2892 1964 2944 καὶ

373 2970 690 3041 τραύματα,
726 2975 1059 3045 τυπτόμενον
1102 2977 1196 3030 καὶ
1238 2978 1696 3049 μαστιγούμενον,
1739 2981 1963 3046 καὶτὰς

363 3060 527 3130 ὕψεις
554 3063 935 3136 ῥαπιζόμενον,
973 3069 1073 3140 τήν
1109 3086 1168 3122 τε
1200 3070 1442 3142 κεφαλὴν
1469 3071 1701 3143 καλάμῳ
1733 3073 1962 3144 παιόμε-

369 3173 485 3210 νον.
529 3157 674 3227 Πλὴν
708 3160 756 3212 οε
800 3159 1065 3230 μώλωπες
1107 3153 1252 3214 οὗτοι
1301 3147 1543 3234 σωτῆρες
1595 3159 1736 3235 ἦσαν
1781 3165 1958 3235 ἡμῶν.

379 3268 401 3298 ς
441 3247 532 3318 Τῷ
562 3268 580 3299 ι
609 3248 717 3321 γὰρ
755 3270 773 3301 ι
820 3250 1046 3321 μώλωπι
1087 3251 1250 3306 αὐτοῦ
1281 3255 1440 3323 ἡμεῖς
1475 3253 1724 3325 ίάθημεν.
1757 3276 1775 3307 ι
1806 3256 1962 3322 Τίνες

369 3337 434 3390 δὲ
457 3339 616 3409 ἡμεῖς
639 3340 752 3394 ἀλλ’
777 3341 808 3412 ἢ
836 3344 882 3395 οὶ
911 3341 1079 3396 πάλαι
1106 3342 1485 3414 πλανηθέντες,
1514 3347 1608 3398 καὶ
1642 3345 1716 3417 μὴ
1745 3346 1964 3413 λογισά-

369 3446 530 3499 μενοι
552 3428 734 3497 αὐτὸν,
765 3431 900 3503 μηδέ
930 3432 1201 3497 συνιέντες
1231 3430 1313 3497 τίς
1347 3452 1476 3488 ποτε
1513 3430 1622 3506 ἦν;

458 3669 477 3698 ι
509 3651 719 3717 Πάντες
751 3670 827 3716 ως
856 3653 1110 3725 πρόϐατα
1139 3655 1524 3728 ἐπλανήθημεν
1545 3673 1558 3686 ·
1589 3657 1874 3730 ἄνθρωπος
1895 3658 1962 3726 τῇ

369 3741 482 3812 όδῷ
516 3744 678 3798 αὑτοῦ
733 3745 1031 3818 ἐπλανήθη.
1068 3748 1180 3801 Καὶ
1207 3748 1411 3820 Κύριος
1449 3748 1764 3820 παρέδωκεν
1803 3748 1965 3803 αὐτὸν

375 3837 500 3899 ταῖς
525 3835 822 3907 ἁμαρτίαις
849 3838 1037 3909 ἡμῶνο
1068 3842 1163 3894 καὶ
1193 3840 1354 3904 αὐτὸς
1393 3841 1483 3894 διὰ
1529 3841 1589 3894 τὸ
1617 3839 1965 3894 κεκακῶσθαι

371 3926 480 3980 οὐκ
500 3927 705 3994 ἀνοίγει
729 3929 791 3982 τὸ
815 3930 989 3999 στόμα
1011 3930 1199 3984 αὐτοῦ·
1219 3931 1295 3994 ὡς
1326 3931 1604 4000 πρόϐατον
1636 3931 1728 3984 ἐπὶ
1754 3932 1966 4003 σφαγὴν

375 4016 546 4088 ἤχθη,
577 4017 670 4070 καὶ
700 4019 774 4082 ὡς
806 4020 977 4090 ἀμνὸς
1011 4021 1253 4074 ἐναντίον
1294 4019 1388 4074 τοῦ
1429 4020 1703 4091 κείροντος
1729 4022 1962 4092 ἄφωνος,

365 4107 554 4170 ὀὕτως
581 4109 681 4162 οὐκ
707 4111 911 4180 ἀνοίγει
942 4113 1003 4166 τὺ
1030 4117 1222 4184 στόμα.
1257 4134 1276 4165 ι
1307 4114 1498 4177 Ἀλλος
1531 4115 1640 4186 γὰρ
1659 4115 1823 4187 ἄλλην
1846 4116 1964 4169 ὁδὸν

2073 595 2221 650 ciens
2249 610 2360 665 pra:
2387 593 2509 647 ﬁliis
2540 592 2837 647 hominum.
2868 589 3042 645 I'Iomo
3077 591 3126 643 in
3156 590 3307 660 pIaga
3347 589 3638 663 exsistens,

2070 697 2126 742 et
2155 688 2330 741 sciens
2364 685 2508 740 ferre
2540 682 2910 737 inﬁrmitatem
2945 700 2958 737 :
2993 683 3117 751 quia
3162 696 3383 736 aversus
3414 690 3497 736 est
3521 681 3637 735 vul-

2072 789 2158 831 tus
2181 776 2316 843 ejus,
2351 775 2639 843 despectus
2677 782 2732 826 et
2777 787 2880 825 non
2913 780 3210 839 reputatus.
3260 768 3377 840 Ipse
3415 779 3635 839 peccata

2069 878 2251 924 nostra
2285 876 2502 937 portat,
2534 876 2589 919 et
2620 879 2718 933 pro
2746 865 2899 919 nobis
2928 865 3113 918 dolet:
3140 873 3196 918 et
3233 879 3330 919 nos
3371 865 3638 933 reputavi-

2070 971 2188 1010 mus
2227 970 2346 1010 eum
2394 968 2515 1008 esse
2555 956 2605 1006 iu
2659 954 2861 1016 dolore,
2911 963 2966 1007 et
3013 954 3065 1007 in
3103 953 3276 1022 plaga,
3321 961 3375 1006 et
3414 952 3465 1004 in
3499 950 3635 1004 ami-

2062 1046 2268 1100 ctione.
2304 1064 2321 1095 ›
2358 1042 2414 1097 In
2446 1043 2716 1098 communi
2748 1043 3006 1112 propheta
3058 1043 3316 1111 loquitur,
3366 1057 3486 1097 sese
3530 1057 3637 1109 pra:

2071 1136 2425 1190 humanitatis
2468 1133 2663 1188 aiiectu
2700 1135 2763 1188 iis
2792 1148 3219 1196 connumerans,
3271 1135 3361 1202 qui
3391 1133 3634 1188 Salvato-

2072 1241 2182 1281 rem
2241 1241 2346 1279 non
2402 1233 2788 1292 reputaverunt
2832 1240 2845 1276 :
2899 1223 3014 1277 Non
3071 1225 3438 1293 reputavimus
3490 1238 3636 1285 eum,

2070 1333 2245 1388 neque
2277 1321 2453 1388 ipsum
2481 1318 2634 1373 nobis
2662 1318 3012 1382 adscivimus,
3059 1331 3236 1388 neque
3280 1316 3636 1386 cogitavimus

2060 1411 2189 1481 quis
2215 1419 2379 1466 esset.
2411 1409 2538 1478 Ipse
2562 1424 2688 1463 vero
2713 1409 3017 1462 animarum
3051 1417 3354 1460 nostrarum
3382 1404 3633 1459 Servatot

2067 1511 2207 1567 erat,
2238 1518 2268 1556 a
2299 1500 2606 1555 vulneribus
2636 1513 2862 1563 curans,
2896 1509 2950 1553 et
2979 1511 3213 1566 purgans
3243 1495 3485 1549 ab-omni
3517 1509 3640 1563 peco

2068 1600 2207 1646 cato.
2268 1590 2373 1644 Sed
2429 1604 2526 1644 nos
2581 1589 2822 1657 quidem,
2878 1596 3060 1656 utpote
3107 1585 3358 1648 infantes,
3407 1601 3524 1639 eam
3575 1589 3638 1638 do

2068 1683 2160 1738 illo
2191 1682 2478 1737 habuimus
2524 1679 2985 1734 existimationem
3027 1697 3042 1732 :
3089 1678 3174 1731 ille
3210 1692 3338 1731 vero
3382 1677 3494 1730 haec
3524 1692 3639 1730 om-

2066 1775 2155 1829 nia
2220 1789 2318 1844 per
2382 1788 2482 1828 nos
2540 1785 2731 1841 passus
2798 1780 2917 1832 est,
2969 1779 3028 1824 ut
3096 1784 3193 1824 nos
3251 1768 3510 1823 liberaret
3572 1768 3639 1820 ab

1991 1873 2032 1927 Β
2067 1866 2212 1920 omni
2247 1874 2491 1934 peccato.

2138 1958 2302 2011 Vens.
2328 1957 2381 2010 5.
2419 1974 2438 2004 ‹
2465 1955 2583 2025 Ipse
2607 1963 2789 2010 autem
2817 1953 3132 2007 vulneratus
3162 1959 3243 2005 est
3269 1959 3487 2020 propter
3518 1963 3638 2018 pec-

2062 2056 2183 2100 cata
2226 2055 2432 2106 nostra,
2485 2053 2540 2098 et
2594 2043 2901 2097 inlirmatus
2950 2051 3031 2096 est
3073 2050 3292 2109 propter
3327 2040 3640 2110 iniquitates

2063 2145 2296 2190 nostras.
2361 2134 2650 2202 Disciplina
2699 2133 2848 2200 pacis
2893 2142 3088 2187 nostrae
3139 2146 3300 2199 super
3352 2147 3472 2185 eum
3507 2149 3521 2185 :
3557 2134 3639 2184 vi-

2065 2228 2182 2282 bice
2231 2227 2350 2296 ejus
2399 2227 2571 2280 sanati
2618 2240 2832 2280 smnus.
2868 2243 2885 2274 ι
2925 2226 3078 2279 Tunc
3106 2225 3267 2294 igitur
3291 2224 3560 2278 contritus
3585 2233 3639 2277 et

2063 2318 2378 2388 profanatas
2433 2329 2552 2380 est,
2614 2318 2908 2372 secundum
2955 2316 3221 2386 Aquilam,
3279 2330 3343 2369 ac
3401 2315 3635 2383 pessima

2064 2425 2288 2479 qtneque
2317 2425 2607 2480 perpessus
2651 2421 2756 2473 est,
2802 2425 2907 2465 non
2937 2411 3006 2463 ob
3045 2411 3320 2477 proprium
3362 2409 3636 2477 quoddam

2065 2511 2366 2572 peccatum,
2393 2503 2484 2557 sed
2518 2503 2589 2556 ob
2632 2511 2848 2572 peccata
2879 2512 3086 2555 nostra.
3131 2501 3193 2555 Et
3227 2500 3327 2554 fuit
3356 2500 3636 2568 disciplina

2065 2597 2212 2664 pacis
2254 2605 2451 2649 nostrae
2478 2609 2642 2663 super
2670 2609 2790 2647 eum
2819 2612 2836 2660 ;
2890 2609 3012 2646 cum
3045 2609 3106 2647 ea
3137 2608 3258 2661 quae
3295 2593 3365 2647 ob
3416 2601 3636 2662 peccata

2067 2697 2254 2741 nostra
2289 2701 2386 2740 nos
2429 2686 2633 2754 perpeti
2668 2699 2801 2754 opus
2833 2694 2975 2746 erat,
3007 2685 3119 2738 haec
3161 2683 3260 2751 ipsi
3309 2697 3636 2748 supervene-

2067 2787 2193 2832 runt
2223 2792 2318 2846 pro
2339 2789 2471 2845 pace
2502 2784 2682 2829 nostra
2711 2790 2834 2829 cum
2863 2775 2976 2828 Deo
3000 2773 3340 2827 stabilienda.
3370 2772 3637 2837 Quoniam

2065 2877 2119 2922 et
2153 2868 2417 2923 vibicibus
2468 2876 2521 2921 et
2577 2865 2894 2920 vulneribus
2946 2874 3058 2919 toto
3109 2878 3337 2934 corpore
3386 2863 3637 2916 (inustum

2067 2959 2234 3013 fuisse
2265 2956 2559 3013 verisimile
2589 2965 2690 3019 cst,
2739 2965 2919 3026 utpote
2964 2955 3055 3025 qui
3096 2969 3406 3023 percussus,
3431 2951 3638 3023 ﬂagel-

2069 3051 2230 3114 latus,
2265 3049 2316 3102 in
2359 3048 2498 3101 facie
2528 3046 2770 3114 colaphis
2804 3060 2998 3106 caesus,
3031 3054 3084 3099 et
3124 3045 3177 3097 in
3226 3044 3401 3112 capite
3430 3046 3640 3098 calamo

2066 3157 2352 3213 percussus
2411 3141 2592 3194 fuerit.
2639 3139 2906 3193 Cmterum
2959 3137 3159 3190 vibices
3200 3136 3504 3206 hujusmodi
3555 3151 3641 3188 sa-

2067 3236 2163 3290 luti
2218 3233 2371 3288 nobis
2422 3243 2576 3288 erant
2625 3251 2639 3285 :
2694 3247 2816 3285 nam
2872 3231 3090 3284 «vibice
3142 3230 3257 3300 ejus
3310 3245 3409 3283 nos
3462 3229 3639 3284 sanati

2066 3345 2271 3384 sumus.
2308 3347 2323 3378 ι
2369 3325 2474 3380 Nos
2520 3339 2670 3388 vero,
2724 3324 2966 3393 quinam,
3022 3323 3120 3377 nisi
3167 3322 3257 3391 qui
3308 3322 3438 3375 olim
3486 3337 3642 3375 erra-

2064 3422 2265 3484 vimus,
2297 3433 2393 3472 nec
2450 3415 2813 3486 reputavimus
2862 3429 3010 3479 eunt,
3062 3429 3235 3483 neque
3286 3413 3640 3484 ceguovimus

2064 3514 2186 3582 quis
2211 3511 2392 3566 esset?

2139 3647 2304 3704 Vens.
2322 3647 2378 3709 6,
2406 3647 2454 3698 7.
2493 3665 2514 3697 ι
2534 3644 2735 3702 Omnes
2762 3642 2916 3712 quasi
2949 3638 3441 3703 oreserravitntts;
3474 3639 3639 3694 homo

2067 3743 2232 3797 invia
2278 3755 2374 3795 sua
2408 3739 2631 3793 erravit.
2676 3738 2738 3792 Et
2768 3736 3033 3790 Dominus
3075 3732 3298 3787 tradidit
3344 3746 3470 3787 eum
3513 3745 3641 3801 pec-

2066 3833 2204 3890 catis
2232 3833 2434 3889 nostris
2464 3849 2479 3886 :
2510 3839 2569 3886 et
2600 3831 2713 3900 ipse
2743 3837 2968 3898 propter
3001 3824 3340 3879 al'ﬁictionem
3382 3837 3492 3877 non
3513 3837 3641 3891 ape»

2068 3926 2140 3980 rit
2197 3941 2260 3979 os
2307 3939 2486 3979 suum.
2517 3922 2675 3978 Sicut
2714 3922 2831 3975 ovis
2856 3920 2924 3974 ad
2955 3918 3282 3973 occisionem
3316 3916 3509 3971 ductus
3532 3926 3638 3980 est,

2067 4027 2122 4072 et
2172 4018 2313 4072 sicut
2360 4030 2530 4086 agnus
2568 4028 2751 4069 coram
2797 4011 3050 4066 tondente
3078 4010 3197 4065 sine
3224 4022 3377 4073 voce,
3423 4007 3501 4062 sic
3531 4023 3638 4062 non

2067 4110 2351 4178 aperitos.
2381 4128 2400 4160 ι
2431 4109 2588 4164 Alius
2614 4107 2776 4161 aliam
2805 4104 2930 4160 iniit
2958 4105 3100 4158 viam
3129 4102 3360 4166 erroris,
3404 4101 3529 4171 quia
3575 4101 3640 4156 de

2069 4200 2160 4255 illo
2201 4201 2351 4254 varia
2397 4209 2450 4254 et
2489 4199 2760 4254 contraria
2807 4195 3116 4260 sentiebat;
3163 4204 3220 4248 at
3265 4193 3339 4247 illi
3380 4209 3487 4248 non
3517 4194 3640 4248 sine

379 4200 588 4254 ὥδευσε
643 4202 872 4274 πλάνης.
927 4205 1160 4278 διάφορα
1216 4208 1344 4277 περὶ
1388 4205 1554 4262 αὐτοῦ
1604 4208 1699 4261 καὶ
1749 4209 1964 4262 ἐναντία

365 4292 645 4365 δοξάσης·
680 4295 760 4366 τῷ
794 4297 852 4350 δὲ
899 4299 1007 4370 ἄρα
1040 4299 1142 4353 οὐκ
1179 4299 1328 4353 ἀθεεὶ
1353 4299 1563 4368 ἐγίνετο
1584 4300 1654 4354 τά
1682 4299 1960 4370 γινόμενα.

2066 4306 2232 4362 scopo
2279 4301 2334 4345 et
2367 4291 2472 4346 ﬁne
2495 4294 2733 4361 quodam
2778 4291 2892 4344 haec
2919 4295 3232 4342 evenerunt.
3263 4285 3384 4356 Ipse
3407 4300 3640 4355 namque

380 4385 554 4450 Αὐτὸς
577 4386 686 4458 γάρ
710 4387 898 4442 ἑαυτὸν
921 4391 1207 4462 παρεδίδου
1230 4391 1258 4443 ὁ
1275 4391 1480 4463 Κύριος
1504 4391 1646 4464 ὑπὲρ
1669 4391 1775 4446 τῶν
1796 4394 1961 4466 ἁμαρ-

2068 4385 2326 4439 Dominus
2363 4396 2484 4438 sese
2511 4383 2730 4436 tradidit
2759 4395 2858 4449 pro
2897 4379 3136 4449 peccatis
3176 4376 3396 4439 nostris,
3439 4385 3496 4430 ut
3539 4391 3640 4446 pro

368 4477 513 4530 ·τιῶν
556 4480 734 4550 ἡμῶν,
782 4481 869 4534 ἵνα
911 4483 1134 4554 γένηται
1176 4484 1471 4556 ἀντίψυχον
1511 4485 1606 4539 καὶ
1649 4487 1961 4557 ἀντίλυτρον

2068 4476 2372 4530 animarum
2416 4483 2728 4530 nostrarum
2777 4471 3145 4540 redemptione
3191 4470 3421 4540 pretium
3471 4481 3637 4526 esset.

379 4568 558 4640 ἡμῶν.
587 4569 744 4624 Οὕτω
760 4573 868 4643 γὰρ
896 4575 988 4627 καὶ
1030 4576 1226 4646 Ἀμνὸς
1247 4577 1342 4630 τοῦ
1373 4575 1508 4630 Θεοῦ
1535 4576 1775 4646 γέγονεν,
1793 4578 1961 4650 αἴρων

2068 4567 2161 4624 Sic
2204 4570 2348 4623 enim
2389 4576 2442 4622 et
2482 4569 2668 4638 Agnus
2699 4565 2790 4620 Dei
2822 4563 2998 4618 factus
3025 4571 3131 4628 est,
3180 4563 3269 4631 qui
3305 4561 3442 4615 tollit
3477 4572 3640 4631 atque

381 4662 478 4714 καὶ
512 4663 926 4735 περικαθαίρων
961 4665 1059 4734 τὴν
1094 4667 1366 4739 ἁμαρτίαν
1405 4668 1498 4722 τοῦ
1532 4668 1757 4739 κόσμου.
1810 4670 1868 4723 Ὀ
1909 4670 1961 4724 δὲ

2069 4671 2261 4732 purgat
2282 4672 2562 4731 peccatqu
2590 4659 2793 4712 mundi.
2821 4656 3181 4726 Symmachus
3204 4665 3407 4716 autem,
3437 4675 3456 4706 ι
3483 4652 3643 4709 Obla-

377 4753 699 4826 Σύμμαχος,
749 4774 768 4806 ι
802 4757 1190 4828 Προσηνέχθη,
1239 4760 1394 4827 φησὶ,
1477 4761 1570 4814 καὶ
1614 4761 1776 4824 αὐτὸς
1821 4762 1963 4833 ὑπή-

379 4863 565 4900 κουσε.
598 4867 616 4898 ι
657 4847 772 4902 Τίνι
802 4848 858 4901 δὲ
879 4848 1228 4920 προσηνέχθη
1255 4851 1369 4903 ἀλλ’
1408 4852 1440 4922 ἡ
1471 4853 1549 4924 τῷ
1579 4854 1824 4924 Πιλάτῳ;
1854 4856 1964 4908 Καὶ

371 4940 569 5011 ’ἐπειδὴ
592 4940 1065 5011 κατηγορούμενος
1095 4940 1324 5007 ἐσιώπα,
1360 4945 1454 4996 καὶ
1481 4945 1958 5017 ψευδομαρτυροὺ-

382 5047 544 5101 μενος
570 5033 719 5086 οὐδὲν
740 5033 1094 5104 ἀπεκρίνατο,

457 5185 476 5218 ι
530 5169 616 5222 Ἐν
644 5171 710 5240 τῇ
745 5166 984 5223 κακώσει
1019 5170 1052 5240 ἡ
1089 5168 1270 5240 κρίσις
1303 5167 1474 5222 ἀὐτοῦ
1505 5169 1668 5242 ἤρθη.
1713 5170 1824 5244 Τὴν
1863 5191 1955 5242 γε-

379 5258 508 5314 νεὰν
536 5260 700 5313 αὐτοῦ
721 5261 804 5322 τίς
833 5261 1152 5332 διηγήσεται
1178 5278 1192 5326 ;
1222 5261 1340 5315 Ὅτι
1368 5259 1582 5333 αἴρεται
1616 5263 1723 5316 ἀπὸ
1742 5263 1838 5334 τῆς
1857 5267 1959 5335 γῆς

436 5347 547 5420 ζωὴ
572 5350 756 5437 ab“:on
793 5352 899 5404 ἀπὸ
923 5351 1029 5403 τῶν
1052 5351 1290 5422 ἀνομιῶν
1309 5352 1401 5404 τοῦ
1430 5352 1562 5406 λαοῦ
1600 5372 1700 5425 μου
1724 5355 1860 5427 ἡχθη
1881 5359 1960 5420 εἰς

356 5434 632 5526 ἓῦάνατον.
674 5459 692 5492 ι
728 5434 955 5493 Διελθὼν
991 5441 1156 5494 αὐτοῦ
1191 5440 1258 5494 τὰ
1294 5441 1464 5512 πάθη,
1508 5444 1820 5514 ἀναπέμπει
1861 5444 1960 5516 τὴν

379 5529 490 5586 τῶν
510 5529 813 5584 ἀκουόντων
847 5531 1086 5585 διάνοιαν
1121 5533 1215 5585 ἐπὶ
1248 5533 1349 5606 τὴν
1372 5533 1472 5603 τῆς
1504 5533 1767 5602 γενέσεως
1799 5535 1964 5588 αὐτοῦ

384 5621 706 5690 φαντασίαν,
758 5621 1054 5690 ἐπιλέγων·
1107 5641 1126 5672 ι
1167 5622 1279 5694 Τὴν
1310 5623 1500 5693 γενεὰν
1545 5623 1707 5678 αὑτοῦ
1751 5623 1837 5687 τίς
1879 5623 1966 5676 δι-

377 5713 691 5784 ηγήσεταις
733 5733 751 5764 ι
805 5713 937 5766 Τότε
995 5711 1102 5782 γὰρ
1153 5714 1386 5785 μάλιστά
1412 5733 1495 5779 τις
1547 5714 1731 5786 μεῖζον
1778 5715 1963 5768 λοιπὸν

382 5807 621 5879 λήψεται
655 5806 841 5877 θαῦμα
891 5806 990 5874 τῆς
1035 5805 1142 5857 τῶν
1180 5805 1452 5859 τοσούτων
1495 5809 1790 5877 ὑπομονῆς,
1836 5809 1960 5861 ὅταν

707 5925 978 5986 Parnm.
1006 5919 1370 5986 Gn.XXIV.

2069 4763 2157 4808 tus
2201 4763 2302 4814 est,
2351 4753 2448 4818 ait,
2499 4760 2554 4806 et
2596 4750 2710 4818 ipse
2746 4750 3004 4804 obedivit.
3037 4767 3057 4801 ι
3106 4748 3202 4803 Cui
3253 4764 3382 4804 vero
3425 4749 3641 4803 oblatus

2065 4853 2169 4910 est,
2207 4845 2306 4899 nisi
2344 4843 2554 4897 Pilato?
2594 4842 2662 4896 Et
2692 4843 2817 4911 quia
2847 4851 3130 4896 accusatus
3161 4842 3346 4905 tacuit,
3391 4855 3447 4895 et
3485 4842 3640 4897 falsis

2065 4937 2296 4992 testibus
2324 4935 2456 4990 nihil
2490 4935 2788 5005 respondit,

2135 5160 2306 5216 Vens.
2337 5160 2391 5215 8.
2423 5179 2445 5212 1
2467 5159 2524 5212 In
2567 5158 2861 5215 aIIIictione
2897 5159 3156 5229 judicium
3188 5159 3306 5226 ejus
3337 5158 3503 5209 latum
3533 5164 3635 5209 est.

2065 5252 2486 5310 Generationem
2530 5252 2647 5320 ejus
2680 5255 2800 5322 quis
2823 5251 3133 5307 enarrabit?
3178 5250 3312 5316 Quia
3343 5248 3544 5302 tollitur
3574 5250 3642 5301 de

2067 5357 2211 5402 terra
2245 5349 2351 5402 vita
2382 5346 2518 5415 ejus.
2564 5348 2647 5401 Ab
2683 5348 3058 5417 iniquitatibus
3085 5345 3271 5416 populi
3305 5343 3411 5396 mei
3445 5344 3638 5396 ductus

2066 5449 2149 5494 est
2177 5439 2241 5492 ad
2282 5449 2534 5493 mortem.
2572 5458 2591 5489 ι
2638 5437 2926 5508 Postquam
2968 5439 3241 5492 cruciatus
3289 5433 3406 5503 ejus
3453 5446 3641 5486 recen-

2066 5531 2196 5595 suit,
2227 5531 2534 5586 auditorum
2567 5541 2801 5586 mentem
2839 5532 2905 5584 ad
2944 5527 3310 5599 generationis
3348 5525 3466 5592 ejus
3488 5524 3639 5593 cogi-

2066 5623 2324 5676 tationem
2377 5621 2715 5684 transmittit,
2766 5623 2885 5675 haec
2925 5619 3182 5685 adjicicns
3223 5635 3236 5670 :
3277 5615 3640 5671 «Generatio-

2069 5729 2188 5768 nem
2217 5712 2334 5780 ejus
2366 5713 2488 5781 quis
2511 5713 2792 5768 enarrabit
2814 5713 2837 5766 ?
2863 5731 2881 5764 υ
2901 5711 3065 5768 ..Nam
3103 5719 3214 5762 tum
3253 5709 3486 5762 maxime
3515 5708 3640 5775 qui-

2068 5809 2148 5862 vis
2179 5805 2371 5874 majori
2399 5806 2469 5860 ob
2493 5807 2806 5876 patientiam
2843 5805 2960 5873 eius
2989 5801 3350 5856 admiratione
3375 5801 3637 5872 capietur,

3242 5917 3318 5976 15
