4130 6394
497 424 602 482 459

1163 423 1427 479 EUSEBII
1467 424 1943 481 CIESARIENSIS
1983 429 2132 483 OPP.
2176 428 2355 482 PARS
2395 430 2480 483 Ill.
2521 461 2589 470 —
2631 429 3046 486 EXEGETICA.

3648 437 3751 494 £60

495 559 618 599 cum
670 557 849 598 secum
907 544 1231 609 reputaverit
1291 543 1413 612 quis
1476 552 1533 597 et
1584 544 1762 612 qualis
1835 545 1924 599 ille
1977 547 2048 598 sit

2179 548 2255 608 ei;
2288 547 2495 600 ἔννοιαν
2532 547 2660 620 ἔλθῃ
2692 548 2774 611 τίς
2805 548 2880 600 ὢν
2913 549 3007 600 καὶ
3034 549 3235 611 ὁποῖος,
3279 550 3371 602 καὶ
3404 551 3466 603 ὲκ
3492 549 3626 605 Θεοῦ
3653 567 3720 622 γε
3741 573 3752 582 ’

494 647 549 689 et
582 636 724 706 quod
770 650 834 688 ex
887 634 995 687 Deo
1036 644 1197 686 natus
1257 635 1670 703 unigenitusque
1720 636 1843 689 talia
1891 637 2071 691 susti—

495 728 694 783 nuerit.

566 865 729 919 Vens.
755 863 809 919 9.
852 881 872 915 ι
904 863 973 918 Ει
1010 863 1148 918 dabo
1178 865 1453 933 improbos
1491 879 1592 935 pro
1622 866 1896 934 sepultura
1930 868 2068 937 ejus,

489 966 542 1008 et
584 956 776 1009 divites
820 971 918 1025 pro
965 968 1141 1010 morte
1173 955 1290 1024 ejus
1340 978 1350 1011 :
1403 959 1530 1026 quia
1581 958 1923 1027 iniquitatem
1964 977 2066 1014 non

490 1048 637 1110 fecit,
685 1061 863 1116 neque
905 1047 1086 1100 dolum
1132 1047 1184 1101 in
1234 1062 1329 1102 ore
1381 1064 1498 1104 suo.
1529 1068 1547 1099 ι
1591 1050 1722 1115 Quis
1755 1051 1932 1117 dabit,
1962 1052 2067 1107 nisi

488 1139 862 1193 universorum
911 1137 1122 1206 judex?
1169 1149 1224 1193 et
1265 1154 1401 1208 quos
1436 1140 1607 1205 dabit,
1663 1141 1768 1194 nisi
1813 1155 1928 1206 eos,
1975 1145 2063 1210 qui

487 1229 636 1296 prius
681 1237 971 1283 memorata
1019 1237 1417 1298 perpetrarunt,
1453 1244 1588 1296 quos
1621 1231 1825 1296 statim,
1855 1248 1953 1287 nec
1975 1233 2063 1286 diu

487 1335 671 1390 posma
695 1360 710 1384 ,
749 1320 988 1375 inimicis
1022 1329 1075 1376 et
1110 1322 1354 1375 hostibus
1401 1319 1774 1375 obsidentibus
1811 1324 2064 1377 tradidit?

484 1413 560 1466 Ac
594 1412 755 1468 etiam
789 1410 1072 1466 confestim
1125 1411 1339 1476 accidit,
1383 1420 1440 1462 ut
1485 1413 1745 1466 memoria
1782 1427 1968 1467 eorum
1996 1429 2062 1468 ex

486 1503 796 1560 hominibus
836 1501 1167 1567 auferretur,
1209 1503 1297 1570 qui
1333 1503 1458 1555 olim
1507 1505 1644 1572 apud
1674 1503 1891 1560 Juclmos
1923 1507 2061 1559 mul-

467 1593 596 1650 tum
655 1596 979 1650 auctoritate
1031 1596 1324 1658 Valebant,
1379 1595 1776 1650 Pharisaaorum
1829 1597 2058 1660 scilicet,

467 1683 798 1740 Scribarum
838 1697 892 1740 et
929 1685 1391 1751 Saddncreorum;
1435 1686 1502 1740 ad
1551 1689 1663 1741 haec
1703 1703 1850 1750 vero,
1884 1703 2063 1743 sacer-

483 1775 668 1830 dotum
715 1787 766 1831 et
817 1783 1154 1831 summorum
1206 1777 1556 1846 pontiticum,
1611 1795 1814 1834 necnon
1851 1794 2057 1840 eorum.

482 1867 575 1936 qui
625 1868 771 1936 regia
819 1883 984 1936 penes
1029 1868 1174 1938 ipsos
1203 1868 1465 1933 dignitate
1509 1867 1801 1939 fulgebant.
1835 1867 1968 1924 Nam
2007 1872 2057 1923 hi
2094 1898 2133 1950 Β

483 1967 629 2025 sunt,
679 1959 771 2028 qui
817 1959 919 2014 hoc
966 1960 1082 2019 low
1120 1959 1314 2014 divites
1357 1959 1740 2030 appellantur:
1776 1979 1911 2031 quos
1955 1978 2056 2017 non

483 2051 579 2104 diu
606 2061 788 2120 postea
821 2052 898 2105 ira
934 2051 1025 2106 Dei
1055 2052 1272 2120 invasit,
1306 2056 1433 2124 quia
1469 2053 1874 2125 impeccabilem
1901 2054 2061 2109 Chri-

481 2149 662 2207 stum,
719 2145 810 2198 tali
866 2144 1131 2213 supplicio
1183 2146 1524 2201 dediderant.
1565 2166 1583 2197 ι
1626 2148 1756 2212 Quia
1801 2147 2052 2216 iniquita-

482 2245 586 2288 tem
622 2251 726 2288 non
759 2234 904 2301 fecit,
953 2251 1128 2305 neque
1173 2236 1354 2291 dolum
1388 2236 1441 2289 in
1485 2251 1579 2290 ore
1627 2251 1744 2290 suo.
1777 2255 1793 2286 ι
1841 2236 1915 2288 De
1945 2235 2059 2302 ejus

479 2341 575 2382 seu
613 2326 778 2380 verbo
825 2342 917 2381 seu
949 2341 1113 2396 opere
1163 2326 1616 2396 impeccabilitate
1649 2327 1860 2395 loquor,
1896 2342 2055 2393 quam

481 2421 532 2471 in
562 2420 707 2472 omni
745 2419 854 2472 vita
890 2435 983 2472 sua
1015 2419 1273 2474 obtinuit.
1316 2436 1334 2468 ι
1371 2417 1539 2472 Nemo
1569 2418 1732 2487 igitur
1765 2434 1930 2488 purus
1958 2417 2052 2471 fuit

474 2525 507 2563 a
557 2510 742 2572 sorde,
794 2509 1011 2562 etiamsi
1070 2510 1229 2562 unius
1283 2508 1388 2562 diei
1444 2508 1602 2563 fuerit
1652 2510 1756 2562 vita
1817 2509 1932 2577 ejus
1955 2509 1997 2574 ³,
2033 2528 2050 2559 ι

465 2602 582 2655 nisi
619 2602 751 2669 ipse.

551 2713 714 2768 Vens.
745 2715 830 2767 10.
869 2733 888 2763 ε
923 2715 986 2766 Et
1029 2711 1288 2766 Dominus
1339 2714 1452 2766 vult
1507 2713 1768 2766 mundare
1804 2714 1980 2782 ipsum
2027 2729 2054 2767 a

477 2807 656 2876 plaga.
687 2824 705 2856 ι
743 2805 848 2859 Pro
879 2804 1129 2859 omnibus
1151 2819 1282 2874 ergo
1307 2803 1395 2856 ille
1425 2813 1668 2856 mortuus
1696 2814 1799 2866 est,
1839 2813 1895 2857 ut
1931 2820 2057 2872 pur-

478 2905 631 2967 garet
659 2906 714 2950 et
747 2895 957 2950 tolleret
987 2905 1268 2964 peccatum
1302 2895 1520 2961 mundi;
1552 2895 1906 2965 quamobrem
1945 2911 1976 2950 e
1999 2913 2056 2951 re

494 2988 594 3041 ιιι-ο
621 2985 912 3040 aestimavit
944 2985 1082 3038 Deus
1121 2997 1174 3039 et
1205 2984 1383 3047 Pater,
1420 2987 1462 3038 si
1500 3002 1620 3040 eum
1663 3002 1692 3038 a
1726 2986 1911 3056 plaga.
1943 2989 2055 3043 sive

477 3081 546 3131 ab
577 3077 722 3131 illata
752 3079 1002 3148 passione
1034 3087 1313 3147 purgaret.
1363 3097 1380 3129 ι
1415 3078 1471 3132 Si
1510 3079 1764 3132 dederitis
1797 3096 1891 3148 pro
1923 3095 2051 3149 pec-

483 3178 636 3236 ῑιιιο,
691 3170 871 3222 anima
931 3180 1108 3221 vestra
1179 3169 1381 3222 videbit
1433 3183 1618 3222 semen
1675 3168 1994 3234 long-.evnm.
2027 3188 2045 3219 ι

2175 654 2334 706 γλεννη
2345 637 2501 705 μένος
2531 640 2824 708 μονογενὴς
2847 637 3017 690 ταῦτα
3053 639 3225 690 πάντα
3254 637 3486 710 ὑπέστη.

2247 876 2263 907 ι
2301 858 2410 910 Καὶ
2438 857 2594 912 δώσω
2620 861 2746 923 τοὺς
2779 860 3051 931 πονηροὺς
3080 860 3200 913 ἀντὶ
3223 861 3322 931 τῆς
3349 864 3526 934 ταφῆς
3557 861 3744 930 αὑτοῦ,

2171 949 2264 1002 καὶ
2289 950 2414 1012 τοὺς
2447 951 2736 1014 πλουσίους
2763 953 2883 1004 ἀντὶ
2918 951 3011 1006 τοῦ
3046 952 3278 1007 θανάτου
3305 955 3496 1008 αὑτοῦ·
3524 957 3606 1010 ὅτι
3625 959 3742 1012 ἀνο-

2171 1039 2297 1108 μίαν
2329 1039 2430 1092 οὐκ
2463 1040 2712 1110 ἐποίησε,
2764 1041 2886 1094 οὐδὲ
2905 1041 3052 1094 δόλον
3074 1043 3131 1096 ἐν
3151 1042 3230 1114 τῷ
3263 1044 3489 1114 στόματι
3522 1046 3741 1100 αὑτοῦ.»

2168 1129 2263 1192 Τίς
2296 1130 2352 1183 δὲ
2385 1131 2546 1185 δώσει
2576 1133 2607 1202 ἢ
2637 1134 2666 1184 ό
2695 1132 2803 1184 τῶν
2841 1133 2977 1186 ὅλων
3015 1136 3244 1207 κριτήςς
3271 1136 3364 1189 καὶ¹
3392 1136 3595 1208 τίναςῆ
3620 1139 3747 1202 τοὺς

2167 1225 2234 1278 τά
2266 1225 2534 1296 εἰρημένα
2562 1226 2912 1297 δεδρακότας,
2943 1225 3038 1290 οὓς
3074 1229 3167 1280 καὶ
3202 1230 3518 1300 παρέδωκεν
3547 1231 3752 1287 αὐτίκα.

2166 1317 2260 1370 καὶ
2282 1319 2382 1370 οὐκ
2417 1318 2496 1381 εἰς
2529 1318 2744 1388 μακρὰν
2772 1318 3008 1389 ἐχθροῖς,
3041 1321 3134 1373 καὶ
3164 1321 3465 1391 πολεμίοις,
3514 1323 3609 1376 καὶ
3645 1340 3745 1378 πο·

2165 1411 2514 1481 λιορκηταῖς;
2556 1411 2620 1462 Ὃ
2664 1409 2728 1480 δὴ
2760 1411 2853 1463 καὶ
2884 1411 3014 1464 αὐτὸ
3049 1414 3392 1484 παραχρῆμα
3427 1415 3648 1484 συνέϐη,
3685 1417 3748 1482 ὲξ

2163 1501 2466 1574 ἀνθρώπων
2497 1502 2859 1573 ἀφανισθῆναι
2888 1504 2950 1556 τὸ
2981 1505 3322 1574 μνημόσυνον
3356 1505 3535 1558 αὐτῶν
3575 1507 3746 1560 πάλαι

2164 1595 2316 1666 παρὰ
2356 1594 2622 1648 Ἰουδαίων
2652 1593 2824 1648 πολλὰ
2861 1593 3264 1665 δεδυνημένων,
3306 1595 3614 1667 Φαρισαίων
3649 1599 3746 1650 καὶ

2163 1687 2557 1757 γραμματέων,
2584 1687 2676 1738 καὶ¹
2703 1686 3093 1740 Σαδδουκαίων⁸
3113 1687 3204 1739 καὶ
3230 1686 3310 1740 ἔτι
3334 1688 3469 1755 πρὸς
3497 1687 3707 1752 τούτοις
3727 1730 3742 1753 ,

2165 1779 2354 1849 ἱερέων
2383 1796 2441 1830 τε
2469 1779 2562 1831 καὶ
2593 1777 2913 1850 ἀρχιερέων,
2939 1778 3034 1830 καὶ
3062 1778 3169 1830 τῶν
3195 1781 3324 1848 παρ’
3356 1780 3539 1842 αὐτοῖς
3590 1778 3746 1848 βασι.-

2162 1870 2285 1941 λικῇ
2320 1869 2446 1940 ἀξίᾳ
2475 1869 2873 1940 τετιμημένων.
2922 1863 3079 1922 Οὗτοι
3119 1870 3228 1941 γὰρ
3254 1865 3394 1940 ἦσαν
3422 1871 3472 1922 οἱ
3507 1869 3741 1923 ἐνταῦθα

2162 1961 2444 2032 λεγόμενοι
2469 1961 2749 2014 πλούσιοι·
2786 1959 2880 2024 οὒς
2917 1960 3182 2031 μετῆλθεν
3216 1962 3314 2014 ούκ
3339 1963 3420 2025 είς
3461 1962 3677 2034 μακρὰν
3706 1963 3741 2033 ἡ

2161 2055 2296 2126 ὀργὴ
2326 2053 2419 2108 τοῦ
2461 2053 2617 2118 Θεοῦ,
2651 2053 2782 2106 διότι
2818 2053 3202 2123 ἀναμάρτητον
3227 2053 3357 2106 ὄντα
3391 2053 3480 2106 τὸν
3509 2052 3742 2125 Χριστὸν

2161 2146 2384 2218 τοιαύτῃ
2412 2145 2631 2198 κολάσει
2659 2143 3114 2214 ὑποὸεὸλήκασιν.
3143 2161 3162 2195 ι
3201 2147 3324 2197 Ὅτι
3371 2146 3598 2216 ἀνομίαν
3638 2147 3742 2199 οὐκ

2162 2239 2434 2308 ἐποίησεν,
2459 2237 2579 2290 οὐδὲ
2622 2237 2768 2290 δόλον
2785 2240 2842 2292 ὲν
2857 2239 2935 2309 τῷ
2953 2239 3182 2310 στόματι
3198 2239 3414 2292 αὐτοῦ.‹
3426 2238 3584 2306 Λέγω
3601 2237 3663 2308 δὴ
3679 2237 3742 2290 τὸ

2159 2329 2224 2382 δι’
2245 2329 2371 2399 ὅλης
2401 2329 2501 2398 τῆς
2537 2326 2632 2381 τοῦ
2663 2328 2777 2398 βίου
2803 2327 2947 2400 ζωῆς
2973 2330 3360 2401 ἀναμάρτητον
3388 2332 3445 2382 ὲν
3461 2327 3607 2399 λόγῳ
3646 2327 3743 2384 καὶ

2161 2420 2324 2491 ἔργῳ.
2363 2438 2381 2469 ‹
2416 2419 2607 2482 Οὐδεὶς
2632 2414 2725 2472 οὖν
2761 2417 3004 2491 καθαρὸς
3025 2421 3250 2488 γέγονεν
3277 2419 3386 2472 ἀπὸ
3408 2418 3605 2489 ῥύπου,
3628 2419 3741 2473 οὐδ’

2160 2516 2206 2565 εί
2235 2512 2333 2583 μία
2358 2512 2540 2583 ἡμέρα
2566 2507 2633 2584 ἦν
2666 2513 2698 2582 ἡ
2729 2510 2842 2582 ζωὴ
2881 2511 3068 2576 αὐτοῦ,
3102 2531 3120 2561 ι
3146 2510 3178 2581 ἢ
3209 2510 3371 2578 μόνος
3400 2509 3582 2571 αὐτὸς.

2235 2729 2252 2759 ‹
2296 2711 2404 2763 Καὶ
2432 2711 2635 2786 Κύριος
2673 2713 2919 2783 βούλεται
2952 2715 3250 2786 καθαρίσαι
3280 2716 3444 2769 αὐτὸν
3477 2716 3578 2785 τῆς
3604 2716 3739 2787 πλην

2157 2802 2278 2872 γῆς.
2318 2822 2335 2853 ι
2364 2803 2571 2855 Οὐκοῦν
2604 2804 2745 2875 ὑπὲρ
2776 2807 2992 2859 πάντων
3016 2807 3175 2868 αὐτὸς
3204 2806 3496 2869 ἀπέθανεν,
3532 2807 3614 2859 ἵνα
3645 2823 3738 2860 κα-

2157 2893 2296 2963 θάρῃ
2338 2896 2431 2946 καὶ
2473 2895 2699 2967 περιέλῃ
2723 2897 2821 2967 τὴν
2853 2897 3126 2968 ἁμαρτίαν
3146 2897 3238 2950 τοῦ
3272 2897 3478 2968 κόσμου
3498 2915 3511 2926 ·
3547 2899 3624 2952 διὸ
3645 2899 3737 2953 καὶ

2156 2981 2370 3054 ἔκρινεν
2415 2985 2444 3034 ὁ
2475 2983 2607 3047 Θεὸς
2663 2986 2758 3037 καὶ
2807 2987 2993 3058 Πατὴρ
3030 2989 3192 3041 αὑτοῦ
3246 2988 3542 3057 καθαρίσαι
3578 2989 3738 3042 αὐτὸν

2155 3075 2254 3144 τῆς
2286 3075 2520 3146 πληγῆς,
2554 3077 2796 3129 τουτέστι
2819 3077 2910 3131 τοῦ
2938 3080 3320 3149 ἐπενεχθέντος
3343 3079 3491 3149 αὐτῷ
3513 3079 3732 3143 πάθους.

2161 3184 2177 3215 ι
2226 3166 2349 3218 Ἐὰν
2381 3167 2519 3219 δῶτε
2575 3169 2701 3239 περὶ
2758 3169 3114 3240 ἀμαρτίας,ή
3151 3169 3297 3240 ψυχὴ
3345 3170 3499 3240 ὑμῶν
3548 3171 3732 3238 ὄψεται

479 3261 626 3329 Quod
655 3263 729 3314 ait
763 3261 1067 3331 hujusmodi
1094 3271 1176 3315 est
1209 3277 1221 3312 :
1263 3260 1388 3314 Post
1415 3276 1474 3312 ea
1503 3275 1622 3329 qua
1657 3262 1906 3328 superius
1939 3277 2049 3316 tne-

2155 3256 2372 3326 σπέρμα
2401 3237 2712 3330 μακρόϐιον.
2750 3278 2768 3309 υ
2793 3237 2858 3312 Ὅ
2881 3237 2945 3312 δὲ
2987 3237 3136 3327 λέγει
3155 3237 3396 3313 τοιού-σόν
3422 3263 3556 3314 ἐστι.
3581 3237 3734 3314 Μετά

476 3357 826 3416 moraviums.
863 3355 908 3408 si
965 3354 1091 3423 quis
1125 3370 1187 3406 ex
1222 3353 1289 3408 iis
1318 3355 1408 3422 qui
1443 3363 1633 3407 contra
1668 3356 1842 3423 ipsum
1888 3354 2052 3422 impie

477 3455 719 3521 rgernnt,
753 3447 984 3502 voluerit
1019 3446 1246 3500 hostiam
1287 3444 1522 3507 elici-re;
1572 3446 1622 3500 id
1673 3456 1754 3500 est
1782 3486 1797 3510 ,
1834 3446 2048 3500 confes-

473 3543 683 3596 sionem
713 3548 768 3595 et
813 3539 1187 3609 pceniteutiam
1223 3549 1572 3607 peccatorum
1609 3539 1894 3600 exhibere,
1929 3539 1974 3591 is
2018 3554 2046 3590 a

472 3648 570 3702 spe
607 3634 748 3688 bona
798 3633 850 3686 in
902 3647 1023 3687 eum
1069 3634 1307 3700 reposita
1355 3645 1691 3700 nequaquam
1748 3631 2046 3684 delabetur.

473 3726 696 3781 Etiamsi
721 3728 865 3780 enim
897 3723 1102 3778 dictum
1145 3723 1330 3785 fuerit,
1386 3741 1404 3774 ι
1429 3723 1576 3776 Dabo
1611 3723 1800 3793 impios
1835 3737 1932 3791 pro
1963 3739 2050 3776 se-

471 3817 687 3886 pultura
720 3815 860 3884 ejus,
905 3823 960 3869 et
989 3815 1184 3870 divites
1227 3831 1324 3883 pro
1373 3824 1546 3869 morte
1571 3813 1727 3881 ejus;
1754 3834 1772 3867 ι
1810 3823 2046 3868 ιιιιιιιιιειι

472 3913 516 3964 si
549 3926 666 3971 vos,
697 3909 788 3978 qui
823 3908 950 3962 talia
991 3907 1107 3962 ausi
1151 3909 1302 3973 estis,
1339 3908 1536 3963 donum
1569 3923 1667 3976 pro
1700 3916 1918 3976 peccato
1951 3908 2046 3960 ob-

475 4003 730 4064 tuleritis,
761 4001 978 4055 veniam
1013 4000 1444 4069 consequemini,
1477 4001 1658 4052 anima
1693 4010 1867 4052 vestra
1898 3999 2046 4052 salu-

475 4106 579 4150 tem
604 4096 905 4157 obtinebit;
936 4092 1234 4162 quinetiam
1262 4107 1447 4146 semen
1484 4092 1782 4160 longaavuut
1812 4093 2044 4144 \‘itlehil:

470 4188 574 4244 hoc
621 4188 796 4258 ipsum
834 4185 1104 4246 videlicet,
1158 4185 1314 4254 qttod'
1341 4187 1407 4238 ab
1455 4185 1571 4253 ipso
1627 4185 1678 4236 in
1737 4184 2048 4238 hominum.

455 4295 720 4352 sparsum
756 4280 955 4344 funerat,
995 4279 1060 4333 de
1104 4294 1212 4348 quo
1259 4277 1311 4330 iu
1356 4274 1630 4346 parabolis
1681 4277 1903 4338 docens,
1939 4275 2048 4327 aie-

471 4375 603 4430 bat:
633 4393 651 4426 ι
682 4375 825 4428 Exiit
856 4375 947 4442 qui
988 4374 1220 4427 seminat
1267 4371 1538 4424 seminare
1561 4369 1616 4433 ‘;
1653 4387 1670 4418 ι
1719 4378 1774 4422 et
1808 4384 2047 4427 rursum,

477 4489 494 4518 ι
531 4469 717 4521 Simile
771 4479 855 4520 est
915 4479 1137 4534 regnum
1191 4462 1455 4518 (‘wlorum
1504 4460 1704 4514 homini
1761 4459 2044 4512 seminanti

469 4560 669 4616 bonum
701 4576 883 4615 semen
921 4562 971 4611 in
1007 4573 1137 4627 agro
1167 4572 1264 4609 suo
1294 4557 1338 4609 '.
1369 4575 1386 4606 ι

541 4761 706 4817 Vsus.
742 4763 826 4814 Η.
875 4781 891 4811 ι
917 4759 984 4812 Et
1027 4759 1141 4811 vult
1183 4757 1440 4810 Dominus
1485 4754 1704 4809 auferre
1749 4753 1816 4806 de
1865 4732 2042 4804 labore

469 4856 704 4910 animam
747 4853 880 4920 ejus,
932 4850 1217 4904 ostendere
1261 4848 1308 4902 ei
1353 4848 1550 4913 lucem,
1596 4856 1649 4901 et
1682 4845 1916 4898 formare
1959 4843 2039 4894 in-

472 4947 789 5014 telligentia,
812 4942 1111 5011 jusriﬁcare
1136 4940 1339 5007 jusuuu
1378 4941 1512 4994 bene
1551 4939 1874 4992 servientem
1909 4935 2040 4988 null.

469 5041 556 5097 tis.
585 5059 604 5092 ι
645 5038 698 5090 ιιι
731 5039 795 5090 de
824 5053 930 5090 uno
959 5034 1240 5090 Salvatore
1273 5041 1460 5084 nostro
1487 5030 1594 5084 dici
1636 5044 1730 5096 par
1762 5036 1844 5081 est
1868 5029 1904 5078 δι’
1919 5037 2041 5078 nam

464 5148 682 5201 semper
724 5132 777 5185 in
822 5146 983 5185 manu
1018 5128 1135 5198 ejus
1168 5127 1342 5180 Patris
1381 5122 1632 5177 voluntas
1677 5114 1831 5174 recte
1858 5131 2043 5186 proce-

467 5225 646 5280 debat.
686 5223 839 5282 Dedit
878 5232 1059 5276 autem
1090 5220 1193 5289 ipsi
1225 5218 1418 5278 lucem,
1449 5226 1506 5269 ut
1540 5229 1633 5268 eos
1657 5213 1748 5282 qui
1777 5211 2040 5282 justitiam

467 5331 564 5384 per
609 5298 784 5384 ipsum
820 5321 1260 5383 assequerentur,
1304 5308 1633 5362 illuminarct
1673 5323 1688 5360 :
1739 5304 2044 5373 intelligen-

469 5408 596 5460 tiam
626 5407 752 5459 itetn
795 5406 894 5474 ipsi
941 5403 1208 5467 contulit;
1253 5415 1373 5454 nam
1415 5399 1676 5468 requievit
1721 5413 1883 5467 super
1921 5411 2042 5449 eum

448 5495 690 5564 spiritus
749 5493 1026 5566 sapientia:
1079 5503 1130 5546 et
1189 5491 1591 5567 intelligentiae,
1645 5501 1701 5544 ut
1755 5491 2046 5561 prudentes

464 5585 745 5657 iustosque
815 5588 1065 5644 redderet
1115 5600 1250 5657 eos,
1306 5586 1398 5656 qtti
1456 5583 1841 5652 justificatione
1899 5584 2043 5653 digni

469 5693 618 5734 erant
633 5721 645 5734 .

541 5861 562 5893 ³
590 5861 690 5917 Job
720 5875 830 5926 xw,
865 5861 916 5913 ξ.
993 5860 1011 5891 ’⁸
1039 5859 1167 5914 Luc.
1203 5873 1320 5923 \‘ltl,
1485 5858 1502 5888 ⁵
1535 5857 1720 5910 Matth.
1754 5869 1872 5921 xm,
1909 5854 1997 5908 57.

2139 5290 2479 5361 ’φωτίζεσθαι
2506 5294 2629 5354 τοὺς
2651 5291 2715 5345 δι’
2738 5293 2902 5346 αὐτοῦ
2933 5293 3348 5364 δικαιουμένους
3369 5313 3380 5323 ·

2150 3345 2219 3398 τά
2250 3347 2617 3418 προλεχθέντα
2648 3349 2846 3414 πάντα,
2890 3350 3050 3413 εἴτις
3075 3351 3183 3403 τῶν
3218 3353 3297 3412 είς
3332 3351 3495 3404 αὑτὸν
3528 3352 3733 3421 ἠσεϐη-

2152 3439 2323 3491 κότων
2362 3438 2648 3510 βουληθείη
2681 3440 2871 3494 θυσίαν
2901 3443 3211 3511 ἀνενεγκεῖν
3243 3445 3379 3514 ὑπὲρ
3407 3446 3508 3514 τῆς
3542 3447 3733 3498 ἑαυτοῦ

2151 3531 2444 3601 ἁμαρτίας,
2469 3533 2744 3585 τουτέστιν
2773 3534 3159 3606 ἐξομολόγησιν
3192 3539 3284 3589 καὶ
3315 3538 3603 3606 μετάνοιαν
3624 3538 3732 3590 τῶν

2151 3621 2550 3692 ἡμαρτημένων
2581 3624 2950 3692 ἐνδείξασθαι,
2995 3627 3095 3680 οὐκ
3129 3627 3480 3690 ἀποτεύξεται
3520 3628 3618 3697 τῆς
3649 3631 3729 3691 εἰς

2151 3713 2312 3765 αὐτὸν
2340 3714 2549 3785 ἀγαθῆς
2587 3715 2819 3780 ἐλπίδος.
2854 3718 2916 3769 El
2947 3717 3055 3789 γὰρ
3091 3718 3273 3772 καὶτὰ
3313 3719 3547 3788 μάλιστα
3579 3719 3734 3792 εἴρη-

2151 3821 2258 3868 ται,
2290 3805 2370 3858 ὅτι
2399 3825 2416 3856 ι
2451 3804 2617 3860 Δώσω
2645 3808 2768 3870 τοὺς
2802 3812 3073 3881 πονηροὺς
3121 3809 3240 3862 ἀντὶ
3286 3809 3384 3878 τῆς
3414 3811 3593 3881 ταφῆς
3635 3811 3736 3865 αύ-

2149 3895 2265 3959 τοῦ,
2297 3897 2389 3949 καὶ
2422 3899 2548 3960 τοὺς
2576 3897 2862 3962 πλουσίους
2911 3901 3033 3952 ἀντὶ
3069 3899 3163 3953 τοῦ
3199 3900 3427 3954 θανάτου
3462 3902 3666 3954 αὐτοῦ’
3709 3922 3730 3955 ι

2151 3988 2265 4040 ἀλλ’
2295 3989 2444 4059 ὅμως
2490 3989 2585 4042 saw
2621 3989 2755 4042 δῶτε
2800 3992 2958 4062 ὑμεῖς
2999 3991 3067 4044 τὰ
3107 3993 3334 4048 τοιαῦτα
3365 3993 3735 4065 τολμήσαντες

2149 4079 2208 4130 τὸ
2233 4080 2373 4150 ὑπὲρ
2402 4081 2672 4151 ἁμαρτίας
2700 4079 2892 4154 δῶρον,
2928 4079 3186 4146 τεύξεσθε
3221 4086 3489 4153 ἀφέσεως,
3520 4087 3552 4156 ὴ
3588 4086 3732 4158 ψυχιλ

2152 4173 2180 4222 ὑ
2189 4171 2302 4241 μῶν
2322 4172 2646 4243 σωθήσεται·
2671 4172 2808 4226 ἀλλὰ
2831 4175 2923 4227 καὶ
2946 4175 3133 4243 ὄψεται
3163 4175 3462 4246 μακρόϐιον
3488 4178 3732 4248 σπέρμα”

2149 4262 2305 4315 τοῦτο
2329 4263 2384 4315 δὲ
2405 4259 2472 4334 ἦν
2504 4263 2564 4316 τὸ
2592 4265 2681 4316 ὑπ’
2712 4265 2876 4318 αὐτοῦ
2911 4265 3252 4338 καταϐληθὲν
3285 4270 3364 4332 είς
3393 4267 3731 4339 ἀνθρώπους,

2157 4358 2278 4428 περὶ
2313 4350 2372 4408 οὗ
2411 4358 2464 4408 ἐν
2493 4357 2832 4429 παραϐολαῖς
2869 4359 3134 4412 διδάσκων
3162 4359 3348 4427 ἔλεγεν
3369 4377 3381 4390 ·
3412 4379 3430 4411 ι
3481 4361 3733 4430 Ἐξῆλθεν

2150 4445 2176 4495 ὁ
2200 4445 2436 4514 σπείρων
2468 4445 2561 4498 τοῦ
2600 4450 2816 4518 σπεῖραι
2838 4465 2849 4477 ⁸
2897 4469 2912 4496 ι
2943 4449 3035 4500 καὶ
3061 4448 3223 4501 πάλιν
3245 4466 3258 4478 ο
3295 4468 3313 4499 ι
3361 4449 3553 4518 Ὁμοία
3585 4452 3735 4504 ἐστὶν

2083 4587 2122 4638 D
2153 4540 2184 4606 ὴ
2216 4537 2461 4606 βασιλεία
2498 4539 2606 4590 τῶν
2653 4539 2895 4610 οὐρανῶν
2931 4539 3205 4614 ἀνθρώπῳ
3239 4543 3518 4614 σπείροντι
3569 4543 3732 4597 καλὸν

2153 4630 2372 4700 σπέρμα
2397 4632 2453 4682 ἐν
2476 4630 2552 4700 τῷ
2580 4630 2692 4700 ἰδίῳ
2725 4631 2900 4703 ἀγρῷ.
2936 4651 2954 4682 ι

2229 4763 2245 4793 ι
2284 4743 2394 4797 Καὶ
2429 4743 2674 4813 βούλεται
2705 4745 2908 4814 Κύριος
2939 4743 3162 4812 ἀφελεῖν
3188 4745 3295 4798 ἀπὸ
3319 4745 3412 4798 τοῦ
3444 4746 3604 4798 πόνου
3629 4745 3729 4815 τῆς

2149 4835 2324 4907 ψυχῆς
2359 4836 2544 4898 αὐτοῦ,
2580 4837 2748 4900 δεῖξαι
2779 4838 2928 4906 αὐτῷ
2958 4838 3092 4904 φῶς,
3122 4838 3214 4891 καὶ
3249 4839 3451 4892 πλάσαι
3476 4840 3543 4909 τῇ
3573 4838 3728 4890 συνὲ-

2152 4944 2253 4988 σει,
2286 4925 2569 4980 δικαιῶσαι
2591 4928 2798 4980 δίκαιον
2833 4924 2890 4980 εὖ
2918 4929 3234 4982 δουλεύοντα
3263 4930 3492 4992 πολλοῖς.
3525 4927 3730 4982 »Τοῦτο

2149 5017 2204 5069 δὲ
2231 5017 2322 5070 ἐπὶ
2355 5019 2516 5088 μόνου
2554 5018 2645 5071 τοῦ
2677 5021 2926 5091 Σωτῆρος
2972 5021 3130 5092 ἡμῶν
3160 5022 3411 5093 λέγεσθαι
3458 5019 3686 5092 ἁρμόζει
3713 5039 3727 5052 ·

2150 5108 2238 5160 διὰ
2279 5109 2479 5170 παντὸς
2515 5109 2625 5180 γὰρ
2665 5110 2726 5162 τὸ
2763 5111 2857 5163 τοῦ
2894 5113 3107 5182 [ἰατρὸς
3140 5112 3350 5183 θέλημα
3381 5115 3438 5166 ὲν
3471 5116 3535 5184 τῇ
3585 5115 3730 5184 χειρὶ

2151 5199 2314 5252 αὐτοῦ
2337 5201 2726 5252 κατευωδοῦτο.
2767 5203 2973 5254 Ἔδωκε
3009 5202 3063 5254 δὲ
3105 5203 3254 5273 αὑτῶ
3281 5204 3375 5256 καὶ
3409 5203 3523 5272 φῶς
3563 5205 3641 5267 είς
3670 5204 3732 5255 τὸ

3423 5295 3636 5347 σύνεσιν
3674 5293 3728 5345 δὲ

2151 5385 2298 5453 αὐτῷ
2324 5385 2632 5454 ἐδωρήσατο
2651 5401 2663 5414 θ
2691 5385 3110 5440 ὲπανεπαύσατο
3137 5386 3244 5458 γὰρ
3271 5389 3355 5440 ἐπ’
3385 5385 3546 5440 αὐτὸν
3571 5384 3730 5439 πνεῦ-

2156 5492 2229 5530 μα
2268 5474 2456 5543 σοφίας
2489 5476 2582 5526 καὶ
2619 5476 2882 5540 συνέσεως
2932 5479 3010 5540 εἰς
3037 5477 3098 5529 τὸ
3129 5479 3383 5541 συνετοὺς
3423 5475 3733 5548 ἀπεργάζε-

2156 5567 2300 5631 σθαι,
2346 5567 2437 5619 καὶ
2473 5565 2716 5619 δικαιοῦν
2737 5571 2862 5632 τοὺς
2887 5569 3070 5634 ἀξίους
3097 5569 3190 5622 τοῦ
3211 5568 3569 5624 δικαιοῦσθαι.
