4130 6390
427 373 529 430 861

1345 361 1845 422 COMMENTABIA
1883 361 1950 416 IN
1991 360 2243 415 lSAlAM.
2284 392 2353 400 —
2391 359 2541 416 CM".
2579 356 2711 414 LW.

3569 357 3675 412 ιῑΐὲ

504 509 524 541 ι
546 487 659 544 Καὶ
676 487 775 551 τὰς
789 487 1062 560 ἁμαρτίας
1085 486 1262 540 αὐτῶν
1293 487 1456 550 αὐτὸς
1473 487 1692 540 ἀνοίσει.
1723 485 1824 538 Διά
1843 483 2004 538 τοῦτο

2177 483 2342 536 Vsus.
2374 481 2454 534 12.
2495 499 2512 530 σ
2539 481 2602 534 Et
2634 488 2850 546 pect'ala
2890 492 3074 532 eorum
3109 491 3221 546 Ipse
3254 477 3507 545 portabit.
3555 478 3676 533 ideo

426 582 589 645 αὐτὸς
633 580 1032 651 κληρονομήσει
1067 579 1314 642 πολλοὺς,
1359 580 1451 631 καὶ
1491 577 1600 632 τῶν
1641 577 1874 648 ἰσχυρῶν
1908 595 2003 647 με-

433 676 538 746 ριεί
590 671 792 726 σκῦλα·
831 671 948 724 ἀνθ’
984 666 1060 724 ὧν
1091 671 1364 743 παρεδόθη
1407 672 1486 734 εἰς
1517 669 1743 723 θάνατον
1787 670 1819 739 ἡ
1861 667 2008 738 ψυχὴ

428 763 615 827 αὐτοῦ,
645 763 742 816 καὶ⁸
763 764 822 816 ἐν
841 765 954 826 τοῖς
974 763 1197 832 ἀνόμοις
1227 761 1499 830 ἐλογίσθη·
1528 763 1621 814 καὶ
1638 761 1801 823 αὐτὸς
1826 761 2008 830 ἀμαρ-

429 856 547 918 τίας
573 854 784 907 πολλῶν
829 855 1096 924 ἀνήνεγκε
1117 895 1131 913 .
1184 855 1279 907 καὶ
1316 854 1406 907 διὰ
1435 854 1534 916 τὰς
1567 853 1796 922 ἀνομίας
1830 851 2010 904 αὐτῶν

432 943 722 1015 παρεδόθη.
765 962 783 994 ι
831 943 1250 1014 Ἀναλαμϐἀνων
1273 943 1379 1014 γὰρ
1404 943 1464 996 τὸ
1492 943 1689 1014 μέτρον
1711 942 1819 994 τῶν
1844 941 2009 995 πάλαι

431 1034 793 1107 ἁμαρτωλῶν,
823 1036 914 1087 καὶ
935 1035 1150 1088 ἀσεϐῶν
1173 1036 1253 1097 είς
1279 1036 1473 1088 ἑαυτὸν
1499 1035 1598 1098 τὰς
1623 1035 1896 1098 ἀσεϐείας,
1917 1035 2009 1088 καὶ

430 1126 808 1182 ἀπώιδὺσκων
844 1128 1041 1189 αὐτοὺς
1068 1127 1159 1180 τὸν
1188 1129 1287 1200 τῆς
1335 1127 1612 1199 ἁμαρτίας
1660 1128 1882 1197 χιτῶνα,
1931 1127 2009 1180 δι-

428 1220 624 1282 καίους
650 1219 849 1282 αὐτοὺς
890 1217 1286 1290 ἀπεργάζεται.
1345 1219 1444 1272 Διά
1489 1219 1646 1272 τοῦτο
1671 1218 1780 1291 γὰρ
1824 1219 2009 1287 ἐπειδὴ

430 1313 515 1372 είς
553 1309 744 1362 ἑαυτὸν
777 1310 873 1373 τὰς
903 1311 1011 1361 τῶν
1036 1310 1246 1364 πολλῶν
1268 1293 1530 1364 ἀνέλαϐεν
1566 1309 1860 1382 ἁμαρτίας,
1890 1309 2012 1362 τού-

429 1417 523 1451 του
566 1398 729 1469 χάριν
764 1398 856 1451 καὶ
885 1398 1170 1470 δεδύνηται
1215 1397 1416 1469 κλῆρον
1460 1396 1635 1467 ἑαυτῷ
1687 1396 2016 1472 ποιήσασθαι

429 1492 558 1555 τοὺς
579 1493 803 1554 πάντας.
835 1492 898 1545 Εἰ
919 1489 1027 1561 γάρ
1046 1490 1121 1561 μὴ
1149 1488 1259 1553 οἷός
1285 1508 1342 1544 τε
1373 1486 1440 1561 ἦν
1468 1490 1684 1558 ἀφιέναι
1717 1488 2010 1559 ἁμαρτίας,

425 1584 710 1654 διέμειναν
739 1584 796 1635 ὲν
826 1585 939 1646 τοῖς
967 1582 1172 1636 ἑαυτῶν
1207 1580 1499 1653 πλημμελή
1510 1597 1662 1651 μασι,
1687 1580 1782 1633 καὶ
1812 1580 1912 1631 οὐκ
1946 1579 2011 1632 ἂν

433 1679 626 1747 ετυχον
656 1675 952 1747 σωτηρίας.
984 1674 1097 1728 Νῦν
1131 1674 1186 1726 δὲ
1241 1673 1428 1743 ἐπειδὴ
1461 1670 1559 1734 τάς
1591 1671 1862 1741 ἁμαρτίας
1916 1670 2012 1724 αὺ-

432 1771 540 1824 τῶν
578 1769 742 1832 αὐτὸς
774 1768 1020 1830 ἀνέλαϐε,
1057 1766 1145 1820 διά
1176 1765 1334 1818 τοῦτο
1377 1765 1469 1817 καὶ
1503 1763 1873 1834 κληρονόμους
1915 1762 2010 1814 αῦ-

433 1862 558 1923 τοὺς
599 1859 792 1930 εἴληφε
833 1858 981 1926 παρὰ
1035 1857 1129 1910 τοῦ
1172 1855 1415 1926 Πατρός*
1454 1853 1562 1906 τῶν
1616 1852 2004 1921 ἀντικειμένων

433 1950 636 2020 δηλαδὴ
663 1949 949 2018 δυνάμεων
983 1947 1088 1999 τῶν
1113 1965 1172 2000 τε
1213 1944 1465 2016 πονηρῶν
1515 1943 1805 2014 δαιμονίων
1844 1941 2005 2013 ἐξαρ-

435 2041 616 2104 πάσας
677 2041 774 2103 τὰς
827 2037 1202 2109 αἰχμαλώτους
1261 2037 1353 2090 ὑπ’
1402 2035 1580 2088 αὐτῶν
1632 2035 2007 2104 γεγενημένας

431 2131 631 2201 ψυχάς,
670 2129 840 2183 σκῦλα
867 2128 1044 2200 ἑαυτῷ
1070 2128 1377 2198 ἐποιήσατο
1412 2125 1552 2196 άπερ
1576 2125 1745 2178 σκῦλα
1770 2128 1878 2188 τοῖς
1895 2126 2008 2177 ἑαυ-

431 2224 529 2276 τοῦ
565 2222 832 2293 μαθηταῖς
859 2220 1116 2291 διένειμε,
1163 2219 1456 2288 διαφόρους
1496 2216 1554 2280 ἐξ
1594 2216 1774 2268 αὐτῶν
1809 2233 2008 2286 συστη-

448 2313 672 2382 σάμενος
701 2309 1057 2380 Ἑκκλησίας·
1089 2309 1277 2379 ῶσπερ
1330 2307 1450 2360 τινὰ
1497 2307 1684 2378 μισθὸν
1726 2306 1875 2378 παρὰ
1915 2305 2009 2358 τοῦ

450 2401 649 2471 Πατρδς
679 2398 823 2452 τοῦτ’
853 2397 1106 2469 εἰληφὼς,
1136 2391 1278 2464 λέγω
1311 2396 1374 2466 δὴ
1402 2395 1464 2446 τδ
1491 2395 1710 2465 ἀφιέναι
1742 2393 2013 2465 ἁμαρτίας

449 2494 556 2553 τοῖς
592 2490 1064 2562 προημαρτηκόσι,
1127 2489 1221 2542 καὶ
1277 2487 1384 2540 ὑπὸ
1432 2487 1522 2540 τὸν
1580 2484 1743 2538 αὐτοῦ
1811 2484 2012 2555 κλῆρον

446 2583 669 2652 ὑπάγειν
696 2581 1047 2646 αὐτούς.Πῶς
1066 2581 1124 2634 δὲ
1150 2582 1207 2632 ἐν
1229 2581 1448 2650 ἀνόμοις
1474 2577 1747 2647 ἐλογίσθη,
1773 2576 2015 2630 διδάσκει

442 2674 500 2726 τὸ
529 2673 890 2742 Εὖαγγέλιονο
928 2670 1048 2726 καθ’
1073 2671 1130 2723 ὃν
1162 2671 1352 2740 καιρὸν
1404 2668 1842 2738 συνεσταύρωντο
1870 2665 2017 2736 αὑτῷ

441 2766 570 2836 παρ’
600 2764 838 2834 ἑκάτερα
865 2763 914 2815 οἱ
947 2762 1170 2834 λῃσταὶ,
1199 2757 1590 2831 πεπληρῶσθαι
1606 2758 1748 2825 λέγω
1776 2757 1874 2827 τὴν
1891 2773 2022 2826 προ-

443 2853 690 2925 φητείαν.

957 2942 1345 2994 ΚΕΦΛΛΑΙΟΝ
1389 2943 1510 2995 NA’.

520 3053 539 3084 ι
597 3031 962 3101 Εὐφράνθητι,
1019 3031 1201 3102 στείρα
1307 3033 1367 3083 οὐ
1401 3033 1684 3086 τίκτουσα·
1720 3032 1879 3103 ῥῆξον
1931 3032 2022 3084 καὶ¹

2109 577 2221 644 ipse
2261 574 2550 644 possidebit
2597 573 2810 632 multos,
2860 582 2912 626 et
2954 571 3177 625 fortium
3221 571 3424 624 dividet
3462 571 3674 638 Spolia:

2107 683 2207 738 pro
2238 683 2303 722 eo
2333 665 2476 736 quod
2518 666 2714 719 tradita
2749 673 2833 719 est
2856 664 2908 716 in
2955 673 3180 718 mortem
3215 662 3394 717 anima
3434 661 3585 732 ejus,
3623 672 3680 720 et

2111 761 2250 814 inter
2293 761 2506 828 iniquos
2548 765 2824 826 reputatus
2864 764 2982 810 est:
3017 765 3072 809 et
3106 755 3229 824 ipse
3278 766 3500 825 peccata
3542 755 3680 809 mul-

2112 859 2286 904 torum
2336 852 2485 915 tulit,
2520 858 2574 904 et
2613 857 2832 918 propter
2869 846 3177 916 iniquitates
3221 861 3411 902 eorum
3448 847 3679 904 traditus

2110 953 2211 997 est.
2237 963 2256 995 ι
2288 942 2571 1012 Siquidem
2609 943 2822 997 illorum
2857 939 2983 994 olim
3005 947 3380 1008 peccatorum,
3407 949 3461 994 et
3487 955 3676 994 eorum

2111 1036 2199 1102 qui
2231 1034 2392 1101 impie
2425 1043 2670 1104 egerant,
2703 1047 3031 1097 mensuram,
3063 1031 3314 1086 videlicet
3341 1032 3676 1101 iniquitates,

2111 1128 2164 1180 iu
2205 1143 2263 1181 se
2300 1127 2586 1193 recipiens,
2607 1141 2816 1194 eosque
2859 1124 3062 1193 peccati
3101 1124 3279 1176 tunica
3322 1138 3562 1185 exuens.
3591 1125 3679 1193 ju-

2113 1227 2225 1272 stos
2252 1217 2434 1273 eﬂicit.
2466 1219 2620 1284 Quod
2651 1219 2792 1273 enim
2837 1217 3128 1271 multorum
3160 1216 3213 1269 in
3253 1232 3312 1270 se
3343 1227 3563 1285 peccata
3597 1231 3680 1272 re-

2112 1311 2336 1381 ceperit,
2388 1312 2506 1365 ideo
2571 1311 2744 1380 potuit
2817 1310 2980 1364 etiam
3029 1323 3218 1363 omnes
3271 1319 3472 1364 sortem
3523 1326 3676 1365 suam

2112 1411 2166 1457 et
2195 1403 2559 1457 haereditatem
2596 1402 2828 1458 efﬁcere.
2879 1401 2989 1456 Nisi
3031 1402 3174 1456 enim
3221 1409 3437 1468 peccata
3481 1403 3682 1456 condo-

2113 1510 2245 1549 nare
2279 1497 2561 1563 potuisset,
2610 1495 2662 1549 in
2707 1494 2819 1549 suis
2863 1493 2934 1548 illi
2971 1493 3268 1548 sceleribus
3308 1493 3680 1562 permansuri,

2116 1600 2213 1640 nec
2244 1587 2468 1640 salutem
2494 1587 2839 1641 consecuturi
2871 1593 3044 1639 erant.
3077 1585 3228 1639 Nunc
3258 1600 3384 1638 vero
3411 1585 3535 1655 quia
3565 1601 3684 1654 pec~

2115 1687 2236 1734 cata
2258 1693 2449 1732 eorum
2481 1678 2594 1746 ipse
2619 1679 2874 1749 suscepit,
2906 1678 3024 1732 ideo
3056 1678 3202 1746 ipsos
3238 1693 3265 1729 a
3298 1677 3462 1732 Patre
3489 1678 3541 1732 in
3567 1683 3681 1732 ha:-

2120 1771 2399 1824 reditatem
2433 1770 2679 1838 accepit;
2721 1771 2920 1839 ereptis
2958 1769 3206 1823 videlicet
3242 1785 3272 1820 e
3305 1785 3470 1822 manu
3496 1770 3683 1822 adver-

2111 1863 2380 1919 sariarum
2415 1871 2748 1932 potestatum
2774 1871 2828 1917 et
2857 1861 3214 1930 malignorum
3243 1863 3544 1916 damouum
3583 1862 3688 1917 illis

2108 1955 2235 2010 olim
2276 1957 2502 2025 captivis
2547 1956 2851 2022 animabus,
2898 1970 2993 2010 eas
3037 1955 3088 2006 in
3122 1955 3288 2022 spolia
3337 1969 3431 2008 sua
3479 1955 3687 2018 vertit;

2065 2084 2072 2088 -
2109 2065 2228 2118 qua:
2260 2049 2430 2118 spolia
2478 2048 2757 2116 discipulis
2806 2047 2919 2102 suis
2961 2046 3258 2114 distribuit,
3308 2056 3366 2100 ut
3408 2048 3590 2102 varias
3618 2062 3688 2102 ex

2109 2141 2191 2196 eis
2232 2141 2590 2196 constitueret
2613 2139 2905 2196 Ecclesias.
2935 2140 3068 2194 Nam
3097 2156 3195 2195 ceu
3224 2145 3515 2211 quamdam
3542 2157 3689 2202 mer-

2110 2237 2297 2292 cedem
2347 2237 2399 2291 id
2433 2251 2463 2290 a
2499 2235 2660 2291 Patre
2690 2245 3012 2306 acceperat;
3055 2237 3305 2292 videlicet
3332 2249 3554 2307 peccata
3592 2239 3688 2293 de-

2113 2328 2476 2398 linquentibus
2504 2329 2806 2384 dimittendi
2837 2339 3000 2396 atque
3033 2329 3178 2398 ipsos
3221 2330 3272 2383 in
3305 2339 3507 2384 sortem
3533 2346 3687 2386 suam

2113 2422 2402 2475 reducendi
2443 2421 2778 2476 facultatem.
2824 2421 2941 2488 Quo
2983 2430 3142 2490 pacto
3189 2431 3368 2477 autem
3416 2425 3556 2478 inter
3588 2425 3691 2478 iui-

2114 2529 2250 2583 quos
2295 2523 2574 2582 reputatus
2621 2513 2716 2576 sit,
2765 2514 2922 2567 docet
2964 2513 3345 2585 Evangelium;
3385 2529 3451 2570 eo
3493 2516 3692 2586 quippe

2120 2617 2355 2676 tempore
2384 2622 2494 2677 quo
2523 2622 2588 2660 ex
2623 2615 2850 2674 utroque
2878 2604 2994 2672 ejus
3029 2606 3200 2661 latere
3238 2606 3485 2661 cruciﬁxi
3523 2607 3693 2660 latro-

2120 2713 2214 2754 nes
2249 2708 2394 2763 sunt,
2435 2699 2628 2752 eodem
2667 2699 2942 2768 impletam
2977 2700 3100 2756 dico
3132 2702 3500 2771 prophetiam.

2706 2927 2938 2983 CAPUT
2970 2926 3104 2982 LIV.

2194 3019 2356 3075 Vsus.
2384 3021 2434 3075 l.
2465 3039 2485 3071 ι
2514 3019 2740 3082 Laetare,
2761 3021 3113 3090 sterilis,qu:c
3138 3034 3238 3074 non
3260 3021 3408 3089 paris
3427 3038 3442 3078 :
3464 3036 3696 3091 erumpe

436 3124 660 3196 βόησον,
714 3124 746 3194 ἡ
793 3124 891 3175 οὐκ
934 3121 1221 3174 ὠδίνουσα·
1267 3123 1347 3174 ὅτι
1393 3122 1562 3176 πολλά
1605 3123 1672 3176 τά
1714 3125 1879 3176 τέκνα
1921 3122 2016 3192 τῆς

2126 3121 2180 3168 et
2211 3113 2406 3176 clama,
2444 3127 2564 3180 quae
2596 3126 2700 3165 non
2753 3111 3028 3180 parturis:
3073 3110 3197 3181 quia
3251 3111 3433 3181 plures
3472 3112 3566 3168 lllii
3611 3115 3699 3167 de-

436 3215 673 3287 ὲρήμου,
711 3213 908 3285 μᾶλλον
939 3213 971 3283 ἦ
1007 3214 1107 3283 τῆς
1135 3215 1363 3286 ἐχούσης
1404 3214 1494 3268 τὸν
1520 3215 1708 3288 ἄνδρα.
1739 3237 1755 3266 ι
1782 3216 1882 3270 Διά
1907 3216 2014 3269 τῶν

447 3307 820 3378 προκειμένων
869 3309 898 3359 ὁ
941 3305 1095 3374 λόγος
1137 3305 1538 3373 εὐαγγελίζεται
1588 3309 1688 3377 τὴν
1739 3309 1806 3361 δι’
1851 3309 2014 3361 αὐτοῦ

441 3398 569 3452 καθ’
603 3397 729 3468 ὅλης
773 3397 875 3466 τῆς
916 3396 1237 3467 οἰκουμένης
1274 3396 1610 3467 ἱδρυνθείσαν
1669 3398 2012 3468 Ἐκκλησίαν,

449 3489 616 3542 πάλαι
652 3483 817 3541 οὖσαν
868 3486 1096 3558 ἔρημον,
1146 3486 1241 3538 καὶ
1273 3487 1462 3554 ἄγονον
1508 3488 1601 3541 καὶ
1633 3488 1902 3559 ἄκαρπον,
1936 3491 2017 3543 διὸ

442 3576 790 3648 καὶ-στείραν
822 3577 990 3648 αὐτὴν
1018 3575 1291 3648 ὀνομάζει.
1349 3577 1563 3649 Ἐπειδὴ
1602 3578 1844 3633 τοιαῦταί
1875 3596 2017 3642 τινες

447 3666 586 3742 ἦσαν
612 3669 778 3723 πάλαι
805 3672 860 3723 αί
885 3670 994 3722 τῶν
1020 3671 1263 3723 ἀπίστων
1283 3670 1468 3740 ψυχαί.
1492 3670 1600 3723 Καὶ
1621 3671 1728 3741 γάρ
1755 3667 1823 3741 ἦν
1851 3672 2018 3726 πάλαι

442 3761 484 3832 ἡ
510 3762 568 3826 ἐξ
608 3760 775 3814 ἐθνῶν
819 3762 1111 3832 Ἐκκλησία
1152 3761 1493 3833 ἠφανισμένη
1541 3763 1634 3815 καὶ
1665 3763 1887 3834 ἔρημος,
1924 3763 2016 3818 ἆτε

445 3853 680 3923 ,μηδέπω
729 3852 817 3905 τὸν
865 3853 1182 3926 ἐπουράνιον
1233 3854 1540 3924 κεκτημένη
1588 3855 1836 3925 νυμφίον.
1871 3857 2018 3927 Πλὴν

449 3941 829 4011 πολυκαρπίαν
878 3941 1013 4011 αὐτῇ
1070 3943 1164 3994 καὶ
1224 3935 2017 4013 ττολυπαιδίανέπαγγέλλεται

453 4030 676 4084 πλείονα
699 4031 796 4100 τῆς
827 4030 1057 4101 ἐχούσης
1079 4033 1168 4085 τὸν
1197 4032 1384 4104 ἄνδρα.
1421 4027 1516 4096 Τίς
1544 4034 1599 4087 δὲ
1627 4030 1695 4104 ἧν
1727 4035 1863 4104 αῦτη
1893 4037 1926 4106 ἢ
1959 4037 2020 4089 τὸ

465 4119 733 4174 Ἰουδαίων
765 4120 935 4185 ἔθνος,
987 4123 1078 4175 καὶ
1119 4125 1151 4194 ὴ
1190 4126 1318 4194 παρ’
1352 4125 1532 4188 αὐτοῖς
1561 4125 1728 4179 πάλαι
1765 4129 2018 4200 τετιμένη

445 4212 531 4276 ὡς
571 4208 704 4266 θεοῦ
737 4213 889 4276 πόλις
931 4214 1317 4286 ’1ερουσαλήμ;
1363 4217 1519 4279 Ἦτις
1568 4216 1763 4288 ἔχουσα
1795 4219 1885 4272 τὸν
1927 4221 2020 4274 ἆν-

451 4302 574 4374 δρα,
610 4303 700 4357 τὸν
739 4304 1055 4375 ἐπουράνιον
1081 4304 1256 4373 λόγον,
1288 4306 1546 4376 ἠλέγχετο
1574 4307 1910 4363 ἀποστασίου
1943 4310 2024 4380 βι-

455 4392 601 4446 ϐλίον
622 4393 769 4463 αὐτῷ
793 4393 1072 4449 δεδωκυῖα.
1104 4396 1190 4448 Ἐν
1213 4396 1511 4469 παραθέσει
1544 4399 1719 4452 τοίνυν
1739 4401 1836 4471 τῆς
1857 4402 2023 4456 πάλαι

2125 3217 2304 3268 εει-ιω,
2340 3220 2504 3274 quam
2537 3203 2654 3272 ejus
2680 3220 2798 3272 qum
2837 3204 2995 3257 habet
3024 3204 3218 3258 virum.
3259 3223 3278 3256 ι
3301 3205 3404 3260 His
3437 3203 3696 3260 Ecclesia:

2125 3297 2192 3348 ab
2224 3311 2285 3350 se
2311 3313 2409 3366 per
2438 3306 2605 3349 totum
2647 3297 2833 3351 orbein
2863 3295 3172 3349 constituta:
3199 3297 3400 3351 bonum
3445 3299 3692 3352 nuntium

2127 3385 2312 3441 affert:
2350 3403 2468 3455 qua:
2494 3388 2711 3456 quidem
2738 3387 2867 3440 olim
2895 3389 3107 3440 deserta
3129 3427 3145 3451 ,
3181 3387 3472 3442 infecunda
3513 3397 3569 3443 et
3601 3389 3689 3444 in-

2126 3479 2399 3534 fructuosa
2441 3490 2592 3543 erat,
2645 3479 2871 3548 ideoque
2926 3481 3095 3547 ipsam
3147 3482 3387 3535 sterilem
3433 3483 3696 3552 appellat.

2126 3571 2259 3625 Nam
2291 3570 2595 3637 huiusmodi
2631 3572 2900 3639 quomlam
2932 3580 3091 3626 erant
3133 3572 3427 3626 infidelium
3455 3574 3696 3642 gentium

2127 3664 2338 3717 animat.
2375 3662 2652 3731 Siquidem
2685 3663 2921 3717 Ecclesia
2959 3678 3024 3717 ex
3071 3664 3320 3732 gentibus
3367 3663 3527 3727 olim,
3575 3681 3698 3719 cum

2126 3753 2398 3807 caelestem
2432 3767 2686 3822 sponsum
2718 3755 2950 3806 nomlum
3008 3754 3311 3818 obtineret,
3356 3757 3596 3812 desolata
3645 3769 3702 3814 et

2129 3846 2341 3898 deserta
2366 3852 2502 3899 erat.
2530 3844 2728 3898 Verum
2775 3844 3159 3900 fecunditatem
3197 3847 3295 3917 ipsi
3325 3857 3379 3903 et
3409 3848 3699 3904 liberorum

2129 3935 2485 4004 frequentiam
2521 3936 2778 4004 majorem
2817 3937 3124 4004 pollicetur,
3161 3955 3321 4008 quam
3355 3941 3436 4007 ei,
3465 3956 3586 4010 quae
3622 3943 3704 3997 vi-

2131 4046 2246 4082 rum
2277 4029 2529 4084 habebat.
2556 4028 2814 4096 Quaenam
2845 4031 2932 4084 illa
2959 4043 3110 4096 erat,
3154 4033 3254 4088 nisi
3289 4049 3421 4105 gens
3449 4033 3702 4098 Iudaica,

2130 4130 2186 4176 et
2210 4137 2296 4182 ea,
2326 4136 2446 4190 qum
2473 4123 2600 4175 olim
2653 4137 2816 4192 penes
2861 4124 3006 4194 ipsos
3038 4134 3097 4179 ut
3138 4127 3331 4180 civitas
3371 4125 3463 4180 Dei
3510 4127 3562 4180 in
3605 4127 3703 4180 ho-

2133 4229 2262 4266 nore
2293 4214 2610 4276 habebatur,
2641 4213 2980 4270 Jerusalem?
3010 4217 3138 4284 Qum
3163 4233 3290 4272 eum
3327 4219 3499 4272 virum
3538 4219 3703 4274 habe-

2133 4315 2236 4366 ret,
2266 4305 2486 4360 caeleste
2511 4307 2759 4362 videlicet
2786 4307 3007 4361 verbum
3031 4348 3046 4369 ,
3087 4309 3184 4378 ipsi
3230 4309 3462 4364 libellum
3491 4310 3700 4377 repudii

2132 4397 2343 4452 dedisse
2369 4398 2768 4467 comprobatur.
2816 4399 2894 4453 Ad
2930 4401 3391 4470 comparationem
3444 4403 3605 4474 igitur
3634 4402 3700 4457 il-

444 4484 544 4537 τὸν
566 4484 734 4556 ἄνδρα
763 4486 1124 4557 κεκτημένης,
1149 4490 1180 4558 ἡ
1205 4491 1261 4542 ὲν
1287 4492 1398 4551 τοῖς
1426 4489 1633 4542 ἔθνεσιν
1658 4489 1861 4562 ἕρημος
1893 4488 2016 4546 οὖσα

2134 4489 2258 4550 lius,
2294 4504 2414 4558 quae
2439 4489 2564 4543 olim
2600 4491 2771 4543 virum
2802 4490 3054 4553 habebat,
3085 4494 3261 4547 anima
3304 4494 3391 4549 illa
3423 4511 3543 4566 qua:
3571 4495 3699 4557 olim

445 4575 516 4629 τὸ
566 4576 698 4647 πρὶν
728 4577 860 4630 Θεοῦ
905 4578 1050 4649 ψυχὴ
1089 4580 1418 4649 ἐπαγγελίας
1461 4581 1704 4646 ἀξιοῦται
1751 4585 2029 4656 χρηστῆς,

455 4666 808 4721 πολυπαιδίαν
848 4670 941 4722 καὶ
975 4670 1326 4725 πολυτεκνίαν
1362 4674 1498 4742 αὐτῇ
1543 4674 2028 4744 εὐαγγελιζομένου

453 4758 552 4812 τοῦ
582 4758 769 4827 λόγουο
801 4761 878 4824 ὡς
915 4763 974 4813 ὲν
1009 4763 1308 4834 παραθέσει
1339 4765 1432 4816 τοῦ
1471 4767 1533 4818 ὲκ
1567 4767 1869 4837 περιτομῆς
1901 4768 2029 4820 λαοῦ

449 4851 523 4903 τὰ
549 4852 712 4906 τέκνα
742 4851 946 4924 ταύτης
972 4854 1519 4918 πολυπλασιάζεσθαι.

533 5044 551 5072 ι
581 5021 714 5080 Eine
747 5029 854 5100 γὰρ
880 5032 1084 5104 Κύριος
1108 5050 1121 5062 ·
1165 5034 1435 5088 Πλάτυνον
1467 5037 1555 5089 τὸν
1580 5037 1744 5095 τόπον
1769 5041 1866 5109 τῆς
1895 5056 2028 5109 σκη-

449 5118 553 5188 νῆς
594 5135 710 5183 σου,
745 5121 838 5174 καὶ
881 5122 979 5186 τὰς
1027 5124 1238 5202 δέρρεις
1269 5127 1380 5180 τῶν
1414 5127 1650 5181 αὐλαιῶν
1684 5145 1778 5182 σου
1823 5130 2022 5201 πῆξον*

455 5207 536 5278 μὴ
581 5208 776 5282 φείσῃο
821 5212 1094 5284 μάκρυνον
1131 5214 1199 5268 τὰ
1244 5217 1599 5286 σχοινίσματά
1634 5235 1748 5278 σου,
1779 5219 1872 5272 καὶ
1901 5220 2028 5282 τοὺς

450 5299 768 5365 πασσάλους
798 5318 895 5355 σου
928 5305 1273 5376 κατίσχυσαν.
1303 5326 1322 5358 ι
1370 5306 1633 5362 Λέλεκται
1665 5311 1717 5363 δὲ
1750 5310 1920 5363 ταῦτα
1951 5310 2027 5374 ὡς

453 5385 523 5441 ἃν
552 5391 644 5443 καὶ
671 5392 763 5444 ἐπὶ
790 5393 888 5464 τῆς
919 5397 1120 5467 σκηνῆς
1139 5399 1236 5470 τῆς
1251 5399 1356 5452 ὑπὸ
1375 5401 1654 5464 Μωῦσέως
1686 5419 2029 5455 κατασκευα-

459 5477 711 5551 σθείσης’
777 5484 961 5558 ἐκείνῃ
1010 5487 1120 5560 γὰρ
1165 5490 1523 5561 ¹χρησάμενος
1561 5493 1590 5545 ὁ
1629 5491 1783 5560 λόγος
1837 5494 2025 5558 εἰκόνι,

457 5572 524 5640 τῇ
562 5571 621 5637 ἐξ
669 5571 1142 5650 ἑθνῶνἘκκλησίᾳ
1183 5585 1496 5652 προσφωνεῖ
1545 5583 1618 5655 μὴ
1659 5584 1780 5636 κατ’
1815 5584 2030 5655 ἐκείνην

464 5662 754 5733 σμικρὺναι
785 5665 880 5736 τὴν
909 5668 1104 5738 ἑαυτῆς
1133 5672 1440 5744 οἰκοδομὴν,
1478 5674 1613 5726 ἀλλὰ
1646 5674 1908 5728 πλατῦναι
1932 5677 2028 5730 τὴν

462 5757 833 5829 σκηνοπηγίαν
873 5761 1097 5831 ἑαυτῆς,
1141 5764 1458 5821 ἐκτείνασαν
1498 5769 1580 5831 εἰς
1620 5768 1823 5836 ἄφατον
1854 5769 2029 5842 μῆκός

2130 4582 2184 4634 in
2213 4583 2459 4650 gentibus
2493 4582 2706 4634 deserta
2734 4597 2762 4634 a
2795 4582 2903 4636 Deo
2933 4594 3076 4649 erat,
3108 4586 3469 4654 promissione
3500 4589 3700 4658 optima

2133 4674 2383 4733 donatur,
2426 4672 2549 4725 dum
2583 4673 2682 4740 ipsi
2733 4673 3038 4728 fecunditas
3079 4685 3134 4729 et
3174 4677 3468 4732 liberorum
3523 4679 3704 4734 multi—

2133 4766 2260 4819 tudo
2293 4765 2682 4828 annuntiatur;
2722 4767 2792 4819 ita
2841 4775 2902 4818 ut
2923 4765 3162 4822 ﬁliorum
3193 4785 3417 4824 numero
3445 4770 3702 4840 populum

2128 4872 2194 4910 ex
2243 4855 2698 4922 circumcisione,
2755 4859 2841 4912 cui
2892 4871 3280 4930 comparatur,
3339 4863 3497 4933 longe
3551 4876 3704 4921 ante-

2129 4949 2302 5002 cedat.

2198 5037 2362 5092 Vsus.
2397 5040 2450 5092 9..
2493 5058 2515 5090 ι
2573 5039 2718 5094 Dixit
2754 5042 2898 5095 enim
2953 5041 3210 5100 Dom-inus
3243 5063 3258 5098 ε
3296 5043 3468 5100 Dilata
3517 5044 3699 5099 locum

2128 5127 2459 5182 tabernaculi
2488 5130 2590 5191 tui.
2620 5137 2674 5184 et
2699 5128 2867 5196 pelles
2894 5130 3185 5187 aulmorum
3215 5141 3429 5188 tuorum
3457 5133 3594 5204 ﬁge:
3635 5149 3702 5188 ne

2133 5234 2358 5287 parcas;
2390 5222 2650 5289 protende
2663 5219 2938 5276 funiculus
2959 5233 3101 5286 tuos,
3130 5234 3183 5278 et
3207 5225 3390 5279 clavos
3421 5233 3538 5277 tuos
3568 5240 3701 5278 con-

2131 5311 2320 5365 solida.
2353 5331 2372 5364 ι
2400 5311 2521 5367 Haec
2541 5315 2794 5369 dicuntur
2815 5316 2971 5385 quasi
2996 5317 3062 5370 de
3089 5315 3434 5372 tabernaculo
3456 5331 3484 5368 a
3515 5315 3702 5387 Moyse

2133 5413 2485 5460 con-tracto:
2534 5422 2660 5460 nam
2707 5409 2812 5462 hoc
2840 5409 3088 5479 exemplo
3125 5424 3257 5464 usus
3303 5409 3566 5477 propheta
3601 5409 3702 5467 Ec-

2135 5495 2314 5550 clesite
2359 5511 2422 5551 ex
2457 5499 2708 5566 gentibus
2750 5500 2935 5566 edicit,
2990 5511 3048 5554 ut
3091 5516 3158 5554 ne
3188 5503 3252 5554 ad
3305 5502 3520 5556 modum
3559 5502 3702 5557 illius

2137 5597 2419 5656 angustam
2452 5600 2779 5647 structuram
2815 5607 2968 5650 suam
2999 5593 3182 5655 faciat,
3219 5594 3312 5648 sed
3345 5593 3572 5648 tentoria
3605 5609 3700 5650 sua

2135 5682 2388 5735 extendat
2426 5682 2477 5734 in
2533 5673 2922 5752 longitudinem
2968 5685 3419 5756 latitudinemque
3475 5685 3702 5741 immen-

2135 5787 2272 5828 sam.
2322 5773 2456 5828 Nam
2499 5777 2639 5844 quod
2684 5792 2716 5856 ιι⁵
2761 5775 2942 5845 Moyse
2980 5787 3242 5831 structum
3295 5779 3696 5834 tabernaculum
