4130 6392
450 392 557 446 ιυδ

1112 388 1376 447 EUSEBII
1415 385 1885 444 CAESARIENSIS
1923 388 2071 444 ΟΡΡ.
2116 389 2291 445 PARS
2328 390 2414 446 lll.
2450 420 2520 430 —
2557 390 2969 446 EXEGETICA.

3589 391 3697 446 404

453 514 557 574 est,
588 515 803 562 centum
838 505 1172 575 longitudine
1203 506 1508 559 cubitorum
1544 513 1697 570 erat,
1746 506 2013 559 latitudim

2126 525 2183 562 τε
2233 509 2324 561 καὶ
2362 508 2583 572 πλάτος.
2632 509 2695 561 Ἡ
2733 509 2831 579 μὲν
2878 507 2986 579 γὰρ
3043 507 3147 561 ὑπὸ
3184 508 3462 573 Μωῡσέως
3519 524 3691 563 κατα-

454 615 586 655 vero
625 600 1033 670 quinquaginta.
1078 596 1177 651 l-lic
1219 611 1344 650 vero
1394 598 1505 660 ait,
1550 594 1626 648 Ne
1655 610 1817 664 parce
1859 613 2021 665 agas,

455 691 630 764 risque
661 701 712 746 te
740 692 789 745 in
815 702 1095 760 angustam
1128 704 1438 743 mensuram
1470 689 1711 757 redigas,
1746 689 1841 743 sed
1870 688 2024 757 longe

455 787 672 855 lateque
713 794 763 837 te
793 784 1052 837 extendas
1103 797 1169 836 ac
1226 793 1535 845 coustruas,
1567 792 1622 835 et
1642 791 1859 839 caetera.
1890 780 2024 836 Novi

452 893 612 948 porro
648 878 869 947 hujusce
905 875 1275 941 tabernaculi,
1316 875 1459 944 quod
1514 874 1631 928 fixit
1682 873 1940 928 Dominus
1970 883 2024 927 et

454 984 559 1023 non
595 968 781 1032 homo,
824 966 1251 1036 longitudinem,
1306 966 1644 1021 latitudinem
1687 975 1741 1021 et
1770 966 2025 1036 amplitu-

451 1059 630 1112 dinem
688 1057 977 1126 intelligas,
1023 1058 1066 1111 si
1119 1058 1449 1127 porpendas,
1489 1068 1751 1125 quantum
1784 1070 1931 1113 esset
1959 1060 2024 1112 il-

452 1150 540 1205 lud
580 1152 678 1205 sub
708 1149 895 1220 Moyse
928 1162 1300 1205 constructum
1346 1152 1784 1218 tabernaculum;
1818 1161 2020 1219 quanta

451 1251 594 1299 esset
632 1241 931 1297 Jerusalem
983 1242 1238 1311 templum
1285 1244 1490 1296 habens
1529 1243 1868 1313 longitudine
1895 1245 2019 1311 qui-

451 1337 572 1390 dem
594 1335 953 1406 quadraginta
976 1335 1308 1401 cubitorum,
1335 1335 1618 1389 latitudine
1637 1334 1844 1405 viginti.
1869 1334 2020 1402 Quod

450 1430 495 1483 si
526 1426 784 1498 templum
814 1427 941 1480 illud
976 1428 1027 1480 in
1052 1442 1155 1480 una
1186 1426 1486 1482 Palaestina:
1514 1428 1644 1481 urbe
1661 1428 2020 1483 admiratione

450 1522 668 1593 dignum
699 1528 856 1585 erat,
889 1528 1092 1589 quanto
1124 1520 1294 1588 magis
1340 1519 1608 1574 mirabilis
1639 1520 1727 1573 illa
1771 1520 2020 1589 frequen-

448 1616 542 1678 tia,
575 1611 887 1683 magnitudo
935 1624 989 1665 et
1042 1611 1382 1681 pulchritudo
1444 1611 1796 1666 ecclesiarum
1838 1612 1929 1666 Dei
1966 1612 2016 1666 in

446 1704 597 1759 omni
654 1704 771 1757 loco
809 1702 1210 1758 excitatarum!
1278 1718 1400 1757 nam
1450 1713 1594 1759 totus
1641 1704 1789 1759 orbis
1831 1687 2018 1774 plenus

446 1794 691 1851 ecclesiis
719 1805 825 1849 est.
1447 1779 1455 1787 ’

516 1883 681 1940 Vens.
715 1886 769 1940 '5.
804 1903 822 1936 ι
857 1886 1045 1941 Adhuc
1079 1902 1107 1940 a
1142 1888 1348 1942 dextris
1384 1896 1439 1943 et
1478 1903 1507 1943 a
1551 1888 1787 1945 sinistris
1814 1887 2013 1954 dilata,

446 1984 502 2030 et
529 1990 713 2030 senten
755 1984 902 2030 tuum
934 1976 1229 2046 possidebit
1268 1988 1472 2047 gentes,
1503 1990 1557 2032 et
1584 1981 1745 2034 urbes
1773 1980 2017 2035 desertas

448 2067 739 2122 habitaltis.
772 2085 791 2118 ι
828 2067 1023 2121 Semen
1049 2079 1229 2123 autem
1270 2069 1521 2124 Ecclesiae
1553 2071 1645 2124 Dei
1673 2070 1837 2126 fuerit
1858 2088 2017 2126 evan-

445 2161 649 2229 gelicus
681 2174 894 2225 sermo,
928 2162 994 2214 de
1039 2176 1144 2230 quo
1194 2163 1414 2225 dicitur,
1453 2180 1472 2213 ι
1516 2163 1661 2216 Exiit
1707 2164 1797 2231 qui
1852 2167 2017 2219 semi-

447 2251 873 2313 natscminare',
909 2270 928 2302 ι
953 2260 1026 2313 et,
1063 2271 1082 2303 ‹
1118 2253 1306 2309 Nonne
1337 2255 1537 2327 bonum
1565 2271 1748 2311 semen
1779 2259 2017 2312 semina-

444 2344 511 2397 sti
563 2344 614 2396 in
652 2358 781 2413 agro
808 2343 872 2398 7?
912 2363 931 2395 ι
966 2343 1150 2399 Potest
1196 2347 1322 2401 item
1374 2363 1559 2402 semen
1608 2349 1858 2403 Ecclesia:
1894 2365 2015 2406 esse

444 2437 810 2508 apostolorum
857 2423 912 2492 et
971 2438 1357 2507 discipulorum
1422 2439 1636 2494 Domini
1698 2442 1866 2495 nostri
1918 2443 2014 2496 do—

444 2532 617 2584 ctrina
640 2571 654 2593 ,
699 2544 932 2599 quorum
964 2545 1126 2599 opera
1175 2531 1260 2599 pia
1306 2532 1497 2602 religio
1530 2537 1582 2586 in
1618 2533 1723 2589 illis
1752 2535 1878 2588 olim
1917 2538 2011 2590 de-

459 2623 669 2677 tastatis
701 2621 917 2690 Dcuqne
945 2624 1130 2676 vacuis
1158 2622 1546 2678 solitudinibus
1575 2626 1873 2680 constituta
1905 2636 2010 2681 est.

517 2798 678 2855 Vnus.
704 2800 759 2854 4.
799 2818 819 2851 ι
856 2799 972 2854 Noli
1021 2801 1232 2863 timere,
1265 2802 1388 2870 quia
1435 2801 1660 2857 confusa
1708 2817 1808 2858 es:
1842 2818 2015 2872 neque

453 2894 754 2955 erubescas,
782 2893 908 2961 quia
953 2894 1337 2961 exprobratum
1365 2895 1459 2948 tibi
1499 2905 1582 2950 est
1611 2911 1625 2947 :
1664 2897 1788 2966 quia
1818 2897 2014 2951 confu—

446 2986 613 3041 sionis
639 2996 909 3055 perpetua:
947 2985 1324 3051 Oblivisceris,
1367 2995 1425 3041 et
1467 2989 1742 3056 opprobrii
1778 2988 2011 3043 viduita-

448 3079 516 3133 tis
545 3089 649 3133 tute
681 3093 789 3133 non
822 3077 1196 3132 recordaberis
1226 3078 1478 3147 amplius.
1514 3097 1534 3131 ι
1575 3078 1708 3133 Nam
1748 3095 1870 3137 cum
1904 3091 2014 3135 ste-

2128 600 2506 665 σκευασθεῖσα,
2531 601 2745 671 πηχέων
2764 596 2831 672 ἦν
2852 608 2897 671 ρ’
2929 601 3130 671 μῆκος
3171 598 3371 662 πλάτος
3398 599 3457 652 δὲ
3490 605 3552 653 ν’.
3580 600 3698 652 Ἐν-

2123 693 2295 747 ταῦθα
2320 694 2377 746 δέ
2401 712 2554 764 φησι,
2581 696 2671 767 Μὴ
2700 694 2861 766 φείσῃ
2886 692 3097 755 τούτου,
3127 692 3263 763 μηδὲ
3287 694 3699 767 στενοχωρήσῃς

2125 786 2355 856 σεαυτὴν
2400 789 2511 849 τοῖς
2555 786 2802 856 μέτροιςο
2828 785 2940 838 ἀλλ’
2973 784 3259 837 ὲκτείνασα
3309 783 3549 856 μακρὰν,
3603 786 3699 839 καὶ

2123 874 2374 938 κτίσασα,
2408 875 2502 927 καὶ
2531 874 2601 927 τὰ
2647 874 2790 945 ἑξῆς.
2836 874 3066 945 Νοήσεις
3096 872 3153 925 δὲ
3192 873 3254 926 τὸ
3300 874 3472 944 μῆκος
3513 875 3698 928 καὶτὸ

2124 964 2342 1027 πλάτος,
2379 964 2473 1017 καὶ
2501 964 2561 1016 τὸ
2591 963 2819 1034 μέγεθος
2850 963 2949 1035 τῆς
2986 963 3111 1027 νέας
3139 962 3341 1034 ταύτης
3372 964 3597 1035 σκηνῆς,
3630 964 3697 1035 ἢν

2122 1054 2321 1126 ἔπηξεν
2352 1056 2381 1106 ὁ
2408 1053 2609 1124 Κύριος
2638 1054 2731 1107 καὶ
2757 1054 2856 1107 οὐκ
2887 1053 3192 1125 ἄνθρωπος,
3223 1056 3314 1107 ἐπὶ
3341 1054 3465 1108 νοῦν
3491 1054 3694 1119 λαὸὼν,

2121 1147 2218 1219 ὅση
2253 1148 2350 1218 μὲν
2383 1148 2595 1218 ὑπῆρχε
2638 1149 2749 1209 τοῖς
2779 1145 2999 1217 μέτροις
3037 1148 3070 1217 ή
3102 1147 3195 1198 ἐπὶ
3225 1148 3503 1211 Μωῦσέως
3531 1165 3699 1202 κατα-

2122 1238 2501 1303 σκευασθεῖσα,
2542 1240 2640 1311 ὅση
2681 1234 2750 1310 ἦν
2799 1239 3149 1311 Ἰερουσαλὴμ
3184 1238 3274 1292 τδν
3307 1238 3443 1293 νεὼν
3477 1238 3693 1309 ἔχουσα,

2124 1335 2329 1405 μήκους
2343 1328 2410 1403 ἦν
2427 1331 2614 1402 πηχῶν
2631 1330 2747 1402 (sic)
2772 1337 2843 1402 μ’,
2861 1330 3092 1395 πλάτους
3110 1337 3178 1385 κ’.
3208 1331 3295 1395 Ὧς
3312 1331 3467 1403 ειπερ
3480 1326 3548 1403 ἦν
3563 1331 3697 1385 θαύ-

2122 1442 2291 1495 ματος
2325 1424 2472 1488 ἄξιος
2503 1425 2533 1477 ὃ
2554 1440 2613 1475 τε
2639 1421 2775 1487 νεὼς
2805 1424 2864 1476 ὲν
2893 1424 2993 1494 μιᾷ
3021 1422 3172 1478 πόλει
3198 1425 3297 1494 τῆς
3330 1424 3696 1495 Παλαιστίνης

2120 1515 2420 1587 ἱδρυμένος,
2474 1516 2626 1585 πόσῳ
2666 1514 2865 1586 μᾶλλον
2896 1514 2956 1567 τὸ
2998 1514 3201 1584 πλῆθος
3233 1516 3325 1568 καὶ
3356 1514 3425 1569 τὰ
3465 1515 3692 1586 μεγέθη,

2118 1607 2213 1661 καὶ
2237 1607 2305 1661 τὰ
2336 1608 2505 1679 κάλλη
2529 1607 2638 1660 τῶν
2666 1607 2806 1661 κατὰ
2836 1607 3014 1661 πάντα
3041 1607 3203 1661 τόπον
3240 1609 3695 1680 ἁνεγηγερμένων

2117 1700 2419 1771 ἐκκλησιῶν
2454 1700 2547 1753 τοῦ
2594 1700 2728 1754 Θεοῦ
2749 1715 2764 1729 ·
2817 1700 2987 1772 μεστὴ
3023 1699 3133 1772 γὰρ
3174 1700 3479 1754 ἐκκλησιῶν
3522 1702 3557 1773 ἡ
3599 1700 3695 1755 ὑπ’

2115 1792 2362 1862 οὐρανόν.

2194 1904 2212 1935 ι
2238 1885 2359 1936 Ἔτι
2400 1884 2480 1947 είς
2524 1884 2591 1938 τὰ
2634 1884 2781 1948 δεξιὰ
2812 1885 2907 1938 καὶ
2934 1884 3003 1939 τὰ
3036 1884 3298 1955 ἀριστερά
3331 1901 3424 1938 σου
3456 1884 3694 1939 ἐκπέτα-

2122 1994 2232 2043 σον,
2268 1978 2363 2029 καὶ
2393 1975 2455 2030 τὸ
2489 1976 2707 2047 σπέρμα
2742 1993 2833 2029 σου
2860 1976 2985 2048 ἔθνη
3020 1976 3436 2049 κληρονομήσει,
3471 1976 3565 2029 καὶ
3594 1976 3696 2029 πό-

2118 2072 2230 2135 λεις
2247 2071 2608 2142 ὴρεμωμένας
2630 2070 2941 2133 κατοικιεῖς.
2967 2088 2985 2120 ι
3011 2069 3237 2140 Σπέρμα
3255 2068 3310 2120 δὲ
3331 2067 3430 2138 τῆς
3461 2068 3693 2139 Ἐκκλη-

2121 2166 2239 2230 σίας
2271 2164 2363 2218 τοῦ
2397 2165 2531 2217 Θεοῦ
2565 2166 2649 2237 εἴη
2685 2165 2750 2219 ἂν
2792 2164 2886 2218 καὶ
2914 2164 2943 2215 ὁ
2981 2162 3333 2232 εὐαγγελικὸς
3357 2163 3533 2231 λόγος,
3563 2164 3694 2234 περὶ

2117 2252 2177 2311 οῦ
2211 2258 2454 2327 λέγεταιο
2480 2277 2497 2310 ι
2532 2258 2784 2327 Ἐξῆλθεν
2803 2258 2832 2309 ὁ
2854 2256 3089 2330 σπείρων
3115 2257 3207 2309 τοῦ
3234 2259 3482 2327 σπεῖραι,
3517 2275 3536 2306 ι
3574 2255 3691 2320 καὶ,

2123 2369 2141 2400 ι
2167 2351 2299 2420 Οὐχὶ
2332 2351 2495 2404 καλὸν
2534 2351 2755 2422 σπέρμα
2787 2349 3048 2421 ἔσπειρας
3083 2352 3140 2403 ἐν
3174 2350 3253 2421 τῷ
3285 2350 3479 2421 ἀγρῷ;
3517 2370 3536 2402 ι
3581 2350 3695 2404 Καὶ

2118 2442 2280 2495 πάλιν
2312 2442 2532 2495 δύναται
2556 2442 2612 2495 δὲ
2646 2440 2863 2512 σπέρμα
2889 2436 3027 2493 εἶναι
3049 2442 3148 2511 τῆς
3186 2440 3511 2511 Ἑκκλησίας
3539 2441 3632 2495 καὶ
3657 2443 3692 2512 ή

2116 2532 2225 2585 τῶν
2255 2533 2563 2587 ἀποστόλων
2585 2533 2678 2585 καὶ
2703 2530 2959 2602 μαθητῶν
2975 2530 3068 2585 τοῦ
3087 2532 3290 2604 Κυρίου
3309 2532 3464 2603 ήμῶν
3478 2532 3688 2603 διδαχή·

2115 2626 2182 2678 δι’
2210 2619 2284 2679 ὧν
2322 2627 2355 2697 ή
2390 2624 2642 2695 Θεοσεδὴς
2672 2623 2913 2678 πολιτεία
2955 2626 3012 2677 ὲν
3050 2626 3167 2687 ταῖς
3194 2623 3360 2676 πάλαι
3391 2623 3693 2696 ἠφανισμέ-

2117 2735 2235 2780 ναις
2263 2718 2358 2771 καὶ
2384 2716 2519 2769 Θεοῦ
2557 2717 2783 2787 ἐρήμοις
2810 2717 3126 2787 ἐκκλησίαις
3158 2718 3407 2789 συνέστη.

2191 2828 2208 2859 ι
2238 2810 2328 2880 Μὴ
2363 2809 2549 2878 φοϐοῦ,
2580 2809 2660 2862 ὃτι
2695 2794 3093 2881 κατῃσχύνθης,
3128 2810 3261 2881 μηδὲ
3289 2812 3582 2883 ὲντραπῇς,
3608 2812 3687 2865 ὃτι

2114 2900 2454 2970 ὠνειδίσθης·
2489 2900 2572 2952 ὅτι
2605 2900 2864 2971 αἰσχύνην
2890 2899 3108 2955 αἰώνιον
3146 2892 3521 2975 ἐπιλήσῃ,’κα“ι
3547 2905 3687 2958 ovet-

2114 2994 2202 3058 δος
2222 2994 2320 3064 τῆς
2350 2992 2577 3065 χηρείας
2609 3009 2702 3046 σου
2732 2995 2792 3046 οῦ
2830 2992 2904 3064 μὴ
2932 2994 3218 3068 μνησθήσῃ
3247 2996 3347 3049 ἔτι.
3378 3015 3397 3047 ι
3436 2998 3563 3051 Ὅτε
3591 2997 3690 3068 μὲν

2115 3088 2223 3158 γὰρ
2248 3083 2317 3157 ἦν
2348 3084 2555 3157 στείρα,
2587 3086 2680 3138 καὶ
2703 3086 2764 3138 ού
2791 3084 3068 3150 τίκτουσα,
3094 3086 3214 3139 οὐδὲ
3239 3086 3522 3154 ὠδίνουσα,
3556 3089 3690 3159 μηδὲ

447 3172 566 3229 rilis
588 3182 753 3235 esset,
783 3185 954 3240 neque
987 3178 1225 3238 pareret,
1257 3184 1433 3239 neque
1474 3172 1795 3239 parturiret,
1839 3187 2012 3243 neque

2116 3179 2203 3233 τὸν
2248 3179 2419 3250 ἄνδρα
2470 3176 2688 3249 ἔχουσα,
2742 3177 3108 3241 ἐπονείδιστος
3160 3172 3229 3250 ἦν
3284 3179 3379 3233 καὶ
3429 3179 3690 3250 αἰσχύνης

445 3265 622 3321 virum
673 3263 912 3329 haberet,
952 3263 1294 3317 contumeliis
1340 3262 1575 3316 obnoxia
1607 3271 1663 3317 et
1694 3262 2014 3319 confusione

443 3356 601 3431 plena
636 3365 796 3421 erat;
840 3364 896 3409 at
936 3369 1076 3409 nunc
1147 3355 1227 3408 sic
1269 3367 1388 3407 eam
1430 3352 1715 3422 compellat
1744 3372 1757 3409 :
1786 3354 2012 3408 Etiamsi

442 3450 573 3508 olim
604 3448 921 3505 confusione
954 3456 1010 3501 et
1041 3445 1334 3516 opprobrio
1361 3444 1525 3516 digna
1555 3456 1707 3516 gesta
1735 3446 2006 3512 edideris;

442 3542 675 3609 conﬁde,
710 3561 732 3594 ι
773 3542 908 3608 Quia
966 3537 1305 3595 confusionis
1331 3546 1604 3608 perpetua:
1647 3538 2009 3604 Oblivisceris,

441 3645 499 3693 et
522 3636 796 3706 opprobrii
832 3631 1114 3688 viduitatis
1144 3640 1249 3685 tuae
1290 3645 1396 3684 non
1431 3630 1822 3686 recordaberis.
1863 3649 1883 3682 ι
1922 3632 2015 3687 \‘i-

442 3730 705 3786 duitatem
752 3736 929 3782 autem
985 3726 1074 3780 hic
1116 3734 1276 3780 vocat
1318 3724 1480 3781 Verbi
1531 3725 1711 3794 sponsi
1749 3726 2010 3795 privatio-

444 3836 612 3878 nem:
654 3820 833 3888 cnjus,
869 3817 1066 3887 inquit,
1096 3833 1202 3872 non
1237 3816 1635 3884 recordaberis,

518 3914 684 3970 Vens.
712 3913 767 3968 5.
802 3932 823 3966 ι
863 3912 999 3979 Quia
1032 3910 1296 3965 Dominus
1326 3912 1587 3964 virtutum
1619 3919 1725 3976 est,
1763 3911 1855 3982 qui
1881 3910 2011 3968 fecit

446 4016 520 4075 te,
562 4007 821 4061 Dominus
849 4018 1042 4060 nomen
1074 4003 1171 4068 illi,
1215 4010 1269 4056 et
1293 4003 1384 4073 qui
1408 4005 1551 4058 eruit
1595 4012 1674 4070 te;
1720 4005 1835 4073 ipse
1867 4003 2010 4060 Deus

444 4099 608 4155 Israel
644 4107 754 4153 tota
797 4108 937 4152 terra
974 4096 1276 4150 vocabitur.
1326 4114 1351 4147 ι
1398 4094 1513 4149 Non
1545 4096 1691 4150 enim
1732 4112 1799 4151 ex
1836 4097 2012 4151 homi-

443 4192 627 4255 nibus,
673 4204 850 4260 neque
896 4204 994 4259 per
1038 4188 1317 4242 hominem
1360 4187 1473 4242 hac
1513 4189 1806 4243 constituta
1844 4200 2004 4253 sunt,

443 4285 537 4341 sed
566 4298 662 4354 per
688 4282 863 4353 ipsum
894 4281 1205 4341 Dominum.

515 4398 681 4454 Vens.
706 4396 866 4451 6-10.
896 4413 924 4447 -‹
956 4394 1071 4449 Non
1100 4393 1254 4464 quasi
1286 4393 1570 4449 mulierem
1609 4395 1924 4451 derelictam
1952 4407 2003 4451 et

440 4490 839 4563 pusillanimem
860 4487 1079 4542 vocavit
1110 4495 1165 4542 te
1202 4486 1482 4553 Dominus,
1513 4501 1687 4556 neque
1724 4499 1784 4542 ut
1821 4489 2009 4544 mulie-

439 4596 559 4638 rem
595 4596 660 4635 ex
695 4581 979 4650 iuventute
1007 4579 1132 4634 odio
1176 4579 1436 4633 habitam.
1478 4580 1623 4633 Dixit
1674 4580 1814 4634 Deus
1859 4590 2004 4644 tuus,

440 4671 711 4742 Tempore
758 4672 971 4726 modico
1009 4671 1198 4740 reliqui
1248 4681 1335 4737 te,
1379 4679 1436 4726 et
1459 4685 1588 4725 cum
1637 4673 2006 4728 misericordia

443 4779 636 4834 magna
668 4764 966 4819 miserebor
996 4764 1097 4828 tui,
1144 4764 1282 4817 dixit
1308 4764 1406 4833 qui
1454 4765 1594 4819 eruit
1627 4774 1678 4818 te
1726 4765 2005 4819 Dominus.

440 4858 528 4913 Ab
555 4872 691 4927 aqua
726 4872 843 4925 qua:
871 4860 974 4911 sub
1002 4855 1116 4911 Noe
1154 4855 1275 4923 fuit,
1304 4857 1407 4911 hoc
1435 4857 1568 4911 mihi
1615 4865 1719 4922 est,
1751 4859 2010 4927 quemad—

444 4953 661 5008 modum
703 4949 881 5019 juravi
925 4949 975 5005 ei
1027 4949 1079 5002 in
1129 4958 1368 5018 tempore
1408 4948 1522 5013 illo,
1573 4960 1732 5004 terra:
1776 4964 1861 5005 me
1904 4965 2010 5005 non

439 5058 827 5102 succensurum
876 5056 1041 5112 super
1077 5051 1129 5095 te
1171 5043 1425 5111 amplius,
1475 5056 1650 5112 neque
1693 5042 1745 5095 in
1786 5043 2011 5096 commi-

442 5138 660 5193 natione
696 5146 784 5191 tua
822 5145 1035 5190 montes
1066 5135 1475 5190 transferendos
1514 5149 1655 5199 esse,
1689 5150 1863 5204 neque
1896 5134 2009 5189 col-

440 5230 518 5284 les
565 5244 714 5283 meos
760 5231 1246 5282 transntovendos:
1288 5227 1368 5282 sic
1419 5241 1594 5295 neque
1636 5227 2007 5282 misericordia

440 5318 560 5379 mea
608 5324 702 5378 tibi
743 5323 996 5387 deﬁciet,
1048 5316 1225 5393 neque'
1271 5330 1650 5377 testamentum
1682 5322 1831 5392 pacis
1877 5335 2009 5377 meae

441 5415 905 5471 auferetur:dixit
931 5417 1077 5470 enim
1105 5434 1121 5471 :
1148 5414 1416 5485 Propitius
1431 5423 1514 5468 est
1542 5414 1633 5468 tibi
1669 5414 1948 5468 Dominus.
1983 5433 2001 5466 ο

438 5508 560 5566 Cito
595 5508 741 5562 enim
789 5520 1001 5564 montes
1038 5524 1067 5562 a
1120 5508 1352 5577 propriis
1402 5508 1537 5561 locis
1571 5507 2006 5571 transferentur,

439 5611 496 5656 et
528 5601 695 5657 colles
753 5602 1115 5658 turbabuntur
1151 5600 1363 5670 potius,
1423 5613 1587 5669 quam
1634 5598 2005 5655 misericordia

498 5800 521 5830 ⁸
580 5797 770 5853 Matth.
805 5817 922 5866 xm,
946 5804 999 5860 5.
1075 5803 1094 5834 ⁷
1123 5796 1256 5855 ibid.
1288 5789 1379 5845 27.

2115 3270 2373 3342 ἔμπλεοςο
2409 3269 2545 3324 ἀλλὰ
2586 3269 2679 3323 νῦν
2714 3285 2846 3339 φησι
2893 3270 3028 3341 πρὸς
3061 3270 3255 3341 αὑτήν·
3285 3270 3348 3324 El
3386 3274 3480 3325 καὶ
3523 3273 3688 3327 πάλαι

2114 3360 2243 3414 ποτὲ
2273 3359 2533 3433 αἰσχύνης
2571 3360 2665 3413 καὶ
2700 3360 2933 3424 ὀνείδους
2967 3358 3235 3431 ἔπραττες
3279 3361 3429 3428 ἄξια,
3463 3360 3686 3432 θάρσει’

2121 3471 2140 3504 ι
2177 3453 2297 3506 Ὅτι
2337 3452 2597 3522 αίσχύνην
2645 3448 2862 3505 αἰώνιον
2903 3449 3159 3523 ἐπιλήσῃ,
3208 3452 3302 3505 καὶ
3348 3453 3545 3516 ὄνειδος
3591 3455 3690 3523 τῆς

2113 3545 2339 3617 χηρείας
2372 3561 2465 3597 σου
2491 3546 2551 3597 οὐ
2588 3544 2662 3615 μὴ
2699 3543 3008 3616 μνησθήσῃ.
3034 3562 3053 3595 ι
3095 3544 3333 3615 Χηρείαν
3374 3544 3431 3598 δὲ
3473 3546 3683 3598 ἀποκα-

2111 3638 2194 3691 λεῖ
2224 3638 2318 3690 καὶ
2363 3636 2596 3692 ἐνταῦθα
2625 3637 2721 3709 τὴν
2768 3636 3023 3709 στέρησιν
3064 3636 3157 3691 τοῦ
3202 3636 3428 3708 νυμφίου
3468 3637 3639 3705 Λόγου
3661 3652 3678 3668 ο

2110 3728 2180 3804 ἧς
2202 3732 2262 3785 οὐ
2298 3729 2604 3802 μνησθήσῃ,
2636 3727 2820 3799 φησὶν,

2187 3930 2205 3962 ι
2246 3911 2366 3964 Ὀτι
2412 3911 2616 3981 Κύριος
2662 3909 2771 3962 τῶν
2817 3908 3101 3981 δυνάμεών
3154 3911 3299 3963 ἐστιν
3328 3910 3358 3963 ὁ
3394 3909 3563 3963 ποιῶν
3599 3925 3682 3975 σε,

2112 4003 2313 4074 Κύριος
2347 4003 2519 4074 ὄνομα
2554 4000 2723 4073 αὐτῷ,
2766 4002 2859 4055 καί⁸
2903 4000 3205 4073 ρυσάμενός
3243 4018 3332 4055 σε·
3364 4002 3522 4066 αὐτὸς
3554 4001 3687 4078 Θεὸς

2124 4096 2336 4167 Ἰσραὴλ
2365 4097 2512 4167 πάσῃ
2535 4097 2601 4168 τῇ
2634 4096 2705 4166 γῇ
2736 4094 3117 4165 κληθήσεται.»
3153 4094 3227 4147 οὐ
3260 4095 3370 4168 γὰρ
3396 4096 3455 4162 ἐξ
3480 4093 3690 4167 ἀνθρὼ-

2080 4244 2083 4245 ,
2111 4208 2248 4253 πων,
2278 4191 2397 4246 οὐδὲ
2435 4190 2500 4243 δι’
2530 4189 2818 4260 ἀνθρώπου
2860 4187 2928 4241 τὰ
2958 4188 3057 4259 τῆς
3106 4187 3418 4250 συστάσεως
3442 4188 3685 4256 γέγονεν,

2108 4283 2245 4337 ἀλλὰ
2267 4284 2332 4337 δι’
2364 4283 2526 4336 αὑτοῦ
2558 4282 2653 4337 τοῦ
2685 4285 2911 4355 Κυρίου.

2185 4418 2203 4451 ι
2236 4400 2347 4469 Οὐχ
2375 4398 2448 4461 ὡς
2473 4402 2707 4467 γυναῖκα
2727 4399 3230 4471 καταλελειμμένην
3254 4401 3347 4454 καὶ
3366 4399 3684 4469 ὁλιγόψυχον

2112 4488 2348 4558 κέκληκέ
2389 4504 2450 4541 σε
2491 4490 2520 4540 ό
2547 4487 2770 4559 Κύριος,
2805 4489 2914 4542 οὐδ’
2947 4489 3023 4553 ὠς
3063 4493 3297 4559 γυναῖκα
3332 4492 3395 4542 ὲκ
3433 4488 3687 4558 νεότητος

2116 4581 2512 4652 μεμισημένην.
2546 4575 2712 4633 Εἶπεν
2744 4583 2772 4633 ό
2791 4580 2924 4644 Θεός
2956 4598 3069 4635 σου⁸
3093 4582 3298 4653 Χρόνον
3331 4581 3524 4653 μικρὸν
3554 4598 3687 4635 κατ-

2112 4672 2296 4725 έλιπόν
2323 4688 2404 4736 σε,
2444 4671 2539 4724 καὶ
2566 4673 2681 4741 μετ’
2716 4672 2896 4737 ἐλέους
2924 4675 3160 4743 μεγάλου
3184 4675 3395 4746 ὲλεήσω
3425 4691 3503 4738 σε,
3533 4671 3686 4728 εἶπεν

2104 4769 2141 4819 ὁ
2176 4766 2477 4837 ῥυσάμενός
2524 4784 2585 4819 σε
2631 4766 2853 4836 Κύριος.
2912 4768 3044 4821 Ἀπὸ
3088 4767 3184 4821 τοῦ
3224 4768 3418 4831 ὓδατος
3453 4768 3544 4821 τοῦ
3591 4770 3685 4821 ἐπὶ

2114 4860 2235 4912 Νῶε
2268 4858 2425 4912 τοῦτό
2455 4860 2545 4929 μοί
2576 4861 2712 4923 ἐστι,
2743 4859 2931 4914 καθότι
2951 4859 3140 4931 ὤμοσα
3159 4860 3309 4931 αὐτῷ
3328 4862 3385 4915 ὲν
3403 4861 3482 4932 τῷ
3508 4860 3686 4931 χρόνῳ

2114 4952 2306 5022 ἐκείνῳ
2342 4954 2408 5022 τῇ
2440 4954 2509 5022 γῇ
2562 4952 2637 5022 μὴ
2689 4952 3108 5025 θυμωθήσεσθαι
3151 4955 3243 5007 ἐπὶ
3276 4955 3359 5007 σοὶ
3409 4954 3509 5016 ἔτι,
3553 4952 3687 5024 μηδὲ

2115 5048 2174 5099 ἐν
2205 5047 2402 5118 ἀπειλῇ
2438 5063 2531 5099 σου
2562 5047 2630 5100 τὰ
2658 5047 2758 5118 ὅρη
2806 5048 3255 5117 μεταστήσεσθαι,
3289 5049 3399 5102 οὐδ’
3427 5050 3476 5102 οἱ
3509 5048 3688 5119 βουνοί

2119 5156 2221 5209 μου
2254 5139 2792 5210 μετακινηθήσονται.
2836 5139 3022 5203 Οῦτως
3047 5140 3167 5193 οὐδὲ
3201 5141 3262 5193 τὸ
3289 5141 3418 5212 παρ’
3443 5139 3577 5211 ἐμοῦ
3606 5154 3688 5194 σοι

2117 5229 2264 5293 ἔλεος
2291 5230 2550 5299 ἐκλείψει,
2579 5231 2699 5285 οὐδὲ
2732 5232 2764 5301 ή
2794 5231 3025 5303 διαθήκη
3072 5232 3174 5303 τῆς
3220 5234 3442 5305 είρήνης
3488 5249 3580 5285 σου
3621 5226 3686 5285 οὐ

2120 5322 2193 5393 μὴ
2231 5309 2501 5393 μεταστῇο
2535 5319 2656 5376 εἷπε
2691 5323 2820 5394 γάρ·
2853 5321 3039 5388 Ἵλεώς
3068 5340 3149 5378 σοι
3181 5324 3398 5395 Κύριος.
3428 5344 3446 5374 ι
3484 5324 3690 5379 Θᾶττον

2114 5415 2222 5486 γὰρ
2248 5413 2317 5467 τὰ
2354 5414 2456 5485 ὅρη
2506 5416 2930 5486 μεταστήσονται
2964 5416 3072 5470 τῶν
3115 5417 3330 5470 οίκείων
3363 5416 3561 5480 τόπων,
3593 5410 3689 5472 καὶ

2114 5507 2163 5558 ot
2195 5504 2370 5573 βουνοὶ
2411 5488 2865 5577 ταραχθήσονται,
2914 5506 2945 5577 ἢ
2978 5506 3039 5559 τδ
3081 5508 3211 5579 ἐμὸν
3250 5508 3396 5572 nso;
3439 5508 3549 5583 ἀπὸ
3592 5508 3690 5563 σοῦ

2116 5598 2486 5669 κινηθήσεται.
2521 5600 2627 5653 Καὶ
2656 5599 2826 5653 ταῦτα
2858 5602 2912 5654 δὲ
2944 5602 3019 5672 τῷ
3047 5601 3290 5656 θεοσεόεῖ
3333 5588 3690 5668 πολιτεύματι
