4130 6380
392 400 500 456 465

1306 395 1809 453 COMMENTARIA
1853 393 1918 448 ΙΝ
1960 391 2210 446 ISAIAM.
2248 423 2317 432 —
2354 387 2508 442 CAP.
2549 384 2680 440 LIV.

3527 373 3634 430 466

390 519 785 588 ἐπαγγέλλεται
821 523 849 574 ό
891 521 1066 590 λόγος.
1097 524 1187 576 καὶ
1220 522 1384 576 πάλαι
1417 523 1511 590 μὲν
1541 517 1607 591 ἦν
1652 521 1800 590 παρὰ
1839 521 1956 573 ἰου-

2073 526 2190 564 mea
2237 528 2265 564 a
2311 520 2362 564 te
2409 514 2766 563 removeatur.
2799 503 2863 557 Et
2902 502 3016 556 btrc
3045 499 3145 570 pia:
3181 495 3420 566 religioni
3452 508 3635 548 sermo

393 612 580 676 δαίοις,
638 612 888 666 διαπεσὺν
947 613 1002 666 δὲ
1060 615 1186 684 παρ’
1225 615 1423 677 αὐτοῖς,
1460 613 1549 665 ἐπὶ
1579 612 1677 682 τὴν
1710 611 1766 678 ἐξ
1795 611 1962 664 ἐθνῶν

408 702 729 774 Ἐκκλησίαν
764 704 1151 776 μεταϐέϐηκεν.

471 901 488 934 ι
517 881 756 953 Ταπεινὴ
804 882 895 935 καὶ
928 883 1318 948 ἀκατάστατος,
1341 884 1400 937 οὐ
1427 883 1788 954 παρεκλήθης.
1834 883 1961 937 Ἰδοὺ

393 971 504 1042 ἐγὼ
530 973 802 1043 ἐτοιμάζω
834 991 914 1027 σοι
955 974 1201 1046 ἄνθρακα
1222 976 1311 1028 τὸν
1342 975 1484 1028 λίθον
1519 993 1630 1039 σου,
1657 976 1749 1027 καὶ
1779 977 1844 1030 τὰ
1877 976 1964 1028 θε-

395 1063 558 1133 μέλιά
587 1080 679 1116 σου
715 1064 1072 1137 σάπφειρον.»
1103 1061 1210 1118 Ἦν
1259 1067 1366 1138 γὰρ
1400 1067 1546 1138 παρὰ
1591 1067 1858 1131 Ἰουδαίοις
1886 1068 1962 1138 τῷ

390 1155 505 1209 ϐντι
533 1157 814 1228 ήταπεινὴ
847 1160 1130 1228 σωματικὴ
1161 1159 1446 1229 θρησκεία,
1476 1162 1508 1230 ἡ
1538 1161 1594 1211 ἐν
1625 1159 1838 1230 σώματι
1865 1177 1960 1212 πε-

398 1247 610 1323 ριτομὴ,
640 1247 732 1300 καὶ
759 1248 819 1300 ἐν
845 1247 1048 1310 οὐσίαις
1073 1247 1224 1312 ζώων
1248 1250 1340 1302 καὶ
1365 1251 1484 1311 ταῖς
1506 1248 1706 1301 τούτων
1731 1248 1957 1313 θυσίαις,

395 1340 484 1397 καὶ
507 1341 618 1403 τοῖς
639 1338 817 1403 ἄλλοις
842 1341 1240 1410 παραπλησίοις
1265 1340 1620 1412 ἐξεταζομένη
1643 1359 1654 1370 ·
1677 1342 1756 1394 διὸ
1776 1359 1963 1395 ταπει-

399 1429 486 1501 νὴν
513 1429 606 1482 καὶ
634 1430 1010 1484 ἀκατάστατον
1041 1431 1211 1501 αὐτὴν
1238 1431 1536 1501 ὠνόμασεν.
1556 1427 1666 1485 Εἶτ’
1697 1433 1958 1500 ἐπιλέγει,

395 1540 414 1572 ι
447 1521 521 1573 Οὐ
572 1521 950 1593 παρεκλήθης·
975 1541 994 1574 ι
1047 1523 1218 1586 οὐδεὶς
1255 1523 1363 1594 γάρ
1390 1519 1456 1593 ἦν
1491 1523 1602 1578 τῶν
1644 1523 1958 1594 προφητῶν,

394 1610 506 1664 οὐδὲ
545 1610 654 1664 τῶν
702 1610 964 1680 θεοφιλῶν
1010 1613 1218 1684 ἀνδρῶν
1262 1615 1532 1680 τοσοῦτος,
1567 1615 1642 1679 ὡς
1672 1614 1960 1669 ἀναλαϐεῖν

389 1703 555 1775 αὐτὴν
583 1705 676 1758 καὶ
698 1705 1118 1777 ἀνακτήσασθαι.

469 1883 599 1938 Ἰδοὺ
633 1885 744 1953 ἐγὼ
777 1888 1048 1958 ἐτοιμάζω
1083 1906 1163 1942 σοι
1209 1888 1453 1960 ἄνθρακα
1520 1891 1608 1944 τὸν
1648 1891 1790 1945 λίθον
1842 1908 1956 1957 σου,
1992 1896 2034 1950 Β

382 1978 478 2030 καὶ
503 1978 572 2032 τὰ
616 1978 842 2049 θεμέλιά
886 2000 979 2035 σου
1014 1985 1332 2055 σάπφειρον.
1361 2004 1380 2036 ι
1421 1987 1560 2039 Ἀνθ’
1585 1980 1646 2040 οὗ
1673 1989 1700 2038 ὁ
1730 1987 1955 2058 Σύμμα-

382 2085 509 2137 χος,
576 2087 595 2120 ι
646 2070 772 2122 Ἰδοὺ
814 2071 946 2140 ἐγὼ,
999 2076 1150 2144 φησὶ,
1204 2076 1488 2146 συντίθημι
1543 2079 1776 2148 στιμμίᾳ
1831 2080 1956 2141 τοὺς

383 2157 561 2221 λίθους
580 2175 672 2211 σου
691 2159 805 2228 (40)
832 2180 849 2211 ι
870 2161 1220 2227 ὁΘεοδοτίων,
1246 2185 1263 2215 ι
1291 2165 1416 2219 Ἰδοὺ
1434 2165 1543 2234 ἐγώ
1568 2168 1681 2236 είμι
1705 2166 1956 2237 ἐμϐαλὼν

389 2251 590 2320 στιμμῇ
623 2251 750 2313 τοὺς
775 2251 954 2315 λίθους
994 2270 1108 2306 σου.
1138 2274 1157 2306 ι
1223 2255 1307 2318 Ὠς
1338 2257 1446 2328 γὰρ
1480 2257 1544 2310 ἂν
1575 2258 1710 2327 γυνὴ
1745 2257 1955 2310 καλλω-

394 2342 645 2414 πιζομένη
689 2345 1027 2415 στιμμίζοιτο
1057 2349 1183 2411 τοὺς
1211 2349 1520 2419 ὀφθαλμούς
1543 2367 1554 2379 ·
1594 2349 1766 2413 οὕτως
1796 2351 1954 2415 αὐτὸς

390 2432 519 2500 ἐγὼ,
553 2435 730 2505 φησὶν,
760 2437 898 2507 ὑπὲρ
927 2438 1104 2492 πάντα
1136 2439 1414 2510 ὡραϊσμὸν
1447 2442 1542 2494 καὶ
1572 2441 1956 2512 καλλωπισμὸν

386 2523 510 2586 τοὺς
536 2525 632 2595 τῆς
667 2527 766 2597 σῆς
790 2528 1077 2600 οἰκοδομῆς
1113 2531 1294 2593 λίθους
1317 2531 1574 2602 διαθήσω.

456 2637 475 2667 ‹
508 2619 613 2671 Καὶ
642 2619 791 2690 θήσω
816 2620 915 2684 τὰς
946 2622 1196 2686 ἐπάλξεις
1223 2640 1315 2676 σου
1344 2623 1550 2686 ἴασπιν,
1598 2625 1691 2678 καὶ
1725 2625 1820 2688 τάς
1855 2623 1955 2677 πύ-

379 2707 476 2772 λας
520 2725 614 2762 σου
669 2709 848 2775 λίθους
892 2713 1247 2784 κρυστάλλου,
1292 2716 1382 2768 καὶ
1420 2715 1509 2767 τὸν
1543 2715 1824 2787 περίϐολόν
1861 2734 1954 2769 σου

379 2800 557 2864 λίθους
587 2801 892 2867 ἐκλεκτούς.
917 2824 936 2854 ι
989 2805 1229 2859 Τοιοῦτοι
1253 2806 1295 2858 δ’
1325 2807 1390 2860 ἂν
1419 2803 1524 2859 εἷεν
1547 2807 1604 2859 ἐν
1628 2810 1694 2878 τῇ
1725 2809 1953 2880 Ἐκκλη-

382 2891 473 2960 σία
503 2890 638 2944 Θεοῦ
663 2893 712 2944 οί
744 2893 932 2965 λογικῇ
966 2900 1284 2968 παρασκευῇ
1315 2899 1414 2969 τὴν
1448 2898 1628 2950 πίστιν
1652 2898 1953 2970 ὠχυρωμέ-

378 2998 480 3045 νοι,
507 2982 649 3036 ὥστε
681 2986 1038 3057 προμαχῶνες
1081 2989 1230 3052 ὄντες
1265 2991 1360 3041 τοῦ
1389 2989 1672 3052 θεοσεϐοῦς
1709 2991 1956 3045 πολιτεύ-

383 3089 571 3142 ματος,
595 3073 682 3127 διὰ
710 3075 768 3127 τὸ
788 3076 1044 3129 δύνασθαι
1071 3080 1176 3132 πᾶν
1206 3078 1404 3150 ὕψωμα
1437 3081 1792 3152 ἐπαιρόμενον
1815 3083 1956 3136 κατὰ

377 3162 478 3232 τῆς
501 3162 753 3232 γνώσεως
772 3165 864 3218 τοῦ
882 3165 1015 3219 Θεοῦ
1037 3169 1335 3239 καθαιρεῖν,
1352 3171 1442 3222 καὶ
1466 3170 1758 3242 διελέγχειν
1780 3173 1954 3226 πάντα

378 3253 534 3322 λόγον
556 3255 727 3326 ψευδῆ
750 3257 841 3309 τὸν
870 3257 969 3328 τῆς
993 3258 1244 3328 ἀληθείας
1295 3262 1568 3332 πολέμιον.
1605 3263 1815 3334 Ὥσπερ
1851 3265 1955 3335 γὰρ

378 3345 610 3399 ἐπὶτῶν
654 3347 848 3417 τειχῶν
883 3351 936 3402 αἱ
989 3349 1241 3414 ἐπάλξεις
1291 3352 1650 3420 προμαχῶνες
1691 3354 1827 3404 εἰσιν
1866 3355 1956 3405 ἐπὶ

377 3443 697 3510 παρασκευῇ
744 3439 844 3510 τῆς
898 3441 1034 3512 πρὸς
1086 3443 1212 3505 τοὺς
1261 3442 1550 3512 πολεμίους
1603 3444 1956 3516 παρατάξεως

380 3531 916 3600 παρεσκευασμένον
950 3532 1092 3585 οὕτω
1141 3533 1233 3585 καὶ
1275 3533 1371 3602 τῆς
1431 3532 1753 3604 Ἑκκλησίας
1797 3535 1844 3588 οἱ
1899 3537 1955 3587 ἐν

377 3619 519 3691 λόγῳ
577 3623 671 3674 καὶ
717 3625 775 3675 ἐν
822 3624 984 3696 σοφίᾳ
1037 3624 1284 3689 δυνατοὶ,
1331 3623 1570 3694 λεχθεῖεν
1619 3624 1684 3678 ἂν
1731 3625 1956 3688 εἰκότως

374 3713 648 3778 ἐπάλξεις.
688 3732 706 3765 ι
730 3716 840 3768 Καὶ
883 3716 982 3778 τὰς
1024 3717 1194 3780 πύλας
1223 3735 1314 3769 σου
1342 3717 1522 3782 λίθους
1553 3717 1883 3790 κρυστάλλου
1903 3736 1914 3747 ’
1932 3737 1950 3768 ι

371 3802 441 3854 δι’
473 3798 547 3857 ὦν
572 3804 670 3868 τάς
699 3805 873 3863 πύλας
904 3807 1001 3876 τῆς
1048 3807 1254 3870 πόλεως
1302 3810 1593 3879 συστήσας,
1623 3807 1867 3870 θεσπίζει
1896 3809 1954 3861 τὸ

368 3895 590 3963 διαυγὲς
623 3896 715 3947 καὶ⁴
749 3896 987 3967 καθαρὸν
1019 3897 1118 3967 τῆς
1161 3898 1344 3966 ὑγιοῦς
1382 3900 1637 3963 πίστεως,
1685 3899 1955 3969 παριστὰς

369 3984 484 4037 τῶν
513 3987 954 4055 πεπιστευμένων
977 3988 1072 4058 τὴν
1113 3987 1334 4059 πρώτην
1365 3991 1456 4042 καὶ
1493 3990 1827 4061 στοιχειώδη,
1861 3993 1954 4044 καὶ

371 4075 690 4146 εἰσακτικὴν
727 4076 1090 4131 διδασκαλίαν.
1125 4099 1143 4129 ι
1169 4080 1278 4132 Καὶ
1304 4081 1392 4133 τὸν
1433 4082 1716 4152 περίϐολόν
1751 4100 1843 4134 σου
1874 4083 1953 4135 λί-

370 4165 500 4228 θους
540 4165 888 4231 ἐκλεκτούς.)
934 4168 1174 4222 Τοιοῦτοι
1220 4171 1263 4223 δ’
1306 4171 1372 4226 ἂν
1418 4167 1527 4224 εἶεν
1560 4173 1608 4224 οἱ
1655 4174 1954 4244 περιφράτ-

367 4274 574 4321 τοντες,
615 4259 712 4313 καὶ
755 4261 874 4313 ἀντὶ
925 4261 1128 4324 παντὸς
1171 4262 1367 4332 ἕρκους
1403 4263 1823 4334 ἁσφαλιζόμενοι
1868 4265 1955 4318 διὰ

369 4350 479 4411 τῶν
514 4351 649 4423 πρὸς
691 4352 782 4405 τὸν
815 4354 945 4406 Θεὸν
986 4355 1157 4425 εὐχῶν
1200 4356 1295 4427 τὴν
1326 4358 1504 4408 πᾶσαν
1541 4358 1827 4429 οἰκοδομὴν
1857 4359 1953 4428 τῆς

374 4443 600 4509 πόλεως,
635 4445 847 4516 μεγάλα
873 4445 966 4500 καὶ
1002 4447 1288 4518 πολυτελῆ,
1316 4448 1409 4502 καὶ
1445 4447 1636 4519 ἔντιμα
1667 4451 1951 4523 οἰκοδομή-

375 4550 540 4603 ματα.

445 4645 464 4675 (
492 4627 599 4679 Καὶ
632 4627 839 4691 πάντας
871 4630 997 4692 τοὺς
1040 4629 1188 4694 υἱούς
1218 4649 1310 4684 σου
1344 4631 1625 4697 διδακτοὺς
1664 4633 1818 4694 Θεοῦ,
1854 4637 1947 4688 καὶ

371 4717 429 4768 ἐν
484 4717 652 4788 πολλῇ
707 4721 898 4791 εἰρήνῃ
947 4721 1014 4774 τὰ
1061 4722 1225 4776 τέκνα
1279 4741 1433 4777 σου.)
1483 4725 1773 4790 Διδακτους
1810 4727 1944 4781 Θεοῦ

370 4797 633 4862 ἀποκαλεῖ
655 4813 779 4874 τοὺς
810 4814 956 4875 υίοὺς
979 4813 1078 4883 τῆς
1107 4815 1273 4869 πάλαι
1316 4816 1560 4887 στείρας’
1595 4817 1730 4870 ἀλλὰ
1762 4820 1854 4870 καὶ
1889 4821 1945 4872 ἐν

371 4899 537 4972 πολλῇ
569 4903 758 4975 εἰρήνῃ
794 4903 1010 4957 ἔσεσθαι
1057 4905 1227 4975 αὐτῆς
1277 4905 1346 4957 τά
1394 4907 1598 4961 τέκναο
1636 4908 1789 4961 τοῦτο
1836 4909 1946 4981 γὰρ

370 4992 552 5055 αὐτοῖς
580 4994 940 5064 ἐπηγγείλατο
981 4995 1181 5049 εἰπών’
1224 5016 1242 5047 ι
1288 4998 1525 5068 Εἰρήνην
1552 4999 1650 5070 τὴν
1695 4999 1832 5071 ἐμὴν
1865 5000 1944 5053 δίι

368 5085 510 5156 δωμι
534 5086 681 5155 ὑμῖν,
709 5088 931 5158 εἰρήνην
956 5087 1054 5159 τὴν
1084 5087 1225 5159 ἐμὴν
1256 5088 1458 5158 ἀφίημι
1493 5091 1674 5160 ὑμῖν.)

447 5195 464 5225 ι
512 5177 622 5243 Καὶ
667 5178 725 5230 ἐν
777 5178 1087 5250 δικαιοσύνῃ
1125 5179 1543 5253 οίκόδομηθήσῃ.
1580 5182 1811 5252 ’Λπέχου
1860 5185 1952 5238 ἀπ’

368 5265 578 5328 ἀδίκου,
627 5270 720 5322 καὶ
771 5271 833 5322 οὐ
893 5271 1198 5357 φοϐηθήσῃ,
1243 5272 1337 5326 καὶ
1389 5273 1590 5343 τρόμος
1629 5275 1727 5327 οὐκ
1782 5277 1960 5344 ἐγγιεῖ

370 5375 516 5413 σοι.ι
561 5360 644 5413 Τὰ
683 5361 780 5432 μὲν
815 5361 926 5434 γὰρ
980 5363 1298 5435 ἀνθρώπινα
1345 5367 1816 5438 ὲπισκευάσματα,
1863 5371 1956 5422 καὶ

369 5449 429 5516 ἐξ
473 5451 815 5524 ἀνθρωπίνης
857 5454 1090 5526 σπουδῆς
1149 5457 1530 5528 συνιστάμενα,
1573 5456 1795 5510 τοιαῦτά
1831 5475 1952 5511 τινα

367 5542 642 5612 τυγχάνει·
701 5543 782 5596 διὸ
835 5543 928 5596 καὶ
975 5546 1054 5608 είς
1093 5544 1296 5616 φθοράν
1336 5549 1503 5619 χωρεί
1542 5547 1635 5599 καὶ
1680 5548 1759 5609 είς
1798 5545 1947 5599 ἀπώ-

367 5652 390 5685 ⁸
419 5649 577 5706 Joan.
615 5668 728 5720 xw,
758 5652 850 5708 27.

438 5745 554 5816 (40)
597 5744 652 5800 In
687 5746 794 5804 alio
825 5748 1008 5818 codice
1045 5747 1238 5818 legitur
1266 5754 1378 5816 τοῖς
1407 5751 1574 5817 λίθοις
1603 5771 1719 5807 σου.
1750 5753 1944 5808 Hiero-

366 5829 563 5885 nymus
613 5831 776 5888 vero,
826 5817 965 5887 Ἐγώ
1012 5817 1126 5891 εἰμι
1170 5821 1421 5892 ἐμϐαλὼν
1463 5825 1519 5879 ἐν
1576 5827 1771 5897 στίμμι
1826 5826 1949 5890 τοὺς

2069 605 2369 674 pollicetur,
2409 604 2516 656 imo
2543 602 2706 655 etiam
2741 598 2866 652 olim
2909 610 3074 665 penes
3111 592 3326 648 .ludzeos
3369 589 3456 644 illa
3493 595 3634 651 erat,

2065 699 2157 752 sed
2208 697 2274 751 ab
2317 696 2446 766 ipsis
2476 695 2700 754 decidit,
2739 701 2793 746 et
2829 692 2894 744 ad
2931 687 3227 744 Ecclesiam
3273 699 3338 738 ex
3382 679 3634 752 gentibus

2065 801 2312 846 coactam
2356 787 2614 842 translata
2645 794 2748 838 est.

2138 883 2300 937 Vens.
2331 883 2420 936 ll.
2463 899 2480 931 ι
2518 878 2744 933 lluinilis
2773 883 2828 930 et
2873 872 3172 936 instabilis,
3207 868 3631 925 consolationem

2066 993 2169 1031 non
2208 977 2396 1044 adepta
2452 989 2530 1028 es.
2578 972 2718 1026 Ecce
2752 984 2851 1037 ego
2896 981 3141 1035 praepara
3180 963 3274 1016 tibi
3326 960 3631 1016 carbuncu-

2065 1069 2174 1122 lum
2199 1067 2428 1137 lapidem
2458 1075 2628 1130 tuum,
2667 1073 2721 1117 et
2747 1060 3097 1128 fundamenta
3128 1066 3213 1111 tua
3241 1054 3576 1122 sapphirum.
3606 1071 3626 1104 ι

2068 1158 2193 1212 Erat
2235 1158 2376 1212 enim
2417 1172 2600 1210 revera
2648 1168 2811 1224 penes
2840 1151 3054 1206 Iudaeos
3099 1149 3341 1216 abjectus
3383 1147 3472 1200 ille
3507 1161 3602 1200 eor

2065 1264 2259 1317 porcus
2286 1249 2494 1314 cultus;
2525 1249 2579 1302 in
2615 1246 2861 1315 corporis
2907 1243 3358 1307 circumcisione,
3410 1241 3461 1294 in
3503 1239 3598 1294 sult

2064 1340 2282 1394 stantiis
2313 1341 2662 1405 animalium,
2710 1349 2764 1394 et
2807 1337 3094 1392 sacriﬁciis
3148 1351 3373 1398 eorum,-
3422 1349 3631 1388 necnon

2066 1433 2118 1485 in
2171 1433 2292 1487 aliis
2346 1433 2645 1496 similibus,
2705 1433 2950 1502 positus:
3000 1439 3324 1499 quapropter
3374 1425 3630 1482 humilem

2065 1532 2119 1576 et
2168 1524 2476 1578 instabilem
2512 1533 2670 1578 vocat
2716 1523 2883 1577 illam.
2935 1521 3133 1575 Deinde
3178 1520 3402 1590 adjicit,
3445 1537 3463 1570 ι
3517 1515 3630 1570 Νοιι

2065 1616 2491 1670 consolationem
2528 1616 2718 1684 adepta
2763 1630 2854 1670 es:
2895 1634 2914 1667 ι
2962 1629 3119 1668 nemo
3159 1613 3303 1666 enim
3340 1611 3633 1681 propheta-

2065 1723 2204 1773 rum,
2252 1722 2427 1776 neque
2478 1707 2852 1777 religiosorum
2888 1707 3127 1761 virorum
3161 1714 3306 1761 erat.
3358 1703 3450 1758 oui
3485 1702 3632 1756 illam

2063 1799 2340 1868 suscipere
2369 1807 2421 1854 et
2447 1809 2751 1853 restaurare
2782 1806 2980 1868 posset.

2142 1909 2159 1940 ι
2205 1889 2344 1945 Ecce
2385 1903 2484 1961 ego
2529 1905 2775 1960 prmparo
2821 1890 2913 1944 tibi
2958 1886 3342 1943 carbunculum
3400 1885 3630 1954 lapidem

2061 1989 2234 2048 tuum,
2261 1992 2317 2038 et
2345 1981 2689 2036 fundamenta
2709 1989 2797 2033 tua
2815 1981 3184 2050 sapphirum.»
3207 1977 3310 2032 l’ro
3333 1993 3440 2046 quo
3477 1977 3635 2047 Sym-

2061 2073 2303 2136 machus,
2344 2090 2363 2123 ι
2398 2073 2532 2130 Ecce
2559 2087 2658 2140 ego
2690 2088 2954 2142 compono
2984 2073 3143 2125 stibio
3185 2071 3388 2138 lapides
3422 2081 3542 2122 tuos
3568 2086 3582 2134 ;
3611 2087 3630 2119 ι

2061 2163 2358 2219 Theodotio
2380 2173 2581 2226 autem,
2620 2163 2808 2217 «Ecce
2827 2177 2926 2230 ego
2949 2162 3231 2214 immittam
3262 2159 3478 2214 stibinm
3498 2159 3634 2227 lapi-

2059 2255 2216 2310 dibus
2260 2256 2386 2310 tuis.
2416 2274 2435 2306 ι
2468 2254 2924 2320 Quemadmodum
2958 2253 3104 2306 enim
3145 2268 3267 2306 cmn
3303 2251 3497 2305 mulier
3519 2292 3534 2316 ,
3576 2261 3635 2304 ut

2059 2346 2244 2402 formae
2288 2348 2538 2401 decorem
2577 2347 2777 2409 addat,
2808 2346 2969 2400 stibio
3019 2344 3138 2398 linit
3183 2345 3399 2408 oculos,
3451 2343 3520 2396 ita
3580 2352 3636 2397 et

2058 2453 2191 2508 ego,
2231 2439 2421 2507 inquit,
2445 2437 2592 2492 omni
2627 2439 2808 2506 specie
2860 2453 2924 2492 ac
2945 2437 3139 2492 decore
3170 2437 3514 2490 formosiores
3538 2449 3634 2504 po-

2059 2546 2182 2584 nam
2232 2541 2520 2585 structurae
2549 2539 2650 2583 tua:
2682 2529 2905 2597 lapides.

2133 2619 2293 2674 Vens.
2329 2621 2414 2675 12.
2452 2640 2469 2671 ι
2515 2619 2580 2674 Ει
2627 2637 2821 2690 ponam
2869 2619 3266 2690 propugnacula
3315 2629 3402 2672 tua
3430 2617 3629 2688 jaspin,

2059 2721 2114 2766 et
2150 2720 2335 2780 portas
2367 2722 2486 2766 tuas
2525 2713 2738 2779 lapides
2798 2711 3063 2782 crystalli,
3095 2722 3148 2765 et
3179 2726 3360 2764 tnnros
3397 2719 3515 2764 tuos
3563 2707 3636 2761 lac

2059 2802 2209 2870 pides
2243 2803 2470 2857 electos.
2518 2803 2679 2858 Tales
2705 2804 2756 2856 in
2787 2803 3027 2857 Ecclesia
3064 2804 3157 2858 Dei
3220 2803 3423 2856 fuerint
3454 2802 3510 2866 ii,
3540 2800 3630 2870 qui

2061 2894 2371 2949 rationabili
2403 2903 2692 2948 structurae
2743 2905 3004 2964 apparatu
3049 2892 3153 2949 (ide
3199 2894 3435 2948 roborati
3483 2904 3630 2956 sunt,

2060 2995 2246 3052 utpote
2277 2986 2368 3055 qui
2420 2987 2523 3055 pia:
2557 2985 2837 3056 religionis
2869 2984 3270 3057 propugnacula
3310 2987 3439 3049 sint,
3490 2983 3632 3052 quod

2061 3079 2273 3146 possint
2301 3093 2517 3132 omnem
2564 3079 2976 3142 sublimitatem,
3023 3087 3208 3132 contra
3245 3076 3334 3131 Dei
3372 3075 3633 3144 cognitio-

2061 3183 2180 3220 nem
2207 3183 2327 3222 sese
2357 3179 2731 3234 exserentem,
2771 3170 2835 3223 de
2879 3169 3054 3224 medio
3091 3167 3295 3232 tollere,
3332 3175 3385 3221 et
3417 3181 3630 3219 omnem

1982 3243 2028 3304 C
2063 3257 2253 3313 falsum
2299 3274 2603 3314 sermonem
2638 3260 2886 3314 veritatis
2934 3261 3208 3314 inimicum
3260 3259 3542 3312 eliminare
3578 3267 3634 3312 et

2061 3349 2362 3405 confutare.
2412 3348 2566 3404 Sicut
2597 3352 2740 3403 enim
2793 3350 3071 3404 adornatae
3124 3349 3175 3402 in
3222 3351 3393 3404 muris
3431 3350 3628 3418 pinnae,

2060 3441 2459 3510 propugnacula
2495 3451 2642 3504 sunt,
2676 3441 2742 3494 ad
2803 3440 3176 3495 instruendum
3209 3451 3396 3494 contra
3447 3442 3633 3494 hostes

2061 3532 2259 3586 bellum
2295 3531 2661 3597 concinnata;
2708 3532 2786 3586 sic
2825 3541 2880 3586 et
2922 3533 2978 3594 ii,
3021 3532 3110 3601 qui
3149 3533 3199 3586 in
3241 3531 3478 3585 Ecclesia
3516 3545 3632 3586 ser-

2061 3639 2217 3677 mone
2249 3633 2304 3677 et
2355 3622 2623 3690 sapientia.
2677 3634 2924 3691 potentes
2977 3631 3124 3685 smit,
3165 3621 3286 3691 jure
3322 3636 3628 3691 propugna-

2059 3715 2179 3769 cula
2223 3715 2491 3768 dicantur.
2528 3733 2545 3764 ι
2587 3714 2654 3767 Et
2686 3723 2869 3783 portas
2901 3723 3022 3768 tuas
3067 3713 3272 3784 lapides
3310 3712 3570 3783 crystalli,
3606 3731 3625 3764 ι

2057 3806 2256 3874 quibus
2311 3803 2584 3873 lapidibus
2641 3806 2707 3858 ad
2763 3815 2951 3875 portas
3017 3803 3168 3859 urbis
3221 3804 3630 3858 constituendas

2059 3914 2210 3964 usus,
2242 3912 2386 3952 sana:
2417 3897 2540 3951 ﬂdei
2572 3898 2914 3966 splendorem
2953 3908 3008 3952 et
3047 3896 3332 3966 puritatem
3367 3895 3630 3950 vaticina-

2061 4000 2168 4049 tur.
2203 3989 2552 4060 declaratque
2599 3991 2828 4060 primam
2861 3991 3270 4053 elementarem,
3315 3998 3479 4056 atque
3529 3987 3631 4040 itii-

2059 4079 2241 4132 tialem
2278 4094 2480 4146 rerum,
2511 4095 2631 4148 qua:
2669 4081 2734 4134 ad
2769 4080 2926 4135 ﬁdem
2967 4079 3260 4149 pertinent,
3306 4076 3626 4131 doctrinam.

2063 4188 2081 4220 ι
2124 4171 2187 4223 Et
2221 4185 2404 4225 muros
2446 4181 2567 4226 tuos
2600 4172 2806 4241 lapides
2849 4172 3076 4226 electos.
3112 4189 3131 4222 ι
3173 4167 3484 4236 Hujusmodi
3518 4167 3631 4220 fue-

2060 4263 2168 4314 rint
2204 4263 2260 4326 ii,
2297 4263 2388 4330 qui
2425 4264 2852 4333 circumquaque
2884 4261 3205 4316 munimenti
3242 4261 3358 4313 loco
3399 4269 3544 4320 sunt,
3577 4267 3633 4312 et

2056 4353 2213 4423 quasi
2260 4355 2484 4418 vallum,
2530 4365 2698 4408 totam
2735 4354 2886 4408 uibis
2914 4363 3242 4407 structuram
3295 4365 3390 4419 per
3432 4351 3633 4405 oratio-

2057 4461 2155 4498 nes
2208 4446 2272 4498 ad
2337 4445 2503 4501 Deum
2561 4447 2792 4500 emissos
2850 4455 3134 4500 tutantur:
3204 4459 3394 4512 magna
3453 4455 3628 4508 sane,

2057 4539 2290 4608 pretiosa
2336 4547 2390 4593 et
2446 4538 2785 4593 honorabilia
2835 4538 3080 4592 wdiﬁcia.

2137 4629 2294 4684 Vens.
2335 4632 2422 4684 l5.
2458 4650 2477 4682 ι
2518 4631 2582 4684 Ει
2613 4619 2805 4686 omnes
2839 4633 2976 4684 lilios
3016 4642 3153 4692 tuos,
3187 4629 3482 4698 discipulos
3514 4628 3628 4690 Dei.

2055 4733 2109 4775 et
2161 4724 2211 4776 in
2257 4723 2424 4776 multa
2473 4737 2608 4792 pace
2645 4724 2738 4776 lilii
2796 4724 2895 4778 tui.
2936 4742 2954 4772 ι
2999 4723 3298 4791 Discipulos
3334 4723 3427 4776 Dei
3477 4730 3630 4775 vocat

2055 4815 2196 4868 illius
2230 4814 2357 4868 olim
2409 4815 2612 4869 sterilis
2665 4815 2846 4869 ﬁlios:
2895 4830 2958 4868 ac
3014 4814 3067 4866 in
3120 4814 3286 4867 multa
3335 4828 3468 4884 pace
3508 4827 3630 4868 ver-

2057 4917 2270 4960 saturos
2322 4905 2399 4959 ait
2451 4905 2590 4960 lilios
2622 4905 2780 4973 ejus:
2818 4906 2868 4958 id
2898 4906 3044 4959 enim
3080 4907 3208 4976 ipsis
3239 4905 3508 4975 pollicitus
3545 4905 3630 4960 his

2057 4998 2238 5052 verbis
2270 5006 2354 5052 est
2381 5017 2395 5053 :
2439 5017 2458 5050 ι
2499 4998 2696 5053 Pacem
2727 5013 2901 5053 meam
2942 4999 3010 5053 do
3035 4999 3210 5062 vobis,
3238 5013 3423 5067 pacem
3454 5011 3627 5050 meam

2054 5089 2300 5158 relinquo
2334 5091 2487 5146 vobis
2516 5091 2557 5146 ⁸.
2597 5110 2615 5142 ι

2128 5183 2293 5238 Vens.
2325 5183 2412 5238 M.
2439 5201 2458 5236 ι
2492 5184 2557 5239 Et
2587 5184 2638 5238 in
2663 5183 2874 5254 justitia
2901 5183 3276 5238 agdilicaheris.
3307 5181 3528 5235 Abstine
3555 5179 3627 5234 8h

2055 5275 2260 5344 iniquo,
2292 5287 2341 5331 et
2389 5292 2495 5332 non
2539 5278 2757 5332 timebis
2785 5318 2799 5341 ,
2851 5287 2905 5331 et
2954 5285 3160 5330 tremor
3191 5291 3294 5326 non
3340 5270 3627 5341 appropin-

2053 5367 2244 5433 quabit
2287 5368 2406 5422 tibi.
2463 5388 2482 5421 ι
2544 5368 2824 5438 Siquidem
2883 5367 3103 5422 humani
3170 5366 3244 5418 illi
3295 5371 3622 5430 apparatus,

2063 5458 2294 5513 humana
2326 5475 2456 5513 cura
2487 5462 2642 5526 editi,
2676 5459 2983 5528 hujusmodi
3014 5467 3182 5512 sunt:
3225 5467 3393 5524 quare
3423 5454 3474 5505 in
3503 5466 3625 5505 cor-

2060 5555 2366 5620 ruptionem
2392 5563 2446 5608 et
2466 5554 2690 5608 exitium
2720 5553 3029 5608 deveniunt.
3061 5549 3208 5616 Opus
3235 5555 3413 5601 autem
3446 5558 3625 5601 meum

2058 5747 2238 5819 λίθους
2271 5771 2386 5810 σου.
2405 5743 2726 5823 Procopius,
2753 5742 3014 5823 £1164).le
3043 5750 3101 5802 ἐν
3141 5747 3340 5821 στίμει.
3370 5747 3626 5816 Quanam

2061 5826 2225 5882 tet-tio
2253 5834 2499 5895 praestet,
2528 5821 2626 5880 suo
2659 5821 3200 5888 lbco’indagabinms.
