4130 6410
458 399 564 454 467

1134 401 1396 456 EUSEBll
1436 401 1906 456 CESARIENSIS
1943 397 2093 456 OPP.
2135 399 2314 456 PARS
2351 401 2440 456 ll].
2489 431 2557 442 -—
2597 398 3006 454 EXEGETICA.

3604 400 3714 457 468

457 519 809 586 corruptione
849 532 1074 571 vacuum
1126 527 1247 572 est:
1287 534 1466 589 neque
1503 520 1606 574 tale
1639 520 1915 589 quidpiam
1968 524 2016 576 in

2124 519 2276 572 λειαν
2295 537 2308 549 °
2339 519 2400 572 τὸ
2425 519 2480 572 δὲ
2511 519 2644 590 ἐμὸν
2672 519 2831 590 ἔργον
2859 519 3182 591 ἀδιάφθορον
3212 522 3448 588 πέφυκε·
3480 519 3571 571 καὶ
3591 511 3712 570 οὑῖὲ

457 621 623 673 opere
655 622 774 661 meo
806 607 1108 676 reperiatur
1134 608 1275 676 quod
1307 621 1623 679 corrumpat
1665 621 1720 664 et
1750 613 2023 682 disperdat

455 697 609 751 illud.

537 810 694 864 Vens.
731 811 916 867 15-17.
949 830 970 864 ι
1010 813 1147 867 Ecce
1179 811 1436 883 proselyti
1469 817 1724 869 accedent
1752 817 1818 868 ad
1850 828 1903 868 te
1931 833 2025 884 per

455 917 565 965 nte.
609 913 661 953 et
689 903 878 958 incolae
920 903 994 958 tui
1028 914 1210 970 enmt,
1245 916 1297 959 et
1330 907 1397 960 ad
1428 916 1476 962 te
1508 907 1838 977 confugient.
1887 908 2024 964 Ecce

455 1009 554 1062 ego
585 994 774 1048 creavi'
819 1004 893 1061 te,
944 1011 1052 1049 non
1101 999 1242 1051 sicut
1280 999 1506 1053 mrarins
1548 997 1768 1052 suillans
1803 1017 2019 1069 prunas,

454 1094 508 1136 et
537 1085 775 1139 edocens
810 1101 903 1138 vas
936 1086 988 1139 in
1020 1101 1154 1153 opus
1184 1106 1196 1140 :
1244 1103 1345 1156 ego
1379 1099 1557 1143 autem
1594 1092 1771 1144 creari
1812 1104 1885 1156 te,
1918 1110 2022 1146 non

454 1183 510 1226 ut
545 1174 765 1228 interitu
797 1175 1103 1243 perderem.
1140 1176 1312 1232 Omne
1345 1195 1460 1241 vas,
1501 1185 1642 1251 quod
1700 1182 1900 1237 factum
1940 1197 2023 1238 est

452 1272 638 1316 contra
681 1273 731 1315 te
765 1303 780 1324 ,
829 1279 934 1319 non
984 1281 1308 1335 prosperare
1340 1268 1566 1324 faciant:
1610 1283 1665 1326 et
1709 1275 1886 1328 omnis
1922 1292 2021 1328 vox

455 1355 694 1424 insurget
745 1372 908 1425 super
949 1365 1001 1412 te
1041 1359 1095 1412 in
1138 1360 1424 1427 judicium.
1458 1361 1659 1420 Omnes
1690 1381 1784 1420 eos
1815 1369 2021 1430 vinces,

451 1459 506 1501 et
540 1458 701 1503 erunt
732 1451 949 1504 obnoxii
995 1452 1070 1505 tui
1115 1454 1164 1506 iu
1213 1469 1298 1508 eo.
1345 1475 1362 1506 ι
1409 1455 1540 1510 Post
1575 1459 1884 1526 pramissos
1921 1461 2024 1515 Ec-

451 1538 630 1594 clesiae
656 1541 898 1608 ordines,
928 1545 1232 1614 proselytos
1264 1561 1357 1599 eos
1386 1562 1514 1601 esse
1539 1549 1759 1609 dixeris.
1790 1553 1879 1619 qui
1908 1568 2026 1620 ger-

451 1631 600 1684 mani
633 1640 686 1684 et
715 1631 918 1686 sinceri
962 1650 1066 1687 non
1115 1646 1261 1700 sunt,
1306 1655 1481 1706 neque
1521 1656 1652 1710 pure
1697 1643 1750 1696 in
1783 1646 2023 1698 multitu-

449 1720 576 1776 dine
622 1731 956 1790 procedunt:
1001 1742 1138 1795 quos
1190 1729 1650 1798 peregrinaturos,
1704 1749 1812 1789 nou
1843 1747 2019 1790 autem

451 1812 794 1868 liabitaturos
825 1830 946 1870 esse
984 1818 1059 1870 ait
1093 1820 1145 1871 in
1182 1835 1243 1872 ea
1267 1859 1282 1882 ,
1316 1823 1442 1890 quia
1489 1825 1644 1893 quasi
1693 1826 1744 1878 in
1791 1831 2018 1881 transitu

446 1915 568 1956 eam
607 1905 852 1959 adibunt.
889 1927 906 1958 ι
939 1907 1028 1962 Est
1061 1911 1348 1968 luereditas
1379 1917 1740 1971 servientibus
1770 1917 2017 1986 Domino,
2055 1895 2095 1948 Β

447 2001 506 2045 et
536 2007 632 2047 vos
663 1996 821 2050 eritis
847 1997 976 2051 mihi
1001 1999 1158 2068 justi,
1195 2001 1328 2057 dicit
1362 2003 1643 2061 Dominus.
1683 2026 1702 2060 ι
1737 2009 1896 2077 quue
1925 2014 2019 2064 ad-

453 2087 670 2140 modum
714 2102 1117 2159 congruenter:
1160 2110 1282 2148 nam
1333 2109 1453 2165 post
1492 2101 1767 2168 praemissa
1801 2104 2017 2168 omnia,

451 2174 595 2230 illam
635 2177 687 2230 in
733 2179 912 2236 futuro
959 2185 1154 2239 swculo
1186 2189 1477 2256 repositam
1511 2192 1879 2248 baareditatem
1909 2213 1995 2251 me

447 2284 662 2324 morare
692 2288 828 2339 opus
861 2285 998 2328 erat.
1027 2277 1284 2342 Qtuenam
1324 2281 1410 2334 illa
1449 2281 1632 2350 fuerit,
1658 2286 1759 2338 nisi
1792 2301 2016 2358 regnum

443 2361 728 2426 calorum,
759 2377 811 2419 et
855 2368 963 2420 vita
1003 2372 1246 2424 wt’erua?

1051 2529 1279 2584 CAPUT
1328 2532 1432 2586 LV.

514 2658 675 2716 Visus.
714 2663 824 2716 1-3.
869 2683 887 2716 ι
926 2665 1211 2732 Sitieutes,
1257 2669 1328 2722 ile
1357 2673 1421 2722 ad
1452 2686 1672 2739 aquam,
1709 2685 1763 2728 et
1791 2677 1881 2744 qui
1916 2694 2016 2730 nou

443 2749 661 2807 habetis
690 2766 1003 2823 argentum,
1034 2771 1226 2813 euntes
1255 2763 1442 2825 emite,
1478 2773 1534 2817 et
1578 2767 1844 2823 comedite
1884 2771 2020 2824 abs-

345 2897 356 2912 ,
441 2857 550 2912 que
609 2854 834 2916 argento
886 2847 1069 2903 vinum
1115 2860 1171 2904 et
1210 2853 1444 2921 adipem.
1493 2853 1674 2921 Quare
1715 2862 2020 2929 expenditis

443 2947 748 3003 argentmn,
802 2948 855 2990 et
897 2938 1133 2994 laborem
1187 2953 1457 3012 vestrum,
1505 2963 1610 3002 non
1659 2950 1712 3005 in
1760 2953 2017 3008 saturita-

443 3026 594 3102 lem?
627 3027 823 3081 Audite
858 3044 962 3094 me,
1009 3043 1066 3084 et
1101 3031 1246 3086 vivet
1284 3034 1334 3087 in
1384 3035 1537 3091 bouis
1592 3040 1767 3096 anima
1811 3057 2017 3110 vestra,

441 3125 499 3171 et
554 3121 885 3176 constituam
938 3126 1092 3181 vobis
1151 3137 1533 3185 testamentum
1583 3135 2014 3204 sempiternum,

2128 609 2365 663 τοιοῦτον
2392 611 2743 680 εὑρεθήσεται
2793 611 2885 662 ἐπὶ
2919 609 3013 662 τοῦ
3061 608 3196 680 ἐμοῦ
3244 610 3426 680 ἔργου,
3467 609 3544 673 ὡς
3591 609 3711 663 δια-

2136 701 2358 771 φθεῖραι
2382 702 2476 753 καὶ
2505 700 2767 754 ἀπολέσαι
2800 701 2930 752 αὑτό

2207 833 2224 865 ι
2271 814 2398 867 Ἰδοὺ
2448 814 2774 885 προσήλυτοι
2828 813 3277 885 προσελεύσονταί
3313 829 3394 867 σοι
3437 813 3504 866 δι’
3549 811 3708 884 ἐμοῦ,

2131 905 2221 957 καὶ
2250 905 2640 974 παροικήσουσί
2698 921 2799 966 σοι,
2855 905 2948 956 καὶ
2990 903 3081 956 ἐπὶ
3141 903 3198 956 σέ
3254 903 3704 974 καταφεύξονται.

2143 995 2273 1048 Ἰδοὺ
2315 993 2424 1064 ἐγὼ
2488 995 2678 1050 ἔκτισά
2725 1013 2805 1061 σε,
2854 997 2950 1065 οὑχ
2986 996 3061 1058 ὠς
3103 995 3337 1065 χαλκεὺς
3375 995 3558 1066 φυσῶν
3611 995 3709 1050 ἀν-

2132 1086 2358 1156 θρακας,
2382 1087 2474 1139 καὶ
2495 1086 2740 1157 ἐκφέρων
2769 1086 2958 1148 σκεῦος
2985 1088 3062 1148 εἰς
3093 1086 3277 1157 ἔργονο
3304 1085 3413 1155 ἐγὼ
3434 1086 3477 1140 δ’
3517 1085 3712 1142 ἐκτισά

2133 1193 2210 1239 σε,
2251 1179 2352 1230 οὑκ
2381 1179 2460 1239 εἰς
2487 1177 2761 1229 ἀπώλειαν
2792 1176 3027 1248 φθεῖραι.
3053 1177 3168 1229 Πᾶν
3193 1176 3386 1240 σκεῦος
3410 1175 3707 1230 σκευαστὸν

2129 1262 2223 1314 ἐπὶ
2257 1264 2336 1326 σὲ,
2368 1264 2467 1315 οὑκ
2510 1262 2785 1316 εὑοδὼσω·
2840 1265 2932 1317 καὶ⁸
2961 1267 3110 1318 πᾶσα
3145 1265 3297 1336 φωνὴ
3342 1267 3708 1337 ἀναστήσεται

2129 1355 2220 1406 ἐπὶ
2263 1355 2322 1407 σέ
2367 1357 2445 1417 είς
2495 1355 2691 1425 κρίσιν.
2732 1356 2944 1420 Πάντας
2995 1357 3188 1418 αὑτοὺς
3221 1357 3506 1427 ήττήσεις’
3550 1358 3601 1409 oi
3647 1358 3710 1409 δὲ

2129 1449 2300 1517 ἔνοχοί
2339 1465 2430 1500 σου
2472 1448 2684 1503 ἔσονται
2725 1451 2782 1501 ἐν
2811 1449 2969 1520 αὑτῇ.
3003 1469 3020 1500 ι
3051 1451 3236 1512 Εἶποις
3263 1450 3307 1502 δ’
3335 1448 3400 1502 ἂν
3438 1447 3710 1521 προσηλύ-

2129 1557 2252 1603 τους
2279 1540 2414 1610 μετά
2434 1540 2504 1592 τά
2529 1540 2892 1612 προλεχθέντα
2915 1541 3014 1609 τῆς
3042 1541 3361 1611 Ἑκκλησίας
3383 1541 3706 1612 πράγματα,

2129 1631 2255 1693 τοὺς
2274 1632 2336 1683 οὐ
2356 1631 2630 1700 γνησίους,
2661 1630 2778 1682 οὑδέ
2806 1630 3062 1701 καθαρῶς
3084 1631 3485 1703 προσάλλοντας
3506 1633 3563 1684 ἐν
3593 1635 3707 1694 τοῖς

2131 1721 2421 1793 πλήθεσιν·
2455 1721 2549 1784 οὒς
2589 1724 2682 1775 καὶ
2724 1723 3099 1793 παροικήσειν,
3139 1721 3253 1777 ἀλλ’
3278 1725 3336 1776 οὑ
3364 1725 3708 1794 κατοικήσειν

2130 1817 2294 1886 φησιν
2308 1814 2494 1885 αὑτὴν,
2509 1814 2596 1867 διά
2620 1814 2681 1866 τὸ
2709 1815 2784 1878 ὡς
2799 1816 2856 1868 ἐν
2871 1815 3086 1886 παρόδῳ
3103 1815 3372 1868 ποιεῖσθαι
3388 1816 3583 1879 αὑτοὺς
3604 1817 3704 1887 τὴν

2123 1905 2346 1960 εἴσοδον.
2377 1926 2394 1958 ι
2427 1907 2581 1960 Ἐστι
2610 1906 2942 1978 κληρονομία
2961 1909 3075 1970 τοῖς
3090 1903 3450 1978 θεραπεύουσι
3477 1907 3703 1978 Κύριον,

2124 2000 2217 2053 καλ⁵
2246 2001 2401 2067 ὑμεῖς
2426 1998 2614 2052 ἔσεσθέ
2643 2016 2729 2069 μοι
2763 1997 2977 2065 δίκαιοι,
3013 1999 3158 2066 λέγει
3199 1998 3399 2070 Κύριος
3418 2016 3432 2028 ·
3459 2017 3476 2050 ι
3498 1999 3704 2068 σφόδρα

2121 2091 2456 2154 ἀκολούθως·
2494 2091 2630 2160 μετά
2669 2089 2779 2161 γὰρ
2807 2089 2874 2142 τὰ
2905 2089 3270 2160 προλεχθέντα
3301 2090 3499 2153 πάντα,
3534 2089 3710 2158 ἐχρῆν

2122 2181 2430 2252 ὑπομνῆσαι
2472 2183 2566 2234 καὶ
2594 2181 2694 2250 τῆς
2724 2180 3049 2251 ἐγκειμένης
3077 2181 3134 2234 ἐν
3165 2179 3243 2252 τῷ
3273 2180 3517 2251 μέλλοντι
3545 2179 3707 2232 αίῶνι

2121 2272 2500 2343 κληρονομίας.
2543 2272 2638 2334 Τίς
2665 2271 2710 2324 δ’
2739 2270 2811 2324 ἂν
2844 2270 3052 2339 γένοιτο
3084 2271 3221 2342 αῦτη
3247 2271 3363 2326 ἀλλ’
3391 2273 3426 2342 ή
3458 2269 3710 2342 βασιλεία

2119 2364 2226 2416 τῶν
2250 2363 2495 2434 οὐρανῶν
2523 2363 2618 2416 καὶ
2647 2361 2762 2432 ζωὴ
2788 2363 3035 2429 αἰώνιος;

2629 2521 3024 2576 ΚΕΦΔΛΛΙΟΝ
3052 2522 3176 2573 NE’.

2199 2671 2216 2704 ι
2258 2655 2321 2706 υἱ
2361 2653 2642 2723 διψῶντες,
2694 2652 2988 2725 πορεύεσθε
3019 2653 3102 2721 ἐφ’
3144 2652 3308 2724 ὕδωρ,
3341 2653 3434 2706 καῖ
3485 2655 3600 2706 ὅσοι
3628 2654 3708 2724 μὴ

2121 2743 2272 2813 ἔχετε
2302 2743 2586 2816 ἀργύριον,
2633 2745 2948 2816 βαδίσαντες
2987 2745 3319 2817 ἀγοράσατε,
3370 2746 3462 2798 καὶ
3499 2745 3704 2815 φάγετε

2119 2837 2246 2890 ἄνευ
2273 2837 2536 2908 ἀργυρίου
2573 2831 2715 2890 οἶνον
2755 2837 2850 2889 καὶ
2894 2835 3080 2906 στέαρ.
3114 2836 3231 2888 Ἷνα
3259 2835 3313 2887 τί
3345 2835 3574 2905 τιμᾶσθε
3601 2835 3703 2907 ἀρ-

2119 2929 2330 3000 γυρίου,
2359 2929 2453 2982 καὶ
2499 2928 2591 2981 τὸν
2622 2927 2820 2998 μόχθον
2867 2925 3021 2997 ὑμῶν
3071 2926 3171 2980 οὑκ
3235 2927 3316 2988 είς
3345 2925 3700 2996 πλησμονήν;

2133 3023 2421 3075 Ἀκούσατέ
2458 3041 2582 3094 μου,
2608 3022 2702 3075 καὶ.
2723 3019 2948 3090 ζήσεται
2971 3022 3026 3072 ἐν
3049 3019 3273 3088 ἀγαθοῖς
3296 3022 3330 3090 ἡ
3350 3019 3498 3091 ψυχὴ
3521 3018 3704 3088 ὑμῶν,

2121 3115 2215 3167 καὶ
2231 3113 2558 3184 διαθήσομαι
2589 3115 2716 3184 ὑμῖν
2743 3112 3008 3184 διαθήκην
3035 3111 3276 3178 αἰώνιον,
3300 3110 3370 3163 τά
3393 3112 3514 3164 ὅσια
3535 3108 3706 3163 Δαυῖδ

441 3220 632 3263 sancta
685 3211 852 3268 David
899 3217 1100 3272 fidelia.
1147 3238 1166 3272 ι
1204 3220 1260 3276 ιη
1314 3223 1416 3277 alia
1467 3197 1716 3280 studium.
1757 3197 2015 3284 confertis

2119 3205 2186 3260 τὰ
2217 3207 2402 3260 πιστά.
2432 3226 2449 3257 ι
2485 3207 2619 3276 Περὶ
2649 3205 2814 3277 ἕτερα
2843 3203 3254 3276 ἀσχολούμενοι,
3279 3203 3338 3270 ἐξ
3365 3197 3440 3256 ὧν
3459 3204 3557 3256 οὑκ
3579 3202 3706 3255 ἔστι

443 3310 708 3368 vestrum,
741 3318 809 3356 cx
834 3307 1032 3373 quibus
1073 3326 1179 3364 non
1215 3322 1390 3382 potest
1431 3315 1612 3368 anima
1642 3319 1895 3383 enutriri,
1932 3339 2017 3376 ue-

441 3406 546 3458 que
583 3393 704 3447 cibo
733 3397 800 3449 ad
848 3401 1186 3457 saturitatem
1239 3404 1362 3461 frui.
1421 3407 1624 3464 Frater
1669 3412 1812 3466 enim
1855 3429 2014 3482 supe-

448 3479 564 3534 rius
588 3481 754 3548 dicta,
793 3486 1056 3542 bonorum
1092 3508 1315 3562 operum
1344 3512 1515 3563 spem,
1557 3479 2018 3564 divinumque-ci-

441 3571 614 3638 bum,
651 3576 1069 3645 obsequentium
1113 3585 1309 3640 animis
1357 3590 1651 3656 repositum
1703 3592 1856 3647 dicit.
1896 3593 2011 3648 Νοη

438 3663 585 3732 enim
613 3670 962 3738 corporibus,
1005 3675 1129 3739 sed,
1169 3687 1227 3729 ut
1274 3681 1624 3749 perspicuum
1653 3695 1758 3748 est,
1809 3686 2015 3739 aninm-

441 3757 562 3821 Itus,
595 3758 901 3815 futurorum
949 3765 1209 3822 bonorum
1253 3786 1452 3826 munus
1483 3776 1730 3843 porrigit.

513 3865 675 3924 Vsus.
712 3871 766 3934 4,
793 3873 845 3927 5.
892 3893 910 3924 σ
954 3875 1096 3931 Ecce
1125 3882 1494 3937 testimonium
1531 3886 1582 3939 in
1610 3887 1862 3956 gentibus
1893 3889 2012 3942 dedi

441 3974 600 4025 eui-1,
643 3965 945 4034 principem
973 3979 1027 4023 et
1070 3975 1476 4041 praecipientem
1507 3980 1778 4047 gentibus.
1812 3980 2015 4035 Gentes

439 4067 562 4143 qua:
607 4057 923 4112 nesciebant
959 4071 1033 4125 te,
1081 4063 1412 4122 invocabant
1461 4081 1550 4135 te;
1589 4081 1645 4125 et
1693 4073 1875 4142 papuli
1921 4076 2010 4143 qui

441 4142 696 4211 ignorant
738 4159 809 4217 te,
869 4153 936 4207 ad
987 4164 1039 4209 te
1075 4158 1393 4228 confugient
1445 4171 1666 4232 propter
1730 4142 2012 4220 Dominum

445 4232 618 4290 Deum
652 4249 826 4305 tuum,
869 4255 1121 4300 sanctum
1153 4247 1342 4315 Israel,
1374 4252 1504 4320 quia
1533 4251 1856 4320 gloritlcavit
1879 4264 1951 4309 te.
1981 4273 2007 4309 ›

437 4325 640 4400 Ecquis
693 4347 800 4386 non
852 4343 1070 4405 stupeat
1117 4342 1388 4396 sermonis
1433 4353 1713 4407 eVentum,
1759 4346 1946 4400 videns
1980 4362 2010 4400 a

439 4419 659 4478 Christo
697 4423 789 4480 Dei
835 4442 933 4497 per
961 4438 1132 4484 totum
1180 4435 1367 4488 orbem
1415 4434 1756 4492 Christianos
1804 4453 2013 4492 nuncu-

439 4513 603 4582 pari?
629 4515 696 4569 Et
729 4517 832 4572 boe
863 4520 967 4575 erit
996 4521 1102 4578 illis
1137 4535 1399 4581 aeternum
1430 4527 1648 4592 salutis,
1690 4544 1811 4599 quae
1839 4545 1868 4583 a
1905 4531 2012 4585 Deo

436 4615 554 4672 est,
584 4607 822 4677 signum.
867 4615 1010 4681 quod
1049 4631 1246 4672 nomen
1278 4617 1491 4673 Domini
1543 4621 1644 4675 sibi
1674 4623 2010 4692 adscribeut,

437 4697 492 4753 in
523 4711 785 4754 aeternum
819 4718 1334 4777 perseveraturum,
1388 4728 1487 4768 nec
1532 4729 1771 4783 unquam
1802 4716 2011 4770 desitu-

440 4808 564 4849 rum
595 4811 609 4848 :
647 4810 776 4851 nam
803 4800 939 4852 dona
977 4801 1068 4857 Dei
1099 4803 1220 4858 sine
1258 4809 1579 4875 pwnitentia
1611 4817 1760 4863 sunt.

509 4954 678 5010 Vitas.
708 4958 862 5012 6-12.
899 4979 918 5011 ο
943 4961 1177 5028 ρυίξτίιθ
1212 4963 1522 5034 Dominum,
1544 4976 1599 5021 et
1635 4983 1753 5020 cum
1795 4969 2011 5022 invene-

437 5047 560 5101 ritis
599 5063 745 5112 etim,
779 5050 1052 5106 invocato.
1099 5056 1330 5120 Quando
1381 5069 1561 5112 autem
1605 5060 2008 5129 appropinqua-

434 5137 577 5194 verit
609 5139 676 5193 ad
703 5156 822 5206 vos,
859 5143 1200 5214 derelinquat
1247 5148 1449 5219 impius
1493 5151 1608 5204 vias
1651 5165 1803 5216 suas,
1840 5161 1895 5206 et
1928 5156 2011 5205 vir

437 5229 656 5300 iniquus
681 5233 912 5286 consilia
959 5249 1056 5289 sua
1085 5252 1102 5302 ',
1131 5247 1186 5290 et
1212 5248 1564 5294 convertatur
1596 5243 1662 5295 ad
1695 5240 2004 5307 Dominum,

434 5332 490 5375 et
521 5323 954 5380 misericordiam
986 5341 1395 5400 consequetur:
1437 5333 1564 5402 quia
1596 5335 1796 5390 multus
1822 5336 1925 5390 erit
1951 5337 2004 5389 in

433 5413 770 5471 dimittendis
807 5419 1046 5486 peccatis
1072 5421 1285 5475 vestris.
1325 5421 1510 5492 Neque
1541 5425 1688 5479 enim
1721 5435 1846 5478 sunt
1877 5439 2006 5479 oon-

433 5505 560 5566 silia
585 5525 728 5574 mea.
757 5512 899 5566 sicut
929 5513 1163 5567 consilia
1192 5524 1392 5580 vestra,
1423 5532 1527 5570 nec
1552 5518 1653 5570 viae
1683 5532 1836 5584 meat,
1867 5518 2011 5574 sicut

437 5604 536 5656 via:
573 5618 794 5670 νοω-ιιι,
855 5607 989 5661 dicit
1047 5607 1329 5663 Dominus.
1379 5610 1486 5664 Sed
1529 5619 1789 5680 quantum
1843 5611 2012 5665 distat

433 5691 630 5746 ωειυω
660 5712 687 5750 a
720 5705 891 5760 terra,
939 5708 1147 5752 tantum
1186 5698 1271 5752 via
1305 5716 1421 5754 mea
1471 5717 1501 5753 a
1550 5699 1654 5754 viis
1700 5703 1915 5767 vestris,
1955 5713 2011 5758 et

438 5785 798 5851 cogitationes
844 5800 1036 5843 vestra:
1066 5806 1094 5842 a
1121 5792 1448 5860 cogitatione
1480 5807 1618 5846 mea.
1652 5791 1723 5847 Ut
1766 5796 1912 5845 enim
1963 5794 2008 5848 si

444 5876 732 5932 descendat
760 5878 936 5946 pluvia
963 5882 1027 5936 de
1059 5884 1220 5950 coelo,
1257 5893 1311 5939 ct
1353 5899 1460 5939 non
1505 5894 1804 5940 revertatur
1837 5887 2010 5942 donec

2115 3297 2290 3368 ψυχὴν
2315 3297 2608 3367 τραφῆναι,
2637 3297 2758 3350 ούδέ
2795 3297 2875 3360 εἰς
2900 3295 3220 3368 πλησμονὴν
3247 3294 3550 3348 ἀπολαῦσαι
3574 3310 3700 3366 τρο-

2116 3387 2242 3457 φῆς.
2281 3387 2422 3458 Πρὸς
2466 3387 2574 3458 γὰρ
2613 3390 2726 3450 τοῖς
2758 3387 3045 3458 προτέροις
3088 3387 3182 3440 καὶ
3227 3386 3337 3439 τῶν
3366 3385 3542 3457 ἕργων
3565 3386 3703 3454 ἀπ’

2116 3477 2224 3531 θῶν
2243 3478 2455 3541 ἐλπίδα,
2479 3479 2572 3532 καὶ
2593 3478 2796 3549 τροφὴν
2815 3478 2994 3532 ἔνθεον
3016 3473 3406 3548 τεταμιεῦσθαί
3425 3493 3558 3546 φησι
3577 3479 3703 3539 ταῖς

2114 3567 2222 3620 τῶν
2245 3567 2503 3639 ὑπηκόων
2528 3567 2745 3637 ψυχαῖς.
2773 3568 2848 3620 Οὑ
2877 3567 2986 3638 γὰρ
3004 3570 3117 3630 τοῖς
3140 3566 3373 3637 σώμασι,
3398 3564 3705 3636 διαρρήδην

2113 3660 2170 3711 δέ
2217 3662 2334 3722 ταῖς
2387 3659 2586 3728 ψυχαῖς
2629 3657 2728 3728 τὴν
2769 3657 2878 3710 τῶν
2925 3657 3228 3728 μελλόντων
3276 3655 3500 3724 ἀγαθῶν
3544 3655 3695 3708 δόσιν

2116 3751 2501 3823 προϐάλλεται.

2187 3882 2205 3913 ι
2248 3862 2377 3915 Ἰδοὺ
2409 3861 2705 3932 μαρτύριον
2733 3863 2790 3913 ἐν
2815 3859 3022 3913 ἔθνεσιν
3047 3859 3224 3914 ἔδωκα
3247 3858 3428 3921 αὑτὸν,
3457 3857 3700 3929 ἄρχοντα

2114 3952 2207 4004 καὶ
2252 3951 2659 4022 προστάσσοντα
2707 3949 2935 4003 ἔθνεσιν.
2987 3949 3162 4018 Ἕθνη
3202 3947 3237 4001 ἀ
3268 3948 3368 4001 οὑκ
3407 3947 3582 4001 οῖδασί
3613 3965 3702 4012 σε,

2112 4044 2521 4099 ἐπικαλέσονταί
2551 4060 2631 4108 σε,
2680 4044 2773 4097 καὶ
2797 4043 2915 4097 λαοὶ
2939 4042 2987 4095 οἳ
3014 4043 3117 4094 οὑκ
3143 4041 3464 4094 ἐπίστανταί
3492 4057 3572 4106 σε,
3603 4043 3697 4095 ἐπὶ

2116 4138 2174 4190 σὲ
2206 4135 2656 4205 καταφεύξονται,
2691 4135 2876 4189 ἕνεκεν
2904 4133 3108 4205 Κυρίου
3142 4131 3235 4184 τοῦ
3263 4131 3398 4185 Θεοῦ
3441 4149 3557 4196 σου,
3601 4132 3696 4185 τοῦ

2114 4227 2267 4294 ἀγίου
2301 4225 2552 4297 Ἰσραὴλ,
2601 4225 2682 4277 ὅτι
2739 4224 2956 4290 ἐδόξασέ
3004 4240 3081 4276 σε.
3124 4243 3142 4274 ι
3192 4223 3304 4275 Καὶ
3357 4223 3442 4286 τίς
3483 4223 3583 4275 οὑκ
3629 4224 3704 4275 ἂν

2113 4317 2413 4388 ἐκπλαγείη
2446 4317 2542 4370 τοῦ
2575 4317 2735 4384 λόγου
2763 4316 2825 4368 τὸ
2851 4315 3218 4385 ἀποτέλεσμα,
3243 4314 3385 4386 ὁρῶν
3423 4314 3544 4368 καθ’
3570 4315 3698 4386 ὅλης

2112 4411 2208 4481 τῆς
2244 4409 2567 4480 οἰκουμένης
2608 4407 2718 4460 ἀπὸ
2761 4407 2998 4478 Χριστοῦ
3039 4407 3132 4460 τοῦ
3163 4407 3298 4460 Θεοῦ
3336 4409 3696 4478 Χριστιανοὺς

2114 4498 2714 4571 προσαγορευομένους;
2757 4496 2866 4549 Καὶ
2910 4495 3066 4548 τοῦτο
3097 4497 3280 4559 αὑτοῖς
3327 4495 3546 4548 ἔσεσθαι
3594 4510 3702 4564 σή·-

2048 4582 2091 4636 D
2121 4593 2270 4662 μεῖον
2299 4588 2513 4643 αἰώνιον
2537 4587 2638 4658 τῆς
2664 4587 2817 4658 παρά
2844 4585 2964 4656 Θεῷ
2991 4586 3266 4658 σωτηρίας
3297 4586 3358 4639 τὸ
3390 4586 3694 4658 ἐπιγράφε-

2119 4681 2239 4733 σθαι
2291 4679 2352 4732 τὸ
2383 4678 2477 4731 τοῦ
2509 4678 2713 4748 Κυρίου
2758 4677 2949 4748 ὄνομα,
2994 4678 3133 4750 ὅπερ
3179 4679 3364 4741 αὑτοῖς
3411 4681 3490 4742 εἰς
3522 4677 3698 4730 αἰῶνα

2116 4772 2442 4843 παραμένει,
2475 4773 2571 4824 καὶ
2607 4770 2707 4825 οὑκ
2741 4770 2981 4840 ἐκλείψει
3012 4769 3263 4822 πώποτε·
3303 4769 3701 4842 ἀμεταμέλητα

2115 4863 2224 4935 γὰρ
2250 4863 2319 4915 τά
2355 4861 2673 4933 χαρίσματα
2701 4861 2793 4915 τοῦ
2824 4860 2963 4914 Θεοῦ
2995 4862 3273 4931 τυγχάνει.

2191 4991 2208 5022 ι
2239 4973 2517 5042 Ζητήσατε
2541 4971 2633 5024 τὸν
2654 4971 2879 5043 Κύριον,
2903 4971 2996 5025 καὶ
3024 4972 3083 5023 ἐν
3109 4972 3187 5044 τῷ
3208 4973 3485 5044 εὑρίσκειν
3509 4973 3698 5040 αὑτὸν,

2113 5064 2530 5120 ἐπικαλέσασθε.
2575 5062 2768 5116 Ἡνίκα
2789 5063 2834 5116 δ’
2861 5062 2926 5116 ἀν
2957 5063 3152 5136 ἐγγίζῃ
3172 5063 3322 5132 ὑμῖν,
3351 5063 3701 5118 ἀπολειπέτω

2114 5155 2142 5206 ὁ
2179 5153 2380 5224 ἀσεϐὴς
2409 5152 2506 5215 τὰς
2531 5153 2685 5216 ὁδοὺς
2711 5151 2895 5217 αὑτοῦ,
2923 5153 3016 5206 καὶ
3047 5153 3186 5224 ἀνὴρ
3223 5153 3422 5224 ἄνομος
3450 5153 3548 5218 τάς
3573 5153 3699 5224 βου-

2114 5243 2212 5306 λάς
2243 5242 2430 5306 αὑτοῦ,
2482 5243 2577 5296 καὶ
2611 5243 2998 5314 ἐπιστραφήτω
3024 5242 3116 5296 ἐπὶ
3148 5243 3370 5314 Κύριον,
3404 5245 3497 5297 καὶ
3537 5244 3695 5316 ἐλεη-

2114 5336 2365 5408 θήσεται·
2417 5337 2499 5388 ὅτι
2537 5337 2629 5389 ἐπὶ
2670 5336 2804 5389 πολὺ
2836 5337 3036 5409 ἀφήσει
3065 5336 3166 5400 τάς
3206 5337 3482 5410 ἁμαρτίας
3516 5337 3691 5410 ὑμῶν.

2114 5428 2191 5481 Οὑ
2226 5427 2335 5498 γάρ
2361 5429 2498 5482 εἰσιν
2527 5430 2584 5481 αἱ
2611 5427 2796 5498 βουλαί
2824 5444 2950 5499 μου,
2980 5427 3168 5500 ὥσπερ
3199 5430 3256 5481 αί
3288 5429 3479 5500 βουλαὶ
3515 5429 3693 5500 ὑμῶν,

2113 5519 2220 5572 οὐδ’
2251 5518 2438 5591 ὥσπερ
2470 5521 2526 5573 αἱ
2560 5519 2668 5572 ὁδοὶ
2706 5519 2881 5590 ὑμῶν,
2916 5521 2972 5574 αἱ
2999 5519 3105 5573 ὁδοί
3138 5538 3259 5592 μου,
3288 5521 3434 5591 λέγει
3466 5521 3694 5592 Κύριος.

2124 5610 2262 5663 Ἀλλ’
2290 5609 2366 5674 ὡς
2396 5597 2590 5679 ἀπέχει
2623 5613 2650 5663 ό
2679 5610 2906 5680 οὐρανὸς
2935 5610 3046 5664 ἀπὸ
3069 5612 3168 5681 τῆς
3203 5611 3329 5682 γῆς,
3356 5611 3530 5676 οὑτως
3557 5612 3695 5664 ἀπέ-

2109 5721 2193 5774 χει
2228 5707 2260 5775 ή
2292 5703 2408 5766 ὁδός
2443 5721 2545 5773 μου
2575 5703 2684 5757 ἀπὸ
2719 5703 2826 5756 τῶν
2862 5703 2996 5757 ὁδῶν
3038 5705 3211 5775 ὑμῶν,
3249 5707 3341 5760 καὶ
3372 5707 3442 5759 τά
3477 5706 3694 5776 διανοή-

2112 5813 2256 5866 ματα
2283 5795 2436 5866 ὑμῶν
2467 5795 2572 5848 ἀπὸ
2595 5798 2692 5867 τῆς
2715 5795 2951 5860 διανοίας
2979 5815 3098 5867 μου.
3141 5799 3224 5861 Ὠς
3252 5798 3358 5871 γάρ
3383 5800 3450 5854 ἂν
3473 5801 3688 5868 καταϐῇ

2108 5891 2134 5941 ό
2162 5888 2311 5951 ὑετὸς
2350 5891 2410 5943 ἐκ
2461 5887 2551 5940 τοῦ
2585 5889 2835 5960 οὐρανοῦ,
2889 5891 2981 5943 καὶ
3013 5889 3072 5941 οὑ
3112 5888 3187 5961 μὴ
3224 5892 3548 5964 ἀποστραφῇ
3582 5893 3687 5957 ἕως
3726 5882 3752 5935 ἒ
