4130 6390
348 584 375 683 -ρ

410 353 517 408 469

1324 343 1824 402 (ΣΟΜΜΕΝΤΑΒΙΑ
1865 344 1930 397 ὶΝ
1974 346 2225 402 ISAIAM.
2267 379 2335 390 -
2367 348 2521 402 CAP.
2562 347 2697 402 LVI.

3551 345 3656 398 £70

399 469 467 523 ἂν
502 467 711 540 μεθύσῃ
734 467 833 539 τὴν
859 469 982 539 γῆν,
1000 467 1090 518 καὶ
1122 466 1344 537 ὲκτὲκῃ,
1370 466 1464 518 κα)⁸
1490 464 1858 534 ὲκϐλαστήσῃ,
1885 466 1977 515 καὶ

2093 466 2309 520 ηιιεὺτὶει
2356 475 2578 528 terram,
2607 473 2663 517 et
2716 462 2912 533 pariat,
2945 468 2998 515 et
3030 461 3325 529 germinet,
3352 468 3408 512 et
3444 458 3535 513 det
3569 474 3657 512 se-

396 561 474 631 δῷ
511 559 731 630 σπέρμα
756 556 836 629 τῷ
868 558 1163 628 σπείροντι,
1193 558 1288 611 καὶ
1316 556 1479 626 ἄρτον
1511 557 1590 618 είς
1626 554 1853 626 βρῶσιν·
1889 552 1977 606 οῦ-

397 669 507 714 τως
555 649 707 704 ἔσται
753 650 815 703 τὸ
865 649 1016 720 ῥῆμά
1049 667 1172 719 μου,
1208 648 1235 700 ὃ
1269 646 1362 701 ἐὰν
1395 646 1586 718 ἐξέλθῃ
1628 646 1693 697 ὲκ
1729 644 1821 697 τοῦ
1856 646 1977 697 στό-

402 740 571 812 ματός
610 757 733 809 μου,
764 739 825 791 ού
856 738 931 809 μὴ
976 739 1323 809 ἀποστραφῇ,
1357 737 1462 797 ἕως
1499 734 1564 787 ἂν
1611 734 1835 805 τελεσθῇ
1879 736 1980 788 ὅσα

399 834 470 887 ἂν
493 828 753 909 ήθέλη-σα.
785 832 895 882 Καὶ
922 828 1169 883 εύοδώσω
1206 828 1305 892 τάς
1334 827 1487 890 ὁδούς
1517 843 1633 891 σου,
1666 829 1759 881 καὶ
1790 828 1858 880 τά
1897 828 1982 879 ὲν-

396 922 651 994 τάλματά
697 939 819 992 μου.
880 923 967 973 Ἐν
1001 921 1110 992 γὰρ
1140 920 1449 991 εὐφροσύνῃ
1489 917 1855 985 ὲξελεύσεσθε,
1889 917 1981 971 καὶ

396 1017 460 1069 ὲν
483 1014 629 1085 χαρᾷ
652 1011 1058 1082 διδαχθήσεσθε.
1091 1009 1173 1063 Τά
1199 1012 1306 1081 γὰρ
1332 1010 1430 1082 ὅρη
1460 1010 1553 1063 καὶ
1592 1010 1642 1061 οἱ
1676 1008 1853 1078 βουνοὶ
1888 1008 1978 1073 es.

398 1104 653 1160 αλοῦνται
681 1090 1100 1175 προσδεχόμενοι
1132 1103 1275 1174 ὑμᾶς
1305 1104 1362 1154 ὲν
1395 1104 1557 1173 χαρᾷ.
1585 1121 1603 1153 ι
1626 1104 1703 1155 Δι’
1732 1094 1804 1155 ὧν
1830 1097 1981 1171 οἶμαι

397 1196 657 1267 δυνάμεις
697 1194 1098 1266 συγχαιρούσας
1129 1198 1241 1257 τοῖς
1274 1195 1364 1247 ἐπὶ
1386 1195 1488 1265 γῆς
1538 1192 1854 1264 μετανοοῦσι
1885 1192 1966 1261 δη·

399 1288 646 1343 λοῦσθαι.
693 1307 711 1340 ι
736 1290 845 1342 Καὶ
876 1290 1052 1342 πάντα
1073 1292 1140 1340 τὰ
1165 1286 1294 1354 ξύλα
1317 1287 1410 1339 τοῦ
1437 1285 1608 1358 ἀγροῦ
1633 1286 1983 1356 ὲπικροτήσει

397 1383 514 1444 τοῖς
543 1379 775 1442 κλάδοις.
806 1399 825 1432 ι
850 1379 992 1432 Ξύλα
1019 1378 1074 1431 δὲ
1098 1376 1190 1429 τοῦ
1219 1376 1390 1448 ἀγροῦ
1422 1373 1814 1447 ὲπικροτοῦντα
1848 1373 1979 1426 κλά-

398 1472 511 1535 δοις
542 1470 683 1541 τάχα
715 1488 814 1523 που
841 1472 897 1523 al
931 1468 1265 1539 καρποφόροι
1295 1464 1404 1520 εἷεν
1433 1466 1497 1520 ἂν
1526 1467 1720 1537 ψυχαὶ,
1757 1466 1980 1534 συγχαί-

404 1580 593 1635 ρουσαι
625 1565 745 1626 ταῖς
770 1562 876 1615 τῶν
907 1562 1122 1631 ἀνόμων
1147 1561 1345 1630 ψυχαῖς
1368 1558 1822 1630 έπιστρεφούσαις
1852 1555 1986 1628 πρὸς

402 1655 629 1727 Κύριον.

476 1766 495 1799 ι
533 1747 642 1800 Καὶ
684 1746 804 1800 ἀντὶ
849 1746 947 1815 τῆς
1001 1746 1217 1815 στοιϐῆς
1249 1738 1577 1815 ἀναϐήσεται
1623 1744 1981 1813 κυπάρισσος,

2081 574 2202 611 men
2248 557 2555 622 seminanti,
2584 565 2640 611 et
2679 569 2872 621 panem
2923 554 2990 607 ad
3032 553 3394 616 vescendum;
3441 553 3519 605 sic
3553 552 3658 603 erit

2081 649 2299 703 verbum
2330 662 2531 711 meum,
2556 648 2915 719 quodcunque
2943 645 3137 699 exierit
3161 644 3228 699 de
3252 657 3347 698 ore
3372 658 3514 707 meo,
3545 658 3652 697 non

2081 753 2408 806 revertetur,
2433 743 2603 796 donec
2629 740 2977 810 perficiantur
3008 749 3344 806 quaecunque
3368 732 3651 790 voluerim.

2083 834 2148 888 Et
2178 847 2464 902 prosperas
2493 832 2687 888 faciam
2722 833 2837 887 vias
2865 840 2986 886 tuas
3026 838 3079 883 et
3110 836 3375 899 przecepta
3415 842 3554 881 mea.
3592 829 3651 880 ιιι

2082 924 2262 981 lanitia
2286 927 2429 981 enim
2466 925 2818 995 cgrediemini
2841 965 2855 987 ,
2896 933 2952 977 et
2985 924 3035 977 in
3073 921 3269 992 gaudio
3309 920 3653 974 docebimini.

2084 1020 2294 1074 Montes
2318 1019 2459 1073 enim
2486 1028 2540 1073 et
2575 1017 2745 1073 colles
2775 1017 3025 1071 exsilient
3050 1014 3380 1082 excipientes
3412 1026 3505 1065 vos
3530 1026 3651 1064 cum

2084 1113 2299 1182 gaudio.
2342 1130 2361 1163 ι
2400 1110 2565 1177 Queis
2620 1109 2874 1164 existimo
2911 1106 3202 1178 significari
3243 1105 3499 1169 virtutes,
3536 1117 3655 1172 qua:

2082 1208 2152 1260 de
2182 1204 2569 1275 pmuitentibus
2618 1204 2671 1257 in
2718 1213 2859 1257 terra
2910 1200 3177 1254 laetantur.
3212 1215 3230 1250 ι
3284 1197 3351 1252 Et
3380 1197 3558 1251 omnia
3592 1196 3656 1249 li-

2084 1314 2187 1367 gna
2216 1297 2332 1367 agri
2366 1295 2694 1365 applaudeut
2726 1294 2913 1348 ramis.
2956 1312 2976 1345 ›
3011 1292 3178 1361 Ligna
3213 1290 3327 1359 agri
3377 1288 3541 1342 ramis
3568 1302 3661 1355 ap-

2086 1388 2413 1457 plaudenlia,
2444 1387 2675 1442 fortasse
2729 1386 2932 1441 fuerint
2963 1386 3157 1439 animae
3185 1380 3497 1446 fructiferae,
3542 1396 3662 1447 qua:

2084 1479 2152 1534 de
2181 1481 2469 1534 animabus
2494 1479 2785 1549 impiorum
2820 1478 2887 1531 ad
2924 1477 3207 1532 Dominum
3246 1473 3659 1536 revertentibus,

2089 1574 2270 1629 laetitia
2304 1575 2600 1643 replentur.

2159 1732 2322 1787 Vsus.
2356 1733 2442 1785 f3.
2475 1749 2493 1782 ι
2527 1730 2591 1785 Ει
2623 1746 2720 1802 pro
2742 1730 2915 1786 stmba
2944 1730 3198 1786 ascendet
3228 1729 3561 1799 cyparissus,
3608 1736 3664 1780 et

400 1841 523 1895 ἀντὶ
548 1839 607 1891 δὲ
634 1838 734 1909 τῆς
751 1838 981 1909 κονύζης
1009 1836 1339 1908 ἀναϐήσεται
1396 1835 1651 1906 μυρσίνη.
1688 1834 1797 1885 Καὶ
1834 1831 1984 1884 ἔσται

2093 1839 2183 1893 pro
2216 1836 2416 1894 conyza
2453 1821 2706 1877 ascendet
2738 1831 2964 1893 myrtus.
2989 1820 3053 1875 Et
3076 1821 3181 1876 erit
3210 1819 3465 1874 Dominus
3492 1818 3546 1871 in
3571 1832 3667 1871 no-

322 2002 333 2015 t
402 1933 604 2005 Κύριος
636 1934 716 1997 είς
738 1932 928 2002 ὄνομα,
966 1932 1061 1985 καὶ
1092 1932 1171 1993 είς
1194 1932 1417 2001 σημεῖον
1458 1925 1707 1991 αἰώνιον,
1744 1927 1836 1979 καὶ
1886 1925 1984 1978 ούκ

403 2024 663 2092 ἐκλείψει.
701 2044 719 2074 ι
754 2022 1155 2094 Ἀλληγορικῶς
1174 2022 1229 2074 δὲ
1260 2021 1350 2073 διὰ
1372 2020 1576 2072 τούτων
1606 2018 1849 2089 ᾐνίττετο
1887 2015 1985 2086 τήν

401 2115 508 2169 ἀπὸ
536 2113 648 2167 τῶν
668 2114 925 2184 χειρόνων
953 2112 1043 2165 ἐπὶ
1068 2110 1138 2164 τά
1158 2110 1391 2181 κρείττω
1425 2108 1532 2161 τῶν
1564 2107 1752 2178 ψυχῶν
1777 2122 1985 2177 καρπον

406 2204 630 2277 φορίαψ
667 2205 724 2257 αἳ
760 2204 929 2257 πᾶσαι
967 2203 1064 2273 μὲν
1095 2198 1234 2273 ἦσαν
1268 2202 1325 2254 ὲν
1371 2200 1644 2269 ἀθεότητι,
1699 2198 1849 2250 οὐδὲν
1897 2196 1987 2264 γό-

409 2313 557 2366 νιμον
586 2294 707 2348 οὐδὲ
730 2295 1002 2367 τρόφιμον
1034 2292 1257 2364 ἔφερον·
1290 2292 1364 2355 ὡς
1423 2293 1481 2343 ὲν
1543 2291 1736 2361 ἐρήμῳ
1780 2288 1835 2341 δὲ
1892 2289 1987 2342 κα).

413 2386 601 2459 χέρσῳ,
622 2387 714 2440 καὶ
742 2386 1081 2456 ἀγεωργήτῳ
1098 2383 1271 2455 χώρᾳ,
1323 2382 1540 2453 στοιϐὴν
1567 2381 1698 2452 ῦλης
1714 2382 1986 2451 ἀχρήστου

412 2480 503 2533 καὶ
534 2478 758 2543 κόνυζαν
789 2479 887 2550 τήν
920 2477 1375 2546 δυσσεϐεστάτην,
1412 2476 1504 2529 καὶ
1532 2474 1804 2545 ἄχρηστον
1855 2488 1990 2524 παν-

406 2569 573 2634 τελῶς
608 2570 841 2641 βοτάνην
868 2569 1053 2639 ἕφυον.
1081 2568 1192 2621 Νῦν
1218 2569 1262 2622 δ’
1291 2568 1378 2621 ὅτε
1410 2568 1509 2636 τῆς
1543 2567 1693 2627 θείας
1730 2564 1989 2635 μετέσχον

405 2664 645 2734 χάριτος,
684 2661 947 2735 μυρσίνην
984 2661 1376 2731 εύωδεστάτην,
1401 2660 1496 2712 καὶ
1529 2659 1626 2730 μὲν
1650 2655 1990 2727 ὑψηλοτάτην

405 2758 498 2813 καὶ
537 2756 697 2810 πάλιν
738 2754 909 2826 εὐώδη
944 2754 1282 2825 κυπάρισσον
1339 2749 1750 2821 ὲκαρποφόρουν
1779 2764 1793 2777 °
1850 2744 1991 2799 κατά

403 2846 461 2902 δὲ
523 2848 615 2901 τὸν
670 2846 963 2918 Σύμμαχον
988 2886 1003 2911 ,
1059 2864 1078 2896 ‹
1132 2844 1277 2897 Ἀντὶ
1299 2842 1536 2912 στοιϐἧς,
1597 2841 1780 2912 φησὶν,
1865 2839 1995 2890 ἀνα-

405 2936 632 3011 ϐήσεται
664 2936 992 3008 βράθυ,ἀντ“ι
1022 2934 1080 2989 δὲ
1115 2934 1292 2996 κνιδὸς
1326 2932 1659 3002 ἀναϐήσεται
1697 2927 1986 2999 μυρσίνηοι

405 3026 481 3091 ὡς
513 3029 560 3081 εί
596 3026 926 3098 σαφέστερον
957 3025 1204 3093 ἐλέγετο,
1253 3022 1397 3076 Ἀντί
1427 3020 1623 3083 κακίας
1662 3018 1993 3087 ἀναϐήσεται

405 3117 743 3187 δικαιοσύνη,
774 3118 867 3170 καὶ
894 3116 1014 3169 ἀντὶ
1040 3115 1338 3175 ἀκολασίας
1372 3112 1716 3184 σωφροσύνη,
1746 3109 1841 3163 καὶ
1873 3109 1993 3162 ἀντὶ

2092 1928 2212 1967 men
2237 1922 2291 1965 et
2336 1913 2388 1965 in
2427 1912 2642 1981 signum
2694 1911 3107 1980 sempiternum,
3152 1923 3325 1979 neque
3359 1909 3592 1965 deficiet.
3641 1926 3659 1960 ι

2089 2003 2186 2057 His
2223 2002 2510 2072 allegorice
2535 2000 2844 2056 subindicat
2895 2001 3200 2055 animarum
3249 2014 3279 2054 a
3314 2000 3562 2069 pessimis
3599 1999 3666 2052 ad

2090 2086 2309 2141 meliora
2371 2086 2757 2140 revertentium
2817 2086 3242 2142 fecunditatem:
3278 2102 3399 2157 qua
3449 2087 3666 2157 quidem

2086 2176 2217 2231 olim
2257 2192 2446 2232 omnes
2491 2178 2543 2231 in
2600 2176 2877 2245 impietate
2914 2178 3292 2246 versabantur,
3332 2193 3397 2233 ac
3443 2179 3669 2233 nihilad

2089 2268 2516 2338 productionem.
2576 2270 2818 2339 nihilque
2850 2273 2916 2323 ad
2962 2284 3142 2326 escam
3199 2268 3330 2323 utile
3387 2267 3668 2335 ferebant;

2089 2357 2184 2411 sed
2213 2356 2367 2427 quasi
2408 2356 2460 2409 in
2502 2356 2714 2411 deserta
2747 2368 2803 2412 et
2847 2358 2998 2413 arida
3044 2373 3216 2426 neque
3243 2357 3384 2412 culta
3428 2356 3668 2426 regione,

2089 2451 2314 2507 stmbam
2346 2450 2549 2506 inutilis
2592 2452 2830 2506 materiae
2881 2460 2937 2507 et
2983 2466 3243 2521 conyzam
3294 2450 3669 2519 impiissimam

2091 2558 2416 2612 prorsusque
2450 2541 2657 2598 futilem
2681 2543 2903 2599 herbam
2929 2544 3323 2613 germinabant.
3359 2540 3512 2597 Nunc
3544 2558 3671 2597 vero

2092 2642 2376 2705 postquam
2395 2634 2589 2689 divina:
2624 2635 2810 2704 gratia:
2842 2645 3124 2691 consortes
3161 2634 3402 2701 fuerunt,
3434 2644 3669 2705 myrtum

2094 2726 2517 2790 suaveolentem,
2559 2742 2765 2782 necnon
2822 2726 3177 2781 celsissimam
3224 2736 3280 2780 et
3355 2725 3521 2779 odore
3565 2725 3673 2777 fra-

2094 2830 2337 2890 grantem
2383 2821 2717 2891 cyparissnm
2764 2820 3125 2883 emittebant;
3163 2818 3455 2873 secundum
3505 2816 3671 2886 Sym-

2096 2912 2347 2966 machum
2378 2897 2555 2966 autem
2592 2912 2811 2977 dicitur,
2852 2930 2869 2964 ι
2907 2910 3014 2966 Pro
3044 2911 3217 2965 stmba
3251 2907 3505 2963 ascendet
3551 2907 3674 2961 bra-

2098 3007 2215 3077 thy,
2245 3013 2299 3059 et
2348 3020 2445 3074 pro
2471 3005 2641 3059 urtica
2674 3005 2931 3059 ascendet
2963 3010 3199 3074 myrtus;
3238 3019 3257 3053 ι
3300 3015 3363 3055 ac
3399 3000 3442 3055 si
3475 2999 3676 3053 clarius

2098 3099 2322 3163 diceret,
2354 3096 2459 3150 Pro
2489 3097 2691 3151 malitia
2731 3096 2987 3150 ascendet
3023 3093 3254 3162 justitia,
3290 3103 3346 3148 et
3389 3108 3487 3163 pro
3515 3092 3677 3150 laser-

407 3208 642 3280 θράσους
668 3184 907 3280 ἀνδρεία,
942 3208 1036 3260 καὶ
1056 3207 1177 3260 ἀντὶ
1231 3204 1543 3275 ἀφροσύνης
1589 3202 1868 3273 φρόνησις,
1899 3200 1990 3253 καὶ

2098 3192 2183 3244 via
2213 3191 2586 3259 temperantia,
2641 3206 2739 3259 pro
2786 3188 3010 3243 audacia
3056 3188 3250 3251 virtus,
3308 3199 3406 3255 pro
3439 3184 3674 3239 amentia

409 3298 742 3364 ἁπαξαπλῶς
770 3296 889 3351 ἀντὶ
924 3296 1192 3366 πονηρίας
1218 3297 1408 3368 ἀρετή.

918 3410 1315 3462 ΚΕΦΔΛΑΙΟΝ
1350 3409 1490 3475 Νςῖν.

488 3504 679 3570 «Τάδε
734 3503 883 3570 λέγει
931 3500 1173 3570 Κύριος’
1237 3497 1578 3553 Φυλάσσεσθε
1645 3498 1848 3570 κρίσιν,
1901 3497 1995 3548 καὶ

410 3595 669 3666 ποιήσατε
700 3590 1042 3661 δικαιοσύνην
1066 3607 1078 3619 ’
1112 3589 1309 3658 ἧγγικε
1354 3586 1459 3659 γὰρ
1498 3586 1557 3639 τὸ
1592 3584 1858 3655 σωτήριόν
1894 3600 1994 3653 μου

414 3684 832 3757 παραγίνεσθαι,
881 3683 974 3737 καὶ
1039 3684 1100 3736 τὸ
1162 3682 1307 3745 ἔλεός
1371 3697 1472 3751 μου
1524 3675 1993 3747 ἀποκαλυφθῆναι.

412 3778 697 3850 Μακάριος
755 3776 893 3848 ἀνὴρ
956 3777 985 3827 ὁ
1036 3774 1206 3827 ποιῶν
1259 3772 1451 3826 ταῦτα.
1508 3769 1698 3836 ’,Πῶς
1757 3770 1818 3821 ού
1892 3785 1994 3839 μα-

2096 3282 2412 3351 prudentia;
2448 3288 2609 3350 atque
2643 3281 2694 3334 in
2738 3296 2969 3345 summa,
3000 3295 3098 3349 pro
3122 3277 3323 3333 malitia
3355 3277 3547 3333 virtus.

2693 3391 2919 3448 CAPUT
2959 3389 3093 3446 LVI.

2168 3488 2328 3542 Vnus.
2344 3485 2459 3551 1,2.
2472 3505 2490 3537 ι
2514 3483 2637 3540 Περ
2653 3484 2783 3539 dicit
2803 3484 3059 3538 Dominus
3079 3501 3093 3537 :
3111 3480 3677 3548 Custoditejudicmm,

2096 3589 2151 3634 et
2186 3579 2345 3634 facite
2392 3578 2659 3648 justitiam
2711 3575 3208 3646 :appropinquavit
3257 3574 3402 3628 enim
3445 3574 3681 3627 salutare

2098 3687 2297 3737 meum,
2327 3683 2386 3726 ut
2415 3671 2615 3734 veniat,
2644 3677 2697 3723 et
2719 3667 3090 3722 misericordia
3118 3680 3259 3731 mea,
3291 3674 3351 3719 ut
3382 3663 3675 3719 reveletur.

2097 3765 2297 3820 Beatus
2327 3765 2409 3817 vir
2443 3762 2536 3831 qui
2568 3761 2702 3816 facit
2746 3761 2886 3819 haec.
2923 3779 2942 3811 ι
2989 3759 3092 3824 Qui
3119 3774 3224 3813 non
3269 3758 3459 3812 beatus
3486 3755 3678 3818 fuerit,

414 3848 605 3939 κάριος
662 3867 915 3929 τοιαύτας
968 3865 1202 3935 εἰληφὼς
1249 3864 1351 3926 τάς
1407 3860 1772 3929 ὲπαγγελίας;
1825 3878 1842 3908 ι
1884 3859 1990 3912 Καὶ

2098 3858 2191 3928 qui
2249 3858 2383 3911 tales
2436 3853 2821 3923 promissioues
2871 3851 3178 3919 acceperit?
3222 3868 3240 3902 ι
3275 3849 3342 3903 Ει
3395 3848 3556 3906 homo
3578 3848 3680 3914 'qui

412 3958 692 4030 ἄνθρωπος
751 3959 780 4009 ὀ
832 3956 1189 4025 ἀντεχόμενος
1246 3952 1444 4016 αὐτῶν,
1488 3953 1581 4005 καὶ
1614 3951 1900 4020 φυλάσσων
1928 3950 1990 4002 τὰ

2099 3950 2341 4006 adhaeret
2379 3948 2483 4011 eis,
2511 3956 2564 4000 et
2599 3946 2688 4014 qui
2714 3945 2969 3998 observat
3001 3942 3261 4006 Sabbata,
3313 3949 3371 3993 ut
3418 3954 3522 3993 non
3557 3952 3683 4005 pro-

413 4029 666 4105 Σάϐϐατα
717 4049 790 4119 μὴ
841 4045 1101 4118 βεϐηλοῦν
1127 4085 1143 4108 ,
1197 4044 1288 4097 καὶ
1359 4041 1633 4114 διατηρῶν
1702 4041 1801 4105 τάς
1889 4044 1990 4111 χεῖ-

2102 4047 2251 4098 fanet
2301 4056 2387 4104 ea,
2429 4048 2483 4094 et
2510 4046 2690 4093 servat
2718 4051 2909 4091 manus
2938 4050 3084 4099 suas,
3118 4048 3184 4087 ne
3225 4033 3388 4086 faciat
3422 4029 3622 4098 iniqua.
3656 4046 3676 4079 ι

417 4158 515 4214 ρας
565 4138 730 4193 αὐτοῦ
785 4139 859 4209 μὴ
891 4140 1059 4191 ποιεῖν
1102 4137 1284 4191 ἄδικα.
1341 4154 1359 4187 ι
1409 4136 1469 4187 'O
1495 4133 1605 4205 γὰρ
1628 4132 1800 4185 ταῦτα
1830 4132 1990 4185 ποιῶν

2100 4135 2233 4191 Nam
2273 4135 2362 4205 qui
2394 4134 2509 4187 hzcc
2542 4130 2753 4194 fecerit,
2778 4128 2867 4182 illa
2892 4142 3010 4197 quae
3048 4142 3076 4179 a
3104 4125 3209 4180 Deo
3242 4132 3326 4180 est
3354 4121 3685 4176 beatitudine

412 4233 508 4286 τοῦ
538 4232 690 4304 παρά
738 4231 872 4284 Θεοῦ
910 4229 1262 4302 μακαρισμοῦ
1314 4226 1511 4295 γένοιτ’
1571 4225 1637 4279 ἂν
1669 4224 1837 4290 ἄξιος.
1893 4222 1990 4275 Σὺν

2102 4230 2295 4299 dignus
2325 4241 2454 4281 sane
2492 4223 2673 4279 fuerit.
2724 4221 2806 4276 Ad
2856 4222 2971 4276 haec
3020 4220 3147 4273 item
3199 4214 3561 4271 necessarium
3602 4220 3684 4265 est

414 4324 622 4388 τούτοις
652 4325 744 4377 καὶ
764 4324 832 4377 τὰ
860 4322 1112 4377 Σάϐϐατα
1138 4322 1211 4392 μὴ
1237 4315 1496 4390 βεϐηλοῦν
1518 4318 1812 4384 ἀναγκαῖον
1834 4332 1846 4345 ·
1864 4315 1990 4384 ὅπερ

2107 4321 2344 4376 Sabhata
2386 4333 2490 4373 non
2546 4315 2750 4369 violare
2791 4309 2979 4381 :quod
3007 4310 3192 4379 utique
3238 4307 3365 4373 erit,
3397 4305 3441 4360 si
3492 4318 3684 4357 manus

417 4417 568 4471 ἔσται
600 4419 649 4469 εί
681 4417 781 4479 τάς
811 4414 1019 4468 ἑαυτῶν
1040 4416 1229 4483 χεῖρας
1263 4409 1510 4482 καθαρὰς
1561 4408 1741 4473 πάσης
1792 4405 1990 4458 ἀτόπου

2105 4425 2311 4469 vestras
2334 4411 2400 4465 ab
2429 4409 2575 4463 omni
2617 4407 2832 4476 indigna
2863 4404 3077 4458 aetione
3120 4415 3280 4470 puras
3309 4393 3682 4458 servaveritis;

419 4505 670 4579 πράξεως
694 4504 1057 4575 διατηρήσητε
1079 4519 1092 4534 °
1130 4504 1177 4554 εί
1209 4501 1266 4554 δὲ
1296 4499 1470 4553 ταῦτα
1504 4497 1578 4571 μὴ
1613 4493 1990 4566 ποιήσητεώπῖ

2106 4506 2150 4561 si
2184 4520 2314 4559 vero
2342 4504 2454 4556 haec
2482 4516 2583 4555 non
2614 4498 2855 4568 egeritis,
2902 4505 3063 4563 atque
3092 4495 3143 4547 in
3176 4493 3287 4547 otio
3320 4500 3373 4545 et
3410 4487 3687 4543 vacatione

421 4561 613 4667 σχολής
641 4561 733 4648 καὶ
766 4561 964 4667 ἀργίας
984 4561 1275 4663 ¹διάγοντες
1303 4592 1403 4662 τὴν
1434 4561 1527 4644 τοῦ
1560 4561 1835 4641 Σαϐϐάτου
1875 4584 1990 4656 ήμέ·

2109 4595 2330 4652 Sabhati
2369 4593 2510 4649 diem
2539 4590 2931 4660 transeger‘nis,
2964 4602 3061 4642 vos
3091 4585 3223 4639 nihil
3253 4584 3434 4638 facere
3475 4593 3686 4637 certum

424 4704 542 4759 ραν,
569 4688 680 4741 ῐστε
718 4686 779 4738 τὸ
812 4685 981 4755 μηθὲν
1014 4682 1309 4744 ποιοῦντες.
1650 4730 1653 4731 ν

500 4796 518 4829 ⁶
547 4776 640 4846 Μὴ
684 4774 888 4842 λεγέτω
935 4776 963 4825 ὁ
1013 4771 1304 4841 ἀλλογενὴς
1342 4770 1370 4823 ὁ
1430 4769 1823 4841 προσκείμενος
1871 4764 2007 4835 πρὸς

421 4869 650 4940 Κύριον·
691 4868 932 4936 Ἀφοριεῖ
982 4880 1049 4932 με
1112 4863 1221 4935 ἄρα
1252 4862 1453 4931 Κύριος
1487 4861 1597 4914 ἀπὸ
1632 4858 1726 4913 τοῦ
1753 4856 1882 4911 λαοῦ
1909 4856 2007 4908 αύ-

420 4959 554 5027 τοῦ;
587 4980 607 5013 ι
640 4959 903 5013 διδάσκων
939 4958 1012 5028 μὴ
1052 4956 1194 5027 μέγα
1226 4955 1444 5026 φρονεῖν
1494 4952 1765 5006 Ἰουδαίων
1810 4947 2004 5009 παῖδας

423 5055 514 5108 ἐπὶ
539 5053 618 5126 τῷ
642 5054 824 5122 γένει,
862 5048 995 5123 μηδὲ
1041 5050 1133 5101 ἐπὶ
1190 5050 1303 5110 τοῖς
1354 5045 1693 5118 προπάτορσι
1744 5040 2003 5114 σεμνύνε-

425 5146 570 5201 σθαι.
601 5142 635 5199 ’r
665 5147 776 5199 Καὶ
835 5145 910 5216 μὴ
952 5142 1158 5212 λεγέτω
1185 5142 1213 5193 ὁ
1240 5138 1494 5209 εὐνοῦχος
1514 5179 1529 5203 ,
1558 5139 1640 5192 ὅτι
1682 5136 1849 5189 Ξύλον
1892 5131 2004 5201 ἐγώ

429 5241 546 5309 είμι
587 5238 771 5308 ξηρόν.
820 5257 838 5289 ι

502 5349 522 5380 ι
562 5329 704 5383 Τάδε
753 5328 902 5396 λέγει
959 5326 1165 5398 Κύριος
1206 5328 1320 5387 τοῖς
1375 5321 1688 5392 εὐνούχοιςο
1742 5319 1896 5372 Ὅσοι
1940 5314 2009 5368 ἂν

427 5417 766 5491 φυλάξωνται
798 5418 866 5471 τὰ
895 5410 1148 5471 Σάϐϐατά
1182 5434 1280 5488 μου
1324 5413 1418 5468 καὶ
1462 5410 1787 5477 ὲκλέξωνται
1824 5407 1859 5461 ἆ
1900 5404 2010 5475 ἐγὼ

428 5512 586 5577 θέλω,
619 5510 713 5565 καὶ
737 5511 1066 5579 ἀντέχωνται
1091 5510 1190 5579 τῆς
1233 5506 1506 5577 Διαθήκης
1541 5520 1642 5575 μου
1667 5543 1683 5567 ,
1716 5501 1870 5553 δώσω
1910 5500 2009 5551 αύ-

427 5607 540 5667 τοῖς
564 5606 621 5656 έν
638 5600 719 5673 τῷ
739 5602 871 5671 οἴκῳ
902 5618 1026 5668 μου,
1058 5602 1152 5654 καὶ
1176 5603 1232 5653 ὲν
1263 5599 1338 5670 τῷ
1358 5599 1525 5669 τείχει
1559 5612 1657 5667 μου
1691 5592 1856 5645 τόπον
1899 5590 2012 5642 ὀνο-

435 5695 659 5764 μαστὸν,
691 5694 923 5767 κρείττω
944 5692 1075 5744 υἱῶν
1096 5692 1189 5744 καὶ
1214 5689 1530 5761 θυγατέρων
1553 5704 1566 5717 ο
1594 5687 1762 5755 ὄνομα
1795 5679 2010 5734 αἰώνιον

2109 4688 2319 4743 habete.

2183 4780 2346 4834 Vens.
2373 4777 2427 4831 '5.
2462 4793 2482 4828 ι
2517 4775 2595 4830 Ne
2632 4776 2777 4830 dicat
2830 4773 3148 4844 alienigena,
3180 4770 3268 4839 qui
3300 4767 3579 4837 appositus
3611 4777 3693 4816 est

2109 4872 2335 4927 Domino
2372 4887 2387 4924 :
2415 4866 2549 4922 Num
2570 4866 2841 4934 separabit
2859 4879 2944 4919 me
2967 4864 3226 4919 Dominus
3246 4878 3274 4915 a
3296 4861 3493 4931 populo
3512 4857 3650 4913 suo?
3668 4877 3687 4908 ι

2109 4963 2310 5018 docens
2336 4959 2550 5015 Iudaeos
2586 4974 2654 5013 ne
2684 4959 2751 5014 de
2777 4970 2972 5029 genere
2997 4972 3095 5013 suo
3123 4957 3290 5009 altum
3325 4955 3562 5023 sapiant,
3591 4963 3686 5003 ne-

2109 5068 2216 5122 que
2240 5055 2308 5108 de
2334 5052 2546 5121 proavis
2569 5051 2681 5106 suis
2710 5051 3029 5119 glorientur.
3070 5067 3090 5100 ι
3122 5048 3189 5102 Ει
3241 5064 3306 5101 ne
3339 5046 3483 5100 dicat
3516 5056 3691 5099 eunu-

2108 5148 2248 5203 chus
2284 5166 2299 5200 :
2331 5145 2557 5217 Lignum
2591 5144 2802 5197 aridum
2834 5157 2933 5212 ego
2964 5156 3104 5196 sum.
3136 5159 3155 5192 ι

2186 5303 2350 5359 Vens.
2386 5303 2440 5368 4,
2475 5301 2527 5356 5.
2563 5319 2581 5353 ι
2620 5299 2749 5354 Haec
2777 5300 2907 5353 dicit
2946 5295 3203 5349 Dominus
3227 5292 3527 5349 eunuchis:
3557 5288 3683 5357 Qui-

2115 5409 2329 5468 cunque
2361 5394 2718 5450 custodierint
2762 5390 3000 5446 Sahbata
3036 5402 3176 5450 mea,
3201 5396 3255 5439 et
3286 5382 3546 5449 elegerint
3569 5396 3689 5450 qua:

2114 5507 2215 5561 ego
2255 5490 2395 5554 volo,
2426 5497 2480 5542 et
2524 5484 2847 5541 adhwserint
2884 5480 3230 5535 Testamento
3263 5488 3401 5540 meo,
3442 5473 3581 5527 dabo
3610 5475 3689 5526 eis

2115 5584 2168 5637 in
2193 5585 2355 5638 domo
2400 5596 2514 5635 mea
2560 5590 2615 5634 et
2645 5579 2785 5632 intra
2818 5589 3030 5629 murum
3083 5580 3284 5633 meum,
3316 5568 3491 5622 locum
3516 5566 3689 5620 nomi-

2117 5688 2325 5739 natum,
2359 5675 2634 5729 meliorem
2669 5668 2793 5723 ﬁliis
2827 5676 2879 5721 et
2931 5664 3176 5726 filiabus;
3239 5671 3432 5713 nomen
3494 5654 3690 5725 sempi-

432 5744 589 5841 δώσω
616 5744 825 5851 ανὺτζϊςο
867 5785 958 5839 καὶ
991 5784 1090 5838 ούκ
1119 5744 1377 5852 ὲκλείιέει.
1472 5744 1765 5851 Ἐπειδήδὲ
1791 5774 1883 5827 καὶ
1914 5773 1990 5841 τηε

2121 5780 2330 5825 ternum
2358 5768 2495 5823 dabo
2520 5766 2620 5830 eis,
2647 5773 2818 5818 etnon
2843 5757 3072 5812 deficiet.
3098 5773 3115 5804 ›
3137 5751 3400 5819 Quoniam
3422 5744 3595 5804 Judaei
3624 5745 3690 5799 li—
