  <div class='ocr_page' id='page_1' title='image "/cluster/home/n/w/nwhite01/storage/ocr_20150623/24:no.6/coo.31924054873058/249.png"; bbox 0 0 4130 6416; ppageno 0'>
   <div class='ocr_carea' id='block_1_1' title="bbox 428 340 525 395">
    <p class='ocr_par' dir='ltr' id='par_1_1' title="bbox 428 340 525 395">
     <span class='ocr_line' id='line_1_1' title="bbox 428 340 525 395; baseline 0.01 -1"><span class='ocrx_word' id='word_1_1' title='bbox 428 340 525 395; x_wconf 69' lang='lat' dir='ltr'><strong>J7!</strong></span> 
     </span>
    </p>
   </div>
   <div class='ocr_carea' id='block_1_2' title="bbox 1134 344 2013 418">
    <p class='ocr_par' dir='ltr' id='par_1_2' title="bbox 1134 344 2013 415">
     <span class='ocr_line' id='line_1_2' title="bbox 1134 344 2013 415; baseline 0.017 -18"><span class='ocrx_word' id='word_1_2' title='bbox 1134 344 1401 402; x_wconf 78' lang='lat' dir='ltr'><strong>EL‘SEBH</strong></span> <span class='ocrx_word' id='word_1_3' title='bbox 1439 350 1914 411; x_wconf 56' lang='lat' dir='ltr'><strong>CIESARIENSIS</strong></span> <span class='ocrx_word' id='word_1_4' title='bbox 1953 357 2013 415; x_wconf 86' lang='lat' dir='ltr'><strong>Ol</strong></span> 
     </span>
    </p>
   </div>
   <div class='ocr_carea' id='block_1_3' title="bbox 2116 344 3005 418">
    <p class='ocr_par' dir='ltr' id='par_1_3' title="bbox 2151 361 3005 418">
     <span class='ocr_line' id='line_1_3' title="bbox 2151 361 3005 418; baseline 0.002 -3"><span class='ocrx_word' id='word_1_5' title='bbox 2151 362 2324 418; x_wconf 78' lang='lat' dir='ltr'><strong>PARS</strong></span> <span class='ocrx_word' id='word_1_6' title='bbox 2357 365 2442 418; x_wconf 91' lang='grc'><strong>111.</strong></span> <span class='ocrx_word' id='word_1_7' title='bbox 2482 395 2551 404; x_wconf 92' lang='grc'><strong>-</strong></span> <span class='ocrx_word' id='word_1_8' title='bbox 2594 361 3005 417; x_wconf 76' lang='lat' dir='ltr'><strong>EXEGETICA.</strong></span> 
     </span>
    </p>
   </div>
   <div class='ocr_carea' id='block_1_4' title="bbox 3571 371 3678 426">
    <p class='ocr_par' dir='ltr' id='par_1_4' title="bbox 3571 371 3678 426">
     <span class='ocr_line' id='line_1_4' title="bbox 3571 371 3678 426; baseline 0.019 -3"><span class='ocrx_word' id='word_1_9' title='bbox 3571 371 3678 426; x_wconf 67' lang='lat'><strong>47?.</strong></span> 
     </span>
    </p>
   </div>
   <div class='ocr_carea' id='block_1_5' title="bbox 427 455 2013 546">
    <p class='ocr_par' dir='ltr' id='par_1_5' title="bbox 427 455 1997 537">
     <span class='ocr_line' id='line_1_5' title="bbox 427 455 1997 537; baseline 0.011 -31"><span class='ocrx_word' id='word_1_10' title='bbox 427 455 678 508; x_wconf 83' lang='lat' dir='ltr'><strong>berorum</strong></span> <span class='ocrx_word' id='word_1_11' title='bbox 707 455 1102 512; x_wconf 88' lang='lat' dir='ltr'><strong>multitudinem</strong></span> <span class='ocrx_word' id='word_1_12' title='bbox 1164 461 1590 518; x_wconf 75' lang='lat' dir='ltr'><strong>benedictionem</strong></span> <span class='ocrx_word' id='word_1_13' title='bbox 1627 465 1715 520; x_wconf 87' lang='lat' dir='ltr'><strong>Dei</strong></span> <span class='ocrx_word' id='word_1_14' title='bbox 1749 482 1868 521; x_wconf 76' lang='lat' dir='ltr'><strong>eSse</strong></span> <span class='ocrx_word' id='word_1_15' title='bbox 1899 485 1997 537; x_wconf 86' lang='lat' dir='ltr'><strong>pu-</strong></span> 
     </span>
    </p>
   </div>
   <div class='ocr_carea' id='block_1_6' title="bbox 2116 455 3678 546">
    <p class='ocr_par' dir='ltr' id='par_1_6' title="bbox 2116 471 3678 546">
     <span class='ocr_line' id='line_1_6' title="bbox 2116 471 3678 546; baseline 0.009 -24"><span class='ocrx_word' id='word_1_16' title='bbox 2116 471 2461 526; x_wconf 82' lang='grc' dir='ltr'>πολυπαιδίαν</span> <span class='ocrx_word' id='word_1_17' title='bbox 2517 475 2764 543; x_wconf 84' lang='grc' dir='ltr'>εὐλογίαν</span> <span class='ocrx_word' id='word_1_18' title='bbox 2814 475 2949 528; x_wconf 89' lang='grc' dir='ltr'>Θεοῦ</span> <span class='ocrx_word' id='word_1_19' title='bbox 2978 476 3204 546; x_wconf 79' lang='grc' dir='ltr'><strong>ἡγοῦντο</strong></span> <span class='ocrx_word' id='word_1_20' title='bbox 3236 473 3372 532; x_wconf 74' lang='grc' dir='ltr'>εἶναι</span> <span class='ocrx_word' id='word_1_21' title='bbox 3416 479 3678 546; x_wconf 82' lang='grc' dir='ltr'>Ἰουδαῖοι,</span> 
     </span>
    </p>
   </div>
   <div class='ocr_carea' id='block_1_7' title="bbox 426 545 1997 624">
    <p class='ocr_par' dir='ltr' id='par_1_7' title="bbox 426 545 1997 624">
     <span class='ocr_line' id='line_1_7' title="bbox 426 545 1997 624; baseline 0.01 -27"><span class='ocrx_word' id='word_1_22' title='bbox 426 545 501 598; x_wconf 69' lang='lat' dir='ltr'><strong>cal</strong></span> <span class='ocrx_word' id='word_1_23' title='bbox 519 555 631 610; x_wconf 79' lang='grc' dir='ltr'><strong>⁸ιιιι,</strong></span> <span class='ocrx_word' id='word_1_24' title='bbox 649 549 1060 618; x_wconf 84' lang='lat' dir='ltr'><strong>mercedemque</strong></span> <span class='ocrx_word' id='word_1_25' title='bbox 1077 565 1140 604; x_wconf 83' lang='lat' dir='ltr'><strong>ac</strong></span> <span class='ocrx_word' id='word_1_26' title='bbox 1163 551 1393 608; x_wconf 82' lang='lat' dir='ltr'><strong>fructum</strong></span> <span class='ocrx_word' id='word_1_27' title='bbox 1414 554 1628 624; x_wconf 88' lang='lat' dir='ltr'><strong>pietatis</strong></span> <span class='ocrx_word' id='word_1_28' title='bbox 1655 574 1997 614; x_wconf 74' lang='lat' dir='ltr'><strong>numerosam</strong></span> 
     </span>
    </p>
   </div>
   <div class='ocr_carea' id='block_1_8' title="bbox 424 639 1999 710">
    <p class='ocr_par' dir='ltr' id='par_1_8' title="bbox 424 639 1999 710">
     <span class='ocr_line' id='line_1_8' title="bbox 424 639 1999 710; baseline 0.011 -21"><span class='ocrx_word' id='word_1_29' title='bbox 424 639 626 704; x_wconf 57' lang='lat' dir='ltr'><strong>prolem</strong></span> <span class='ocrx_word' id='word_1_30' title='bbox 659 654 779 693; x_wconf 90' lang='lat' dir='ltr'><strong>esse</strong></span> <span class='ocrx_word' id='word_1_31' title='bbox 827 641 1230 710; x_wconf 74' lang='lat' dir='ltr'><strong>existimabam,</strong></span> <span class='ocrx_word' id='word_1_32' title='bbox 1262 646 1420 700; x_wconf 90' lang='lat' dir='ltr'><strong>talem</strong></span> <span class='ocrx_word' id='word_1_33' title='bbox 1453 661 1639 703; x_wconf 88' lang='lat' dir='ltr'><strong>eorum</strong></span> <span class='ocrx_word' id='word_1_34' title='bbox 1678 655 1999 706; x_wconf 87' lang='lat' dir='ltr'><strong>sententiam</strong></span> 
     </span>
    </p>
   </div>
   <div class='ocr_carea' id='block_1_9' title="bbox 422 730 2003 807">
    <p class='ocr_par' dir='ltr' id='par_1_9' title="bbox 422 730 2003 807">
     <span class='ocr_line' id='line_1_9' title="bbox 422 730 2003 807; baseline 0.01 -24"><span class='ocrx_word' id='word_1_35' title='bbox 422 730 746 807; x_wconf 71' lang='lat' dir='ltr'><strong>reprimens,</strong></span> <span class='ocrx_word' id='word_1_36' title='bbox 777 747 841 786; x_wconf 91' lang='lat' dir='ltr'><strong>ac</strong></span> <span class='ocrx_word' id='word_1_37' title='bbox 897 732 1087 788; x_wconf 79' lang='lat' dir='ltr'><strong>falsam</strong></span> <span class='ocrx_word' id='word_1_38' title='bbox 1128 751 1250 792; x_wconf 88' lang='lat' dir='ltr'><strong>esse</strong></span> <span class='ocrx_word' id='word_1_39' title='bbox 1297 741 1680 806; x_wconf 71' lang='lat' dir='ltr'><strong>comprobatus,</strong></span> <span class='ocrx_word' id='word_1_40' title='bbox 1731 745 2003 800; x_wconf 85' lang='lat' dir='ltr'><strong>sterilibus</strong></span> 
     </span>
    </p>
   </div>
   <div class='ocr_carea' id='block_1_10' title="bbox 421 822 2000 901">
    <p class='ocr_par' dir='ltr' id='par_1_10' title="bbox 421 822 2000 901">
     <span class='ocr_line' id='line_1_10' title="bbox 421 822 2000 901; baseline 0.009 -27"><span class='ocrx_word' id='word_1_41' title='bbox 421 832 477 875; x_wconf 83' lang='lat' dir='ltr'><strong>et</strong></span> <span class='ocrx_word' id='word_1_42' title='bbox 512 823 578 874; x_wconf 91' lang='lat' dir='ltr'><strong>iis</strong></span> <span class='ocrx_word' id='word_1_43' title='bbox 606 822 721 891; x_wconf 67' lang='lat' dir='ltr'><strong>qui,</strong></span> <span class='ocrx_word' id='word_1_44' title='bbox 749 825 891 893; x_wconf 88' lang='lat' dir='ltr'><strong>quod</strong></span> <span class='ocrx_word' id='word_1_45' title='bbox 913 826 1116 881; x_wconf 83' lang='lat' dir='ltr'><strong>exsecti</strong></span> <span class='ocrx_word' id='word_1_46' title='bbox 1143 827 1362 893; x_wconf 78' lang='lat' dir='ltr'><strong>fuerint,</strong></span> <span class='ocrx_word' id='word_1_47' title='bbox 1403 829 1545 885; x_wconf 83' lang='lat' dir='ltr'><strong>ﬁlios</strong></span> <span class='ocrx_word' id='word_1_48' title='bbox 1575 847 1865 901; x_wconf 89' lang='lat' dir='ltr'><strong>procreare</strong></span> <span class='ocrx_word' id='word_1_49' title='bbox 1896 850 2000 888; x_wconf 89' lang='lat' dir='ltr'><strong>non</strong></span> 
     </span>
    </p>
   </div>
   <div class='ocr_carea' id='block_1_11' title="bbox 423 912 2003 989">
    <p class='ocr_par' dir='ltr' id='par_1_11' title="bbox 423 912 2003 989">
     <span class='ocr_line' id='line_1_11' title="bbox 423 912 2003 989; baseline 0.011 -25"><span class='ocrx_word' id='word_1_50' title='bbox 423 912 622 978; x_wconf 79' lang='lat' dir='ltr'><strong>valent,</strong></span> <span class='ocrx_word' id='word_1_51' title='bbox 685 931 870 983; x_wconf 86' lang='lat' dir='ltr'><strong>parem</strong></span> <span class='ocrx_word' id='word_1_52' title='bbox 927 920 1344 987; x_wconf 86' lang='lat' dir='ltr'><strong>promissionem</strong></span> <span class='ocrx_word' id='word_1_53' title='bbox 1410 922 1587 989; x_wconf 76' lang='lat' dir='ltr'><strong>aﬂert,</strong></span> <span class='ocrx_word' id='word_1_54' title='bbox 1630 939 1694 979; x_wconf 90' lang='lat' dir='ltr'><strong>ac</strong></span> <span class='ocrx_word' id='word_1_55' title='bbox 1741 926 2003 981; x_wconf 87' lang='lat' dir='ltr'><strong>eunuchis</strong></span> 
     </span>
    </p>
   </div>
   <div class='ocr_carea' id='block_1_12' title="bbox 419 1005 2004 1081">
    <p class='ocr_par' dir='ltr' id='par_1_12' title="bbox 419 1005 2004 1081">
     <span class='ocr_line' id='line_1_12' title="bbox 419 1005 2004 1081; baseline 0.008 -22"><span class='ocrx_word' id='word_1_56' title='bbox 419 1005 553 1060; x_wconf 87' lang='lat' dir='ltr'><strong>nihil</strong></span> <span class='ocrx_word' id='word_1_57' title='bbox 600 1008 988 1076; x_wconf 89' lang='lat' dir='ltr'><strong>impedimento</strong></span> <span class='ocrx_word' id='word_1_58' title='bbox 1021 1011 1137 1066; x_wconf 76' lang='lat' dir='ltr'><strong>fore</strong></span> <span class='ocrx_word' id='word_1_59' title='bbox 1191 1015 1288 1080; x_wconf 85' lang='lat' dir='ltr'><strong>ait,</strong></span> <span class='ocrx_word' id='word_1_60' title='bbox 1319 1015 1611 1081; x_wconf 85' lang='lat' dir='ltr'><strong>quominus</strong></span> <span class='ocrx_word' id='word_1_61' title='bbox 1665 1018 1803 1070; x_wconf 89' lang='lat' dir='ltr'><strong>bona</strong></span> <span class='ocrx_word' id='word_1_62' title='bbox 1832 1031 1862 1070; x_wconf 87' lang='lat' dir='ltr'><strong>a</strong></span> <span class='ocrx_word' id='word_1_63' title='bbox 1898 1017 2004 1072; x_wconf 91' lang='lat' dir='ltr'><strong>Deo</strong></span> 
     </span>
    </p>
   </div>
   <div class='ocr_carea' id='block_1_13' title="bbox 417 1105 2006 1178">
    <p class='ocr_par' dir='ltr' id='par_1_13' title="bbox 417 1105 2006 1178">
     <span class='ocr_line' id='line_1_13' title="bbox 417 1105 2006 1178; baseline 0.007 -25"><span class='ocrx_word' id='word_1_64' title='bbox 417 1105 843 1170; x_wconf 78' lang='lat' dir='ltr'><strong>consequantur,</strong></span> <span class='ocrx_word' id='word_1_65' title='bbox 898 1106 1024 1158; x_wconf 90' lang='lat' dir='ltr'><strong>dum</strong></span> <span class='ocrx_word' id='word_1_66' title='bbox 1053 1111 1351 1162; x_wconf 76' lang='lat' dir='ltr'><strong>secundum</strong></span> <span class='ocrx_word' id='word_1_67' title='bbox 1387 1111 1551 1164; x_wconf 90' lang='lat' dir='ltr'><strong>Deum</strong></span> <span class='ocrx_word' id='word_1_68' title='bbox 1582 1110 1762 1164; x_wconf 82' lang='lat' dir='ltr'><strong>vivere</strong></span> <span class='ocrx_word' id='word_1_69' title='bbox 1793 1110 1842 1163; x_wconf 91' lang='lat' dir='ltr'><strong>in</strong></span> <span class='ocrx_word' id='word_1_70' title='bbox 1880 1125 2006 1178; x_wconf 79' lang='lat' dir='ltr'><strong>pro-</strong></span> 
     </span>
    </p>
   </div>
   <div class='ocr_carea' id='block_1_14' title="bbox 419 1193 2002 1272">
    <p class='ocr_par' dir='ltr' id='par_1_14' title="bbox 419 1193 2002 1272">
     <span class='ocr_line' id='line_1_14' title="bbox 419 1193 2002 1272; baseline 0.007 -27"><span class='ocrx_word' id='word_1_71' title='bbox 419 1193 595 1258; x_wconf 86' lang='lat' dir='ltr'><strong>posito</strong></span> <span class='ocrx_word' id='word_1_72' title='bbox 624 1193 878 1250; x_wconf 87' lang='lat' dir='ltr'><strong>habeant.</strong></span> <span class='ocrx_word' id='word_1_73' title='bbox 909 1195 1039 1250; x_wconf 86' lang='lat' dir='ltr'><strong>Nam</strong></span> <span class='ocrx_word' id='word_1_74' title='bbox 1084 1200 1128 1253; x_wconf 92' lang='lat' dir='ltr'><strong>si</strong></span> <span class='ocrx_word' id='word_1_75' title='bbox 1165 1200 1345 1255; x_wconf 77' lang='lat' dir='ltr'><strong>multa:</strong></span> <span class='ocrx_word' id='word_1_76' title='bbox 1373 1203 1682 1258; x_wconf 83' lang='lat' dir='ltr'><strong>mansiones</strong></span> <span class='ocrx_word' id='word_1_77' title='bbox 1704 1211 1831 1257; x_wconf 84' lang='lat' dir='ltr'><strong>sunt</strong></span> <span class='ocrx_word' id='word_1_78' title='bbox 1862 1205 2002 1272; x_wconf 87' lang='lat' dir='ltr'><strong>apud</strong></span> 
     </span>
    </p>
   </div>
   <div class='ocr_carea' id='block_1_15' title="bbox 419 1282 2003 1358">
    <p class='ocr_par' dir='ltr' id='par_1_15' title="bbox 419 1282 2003 1358">
     <span class='ocr_line' id='line_1_15' title="bbox 419 1282 2003 1358; baseline 0.01 -24"><span class='ocrx_word' id='word_1_79' title='bbox 419 1282 660 1350; x_wconf 79' lang='lat' dir='ltr'><strong>Patrem,</strong></span> <span class='ocrx_word' id='word_1_80' title='bbox 706 1296 760 1341; x_wconf 91' lang='lat' dir='ltr'><strong>et</strong></span> <span class='ocrx_word' id='word_1_81' title='bbox 804 1289 852 1342; x_wconf 86' lang='lat' dir='ltr'><strong>si</strong></span> <span class='ocrx_word' id='word_1_82' title='bbox 887 1301 970 1343; x_wconf 87' lang='lat' dir='ltr'><strong>est</strong></span> <span class='ocrx_word' id='word_1_83' title='bbox 1016 1291 1208 1345; x_wconf 73' lang='lat' dir='ltr'><strong>civitas</strong></span> <span class='ocrx_word' id='word_1_84' title='bbox 1246 1293 1340 1347; x_wconf 85' lang='lat' dir='ltr'><strong>Dei</strong></span> <span class='ocrx_word' id='word_1_85' title='bbox 1394 1293 1690 1350; x_wconf 83' lang='lat' dir='ltr'><strong>Jerusalem</strong></span> <span class='ocrx_word' id='word_1_86' title='bbox 1744 1296 2003 1358; x_wconf 64' lang='lat' dir='ltr'><strong>celestis,</strong></span> 
     </span>
    </p>
   </div>
   <div class='ocr_carea' id='block_1_16' title="bbox 420 1375 2006 1443">
    <p class='ocr_par' dir='ltr' id='par_1_16' title="bbox 420 1375 2006 1443">
     <span class='ocr_line' id='line_1_16' title="bbox 420 1375 2006 1443; baseline 0.01 -16"><span class='ocrx_word' id='word_1_87' title='bbox 420 1375 1110 1435; x_wconf 75' lang='lat' dir='ltr'><strong>kcusillisintradumum</strong></span> <span class='ocrx_word' id='word_1_88' title='bbox 1145 1384 1240 1438; x_wconf 86' lang='lat' dir='ltr'><strong>Dei</strong></span> <span class='ocrx_word' id='word_1_89' title='bbox 1282 1385 1335 1438; x_wconf 92' lang='lat' dir='ltr'><strong>in</strong></span> <span class='ocrx_word' id='word_1_90' title='bbox 1361 1385 1544 1441; x_wconf 87' lang='lat' dir='ltr'><strong>multis</strong></span> <span class='ocrx_word' id='word_1_91' title='bbox 1583 1387 1688 1442; x_wconf 82' lang='lat' dir='ltr'><strong>illis</strong></span> <span class='ocrx_word' id='word_1_92' title='bbox 1714 1390 2006 1443; x_wconf 84' lang='lat' dir='ltr'><strong>mansioni-</strong></span> 
     </span>
    </p>
   </div>
   <div class='ocr_carea' id='block_1_17' title="bbox 421 1469 2005 1549">
    <p class='ocr_par' dir='ltr' id='par_1_17' title="bbox 421 1469 2005 1549">
     <span class='ocr_line' id='line_1_17' title="bbox 421 1469 2005 1549; baseline 0.006 -26"><span class='ocrx_word' id='word_1_93' title='bbox 421 1472 543 1532; x_wconf 76' lang='lat' dir='ltr'><strong>bus,</strong></span> <span class='ocrx_word' id='word_1_94' title='bbox 576 1483 640 1524; x_wconf 84' lang='lat' dir='ltr'><strong>ae</strong></span> <span class='ocrx_word' id='word_1_95' title='bbox 675 1469 840 1524; x_wconf 89' lang='lat' dir='ltr'><strong>etiam</strong></span> <span class='ocrx_word' id='word_1_96' title='bbox 893 1472 1028 1542; x_wconf 72' lang='lat' dir='ltr'><strong>ipsis</strong></span> <span class='ocrx_word' id='word_1_97' title='bbox 1069 1477 1377 1532; x_wconf 78' lang='lat' dir='ltr'><strong>mansiones</strong></span> <span class='ocrx_word' id='word_1_98' title='bbox 1429 1478 1724 1544; x_wconf 87' lang='lat' dir='ltr'><strong>dabuntur,</strong></span> <span class='ocrx_word' id='word_1_99' title='bbox 1771 1490 1825 1534; x_wconf 86' lang='lat' dir='ltr'><strong>et</strong></span> <span class='ocrx_word' id='word_1_100' title='bbox 1882 1495 2005 1549; x_wconf 87' lang='lat' dir='ltr'><strong>por-</strong></span> 
     </span>
    </p>
   </div>
   <div class='ocr_carea' id='block_1_18' title="bbox 421 1562 2002 1627">
    <p class='ocr_par' dir='ltr' id='par_1_18' title="bbox 421 1562 2002 1627">
     <span class='ocr_line' id='line_1_18' title="bbox 421 1562 2002 1627; baseline 0.008 -14"><span class='ocrx_word' id='word_1_101' title='bbox 421 1562 619 1616; x_wconf 69' lang='lat' dir='ltr'><strong>tionem</strong></span> <span class='ocrx_word' id='word_1_102' title='bbox 638 1563 918 1617; x_wconf 89' lang='lat' dir='ltr'><strong>habebunt</strong></span> <span class='ocrx_word' id='word_1_103' title='bbox 946 1565 1088 1620; x_wconf 90' lang='lat' dir='ltr'><strong>intra</strong></span> <span class='ocrx_word' id='word_1_104' title='bbox 1121 1583 1333 1623; x_wconf 88' lang='lat' dir='ltr'><strong>murutn</strong></span> <span class='ocrx_word' id='word_1_105' title='bbox 1359 1571 1599 1626; x_wconf 74' lang='lat' dir='ltr'><strong>cmlestis</strong></span> <span class='ocrx_word' id='word_1_106' title='bbox 1625 1573 1716 1626; x_wconf 90' lang='lat' dir='ltr'><strong>Dei</strong></span> <span class='ocrx_word' id='word_1_107' title='bbox 1749 1572 2002 1627; x_wconf 79' lang='lat' dir='ltr'><strong>civitatis.</strong></span> 
     </span>
    </p>
   </div>
   <div class='ocr_carea' id='block_1_19' title="bbox 488 1651 2006 1731">
    <p class='ocr_par' dir='ltr' id='par_1_19' title="bbox 488 1651 2006 1731">
     <span class='ocr_line' id='line_1_19' title="bbox 488 1651 2006 1731; baseline 0.007 -23"><span class='ocrx_word' id='word_1_108' title='bbox 488 1651 656 1709; x_wconf 74' lang='lat' dir='ltr'><strong>Vsus.</strong></span> <span class='ocrx_word' id='word_1_109' title='bbox 674 1656 725 1722; x_wconf 88' lang='lat'><strong>6,</strong></span> <span class='ocrx_word' id='word_1_110' title='bbox 745 1656 799 1711; x_wconf 89' lang='lat'><strong>7.</strong></span> <span class='ocrx_word' id='word_1_111' title='bbox 822 1675 844 1708; x_wconf 64' lang='grc' dir='ltr'><strong>ις</strong></span> <span class='ocrx_word' id='word_1_112' title='bbox 867 1655 929 1710; x_wconf 88' lang='grc' dir='ltr'><strong>Ει</strong></span> <span class='ocrx_word' id='word_1_113' title='bbox 947 1659 1290 1728; x_wconf 89' lang='lat' dir='ltr'><strong>alienigenis,</strong></span> <span class='ocrx_word' id='word_1_114' title='bbox 1309 1663 1398 1731; x_wconf 90' lang='lat' dir='ltr'><strong>qui</strong></span> <span class='ocrx_word' id='word_1_115' title='bbox 1417 1663 1617 1718; x_wconf 86' lang='lat' dir='ltr'><strong>addicti</strong></span> <span class='ocrx_word' id='word_1_116' title='bbox 1632 1673 1760 1718; x_wconf 90' lang='lat' dir='ltr'><strong>sunt</strong></span> <span class='ocrx_word' id='word_1_117' title='bbox 1779 1665 2006 1718; x_wconf 90' lang='lat' dir='ltr'><strong>Domino</strong></span> 
     </span>
    </p>
   </div>
   <div class='ocr_carea' id='block_1_20' title="bbox 420 1748 2004 1830">
    <p class='ocr_par' dir='ltr' id='par_1_20' title="bbox 420 1748 2004 1830">
     <span class='ocr_line' id='line_1_20' title="bbox 420 1748 2004 1830; baseline 0.009 -34"><span class='ocrx_word' id='word_1_118' title='bbox 420 1758 476 1799; x_wconf 89' lang='lat' dir='ltr'><strong>ut</strong></span> <span class='ocrx_word' id='word_1_119' title='bbox 507 1748 744 1802; x_wconf 86' lang='lat' dir='ltr'><strong>serviant</strong></span> <span class='ocrx_word' id='word_1_120' title='bbox 776 1749 847 1814; x_wconf 88' lang='lat' dir='ltr'><strong>ei,</strong></span> <span class='ocrx_word' id='word_1_121' title='bbox 870 1759 924 1804; x_wconf 89' lang='lat' dir='ltr'><strong>et</strong></span> <span class='ocrx_word' id='word_1_122' title='bbox 954 1751 1176 1830; x_wconf 72' lang='lat' dir='ltr'><strong>diligant</strong></span> <span class='ocrx_word' id='word_1_123' title='bbox 1209 1769 1403 1808; x_wconf 74' lang='lat' dir='ltr'><strong>nomen</strong></span> <span class='ocrx_word' id='word_1_124' title='bbox 1435 1755 1667 1821; x_wconf 87' lang='lat' dir='ltr'><strong>Domini,</strong></span> <span class='ocrx_word' id='word_1_125' title='bbox 1705 1765 1761 1809; x_wconf 94' lang='lat' dir='ltr'><strong>ut</strong></span> <span class='ocrx_word' id='word_1_126' title='bbox 1797 1757 1904 1810; x_wconf 90' lang='lat' dir='ltr'><strong>sint</strong></span> <span class='ocrx_word' id='word_1_127' title='bbox 1956 1755 2004 1810; x_wconf 90' lang='lat' dir='ltr'><strong>ei</strong></span> 
     </span>
    </p>
   </div>
   <div class='ocr_carea' id='block_1_21' title="bbox 2105 562 3682 640">
    <p class='ocr_par' dir='ltr' id='par_1_21' title="bbox 2105 562 3682 640">
     <span class='ocr_line' id='line_1_21' title="bbox 2105 562 3682 640; baseline 0.006 -25"><span class='ocrx_word' id='word_1_128' title='bbox 2105 562 2296 633; x_wconf 85' lang='grc' dir='ltr'>μισθόν</span> <span class='ocrx_word' id='word_1_129' title='bbox 2344 581 2407 617; x_wconf 88' lang='grc' dir='ltr'><strong>τε</strong></span> <span class='ocrx_word' id='word_1_130' title='bbox 2437 565 2532 618; x_wconf 71' lang='grc' dir='ltr'>καὶ</span> <span class='ocrx_word' id='word_1_131' title='bbox 2563 567 2775 637; x_wconf 81' lang='grc' dir='ltr'>καρπὸν</span> <span class='ocrx_word' id='word_1_132' title='bbox 2817 568 3126 632; x_wconf 87' lang='grc' dir='ltr'>θεοσεϐείας</span> <span class='ocrx_word' id='word_1_133' title='bbox 3167 571 3266 640; x_wconf 84' lang='grc' dir='ltr'><strong>τὴν</strong></span> <span class='ocrx_word' id='word_1_134' title='bbox 3325 570 3682 626; x_wconf 86' lang='grc' dir='ltr'>πολυτεκνίαν</span> 
     </span>
    </p>
   </div>
   <div class='ocr_carea' id='block_1_22' title="bbox 2103 655 3683 737">
    <p class='ocr_par' dir='ltr' id='par_1_22' title="bbox 2103 655 3683 737">
     <span class='ocr_line' id='line_1_22' title="bbox 2103 655 3683 737; baseline 0.008 -31"><span class='ocrx_word' id='word_1_135' title='bbox 2103 655 2599 726; x_wconf 73' lang='grc' dir='ltr'>ὑπολαμϐάνοντες,</span> <span class='ocrx_word' id='word_1_136' title='bbox 2637 660 2977 713; x_wconf 83' lang='grc' dir='ltr'><strong>ἀναστέλλων</strong></span> <span class='ocrx_word' id='word_1_137' title='bbox 3006 661 3184 715; x_wconf 70' lang='grc' dir='ltr'>αὐτῶν</span> <span class='ocrx_word' id='word_1_138' title='bbox 3220 663 3314 716; x_wconf 74' lang='grc' dir='ltr'>καὶ</span> <span class='ocrx_word' id='word_1_139' title='bbox 3341 664 3544 733; x_wconf 84' lang='grc' dir='ltr'>ταύτην</span> <span class='ocrx_word' id='word_1_140' title='bbox 3583 666 3683 737; x_wconf 84' lang='grc' dir='ltr'>τὴν</span> 
     </span>
    </p>
   </div>
   <div class='ocr_carea' id='block_1_23' title="bbox 2101 746 3683 825">
    <p class='ocr_par' dir='ltr' id='par_1_23' title="bbox 2101 746 3683 825">
     <span class='ocr_line' id='line_1_23' title="bbox 2101 746 3683 825; baseline 0.009 -27"><span class='ocrx_word' id='word_1_141' title='bbox 2101 746 2279 814; x_wconf 78' lang='grc' dir='ltr'>δόξαν,</span> <span class='ocrx_word' id='word_1_142' title='bbox 2313 749 2657 824; x_wconf 76' lang='grc' dir='ltr'>ἐσφαλμένην</span> <span class='ocrx_word' id='word_1_143' title='bbox 2690 770 2750 805; x_wconf 91' lang='grc' dir='ltr'><strong>τε</strong></span> <span class='ocrx_word' id='word_1_144' title='bbox 2792 749 2958 806; x_wconf 82' lang='grc' dir='ltr'>οὖσαν</span> <span class='ocrx_word' id='word_1_145' title='bbox 3008 753 3266 825; x_wconf 77' lang='grc' dir='ltr'><strong>ἐλέγχων,</strong></span> <span class='ocrx_word' id='word_1_146' title='bbox 3309 759 3420 820; x_wconf 81' lang='grc' dir='ltr'>τοῖς</span> <span class='ocrx_word' id='word_1_147' title='bbox 3466 754 3683 825; x_wconf 78' lang='grc' dir='ltr'>ἀγόνοις</span> 
     </span>
    </p>
   </div>
   <div class='ocr_carea' id='block_1_24' title="bbox 2103 840 3680 919">
    <p class='ocr_par' dir='ltr' id='par_1_24' title="bbox 2103 840 3680 919">
     <span class='ocr_line' id='line_1_24' title="bbox 2103 840 3680 919; baseline 0.006 -27"><span class='ocrx_word' id='word_1_148' title='bbox 2103 840 2305 913; x_wconf 78' lang='grc' dir='ltr'>καὶμὴ</span> <span class='ocrx_word' id='word_1_149' title='bbox 2350 841 2594 907; x_wconf 77' lang='grc' dir='ltr'>δυνατοῖς</span> <span class='ocrx_word' id='word_1_150' title='bbox 2648 843 3002 910; x_wconf 82' lang='grc' dir='ltr'>παιδοποιεῖν,</span> <span class='ocrx_word' id='word_1_151' title='bbox 3036 845 3126 898; x_wconf 77' lang='grc' dir='ltr'>διὰ</span> <span class='ocrx_word' id='word_1_152' title='bbox 3177 847 3237 899; x_wconf 75' lang='grc' dir='ltr'>τὸ</span> <span class='ocrx_word' id='word_1_153' title='bbox 3289 847 3680 919; x_wconf 83' lang='grc' dir='ltr'>ἐκτετμῆσθαι,</span> 
     </span>
    </p>
   </div>
   <div class='ocr_carea' id='block_1_25' title="bbox 2102 931 3682 1010">
    <p class='ocr_par' dir='ltr' id='par_1_25' title="bbox 2102 931 3682 1010">
     <span class='ocr_line' id='line_1_25' title="bbox 2102 931 3682 1010; baseline 0.008 -28"><span class='ocrx_word' id='word_1_154' title='bbox 2102 931 2202 1001; x_wconf 82' lang='grc' dir='ltr'>τὴν</span> <span class='ocrx_word' id='word_1_155' title='bbox 2235 931 2357 1001; x_wconf 80' lang='grc' dir='ltr'>ἴσην</span> <span class='ocrx_word' id='word_1_156' title='bbox 2420 934 2758 1004; x_wconf 87' lang='grc' dir='ltr'>ὑπισχνεῖται</span> <span class='ocrx_word' id='word_1_157' title='bbox 2817 936 3167 1005; x_wconf 78' lang='grc' dir='ltr'>ἐπαγγελίαν,</span> <span class='ocrx_word' id='word_1_158' title='bbox 3222 939 3386 1008; x_wconf 85' lang='grc' dir='ltr'>μηδὲν</span> <span class='ocrx_word' id='word_1_159' title='bbox 3431 939 3682 1010; x_wconf 76' lang='grc' dir='ltr'>ἐμποδὼν</span> 
     </span>
    </p>
   </div>
   <div class='ocr_carea' id='block_1_26' title="bbox 2105 1023 3682 1104">
    <p class='ocr_par' dir='ltr' id='par_1_26' title="bbox 2105 1023 3682 1104">
     <span class='ocr_line' id='line_1_26' title="bbox 2105 1023 3682 1104; baseline 0.009 -28"><span class='ocrx_word' id='word_1_160' title='bbox 2105 1023 2324 1078; x_wconf 76' lang='grc' dir='ltr'>ἔσεσθαι</span> <span class='ocrx_word' id='word_1_161' title='bbox 2342 1029 2455 1090; x_wconf 87' lang='grc' dir='ltr'>τοῖς</span> <span class='ocrx_word' id='word_1_162' title='bbox 2490 1028 2765 1099; x_wconf 83' lang='grc' dir='ltr'>εὐνούχοις</span> <span class='ocrx_word' id='word_1_163' title='bbox 2789 1030 3015 1098; x_wconf 77' lang='grc' dir='ltr'>φάσκων</span> <span class='ocrx_word' id='word_1_164' title='bbox 3065 1031 3202 1102; x_wconf 81' lang='grc' dir='ltr'>πρὸς</span> <span class='ocrx_word' id='word_1_165' title='bbox 3228 1031 3289 1084; x_wconf 84' lang='grc' dir='ltr'><strong>τὸ</strong></span> <span class='ocrx_word' id='word_1_166' title='bbox 3349 1035 3528 1104; x_wconf 83' lang='grc' dir='ltr'>τυχεῖν</span> <span class='ocrx_word' id='word_1_167' title='bbox 3572 1033 3682 1090; x_wconf 82' lang='grc' dir='ltr'><strong>τῶν</strong></span> 
     </span>
    </p>
   </div>
   <div class='ocr_carea' id='block_1_27' title="bbox 2108 1117 3680 1194">
    <p class='ocr_par' dir='ltr' id='par_1_27' title="bbox 2108 1117 3680 1194">
     <span class='ocr_line' id='line_1_27' title="bbox 2108 1117 3680 1194; baseline 0.006 -25"><span class='ocrx_word' id='word_1_168' title='bbox 2108 1117 2257 1188; x_wconf 80' lang='grc' dir='ltr'>παρὰ</span> <span class='ocrx_word' id='word_1_169' title='bbox 2279 1117 2414 1171; x_wconf 89' lang='grc' dir='ltr'>Θεοῦ</span> <span class='ocrx_word' id='word_1_170' title='bbox 2441 1119 2680 1188; x_wconf 84' lang='grc' dir='ltr'>ἀγαθῶν,</span> <span class='ocrx_word' id='word_1_171' title='bbox 2716 1121 2764 1173; x_wconf 87' lang='grc' dir='ltr'><strong>εί</strong></span> <span class='ocrx_word' id='word_1_172' title='bbox 2799 1119 2897 1192; x_wconf 80' lang='grc' dir='ltr'><strong>ζῇν</strong></span> <span class='ocrx_word' id='word_1_173' title='bbox 2925 1120 3068 1175; x_wconf 88' lang='grc' dir='ltr'><strong>κατά</strong></span> <span class='ocrx_word' id='word_1_174' title='bbox 3094 1121 3226 1176; x_wconf 81' lang='grc' dir='ltr'>Θεὸν</span> <span class='ocrx_word' id='word_1_175' title='bbox 3255 1123 3580 1194; x_wconf 82' lang='grc' dir='ltr'>προέλοιντο.</span> <span class='ocrx_word' id='word_1_176' title='bbox 3615 1124 3680 1178; x_wconf 68' lang='grc' dir='ltr'><strong><em>Η</em></strong></span> 
     </span>
    </p>
   </div>
   <div class='ocr_carea' id='block_1_28' title="bbox 2111 1210 3682 1288">
    <p class='ocr_par' dir='ltr' id='par_1_28' title="bbox 2111 1210 3682 1288">
     <span class='ocr_line' id='line_1_28' title="bbox 2111 1210 3682 1288; baseline 0.006 -26"><span class='ocrx_word' id='word_1_177' title='bbox 2111 1210 2220 1282; x_wconf 81' lang='grc' dir='ltr'>γὰρ</span> <span class='ocrx_word' id='word_1_178' title='bbox 2276 1211 2466 1265; x_wconf 76' lang='grc' dir='ltr'>πολλαὶ</span> <span class='ocrx_word' id='word_1_179' title='bbox 2522 1215 2677 1282; x_wconf 78' lang='grc' dir='ltr'>μοναὶ</span> <span class='ocrx_word' id='word_1_180' title='bbox 2719 1215 2866 1287; x_wconf 85' lang='grc' dir='ltr'>παρὰ</span> <span class='ocrx_word' id='word_1_181' title='bbox 2899 1215 2977 1286; x_wconf 84' lang='grc' dir='ltr'><strong>τῷ</strong></span> <span class='ocrx_word' id='word_1_182' title='bbox 3008 1217 3204 1288; x_wconf 74' lang='grc' dir='ltr'>Πατρὶ,</span> <span class='ocrx_word' id='word_1_183' title='bbox 3237 1216 3332 1270; x_wconf 75' lang='grc' dir='ltr'><strong>καὶ</strong></span> <span class='ocrx_word' id='word_1_184' title='bbox 3375 1216 3488 1270; x_wconf 79' lang='grc' dir='ltr'>ἔστι</span> <span class='ocrx_word' id='word_1_185' title='bbox 3527 1217 3682 1281; x_wconf 83' lang='grc' dir='ltr'>πόλις</span> 
     </span>
    </p>
   </div>
   <div class='ocr_carea' id='block_1_29' title="bbox 2106 1301 3684 1377">
    <p class='ocr_par' dir='ltr' id='par_1_29' title="bbox 2106 1301 3684 1377">
     <span class='ocr_line' id='line_1_29' title="bbox 2106 1301 3684 1377; baseline 0.006 -25"><span class='ocrx_word' id='word_1_186' title='bbox 2106 1301 2240 1353; x_wconf 81' lang='grc' dir='ltr'>Θεοῦ</span> <span class='ocrx_word' id='word_1_187' title='bbox 2295 1303 2712 1377; x_wconf 79' lang='grc' dir='ltr'>Ἱερουσαλὴμὴ</span> <span class='ocrx_word' id='word_1_188' title='bbox 2771 1307 3110 1377; x_wconf 85' lang='grc' dir='ltr'>ἐπουράνιος,</span> <span class='ocrx_word' id='word_1_189' title='bbox 3143 1308 3236 1360; x_wconf 75' lang='grc' dir='ltr'><strong>καὶ</strong></span> <span class='ocrx_word' id='word_1_190' title='bbox 3296 1308 3456 1371; x_wconf 84' lang='grc' dir='ltr'>τόπος</span> <span class='ocrx_word' id='word_1_191' title='bbox 3501 1309 3684 1372; x_wconf 82' lang='grc' dir='ltr'>αὐτοῖς</span> 
     </span>
    </p>
   </div>
   <div class='ocr_carea' id='block_1_30' title="bbox 2107 1392 3686 1470">
    <p class='ocr_par' dir='ltr' id='par_1_30' title="bbox 2107 1392 3686 1470">
     <span class='ocr_line' id='line_1_30' title="bbox 2107 1392 3686 1470; baseline 0.007 -27"><span class='ocrx_word' id='word_1_192' title='bbox 2107 1392 2237 1446; x_wconf 80' lang='grc' dir='ltr'>εἴσω</span> <span class='ocrx_word' id='word_1_193' title='bbox 2269 1394 2364 1447; x_wconf 84' lang='grc' dir='ltr'><strong>τοῦ</strong></span> <span class='ocrx_word' id='word_1_194' title='bbox 2397 1397 2547 1448; x_wconf 77' lang='grc' dir='ltr'>οἴκου</span> <span class='ocrx_word' id='word_1_195' title='bbox 2573 1396 2666 1449; x_wconf 88' lang='grc' dir='ltr'><strong>τοῦ</strong></span> <span class='ocrx_word' id='word_1_196' title='bbox 2700 1397 2834 1450; x_wconf 79' lang='grc' dir='ltr'>Θεοῦ</span> <span class='ocrx_word' id='word_1_197' title='bbox 2863 1401 2920 1452; x_wconf 84' lang='grc' dir='ltr'>ὲν</span> <span class='ocrx_word' id='word_1_198' title='bbox 2951 1402 3073 1462; x_wconf 84' lang='grc' dir='ltr'>ταῖς</span> <span class='ocrx_word' id='word_1_199' title='bbox 3099 1398 3320 1462; x_wconf 90' lang='grc' dir='ltr'>πολλαῖς</span> <span class='ocrx_word' id='word_1_200' title='bbox 3353 1403 3557 1470; x_wconf 87' lang='grc' dir='ltr'>μοναῖς,</span> <span class='ocrx_word' id='word_1_201' title='bbox 3591 1400 3686 1457; x_wconf 73' lang='grc' dir='ltr'>καὶ</span> 
     </span>
    </p>
   </div>
   <div class='ocr_carea' id='block_1_31' title="bbox 2110 1483 3686 1562">
    <p class='ocr_par' dir='ltr' id='par_1_31' title="bbox 2110 1483 3686 1562">
     <span class='ocr_line' id='line_1_31' title="bbox 2110 1483 3686 1562; baseline 0.006 -26"><span class='ocrx_word' id='word_1_202' title='bbox 2110 1486 2264 1554; x_wconf 86' lang='grc' dir='ltr'>μοναὶ</span> <span class='ocrx_word' id='word_1_203' title='bbox 2298 1483 2633 1556; x_wconf 79' lang='grc' dir='ltr'>δοθήσονται,</span> <span class='ocrx_word' id='word_1_204' title='bbox 2660 1489 2754 1541; x_wconf 77' lang='grc' dir='ltr'>καὶ</span> <span class='ocrx_word' id='word_1_205' title='bbox 2787 1490 2944 1559; x_wconf 75' lang='grc' dir='ltr'>μερὶς</span> <span class='ocrx_word' id='word_1_206' title='bbox 2971 1490 3028 1544; x_wconf 88' lang='grc' dir='ltr'><strong>ἐν</strong></span> <span class='ocrx_word' id='word_1_207' title='bbox 3065 1490 3142 1562; x_wconf 84' lang='grc' dir='ltr'>τῷ</span> <span class='ocrx_word' id='word_1_208' title='bbox 3170 1491 3338 1562; x_wconf 85' lang='grc' dir='ltr'>τείχει</span> <span class='ocrx_word' id='word_1_209' title='bbox 3391 1491 3490 1561; x_wconf 80' lang='grc' dir='ltr'>τῆς</span> <span class='ocrx_word' id='word_1_210' title='bbox 3525 1494 3686 1545; x_wconf 86' lang='grc' dir='ltr'>ἐπου-</span> 
     </span>
    </p>
   </div>
   <div class='ocr_carea' id='block_1_32' title="bbox 2115 1576 2823 1645">
    <p class='ocr_par' dir='ltr' id='par_1_32' title="bbox 2115 1576 2823 1645">
     <span class='ocr_line' id='line_1_32' title="bbox 2115 1576 2823 1645; baseline 0.008 -19"><span class='ocrx_word' id='word_1_211' title='bbox 2115 1576 2296 1645; x_wconf 81' lang='grc' dir='ltr'>ρανίου</span> <span class='ocrx_word' id='word_1_212' title='bbox 2329 1576 2424 1630; x_wconf 89' lang='grc' dir='ltr'><strong>τοῦ</strong></span> <span class='ocrx_word' id='word_1_213' title='bbox 2445 1577 2578 1632; x_wconf 88' lang='grc' dir='ltr'>Θεοῦ</span> <span class='ocrx_word' id='word_1_214' title='bbox 2599 1578 2823 1642; x_wconf 88' lang='grc' dir='ltr'>πόλεως.</span> 
     </span>
    </p>
   </div>
   <div class='ocr_carea' id='block_1_33' title="bbox 2173 1671 3691 1748">
    <p class='ocr_par' dir='ltr' id='par_1_33' title="bbox 2173 1671 3691 1748">
     <span class='ocr_line' id='line_1_33' title="bbox 2173 1671 3691 1748; baseline 0.006 -28"><span class='ocrx_word' id='word_1_215' title='bbox 2173 1689 2190 1718; x_wconf 81' lang='grc' dir='ltr'>ι</span> <span class='ocrx_word' id='word_1_216' title='bbox 2228 1671 2338 1722; x_wconf 78' lang='grc' dir='ltr'><strong>Καὶ</strong></span> <span class='ocrx_word' id='word_1_217' title='bbox 2389 1673 2501 1733; x_wconf 89' lang='grc' dir='ltr'>τοῖς</span> <span class='ocrx_word' id='word_1_218' title='bbox 2558 1671 2865 1741; x_wconf 87' lang='grc' dir='ltr'>ἀλλογενέσι</span> <span class='ocrx_word' id='word_1_219' title='bbox 2905 1676 3016 1737; x_wconf 80' lang='grc' dir='ltr'>τοῖς</span> <span class='ocrx_word' id='word_1_220' title='bbox 3061 1675 3440 1746; x_wconf 86' lang='grc' dir='ltr'>προκειμένοις</span> <span class='ocrx_word' id='word_1_221' title='bbox 3495 1677 3691 1748; x_wconf 69' lang='grc' dir='ltr'>Κυρίῳ</span> 
     </span>
    </p>
   </div>
   <div class='ocr_carea' id='block_1_34' title="bbox 2111 1763 3689 1842">
    <p class='ocr_par' dir='ltr' id='par_1_34' title="bbox 2111 1763 3689 1842">
     <span class='ocr_line' id='line_1_34' title="bbox 2111 1763 3689 1842; baseline 0.005 -27"><span class='ocrx_word' id='word_1_222' title='bbox 2111 1763 2380 1817; x_wconf 81' lang='grc' dir='ltr'>δουλεύειν</span> <span class='ocrx_word' id='word_1_223' title='bbox 2408 1765 2575 1835; x_wconf 82' lang='grc' dir='ltr'>αὐτῷ,</span> <span class='ocrx_word' id='word_1_224' title='bbox 2601 1767 2694 1820; x_wconf 77' lang='grc' dir='ltr'>καὶ</span> <span class='ocrx_word' id='word_1_225' title='bbox 2729 1767 2946 1838; x_wconf 81' lang='grc' dir='ltr'>ἀγαπᾷν</span> <span class='ocrx_word' id='word_1_226' title='bbox 2989 1768 3051 1821; x_wconf 85' lang='grc' dir='ltr'><strong>τὸ</strong></span> <span class='ocrx_word' id='word_1_227' title='bbox 3105 1769 3276 1839; x_wconf 78' lang='grc' dir='ltr'>ὄνομα</span> <span class='ocrx_word' id='word_1_228' title='bbox 3312 1769 3538 1842; x_wconf 88' lang='grc' dir='ltr'>Κυρίου,</span> <span class='ocrx_word' id='word_1_229' title='bbox 3590 1768 3689 1823; x_wconf 80' lang='grc' dir='ltr'><strong>τοῦ</strong></span> 
     </span>
    </p>
   </div>
   <div class='ocr_carea' id='block_1_35' title="bbox 421 1843 2013 1928">
    <p class='ocr_par' dir='ltr' id='par_1_35' title="bbox 421 1843 2006 1916">
     <span class='ocr_line' id='line_1_35' title="bbox 421 1843 2006 1916; baseline 0.006 -25"><span class='ocrx_word' id='word_1_230' title='bbox 421 1843 472 1893; x_wconf 87' lang='lat' dir='ltr'><strong>‘m</strong></span> <span class='ocrx_word' id='word_1_231' title='bbox 509 1854 696 1895; x_wconf 88' lang='lat' dir='ltr'><strong>servos</strong></span> <span class='ocrx_word' id='word_1_232' title='bbox 739 1851 795 1896; x_wconf 91' lang='lat' dir='ltr'><strong>et</strong></span> <span class='ocrx_word' id='word_1_233' title='bbox 843 1843 1075 1897; x_wconf 85' lang='lat' dir='ltr'><strong>ancillas</strong></span> <span class='ocrx_word' id='word_1_234' title='bbox 1102 1861 1115 1896; x_wconf 89' lang='lat'><strong>:</strong></span> <span class='ocrx_word' id='word_1_235' title='bbox 1141 1855 1195 1898; x_wconf 91' lang='lat' dir='ltr'><strong>et</strong></span> <span class='ocrx_word' id='word_1_236' title='bbox 1221 1846 1474 1900; x_wconf 89' lang='lat' dir='ltr'><strong>omnibus</strong></span> <span class='ocrx_word' id='word_1_237' title='bbox 1501 1849 1592 1916; x_wconf 93' lang='lat' dir='ltr'><strong>qui</strong></span> <span class='ocrx_word' id='word_1_238' title='bbox 1621 1853 1841 1901; x_wconf 80' lang='lat' dir='ltr'><strong>servant</strong></span> <span class='ocrx_word' id='word_1_239' title='bbox 1870 1847 2006 1901; x_wconf 83' lang='lat' dir='ltr'><strong>Sab-</strong></span> 
     </span>
    </p>
   </div>
   <div class='ocr_carea' id='block_1_36' title="bbox 2116 1843 3692 1928">
    <p class='ocr_par' dir='ltr' id='par_1_36' title="bbox 2116 1851 3692 1928">
     <span class='ocr_line' id='line_1_36' title="bbox 2116 1851 3692 1928; baseline 0.005 -21"><span class='ocrx_word' id='word_1_240' title='bbox 2116 1851 2246 1907; x_wconf 75' lang='grc' dir='ltr'>εἶναι</span> <span class='ocrx_word' id='word_1_241' title='bbox 2285 1855 2430 1928; x_wconf 82' lang='grc' dir='ltr'>αὑτῷ</span> <span class='ocrx_word' id='word_1_242' title='bbox 2465 1858 2546 1919; x_wconf 86' lang='grc' dir='ltr'><strong>είς</strong></span> <span class='ocrx_word' id='word_1_243' title='bbox 2581 1857 2798 1920; x_wconf 82' lang='grc' dir='ltr'>δούλους</span> <span class='ocrx_word' id='word_1_244' title='bbox 2819 1859 2912 1910; x_wconf 76' lang='grc' dir='ltr'><strong>καὶ</strong></span> <span class='ocrx_word' id='word_1_245' title='bbox 2940 1857 3131 1922; x_wconf 89' lang='grc' dir='ltr'>δούλας</span> <span class='ocrx_word' id='word_1_246' title='bbox 3150 1877 3164 1890; x_wconf 86' lang='grc'><strong>·</strong></span> <span class='ocrx_word' id='word_1_247' title='bbox 3201 1860 3296 1913; x_wconf 74' lang='grc' dir='ltr'>καὶ</span> <span class='ocrx_word' id='word_1_248' title='bbox 3328 1860 3534 1924; x_wconf 83' lang='grc' dir='ltr'>πάντας</span> <span class='ocrx_word' id='word_1_249' title='bbox 3563 1863 3692 1924; x_wconf 81' lang='grc' dir='ltr'>τοῦς</span> 
     </span>
    </p>
   </div>
   <div class='ocr_carea' id='block_1_37' title="bbox 421 1933 2008 2006">
    <p class='ocr_par' dir='ltr' id='par_1_37' title="bbox 421 1933 2008 2006">
     <span class='ocr_line' id='line_1_37' title="bbox 421 1933 2008 2006; baseline 0.003 -21"><span class='ocrx_word' id='word_1_250' title='bbox 421 1933 543 1988; x_wconf 80' lang='lat' dir='ltr'><strong>bata</strong></span> <span class='ocrx_word' id='word_1_251' title='bbox 587 1949 728 2000; x_wconf 92' lang='lat' dir='ltr'><strong>mea,</strong></span> <span class='ocrx_word' id='word_1_252' title='bbox 769 1949 838 1989; x_wconf 83' lang='lat' dir='ltr'><strong>ne</strong></span> <span class='ocrx_word' id='word_1_253' title='bbox 868 1934 1149 2004; x_wconf 82' lang='lat' dir='ltr'><strong>profanent</strong></span> <span class='ocrx_word' id='word_1_254' title='bbox 1178 1952 1264 2002; x_wconf 84' lang='lat' dir='ltr'><strong>ea,</strong></span> <span class='ocrx_word' id='word_1_255' title='bbox 1297 1949 1350 1991; x_wconf 92' lang='lat' dir='ltr'><strong>et</strong></span> <span class='ocrx_word' id='word_1_256' title='bbox 1371 1938 1461 2006; x_wconf 87' lang='lat' dir='ltr'><strong>qui</strong></span> <span class='ocrx_word' id='word_1_257' title='bbox 1496 1940 1793 1992; x_wconf 88' lang='lat' dir='ltr'><strong>observant</strong></span> <span class='ocrx_word' id='word_1_258' title='bbox 1821 1936 2008 1991; x_wconf 83' lang='lat' dir='ltr'><strong>Testa-</strong></span> 
     </span>
    </p>
   </div>
   <div class='ocr_carea' id='block_1_38' title="bbox 423 2027 2006 2091">
    <p class='ocr_par' dir='ltr' id='par_1_38' title="bbox 423 2027 2006 2091">
     <span class='ocr_line' id='line_1_38' title="bbox 423 2027 2006 2091; baseline 0.004 -15"><span class='ocrx_word' id='word_1_259' title='bbox 423 2037 660 2080; x_wconf 86' lang='lat' dir='ltr'><strong>mentum</strong></span> <span class='ocrx_word' id='word_1_260' title='bbox 698 2043 917 2091; x_wconf 93' lang='lat' dir='ltr'><strong>meum,</strong></span> <span class='ocrx_word' id='word_1_261' title='bbox 955 2027 1201 2082; x_wconf 91' lang='lat' dir='ltr'><strong>inducam</strong></span> <span class='ocrx_word' id='word_1_262' title='bbox 1235 2045 1328 2084; x_wconf 90' lang='lat' dir='ltr'><strong>eos</strong></span> <span class='ocrx_word' id='word_1_263' title='bbox 1356 2030 1410 2082; x_wconf 92' lang='lat' dir='ltr'><strong>in</strong></span> <span class='ocrx_word' id='word_1_264' title='bbox 1461 2041 1702 2084; x_wconf 90' lang='lat' dir='ltr'><strong>montem</strong></span> <span class='ocrx_word' id='word_1_265' title='bbox 1764 2040 2006 2083; x_wconf 89' lang='lat' dir='ltr'><strong>sanctum</strong></span> 
     </span>
    </p>
   </div>
   <div class='ocr_carea' id='block_1_39' title="bbox 421 2119 2008 2189">
    <p class='ocr_par' dir='ltr' id='par_1_39' title="bbox 421 2119 2008 2189">
     <span class='ocr_line' id='line_1_39' title="bbox 421 2119 2008 2189; baseline 0.001 -19"><span class='ocrx_word' id='word_1_266' title='bbox 421 2133 621 2176; x_wconf 72' lang='lat' dir='ltr'><strong>uicum.</strong></span> <span class='ocrx_word' id='word_1_267' title='bbox 663 2137 682 2171; x_wconf 85' lang='grc' dir='ltr'>ι</span> <span class='ocrx_word' id='word_1_268' title='bbox 717 2119 806 2172; x_wconf 86' lang='lat' dir='ltr'><strong>Ait</strong></span> <span class='ocrx_word' id='word_1_269' title='bbox 834 2120 1032 2189; x_wconf 89' lang='lat' dir='ltr'><strong>quippe</strong></span> <span class='ocrx_word' id='word_1_270' title='bbox 1061 2121 1280 2174; x_wconf 91' lang='lat' dir='ltr'><strong>domum</strong></span> <span class='ocrx_word' id='word_1_271' title='bbox 1334 2137 1485 2174; x_wconf 89' lang='lat' dir='ltr'><strong>suatn</strong></span> <span class='ocrx_word' id='word_1_272' title='bbox 1539 2135 1643 2174; x_wconf 89' lang='lat' dir='ltr'><strong>non</strong></span> <span class='ocrx_word' id='word_1_273' title='bbox 1677 2120 1837 2174; x_wconf 81' lang='lat' dir='ltr'><strong>talem</strong></span> <span class='ocrx_word' id='word_1_274' title='bbox 1866 2133 2008 2182; x_wconf 88' lang='lat' dir='ltr'><strong>esse,</strong></span> 
     </span>
    </p>
   </div>
   <div class='ocr_carea' id='block_1_40' title="bbox 419 2210 2009 2280">
    <p class='ocr_par' dir='ltr' id='par_1_40' title="bbox 419 2210 2009 2280">
     <span class='ocr_line' id='line_1_40' title="bbox 419 2210 2009 2280; baseline 0.004 -21"><span class='ocrx_word' id='word_1_275' title='bbox 419 2225 544 2277; x_wconf 56' lang='lat' dir='ltr'><strong>qua?</strong></span> <span class='ocrx_word' id='word_1_276' title='bbox 573 2211 670 2265; x_wconf 83' lang='lat' dir='ltr'><strong>hos</strong></span> <span class='ocrx_word' id='word_1_277' title='bbox 699 2210 918 2278; x_wconf 87' lang='lat' dir='ltr'><strong>quidem</strong></span> <span class='ocrx_word' id='word_1_278' title='bbox 963 2221 1194 2280; x_wconf 89' lang='lat' dir='ltr'><strong>spectet,</strong></span> <span class='ocrx_word' id='word_1_279' title='bbox 1242 2212 1377 2266; x_wconf 91' lang='lat' dir='ltr'><strong>alios</strong></span> <span class='ocrx_word' id='word_1_280' title='bbox 1424 2227 1554 2266; x_wconf 88' lang='lat' dir='ltr'><strong>vero</strong></span> <span class='ocrx_word' id='word_1_281' title='bbox 1610 2211 1872 2277; x_wconf 90' lang='lat' dir='ltr'><strong>minime;</strong></span> <span class='ocrx_word' id='word_1_282' title='bbox 1915 2214 2009 2265; x_wconf 91' lang='lat' dir='ltr'><strong>sed</strong></span> 
     </span>
    </p>
   </div>
   <div class='ocr_carea' id='block_1_41' title="bbox 419 2302 2009 2376">
    <p class='ocr_par' dir='ltr' id='par_1_41' title="bbox 419 2302 2009 2376">
     <span class='ocr_line' id='line_1_41' title="bbox 419 2302 2009 2376; baseline 0.007 -27"><span class='ocrx_word' id='word_1_283' title='bbox 419 2317 485 2354; x_wconf 64' lang='lat' dir='ltr'><strong>ex</strong></span> <span class='ocrx_word' id='word_1_284' title='bbox 527 2302 877 2356; x_wconf 83' lang='lat' dir='ltr'><strong>immanitatis</strong></span> <span class='ocrx_word' id='word_1_285' title='bbox 906 2304 957 2358; x_wconf 89' lang='lat' dir='ltr'><strong>vi</strong></span> <span class='ocrx_word' id='word_1_286' title='bbox 1003 2306 1254 2360; x_wconf 88' lang='lat' dir='ltr'><strong>omnibus</strong></span> <span class='ocrx_word' id='word_1_287' title='bbox 1285 2307 1539 2376; x_wconf 81' lang='lat' dir='ltr'><strong>gentibus</strong></span> <span class='ocrx_word' id='word_1_288' title='bbox 1580 2316 1819 2376; x_wconf 80' lang='lat' dir='ltr'><strong>apettam</strong></span> <span class='ocrx_word' id='word_1_289' title='bbox 1856 2322 2009 2372; x_wconf 88' lang='lat' dir='ltr'><strong>esse,</strong></span> 
     </span>
    </p>
   </div>
   <div class='ocr_carea' id='block_1_42' title="bbox 419 2395 2010 2470">
    <p class='ocr_par' dir='ltr' id='par_1_42' title="bbox 419 2395 2010 2470">
     <span class='ocr_line' id='line_1_42' title="bbox 419 2395 2010 2470; baseline 0.008 -27"><span class='ocrx_word' id='word_1_290' title='bbox 419 2395 667 2448; x_wconf 77' lang='lat' dir='ltr'><strong>utetiam</strong></span> <span class='ocrx_word' id='word_1_291' title='bbox 709 2397 946 2451; x_wconf 86' lang='lat' dir='ltr'><strong>eunuchi</strong></span> <span class='ocrx_word' id='word_1_292' title='bbox 974 2406 1025 2452; x_wconf 91' lang='lat' dir='ltr'><strong>et</strong></span> <span class='ocrx_word' id='word_1_293' title='bbox 1062 2398 1344 2470; x_wconf 83' lang='lat' dir='ltr'><strong>paralytici</strong></span> <span class='ocrx_word' id='word_1_294' title='bbox 1385 2401 1456 2454; x_wconf 91' lang='lat' dir='ltr'><strong>ibi</strong></span> <span class='ocrx_word' id='word_1_295' title='bbox 1493 2400 1847 2470; x_wconf 86' lang='lat' dir='ltr'><strong>recipiantur.</strong></span> <span class='ocrx_word' id='word_1_296' title='bbox 1895 2419 1913 2452; x_wconf 82' lang='grc' dir='ltr'>ι</span> <span class='ocrx_word' id='word_1_297' title='bbox 1947 2401 2010 2455; x_wconf 84' lang='lat' dir='ltr'><strong>Et</strong></span> 
     </span>
    </p>
   </div>
   <div class='ocr_carea' id='block_1_43' title="bbox 421 2485 2012 2546">
    <p class='ocr_par' dir='ltr' id='par_1_43' title="bbox 421 2485 2012 2546">
     <span class='ocr_line' id='line_1_43' title="bbox 421 2485 2012 2546; baseline 0.006 -9"><span class='ocrx_word' id='word_1_298' title='bbox 421 2485 706 2542; x_wconf 68' lang='lat' dir='ltr'><strong>lmtilicabo</strong></span> <span class='ocrx_word' id='word_1_299' title='bbox 733 2503 828 2543; x_wconf 88' lang='lat' dir='ltr'><strong>eos</strong></span> <span class='ocrx_word' id='word_1_300' title='bbox 871 2489 920 2542; x_wconf 90' lang='lat' dir='ltr'><strong>iu</strong></span> <span class='ocrx_word' id='word_1_301' title='bbox 954 2490 1113 2545; x_wconf 91' lang='lat' dir='ltr'><strong>domo</strong></span> <span class='ocrx_word' id='word_1_302' title='bbox 1161 2492 1428 2546; x_wconf 85' lang='lat' dir='ltr'><strong>orationis</strong></span> <span class='ocrx_word' id='word_1_303' title='bbox 1479 2506 1633 2546; x_wconf 63' lang='lat' dir='ltr'><strong>meae.</strong></span> <span class='ocrx_word' id='word_1_304' title='bbox 1688 2490 2012 2546; x_wconf 75' lang='lat' dir='ltr'><strong>Ilolocausta</strong></span> 
     </span>
    </p>
   </div>
   <div class='ocr_carea' id='block_1_44' title="bbox 425 2582 2014 2654">
    <p class='ocr_par' dir='ltr' id='par_1_44' title="bbox 425 2582 2014 2654">
     <span class='ocr_line' id='line_1_44' title="bbox 425 2582 2014 2654; baseline 0.003 -23"><span class='ocrx_word' id='word_1_305' title='bbox 425 2594 607 2633; x_wconf 60' lang='lat' dir='ltr'><strong>eorum</strong></span> <span class='ocrx_word' id='word_1_306' title='bbox 640 2591 691 2634; x_wconf 91' lang='lat' dir='ltr'><strong>et</strong></span> <span class='ocrx_word' id='word_1_307' title='bbox 723 2582 994 2636; x_wconf 82' lang='lat' dir='ltr'><strong>sacriﬁcia</strong></span> <span class='ocrx_word' id='word_1_308' title='bbox 1045 2599 1239 2637; x_wconf 91' lang='lat' dir='ltr'><strong>eorum</strong></span> <span class='ocrx_word' id='word_1_309' title='bbox 1272 2593 1432 2638; x_wconf 90' lang='lat' dir='ltr'><strong>erunt</strong></span> <span class='ocrx_word' id='word_1_310' title='bbox 1473 2594 1698 2654; x_wconf 87' lang='lat' dir='ltr'><strong>accepta</strong></span> <span class='ocrx_word' id='word_1_311' title='bbox 1743 2599 1905 2653; x_wconf 88' lang='lat' dir='ltr'><strong>super</strong></span> <span class='ocrx_word' id='word_1_312' title='bbox 1936 2584 2014 2637; x_wconf 83' lang='lat' dir='ltr'><strong>al—</strong></span> 
     </span>
    </p>
   </div>
   <div class='ocr_carea' id='block_1_45' title="bbox 423 2675 2014 2741">
    <p class='ocr_par' dir='ltr' id='par_1_45' title="bbox 423 2675 2014 2741">
     <span class='ocr_line' id='line_1_45' title="bbox 423 2675 2014 2741; baseline 0.004 -15"><span class='ocrx_word' id='word_1_313' title='bbox 423 2683 540 2727; x_wconf 78' lang='lat' dir='ltr'><strong>tare</strong></span> <span class='ocrx_word' id='word_1_314' title='bbox 566 2689 768 2729; x_wconf 92' lang='lat' dir='ltr'><strong>meum.</strong></span> <span class='ocrx_word' id='word_1_315' title='bbox 815 2675 952 2728; x_wconf 86' lang='lat' dir='ltr'><strong>Nam</strong></span> <span class='ocrx_word' id='word_1_316' title='bbox 987 2676 1178 2731; x_wconf 90' lang='lat' dir='ltr'><strong>domus</strong></span> <span class='ocrx_word' id='word_1_317' title='bbox 1210 2693 1352 2741; x_wconf 86' lang='lat' dir='ltr'><strong>mea,</strong></span> <span class='ocrx_word' id='word_1_318' title='bbox 1382 2679 1574 2733; x_wconf 89' lang='lat' dir='ltr'><strong>domus</strong></span> <span class='ocrx_word' id='word_1_319' title='bbox 1618 2679 1883 2734; x_wconf 88' lang='lat' dir='ltr'><strong>orationis</strong></span> <span class='ocrx_word' id='word_1_320' title='bbox 1925 2694 2014 2732; x_wconf 81' lang='lat' dir='ltr'><strong>vo-</strong></span> 
     </span>
    </p>
   </div>
   <div class='ocr_carea' id='block_1_46' title="bbox 422 2767 2012 2838">
    <p class='ocr_par' dir='ltr' id='par_1_46' title="bbox 422 2767 2012 2838">
     <span class='ocr_line' id='line_1_46' title="bbox 422 2767 2012 2838; baseline 0.002 -17"><span class='ocrx_word' id='word_1_321' title='bbox 422 2767 642 2822; x_wconf 78' lang='lat' dir='ltr'><strong>cabitur</strong></span> <span class='ocrx_word' id='word_1_322' title='bbox 674 2770 888 2823; x_wconf 84' lang='lat' dir='ltr'><strong>cunctis</strong></span> <span class='ocrx_word' id='word_1_323' title='bbox 913 2770 1183 2838; x_wconf 79' lang='lat' dir='ltr'><strong>gentibus.</strong></span> <span class='ocrx_word' id='word_1_324' title='bbox 1223 2790 1242 2823; x_wconf 80' lang='grc' dir='ltr'>ι</span> <span class='ocrx_word' id='word_1_325' title='bbox 1293 2770 1388 2826; x_wconf 83' lang='lat' dir='ltr'><strong>llis</strong></span> <span class='ocrx_word' id='word_1_326' title='bbox 1412 2772 1650 2826; x_wconf 85' lang='lat' dir='ltr'><strong>arbitror</strong></span> <span class='ocrx_word' id='word_1_327' title='bbox 1680 2771 1746 2826; x_wconf 88' lang='lat' dir='ltr'><strong>ad</strong></span> <span class='ocrx_word' id='word_1_328' title='bbox 1779 2771 2012 2824; x_wconf 87' lang='lat' dir='ltr'><strong>litteram</strong></span> 
     </span>
    </p>
   </div>
   <div class='ocr_carea' id='block_1_47' title="bbox 422 2861 2011 2934">
    <p class='ocr_par' dir='ltr' id='par_1_47' title="bbox 422 2861 2011 2934">
     <span class='ocr_line' id='line_1_47' title="bbox 422 2861 2011 2934; baseline 0.001 -20"><span class='ocrx_word' id='word_1_329' title='bbox 422 2861 554 2926; x_wconf 79' lang='lat' dir='ltr'><strong>dici,</strong></span> <span class='ocrx_word' id='word_1_330' title='bbox 608 2862 772 2915; x_wconf 85' lang='lat' dir='ltr'><strong>Deum</strong></span> <span class='ocrx_word' id='word_1_331' title='bbox 822 2877 920 2931; x_wconf 89' lang='lat' dir='ltr'><strong>per</strong></span> <span class='ocrx_word' id='word_1_332' title='bbox 965 2863 1332 2918; x_wconf 84' lang='lat' dir='ltr'><strong>reversionem</strong></span> <span class='ocrx_word' id='word_1_333' title='bbox 1396 2863 1576 2934; x_wconf 87' lang='lat' dir='ltr'><strong>populi</strong></span> <span class='ocrx_word' id='word_1_334' title='bbox 1615 2879 1681 2918; x_wconf 85' lang='lat' dir='ltr'><strong>ex</strong></span> <span class='ocrx_word' id='word_1_335' title='bbox 1723 2863 2011 2933; x_wconf 82' lang='lat' dir='ltr'><strong>Babylone,</strong></span> 
     </span>
    </p>
   </div>
   <div class='ocr_carea' id='block_1_48' title="bbox 430 2952 2013 3026">
    <p class='ocr_par' dir='ltr' id='par_1_48' title="bbox 430 2952 2013 3026">
     <span class='ocr_line' id='line_1_48' title="bbox 430 2952 2013 3026; baseline 0.004 -22"><span class='ocrx_word' id='word_1_336' title='bbox 430 2969 544 3021; x_wconf 55' lang='lat' dir='ltr'><strong>quae</strong></span> <span class='ocrx_word' id='word_1_337' title='bbox 594 2952 695 3008; x_wconf 89' lang='lat' dir='ltr'><strong>sub</strong></span> <span class='ocrx_word' id='word_1_338' title='bbox 727 2953 887 3022; x_wconf 85' lang='lat' dir='ltr'><strong>Cyro,</strong></span> <span class='ocrx_word' id='word_1_339' title='bbox 932 2954 1091 3009; x_wconf 89' lang='lat' dir='ltr'><strong>Dario</strong></span> <span class='ocrx_word' id='word_1_340' title='bbox 1119 2967 1172 3008; x_wconf 93' lang='lat' dir='ltr'><strong>et</strong></span> <span class='ocrx_word' id='word_1_341' title='bbox 1209 2959 1512 3010; x_wconf 80' lang='lat' dir='ltr'><strong>Artaxerxe</strong></span> <span class='ocrx_word' id='word_1_342' title='bbox 1555 2957 1804 3026; x_wconf 81' lang='lat' dir='ltr'><strong>contigit,</strong></span> <span class='ocrx_word' id='word_1_343' title='bbox 1839 2958 2013 3026; x_wconf 88' lang='lat' dir='ltr'><strong>ipsum</strong></span> 
     </span>
    </p>
   </div>
   <div class='ocr_carea' id='block_1_49' title="bbox 426 3049 1180 3119">
    <p class='ocr_par' dir='ltr' id='par_1_49' title="bbox 426 3049 1180 3119">
     <span class='ocr_line' id='line_1_49' title="bbox 426 3049 1180 3119; baseline 0.003 -18"><span class='ocrx_word' id='word_1_344' title='bbox 426 3049 708 3114; x_wconf 81' lang='lat' dir='ltr'><strong>reducere,</strong></span> <span class='ocrx_word' id='word_1_345' title='bbox 746 3065 917 3119; x_wconf 88' lang='lat' dir='ltr'><strong>quare</strong></span> <span class='ocrx_word' id='word_1_346' title='bbox 951 3050 1134 3103; x_wconf 85' lang='lat' dir='ltr'><strong>subdit</strong></span> <span class='ocrx_word' id='word_1_347' title='bbox 1166 3069 1180 3103; x_wconf 87' lang='lat'>:</span> 
     </span>
    </p>
   </div>
   <div class='ocr_carea' id='block_1_50' title="bbox 499 3229 2010 3304">
    <p class='ocr_par' dir='ltr' id='par_1_50' title="bbox 499 3229 2010 3304">
     <span class='ocr_line' id='line_1_50' title="bbox 499 3229 2010 3304; baseline 0.001 -20"><span class='ocrx_word' id='word_1_348' title='bbox 499 3229 663 3284; x_wconf 71' lang='lat' dir='ltr'><strong>Vens.</strong></span> <span class='ocrx_word' id='word_1_349' title='bbox 697 3229 752 3285; x_wconf 76' lang='lat'><strong>8‘.</strong></span> <span class='ocrx_word' id='word_1_350' title='bbox 795 3251 812 3282; x_wconf 86' lang='grc' dir='ltr'>ι</span> <span class='ocrx_word' id='word_1_351' title='bbox 850 3231 994 3286; x_wconf 84' lang='lat' dir='ltr'><strong>Dixit</strong></span> <span class='ocrx_word' id='word_1_352' title='bbox 1025 3231 1306 3296; x_wconf 89' lang='lat' dir='ltr'><strong>Dominus,</strong></span> <span class='ocrx_word' id='word_1_353' title='bbox 1347 3233 1437 3302; x_wconf 90' lang='lat' dir='ltr'><strong>qui</strong></span> <span class='ocrx_word' id='word_1_354' title='bbox 1471 3243 1766 3303; x_wconf 81' lang='lat' dir='ltr'><strong>congregat</strong></span> <span class='ocrx_word' id='word_1_355' title='bbox 1799 3235 2010 3304; x_wconf 86' lang='lat' dir='ltr'><strong>disper-</strong></span> 
     </span>
    </p>
   </div>
   <div class='ocr_carea' id='block_1_51' title="bbox 428 3323 2006 3396">
    <p class='ocr_par' dir='ltr' id='par_1_51' title="bbox 428 3323 2006 3396">
     <span class='ocr_line' id='line_1_51' title="bbox 428 3323 2006 3396; baseline -0.002 -17"><span class='ocrx_word' id='word_1_356' title='bbox 428 3338 520 3379; x_wconf 72' lang='lat' dir='ltr'><strong>sos</strong></span> <span class='ocrx_word' id='word_1_357' title='bbox 550 3323 738 3389; x_wconf 82' lang='lat' dir='ltr'><strong>Israel,</strong></span> <span class='ocrx_word' id='word_1_358' title='bbox 769 3323 1123 3394; x_wconf 77' lang='lat' dir='ltr'><strong>Congregabo</strong></span> <span class='ocrx_word' id='word_1_359' title='bbox 1153 3326 1222 3380; x_wconf 90' lang='lat' dir='ltr'><strong>ad</strong></span> <span class='ocrx_word' id='word_1_360' title='bbox 1273 3343 1394 3380; x_wconf 90' lang='lat' dir='ltr'><strong>eum</strong></span> <span class='ocrx_word' id='word_1_361' title='bbox 1451 3327 1948 3396; x_wconf 82' lang='lat' dir='ltr'><strong>congregationem.</strong></span> <span class='ocrx_word' id='word_1_362' title='bbox 1988 3345 2006 3376; x_wconf 85' lang='grc'>›</span> 
     </span>
    </p>
   </div>
   <div class='ocr_carea' id='block_1_52' title="bbox 426 3418 2010 3487">
    <p class='ocr_par' dir='ltr' id='par_1_52' title="bbox 426 3418 2010 3487">
     <span class='ocr_line' id='line_1_52' title="bbox 426 3418 2010 3487; baseline 0 -19"><span class='ocrx_word' id='word_1_363' title='bbox 426 3418 543 3483; x_wconf 79' lang='lat' dir='ltr'><strong>Quo</strong></span> <span class='ocrx_word' id='word_1_364' title='bbox 593 3427 838 3487; x_wconf 87' lang='lat' dir='ltr'><strong>tempore</strong></span> <span class='ocrx_word' id='word_1_365' title='bbox 887 3418 1181 3472; x_wconf 84' lang='lat' dir='ltr'><strong>verisimile</strong></span> <span class='ocrx_word' id='word_1_366' title='bbox 1227 3428 1311 3472; x_wconf 89' lang='lat' dir='ltr'><strong>est</strong></span> <span class='ocrx_word' id='word_1_367' title='bbox 1351 3419 1554 3474; x_wconf 89' lang='lat' dir='ltr'><strong>multos</strong></span> <span class='ocrx_word' id='word_1_368' title='bbox 1589 3418 1658 3471; x_wconf 90' lang='lat' dir='ltr'><strong>ad</strong></span> <span class='ocrx_word' id='word_1_369' title='bbox 1702 3433 1827 3470; x_wconf 89' lang='lat' dir='ltr'><strong>eum</strong></span> <span class='ocrx_word' id='word_1_370' title='bbox 1877 3431 2010 3471; x_wconf 86' lang='lat' dir='ltr'><strong>con-</strong></span> 
     </span>
    </p>
   </div>
   <div class='ocr_carea' id='block_1_53' title="bbox 427 3508 2009 3580">
    <p class='ocr_par' dir='ltr' id='par_1_53' title="bbox 427 3508 2009 3580">
     <span class='ocr_line' id='line_1_53' title="bbox 427 3508 2009 3580; baseline 0.001 -19"><span class='ocrx_word' id='word_1_371' title='bbox 427 3508 649 3563; x_wconf 73' lang='lat' dir='ltr'><strong>ﬂuxisse</strong></span> <span class='ocrx_word' id='word_1_372' title='bbox 683 3525 750 3563; x_wconf 84' lang='lat' dir='ltr'><strong>ex</strong></span> <span class='ocrx_word' id='word_1_373' title='bbox 789 3510 1109 3579; x_wconf 84' lang='lat' dir='ltr'><strong>alienigenis</strong></span> <span class='ocrx_word' id='word_1_374' title='bbox 1134 3512 1408 3580; x_wconf 84' lang='lat' dir='ltr'><strong>gentibus,</strong></span> <span class='ocrx_word' id='word_1_375' title='bbox 1443 3526 1578 3579; x_wconf 89' lang='lat' dir='ltr'><strong>quos</strong></span> <span class='ocrx_word' id='word_1_376' title='bbox 1603 3510 1672 3566; x_wconf 92' lang='lat' dir='ltr'><strong>oh</strong></span> <span class='ocrx_word' id='word_1_377' title='bbox 1720 3509 2009 3579; x_wconf 85' lang='lat' dir='ltr'><strong>pristinum</strong></span> 
     </span>
    </p>
   </div>
   <div class='ocr_carea' id='block_1_54' title="bbox 427 3595 2015 3673">
    <p class='ocr_par' dir='ltr' id='par_1_54' title="bbox 427 3595 2015 3673">
     <span class='ocr_line' id='line_1_54' title="bbox 427 3595 2015 3673; baseline 0.001 -18"><span class='ocrx_word' id='word_1_378' title='bbox 427 3595 652 3666; x_wconf 82' lang='lat' dir='ltr'><strong>statum,</strong></span> <span class='ocrx_word' id='word_1_379' title='bbox 685 3611 741 3655; x_wconf 89' lang='lat' dir='ltr'><strong>et</strong></span> <span class='ocrx_word' id='word_1_380' title='bbox 779 3603 848 3656; x_wconf 90' lang='lat' dir='ltr'><strong>ob</strong></span> <span class='ocrx_word' id='word_1_381' title='bbox 884 3603 1094 3658; x_wconf 88' lang='lat' dir='ltr'><strong>alienos</strong></span> <span class='ocrx_word' id='word_1_382' title='bbox 1139 3599 1537 3673; x_wconf 85' lang='lat' dir='ltr'><strong>extraneosque</strong></span> <span class='ocrx_word' id='word_1_383' title='bbox 1583 3617 1782 3668; x_wconf 86' lang='lat' dir='ltr'><strong>mores,</strong></span> <span class='ocrx_word' id='word_1_384' title='bbox 1812 3602 2015 3657; x_wconf 89' lang='lat' dir='ltr'><strong>bestias</strong></span> 
     </span>
    </p>
   </div>
   <div class='ocr_carea' id='block_1_55' title="bbox 404 3696 756 3765">
    <p class='ocr_par' dir='ltr' id='par_1_55' title="bbox 404 3696 756 3765">
     <span class='ocr_line' id='line_1_55' title="bbox 404 3696 756 3765; baseline 0.009 -18"><span class='ocrx_word' id='word_1_385' title='bbox 404 3707 410 3710; x_wconf 89' lang='grc'><strong>·</strong></span> <span class='ocrx_word' id='word_1_386' title='bbox 427 3696 541 3765; x_wconf 78' lang='lat' dir='ltr'><strong>agri</strong></span> <span class='ocrx_word' id='word_1_387' title='bbox 576 3704 756 3750; x_wconf 85' lang='lat' dir='ltr'><strong>vocat.</strong></span> 
     </span>
    </p>
   </div>
   <div class='ocr_carea' id='block_1_56' title="bbox 501 3787 2008 3856">
    <p class='ocr_par' dir='ltr' id='par_1_56' title="bbox 501 3787 2008 3856">
     <span class='ocr_line' id='line_1_56' title="bbox 501 3787 2008 3856; baseline 0.002 -16"><span class='ocrx_word' id='word_1_388' title='bbox 501 3787 664 3840; x_wconf 72' lang='lat' dir='ltr'><strong>Vens.</strong></span> <span class='ocrx_word' id='word_1_389' title='bbox 696 3789 750 3841; x_wconf 84' lang='lat'><strong>9.</strong></span> <span class='ocrx_word' id='word_1_390' title='bbox 787 3807 804 3839; x_wconf 84' lang='grc' dir='ltr'>ι</span> <span class='ocrx_word' id='word_1_391' title='bbox 843 3787 1044 3844; x_wconf 89' lang='lat' dir='ltr'><strong>Oumes</strong></span> <span class='ocrx_word' id='word_1_392' title='bbox 1072 3788 1200 3844; x_wconf 66' lang='lat' dir='ltr'><strong>ferae</strong></span> <span class='ocrx_word' id='word_1_393' title='bbox 1230 3790 1434 3856; x_wconf 71' lang='lat' dir='ltr'><strong>bestize,</strong></span> <span class='ocrx_word' id='word_1_394' title='bbox 1460 3790 1662 3854; x_wconf 84' lang='lat' dir='ltr'><strong>adeste,</strong></span> <span class='ocrx_word' id='word_1_395' title='bbox 1716 3789 2008 3856; x_wconf 87' lang='lat' dir='ltr'><strong>comedite,</strong></span> 
     </span>
    </p>
   </div>
   <div class='ocr_carea' id='block_1_57' title="bbox 427 3881 2014 3952">
    <p class='ocr_par' dir='ltr' id='par_1_57' title="bbox 427 3881 2014 3952">
     <span class='ocr_line' id='line_1_57' title="bbox 427 3881 2014 3952; baseline 0.003 -22"><span class='ocrx_word' id='word_1_396' title='bbox 427 3893 616 3933; x_wconf 85' lang='lat' dir='ltr'><strong>omnes</strong></span> <span class='ocrx_word' id='word_1_397' title='bbox 655 3881 840 3934; x_wconf 74' lang='lat' dir='ltr'><strong>bestia:</strong></span> <span class='ocrx_word' id='word_1_398' title='bbox 863 3882 1054 3936; x_wconf 87' lang='lat' dir='ltr'><strong>saltus.</strong></span> <span class='ocrx_word' id='word_1_399' title='bbox 1095 3900 1114 3934; x_wconf 80' lang='grc' dir='ltr'>ι</span> <span class='ocrx_word' id='word_1_400' title='bbox 1143 3881 1336 3938; x_wconf 72' lang='lat' dir='ltr'><strong>Bestia:</strong></span> <span class='ocrx_word' id='word_1_401' title='bbox 1363 3883 1486 3946; x_wconf 68' lang='lat' dir='ltr'><strong>illae,</strong></span> <span class='ocrx_word' id='word_1_402' title='bbox 1517 3898 1636 3952; x_wconf 70' lang='lat' dir='ltr'><strong>quae</strong></span> <span class='ocrx_word' id='word_1_403' title='bbox 1665 3898 1788 3937; x_wconf 90' lang='lat' dir='ltr'><strong>cum</strong></span> <span class='ocrx_word' id='word_1_404' title='bbox 1820 3881 2014 3936; x_wconf 89' lang='lat' dir='ltr'><strong>Israele</strong></span> 
     </span>
    </p>
   </div>
   <div class='ocr_carea' id='block_1_58' title="bbox 431 3974 2012 4045">
    <p class='ocr_par' dir='ltr' id='par_1_58' title="bbox 431 3974 2012 4045">
     <span class='ocr_line' id='line_1_58' title="bbox 431 3974 2012 4045; baseline 0.001 -21"><span class='ocrx_word' id='word_1_405' title='bbox 431 3983 854 4042; x_wconf 76' lang='lat' dir='ltr'><strong>congregantur,</strong></span> <span class='ocrx_word' id='word_1_406' title='bbox 887 3975 922 4028; x_wconf 89' lang='lat' dir='ltr'><strong>ii</strong></span> <span class='ocrx_word' id='word_1_407' title='bbox 968 3991 1036 4029; x_wconf 88' lang='lat' dir='ltr'><strong>ex</strong></span> <span class='ocrx_word' id='word_1_408' title='bbox 1073 3974 1328 4045; x_wconf 77' lang='lat' dir='ltr'><strong>gentibus</strong></span> <span class='ocrx_word' id='word_1_409' title='bbox 1382 3975 1607 4042; x_wconf 78' lang='lat' dir='ltr'><strong>fuerint,</strong></span> <span class='ocrx_word' id='word_1_410' title='bbox 1654 3975 1746 4044; x_wconf 92' lang='lat' dir='ltr'><strong>qui</strong></span> <span class='ocrx_word' id='word_1_411' title='bbox 1787 3977 1852 4028; x_wconf 89' lang='lat' dir='ltr'><strong>ad</strong></span> <span class='ocrx_word' id='word_1_412' title='bbox 1889 3988 2012 4027; x_wconf 89' lang='lat' dir='ltr'><strong>ver-</strong></span> 
     </span>
    </p>
   </div>
   <div class='ocr_carea' id='block_1_59' title="bbox 405 4058 2012 4134">
    <p class='ocr_par' dir='ltr' id='par_1_59' title="bbox 405 4058 2012 4134">
     <span class='ocr_line' id='line_1_59' title="bbox 405 4058 2012 4134; baseline 0.002 -18"><span class='ocrx_word' id='word_1_413' title='bbox 405 4058 408 4060; x_wconf 60' lang='grc'>’</span> <span class='ocrx_word' id='word_1_414' title='bbox 433 4065 558 4116; x_wconf 80' lang='lat' dir='ltr'><strong>bum</strong></span> <span class='ocrx_word' id='word_1_415' title='bbox 590 4073 960 4133; x_wconf 69' lang='lat' dir='ltr'><strong>accesserunt&quot;,</strong></span> <span class='ocrx_word' id='word_1_416' title='bbox 987 4081 1124 4134; x_wconf 89' lang='lat' dir='ltr'><strong>quos</strong></span> <span class='ocrx_word' id='word_1_417' title='bbox 1168 4077 1363 4120; x_wconf 88' lang='lat' dir='ltr'><strong>evocat</strong></span> <span class='ocrx_word' id='word_1_418' title='bbox 1394 4068 1480 4122; x_wconf 90' lang='lat' dir='ltr'><strong>his</strong></span> <span class='ocrx_word' id='word_1_419' title='bbox 1500 4069 1700 4132; x_wconf 89' lang='lat' dir='ltr'><strong>verbis,</strong></span> <span class='ocrx_word' id='word_1_420' title='bbox 1739 4085 1760 4118; x_wconf 74' lang='grc' dir='ltr'><strong><em>ο</em></strong></span> <span class='ocrx_word' id='word_1_421' title='bbox 1791 4067 2012 4128; x_wconf 77' lang='lat' dir='ltr'><strong>Adeste,</strong></span> 
     </span>
    </p>
   </div>
   <div class='ocr_carea' id='block_1_60' title="bbox 432 4155 2015 4227">
    <p class='ocr_par' dir='ltr' id='par_1_60' title="bbox 432 4155 2015 4227">
     <span class='ocr_line' id='line_1_60' title="bbox 432 4155 2015 4227; baseline 0.004 -23"><span class='ocrx_word' id='word_1_422' title='bbox 432 4156 722 4220; x_wconf 68' lang='lat' dir='ltr'><strong>t-oiuedite,</strong></span> <span class='ocrx_word' id='word_1_423' title='bbox 749 4173 940 4213; x_wconf 90' lang='lat' dir='ltr'><strong>omnes</strong></span> <span class='ocrx_word' id='word_1_424' title='bbox 983 4155 1172 4216; x_wconf 73' lang='lat' dir='ltr'><strong>bestiae</strong></span> <span class='ocrx_word' id='word_1_425' title='bbox 1217 4159 1408 4214; x_wconf 88' lang='lat' dir='ltr'><strong>saltus.</strong></span> <span class='ocrx_word' id='word_1_426' title='bbox 1465 4179 1484 4212; x_wconf 87' lang='grc'><strong>›</strong></span> <span class='ocrx_word' id='word_1_427' title='bbox 1532 4159 1856 4227; x_wconf 87' lang='lat' dir='ltr'><strong>Plerumque</strong></span> <span class='ocrx_word' id='word_1_428' title='bbox 1885 4171 2015 4211; x_wconf 88' lang='lat' dir='ltr'><strong>vero</strong></span> 
     </span>
    </p>
   </div>
   <div class='ocr_carea' id='block_1_61' title="bbox 432 4247 2012 4323">
    <p class='ocr_par' dir='ltr' id='par_1_61' title="bbox 432 4247 2012 4323">
     <span class='ocr_line' id='line_1_61' title="bbox 432 4247 2012 4323; baseline 0.004 -24"><span class='ocrx_word' id='word_1_429' title='bbox 432 4247 777 4305; x_wconf 74' lang='lat' dir='ltr'><strong>observatum</strong></span> <span class='ocrx_word' id='word_1_430' title='bbox 825 4252 982 4307; x_wconf 88' lang='lat' dir='ltr'><strong>nobis</strong></span> <span class='ocrx_word' id='word_1_431' title='bbox 1011 4263 1115 4319; x_wconf 92' lang='lat' dir='ltr'><strong>est,</strong></span> <span class='ocrx_word' id='word_1_432' title='bbox 1164 4255 1362 4309; x_wconf 87' lang='lat' dir='ltr'><strong>saltum</strong></span> <span class='ocrx_word' id='word_1_433' title='bbox 1408 4255 1536 4320; x_wconf 88' lang='lat' dir='ltr'><strong>dici,</strong></span> <span class='ocrx_word' id='word_1_434' title='bbox 1591 4255 2012 4323; x_wconf 81' lang='lat' dir='ltr'><strong>alienigenarum</strong></span> 
     </span>
    </p>
   </div>
   <div class='ocr_carea' id='block_1_62' title="bbox 433 4342 2018 4417">
    <p class='ocr_par' dir='ltr' id='par_1_62' title="bbox 433 4342 2018 4417">
     <span class='ocr_line' id='line_1_62' title="bbox 433 4342 2018 4417; baseline 0.001 -21"><span class='ocrx_word' id='word_1_435' title='bbox 433 4342 676 4409; x_wconf 66' lang='lat' dir='ltr'><strong>gentium</strong></span> <span class='ocrx_word' id='word_1_436' title='bbox 697 4343 1139 4401; x_wconf 84' lang='lat' dir='ltr'><strong>multitudinem.</strong></span> <span class='ocrx_word' id='word_1_437' title='bbox 1168 4345 1277 4402; x_wconf 90' lang='lat' dir='ltr'><strong>Has</strong></span> <span class='ocrx_word' id='word_1_438' title='bbox 1301 4362 1464 4417; x_wconf 87' lang='lat' dir='ltr'><strong>porro</strong></span> <span class='ocrx_word' id='word_1_439' title='bbox 1489 4349 1690 4403; x_wconf 89' lang='lat' dir='ltr'><strong>bestias</strong></span> <span class='ocrx_word' id='word_1_440' title='bbox 1725 4346 1820 4402; x_wconf 87' lang='lat' dir='ltr'><strong>Dei</strong></span> <span class='ocrx_word' id='word_1_441' title='bbox 1857 4359 2018 4399; x_wconf 92' lang='lat' dir='ltr'><strong>voca-</strong></span> 
     </span>
    </p>
   </div>
   <div class='ocr_carea' id='block_1_63' title="bbox 435 4435 1644 4498">
    <p class='ocr_par' dir='ltr' id='par_1_63' title="bbox 435 4435 1644 4498">
     <span class='ocr_line' id='line_1_63' title="bbox 435 4435 1644 4498; baseline 0.004 -12"><span class='ocrx_word' id='word_1_442' title='bbox 435 4435 581 4490; x_wconf 77' lang='lat' dir='ltr'><strong>tione</strong></span> <span class='ocrx_word' id='word_1_443' title='bbox 614 4436 869 4498; x_wconf 76' lang='lat' dir='ltr'><strong>dignatur</strong></span> <span class='ocrx_word' id='word_1_444' title='bbox 894 4447 952 4492; x_wconf 79' lang='lat' dir='ltr'><strong>et</strong></span> <span class='ocrx_word' id='word_1_445' title='bbox 987 4437 1053 4492; x_wconf 89' lang='lat' dir='ltr'><strong>ad</strong></span> <span class='ocrx_word' id='word_1_446' title='bbox 1087 4439 1396 4494; x_wconf 85' lang='lat' dir='ltr'><strong>convivium</strong></span> <span class='ocrx_word' id='word_1_447' title='bbox 1433 4450 1644 4495; x_wconf 81' lang='lat' dir='ltr'><strong>evocat.</strong></span> 
     </span>
    </p>
   </div>
   <div class='ocr_carea' id='block_1_64' title="bbox 507 4567 2100 4646">
    <p class='ocr_par' dir='ltr' id='par_1_64' title="bbox 507 4567 2100 4646">
     <span class='ocr_line' id='line_1_64' title="bbox 507 4567 2100 4646; baseline 0 -20"><span class='ocrx_word' id='word_1_448' title='bbox 507 4567 674 4629; x_wconf 71' lang='lat' dir='ltr'><strong>Vens.</strong></span> <span class='ocrx_word' id='word_1_449' title='bbox 708 4571 837 4626; x_wconf 53' lang='lat'><strong>10.1</strong></span> <span class='ocrx_word' id='word_1_450' title='bbox 865 4574 1054 4630; x_wconf 72' lang='lat' dir='ltr'><strong>Videte</strong></span> <span class='ocrx_word' id='word_1_451' title='bbox 1073 4577 1328 4646; x_wconf 89' lang='lat' dir='ltr'><strong>quoniam</strong></span> <span class='ocrx_word' id='word_1_452' title='bbox 1357 4578 1613 4633; x_wconf 64' lang='lat' dir='ltr'><strong>excaecati</strong></span> <span class='ocrx_word' id='word_1_453' title='bbox 1640 4587 1769 4631; x_wconf 89' lang='lat' dir='ltr'><strong>sunt</strong></span> <span class='ocrx_word' id='word_1_454' title='bbox 1792 4587 2015 4630; x_wconf 87' lang='lat' dir='ltr'><strong>omnes:</strong></span> <span class='ocrx_word' id='word_1_455' title='bbox 2052 4567 2100 4626; x_wconf 89' lang='lat' dir='ltr'><strong>D</strong></span> 
     </span>
    </p>
   </div>
   <div class='ocr_carea' id='block_1_65' title="bbox 367 4665 2020 4736">
    <p class='ocr_par' dir='ltr' id='par_1_65' title="bbox 367 4665 2020 4736">
     <span class='ocr_line' id='line_1_65' title="bbox 367 4665 2020 4736; baseline 0.003 -23"><span class='ocrx_word' id='word_1_456' title='bbox 367 4689 381 4702; x_wconf 85' lang='lat'><strong><em>-</em></strong></span> <span class='ocrx_word' id='word_1_457' title='bbox 436 4677 540 4718; x_wconf 91' lang='lat' dir='ltr'><strong>non</strong></span> <span class='ocrx_word' id='word_1_458' title='bbox 573 4675 840 4720; x_wconf 89' lang='lat' dir='ltr'><strong>noverunt</strong></span> <span class='ocrx_word' id='word_1_459' title='bbox 879 4681 1083 4723; x_wconf 89' lang='lat' dir='ltr'><strong>:canes</strong></span> <span class='ocrx_word' id='word_1_460' title='bbox 1116 4670 1250 4723; x_wconf 92' lang='lat' dir='ltr'><strong>muti</strong></span> <span class='ocrx_word' id='word_1_461' title='bbox 1285 4678 1432 4736; x_wconf 90' lang='lat' dir='ltr'><strong>sunt,</strong></span> <span class='ocrx_word' id='word_1_462' title='bbox 1481 4685 1590 4724; x_wconf 90' lang='lat' dir='ltr'><strong>non</strong></span> <span class='ocrx_word' id='word_1_463' title='bbox 1639 4668 1896 4724; x_wconf 89' lang='lat' dir='ltr'><strong>valebunt</strong></span> <span class='ocrx_word' id='word_1_464' title='bbox 1942 4665 2020 4718; x_wconf 83' lang='lat' dir='ltr'><strong>la-</strong></span> 
     </span>
    </p>
   </div>
   <div class='ocr_carea' id='block_1_66' title="bbox 439 4758 2019 4828">
    <p class='ocr_par' dir='ltr' id='par_1_66' title="bbox 439 4758 2019 4828">
     <span class='ocr_line' id='line_1_66' title="bbox 439 4758 2019 4828; baseline 0.003 -21"><span class='ocrx_word' id='word_1_465' title='bbox 439 4767 604 4821; x_wconf 87' lang='lat' dir='ltr'><strong>trare,</strong></span> <span class='ocrx_word' id='word_1_466' title='bbox 658 4759 998 4815; x_wconf 87' lang='lat' dir='ltr'><strong>somniantes</strong></span> <span class='ocrx_word' id='word_1_467' title='bbox 1038 4761 1240 4828; x_wconf 85' lang='lat' dir='ltr'><strong>cubile,</strong></span> <span class='ocrx_word' id='word_1_468' title='bbox 1285 4771 1341 4817; x_wconf 89' lang='lat' dir='ltr'><strong>et</strong></span> <span class='ocrx_word' id='word_1_469' title='bbox 1385 4773 1631 4818; x_wconf 86' lang='lat' dir='ltr'><strong>amantes</strong></span> <span class='ocrx_word' id='word_1_470' title='bbox 1680 4758 2019 4817; x_wconf 84' lang='lat' dir='ltr'><strong>dormitatio-</strong></span> 
     </span>
    </p>
   </div>
   <div class='ocr_carea' id='block_1_67' title="bbox 436 4847 2022 4924">
    <p class='ocr_par' dir='ltr' id='par_1_67' title="bbox 436 4847 2022 4924">
     <span class='ocr_line' id='line_1_67' title="bbox 436 4847 2022 4924; baseline 0.006 -25"><span class='ocrx_word' id='word_1_471' title='bbox 436 4861 581 4902; x_wconf 86' lang='lat' dir='ltr'><strong>nem.</strong></span> <span class='ocrx_word' id='word_1_472' title='bbox 611 4866 631 4900; x_wconf 77' lang='grc' dir='ltr'>ι</span> <span class='ocrx_word' id='word_1_473' title='bbox 654 4847 722 4903; x_wconf 82' lang='grc' dir='ltr'>Ει</span> <span class='ocrx_word' id='word_1_474' title='bbox 755 4848 1064 4917; x_wconf 90' lang='lat' dir='ltr'><strong>huiusmodi</strong></span> <span class='ocrx_word' id='word_1_475' title='bbox 1104 4855 1323 4922; x_wconf 87' lang='lat' dir='ltr'><strong>quidem</strong></span> <span class='ocrx_word' id='word_1_476' title='bbox 1346 4865 1505 4910; x_wconf 88' lang='lat' dir='ltr'><strong>erant</strong></span> <span class='ocrx_word' id='word_1_477' title='bbox 1535 4855 1842 4911; x_wconf 56' lang='lat' dir='ltr'><strong>Iudaeorum</strong></span> <span class='ocrx_word' id='word_1_478' title='bbox 1875 4852 2022 4924; x_wconf 86' lang='lat' dir='ltr'><strong>prin-</strong></span> 
     </span>
    </p>
   </div>
   <div class='ocr_carea' id='block_1_68' title="bbox 432 4941 2024 5020">
    <p class='ocr_par' dir='ltr' id='par_1_68' title="bbox 432 4941 2024 5020">
     <span class='ocr_line' id='line_1_68' title="bbox 432 4941 2024 5020; baseline 0 -23"><span class='ocrx_word' id='word_1_479' title='bbox 432 4941 603 5010; x_wconf 82' lang='lat' dir='ltr'><strong>cipes,</strong></span> <span class='ocrx_word' id='word_1_480' title='bbox 629 4955 760 5010; x_wconf 85' lang='lat' dir='ltr'><strong>erga</strong></span> <span class='ocrx_word' id='word_1_481' title='bbox 786 4951 1104 5012; x_wconf 81' lang='lat' dir='ltr'><strong>extraneos,</strong></span> <span class='ocrx_word' id='word_1_482' title='bbox 1140 4946 1298 5016; x_wconf 86' lang='lat' dir='ltr'><strong>queis</strong></span> <span class='ocrx_word' id='word_1_483' title='bbox 1326 4948 1626 5020; x_wconf 76' lang='lat' dir='ltr'><strong>advigilare</strong></span> <span class='ocrx_word' id='word_1_484' title='bbox 1659 4962 1796 5018; x_wconf 90' lang='lat' dir='ltr'><strong>opus</strong></span> <span class='ocrx_word' id='word_1_485' title='bbox 1825 4953 1947 5000; x_wconf 85' lang='lat' dir='ltr'><strong>erat</strong></span> <span class='ocrx_word' id='word_1_486' title='bbox 1968 4954 2024 4998; x_wconf 92' lang='lat' dir='ltr'><strong>et</strong></span> 
     </span>
    </p>
   </div>
   <div class='ocr_carea' id='block_1_69' title="bbox 433 5036 2020 5108">
    <p class='ocr_par' dir='ltr' id='par_1_69' title="bbox 433 5036 2020 5108">
     <span class='ocr_line' id='line_1_69' title="bbox 433 5036 2020 5108; baseline 0.002 -20"><span class='ocrx_word' id='word_1_487' title='bbox 433 5036 728 5100; x_wconf 78' lang='lat' dir='ltr'><strong>excubare,</strong></span> <span class='ocrx_word' id='word_1_488' title='bbox 763 5045 928 5106; x_wconf 85' lang='lat' dir='ltr'><strong>atque</strong></span> <span class='ocrx_word' id='word_1_489' title='bbox 957 5049 1150 5093; x_wconf 86' lang='lat' dir='ltr'><strong>contra</strong></span> <span class='ocrx_word' id='word_1_490' title='bbox 1193 5039 1449 5095; x_wconf 90' lang='lat' dir='ltr'><strong>inimicos</strong></span> <span class='ocrx_word' id='word_1_491' title='bbox 1483 5041 1684 5095; x_wconf 86' lang='lat' dir='ltr'><strong>latrare</strong></span> <span class='ocrx_word' id='word_1_492' title='bbox 1715 5057 1729 5094; x_wconf 93' lang='lat'><strong>:</strong></span> <span class='ocrx_word' id='word_1_493' title='bbox 1762 5053 1890 5108; x_wconf 86' lang='lat' dir='ltr'><strong>erga</strong></span> <span class='ocrx_word' id='word_1_494' title='bbox 1921 5037 2020 5091; x_wconf 92' lang='lat' dir='ltr'><strong>do-</strong></span> 
     </span>
    </p>
   </div>
   <div class='ocr_carea' id='block_1_70' title="bbox 433 5129 2020 5201">
    <p class='ocr_par' dir='ltr' id='par_1_70' title="bbox 433 5129 2020 5201">
     <span class='ocr_line' id='line_1_70' title="bbox 433 5129 2020 5201; baseline 0.001 -23"><span class='ocrx_word' id='word_1_495' title='bbox 433 5130 690 5184; x_wconf 88' lang='lat' dir='ltr'><strong>mesticos</strong></span> <span class='ocrx_word' id='word_1_496' title='bbox 729 5143 858 5184; x_wconf 85' lang='lat' dir='ltr'><strong>vero</strong></span> <span class='ocrx_word' id='word_1_497' title='bbox 887 5129 1229 5201; x_wconf 87' lang='lat' dir='ltr'><strong>impudentes</strong></span> <span class='ocrx_word' id='word_1_498' title='bbox 1258 5142 1437 5200; x_wconf 87' lang='lat' dir='ltr'><strong>erant,</strong></span> <span class='ocrx_word' id='word_1_499' title='bbox 1472 5133 1793 5187; x_wconf 88' lang='lat' dir='ltr'><strong>devorantes</strong></span> <span class='ocrx_word' id='word_1_500' title='bbox 1826 5141 2020 5199; x_wconf 83' lang='lat' dir='ltr'><strong>pecora</strong></span> 
     </span>
    </p>
   </div>
   <div class='ocr_carea' id='block_1_71' title="bbox 435 5219 1269 5292">
    <p class='ocr_par' dir='ltr' id='par_1_71' title="bbox 435 5219 1269 5292">
     <span class='ocr_line' id='line_1_71' title="bbox 435 5219 1269 5292; baseline 0.008 -22"><span class='ocrx_word' id='word_1_501' title='bbox 435 5219 532 5273; x_wconf 87' lang='lat' dir='ltr'><strong>sub</strong></span> <span class='ocrx_word' id='word_1_502' title='bbox 563 5234 754 5274; x_wconf 86' lang='lat' dir='ltr'><strong>eorum</strong></span> <span class='ocrx_word' id='word_1_503' title='bbox 783 5221 1049 5292; x_wconf 86' lang='lat' dir='ltr'><strong>regimine</strong></span> <span class='ocrx_word' id='word_1_504' title='bbox 1073 5223 1269 5292; x_wconf 89' lang='lat' dir='ltr'><strong>posita.</strong></span> 
     </span>
    </p>
   </div>
   <div class='ocr_carea' id='block_1_72' title="bbox 503 5351 1993 5426">
    <p class='ocr_par' dir='ltr' id='par_1_72' title="bbox 503 5351 1993 5426">
     <span class='ocr_line' id='line_1_72' title="bbox 503 5351 1993 5426; baseline 0.001 -18"><span class='ocrx_word' id='word_1_505' title='bbox 503 5351 673 5411; x_wconf 59' lang='lat' dir='ltr'><strong>Vens.</strong></span> <span class='ocrx_word' id='word_1_506' title='bbox 730 5357 818 5411; x_wconf 81' lang='grc' dir='ltr'>Η.</span> <span class='ocrx_word' id='word_1_507' title='bbox 870 5375 897 5408; x_wconf 81' lang='grc' dir='ltr'>ι.</span> <span class='ocrx_word' id='word_1_508' title='bbox 939 5358 1005 5412; x_wconf 84' lang='grc' dir='ltr'>Ει</span> <span class='ocrx_word' id='word_1_509' title='bbox 1046 5372 1213 5412; x_wconf 89' lang='lat' dir='ltr'><strong>canes</strong></span> <span class='ocrx_word' id='word_1_510' title='bbox 1271 5358 1614 5426; x_wconf 87' lang='lat' dir='ltr'><strong>impudentes</strong></span> <span class='ocrx_word' id='word_1_511' title='bbox 1673 5360 1884 5421; x_wconf 89' lang='lat' dir='ltr'><strong>animo,</strong></span> <span class='ocrx_word' id='word_1_512' title='bbox 1924 5371 1993 5411; x_wconf 88' lang='lat' dir='ltr'><strong>ne</strong></span> 
     </span>
    </p>
   </div>
   <div class='ocr_carea' id='block_1_73' title="bbox 440 5433 2042 5513">
    <p class='ocr_par' dir='ltr' id='par_1_73' title="bbox 440 5433 2042 5513">
     <span class='ocr_line' id='line_1_73' title="bbox 440 5433 2042 5513; baseline 0 -13"><span class='ocrx_word' id='word_1_513' title='bbox 440 5447 672 5502; x_wconf 65' lang='lat' dir='ltr'><strong>sientes</strong></span> <span class='ocrx_word' id='word_1_514' title='bbox 709 5449 1075 5504; x_wconf 86' lang='lat' dir='ltr'><strong>saturitatem.</strong></span> <span class='ocrx_word' id='word_1_515' title='bbox 1135 5448 1202 5502; x_wconf 85' lang='lat' dir='ltr'><strong>Et</strong></span> <span class='ocrx_word' id='word_1_516' title='bbox 1249 5459 1380 5502; x_wconf 88' lang='lat' dir='ltr'><strong>sunt</strong></span> <span class='ocrx_word' id='word_1_517' title='bbox 1420 5449 1567 5513; x_wconf 90' lang='lat' dir='ltr'><strong>mali,</strong></span> <span class='ocrx_word' id='word_1_518' title='bbox 1602 5449 1908 5504; x_wconf 88' lang='lat' dir='ltr'><strong>nescientes</strong></span> <span class='ocrx_word' id='word_1_519' title='bbox 1941 5433 2042 5500; x_wconf 61' lang='lat' dir='ltr'><strong>in:</strong></span> 
     </span>
    </p>
   </div>
   <div class='ocr_carea' id='block_1_74' title="bbox 440 5537 2024 5604">
    <p class='ocr_par' dir='ltr' id='par_1_74' title="bbox 440 5537 2024 5604">
     <span class='ocr_line' id='line_1_74' title="bbox 440 5537 2024 5604; baseline 0.004 -16"><span class='ocrx_word' id='word_1_520' title='bbox 440 5537 789 5604; x_wconf 81' lang='lat' dir='ltr'><strong>telligentiam</strong></span> <span class='ocrx_word' id='word_1_521' title='bbox 829 5558 842 5593; x_wconf 92' lang='lat'><strong>:</strong></span> <span class='ocrx_word' id='word_1_522' title='bbox 875 5543 1115 5596; x_wconf 79' lang='lat' dir='ltr'><strong>universi</strong></span> <span class='ocrx_word' id='word_1_523' title='bbox 1152 5543 1268 5596; x_wconf 87' lang='lat' dir='ltr'><strong>vias</strong></span> <span class='ocrx_word' id='word_1_524' title='bbox 1296 5556 1427 5596; x_wconf 89' lang='lat' dir='ltr'><strong>suas</strong></span> <span class='ocrx_word' id='word_1_525' title='bbox 1458 5543 1627 5596; x_wconf 89' lang='lat' dir='ltr'><strong>secuti</strong></span> <span class='ocrx_word' id='word_1_526' title='bbox 1659 5552 1785 5596; x_wconf 90' lang='lat' dir='ltr'><strong>sunt</strong></span> <span class='ocrx_word' id='word_1_527' title='bbox 1813 5558 1826 5592; x_wconf 92' lang='lat'><strong>:</strong></span> <span class='ocrx_word' id='word_1_528' title='bbox 1855 5555 2024 5594; x_wconf 89' lang='lat' dir='ltr'><strong>unus-</strong></span> 
     </span>
    </p>
   </div>
   <div class='ocr_carea' id='block_1_75' title="bbox 443 5628 2027 5704">
    <p class='ocr_par' dir='ltr' id='par_1_75' title="bbox 443 5628 2027 5704">
     <span class='ocr_line' id='line_1_75' title="bbox 443 5628 2027 5704; baseline 0.003 -24"><span class='ocrx_word' id='word_1_529' title='bbox 443 5628 674 5697; x_wconf 80' lang='lat' dir='ltr'><strong>quisque</strong></span> <span class='ocrx_word' id='word_1_530' title='bbox 727 5633 1024 5686; x_wconf 89' lang='lat' dir='ltr'><strong>secundum</strong></span> <span class='ocrx_word' id='word_1_531' title='bbox 1083 5635 1158 5697; x_wconf 89' lang='lat' dir='ltr'><strong>id,</strong></span> <span class='ocrx_word' id='word_1_532' title='bbox 1207 5635 1350 5704; x_wconf 79' lang='lat' dir='ltr'><strong>quod</strong></span> <span class='ocrx_word' id='word_1_533' title='bbox 1397 5651 1551 5688; x_wconf 88' lang='lat' dir='ltr'><strong>suum</strong></span> <span class='ocrx_word' id='word_1_534' title='bbox 1589 5642 1726 5687; x_wconf 82' lang='lat' dir='ltr'><strong>erat.</strong></span> <span class='ocrx_word' id='word_1_535' title='bbox 1771 5653 1788 5683; x_wconf 75' lang='grc' dir='ltr'>ι</span> <span class='ocrx_word' id='word_1_536' title='bbox 1824 5631 1939 5687; x_wconf 87' lang='grc' dir='ltr'>Νοιι</span> <span class='ocrx_word' id='word_1_537' title='bbox 1975 5633 2027 5685; x_wconf 94' lang='lat' dir='ltr'><strong>in</strong></span> 
     </span>
    </p>
   </div>
   <div class='ocr_carea' id='block_1_76' title="bbox 446 5720 2028 5797">
    <p class='ocr_par' dir='ltr' id='par_1_76' title="bbox 446 5720 2028 5797">
     <span class='ocr_line' id='line_1_76' title="bbox 446 5720 2028 5797; baseline 0.003 -23"><span class='ocrx_word' id='word_1_538' title='bbox 446 5720 546 5775; x_wconf 82' lang='lat' dir='ltr'><strong>viis</strong></span> <span class='ocrx_word' id='word_1_539' title='bbox 572 5721 693 5788; x_wconf 83' lang='lat' dir='ltr'><strong>Dei,</strong></span> <span class='ocrx_word' id='word_1_540' title='bbox 721 5724 818 5779; x_wconf 88' lang='lat' dir='ltr'><strong>sed</strong></span> <span class='ocrx_word' id='word_1_541' title='bbox 858 5725 914 5779; x_wconf 86' lang='lat' dir='ltr'><strong>iu</strong></span> <span class='ocrx_word' id='word_1_542' title='bbox 943 5725 1078 5794; x_wconf 83' lang='lat' dir='ltr'><strong>suis,</strong></span> <span class='ocrx_word' id='word_1_543' title='bbox 1112 5727 1254 5797; x_wconf 88' lang='lat' dir='ltr'><strong>quod</strong></span> <span class='ocrx_word' id='word_1_544' title='bbox 1286 5727 1755 5797; x_wconf 59' lang='lat' dir='ltr'><strong>concupiscendus</strong></span> <span class='ocrx_word' id='word_1_545' title='bbox 1792 5743 1914 5782; x_wconf 78' lang='lat' dir='ltr'><strong>suas</strong></span> <span class='ocrx_word' id='word_1_546' title='bbox 1933 5741 2028 5780; x_wconf 70' lang='lat' dir='ltr'><strong>cx-</strong></span> 
     </span>
    </p>
   </div>
   <div class='ocr_carea' id='block_1_77' title="bbox 437 5815 675 5880">
    <p class='ocr_par' dir='ltr' id='par_1_77' title="bbox 437 5815 675 5880">
     <span class='ocr_line' id='line_1_77' title="bbox 437 5815 675 5880; baseline 0.013 -15"><span class='ocrx_word' id='word_1_547' title='bbox 437 5815 675 5880; x_wconf 78' lang='lat' dir='ltr'><strong>plcrcnt.</strong></span> 
     </span>
    </p>
   </div>
   <div class='ocr_carea' id='block_1_78' title="bbox 2123 1945 3694 2022">
    <p class='ocr_par' dir='ltr' id='par_1_78' title="bbox 2123 1945 3694 2022">
     <span class='ocr_line' id='line_1_78' title="bbox 2123 1945 3694 2022; baseline 0.006 -26"><span class='ocrx_word' id='word_1_548' title='bbox 2123 1945 2568 2018; x_wconf 80' lang='grc' dir='ltr'>φυλασσομένους</span> <span class='ocrx_word' id='word_1_549' title='bbox 2605 1947 2672 2001; x_wconf 76' lang='grc' dir='ltr'><strong>τά</strong></span> <span class='ocrx_word' id='word_1_550' title='bbox 2698 1948 2952 2003; x_wconf 86' lang='grc' dir='ltr'>Σάϐϐατά</span> <span class='ocrx_word' id='word_1_551' title='bbox 2989 1967 3087 2020; x_wconf 91' lang='grc' dir='ltr'><strong>μου</strong></span> <span class='ocrx_word' id='word_1_552' title='bbox 3137 1951 3211 2022; x_wconf 79' lang='grc' dir='ltr'>μὴ</span> <span class='ocrx_word' id='word_1_553' title='bbox 3260 1949 3540 2021; x_wconf 82' lang='grc' dir='ltr'>βεϐηλοῦν,</span> <span class='ocrx_word' id='word_1_554' title='bbox 3595 1952 3694 2007; x_wconf 74' lang='grc' dir='ltr'>καὶ</span> 
     </span>
    </p>
   </div>
   <div class='ocr_carea' id='block_1_79' title="bbox 2110 2039 3695 2112">
    <p class='ocr_par' dir='ltr' id='par_1_79' title="bbox 2110 2039 3695 2112">
     <span class='ocr_line' id='line_1_79' title="bbox 2110 2039 3695 2112; baseline 0.003 -21"><span class='ocrx_word' id='word_1_555' title='bbox 2110 2039 2505 2109; x_wconf 83' lang='grc' dir='ltr'>ἀντεχομένους</span> <span class='ocrx_word' id='word_1_556' title='bbox 2532 2039 2639 2110; x_wconf 82' lang='grc' dir='ltr'><strong>τῆς</strong></span> <span class='ocrx_word' id='word_1_557' title='bbox 2669 2040 2942 2112; x_wconf 85' lang='grc' dir='ltr'>Διαθήκης</span> <span class='ocrx_word' id='word_1_558' title='bbox 2981 2059 3105 2112; x_wconf 86' lang='grc' dir='ltr'>μου,</span> <span class='ocrx_word' id='word_1_559' title='bbox 3163 2042 3362 2109; x_wconf 82' lang='grc' dir='ltr'>εἰσάξω</span> <span class='ocrx_word' id='word_1_560' title='bbox 3389 2044 3583 2108; x_wconf 76' lang='grc' dir='ltr'>αὐτοὺς</span> <span class='ocrx_word' id='word_1_561' title='bbox 3612 2044 3695 2107; x_wconf 84' lang='grc' dir='ltr'><strong>είς</strong></span> 
     </span>
    </p>
   </div>
   <div class='ocr_carea' id='block_1_80' title="bbox 2110 2130 3697 2208">
    <p class='ocr_par' dir='ltr' id='par_1_80' title="bbox 2110 2130 3697 2208">
     <span class='ocr_line' id='line_1_80' title="bbox 2110 2130 3697 2208; baseline 0.001 -22"><span class='ocrx_word' id='word_1_562' title='bbox 2110 2133 2170 2186; x_wconf 86' lang='grc' dir='ltr'>τὸ</span> <span class='ocrx_word' id='word_1_563' title='bbox 2223 2133 2347 2203; x_wconf 77' lang='grc' dir='ltr'>ὅρος</span> <span class='ocrx_word' id='word_1_564' title='bbox 2397 2132 2458 2186; x_wconf 83' lang='grc' dir='ltr'><strong>τὸ</strong></span> <span class='ocrx_word' id='word_1_565' title='bbox 2513 2133 2668 2202; x_wconf 78' lang='grc' dir='ltr'>ἅγιόν</span> <span class='ocrx_word' id='word_1_566' title='bbox 2729 2151 2850 2205; x_wconf 92' lang='grc' dir='ltr'>μου.</span> <span class='ocrx_word' id='word_1_567' title='bbox 2895 2155 2912 2186; x_wconf 82' lang='grc' dir='ltr'>ι</span> <span class='ocrx_word' id='word_1_568' title='bbox 2947 2135 3050 2188; x_wconf 83' lang='grc' dir='ltr'>Τὸν</span> <span class='ocrx_word' id='word_1_569' title='bbox 3092 2135 3201 2207; x_wconf 84' lang='grc' dir='ltr'>γὰρ</span> <span class='ocrx_word' id='word_1_570' title='bbox 3232 2130 3377 2187; x_wconf 82' lang='grc' dir='ltr'>οἷκον</span> <span class='ocrx_word' id='word_1_571' title='bbox 3424 2135 3586 2188; x_wconf 86' lang='grc' dir='ltr'>αὑτοῦ</span> <span class='ocrx_word' id='word_1_572' title='bbox 3617 2136 3697 2208; x_wconf 79' lang='grc' dir='ltr'>μὴ</span> 
     </span>
    </p>
   </div>
   <div class='ocr_carea' id='block_1_81' title="bbox 2110 2224 3696 2298">
    <p class='ocr_par' dir='ltr' id='par_1_81' title="bbox 2110 2224 3696 2298">
     <span class='ocr_line' id='line_1_81' title="bbox 2110 2224 3696 2298; baseline 0.001 -20"><span class='ocrx_word' id='word_1_573' title='bbox 2110 2224 2277 2279; x_wconf 89' lang='grc' dir='ltr'>τῶνδε</span> <span class='ocrx_word' id='word_1_574' title='bbox 2315 2227 2412 2296; x_wconf 88' lang='grc' dir='ltr'><strong>μέν</strong></span> <span class='ocrx_word' id='word_1_575' title='bbox 2459 2227 2744 2298; x_wconf 89' lang='grc' dir='ltr'>ὑπάρχειν,</span> <span class='ocrx_word' id='word_1_576' title='bbox 2779 2227 2887 2279; x_wconf 90' lang='grc' dir='ltr'><strong>τῶν</strong></span> <span class='ocrx_word' id='word_1_577' title='bbox 2916 2226 2972 2279; x_wconf 89' lang='grc' dir='ltr'>δὲ</span> <span class='ocrx_word' id='word_1_578' title='bbox 3011 2227 3121 2298; x_wconf 80' lang='grc' dir='ltr'>μὴ,</span> <span class='ocrx_word' id='word_1_579' title='bbox 3157 2225 3423 2297; x_wconf 82' lang='grc' dir='ltr'>ἀνεῷχθαι</span> <span class='ocrx_word' id='word_1_580' title='bbox 3469 2226 3526 2279; x_wconf 79' lang='grc' dir='ltr'>δὲ</span> <span class='ocrx_word' id='word_1_581' title='bbox 3559 2229 3696 2280; x_wconf 72' lang='grc' dir='ltr'>πᾶσι</span> 
     </span>
    </p>
   </div>
   <div class='ocr_carea' id='block_1_82' title="bbox 2111 2317 3701 2391">
    <p class='ocr_par' dir='ltr' id='par_1_82' title="bbox 2111 2317 3701 2391">
     <span class='ocr_line' id='line_1_82' title="bbox 2111 2317 3701 2391; baseline -0.003 -18"><span class='ocrx_word' id='word_1_582' title='bbox 2111 2321 2222 2382; x_wconf 86' lang='grc' dir='ltr'>τοῖς</span> <span class='ocrx_word' id='word_1_583' title='bbox 2248 2318 2456 2372; x_wconf 76' lang='grc' dir='ltr'>ἔθνεσιν</span> <span class='ocrx_word' id='word_1_584' title='bbox 2483 2318 2755 2391; x_wconf 82' lang='grc' dir='ltr'>ὑπερϐολῇ</span> <span class='ocrx_word' id='word_1_585' title='bbox 2795 2318 3204 2390; x_wconf 80' lang='grc' dir='ltr'>φιλανθρωπίας</span> <span class='ocrx_word' id='word_1_586' title='bbox 3222 2334 3238 2350; x_wconf 77' lang='grc' dir='ltr'><strong><em>ο</em></strong></span> <span class='ocrx_word' id='word_1_587' title='bbox 3267 2318 3342 2382; x_wconf 85' lang='grc' dir='ltr'>ὡς</span> <span class='ocrx_word' id='word_1_588' title='bbox 3381 2319 3474 2371; x_wconf 73' lang='grc' dir='ltr'><strong>καὶ</strong></span> <span class='ocrx_word' id='word_1_589' title='bbox 3503 2317 3701 2370; x_wconf 77' lang='grc' dir='ltr'>εὐνού-</span> 
     </span>
    </p>
   </div>
   <div class='ocr_carea' id='block_1_83' title="bbox 2113 2410 3704 2484">
    <p class='ocr_par' dir='ltr' id='par_1_83' title="bbox 2113 2410 3704 2484">
     <span class='ocr_line' id='line_1_83' title="bbox 2113 2410 3704 2484; baseline 0.001 -21"><span class='ocrx_word' id='word_1_590' title='bbox 2113 2427 2240 2481; x_wconf 92' lang='grc' dir='ltr'>χους</span> <span class='ocrx_word' id='word_1_591' title='bbox 2277 2411 2678 2482; x_wconf 85' lang='grc' dir='ltr'>παραδέχεσθαι</span> <span class='ocrx_word' id='word_1_592' title='bbox 2707 2412 2800 2466; x_wconf 71' lang='grc' dir='ltr'>καὶ</span> <span class='ocrx_word' id='word_1_593' title='bbox 2831 2410 3196 2484; x_wconf 83' lang='grc' dir='ltr'>παραλύτους.</span> <span class='ocrx_word' id='word_1_594' title='bbox 3235 2429 3253 2462; x_wconf 80' lang='grc' dir='ltr'>ι</span> <span class='ocrx_word' id='word_1_595' title='bbox 3298 2411 3408 2464; x_wconf 74' lang='grc' dir='ltr'><strong>Καὶ</strong></span> <span class='ocrx_word' id='word_1_596' title='bbox 3441 2411 3704 2482; x_wconf 70' lang='grc' dir='ltr'>εὐφρανῶ</span> 
     </span>
    </p>
   </div>
   <div class='ocr_carea' id='block_1_84' title="bbox 2113 2500 3702 2574">
    <p class='ocr_par' dir='ltr' id='par_1_84' title="bbox 2113 2500 3702 2574">
     <span class='ocr_line' id='line_1_84' title="bbox 2113 2500 3702 2574; baseline 0 -20"><span class='ocrx_word' id='word_1_597' title='bbox 2113 2501 2311 2564; x_wconf 79' lang='grc' dir='ltr'>αὐτοὺς</span> <span class='ocrx_word' id='word_1_598' title='bbox 2343 2503 2402 2554; x_wconf 89' lang='grc' dir='ltr'><strong>ἐν</strong></span> <span class='ocrx_word' id='word_1_599' title='bbox 2431 2501 2508 2571; x_wconf 80' lang='grc' dir='ltr'><strong>τῷ</strong></span> <span class='ocrx_word' id='word_1_600' title='bbox 2539 2502 2674 2574; x_wconf 80' lang='grc' dir='ltr'>οἴκῳ</span> <span class='ocrx_word' id='word_1_601' title='bbox 2707 2503 2807 2573; x_wconf 84' lang='grc' dir='ltr'>τῆς</span> <span class='ocrx_word' id='word_1_602' title='bbox 2833 2502 3141 2574; x_wconf 78' lang='grc' dir='ltr'>προσευχῆς</span> <span class='ocrx_word' id='word_1_603' title='bbox 3173 2519 3292 2573; x_wconf 88' lang='grc' dir='ltr'>μου.</span> <span class='ocrx_word' id='word_1_604' title='bbox 3357 2500 3438 2554; x_wconf 91' lang='grc' dir='ltr'><strong>Τά</strong></span> <span class='ocrx_word' id='word_1_605' title='bbox 3469 2502 3702 2555; x_wconf 85' lang='grc' dir='ltr'>ὁλοκαυ-</span> 
     </span>
    </p>
   </div>
   <div class='ocr_carea' id='block_1_85' title="bbox 2113 2592 3703 2662">
    <p class='ocr_par' dir='ltr' id='par_1_85' title="bbox 2113 2592 3703 2662">
     <span class='ocr_line' id='line_1_85' title="bbox 2113 2592 3703 2662; baseline 0.001 -18"><span class='ocrx_word' id='word_1_606' title='bbox 2113 2592 2337 2662; x_wconf 86' lang='grc' dir='ltr'>τώματα</span> <span class='ocrx_word' id='word_1_607' title='bbox 2369 2592 2567 2659; x_wconf 80' lang='grc' dir='ltr'>αὑτῶν,</span> <span class='ocrx_word' id='word_1_608' title='bbox 2595 2594 2687 2646; x_wconf 74' lang='grc' dir='ltr'>καὶ</span> <span class='ocrx_word' id='word_1_609' title='bbox 2724 2597 2777 2646; x_wconf 82' lang='grc' dir='ltr'>αἱ</span> <span class='ocrx_word' id='word_1_610' title='bbox 2825 2593 3006 2647; x_wconf 88' lang='grc' dir='ltr'>θυσίαι</span> <span class='ocrx_word' id='word_1_611' title='bbox 3032 2592 3210 2646; x_wconf 77' lang='grc' dir='ltr'>αὐτῶν</span> <span class='ocrx_word' id='word_1_612' title='bbox 3242 2592 3453 2646; x_wconf 80' lang='grc' dir='ltr'>ἔσονται</span> <span class='ocrx_word' id='word_1_613' title='bbox 3511 2592 3703 2646; x_wconf 68' lang='grc' dir='ltr'>δεκταὶ</span> 
     </span>
    </p>
   </div>
   <div class='ocr_carea' id='block_1_86' title="bbox 2115 2679 3702 2756">
    <p class='ocr_par' dir='ltr' id='par_1_86' title="bbox 2115 2679 3702 2756">
     <span class='ocr_line' id='line_1_86' title="bbox 2115 2679 3702 2756; baseline 0.001 -21"><span class='ocrx_word' id='word_1_614' title='bbox 2115 2685 2208 2736; x_wconf 77' lang='grc' dir='ltr'>ἐπὶ</span> <span class='ocrx_word' id='word_1_615' title='bbox 2249 2684 2311 2737; x_wconf 82' lang='grc' dir='ltr'><strong>τὸ</strong></span> <span class='ocrx_word' id='word_1_616' title='bbox 2342 2683 2721 2756; x_wconf 82' lang='grc' dir='ltr'>θυσιαστήριὸν</span> <span class='ocrx_word' id='word_1_617' title='bbox 2768 2702 2892 2756; x_wconf 88' lang='grc' dir='ltr'>μου.</span> <span class='ocrx_word' id='word_1_618' title='bbox 2941 2685 2999 2737; x_wconf 90' lang='grc' dir='ltr'>Ὁ</span> <span class='ocrx_word' id='word_1_619' title='bbox 3033 2685 3141 2755; x_wconf 83' lang='grc' dir='ltr'><strong>γὰρ</strong></span> <span class='ocrx_word' id='word_1_620' title='bbox 3199 2680 3346 2747; x_wconf 78' lang='grc' dir='ltr'>οἶκός</span> <span class='ocrx_word' id='word_1_621' title='bbox 3399 2701 3499 2756; x_wconf 89' lang='grc' dir='ltr'><strong>μου</strong></span> <span class='ocrx_word' id='word_1_622' title='bbox 3553 2679 3702 2748; x_wconf 74' lang='grc' dir='ltr'>οἶκος</span> 
     </span>
    </p>
   </div>
   <div class='ocr_carea' id='block_1_87' title="bbox 2116 2774 3698 2848">
    <p class='ocr_par' dir='ltr' id='par_1_87' title="bbox 2116 2774 3698 2848">
     <span class='ocr_line' id='line_1_87' title="bbox 2116 2774 3698 2848; baseline 0.002 -21"><span class='ocrx_word' id='word_1_623' title='bbox 2116 2777 2422 2846; x_wconf 81' lang='grc' dir='ltr'>προσευχῆς</span> <span class='ocrx_word' id='word_1_624' title='bbox 2454 2776 2779 2848; x_wconf 85' lang='grc' dir='ltr'>κληθήσεται</span> <span class='ocrx_word' id='word_1_625' title='bbox 2819 2779 2954 2830; x_wconf 79' lang='grc' dir='ltr'>πᾶσι</span> <span class='ocrx_word' id='word_1_626' title='bbox 2985 2779 3098 2839; x_wconf 85' lang='grc' dir='ltr'>τοῖς</span> <span class='ocrx_word' id='word_1_627' title='bbox 3129 2777 3358 2830; x_wconf 75' lang='grc' dir='ltr'>ἔθνεσιν.</span> <span class='ocrx_word' id='word_1_628' title='bbox 3400 2797 3417 2828; x_wconf 77' lang='grc' dir='ltr'>ι</span> <span class='ocrx_word' id='word_1_629' title='bbox 3452 2774 3615 2847; x_wconf 81' lang='grc' dir='ltr'>Οἶμαι</span> <span class='ocrx_word' id='word_1_630' title='bbox 3638 2777 3698 2830; x_wconf 79' lang='grc' dir='ltr'>δὲ</span> 
     </span>
    </p>
   </div>
   <div class='ocr_carea' id='block_1_88' title="bbox 2115 2866 3700 2940">
    <p class='ocr_par' dir='ltr' id='par_1_88' title="bbox 2115 2866 3700 2940">
     <span class='ocr_line' id='line_1_88' title="bbox 2115 2866 3700 2940; baseline 0.001 -22"><span class='ocrx_word' id='word_1_631' title='bbox 2115 2866 2205 2919; x_wconf 91' lang='grc' dir='ltr'><strong>διά</strong></span> <span class='ocrx_word' id='word_1_632' title='bbox 2237 2867 2441 2920; x_wconf 84' lang='grc' dir='ltr'>τούτων</span> <span class='ocrx_word' id='word_1_633' title='bbox 2472 2868 2547 2931; x_wconf 85' lang='grc' dir='ltr'>ὡς</span> <span class='ocrx_word' id='word_1_634' title='bbox 2577 2868 2715 2939; x_wconf 77' lang='grc' dir='ltr'>πρὸς</span> <span class='ocrx_word' id='word_1_635' title='bbox 2745 2868 2844 2940; x_wconf 78' lang='grc' dir='ltr'>τὴν</span> <span class='ocrx_word' id='word_1_636' title='bbox 2877 2868 3022 2935; x_wconf 75' lang='grc' dir='ltr'>λέξιν</span> <span class='ocrx_word' id='word_1_637' title='bbox 3058 2867 3146 2921; x_wconf 89' lang='grc' dir='ltr'><strong>διά</strong></span> <span class='ocrx_word' id='word_1_638' title='bbox 3178 2867 3276 2939; x_wconf 85' lang='grc' dir='ltr'>τὴν</span> <span class='ocrx_word' id='word_1_639' title='bbox 3314 2868 3421 2921; x_wconf 83' lang='grc' dir='ltr'><strong>ἀπὸ</strong></span> <span class='ocrx_word' id='word_1_640' title='bbox 3446 2868 3700 2920; x_wconf 80' lang='grc' dir='ltr'>Βαϐυλῶ-</span> 
     </span>
    </p>
   </div>
   <div class='ocr_carea' id='block_1_89' title="bbox 2118 2956 3702 3028">
    <p class='ocr_par' dir='ltr' id='par_1_89' title="bbox 2118 2956 3702 3028">
     <span class='ocr_line' id='line_1_89' title="bbox 2118 2956 3702 3028; baseline 0.001 -20"><span class='ocrx_word' id='word_1_641' title='bbox 2118 2974 2208 3018; x_wconf 89' lang='grc' dir='ltr'><strong>νος</strong></span> <span class='ocrx_word' id='word_1_642' title='bbox 2231 2957 2566 3028; x_wconf 70' lang='grc' dir='ltr'>ἐπιστροφὴν</span> <span class='ocrx_word' id='word_1_643' title='bbox 2580 2956 2674 3010; x_wconf 89' lang='grc' dir='ltr'><strong>τοῦ</strong></span> <span class='ocrx_word' id='word_1_644' title='bbox 2693 2956 2820 3010; x_wconf 84' lang='grc' dir='ltr'>λαοῦ</span> <span class='ocrx_word' id='word_1_645' title='bbox 2843 2957 2942 3028; x_wconf 80' lang='grc' dir='ltr'>τὴν</span> <span class='ocrx_word' id='word_1_646' title='bbox 2988 2957 3080 3010; x_wconf 73' lang='grc' dir='ltr'>ἐπὶ</span> <span class='ocrx_word' id='word_1_647' title='bbox 3111 2957 3295 3027; x_wconf 84' lang='grc' dir='ltr'>Κύρου</span> <span class='ocrx_word' id='word_1_648' title='bbox 3345 2957 3440 3010; x_wconf 74' lang='grc' dir='ltr'>καὶ</span> <span class='ocrx_word' id='word_1_649' title='bbox 3475 2957 3702 3028; x_wconf 82' lang='grc' dir='ltr'>Δαρείου</span> 
     </span>
    </p>
   </div>
   <div class='ocr_carea' id='block_1_90' title="bbox 2117 3047 3701 3121">
    <p class='ocr_par' dir='ltr' id='par_1_90' title="bbox 2117 3047 3701 3121">
     <span class='ocr_line' id='line_1_90' title="bbox 2117 3047 3701 3121; baseline 0.001 -21"><span class='ocrx_word' id='word_1_650' title='bbox 2117 3049 2210 3100; x_wconf 77' lang='grc' dir='ltr'><strong>καὶ</strong></span> <span class='ocrx_word' id='word_1_651' title='bbox 2249 3047 2602 3119; x_wconf 81' lang='grc' dir='ltr'>Ἀρταξέρξου</span> <span class='ocrx_word' id='word_1_652' title='bbox 2654 3050 2949 3121; x_wconf 83' lang='grc' dir='ltr'>γενομένην</span> <span class='ocrx_word' id='word_1_653' title='bbox 3003 3050 3093 3102; x_wconf 82' lang='grc' dir='ltr'><strong>τὸν</strong></span> <span class='ocrx_word' id='word_1_654' title='bbox 3149 3048 3282 3102; x_wconf 78' lang='grc' dir='ltr'>Θεὸν</span> <span class='ocrx_word' id='word_1_655' title='bbox 3332 3048 3397 3103; x_wconf 84' lang='grc' dir='ltr'>ἂν</span> <span class='ocrx_word' id='word_1_656' title='bbox 3449 3047 3701 3119; x_wconf 74' lang='grc' dir='ltr'>εἰρῆσθαι</span> 
     </span>
    </p>
   </div>
   <div class='ocr_carea' id='block_1_91' title="bbox 2121 3141 2840 3212">
    <p class='ocr_par' dir='ltr' id='par_1_91' title="bbox 2121 3141 2840 3212">
     <span class='ocr_line' id='line_1_91' title="bbox 2121 3141 2840 3212; baseline 0.001 -18"><span class='ocrx_word' id='word_1_657' title='bbox 2121 3141 2375 3209; x_wconf 84' lang='grc' dir='ltr'>συνάγειν</span> <span class='ocrx_word' id='word_1_658' title='bbox 2395 3159 2407 3170; x_wconf 94' lang='grc'><strong>·</strong></span> <span class='ocrx_word' id='word_1_659' title='bbox 2451 3141 2530 3194; x_wconf 83' lang='grc' dir='ltr'><strong>διὸ</strong></span> <span class='ocrx_word' id='word_1_660' title='bbox 2559 3142 2799 3212; x_wconf 85' lang='grc' dir='ltr'>ἐπιλέγει</span> <span class='ocrx_word' id='word_1_661' title='bbox 2825 3160 2840 3173; x_wconf 74' lang='grc' dir='ltr'><strong>ο</strong></span> 
     </span>
    </p>
   </div>
   <div class='ocr_carea' id='block_1_92' title="bbox 2196 3229 3702 3305">
    <p class='ocr_par' dir='ltr' id='par_1_92' title="bbox 2196 3229 3702 3305">
     <span class='ocr_line' id='line_1_92' title="bbox 2196 3229 3702 3305; baseline 0.001 -22"><span class='ocrx_word' id='word_1_662' title='bbox 2196 3254 2212 3283; x_wconf 82' lang='grc' dir='ltr'>ι</span> <span class='ocrx_word' id='word_1_663' title='bbox 2257 3229 2390 3286; x_wconf 84' lang='grc' dir='ltr'>Εἴπε</span> <span class='ocrx_word' id='word_1_664' title='bbox 2431 3233 2637 3304; x_wconf 86' lang='grc' dir='ltr'>Κύριος</span> <span class='ocrx_word' id='word_1_665' title='bbox 2685 3237 2713 3287; x_wconf 90' lang='grc' dir='ltr'>ὁ</span> <span class='ocrx_word' id='word_1_666' title='bbox 2768 3233 3013 3303; x_wconf 88' lang='grc' dir='ltr'>συνάγων</span> <span class='ocrx_word' id='word_1_667' title='bbox 3079 3236 3205 3298; x_wconf 77' lang='grc' dir='ltr'>τοὺς</span> <span class='ocrx_word' id='word_1_668' title='bbox 3274 3233 3702 3305; x_wconf 85' lang='grc' dir='ltr'>διεσπαρμένους</span> 
     </span>
    </p>
   </div>
   <div class='ocr_carea' id='block_1_93' title="bbox 2136 3322 3703 3394">
    <p class='ocr_par' dir='ltr' id='par_1_93' title="bbox 2136 3322 3703 3394">
     <span class='ocr_line' id='line_1_93' title="bbox 2136 3322 3703 3394; baseline 0 -20"><span class='ocrx_word' id='word_1_669' title='bbox 2136 3322 2374 3394; x_wconf 80' lang='grc' dir='ltr'>Ἰσραὴλ,</span> <span class='ocrx_word' id='word_1_670' title='bbox 2396 3324 2478 3376; x_wconf 84' lang='grc' dir='ltr'><strong>ὅτι</strong></span> <span class='ocrx_word' id='word_1_671' title='bbox 2517 3323 2736 3387; x_wconf 82' lang='grc' dir='ltr'>Συνάξω</span> <span class='ocrx_word' id='word_1_672' title='bbox 2765 3323 2853 3376; x_wconf 85' lang='grc' dir='ltr'>ἐπ’</span> <span class='ocrx_word' id='word_1_673' title='bbox 2888 3323 3049 3377; x_wconf 82' lang='grc' dir='ltr'>αὐτὸν</span> <span class='ocrx_word' id='word_1_674' title='bbox 3095 3324 3436 3393; x_wconf 78' lang='grc' dir='ltr'>συναγωγήν.</span> <span class='ocrx_word' id='word_1_675' title='bbox 3479 3343 3496 3374; x_wconf 81' lang='grc' dir='ltr'>ι</span> <span class='ocrx_word' id='word_1_676' title='bbox 3561 3322 3703 3376; x_wconf 82' lang='grc' dir='ltr'>Καθ’</span> 
     </span>
    </p>
   </div>
   <div class='ocr_carea' id='block_1_94' title="bbox 2119 3411 3708 3488">
    <p class='ocr_par' dir='ltr' id='par_1_94' title="bbox 2119 3411 3708 3488">
     <span class='ocr_line' id='line_1_94' title="bbox 2119 3411 3708 3488; baseline 0.001 -20"><span class='ocrx_word' id='word_1_677' title='bbox 2119 3413 2211 3476; x_wconf 79' lang='grc' dir='ltr'><strong>οὒς</strong></span> <span class='ocrx_word' id='word_1_678' title='bbox 2241 3414 2296 3466; x_wconf 83' lang='grc' dir='ltr'><strong>δὲ</strong></span> <span class='ocrx_word' id='word_1_679' title='bbox 2323 3415 2549 3486; x_wconf 89' lang='grc' dir='ltr'>χρόνους</span> <span class='ocrx_word' id='word_1_680' title='bbox 2579 3416 2724 3479; x_wconf 74' lang='grc' dir='ltr'>εἰκὸς</span> <span class='ocrx_word' id='word_1_681' title='bbox 2767 3411 2836 3488; x_wconf 79' lang='grc' dir='ltr'>ἦν</span> <span class='ocrx_word' id='word_1_682' title='bbox 2891 3416 2985 3470; x_wconf 78' lang='grc' dir='ltr'><strong>καὶ</strong></span> <span class='ocrx_word' id='word_1_683' title='bbox 3047 3414 3251 3486; x_wconf 78' lang='grc' dir='ltr'>πλῆθος</span> <span class='ocrx_word' id='word_1_684' title='bbox 3302 3416 3484 3479; x_wconf 80' lang='grc' dir='ltr'>αὐτοῖς</span> <span class='ocrx_word' id='word_1_685' title='bbox 3546 3415 3708 3469; x_wconf 85' lang='grc' dir='ltr'>ἀλλο-</span> 
     </span>
    </p>
   </div>
   <div class='ocr_carea' id='block_1_95' title="bbox 2082 3504 3704 3578">
    <p class='ocr_par' dir='ltr' id='par_1_95' title="bbox 2082 3504 3704 3578">
     <span class='ocr_line' id='line_1_95' title="bbox 2082 3504 3704 3578; baseline 0.003 -23"><span class='ocrx_word' id='word_1_686' title='bbox 2082 3535 2086 3541; x_wconf 96' lang='grc'><strong>-</strong></span> <span class='ocrx_word' id='word_1_687' title='bbox 2120 3504 2303 3573; x_wconf 83' lang='grc' dir='ltr'>φύλων</span> <span class='ocrx_word' id='word_1_688' title='bbox 2324 3506 2494 3559; x_wconf 79' lang='grc' dir='ltr'>ἐθνῶν</span> <span class='ocrx_word' id='word_1_689' title='bbox 2524 3506 2960 3578; x_wconf 85' lang='grc' dir='ltr'>προσηλυτεῦσαι</span> <span class='ocrx_word' id='word_1_690' title='bbox 2984 3524 2997 3537; x_wconf 70' lang='grc'><strong>⁸</strong></span> <span class='ocrx_word' id='word_1_691' title='bbox 3034 3505 3127 3570; x_wconf 84' lang='grc' dir='ltr'><strong>οὓς</strong></span> <span class='ocrx_word' id='word_1_692' title='bbox 3169 3506 3257 3560; x_wconf 86' lang='grc' dir='ltr'>διὰ</span> <span class='ocrx_word' id='word_1_693' title='bbox 3283 3507 3379 3578; x_wconf 77' lang='grc' dir='ltr'>τὴν</span> <span class='ocrx_word' id='word_1_694' title='bbox 3429 3507 3704 3577; x_wconf 86' lang='grc' dir='ltr'>προτέραν</span> 
     </span>
    </p>
   </div>
   <div class='ocr_carea' id='block_1_96' title="bbox 2120 3597 3699 3669">
    <p class='ocr_par' dir='ltr' id='par_1_96' title="bbox 2120 3597 3699 3669">
     <span class='ocr_line' id='line_1_96' title="bbox 2120 3597 3699 3669; baseline 0.003 -20"><span class='ocrx_word' id='word_1_695' title='bbox 2120 3597 2473 3664; x_wconf 86' lang='grc' dir='ltr'>κατάστασιν,</span> <span class='ocrx_word' id='word_1_696' title='bbox 2507 3600 2602 3653; x_wconf 77' lang='grc' dir='ltr'><strong>καὶ</strong></span> <span class='ocrx_word' id='word_1_697' title='bbox 2634 3599 2721 3653; x_wconf 89' lang='grc' dir='ltr'><strong>διά</strong></span> <span class='ocrx_word' id='word_1_698' title='bbox 2745 3601 2804 3653; x_wconf 86' lang='grc' dir='ltr'><strong>τὸ</strong></span> <span class='ocrx_word' id='word_1_699' title='bbox 2834 3600 3120 3669; x_wconf 80' lang='grc' dir='ltr'>ἀλλογενὲς</span> <span class='ocrx_word' id='word_1_700' title='bbox 3156 3602 3249 3654; x_wconf 74' lang='grc' dir='ltr'><strong>καὶ</strong></span> <span class='ocrx_word' id='word_1_701' title='bbox 3281 3599 3556 3668; x_wconf 83' lang='grc' dir='ltr'>ἀλλότριον</span> <span class='ocrx_word' id='word_1_702' title='bbox 3603 3598 3699 3653; x_wconf 81' lang='grc' dir='ltr'><strong>τοῦ</strong></span> 
     </span>
    </p>
   </div>
   <div class='ocr_carea' id='block_1_97' title="bbox 2120 3690 3310 3763">
    <p class='ocr_par' dir='ltr' id='par_1_97' title="bbox 2120 3690 3310 3763">
     <span class='ocr_line' id='line_1_97' title="bbox 2120 3690 3310 3763; baseline 0.002 -22"><span class='ocrx_word' id='word_1_703' title='bbox 2120 3690 2343 3760; x_wconf 86' lang='grc' dir='ltr'>τρόπου,</span> <span class='ocrx_word' id='word_1_704' title='bbox 2370 3690 2543 3762; x_wconf 83' lang='grc' dir='ltr'>ἀγροῦ</span> <span class='ocrx_word' id='word_1_705' title='bbox 2577 3690 2740 3762; x_wconf 84' lang='grc' dir='ltr'>θηρία</span> <span class='ocrx_word' id='word_1_706' title='bbox 2768 3693 3049 3763; x_wconf 86' lang='grc' dir='ltr'>ὠνόμασεν</span> <span class='ocrx_word' id='word_1_707' title='bbox 3083 3695 3111 3746; x_wconf 84' lang='grc' dir='ltr'>ὁ</span> <span class='ocrx_word' id='word_1_708' title='bbox 3139 3692 3310 3760; x_wconf 88' lang='grc' dir='ltr'>λόγος.</span> 
     </span>
    </p>
   </div>
   <div class='ocr_carea' id='block_1_98' title="bbox 2197 3783 3704 3856">
    <p class='ocr_par' dir='ltr' id='par_1_98' title="bbox 2197 3783 3704 3856">
     <span class='ocr_line' id='line_1_98' title="bbox 2197 3783 3704 3856; baseline 0.001 -21"><span class='ocrx_word' id='word_1_709' title='bbox 2197 3803 2215 3834; x_wconf 75' lang='grc' dir='ltr'>ι</span> <span class='ocrx_word' id='word_1_710' title='bbox 2250 3783 2434 3836; x_wconf 84' lang='grc' dir='ltr'>Πάντα</span> <span class='ocrx_word' id='word_1_711' title='bbox 2462 3783 2532 3837; x_wconf 80' lang='grc' dir='ltr'>τὰ</span> <span class='ocrx_word' id='word_1_712' title='bbox 2555 3783 2720 3855; x_wconf 89' lang='grc' dir='ltr'>θηρία</span> <span class='ocrx_word' id='word_1_713' title='bbox 2740 3785 2808 3838; x_wconf 82' lang='grc' dir='ltr'>τὰ</span> <span class='ocrx_word' id='word_1_714' title='bbox 2837 3786 3018 3856; x_wconf 82' lang='grc' dir='ltr'>ἄγρια,</span> <span class='ocrx_word' id='word_1_715' title='bbox 3041 3786 3212 3851; x_wconf 88' lang='grc' dir='ltr'>δεῦτε,</span> <span class='ocrx_word' id='word_1_716' title='bbox 3247 3785 3468 3854; x_wconf 82' lang='grc' dir='ltr'>φάγετε,</span> <span class='ocrx_word' id='word_1_717' title='bbox 3520 3783 3704 3837; x_wconf 79' lang='grc' dir='ltr'>πάντα.</span> 
     </span>
    </p>
   </div>
   <div class='ocr_carea' id='block_1_99' title="bbox 2119 3874 3704 3952">
    <p class='ocr_par' dir='ltr' id='par_1_99' title="bbox 2119 3874 3704 3952">
     <span class='ocr_line' id='line_1_99' title="bbox 2119 3874 3704 3952; baseline 0.002 -25"><span class='ocrx_word' id='word_1_718' title='bbox 2119 3874 2189 3927; x_wconf 81' lang='grc' dir='ltr'><strong>τά</strong></span> <span class='ocrx_word' id='word_1_719' title='bbox 2242 3875 2405 3949; x_wconf 83' lang='grc' dir='ltr'>θηρία</span> <span class='ocrx_word' id='word_1_720' title='bbox 2462 3875 2557 3930; x_wconf 88' lang='grc' dir='ltr'><strong>τοῦ</strong></span> <span class='ocrx_word' id='word_1_721' title='bbox 2600 3877 2830 3948; x_wconf 87' lang='grc' dir='ltr'>δρυμοῦ.</span> <span class='ocrx_word' id='word_1_722' title='bbox 2873 3898 2891 3929; x_wconf 76' lang='grc' dir='ltr'>ι</span> <span class='ocrx_word' id='word_1_723' title='bbox 2939 3878 3021 3930; x_wconf 87' lang='grc' dir='ltr'><strong>Τά</strong></span> <span class='ocrx_word' id='word_1_724' title='bbox 3051 3878 3109 3931; x_wconf 81' lang='grc' dir='ltr'>δὲ</span> <span class='ocrx_word' id='word_1_725' title='bbox 3141 3879 3302 3952; x_wconf 86' lang='grc' dir='ltr'>θηρία</span> <span class='ocrx_word' id='word_1_726' title='bbox 3334 3877 3402 3930; x_wconf 82' lang='grc' dir='ltr'>τὰ</span> <span class='ocrx_word' id='word_1_727' title='bbox 3434 3877 3569 3948; x_wconf 86' lang='grc' dir='ltr'><strong>μετά</strong></span> <span class='ocrx_word' id='word_1_728' title='bbox 3605 3877 3704 3930; x_wconf 88' lang='grc' dir='ltr'><strong>τοῦ</strong></span> 
     </span>
    </p>
   </div>
   <div class='ocr_carea' id='block_1_100' title="bbox 2135 3966 3706 4040">
    <p class='ocr_par' dir='ltr' id='par_1_100' title="bbox 2135 3966 3706 4040">
     <span class='ocr_line' id='line_1_100' title="bbox 2135 3966 3706 4040; baseline 0.001 -22"><span class='ocrx_word' id='word_1_729' title='bbox 2135 3967 2351 4038; x_wconf 86' lang='grc' dir='ltr'>Ἰσραὴλ</span> <span class='ocrx_word' id='word_1_730' title='bbox 2380 3968 2723 4038; x_wconf 86' lang='grc' dir='ltr'>συναγόμενα</span> <span class='ocrx_word' id='word_1_731' title='bbox 2763 3970 2818 4020; x_wconf 82' lang='grc' dir='ltr'>οί-</span> <span class='ocrx_word' id='word_1_732' title='bbox 2846 3967 2905 4032; x_wconf 78' lang='grc' dir='ltr'>ἐξ</span> <span class='ocrx_word' id='word_1_733' title='bbox 2934 3969 3102 4021; x_wconf 89' lang='grc' dir='ltr'>ἐθνῶν</span> <span class='ocrx_word' id='word_1_734' title='bbox 3145 3969 3461 4040; x_wconf 84' lang='grc' dir='ltr'>προσιόντες</span> <span class='ocrx_word' id='word_1_735' title='bbox 3493 3967 3571 4038; x_wconf 79' lang='grc' dir='ltr'>τῷ</span> <span class='ocrx_word' id='word_1_736' title='bbox 3617 3966 3706 4020; x_wconf 84' lang='grc' dir='ltr'>λό-</span> 
     </span>
    </p>
   </div>
   <div class='ocr_carea' id='block_1_101' title="bbox 2121 4054 3707 4129">
    <p class='ocr_par' dir='ltr' id='par_1_101' title="bbox 2121 4054 3707 4129">
     <span class='ocr_line' id='line_1_101' title="bbox 2121 4054 3707 4129; baseline 0.001 -19"><span class='ocrx_word' id='word_1_737' title='bbox 2121 4073 2204 4128; x_wconf 82' lang='grc' dir='ltr'><strong>γῳ</strong></span> <span class='ocrx_word' id='word_1_738' title='bbox 2244 4054 2356 4111; x_wconf 83' lang='grc' dir='ltr'>εἷεν</span> <span class='ocrx_word' id='word_1_739' title='bbox 2401 4058 2487 4123; x_wconf 83' lang='grc' dir='ltr'><strong>ἂν,</strong></span> <span class='ocrx_word' id='word_1_740' title='bbox 2541 4057 2635 4122; x_wconf 81' lang='grc' dir='ltr'><strong>οὓς</strong></span> <span class='ocrx_word' id='word_1_741' title='bbox 2672 4061 3019 4114; x_wconf 84' lang='grc' dir='ltr'>ἀνακαλεῖται</span> <span class='ocrx_word' id='word_1_742' title='bbox 3051 4061 3224 4129; x_wconf 85' lang='grc' dir='ltr'>λέγων</span> <span class='ocrx_word' id='word_1_743' title='bbox 3252 4077 3266 4091; x_wconf 80' lang='lat'><strong><em>°</em></strong></span> <span class='ocrx_word' id='word_1_744' title='bbox 3330 4079 3348 4112; x_wconf 82' lang='grc' dir='ltr'>ι</span> <span class='ocrx_word' id='word_1_745' title='bbox 3387 4059 3570 4124; x_wconf 84' lang='grc' dir='ltr'>Δεῦτε,</span> <span class='ocrx_word' id='word_1_746' title='bbox 3600 4059 3707 4128; x_wconf 79' lang='grc' dir='ltr'><strong>φά-</strong></span> 
     </span>
    </p>
   </div>
   <div class='ocr_carea' id='block_1_102' title="bbox 2121 4149 3706 4222">
    <p class='ocr_par' dir='ltr' id='par_1_102' title="bbox 2121 4149 3706 4222">
     <span class='ocr_line' id='line_1_102' title="bbox 2121 4149 3706 4222; baseline 0.002 -22"><span class='ocrx_word' id='word_1_747' title='bbox 2121 4165 2278 4216; x_wconf 87' lang='grc' dir='ltr'>γετε,</span> <span class='ocrx_word' id='word_1_748' title='bbox 2329 4150 2505 4202; x_wconf 85' lang='grc' dir='ltr'>πάντα</span> <span class='ocrx_word' id='word_1_749' title='bbox 2552 4150 2628 4205; x_wconf 53' lang='grc' dir='ltr'><strong>τάν</strong></span> <span class='ocrx_word' id='word_1_750' title='bbox 2675 4151 2838 4222; x_wconf 83' lang='grc' dir='ltr'>θηρία</span> <span class='ocrx_word' id='word_1_751' title='bbox 2891 4151 2985 4204; x_wconf 89' lang='grc' dir='ltr'><strong>τοῦ</strong></span> <span class='ocrx_word' id='word_1_752' title='bbox 3039 4150 3266 4222; x_wconf 89' lang='grc' dir='ltr'>δρυμοῦ.</span> <span class='ocrx_word' id='word_1_753' title='bbox 3311 4171 3331 4204; x_wconf 73' lang='grc' dir='ltr'>ι</span> <span class='ocrx_word' id='word_1_754' title='bbox 3386 4150 3606 4222; x_wconf 73' lang='grc' dir='ltr'>Δρυμὸν</span> <span class='ocrx_word' id='word_1_755' title='bbox 3647 4149 3706 4203; x_wconf 75' lang='grc' dir='ltr'>δὲ</span> 
     </span>
    </p>
   </div>
   <div class='ocr_carea' id='block_1_103' title="bbox 2127 4239 3705 4314">
    <p class='ocr_par' dir='ltr' id='par_1_103' title="bbox 2127 4239 3705 4314">
     <span class='ocr_line' id='line_1_103' title="bbox 2127 4239 3705 4314; baseline -0.001 -20"><span class='ocrx_word' id='word_1_756' title='bbox 2127 4241 2386 4305; x_wconf 86' lang='grc' dir='ltr'>πολλάκις</span> <span class='ocrx_word' id='word_1_757' title='bbox 2441 4243 2822 4314; x_wconf 80' lang='grc' dir='ltr'>τετηρήκαμεν</span> <span class='ocrx_word' id='word_1_758' title='bbox 2864 4243 2925 4294; x_wconf 84' lang='grc' dir='ltr'><strong>τὸ</strong></span> <span class='ocrx_word' id='word_1_759' title='bbox 2976 4242 3179 4313; x_wconf 84' lang='grc' dir='ltr'>πλῆθος</span> <span class='ocrx_word' id='word_1_760' title='bbox 3225 4241 3337 4294; x_wconf 92' lang='grc' dir='ltr'><strong>τῶν</strong></span> <span class='ocrx_word' id='word_1_761' title='bbox 3392 4239 3705 4308; x_wconf 77' lang='grc' dir='ltr'>ἀλλοφύλων</span> 
     </span>
    </p>
   </div>
   <div class='ocr_carea' id='block_1_104' title="bbox 2122 4323 3706 4400">
    <p class='ocr_par' dir='ltr' id='par_1_104' title="bbox 2122 4323 3706 4400">
     <span class='ocr_line' id='line_1_104' title="bbox 2122 4323 3706 4400; baseline -0.004 -16"><span class='ocrx_word' id='word_1_762' title='bbox 2122 4331 2293 4384; x_wconf 88' lang='grc' dir='ltr'>ἐθνῶν</span> <span class='ocrx_word' id='word_1_763' title='bbox 2312 4330 2579 4400; x_wconf 85' lang='grc' dir='ltr'>λελέχθαι.</span> <span class='ocrx_word' id='word_1_764' title='bbox 2609 4329 2772 4383; x_wconf 83' lang='grc' dir='ltr'>Ταῦτ’</span> <span class='ocrx_word' id='word_1_765' title='bbox 2809 4326 2900 4383; x_wconf 78' lang='grc' dir='ltr'><strong>οῦν</strong></span> <span class='ocrx_word' id='word_1_766' title='bbox 2943 4330 3011 4383; x_wconf 80' lang='grc' dir='ltr'>τὰ</span> <span class='ocrx_word' id='word_1_767' title='bbox 3065 4329 3227 4400; x_wconf 85' lang='grc' dir='ltr'>θηρία</span> <span class='ocrx_word' id='word_1_768' title='bbox 3271 4328 3372 4397; x_wconf 78' lang='grc' dir='ltr'>τῆς</span> <span class='ocrx_word' id='word_1_769' title='bbox 3419 4326 3514 4380; x_wconf 85' lang='grc' dir='ltr'><strong>τοῦ</strong></span> <span class='ocrx_word' id='word_1_770' title='bbox 3567 4323 3706 4378; x_wconf 73' lang='grc' dir='ltr'>Θεοῦ</span> 
     </span>
    </p>
   </div>
   <div class='ocr_carea' id='block_1_105' title="bbox 2123 4418 3569 4492">
    <p class='ocr_par' dir='ltr' id='par_1_105' title="bbox 2123 4418 3569 4492">
     <span class='ocr_line' id='line_1_105' title="bbox 2123 4418 3569 4492; baseline -0.004 -17"><span class='ocrx_word' id='word_1_771' title='bbox 2123 4422 2372 4492; x_wconf 87' lang='grc' dir='ltr'>κλήσεως</span> <span class='ocrx_word' id='word_1_772' title='bbox 2401 4421 2668 4486; x_wconf 81' lang='grc' dir='ltr'>καταξιοῖ,</span> <span class='ocrx_word' id='word_1_773' title='bbox 2703 4422 2797 4474; x_wconf 74' lang='grc' dir='ltr'>καὶ</span> <span class='ocrx_word' id='word_1_774' title='bbox 2827 4423 2905 4485; x_wconf 86' lang='grc' dir='ltr'>εἰς</span> <span class='ocrx_word' id='word_1_775' title='bbox 2927 4421 3165 4474; x_wconf 78' lang='grc' dir='ltr'>ἑστίασιν</span> <span class='ocrx_word' id='word_1_776' title='bbox 3197 4418 3569 4473; x_wconf 84' lang='grc' dir='ltr'>ἀνακαλεῖται.</span> 
     </span>
    </p>
   </div>
   <div class='ocr_carea' id='block_1_106' title="bbox 2203 4551 3706 4626">
    <p class='ocr_par' dir='ltr' id='par_1_106' title="bbox 2203 4551 3706 4626">
     <span class='ocr_line' id='line_1_106' title="bbox 2203 4551 3706 4626; baseline -0.004 -14"><span class='ocrx_word' id='word_1_777' title='bbox 2203 4581 2221 4612; x_wconf 87' lang='grc' dir='ltr'>ι</span> <span class='ocrx_word' id='word_1_778' title='bbox 2255 4560 2444 4622; x_wconf 86' lang='grc' dir='ltr'>Ἴδετε,</span> <span class='ocrx_word' id='word_1_779' title='bbox 2473 4558 2555 4614; x_wconf 76' lang='grc' dir='ltr'>ὅτι</span> <span class='ocrx_word' id='word_1_780' title='bbox 2585 4557 3021 4626; x_wconf 76' lang='grc' dir='ltr'>ὲκτετύφλωνται</span> <span class='ocrx_word' id='word_1_781' title='bbox 3046 4555 3246 4616; x_wconf 86' lang='grc' dir='ltr'>πάντες</span> <span class='ocrx_word' id='word_1_782' title='bbox 3267 4571 3279 4583; x_wconf 89' lang='grc'>·</span> <span class='ocrx_word' id='word_1_783' title='bbox 3317 4553 3416 4605; x_wconf 87' lang='grc' dir='ltr'><strong>οὑκ</strong></span> <span class='ocrx_word' id='word_1_784' title='bbox 3441 4551 3706 4618; x_wconf 75' lang='grc' dir='ltr'>ἔγνωσανο</span> 
     </span>
    </p>
   </div>
   <div class='ocr_carea' id='block_1_107' title="bbox 2127 4644 3709 4723">
    <p class='ocr_par' dir='ltr' id='par_1_107' title="bbox 2127 4644 3709 4723">
     <span class='ocr_line' id='line_1_107' title="bbox 2127 4644 3709 4723; baseline -0.006 -16"><span class='ocrx_word' id='word_1_785' title='bbox 2127 4653 2285 4716; x_wconf 88' lang='grc' dir='ltr'>κύνες</span> <span class='ocrx_word' id='word_1_786' title='bbox 2317 4653 2536 4705; x_wconf 77' lang='grc' dir='ltr'>ἐνεοὶοὺ</span> <span class='ocrx_word' id='word_1_787' title='bbox 2569 4652 2884 4723; x_wconf 83' lang='grc' dir='ltr'>δυνήσονται</span> <span class='ocrx_word' id='word_1_788' title='bbox 2940 4649 3208 4709; x_wconf 85' lang='grc' dir='ltr'>ὑλακτεῖν,</span> <span class='ocrx_word' id='word_1_789' title='bbox 3266 4644 3709 4715; x_wconf 75' lang='grc' dir='ltr'>ἐνυπνιαζόμενοι</span> 
     </span>
    </p>
   </div>
   <div class='ocr_carea' id='block_1_108' title="bbox 2127 4735 3710 4818">
    <p class='ocr_par' dir='ltr' id='par_1_108' title="bbox 2127 4735 3710 4818">
     <span class='ocr_line' id='line_1_108' title="bbox 2127 4735 3710 4818; baseline -0.004 -19"><span class='ocrx_word' id='word_1_790' title='bbox 2127 4746 2334 4818; x_wconf 83' lang='grc' dir='ltr'>κοίτην,</span> <span class='ocrx_word' id='word_1_791' title='bbox 2368 4744 2646 4815; x_wconf 80' lang='grc' dir='ltr'>φιλοῦντες</span> <span class='ocrx_word' id='word_1_792' title='bbox 2679 4742 2957 4808; x_wconf 79' lang='grc' dir='ltr'>νυστάξαι.</span> <span class='ocrx_word' id='word_1_793' title='bbox 2991 4761 3009 4792; x_wconf 78' lang='grc' dir='ltr'>ι</span> <span class='ocrx_word' id='word_1_794' title='bbox 3044 4742 3154 4794; x_wconf 72' lang='grc' dir='ltr'>Καὶ</span> <span class='ocrx_word' id='word_1_795' title='bbox 3193 4741 3425 4794; x_wconf 83' lang='grc' dir='ltr'>τοιοῦτοι</span> <span class='ocrx_word' id='word_1_796' title='bbox 3450 4739 3548 4810; x_wconf 83' lang='grc' dir='ltr'>μὲν</span> <span class='ocrx_word' id='word_1_797' title='bbox 3570 4735 3710 4809; x_wconf 80' lang='grc' dir='ltr'>ἦσαν</span> 
     </span>
    </p>
   </div>
   <div class='ocr_carea' id='block_1_109' title="bbox 2126 4829 3710 4907">
    <p class='ocr_par' dir='ltr' id='par_1_109' title="bbox 2126 4829 3710 4907">
     <span class='ocr_line' id='line_1_109' title="bbox 2126 4829 3710 4907; baseline -0.004 -16"><span class='ocrx_word' id='word_1_798' title='bbox 2126 4840 2176 4892; x_wconf 82' lang='grc' dir='ltr'><strong>οἱ</strong></span> <span class='ocrx_word' id='word_1_799' title='bbox 2207 4838 2314 4891; x_wconf 89' lang='grc' dir='ltr'><strong>τῶν</strong></span> <span class='ocrx_word' id='word_1_800' title='bbox 2351 4837 2621 4891; x_wconf 86' lang='grc' dir='ltr'>Ἰουδαίων</span> <span class='ocrx_word' id='word_1_801' title='bbox 2652 4837 2908 4907; x_wconf 82' lang='grc' dir='ltr'>ἄρχοντες</span> <span class='ocrx_word' id='word_1_802' title='bbox 2939 4834 3076 4906; x_wconf 86' lang='grc' dir='ltr'>πρὸς</span> <span class='ocrx_word' id='word_1_803' title='bbox 3103 4835 3228 4897; x_wconf 77' lang='grc' dir='ltr'>τοὺς</span> <span class='ocrx_word' id='word_1_804' title='bbox 3251 4833 3427 4896; x_wconf 83' lang='grc' dir='ltr'>ἐκτὸς,</span> <span class='ocrx_word' id='word_1_805' title='bbox 3455 4832 3589 4903; x_wconf 86' lang='grc' dir='ltr'>πρὸς</span> <span class='ocrx_word' id='word_1_806' title='bbox 3616 4829 3710 4893; x_wconf 80' lang='grc' dir='ltr'><strong>οὓς</strong></span> 
     </span>
    </p>
   </div>
   <div class='ocr_carea' id='block_1_110' title="bbox 2129 4922 3712 5001">
    <p class='ocr_par' dir='ltr' id='par_1_110' title="bbox 2129 4922 3712 5001">
     <span class='ocr_line' id='line_1_110' title="bbox 2129 4922 3712 5001; baseline -0.005 -17"><span class='ocrx_word' id='word_1_807' title='bbox 2129 4932 2236 4985; x_wconf 81' lang='grc' dir='ltr'>ἔδει</span> <span class='ocrx_word' id='word_1_808' title='bbox 2272 4930 2755 5001; x_wconf 62' lang='grc' dir='ltr'>ἐγρηγορέναιςκαὶ</span> <span class='ocrx_word' id='word_1_809' title='bbox 2788 4931 3006 4999; x_wconf 76' lang='grc' dir='ltr'>νήφειν,</span> <span class='ocrx_word' id='word_1_810' title='bbox 3048 4927 3140 4979; x_wconf 77' lang='grc' dir='ltr'><strong>καὶ</strong></span> <span class='ocrx_word' id='word_1_811' title='bbox 3171 4925 3312 4979; x_wconf 84' lang='grc' dir='ltr'><strong>κατά</strong></span> <span class='ocrx_word' id='word_1_812' title='bbox 3351 4923 3459 4977; x_wconf 74' lang='grc' dir='ltr'><strong>τῶν</strong></span> <span class='ocrx_word' id='word_1_813' title='bbox 3500 4922 3712 4994; x_wconf 83' lang='grc' dir='ltr'>ἐχθρῶν</span> 
     </span>
    </p>
   </div>
   <div class='ocr_carea' id='block_1_111' title="bbox 2133 5017 3720 5095">
    <p class='ocr_par' dir='ltr' id='par_1_111' title="bbox 2133 5017 3720 5095">
     <span class='ocr_line' id='line_1_111' title="bbox 2133 5017 3720 5095; baseline -0.006 -16"><span class='ocrx_word' id='word_1_814' title='bbox 2133 5026 2380 5080; x_wconf 86' lang='grc' dir='ltr'>ὑλακτεῖν</span> <span class='ocrx_word' id='word_1_815' title='bbox 2407 5042 2419 5054; x_wconf 90' lang='grc'><strong>·</strong></span> <span class='ocrx_word' id='word_1_816' title='bbox 2462 5026 2598 5095; x_wconf 81' lang='grc' dir='ltr'>πρὸς</span> <span class='ocrx_word' id='word_1_817' title='bbox 2616 5023 2673 5078; x_wconf 81' lang='grc' dir='ltr'><strong>δὲ.</strong></span> <span class='ocrx_word' id='word_1_818' title='bbox 2697 5024 2823 5087; x_wconf 77' lang='grc' dir='ltr'>τοὺς</span> <span class='ocrx_word' id='word_1_819' title='bbox 2849 5022 3084 5085; x_wconf 78' lang='grc' dir='ltr'>οἰκείους</span> <span class='ocrx_word' id='word_1_820' title='bbox 3103 5020 3339 5084; x_wconf 88' lang='grc' dir='ltr'>ἀναιδεῖς</span> <span class='ocrx_word' id='word_1_821' title='bbox 3361 5036 3505 5084; x_wconf 89' lang='grc' dir='ltr'>τινες</span> <span class='ocrx_word' id='word_1_822' title='bbox 3537 5017 3720 5089; x_wconf 74' lang='grc' dir='ltr'>ὑπῆρ-</span> 
     </span>
    </p>
   </div>
   <div class='ocr_carea' id='block_1_112' title="bbox 2130 5111 3721 5189">
    <p class='ocr_par' dir='ltr' id='par_1_112' title="bbox 2130 5111 3721 5189">
     <span class='ocr_line' id='line_1_112' title="bbox 2130 5111 3721 5189; baseline -0.002 -18"><span class='ocrx_word' id='word_1_823' title='bbox 2130 5135 2244 5189; x_wconf 90' lang='grc' dir='ltr'>χον,</span> <span class='ocrx_word' id='word_1_824' title='bbox 2274 5116 2648 5183; x_wconf 82' lang='grc' dir='ltr'>κατεσθίοντες</span> <span class='ocrx_word' id='word_1_825' title='bbox 2670 5116 2740 5169; x_wconf 81' lang='grc' dir='ltr'><strong>τά</strong></span> <span class='ocrx_word' id='word_1_826' title='bbox 2763 5115 2855 5169; x_wconf 87' lang='grc' dir='ltr'>ὑπ’</span> <span class='ocrx_word' id='word_1_827' title='bbox 2875 5116 3060 5180; x_wconf 85' lang='grc' dir='ltr'>αὐτοῖς</span> <span class='ocrx_word' id='word_1_828' title='bbox 3099 5112 3497 5185; x_wconf 80' lang='grc' dir='ltr'>ποιμαινόμενα</span> <span class='ocrx_word' id='word_1_829' title='bbox 3551 5111 3721 5184; x_wconf 83' lang='grc' dir='ltr'>θρέμ-</span> 
     </span>
    </p>
   </div>
   <div class='ocr_carea' id='block_1_113' title="bbox 2131 5228 2296 5283">
    <p class='ocr_par' dir='ltr' id='par_1_113' title="bbox 2131 5228 2296 5283">
     <span class='ocr_line' id='line_1_113' title="bbox 2131 5228 2296 5283; baseline -0.018 -18"><span class='ocrx_word' id='word_1_830' title='bbox 2131 5228 2296 5283; x_wconf 87' lang='grc' dir='ltr'>ματα.</span> 
     </span>
    </p>
   </div>
   <div class='ocr_carea' id='block_1_114' title="bbox 2207 5339 3720 5417">
    <p class='ocr_par' dir='ltr' id='par_1_114' title="bbox 2207 5339 3720 5417">
     <span class='ocr_line' id='line_1_114' title="bbox 2207 5339 3720 5417; baseline -0.007 -17"><span class='ocrx_word' id='word_1_831' title='bbox 2207 5370 2225 5400; x_wconf 85' lang='grc' dir='ltr'>ι</span> <span class='ocrx_word' id='word_1_832' title='bbox 2263 5351 2375 5403; x_wconf 78' lang='grc' dir='ltr'><strong>Καὶ</strong></span> <span class='ocrx_word' id='word_1_833' title='bbox 2427 5351 2477 5401; x_wconf 83' lang='grc' dir='ltr'>οἱ</span> <span class='ocrx_word' id='word_1_834' title='bbox 2527 5349 2686 5412; x_wconf 87' lang='grc' dir='ltr'>κύνες</span> <span class='ocrx_word' id='word_1_835' title='bbox 2737 5348 2978 5410; x_wconf 87' lang='grc' dir='ltr'>ἀναιδεῖς</span> <span class='ocrx_word' id='word_1_836' title='bbox 3040 5348 3105 5417; x_wconf 80' lang='grc' dir='ltr'>τῇ</span> <span class='ocrx_word' id='word_1_837' title='bbox 3153 5345 3322 5415; x_wconf 79' lang='grc' dir='ltr'>ψυχῇ,</span> <span class='ocrx_word' id='word_1_838' title='bbox 3365 5341 3465 5395; x_wconf 85' lang='grc' dir='ltr'><strong>οὑκ</strong></span> <span class='ocrx_word' id='word_1_839' title='bbox 3517 5339 3720 5403; x_wconf 83' lang='grc' dir='ltr'>είδότες</span> 
     </span>
    </p>
   </div>
   <div class='ocr_carea' id='block_1_115' title="bbox 2139 5435 3715 5518">
    <p class='ocr_par' dir='ltr' id='par_1_115' title="bbox 2139 5435 3715 5518">
     <span class='ocr_line' id='line_1_115' title="bbox 2139 5435 3715 5518; baseline -0.009 -20"><span class='ocrx_word' id='word_1_840' title='bbox 2139 5445 2471 5518; x_wconf 77' lang='grc' dir='ltr'>πλησμονήν.</span> <span class='ocrx_word' id='word_1_841' title='bbox 2507 5444 2614 5496; x_wconf 87' lang='grc' dir='ltr'><strong>Καί</strong></span> <span class='ocrx_word' id='word_1_842' title='bbox 2643 5445 2750 5496; x_wconf 85' lang='grc' dir='ltr'>εἰσι</span> <span class='ocrx_word' id='word_1_843' title='bbox 2786 5440 3012 5513; x_wconf 76' lang='grc' dir='ltr'>πονηροὶ</span> <span class='ocrx_word' id='word_1_844' title='bbox 3044 5440 3145 5491; x_wconf 83' lang='grc' dir='ltr'><strong>οὑκ</strong></span> <span class='ocrx_word' id='word_1_845' title='bbox 3198 5437 3399 5500; x_wconf 84' lang='grc' dir='ltr'>εἰδότες</span> <span class='ocrx_word' id='word_1_846' title='bbox 3456 5435 3672 5488; x_wconf 88' lang='grc' dir='ltr'>σύνεσιν</span> <span class='ocrx_word' id='word_1_847' title='bbox 3701 5448 3715 5465; x_wconf 88' lang='grc'><strong>·</strong></span> 
     </span>
    </p>
   </div>
   <div class='ocr_carea' id='block_1_116' title="bbox 2136 5527 3712 5601">
    <p class='ocr_par' dir='ltr' id='par_1_116' title="bbox 2136 5527 3712 5601">
     <span class='ocr_line' id='line_1_116' title="bbox 2136 5527 3712 5601; baseline -0.008 -11"><span class='ocrx_word' id='word_1_848' title='bbox 2136 5537 2336 5599; x_wconf 87' lang='grc' dir='ltr'>πάντες</span> <span class='ocrx_word' id='word_1_849' title='bbox 2377 5539 2498 5599; x_wconf 87' lang='grc' dir='ltr'>ταῖς</span> <span class='ocrx_word' id='word_1_850' title='bbox 2551 5535 2690 5597; x_wconf 88' lang='grc' dir='ltr'>ὁδοῖς</span> <span class='ocrx_word' id='word_1_851' title='bbox 2748 5532 2930 5588; x_wconf 81' lang='grc' dir='ltr'>αὐτῶν</span> <span class='ocrx_word' id='word_1_852' title='bbox 2979 5529 3432 5601; x_wconf 78' lang='grc' dir='ltr'>ἐξηκολούθησαν,</span> <span class='ocrx_word' id='word_1_853' title='bbox 3493 5527 3712 5590; x_wconf 75' lang='grc' dir='ltr'>ἕκαστος</span> 
     </span>
    </p>
   </div>
   <div class='ocr_carea' id='block_1_117' title="bbox 2104 5620 3724 5689">
    <p class='ocr_par' dir='ltr' id='par_1_117' title="bbox 2104 5620 3724 5689">
     <span class='ocr_line' id='line_1_117' title="bbox 2104 5620 3724 5689; baseline -0.004 -10"><span class='ocrx_word' id='word_1_854' title='bbox 2104 5671 2112 5679; x_wconf 95' lang='grc'><strong>.</strong></span> <span class='ocrx_word' id='word_1_855' title='bbox 2136 5630 2278 5684; x_wconf 72' lang='grc' dir='ltr'>κατὰ</span> <span class='ocrx_word' id='word_1_856' title='bbox 2307 5629 2366 5682; x_wconf 77' lang='grc' dir='ltr'><strong>τὸ</strong></span> <span class='ocrx_word' id='word_1_857' title='bbox 2387 5627 2581 5681; x_wconf 81' lang='grc' dir='ltr'>ἑαυτοῦ</span> <span class='ocrx_word' id='word_1_858' title='bbox 2609 5645 2620 5656; x_wconf 92' lang='grc'><strong>·</strong></span> <span class='ocrx_word' id='word_1_859' title='bbox 2671 5645 2687 5677; x_wconf 80' lang='grc' dir='ltr'>ι</span> <span class='ocrx_word' id='word_1_860' title='bbox 2712 5628 2771 5679; x_wconf 91' lang='grc' dir='ltr'><strong>οὑ</strong></span> <span class='ocrx_word' id='word_1_861' title='bbox 2816 5629 2933 5689; x_wconf 86' lang='grc' dir='ltr'>ταῖς</span> <span class='ocrx_word' id='word_1_862' title='bbox 2958 5624 3096 5687; x_wconf 85' lang='grc' dir='ltr'>ὁδοῖς</span> <span class='ocrx_word' id='word_1_863' title='bbox 3123 5622 3216 5676; x_wconf 84' lang='grc' dir='ltr'><strong>τοῦ</strong></span> <span class='ocrx_word' id='word_1_864' title='bbox 3251 5620 3407 5685; x_wconf 88' lang='grc' dir='ltr'>Θεοῦ,</span> <span class='ocrx_word' id='word_1_865' title='bbox 3432 5620 3565 5674; x_wconf 79' lang='grc' dir='ltr'><strong>ἀλλά</strong></span> <span class='ocrx_word' id='word_1_866' title='bbox 3600 5620 3724 5685; x_wconf 71' lang='grc' dir='ltr'>ταῖς</span> 
     </span>
    </p>
   </div>
   <div class='ocr_carea' id='block_1_118' title="bbox 2139 5713 3532 5787">
    <p class='ocr_par' dir='ltr' id='par_1_118' title="bbox 2139 5713 3532 5787">
     <span class='ocr_line' id='line_1_118' title="bbox 2139 5713 3532 5787; baseline -0.007 -13"><span class='ocrx_word' id='word_1_867' title='bbox 2139 5719 2344 5774; x_wconf 80' lang='grc' dir='ltr'>ἑαυτῶν</span> <span class='ocrx_word' id='word_1_868' title='bbox 2375 5717 2458 5770; x_wconf 76' lang='grc' dir='ltr'><strong>διὰ</strong></span> <span class='ocrx_word' id='word_1_869' title='bbox 2496 5717 2586 5770; x_wconf 80' lang='grc' dir='ltr'><strong>τοῦ</strong></span> <span class='ocrx_word' id='word_1_870' title='bbox 2614 5716 2678 5769; x_wconf 78' lang='grc' dir='ltr'><strong>τὰ</strong></span> <span class='ocrx_word' id='word_1_871' title='bbox 2711 5715 3020 5787; x_wconf 76' lang='grc' dir='ltr'>καταθύμια</span> <span class='ocrx_word' id='word_1_872' title='bbox 3042 5715 3224 5778; x_wconf 72' lang='grc' dir='ltr'>αὐτοῖς</span> <span class='ocrx_word' id='word_1_873' title='bbox 3250 5713 3532 5783; x_wconf 84' lang='grc' dir='ltr'>πράττειν.</span> 
     </span>
    </p>
   </div>
  </div>
