4130 6402
395 378 504 436 6⁵15

913 487 1311 541 ΚΕΦΑΛΑΙΟΝ
1352 486 1475 537 NZ'.

463 598 487 634 ι
524 579 714 644 Ἴδετε,
747 579 822 642 ῶς
848 579 1052 643 δίκαιος
1085 579 1351 641 ἀπώλετο,
1383 578 1477 631 καὶ
1508 577 1683 639 οὐδεὶς
1708 576 1977 645 ἐνδέχεται

392 677 460 744 τῇ
489 670 717 743 καρδίᾳ·
756 671 850 723 καί⁵
894 672 1085 743 ἄνδρες
1109 672 1305 724 δίκαιοι
1356 671 1620 741 αἴρονται,
1676 670 1771 721 καὶ
1808 668 1978 730 οὐδεὶς

396 763 667 815 κατανοεῖ,
687 760 820 813 Ἀπὸ
835 760 943 831 γὰρ
958 759 1247 831 προσώπου
1265 755 1652 831 ἀδικίαςῆρται
1672 761 1699 811 6
1717 758 1939 821 δίκαιος.
1955 777 1972 807 ι

395 854 503 906 Καὶ
534 853 653 915 πῶς
678 850 903 923 ἔμελλον
937 856 1217 907 κατανοεῖν
1247 854 1296 905 οἱ
1340 852 1440 915 τὰς
1473 851 1649 923 ψυχάς
1674 850 1899 920 τυφλοί;
1930 852 1977 901 εί

394 943 504 1014 γὰρ
540 942 613 1013 μὴ
651 941 824 1005 οὕτως
886 939 1051 1013 εἶχον,
1111 943 1214 997 κᾶν
1262 943 1447 1015 ἐώρων
1492 944 1582 997 τὸν
1616 943 1841 1007 δίκαιον,
1887 943 1980 996 καί

398 1035 652 1087 συνίεσαν
672 1030 784 1104 τὴν
804 1034 1011 1088 ἑαυτῶν
1039 1035 1351 1103 οἰκονομίαν
1379 1051 1392 1064 ’
1431 1034 1545 1089 ἀλλ’
1566 1036 1613 1087 οί
1666 1035 1763 1105 μὲν
1790 1033 1979 1103 τυφλοὶ

394 1125 545 1187 ὄντες
572 1124 667 1177 καὶ
695 1125 854 1189 κύνες
881 1126 1116 1189 ἀναιδεῖς
1154 1143 1376 1178 τοιαυτα
1420 1128 1559 1178 κατὰ
1592 1126 1699 1179 τῶν
1757 1126 1980 1179 δικαίων

394 1213 636 1285 ἐτόλμων
660 1231 672 1244 ·
700 1215 748 1267 oi
781 1214 836 1267 δὲ
861 1217 917 1269 ἐν
945 1217 1135 1287 εἰρήνῃ
1158 1215 1261 1269 ὑπὸ
1317 1216 1411 1268 τοῦ
1447 1216 1582 1271 Θεοῦ
1626 1216 1980 1288 παρελαμϐά-

399 1321 570 1360 νοντο.

467 1414 486 1447 ι
524 1396 718 1450 Ἔσται
752 1399 809 1449 ἐν
850 1398 1043 1470 εἰρήνῃ
1076 1399 1106 1467 ή
1142 1399 1284 1468 ταφὴ
1314 1398 1498 1459 αὑτοῦ,
1558 1394 1720 1469 ἦρται
1769 1400 1833 1450 ἐκ
1886 1399 1978 1451 τοῦ

400 1486 589 1558 μέσου.
621 1507 641 1539 ι
676 1488 833 1541 Εἴποι
860 1488 903 1541 δ’
938 1488 1003 1541 ἄν
1033 1506 1115 1551 τις
1162 1489 1419 1542 δύνασθαι
1479 1488 1651 1541 ταῦτα
1694 1489 1979 1559 ἁρμόττειν

394 1576 489 1630 καὶ
524 1575 603 1645 τῷ
642 1577 855 1647 Σωτῆρι
891 1578 984 1629 καὶ
1024 1579 1135 1639 τοῖς
1160 1576 1429 1647 μαθηταῖς
1477 1576 1640 1630 αὐτοῦ
1692 1580 1804 1640 τοῖς
1877 1578 1980 1630 ὑπὸ

394 1666 488 1720 τοῦ
533 1667 803 1720 Ἰουδαίων
856 1666 1041 1730 ἔθνους
1088 1667 1660 1739 ἐπιϐεϐουλευμένοις·
1716 1670 1849 1723 ἀλλὰ
1890 1672 2004 1723 καὶι

394 1758 491 1827 τὴν
519 1757 818 1811 ἀνάστασιν
844 1758 935 1811 τοῦ
962 1759 1214 1831 Σωτῆρος
1238 1761 1397 1833 ήμῶν
1426 1762 1761 1816 αἰνίττεσθαι
1801 1763 1861 1815 τὸ
1896 1748 1982 1815 i6-

394 1850 511 1917 γιόν
536 1866 706 1920 φησιο
741 1850 836 1903 τοῦ
896 1851 993 1921 μὲν
1037 1852 1269 1906 θανάτου
1313 1853 1401 1907 διὰ
1445 1855 1544 1925 τῆς
1573 1855 1751 1924 ταφῆς
1814 1855 1976 1908 αὑτοῦ

390 1942 738 2013 δηλουμένου,
765 1944 864 2014 τῆς
897 1945 942 1998 δ’
974 1946 1321 2010 ἀναστάσεως
1344 1946 1432 1999 διὰ
1458 1945 1577 2009 τοῦ,
1644 1965 1663 1997 σ
1703 1945 1883 2017 Ἧρθη
1916 1949 1979 2001 ἐκ

394 2033 486 2086 τοῦ
520 2034 691 2105 μέσου
726 2037 923 2108 ήταφὴ
955 2037 1141 2091 αὐτοῦ.
1187 2057 1205 2089 ι
1256 2038 1492 2109 Ἀφανὴς
1537 2040 1727 2107 γέγονε
1778 2039 1866 2092 διὰ
1921 2041 1981 2093 τὸ

400 2123 471 2195 μὴ
501 2126 793 2196 άπομεῖναι
829 2127 991 2180 αὐτὸν
1020 2130 1077 2182 ἐν
1100 2128 1177 2199 τῷ
1208 2130 1308 2199 τῆς
1348 2131 1527 2199 ταφῆς
1552 2130 1701 2201 τόπῳ
1729 2148 1743 2160 ο
1799 2130 1919 2183 ὅθεν
1951 2132 1979 2182 6

398 2214 622 2281 ἄγγελος
668 2216 895 2279 ἐπιστάς
926 2220 1043 2281 ταῖς
1103 2217 1345 2286 γυναιξὶν
1400 2218 1551 2286 ἔλεγε
1577 2237 1588 2247 ·
1649 2239 1667 2270 ι
1704 2219 1835 2272 Τίνα
1888 2219 1983 2291 ζη-

400 2307 573 2371 seire;
632 2307 879 2378 Ἰησοῦν;
926 2309 1039 2362 Οὐκ
1094 2308 1239 2363 ἔστιν
1290 2306 1420 2363 ὦδε·
1460 2310 1635 2374 δεῦτε,
1695 2311 1829 2365 ίδετε
1890 2313 1979 2364 τὸν

408 2395 563 2451 τόπον
586 2397 774 2453 αὐτοῦ.
817 2418 837 2453 ›

478 2507 496 2540 ι
533 2489 720 2560 Ὑμεῖς
748 2492 805 2545 δὲ
830 2492 1210 2562 προσαγάγετε
1248 2485 1371 2557 ὧδε,
1421 2493 1524 2546 υἱοὶ
1573 2494 1783 2564 ἄνομοι,
1814 2493 1980 2562 σπέρ-

402 2597 475 2651 μα
501 2582 702 2653 μοιχῶν
732 2585 825 2637 καί
856 2586 1083 2658 πόρνης.
1123 2587 1211 2639 Ἑν
1262 2586 1366 2639 τίνι
1407 2587 1843 2657 ἐνετρυφήσατε;
1886 2585 1980 2637 καὶ.

398 2675 486 2727 ἐπὶ
534 2677 658 2729 τίνα
704 2677 952 2746 ἠνοίξατε
995 2681 1057 2731 τὸ
1113 2679 1286 2749 στόμα
1341 2678 1532 2747 ὑμῶν;
1587 2680 1680 2732 καί
1728 2679 1819 2730 ἐπὶ
1864 2678 1982 2732 τίνα

398 2765 697 2835 ἐχαλάσατε
717 2768 816 2840 τὴν
836 2768 1086 2837 γλῶσσαν
1120 2771 1274 2841 ὑμῶν
1294 2787 1308 2835 ;
1331 2772 1443 2839 Οὐχ
1484 2771 1642 2840 ὑμεῖς
1662 2771 1785 2822 ἐστε
1813 2770 1981 2824 τέκνα

395 2856 690 2924 ἀπωλείας,
740 2861 963 2932 σπέρμα
1008 2863 1269 2933 ᾁνόμων;
1323 2882 1342 2915 ι
1400 2864 1475 2916 Οὐ
1526 2865 1634 2933 γάρ
1687 2861 1835 2927 ἄξιον
1887 2862 1979 2915 τοῦ

408 2949 659 3021 Ἀϐραὰμ
688 2952 781 3005 καί
812 2954 914 3023 τῆς
941 2954 1159 3025 Σάρρας
1190 2957 1356 3009 τέκνα
1378 2957 1521 3025 ὑμᾶς
1550 2955 1733 3009 καλεῖν
1758 2972 1772 2985 ο
1795 2957 1843 3008 εἰ
1872 2955 1981 3027 γὰρ

394 3043 562 3096 τέκνα
618 3042 713 3095 τοῦ
756 3044 1005 3116 Ἀϐραὰμ
1053 3041 1183 3115 ἦτε,
1241 3046 1311 3099 τὰ
1371 3045 1507 3117 ἔργα
1566 3045 1659 3099 τοῦ
1735 3045 1983 3117 Ἀϐραὰμ

394 3133 650 3185 ἐποιεῖτε.
680 3135 917 3204 Μοιχοὺς
942 3135 986 3189 δ’
1017 3133 1156 3187 οἶδεν
1190 3136 1218 3186 ὁ
1247 3135 1405 3205 λόγος
1436 3136 1620 3189 καλεῖν
1651 3137 1777 3199 τοὺς
1810 3136 1980 3189 πάλαι

395 3224 932 3294 εἰδωλολατροῦντας,
960 3227 1088 3296 περί
1127 3220 1202 3279 ὧν
1248 3226 1459 3298 εἴρηται
1482 3244 1495 3255 ·
1537 3245 1556 3278 ‹
1593 3227 1704 3279 Καὶ
1730 3226 1980 3296 ἐμοίχευ-

399 3337 496 3373 σαν
524 3321 587 3375 τὸ
622 3321 774 3386 ξύλον
808 3323 901 3375 καὶ⁹
937 3322 1028 3374 τὸν
1061 3321 1206 3376 λίθον
1231 3339 1243 3351 ·
1278 3342 1297 3373 ι
1336 3322 1539 3393 πόρνην
1561 3320 1617 3373 δὲ
1659 3322 1757 3392 τὴν
1788 3322 1982 3393 Ἰερου-

398 3409 577 3481 σαλὴμ
604 3410 794 3482 ἐδήλου
825 3410 913 3463 διὸ.
952 3410 1060 3463 τῶν
1095 3409 1403 3483 ἔμπροσθεν
1441 3411 1468 3461 ὁ
1521 3408 1709 3477 παρὼν
1773 3409 1983 3478 προφή-

396 3518 511 3571 της.
547 3501 798 3555 Μάλιστα
820 3500 931 3571 γὰρ
951 3500 1128 3554 αὐτῶν
1158 3499 1265 3569 τὴν
1289 3498 1538 3566 γλῶσσαν
1573 3499 1667 3550 καὶ
1690 3498 1751 3550 τὸ
1810 3497 1984 3567 στόμα

399 3595 742 3648 καταιτιᾶται
766 3593 854 3647 διὰ
882 3591 980 3655 τὰς
1015 3591 1155 3645 κατὰ
1176 3591 1270 3644 τοῦ
1297 3590 1551 3662 Σωτῆρος
1576 3590 1781 3660 φωνὰς,
1799 3590 1893 3643 καί
1918 3588 1985 3652 ἃς

397 3687 564 3740 εἰσέτι
595 3687 688 3741 καὶ
714 3687 809 3740 νῦν
837 3686 958 3739 κατ’
989 3685 1155 3739 αὐτοῦ
1188 3684 1467 3739 ποιοῦνται
1495 3683 1860 3754 βλασφημίας.
1895 3681 1985 3733 Διό

399 3795 597 3849 φησιν’
666 3798 685 3831 ι
728 3778 851 3831 Ἐπὶ
914 3778 1036 3830 τίνα
1075 3776 1322 3847 ήνοίξατε
1364 3776 1426 3829 τὸ
1459 3776 1636 3846 στόμα
1668 3773 1857 3844 ὑμῶν;
1891 3773 1985 3825 καὶ

398 3869 492 3923 ἐπὶ
514 3870 637 3923 τίνα
683 3869 985 3939 ἐχαλάσατε
1015 3868 1112 3939 τὴν
1157 3866 1409 3935 γλῶσσαν
1441 3867 1624 3937 ὑμῶν;
1665 3866 1776 3934 Οὐχ
1830 3866 1985 3934 ὑμεῖς

400 3962 523 4013 ἐστε
546 3960 709 4012 τέκνα
742 3958 1052 4022 ἁπωλείας;
1085 3977 1103 4009 ι

473 4066 493 4098 ι
528 4049 590 4101 Οἱ
634 4045 1083 4118 παρακαλοῦντες
1131 4046 1325 4098 εἴδωλα
1387 4046 1494 4099 ὑπὸ
1544 4045 1736 4115 δένδρα
1797 4045 1983 4108 δασέα,

403 4138 702 4208 σφάζοντες
761 4137 830 4192 τὰ
863 4137 1030 4190 τέκνα
1081 4136 1261 4191 αὐτῶν
1310 4140 1367 4189 ἐν
1396 4139 1518 4200 ταῖς
1551 4135 1821 4206 φάραγξιν
1883 4137 1987 4190 ,Ξινὰ

404 4229 567 4295 μέσον
595 4228 705 4281 τῶν
734 4228 971 4299 πετρῶν.
1026 4227 1239 4297 Ἐκείνη
1275 4244 1368 4280 σου
1396 4231 1429 4298 ἡ
1483 4229 1659 4300 μερὶς,
1695 4222 1846 4289 οὗτός
1892 4244 1986 4279 σου

398 4318 679 4391 όκλῆρος’
737 4318 1011 4381 κάκείνοις
1047 4317 1269 4389 ἐξέχεας
1329 4318 1580 4383 σπονδὰς,
1633 4319 1726 4372 καὶ
1778 4317 1988 4381 τούτοις

402 4412 704 4482 ἀνήνεγκας
724 4410 932 4473 θυσίας.
981 4411 1105 4463 Ἐπὶ
1146 4411 1357 4474 τούτοις
1389 4406 1482 4463 οὖν
1536 4411 1634 4463 οὐκ
1668 4409 1989 4481 ὀργισθήσο-

1314 368 1821 427 COMMENTARIA
1861 368 1927 421 IN
1966 367 2309 422 ISAIAM.—
2350 344 2502 419 CAP.
2542 359 2697 415 LVII.

2000 490 2047 544 Α

3548 342 3654 396 471

2654 471 2881 530 CAPUT
2924 467 3076 522 LVII.

2149 575 2311 629 Vens.
2335 574 2385 625 1.
2426 590 2446 621 ι
2484 569 2673 623 Videte
2703 563 2970 635 quomodo
2994 560 3174 629 justus
3202 552 3379 624 periit,
3413 560 3467 604 et
3497 562 3654 602 nemo

2078 666 2301 735 suscipit
2328 664 2490 717 corde
2522 678 2535 713 :
2566 668 2619 710 et
2650 657 2751 710 viri
2802 654 2932 723 justi
2973 651 3252 711 tolluntur,
3284 654 3339 699 et
3368 641 3545 697 nullus
3571 646 3653 692 est

2079 759 2168 828 qui
2195 734 2515 811 consideret.
2554 749 2687 803 Nam
2735 763 2763 800 a
2795 746 2927 799 facie
2958 738 3259 809 iniquitatis
3304 734 3549 788 sublatus
3570 738 3654 784 est

2073 849 2271 918 justus.
2300 863 2319 896 ι
2349 841 2702 912 thuomodo
2740 833 3167 891 considerarent,
3192 825 3282 896 qui
3306 823 3500 876 animis
3526 815 3653 871 caeci

2078 911 2238 992 erant
2271 951 2284 986 :
2316 911 2520 988 namisi
2550 946 2654 985 non
2681 928 2754 981 ita
2787 940 2845 979 se
2868 921 3203 982 habuissent,
3233 914 3423 968 saltem
3446 911 3651 977 justum

2079 1029 2340 1083 vidissent
2375 1034 2429 1078 et
2469 1037 2624 1077 suam
2668 1017 2766 1085 ipsi
2821 1011 3174 1068 oeconomiam
3217 1006 3528 1061 novissent:
3558 998 3654 1053 sed
3678 1061 3692 1081 ἱ

2079 1136 2199 1176 cum
2226 1118 2375 1181 caeci,
2396 1127 2452 1171 et
2480 1127 2647 1170 canes
2690 1109 3027 1178 impudentes
3052 1108 3253 1162 essent,
3311 1096 3436 1149 talia
3465 1101 3654 1147 contra

2074 1213 2247 1280 justos
2284 1207 2500 1280 aggredi
2546 1201 2829 1259 audebant
2862 1216 2875 1249 :
2901 1197 3033 1268 justi
3086 1206 3216 1248 vero
3258 1204 3289 1243 a
3314 1188 3420 1242 Deo
3445 1186 3497 1238 in
3524 1196 3656 1252 pace

2078 1302 2531 1372 suscipiebantur.

2153 1397 2318 1453 Vens.
2348 1399 2402 1450 2.
2448 1414 2466 1446 ι
2505 1392 2622 1447 Erit
2644 1392 2697 1445 in
2722 1403 2854 1459 pace
2882 1383 3153 1454 sepultura
3182 1377 3318 1446 ejus,
3343 1373 3548 1429 sublata
3569 1380 3654 1426 est

2078 1495 2145 1547 de
2184 1491 2382 1546 medio.
2425 1506 2443 1539 ι
2489 1485 2700 1541 Dixerit
2744 1480 3011 1552 quispiam
3046 1478 3157 1530 ba'c
3207 1481 3261 1527 et
3308 1466 3571 1524 Salvatoni
3599 1474 3655 1519 et

2080 1581 2356 1651 discipulis
2388 1578 2505 1648 ejus
2552 1585 2893 1643 competere,
2950 1569 3038 1638 qui
3076 1583 3105 1620 a
3134 1564 3353 1620 Judaica
3387 1569 3543 1631 gente
3576 1558 3659 1611 in-

2080 1673 2234 1728 sidiis
2256 1672 2650 1740 appetebantur
2684 1682 2697 1719 :
2734 1664 2827 1719 sed
2851 1662 3011 1715 etiam
3059 1658 3149 1713 hic
3192 1653 3491 1709 Salvatoris
3520 1664 3658 1719 quos

2081 1777 2184 1832 que
2214 1761 2383 1816 nostri
2422 1755 2894 1814 resurrectionem
2940 1745 3251 1804 adumbrari
3280 1741 3660 1813 pronuntiave-

2011 1842 2051 1897 Β
2084 1856 2154 1909 rit
2191 1869 2205 1907 :
2241 1854 2313 1906 ita
2344 1861 2404 1905 ut
2434 1865 2584 1904 mors
2611 1848 2728 1918 ejus
2770 1859 2867 1915 per
2921 1842 3277 1910 sepulturarum,
3332 1832 3661 1890 resurrectio

2078 1955 2280 2012 autem,
2312 1944 2398 1998 his
2422 1941 2625 2006 verbis,
2667 1956 2687 1991 ι
2718 1936 2941 1992 Sublata
2969 1942 3051 1988 est
3088 1932 3155 1986 de
3190 1929 3367 1985 medio
3388 1925 3659 1995 sepultura

2079 2039 2217 2108 ejus,
2252 2056 2272 2089 ι
2310 2035 2603 2091 indicetur.
2662 2031 2738 2087 De
2792 2028 2968 2083 medio
3017 2026 3257 2082 sublatus
3295 2032 3397 2085 est,
3434 2019 3558 2089 quia
3603 2018 3658 2072 in

2079 2129 2197 2185 loco
2240 2128 2533 2198 sepultura:
2571 2140 2677 2179 non
2720 2121 2919 2176 mansit
2961 2134 2977 2173 :
3014 2130 3181 2189 quare
3218 2112 3441 2181 angelus
3471 2109 3659 2163 mulie-

2081 2223 2229 2277 ribus
2247 2229 2433 2274 astans
2459 2216 2711 2272 dicebat:
2742 2233 2759 2266 ι
2794 2214 2961 2280 Quem
2992 2206 3270 2280 quaeritis?
3292 2204 3476 2260 Jesum
3500 2202 3523 2256 ?
3543 2198 3661 2254 Non

2079 2322 2161 2367 est
2209 2312 2314 2367 hic.
2351 2308 2556 2373 venite,
2584 2306 2760 2365 videte
2788 2305 2962 2360 locum
2986 2300 3101 2369 ejus
3129 2301 3172 2351 θ.
3214 2316 3232 2349 ι

2161 2487 2320 2542 Vens.
2357 2486 2413 2551 3,
2436 2486 2491 2542 4.
2517 2503 2535 2535 ι
2564 2482 2674 2537 Vos
2703 2490 2882 2535 autem
2910 2476 3158 2533 accedite
3186 2476 3311 2539 huc,
3338 2470 3431 2525 ﬁlii
3462 2467 3660 2537 iniqui,

2081 2593 2263 2632 semen
2282 2575 2650 2631 adulterorum
2665 2579 2720 2627 et
2734 2568 3057 2625 meretricis.
3079 2567 3130 2619 In
3152 2579 3310 2635 quem
3329 2557 3665 2616 insultastis!

2083 2681 2137 2725 et
2172 2671 2227 2725 in
2257 2685 2416 2739 quem
2441 2664 2732 2737 aperuistis
2764 2677 2827 2716 os
2848 2658 3127 2715 vestrum?
3149 2666 3204 2713 et
3240 2656 3293 2709 in
3321 2668 3479 2723 quem
3515 2653 3665 2704 laxa-

2083 2764 2180 2820 stis
2217 2763 2454 2832 linguam
2486 2754 2768 2813 vestram?
2817 2753 3007 2808 Nonne
3038 2765 3134 2804 vos
3181 2748 3313 2803 estis
3348 2746 3441 2800 ﬁlii
3478 2743 3663 2813 perdi-

2088 2855 2267 2921 tionis,
2295 2868 2481 2909 semen
2512 2848 2843 2921 impiorum?
2871 2865 2889 2897 ι
2932 2844 3116 2913 Neque
3164 2840 3307 2895 enim
3348 2838 3493 2908 digni
3534 2835 3666 2890 estis

2084 2948 2174 3015 qui
2227 2947 2464 3000 Abrahae
2514 2951 2568 2998 et
2619 2941 2765 2996 Sara;
2815 2936 2909 2991 ﬁlii
2957 2932 3225 2990 vocemini
3256 2949 3270 2984 :
3307 2945 3428 2983 nam
3481 2926 3525 2981 si
3569 2924 3665 2979 ﬁlii

2086 3038 2316 3092 Abrahae
2355 3035 2572 3098 essetis,
2598 3047 2761 3101 opera
2786 3027 3020 3086 Abrahae
3048 3022 3322 3079 faceretis.
3377 3018 3667 3075 Adulteros

2084 3139 2262 3184 autem
2294 3127 2431 3183 solet
2450 3124 2728 3194 Scriptura
2747 3135 2941 3177 vocare
2962 3134 3079 3183 eos,
3095 3117 3185 3186 qui
3201 3114 3328 3170 olim
3349 3110 3667 3167 idololatria:

2083 3221 2252 3277 dediti
2304 3228 2481 3284 erant,
2512 3219 2583 3273 de
2620 3216 2816 3287 quibus
2842 3214 3062 3275 dicitur,
3121 3228 3140 3261 ι
3187 3209 3255 3263 Et
3295 3206 3669 3261 adulterarunt

2084 3314 2284 3383 lignqu
2315 3320 2368 3365 et
2385 3309 2610 3379 lapidem
2636 3326 2649 3361 :
2692 3325 2711 3358 ι
2739 3303 3076 3359 meretricem
3095 3315 3222 3355 vero
3242 3294 3668 3363 Hierosolymam

2084 3407 2172 3460 hic
2213 3404 2476 3473 propheta
2522 3397 2772 3468 superius
2822 3393 3176 3461 nuncupavit.
3226 3388 3426 3442 Eorum
3470 3383 3669 3453 quippe

2084 3494 2322 3564 linguam
2356 3501 2411 3546 et
2450 3506 2515 3544 os
2554 3490 2609 3543 in
2660 3486 2866 3543 crimen
2926 3482 3162 3538 maxime
3210 3486 3389 3544 vocat,
3447 3482 3672 3545 propter

2086 3586 2205 3639 illas
2243 3594 2432 3639 contra
2457 3581 2794 3635 Salvatorem
2827 3577 3056 3630 emissas
3096 3584 3279 3635 voces,
3319 3578 3375 3622 et
3415 3566 3484 3621 ob
3513 3564 3671 3632 .blas-

2087 3675 2280 3745 phema
2329 3672 2517 3735 verba,
2547 3684 2665 3738 quae
2702 3666 2972 3733 hodieque
3008 3662 3263 3716 adversus
3311 3657 3459 3712 illum
3488 3651 3669 3723 profe-

2089 3777 2235 3824 runt.
2307 3764 2644 3833 Quapropter
2702 3759 2803 3823 ait,
2861 3773 2881 3807 σ
2932 3756 2990 3809 In
3047 3766 3206 3823 quem
3273 3746 3559 3818 aperuistis
3603 3759 3670 3799 os

2085 3869 2351 3922 vestrum,
2400 3865 2456 3910 et
2507 3854 2561 3907 in
2608 3865 2768 3921 quem
2826 3846 3051 3901 laantis
3105 3844 3344 3911 linguam
3391 3836 3673 3892 vestram?

2086 3951 2276 4007 Nonne
2304 3963 2402 4003 vos
2435 3946 2566 4001 estis
2596 3943 2690 3998 ﬁlii
2725 3936 3133 4012 perditionis?»
3712 3926 3715 3929 ⁷

2159 4039 2324 4095 Vens.
2373 4037 2427 4105 5,
2458 4037 2514 4091 6.
2558 4054 2576 4085 ι
2608 4034 2711 4101 Qui
2758 4028 3036 4086 advocatis
3086 4023 3228 4080 idola
3254 4023 3353 4077 sub
3385 4017 3671 4074 arboribus

2086 4131 2292 4201 opacis,
2324 4128 2414 4197 qui
2468 4123 2731 4197 jugulatis
2791 4120 2931 4176 ﬁlios
2978 4125 3188 4171 vestros
3240 4113 3295 4166 in
3329 4109 3583 4173 vallibus,
3614 4106 3671 4162 in

2090 4220 2267 4277 medio
2319 4228 2623 4289 petrarum.
2670 4214 2795 4267 Haec
2834 4208 3011 4280 portio
3060 4214 3172 4271 tua,
3204 4202 3319 4257 haec
3355 4214 3473 4255 sors
3527 4206 3667 4250 tua:

2088 4323 2144 4368 et
2169 4313 2276 4367 illis
2298 4309 2533 4366 eﬁ‘udisti
2566 4304 2848 4367 libamina,
2882 4310 2935 4355 et
2973 4300 3082 4354 illis
3111 4292 3353 4351 obtulisti
3377 4288 3666 4345 sacriﬁcia.

2091 4404 2264 4473 Super
2282 4403 2369 4458 his
2396 4415 2526 4469 ergo
2558 4414 2663 4453 non
2696 4390 2947 4450 irascar?
2977 4410 2996 4443 ι
3053 4388 3148 4443 His
3194 4384 3342 4440 clare
3369 4379 3671 4437 ostenditur

409 4473 540 4571 μαί;
630 4499 823 4569 Σαφῶς
857 4500 914 4553 δὲ
946 4498 1035 4553 διὰ
1068 4499 1274 4552 τούτων
1327 4473 1599 4554 δείκνυται
1649 4473 1712 4570 ή-
1737 4473 1983 4571 παρούσα

2091 4498 2231 4552 hanc
2248 4492 2582 4565 prophetiam
2628 4484 2929 4544 idololatris
2955 4483 3045 4551 qui
3075 4490 3316 4549 tempore
3345 4473 3496 4529 Isaias
3517 4478 3673 4527 erant

404 4592 707 4666 προφητεία
729 4594 840 4654 τοῖς
871 4589 1015 4644 κατὰ
1039 4592 1167 4652 τοὺς
1191 4591 1418 4661 χρόνους
1451 4591 1673 4643 Ἡσαΐου
1722 4588 1818 4642 τοῦ
1852 4607 1986 4662 προ-

404 4687 575 4757 φήτου
606 4684 1020 4754 εἰδωλολάτραις
1051 4683 1416 4754 ἁρμόττουσα.

473 4797 491 4829 ι
528 4778 644 4830 Ἐπ’
674 4776 797 4846 ὅρος
826 4774 1027 4843 ὑψηλὸν
1051 4774 1146 4827 καὶ
1172 4775 1470 4845 μετέωρον,
1491 4776 1606 4827 ἐκεῖ
1632 4791 1723 4825 σου
1753 4776 1786 4843 ή
1810 4774 1987 4845 κοίτη,

406 4871 498 4922 καὶ
550 4870 667 4921 ἐκεῖ
722 4865 1053 4928 ἀνεϐίϐασας
1109 4864 1301 4928 θυσίας
1362 4881 1477 4918 σου.
1504 4883 1528 4916 θ
1574 4863 1732 4917 Κατὰ
1781 4862 1987 4926 ταῦτα,

405 4959 589 5029 φησὶν,
625 4956 926 5026 ἔπραττες,
960 4955 1082 5009 ούδέ
1113 4956 1512 5027 κεκρυμμένως
1575 4953 1809 5017 ἀσεϐῶν,
1854 4953 1991 5006 ἀλλὰ

405 5046 1008 5120 πεπαρρησιασμένως·
1060 5044 1231 5109 οὕτως
1257 5045 1333 5109 ὡς
1366 5047 1459 5098 καὶ
1516 5046 1602 5097 ἐπ’
1647 5044 1825 5099 αὐτῶν
1881 5045 1990 5097 τῶν

405 5134 783 5206 ὑψηλοτάτων,
807 5134 949 5205 ὀρῶν
1005 5134 1272 5189 ἐπιτελεῖν
1345 5134 1446 5198 τὰς
1516 5135 1832 5206 δαιμονικὰς
1898 5135 1993 5187 θυ-

408 5226 548 5290 σίας.

477 5336 495 5367 ι
537 5316 648 5370 Καὶ
672 5316 847 5372 ὀπίσω
876 5318 985 5372 τῶν
1012 5318 1269 5391 σταθμῶν
1300 5320 1398 5390 τῆς
1442 5318 1612 5389 θύρας
1645 5336 1738 5373 σου
1788 5318 1991 5388 ἔθηκας

411 5407 731 5477 μνημόσυνά
787 5425 900 5462 σου.
936 5410 1087 5480 ᾭου,
1132 5412 1235 5475 ὅτι,
1274 5412 1370 5465 ἐὰν
1412 5413 1505 5464 ἀπ’
1539 5409 1673 5481 ἐμοῦ
1724 5412 1989 5480 ἀποστῇς,

408 5499 591 5553 πλεῖόν
624 5518 676 5553 τι
702 5500 863 5565 ἕξεις.
900 5502 1223 5573 Ἠγάπησας
1267 5505 1393 5567 τοὺς
1427 5502 1803 5574 κοιμωμένους
1855 5500 1993 5571 μετὰ

334 5620 338 5625 ο
411 5592 526 5657 τοῦ,
569 5593 664 5647 καὶ
724 5593 1030 5668 ἐπλήθυνας
1059 5595 1157 5669 τὴν
1213 5596 1467 5668 πορνείαν
1501 5612 1593 5649 σου
1644 5596 1764 5665 μετ’
1792 5591 1993 5655 αὐτῶν,

482 5768 687 5824 ’Marc.
708 5785 824 5835 XVI,
848 5768 902 5825 6.

2091 4589 2402 4646 convenire.

2166 4769 2332 4825 Vens.
2367 4771 2421 4823 7.
2457 4786 2475 4818 ι
2513 4766 2686 4836 Super
2708 4770 2947 4818 montem
2980 4756 3252 4814 excelsum
3284 4761 3340 4808 et
3379 4751 3571 4813 altum,
3599 4746 3674 4801 ibi

2096 4863 2273 4920 cubile
2298 4871 2470 4925 tuum,
2508 4867 2563 4913 et
2595 4857 2723 4911 illuc
2766 4850 3038 4909 adduxisti
3094 4848 3363 4905 sacriﬁcia
3403 4856 3515 4900 tua.
3554 4861 3573 4893 ι
3608 4839 3678 4892 Et

2096 4957 2232 5022 hac,
2274 4953 2467 5022 inquit,
2523 4949 2681 5019 egisti
2714 4962 2822 5002 non
2864 4945 3006 4999 clam
3034 4941 3201 5011 impie
3231 4954 3417 5009 agens,
3461 4934 3554 4990 sed
3581 4946 3677 5001 pa-

2097 5048 2202 5101 lam
2234 5054 2289 5100 et
2319 5042 2678 5105 conﬁdenter,
2718 5039 2790 5091 ita
2815 5044 2874 5091 ut
2911 5035 3075 5091 etiam
3105 5035 3158 5086 in
3186 5027 3498 5086 celsissimis
3522 5037 3675 5078 mon—

2100 5140 2233 5193 tium
2262 5134 2638 5191 cacuminibus
2666 5130 2928 5188 diabolica
2956 5123 3223 5183 sacriﬁcia
3262 5119 3507 5176 oﬂ‘erres.

2169 5316 2337 5371 Vens.
2371 5314 2426 5379 8,
2468 5313 2520 5368 9.
2585 5330 2604 5364 ι
2642 5312 2710 5367 Et
2736 5320 2884 5367 retro
2920 5316 3102 5379 postes
3149 5282 3273 5361 ostii
3329 5300 3405 5355 tui
3446 5296 3673 5368 posuisti

2098 5406 2434 5461 memorialia
2465 5414 2577 5458 tua.
2608 5403 2865 5464 Putabas,
2895 5400 2939 5453 si
2973 5413 3002 5450 a
3034 5410 3120 5450 me
3144 5392 3445 5453 recederes,
3489 5396 3539 5440 te
3560 5400 3677 5437 am-

2100 5498 2238 5568 plius
2284 5496 2413 5564 quid
2455 5495 2786 5549 habituram.
2835 5487 3081 5546 Dilexisti
3111 5482 3442 5539 dormientes
3472 5488 3674 5541 tecum,

2100 5600 2156 5648 et
2186 5589 2553 5660 multiplicasti
2603 5584 2988 5644 fornicationes
3019 5590 3135 5633 tuas
3164 5589 3287 5631 cum
3313 5573 3414 5635 eis.
3450 5571 3674 5626 ntultos-
3738 5604 3748 5617 .
