4130 6410
513 373 619 431 ιιιἵῦ

1191 369 1455 426 EUSEBll
1491 327 1967 424 cashmeusrs
2003 366 2101 422 cpt

2205 363 2377 420 PARS
2415 365 2501 419 [11.
2543 395 2611 406 -
2649 360 3059 417 EXEGETICA.

3670 359 3781 415 478

515 496 803 569 qualange
827 513 856 549 a
897 505 949 547 te
981 493 1155 548 fecisti
1181 493 1314 562 (4i).
1355 512 1374 544 ι
1421 491 1570 546 Multi
1604 493 1804 562 quippe
1832 493 1932 546 viri
1984 493 2093 548 Deo

2205 489 2290 541 καὶ
2326 486 2556 548 πολλοὺς
2581 482 2842 554 ἐποίησας
2870 483 2996 544 τοὺς
3021 481 3236 550 μακρὰν
3263 476 3372 531 ἀπὺ
3395 475 3521 569 σοῦ.
3563 495 3581 530 ι
3617 477 3776 569 ,Πολ-

516 587 738 651 adﬂicti,
757 583 1146 654 Hierosolymis
1167 596 1226 636 se
1251 583 1637 650 proripiebant,
1666 581 1736 638 ob
1756 583 1915 653 impia
1947 595 2096 654 gesta

517 695 639 748 que
687 679 758 733 ibi
809 678 1287 745 perpetrabantur.
1321 694 1339 726 ι
1378 675 1446 729 Et
1478 675 1672 730 misisti
1727 677 1926 746 legatos
1959 677 2095 731 ultra

519 772 782 825 terminos
819 781 964 833 tuos,
986 780 1038 822 et
1062 768 1340 824 bumiliata
1377 782 1436 822 es
1462 781 1634 835 usque
1667 771 1733 823 ad
1760 770 2049 824 infernum.
2072 791 2090 824 ι

516 863 643 918 Hac
680 865 861 916 omnia
904 861 1063 930 quasi
1117 862 1182 916 de
1229 861 1517 915 meretrice
1565 861 1820 930 loquitur,
1841 877 1959 932 quae
1982 864 2097 931 pul-

515 955 815 1009 chritudini
841 965 895 1008 et
924 956 1108 1010 decori
1135 958 1404 1024 studebat,
1427 973 1488 1012 ac
1518 956 1649 1011 nihil
1668 971 1774 1010 non
1802 958 1999 1026 agebat
2031 957 2098 1010 ad

515 1047 847 1115 voluptatem
873 1062 1059 1100 eorum
1089 1047 1177 1115 qui
1204 1064 1390 1102 secum
1421 1049 1708 1118 degebant.

589 1137 753 1191 VERs.
779 1138 864 1191 10.
904 1157 922 1188 ι
947 1137 1129 1193 Multis
1159 1139 1443 1195 itineribus
1468 1142 1573 1195 tuis
1601 1141 1881 1206 laborasti,
1911 1152 1965 1196 et
1991 1157 2095 1194 non

516 1229 725 1293 dixisti,
765 1230 1037 1284 Desinant.
1071 1250 1089 1283 ι
1123 1229 1240 1286 Νοη
1263 1233 1407 1286 enim
1454 1233 1507 1286 itt
1543 1249 1646 1286 una
1685 1233 1830 1300 regia
1884 1234 1966 1287 via
2015 1234 2094 1288 in-

516 1321 784 1387 cedebas;
833 1321 926 1376 sed
973 1321 1025 1375 in
1053 1322 1236 1377 multis
1266 1333 1322 1376 et
1352 1324 1544 1378 deviis.
1593 1343 1610 1374 ‹
1637 1321 1942 1389 lnvaluisti,
1973 1327 2095 1395 quia

517 1413 632 1467 haec
669 1413 862 1480 egisti;
894 1413 1016 1467 ideo
1067 1428 1151 1469 me
1180 1430 1285 1468 non
1318 1415 1519 1483 rogasti
1555 1435 1566 1468 :
1609 1434 1627 1467 ι
1687 1417 1778 1470 sed
1808 1418 1960 1486 quasi
2007 1433 2095 1472 ro-

517 1506 645 1559 bore
676 1515 730 1558 et
764 1505 1046 1572 iuventute
1080 1507 1287 1569 valens,
1319 1507 1402 1561 his
1445 1509 1626 1578 pejora
1660 1509 1947 1574 admisisti,
1984 1519 2097 1564 tur-

514 1594 676 1665 pibus
713 1597 881 1665 gestis
904 1595 1010 1650 tuis
1040 1597 1324 1653 insistens.

585 1769 752 1826 Vnus.
811 1771 997 1827 11-15.
1059 1775 1274 1839 «Quem
1331 1777 1527 1830 timens
1585 1776 1877 1846 perterrita
1919 1786 2097 1830 eszet

2199 580 2278 634 λοί
2294 580 2402 650 γὰρ
2419 578 2614 647 ἔφυγον
2625 576 2722 648 τὴν
2752 575 2815 628 Ἰε
2826 571 3102 645 ρουσαλὴμ
3127 573 3176 624 οἰ
3196 569 3274 641 τῷ
3296 568 3414 640 Θεῷ
3433 568 3784 639 ἀνακείμενοι

2199 675 2390 744 ἄνδρες
2410 671 2499 725 διὰ
2523 670 2621 732 τὰς
2642 669 2699 720 ἐν
2721 667 2857 737 αὐτῇ
2883 662 3306 733 συντελουμένας
3319 661 3515 724 ἀθέους
3529 659 3780 732 πράξεις.

2203 791 2222 822 ι
2257 771 2368 822 Καὶ
2395 765 2720 827 ἀπέστειλας
2750 762 3010 833 πρέσϐεις
3043 760 3182 830 ὑπὲρ
3244 759 3312 811 τὰ
3362 753 3489 828 ὃριά
3533 773 3649 824 σου,
3685 758 3786 810 καὶ

2199 859 2570 929 ἐταπεινώθης
2597 858 2702 919 ἓως
2736 855 2883 927 ᾅδου.
2926 873 2944 905 ι
3011 851 3195 904 Ταῦτα
3256 849 3432 903 πάντα
3495 858 3792 919 προσωπο-

2200 957 2345 1008 ποιεῖ
2381 953 2457 1016 ὼς
2486 950 2622 1022 πρὸς
2654 949 2875 1020 ἑταίραν
2908 943 3418 1014 καλλωπιζομένην,
3455 943 3550 995 καὶ
3603 941 3790 995 πάντα

2201 1047 2549 1118 πράττουσαν
2575 1043 2659 1111 ἐφ’
2689 1042 2848 1112 ἡδονῇ
2877 1039 2984 1092 τῶν
3009 1035 3318 1109 προσόντων
3340 1035 3499 1106 αὐτῇ.

2275 1157 2293 1189 ι
2325 1138 2437 1200 Τὰς
2466 1134 2752 1195 πολυοδίας
2792 1149 2886 1184 σου
2942 1128 3272 1192 ἐκοπίασας,
3317 1126 3412 1179 καὶ
3463 1125 3564 1178 οὐκ
3603 1120 3790 1188 εἶπας,

2200 1231 2510 1299 Παύσομαι.
2554 1247 2572 1279 ι
2617 1227 2691 1279 Οὐ
2745 1227 2855 1296 γὰρ
2900 1224 3026 1294 μίαν
3065 1220 3263 1282 ῶδευες
3289 1219 3389 1290 τὴν
3414 1217 3699 1288 βασιλικὴν
3726 1218 3792 1269 ό-

2198 1327 2307 1387 δὸν,
2343 1321 2479 1375 ἀλλὰ
2503 1319 2702 1382 πολλὰς
2759 1317 2852 1369 καὶ
2905 1311 3345 1383 πεπλανημένας.
3376 1328 3396 1360 ι
3443 1308 3795 1378 Ἐνίσχυσας,

2199 1422 2274 1473 ὅτι
2319 1417 2563 1490 ἔπραξας
2621 1414 2824 1468 ταῦτα·
2861 1410 2949 1464 διὰ
3005 1408 3162 1462 τοῦτο
3208 1407 3269 1459 οὐ
3303 1404 3635 1476 κατεδεὴθης
3684 1421 3797 1476 μου

2201 1514 2293 1567 ad“
2336 1531 2354 1564 ι
2413 1509 2528 1564 ἀλλ’
2587 1507 2773 1577 ὥσπερ
2805 1505 3066 1575 ἰσχύουσα
3107 1504 3201 1555 καὶ
3239 1498 3641 1568 νεανιευομένη,
3673 1496 3798 1567 χεί-

2203 1621 2330 1675 ρονα
2360 1601 2563 1654 τούτων
2599 1597 2845 1670 ἔπραξας
2897 1595 3227 1666 ἐπιμένουσα
3257 1596 3378 1656 ταῖς
3404 1591 3632 1654 οἰκείαις
3665 1591 3800 1644 ἀτο-

2200 1697 2370 1758 πίαις.

2276 1807 2292 1838 ι
2338 1787 2473 1840 Τίνα
2497 1782 2857 1856 εὐλαϐηθεῖσα
2887 1782 3180 1854 ἐφοϐήθης,
3200 1783 3295 1835 καὶ
3342 1779 3554 1850 ἐψεύσω
3583 1797 3670 1851 με,
3695 1778 3802 1831 καί⁵

515 1865 742 1918 ‘mentita
796 1880 856 1920 es
887 1868 1042 1930 mihi,
1072 1883 1173 1922 nec
1208 1869 1499 1924 meministi
1537 1871 1678 1936 mei,
1728 1885 1827 1924 nec
1877 1871 2098 1939 posuisti

2207 1885 2308 1936 οὐκ
2337 1881 2616 1954 ἐμνήσθης
2653 1852 2777 1951 μόυ,
2806 1878 2913 1933 οὐδ’
2932 1852 3132 1941 ἔλαϐές
3165 1895 3230 1948 με
3285 1878 3366 1940 εἰς
3401 1875 3500 1946 τὴν
3530 1872 3800 1936 διάνοιαν,

520 1973 606 2011 me
635 1959 686 2011 in
725 1966 906 2013 mente
944 1968 1066 2023 tua,
1113 1976 1212 2016 nec
1261 1961 1316 2015 in
1369 1963 1530 2016 corde
1584 1964 1722 2015 tuo?
1783 1960 1852 2016 Et
1895 1976 1996 2032 ego
2049 1971 2101 2015 te

519 2047 728 2112 videns,
757 2049 1017 2117 despicio,
1043 2058 1207 2105 etme
1237 2066 1341 2106 non
1380 2052 1627 2107 timuisti.
1676 2053 1742 2107 Et
1777 2067 1879 2124 ego
1901 2068 2102 2108 annun-

521 2139 670 2193 tiabo
695 2138 965 2206 justitiam
1001 2155 1174 2196 meam
1199 2153 1248 2200 et
1283 2143 1422 2197 mala
1457 2153 1568 2212 tua,
1596 2154 1649 2199 et
1676 2161 1780 2200 non
1807 2147 2100 2216 proderunt

518 2231 636 2284 tibi.
671 2229 803 2286 Cum
835 2231 1192 2296 clamaveris,
1219 2245 1413 2288 eruant
1444 2244 1498 2289 te
1519 2237 1571 2290 in
1619 2237 1963 2294 tribulatione
1986 2249 2098 2294 tua.

520 2321 628 2376 Hos
653 2323 852 2392 quippe
883 2329 1075 2380 omnes
1102 2336 1295 2382 ventus
1333 2325 1564 2393 auferet,
1594 2338 1649 2383 et
1691 2339 1978 2400 tempestas
2001 2333 2101 2386 tol-

517 2413 611 2468 let.
637 2412 737 2480 Qui
774 2425 952 2469 autem
984 2417 1263 2471 adltzerent
1286 2417 1419 2472 mihi
1445 2457 1462 2484 ,
1499 2421 1845 2489 possidebunt
1901 2432 2099 2478 terrast

515 2504 908 2561 ethzereditate
934 2509 1201 2575 accipient
1245 2523 1481 2564 montem
1531 2522 1774 2566 sanctum
1826 2529 2027 2571 meum.
2077 2535 2096 2569 ι

518 2595 721 2652 Omnes
769 2598 950 2667 itaque
994 2614 1089 2654 eos
1113 2601 1204 2670 qui
1241 2601 1576 2667 incusantur,
1623 2614 1815 2660 ventus
1863 2605 2010 2661 tollet
2047 2617 2102 2662 et

520 2697 812 2756 tempestas
832 2689 1064 2747 auferet.
1107 2691 1171 2745 Et
1203 2691 1512 2761 huiusmodi
1564 2691 1689 2750 finis
1737 2696 1956 2753 invadet
2008 2715 2102 2754 eos

522 2777 613 2846 qui
647 2777 718 2834 ob
756 2780 1011 2848 praedicat
1053 2782 1105 2836 in
1134 2784 1342 2838 crimen
1370 2795 1635 2842 vocantur
1675 2803 1810 2844 :eos
1847 2804 1979 2845 vero
2011 2791 2101 2859 qui

521 2862 722 2918 bonam
747 2865 957 2936 elegere
981 2879 1204 2934 sortem,
1237 2885 1322 2924 me
1351 2871 1560 2928 scilicet
1607 2875 1802 2940 Deum,
1841 2891 1904 2934 ac
1928 2880 2103 2934 since-

523 2969 614 3010 ros
636 2955 757 3011 illos
784 2957 1032 3014 homines
1065 2963 1157 3030 qui
1191 2977 1328 3032 pure
1368 2965 1498 3020 mihi
1536 2966 1924 3037 adhaerebant,
1963 2987 2103 3028 mer-

521 3063 613 3103 ces
641 3063 760 3104 mea
788 3050 1043 3120 excipiet.

597 3140 754 3195 Vilis.
810 3141 898 3196 14.
940 3162 959 3194 ι
983 3143 1047 3198 Ει
1076 3145 1256 3200 dicent
1290 3165 1303 3201 :
1334 3147 1568 3220 Purgate
1595 3154 1708 3210 vias
1741 3173 1769 3209 a
1799 3157 1936 3215 facie
1965 3161 2098 3233 eius,

523 3232 771 3287 ettnllite
796 3231 1116 3288 oll‘endicula
1166 3237 1232 3291 de
1275 3239 1360 3293 via
1409 3242 1591 3311 populi
1631 3247 1753 3302 mei.
1782 3267 1800 3299 ι
1841 3223 2100 3322 Νσιυουί
2130 3223 2172 3279 C

527 3333 672 3377 recte
697 3324 837 3392 apud
888 3324 1055 3380 Deum
1107 3344 1166 3383 se
1209 3333 1370 3400 gerit,
1409 3349 1516 3388 non
1561 3336 1752 3394 salutis
1804 3344 1962 3398 modo
1995 3361 2104 3402 sua:

523 3413 973 3477 curambabebit.
1027 3421 1120 3476 sed
1149 3425 1311 3478 etiam
1353 3429 1552 3497 populo
1587 3429 1681 3486 Dei
1740 3449 1864 3489 sese
1916 3438 2101 3493 utilem

525 3510 838 3596 praestabit,
889 3514 1212 3584 praecipiens
1266 3518 1342 3573 illi
1400 3528 1458 3573 ut
1513 3521 1655 3576 viam
1695 3526 1914 3596 pietatis
1950 3545 2102 3586 eom-

523 3595 749 3668 planet,
804 3609 859 3657 e‘t
914 3604 1276 3676 oﬂ'endicula,
1327 3612 1375 3665 si
1433 3629 1538 3684 qua
1591 3595 1900 3687 videantur,
1949 3638 2098 3677 amo-

523 3704 670 3748 veat.

594 3785 784 3842 Vms.‘
823 3790 908 3844 l5.
949 3810 966 3841 ι
999 3789 1123 3846 llzec
1152 3793 1283 3849 dicit
1315 3792 1647 3866 Altissimus,
1678 3802 1846 3871 quiin
1874 3804 2105 3861 excelsis

523 3877 737 3934 habitat
766 3881 818 3933 in
850 3885 1127 3947 saeculum,
1161 3885 1394 3943 Sanctus
1426 3888 1478 3942 in
1521 3894 1722 3946 sanctis
1766 3909 1962 3949 nomen
2007 3897 2054 3950 ei
2087 3914 2100 3950 :

523 3970 868 4039 Altissimus,
901 3975 993 4042 qui
1031 3976 1083 4030 in
1121 3979 1327 4034 sanctis
1379 3981 1690 4050 requiescit,
1739 3995 1793 4040 et
1824 3987 2103 4057 pusillani-

529 4063 634 4118 tuis
665 4065 760 4118 dat
786 4067 1122 4135 patientiam,
1167 4080 1222 4124 et
1247 4073 1341 4126 dat
1368 4072 1532 4127 vitam
1564 4075 1816 4130 contritis
1842 4081 2028 4135 corde.
2079 4100 2098 4131 ι

526 4151 595 4208 lis
619 4153 674 4209 in
704 4157 898 4225 populo
935 4160 1024 4228 qui
1053 4161 1252 4229 pietate
1276 4173 1332 4218 et
1363 4165 1555 4220 timore
1578 4167 1669 4221 Dei
1688 4171 1895 4238 praediti
1924 4184 2100 4239 erant,

527 4246 729 4316 quique
755 4263 1103 4316 peccatorum
1138 4255 1513 4323 pcenitentiam
1549 4269 1795 4328 egerant,
1827 4277 1963 4332 quos
1989 4265 2104 4319 haec

528 4338 810 4410 Scriptura
840 4345 1108 4400 contritus
1155 4347 1323 4402 corde
1373 4357 1427 4404 et
1475 4351 1850 4419 pusillanimes
1903 4366 2101 4421 vocat,

526 4432 953 4490 consolationem
989 4435 1165 4492 alfert.
1193 4439 1505 4508 Siquidem,
1535 4445 1637 4498 etsi
1666 4447 1822 4515 pauci
1856 4463 2100 4514 numero,

2210 1975 2322 2028 οὐδ’
2358 1977 2435 2038 εἰς
2469 1974 2567 2045 τὴν
2603 1972 2828 2044 καρδίαν
2863 1988 2992 2035 σου;
3025 1971 3133 2024 Kal.
3163 1967 3274 2037 ἐγώ
3300 1984 3357 2019 σε
3387 1965 3509 2018 ἰδὼν
3544 1963 3802 2035 παρορῶ,

2208 2068 2300 2121 καὶ
2321 2067 2420 2138 ἐμὲ
2451 2067 2553 2120 οὐκ
2585 2064 2882 2136 ἐφοϐήθης.
2959 2063 3070 2117 Καὶ
3113 2060 3222 2130 ἐγὼ
3257 2059 3552 2128 ἀπαγγελῶ
3585 2057 3682 2127 τὴν
3714 2056 3804 2110 δι-

2210 2159 2499 2228 καιοσύνην
2549 2176 2651 2230 μου
2694 2158 2788 2212 καὶ
2819 2155 2887 2210 τὰ
2919 2154 3066 2208 κακά
3086 2173 3199 2214 σου,
3235 2155 3328 2207 καὶ
3371 2153 3470 2205 οὐκ
3523 2151 3805 2222 ὠφελήσει

2211 2271 2288 2306 σε.
2327 2254 2494 2306 Ὅταν
2529 2249 2860 2322 ἀναϐοήσῃς,
2893 2242 3261 2314 ἐξελέσθωσάν
3307 2263 3366 2298 σε
3401 2247 3459 2298 ἐν
3497 2244 3565 2314 τῇ
3619 2240 3804 2311 θλίψει

2212 2363 2306 2398 σου
2325 2362 2339 2376 ⁸
2369 2345 2589 2406 τούτους
2617 2342 2725 2413 γὰρ
2752 2343 2958 2404 πάντας
2986 2336 3184 2409 ἄνεμος
3225 2336 3488 2409 λήψεται,
3519 2335 3614 2388 καὶ
3637 2333 3804 2387 ἀποί-

2213 2454 2294 2490 σει
2327 2435 2599 2504 καταιγίς.
2636 2436 2698 2488 Οἰ
2731 2432 2786 2487 δὲ
2811 2431 3160 2502 ἀντεχόμενοί
3196 2447 3295 2500 μου
3351 2428 3642 2498 κτήσονται
3669 2427 3800 2497 γῆν,

2212 2532 2304 2584 καὶ
2337 2529 2802 2600 κληρονομήσουσι
2831 2525 2892 2577 τὸ
2919 2524 3042 2594 ὅρος
3089 2522 3150 2575 τὸ
3181 2522 3334 2590 ἅγιόν
3357 2537 3481 2592 μου.
3521 2539 3540 2569 ι
3580 2518 3802 2580 Πάντας

2213 2625 2312 2693 μὲν
2335 2616 2428 2676 οὖν
2456 2621 2581 2684 τοὺς
2626 2616 3101 2690 κατηγορηθέντας
3147 2614 3378 2686 λήψεται
3421 2611 3640 2684 ἄνεμος,
3703 2611 3798 2664 καὶ

2211 2719 2425 2771 ἀποίσει
2451 2716 2726 2784 καταιγίς.
2757 2713 2868 2768 Καὶ
2899 2712 3110 2766 τοιοῦτο
3142 2711 3292 2775 τέλος
3322 2708 3644 2780 διαλήψεται
3668 2707 3795 2768 τοὺς

2210 2810 2303 2862 ἐπὶ
2326 2811 2437 2872 τοῖς
2465 2808 2777 2879 εἰρημένοις
2803 2804 3191 2874 διαϐληθέντας
3215 2822 3228 2835 ·
3256 2805 3382 2867 τοὺς
3403 2803 3459 2856 δὲ
3499 2802 3598 2872 τὴν
3625 2798 3793 2869 καλὴν

2209 2901 2605 2972 ἐκλεξαμένους
2652 2899 2866 2971 μερίδα,
2895 2898 2996 2969 ἐμὲ
3028 2897 3229 2970 δηλαδὴ
3256 2898 3348 2950 τὸν
3367 2895 3501 2949 Θεὸν
3537 2894 3630 2948 καὶ
3669 2893 3794 2954 τοὺς

2207 2995 2464 3066 γνησίους
2516 2994 2612 3047 καὶ
2643 2992 2898 3063 καθαρῶς
2927 2991 3320 3062 ἀντεχομένους
3344 3029 3359 3054 ,
3395 2991 3428 3060 ἡ
3482 2990 3612 3058 παρ’
3661 2983 3794 3056 ἐμοῦ

2208 3087 2414 3160 ἀμοιϐὴ
2440 3085 2742 3152 διαδέξεται
2755 3126 2767 3138 .

2282 3196 2300 3229 ι
2345 3176 2454 3230 Καὶ
2488 3176 2676 3246 ἐροῦσι
2707 3195 2719 3206 ·
2777 3175 3128 3247 Καθαρίσατε
3157 3173 3268 3227 ἀπὸ
3302 3171 3596 3245 προσώπου
3628 3169 3790 3224 αὐτοῦ

2204 3269 2378 3333 ὁδοὺς,
2407 3269 2497 3322 καί
2519 3267 2690 3338 ἄρατε
2721 3267 2907 3322 σκῶλα
2938 3267 3047 3322 ἀπὸ
3073 3267 3172 3338 τῆς
3197 3265 3317 3320 ὁδοῦ
3356 3265 3449 3318 τοῦ
3473 3263 3602 3318 λαοῦ
3635 3280 3788 3335 μου.»

2206 3363 2281 3416 υύ
2311 3361 2418 3434 γὰρ
2459 3362 2624 3432 μόνης
2655 3361 2754 3432 τῆς
2811 3359 3084 3431 σωτηρίας
3121 3358 3380 3430 πρόνοιαν
3436 3358 3717 3428 ποιήσεται
3764 3353 3795 3406 ό

2207 3453 2357 3525 παρά
2390 3453 2468 3523 τῷ
2500 3451 2620 3524 Θεῷ
2649 3451 3003 3524 κατορθώσας
3025 3491 3040 3516 ,
3091 3449 3205 3504 ἀλλ’
3252 3451 3353 3522 ήδη
3407 3449 3502 3502 καὶ
3556 3447 3634 3518 τῷ
3682 3444 3794 3516 λαῷ

2205 3544 2342 3598 Θεοῦ
2369 3546 2640 3616 χρήσιμον
2674 3544 2865 3598 ἑαυτὸν
2895 3543 3122 3615 παρέξει
3161 3543 3512 3614 προστάττων
3543 3538 3786 3624 ἐξομαλίν

2207 3638 2321 3702 ζειν
2343 3637 2493 3709 αὐτῷ
2522 3637 2622 3709 τὴν
2649 3639 2768 3692 ὁδὸν
2800 3639 2897 3709 τῆς
2925 3637 3252 3701 θεοσεϐείας,
3283 3637 3375 3689 καὶ
3417 3637 3486 3688 τὰ
3530 3631 3782 3686 δοκοῦντα

2209 3731 2634 3803 προσκόμματα.

2283 3842 2303 3875 ι
2341 3823 2478 3876 Τάδε
2508 3823 2655 3892 λέγει
2695 3825 2724 3876 ὁ
2751 3823 3031 3893 Ὕψιστος,
3087 3825 3114 3875 ὁ
3162 3823 3220 3875 ἐν
3269 3820 3498 3892 ὑψηλοῖς
3526 3815 3790 3872 κατοικῶν

2211 3918 2292 3980 εἰς
2324 3915 2414 3969 τὸν
2431 3916 2624 3979 αἰῶνα,
2648 3917 2838 3984 ’Ἄγιος
2867 3917 2924 3968 ἐν
2939 3914 3111 3982 ἁγίοις
3132 3913 3302 3984 ὄνομα
3328 3911 3475 3982 αὐτῷ
3495 3927 3508 3940 ·
3533 3909 3793 3980 ’Ύψιστος

2206 4012 2264 4063 ἐν
2290 4009 2465 4078 ἁγίοις
2497 4008 2931 4079 ἀναπαυόμενος,
2962 4006 3056 4060 καὶ
3098 4005 3441 4075 ὀλιγοψύχοις
3481 4002 3657 4065 διδοὺς
3689 4018 3792 4072 μα-

2208 4102 2531 4174 κροθυμίαν,
2559 4102 2654 4155 καὶ
2670 4100 2844 4163 διδοὺς
2871 4099 3015 4172 ζωὴν
3043 4102 3154 4163 τοῖς
3189 4097 3670 4170 συντετριμμένοις
3698 4095 3796 4165 τὴν

2207 4195 2453 4266 καρδίαν.
2477 4213 2494 4245 ι
2534 4194 2678 4265 Πρὸς
2699 4195 2826 4256 τοὺς
2859 4194 2918 4246 ἐν
2947 4192 3025 4265 τῷ
3067 4191 3183 4263 λαῷ
3225 4190 3473 4254 εὐλαϐεῖς
3514 4189 3607 4242 καὶ
3634 4187 3796 4258 φόϐον

2209 4284 2343 4338 Θεοῦ
2379 4284 2771 4355 κεκτημένους,
2808 4281 2901 4335 καὶ
2933 4281 3331 4354 μετανοοῦντας
3363 4280 3449 4349 ἐφ’
3484 4273 3566 4342 οἷς
3609 4279 3796 4348 ἥμαρ-

2205 4394 2317 4441 τον,
2347 4374 2440 4439 οὓς
2464 4377 2498 4445 ἡ
2531 4372 2780 4445 παροῦσα
2811 4373 2957 4440 λέξις
3007 4370 3502 4444 συντετριμμένους
3533 4369 3631 4439 τὴν
3656 4384 3796 4438 καρ-

2205 4467 2324 4522 δίαν
2349 4469 2444 4520 καί
2475 4464 2828 4536 ὀλιγοψύχους
2859 4465 3137 4536 ὀνομάζει,
3171 4462 3518 4535 παράκλησιν
3561 4460 3656 4514 καὶ
3690 4476 3797 4511 πα-

529 4523 838 4593 huiusmodi
898 4538 1076 4584 tamen
1123 4532 1366 4585 nonnulli
1413 4535 1662 4591 aderant.
1697 4536 1948 4592 Attamen
2001 4541 2100 4595 viri

2208 4557 2482 4631 ραμυθίαν
2531 4523 2824 4630 προέιέᾶειξ
2854 4523 3188 4626 Ἦσαννγάρ
3342 4523 3548 4616 αὐτοῖς,
3603 4553 3653 4604 εἰ
3698 4550 3798 4603 καὶ

531 4615 641 4670 Deo
663 4617 867 4672 addicti
895 4632 1088 4689 erant;
1139 4639 1244 4678 non
1287 4633 1494 4679 tantum
1528 4630 1826 4697 prophetae,
1886 4632 1979 4686 sed
2011 4637 2099 4689 alii

2207 4615 2427 4720 ὲρᾶχεῖς
2459 4649 2554 4701 καὶ
2576 4615 2800 4720 ⁵ἀριθμῷ
2819 4647 3034 4720 ληπτοί.
3066 4615 3215 4718 diripi
3239 4648 3388 4718 ὅμως
3418 4640 3560 4716 ἦσαν
3603 4643 3796 4714 ἄνδρες

528 4721 717 4763 corum
753 4709 1098 4780 imitatores,
1147 4717 1238 4786 qui
1288 4732 1317 4771 a
1377 4720 1660 4790 prophetis
1710 4723 2097 4792 edocebantur,

528 4815 826 4874 eorumque
851 4807 1146 4877 disciplima
1178 4811 1416 4866 animum
1441 4814 1791 4873 adhibebant.

602 5085 764 5144 Vens.
841 5088 929 5143 l6.
1014 5089 1178 5146 «Non
1233 5093 1288 5144 in
1335 5103 1653 5164 perpetuum
1699 5109 1795 5149 vos
1850 5095 2099 5160 ulciscar,

525 5193 698 5249 neque
743 5195 957 5250 semper
1010 5183 1216 5239 irascar
1266 5185 1439 5239 vobis.
1485 5186 1725 5254 Spiritus
1759 5186 1904 5241 enim
1951 5202 1981 5240 a
2017 5203 2101 5241 me

522 5269 849 5339 egredietur,
877 5283 932 5327 et
961 5272 1148 5328 ﬂatum
1177 5290 1391 5330 omnem
1417 5290 1517 5346 ego
1549 5279 1672 5332 feci.
1707 5297 1730 5330 ι·
1773 5277 1908 5332 Nam
1956 5293 2100 5332 cura:

525 5360 656 5415 mihi
682 5374 765 5417 est
793 5365 1019 5432 spiritus
1048 5366 1158 5434 ille,
1198 5368 1344 5437 quia
1380 5383 1465 5422 me
1497 5367 1773 5438 profectus
1793 5412 1809 5437 ,
1861 5371 1916 5425 in
1948 5371 2099 5426 vobis

483 5495 486 5535 ᾖ
523 5453 832 5511 habitavit:
865 5461 1308 5531 quandoquidem
1335 5461 1512 5516 omnis
1550 5463 1812 5532 spiritus,
1853 5463 1946 5535 qui
1985 5464 2102 5518 latt-

525 5543 657 5601 dare
717 5564 804 5604 me
871 5552 1084 5618 valeat,
1136 5562 1326 5607 auctor
1375 5569 1529 5622 sum,
1579 5556 1878 5610 secundum
1931 5557 2102 5624 illud,

446 5693 493 5755 ’ἦ
599 5732 713 5799 (Η)
749 5733 836 5788 δίε·
890 5737 1170 5802 vertimus,
1213 5739 1334 5803 quia
1387 5739 1452 5790 ad
1493 5740 1634 5793 hunc
1679 5741 1899 5794 modum
1938 5739 2104 5792 inlcr-

527 5811 770 5864 pretatur
805 5805 1087 5860 Eusebius.
1137 5810 1304 5862 \‘erus
1350 5812 1526 5863 latncn
1574 5811 1733 5880 hujus
1777 5812 1877 5863 loci
1915 5827 2106 5865 sensus

2201 4737 2552 4809 ἀνακείμενοι
2586 4738 2665 4809 τῷ
2696 4738 2850 4808 Θεῷ·
2880 4738 2980 4809 οὑχ
3020 4739 3071 4790 οἱ
3118 4738 3394 4810 προφῆται
3428 4733 3608 4807 μόνον,
3653 4730 3796 4785 ἀλλὰ

2203 4831 2298 4884 καὶ
2326 4830 2500 4901 ἕτεροι
2530 4831 2734 4883 τούτων
2767 4830 3026 4900 ζηλωταὶ,
3049 4829 3484 4901 μαθητευόμενοι
3514 4829 3623 4888 τοῖς
3658 4840 3796 4897 προ-

2206 4923 2426 4990 φήταις,
2467 4921 2562 4973 καὶ
2601 4923 2723 4984 ταῖς
2781 4920 3151 4985 διδασκαλίαις
3189 4918 3370 4974 αὐτῶν
3425 4916 3794 4990 προσανέχον-

2202 5029 2314 5074 τες.
3839 5029 3846 5072 ':

2280 5122 2298 5155 ι
2332 5105 2447 5157 Οὐκ
2499 5107 2579 5166 εἰς
2627 5105 2722 5159 τὸν
2778 5105 2950 5159 αἰῶνα
3006 5105 3288 5176 ἐκδικήσω·
3329 5105 3494 5176 ὑμᾶς,
3527 5101 3648 5156 οὐδὲ
3698 5099 3794 5156 διὰ

2205 5197 2404 5259 παντὸς
2429 5197 2828 5268 ὸργισθήσομαι
2881 5199 3029 5268 ὑμῖν.
3089 5199 3315 5269 Πνεῦμα
3340 5197 3449 5269 γὰρ
3477 5198 3604 5267 παρ’
3652 5193 3794 5265 ἐμοῦ

2203 5285 2568 5354 ἐξελεύσεται,
2594 5291 2686 5342 καὶ
2711 5290 2880 5360 πνοὴν
2909 5291 3091 5343 πᾶσαν
3129 5287 3241 5358 ἐγὼ
3265 5288 3516 5359 ἐποίησα.
3565 5306 3584 5338 ι
3618 5283 3795 5340 Μέλει

2203 5380 2312 5450 γάρ
2339 5396 2429 5452 μοι
2459 5379 2553 5432 τοῦ
2589 5380 2918 5452 πνεύματος,
2943 5382 3078 5452 ὅπερ
3131 5379 3190 5447 ἐξ
3233 5378 3369 5450 ἐμοῦ
3393 5376 3676 5450 προελθὸν,
3706 5377 3793 5441 εἰς
3843 5435 3848 5442 _

2206 5474 2348 5542 ὑμᾶς
2399 5471 2753 5542 κατῴκησεν
2817 5473 3005 5543 ἐπειδὴ
3054 5473 3150 5525 καὶ
3207 5471 3439 5543 ποιητὴς
3503 5470 3793 5539 τυγχάνων

2211 5564 2390 5633 πάσης
2437 5565 2606 5633 πνοῆς
2659 5564 2756 5632 τῆς
2803 5562 3108 5633 δυναμένης
3158 5580 3225 5634 με
3270 5563 3462 5628 αἰνεῖν,
3515 5563 3655 5613 κατά
3703 5558 3792 5623 τὸ,

2213 5741 2302 5796 hic
2333 5755 2454 5795 esse
2491 5749 2700 5818 Videtur
2737 5758 2752 5818 ς
2794 5742 3141 5818 ςθίυιιοδιιυο
3189 5746 3277 5815 qui
3320 5753 3497 5800 tecum
3547 5739 3796 5799 fornica-

2215 5822 2403 5866 rentur
2426 5811 2612 5881 procul
2639 5813 2908 5870 accivisti.
2931 5832 2953 5865 υ
