4130 6400
343 366 451 421 477

1269 362 1767 453 communem
1808 361 1875 415 IN
1916 322 2431 417 lSAlAM.—-CAP.
2474 357 2649 411 LVIII.

3419 405 3424 410 .
3495 357 3600 408 478

350 506 369 539 ι
405 486 563 540 Πᾶσα
597 483 732 553 πνοὴ
770 480 1036 535 αίνεσάτω
1062 482 1153 533 τὸν
1202 479 1427 549 Κύριον,
1472 500 1490 532 ι
1525 481 1619 532 καὶ
1657 481 1715 531 ἐν
1737 482 1803 549 τῇ
1838 494 1961 536 κο-,

2081 477 2270 533 Omnis
2299 476 2524 545 spiritus
2553 470 3120 535 IaudetDominum“;
3159 460 3305 517 retin
3324 471 3600 524 creatione

346 577 612 649 σμοποιίᾳ
642 576 698 629 δὲ
732 575 1144 646 ἐμφυσήσαντος
1172 572 1267 625 τοῦ
1286 572 1422 625 Θεοῦ
1474 572 1689 642 ἐγένετο
1722 570 1933 642 ἀνθρω-

345 685 448 732 πος
481 669 561 730 είς
593 665 774 736 ψυχὴν
805 663 1007 729 ζῶσαν.

424 776 444 811 ι
472 759 551 810 Δι’
586 756 858 827 ἁμαρτίαν
891 754 1064 825 βραχύ
1092 771 1144 807 τι
1172 754 1418 824 ἐλύπησα
1442 754 1625 817 αὑτὸν,
1662 753 1753 805 καὶ
1802 750 1935 803 ἐπά-

344 851 484 917 ταξα
532 848 715 912 αὑτὸν,
766 847 861 899 καὶ
913 846 1233 916 ἀπέστρεψα
1275 848 1337 899 τὸ
1381 845 1670 917 πρόσωπόν
1708 862 1807 914 μου
1839 844 1933 897 ἀπ’

344 940 535 1005 αὐτοῦ,
564 940 657 992 καὶ
706 938 969 1010 ἐλυπήθη,
1014 940 1106 991 καὶ
1147 938 1416 1009 ἐπορεύθη
1473 936 1696 1005 στυγνὸς
1728 939 1783 989 ἐν
1816 938 1937 999 ταῖς

347 1036 491 1097 ὁδοῖς
524 1030 716 1086 αὐτοῦ.
743 1032 785 1083 Τ
791 1032 858 1093 ὰς
902 1030 1053 1093 ὁδοὺς
1096 1029 1262 1082 αὑτοῦ
1298 1028 1537 1100 ἑώρακα,
1576 1028 1669 1079 καὶ
1696 1028 1935 1097 ἰασάμην

288 1124 318 1205 ’ξ
346 1126 534 1193 αὑτὸν,
566 1124 663 1180 καὶ
704 1123 1051 1194 παρεκάλεσα
1081 1121 1259 1187 αὐτὸν,
1288 1121 1382 1175 καὶ
1438 1120 1611 1172 ἔδωκα
1643 1118 1791 1189 αὐτῷ
1830 1134 1937 1170 πα-

308 1205 319 1236 ‘-
352 1220 619 1293 ράκλησιν
647 1216 925 1288 ἀληθινὴν,
952 1215 1174 1287 εἰρήνην
1202 1215 1288 1267 ἐπ’
1323 1214 1515 1285 είρήνῃ
1560 1215 1673 1275 τοῖς
1722 1209 1939 1281 μακρὰν

349 1314 585 1376 καὶτοῖς
614 1312 781 1380 ἐγγὺς
810 1306 948 1363 οὖσι.
979 1309 1090 1362 Καὶ
1134 1304 1251 1361 εἷπε
1282 1307 1487 1377 Κύριος
1510 1323 1522 1335 ·
1565 1306 1809 1375 ’ἰάσομαι
1838 1304 1937 1356 αύ-

348 1403 499 1465 τούς.
530 1402 594 1455 Οἱ
621 1401 678 1455 δὲ
721 1402 895 1455 ἄδικοι
922 1399 1466 1468 κλυδωνισθήσονται,
1500 1397 1593 1449 καὶ
1624 1395 1940 1449 ἀναπαύσα-

353 1495 479 1549 σθαι
501 1493 561 1548 ού
598 1494 937 1565 δυνήσονται.
978 1492 1093 1545 Ούκ
1122 1490 1235 1542 ἐστι
1271 1490 1479 1560 χαίρειν
1509 1490 1619 1551 τοῖς
1663 1486 1936 1549 ἀσεϐέσιν,

353 1586 509 1642 εἶπεν
540 1584 571 1641 ὁ
606 1585 758 1649 Θεός.
800 1605 818 1637 ι
854 1585 915 1636 Et
949 1584 1043 1636 καὶ
1077 1582 1214 1654 πρὸς
1248 1580 1454 1652 βραχύν
1488 1598 1607 1633 τινα
1638 1578 1830 1648 καιρὸν
1850 1578 1941 1631 διά

352 1697 504 1744 τινας
554 1678 613 1744 ἐξ
644 1674 993 1749 ἀνθρωπίνης
1024 1671 1306 1734 ἀσθενείας
1332 1669 1721 1739 ἐπιγενομένας
1760 1670 1937 1738 ἀμαρ-

353 1774 474 1837 τίας
522 1770 772 1840 ἐλύπησα
820 1768 947 1830 τοὺς
977 1764 1368 1837 ἡμαρτηκότας
1408 1762 1504 1816 καὶ
1556 1759 1822 1823 ἐπάταξα,
1852 1752 1942 1814 οἷα

2032 570 2238 633 mundi,
2266 568 2576 623 insutllante
2604 570 2733 633 Deo,
2763 566 2935 621 faetus
2954 575 3037 619 est
3077 567 3239 618 homo
3272 565 3328 618 in
3356 565 3593 617 animant

2029 662 2319 717 viventem.

2108 756 2269 812 Vsus.
2368 755 2552 809 I7-2l.
2631 773 2649 805 ι
2689 754 2913 816 Propter
2980 762 3259 820 peccatum
3328 749 3603 821 paululum

2034 851 2352 905 contristavi
2383 866 2530 910 Cllltt.
2558 859 2609 901 et
2635 850 2875 918 percussi
2911 862 3065 910 eum,
3115 854 3168 899 et
3210 844 3381 898 averti
3410 842 3605 896 faciem

2038 958 2211 997 meam
2263 945 2331 998 ab
2381 958 2469 1009 eo,
2525 951 2580 996 et
2633 944 2984 995 contristatus
3035 948 3138 1005 est,
3197 948 3252 993 et
3314 935 3610 991 ambulavit

2040 1038 2211 1093 tristis
2248 1039 2298 1091 iu
2329 1038 2433 1090 viis
2468 1037 2600 1091 suis.
2630 1034 2760 1090 Vias
2790 1035 2908 1105 ejus
2934 1035 3061 1099 vidi,
3116 1042 3170 1087 et
3218 1030 3400 1087 sanari
3458 1043 3607 1092 eum,

2037 1140 2091 1185 et
2119 1132 2422 1186 consolatus
2450 1147 2567 1185 sum
2611 1143 2776 1193 eum,
2832 1138 2886 1182 et
2922 1127 3044 1181 dedi
3083 1126 3131 1180 ei
3183 1122 3609 1179 consolationem

2039 1239 2247 1289 veram,
2284 1240 2471 1293 pacem
2523 1238 2688 1291 super
2729 1237 2912 1290 pacem
2960 1221 3026 1275 iis
3070 1217 3161 1288 qui
3199 1218 3352 1287 longe
3418 1224 3472 1269 et
3516 1211 3610 1279 qui

2041 1330 2209 1385 prope
2232 1326 2377 1370 sunt.
2439 1316 2505 1368 Et
2558 1316 2697 1369 dixit
2732 1314 2989 1367 Dominus
3021 1331 3035 1367 :
3074 1310 3292 1365 Sanabo
3344 1323 3440 1363 eos
3471 1323 3484 1359 :
3516 1305 3609 1374 qui

2042 1420 2222 1462 autem
2272 1410 2438 1476 iniqui
2492 1419 2618 1463 sunt
2674 1407 3033 1469 ﬂuctuabuut,
3089 1413 3144 1458 et
3198 1420 3304 1457 non
3359 1408 3615 1470 poterunt

2042 1502 2343 1569 quiescere.
2378 1501 2492 1555 Non
2540 1509 2624 1556 est
2675 1501 2927 1571 gaudium
2970 1498 3169 1568 impiis,
3206 1495 3340 1549 dixit
3389 1494 3550 1547 Deus.
3588 1508 3610 1543 ι

2041 1591 2267 1648 Etiamsi
2299 1593 2365 1649 ad
2394 1594 2559 1648 breve
2591 1594 2857 1662 quoddam
2895 1601 3129 1660 tempus,
3163 1590 3233 1643 ob
3271 1587 3516 1657 quaedam
3549 1592 3617 1637 ex

2043 1684 2281 1743 humana
2344 1688 2662 1743 infirmitate
2721 1687 2963 1757 profecta
3014 1692 3281 1754 peccata,
3327 1685 3618 1751 peccantes

2042 1780 2263 1835 tristitia
2309 1779 2583 1835 aﬂ'ecerim
2609 1791 2662 1835 et
2690 1779 3046 1850 percusserim
3071 1817 3086 1838 ,
3118 1775 3271 1845 quasi
3304 1782 3455 1842 pater
3482 1769 3625 1823 ﬁlios

355 1864 537 1937 πατὴρ
562 1864 712 1926 υἱοὺς
743 1859 1032 1916 παιδεύων·
1074 1877 1093 1909 ι
1136 1858 1231 1910 Ὃν
1256 1876 1275 1907 ι
1308 1856 1417 1928 γὰρ
1451 1872 1470 1906 ι
1504 1855 1693 1924 ἀγαπᾷ
1729 1852 1951 1924 Κύριος,

2061 1874 2357 1945 corripiens
2385 1892 2400 1929 :
2426 1890 2575 1938 nam,
2613 1892 2632 1925 ι
2656 1873 2825 1939 Quem
2854 1870 3026 1939 diligit
3062 1868 3339 1928 Dominus.
3370 1863 3620 1933 castigat;

355 1954 605 2013 παιδεύει
626 1971 640 1984 ο
675 1954 931 2024 μαστιγοῖ
960 1950 1015 2003 δὲ
1041 1949 1221 2003 πάντα
1252 1947 1365 2001 υίὸν
1398 1947 1457 2001 ὃν
1487 1945 1886 2018 παραδέχεται·
1923 1961 1940 1993 ι

356 2049 475 2105 ἀλλ’
509 2046 720 2117 ἐπειδὴ,
752 2042 1107 2115 συναίσθησιν
1131 2039 1386 2103 λαθόντες
1406 2039 1504 2110 τῆς
1524 2039 1664 2110 ἐμῆς
1681 2035 1948 2100 παιδείας,

360 2139 668 2212 ἐλυπήθητε
697 2138 797 2209 τὴν
836 2135 975 2190 κατὰ
1029 2134 1163 2187 Θεὸν
1210 2132 1409 2201 λύπην,
1464 2131 1558 2183 καὶ
1618 2128 1950 2201 ἐπορεύθητε

366 2233 584 2303 στυγνοὶ
615 2227 1084 2301 μεταμεληθέντες
1111 2243 1122 2254 ’
1154 2224 1341 2278 τούτου
1369 2223 1550 2293 χάριν,
1582 2220 1679 2291 τὴν
1704 2223 1954 2289 ἐπιστρο-

371 2326 472 2398 φὴν
496 2324 589 2379 καὶ
616 2323 716 2395 τὴν
749 2322 1034 2394 μετάνοιαν
1051 2320 1080 2371 ὑ
1090 2318 1206 2390 μῶν
1236 2315 1571 2385 θεασάμενος
1599 2315 1692 2366 καὶ
1720 2312 1818 2375 τὰς
1854 2327 1952 2382 με-

370 2414 440 2467 τὰ
467 2413 637 2467 ταῦτα
689 2408 939 2483 πράξεις,
976 2410 1071 2461 καὶ
1096 2404 1191 2460 τοῦ
1228 2403 1345 2476 βίου
1374 2404 1472 2467 τὰς
1503 2402 1679 2468 ὀδοὺς,
1715 2400 1954 2471 ἰασάμην

372 2505 515 2575 ὑμᾶς
565 2504 658 2557 καὶ
699 2500 1050 2574 παρεκάλεσα
1101 2498 1224 2562 δοὺς
1261 2496 1610 2568 παράκλησιν
1651 2493 1951 2565 ἀληθινήν·

372 2597 551 2651 πάντα
580 2595 690 2666 γὰρ
726 2593 856 2665 παρ’
887 2591 1023 2662 ἐμοῦ
1055 2591 1137 2654 είς
1168 2590 1294 2652 τοὺς
1324 2589 1491 2660 ἐμοὺς
1520 2585 1755 2649 οἰκείους
1791 2600 1958 2655 χορη-

366 2687 610 2758 γούμενα
632 2684 864 2756 ἀληθινὰ
897 2683 1173 2754 τυγχάνει.
1222 2680 1421 2752 Διόπερ
1449 2682 1561 2742 τοῖς
1596 2679 1658 2730 ἐκ
1692 2677 1789 2747 τῆς
1818 2676 1956 2746 ἐμῆς

370 2778 615 2841 παιδείας
642 2774 1055 2847 σωφρονισθείσι
1090 2771 1434 2844 παράκλησιν
1461 2768 1718 2839 ἀληθινὴν
1752 2766 1957 2819 δέδωκα

371 2870 465 2925 καὶ
493 2867 797 2940 εἰρηνικὴν,
830 2865 928 2935 οὐχ
952 2863 1130 2933 ἁπλῆν
1162 2877 1282 2915 τινα
1311 2862 1405 2915 καὶ
1436 2860 1792 2931 πρόσκαιρον,
1824 2856 1959 2911 ἀλλά

371 2955 981 3027 πολυπλασιαζομένην·
1033 2953 1107 3016 ὡς
1147 2951 1242 3005 καὶ
1280 2950 1388 3004 ἀπὸ
1434 2949 1543 3002 τῶν
1596 2949 1762 3016 ἐγγὺς
1816 2945 1957 3017 ἔχειν

373 3048 566 3121 αὐτὴν,
602 3048 695 3101 καὶ
746 3047 854 3100 ἀπὸ
887 3045 997 3098 τῶν
1038 3044 1231 3115 πόρρω
1260 3042 1355 3094 καὶ
1389 3040 1605 3111 μακράν
1638 3037 1959 3108 ἀπῳκισμέ-

376 3155 509 3202 νοις.

880 3289 1274 3345 ΚΕΦΑΛΑΙΟΝ
1312 3289 1359 3342 Ν
1368 3287 1445 3342 H'.

396 3438 403 3442 ,
453 3404 473 3437 ι
518 3384 846 3454 Ἀναὸόησον
874 3385 931 3435 ἐν
951 3381 1116 3451 ίσχύῖ,
1148 3382 1242 3433 καὶ
1281 3379 1354 3449 μὴ
1388 3376 1572 3448 φείσῃ,
1598 3377 1674 3440 ὼς
1699 3374 1957 3441 σάλπιγγι

380 3477 595 3547 ὖψωσον
621 3474 721 3546 τὴν
755 3479 940 3544 φωνήν
982 3489 1098 3537 σου,
1129 3471 1224 3525 καὶ
1243 3468 1566 3537 ἀνάγγειλον
1599 3466 1676 3537 τῷ
1704 3464 1818 3536 λαῷ
1858 3482 1959 3536 μου

381 3568 449 3623 τὰ
480 3569 701 3640 ἀμαρτή
711 3584 856 3638 ματα
876 3564 1078 3629 αὐτῶν,
1110 3563 1205 3616 καί⁸
1224 3560 1303 3631 τῷ
1335 3560 1470 3630 οἴκῳ
1500 3557 1695 3612 Ἰακὼὸ
1723 3555 1821 3619 τὰς
1848 3554 1965 3607 ἀνο-

386 3660 516 3733 μίας
542 3659 740 3714 αὐτῶν.
778 3679 795 3711 ι
830 3659 957 3721 Τοῖς
983 3656 1081 3729 μὲν
1112 3651 1208 3709 οὖν
1236 3651 1646 3723 εύαΠελισταίς
1672 3649 1766 3703 τοῦ
1792 3663 1967 3716 σωτη-

386 3754 505 3827 ρίου
534 3754 692 3823 λόγου
718 3751 808 3805 διά
831 3750 940 3804 τῶν
991 3747 1301 3821 ἔμπροσθεν
1346 3746 1592 3814 ἐλέγετο·
1631 3761 1649 3794 ι
1694 3743 1811 3796 Ἐπ’
1843 3740 1969 3810 ὅρος

386 3847 590 3918 ὑψηλὸν
636 3843 892 3914 ἀνάϐηθι,
949 3845 978 3895 ὁ
1033 3838 1520 3909 εὐαγγελιζόμενος
1582 3833 1967 3907 Ἰερουσαλήμ*

388 3936 665 4008 ὖψὼσατε,
706 3934 781 4005 μὴ
820 3931 1071 4001 φοϐεῖσθε
1095 3948 1108 3961 ·
1152 3952 1171 3983 ι
1205 3927 1438 3982 ἐνταῦθα
1473 3927 1529 3979 δὲ
1585 3926 1684 3978 οὐκ
1731 3924 1818 3977 ἐπ’
1848 3922 1974 3988 ὅρος

389 4027 597 4100 ὑψηλὸν
622 4024 932 4079 ἀναϐαίνειν
962 4025 991 4076 ὁ
1011 4022 1298 4093 προφήτης
1327 4017 1612 4073 κελεύεται
1633 4034 1648 4049 ·
1696 4015 1817 4069 οὐδὲ
1867 4013 1977 4085 γὰρ

389 4113 535 4189 ἦσαν
588 4117 646 4169 ἐν
692 4114 835 4184 ὕψει,
866 4108 948 4177 οἷς
977 4110 1148 4165 ταῦτα
1202 4110 1534 4181 προεφιίωει·
1579 4105 1642 4158 τὸ
1687 4101 1975 4173 διαϐοῆσαι

397 4210 558 4284 μόνον
584 4210 642 4261 ὲν
673 4205 819 4277 ἰσχύϊ
850 4205 946 4259 καὶ
982 4203 1057 4275 μὴ
1090 4194 1505 4271 φείσασθαι,οἷα
1530 4199 1609 4261 είς
1637 4191 1752 4249 ὦτα
1782 4192 1980 4262 κωφῶν

396 4301 660 4358 λαλοῦντα
684 4297 1103 4371 προστάττεται,
1128 4294 1222 4347 καὶ
1253 4292 1409 4359 δίκην
1440 4290 1738 4357 σάλπιγγος
1767 4285 1981 4356 ὑψῶσαι

397 4396 505 4467 τὴν
535 4394 743 4464 φωνήν.
792 4387 1037 4456 Σάλπιγξ
1072 4386 1129 4440 δὲ
1172 4385 1408 4456 πολέμου
1462 4384 1687 4452 σημεῖον
1714 4396 1728 4411 ο
1777 4378 1859 4433 διὸ
1907 4378 1983 4441 ὡς

403 4486 538 4559 πρὸς
568 4484 823 4553 πολέμιον
854 4479 943 4533 τὸν
967 4476 1138 4547 ἀσεῦῆ
1163 4475 1257 4530 καὶ
1285 4472 1609 4546 ἁμαρτωλὸν
1630 4472 1698 4541 τῇ
1727 4469 1822 4540 βοῇ
1852 4467 1986 4538 χρή-

402 4558 596 4630 σασθαι
634 4572 866 4632 κελεύει,
899 4569 979 4633 ὼς
1031 4569 1098 4623 ἂν
1147 4567 1445 4637 καθάψοιτο
1475 4564 1575 4634 τῆς
1625 4562 1736 4616 τῶν
1771 4558 1987 4614 ἀκουόν-

402 4684 510 4721 των
536 4666 792 4728 διανοίας,
824 4664 921 4717 καὶ
947 4659 1184 4734 τρώσειν
1233 4658 1405 4730 αὐτὴν
1434 4656 1513 4727 τῷ
1546 4650 1984 4724 πληκτικωτάτῳ

402 4758 563 4829 λόγῳ.

476 4892 495 4924 ι
538 4868 672 4942 Ἐμέ
713 4868 926 4939 ἡμέραν
978 4862 1038 4929 ἐξ
1089 4860 1301 4932 ἡμέρας
1348 4857 1591 4929 ζητοῦσι,
1637 4855 1734 4909 καὶ
1778 4849 1983 4921 γνῶναί

411 4980 512 5035 μου
539 4962 641 5025 τὰς
667 4960 819 5022 ὁδοὺς
852 4952 1199 5026 ἐπιθυμοῦσι,
1244 4950 1320 5013 ὡς
1349 4949 1476 5012 λαὺς
1507 4944 1852 5014 δικαιοσύνην
1899 4958 1989 4993 πε-

409 5034 673 5127 ποιηκὼς,
699 5051 795 5105 καὶ
825 5050 1008 5121 κρίσιν
1033 5042 1170 5099 Θεοῦ
1192 5038 1361 5096 αὑτοῦ
1396 5041 1469 5112 μὴ
1499 5034 1986 5107 ἐγκαταλελοιπώς.

410 5122 628 5199 Δίτοῦσί
679 5157 748 5213 με
792 5136 889 5193 νῦν
943 5136 1121 5208 κρίσιν
1171 5130 1409 5194 δικαίαν,
1447 5130 1543 5184 καὶ
1592 5125 1831 5196 ἐγγίζειν
1874 5122 1995 5194 Θεῷ

410 5233 762 5306 ἐπιθυμοῦσι.
806 5250 827 5283 ›
854 5230 949 5292 Εἰς
977 5226 1303 5297 κατάκρισιν
1351 5221 1480 5276 λαὸν
1520 5218 1686 5273 αὑτοῦ
1708 5215 1993 5287 ὀνομάζων

410 5328 505 5382 τὸν
540 5321 884 5397 ἁμαρτωλὸν,
917 5320 978 5373 ὃν
1008 5317 1118 5388 ἐγὼ
1154 5316 1275 5388 μὲν,
1324 5313 1507 5385 φησὶν,
1543 5306 1996 5378 είσεποιησάμην,

416 5420 513 5473 καὶ
535 5416 595 5472 ὃν
620 5413 934 5485 κατηξίωσα
963 5411 1090 5465 λαὸν
1116 5409 1248 5479 ἐμὸν
1278 5401 1669 5478 χρηματίζειν
1699 5400 1751 5453 οἱ
1772 5398 1829 5451 δὲ
1860 5396 1997 5467 ἐμά-

2049 1967 2285 2043 ﬂagellat
2309 1977 2490 2023 autem
2522 1980 2737 2021 omnem
2775 1963 2943 2018 tilium
2967 1974 3164 2038 ,quem
3189 1956 3418 2031 suscipit
3442 1954 3503 2022 “;
3530 1972 3548 2006 ι
3569 1957 3627 2004 at

2050 2061 2177 2130 quia
2207 2062 2259 2117 in
2306 2057 2681 2130 castigationis
2728 2069 2864 2110 mea:
2915 2069 3134 2108 sensum
3170 2049 3471 2110 venientes,
3523 2043 3624 2108 illi,

2052 2168 2172 2221 qua;
2202 2152 2498 2206 secundum
2537 2150 2704 2203 Deum
2741 2155 2824 2201 est
2849 2186 2863 2211 ,
2900 2144 3136 2199 tristitiae
3183 2156 3281 2195 vos
3318 2136 3625 2197 dedidistis.

2053 2262 2117 2300 ac
2147 2244 2461 2312 paenitentia
2495 2241 2638 2296 ducti
2675 2255 2797 2294 cum
2827 2250 3063 2291 mcerore
3101 2230 3462 2293 ambulastis;
3498 2227 3622 2281 ideo

2055 2338 2465 2394 conversionem
2492 2345 2541 2389 et
2566 2334 2943 2404 paenitentiam
2976 2335 3211 2380 vestram
3261 2319 3626 2390 conspicatus,

2056 2447 2267 2486 necnon
2295 2427 2594 2500 posteriora
2624 2431 2775 2496 gesta
2827 2429 3005 2474 vestra
3041 2457 3056 2483 ,
3094 2425 3148 2470 et
3180 2413 3294 2467 vias
3322 2412 3447 2464 vita:
3491 2422 3630 2476 quas

2057 2525 2280 2586 iniistis,
2333 2538 2425 2575 vos
2462 2518 2647 2575 sanavi
2677 2525 2731 2571 et
2760 2510 3073 2569 consolatus
3120 2520 3236 2560 sum
3274 2515 3401 2555 vera
3446 2500 3633 2566 utique

2059 2614 2479 2673 consolatione:
2520 2608 2722 2664 etenim
2805 2601 2987 2659 omnia
3045 2614 3074 2653 a
3141 2611 3227 2651 me
3282 2590 3637 2648 futiiiliaribus

2056 2722 2313 2765 concessa
2350 2704 2485 2758 meis
2508 2716 2636 2755 vera
2657 2705 2805 2754 sunt.
2832 2692 3202 2760 Quamobrem
3253 2685 3353 2750 iis,
3401 2682 3494 2751 qui
3538 2694 3637 2749 per

2060 2798 2470 2869 castigationem
2537 2806 2713 2848 meam
2768 2788 3154 2856 resipuerunt,
3209 2776 3635 2835 consolationem

2060 2891 2182 2948 dedi
2211 2902 2396 2943 veram
2415 2895 2469 2941 et
2495 2892 2744 2955 pacatam
2769 2921 2786 2947 ,
2815 2894 2920 2935 non
2951 2887 3131 2931 autem
3148 2872 3420 2943 vulgarem
3448 2882 3646 2938 quam-

2062 2985 2185 3037 dam
2226 2989 2279 3034 et
2309 2978 2720 3046 temporariam,
2762 2972 2855 3027 sed
2891 2964 3413 3025 abundantissimam
3440 2978 3457 3029 ;
3480 2961 3553 3013 ita
3583 2968 3646 3012 ut

2062 3089 2264 3133 etcum
2296 3075 2541 3146 proxime
2570 3070 2783 3143 positis,
2817 3076 2872 3122 et
2901 3079 3024 3121 cum
3066 3057 3259 3133 procul
3292 3055 3519 3116 remotis
3552 3054 3642 3107 illa

2064 3171 2334 3229 fruantur.

2634 3254 2863 3313 CAPUT
2906 3254 3085 3313 LVIII.

2134 3356 2296 3415 Vens.
2342 3355 2393 3409 1.
2436 3372 2454 3405 ι
2483 3349 2667 3407 Clama
2697 3363 2820 3403 cum
2849 3346 3188 3423 fortitudine,
3220 3352 3397 3409 neque
3428 3349 3648 3406 parcas,

2063 3450 2218 3519 quasi
2256 3449 2382 3501 tuba
2414 3442 2601 3499 attolle
2627 3454 2815 3496 vocem
2840 3447 3013 3502 tuam,
3041 3446 3096 3490 et
3129 3430 3399 3487 annuntia
3444 3423 3652 3496 papuio

2065 3558 2186 3599 meo
2225 3549 2449 3611 peccata
2495 3550 2709 3599 eorum,
2754 3541 2811 3587 et
2866 3528 3050 3587 domui
3108 3524 3277 3580 Iacob
3332 3520 3648 3589 iniquitates

2066 3610 2313 3690 eorum»
2346 3629 2604 3699 Superius
2636 3626 2854 3695 quidem
2903 3619 3157 3676 salutaris
3194 3615 3344 3670 verbi
3387 3610 3649 3683 praedica-

2070 3728 2279 3783 toribus
2302 3723 2616 3779 dicebatur:
2645 3737 2663 3769 ι
2692 3716 2869 3785 Super
2892 3721 3130 3767 montem
3160 3707 3432 3762 excelsum
3457 3714 3650 3755 ascen-

2072 3822 2141 3877 de
2191 3819 2282 3889 qui
2328 3813 2668 3884 evangelizas
2707 3805 3055 3864 Jerusalem:
3094 3799 3331 3856 exaltate
3378 3804 3431 3850 et
3483 3791 3653 3847 nolite

2076 3885 2270 3970 timere
2302 3928 2316 3963 :
2353 3927 2371 3961 ι
2416 3906 2504 3961 hic
2547 3917 2684 3959 vero
2723 3916 2831 3955 non
2883 3911 3046 3967 supra
3104 3904 3340 3948 montem
3374 3885 3657 3942 excelsum

2078 4005 2373 4061 ascendere
2394 3998 2613 4068 iubetur
2645 3993 2909 4067 propheta
2942 4008 2955 4045 :
2994 3999 3171 4059 neque
3209 3982 3354 4039 enim
3387 3980 3443 4035 in
3486 3989 3652 4032 cacu-

2081 4100 2227 4155 mine
2246 4094 2408 4168 positi
2431 4099 2589 4147 erant
2610 4090 2669 4154 ii,
2698 4084 2898 4157 quibus
2938 4082 3055 4138 haec
3093 4072 3525 4149 praznuntiabat:
3556 4067 3661 4123 sed;

2080 4200 2289 4249 tantum
2318 4197 2377 4241 ut
2416 4199 2540 4241 cum
2568 4180 2892 4238 fortitudine
2920 4176 3154 4239 clamet,
3188 4178 3244 4226 et
3294 4182 3362 4222 ne
3416 4169 3611 4235 parcat
3633 4199 3662 4226 μ

2082 4291 2268 4354 utpote
2297 4280 2391 4351 qui
2424 4277 2492 4332 ad
2517 4290 2679 4330 aures
2705 4272 2991 4354 surdorum
3012 4267 3288 4336 loquatur,
3320 4256 3658 4328 pracipitur,

2084 4346 2220 4433 et-ut
2249 4346 2425 4428 instar
2461 4369 2601 4423 tuba:
2618 4364 2843 4420 extollat
2868 4349 3073 4416 vocem.
3101 4354 3251 4410 Tuba
3274 4367 3401 4406 vero
3422 4346 3665 4403 militare

2087 4469 2295 4537 signum
2351 4474 2438 4519 eet
2468 4474 2673 4530 :quare
2726 4457 2987 4511 adversus
3023 4447 3248 4517 impium
3296 4454 3352 4499 et
3402 4446 3655 4512 peccato-

2020 4540 2061 4594 θ
2092 4527 2225 4622 τέω,
2259 4566 2319 4612 ut
2341 4527 2538 4611 contra
2560 4551 2860 4612 inimicum,
2891 4543 3132 4598 clamore
3160 4536 3236 4592 uti
3265 4534 3439 4603 jubet,
3466 4528 3557 4599 qui
3590 4527 3661 4581 ad

2092 4650 2402 4723 auditorum
2446 4652 2682 4699 mentem
2724 4639 3020 4713 pertingat,
3072 4631 3356 4701 ipsamque
3414 4623 3465 4679 vi
3510 4622 3663 4677 vocis

2090 4744 2249 4798 feriat
2274 4748 2327 4796 et
2354 4738 2616 4791 vulneret.

2163 4836 2326 4891 Vens.
2373 4832 2430 4885 2.
2487 4848 2506 4882 ι
2536 4829 2621 4884 Me
2651 4829 2720 4882 de
2742 4825 2829 4881 die
2857 4824 2913 4879 in
2937 4822 3078 4876 diem
3123 4823 3373 4889 quaerunt
3392 4853 3406 4876 ,
3436 4820 3493 4866 et
3522 4808 3667 4865 scire

2092 4927 2208 4982 vias
2234 4939 2386 4981 meas
2410 4922 2655 4993 cupiunt,
2696 4929 2952 4988 tanquam
2992 4911 3244 4982 populus,
3275 4907 3366 4977 qui
3393 4901 3659 4976 justitiam

2095 5017 2307 5082 fecerit,
2335 5024 2392 5072 et
2412 5014 2673 5082 judicium
2703 5011 2795 5066 Dei
2823 5009 2904 5065 sui
2931 5021 3037 5062 non
3077 4998 3449 5072 dereliquerit.
3471 4995 3663 5049 Petunt

2095 5128 2125 5166 a
2156 5127 2244 5168 me
2274 5125 2417 5166 nunc
2444 5106 2701 5178 iudicium
2723 5103 2956 5174 justum,
3000 5109 3055 5154 et
3087 5094 3522 5167 appropinquare
3557 5085 3664 5138 Dea

2094 5203 2340 5274 cupiunt.
2376 5220 2396 5254 ι
2452 5198 2715 5270 Populum
2756 5210 2913 5252 suum
2959 5193 3027 5248 ad
3064 5190 3234 5261 ipsius
3259 5178 3664 5241 condemnatio-

2095 5268 2219 5351 nein
2289 5268 2630 5366 peccatorem
2686 5294 3198 5356 nuncupatzquem
3248 5292 3392 5347 ego,
3449 5268 3662 5340 inquit,

2097 5405 2273 5447 meum
2298 5387 2545 5457 ascripsi,
2572 5394 2627 5441 et
2662 5397 2826 5454 quem
2867 5378 3121 5451 populum
3141 5386 3336 5429 vocare
3360 5380 3537 5421 meum
3558 5377 3662 5415 non

417 5526 616 5583 κρυνον
656 5459 883 5567 ἑαυτοὺς
911 5502 1071 5572 ἐμοῦ,
1102 5459 1458 5564 τάῖςήέἀίδτέῦν
1492 5459 1703 5549 ἔκδοτοι
1727 5459 1961 5563 δεδομένε

2100 5483 2420 5553 dedignatus
2446 5494 2569 5535 sum
2604 5494 2619 5533 :
2652 5476 2728 5531 illi
2760 5488 2894 5530 vero
2923 5470 3142 5528 malitia:
3166 5479 3278 5521 suae
3313 5459 3517 5524 dediti,
3548 5468 3668 5513 sese

419 5599 661 5663 κακίαις.

499 5801 541 5832 ⁵ο
575 5799 767 5853 l’saliu.
802 5813 887 5861 cs,
912 5798 969 5853 6.
1052 5793 1092 5824 ”
1140 5791 1300 5847 llebr.
1352 5805 1451 5857 xit,
1482 5789 1535 5847 6.

2099 5593 2131 5632 a
2162 5590 2246 5633 me
2268 5573 2462 5648 procul
2497 5576 2866 5629 removerunt.
