4130 6438
500 385 602 442 I79

1177 378 1451 438 EUSEBII
1487 380 1968 440 CAESARlENSlS
2004 383 2152 442 OPP.
2195 384 2374 442 PARS
2413 384 2498 441 Ill.
2540 418 2608 427 —
2644 385 3057 444 EXEGETICA.

3657 393 3760 448 480

571 503 734 560 Vsus.
767 501 822 555 3.
863 520 885 554 ι
913 501 1195 557 Dicentes:
1229 502 1409 568 Quare
1431 503 1802 573 jejunavimus
1822 547 1838 572 ,
1885 516 1940 563 et
1969 523 2072 562 non

2256 526 2275 559 ι
2310 508 2593 577 Λέγοντες’
2629 510 2695 562 Τί
2736 510 2819 563 ὅτι
2864 508 3287 580 ἐνηστεύσαμεν,
3329 510 3423 563 καῖ
3455 510 3554 564 οὐκ
3589 507 3762 579 εἶδες;

501 595 721 649 vidisti?
745 593 1148 648 humiliavimus
1177 596 1386 659 animas
1408 605 1642 665 nostras,
1667 609 1721 653 et
1749 615 1855 655 non
1880 615 2081 669 cogno-

500 688 664 743 visti?
694 705 712 739 ι
749 685 886 752 Quia
931 685 1055 739 talia
1090 686 1433 755 impudenter
1458 689 1609 744 eﬂ'ari
1644 692 1867 758 audent,
1887 709 2078 764 magna

503 789 580 844 tu,
606 778 675 832 mi
701 778 986 847 propheta,
1014 792 1146 832 voce
1175 786 1352 845 utens,
1380 783 1649 847 responde
1675 783 1805 850 illis,
1840 796 1896 839 et
1921 800 2081 840 coar-

499 887 602 940 gue
655 884 771 934 eos,
806 872 950 941 quod
1000 870 1263 939 judicium
1320 889 1498 929 meum
1556 876 1973 947 dereliquerint,
2025 888 2081 933 et

498 962 645 1031 quod
674 963 1032 1034 omniaquae
1073 964 1382 1035 proferunt,
1433 981 1543 1022 non
1605 969 1820 1026 sincere
1870 970 2076 1025 dicant.

504 1073 523 1105 ι
554 1055 607 1107 In
652 1054 843 1112 diebus
870 1059 1019 1111 enim
1054 1057 1388 1128 jejuniorum
1448 1068 1755 1115 vestrorum
1820 1062 2080 1118 invenitis

497 1148 809 1205 voluntates
842 1161 1077 1216 vestras,
1123 1162 1180 1206 et
1212 1167 1405 1207 omnes
1429 1152 1671 1209 subditos
1702 1164 1918 1211 vestros
1945 1152 2080 1209 allii-

499 1240 645 1307 gitis.
672 1259 690 1292 ›
737 1241 796 1296 Si
839 1257 972 1314 ergo
1021 1244 1090 1299 de
1134 1240 1231 1299 tali
1278 1246 1488 1316 jejunio
1535 1245 1860 1316 gloriantur,
1924 1247 2081 1317 longe

497 1334 861 1401 praestabilius
895 1337 1028 1406 ipsis
1059 1348 1199 1405 erat,
1233 1349 1293 1393 ut
1318 1338 1493 1409 epulis
1537 1349 1842 1405 vacarent,
1888 1348 1944 1396 et
1991 1354 2079 1394 res

497 1425 809 1495 bnjnsmodi
867 1444 974 1483 non
1023 1431 1465 1499 aggrederentur.
1520 1430 1861 1501 Quapropter
1923 1429 2078 1485 initio

495 1519 794 1589 prophetiae
816 1521 1021 1577 dictum
1046 1531 1132 1577 est
1161 1523 1267 1578 illis
1296 1542 1310 1578 :
1339 1541 1361 1577 ι
1393 1523 1667 1594 Jejunium
1719 1531 1776 1576 et
1816 1522 2079 1577 cessatio-

497 1624 621 1664 nem
648 1621 705 1664 et
724 1610 1097 1668 solemnitates
1131 1624 1345 1669 vestras
1371 1616 1485 1670 odit
1506 1616 1685 1669 anima
1723 1630 1863 1671 mea.
1891 1634 1910 1666 ι
1943 1613 2076 1667 Nam

491 1699 679 1768 jejunii
711 1701 903 1768 otium,
934 1719 1041 1758 non
1069 1705 1121 1759 in
1156 1707 1491 1774 pmnitentim
1531 1707 1877 1763 occasionem
1908 1707 2075 1762 verti-

501 1794 570 1847 tis
595 1832 611 1857 ,
642 1794 737 1849 sed
772 1794 866 1850 illo
897 1796 966 1851 ad
994 1798 1175 1854 debita
1203 1800 1472 1871 exigenda
1518 1809 1575 1856 et
1628 1800 1921 1871 repetenda
1970 1800 2078 1855 uti-

498 1900 655 1947 "ull.

568 1979 731 2036 Vens.
792 1982 846 2036 4.
895 1984 999 2039 «Si
1039 1984 1107 2039 ad
1153 1985 1277 2041 lites
1328 1995 1383 2041 et
1420 2001 1629 2058 pugnas
1673 1987 1968 2058 jejunatis,
2022 1995 2077 2041 et

496 2074 688 2140 pugnis
719 2076 1004 2144 percutitis
1032 2078 1309 2143 humilem,
1332 2081 1397 2133 ad
1428 2080 1557 2150 quid
1591 2080 1723 2134 ntihi
1745 2078 2069 2148 jejunatis?»

500 2162 724 2221 Videtur
750 2167 867 2235 ipso
892 2182 1110 2239 quoque
1140 2158 1447 2240 prophetia:
1499 2180 1741 2242 tempore
1783 2172 1887 2226 tale
1919 2172 2077 2241 quid-

495 2258 642 2325 piam
706 2258 907 2315 factum
955 2277 1079 2318 esse
1109 2280 1124 2317 :
1158 2264 1212 2318 id
1261 2265 1463 2336 quippe
1503 2281 1685 2323 sermo
1733 2265 2073 2322 subindicat:

500 2365 522 2400 ‹
554 2347 623 2404 Ut
650 2351 811 2408 hodie
851 2354 1105 2410 audiatur
1134 2355 1186 2411 in
1216 2356 1455 2413 clamore
1489 2373 1592 2414 vox
1620 2371 1823 2414 vestra.
1859 2378 1879 2411 ι

567 2441 730 2499 Vens.
788 2444 841 2499 5.
896 2445 1057 2503 «Non
1115 2463 1215 2520 ego
1270 2450 1538 2521 jejunium
1607 2454 1752 2508 istud
1803 2454 1966 2524 elegi,
2024 2464 2078 2510 et

490 2533 655 2600 diem,
694 2543 753 2588 ut
806 2536 1058 2593 humiliet
1101 2541 1263 2596 homo
1309 2544 1550 2611 animam
1615 2561 1797 2602 suam.
1854 2546 1972 2603 Non
2031 2548 2075 2605 si

489 2623 864 2682 incurvaveris
901 2632 1058 2700 quasi
1092 2633 1359 2689 circulum
1391 2637 1590 2692 collum
1640 2648 1817 2707 tuum,
1865 2649 1922 2694 et
1968 2640 2079 2695 cili-

488 2717 636 2771 cium
671 2725 726 2773 et
764 2720 1005 2777 cinerem
1033 2724 1398 2783 substraveris
1428 2746 1443 2781 :
1477 2744 1654 2799 neque
1696 2730 1778 2787 sic
1809 2732 2081 2789 vocabitis

484 2806 751 2879 jejunium
805 2814 1161 2884 acceptabile.
1196 2837 1217 2871 ι
1264 2819 1418 2885 Quod
1458 2821 1503 2875 si
1528 2823 1653 2892 quis
1678 2821 1810 2877 velit
1845 2824 2062 2878 modum

488 2902 605 2956 veri
640 2903 881 2975 mihique
912 2908 1130 2976 probati
1177 2910 1372 2981 jejunii
1421 2914 1690 2981 ediscere,
1737 2915 1855 2971 haec
1914 2926 2073 2986 agat:

487 2993 571 3048 Ad
598 2994 838 3051 laetitiam
869 3000 1077 3056 vultum
1111 3014 1425 3075 componat,
1459 3017 1514 3061 et
1543 3008 1665 3062 oleo
1707 3019 1870 3077 caput
1918 3009 2077 3062 inun-

490 3099 624 3155 gens
647 3090 948 3144 secundum
984 3092 1225 3151 salutare
1258 3107 1612 3169 przeceptum,
1638 3098 1903 3168 jejunium
1936 3100 2073 3156 clam

488 3177 764 3246 observet,
794 3190 849 3237 et
874 3183 975 3239 soli
1003 3184 1148 3241 Patri
1192 3189 1406 3245 occulta
1451 3192 1658 3248 videnti
1713 3193 2073 3249 humilitatem

2185 586 2635 673 ἐταπεινώσαμεν
2684 603 2785 667 τὰς
2823 602 3000 673 ψυχὰς
3032 603 3208 673 ἡμῶν,
3235 601 3331 656 καὶ
3368 603 3468 656 οὐκ
3503 603 3702 673 ἔγνως;
3738 624 3761 658 ι

2197 695 2419 767 Ἐπειδὴ
2465 697 2689 749 τοιαῦτα
2741 695 2920 766 λέγειν
2961 696 3191 759 ἀναιδῶς
3242 696 3505 768 τολμῶσι,
3552 698 3767 772 μεγάλῃ

2187 786 2283 858 βοῇ
2305 787 2648 858 χρησάμενος
2666 789 2729 841 σὺ
2748 788 2919 858 ὁὲμὸς
2931 791 3235 859 προφήτης,
3252 790 3543 860 ἀπόκριναι
3558 791 3766 857 αὐτοῖς,

2183 879 2277 931 καὶ
2303 879 2595 949 ἀπέλεγχε,
2628 880 2775 942 ὅπως
2804 878 2942 952 ἐμὴν
2983 880 3163 950 κρίσιν
3193 880 3638 947 καταλελοίπασι,
3670 881 3770 935 καὶ

2183 970 2344 1023 πάνθ’
2392 971 2493 1025 ὅσα
2546 974 2865 1042 φάσκουσιν,
2911 973 3012 1026 οὐκ
3060 972 3276 1044 ἀληθῶς
3308 972 3767 1027 διαδεδαιοῦνται.

2189 1078 2208 1112 ι
2250 1061 2337 1114 Ἐν
2376 1060 2486 1133 γάρ
2526 1047 2912 1133 ταῖςήμέραις
2961 1061 3070 1116 τῶν
3111 1062 3372 1134 νηστειῶν
3415 1063 3568 1135 ὑμῶν
3618 1063 3769 1137 εὑρί-

2187 1169 2347 1206 σκετε
2376 1153 2445 1208 τά
2482 1152 2765 1225 θελήματα
2798 1153 2973 1225 ὑμῶν,
3004 1156 3099 1208 καὶ
3128 1156 3336 1219 πάντας
3379 1156 3504 1219 τοὺς
3541 1142 3767 1227 ὑποχει-

2188 1243 2334 1315 ρίους
2362 1244 2516 1323 ὑμῶν
2540 1244 2893 1299 ὑπονύσσετε.
2921 1264 2940 1296 ι
2970 1246 3031 1300 Εἰ
3050 1245 3229 1299 τοίνυν
3260 1246 3351 1299 ἐπὶ
3395 1246 3620 1319 τοιαύτῃ
3674 1263 3769 1299 σε-

2188 1336 2478 1407 μνύνονται
2510 1338 2756 1410 νηστείᾳ,
2795 1338 2931 1392 πολὺ
2967 1341 3212 1410 κρεῖττον
3244 1335 3312 1410 ἦν
3358 1340 3542 1403 αὐτοῖς
3587 1343 3768 1410 τροφῇ

2187 1426 2489 1498 σχολάζειν,
2525 1429 2620 1482 καὶ
2653 1429 2728 1502 μὴ
2755 1428 2977 1483 τοιαῦτα
3027 1430 3248 1501 τολμᾷν.
3294 1431 3393 1485 Διὰ
3426 1431 3600 1485 ταῦτα
3631 1430 3773 1501 γοῦν

2182 1522 2304 1574 κατ’
2337 1521 2515 1593 ἀρχῆς
2560 1521 2661 1592 τῆς
2715 1522 3053 1595 προφητείας
3091 1523 3227 1594 πρὸς
3287 1524 3484 1587 αὐτοὺς
3515 1523 3766 1593 ἐλέγετο·

2187 1634 2205 1664 ι
2241 1614 2517 1683 Νηστείαν
2550 1614 2645 1668 καὶ
2683 1615 2903 1684 ἀργίαν,
2944 1616 3039 1668 καὶ
3063 1615 3164 1679 τὰς
3198 1614 3392 1687 ὲορτάς
3421 1614 3575 1686 ὑμῶν
3620 1617 3777 1687 μισεῖ

2180 1707 2213 1775 ἡ
2242 1705 2390 1776 ψυχή
2425 1722 2549 1776 μου.
2595 1725 2614 1758 ι
2663 1706 2775 1778 Τὴν
2822 1705 3076 1781 γάρ-τῆς
3124 1705 3377 1775 νηστείας
3427 1704 3620 1775 σχολὴν
3665 1706 3774 1759 οὐκ

2185 1795 2441 1867 ἀφορμὴν
2475 1795 2717 1850 ποιεῖσθε
2756 1796 3116 1868 μεταμελείας
3136 1814 3149 1826 ·
3182 1795 3320 1851 ἀλλά
3334 1796 3538 1867 ταύτην
3564 1800 3643 1860 είς
3669 1796 3778 1869 τὴν

2189 1888 2298 1941 τῶν
2334 1889 2660 1958 ὀφειλόντων
2694 1888 2979 1961 εἴσπραξιν
3006 1889 3347 1944 ἀναλίσκετε.

2264 2000 2283 2032 ι
2313 1981 2375 2034 El
2403 1981 2482 2044 εἰς
2516 1981 2726 2051 κρίσεις
2757 1981 2851 2034 καὶ
2873 1981 3053 2052 μάχας
3080 1980 3389 2053 νηστεύετε,
3416 1982 3511 2035 καὶ
3536 1982 3776 2037 τύπτετε

2180 2075 2427 2142 πυγμαῖς
2468 2072 2747 2136 ταπεινὸν,
2803 2073 2889 2126 ἵνα
2925 2073 2978 2127 τί
3030 2092 3120 2146 μοι
3155 2075 3481 2147 νηστεύετε;
3525 2096 3543 2128 ι
3580 2078 3775 2133 Ἐοικε

2180 2168 2275 2222 καὶ
2302 2169 2424 2221 κατ’
2466 2166 2631 2220 αὑτὸν
2669 2167 2760 2221 τὸν
2804 2167 2906 2237 τῆς
2941 2170 3277 2240 προφητείας
3316 2169 3511 2240 καιρὸν
3559 2170 3776 2225 τοιοῦτό

2179 2278 2230 2313 τι
2264 2259 2590 2330 γεγενῆσθαι
2612 2276 2627 2291 ο
2668 2258 2828 2313 τοῦτο
2858 2259 2967 2332 γὰρ
2996 2262 3290 2315 αἰνίττεται
3316 2264 3346 2315 ὀ
3382 2262 3539 2331 λόγος
3563 2280 3576 2292 ·
3619 2281 3637 2313 ι
3680 2262 3776 2327 Ὠς

2182 2350 2421 2422 σήμερον
2460 2349 2796 2419 ἀκουσθῆναι
2815 2352 2873 2403 ὲν
2901 2353 3119 2422 κραυγῇ
3148 2351 3246 2422 τὴν
3281 2351 3465 2422 φωνὴν
3487 2352 3662 2424 ὑμῶν.

2258 2461 2275 2492 ι
2305 2443 2379 2495 Οὐ
2411 2441 2618 2514 ταύτην
2640 2443 2738 2513 τὴν
2761 2444 3014 2514 νηστείαν
3048 2443 3399 2515 ἐξελεξάμην,
3431 2445 3527 2498 καὶ
3556 2444 3773 2517 ἡμέραν

2178 2533 2468 2588 ταπεινοῦν
2502 2535 2790 2607 ἄνθρωπον
2822 2534 2921 2607 τὴν
2947 2535 3125 2607 ψυχὴν
3154 2535 3340 2590 αὐτοῦ.
3374 2536 3495 2590 Οὐδ’
3533 2537 3599 2591 ἂν
3620 2537 3772 2608 κάμ-

2177 2625 2286 2699 ψῃς
2335 2626 2411 2689 ὡς
2442 2625 2633 2698 κρίκον
2663 2627 2757 2680 τὸν
2790 2627 3060 2699 τράχηλόν
3101 2645 3217 2692 σου,
3274 2629 3369 2682 καὶ
3411 2629 3613 2684 σάκκον
3672 2632 3770 2685 καὶ

2180 2721 2374 2775 σπόδον
2432 2719 2784 2792 ὑποστρώσῃ,
2840 2721 2950 2775 οὐδ’
2997 2720 3140 2776 οὕτω
3188 2721 3450 2776 καλέσετε
3512 2724 3768 2794 νηστείαν

2177 2814 2392 2885 δεκτήν.
2437 2832 2456 2865 ι
2508 2813 2573 2865 Et
2623 2812 2679 2866 δὲ
2719 2813 2786 2885 δὴ
2818 2812 2991 2867 ἐθέλοι
3044 2831 3129 2876 τις
3165 2814 3366 2886 τρόπον
3404 2814 3637 2887 ἀληθοῦς
3667 2816 3767 2869 καὶ

2177 2904 2302 2974 ἐμοὶ
2339 2903 2417 2975 τῷ
2461 2903 2581 2975 θεῷ
2627 2904 2868 2975 ἀρεστῆς
2899 2905 3153 2977 νηστείας
3176 2904 3543 2971 διδάσκεσθαι,
3592 2906 3770 2961 ταῦτα

2178 2999 2499 3069 πραττέτω·
2539 2997 2768 3070 Φαιδρὸν
2820 2998 2882 3050 τὸ
2935 2997 3227 3070 πρόσωπον
3265 3000 3639 3068 καταστήσας,
3671 3001 3769 3054 καὶ

2175 3092 2275 3165 τὴν
2305 3092 2545 3165 κεφαλὴν
2596 3091 2824 3161 ἀλείψας
2858 3089 3022 3162 ἐλαίῳ
3048 3090 3191 3144 κατὰ
3232 3089 3331 3162 τὴν
3365 3094 3630 3164 σωτήριον
3664 3109 3771 3146 πα-

2182 3186 2521 3260 ρακέλευσιν,
2551 3186 2651 3255 τὴν
2683 3185 2781 3255 μὲν
2806 3182 3060 3256 νηστείαν
3094 3185 3153 3238 ἐν
3184 3183 3264 3255 τῷ
3295 3183 3520 3255 κρυπτῷ
3561 3182 3765 3252 φυλατ-

490 3271 683 3326 animo:
706 3274 954 3330 ostendat
986 3294 1001 3332 :
1031 3278 1084 3332 in
1124 3280 1341 3350 publico
1371 3291 1557 3339 autem
1589 3286 1869 3355 operibus,
1904 3287 2072 3357 pieta-

2180 3276 2339 3341 τέτω,
2370 3274 2569 3347 καὶτῷ
2617 3275 2794 3347 Πατρὶ
2824 3273 2904 3346 τῷ
2958 3273 3208 3345 βλέποντι
3240 3274 3309 3329 τὰ
3354 3275 3575 3347 κρυπτά
3620 3275 3765 3348 μόνῳ

491 3364 560 3418 tis
617 3364 828 3422 fructus
874 3370 1187 3429 videntibus
1232 3376 1491 3433 omnibus
1556 3378 1859 3446 exhibeat,
1910 3394 2072 3435 omne

2180 3368 2277 3441 τὴν
2301 3368 2631 3423 ταπείνωσιν
2662 3368 2763 3438 τῆς
2784 3365 2964 3438 ψυχῆς
2999 3366 3263 3422 δεικνύτω
3288 3385 3301 3399 ’
3341 3370 3422 3432 εἰς
3466 3369 3524 3422 δὲ
3563 3368 3625 3421 τὸ
3662 3384 3766 3436 φα-

489 3459 768 3515 vinculum
797 3461 1102 3533 iniquitatis
1125 3466 1406 3526 solvendo.
1431 3468 1614 3537 Quare
1641 3471 1719 3526 ait
1751 3487 1766 3525 :

2180 3462 2337 3535 νερὸν
2364 3461 2432 3514 δι’
2457 3461 2634 3532 ἔργων
2661 3460 2790 3523 τοὺς
2817 3460 3066 3529 καρποὺς
3090 3460 3191 3531 τῆς
3222 3459 3363 3514 κατά
3402 3458 3578 3529 ψυχὴν
3606 3458 3766 3512 εὐλα-

490 3548 647 3615 σεείοις
673 3556 785 3618 τοῖς
810 3558 977 3610 πᾶσιν
1010 3557 1178 3629 ὁρῶσι
1204 3560 1509 3633 παρεχέτω,
1548 3562 1637 3617 διὰ
1654 3564 1749 3618 τοῦ
1782 3564 1929 3619 λύειν
1958 3565 2141 3621 πάντα
2164 3558 2461 3625 σύνδεσμον
2483 3553 2720 3616 ἀδικίας.
2751 3552 2845 3605 Διό
2870 3568 3035 3622 φησιν
3053 3567 3067 3581 ·

561 3640 724 3698 Vsus.
759 3641 813 3698 6.
851 3663 869 3695 ι
899 3644 1015 3700 Non
1060 3647 1168 3703 tale
1206 3647 1473 3717 judicium
1505 3642 1665 3722 elegi,
1702 3654 1833 3710 dicit
1882 3655 2067 3710 Domi-

2266 3665 2285 3699 ι
2314 3645 2453 3716 Οὐχὶ
2493 3643 2748 3714 τοιαύτην
2787 3641 3044 3713 νηστείαν
3074 3639 3419 3710 ἐξελεξάμην,
3465 3637 3611 3707 λέγει
3645 3638 3760 3691 Κύ·

487 3748 590 3788 nus
627 3752 643 3789 :
677 3735 771 3789 sed
796 3737 945 3792 solve
973 3753 1188 3795 omnem
1216 3756 1414 3797 nexum
1446 3743 1788 3813 iniquitatis;
1835 3746 2071 3805 dissolve

2183 3757 2297 3814 ριος
2321 3755 2335 3769 ⁸
2370 3736 2505 3793 ἀλλά
2556 3735 2650 3788 λύε
2700 3734 2879 3789 πάντα
2946 3733 3242 3804 σύνδεσμον
3291 3729 3532 3793 ἀδικίας·
3574 3729 3760 3783 διάλυε

484 3825 845 3895 obligationes
870 3830 1236 3889 violentarum
1259 3835 1606 3903 cantionum;
1633 3837 1845 3895 dimitte
1867 3839 2071 3898 fractos

2180 3828 2549 3904 πραγγαλιάς
2573 3826 2760 3899 βιαίων
2808 3824 3269 3894 συναλλαγμάτων
3292 3839 3305 3852 ’
3343 3819 3643 3875 ἀπόστελλε
3667 3836 3759 3873 τε-

484 3916 542 3972 in
589 3920 995 3989 remissionem;
1041 3933 1098 3980 et
1137 3941 1355 3982 omnem
1411 3930 1779 4000 syngrapham
1825 3932 2065 4003 iniquam

2180 3919 2546 3993 θραυσμένους
2581 3920 2641 3972 ὲν
2666 3916 2891 3988 ἀφέσειο
2939 3915 3034 3969 καὶ
3079 3915 3261 3967 πᾶσαν
3293 3912 3614 3985 συγγραφὴν
3653 3911 3766 3966 ἀδι-

485 4013 689 4078 lacera,
714 4031 734 4065 ι
779 4014 983 4070 dictum
1010 4016 1142 4072 illud
1170 4017 1481 4077 Servatoris
1526 4037 1693 4093 opere
1719 4025 2065 4095 (perliciens:

2180 4031 2271 4068 κον
2291 4014 2521 4067 διάσπα·
2557 4030 2579 4064 ›
2605 4010 2738 4065 αὐτὸ
2760 4010 2826 4081 δὴ
2856 4008 2918 4062 τὸ
2939 4006 3262 4078 λελεγμένον
3303 4006 3410 4060 ὑπὸ
3438 4004 3535 4058 τοῦ
3584 4005 3765 4075 Σωτῆ-

492 4123 512 4155 ι
544 4103 601 4158 Si
632 4103 795 4161 oﬂ'ers
824 4122 1019 4164 munus
1048 4118 1195 4164 tuum
1221 4113 1289 4166 ad
1311 4111 1510 4179 altare,
1565 4125 1620 4170 et
1648 4114 1724 4170 ibi
1748 4117 2068 4174 recordatus

487 4194 678 4263 fueris,
712 4200 836 4270 quia
864 4200 1035 4257 frater
1066 4210 1190 4259 tuus
1223 4204 1391 4261 habet
1431 4206 1634 4277 aliquid
1660 4208 1950 4265 adversum
1980 4217 2063 4276 te;

486 4292 735 4361 relinque
757 4292 827 4348 ibi
858 4309 1053 4351 munus
1094 4304 1279 4364 tuum,
1325 4307 1381 4354 et
1419 4302 1556 4353 vade
1590 4298 1766 4368 prius,
1816 4301 2056 4356 reconci'

483 4382 620 4440 liare
683 4384 839 4441 fratri
892 4396 1041 4444 tuo:
1094 4398 1150 4443 et
1215 4398 1347 4448 tunc
1396 4390 1630 4446 veniens
1682 4390 1817 4446 θίγοι·
1870 4407 2069 4449 munus

483 4485 636 4531 tuum
667 4478 732 4535 “.
763 4498 784 4532 ι

554 4566 724 4624 Vsus.
775 4572 830 4627 7.
891 4572 1155 4645 «Frange
1203 4577 1469 4631 esurienti
1522 4590 1718 4645 panem
1777 4585 1961 4643 tuum,
2011 4587 2067 4635 et

479 4674 751 4731 pauperes
781 4672 928 4719 tecto
961 4677 1211 4723 carentes
1243 4669 1408 4724 induc
1438 4670 1491 4724 in
1534 4670 1753 4724 domum
1782 4678 1953 4727 tuam.
1979 4715 1984 4723 .
2010 4668 2066 4726 Si

482 4753 686 4809 videris
717 4757 938 4823 nudum,
973 4769 1115 4829 tege,
1144 4770 1199 4817 et
1236 4762 1570 4821 domesticos
1596 4761 1824 4818 seminis
1867 4762 1944 4817 tui
2000 4778 2068 4817 ne

479 4844 817 4914 despexeris.
849 4869 869 4903 ι
906 4849 1025 4906 Non
1066 4853 1211 4907 enim
1233 4855 1432 4910 desunt
1486 4856 1631 4924 apud
1674 4854 1924 4911 homines
1972 4855 2064 4925 qui

478 4935 599 4991 cibo
632 4948 830 5005 egeant
865 4963 877 4996 :
911 4949 1076 5012 atque
1122 4944 1202 4999 sic
1231 4945 1325 5000 tibi
1382 4946 1714 5001 abstinentia
1758 4960 1864 5000 non
1912 4945 2065 5001 lucro

476 5028 584 5083 erit
617 5048 631 5083 :
663 5031 761 5087 sed
799 5032 905 5090 alio
941 5036 1102 5091 modo
1126 5038 1362 5093 animam
1406 5048 1552 5093 tuam
1580 5039 1724 5106 ales,
1760 5053 1884 5094 eum
1923 5052 2067 5109 pane

484 5127 570 5175 tuo
601 5122 841 5192 indigum
881 5133 937 5181 et
983 5126 1092 5181 cibi
1128 5130 1357 5196 penuria
1389 5127 1726 5184 laborantem
1767 5129 2066 5185 recreabis.

552 5303 716 5361 Vens.
748 5307 803 5372 8,
846 5307 899 5362 9.
954 5325 973 5360 ι
1002 5306 1156 5363 Τυηο
1213 5314 1467 5376 erumpet
1507 5305 1834 5361 matutinum
1883 5305 2065 5361 lumen

480 5403 660 5462 tuum,
687 5407 744 5453 et
771 5401 1093 5455 sanationes
1133 5409 1239 5455 tua;
1286 5400 1397 5454 cito
1435 5399 1684 5454 orientur
1721 5412 1737 5453 :
1772 5409 1828 5454 et
1856 5396 2070 5468 praeibit

480 5496 609 5540 ante
651 5495 703 5541 te
731 5488 949 5558 justitia
979 5499 1092 5558 tua,
1140 5499 1197 5545 et
1229 5488 1404 5560 gloria
1456 5487 1554 5544 Dei
1586 5489 1950 5545 circumdabit
1993 5497 2061 5544 te.

483 5572 634 5630 Tunc
686 5579 966 5648 clamabis,
1011 5588 1069 5637 et
1119 5580 1264 5637 Deus
1310 5582 1568 5641 exaudiet
1624 5591 1682 5640 te
1723 5581 1950 5655 zadhuc
2014 5588 2070 5637 te

485 5663 743 5737 loquente
777 5672 941 5736 dicet.
977 5671 1118 5730 Ecce
1152 5674 1365 5732 adsum.
1393 5692 1412 5728 ι

567 5804 613 5837 ιι
639 5804 836 5863 Matth.
877 5823 931 5878 ν,
961 5808 1033 5864 23

2102 4516 2149 4571 D

2181 4122 2273 4177 ρος
2323 4105 2472 4176 ἔργῳ
2504 4102 2751 4175 πληρῶν,
2792 4102 2878 4155 τόο
2918 4120 2937 4153 ι
2971 4101 3096 4155 Ἐὰν
3138 4099 3458 4172 προσφέρῃς
3486 4099 3548 4152 τὸ
3589 4096 3762 4169 δῶρόν

2177 4215 2297 4262 σου,
2323 4198 2483 4251 κάκεῖ
2508 4195 2773 4268 μνησθῇς,
2807 4195 2892 4248 ὅτι
2931 4193 3044 4265 εχει
3072 4196 3101 4247 ὁ
3133 4192 3361 4262 ἀδελφός
3390 4191 3485 4245 σού
3533 4208 3586 4244 τι
3622 4189 3767 4245 κατά

2179 4289 2276 4343 σοῦ
2298 4306 2312 4321 ’
2348 4290 2487 4359 ἄφες
2534 4291 2651 4343 ἐκεῖ
2677 4289 2740 4342 τὸ
2771 4288 2944 4358 δῶρόν
2974 4304 3091 4354 σου,
3141 4287 3237 4341 καὶ
3293 4284 3472 4353 ὕπαγε
3523 4283 3765 4356 πρῶτον,

2173 4381 2491 4453 διαλλάγηθι
2514 4381 2594 4452 τῷ
2617 4380 2832 4453 ἀδελφῷ
2854 4397 2947 4434 σου
2967 4397 2980 4411 ·
3013 4381 3108 4434 καὶ
3133 4380 3253 4433 τότε
3283 4377 3455 4432 ἐλθὼν
3484 4378 3770 4449 πρόσφερε

2176 4474 2238 4527 τὸ
2271 4473 2446 4546 δῶρόν
2473 4490 2588 4527 σου.
2621 4492 2641 4526 ι

2254 4584 2272 4617 ι
2304 4565 2616 4636 Διάθρυπτε
2647 4564 2907 4619 πεινῶντι
2930 4564 3023 4618 τὸν
3052 4563 3217 4638 ἄρτον
3246 4580 3360 4627 σου,
3384 4562 3480 4616 καὶ
3511 4561 3774 4632 πτωχοὺς

2177 4657 2442 4726 ἀστέγους
2481 4656 2670 4727 εἴσαγε
2692 4658 2772 4721 είς
2792 4656 2884 4711 τὸν
2903 4652 3052 4711 οἶκόν
3082 4673 3197 4709 σου.
3234 4655 3359 4710 Ἐὰν
3388 4655 3505 4727 ἴδῃς
3537 4653 3767 4724 γυμνὸν,

2180 4749 2463 4819 περίϐαλε,
2495 4751 2591 4802 καὶ
2613 4749 2723 4803 ἀπὸ
2754 4750 2863 4804 τῶν
2904 4748 3120 4803 οίκείων
3157 4747 3254 4801 τοῦ
3304 4743 3620 4819 σπέρματός
3665 4759 3767 4796 σου

2177 4843 2277 4913 οὐχ
2299 4843 2582 4916 ὑπερόψει.
2621 4863 2641 4898 ι
2679 4843 2753 4898 Οὐ
2779 4841 2889 4915 γὰρ
2937 4842 3218 4895 λείπουσιν
3246 4840 3306 4892 ὲν
3355 4835 3663 4908 ἀνθρώποις
3710 4835 3766 4888 οἱ

2175 4938 2382 5009 τροφῆς
2406 4937 2605 5000 ἐνδεεῖς
2627 4953 2642 4968 ·
2678 4938 2773 4991 καὶ
2803 4935 2946 4990 οὕτω
2991 4934 3101 5007 γάρ
3143 4950 3226 4986 σοι
3267 4932 3493 5003 γένηται
3525 4930 3586 4982 οὐ
3623 4927 3767 5001 πρὸς

2176 5028 2401 5100 κέρδους
2446 5030 2480 5100 ἡ
2527 5028 2732 5094 ἀσιτία,
2762 5027 2878 5083 ἀλλ’
2935 5027 3106 5098 ἑτέρῳ
3146 5026 3334 5097 τρόπῳ
3362 5024 3618 5095 τραφήσῃ
3660 5019 3768 5093 τὴν

2173 5119 2352 5191 ψυχὴν
2378 5120 2459 5192 τῷ
2484 5119 2679 5175 σαυτοῦ
2722 5121 2874 5193 ἄρτῳ
2896 5118 2986 5174 τὸν
3018 5117 3172 5189 ἐνδεῆ
3204 5117 3297 5170 καὶ
3321 5114 3531 5187 τροφῆς
3571 5112 3766 5183 δεόμε-

2175 5230 2266 5270 νον
2293 5212 2697 5285 ἀνακτώμενος.

2251 5324 2270 5357 ‹
2304 5304 2439 5359 Τότε
2471 5308 2770 5380 ῥαγήσεται
2788 5302 3039 5377 πρὼῖμον
3069 5303 3131 5357 τὸ
3152 5300 3268 5371 φῶς
3298 5316 3414 5364 σου,
3450 5297 3544 5353 καὶ
3568 5294 3639 5349 τὰ
3677 5294 3765 5349 ἰά-

2180 5400 2328 5473 ματά
2362 5417 2456 5454 σου
2483 5402 2619 5472 ταχὺ
2649 5400 2899 5455 ἀνατελεί
2922 5417 2937 5431 ο
2966 5398 3062 5453 καὶ
3098 5393 3538 5467 προπορεύσεται
3558 5391 3766 5462 ἔμπρο-

2177 5492 2305 5561 σθέν
2348 5509 2443 5547 σου
2498 5495 2533 5565 ὴ
2578 5493 2893 5566 δικαιοσύνη
2944 5509 3060 5558 σου,
3107 5492 3202 5544 καὶ
3252 5491 3285 5560 ἡ
3331 5488 3460 5555 δόξα
3488 5484 3583 5539 τοῦ
3617 5483 3759 5537 Beat)

2179 5590 2489 5661 περιστελεῖ
2522 5604 2600 5641 σε.
2633 5588 2767 5641 Τότε
2803 5587 2996 5661 βοήσῃ,
3022 5586 3117 5639 καὶ
3152 5587 3181 5639 ὁ
3225 5583 3359 5647 θεὸς
3378 5580 3760 5636 είσακούσεταε

2181 5696 2297 5734 σου·
2326 5680 2407 5736 ἔτι
2435 5678 2722 5744 λαλοῦντός
2754 5697 2847 5734 σου
2881 5682 3024 5752 ὲρεῖ·
3074 5677 3204 5733 Ἰδοὺ
3228 5675 3482 5747 πάρειμι.
3517 5692 3537 5726 ι
