4130 6382
294 335 408 394 431
1229 346 1726 405 COMMENTARIA
1765 352 1833 406 IN
1872 352 2124 409 ISAIAM.
2167 389 2234 397 —
2271 356 2423 413 CAP.
2466 356 2650 413 LVIII.

394 476 413 509 ι
454 457 581 512 Ἐὰν
599 459 804 531 ἀφέλῃς
834 462 941 515 ἀπὸ
972 463 1064 516 σοῦ
1095 464 1409 538 σύνδεσμον,
1427 472 1521 524 καὶ
1535 476 1884 543 χειροτονίαν,
1918 482 1960 535 Α

301 549 409 602 καὶ
436 550 589 619 ῥῆμα
638 554 975 623 γογγυσμοῦ.
1014 576 1031 607 ι
1072 558 1129 609 Ὀ
1172 560 1281 630 γάρ
1302 562 1411 614 τῶν
1434 562 1573 617 ὅλων
1599 565 1731 631 Θεὸς
1765 570 1889 631 τοὺς

303 641 413 710 μὲν
433 641 688 712 εὐπορεῖν
720 646 925 713 τροφῆς
957 647 1049 699 καὶ
1096 650 1412 719 χρημάτων,
1444 654 1570 716 τοὺς
1601 655 1655 707 δὲ
1692 657 1888 721 ἐνδεεῖς

300 731 405 783 καὶ
435 732 674 801 πένητας
701 734 1040 805 ὑπεστήσατο
1077 740 1155 801 εἰς
1205 740 1433 812 δοκιμὴν
1458 744 1731 815 ἑκατέρων
1750 764 1762 776 ·
1820 749 1886 801 ἵν’

3461 368 3562 427 48⁴ἒ

2069 495 2086 528 ι
2116 476 2172 532 Si
2204 479 2490 533 abstuleris
2521 494 2549 532 a
2578 489 2629 534 te
2658 494 2877 545 nexum,
2906 490 2960 536 et
2998 496 3253 538 manuum
3289 487 3565 542 extensio-

1994 582 2141 631 nem,
2170 576 2223 621 et
2266 569 2491 623 verbum
2525 573 2991 629 mnrmurationis.
3023 592 3042 625 ι
3096 573 3233 629 Nam
3283 580 3564 633 universo-

1992 670 2107 707 rum
2138 658 2299 722 Deus,
2330 658 2464 712 alios
2494 660 2711 729 quidem
2738 662 2872 717 cibis
2907 673 2962 718 et
2986 666 3233 733 pecuniis
3257 667 3563 736 opulentos,

1989 746 2123 799 alios
2164 763 2289 801 vero
2315 765 2511 818 egenos
2543 760 2597 806 et
2645 768 2910 821 pauperes
2963 756 3277 823 constituit,
3308 760 3374 813 ad
3414 770 3565 814 utro-

232 852 241 879 ;
297 822 354 872 oi
386 822 487 891 μὲν
518 821 689 891 ἔχοιεν
724 826 931 894 καρπὸν
962 827 1059 895 τῆς
1095 830 1299 882 ἑαυτῶν
1348 832 1606 902 εὐπορίας
1660 835 1747 887 διὰ
1789 838 1887 906 τῆς

299 915 387 974 είς
418 914 548 975 τοὺς
577 915 774 977 ἐνδεεῖς
809 918 1086 987 παροχῆς’
1140 923 1187 972 οἱ
1221 922 1276 974 δὲ
1322 923 1783 996 ἐγγυμναζόμενοι
1816 931 1881 999 τῇ

300 1004 473 1074 πενία
501 1006 620 1057 ἀντὶ
650 1006 1002 1077 πολυκάρπου
1033 1009 1213 1082 χώρας
1235 1013 1332 1084 τὴν
1366 1014 1473 1066 ἀπὸ
1498 1015 1605 1069 τῶν
1639 1018 1883 1087 εὐπόρων

294 1095 380 1149 διε
393 1096 638 1149 ποιοῦντο
678 1100 958 1168 χορηγίαν.

378 1296 396 1327 ι
440 1280 548 1331 Καὶ
570 1278 675 1348 δῷς
705 1282 955 1335 πεινῶντι
994 1284 1082 1337 τὸν
1126 1286 1288 1357 ἄρτον
1328 1288 1390 1339 ἐκ
1420 1286 1599 1356 ψυχῆς
1645 1306 1757 1350 σου,
1787 1291 1879 1342 καὶ

297 1368 479 1439 ψυχὴν
516 1374 991 1443 τεταπεινωμένην
1040 1375 1351 1448 ἐμπλήσῃς·
1384 1378 1503 1429 τότε
1538 1379 1783 1432 ἀνατελεῖ
1823 1383 1879 1432 ἐν

295 1461 377 1530 τῷ
413 1463 597 1514 σκότει
628 1463 688 1514 τὸ
711 1464 823 1531 φῶς
850 1482 963 1525 σου,
990 1467 1083 1518 καὶ
1114 1466 1173 1519 τὸ
1212 1470 1400 1531 σκότος
1436 1487 1526 1521 σου
1557 1471 1631 1533 ὡς
1666 1489 1801 1540 μεση
1812 1490 1878 1541 μ-

294 1553 431 1623 ϐρία
492 1574 507 1603 ι
545 1555 795 1608 Μάλιστα
833 1558 929 1627 μὲν
949 1559 1054 1629 γὰρ
1078 1560 1143 1612 τά
1177 1561 1367 1631 πρῶτα
1393 1565 1504 1625 τοῖς
1544 1565 1674 1615 πᾶσι
1698 1564 1877 1633 δεήσει

294 1648 575 1696 κοινωνεῖν
610 1645 885 1713 ἀφθόνωςθ
925 1649 989 1701 τὰ
1016 1650 1070 1701 δὲ
1109 1649 1361 1720 ἐξαίρετα
1392 1654 1504 1713 τοῖς
1531 1654 1749 1715 οἰκείοις
1781 1654 1878 1723 τῆς

296 1737 536 1800 πίστεως
562 1739 875 1808 ἀπονέμειν.
896 1742 1063 1794 Τοῦτο
1098 1742 1204 1813 γὰρ
1235 1744 1327 1795 καὶ
1352 1746 1382 1813 ἡ
1412 1745 1739 1816 ἁποστολικὴ
1763 1747 1877 1799 διά-

294 1828 451 1894 ταξις
510 1830 971 1899 παρεκελεύσατο,
1014 1834 1233 1902 φήσασα
1284 1833 1492 1899 δεξιοὺς
1549 1833 1687 1888 εἶναι
1742 1836 1876 1903 πρὸς

293 1922 524 1983 πάντας.

375 2029 392 2060 ι
430 2010 541 2062 Καὶ
567 2010 717 2064 ἔσται
741 2013 767 2063 6
793 2013 924 2076 Θεός
961 2031 1052 2065 σου
1092 2015 1228 2084 μετά
1256 2015 1348 2068 σοῦ
1370 2014 1457 2067 διὰ
1492 2016 1691 2080 παντός
1712 2034 1726 2047 °
1782 2018 1876 2069 καὶ

294 2102 660 2174 ἐμπλησθήσῃ
691 2104 939 2176 καθάπερ
978 2106 1232 2176 ἐπιθυμεῖ
1270 2109 1302 2177 ἡ
1345 2108 1488 2179 ψυχή
1524 2126 1637 2169 σου,
1678 2109 1771 2161 καὶ
1808 2110 1875 2161 τὰ

294 2194 434 2245 ὀστᾶ
463 2210 552 2243 σου
585 2192 972 2263 πιανθήσεται·
1014 2195 1107 2247 καὶ
1150 2194 1300 2248 ἔσται
1329 2195 1404 2258 ὡς
1434 2198 1607 2266 κῆπος
1638 2196 1870 2266 μεθύων,

302 2286 402 2338 καὶ
452 2286 522 2347 ὼς
565 2286 716 2357 πηγὴ
748 2286 813 2355 ἦν
859 2287 932 2356 μὴ
973 2287 1215 2350 ἐξέλιπεν
1266 2288 1427 2357 ὕδωρ.
1472 2308 1488 2339 ›
1530 2289 1736 2359 Δηλαδὴ
1777 2290 1873 2360 τῆς

297 2378 479 2447 ψυχῆς
514 2380 674 2449 αὐτῆς
730 2380 786 2429 αἱ
845 2378 1101 2448 δυνάμεις
1172 2379 1555 2449 πιανθήσονται
1613 2381 1717 2433 ὑπὸ
1775 2384 1872 2451 τῆς

297 2470 676 2539 πνευματικῆς
723 2471 815 2521 καὶ
852 2470 1034 2523 ἐνθέου
1076 2474 1302 2543 τροφῆς.
1340 2472 1449 2524 Καὶ
1492 2473 1663 2542 κῆπος
1691 2473 1872 2525 ἀειθα-

291 2559 391 2629 λὴς
422 2560 518 2622 τὰς
550 2560 608 2625 ἐξ
655 2561 811 2628 ἁγίου
866 2560 1177 2631 Πνερματος
1221 2563 1582 2631 καρποφορῶν
1629 2564 1867 2631 φυτείας,

291 2650 388 2703 καὶ
422 2650 486 2702 τᾶ
515 2651 682 2704 πάλαι
727 2650 784 2703 δέ
812 2653 911 2721 τῆς
940 2651 1116 2722 ψυχῆς
1159 2650 1340 2722 ἔρημα
1382 2653 1869 2723 οἰκοδομηθήσεται

292 2746 350 2796 ἐν
388 2745 491 2807 σοὶ,
543 2744 637 2797 καὶ⁴
666 2742 1190 2814 ἀναπληρωθήσεται
1245 2744 1334 2796 διὰ
1397 2743 1737 2814 μαθημάτων
1776 2746 1870 2798 καὶ¹

286 2836 462 2904 λόγων
495 2835 683 2888 θείων·
714 2836 789 2897 ὡς
815 2838 911 2889 καὶ
944 2836 1222 2907 οἰκοδόμον
1258 2853 1316 2888 σε
1357 2836 1610 2905 γενέσθαι
1654 2838 1867 2901 ἑαυτοῦ,

284 2927 659 2991 διδασκαλίαις
692 2927 895 2990 ἐνθέοις
923 2927 1304 2997 οἰκοδομοῦντα
1344 2930 1469 2991 τοὺς
1514 2930 1572 2981 ἐν
1602 2933 1668 3000 τῇ
1704 2931 1867 2983 αὐτοῦ

284 3020 498 3091 διανοίᾳ
522 3020 833 3091 λογισμούς.
876 3020 1013 3089 ’Ἤδη
1037 3020 1093 3072 δὲ
1119 3021 1213 3073 καὶ
1259 3022 1511 3092 φραγμὸν
1558 3022 1868 3092 περιϐαλεῖς

285 3116 353 3184 τῇ
390 3113 589 3166 σαυτοῦ
617 3114 785 3185 ψυχῇ,
802 3131 868 3167 πε
879 3113 1185 3185 ριφράττων
1200 3114 1369 3183 αὐτὴν
1392 3114 1747 3184 πανταχόθεν,
1772 3117 1866 3169 καὶ

288 3203 720 3275 ἀσφαλιζόμενος
754 3204 861 3258 ἀπὸ
900 3205 1006 3256 τῶν
1052 3203 1249 3268 ἔξωθεν
1294 3205 1560 3276 ὀχληρῶν.
1599 3207 1762 3259 Ὀστᾶ
1813 3208 1868 3259 δὲ

286 3297 383 3350 τοῦ
418 3297 547 3350 λαοῦ
578 3294 686 3350 εἷεν
716 3297 781 3350 ἂν
813 3298 863 3349 οἱ
888 3297 946 3348 ἐν
986 3297 1132 3367 αὐτῷ
1165 3297 1400 3362 δυνατοὶ,
1452 3297 1511 3349 τὸ
1550 3299 1655 3350 πᾶν
1710 3297 1868 3369 σῶμα

291 3390 575 3442 ὑποϐαστά
583 3388 780 3451 ζοντες.

366 3500 387 3531 ι
418 3483 528 3533 Καὶ
554 3480 1067 3553 οἰκοδομηθήσονταί
1095 3497 1185 3533 σου
1209 3480 1265 3533 αἱ
1289 3479 1484 3551 ἔρημοι
1509 3479 1736 3545 αἰώνιοι,
1771 3482 1868 3534 καὶ

287 3574 443 3627 ἔσται
472 3575 541 3627 τά
571 3575 796 3646 θεμέλιά
848 3593 941 3628 σου
998 3576 1191 3630 αἰώνια
1228 3575 1430 3644 γενεῶν
1472 3578 1707 3645 γενεαῖς.
1756 3574 1867 3629 Καὶ

288 3666 539 3740 κληθήσῃ
565 3669 845 3738 οἰκοδόμος
898 3669 1187 3740 φραγμῶν,
1235 3668 1331 3722 καλ¹
1381 3667 1481 3731 τάς
1524 3668 1744 3740 τρίϐους
1773 3683 1865 3719 σου

285 3759 391 3812 ἀνὰ
424 3759 585 3829 μέσον
616 3760 862 3821 παύσεις.
901 3780 918 3810 ι
949 3762 1241 3830 Φραγμοὺς
1268 3760 1325 3813 δὲ
1351 3760 1623 3830 οἰκοδομεῖ
1659 3762 1687 3812 6
1713 3778 1868 3831 περι-

287 3850 541 3921 φράττων
586 3851 679 3903 καὶ⁵
732 3852 1109 3921 περιτειχίζων
1155 3850 1520 3913 διαλεκτικαῖς
1561 3851 1867 3917 ἀποδείξεσι

282 3940 354 3992 τὰ
382 3940 811 4007 ἐκκλησιαστικά
840 3939 1113 4008 δόγματα·
1155 3941 1184 3991 6
1212 3941 1268 3993 δὲ
1301 3940 1370 3992 τὰ
1400 3941 1660 3993 δοκοῦντα
1691 3960 1867 4013 προσα

286 4029 553 4098 κόμματα
607 4029 671 4079 ἐκ
717 4028 823 4079 τῶν
874 4026 1033 4079 θείων
1062 4027 1509 4097 ἀναγνωσμάτων
1564 4028 1867 4099 περιαιρῶν

288 4121 379 4175 διὰ
403 4119 495 4172 τοῦ
534 4120 848 4190 σαφηνίζειν
878 4121 947 4173 τά
974 4121 1261 4191 λεγόμενα,
1300 4111 1454 4183 οὗτός
1496 4120 1643 4172 ἐστιν
1682 4123 1711 4173 ὁ
1742 4122 1868 4184 τοὺς

289 4210 393 4265 ἀνά
417 4211 581 4282 μέσον
609 4211 716 4266 τῶν
749 4212 952 4281 τρίϐων
1016 4212 1196 4275 λίθους
1246 4210 1566 4282 περιαιρῶν.
1618 4212 1728 4283 Τῆς
1758 4211 1869 4282 γάρ

290 4303 494 4373 πλάνης
528 4302 626 4366 τὰς
654 4304 929 4374 ἀτραποὺς
956 4305 1334 4375 ἀποφράττων,
1366 4305 1458 4357 καὶ
1492 4307 1587 4369 τὰς
1615 4305 1867 4367 τοιαύτας

288 4396 647 4466 ἀποτειχίζων
663 4397 946 4461 διακοπὰς,
986 4398 1079 4450 καὶ
1103 4398 1363 4452 πάντοθεν
1395 4399 1585 4452 ἐαυτὸν
1616 4397 1866 4467 τειχίζων

1989 852 2217 906 rumque
2260 842 2669 908 probationem;
2727 854 2786 895 ut
2818 844 2870 897 bi
2906 846 3121 912 quidem
3157 863 3223 901 ex
3278 849 3562 918 largitione

1986 928 2171 993 egenis
2198 930 2439 995 przebita,
2472 930 2757 998 opulentiae
2791 948 2903 985 sua:
2935 935 3165 987 fructum
3194 939 3557 1005 perciperent,

1987 1015 2076 1069 alii
2124 1032 2252 1070 vero
2312 1020 2568 1088 pauperie
2622 1020 2867 1075 aﬂlictati
2920 1033 2975 1077 et
3037 1028 3363 1090 exercitati,
3417 1030 3559 1082 divi-

1984 1116 2096 1161 tmn
2170 1109 2501 1178 largitione,
2575 1114 2727 1182 quasi
2810 1113 3147 1172 feracissimo
3209 1135 3342 1189 agro
3411 1121 3559 1175 frue-

1986 1208 2190 1253 rentur.

2055 1289 2219 1343 Vens.
2259 1291 2346 1344 10.
2390 1311 2408 1344 ι
2430 1293 2495 1347 Ει
2526 1294 2743 1349 dederis
2770 1298 3029 1351 esurienti
3069 1314 3260 1367 panem
3282 1315 3345 1354 ex
3376 1301 3556 1373 animo

1984 1389 2096 1441 tuo,
2130 1392 2185 1435 et
2216 1385 2452 1437 animam
2495 1385 2840 1440 Intmiliatam
2871 1390 3183 1458 impleveris
3211 1431 3225 1455 ,
3260 1402 3383 1447 tunc
3409 1395 3556 1447 orie-

1984 1483 2071 1525 tur
2098 1474 2151 1527 in
2180 1475 2419 1530 tenebris
2445 1478 2625 1530 lumen
2661 1488 2833 1543 tnuru,
2879 1490 2934 1533 et
2982 1483 3214 1535 tenebrae
3263 1493 3364 1537 tua:
3395 1493 3558 1540 erunt

1981 1566 2127 1617 velut
2163 1568 2434 1621 meridies.
2468 1587 2485 1618 ›
2522 1567 2699 1621 Prima
2738 1586 2868 1625 sa-ne
2896 1574 3146 1626 omnibus
3184 1584 3309 1627 sunt
3336 1576 3560 1645 largiter

1980 1657 2349 1711 distribuenda
2369 1677 2381 1723 ;
2404 1663 2672 1728 przecipua
2706 1676 2831 1715 vero
2854 1662 3165 1719 domesticis
3191 1666 3309 1720 fidei
3335 1668 3554 1734 dispen—

1978 1749 2165 1803 Bantia.
2204 1750 2436 1816 ldipsnm
2488 1751 2631 1803 enim
2683 1753 2981 1819 apostolico
3022 1765 3288 1824 praecepto
3312 1756 3551 1825 jubetur,

1979 1842 2185 1897 scilicet
2211 1841 2481 1897 olliciosos
2511 1859 2630 1898 esse
2663 1861 2789 1915 erga
2811 1862 3021 1900 omnes.

2051 2016 2213 2070 Vens.
2252 2018 2339 2075 ll.
2396 2021 2500 2074 «Et
2532 2022 2638 2076 erit
2667 2022 2809 2079 Deus
2848 2035 2970 2081 tuus
3012 2035 3187 2081 tecum
3220 2044 3454 2098 semper,
3498 2040 3554 2084 et

1979 2106 2287 2175 impleberis
2311 2113 2447 2164 sicut
2476 2112 2759 2179 odesiderat
2809 2118 2984 2170 anima
3024 2128 3110 2171 tua
3139 2158 3154 2183 ,
3195 2128 3250 2173 et
3299 2136 3421 2175 ossa
3464 2132 3552 2175 tua

1978 2200 2332 2267 pingueseent
2365 2222 2376 2254 :
2404 2212 2459 2254 et
2488 2204 2595 2257 erit
2620 2207 2774 2272 quasi
2811 2206 3000 2263 hortus
3047 2211 3267 2275 ebrius,
3309 2220 3362 2265 et
3411 2213 3553 2266 sicut

1978 2288 2117 2351 fons,
2146 2293 2232 2343 cui
2258 2307 2361 2345 non
2399 2294 2582 2347 deficit
2612 2312 2774 2364 aqua.
2806 2317 2824 2349 ι
2868 2299 3126 2355 Videlicet
3151 2303 3319 2369 ipsius
3358 2305 3551 2358 animm

1976 2383 2209 2435 virtutes
2240 2384 2594 2455 pinguesceut
2623 2402 2652 2440 a
2690 2390 2954 2457 spirilunli
2987 2402 3039 2445 et
3074 2393 3253 2447 divina
3280 2410 3423 2449 esca.
3483 2394 3552 2449 Et

1976 2473 2166 2528 bortds
2192 2490 2407 2543 semper
2452 2479 2637 2533 virens
2664 2480 2793 2545 erit,
2827 2483 3079 2537 arborum
3116 2487 3287 2539 sancti
3314 2487 3550 2555 Spiritus

1977 2562 2242 2619 fructibus
2269 2577 2590 2635 exornatus,
2618 2580 2781 2640 atque
2814 2574 2899 2628 illa
2929 2576 3058 2629 olim
3098 2579 3292 2631 anima:
3337 2582 3547 2632 deserta

1977 2654 2028 2705 in
2060 2664 2111 2708 te
2145 2658 2575 2725 asdilicabuutur,
2607 2674 2671 2714 ac
2692 2656 2980 2731 dis’éiplina
3013 2665 3317 2735 divinisque
3340 2683 3549 2721 sermo-

1975 2744 2134 2799 nibus
2190 2747 2581 2817 replebuntur;
2634 2752 2707 2806 ita
2774 2752 2833 2805 u't
2898 2755 3012 2822 ipse
3074 2757 3149 2809 tui
3204 2766 3549 2811 consuuctor

1974 2838 2228 2898 exsistas.
2278 2840 2639 2909 cogitationes
2695 2843 2891 2897 utentis
2942 2855 3045 2899 tuae
3076 2846 3257 2899 divina
3293 2848 3539 2901 doctrina

1973 2928 2337 2983 exmdiﬂcans.
2394 2931 2472 2983 Ad
2505 2933 2617 2985 haec
2648 2943 2827 2986 autem
2880 2936 3112 2989 animam
3163 2945 3309 2989 tuam
3342 2953 3541 3005 pr0pu-

1972 3020 2205 3085 guacnlo
2252 3021 2694 3089 circnnmtunics,
2731 3026 3011 3095 ipsamque
3052 3036 3241 3079 contra
3292 3040 3549 3082 externos

1895 3148 1939 3207 c
1976 3112 2232 3165 tumultus
2282 3115 2519 3182 undique
2564 3118 2740 3184 sepies
2780 3124 2834 3170 et
2892 3117 3182 3171 custodies.
3233 3116 3364 3172 Ossa
3417 3134 3548 3173 vero

1973 3203 2150 3271 populi
2178 3203 2381 3258 fuerint
2409 3206 2469 3272 ii,
2494 3208 2585 3276 qui
2608 3208 2747 3274 apud
2775 3208 2921 3262 illum
2951 3211 3223 3278 praavalidi
3254 3226 3315 3264 ac
3337 3211 3544 3265 robusti

1968 3308 2114 3358 sunt,
2152 3296 2226 3349 ita
2256 3307 2315 3349 ut
2343 3306 2512 3351 totum
2548 3314 2745 3367 corpus
2774 3310 3101 3356 sustentent.

2040 3473 2203 3530 Vens.
2239 3476 2326 3531 1‘2.
2366 3493 2386 3527 ι
2416 3477 2485 3531 Et
2523 3477 2933 3533 :edificabuntnr
2971 3481 3181 3535 deserta
3212 3491 3299 3534 tua
3347 3494 3541 3548 perpe-

1970 3572 2082 3629 tua,
2110 3575 2165 3621 et
2186 3577 2349 3622 erunt
2378 3568 2726 3623 fundamenta
2756 3579 2846 3624 tua
2877 3574 3202 3643 sempiterna
3242 3572 3292 3624 in
3315 3585 3546 3641 genera--

1969 3660 2145 3714 tiones
2170 3662 2603 3728 generationum.
2639 3664 2704 3716 Et
2729 3665 3007 3718 vocaberis
3040 3664 3336 3719 aedificator
3369 3678 3547 3718 mace-

1970 3748 2192 3814 riarum,
2222 3758 2278 3803 et
2309 3751 2529 3804 semitas
2561 3760 2699 3817 tuas,
2734 3767 2854 3820 quae
2898 3761 3023 3805 sunt
3070 3752 3122 3805 in
3163 3753 3358 3811 medio,
3394 3753 3547 3820 quie-

1968 3854 2121 3893 scere
2166 3838 2354 3893 facies.
2380 3859 2399 3892 ›
2443 3839 2610 3909 Sepes
2641 3851 2818 3895 autem
2856 3843 3142 3904 construit,
3175 3843 3267 3911 qui
3296 3843 3550 3897 ecclesia-

1968 3931 2103 3984 stica
2124 3930 2374 4000 dogmata
2406 3931 2702 3985 dialecticis
2725 3931 3277 3991 demonstratiouibus
3312 3936 3544 3987 circum-

1968 4036 2182 4089 quaque
2217 4022 2389 4075 munit
2437 4031 2491 4075 et
2526 4020 2800 4087 defendit;
2862 4022 2951 4091 qtii
3003 4038 3133 4075 vero
3174 4038 3260 4086 ea,
3317 4038 3433 4091 quae
3491 4023 3542 4075 in

1967 4113 2165 4167 divinis
2204 4113 2525 4168 lectionibus
2569 4112 2889 4167 oﬂendicula
2922 4128 3043 4169 esse
3079 4115 3350 4177 videntur,
3402 4113 3542 4165 dicta

1969 4203 2290 4272 explicando
2328 4217 2593 4272 removet,
2646 4206 2691 4258 is
2748 4214 2833 4258 est
2884 4206 2973 4274 qui
3024 4206 3226 4274 lapides
3269 4205 3321 4258 in
3370 4203 3546 4258 medio

1969 4294 2283 4350 semitarnm
2320 4298 2525 4365 positos
2552 4299 2826 4353 amolitur.
2879 4298 3015 4351 Nam
3046 4298 3171 4365 quia
3197 4296 3397 4348 erroris
3428 4295 3544 4347 vias

1970 4390 2231 4455 obstruit,
2260 4401 2313 4445 et
2343 4392 2608 4461 ejusmodi
2646 4393 2916 4449 clausulas
2948 4404 3152 4447 tutatur
3186 4407 3248 4445 ac
3278 4390 3541 4457 defendit,

291 4490 384 4542 xui.
414 4490 813 4559 περιφράττων,
847 4490 1069 4553 εἰκότως
1113 4491 1392 4561 οἰκοδόμος
1434 4490 1703 4562 φραγμῶν
1760 4491 1870 4542 ὀνο-

1974 4498 2200 4553 seseque
2244 4486 2479 4554 undique
2514 4488 2687 4541 munit
2717 4497 2773 4541 et
2805 4487 2964 4556 sepit,
3018 4485 3315 4539 aediﬁcator
3359 4497 3540 4535 mace-

336 4580 542 4643 άζεται.

336 4598 385 4633 α
407 4598 542 4633 εται.

295 4598 334 4651 μ
367 4608 399 4723 ts
443 4673 567 4726 Ἐάν
596 4672 941 4743 ἀποστρέψῃς
971 4673 1061 4724 τὸν
1096 4673 1231 4725 πόδα
1270 4689 1363 4725 σου
1397 4672 1503 4726 ἀπὸ
1526 4672 1633 4724 τῶν
1656 4672 1864 4725 Σαϐϐά-

289 4784 417 4829 των,
443 4766 535 4818 τοῦ
570 4766 642 4835 μὴ
672 4767 843 4817 ποιεῖν
874 4765 942 4818 τά
966 4764 1245 4834 θελήματά
1273 4781 1364 4817 σου
1396 4766 1454 4819 ἐν
1481 4767 1546 4835 τῇ
1577 4764 1762 4835 ἡμέρᾳ
1794 4767 1858 4835 τῇ

291 4857 584 4927 ἁγίᾳ-καὶ
634 4856 883 4918 καλέσεις
906 4856 973 4907 τὰ.
1000 4855 1251 4908 Σάϐϐατα
1297 4855 1564 4927 τρυφερὰ,
1614 4857 1745 4924 ἆγια
1786 4856 1862 4925 τῷ

290 4947 435 5017 Θεῷ·
470 4948 569 4999 οὐκ
593 4948 745 5017 ἀρεῖς
775 4948 866 4999 τὸν
888 4946 1020 4999 πόδα
1044 4964 1136 4999 σου
1165 4948 1250 4998 ἐπ’
1280 4946 1443 5017 ἔργῳ,
1462 4948 1580 4999 οὐδὲ
1613 4947 1865 5017 λαλήσεις

289 5038 447 5107 λόγον
469 5040 525 5090 ἐν
560 5040 694 5109 ὀργῇ
729 5039 793 5091 ἐκ
821 5039 913 5091 τοῦ
946 5038 1211 5109 στόματός
1247 5055 1361 5090 σου.
1398 5039 1507 5090 Καὶ
1547 5037 1642 5109 ἔσῃ
1674 5056 1865 5091 πεποι-

258 5127 399 5197 θὼς
444 5130 537 5182 ἐπὶ
580 5131 814 5202 Κύριον·
860 5130 955 5184 καὶ
984 5130 1301 5183 ἀναϐιϐάσει
1329 5146 1387 5181 σε
1428 5130 1520 5182 ἐπὶ
1566 5129 1636 5182 τά
1687 5130 1867 5198 ἀγαθά

289 5221 389 5288 τῆς
422 5219 546 5287 γῆς,
584 5221 676 5271 καὶ
698 5220 900 5289 ψωμιεῖ
930 5238 987 5273 σε
1020 5220 1118 5291 τὴν
1142 5220 1503 5291 κληρονομίαν
1532 5219 1725 5273 Ἰακὼϐ
1769 5220 1863 5272 τοῦ

292 5313 497 5384 πατρός
528 5328 642 5364 σου.
678 5312 751 5364 Τὸ
771 5311 880 5382 γὰρ
910 5312 1081 5383 στόμα
1112 5312 1315 5383 Κυρίου
1346 5311 1573 5380 ἐλάλησε
1618 5311 1807 5365 ταῦτα.
1843 5330 1859 5361 ι

303 5403 626 5456 Ὑποϐάλλει
654 5404 695 5455 δ’
732 5405 760 5455 6
810 5406 967 5472 λόγπς
1009 5405 1083 5475 μὴ
1142 5404 1421 5475 θελήματα
1477 5404 1754 5473 πράττειν,
1789 5404 1865 5467 ὡς

292 5495 514 5558 ἑαυτοὺς
563 5494 752 5564 μέθαις
818 5497 913 5548 καὶ
965 5497 1297 5565 κραιπάλαις
1354 5481 1742 5565 σχόλάζονταςο
1807 5496 1865 5547 ἐν

293 5586 548 5657 ἁγιασμῷ
575 5588 630 5639 δὲ
653 5588 745 5639 καὶ
767 5588 1097 5659 καθαρότητι
1130 5588 1433 5657 διάγοντας,
1458 5586 1600 5639 οὕτω
1647 5586 1740 5637 καὶ
1768 5583 1865 5655 τὴν

293 5679 505 5750 ἡμέραν
537 5680 801 5746 ἁγιάζειν,
820 5680 1095 5751 τρυφερὰν
1124 5697 1183 5732 τε
1223 5680 1393 5751 αὐτὴν
1425 5678 1519 5737 καὶ
1546 5677 1751 5731 ἄλυπον
1779 5675 1869 5729 διὰ

292 5773 389 5840 τῆς
418 5773 473 5823 ἐν
505 5772 642 5841 αὐτῇ
661 5773 797 5825 κατά
826 5772 958 5825 Θεὸν
983 5772 1404 5843 ἐπιτελουμένης
1435 5770 1633 5841 σχολῆς
1667 5768 1866 5838 φυλάτ-

1977 4578 2178 4631 riarum
2213 4578 2337 4644 jure
2365 4588 2608 4634 vocatur.

2049 4669 2211 4723 Vens.
2255 4671 2346 4735 I5,
2391 4671 2480 4723 M.
2529 4688 2546 4719 ι
2573 4670 2629 4723 Si
2681 4671 2945 4724 averteris
2990 4683 3019 4721 a
3062 4667 3313 4722 Sabbatis
3354 4664 3542 4734 pedem

1975 4772 2149 4826 tuum,
2208 4773 2265 4817 ut
2291 4780 2397 4816 non
2425 4764 2588 4819 facias
2617 4765 2919 4819 voluntates
2951 4773 3071 4819 tuas
3097 4763 3147 4815 in
3190 4761 3278 4814 die
3307 4766 3495 4813 sancta
3526 4772 3542 4808 :

1970 4864 2026 4909 ct
2060 4854 2282 4909 vocabis
2310 4854 2548 4909 Sabbata
2577 4856 2830 4923 delicata,
2866 4864 3050 4911 sancta
3080 4856 3187 4909 Deo
3212 4870 3227 4918 ;
3262 4866 3366 4905 non
3395 4849 3543 4903 leva—

1973 4944 2056 4999 bis
2086 4947 2273 5013 pedem
2305 4957 2451 5002 tuum
2477 4949 2541 5002 ad
2564 4966 2718 5020 opus,
2753 4964 2925 5018 neque
2971 4947 3206 5017 loqueris
3235 4945 3456 4998 verbum
3490 4940 3544 4993 in

1974 5035 2055 5089 ira
2085 5036 2151 5093 de
2179 5052 2274 5091 ore
2305 5048 2415 5094 tuo.
2452 5039 2514 5093 Et
2542 5043 2649 5094 eris
2680 5041 2924 5093 fiduciam
2956 5038 3159 5091 habens
3182 5035 3234 5088 in
3268 5032 3494 5088 Domino
3525 5044 3541 5080 :

1974 5139 2029 5183 et
2050 5129 2242 5183 evebet
2270 5140 2321 5183 te
2352 5130 2416 5183 ad
2449 5131 2587 5185 bona
2618 5141 2797 5193 terrm,
2828 5141 2882 5185 et
2906 5130 3108 5184 cibabit
3142 5140 3191 5181 te
3228 5122 3545 5179 haereditate

1968 5221 2135 5276 Jacob
2162 5224 2332 5291 patris
2368 5224 2463 5277 tui.
2494 5224 2566 5279 Os
2586 5227 2728 5279 enim
2762 5224 2971 5278 Domini
3008 5223 3242 5275 locutum
3268 5217 3535 5271 esthaac.»

1972 5311 2067 5366 His
2126 5313 2502 5367 subindicatur
2560 5330 2662 5369 non
2717 5330 2815 5383 pro
2870 5313 3036 5366 Inbito
3078 5308 3316 5379 singulos
3379 5317 3541 5372 agere

1973 5403 2170 5458 debere
2192 5443 2208 5469 ,
2243 5404 2314 5457 ita
2351 5414 2408 5457 ut
2438 5406 2689 5460 ebrietati
2724 5416 2775 5458 et
2803 5405 3038 5472 crapulae
3064 5401 3381 5468 indulgeant
3407 5414 3420 5461 ;
3447 5400 3541 5446 sed

1974 5497 2028 5551 in
2053 5499 2344 5553 sanctitate
2366 5506 2415 5551 et
2440 5498 2677 5567 puritate
2721 5497 3017 5566 «legendum
3055 5507 3176 5547 esse
3204 5529 3220 5553 ,
3266 5499 3423 5555 atque
3470 5486 3539 5537 ita

1977 5591 2117 5646 diem
2146 5600 2335 5645 sancte
2372 5591 2748 5644 celebrandam
2795 5596 3045 5658 oportere
3078 5603 3091 5639 :
3130 5587 3410 5654 ipsamque
3444 5583 3539 5636 lte-

1978 5687 2083 5733 tam
2124 5696 2187 5736 ac
2220 5682 2338 5736 sine
2373 5681 2587 5735 tristitia
2609 5722 2630 5746 ,
2663 5682 2731 5735 ob
2762 5681 2931 5733 otium
2959 5678 3082 5731 illud
3116 5678 3222 5731 Deo
3260 5682 3543 5731 consecra-

1977 5781 2103 5831 tum,
2142 5774 2439 5837 custodire,
2494 5788 2670 5841 neque
2694 5772 2774 5826 vel
2805 5769 3065 5823 tantillum
3100 5773 3291 5839 .pcdcm
3327 5782 3545 5822 movere
