4130 6388
496 358 602 411 183

1175 359 1440 415 EUSEBII
1475 357 1958 414 CESARIENSIS
1995 358 2144 414 OPP.
2187 358 2367 414 PARS
2406 360 2496 415 Ill.
2536 391 2607 403 -
2644 359 3054 417 EXEGETICA.

3636 367 3742 422 εει

497 482 563 534 ad
593 481 697 534 alia
729 494 914 550 opera,
948 495 1121 552 neque
1154 480 1240 536 vel
1287 481 1611 536 verhotenus
1653 482 1787 535 labia
1833 482 2066 548 foedare;

2173 498 2306 541 τειν,
2340 481 2471 552 μηδὲ
2505 484 2663 553 μέχρι
2695 482 2787 536 τοῦ
2811 484 3064 554 τυχόντος
3091 483 3341 539 κινοῦντα
3369 485 3462 540 τὸν
3495 486 3630 540 πόδα
3658 489 3752 540 ἐπὶ

496 571 592 625 sed
623 571 720 626 soli
749 573 1048 626 divinarum
1080 587 1256 626 rerum
1283 574 1397 627 otio
1426 581 1536 626 tota
1564 572 1653 626 die
1681 587 1898 626 vacare.

2173 573 2436 643 πράξεσιν
2486 574 2722 646 ἑτέραις,
2755 575 2912 646 μηδὲ
2968 577 3129 647 μέχρι
3157 576 3319 644 λόγου
3377 577 3626 648 μολύνειν
3682 578 3754 631 τὰ

497 683 558 736 χε
573 663 648 736 3η
672 684 684 695 ’
721 665 858 739 μόνῃ
884 663 939 716 δὲ
978 665 1042 734 τῇ
1071 664 1230 734 σχολῇ
1264 663 1371 716 τῶν
1395 664 1552 718 θείων
1577 664 1664 718 διὰ
1691 664 1872 735 πάσης
1900 665 2258 735 προσανέχειν
2283 664 2382 733 τῆς
2408 665 2638 735 ἡμέρας.

1074 797 1300 852 CAPUT
1331 797 1466 852 LIX.

564 893 729 949 Vsus.
766 895 817 949 l.
851 911 870 944 ι
909 891 1100 945 Annon
1129 899 1308 958 potest
1333 907 1526 945 manus
1555 890 1769 945 Domini
1799 891 2012 946 salvare
2047 892 2070 944 ?

496 985 576 1037 An
607 990 898 1052 aggravata
934 987 1018 1034 est
1047 981 1196 1034 auris
1227 980 1344 1047 ejus
1367 1019 1383 1045 ,
1435 990 1493 1034 ut
1529 996 1635 1035 non
1669 981 1926 1034 exaudiat
1959 981 1982 1034 7
2043 1000 2063 1032 ι

498 1075 788 1143 Postquam
819 1074 872 1128 in
902 1073 1332 1143 prtecedentibus
1375 1087 1495 1140 quae
1538 1088 1567 1125 a
1615 1071 1844 1126 Judaico
1873 1072 2069 1142 papulo

497 1167 703 1239 agenda
734 1173 932 1230 erant,
971 1164 1346 1233 praescripsit,
1381 1173 1542 1232 atque
1593 1165 1661 1218 iis
1712 1167 1804 1234 qui
1862 1165 2067 1234 agenda

497 1259 826 1327 perfecerint
853 1300 870 1324 ,
902 1268 1264 1328 congruentes
1293 1257 1710 1326 pollicitationes
1741 1257 1971 1320 obtulit,
2005 1271 2070 1311 ac

493 1353 770 1407 contraria
806 1349 1168 1418 deligentibus
1199 1348 1494 1416 promerita
1524 1347 1791 1417 supplicia
1841 1350 2069 1403 commic

498 1453 658 1497 natus
685 1451 802 1507 est;
832 1442 943 1511 jam
969 1441 1054 1496 bis
1089 1440 1270 1494 verbis
1299 1441 1444 1509 ipsos
1473 1442 1736 1510 coarguit,
1765 1449 1954 1511 utpote
1974 1443 2064 1511 qui

492 1531 672 1602 aliqua
710 1531 802 1585 Dei
849 1530 1113 1584 voluntati
1149 1530 1422 1584 contraria
1469 1529 1768 1602 delegerint
1800 1548 1814 1584 :
1857 1547 1962 1600 qua
1996 1533 2063 1586 de

495 1639 658 1677 causa
704 1623 758 1676 in
805 1623 1146 1676 calamitates
1189 1619 1392 1688 delapsi
1444 1630 1589 1676 sunt.
1641 1622 1730 1676 Ait
1759 1637 1889 1692 ergo
1922 1622 2062 1677 illis:

493 1713 850 1783 Nequaquam
903 1713 1034 1766 mihi
1079 1713 1188 1767 Deo
1239 1712 1572 1780 impossibile
1616 1723 1728 1767 erat
1763 1728 1859 1768 vos
1902 1713 2066 1767 etiam

2680 799 3078 852 ΚΕΦΑΛΑΙΟΝ
3107 798 3232 856 ΝΘ’.

2248 905 2266 938 ι
2301 887 2392 958 Μὴ
2443 889 2544 940 οὐκ
2598 889 2770 958 ἰσχύει
2803 892 2836 960 ἡ
2885 891 3005 961 χεὶρ
3060 889 3264 959 Κυρίου
3301 888 3396 942 τοῦ
3439 884 3757 954 σῶσαι;’“Ἡ

2171 975 2402 1049 ἐϐάρυνε
2427 977 2488 1030 τὸ
2512 974 2603 1042 οὖς
2628 978 2791 1032 αὐτοῦ
2818 979 2910 1032 τοῦ
2938 981 3012 1051 μὴ
3043 977 3394 1044 είσακοῦσαι;
3438 999 3456 1032 ι
3500 981 3587 1043 Ὠς
3615 979 3758 1051 πρὸς

2170 1069 2263 1123 τὸν
2302 1070 2409 1123 τῶν
2455 1070 2722 1124 Ἰουδαίων
2767 1071 2894 1124 λαὸν
2943 1072 3379 1143 διαστειλάμενος
3422 1074 3451 1125 ὁ
3497 1072 3655 1140 λόγος
3694 1074 3758 1124 ἐν

2173 1163 2284 1224 τοῖς
2316 1163 2420 1233 πρὸ
2443 1162 2632 1215 τούτου
2666 1162 2736 1216 τά
2778 1164 3046 1234 πρακτέα,
3079 1165 3173 1217 καὶ
3202 1167 3314 1228 τοῖς
3349 1165 3447 1234 μὲν
3497 1163 3566 1216 τὰ
3607 1181 3757 1235 πρα-

2177 1253 2307 1305 κτέα
2335 1253 2402 1304 δι’
2432 1253 2609 1323 ἔργων
2653 1255 2994 1308 ἑπιτελέσασι
3028 1254 3126 1317 τάς
3159 1254 3472 1325 πρεπούσας
3512 1256 3760 1324 ἐπαγγε-

2172 1341 2293 1407 λίας
2325 1345 2612 1416 παραθεὶς,
2642 1347 2754 1408 τοῖς
2775 1345 2830 1399 δὲ
2854 1345 3110 1400 τάναντία
3132 1346 3405 1416 ἑλομένοις
3427 1345 3526 1408 τὰς
3555 1347 3763 1399 καταλ-

2173 1433 2367 1503 λήλους
2401 1434 2704 1505 ἀπειλήσας
2751 1434 3050 1506 τιμωρίας’
3087 1434 3175 1487 διά
3221 1433 3329 1486 τῶν
3374 1434 3760 1506 προκειμένων

2175 1525 2392 1595 ἔλεγχον
2417 1526 2600 1586 αὐτοῖς
2633 1525 2954 1596 προσφέρει,
2990 1523 3066 1587 ῶς
3085 1541 3205 1576 τινα
3239 1523 3454 1576 ἐναντία
3479 1523 3760 1592 ἑλομένοις

2173 1616 2241 1684 τῇ
2270 1613 2364 1666 τοῦ
2402 1613 2536 1666 Θεοῦ
2592 1614 2790 1685 βουλῇ·
2830 1607 2892 1665 οῦ
2925 1613 3082 1684 χάριν
3108 1614 3202 1665 καὶ
3236 1615 3348 1676 τοῖς
3374 1615 3562 1675 κακοῖς
3600 1629 3762 1684 περι-

2176 1707 2520 1760 πεπτώκασι.
2548 1707 2715 1778 Φησὶν
2762 1700 2854 1758 οῦν
2894 1705 3029 1774 πρὸς
3062 1703 3284 1766 αύτούς·
3322 1703 3434 1755 Ούκ
3459 1698 3526 1774 ἦν
3556 1702 3758 1757 ἀδύνα-

495 1805 736 1873 perditos
765 1814 1073 1857 restaurare
1099 1843 1114 1868 ,
1143 1818 1319 1872 neque
1351 1803 1563 1857 infirma
1593 1813 1678 1857 est
1711 1819 1903 1857 manus
1931 1819 2066 1866 mea,

2173 1817 2264 1852 τον
2295 1799 2416 1870 ἐμοὶ
2448 1799 2525 1869 τῷ
2566 1798 2705 1868 Θεῷ,
2737 1799 2833 1851 καὶ
2878 1795 3284 1866 ἀπολλυμένους
3321 1796 3465 1866 ὑμᾶς
3515 1797 3760 1865 ἀνακτή-

497 1907 554 1950 ut
586 1891 700 1960 vos;
731 1897 977 1966 indignos
1007 1896 1152 1961 licet,
1186 1911 1403 1950 servare
1438 1911 1735 1966 nequeam;
1772 1896 1917 1949 auris
1944 1909 2069 1949 vero

497 2004 637 2051 mea.
664 2003 784 2058 quae
809 1987 987 2041 omnia
1016 1987 1204 2051 audit,
1236 2003 1340 2041 non
1374 1987 1446 2041 ita
1491 1995 1783 2057 aggravata
1820 1996 1936 2040 erat
1958 2026 1974 2049 ,
2012 1996 2071 2040 ιιι

495 2091 601 2130 ιιοιι
637 2092 849 2145 possem
883 2091 975 2130 vos
1003 2074 1306 2130 clamantes
1330 2076 1613 2130 exaudire.

562 2273 726 2330 Vens.
762 2276 818 2329 2.
862 2293 880 2326 ι
929 2276 1034 2331 Sed
1071 2283 1294 2344 peccata
1333 2285 1510 2330 vestra
1545 2276 1826 2332 dissidium
1856 2276 2068 2332 faciunt

493 2364 633 2422 inter
660 2381 752 2420 vos
783 2375 836 2421 et
867 2366 1034 2421 Deum
1071 2385 1084 2420 :
1114 2377 1168 2421 et
1196 2376 1419 2437 propter
1451 2376 1674 2436 peccata
1711 2377 1892 2422 vestra
1912 2383 2067 2422 aver-

492 2458 556 2514 tit
589 2457 782 2511 faciem
818 2471 849 2510 a
880 2457 1036 2512 vobis
1061 2497 1077 2520 ,
1131 2467 1189 2511 ut
1217 2473 1322 2512 non
1371 2459 1720 2513 misereatur.
1764 2477 1783 2512 ι
1817 2459 2065 2528 lmproba

490 2549 600 2601 vita
633 2556 810 2602 vestra
849 2564 955 2602 non
1003 2547 1134 2602 sinit
1162 2561 1256 2602 vos
1300 2547 1480 2600 divina
1530 2545 1632 2600 frui
1682 2550 2022 2616 providentia
2047 2589 2065 2613 ,

489 2639 618 2708 quia
653 2637 794 2692 Deus
829 2646 1111 2706 peccatum
1137 2678 1153 2702 ,
1187 2647 1247 2689 ut
1295 2651 1407 2690 rem
1455 2637 1697 2705 putidam
1724 2679 1740 2702 ,
1775 2647 1985 2708 turpem
2014 2649 2068 2693 et

493 2727 749 2781 infamem
783 2725 1146 2780 abominatur.
1185 2723 1391 2794 Pepqu
1416 2724 1601 2791 itaque
1651 2726 1825 2780 ruinze
1871 2742 1935 2782 ac
1979 2743 2066 2782 re-

493 2816 746 2870 motionis
772 2830 799 2867 a
835 2814 944 2868 Deo
975 2814 1174 2867 nullam
1220 2813 1381 2867 aliam
1410 2813 1578 2868 fuisse
1617 2829 1836 2870 causam
1865 2817 2022 2873 docet
2049 2858 2066 2881 .

486 2923 651 2976 quant
690 2915 912 2976 peccata
946 2919 1134 2960 eorum
1184 2923 1198 2959 :
1249 2904 1442 2959 horum
1491 2920 1620 2961 vero
1660 2909 1870 2977 species
1911 2909 2065 2963 dein-

491 3015 619 3068 ceps
643 3007 949 3054 enumerat.

566 3203 725 3257 Vens.
762 3200 816 3256 3.
859 3218 878 3252 ι
916 3198 1109 3256 Manus
1139 3199 1284 3254 enim
1320 3208 1512 3252 vestrae
1550 3195 1767 3267 pollutae
1797 3203 1923 3250 sunt
1945 3210 2065 3249 san-

487 3293 648 3364 guine
673 3332 690 3359 ,
717 3300 772 3346 et
801 3290 953 3357 digiti
993 3290 1158 3344 vestri
1189 3291 1242 3342 in
1284 3288 1520 3357 peccatis
1552 3305 1565 3342 :
1595 3286 1737 3340 labia
1766 3296 1947 3342 vestra
1985 3289 2064 3342 lo-

491 3394 614 3438 euta
647 3392 772 3438 sunt
806 3383 1145 3452 iniquitatem
1172 3421 1188 3445 ,
1221 3391 1275 3434 et
1301 3379 1482 3450 lingua
1521 3390 1698 3433 vestra
1743 3378 2064 3447 iniustitiam

490 3475 802 3528 meditatur.
863 3491 882 3525 ι
938 3471 1005 3526 Et
1037 3471 1343 3541 perpendas
1390 3469 1548 3524 velim
1596 3485 1690 3524 eos
1733 3470 1823 3524 hic
1856 3485 1970 3537 non,
2001 3469 2067 3524 de

493 3563 794 3618 idololatria
815 3603 830 3627 ,
863 3571 957 3617 aut
982 3563 1050 3617 de
1081 3563 1186 3616 alio
1214 3560 1463 3630 improbo
1503 3561 1744 3616 facinore
1776 3565 2063 3625 accusari,

487 3657 584 3711 sed
632 3658 696 3710 de
745 3657 893 3718 csde
927 3656 1086 3711 labiis
1126 3663 1437 3725 perpetrata
1465 3695 1478 3717 ,
1518 3665 1572 3708 et
1603 3655 1668 3710 de
1697 3655 1809 3710 oris
1837 3655 1919 3710 sui
1955 3655 2064 3710 ini-

490 3750 720 3817 quitate.
757 3746 925 3814 Queis
953 3746 1262 3801 subindicat
1289 3760 1476 3800 eorum
1504 3753 1690 3799 contra
1721 3744 2063 3800 Servatorem

486 3838 960 3910 conSpirationes,
1002 3846 1165 3907 atque
1190 3837 1416 3892 insidias
1443 3837 1510 3890 ab
1539 3837 1620 3890 eis
1644 3845 1837 3891 contra
1869 3836 2066 3905 probos

486 3933 637 3990 viros
663 3942 920 3988 structas.
947 3933 1174 3987 Etiamsi
1197 3947 1327 3986 vero
1346 3929 1688 3985 Servatorem
1712 3943 1817 3984 non
1850 3928 2066 3998 propria

491 4041 653 4080 manu
676 4025 1026 4089 trucidarint;
1054 4039 1176 4079 cum
1206 4033 1383 4077 tamen
1415 4022 1730 4091 sanguinem
1763 4021 1882 4091 ejus
1907 4035 2069 4089 super

489 4131 552 4171 se
581 4125 630 4170 et
687 4130 850 4183 super
905 4115 1041 4168 filios
1069 4129 1196 4168 suos
1229 4115 1590 4184 expetierint,
1641 4129 1704 4167 ac
1750 4112 1931 4181 impiis
1984 4111 2064 4165 usi

492 4209 600 4260 sint
633 4207 984 4273 clamoribus,
1015 4219 1204 4274 reapse
1234 4206 1580 4259 declararunt
1608 4220 1667 4259 se
1717 4218 1910 4257 manus
1937 4217 2066 4257 san-

489 4301 652 4368 guine
686 4301 915 4354 fosdatas
947 4299 1148 4354 habere
1172 4340 1188 4364 ,
1219 4299 1358 4354 labia
1404 4313 1590 4353 eorum
1622 4298 1960 4365 iniquitatem
1990 4294 2068 4350 lo-

491 4402 614 4445 cuta
651 4406 814 4455 esse,
864 4401 919 4445 et
971 4390 1207 4461 linguam
1242 4403 1432 4445 eorum
1490 4389 1824 4458 impietatem
1878 4395 2066 4456 protu-

2174 1890 2392 1954 σασθαι,
2420 1889 2542 1941 οὐδὲ
2574 1888 2792 1941 ἀσθενεῖ
2814 1889 2848 1959 ἡ
2883 1888 2989 1958 ἑμὴ
3019 1889 3138 1958 χεὶρ
3189 1887 3282 1939 καὶ
3313 1884 3565 1949 ἀναξίους
3592 1886 3759 1950 ὄντας

2171 1983 2315 2052 ὑμᾶς
2355 1980 2648 2033 διασῶσαι·
2705 1980 2799 2033 καὶ
2830 1980 2890 2032 τὸ
2920 1975 3012 2043 οῦς
3058 1979 3114 2032 δὲ
3162 1977 3225 2030 τὸ
3254 1978 3384 2048 ἑμὸν
3429 1978 3490 2031 τὸ
3531 1977 3756 2032 πάντων

2170 2071 2492 2125 ἀκουστικὸν
2524 2072 2621 2140 ούχ
2641 2069 2814 2133 οὕτως
2844 2065 2912 2140 ἦν
2935 2069 3262 2140 βαρυήκοον,
3286 2067 3364 2131 ὡς
3390 2068 3462 2140 μὴ
3489 2067 3756 2124 δύνασθαι

2173 2162 2325 2231 ὑμῶν
2357 2161 2678 2215 εἰσακοῦσαι
2713 2159 2982 2230 βοώντων.

2245 2294 2262 2323 ι
2297 2271 2453 2325 Ἀλλά
2477 2271 2546 2325 τά
2569 2272 2945 2343 ἁμαρτήματα
2974 2269 3128 2340 ὑμῶν
3157 2269 3430 2322 διιστῶσιν
3458 2269 3560 2323 ἀνά
3585 2270 3758 2340 μέσον

2169 2364 2322 2435 ὑμῶν
2348 2365 2441 2417 καὶ
2469 2363 2574 2418 ἀνά
2613 2363 2779 2434 μέσον
2807 2363 2902 2416 τοῦ
2933 2361 3089 2414 Θεοῦ·
3122 2362 3214 2414 καὶ
3244 2360 3333 2414 διὰ
3359 2362 3458 2424 τὰς
3478 2361 3756 2434 ἁμαρτίας

2169 2457 2322 2527 ὑμῶν
2348 2455 2654 2525 ἀπέστρεψε
2678 2454 2739 2508 τὸ
2768 2453 3058 2524 πρόσωπον
3083 2453 3177 2523 ἀφ’
3213 2452 3389 2524 ὑμῶν,
3422 2453 3514 2506 τοῦ
3540 2453 3615 2524 μὴ
3641 2453 3758 2507 ἑλεο

2167 2550 2318 2618 ἧσαι.
2379 2568 2398 2600 ι
2435 2547 2493 2600 '0
2535 2545 2848 2618 παράνομος
2901 2545 3054 2616 ὑμῶν
3096 2544 3210 2614 βίος
3250 2545 3350 2597 ούκ
3386 2546 3452 2614 ἑᾷ
3471 2547 3570 2614 τῆς
3603 2544 3755 2608 θείας

2168 2641 2312 2710 ὑμᾶς
2344 2641 2648 2694 ἀπολαῦσαι
2695 2637 2974 2710 προνοίας,
3001 2637 3091 2690 διά
3133 2637 3194 2691 τὸ
3242 2637 3619 2708 βδελύττεσθαι
3647 2637 3755 2692 ῶσ-

2168 2750 2275 2804 περ
2306 2733 2514 2803 δυσώδη
2559 2734 2654 2785 καὶ
2693 2730 2927 2802 αἰσχρὰν
2958 2731 3051 2783 καὶ
3085 2731 3275 2801 ἄτιμον
3317 2730 3415 2801 τὴν
3455 2730 3744 2801 ἁμαρτίαν.

2168 2823 2241 2876 Τὸ
2274 2824 2370 2894 μὲν
2403 2820 2495 2876 οὖν
2527 2824 2698 2876 αἴτιον
2727 2821 2826 2891 τῆς
2859 2819 3230 2884 ἀποπτὼσεως
3248 2819 3340 2873 τοῦ
3365 2821 3496 2874 λαοῦ
3526 2823 3617 2874 καὶ
3648 2822 3749 2892 τῆς

2169 2914 2505 2986 πορρωτάτω
2536 2912 2630 2966 τοῦ
2665 2911 2801 2966 Θεοῦ
2833 2910 3102 2982 ἀποϐολῆς
3146 2910 3311 2964 αὑτοῦ
3362 2912 3514 2966 οὐδὲν
3561 2912 3748 2982 ἕτερον

2167 3003 2305 3060 εἶναι
2354 3004 2592 3069 ἐδίδαξεν
2631 3003 2664 3074 ἢ
2715 3003 2813 3067 τάς
2843 3003 3142 3074 ἁμαρτίας·
3179 3003 3239 3055 τὸ
3276 3002 3333 3055 δὲ
3361 3002 3565 3056 τούτων
3612 2999 3746 3066 εἶδος

2169 3095 2297 3166 ἑξῆς
2326 3093 2761 3165 καταριθμεῖται.

2249 3229 2266 3259 ι
2308 3211 2370 3262 Αἱ
2412 3208 2520 3280 γὰρ
2559 3209 2737 3279 χεῖρες
2767 3205 2921 3278 ὑμῶν
2970 3205 3378 3277 μεμολυσμέναι
3412 3207 3622 3278 αἵματι,
3653 3224 3745 3261 και

2171 3307 2217 3357 oi
2244 3303 2498 3356 δάκτυλοι
2528 3300 2680 3372 ὑμῶν
2711 3302 2768 3353 ἐν
2795 3298 3089 3370 ἁμαρτίαις
3110 3315 3124 3328 θ
3165 3299 3232 3352 τά
3263 3298 3414 3369 χείλη
3449 3299 3602 3370 ὑμῶν
3629 3299 3751 3354 ἑλά-

2171 3397 2340 3467 λησαν
2373 3394 2623 3464 ἀνομίαν,
2651 3393 2744 3446 καὶ
2771 3393 2805 3463 ἡ
2828 3390 3047 3460 γλῶσσα
3077 3389 3230 3462 ὑμῶν
3255 3391 3468 3446 ἀδικίαν
3496 3391 3744 3464 μελετᾷ.»

2173 3487 2282 3540 Καὶ
2341 3485 2458 3556 θέα,
2487 3485 2563 3549 ὡς
2595 3485 2696 3538 οὑκ
2729 3484 3102 3553 ἐπιμέμφεται
3132 3483 3312 3546 αὐτοῖς
3343 3483 3400 3534 ὲν
3432 3483 3639 3545 τούτοις
3667 3485 3745 3536 εί-

2171 3576 2590 3648 δωλολατρείαν,
2619 3575 2728 3629 οὐδ’
2789 3575 2984 3643 ἑτέραν
3011 3573 3133 3628 τινὰ
3167 3573 3477 3645 παράνομον
3505 3575 3703 3645 πρᾶξιν
3725 3589 3738 3603 ’

2173 3667 2310 3721 ἀλλά
2338 3666 2436 3738 τὴν
2461 3666 2552 3720 διὰ
2583 3665 2808 3737 χειλέων
2855 3666 3187 3736 μιαιφονίαν,
3238 3666 3327 3718 καὶ
3359 3664 3456 3735 τὴν
3483 3665 3573 3719 διὰ
3619 3665 3742 3718 στό-

2177 3773 2342 3826 ματος
2375 3756 2742 3827 παρανομίαν.
2773 3756 2849 3808 Δι’
2878 3749 2952 3811 ὧν
2973 3755 3190 3827 ᾐνίξατο
3215 3756 3308 3826 τὴν
3339 3755 3482 3808 κατά
3511 3754 3602 3808 τοῦ
3630 3757 3744 3808 Σω-

2171 3848 2334 3918 τῆρος
2363 3847 2730 3901 ἐπανάστασιν
2753 3846 2950 3912 αὐτῶν,
2977 3849 3070 3900 καὶ
3096 3847 3193 3918 τὴν
3225 3847 3364 3900 κατά
3391 3846 3500 3900 τῶν
3524 3847 3748 3900 δικαίων

2171 3937 2379 4008 ἀνδρῶν
2404 3937 2720 4008 ἐπιϐουλήν.
2754 3938 2816 3989 Ei
2840 3937 2896 3989 δὲ
2925 3938 3018 3989 καὶ
3044 3937 3116 4009 μὴ
3145 3939 3460 4008 αὐτόχειρες
3493 3937 3747 4006 γεγόνασι

2171 4027 2266 4080 τοῦ
2294 4027 2568 4099 Σωτῆρος,
2602 4027 2736 4079 ἀλλά
2756 4026 2815 4079 τὸ
2839 4021 2977 4098 αἷμα
3009 4026 3171 4080 αὐτοῦ
3198 4028 3270 4080 ἑπ
3310 4028 3508 4091 αὐτοὺς
3541 4033 3629 4081 καὶ
3658 4027 3752 4081 ἐπὶ

2172 4119 2240 4173 τὰ
2265 4119 2432 4172 τέκνα
2482 4118 2661 4172 αὐτῶν
2705 4119 3079 4190 αίτησάμενοι,
3109 4120 3202 4172 καὶ
3235 4120 3384 4189 βοαῖς
3410 4119 3590 4184 ἀθέοις
3618 4137 3753 4193 χρη-

2175 4211 2416 4281 σάμενοι,
2467 4209 2613 4282 ἔργῳ
2657 4211 3008 4281 παρέστησαν
3037 4212 3136 4275 τὰς
3173 4214 3360 4282 χεῖρας
3396 4211 3539 4282 ἔχειν
3585 4227 3754 4282 μεμο-

2174 4303 2444 4374 λυσμένας
2469 4304 2680 4372 αἵματι,
2698 4303 2767 4356 τά
2784 4321 2844 4356 τε
2869 4304 3021 4374 χείλη
3045 4303 3224 4357 αὐτῶν
3246 4303 3597 4374 λελαληκέναι
3626 4304 3751 4358 ἀνο-

2178 4395 2325 4465 μίαν,
2363 4395 2456 4446 κα“ι
2481 4393 2580 4464 τὴν
2625 4393 2875 4461 γλῶσσαν
2921 4394 3101 4448 αὐτῶν
3149 4393 3598 4466 μεμελετηκέναι.
3638 4394 3755 4460 Ἐξ·-

492 4485 639 4538 lisse.
684 4483 815 4536 Nam
841 4498 960 4538 sese
988 4483 1322 4552 decipientes
1353 4482 1516 4535 alium
1548 4481 1825 4536 Christum
1867 4493 2064 4548 exspe-

2173 4485 2490 4548 απατῶντες
2524 4484 2634 4556 γὰρ
2663 4486 2888 4549 ἑαυτοὺς
2913 4487 3098 4556 ἕτερον
3132 4486 3470 4557 προσδοκῶσι
3497 4487 3751 4558 Χριστὸν,

490 4583 680 4637 «tant,
718 4575 951 4626 humana
1001 4577 1248 4643 quaedam
1283 4584 1337 4626 et
1374 4573 1616 4628 falmlosa
1667 4571 1735 4625 de
1789 4571 1906 4640 ipso
1938 4583 2065 4623 nar-

496 4677 700 4719 rantes.

571 4779 733 4832 Vens.
761 4777 814 4838 4,
845 4777 898 4832 5.
935 4797 953 4827 ι
999 4777 1166 4831 Nemo
1199 4789 1435 4847 .oquttur
1473 4779 1644 4848 jnsta,
1678 4794 1779 4833 nec
1811 4789 1896 4834 est
1917 4779 2067 4850 judi-

488 4870 636 4923 cium
669 4884 880 4922 ν‹ϊιιιιι.
928 4868 1215 4923 Confidunt
1270 4873 1432 4923 rebus
1477 4871 1654 4932 vanis.
1691 4881 1744 4923 et
1772 4871 2070 4940 loquuntur

497 4959 697 5018 inania.
729 4961 850 5028 quia
887 4961 1199 5029 concipiunt
1231 4960 1495 5025 dolorem,
1525 4973 1573 5015 et
1612 4965 1832 5031 pariunt
1867 4963 2068 5033 iniqui-

499 5061 681 5105 tatem.
716 5051 825 5107 Ova
870 5053 1111 5122 aspidum
1166 5053 1483 5122 fregerunt,
1533 5065 1585 5109 et
1636 5057 1798 5110 telam
1855 5071 2070 5111 araneae

495 5153 684 5197 texunt
716 5161 730 5196 :
767 5155 820 5197 et
845 5147 934 5214 qni
967 5150 1080 5199 vult
1109 5145 1178 5199 de
1213 5147 1330 5200 ovis
1360 5161 1548 5200 eorum
1581 5148 1892 5207 comedere.
1923 5147 2071 5200 fran-

490 5251 628 5305 gens
655 5235 868 5290 urinum
901 5236 1144 5304 invenit,
1175 5247 1229 5290 et
1260 5236 1312 5290 in
1349 5237 1467 5304 ipso
1501 5239 1762 5306 regulum.
1807 5257 1825 5289 ι
1863 5239 2070 5292 Adver-

493 5328 764 5380 sariarum
792 5335 1116 5397 potestatum
1145 5328 1351 5381 semina
1382 5328 1435 5380 in
1468 5343 1525 5382 se
1550 5329 1864 5397 parturiunt
1901 5345 1914 5381 :
1943 5342 2072 5397 qua-

499 5430 560 5470 re
594 5418 810 5470 malitiae
833 5417 1264 5484 etimprobitatis
1293 5432 1403 5470 suze
1429 5417 1552 5469 filiis
1579 5417 1916 5482 dicebautur
1946 5418 2072 5470 Ser-

501 5514 724 5574 pentes,
772 5507 1040 5574 genimina
1093 5507 1418 5574 viperarum.
1479 5525 1497 5556 ι
1529 5506 1884 5575 Pr0portioue
1941 5520 2072 5559 vero

501 5595 730 5662 quadam
765 5597 829 5646 ad
863 5596 1102 5648 divinum
1137 5612 1318 5650 semen
1372 5595 1550 5649 habita
1576 5637 1592 5660 ,
1629 5597 2070 5650 advet-sariarum

503 5695 830 5753 potestatum
857 5701 1039 5740 semen
1071 5728 1086 5748 ,
1115 5703 1213 5742 ova
1243 5689 1535 5758 appellavit
1558 5727 1574 5752 ,
1611 5687 1823 5755 reptilis
1851 5686 2068 5754 generis

502 5776 749 5844 exemplo
774 5777 1029 5832 insistens
1066 5796 1078 5831 :
1118 5796 1240 5834 nam
1287 5782 1504 5850 aspidcs
1529 5822 1542 5845 .
1569 5790 1853 5850 serpentes
1881 5793 1936 5833 et
1960 5779 2064 5835 alia

2165 4576 2481 4646 ἀνθρώπινά
2513 4593 2634 4628 τινα
2657 4576 2786 4646 περὶ
2820 4577 2984 4629 αὑτοῦ
3013 4577 3454 4647 μυθολογοῦντες.

2243 4801 2259 4831 ι
2287 4781 2479 4844 Ούθεὶς
2535 4780 2685 4833 λαλεῖ
2719 4779 2923 4838 δίκαια.
2960 4779 3080 4832 οὑδέ
3109 4781 3225 4832 ἑστι
3271 4779 3449 4849 κρίσις
3500 4775 3750 4845 ἀληθινή.

2167 4873 2494 4926 Πεποίθασιν
2551 4873 2643 4924 ἐπὶ
2701 4872 2968 4942 ματαίοις,
3035 4871 3128 4924 καὶ
3182 4870 3400 4923 λαλοῦσι
3465 4867 3616 4926 κενά.
3668 4867 3755 4920 ὅτι

2178 4962 2367 5014 κύουσι
2411 4962 2590 5027 πόνον,
2641 4962 2734 5014 καὶ
2769 4962 3042 5014 τίκτουσιν
3086 4960 3334 5030 ἀνομίαν.
3376 4959 3468 5012 Ὠἀ
3512 4955 3758 5011 ἀσπίδων

2178 5052 2434 5123 ἑρῤηξαν,
2467 5052 2558 5104 καὶ
2578 5052 2722 5104 ἱστὸν
2751 5053 2992 5122 ἀράχνης
3017 5051 3299 5121 ὑφαίνουσι
3317 5066 3332 5080 ⁶
3374 5050 3470 5103 καὶ
3498 5051 3526 5102 ὁ
3547 5048 3758 5119 μέλλων

2177 5142 2285 5196 τῶν
2315 5141 2438 5194 ὠῶν
2475 5142 2654 5195 αὐτῶν
2703 5146 2921 5212 φαγεῖν,
2941 5141 3236 5210 συντρίψας
3264 5141 3446 5211 οῦριον
3477 5134 3625 5210 εὗρε,
3659 5140 3762 5191 καὶ

2177 5232 2235 5284 ἐν
2260 5233 2408 5302 αὐτῷ
2443 5231 2772 5302 βασιλίσκον.
2824 5252 2840 5284 ι
2885 5233 3005 5286 Τῶν
3046 5233 3435 5304 ἀντικειμένων
3474 5232 3761 5300 δυνάμεων

2176 5325 2244 5378 τὰ
2283 5326 2572 5396 σπέρματα
2619 5329 2674 5380 ἑν
2706 5329 2890 5390 αὐτοῖς
2914 5328 3216 5398 κυήσαντες
3238 5343 3250 5357 ο
3275 5327 3355 5379 διὸ
3385 5329 3499 5390 τοῖς
3522 5327 3620 5396 τῆς
3649 5341 3756 5378 καρ

2180 5416 2302 5478 κίας
2349 5418 2442 5469 καὶ
2484 5417 2745 5489 πονηρίας
2793 5417 2970 5470 αὐτῶν
3004 5419 3140 5482 υίοῖς
3187 5418 3438 5486 ἐλέγετο·
3481 5435 3500 5468 ι
3545 5419 3757 5485 Ὄφεις,

2177 5508 2488 5578 γεννήματα
2523 5508 2763 5578 ἐχιδνῶν.
2805 5527 2823 5558 ι
2859 5509 3158 5577 ’Δναλόγως
3187 5509 3244 5561 δὲ
3276 5508 3354 5578 τῷ
3382 5508 3655 5578 σπέρματι
3677 5506 3759 5576 τῷ

2178 5594 2307 5667 θείῳ
2337 5600 2428 5650 τὸν
2447 5599 2552 5651 τῶν
2572 5599 2960 5668 ἀντικειμένων
2980 5600 3264 5669 δυνάμεων
3285 5599 3484 5668 σπόρον
3511 5598 3592 5651 oe
3619 5597 3760 5650 ὠνόο

2183 5705 2319 5756 μασε
2359 5691 2448 5743 διὰ
2495 5692 2554 5743 τὸ
2604 5691 2951 5762 παράδειγμα
2998 5692 3089 5744 τοῦ
3143 5691 3474 5762 ἑρπυστικοῦ
3524 5690 3744 5758 γένους·

2174 5782 2398 5844 ἀσπίδες
2428 5784 2520 5835 καὶ
2541 5783 2716 5851 ὄφεις,
2745 5784 2837 5835 καὶ
2853 5784 2918 5836 τὰ
2938 5782 3162 5836 τοιαῦτα
3180 5781 3287 5835 τῶν
3303 5781 3552 5856 ὼοτύκων
3568 5779 3737 5834 ἑστιν.
