  <div class='ocr_page' id='page_1' title='image "/cluster/home/n/w/nwhite01/storage/ocr_20150623/24:no.6/coo.31924054873058/256.png"; bbox 0 0 4130 6442; ppageno 0'>
   <div class='ocr_carea' id='block_1_1' title="bbox 349 386 469 441">
    <p class='ocr_par' dir='ltr' id='par_1_1' title="bbox 349 386 469 441">
     <span class='ocr_line' id='line_1_1' title="bbox 349 386 469 441; baseline 0 -1"><span class='ocrx_word' id='word_1_1' title='bbox 349 386 469 441; x_wconf 73' lang='grc'><strong>483</strong></span> 
     </span>
    </p>
   </div>
   <div class='ocr_carea' id='block_1_2' title="bbox 1283 380 2674 443">
    <p class='ocr_par' dir='ltr' id='par_1_2' title="bbox 1283 380 2674 443">
     <span class='ocr_line' id='line_1_2' title="bbox 1283 380 2674 443; baseline 0.003 -5"><span class='ocrx_word' id='word_1_2' title='bbox 1283 380 1785 438; x_wconf 76' lang='lat' dir='ltr'><strong>COMMENTARIA</strong></span> <span class='ocrx_word' id='word_1_3' title='bbox 1825 382 1895 438; x_wconf 84' lang='lat' dir='ltr'><strong>IN</strong></span> <span class='ocrx_word' id='word_1_4' title='bbox 1934 381 2189 439; x_wconf 74' lang='lat' dir='ltr'><strong>ISAIAM.</strong></span> <span class='ocrx_word' id='word_1_5' title='bbox 2232 414 2301 424; x_wconf 89' lang='lat'><strong>—</strong></span> <span class='ocrx_word' id='word_1_6' title='bbox 2340 384 2492 440; x_wconf 77' lang='lat' dir='ltr'><strong>CAP.</strong></span> <span class='ocrx_word' id='word_1_7' title='bbox 2535 386 2674 443; x_wconf 78' lang='lat' dir='ltr'><strong>LIX.</strong></span> 
     </span>
    </p>
   </div>
   <div class='ocr_carea' id='block_1_3' title="bbox 3524 399 3629 451">
    <p class='ocr_par' dir='ltr' id='par_1_3' title="bbox 3524 399 3629 451">
     <span class='ocr_line' id='line_1_3' title="bbox 3524 399 3629 451; baseline 0.01 -1"><span class='ocrx_word' id='word_1_8' title='bbox 3524 399 3629 451; x_wconf 68' lang='grc'><strong>486</strong></span> 
     </span>
    </p>
   </div>
   <div class='ocr_carea' id='block_1_4' title="bbox 366 500 1939 578">
    <p class='ocr_par' dir='ltr' id='par_1_4' title="bbox 366 500 1939 574">
     <span class='ocr_line' id='line_1_4' title="bbox 366 500 1939 574; baseline -0.002 -18"><span class='ocrx_word' id='word_1_9' title='bbox 366 500 595 574; x_wconf 80' lang='grc' dir='ltr'><strong>Ἐπειδὴ</strong></span> <span class='ocrx_word' id='word_1_10' title='bbox 628 501 769 572; x_wconf 84' lang='grc' dir='ltr'><strong>μετά</strong></span> <span class='ocrx_word' id='word_1_11' title='bbox 795 502 1065 572; x_wconf 55' lang='grc' dir='ltr'>τοσαϋιην</span> <span class='ocrx_word' id='word_1_12' title='bbox 1118 502 1320 556; x_wconf 79' lang='grc' dir='ltr'>κακίαν</span> <span class='ocrx_word' id='word_1_13' title='bbox 1374 502 1800 571; x_wconf 76' lang='grc' dir='ltr'><strong>ἐπαγγέλλονται</strong></span> <span class='ocrx_word' id='word_1_14' title='bbox 1852 504 1939 574; x_wconf 64' lang='grc' dir='ltr'>μὲι</span> 
     </span>
    </p>
   </div>
   <div class='ocr_carea' id='block_1_5' title="bbox 2045 500 3599 578">
    <p class='ocr_par' dir='ltr' id='par_1_5' title="bbox 2057 503 3599 578">
     <span class='ocr_line' id='line_1_5' title="bbox 2057 503 3599 578; baseline 0.005 -22"><span class='ocrx_word' id='word_1_15' title='bbox 2057 503 2397 571; x_wconf 72' lang='lat' dir='ltr'><strong>huiusmodi,</strong></span> <span class='ocrx_word' id='word_1_16' title='bbox 2429 521 2527 558; x_wconf 82' lang='lat' dir='ltr'><strong>ova</strong></span> <span class='ocrx_word' id='word_1_17' title='bbox 2562 504 2799 575; x_wconf 86' lang='lat' dir='ltr'><strong>pariunt.</strong></span> <span class='ocrx_word' id='word_1_18' title='bbox 2834 505 3101 570; x_wconf 76' lang='lat' dir='ltr'><strong>Quoniam</strong></span> <span class='ocrx_word' id='word_1_19' title='bbox 3142 517 3266 578; x_wconf 87' lang='lat' dir='ltr'><strong>post</strong></span> <span class='ocrx_word' id='word_1_20' title='bbox 3295 517 3497 564; x_wconf 89' lang='lat' dir='ltr'><strong>tantam</strong></span> <span class='ocrx_word' id='word_1_21' title='bbox 3534 526 3599 565; x_wconf 80' lang='lat' dir='ltr'><strong>ex</strong></span> 
     </span>
    </p>
   </div>
   <div class='ocr_carea' id='block_1_6' title="bbox 350 590 1948 662">
    <p class='ocr_par' dir='ltr' id='par_1_6' title="bbox 350 590 1948 662">
     <span class='ocr_line' id='line_1_6' title="bbox 350 590 1948 662; baseline -0.001 -15"><span class='ocrx_word' id='word_1_22' title='bbox 350 592 459 655; x_wconf 63' lang='lat' dir='ltr'><strong>sit;</strong></span> <span class='ocrx_word' id='word_1_23' title='bbox 490 591 600 644; x_wconf 80' lang='grc' dir='ltr'>ἀπὸ</span> <span class='ocrx_word' id='word_1_24' title='bbox 629 590 791 644; x_wconf 86' lang='grc' dir='ltr'>θείων</span> <span class='ocrx_word' id='word_1_25' title='bbox 838 591 877 643; x_wconf 86' lang='grc' dir='ltr'><strong>Γ</strong></span> <span class='ocrx_word' id='word_1_26' title='bbox 882 591 1071 662; x_wconf 85' lang='grc' dir='ltr'>ραφῶν</span> <span class='ocrx_word' id='word_1_27' title='bbox 1104 590 1472 656; x_wconf 69' lang='grc' dir='ltr'>διδασκαλίας,</span> <span class='ocrx_word' id='word_1_28' title='bbox 1519 592 1844 644; x_wconf 75' lang='grc' dir='ltr'><strong>ἐκπίπτουσι</strong></span> <span class='ocrx_word' id='word_1_29' title='bbox 1893 593 1948 646; x_wconf 72' lang='grc' dir='ltr'>δὲ</span> 
     </span>
    </p>
   </div>
   <div class='ocr_carea' id='block_1_7' title="bbox 351 682 1948 756">
    <p class='ocr_par' dir='ltr' id='par_1_7' title="bbox 351 682 1948 756">
     <span class='ocr_line' id='line_1_7' title="bbox 351 682 1948 756; baseline -0.001 -18"><span class='ocrx_word' id='word_1_30' title='bbox 351 688 439 750; x_wconf 82' lang='grc' dir='ltr'><strong>εἰς</strong></span> <span class='ocrx_word' id='word_1_31' title='bbox 464 684 732 756; x_wconf 75' lang='grc' dir='ltr'><strong>γραώδεις</strong></span> <span class='ocrx_word' id='word_1_32' title='bbox 768 682 991 754; x_wconf 83' lang='grc' dir='ltr'>μύθους,</span> <span class='ocrx_word' id='word_1_33' title='bbox 1017 684 1112 736; x_wconf 82' lang='grc' dir='ltr'><strong>καὶ</strong></span> <span class='ocrx_word' id='word_1_34' title='bbox 1150 686 1229 747; x_wconf 90' lang='grc' dir='ltr'><strong>εἰς</strong></span> <span class='ocrx_word' id='word_1_35' title='bbox 1261 684 1586 755; x_wconf 81' lang='grc' dir='ltr'>παραδόσεις</span> <span class='ocrx_word' id='word_1_36' title='bbox 1626 684 1948 752; x_wconf 78' lang='grc' dir='ltr'>ἀνθρώπων,</span> 
     </span>
    </p>
   </div>
   <div class='ocr_carea' id='block_1_8' title="bbox 352 775 1950 848">
    <p class='ocr_par' dir='ltr' id='par_1_8' title="bbox 352 775 1950 848">
     <span class='ocr_line' id='line_1_8' title="bbox 352 775 1950 848; baseline 0 -19"><span class='ocrx_word' id='word_1_37' title='bbox 352 777 512 829; x_wconf 76' lang='grc' dir='ltr'>οὐδὲν</span> <span class='ocrx_word' id='word_1_38' title='bbox 572 775 725 845; x_wconf 77' lang='grc' dir='ltr'>ὑγιὲς</span> <span class='ocrx_word' id='word_1_39' title='bbox 782 776 917 848; x_wconf 87' lang='grc' dir='ltr'>μηδὲ</span> <span class='ocrx_word' id='word_1_40' title='bbox 967 776 1239 846; x_wconf 79' lang='grc' dir='ltr'>ὠφέλιμον</span> <span class='ocrx_word' id='word_1_41' title='bbox 1298 775 1680 848; x_wconf 82' lang='grc' dir='ltr'><strong>περιεχούσας·</strong></span> <span class='ocrx_word' id='word_1_42' title='bbox 1730 777 1950 840; x_wconf 80' lang='grc' dir='ltr'><strong>εἰκότως</strong></span> 
     </span>
    </p>
   </div>
   <div class='ocr_carea' id='block_1_9' title="bbox 354 868 1951 939">
    <p class='ocr_par' dir='ltr' id='par_1_9' title="bbox 354 868 1951 939">
     <span class='ocr_line' id='line_1_9' title="bbox 354 868 1951 939; baseline 0 -18"><span class='ocrx_word' id='word_1_43' title='bbox 354 868 606 936; x_wconf 72' lang='grc' dir='ltr'>ἐπιλέγει</span> <span class='ocrx_word' id='word_1_44' title='bbox 633 886 645 898; x_wconf 87' lang='grc'><strong>·</strong></span> <span class='ocrx_word' id='word_1_45' title='bbox 686 887 703 919; x_wconf 86' lang='grc' dir='ltr'><strong>ι</strong></span> <span class='ocrx_word' id='word_1_46' title='bbox 754 868 865 920; x_wconf 75' lang='grc' dir='ltr'>Καὶ</span> <span class='ocrx_word' id='word_1_47' title='bbox 898 868 1042 921; x_wconf 75' lang='grc' dir='ltr'>ἰστὸν</span> <span class='ocrx_word' id='word_1_48' title='bbox 1080 868 1323 939; x_wconf 80' lang='grc' dir='ltr'><strong>ἀράχνης</strong></span> <span class='ocrx_word' id='word_1_49' title='bbox 1353 869 1659 935; x_wconf 81' lang='grc' dir='ltr'>ὑφαίνουσι,</span> <span class='ocrx_word' id='word_1_50' title='bbox 1715 887 1732 919; x_wconf 72' lang='grc' dir='ltr'><strong>ι</strong></span> <span class='ocrx_word' id='word_1_51' title='bbox 1764 868 1823 919; x_wconf 82' lang='grc' dir='ltr'><strong>τὸ</strong></span> <span class='ocrx_word' id='word_1_52' title='bbox 1862 885 1951 921; x_wconf 78' lang='grc' dir='ltr'>σα-</span> 
     </span>
    </p>
   </div>
   <div class='ocr_carea' id='block_1_10' title="bbox 354 958 1950 1031">
    <p class='ocr_par' dir='ltr' id='par_1_10' title="bbox 354 958 1950 1031">
     <span class='ocr_line' id='line_1_10' title="bbox 354 958 1950 1031; baseline -0.001 -20"><span class='ocrx_word' id='word_1_53' title='bbox 354 958 491 1029; x_wconf 86' lang='grc' dir='ltr'>θρὸν</span> <span class='ocrx_word' id='word_1_54' title='bbox 526 959 622 1011; x_wconf 68' lang='grc' dir='ltr'>καὶ</span> <span class='ocrx_word' id='word_1_55' title='bbox 649 959 844 1029; x_wconf 83' lang='grc' dir='ltr'>ἄτιμον</span> <span class='ocrx_word' id='word_1_56' title='bbox 875 958 974 1027; x_wconf 81' lang='grc' dir='ltr'>τῆς</span> <span class='ocrx_word' id='word_1_57' title='bbox 1000 960 1255 1030; x_wconf 81' lang='grc' dir='ltr'><strong>τοιαύτης</strong></span> <span class='ocrx_word' id='word_1_58' title='bbox 1288 958 1466 1013; x_wconf 89' lang='grc' dir='ltr'>αὑτῶν</span> <span class='ocrx_word' id='word_1_59' title='bbox 1496 960 1728 1031; x_wconf 83' lang='grc' dir='ltr'>σπουδῆς</span> <span class='ocrx_word' id='word_1_60' title='bbox 1750 958 1827 1029; x_wconf 83' lang='grc' dir='ltr'><strong>τῷ</strong></span> <span class='ocrx_word' id='word_1_61' title='bbox 1853 961 1950 1031; x_wconf 81' lang='grc' dir='ltr'>τῆς</span> 
     </span>
    </p>
   </div>
   <div class='ocr_carea' id='block_1_11' title="bbox 309 1028 1948 1121">
    <p class='ocr_par' dir='ltr' id='par_1_11' title="bbox 309 1028 1948 1121">
     <span class='ocr_line' id='line_1_11' title="bbox 309 1028 1948 1121; baseline 0.001 -19"><span class='ocrx_word' id='word_1_62' title='bbox 309 1028 321 1053; x_wconf 32' lang='grc' dir='ltr'>ἲ</span> <span class='ocrx_word' id='word_1_63' title='bbox 353 1028 607 1120; x_wconf 81' lang='grc' dir='ltr'>ἀράχνης</span> <span class='ocrx_word' id='word_1_64' title='bbox 638 1028 920 1118; x_wconf 81' lang='grc' dir='ltr'>ὑφάσματι</span> <span class='ocrx_word' id='word_1_65' title='bbox 951 1028 1334 1120; x_wconf 78' lang='grc' dir='ltr'>παραϐάλλων.</span> <span class='ocrx_word' id='word_1_66' title='bbox 1364 1051 1541 1103; x_wconf 88' lang='grc' dir='ltr'>Ποίων</span> <span class='ocrx_word' id='word_1_67' title='bbox 1571 1051 1627 1104; x_wconf 85' lang='grc' dir='ltr'>δὲ</span> <span class='ocrx_word' id='word_1_68' title='bbox 1656 1028 1780 1104; x_wconf 78' lang='grc' dir='ltr'><strong>ῶῶν</strong></span> <span class='ocrx_word' id='word_1_69' title='bbox 1802 1028 1948 1121; x_wconf 85' lang='grc' dir='ltr'>μνη-</span> 
     </span>
    </p>
   </div>
   <div class='ocr_carea' id='block_1_12' title="bbox 356 1132 1949 1213">
    <p class='ocr_par' dir='ltr' id='par_1_12' title="bbox 356 1132 1949 1213">
     <span class='ocr_line' id='line_1_12' title="bbox 356 1132 1949 1213; baseline 0.002 -20"><span class='ocrx_word' id='word_1_70' title='bbox 356 1139 605 1211; x_wconf 80' lang='grc' dir='ltr'>μονεύει.</span> <span class='ocrx_word' id='word_1_71' title='bbox 630 1138 661 1209; x_wconf 81' lang='grc' dir='ltr'>ἢ</span> <span class='ocrx_word' id='word_1_72' title='bbox 689 1140 817 1210; x_wconf 79' lang='grc' dir='ltr'>περὶ</span> <span class='ocrx_word' id='word_1_73' title='bbox 842 1132 915 1191; x_wconf 84' lang='grc' dir='ltr'>ὧν</span> <span class='ocrx_word' id='word_1_74' title='bbox 940 1140 1179 1211; x_wconf 80' lang='grc' dir='ltr'>εἴρηται·</span> <span class='ocrx_word' id='word_1_75' title='bbox 1220 1161 1237 1193; x_wconf 83' lang='grc' dir='ltr'><strong>ι</strong></span> <span class='ocrx_word' id='word_1_76' title='bbox 1274 1142 1353 1194; x_wconf 88' lang='grc' dir='ltr'><strong>Τά</strong></span> <span class='ocrx_word' id='word_1_77' title='bbox 1386 1142 1468 1195; x_wconf 84' lang='grc' dir='ltr'><strong>ὼά</strong></span> <span class='ocrx_word' id='word_1_78' title='bbox 1511 1143 1753 1196; x_wconf 82' lang='grc' dir='ltr'>ἀσπίδων</span> <span class='ocrx_word' id='word_1_79' title='bbox 1786 1142 1949 1213; x_wconf 75' lang='grc' dir='ltr'>ἔρρη-</span> 
     </span>
    </p>
   </div>
   <div class='ocr_carea' id='block_1_13' title="bbox 355 1227 1948 1302">
    <p class='ocr_par' dir='ltr' id='par_1_13' title="bbox 355 1227 1948 1302">
     <span class='ocr_line' id='line_1_13' title="bbox 355 1227 1948 1302; baseline -0.001 -18"><span class='ocrx_word' id='word_1_80' title='bbox 355 1230 490 1294; x_wconf 79' lang='grc' dir='ltr'>ξαν;</span> <span class='ocrx_word' id='word_1_81' title='bbox 532 1248 550 1280; x_wconf 74' lang='grc' dir='ltr'><strong>ι</strong></span> <span class='ocrx_word' id='word_1_82' title='bbox 588 1230 650 1281; x_wconf 78' lang='lat' dir='ltr'><strong>OE</strong></span> <span class='ocrx_word' id='word_1_83' title='bbox 689 1228 786 1300; x_wconf 79' lang='grc' dir='ltr'><strong>μὲν</strong></span> <span class='ocrx_word' id='word_1_84' title='bbox 841 1227 933 1283; x_wconf 78' lang='grc' dir='ltr'>οὖν</span> <span class='ocrx_word' id='word_1_85' title='bbox 977 1232 1032 1283; x_wconf 78' lang='grc' dir='ltr'><strong>ἐν</strong></span> <span class='ocrx_word' id='word_1_86' title='bbox 1088 1230 1256 1301; x_wconf 73' lang='grc' dir='ltr'>κακίᾳ</span> <span class='ocrx_word' id='word_1_87' title='bbox 1296 1230 1512 1293; x_wconf 86' lang='grc' dir='ltr'>τέλειοι,</span> <span class='ocrx_word' id='word_1_88' title='bbox 1562 1230 1948 1302; x_wconf 76' lang='grc' dir='ltr'>διαρρήξαντες</span> 
     </span>
    </p>
   </div>
   <div class='ocr_carea' id='block_1_14' title="bbox 351 1321 1949 1393">
    <p class='ocr_par' dir='ltr' id='par_1_14' title="bbox 351 1321 1949 1393">
     <span class='ocr_line' id='line_1_14' title="bbox 351 1321 1949 1393; baseline 0 -19"><span class='ocrx_word' id='word_1_89' title='bbox 351 1322 565 1376; x_wconf 81' lang='grc' dir='ltr'>τούτων</span> <span class='ocrx_word' id='word_1_90' title='bbox 591 1321 701 1374; x_wconf 86' lang='grc' dir='ltr'><strong>τῶν</strong></span> <span class='ocrx_word' id='word_1_91' title='bbox 726 1322 869 1386; x_wconf 86' lang='grc' dir='ltr'>ὠῶν,</span> <span class='ocrx_word' id='word_1_92' title='bbox 887 1322 956 1375; x_wconf 76' lang='grc' dir='ltr'>τὰ</span> <span class='ocrx_word' id='word_1_93' title='bbox 985 1323 1447 1393; x_wconf 67' lang='grc' dir='ltr'>τελεσφορηθέντα</span> <span class='ocrx_word' id='word_1_94' title='bbox 1477 1326 1554 1387; x_wconf 87' lang='grc' dir='ltr'><strong>εἰς</strong></span> <span class='ocrx_word' id='word_1_95' title='bbox 1577 1324 1801 1386; x_wconf 77' lang='grc' dir='ltr'>ἑαυτοὺς</span> <span class='ocrx_word' id='word_1_96' title='bbox 1849 1324 1949 1375; x_wconf 88' lang='grc' dir='ltr'>ὑπ-</span> 
     </span>
    </p>
   </div>
   <div class='ocr_carea' id='block_1_15' title="bbox 355 1415 1948 1488">
    <p class='ocr_par' dir='ltr' id='par_1_15' title="bbox 355 1415 1948 1488">
     <span class='ocr_line' id='line_1_15' title="bbox 355 1415 1948 1488; baseline 0.001 -22"><span class='ocrx_word' id='word_1_97' title='bbox 355 1415 635 1480; x_wconf 75' lang='grc' dir='ltr'>εδέξαντο·</span> <span class='ocrx_word' id='word_1_98' title='bbox 674 1417 720 1468; x_wconf 87' lang='grc' dir='ltr'><strong>οἰ</strong></span> <span class='ocrx_word' id='word_1_99' title='bbox 762 1415 818 1467; x_wconf 84' lang='grc' dir='ltr'>δὲ</span> <span class='ocrx_word' id='word_1_100' title='bbox 871 1416 1233 1488; x_wconf 81' lang='grc' dir='ltr'>ἀτελέστεροι,</span> <span class='ocrx_word' id='word_1_101' title='bbox 1266 1417 1393 1487; x_wconf 70' lang='grc' dir='ltr'>πρὶν</span> <span class='ocrx_word' id='word_1_102' title='bbox 1452 1417 1817 1488; x_wconf 69' lang='grc' dir='ltr'>διαρραγῆναι</span> <span class='ocrx_word' id='word_1_103' title='bbox 1852 1417 1948 1467; x_wconf 69' lang='grc' dir='ltr'><strong>καὶ</strong></span> 
     </span>
    </p>
   </div>
   <div class='ocr_carea' id='block_1_16' title="bbox 351 1506 1949 1579">
    <p class='ocr_par' dir='ltr' id='par_1_16' title="bbox 351 1506 1949 1579">
     <span class='ocr_line' id='line_1_16' title="bbox 351 1506 1949 1579; baseline 0 -20"><span class='ocrx_word' id='word_1_104' title='bbox 351 1506 827 1578; x_wconf 78' lang='grc' dir='ltr'>τελεσφορηθῆναι</span> <span class='ocrx_word' id='word_1_105' title='bbox 860 1509 1196 1579; x_wconf 76' lang='grc' dir='ltr'>ἐμφαγόντες</span> <span class='ocrx_word' id='word_1_106' title='bbox 1224 1509 1423 1571; x_wconf 79' lang='grc' dir='ltr'>αὐτῶν,</span> <span class='ocrx_word' id='word_1_107' title='bbox 1477 1508 1825 1563; x_wconf 85' lang='grc' dir='ltr'>ἀπόλλυνται.</span> <span class='ocrx_word' id='word_1_108' title='bbox 1858 1507 1949 1560; x_wconf 86' lang='grc' dir='ltr'><strong>Διὸ</strong></span> 
     </span>
    </p>
   </div>
   <div class='ocr_carea' id='block_1_17' title="bbox 354 1600 1946 1673">
    <p class='ocr_par' dir='ltr' id='par_1_17' title="bbox 354 1600 1946 1673">
     <span class='ocr_line' id='line_1_17' title="bbox 354 1600 1946 1673; baseline 0.001 -20"><span class='ocrx_word' id='word_1_109' title='bbox 354 1601 501 1654; x_wconf 88' lang='grc' dir='ltr'><strong>κατά</strong></span> <span class='ocrx_word' id='word_1_110' title='bbox 529 1602 657 1663; x_wconf 84' lang='grc' dir='ltr'>τοὺς</span> <span class='ocrx_word' id='word_1_111' title='bbox 685 1601 907 1665; x_wconf 81' lang='grc' dir='ltr'>λοιποὺς</span> <span class='ocrx_word' id='word_1_112' title='bbox 931 1602 1273 1672; x_wconf 82' lang='grc' dir='ltr'>ὲρμηνευτάς</span> <span class='ocrx_word' id='word_1_113' title='bbox 1299 1602 1513 1673; x_wconf 71' lang='grc' dir='ltr'>εἴρηται</span> <span class='ocrx_word' id='word_1_114' title='bbox 1535 1619 1547 1631; x_wconf 85' lang='grc'>·</span> <span class='ocrx_word' id='word_1_115' title='bbox 1591 1621 1607 1652; x_wconf 83' lang='grc' dir='ltr'><strong>ι</strong></span> <span class='ocrx_word' id='word_1_116' title='bbox 1654 1602 1709 1654; x_wconf 89' lang='lat' dir='ltr'><strong>&#39;O</strong></span> <span class='ocrx_word' id='word_1_117' title='bbox 1753 1600 1946 1654; x_wconf 79' lang='grc' dir='ltr'>ἐσθίων</span> 
     </span>
    </p>
   </div>
   <div class='ocr_carea' id='block_1_18' title="bbox 355 1691 1944 1763">
    <p class='ocr_par' dir='ltr' id='par_1_18' title="bbox 355 1691 1944 1763">
     <span class='ocr_line' id='line_1_18' title="bbox 355 1691 1944 1763; baseline -0.001 -19"><span class='ocrx_word' id='word_1_118' title='bbox 355 1695 426 1747; x_wconf 68' lang='grc' dir='ltr'>ἐκ</span> <span class='ocrx_word' id='word_1_119' title='bbox 451 1692 558 1745; x_wconf 87' lang='grc' dir='ltr'><strong>τῶν</strong></span> <span class='ocrx_word' id='word_1_120' title='bbox 582 1691 704 1745; x_wconf 84' lang='grc' dir='ltr'>ὠῶν</span> <span class='ocrx_word' id='word_1_121' title='bbox 738 1693 919 1746; x_wconf 76' lang='grc' dir='ltr'>αὐτῶν</span> <span class='ocrx_word' id='word_1_122' title='bbox 947 1694 1317 1746; x_wconf 79' lang='grc' dir='ltr'>ἀποθανεῖται.</span> <span class='ocrx_word' id='word_1_123' title='bbox 1363 1713 1380 1743; x_wconf 74' lang='grc' dir='ltr'><strong>ι</strong></span> <span class='ocrx_word' id='word_1_124' title='bbox 1411 1695 1473 1746; x_wconf 88' lang='grc' dir='ltr'>Εἰ</span> <span class='ocrx_word' id='word_1_125' title='bbox 1506 1693 1562 1745; x_wconf 86' lang='grc' dir='ltr'><strong>δέ</strong></span> <span class='ocrx_word' id='word_1_126' title='bbox 1593 1710 1675 1755; x_wconf 87' lang='grc' dir='ltr'><strong>τις</strong></span> <span class='ocrx_word' id='word_1_127' title='bbox 1697 1691 1944 1763; x_wconf 79' lang='grc' dir='ltr'>εὑρεθείη</span> 
     </span>
    </p>
   </div>
   <div class='ocr_carea' id='block_1_19' title="bbox 356 1782 1946 1854">
    <p class='ocr_par' dir='ltr' id='par_1_19' title="bbox 356 1782 1946 1854">
     <span class='ocr_line' id='line_1_19' title="bbox 356 1782 1946 1854; baseline -0.001 -19"><span class='ocrx_word' id='word_1_128' title='bbox 356 1782 580 1845; x_wconf 86' lang='grc' dir='ltr'>συνετὸς</span> <span class='ocrx_word' id='word_1_129' title='bbox 637 1782 776 1853; x_wconf 77' lang='grc' dir='ltr'>ἀνὴρ</span> <span class='ocrx_word' id='word_1_130' title='bbox 807 1785 834 1836; x_wconf 88' lang='grc' dir='ltr'><strong>ό</strong></span> <span class='ocrx_word' id='word_1_131' title='bbox 869 1784 1179 1853; x_wconf 72' lang='grc' dir='ltr'>συντρίϐειν</span> <span class='ocrx_word' id='word_1_132' title='bbox 1206 1783 1343 1836; x_wconf 74' lang='grc' dir='ltr'>αὑτὰ</span> <span class='ocrx_word' id='word_1_133' title='bbox 1379 1783 1674 1853; x_wconf 78' lang='grc' dir='ltr'>δυνάμενος</span> <span class='ocrx_word' id='word_1_134' title='bbox 1718 1786 1946 1854; x_wconf 86' lang='grc' dir='ltr'>ἀνατρε-</span> 
     </span>
    </p>
   </div>
   <div class='ocr_carea' id='block_1_20' title="bbox 2052 595 3635 669">
    <p class='ocr_par' dir='ltr' id='par_1_20' title="bbox 2052 595 3635 669">
     <span class='ocr_line' id='line_1_20' title="bbox 2052 595 3635 669; baseline 0.004 -22"><span class='ocrx_word' id='word_1_135' title='bbox 2052 595 2279 648; x_wconf 86' lang='lat' dir='ltr'><strong>hibitam</strong></span> <span class='ocrx_word' id='word_1_136' title='bbox 2310 596 2712 663; x_wconf 87' lang='lat' dir='ltr'><strong>improbilatem</strong></span> <span class='ocrx_word' id='word_1_137' title='bbox 2740 635 2756 661; x_wconf 86' lang='lat'><strong>,</strong></span> <span class='ocrx_word' id='word_1_138' title='bbox 2787 597 3097 651; x_wconf 89' lang='lat' dir='ltr'><strong>divinarum</strong></span> <span class='ocrx_word' id='word_1_139' title='bbox 3134 598 3353 668; x_wconf 86' lang='lat' dir='ltr'><strong>quidem</strong></span> <span class='ocrx_word' id='word_1_140' title='bbox 3387 599 3635 669; x_wconf 86' lang='lat' dir='ltr'><strong>Scriptu-</strong></span> 
     </span>
    </p>
   </div>
   <div class='ocr_carea' id='block_1_21' title="bbox 2054 688 3634 758">
    <p class='ocr_par' dir='ltr' id='par_1_21' title="bbox 2054 688 3634 758">
     <span class='ocr_line' id='line_1_21' title="bbox 2054 688 3634 758; baseline 0.008 -19"><span class='ocrx_word' id='word_1_141' title='bbox 2054 702 2234 741; x_wconf 89' lang='lat' dir='ltr'><strong>rarum</strong></span> <span class='ocrx_word' id='word_1_142' title='bbox 2258 688 2561 742; x_wconf 86' lang='lat' dir='ltr'><strong>doctrinam</strong></span> <span class='ocrx_word' id='word_1_143' title='bbox 2591 688 2917 758; x_wconf 81' lang='lat' dir='ltr'><strong>proﬁtentur</strong></span> <span class='ocrx_word' id='word_1_144' title='bbox 2938 731 2954 758; x_wconf 95' lang='lat'><strong>,</strong></span> <span class='ocrx_word' id='word_1_145' title='bbox 3004 692 3057 746; x_wconf 89' lang='lat' dir='ltr'><strong>in</strong></span> <span class='ocrx_word' id='word_1_146' title='bbox 3100 693 3275 748; x_wconf 86' lang='lat' dir='ltr'><strong>aniles</strong></span> <span class='ocrx_word' id='word_1_147' title='bbox 3303 709 3431 751; x_wconf 83' lang='lat' dir='ltr'><strong>vero</strong></span> <span class='ocrx_word' id='word_1_148' title='bbox 3477 694 3634 751; x_wconf 80' lang='lat' dir='ltr'><strong>fabu-</strong></span> 
     </span>
    </p>
   </div>
   <div class='ocr_carea' id='block_1_22' title="bbox 2051 779 3632 858">
    <p class='ocr_par' dir='ltr' id='par_1_22' title="bbox 2051 779 3632 858">
     <span class='ocr_line' id='line_1_22' title="bbox 2051 779 3632 858; baseline 0.008 -28"><span class='ocrx_word' id='word_1_149' title='bbox 2051 779 2131 834; x_wconf 87' lang='lat' dir='ltr'><strong>las</strong></span> <span class='ocrx_word' id='word_1_150' title='bbox 2159 789 2216 835; x_wconf 89' lang='lat' dir='ltr'><strong>et</strong></span> <span class='ocrx_word' id='word_1_151' title='bbox 2245 780 2299 835; x_wconf 91' lang='lat' dir='ltr'><strong>in</strong></span> <span class='ocrx_word' id='word_1_152' title='bbox 2335 782 2651 835; x_wconf 79' lang='lat' dir='ltr'><strong>traditiones</strong></span> <span class='ocrx_word' id='word_1_153' title='bbox 2686 783 2968 837; x_wconf 75' lang='lat' dir='ltr'><strong>hominum</strong></span> <span class='ocrx_word' id='word_1_154' title='bbox 3018 784 3366 851; x_wconf 88' lang='lat' dir='ltr'><strong>delabuntur,</strong></span> <span class='ocrx_word' id='word_1_155' title='bbox 3397 803 3517 858; x_wconf 74' lang='lat' dir='ltr'><strong>qua:</strong></span> <span class='ocrx_word' id='word_1_156' title='bbox 3548 789 3632 844; x_wconf 82' lang='lat' dir='ltr'><strong>ui-</strong></span> 
     </span>
    </p>
   </div>
   <div class='ocr_carea' id='block_1_23' title="bbox 2050 872 3633 947">
    <p class='ocr_par' dir='ltr' id='par_1_23' title="bbox 2050 872 3633 947">
     <span class='ocr_line' id='line_1_23' title="bbox 2050 872 3633 947; baseline 0.007 -22"><span class='ocrx_word' id='word_1_157' title='bbox 2050 872 2124 926; x_wconf 90' lang='lat' dir='ltr'><strong>hil</strong></span> <span class='ocrx_word' id='word_1_158' title='bbox 2164 887 2391 938; x_wconf 90' lang='lat' dir='ltr'><strong>sanum,</strong></span> <span class='ocrx_word' id='word_1_159' title='bbox 2423 874 2554 928; x_wconf 88' lang='lat' dir='ltr'><strong>utile</strong></span> <span class='ocrx_word' id='word_1_160' title='bbox 2586 874 2722 928; x_wconf 87' lang='lat' dir='ltr'><strong>nihil</strong></span> <span class='ocrx_word' id='word_1_161' title='bbox 2776 874 3016 942; x_wconf 82' lang='lat' dir='ltr'><strong>habent;</strong></span> <span class='ocrx_word' id='word_1_162' title='bbox 3050 879 3244 933; x_wconf 89' lang='lat' dir='ltr'><strong>merito</strong></span> <span class='ocrx_word' id='word_1_163' title='bbox 3273 879 3476 947; x_wconf 80' lang='lat' dir='ltr'><strong>infert,</strong></span> <span class='ocrx_word' id='word_1_164' title='bbox 3512 900 3531 933; x_wconf 80' lang='grc' dir='ltr'><strong>ι</strong></span> <span class='ocrx_word' id='word_1_165' title='bbox 3564 879 3633 936; x_wconf 92' lang='lat' dir='ltr'><strong>Et</strong></span> 
     </span>
    </p>
   </div>
   <div class='ocr_carea' id='block_1_24' title="bbox 2053 962 3630 1037">
    <p class='ocr_par' dir='ltr' id='par_1_24' title="bbox 2053 962 3630 1037">
     <span class='ocr_line' id='line_1_24' title="bbox 2053 962 3630 1037; baseline 0.01 -23"><span class='ocrx_word' id='word_1_166' title='bbox 2053 962 2213 1017; x_wconf 82' lang='lat' dir='ltr'><strong>telam</strong></span> <span class='ocrx_word' id='word_1_167' title='bbox 2244 980 2462 1019; x_wconf 79' lang='lat' dir='ltr'><strong>araneae</strong></span> <span class='ocrx_word' id='word_1_168' title='bbox 2510 976 2716 1033; x_wconf 80' lang='lat' dir='ltr'><strong>texunt,</strong></span> <span class='ocrx_word' id='word_1_169' title='bbox 2762 986 2781 1018; x_wconf 70' lang='grc' dir='ltr'><strong>ι</strong></span> <span class='ocrx_word' id='word_1_170' title='bbox 2816 968 3065 1037; x_wconf 91' lang='lat' dir='ltr'><strong>putidum</strong></span> <span class='ocrx_word' id='word_1_171' title='bbox 3100 969 3230 1024; x_wconf 92' lang='lat' dir='ltr'><strong>illud</strong></span> <span class='ocrx_word' id='word_1_172' title='bbox 3256 986 3444 1034; x_wconf 90' lang='lat' dir='ltr'><strong>eorum</strong></span> <span class='ocrx_word' id='word_1_173' title='bbox 3479 974 3630 1029; x_wconf 79' lang='lat' dir='ltr'><strong>inde~</strong></span> 
     </span>
    </p>
   </div>
   <div class='ocr_carea' id='block_1_25' title="bbox 2048 1056 3631 1130">
    <p class='ocr_par' dir='ltr' id='par_1_25' title="bbox 2048 1056 3631 1130">
     <span class='ocr_line' id='line_1_25' title="bbox 2048 1056 3631 1130; baseline 0.007 -24"><span class='ocrx_word' id='word_1_174' title='bbox 2048 1068 2346 1125; x_wconf 85' lang='lat' dir='ltr'><strong>eorumque</strong></span> <span class='ocrx_word' id='word_1_175' title='bbox 2405 1058 2640 1111; x_wconf 81' lang='lat' dir='ltr'><strong>Studium</strong></span> <span class='ocrx_word' id='word_1_176' title='bbox 2677 1056 2797 1111; x_wconf 60' lang='lat' dir='ltr'><strong>telae</strong></span> <span class='ocrx_word' id='word_1_177' title='bbox 2826 1072 3041 1113; x_wconf 74' lang='lat' dir='ltr'><strong>araneae</strong></span> <span class='ocrx_word' id='word_1_178' title='bbox 3067 1075 3415 1130; x_wconf 81' lang='lat' dir='ltr'><strong>comparans.</strong></span> <span class='ocrx_word' id='word_1_179' title='bbox 3439 1063 3631 1129; x_wconf 78' lang='lat' dir='ltr'><strong>Qualia</strong></span> 
     </span>
    </p>
   </div>
   <div class='ocr_carea' id='block_1_26' title="bbox 2051 1147 3631 1220">
    <p class='ocr_par' dir='ltr' id='par_1_26' title="bbox 2051 1147 3631 1220">
     <span class='ocr_line' id='line_1_26' title="bbox 2051 1147 3631 1220; baseline 0.008 -22"><span class='ocrx_word' id='word_1_180' title='bbox 2051 1161 2211 1214; x_wconf 89' lang='lat' dir='ltr'><strong>porro</strong></span> <span class='ocrx_word' id='word_1_181' title='bbox 2232 1162 2331 1200; x_wconf 85' lang='lat' dir='ltr'><strong>ova</strong></span> <span class='ocrx_word' id='word_1_182' title='bbox 2358 1157 2640 1212; x_wconf 85' lang='lat' dir='ltr'><strong>memorat,</strong></span> <span class='ocrx_word' id='word_1_183' title='bbox 2677 1147 2781 1203; x_wconf 90' lang='lat' dir='ltr'><strong>nisi</strong></span> <span class='ocrx_word' id='word_1_184' title='bbox 2812 1166 2875 1205; x_wconf 88' lang='lat' dir='ltr'><strong>ea</strong></span> <span class='ocrx_word' id='word_1_185' title='bbox 2901 1150 2967 1203; x_wconf 90' lang='lat' dir='ltr'><strong>de</strong></span> <span class='ocrx_word' id='word_1_186' title='bbox 2999 1152 3193 1220; x_wconf 80' lang='lat' dir='ltr'><strong>quibus</strong></span> <span class='ocrx_word' id='word_1_187' title='bbox 3224 1155 3454 1210; x_wconf 89' lang='lat' dir='ltr'><strong>dicitur:</strong></span> <span class='ocrx_word' id='word_1_188' title='bbox 3480 1157 3631 1212; x_wconf 74' lang='lat' dir='ltr'><strong>«Ova</strong></span> 
     </span>
    </p>
   </div>
   <div class='ocr_carea' id='block_1_27' title="bbox 2051 1238 3630 1312">
    <p class='ocr_par' dir='ltr' id='par_1_27' title="bbox 2051 1238 3630 1312">
     <span class='ocr_line' id='line_1_27' title="bbox 2051 1238 3630 1312; baseline 0.006 -21"><span class='ocrx_word' id='word_1_189' title='bbox 2051 1238 2297 1306; x_wconf 90' lang='lat' dir='ltr'><strong>aspidum</strong></span> <span class='ocrx_word' id='word_1_190' title='bbox 2329 1241 2677 1307; x_wconf 83' lang='lat' dir='ltr'><strong>eruperunt?</strong></span> <span class='ocrx_word' id='word_1_191' title='bbox 2725 1260 2743 1293; x_wconf 70' lang='grc' dir='ltr'><strong>ι</strong></span> <span class='ocrx_word' id='word_1_192' title='bbox 2787 1241 2885 1308; x_wconf 89' lang='lat' dir='ltr'><strong>Qui</strong></span> <span class='ocrx_word' id='word_1_193' title='bbox 2920 1242 3082 1312; x_wconf 82' lang='lat' dir='ltr'><strong>igitur</strong></span> <span class='ocrx_word' id='word_1_194' title='bbox 3106 1245 3157 1298; x_wconf 94' lang='lat' dir='ltr'><strong>in</strong></span> <span class='ocrx_word' id='word_1_195' title='bbox 3188 1245 3409 1301; x_wconf 70' lang='lat' dir='ltr'><strong>malitiae</strong></span> <span class='ocrx_word' id='word_1_196' title='bbox 3440 1264 3630 1301; x_wconf 84' lang='lat' dir='ltr'><strong>cunm-</strong></span> 
     </span>
    </p>
   </div>
   <div class='ocr_carea' id='block_1_28' title="bbox 2050 1328 3629 1401">
    <p class='ocr_par' dir='ltr' id='par_1_28' title="bbox 2050 1328 3629 1401">
     <span class='ocr_line' id='line_1_28' title="bbox 2050 1328 3629 1401; baseline 0.005 -20"><span class='ocrx_word' id='word_1_197' title='bbox 2050 1328 2158 1382; x_wconf 91' lang='lat' dir='ltr'><strong>lum</strong></span> <span class='ocrx_word' id='word_1_198' title='bbox 2193 1330 2543 1392; x_wconf 86' lang='lat' dir='ltr'><strong>devenerunt,</strong></span> <span class='ocrx_word' id='word_1_199' title='bbox 2580 1332 2662 1385; x_wconf 90' lang='lat' dir='ltr'><strong>his</strong></span> <span class='ocrx_word' id='word_1_200' title='bbox 2694 1332 2923 1401; x_wconf 86' lang='lat' dir='ltr'><strong>diruptis</strong></span> <span class='ocrx_word' id='word_1_201' title='bbox 2961 1335 3099 1397; x_wconf 88' lang='lat' dir='ltr'><strong>ovis,</strong></span> <span class='ocrx_word' id='word_1_202' title='bbox 3138 1335 3303 1389; x_wconf 83' lang='lat' dir='ltr'><strong>fetum</strong></span> <span class='ocrx_word' id='word_1_203' title='bbox 3333 1338 3384 1390; x_wconf 91' lang='lat' dir='ltr'><strong>in</strong></span> <span class='ocrx_word' id='word_1_204' title='bbox 3421 1354 3479 1393; x_wconf 90' lang='lat' dir='ltr'><strong>se</strong></span> <span class='ocrx_word' id='word_1_205' title='bbox 3508 1355 3629 1391; x_wconf 81' lang='lat' dir='ltr'><strong>sus-</strong></span> 
     </span>
    </p>
   </div>
   <div class='ocr_carea' id='block_1_29' title="bbox 2049 1422 3631 1497">
    <p class='ocr_par' dir='ltr' id='par_1_29' title="bbox 2049 1422 3631 1497">
     <span class='ocr_line' id='line_1_29' title="bbox 2049 1422 3631 1497; baseline 0.008 -26"><span class='ocrx_word' id='word_1_206' title='bbox 2049 1430 2349 1487; x_wconf 84' lang='lat' dir='ltr'><strong>ceperunt:</strong></span> <span class='ocrx_word' id='word_1_207' title='bbox 2386 1422 2746 1489; x_wconf 79' lang='lat' dir='ltr'><strong>simpliciores</strong></span> <span class='ocrx_word' id='word_1_208' title='bbox 2789 1439 2915 1479; x_wconf 87' lang='lat' dir='ltr'><strong>vero</strong></span> <span class='ocrx_word' id='word_1_209' title='bbox 2962 1434 3254 1494; x_wconf 84' lang='lat' dir='ltr'><strong>antequam</strong></span> <span class='ocrx_word' id='word_1_210' title='bbox 3319 1430 3631 1497; x_wconf 82' lang='lat' dir='ltr'><strong>dirumpun-</strong></span> 
     </span>
    </p>
   </div>
   <div class='ocr_carea' id='block_1_30' title="bbox 2052 1508 3632 1586">
    <p class='ocr_par' dir='ltr' id='par_1_30' title="bbox 2052 1508 3632 1586">
     <span class='ocr_line' id='line_1_30' title="bbox 2052 1508 3632 1586; baseline 0.007 -25"><span class='ocrx_word' id='word_1_211' title='bbox 2052 1520 2139 1562; x_wconf 88' lang='lat' dir='ltr'><strong>tur</strong></span> <span class='ocrx_word' id='word_1_212' title='bbox 2168 1518 2223 1563; x_wconf 88' lang='lat' dir='ltr'><strong>et</strong></span> <span class='ocrx_word' id='word_1_213' title='bbox 2254 1508 2421 1563; x_wconf 84' lang='lat' dir='ltr'><strong>fetum</strong></span> <span class='ocrx_word' id='word_1_214' title='bbox 2449 1512 2634 1576; x_wconf 84' lang='lat' dir='ltr'><strong>edant,</strong></span> <span class='ocrx_word' id='word_1_215' title='bbox 2670 1512 2786 1581; x_wconf 88' lang='lat' dir='ltr'><strong>ipsa</strong></span> <span class='ocrx_word' id='word_1_216' title='bbox 2818 1517 3188 1581; x_wconf 89' lang='lat' dir='ltr'><strong>comedentes,</strong></span> <span class='ocrx_word' id='word_1_217' title='bbox 3221 1518 3632 1586; x_wconf 82' lang='lat' dir='ltr'><strong>pereunt.Qua-</strong></span> 
     </span>
    </p>
   </div>
   <div class='ocr_carea' id='block_1_31' title="bbox 2049 1604 3619 1675">
    <p class='ocr_par' dir='ltr' id='par_1_31' title="bbox 2049 1604 3619 1675">
     <span class='ocr_line' id='line_1_31' title="bbox 2049 1604 3619 1675; baseline 0.01 -22"><span class='ocrx_word' id='word_1_218' title='bbox 2049 1610 2271 1671; x_wconf 87' lang='lat' dir='ltr'><strong>propter</strong></span> <span class='ocrx_word' id='word_1_219' title='bbox 2299 1604 2594 1655; x_wconf 87' lang='lat' dir='ltr'><strong>secundum</strong></span> <span class='ocrx_word' id='word_1_220' title='bbox 2628 1605 2869 1672; x_wconf 88' lang='lat' dir='ltr'><strong>reliquos</strong></span> <span class='ocrx_word' id='word_1_221' title='bbox 2900 1606 3229 1675; x_wconf 85' lang='lat' dir='ltr'><strong>interpretes</strong></span> <span class='ocrx_word' id='word_1_222' title='bbox 3261 1608 3465 1664; x_wconf 90' lang='lat' dir='ltr'><strong>dictum</strong></span> <span class='ocrx_word' id='word_1_223' title='bbox 3497 1624 3578 1667; x_wconf 88' lang='lat' dir='ltr'><strong>est</strong></span> <span class='ocrx_word' id='word_1_224' title='bbox 3606 1632 3619 1667; x_wconf 88' lang='lat'><strong>:</strong></span> 
     </span>
    </p>
   </div>
   <div class='ocr_carea' id='block_1_32' title="bbox 2054 1692 3630 1773">
    <p class='ocr_par' dir='ltr' id='par_1_32' title="bbox 2054 1692 3630 1773">
     <span class='ocr_line' id='line_1_32' title="bbox 2054 1692 3630 1773; baseline 0.008 -29"><span class='ocrx_word' id='word_1_225' title='bbox 2054 1712 2071 1744; x_wconf 78' lang='grc' dir='ltr'><strong>ί</strong></span> <span class='ocrx_word' id='word_1_226' title='bbox 2108 1692 2207 1760; x_wconf 87' lang='lat' dir='ltr'><strong>Qui</strong></span> <span class='ocrx_word' id='word_1_227' title='bbox 2240 1695 2536 1749; x_wconf 89' lang='lat' dir='ltr'><strong>comederit</strong></span> <span class='ocrx_word' id='word_1_228' title='bbox 2564 1711 2634 1751; x_wconf 79' lang='lat' dir='ltr'><strong>ex</strong></span> <span class='ocrx_word' id='word_1_229' title='bbox 2666 1696 2786 1751; x_wconf 91' lang='lat' dir='ltr'><strong>ovis</strong></span> <span class='ocrx_word' id='word_1_230' title='bbox 2817 1712 3005 1752; x_wconf 91' lang='lat' dir='ltr'><strong>eorum</strong></span> <span class='ocrx_word' id='word_1_231' title='bbox 3032 1738 3047 1762; x_wconf 91' lang='lat'><strong>,</strong></span> <span class='ocrx_word' id='word_1_232' title='bbox 3088 1701 3374 1755; x_wconf 89' lang='lat' dir='ltr'><strong>morietur.</strong></span> <span class='ocrx_word' id='word_1_233' title='bbox 3414 1721 3432 1754; x_wconf 75' lang='grc' dir='ltr'><strong>ι</strong></span> <span class='ocrx_word' id='word_1_234' title='bbox 3474 1703 3630 1773; x_wconf 83' lang='lat' dir='ltr'><strong>Quod</strong></span> 
     </span>
    </p>
   </div>
   <div class='ocr_carea' id='block_1_33' title="bbox 2050 1786 3634 1860">
    <p class='ocr_par' dir='ltr' id='par_1_33' title="bbox 2050 1786 3634 1860">
     <span class='ocr_line' id='line_1_33' title="bbox 2050 1786 3634 1860; baseline 0.007 -20"><span class='ocrx_word' id='word_1_235' title='bbox 2050 1786 2092 1840; x_wconf 89' lang='lat' dir='ltr'><strong>si</strong></span> <span class='ocrx_word' id='word_1_236' title='bbox 2127 1788 2248 1857; x_wconf 88' lang='lat' dir='ltr'><strong>quis</strong></span> <span class='ocrx_word' id='word_1_237' title='bbox 2285 1788 2591 1857; x_wconf 88' lang='lat' dir='ltr'><strong>reperiatur</strong></span> <span class='ocrx_word' id='word_1_238' title='bbox 2628 1788 2713 1842; x_wconf 87' lang='lat' dir='ltr'><strong>vir</strong></span> <span class='ocrx_word' id='word_1_239' title='bbox 2750 1790 2986 1858; x_wconf 87' lang='lat' dir='ltr'><strong>prudens</strong></span> <span class='ocrx_word' id='word_1_240' title='bbox 3012 1829 3027 1853; x_wconf 90' lang='lat'><strong>,</strong></span> <span class='ocrx_word' id='word_1_241' title='bbox 3065 1792 3154 1860; x_wconf 92' lang='lat' dir='ltr'><strong>qui</strong></span> <span class='ocrx_word' id='word_1_242' title='bbox 3186 1793 3359 1860; x_wconf 88' lang='lat' dir='ltr'><strong>possit</strong></span> <span class='ocrx_word' id='word_1_243' title='bbox 3387 1794 3477 1848; x_wconf 93' lang='lat' dir='ltr'><strong>illa</strong></span> <span class='ocrx_word' id='word_1_244' title='bbox 3503 1805 3634 1850; x_wconf 86' lang='lat' dir='ltr'><strong>hor-</strong></span> 
     </span>
    </p>
   </div>
   <div class='ocr_carea' id='block_1_34' title="bbox 355 1856 1939 1952">
    <p class='ocr_par' dir='ltr' id='par_1_34' title="bbox 355 1872 1939 1947">
     <span class='ocr_line' id='line_1_34' title="bbox 355 1872 1939 1947; baseline 0.001 -20"><span class='ocrx_word' id='word_1_245' title='bbox 355 1874 538 1943; x_wconf 80' lang='grc' dir='ltr'>πτικῷ</span> <span class='ocrx_word' id='word_1_246' title='bbox 600 1876 694 1927; x_wconf 79' lang='grc' dir='ltr'>καὶ</span> <span class='ocrx_word' id='word_1_247' title='bbox 744 1874 1044 1944; x_wconf 75' lang='grc' dir='ltr'>ἐλεγκτικῷ</span> <span class='ocrx_word' id='word_1_248' title='bbox 1098 1876 1262 1946; x_wconf 86' lang='grc' dir='ltr'>λόγῳ,</span> <span class='ocrx_word' id='word_1_249' title='bbox 1308 1872 1461 1938; x_wconf 74' lang='grc' dir='ltr'>οὗτος</span> <span class='ocrx_word' id='word_1_250' title='bbox 1502 1876 1650 1947; x_wconf 86' lang='grc' dir='ltr'>εῦροι</span> <span class='ocrx_word' id='word_1_251' title='bbox 1685 1874 1750 1928; x_wconf 88' lang='grc' dir='ltr'><strong>ἂν</strong></span> <span class='ocrx_word' id='word_1_252' title='bbox 1789 1876 1848 1928; x_wconf 86' lang='grc' dir='ltr'><strong>τὸ</strong></span> <span class='ocrx_word' id='word_1_253' title='bbox 1888 1878 1939 1928; x_wconf 80' lang='grc' dir='ltr'>ὲν</span> 
     </span>
    </p>
   </div>
   <div class='ocr_carea' id='block_1_35' title="bbox 2045 1856 3632 1952">
    <p class='ocr_par' dir='ltr' id='par_1_35' title="bbox 2054 1879 3632 1952">
     <span class='ocr_line' id='line_1_35' title="bbox 2054 1879 3632 1952; baseline 0.005 -21"><span class='ocrx_word' id='word_1_254' title='bbox 2054 1879 2217 1933; x_wconf 90' lang='lat' dir='ltr'><strong>tando</strong></span> <span class='ocrx_word' id='word_1_255' title='bbox 2248 1888 2302 1933; x_wconf 91' lang='lat' dir='ltr'><strong>et</strong></span> <span class='ocrx_word' id='word_1_256' title='bbox 2338 1879 2616 1948; x_wconf 81' lang='lat' dir='ltr'><strong>arguendo</strong></span> <span class='ocrx_word' id='word_1_257' title='bbox 2662 1888 2950 1934; x_wconf 86' lang='lat' dir='ltr'><strong>conterere</strong></span> <span class='ocrx_word' id='word_1_258' title='bbox 2975 1921 2988 1945; x_wconf 91' lang='lat'><strong>,</strong></span> <span class='ocrx_word' id='word_1_259' title='bbox 3030 1881 3074 1934; x_wconf 91' lang='lat' dir='ltr'><strong>is</strong></span> <span class='ocrx_word' id='word_1_260' title='bbox 3127 1882 3366 1939; x_wconf 87' lang='lat' dir='ltr'><strong>inveniet</strong></span> <span class='ocrx_word' id='word_1_261' title='bbox 3400 1886 3450 1937; x_wconf 92' lang='lat' dir='ltr'><strong>in</strong></span> <span class='ocrx_word' id='word_1_262' title='bbox 3490 1886 3592 1939; x_wconf 88' lang='lat' dir='ltr'><strong>illis</strong></span> <span class='ocrx_word' id='word_1_263' title='bbox 3617 1928 3632 1952; x_wconf 88' lang='lat'><strong>,</strong></span> 
     </span>
    </p>
   </div>
   <div class='ocr_carea' id='block_1_36' title="bbox 353 1966 1943 2039">
    <p class='ocr_par' dir='ltr' id='par_1_36' title="bbox 353 1966 1943 2039">
     <span class='ocr_line' id='line_1_36' title="bbox 353 1966 1943 2039; baseline -0.001 -18"><span class='ocrx_word' id='word_1_264' title='bbox 353 1966 541 2029; x_wconf 82' lang='grc' dir='ltr'>αὑτοῖς</span> <span class='ocrx_word' id='word_1_265' title='bbox 598 1967 882 2037; x_wconf 88' lang='grc' dir='ltr'>ἀνεμιαίον</span> <span class='ocrx_word' id='word_1_266' title='bbox 935 1968 1027 2020; x_wconf 74' lang='grc' dir='ltr'><strong>καὶ</strong></span> <span class='ocrx_word' id='word_1_267' title='bbox 1060 1967 1262 2039; x_wconf 76' lang='grc' dir='ltr'>οὔριον,</span> <span class='ocrx_word' id='word_1_268' title='bbox 1298 1970 1393 2021; x_wconf 73' lang='grc' dir='ltr'><strong>καὶ</strong></span> <span class='ocrx_word' id='word_1_269' title='bbox 1430 1969 1662 2030; x_wconf 84' lang='grc' dir='ltr'>δυσῶδες</span> <span class='ocrx_word' id='word_1_270' title='bbox 1694 1967 1786 2019; x_wconf 67' lang='grc' dir='ltr'><strong>καλ¹</strong></span> <span class='ocrx_word' id='word_1_271' title='bbox 1813 1967 1943 2035; x_wconf 81' lang='grc' dir='ltr'>φθο-</span> 
     </span>
    </p>
   </div>
   <div class='ocr_carea' id='block_1_37' title="bbox 356 2060 1944 2131">
    <p class='ocr_par' dir='ltr' id='par_1_37' title="bbox 356 2060 1944 2131">
     <span class='ocr_line' id='line_1_37' title="bbox 356 2060 1944 2131; baseline -0.001 -18"><span class='ocrx_word' id='word_1_272' title='bbox 356 2062 599 2131; x_wconf 84' lang='grc' dir='ltr'>ριμαῖον,</span> <span class='ocrx_word' id='word_1_273' title='bbox 664 2060 757 2114; x_wconf 72' lang='grc' dir='ltr'><strong>καὶ</strong></span> <span class='ocrx_word' id='word_1_274' title='bbox 811 2061 869 2113; x_wconf 82' lang='grc' dir='ltr'>ὲν</span> <span class='ocrx_word' id='word_1_275' title='bbox 922 2060 1134 2125; x_wconf 84' lang='grc' dir='ltr'>τούτοις</span> <span class='ocrx_word' id='word_1_276' title='bbox 1188 2062 1354 2115; x_wconf 79' lang='grc' dir='ltr'>πᾶσιν</span> <span class='ocrx_word' id='word_1_277' title='bbox 1427 2060 1798 2130; x_wconf 83' lang='grc' dir='ltr'>ἰλυσπώμενον</span> <span class='ocrx_word' id='word_1_278' title='bbox 1851 2060 1944 2113; x_wconf 81' lang='grc' dir='ltr'>καὶ</span> 
     </span>
    </p>
   </div>
   <div class='ocr_carea' id='block_1_38' title="bbox 353 2148 1941 2221">
    <p class='ocr_par' dir='ltr' id='par_1_38' title="bbox 353 2148 1941 2221">
     <span class='ocr_line' id='line_1_38' title="bbox 353 2148 1941 2221; baseline -0.001 -19"><span class='ocrx_word' id='word_1_279' title='bbox 353 2149 822 2221; x_wconf 69' lang='grc' dir='ltr'>ὶγκρυπτόμενον,</span> <span class='ocrx_word' id='word_1_280' title='bbox 850 2149 940 2202; x_wconf 86' lang='grc' dir='ltr'><strong>τὸν</strong></span> <span class='ocrx_word' id='word_1_281' title='bbox 981 2150 1197 2205; x_wconf 84' lang='grc' dir='ltr'>πάντων</span> <span class='ocrx_word' id='word_1_282' title='bbox 1245 2150 1491 2221; x_wconf 79' lang='grc' dir='ltr'>ἑρπετῶν</span> <span class='ocrx_word' id='word_1_283' title='bbox 1533 2152 1627 2203; x_wconf 76' lang='grc' dir='ltr'><strong>καὶ</strong></span> <span class='ocrx_word' id='word_1_284' title='bbox 1675 2148 1735 2213; x_wconf 77' lang='grc' dir='ltr'>ἐξ</span> <span class='ocrx_word' id='word_1_285' title='bbox 1779 2148 1941 2203; x_wconf 88' lang='grc' dir='ltr'>αὑτοῦ</span> 
     </span>
    </p>
   </div>
   <div class='ocr_carea' id='block_1_39' title="bbox 353 2240 1871 2311">
    <p class='ocr_par' dir='ltr' id='par_1_39' title="bbox 353 2240 1871 2311">
     <span class='ocr_line' id='line_1_39' title="bbox 353 2240 1871 2311; baseline 0.001 -18"><span class='ocrx_word' id='word_1_286' title='bbox 353 2241 448 2293; x_wconf 76' lang='grc' dir='ltr'><strong>τοῦ</strong></span> <span class='ocrx_word' id='word_1_287' title='bbox 481 2240 792 2311; x_wconf 81' lang='grc' dir='ltr'>βλέμματος</span> <span class='ocrx_word' id='word_1_288' title='bbox 826 2240 1205 2305; x_wconf 85' lang='grc' dir='ltr'>θανατοποιὸν,</span> <span class='ocrx_word' id='word_1_289' title='bbox 1251 2242 1342 2295; x_wconf 82' lang='grc' dir='ltr'>τὸν</span> <span class='ocrx_word' id='word_1_290' title='bbox 1376 2242 1686 2311; x_wconf 87' lang='grc' dir='ltr'>βασιλίσκον</span> <span class='ocrx_word' id='word_1_291' title='bbox 1708 2241 1871 2310; x_wconf 84' lang='grc' dir='ltr'>λέγω.</span> 
     </span>
    </p>
   </div>
   <div class='ocr_carea' id='block_1_40' title="bbox 428 2331 1941 2401">
    <p class='ocr_par' dir='ltr' id='par_1_40' title="bbox 428 2331 1941 2401">
     <span class='ocr_line' id='line_1_40' title="bbox 428 2331 1941 2401; baseline 0.001 -20"><span class='ocrx_word' id='word_1_292' title='bbox 428 2348 447 2381; x_wconf 76' lang='grc' dir='ltr'><strong>ι</strong></span> <span class='ocrx_word' id='word_1_293' title='bbox 487 2332 545 2384; x_wconf 85' lang='grc'><strong>’0</strong></span> <span class='ocrx_word' id='word_1_294' title='bbox 586 2331 729 2395; x_wconf 86' lang='grc' dir='ltr'>ἰστὸς</span> <span class='ocrx_word' id='word_1_295' title='bbox 760 2331 940 2385; x_wconf 84' lang='grc' dir='ltr'>αὑτῶν</span> <span class='ocrx_word' id='word_1_296' title='bbox 986 2333 1083 2385; x_wconf 86' lang='grc' dir='ltr'><strong>οὑκ</strong></span> <span class='ocrx_word' id='word_1_297' title='bbox 1113 2332 1268 2386; x_wconf 80' lang='grc' dir='ltr'>ἕσται</span> <span class='ocrx_word' id='word_1_298' title='bbox 1312 2334 1391 2395; x_wconf 87' lang='grc' dir='ltr'><strong>είς</strong></span> <span class='ocrx_word' id='word_1_299' title='bbox 1433 2333 1667 2401; x_wconf 80' lang='grc' dir='ltr'>ἱμάτιον,</span> <span class='ocrx_word' id='word_1_300' title='bbox 1701 2332 1820 2384; x_wconf 84' lang='grc' dir='ltr'>οὐδὲ</span> <span class='ocrx_word' id='word_1_301' title='bbox 1868 2332 1941 2401; x_wconf 84' lang='grc' dir='ltr'>μὴ</span> 
     </span>
    </p>
   </div>
   <div class='ocr_carea' id='block_1_41' title="bbox 353 2422 1944 2496">
    <p class='ocr_par' dir='ltr' id='par_1_41' title="bbox 353 2422 1944 2496">
     <span class='ocr_line' id='line_1_41' title="bbox 353 2422 1944 2496; baseline -0.003 -17"><span class='ocrx_word' id='word_1_302' title='bbox 353 2422 756 2493; x_wconf 73' lang='grc' dir='ltr'>περιϐάλωνται</span> <span class='ocrx_word' id='word_1_303' title='bbox 814 2424 922 2477; x_wconf 83' lang='grc' dir='ltr'><strong>ἀπὸ</strong></span> <span class='ocrx_word' id='word_1_304' title='bbox 962 2425 1068 2477; x_wconf 88' lang='grc' dir='ltr'><strong>τῶν</strong></span> <span class='ocrx_word' id='word_1_305' title='bbox 1097 2425 1271 2496; x_wconf 75' lang='grc' dir='ltr'>ἔργων</span> <span class='ocrx_word' id='word_1_306' title='bbox 1307 2424 1484 2477; x_wconf 89' lang='grc' dir='ltr'>αὑτῶν</span> <span class='ocrx_word' id='word_1_307' title='bbox 1507 2442 1518 2453; x_wconf 91' lang='grc'><strong>·</strong></span> <span class='ocrx_word' id='word_1_308' title='bbox 1565 2424 1631 2477; x_wconf 84' lang='grc' dir='ltr'>τὰ</span> <span class='ocrx_word' id='word_1_309' title='bbox 1665 2424 1800 2496; x_wconf 78' lang='grc' dir='ltr'>ἔργα</span> <span class='ocrx_word' id='word_1_310' title='bbox 1848 2422 1944 2476; x_wconf 88' lang='grc' dir='ltr'>αύ-</span> 
     </span>
    </p>
   </div>
   <div class='ocr_carea' id='block_1_42' title="bbox 354 2511 1942 2585">
    <p class='ocr_par' dir='ltr' id='par_1_42' title="bbox 354 2511 1942 2585">
     <span class='ocr_line' id='line_1_42' title="bbox 354 2511 1942 2585; baseline -0.003 -19"><span class='ocrx_word' id='word_1_311' title='bbox 354 2515 462 2567; x_wconf 86' lang='grc' dir='ltr'><strong>τῶν</strong></span> <span class='ocrx_word' id='word_1_312' title='bbox 488 2512 625 2585; x_wconf 71' lang='grc' dir='ltr'>ἔργα</span> <span class='ocrx_word' id='word_1_313' title='bbox 652 2514 883 2584; x_wconf 83' lang='grc' dir='ltr'>ἀνομίας</span> <span class='ocrx_word' id='word_1_314' title='bbox 904 2531 917 2545; x_wconf 74' lang='grc'><strong><em>⁸</em></strong></span> <span class='ocrx_word' id='word_1_315' title='bbox 953 2515 1001 2566; x_wconf 84' lang='grc' dir='ltr'>οἱ</span> <span class='ocrx_word' id='word_1_316' title='bbox 1031 2514 1088 2567; x_wconf 84' lang='grc' dir='ltr'>δὲ</span> <span class='ocrx_word' id='word_1_317' title='bbox 1130 2515 1285 2577; x_wconf 81' lang='grc' dir='ltr'>πόδες</span> <span class='ocrx_word' id='word_1_318' title='bbox 1330 2513 1509 2566; x_wconf 86' lang='grc' dir='ltr'>αὐτῶν</span> <span class='ocrx_word' id='word_1_319' title='bbox 1541 2512 1632 2564; x_wconf 76' lang='grc' dir='ltr'>ἐπὶ</span> <span class='ocrx_word' id='word_1_320' title='bbox 1676 2511 1942 2581; x_wconf 82' lang='grc' dir='ltr'>πονηρίαν</span> 
     </span>
    </p>
   </div>
   <div class='ocr_carea' id='block_1_43' title="bbox 360 2602 1943 2679">
    <p class='ocr_par' dir='ltr' id='par_1_43' title="bbox 360 2602 1943 2679">
     <span class='ocr_line' id='line_1_43' title="bbox 360 2602 1943 2679; baseline -0.004 -18"><span class='ocrx_word' id='word_1_321' title='bbox 360 2608 632 2679; x_wconf 80' lang='grc' dir='ltr'>τρέχουσι,</span> <span class='ocrx_word' id='word_1_322' title='bbox 692 2607 899 2679; x_wconf 75' lang='grc' dir='ltr'>ταχινοὶ</span> <span class='ocrx_word' id='word_1_323' title='bbox 943 2608 1128 2677; x_wconf 70' lang='grc' dir='ltr'>ἐκχέαι</span> <span class='ocrx_word' id='word_1_324' title='bbox 1177 2604 1337 2678; x_wconf 75' lang='grc' dir='ltr'>αἷμα,</span> <span class='ocrx_word' id='word_1_325' title='bbox 1382 2607 1474 2659; x_wconf 77' lang='grc' dir='ltr'><strong>καὶ</strong></span> <span class='ocrx_word' id='word_1_326' title='bbox 1502 2607 1551 2658; x_wconf 84' lang='grc' dir='ltr'>οἱ</span> <span class='ocrx_word' id='word_1_327' title='bbox 1603 2602 1943 2672; x_wconf 76' lang='grc' dir='ltr'>διαλογισμοὶ</span> 
     </span>
    </p>
   </div>
   <div class='ocr_carea' id='block_1_44' title="bbox 355 2694 1941 2771">
    <p class='ocr_par' dir='ltr' id='par_1_44' title="bbox 355 2694 1941 2771">
     <span class='ocr_line' id='line_1_44' title="bbox 355 2694 1941 2771; baseline -0.004 -19"><span class='ocrx_word' id='word_1_328' title='bbox 355 2699 555 2763; x_wconf 85' lang='grc' dir='ltr'>αὑτῶν,</span> <span class='ocrx_word' id='word_1_329' title='bbox 588 2699 931 2771; x_wconf 70' lang='grc' dir='ltr'>διαλογισμοὶ</span> <span class='ocrx_word' id='word_1_330' title='bbox 964 2699 1072 2752; x_wconf 83' lang='grc' dir='ltr'>ἀπὸ</span> <span class='ocrx_word' id='word_1_331' title='bbox 1124 2700 1319 2768; x_wconf 86' lang='grc' dir='ltr'>φόνων.</span> <span class='ocrx_word' id='word_1_332' title='bbox 1356 2696 1679 2767; x_wconf 87' lang='grc' dir='ltr'>Σύντριμμα</span> <span class='ocrx_word' id='word_1_333' title='bbox 1716 2694 1811 2747; x_wconf 83' lang='grc' dir='ltr'><strong>καὶ</strong></span> <span class='ocrx_word' id='word_1_334' title='bbox 1844 2711 1941 2745; x_wconf 85' lang='grc' dir='ltr'>τα-</span> 
     </span>
    </p>
   </div>
   <div class='ocr_carea' id='block_1_45' title="bbox 355 2787 1943 2863">
    <p class='ocr_par' dir='ltr' id='par_1_45' title="bbox 355 2787 1943 2863">
     <span class='ocr_line' id='line_1_45' title="bbox 355 2787 1943 2863; baseline -0.005 -17"><span class='ocrx_word' id='word_1_335' title='bbox 355 2791 630 2863; x_wconf 80' lang='grc' dir='ltr'>λαιπωρία</span> <span class='ocrx_word' id='word_1_336' title='bbox 658 2793 715 2845; x_wconf 82' lang='grc' dir='ltr'>ὲν</span> <span class='ocrx_word' id='word_1_337' title='bbox 743 2794 861 2855; x_wconf 88' lang='grc' dir='ltr'>ταῖς</span> <span class='ocrx_word' id='word_1_338' title='bbox 890 2791 1028 2856; x_wconf 84' lang='grc' dir='ltr'>ὁδοῖς</span> <span class='ocrx_word' id='word_1_339' title='bbox 1062 2791 1264 2853; x_wconf 84' lang='grc' dir='ltr'>αὐτῶν,</span> <span class='ocrx_word' id='word_1_340' title='bbox 1298 2790 1393 2843; x_wconf 75' lang='grc' dir='ltr'><strong>καὶ</strong></span> <span class='ocrx_word' id='word_1_341' title='bbox 1438 2789 1555 2860; x_wconf 80' lang='grc' dir='ltr'>ὁδὸν</span> <span class='ocrx_word' id='word_1_342' title='bbox 1594 2789 1813 2858; x_wconf 77' lang='grc' dir='ltr'>εἰρήνης</span> <span class='ocrx_word' id='word_1_343' title='bbox 1843 2787 1943 2839; x_wconf 90' lang='grc' dir='ltr'><strong>οὑκ</strong></span> 
     </span>
    </p>
   </div>
   <div class='ocr_carea' id='block_1_46' title="bbox 352 2878 1943 2954">
    <p class='ocr_par' dir='ltr' id='par_1_46' title="bbox 352 2878 1943 2954">
     <span class='ocr_line' id='line_1_46' title="bbox 352 2878 1943 2954; baseline -0.003 -19"><span class='ocrx_word' id='word_1_344' title='bbox 352 2880 582 2937; x_wconf 73' lang='grc' dir='ltr'>οἴδασιν.</span> <span class='ocrx_word' id='word_1_345' title='bbox 626 2900 645 2933; x_wconf 72' lang='grc' dir='ltr'><strong>ι</strong></span> <span class='ocrx_word' id='word_1_346' title='bbox 684 2882 758 2935; x_wconf 82' lang='grc' dir='ltr'><strong>Οὐ</strong></span> <span class='ocrx_word' id='word_1_347' title='bbox 787 2882 896 2954; x_wconf 82' lang='grc' dir='ltr'>γὰρ</span> <span class='ocrx_word' id='word_1_348' title='bbox 924 2882 1286 2953; x_wconf 80' lang='grc' dir='ltr'>παρεδέξαντο</span> <span class='ocrx_word' id='word_1_349' title='bbox 1308 2881 1398 2933; x_wconf 82' lang='grc' dir='ltr'><strong>τὸν</strong></span> <span class='ocrx_word' id='word_1_350' title='bbox 1433 2882 1530 2951; x_wconf 73' lang='grc' dir='ltr'><strong>τῆς</strong></span> <span class='ocrx_word' id='word_1_351' title='bbox 1556 2881 1774 2950; x_wconf 77' lang='grc' dir='ltr'>εἰρήνης</span> <span class='ocrx_word' id='word_1_352' title='bbox 1806 2878 1943 2949; x_wconf 90' lang='grc' dir='ltr'>πρύ-</span> 
     </span>
    </p>
   </div>
   <div class='ocr_carea' id='block_1_47' title="bbox 352 2968 1939 3044">
    <p class='ocr_par' dir='ltr' id='par_1_47' title="bbox 352 2968 1939 3044">
     <span class='ocr_line' id='line_1_47' title="bbox 352 2968 1939 3044; baseline -0.004 -16"><span class='ocrx_word' id='word_1_353' title='bbox 352 2990 526 3038; x_wconf 70' lang='grc' dir='ltr'><strong>⁴εανιν,</strong></span> <span class='ocrx_word' id='word_1_354' title='bbox 564 2975 692 3044; x_wconf 71' lang='grc' dir='ltr'>περὶ</span> <span class='ocrx_word' id='word_1_355' title='bbox 726 2968 785 3027; x_wconf 76' lang='grc' dir='ltr'>οὗ</span> <span class='ocrx_word' id='word_1_356' title='bbox 823 2975 1037 3044; x_wconf 74' lang='grc' dir='ltr'>εἴρηται</span> <span class='ocrx_word' id='word_1_357' title='bbox 1058 2990 1072 3003; x_wconf 81' lang='grc'><strong><em>⁸</em></strong></span> <span class='ocrx_word' id='word_1_358' title='bbox 1107 2991 1125 3023; x_wconf 79' lang='grc' dir='ltr'><strong>ι</strong></span> <span class='ocrx_word' id='word_1_359' title='bbox 1158 2973 1327 3037; x_wconf 77' lang='grc' dir='ltr'>Αὐτὸς</span> <span class='ocrx_word' id='word_1_360' title='bbox 1353 2972 1461 3043; x_wconf 87' lang='grc' dir='ltr'><strong>γάρ</strong></span> <span class='ocrx_word' id='word_1_361' title='bbox 1510 2973 1655 3023; x_wconf 78' lang='grc' dir='ltr'>ἐστιν</span> <span class='ocrx_word' id='word_1_362' title='bbox 1682 2971 1716 3041; x_wconf 77' lang='grc' dir='ltr'><strong>ἡ</strong></span> <span class='ocrx_word' id='word_1_363' title='bbox 1748 2971 1939 3041; x_wconf 79' lang='grc' dir='ltr'>εἰρήνη</span> 
     </span>
    </p>
   </div>
   <div class='ocr_carea' id='block_1_48' title="bbox 354 3062 1943 3137">
    <p class='ocr_par' dir='ltr' id='par_1_48' title="bbox 354 3062 1943 3137">
     <span class='ocr_line' id='line_1_48' title="bbox 354 3062 1943 3137; baseline -0.003 -18"><span class='ocrx_word' id='word_1_364' title='bbox 354 3066 544 3137; x_wconf 80' lang='grc' dir='ltr'>ήμῶν·</span> <span class='ocrx_word' id='word_1_365' title='bbox 595 3085 613 3117; x_wconf 80' lang='grc' dir='ltr'><strong>ι</strong></span> <span class='ocrx_word' id='word_1_366' title='bbox 649 3065 728 3118; x_wconf 85' lang='grc' dir='ltr'><strong>διὸ</strong></span> <span class='ocrx_word' id='word_1_367' title='bbox 777 3067 890 3131; x_wconf 90' lang='grc' dir='ltr'>τοῖς</span> <span class='ocrx_word' id='word_1_368' title='bbox 935 3065 1100 3119; x_wconf 86' lang='grc' dir='ltr'>αὑτοῦ</span> <span class='ocrx_word' id='word_1_369' title='bbox 1145 3063 1415 3136; x_wconf 85' lang='grc' dir='ltr'>μαθηταῖς</span> <span class='ocrx_word' id='word_1_370' title='bbox 1460 3062 1663 3132; x_wconf 87' lang='grc' dir='ltr'>ταύτην</span> <span class='ocrx_word' id='word_1_371' title='bbox 1690 3062 1943 3133; x_wconf 76' lang='grc' dir='ltr'>προξενεῖ</span> 
     </span>
    </p>
   </div>
   <div class='ocr_carea' id='block_1_49' title="bbox 353 3154 1939 3228">
    <p class='ocr_par' dir='ltr' id='par_1_49' title="bbox 353 3154 1939 3228">
     <span class='ocr_line' id='line_1_49' title="bbox 353 3154 1939 3228; baseline -0.003 -20"><span class='ocrx_word' id='word_1_372' title='bbox 353 3157 556 3225; x_wconf 80' lang='grc' dir='ltr'>λέγων’</span> <span class='ocrx_word' id='word_1_373' title='bbox 581 3174 599 3207; x_wconf 86' lang='grc' dir='ltr'><strong>ι</strong></span> <span class='ocrx_word' id='word_1_374' title='bbox 624 3157 862 3228; x_wconf 85' lang='grc' dir='ltr'>Εἰρήνην</span> <span class='ocrx_word' id='word_1_375' title='bbox 877 3156 977 3227; x_wconf 76' lang='grc' dir='ltr'>τὴν</span> <span class='ocrx_word' id='word_1_376' title='bbox 1004 3156 1143 3227; x_wconf 82' lang='grc' dir='ltr'>ἐμὴν</span> <span class='ocrx_word' id='word_1_377' title='bbox 1174 3154 1365 3227; x_wconf 88' lang='grc' dir='ltr'>δίδωμι</span> <span class='ocrx_word' id='word_1_378' title='bbox 1403 3155 1552 3225; x_wconf 85' lang='grc' dir='ltr'>ὑμῖν,</span> <span class='ocrx_word' id='word_1_379' title='bbox 1578 3155 1802 3224; x_wconf 85' lang='grc' dir='ltr'>εἰρήνην</span> <span class='ocrx_word' id='word_1_380' title='bbox 1840 3154 1939 3225; x_wconf 83' lang='grc' dir='ltr'><strong>τὴν</strong></span> 
     </span>
    </p>
   </div>
   <div class='ocr_carea' id='block_1_50' title="bbox 352 3247 1942 3320">
    <p class='ocr_par' dir='ltr' id='par_1_50' title="bbox 352 3247 1942 3320">
     <span class='ocr_line' id='line_1_50' title="bbox 352 3247 1942 3320; baseline -0.001 -19"><span class='ocrx_word' id='word_1_381' title='bbox 352 3249 490 3320; x_wconf 63' lang='grc' dir='ltr'>ἐμὴν</span> <span class='ocrx_word' id='word_1_382' title='bbox 526 3248 727 3319; x_wconf 82' lang='grc' dir='ltr'>ἀφίημι</span> <span class='ocrx_word' id='word_1_383' title='bbox 755 3250 903 3318; x_wconf 87' lang='grc' dir='ltr'>ὑμῖν.</span> <span class='ocrx_word' id='word_1_384' title='bbox 930 3267 948 3299; x_wconf 74' lang='grc' dir='ltr'><strong>ι</strong></span> <span class='ocrx_word' id='word_1_385' title='bbox 973 3250 1045 3288; x_wconf 88' lang='lat'><strong>&#39;—</strong></span> <span class='ocrx_word' id='word_1_386' title='bbox 1065 3267 1082 3298; x_wconf 78' lang='grc' dir='ltr'><strong>ι</strong></span> <span class='ocrx_word' id='word_1_387' title='bbox 1109 3249 1217 3302; x_wconf 72' lang='grc' dir='ltr'>Καὶ</span> <span class='ocrx_word' id='word_1_388' title='bbox 1242 3249 1343 3300; x_wconf 84' lang='grc' dir='ltr'><strong>οὐκ</strong></span> <span class='ocrx_word' id='word_1_389' title='bbox 1375 3247 1491 3301; x_wconf 80' lang='grc' dir='ltr'>ἔστι</span> <span class='ocrx_word' id='word_1_390' title='bbox 1527 3248 1708 3318; x_wconf 88' lang='grc' dir='ltr'>κρίσις</span> <span class='ocrx_word' id='word_1_391' title='bbox 1735 3248 1794 3301; x_wconf 83' lang='grc' dir='ltr'>ὲν</span> <span class='ocrx_word' id='word_1_392' title='bbox 1824 3250 1942 3311; x_wconf 89' lang='grc' dir='ltr'>ταῖς</span> 
     </span>
    </p>
   </div>
   <div class='ocr_carea' id='block_1_51' title="bbox 351 3338 1940 3411">
    <p class='ocr_par' dir='ltr' id='par_1_51' title="bbox 351 3338 1940 3411">
     <span class='ocr_line' id='line_1_51' title="bbox 351 3338 1940 3411; baseline -0.001 -18"><span class='ocrx_word' id='word_1_393' title='bbox 351 3339 492 3403; x_wconf 81' lang='grc' dir='ltr'>ὁδοῖς</span> <span class='ocrx_word' id='word_1_394' title='bbox 519 3340 716 3393; x_wconf 87' lang='grc' dir='ltr'>αὑτῶν.</span> <span class='ocrx_word' id='word_1_395' title='bbox 742 3340 807 3393; x_wconf 79' lang='grc' dir='ltr'>Αἰ</span> <span class='ocrx_word' id='word_1_396' title='bbox 835 3339 945 3410; x_wconf 88' lang='grc' dir='ltr'>γὰρ</span> <span class='ocrx_word' id='word_1_397' title='bbox 977 3340 1154 3411; x_wconf 81' lang='grc' dir='ltr'>τρίὸοι</span> <span class='ocrx_word' id='word_1_398' title='bbox 1186 3339 1365 3393; x_wconf 82' lang='grc' dir='ltr'>αὑτῶν</span> <span class='ocrx_word' id='word_1_399' title='bbox 1391 3339 1843 3410; x_wconf 83' lang='grc' dir='ltr'>διεστραμμέναι,</span> <span class='ocrx_word' id='word_1_400' title='bbox 1874 3338 1940 3402; x_wconf 80' lang='grc' dir='ltr'><strong>ἀς</strong></span> 
     </span>
    </p>
   </div>
   <div class='ocr_carea' id='block_1_52' title="bbox 352 3428 1943 3502">
    <p class='ocr_par' dir='ltr' id='par_1_52' title="bbox 352 3428 1943 3502">
     <span class='ocr_line' id='line_1_52' title="bbox 352 3428 1943 3502; baseline -0.003 -18"><span class='ocrx_word' id='word_1_401' title='bbox 352 3430 673 3487; x_wconf 83' lang='grc' dir='ltr'>διοδεύουσι·</span> <span class='ocrx_word' id='word_1_402' title='bbox 706 3431 801 3485; x_wconf 86' lang='grc' dir='ltr'><strong>καὶ</strong></span> <span class='ocrx_word' id='word_1_403' title='bbox 838 3431 938 3483; x_wconf 89' lang='grc' dir='ltr'><strong>οὑκ</strong></span> <span class='ocrx_word' id='word_1_404' title='bbox 978 3430 1183 3483; x_wconf 71' lang='grc' dir='ltr'>οἴδασιν</span> <span class='ocrx_word' id='word_1_405' title='bbox 1232 3431 1477 3502; x_wconf 80' lang='grc' dir='ltr'>εἰρήνην.</span> <span class='ocrx_word' id='word_1_406' title='bbox 1513 3448 1531 3480; x_wconf 72' lang='grc' dir='ltr'><strong>ι</strong></span> <span class='ocrx_word' id='word_1_407' title='bbox 1569 3428 1943 3500; x_wconf 80' lang='grc' dir='ltr'>Ψηλαφῶντες</span> 
     </span>
    </p>
   </div>
   <div class='ocr_carea' id='block_1_53' title="bbox 354 3521 1942 3594">
    <p class='ocr_par' dir='ltr' id='par_1_53' title="bbox 354 3521 1942 3594">
     <span class='ocr_line' id='line_1_53' title="bbox 354 3521 1942 3594; baseline 0.001 -21"><span class='ocrx_word' id='word_1_408' title='bbox 354 3521 461 3592; x_wconf 80' lang='grc' dir='ltr'>γὰρ</span> <span class='ocrx_word' id='word_1_409' title='bbox 488 3523 583 3585; x_wconf 85' lang='grc' dir='ltr'>τὰς</span> <span class='ocrx_word' id='word_1_410' title='bbox 612 3522 762 3586; x_wconf 87' lang='grc' dir='ltr'>θείας</span> <span class='ocrx_word' id='word_1_411' title='bbox 791 3521 1037 3594; x_wconf 81' lang='grc' dir='ltr'>Γραφάς,</span> <span class='ocrx_word' id='word_1_412' title='bbox 1088 3524 1150 3576; x_wconf 89' lang='grc' dir='ltr'><strong>οὑ</strong></span> <span class='ocrx_word' id='word_1_413' title='bbox 1198 3523 1410 3576; x_wconf 89' lang='grc' dir='ltr'>συνίασι</span> <span class='ocrx_word' id='word_1_414' title='bbox 1437 3522 1528 3577; x_wconf 80' lang='grc' dir='ltr'>τὸν</span> <span class='ocrx_word' id='word_1_415' title='bbox 1574 3525 1633 3576; x_wconf 82' lang='grc' dir='ltr'>ὲν</span> <span class='ocrx_word' id='word_1_416' title='bbox 1663 3523 1814 3593; x_wconf 84' lang='grc' dir='ltr'>βάθει</span> <span class='ocrx_word' id='word_1_417' title='bbox 1834 3523 1942 3575; x_wconf 87' lang='grc' dir='ltr'><strong>τῶν</strong></span> 
     </span>
    </p>
   </div>
   <div class='ocr_carea' id='block_1_54' title="bbox 354 3610 1942 3684">
    <p class='ocr_par' dir='ltr' id='par_1_54' title="bbox 354 3610 1942 3684">
     <span class='ocr_line' id='line_1_54' title="bbox 354 3610 1942 3684; baseline 0.001 -20"><span class='ocrx_word' id='word_1_418' title='bbox 354 3611 550 3677; x_wconf 69' lang='grc' dir='ltr'>λέξεων</span> <span class='ocrx_word' id='word_1_419' title='bbox 580 3611 1074 3684; x_wconf 82' lang='grc' dir='ltr'>ἀποκεκρυμμένον</span> <span class='ocrx_word' id='word_1_420' title='bbox 1110 3611 1234 3666; x_wconf 84' lang='grc' dir='ltr'>νοῦν</span> <span class='ocrx_word' id='word_1_421' title='bbox 1260 3628 1273 3642; x_wconf 83' lang='lat'><strong>&#39;</strong></span> <span class='ocrx_word' id='word_1_422' title='bbox 1305 3612 1432 3684; x_wconf 75' lang='grc' dir='ltr'>περὶ</span> <span class='ocrx_word' id='word_1_423' title='bbox 1462 3612 1518 3664; x_wconf 85' lang='grc' dir='ltr'>δὲ</span> <span class='ocrx_word' id='word_1_424' title='bbox 1546 3610 1609 3682; x_wconf 85' lang='grc' dir='ltr'>δὴ</span> <span class='ocrx_word' id='word_1_425' title='bbox 1649 3611 1816 3683; x_wconf 84' lang='grc' dir='ltr'>μόνην</span> <span class='ocrx_word' id='word_1_426' title='bbox 1843 3613 1942 3684; x_wconf 82' lang='grc' dir='ltr'>τὴν</span> 
     </span>
    </p>
   </div>
   <div class='ocr_carea' id='block_1_55' title="bbox 353 3702 1928 3777">
    <p class='ocr_par' dir='ltr' id='par_1_55' title="bbox 353 3702 1928 3777">
     <span class='ocr_line' id='line_1_55' title="bbox 353 3702 1928 3777; baseline 0.001 -21"><span class='ocrx_word' id='word_1_427' title='bbox 353 3702 495 3769; x_wconf 78' lang='grc' dir='ltr'>λέξιν</span> <span class='ocrx_word' id='word_1_428' title='bbox 520 3705 941 3776; x_wconf 83' lang='grc' dir='ltr'>ἀσχολούμενοι,</span> <span class='ocrx_word' id='word_1_429' title='bbox 968 3704 1161 3777; x_wconf 87' lang='grc' dir='ltr'>ῶσπερ</span> <span class='ocrx_word' id='word_1_430' title='bbox 1182 3705 1306 3759; x_wconf 79' lang='grc' dir='ltr'>τινὰ</span> <span class='ocrx_word' id='word_1_431' title='bbox 1329 3708 1504 3777; x_wconf 90' lang='grc' dir='ltr'>τοῖχον</span> <span class='ocrx_word' id='word_1_432' title='bbox 1525 3705 1735 3759; x_wconf 77' lang='grc' dir='ltr'>ἐοίκασι</span> <span class='ocrx_word' id='word_1_433' title='bbox 1762 3704 1928 3776; x_wconf 71' lang='grc' dir='ltr'>ψηλας</span> 
     </span>
    </p>
   </div>
   <div class='ocr_carea' id='block_1_56' title="bbox 354 3797 481 3866">
    <p class='ocr_par' dir='ltr' id='par_1_56' title="bbox 354 3797 481 3866">
     <span class='ocr_line' id='line_1_56' title="bbox 354 3797 481 3866; baseline 0.016 -19"><span class='ocrx_word' id='word_1_434' title='bbox 354 3797 481 3866; x_wconf 58' lang='lat' dir='ltr'><strong>may.</strong></span> 
     </span>
    </p>
   </div>
   <div class='ocr_carea' id='block_1_57' title="bbox 478 3868 1940 3963">
    <p class='ocr_par' dir='ltr' id='par_1_57' title="bbox 478 3868 1940 3963">
     <span class='ocr_line' id='line_1_57' title="bbox 478 3868 1940 3963; baseline 0.003 -24"><span class='ocrx_word' id='word_1_435' title='bbox 478 3868 579 3941; x_wconf 57' lang='grc' dir='ltr'>Δῖἀ</span> <span class='ocrx_word' id='word_1_436' title='bbox 605 3889 760 3943; x_wconf 90' lang='grc' dir='ltr'>τοῦτο</span> <span class='ocrx_word' id='word_1_437' title='bbox 782 3888 992 3961; x_wconf 85' lang='grc' dir='ltr'>ἀπέστη</span> <span class='ocrx_word' id='word_1_438' title='bbox 1018 3892 1050 3961; x_wconf 88' lang='grc' dir='ltr'><strong>ή</strong></span> <span class='ocrx_word' id='word_1_439' title='bbox 1092 3888 1273 3960; x_wconf 87' lang='grc' dir='ltr'>κρίσις</span> <span class='ocrx_word' id='word_1_440' title='bbox 1302 3888 1396 3941; x_wconf 80' lang='grc' dir='ltr'>ἀπ’</span> <span class='ocrx_word' id='word_1_441' title='bbox 1425 3887 1622 3955; x_wconf 85' lang='grc' dir='ltr'>αὑτῶν,</span> <span class='ocrx_word' id='word_1_442' title='bbox 1653 3892 1747 3943; x_wconf 76' lang='grc' dir='ltr'>καὶ</span> <span class='ocrx_word' id='word_1_443' title='bbox 1774 3891 1834 3944; x_wconf 81' lang='grc' dir='ltr'><strong>οὑ</strong></span> <span class='ocrx_word' id='word_1_444' title='bbox 1865 3891 1940 3963; x_wconf 83' lang='grc' dir='ltr'>μὴ</span> 
     </span>
    </p>
   </div>
   <div class='ocr_carea' id='block_1_58' title="bbox 352 3978 1939 4051">
    <p class='ocr_par' dir='ltr' id='par_1_58' title="bbox 352 3978 1939 4051">
     <span class='ocr_line' id='line_1_58' title="bbox 352 3978 1939 4051; baseline 0.002 -20"><span class='ocrx_word' id='word_1_445' title='bbox 352 3978 635 4051; x_wconf 80' lang='grc' dir='ltr'>καταλάϐῃ</span> <span class='ocrx_word' id='word_1_446' title='bbox 675 3980 872 4044; x_wconf 77' lang='grc' dir='ltr'>αὐτοὺς</span> <span class='ocrx_word' id='word_1_447' title='bbox 924 3981 1239 4050; x_wconf 88' lang='grc' dir='ltr'>δικαιοσύνη</span> <span class='ocrx_word' id='word_1_448' title='bbox 1262 3997 1273 4008; x_wconf 93' lang='grc'><strong>·</strong></span> <span class='ocrx_word' id='word_1_449' title='bbox 1312 3980 1722 4042; x_wconf 81' lang='grc' dir='ltr'>ὑπομεινάντων</span> <span class='ocrx_word' id='word_1_450' title='bbox 1762 3981 1939 4034; x_wconf 82' lang='grc' dir='ltr'>αὐτῶν</span> 
     </span>
    </p>
   </div>
   <div class='ocr_carea' id='block_1_59' title="bbox 351 4068 1937 4145">
    <p class='ocr_par' dir='ltr' id='par_1_59' title="bbox 351 4068 1937 4145">
     <span class='ocr_line' id='line_1_59' title="bbox 351 4068 1937 4145; baseline 0.005 -26"><span class='ocrx_word' id='word_1_451' title='bbox 351 4068 492 4137; x_wconf 86' lang='grc' dir='ltr'>φῶς,</span> <span class='ocrx_word' id='word_1_452' title='bbox 529 4070 745 4137; x_wconf 77' lang='grc' dir='ltr'>ἐγένετο</span> <span class='ocrx_word' id='word_1_453' title='bbox 784 4072 969 4134; x_wconf 81' lang='grc' dir='ltr'>αὐτοῖς</span> <span class='ocrx_word' id='word_1_454' title='bbox 1017 4071 1242 4134; x_wconf 88' lang='grc' dir='ltr'>σκότος·</span> <span class='ocrx_word' id='word_1_455' title='bbox 1298 4072 1581 4141; x_wconf 84' lang='grc' dir='ltr'>μείναντες</span> <span class='ocrx_word' id='word_1_456' title='bbox 1627 4074 1826 4145; x_wconf 80' lang='grc' dir='ltr'>αὐγὴν,</span> <span class='ocrx_word' id='word_1_457' title='bbox 1879 4077 1937 4127; x_wconf 84' lang='grc' dir='ltr'><strong>ἐν</strong></span> 
     </span>
    </p>
   </div>
   <div class='ocr_carea' id='block_1_60' title="bbox 348 4159 1936 4234">
    <p class='ocr_par' dir='ltr' id='par_1_60' title="bbox 348 4159 1936 4234">
     <span class='ocr_line' id='line_1_60' title="bbox 348 4159 1936 4234; baseline 0.003 -20"><span class='ocrx_word' id='word_1_458' title='bbox 348 4159 528 4230; x_wconf 77' lang='grc' dir='ltr'>ἀωρίᾳ</span> <span class='ocrx_word' id='word_1_459' title='bbox 550 4164 982 4233; x_wconf 84' lang='grc' dir='ltr'>περιεπάτησαν.</span> <span class='ocrx_word' id='word_1_460' title='bbox 1030 4164 1457 4234; x_wconf 84' lang='grc' dir='ltr'>Ψηλαφήσουσιν</span> <span class='ocrx_word' id='word_1_461' title='bbox 1485 4164 1561 4227; x_wconf 85' lang='grc' dir='ltr'>ὡς</span> <span class='ocrx_word' id='word_1_462' title='bbox 1606 4165 1799 4234; x_wconf 86' lang='grc' dir='ltr'>τυφλοὶ</span> <span class='ocrx_word' id='word_1_463' title='bbox 1825 4169 1936 4219; x_wconf 86' lang='grc' dir='ltr'>τοῖ-</span> 
     </span>
    </p>
   </div>
   <div class='ocr_carea' id='block_1_61' title="bbox 350 4253 1933 4328">
    <p class='ocr_par' dir='ltr' id='par_1_61' title="bbox 350 4253 1933 4328">
     <span class='ocr_line' id='line_1_61' title="bbox 350 4253 1933 4328; baseline 0.004 -22"><span class='ocrx_word' id='word_1_464' title='bbox 350 4270 463 4323; x_wconf 87' lang='grc' dir='ltr'>χον,</span> <span class='ocrx_word' id='word_1_465' title='bbox 501 4253 594 4306; x_wconf 82' lang='grc' dir='ltr'><strong>καί</strong></span> <span class='ocrx_word' id='word_1_466' title='bbox 621 4254 694 4316; x_wconf 84' lang='grc' dir='ltr'>ὡς</span> <span class='ocrx_word' id='word_1_467' title='bbox 720 4255 817 4325; x_wconf 86' lang='grc' dir='ltr'><strong>οὐχ</strong></span> <span class='ocrx_word' id='word_1_468' title='bbox 851 4256 1202 4326; x_wconf 81' lang='grc' dir='ltr'>ὑπαρχόντων</span> <span class='ocrx_word' id='word_1_469' title='bbox 1219 4255 1513 4326; x_wconf 73' lang='grc' dir='ltr'>ὀφθαλμῶν</span> <span class='ocrx_word' id='word_1_470' title='bbox 1534 4256 1933 4328; x_wconf 71' lang='grc' dir='ltr'>ψηλαφήσουσι.</span> 
     </span>
    </p>
   </div>
   <div class='ocr_carea' id='block_1_62' title="bbox 2051 1971 3636 2044">
    <p class='ocr_par' dir='ltr' id='par_1_62' title="bbox 2051 1971 3636 2044">
     <span class='ocr_line' id='line_1_62' title="bbox 2051 1971 3636 2044; baseline 0.003 -20"><span class='ocrx_word' id='word_1_471' title='bbox 2051 1971 2200 2026; x_wconf 87' lang='lat' dir='ltr'><strong>venti</strong></span> <span class='ocrx_word' id='word_1_472' title='bbox 2235 1980 2290 2026; x_wconf 89' lang='lat' dir='ltr'><strong>et</strong></span> <span class='ocrx_word' id='word_1_473' title='bbox 2323 1972 2437 2026; x_wconf 91' lang='lat' dir='ltr'><strong>lotii</strong></span> <span class='ocrx_word' id='word_1_474' title='bbox 2469 1972 2690 2026; x_wconf 87' lang='lat' dir='ltr'><strong>odorem</strong></span> <span class='ocrx_word' id='word_1_475' title='bbox 2727 1974 2971 2041; x_wconf 90' lang='lat' dir='ltr'><strong>putidum</strong></span> <span class='ocrx_word' id='word_1_476' title='bbox 3001 1982 3165 2042; x_wconf 86' lang='lat' dir='ltr'><strong>atque</strong></span> <span class='ocrx_word' id='word_1_477' title='bbox 3203 1986 3547 2044; x_wconf 89' lang='lat' dir='ltr'><strong>corruptum,</strong></span> <span class='ocrx_word' id='word_1_478' title='bbox 3581 1988 3636 2031; x_wconf 89' lang='lat' dir='ltr'><strong>et</strong></span> 
     </span>
    </p>
   </div>
   <div class='ocr_carea' id='block_1_63' title="bbox 2054 2064 3632 2122">
    <p class='ocr_par' dir='ltr' id='par_1_63' title="bbox 2054 2064 3632 2122">
     <span class='ocr_line' id='line_1_63' title="bbox 2054 2064 3632 2122; baseline 0.003 -5"><span class='ocrx_word' id='word_1_479' title='bbox 2054 2065 2107 2118; x_wconf 84' lang='lat' dir='ltr'><strong>in</strong></span> <span class='ocrx_word' id='word_1_480' title='bbox 2140 2065 2223 2119; x_wconf 89' lang='lat' dir='ltr'><strong>his</strong></span> <span class='ocrx_word' id='word_1_481' title='bbox 2265 2065 2519 2119; x_wconf 87' lang='lat' dir='ltr'><strong>omnibus</strong></span> <span class='ocrx_word' id='word_1_482' title='bbox 2566 2064 2710 2119; x_wconf 69' lang='lat' dir='ltr'><strong>finde</strong></span> <span class='ocrx_word' id='word_1_483' title='bbox 2756 2064 3054 2120; x_wconf 86' lang='lat' dir='ltr'><strong>volutatum</strong></span> <span class='ocrx_word' id='word_1_484' title='bbox 3082 2078 3136 2119; x_wconf 90' lang='lat' dir='ltr'><strong>et</strong></span> <span class='ocrx_word' id='word_1_485' title='bbox 3164 2065 3341 2121; x_wconf 89' lang='lat' dir='ltr'><strong>latens</strong></span> <span class='ocrx_word' id='word_1_486' title='bbox 3389 2069 3632 2122; x_wconf 89' lang='lat' dir='ltr'><strong>omnium</strong></span> 
     </span>
    </p>
   </div>
   <div class='ocr_carea' id='block_1_64' title="bbox 2054 2152 3633 2222">
    <p class='ocr_par' dir='ltr' id='par_1_64' title="bbox 2054 2152 3633 2222">
     <span class='ocr_line' id='line_1_64' title="bbox 2054 2152 3633 2222; baseline 0.001 -17"><span class='ocrx_word' id='word_1_487' title='bbox 2054 2154 2325 2222; x_wconf 85' lang='lat' dir='ltr'><strong>reptilium</strong></span> <span class='ocrx_word' id='word_1_488' title='bbox 2361 2153 2726 2217; x_wconf 88' lang='lat' dir='ltr'><strong>teterrimum,</strong></span> <span class='ocrx_word' id='word_1_489' title='bbox 2767 2152 2854 2207; x_wconf 87' lang='lat' dir='ltr'><strong>vel</strong></span> <span class='ocrx_word' id='word_1_490' title='bbox 2885 2153 3001 2206; x_wconf 90' lang='lat' dir='ltr'><strong>visu</strong></span> <span class='ocrx_word' id='word_1_491' title='bbox 3028 2152 3145 2207; x_wconf 87' lang='lat' dir='ltr'><strong>solo</strong></span> <span class='ocrx_word' id='word_1_492' title='bbox 3175 2152 3513 2211; x_wconf 79' lang='lat' dir='ltr'><strong>lethil’erum.</strong></span> <span class='ocrx_word' id='word_1_493' title='bbox 3547 2170 3633 2207; x_wconf 87' lang='lat' dir='ltr'><strong>re-</strong></span> 
     </span>
    </p>
   </div>
   <div class='ocr_carea' id='block_1_65' title="bbox 2051 2244 2409 2316">
    <p class='ocr_par' dir='ltr' id='par_1_65' title="bbox 2051 2244 2409 2316">
     <span class='ocr_line' id='line_1_65' title="bbox 2051 2244 2409 2316; baseline -0.003 -17"><span class='ocrx_word' id='word_1_494' title='bbox 2051 2247 2232 2316; x_wconf 86' lang='lat' dir='ltr'><strong>gulum</strong></span> <span class='ocrx_word' id='word_1_495' title='bbox 2264 2244 2409 2300; x_wconf 88' lang='lat' dir='ltr'><strong>dico.</strong></span> 
     </span>
    </p>
   </div>
   <div class='ocr_carea' id='block_1_66' title="bbox 2125 2334 3633 2390">
    <p class='ocr_par' dir='ltr' id='par_1_66' title="bbox 2125 2334 3633 2390">
     <span class='ocr_line' id='line_1_66' title="bbox 2125 2334 3633 2390; baseline -0.001 -1"><span class='ocrx_word' id='word_1_496' title='bbox 2125 2336 2288 2389; x_wconf 67' lang='lat' dir='ltr'><strong>Vens.</strong></span> <span class='ocrx_word' id='word_1_497' title='bbox 2315 2336 2348 2389; x_wconf 83' lang='grc'>6</span> <span class='ocrx_word' id='word_1_498' title='bbox 2374 2367 2393 2375; x_wconf 94' lang='grc'><strong>-</strong></span> <span class='ocrx_word' id='word_1_499' title='bbox 2428 2335 2480 2389; x_wconf 87' lang='grc'><strong>8.</strong></span> <span class='ocrx_word' id='word_1_500' title='bbox 2521 2353 2541 2387; x_wconf 83' lang='grc' dir='ltr'><strong>ι</strong></span> <span class='ocrx_word' id='word_1_501' title='bbox 2579 2335 2704 2388; x_wconf 87' lang='lat' dir='ltr'><strong>Tela</strong></span> <span class='ocrx_word' id='word_1_502' title='bbox 2738 2349 2925 2390; x_wconf 85' lang='lat' dir='ltr'><strong>eorum</strong></span> <span class='ocrx_word' id='word_1_503' title='bbox 2958 2350 3064 2389; x_wconf 94' lang='lat' dir='ltr'><strong>non</strong></span> <span class='ocrx_word' id='word_1_504' title='bbox 3112 2335 3216 2388; x_wconf 85' lang='lat' dir='ltr'><strong>erit</strong></span> <span class='ocrx_word' id='word_1_505' title='bbox 3257 2336 3308 2389; x_wconf 94' lang='lat' dir='ltr'><strong>in</strong></span> <span class='ocrx_word' id='word_1_506' title='bbox 3338 2334 3633 2389; x_wconf 79' lang='lat' dir='ltr'><strong>vestimen-</strong></span> 
     </span>
    </p>
   </div>
   <div class='ocr_carea' id='block_1_67' title="bbox 2048 2426 3631 2497">
    <p class='ocr_par' dir='ltr' id='par_1_67' title="bbox 2048 2426 3631 2497">
     <span class='ocr_line' id='line_1_67' title="bbox 2048 2426 3631 2497; baseline -0.003 -14"><span class='ocrx_word' id='word_1_507' title='bbox 2048 2436 2187 2493; x_wconf 87' lang='lat' dir='ltr'><strong>tum,</strong></span> <span class='ocrx_word' id='word_1_508' title='bbox 2230 2443 2405 2497; x_wconf 90' lang='lat' dir='ltr'><strong>neque</strong></span> <span class='ocrx_word' id='word_1_509' title='bbox 2434 2429 2750 2496; x_wconf 88' lang='lat' dir='ltr'><strong>operientur</strong></span> <span class='ocrx_word' id='word_1_510' title='bbox 2776 2427 3032 2496; x_wconf 88' lang='lat' dir='ltr'><strong>operibus</strong></span> <span class='ocrx_word' id='word_1_511' title='bbox 3058 2426 3172 2481; x_wconf 84' lang='lat' dir='ltr'><strong>suis</strong></span> <span class='ocrx_word' id='word_1_512' title='bbox 3207 2444 3220 2481; x_wconf 90' lang='lat'><strong>:</strong></span> <span class='ocrx_word' id='word_1_513' title='bbox 3248 2442 3412 2497; x_wconf 88' lang='lat' dir='ltr'><strong>opera</strong></span> <span class='ocrx_word' id='word_1_514' title='bbox 3444 2441 3631 2480; x_wconf 82' lang='lat' dir='ltr'><strong>eorum</strong></span> 
     </span>
    </p>
   </div>
   <div class='ocr_carea' id='block_1_68' title="bbox 2048 2517 3630 2589">
    <p class='ocr_par' dir='ltr' id='par_1_68' title="bbox 2048 2517 3630 2589">
     <span class='ocr_line' id='line_1_68' title="bbox 2048 2517 3630 2589; baseline 0.001 -20"><span class='ocrx_word' id='word_1_515' title='bbox 2048 2533 2213 2589; x_wconf 89' lang='lat' dir='ltr'><strong>opera</strong></span> <span class='ocrx_word' id='word_1_516' title='bbox 2245 2518 2550 2588; x_wconf 89' lang='lat' dir='ltr'><strong>iniquitatis</strong></span> <span class='ocrx_word' id='word_1_517' title='bbox 2588 2537 2601 2572; x_wconf 86' lang='lat'><strong>:</strong></span> <span class='ocrx_word' id='word_1_518' title='bbox 2637 2519 2800 2586; x_wconf 88' lang='lat' dir='ltr'><strong>pedes</strong></span> <span class='ocrx_word' id='word_1_519' title='bbox 2834 2527 3015 2573; x_wconf 89' lang='lat' dir='ltr'><strong>autem</strong></span> <span class='ocrx_word' id='word_1_520' title='bbox 3044 2533 3232 2571; x_wconf 91' lang='lat' dir='ltr'><strong>eorum</strong></span> <span class='ocrx_word' id='word_1_521' title='bbox 3264 2519 3331 2571; x_wconf 89' lang='lat' dir='ltr'><strong>ad</strong></span> <span class='ocrx_word' id='word_1_522' title='bbox 3369 2517 3630 2570; x_wconf 87' lang='lat' dir='ltr'><strong>malitiam</strong></span> 
     </span>
    </p>
   </div>
   <div class='ocr_carea' id='block_1_69' title="bbox 2050 2608 3633 2678">
    <p class='ocr_par' dir='ltr' id='par_1_69' title="bbox 2050 2608 3633 2678">
     <span class='ocr_line' id='line_1_69' title="bbox 2050 2608 3633 2678; baseline 0.001 -15"><span class='ocrx_word' id='word_1_523' title='bbox 2050 2619 2296 2673; x_wconf 86' lang='lat' dir='ltr'><strong>currunt,</strong></span> <span class='ocrx_word' id='word_1_524' title='bbox 2323 2608 2540 2664; x_wconf 87' lang='lat' dir='ltr'><strong>veloces</strong></span> <span class='ocrx_word' id='word_1_525' title='bbox 2567 2609 2633 2664; x_wconf 92' lang='lat' dir='ltr'><strong>ad</strong></span> <span class='ocrx_word' id='word_1_526' title='bbox 2668 2608 3052 2663; x_wconf 74' lang='lat' dir='ltr'><strong>effundendum</strong></span> <span class='ocrx_word' id='word_1_527' title='bbox 3094 2609 3434 2678; x_wconf 84' lang='lat' dir='ltr'><strong>sanguinem,</strong></span> <span class='ocrx_word' id='word_1_528' title='bbox 3460 2618 3513 2662; x_wconf 89' lang='lat' dir='ltr'><strong>et</strong></span> <span class='ocrx_word' id='word_1_529' title='bbox 3537 2624 3633 2664; x_wconf 91' lang='lat' dir='ltr'><strong>co-</strong></span> 
     </span>
    </p>
   </div>
   <div class='ocr_carea' id='block_1_70' title="bbox 2048 2697 3632 2771">
    <p class='ocr_par' dir='ltr' id='par_1_70' title="bbox 2048 2697 3632 2771">
     <span class='ocr_line' id='line_1_70' title="bbox 2048 2697 3632 2771; baseline -0.001 -19"><span class='ocrx_word' id='word_1_530' title='bbox 2048 2701 2339 2771; x_wconf 85' lang='lat' dir='ltr'><strong>gitationes</strong></span> <span class='ocrx_word' id='word_1_531' title='bbox 2372 2714 2583 2765; x_wconf 88' lang='lat' dir='ltr'><strong>eormn,</strong></span> <span class='ocrx_word' id='word_1_532' title='bbox 2616 2699 2977 2769; x_wconf 80' lang='lat' dir='ltr'><strong>cogitationes</strong></span> <span class='ocrx_word' id='word_1_533' title='bbox 3008 2712 3037 2752; x_wconf 92' lang='lat' dir='ltr'><strong>a</strong></span> <span class='ocrx_word' id='word_1_534' title='bbox 3068 2700 3324 2753; x_wconf 70' lang='lat' dir='ltr'><strong>caedibus.</strong></span> <span class='ocrx_word' id='word_1_535' title='bbox 3358 2697 3632 2753; x_wconf 89' lang='lat' dir='ltr'><strong>Contritio</strong></span> 
     </span>
    </p>
   </div>
   <div class='ocr_carea' id='block_1_71' title="bbox 2048 2789 3626 2859">
    <p class='ocr_par' dir='ltr' id='par_1_71' title="bbox 2048 2789 3626 2859">
     <span class='ocr_line' id='line_1_71' title="bbox 2048 2789 3626 2859; baseline -0.001 -16"><span class='ocrx_word' id='word_1_536' title='bbox 2048 2800 2103 2843; x_wconf 92' lang='lat' dir='ltr'><strong>et</strong></span> <span class='ocrx_word' id='word_1_537' title='bbox 2131 2791 2347 2844; x_wconf 89' lang='lat' dir='ltr'><strong>miseria</strong></span> <span class='ocrx_word' id='word_1_538' title='bbox 2370 2790 2422 2844; x_wconf 92' lang='lat' dir='ltr'><strong>in</strong></span> <span class='ocrx_word' id='word_1_539' title='bbox 2456 2790 2558 2844; x_wconf 90' lang='lat' dir='ltr'><strong>viis</strong></span> <span class='ocrx_word' id='word_1_540' title='bbox 2586 2805 2795 2855; x_wconf 88' lang='lat' dir='ltr'><strong>eorum,</strong></span> <span class='ocrx_word' id='word_1_541' title='bbox 2832 2798 2885 2844; x_wconf 90' lang='lat' dir='ltr'><strong>et</strong></span> <span class='ocrx_word' id='word_1_542' title='bbox 2927 2789 3068 2842; x_wconf 89' lang='lat' dir='ltr'><strong>viam</strong></span> <span class='ocrx_word' id='word_1_543' title='bbox 3098 2790 3250 2859; x_wconf 87' lang='lat' dir='ltr'><strong>pacis</strong></span> <span class='ocrx_word' id='word_1_544' title='bbox 3279 2804 3384 2842; x_wconf 91' lang='lat' dir='ltr'><strong>non</strong></span> <span class='ocrx_word' id='word_1_545' title='bbox 3418 2804 3626 2857; x_wconf 84' lang='lat' dir='ltr'><strong>cogno-</strong></span> 
     </span>
    </p>
   </div>
   <div class='ocr_carea' id='block_1_72' title="bbox 2049 2880 3631 2951">
    <p class='ocr_par' dir='ltr' id='par_1_72' title="bbox 2049 2880 3631 2951">
     <span class='ocr_line' id='line_1_72' title="bbox 2049 2880 3631 2951; baseline -0.003 -13"><span class='ocrx_word' id='word_1_546' title='bbox 2049 2891 2262 2938; x_wconf 89' lang='lat' dir='ltr'><strong>verunt.</strong></span> <span class='ocrx_word' id='word_1_547' title='bbox 2304 2900 2323 2934; x_wconf 70' lang='grc' dir='ltr'><strong>ι</strong></span> <span class='ocrx_word' id='word_1_548' title='bbox 2354 2880 2538 2951; x_wconf 85' lang='lat' dir='ltr'><strong>Neque</strong></span> <span class='ocrx_word' id='word_1_549' title='bbox 2563 2880 2708 2935; x_wconf 87' lang='lat' dir='ltr'><strong>enim</strong></span> <span class='ocrx_word' id='word_1_550' title='bbox 2740 2880 2891 2949; x_wconf 88' lang='lat' dir='ltr'><strong>pacis</strong></span> <span class='ocrx_word' id='word_1_551' title='bbox 2920 2880 3221 2949; x_wconf 76' lang='lat' dir='ltr'><strong>principem</strong></span> <span class='ocrx_word' id='word_1_552' title='bbox 3264 2891 3585 2949; x_wconf 89' lang='lat' dir='ltr'><strong>receperunt</strong></span> <span class='ocrx_word' id='word_1_553' title='bbox 3614 2921 3631 2943; x_wconf 88' lang='lat'><strong>,</strong></span> 
     </span>
    </p>
   </div>
   <div class='ocr_carea' id='block_1_73' title="bbox 2048 2969 3627 3043">
    <p class='ocr_par' dir='ltr' id='par_1_73' title="bbox 2048 2969 3627 3043">
     <span class='ocr_line' id='line_1_73' title="bbox 2048 2969 3627 3043; baseline -0.003 -15"><span class='ocrx_word' id='word_1_554' title='bbox 2048 2976 2115 3028; x_wconf 90' lang='lat' dir='ltr'><strong>de</strong></span> <span class='ocrx_word' id='word_1_555' title='bbox 2138 2989 2244 3043; x_wconf 85' lang='lat' dir='ltr'><strong>quo</strong></span> <span class='ocrx_word' id='word_1_556' title='bbox 2277 2974 2478 3027; x_wconf 85' lang='lat' dir='ltr'><strong>dictum</strong></span> <span class='ocrx_word' id='word_1_557' title='bbox 2514 2982 2631 3027; x_wconf 87' lang='lat' dir='ltr'><strong>est:</strong></span> <span class='ocrx_word' id='word_1_558' title='bbox 2658 2990 2676 3023; x_wconf 79' lang='grc' dir='ltr'><strong>ι</strong></span> <span class='ocrx_word' id='word_1_559' title='bbox 2720 2969 2840 3041; x_wconf 87' lang='lat' dir='ltr'><strong>Ipse</strong></span> <span class='ocrx_word' id='word_1_560' title='bbox 2861 2972 3006 3025; x_wconf 89' lang='lat' dir='ltr'><strong>enim</strong></span> <span class='ocrx_word' id='word_1_561' title='bbox 3038 2983 3119 3027; x_wconf 89' lang='lat' dir='ltr'><strong>est</strong></span> <span class='ocrx_word' id='word_1_562' title='bbox 3147 2987 3252 3037; x_wconf 80' lang='lat' dir='ltr'><strong>pax</strong></span> <span class='ocrx_word' id='word_1_563' title='bbox 3277 2982 3464 3027; x_wconf 88' lang='lat' dir='ltr'><strong>nostra</strong></span> <span class='ocrx_word' id='word_1_564' title='bbox 3485 2973 3528 3003; x_wconf 82' lang='grc'><strong>¹³</strong></span> <span class='ocrx_word' id='word_1_565' title='bbox 3552 2992 3565 3026; x_wconf 78' lang='grc' dir='ltr'><strong>ι</strong></span> <span class='ocrx_word' id='word_1_566' title='bbox 3606 2992 3627 3023; x_wconf 73' lang='grc' dir='ltr'><strong>ι</strong></span> 
     </span>
    </p>
   </div>
   <div class='ocr_carea' id='block_1_74' title="bbox 2048 3063 3628 3135">
    <p class='ocr_par' dir='ltr' id='par_1_74' title="bbox 2048 3063 3628 3135">
     <span class='ocr_line' id='line_1_74' title="bbox 2048 3063 3628 3135; baseline -0.001 -17"><span class='ocrx_word' id='word_1_567' title='bbox 2048 3076 2378 3135; x_wconf 76' lang='lat' dir='ltr'><strong>quapropter</strong></span> <span class='ocrx_word' id='word_1_568' title='bbox 2428 3080 2548 3120; x_wconf 89' lang='lat' dir='ltr'><strong>eam</strong></span> <span class='ocrx_word' id='word_1_569' title='bbox 2605 3063 2887 3132; x_wconf 89' lang='lat' dir='ltr'><strong>discipulis</strong></span> <span class='ocrx_word' id='word_1_570' title='bbox 2934 3072 3193 3133; x_wconf 87' lang='lat' dir='ltr'><strong>procurat</strong></span> <span class='ocrx_word' id='word_1_571' title='bbox 3239 3065 3354 3118; x_wconf 87' lang='lat' dir='ltr'><strong>suis</strong></span> <span class='ocrx_word' id='word_1_572' title='bbox 3403 3064 3628 3123; x_wconf 84' lang='lat' dir='ltr'><strong>dicens.</strong></span> 
     </span>
    </p>
   </div>
   <div class='ocr_carea' id='block_1_75' title="bbox 2053 3159 3631 3228">
    <p class='ocr_par' dir='ltr' id='par_1_75' title="bbox 2053 3159 3631 3228">
     <span class='ocr_line' id='line_1_75' title="bbox 2053 3159 3631 3228; baseline -0.001 -17"><span class='ocrx_word' id='word_1_573' title='bbox 2053 3178 2071 3211; x_wconf 84' lang='grc' dir='ltr'><strong>ι</strong></span> <span class='ocrx_word' id='word_1_574' title='bbox 2110 3159 2304 3215; x_wconf 82' lang='lat' dir='ltr'><strong>Pacem</strong></span> <span class='ocrx_word' id='word_1_575' title='bbox 2362 3175 2537 3213; x_wconf 88' lang='lat' dir='ltr'><strong>meam</strong></span> <span class='ocrx_word' id='word_1_576' title='bbox 2572 3160 2639 3212; x_wconf 92' lang='lat' dir='ltr'><strong>do</strong></span> <span class='ocrx_word' id='word_1_577' title='bbox 2671 3159 2824 3214; x_wconf 86' lang='lat' dir='ltr'><strong>vobis</strong></span> <span class='ocrx_word' id='word_1_578' title='bbox 2849 3197 2866 3222; x_wconf 91' lang='lat'><strong>,</strong></span> <span class='ocrx_word' id='word_1_579' title='bbox 2906 3172 3093 3227; x_wconf 90' lang='lat' dir='ltr'><strong>pacem</strong></span> <span class='ocrx_word' id='word_1_580' title='bbox 3150 3175 3324 3214; x_wconf 87' lang='lat' dir='ltr'><strong>meam</strong></span> <span class='ocrx_word' id='word_1_581' title='bbox 3381 3160 3631 3228; x_wconf 66' lang='lat' dir='ltr'><strong>relinquo</strong></span> 
     </span>
    </p>
   </div>
   <div class='ocr_carea' id='block_1_76' title="bbox 2046 3247 3631 3317">
    <p class='ocr_par' dir='ltr' id='par_1_76' title="bbox 2046 3247 3631 3317">
     <span class='ocr_line' id='line_1_76' title="bbox 2046 3247 3631 3317; baseline -0.003 -15"><span class='ocrx_word' id='word_1_582' title='bbox 2046 3248 2415 3304; x_wconf 65' lang='lat' dir='ltr'><strong>vobis“.t-—t</strong></span> <span class='ocrx_word' id='word_1_583' title='bbox 2446 3248 2633 3303; x_wconf 85' lang='lat' dir='ltr'><strong>Etnon</strong></span> <span class='ocrx_word' id='word_1_584' title='bbox 2652 3247 3009 3317; x_wconf 85' lang='lat' dir='ltr'><strong>estjudicium</strong></span> <span class='ocrx_word' id='word_1_585' title='bbox 3036 3248 3087 3301; x_wconf 92' lang='lat' dir='ltr'><strong>in</strong></span> <span class='ocrx_word' id='word_1_586' title='bbox 3111 3247 3631 3302; x_wconf 75' lang='lat' dir='ltr'><strong>viiseorum.Semi-</strong></span> 
     </span>
    </p>
   </div>
   <div class='ocr_carea' id='block_1_77' title="bbox 2047 3340 3629 3406">
    <p class='ocr_par' dir='ltr' id='par_1_77' title="bbox 2047 3340 3629 3406">
     <span class='ocr_line' id='line_1_77' title="bbox 2047 3340 3629 3406; baseline 0.001 -14"><span class='ocrx_word' id='word_1_587' title='bbox 2047 3351 2113 3393; x_wconf 75' lang='lat' dir='ltr'><strong>ta:</strong></span> <span class='ocrx_word' id='word_1_588' title='bbox 2139 3340 2283 3394; x_wconf 90' lang='lat' dir='ltr'><strong>enim</strong></span> <span class='ocrx_word' id='word_1_589' title='bbox 2309 3352 2493 3391; x_wconf 81' lang='lat' dir='ltr'><strong>eorum</strong></span> <span class='ocrx_word' id='word_1_590' title='bbox 2526 3352 2813 3406; x_wconf 69' lang='lat' dir='ltr'><strong>perversm,</strong></span> <span class='ocrx_word' id='word_1_591' title='bbox 2831 3351 2966 3406; x_wconf 87' lang='lat' dir='ltr'><strong>quas</strong></span> <span class='ocrx_word' id='word_1_592' title='bbox 2997 3347 3405 3406; x_wconf 87' lang='lat' dir='ltr'><strong>pertranseunt,</strong></span> <span class='ocrx_word' id='word_1_593' title='bbox 3437 3349 3493 3392; x_wconf 87' lang='lat' dir='ltr'><strong>et</strong></span> <span class='ocrx_word' id='word_1_594' title='bbox 3520 3354 3629 3393; x_wconf 80' lang='lat' dir='ltr'><strong>ncn</strong></span> 
     </span>
    </p>
   </div>
   <div class='ocr_carea' id='block_1_78' title="bbox 2047 3426 3630 3497">
    <p class='ocr_par' dir='ltr' id='par_1_78' title="bbox 2047 3426 3630 3497">
     <span class='ocr_line' id='line_1_78' title="bbox 2047 3426 3630 3497; baseline 0 -14"><span class='ocrx_word' id='word_1_595' title='bbox 2047 3437 2312 3483; x_wconf 89' lang='lat' dir='ltr'><strong>noverunt</strong></span> <span class='ocrx_word' id='word_1_596' title='bbox 2341 3443 2552 3497; x_wconf 89' lang='lat' dir='ltr'><strong>pacem.</strong></span> <span class='ocrx_word' id='word_1_597' title='bbox 2595 3445 2614 3478; x_wconf 72' lang='grc' dir='ltr'><strong>ι</strong></span> <span class='ocrx_word' id='word_1_598' title='bbox 2650 3426 2784 3482; x_wconf 77' lang='lat' dir='ltr'><strong>Nam</strong></span> <span class='ocrx_word' id='word_1_599' title='bbox 2810 3443 2934 3482; x_wconf 91' lang='lat' dir='ltr'><strong>cum</strong></span> <span class='ocrx_word' id='word_1_600' title='bbox 2959 3428 3171 3482; x_wconf 89' lang='lat' dir='ltr'><strong>divinas</strong></span> <span class='ocrx_word' id='word_1_601' title='bbox 3202 3428 3516 3497; x_wconf 87' lang='lat' dir='ltr'><strong>Scripturas</strong></span> <span class='ocrx_word' id='word_1_602' title='bbox 3547 3442 3630 3483; x_wconf 87' lang='lat' dir='ltr'><strong>at-</strong></span> 
     </span>
    </p>
   </div>
   <div class='ocr_carea' id='block_1_79' title="bbox 2045 3517 3630 3591">
    <p class='ocr_par' dir='ltr' id='par_1_79' title="bbox 2045 3517 3630 3591">
     <span class='ocr_line' id='line_1_79' title="bbox 2045 3517 3630 3591; baseline 0 -19"><span class='ocrx_word' id='word_1_603' title='bbox 2045 3522 2291 3591; x_wconf 84' lang='lat' dir='ltr'><strong>tingunt,</strong></span> <span class='ocrx_word' id='word_1_604' title='bbox 2321 3521 2372 3574; x_wconf 93' lang='lat' dir='ltr'><strong>in</strong></span> <span class='ocrx_word' id='word_1_605' title='bbox 2404 3517 2774 3589; x_wconf 67' lang='lat' dir='ltr'><strong>profunditate</strong></span> <span class='ocrx_word' id='word_1_606' title='bbox 2807 3519 3096 3573; x_wconf 88' lang='lat' dir='ltr'><strong>verborum</strong></span> <span class='ocrx_word' id='word_1_607' title='bbox 3124 3523 3381 3574; x_wconf 85' lang='lat' dir='ltr'><strong>latentem</strong></span> <span class='ocrx_word' id='word_1_608' title='bbox 3412 3531 3630 3575; x_wconf 79' lang='lat' dir='ltr'><strong>senten-</strong></span> 
     </span>
    </p>
   </div>
   <div class='ocr_carea' id='block_1_80' title="bbox 2044 3610 3630 3681">
    <p class='ocr_par' dir='ltr' id='par_1_80' title="bbox 2044 3610 3630 3681">
     <span class='ocr_line' id='line_1_80' title="bbox 2044 3610 3630 3681; baseline 0.001 -17"><span class='ocrx_word' id='word_1_609' title='bbox 2044 3613 2174 3665; x_wconf 85' lang='lat' dir='ltr'><strong>tiam</strong></span> <span class='ocrx_word' id='word_1_610' title='bbox 2212 3626 2316 3667; x_wconf 92' lang='lat' dir='ltr'><strong>non</strong></span> <span class='ocrx_word' id='word_1_611' title='bbox 2346 3611 2657 3681; x_wconf 85' lang='lat' dir='ltr'><strong>intelligunt</strong></span> <span class='ocrx_word' id='word_1_612' title='bbox 2691 3628 2705 3663; x_wconf 87' lang='lat'>:</span> <span class='ocrx_word' id='word_1_613' title='bbox 2739 3611 2836 3666; x_wconf 90' lang='lat' dir='ltr'><strong>sed</strong></span> <span class='ocrx_word' id='word_1_614' title='bbox 2868 3610 2959 3663; x_wconf 91' lang='lat' dir='ltr'><strong>uni</strong></span> <span class='ocrx_word' id='word_1_615' title='bbox 2995 3611 3222 3665; x_wconf 83' lang='lat' dir='ltr'><strong>dietioni</strong></span> <span class='ocrx_word' id='word_1_616' title='bbox 3248 3621 3528 3679; x_wconf 83' lang='lat' dir='ltr'><strong>vacantes,</strong></span> <span class='ocrx_word' id='word_1_617' title='bbox 3555 3616 3630 3666; x_wconf 70' lang='lat' dir='ltr'><strong>vi.</strong></span> 
     </span>
    </p>
   </div>
   <div class='ocr_carea' id='block_1_81' title="bbox 2041 3703 3065 3774">
    <p class='ocr_par' dir='ltr' id='par_1_81' title="bbox 2041 3703 3065 3774">
     <span class='ocr_line' id='line_1_81' title="bbox 2041 3703 3065 3774; baseline -0.004 -15"><span class='ocrx_word' id='word_1_618' title='bbox 2041 3705 2237 3759; x_wconf 89' lang='lat' dir='ltr'><strong>dentur</strong></span> <span class='ocrx_word' id='word_1_619' title='bbox 2260 3703 2414 3774; x_wconf 89' lang='lat' dir='ltr'><strong>quasi</strong></span> <span class='ocrx_word' id='word_1_620' title='bbox 2448 3718 2661 3756; x_wconf 91' lang='lat' dir='ltr'><strong>murum</strong></span> <span class='ocrx_word' id='word_1_621' title='bbox 2698 3710 3065 3759; x_wconf 88' lang='lat' dir='ltr'><strong>contrectare.</strong></span> 
     </span>
    </p>
   </div>
   <div class='ocr_carea' id='block_1_82' title="bbox 2115 3883 3627 3955">
    <p class='ocr_par' dir='ltr' id='par_1_82' title="bbox 2115 3883 3627 3955">
     <span class='ocr_line' id='line_1_82' title="bbox 2115 3883 3627 3955; baseline 0.003 -21"><span class='ocrx_word' id='word_1_622' title='bbox 2115 3884 2279 3940; x_wconf 71' lang='lat' dir='ltr'><strong>Vens.</strong></span> <span class='ocrx_word' id='word_1_623' title='bbox 2321 3883 2378 3948; x_wconf 88' lang='lat'><strong>9,</strong></span> <span class='ocrx_word' id='word_1_624' title='bbox 2424 3884 2512 3940; x_wconf 82' lang='grc'><strong>10.</strong></span> <span class='ocrx_word' id='word_1_625' title='bbox 2555 3902 2574 3935; x_wconf 81' lang='grc' dir='ltr'><strong>ι</strong></span> <span class='ocrx_word' id='word_1_626' title='bbox 2630 3883 2923 3954; x_wconf 87' lang='lat' dir='ltr'><strong>Propterea</strong></span> <span class='ocrx_word' id='word_1_627' title='bbox 2963 3884 3192 3940; x_wconf 87' lang='lat' dir='ltr'><strong>recessit</strong></span> <span class='ocrx_word' id='word_1_628' title='bbox 3236 3886 3503 3955; x_wconf 88' lang='lat' dir='ltr'><strong>judicium</strong></span> <span class='ocrx_word' id='word_1_629' title='bbox 3557 3888 3627 3940; x_wconf 84' lang='lat' dir='ltr'><strong>ab</strong></span> 
     </span>
    </p>
   </div>
   <div class='ocr_carea' id='block_1_83' title="bbox 2041 3976 3618 4047">
    <p class='ocr_par' dir='ltr' id='par_1_83' title="bbox 2041 3976 3618 4047">
     <span class='ocr_line' id='line_1_83' title="bbox 2041 3976 3618 4047; baseline -0.002 -15"><span class='ocrx_word' id='word_1_630' title='bbox 2041 3978 2151 4041; x_wconf 90' lang='lat' dir='ltr'><strong>eis,</strong></span> <span class='ocrx_word' id='word_1_631' title='bbox 2183 3993 2281 4032; x_wconf 88' lang='lat' dir='ltr'><strong>nec</strong></span> <span class='ocrx_word' id='word_1_632' title='bbox 2331 3976 2701 4046; x_wconf 84' lang='lat' dir='ltr'><strong>apprehendet</strong></span> <span class='ocrx_word' id='word_1_633' title='bbox 2750 3991 2845 4031; x_wconf 89' lang='lat' dir='ltr'><strong>eos</strong></span> <span class='ocrx_word' id='word_1_634' title='bbox 2888 3976 3135 4047; x_wconf 87' lang='lat' dir='ltr'><strong>justitia;</strong></span> <span class='ocrx_word' id='word_1_635' title='bbox 3167 3991 3290 4032; x_wconf 90' lang='lat' dir='ltr'><strong>cum</strong></span> <span class='ocrx_word' id='word_1_636' title='bbox 3331 3988 3618 4047; x_wconf 78' lang='lat' dir='ltr'><strong>exspecta-</strong></span> 
     </span>
    </p>
   </div>
   <div class='ocr_carea' id='block_1_84' title="bbox 2041 4069 3622 4138">
    <p class='ocr_par' dir='ltr' id='par_1_84' title="bbox 2041 4069 3622 4138">
     <span class='ocr_line' id='line_1_84' title="bbox 2041 4069 3622 4138; baseline -0.004 -12"><span class='ocrx_word' id='word_1_637' title='bbox 2041 4081 2161 4125; x_wconf 86' lang='lat' dir='ltr'><strong>rent</strong></span> <span class='ocrx_word' id='word_1_638' title='bbox 2196 4070 2389 4133; x_wconf 89' lang='lat' dir='ltr'><strong>lucem,</strong></span> <span class='ocrx_word' id='word_1_639' title='bbox 2427 4069 2584 4123; x_wconf 61' lang='lat' dir='ltr'><strong>iactm</strong></span> <span class='ocrx_word' id='word_1_640' title='bbox 2613 4078 2739 4123; x_wconf 89' lang='lat' dir='ltr'><strong>sunt</strong></span> <span class='ocrx_word' id='word_1_641' title='bbox 2760 4069 2841 4123; x_wconf 93' lang='lat' dir='ltr'><strong>eis</strong></span> <span class='ocrx_word' id='word_1_642' title='bbox 2879 4069 3114 4123; x_wconf 68' lang='lat' dir='ltr'><strong>tenebrm</strong></span> <span class='ocrx_word' id='word_1_643' title='bbox 3141 4086 3156 4136; x_wconf 89' lang='lat'><strong>;</strong></span> <span class='ocrx_word' id='word_1_644' title='bbox 3188 4084 3310 4123; x_wconf 90' lang='lat' dir='ltr'><strong>cum</strong></span> <span class='ocrx_word' id='word_1_645' title='bbox 3338 4079 3622 4138; x_wconf 82' lang='lat' dir='ltr'><strong>exspecta-</strong></span> 
     </span>
    </p>
   </div>
   <div class='ocr_carea' id='block_1_85' title="bbox 2039 4160 3621 4231">
    <p class='ocr_par' dir='ltr' id='par_1_85' title="bbox 2039 4160 3621 4231">
     <span class='ocr_line' id='line_1_85' title="bbox 2039 4160 3621 4231; baseline -0.003 -16"><span class='ocrx_word' id='word_1_646' title='bbox 2039 4170 2161 4217; x_wconf 82' lang='lat' dir='ltr'><strong>rent</strong></span> <span class='ocrx_word' id='word_1_647' title='bbox 2187 4161 2469 4230; x_wconf 79' lang='lat' dir='ltr'><strong>fulgorem,</strong></span> <span class='ocrx_word' id='word_1_648' title='bbox 2498 4161 2551 4214; x_wconf 93' lang='lat' dir='ltr'><strong>in</strong></span> <span class='ocrx_word' id='word_1_649' title='bbox 2581 4161 2815 4231; x_wconf 88' lang='lat' dir='ltr'><strong>caligine</strong></span> <span class='ocrx_word' id='word_1_650' title='bbox 2842 4160 3279 4215; x_wconf 85' lang='lat' dir='ltr'><strong>ambulaverunt.</strong></span> <span class='ocrx_word' id='word_1_651' title='bbox 3319 4160 3621 4231; x_wconf 82' lang='lat' dir='ltr'><strong>Palpabunt</strong></span> 
     </span>
    </p>
   </div>
   <div class='ocr_carea' id='block_1_86' title="bbox 2041 4252 3619 4322">
    <p class='ocr_par' dir='ltr' id='par_1_86' title="bbox 2041 4252 3619 4322">
     <span class='ocr_line' id='line_1_86' title="bbox 2041 4252 3619 4322; baseline -0.003 -14"><span class='ocrx_word' id='word_1_652' title='bbox 2041 4264 2290 4322; x_wconf 88' lang='lat' dir='ltr'><strong>lanquam</strong></span> <span class='ocrx_word' id='word_1_653' title='bbox 2321 4253 2447 4307; x_wconf 70' lang='grc' dir='ltr'><strong>ιιωοί</strong></span> <span class='ocrx_word' id='word_1_654' title='bbox 2476 4269 2686 4306; x_wconf 89' lang='lat' dir='ltr'><strong>murum</strong></span> <span class='ocrx_word' id='word_1_655' title='bbox 2707 4270 2720 4306; x_wconf 92' lang='lat'><strong>:</strong></span> <span class='ocrx_word' id='word_1_656' title='bbox 2741 4263 2795 4307; x_wconf 88' lang='lat' dir='ltr'><strong>et</strong></span> <span class='ocrx_word' id='word_1_657' title='bbox 2823 4253 2975 4322; x_wconf 87' lang='lat' dir='ltr'><strong>quasi</strong></span> <span class='ocrx_word' id='word_1_658' title='bbox 3006 4253 3193 4307; x_wconf 90' lang='lat' dir='ltr'><strong>oculos</strong></span> <span class='ocrx_word' id='word_1_659' title='bbox 3228 4268 3333 4306; x_wconf 89' lang='lat' dir='ltr'><strong>non</strong></span> <span class='ocrx_word' id='word_1_660' title='bbox 3363 4252 3619 4317; x_wconf 72' lang='lat' dir='ltr'><strong>habeant,</strong></span> 
     </span>
    </p>
   </div>
   <div class='ocr_carea' id='block_1_87' title="bbox 353 4344 1939 4420">
    <p class='ocr_par' dir='ltr' id='par_1_87' title="bbox 353 4344 1936 4420">
     <span class='ocr_line' id='line_1_87' title="bbox 353 4344 1936 4420; baseline 0.004 -23"><span class='ocrx_word' id='word_1_661' title='bbox 353 4344 461 4398; x_wconf 79' lang='lat' dir='ltr'><strong>Kal.</strong></span> <span class='ocrx_word' id='word_1_662' title='bbox 494 4346 783 4399; x_wconf 80' lang='grc' dir='ltr'>πεσοῦνται</span> <span class='ocrx_word' id='word_1_663' title='bbox 817 4348 873 4400; x_wconf 80' lang='grc' dir='ltr'>ὲν</span> <span class='ocrx_word' id='word_1_664' title='bbox 922 4347 1239 4419; x_wconf 77' lang='grc' dir='ltr'>μεσημϐρίᾳ</span> <span class='ocrx_word' id='word_1_665' title='bbox 1265 4348 1340 4411; x_wconf 81' lang='grc' dir='ltr'>ὡς</span> <span class='ocrx_word' id='word_1_666' title='bbox 1381 4349 1438 4401; x_wconf 85' lang='grc' dir='ltr'><strong>ἐν</strong></span> <span class='ocrx_word' id='word_1_667' title='bbox 1472 4350 1824 4420; x_wconf 85' lang='grc' dir='ltr'>μεσονυκτίῳ,</span> <span class='ocrx_word' id='word_1_668' title='bbox 1859 4350 1936 4414; x_wconf 85' lang='grc' dir='ltr'>ὡς</span> 
     </span>
    </p>
   </div>
   <div class='ocr_carea' id='block_1_88' title="bbox 2045 4344 3619 4420">
    <p class='ocr_par' dir='ltr' id='par_1_88' title="bbox 2045 4346 3619 4414">
     <span class='ocr_line' id='line_1_88' title="bbox 2045 4346 3619 4414; baseline -0.004 -13"><span class='ocrx_word' id='word_1_669' title='bbox 2045 4348 2424 4402; x_wconf 80' lang='lat' dir='ltr'><strong>attrectabunt.</strong></span> <span class='ocrx_word' id='word_1_670' title='bbox 2460 4346 2525 4400; x_wconf 87' lang='lat' dir='ltr'><strong>Et</strong></span> <span class='ocrx_word' id='word_1_671' title='bbox 2549 4347 2837 4400; x_wconf 81' lang='lat' dir='ltr'><strong>cadent‘in</strong></span> <span class='ocrx_word' id='word_1_672' title='bbox 2880 4346 3108 4400; x_wconf 90' lang='lat' dir='ltr'><strong>meridie</strong></span> <span class='ocrx_word' id='word_1_673' title='bbox 3138 4355 3393 4414; x_wconf 85' lang='lat' dir='ltr'><strong>tanquam</strong></span> <span class='ocrx_word' id='word_1_674' title='bbox 3427 4346 3479 4397; x_wconf 88' lang='lat' dir='ltr'><strong>in</strong></span> <span class='ocrx_word' id='word_1_675' title='bbox 3510 4359 3619 4397; x_wconf 85' lang='lat' dir='ltr'><strong>me-</strong></span> 
     </span>
    </p>
   </div>
   <div class='ocr_carea' id='block_1_89' title="bbox 352 4435 1939 4512">
    <p class='ocr_par' dir='ltr' id='par_1_89' title="bbox 352 4435 1935 4512">
     <span class='ocr_line' id='line_1_89' title="bbox 352 4435 1935 4512; baseline 0.003 -24"><span class='ocrx_word' id='word_1_676' title='bbox 352 4435 785 4507; x_wconf 87' lang='grc' dir='ltr'>ἀποθνήσκοντες</span> <span class='ocrx_word' id='word_1_677' title='bbox 843 4439 1178 4505; x_wconf 76' lang='grc' dir='ltr'>στενάξουσι.</span> <span class='ocrx_word' id='word_1_678' title='bbox 1222 4460 1239 4491; x_wconf 73' lang='grc' dir='ltr'><strong>ι</strong></span> <span class='ocrx_word' id='word_1_679' title='bbox 1291 4439 1449 4493; x_wconf 78' lang='grc' dir='ltr'>Κατά</span> <span class='ocrx_word' id='word_1_680' title='bbox 1503 4440 1557 4492; x_wconf 84' lang='grc' dir='ltr'>δὲ</span> <span class='ocrx_word' id='word_1_681' title='bbox 1606 4440 1698 4493; x_wconf 83' lang='grc' dir='ltr'><strong>τὸν</strong></span> <span class='ocrx_word' id='word_1_682' title='bbox 1744 4441 1935 4512; x_wconf 83' lang='grc' dir='ltr'>καιρὸν</span> 
     </span>
    </p>
   </div>
   <div class='ocr_carea' id='block_1_90' title="bbox 2045 4435 3620 4512">
    <p class='ocr_par' dir='ltr' id='par_1_90' title="bbox 2045 4435 3620 4507">
     <span class='ocr_line' id='line_1_90' title="bbox 2045 4435 3620 4507; baseline -0.002 -16"><span class='ocrx_word' id='word_1_683' title='bbox 2045 4442 2123 4495; x_wconf 78' lang='lat' dir='ltr'><strong>dia</strong></span> <span class='ocrx_word' id='word_1_684' title='bbox 2153 4451 2332 4505; x_wconf 83' lang='lat' dir='ltr'><strong>nocte,</strong></span> <span class='ocrx_word' id='word_1_685' title='bbox 2363 4441 2515 4504; x_wconf 86' lang='lat' dir='ltr'><strong>quasi</strong></span> <span class='ocrx_word' id='word_1_686' title='bbox 2550 4440 2843 4493; x_wconf 89' lang='lat' dir='ltr'><strong>morientes</strong></span> <span class='ocrx_word' id='word_1_687' title='bbox 2874 4438 3248 4507; x_wconf 84' lang='lat' dir='ltr'><strong>ingemiscent.</strong></span> <span class='ocrx_word' id='word_1_688' title='bbox 3298 4456 3317 4489; x_wconf 74' lang='grc' dir='ltr'><strong>ι</strong></span> <span class='ocrx_word' id='word_1_689' title='bbox 3355 4435 3620 4505; x_wconf 75' lang='lat' dir='ltr'><strong>Tempme</strong></span> 
     </span>
    </p>
   </div>
   <div class='ocr_carea' id='block_1_91' title="bbox 350 4524 1939 4605">
    <p class='ocr_par' dir='ltr' id='par_1_91' title="bbox 350 4524 1933 4605">
     <span class='ocr_line' id='line_1_91' title="bbox 350 4524 1933 4605; baseline 0.006 -28"><span class='ocrx_word' id='word_1_690' title='bbox 350 4524 441 4577; x_wconf 83' lang='grc' dir='ltr'><strong>τοῦ</strong></span> <span class='ocrx_word' id='word_1_691' title='bbox 475 4526 581 4579; x_wconf 83' lang='grc' dir='ltr'><strong>τῶν</strong></span> <span class='ocrx_word' id='word_1_692' title='bbox 611 4527 778 4579; x_wconf 76' lang='grc' dir='ltr'>ἐθνῶν</span> <span class='ocrx_word' id='word_1_693' title='bbox 824 4529 1198 4600; x_wconf 74' lang='grc' dir='ltr'>μεσημϐρινοῦ</span> <span class='ocrx_word' id='word_1_694' title='bbox 1230 4532 1427 4595; x_wconf 81' lang='grc' dir='ltr'>φωτὸς,</span> <span class='ocrx_word' id='word_1_695' title='bbox 1474 4536 1596 4597; x_wconf 88' lang='grc' dir='ltr'>ταῖς</span> <span class='ocrx_word' id='word_1_696' title='bbox 1644 4534 1933 4605; x_wconf 87' lang='grc' dir='ltr'>σωτηρίοις</span> 
     </span>
    </p>
   </div>
   <div class='ocr_carea' id='block_1_92' title="bbox 2045 4524 3617 4605">
    <p class='ocr_par' dir='ltr' id='par_1_92' title="bbox 2045 4529 3617 4602">
     <span class='ocr_line' id='line_1_92' title="bbox 2045 4529 3617 4602; baseline -0.003 -16"><span class='ocrx_word' id='word_1_697' title='bbox 2045 4534 2352 4588; x_wconf 54' lang='lat' dir='ltr'><strong>meridianae</strong></span> <span class='ocrx_word' id='word_1_698' title='bbox 2380 4532 2616 4602; x_wconf 85' lang='lat' dir='ltr'><strong>gentium</strong></span> <span class='ocrx_word' id='word_1_699' title='bbox 2647 4531 2784 4585; x_wconf 85' lang='lat' dir='ltr'><strong>lucis</strong></span> <span class='ocrx_word' id='word_1_700' title='bbox 2807 4571 2821 4593; x_wconf 92' lang='lat'><strong>,</strong></span> <span class='ocrx_word' id='word_1_701' title='bbox 2849 4530 3180 4584; x_wconf 88' lang='lat' dir='ltr'><strong>salutaribus</strong></span> <span class='ocrx_word' id='word_1_702' title='bbox 3207 4541 3261 4583; x_wconf 88' lang='lat' dir='ltr'><strong>et</strong></span> <span class='ocrx_word' id='word_1_703' title='bbox 3283 4529 3617 4600; x_wconf 69' lang='lat' dir='ltr'><strong>evangelicis</strong></span> 
     </span>
    </p>
   </div>
   <div class='ocr_carea' id='block_1_93' title="bbox 352 4616 1927 4693">
    <p class='ocr_par' dir='ltr' id='par_1_93' title="bbox 352 4616 1927 4693">
     <span class='ocr_line' id='line_1_93' title="bbox 352 4616 1927 4693; baseline 0.005 -24"><span class='ocrx_word' id='word_1_704' title='bbox 352 4616 438 4669; x_wconf 76' lang='grc' dir='ltr'><strong>καὶ</strong></span> <span class='ocrx_word' id='word_1_705' title='bbox 487 4618 868 4685; x_wconf 86' lang='grc' dir='ltr'>εὑαγγελικαῖς</span> <span class='ocrx_word' id='word_1_706' title='bbox 913 4621 1109 4687; x_wconf 88' lang='grc' dir='ltr'>αὑγαῖς</span> <span class='ocrx_word' id='word_1_707' title='bbox 1142 4622 1241 4692; x_wconf 83' lang='grc' dir='ltr'>τῆς</span> <span class='ocrx_word' id='word_1_708' title='bbox 1281 4622 1604 4693; x_wconf 86' lang='grc' dir='ltr'>Ἑκκλησίας</span> <span class='ocrx_word' id='word_1_709' title='bbox 1647 4624 1741 4677; x_wconf 88' lang='grc' dir='ltr'><strong>τοῦ</strong></span> <span class='ocrx_word' id='word_1_710' title='bbox 1793 4623 1927 4677; x_wconf 85' lang='grc' dir='ltr'>Θεοῦ</span> 
     </span>
    </p>
   </div>
   <div class='ocr_carea' id='block_1_94' title="bbox 352 4707 1931 4784">
    <p class='ocr_par' dir='ltr' id='par_1_94' title="bbox 352 4707 1931 4784">
     <span class='ocr_line' id='line_1_94' title="bbox 352 4707 1931 4784; baseline 0.004 -24"><span class='ocrx_word' id='word_1_711' title='bbox 352 4707 869 4779; x_wconf 83' lang='grc' dir='ltr'>καταλαμπομένης,</span> <span class='ocrx_word' id='word_1_712' title='bbox 905 4710 1053 4779; x_wconf 86' lang='grc' dir='ltr'>μόνοι</span> <span class='ocrx_word' id='word_1_713' title='bbox 1088 4711 1262 4774; x_wconf 75' lang='grc' dir='ltr'>αὑτοὶ,</span> <span class='ocrx_word' id='word_1_714' title='bbox 1295 4713 1368 4773; x_wconf 83' lang='grc' dir='ltr'>ὡς</span> <span class='ocrx_word' id='word_1_715' title='bbox 1394 4713 1459 4766; x_wconf 86' lang='grc' dir='ltr'>ἂν</span> <span class='ocrx_word' id='word_1_716' title='bbox 1488 4714 1557 4767; x_wconf 90' lang='grc' dir='ltr'><strong>τά</strong></span> <span class='ocrx_word' id='word_1_717' title='bbox 1593 4714 1727 4784; x_wconf 78' lang='grc' dir='ltr'>πρὸς</span> <span class='ocrx_word' id='word_1_718' title='bbox 1769 4714 1931 4769; x_wconf 86' lang='grc' dir='ltr'>θάνα-</span> 
     </span>
    </p>
   </div>
   <div class='ocr_carea' id='block_1_95' title="bbox 349 4801 1929 4876">
    <p class='ocr_par' dir='ltr' id='par_1_95' title="bbox 349 4801 1929 4876">
     <span class='ocr_line' id='line_1_95' title="bbox 349 4801 1929 4876; baseline 0.004 -24"><span class='ocrx_word' id='word_1_719' title='bbox 349 4815 438 4853; x_wconf 79' lang='grc' dir='ltr'><strong>τον</strong></span> <span class='ocrx_word' id='word_1_720' title='bbox 468 4801 870 4871; x_wconf 76' lang='grc' dir='ltr'>ἡμαρτηκότες,</span> <span class='ocrx_word' id='word_1_721' title='bbox 924 4801 1265 4862; x_wconf 81' lang='grc' dir='ltr'>πεπτώκασι,</span> <span class='ocrx_word' id='word_1_722' title='bbox 1327 4806 1418 4856; x_wconf 81' lang='grc' dir='ltr'><strong>καὶ</strong></span> <span class='ocrx_word' id='word_1_723' title='bbox 1463 4804 1650 4876; x_wconf 81' lang='grc' dir='ltr'>ὥσπερ</span> <span class='ocrx_word' id='word_1_724' title='bbox 1680 4808 1737 4857; x_wconf 83' lang='grc' dir='ltr'>ἐν</span> <span class='ocrx_word' id='word_1_725' title='bbox 1766 4824 1929 4876; x_wconf 81' lang='grc' dir='ltr'>μεσο-</span> 
     </span>
    </p>
   </div>
   <div class='ocr_carea' id='block_1_96' title="bbox 353 4891 868 4961">
    <p class='ocr_par' dir='ltr' id='par_1_96' title="bbox 353 4891 868 4961">
     <span class='ocr_line' id='line_1_96' title="bbox 353 4891 868 4961; baseline 0.004 -18"><span class='ocrx_word' id='word_1_726' title='bbox 353 4893 550 4961; x_wconf 85' lang='grc' dir='ltr'>νυκτίῳ</span> <span class='ocrx_word' id='word_1_727' title='bbox 570 4891 868 4959; x_wconf 82' lang='grc' dir='ltr'>διάγουσιν.</span> 
     </span>
    </p>
   </div>
   <div class='ocr_carea' id='block_1_97' title="bbox 424 4966 1921 5057">
    <p class='ocr_par' dir='ltr' id='par_1_97' title="bbox 424 4966 1921 5057">
     <span class='ocr_line' id='line_1_97' title="bbox 424 4966 1921 5057; baseline 0.005 -23"><span class='ocrx_word' id='word_1_728' title='bbox 424 5003 441 5034; x_wconf 84' lang='grc' dir='ltr'><strong>ι</strong></span> <span class='ocrx_word' id='word_1_729' title='bbox 493 4984 580 5046; x_wconf 80' lang='grc' dir='ltr'>Ὠς</span> <span class='ocrx_word' id='word_1_730' title='bbox 614 4984 814 5054; x_wconf 76' lang='grc' dir='ltr'>ἄρκτος</span> <span class='ocrx_word' id='word_1_731' title='bbox 857 4984 889 5055; x_wconf 82' lang='grc' dir='ltr'>ἢ</span> <span class='ocrx_word' id='word_1_732' title='bbox 937 4966 1013 5046; x_wconf 68' lang='grc' dir='ltr'>ὥς</span> <span class='ocrx_word' id='word_1_733' title='bbox 1052 4984 1348 5055; x_wconf 85' lang='grc' dir='ltr'>περιστερά</span> <span class='ocrx_word' id='word_1_734' title='bbox 1393 4985 1509 5054; x_wconf 63' lang='grc' dir='ltr'>ἅμα</span> <span class='ocrx_word' id='word_1_735' title='bbox 1550 4986 1921 5057; x_wconf 82' lang='grc' dir='ltr'>πορεύσονται.</span> 
     </span>
    </p>
   </div>
   <div class='ocr_carea' id='block_1_98' title="bbox 361 5074 1927 5150">
    <p class='ocr_par' dir='ltr' id='par_1_98' title="bbox 361 5074 1927 5150">
     <span class='ocr_line' id='line_1_98' title="bbox 361 5074 1927 5150; baseline 0.002 -23"><span class='ocrx_word' id='word_1_736' title='bbox 361 5075 748 5146; x_wconf 74' lang='grc' dir='ltr'>’Δνεμείναμεν</span> <span class='ocrx_word' id='word_1_737' title='bbox 774 5076 975 5147; x_wconf 79' lang='grc' dir='ltr'>κρίσιν,</span> <span class='ocrx_word' id='word_1_738' title='bbox 1005 5077 1098 5128; x_wconf 66' lang='grc' dir='ltr'>καὶ</span> <span class='ocrx_word' id='word_1_739' title='bbox 1127 5076 1226 5127; x_wconf 88' lang='grc' dir='ltr'><strong>οὑκ</strong></span> <span class='ocrx_word' id='word_1_740' title='bbox 1258 5074 1370 5128; x_wconf 73' lang='grc' dir='ltr'>ἔστι</span> <span class='ocrx_word' id='word_1_741' title='bbox 1400 5077 1641 5148; x_wconf 87' lang='grc' dir='ltr'>σωτηρία</span> <span class='ocrx_word' id='word_1_742' title='bbox 1660 5095 1672 5107; x_wconf 91' lang='grc'><strong>·</strong></span> <span class='ocrx_word' id='word_1_743' title='bbox 1713 5078 1927 5150; x_wconf 87' lang='grc' dir='ltr'>μακρὰν</span> 
     </span>
    </p>
   </div>
   <div class='ocr_carea' id='block_1_99' title="bbox 350 5167 1926 5241">
    <p class='ocr_par' dir='ltr' id='par_1_99' title="bbox 350 5167 1926 5241">
     <span class='ocr_line' id='line_1_99' title="bbox 350 5167 1926 5241; baseline 0.002 -21"><span class='ocrx_word' id='word_1_744' title='bbox 350 5169 657 5238; x_wconf 72' lang='grc' dir='ltr'>ἀφέστηκεν</span> <span class='ocrx_word' id='word_1_745' title='bbox 716 5168 807 5236; x_wconf 84' lang='grc' dir='ltr'><strong>ἀφ’</strong></span> <span class='ocrx_word' id='word_1_746' title='bbox 860 5167 1037 5239; x_wconf 85' lang='grc' dir='ltr'>ἡμῶν.</span> <span class='ocrx_word' id='word_1_747' title='bbox 1095 5167 1271 5238; x_wconf 85' lang='grc' dir='ltr'>Πολλὴ</span> <span class='ocrx_word' id='word_1_748' title='bbox 1324 5167 1433 5239; x_wconf 84' lang='grc' dir='ltr'><strong>γὰρ</strong></span> <span class='ocrx_word' id='word_1_749' title='bbox 1464 5169 1618 5241; x_wconf 78' lang='grc' dir='ltr'>ἡμῶν</span> <span class='ocrx_word' id='word_1_750' title='bbox 1657 5172 1689 5241; x_wconf 80' lang='grc' dir='ltr'><strong>ἡ</strong></span> <span class='ocrx_word' id='word_1_751' title='bbox 1730 5172 1926 5241; x_wconf 86' lang='grc' dir='ltr'>ἀνομία</span> 
     </span>
    </p>
   </div>
   <div class='ocr_carea' id='block_1_100' title="bbox 350 5257 1926 5330">
    <p class='ocr_par' dir='ltr' id='par_1_100' title="bbox 350 5257 1926 5330">
     <span class='ocr_line' id='line_1_100' title="bbox 350 5257 1926 5330; baseline 0.001 -19"><span class='ocrx_word' id='word_1_752' title='bbox 350 5260 587 5313; x_wconf 71' lang='grc' dir='ltr'>ἐναντίον</span> <span class='ocrx_word' id='word_1_753' title='bbox 635 5276 747 5321; x_wconf 85' lang='grc' dir='ltr'>σου,</span> <span class='ocrx_word' id='word_1_754' title='bbox 808 5261 904 5313; x_wconf 78' lang='grc' dir='ltr'>καὶ</span> <span class='ocrx_word' id='word_1_755' title='bbox 957 5262 1012 5312; x_wconf 89' lang='lat' dir='ltr'><strong>al.</strong></span> <span class='ocrx_word' id='word_1_756' title='bbox 1066 5258 1332 5330; x_wconf 82' lang='grc' dir='ltr'>ἁμαρτίαι</span> <span class='ocrx_word' id='word_1_757' title='bbox 1384 5257 1539 5329; x_wconf 81' lang='grc' dir='ltr'>ἡμῶν</span> <span class='ocrx_word' id='word_1_758' title='bbox 1592 5260 1926 5329; x_wconf 86' lang='grc' dir='ltr'>ἀντέστησαν</span> 
     </span>
    </p>
   </div>
   <div class='ocr_carea' id='block_1_101' title="bbox 351 5349 1925 5421">
    <p class='ocr_par' dir='ltr' id='par_1_101' title="bbox 351 5349 1925 5421">
     <span class='ocr_line' id='line_1_101' title="bbox 351 5349 1925 5421; baseline 0 -18"><span class='ocrx_word' id='word_1_759' title='bbox 351 5352 504 5421; x_wconf 77' lang='grc' dir='ltr'>ἡμῖν·</span> <span class='ocrx_word' id='word_1_760' title='bbox 538 5352 595 5402; x_wconf 88' lang='grc' dir='ltr'><strong>αἰ</strong></span> <span class='ocrx_word' id='word_1_761' title='bbox 624 5349 733 5421; x_wconf 85' lang='grc' dir='ltr'>γὰρ</span> <span class='ocrx_word' id='word_1_762' title='bbox 764 5351 981 5421; x_wconf 82' lang='grc' dir='ltr'>ἀνομίαι</span> <span class='ocrx_word' id='word_1_763' title='bbox 1016 5350 1172 5420; x_wconf 80' lang='grc' dir='ltr'>ἡμῶν</span> <span class='ocrx_word' id='word_1_764' title='bbox 1196 5352 1252 5402; x_wconf 80' lang='grc' dir='ltr'>ἐν</span> <span class='ocrx_word' id='word_1_765' title='bbox 1292 5351 1442 5420; x_wconf 85' lang='grc' dir='ltr'>ἡμῖν,</span> <span class='ocrx_word' id='word_1_766' title='bbox 1481 5351 1575 5402; x_wconf 81' lang='grc' dir='ltr'><strong>καὶ</strong></span> <span class='ocrx_word' id='word_1_767' title='bbox 1623 5351 1689 5403; x_wconf 85' lang='grc' dir='ltr'>τὰ</span> <span class='ocrx_word' id='word_1_768' title='bbox 1734 5350 1925 5421; x_wconf 86' lang='grc' dir='ltr'>ἀδική-</span> 
     </span>
    </p>
   </div>
   <div class='ocr_carea' id='block_1_102' title="bbox 354 5441 1925 5513">
    <p class='ocr_par' dir='ltr' id='par_1_102' title="bbox 354 5441 1925 5513">
     <span class='ocr_line' id='line_1_102' title="bbox 354 5441 1925 5513; baseline -0.001 -18"><span class='ocrx_word' id='word_1_769' title='bbox 354 5459 491 5512; x_wconf 83' lang='grc' dir='ltr'>ματα</span> <span class='ocrx_word' id='word_1_770' title='bbox 525 5441 683 5512; x_wconf 84' lang='grc' dir='ltr'>ήμῶν</span> <span class='ocrx_word' id='word_1_771' title='bbox 710 5442 972 5511; x_wconf 73' lang='grc' dir='ltr'>ἔγνωμεν.</span> <span class='ocrx_word' id='word_1_772' title='bbox 1015 5462 1032 5493; x_wconf 73' lang='grc' dir='ltr'><strong>ι</strong></span> <span class='ocrx_word' id='word_1_773' title='bbox 1064 5445 1127 5495; x_wconf 77' lang='grc' dir='ltr'><strong>Οἱ</strong></span> <span class='ocrx_word' id='word_1_774' title='bbox 1153 5443 1261 5513; x_wconf 87' lang='grc' dir='ltr'>γὰρ</span> <span class='ocrx_word' id='word_1_775' title='bbox 1309 5443 1603 5511; x_wconf 69' lang='grc' dir='ltr'>στεναγμοὶ</span> <span class='ocrx_word' id='word_1_776' title='bbox 1642 5443 1839 5504; x_wconf 82' lang='grc' dir='ltr'>αὑτῶν,</span> <span class='ocrx_word' id='word_1_777' title='bbox 1876 5446 1925 5494; x_wconf 87' lang='grc' dir='ltr'><strong>εἰ</strong></span> 
     </span>
    </p>
   </div>
   <div class='ocr_carea' id='block_1_103' title="bbox 353 5525 1923 5603">
    <p class='ocr_par' dir='ltr' id='par_1_103' title="bbox 353 5525 1923 5603">
     <span class='ocr_line' id='line_1_103' title="bbox 353 5525 1923 5603; baseline -0.001 -17"><span class='ocrx_word' id='word_1_778' title='bbox 353 5533 446 5603; x_wconf 65' lang='grc' dir='ltr'><strong>μὲν</strong></span> <span class='ocrx_word' id='word_1_779' title='bbox 472 5533 619 5586; x_wconf 84' lang='grc' dir='ltr'><strong>κατά</strong></span> <span class='ocrx_word' id='word_1_780' title='bbox 643 5533 800 5601; x_wconf 86' lang='grc' dir='ltr'>λόγον</span> <span class='ocrx_word' id='word_1_781' title='bbox 830 5534 1067 5600; x_wconf 72' lang='grc' dir='ltr'>ἐγίνοντο</span> <span class='ocrx_word' id='word_1_782' title='bbox 1090 5534 1231 5602; x_wconf 81' lang='grc' dir='ltr'>ὑπὲρ</span> <span class='ocrx_word' id='word_1_783' title='bbox 1267 5525 1341 5584; x_wconf 82' lang='grc' dir='ltr'>ὧν</span> <span class='ocrx_word' id='word_1_784' title='bbox 1376 5533 1738 5603; x_wconf 79' lang='grc' dir='ltr'>τετολμήκασι</span> <span class='ocrx_word' id='word_1_785' title='bbox 1785 5533 1923 5585; x_wconf 81' lang='grc' dir='ltr'>κατὰ</span> 
     </span>
    </p>
   </div>
   <div class='ocr_carea' id='block_1_104' title="bbox 357 5624 1919 5695">
    <p class='ocr_par' dir='ltr' id='par_1_104' title="bbox 357 5624 1919 5695">
     <span class='ocr_line' id='line_1_104' title="bbox 357 5624 1919 5695; baseline -0.001 -18"><span class='ocrx_word' id='word_1_786' title='bbox 357 5625 437 5678; x_wconf 73' lang='grc' dir='ltr'><strong>τοῦ</strong></span> <span class='ocrx_word' id='word_1_787' title='bbox 468 5626 739 5695; x_wconf 79' lang='grc' dir='ltr'>Σωτῆρος,</span> <span class='ocrx_word' id='word_1_788' title='bbox 766 5625 1062 5693; x_wconf 78' lang='grc' dir='ltr'>ὲπωφελεῖς</span> <span class='ocrx_word' id='word_1_789' title='bbox 1091 5624 1335 5693; x_wconf 74' lang='grc' dir='ltr'>ἐγένοντο</span> <span class='ocrx_word' id='word_1_790' title='bbox 1367 5624 1450 5679; x_wconf 68' lang='grc' dir='ltr'><strong>ἄν.</strong></span> <span class='ocrx_word' id='word_1_791' title='bbox 1498 5625 1617 5695; x_wconf 80' lang='grc' dir='ltr'><strong>Χρὴ</strong></span> <span class='ocrx_word' id='word_1_792' title='bbox 1670 5625 1776 5694; x_wconf 78' lang='grc' dir='ltr'>γὰρ</span> <span class='ocrx_word' id='word_1_793' title='bbox 1824 5625 1919 5676; x_wconf 89' lang='grc' dir='ltr'>αὑ-</span> 
     </span>
    </p>
   </div>
   <div class='ocr_carea' id='block_1_105' title="bbox 414 5826 1474 5897">
    <p class='ocr_par' dir='ltr' id='par_1_105' title="bbox 414 5826 1474 5897">
     <span class='ocr_line' id='line_1_105' title="bbox 414 5826 1474 5897; baseline 0.004 -17"><span class='ocrx_word' id='word_1_794' title='bbox 414 5826 458 5858; x_wconf 77' lang='lat'>&quot;</span> <span class='ocrx_word' id='word_1_795' title='bbox 500 5827 696 5897; x_wconf 77' lang='lat' dir='ltr'><strong>Epltcs.</strong></span> <span class='ocrx_word' id='word_1_796' title='bbox 735 5845 790 5892; x_wconf 84' lang='lat' dir='ltr'><strong>II,</strong></span> <span class='ocrx_word' id='word_1_797' title='bbox 832 5826 911 5882; x_wconf 66' lang='grc' dir='ltr'>ιι.</span> <span class='ocrx_word' id='word_1_798' title='bbox 995 5828 1035 5859; x_wconf 73' lang='grc'><strong>⁸⁸</strong></span> <span class='ocrx_word' id='word_1_799' title='bbox 1065 5828 1218 5883; x_wconf 74' lang='lat' dir='ltr'><strong>Jnan.</strong></span> <span class='ocrx_word' id='word_1_800' title='bbox 1251 5830 1474 5894; x_wconf 67' lang='lat' dir='ltr'><strong>1tv,27.</strong></span> 
     </span>
    </p>
   </div>
   <div class='ocr_carea' id='block_1_106' title="bbox 2040 4620 3615 4689">
    <p class='ocr_par' dir='ltr' id='par_1_106' title="bbox 2040 4620 3615 4689">
     <span class='ocr_line' id='line_1_106' title="bbox 2040 4620 3615 4689; baseline -0.003 -13"><span class='ocrx_word' id='word_1_801' title='bbox 2040 4623 2203 4677; x_wconf 82' lang='lat' dir='ltr'><strong>radiis</strong></span> <span class='ocrx_word' id='word_1_802' title='bbox 2235 4623 2502 4678; x_wconf 90' lang='lat' dir='ltr'><strong>illustrata</strong></span> <span class='ocrx_word' id='word_1_803' title='bbox 2544 4622 2785 4675; x_wconf 88' lang='lat' dir='ltr'><strong>Ecclesia</strong></span> <span class='ocrx_word' id='word_1_804' title='bbox 2819 4620 2914 4673; x_wconf 91' lang='lat' dir='ltr'><strong>Dei</strong></span> <span class='ocrx_word' id='word_1_805' title='bbox 2941 4660 2957 4685; x_wconf 90' lang='lat'><strong>,</strong></span> <span class='ocrx_word' id='word_1_806' title='bbox 2998 4620 3096 4689; x_wconf 86' lang='lat' dir='ltr'><strong>ipsi</strong></span> <span class='ocrx_word' id='word_1_807' title='bbox 3125 4620 3228 4674; x_wconf 91' lang='lat' dir='ltr'><strong>soli</strong></span> <span class='ocrx_word' id='word_1_808' title='bbox 3258 4661 3273 4685; x_wconf 91' lang='lat'><strong>,</strong></span> <span class='ocrx_word' id='word_1_809' title='bbox 3305 4630 3493 4689; x_wconf 87' lang='lat' dir='ltr'><strong>utpote</strong></span> <span class='ocrx_word' id='word_1_810' title='bbox 3520 4622 3615 4689; x_wconf 82' lang='lat' dir='ltr'><strong>qui</strong></span> 
     </span>
    </p>
   </div>
   <div class='ocr_carea' id='block_1_107' title="bbox 2035 4708 3616 4780">
    <p class='ocr_par' dir='ltr' id='par_1_107' title="bbox 2035 4708 3616 4780">
     <span class='ocr_line' id='line_1_107' title="bbox 2035 4708 3616 4780; baseline -0.003 -15"><span class='ocrx_word' id='word_1_811' title='bbox 2035 4714 2098 4765; x_wconf 89' lang='lat' dir='ltr'><strong>ad</strong></span> <span class='ocrx_word' id='word_1_812' title='bbox 2126 4724 2357 4766; x_wconf 86' lang='lat' dir='ltr'><strong>mortem</strong></span> <span class='ocrx_word' id='word_1_813' title='bbox 2395 4710 2743 4780; x_wconf 69' lang='lat' dir='ltr'><strong>peccaverint</strong></span> <span class='ocrx_word' id='word_1_814' title='bbox 2768 4748 2784 4774; x_wconf 89' lang='lat'><strong>,</strong></span> <span class='ocrx_word' id='word_1_815' title='bbox 2836 4708 3044 4778; x_wconf 87' lang='lat' dir='ltr'><strong>delapsi</strong></span> <span class='ocrx_word' id='word_1_816' title='bbox 3077 4717 3243 4772; x_wconf 85' lang='lat' dir='ltr'><strong>sunt,</strong></span> <span class='ocrx_word' id='word_1_817' title='bbox 3287 4720 3341 4763; x_wconf 90' lang='lat' dir='ltr'><strong>et</strong></span> <span class='ocrx_word' id='word_1_818' title='bbox 3366 4709 3518 4778; x_wconf 89' lang='lat' dir='ltr'><strong>quasi</strong></span> <span class='ocrx_word' id='word_1_819' title='bbox 3564 4709 3616 4761; x_wconf 90' lang='lat' dir='ltr'><strong>in</strong></span> 
     </span>
    </p>
   </div>
   <div class='ocr_carea' id='block_1_108' title="bbox 2034 4804 2617 4872">
    <p class='ocr_par' dir='ltr' id='par_1_108' title="bbox 2034 4804 2617 4872">
     <span class='ocr_line' id='line_1_108' title="bbox 2034 4804 2617 4872; baseline -0.003 -15"><span class='ocrx_word' id='word_1_820' title='bbox 2034 4804 2208 4859; x_wconf 88' lang='lat' dir='ltr'><strong>media</strong></span> <span class='ocrx_word' id='word_1_821' title='bbox 2246 4814 2405 4858; x_wconf 88' lang='lat' dir='ltr'><strong>nocte</strong></span> <span class='ocrx_word' id='word_1_822' title='bbox 2430 4814 2617 4872; x_wconf 74' lang='lat' dir='ltr'><strong>agunt.</strong></span> 
     </span>
    </p>
   </div>
   <div class='ocr_carea' id='block_1_109' title="bbox 2108 4983 3615 5051">
    <p class='ocr_par' dir='ltr' id='par_1_109' title="bbox 2108 4983 3615 5051">
     <span class='ocr_line' id='line_1_109' title="bbox 2108 4983 3615 5051; baseline -0.005 -13"><span class='ocrx_word' id='word_1_823' title='bbox 2108 4985 2267 5039; x_wconf 75' lang='lat' dir='ltr'><strong>Vens.</strong></span> <span class='ocrx_word' id='word_1_824' title='bbox 2302 4984 2390 5044; x_wconf 77' lang='lat' dir='ltr'><strong>ll,</strong></span> <span class='ocrx_word' id='word_1_825' title='bbox 2424 4984 2510 5039; x_wconf 73' lang='lat'><strong>12.</strong></span> <span class='ocrx_word' id='word_1_826' title='bbox 2549 5003 2567 5035; x_wconf 82' lang='grc' dir='ltr'><strong>ι</strong></span> <span class='ocrx_word' id='word_1_827' title='bbox 2598 4983 2879 5051; x_wconf 85' lang='lat' dir='ltr'><strong>Tanquam</strong></span> <span class='ocrx_word' id='word_1_828' title='bbox 2915 4991 3211 5045; x_wconf 89' lang='lat' dir='ltr'><strong>ursus,aut</strong></span> <span class='ocrx_word' id='word_1_829' title='bbox 3244 4990 3496 5050; x_wconf 85' lang='lat' dir='ltr'><strong>tanquam</strong></span> <span class='ocrx_word' id='word_1_830' title='bbox 3522 4994 3615 5033; x_wconf 83' lang='lat' dir='ltr'><strong>co-</strong></span> 
     </span>
    </p>
   </div>
   <div class='ocr_carea' id='block_1_110' title="bbox 2032 5072 3611 5144">
    <p class='ocr_par' dir='ltr' id='par_1_110' title="bbox 2032 5072 3611 5144">
     <span class='ocr_line' id='line_1_110' title="bbox 2032 5072 3611 5144; baseline -0.006 -12"><span class='ocrx_word' id='word_1_831' title='bbox 2032 5080 2211 5133; x_wconf 89' lang='lat' dir='ltr'><strong>lumba</strong></span> <span class='ocrx_word' id='word_1_832' title='bbox 2246 5078 2408 5133; x_wconf 86' lang='lat' dir='ltr'><strong>simul</strong></span> <span class='ocrx_word' id='word_1_833' title='bbox 2447 5078 2721 5132; x_wconf 86' lang='lat' dir='ltr'><strong>incedent.</strong></span> <span class='ocrx_word' id='word_1_834' title='bbox 2764 5075 3213 5144; x_wconf 78' lang='lat' dir='ltr'><strong>Exspectavimus</strong></span> <span class='ocrx_word' id='word_1_835' title='bbox 3246 5072 3611 5142; x_wconf 85' lang='lat' dir='ltr'><strong>judicium,et</strong></span> 
     </span>
    </p>
   </div>
   <div class='ocr_carea' id='block_1_111' title="bbox 2031 5161 3609 5240">
    <p class='ocr_par' dir='ltr' id='par_1_111' title="bbox 2031 5161 3609 5240">
     <span class='ocr_line' id='line_1_111' title="bbox 2031 5161 3609 5240; baseline -0.007 -16"><span class='ocrx_word' id='word_1_836' title='bbox 2031 5188 2134 5226; x_wconf 89' lang='lat' dir='ltr'><strong>non</strong></span> <span class='ocrx_word' id='word_1_837' title='bbox 2175 5182 2259 5226; x_wconf 90' lang='lat' dir='ltr'><strong>est</strong></span> <span class='ocrx_word' id='word_1_838' title='bbox 2285 5171 2430 5225; x_wconf 86' lang='lat' dir='ltr'><strong>salus</strong></span> <span class='ocrx_word' id='word_1_839' title='bbox 2465 5188 2478 5223; x_wconf 91' lang='lat'><strong>:</strong></span> <span class='ocrx_word' id='word_1_840' title='bbox 2515 5170 2676 5240; x_wconf 78' lang='lat' dir='ltr'><strong>longe</strong></span> <span class='ocrx_word' id='word_1_841' title='bbox 2710 5169 2938 5223; x_wconf 90' lang='lat' dir='ltr'><strong>recessit</strong></span> <span class='ocrx_word' id='word_1_842' title='bbox 2967 5184 2994 5220; x_wconf 91' lang='lat' dir='ltr'><strong>a</strong></span> <span class='ocrx_word' id='word_1_843' title='bbox 3034 5166 3212 5222; x_wconf 88' lang='lat' dir='ltr'><strong>nobis.</strong></span> <span class='ocrx_word' id='word_1_844' title='bbox 3258 5165 3421 5219; x_wconf 78' lang='lat' dir='ltr'><strong>Multa</strong></span> <span class='ocrx_word' id='word_1_845' title='bbox 3462 5161 3609 5217; x_wconf 86' lang='lat' dir='ltr'><strong>enim</strong></span> 
     </span>
    </p>
   </div>
   <div class='ocr_carea' id='block_1_112' title="bbox 2030 5261 3608 5333">
    <p class='ocr_par' dir='ltr' id='par_1_112' title="bbox 2030 5261 3608 5333">
     <span class='ocr_line' id='line_1_112' title="bbox 2030 5261 3608 5333; baseline -0.008 -16"><span class='ocrx_word' id='word_1_846' title='bbox 2030 5264 2289 5333; x_wconf 71' lang='lat' dir='ltr'><strong>in‘qnitas</strong></span> <span class='ocrx_word' id='word_1_847' title='bbox 2323 5272 2504 5316; x_wconf 84' lang='lat' dir='ltr'><strong>nostra</strong></span> <span class='ocrx_word' id='word_1_848' title='bbox 2547 5261 2601 5314; x_wconf 92' lang='lat' dir='ltr'><strong>in</strong></span> <span class='ocrx_word' id='word_1_849' title='bbox 2649 5269 2940 5328; x_wconf 87' lang='lat' dir='ltr'><strong>conspectu</strong></span> <span class='ocrx_word' id='word_1_850' title='bbox 2995 5268 3088 5311; x_wconf 87' lang='lat' dir='ltr'><strong>tuo</strong></span> <span class='ocrx_word' id='word_1_851' title='bbox 3113 5298 3127 5321; x_wconf 85' lang='lat'><strong>,</strong></span> <span class='ocrx_word' id='word_1_852' title='bbox 3164 5266 3217 5309; x_wconf 88' lang='lat' dir='ltr'><strong>et</strong></span> <span class='ocrx_word' id='word_1_853' title='bbox 3248 5267 3468 5325; x_wconf 86' lang='lat' dir='ltr'><strong>peccata</strong></span> <span class='ocrx_word' id='word_1_854' title='bbox 3509 5268 3608 5306; x_wconf 87' lang='lat' dir='ltr'><strong>no-</strong></span> 
     </span>
    </p>
   </div>
   <div class='ocr_carea' id='block_1_113' title="bbox 2029 5342 3606 5416">
    <p class='ocr_par' dir='ltr' id='par_1_113' title="bbox 2029 5342 3606 5416">
     <span class='ocr_line' id='line_1_113' title="bbox 2029 5342 3606 5416; baseline -0.008 -9"><span class='ocrx_word' id='word_1_855' title='bbox 2029 5368 2139 5407; x_wconf 87' lang='lat' dir='ltr'><strong>stra</strong></span> <span class='ocrx_word' id='word_1_856' title='bbox 2178 5353 2505 5408; x_wconf 85' lang='lat' dir='ltr'><strong>obstiterunt</strong></span> <span class='ocrx_word' id='word_1_857' title='bbox 2552 5351 2731 5406; x_wconf 87' lang='lat' dir='ltr'><strong>nobis.</strong></span> <span class='ocrx_word' id='word_1_858' title='bbox 2776 5349 3095 5416; x_wconf 84' lang='lat' dir='ltr'><strong>lniquitates</strong></span> <span class='ocrx_word' id='word_1_859' title='bbox 3130 5347 3274 5400; x_wconf 89' lang='lat' dir='ltr'><strong>enim</strong></span> <span class='ocrx_word' id='word_1_860' title='bbox 3323 5353 3525 5397; x_wconf 64' lang='lat' dir='ltr'><strong>nostra:</strong></span> <span class='ocrx_word' id='word_1_861' title='bbox 3555 5342 3606 5394; x_wconf 89' lang='lat' dir='ltr'><strong>in</strong></span> 
     </span>
    </p>
   </div>
   <div class='ocr_carea' id='block_1_114' title="bbox 2030 5434 3599 5509">
    <p class='ocr_par' dir='ltr' id='par_1_114' title="bbox 2030 5434 3599 5509">
     <span class='ocr_line' id='line_1_114' title="bbox 2030 5434 3599 5509; baseline -0.008 -13"><span class='ocrx_word' id='word_1_862' title='bbox 2030 5444 2187 5498; x_wconf 84' lang='lat' dir='ltr'><strong>nobis</strong></span> <span class='ocrx_word' id='word_1_863' title='bbox 2239 5453 2365 5498; x_wconf 71' lang='lat' dir='ltr'><strong>Sunt</strong></span> <span class='ocrx_word' id='word_1_864' title='bbox 2398 5482 2413 5508; x_wconf 91' lang='lat'><strong>,</strong></span> <span class='ocrx_word' id='word_1_865' title='bbox 2452 5451 2509 5495; x_wconf 88' lang='lat' dir='ltr'><strong>et</strong></span> <span class='ocrx_word' id='word_1_866' title='bbox 2560 5440 2855 5509; x_wconf 87' lang='lat' dir='ltr'><strong>injustitias</strong></span> <span class='ocrx_word' id='word_1_867' title='bbox 2902 5448 3117 5493; x_wconf 90' lang='lat' dir='ltr'><strong>nostras</strong></span> <span class='ocrx_word' id='word_1_868' title='bbox 3160 5434 3536 5505; x_wconf 88' lang='lat' dir='ltr'><strong>cognovimus.</strong></span> <span class='ocrx_word' id='word_1_869' title='bbox 3579 5451 3599 5484; x_wconf 69' lang='grc' dir='ltr'><strong>ι</strong></span> 
     </span>
    </p>
   </div>
   <div class='ocr_carea' id='block_1_115' title="bbox 2029 5527 3601 5603">
    <p class='ocr_par' dir='ltr' id='par_1_115' title="bbox 2029 5527 3601 5603">
     <span class='ocr_line' id='line_1_115' title="bbox 2029 5527 3601 5603; baseline -0.007 -18"><span class='ocrx_word' id='word_1_870' title='bbox 2029 5533 2159 5587; x_wconf 80' lang='lat' dir='ltr'><strong>Nam</strong></span> <span class='ocrx_word' id='word_1_871' title='bbox 2201 5533 2436 5603; x_wconf 89' lang='lat' dir='ltr'><strong>gemitus</strong></span> <span class='ocrx_word' id='word_1_872' title='bbox 2500 5530 2739 5600; x_wconf 90' lang='lat' dir='ltr'><strong>ipsorum</strong></span> <span class='ocrx_word' id='word_1_873' title='bbox 2771 5569 2786 5596; x_wconf 88' lang='lat'><strong>,</strong></span> <span class='ocrx_word' id='word_1_874' title='bbox 2847 5529 3112 5597; x_wconf 83' lang='lat' dir='ltr'><strong>siquidem</strong></span> <span class='ocrx_word' id='word_1_875' title='bbox 3154 5527 3363 5579; x_wconf 74' lang='lat' dir='ltr'><strong>ratione</strong></span> <span class='ocrx_word' id='word_1_876' title='bbox 3412 5534 3601 5575; x_wconf 77' lang='lat' dir='ltr'><strong>comm</strong></span> 
     </span>
    </p>
   </div>
   <div class='ocr_carea' id='block_1_116' title="bbox 2024 5606 3599 5695">
    <p class='ocr_par' dir='ltr' id='par_1_116' title="bbox 2024 5606 3599 5695">
     <span class='ocr_line' id='line_1_116' title="bbox 2024 5606 3599 5695; baseline -0.008 -17"><span class='ocrx_word' id='word_1_877' title='bbox 2024 5641 2145 5695; x_wconf 72' lang='lat' dir='ltr'><strong>qua:</strong></span> <span class='ocrx_word' id='word_1_878' title='bbox 2178 5634 2371 5681; x_wconf 86' lang='lat' dir='ltr'><strong>contra</strong></span> <span class='ocrx_word' id='word_1_879' title='bbox 2403 5606 2743 5679; x_wconf 79' lang='lat' dir='ltr'><strong>Salvatorém</strong></span> <span class='ocrx_word' id='word_1_880' title='bbox 2774 5621 2892 5676; x_wconf 93' lang='lat' dir='ltr'><strong>ausi</strong></span> <span class='ocrx_word' id='word_1_881' title='bbox 2933 5629 3079 5683; x_wconf 88' lang='lat' dir='ltr'><strong>sunt,</strong></span> <span class='ocrx_word' id='word_1_882' title='bbox 3121 5616 3305 5672; x_wconf 85' lang='lat' dir='ltr'><strong>emissi</strong></span> <span class='ocrx_word' id='word_1_883' title='bbox 3348 5613 3599 5681; x_wconf 64' lang='lat' dir='ltr'><strong>fuissent,</strong></span> 
     </span>
    </p>
   </div>
  </div>
