4130 6392
460 368 562 426 48Ί

1141 365 1410 422 EUSEBll
1447 363 1928 420 C/ESARIENSIS
2000 364 2154 422 OPP.
2197 365 2380 420 PARS
2418 365 2504 421 111.
2545 394 2616 409 -
2653 364 3064 424 EXEGETICA.

3630 372 3734 427 488

462 490 595 560 ipsis
632 504 764 545 sane
797 487 1058 543 fructuosi
1107 486 1274 542 futuri
1314 496 1492 542 erant.
1533 487 1743 543 Etenim
1779 503 1915 558 opus
1953 486 2035 544 est

2145 490 2264 552 τοὺς
2291 492 2384 542 καὶ
2404 489 2619 542 πενθεῖν
2649 491 2739 541 καὶ
2769 488 3066 553 στενάζειν,
3097 478 3605 561 καὶδάποδύρεσθαι,
3632 491 3729 544 καὶ

460 583 848 653 ipsos.|ugere,
895 581 1284 651 ingemiscere,
1329 580 1618 635 lamentari
1685 591 1739 636 et
1763 581 2040 652 plangere,

460 675 762 745 sanguinis,
797 687 957 743 quem
995 673 1321 735 ell‘uderunt,
1358 688 1541 727 causa.
1579 674 1774 728 Verum
1823 674 1948 742 quia
1985 674 2038 728 id

461 779 622 833 agere
677 781 782 817 non
819 764 1106 826 videnlur,
1153 763 1246 817 sed
1303 763 1490 817 urbem
1551 763 1698 817 illam
1748 765 2039 830 sensilem,

459 854 888 924 Hierosolymam
921 854 1066 917 dico,
1089 853 1395 924 deplorant,
1417 865 1467 910 et
1485 856 1694 909 ruinam
1713 855 1829 922 ejus
1852 857 2044 911 stolide

460 945 681 1013 lugent,
707 943 832 1009 jure
867 944 1052 998 bestia:
1077 943 1205 998 ferae
1245 955 1649 1014 comparantur.
1680 944 2041 1011 Quamobrem

457 1035 696 1091 dicitur:
738 1055 756 1088 ι
798 1034 864 1088 Ει
889 1036 1244 1106 ingemiscent
1277 1045 1530 1106 tanquam
1564 1053 1761 1103 ursus;
1793 1056 1811 1089 ι
1843 1037 1895 1091 in
1922 1038 2043 1092 aliis

457 1142 588 1181 vero
641 1127 862 1192 dicitur,
906 1145 925 1178 ι
991 1124 1147 1180 Sicut
1185 1141 1310 1179 ursa
1362 1127 1516 1193 prole
1549 1127 1763 1181 orbata.
1804 1147 1822 1178 ι
1867 1125 2043 1182 Ursus

459 1220 640 1287 itaque
687 1228 976 1282 vocantur,
1030 1218 1155 1287 quia
1195 1218 1310 1272 haec
1359 1218 1474 1272 fera
1516 1218 1767 1273 homines
1798 1219 2041 1274 devorat.

457 1310 903 1378 Quandoquidem
959 1316 1015 1362 et
1061 1308 1164 1378 ipsi
1206 1309 1453 1364 homines
1495 1309 1848 1375 devorabaut,
1881 1311 2044 1364 caedi-

459 1404 560 1457 bus
594 1411 850 1456 vacantes
878 1440 895 1466 ,
945 1409 1000 1456 et
1026 1401 1320 1471 prophetas
1346 1401 1704 1466 occidentes;
1739 1417 1880 1456 ursae
1915 1402 2043 1456 item

457 1495 614 1564 prole
642 1495 852 1548 orbatae
879 1492 1084 1549 similes
1115 1503 1264 1560 sunt,
1306 1495 1376 1549 ob
1405 1493 1634 1548 ﬁliorum
1673 1510 1894 1550 suorum
1931 1495 2048 1550 exi-

463 1587 599 1640 lium

533 1678 696 1734 Vsus.
727 1678 808 1732 l5.
849 1695 869 1730 ι
903 1677 1070 1747 lmpie
1115 1677 1346 1748 egimus,
1387 1687 1442 1733 et
1482 1679 1692 1733 mentiti
1741 1693 1960 1742 sumus,
1990 1686 2045 1733 et

455 1774 870 1830 retrocessimus
909 1787 937 1826 a
977 1773 1086 1826 Deo
1124 1781 1330 1827 nostro.
1365 1770 1552 1825 Locuti
1604 1786 1788 1825 sumus
1835 1771 2042 1839 iniqua,

2150 580 2424 653 δακρύειν,
2455 574 2528 633 ὧν
2562 580 2774 650 ἐξέχεον
2815 581 3062 650 αἱμάτων
3086 580 3268 633 ἕνεκα.
3303 581 3457 634 Ἐπεὶ
3486 581 3543 634 δὲ
3573 580 3735 635 τοῦτο

2154 672 2251 741 μὲν
2275 673 2334 723 οὐ
2372 671 2815 743 προσποιοῦνται,
2851 669 2949 741 τὴν
2993 670 3049 723 δὲ
3097 671 3250 724 πόλιν
3299 671 3398 742 τὴν
3443 671 3733 745 αἰσθητὴν,

2149 764 2291 834 λέγω
2349 763 2414 834 δὴ
2464 765 2561 835 τὴν
2605 763 2979 835 Ἰερουσαλὴμ,
3026 763 3437 829 ἀποκλαίονται,
3488 765 3585 819 καὶ
3633 765 3736 836 τὴν

2152 859 2359 912 πτῶσιν
2407 859 2577 928 αὐτῆς
2617 856 2961 921 στενάζουσιν
2999 855 3241 925 ἀλόγως’
3285 856 3510 920 εἰκότως
3554 855 3732 926 ἀγρίῳ

2150 951 2324 1022 θηρίῳ
2340 950 2782 1020 παρεϐλήθησαν.
2802 948 2892 1000 Διὸ
2907 948 3176 1001 λέλεκται·
3207 969 3222 998 ι
3244 948 3357 1001 Kal
3385 947 3734 1014 στενάξουσιν

2147 1045 2223 1109 ὡς
2245 1044 2473 1116 ἄρκτος’
2505 1062 2522 1095 ι
2559 1043 2654 1097 καὶ
2697 1045 2754 1096 ἐν
2796 1041 2975 1105 ἄλλοις
3000 1043 3055 1095 δὲ
3082 1042 3333 1114 εἴρηται·
3367 1060 3386 1092 ι
3424 1042 3512 1105 Ὠς
3528 1042 3729 1113 ἄρκτος

2149 1136 2540 1207 ἀτεκνουμένη.
2576 1156 2593 1187 ι
2621 1137 2854 1208 Ἀρκτος
2896 1137 2996 1207 μὲν
3027 1132 3119 1189 οὖν
3157 1134 3245 1188 διὰ
3282 1135 3342 1188 τὸ
3389 1135 3736 1207 ἀνθρωποϐόο

2150 1246 2241 1299 ρον
2264 1227 2360 1281 τοῦ
2399 1227 2562 1297 θηρὸς
2583 1227 2998 1300 ὠνομάσθησαν.
3039 1229 3192 1281 Ἐπεὶ
3219 1229 3312 1282 καὶ
3343 1228 3500 1281 αὐτοὶ
3525 1228 3736 1300 ἀνθρώ-
3785 1297 3800 1304 ν

2151 1339 2284 1384 πους
2307 1321 2506 1390 ἔφαγον
2532 1321 2960 1392 μιαιφονοῦντες,
2994 1323 3089 1374 καὶ
3112 1323 3238 1387 τοὺς
3273 1323 3555 1393 προφήτας
3582 1322 3738 1374 ἀναι-

2154 1415 2375 1485 ροῦντες
2394 1431 2407 1444 ·
2440 1415 2814 1486 ἁτεκνουμένῃ
2841 1415 2898 1468 δὲ
2927 1415 3114 1486 ἄρκτῳ
3140 1414 3614 1486 παρωμοιώθησαν
3647 1413 3738 1468 διὰ

2146 1511 2246 1584 τὴν
2266 1509 2540 1564 ἀπώλειαν
2558 1510 2664 1562 τῶν
2693 1508 2897 1562 τέκνων
2925 1507 3126 1562 αὐτῶν.

2225 1709 2242 1739 ι
2267 1689 2666 1760 Ἦσεϐήσαμεν.
2684 1690 2778 1744 καὶ
2791 1687 3158 1760 ἐψευσάμεθα,
3175 1690 3268 1742 καὶ
3284 1688 3491 1758 ἀπέστη
3501 1705 3599 1758 μεν
3615 1702 3739 1742 οπι-

2152 1779 2277 1832 σθεν
2305 1779 2399 1832 τοῦ
2446 1779 2582 1832 Θεοῦ
2618 1779 2792 1851 ήμῶν.
2837 1779 3207 1851 Ἐλαλήσαμεν
3236 1779 3416 1838 ἄδικα,
3450 1779 3541 1830 καὶ
3579 1779 3738 1846 ἠπει-

457 1876 516 1922 et
561 1866 979 1935 inobsequentes
1033 1862 1254 1918 fuimus.
1305 1861 1662 1931 Concepimus
1704 1872 1757 1917 et
1805 1859 2043 1917 meditati

2150 1870 2414 1941 θήσαμεν.
2461 1869 2742 1941 Ἐκύομεν,
2795 1870 2890 1924 καὶ
2918 1869 3326 1942 ἐμελετήσαμεν
3373 1868 3482 1922 ἀπὸ
3511 1867 3737 1938 καρδίας

459 1971 649 2014 sumus
694 1957 760 2010 de
792 1956 954 2010 corde
985 1963 1176 2009 nostro
1205 1954 1369 2010 verba
1420 1954 1622 2023 iniqua.
1656 1971 1675 2005 ι
1713 1953 1838 2007 Haec
1867 1962 2045 2008 autem

457 2049 717 2118 propheta
761 2047 894 2101 dicit
936 2060 1003 2100 ex
1055 2058 1284 2113 persona
1326 2043 1540 2112 populi,
1591 2044 1790 2097 docens
1831 2057 1958 2107 eos,
1990 2051 2048 2096 ut

457 2138 816 2194 conﬁteantur
848 2136 958 2190 Deo
1002 2146 1249 2205 peccata,
1278 2143 1334 2188 et
1366 2149 1486 2189 sese
1525 2143 1784 2188 accusent
1811 2150 1825 2198 ;
1857 2143 1915 2187 ut
1963 2133 2048 2188 vel

457 2232 530 2284 ita
572 2229 761 2284 saltem
813 2227 992 2280 animo
1041 2224 1386 2294 compuncti,
1428 2225 1657 2292 gradum
1706 2232 1962 2279 revocent
1991 2233 2047 2279 et

454 2327 839 2376 convertantur
869 2315 1242 2385 paenitentiam
1278 2315 1488 2369 edocti.

531 2410 688 2466 Vsus.
722 2409 906 2463 14-20.
941 2427 960 2460 ι
1000 2408 1067 2462 Et
1116 2407 1440 2462 abduximus
1492 2414 1639 2461 retro
1678 2405 1961 2474 judicium,
1991 2416 2046 2462 et

448 2506 659 2576 justitia
691 2504 847 2573 longe
876 2500 1123 2555 discessit
1150 2515 1164 2550 :
1195 2498 1452 2568 quoniam
1502 2508 1824 2568 consumpta
1877 2509 1958 2554 est
1988 2499 2043 2553 in

454 2597 559 2651 viis
583 2610 768 2650 eorum
795 2592 1018 2654 veritas,
1049 2600 1104 2646 et
1149 2605 1244 2659 per
1291 2599 1502 2644 rectum
1533 2590 1638 2644 iter
1677 2591 1912 2645 transire
1938 2606 2042 2644 non

453 2694 768 2758 potuerunt.
796 2684 866 2738 Et
897 2684 1104 2739 veritas
1149 2681 1360 2736 sublata
1409 2692 1529 2745 est,
1561 2690 1615 2735 et
1648 2681 2046 2738 transtulerunt

455 2783 714 2838 mentem,
750 2784 810 2826 ut
853 2787 960 2826 non
989 2769 1372 2840 intelligerent.
1411 2769 1478 2824 Et
1517 2771 1653 2825 vidit
1683 2770 1966 2836 Dominus,
1992 2781 2046 2825 et

454 2881 565 2919 non
597 2863 796 2931 placuit
830 2862 957 2932 ipsi,
991 2861 1116 2930 quia
1156 2875 1264 2914 non
1304 2871 1421 2915 erat
1447 2860 1734 2928 judicium.
1772 2862 1840 2915 Et
1889 2863 2041 2926 vidit,

455 2965 511 3008 et
548 2970 652 3007 non
683 2963 801 3009 erat
835 2955 956 3008 vir:
982 2963 1036 3008 et
1068 2952 1460 3017 consideravit,
1486 2960 1666 3007 etnon
1688 2963 1807 3007 erat
1835 2955 1924 3023 qui
1947 2955 2042 3009 de-

457 3044 740 3098 fenderet:
770 3052 825 3097 et
850 3042 995 3097 ultus
1024 3049 1108 3098 est
1134 3056 1227 3098 eos
1251 3041 1479 3097 brachio
1509 3057 1626 3106 suo,
1651 3051 1706 3098 et
1735 3043 2042 3100 misericor-

456 3134 542 3188 dia
584 3134 946 3189 confirmavit.
985 3133 1054 3187 Et
1101 3132 1277 3187 induit
1302 3130 1570 3201 justitiam
1610 3134 1769 3202 quasi
1795 3133 2038 3202 loricam,

457 3224 935 3296 et-circumposuit
975 3224 1181 3295 galeam
1225 3223 1479 3279 salutaris
1519 3224 1570 3277 in
1603 3225 1810 3294 capite,
1840 3234 1893 3279 et
1938 3226 2046 3280 cir-

456 3319 731 3375 cumdedit
773 3330 832 3373 se
868 3315 1195 3371 vestimento
1224 3315 1446 3370 ultionis
1487 3331 1501 3366 :
1535 3323 1591 3370 et
1639 3315 1874 3370 amictus
1909 3316 2046 3384 ejus,

455 3407 709 3478 tanquam
737 3407 1105 3462 retributurus
1127 3405 1199 3461 sit
1227 3404 1665 3468 retributionem,
1692 3406 2046 3474 opprobrium

455 3499 806 3555 adversariis.
855 3497 920 3552 Et
965 3497 1236 3552 timebunt
1273 3494 1653 3552 Occidentales
1706 3511 1900 3551 nomen
1941 3497 2046 3551 Do-

456 3596 609 3660 mini,
642 3602 697 3648 et
724 3592 816 3662 qui
845 3598 971 3646 sunt
1020 3590 1087 3645 ab
1121 3599 1245 3645 ortu
1286 3589 1453 3656 solis,
1493 3603 1692 3643 nomen
1728 3589 2045 3658 gloriosum.

460 3686 650 3741 Veniet
672 3685 841 3749 enim,
876 3683 1035 3753 quasi
1062 3680 1260 3737 ﬂuvius
1293 3681 1562 3736 violentus
1591 3681 1671 3734 ira
1703 3696 1734 3734 a
1769 3682 1996 3737 Domino
2028 3708 2044 3745 :

453 3779 636 3834 veniet
665 3793 786 3833 cum
836 3775 1040 3842 lurore,
1075 3784 1129 3829 et
1163 3775 1344 3829 veniet
1377 3783 1597 3844 propter
1627 3772 1756 3827 Sion
1789 3773 1878 3842 qui
1915 3773 2048 3827 libe-

454 3880 560 3935 rat,
589 3880 646 3925 et
675 3876 886 3924 avertet
934 3867 1241 3936 impietates
1276 3883 1306 3920 a
1353 3863 1541 3921 Jacob.
1579 3885 1597 3917 ι
1638 3864 1737 3920 llic
1773 3865 1902 3921 item
1950 3881 2046 3933 per

455 3964 587 4018 Sion
622 3965 706 4030 pia
755 3961 945 4031 religio
984 3959 1344 4029 signiﬁcatur,
1389 3974 1550 4027 quam
1594 3957 1826 4013 diversis
1871 3958 2044 4012 modis

455 4055 753 4111 Ecclesiam
793 4052 888 4107 Dei
944 4066 1066 4107 esse
1113 4051 1521 4121 comprobatum
1569 4061 1674 4104 est.
1729 4050 1896 4118 llujus
1940 4052 2044 4104 ita-

453 4165 558 4219 que
592 4148 687 4203 Dei
715 4145 953 4202 civitatis
982 4159 1149 4200 causa
1181 4152 1440 4198 venturus
1477 4140 1736 4196 liberator
1757 4157 1876 4198 esse
1905 4143 2042 4198 dici-

454 4252 562 4306 tur,
609 4240 698 4312 qui
737 4240 848 4311 jam
895 4251 1062 4308 prope
1096 4245 1200 4292 est.
1245 4233 1314 4290 Et
1357 4233 1486 4303 quid
1541 4231 1702 4289 faciet
1739 4234 1764 4288 ?
1795 4233 2042 4290 Dimittet

452 4346 672 4407 peccata
706 4331 1096 4389 accedentibus
1121 4330 1191 4384 ad
1219 4344 1298 4385 se.

529 4511 693 4567 Vsus.
721 4511 810 4566 2i.
843 4530 862 4564 ι
900 4510 969 4566 Et
1013 4512 1117 4566 hoc
1140 4510 1271 4582 ipsis
1306 4508 1708 4566 Testamentum
1737 4525 1765 4563 a
1797 4524 1883 4563 me
1936 4517 2035 4574 est,
2071 4541 2115 4595 Β

454 4605 593 4658 dixit
628 4603 908 4658 Dominus.
931 4602 1166 4672 Spiritus
1208 4617 1380 4670 meus,
1411 4602 1500 4672 qui
1527 4611 1610 4657 est
1638 4602 1689 4656 in
1735 4611 1786 4656 te
1807 4621 1819 4656 :
1840 4613 1892 4655 et
1923 4616 2041 4654 ver-

457 4693 547 4760 ba,
578 4708 696 4762 quae
731 4692 853 4746 dedi
885 4692 940 4746 iu
977 4707 1038 4747 os
1069 4702 1217 4746 tuum
1251 4710 1264 4747 :
1297 4702 1353 4748 et
1404 4709 1508 4746 nou
1549 4691 1802 4747 deﬁcient
1835 4706 1902 4746 ex
1945 4705 2040 4746 ore

455 4795 568 4851 tuo,
596 4800 771 4854 neque
793 4799 859 4839 ex
907 4799 1004 4840 ore
1051 4785 1277 4841 seminis
1299 4785 1398 4840 tui.
1429 4785 1580 4839 Dixit
1608 4785 1751 4838 enim
1781 4784 2040 4839 Dominus

458 4876 651 4931 amodo
688 4883 744 4930 et
793 4889 966 4944 usque
997 4876 1049 4930 in
1080 4876 1356 4931 sarculum.
1387 4895 1407 4928 ι
1443 4875 1542 4931 Hic
1591 4876 1772 4945 itaque
1806 4875 2041 4943 Spiritus

453 4967 858 5024 Testamentum
886 4976 1006 5022 erat
1027 4983 1041 5020 :
1061 4969 1417 5037 quamobrem
1439 4968 1687 5023 Salvator
1707 4977 1758 5023 et
1778 4967 2036 5022 Dominus

455 5069 639 5115 noster
665 5057 820 5115 Jesus
845 5057 1094 5113 Christus
1136 5057 1418 5130 discipulis
1448 5061 1560 5115 suis
1593 5059 1850 5129 Spiritum
1891 5059 2038 5114 dedit

451 5152 636 5207 dicens
662 5171 675 5206 :
709 5168 728 5202 ι
756 5150 997 5220 Accipite
1038 5148 1299 5218 Spiritum
1329 5161 1577 5206 sanctum
1613 5167 1628 5214 ;
1659 5150 1706 5204 si
1733 5150 2030 5219 cujuspiam

454 5243 771 5298 retniseritis
805 5249 1051 5312 peccata,
1095 5244 1444 5296 remittemur
1479 5242 1526 5295 ei
1561 5243 1628 5289 ³⁸.
1665 5260 1682 5292 ι
1720 5240 1831 5295 [loc
1874 5241 2037 5309 igitur

353 5361 356 5366 -
455 5332 660 5389 Novum
710 5332 1118 5387 Testamentum
1152 5342 1256 5398 est,
1286 5342 1340 5386 et
1371 5343 1532 5401 caput
1569 5333 1830 5403 mysterii,
1857 5330 2034 5401 Spiri:

455 5434 540 5480 tus
570 5434 813 5480 sanctus.
839 5425 905 5479 Et
930 5425 1112 5485 verba,
1143 5439 1262 5494 quae
1298 5425 1418 5478 dedi
1452 5425 1504 5476 in
1530 5439 1590 5478 os
1629 5434 1800 5487 tuum,
1820 5433 1875 5477 et
1921 5439 2026 5477 non

450 5516 722 5572 deﬁcient.
765 5536 782 5569 ι
815 5517 1033 5573 Manent
1058 5519 1200 5572 cnim
1231 5527 1287 5572 et
1314 5517 1368 5570 in
1405 5517 1656 5586 praesenti
1685 5527 1739 5572 et
1765 5518 1815 5570 in
1851 5517 2030 5572 futuro

450 5605 644 5662 sazculo
669 5608 784 5664 haec
810 5608 1330 5674 omnia,secundum
1367 5608 1672 5665 Servatoris
1713 5609 1882 5663 nostri
1912 5623 2029 5662 ver-

519 5775 562 5807 "
589 5775 750 5832 Joan.
782 5796 874 5846 xx,
903 5783 994 5853 (ΕΞ,
1025 5787 1115 5842 25.

2149 1963 2306 2034 ήμῶν
2345 1964 2536 2032 λόγους
2570 1964 2808 2026 ἀδίκους.
2831 1980 2848 2013 ι
2896 1962 3057 2031 Λέγει
3090 1962 3146 2014 δὲ
3173 1961 3347 2014 ταῦτα
3379 1963 3407 2013 6
3450 1960 3738 2030 προφήτης

2148 2056 2212 2107 ἐκ
2238 2054 2531 2126 προσώπου
2565 2054 2657 2107 τοῦ
2690 2052 2841 2120 λαοῦ,
2878 2053 3145 2108 διδάσκων
3172 2053 3369 2115 αὐτοὺς
3401 2051 3741 2122 ἐξομολογεῖ-

2149 2148 2271 2201 σθαι
2287 2148 2364 2219 τῷ
2387 2147 2504 2219 Θεῷ
2527 2147 2626 2211 τὰς
2647 2146 2918 2218 ἁμαρτίας
2934 2147 3027 2200 καὶ
3042 2148 3366 2217 κατηγορεῖν
3394 2145 3590 2207 αὐτοὺς
3611 2145 3739 2196 ἑαυ-

2145 2237 2277 2302 τῶν,
2295 2238 2381 2290 ἴνα
2397 2237 2498 2292 κᾶν
2520 2238 2712 2302 οὕτως,
2733 2236 3030 2309 πληγέντες
3050 2237 3146 2309 τὴν
3174 2236 3370 2308 ψυχὴν,
3400 2236 3736 2290 ἀνανεύσωσι

2146 2332 2238 2384 καὶ
2270 2331 2662 2401 ἐπιστρέψωσι,
2698 2333 2978 2401 μετανοεῖν
2995 2329 3352 2400 διδαχθέντες.

2223 2441 2240 2472 ι
2268 2423 2378 2476 Kal
2424 2424 2810 2493 ἀπεστήσαμεν
2857 2421 3032 2475 ὀπίσω
3074 2422 3170 2494 τὴν
3220 2423 3420 2496 κρίσιν,
3466 2424 3561 2478 καὶ
3591 2423 3624 2494 ἡ
3652 2422 3734 2477 δι-

2145 2511 2402 2582 καιοσύνη
2425 2511 2640 2582 μακρὰν
2672 2511 3008 2580 ἀφέστηκεν·
3036 2511 3117 2564 ὅτι
3145 2510 3497 2582 κατηναλώθη
3527 2514 3584 2564 ὲν
3612 2514 3735 2573 ταῖς

2145 2601 2284 2663 ὁδοῖς
2311 2601 2489 2654 αὐτῶν
2529 2602 2562 2671 ἡ
2605 2600 2850 2670 ἀλήθεια,
2875 2600 2969 2652 καὶ
3007 2599 3073 2653 δι’
3101 2600 3316 2662 εὐθείας
3353 2602 3452 2654 ούκ
3484 2600 3735 2655 ἐδύναντο

2142 2694 2390 2748 διελθεῖν.
2439 2694 2550 2747 Kal
2583 2695 2615 2764 ή
2645 2694 2870 2766 ἀλήθεια
2899 2691 3085 2767 ἦρται,
3122 2694 3215 2748 καὶ
3261 2693 3594 2764 μετέστησαν
3632 2693 3732 2765 τὴν

2143 2782 2381 2836 διάνοιαν
2413 2783 2506 2835 τοῦ
2538 2782 2796 2838 συνιέναι.
2829 2784 2940 2837 Kal
2966 2781 3071 2836 εἶδε
3105 2783 3326 2853 Κύριος,
3355 2785 3450 2836 καὶ
3484 2783 3582 2837 οὐκ
3606 2785 3733 2855 ᾕρε-

2146 2888 2238 2926 σεν
2271 2871 2440 2942 αὐτῷ,
2498 2872 2578 2925 ὅτι
2611 2873 2711 2926 οὐκ
2735 2869 2803 2945 ἦν
2829 2874 3030 2944 κρίσις.
3066 2873 3174 2926 Kal
3220 2867 3350 2937 εἶδε,
3397 2872 3493 2926 καὶ
3539 2874 3637 2926 οὐκ
3663 2869 3733 2945 ἦν

2145 2965 2287 3037 ἀνήρ
2310 2982 2323 2994 ο
2355 2967 2447 3018 καὶ
2470 2967 2784 3038 κατενόησε,
2815 2968 2907 3020 καὶ
2933 2967 3033 3018 οὐκ
3058 2961 3125 3036 ἦν
3157 2965 3577 3036 ἀντιληψόμενος
3597 2983 3609 2995 ο
3642 2967 3736 3021 καὶ

2144 3056 2392 3125 ἠμύνατο
2436 3057 2632 3121 αὐτοὺς
2671 3057 2748 3129 τῷ
2791 3057 3033 3129 βραχίονι
3067 3057 3252 3122 αὐτοῦ,
3288 3059 3383 3111 καὶ
3420 3060 3486 3128 τῇ
3513 3057 3735 3130 ἐλεημο-

2153 3145 2284 3216 σύνη
2312 3146 2652 3216 ἐστηρίσατο.
2703 3147 2814 3200 Kal
2846 3147 3128 3201 ἐνεδύσατο
3159 3146 3504 3219 δικαιοσύνην
3525 3148 3600 3213 ὠς
3630 3148 3730 3201 θώο

2155 3254 2318 3308 ρακα,
2342 3237 2434 3290 καὶ
2455 3237 2734 3310 περιέθετο
2763 3222 3191 3310 περικεφαλαίαν
3214 3239 3482 3310 σωτηρίου
3514 3239 3606 3292 ἐπὶ
3633 3239 3732 3310 τῆς

2154 3329 2416 3398 κεφαλῆς,
2452 3331 2544 3385 καὶ
2598 3330 2949 3403 περιεϐάλετο
2981 3331 3194 3403 ἱμάτιον
3228 3331 3562 3402 ἐκδικήσεως
3584 3348 3598 3362 ·
3638 3333 3733 3386 καὶ

2150 3419 2211 3472 τὸ
2244 3419 2585 3490 περιϐόλαιον
2610 3421 2796 3482 αὑτοῦ,
2831 3421 2905 3484 ὡς
2931 3417 3323 3473 ἀνταποδώσων
3351 3417 3728 3479 ἀνταπόδοσιν,

2149 3509 2346 3573 δνειδςκς
2378 3512 2487 3573 τοῖς
2509 3511 2860 3574 ὑπεναντίοις.
2877 3510 2987 3564 Kal
3014 3508 3408 3580 φοϐηθήσονται
3434 3507 3482 3559 oi
3503 3506 3726 3559 ἀπὸ-δυο

2151 3600 2301 3671 σμῶν
2323 3601 2383 3654 τὸ
2405 3601 2575 3672 ὄνομα
2601 3603 2829 3672 Κυρίου,
2864 3602 2957 3654 καὶ
2989 3602 3037 3654 οἱ
3068 3601 3160 3654 ἀπ’
3191 3598 3457 3653 ἀνατολῶν
3490 3596 3636 3668 ἡλίου
3662 3595 3723 3648 τὺ

2147 3692 2314 3762 ὄνομα
2342 3693 2402 3746 τὸ
2435 3692 2660 3757 ἔνδοξον.
2686 3691 2841 3758 Ἥξει
2865 3692 2974 3765 γὰρ
3005 3692 3080 3757 ὼς
3108 3689 3344 3760 ποταμὸς
3379 3689 3549 3759 βιαῖος
3577 3690 3610 3757 ἠ
3639 3687 3724 3755 όρ-

2147 3781 2217 3854 γὴ
2250 3783 2400 3855 παρά
2442 3783 2678 3853 Κυρίου’
2707 3783 2823 3854 ἣξει
2853 3783 2992 3855 μετά
3019 3783 3214 3854 θυμοῦ,
3245 3781 3339 3836 καὶ
3377 3779 3496 3851 ἥξει
3537 3779 3724 3832 ἕνεκεν

2147 3873 2285 3928 Σιὼν
2307 3877 2335 3928 6
2369 3875 2648 3947 ῥυόμενος,
2695 3877 2790 3929 καὶ
2823 3877 3159 3947 ἀποστρέψει
3194 3872 3444 3936 ἀσεϐείας
3473 3869 3581 3925 ἀπὸ
3618 3872 3724 3923 ἰα-

2147 3965 2281 4019 κὼϐ.
2310 3987 2328 4018 ι
2367 3967 2534 4020 Πάλιν
2561 3967 2618 4020 δὲ
2653 3969 2747 4020 καὶ
2787 3967 3019 4021 ἐνταῦθα
3048 3967 3110 4019 τὸ
3153 3964 3399 4028 θεοσεϐὲς
3429 3962 3728 4032 πολίτευμα

2148 4056 2470 4127 σημαίνεται
2494 4057 2582 4110 διὰ
2620 4058 2718 4128 τῆς
2743 4056 2902 4121 Σιὼν,
2933 4058 3053 4128 ἥτις
3076 4056 3344 4128 διαφόρως
3377 4053 3728 4107 ἀπεδείκνυτο

2143 4143 2330 4218 οῦσαή
2370 4147 2662 4219 Ἐκκλησία
2702 4149 2795 4202 τοῦ
2831 4149 2986 4201 Θεοῦ.
3040 4147 3258 4218 Ταύτης
3289 4141 3383 4199 οὖν
3412 4145 3599 4197 ἕνεκεν
3630 4143 3729 4213 τῆς

2143 4238 2237 4292 τοῦ
2272 4239 2407 4292 Θεοῦ
2440 4239 2646 4304 πόλεως
2679 4239 2828 4311 ἥξειν
2873 4239 3091 4308 λέγεται
3142 4241 3171 4292 6
3201 4239 3462 4311 ῥυόμενος
3493 4239 3522 4290 6
3574 4237 3730 4306 ἀγχι-

2145 4330 2368 4385 στεύων.
2418 4332 2528 4383 Kal
2565 4331 2618 4384 τί
2670 4332 2917 4402 ποιήσει;
2967 4329 3318 4401 Συγχωρήσει
3367 4327 3465 4391 τὰς
3515 4326 3729 4390 ἀδικίας

2141 4425 2254 4486 τοῖς
2283 4423 2601 4493 προσιοῦσιν
2630 4423 2795 4493 αὐτῷ.

2221 4533 2238 4564 ι
2266 4515 2375 4567 Kal
2409 4513 2548 4584 αῦτη
2579 4515 2762 4578 αὐτοῖς
2797 4517 2832 4585 ἡ
2865 4515 2994 4586 παρ’
3017 4513 3150 4585 ἐμοῦ
3178 4512 3440 4584 Διαθήκη,
3467 4508 3588 4564 εἷπε
3616 4508 3728 4562 K6—

2145 4621 2278 4674 ριος.
2314 4605 2387 4658 Τὸ
2419 4604 2644 4676 Πνεῦμα
2664 4605 2726 4657 τὸ
2751 4604 2902 4675 ἐμὸν,
2931 4605 2959 4658 ὃ
2984 4607 3130 4657 ἐστιν
3158 4604 3249 4656 ἐπὶ
3279 4604 3380 4665 σοὶ,
3416 4602 3509 4655 καὶ
3535 4601 3602 4653 τά
3633 4602 3730 4671 ρή·

2145 4713 2288 4767 ματα
2321 4696 2357 4750 ἃ
2395 4696 2569 4750 ἔδωκα
2617 4699 2696 4760 είς
2729 4697 2790 4749 τὸ
2819 4696 2991 4766 στόμα
3027 4713 3119 4748 σου
3141 4712 3154 4725 ο
3201 4695 3297 4748 καὶ
3323 4695 3384 4747 ού
3419 4693 3493 4763 μὴ
3527 4691 3728 4762 ἐκλίπῃ

2140 4789 2204 4840 ἐκ
2228 4787 2322 4840 τοῦ
2356 4789 2621 4858 στόματός
2650 4805 2766 4851 σου,
2801 4789 2894 4841 καὶ
2931 4792 2995 4842 ἐκ
3023 4786 3115 4840 τοῦ
3143 4785 3409 4857 στόματος
3433 4782 3524 4836 τοῦ
3558 4781 3727 4849 σπέρ·

2144 4878 2312 4946 ματός
2340 4895 2455 4929 σου.
2493 4873 2626 4929 Εἷπε
2664 4877 2773 4949 γὰρ
2806 4877 3008 4948 Κύριος
3033 4877 3139 4930 ἀπὸ
3161 4876 3254 4929 τοῦ
3279 4875 3373 4928 νῦν
3407 4873 3500 4926 καὶ
3531 4874 3608 4934 είς
3631 4871 3726 4923 τὸν

2139 4968 2331 5024 αἰῶνα.
2358 4989 2376 5020 ι
2411 4969 2580 5022 Τοῦτο
2605 4970 2734 5038 γοῦν
2761 4971 2821 5023 τὸ
2854 4970 3129 5041 Πνεῦμαή
3163 4968 3403 5038 Διαθήκη
3431 4964 3689 5034 ἐτύγχανε

2135 5060 2323 5131 διόπερ
2343 5061 2372 5112 6
2400 5061 2589 5132 Σωτὴρ
2634 5063 2728 5114 καὶ
2759 5062 2963 5133 Κύριος
2987 5065 3019 5132 ἡ
3031 5061 3146 5132 μῶν
3191 5059 3398 5131 Ἰησοῦς
3435 5059 3464 5109 6
3489 5055 3726 5128 Χριστὸς

2137 5153 2247 5213 τοῖς
2275 5151 2467 5203 ἑαυτοῦ
2497 5152 2766 5223 μαθηταῖς
2796 5153 2962 5205 ἐδίδου
2987 5153 3048 5206 τὸ
3074 5151 3299 5222 Πνεῦμα
3329 5149 3530 5217 λέγων·
3571 5164 3590 5196 ‹
3612 5145 3723 5201 Δάτι

2135 5240 2258 5294 ϐετε
2308 5242 2534 5313 Πνεῦμα
2564 5244 2737 5312 ἆγιον,
2772 5244 2866 5297 ἐάν
2895 5260 3038 5306 τινος
3067 5243 3241 5312 ἀφῆτε
3275 5239 3376 5302 τάς
3421 5235 3722 5309 ἁμαρτίας,

2134 5332 2382 5403 ἀφίενται
2413 5334 2581 5404 αὐτῷ.
2608 5353 2626 5387 ι
2662 5334 2810 5405 Αὕτη
2844 5335 3022 5387 τοίνυν
3060 5336 3093 5404 ἠ
3126 5332 3304 5400 Καινὴ
3334 5328 3599 5399 Διαθήκη,
3626 5326 3724 5380 καὶ

2135 5427 2194 5478 τὸ
2250 5427 2544 5496 κεφάλαιον
2575 5427 2669 5480 τοῦ
2702 5425 3022 5497 μυστηρίου,
3060 5426 3120 5478 τὸ
3167 5423 3394 5494 Πνεῦμα
3441 5419 3503 5473 τὺ
3541 5419 3717 5487 ἅγιον.

2141 5534 2159 5566 ι
2187 5518 2296 5570 Kal
2322 5518 2388 5571 τὰ
2423 5519 2646 5590 ῥήματα
2675 5517 2712 5571 ἃ.
2744 5517 2917 5571 ἔδωκα
2958 5518 3038 5580 είς
3071 5515 3133 5568 τὸ
3161 5512 3255 5578 οὖς
3291 5532 3406 5580 σου,
3433 5514 3527 5568 xal
3551 5511 3611 5565 οὐ
3643 5509 3718 5582 μὴ

2134 5609 2350 5680 ἐκλίπῃ.
2381 5629 2398 5660 ι
2449 5609 2617 5664 Μένει
2648 5609 2756 5680 γὰρ
2781 5609 2873 5662 καὶ
2905 5610 2984 5671 εἰς
3012 5608 3103 5660 τὸν
3137 5608 3381 5679 παρόντα
3415 5605 3590 5660 αἰῶνα
3620 5601 3720 5656 καὶ
