4130 6396
353 410 456 464 εει)

1333 397 1835 456 CO‘MMENTARIA
1877 398 1942 452 IN
1985 400 2237 456 lSMAM.
2280 432 2348 440 ——
2387 401 2539 456 CAP.
2583 402 2694 456 LX.

3515 401 3619 456 490

351 530 431 591 είς
455 525 546 579 τδν
579 524 837 596 μέλλοντα
876 524 1054 576 ταῦτα
1091 521 1285 585 πάντα,
1331 520 1469 573 κατὰ
1515 521 1580 573 τὰ
1606 521 1856 591 ῥήματα,
1898 518 1932 571 δι

2054 536 2100 573 J8
2139 524 2189 573 in
2219 520 2519 589 Evangeliis
2562 522 2753 575 tradita
2812 521 2881 575 ab
2925 520 3044 588 ipso
3070 519 3350 573 Salvatore
3384 518 3619 583 dicente,

352 614 589 681 ἐδίδαξεν
618 616 780 679 αὐτὸς
823 617 851 668 ὁ
885 614 1075 685 Σωτὴρ
1122 615 1177 665 ἐν
1202 612 1552 680 [εὐαγγελίοις
1598 611 1765 663 εἰπών
1788 628 1800 639 ·
1839 628 1858 661 ι
1881 612 1937 662 '0

351 707 578 777 οὐρανὸς
624 708 720 760 καὶ
755 708 787 777 ἡ
831 706 904 777 γῆ
938 704 1348 776 παρελεύσεται,
1391 705 1437 755 οἱ
1468 702 1522 754 δὲ
1557 701 1702 769 λόγοι
1744 718 1846 771 μου
1876 701 1936 755 οὐ

355 799 432 871 μὴ
456 796 815 870 παρέλθωσιν.
850 815 869 849 ι

891 926 1287 982 ΚΕΦΑΛΑΙΟΝ
1323 925 1396 979 Ξ’,

427 1038 446 1071 ι
467 1017 728 1084 Φωτίζου,
760 1017 1016 1088 φωτίζον,
1055 1015 1437 1087 Ἰερουσαλήμ·
1478 1017 1601 1086 ἥκει
1624 1017 1731 1087 γάρ
1756 1032 1847 1067 σου
1879 1014 1938 1067 τὸ

348 1112 491 1181 φῶς,
518 1111 613 1164 καὶ
638 1113 671 1181 ἡ
695 1111 820 1175 δόξα
852 1110 1057 1183 Κυρίου
1088 1112 1181 1165 ἐπὶ
1210 1109 1269 1162 σέ
1314 1108 1695 1162 ἀνατέταλκεν.
1723 1127 1741 1159 ι
1788 1108 1939 1160 Ἐπεὶ

349 1205 529 1257 τοίνυν
562 1206 591 1256 ὁ
620 1203 854 1274 Χριστὸς
886 1202 1049 1265 αὐτὸς
1073 1198 1140 1272 ἦν
1172 1202 1233 1255 τὸ
1266 1200 1381 1270 φῶς
1405 1201 1499 1253 καὶ
1532 1202 1565 1271 ἠ
1590 1198 1818 1269 ἀλήθεια
1848 1199 1940 1251 καὶ

353 1296 551 1368 ήοςωὴ,
581 1296 674 1349 καὶ
702 1295 816 1365 φῶς
835 1297 944 1359 τοῖς
974 1296 1053 1358 είς
1072 1294 1163 1347 τὸν
1190 1294 1391 1362 κόσμον
1413 1309 1425 1321 ·
1459 1291 1681 1353 εἰκότως
1694 1290 1793 1360 τῆς
1822 1288 1941 1342 τού-

353 1406 449 1441 του
505 1387 803 1459 παρουσίας
859 1387 1154 1440 ἀπολαύειν
1209 1388 1239 1438 ό
1275 1385 1429 1454 λόγος
1473 1387 1540 1455 τῇ
1588 1382 1941 1453 Ἰερουσαλὴμ

358 1480 696 1552 προσεφώνει
751 1479 963 1549 λέγων·
1018 1498 1035 1528 ι
1064 1478 1325 1542 Φωτίςου,
1374 1475 1629 1545 φωτίζου,
1665 1474 1934 1545 Ἰερουσα-

354 1573 469 1644 λήμ
488 1590 500 1602 ⁸
532 1574 657 1642 ἥκει
686 1571 793 1642 γάρ
819 1588 909 1623 σου
936 1572 996 1623 τὸ
1032 1569 1162 1639 φῶς.
1196 1589 1213 1621 ι
1274 1569 1455 1637 Αὐτῆς
1484 1568 1541 1620 δὲ
1566 1564 1703 1621 εἶναι
1739 1566 1936 1636 φάσκει

354 1667 418 1718 τὸ
439 1666 574 1735 φῶς,
602 1666 687 1719 διὰ
707 1666 767 1718 τὸ
790 1666 925 1735 αὐτῇ
950 1664 1047 1726 τάς
1074 1664 1201 1734 περὶ
1223 1661 1315 1715 τοῦ
1347 1661 1584 1733 Χριστοῦ
1612 1661 1943 1730 ἐπαγγελίας

356 1756 465 1808 ὑπὸ
492 1754 599 1808 τῶν
630 1754 923 1826 προφητῶν
947 1753 1299 1824 κεκηρῦχθαι.
1336 1752 1399 1805 Εἰ
1426 1753 1523 1823 μὲν
1545 1749 1638 1805 οὖν
1661 1752 1941 1806 πεισθεῖσα

2046 632 2061 663 ι
2086 612 2291 667 Caelum
2335 622 2388 666 et
2428 623 2571 666 terra
2606 613 2929 675 transibunt,
2966 610 3128 666 verba
3160 621 3340 665 autem
3368 624 3485 665 mea
3514 624 3620 664 non

2050 706 2351 759 transibunt
2380 705 2442 757 ’⁸.
2463 723 2486 756 ν»

2637 924 2864 981 CAPUT
2909 925 3019 979 LX.

2110 1020 2273 1075 Vsus.
2295 1021 2343 1074 l.
2382 1038 2399 1071 ι
2422 1019 2752 1086 lllumiuare,
2775 1018 3101 1082 illuminare,
3123 1016 3445 1081 Jerusalem,
3476 1016 3625 1071 venit

2039 1117 2181 1168 enim
2228 1115 2404 1167 lumen
2455 1124 2623 1178 tuum,
2655 1123 2708 1166 et
2747 1112 2917 1180 gloria
2954 1109 3167 1163 Domini
3212 1124 3375 1178 super
3423 1118 3475 1163 te
3502 1117 3624 1163 orta

2040 1217 2146 1261 est.
2176 1225 2194 1257 ι
2236 1206 2499 1272 Quoniam
2528 1220 2658 1275 ergo
2688 1206 2800 1275 ipse
2831 1204 3084 1259 Christus
3116 1212 3234 1258 erat
3276 1203 3363 1256 lux
3389 1212 3445 1257 et
3484 1198 3630 1255 veri—

2043 1310 2123 1356 tas
2151 1310 2205 1354 et
2238 1300 2368 1366 vita,
2420 1300 2507 1353 lux
2537 1298 2745 1353 scilicet
2782 1299 2851 1351 iis
2871 1297 2962 1367 qui
3001 1297 3052 1350 in
3087 1297 3286 1350 mundo
3318 1305 3463 1354 sunt,
3506 1293 3627 1361 ejus

2041 1392 2323 1461 pimsentia
2355 1391 2636 1445 fruituram
2666 1390 2965 1445 Jerusalem
3002 1390 3197 1443 merito
3226 1387 3629 1457 praenuntiabat

2046 1486 2128 1538 his
2160 1485 2357 1549 verbis,
2390 1503 2409 1535 ‹
2442 1482 2749 1537 illuminare
2770 1522 2785 1546 ,
2823 1483 3150 1545 illuminare,
3177 1481 3501 1545 Jerusalem,
3534 1495 3626 1534 ve-

2042 1578 2121 1629 nit
2152 1577 2300 1629 enim
2336 1576 2422 1629 lux
2450 1588 2560 1629 tua.
2602 1594 2619 1626 ι
2656 1574 2783 1644 Ejus
2814 1587 2994 1630 autem
3022 1590 3143 1630 esse
3169 1575 3341 1629 lucem
3378 1574 3472 1638 ait,
3499 1574 3627 1642 quia

2049 1669 2150 1736 ipsi
2195 1670 2402 1721 venturi
2429 1667 2630 1722 Christi
2662 1667 3084 1737 pollicitationes
3123 1684 3150 1721 a
3187 1668 3465 1736 prophetis
3495 1682 3628 1737 pra:—

2044 1760 2236 1813 dicatae
2261 1768 2403 1811 sunt.
2434 1756 2490 1810 Si
2522 1757 2683 1827 igitur
2714 1769 2983 1826 prrecepto
3019 1760 3307 1829 morigera,
3342 1757 3476 1810 lucis
3501 1770 3629 1810 con-

356 1849 436 1920 τῷ
467 1848 905 1918 παραγγέλματι,
949 1846 1040 1900 τοῦ
1084 1846 1261 1914 φωτὸς
1311 1845 1643 1916 μετειλήφει,
1678 1847 1768 1899 τὸν
1806 1847 1941 1915 Χρι-

2052 1866 2162 1905 sors
2194 1851 2402 1915 fuisset,
2439 1848 2710 1904 Christum
2738 1848 2833 1904 Dei
2864 1850 3228 1918 suscipiendo,
3267 1864 3439 1919 usque
3480 1849 3532 1901 in
3564 1848 3628 1901 li-

358 1940 483 1994 στὺν
505 1938 598 1993 τοῦ
632 1938 766 1991 Θεοῦ
802 1937 1242 2010 παραδεξαμένη,
1278 1936 1542 2007 διέμεινεν
1570 1937 1636 1990 ἂν
1662 1938 1719 1989 ἐν
1751 1938 1943 2009 εἰρήνῃ

2052 1962 2168 2000 nem
2192 1946 2379 2013 utique
2404 1945 2454 1998 in
2479 1959 2609 2015 pace
2635 1945 2945 1999 mansisset.
2969 1942 3179 1997 Etenim
3204 1957 3329 1997 ecce
3346 1941 3460 2010 jam
3486 1940 3634 1994 venit

359 2034 523 2106 μέχρι
556 2033 760 2096 τέλους.
815 2032 888 2084 Ἰέὸ
921 2031 1029 2101 γὰρ
1072 2030 1241 2084 πάλαι
1282 2047 1362 2083 σοι
1396 2030 1484 2083 διὰ
1514 2030 1624 2082 τῶν
1648 2030 1944 2100 προφητῶν

356 2124 797 2194 κατηγγελμένον
821 2122 936 2191 φῶς
971 2122 1079 2175 ἰδοὺ
1113 2121 1208 2175 νῦν
1242 2121 1485 2193 ἐλήλυθε.
1522 2122 1612 2173 Διὸ
1648 2120 1723 2192 μὴ
1763 2121 1945 2190 μέλλε,

355 2218 593 2287 φωτίζου
624 2217 701 2283 δὲ,
735 2215 992 2285 φωτίζου,
1030 2216 1125 2268 καὶ
1156 2214 1255 2284 τῆς
1277 2215 1499 2285 χάριτος
1531 2214 1942 2283 μεταλάμϐανε’

356 2308 473 2361 ἔστι
514 2309 623 2379 γάρ
649 2318 731 2359 σοι
762 2304 1095 2375 φωτισθείσῃ
1126 2304 1251 2358 τάδε
1284 2306 1377 2358 καὶ
1404 2303 1551 2358 τάδε.

437 2419 453 2451 ι
490 2400 619 2453 Ἰδοὺ
654 2398 843 2460 σκότος
888 2395 1117 2465 καλύψει
1172 2397 1274 2466 γῆν
1308 2396 1403 2450 καὶ
1439 2398 1631 2465 γνόφος
1678 2397 1765 2449 ἐπ’
1795 2395 1944 2466 ἐθνη.

368 2491 493 2544 Ἐπὶ
525 2490 582 2543 δὲ
618 2490 676 2542 σὲ
709 2490 1008 2560 φανήσεται
1048 2487 1270 2559 Κύριος,
1304 2488 1400 2542 καὶ
1438 2491 1470 2559 ή
1503 2488 1627 2554 δόξα
1660 2488 1825 2541 αὐτοῦ
1856 2489 1949 2539 ἐπὶ

358 2582 422 2634 σὲ
450 2580 766 2651 ὀφθήσεται.
799 2601 817 2632 ι
862 2582 950 2646 Ὠς
986 2581 1128 2635 κατά
1149 2581 1249 2651 τὴν
1280 2580 1502 2651 πρώτην
1531 2581 1829 2651 παρουσίαν
1854 2580 1948 2634 τοῦ

358 2673 611 2745 Σωτῆρος
644 2675 676 2745 ἡ
688 2672 802 2743 μῶν
831 2672 1091 2727 δύνασθαι
1122 2670 1297 2726 ταῦτα
1325 2671 1663 2742 πληροῦσθαι
1695 2690 1708 2703 ·
1744 2674 1804 2725 οὐ
1842 2674 1949 2745 μὴν

358 2764 496 2819 ἀλλά
546 2767 640 2820 καὶ
674 2765 815 2820 κατά
848 2766 947 2837 τὴν
975 2765 1232 2834 δευτέραν
1274 2765 1369 2819 καὶ
1393 2764 1601 2832 ἔνδοξον
1626 2766 1791 2819 αὑτοῦ
1829 2766 1949 2819 θεο-

360 2858 587 2933 φάνειαν
613 2858 800 2922 τέλους
825 2857 964 2911 αὐτά
990 2857 1296 2922 τεύξεσθαι.

437 2950 587 3004 «Καὶ
624 2949 979 3024 πορεύσονται
1020 2948 1257 3019 βασιλεῖς
1298 2951 1356 3002 ἐν
1398 2949 1474 3019 τῷ
1516 2950 1655 3018 φωτί
1702 2966 1817 3014 σου,
1858 2951 1951 3012 καὶ

361 3043 491 3113 ἔθνη
514 3044 579 3113 τῇ
610 3040 953 3113 λαμπρότητί
990 3058 1106 3098 σου.
1131 3059 1149 3089 ι
1188 3042 1262 3094 Οὐ
1285 3040 1392 3112 γὰρ
1414 3043 1505 3094 ἐπὶ
1531 3041 1739 3104 πάντας
1766 3043 1953 3094 ἀνατε-

359 3134 495 3197 λεῖς,
532 3133 645 3187 ἀλλ’
685 3133 778 3185 ἐπὶ
813 3133 1004 3203 μόνους
1032 3134 1159 3195 τοὺς
1198 3131 1401 3196 ἀξίους.
1430 3132 1570 3195 Τοὺς
1600 3132 1708 3204 γὰρ
1737 3132 1811 3204 μὴ
1843 3149 1953 3185 τοι-

2047 2038 2137 2092 lux
2188 2038 2299 2101 illa,
2326 2037 2456 2091 olim
2498 2036 2593 2090 tibi
2636 2052 2731 2106 per
2763 2036 3058 2105 prophetas
3084 2034 3417 2087 annuutiata.
3455 2032 3633 2099 Quare

2046 2146 2114 2186 ne
2142 2129 2435 2193 cunctcris,
2480 2130 2576 2185 sed
2622 2129 2947 2194 illuminare,
2981 2127 3326 2192 illuminare,
3358 2135 3412 2180 et
3442 2125 3634 2195 gratia:

2048 2225 2318 2293 particeps
2342 2231 2496 2287 esto;
2523 2222 2614 2276 tibi
2646 2223 2793 2277 enim
2830 2221 3149 2276 illuminatae
3184 2220 3299 2275 hzec
3326 2227 3380 2274 et
3417 2218 3507 2272 illa
3536 2217 3632 2273 ad—

2048 2322 2228 2367 θΙΊΙΙΙΙ..

2119 2403 2287 2458 νεεδ.
2318 2401 2375 2455 2.
2412 2422 2429 2455 ι
2464 2402 2603 2457 Ecce
2639 2404 2874 2457 tenebra:
2918 2400 3166 2470 operient
3196 2409 3420 2465 terram,
3450 2408 3506 2453 et
3540 2414 3631 2453 ca-

2050 2497 2159 2564 ligo
2196 2510 2356 2564 super
2390 2502 2602 2565 gentes.
2637 2493 2813 2563 Super
2838 2502 2891 2547 te
2924 2501 3102 2545 antem
3134 2491 3415 2559 apparebit
3448 2489 3631 2543 Domi-

2051 2599 2173 2648 nus,
2207 2593 2264 2637 et
2310 2583 2477 2654 gloria
2510 2582 2627 2647 ejus
2667 2583 2718 2636 in
2754 2592 2805 2636 te
2853 2581 3142 2636 videbitur.
3179 2598 3198 2632 ι
3238 2580 3370 2647 Quae
3412 2594 3545 2634 sane
3578 2579 3630 2631 in

2049 2677 2226 2747 primo
2257 2675 2551 2731 Salvatoris
2569 2675 2800 2729 adventu
2826 2673 3085 2728 accidisse
3107 2680 3362 2741 possunt;
3381 2687 3445 2725 ac
3467 2671 3632 2724 etiam

2052 2770 2104 2823 in
2137 2758 2374 2824 secunda
2415 2777 2470 2821 et
2503 2766 2736 2836 gloriosa
2772 2766 3060 2834 divinaque
3087 2765 3203 2834 ejus
3245 2766 3528 2832 praesentia
3571 2761 3635 2815 fi-

2051 2876 2175 2914 nem
2212 2858 2473 2928 consequi
2506 2855 2780 2912 valebunt.

2122 2950 2289 3006 Vsns.
2322 2951 2372 3004 5.
2401 2968 2421 3001 ι
2441 2949 2506 3004 Ει
2530 2947 2880 3003 ambulabunt
2917 2962 3070 3016 rcges
3100 2946 3153 2999 in
3181 2945 3385 2999 lumine
3426 2954 3538 3006 tuo,
3580 2954 3637 2997 et

2053 3053 2240 3112 gentes
2256 3044 2305 3095 in
2321 3039 2611 3109 splendore
2627 3048 2735 3093 tuo.
2752 3037 2892 3093 »Νοιι
2911 3037 3162 3093 omnibus
3176 3039 3341 3099 extim,
3355 3037 3447 3092 sed
3460 3037 3636 3106 dignis

2055 3142 2261 3186 tantum
2311 3130 2525 3186 orieris.
2560 3128 2816 3198 Indignos
2846 3131 3043 3199 quippe
3080 3131 3313 3187 tenebrae
3336 3130 3636 3184 exteriores

361 3225 555 3288 ούτους
582 3223 900 3295 διαλήψεται
926 3223 986 3276 τὸ
1020 3222 1282 3294 ἐξώτερον
1318 3223 1506 3287 σκότος
1534 3225 1629 3277 καὶ
1669 3224 1730 3277 τὸ
1759 3225 1870 3295 πῦρ
1891 3225 1948 3277 τὸ

2055 3237 2109 3280 et
2136 3225 2274 3295 ignis
2303 3235 2541 3279 aeternus
2590 3223 2883 3292 excipient,
2917 3237 3126 3278 necnon
3156 3223 3261 3276 alia
3298 3223 3479 3276 omnia
3516 3237 3637 3291 qua:

362 3317 599 3382 αἰώνιον,
629 3317 722 3370 καὶ
741 3318 842 3371 ὅσα
864 3315 997 3370 ἄλλα
1021 3318 1131 3377 τοῖς
1163 3315 1412 3368 ἀσεϐέσιν
1443 3316 1753 3388 ήπείληται.
1781 3320 1870 3371 Δεῖ
1893 3318 1951 3370 δέ

362 3410 627 3481 πρότερον
666 3408 843 3477 φωτὸς
881 3408 976 3460 καὶ
1025 3406 1289 3477 ἀνατολῆς
1318 3410 1430 3471 τοῖς
1476 3408 1758 3478 μέλλουσιν
1786 3410 1949 3462 αὐτοῦ

362 3501 589 3569 δψεσθαι
621 3503 719 3573 τὴν
748 3500 901 3565 δόξαν
923 3518 935 3531 ’
973 3502 1143 3564 ὅπως,
1173 3500 1230 3551 ἐν
1252 3498 1435 3571 ἡμέρᾳ
1462 3499 1643 3554 θεῖκοῦ
1669 3501 1846 3571 φωτὸς
1868 3518 1954 3571 γε-

363 3595 599 3664 νόμενοι,
656 3594 852 3665 θεωροὶ
878 3593 976 3663 τῆς
1019 3590 1175 3662 δόξης
1197 3590 1291 3645 τοῦ
1327 3592 1650 3664 μονογενοῦς
1692 3592 1822 3646 Υἰοῦ
1856 3592 1950 3648 τοῦ

361 3686 501 3737 Θεοῦ
536 3685 899 3745 καταστῶσιν.

443 3772 640 3847 «Ἀρον
664 3776 848 3847 κύκλῳ
876 3778 1002 3840 τοὺς
1030 3776 1343 3847 ὀφθαλμούς
1375 3793 1490 3841 σου,
1524 3777 1617 3830 καὶ
1650 3776 1726 3829 ίδε
1756 3794 1953 3849 συνηγ-

368 3867 506 3939 μένα
532 3868 600 3921 τά
625 3867 788 3920 τέκνα
820 3884 932 3921 σου.
966 3887 984 3919 ι
1021 3867 1112 3920 Διὸ
1140 3868 1340 3931 πάντες
1378 3869 1426 3919 oi
1457 3866 1515 3933 ἐξ
1547 3867 1716 3920 ἐθνῶν
1748 3870 1828 3931 είς
1859 3869 1953 3921 τὸν

361 3958 500 4011 Θεὸν
529 3957 617 4010 διὰ
659 3957 748 4009 τοῦ
782 3958 1024 4028 Χριστοῦ
1062 3957 1491 4020 πεπιστευκότες
1531 3957 1857 4026 ἐπαγγελίαν
1880 3962 1955 4011 εί-

362 4049 603 4117 λήφασιν
650 4048 1024 4102 ἀναπαύεσθαι
1061 4050 1140 4111 εἰς
1177 4049 1410 4112 κόλπους
1455 4048 1704 4120 Ἀδραάμ
1755 4052 1849 4103 καὶ¹
1884 4052 1952 4103 ‘1'-

366 4136 513 4191 σαάκ
540 4138 634 4191 καὶ
673 4136 884 4203 Ἰακὼϐ,
919 4138 1076 4191 τοῦτο
1101 4138 1197 4191 τοῦ
1232 4139 1481 4209 Σωτῆρος
1514 4137 1680 4190 αὐτοῦ
1714 4138 1956 4204 διδάξαν-

364 4246 478 4292 τος.
510 4229 620 4281 Kal.
642 4230 700 4282 ἐν
722 4228 928 4299 ἐτέροις
956 4229 1013 4282 δὲ
1045 4229 1284 4283 πλείοσιν
1312 4232 1344 4300 ή
1372 4229 1430 4295 ἐξ
1452 4226 1621 4282 ἐθνῶν
1660 4229 1955 4301 Ἐκκλησία

368 4321 614 4393 θυγάτηρ
664 4321 1025 4392 ἀνηγόρευται
1065 4320 1202 4375 Σιὼν
1249 4322 1342 4375 καὶ
1390 4321 1635 4393 θυγάτηρ
1687 4323 1955 4392 Ἰερουσα-

367 4412 499 4483 λήμ.
524 4414 762 4467 «Ἥκασι
794 4413 993 4477 πάντες
1014 4416 1063 4465 οἱ
1094 4414 1199 4466 υἱοί
1227 4431 1319 4468 σου
1356 4413 1646 4485 μακρόθεν,
1664 4414 1759 4467 καὶ
1776 4415 1831 4467 αἱ
1859 4412 1952 4466 θυι·

369 4504 599 4575 γατέρες
624 4521 715 4557 σου
746 4506 833 4557 ἐπ’
868 4504 1033 4575 ὤμων
1062 4505 1408 4577 ἀρθήσονται.
1438 4525 1456 4557 ι
1482 4500 1557 4557 τΗ
1564 4523 1663 4577 μεν
1690 4505 1796 4576 γάρ
1824 4505 1955 4577 map.

2054 3317 2236 3384 impiis
2271 3315 2629 3370 comminatus
2653 3313 2913 3369 Dominus
2944 3323 3046 3369 est.
3090 3313 3223 3368 Nam
3269 3316 3361 3382 qui
3408 3315 3635 3384 gloriam

2053 3409 2170 3477 cius
2203 3409 2367 3463 visuri
2399 3416 2545 3473 sunt,
2584 3408 2701 3461 luce
2726 3408 2959 3476 primum
2985 3415 3041 3461 et
3065 3415 3185 3460 ortu
3213 3405 3328 3475 ejus
3366 3393 3505 3476 opus
3535 3406 3638 3461 ha-

2053 3502 2215 3569 bent,
2244 3510 2303 3556 ut
2350 3501 2403 3555 in
2438 3500 2527 3553 die
2577 3499 2771 3554 divinae
2814 3497 2972 3564 lucis,
3000 3499 3183 3569 glorias
3215 3500 3477 3567 unigeniti
3512 3498 3636 3555 Filii

2054 3593 2147 3650 Dei
2174 3594 2541 3663 speculatores
2570 3606 2692 3647 esse
2724 3591 2960 3646 valeant.

2127 3776 2290 3831 Vens.
2323 3774 2378 3829 4.
2417 3793 2439 3826 ι
2488 3773 2629 3828 Leva
2671 3774 2723 3827 in
2759 3772 2992 3827 circuitu
3021 3771 3209 3826 oculos
3237 3780 3377 3834 tuos,
3412 3779 3467 3824 et
3514 3769 3638 3825 vide

2055 3879 2412 3939 congregatos
2451 3868 2590 3943 illius
2629 3875 2771 3920 tuos.
2811 3883 2829 3916 ι
2873 3863 3237 3931 Quamobrem
3273 3871 3539 3931 quotquot
3569 3877 3637 3917 ex

2056 3962 2303 4033 gentibus
2329 3959 2531 4015 Christi
2553 3971 2716 4030 opera
2746 3957 2799 4012 in
2827 3957 2994 4011 Deum
3017 3956 3383 4019 crediderunt,
3406 3955 3637 4023 promis-

2055 4055 2263 4109 sionem
2316 4054 2596 4122 accepere,
2636 4050 2779 4121 quod
2814 4051 2865 4104 in
2914 4049 3035 4105 sinu
3082 4049 3336 4115 Abrahae,
3372 4049 3537 4103 lsaaci
3583 4056 3637 4102 et

2052 4144 2240 4200 Jacobi
2262 4145 2503 4214 requiem
2547 4142 2784 4198 habituri
2822 4142 2930 4197 sint
2961 4157 2976 4195 :
3003 4142 3055 4195 id
3078 4143 3196 4211 ipso
3222 4142 3512 4196 Servatore
3542 4138 3639 4194 do-

2056 4247 2230 4291 cente.
2262 4237 2395 4291 Aliis
2425 4237 2554 4290 item
2604 4237 2656 4290 in
2689 4235 2821 4290 locis
2865 4235 3108 4290 Ecclesia
3152 4251 3217 4288 ex
3251 4233 3498 4304 gentibus
3526 4232 3636 4286 filia

2057 4329 2187 4384 Sion
2217 4338 2270 4385 et
2303 4329 2409 4383 ﬁlia
2461 4328 2757 4385 Jerusalem
2807 4337 3049 4383 vocatur.
3086 4346 3105 4379 ‹
3140 4327 3414 4382 Venerunt
3443 4339 3636 4379 omnes

2059 4422 2149 4476 filii
2199 4423 2272 4477 tui
2310 4423 2376 4478 de
2416 4418 2571 4491 longe
2595 4462 2609 4488 ,
2650 4431 2704 4475 et
2745 4419 2865 4473 filiae
2904 4429 3008 4473 tuae
3044 4419 3288 4473 humeris
3347 4416 3638 4487 geStabun-

2059 4523 2163 4568 tur.
2209 4533 2228 4564 ι
2270 4514 2497 4568 Eramus
2520 4514 2717 4583 quippe
2742 4510 2902 4582 longe
2936 4523 2989 4567 et
3017 4491 3203 4580 procul
3233 4508 3392 4577 positi
3427 4523 3455 4561 a
3479 4521 3636 4576 repu-

372 4599 451 4666 ρω
486 4612 590 4648 που
629 4596 721 4648 καὶ
770 4595 984 4668 μακρὰν
1022 4596 1123 4665 τῆς
1160 4596 1434 4660 πολιτείας
1478 4596 1571 4650 τοῦ
1616 4597 1831 4669 Ἰσραὴλ
1862 4598 1948 4651 καῖ

2064 4606 2199 4660 blica
2221 4606 2452 4669 lsraelis,
2490 4619 2556 4660 ac
2576 4604 2739 4672 justis
2772 4602 3043 4668 extranei,
3073 4617 3224 4673 spem
3264 4600 3642 4671 promissionis

373 4688 511 4751 ξένοι
531 4687 640 4741 τῶν
670 4687 914 4753 δικαίων,
959 4692 1059 4759 τῆς
1102 4690 1432 4758 ἐπαγγελίας
1463 4689 1653 4743 ἐλπίδα
1701 4690 1775 4762 μὴ
1805 4688 1953 4761 ἕχον-

332 4774 337 4777 ῆ
369 4796 484 4843 τες,
511 4782 610 4833 ’καὶ
641 4779 788 4833 ἄθεοι
817 4782 874 4831 ἐν
909 4779 986 4849 τῷ
1015 4780 1224 4851 κόσμῳ.
1261 4782 1331 4835 Αἵ
1345 4798 1404 4834 τε
1434 4781 1546 4852 γὰρ
1572 4780 1775 4835 ἁπαλαί
1799 4779 1953 4835 οὖσαι

369 4870 541 4941 ψυχαὶ
576 4873 671 4924 καὶ
714 4871 792 4925 ἐτι
823 4873 1035 4944 νήπιαι,
1068 4871 1147 4934 ὡς
1181 4872 1513 4943 ἀρτιγένητα
1556 4870 1751 4944 βρέφη,
1778 4873 1840 4925 τὸ
1868 4873 1956 4925 λοο

371 4963 525 5033 γικδν
546 4964 641 5017 καὶ
660 4963 842 5017 ἀδολον
865 4963 1006 5032 γάλα
1039 4962 1387 5016 ἐπιποθοῦσι·
1417 4963 1506 5016 διά
1526 4981 1585 5016 τε
1610 4964 1710 5034 τῆς
1739 4966 1797 5017 ἐν
1822 4963 1957 5035 Χρι-

374 5053 487 5124 στῷ
525 5054 935 5125 ἀναγεννήσεως
965 5053 1255 5124 γενόμεναι
1307 5052 1471 5105 τέκνα
1525 5053 1620 5106 τοῦ
1684 5051 1952 5124 Ἀϐραὰμ,

372 5145 839 5209 ὑποὸαστάζονται
879 5148 964 5198 ἐπ’
998 5144 1184 5215 ὤμων,
1211 5144 1494 5214 αἰρόμεναι
1527 5146 1623 5196 καὶ
1660 5144 1957 5212 ὑποκουφι-

370 5240 597 5308 ζόμεναι
629 5238 733 5291 ὑπὸ
748 5237 854 5290 τῶν
888 5236 1369 5308 χειραγωγούντων
1392 5234 1559 5298 αὐτὰς
1591 5234 1955 5288 διδασκάλωνο

370 5326 482 5396 οἷος
515 5328 583 5403 ἦν
616 5332 645 5385 ὁ
674 5330 883 5395 Παῦλος
914 5330 1089 5399 λέγων
1112 5346 1126 5360 ο
1165 5348 1183 5380 ι
1206 5328 1294 5392 Ὠς
1325 5327 1391 5381 ἂν
1429 5328 1629 5398 τροφὸς
1675 5326 1855 5398 θάλπῃ
1893 5326 1961 5381 τά

372 5424 579 5493 ἑαυτῆς
596 5424 784 5487 τέκνα,
802 5421 975 5484 οὕτως
992 5421 1324 5491 ίμειρόμενοι
1347 5420 1520 5489 ὑμῶν,
1545 5437 1563 5470 ι
1586 5419 1680 5471 καὶ
1697 5417 1766 5471 τὰ
1782 5417 1928 5488 ἑξῆς,

454 5536 472 5567 ι
499 5515 634 5569 Τότε
676 5512 803 5586 ὄψῃ,
838 5514 933 5566 καὶ
970 5514 1401 5586 φοϐηθήσῃ,ηκαὶ
1432 5515 1671 5586 ἐκστήσῃ
1711 5515 1776 5583 τῇ
1825 5528 1962 5583 καρ-

377 5607 488 5680 δίᾳ,
536 5610 618 5663 ὅτι
661 5606 953 5679 μεταϐαλεῖ
986 5608 1066 5669 εἰς
1123 5606 1183 5658 σὲ
1230 5606 1459 5670 πλοῦτος
1509 5606 1804 5677 θαλάσσης,
1868 5604 1962 5659 καὶ

460 5836 503 5869 ⁸⁸
529 5834 715 5891 Matth.
743 5848 890 5899 χειν,
929 5832 1017 5887 55.
1116 5832 1157 5862 ¹⁷
1185 5830 1201 5884 l
1242 5831 1434 5887 Thess.
1477 5847 1541 5896 ιι,
1570 5831 1627 5889 7.

789 5928 1059 5986 ParnoL.
1110 5926 1229 5985 Gn.
1276 5925 1482 5984 XXIV

2060 4710 2165 4749 non
2213 4694 2495 4757 habentes,
2526 4702 2691 4763 atque
2739 4694 2887 4763 impii
2920 4695 2971 4748 in
3018 4695 3220 4748 mundo
3258 4691 3641 4745 versabamur.

2058 4786 2193 4840 Nam
2225 4793 2424 4839 tenerae
2453 4792 2507 4838 et
2535 4785 2711 4837 adhuc
2746 4784 2984 4839 infantes
3005 4785 3219 4849 animm,
3246 4782 3401 4853 quasi
3428 4780 3644 4850 pueruli

2061 4876 2220 4930 modo
2247 4875 2435 4945 geniti,
2489 4876 2815 4930 rationabile
2844 4887 2899 4931 et
2932 4878 3051 4931 sine
3090 4878 3217 4931 dolo
3251 4876 3332 4930 Iac
3377 4872 3644 4940 concupi-

2061 4973 2218 5015 scunt
2245 4978 2258 5014 :
2282 4975 2346 5016 ac
2361 4975 2455 5031 per
2468 4964 2928 5033 regenerationem
2950 4966 3002 5020 in
3026 4964 3263 5028 Christo,
3295 4964 3387 5019 lilii
3411 4963 3554 5017 Ahra
3564 4960 3644 5013 ha:

2062 5053 2299 5120 eﬂ'ectze,
2336 5054 2580 5109 humeris
2640 5065 2925 5125 gestantur
2961 5071 2991 5110 a
3034 5057 3306 5127 magistris
3352 5055 3497 5118 suis,
3542 5053 3644 5105 via:

2066 5146 2316 5211 ducibus,
2345 5146 2569 5202 sublatae
2597 5158 2759 5217 atque
2785 5158 3123 5216 sustentatas,
3142 5148 3317 5218 qualis
3345 5156 3465 5202 erat
3498 5141 3642 5197 Pau-

2066 5238 2169 5302 lus,
2196 5237 2287 5307 qui
2313 5238 2408 5302 ait,
2441 5255 2460 5289 ι
2484 5236 2760 5309 Tanquam
2795 5240 2840 5295 si
2875 5240 3057 5295 nutrix
3098 5239 3275 5294 foveat
3305 5236 3445 5291 filios
3477 5248 3637 5297 suos,

2069 5328 2146 5383 ita
2174 5328 2546 5386 desiderantes
2564 5330 2629 5397 ",
2662 5349 2681 5381 ι
2724 5341 2831 5385 etc.

2138 5510 2305 5568 Vsus.
2335 5512 2390 5569 5.
2434 5532 2454 5565 ι
2497 5514 2650 5571 Tunc
2696 5515 2923 5581 videbis,
2969 5522 3023 5570 et
3078 5511 3315 5577 timebis,
3354 5519 3410 5565 et
3456 5510 3644 5564 obstu—

2069 5619 2259 5675 pesces
2287 5606 2471 5673 corde,
2526 5607 2653 5678 quia
2681 5607 3080 5665 transferentur
3107 5607 3159 5662 in
3202 5615 3253 5662 te
3285 5604 3488 5660 divitiae
3524 5619 3646 5657 ma-

3253 5928 3327 5986 .16
