4130 6462
413 378 514 436 491

1086 374 1352 434 EUSEBIl
1381 378 1870 436 CIESARIENSIS
1907 376 2057 434 OPP.
2098 379 2277 435 PARS
2309 378 2403 436 lll.
2443 410 2512 422 —-
2551 378 2960 436 EKEGETICA.

3563 383 3668 439 ιθῖ

417 499 514 561 ris,
541 501 594 550 et
615 493 852 564 gentium
875 493 1300 563 tet-populorum.
1323 514 1341 547 ι
1366 495 1462 550 Hic
1491 509 1706 566 quoque
1733 496 1984 552 observes

2095 497 2262 550 ἐθνῶν
2288 500 2381 550 καὶ
2410 483 2574 551 λαῶν.
2602 518 2620 551 ι
2678 498 2787 551 Καὶ
2827 496 3057 551 ἐνταῦθα
3100 497 3156 550 δὲ
3197 497 3352 569 τήρει
3385 497 3532 562 ὅπως
3570 498 3670 569 τὴν

413 589 599 652 velim,
641 602 748 656 quo
780 593 938 656 pacto
968 585 1367 639 multitudinem
1412 585 1683 655 ingentem
1719 586 1862 640 illam
1897 600 1988 642 eo—

418 694 561 743 rum,
608 677 701 747 qui
757 676 983 730 salutem
1038 685 1462 746 consequuntur,
1517 677 1687 731 maris
1739 675 1989 733 fluctibus

375 837 378 841 λ
415 778 713 840 comparet.
749 767 1028 822 Fortitudo
1061 777 1240 823 autem
1271 769 1510 838 gentium
1544 769 1578 822 ii
1635 769 1855 834 fuerint,
1893 771 1986 840 qni

2091 587 2290 658 πολλὴν
2326 588 2696 659 πολυπληθίαν
2740 588 2847 641 τῶν
2885 587 3208 658 σωζομένων
3242 586 3436 659 πλήθει
3473 587 3672 641 θαλάσ-

2092 696 2191 751 σης
2217 679 2506 735 ἀπείκασε.
2555 679 2794 750 Δύναμις
2821 678 2878 731 δὲ
2916 677 3020 732 τῶν
3047 679 3217 732 ἐθνῶν
3241 680 3292 732 οί
3341 679 3668 754 κατορθοῦν-

2088 790 2180 836 τες
2210 769 2318 826 εἷεν
2352 772 2417 826 ἂν
2447 774 2570 844 μηδ’
2599 772 3055 845 ἐξασθενήσαντες
3092 772 3226 844 πρὸς
3264 772 3356 826 τὸν
3390 774 3544 830 τόνον
3575 773 3672 828 τοῦ

416 863 572 918 bonis
596 860 855 932 operibus
899 861 1089 926 dediti,
1138 877 1168 914 α
1220 860 1518 932 spiritualis
1551 862 1675 916 vitae
1722 876 1886 917 cursu
1934 871 1984 917 et

2094 864 2290 936 νοητοῦ
2327 865 2464 936 βίου.

417 965 603 1009 tenore
632 969 737 1009 non
773 953 1052 1008 deficiunt.

483 1037 648 1092 Vsus.
679 1036 811 1104 6,-7.
847 1057 865 1090 ι
912 1038 976 1092 Ει
1003 1039 1228 1094 venient
1272 1039 1368 1095 tibi
1403 1052 1594 1109 greges
1633 1037 1986 1103 camelorum,

411 1139 468 1184 et
492 1131 744 1201 operient
768 1139 820 1186 te
865 1131 1052 1187 cameli
1084 1131 1319 1186 Ma-diam
1340 1143 1400 1188 et
1427 1133 1666 1203 Gepbar.
1691 1131 1891 1188 Omnes
1921 1133 1988 1188 de

413 1221 555 1277 Saba
596 1223 838 1288 venient,
869 1222 1119 1278 ferentes
1175 1238 1390 1292 aurum,
1429 1231 1485 1278 et
1524 1225 1649 1279 thus
1695 1223 1898 1286 ferent,
1931 1231 1986 1278 et

410 1311 662 1367 Salutare
700 1311 911 1367 Domini
944 1314 1356 1369 annumiabunt.
1391 1315 1459 1369 Et
1483 1329 1694 1371 mmnes
1725 1329 1856 1369 oves
1881 1313 1988 1369 Ce-

410 1404 513 1457 dar
537 1403 1031 1474 congregabuntur,
1055 1412 1110 1459 et
1147 1404 1641 1460 arietes-Nabaioth
1664 1405 1902 1468 venient,
1933 1412 1987 1459 et

409 1495 710 1550 afferentur
730 1495 1080 1565 acceptabilia
1099 1511 1262 1567 super
1281 1496 1453 1552 altare
1478 1511 1678 1552 meum.
1702 1495 1836 1552 dlis
1857 1497 1987 1553 sub-

411 1585 640 1641 indicari
678 1595 807 1655 puto
843 1600 937 1641 eos
963 1586 1055 1654 qui
1089 1586 1141 1640 in
1185 1586 1422 1642 Ecclesia
1469 1587 1663 1656 opibus
1689 1595 1746 1641 et
1783 1587 1985 1642 divitiis

410 1677 633 1732 aﬂluunt
663 1696 678 1733 :
711 1679 789 1734 sic
810 1681 955 1735 enim
990 1678 1244 1735 Salvator
1276 1679 1497 1735 divitem
1537 1681 1985 1749 camelo-compa-

2165 1058 2185 1091 ι
2207 1038 2320 1093 Καὶ
2346 1039 2534 1108 ἥξουσὶ
2562 1056 2642 1092 σοι
2681 1039 2872 1108 ἀγέλαι
2911 1037 3194 1110 καμήλων,
3237 1039 3332 1092 καὶ
3373 1039 3674 1110 καλύψουσί

2091 1147 2150 1182 σε
2187 1130 2422 1201 κάμηλοι
2460 1129 2686 1201 Μαδιὰμ
2728 1128 2819 1184 καὶ
2847 1109 3059 1202 Γεφὰρ,
3083 1130 3291 1194 Πάντες
3333 1132 3397 1184 ἐκ
3427 1132 3574 1186 Σάϐα
3603 1109 3673 1203 ῆ-

2089 1222 2260 1288 ξουσι,
2284 1221 2540 1294 φέροντες
2568 1222 2807 1294 χρυσίον,
2845 1224 2941 1276 καλ⁴
2984 1222 3198 1276 λίϐανον
3227 1221 3450 1289 οἴσουσι,
3487 1224 3580 1276 καὶ
3610 1223 3673 1276 τὸ

2088 1313 2366 1383 Σωτήριον
2391 1313 2597 1384 Κυρίου
2627 1313 3085 1382 εύαγγελιοῦνται.
3104 1313 3214 1367 Καὶ
3237 1315 3414 1368 πάντα
3443 1314 3513 1368 τὰ
3538 1309 3675 1388 πρό-

2087 1401 2227 1455 ϐατα
2249 1401 2439 1473 Κηδὰρ
2471 1401 2911 1474 συναχθήσονται,
2941 1402 3034 1456 καὶ
3061 1404 3205 1473 κριοὶ
3229 1402 3486 1458 Ναϐαιὼθ
3507 1404 3674 1474 ἥξου-

2088 1507 2162 1555 σι,
2212 1491 2306 1544 καὶ⁴
2355 1491 2775 1561 ἀνενεχθήσεται
2821 1491 2986 1544 δεκτὰ
3036 1492 3130 1544 ἐπὶ
3173 1493 3236 1545 τὸ
3288 1492 3674 1563 θυσιαστήριόν

2090 1599 2211 1652 μου.
2238 1602 2256 1635 ›
2302 1583 2641 1636 Αίνίττεσθαι
2687 1583 2742 1635 δὲ
2793 1577 2945 1652 οἶμαι
2974 1581 3062 1635 διὰ
3097 1582 3303 1636 τούτων
3350 1583 3476 1646 τοὺς
3523 1584 3671 1654 ἐντῇ

2099 1673 2396 1745 Ἐκκλησία
2455 1674 2721 1744 εὐπόρους
2766 1674 2858 1726 καὶ
2900 1672 3128 1726 πλοῦτον
3175 1673 3670 1744 περιρρεομένους’

409 1787 536 1826 rans
564 1772 796 1838 dicebat,
831 1791 850 1823 ‹
882 1771 1117 1827 Facilius
1170 1781 1255 1826 est
1289 1774 1555 1827 camelum
1605 1787 1703 1842 per
1738 1772 1981 1826 foramen

2086 1763 2228 1817 οὕτω
2251 1764 2382 1833 γοῦν
2412 1765 2505 1818 καὶ
2533 1766 2564 1817 ό
2591 1765 2781 1836 Σωτὴρ
2831 1753 3203 1818 τὸνίπλούσιον
3231 1765 3464 1836 καμήλῳ
3489 1783 3672 1836 παρα-

409 1878 542 1918 acus
567 1863 976 1934 ingredi,quam
1018 1863 1237 1919 divitem
1265 1863 1316 1917 in
1348 1878 1572 1934 regnum
1597 1861 1856 1917 cmlorum
1875 1862 1938 1916 ³⁸.
1959 1880 1980 1914 ι

2087 1853 2297 1908 ϐάλλων
2324 1855 2528 1923 ἔλεγεν,
2561 1872 2580 1904 ι
2608 1853 3001 1927 Εὐκοπώτερόν
3028 1856 3142 1909 ἐστι
3165 1855 3408 1927 κάμηλον
3422 1857 3509 1910 διὰ
3539 1874 3672 1929 τρυ-

406 1955 680 2010 Caeterum
714 1954 1035 2009 admirabile
1065 1954 1196 2010 illud
1226 1962 1365 2018 erat,
1391 1954 1518 2024 quia
1547 1954 1692 2024 quod
1727 1953 1984 2024 impossi-

405 2047 516 2104 bile
553 2049 886 2113 bominibus,
924 2048 1156 2117 idipsum
1211 2047 1322 2102 Deo
1379 2045 1637 2116 possibile
1689 2055 1792 2100 est.
1839 2044 1984 2112 Qua-

406 2136 983 2208 propter-Jerusalem,
1033 2135 1393 2191 admiratione
1435 2148 1616 2204 capta,
1653 2136 1850 2206 gaudio
1878 2151 1984 2191 ψο-

407 2230 604 2299 pletur,
660 2229 788 2284 dum
829 2228 1048 2284 scilicet
1083 2228 1306 2282 ani-mas
1347 2227 1572 2282 camelis
1617 2237 1981 2298 comparatas,

406 2324 738 2388 inmutatas,
779 2329 834 2376 et
865 2320 1021 2391 quasi
1083 2335 1179 2390 per
1229 2318 1470 2375 foramen
1504 2333 1656 2385 acus,
1723 2334 1824 2390 per
1881 2334 1982 2374 an-

404 2424 616 2486 gustam
649 2423 704 2470 et
748 2412 1142 2469 arctam-viam
1180 2413 1235 2468 in
1285 2413 1450 2468 vitam
1502 2421 1762 2466 aeternam
1797 2413 1982 2485 ingre-

404 2508 616 2562 dientes
649 2500 1171 2576 couspicit.'Cameli
1211 2518 1341 2560 vero
1394 2519 1504 2559 non
1561 2503 1719 2558 vacui
1761 2512 1816 2560 et
1861 2505 1983 2561 sine

404 2595 622 2651 sarcina
675 2601 964 2659 venerunt,
1012 2594 1106 2649 sed
1140 2593 1282 2650 dona
1315 2593 1448 2657 Deo,
1493 2602 1552 2648 ut
1585 2609 1683 2663 par
1712 2603 1817 2659 est,
1849 2585 1984 2649 σπο-

404 2696 592 2742 rentes
621 2687 689 2740 ad
723 2685 917 2741 animm
947 2700 1060 2741 suae
1091 2685 1543 2755 redemptionem.
1573 2684 1761 2755 Itaque
1785 2685 1982 2741 cameli

406 2762 656 2830 salutare
678 2775 887 2830 Domini
912 2774 1332 2841 annuntiabunt,
1355 2781 1647 2844 postquam
1677 2784 1983 2830 memorata

404 2869 544 2922 dona
577 2866 903 2932 obtulerint;
950 2866 1098 2932 thus,
1129 2865 1337 2921 scilicet
1370 2865 1704 2935 spiritualem
1734 2879 1985 2922 suavem-

403 2971 514 3028 que
545 2955 830 3027 theologia:
857 2955 1114 3023 odorem;
1163 2970 1354 3010 aurum
1386 2971 1538 3020 vero,
1575 2970 1866 3026 corporeas
1899 2956 1984 3012 ni-

403 3051 608 3107 mirum
646 3063 797 3120 opes.
851 3041 1090 3104 Madiam'
1135 3062 1298 3118 porro
1336 3055 1397 3103 et
1441 3047 1682 3118 Gepbar,
1731 3050 1983 3120 regiones

404 3141 760 3197 barbarorum
791 3148 933 3204 sunt,
979 3138 1316 3194 camelorum
1349 3138 1580 3205 feraces,
1628 3141 1981 3210 quemadmo-

404 3231 533 3286 dum
565 3239 622 3286 et
661 3229 826 3296 Saba,
877 3245 1040 3300 supra
1063 3230 1319 3286 Arabiam
1353 3231 1480 3297 sita,
1515 3245 1683 3300 penes
1716 3245 1852 3302 quos
1879 3247 1979 3303 po-

401 3323 561 3393 pulos
579 3323 910 3379 camelorum
939 3337 1112 3394 genus
1149 3322 1352 3392 ingenti
1391 3338 1620 3378 numero
1657 3334 1740 3379 est
1766 3339 1783 3377 :
1810 3338 1980 3394 quare

401 3416 601 3472 horum
628 3415 874 3485 exemplo
906 3430 1099 3471 sermo
1130 3416 1319 3470 utitur.
1349 3415 1415 3470 Et
1447 3416 1579 3471 mihi
1611 3429 1744 3472 sane
1769 3418 1982 3473 videtur

402 3507 492 3563 his
508 3507 688 3562 verbis
711 3506 1071 3576 Scripturam,
1081 3506 1396 3577 juvenculas
1414 3517 1469 3563 et
1485 3506 1762 3564 infantiles
1787 3522 1981 3579 corpo-

403 3614 622 3655 reorum
665 3595 976 3653 Iudaeorum
1006 3612 1166 3655 aures
1220 3599 1438 3654 allicere
1473 3607 1528 3654 et
1566 3599 1892 3666 demulcere,
1921 3609 1982 3656 ut

404 3704 498 3744 eas
528 3688 814 3760 pertrabat
836 3697 892 3744 et
924 3689 1174 3744 hortetur
1198 3690 1266 3744 ad
1305 3688 1468 3744 vitam
1497 3688 1644 3744 illam
1673 3700 1731 3745 et
1762 3690 1983 3760 religio-

403 3795 553 3850 nem,
581 3795 700 3852 quae
724 3781 1032 3837 secundum
1058 3779 1228 3835 Deum
1267 3789 1372 3847 est,
1401 3788 1616 3836 mature
1663 3779 1978 3838 iucundam.

479 3965 499 4000 ι
525 3947 593 4002 Et
615 3961 806 4004 omnes
828 3961 960 4003 oves
986 3946 1224 4002 Cedar.»
1261 3947 1582 4018 Huiusmodi
1605 3950 1820 4006 animas
1846 3949 1981 4008 alie-

404 4036 632 4105 nigenas
655 4045 712 4092 et
738 4047 1026 4093 extraneas
1051 4051 1172 4092 esse
1195 4038 1579 4095 subindicans:
1599 4041 1862 4111 siquidem
1884 4057 1983 4112 per

405 4127 916 4199 camelos,opulenti
939 4136 996 4184 et
1024 4128 1220 4183 divites
1236 4128 1483 4186 homines
1511 4130 1818 4188 iudicantur
1840 4148 1982 4204 ;.per

403 4235 535 4278 Oves
577 4229 779 4285 autem,
843 4219 1243 4276 mansuetiores
1305 4235 1372 4276 ac
1431 4221 1832 4292 simpliciores;
1884 4238 1983 4294 per

406 4312 629 4378 arietes,
671 4312 709 4367 ii
750 4313 986 4368 maxime
1020 4327 1088 4368 ex
1122 4311 1374 4382 gentibus
1399 4313 1492 4381 qui
1527 4314 1832 4385 principatu
1870 4331 1982 4371 va—

406 4403 580 4459 lentes
620 4402 1077 4458 convertebantur
1109 4416 1288 4470 :quos
1309 4402 1376 4456 ad
1421 4402 1593 4458 altare
1626 4404 1720 4458 Dei
1755 4420 1980 4462 munera

405 4494 666 4550 allaturos
707 4508 828 4550 esse
865 4507 1047 4549 sermo
1079 4492 1338 4548 declarat.
1379 4493 1444 4548 Et
1477 4507 1606 4548 vero
1638 4493 1749 4562 jam
1789 4494 1979 4564 imple—
2008 4525 2052 4580 Β

407 4598 519 4642 tum
559 4587 836 4643 oraculum
882 4586 1069 4641 videre
1113 4593 1192 4640 est
1236 4602 1250 4640 :
1311 4599 1433 4640 cum
1490 4600 1559 4641 ex
1619 4587 1977 4644 conversione

403 4680 670 4751 gentium,
695 4679 996 4749 huiusmodi
1024 4679 1218 4732 animae
1239 4691 1358 4734 sese
1390 4678 1494 4747 piae
1519 4676 1794 4748 religionis
1813 4679 1978 4736 verbo

402 4770 686 4834 dedentes,
732 4777 789 4823 et
827 4768 1014 4823 altaris
1065 4767 1158 4823 Dei
1191 4769 1498 4824 ministerio
1544 4769 1865 4826 assistentes
1895 4770 1978 4825 vi-

403 4864 655 4917 deantur.
689 4858 825 4914 Nam
877 4869 1007 4914 tunc
1042 4859 1278 4917 maxime
1310 4875 1404 4930 per
1443 4863 1635 4918 horum
1675 4863 1983 4927 conversio-

403 4968 526 5008 nem
552 4961 610 5008 et
636 4951 888 5017 salutem,
913 4951 1159 5008 Ecclesia
1210 4953 1308 5008 Dei
1337 4953 1587 5009 laudibus
1627 4953 1932 5009 celebratur
1959 4970 1974 5008 :

401 5060 573 5115 quare
603 5045 860 5112 deinceps
886 5042 1086 5100 dicitur
1115 5063 1131 5101 :
1168 5062 1188 5098 ι
1219 5043 1289 5100 Et
1319 5046 1514 5101 domus
1545 5045 1814 5102 orationis
1844 5059 1981 5102 mea:

404 5136 818 5209 gleriﬁCabilur.
839 5155 871 5190 -ι

478 5291 644 5350 Vsus.
671 5295 725 5350 8.
762 5313 782 5346 ι
817 5293 1047 5362 Quinam
1095 5295 1148 5351 hi
1180 5296 1339 5351 sunt?
1373 5304 1431 5350 ut
1482 5296 1654 5351 nubes
1691 5295 1898 5362 volant,
1927 5307 1984 5352 et

407 5388 547 5444 sicut
577 5389 839 5445 columbae
873 5404 993 5443 cum
1043 5387 1205 5454 pullis
1235 5403 1396 5458 super
1426 5402 1531 5443 me.
1557 5407 1576 5441 ι
1620 5387 1677 5442 ld
1703 5403 1870 5458 porro
1901 5389 1984 5444 in-

411 5480 713 5550 telligemus
755 5480 801 5535 si
854 5480 1006 5535 Pauli
1061 5494 1248 5535 vocem
1299 5481 1718 5549 perpendamus,
1748 5497 1870 5552 quae
1901 5483 1983 5538 sic

412 5571 609 5625 habet:
640 5590 659 5624 ‹
691 5571 803 5628 Nos
825 5574 915 5643 qui
953 5573 1205 5636 vivimus,
1231 5571 1323 5641 qui
1356 5571 1556 5627 residui
1578 5587 1766 5628 sumus
1788 5575 1851 5629 -in
1883 5575 1982 5630 ad-

411 5671 628 5717 ventum
667 5659 895 5732 Christi,
941 5665 1216 5736 rapiemur
1263 5666 1316 5722 in
1351 5663 1580 5721 nubibus
1628 5663 1843 5723 obviam
1873 5668 1976 5727 Do-

486 5872 528 5904 “
559 5870 747 5928 Matth.
776 5887 888 5940 xu,
920 5874 1010 5928 2i.

2089 1944 2288 2015 μαλιᾶς
2325 1945 2545 2018 ῥαφίδος
2589 1945 2852 1998 εἰσελθεῖν
2889 1945 2922 2017 ἦ
2969 1945 3222 2002 πλούσιον
3273 1949 3352 2012 εἰς
3379 1947 3477 2018 τὴν
3519 1947 3676 2018 βασις-

2084 2035 2234 2091 λείαν
2272 2035 2382 2090 τῶν
2413 2036 2678 2109 οὐρανῶν.
2709 2057 2728 2090 ι
2761 2037 2909 2109 Πλὴν
2934 2037 3069 2092 ἀλλὰ
3105 2038 3168 2092 τὸ
3197 2038 3383 2110 θαῦμα
3407 2039 3556 2094 τοῦτ’
3578 2037 3674 2113 ἦν,

2081 2129 2164 2182 ὅτι
2188 2129 2249 2182 τὸ
2278 2129 2430 2201 παρὰ
2450 2129 2758 2204 ἀνθρώποις
2783 2131 3064 2197 ἀδύνατον,
3093 2132 3249 2186 τοῦτο
3274 2133 3499 2188 δυνατὸν
3524 2136 3675 2204 γίνεο

2081 2239 2170 2274 ται
2201 2221 2282 2293 τῷ
2303 2221 2442 2293 Θεῷ.
2477 2222 2568 2276 Διὸ
2598 2225 2692 2277 καὶ
2723 2223 3001 2288 ἐξίσταται
3047 2224 3402 2296 Ἰερουσαλὴμ
3446 2226 3533 2280 διὰ
3575 2226 3676 2282 τοῦ

2081 2314 2260 2384 χαρᾶς
2309 2313 2683 2386 πληροῦσθαι’
2740 2315 3012 2386 καμήλοις
3066 2315 3130 2387 δὴ
3179 2317 3677 2390 παραϐεϐλημένας

2079 2400 2258 2472 ψυχὰς
2303 2401 2553 2474 θεωμένη
2601 2403 3031 2475 μεταϐαλούσας,
3072 2407 3170 2460 καὶ
3201 2406 3388 2479 ὥσπερ
3421 2407 3510 2461 διὰ
3544 2427 3677 2480 τρυ-

2085 2488 2280 2559 μαλιᾶς
2317 2490 2540 2562 ῥαφίδος
2568 2490 2655 2544 διὰ
2677 2491 2778 2562 τῆς
2813 2493 3007 2564 στενῆς
3040 2495 3134 2548 καὶ
3162 2495 3527 2567 τεθλιμμένης
3553 2497 3674 2551 ὀδοῦ

2080 2582 2161 2645 εἰς
2193 2581 2293 2654 τὴν
2324 2582 2542 2637 αἰώνιον
2590 2583 2736 2655 ζωὴν
2766 2585 3059 2650 εἰσιούσας.
3096 2587 3170 2641 Οὐ
3209 2588 3333 2659 δίχα
3362 2589 3421 2642 δὲ
3453 2590 3672 2662 φορτίου

2080 2673 2378 2745 προσίεσαν
2404 2665 2587 2741 αὗται,
2621 2674 2769 2747 δῶρα
2803 2675 2860 2729 δὲ
2887 2676 2964 2748 τῷ
3001 2677 3120 2748 Θεῷ
3154 2679 3560 2751 προσφέρουσαι
3589 2683 3671 2734 εί-

2081 2765 2254 2830 κότως
2279 2764 2350 2819 τὰ
2372 2764 2546 2838 λύτρα
2575 2766 2674 2838 τῆς
2702 2767 2880 2822 αὐτῶν
2912 2768 3109 2840 ψυχῆς.
3153 2771 3366 2824 Οὐκοῦν
3409 2772 3465 2827 αί
3498 2773 3671 2845 κάμη-

2080 2856 2160 2910 λοι
2208 2856 2271 2910 τὸ
2314 2856 2590 2928 Σωτήριον
2641 2859 2848 2930 Κυρίου
2899 2859 3342 2928 εύαγγελιοῦνται
3399 2864 3536 2935 μετὰ
3573 2863 3668 2918 τοῦ

2077 2947 2231 3020 δῶρα
2273 2948 2606 3021 προσφέρειν
2653 2949 2722 3003 τὰ
2776 2950 3173 3021 προλεχθέντα·
3223 2952 3443 3008 λίϐανον
3477 2955 3534 3008 δὲ
3571 2957 3672 3028 τὴν

2078 3037 2178 3108 τῆς
2220 3035 2498 3107 θεολογίας
2527 3038 2905 3111 πνευματικὴν
2939 3041 3189 3107 εὐωδίαν,
3225 3043 3432 3115 ,χρυσὸν
3469 3045 3526 3099 δὲ
3575 3047 3675 3117 τὴν

2083 3125 2402 3198 σωματικὴν
2435 3126 2719 3199 εὐπορίαν.
2770 3125 2838 3180 Ἦ
2869 3128 2927 3181 δέ
2971 3129 3198 3201 Μαδιὰμ
3237 3134 3332 3185 καὶ
3358 3133 3542 3207 Γεφὰρ
3581 3135 3678 3204 γό-

2086 3230 2232 3285 νιμοι
2253 3215 2516 3288 καμήλων
2545 3216 2653 3270 elei.
2676 3215 2849 3290 χῶραι
2879 3217 3192 3291 βαρϐάρων,
3219 3221 3294 3286 ὡς
3315 3222 3408 3276 καὶ
3440 3225 3472 3296 ή
3502 3225 3671 3294 Σαϐὰ,

2084 3305 2224 3377 ὑπὲρ
2259 3305 2356 3379 τὴν
2399 3306 2659 3379 Ἀραϐίαν
2688 3308 2935 3380 κειμένη,
2969 3313 3098 3382 παρ’
3128 3306 3210 3376 οἷς
3243 3314 3574 3387 πολυπληθεῖ
3612 3319 3675 3371 τὸ

2080 3395 2190 3451 τῶν
2223 3398 2484 3470 καμήλων
2503 3399 2676 3469 γένος⁹
2707 3399 2787 3453 διὸ
2816 3403 2883 3473 τῇ
2916 3401 3120 3456 τούτων
3146 3407 3412 3478 κέχρηται
3457 3409 3486 3460 ό
3517 3408 3675 3477 λόγος

2080 3488 2270 3542 εἰκόνι.
2299 3488 2409 3543 Καί
2445 3507 2534 3561 μοι
2561 3490 2708 3544 δοκεῖ
2740 3490 2828 3544 διὰ
2857 3489 3061 3547 τούτων
3089 3495 3118 3547 ό
3149 3493 3304 3564 λόγος
3345 3496 3553 3566 θέλγειν
3576 3501 3672 3552 καὶ

2081 3578 2465 3648 ἐγγλυκαίνειν
2506 3579 2608 3645 τὰς
2633 3581 2804 3645 ἀκοὰς
2847 3581 2948 3647 τὰς
2977 3584 3267 3655 νηπιώδεις
3294 3585 3403 3640 τῶν
3433 3604 3671 3658 σωματι-

2081 3671 2193 3726 κῶν
2235 3670 2498 3725 Ἰουδαίων
2541 3671 2620 3736 είς
2657 3671 2717 3726 τὸ
2757 3673 3155 3741 ἐφελκύσασθαι
3181 3674 3373 3741 αὑτὰς,
3408 3678 3502 3730 καὶ
3527 3694 3670 3750 προ-

2082 3762 2278 3834 τρέψαι
2323 3762 2574 3818 σπεύδειν
2616 3764 2697 3828 είς
2735 3764 2827 3819 τὸν
2865 3766 3017 3821 ’κατὰ
3051 3765 3182 3819 Θεὸν
3229 3765 3344 3838 βίον
3391 3767 3487 3822 καὶ
3523 3768 3669 3824 πολι-

2082 3871 2139 3907 τε
2149 3854 2253 3910 ίαν.

2157 3964 2177 3998 ι
2205 3945 2315 3999 Καὶ
2351 3946 2529 4001 πάντα
2558 3946 2629 4003 τὰ
2682 3947 2933 4022 πρόϐατα
2951 3949 3157 4022 Κηδὰρ
3178 3966 3192 3981 ο
3219 3969 3238 4004 ι
3288 3950 3350 4004 τὸ
3387 3951 3673 4021 ἀλλογενές

2083 4037 2176 4091 καὶ
2204 4038 2501 4109 ἀλλόφυλον
2527 4041 2636 4094 τῶν
2665 4041 2922 4096 τοιούτων
2953 4042 3016 4114 δὴ
3047 4042 3237 4113 ψυχῶν
3279 4045 3668 4116 αἰνιττόμενος.

2082 4130 2181 4184 Διὰ
2227 4129 2325 4201 μὲν
2359 4125 2454 4185 οὖν
2483 4132 2591 4186 τῶν
2634 4133 2897 4204 καμήλων
2928 4135 2978 4186 οἱ
3025 4134 3248 4207 εὔποροι
3287 4139 3382 4190 καὶ
3428 4137 3674 4192 πλούσιοι

2079 4219 2187 4274 τῶν
2217 4222 2278 4275 -ἐν
2309 4220 2617 4292 ἀνθρώποις
2653 4221 2936 4294 ἐδηλοῦντο
2955 4241 2968 4255 ο
3015 4224 3104 4280 διὰ
3138 4226 3195 4280 δὲ
3235 4227 3344 4281 τῶν
3380 4231 3672 4301 προϐάτων

2080 4311 2130 4363 οί
2162 4310 2504 4382 ήμερώτατοι
2532 4315 2627 4368 καὶ
2649 4315 3051 4370 ἁπλούστατον
3086 4317 3174 4371 διὰ
3193 4318 3249 4370 δὲ
3269 4319 3378 4374 τῶν
3403 4322 3595 4393 κριῶν,
3619 4325 3672 4376 οἱ

2081 4401 2445 4471 ἀρχικώτατοι
2489 4404 2597 4458 τῶν
2633 4404 2691 4472 ἐξ
2730 4406 2901 4460 ἐθνῶν
2947 4409 3411 4482 ἐπιστρεφόντων·
3449 4412 3544 4476 οὓς
3573 4415 3673 4468 ἀν-

2084 4490 2470 4562 ενεχθήσεσθαι
2498 4492 2645 4564 δῶρα
2671 4494 2763 4546 ἐπὶ
2783 4494 2844 4547 τὸ
2864 4494 3246 4569 θυσιαστήριον
3272 4497 3365 4550 τοῦ
3391 4498 3527 4552 Θεοῦ
3561 4517 3670 4572 φη-

2079 4597 2164 4634 σιν
2195 4580 2416 4650 ό⁶λόγος.
2466 4582 2577 4636 Καὶ
2618 4583 2731 4637 ἐστι
2760 4583 2820 4638 τὸ
2859 4585 3036 4655 λόγιον
3065 4587 3436 4659 πληρούμενον
3470 4591 3671 4647 θεάσα-

2083 4670 2205 4724 σθαι
2225 4665 2249 4702 ·’
2275 4672 2493 4726 ἐπειδὰν
2518 4675 2580 4726 ἐκ
2614 4674 2714 4746 τῆς
2737 4675 2845 4728 τῶν
2885 4677 3054 4731 ἐθνῶν
3087 4679 3420 4752 ἐπιστροφῆς
3457 4682 3670 4737 τοιάσδε

2079 4765 2257 4838 ψυχὰς
2303 4767 2400 4822 ῐδοι
2429 4786 2513 4832 τις
2551 4770 2842 4836 ἁναθείσας
2886 4773 3080 4837 ἐαυτὰς
3110 4773 3188 4845 τῷ
3216 4775 3314 4846 τῆς
3355 4775 3670 4839 θεοσεϐείας

2081 4857 2224 4929 λόγῳ
2255 4859 2351 4912 καὶ
2377 4859 2475 4931 τῆς
2505 4859 2844 4933 λειτουργίας
2869 4863 2962 4916 τοῦ
2987 4863 3375 4936 θυσιαστηρίου
3406 4864 3498 4918 τοῦ
3530 4865 3666 4920 Θεοῦ

2087 4947 2579 5020 προσεδρευσάσας.
2614 4951 2746 5004 Τότε
2771 4953 2880 5024 γὰρ
2916 4953 3148 5024 μάλιστα
3175 4954 3262 5009 διὰ
3291 4955 3393 5026 τῆς
3428 4955 3535 5010 τῶν
3559 4973 3672 5010 τοι-

2091 5037 2261 5092 ούτων
2307 5040 2640 5112 ἐπιστροφῆς
2688 5043 2782 5096 καὶ
2823 5043 3096 5116 σωτηρίας
3143 5047 3176 5117 ἠ
3229 5046 3524 5117 Ἐκκλησία
3571 5047 3670 5100 τοῦ

2091 5127 2227 5181 Θεοῦ
2262 5127 2540 5194 δοξάζεται
2559 5148 2572 5162 °
2598 5131 2678 5186 διὸ
2708 5133 2954 5188 λέλεκται
2982 5135 3076 5188 καὶ¹
3104 5135 3231 5206 ἑξῆς
3251 5151 3267 5167 ·
3299 5156 3317 5189 t
3339 5137 3448 5190 Καὶ
3470 5139 3498 5192 ό
3523 5133 3672 5202 οἶκος

2089 5219 2187 5289 τῆς
2214 5221 2520 5292 προσευχῆς
2555 5239 2655 5292 μου
2682 5223 3088 5296 δοξασθήσεται.
3111 5245 3131 5280 ι

2169 5326 2187 5358 ε
2216 5307 2370 5372 Τίνες
2399 5309 2504 5362 οἵδε
2524 5327 2539 5375 ;
2561 5311 2636 5376 ὠς
2669 5311 2888 5380 νεφέλαι
2924 5311 3205 5381 πέτανται,
3237 5314 3332 5368 καὶ
3358 5314 3490 5367 ὡσεὶ
3515 5329 3672 5386 περι·-

2092 5400 2282 5469 στεραὶ
2311 5399 2406 5453 σὺν
2445 5403 2686 5463 νεοσσοῖς
2724 5401 2809 5454 ἐπ’
2835 5402 2957 5472 ἐμέ.
2985 5421 3006 5460 p
3057 5405 3168 5458 Καὶ
3208 5404 3366 5459 τοῦτο
3392 5405 3450 5458 δὲ
3481 5406 3673 5477 νοήσο-

2095 5505 2192 5560 μεν
2235 5491 2626 5562 ἐπιστήσαντες
2668 5493 2736 5564 τῇ
2761 5491 2979 5556 ⁴Παύλου
3025 5497 3176 5568 φωνῇ
3213 5495 3559 5570 διδασκούσῃ,
3592 5496 3670 5560 ὡς

2089 5583 2219 5654 ἄρα,
2263 5602 2282 5636 ι
2308 5584 2495 5656 Ἡμεῖς
2528 5588 2576 5639 oi
2618 5584 2839 5651 ζῶντες,
2881 5588 2929 5640 οί
2967 5589 3404 5660 περιλειπόμενοι
3451 5591 3532 5654 είς
3568 5589 3669 5661 τὴν

2090 5675 2391 5746 παρουσίαν
2432 5674 2527 5730 τοῦ
2555 5675 2813 5749 Χριστοῦ,
2855 5677 3285 5752 ἁρπαγησόμεθα
3320 5681 3379 5735 ἐν
3415 5678 3668 5751 νεφέλαις
