4130 6376
1308 408 1803 470 ΕΟΜΜΕΝΤΑΒΙΑ
1836 406 1900 461 1N
1943 404 2203 461 ISAIAM.
2245 434 2312 443 -—
2350 402 2500 457 CAP.
2541 399 2652 454 LX.

3494 394 3593 449 LM

337 537 422 598 εἰς
444 538 749 605 ἀπάντησιν
781 531 872 586 τοῦ
896 533 1101 603 Κυρίου
1140 533 1217 595 εἰς
1258 532 1413 603 ἀέρα,
1460 534 1553 585 καὶ
1584 531 1755 595 οὕτως
1791 529 1921 583 πάν-

2047 527 2169 579 nino
2196 526 2248 579 in
2269 539 2426 578 aera:
2444 533 2497 577 et
2525 523 2605 577 sic
2629 534 2841 589 semper
2869 534 2992 572 cum
3014 517 3240 572 Domino
3260 513 3463 569 erimus
3479 514 3543 575 ‘9;
3573 532 3591 563 ι

335 644 464 681 τοτε
509 626 603 678 σὺν
633 626 823 695 Κυρίῳ
864 624 1099 695 ἐσόμεθα
1118 641 1133 655 ·
1155 645 1173 677 ι
1210 625 1571 693 συναφθέντες
1598 622 1799 693 δηλαδὴ
1825 622 1919 676 καί

342 717 842 787 συγκαταλεγέντες
878 716 954 785 τῷ
992 715 1138 787 χορῷ
1169 716 1277 768 τῶν
1307 716 1364 768 ἐν
1407 714 1484 785 τῷ
1520 713 1770 784 προτέρῳ
1807 711 1922 783 λαῷ

338 811 806 883 κατωρθωκότων.
854 809 942 861 Διὸ
968 807 1445 879 ἀποθαυμάζοντες
1473 807 1568 878 τὴν
1607 809 1687 870 εἰς
1714 804 1923 876 ἀνθρώ-

336 924 480 969 πους
512 904 765 976 χυθεῖσαν
806 903 897 955 τοῦ
937 902 1173 973 Χριστοῦ
1203 902 1360 973 χάριν
1393 902 1487 955 καὶ
1517 900 1624 953 τῶν
1666 900 1725 964 ἐξ
1756 898 1924 951 ἐθνῶν

336 995 669 1067 σωζομένων
707 996 768 1048 τὸ
805 994 1028 1063 πλῆθος,
1085 994 1184 1064 τήν
1228 1010 1288 1045 τε
1334 995 1413 1056 εἰς
1450 992 1712 1063 οὐρανοὺς
1748 990 1926 1043 αὐτῶν

332 1087 667 1158 ἀνάπτησιν,
700 1084 798 1156 τὴν
827 1084 964 1155 μετὰ
991 1084 1087 1154 τὴν
1111 1084 1286 1148 ἔξοδον
1308 1083 1401 1135 τοῦ
1431 1082 1543 1151 βίου
1572 1082 1702 1151 φασί
1721 1098 1733 1111 ο
1772 1081 1927 1145 Τίνες

335 1177 481 1241 οῖδε;
536 1176 610 1240 ὡς
651 1176 869 1246 νεφέλαι
912 1174 1195 1239 πέτανται,
1232 1174 1326 1227 καί
1366 1173 1441 1235 ὡς
1470 1173 1792 1245 περιστεραὶ
1832 1172 1928 1224 σὺν

340 1271 583 1331 νεοσσοῖς
612 1269 699 1320 ἐπ’
732 1267 853 1339 ἐμέ.
878 1286 897 1319 ι

422 1380 441 1413 ι
464 1361 518 1414 Ἐ
526 1362 593 1431 μὲ
609 1361 664 1413 αἰ
679 1361 829 1430 νῆσοι
845 1359 1162 1430 ὑπέμειναν,
1179 1358 1272 1411 καὶ
1295 1356 1451 1409 πλοῖα
1467 1356 1700 1427 Θαρσεῖς
1716 1356 1772 1407 ἐν
1791 1351 1930 1425 πρώ-

341 1468 477 1515 τοις,
498 1451 726 1519 ἀγαγεῖν
743 1449 813 1502 τά
832 1448 997 1502 τέκνα
1024 1466 1117 1501 σου
1146 1445 1439 1519 μακρόθεν,
1468 1444 1669 1498 καὶτὸν
1692 1443 1931 1515 ἄργυρον

343 1540 544 1593 καὶτὸν
562 1540 759 1612 χρυσὸν
783 1538 961 1593 αὐτῶν
983 1540 1097 1609 μετ’
1120 1537 1321 1601 αὐτῶν,
1344 1536 1439 1589 καὶ
1458 1536 1544 1589 διὰ
1565 1535 1627 1588 τὸ
1650 1535 1818 1605 ὄνομα
1831 1536 1933 1587 Κυ-

348 1629 464 1702 ρίου
488 1630 548 1683 τὸ
580 1630 754 1697 ἅγιον,
777 1630 868 1682 καί
893 1629 980 1683 διὰ
998 1630 1059 1682 τὸ
1088 1629 1177 1682 τὸν
1194 1629 1259 1697 ἀγ
1271 1645 1347 1681 ιον
1365 1627 1460 1681 τοῦ
1490 1626 1702 1698 Ἰσραὴλ
1724 1625 1932 1692 ἔνδοξον

344 1719 506 1776 εἶναι.
532 1740 550 1773 ι
586 1721 697 1784 Τάς
726 1721 1017 1792 ἐκκλησίας
1040 1720 1097 1774 δὲ
1124 1722 1319 1790 νήσους
1353 1719 1447 1774 καί
1474 1718 1562 1773 διὰ
1592 1718 1699 1770 τῶν
1725 1716 1931 1787 ἐμπρο-

345 1814 473 1868 σθεν
495 1816 523 1867 ό
544 1813 700 1882 λόγος
738 1814 979 1885 ᾐνίττετο
1004 1813 1303 1884 σημαίνων.
1336 1813 1487 1866 Ἐπεὶ
1509 1811 1688 1864 τοίνυν
1713 1809 1811 1872 τάς
1834 1810 1934 1861 ἐπ-

2021 615 2261 684 adjuncti
2304 614 2515 669 scilicet
2563 626 2618 668 et
2666 610 3004 665 annumerati
3050 610 3217 662 choro
3259 620 3471 668 eorum,
3505 608 3597 672 qui

2022 708 2075 761 in
2118 707 2297 775 prisco
2328 705 2417 760 illo
2457 705 2653 774 populo
2689 705 2856 773 probe
2885 717 2943 757 se
2976 708 3284 772 gesserunt.
3309 698 3598 764 Quocirca,

2022 794 2248 850 eﬁ'usam
2284 794 2486 849 Christi
2548 795 2600 847 in
2660 795 2905 848 homines
2960 793 3189 862 gratiam
3243 792 3600 856 admirantes,

2024 902 2235 941 necnon
2281 887 2543 955 gentium,
2576 901 2697 955 qua:
2728 885 2952 939 salutent
2987 884 3256 947 obtinent,
3294 882 3603 937 multitudi-

2026 992 2173 1043 nem,
2206 992 2504 1047 eorumque
2555 987 2676 1047 post
2710 986 2939 1032 mortem
2995 977 3062 1030 ad
3110 976 3306 1031 coelum
3337 975 3599 1045 volatum,

2027 1069 2233 1129 dicunt,
2263 1087 2281 1120 ι
2310 1068 2540 1134 Quinam
2572 1070 2621 1121 hi
2652 1069 2821 1122 sunt?
2860 1077 2918 1122 ut
2942 1067 3111 1123 nubes
3134 1065 3338 1134 volant,
3365 1076 3422 1122 et
3463 1067 3602 1123 sicut

2028 1160 2289 1216 columbze
2320 1175 2444 1217 cum
2470 1161 2631 1231 pullis
2654 1177 2813 1232 super
2847 1176 2949 1217 me.
2979 1178 2998 1212 ι
3592 1144 3593 1147 “

2099 1340 2266 1396 Vens.
2313 1340 2365 1395 9.
2415 1358 2433 1391 ι
2485 1340 2567 1395 Me
2625 1339 2811 1395 insulae
2872 1350 3280 1409 exspectarunt,
3341 1351 3395 1398 et
3442 1357 3606 1399 naves

2032 1431 2256 1487 Tharsis
2286 1432 2340 1486 in
2372 1433 2659 1501 primis,ut
2690 1431 2961 1485 adducant
3000 1432 3138 1486 ﬁlios
3179 1443 3296 1487 tuos
3325 1432 3392 1488 de
3424 1433 3607 1503 longe,

2033 1534 2088 1579 et
2110 1535 2390 1594 argentum
2425 1533 2480 1579 et
2518 1540 2707 1578 aurum
2740 1539 2925 1579 eorum
2958 1540 3079 1578 cum
3120 1525 3224 1590 eis,
3258 1533 3476 1594 propter
3515 1541 3609 1581 no-

2032 1632 2155 1671 men
2184 1616 2396 1670 Domini
2425 1626 2693 1683 sanctum,
2724 1626 2779 1671 et
2807 1626 2865 1670 ut
2894 1625 3117 1671 sanctus
3150 1614 3314 1670 Israel
3346 1617 3610 1685 gloriosus

2034 1709 2125 1763 sit.
2171 1726 2189 1760 ι
2233 1708 2504 1763 Ecclesias
2532 1722 2661 1763 vero
2714 1708 2767 1761 in
2820 1706 3252 1776 praecedentibus
3285 1723 3380 1774 per
3408 1707 3613 1760 insulas

2037 1797 2347 1852 adumbrari
2380 1798 2738 1866 signiﬁcabat.
2780 1798 2914 1865 Quia
2944 1799 3112 1867 igitur
3146 1800 3408 1869 promissa
3440 1799 3612 1867 patri-

343 1906 689 1978 ηγγελμένας
728 1906 864 1977 πρὸς
902 1907 1026 1970 τοὺς
1064 1904 1304 1976 πατέρας
1346 1902 1674 1972 ἐπαγγελίας
1717 1901 1774 1953 αἱ
1833 1902 1921 1953 ἐκ-

2047 1904 2123 1943 ius
2155 1887 2293 1942 facta
2339 1888 2591 1944 Ecclesia:
2631 1891 2746 1953 Dei,
2801 1890 3113 1958 prophetias
3150 1889 3484 1955 evolventes,
3516 1906 3614 1943 ex-

345 1996 568 2068 κλησίαι
598 1994 693 2049 τοῦ
720 1994 854 2049 Θεοῦ
891 1995 991 2059 τάς
1021 1995 1355 2068 προφητείας
1394 1993 1736 2065 διερχόμεναι
1765 2007 1931 2063 προσ-

346 2087 569 2151 εδόκων,
595 2086 817 2150 εἰκότως
838 2086 1064 2157 φησίνοξι
1086 2087 1215 2157 Ἐμὲ
1240 2086 1390 2157 νῆσοι
1420 2085 1738 2155 ὑπέμειναν.
1766 2084 1933 2137 Ηλοῖα

346 2176 608 2247 Θαρσεῖς·
637 2195 656 2228 ι
685 2175 979 2229 αἰνίττεται
1009 2174 1079 2229 τά
1111 2175 1337 2246 σώματα
1358 2169 1438 2237 οἷς
1467 2174 1796 2245 ἐπενήξαντο
1834 2189 1932 2226 κα-

346 2269 419 2322 τά
449 2269 541 2322 τὸν
576 2268 766 2341 θνητὸν
800 2268 914 2339 βίον
956 2270 1012 2322 αἱ
1034 2268 1221 2339 ψυχαί.
1266 2268 1498 2338 Θαρσεῖς
1542 2267 1598 2320 δὲ
1623 2265 1933 2335 ἀλλοφύλων

349 2360 515 2414 πάλιν
546 2360 806 2431 ἐτύγχανε
844 2359 1028 2431 χώρα·
1064 2360 1145 2414 διὸ
1185 2359 1315 2429 περί
1350 2358 1658 2429 ἀλλοφύλων
1692 2358 1935 2412 ἀπίστων

350 2453 567 2525 εἴρηταί
595 2470 697 2506 που
716 2470 729 2483 ·
771 2472 790 2505 ι
815 2452 902 2506 Ἐν
932 2452 1200 2523 πνεύματι
1251 2452 1408 2524 βιαίῳ
1443 2451 1753 2524 συντρίψεις
1780 2450 1936 2504 πλοῖα

350 2547 606 2617 Θαρσεῖς.
635 2564 653 2597 ι
701 2544 836 2597 Ἀλλ’
861 2546 1038 2598 ἐκεῖνο
1076 2544 1175 2615 μὲν
1206 2543 1547 2615 συνετρίϐετο
1569 2549 1597 2574 ·’
1616 2542 1850 2597 ἐνταῦθα
1881 2543 1938 2596 δὲ

350 2635 425 2689 τά
455 2635 619 2688 τέκνα
649 2635 750 2705 τῆς
789 2634 1024 2698 παλαιᾶς
1069 2634 1421 2706 Ἰερουσαλὴμ
1445 2634 1513 2687 τά
1549 2634 1608 2700 ἐξ
1644 2634 1811 2688 ἐθνῶν
1843 2635 1939 2687 αύ-

351 2729 424 2799 τῇ
460 2726 867 2798 προσγενόμενα
895 2727 1081 2790 αὐτοῖς
1122 2725 1325 2789 πλοίοις
1365 2726 1636 2797 μακρόθεν
1675 2725 1811 2796 πρὸς
1851 2726 1941 2779 αύ-

352 2817 456 2889 τὴν
485 2817 604 2888 ἥξει
624 2835 636 2847 ·
669 2818 967 2881 τουτέστιν,
992 2819 1175 2881 αὐτοῖς
1204 2816 1452 2888 σώμασιν
1479 2819 1572 2871 ἐπὶ
1600 2818 1661 2870 τὸ
1695 2820 1940 2889 κρεῖττον

358 2908 764 2981 μεταϐληθεῖσι.
793 2908 1019 2974 Ἥξουσι
1061 2910 1241 2964 τοίνυν
1280 2911 1460 2974 αὐτοῖς
1488 2912 1599 2975 τοῖς
1624 2909 1867 2982 σώμασιν
1892 2912 1942 2963 οἰ

354 3002 747 3073 προλεχθέντες
783 3002 881 3066 τάς
922 3005 1042 3057 κατ’
1076 3002 1276 3076 ἀρετὴν
1320 3001 1547 3075 πράξεις
1575 3004 1813 3075 ἄργυρον
1852 3004 1944 3056 καὶ

357 3091 560 3161 χρυσὸν
585 3092 988 3165 ὀνομαζομένας
1012 3095 1361 3166 ἐπαγόμενοι.
1396 3094 1629 3167 Πράξεις
1648 3094 1704 3147 δὲ
1726 3089 1833 3148 οἶδε
1854 3092 1945 3146 τὸν

359 3181 559 3255 χρυσὸν
584 3186 678 3238 καὶ
708 3184 798 3237 τὸν
827 3184 1066 3256 ἄργυρον
1093 3185 1122 3237 ὀ
1160 3185 1498 3250 Ἀπόστολος.

2037 1979 2391 2048 spectabant,
2437 1978 2563 2049 jure
2614 1980 2711 2045 ait,
2762 1997 2781 2030 ε
2822 1980 2905 2034 Me
2959 1980 3149 2034 insula:
3204 1991 3616 2048 exspeCIarunt.

2038 2068 2211 2123 Naves
2232 2067 2499 2133 Tharsis;
2535 2087 2555 2121 ›
2590 2069 2674 2124 his
2705 2070 3014 2123 subindicat
3060 2084 3311 2138 corpora,
3335 2070 3389 2124 in
3421 2070 3617 2139 quibus

2038 2161 2335 2215 enatabant
2391 2162 2586 2215 animae
2637 2162 2691 2215 in
2741 2162 2842 2216 hac
2880 2162 3091 2217 mortali
3139 2163 3251 2216 vita
3286 2163 3618 2217 constitutae.

2041 2251 2264 2306 Tharsis
2304 2252 2432 2306 item
2493 2252 2917 2323 alienigenarum
2966 2255 3211 2323 gentium
3258 2254 3406 2323 regio
3455 2263 3618 2309 erat:

2045 2356 2217 2410 quare
2243 2344 2309 2396 de
2344 2340 2637 2395 incredulis
2668 2342 2985 2412 alienigenis
3019 2341 3213 2397 alicubi
3247 2343 3465 2406 dicitur,
3513 2360 3533 2392 ι
3562 2342 3618 2395 lit

2042 2434 2233 2503 spiritu
2267 2434 2571 2487 vehementi
2605 2446 2853 2488 conteres
2884 2448 3048 2488 naves
3085 2432 3309 2489 Tharsis
3334 2434 3403 2488 ³ο.
3449 2450 3468 2483 ι
3510 2431 3619 2487 Sed

2045 2525 2174 2590 illud
2217 2525 2434 2593 quidem
2483 2526 2907 2579 conterebatur:
2940 2524 3031 2580 hic
3078 2540 3206 2580 vero
3253 2526 3348 2580 lilii
3388 2528 3622 2598 antiqua:

2046 2615 2191 2669 illius
2220 2613 2541 2681 Jerusalem,
2573 2616 2666 2685 qui
2701 2632 2768 2669 ex
2817 2616 3068 2684 gentibus
3098 2619 3164 2670 ad
3195 2633 3315 2672 eam
3362 2620 3624 2673 accedent

2045 2707 2233 2777 procul
2275 2717 2324 2759 et
2356 2707 2421 2760 ad
2454 2707 2627 2775 ipsam
2659 2706 2930 2775 appellent
2952 2708 3090 2762 vecti
3128 2708 3379 2774 navibus,
3428 2710 3480 2764 id
3516 2722 3623 2779 est,

2048 2801 2369 2871 corporibus
2416 2801 2470 2855 in
2504 2800 2697 2856 melius
2730 2801 3096 2856 commutatis.
3158 2802 3292 2857 Cum
3330 2803 3462 2871 ipsis
3493 2819 3625 2875 ergo

2048 2892 2367 2962 corporibus
2393 2893 2631 2960 praedicti
2664 2893 2904 2959 venient,
2946 2908 3109 2961 opera
3138 2908 3259 2947 cum
3283 2895 3483 2950 virtute
3511 2896 3628 2949 edi-

2049 2995 2125 3051 ta,
2158 3000 2349 3039 aurum
2387 2992 2443 3038 et
2494 2994 2781 3055 argentum
2836 2985 2996 3049 dicta,
3050 2986 3397 3042 advehentes.
3448 2987 3625 3059 Opera

2051 3091 2179 3131 vero
2206 3092 2303 3146 pro
2328 3090 2461 3131 auro
2485 3084 2541 3130 et
2570 3085 2793 3146 argento
2817 3076 3014 3145 accipit
3037 3076 3343 3147 Apostolus.

440 3297 459 3329 ι
479 3279 589 3332 Καὶ
626 3249 1065 3349 οίκοδομησου-σιν
1090 3276 1394 3347 ἀλλογενεῖς
1421 3249 1491 3331 τά
1530 3278 1682 3349 τείχη
1709 3296 1824 3343 σου,
1855 3276 1946 3331 καί

2122 3280 2288 3335 Vsns.
2324 3280 2409 3344 10,
2443 3280 2529 3333 11.
2568 3297 2587 3331 ί
2622 3277 2691 3333 Et
2715 3277 3061 3334 aediﬁcabant
3096 3279 3411 3350 alienigenae
3444 3296 3630 3335 muros

359 3370 414 3424 οἰ
447 3370 684 3440 βασιλεῖς
715 3368 896 3424 αὐτῶν
916 3370 1359 3440 παραστήσονται
1397 3387 1499 3423 σοι.
1529 3369 1627 3422 Διά
1653 3369 1760 3442 γὰρ
1780 3370 1949 3441 ὀργήν

367 3480 470 3534 μου
510 3460 757 3526 ἐπάταξά
779 3479 860 3525 σε,
906 3463 1001 3516 καὶ
1028 3462 1115 3516 διά
1135 3462 1281 3515 ἔλεον
1308 3461 1575 3533 ἠγάπησά
1606 3477 1684 3513 σε.
1717 3461 1827 3513 Καὶ
1854 3461 1951 3513 ἀν·

362 3555 707 3626 οιχθήσονται
734 3555 790 3606 αἰ
812 3552 977 3607 πύλαι
1002 3570 1094 3606 σου
1121 3552 1209 3606 διά
1238 3551 1455 3616 παντὸς,
1482 3550 1693 3622 ἡμέρας
1731 3550 1826 3604 καὶ
1867 3568 1953 3605 νυ-

366 3647 494 3710 κτὸς
525 3646 586 3699 οὐ
622 3645 1051 3717 κλεισθήσονται,
1091 3647 1408 3716 εἰσαγαγεῖν
1458 3643 1594 3716 πρὸς
1626 3643 1687 3695 σὲ
1725 3642 1953 3713 δύναμιν

366 3738 558 3801 ἐθνῶν,
586 3738 680 3791 καί
719 3737 960 3807 βασιλεῖς
985 3738 1163 3791 αὐτῶν
1190 3738 1509 3807 ἀγομένους.
1542 3754 1561 3788 ι
1595 3735 1705 3789 Καὶ
1732 3735 1864 3789 αὐτὸ
1888 3734 1954 3788 δι’

368 3830 546 3901 ἔργων
583 3829 833 3883 ἐπιτελού
842 3847 1001 3900 μενον
1029 3830 1149 3901 ὄψει
1178 3830 1479 3900 ἐπιστήσας
1504 3828 1593 3883 τὸν
1624 3828 1769 3893 νοῦν,
1793 3828 1868 3892 ὡς
1897 3827 1958 3893 ἐξ

370 3921 674 3990 ἀλλογενῶν
705 3921 799 3973 καὶ
827 3920 1139 3989 ἀλλοφύλων
1167 3920 1337 3973 ἐθνῶν
1374 3920 1475 3989 τῆς
1510 3920 1835 3990 Ἐκκλησίας
1859 3918 1954 3972 τοῦ

369 4011 509 4064 Θεοῦ
555 4010 897 4079 προεστῶτες
930 4011 1125 4081 ἄνδρες
1161 4009 1532 4074 διδασκαλίαις
1558 4011 1957 4085 περιφράττου-

374 4117 481 4164 σιν,
510 4099 698 4169 ῶσπερ
726 4098 836 4153 τισὶ
863 4099 1169 4171 περιϐόλοις
1198 4100 1293 4153 καὶ
1315 4100 1554 4168 τείχεσιν
1592 4098 1956 4171 ἀσφαλιζόμε-

373 4208 459 4249 νοι
491 4190 582 4242 τὸν
608 4190 709 4261 τῆς
750 4190 1059 4255 θεοσεϐείας
1092 4190 1272 4259 λόγον,
1308 4191 1389 4254 εἰς
1422 4191 1482 4244 τὸ
1526 4190 1600 4261 μὴ
1638 4191 1959 4263 παρεισδύε-

376 4284 500 4337 σθαι
533 4284 661 4347 τοὺς
690 4281 1001 4354 ἀλλοτρίους
1031 4283 1130 4354 τῆς
1159 4282 1414 4347 πίστεως,
1448 4283 1582 4354 μηδέ
1611 4280 1795 4353 χώραν
1816 4282 1959 4353 ἔχειν

376 4375 668 4446 ἐπιϐουλῆς
696 4375 836 4429 κατά
856 4374 963 4427 τῶν
995 4375 1094 4446 τῆς
1118 4373 1376 4444 ἀληθείας
1397 4373 1704 4446 δογμάτων.
1739 4375 1803 4427 Ol
1827 4373 1960 4442 γοῦν

377 4469 487 4523 τῶν
522 4468 846 4538 Ῥωμαϊκῶν
886 4468 1182 4539 ταγμάτων
1214 4466 1494 4538 ἄρχοντες,
1535 4466 1629 4520 καὶ
1677 4465 1784 4519 τῶν
1832 4483 1963 4538 κρα-

378 4561 617 4615 τούντων
651 4560 913 4631 βασιλέων
958 4562 986 4613 ὁ
1015 4559 1178 4630 φόϐος
1220 4558 1290 4612 τὰ
1329 4560 1540 4631 μεγάλα
1591 4559 1957 4630 συμϐάλλεται

380 4654 519 4723 πρὸς
560 4651 868 4723 ἀνατροπὴν
895 4650 1003 4703 τῶν
1039 4649 1409 4704 ἐπιϐουλεύειν
1433 4653 1498 4722 τῇ
1540 4651 1833 4723 Ἐκκλησία
1865 4650 1958 4704 τοῦ

382 4744 516 4799 Θεοῦ
545 4744 921 4816 πειρωμένων.
947 4742 1119 4796 Πύλαι
1149 4742 1208 4795 δὲ
1234 4742 1335 4812 τῆς
1366 4743 1459 4797 τοῦ
1483 4742 1618 4797 Θεοῦ
1650 4742 1857 4806 πόλεως
1881 4741 1965 4795 τί-

382 4852 472 4899 νες
502 4835 567 4890 ἂν
594 4830 702 4888 εἶεν
725 4834 759 4906 ἢ
791 4837 846 4888 αἱ
881 4834 1237 4906 στοιχειώδεις
1260 4836 1354 4889 καί
1386 4835 1691 4888 εἰσακτικαὶ
1718 4834 1966 4889 διδασκα-

382 4928 525 4993 λίαι;
554 4927 652 4981 Διά
676 4927 869 4991 νυκτὸς
900 4928 993 4981 καί
1017 4926 1254 4998 ἡμέρας,
1286 4928 1471 4998 φησὶν,
1504 4926 1774 4998 ἡνεῷχθαι
1798 4929 1964 4980 πᾶσιν

382 5018 693 5089 ἀνθρώποις
716 5019 851 5091 πρὸς
877 5019 937 5072 τὸ
964 5020 1173 5082 πάντας
1203 5017 1539 5089 εἰσδέχεσθαι
1561 5020 1686 5082 τοὺς
1715 5017 1775 5083 ἐξ
1800 5020 1965 5072 ἁπάν-

379 5127 491 5164 των
534 5108 643 5162 τῶν
687 5109 856 5165 ἐθνῶν
902 5110 1172 5165 θεοσεϐεῖν
1220 5108 1654 5181 προῃρημένους.
1698 5110 1965 5179 Δυνάμεις

385 5202 484 5271 μὲν
516 5196 609 5255 οὖν
636 5201 743 5255 τῶν
767 5202 935 5255 ἐθνῶν
962 5204 1098 5255 εἰσιν
1135 5203 1183 5255 οἰ
1221 5202 1508 5273 δυνάμενοι
1538 5201 1714 5271 λέγειν
1736 5218 1749 5231 ·
1785 5219 1802 5251 t
1824 5202 1965 5255 Πάν-

380 5310 450 5346 τα
484 5293 654 5364 ἰσχύω
688 5296 745 5347 ἐν
777 5293 855 5365 τῷ
889 5293 1271 5367 ἐνδυναμοῦντί
1309 5312 1375 5365 με
1398 5310 1412 5323 ο
1444 5314 1462 5345 ι
1513 5292 1750 5363 βασιλεῖς
1778 5292 1835 5345 δὲ
1867 5293 1964 5345 αὺ-

382 5386 496 5439 τῶν
527 5387 577 5439 οἰ
604 5384 871 5457 ἐξαίρετοι
905 5386 1001 5440 καί⁵
1027 5387 1124 5458 τῆς
1150 5386 1473 5459 ἐπουρανίου
1501 5383 1776 5456 βασιλείας
1800 5383 1959 5447 ἄξιοι.

389 5477 534 5547 Ἤδη
559 5478 615 5530 δὲ
641 5479 734 5532 καί
755 5480 1097 5549 σωματικοὺς
1133 5479 1416 5551 Ῥωμαίων
1444 5477 1847 5549 αὐτοκράτορας
1869 5476 1964 5529 καὶ

393 5567 632 5637 βασιλεῖς
658 5567 800 5639 ὁρῶν
829 5584 911 5631 τις
957 5566 1350 5640 ὑποτρέχοντας
1379 5568 1477 5638 τῆς
1516 5564 1838 5636 Ἐκκλησίας
1870 5562 1964 5617 τοῦ

392 5659 530 5714 Θεοῦ
556 5658 654 5722 τὰς
669 5658 864 5722 πύλας,
888 5660 983 5714 καὶ
1003 5658 1110 5714 τῶν
1128 5659 1258 5712 εἵσω
1282 5660 1464 5713 πυλῶν
1497 5658 1807 5730 μυστηρίων
1835 5674 1967 5710 κατ-

2050 3384 2196 3440 tuos,
2230 3382 2285 3429 et
2322 3388 2477 3445 reges
2504 3387 2692 3428 eorum
2738 3373 2993 3428 astabunt
3049 3372 3166 3428 tibi.
3230 3372 3458 3442 Propter
3492 3373 3629 3427 iram

2052 3467 2197 3521 enim
2242 3480 2417 3521 meam
2463 3464 2702 3535 percussi
2737 3473 2812 3529 te,
2851 3472 2905 3518 et
2952 3473 3174 3534 propter
3201 3464 3630 3519 misericordiam

2053 3558 2216 3613 dilexi
2256 3566 2328 3611 te.
2364 3557 2431 3611 Et
2457 3557 2773 3626 aperientur
2822 3566 2990 3627 porta:
3025 3566 3129 3610 tute
3172 3571 3406 3626 semper,
3433 3557 3520 3611 die
3568 3570 3636 3611 ac

2054 3659 2212 3705 nocte
2241 3664 2346 3704 non
2373 3648 2717 3711 claudentur,
2753 3657 2814 3702 ut
2844 3649 3106 3702 inducant
3149 3648 3218 3701 ad
3255 3657 3306 3701 te
3335 3648 3631 3717 p0tentiam

2054 3740 2318 3812 gentium,
2354 3750 2408 3793 et
2446 3754 2601 3809 reges
2638 3754 2826 3792 earum
2868 3739 3057 3793 duces.
3094 3756 3114 3789 ι
3177 3738 3239 3792 Ει
3272 3739 3377 3793 hoc
3416 3753 3475 3794 re
3509 3754 3635 3808 per-

2057 3840 2237 3885 actum
2278 3830 2482 3897 videas,
2512 3831 2558 3884 si
2582 3830 2767 3884 animo
2800 3830 3075 3892 attendas,
3119 3845 3185 3884 ex
3228 3829 3549 3900 alienigenis
3579 3843 3637 3885 et

2056 3922 2328 3979 extraneis
2375 3922 2628 3991 gentibus
2673 3926 2823 3976 viros
2889 3918 3149 3977 Ecclesiae
3202 3920 3293 3976 Dei
3354 3921 3639 3990 praefectos

2058 4016 2230 4084 ipsam
2245 4014 2488 4068 doctrina
2519 4012 2969 4077 circummunire,
2988 4015 3089 4084 piae
3110 4013 3383 4083 religionis
3410 4016 3636 4069 verbum

2059 4107 2213 4177 quasi
2237 4116 2391 4177 septo
2428 4115 2483 4161 et
2515 4121 2673 4161 muro
2707 4114 2968 4171 tutantes,
3005 4120 3072 4161 ne
3119 4106 3282 4160 alieni
3320 4122 3347 4158 a
3381 4106 3484 4160 ﬁde
3518 4106 3639 4160 sub-

2060 4204 2272 4266 repant,
2291 4210 2426 4250 neve
2448 4194 2625 4249 locum
2651 4195 2889 4250 habeant
2923 4194 3148 4249 insidias
3174 4203 3364 4248 contra
3390 4192 3640 4248 veritatis

2059 4290 2313 4357 dogmata
2346 4287 2595 4357 parandi.
2660 4285 3027 4341 Romanorum
3067 4288 3267 4355 quippe
3300 4284 3637 4339 exercituum

2061 4379 2354 4449 principes,
2404 4393 2468 4433 ac
2511 4377 2895 4448 imperantium
2949 4391 3136 4446 regum
3183 4386 3359 4431 metus
3405 4375 3643 4429 maxime

2062 4473 2349 4528 conferunt
2400 4470 2466 4525 ad
2499 4469 2874 4540 depellendum
2917 4481 3033 4529 eos,
3093 4466 3185 4534 qui
3242 4466 3497 4521 Ecclesiae
3549 4468 3643 4524 Dei

1991 4594 2034 4649 ι)
2066 4563 2293 4618 insidias
2321 4570 2557 4617 struunt.
2604 4560 2781 4615 Porta:
2837 4567 3021 4613 autem
3059 4560 3296 4614 civitatis
3343 4559 3459 4624 Dei,
3492 4574 3645 4629 quae-

2065 4670 2189 4710 nam
2220 4653 2567 4715 fuerint,nisi
2589 4650 2946 4706 eiementares
2969 4651 3074 4705 illa:
3092 4660 3147 4705 et
3177 4650 3414 4706 initiales
3439 4650 3612 4706 doctri
3642 4677 3647 4691 ι

2063 4746 2181 4802 nte?
2209 4744 2376 4800 Nocte
2392 4752 2447 4798 et
2471 4743 2579 4807 die,
2604 4743 2802 4812 inquit,
2830 4744 3081 4798 omnibus
3113 4744 3424 4799 hominibus
3444 4752 3647 4813 aperta:

2064 4845 2214 4902 sunt,
2245 4845 2305 4890 ut
2356 4834 2629 4903 excipiant.
2659 4848 2754 4889 eos
2808 4850 2877 4889 ex
2915 4836 3170 4889 omnibus
3220 4835 3493 4906 gentibus,
3551 4835 3645 4904 qui

2068 4929 2236 4983 Deum
2271 4928 2450 4983 colere
2480 4927 2534 4982 in
2569 4930 2845 4997 proposito
2873 4928 3095 4983 habent.
3122 4927 3370 4983 Potentia
3405 4928 3645 4998 gentium

2068 5026 2197 5072 sunt
2231 5018 2266 5072 ii
2294 5018 2381 5085 qui
2413 5017 2593 5073 dicere
2621 5018 2826 5081 valent,
2856 5037 2874 5071 ι
2896 5018 3087 5074 Omnia
3117 5033 3335 5088 possum
3367 5018 3421 5072 in
3450 5032 3516 5072 eo
3553 5016 3645 5085 qui

2072 5124 2158 5161 me
2214 5108 2484 5161 confortat
2512 5107 2598 5162 “:
2634 5125 2653 5159 ι
2698 5122 2853 5177 reges
2896 5122 3082 5163 earum
3121 5109 3156 5162 ii
3209 5116 3337 5163 sunt
3376 5108 3467 5176 qui
3516 5121 3646 5174 prae-

2069 5198 2360 5253 stantiores
2412 5207 2468 5253 ct
2508 5197 2718 5253 caelesti
2765 5213 2932 5269 regno
2986 5198 3133 5268 digni
3185 5199 3474 5253 habentur.
3525 5194 3645 5254 Jatn

2069 5308 2233 5361 vero,
2290 5307 2413 5347 cum
2476 5308 2735 5363 corporeo
2780 5307 2931 5347 more
2980 5301 3232 5361 acceptos
3277 5290 3646 5344 Romanorum

2068 5383 2423 5452 imperatores
2450 5384 2683 5438 vidimus
2711 5385 2778 5437 ad
2814 5381 3071 5438 ecclesias
3111 5381 3203 5435 Dei
3236 5386 3646 5441 concurrentes,

2070 5482 2125 5527 et
2162 5474 2691 5557 ntysteriorum'quze
2730 5473 2870 5527 intra
2892 5470 3087 5540 ianuas
3114 5477 3448 5541 peraguntur
3476 5467 3660 5567 parti-l

2072 5563 2239 5630 cipes,
2278 5565 2548 5634 quomodo
2606 5562 2846 5619 vaticinii
2885 5562 3169 5618 veritatem
3225 5575 3332 5616 non
3384 5556 3649 5616 conﬁtea-

2075 5656 2232 5710 mur?

394 5751 763 5824 αξιουμένους,
801 5747 919 5814 πῶς
954 5749 1055 5802 ούκ
1083 5747 1337 5819 ἀλήθειαν
1377 5751 1716 5821 μαρτυρήσει
1752 5747 1829 5819 τῷ
1859 5738 2247 5819 θεσπίσματιξι

370 5876 387 5911 κ
475 5846 554 5900 ποι
600 5846 786 5903 Thess.
813 5861 883 5912 tv,
919 5843 1003 5898 16.
1079 5842 1457 5911 '°Psal.x1.vn,
1490 5843 1543 5899 8.
1636 5848 1677 5878 ²¹
1710 5844 1938 5914 Philipp.
1974 5858 2043 5908 Iv,
2075 5843 2157 5898 15.
