4130 6392
371 433 468 489 4θῖ

1328 429 1825 487 COMMENTARlA
1863 429 1929 483 IN
1970 427 2224 482 ISAIAM.
2265 457 2332 465 —
2371 425 2524 481 CAP.
2566 425 2726 480 LX“.

3526 420 3627 472 4:93

375 553 587 616 εούτου;
628 570 644 602 ι
676 551 827 606 ἔσται
874 554 1093 606 κάκεῖνο
1133 555 1413 623 σωτήριον.
1447 552 1717 623 Σωτήρων
1746 553 1801 606 δὲ
1830 553 1941 625 ἱμά-

2059 566 2141 605 me
2170 550 2421 605 liberabit
2454 550 2519 604 de
2546 562 2776 617 corpore
2810 546 2999 600 mortis
3041 545 3197 611 hujus
3222 543 3302 595 ”?
3338 562 3355 594 ι
3402 540 3493 596 sed
3526 543 3631 595 erit

371 662 479 697 τιον
520 646 586 713 τῇ
626 643 771 714 ψυχῇ
802 644 1175 715 περιθήσεται,
1216 645 1308 698 καὶ
1335 644 1538 714 χιτῶνα
1574 643 1941 715 εὐφροσύνης·

368 740 594 799 ἕκαστος
651 736 759 807 γὰρ
816 740 933 800 ταῖς
991 737 1185 791 ἑαυτοῦ
1246 738 1476 810 πράξεσι
1521 740 1637 800 ταῖς
1678 737 1819 790 κατὰ
1867 739 1947 791 δι-

367 828 663 898 καιοσύνην
695 829 1112 900 πεπραγμέναις
1160 830 1250 883 τὸν
1310 828 1501 882 ἑαυτοῦ
1547 829 1749 899 κόσμον
1798 826 1947 881 ἐνδύ-

367 937 543 974 σεται.

444 1032 461 1063 ι
501 1015 576 1066 Οὐ
603 1013 711 1085 γὰρ
743 1012 960 1066 δύσεταί
984 1030 1063 1066 σοι
1083 1014 1111 1066 6
1134 1013 1284 1084 ἥλιός
1312 1031 1413 1079 σοι,
1445 1015 1538 1068 καὶ
1570 1015 1602 1085 ἡ
1639 1013 1835 1085 σελήνη
1866 1029 1947 1064 σοι

366 1100 468 1152 οὐκ
501 1099 777 1170 ἐκλείψειο
840 1100 993 1154 ἔσται
1041 1102 1149 1172 γάρ
1196 1120 1276 1155 σοι
1321 1104 1525 1175 Κύριος
1562 1104 1676 1173 φῶς
1710 1102 1946 1168 αἰώνιον,

368 1191 464 1243 καὶ
498 1192 1052 1264 ἀναπληρωθήσονται
1101 1194 1157 1245 αἱ
1204 1194 1409 1266 ἡμέραι
1449 1196 1542 1248 τοῦ
1572 1196 1797 1258 πένθους
1831 1212 1945 1247 σου.

368 1281 480 1332 Καὶ
520 1281 547 1332 6
589 1280 713 1344 λαός
751 1299 842 1334 σου
870 1283 976 1345 πᾶς
1003 1281 1230 1347 δίκαιος,
1271 1283 1338 1336 δι’
1375 1283 1568 1348 αἰῶνος
1614 1284 1950 1355 κληρονομή-

371 1388 523 1424 σουσι
556 1372 654 1443 τὴν
684 1374 805 1443 γῆν,
857 1373 1144 1443 φυλάσσων
1191 1374 1251 1426 τὸ
1293 1376 1543 1446 φύτευμα
1588 1374 1722 1446 ἔργα
1754 1374 1949 1445 χειρῶν

369 1462 534 1515 αὐτοῦ
566 1466 645 1526 είς
669 1464 845 1530 δόξαν.
888 1465 945 1518 '0
974 1464 1249 1533 ὀλιγοστὸς
1281 1465 1435 1518 ἔσται
1461 1467 1541 1529 είς
1560 1466 1823 1535 χιλιάδας,
1857 1467 1949 1519 καὶ

366 1558 395 1608 6
426 1556 725 1626 ἐλάχιστος,
763 1557 842 1620 είς
872 1556 1022 1619 ἔθνος
1060 1557 1220 1627 μέγα.
1266 1555 1406 1625 Ἐγὼ
1433 1557 1635 1629 Κύριος
1666 1557 1805 1611 κατὰ
1832 1575 1951 1611 και-

371 1647 463 1718 ρὸν
486 1647 696 1711 συνάξω
730 1647 946 1710 αὐτούς.

875 1740 1273 1795 ΚΕΦΑΛᾹῙΟΝ
1335 1739 1454 1793 ΞΑ’.

444 1846 462 1878 ι
506 1827 729 1898 Πνεῦμα
779 1828 984 1899 Κυρίου
1015 1829 1101 1882 ἐπ’
1141 1832 1262 1902 ἐμὲ,
1308 1823 1369 1884 οὗ
1410 1830 1616 1884 εἵνεκεν
1648 1828 1830 1901 ἔχρισέ
1856 1847 1943 1901 με,

366 1917 818 1986 εὐαγγελίσασθαι
851 1923 1083 1990 πτωχοῖς
1106 1920 1414 1975 ἀπέσταλκε
1448 1938 1627 1992 με.....
1668 1940 1686 1973 ι

888 2013 1286 2066 ΚΕΦΛΛΑΙΟΝ
1317 2011 1434 2066 EB’.

442 2117 461 2149 ι
504 2100 601 2153 Διὰ
638 2101 773 2156 Σιὼν
819 2103 879 2156 οὐ
916 2105 1284 2175 σιωπήσομαι,
1336 2107 1428 2158 καὶ
1462 2104 1550 2159 διὰ
1594 2104 1945 2177 Ἰερουσαλὴμ

366 2192 467 2244 οὐκ
497 2193 703 2263 ἀνήσω,
733 2195 837 2259 ἕως
862 2196 928 2249 ἂν
958 2196 1149 2270 ἐξέλθῃ
1176 2196 1251 2260 ὡς
1280 2196 1394 2266 φῶς
1429 2198 1461 2269 ή
1498 2197 1810 2269 δικαιοσύνη
1849 2200 1940 2251 αὐ-

366 2283 465 2353 τῆς
488 2301 502 2313 ·
561 2284 622 2337 τὸ
654 2286 709 2339 δὲ
755 2288 1029 2360 Σωτήριόν
1082 2307 1183 2361 μου
1219 2289 1292 2354 ὡς
1335 2289 1553 2361 λαμπὰς
1589 2290 1942 2362 καυθήσεται.

370 2375 480 2428 Καὶ
514 2376 732 2446 ὄψονται
759 2378 829 2433 τὰ
860 2380 986 2453 ἔθνη
1013 2379 1111 2451 τὴν
1137 2380 1481 2453 δικαιοσύνην
1518 2400 1633 2449 σου,
1664 2383 1759 2436 καὶ
1789 2383 1943 2453 βασι-

366 2465 496 2533 λεῖς,
530 2470 629 2539 τὴν
665 2469 821 2535 δόξαν
861 2489 972 2525 σου.
1005 2472 1114 2524 Καὶ
1136 2472 1351 2526 καλέσει
1383 2491 1440 2527 σε
1462 2474 1521 2526 τὸ
1544 2466 1711 2545 ὄνομα
1736 2475 1795 2527 τὸ
1821 2493 1943 2528 και-

367 2561 475 2625 νὸν,
533 2561 562 2612 ὃ
593 2563 621 2614 6
652 2562 856 2633 Κύριος
902 2564 1154 2634 ὀνομάσει
1196 2565 1344 2618 αὐτό.
1388 2566 1499 2620 Καὶ
1542 2565 1638 2637 ἔσῃ
1688 2568 1944 2635 στέφανος

368 2655 593 2717 κάλλους
623 2657 680 2707 ὲν
716 2656 859 2727 χειρὶ
898 2655 1127 2727 Κυρίου,
1175 2657 1268 2709 καὶ
1306 2656 1543 2727 διάδημα
1581 2657 1858 2727 βασιλείας
1888 2661 1944 2712 ἐν

366 2749 508 2819 χειρὶ
565 2747 700 2800 Θεοῦ
752 2765 863 2803 σου.
909 2768 926 2799 ι
975 2750 1069 2802 Ὃν
1120 2748 1455 2821 ἀπολήψεται
1500 2750 1619 2803 τότε
1670 2751 1941 2820 λέγουσα⁸

372 2857 390 2890 ι
428 2840 531 2893 Τὸν
566 2840 728 2892 καλὸν
751 2839 1061 2912 ἠγώνισμαι
1092 2841 1299 2910 ἀγῶνα,
1326 2841 1416 2894 τὸν
1436 2841 1635 2913 δρόμον
1664 2844 1933 2902 τετέλεκα,

366 2931 464 3003 τὴν
492 2932 673 2984 πίστιν
703 2934 981 3003 τετήρηκα
1004 2950 1017 2963 ·
1048 2933 1231 2989 λοιπὸν
1256 2936 1541 2991 ἀπόκειταί
1583 2955 1672 3008 μοι
1693 2940 1721 2992 6
1749 2938 1846 3008 τῆς
1870 2939 1944 2991 δι-

367 3023 657 3095 καιοσύνης
683 3024 962 3094 στέφανος.
1004 3045 1022 3078 ι
1067 3027 1132 3080 Ἠ
1170 3027 1226 3080 δὲ
1262 3028 1419 3100 αὐτὴ,
1457 3028 1644 3101 νύμφη
1691 3049 1777 3095 τις
1809 3027 1942 3087 οὖσα

366 3114 457 3168 τοῦ
490 3116 719 3186 νυμφίου
743 3116 915 3186 Λόγου
946 3118 1038 3171 καὶ
1062 3117 1129 3171 τὰ
1152 3122 1280 3191 παρ’
1314 3120 1478 3175 αὐτοῦ
1502 3122 1791 3193 σπέρματα
1815 3125 1944 3179 ὑπο-

364 3206 652 3278 δεξαμένη,
690 3211 933 3281 καρποὺς
962 3194 1209 3282 ὡραίους
1230 3213 1322 3266 καὶ
1360 3214 1605 3278 εὐανθεῖς
1630 3216 1938 3273 ἀποδίδωσι.

366 3298 534 3351 Πάλιν
561 3299 618 3351 δὲ
652 3299 929 3353 κάνταῦθα
971 3282 1316 3367 τὸθεοσεϐὲς
1341 3304 1640 3376 πολίτευμα
1680 3306 1741 3359 τὸ
1774 3307 1940 3361 πάλαι

368 3391 620 3453 συνεστὸς
663 3390 813 3461 παρὰ
859 3391 1131 3456 Ἰουδαίοις
1178 3394 1349 3464 δηλοῖ.
1402 3397 1674 3466 Στέφανος
1716 3399 1824 3470 γὰρ
1866 3401 1942 3466 ὡς

366 3480 581 3549 ἀληθῶς
626 3480 861 3552 Χριστοῦ
920 3484 1118 3549 πάντες
1152 3486 1201 3537 οἱ
1240 3485 1305 3537 δι’
1343 3485 1506 3539 αὐτοῦ
1552 3488 1942 3561 κατορθοῦντες

367 3572 710 3640 τυγχάνουσι,
755 3572 849 3624 καὶ
873 3573 1106 3645 διάδημα
1131 3574 1405 3646 βασιλείας
1434 3577 1542 3630 εἰσὶ
1569 3579 1666 3649 τῆς
1696 3580 1863 3634 αὐτοῦ
1894 3584 1941 3636 οἱ

365 3665 478 3725 τοῖς
504 3663 645 3734 ὑπὲρ
681 3664 845 3716 αὐτοῦ
881 3665 1237 3738 ἐνηθληκότες
1281 3668 1508 3738 ἀγῶσιν,
1545 3670 1597 3724 οἱ·
1622 3670 1767 3740 ἅγιοι
1800 3673 1942 3744 μάρ-

363 3770 547 3825 τυρες,
582 3754 675 3818 οὓς
702 3759 766 3827 τῇ
800 3756 994 3811 ἑαυτοῦ
1023 3759 1165 3829 χειρὶ
1199 3750 1449 3833 δ’Πατὴρ
1483 3762 1839 3835 ἐκλεξάμενος
1865 3765 1943 3836 τῷ

366 3842 481 3915 Υίῷ
508 3846 837 3916 περιτίθησι,
874 3849 1153 3917 στεφανῶν
1189 3850 1350 3903 αὐτὸν
1384 3851 1477 3904 καὶ
1513 3853 1803 3924 διαδήματι
1847 3854 1944 3924 βα-

367 3941 557 4011 σιλικῷ
586 3941 759 4011 τιμῶν
788 3938 851 3993 τὸ
882 3942 1085 4013 πλῆθος
1114 3943 1221 3997 τῶν
1253 3945 1318 3998 δι’
1347 3945 1513 3998 αὐτοῦ
1545 3948 1638 4000 καὶ
1663 3949 1753 4001 ὐπ’
1776 3948 1940 4002 αὐτοῦ

364 4034 743 4105 σεσωσμένων.

443 4147 462 4179 α
504 4129 613 4181 Καὶ
643 4128 857 4185 καλέσει
892 4149 951 4184 σε
976 4132 1145 4202 ὄνομα
1177 4131 1381 4199 καινὸν,
1408 4132 1436 4185 ὃ
1458 4134 1487 4186 6
1515 4133 1717 4206 Κύριος
1746 4136 1941 4209 ὀνομά-

363 4236 446 4273 σει
474 4218 607 4271 αὐτό
626 4236 638 4249 ·
676 4239 695 4271 ι
731 4220 994 4289 τουτέστι,
1025 4221 1167 4275 κατὰ
1192 4221 1253 4275 τὸ
1276 4221 1486 4294 θέλημα
1515 4224 1575 4277 τὸ
1597 4226 1728 4296 ἐμὸν
1747 4226 1942 4299 ὀνομα-

366 4310 646 4382 σθήσεται.

438 4420 456 4452 ι
494 4404 605 4457 Καὶ
642 4403 824 4456 οὐκέτι
869 4404 1118 4480 κληθήσῃ
1142 4407 1633 4481 καταλελειμμένῃ,
1662 4409 1754 4463 καὶ
1790 4410 1822 4481 ἡ
1867 4410 1940 4482 γῆ

366 4510 461 4546 σου
492 4494 551 4547 οὐ
582 4493 911 4566 κληθήσεται
953 4496 1032 4550 ἔτι
1061 4497 1295 4571 ἕρημοςο
1334 4501 1417 4553 σοὶ
1448 4501 1556 4573 γὰρ
1587 4500 1938 4572 κληθήσεται,

2049 656 2103 699 et
2124 644 2250 698 illud
2280 644 2532 697 salutare.
2568 640 2811 694 Salutare
2836 654 2997 709 porro
3024 638 3405 692 vestimentum
3439 634 3629 687 animae

2051 739 2505 805 circumponetur,
2543 742 2597 787 ct
2632 733 2810 786 tunica
2836 730 3034 785 Iaetitim
3057 748 3068 781 :
3094 728 3286 799 singuli
3321 727 3463 780 enim
3500 740 3629 793 epe-

2052 831 2203 885 ribus
2224 831 2338 884 suis
2375 844 2496 883 cum
2534 825 2745 895 justitia
2768 824 2928 880 editis
2955 832 3150 879 ornatu
3179 835 3278 876 suo
3313 817 3625 874 induentur.

2121 1009 2286 1065 Vens.
2311 1007 2501 1061 20-22.
2531 1026 2548 1058 ι
2576 1004 2691 1061 Non
2725 1005 2867 1059 enim
2894 1004 3107 1058 occidet
3136 1002 3216 1057 sol
3256 1001 3374 1067 tibi,
3412 1009 3468 1054 et
3502 999 3625 1052 lnna

2051 1102 2147 1157 tibi
2207 1116 2314 1155 non
2373 1099 2767 1155 deiiciet:erit
2824 1096 3019 1164 quippe
3071 1093 3162 1147 libi
3219 1092 3482 1146 Dominus
3532 1088 3622 1142 lux

2051 1193 2397 1263 sempiterna,
2432 1199 2487 1244 et
2540 1188 2906 1256 implebuntur
2950 1187 3066 1239 dies
3096 1185 3272 1239 luctus
3301 1183 3398 1237 tui.
3428 1182 3494 1235 Et
3527 1196 3623 1249 po-

2050 1287 2205 1357 pulus
2240 1294 2361 1339 tuus
2398 1281 2574 1339 omnis
2618 1282 2819 1350 justus,
2860 1280 2912 1332 in
2937 1277 3192 1333 saeculum
3223 1275 3626 1329 haereditabunt

2050 1383 2251 1429 terram
2293 1390 2308 1427 :
2349 1373 2655 1428 custodiens
2698 1369 3085 1440 plantationem
3140 1380 3302 1437 opera
3364 1380 3622 1419 manuum

2050 1464 2167 1534 ejus
2200 1464 2253 1518 in
2288 1462 2534 1534 gloriam.
2572 1462 2673 1528 Qui
2705 1476 2870 1530 parvo
2913 1472 3163 1521 numero,
3193 1456 3296 1509 erit
3335 1455 3390 1509 in
3418 1453 3619 1518 millia;

2049 1566 2103 1609 et
2123 1555 2214 1625 qui
2246 1555 2524 1618 minimus,
2561 1555 2613 1606 in
2645 1560 2859 1623 gentem
2893 1564 3160 1619 magnam.
3225 1545 3338 1616 Ego
3366 1545 3625 1601 Dominus

2051 1646 2106 1701 in
2139 1654 2381 1715 tempore
2417 1643 2755 1713 congregabo
2787 1656 2898 1695 eos.
2936 1661 2955 1693 ›

2631 1732 2859 1789 CAPUT
2893 1733 3029 1790 LXI.

2121 1830 2289 1884 Vens.
2327 1829 2376 1884 Ι.
2413 1848 2431 1881 ι
2474 1827 2707 1899 Spiritus
2746 1826 2960 1881 Domini
3014 1841 3175 1895 super
3232 1840 3339 1893 me,
3389 1840 3452 1880 eo
3484 1822 3628 1893 quod

1978 1904 2019 1959 Β
2053 1920 2271 1975 unxerit
2303 1936 2425 1975 me:
2451 1920 2822 1992 evangelizare
2845 1918 3173 1987 pauperibus
3196 1918 3340 1973 misit
3364 1932 3562 1973 me.....
3600 1934 3633 1969 »η

2612 2012 2859 2071 ‘CAPUT
2898 2011 3055 2068 LXII.

2124 2106 2286 2161 Vens.
2324 2106 2437 2161 {-5.
2480 2125 2501 2159 ι
2527 2105 2756 2176 Propter
2780 2104 2908 2161 Sion
2943 2120 3048 2160 non
3082 2104 3289 2169 tacebo,
3318 2111 3371 2158 et
3406 2110 3627 2172 propter

2049 2197 2347 2255 Jerusalem
2392 2214 2502 2253 non
2538 2199 2835 2268 quiescam,
2868 2198 3036 2252 donec
3072 2196 3383 2265 egrediatur
3419 2204 3478 2247 ut
3531 2193 3631 2246 luxu

2045 2289 2257 2360 justitia
2316 2289 2435 2360 ejus
2470 2306 2480 2340 :
2514 2289 2767 2346 Salutare
2826 2300 3006 2345 autem
3074 2303 3255 2342 meum
3313 2296 3371 2340 ut
3421 2285 3647 2354 lampas

2051 2385 2401 2440 accendetur.
2428 2384 2494 2439 Et
2524 2383 2787 2439 videbunt
2822 2392 3019 2454 gentes
3053 2380 3321 2449 justitiam
3373 2389 3541 2442 tuam,
3568 2386 3627 2431 et

2051 2491 2203 2546 reges
2250 2476 2476 2547 gloriam
2514 2484 2681 2531 tuam.
2728 2476 2795 2530 Et
2840 2474 3054 2529 vocabit
3107 2482 3161 2528 te
3211 2471 3429 2526 nomine
3460 2484 3631 2536 novo,

2050 2570 2191 2637 quod
2223 2566 2487 2623 Dominus
2535 2568 2861 2623 nominabit.
2894 2567 2963 2621 Et
2991 2567 3107 2621 eris
3136 2579 3337 2621 corona
3386 2562 3626 2632 pulchri-

2053 2660 2256 2715 tudinis
2291 2660 2344 2713 in
2375 2674 2537 2714 manu
2571 2658 2884 2725 Domini,'et
2907 2659 3161 2713 diadema
3192 2655 3343 2725 regni
3372 2655 3423 2707 in
3460 2668 3633 2706 manu.

2050 2749 2148 2804 Dei
2212 2751 2309 2805 tui.
2335 2769 2359 2803 ι
2398 2751 2571 2818 Quam
2622 2761 2751 2806 tunc
2814 2752 3037 2821 recipiet
3104 2752 3288 2806 dicens
3327 2766 3340 2801 :
3374 2768 3392 2801 ‹
3416 2748 3624 2803 Bonum

2049 2854 2333 2897 certamen
2363 2844 2591 2910 certavi,
2622 2859 2841 2899 cursum
2876 2842 3283 2907 consummavi,
3316 2841 3473 2894 ﬁdem
3503 2855 3622 2895 ser-

2051 2934 2217 2988 vavi:
2254 2935 2304 2988 in
2359 2934 2565 3004 reliquo
2617 2938 2853 3004 reposita
2903 2943 2986 2988 est
3038 2932 3169 2987 mihi
3218 2947 3422 2987 corona
3463 2930 3627 2999 justi-

2052 3025 2137 3079 tiae
2159 3025 2225 3078 ’³.
2254 3044 2274 3077 ι
2312 3026 2515 3081 Eadem
2549 3041 2701 3091 vero,
2727 3040 2847 3080 cum
2881 3027 3065 3095 sponsi
3092 3024 3253 3080 Verbi
3290 3038 3487 3093 sponsa
3533 3022 3625 3087 sit,

2048 3127 2105 3172 et
2134 3118 2253 3189 ejus
2292 3120 2501 3173 semina
2532 3118 2857 3188 susceperit.
2891 3118 3171 3188 speciosos
3199 3126 3254 3171 et
3279 3116 3406 3171 boni
3444 3114 3628 3171 odoris

2050 3208 2261 3266 fructus
2293 3210 2512 3266 emittit.
2550 3209 2649 3266 Hic
2684 3218 2865 3265 autem
2895 3224 3085 3265 rursus
3123 3209 3268 3279 piam
3302 3208 3618 3277 religionem

2046 3302 2176 3358 olim
2227 3305 2367 3373 apud
2410 3302 2629 3360 Iudaeos
2661 3305 2935 3375 vigentem
2983 3304 3275 3373 signiﬁcat.
3325 3302 3462 3357 Nam
3493 3318 3622 3357 vere

2044 3391 2252 3448 Christi
2294 3407 2496 3448 corona
2527 3402 2656 3449 sunt
2686 3400 2954 3463 quotquot
2997 3408 3097 3463 per
3132 3408 3255 3447 eum
3286 3393 3424 3447 bona
3458 3407 3637 3463 opera.

2045 3485 2232 3550 edunt,
2264 3493 2320 3540 et
2363 3484 2615 3540 diadema
2660 3488 2814 3558 regni
2863 3487 2981 3558 ejus
3014 3496 3162 3551 sunt,
3190 3485 3284 3555 qui
3313 3487 3622 3540 certamina

2044 3573 2159 3641 ejus
2185 3590 2348 3629 causa
2370 3586 2751 3645 susceperunt,
2775 3577 2946 3632 sancti
2972 3585 3261 3646 martyres,
3288 3590 3427 3644 quos
3459 3591 3631 3630 manu

2044 3678 2142 3717 sua
2179 3665 2339 3720 Pater
2370 3666 2636 3737 deligens,
2668 3676 2726 3722 ut
2749 3682 3004 3723 coronam
3026 3667 3166 3722 Filio
3192 3681 3290 3722 suo
3313 3667 3626 3737 circumpo-

2044 3755 2141 3821 nit,
2171 3765 2226 3811 et
2274 3757 2424 3827 regio
2468 3758 2778 3814 diademate
2818 3758 3221 3813 multitudinem
3260 3768 3494 3814 exornat
3522 3773 3621 3813 eo—

2045 3866 2185 3918 rum,
2221 3850 2313 3922 qui
2350 3866 2449 3921 per
2487 3852 2661 3925 ipsum
2701 3861 2763 3908 et
2797 3852 2866 3907 ab
2914 3853 3037 3924 ipso
3065 3851 3294 3907 salutem
3331 3861 3461 3906 sunt
3486 3865 3622 3907 con-

2043 3945 2212 4001 secuti

2123 4128 2228 4182 «Ει
2252 4128 2469 4184 vocabit
2499 4135 2550 4183 te
2584 4142 2807 4184 nomine
2840 4145 3002 4195 novo,
3036 4132 3183 4201 quod
3228 4132 3492 4187 Dominus
3519 4146 3631 4187 no-i

2044 4216 2300 4284 minabit;
2330 4237 2349 4271 ι
2382 4219 2436 4274 id
2465 4228 2575 4289 est,
2601 4221 2901 4279 secundum
2940 4221 3276 4278 voluntatem
3311 4237 3489 4277 meam
3522 4239 3629 4279 no-

2042 4310 2356 4367 minabitur.

2112 4400 2277 4459 Vens.
2311 4405 2364 4472 4,
2394 4403 2447 4459 5.
2490 4421 2508 4456 ι
2533 4405 2600 4459 Ει
2623 4420 2732 4461 non
2758 4406 3042 4463 vocaberis
3072 4406 3216 4462 ultra
3248 4404 3538 4471 derelicta,
3563 4416 3631 4463 etc

2049 4504 2196 4553 terra
2240 4507 2329 4553 tua
2373 4516 2479 4553 non
2515 4500 2803 4554 vocabitur
2836 4499 2978 4555 ultra
3024 4502 3244 4556 deserta
3279 4519 3293 4555 :
3331 4500 3629 4557 vocaberis.

364 4583 575 4656 θέλημα
604 4586 735 4656 ἐμόν
755 4602 768 4617 ο
798 4588 891 4639 καὶ
919 4589 953 4656 ἡ
978 4589 1048 4659 γῆ
1077 4606 1191 4657 σου,
1224 4592 1534 4663 οἰκουμένῃ’
1575 4592 1656 4645 ὅτι
1684 4592 1939 4665 εὐδόκησε

2045 4588 2184 4642 enim
2231 4587 2481 4643 voluntas
2521 4602 2677 4654 mea;
2715 4598 2769 4642 et
2821 4596 3138 4657 terra,tua,
3186 4590 3457 4654 habitata,
3489 4590 3635 4658 quia.

366 4676 568 4749 Κύριος
597 4679 655 4730 ὲν
676 4680 777 4743 σοὶ,
804 4680 898 4732 καὶ
926 4682 958 4751 ή
982 4681 1055 4751 γῆ
1088 4698 1182 4735 σου
1219 4685 1708 4757 συνοικισθήσεται.
1732 4686 1843 4740 Καὶ
1865 4686 1941 4751 ὡς

364 4769 625 4823 συνοικῶν
654 4771 933 4834 νεανίσκος
958 4772 1229 4846 παρθένῳ,
1268 4775 1409 4829 οὕτω
1446 4778 1860 4850 κατοικήσουσιν
1889 4779 1941 4831 οἱ

365 4859 471 4910 υἱοί
494 4877 606 4912 σου.
643 4861 753 4913 Καὶ
776 4860 923 4914 ἔσται
942 4862 1000 4915 ὃν
1024 4863 1222 4933 τρόπον
1255 4866 1685 4939 εὐφρανθήσεται
1708 4868 1940 4939 νυμφίος

364 4951 455 5002 ἐπὶ
484 4950 689 5022 νύμφῃ,
726 4951 899 5017 οὕτως
944 4954 1371 5025 εὐφρανθήσεται
1404 4957 1608 5029 Κύριος
1642 4958 1734 5012 ἐπὶ
1773 4960 1872 5013 σοί.
1915 4979 1935 5012 ι

376 5040 464 5092 Ἐν
489 5040 567 5112 τῷ
600 5042 769 5113 καινῷ
803 5043 957 5097 αἰῶνι
989 5045 1086 5116 τῆς
1107 5047 1343 5116 Χριστοῦ
1369 5047 1645 5118 βασιλείας
1673 5053 1938 5123 συστήσε-

362 5147 473 5193 ται,
508 5131 702 5202 μόνους
731 5134 929 5200 ἕξουσα
960 5137 1249 5210 οἰκήτορας
1287 5139 1411 5204 τοὺς
1450 5140 1559 5195 τῶν
1598 5144 1941 5212 ἐπαγγελιῶν

364 5222 454 5274 τοῦ
487 5222 620 5275 Θεοῦ
652 5225 1247 5299 καταξιωθήσομὲνους,
1288 5232 1336 5284 οἳ
1362 5234 1455 5286 καὶ
1485 5235 1543 5286 ὲν
1576 5235 1814 5309 τοσαύτῃ
1845 5236 1940 5289 θυ-

363 5312 529 5384 μηδίᾳ
574 5314 670 5367 καὶ
702 5314 1009 5390 εὐφροσύνῃ
1039 5318 1329 5384 διάξουσιν,
1377 5320 1453 5385 ὡς
1493 5321 1636 5376 ἔοικε
1673 5324 1939 5395 νεανίσκῳ

362 5401 503 5472 ἁγίῳ
544 5403 699 5475 ἀνδρὶ
738 5405 945 5460 συνόντι
986 5410 1238 5482 παρθένῳ
1286 5412 1516 5484 καθαρᾷ,
1560 5414 1807 5485 οὐδαμῶς
1838 5416 1939 5485 μὲν

364 5495 535 5567 αὐτῆς
584 5497 682 5568 τὴν
738 5499 1032 5570 παρθενίαν
1086 5503 1393 5559 σπιλοῦντι·
1438 5509 1503 5578 τῇ
1540 5507 1596 5560 δὲ
1638 5508 1829 5578 ἁγνείᾳ
1867 5513 1933 5582 τῇ

364 5589 663 5660 παρθενικῇ
701 5591 794 5643 καὶ
826 5594 890 5663 τῇ
926 5592 1140 5666 καθαρᾷ
1170 5597 1537 5671 συνδιατριϐῇ,
1577 5602 1669 5656 καὶ
1701 5603 1937 5656 συνοικε).

366 5680 622 5751 χαίροντι.
649 5680 759 5735 Καὶ⁹
785 5684 833 5735 οἱ
866 5684 961 5754 μὲν
984 5684 1088 5737 υἱοί
1118 5703 1210 5739 σου
1239 5686 1410 5753 οὕτως
1440 5691 1930 5763 εὐφρανθήσονταιι

433 5863 479 5897 ³³
504 5866 657 5923 Rom.
699 5882 793 5937 vn,
822 5866 910 5922 2L
1051 5869 1095 5901 ³³
1125 5870 1165 5925 ll
1199 5869 1336 5927 Tim.
1374 5888 1447 5936 ιν,
1484 5875 1534 5928 7.

2045 4680 2373 4749 complacuit
2407 4679 2509 4735 sibi
2554 4679 2816 4734 Dominus
2836 4677 2893 4733 in
2924 4688 2996 4746 te,
3016 4691 3069 4736 et
3100 4691 3243 4735 terra
3273 4690 3364 4735 tua
3401 4679 3621 4735 inhabi-

2045 4774 2265 4828 labitur.
2311 4771 2377 4825 Et
2425 4773 2568 4827 sicut
2605 4772 2815 4827 habitat
2844 4772 3059 4841 juvenis
3105 4788 3227 4829 cum
3278 4772 3514 4843 virgine,
3543 4772 3624 4828 sic

2045 4863 2481 4920 habitabuntﬁ'lii
2515 4864 2614 4919 tui.
2648 4864 2714 4918 Et
2753 4865 2879 4930 erit,
2918 4865 3377 4934 quemadmodum
3408 4864 3623 4919 laetabi-

2044 4966 2131 5011 tur
2176 4970 2409 5026 sponsus
2455 4971 2620 5026 super
2673 4971 2893 5026 sponsa,
2923 4958 3003 5012 sic
3050 4956 3326 5012 laetabitur
3358 4955 3633 5011 Dominus.

2045 5047 2098 5102 in
2138 5059 2207 5103 te.
2235 5066 2255 5101 ι
2296 5047 2375 5102 Ea
2407 5048 2459 5101 in
2495 5062 2634 5102 novo
2664 5049 2864 5103 smculo
2899 5049 3054 5118 regni
3089 5047 3293 5103 Christi
3321 5048 3620 5102 constitue-

2046 5147 2152 5205 tur,
2184 5153 2387 5207 eosque
2415 5148 2623 5193 tantum
2660 5137 2868 5194 incolas
2900 5140 3141 5208 habebit,
3170 5141 3261 5209 qui
3303 5140 3619 5209 promissio-

2045 5246 2171 5286 num
2222 5232 2316 5287 Dei
2357 5233 2561 5303 dignati
2602 5232 2843 5299 fuerint;
2886 5234 2979 5303 qtti
3024 5235 3081 5289 in
3129 5242 3279 5289 tanto
3329 5234 3525 5304 gaudio
3564 5242 3620 5288 et

2043 5324 2230 5379 laetitia
2289 5324 2675 5391 versabuntur,
2718 5333 2778 5379 ut
2815 5324 3121 5394 comparari
3172 5326 3386 5396 possint
3429 5323 3618 5392 juveni

2045 5424 2100 5471 et
2127 5425 2315 5471 sancto
2343 5417 2460 5471 viro
2490 5432 2610 5471 cum
2643 5432 2774 5485 pura
2805 5417 3016 5489 virgine
3044 5418 3280 5488 degenti,
3318 5432 3416 5472 nec
3439 5425 3618 5470 tamen

2044 5507 2159 5576 ejus
2200 5524 2432 5579 unquam
2464 5512 2826 5582 virginitatem
2880 5511 3190 5575 temeranti,
3232 5508 3327 5565 sed
3363 5509 3416 5563 in
3453 5507 3621 5562 casti-

2046 5610 2154 5658 tate
2204 5604 2476 5673 virginali,
2512 5614 2566 5660 et
2597 5622 2728 5675 pura
2760 5606 3204 5671 conversatione,
3226 5620 3350 5659 cum
3385 5611 3498 5658 tota
3529 5602 3619 5657 do-

2046 5712 2131 5754 mo
2179 5696 2453 5766 gaudenti.
2500 5697 2564 5753 Et
2603 5698 2697 5753 ﬁlii
2739 5698 2956 5769 quidem
2991 5697 3067 5753 tui
3118 5697 3190 5751 ita
3246 5697 3619 5762 lmtabuntur;
