4130 6378
518 381 624 439 499

1190 373 1462 432 ΕυεΕΒιι
1499 371 1975 429 C/ESARIENSIS
2011 371 2160 427 OPP.
2206 370 2388 425 PARS
2421 367 2512 424 Ill.
2553 399 2621 409 —
2658 366 3070 424 EXEGETICA.

3662 359 3778 424 mo,

519 501 637 567 ipse
684 505 814 550 vero
865 489 1125 545 Dominus
1152 497 1256 552 est,
1288 487 1380 557 qui
1407 498 1459 543 te
1497 495 1739 542 sanctam
1765 485 2084 552 Ecclesiam,

2197 483 2358 546 αὐτὸς
2383 481 2439 535 δέ
2466 482 2495 534 ὁ
2523 480 2727 550 Κύριος
2755 480 2854 552 τὴν
2887 477 3081 533 ἐαυτοῦ
3114 477 3330 550 νύμφην
3370 473 3679 542 ἀπολαϐὼν,
3707 479 3770 533 σέ
3817 497 3821 502 '

518 584 776 656 perfectis
837 579 1094 636 membris
1155 587 1526 645 constantem,
1556 593 1624 633 ex
1675 580 1858 649 prisco
1902 591 2084 647 nempe

2194 574 2294 646 τὴν
2323 573 2485 643 ἁγίαν
2518 571 2863 643 Ἐκκλησίαν,
2918 574 2982 625 ἐκ
3015 569 3234 624 τελείων
3289 569 3463 640 μελῶν
3495 567 3769 623 συνεστῶ-

521 676 723 748 populo
752 682 805 728 et
842 673 944 728 hoc
985 685 1126 726 novo
1163 684 1230 726 ex
1272 671 1524 739 gentibus
1561 669 1802 736 coeunti,
1840 671 1892 724 in
1927 685 2095 739 spon-

518 789 632 827 sam
671 769 898 838 accepit.
942 767 1146 822 Deinde
1194 765 1494 820 Ecclesiam
1543 766 1716 835 ipsam
1748 764 2082 835 alloquitur:

517 861 687 930 llujus
736 860 830 914 lilii
884 859 1180 914 secundum
1220 871 1438 911 carnem
1482 855 1701 912 fuerunt
1729 855 1893 909 divini
1923 855 2090 909 disci-

513 953 648 1024 puli,
679 952 771 1023 qui
816 964 1084 1006 summam
1133 962 1266 1018 erga
1313 948 1486 1018 ipsam
1537 948 1866 1003 charitatem
1901 959 2089 1001 serva-

513 1055 675 1111 runt;
728 1045 804 1098 ita
860 1051 922 1098 ut
977 1041 1065 1096 illa
1116 1041 1338 1096 dilectio
1380 1039 1577 1096 similis
1621 1040 1871 1095 videatur
1908 1038 1958 1093 ei
1986 1053 2091 1108 qua

512 1135 739 1190 all‘ectus
769 1143 852 1188 est
879 1133 1098 1204 juvenis
1119 1146 1242 1186 cum
1274 1130 1484 1200 virgine
1509 1129 1783 1185 habitans.
1815 1126 1909 1183 Sic
1942 1127 2093 1181 laeta-

511 1227 662 1281 bitur
721 1223 983 1279 Dominus
1035 1235 1203 1292 super
1241 1230 1318 1286 te,
1370 1219 1828 1290 quemadmodum
1862 1231 2092 1289 sponsus

511 1331 676 1386 super
713 1327 934 1384 sponsa.
971 1311 1185 1368 Etenim
1215 1311 1281 1366 de
1331 1311 1475 1366 coalo
1504 1310 1789 1366 descendit
1841 1311 2090 1380 unigeni-

513 1419 627 1462 tum
670 1405 764 1461 Dei
795 1403 1056 1470 Verbum,
1087 1412 1148 1458 ut
1177 1402 1519 1459 fructiferam
1550 1403 1866 1459 ostenderet
1891 1402 2090 1459 Eccle-

509 1500 672 1566 siam,
718 1512 883 1567 quam
933 1496 1047 1566 ipse
1094 1495 1197 1551 sibi
1249 1495 1516 1566 virginem
1577 1505 1782 1550 castam
1825 1496 2088 1561 admovit,

509 1607 618 1646 non
648 1591 940 1646 habentem
970 1589 1240 1643 maculam
1285 1603 1462 1658 neque
1497 1587 1746 1656 sordem,
1773 1587 1883 1642 imo
1913 1589 2090 1657 potius

514 1688 759 1736 sanctam
785 1689 842 1734 et
877 1677 1304 1734 immaculatam.
1352 1677 1436 1733 Ab
1470 1677 1562 1732 illo
1597 1676 1766 1746 igitur
1789 1676 2088 1748 evangelici

513 1771 752 1829 instituti
791 1771 1002 1826 semina
1037 1769 1341 1838 accipiens,
1371 1768 1747 1836 spiritualibus
1797 1769 2085 1825 sacriﬁciis

510 1874 568 1920 et
606 1865 812 1920 sanctis
843 1863 1098 1934 operibus
1121 1862 1415 1934 fulgentem
1441 1877 1696 1932 sponsam
1723 1861 1988 1917 exhibuit.

580 2041 745 2098 Vens.
780 2041 899 2098 6-8.
940 2059 959 2092 ι
985 2041 1050 2096 Et
1096 2056 1260 2110 super
1306 2052 1493 2096 muros
1551 2050 1696 2107 tuos,
1757 2039 2084 2109 Jerusalem,

507 2129 764 2186 constitui
794 2130 1046 2185 custodes
1075 2139 1185 2184 tota
1219 2129 1309 2184 die
1356 2142 1412 2184 et
1448 2140 1557 2186 tota
1599 2138 1780 2196 nocte,
1817 2132 1911 2202 qui
1947 2147 2086 2186 nun-

504 2236 670 2292 quam
712 2221 989 2287 tacebunt,
1033 2234 1302 2277 memores
1349 2219 1583 2278 Domini.
1646 2219 1764 2277 Non
1812 2230 1896 2277 est
1938 2221 2085 2278 enim

504 2313 666 2369 vobis
702 2312 920 2378 similis,
951 2312 998 2368 si
1033 2312 1298 2382 corrigat,
1334 2321 1390 2367 et
1412 2311 1580 2368 faciat
1610 2311 1917 2369 Jerusalem
1953 2328 2086 2384 gau-

501 2404 653 2461 dium
680 2403 734 2459 in
767 2413 926 2459 terra.
961 2401 1173 2458 Iuravit
1211 2403 1475 2457 Dominus
1507 2417 1606 2472 per
1646 2401 1875 2473 gloriam
1905 2418 2084 2469 suam,

503 2499 560 2547 et
590 2505 687 2561 per
714 2489 1088 2545 fortitudinem
1119 2489 1331 2545 brachii
1358 2491 1462 2545 sui.
1486 2509 1505 2543 ι
1533 2488 1674 2547 Olim
1708 2493 1907 2563 quippe
1934 2504 2085 2563 gesta

503 2591 635 2636 sunt
667 2580 794 2648 ista,
822 2593 945 2634 cum
994 2578 1231 2634 fructum
1262 2595 1420 2646 suum
1453 2580 1507 2634 in
1537 2580 1722 2636 cibum
1751 2580 1949 2637 darent
1982 2583 2086 2637 ini-

504 2671 664 2727 micis
717 2671 833 2738 Dei,
879 2671 934 2726 id
977 2680 1219 2743 agentes,
1259 2671 1322 2728 id'
1363 2681 1642 2743 curantes,
1676 2683 1737 2730 ut
1785 2684 1935 2747 gesta
1985 2692 2084 2732 sua

505 2763 850 2820 dtemonibus
894 2777 1020 2819 esca
1077 2772 1282 2820 essent.
1334 2762 1454 2820 Jam
1499 2779 1631 2820 vero
1673 2765 1759 2830 iis,
1793 2769 1886 2837 qui
1945 2783 2085 2824 novo

504 2853 708 2910 seculo
755 2854 994 2910 donandi
1033 2863 1088 2910 et
1115 2855 1382 2926 promissa
1417 2859 1697 2928 accepturi
1753 2868 1900 2928 sunt,
1930 2860 2081 2916 iura-

501 2954 690 3002 mento
712 2945 973 3001 Dominus
989 2946 1242 3013 afﬁrmat,
1262 2963 1321 3003 se
1348 2964 1451 3003 non
1471 2951 1702 3020 amplius
1733 2952 1968 3008 inimicis
1990 2954 2084 3008 da-

503 3047 687 3092 turum
717 3051 840 3092 esse
875 3037 1088 3095 fructus
1118 3053 1326 3105 eorum,
1371 3041 1466 3097 sed
1518 3043 1669 3110 ipsos
1710 3043 1777 3098 iis
1822 3043 2086 3100 fruituros

505 3141 652 3182 esse.
687 3125 824 3182 Nam
869 3142 994 3184 cum
1036 3129 1262 3199 probam
1300 3131 1464 3186 vitam
1514 3141 1672 3204 agant
1724 3148 1788 3189 ac
1830 3133 2083 3206 religiose

503 3229 821 3285 versentur,
860 3235 1074 3292 aequum
1114 3237 1246 3278 sane
1286 3233 1370 3280 est
1416 3234 1477 3279 ut
1517 3199 1757 3296 propriis
1811 3199 2082 3298 gaudeant
2109 3199 2151 3259 (ἶ

504 3311 794 3368 fructibus.
833 3331 854 3365 ι
884 3314 943 3369 Si
969 3314 1110 3369 ultra
1145 3315 1348 3371 dedero
1380 3317 1623 3372 triticum
1668 3327 1842 3386 tuum,
1872 3327 1928 3373 et
1975 3318 2081 3373 ali-

505 3413 691 3461 menta
715 3413 805 3461 tua
832 3405 1069 3462 inimicis
1094 3408 1222 3473 tuis,
1245 3417 1302 3464 et
1329 3409 1372 3463 si
1406 3409 1547 3464 ultra
1571 3410 1764 3467 bibant
1790 3411 1890 3466 lilii
1915 3411 2080 3468 alieni

504 3500 690 3554 vinum
721 3506 897 3567 tuum,
928 3498 983 3555 in
1010 3514 1120 3572 quo
1150 3500 1408 3557 laborasti
1435 3516 1453 3556 :

577 3677 742 3734 Vens.
779 3678 833 3735 9.
882 3697 902 3731 ι
928 3678 1034 3736 Sed
1076 3680 1169 3750 qui
1215 3679 1560 3752 collegerint,
1587 3684 1874 3739 comedent
1901 3699 1990 3751 ea,
2025 3693 2081 3741 et

501 3767 801 3824 laudabunt
830 3767 1146 3836 Dominum,
1172 3781 1227 3828 et
1255 3773 1350 3842 qui
1380 3777 1861 3846 congregaverint,
1892 3777 2080 3833 bibent

505 3873 572 3914 ea
595 3860 649 3914 in
683 3861 841 3916 atriis
872 3863 1080 3918 sanctis
1122 3864 1278 3919 meis.
1302 3883 1322 3916 ι
1359 3864 1486 3922 Haec
1509 3881 1640 3923 vero
1666 3867 1869 3923 fuerint
1895 3869 2078 3925 multa:

512 3951 618 4006 illa;
645 3954 958 4010 mansiones
988 3956 1132 4024 apud
1168 3956 1407 4013 Patrem.

577 4043 740 4100 Vns.
781 4045 870 4101 10.
911 4063 932 4098 ι
959 4047 1038 4102 Ite
1069 4063 1166 4117 per
1188 4061 1378 4118 portas
1405 4066 1573 4107 meas.
1601 4071 1620 4106 ι
1651 4052 1748 4110 His
1779 4069 1942 4125 porro
1973 4071 2073 4112 no-

499 4133 588 4191 bis
617 4137 1067 4194 considerandam
1099 4137 1261 4195 oll'ert
1308 4141 1591 4197 cmlestem
1630 4143 1726 4198 Dei
1771 4145 2074 4212 civitatem,

497 4224 725 4295 ejusque
760 4234 946 4296 portas
977 4242 994 4279 :
1021 4242 1146 4298 qua:
1190 4227 1373 4284 omnia
1421 4228 1476 4283 in
1533 4229 1645 4295 illo,
1685 4231 1826 4300 quod
1858 4232 2079 4302 pollice-

499 4327 611 4386 tur,
642 4318 843 4374 saculo
881 4320 1063 4390 dignis
1088 4321 1418 4390 pandentur.
1453 4337 1518 4377 ac
1548 4323 1798 4379 dicetur:
1840 4323 1955 4380 «Ιιθ
1980 4339 2077 4394 per

496 4417 688 4478 portas
721 4424 893 4476 meas,
916 4418 970 4465 et
1000 4412 1142 4467 viam
1175 4410 1338 4467 facite
1371 4413 1567 4483 populo
1591 4428 1734 4480 meo,
1763 4414 2077 4485 lapidesque

2197 682 2317 729 σαν,
2372 663 2436 717 ἐκ
2465 680 2524 717 τε
2572 662 2666 716 τοῦ
2707 661 2974 734 προτέρου
3014 660 3144 715 λαοῦ
3189 662 3285 715 καὶ
3316 660 3410 714 τοῦ
3433 661 3554 714 νέου
3593 661 3686 715 τοῦ
3711 659 3772 728 ἐξ

2192 757 2382 812 ἐθνῶν.
2409 751 2543 810 Εἶτα
2593 755 2687 810 καὶ
2725 755 2862 827 πρὸς
2894 754 2994 825 τὴν
3029 751 3353 824 Ἐκκλησίαν
3383 754 3618 805 ποιεῖται
3642 751 3770 817 τοὺς

2192 846 2382 916 λόγους
2399 862 2415 876 ο
2436 844 2638 916 ταύτης
2665 843 2952 913 γεγόνασιν
2984 842 3091 894 υίοί⁵
3126 839 3266 894 κατὰ
3290 839 3468 911 σάρκα
3495 841 3544 893 οἰ
3573 837 3773 894 θεσπε-

2195 953 2297 990 σιοι
2329 935 2584 1007 μαθηταὶ,
2607 935 2706 1006 τὴν
2726 933 3010 1003 είς.ἁκραν
3032 933 3203 1004 αὐτῆς
3227 929 3491 996 σώζοντες
3511 929 3733 1002 ἀγάπην
3751 944 3768 962 ο

2192 1025 2332 1080 ὥστε
2391 1027 2565 1080 δοκεῖν
2620 1024 2718 1095 τὴν
2769 1023 3068 1094 γενομένην
3098 1020 3497 1092 φιλοστοργίαν,
3525 1017 3618 1075 οἷά
3665 1039 3776 1094 περ

2190 1118 2458 1190 νεανίσκῳ
2499 1115 2836 1188 συνῳκηκότι
2867 1114 3140 1186 παρθένῳ.
3177 1113 3362 1178 Οὕτως
3398 1113 3768 1186 εὐφρανθήσε-

2189 1227 2278 1262 ται
2312 1208 2518 1281 Κύριος
2541 1207 2636 1261 ἐπὶ
2663 1205 2767 1270 σοὶ,
2796 1204 3048 1278 καθάπερ
3073 1203 3264 1275 ἀμέλει
3301 1203 3395 1256 καὶ
3423 1203 3652 1274 νυμφίος
3679 1202 3772 1256 ἐπὶ

2191 1301 2399 1372 νύμφῃ.
2430 1298 2719 1368 Καθήκετο
2754 1297 2863 1370 γὰρ
2914 1295 2972 1363 ἐξ
3004 1294 3248 1365 οὐρανῶν
3289 1294 3318 1346 ό
3350 1293 3641 1366 μονογενὴς
3677 1291 3772 1347 τοῦ

2189 1392 2322 1447 Θεοῦ
2357 1392 2548 1460 Λόγος,
2583 1389 2650 1443 ἶν’
2679 1389 2955 1461 ἔγκαρπον
3000 1387 3256 1459 ἀποφήνῃ
3283 1383 3381 1456 τήν
3422 1383 3770 1456 Ἐκκλησίαν,

2192 1483 2256 1554 ἢν
2279 1483 2440 1547 αὐτὸς
2465 1481 2643 1553 ἐαυτῷ
2673 1480 2986 1554 παρέστησε
3013 1477 3279 1550 παρθένον
3305 1478 3497 1550 ἁγνὴν,
3525 1477 3600 1549 μὴ
3619 1476 3772 1548 έχου-

2191 1592 2291 1630 σαν
2329 1574 2513 1629 σπίλον
2551 1573 2584 1646 ἢ
2621 1573 2836 1646 ῥυτίδαο
2883 1571 3046 1640 ἁγίαν
3073 1570 3129 1624 δέ
3163 1569 3361 1642 μᾶλλον
3396 1571 3489 1623 καὶ
3515 1561 3766 1641 ἄμωμον.

2188 1665 2465 1737 Δεξαμένη
2502 1663 2683 1718 τοίνυν
2715 1663 2847 1735 παρ’
2885 1659 3048 1716 αὐτοῦ
3091 1660 3190 1731 τῆς
3227 1658 3590 1729 εύαγγελικῆς
3614 1658 3769 1713 πολισ

2187 1757 2338 1821 τείας
2379 1755 2450 1809 τὰ
2489 1754 2800 1825 σπέρματα,
2832 1752 3228 1823 πνευματικαῖς
3253 1748 3465 1813 θυσίαις
3497 1751 3598 1803 καὶ
3620 1751 3772 1818 ἁγισ-

2114 1852 2159 1908 Β
2192 1847 2428 1921 πρεπέσι
2456 1843 2845 1918 κατορθώμασι
2870 1843 2968 1916 τὴν
3014 1842 3232 1914 νύμφην
3256 1839 3643 1896 ἐκλάμπουσαν
3672 1842 3771 1896 ἀπ·

2185 1937 2402 2004 έδειξεν.

2263 2048 2283 2082 ι
2323 2029 2434 2083 Καὶ
2469 2029 2565 2082 ἐπὶ
2595 2026 2704 2082 τῶν
2728 2025 2923 2097 τειχῶν
2951 2041 3066 2090 σου,
3099 2022 3472 2096 Ἰερουσαλὴμ,
3504 2022 3773 2096 κατέπη-

2189 2140 2256 2177 σα
2281 2121 2528 2193 φύλακας
2563 2119 2692 2190 ὃλην
2728 2119 2827 2190 τὴν
2854 2117 3068 2189 ἡμέραν
3103 2115 3200 2171 καὶ
3223 2115 3351 2186 ὅλην
3376 2115 3474 2187 τὴν
3498 2113 3699 2181 νύκτα,
3718 2116 3770 2170 οἱ

2184 2216 2273 2271 διὰ
2297 2216 2484 2280 τέλους
2505 2213 2565 2268 οὐ
2599 2211 3056 2283 σιωπηθήσονται,
3085 2207 3514 2280 μιμνησκόμεναι
3538 2207 3767 2280 Κυρίου.

2187 2309 2303 2364 Ούκ
2330 2307 2446 2362 ἐστι
2474 2307 2581 2377 γὰρ
2609 2305 2736 2375 ὑμῖν
2763 2303 2967 2374 ὅμοιος,
3002 2300 3096 2355 ἐὰν
3119 2299 3409 2373 διορθώσῃ,
3443 2298 3538 2353 καὶ
3569 2299 3771 2370 ποιήσῃ

2195 2398 2552 2471 Ἰερουσαλὴμ
2584 2395 2871 2466 γαυρίαμα
2903 2393 2998 2446 ἐπὶ
3045 2393 3146 2463 τῆς
3186 2395 3309 2464 γῆς.
3338 2393 3541 2463 Ὠμοσε
3565 2390 3771 2463 Κύριος

2185 2491 2328 2546 κατά
2345 2491 2445 2563 τῆς
2470 2489 2628 2561 δόξης
2663 2485 2852 2550 αὑτοῦ,
2877 2487 2970 2540 καὶ
2999 2485 3139 2540 κατά
3169 2487 3268 2556 τῆς
3293 2484 3476 2556 ἰσχύος
3505 2483 3602 2538 τοῦ
3633 2485 3772 2557 βρα-

2185 2583 2362 2654 χίονος
2392 2579 2578 2634 αὐτοῦ.
2615 2597 2634 2631 ι
2674 2576 2850 2630 Πάλαι
2893 2578 2990 2649 μὲν
3021 2576 3130 2649 γὰρ
3159 2576 3332 2630 ταῦτα
3361 2575 3600 2644 ἐγένετο,
3630 2579 3770 2648 ὀπη-

2185 2676 2312 2729 νίκα
2337 2673 2429 2728 τὸν
2447 2672 2655 2728 ἑαυτῶν
2683 2674 2892 2748 καρπὸν
2916 2672 3114 2745 βρῶμα
3136 2674 3396 2744 παρεῖχον
3414 2673 3527 2735 τοῖς
3555 2671 3769 2743 ἐχθροῖς

2183 2765 2276 2819 τοῦ
2316 2763 2474 2829 Θεοῦ,
2512 2761 2738 2816 τοιαῦτα
2783 2763 3110 2835 πράττοντες
3157 2761 3251 2814 καὶ
3287 2760 3637 2832 ἐνεργοῦντες
3689 2760 3768 2826 ὡς

2183 2856 2474 2929 δαιμονίων
2499 2854 2747 2924 γίνεσθαι
2765 2853 2971 2926 τροφὴν
3000 2853 3098 2916 τὰς
3123 2851 3330 2906 ἑαυτῶν
3359 2852 3584 2924 πράξεις
3605 2869 3618 2882 ο
3647 2853 3770 2908 νυνὶ

2182 2948 2241 3003 δὲ
2273 2949 2385 3010 τοῖς
2413 2945 2507 3000 τοῦ
2537 2946 2660 3000 νέου
2693 2945 2888 3008 αἰῶνος
2917 2941 3504 3014 καταξιωθησομένοις,
3536 2943 3630 2996 καὶ
3659 2942 3770 2996 τῶν

2185 3037 2613 3111 ἐπηγγελμένων
2653 3037 3016 3108 τευξομένοις,
3050 3036 3199 3108 ὅρκῳ
3235 3035 3462 3106 ὄμνυσιν
3502 3037 3531 3089 ό
3565 3035 3770 3108 Κύριος

2188 3133 2385 3206 μηκέτι
2413 3129 2604 3186 δώσειν
2634 3131 2849 3202 ἐχθροῖς
2873 3128 3002 3191 τοὺς
3028 3126 3275 3198 καρποὺς
3297 3125 3495 3192 αὑτῶν,
3530 3126 3644 3180 ἀλλ’
3671 3127 3770 3179 αύ-

2185 3223 2314 3286 τοὺς
2344 3220 2524 3276 αὐτῶν
2555 3219 2867 3275 ἀπολαύειν.
2914 3216 3330 3290 Κατορθοῦντας
3379 3216 3488 3290 γὰρ
3525 3218 3621 3271 τὸν
3645 3221 3766 3272 κατ’

2187 3313 2386 3388 ἀρετὴν
2415 3313 2527 3384 βίον
2548 3313 2642 3367 καῖ
2671 3309 2936 3374 θεοσεϐῶς
2955 3308 3260 3378 διάγοντας,
3288 3308 3496 3364 δίκαιον
3531 3309 3638 3364 τῶν
3675 3311 3770 3363 οἰ-

2187 3405 2351 3460 κείων
2379 3403 2674 3460 ἀπολαύειν
2695 3402 2944 3475 καρπῶν.
2983 3421 3002 3454 ‹
3030 3403 3096 3455 Εἰ
3116 3400 3195 3455 ἔτι
3207 3399 3362 3454 δώσω
3378 3402 3468 3455 τὸν
3484 3403 3629 3456 σῖτόν
3647 3418 3766 3470 σου,

2186 3498 2279 3553 καί
2313 3497 2380 3552 τά
2411 3496 2673 3570 βρώματά
2702 3513 2795 3550 σου
2815 3498 2928 3559 τοῖς
2951 3493 3166 3567 ἐχθροῖς
3193 3510 3308 3560 σου,
3326 3494 3420 3548 καὶ
3441 3494 3522 3547 ἐτι
3551 3494 3764 3550 πίονται

2187 3591 2295 3645 υἰοί
2314 3590 2585 3662 ἀλλότριοι
2642 3589 2734 3643 τὸν
2778 3585 2922 3643 οἶνόν
2963 3605 3082 3654 σου,
3129 3589 3214 3658 ἐφ’
3237 3581 3280 3655 ᾧ
3311 3585 3650 3657 ἐμόχθησαςο

2263 3681 2399 3738 Ἀλλ’
2444 3682 2495 3736 oi
2534 3680 2930 3750 συναγαγόντες
2969 3679 3231 3748 φάγονται
3264 3675 3424 3743 αὐτὰ,
3471 3677 3565 3730 καὶ
3617 3675 3763 3729 αἰνέ-

2185 3793 2337 3832 σουσι
2364 3774 2590 3847 Κύριον,
2635 3773 2731 3828 καὶ
2765 3773 2816 3827 οί
2860 3772 3254 3841 συναγαγόντες
3287 3769 3502 3823 πίονται
3527 3769 3668 3824 αύτά
3703 3771 3764 3823 ἐν

2181 3868 2300 3931 ταῖς
2353 3865 2616 3920 ἐπαύλεσι
2653 3865 2773 3928 ταῖς
2816 3863 2999 3932 ἁγίαις
3052 3879 3176 3934 μου.
3211 3880 3231 3914 ι
3273 3857 3396 3915 Εἶεν
3428 3859 3472 3914 δ’
3502 3859 3568 3914 ἂν
3603 3852 3766 3914 αὗται

2181 3959 2239 4012 αί
2265 3957 2454 4014 πολλαὶ
2482 3956 2640 4028 μοναὶ
2665 3957 2722 4011 αἱ
2751 3955 2904 4028 παρὰ
2923 3953 2998 4026 τῷ
3023 3954 3220 4027 Πατρί.

2263 4069 2282 4102 ι
2315 4049 2620 4122 Πορεύεσθε
2654 4047 2743 4102 διὰ
2765 4047 2876 4102 τῶν
2905 4046 3090 4100 πυλῶν
3121 4062 3244 4117 μου.
3287 4065 3307 4100 ι
3340 4046 3500 4100 Νοεῖν
3539 4044 3597 4100 δέ
3635 4045 3769 4116 ἡμῖν

2183 4141 2414 4214 παρέχει
2445 4140 2533 4196 διὰ
2562 4139 2768 4194 τούτων
2805 4138 2902 4210 τὴν
2933 4136 3255 4208 ἐπουράνιον
3290 4137 3386 4192 τοῦ
3421 4137 3556 4192 Θεοῦ
3589 4137 3765 4201 πόλιν,

2184 4234 2279 4288 καὶ
2300 4235 2399 4298 τὰς
2429 4232 2598 4304 αὐτῆς
2630 4232 2804 4294 πύλας
2822 4247 2836 4260 '
2867 4229 2903 4284 ἃ
2927 4230 2990 4301 δὴ
3013 4229 3189 4283 πάντα
3215 4229 3356 4283 κατὰ
3380 4229 3471 4282 τὸν
3491 4227 3759 4298 ἐπηγγελ-

2186 4326 2343 4397 μένον
2392 4325 2564 4379 αἰῶνα
2612 4325 3117 4395 ἀναπετασθήσεται
3160 4325 3274 4387 τοῖς
3307 4319 3480 4386 ἀξίοις
3535 4319 3629 4373 καῖ
3680 4319 3768 4371 λε-

2182 4417 2462 4490 χθήσεται⁶
2509 4435 2529 4470 ι
2557 4415 2858 4488 Πορεύεσθε
2889 4416 2974 4471 διὰ
2999 4415 3107 4469 τῶν
3138 4415 3322 4469 πυλῶν
3353 4431 3478 4485 μου,
3522 4413 3617 4466 καὶ
3647 4413 3766 4466 ὀδο-

496 4500 566 4555 de
591 4502 676 4555 via
699 4500 966 4572 projicite.
997 4503 1215 4560 Elevate
1239 4506 1452 4576 signum
1489 4507 1541 4560 in
1578 4515 1785 4576 gentes.
1811 4525 1831 4559 ι
1858 4507 2073 4562 Nullum

2184 4510 2447 4583 ποιήσατε
2489 4508 2567 4580 τῷ
2606 4507 2722 4580 λαῷ
2757 4526 2881 4581 μου,
2921 4509 3015 4563 καὶ
3051 4509 3178 4572 τοὺς
3205 4507 3385 4571 λίθους
3418 4505 3484 4559 ἐκ
3511 4506 3610 4578 τῆς
3640 4503 3764 4558 ὁδοῦ

497 4591 663 4652 enim.
692 4592 890 4661 inquit,
922 4593 1389 4663 impedimentum,
1422 4595 1600 4651 nullus
1627 4597 1767 4650 obex
1796 4596 1926 4662 erit,
1968 4611 2076 4652 non

2184 4602 2520 4675 διαρρίψατε.
2559 4600 2821 4673 Ἐξάρατε
2853 4599 3132 4673 σύσσημον
3156 4601 3236 4664 είς
3260 4597 3329 4652 τὰ
3349 4597 3498 4668 ἔθνη.
3531 4617 3550 4650 ι
3581 4596 3764 4668 Μηδὲν

495 4681 726 4747 invidia,
749 4698 854 4737 non
881 4685 1041 4751 livor,
1071 4701 1175 4743 non
1192 4697 1486 4757 praetextus
1513 4689 1808 4760 quispiam,
1836 4706 1942 4745 non
1967 4689 2078 4746 daa-

503 4787 652 4839 mon,
681 4789 788 4829 non
824 4776 1050 4845 spiritus
1095 4779 1386 4848 malignus,
1422 4796 1529 4836 non
1563 4782 1878 4838 adversaria
1925 4793 2078 4854 pote-

493 4875 609 4921 stas
645 4865 822 4921 oberit
875 4869 1067 4938 p0pulo
1104 4885 1247 4937 meo,
1289 4874 1578 4942 quominus
1616 4875 1668 4930 in
1702 4891 1929 4947 regnum
1960 4892 2075 4932 coe-

498 4957 676 5012 lorum
722 4959 1080 5030 ingrediatur.
1114 4961 1240 5020 Haec
1271 4975 1453 5022 autem
1491 4965 1821 5037 quibusdam
1873 4969 2079 5040 angeli-

495 5049 580 5104 cis
613 5050 904 5106 virtutibus
938 5053 1209 5109 dicentur.

573 5229 736 5286 Vens.
764 5231 852 5299 ll,
879 5232 968 5289 12.
1001 5253 1020 5286 ι
1045 5233 1184 5289 Ecce
1206 5235 1350 5290 enim
1375 5235 1634 5308 Dominus
1661 5239 1902 5294 auditum
1945 5238 2076 5295 fecit

498 5333 672 5388 usque
713 5322 780 5375 ad
820 5333 1126 5378 extremum
1161 5334 1339 5391 terrae,
1375 5325 1552 5382 Dicite
1585 5327 1708 5384 lilia:
1749 5328 1903 5393 Sion,
1938 5330 2077 5385 Ecce

497 5407 750 5465 Salvator
781 5413 874 5467 tibi
907 5415 1052 5469 venit
1076 5415 1281 5471 habens
1314 5419 1617 5472 mercedem
1657 5435 1834 5486 suam,
1859 5431 2077 5489 etopus

494 5511 820 5559 auum‘ante
854 5505 1048 5561 faciem
1093 5521 1269 5564 suam.
1310 5511 1372 5565 Et
1415 5512 1632 5566 vocabit
1661 5528 1784 5568 eum
1817 5515 2072 5584 populum

497 5605 774 5659 sanctum,
810 5599 1151 5669 redemptum
1207 5616 1236 5655 a
1290 5603 1542 5658 Domino.
1577 5604 1655 5660 Tu
1690 5615 1870 5660 autem
1907 5621 2071 5662 voca-

499 5678 647 5734 beris
681 5683 940 5751 requisita
969 5687 1188 5755 civitas,
1216 5701 1272 5744 et
1318 5708 1422 5747 non
1488 5694 1698 5748 relicta.
1729 5714 1747 5746 ι
1778 5692 1856 5749 Nc
1885 5695 2077 5750 existi-

499 5781 613 5826 met
665 5774 955 5844 quispiam,
995 5779 1086 5845 ait,
1138 5781 1251 5840 hsce
1295 5786 1360 5841 dc
1411 5785 1637 5843 Iudaico
1690 5786 1890 5857 populo
1923 5787 2071 5844 dici:

2181 4695 2312 4766 γὰρ,
2343 4694 2527 4766 φησὶν,
2563 4691 2714 4746 ἔσται
2743 4691 2992 4765 κώλυμα,
3029 4692 3163 4764 μηδέ
3193 4691 3469 4764 ἐμπόδιον,
3510 4688 3646 4761 μηδέ
3677 4705 3762 4752 τις

2183 4785 2398 4855 φθόνος,
2433 4784 2568 4856 μηδὲ
2595 4783 2881 4855 βάσκανος,
2915 4785 2990 4856 μὴ
3029 4782 3304 4854 πρόφασίς
3341 4799 3422 4847 τε,
3481 4781 3614 4853 μηδέ
3645 4779 3765 4832 δαί-

2185 4895 2324 4950 μων,
2365 4877 2441 4950 μὴ
2476 4877 2693 4948 πνεῦμα
2739 4877 2994 4949 πονηρὸν,
3035 4877 3110 4948 μὴ
3148 4875 3381 4946 δύναμις.
3410 4871 3768 4943 ἀντικειμένη.

2182 4969 2528 5025 διακωλυέτω
2552 4969 2642 5023 τὸν
2672 4968 2799 5024 λαὸν
2822 4969 2912 5022 τὸν
2943 4967 3074 5038 ἐμὸν
3108 4970 3188 5032 εἰς
3215 4967 3314 5039 τὴν
3343 4965 3620 5037 βασιλείαν
3651 4963 3765 5017 τῶν

2181 5061 2425 5134 οὐρανῶν
2476 5061 2721 5116 εἰσιέναι.
2766 5059 2952 5114 Ταῦτα
2981 5059 3038 5112 δέ
3084 5058 3221 5130 πρός
3265 5076 3418 5123 τινας
3465 5055 3764 5128 ἁγγελικάς

2180 5153 2499 5225 λεχθήσεται
2527 5152 2803 5223 δυνάμεις.

2260 5263 2280 5297 ι
2319 5244 2448 5298 Ἰδοὺ
2474 5243 2584 5317 γὰρ
2615 5243 2821 5314 Κύριος
2853 5242 3107 5314 ἐποίησεν
3135 5239 3404 5296 ἀκουστὸν
3444 5240 3551 5304 ἕως
3599 5239 3765 5310 ἐσχά-

2181 5355 2276 5392 του
2303 5336 2404 5408 τῆς
2424 5336 2550 5406 γῆς’
2577 5335 2782 5390 Εἴπατε
2830 5337 2896 5407 τῇ
2941 5334 3171 5408 θυγατρὶ
3201 5333 3338 5388 Σιών
3357 5351 3371 5364 ·
3427 5333 3557 5388 Ἰδοὺ
3588 5334 3617 5386 ό
3652 5331 3764 5384 Σω-

2179 5427 2286 5502 τήρ
2316 5444 2398 5480 σοι
2429 5426 2805 5498 παραγέγονεν
2836 5425 2975 5495 έχων
3003 5424 3092 5478 τὸν
3117 5425 3311 5479 ἑαυτοῦ
3342 5425 3554 5496 μισθὸν,
3579 5423 3674 5479 καὶ
3699 5423 3762 5478 τὸ

2182 5517 2342 5589 ἔργον
2376 5515 2538 5571 αὐτοῦ
2575 5515 2683 5587 πρὸ
2712 5514 3001 5586 προσώπου
3035 5513 3222 5569 αὐτοῦ.
3259 5515 3370 5568 Καὶ
3402 5513 3622 5568 καλέσει
3658 5512 3756 5566 αὐο

2180 5611 2272 5664 τὸν
2327 5609 2454 5664 λαὸν
2499 5610 2674 5677 ἅγιον,
2719 5606 3125 5678 λελυτρωμένον
3169 5607 3274 5661 ὑπὸ
3315 5607 3546 5678 Κυρίου.
3600 5607 3672 5660 Σὺ
3701 5605 3761 5660 δὲ

2183 5697 2430 5772 κληθήσῃ
2455 5695 2856 5766 ἐπιζητουμένη
2883 5697 3038 5760 πόλις
3081 5697 3175 5751 καὶ
3215 5697 3315 5750 οὐκ
3342 5697 3761 5766 ἐγκαταλελειμ-

2187 5789 2341 5861 μένη.
2381 5807 2397 5841 ι
2429 5787 2520 5858 Μὴ
2547 5785 2653 5858 γὰρ
2677 5785 2942 5858 νομιζέτω
2967 5805 3068 5854 τις,
3109 5788 3294 5860 φησὶν,
3337 5789 3464 5861 περὶ
3497 5788 3588 5844 τοῦ
3626 5789 3761 5842 ἰου-
