4130 6398
400 381 498 441 501

1357 383 1860 441 COMMENTARIA
1898 384 1968 440 IN
2006 385 2257 442 lSAlAM.
2299 419 2369 428 —
2403 388 2552 445 CAP.
2594 388 2776 445 LXIII.

3555 398 3663 453 502

398 498 565 553 δαίων
591 495 720 553 λαοῦ
745 496 914 552 ταῦτα
937 498 1186 570 εἰρῆσθαι
1204 518 1217 530 ·
1246 503 1544 576 ἐπειδήπερ
1570 504 1746 558 πάντα
1769 506 1835 560 τά
1854 505 1978 577 ἔθνη

2086 510 2340 579 quoniam
2371 527 2559 567 omnes
2591 521 2781 583 gentes
2805 512 3019 584 signum
3046 511 3227 569 levare
3249 513 3427 582 jubet,
3465 524 3518 569 et
3540 532 3659 569 om-

398 590 460 645 τὺ
519 592 743 663 σημεῖον
781 592 1031 664 αἴρεσθαι
1070 595 1417 665 προστάττει,
1480 598 1575 650 καὶ
1621 597 1830 661 πάντας
1878 598 1982 662 ἕως

397 677 634 748 ἐσχάτου
691 678 792 750 τῆς
844 680 947 752 γῆς
1015 681 1423 751 εὐαγγελίζεται
1480 686 1549 740 τὰ
1595 687 1979 758 προλεχθέντα.

398 768 578 823 Πάλαι
612 770 708 841 μὲν
737 766 830 825 οὖν
872 773 1013 826 κατὰ
1042 774 1139 846 τὴν
1165 776 1386 848 πρώτην
1413 778 1576 832 αύτοῦ
1623 780 1924 851 παρουσίαν
1955 780 1983 832 ό

398 859 563 924 αὐτὸς
609 857 679 933 ἦν
716 863 908 935 Σωτὴρ
949 864 1017 917 δι’
1066 861 1141 919 ὦν
1190 866 1392 939 ἔπραξε
1432 871 1524 923 καὶ
1550 870 1815 924 πέπονθεν
1843 872 1985 943 ὑπὲρ

395 952 489 1006 τοῦ
556 953 664 1009 τῶν
725 955 1027 1028 ἀνθρώπων
1086 958 1275 1027 γένους
1327 962 1427 1033 τὴν
1486 964 1637 1035 ποιρά
1687 963 1782 1017 τοῦ
1847 962 1982 1017 Θεοῦ

400 1046 674 1118 σωτηρίαν
698 1049 812 1111 τοῖς
836 1051 916 1112 είς
938 1049 1099 1103 αὑτὸν
1132 1053 1445 1107 πιστεύουσι
1468 1056 1764 1127 προξενῶν,
1790 1055 1919 1127 παρ’
1940 1048 1985 1125 ᾧ

397 1137 494 1191 καὶ
525 1138 732 1211 Ἰησοῦς
753 1139 1070 1213 ὠνομάσθη,
1108 1144 1249 1197 κατά
1268 1144 1368 1218 τὴν
1390 1147 1483 1201 τοῦ
1514 1147 1743 1217 ἀγγέλου
1779 1164 1984 1219 μαρτυ-

400 1230 541 1301 ρίαν.

906 1328 1305 1384 ΚΕΦΑΛΑΙΟΝ
1350 1330 1468 1386 ΞΡ.

472 1456 493 1491 σ
528 1438 627 1503 Τίς
660 1432 814 1505 οὗτος
856 1442 885 1495 6
920 1445 1359 1516 παραγενόμενος
1386 1445 1446 1512 ἐξ
1488 1445 1701 1517 Ἐδὼμ,
1732 1446 1984 1519 ἐρύθημα

395 1530 630 1603 ῖματίων
671 1534 737 1587 ἐκ
788 1535 991 1607 Βοσόρ;
1029 1536 1200 1601 οὕτως
1243 1538 1442 1610 ὡραῖος
1489 1542 1547 1594 ἐν
1584 1540 1742 1613 στολῇ
1780 1541 1943 1596 αὐτοῦ
1966 1560 1981 1575 ο

396 1621 489 1694 βία
524 1624 662 1696 μετά
706 1624 908 1696 ίσχύος.
955 1626 1096 1697 Ἐγὼ
1142 1628 1462 1702 διαλέγομαι
1499 1630 1847 1704 δικαιοσύνην
1891 1634 1987 1687 καὶ

394 1713 576 1785 κρίσιν
604 1715 897 1788 Σωτηρίου.
933 1737 951 1768 ι
984 1719 1403 1790 Προσωποποιεῖ
1440 1723 1468 1774 6
1499 1721 1656 1791 λόγος
1685 1724 1985 1795 ἐρωτήσεις

2085 605 2244 661 nibus
2280 620 2454 676 usque
2491 607 2557 660 ad
2608 614 2912 663 extremum
2947 616 3106 662 terra:
3141 608 3396 677 praedicta
3451 623 3633 663 annun

2088 696 2204 750 tiat.
2243 696 2383 752 Olim
2416 698 2633 766 quidem
2680 698 2739 753 in
2782 698 2958 768 primo
2985 713 3083 752 suo
3125 700 3360 753 adventu
3396 698 3510 767 ipse
3543 698 3665 754 Sal-

2085 797 2261 855 vator,
2289 804 2386 859 per
2429 806 2491 847 ea
2519 806 2640 860 quae
2668 806 2765 861 pro
2798 791 3036 846 humano
3061 806 3266 859 genere
3298 789 3427 845 fecit
3460 800 3514 846 et
3538 805 3663 859 per-

2085 897 2271 952 pessus
2301 892 2404 949 est,
2438 898 2556 938 eam
2594 900 2713 953 qua:
2738 900 2770 938 a
2800 884 2913 939 Deo
2944 893 3035 940 est
3081 884 3315 939 salutem
3353 883 3406 938 in
3442 898 3501 939 se
3543 897 3663 937 cre-

2085 973 2336 1030 dentibus
2366 975 2709 1041 conciliabat,
2734 975 2877 1029 unde
2906 974 3064 1033 Jesus
3102 974 3411 1047 appellatus
3439 983 3546 1043 est,
3583 988 3664 1029 se-

2086 1065 2324 1119 cundum
2369 1065 2546 1135 angeli
2580 1064 2975 1121 testimonium.

2648 1329 2877 1388 CAPUT
2913 1328 3093 1387 LXIII.

2158 1420 2324 1476 Vens.
2354 1422 2406 1478 1.
2444 1440 2463 1475 ι
2494 1421 2626 1490 Quis
2652 1432 2736 1479 est
2760 1426 2865 1480 iste
2889 1424 2981 1495 qui
3010 1422 3165 1479 venit
3188 1423 3254 1479 de
3281 1423 3471 1488 Edom,
3501 1422 3667 1479 rubor

2087 1516 2536 1572 vestimentorum
2571 1517 2641 1573 de
2664 1518 2867 1573 Bosor?
2890 1517 2971 1573 sic
3000 1516 3270 1572 formosus
3293 1517 3346 1572 in
3368 1517 3504 1572 stola
3532 1532 3652 1582 sua,

2086 1609 2349 1665 violentia
2398 1625 2521 1665 cum
2549 1610 2899 1667 fortitudine.
2928 1610 3043 1683 Ego
3068 1611 3265 1682 loquor
3299 1608 3569 1679 justitiam
3614 1619 3671 1665 et

2082 1700 2350 1773 judicium
2403 1702 2747 1758 Salutarisa
2784 1701 3197 1773 Interrogantes
3240 1702 3447 1759 inducit
3478 1716 3671 1773 persoo

392 1803 555 1857 τινῶν
589 1803 840 1876 ὁρώντων
866 1806 957 1860 τὸν
984 1806 1219 1879 Χριστὸν
1251 1810 1533 1882 πολεμικῷ
1568 1792 1807 1883 σχήματι
1852 1792 1978 1865 θεω-

2088 1809 2187 1849 nas
2219 1793 2481 1864 quasdam
2521 1792 2805 1850 Christum
2860 1793 3057 1849 bellico
3101 1793 3292 1849 habitu
3344 1801 3402 1848 et
3436 1800 3670 1848 cruento

393 1864 657 1965 9013p.er
691 1897 785 1950 καὶ
807 1897 904 1969 τὴν
938 1864 1231 1971 περιϐολὴν
1261 1864 1814 1975 ᾑμαγμένον
1845 1904 1978 1977 πρὸς

2090 1888 2290 1943 amictu
2338 1886 2581 1943 videntes
2612 1902 2623 1937 :
2652 1902 2774 1957 qua:
2823 1888 3090 1957 stupendo
3144 1886 3341 1942 vestitu
3379 1886 3668 1957 perculsm,

390 1982 651 2055 ἀλλήλους
675 1988 807 2056 φασὶ
830 1986 892 2040 τὸ
921 1986 1069 2051 ξένον
1088 1988 1182 2042 τοῦ
1209 1993 1490 2062 σχήματος
1515 1992 1945 2065 ἐκπληττόμενοι
1962 2010 1975 2024 ⁸

397 2091 417 2124 ι
457 2072 556 2137 Τίς
593 2068 747 2139 οὗτος
788 2078 817 2129 6
864 2078 1311 2148 παραγενόμενος
1351 2077 1412 2143 ἐξ
1474 2079 1673 2151 Ἐδὼμ,
1726 2080 1981 2151 ἐρύθημα.

391 2163 627 2234 ἱματίων
659 2168 723 2219 ἐκ
753 2168 959 2239 Βοσόρ;
1008 2187 1027 2220 ι
1086 2170 1303 2240 Ἐπειδὴ
1348 2169 1459 2241 γάρ
1495 2172 1528 2242 ή
1588 2168 1767 2241 Ἐδὼμ
1813 2172 1907 2224 καὶ
1946 2172 1987 2243 ἡ

390 2253 564 2326 Βοσὸρ
591 2255 692 2325 τῆς
730 2257 837 2310 τῶν
866 2258 1178 2327 ἀλλοφύλων
1206 2258 1392 2331 χώρας
1422 2261 1517 2315 καὶ
1549 2260 1637 2314 ἀεὶ
1672 2260 1782 2315 τῶν
1825 2259 1982 2314 πολε-

394 2342 532 2415 μίων
571 2345 668 2399 τοῦ
718 2346 935 2421 Ἰσραὴλ
962 2352 1341 2422 τυγχάνουσιν,
1381 2352 1605 2417 εἰκότως
1648 2353 1738 2407 διὰ
1778 2352 1981 2407 τούτων

389 2434 500 2489 τῶν
530 2435 810 2507 ὀνομάτων
834 2438 933 2503 τάς
964 2442 1349 2513 ἀντικειμένας
1376 2442 1639 2515 δυνάμεις
1661 2444 1979 2509 αἰνίττεται,

390 2526 488 2580 καὶ
523 2526 633 2581 τῶν
678 2529 1065 2602 ἀνῃρημένων,
1114 2535 1207 2587 καὶ
1240 2534 1483 2606 ὡσπερεὶ
1514 2537 1980 2608 κατεσφαγμένων

390 2615 479 2670 τὸν
522 2617 819 2691 ἱματισμόν
864 2623 1030 2677 αὐτοῦ
1079 2644 1212 2696 φησι
1262 2628 1630 2695 πεφοινίσθαι.
1678 2630 1893 2702 Σφόδρα
1924 2630 1981 2683 δὲ

391 2708 553 2764 αὐτὸν
584 2710 792 2766 ἀλλοῖον
820 2715 1057 2787 ὁρῶντες
1091 2720 1155 2771 ἐκ
1196 2720 1297 2791 τῆς
1325 2720 1467 2774 κατὰ
1498 2720 1608 2775 τῶν
1641 2722 1853 2777 ἀσεϐῶν
1898 2740 1982 2776 τι-

394 2802 626 2874 μωρίας,
654 2805 775 2859 ούδὲ
809 2808 1098 2880 γνωρίζειν
1130 2810 1367 2866 ἐοίκασιν
1406 2813 1591 2880 αὑτὸν,
1629 2814 1853 2889 φαιδρὸν
1885 2815 1981 2870 καὶ

390 2894 623 2967 γαληνὸν
662 2899 756 2952 καὶ
796 2901 1005 2973 ἥμερον
1043 2903 1207 2957 αὐτὸν
1240 2904 1613 2975 ἐπιστάμενοι·
1650 2907 1731 2961 διὸ
1771 2908 1978 2962 πυνθά-

389 3004 572 3041 νονται
626 2988 910 3059 λέγοντες;
953 3012 971 3044 ι
1010 2994 1106 3058 Τίς
1138 2986 1294 3059 οὗτος
1358 2997 1387 3049 ό
1430 2999 1872 3070 παραγενόμενος
1920 3000 1980 3069 ἐξ

403 3077 600 3149 Ἐδὼμ,
622 3078 873 3152 ἐρύθημα
891 3083 1118 3154 ἱματίων
1135 3086 1198 3139 ἐκ
1210 3086 1408 3157 Βοσόρ;
1435 3106 1557 3140 ι-ι
1580 3088 1974 3161 ’Υπερμαχῶνι

390 3166 520 3239 γὰρ,
552 3168 693 3223 κατὰ
725 3171 815 3224 τὸν
844 3172 1162 3247 Σύμμαχον,
1197 3175 1305 3230 τῶν
1333 3178 1534 3243 ἀδίκως
1561 3179 1664 3233 ὑπὸ
1694 3180 1803 3235 τῶν
1834 3183 1982 3237 ἀντι-

391 3259 660 3331 κειμένων
693 3262 977 3336 δυνάμεων
1025 3270 1550 3342 καταπονουμένων,
1585 3272 1712 3336 τοὺς
1759 3272 1858 3344 μὲν
1904 3274 1982 3340 ὡς

390 3352 619 3424 ἐχθροὺς
656 3358 990 3429 μετήρχετο,
1024 3361 1152 3424 τοὺς
1183 3361 1239 3421 δὲ
1290 3362 1492 3427 ἔσωζεν
1535 3364 1837 3437 ἐλευθερῶν
1883 3368 1983 3439 τῆς

393 3444 497 3497 ὑπὸ
525 3448 635 3510 τοῖς
659 3448 873 3520 ἐχθροῖς
897 3451 1237 3518 δυναστείας.

376 3558 380 3583 ρ
464 3554 484 3586 ι
517 3537 616 3591 Διά
647 3538 700 3591 τί
736 3557 827 3593 σου
872 3543 1079 3615 ἐρυθρά
1105 3544 1174 3597 τὰ
1218 3545 1428 3616 ἱμάτια,
1464 3547 1560 3601 καὶ
1600 3547 1671 3602 τά
1709 3548 1983 3620 ἐνδύματά

392 3646 486 3683 σου
516 3630 591 3694 ὡς
621 3632 727 3685 ἀπὸ
756 3634 996 3705 πατητοῦ
1024 3636 1216 3707 ληνοῦ;
1252 3641 1472 3714 Πλήρης
1506 3640 1915 3713 πεπατημένης.
1956 3664 1977 3698 ›

392 3720 533 3792 Ὅρα
568 3721 625 3775 δέ
657 3723 776 3787 πῶς
805 3725 1018 3798 εἴρηται
1052 3728 1212 3800 ληνὸν
1242 3733 1619 3802 πεπατηκέναι
1652 3733 1977 3804 μονώτατος.

388 3812 553 3883 Μόνῳ
584 3813 693 3885 γὰρ
722 3816 871 3887 αὐτῷ
896 3818 995 3889 τὴν
1024 3819 1207 3886 κρίσιν
1230 3821 1462 3876 δέδωκεν
1488 3825 1516 3876 6
1549 3824 1762 3897 Πατὴρ,
1796 3826 1895 3895 τὴν
1923 3825 1981 3878 δέ

388 3904 497 3959 τῶν
534 3906 949 3980 ἁμαρτημάτων
980 3910 1245 3983 ἔκπραξιν
1272 3911 1433 3983 ληνὸν
1461 3913 1621 3968 εἴωθε
1656 3916 1839 3969 καλεῖν
1857 3932 1870 3945 ο
1897 3913 1982 3967 διδ

389 3998 448 4050 ἐν
492 4000 605 4061 τοῖς
643 3999 873 4071 Θρήνοις
940 4001 1209 4073 Ἱερεμίας
1254 4004 1426 4075 φησί’
1464 4023 1498 4061 t.
1526 4005 1700 4076 Ληνδν
1740 4006 1981 4078 ἐπάτησε

388 4086 595 4158 Κύριος
634 4089 889 4161 παρθένῳ
933 4090 1167 4163 θυγατρὶ
1219 4092 1423 4146 Ἰούδα·
1483 4094 1577 4147 ἐπὶ
1616 4095 1827 4159 τούτοις
1870 4095 1981 4165 ἐγὼ

387 4179 580 4233 κλαίω.
614 4200 633 4233 ι
668 4182 877 4253 ’Ὠσπερ
898 4182 954 4234 δὲ
982 4185 1015 4252 ὴ
1054 4184 1147 4237 ἐπὶ
1177 4184 1238 4237 τὸ
1269 4184 1402 4238 αὐτὸ
1423 4184 1534 4239 τῶν
1562 4187 1981 4259 ἁμαρτημάτων

389 4271 609 4342 εὐθύνη,
645 4274 741 4327 καὶ
771 4276 800 4328 6
828 4274 1048 4346 ἐλεγχος
1080 4276 1167 4329 ἐπ’
1196 4277 1400 4341 αὐτοῖς,
1433 4277 1469 4348 ἦ
1504 4294 1564 4331 τε
1599 4276 1861 4351 ἔκπραξις
1886 4280 1981 4333 καὶ

389 4363 424 4434 ἡ
452 4365 694 4436 τιμωρία
719 4364 880 4437 ληνὸς
907 4366 1257 4438 ὠνόμασται·
1292 4368 1433 4422 οὕτω
1472 4370 1565 4422 καὶ
1604 4369 1716 4424 τῶν
1758 4370 1978 4439 ἀγαθῶν

388 4456 618 4527 καρπῶν
658 4458 723 4509 ἐκ
753 4457 854 4527 τῆς
894 4458 1106 4529 ἀγαθῆς
1148 4458 1397 4529 ἀμπέλου
1427 4460 1794 4533 τρυγωμένων
1827 4462 1980 4534 ληνοὶ

2090 1981 2165 2036 ita
2193 1990 2379 2035 mutuo
2408 1979 2798 2051 colloquuntur
2832 1997 2844 2033 :
2887 1998 2905 2031 ‹
2935 1978 3067 2047 Quis
3112 1988 3199 2036 est
3240 1979 3363 2048 iste,
3392 1981 3484 2051 qui
3520 1980 3671 2035 venit

2090 2072 2156 2126 de
2192 2071 2384 2136 Edom,
2435 2071 2603 2126 rubor
2640 2071 3086 2126 vestimentorum
3128 2086 3197 2127 ex
3246 2071 3457 2128 Bosor?
3485 2091 3504 2124 ι
3531 2071 3669 2127 Nam

2089 2163 2216 2234 quia
2246 2161 2415 2218 Edom
2460 2172 2518 2217 et
2554 2162 2727 2218 Bosor
2750 2163 3182 2235 alienigenarum
3207 2165 3672 2236 regionoserant,

2090 2256 2275 2311 lsraeli
2315 2269 2531 2327 semper
2572 2254 2810 2322 infestae;
2848 2256 2936 2312 his
2978 2255 3295 2311 nominibus
3324 2256 3677 2312 adversaria:

2089 2355 2389 2415 potestates
2441 2355 2807 2417 congruenter
2861 2347 3108 2413 indicat,
3161 2362 3226 2403 ac
3281 2347 3670 2402 vestimentum

2090 2452 2249 2492 suum
2273 2452 2538 2493 caesorum
2570 2453 2635 2493 ac
2664 2437 3038 2509 jugulatorum
3070 2454 3265 2495 cruore
3293 2438 3445 2509 quasi
3473 2454 3669 2509 purpu-

2090 2539 2268 2584 ratum
2298 2543 2419 2584 esse
2449 2529 2604 2585 dicit.
2640 2530 2772 2584 Cum
2816 2540 2997 2586 autem
3040 2531 3216 2601 ipsum
3261 2547 3293 2586 a
3332 2541 3552 2602 sumpto
3602 2533 3672 2589 de

2089 2622 2269 2693 impiis
2305 2622 2569 2694 supplicio
2597 2622 2752 2678 valde
2789 2624 3131 2679 immutatum
3163 2631 3412 2690 cernant,
3448 2639 3516 2677 ne
3543 2624 3677 2693 qui-

2089 2715 2209 2770 dem
2228 2729 2387 2770 nosse
2414 2715 2686 2783 videntur,
2713 2729 2873 2785 quem
2902 2715 3104 2780 laatum,
3139 2713 3488 2785 tranquillum
3520 2730 3673 2769 mana

2088 2818 2411 2878 suetumque
2447 2822 2569 2864 esse
2606 2807 2856 2864 sciebant
2887 2823 2902 2859 :
2936 2807 3289 2879 quamobrem
3317 2807 3675 2862 sciscitantur.

2086 2900 2174 2957 bis
2201 2900 2382 2957 verbis
2408 2917 2421 2953 :
2449 2920 2468 2954 ι
2497 2900 2629 2969 Quis
2666 2909 2749 2957 est
2770 2901 2871 2957 iste
2899 2901 2991 2971 qui
3023 2900 3173 2956 venit
3200 2901 3265 2955 de
3289 2899 3481 2966 Edom,
3500 2900 3678 2956 rubor.

2088 2993 2535 3050 vestimentorum
2561 2995 2627 3050 de
2663 2994 2878 3051 Bosor?
2911 3012 3033 3046 ι-ι
3060 2989 3413 3063 Propugnaus
3442 3010 3462 3045 ι
3496 2991 3685 3057 enim,

2088 3087 2386 3141 secundum
2426 3088 2835 3159 Symmachum,
2862 3101 2959 3157 pro
2990 3086 3081 3151 iis,
3112 3084 3203 3155 qui
3237 3085 3306 3139 ab
3339 3082 3683 3139 adversariis.

2086 3181 2446 3250 potestatibus
2492 3179 2895 3252 aﬂligebantur,
2953 3179 3073 3235 illos
3116 3178 3335 3249 quidem
3388 3186 3449 3233 ut
3480 3177 3685 3231 hostes.

2086 3269 2397 3336 invadebat,
2433 3269 2535 3327 bos
2566 3279 2751 3326 autem
2793 3271 2967 3327 salute
3001 3270 3261 3338 donabat,
3298 3268 3367 3324 ab
3414 3267 3685 3325 inimicam

2084 3377 2203 3417 rum
2234 3363 2473 3434 potentia
2513 3372 2752 3435 ereptos.

2158 3518 2323 3578 Vsus.
2355 3521 2409 3577 2.
2454 3539 2475 3574 ι
2496 3522 2676 3591 Quare
2707 3522 2877 3579 rubra
2912 3523 3239 3579 vestimenta
3266 3528 3376 3587 tua,
3416 3529 3472 3577 et
3505 3520 3667 3575 indu-

2084 3624 2267 3669 menta
2304 3625 2393 3670 tua
2444 3620 2601 3687 quasi
2647 3634 2676 3672 a
2725 3618 2933 3674 calcato
2972 3616 3275 3673 torculari?
3307 3614 3508 3670 Plenus
3536 3630 3666 3670 con.-

2082 3707 2316 3767 culcata.
2347 3728 2367 3762 ι
2393 3709 2529 3766 Vide
2570 3712 2839 3782 quomodo
2872 3711 3017 3767 solus
3049 3707 3290 3764 torcular
3316 3705 3685 3764 conculcasse;

2083 3806 2313 3861 dicatur.
2358 3804 2468 3877 Ipsi
2522 3817 2763 3874 namque
2808 3804 2911 3859 soli
2956 3803 3220 3874 judicium
3269 3807 3420 3862 dedit
3455 3807 3662 3861 Pater:

2081 3908 2429 3968 peccatorum
2462 3912 2592 3953 vero
2620 3896 2882 3953 ultionem
2911 3898 3148 3953 torcular
3170 3900 3445 3970 appellare
3475 3901 3615 3955 solet
3647 3917 3685 3957 ιη

2082 4007 2254 4063 quare
2287 3990 2341 4045 in
2379 3990 2615 4047 Tlirenis
2646 3989 2721 4043 ait
2744 3988 3052 4047 Jeremias:
3086 4010 3106 4043 ι
3134 3990 3398 4047 Torcular
3434 3991 3667 4047 calcavit

2084 4084 2342 4139 Dominus
2365 4084 2562 4154 virgini
2596 4084 2720 4139 ﬂlire
2743 4082 2771 4139 J
2781 4085 2882 4139 uda
2911 4103 2925 4138 :
2952 4101 3116 4157 super
3150 4084 3237 4141 his
3260 4101 3359 4157 ego
3378 4085 3531 4157 ploro
3556 4084 3622 4143 “.
3639 4103 3659 4137 ι

2081 4178 2550 4244 Quemadmodum
2606 4186 2787 4233 autem
2839 4178 3123 4233 confertim
3177 4178 3379 4232 habitae
3411 4186 3664 4248 peccato-

2081 4286 2199 4326 rum
2234 4286 2431 4342 ptnnte,
2470 4271 2805 4340 redargutio,
2824 4270 2957 4327 ultio
3007 4282 3063 4326 et
3094 4271 3416 4341 supplicium
3481 4280 3665 4326 torcu-

2080 4360 2163 4415 lar
2188 4373 2498 4429 vocantur;
2530 4360 2615 4418 ita
2637 4368 2693 4415 et
2723 4361 2989 4417 bonorum
3018 4360 3288 4416 fructuum
3318 4378 3384 4416 ex
3408 4361 3548 4417 bona
3580 4361 3663 4414 vi-

2080 4466 2182 4507 nea
2206 4452 2606 4523 decerptorum,
2638 4450 2748 4506 Deo
2776 4450 3030 4505 amabilia
3056 4459 3110 4504 et
3138 4450 3332 4519 placita
3364 4450 3665 4507 torcularia

389 4546 651 4615 θεοφιλεῖς
700 4549 794 4602 καὶ
845 4549 964 4620 Θεῷ
1006 4550 1237 4622 ἀρεσταὶ
1292 4551 1566 4620 γίνονται·
1613 4552 1701 4623 ἐφ’
1747 4548 1837 4618 αἷς
1882 4555 1978 4608 καὶ

2083 4552 2344 4613 parantur
2370 4560 2384 4595 :
2411 4558 2514 4612 qua
2544 4543 2609 4597 de
2635 4556 2798 4599 causa
2831 4540 3014 4610 ltymni
3045 4559 3063 4592 ι
3104 4541 3212 4595 Pro
3243 4542 3608 4598 torcularibus
3636 4562 3656 4596 ι

393 4658 413 4691 ι
435 4637 736 4711 Ἐπιλήνιοι
777 4658 796 4691 ι
835 4639 993 4711 ὕμνοι
1026 4642 1269 4713 εἴρηνται
1295 4643 1352 4696 ἐν
1383 4645 1496 4707 τοῖς
1519 4643 1789 4716 Ψαλμοῖς.
1821 4664 1841 4697 ι
1876 4645 1973 4700 Διά

385 4728 440 4784 τί
478 4746 572 4783 σου
615 4729 823 4802 ἐρυθρά
866 4729 936 4783 τά
970 4730 1181 4801 ἱμάτια,
1217 4733 1314 4786 καὶ
1357 4732 1427 4786 τά
1457 4733 1735 4807 ἐνδύματά
1769 4753 1864 4789 σου
1897 4735 1973 4799 ὡς

386 4819 494 4875 ἀπὸ
529 4820 769 4892 πατητοῢ
802 4821 1001 4893 ληνοῦ;
1033 4822 1254 4895 Πλήρης
1288 4827 1696 4899 πεπατημένης.
1743 4846 1761 4879 ι
1796 4826 1974 4882 Μολύ-

385 4930 466 4969 νει
498 4913 557 4967 δέ
593 4912 663 4967 τά
706 4914 978 4984 ἐνδύματα
1016 4913 1179 4966 αὐτοῦ
1202 4955 1216 4979 ,
1254 4914 1443 4988 ὥσπερ
1476 4919 1683 4990 ἐρυθρὰ
1716 4920 1972 4989 γενέσθαι

385 5004 524 5058 αὗτά
548 5005 762 5074 λέγεται
788 5004 1203 5077 προσωποποιίᾳ
1233 5006 1507 5079 ἐμφατικῇ
1528 5024 1540 5038 ’
1569 5009 1758 5084 ὥσπερ
1792 5012 1883 5065 καὶ
1908 5011 1971 5065 τὸ

385 5091 525 5165 αἷμα
556 5094 665 5148 τῶν
697 5094 927 5167 ἐχθρῶν,
965 5094 1093 5166 περὶ
1122 5087 1183 5147 οὗ
1231 5112 1397 5165 φησιο
1450 5116 1469 5148 ι
1515 5100 1625 5153 Kal
1656 5102 1968 5174 κατήγαγον

382 5183 446 5235 τὸ
484 5177 624 5253 αἷμα
664 5184 844 5237 αὐτῶν
877 5185 957 5247 είς
976 5184 1100 5254 γῆν.
1140 5201 1159 5235 ι
1189 5183 1263 5237 Οὐ
1291 5182 1399 5254 γὰρ
1430 5184 1492 5257 δὴ
1542 5188 1797 5259 αἰσθητὸν
1830 5186 1969 5263 αἷμα

384 5275 605 5347 νοητέον
645 5271 784 5328 εἶναι
820 5276 949 5347 περὶ
978 5275 1077 5340 τάς
1106 5276 1489 5347 ἀντικειμένας
1514 5278 1795 5351 δυνάμεις.

461 5386 481 5419 ι
529 5368 641 5420 Kal
678 5368 786 5421 τῶν
817 5367 988 5422 ἐθνῶν
1012 5370 1113 5422 οὐκ
1146 5367 1292 5421 ἔστιν
1324 5368 1465 5441 ἀνὴρ
1502 5371 1620 5441 μετ’
1658 5372 1815 5442 ἐμοῦ.
1859 5378 1969 5430 Kal

382 5459 743 5531 κατεπάτησα
770 5458 967 5522 αὐτοὺς
994 5460 1050 5512 ἐν
1077 5458 1233 5531 θυμῷ
1268 5476 1390 5530 μου,
1419 5462 1513 5514 καὶ
1538 5462 1843 5518 κατέθλασα
1873 5468 1972 5519 αύ-

381 5552 511 5617 τοὺς
534 5553 612 5617 ὼς
628 5552 751 5623 γῆν,
778 5551 873 5605 καὶ
900 5553 1209 5623 κατήγαγον
1237 5553 1299 5607 τὸ
1332 5548 1471 5626 αἷμα
1487 5554 1666 5610 αὐτῶν
1685 5558 1764 5621 είς
1785 5558 1907 5629 γῆν.
1937 5579 1954 5611 ι

396 5643 616 5716 Ἐπειδὴ
648 5643 757 5717 γὰρ
787 5643 1004 5698 ἐδόκουν
1037 5643 1096 5697 τὸ
1126 5644 1389 5718 πρότερον
1421 5645 1785 5717 ἀνυπότακτοι
1820 5668 1961 5718 τινες

345 5796 356 5814 ’
458 5822 504 5856 ει
536 5821 804 5889 τωρωι,
845 5825 919 5887 ιδ,
963 5822 1033 5872 16.

2079 4635 2334 4690 dicuntur
2379 4633 2434 4689 in
2484 4633 2738 4690 Psalmis.
2768 4651 2787 4685 ι
2817 4634 2997 4699 Quare
3028 4632 3192 4687 rubra
3234 4633 3577 4700 vestimenta,
3608 4643 3689 4692 et-

2076 4724 2398 4784 indumenta
2449 4739 2538 4784 tua
2591 4729 2746 4800 quasi
2792 4744 2820 4783 a
2869 4728 3080 4785 calcato
3131 4726 3431 4783 torculari?
3462 4727 3683 4783 Plenus.

2076 4820 2413 4877 conculcata.
2443 4840 2461 4874 ι
2508 4822 2852 4878 Vestimenta
2880 4837 3045 4893 porro
3069 4820 3335 4888 inquinat,
3374 4821 3447 4874 ita
3474 4829 3532 4874 ut
3559 4837 3655 4873 ru-

2075 4914 2207 4969 bore
2259 4914 2559 4986 tingantur,
2618 4930 2978 4987 prosopoptea
3028 4931 3160 4974 usus
3217 4916 3537 4984 aptissima;
3597 4922 3657 4967 ut

2075 5006 2241 5061 etiam
2299 5018 2419 5060 cum
2455 5006 2523 5061 de
2556 5008 2842 5078 sanguine
2882 5010 3230 5067 inimicorum
3262 5011 3336 5065 ita
3368 5008 3649 5078 loquitur:

2080 5113 2100 5148 ι
2131 5095 2197 5149 Ει
2227 5095 2425 5152 deduxi
2465 5102 2785 5168 sanguinem
2829 5116 3023 5157 eorum
3058 5103 3111 5158 in
3158 5090 3379 5158 terram.
3411 5118 3430 5152 ι
3468 5098 3654 5167 Neque

2073 5188 2216 5243 enim
2263 5190 2315 5243 in
2363 5190 2693 5247 adversariis
2748 5194 3111 5261 potestatibus
3164 5192 3480 5264 sanguinem
3533 5204 3657 5244 esse

2072 5285 2419 5354 cogitandum
2444 5294 2549 5340 est.

2144 5377 2309 5432 Vens.
2340 5377 2392 5432 5.
2437 5397 2455 5430 ι
2484 5377 2551 5433 Ει
2580 5378 2645 5433 de
2678 5378 2927 5444 gentibus
2961 5394 3068 5435 non
3102 5387 3184 5434 est
3218 5378 3301 5432 vir
3325 5390 3557 5431 mecum.
3590 5375 3654 5429 Et

2070 5468 2384 5525 conculcavi
2431 5485 2525 5524 eos
2579 5470 2630 5524 in
2686 5470 2870 5526 furore
2912 5487 3050 5533 meo,
3080 5480 3135 5526 et
3173 5469 3411 5539 confregi
3460 5482 3556 5523 eos
3596 5468 3649 5521 in

2073 5569 2298 5627 terram,
2328 5570 2383 5617 et
2431 5562 2631 5617 deduxi
2670 5564 2989 5633 sanguinem
3045 5577 3231 5617 eorum
3270 5562 3323 5616 in
3368 5570 3589 5616 terram.
3626 5576 3655 5611 ι

2073 5653 2206 5711 Nam
2253 5656 2377 5725 quia
2435 5657 2582 5725 prius
2643 5671 2745 5711 non
2797 5655 2985 5712 domiti
3036 5670 3177 5722 esse,
3215 5668 3313 5709 nec
3359 5652 3653 5708 victoriam
