4130 6438
409 353 507 410 505

1073 345 1346 404 EUSEBII
1377 346 1864 405 C/ESARIENSIS
1902 345 2055 405 OPP.
2099 346 2279 405 PARS
2329 346 2418 404 Ill.
2455 376 2524 388 —
2553 345 2961 406 EXEGETICA.

3554 352 3662 410 5οε

408 475 705 531 concedere
737 472 1085 534 videbantur,
1123 468 1245 537 jure
1275 467 1520 523 devictos
1551 467 1672 522 illos
1715 481 1778 521 ac
1821 465 1967 536 deje-

2094 462 2212 520 ;ἷναι
2240 468 2334 520 καὶ
2373 466 2538 538 μηδὲν
2574 465 3032 538 παραχωροῦντες
3060 464 3159 534 τῆς
3195 464 3370 538 νίκης,
3411 465 3669 532 είκότωςν

408 577 524 624 ctos
557 563 928 626 subindicans,
963 559 1042 614 ait
1072 559 1124 613 in
1152 567 1357 613 terram
1391 557 1659 628 dejectam
1695 555 1863 613 fuisse
1897 558 1977 612 vi-

406 659 632 714 ctoriam
662 668 870 709 eorum.
910 669 930 702 ι
957 651 1024 705 Ει
1059 648 1304 719 confregi
1333 663 1431 704 eos
1455 649 1508 703 in
1537 657 1769 715 terram,
1793 658 1848 704 et
1879 649 1975 705 de-

405 749 535 804 duxi
567 746 884 816 sanguinem
919 757 1106 800 eorum
1140 741 1192 796 in
1223 750 1446 799 terram.
1475 760 1497 794 ι

478 926 643 982 Vens.
682 925 738 978 4.
779 943 797 975 ι
823 924 946 978 Dies
979 922 1120 978 enim
1163 920 1538 976 retributionis
1593 921 1741 974 venit
1793 919 1890 982 eis,
1925 929 1980 973 et

405 1033 582 1073 annus
616 1014 1007 1085 redemptionis
1048 1014 1221 1068 adest.
1257 1031 1276 1064 ι
1318 1013 1594 1080 Siquidem
1625 1028 1730 1067 uno
1769 1011 1981 1066 eodem-

406 1121 510 1174 que
559 1115 803 1174 tempore
861 1117 989 1158 suos
1031 1102 1297 1167 redimet;
1329 1101 1450 1154 aliis
1506 1116 1635 1156 vero
1693 1103 1976 1163 retribuet,

406 1203 570 1263 prout
609 1195 750 1264 apud
794 1192 1018 1264 Moysen
1071 1191 1336 1262 scriptum
1389 1200 1516 1247 est:
1555 1192 1668 1245 rEt
1720 1192 1983 1246 retribuet

404 1292 699 1346 vindictam
750 1289 1008 1354 inimicis,
1068 1296 1120 1344 et
1161 1289 1473 1344 odientibus
1525 1304 1586 1344 se
1619 1289 1922 1343 retribuet:
1957 1307 1977 1340 ι

407 1381 860 1452 quemadmodum
896 1380 965 1436 iis
985 1420 1001 1446 ,
1025 1380 1114 1450 qui
1150 1382 1411 1448 pietatem
1439 1381 1741 1446 coluerunt,
1778 1379 1979 1435 Serva-

406 1485 498 1530 tor
528 1489 650 1529 cum
699 1473 950 1527 mercede
1002 1487 1097 1527 sua
1132 1472 1351 1527 venisse
1402 1472 1624 1536 dicitur,
1659 1481 1716 1524 ut
1761 1471 1980 1541 praemia

407 1567 691 1632 tribueret,
720 1573 774 1620 et
799 1562 984 1620 bravia
1015 1578 1262 1632 supernae
1291 1564 1587 1620 vocationis
1634 1563 1701 1618 iis
1749 1563 1837 1632 qui
1885 1579 1983 1634 pro

406 1659 607 1729 pietate
661 1656 1032 1723 certaverint;
1066 1656 1141 1710 ita
1192 1665 1248 1711 et
1304 1655 1484 1726 impiis
1551 1663 1605 1710 et
1648 1656 1982 1710 contrariam

405 1754 552 1806 viam
602 1749 840 1805 emensis
881 1749 997 1819 ipse
1028 1751 1191 1803 timor
1246 1748 1479 1812 accedit,
1515 1757 1570 1802 et
1598 1757 1822 1802 ventura
1851 1745 1983 1800 ultio

2077 561 2178 632 τὴν
2214 554 2385 633 ἦτταν
2419 560 2511 612 καὶ
2539 557 2637 630 τὴν
2669 559 2996 613 ταπείνωσιν
3029 557 3210 612 αὐτῶν
3237 557 3670 630 αἱνιτττόμενοςν

2079 652 2277 722 φάσκει
2311 653 2390 714 εἰς
2416 651 2520 721 γῆν
2547 649 2964 721 κατενηνοχέναι
2998 648 3059 701 τὸ
3087 651 3235 712 νῖκος
3263 649 3464 704 αὐτῶν.
3497 669 3514 703 ι
3550 653 3661 706 Kal

2079 743 2435 813 κατεπάτησα
2463 741 2658 806 αὐτοὺς
2688 741 2764 806 ὡς
2790 741 2916 812 γῆν,
2949 741 3045 794 καὶ
3077 741 3391 812 κατήγαγον
3417 743 3479 796 τὸ
3517 739 3660 815 αἷμα

2079 835 2258 889 αὐτῶν
2297 837 2378 898 είς
2409 834 2531 906 γῆν.
2578 854 2602 888 r-

2156 945 2175 978 ι
2229 925 2439 998 Ἡμέρα
2471 925 2580 997 γὰρ
2626 925 3037 989 ἀνταποδόσεως
3075 925 3310 998 ἐπῆλθεν
3349 927 3534 991 αὐτοῖς
3569 929 3664 983 καὶ

2081 1019 2326 1084 ἐνιαυτὸς
2359 1019 2679 1091 λυτρώσεως
2713 1019 2966 1089 πάρεστι.
3008 1039 3026 1072 ι
3073 1019 3160 1073 Ἐν
3191 1020 3372 1091 ταυτῷ
3401 1020 3512 1094 γὰρ
3534 1023 3662 1085 τοὺς

2086 1113 2184 1185 μὲν
2210 1112 2443 1176 οἰκείους
2490 1111 2844 1184 λυτρώσεται,
2881 1114 2992 1175 τοῖς
3023 1111 3079 1165 δὲ
3104 1111 3493 1177 ἀνταποδώσει,
3521 1111 3664 1166 κατά

2080 1203 2143 1256 τὸ
2169 1203 2456 1275 εἰρημένον
2483 1203 2633 1275 παρά
2663 1203 2890 1275 Μωΰσῆο
2923 1222 2941 1255 r
2963 1203 3074 1256 Kal
3115 1202 3481 1256 άνταποδώσει
3507 1203 3664 1274 δίκην

2082 1299 2195 1360 τοῖς
2253 1295 2498 1368 ἐχθροῖς,
2555 1297 2649 1350 καὶ
2694 1300 2810 1360 τοῖς
2867 1294 3118 1368 μισοῦσιν
3187 1294 3580 1350 ἀνταποδώσει.
3638 1314 3658 1350 ι

2088 1391 2298 1461 Ὥσπερ
2338 1394 2450 1454 τοῖς
2483 1389 2863 1463 κατορθώσασι
2908 1391 3010 1462 τὴν
3055 1389 3362 1444 θεοσέϐειαν
3408 1391 3437 1442 6
3473 1389 3668 1462 Σωτὴρ

2085 1482 2301 1550 ἐλέγετο
2339 1481 2672 1552 ἐληλυθέναι,
2707 1481 2846 1553 ἔχων
2873 1481 2963 1536 τὸν
2995 1481 3188 1535 ἐαυτοῦ
3225 1481 3433 1552 μισθὸν,
3473 1481 3549 1545 ὡς
3599 1481 3677 1536 ἂν

2086 1572 2185 1636 τάς
2210 1573 2442 1644 ἀμοιϐὰς
2468 1574 2651 1645 ἀποδῷ
2680 1575 2775 1628 καὶ
2797 1573 2869 1626 τὰ
2896 1573 3126 1646 βραϐεῖα
3162 1576 3259 1643 τῆς
3285 1573 3396 1627 ἄνω
3420 1573 3667 1645 κλήσεως

2086 1667 2198 1729 τοῖς
2241 1665 2380 1738 ὑπὲρ
2415 1665 2697 1730 εὐσεϐείας
2732 1665 3157 1736 ἠγωνισμένοιςο
3195 1665 3336 1718 οὕτω
3375 1667 3488 1728 τοῖς
3535 1665 3668 1718 ἀσε-

2089 1757 2208 1811 ϐέσι
2238 1757 2332 1811 καὶ
2362 1758 2461 1829 τὴν
2490 1757 2735 1811 ἐναντίαν
2758 1757 2874 1811 ὁδὸν
2900 1755 3285 1829 πορευομένοις
3307 1758 3335 1810 6
3366 1755 3525 1819 αὐτός
3553 1756 3670 1836 ἐστι

404 1841 738 1913 praedicitur.
796 1840 913 1894 r-Et
960 1839 1232 1895 retribuet
1291 1838 1584 1893 vindictam
1645 1837 1902 1902 inimicis,
1933 1848 1989 1892 et

2094 1847 2252 1916 φόϐος
2293 1849 2386 1901 καὶ
2425 1847 2487 1900 τὸ
2523 1848 2895 1919 τιμωρητικὸν
2932 1846 3082 1917 ἥξειν
3116 1845 3448 1910 θεσπίζεται.
3499 1865 3518 1898 ι
3558 1845 3672 1898 Kal

405 1936 722 1992 odientibns
745 1948 804 1990 se
834 1933 1119 1989 retribuet.

478 2115 646 2170 Vens.
674 2113 729 2180 5,
762 2113 816 2167 6.
849 2131 867 2163 ι
893 2111 960 2168 Ει
1007 2113 1218 2182 aspexi,
1251 2121 1306 2167 et
1354 2126 1462 2167 non
1492 2121 1611 2185 erat
1648 2113 1981 2167 auxiliator:

405 2215 461 2262 et
508 2203 873 2270 consideravi,
934 2214 990 2260 et
1047 2203 1225 2259 nullus
1275 2213 1415 2269 erat,
1444 2204 1537 2274 qui
1586 2204 1890 2272 adjuvaret.
1919 2205 1984 2259 Et

405 2297 549 2354 eruit
586 2310 681 2351 eos
717 2297 1004 2352 brachium
1039 2311 1242 2363 meum,
1296 2306 1349 2351 et
1399 2294 1550 2352 furor
1598 2311 1751 2351 meus
1787 2297 1980 2351 adfuit.

405 2389 472 2444 Et
503 2388 817 2445 conculcavi
843 2403 937 2445 eos
976 2389 1030 2443 in
1063 2390 1144 2444 ira
1169 2405 1309 2457 mea,
1344 2403 1399 2445 et
1439 2389 1636 2444 deduxi
1662 2394 1982 2459 sanguinem

407 2495 598 2537 eorum
629 2481 685 2535 in
716 2489 939 2535 terram.
973 2499 994 2533 ι
1031 2479 1142 2536 Cur
1169 2482 1284 2537 hare
1313 2481 1569 2537 dicantur
1595 2481 1980 2553 intelligemus,

405 2575 452 2629 si
478 2573 900 2644 perpendamus,
941 2575 1211 2642 quomodo
1253 2575 1369 2645 ipse
1412 2574 1562 2630 solus
1593 2589 1712 2631 sese
1753 2590 1985 2629 evacua-

403 2668 568 2731 verit,
617 2666 794 2721 forma
837 2666 980 2725 servi
1028 2677 1271 2736 accepta,
1336 2680 1398 2720 ac
1447 2681 1569 2723 sese
1617 2667 1987 2722 humiliaverit

404 2758 590 2813 factus
631 2757 896 2813 obediens
936 2771 1113 2826 usque
1151 2757 1217 2812 ad
1258 2767 1513 2822 mortem,
1545 2769 1776 2813 mortem
1804 2768 1983 2812 autem

407 2848 609 2906 erucis.
659 2848 794 2903 Nam
850 2864 970 2919 quae
1003 2849 1184 2904 nullus
1237 2865 1475 2920 unquam
1529 2851 1835 2916 hominum,
1885 2865 1987 2905 nec

409 2942 751 3012 angelorum,
787 2957 889 2997 nec
923 2943 1228 2997 divinarum
1271 2945 1531 2999 virtutum
1557 2944 1836 3009 sustinuit,
1873 2945 1987 3014 ipse

407 3035 560 3091 solus
595 3049 696 3106 pro
748 3034 928 3089 salute
952 3044 1135 3090 nostra
1160 3036 1384 3092 exhibet
1413 3053 1430 3094 :
1465 3052 1530 3093 ac
1562 3038 1662 3107 ipsi
1691 3036 1790 3093 soli
1822 3036 1986 3093 Pater

408 3144 605 3186 nomen
634 3129 805 3194 dedit,
833 3131 977 3199 quod
1009 3139 1093 3187 est
1137 3144 1304 3201 super
1337 3147 1498 3188 omne
1527 3147 1746 3194 nomen.
1780 3147 1844 3187 ac
1870 3147 1987 3186 om-

2090 1936 2457 1992 ἀνταποδώσει
2502 1937 2657 2008 δίκην
2693 1941 2805 2002 τοῖς
2853 1937 3085 2008 ἐχθροῖς,
3132 1937 3226 1990 καὶ
3267 1939 3380 2000 τοῖς
3425 1934 3672 2007 μισοῦσιν

2091 2028 2478 2084 ἀνταποδώσει.
2520 2048 2536 2081 ι

2166 2139 2186 2173 r
2227 2121 2338 2174 Kal
2389 2121 2682 2191 ἐπέϐλεψα,
2720 2122 2816 2174 καὶ
2857 2121 2958 2174 οὐκ
2999 2116 3067 2190 ἦν
3116 2119 3332 2191 βοηθός·
3375 2120 3470 2174 καὶ
3509 2137 3685 2191 προσ--

2091 2206 2309 2278 ενόησα,
2337 2206 2431 2260 καὶ
2458 2206 2632 2272 οὐδεὶς
2647 2208 3101 2280 ἀντελαμϐάνετο.
3139 2210 3248 2263 Kal
3275 2208 3547 2281 ἐρρύσατο
3577 2210 3676 2262 αὐ-

2091 2298 2216 2362 τοὺς
2245 2301 2273 2351 6
2306 2298 2547 2371 βραχίων
2586 2317 2709 2370 μου,
2749 2302 2842 2355 καὶ
2887 2303 2914 2354 6
2949 2301 3118 2373 θυμός
3151 2319 3251 2372 μου
3293 2301 3521 2373 ἐπέστη.
3566 2301 3686 2354 Καὶ.

2092 2388 2449 2460 κατεπάτησα
2483 2389 2680 2453 αὐτοὺς
2703 2393 2770 2462 τῇ
2803 2390 2940 2462 ὀργῇ
2980 2408 3104 2460 μου,
3140 2391 3235 2444 καὶ
3267 2391 3583 2462 κατήγαγον
3613 2389 3678 2443 τὸ

2093 2478 2232 2551 αἷμα
2257 2481 2436 2536 αὐτῶν
2463 2483 2544 2546 εἰς
2579 2485 2701 2555 γῆν.
2747 2501 2769 2534 ›
2803 2483 3087 2553 Νοήσομεν
3113 2481 3170 2534 δέ
3215 2481 3332 2545 πῶς
3362 2484 3392 2536 6
3414 2481 3571 2551 λόγος
3598 2480 3677 2535 εἴ·

2095 2589 2276 2644 ρηται,
2311 2575 2705 2645 ἐπιστήσαντες
2735 2573 2852 2636 πῶς
2887 2575 3046 2645 μόνος
3074 2575 3236 2640 αὐτὸς
3258 2574 3524 2627 ἐκένωσεν
3549 2574 3688 2627 ἐαυσ

2090 2665 2182 2717 τὸν
2218 2665 2432 2735 μορφὴν
2479 2663 2664 2716 δούλου
2709 2663 2924 2728 λαϐὼν,
2961 2664 3056 2717 καὶ
3087 2662 3452 2716 ἐταπείνωσεν
3486 2660 3686 2716 ἐαυτὸν·

2093 2756 2333 2827 ὑπήκοος
2361 2754 2652 2826 γενόμενος
2683 2753 2846 2826 μέχρι
2883 2755 3135 2819 θανάτου,
3159 2753 3389 2808 θανάτου
3422 2751 3480 2806 δέ
3512 2768 3671 2813 σταυ-

2095 2851 2211 2921 ροῦ.
2247 2851 2315 2902 Ἃ
2339 2847 2449 2920 γάρ
2474 2848 2647 2912 οὐδεὶς
2670 2846 2889 2901 πώποτε
2918 2847 3014 2902 ἀνθ
3025 2847 3243 2920 ρώπων,
3259 2845 3382 2900 οὐδὲ
3407 2844 3674 2913 ἀγγέλων,

2092 2943 2214 2996 οὐδὲ
2240 2941 2350 2996 τῶν
2381 2941 2539 2995 θείων
2567 2941 2849 3011 δυνάμεων
2882 2939 3112 3010 ὑπέστη,
3154 2939 3313 3010 μόνος
3346 2938 3510 3000 αὐτὸς
3537 2935 3686 3008 ὑπὲρ

2093 3035 2194 3106 τῆς
2219 3034 2493 3106 ἡμετέρας
2515 3032 2898 3086 ἀναδείκνυται
2917 3031 3210 3102 σωτηρίας,
3241 3029 3335 3084 καί
3358 3029 3505 3101 μόνῳ
3529 3027 3681 3099 αὐτῷ

2092 3133 2121 3183 6
2153 3127 2342 3200 Πατήρ
2374 3127 2666 3200 ἐχαρίσατο
2701 3126 2763 3179 τὸ
2789 3127 2961 3197 ὄνομα
2990 3126 3049 3179 τὸ
3078 3124 3220 3197 ὑπὲρ
3252 3126 3359 3178 πᾶν
3385 3124 3556 3194 ὄνομα
3586 3122 3682 3175 καὶ

406 3223 559 3277 nium
618 3221 722 3292 ipsi
773 3221 1038 3290 judicium
1097 3224 1336 3279 tradidit.
1380 3223 1478 3280 Ille
1521 3239 1678 3290 vero,
1704 3233 1927 3293 accepta
1957 3240 1986 3278 a

2094 3221 2190 3293 τὴν
2215 3221 2356 3274 κατά
2390 3221 2609 3274 πάντων
2642 3218 2823 3290 κρίσιν
2850 3219 3197 3290 ἐνεχείρισεν·
3227 3218 3256 3268 ὁ
3280 3217 3358 3282 δὲ,
3391 3216 3489 3288 τὴν
3527 3215 3681 3288 παρά

409 3315 574 3372 Patre
621 3324 920 3386 potestate,
975 3315 1117 3371 alios
1149 3317 1370 3387 quidem
1419 3317 1587 3384 eruit,
1618 3331 1759 3387 quos
1811 3315 1999 3370 salute-

408 3407 664 3474 donavit;
702 3407 950 3463 inimicos
1001 3415 1276 3464 autemet
1323 3409 1668 3466 adversarios
1702 3410 1754 3463 in
1807 3408 1986 3480 fugam

408 3500 596 3554 vertit.

479 3595 720 3658 Vens.7,
739 3594 794 3649 8.
824 3592 1237 3650 «Misericordiae
1267 3591 1478 3649 Domini
1505 3594 1822 3650 recordatus
1849 3610 1989 3659 sum,

409 3689 672 3743 virtutum
721 3687 932 3742 Domini
974 3686 1029 3740 in
1069 3687 1486 3754 omnibus,qu:e
1525 3685 1778 3741 retribuit
1811 3686 1988 3741 nobis.

415 3779 682 3834 Dominus
711 3776 879 3846 iudex
912 3777 1088 3831 bonus
1132 3775 1318 3831 domui
1352 3773 1542 3842 lsrael,
1579 3776 1803 3830 adducit
1837 3777 1992 3830 nobis

411 3870 712 3926 secundum
749 3867 1185 3922 misericordiam
1220 3881 1396 3931 suam,
1425 3875 1480 3919 et
1508 3865 1812 3921 secundum
1853 3866 1992 3920 mul-

410 3962 699 4020 titudinem
743 3959 971 4027 iustitia:
1012 3973 1141 4012 sua}.
1169 3958 1238 4012 Et
1268 3958 1406 4012 dixit
1440 3955 1596 4012 :Non
1631 3959 1864 4028 populus
1896 3973 1993 4030 ρο-

409 4053 570 4124 pultis
625 4066 782 4106 meus
835 4051 981 4104 :iilii
1033 4064 1376 4119 nequaquam
1437 4050 1860 4120 repudiaverim.
1927 4050 1996 4105 Et

413 4144 590 4199 factus
618 4153 702 4197 est
735 4143 868 4212 ipsis
925 4143 978 4196 in
1033 4141 1287 4196 salutem.
1311 4158 1330 4191 ›
1377 4139 1523 4204 llaec,
1580 4141 1780 4212 inquit,
1810 4142 1991 4196 omnia

412 4236 764 4300 recordabar,
790 4233 1220 4304 magnitudinem
1240 4231 1498 4285 bonitatis
1524 4245 1637 4285 suae
1661 4246 1950 4288 recensens
1975 4249 1988 4284 :

413 4329 556 4384 bane
594 4345 724 4384 vero
758 4328 992 4382 maxime
1036 4325 1267 4395 gratiam
1302 4323 1564 4394 elargitus
1591 4334 1697 4389 est,
1734 4335 1793 4378 ut
1822 4341 1991 4396 popu-

416 4419 526 4474 itnn
559 4419 700 4476 filios
730 4429 952 4474 vocaret
987 4433 1138 4483 suos,
1169 4417 1216 4472 si
1247 4427 1424 4470 tamen
1478 4416 1551 4469 illi
1580 4416 1809 4487 gratiam
1839 4433 1991 4472 suam

418 4529 526 4568 non
559 4513 986 4582 repudiaveriut.

491 4603 651 4657 Vens.
687 4603 842 4658 9-16.
886 4602 1003 4658 «Ex
1056 4601 1201 4656 omni
1252 4599 1594 4654 tribulatione
1655 4615 1841 4655 eorum
1888 4618 1994 4659 non

416 4696 662 4764 legatus,
709 4708 813 4748 non
862 4691 1084 4762 angelus
1109 4732 1122 4756 ,
1166 4691 1262 4746 sed
1315 4691 1429 4759 ipse
1460 4691 1688 4744 salvavit
1722 4705 1836 4754 eos,
1871 4692 1996 4760 quia

420 4783 679 4856 diligebat
719 4798 832 4849 eos,
857 4793 911 4838 et
938 4786 1200 4852 parcebat
1247 4783 1344 4837 eis.
1379 4783 1496 4852 Ipse
1533 4783 1764 4837 redemit
1798 4797 1914 4849 eos,
1945 4794 2000 4839 et

421 4879 682 4948 suscepit,
717 4887 773 4932 et
802 4876 1064 4930 exultavit
1107 4890 1204 4928 eos
1255 4875 1510 4928 omnibus
1564 4875 1753 4929 diebus
1790 4876 1994 4930 sweuli.

419 4969 524 5040 Ipsi
555 4979 732 5023 autem
770 4984 876 5023 non
901 4967 1269 5029 crediderunt,
1306 4976 1359 5021 et
1389 4967 1857 5023 exacerbavernnt
1885 4970 1998 5039 spi-

422 5066 586 5117 ritum
623 5072 870 5117 sanctum
889 5059 1010 5144 eius
1045 5075 1059 5110 :
1097 5069 1153 5113 et
1198 5074 1494 5113 coaversus
1527 5071 1608 5112 est
1640 5060 1771 5128 ipsis
1804 5061 1858 5114 in
1901 5063 2002 5116 ini-

421 5157 683 5212 micitiam
709 5173 723 5209 :
747 5156 860 5225 ipse
883 5153 1207 5224 oppugnavit
1233 5153 1421 5208 eos.Et
1440 5156 1753 5209 recordatus
1781 5167 1863 5210 est
1890 5157 2006 5212 die-

423 5267 544 5304 rum
579 5259 928 5303 azternnrum.
965 5247 1066 5302 Ubi
1095 5257 1176 5300 est
1199 5246 1289 5312 qui
1336 5246 1525 5300 eduxit
1554 5245 1619 5299 de
1651 5247 1782 5300 mari
1832 5258 2008 5316 pasto-

422 5359 537 5398 rem
585 5341 808 5396 ovium?
841 5341 943 5396 Ubi
986 5350 1068 5394 est
1109 5340 1197 5406 qui
1245 5339 1425 5406 posuit
1470 5341 1521 5390 in
1579 5338 1709 5406 ipsis
1741 5339 2004 5406 Spiritqu

423 5434 712 5488 sanctum?
746 5435 834 5502 qui
899 5433 1086 5486 eduxit
1143 5432 1366 5484 dextera
1419 5429 1661 5497 Moysen,
1724 5434 2004 5487 brachium

425 5527 606 5594 gloria:
634 5528 750 5592 eius
773 5527 794 5578 ’ἔ
820 5525 1109 5580 Praevaluit
1131 5541 1268 5593 aqua
1301 5539 1330 5576 a
1365 5521 1507 5576 facie
1530 5524 1670 5588 ejus,
1707 5536 1760 5576 ut
1805 5523 2012 5578 faceret

427 5618 525 5670 sibi
565 5632 756 5670 nomen
794 5618 1211 5685 sempiternum.
1262 5615 1426 5670 Duxit
1459 5633 1553 5672 eos
1589 5633 1685 5686 per
1729 5620 2006 5688 abyssum,

430 5719 685 5775 tauquam
743 5724 938 5776 equum
995 5725 1091 5777 per
1139 5708 1512 5774 solitudinem,
1557 5726 1732 5778 neque
1793 5711 2007 5764 labora-

432 5812 582 5866 runt,
613 5812 665 5857 et
705 5812 957 5868 tanquam
1011 5801 1253 5870 iumenta
1292 5820 1388 5873 per
1440 5818 1670 5872 .ampnm
1731 5803 2010 5859 descendit

2091 3314 2306 3384 Πατρὸς
2346 3312 2528 3366 λαϐὼν
2554 3311 2826 3380 ἐξουσίαν,
2867 3313 2995 3376 τοὺς
3034 3312 3130 3382 μὲν
3166 3311 3412 3384 ἐρρύετο,
3440 3310 3533 3375 οὒς
3573 3327 3651 3364 σω

2091 3405 2286 3477 τηρίας
2329 3404 2502 3474 ἠξίου,
2541 3405 2669 3467 τοὺς
2701 3404 2759 3457 δὲ
2805 3403 3098 3476 πολεμίους
3140 3404 3235 3456 καὶ
3274 3403 3401 3467 τοὺς
3453 3401 3682 3474 ἐχθροὺς

2093 3501 2152 3552 ἐτ
2161 3498 2413 3572 ροποῦτο.

2169 3611 2187 3644 ι
2233 3589 2338 3645 Τὸν
2368 3590 2514 3643 ἐλεον
2543 3590 2749 3662 Κυρίου
2784 3590 3083 3662 ἐμνήσθην,
3113 3588 3213 3652 τάς
3243 3589 3441 3660 ἀρετάς
3468 3585 3686 3658 Κυρίου-

2093 3685 2150 3736 ἐν
2177 3683 2364 3746 πᾶσιν,
2393 3676 2474 3746 οἷς
2497 3683 2627 3759 ήμζν
2653 3682 3062 3736 ἀνταποδίδωσι.
3100 3682 3300 3754 Κύριος
3329 3679 3516 3750 κριτὴς
3541 3679 3682 3746 ἀγα-

2095 3777 2186 3841 θὸς
2215 3775 2292 3847 τῷ
2318 3775 2452 3846 οἴκῳ
2492 3774 2733 3846 Ἰσραὴλ,
2762 3773 2958 3842 ἐπάγει
2983 3776 3115 3845 ἡμῖν
3149 3773 3296 3828 κατὰ
3315 3773 3375 3825 τὸ
3408 3771 3555 3834 ἔλεος
3580 3771 3680 3824 αὖ·

2093 3868 2210 3934 τοῦ,
2238 3868 2335 3922 καὶ
2364 3866 2507 3921 κατά
2533 3866 2596 3919 τὸ
2627 3865 2831 3936 πλῆθος
2858 3866 2958 3937 τῆς
2984 3864 3328 3936 δικαιοσύνης
3356 3862 3542 3917 αὐτοῦ.
3569 3862 3682 3915 Kal

2095 3956 2274 4014 εἶπεν·
2313 3959 2425 4030 Οὐχ
2451 3960 2483 4012 ὁ
2512 3957 2639 4021 λαὸς
2666 3957 2793 4020 λαός
2822 3974 2944 4028 μουο
2967 3957 3134 4011 τέκνα
3158 3955 3220 4008 οὑ
3251 3955 3326 4026 μὴ
3354 3953 3684 4025 ἀθετήσωσι.

2094 4052 2204 4106 Kal
2244 4052 2462 4121 ἐγένετο
2506 4050 2690 4113 αὐτοῖς
2729 4052 2809 4113 είς
2843 4049 3137 4122 σωτηρίαν.
3187 4067 3206 4101 ι
3246 4046 3431 4100 Ταῦτα
3479 4046 3694 4109 τοίνυν,

2096 4144 2250 4216 φησὶ,
2287 4143 2464 4196 πάντα
2497 4142 2796 4213 ἀναμνήσω
2840 4141 2909 4194 τὰ
2957 4141 3139 4213 πλήθη
3177 4138 3685 4210 καταριθμούμενος

2095 4241 2195 4310 τῆς
2235 4237 2596 4308 ἀγαθωσύνης
2629 4236 2795 4291 αὑτοῦ
2817 4278 2832 4304 ,
2871 4237 2930 4290 ἐν
2980 4231 3062 4300 οἷς
3100 4237 3194 4290 καὶ
3232 4235 3392 4290 τοῦτο
3429 4235 3688 4306 μέγιστον

2097 4334 2410 4406 ἐδωρήσατο
2444 4333 2725 4404 χάρισμα,
2761 4329 3106 4396 καταξιώσας
3140 4331 3308 4384 τέκνα
3354 4328 3519 4383 αὐτοῦ
3563 4330 3684 4383 ὀνο-

2101 4429 2272 4499 μάσαι
2300 4426 2391 4479 τὸν
2419 4425 2570 4491 λαὸν,
2605 4427 2654 4479 εί
2687 4424 2763 4497 μὴ
2793 4425 3036 4479 ἁθετοῖεν
3063 4424 3162 4496 τὴν
3190 4423 3356 4478 αὐτοῦ
3395 4423 3575 4494 χάριν.

2181 4635 2202 4666 σ
2254 4614 2348 4666 Ἐκ
2377 4611 2558 4682 πάσης
2584 4610 2814 4681 θλίψεως
2843 4609 3020 4664 αὐτῶν
3049 4609 3110 4663 οὐ
3145 4607 3406 4680 πρέσϐυς,
3440 4606 3562 4660 οὐδέ
3587 4605 3688 4674 ἄγ-

2102 4705 2278 4776 γελος,
2314 4703 2426 4756 ἀλλ’
2461 4702 2621 4766 αὐτὸς
2657 4701 2862 4756 ἔσωσεν
2890 4701 3105 4765 αὐτοὺς,
3133 4699 3222 4753 διὰ
3250 4699 3310 4752 τὸ
3347 4699 3564 4767 ἀγαπᾷν
3591 4697 3692 4750 αὑ·-

2101 4797 2228 4860 τοὺς
2251 4795 2344 4848 καὶ
2366 4792 2644 4863 φείδεσθαι
2671 4790 2870 4846 αὐτῶν.
2903 4791 3076 4855 Αὐτὸς
3101 4789 3442 4862 ἐλυτρώσατο
3467 4789 3695 4849 αὐτοὺς,

2103 4889 2199 4942 καὶ
2227 4885 2486 4940 ἀνέλαϐεν
2513 4886 2732 4950 αὐτοὺς,
2770 4885 2865 4940 καὶ
2911 4883 3125 4955 ὕψωσεν
3153 4882 3350 4946 αὐτοὺς
3379 4881 3561 4944 πάσας
3590 4881 3689 4944 τὰς

2105 4977 2318 5049 ἡμέρας
2348 4975 2441 5029 τοῦ
2477 4977 2689 5039 αἰῶνος.
2737 4975 2901 5028 Αὐτοὶ
2931 4975 2988 5028 δὲ
3032 4973 3354 5044 ἠπείθησαν,
3403 4972 3497 5026 καὶ
3544 4988 3689 5042 παρ-

2107 5067 2316 5134 ώξυναν
2339 5067 2400 5120 τὸ
2425 5066 2651 5138 Πνεῦμα
2665 5066 2726 5120 τὸ
2745 5066 2897 5135 ἀγιον
2921 5063 3107 5118 αὐτοῦ’
3133 5065 3227 5118 καὶ
3250 5063 3491 5136 ἐστράφη
3509 5062 3693 5125 αὐτοῖς

2109 5161 2188 5223 είς
2215 5159 2413 5230 ἔχθραν
2438 5176 2450 5188 ·
2484 5159 2643 5223 αὐτὸς
2673 5157 3013 5228 ἐπολέμησεν
3047 5156 3262 5221 αὐτούς.
3293 5157 3405 5210 Kal
3445 5153 3693 5226 ἐμνήσθη

2111 5250 2334 5321 ἡμερῶν
2360 5250 2613 5303 αἰωνίων.
2643 5249 2754 5303 Ποῦ
2788 5251 2816 5302 ὁ
2841 5248 3178 5311 ἀναϐιϐάσας
3211 5250 3275 5302 ἐκ
3297 5248 3395 5319 τῆς
3417 5245 3695 5315 θαλάσσης

2109 5345 2202 5397 τὸν
2229 5343 2459 5414 ποιμένα
2487 5343 2596 5396 τῶν
2637 5342 2958 5415 προϐάτων;
2993 5339 3105 5394 Ποῦ
3139 5343 3284 5394 ἐστιν
3308 5343 3337 5394 6
3368 5339 3480 5401 θεὶς
3509 5340 3566 5390 ἐν
3599 5335 3698 5391 αὑ-

2109 5439 2220 5500 τοῖς
2245 5436 2304 5488 τὸ
2325 5434 2548 5507 Πνεῦμα
2571 5433 2808 5503 τὸ,ἂγιον
2829 5451 2843 5499 ;
2867 5435 2895 5486 6
2915 5432 3138 5502 ἀγαγὼν
3159 5435 3226 5505 τῇ
3254 5432 3405 5503 δεξιᾷ
3429 5429 3702 5498 Μωῦσῆντ

2109 5531 2137 5582 6
2178 5528 2415 5600 βραχίων
2457 5528 2558 5597 τῆς
2590 5526 2745 5598 δόξης
2790 5526 2988 5593 αὑτοῦ;
3025 5526 3369 5596 Κατίσχυσεν
3407 5523 3552 5593 ὕδωρ
3586 5521 3697 5576 ἀπὸ

2110 5620 2398 5690 προσώπου
2453 5619 2654 5683 αὐτοῦ,
2716 5620 2940 5689 ποιῆσαι
2995 5618 3175 5688 ἐαυτῷ
3227 5618 3398 5688 ὄνομα
3450 5613 3690 5668 αἰώνιον.

2113 5711 2355 5780 Ἴῐγαγεν
2403 5710 2600 5773 αὐτοὺς
2640 5709 2704 5762 δι’
2739 5709 3000 5773 ἀϐύσσου,
3029 5709 3102 5772 ὼς
3143 5710 3308 5762 ἵππον
3355 5708 3425 5760 δι’
3459 5705 3698 5776 ἐρήμου,

2111 5801 2201 5853 καὶ
2229 5801 2327 5854 οὐκ
2362 5799 2678 5873 ἐκοπίασαν,
2718 5800 2806 5852 καὶ
2838 5798 2912 5862 ὡς
2945 5800 3112 5870 κτήνη
3146 5798 3232 5853 διὰ
3265 5797 3445 5851 πεδίου
3488 5792 3703 5863 κατέϐη,
