4130 6382
328 330 430 388 505

1241 331 1741 389 COMMENTARIA
1780 336 1847 391 IN
1888 330 2144 397 ISAIAM’.
2183 371 2250 383 —-
2286 342 2435 398 CAP.
2476 341 2659 399 LXIII.

3483 352 3587 409 500

332 449 550 519 Πνεῦμα
591 446 740 518 παρὰ
768 445 995 518 Κυρίου,
1028 447 1121 500 καὶ
1160 446 1442 519 ὡδήγησεν
1472 451 1687 516 αὐτοὺς.
1725 454 1901 518 Οὕτως

2014 457 2253 529 Spiritus
2294 476 2323 515 a
2363 461 2612 530 Domino,
2653 469 2707 518 et
2736 462 2962 518 deduxit
2985 477 3100 520 eos.
3130 462 3221 519 Sic
3251 465 3451 521 duxisti
3485 486 3583 537 pn-

331 546 532 613 ἡγαγες
575 540 663 593 τὸν
698 540 822 593 λαόν
867 555 981 602 σου,
1015 540 1237 611 ποιῆσαι
1273 541 1483 613 σεαυτῷ
1523 544 1693 615 ὄνομα
1724 545 1899 617 δόξης.

340 632 696 703 Ἐπίστρεψον
733 633 796 684 ἐκ
840 630 934 685 τοῦ
972 631 1225 703 οὐρανοῦ,
1275 634 1370 687 καὶ
1409 636 1484 688 ἴδε
1522 637 1586 689 ἐκ
1628 637 1721 690 τοῦ
1754 638 1903 691 οἴκου

327 727 418 780 τοῦ
457 727 609 794 ἁγίου
645 744 758 781 σου.
793 725 904 779 Ποῦ
952 726 1097 778 ἐστιν
1135 729 1163 780 6
1206 726 1366 797 ζῆλὸς
1402 746 1494 782 σου
1536 731 1631 782 καὶ
1668 732 1702 801 ἡ
1753 732 1904 801 ἰσχύς

328 835 456 883 σου;
486 818 596 871 Ποῦ
636 820 748 870 ἐστι
777 817 837 870 τὸ
864 817 1064 888 πλῆθος
1090 818 1183 871 τοῦ
1228 820 1411 884 ἐλέους
1437 838 1553 888 σου,
1588 822 1681 874 καὶ
1703 823 1906 895 οἰκτιρ-

328 907 445 978 μῶν
502 921 616 970 σου,
664 906 744 959 ὅτι
801 906 1027 974 άνέσχου
1078 907 1268 979 ἡμῶν;
1324 908 1395 962 Σὺ
1458 910 1567 983 γὰρ
1621 908 1674 965 εἴ
1716 912 1905 984 Πατὴρ

323 998 501 1069 ἡμῶν,
534 999 616 1051 ὅτι
662 998 911 1069 Ἀϐραὰμ
940 1000 1038 1052 οὐκ
1062 998 1202 1067 ἔγνω
1239 1001 1404 1070 ἡμᾶς,
1436 1002 1530 1054 καὶ
1560 1003 1777 1075 Ἰσραὴλ
1806 1005 1907 1059 οὐκ

322 1087 537 1157 ἐπέγνω
564 1090 730 1159 ἡμᾶς.
771 1088 929 1142 Ἀλλὰ
958 1090 1043 1154 σὺ,
1074 1088 1266 1161 Κύριε,
1301 1091 1492 1163 Πατὴρ
1530 1091 1709 1162 ἡμῶν,
1746 1094 1905 1163 ῥῦσαι

323 1180 489 1250 ἡμᾶς,
523 1180 616 1232 ἀπ’
648 1180 821 1251 ἀρχῆς
850 1180 909 1232 τὸ
936 1180 1106 1252 ὄνομά
1138 1199 1230 1235 σου
1259 1183 1342 1252 ἐφ’
1371 1185 1520 1254 ἡμᾶς
1545 1185 1682 1238 ἐστι.
1715 1205 1732 1237 ι
1766 1186 1902 1257 Ἤδη

324 1271 432 1343 γὰρ
470 1272 565 1325 καὶ
593 1272 779 1325 ἄλλοτε
824 1273 1082 1337 πολλάκις
1132 1274 1564 1346 ἁμαρτησάντων
1610 1281 1642 1349 ἡ
1653 1278 1767 1350 μῶν
1812 1280 1904 1332 ἁν-

324 1363 505 1433 έσχου·
532 1363 625 1416 καὶ¹
657 1364 809 1417 οὐδὲν
837 1365 1167 1436 θαυμαστὸν,
1188 1367 1372 1439 ἐπειδὴ
1394 1369 1537 1436 ἅπαξ
1565 1370 1905 1442 κατηξίωσας

324 1455 498 1507 εἰπεῖν
522 1471 534 1486 ο
583 1473 601 1505 ‹
662 1455 718 1508 ὐ
755 1455 881 1520 λαός
917 1475 1017 1527 μου
1054 1458 1241 1523 τέκνα,
1284 1462 1377 1513 καὶ
1415 1463 1444 1514 6
1478 1462 1603 1526 λαός
1650 1481 1761 1533 μου,
1802 1462 1906 1515 υἱοί

322 1546 478 1597 εἰσιν.
514 1562 534 1594 ι
576 1544 663 1607 Ὠς
695 1541 789 1598 οὖν
820 1546 1001 1618 πατὴρ
1020 1548 1224 1603 τέκνων
1251 1550 1345 1603 καὶ
1368 1551 1630 1622 πρότερον
1654 1552 1902 1625 ἀνέσχου,

322 1636 418 1689 καὶ
460 1634 557 1688 νῦν
590 1636 752 1689 πάλιν
785 1637 1013 1709 ἀνέσχον
1034 1657 1048 1670 ·
1084 1642 1144 1694 οὑ
1189 1641 1299 1714 γὰρ
1344 1643 1594 1715 Ἀϐραὰμ
1626 1639 1693 1715 ἦν
1724 1644 1911 1716 πατὴρ

322 1726 512 1797 ἡμῶν,
549 1728 597 1780 εί
647 1728 741 1781 καὶ
785 1730 1149 1785 διακονεῖσθαι
1198 1737 1263 1805 τῇ
1318 1733 1460 1787 κατά
1516 1734 1693 1807 σάρκα
1748 1735 1905 1806 ήμῶν

324 1817 467 1884 ἔδοξε
494 1818 725 1889 γενέσει.
769 1822 984 1894 Ἀληθεῖ
1013 1823 1071 1876 δὲ
1106 1825 1249 1896 λόγῳ
1284 1827 1347 1880 σὺ
1378 1827 1567 1899 Πατὴρ
1608 1827 1786 1898 ἡμῶν,
1820 1825 1911 1882 οἷα
1936 1825 1979 1880 Β

323 1912 507 1983 πατὴρ
554 1912 771 1967 πάντων
806 1917 1132 1986 πνευμάτων
1176 1917 1469 1989 ὑπάρχων,
1505 1920 1599 1973 καὶ
1644 1921 1751 1973 τῶν
1784 1921 1903 1973 κατ’

321 2002 505 2056 είκόνα
530 2006 916 2077 πεποιημένων
943 2007 1150 2077 ψυχῶν.
1180 2008 1270 2060 Διὸ
1294 2008 1559 2079 ῥύσασθαι
1586 2011 1733 2080 ἡμᾶς
1756 2012 1904 2064 ἀντι-

320 2093 601 2166 ϐολοῦμενο
646 2116 663 2148 ι
687 2098 805 2150 Ἀπ’
832 2099 1006 2169 ἀρχῆς
1030 2099 1091 2151 τὸ
1115 2099 1289 2169 ὄνομά
1310 2117 1403 2152 σου
1429 2103 1512 2169 ἐφ’
1542 2103 1688 2172 ἡμᾶς
1709 2100 1843 2155 ἐστι.
1878 2120 1898 2153 ι

394 2205 414 2237 ι
458 2188 524 2240 Τί
550 2189 863 2260 ἐπλάνησας
893 2192 1073 2261 ἡμᾶς,
1110 2190 1283 2262 Κύριε
1305 2231 1320 2256 ,
1351 2192 1460 2245 ἀπὸ
1493 2192 1591 2263 τῆς
1618 2194 1738 2246 ὁδοῦ
1775 2209 1901 2259 σου;

317 2280 661 2351 ἐσκλήρυνας
706 2282 805 2345 τὰς
845 2283 1071 2354 καρδίας
1112 2284 1304 2354 ἡμῶν,
1345 2282 1440 2337 τοῦ
1506 2286 1582 2356 μὴ
1622 2286 1904 2354 φοϐεῖσθαί

316 2388 416 2437 σε;
469 2372 829 2444 Ἐπίστρεψον
861 2374 948 2427 διὰ
982 2375 1106 2438 τοὺς
1138 2375 1357 2438 δούλους
1390 2393 1505 2441 σου,
1536 2376 1625 2430 διὰ
1664 2378 1764 2441 τὰς
1804 2396 1906 2448 φυ-

313 2460 416 2525 λὰς
443 2463 541 2534 τῆς
572 2463 939 2537 κληρονομίας
970 2484 1083 2519 σου.
1127 2486 1145 2519 ι
1194 2468 1252 2521 '0
1285 2469 1572 2539 προφήτης
1606 2471 1781 2524 πάντα
1811 2471 1903 2524 ἐπὶ

313 2552 569 2606 τὸν’Θεὸν
598 2556 861 2627 ἀναφέρει
885 2574 899 2589 ο
930 2558 1028 2629 οὐχ
1060 2558 1135 2622 ὡς
1162 2558 1253 2613 τοῦ
1284 2559 1420 2612 Θεοῦ
1453 2560 1629 2614 αἰτίου
1660 2562 1792 2633 ἡμῖν
1820 2580 1905 2631 γι-

313 2643 543 2714 νομένου
572 2644 664 2697 τοῦ
700 2648 1036 2718 ἁμαρτάνειν
1056 2687 1071 2711 ,
1102 2649 1217 2702 ἀλλ’
1240 2650 1535 2714 ἐνδιδόντος
1561 2653 1655 2706 καὶ
1687 2670 1901 2724 συγχω-

321 2734 542 2806 ροῦντος
576 2737 761 2791 ἐκεῖνα
804 2739 1064 2810 πράττειν
1092 2740 1129 2794 ἃ.
1162 2741 1228 2793 ἄν
1272 2759 1356 2803 τις
1406 2742 1659 2812 αἱρῆται·
1691 2744 1768 2806 ῶς
1802 2744 1903 2815 τὴν

321 2827 420 2897 μὲν
452 2828 631 2882 αἰτίαν
663 2828 807 2900 ἔχειν
835 2830 895 2896 ἐξ
922 2831 1103 2902 ἡμῶν,
1138 2832 1237 2903 τὴν
1276 2832 1333 2885 δέ
1379 2834 1660 2905 ἀναφορὰν
1690 2836 1781 2888 ἐπὶ
1810 2835 1903 2889 τὸν

317 2917 473 2971 Θεόν.
507 2939 526 2971 ι
572 2920 689 2973 Ἵνα
720 2922 914 2993 μικρὸν
948 2922 1446 2996 κληρονομήσωμεν
1479 2924 1573 2978 τοῦ
1614 2925 1774 2998 ὅρους
1807 2925 1903 2979 τοῦ

316 3008 474 3077 ἁγίου
518 3027 651 3064 σου·
700 3031 718 3063 ι
752 3012 885 3067 ὡσεὶ
929 3015 1403 3083 καταλειφθέντων
1434 3016 1638 3079 αὐτῶν,
1685 3016 1779 3070 καὶ
1825 3018 1900 3089 μὴ

2016 550 2201 621 pulum
2238 562 2415 619 tuum,
2442 561 2499 607 ut
2534 553 2746 609 faceres
2782 554 2879 609 tibi
2903 570 3096 609 nomen
3130 556 3331 627 gloriae.
3357 559 3587 617 Conver-

2014 654 2130 701 tere
2156 647 2223 701 de
2253 650 2414 712 creto,
2443 657 2497 701 et
2522 648 2647 703 vide
2687 647 2755 703 de
2785 650 2947 703 domo
2977 660 3160 703 sancta
3212 659 3320 706 tua.
3360 653 3459 710 Ubi
3504 668 3589 713 est

2013 737 2161 793 zelus
2209 749 2334 793 tuus
2371 748 2424 792 et
2454 737 2717 793 fortitudo
2764 739 2899 791 tua?
2929 736 3030 794 Ubi
3057 750 3142 795 est
3171 741 3456 799 multitudo
3486 748 3588 801 mi-

2012 829 2324 883 sericordiae
2357 838 2479 891 tuae,
2514 839 2569 883 et
2605 830 3014 885 miserationum
3054 839 3290 896 tuarum,
3328 836 3597 903 quoniam»

2013 920 2319 975 sustinuisti
2346 920 2480 975 nos?
2502 920 2581 974 Tu
2630 921 2777 975 enim
2801 937 2862 976 es
2886 921 3051 977 Pater
3085 932 3294 986 noster,
3331 924 3585 992 quoniam

2015 1014 2288 1068 Abraham
2323 1029 2429 1068 non
2466 1013 2618 1067 novit
2649 1028 2768 1080 nos,
2798 1022 2852 1068 et
2877 1014 3044 1069 Israel
3078 1014 3488 1085 nosignoravit.
3516 1014 3589 1067 At

2013 1116 2092 1173 tu,
2120 1107 2367 1170 Domine,
2394 1105 2554 1161 Pater
2584 1116 2790 1170 noster,
2824 1107 2994 1162 libera
3040 1122 3161 1171 nos,
3192 1110 3259 1162 ab
3306 1108 3459 1162 initio
3491 1124 3588 1162 no-

2011 1215 2136 1254 men
2175 1208 2325 1254 tuum
2363 1215 2528 1268 super
2589 1215 2691 1255 nos
2746 1210 2850 1255 est.
2884 1218 2904 1252 ι
2938 1198 3059 1254 Jam
3098 1200 3243 1255 enim
3294 1215 3434 1268 saepe
3484 1218 3584 1255 nos

2011 1304 2303 1361 peccantes
2343 1290 2611 1357 tolerasti,
2658 1291 2902 1361 nihilque
2930 1292 3147 1357 mirum,
3179 1294 3392 1361 quando
3420 1292 3587 1347 semel

2012 1383 2193 1437 dicere
2220 1384 2476 1453 dignatus
2509 1396 2568 1438 es
2596 1399 2610 1435 :
2642 1400 2661 1434 ι
2690 1382 2925 1453 Populus
2977 1398 3129 1438 meus
3167 1383 3368 1452 proles,
3411 1394 3466 1437 et
3493 1401 3588 1454 po-

2010 1476 2170 1545 pulus
2196 1491 2348 1531 meus
2381 1476 2496 1529 filii.
2524 1494 2543 1528 ι
2578 1474 2647 1530 Ut
2679 1484 2837 1546 pater
2859 1476 3040 1547 itaque
3102 1475 3239 1531 filios
3267 1477 3393 1531 olim
3424 1480 3586 1531 susti-

2014 1569 2202 1635 nuisti,
2249 1579 2301 1625 et
2333 1570 2445 1640 jam
2482 1571 2759 1626 sustines:
2784 1586 2893 1626 non
2927 1572 3071 1626 enim
3121 1570 3395 1625 Abraham
3434 1580 3588 1640 pater

2012 1672 2197 1718 noster
2244 1672 2385 1727 erat,
2421 1662 2523 1718 etsi
2584 1674 2771 1718 nostro
2819 1663 3113 1718 secundum
3161 1676 3381 1718 carnem
3442 1662 3587 1717 ortui

2012 1753 2324 1808 ministrare
2352 1753 2503 1809 visus
2527 1753 2616 1808 sit.
2647 1753 2753 1809 Sed
2788 1769 2977 1809 revera
3014 1763 3068 1808 tu
3104 1754 3260 1808 Pater
3292 1766 3475 1809 noster
3504 1769 3585 1822 es,

2008 1845 2182 1912 utqui
2220 1846 2460 1899 omnium
2496 1846 2785 1914 spirituum
2849 1854 2903 1899 et
2938 1846 3244 1899 animarum
3288 1844 3354 1898 ad
3389 1844 3462 1899 tui
3508 1846 3585 1898 si-

2008 1935 2368 1991 militudinem
2415 1937 2679 1991 factarum
2713 1945 2865 2006 pater
2900 1936 2998 1990 sis.
3027 1935 3205 2003 Quare
3231 1951 3482 2006 rogamus
3510 1945 3585 2000 te,

2007 2043 2108 2083 nos
2142 2042 2302 2083 eruas
2336 2046 2349 2082 :
2387 2028 2499 2081 «Ab
2532 2028 2687 2083 initio
2714 2042 2906 2081 nomen
2946 2038 3092 2081 tuum
3112 2041 3281 2099 super
3312 2042 3413 2081 nos
3444 2035 3582 2081 est.»

2075 2209 2241 2263 Vens.
2275 2210 2361 2277 l7,
2391 2209 2479 2264 18.
2516 2228 2534 2261 ι
2565 2210 2675 2265 Cur
2702 2224 2888 2265 errare
2920 2224 3021 2264 nos
3049 2209 3248 2276 fecisti,
3283 2207 3531 2276 Domine,
3555 2226 3585 2265 a

2007 2302 2089 2356 via
2127 2302 2264 2355 tua?
2298 2301 2565 2357 lndurasti
2610 2306 2774 2356 corda
2806 2312 3014 2366 nostra,
3044 2311 3102 2356 ut
3131 2317 3235 2356 non
3270 2302 3599 2359 timeremus

2009 2402 2081 2447 te.
2115 2392 2445 2447 Convertere
2493 2402 2716 2463 propter
2744 2408 2932 2448 servos
2963 2400 3113 2457 tuos,
3143 2401 3199 2447 et
3229 2401 3448 2461 propter
3485 2395 3585 2448 tri-

2005 2483 2106 2538 bus
2149 2483 2483 2540 haereditatis
2538 2494 2659 2539 tute.
2700 2504 2719 2538 ι
2767 2484 2959 2541 Omnia
3007 2486 3074 2540 ad
3114 2485 3281 2541 Deum
3324 2486 3588 2554 propheta

2004 2575 2171 2631 refert
2196 2594 2213 2631 :
2247 2591 2351 2631 non
2380 2578 2521 2646 quod
2549 2577 2689 2631 Deus
2717 2576 2873 2631 nobis
2903 2577 3162 2645 peccandi
3200 2591 3363 2632 causa
3402 2576 3607 2641 fuerit,

2005 2667 2100 2723 sed
2130 2669 2273 2737 quod
2306 2667 2615 2738 permiserit
2662 2676 2716 2722 et
2762 2669 3093 2723 concesserit
3122 2668 3212 2723 illa
3248 2684 3428 2739 agere,
3462 2684 3591 2739 quae

2004 2759 2181 2829 quivis
2207 2759 2469 2829 elegerit;
2506 2759 2580 2814 ita
2614 2768 2673 2813 ut
2703 2761 2913 2829 peccati
2945 2773 3110 2813 causa
3144 2774 3310 2828 penes
3349 2775 3446 2815 nos
3475 2763 3587 2816 sit:

2003 2851 2097 2905 sed
2132 2859 2312 2906 tamen
2346 2852 2414 2906 ad
2460 2851 2628 2905 Deum
2662 2851 2952 2907 referatur.
2985 2867 3003 2902 ι
3048 2850 3119 2906 Ut
3162 2852 3429 2905 modicum
3464 2868 3591 2922 pos-

2003 2942 2276 2997 sideamus
2302 2944 2501 2998 montis
2532 2942 2704 2998 sancti
2754 2943 2853 2998 tui.
2884 2962 2903 2996 ι
2937 2943 3103 3009 Quasi
3137 2944 3267 3014 ipsis
3293 2945 3591 3012 derelictis,

2000 3046 2106 3086 nec
2141 3046 2427 3102 resurgere
2456 3032 2763 3088 valentibus
2800 3032 2870 3088 ob
2916 3032 3150 3089 inflictas
3200 3034 3385 3106 plagas
3408 3075 3424 3103 ,
3466 3052 3592 3106 quae

317 3100 755 3173 ἀνατελλομένων
788 3103 876 3159 διὰ
906 3105 1129 3176 πληγῶν
1152 3106 1261 3160 τῶν
1288 3106 1616 3161 κωλυουσῶν
1648 3108 1901 3179 ἁμαρτά-

2008 3123 2157 3194 ipsos
2185 3138 2215 3178 a
2246 3100 2519 3195 peccando
2545 3125 2829 3180 arcebant.

315 3212 372 3248 νε
380 3213 450 3249 ιν.

389 3305 412 3339 ι
492 3286 823 3359 Ἔγενόμεθα
863 3288 939 3353 ὡς
982 3289 1045 3343 τὸ
1095 3290 1189 3343 ἀπ’
1224 3291 1398 3361 ἀρχῆς
1444 3292 1533 3345 ὅτε
1580 3291 1679 3345 οὐκ
1723 3287 1899 3364 ἦρξας

313 3377 497 3449 ἡμῶν,
541 3378 662 3433 οὐδὲ
690 3379 891 3453 ἐκλήθη
922 3380 983 3434 τδ
1010 3380 1180 3452 ὄνομά
1209 3398 1303 3435 σου
1341 3383 1425 3451 ἐφ’
1451 3384 1616 3453 ἡμᾶς.
1656 3402 1675 3433 ι
1714 3382 1801 3446 Ὠς
1834 3386 1898 3436 ἐκ

317 3466 609 3540 προσώπου
640 3469 735 3523 τοῦ
760 3470 890 3524 λαοῦ
920 3472 1092 3526 ταῦτά
1114 3487 1298 3543 φησιν.
1333 3472 1547 3544 Ὥσπερ
1565 3471 1675 3544 γὰρ
1704 3472 1900 3543 ἐσκλή-

318 3577 483 3630 ρυνας
510 3563 741 3617 πάντοτε
770 3562 867 3635 τὴν
893 3562 1121 3634 καρδίαν
1141 3563 1235 3616 τοῦ
1255 3561 1475 3633 Φαραὼ,
1501 3562 1642 3617 οὕτω
1667 3563 1760 3617 κα)⁸
1780 3563 1896 3628 νῦν,

315 3653 505 3722 φησὶν,
548 3654 694 3724 ἡμᾶς
727 3653 1100 3724 ἐσκλήρυνας,
1134 3652 1385 3720 ἀναξίους
1421 3646 1560 3705 εἶναι
1586 3653 1776 3724 κρίνας
1803 3651 1898 3705 τοῦ

314 3743 482 3811 φόϐου
514 3760 635 3796 σουο
676 3743 813 3797 ἀλλά
845 3744 939 3797 καὶ
977 3743 1287 3815 ἐπλάνησας
1328 3745 1474 3814 ημᾶς
1510 3744 1573 3797 σὺ
1619 3744 1799 3807 αὐτὸς,
1852 3736 1899 3797 ὦ

312 3835 510 3907 Κύριε,
542 3835 637 3888 τοῦ
671 3834 744 3905 μὴ
775 3836 1040 3907 γνωρίσαι
1073 3834 1172 3905 τὴν
1212 3835 1331 3889 ὁδόν
1361 3853 1474 3888 σου.
1508 3835 1656 3906 Πλὴν
1702 3836 1814 3889 ἀλλ’
1848 3836 1897 3888 εί

312 3930 409 3981 καὶ
435 3930 599 3998 ἡμεῖς
628 3922 878 3991 τοιοῦτοι,
911 3928 975 3980 σὺ
1022 3927 1151 3995 γοῦν
1199 3926 1274 3990 ὡς
1304 3926 1456 3992 Θεὸς,
1490 3927 1579 3980 διὰ
1616 3920 1742 3988 τοὺς
1778 3927 1899 3980 δού-

311 4018 439 4082 λους
472 4034 567 4071 σου
604 4018 772 4088 (εἰκὸς
812 4018 922 4090 γὰρ
950 4014 1088 4071 εἷναί
1123 4035 1274 4081 τινας
1316 4018 1374 4070 ἐν
1399 4018 1475 4089 τῷ
1506 4018 1700 4091 πλήθει
1725 4017 1900 4072 τοιού-

313 4110 525 4178 τους),
566 4109 914 4180 ἐπίστρεψον,
961 4110 1073 4162 Καὶ
1123 4108 1310 4180 ἐπειδὴ
1354 4108 1554 4179 κλῆρός
1593 4127 1685 4163 σου
1727 4129 1898 4183 κατη-

314 4196 591 4271 ξιώθημεν
629 4198 1015 4271 ὀνομάζεσθαι,
1050 4199 1365 4270 ἱκετεύομεν
1386 4221 1403 4251 ι
1427 4200 1781 4270 Ἐπιστρέψαι
1811 4201 1901 4255 διὰ

310 4293 441 4357 τοὺς
467 4291 685 4355 δούλους
713 4308 828 4355 σου,
857 4291 951 4344 καὶ
976 4289 1065 4343 διὰ
1091 4291 1189 4353 τὰς
1212 4291 1384 4361 φυλὰς
1410 4291 1509 4361 τῆς
1534 4290 1900 4362 κληρονομίας

2070 3281 2236 3336 Vens.
2276 3280 2363 3336 i9.
2410 3299 2429 3333 ι
2465 3279 2618 3336 Facti
2675 3296 2861 3337 sumus
2906 3280 3056 3336 velut
3109 3282 3177 3336 ab
3228 3283 3402 3349 initio,
3459 3299 3587 3341 cum

2000 3388 2107 3429 non
2161 3372 2523 3428 dominareris
2579 3374 2792 3437 nostri,
2852 3388 3027 3442 neque
3080 3374 3424 3429 invocaretur
3481 3391 3584 3430 no-

2000 3481 2123 3521 men
2152 3476 2299 3521 tuutn
2334 3481 2496 3536 super
2529 3482 2649 3521 nos.
2683 3484 2702 3516 ι
2770 3465 2933 3532 Quasi
2986 3482 3054 3521 ex
3101 3482 3334 3537 persona
3399 3468 3578 3539 populi

2000 3556 2115 3612 haec
2141 3556 2353 3613 effatur.
2401 3558 2558 3613 Sicut
2602 3558 2770 3621 enim,
2812 3559 2910 3623 ait,
2956 3572 3051 3613 eor
3088 3557 3388 3615 Pharaonis
3436 3576 3585 3616 sem-

1998 3664 2097 3719 per
2160 3649 2460 3714 indurasti,
2526 3649 2601 3703 ita
2638 3662 2800 3704 .nunc
2852 3663 3067 3718 quoque
3132 3665 3231 3705 nos
3294 3650 3587 3716 indurasti,

2001 3741 2255 3811 indignos
2286 3741 2538 3809 judicans
2586 3742 2779 3796 timore
2829 3752 2958 3797 tuo:
2989 3743 3290 3811 quinetiam
3338 3755 3393 3799 tu
3444 3746 3580 3814 ipse,

2001 3834 2247 3897 Domine,
2285 3847 2473 3889 errare
2505 3848 2603 3888 nos
2646 3834 2849 3899 fecisti,
2882 3843 2943 3888 ut
2983 3835 3126 3889 viam
3170 3847 3318 3890 tuam
3367 3839 3590 3907 ignora-

1999 3941 2202 3981 remus.
2228 3926 2498 3982 Cteterum
2522 3926 2734 3981 etiamsi
2761 3941 2861 3981 nos
2891 3927 3027 3983 tales
3048 3928 3241 3993 simus,
3284 3938 3339 3981 tu
3374 3938 3581 3995 tamen,

2000 4026 2187 4087 utpote
2220 4018 2384 4083 Deus,
2417 4026 2641 4087 propter
2690 4032 2880 4073 servos
2927 4026 3049 4073 tuos
3089 4020 3237 4088 (nam
3281 4019 3585 4076 verisitnie

2000 4119 2083 4165 est
2113 4111 2164 4164 in
2197 4110 2351 4165 turba
2400 4111 2658 4178 quosdam
2690 4108 2999 4178 huiusmodi
3053 4109 3196 4181 esse)
3225 4121 3573 4166 convertere.

2002 4202 2068 4256 Et
2095 4204 2221 4271 quia
2256 4202 2403 4272 digni
2439 4202 2608 4257 habiti
2643 4217 2831 4257 sumus
2853 4202 2944 4271 qui
2978 4202 3268 4258 hatreditas
3298 4213 3385 4256 tua
3417 4218 3583 4257 voca-

2002 4310 2205 4359 remur,
2233 4296 2352 4350 ideo
2381 4310 2688 4364 precamur,
2728 4310 2750 4346 t
2778 4292 3112 4349 Convertere
3148 4303 3370 4363 propter
3394 4309 3590 4350 servos

313 4399 427 4439 σου.
482 4402 502 4437 ι
547 4383 874 4453 Δνυνηθῶμεν
903 4381 998 4435 καὶ
1024 4383 1183 4453 ἡμεῖς
1208 4383 1258 4434 οἱ
1288 4380 1495 4446 ἀνάξιοι
1528 4384 1729 4453 μικρᾶς
1755 4399 1900 4447 τινος

2005 4396 2144 4454 tuos,
2171 4398 2226 4443 et
2279 4398 2500 4459 propter
2550 4388 2723 4443 tribus
2761 4387 3097 4442 hereditatis
3141 4396 3266 4443 true.
3309 4406 3331 4440 ι
3378 4386 3444 4441 Ει
3480 4402 3591 4443 nos

294 4476 526 4542 ,ἐλπίδος
574 4478 759 4546 τυχεῖν
806 4478 863 4529 ἐν
909 4475 989 4546 τῷ
1036 4474 1432 4547 ἐπηγγελμένῳ
1479 4474 1585 4527 ὑπὸ
1638 4473 1731 4527 σοῦ
1785 4474 1899 4546 ὄρει

2005 4496 2219 4551 quoque
2244 4481 2520 4535 valeamus
2544 4519 2561 4545 ,
2595 4479 2728 4535 licet
2769 4478 3018 4548 indigni,
3066 4481 3335 4535 medicam
3383 4480 3587 4534 saltem

308 4568 482 4642 ἁγίῳ·
520 4562 582 4623 οὗ
625 4568 903 4632 παντελῶς
931 4567 1026 4622 νῦν
1074 4566 1547 4637 ἐκπεπτώκαμεν’
1584 4567 1813 4638 ἐπείπερ
1850 4568 1899 4621 ot

2008 4590 2158 4644 spem
2195 4573 2453 4641 consequi
2488 4574 2541 4628 in
2574 4582 2757 4629 monte
2784 4580 2974 4627 sancto
3010 4580 3121 4639 tuo,
3170 4585 3332 4642 quem
3361 4572 3593 4641 pollice-

310 4662 625 4717 ὑπεναντίοι
659 4661 816 4733 ἡμῶν
857 4662 1242 4731 κατεπάτησαν
1276 4660 1337 4713 τὺ
1366 4659 1611 4731 ἀγίασμά
1642 4676 1765 4713 σου·
1802 4658 1899 4713 καὶ

310 4756 455 4811 τοῦτ’
497 4755 741 4827 ἔπραξαν
775 4755 861 4807 διὰ
892 4754 953 4807 τὸ
984 4754 1045 4806 σὲ
1088 4754 1505 4824 ἀποστραφῆναι
1538 4753 1704 4823 ἡμᾶς.
1740 4752 1896 4805 Οὕτω

310 4846 442 4911 γοῦν
498 4846 951 4915 καταλειφθέντες
1003 4843 1200 4915 ἔρημοι
1255 4845 1355 4915 τῆς
1416 4844 1516 4913 σῆς
1566 4843 1893 4912 ἐπισκοπῆς,

309 4940 541 4992 τοιοῦτοι
570 4938 664 4991 νῦν
704 4940 893 5009 ἐσμεν,
927 4939 1100 4991 ὁποῖοι
1137 4936 1231 4989 καὶ
1271 4935 1398 5007 πρίν
1427 4951 1485 4987 σε
1520 4936 1676 5006 ήμῶν
1715 4934 1895 5006 ἄρξαι.

316 5029 406 5095 Ὧς
450 5034 555 5105 γὰρ
590 5029 657 5104 ἦν
700 5048 829 5085 ποτε
879 5031 1100 5103 χρόνος,
1136 5031 1227 5083 ὅτε
1264 5029 1389 5081 οὕτε
1429 5029 1736 5099 προφήτας,
1773 5027 1899 5080 οὔτε

312 5120 517 5193 ἱερέας,
559 5124 681 5178 οὗτε
718 5124 975 5195 βασιλεῖς,
1008 5121 1129 5176 οὔτε
1171 5140 1223 5175 τι
1251 5122 1359 5174 τῶν
1396 5120 1504 5175 σῶν
1546 5124 1901 5193 χαρισμάτων

309 5213 557 5287 εἴχομεν·
592 5217 683 5269 τὸν
723 5216 884 5269 αὐτὸν
914 5216 1113 5286 τρόπον
1146 5216 1239 5268 καὶ
1270 5214 1363 5267 νῦν
1392 5216 1472 5277 είς
1515 5215 1729 5285 ἐκείνην
1772 5232 1902 5268 κατ-

309 5302 549 5381 έστημεν
588 5310 684 5379 τὴν
724 5310 979 5380 ἐρημίαν.
1025 5309 1210 5362 Ταῦτα
1250 5308 1426 5361 πάντα
1469 5306 1645 5360 ἔοικεν
1693 5307 1896 5377 ἀναφέ-

314 5401 502 5467 ρεσθαι
536 5402 629 5453 ἐπί⁵
670 5400 763 5453 τὸν
793 5402 982 5469 καιρὸν
1017 5401 1108 5453 τὸν
1151 5400 1286 5470 μετὰ
1326 5399 1425 5470 τὴν
1455 5397 1758 5468 παρουσίαν
1803 5397 1894 5450 τοῦ

311 5485 561 5565 Σωτῆρος
615 5492 801 5562 ἡμῶν·
844 5493 901 5544 ἐν
939 5485 983 5559 ᾧ
1018 5491 1296 5555 παντελῶς
1328 5490 1758 5561 κατελείφθησαν
1803 5490 1891 5543 διὰ

311 5578 377 5632 τὰ
417 5584 558 5637 κατὰ
588 5582 682 5635 τοῦ
711 5583 961 5653 Σωτῆρος
988 5582 1145 5653 ἡμῶν
1182 5582 1519 5653 τολμηθέντα
1546 5583 1746 5645 αὐτοῖς.
1779 5582 1893 5635 Νῦν

313 5668 419 5741 γὰρ
441 5675 515 5737 ὡς
542 5674 753 5745 ἀληθῶς
779 5672 1007 5726 τοιοῦτοι
1034 5674 1343 5742 γεγόνασιν,
1379 5675 1454 5737 ὡς
1484 5674 1543 5726 τὸ
1569 5675 1662 5727 ἀπ’
1693 5674 1887 5744 ἀρχῆς,

314 5757 400 5814 ὅτε
440 5768 534 5820 οὐκ
568 5763 732 5839 ἦρχεν
772 5766 949 5820 αὐτῶν
987 5769 1013 5818 6
1053 5766 1204 5833 Θεὸς,
1241 5766 1378 5820 ὥστε
1401 5767 1656 5822 δύνασθαι
1690 5767 1885 5835 λέγειν’

2005 4668 2082 4723 ris
2109 4685 2123 4721 :
2151 4682 2216 4722 ex
2246 4683 2355 4735 quo
2380 4667 2489 4737 jam
2520 4680 2743 4735 prorsus
2768 4664 3069 4719 excidimus
3092 4681 3108 4730 ;
3133 4662 3258 4733 quia
3284 4662 3589 4719 adversarii

2003 4758 2178 4815 nostri
2208 4758 2666 4813 conculcaverunt
2696 4756 3067 4811 sanctuarium
3098 4764 3269 4822 tuum,
3293 4755 3455 4827 idque
3501 4755 3583 4811 fe-

2003 4860 2216 4916 cerunt,
2259 4850 2383 4919 quia
2430 4856 2712 4903 aversatus
2742 4863 2841 4905 nos
2872 4862 2953 4902 es.
3014 4846 3105 4901 Sic
3150 4846 3315 4917 igitur
3337 4846 3586 4903 derelicti

2004 4952 2059 4995 et
2086 4941 2395 4997 visitatione
2430 4951 2521 4995 tua
2550 4940 2747 5010 privati
2773 4978 2791 5003 ,
2825 4940 2959 4994 tales
2986 4937 3098 5007 jam
3133 4953 3322 4994 sumus
3345 4978 3360 5002 ,
3394 4937 3591 5007 quales

2004 5048 2224 5088 eramus
2255 5043 2543 5102 antequam
2575 5037 2876 5102 imperares
2910 5032 3085 5087 nobis.
3114 5030 3583 5098 Quemadmodum

2004 5125 2147 5181 enim
2173 5136 2384 5195 tempus
2407 5125 2534 5180 olim
2567 5126 2685 5189 fuit,
2707 5140 2829 5179 cum
2858 5138 3032 5194 neque
3056 5125 3373 5193 prophetas,
3401 5134 3585 5188 neque

2008 5220 2342 5283 sacerdotes,
2375 5232 2550 5287 neque
2575 5232 2751 5288 reges,
2786 5232 2961 5284 neque
2990 5216 3134 5270 aliud
3164 5216 3435 5285 quidpiam
3460 5229 3488 5265 a
3526 5224 3589 5267 te

2005 5324 2203 5365 munus
2245 5309 2591 5374 haberemus,
2646 5309 2724 5363 sic
2751 5318 2806 5363 et
2842 5323 2985 5362 nunc
3012 5307 3258 5362 eamdem
3302 5307 3354 5358 in
3382 5303 3576 5358 solitu-

2003 5402 2183 5455 dinem
2208 5410 2261 5455 et
2290 5402 2658 5456 conditionem
2688 5400 2999 5453 recidimus.
3029 5397 3153 5452 Haec
3181 5396 3359 5451 omnia
3382 5393 3574 5448 referri.

2001 5492 2257 5547 videntur
2285 5494 2350 5545 ad
2383 5502 2613 5563 tempus,
2645 5493 2789 5561 quod
2825 5492 3113 5544 adventum
3150 5486 3451 5542 Salvatoris
3478 5499 3575 5539 no-

1999 5584 2099 5638 stri
2127 5582 2474 5637 subsecutum
2494 5593 2587 5637 est
2612 5600 2628 5638 :
2664 5599 2772 5653 quo
2796 5596 3018 5652 prorsus
3043 5578 3285 5635 derelicti
3314 5584 3437 5630 sunt
3458 5616 3472 5641 ,
3503 5575 3585 5628 ob-

1998 5673 2202 5729 scelera
2231 5684 2417 5728 contra
2457 5675 2705 5729 eumdem
2742 5672 3077 5726 Salvatorem
3109 5670 3177 5724 ab
3207 5671 3337 5737 ipsis
3376 5682 3563 5736 perpe—

1999 5777 2160 5824 trata.
2195 5768 2343 5824 Nunc
2383 5770 2524 5824 enim
2570 5782 2756 5822 revera
2797 5765 2930 5820 tales
2962 5774 3107 5829 sunt,
3140 5763 3325 5836 quales
3356 5768 3513 5818 erant
3539 5774 3577 5813 α
