4130 6432
503 378 606 435 507

1204 372 1473 430 EUSEBl'l
1512 372 1986 431 CESARIENSIS
2024 372 2174 430 OPP.
2217 371 2396 430 PARS
2435 352 3026 430 HL—EXEGETICA.

3621 374 3739 430 σος

501 496 789 568 principio,
823 511 943 550 cum
971 494 1200 549 nondum
1231 494 1360 563 ipsis
1389 495 1527 549 Deus
1558 495 1924 550 dominaretur
1950 535 1966 560 ,
1999 504 2055 550 ut

2163 515 2183 548 ι
2226 495 2554 566 Ἐγενόμεθα
2579 496 2655 558 ὡς
2678 492 2740 546 τὸ
2761 491 2856 546 ἀπ’
2883 490 3074 560 ἀρχῆς,
3107 505 3193 542 ..τε
3217 505 3318 542 ουκ
3339 481 3510 559 ἦρξας
3544 488 3734 560 ἡμῶν,

501 591 684 646 dicere
718 588 931 642 valeant
965 604 979 641 :
1010 603 1031 638 ‹
1066 583 1215 639 Facti
1257 600 1441 640 sumus
1467 585 1610 639 velut
1640 586 1708 640 ab
1749 586 1902 640 initio
1935 601 2058 640 cum

503 698 606 736 non
639 678 992 734 dominareris
1034 677 1240 740 nostri,
1271 692 1442 747 neque
1486 677 1825 732 invocaretur
1868 692 2060 732 nomen

497 779 650 828 tuum
680 783 844 838 super
872 781 990 823 nos.
1026 785 1048 820 ι

1057 855 1282 914 CAPUT
1321 855 1502 912 LXIV.

567 950 728 1004 Vsus.
762 948 812 1002 l.
850 965 870 999 ι
913 948 970 1002 Si
1012 947 1226 1017 aperias
1258 947 1456 1001 coelum
1481 985 1496 1011 ,
1532 956 1737 1001 tremor
1764 948 2062 1018 apprehen-

494 1037 586 1092 det
615 1053 644 1091 a
684 1047 737 1092 te
786 1047 1034 1101 montes,
1066 1045 1119 1090 et
1152 1035 1468 1105 liquescent.
1511 1054 1533 1088 ›
1585 1036 1850 1092 Caeterum
1898 1037 2062 1106 probe

495 1130 746 1183 novimus
778 1137 831 1182 et
857 1141 1172 1196 persuasum
1204 1127 1496 1190 habemus,
1523 1128 1568 1182 si
1599 1127 1832 1182 volueris
1858 1128 2060 1182 ccelum

495 1218 749 1285 aperire,
788 1226 974 1285 utpote
1037 1217 1176 1270 Deus
1226 1216 1599 1284 omnipotens,
1647 1226 1936 1272 tremorem
1986 1217 2058 1271 tui

496 1318 710 1363 montes
764 1309 1223 1377 apprehensurum
1258 1321 1410 1370 esse,
1440 1306 1692 1361 videlicet
1723 1306 2061 1363 adversarias

493 1409 813 1471 potestates,
865 1415 982 1466 quas
1018 1407 1206 1452 contra
1247 1398 1611 1468 cognitionem
1651 1397 1725 1451 tui
1758 1398 2059 1467 eriguntur.

569 1491 725 1545 Vens.
762 1489 817 1553 2,
852 1490 904 1544 '5.
938 1509 957 1540 ‹
998 1488 1149 1542 Sicut
1172 1503 1295 1543 cera
1342 1504 1372 1542 a
1419 1487 1558 1543 facie
1606 1489 1748 1557 ignis
1784 1488 2060 1557 liquescit,

494 1593 550 1639 et
577 1583 856 1637 comburet
891 1581 1029 1651 ignis
1062 1588 1179 1635 tuos
1207 1580 1566 1644 adversarios,
1622 1588 1677 1634 et
1720 1579 2060 1634 manifestum

495 1674 601 1726 erit
633 1686 826 1726 nomen
878 1680 1027 1725 tuum
1073 1671 1446 1725 adversariis:
1485 1685 1514 1723 a
1561 1669 1700 1726 facie
1744 1680 1832 1725 tua
1879 1679 2062 1741 gentes

498 1762 875 1816 turbabuntur.
904 1780 922 1812 ι
948 1761 1093 1816 Sane
1108 1779 1136 1815 ,ι
1165 1762 1328 1816 Deum
1348 1775 1504 1815 nemo
1527 1759 1659 1814 vidit
1681 1775 1912 1828 unquam
1928 1761 2010 1828 ’3;
2033 1778 2054 1813 ι

2164 587 2283 641 ούδέ
2309 587 2509 658 ἐκλήθη
2538 585 2599 640 τὸ
2623 583 2794 656 ὄνομα
2822 599 2913 636 σου
2935 580 3020 651 ἐφ’
3045 580 3209 651 ἡμᾶς.
3248 598 3266 631 ι

2671 849 2849 904 ΚΕΦᾹ
2857 846 3064 901 ΔΑΙοΝ
3100 843 3216 898 ΞΝ.

2242 962 2262 996 ι
2314 942 2436 997 Ἐὰν
2456 941 2672 1013 ἀνοίξῃς
2701 941 2792 994 τὸν
2829 937 3082 1011 οὐρανὸν,
3123 935 3325 1007 τρόμος
3341 933 3576 1006 λήψεται
3621 932 3732 988 ἀπὸ

2166 1033 2261 1089 σοῦ
2295 1034 2416 1107 ὅρη,
2447 1033 2540 1088 καὶ
2582 1033 2932 1103 τακήσονται.
2974 1047 2992 1082 ι
3038 1028 3185 1098 Πλὴν
3225 1026 3340 1081 ἀλλ’
3375 1024 3530 1096 ῐσμεν
3573 1025 3732 1095 ἀκρι-

2164 1124 2275 1188 ϐῶς
2314 1125 2404 1177 καὶ
2444 1119 2803 1193 πεπείσμεθα,
2841 1120 2942 1186 ὅτι,
2983 1117 3077 1172 ἐὰν
3119 1117 3348 1188 θελήσῃς
3399 1114 3606 1181 ἀνοῖξαι
3639 1115 3730 1168 τὸν

2163 1214 2388 1285 ούρανδν
2413 1213 2545 1278 Θεὸς
2572 1213 2646 1266 ὢν
2687 1211 2782 1266 καὶ
2823 1212 2999 1265 πάντα
3042 1209 3371 1280 δυνάμενος,
3407 1208 3608 1279 τρόμος
3637 1207 3738 1277 λήι

2163 1306 2323 1376 ψεται
2349 1304 2456 1358 ἀπὸ
2479 1304 2572 1358 σοῦ
2599 1304 2720 1376 ὅρη,
2743 1303 2840 1367 τὰς
2857 1300 3236 1372 ἀντικειμένας
3257 1298 3452 1371 δηλαδὴ
3475 1297 3733 1370 δυνάμεις

2163 1397 2264 1461 τὰς
2295 1395 2659 1470 ἐπαιρομένας
2688 1395 2827 1448 κατὰ
2858 1395 2958 1465 τῆς
2989 1391 3241 1462 γνώσεώς
3273 1409 3388 1445 σου.

2242 1505 2262 1539 ι
2320 1485 2408 1550 Ὦς
2439 1485 2609 1557 κηρὸς
2643 1485 2750 1538 ἀπὸ
2795 1482 3084 1554 προσώπου
3131 1483 3302 1554 πυρὸς
3347 1482 3594 1554 τήκεται,
3638 1481 3734 1536 καὶ

2166 1576 2496 1631 κατακαύσει
2526 1576 2637 1649 πῦρ
2655 1577 2782 1639 τοὺς
2807 1574 3176 1640 ὑπεναντίους,
3203 1573 3300 1628 καὶ
3325 1574 3556 1646 φανερὸν
3578 1573 3734 1627 ἔσται

2164 1668 2226 1723 τὸ
2254 1668 2424 1740 ὄνομά
2455 1686 2548 1722 σου
2584 1670 2696 1732 τοῖς
2733 1666 3089 1739 ὑπεναντίοις.
3136 1666 3268 1721 Ἀπὸ
3311 1665 3603 1737 προσώπου
3639 1683 3732 1718 σου

2167 1757 2293 1830 ἐθνη
2313 1759 2765 1832 ταραχθήσονται.
2800 1777 2818 1810 ι
2841 1760 2952 1812 Καὶ
2984 1758 3088 1830 μὴν
3114 1777 3133 1811 ι
3158 1757 3491 1821 Θεὸνοῦδεὶς
3517 1755 3731 1829 ἑώρακε

497 1863 574 1918 et,
615 1872 633 1905 ι
670 1852 836 1907 Nemo
867 1854 1070 1908 videbit
1098 1853 1291 1907 faciem
1319 1866 1512 1919 meam,
1537 1861 1591 1906 et
1625 1852 1767 1906 vivet
1791 1853 1860 1906 ³⁸.
1899 1870 1920 1904 ι
1957 1851 2055 1906 Sed

2166 1852 2404 1916 πώποτε,
2446 1871 2464 1904 ι
2502 1853 2617 1917 καὶ,
2655 1869 2675 1904 ι
2718 1854 2906 1918 Οὐδεὶς
2939 1851 3127 1922 ὕψεταί
3168 1869 3269 1922 μου
3313 1849 3374 1903 τὸ
3417 1849 3732 1921 πρόσωπον,

497 1943 584 1997 his
616 1943 830 1997 videtur
858 1944 1019 1998 Deum
1047 1944 1412 2008 subindicare,
1440 1944 1530 2013 qui
1563 1944 1614 1998 in
1647 1943 1866 1997 deserto
1891 1941 2061 2014 Moysi

495 2036 716 2090 oracula
757 2035 928 2099 dedit,
953 2044 1008 2089 et
1037 2036 1125 2104 qui
1155 2035 1223 2089 ab
1263 2035 1409 2090 omni
1453 2034 1648 2105 populo
1672 2034 1821 2091 visus
1854 2043 1936 2090 est
1968 2050 2064 2104 per

497 2127 724 2197 gloriam
775 2115 1027 2180 omnibus
1061 2135 1430 2196 apparentem,
1466 2127 1532 2180 de
1573 2141 1682 2195 qua
1715 2129 1916 2183 dictum
1945 2134 2060 2181 est:

503 2235 523 2269 ‹
555 2218 624 2274 Ει
651 2217 780 2273 vidit
805 2216 984 2272 omnis
1017 2217 1246 2289 populus
1275 2217 1500 2289 gloriam
1529 2217 1740 2273 Domini
1771 2219 1840 2273 ".
1875 2235 1895 2270 ι

566 2389 727 2447 Vens.
755 2390 872 2446 4-6.
917 2409 938 2444 ι
968 2390 1101 2447 Cum
1141 2391 1336 2449 feceris
1360 2393 1616 2464 gloriosa,
1647 2403 1851 2450 tremor
1876 2392 1952 2448 tui
1977 2393 2062 2447 iu-

493 2481 654 2536 vadet
681 2491 910 2538 montes.
937 2482 981 2537 Α
1008 2472 1206 2539 saeculo
1231 2500 1337 2540 non
1360 2485 1686 2549 audivimus,
1717 2500 1892 2556 neque
1916 2486 2058 2542 oculi

494 2572 664 2627 nostri
692 2573 942 2628 viderunt
964 2573 1152 2640 Deum,
1179 2585 1375 2644 praeter
1413 2584 1485 2640 te,
1511 2585 1567 2630 et
1599 2589 1761 2645 opera
1789 2585 1912 2642 tua,
1941 2593 2061 2648 qua:

495 2662 664 2718 facies
690 2665 1126 2733 exspectantibus
1155 2665 1603 2722 misericordiam.
1628 2667 1888 2724 Occurret
1913 2658 2057 2723 enim

495 2753 564 2808 iis
611 2753 702 2821 qui
749 2751 956 2808 faciunt
993 2753 1281 2823 justitiam,
1307 2763 1362 2810 et
1387 2755 1594 2810 viarum
1643 2764 1854 2811 tuarum
1881 2771 2060 2813 recor-

496 2844 789 2899 dabuntur.
820 2845 960 2900 Ecce
1010 2853 1063 2899 tu
1111 2845 1282 2901 iratus
1327 2860 1422 2912 es,
1457 2857 1514 2903 et
1555 2863 1656 2904 nos
1695 2849 2056 2919 peccavimus.

494 2933 702 2991 idcirco
728 2935 1063 3002 erravimus,
1104 2944 1159 2992 et
1189 2936 1319 2991 facti
1369 2952 1555 2993 sumus
1599 2940 1756 3010 quasi
1799 2938 2058 2994 immundi

496 3039 684 3081 omnes
714 3042 849 3083 nos:
883 3036 1142 3098 tanquam
1178 3042 1390 3097 pannus
1432 3029 1672 3086 sedentis
1697 3031 1872 3086 omnis
1900 3029 2059 3100 justi-

497 3115 574 3169 tia
597 3126 803 3173 nostra.
837 3137 859 3170 ι
891 3119 1043 3186 Quod
1069 3119 1111 3174 si
1143 3134 1247 3188 qua
1279 3120 1418 3189 apud
1448 3135 1546 3175 nos
1590 3121 1817 3192 reperiri
1843 3130 2058 3191 putetur

2163 1947 2260 2000 καὶ
2285 1945 2505 2017 ζήσεται
2524 1962 2540 1976 ο
2582 1964 2600 1996 ι
2629 1944 2743 1998 ἀλλ’
2778 1944 2920 1998 ἔοικε
2947 1944 3036 1997 τὸν
3063 1942 3193 1997 Θεδν
3219 1941 3307 1996 διὰ
3335 1941 3538 1994 τούτων
3565 1941 3734 1994 αίνίτέ-

2161 2037 2348 2112 τεσθαι
2369 2037 2460 2090 τὸν
2487 2037 2583 2090 καὶ
2609 2035 2700 2089 ἐπὶ
2721 2037 2818 2107 τῆς
2839 2036 3043 2107 ἐρήμου
3073 2032 3484 2106 χρηματίσαντα
3502 2031 3734 2102 Μωῦσῆ,

2159 2128 2240 2199 τῷ
2274 2145 2333 2181 τε
2373 2127 2534 2181 παντὶ
2569 2125 2682 2196 λαῷ
2721 2125 3018 2197 ἑωραμένῳ
3056 2123 3148 2176 διὰ
3189 2123 3287 2194 τῆς
3329 2120 3738 2192 ἐμφαινομένης

2159 2221 2274 2282 τοῖς
2317 2220 2452 2272 πᾶσι
2479 2217 2636 2290 δόξης
2670 2217 2798 2291 περὶ
2824 2211 2893 2288 ἦς
2921 2216 3161 2287 εῐρηται’
3196 2231 3217 2267 ι
3242 2213 3353 2267 Kal.
3393 2211 3542 2284 ἐώρα
3576 2214 3683 2275 πᾶς
3707 2213 3737 2266 6

2159 2311 2289 2375 λαδς
2317 2311 2416 2383 τὴν
2446 2310 2599 2376 δόξαν
2644 2309 2868 2381 Κυρίου.
2902 2327 2922 2361 ι

2237 2421 2258 2455 ι
2293 2403 2460 2457 Ὅταν
2493 2403 2652 2473 ποιῇς
2680 2401 2750 2454 τὰ
2781 2398 2989 2463 ἔνδοξα,
3014 2397 3215 2470 τρόμος
3245 2395 3474 2469 λήψεται
3503 2395 3612 2450 ἀπὺ
3639 2393 3734 2449 σοῦ

2158 2492 2282 2564 ὅρη.
2325 2491 2458 2545 Ἀπὸ
2496 2491 2587 2545 τοῦ
2615 2491 2806 2553 αἰῶνος
2827 2489 2926 2543 οὐκ
2953 2488 3287 2559 ἠκούσαμεν,
3321 2487 3442 2540 ούδέ
3468 2485 3736 2556 ὀφθαλμοὶ

2157 2585 2192 2656 ή
2202 2583 2318 2654 μῶν
2337 2579 2475 2638 εἶδον
2499 2582 2629 2636 Θεὺν
2671 2581 2812 2654 πλήν
2839 2599 2953 2648 σου,
2989 2581 3084 2635 καὶ
3117 2580 3186 2634 τὰ
3215 2579 3351 2651 ἔργα
3392 2596 3508 2645 σου,
3543 2579 3579 2632 ἃ
3616 2595 3740 2631 ποια

2158 2675 2313 2746 ήσεις
2346 2673 2457 2738 τοῖς
2486 2672 2847 2745 ὑπομένουσιν
2871 2673 3034 2727 ἐλεον.
3062 2671 3456 2742 Συναντήσεται
3487 2669 3594 2741 γὰρ
3619 2671 3734 2734 τοῖς

2157 2765 2371 2820 ποιοῦσι
2393 2765 2454 2819 τὺ
2476 2763 2704 2830 δίκαιον,
2737 2764 2832 2817 καὶ
2863 2764 2969 2818 τῶν
3009 2762 3143 2816 ὁδῶν
3187 2779 3279 2816 σου
3315 2762 3729 2834 μνησθήσονταιδ

2172 2856 2302 2910 Ἰδοὺ
2337 2857 2401 2910 σὺ
2425 2854 2722 2928 ὠργίσθης,
2760 2855 2853 2908 καὶ
2884 2855 3045 2926 ἡμεῖς
3074 2853 3408 2925 ἡμάρτομεν.
3441 2850 3539 2904 Διὰ
3573 2848 3736 2906 τοῦτο

2159 2947 2541 3021 ἐπλανήθημεν
2571 2949 2665 3004 καὶ
2713 2947 3046 3020 ἐγενήθημεν
3086 2945 3162 3010 ὡς
3193 2945 3491 3017 ἀκάθαρτοι
3534 2944 3736 3008 πάντες

2159 3038 2346 3109 ἡμεῖς’
2377 3037 2453 3102 ὡς
2495 3037 2661 3107 ῥάκος
2699 3036 3124 3107 ἁποκαθημένης
3159 3034 3310 3087 πᾶσα
3352 3035 3386 3104 ἡ
3421 3032 3736 3102 δικαιοσύνη

2158 3125 2334 3198 ἡμῶν.
2387 3145 2407 3178 ι
2441 3126 2507 3180 Εἰ
2535 3127 2592 3180 δὲ
2622 3125 2714 3180 καί
2739 3143 2822 3190 τις
2848 3127 2905 3179 ἐν
2944 3126 3076 3195 ἡμῖν
3102 3120 3359 3194 ἐνομίσθη
3386 3119 3736 3192 εὑρίσκεσθαι

493 3205 701 3276 iustitia
737 3209 984 3279 actioque
1015 3210 1204 3280 proba,
1240 3225 1303 3266 ea
1349 3212 1600 3269 sordibus
1636 3213 1792 3284 plena
1817 3223 1871 3269 et
1899 3215 2054 3272 inde-

2156 3215 2466 3290 δικαιοσύνη
2500 3219 2593 3271 καὶ
2619 3217 2817 3289 πρᾶξις
2846 3215 3049 3282 δικαία,
3076 3214 3440 3288 ἐρῤυπωμένη
3471 3215 3564 3268 καὶ
3595 3213 3737 3284 αὐτὴ

496 3314 620 3355 cora
656 3315 780 3356 esse
808 3301 1248 3372 deprehenditur.

572 3393 731 3448 Vens.
775 3393 930 3448 7-12.
963 3412 985 3444 σ
1015 3395 1082 3449 Et
1115 3395 1432 3454 deﬂuximus
1471 3396 1624 3466 quasi
1665 3396 1792 3453 folia
1841 3407 2059 3470 propter

495 3485 808 3558 iniquitates
845 3495 1089 3542 nostras:
1117 3488 1197 3544 sic
1229 3499 1423 3546 ventus
1458 3489 1666 3546 auferet
1712 3505 1843 3555 nos,
1868 3502 1922 3547 et
1950 3506 2056 3547 non

493 3590 579 3636 est
613 3581 702 3648 qui
741 3577 954 3636 invocet
999 3593 1192 3634 nomen
1240 3589 1426 3648 tuum,
1474 3596 1576 3637 nec
1607 3582 1698 3651 qui
1749 3583 2056 3642 recordatus

493 3672 865 3740 apprehendat
893 3681 985 3728 te:
1021 3671 1274 3743 quoniam
1315 3673 1557 3728 avertisti
1607 3674 1804 3729 faciem
1852 3684 1997 3729 tuam
2025 3689 2056 3730 a

494 3764 672 3828 nobis,
705 3773 759 3815 et
801 3764 1068 3820 tradidisti
1098 3780 1196 3820 nos
1225 3775 1450 3837 propter
1480 3766 1791 3838 iniquitates
1817 3775 2053 3824 nostras.

492 3850 564 3908 Et
583 3868 742 3918 nunc,
775 3853 1018 3922 Domine,
1051 3855 1213 3912 Pater
1249 3867 1435 3914 noster
1467 3869 1548 3924 tu,
1575 3875 1674 3915 nos
1696 3875 1825 3916 vero
1858 3861 2052 3926 lutum,

492 3959 628 4014 opus
674 3960 926 4001 mnuum
961 3956 1174 4002 tuarum
1221 3963 1430 4016 omnes,
1480 3966 1548 4005 ne
1597 3951 1851 4006 irascaris
1899 3951 2055 4008 nobis

492 4037 671 4101 valde,
722 4051 897 4107 neque
949 4038 1002 4092 in
1053 4046 1298 4108 tempore
1353 4041 1664 4096 memineris
1698 4042 2046 4112 iniquitatum

497 4136 826 4182 nostrarum.
857 4127 924 4182 Et
956 4143 1102 4184 nunc
1129 4129 1364 4193 intuere,
1401 4131 1644 4199 Domine,
1675 4133 1928 4200 quoniam
1955 4148 2055 4203 po-

495 4217 652 4287 pulus
680 4228 802 4272 tuus
841 4233 1032 4274 omnes
1062 4235 1180 4274 nos.
1213 4219 1415 4275 Civitas
1458 4222 1631 4277 sancti
1669 4222 1741 4276 tui
1787 4222 1928 4278 facta
1971 4232 2055 4280 est

496 4309 704 4363 deserta
735 4308 862 4364 Sion
899 4327 916 4378 τ,
949 4319 1008 4365 ιιι
1040 4310 1314 4365 desertum
1341 4311 1480 4366 facta
1509 4321 1596 4367 est
1619 4311 1940 4376 Jerusalem,
1997 4314 2050 4368 in

494 4400 930 4457 maledictionem
967 4405 1180 4466 domus,
1215 4410 1460 4455 sanctum
1493 4412 1761 4467 nostrum,
1802 4411 1856 4456 et
1883 4401 2050 4471 gloria

493 4491 580 4544 cui
607 4492 1000 4548 benedixerunt
1027 4503 1209 4563 patres
1237 4492 1430 4556 nostri,
1456 4493 1580 4562 igne
1605 4491 1904 4558 combusta,
1934 4507 2052 4547 om-

493 4581 691 4648 niaque
721 4583 953 4652 gloriosa
977 4593 1163 4638 nostra
1193 4583 1566 4638 conciderunt.
1595 4585 1772 4655 Atque
1796 4583 1848 4638 in
1883 4584 2050 4638 omni-

492 4670 595 4726 bus
631 4671 748 4727 istis
777 4673 1104 4744 sustinuisti,
1140 4674 1387 4742 Domine,
1418 4683 1475 4730 et
1523 4675 1758 4743 tacuisti,
1787 4684 1843 4731 et
1874 4674 2054 4731 humi-

495 4760 642 4816 liasti
673 4777 771 4818 nos
801 4763 978 4818 valde.
1011 4781 1032 4817 ι

1051 4853 1280 4910 CAPUT
1313 4853 1477 4910 LXV.

563 4939 724 4997 Vsus.
766 4943 876 4997 1-5.
917 4962 936 4995 ι
968 4945 1202 5016 Apparui
1233 4962 1338 5002 non
1371 4947 1685 5018 rogantibus
1707 4963 1790 5003 me
1818 4964 1832 5001 :
1861 4948 2050 5004 inven-

489 5039 578 5088 tus
602 5049 720 5088 sum
748 5034 817 5088 ab
843 5034 908 5089 iis
935 5037 1028 5105 qui
1074 5052 1160 5092 me
1209 5054 1312 5094 non
1346 5039 1679 5108 quaerebant.
1717 5038 1834 5094 Dixi
1868 5054 1883 5092 :
1911 5039 2052 5095 Ecce

489 5127 702 5189 adsum,
736 5127 880 5195 genti
930 5142 1053 5196 quae
1107 5143 1212 5183 non
1271 5129 1547 5184 invocavit
1593 5143 1790 5184 nomen
1844 5143 2046 5185 meum.

490 5213 733 5282 Expandi
767 5231 958 5270 manus
997 5231 1146 5271 meas
1171 5225 1282 5271 tota
1316 5217 1401 5272 die
1426 5219 1492 5272 ad
1520 5219 1772 5286 populum
1802 5232 1908 5273 non
1946 5218 2047 5272 ob-

490 5310 901 5372 temperantem,
930 5314 979 5360 et
1027 5305 1514 5371 contradicentem,
1552 5306 1652 5372 iis,
1687 5306 1778 5376 qui
1807 5306 2050 5362 ambula-

491 5393 621 5446 bant
648 5393 698 5446 in
724 5395 807 5448 via
841 5411 944 5450 non
973 5397 1133 5463 bona,
1164 5397 1256 5451 sed
1281 5405 1402 5465 post
1421 5407 1641 5467 peccata
1667 5412 1784 5452 sua.
1816 5397 2050 5467 Pepulus

492 5479 600 5544 ilic,
627 5482 718 5550 qui
746 5485 1037 5540 exacerbat
1069 5499 1176 5550 tne,
1223 5484 1278 5538 in
1307 5495 1600 5553 conspectu
1635 5501 1755 5540 meo
1785 5501 1998 5556 semper
2029 5505 2044 5541 :

495 5568 593 5638 ipsi
626 5571 903 5629 immolant
932 5575 988 5629 in
1025 5574 1221 5638 hortis,
1251 5583 1307 5630 et
1335 5575 1859 5633 adolcntincensum
1885 5593 2050 5648 super

572 5747 616 5779 ³⁵
639 5745 792 5803 Joan.
827 5765 864 5814 t,
902 5750 989 5806 18.

2157 3310 2252 3365 καὶ
2272 3309 2464 3382 ἄτιμος
2492 3310 2832 3382 ἐλήλεγκται.

2230 3418 2250 3452 ι
2281 3401 2393 3455 Καὶ
2411 3399 2644 3472 ἐξερρύη
2653 3417 2752 3472 μεν
2771 3399 2848 3463 ὡς
2874 3399 3047 3469 φύλλα
3069 3398 3160 3452 διὰ
3177 3396 3278 3462 τὰς
3302 3397 3531 3470 ἀνομίας
3545 3397 3730 3468 ,ἡμῶν

2153 3489 2328 3555 οὕτως
2365 3491 2565 3562 ἄνεμος
2597 3491 2731 3544 οἴσει
2763 3492 2938 3561 ἡμᾶς·
2977 3491 3070 3544 καὶ
3091 3478 3205 3543 06xf
3220 3489 3365 3542 ἐστιν
3392 3491 3421 3541 6
3445 3487 3732 3542 ἐπικαλούο

2156 3598 2319 3653 μενος
2346 3582 2409 3635 τὸ
2430 3581 2600 3652 ὄνομά
2620 3599 2734 3647 σου,
2755 3581 2851 3636 καί⁸
2872 3584 2900 3636 6
2927 3581 3185 3653 μνησθεὶς
3205 3581 3580 3636 ἀντιλαϐέσθαι
3606 3595 3724 3632 amr

2151 3674 2233 3728 ὅτι
2264 3673 2610 3745 ἀπέστρεψας
2631 3672 2690 3726 τὸ
2717 3673 3001 3745 πρόσωπόν
3023 3690 3116 3726 σου
3143 3673 3235 3744 ἀφ’
3257 3671 3433 3744 ἡμῶν,
3467 3672 3558 3725 καὶ
3587 3687 3727 3742 παρ-

2153 3765 2361 3831 ἐδωκας
2407 3766 2552 3836 ἡμᾶς
2599 3763 2685 3817 διὰ
2739 3764 2839 3828 τὰς
2886 3763 3158 3838 ἁμαρτίας
3211 3763 3388 3834 ἡμῶν.
3446 3762 3574 3836 Καὶ»
3605 3761 3724 3825 νῦν,

2152 3858 2323 3928 Κύριε
2347 3897 2362 3923 ,
2389 3857 2579 3929 Πατὴρ
2618 3855 2774 3928 ἡμῶν
2812 3856 2899 3922 σὺ,
2931 3858 3093 3928 ἡμεῖς
3123 3855 3180 3910 δὲ
3220 3854 3408 3927 πηλὸς,
3448 3853 3586 3927 ἐργα
3616 3852 3727 3906 τῶν

2151 3950 2350 4021 χειρῶν
2383 3967 2475 4004 σου
2511 3951 2731 4014 πάντες,
2774 3951 2848 4022 μὴ
2881 3949 3099 4022 ὀργίζου
3131 3950 3263 4020 ἡμῖν
3299 3948 3526 4020 σφόδρα,
3564 3946 3638 4018 μὴ
3669 3948 3728 4001 ἐν

2151 4039 2328 4112 καιρῷ
2362 4039 2608 4111 μνησθῇς
2640 4038 2922 4111 ἁμαρτιῶν
2951 4037 3129 4109 ἡμῶν,
3157 4037 3268 4092 Καὶ
3291 4036 3387 4091 νῦν
3420 4036 3728 4105 ἐπίϐλεψον,

2151 4130 2232 4183 ὅτι
2255 4130 2382 4194 λαός
2409 4147 2499 4183 σου
2526 4130 2725 4194 πάντες
2759 4131 2939 4201 ἡμεῖς.
2976 4129 3138 4193 Πόλις
3164 4126 3259 4182 τοῦ
3294 4127 3456 4196 ἁγίου»
3481 4143 3575 4180 σου
3610 4129 3731 4196 ἐγε-

2150 4223 2283 4295 νήθη
2311 4223 2516 4295 ἐρημος
2557 4222 2716 4289 Σιὼν,
2757 4224 2832 4287 ὡς
2855 4223 3057 4294 ἔρημος
3083 4222 3315 4292 ἐγενήθη
3355 4220 3730 4293 Ἰερουσαλὴμ,

2150 4315 2230 4378 είς
2269 4314 2510 4386 κατάραν
2537 4315 2565 4366 6
2595 4310 2773 4378 οἶκος,
2821 4315 2880 4367 τὸ
2908 4314 3062 4382 ἅγιον
3101 4313 3280 4384 ἡμῶν,
3315 4312 3407 4367 καὶ
3439 4313 3472 4383 ἡ
3501 4311 3635 4375 δόξα,
3658 4311 3730 4382 ἢν

2149 4405 2459 4476 ηύλόγησαν
2500 4407 2549 4459 οἱ
2593 4406 2826 4476 πατέρες
2869 4404 3048 4476 ἡμῶν,
3077 4405 3307 4476 ἐγενήθη
3340 4403 3724 4476 πυρίκαυστος,

2153 4494 2248 4548 καὶ
2297 4494 2477 4548 πάντα
2513 4494 2697 4559 ἔνδοξα
2736 4495 2892 4565 ἡμῶν
2955 4494 3235 4549 συνέπεσε.
3296 4495 3404 4548 Kal.
3450 4495 3543 4546 ἐπὶ
3591 4495 3729 4546 πᾶσι

2151 4584 2361 4648 τούτοις
2399 4584 2649 4655 ἀνέσχου,
2699 4585 2893 4656 Κύριε,
2942 4587 3035 4640 καὶ
3065 4585 3400 4658 ἐσιώπησας,
3455 4586 3550 4640 καὶ
3599 4587 3727 4638 ἐτα-

2155 4674 2424 4738 πείνωσας
2462 4674 2610 4745 ἡμᾶς
2638 4672 2864 4745 σφόδρα.
2900 4692 2920 4724 ι

2645 4851 3040 4905 ΚΕΦΑΛΔῙΟΝ
3089 4851 3208 4906 EE’.

2231 4957 2251 4990 ι
2303 4939 2582 5012 Ἐμφανὴς
2611 4941 2876 5014 ἐγενήθην
2906 4945 3017 5006 τοῖς
3039 4943 3138 5012 ἐμὲ
3165 4941 3241 5014 μὴ
3271 4934 3606 5012 ἐπερωτῶσι,
3629 4940 3722 4993 εύ-

2158 5027 2320 5100 ρέθην
2363 5033 2476 5094 τοῖς
2514 5032 2615 5102 ἐμὲ
2651 5031 2726 5104 μὴ
2766 5031 3038 5102 ζητοῦσιν.
3083 5029 3256 5086 Εἷπα·
3319 5031 3449 5086 Ἰδού
3496 5035 3612 5103 εἰμι
3643 5031 3721 5102 τῷ

2155 5119 2316 5182 ἔθνει,
2348 5121 2398 5172 οἳ
2422 5120 2520 5174 οὑκ
2552 5122 2815 5176 ἐκάλεσαν
2844 5141 2945 5194 μου
2968 5124 3027 5176 τὸ
3050 5123 3237 5194 ὄνομα.
3265 5122 3608 5189 Ἐξεπέτασα.
3623 5123 3722 5186 τὰς

2154 5211 2342 5282 χεῖράς
2376 5229 2476 5281 μου
2513 5213 2642 5284 ὅλην
2668 5214 2767 5285 τὴν
2799 5214 3011 5285 ἡμέραν
3051 5215 3188 5286 πρὸς
3215 5215 3340 5269 λαὸν
3371 5213 3718 5274 ἀπειθοῦντα.

2151 5305 2246 5358 καὶ
2289 5303 2662 5373 ἀντιλέγοντα,
2702 5305 2828 5369 τοὺς
2864 5306 3261 5377 πορευομένους
3303 5306 3426 5377 ὁδῷ
3454 5307 3525 5360 ού.
3557 5306 3722 5377 καλῇ,

2149 5394 2264 5448 ἀλλ’
2291 5394 2466 5448 ὀπίσω
2509 5395 2616 5449 τῶν
2663 5396 2944 5467 ἁμαρτιῶν
2996 5397 3192 5452 αὐτῶν.
3233 5397 3291 5451 ’0
3331 5397 3456 5460 λαὸς
3497 5391 3649 5458 οὗτος
3691 5399 3724 5450 ὀ

2151 5487 2467 5558 παροξύνων
2507 5506 2573 5559 με
2603 5488 2843 5541 ἐναντίον
2871 5488 3003 5559 ἐμοῦ
3036 5488 3125 5542 διὰ
3148 5491 3347 5554 παντός
3370 5507 3385 5522 ⁸
3429 5489 3583 5545 αὐτοὶ
3628 5488 3723 5541 θυ-

2155 5576 2426 5642 σιάζουσιν
2477 5578 2534 5634 ἐν
2568 5580 2679 5641 τοῖς
2720 5578 2949 5648 κήποις,
2999 5579 3091 5634 καὶ
3140 5577 3406 5649 θυμιῶσιν
3457 5578 3550 5632 ἐπὶ
3599 5579 3725 5640 ταῖς

1101 5752 1146 5784 ⁸⁸
1175 5751 1345 5809 Exod.
1377 5768 1572 5821 xum,
1605 5751 1697 5811 20.
1775 5755 1816 5787 ⁸⁷
1849 5754 2004 5812 Num.
2034 5770 2141 5821 xvi,
2184 5756 2267 5812 19.
