4130 6444
415 376 514 434 509

1360 382 1858 441 COIMENTARIA
1894 383 1964 439 IN
1995 383 2258 477 ISAIAM.
2288 417 2360 429 -—
2395 386 2549 444 CAP.
2588 386 2749 445 LXV.

3567 398 3676 454 510

412 498 648 563 πλίνθοις
672 501 784 563 τοῖς
809 500 1125 573 δαιμονίοις,
1151 502 1188 557 ὃ.
1213 502 1312 558 οὐκ
1336 504 1503 562 ἔστιν.
1545 525 1563 558 ι
1601 506 1671 561 Ei
1711 525 1797 571 τις
1847 506 1952 561 θέλε

2054 540 2064 567 l
2094 507 2295 563 lateres
2328 509 2630 574 daemoniis,
2655 522 2775 579 qua:
2800 522 2907 565 non
2938 518 3092 568 sunt.
3112 529 3137 565 ι
3159 508 3218 567 Si
3244 511 3389 582 quis,
3411 512 3660 569 veritatis

409 590 693 664 φιλαλήθει
725 593 971 665 λογισμῷ
993 595 1092 667 τὴν
1120 596 1261 668 ἐμὴν
1290 599 1421 671 ὁρᾷν
1448 599 1875 671 φιλανθρωπίαν,
1906 600 1988 654 εὕ-

409 700 492 753 ροι
538 682 605 737 ἂν
634 685 900 754 φθάνοντα
935 704 1001 758 με
1034 690 1154 752 ταῖς
1202 690 1542 761 εὐεργεσίαις
1584 693 1678 746 καὶ
1711 695 1835 756 τοὺς
1884 711 1987 765 μα-

404 777 545 848 κράν
573 777 892 847 ἀφεστῶτας
918 779 1017 851 τῆς
1041 781 1181 852 ἐμῆς
1226 782 1503 850 γνώσεως.
1549 786 1757 839 Αὐτίκα
1785 785 1849 857 δὴ
1890 780 1985 840 οὖν

402 870 514 932 τοῖς
557 867 713 932 ἐκτὸς
754 871 1111 941 μηδεπώποτε
1140 874 1449 945 ἐρωτήσασί
1492 892 1560 946 με
1591 874 1809 946 ἐμφανῆ
1850 893 1981 929 κατ-

400 958 609 1028 έστησα
660 961 896 1032 ἐμαυτὸν
946 962 1013 1016 δι’
1058 963 1498 1035 ὑπε-ρὸἀλλουσαν
1538 965 1979 1039 φιλανθρωπίαν·

401 1051 544 1106 ὥστε
578 1053 678 1125 ἥδη
734 1056 861 1119 τοὺς
902 1057 1208 1126 ἀλλογενεῖς
1241 1060 1334 1113 καὶ
1363 1058 1690 1128 ἀλλοφύλους
1718 1060 1815 1131 τὴν
1842 1060 1980 1133 ἐμὴν

395 1144 600 1213 γνῶσιν
628 1146 997 1219 ἀνειληφέναι,
1031 1151 1233 1223 καίπερ
1257 1152 1422 1223 μηδὲν
1446 1154 1526 1215 είς
1557 1151 1714 1205 τοῦτο
1739 1151 1982 1222 συμϐαλ-

394 1236 675 1308 λομένους.
730 1240 892 1295 Ἀλλά
947 1243 1047 1295 καὶ
1084 1246 1198 1307 τοῖς
1232 1244 1306 1315 μὴ
1359 1243 1627 1315 ζητήσασι
1682 1244 1780 1316 τὴν
1839 1243 1978 1316 ἐμὴν

394 1328 560 1400 χάριν
593 1331 795 1403 ταύτης
823 1333 1126 1403 μετέδωκα,
1165 1336 1376 1404 φθάσας
1402 1352 1463 1388 τε
1501 1336 1599 1400 τάς
1632 1335 1834 1407 ἐτέρων
1868 1353 1977 1389 πα-

395 1420 724 1492 ρακλήσεις·
759 1425 887 1493 πρὶν
918 1426 1013 1478 καὶ
1057 1425 1349 1491 εὔξασθαι,
1393 1429 1523 1499 πρὶν
1573 1427 1665 1481 καὶ
1703 1425 1975 1481 ἱκετεῦσαι

391 1510 613 1577 αὐτοὺς,
638 1510 789 1568 εἶπον
809 1530 826 1545 ο
872 1516 1003 1569 Ἰδοὺ
1034 1516 1286 1588 πάρειμι.

470 1619 490 1652 ι
533 1602 621 1656 Ἐν
649 1605 763 1667 τοῖς
795 1606 1041 1677 μνήμασι
1072 1609 1164 1661 καὶ
1196 1610 1254 1661 ὲν
1275 1610 1386 1672 τοῖς
1420 1609 1706 1681 σπηλαίοις
1730 1610 1971 1681 κοιμῶν-

388 1708 480 1747 ται
510 1693 598 1747 διά
623 1695 848 1749 ἐνύπνια
884 1698 935 1749 oi
964 1697 1212 1763 ἔσθοντες
1246 1700 1415 1773 κρέας
1454 1701 1625 1767 ὕειον,
1656 1704 1749 1756 καὶ
1789 1702 1972 1772 ζωμὸν

388 1787 1043 1861 θυσιῶν,·μεμολυμμένα
1086 1792 1262 1846 πάντα
1309 1792 1377 1847 τά
1444 1794 1611 1866 σκεύη
1661 1795 1858 1848 αὑτῶν.
1903 1798 1967 1848 Οἱ

384 1878 656 1948 λέγοντες,
686 1873 882 1951 Πόρῤω
915 1882 1011 1935 ἀπ’
1040 1882 1199 1953 ἐμοῦ,
1230 1884 1304 1955 μὴ
1338 1885 1562 1957 ἐγγίσης
1595 1904 1706 1957 μοι,
1739 1887 1821 1939 ὅτι
1860 1904 1965 1940 κα-

383 1970 552 2044 θαρός
579 1967 715 2043 ἒίμι.
731 1966 898 2037 Οὗτος
919 1975 1124 2039 καπνὸς
1148 1976 1243 2029 τοῦ
1275 1976 1447 2048 θυμοῦ
1468 1995 1587 2049 μου.
1605 1978 1723 2047 Πῦρ
1749 1979 1963 2033 καίεται

380 2066 445 2118 ἐν
478 2065 627 2135 αὑτῷ
682 2066 864 2130 πάσας
899 2066 1001 2131 τὰς
1054 2069 1287 2139 ἡμέρας.
1338 2069 1468 2122 Ἰδοὺ
1518 2071 1825 2141 γέγραπται
1874 2072 1962 2123 ὲν-

374 2152 578 2208 ώπιόν⁶
600 2172 723 2225 μου·
760 2155 834 2209 Οὑ
886 2158 1148 2227 σιωπήσω
1186 2159 1291 2222 ἓως
1329 2160 1395 2212 ἃν
1432 2160 1696 2214 ἀποδώσω
1742 2163 1822 2223 είς
1870 2161 1960 2215 τδν

348 2296 351 2297 ,
374 2245 583 2299 κόλπον
614 2246 793 2299 αὐτῶν
816 2246 915 2311 τὰς
943 2248 1219 2319 ἁμαρτίας
1247 2250 1428 2303 αὐτῶν
1448 2250 1541 2303 καὶ
1569 2251 1677 2304 τῶν
1708 2252 1959 2323 πατέρων

373 2337 580 2401 αὐτῶν,
629 2336 777 2406 λέγει
810 2339 1037 2410 Κύριος.
1087 2341 1149 2393 Οἳ
1180 2342 1482 2413 ἐθυμίασαν
1509 2343 1600 2395 ἐπὶ
1631 2343 1739 2396 τῶν
1789 2345 1958 2416 ὀρέων

370 2429 475 2481 καὶ
509 2430 599 2482 ἐπὶ
624 2429 732 2483 τῶν
763 2431 966 2501 βουνῶν
1002 2431 1284 2487 ὠνείδισάν
1314 2452 1402 2505 με,
1436 2432 1699 2488 ἀποδώσω
1728 2435 1795 2488 τά
1820 2435 1957 2508 ἔργα

367 2520 556 2574 αὐτῶν
597 2522 677 2585 είς
719 2522 812 2575 τὸν
851 2524 1049 2578 κόλπον
1081 2525 1280 2579 αὐτῶν.
1313 2526 1501 2590 Οὕτως
1543 2526 1689 2596 λέγει
1727 2527 1951 2599 Κύριος⁸

370 2610 479 2664 ’ον
507 2613 708 2683 τρόπον
742 2615 1096 2687 εὑρεθήσεται
1137 2617 1167 2668 ὁ
1205 2617 1317 2689 ρὼξ
1371 2620 1428 2671 ἐν
1475 2618 1555 2690 τῷ
1608 2619 1812 2691 βότρυῖ,
1859 2621 1953 2674 καὶ

365 2701 592 2772 ἐροῦσι·
620 2705 711 2774 Μὴ
738 2705 951 2779 λυμήνῃ
971 2698 1256 2772 αὑτὸν,ὅτι
1278 2709 1495 2778 εὐλογία
1516 2711 1664 2765 ἐστὶν
1694 2714 1752 2765 ἐν
1780 2713 1948 2784 αὐτῷ’

365 2794 547 2859 οὕτως
575 2798 787 2867 ποιήσω
811 2797 995 2853 ἕνεκεν
1020 2800 1113 2852 τοῦ
1152 2800 1493 2866 δουλεύοντός
1521 2819 1630 2873 μοι.
1674 2823 1692 2854 ι
1733 2804 1871 2856 Ἀλλ’
1902 2805 1957 2857 εί

366 2886 477 2942 πού
510 2905 592 2951 τις
640 2889 791 2953 ἐντὸς
834 2890 1013 2943 αὐτῶν
1056 2891 1329 2963 εὑρεθείη,
1375 2893 1451 2956 ώς
1498 2894 1555 2947 ἐν
1590 2893 1777 2966 βότρυῖ
1812 2893 1950 2968 ξηρᾷ

363 2979 532 3051 ὑγιὴς
578 2980 670 3033 καὶ
711 2981 1024 3053 ἐρρωμένος
1065 2982 1195 3053 ῥὼξ,
1221 2985 1283 3037 ού
1307 2985 1643 3039 διαπεσεῖται
1668 2988 1798 3059 παρ’
1827 2989 1948 3059 ἐμοὶ

360 3069 448 3141 τῷ
482 3074 664 3143 κριτῇ,
695 3073 817 3125 οὐδὲ
846 3074 1226 3129 συναπολεῖται
1268 3080 1380 3141 τοῖς
1416 3078 1824 3151 ἀπολλυμένοις,
1857 3080 1944 3134 διά

2092 600 2272 655 studio
2295 609 2493 667 motus,
2532 616 2708 654 meam
2738 616 2864 673 erga
2889 603 3138 658 homines
3166 602 3507 659 clementiam
3545 618 3673 673 per-

2090 691 2324 758 pendere
2364 691 2515 759 velit,
2543 694 2590 747 is
2619 694 2858 749 inveniet
2887 710 2972 750 me
3006 710 3217 771 semper
3253 698 3334 753 vel
3363 714 3478 766 eos,
3505 700 3601 769 qui
3633 714 3666 754 a

2086 781 2393 850 cognitione
2422 797 2543 837 mea
2572 785 2760 854 procul
2788 788 2978 842 remoti
3008 797 3193 853 erant,
3214 787 3490 844 beneﬁciis
3519 805 3665 858 pra:-

2086 872 2320 926 venisse.
2372 874 2440 928 Et
2488 889 2616 931 vero
2647 880 2944 945 extraneis,
2996 880 3090 947 qni
3127 896 3212 936 me
3266 896 3537 951 nunquam
3581 882 3665 935 in-

2087 969 2501 1031 terrogaveram
2538 1006 2554 1031 ,
2611 966 2681 1021 ob
2734 967 2841 1020 vim
2904 968 3131 1024 all'ectus
3191 970 3318 1035 mei,
3375 970 3663 1026 manifeste

2083 1054 2328 1120 apparni,
2368 1055 2438 1108 ita
2466 1065 2523 1109 ut
2557 1056 2672 1126 jam
2718 1059 3037 1131 alienigenae
3089 1070 3144 1115 et
3176 1062 3448 1132 peregrini
3484 1065 3662 1129 cogni-

2082 1144 2282 1199 tionem
2320 1147 2423 1201 mei
2473 1149 2709 1203 assecuti
2754 1151 2904 1219 sint;
2944 1153 3042 1207 etsi
3074 1151 3148 1207 illi
3180 1152 3379 1206 nullam
3435 1168 3661 1223 operam

2080 1250 2142 1291 ea
2172 1236 2225 1290 in
2261 1253 2318 1291 re
2345 1238 2612 1295 dederint.
2644 1240 2755 1297 lmo
2783 1243 2945 1297 etiam
2985 1244 3073 1309 iis,
3098 1246 3188 1313 qui
3222 1245 3449 1314 gratiam
3479 1262 3657 1303 meam

2080 1342 2188 1382 non
2245 1331 2585 1396 quaarebant,
2621 1348 2813 1401 preces
2848 1349 3039 1389 eorum
3094 1345 3425 1403 praevertens
3480 1337 3652 1407 ipsam

2080 1416 2278 1471 tradidi
2313 1435 2326 1471 :
2366 1418 2680 1490 priusquam
2714 1432 2989 1494 rogarent,
3032 1424 3348 1495 priusquam
3380 1427 3653 1498 supplica-

2076 1516 2219 1570 rent,
2250 1508 2384 1573 dixi,
2408 1510 2549 1565 Ecce
2583 1514 2795 1567 adsum.

2150 1599 2307 1653 νίας.
2340 1600 2457 1656 4-8.
2480 1621 2498 1653 ι
2524 1602 2581 1656 In
2618 1606 2881 1675 sepulcris
2902 1616 2957 1663 et
2989 1609 3042 1663 in
3077 1610 3351 1680 speluncis
3374 1612 3652 1668 dormiunt

2076 1699 2293 1758 propter
2318 1694 2554 1758 somnia,
2596 1696 2684 1764 qui
2735 1698 3027 1754 comedunt
3063 1716 3280 1757 carnem
3328 1703 3561 1769 suillam,
3594 1713 3652 1759 et

2068 1782 2158 1849 jus
2201 1783 2523 1850 boui-arum,
2562 1786 2788 1854 profana
2830 1804 2957 1844 vasa
2984 1792 3167 1846 omnia
3212 1808 3419 1848 eorum.
3449 1794 3652 1860 Quidi-

2071 1884 2218 1940 cunt,
2256 1876 2439 1946 Longe
2472 1893 2501 1931 a
2536 1893 2640 1941 me,
2670 1894 2741 1933 ne
2764 1881 3167 1952 appropinques
3202 1884 3361 1951 mihi,
3390 1886 3646 1955 quoniam

2069 1969 2296 2022 mundus
2321 1984 2464 2023 sum.
2488 1968 2592 2025 Iste
2624 1980 2708 2025 est
2735 1971 2912 2027 fumus
2948 1974 3146 2029 furoris
3173 1975 3300 2030 mei.
3328 1976 3472 2047 Ignis
3495 1979 3649 2032 ardet

2067 2055 2117 2108 in
2152 2070 2215 2110 eo
2243 2059 2458 2112 cunctis
2478 2059 2687 2113 diebus.
2716 2060 2856 2115 Ecce
2873 2064 3131 2133 scriptum
3162 2076 3242 2119 est
3276 2067 3327 2120 in
3352 2080 3645 2138 conspectu

2064 2163 2229 2203 meo:
2264 2147 2377 2203 Non
2422 2152 2609 2208 tacebo
2672 2153 2846 2208 donec
2877 2156 3098 2211 reddam
3153 2157 3206 2211 in
3233 2159 3407 2212 sinum
3452 2176 3643 2214 eorum

2061 2249 2285 2308 peccata
2319 2242 2556 2310 ipsorum
2590 2252 2644 2297 et
2688 2252 2901 2314 patrum
2930 2261 3177 2312 suorum,
3206 2249 3335 2302 dicit
3360 2250 3641 2307 Dominus.

2061 2329 2159 2395 Qui
2190 2330 2544 2386 adoleverunt
2569 2333 2850 2388 incensum
2901 2351 3060 2406 supra
3110 2349 3323 2394 montes
3381 2351 3435 2394 et
3478 2357 3640 2413 supra

2058 2420 2224 2476 colles
2242 2423 2869 2492 exprobraveruntmibi,
2891 2428 3183 2481 retribuam
3203 2445 3361 2498 opera
3382 2446 3567 2486 eorum
3584 2434 3639 2491 in

2056 2512 2230 2567 sinum
2244 2526 2451 2570 eorum;
2471 2514 2561 2569 Sic
2573 2516 2703 2570 dicit
2716 2517 3001 2574 Dominus:
3019 2519 3474 2585 Quemadmodum
3491 2525 3643 2580 inve-

2056 2604 2234 2659 nietur
2250 2605 2434 2659 acinus
2451 2606 2502 2660 in
2534 2607 2709 2672 botro,
2727 2609 2973 2663 etdicent
2991 2628 3005 2664 :
3026 2609 3103 2664 Ne
3113 2612 3306 2677 perdas
3322 2613 3490 2679 illum,
3512 2617 3638 2683 quia

2053 2694 2361 2752 benedictio
2386 2699 2550 2775 estin
2574 2698 2665 2753 illo
2701 2717 2715 2764 ;
2747 2701 2825 2754 sic
2848 2700 3039 2755 faciam
3066 2714 3283 2773 propter
3307 2707 3633 2762 servientem

2053 2784 2209 2838 mihi.
2242 2802 2261 2837 ι
2301 2786 2407 2840 Sed
2450 2787 2495 2841 si
2528 2788 2649 2857 quis
2710 2789 2850 2842 inter
2896 2805 2992 2845 eos
3032 2793 3357 2860 reperiatur,
3397 2796 3537 2849 sicut
3580 2796 3635 2850 in

2050 2877 2211 2932 botro
2236 2878 2409 2941 arida,
2430 2893 2596 2934 sanus
2624 2878 2947 2949 vividusque
2965 2882 3176 2948 acinus,
3201 2898 3304 2938 non
3324 2886 3636 2955 cadetapud

2050 2984 2136 3023 me
2168 2969 2425 3040 iudicem,
2478 2986 2657 3042 neque
2694 2988 2814 3027 cum
2859 2975 3215 3044 pereuntibus
3252 2977 3469 3045 peribit,
3506 2977 3635 3046 quia

2053 3062 2451 3118 benedictionis
2488 3065 2768 3134 particeps
2790 3075 2894 3121 est.
2921 3064 3095 3120 Tanto
3121 3075 3301 3121 autem
3344 3068 3634 3137 pretiosior

362 3159 431 3214 τὸ
466 3161 711 3233 μετέχειν
730 3162 895 3216 αὑτὸν
919 3164 1184 3233 εὐλογίας.
1224 3165 1379 3219 Οὕτω
1401 3166 1458 3220 δέ
1489 3167 1640 3223 ἔσται
1664 3170 1692 3222 ὁ
1723 3169 1834 3240 ῥὼξ
1858 3165 1948 3226 οὕ-

2056 3157 2198 3227 apud
2231 3171 2319 3214 me
2345 3157 2451 3212 erit
2485 3158 2575 3212 hic
2615 3159 2825 3224 acinus,
2872 3168 3077 3229 quanto
3127 3161 3326 3215 rarior.
3365 3162 3446 3215 Ad
3486 3161 3631 3216 hunc

360 3266 459 3314 τος
491 3251 669 3321 τίμιος
709 3252 837 3324 παρ’
871 3252 1021 3323 ἐμοὶ,
1052 3255 1161 3325 ὅσῳ
1199 3257 1292 3309 καὶ
1328 3256 1571 3321 σπάνιος.
1608 3260 1767 3314 Κατὰ
1791 3261 1949 3315 τοῦτο

357 3341 423 3395 δὲ
456 3341 518 3395 τὸ
547 3342 896 3414 παράδειγμα
916 3345 1009 3398 καὶ
1039 3346 1131 3399 ἐπὶ
1150 3345 1244 3398 τοῦ
1274 3346 1475 3410 παντὸς
1502 3348 1688 3412 ἔθνους
1718 3352 1947 3423 ποιήσω,

360 3435 526 3506 εἴπερ
572 3453 656 3499 τις
705 3436 954 3507 εὑρεθείη
991 3438 1084 3490 καὶ
1128 3438 1186 3490 ἐν
1221 3436 1431 3501 τούτοις
1471 3440 1741 3511 σωτηρίας
1777 3441 1947 3506 ἄξιος.

445 3546 465 3577 ι
497 3525 701 3580 Τούτου
727 3528 912 3581 ἕνεκεν
946 3529 1004 3581 οὑ
1034 3528 1109 3600 μὴ
1138 3528 1389 3582 ἀπολέσω
1410 3530 1640 3597 πάντας,
1660 3532 1753 3585 καὶ
1776 3532 1949 3601 ἐξάξω

357 3616 425 3670 τὸ
454 3614 516 3681 ἐξ
558 3617 754 3671 Ἰακὼϐ
788 3618 1009 3690 σπέρμα
1043 3622 1135 3673 καὶ
1155 3619 1214 3687 ἐξ
1260 3620 1455 3674 Ἰούδα·
1493 3622 1589 3675 καὶ
1611 3622 1950 3696 κληρονομή-

360 3725 450 3761 σει
486 3708 545 3760 τδ
591 3709 715 3781 ὅρος
758 3710 819 3763 τὸ
853 3710 1006 3779 ἅγιόν
1039 3727 1174 3782 μουο
1205 3713 1299 3766 καὶ
1350 3713 1850 3787 κληρονομήσουσιν
1897 3719 1946 3771 οἱ

357 3800 612 3853 ἐκλεκτοί
659 3819 761 3870 μου
810 3802 904 3855 καὶ
942 3804 991 3855 oi
1024 3801 1203 3856 δοῦλοί
1243 3822 1368 3875 μου,
1396 3805 1491 3858 καὶ
1527 3808 1946 3878 κατοικήσουσιν

356 3892 502 3947 ἐκεῖ.
543 3913 562 3944 ι
602 3894 674 3946 Τὸ
711 3894 916 3964 ἀγαθὸν
966 3898 1061 3949 καὶ
1108 3897 1333 3951 σπάνιον
1384 3900 1638 3969 σπέρμα,
1675 3900 1874 3971 δηλαδὴ
1918 3903 1946 3954 ό

354 3984 723 4048 ἀποστολικὸς
766 3986 922 4057 χορὸς
974 3987 1070 4040 τοῦ
1123 3987 1361 4060 πλήθους
1406 3990 1515 4044 τῶν
1558 3991 1945 4063 ἀπολλυμένων

353 4075 696 4147 ἀφορισθείς.
730 4078 899 4132 Πάλιν
932 4079 1209 4134 κάνταῦθα
1260 4082 1550 4147 ἐκλεκτοὺς
1585 4083 1678 4136 καὶ
1727 4084 1943 4149 δούλους

351 4166 526 4223 αὑτοῦ
564 4170 690 4232 τοὺς
730 4170 1060 4236 ἀποστόλους
1095 4172 1371 4243 σημαίνει,
1422 4174 1616 4239 οἵτινες
1655 4175 1731 4239 ὡς
1769 4170 1943 4248 ῥῶγες

352 4259 649 4332 εὕρηνται·
693 4260 786 4326 οὓς
812 4262 904 4315 καὶ
930 4264 1289 4335 ἐκλεξάμενος
1315 4267 1705 4337 περιφυλάττει
1738 4270 1804 4321 ἐκ
1834 4268 1943 4323 τῶν

351 4352 585 4422 ἐτέρων,
622 4354 716 4407 καὶ
751 4353 973 4426 σπέρμα
997 4356 1151 4424 ἅγιον
1181 4358 1275 4410 καὶ
1305 4357 1557 4412 ἐκλεκτὸν
1582 4358 1883 4432 ὠνόμασεν.

431 4460 452 4492 ι
486 4442 594 4495 Καὶ
623 4442 836 4497 ἔσονται
866 4445 923 4497 ἐν
943 4445 1022 4515 τῷ
1047 4446 1236 4518 δρυμῷ
1260 4446 1516 4513 ἐπαύλεις
1540 4451 1823 4522 ποιμνίων.
1846 4453 1940 4506 καὶ

350 4532 578 4605 φάραγξ
621 4534 799 4606 Ἀχὼρ
826 4536 906 4599 είς
924 4536 1230 4591 ἀνάπαυσιν
1256 4538 1547 4608 βουκολίων
1569 4540 1646 4610 τῷ
1662 4541 1777 4613 λαῷ
1808 4560 1931 4612 μου,

347 4625 402 4679 οἳ
463 4625 737 4697 ἐζήτησάν
771 4644 904 4698 με.)
949 4627 1166 4700 Δρυμδν
1213 4630 1270 4683 δὲ
1318 4631 1507 4686 εἴωθεν
1556 4635 1589 4704 ή
1637 4634 1827 4707 Γραφὴ
1872 4636 1935 4689 τὸ

347 4717 566 4788 πλῆθος
590 4720 697 4772 τῶν
724 4718 1037 4790 ἀλλοφύλων
1057 4722 1243 4776 καλεῖν
1272 4723 1366 4777 καὶ
1405 4725 1706 4794 ἀλλογενῶν
1729 4727 1898 4782 ὲθνῶν
1916 4745 1930 4759 ·

349 4810 411 4864 ἐν
437 4805 521 4874 οἷς
555 4810 810 4876 ἐπαύλεις
848 4813 1115 4883 ποιμνίων
1140 4812 1357 4869 ἔσεσθαι
1385 4816 1666 4883 θεσπίζει,
1710 4817 1807 4882 τὰς
1840 4822 1934 4874 ὲκ-

350 4900 583 4973 κλησίας
608 4902 717 4956 τῶν
743 4901 838 4956 τοῦ
885 4903 1021 4956 Θεοῦ
1050 4904 1335 4976 προϐάτων
1368 4909 1756 4980 αἰνιττόμενος.
1790 4912 1933 4989 Aab;

348 4994 407 5048 δέ
428 4998 459 5048 ὁ
490 4994 797 5067 ἐκζητήσας
816 4995 977 5049 αὑτὸν
1002 4998 1031 5049 ὁ
1061 4996 1172 5070 ῥὼξ
1198 4993 1265 5070 ἦν
1296 4999 1392 5053 καὶ
1423 5000 1484 5053 τὸ
1498 5000 1755 5074 ἀνωτέρω
1779 5005 1932 5077 εἰρη..

354 5085 517 5156 μένον
553 5085 773 5157 σπέρμα
814 5087 863 5139 οί
914 5087 1161 5142 ἐκλεκτοὶ
1200 5089 1409 5143 δοῦλοι·
1454 5090 1520 5143 δι’
1551 5084 1626 5145 ὧν
1678 5093 1931 5164 βουκόλια

352 5174 493 5244 βοῶν
536 5176 631 5230 καὶ
681 5177 907 5247 ποίμνια
947 5172 1317 5251 συστήσασθαι
1349 5181 1450 5235 οὐκ
1478 5184 1535 5235 ἐν
1578 5181 1657 5253 τῷ
1697 5185 1932 5257 Ἰσραὴλ,

351 5268 471 5321 οὐδὲ
492 5270 551 5322 ἐν
581 5272 646 5340 τῇ
689 5270 957 5325 Ἰουδαίων
982 5271 1155 5344 χώρᾳ,
1182 5272 1320 5326 ἀλλά
1349 5275 1406 5326 ἐν
1433 5274 1513 5343 τῷ
1539 5275 1730 5348 δρυμῷ
1756 5278 1849 5332 καὶ
1871 5279 1930 5332 ἐν

349 5362 417 5430 τῇ
448 5359 700 5434 λεχθείσῃ
736 5362 979 5433 φάραγγι
1025 5364 1202 5435 Ἀχὼρ
1225 5366 1576 5437 προφητεύει.

309 5444 318 5501 l
428 5470 447 5503 ι
493 5451 681 5522 Ὑμεῖς
728 5452 784 5504 δὲ
820 5455 869 5505 oi
902 5456 1360 5523 ἐγκαταλιπόντες
1396 5475 1484 5528 με,
1517 5458 1611 5512 καὶ
1643 5460 1930 5514 ἐπιλανθα-

350 5543 563 5613 νόμενοι
596 5546 657 5597 τὸ
691 5544 815 5616 ὅρος
847 5546 906 5599 τὸ
944 5546 1097 5615 ἅγιόν
1133 5566 1263 5619 μου,
1312 5549 1406 5604 καλ⁵
1442 5551 1819 5622 ἐτοιμάζοντες
1850 5553 1927 5624 τῷ

351 5636 610 5709 δαιμονίῳ
663 5638 981 5710 τράπεζαν.
1036 5640 1131 5694 καὶ
1184 5642 1514 5713 πληροῦντες
1555 5646 1620 5715 τῇ
1661 5644 1799 5716 τύχῃ
1837 5646 1928 5700 κέ-

355 5745 557 5799 ρασμα.
600 5729 739 5798 Ἐγὼ
766 5729 1075 5801 παραδώσω
1104 5732 1249 5804 ὑμᾶς
1281 5737 1360 5799 είς
1386 5736 1690 5809 μάχαιραν·
1728 5738 1928 5803 πάντες

353 5818 410 5874 ἐν
440 5824 619 5894 σφαγῇ
641 5822 925 5876 πεσεῖσθε·
964 5824 1045 5877 ὃτι
1080 5826 1313 5882 ἐκάλεσα
1344 5830 1508 5899 ὑμᾶς,
1554 5832 1646 5886 καὶ
1667 5831 1762 5901 οὐχ
1796 5832 1926 5904 ὑπη-

2051 3249 2210 3319 plane
2225 3248 2441 3304 modum
2472 3260 2527 3305 et
2553 3250 2783 3305 formam
2814 3265 2933 3305 cum
2964 3262 3120 3319 gente
3150 3261 3262 3308 tota
3293 3267 3407 3307 rem
3446 3266 3626 3324 agam,

2050 3340 2099 3395 si
2132 3341 2255 3411 quis
2277 3356 2445 3412 penes
2472 3341 2595 3397 illos
2616 3342 2918 3413 reperiatur
2943 3343 3119 3399 salute
3140 3343 3349 3413 dignus.

2120 3520 2283 3576 Vsus.
2311 3520 2363 3575 9.
2390 3539 2409 3571 ι
2438 3518 2563 3575 Ideo
2594 3535 2698 3574 non
2739 3520 2962 3590 perdam
2998 3535 3207 3587 omnes,
3234 3528 3289 3575 et
3312 3521 3535 3574 educam
3555 3519 3626 3574 de

2047 3610 2213 3667 Jacob
2235 3626 2440 3676 semen,
2461 3621 2515 3667 et.
2540 3614 2605 3667 de
2625 3612 2759 3668 Juda
2784 3630 2797 3667 :
2818 3623 2872 3669 et
2908 3614 3206 3683 possidebit
3228 3622 3464 3667 montem
3489 3626 3627 3666 san-

2047 3714 2193 3759 ctum
2216 3719 2392 3758 meum
2417 3720 2432 3757 :
2462 3713 2514 3759 et
2536 3705 2931 3761 hareditabunt
2951 3706 3106 3763 electi
3129 3706 3233 3759 mei
3254 3714 3308 3760 et
3330 3703 3469 3759 servi
3494 3703 3624 3767 mei,

2046 3804 2099 3848 et
2125 3793 2446 3850 habitabunt
2478 3794 2572 3848 ibi.
2604 3813 2623 3846 ι
2645 3795 2849 3849 Bonum
2874 3806 2930 3850 et
2962 3809 3142 3849 rarum
3178 3809 3384 3856 semen,
3424 3792 3619 3846 videli-

2046 3896 2131 3941 cet
2172 3887 2503 3958 apostolicus
2533 3888 2768 3954 chorus,
2815 3902 2846 3941 a
2890 3887 3238 3957 pereuntium
3278 3883 3623 3940 multitudine

2046 3988 2441 4050 sequestratus.
2458 3978 2556 4034 llic
2579 3994 2792 4033 rursum
2819 3980 3022 4036 electos
3045 3988 3098 4035 et
3117 3992 3303 4034 servos
3329 3991 3456 4037 suos
3479 3991 3610 4046 apo-

2046 4072 2213 4128 stolos
2234 4082 2417 4139 vocat,
2451 4072 2541 4141 qui
2568 4072 2717 4126 velut
2738 4071 2879 4127 acini
2906 4072 3109 4141 reperti
3135 4079 3287 4134 sunt,
3318 4083 3455 4139 quos
3483 4067 3612 4123 item

2043 4166 2113 4220 ab
2134 4180 2193 4220 se
2215 4164 2416 4220 electos
2432 4181 2500 4219 ex
2528 4164 2650 4220 aliis
2672 4165 2930 4232 servavit,
2962 4172 3020 4220 et
3055 4178 3242 4219 semen
3279 4170 3525 4217 sanctum
3558 4168 3615 4215 et

2042 4258 2274 4314 electum
2314 4258 2549 4314 vocavit.

2112 4438 2280 4495 Vens.
2317 4438 2400 4493 10.
2434 4457 2454 4490 ι
2496 4439 2565 4494 Ει
2606 4446 2763 4510 erunt
2799 4438 2849 4492 in
2878 4435 3017 4491 saltu
3061 4432 3231 4490 caulas
3268 4444 3516 4501 gregum,
3554 4436 3610 4484 et

1970 4521 2019 4576 Β
2046 4532 2201 4588 vallis
2233 4532 2415 4587 Acbor
2453 4533 2503 4585 in
2548 4531 2788 4599 requiem
2829 4538 3199 4584 armentorum
3238 4523 3437 4595 populo
3466 4536 3613 4587 meo,

2042 4627 2134 4697 qui
2160 4626 2487 4697 quaesierunt
2513 4639 2617 4678 me.
2649 4643 2668 4675 ι
2689 4622 2842 4678 Solet
2871 4622 3154 4690 Scriptura
3188 4618 3612 4685 alienigenarum

2043 4729 2100 4773 et
2127 4728 2508 4773 extraneas-um
2532 4716 2768 4788 gentium
2798 4714 3200 4771 multitudinem
3224 4710 3421 4766 saltum
3447 4722 3612 4763 voca-

2042 4826 2121 4876 re,
2159 4812 2211 4865 in
2242 4810 2439 4880 quibus
2479 4809 2663 4864 caulas
2696 4823 2919 4881 gregum
2969 4807 3085 4861 fore
3131 4805 3481 4865 vaticinatur,
3514 4798 3612 4853 Dei

2029 4904 2212 4965 ovium
2253 4902 2523 4958 ecclesias
2560 4901 2929 4957 subindicans.
2972 4898 3207 4967 Populus
3238 4912 3369 4952 vero
3396 4895 3488 4966 qui
3516 4908 3613 4947 cx-

2032 4997 2255 5072 qnisivit
2276 5011 2422 5059 eum,
2451 4994 2640 5049 acinus
2660 5001 2800 5059 erat,
2841 5003 2897 5048 et
2920 5008 3103 5048 semen
3137 4991 3385 5061 superius
3407 5000 3613 5043 memo-

2035 5100 2211 5147 ratum
2236 5127 2255 5153 ,
2287 5087 2445 5142 electi
2498 5086 2615 5155 ejus
2653 5087 2838 5142 famuli
2868 5102 2884 5141 :
2918 5102 3148 5157 quorum
3199 5102 3362 5157 Opera
3423 5083 3609 5140 caulas

2031 5183 2194 5237 boum
2233 5189 2287 5234 et
2326 5179 2487 5233 ovilia
2523 5194 2628 5233 non
2656 5179 2709 5234 in
2748 5178 2967 5245 lsraele,
2998 5180 3241 5250 nequein
3274 5177 3477 5239 Judaea,
3512 5176 3607 5230 sed

2035 5275 2090 5329 in
2116 5273 2254 5329 saltu
2298 5282 2353 5328 et
2399 5273 2449 5325 in
2496 5282 2794 5327 memorata
2831 5272 2971 5328 valle
3013 5272 3193 5326 Acbor
3231 5267 3607 5325 constituenda

2034 5380 2155 5422 esse
2186 5366 2534 5434 praenuntiat.

2104 5458 2271 5513 Vens.
2309 5458 2397 5525 Η,
2433 5458 2521 5512 12.
2553 5476 2572 5509 ι
2605 5455 2711 5513 Vos
2738 5468 2944 5524 autem,
2973 5457 3065 5527 qui
3093 5454 3458 5525 dereliquistis
3498 5466 3601 5517 me,

2032 5561 2085 5607 et
2112 5551 2263 5606 obliti
2292 5551 2423 5605 estis
2440 5551 2636 5606 montis
2659 5553 2828 5606 sancti
2854 5551 2981 5615 mei,
3006 5550 3093 5619 qui
3120 5548 3321 5618 paratis
3344 5546 3605 5600 daemonio

2035 5660 2299 5711 mensam,
2336 5658 2389 5701 et
2417 5648 2508 5715 qui
2544 5646 2780 5716 impletis
2813 5647 3040 5701 fortuna:
3070 5644 3321 5697 libamen.
3344 5642 3456 5713 Ego
3496 5651 3605 5695 tra-

2037 5743 2159 5795 dam
2203 5755 2300 5794 vos
2347 5739 2400 5794 in
2438 5739 2674 5809 gladium
2721 5757 2732 5793 :
2775 5752 2963 5793 omnes
3007 5736 3057 5790 in
3107 5736 3251 5791 ccede
3293 5738 3599 5803 corruetis:

2036 5832 2290 5903 quoniam
2315 5832 2498 5889 vocavi
2527 5846 2640 5899 vos,
2670 5840 2848 5888 etnon
2882 5828 3206 5896 audivistis;
3240 5829 3446 5884 locutus
3462 5842 3602 5892 sum,
