4130 6420
499 386 593 442 511

1170 383 1440 441 EUSEBII
1479 354 1958 442 CESARIENSlS
1993 383 2144 441 orn.
2184 380 2365 437 PARS
2402 379 2491 437 lli.
2530 411 2602 422 —
2633 362 3043 438 EXEGETICA.

3645 373 3761 434 512

496 514 552 559 et
582 490 1006 574 Ediniempsistis,
1024 510 1079 557 et
1099 501 1306 558 fecistis
1336 503 1529 558 malum
1548 504 1599 559 in
1614 515 1904 575 conspectu
1929 521 2068 570 meo,

2173 502 2270 557 κού
2277 519 2404 557 σατε
2418 501 2551 574 (42)⁶
2569 502 2805 574 ἐλάλησα
2820 502 2914 555 καὶ
2932 497 3181 572 παρηκού
3188 515 3341 563 σατε,
3355 496 3450 552 καὶ
3460 496 3618 569 ἐποιή
3625 515 3726 552 σατ
3746 518 3755 554 r

496 609 551 654 et
576 614 697 669 quze
740 597 987 653 nolebam
1019 594 1283 666 elegistis.
1322 615 1342 647 ›
1379 597 1644 663 Quoniam
1688 613 1787 667 ego
1824 600 1939 668 ipse
1976 599 2067 666 qni

496 706 590 746 vos
626 689 913 760 prmsentia
955 702 1072 742 mea
1118 688 1309 757 dignos
1354 688 1556 756 habui,
1608 704 1705 743 vos
1740 688 1948 758 priores
1976 704 2070 757 per

496 783 877 851 memetipsnm
920 780 1130 847 vocavi,
1180 795 1280 836 vos
1322 792 1504 835 autem
1551 796 1658 837 non
1699 781 2017 838 obedivistis
2052 797 2067 834 :

492 891 657 945 quam
690 875 821 929 item
846 872 1287 929 criminationem
1326 875 1477 943 prius
1506 870 1800 928 elferebam
1837 872 1922 927 bis
1952 888 2073 926 ver-

492 969 597 1033 bis,
631 987 648 1020 ι
693 968 831 1035 Quia
860 967 1007 1032 veni,
1035 976 1093 1022 et
1131 983 1238 1021 non
1262 976 1379 1023 erat
1410 967 1604 1033 homo;
1629 966 1842 1034 vocavi,
1882 975 1937 1021 et
1965 982 2069 1020 non

492 1067 612 1116 erat
642 1061 733 1131 qui
777 1060 1014 1115 audiret.
1046 1079 1064 1112 ι
1098 1058 1334 1115 Rursum
1365 1059 1419 1115 in
1452 1059 1707 1131 populum
1746 1059 1882 1113 tales
1905 1072 2071 1112 accu-

493 1152 733 1205 sationes
778 1150 1034 1217 instituit,
1070 1149 1271 1203 docens
1306 1163 1402 1213 se,
1442 1158 1626 1219 utpote
1655 1147 1850 1211 Deum,
1882 1147 1975 1216 qui
2004 1147 2072 1201 ad

486 1242 713 1311 iustitia:
737 1242 993 1297 trutinam
1019 1241 1199 1297 omnia
1247 1239 1434 1306 faciat,
1472 1254 1748 1310 nunquam
1797 1238 2075 1307 neglectu-

494 1351 616 1390 rum
647 1349 742 1390 eos
779 1349 924 1400 esse,
963 1334 1055 1405 qui
1088 1332 1191 1389 sibi
1223 1333 1417 1404 quovis
1446 1332 1501 1387 in
1545 1331 1666 1387 loco
1713 1330 1977 1395 serviant,
2006 1344 2074 1384 ex

492 1444 823 1501 quacunque
865 1437 1026 1501 gente
1073 1426 1298 1484 fuerint.
1340 1426 1542 1483 Omnes
1576 1426 1811 1497 quippe,
1843 1425 1935 1496 qui
1971 1425 2073 1479 sibi

493 1522 707 1576 servire
747 1528 1080 1591 proponunt,
1116 1518 1290 1575 salute
1320 1520 1504 1573 donat.
1539 1517 1688 1587 Ipsos
1717 1518 1884 1589 igitur
1921 1517 2075 1572 exci-

494 1615 635 1685 piet,
667 1629 732 1670 ac
765 1614 833 1670 iis
872 1614 1149 1670 ccelestem
1191 1613 1370 1669 cibum
1406 1612 1797 1684 suppeditabit,
1835 1611 2077 1669 salutare

493 1720 693 1774 nempe
724 1705 984 1770 Verbum,
1021 1704 1165 1775 quod
1188 1704 1286 1770 ait,
1317 1720 1336 1755 ι
1378 1703 1492 1771 Ego
1520 1718 1639 1758 sum
1673 1702 1851 1774 panis,
1882 1702 1973 1772 qui
2007 1701 2076 1757 de

495 1796 637 1852 coelo
666 1798 921 1853 descendi
947 1797 1014 1851 ⁸⁸.
1046 1816 1065 1850 ι
1103 1797 1170 1851 Ει
1222 1795 1278 1851 hi
1333 1795 1550 1866 quidem
1605 1804 1908 1851 memorato
1937 1809 2076 1864 pane

493 1890 809 1945 nutrientur
836 1898 890 1945 et
915 1889 1341 1954 saturabuntur;
1375 1903 1473 1944 vos
1506 1897 1712 1953 autem,
1760 1887 1956 1957 inquit,
1984 1887 2077 1957 qui

494 1983 729 2054 gratiam
755 1998 928 2038 meam
959 1997 1064 2038 non
1095 1980 1435 2051 suscepistis,
1475 1978 1818 2035 rationabilis
1844 1978 1951 2034 cibi
1978 1993 2076 2049 pe-

494 2075 653 2131 nuria
680 2075 935 2131 esurietis
961 2092 976 2130 :
1006 2075 1245 2145 itemque
1274 2074 1365 2144 qui
1392 2073 1523 2128 mihi
1564 2071 1809 2128 serviunt
1850 2070 2077 2127 immor-

493 2166 622 2222 talis
680 2167 806 2222 vitae
859 2177 986 2237 potu
1035 2166 1414 2237 replebuntur,
1466 2164 1534 2220 de
1575 2178 1685 2235 quo
1729 2163 1935 2220 dictum
1966 2172 2073 2229 est,

497 2276 519 2311 ι
561 2258 883 2330 Quicunque
919 2259 1120 2315 biberit
1154 2274 1223 2314 ex
1262 2273 1403 2327 aqua
1444 2271 1609 2329 quam
1651 2272 1753 2325 ego
1793 2257 1932 2313 dabo
1981 2257 2071 2322 ei,

492 2349 589 2407 fiet
622 2351 676 2406 in
702 2366 767 2408 eo
794 2351 914 2407 fons
940 2367 1093 2423 aqua:
1119 2352 1369 2408 salientis
1395 2350 1452 2407 in
1476 2349 1642 2405 vitam
1670 2350 2016 2406 aeternam”.
2050 2371 2069 2403 ι

477 2509 486 2568 Ψ
561 2531 728 2588 Vsus.
763 2533 947 2590 15-15.
973 2554 991 2584 σ
1022 2532 1317 2606 Propterea
1335 2532 1453 2590 haec
1476 2533 1609 2590 dicit
1635 2532 1918 2598 Dominus,
1938 2532 2077 2588 Ecce

491 2622 583 2694 qui
614 2624 858 2679 serviunt
884 2625 1019 2680 mihi
1064 2626 1386 2693 comedent;
1415 2640 1515 2681 vos
1558 2634 1739 2681 autem
1767 2627 2024 2683 esurietis
2058 2641 2071 2677 :

491 2732 619 2775 ecce
635 2719 728 2789 qui
744 2704 988 2775 serviunt
1007 2721 1140 2775 mihi
1156 2719 1368 2786 bibent,
1382 2733 1480 2776 vos
1496 2731 1676 2776 autem
1697 2720 1899 2775 sitietis
1918 2736 1933 2775 :
1948 2732 2076 2775 ecce

490 2812 584 2882 qui
627 2811 877 2867 sersiunt
907 2811 1039 2866 mihi
1076 2811 1425 2878 laetabuntur,
1446 2826 1545 2866 vos
1560 2821 1741 2869 autem
1776 2810 2076 2869 confunde—

492 2903 628 2958 mini
662 2920 677 2957 :
716 2918 845 2959 ecce
867 2904 960 2974 qui
989 2904 1233 2961 serviunt
1254 2904 1386 2960 mihi
1412 2904 1764 2961 exsultabunt
1786 2905 1841 2960 in
1869 2904 2073 2970 laetitia,

492 3008 591 3049 vos
612 3002 795 3049 autem
819 2994 1125 3051 clamabitis
1151 3004 1375 3067 propter
1404 2995 1646 3051 dolorem
1676 2997 1860 3052 cordis
1885 2995 2071 3064 vestri,

492 3095 591 3140 eta
614 3087 943 3143 contritione
968 3088 1193 3159 spiritus
1214 3087 1385 3144 vestri
1416 3086 2074 3161 ululabilis.'Relinquetis

494 3178 639 3232 enim
676 3194 872 3235 nomen
903 3189 1146 3236 vestrum
1176 3182 1229 3236 in
1273 3182 1621 3238 saturitatem
1665 3182 1855 3240 electis
1893 3183 2068 3251 meis;
2099 3211 2141 3270 ο

490 3281 590 3322 vos
619 3277 802 3323 autem
856 3269 1151 3328 interflciet
1198 3270 1508 3329 Dominus:
1556 3272 1924 3329 servientibus
1971 3288 2069 3329 au-

490 3364 603 3412 tem
645 3359 776 3414 mihi
813 3361 1099 3416 vocabitur
1133 3377 1330 3418 nomen
1374 3378 1594 3419 novum.
1635 3383 1655 3417 ι
1696 3364 1852 3432 Quod
1891 3364 1935 3420 si
1968 3380 2070 3420 cu-

491 3446 638 3503 riose
679 3457 900 3518 agentes
927 3449 1174 3507 ediscere
1203 3452 1438 3523 cupiatis
1476 3454 1699 3524 quinam
1734 3455 1867 3509 mihi
1899 3453 2073 3510 servi-

493 3540 599 3593 turi
628 3541 758 3604 sint,
787 3549 843 3596 et
867 3544 1007 3612 quod
1034 3543 1140 3600 illis
1161 3546 1234 3600 sit
1262 3559 1480 3611 nomen,
1514 3547 1709 3603 scitote
1736 3534 1909 3603 Deum
1938 3563 2074 3604 non-

493 3631 620 3685 dum
648 3633 886 3703 ipsorum
915 3650 1110 3691 nomen
1138 3635 1318 3708 palam
1359 3635 1556 3695 eﬂerre
1586 3638 1747 3707 velle,
1781 3641 1876 3695 sed
1905 3639 1957 3694 id
1989 3654 2074 3696 so-

490 3720 768 3780 lummodo
816 3725 1151 3796 significare,
1197 3729 1341 3800 quod
1393 3745 1575 3801 neque
1621 3730 1793 3787 Israel
1841 3731 2072 3788 vocandi

492 3814 622 3878 sint,
703 3831 878 3888 neque
944 3817 1157 3887 Jacob,
1212 3835 1388 3889 neque
1447 3820 1661 3889 Judaei,
1708 3837 1885 3895 neque
1967 3824 2074 3880 alio

490 3900 744 3969 quopiam
780 3903 1117 3972 {hominibus
1178 3919 1309 3965 noto
1355 3909 1638 3993 vocabulo.
1670 3910 1878 3968 Novum
1925 3913 2072 3968 enim

492 3994 763 4060 quoddam
783 4009 847 4049 ac
869 3999 1306 4054 recentissimum
1326 4016 1522 4057 nomen
1554 4003 1898 4074 imponetur;
1927 4005 2077 4061 illud.

491 4093 600 4149 que
625 4079 884 4147 insolens.
915 4097 980 4139 ac
1019 4101 1292 4157 nunquam
1335 4088 1471 4142 alias
1500 4089 1772 4155 auditum,
1804 4091 1949 4160 quod
1979 4092 2076 4146 be-

493 4168 776 4225 nedicetur
810 4172 863 4227 in
899 4184 1065 4243 terra,
1087 4186 1363 4234 accrescet
1387 4179 1538 4248 item,
1560 4191 1615 4237 et
1635 4181 2077 4254 multiplicabitur

490 4273 601 4330 prae
626 4263 773 4319 omni
813 4267 1082 4335 corporali
1130 4268 1523 4327 benedictione.
1566 4271 1701 4327 Nam
1735 4274 1779 4330 si
1827 4291 1934 4346 qua
1971 4275 2074 4330 alia

491 4354 751 4423 augenda:
779 4357 1109 4414 multitudini
1133 4369 1256 4431 apta
1279 4361 1376 4417 Dei
1402 4362 1710 4419 benedictio
1739 4367 1919 4432 fuerit,
1936 4368 2077 4424 hanc

493 4440 623 4498 item
663 4459 1025 4519 consequetur
1063 4466 1260 4508 nomen
1291 4452 1464 4508 servis
1500 4455 1635 4511 meis
1671 4456 2073 4526 imponendum.

2169 592 2230 647 τὸ
2279 594 2514 666 πονηρὸν
2543 596 2784 650 ἐναντίον
2814 593 2973 665 ἐμοῦ,
3012 593 3107 647 καὶ
3137 592 3173 647 ἃ.
3201 592 3300 646 οὐκ
3342 590 3644 663 ἐδουλόμην
3668 591 3744 660 ἐξ·

2171 684 2444 750 ελέξασθε.
2475 705 2494 738 ι
2514 686 2729 761 Ἐπειδὴ
2746 687 2907 750 αὑτὸς
2928 685 3037 755 ἐγὼ
3064 686 3163 757 τῆς
3195 682 3432 755 ἐμαυτοῦ
3455 684 3746 756 παρουσίας

2171 776 2520 846 καταξιώσας
2552 779 2699 842 ὑμᾶς
2736 778 2932 842 αὑτοὺς
2953 776 3201 851 πρώτους
3231 777 3376 848 ὑμᾶς
3415 776 3482 830 δι’
3516 775 3746 847 ἐμαυτο⁹

2171 869 2438 941 κέκληκω
2475 871 2633 941 ὑμεῖς
2665 870 2722 925 δὲ
2746 872 2846 942 οὑχ
2868 869 3215 931 ὑπηκούσατε
3233 885 3247 898 ·
3277 869 3360 921 ὅτι
3384 868 3479 921 καὶ
3509 868 3616 939 πρὸ
3637 868 3732 921 τού

2171 980 2267 1017 του
2294 963 2544 1036 ᾐτιώμην
2577 965 2772 1034 λέγων·
2806 984 2823 1016 ι
2849 964 2993 1017 Διότι
3023 958 3205 1033 ἦλθον,
3236 962 3330 1016 καὶ
3353 963 3452 1015 οὑκ
3464 957 3533 1033 ἦν
3555 960 3750 1033 ἄνθρω

2174 1073 2299 1121 sror
2333 1056 2591 1124 ἐκάλεσα,
2622 1056 2718 1111 καὶ
2739 1057 2838 1110 οὑκ
2859 1051 2928 1128 ἦν
2959 1056 2987 1110 6
3015 1055 3327 1109 ὑπακούων.
3366 1074 3386 1108 ι
3425 1054 3595 1109 Πάλιν
3624 1055 3756 1127 πρὸς

2171 1146 2265 1200 τὸν
2304 1146 2433 1201 λαὸν
2473 1145 2572 1211 τὰς
2607 1146 2979 1218 προκειμένας
3011 1147 3247 1198 ποιεῖται
3284 1143 3642 1216 κατηγορίας,
3678 1142 3741 1196 διε

2172 1236 2410 1303 δάσκων,
2463 1238 2540 1302 ὡς
2583 1237 2930 1309 δικαιοσύνης
2975 1235 3125 1307 ζυγῷ
3153 1236 3331 1291 πάντα
3362 1235 3638 1306 πράττων,
3681 1234 3761 1300 ὡς

2174 1325 2328 1390 Θεὸς,
2347 1326 2596 1397 οὐδαμῶς
2627 1325 2726 1397 μὲν
2749 1325 3058 1398 παρόψεται
3082 1326 3210 1389 τοὺς
3231 1325 3354 1379 ὅποι
3377 1324 3578 1395 δήποτε
3607 1324 3757 1395 αὑτῷ

2174 1417 2550 1483 δουλεύοντας,
2593 1417 2653 1484 ἐξ
2691 1419 2805 1472 οἴου
2838 1419 2884 1473 δ’
2913 1418 2981 1473 ἂν
3014 1417 3200 1483 ἔθνους
3232 1413 3362 1473 εἷεν.
3396 1418 3612 1481 Πάντας
3648 1416 3761 1490 γάρ

2177 1511 2362 1576 ἁπλῶς
2390 1509 2643 1576 διασώζει
2665 1514 2794 1576 τοὺς
2834 1510 3105 1565 δουλεύειν
3142 1510 3290 1583 αὑτῷ
3319 1510 3757 1585 προῃρημένους.

2176 1602 2548 1676 Παραδέξεται
2578 1600 2693 1667 οὖν,
2731 1605 2827 1659 καὶ
2871 1604 3083 1669 τούτοις
3112 1602 3340 1677 παρέξει
3385 1604 3483 1677 τὴν
3524 1605 3759 1677 ἐπουράν

2175 1715 2288 1753 νιον
2319 1698 2548 1770 τροφὴν,
2583 1696 2676 1752 τὸν
2700 1698 2875 1767 Λόγον
2908 1697 3007 1752 τὸν
3046 1699 3313 1771 σωτήριον
3342 1698 3435 1752 τὸν
3468 1698 3755 1772 εἰρηκόταο

2183 1813 2201 1847 ι
2245 1793 2387 1864 Ἐγώ
2426 1796 2543 1866 εἰμι
2586 1794 2615 1847 6
2656 1793 2822 1865 ἄρτος
2867 1795 2895 1849 6
2938 1795 3003 1849 ἐκ
3040 1793 3134 1849 τοῦ
3163 1793 3394 1866 οὐρανοῦ
3423 1794 3688 1859 καταϐάς.
3734 1814 3755 1848 ι

2106 1850 2148 1907 Β
2177 1850 2337 1938 Οὗτοί
2383 1850 2496 1955 μὲν.
2527 1878 2620 1938 οὖν
2786 1850 3030 1956 λεχθέντι
3063 1850 3624 1958 ἄρτῳ-τραφήσονται
3648 1850 3761 1939 ’καὶ

2176 1976 2669 2051 ἐμπλησθήσονται·
2690 1977 2848 2049 ὑμεῖς
2866 1976 2944 2042 δὲ,
2963 1977 3116 2047 φησὶ,
3133 1978 3183 2030 οἱ
3207 1976 3282 2048 μὴ
3297 1977 3396 2050 τὴν
3412 1975 3551 2049 ἐμὴν
3570 1976 3761 2031 ὑποδε-

2177 2068 2403 2141 ξάμενοι
2429 2070 2612 2143 χάριν,
2640 2071 2819 2142 ἐνδείᾳ
2851 2069 3078 2141 λογικῆς
3100 2070 3307 2142 τροφῆς
3328 2069 3595 2141 λιμώξετε
3612 2085 3629 2101 ο
3665 2069 3762 2124 καὶ

2176 2162 2343 2217 πάλιν
2367 2165 2415 2217 οἱ
2449 2162 2550 2235 μέν
2584 2163 2709 2234 ἐμοὶ
2736 2161 3079 2227 δουλεύοντες
3111 2161 3275 2216 πότου
3308 2162 3454 2234 ζωῆς
3486 2161 3758 2215 ἀθανάτου

2177 2256 2615 2329 πλησθήσονται,
2656 2256 2786 2328 περὶ
2827 2249 2888 2309 οὗ
2926 2254 3210 2310 λέλεκται·
3251 2273 3271 2307 ι
3310 2255 3407 2319 ⁸ος
3438 2253 3505 2309 ἂν
3554 2254 3654 2326 πίῃ
3696 2254 3762 2308 ἐκ

2174 2350 2270 2405 τοῦ
2302 2349 2514 2415 ὓδατος,
2543 2340 2605 2404 οὗ
2652 2348 2764 2418 ἐγὼ
2795 2348 2952 2403 δώσω
2981 2347 3151 2420 αὐτῷ,
3180 2349 3469 2421 γενήσεται
3506 2350 3563 2402 ἐν
3612 2347 3767 2421 αὑτῷ

2175 2442 2326 2516 πηγὴ
2357 2441 2547 2506 ὓδατος
2575 2440 2867 2513 ἁλλομένου
2890 2442 2969 2502 είς
3001 2439 3144 2513 ζωὴν
3165 2440 3403 2496 αἰώνιον.
3426 2459 3446 2491 ι

2250 2552 2269 2585 r
2323 2533 2424 2587 Διὰ
2467 2533 2625 2588 τοῦτο
2662 2534 2789 2587 τάδε
2836 2532 2984 2603 λέγει
3017 2532 3251 2605 Κύριος
3293 2533 3425 2587 Ἰδοὺ
3455 2534 3504 2586 οἱ
3536 2532 3756 2588 δουλεύ-

2172 2627 2323 2691 οντές
2358 2644 2451 2698 μοι
2492 2626 2788 2697 φάγονται,
2821 2627 2978 2697 ὑμεῖς
3002 2626 3058 2681 δὲ
3086 2626 3394 2681 πεινάσετε·
3434 2625 3542 2681 ἰδοὺ
3563 2626 3613 2680 oi
3636 2626 3758 2680 δου-

2171 2716 2420 2783 λεύοντές
2447 2736 2537 2790 μοι
2568 2718 2805 2783 πίονται,
2840 2719 2997 2790 ὑμεῖς
3035 2718 3093 2773 δέ
3114 2718 3401 2790 διψήσετε·
3432 2718 3540 2773 ἰδοὺ
3565 2719 3613 2772 οἱ
3634 2718 3755 2773 δου-

2172 2808 2420 2873 λεύοντές
2443 2826 2531 2881 μοι
2551 2810 3209 2882 εὑφρανθήσονται,ὑμεῖς
3233 2810 3290 2864 δέ
3308 2810 3750 2885 αἰσχυνθήσεσθευ

2176 2899 2286 2953 ἰδοὺ
2324 2901 2373 2953 οἱ
2401 2898 2741 2966 δουλεύοντες
2776 2918 2866 2973 μοι
2894 2901 3311 2970 ἀγαλλιάσονται
3345 2905 3403 2957 ἐν
3426 2902 3757 2978 εὐφροσύνη,

2173 2993 2332 3063 ὑμεῖς
2363 2992 2420 3047 δὲ
2443 2992 2775 3066 κεκράξεσθε
2797 2994 2885 3049 διὰ
2910 3007 3002 3049 τον
3031 2994 3194 3049 πόνον
3207 2996 3308 3068 τῆς
3325 2996 3554 3070 καρδίας
3579 2992 3763 3069 ὑμῶν,

2172 3083 2267 3138 καὶ
2297 3083 2406 3138 ἀπὸ
2448 3085 2741 3158 συντρισῆς
2775 3085 3083 3158 πνεύματος
3113 3086 3267 3160 ὑμῶν
3305 3086 3603 3156 ὁλολύξετε.
3636 3090 3758 3144 Κα-

2172 3173 2458 3245 ταλείψετε
2491 3174 2602 3249 γάρ
2646 3175 2707 3229 τὸ
2749 3175 2921 3248 ὄνομα
2967 3176 3121 3249 ὑμῶν
3162 3178 3246 3241 είς
3299 3176 3620 3250 πλησμονὴν
3645 3178 3761 3243 τοῖς

2173 3266 2452 3332 ἐκλεκτοῖς
2491 3284 2594 3339 μου
2612 3283 2626 3297 °
2663 3266 2809 3339 ὑμᾶς
2836 3268 2895 3322 δέ
2935 3267 3117 3322 ἀνελεῖ
3142 3265 3379 3341 Κύριος·
3410 3269 3524 3332 τοῖς
3553 3266 3611 3320 δέ
3640 3266 3762 3320 δου-

2171 3357 2389 3412 λεύουσί
2411 3375 2500 3430 μοι
2514 3359 2846 3433 κληθήσεται
2862 3361 3034 3432 ὄνομα
3047 3360 3252 3415 καινόν,
3268 3379 3287 3413 ι
3310 3360 3373 3413 Ei
3396 3360 3452 3414 δέ
3470 3360 3760 3431 περιεργό-

2171 3468 2328 3524 τερον
2352 3451 2587 3506 ἐθέλοιτε
2613 3453 2805 3526 μαθεῖν
2821 3454 2967 3518 τίνες
2986 3448 3096 3507 εἷεν
3107 3454 3157 3507 οἱ
3172 3452 3455 3524 μέλλοντες
3464 3452 3759 3518 δουλεύειν,

2173 3544 2269 3599 καὶ
2311 3545 2365 3598 τί
2400 3545 2585 3610 αὐτοῖς
2622 3546 2826 3618 ὄνομα,
2870 3544 3169 3614 γινώσκετε
3190 3585 3206 3612 ,
3242 3545 3325 3600 ὅτι
3358 3541 3513 3598 οὔπω
3541 3543 3645 3616 μὲν
3672 3546 3756 3609 εξς

2175 3638 2407 3709 φανερὸν
2431 3636 2669 3710 τοῦνομα
2689 3637 2866 3692 αὐτῶν
2885 3640 2914 3692 ὁ
2946 3638 3077 3701 Θεὸς
3101 3635 3347 3708 βούλεται
3367 3636 3596 3706 ἀγαγεῖν
3619 3653 3634 3667 ·
3664 3654 3755 3690 το-

2178 3728 2367 3783 σοῦτον
2397 3730 2454 3784 δέ
2479 3729 2638 3802 μόνον
2671 3729 2946 3802 σημαίνει,
2978 3729 3055 3794 ὡς
3080 3728 3201 3784 οὑτε
3234 3727 3448 3800 Ἰσραὴλ
3464 3726 3758 3801 κληθήσον-

2177 3839 2301 3888 ται,
2341 3820 2467 3876 οὑτε
2503 3821 2718 3888 Ἰακὼϐ,
2771 3821 2896 3876 οὕτε
2938 3822 3200 3886 Ἰουδαῖοι,
3248 3820 3373 3875 οὑτε
3399 3819 3535 3884 ’ὅλως
3562 3817 3761 3874 τιτῶν

2176 3914 2485 3988 ἀνθρώποις
2512 3914 2988 3988 συνεγνωσμένων.
3020 3914 3222 3971 Καινὸν
3250 3914 3361 3988 γάρ
3375 3931 3427 3968 τι
3442 3914 3538 3968 καλ⁸
3557 3913 3764 3968 νεώτα-

2173 4024 2266 4060 τον
2298 4007 2483 4072 αὺτοῖς
2510 4007 2889 4080 ἐπιτεθήσεται
2933 4006 3125 4080 ὄνομα,
3158 4005 3330 4075 ξένον,
3354 4062 3359 4067 _
3380 4006 3475 4061 καὶ
3501 4005 3761 4078 μηδεπώ-

2175 4117 2306 4155 ποτε
2335 4100 2620 4169 ἀκουσθέν,
2647 4102 2677 4156 ὃ
2694 4101 3118 4174 εὐλογηθήσεται
3154 4100 3249 4154 ἐπὶ
3277 4100 3376 4173 τῆς
3406 4100 3510 4172 γῆς
3536 4098 3760 4164 αὐξανό-

2179 4206 2360 4260 μενον,
2389 4191 2485 4244 καὶ
2504 4190 2908 4263 πληθυνόμενον
2934 4190 3075 4263 ὑπὲρ
3108 4191 3291 4245 πᾶσαν
3327 4189 3646 4261 σωματικὴν
3670 4190 3762 4243 εὑ-

2176 4281 2383 4351 λογίαν.
2411 4283 2477 4337 Εί
2498 4284 2607 4357 γάρ
2633 4301 2717 4348 τις
2736 4284 2830 4337 καὶ
2848 4283 2985 4353 άλλη
3014 4282 3250 4355 πλήθους
3270 4282 3527 4355 ποιητικὴ
3558 4282 3759 4353 τυγχά-

2176 4390 2256 4427 νει
2296 4374 2361 4427 ἐκ
2388 4373 2524 4429 Θεοῦ
2575 4374 2816 4444 εὐλογία,
2864 4373 3071 4446 ταύτης
3108 4373 3356 4442 τεύξεται
3388 4373 3449 4427 τὸ
3484 4373 3657 4446 ὄνομα
3699 4372 3762 4427 τὸ

2177 4460 2631 4534 ἐπιτεθησόμενον
2656 4465 2768 4527 τοῖς
2789 4462 3101 4517 δουλεύουσί
3136 4480 3228 4536 μοι

570 4537 734 4594 Vens.
765 4539 854 4606 16,
901 4540 989 4597 17.
1027 4561 1046 4595 ι
1075 4541 1402 4601 Benedicent
1445 4548 1589 4603 enim
1640 4547 1754 4604 Deo
1798 4564 1932 4605 vero
1970 4559 2070 4606 :et

2249 4565 2269 4600 ι
2318 4548 2685 4622 Εὑλογήσουσι
2716 4553 2826 4624 γὰρ
2856 4552 2949 4607 τὸν
2977 4552 3113 4607 Θεὸν
3139 4553 3232 4608 τὸν
3260 4552 3545 4625 ἀληθινόν·
3581 4553 3675 4607 καὶ
3703 4553 3757 4606 οἱ

491 4631 583 4699 qui
634 4628 823 4699 jurant
874 4632 930 4687 in
978 4642 1143 4703 terra,
1188 4635 1454 4705 jurabunt
1499 4653 1598 4709 per
1634 4638 1802 4695 Deum
1858 4655 2067 4699 verum.

491 4717 890 4776 Obliviscentur
937 4724 1079 4779 enim
1139 4729 1503 4786 tribulationis
1567 4729 1790 4800 primae,
1854 4741 1911 4785 et
1961 4747 2069 4787 non

490 4811 745 4877 ascendet
775 4811 829 4866 in
863 4829 960 4870 cor
991 4833 1199 4875 eorum.
1229 4820 1345 4875 Erit
1381 4822 1526 4877 enim
1558 4822 1757 4878 coelum
1786 4837 1982 4878 novum
2015 4834 2071 4879 et

480 4911 634 4980 terra
670 4919 832 4973 nova,
860 4922 959 4963 nec
992 4912 1423 4970 recordabuntur
1455 4916 1718 4986 priorum,
1750 4930 1852 4971 nec
1887 4917 2069 4972 veniet

488 4997 543 5053 in
574 5013 669 5053 cor
707 5014 914 5055 eorum.
941 5019 961 5054 ι
1013 5000 1147 5058 Nam
1176 5005 1311 5061 alias
1335 5020 1458 5061 cum
1506 5015 1633 5062 tunc
1662 5007 1858 5063 coelum
1895 5009 2071 5079 suspi-

486 5099 711 5157 cerent,
763 5107 879 5147 rem
928 5106 1165 5151 creatam
1216 5097 1466 5155 colebant
1517 5115 1629 5170 prae
1676 5099 1968 5167 Creatore,
2015 5111 2074 5158 et

489 5188 693 5237 terram
732 5183 985 5241 similiter
1008 5187 1172 5243 veluti
1203 5188 1371 5245 Deum
1400 5191 1824 5258 venerabantur,
1855 5206 2070 5248 necnon

487 5285 706 5331 exertos
744 5291 812 5331 ex
852 5277 939 5333 illa
971 5277 1182 5335 fructus
1231 5298 1244 5335 :
1295 5295 1441 5337 nunc
1471 5296 1599 5337 vero
1631 5283 1830 5337 cmlum
1872 5298 2068 5339 novum

488 5374 540 5419 et
574 5374 772 5424 terram
804 5384 998 5426 novam
1031 5372 1297 5451 videntes,
1334 5387 1501 5444 Opera
1531 5388 1787 5431 manuum
1815 5375 1912 5432 Dei
1941 5390 2065 5433 esse

490 5452 750 5525 fatentur,
778 5474 886 5517 non
913 5472 1095 5520 autem
1123 5462 1255 5520 deos
1275 5478 1397 5520 esse
1425 5473 1617 5535 putant

598 5658 644 5690 ⁸⁸
672 5626 946 5731 δοθηξνι,
977 5666 1068 5722 ιι.
1144 5667 1189 5700 ¹⁹
1210 5666 1369 5726 Joan.
1401 5683 1475 5734 IV,
1509 5668 1599 5727 14.

583 5753 673 5825 42)
715 5755 812 5832 llic
833 5768 887 5813 et
917 5761 967 5815 in
996 5762 1344 5832 sequentibus
1372 5763 1505 5820 locis
1544 5778 1730 5820 vocem
1767 5765 2063 5821 ὑπακούειν

494 5839 601 5879 non
631 5829 770 5882 male
819 5841 1005 5887 vertas
1038 5829 1347 5890 réwouderr
1394 5833 1526 5890 Nam
1562 5835 1667 5891 hoc
1698 5852 1797 5894 usu
1829 5838 2064 5908 plerum-

2172 4642 2463 4714 ὀμνύοντες
2480 4643 2573 4696 ἐπὶ
2588 4642 2688 4714 τῆς
2706 4644 2812 4715 γῆς
2829 4644 3088 4716 όμοῦνται
3100 4645 3192 4701 τὸν
3213 4644 3345 4700 Θεὸν
3365 4645 3455 4699 τὸν
3480 4643 3753 4716 ἀληθινόν.

2187 4734 2565 4807 Ἐπιλήσονται
2594 4735 2705 4807 γὰρ
2739 4735 2837 4807 τὴν
2871 4735 3050 4807 θλίψιν
3094 4737 3194 4810 τὴν
3238 4736 3480 4811 πρώτην,
3516 4737 3610 4790 καὶ
3657 4735 3760 4789 οὑκ

2174 4826 2504 4899 ἀναϐήσεται
2549 4828 2732 4883 αὑτῶν
2784 4829 2878 4883 ἐπὶ
2928 4828 3025 4901 τὴν
3071 4829 3318 4901 καρδίαν.
3351 4830 3548 4882 Ἔσται
3590 4828 3698 4899 γὰρ
3728 4829 3761 4882 6

2174 4917 2403 4988 οὐρανὸς
2433 4918 2618 4983 καινὸς
2650 4920 2743 4973 καὶ
2766 4921 2801 4992 ἡ
2837 4921 2911 4992 γῆ
2934 4920 3117 4993 καινὴ,
3148 4922 3243 4975 καὶ
3271 4921 3332 4975 οὑ
3367 4922 3441 4993 μὴ
3479 4919 3761 4993 μησθῶσι

2174 5009 2283 5062 τῶν
2327 5008 2629 5083 προτέρων,
2672 5012 2782 5066 οὐδ’
2813 5013 2874 5067 οὑ
2924 5013 2999 5086 μὴ
3046 5013 3248 5086 ἐπέλθῃ
3298 5013 3479 5068 αὑτῶν
3520 5013 3614 5066 ἐπὶ
3655 5012 3762 5085 τὴν

2172 5102 2421 5175 καρδίαν.
2461 5121 2480 5155 ι
2522 5102 2734 5169 Ἀλλως
2770 5103 2871 5176 μὲν
2904 5105 3013 5177 γὰρ
3041 5105 3163 5159 τότε
3204 5104 3440 5177 ὁρῶντες
3470 5103 3562 5157 τὸν
3590 5103 3760 5175 οὐρα-

2172 5192 2281 5258 νὸν,
2314 5193 2563 5249 ἐσέϐοντο
2586 5197 2652 5267 τῇ
2686 5196 2860 5250 κτίσει
2898 5195 3051 5267 παρὰ
3087 5196 3177 5250 τὸν
3207 5195 3488 5262 κτίσαντα,
3524 5196 3620 5249 καὶ
3659 5194 3762 5266 τὴν

2172 5282 2276 5355 γῆν
2299 5282 2500 5355 ὁμοίως
2534 5283 2864 5352 ἐθεοποίουν,
2892 5286 2987 5341 καὶ
3007 5288 3134 5351 τοὺς
3166 5289 3230 5341 ἐκ
3252 5287 3456 5360 ταύτης
3488 5287 3763 5360 βλαστών-

2172 5392 2272 5440 τας
2294 5375 2542 5446 καρπούς
2564 5393 2580 5407 ³
2627 5375 2722 5431 νῦν
2751 5376 2798 5429 δ’
2823 5379 2912 5431 ὅτε
2942 5377 3127 5431 καινὸν
3172 5377 3395 5449 ὂψοντες
3416 5378 3508 5432 τὸν
3530 5378 3761 5449 οὐρανὸν

2174 5468 2269 5522 καὶ
2319 5468 2416 5540 τὴν
2460 5468 2585 5539 γῆν,
2614 5467 2753 5540 ἔργα
2775 5469 2975 5542 χειρῶν
3026 5468 3162 5524 Θεοῦ
3205 5466 3343 5527 εἶναι
3379 5469 3776 5543 ὁμολογοῦσιν,

2175 5560 2357 5615 οὐκέτι
2383 5560 2440 5614 δὲ
2472 5560 2627 5626 θεοὺς
2653 5555 2794 5616 εῖναι
2824 5562 3155 5635 νομίζουσιν.

2171 5784 2277 5837 que
2304 5769 2420 5845 llaec
2458 5782 2562 5823 vox
2603 5769 2838 5845 occurrit
2868 5778 2978 5827 tum
3022 5772 3075 5829 in
3109 5772 3389 5845 Scriptura
3426 5786 3603 5840 sacra,
3643 5780 3758 5828 tum

2172 5843 2315 5910 apud
2351 5838 2485 5896 alios
2519 5840 2834 5912 scriptorcs.
