4130 6410
338 367 443 422 515

1266 363 1771 419 COMMENTARIA
1808 364 1875 419 IN
1917 364 2173 422 ISAIAM.
2214 400 2282 409 -—
2321 369 2471 424 CAP.
2516 367 2673 423 LXV.

3491 375 3594 430 5M

410 502 429 535 ι
477 484 616 537 ⁹Ἀλλ’
647 483 983 554 εὐφροσύνην
1011 484 1105 537 καὶ
1134 484 1450 552 ἀγαλλίασιν
1487 487 1811 557 εὑρήσουσιν
1856 489 1906 541 ἐι

2090 490 2252 543 Vens.
2283 490 2475 547 18-20.
2517 508 2534 541 ι
2567 490 2669 544 Sed
2704 490 2943 544 Iretitiam
2975 500 3029 546 et
3064 491 3477 549 exsultationem
3511 497 3595 549 in-

331 578 495 646 αὐτῇ.
531 577 648 630 Ὅτι
682 576 789 629 ἰδοὺ
834 576 947 644 ἐγὼ
987 576 1126 629 ποιῶ
1167 576 1479 648 ἀγαλλίαμα
1517 579 1911 649 Ἰερουσαλὴμ,

330 668 544 721 καὶτὸν
580 667 706 720 λαόν
742 685 841 737 μου
870 668 1210 739 εὐφροσύνην
1230 685 1242 696 ·
1272 669 1364 721 καὶ
1397 668 1797 740 ἀγαλλιάσομαι
1821 671 1915 722 ἐπὶ

342 757 413 813 Ἱε
421 760 653 830 ρουσαλὴ
662 778 719 830 μ,
744 760 840 814 καὶ
855 762 1302 832 εὐφρανθήσομαι
1319 762 1413 815 ἐπὶ
1429 761 1507 831 τῷ
1524 762 1639 833 λαῷ
1664 780 1785 834 μου·
1821 765 1914 818 καὶ

334 850 522 903 οὐκέτι
548 851 621 920 μὴ
642 851 877 922 ἀκουσθῇ
909 852 966 903 ἐν
984 852 1119 923 αὐτῇ
1145 851 1295 923 φωνὴ
1325 852 1600 924 κλαυθμοῦ
1618 854 1738 907 οὐδὲ
1763 856 1912 928 φωνὴ

334 942 608 1012 κραυγῆς,
635 942 742 995 οὐδ’
762 944 822 996 οὐ
857 943 931 1014 μὴ
948 943 1169 1014 γένηται
1196 943 1276 997 ἔτι
1302 946 1420 998 ἐκεῖ
1442 945 1618 1017 ἄωρος
1649 947 1743 999 καὶ
1781 964 1914 1016 πρε-

328 1032 557 1102 σϐύτης,
588 1032 646 1096 ὃς
669 1034 768 1086 οὐκ
807 1033 1074 1105 ἐμπλήσει
1098 1035 1187 1087 τὸν
1216 1034 1405 1107 χρόνον
1432 1035 1618 1091 αὐτοῦ.
1653 1055 1672 1088 ι
1707 1037 1915 1101 Πάντες

324 1124 442 1197 γὰρ
483 1126 580 1196 τῆς
619 1128 748 1199 παρ’
780 1128 903 1197 ἐμοὶ
953 1127 1305 1191 ἀναστάσεως
1332 1128 1585 1199 τυχόντες
1631 1130 1774 1183 κατά
1820 1128 1913 1182 τὸν

325 1217 523 1289 καιρὸν
554 1218 661 1272 τῶν
693 1218 1033 1287 ἐπαγγελιῶν
1062 1220 1142 1281 είς
1163 1218 1330 1290 ἄνδρα
1359 1219 1583 1284 τέλειον,
1603 1221 1683 1284 είς
1718 1220 1912 1291 μέτρον

290 1340 295 1343 η
324 1309 551 1380 ἡλικίας
596 1308 816 1380 ἤξουσι’
868 1311 963 1363 καὶ
1022 1311 1225 1373 πάντες
1276 1310 1490 1363 ἔσονται
1550 1312 1773 1381 ἀκμαῖοι
1815 1310 1913 1375 τὰς

324 1401 615 1472 ψυχάς,ὠς
648 1405 785 1473 μήτε
814 1402 991 1475 ἄωρον
1018 1405 1211 1475 νήπιον
1246 1403 1340 1456 καὶ
1356 1402 1547 1473 ἀτελῆ,
1584 1405 1718 1473 μήτε
1746 1404 1913 1475 ὑπερ-

323 1492 604 1564 ϐεϐηκότα
649 1495 743 1547 καὶ
788 1496 1138 1565 γεγηρακότα
1186 1496 1243 1546 ἐν
1291 1495 1473 1557 αὐτοῖς
1525 1495 1908 1565 εὑρίσκεσθαι·

324 1586 533 1649 πάντες
566 1587 622 1639 δὲ
654 1586 935 1657 ὁμήλικες,
972 1587 1047 1649 ὡς
1078 1586 1143 1640 ἂν
1180 1586 1268 1655 ὑφ’
1299 1586 1394 1641 ἕνα
1430 1586 1619 1656 καιρὸν
1652 1586 1751 1656 τῆς
1779 1587 1910 1639 ἀνα-

218 1670 235 1677 ”
325 1677 575 1741 στάσεως
594 1677 925 1747 τευξόμενοι,
945 1678 1038 1731 καὶ
1072 1680 1200 1747 μιᾶς
1216 1677 1635 1747 παλιγγενεσίας
1661 1677 1914 1749 μεθέξον-

325 1782 440 1829 τες.

408 1877 427 1908 ‹
472 1859 663 1910 Ἔσται
695 1858 803 1929 γὰρ
828 1860 856 1911 6
878 1857 996 1920 νέος
1021 1855 1211 1910 ἑκατὸν
1234 1855 1391 1919 ἐτῶν,
1418 1858 1445 1909 6
1468 1855 1523 1908 δέ
1557 1853 1913 1924 ἀποθνήσκων
1943 1848 1986 1902 Β

323 1950 653 2020 ἁμαρτωλὸς
682 1949 878 2005 ἑκατὸν
904 1950 1063 2015 ἐτῶν,
1098 1948 1191 2001 καὶ
1233 1947 1637 2018 ἐπικατάρατος
1666 1945 1842 1997 ἔσται.
1883 1964 1901 1996 ›

323 2043 403 2095 Τὸ
430 2042 541 2096 ἴσον
566 2042 661 2095 τοῦ
696 2043 888 2113 χρόνου
922 2042 1022 2111 τῆς
1049 2042 1113 2094 ἐκ
1141 2040 1350 2112 νεκρῶν
1378 2039 1725 2101 ἀναστάσεως
1762 2055 1907 2107 παρ-

320 2136 576 2207 ἐστησεν.
617 2136 808 2187 Ἔσται
855 2129 948 2187 οῦν
987 2135 1015 2185 6
1050 2130 1373 2203 ἁμαρτωλὸς
1403 2130 1497 2182 καὶ
1524 2128 1687 2189 αὐτὸς
1716 2128 1907 2181 ἑκατὸν

322 2226 485 2287 ἐτῶν,
533 2227 627 2278 καὶ
660 2225 1064 2295 ἐπικατάρατος
1114 2223 1267 2275 ἕσται
1300 2222 1559 2289 ἀκμαῖος,
1605 2220 1700 2272 καὶ
1731 2219 1806 2282 ὡς
1849 2220 1906 2271 ἐν

318 2315 497 2386 κακίᾳ
530 2315 752 2376 τέλειος,
788 2314 1149 2384 ἀποθνήσκων
1166 2314 1230 2381 τῇ
1263 2308 1456 2362 ἑαυτοῦ
1482 2307 1727 2380 ἁμαρτίᾳ
1751 2325 1765 2338 ·
1790 2310 1819 2361 ὅ
1847 2327 1905 2362 τε

321 2405 446 2468 νέος
475 2405 635 2458 πάλιν
661 2404 853 2458 ἑκατὸν
879 2404 1034 2469 ἐτῶν,
1057 2404 1152 2456 καὶ
1173 2402 1334 2465 αὐτὸς
1348 2400 1552 2465 τέλειος
1575 2404 1633 2455 ἐν
1659 2401 1905 2468 τελείοις,

318 2498 405 2558 εἰς
440 2498 714 2567 σωτηρίαν
751 2495 1329 2567 παραλαμϐανόμενος.

362 2636 365 2639 .
401 2608 419 2640 ι
450 2592 561 2643 Καὶ
586 2590 1028 2660 οίκοδομήσουσιν
1053 2589 1249 2651 οἰκίας,
1285 2588 1380 2641 καὶ
1410 2589 1564 2641 αὐτοὶ
1594 2578 1906 2659 ἐνοικήσου-

316 2695 411 2732 σι’
452 2678 544 2732 καὶ
582 2678 1085 2745 καταφυτεύσουσιν
1120 2678 1471 2747 ἀμπελῶνας,
1511 2679 1605 2731 καὶ
1635 2678 1791 2730 αὐτοὶ
1814 2678 1909 2745 φά-

315 2787 508 2840 γονται
547 2769 616 2822 τὰ
670 2770 989 2839 γεννήματα
1049 2768 1251 2823 αὐτῶν.
1301 2788 1320 2821 ›
1361 2770 1487 2833 Τοῖς
1535 2770 1644 2840 γὰρ
1700 2769 1906 2822 ἑαυτῶν

314 2862 504 2935 ἔργοις
536 2860 631 2914 καὶ
655 2863 775 2923 ταῖς
800 2860 1027 2923 οἰκείαις
1049 2860 1315 2932 πράξεσιν
1344 2860 1663 2933 ποριοῦνται
1695 2863 1908 2927 ἑαυτοῖς

316 2954 419 3017 τὰς
459 2954 624 3023 μονὰς
657 2952 755 3015 τὰς
784 2951 937 3022 παρά
968 2952 1045 3023 τῷ
1085 2952 1260 3023 Πατρί
1281 2969 1294 2981 ο
1320 2952 1455 3007 ἀλλά
1494 2954 1621 3017 τοὺς
1660 2953 1907 3023 καρποὺς

310 3043 428 3098 *ιῶν
461 3044 639 3096 πόνων
666 3043 844 3097 αὐτῶν
878 3044 1142 3111 φάγονται
1160 3059 1172 3071 ·
1209 3042 1396 3114 διόπερ
1425 3043 1461 3097 ἃ
1488 3044 1907 3115 γεωργήσαντες

314 3137 649 3206 συνήγαγον,
685 3136 859 3188 ταῦτα
890 3138 1203 3207 εὑρήσουσι,
1251 3136 1347 3189 καὶ
1383 3135 1442 3199 ἐξ
1482 3136 1661 3190 αὐτῶν
1690 3138 1905 3208 τραφή-

315 3244 526 3282 σονται.

392 3338 413 3371 ι
457 3320 530 3372 Οὐ
582 3318 657 3389 μὴ
704 3318 1152 3389 οἰκοδομήσουσι,
1198 3321 1296 3375 καὶ
1334 3319 1483 3374 ἄλλοι
1531 3321 1901 3391 ἐνοικήσουσι,

312 3412 413 3468 καὶ
433 3412 494 3465 οὒ
532 3411 605 3482 μὴ
638 3410 984 3479 φυτεύσουσι,
1013 3411 1105 3464 καὶ
1127 3412 1272 3465 ἄλλοι
1299 3412 1585 3480 φάγονται.
1616 3412 1772 3465 Κατὰ
1794 3410 1904 3482 γάρ

310 3505 415 3569 τάς
451 3506 663 3575 ἡμέρας
707 3502 801 3555 τοῦ
830 3501 986 3567 ξύλου
1035 3504 1135 3574 τῆς
1164 3501 1311 3573 ζωῆς
1356 3503 1570 3557 ἔσονται
1601 3504 1657 3556 αἱ
1699 3503 1903 3575 ήμέραι

310 3597 413 3651 τοῦ
449 3595 580 3650 λαοῦ
624 3612 724 3666 μου
750 3613 762 3625 ·
800 3596 869 3649 τά
909 3594 1018 3666 γὰρ
1061 3593 1198 3666 ἔργα
1241 3594 1349 3648 τῶν
1381 3595 1559 3649 πόνων
1587 3595 1770 3649 αὐτῶν
1795 3611 1902 3647 πα-

314 3688 665 3744 λαιώσουσιν.
713 3707 732 3739 ι
779 3687 917 3740 Ἀλλ’
950 3687 1031 3750 είς
1072 3686 1299 3758 ἄπειρον
1339 3686 1515 3743 αἰῶνα
1554 3689 1611 3741 ἐν
1650 3685 1903 3756 ἀθανάτῳ

314 3782 524 3852 sititet;
552 3780 793 3844 διάξουσι
816 3795 831 3810 ο
863 3778 941 3832 διὸ
967 3778 1246 3830 λέλεκται·
1291 3797 1309 3829 ι
1345 3779 1499 3831 Κατὰ
1520 3779 1627 3849 γὰρ
1650 3778 1747 3841 τὰς
1768 3778 1903 3849 ἡμέ-

316 3890 425 3945 ρας
459 3870 552 3923 τοῦ
592 3869 748 3933 ξύλου
780 3870 879 3939 τῆς
921 3866 1068 3937 ζωῆς
1104 3869 1162 3921 αἱ
1204 3867 1411 3938 ἡμέραι
1438 3866 1533 3920 τοῦ
1560 3866 1689 3920 λαοῦ
1719 3883 1839 3937 μου.
1872 3885 1894 3918 ›

315 3966 393 4018 Τὸ
429 3962 587 4030 ξύλον
617 3963 674 4016 δὲ
706 3963 920 4033 εἴρηται
963 3962 1020 4013 ἐν
1055 3960 1134 4031 τῷ
1176 3959 1488 4030 παραδείσῳ
1511 3958 1603 4011 τοῦ
1634 3957 1770 4011 Θεοῦ
1804 3975 1902 4010 πε-

316 4052 653 4124 φυτεῦσθαι·
700 4050 977 4104 δείκνυται
1030 4048 1340 4121 τοιγαροῦν,
1390 4049 1472 4102 ὃτι
1517 4049 1618 4101 οὐκ
1670 4048 1774 4115 ἔξω
1806 4048 1899 4102 τοῦ

313 4145 457 4200 Θεοῦ
484 4145 537 4197 αἱ
559 4143 884 4212 ἐπαγγελίαι
918 4142 1264 4213 τυγχάνουσι.
1297 4142 1376 4194 Δι’
1403 4134 1479 4197 ὧν
1518 4141 1773 4195 ἀπάντων
1808 4160 1901 4195 σα-

316 4240 437 4309 φῶς
474 4237 661 4309 ἕτερον
688 4236 814 4289 λαὸν
851 4235 1060 4302 είσάγει
1100 4233 1277 4303 ἐαυτῷ
1314 4232 1469 4305 παρά
1499 4233 1593 4286 τοῦ
1632 4234 1899 4287 Ἰουδαίων

316 4333 528 4394 ἔθνους.
563 4322 723 4383 Οὗτοι
751 4330 861 4399 γὰρ
889 4326 1380 4398 παλαιωθήσονται,
1414 4326 1534 4379 οὐδὲ
1566 4326 1773 4397 ἑτέροις
1803 4344 1900 4380 κα-

314 4424 667 4494 ταλείψουσι,
707 4421 995 4493 μέλλοντες
1037 4416 1190 4482 αὖθις
1242 4418 1596 4489 μεθίστασθαι
1623 4418 1717 4471 τοῦ
1759 4418 1896 4489 βίου,

2016 582 2230 635 venient
2275 583 2327 635 in
2376 596 2460 635 ea.
2493 582 2755 648 Quoniam
2788 598 2915 637 ecce
2955 598 3054 655 ego
3096 584 3238 639 facio
3272 587 3593 641 exsultatio-

2016 685 2137 726 nem
2164 672 2483 738 Jerusalem,
2512 685 2565 727 ct
2595 673 2848 743 populum
2882 690 3059 729 meum
3097 676 3336 731 laetitiam
3367 695 3381 731 :
3417 688 3472 733 et
3504 695 3595 731 cx-

2014 765 2224 819 sultabo
2256 779 2415 834 super
2461 764 2781 830 Jerusalem,
2827 776 2882 820 et
2916 767 3142 822 lmtabor
3185 785 3348 839 super
3397 771 3595 840 popqu

2014 868 2172 907 meo:
2205 862 2259 907 et
2309 869 2413 908 non
2462 844 2603 908 ultra
2640 856 2887 909 audietur
2922 857 2974 910 in
3029 860 3143 927 ipsa
3181 874 3285 913 vox
3334 858 3511 924 ﬂetus,
3541 871 3596 916 et

2016 959 2116 998 vox
2164 944 2448 1009 clamoris,
2491 960 2663 1013 neque
2708 946 2847 999 ultra
2908 948 3011 1001 erit
3057 949 3130 1003 ibi
3167 950 3489 1005 immaturus
3538 962 3595 1007 et

2015 1048 2202 1095 senex,
2248 1035 2335 1103 qui
2390 1050 2493 1088 non
2530 1035 2754 1103 impleat
2796 1046 3005 1106 tempus
3040 1054 3218 1093 suum.
3244 1058 3261 1091 ι
3319 1041 3595 1113 Quotquot

2014 1124 2157 1176 enim
2206 1125 2653 1178 resurrectionem
2704 1143 2733 1180 a
2786 1143 2872 1182 me
2932 1128 3117 1184 datam
3168 1145 3590 1202 consequentur,

2015 1220 2260 1280 tempore
2290 1214 2730 1282 promissionum,
2780 1218 2834 1270 in
2883 1216 3055 1272 virum
3092 1221 3393 1288 perfectum
3437 1234 3491 1277 et
3539 1224 3589 1277 in

2014 1317 2320 1356 mensuram
2352 1304 2523 1358 {etatis
2554 1306 2812 1361 venient:
2853 1316 3016 1377 atque
3059 1324 3251 1365 omnes
3285 1314 3464 1366 anima
3501 1329 3592 1369 ve-

2014 1394 2120 1465 geti
2167 1404 2341 1459 erunt,
2374 1398 2446 1451 ita
2479 1406 2534 1451 ut
2570 1414 2744 1468 neque
2781 1399 3104 1455 immaturus
3136 1411 3189 1457 et
3228 1419 3333 1458 non
3372 1407 3593 1461 adultus

2008 1485 2243 1554 juvenis,
2292 1501 2467 1556 neque
2505 1497 2664 1541 tetate
2696 1501 2984 1558 provectus
3016 1500 3109 1544 aut
3137 1507 3302 1547 senex
3332 1495 3403 1549 ibi
3442 1510 3594 1563 repe-

2015 1577 2215 1640 riatur,
2268 1579 2362 1632 sed
2419 1580 2569 1647 paris
2621 1579 2797 1634 anatis
2842 1596 3055 1647 onmes,
3104 1593 3287 1652 utpote
3336 1584 3427 1654 qui
3482 1601 3592 1639 uno

2013 1668 2311 1736 eodemque
2347 1679 2586 1738 tempore
2627 1681 2946 1741 resurgant,
2992 1682 3045 1726 et
3087 1658 3594 1747 ejusdeniJegene-

2014 1758 2245 1811 rationis
2279 1770 2561 1813 consortes
2590 1761 2722 1814 sint.

2093 1869 2111 1902 ι
2144 1848 2261 1903 Erit
2307 1850 2450 1904 enim
2501 1851 2716 1920 juvenis
2751 1862 2966 1910 centum
3012 1870 3298 1922 annorum,
3331 1857 3422 1926 qui
3461 1874 3590 1915 vero

2010 1940 2263 2001 moritur,
2300 1950 2549 2009 peccator
2586 1953 2802 1997 centum
2852 1960 3118 2002 annorum
3164 1960 3219 2003 et
3264 1950 3587 2006 maledictus

2010 2033 2133 2086 erit.
2162 2050 2181 2084 ι
2226 2030 2427 2088 Ᾱῖιίιιίε
2469 2043 2523 2088 et
2558 2038 2818 2105 temporis
2849 2038 2901 2092 in
2935 2043 3336 2096 resurrectione
3364 2045 3593 2113 aaquali»

2013 2134 2179 2180 tatem
2233 2127 2347 2181 fore
2393 2127 2651 2184 declarat.
2694 2130 2812 2185 Erit
2864 2132 3030 2203 igitur
3086 2146 3345 2203 peccator
3380 2151 3433 2195 et
3479 2142 3592 2212 ipse

2011 2228 2225 2271 centum
2274 2234 2576 2285 annorum,
2621 2230 2676 2275 et
2718 2222 3034 2280 maledictus
3080 2228 3220 2292 erit,
3268 2241 3490 2301 vegetus
3536 2244 3592 2287 et

2011 2309 2167 2377 quasi
2200 2309 2253 2362 in
2287 2310 2488 2365 malitia
2525 2312 2794 2381 perfectus
2829 2317 3067 2371 moriens
3117 2319 3168 2372 in
3206 2332 3427 2389 peccato
3466 2339 3585 2379 suo.

2009 2398 2233 2455 Juvenis
2272 2402 2398 2456 item
2451 2414 2665 2459 centum
2716 2421 3009 2472 annorum,
3050 2419 3106 2463 et
3154 2410 3268 2478 ipse
3312 2412 3590 2481 perfectus

2009 2492 2153 2547 inter
2180 2492 2472 2563 perfectos,
2497 2506 2552 2550 et
2576 2496 2631 2551 in
2662 2498 2892 2552 salutem
2923 2511 3246 2557 assmnetur.

2078 2586 2245 2642 Vens.
2270 2588 2361 2642 2i.
2400 2606 2418 2639 ι
2447 2588 2514 2643 Ει
2546 2591 2893 2647 aadilicabunt
2924 2594 3135 2659 domos,
3182 2605 3236 2649 et
3280 2597 3381 2667 ipsi
3428 2598 3587 2654 inha-

2008 2677 2259 2734 bitabunt
2294 2697 2307 2735 :
2342 2689 2395 2735 et
2439 2680 2758 2750 plantabunt
2804 2684 3014 2751 vineas,
3061 2696 3116 2740 et
3156 2687 3257 2755 ipsi
3306 2690 3591 2744 comedent

2010 2769 2216 2824 fructus
2243 2785 2450 2823 earum.
2476 2790 2495 2823 ι
2529 2770 2662 2825 Nam
2707 2774 2821 2827 suis
2862 2776 2958 2843 ipsi
3008 2778 3265 2843 operibus
3307 2789 3361 2854 et
3395 2779 3588 2847 gestis,

2009 2861 2315 2916 mansiones
2347 2862 2467 2917 illas
2490 2878 2608 2934 qua:
2635 2866 2774 2932 apud
2806 2863 3020 2919 Patrem
3052 2876 3199 2931 sunt,
3245 2868 3347 2922 sibi
3388 2883 3585 2938 procu-

2009 2953 2207 3007 rabunt
2238 2971 2251 3007 :
2283 2953 2375 3007 sed
2408 2955 2572 3008 etiam
2620 2954 2833 3010 fructus
2864 2956 3110 3011 laborum
3159 2972 3376 3013 suorum
3408 2975 3589 3016 come--

2009 3043 2139 3098 dent
2165 3063 2179 3097 ;
2207 3044 2463 3113 quoniam
2492 3059 2555 3099 ea
2584 3061 2700 3113 quae
2734 3057 2930 3100 terram
2967 3048 3208 3103 colentes
3234 3064 3386 3104 suam
3420 3053 3589 3106 colle-

2008 3142 2223 3205 gerunt,
2250 3148 2312 3189 ea
2348 3136 2641 3205 reperient.
2670 3135 2737 3191 iis
2770 3137 3004 3192 alentur.

2074 3314 2239 3370 Vens.
2266 3315 2357 3369 22.
2391 3333 2409 3366 ‹
2438 3314 2789 3384 Nequaquam
2821 3315 3190 3379 tediticabunt,
3213 3324 3268 3370 et
3302 3314 3391 3369 alii
3430 3315 3586 3370 inha-

2005 3410 2287 3475 bitabunt;
2322 3423 2661 3479 nequaquam
2695 3409 3039 3478 plantabunt,
3072 3418 3127 3462 et
3156 3408 3244 3462 alii
3282 3409 3582 3463 comedent.

2005 3501 2139 3555 Nam
2184 3502 2478 3557 secundum
2525 3501 2643 3555 dies
2687 3500 2817 3572 ligni
2870 3502 2994 3555 vita:
3036 3510 3198 3555 erunt
3246 3501 3361 3555 dies
3401 3502 3584 3569 populi

2005 3594 2153 3649 mei:
2186 3609 2351 3664 opera
2397 3595 2541 3649 enim
2587 3595 2831 3649 laborum
2881 3593 3123 3663 ipsorum
3169 3601 3531 3655 veterascent.
3558 3611 3579 3645 ι

2006 3685 2111 3740 Sed
2155 3701 2250 3756 per
2286 3686 2497 3740 infinita
2533 3685 2730 3741 saecula
2775 3686 2830 3740 in
2872 3683 3163 3739 immortali
3210 3683 3299 3737 illa
3334 3692 3387 3738 et
3440 3683 3586 3740 felici

2003 3777 2113 3831 vita
2154 3778 2347 3847 degent
2378 3795 2394 3836 :
2423 3791 2592 3847 quare
2641 3777 2846 3833 dictum
2897 3786 3011 3842 est,
3068 3774 3243 3829 «Nam
3288 3777 3583 3830 secundum

2004 3869 2119 3924 dies
2166 3868 2293 3940 ligni
2348 3870 2474 3925 vitae
2526 3882 2685 3925 erunt
2728 3870 2847 3925 dies
2895 3869 3076 3940 p0puli
3134 3870 3302 3924 mei.»
3354 3867 3581 3939 Lignum

2003 3971 2183 4015 autem
2222 3961 2351 4016 illud
2400 3962 2451 4016 in
2486 3962 2736 4032 paradiso
2770 3960 2864 4015 Dei
2898 3961 3194 4031 plantatum
3234 3960 3399 4014 fuisse
3446 3961 3582 4015 dici-

2007 4062 2124 4117 tur;
2160 4053 2342 4122 itaque
2379 4070 2483 4108 non
2531 4061 2685 4109 extra
2715 4052 3021 4123 paradisum
3053 4052 3143 4107 Dei
3196 4051 3406 4122 impleri
3456 4067 3579 4120 pro-

2004 4143 2169 4198 missa
2201 4147 2523 4200 declaratur.
2552 4146 2757 4212 Quibus
2785 4146 3037 4201 omnibus
3077 4146 3242 4199 alium
3284 4146 3387 4200 sibi
3424 4162 3451 4199 a
3482 4144 3580 4201 Ju-

2003 4233 2159 4288 daico
2195 4232 2448 4303 p0pulum
2493 4235 2738 4289 asciscit.
2769 4234 2849 4289 llli
2880 4250 3112 4304 namque
3157 4235 3577 4299 inveterasccnt,

2003 4341 2105 4380 nec
2157 4326 2320 4393 aliis,
2364 4342 2430 4382 ex
2466 4328 2567 4382 hac
2611 4328 2724 4382 vita
2765 4327 3145 4394 transferendi,
3191 4326 3406 4383 labores
3454 4344 3581 4382 suos

2004 4417 2339 4487 relinquent;
2374 4419 2430 4473 hi
2477 4433 2608 4473 vero
2640 4418 2885 4473 laborum
2935 4433 3153 4473 suorum
3200 4428 3348 4488 gesta
3394 4434 3579 4473 secum

315 4520 447 4582 τοὺς
473 4516 680 4570 ἐαυτῶν
718 4515 913 4579 πόνους
934 4532 947 4544 ·
982 4514 1098 4567 ἀλλ’
1128 4506 1275 4567 οῦτοι
1303 4511 1373 4565 τά
1404 4511 1543 4583 ἔργα
1585 4511 1693 4565 τῶν
1722 4512 1898 4566 πόνων

2008 4517 2301 4573 assument,
2333 4510 2679 4579 propriisque
2710 4508 2977 4564 fructibus
3012 4508 3343 4578 gaudebunt.

315 4609 499 4664 αὐτῶν
539 4609 620 4671 εἰς
667 4607 895 4668 ἑαυτοὺς
938 4604 1323 4677 ἀναλήψονται,
1382 4603 1478 4657 καὶ
1517 4604 1631 4665 τοῖς
1679 4602 1900 4666 οίκείοις

317 4705 555 4777 καρποῖς
587 4701 1036 4772 ἐντρυφήσουσιν.
1287 4758 1290 4761 λ

396 4814 416 4848 ε
460 4796 524 4847 Οἱ
549 4790 793 4846 ἐκλεκτοί
822 4807 924 4861 μου
955 4789 1015 4842 οὐ
1061 4787 1416 4841 κοπιάσούσιν
1454 4787 1534 4849 είς
1576 4785 1751 4849 κενὸν,
1780 4785 1901 4838 οὐδὲ

317 4886 798 4957 τεκνοποιήσουσιν
825 4884 904 4945 είς
935 4881 1208 4950 κατάραν⁶
1239 4880 1320 4932 ὅτι
1346 4879 1568 4950 σπέρμα
1600 4878 1900 4948 εὐλογημέ-

318 4997 406 5033 νον
425 4978 533 5032 ὑπὸ
562 4976 699 5031 Θεοῦ
719 4978 854 5039 ἐστι,
887 4975 981 5028 καὶ
1004 4972 1075 5025 τά
1094 4971 1290 5039 ἔκγονα
1312 4970 1492 5023 αὐτῶν
1520 4971 1636 5042 μετ’
1663 4970 1861 5024 αὐτῶν,
1876 4988 1894 5019 ι

319 5073 381 5124 Et
404 5071 517 5143 γὰρ
540 5070 633 5124 καί
648 5086 791 5133 τινες
808 5068 1016 5121 ἔσονται
1041 5066 1186 5119 κατά
1212 5064 1303 5116 τὸν
1326 5064 1519 5133 καιρὸν
1537 5062 1646 5115 τῶν
1663 5064 1902 5130 ἐπαγγε-

318 5162 449 5216 λιῶν
481 5162 639 5215 κόποι
674 5161 935 5231 σωτήριοι
968 5159 1062 5212 καὶ
1109 5155 1306 5225 ἀγαθοὶ
1356 5154 1451 5207 καὶ
1484 5154 1652 5224 ἡδεῖς,
1683 5154 1900 5218 ὁποίους

320 5250 542 5314 πάντως
579 5266 684 5302 που
726 5249 822 5302 καὶ
863 5250 897 5319 ἡ
946 5244 1209 5317 ἁγγελικὴ
1256 5243 1410 5308 τάξις
1448 5243 1743 5312 ὑπομένει·
1783 5242 1898 5296 ἀλλ’

321 5344 420 5396 οὐκ
451 5340 720 5404 ἐπικενῶς
749 5340 902 5394 ἔσται
938 5339 1007 5393 τά
1037 5339 1139 5411 τῆς
1169 5336 1434 5409 ἐργασίας
1457 5336 1639 5398 αὐτοῖς
1659 5353 1672 5366 ·
1707 5336 1898 5407 μισθὸς

322 5434 429 5507 γάρ
466 5436 651 5498 αὐτοῖς
701 5432 925 5498 ἐπάξιος
961 5430 1408 5502 τεθησαύρισται.
1456 5428 1811 5481 Τεκνοποιίαν
1841 5427 1899 5480 δὲ

322 5528 601 5596 νοήσωμεν
630 5521 738 5575 τῶν
780 5519 966 5591 ψυχῶν
996 5521 1123 5582 τοὺς
1164 5518 1459 5589 λογισμοὺς
1498 5517 1593 5571 καὶ
1640 5515 1739 5587 τῆς
1779 5514 1895 5567 δια-

323 5617 469 5680 νοίας
484 5615 610 5677 τοὺς
629 5612 894 5684 καρποὺς,
930 5610 1021 5674 οὒς
1044 5612 1284 5682 κατάρας
1320 5609 1537 5663 ἔσεσθαι
1560 5606 1891 5677 ἀλλοτρίους,

328 5706 573 5776 εὐλογίας
604 5706 661 5759 δὲ
693 5703 877 5770 ἀξίους
900 5703 1163 5768 θεσπίζει.
1198 5702 1383 5755 Ταῦτα
1412 5701 1506 5755 καὶ
1538 5702 1615 5762 εἰς
1630 5698 1719 5752 τὸν
1754 5715 1897 5767 παρα

326 5798 451 5854 όντα
510 5800 625 5872 βίον
666 5795 1105 5868 ἐκλαμϐάνεσθαι
1159 5791 1332 5866 οἶμαι,
1379 5792 1471 5847 τοῦ
1524 5790 1683 5860 λόγου
1735 5789 1897 5843 πάλιν

2074 4779 2239 4834 Vens.
2274 4778 2366 4833 23.
2417 4794 2435 4828 ι
2477 4774 2646 4830 Electi
2700 4775 2801 4828 mei
2854 4790 2959 4830 non
3014 4772 3335 4830 laborabunt
3379 4776 3429 4830 in
3481 4791 3577 4830 va-

2004 4887 2151 4936 nmn,
2186 4884 2357 4940 neque
2406 4868 2545 4922 ﬁlios
2593 4865 2928 4937 generabunt
2975 4866 3028 4919 in
3082 4852 3567 4921 maledictionem:

2002 4962 2126 5030 quia
2156 4976 2340 5016 semen
2387 4957 2727 5013 benedictum
2758 4972 2788 5010 a
2836 4957 2943 5013 Deo
2982 4966 3095 5023 est,
3125 4966 3180 5011 et
3216 4966 3439 5027 nepotes
3485 4972 3576 5010 eo-

2004 5067 2122 5107 rum
2165 5066 2286 5106 cum
2318 5050 2458 5104 eis»
2502 5049 2727 5103 Etiamsi
2768 5048 2914 5103 enim
2962 5049 3387 5119 promissionum
3437 5056 3577 5100 tem-

2002 5160 2155 5215 pore,
2203 5143 2420 5212 quidam
2473 5141 2776 5207 salutares,
2827 5141 2951 5195 boni
3019 5154 3319 5209 suavesque
3368 5138 3576 5193 labores

2001 5242 2129 5299 sint,
2156 5250 2289 5306 quos
2334 5233 2610 5304 angelicus
2636 5233 2773 5287 ordo
2817 5232 3071 5295 sustinet,
3103 5232 3197 5286 sed
3231 5244 3337 5284 non
3372 5229 3574 5281 frustra

2001 5329 2194 5384 cedent
2231 5326 2333 5382 illis
2377 5340 2582 5396 Opera:
2616 5339 2738 5378 nam
2773 5324 3038 5394 condigna
3078 5322 3211 5392 ipsis
3239 5333 3455 5374 merces
3493 5332 3575 5371 re-

2000 5421 2172 5492 posita
2220 5429 2323 5475 est.
2368 5418 2684 5473 Liberorum
2720 5430 2850 5470 vero
2890 5413 3320 5483 procreationem
3366 5407 3573 5462 intelli-

2003 5528 2190 5585 gamus
2216 5526 2335 5566 esse
2372 5510 2565 5564 anima:
2596 5507 2970 5578 cogitationes,
3005 5504 3306 5570 mentisque
3336 5499 3571 5563 fructus,

2003 5620 2137 5676 quos
2188 5620 2217 5657 a
2272 5602 2648 5657 maledictione
2719 5598 2960 5661 alienos,
3012 5592 3389 5649 benedictione
3439 5603 3573 5643 vero

2004 5699 2196 5767 dignos
2246 5694 2362 5749 fore
2410 5691 2755 5747 vaticinatur.
2802 5685 2931 5739 Haec
2980 5696 3038 5737 πε
3082 5681 3328 5752 prmsenti
3359 5692 3571 5749 quoque

2007 5790 2116 5842 vita
2162 5784 2333 5854 accipi
2374 5798 2533 5853 posse
2579 5777 2853 5841 existimo,
2904 5773 2976 5828 ita
3012 5783 3069 5829 ut
3112 5775 3196 5829 his
3245 5771 3572 5842 apostolicus
