4130 6384
491 363 596 419 515

1162 361 1435 420 EUSEBll
1473 360 1956 419 CESARIENSIS
1993 361 2146 419 OPP.
2187 361 2367 420 PARS
2404 359 2494 419 111.
2533 393 2604 406 —-—
2641 361 3058 420 EXEGETICA.

3642 365 3747 422 516

493 485 692 540 chorus
729 481 1115 538 subindicetur.
1155 497 1174 532 ι
1205 479 1330 534 Ideo
1371 480 1526 535 electi
1565 481 1670 536 mei
1715 494 1820 536 non
1853 480 2068 535 labora-

2171 478 2260 531 τὸν
2288 477 2448 550 χορὸν
2479 477 2570 533 τὸν
2603 475 2956 532 ἀποστολικδν
2984 475 3372 546 αἰνιττομένου.
3403 491 3424 526 ‹
3458 476 3558 531 Διά
3589 477 3750 533 τοῦτο

493 575 625 630 bunt
653 576 706 629 in
738 590 952 639 vanum,
983 586 1158 640 neque
1200 569 1338 626 lilios
1386 573 1750 641 procreabunt
1797 575 1851 628 in
1891 573 2063 628 male-

491 667 846 722 dictionem.»
894 663 1271 733 Apostolorum
1341 663 1541 733 quippe
1591 664 1824 730 labores,
1871 673 1931 718 ut
1979 664 2067 720 vel

491 758 624 827 ipsis
650 756 820 812 oculis
859 756 1087 825 patebit,
1119 771 1228 809 non
1277 755 1329 809 in
1361 771 1557 810 vanum
1609 756 1846 826 suscepti
1893 755 2065 822 fuere,

489 849 632 918 quod
661 858 916 918 arguetur
941 863 1006 901 ex
1035 848 1271 902 Ecclesia
1301 850 1367 902 ab
1396 847 1529 918 ipsis
1554 863 1651 917 per
1677 857 1846 903 totum
1876 849 2064 903 orbem

489 940 742 1005 fundata;
774 948 832 994 et
861 939 955 994 lilii
987 955 1174 995 eorum
1205 954 1303 1009 per
1337 939 1610 994 lavacrum
1639 940 2069 1010 regenerationis

488 1032 544 1088 in
572 1029 787 1086 Christo
815 1032 927 1086 nati
953 1031 1291 1088 videbuntur.

564 1204 843 1262 νεεδ-κει.
882 1225 901 1259 ι
929 1206 996 1261 Et
1028 1207 1134 1261 erit
1169 1217 1458 1277 antequam
1508 1206 1778 1273 clament,
1825 1222 1926 1278 ego
1969 1223 2068 1263 ex-

490 1298 705 1352 audiam
741 1313 874 1353 eos:
908 1299 1084 1355 adhuc
1125 1299 1229 1354 illis
1279 1300 1623 1371 loquentibus
1669 1301 1882 1368 dicam,
1929 1299 2068 1368 Quid

490 1389 648 1444 est?»
701 1389 759 1444 ld
799 1405 960 1460 porro
1005 1391 1060 1444 in
1104 1391 1328 1447 Actibus
1374 1391 1740 1460 apostolorum
1785 1390 2068 1462 impletum

491 1482 894 1551 deprehendas;
931 1499 1054 1537 nam
1095 1482 1203 1538 Deo
1235 1485 1366 1553 ipsis
1413 1493 1648 1549 astante,
1699 1482 1866 1536 multa
1916 1483 2069 1552 signa

491 1583 546 1625 et
594 1573 834 1644 prodigia
882 1573 1202 1628 edebantur.
1251 1573 1523 1643 Apostolis
1570 1589 1700 1628 vero
1746 1574 1860 1628 haec
1905 1588 2068 1643 agen-

493 1663 661 1727 tibus,
703 1664 834 1718 binc
869 1663 1298 1736 alienigenarum
1337 1666 1576 1736 gentium
1613 1666 1896 1722 conversio
1937 1665 2068 1720 sub-

493 1755 848 1823 sequebatur.

2169 571 2218 622 οἱ
2267 569 2511 623 ἐκλεκτοί
2548 585 2648 640 μου
2679 569 2744 622 ού
2790 567 3142 622 κοπιάσουσιν
3188 567 3268 628 εις
3312 565 3465 619 κενὸν
3506 567 3631 621 ούδέ
3661 585 3752 624 τε·

2169 661 2586 730 κνοποιήσουσιν
2607 660 2686 722 εἰς
2720 657 2985 729 κατάραν.
3025 675 3044 710 ι
3088 656 3280 709 Ἔσται
3319 654 3428 727 γὰρ
3447 655 3751 729 ὀφθαλμοῖς

2169 749 2506 822 παραλαϐεῖν
2555 748 2664 802 τῶν
2718 748 3033 803 ἀποστόλων
3077 748 3206 810 τοὺς
3260 746 3480 812 κόπους,
3536 749 3638 802 οὐκ
3669 751 3754 816 εἰς

2168 843 2325 897 κενὸν
2363 842 2761 913 γεγενημένους
2801 841 2910 895 ἀπὸ
2949 840 3052 910 τῆς
3089 840 3180 893 ὑπ’
3208 839 3386 893 αὐτῶν
3413 841 3755 916 ἱδρυνθεισης

2170 935 2292 990 καθ’
2321 936 2448 1007 ὅλης
2473 935 2574 1005 τῆς
2595 934 2920 1005 οἰκουμένης
2957 932 3284 1004 Ἐκκλησίας
3303 949 3317 964 ·
3349 935 3443 987 καὶ
3474 934 3544 988 τά
3584 935 3754 990 τέκνα

2170 1025 2350 1081 αὐτῶν
2374 1029 2430 1080 ἐν
2455 1025 2679 1098 Χριστῷ
2703 1025 3033 1098 γεννηθέντα
3053 1023 3140 1077 διὰ
3154 1024 3254 1096 τῆς
3281 1023 3375 1078 τοῦ
3389 1025 3615 1098 λουτροῦ
3648 1045 3755 1084 πα-

2169 1117 2526 1190 λιγγενεσίας.

2246 1230 2264 1263 ι
2288 1211 2398 1266 Καὶ
2423 1209 2574 1264 ἔσται
2604 1208 2734 1282 πρὶν
2758 1207 2791 1280 ἢ
2823 1208 3086 1280 κεκράξαι
3125 1209 3342 1273 αὐτοὺς,
3374 1208 3484 1279 ἐγὼ
3513 1211 3756 1267 ὑπακού-

2172 1321 2337 1375 σομαι
2361 1303 2540 1358 αὐτῶν
2559 1320 2573 1334 ο
2601 1302 2679 1355 ἐτι
2711 1301 3012 1355 λαλούντων
3039 1302 3217 1356 αὐτῶν
3250 1303 3379 1374 ἐρῶο
3415 1304 3479 1356 Τί
3510 1306 3692 1372 ἐστιν;
3729 1325 3750 1360 ο

2175 1397 2242 1450 Ἀ
2273 1396 2335 1468 δὴ
2373 1397 2466 1450 καὶ
2499 1395 2802 1466 ἐπληροῦτο
2841 1395 2933 1447 ἐπὶ
2961 1394 3070 1447 τῶν
3099 1395 3359 1467 Πράξεων
3379 1395 3487 1449 τῶν
3519 1397 3755 1451 ἀποστό-

2170 1487 2300 1542 λων⁹
2341 1487 2512 1540 πολλά
2551 1487 2660 1557 γὰρ
2701 1489 2903 1557 σημεία
2941 1486 3039 1540 καὶ
3081 1487 3284 1558 τέρατα
3312 1489 3614 1559 ἐνηργεῖτο,
3658 1488 3753 1542 τοῦ

2169 1579 2305 1633 θεοῦ
2351 1580 2533 1642 αὐτοῖς
2576 1577 2944 1649 παρεστῶτος.
2980 1571 3080 1632 Ὧν
3113 1578 3337 1633 τοιαῦτα
3367 1579 3753 1651 ἐνεργούντων,

2171 1669 2478 1734 ἀκολούθως
2529 1672 2564 1742 ἡ
2614 1670 2723 1723 τῶν
2784 1668 3098 1739 ἀλλοφύλων
3154 1670 3323 1725 ἐθνῶν
3383 1671 3593 1740 ἐγίνετο
3635 1675 3756 1726 ἐπι-

2175 1761 2402 1832 στροφήο

561 1843 842 1903 “315.25.
882 1866 902 1899 ι
931 1847 1082 1904 Tunc
1128 1850 1237 1920 lupi
1281 1859 1338 1906 et
1373 1851 1494 1922 agni
1544 1857 1838 1921 pascentur
1881 1849 2064 1914 simul,

2251 1871 2269 1904 ι
2312 1852 2446 1905 Τότε
2485 1849 2639 1904 λύκοι
2688 1851 2783 1905 καὶ
2822 1849 2984 1920 ἄρνες
3021 1849 3448 1923 βοσκηθήσονται
3495 1852 3632 1922 ἄμα,
3660 1851 3756 1906 καὶ

490 1945 546 1990 et
579 1937 663 1993 leo
690 1949 747 1993 ut
790 1939 888 1994 bos
928 1943 1176 1996 comedet
1215 1941 1420 2010 paleas,
1463 1958 1687 2012 serpens
1733 1953 1914 1996 autem
1959 1951 2071 1996 ter-

493 2044 610 2082 ram
643 2031 794 2100 quasi
830 2047 1045 2100 panem.
1099 2033 1214 2087 Non
1267 2036 1562 2100 nocebunt,
1595 2051 1770 2105 neque
1814 2037 2068 2091 devasta-

492 2119 626 2174 bunt
673 2123 726 2174 in
762 2133 947 2176 monte
993 2132 1181 2178 sancto
1217 2139 1361 2189 meo,
1396 2124 1529 2180 dicit
1565 2125 1844 2182 Dominus.
1869 2145 1887 2178 ι
1934 2124 2068 2180 Nam

489 2215 581 2282 qui
613 2212 762 2282 prius
793 2227 1016 2283 rapaces
1041 2224 1095 2269 et
1123 2214 1332 2270 feroces
1360 2225 1536 2280 erant,
1568 2216 1640 2271 ita
1669 2227 1726 2272 ut
1758 2217 1900 2287 lupis
1927 2232 2073 2272 com-

489 2305 666 2373 parari
698 2315 952 2374 possent,
991 2307 1043 2360 in
1087 2315 1428 2362 mansuetum
1468 2323 1676 2364 morem
1719 2311 2067 2378 commutati,

491 2410 617 2451 cum
667 2398 820 2467 agnis
864 2407 920 2452 et
967 2397 1142 2454 bobus
1186 2400 1448 2470 gregatim
1493 2401 1813 2471 agebantur,
1853 2410 1913 2456 ut
1960 2417 2069 2457 uno

491 2487 792 2557 eodemque
837 2502 904 2543 ex
961 2487 1160 2544 divinis
1219 2489 1544 2546 lectionibus
1583 2501 1842 2562 excerpto
1899 2493 2071 2548 ratio-

491 2579 658 2637 nabili
695 2582 816 2636 cibo
861 2591 1162 2638 uterentur.
1203 2583 1306 2651 Qui
1346 2593 1525 2638 autem
1562 2583 1804 2639 moribus
1856 2583 1992 2639 nihil
2037 2599 2069 2640 a

490 2673 740 2727 leonibus
779 2673 1183 2743 discrepahant,
1220 2674 1334 2741 jam
1371 2688 1479 2729 non
1513 2673 1652 2729 ultra
1682 2675 1986 2730 caruivoris
2017 2684 2072 2730 et

485 2764 858 2832 sanguinariis
931 2765 1059 2820 feris
1109 2767 1350 2830 similes,
1407 2766 1574 2822 boum
1629 2767 1801 2821 instar
1846 2776 1903 2822 et
1967 2768 2069 2838 ipsi

483 2855 687 2911 divina:
727 2855 986 2911 doctrina:
1028 2857 1250 2912 herbam
1301 2857 1676 2914 comedebant.
1713 2857 1782 2912 Et
1821 2859 1914 2929 qui
1941 2859 2070 2915 olim

483 2954 798 3017 serpentem
852 2946 1152 3012 referebat,
1196 2957 1426 3016 atroque
1465 2963 1675 3003 veneno
1728 2949 1920 3018 plenus
1961 2949 2067 3016 vir,

488 3039 769 3108 repudiata
805 3038 1028 3103 malitia,
1063 3054 1253 3109 panem
1277 3041 1564 3095 comedet:
1597 3055 1695 3109 pro
1723 3049 1868 3094 terra
1893 3056 2062 3113 quam

487 3130 642 3198 prius
665 3131 882 3196 edebat,
909 3130 1215 3186 rationabili
1242 3140 1296 3187 et
1328 3133 1563 3186 humano
1595 3140 1756 3188 utens
1781 3131 2066 3189 alimento.

489 3221 676 3291 Usque
707 3222 843 3278 adeo
885 3232 1061 3279 autem
1110 3224 1418 3292 hujusmodi
1476 3223 1604 3279 fera:
1649 3235 2068 3292 mansuescent,

489 3325 549 3370 ut
586 3315 857 3371 neminem
901 3315 1099 3372 lazdaut
1126 3316 1208 3372 vel
1249 3317 1595 3388 pessumdent
1632 3315 1687 3372 ln
1724 3331 1909 3374 monte
1954 3317 2071 3374 Dei.

1055 3477 1286 3534 CAPUT
1317 3476 1504 3534 LXVI.

562 3592 726 3647 Vens.
753 3592 870 3646 1-5.
907 3609 926 3644 ι
955 3590 1048 3647 Sic
1097 3591 1226 3647 dicit
1273 3592 1558 3661 Dominus,
1591 3593 1800 3652 Caelum
1848 3596 2074 3652 thronus

490 3698 666 3750 meus,
695 3692 755 3738 et
797 3691 943 3738 terra
986 3681 1283 3738 scabellum
1317 3687 1512 3753 pedum
1546 3701 1814 3744 meorum.
1847 3688 2071 3754 Qualem

486 3777 710 3831 domum
759 3774 1104 3830 aediﬁcabitis
1153 3775 1330 3829 mihi?
1374 3784 1432 3830 et
1475 3777 1600 3846 quis
1653 3777 1807 3833 locus
1853 3777 2068 3847 requie-

488 3867 654 3922 tionis
690 3867 862 3920 mean
889 3866 1010 3922 llaec
1040 3865 1184 3920 enim
1214 3867 1397 3921 omnia
1428 3867 1561 3924 fecit
1606 3884 1802 3924 manus
1853 3885 1991 3935 mea,
2020 3879 2076 3925 et

489 3959 605 4013 haec
645 3959 828 4012 omnia
857 3975 975 4012 mea
1021 3967 1179 4024 sunt,
1227 3960 1359 4016 dicit
1404 3962 1680 4017 Dominus.
1724 3960 1894 4028 Quem
1941 3976 2074 4016 vero

493 4052 804 4120 respiciam,
833 4051 938 4105 nisi
969 4053 1248 4116 humilem,
1285 4062 1339 4108 et
1373 4053 1636 4121 quietum,
1663 4062 1715 4108 et
1746 4061 2069 4107 trementem

490 4158 772 4198 sermones
797 4144 988 4200 meos?
1015 4143 1242 4214 Iniquus
1288 4153 1491 4207 autem,
1525 4144 1617 4212 qui
1665 4141 1908 4197 immolat
1937 4142 2069 4196 mihi

491 4233 739 4298 vitulum,
781 4234 936 4304 quasi
982 4235 1195 4290 occidat
1240 4249 1471 4289 canem:
1504 4235 1597 4305 qui
1641 4249 1772 4288 vero
1800 4231 1960 4286 oll'ert
1994 4233 2071 4287 si-

490 4327 698 4393 milam,
722 4327 876 4394 quasi
903 4326 1120 4381 suillum
1152 4326 1468 4394 sanguinem
1497 4344 1511 4380 :
1545 4325 1635 4396 qui
1666 4326 1759 4380 dat
1789 4327 2066 4381 incensum

492 4419 546 4472 in
578 4419 914 4484 memoriam,
960 4419 1114 4488 quasi
1147 4418 1521 4489 blasphemus.
1553 4417 1620 4471 Et
1653 4417 1756 4487 ipsi
1788 4417 2069 4487 elegerunt

2172 1943 2308 1996 λέων
2343 1943 2418 2006 ὡς
2448 1941 2573 2012 βοῦς
2610 1942 2842 2010 φάγεται
2865 1941 3063 2012 ἄχυρα,
3097 1941 3221 2011 ὄφις
3251 1942 3308 1995 δέ
3339 1941 3442 2012 γῆν
3467 1942 3541 2005 ὡς
3572 1943 3784 2012 ἄρτον.”

2173 2036 2287 2088 Οὐκ
2321 2034 2684 2106 ἀδικήσουσιν,
2731 2033 2852 2086 οὐδὲ
2881 2032 3245 2104 λυμανοῦνται
3289 2033 3383 2085 ἐπὶ
3426 2032 3506 2104 τῷ
3535 2033 3654 2105 δρει
3679 2033 3756 2106 τῷ

2171 2126 2313 2196 ἀγὶῳ
2345 2142 2466 2196 μου,
2513 2124 2662 2192 λέγει
2694 2125 2917 2195 Κύριος.
2959 2143 2978 2175 ›
3014 2126 3076 2178 Οἱ
3123 2123 3232 2196 γὰρ
3285 2124 3549 2196 πρότερον
3581 2126 3746 2197 ἀρπα-

2171 2217 2350 2270 κτικοὶ
2373 2218 2468 2270 καὶ
2483 2215 2786 2288 θηριώδεις,
2800 2216 2880 2280 ὡς
2901 2215 3087 2280 λύκοις
3102 2216 3568 2287 παραϐάλλεσθαι,
3589 2234 3756 2288 μετα-

2173 2308 2489 2379 ϐαλλόμενοι
2538 2308 2631 2362 ἐπὶ
2679 2307 2740 2362 τὸ
2783 2309 3010 2380 ἥμερον,
3046 2309 3255 2380 ἀρνίοις
3287 2309 3382 2362 καὶ
3415 2309 3600 2379 βουσὶν
3637 2325 3757 2362 συν.

2171 2398 2514 2474 ηγελάζοντο,
2546 2399 2622 2463 ὡς
2646 2401 2774 2470 μιᾶς
2789 2400 2992 2471 καὶτῆς
3011 2400 3180 2471 αὐτῆς
3195 2400 3634 2472 μεταλαμϐάνειν
3660 2401 3758 2470 τῆς

2170 2491 2280 2547 ἀπὸ
2310 2492 2418 2545 τῶν
2467 2491 2626 2544 θείων
2670 2492 3118 2562 ἀναγνωσμάτων
3160 2491 3384 2562 λογικῆς
3427 2493 3656 2564 τροφῆς.
3691 2493 3754 2546 Οἱ

2170 2585 2228 2639 δὲ
2272 2586 2384 2648 τοῖς
2427 2582 2649 2656 τρόποις
2696 2583 2925 2637 λεόντων
2967 2583 3118 2637 οὐδὲν
3159 2584 3539 2654 διαφέροντες,
3575 2585 3756 2638 οὐκέτι

2173 2674 2563 2746 σαρκοφάγοις,
2595 2673 2720 2727 οὐδὲ
2755 2671 3063 2744 ὠμοϐόροις
3090 2672 3285 2743 θηρσὶν
3315 2673 3568 2736 ἐοικότες,
3599 2672 3738 2743 δίκτεο

2173 2767 2313 2837 βοῶν
2343 2767 2436 2820 καὶ
2456 2767 2610 2819 αὐτοὶ
2633 2765 2733 2837 τὴν
2761 2764 2870 2818 ἀπὸ
2894 2765 2996 2835 τῆς
3023 2763 3209 2817 ἐνθέου
3236 2763 3577 2828 διδασκαλίας
3615 2763 3754 2820 πόαν

2171 2858 2380 2930 ῆσθιον.
2437 2857 2548 2911 Kal
2579 2858 2608 2910 ό
2646 2856 2814 2910 πάλαι
2841 2855 2906 2927 δὴ
2943 2856 3209 2927 πρότερον
3239 2855 3494 2926 ὀφιώδης,
3523 2855 3619 2909 καὶ
3673 2853 3756 2910 ιοῦ

2175 2951 2371 3024 μεστὸς
2419 2951 2581 3022 ἀνὴρ,
2612 2949 2930 3012 ἀποπτύσας
2971 2948 3072 3020 τὴν
3115 2951 3175 3002 ἐν
3223 2947 3374 3019 αὐτῷ
3402 2947 3622 3012 κακίαν,
3664 2946 3758 3003 τὸν

2172 3043 2336 3116 ἄρτον
2358 3042 2610 3113 φάγεται,
2640 3042 2814 3114 τροφῇ
2837 3040 3032 3112 λογικῇ
3066 3039 3160 3094 καὶ
3198 3040 3517 3113 ἀνθρωπίνῃ
3544 3039 3760 3112 χρώμεο

2173 3153 2282 3200 νος,
2314 3134 2432 3189 ἀνθ’
2456 3130 2524 3208 ἦς
2549 3133 2704 3206 ῆσθιε
2748 3132 3012 3206 πρότερον
3049 3134 3174 3203 γῆς.
3214 3129 3372 3185 Οὕτω
3406 3132 3467 3184 δέ
3508 3133 3558 3184 οἱ
3593 3130 3759 3202 θῆρες

2175 3222 2321 3282 οῦτοι
2380 3225 2910 3299 ἐξημερωθήσονται,
2961 3224 3038 3288 ὡς
3090 3223 3296 3296 μηδένα
3347 3225 3575 3293 ἀδικεῖν,
3621 3223 3778 3297 μηδι.

2174 3318 2523 3393 λυμαίνεσθαξ
2550 3335 2704 3382 τινας
2723 3320 2782 3372 ἐν
2812 3316 2892 3388 τῷ
2922 3317 3039 3388 δρει
3076 3315 3170 3370 τοῦ
3194 3315 3353 3370 Θεοῦ.

2682 3475 3080 3532 ΚΕΦΑΛΑΙΟΝ
3139 3472 3254 3542 EC."
3266 3515 3277 3530 ι

2250 3609 2269 3642 ι
2303 3589 2488 3653 Οὕτως
2513 3588 2658 3659 λέγει
2685 3588 2910 3662 Κύριοςο
2950 3589 3008 3644 '0
3034 3589 3261 3662 οὐρανός
3289 3605 3388 3658 μου
3420 3586 3628 3660 θρόνος,
3654 3587 3752 3642 καὶ

2174 3683 2208 3753 ή
2240 3681 2314 3752 γῆ
2348 3680 2634 3737 ὑποπόδιον
2666 3680 2776 3734 τῶν
2806 3679 2985 3736 ποδῶν
3022 3698 3145 3751 μου.
3181 3681 3336 3734 Ποῖον
3366 3673 3513 3734 οἷκον
3545 3678 3750 3733 οἰκοδο-

2177 3774 2380 3846 μήσετέ
2414 3791 2502 3846 μοι
2526 3790 2540 3840 ;
2573 3774 2666 3827 καὶ
2692 3775 2844 3837 ποῖος
2865 3772 3029 3838 τόπος
3053 3772 3155 3843 τῆς
3185 3769 3580 3834 καταπαύσεώς
3613 3787 3752 3841 μους

2174 3865 2360 3918 Πάντα
2401 3865 2509 3935 γὰρ
2555 3861 2728 3916 ταῦτα
2776 3860 3032 3932 ἐποίησεν
3073 3862 3106 3932 ἡ
3151 3862 3274 3932 χείρ
3311 3878 3432 3932 μου,
3477 3858 3571 3913 καὶ
3609 3859 3758 3912 ἐστιν

2173 3957 2281 4028 ὲμά
2317 3957 2496 4011 πάντα
2535 3955 2732 4021 ταῦτα,
2767 3955 2914 4024 λέγει
2953 3954 3177 4026 Κύριος.
3211 3955 3320 4007 Kal.
3358 3952 3450 4006 ἐπὶ
3479 3952 3603 4005 τινα
3633 3952 3758 4006 ἐπιε-

2173 4047 2374 4118 ϐλέψω,
2405 4047 2521 4102 ἀλλ’
2545 4047 2578 4119 ἢ
2599 4046 2694 4100 ἐπὶ
2717 4046 2807 4100 τὸν
2833 4045 3089 4099 ταπεινὸν
3119 4044 3214 4097 καὶ
3244 4043 3488 4115 ἡσύχιον,
3515 4041 3611 4096 καὶ
3629 4041 3757 4112 τρέ-

2175 4159 2342 4213 μοντα
2374 4141 2502 4206 τοὺς
2533 4141 2725 4210 λόγους
2771 4155 2905 4212 μους
2965 4139 3022 4193 '0
3051 4138 3110 4192 δὲ
3156 4137 3357 4208 ἄνομος
3398 4138 3428 4189 ὁ
3475 4135 3618 4189 θύων
3665 4152 3758 4206 μοι

2175 4234 2392 4304 μόσχον,
2420 4233 2496 4298 ὡς
2526 4235 2861 4289 ἀποκτείνων
2886 4233 3024 4289 κύνα
3043 4250 3059 4265 °
3083 4235 3112 4286 ό
3137 4233 3194 4287 δὲ
3218 4232 3510 4304 ἀναφέρων
3540 4230 3758 4303 σεμιδα-

2169 4324 2273 4392 λιν,
2308 4325 2384 4388 ὡς
2415 4320 2550 4396 αἷμα
2576 4325 2742 4380 ὕειονο
2775 4329 2803 4380 ό
2830 4327 3006 4390 διδοὺς
3034 4324 3251 4380 λίϐανον
3278 4325 3358 4388 εἰς
3391 4323 3753 4395 μνημόσυνον,

2170 4417 2246 4477 ὼς
2274 4417 2613 4490 βλάσφημος.
2663 4418 2773 4472 Καὶ
2805 4419 2960 4471 αὐτοὶ
2993 4417 3306 4485 ἐξελέξαπο
3335 4418 3435 4480 τὰς
3463 4416 3617 4480 ὁδοὺς
3659 4415 3758 4470 αὑ-

489 4509 609 4564 vias
641 4523 787 4575 suas,
821 4519 876 4564 et
903 4509 1336 4565 abominationes
1374 4510 1612 4580 ipsorum
1654 4509 1836 4563 anima
1879 4524 2066 4565 eorum

2173 4507 2301 4573 τῶν,
2332 4509 2428 4563 καὶ
2456 4508 2525 4562 τὰ
2559 4507 2901 4579 βδελύγματα
2939 4507 3118 4562 αὐτῶν
3153 4510 3187 4580 ἠ
3225 4506 3373 4578 ψυχὴ
3414 4505 3593 4561 αὐτῶν
3629 4504 3758 4575 ἠθέ-

493 4600 724 4656 νοΙυὶι.»
763 4599 878 4654 Νοη
906 4602 1052 4656 enim
1090 4602 1226 4666 haec,
1267 4601 1467 4672 inquit,
1510 4600 1764 4656 voluntas
1801 4617 1944 4668 mea,
1977 4618 2072 4657 nc-

491 4707 597 4760 qne
632 4706 763 4746 mea:
810 4691 1112 4760 hujusmodi
1147 4695 1271 4760 vim,
1303 4695 1397 4749 sed
1440 4693 1509 4750 ad
1554 4693 1786 4748 lubitum
1819 4703 1874 4749 et
1903 4694 2072 4766 placi-

457 4853 460 4856 γ
492 4793 606 4836 tum
633 4797 819 4837 eorum
847 4792 992 4839 sont.

568 4871 810 4928 νειμ.
851 4891 872 4926 ‹
903 4873 970 4927 Ει
1013 4890 1114 4944 ego
1157 4875 1388 4947 deligam
1436 4877 1719 4933 illusiones
1763 4893 1974 4946 eorum,
2019 4888 2076 4935 et

491 4979 712 5037 peccata
760 4968 1056 5022 retribuam
1101 4969 1182 5023 eis
1219 4988 1232 5023 :
1280 4971 1404 5039 quia
1445 4972 1634 5025 vocavi
1698 4985 1832 5037 eos,
1864 4981 1920 5026 et
1960 4985 2066 5024 non

488 5061 848 5130 exaudierunt
875 5075 987 5128 me;
1021 5060 1233 5116 locutus
1262 5077 1405 5131 sum,
1431 5073 1487 5118 et
1514 5078 1621 5118 non
1652 5063 1943 5118 audierunt
1969 5080 1983 5117 :
2015 5071 2072 5118 et

491 5153 736 5207 fecerunt
773 5152 972 5206 malum
1004 5151 1057 5206 in
1082 5165 1373 5226 conspectu
1400 5170 1541 5219 meo,
1566 5163 1622 5208 et
1653 5169 1772 5224 quae
1817 5155 2066 5210 nolebam

485 5246 830 5314 elegerunt.»
877 5243 1228 5310 Quandonam
1275 5253 1454 5298 autem
1503 5253 1784 5298 vocantem
1832 5258 1935 5298 non
1981 5243 2066 5297 in-

491 5337 851 5402 tellexerunt,
898 5337 1000 5390 nisi
1045 5337 1262 5406 quando
1293 5350 1531 5405 praesens
1573 5335 1708 5404 ipsis
1753 5333 2064 5399 clamabat,

495 5448 513 5479 ‹
541 5428 729 5483 Venite
752 5431 818 5482 ad
847 5443 936 5483 me
955 5444 1169 5504 omnes,
1191 5428 1282 5498 qui
1309 5427 1569 5483 laboratis
1591 5436 1646 5482 et
1673 5426 1886 5482 onerati
1908 5426 2064 5494 estis,

486 5531 541 5577 et
567 5535 670 5592 ego
699 5522 938 5577 reﬁciam
970 5537 1068 5578 vos
1089 5521 1167 5575 ὀἳ
1198 5538 1218 5574 ι

562 5612 727 5670 Vens.
752 5614 807 5670 5.
847 5633 866 5668 ι
895 5614 1092 5670 Audite
1121 5617 1288 5670 verba
1333 5611 1568 5680 Domini,
1604 5611 1696 5683 qui
1735 5610 1968 5668 tremitis
1998 5611 2065 5667 ad

561 5794 608 5884 ξ’
649 5795 834 5852 Matth.
863 5812 937 5852 xi.
965 5796 1055 5852 28.

2170 4600 2320 4671 λησε.
2362 4619 2380 4652 ι
2432 4601 2507 4654 υὺ
2545 4599 2653 4673 γὰρ
2699 4601 2809 4671 ἐμὰ
2844 4600 3040 4666 ταῦτα,
3092 4607 3248 4672 φησι,
3295 4599 3596 4670 θελήματα,
3630 4597 3757 4650 οὐδὲ

2169 4693 2295 4764 ἐμοὶ
2331 4692 2387 4745 αἱ
2419 4691 2528 4746 ὁδοὶ
2556 4685 2736 4759 αὗται,
2765 4692 2902 4748 ἀλλά
2925 4693 3024 4766 τῆς
3051 4691 3230 4748 αὐτῶν
3258 4689 3628 4764 προαιρέσεως
3657 4705 3759 4743 καφ

2170 4783 2434 4855 ταθύμια.

2250 4895 2269 4928 ι
2305 4877 2416 4931 Καὶ
2467 4873 2578 4945 ἐγὼ
2613 4876 2903 4950 ἐκλέξομαι
2934 4876 3004 4932 τά
3037 4877 3400 4949 ἐμπαίγματα
3429 4875 3630 4941 αὐτῶν,
3660 4875 3759 4929 καὶ

2169 4965 2270 5029 τὰς
2310 4965 2586 5036 ἁμαρτίας
2628 4965 2996 5020 ἀνταποδώσω
3031 4967 3217 5030 αὐτοῖς
3263 4967 3346 5020 ὅτι
3384 4965 3616 5020 ἐκάλεσα
3659 4963 3758 5018 αύ-

2170 5058 2316 5121 τοὺς,
2373 5057 2466 5110 καὶ
2509 5058 2609 5128 οὐχ
2649 5059 2964 5130 ὑπήκουσάν
3019 5076 3119 5130 μου
3143 5075 3157 5090 ·
3214 5058 3472 5129 ἐλάλησα,
3519 5057 3614 5110 καὶ
3655 5055 3760 5109 οὐκ

2171 5151 2429 5221 ῆκουσαν·
2478 5151 2571 5204 καὶ
2620 5151 2882 5223 ἐποίησαν
2928 5152 2994 5206 τὸ
3041 5152 3276 5225 πονηρὸν
3309 5151 3552 5206 ἐναντίον
3596 5148 3758 5220 ἐμοῦ,

2171 5245 2263 5297 καὶ
2284 5242 2319 5297 ὃ.
2351 5246 2450 5296 οὑκ
2479 5242 2776 5315 ἐϐουλόμην
2799 5243 3132 5311 ἐξελέξαντο.
3166 5265 3185 5298 ι
3218 5247 3356 5299 Πότε
3381 5245 3438 5297 δὲ
3465 5242 3759 5299 καλοῦντος

2174 5335 2371 5399 αὐτοὺς
2424 5335 2486 5389 ού
2521 5336 2786 5407 συνῆκαν,
2833 5336 2868 5408 ἢ
2902 5337 2992 5391 ὅτε
3041 5339 3228 5402 αὐτοῖς
3261 5335 3561 5408 συντρίϐων
3601 5334 3756 5388 ἐϐόα’

2181 5446 2199 5480 ι
2235 5427 2397 5482 Δεῦτε
2432 5427 2569 5500 πρὸς
2603 5427 2694 5500 μὲ,
2725 5428 2928 5493 πάντες
2959 5431 3007 5482 οἱ
3040 5429 3339 5494 κοπιῶντες
3372 5428 3466 5483 καὶ
3501 5443 3758 5497 πεφορτι-

2175 5522 2384 5591 σμένοι,
2415 5518 2570 5589 κάγὼ
2601 5519 2903 5574 ἀναπαύσω
2929 5521 3109 5591 ύμᾶςς
3148 5539 3167 5574 ι

2249 5633 2269 5666 ι
2315 5613 2606 5668 Ἀκούσατε
2633 5614 2854 5686 ῥήματα
2885 5613 3092 5686 Κυρίου
3152 5614 3202 5668 οἱ
3222 5613 3518 5685 τρέμοντες
3549 5609 3642 5664 τὸν
3667 5606 3756 5663 λό-
