4130 6444
253 357 261 363 ’
340 374 461 429 sia

1276 381 1782 439 communem
1820 384 1887 439 IN
1926 371 2291 444 ISAIAMX—
2328 391 2480 449 CAP.
2523 392 2707 450 LXVI.

3503 401 3607 456 518

336 515 451 566 γον
480 499 668 553 αὐτοῦ.
694 500 916 567 Είπατε,
944 501 1160 571 ἀδελφοὶ
1184 503 1360 574 ἡμῶν,
1380 510 1497 568 τοῖς
1524 507 1770 577 μισοῦσιν
1795 510 1906 581 ὐμᾶ

2008 570 2011 577 _
2040 527 2346 567 sermonem
2375 512 2512 581 ejus.
2546 514 2735 578 Dicite,
2761 514 2957 572 fratres
2987 518 3180 585 nostri,
3205 518 3511 575 odientibus
3549 528 3606 575 et

345 590 449 642 καὶ
493 590 955 662 βδελυσσομένοις,
992 594 1077 646 ἵνα
1113 595 1174 647 τὸ
1213 595 1382 667 ὄνομα
1434 600 1640 669 Κυρίου
1674 600 1924 673 δοξασθῇ,

339 683 443 735 καὶ
473 684 610 755 ὀφθῇ
636 685 693 737 ἐν
718 687 781 755 τῇ
804 685 1110 760 εὐφροσύνῃ
1137 689 1335 757 αὐτῶν,
1371 692 1463 744 καὶ
1492 694 1686 746 ἐκεῖνοι
1706 695 1927 764 αἰσχυν-

337 768 628 841 θήσονται.
678 793 698 825 ι
735 774 1105 843 Εὐαγγελικὺν
1137 779 1317 842 αὐτοῖς
1351 781 1680 852 παραδίδωσι
1716 785 1928 856 παράγ-

336 864 528 935 γελμα
558 866 710 919 οὐδὲν
734 867 987 939 διαφέρον
1021 870 1138 935 τοῦ,
1175 890 1195 925 ι
1252 872 1522 941 Ἀγαπᾶτε
1546 875 1672 939 τοὺς
1699 877 1926 947 ἐχθροὺς

334 953 521 1024 ὑμῶν,
557 956 738 1020 καλῶς
765 961 969 1011 ποιεῖτε
1000 961 1127 1024 τοὺς
1173 963 1463 1032 μισοῦντας
1497 966 1662 1035 ὑμᾶς,
1696 968 1926 1038 προσεύ-

335 1048 508 1116 χεσθε
536 1050 678 1121 ὑπὲρ
701 1051 813 1105 τῶν
848 1054 1265 1125 ἐπηρεαζόντων
1293 1058 1437 1128 ὑμᾶς
1475 1059 1570 1111 καὶ
1599 1059 1921 1125 διωκόντων,

337 1139 433 1192 ἵνα
461 1140 691 1212 γένησθε
720 1145 828 1197 υἱοὶ
853 1145 945 1198 τοῦ
971 1147 1184 1219 Πατρός
1214 1148 1367 1220 ὑμῶν
1387 1149 1478 1202 τοῦ
1508 1153 1565 1204 ἐν
1595 1153 1863 1221 οὐρανοῖς.
1897 1173 1916 1205 ι

328 1229 504 1284 Οὕτω
533 1234 627 1286 καὶ
661 1235 694 1306 ἡ
727 1238 1032 1307 προφητεία
1066 1238 1499 1310 παρακελεύεται
1533 1243 1628 1296 καὶ
1659 1243 1917 1298 διδάσκει.

399 1340 437 1373 οι
481 1324 637 1395 Φωνὴ
677 1327 922 1397 κραυγῆς
955 1329 1021 1381 ἐκ
1048 1329 1275 1394 πόλεως,
1306 1332 1457 1404 φωνὴ
1491 1333 1555 1386 ἐκ
1584 1332 1734 1397 ναοῦ,
1770 1334 1919 1405 φωνὴ

330 1413 549 1485 Κυρίου
596 1417 1036 1482 άπαποδιδόντος
1067 1420 1421 1475 ἀνταπόδοσιν
1455 1426 1566 1487 τοῖς
1615 1425 1921 1495 ἀντικειμές

330 1520 474 1569 νοις.
515 1526 533 1558 ι
566 1507 628 1559 Εἰ
668 1508 779 1580 γὰρ
811 1509 979 1565 ταῦτα
1013 1512 1323 1582 πράττοιτο,
1368 1514 1521 1585 ὐμῶν
1558 1516 1655 1586 μὲν
1685 1516 1828 1570 κατὰ
1859 1517 1920 1571 τὺ

326 1596 491 1661 τέλος
516 1598 623 1653 τῶν
648 1601 891 1670 ἀμοιὸὦν
915 1603 1219 1676 εὐφροσύνη
1246 1605 1467 1675 ἔκδηλος
1498 1606 1645 1661 ἔσται
1676 1611 1789 1672 τοῖς
1816 1610 1920 1663 πᾶ-

330 1706 443 1742 σιν·
482 1693 678 1745 ἐκεῖνοι
709 1692 765 1745 δὲ
813 1696 1365 1766 καταισχυνθήσονται
1394 1698 1454 1751 τὸ
1488 1700 1750 1773 ὑμέτερον
1789 1699 1917 1753 θεα-

329 1782 565 1853 σάμενοι
608 1784 778 1849 τέλος,
816 1786 911 1839 καὶ
956 1784 1054 1857 τὴν
1102 1786 1308 1841 ἑαυτῶν
1339 1787 1612 1843 ἀπώλειαν
1654 1790 1793 1844 κατὰ
1825 1792 1915 1845 τὸν

2030 604 2474 661 abominantibus
2520 620 2632 670 vos,
2676 615 2733 660 ut
2761 622 2957 663 nomen
2992 608 3202 664 Domini
3246 612 3602 681 glorificetur,

2026 704 2081 749 et
2122 696 2369 749 videatur
2391 693 2448 749 in
2484 696 2665 750 lzetitia
2693 710 2902 760 eorum,
2932 708 2988 752 et
3019 699 3092 753 illi
3125 699 3545 755 confundentur.
3574 721 3596 756 ι

2025 785 2400 856 Evangelicum
2436 786 2566 855 ipsis
2599 796 2923 856 praeceptum
2972 790 3163 851 tradit.
3209 790 3343 844 nihil
3389 792 3599 845 discre-

2023 892 2159 946 pans
2184 877 2251 931 ab
2283 890 2371 940 eo,
2410 893 2428 927 ι
2461 874 2675 946 Diligite
2713 877 2964 933 inimicos
3000 890 3248 948 vestros,
3295 881 3600 938 benefacite

2024 968 2112 1033 iis,
2144 968 2236 1039 qui
2269 960 2499 1023 oderunt
2528 984 2642 1032 vos,
2671 980 2823 1024 orate
2863 986 2961 1039 pro
3006 969 3363 1041 amigentibus
3399 985 3453 1028 et
3482 989 3601 1043 per-

2022 1058 2371 1128 sequentibus
2407 1073 2537 1124 vos;
2580 1071 2639 1112 ut
2680 1060 2799 1114 sitis
2836 1058 2927 1113 filii
2964 1058 3141 1114 Patris
3176 1062 3364 1127 vestri,
3396 1061 3486 1129 qui
3518 1072 3601 1115 est

2023 1154 2077 1205 in
2107 1151 2258 1207 caelis
2278 1151 2348 1206 ³¹.
2379 1170 2397 1203 ›
2437 1150 2637 1206 Eadem
2668 1167 2891 1220 prorsus
2924 1155 3167 1225 praecipit
3193 1164 3246 1210 et
3281 1154 3436 1209 docet
3468 1169 3597 1222 pro-

2021 1241 2225 1311 pheua.

2092 1330 2254 1387 Vnus.
2282 1331 2333 1387 6.
2372 1350 2390 1384 ι
2422 1331 2536 1388 Vox
2581 1332 2833 1388 clamoris
2872 1348 2938 1387 ex
2981 1334 3220 1397 civitate,
3262 1348 3363 1387 vox
3397 1346 3428 1387 e
3461 1342 3598 1387 tem-

2021 1422 2127 1493 plo.
2154 1438 2254 1477 vox
2290 1422 2498 1476 Domini
2532 1422 2878 1478 retribuentis
2908 1423 3316 1477 retributionem
3348 1422 3599 1475 adversas

2025 1515 2174 1569 riis.»
2210 1512 2339 1567 Nam
2368 1514 2410 1568 si
2450 1514 2563 1569 lucc
2593 1524 2840 1582 agantur,
2871 1514 3050 1567 laetitia
3082 1524 3280 1577 vestra,
3307 1513 3596 1568 accedente

2018 1603 2363 1672 praemiorum
2400 1612 2661 1672 tempore,
2704 1604 2958 1657 omnibus
3010 1604 3294 1657 manifesta
3335 1604 3478 1657 erit:
3518 1603 3593 1658 illi

2018 1706 2148 1745 vero
2216 1690 2375 1745 linem
2440 1702 2679 1746 vestrum
2741 1694 3035 1762 conspicati
3092 1692 3485 1749 confundentur
3538 1704 3595 1750 et

2018 1799 2171 1839 suam
2218 1782 2407 1852 judicii
2462 1784 2627 1839 divini
2688 1793 2932 1855 tempore
2990 1787 3283 1855 perniciem
3337 1788 3597 1857 operibus

323 1875 436 1946 τῆς
466 1874 859 1948 δικαιοκρισίας
892 1880 1079 1949 καιρὸν
1104 1878 1198 1933 τοῦ
1229 1879 1364 1932 Θεοῦ
1393 1880 1577 1952 ἔργοις
1606 1882 1908 1953 μαθησόμε-

2021 1875 2278 1930 ediscent.
2309 1892 2327 1925 ι
2355 1872 2483 1927 .Vox
2536 1874 2789 1930 clamoris
2846 1890 2913 1930 ex
2947 1877 3184 1940 civitate,
3244 1891 3346 1930 vox
3386 1892 3417 1932 e
3449 1887 3591 1932 tem-

324 1985 436 2022 νοι.
491 1988 510 2021 ι
551 1971 705 2042 Φωνὴ
739 1973 987 2042 κραυγῆς
1030 1974 1094 2026 ὲκ
1128 1973 1356 2037 πόλεως,
1408 1976 1559 2046 φωνὴ
1607 1977 1671 2028 ὲκ
1702 1975 1853 2041 ναοῦ,
1889 1994 1908 2027 ι

322 2062 388 2113 αἱ
439 2062 538 2131 μὲν
567 2059 627 2127 ἐξ
652 2063 819 2132 αὐτῆς
847 2065 947 2133 τῆς
975 2064 1182 2128 πόλεως
1216 2064 1327 2119 τῶν
1354 2066 1652 2136 οἰκητόρων
1685 2065 1916 2120 ἐκϐοῶν-

318 2171 466 2218 των,
496 2155 552 2207 αἰ
588 2155 645 2208 δὲ
688 2155 749 2219 ἐξ
782 2155 949 2208 αὐτοῦ
977 2154 1071 2208 τοῦ
1104 2157 1255 2224 ναοῦ,
1295 2157 1403 2211 τῶν
1450 2158 1639 2229 ἱερέων
1669 2160 1761 2213 καὶ
1806 2160 1913 2213 τῶν

317 2245 535 2298 λοιπῶν
563 2246 889 2317 λειτουργῶν
917 2248 1384 2318 ἀποκλαιομένων.

401 2354 424 2388 ι
464 2337 600 2407 Πρὶν
632 2336 729 2407 τὴν
770 2337 1066 2391 ὠδίνουσαν
1089 2340 1292 2406 τεκεῖν,
1320 2340 1452 2410 πρὶν
1482 2340 1655 2393 ἐλθεῖν
1683 2340 1774 2395 τὸν
1808 2341 1910 2395 πό-

316 2446 415 2481 νον
474 2430 583 2483 τῶν
630 2430 855 2496 ὠδίνων,
908 2431 1159 2502 ἐξέφυγε,
1206 2433 1298 2485 καὶ
1344 2432 1528 2487 ἔτεκεν
1578 2432 1762 2505 ἄρσεν.
1815 2434 1911 2498 Τίς

313 2519 533 2588 ἢκουσε
581 2520 823 2586 τοιοῦτο;
859 2522 954 2576 καὶ
1005 2523 1084 2586 τίς
1123 2520 1365 2593 ἑώρακεν
1409 2522 1615 2589 οῦτως;
1657 2524 1720 2576 Εἰ
1755 2522 1910 2578 ὥδινε

314 2610 393 2678 γῆ
429 2608 494 2659 ὲν
536 2609 719 2680 ἡμέρᾳ
753 2612 871 2681 μιᾷ,
905 2612 955 2681 ἢ.
992 2611 1085 2664 καὶ
1116 2611 1308 2683 ἐτέχθη
1342 2612 1494 2676 ἔθνος
1534 2614 1787 2681 εἰσάπαξ,
1825 2614 1908 2668 ὅτι

304 2698 488 2752 -ῶδινε
519 2700 612 2753 καὶ
643 2699 798 2753 ἔτεκε
830 2701 970 2753 Σιὼν
998 2701 1066 2756 τὰ
1094 2703 1283 2756 παιδία
1316 2704 1523 2775 αὐτῆς;
1569 2724 1587 2755 ι
1626 2705 1698 2757 Τὸ
1729 2706 1910 2759 θεοσε-

319 2794 422 2857 ϐὲς
466 2792 787 2863 πολίτευμα,
823 2794 915 2847 καὶ
943 2796 975 2864 ή
1010 2795 1168 2867 καινὴ
1200 2795 1292 2848 καὶ
1320 2794 1414 2849 νέα
1450 2794 1605 2861 Σιὼν,
1646 2796 1843 2868 δηλαδὴ
1872 2798 1906 2868 ἡ

333 2882 637 2954 Ἐκκλησία
678 2882 772 2937 τοῦ
817 2882 975 2947 Θεοῦ,
1010 2886 1042 2954 ἡ
1082 2884 1148 2937 δι’
1193 2883 1346 2955 ὐμῶν
1380 2884 1777 2956 συστησομένη,
1820 2901 1908 2937 το-

324 2973 522 3026 σοῦτον
554 2973 764 3044 ἀθρόως
796 2975 1046 3044 γεννήσει
1079 2973 1282 3045 πλῆθος
1310 2973 1480 3029 ἐθνῶν
1510 2975 1611 3028 ’καὶ
1636 2975 1800 3041 λαῶν,
1831 2975 1907 3041 ὡς

321 3065 669 3136 ἐκπλαγῆναι
695 3066 784 3120 τὸν
811 3065 1099 3120 ἀκούοντα.
1128 3061 1230 3119 Οἷα
1252 3066 1361 3139 γάρ
1380 3084 1464 3129 τις
1491 3066 1746 3138 ἐγκύμων
1768 3066 1906 3139 γυνὴ

318 3157 471 3213 κατὰ
520 3157 754 3228 γαστρὸς
805 3157 1022 3228 ἔχουσα,
1062 3157 1332 3229 μηδεμιᾶς
1373 3158 1560 3222 ὠδῖνος
1610 3177 1904 3232 προσγενο-
1930 3198 1974 3257 C

320 3251 518 3321 μένης,
568 3249 830 3317 αἰφνίδιον
870 3252 1180 3322 γεννήσειε,
1228 3250 1323 3304 καὶ¹
1365 3250 1524 3304 τοῦτο
1578 3252 1763 3324 ἄρσεν·
1811 3253 1901 3308 τὸν

316 3341 489 3396 αὐτὸν
517 3341 717 3413 τρόπον
752 3342 905 3412 καὶὴ
940 3340 1036 3394 νέα
1074 3340 1212 3394 Σιὼν
1257 3340 1384 3397 λαὸν
1430 3342 1615 3395 καινὸν
1649 3344 1742 3397 καὶ
1784 3344 1904 3398 ὅλον

316 3435 479 3499 ἔθνος
506 3434 738 3500 εἰσάπαξ
769 3432 978 3505 ἁθρόως
1006 3432 1249 3498 τέξεται·
1284 3433 1360 3495 ὡς
1387 3428 1524 3487 εἶναι
1552 3430 1616 3486 ea
1656 3435 1763 3487 πᾶν
1793 3452 1899 3488 πα-

321 3525 701 3597 ραδοξότατον,
724 3518 845 3589 ¹οἷον
874 3522 1217 3577 οὐδεπώποτε
1248 3522 1513 3594 ἠκούσθη.
1555 3524 1627 3577 Τὸ
1663 3525 1761 3595 μὲν
1794 3524 1902 3596 γὰρ

329 3614 604 3669 Ἰουδαίων
643 3613 815 3679 ἔθνος,
857 3613 951 3668 καὶ
985 3612 1147 3677 αὐτὸς
1183 3614 1211 3666 ὁ
1274 3613 1511 3685 Ἰσραὴλ,
1561 3615 1661 3667 οὐκ
1692 3614 1903 3687 ἀθρόως

315 3708 606 3781 παρέστη·
639 3706 773 3760 ἀλλὰ
811 3705 1025 3776 πρῶτος
1059 3706 1157 3775 μὲν
1192 3700 1259 3777 ἦν
1286 3704 1465 3759 αὐτῶν
1502 3708 1530 3761 ό
1578 3707 1896 3778 προπάτωρ·

314 3799 516 3853 τούτου
550 3799 607 3851 δὲ
650 3798 907 3867 γεγόνασι
942 3798 1129 3862 παῖδες
1164 3797 1249 3869 ιβ’·
1284 3794 1381 3851 εἶτ’
1412 3797 1471 3866 ἐξ
1507 3799 1625 3863 ἐνὸς
1671 3800 1899 3854 ἑκάστου

314 3892 427 3946 υἰοι
469 3908 530 3943 τε
563 3890 658 3943 καί¹
689 3889 1006 3961 θυγατέρες·
1051 3882 1127 3944 ὧν
1171 3890 1279 3944 υἰοί
1320 3907 1379 3942 τε
1424 3889 1517 3944 καὶ
1564 3889 1774 3959 ἔκγονοι
1805 3888 1900 3943 καὶ

313 3984 581 4051 ἀπόγονοι
612 3982 943 4051 ὑπέστησαν·
980 3980 1121 4034 οὕτω
1150 3998 1211 4034 τε
1244 3981 1384 4035 κατὰ
1411 3980 1510 4050 τὴν
1555 3980 1661 4033 τῶν
1698 3979 1900 4049 γονέων

312 4073 572 4143 διαδοχὴν
599 4073 655 4124 ἐν
688 4070 893 4123 πλείοσι
918 4069 1130 4141 χρόνοις
1159 4070 1254 4123 καὶ
1300 4070 1359 4123 ἐν
1389 4069 1660 4141 διαφόροις
1688 4074 1899 4139 γενεαῖς

314 4165 556 4234 συνέστη
578 4163 641 4216 τὸ
672 4165 780 4216 πᾶν
806 4161 983 4215 αὐτῶν
1010 4160 1179 4224 ἔθνος.

394 4276 416 4311 ι
468 4255 611 4324 Ἐγὼ
638 4255 695 4307 δέ
727 4253 903 4307 ἔδωκα
932 4253 1030 4324 τὴν
1069 4250 1391 4324 προσδοκίαν
1420 4252 1645 4325 ταύτην,
1679 4251 1773 4305 καὶ
1800 4251 1899 4306 οὐκ

315 4349 598 4422 ἐμνήσθης
631 4364 751 4418 μου,
786 4343 909 4399 εἷπε
940 4346 1161 4415 Κύριος.
1197 4343 1310 4397 Οὐκ
1341 4342 1449 4396 ἰδοὺ
1482 4342 1592 4412 ἐγὼ
1624 4344 1898 4413 γεννῶσαν

314 4443 412 4495 καί⁵
444 4440 669 4511 στείραν
702 4438 952 4509 ἐτωίησα,
985 4433 1135 4490 εἶπεν
1160 4438 1188 4489 ὁ
1224 4435 1356 4500 Θεός
1390 4452 1517 4501 σου;
1556 4455 1574 4487 ι
1618 4436 1774 4490 Κατὰ
1804 4435 1893 4491 τὸν

2015 1967 2120 2034 plo.
2150 1983 2168 2015 ο
2212 1964 2381 2019 Voces
2425 1964 2637 2034 quidem
2670 1965 2789 2019 alia:
2825 1966 3021 2021 civium
3061 1968 3476 2022 exclamantium
3522 1983 3591 2023 ex

2015 2058 2266 2121 civitate,
2339 2056 2457 2111 aliae
2529 2071 2593 2110 ex
2652 2057 2854 2125 templo
2932 2059 3177 2122 emissae,
3249 2061 3588 2114 sacerdotum

2014 2156 2448 2216 caeterorumque
2536 2146 2909 2202 ministrorum
2986 2148 3313 2219 lugentium,
3394 2149 3590 2205 futurae

2013 2250 2160 2295 SUIH.

2085 2331 2247 2384 Vsus.
2275 2329 2330 2396 7,
2358 2328 2411 2386 8.
2449 2347 2469 2381 ι
2501 2329 2805 2401 Antequam
2846 2333 3157 2402 parturiens
3192 2334 3401 2403 pariat,
3437 2344 3590 2390 ante-

2012 2439 2172 2493 quam
2221 2424 2437 2478 veniant
2484 2424 2697 2479 dolores
2744 2436 2961 2495 partus,
3007 2425 3232 2496 effugit,
3281 2437 3335 2482 et
3378 2429 3588 2497 peperit

2012 2514 2330 2571 masculum.
2360 2512 2493 2580 Quis
2538 2514 2742 2569 audivit
2782 2516 2924 2571 tale?
2964 2519 3172 2588 etquis
3205 2520 3337 2573 vidit
3378 2520 3590 2576 simile?

2009 2604 2147 2661 Num
2190 2608 2479 2677 parturivi:
2524 2616 2669 2663 terra
2713 2610 2800 2663 die
2831 2624 2957 2674 una,
3002 2625 3127 2664 num
3174 2619 3297 2664 nata
3339 2622 3421 2665 est
3456 2626 3588 2681 gens

2009 2698 2198 2764 simul,
2255 2699 2381 2769 quia
2440 2700 2729 2769 parturivit
2773 2714 2828 2755 et
2884 2701 3091 2770 peperit
3145 2700 3274 2756 Sion
3329 2704 3587 2771 parvulos

2009 2790 2169 2853 suos?
2188 2810 2205 2842 ι
2240 2790 2335 2844 Pia
2371 2790 2580 2860 religio,
2606 2804 2661 2845 et
2689 2805 2829 2844 nova
2856 2804 3153 2860 recensque
3182 2789 3336 2854 Sion,
3368 2792 3584 2847 scilicet

2007 2880 2247 2939 Ecclesia
2295 2879 2417 2947 Dei,
2464 2896 2561 2952 per
2605 2896 2700 2935 vos
2747 2881 3147 2949 constituenda,
3196 2891 3399 2936 tantam
3451 2898 3584 2937 con—

2008 2974 2186 3028 fertim
2217 2975 2459 3043 gentium
2490 2985 2543 3029 et
2581 2972 2897 3044 p0pulorum
2940 2972 3344 3027 multitudinem
3380 2974 3580 3044 pariet,

2006 3078 2067 3124 ut
2098 3070 2189 3139 qui
2221 3068 2453 3124 audierit
2481 3066 2849 3138 Obstupescat.
2880 3068 3095 3123 Atenim
3124 3070 3581 3139 quemadmodum

2007 3161 2052 3216 si
2091 3161 2286 3215 mulier
2328 3161 2571 3229 quaedam
2610 3169 2826 3215 uterum
2880 3169 3100 3231 gestans
3151 3175 3214 3215 ac
3266 3175 3575 3233 praegans,

2006 3253 2125 3308 sine
2155 3252 2263 3306 ullo
2297 3252 2481 3307 dolore
2536 3260 2760 3323 repente
2812 3251 3109 3307 masculum
3162 3253 3377 3321 pariat;
3413 3256 3491 3308 sic
3526 3264 3584 3309 et

2005 3357 2144 3397 nova
2178 3341 2307 3398 Sion
2342 3343 2599 3411 populum
2648 3358 2883 3408 novum,
2928 3351 2984 3398 el.
3022 3344 3330 3399 universam
3364 3356 3582 3415 gentem

2004 3433 2167 3489 semel
2192 3442 2247 3487 et
2275 3431 2558 3487 confertim
2594 3434 2803 3504 pariet;
2843 3434 2917 3488 ita
2950 3443 3009 3489 ut
3039 3434 3305 3504 stupenda
3342 3452 3427 3491 res
3462 3445 3578 3492 tota

2003 3522 2093 3586 sit,
2133 3520 2308 3592 qualis
2347 3522 2528 3576 audita
2569 3537 2842 3592 nunquam
2874 3522 2998 3578 fuit.
3041 3522 3350 3579 Iudaeorum
3381 3528 3581 3596 quippe

2004 3613 2150 3667 natio
2174 3620 2230 3667 et
2268 3612 2381 3680 ipse
2418 3611 2582 3667 Israel
2628 3628 2736 3667 non
2784 3612 3072 3669 confertim
3126 3616 3420 3684 productus
3448 3626 3575 3672 est:

2004 3719 2126 3759 nam
2175 3704 2323 3774 prior
2360 3704 2577 3774 quidem
2630 3705 2731 3759 fuit
2777 3719 2966 3760 eorum
3018 3708 3374 3777 progenitor:
3416 3708 3578 3777 hujus

2001 3809 2129 3850 vero
2161 3794 2444 3850 duodecim
2488 3792 2645 3849 fuere
2674 3794 2770 3850 lilii
2810 3813 2825 3850 :
2871 3796 2996 3851 hinc
3030 3811 3098 3851 ex
3138 3798 3365 3869 singulis
3396 3799 3489 3853 lilii
3525 3809 3580 3855 et

2002 3884 2146 3954 ﬁliae,
2172 3886 2369 3956 quibus
2401 3885 2528 3940 item
2561 3886 2656 3941 filii
2696 3894 2751 3940 et
2795 3895 3023 3958 nepotes
3054 3895 3108 3942 et
3141 3888 3434 3958 abnepotes
3470 3892 3577 3946 orti

2000 3988 2145 4044 surt,
2188 3988 2350 4049 atque
2386 3978 2458 4032 ita
2491 3993 2588 4049 per
2617 3988 2899 4049 parentum
2930 3978 3353 4044 successionem,
3385 3981 3573 4037 multis

2000 4084 2261 4123 annorum
2310 4070 2620 4135 curriculis,
2664 4076 2719 4124 et
2755 4069 2920 4124 variis
2967 4068 3402 4139 generationibus
3453 4073 3577 4127 uni-

1999 4172 2211 4214 versum
2240 4175 2406 4231 genus
2434 4176 2621 4217 eorum
2651 4159 2916 4215 constitit.

2071 4250 2236 4307 Vsus.
2263 4252 2320 4307 9.
2365 4270 2384 4304 ι
2414 4252 2528 4322 Ego
2564 4264 2694 4305 vero
2728 4251 2850 4306 dedi
2899 4252 3359 4321 exspectationem
3406 4252 3570 4317 hanc,

1998 4354 2052 4403 et
2089 4362 2194 4401 non
2233 4344 2549 4400 recordatus
2589 4357 2647 4398 es
2688 4342 2826 4409 mei,
2871 4342 3011 4398 dixit
3055 4344 3333 4398 Dominus.
3385 4342 3575 4400 Nonne

1997 4454 2096 4509 ego
2125 4439 2433 4509 gignentem
2473 4444 2528 4489 et
2560 4435 2799 4490 sterilem
2830 4435 2966 4500 feci,
2997 4436 3131 4490 dixit
3174 4437 3314 4491 Deus
3362 4436 3525 4490 tuus?
3548 4456 3567 4489 ι

314 4532 479 4586 αὐτὸν
503 4531 562 4585 δὲ
588 4531 789 4603 τρόπον
820 4528 968 4601 εὖροι
1002 4528 1068 4583 ἄν
1094 4546 1179 4593 τις
1210 4529 1302 4582 καί
1328 4527 1395 4581 τὰ
1417 4528 1580 4582 λοιπὰ
1612 4526 1736 4599 ἔθνη
1772 4529 1896 4599 χρό-

2008 4531 2197 4585 Eodem
2234 4542 2457 4600 prorsus
2497 4527 2654 4581 modo
2683 4527 2818 4581 alias
2849 4542 3065 4598 quoque
3109 4537 3299 4597 gentes
3345 4543 3573 4583 numero

315 4641 430 4688 νοις
464 4625 545 4686 εἰς
592 4621 793 4692 πλῆθος
829 4621 1216 4675 ἐπιδεδωκότα·
1265 4622 1294 4673 ό
1338 4620 1395 4674 δὲ
1432 4621 1531 4692 τῆς
1572 4621 1895 4692 Ἐκκλησίας

314 4716 412 4769 τοῦ
442 4713 577 4769 Θεοῦ
609 4713 736 4776 λαὸς
768 4712 833 4765 ἅθ
844 4713 978 4782 ρόως
1002 4712 1090 4781 ὐφ’
1120 4712 1216 4766 ἕνα
1242 4713 1432 4785 καιρὸν
1461 4715 1554 4767 καὶ
1581 4714 1768 4787 ὥσπερ
1793 4715 1896 4767 ὑπὸ

318 4808 450 4877 μίαν
492 4805 705 4876 ἡμέραν
742 4804 979 4874 ἐπλήρου
1022 4804 1091 4857 τὰ
1136 4803 1362 4858 πλεῖστα
1408 4807 1549 4878 μέρη
1577 4807 1678 4877 τῆς
1713 4808 1894 4859 οἰκου-

320 4898 521 4969 μένης·
557 4896 587 4949 ὂ
630 4896 692 4966 δὴ
726 4893 931 4962 ξενίζον
974 4897 1203 4966 πρᾶγμα
1236 4898 1331 4949 καὶ
1370 4896 1646 4969 θαύματος
1692 4898 1893 4961 παντὸς

318 4989 578 5042 ἐπέκεινα
628 4988 869 5058 ὑπάρχον
908 4985 1031 5040 οὐτε
1078 4987 1352 5058 ὀφθαλμὸς
1394 4988 1606 5061 ἑώρακε
1650 4990 1890 5055 πώποτε,

316 5078 440 5132 οὐτε
474 5076 565 5142 οῦς
595 5080 812 5149 ἤκουσε.

392 5192 414 5223 ‹
448 5171 816 5243 Εὐφράνθητι,
864 5170 1236 5243 Ἰερουσαλὴμ,
1271 5171 1365 5226 καὶ
1394 5174 1804 5244 πανηγυρίσατε
1834 5175 1893 5229 ἐν

318 5264 479 5333 αὐτῇ,
513 5262 713 5326 πάντες
733 5264 781 5314 οἱ
802 5262 1121 5330 ἀγαπῶντες
1150 5264 1337 5333 αὐτήν.
1369 5261 1587 5333 Χάρητε
1609 5263 1725 5333 ἅμα
1754 5265 1889 5337 αὐτῇ

318 5356 465 5427 χαρᾷ
493 5354 693 5416 πάντες
734 5354 848 5406 ὅσοι
878 5353 1120 5407 πενθεῖτε
1155 5354 1241 5406 ἐπ’
1269 5354 1426 5425 αὐτῇ,
1463 5354 1549 5407 ἵνα
1594 5354 1889 5426 θηλάσητε,

320 5446 415 5499 καὶ
459 5442 808 5515 ἐμπλησθῆτε
850 5445 958 5498 ἀπὸ
1000 5443 1202 5515 μαστοῦ
1254 5446 1650 5518 παρακλήσεως
1697 5447 1885 5517 αὐτῆς,

323 5537 408 5589 ἵνα
441 5534 837 5605 ἐκθηλάσαντες
880 5539 1194 5608 τρυφήσητε
1229 5538 1337 5592 ἀπὸ
1374 5538 1579 5591 εἰσόδου
1604 5537 1761 5607 δόξης
1785 5539 1885 5591 αὐ-

320 5626 438 5697 τῆς.
479 5647 498 5680 ι
532 5625 762 5696 Χαίρετε
794 5629 889 5682 καὶ
922 5629 1269 5699 ἀγαλλιᾶσθε,
1300 5630 1375 5695 ὡς
1411 5629 1693 5702 μέλλοντες
1724 5628 1886 5699 ἐμπί-
1934 5712 1938 5714 ἡ

393 5811 437 5844 ⁸¹
475 5812 663 5868 Matth.
694 5826 746 5878 v,
770 5809 858 5867 44.

2002 4638 2065 4676 ac
2102 4620 2448 4676 multitudine
2477 4633 2599 4674 cum
2645 4626 2884 4687 tempore
2929 4628 3117 4673 auctas
3158 4618 3431 4687 reperias;
3474 4619 3570 4675 Dei

2001 4723 2180 4768 autem
2232 4710 2488 4766 Ecclesiae
2534 4709 2792 4781 populus,
2839 4709 3123 4765 confertim
3168 4725 3384 4778 unoque
3429 4720 3569 4765 tem—

2000 4822 2158 4878 pore,
2204 4816 2257 4860 et
2311 4805 2463 4875 quasi
2511 4820 2615 4858 una
2669 4804 2792 4870 die,
2829 4804 3119 4857 maximam
3163 4802 3312 4858 orbis
3358 4814 3568 4873 partem

1998 4898 2258 4969 implevit.
2295 4897 2469 4964 Quam
2511 4911 2624 4951 rem
2670 4910 2802 4951 sane
2843 4887 3160 4966 stupendam
3219 4897 3569 4967 omniumque

1997 4988 2489 5053 mirabilissimam,
2544 5001 2642 5042 nec
2672 4984 2861 5042 oculus
2901 5000 3140 5057 unquam
3178 4984 3422 5052 viderat,
3467 5001 3569 5042 nec

1995 5082 2139 5136 auris
2166 5080 2430 5136 audierat.

2065 5171 2229 5227 Vsus.
2254 5170 2344 5237 10,
2380 5170 2466 5229 ll.
2507 5189 2525 5222 ι
2554 5169 2779 5238 Laetare,
2806 5168 3124 5239 Jerusalem,
3157 5176 3211 5223 et
3239 5176 3563 5223 conventum

1992 5260 2151 5317 facite
2190 5262 2244 5315 in
2273 5276 2361 5327 ea,
2406 5274 2597 5314 omnes
2622 5261 2711 5329 qui
2744 5259 2963 5328 diligitis
2992 5272 3134 5313 eam.
3172 5256 3413 5312 Gaudete
3440 5270 3562 5310 cum

1992 5368 2053 5409 ea
2083 5354 2278 5423 gaudio
2306 5367 2495 5407 omnes
2523 5359 2788 5421 quotquot
2819 5349 3018 5419 lugetis
3059 5362 3221 5415 super
3256 5361 3344 5411 ea,
3374 5355 3433 5400 ut
3471 5361 3564 5401 su-

1993 5445 2153 5515 gatis,
2184 5454 2239 5499 et
2276 5443 2606 5514 impleamini
2654 5443 2724 5497 ab
2774 5441 2941 5495 ubere
2985 5437 3369 5494 consolationis
3409 5437 3559 5505 ejus;

1993 5546 2052 5590 ut
2089 5548 2373 5607 postquam
2411 5535 2690 5599 suxeritis,
2721 5531 3059 5589 delectemini
3091 5530 3161 5585 ab
3193 5530 3415 5584 introitu
3448 5528 3563 5597 glo-

1992 5629 2088 5684 rire
2115 5630 2247 5701 ejus.
2276 5648 2294 5683 ο
2333 5628 2577 5686 Gaudete
2613 5636 2667 5682 et
2703 5625 2988 5691 exsultate,
3016 5632 3199 5694 utpote
3226 5636 3292 5679 eo
3318 5619 3561 5688 fruituri.
