4130 6392
436 379 541 435 519

1109 377 1376 433 EUSEBII
1412 375 1882 434 CESARIENSIS
1920 375 2005 432 ΟΡ

2110 374 2288 430 PARS
2327 373 2420 428 Ιῐῐ.
2460 403 2530 413 -
2569 369 2982 426 ΕΧΕΟΕΤΙΟΑ.

3587 369 3700 422 520

434 494 527 563 qui
566 494 748 548 statim
779 506 989 563 unoque
1031 502 1276 563 tempore
1305 493 1602 549 masculum
1647 494 1902 564 populum
1942 495 2005 548 ibi

2120 493 2355 546 πλασθαι
2385 488 2479 543 τοῦ
2520 493 2578 544 ἐν
2609 482 2745 560 αὐτῇ
2784 488 2998 560 ἁθρόως
3045 488 3406 558 γεννήσαντος
3447 485 3578 538 λαὸν
3619 486 3699 556 τῷ

437 585 547 640 Deo
571 587 784 656 genuit,
825 600 888 640 ac
928 595 1114 655 utpote
1147 585 1387 655 replendi
1431 585 1592 649 lacte,
1620 586 1686 641 ad
1720 585 2004 640 infantium

434 677 603 747 ipsius
632 676 944 730 alimentum
973 685 1180 746 parato,
1210 677 1351 746 quod
1396 691 1528 732 sane
1553 677 1639 732 lac
1667 679 2002 746 rationabile,

433 777 666 837 utroque
707 782 774 821 ex
825 768 990 822 ubere
1029 766 1356 836 eﬂ'undetur,
1387 787 1453 825 ex
1496 769 1677 826 Veteri
1720 786 1912 841 nempe
1951 782 2007 826 et

433 858 584 912 Novo
638 857 1006 914 Testamento.
1058 860 1136 913 Ex
1187 862 1450 919 ambobus
1494 864 1642 920 enim
1698 864 2006 933 hujusmodi

433 947 706 1011 uberibus,
734 949 800 1002 de
825 949 1023 1018 quibus
1051 950 1250 1004 dicitur
1277 953 1331 1006 in
1375 953 1599 1008 Cantico
1631 954 1696 1018 ³⁸,
1739 973 1756 1005 ι
1787 953 2007 1008 Meliora

429 1046 552 1091 sunt
582 1040 746 1091 ubera
775 1045 864 1090 tua
904 1039 1048 1102 vino,
1101 1055 1120 1089 3
1153 1041 1465 1097 rationabili
1487 1049 1544 1097 et
1567 1043 1686 1098 sine
1712 1042 1838 1097 dolo
1865 1043 2007 1100 lacte

429 1127 682 1198 puerulos
734 1129 1025 1200 irrigabit,
1065 1131 1251 1202 sicque
1303 1133 1577 1203 perfectos
1624 1135 1884 1204 producet
1919 1138 2006 1191 vi-

432 1235 546 1274 ros.

501 1312 779 1369 Vens.12.
825 1313 1004 1381 «Quia
1045 1312 1162 1369 haec
1206 1314 1340 1368 dicit
1387 1315 1680 1384 Dominus,
1725 1319 1863 1374 Ecce
1908 1335 2009 1390 ego

417 1405 643 1460 vdeclino
676 1405 743 1458 ad
773 1419 865 1459 eos
893 1407 1047 1474 quasi
1086 1407 1275 1461 ﬂuvios
1324 1409 1494 1478 pacis,
1526 1419 1579 1462 et
1612 1411 1764 1479 quasi
1799 1423 2012 1466 torren-

429 1507 532 1564 tes,
565 1497 832 1550 inundans
864 1498 1087 1565 gloriam
1131 1501 1390 1567 gentium.
1419 1499 1639 1555 Parvuli
1687 1517 1874 1557 eorum
1916 1505 2009 1558 hu-

430 1592 593 1646 meris
631 1593 1017 1661 portabuntur,
1045 1600 1098 1643 et
1126 1607 1289 1661 super
1324 1607 1494 1661 genua
1529 1593 2002 1654 consolabuntur»

413 1682 789 1739 Consolatorii
848 1685 1034 1753 itaque
1083 1692 1138 1736 et
1191 1684 1257 1738 ad
1310 1684 1591 1740 leniendos
1650 1687 2008 1755 simpliciores

425 1778 636 1832 animos
683 1777 992 1832 concinnati
1028 1793 1326 1840 sermones,
1355 1778 1436 1832 lac
1466 1790 1766 1848 Opportune
1805 1796 2008 1835 avocan-

2113 583 2233 653 Θεῷ
2248 583 2472 654 ἄρρενα,
2497 581 2589 634 καὶ
2610 579 2878 648 γάλακτος
2906 578 3077 650 ἐκπλη
3088 576 3305 649 ροῦσθαι
3331 577 3409 640 είς
3428 577 3698 648 ἐκτροφὴν

2111 675 2218 729 τῶν
2246 675 2415 746 αὐτῆς
2441 674 2668 746 νηπίων.
2718 675 2783 726 Ὃ
2815 672 2879 742 δὴ
2912 669 3127 739 λογικὸν
3157 669 3299 739 γάλα
3331 669 3439 722 ἀπὸ
3468 669 3578 722 τῶν
3603 668 3697 722 δύο

2111 768 2291 840 θηλῶν
2333 767 2501 837 αὐτῆς
2529 765 2734 836 ρεύσει,
2781 763 3022 827 Παλαιᾶς
3051 761 3249 834 δηλαδὴ
3289 763 3382 816 καὶ
3405 761 3550 825 Νέας
3573 764 3700 816 Δια-

2115 859 2307 932 θήκης.
2348 859 2439 924 Ἐξ
2476 858 2801 931 ἀμφοτέρων
2835 856 2945 928 γάρ
2975 855 3181 910 τούτων
3225 855 3333 910 τῶν
3365 855 3566 924 ἑαυτῆς
3598 872 3699 924 μα-

2114 954 2244 1019 ζῶν,
2275 955 2403 1024 περὶ
2431 947 2505 1008 ὧν
2537 954 2750 1024 εἴρηται
2777 952 2871 1005 καὶ
2909 953 2966 1003 ἐν
2993 949 3072 1020 τῷ
3103 950 3362 1022 ’ᾼσματι,
3385 950 3465 1002 ὅτι
3495 968 3515 1000 ι
3541 951 3700 1016 ’Δγα-

2117 1043 2198 1098 θο“ι
2227 1045 2274 1097 οἱ
2311 1043 2506 1115 μαστοί
2533 1061 2625 1097 σου
2661 1043 2800 1114 ὑπὲρ
2837 1041 3000 1106 οἶνον,
3037 1059 3056 1092 3
3093 1043 3207 1104 τοῖς
3243 1039 3445 1108 ἐαυτῆς
3487 1037 3700 1109 νηπίοις

2113 1135 2425 1208 ἐπάρδουσα
2465 1156 2483 1188 ι
2519 1136 2580 1189 τὸ
2619 1134 2845 1204 λογικὸν.
2873 1134 2970 1188 καὶ
3013 1133 3199 1188 ἄδολον
3243 1132 3407 1202 γάλα,
3443 1151 3462 1184 3
3501 1131 3700 1203 ἄνδρας

2113 1229 2376 1300 προσάξει
2409 1228 2668 1291 τελείους.

2191 1337 2209 1370 ι
2243 1320 2362 1372 ’Ότι
2393 1319 2518 1374 τάδε
2564 1319 2710 1388 λέγει
2751 1318 2988 1390 Κύριος’
3044 1317 3176 1372 Ἰδοὺ
3215 1315 3325 1387 ἐγὼ
3353 1317 3584 1370 ἐκκλίνω
3611 1317 3693 1382 είς

2113 1411 2312 1474 αὐτοὺς
2351 1412 2426 1476 ὡς
2467 1413 2745 1482 ποταμοὺς
2781 1413 3032 1482 εἰρήνης,
3081 1412 3174 1463 καὶ
3225 1411 3300 1473 ὡς
3337 1410 3696 1482 χειμάρρους,

2115 1501 2422 1567 ἐπικλύζων
2451 1502 2610 1568 δόξαν
2647 1502 2839 1556 ἐθνῶν..
2878 1502 2959 1555 Τά
2985 1502 3173 1556 παιδία
3212 1502 3390 1556 αὐτῶν
3416 1503 3504 1556 ἐπ’
3527 1502 3696 1573 ὤμων

2115 1596 2460 1668 ἀρθήσονται,
2495 1597 2589 1650 καί¹
2618 1595 2710 1648 ἐπὶ
2734 1594 2974 1664 γονάτων
3001 1594 3535 1666 παρακληθήσονται.
3575 1614 3598 1647 3
3629 1596 3696 1649 Οἱ

2114 1686 2244 1756 γοῦν
2271 1687 2419 1756 λόγοι
2450 1688 2497 1740 οἱ
2541 1686 2942 1758 παρακλητικοὶ
2982 1689 3077 1741 καὶ
3111 1685 3559 1757 παραμυθητικοὶ
3587 1685 3703 1774 τῶν

2114 1778 2475 1850 ἀτελεστέρων
2500 1777 2686 1849 ψυχῶν
2713 1777 2854 1846 γάλα
2898 1777 3101 1850 κυρίως
3129 1776 3546 1848 ὠνομάσθησαν,
3577 1765 3678 1830 0%.:-

430 1881 561 1924 tur:
592 1885 715 1923 nam
749 1870 952 1925 solidus
987 1869 1140 1923 cibus
1182 1867 1234 1921 in
1273 1869 1519 1938 mysticis
1549 1870 1901 1939 dogmatibus
1932 1871 2005 1924 in-

2116 1871 2240 1942 ρεᾶς
2269 1871 2476 1942 τροφῆς
2503 1873 2560 1923 ἐν
2592 1871 2823 1941 δόγμασι
2856 1871 3138 1940 μυστικοῖς
3162 1868 3480 1940 νοουμένης,
3511 1869 3605 1921 καὶ
3632 1870 3691 1922 ἐν

415 1958 711 2030 'telligitur,
755 1970 810 2012 et
861 1961 914 2012 in
965 1956 1467 2027 speculationibus,
1518 1974 1638 2028 qua:
1704 1959 1756 2014 in
1812 1961 2009 2015 divinis

414 2051 726 2120 'Scripturis
761 2050 1014 2120 reposita
1044 2057 1190 2104 sunt.

504 2141 663 2198 Vens.
691 2140 777 2194 15.
818 2159 836 2192 ι
865 2141 1141 2206 Quomodo
1169 2141 1214 2196 si
1253 2156 1414 2212 quem
1446 2150 1623 2195 mater
1665 2141 2001 2208 consoletur,

424 2234 502 2288 ita
529 2244 583 2288 et
613 2250 712 2304 ego
743 2234 1063 2288 consolabor
1092 2250 1211 2299 vos,
1241 2245 1294 2289 et
1317 2236 1368 2289 in
1394 2233 1728 2290 Hierusalem
1757 2235 2008 2289 consula-

421 2327 639 2382 bimini.
668 2345 688 2380 3
731 2325 828 2380 Hic
882 2342 1095 2380 rursum
1141 2327 1367 2398 gloriam
1419 2328 1685 2397 gentium,
1737 2327 2009 2397 praedicta:

427 2431 580 2470 novat
621 2414 770 2470 Sinni
807 2415 1299 2488 llierosolymaeque
1337 2418 1635 2480 ascribens,
1667 2431 1853 2486 pacem
1885 2432 2010 2486 gen-

413 2509 572 2565 «tibus
606 2510 948 2564 tribuendam
994 2510 1277 2564 inundanti
1318 2509 1524 2565 ﬂumini
1569 2520 1876 2579 comparat.
1911 2508 2007 2565 His

424 2610 608 2655 autem
638 2600 1123 2670 pollicitationibus
1155 2601 1412 2670 superius
1457 2615 1674 2670 quoque
1721 2613 1806 2656 est
1854 2616 2005 2667 usus,

425 2693 740 2763 signiﬁcans
766 2707 881 2757 eos,
910 2694 1000 2762 qui
1029 2693 1208 2749 adhuc
1235 2695 1287 2748 in
1317 2691 1559 2747 Ecclesia
1591 2691 1829 2748 infantes
1857 2703 2002 2760 sunt,

413 2792 612 2854 .utpote
643 2786 735 2852 qui
773 2783 913 2835 lacte
961 2782 1290 2845 nutriantur,
1331 2781 1636 2836 nutricibus
1683 2783 2006 2852 quibusdam

413 2875 718 2945 gestandos
766 2888 917 2938 esse;
973 2873 1091 2926 sive
1137 2887 1168 2927 a
1217 2872 1450 2926 sinceris
1491 2871 1763 2928 Ecclesiae
1817 2873 2007 2927 docto-

427 2968 577 3020 ribus
605 2976 661 3019 et
694 2964 982 3034 praefectis,
1030 2965 1268 3033 itemque
1309 2978 1339 3017 a
1375 2963 1573 3018 divinis
1602 2975 1656 3017 et
1691 2963 2006 3019 caelestibus

412 3057 654 3127 angelis.
680 3056 778 3122 Qui
814 3057 976 3128 igitur
1008 3055 1340 3111 valentiores
1366 3066 1512 3119 sunt,
1544 3056 1877 3111 inﬁrmiores
1911 3057 2006 3110 hu-

415 3146 595 3202 meris
634 3146 944 3215 gestabunt,
977 3155 1031 3199 et
1060 3145 1126 3198 ad
1156 3159 1334 3215 genua
1366 3144 1830 3199 consolabuntur:
1864 3159 1927 3198 ac
1959 3145 2027 3214 si.

428 3249 607 3293 mater
633 3237 758 3292 tiliis
787 3236 1118 3302 blandiatur,
1145 3246 1200 3289 et
1231 3250 1332 3306 ego
1367 3235 1480 3306 ipse
1509 3235 1788 3300 Dominus,
1823 3245 2007 3305 utpote

425 3346 616 3387 eorum
659 3329 901 3384 omnium
943 3327 1135 3395 Pater,
1184 3325 1600 3384 imbecilliorum
1635 3328 2008 3384 conisolatores

427 3421 772 3479 consolabor.

522 3602 691 3659 Vens.
723 3602 816 3658 u.
871 3619 892 3654 ι
931 3601 1000 3656 Ει
1045 3599 1320 3666 videbitis,
1373 3609 1429 3658 et
1475 3601 1731 3674 gaudebit
1785 3618 1879 3658 cor
1912 3619 2008 3660 ve-

427 3707 624 3763 strum,
655 3705 711 3750 et
750 3709 877 3752 ossa
921 3704 1103 3750 vestra
1152 3693 1308 3765 quasi
1339 3692 1507 3750 herba
1541 3694 1943 3764 germinabunt.
1980 3713 1998 3747 3

417 3793 529 3848 .llic
555 3791 972 3864 promissionum
996 3789 1122 3845 ﬁnis
1144 3791 1267 3854 erit,
1295 3804 1506 3860 nempe,
1528 3788 1794 3845 Videbitis
1815 3791 2002 3845 Deum.

427 3884 792 3952 Quamobrem
833 3882 1083 3937 Salvator
1149 3882 1248 3937 hos
1296 3881 1487 3937 beatos
1535 3883 1864 3951 pradicabat
1922 3883 2006 3939 bis

427 3977 630 4042 verbis,
670 3993 689 4027 ι
729 3974 882 4029 Beati
923 3975 1123 4029 mundo
1156 3975 1337 4040 corde,
1374 3976 1634 4044 quoniam
1687 3975 1788 4045 ipsi
1835 3975 2002 4029 Deum

428 4069 686 4124 videbunt
718 4067 786 4122 ³³.
824 4085 844 4119 3
881 4097 951 4108 —
986 4085 1005 4117 ι
1041 4066 1110 4122 Et
1163 4078 1522 4137 cognoscatur
1560 4081 1752 4122 manus
1794 4067 2005 4122 Domini

430 4160 748 4218 timentibus
791 4175 938 4225 eum,
965 4167 1022 4213 et
1057 4158 1352 4213 minabitur
1381 4157 1696 4213 incredulis.
1732 4177 1753 4211 3

433 4254 437 4257 ’
500 4254 665 4310 Vsus.
712 4253 801 4308 15.
839 4270 858 4304 ι
889 4253 1027 4308 Ecce
1069 4250 1212 4307 enim
1239 4248 1504 4306 Dominus
1536 4251 1686 4320 quasi
1727 4250 1868 4320 ignis
1914 4265 2008 4305 ve-

426 4348 562 4413 niet,
594 4355 650 4402 et
681 4345 836 4416 quasi
873 4353 1170 4414 tempestas
1205 4357 1402 4398 currus
1442 4343 1582 4411 ejus,
1618 4352 1676 4397 ut
1712 4343 1904 4397 reddat
1951 4343 2004 4410 in

424 4441 616 4496 lurore
646 4437 926 4504 ultionem,
957 4447 1014 4492 et
1039 4421 1468 4506 increpatio'nem
1499 4450 1651 4488 suam
1699 4434 1752 4488 in
1786 4433 2004 4489 ﬂamma

2112 1961 2427 2034 θεωρήμασι
2472 1965 2588 2026 τοῖς
2623 1962 2684 2015 ἐν
2727 1963 2846 2025 ταῖς
2892 1961 3065 2026 θείαις
3103 1961 3350 2032 Γραφαίς
3392 1960 3694 2030 άποκειμέυ

2111 2070 2242 2116 νοις.

2187 2163 2206 2196 ι
2260 2145 2346 2208 Ὠς
2391 2146 2443 2198 εί
2487 2162 2609 2198 τινα
2665 2145 2847 2216 μήτηρ
2893 2143 3290 2216 παρακαλέσει,
3340 2143 3483 2196 οὕτω
3536 2143 3694 2212 κάγὼ

2109 2237 2478 2308 παρακαλέσω
2520 2237 2692 2306 ὒμᾶς,
2729 2236 2821 2289 καὶ
2851 2238 2908 2290 ἐν
2953 2235 3311 2307 Ἰερουσαλὴμ
3340 2235 3698 2306 παρακληθή-

2111 2326 2291 2378 σετθε.
2333 2346 2351 2378 3
2388 2327 2556 2380 Πάλιν
2592 2325 2874 2380 κάνταῦθα
2902 2327 3009 2381 τῶν
3031 2327 3202 2380 ἐθνῶν
3227 2327 3385 2391 δόξαν
3416 2327 3696 2381 συνάπτων

2107 2420 2174 2489 τῇ
2215 2417 2576 2491 προλεχθείσῃ
2618 2419 2716 2490 νέα
2744 2417 2884 2472 Σιὼν
2926 2419 3020 2472 καὶ
3064 2422 3131 2490 τῇ
3193 2418 3566 2489 Ἰερουσαλὴμ,
3594 2419 3692 2489 τὴν

2107 2510 2476 2582 δοθησομένην
2513 2515 2624 2575 τοῖς
2667 2511 2878 2564 ἔθνεσιν
2917 2513 3140 2584 εἰρήνην
3173 2510 3404 2582 ποταμῷ
3430 2509 3697 2564 κατακλύ-

2110 2602 2254 2667 ζοντι
2298 2604 2654 2675 παραϐάλλει.
2686 2605 2799 2658 Καὶ
2827 2604 3093 2674 ἀνωτέρω
3113 2603 3169 2657 δὲ
3212 2607 3336 2666 ταῖς
3359 2603 3549 2672 αὑταῖς
3576 2602 3694 2655 ἐκέ-

2107 2712 2278 2766 χρητο
2309 2695 2684 2764 ἐπαγγελίαις,
2731 2695 3011 2767 σημαίνων
3049 2695 3126 2759 ὣς
3173 2695 3300 2758 τοὺς
3337 2693 3418 2747 ἔτι
3464 2694 3686 2764 νηπίους

2106 2787 2205 2858 τῆς
2237 2787 2583 2857 Ἐκκλησίας,
2615 2787 2709 2841 ἅτε
2742 2787 2806 2858 δὴ
2831 2787 3064 2856 γάλακτι
3101 2787 3487 2857 τρεφομένους,
3534 2784 3686 2854 τιθηο

2107 2878 2189 2932 νοί
2217 2896 2364 2942 τινες
2404 2879 2897 2946 ύποΰαστάξουσιν.
2929 2880 3048 2949 ήτοι
3091 2877 3399 2932 διδάσκαλοι
3427 2877 3520 2929 καὶ
3558 2893 3693 2947 προ-

2107 2973 2340 3037 εστῶτες
2367 2975 2576 3046 γνήσιοι
2597 2975 2695 3044 τῆς
2728 2973 3053 3044 Ἐκκλησίας
3069 2971 3168 3024 τοῦ
3191 2970 3451 3043 Χριστοῦ,
3485 2970 3535 3022 oi
3561 2969 3693 3024 θεῖοί

2105 3080 2165 3118 τε
2212 3065 2307 3118 καὶ
2356 3065 2596 3137 οὐράνιοι
2645 3065 2889 3134 ἄγγελοι.
2940 3065 3004 3118 Oi
3057 3064 3155 3134 μέν
3207 3058 3298 3116 οὖν
3330 3061 3691 3133 δυνατώτεροι

2108 3158 2235 3220 τοὺς
2281 3157 2702 3229 ἀσθενεστέρους
2742 3158 2828 3210 ἐπ’
2872 3155 3039 3227 ὤμων
3070 3155 3420 3226 βαστάξουσ.,
3460 3151 3556 3210 γλιί
3599 3154 3693 3207 ἐπὶ

2109 3249 2352 3318 γονάτων
2397 3249 2892 3320 παρακαλέσουσιν,
2943 3246 3134 3318 ὥσπερ
3179 3247 3232 3300 εἴ
3272 3264 3355 3310 τις
3405 3245 3587 3317 μήτηρ
3623 3246 3693 3300 τὰ

2108 3341 2309 3410 ἐαυτῆς
2353 3339 2710 3413 παρακαλέσῃ
2759 3339 2947 3401 τέκνα,
3000 3336 3158 3406 κάγὼ
3191 3337 3352 3401 αὐτὸς
3389 3338 3418 3390 ὁ
3467 3335 3693 3407 Κύριος,

2106 3432 2202 3486 ἅτε
2229 3432 2292 3505 δὴ
2321 3433 2538 3486 πάντων
2567 3431 2746 3485 αὐτῶν
2774 3429 3036 3501 ὑπάρχων
3065 3428 3278 3500 Πατὴρ,
3328 3426 3694 3498 παρακαλέσει)

2096 3526 2232 3588 τοὺς
2255 3525 2362 3578 τῶν
2391 3524 2791 3596 ὑποδεεστέρων
2819 3523 3264 3596 παρακλήτορας.

2183 3636 2202 3669 ι
2236 3617 2587 3687 Καὶδψεσθε,
2625 3616 2727 3670 καὶ
2758 3617 3060 3688 χαρήσεται
3095 3619 3128 3686 ή
3159 3618 3350 3688 καρδία
3381 3617 3552 3688 ὑμῶν,
3589 3613 3682 3668 καὶ

2105 3708 2240 3762 ὀστᾶ
2285 3707 2438 3779 ὑμῶν
2466 3707 2540 3771 ὡς
2575 3708 2771 3778 βοτάνη
2811 3707 3080 3761 ἀνατελεῖ.
3132 3726 3150 3759 3
3198 3707 3306 3760 Καὶ
3350 3707 3508 3760 τοῦτο
3534 3705 3686 3767 τέλος

2106 3801 2258 3854 ἔσται
2283 3800 2394 3852 τῶν
2420 3798 2784 3868 ἐπαγγελιῶν,
2816 3799 2899 3862 τδ,
2935 3798 3169 3869 Ὀψεσθε
3190 3798 3280 3851 τὸν
3308 3797 3460 3852 Θεόν.
3494 3797 3582 3849 Διὸ
3596 3795 3688 3848 καὶ

2104 3895 2132 3947 ὁ
2157 3893 2346 3964 Σωτὴρ
2362 3892 2584 3955 τούτους
2600 3891 2902 3963 ἐμακάριζε
2919 3891 3095 3960 λέγων
3112 3909 3126 3922 ’
3147 3910 3166 3943 ι
3192 3891 3470 3962 Μακάριοι
3486 3891 3534 3942 οἱ
3557 3887 3687 3941 καθ-

2103 3986 2228 4056 αροὶ
2259 3987 2325 4055 τῇ
2353 3984 2570 4057 καρδίᾳ,
2606 3986 2683 4038 ὅτι
2715 3983 2867 4036 αὐτοὶ
2894 3983 2983 4036 τὸν
3013 3982 3146 4036 Θεὸν
3175 3982 3556 4052 ὄψονται.ι-‹
3579 3981 3687 4034 Καὶ

2104 4074 2479 4146 γνωσθήσεται
2507 4076 2539 4145 ή
2573 4074 2690 4148 χεὶρ
2719 4075 2921 4146 Κυρίου
2953 4077 3066 4137 τοῖς
3101 4073 3457 4146 φοϐουμένοις
3499 4071 3680 4136 αὑτὸν,

2103 4168 2200 4222 καὶ
2226 4167 2512 4238 ἀπειλήσει
2553 4170 2665 4232 τοῖς
2697 4166 3036 4222 ἀπειθοῦσιν.
3073 4185 3093 4218 3

2181 4277 2201 4312 ι
2240 4259 2368 4313 Ἰδοὺ
2406 4259 2513 4332 γὰρ
2539 4259 2744 4333 Κύριος
2773 4259 2849 4322 ὡς
2877 4258 2988 4329 πῦρ
3027 4257 3168 4330 ἥξει,
3208 4259 3302 4312 καὶ
3331 4256 3408 4322 ὡς
3436 4255 3690 4323 καταιγὶς

2101 4351 2174 4406 τὰ
2236 4352 2458 4424 ἅρματα
2507 4349 2710 4414 αὐτοῦ,
2759 4349 3048 4404 ἀποδοῦναι
3095 4351 3154 4402 ἐν
3207 4348 3364 4420 θυμῷ
3408 4348 3690 4416 ἐκδίκησιν⁸

2105 4441 2293 4507 αὑτοῦ,
2329 4442 2424 4496 καὶ
2455 4439 2936 4512 ἀποσκορακισμδν
2965 4439 3129 4492 αὑτοῦ
3161 4441 3220 4492 ἐν
3253 4438 3413 4508 φλογὶ
3446 4437 3638 4508 πυρός.
3663 4456 3684 4488 3

418 4532 594 4601 ignis.
626 4550 655 4585 r3
692 4530 808 4586 Jam
851 4531 1165 4586 memoratis
1218 4529 1529 4584 hominibus
1573 4544 1694 4598 quae
1749 4533 1996 4600 superius

2108 4536 2227 4598 Τοῖς
2262 4535 2360 4605 μὲν
2395 4532 2711 4603 δηλωθεῖσιν
2744 4531 3138 4600 ἐπαγγέλλεται
3165 4530 3232 4584 τὰ
3252 4529 3682 4601 προλε).εγμένα’

421 4626 572 4680 dicta
604 4635 731 4680 sunt
756 4623 1084 4694 pollicetur;
1120 4623 1188 4678 iis
1215 4636 1367 4688 vero,
1401 4623 1494 4692 qui
1536 4623 1868 4677 contrariam
1919 4625 2002 4678 in-

421 4719 545 4773 iere
574 4717 750 4782 viam,
785 4717 1183 4772 comminatur:
1228 4731 1294 4770 ac
1344 4725 1740 4785 consequenter
1773 4717 2004 4770 commi-

430 4808 670 4864 nationis
695 4808 962 4862 rationem
991 4809 1212 4874 edocet,
1261 4810 1564 4864 secundum
1601 4815 1657 4862 et
1695 4805 2000 4878 .gloriosum

431 4899 740 4957 Servatoris
761 4899 1051 4954 adventum
1082 4899 1394 4966 declarans,
1425 4898 1644 4970 quando
1673 4899 1854 4954 veniet
1878 4915 2001 4954 cum

430 4994 602 5063 gloria
632 4991 833 5059 Patris,
861 5003 916 5046 et
963 5006 1086 5047 cum
1132 4992 1338 5063 angelis
1370 4993 1505 5059 suis,
1549 4990 1808 5061 judicare
1851 4991 2003 5046 vivos

422 5096 485 5140 Cl
517 5094 781 5139 mortuos.

503 5174 671 5230 Vens.
716 5174 803 5229 16.
854 5193 875 5226 ι
920 5171 978 5228 ιη
1022 5174 1145 5244 igne
1182 5175 1327 5230 enim
1396 5173 1610 5230 Domini
1666 5174 2009 5246 judicabitur

419 5267 611 5321 omnis
642 5277 818 5332 terra,
851 5276 908 5322 et
947 5267 1000 5320 in
1037 5267 1216 5335 gladio
1260 5265 1377 5335 ejus
1418 5267 1597 5323 omnis
1635 5282 1812 5322 caro:
1853 5265 2005 5320 multi

427 5359 704 5414 “vulnerati
727 5369 889 5414 erunt
918 5374 949 5413 a
970 5358 1225 5414 Domino.
1264 5377 1286 5411 3
1325 5358 1590 5413 Furorem
1621 5358 1740 5428 ejus
1771 5370 1895 5412 esse
1925 5355 2008 5410 ul-

419 5453 601 5508 {rices
623 5461 928 5522 potestates
964 5451 1193 5521 intelligi
1241 5450 1429 5517 solet;
1477 5458 1532 5505 et
1575 5449 2000 5527 increpationgm

424 5558 590 5600 suam
627 5545 680 5598 in
701 5543 926 5600 ﬂamma
951 5543 1099 5614 ignis
1135 5553 1323 5599 cont-ra
1360 5542 1585 5598 eosdem
1638 5540 1838 5595 mittet.
1876 5538 2003 5594 Gla-

427 5641 735 5696 adium-vero
765 5655 1029 5712 corporeo
1076 5653 1227 5694 more
1277 5637 1541 5705 nominat,
1588 5632 2000 5693 et'vulneratos

507 5818 554 5849 ⁸⁸
595 5815 752 5872 Cant.
785 5832 820 5881 ι,
855 5817 904 5869 l.
951 5816 1023 5889 _”
1047 5814 1233 5871 Matth.
1267 5829 1318 5883 v,
1353 5813 1405 5867 8.

2107 4630 2220 4691 τοῖς
2248 4626 2304 4680 δὲ
2339 4626 2438 4696 τὴν
2471 4624 2717 4678 ἐναντίαν
2757 4622 3184 4695 πεπορευμένοις
3219 4622 3338 4676 ὁδὸν
3390 4621 3690 4692 ἠπείλησεν

2106 4717 2369 4789 ἀπειλήν·
2419 4717 2514 4769 καὶ
2563 4714 2866 4778 ἀκολούθως
2910 4714 3147 4768 διδάσκει
3178 4713 3268 4767 τὸν
3310 4714 3408 4786 τῆς
3458 4712 3694 4783 ἀπειλῆς

2107 4807 2328 4880 τρόπον,
2398 4807 2668 4878 παριστὰς
2727 4806 2826 4879 τήν
2877 4803 3132 4874 δευτέραν
3194 4805 3289 4858 καὶ
3338 4800 3544 4866 ἔνδοξον
3587 4804 3690 4856 τοῦ

2109 4900 2362 4972 Σωτῆρος
2412 4901 2738 4970 παρουσίαν,
2784 4899 2872 4951 ὅτε
2899 4897 3019 4968 ἥξει
3080 4895 3219 4968 μετὰ
3255 4897 3355 4968 τῆς
3386 4895 3544 4966 δόξης
3589 4895 3694 4950 τοῦ

2109 4991 2324 5064 Πατρὸς
2349 4990 2444 5045 καὶ
2477 4990 2614 5062 μετὰ
2636 4989 2745 5045 τῶν
2769 4988 3013 5058 ἀγγέλων
3043 4987 3229 5051 αὐτοῦ,
3262 4989 3444 5059 κρῖναι
3479 4985 3697 5052 ζῶντας

2105 5084 2202 5139 καὶ
2228 5082 2474 5155 νεκρούς.

2182 5194 2201 5227 ι
2256 5175 2344 5227 Ἐν
2375 5173 2484 5246 γὰρ
2511 5173 2589 5245 τῷ
2613 5173 2744 5246 πυρὶ
2771 5173 2976 5245 Κυρίου
3002 5171 3322 5244 κριθήσεται
3350 5168 3500 5222 πᾶσα
3521 5170 3554 5238 ἡ
3590 5168 3696 5238 γῆν

2105 5266 2201 5322 καὶ
2232 5268 2290 5320 ἐν
2331 5269 2398 5337 τῇ
2427 5266 2669 5338 ῥομφαίᾳ
2705 5265 2870 5320 αὐτοῦ
2901 5267 3049 5318 πᾶσα
3082 5265 3248 5335 σάρξο
3299 5261 3481 5314 πολλοὶ
3522 5277 3700 5330 τραυ-

2109 5358 2300 5431 ματίαι
2341 5357 2554 5412 ἔσονται
2583 5357 2690 5411 ὑπὸ
2737 5357 2965 5430 Κυρίου.
3026 5375 3046 5408 3
3097 5355 3279 5426 Θυμὸς
3317 5353 3375 5406 δὲ
3419 5351 3585 5405 αὑτοῦ
3631 5354 3699 5406 αἱ

2106 5450 2428 5505 κολαστικαὶ
2459 5450 2553 5502 καὶ
2587 5447 2952 5520 τιμωρητικαὶ
2997 5447 3254 5518 δυνάμεις
3281 5443 3502 5498 εἰώθασι
3531 5443 3701 5512 νομί-

2106 5541 2313 5608 ζεσθαι,
2348 5541 2442 5596 καὶ
2478 5540 2568 5595 τὸν
2600 5539 3080 5611 ἀποσκορακισμδν
3107 5538 3270 5592 αὐτοῦ
3303 5539 3359 5590 ἐν
3394 5535 3530 5607 πυρὶ
3554 5533 3703 5603 φλο-

2104 5633 2199 5704 γὸς
2228 5633 2368 5689 κατά
2399 5631 2506 5687 τῶν
2538 5631 2716 5688 αὐτῶν
2749 5633 2967 5705 ἀφήσει.
3010 5631 3311 5703 Ῥομφαίαν
3343 5629 3398 5683 δὲ
3427 5625 3702 5700 ὀνομάζει
