4130 6398
388 316 485 373 5Ξί

1284 318 1782 374 COMMENTARM
1820 319 1888 375 IN
1936 318 2189 375 [SUAE].
2233 350 2299 359 -—-
2338 317 2490 374 CAP.
2532 317 2713 375 LXVI.

3533 325 3632 360 ὶζῆο

3530 352 3635 380 ὁ.)οὲ

388 432 861 503 σωματικώτερον,
890 433 984 486 καὶ
1009 433 1354 503 τραυματίας
1392 434 1669 498 ὡσαύτως,
1707 435 1858 487 Ἐπεὶ
1886 434 1952 505 μὴ

2066 432 2340 486 similiter.
2379 431 2519 498 Quia
2564 431 2665 496 illi,
2716 438 2902 497 utpote
2946 429 3137 497 Judzei,
3182 448 3287 488 non
3336 434 3440 489 alio
3471 440 3633 490 modo

386 522 560 586 ἄλλως
602 518 670 594 ἦν
699 523 936 587 ἀκούειν,
974 523 1257 587 Ἰουδαίους
1286 524 1442 588 ὄντας
1476 525 1568 578 καὶ
1619 525 1692 596 μὴ
1725 525 1868 587 οἴους
1899 541 1959 576 τε

387 613 815 684 παρακολουθεῖν
855 617 920 685 τῇ
963 613 1071 666 τῶν
1113 613 1285 682 λόγων
1317 614 1544 685 διανοίᾳ.
1608 616 1668 667 '0
1718 615 1815 685 μὲν
1867 611 1959 668 οὖν

398 702 720 765 Ἀπόστολος
756 703 847 756 τὸν
873 702 981 756 τῶν
1022 706 1398 776 προκειμένων
1432 705 1557 759 νοῦν
1596 705 1849 775 διασαφεῖ
1869 705 1959 758 λέ-

383 809 495 860 γων
516 811 528 822 ·
561 813 580 844 ι
609 794 764 848 Κατά
788 795 845 847 δέ
871 795 969 866 τὴν
1004 795 1344 868 σκληρότητά
1362 798 1564 850 σου-καὶ
1592 799 1959 869 ἀμετανόητον

384 885 613 955 καρδίαν
647 884 993 958 θησαυρίζεις
1022 886 1232 958 σεαυτῷ
1281 887 1446 960 ὀργὴν
1487 891 1545 941 ὲν
1576 888 1757 961 ἡμέρᾳ
1789 890 1958 962 ὀργῆς

382 972 477 1024 καὶ
508 973 924 1043 ἀποκαλύψεως,
963 977 1057 1030 καὶ
1087 976 1483 1049 δικαιοκρισίας
1529 978 1687 1044 Θεοῦ,
1723 980 1782 1044 ὃς
1825 982 1959 1034 ἀπο-

376 1059 541 1114 δώσει
575 1063 791 1137 ἑκάστῳ
828 1064 969 1119 κατά
1001 1066 1069 1120 τὰ
1096 1066 1230 1138 ἔργα
1262 1068 1449 1122 αὐτοῦ.
1490 1088 1507 1121 ι
1652 1059 1657 1068 ’

458 1172 479 1205 ι
513 1155 574 1208 Oi
617 1155 960 1228 ἁγνιζόμενοι
997 1159 1091 1212 καὶ
1120 1158 1541 1232 καθαριζόμενοι
1583 1164 1662 1225 εἰς
1693 1165 1819 1227 τοὺς
1852 1165 1954 1233 κῆ-

380 1263 538 1310 πους,
574 1249 669 1300 καὶ
711 1249 769 1301 ἐν
807 1253 920 1313 τοῖς
954 1250 1248 1323 προθύροις
1291 1248 1539 1316 ἔσθοντες
1576 1254 1742 1326 κρέας
1789 1253 1953 1320 ὕειον,

376 1342 476 1394 καὶ
501 1341 568 1394 τὰ
596 1341 938 1413 βδελύγματα
971 1344 1065 1397 καὶ
1095 1344 1187 1396 τὸν
1217 1343 1345 1416 μῦν,
1375 1345 1469 1397 ἐπὶ
1502 1346 1561 1399 τὸ
1591 1346 1720 1399 αὐτὸ
1749 1346 1958 1401 ἀναλω-

379 1432 660 1503 θήσονται.
703 1454 721 1485 ι
766 1436 853 1498 Ὠς
883 1436 1077 1507 μηκέτι
1111 1436 1253 1490 κατὰ
1277 1437 1366 1490 τὸν
1393 1438 1557 1508 νόμον
1582 1438 1642 1491 ὃν
1670 1439 1955 1511 παρέδωκε

377 1526 619 1594 Μωῦσῆς
642 1525 1104 1599 καθαριζομένους
1135 1528 1313 1599 σποδῷ
1337 1528 1621 1600 δαμάλεως
1650 1532 1743 1585 καὶ
1772 1535 1956 1603 περιρ-

380 1620 691 1691 ραντηρῖοις
720 1620 939 1693 ἡμερῶν
967 1622 1105 1675 ἑπτὰ
1131 1623 1225 1675 καὶ
1250 1624 1368 1685 ταῖς
1395 1622 1483 1676 διὰ
1529 1623 1730 1677 θυσιῶν
1752 1623 1956 1696 καθάρ-

381 1730 534 1767 σεσιν
554 1730 567 1744 ο
586 1714 707 1767 ἀντὶ
731 1713 791 1767 δὲ
818 1714 1040 1779 τούτων,
1070 1717 1127 1769 ἐν
1154 1717 1335 1779 αὐτοῖς
1356 1717 1862 1788 περινοστήσαντες,
1894 1717 1954 1770 τὸ

375 1804 445 1856 δι’
490 1804 682 1868 ὓδατος
730 1805 1024 1876 καθάρσιον
1072 1808 1339 1878 ἀπαρκεῖν
1386 1808 1568 1870 αὐτοῖς
1608 1807 1797 1879 ᾤοντο,
1842 1813 1954 1872 τοῖς
1990 1789 2030 1846 Β

369 1887 518 1952 iam
546 1915 697 1963 τινας
729 1900 936 1971 κήπους
980 1899 1164 1953 ’ύδασιν
1213 1897 1594 1963 ἀπολούεσθαι,
1627 1899 1719 1953 καὶ
1759 1900 1952 1970 μηκέτι

377 1990 605 2060 μηδενὸς
625 1990 831 2044 δεῖσθαι
863 1990 970 2044 τῶν
994 1990 1521 2062 νενομοθετημένων.
1562 1992 1634 2044 ’Ὴ
1661 1992 1754 2045 καὶ
1780 1991 1952 2056 ἄλλως

374 2081 516 2151 μετά
550 2083 752 2154 μιαήοάς
783 2083 881 2137 καὶ
913 2082 1255 2154 ἀκαθάρτους
1295 2083 1542 2153 πράξεις,
1571 2083 1863 2153 ἀθεμίτους
1892 2100 1951 2135 τε

370 2177 764 2247 αἰσχρουργίας
809 2174 1059 2246 ἐνόμιζον
1102 2174 1277 2245 ψιλοῖς
1326 2174 1481 2227 ὕδασι
1513 2172 1828 2247 καθαρίζειν
1854 2176 1952 2239 τὰς

369 2267 584 2320 ἑαυτῶν
615 2267 810 2337 ψυχάς.

456 2464 475 2495 ε
503 2444 676 2514 Κάγὼ
708 2444 777 2499 τὰ
803 2445 939 2517 ἔργα
970 2446 1174 2511 αὐτῶν,
1207 2449 1301 2501 καὶ
1344 2448 1433 2502 τὸν
1465 2447 1721 2520 λογισμὸν
1752 2447 1947 2500 αὐτῶν.

366 2537 648 2607 Ἔρχομαι
674 2540 995 2608 συναγαγεῖν
1017 2539 1191 2593 πάντα
1209 2538 1278 2592 τά
1298 2538 1425 2609 ἔθνη
1451 2540 1546 2593 καὶ
1564 2539 1663 2602 τὰς
1677 2538 1950 2607 γλώσσας,

368 2628 469 2680 καὶ
484 2627 672 2696 ἥξουσι
692 2630 785 2681 καὶ
805 2629 1025 2697 ὄψονται
1053 2631 1151 2702 τὴν
1168 2630 1322 2695 δόξαν
1353 2648 1473 2701 μου.
1489 2651 1507 2681 ι
1536 2629 1875 2701 Σαςέστερον
1897 2630 1951 2681 δὲ

370 2719 401 2771 ὁ
442 2719 633 2792 Σωτὴρ
665 2722 722 2772 ἐν
752 2724 862 2783 τοῖς
894 2721 1246 2791 Εὐαγγελίοις
1284 2721 1522 2776 διδάσκει
1549 2722 1721 2775 ταῦτα
1745 2721 1946 2788 λέγων’

377 2828 400 2862 ι
432 2811 598 2865 Ὅταν
628 2811 683 2865 δὲ
711 2810 841 2884 ἔλθῃ
868 2814 897 2865 ὁ
923 2812 1053 2875 Υἱὸς
1076 2810 1171 2865 τοῦ
1202 2811 1487 2884 ἀνθρώπου
1520 2813 1577 2865 ἐν
1607 2815 1672 2883 τῇ
1697 2811 1823 2882 δόξῃ
1858 2812 1949 2863 τοῦ

368 2905 589 2977 Πατρδς
615 2905 801 2966 αὑτοῦ,
833 2906 925 2960 καὶ
960 2905 1160 2969 πάντες
1185 2906 1235 2957 οἱ
1280 2905 1425 2974 ἆγιοι
1453 2904 1674 2973 ἄγγελοι
1706 2904 1822 2975 μετ’
1852 2902 1951 2955 αύ-

370 2993 496 3046 τοῦ⁹
531 2995 625 3047 καὶ⁵
650 2994 934 3058 συνάξουσι
959 2994 1135 3049 πάντα
1165 2994 1234 3047 τὰ
1266 2993 1393 3065 ἔθνη
1420 2993 1727 3065 ἔμπροσθεν
1761 2992 1948 3056 αὑτοῦ,

2065 523 2365 594 intelligere
2394 533 2669 592 poterant,
2703 532 2763 576 ut
2798 523 2889 591 qui
2933 538 3038 577 non
3071 524 3313 581 valerent
3340 528 3632 583 verborum

2062 628 2295 671 mentem
2342 617 2623 685 subsequi.
2663 615 2951 685 Apostolus
2982 625 3131 671 certe
3166 617 3294 672 dicti
3346 620 3489 688 quod
3522 628 3635 673 tra-

2060 717 2272 763 ctamus
2313 722 2533 763 sensum
2570 709 2744 777 aperit
2779 707 2863 761 bis
2887 707 3088 770 verbis,
3125 725 3144 759 ‹
3181 707 3503 764 ‘Secundum
3539 725 3635 763 au-

2063 809 2167 852 tem
2220 800 2473 854 duritiem
2520 809 2667 854 tuam
2723 809 2779 855 et
2830 799 3177 868 impocnitens
3227 815 3323 854 cor
3367 801 3635 856 thesauri-

2060 906 2154 946 zas
2180 891 2275 946 tibi
2306 893 2442 946 iram
2476 893 2528 945 in
2557 893 2645 947 die
2683 892 2778 946 ira:
2804 902 2858 944 et
2889 872 3259 957 revelationis,
3288 903 3343 947 et
3366 892 3498 960 justi
3539 892 3630 961 ju-

2059 983 2185 1037 dicii
2234 983 2350 1049 Dei,
2400 985 2494 1053 qui
2547 983 2737 1038 reddet
2789 981 3084 1052 unicuique
3128 983 3426 1038 secundum
3465 999 3629 1054 opera

2058 1093 2152 1131 sua
2182 1077 2248 1132 “.
2285 1097 2305 1130 ι

2128 1169 2298 1224 Vsus.
2332 1170 2420 1225 l7.
2452 1190 2471 1222 ‹
2502 1170 2603 1238 Qui
2634 1171 3053 1228 sanctiﬁcantur
3075 1184 3130 1229 et
3167 1173 3526 1244 puriﬁcantur
3572 1171 3625 1225 in

2059 1262 2252 1327 hortis,
2276 1271 2330 1317 et
2351 1263 2405 1317 in
2427 1263 2702 1323 liminibus
2722 1266 3063 1321 comedentes
3087 1282 3305 1322 carnem
3327 1265 3625 1335 porcinam,

2055 1365 2109 1407 et
2143 1354 2574 1411 abominationes
2619 1365 2673 1410 et
2716 1371 2948 1422 murem,
2984 1358 3143 1411 simul
3170 1366 3578 1411 constituentur.
3601 1372 3624 1408 ι

2058 1446 2131 1499 lta
2164 1455 2228 1500 ut
2264 1462 2372 1502 non
2409 1447 2640 1503 alterius
2671 1451 2966 1503 secundum
2998 1449 3192 1519 legem,
3219 1462 3381 1517 quam
3406 1445 3629 1501 tradidit

2058 1535 2302 1608 Moyses.
2328 1540 2513 1593 cinere
2550 1540 2731 1594 vitulaa
2756 1548 2810 1594 et
2848 1540 3247 1607 aspersionibus
3288 1540 3494 1594 dierum
3542 1554 3630 1595 se-

2055 1635 2222 1695 ptem,
2255 1628 2719 1684 sacriliciorumve
2741 1630 3150 1698 purgationibus
3190 1631 3624 1684 mundarentur:

2057 1718 2150 1772 sed
2188 1719 2381 1774 horum
2415 1720 2556 1783 vice,
2595 1730 2882 1790 postquam
2931 1721 2984 1773 in
3031 1720 3117 1775 his
3145 1721 3347 1776 versati
3383 1719 3625 1785 fuerant,

2058 1809 2435 1877 purgationem
2488 1826 2585 1879 per
2627 1826 2824 1876 aquam
2869 1810 3123 1866 sullicere
3172 1811 3275 1866 sibi
3322 1811 3625 1881 putabant,

2056 1900 2414 1969 quorumdam
2460 1902 2741 1956 hortorum
2767 1903 2923 1972 aquis
2958 1918 3016 1958 se
3042 1902 3186 1958 ablui
3228 1911 3282 1956 et
3309 1900 3628 1967 emaeulari,

2057 2006 2157 2045 nec
2191 1990 2331 2044 ultra
2365 2005 2554 2045 eorum
2597 2008 2716 2062 quae
2746 1994 2801 2047 in
2852 1994 2972 2062 lege
3001 1995 3392 2064 praecipiuntur
3424 1992 3533 2047 ullo
3570 2007 3631 2047 se

2056 2095 2192 2150 opus
2223 2081 2445 2141 habere.
2472 2083 2875 2157 existimantes.
2906 2084 3039 2151 Nam
3081 2085 3217 2138 alias
3246 2093 3363 2152 post
3392 2083 3628 2139 admissa

2060 2172 2233 2239 turpia
2278 2171 2560 2235 facinora,
2607 2182 2663 2226 et
2706 2184 2829 2241 past
2883 2175 3097 2227 illicitas
3133 2184 3432 2242 turpesque
3460 2176 3631 2227 actio-

2058 2277 2181 2326 nes,
2216 2261 2451 2332 simplici
2497 2279 2635 2333 aqua
2681 2264 2892 2319 animas
2938 2267 3184 2319 mandari
3226 2279 3355 2319 suas
3395 2265 3631 2319 arbitra-

2054 2351 2272 2407 bantur.

2131 2441 2290 2496 Vsas.
2322 2443 2408 2497 l8.
2454 2462 2474 2495 ‹
2511 2444 2578 2498 Ει
2603 2459 2702 2515 ego
2725 2459 2890 2515 opera
2918 2460 3127 2508 eorum,
3153 2453 3209 2499 et
3237 2444 3624 2512 cegitationem

2055 2534 2241 2588 eorum
2272 2533 2482 2607 [novi].
2526 2537 2591 2589 Et
2618 2538 2776 2591 venio
2808 2547 2867 2590 ut
2899 2550 3224 2606 congregem
3263 2549 3454 2589 omnes
3496 2550 3626 2605 gen~

2058 2634 2139 2680 tes
2178 2636 2239 2680 et
2283 2626 2535 2694 linguas:
2598 2635 2654 2679 et
2704 2626 2928 2680 venient
2981 2636 3036 2679 et
3090 2625 3351 2677 videbunt
3399 2624 3637 2694 gloriant-

2055 2731 2251 2769 meam.
2296 2735 2314 2767 ι
2350 2715 2475 2771 11ωο
2508 2717 2708 2772 clarius
2748 2718 3008 2772 Servator
3038 2717 3092 2770 in
3131 2717 3439 2784 Evangeliis
3471 2718 3631 2771 decet

2054 2806 2142 2859 his
2184 2807 2398 2861 verbis:
2431 2826 2448 2856 ε
2478 2806 2611 2861 Cum
2642 2807 2853 2862 venerit
2886 2806 3055 2860 Filius
3088 2807 3323 2861 hominis
3373 2809 3425 2860 in
3458 2806 3626 2876 gloria

2054 2895 2237 2953 Patris
2266 2901 2371 2963 sui,
2402 2907 2457 2953 et
2487 2913 2676 2953 omnes
2697 2898 2878 2953 sancti
2905 2898 3081 2967 angeli
3110 2913 3236 2951 cmn
3262 2913 3365 2956 eo:
3399 2906 3456 2952 et
3499 2913 3631 2952 con-

2054 2990 2356 3061 gregabunt
2390 3004 2581 3045 omnes
2610 2998 2797 3059 gentes
2830 2988 2885 3043 in
2928 2998 3221 3059 conspectu
3262 2991 3414 3058 ejus,
3454 2998 3508 3043 et
3543 3003 3633 3042 se-

372 3085 464 3139 καὶ
494 3086 710 3158 ἀφοριεῖ
743 3088 959 3153 αὐτοὺς,
995 3086 1054 3140 ὃν
1083 3086 1283 3159 τρόπον
1312 3085 1560 3159 ἀφορίζει
1585 3089 1613 3140 ὁ
1640 3084 1842 3157 ποιμὴν
1880 3085 1948 3139 τὰ

2054 3082 2300 3152 gregabit
2327 3097 2441 3146 eos,
2475 3082 2927 3151 quemadmodum
2976 3090 3225 3151 segregat
3263 3091 3448 3149 pastor
3489 3094 3622 3134 oves

370 3176 619 3249 πρόϐατα
648 3177 755 3230 ἀπὸ
779 3176 887 3230 τῶν
922 3178 1145 3249 ἐρίφων,
1189 3197 1206 3228 ι
1244 3178 1341 3230 καὶ
1372 3176 1439 3230 τὰ
1470 3176 1616 3246 ἐξῆς.
1648 3178 1760 3231 Kai.
1791 3175 1948 3229 τοῦτο

368 3269 427 3323 δὲ
455 3268 616 3322 πάλιν
640 3271 751 3332 τοῖς
776 3267 984 3324 ἔθνεσιν
1009 3268 1425 3338 ἐπαγγέλλεται,
1460 3268 1520 3321 τὺ
1549 3267 1947 3341 καταξιωθῆναι

369 3357 667 3411 θεάσασθαι
700 3357 799 3428 τὴν
822 3357 980 3424 δόξαν
1012 3358 1193 3412 αὐτοῦ.

448 3469 467 3501 ι
503 3451 612 3504 Καὶ
639 3450 948 3520 καταλείψω
976 3451 1062 3504 ἐπ’
1105 3452 1286 3505 αὐτῶν
1333 3455 1577 3524 σημεῖον,
1618 3450 1715 3504 καὶ
1749 3450 1949 3517 ἐξαπο-

372 3542 544 3596 στελῶ
573 3543 632 3608 ὲξ
662 3542 840 3596 αὐτῶν
875 3543 1248 3615 σεσωσμένους
1276 3547 1354 3608 εἰς
1386 3543 1455 3598 τὰ
1492 3544 1642 3616 ἔθνη,
1685 3545 1764 3608 είς
1800 3542 1948 3614 Θαρ-

372 3631 505 3694 σεῖς,
533 3630 628 3682 καὶ
659 3630 813 3694 Φοὺδ,
843 3631 937 3685 καὶ
966 3632 1124 3698 Λοῦδ,
1160 3633 1253 3685 καὶ
1285 3632 1489 3704 Μοσὸχ,
1525 3633 1619 3686 καὶ
1646 3635 1726 3696 είς
1756 3631 1945 3695 Θοϐἐλ,

370 3723 465 3774 καὶ
488 3723 567 3784 είς
580 3720 934 3794 τὴνἙλλάδα,
964 3723 1058 3776 καὶ
1080 3724 1158 3786 εἰς
1186 3722 1282 3787 τὰς
1309 3726 1505 3796 νήσους
1527 3724 1627 3788 τὰς
1657 3725 1843 3796 πόρρω
1860 3742 1873 3753 ·
1898 3724 1949 3775 οἳ

368 3814 470 3867 οὐκ
495 3814 766 3883 ἀκηκόασί
795 3832 897 3885 μου
937 3815 996 3868 τὸ
1023 3816 1214 3887 ὄνομα,
1246 3815 1367 3869 οὗτε
1398 3817 1675 3887 ἐωράκασί
1723 3832 1824 3886 μου
1851 3815 1951 3888 τὴν

367 3903 547 3970 δόξαν.
579 3906 688 3958 Καὶ
720 3906 1080 3980 ἀναγγελοῦσι
1108 3907 1206 3977 τὴν
1234 3908 1391 3973 δόξαν
1427 3925 1528 3979 μου
1568 3909 1626 3960 ἐν
1653 3910 1767 3970 τοῖς
1803 3906 1950 3959 ἔθνε-

371 4012 446 4048 σι.
480 4014 500 4046 ι
543 3996 653 4048 Καὶ
685 3997 744 4047 ἐν
781 4000 892 4059 τοῖς
918 3997 1226 4069 ἔμπροσθεν
1257 3997 1496 4066 ἐλέγετο,
1542 3999 1626 4052 ὅτι
1680 4018 1699 4050 ι
1733 3993 1828 4063 Οἷς
1850 3999 1950 4052 οὐκ

370 4084 648 4155 ἀνηγγέλη
692 4086 817 4156 περὶ
859 4086 1024 4139 αύτοῦ
1069 4085 1309 4156 ὄψονται,
1346 4087 1395 4140 οἳ
1436 4087 1536 4140 οὐκ
1595 4086 1884 4158 ἀκηκόασι.
1925 4105 1943 4137 ι

368 4179 484 4233 Καὶ
508 4177 689 4231 πάλιν·
729 4198 746 4229 ι
770 4180 1049 4251 Ἐμφανὴς
1074 4181 1340 4251 ἐγενόμην
1370 4183 1481 4244 τοῖς
1509 4181 1610 4251 ἐμὲ
1639 4180 1712 4251 μὴ
1742 4181 1951 4252 ἐπερω-

367 4270 558 4336 τῶσιν,
589 4271 816 4346 εὐρέθην
831 4274 941 4336 τοῖς
970 4272 1070 4343 ἐμὲ
1102 4271 1179 4344 μὴ
1210 4272 1579 4344 ἐπιζητοῦσιν
1625 4268 1774 4325 εἶπαι
1819 4273 1948 4326 Ἰδού

370 4365 508 4435 εἰμι,
539 4366 651 4426 τοῖς
686 4364 760 4436 μὴ
806 4363 1253 4435 ἐπικαλουμένοις
1293 4365 1354 4418 τὸ
1384 4364 1557 4435 ὄνομα
1603 4383 1726 4436 μου.
1762 4386 1781 4418 ι
1815 4367 1950 4420 Τού-

2054 3175 2121 3226 ab
2153 3173 2340 3236 haedis,
2379 3191 2399 3224 ι
2427 3181 2484 3227 et
2507 3181 2723 3226 caetera.
2754 3170 2823 3224 Et
2852 3171 2957 3224 hoc
2991 3169 3186 3225 iterum
3223 3170 3477 3240 gentibus
3507 3169 3618 3238 pol-

2053 3264 2275 3331 licetur,
2307 3263 2451 3332 quod
2486 3276 2682 3331 nempe
2714 3260 2954 3315 futurum
3002 3262 3074 3315 sit
3104 3269 3163 3314 ut
3197 3261 3426 3330 gloriam
3457 3260 3626 3329 ipsius

2052 3355 2236 3411 videre
2279 3355 2450 3423 digna:
2486 3354 2805 3407 habeantur.

2121 3447 2287 3502 Vrsas.
2328 3445 2417 3500 l9.
2452 3464 2472 3496 ι
2505 3443 2573 3497 Ει
2608 3443 2911 3513 relinquam
2941 3456 3107 3511 super
3149 3456 3244 3496 eos
3282 3442 3535 3511 signum:
3569 3449 3630 3498 et

2051 3539 2298 3592 emittam
2331 3552 2397 3592 ex
2448 3535 2554 3590 illis
2591 3549 2689 3590 eos
2714 3536 2803 3602 qui
2842 3533 3035 3588 salvati
3089 3533 3292 3587 fuerint
3318 3534 3385 3588 ad
3415 3542 3625 3603 gentes,

2052 3629 2107 3683 in
2139 3629 2382 3694 Tharsis,
2429 3636 2481 3682 et
2512 3625 2686 3691 Phud,
2725 3634 2781 3679 et
2823 3624 2966 3691 Lud,
3010 3634 3066 3681 et
3110 3625 3163 3679 in
3204 3624 3446 3687 Mosoclt,
3482 3633 3536 3678 et
3569 3624 3624 3678 in

2054 3719 2276 3784 Tbobel,
2310 3729 2364 3774 et
2394 3718 2447 3772 in
2487 3717 2775 3780 Graeciam,
2803 3726 2857 3770 et
2886 3716 2939 3769 in
2973 3715 3179 3770 insulas
3214 3724 3485 3781 remotas;
3526 3716 3621 3782 qui

2054 3827 2158 3868 non
2192 3812 2479 3865 audierunt
2518 3822 2712 3864 nomen
2761 3824 2965 3871 meum,
3018 3822 3193 3875 neque
3229 3808 3483 3863 viderunt
3509 3808 3628 3877 glo-

2053 3906 2190 3958 riam
2217 3918 2411 3959 meam.
2444 3903 2511 3957 Et
2536 3900 2938 3956 annuntiabunt
2960 3899 3184 3970 gloriam
3210 3913 3387 3953 meam
3415 3898 3469 3952 in
3494 3912 3627 3968 gen-

2055 3997 2217 4051 tibus.
2262 4014 2281 4048 ι
2316 3993 2577 4065 Superius
2599 4008 2820 4064 quoque
2851 3991 3155 4056 dicebatur,
3194 4007 3213 4041 ι
3247 3990 3286 4044 li
3314 3989 3509 4058 quibus
3533 4006 3627 4044 an-

2053 4088 2362 4142 nuntiatutn
2407 4102 2513 4140 non
2549 4097 2632 4140 est
2676 4084 2743 4140 de
2791 4082 2903 4143 illo.
2933 4082 3233 4146 videbunt,
3275 4089 3332 4134 et
3373 4079 3467 4149 qui
3516 4094 3625 4136 non

2052 4179 2358 4240 audierunt,
2402 4176 2742 4246 intelligent:
2788 4193 2807 4226 ι
2842 4182 2897 4228 et
2924 4174 3150 4235 iterum,
3193 4190 3213 4222 ι
3253 4170 3493 4240 Apparui
3534 4171 3624 4236 iis,

2051 4269 2142 4339 qui
2189 4283 2276 4322 me
2310 4283 2416 4322 non
2455 4264 2904 4335 interrogabant;
2950 4264 3202 4317 inventus
3244 4274 3367 4315 sum
3391 4258 3484 4329 {ab
3509 4259 3623 4328 ﬁlis.

2050 4362 2141 4430 qui
2179 4375 2266 4415 me
2292 4375 2396 4413 non
2427 4358 2783 4427 quaerebant:
2818 4355 2955 4417 dixi,
3004 4353 3142 4407 Ecce
3173 4351 3384 4416 adsum,
3432 4350 3500 4404 iis
3529 4350 3623 4419 qui

368 4474 481 4510 των
510 4455 709 4524 ἀδελφά
752 4457 1005 4528 τυγχάνει
1049 4458 1118 4511 τὰ
1160 4457 1552 4529 προειρημένα,
1597 4457 1661 4509 δι’
1704 4450 1778 4510 ὧν
1824 4459 1950 4521 τοὺς

2056 4470 2161 4507 non
2204 4453 2531 4506 invocabant
2582 4463 2776 4503 nomen
2826 4462 3024 4500 meum.
3061 4463 3080 4495 ι
3126 4442 3222 4498 llis
3257 4442 3454 4495 adfinia
3498 4451 3622 4495 sunt

371 4547 567 4602 ἑαυτοῦ
598 4548 925 4613 ἀποστόλους
960 4548 1350 4617 ἐπαγγέλλεται
1379 4548 1728 4603 ἀποστέλλειν
1763 4548 1857 4600 ἐπὶ
1882 4547 1950 4601 τὰ

370 4634 628 4713 ἀλλότρια
654 4640 748 4694 τοῦ
801 4640 1016 4713 Ἰσραὴλ
1042 4640 1169 4710 ἔθνη
1204 4641 1272 4694 τὰ
1311 4639 1647 4711 πορῤωτάτω
1675 4640 1773 4710 τῆς
1819 4639 1946 4692 ’1ου-

367 4734 546 4797 δαίας.

446 4845 466 4877 ι
506 4824 614 4878 Καὶ
647 4822 830 4889 ἄξουσι
862 4822 986 4885 τοὺς
1018 4806 1277 4888 ἀδελφοὺς
1308 4822 1460 4891 ὑμῶν
1491 4822 1558 4875 ὲκ
1586 4820 1805 4875 πάντων
1835 4819 1944 4873 τῶν

369 4916 563 4979 ἐθνῶν,
593 4914 763 4986 δῶρον
804 4913 1010 4985 Κυρίῳ.
1045 4932 1065 4964 ›
1101 4911 1352 4976 Ἀξουσιν
1376 4913 1593 4976 αὐτοὺς,
1634 4912 1786 4974 τέλος
1816 4912 1948 4979 ἀγα-

371 5007 461 5062 θὸν
507 5007 689 5069 αὐτοῖς
720 5003 877 5060 τοῦτο
921 5003 1441 5074 παραχωρήσαντες,
1487 5004 1575 5056 ὅτε
1620 5004 1716 5056 καὶ
1749 5001 1948 5071 ἀναλη-

371 5099 668 5171 φθὴσονται
720 5096 919 5168 ὁμοίως
963 5094 1040 5165 τῷ
1097 5092 1252 5163 Ἠλίᾳ
1293 5094 1378 5162 ἐφ’
1429 5095 1635 5165 ἅρματι
1673 5090 1949 5163 ἀγγελικῷ

367 5191 675 5262 ὀχούμενοι,
710 5188 884 5258 φωτὸς
930 5185 1246 5258 ἐπουρανίου
1282 5185 1814 5257 περιαστράπτοντος
1846 5184 1946 5236 αὺ-

367 5284 513 5346 τούς.
549 5301 567 5333 ‹
604 5280 740 5334 Μεθ’
771 5281 950 5333 ἵππων
975 5280 1069 5333 καὶ
1091 5278 1351 5349 ἀρμάτων
1378 5279 1435 5330 ἐν
1454 5276 1763 5348 λαμπήναις
1798 5276 1950 5347 ἡμιό-

366 5392 492 5436 νων,
527 5373 664 5445 μετά
690 5371 943 5426 σκιαδίων
968 5374 1047 5435 είς
1066 5372 1165 5442 τὴν
1189 5371 1351 5440 ἁγίαν
1376 5368 1530 5422 πόλιν
1568 5367 1942 5440 Ἰερουσαλὴμ,

336 5446 339 5449 Α
368 5462 488 5520 εἷπε
531 5464 751 5536 Κύριος.
795 5484 812 5514 ι
856 5464 1089 5534 Νοήσεις
1123 5463 1183 5516 δὲ
1214 5465 1340 5526 τοὺς
1371 5461 1571 5525 ἵππους
1605 5460 1700 5513 καὶ
1741 5458 1813 5513 τὰ
1848 5459 1948 5531 ἆρ-

372 5572 517 5627 ματα
545 5553 828 5623 ἀηελικά,
869 5553 1166 5623 ἐπιστήσας
1199 5551 1294 5604 τοῦ
1330 5551 1600 5622 Ζαχαρίου
1625 5551 1690 5620 τῇ
1736 5565 1945 5620 προφη-

441 5738 487 5769 ³³
512 5736 668 5791 Rom.
707 5752 767 5796 tt,

690 5833 959 5893 l’unon.
993 5831 1109 5891 (in.
1153 5831 1386 5892 XXIV.

2055 4545 2334 4615 praemissa
2367 4544 2557 4602 verba,
2590 4539 2742 4609 queis
2775 4535 3046 4606 apostolos
3077 4548 3204 4591 suos
3245 4533 3313 4587 ad
3338 4543 3627 4585 extraneas

2052 4636 2232 4691 lsraeli
2272 4643 2478 4705 gentes,
2512 4641 2565 4686 et
2593 4649 2622 4684 a
2653 4628 2838 4684 Iudaea
2878 4626 3293 4690 remotissimas,
3327 4623 3624 4679 missurum

2053 4742 2113 4783 se
2148 4727 2455 4795 pollicetur.

2126 4820 2286 4872 \‘sns.
2316 4817 2405 4870 9.0.
2440 4834 2458 4865 ς
2493 4815 2558 4868 Ει
2589 4813 2858 4866 adducent
2900 4809 3094 4864 fratres
3120 4817 3333 4862 vestros
3363 4820 3430 4862 ex
3457 4804 3626 4860 enmi-

2052 4910 2151 4964 bus
2177 4909 2447 4981 gentibus,
2481 4907 2682 4958 denum
2729 4903 2976 4958 Domino.
3007 4920 3025 4952 ι
3058 4900 3341 4955 Adducent
3366 4896 3627 4957 eosltune

2050 5001 2181 5068 ipsis
2219 5002 2415 5053 bonum
2439 4997 2601 5050 linem
2632 5002 3004 5063 procurantes,
3030 4990 3622 5058 quandoassutuentur.

2048 5090 2273 5161 perinde
2303 5099 2468 5157 atque
2503 5086 2685 5141 llelias
2721 5100 2888 5139 curru
2927 5082 3178 5153 angelico
3219 5078 3385 5141 vecti,
3413 5074 3623 5130 cmlesti

2050 5182 2253 5234 lumine
2284 5179 2413 5247 ipsis
2453 5175 2925 5245 circnmfnlgente.
2966 5191 2987 5226 ι
3033 5171 3168 5228 Cum
3217 5167 3372 5237 equis
3401 5176 3457 5219 et
3496 5178 3621 5218 eur-

2050 5272 2218 5331 ribns,
2253 5271 2307 5324 in
2356 5262 2622 5336 latnpenis
2660 5269 2970 5330 mulorum,
3010 5280 3134 5320 cum
3189 5257 3524 5316 umbraculis
3567 5257 3621 5310 in

2050 5362 2324 5417 civitatem
2380 5368 2627 5413 sanctam
2674 5358 3016 5431 Jerusalem,
3078 5352 3216 5407 dixit
3270 5349 3550 5404 Dominus.
3594 5364 3618 5400 ι

2053 5456 2236 5523 Eques
2275 5464 2331 5507 et
2368 5453 2649 5522 angelicas
2688 5453 2886 5507 rhedas
2919 5447 3206 5517 intelliges,
3258 5442 3304 5497 si
3345 5436 3625 5493 Zachariae

2050 5545 2352 5616 pmphetim
2375 5544 2618 5598 animum
2653 5543 2916 5613 applices,
2946 5538 3034 5595 ubi
3073 5549 3244 5604 equos
3272 5530 3509 5597 veloces,
3530 5542 3626 5584 va-

3222 5808 3298 5867 ’Π
