4130 6434
358 345 467 402 525

1038 350 1306 407 EUSEBll
1346 350 1824 406 CESARIENSIS
1862 351 2010 407 OPP.
2052 351 2231 407 PARS
2267 351 2356 407 111.
2396 384 2464 395 -
2503 352 2913 410 ΕΧΕΟΕΤΙΟΑ.

3523 357 3627 412 εει

360 474 472 530 rios
498 484 556 530 et
585 474 758 543 albos,
796 490 859 531 ac
891 489 1093 530 currus
1139 476 1354 545 aliquos
1384 475 1727 541 describens,
1766 492 1930 547 ange~

2036 476 2175 547 τεία,
2218 478 2347 548 παρ’
2380 469 2424 543 ᾧ
2456 477 2655 540 ἵππους
2682 475 2891 546 ψαροὺς
2932 476 3024 528 καὶ
3058 476 3333 540 ποικίλους
3367 476 3461 530 καί
3503 474 3628 530 λευ-

359 565 495 621 licas
527 568 755 623 virtutes
790 566 1192 622 subindicabat.
1244 566 1535 637 Lampsum
1565 579 1742 622 autem
1776 569 1947 624 mulo—

360 673 481 712 rum
516 659 768 714 videnlur
797 659 1110 728 signiﬁcare
1140 674 1377 729 corpora
1413 662 1782 730 resurgentia,
1824 661 1943 730 qui-

358 749 463 805 bus
511 759 679 806 vectte
725 750 919 804 animm
981 750 1034 804 in
1100 751 1379 805 caelestem
1452 752 1727 806 civitatem
1792 768 1945 806 assu-

361 852 603 895 mentnr.
635 841 678 895 E
721 856 780 896 re
810 851 990 896 autem
1032 842 1235 897 dicitur
1278 844 1566 914 lampente,
1604 846 1719 900 sive
1768 844 1945 916 fulgo-

362 948 472 998 res,
498 934 568 988 ob
602 934 898 1004 fulgentem
936 936 1065 1006 ipsis
1096 935 1345 1006 gloriam.

432 1113 599 1170 Vens.
628 1115 720 1171 21.
760 1135 778 1165 ι
819 1115 889 1172 Ut
928 1115 1162 1172 oll'erant
1193 1118 1287 1173 lilii
1334 1120 1502 1176 Israel
1527 1120 1777 1177 victimas
1817 1138 1943 1179 suas

360 1208 491 1261 mihi
532 1224 653 1261 cum
699 1209 958 1277 psalmis:
1024 1219 1079 1265 et
1139 1227 1205 1265 ex
1255 1210 1335 1267 eis
1377 1228 1586 1268 sumam
1631 1217 1943 1271 sacerdotes

358 1310 413 1352 et
449 1298 693 1364 Levitas,
749 1301 886 1355 dixit
920 1301 1199 1359 Dominus.
1240 1323 1257 1355 ι
1307 1304 1373 1359 Ut
1418 1305 1601 1375 itaque
1647 1312 1941 1362 secundum

358 1406 677 1461 corpoream
712 1392 884 1461 legem
940 1393 994 1448 in
1045 1402 1263 1449 terrena
1317 1393 1622 1453 Jerusalem
1673 1398 1789 1452 haec
1819 1414 1943 1469 age-

358 1482 491 1534 bant
525 1485 620 1552 qui
666 1484 870 1538 cultum
924 1486 1350 1554 persolvebant;
1402 1488 1593 1543 eodem
1652 1490 1815 1544 modo
1856 1505 1942 1545 se-

355 1574 593 1628 cundum
627 1583 905 1630 terrenum
938 1576 1067 1631 illud
1096 1580 1426 1649 exemplum,
1457 1581 1545 1650 qui
1577 1580 1631 1635 in
1662 1581 1940 1637 caelestem

356 1662 755 1737 Jerosolymam
786 1671 1097 1732 ascenderit,
1132 1686 1256 1725 cum
1293 1673 1528 1742 propriis
1556 1671 1823 1731 fructibus
1852 1690 1941 1729 ve-

361 1758 531 1822 nient,
567 1773 702 1828 quos
729 1761 928 1827 singuli
960 1778 1029 1815 ex
1080 1761 1379 1818 fructilcris
1415 1763 1704 1821 virtutibus
1752 1779 1810 1821 ut
1846 1773 1942 1822 do-

361 1865 489 1904 num
517 1859 575 1905 ct
602 1867 797 1906 munus
842 1854 894 1907 in
937 1855 1119 1909 anima
1158 1857 1417 1912 referent.

436 1958 601 2014 Vsus.
629 1959 723 2016 9.2.
763 1980 783 2013 ι
821 1960 976 2017 Sicut
1017 1963 1160 2018 enim
1194 1965 1392 2020 ctelum
1443 1980 1642 2022 novum
1689 1977 1744 2021 et
1790 1979 1935 2023 terra

358 2065 518 2116 nova,
553 2068 676 2121 qum
698 2067 797 2120 ego
824 2052 989 2116 facio,
1025 2066 1344 2124 permanent
1373 2056 1424 2110 in
1458 2066 1751 2126 conspectu
1792 2068 1935 2125 meo“,

357 2143 491 2197 dicit
527 2143 785 2199 Dominus
819 2161 835 2211 ;
868 2144 949 2199 sic
976 2147 1145 2200 stabit
1171 2162 1355 2203 semen
1380 2134 1627 2203 vestrum
1653 2158 1709 2205 et
1737 2166 1936 2206 nomen

355 2244 620 2290 vestrum.
656 2255 676 2287 ι
704 2234 841 2290 Nam
870 2238 917 2293 si
950 2252 1152 2292 novum
1180 2240 1402 2306 callum,
1433 2250 1490 2295 et
1517 2255 1654 2296 nova
1683 2250 1852 2306 terra,
1882 2252 1937 2297 et

353 2324 655 2381 Jerusalem
708 2342 845 2383 nova
895 2338 1018 2394 est;
1072 2341 1475 2401 consequenter
1514 2335 1829 2389 sacerdotes
1879 2345 1936 2390 et

355 2414 556 2471 Levita
587 2418 711 2472 novi
756 2428 939 2483 erunt,
980 2434 1152 2489 quare
1178 2423 1427 2491 superius
1462 2423 1722 2479 dicebat:
1759 2442 1779 2476 ι
1816 2424 1933 2480 Νοη

356 2508 788 2565 recordabuntur
814 2512 1079 2580 priorum,
1113 2523 1169 2567 et
1200 2527 1308 2568 non
1341 2516 1602 2571 ascendet
1646 2516 1698 2572 in
1726 2530 1824 2573 cor
1849 2533 1937 2573 eo-

354 2616 503 2656 rum.
533 2619 556 2655 s
590 2601 773 2656 Prima
804 2604 989 2672 itaque
1014 2618 1125 2657 non
1156 2606 1531 2673 permanentia
1569 2618 1764 2675 erant,
1806 2624 1938 2679 qua-

352 2701 578 2763 propter
603 2693 808 2748 dictum
833 2702 937 2757 est,
975 2709 995 2742 ι
1024 2692 1232 2749 Caelum
1259 2705 1317 2750 et
1360 2704 1504 2751 terra
1532 2700 1873 2766 transibunt;
1907 2720 1928 2754 ι

352 2798 422 2839 ac
461 2798 711 2851 rursum,
764 2803 783 2837 ι
831 2784 1133 2839 Pllcabitur
1176 2785 1373 2850 caelum
1411 2796 1472 2841 ut
1511 2788 1672 2853 liber,
1721 2800 1778 2844 et
1809 2805 1935 2845 cor-

352 2877 608 2946 ruptione
644 2882 1029 2947 corrumpetur
1074 2887 1239 2936 terra.
1292 2896 1313 2930 ι
1346 2878 1536 2934 Futuri
1576 2895 1703 2937 vero
1744 2882 1930 2939 saculi

354 2968 613 3036 primitiae
656 2968 948 3036 Christus;
976 2970 1172 3025 deinde
1199 2970 1291 3041 qui
1323 2971 1530 3028 Christi
1577 2982 1706 3029 sunt
1733 2974 1789 3030 in
1836 2976 1934 3029 ad.

353 3068 520 3115 ventu
564 3060 701 3129 eius.

426 3150 592 3206 Vens.
619 3151 713 3206 2'5.
752 3168 772 3203 ι
810 3151 876 3206 Ει
901 3152 1006 3207 erit
1044 3152 1247 3209 mensis
1291 3169 1360 3210 ex
1396 3170 1605 3221 mense,
1644 3166 1702 3212 et
1734 3158 1929 3215 sabba-
1956 3176 2000 3236 α

2047 570 2175 632 mia;
2204 569 2297 621 καὶ
2327 567 2550 641 ἀρματά
2586 585 2707 621 τινα
2736 567 3037 639 διαγράψας
3066 569 3094 619 6
3120 567 3298 637 λόγος,
3327 570 3627 638 ἀγγελικάς

2045 660 2287 731 ᾐνίττετο
2318 660 2595 731 δυνάμεις.
2636 662 2933 732 Δαμπῆναι
2976 660 3032 713 δέ
3070 660 3311 731 ἡμιόνων
3340 661 3629 732 σημαίνειν

2045 752 2342 806 ἐοίκασιτά
2368 751 2466 822 τῆς
2495 752 2843 815 ἀναστάσεως
2871 750 3122 823 σώματα,
3151 747 3232 817 οἷς
3259 752 3627 823 ἐποχούμεναι

2044 847 2101 898 αἱ
2132 845 2301 915 ψυχαὶ
2340 847 2418 908 εἰς
2460 843 2556 915 τὴν
2589 845 2909 916 ἐπουράνιον
2951 844 3419 916 ἁναληφθήσονται
3449 845 3623 899 πόλιν.

2043 933 2118 990 Εὖ
2149 938 2205 990 δέ
2231 937 2443 1008 εἴρηται
2468 936 2747 1007 λαμπῆναι
2776 936 2863 990 διὰ
2891 937 2988 1009 τὴν
3027 936 3416 1008 ἐκλάμπουσαν
3442 934 3626 1004 αὐτοῖς

2043 1030 2223 1094 δόξαν.

2116 1141 2135 1173 ι
2166 1116 2267 1185 ΔὨς
2296 1120 2686 1189 ἀνενέγκαισαν
2714 1122 2760 1174 οἱ
2788 1122 2895 1174 υἱοὶ
2932 1120 3146 1193 Ἰσραὴλ
3177 1122 3276 1186 τάς
3303 1121 3497 1186 θυσίας
3528 1122 3625 1176 αύο

2041 1213 2149 1267 τῶν
2204 1214 2327 1285 ἐμοὶ
2377 1213 2514 1285 μετὰ
2556 1212 2823 1284 ψαλμῶν·
2870 1215 2964 1267 καὶ
3010 1215 3106 1267 ἀπ’
3152 1214 3331 1267 αὐτῶν
3377 1214 3623 1286 λήψομαι

2046 1307 2210 1377 ἱερεῖς
2237 1306 2332 1360 καὶ
2360 1307 2612 1371 Λευίτας,
2648 1300 2769 1359 εἷπε
2802 1306 3024 1377 Κύριος.
3066 1326 3085 1358 ι
3120 1307 3333 1378 Ὥσπερ
3360 1302 3453 1360 οὖν
3500 1307 3621 1361 τότε

2042 1400 2183 1452 κατά
2211 1398 2303 1451 τὸν
2332 1398 2644 1470 σωματικὸν
2681 1400 2843 1469 νόμον
2883 1398 2978 1451 ἐπί
3016 1399 3115 1470 τῆς
3149 1400 3391 1467 ἐπιγείου
3432 1401 3623 1474 Ἰερου-

2045 1489 2223 1560 σαλὴμ
2247 1489 2397 1543 ταῦτ’
2428 1490 2694 1561 ἔπραττον
2723 1494 2771 1544 oi
2803 1491 2901 1562 τὴν
2936 1491 3192 1563 λατρείαν
3222 1492 3617 1556 ἐπιτελοῦντες

2040 1583 2130 1635 τὸν
2159 1583 2317 1636 αὑτὸν
2340 1582 2539 1653 τρόπον
2569 1581 2708 1635 κατά
2743 1583 2802 1635 τὸ
2829 1583 2920 1635 ἐπὶ
2956 1583 3061 1654 γῆς
3089 1583 3438 1655 παράδειγμα
3467 1587 3513 1638 οἱ
3541 1587 3622 1649 εἰς

2040 1676 2139 1746 τὴν
2170 1676 2418 1743 οὐράνιον
2466 1673 2823 1748 Ἰερουσαλὴυ.
2868 1675 3110 1739 ἀνιόντες
3149 1675 3338 1746 ἥξουσι
3387 1678 3506 1747 μετ’
3544 1677 3624 1730 οἰ-

2042 1765 2206 1819 κείων
2248 1767 2497 1839 καρπῶν,
2530 1760 2604 1820 ὧν
2653 1767 2881 1827 ἕκαστος
2923 1768 2979 1819 ἐν
3020 1766 3163 1837 ψυχῇ
3200 1765 3621 1839 μετακομίζεται

1972 1828 2014 1884 Β
2042 1857 2228 1931 δώρων
2256 1828 2355 1930 τῆς
2378 1828 2492 1912 τῶν.
2512 1857 2721 1930 ἀρετῶν
2752 1859 2815 1911 ἐκ
2844 1828 3238 1931 καρποίρορίας.

2117 1968 2135 1998 ι
2178 1949 2273 2001 Ὃν
2300 1948 2500 2019 τρόπον
2530 1949 2639 2020 γὰρ
2660 1951 2688 2002 6
2713 1946 2940 2018 οὐρανὸς
2976 1948 3160 2011 καινὸς
3191 1947 3284 2001 καὶ
3320 1948 3354 2019 ἡ
3395 1947 3464 2017 γῆ
3495 1963 3619 2001 και-

2037 2039 2127 2110 νὴ,
2156 2034 2199 2092 ’ἃ
2226 2037 2337 2107 ἐγὼ
2369 2038 2534 2103 ποιῶ,
2578 2039 2728 2110 μένει
2752 2039 2980 2093 ἐνώπιον
3019 2038 3175 2112 ἐμοῦ,
3205 2039 3353 2107 λέγει
3374 2038 3574 2110 Κύριος
3602 2056 3619 2070 ο

2036 2131 2181 2184 οὕτω
2202 2133 2454 2203 στήσεται
2477 2131 2539 2184 τὸ
2573 2130 2793 2201 σπέρμα
2813 2131 2967 2202 ὑμῶν
2996 2132 3089 2184 καὶ
3119 2129 3179 2184 τὸ
3206 2130 3378 2200 ὄνομα
3408 2129 3616 2201 ὑμῶν.»

2038 2226 2101 2278 Ei
2126 2224 2234 2296 γὰρ
2255 2224 2482 2296 οὐρανὸς
2511 2224 2694 2287 καινός
2731 2226 2847 2277 ἐστι
2875 2225 2971 2278 καὶ
3004 2226 3037 2296 ἡ
3066 2224 3139 2295 γῆ
3167 2223 3346 2290 καινὴ,
3390 2223 3484 2276 καὶ
3525 2223 3623 2275 Ἱε-

2041 2317 2322 2389 ρουσαλὴμ
2354 2317 2534 2388 καινὴ,
2585 2318 2875 2372 ἀκόλουθον
2907 2319 2975 2371 ἂν
3017 2316 3102 2388 εἴη
3158 2317 3251 2371 κιύ⁸
3298 2316 3423 2379 τοὺς
3456 2316 3623 2385 ἱερεῖς

2036 2411 2133 2463 καὶ
2159 2411 2394 2474 Λευίτας
2427 2411 2644 2476 καινοὺς
2671 2409 2886 2464 ἔσεσθαι
2909 2427 2924 2440 ·
2956 2408 3036 2464 διὸ
3062 2410 3157 2463 καὶ
3190 2411 3249 2462 ἐν
3273 2411 3383 2471 τοῖς
3413 2408 3622 2479 ἔμπρο-

2038 2502 2163 2557 σθεν
2196 2502 2346 2572 ἔλεγε
2373 2520 2386 2533 ·
2431 2523 2449 2555 ι
2498 2505 2572 2557 Οὐ
2611 2501 2892 2575 μνησθῶσι
2933 2501 3041 2556 τῶν
3065 2502 3368 2573 προτέρων,
3399 2501 3495 2554 καὶ
3520 2502 3622 2554 οὐκ

2036 2595 2365 2666 ἀναϐήσεται
2418 2595 2597 2650 αὐτῶν
2636 2597 2729 2649 ἐπὶ
2760 2597 2860 2668 τὴν
2895 2595 3141 2667 καρδίαν,
3177 2613 3195 2645 ι
3233 2593 3315 2647 Τά
3373 2594 3473 2665 μὲν
3528 2589 3620 2647 οῦν

2037 2686 2231 2759 πρῶτα
2253 2688 2314 2741 ού
2346 2687 2576 2759 μένοντα
2599 2681 2702 2758 ἦν·
2740 2686 2821 2740 διὸ
2875 2687 3092 2756 ἐλέγετο
3115 2703 3128 2716 ·
3168 2704 3186 2737 ι
3228 2686 3468 2756 Οὐρανὸς
3525 2684 3619 2741 καὶ

2035 2780 2070 2850 ἡ
2097 2779 2167 2849 Τῆ
2192 2778 2655 2849 παρελεύσονται·
2696 2796 2715 2829 ι
2750 2778 2847 2831 καὶ
2878 2777 3040 2831 πάλιν
3060 2794 3073 2807 ·
3106 2796 3125 2825 ι
3160 2776 3503 2847 Εἱλιγήσεται
3528 2776 3618 2828 ού-

2036 2869 2199 2942 ρανὸς
2222 2870 2298 2934 ὼς
2324 2869 2546 2940 βιϐλίον,
2583 2869 2678 2923 καὶ
2708 2869 2882 2942 φθορᾷ
2914 2867 3249 2941 φθαρήσεται
3274 2870 3308 2939 ἡ
3343 2870 3435 2939 γῆ.
3461 2886 3479 2919 ι
3508 2866 3617 2920 Τοῦ

2033 2962 2091 3016 δὲ
2124 2960 2407 3032 μέλλοντος
2434 2959 2628 3024 αἰῶνος
2660 2960 2881 3032 ἀπαρχὴ
2914 2959 3151 3032 Χριστός
3175 2976 3187 2989 ·
3222 2958 3413 3013 ἔπειτα
3441 2960 3490 3012 οί
3522 2958 3618 3013 τοῦ

2032 3052 2271 3124 Χριστοῦ
2299 3054 2356 3105 ἐν
2393 3056 2457 3124 τῇ
2485 3051 2757 3125 παρουσίᾳ
2784 3050 2973 3105 αὑτοῦ.

2110 3163 2129 3195 ι
2161 3143 2272 3197 Καὶ
2294 3142 2446 3197 ἔσται
2471 3142 2578 3214 μὴν
2614 3143 2677 3196 ἐκ
2707 3142 2896 3213 μηνὸς,
2930 3142 3025 3196 καὶ
3057 3142 3325 3196 σάϐϐατον
3377 3143 3442 3195 ἐκ
3488 3141 3618 3195 σαϐ-

354 3235 468 3298 tum
509 3259 576 3298 ex
615 3244 862 3303 sabbato.
898 3243 1092 3300 Veniet
1121 3248 1300 3302 omnis
1332 3262 1465 3303 caro
1494 3249 1563 3303 ad
1586 3249 1930 3305 adorandum

2034 3234 2219 3289 ϐάτου.
2247 3233 2404 3298 Ἥξει
2448 3235 2599 3287 πᾶσα
2630 3233 2768 3306 σάρξ
2819 3232 2914 3286 τοῦ
2971 3234 3349 3306 προσκυνῆσαι
3389 3232 3620 3287 ἐνώπιον

353 3336 406 3389 in
450 3345 746 3405 conspectu
792 3353 913 3393 meo
958 3340 1009 3393 in
1055 3338 1379 3403 Jerusalem,
1419 3341 1550 3396 dicit
1591 3339 1875 3396 Dominus.
1904 3360 1926 3395 ι

354 3424 652 3481 Sabbatam
720 3436 902 3482 autem
952 3426 1153 3483 Christi
1206 3428 1546 3493 intelligendi
1598 3443 1752 3483 more
1801 3443 1935 3483 con-

348 3526 610 3586 gruenter
648 3518 890 3587 accipias
930 3534 1030 3586 pro
1065 3519 1514 3574 solemnitatibus
1571 3519 1625 3573 in
1668 3518 1807 3575 coelo
1840 3535 1932 3575 ce-

350 3606 596 3672 lebratis,
645 3618 702 3662 et
746 3623 845 3679 pro
885 3610 1029 3665 veris
1074 3610 1186 3667 illic
1237 3612 1481 3667 sabbatis
1525 3610 1580 3666 in
1628 3612 1928 3678 mensibus,

348 3708 409 3753 ut
446 3700 522 3755 ibi
565 3715 663 3756 usu
694 3703 945 3767 veniunt,
985 3703 1350 3759 celebrandis.
1405 3703 1481 3759 De
1516 3703 1712 3774 quibus
1756 3705 1927 3773 proli-

348 3806 451 3847 :us
495 3800 550 3847 et
587 3794 858 3864 explicatu
890 3792 1123 3850 difficilis
1161 3810 1343 3850 sermo
1368 3795 1737 3851 instituendus
1760 3804 1926 3860 esset,

347 3886 442 3954 qui
480 3884 645 3955 longo
682 3887 796 3941 otio
824 3896 879 3942 et
910 3888 1132 3957 proprio
1155 3897 1478 3959 argumento
1513 3902 1652 3958 opus
1680 3888 1925 3944 haberet.

350 3975 588 4032 Carnem
627 3985 808 4030 autem
846 3990 1062 4031 omnem
1118 3987 1280 4032 vocat
1336 3990 1526 4032 omnes
1574 3987 1800 4048 gentes;
1852 3977 1925 4032 ita

348 4066 493 4121 enim
540 4067 1149 4136 superius‘dicebatur,
1194 4086 1214 4120 ι
1263 4066 1483 4124 Videbit
1533 4078 1713 4123 autem
1747 4069 1926 4125 omnis

347 4172 482 4214 caro
513 4158 765 4214 Salutare
797 4159 889 4214 Dei
916 4174 931 4220 ;
961 4167 1013 4212 et
1044 4158 1208 4226 alibi,
1248 4175 1268 4209 ι
1301 4156 1585 4214 Eduudam
1620 4160 1685 4214 de
1721 4157 1925 4229 Spiritu

347 4264 470 4305 meo
497 4262 661 4321 super
691 4263 906 4304 omnem
935 4263 1178 4314 carnem,
1230 4258 1284 4304 et
1312 4249 1721 4319 prophetabunt
1747 4250 1799 4305 in
1831 4248 1923 4305 Je-

346 4342 607 4397 rusalem.
672 4358 692 4394 ›
741 4340 1031 4396 leestem
1095 4341 1299 4397 indicat
1344 4340 1778 4413 Jerosolymam,
1829 4343 1922 4399 ubi

347 4430 650 4486 Salvatoris
688 4430 859 4486 nostri
899 4444 1121 4501 regnum
1161 4432 1444 4487 consistet.

2032 3325 2168 3399 ἐμοῦ
2203 3329 2261 3380 ἐν
2299 3325 2666 3398 Ἰερουσαλὴμ,
2699 3322 2820 3379 εἷπε
2843 3324 3068 3398 Κύριος.
3104 3345 3122 3377 ι
3150 3326 3223 3379 Τὸ
3266 3326 3323 3379 δέ
3350 3326 3618 3392 σάϐϐατον

2030 3416 2268 3491 Χριστοῦ
2296 3418 2588 3472 ἀκόλουθόν
2619 3418 2736 3471 ἐστι
2780 3416 2921 3471 κατά
2972 3417 3209 3470 διάνοιαν
3252 3417 3618 3488 ἐκλαμϐάνειν

2030 3508 2129 3573 τὰς
2162 3511 2219 3563 ἐν
2249 3507 2465 3582 οὐρανῷ
2498 3506 2691 3583 ἐορτάς
2715 3508 2811 3562 καὶ
2843 3507 2913 3562 τὰ
2957 3508 3136 3562 ἐκεῖσε
3196 3508 3437 3562 σάϐϐατα
3482 3509 3619 3579 ἀλη-

2034 3600 2154 3655 θινά
2188 3602 2280 3654 ἐπὶ
2310 3602 2435 3665 τοὺς
2466 3603 2638 3673 μῆνας
2659 3601 2785 3665 τοὺς
2812 3602 2947 3655 ἐκεῖ.
2982 3600 3119 3672 Περὶ
3162 3593 3236 3654 ὧν
3271 3599 3436 3661 πολὺς
3462 3599 3492 3650 6
3525 3598 3614 3651 λό-

2032 3707 2126 3761 γος
2159 3692 2253 3745 καὶ
2282 3692 2731 3765 δυσερμήνευτος,
2756 3691 2949 3763 σχολῆς
2971 3709 3031 3745 τε
3065 3692 3273 3763 μακρᾶς
3289 3690 3383 3744 καὶ
3405 3690 3610 3754 οίκείας

2030 3782 2340 3847 ὑποθέσεως
2363 3783 2632 3855 δεόμενος.
2665 3783 2853 3854 Σάρκα
2878 3782 2935 3836 δὲ
2963 3785 3140 3836 πᾶσαν
3163 3781 3311 3850 λέγει
3338 3781 3514 3835 πάντα
3540 3781 3610 3835 τὰ

2028 3876 2154 3949 ἔθνη
2188 3875 2374 3929 τοῦτον
2428 3876 2710 3947 ὀνομάζων
2749 3874 2842 3929 τὸν
2884 3876 3116 3946 τρόπον·
3153 3874 3292 3927 οῦτω
3322 3872 3453 3942 γοῦν
3492 3872 3610 3926 ἐλέ-

2027 3984 2155 4036 γετο
2193 3968 2289 4022 κοιλ⁵
2332 3967 2421 4021 διά
2451 3968 2560 4022 τῶν
2609 3966 2918 4040 ἔμπροσθεν
2944 3984 2957 3997 ·
3017 3975 3055 4017 ι’
3078 3966 3306 4038 Ὄψεται
3355 3965 3412 4018 δὲ
3464 3966 3616 4018 πᾶσα

2028 4060 2167 4133 σὰρξ
2210 4061 2271 4114 τὸ
2306 4062 2580 4133 Σωτήριον
2609 4061 2702 4114 τοῦ
2729 4059 2896 4113 Θεοῦ·
2935 4079 2953 4112 ι
2986 4060 3080 4113 καὶ
3111 4057 3377 4130 ἀλλαχοῦ·
3421 4076 3440 4109 ι
3487 4058 3610 4111 Ἐκ-

2027 4153 2136 4222 χεῶ
2168 4153 2276 4206 ἀπὸ
2308 4153 2400 4207 τοῦ
2428 4152 2743 4223 Πνεύματός
2786 4169 2886 4221 μου
2915 4152 3007 4205 ἐπὶ
3053 4154 3234 4211 πᾶσαν
3272 4152 3471 4224 σάρκα,
3521 4152 3614 4204 καὶ

2025 4245 2495 4318 προφητεύσουσιν
2538 4247 2597 4299 ἐν
2653 4243 3034 4315 Ἰερουσαλήμ.
3070 4263 3089 4297 ι
3125 4245 3237 4317 Τὴν
3290 4244 3615 4315 ἐπουράνιον

2027 4339 2281 4411 σημαίνει
2319 4338 2695 4411 Ἰερουσαλὴμ,
2722 4336 2852 4392 ἔνθα
2875 4339 3258 4409 συστήσεταιὴ
3299 4336 3393 4390 τοῦ
3428 4334 3614 4406 Σωτῆ-

2026 4447 2118 4503 ρος
2139 4431 2294 4502 ὴμῶν
2324 4430 2590 4501 βασιλεία.

418 4522 584 4577 Vens.
620 4523 713 4578 24.
756 4541 775 4574 ι
822 4521 890 4577 Ει
920 4522 1149 4578 exibunt
1177 4532 1235 4578 et
1270 4523 1527 4577 videbunt
1560 4524 1802 4578 membra
1829 4525 1925 4579 bo-

2098 4543 2117 4575 ι
2173 4524 2284 4577 Καὶ
2334 4523 2704 4591 ἐξελεύσονται
2766 4525 2862 4580 καὶ
2914 4525 3135 4591 ὄψονται
3184 4523 3253 4577 τά
3294 4521 3443 4576 κῶλα
3497 4520 3608 4595 τῶν

346 4616 572 4683 minum,
608 4616 699 4685 qui
736 4616 1076 4685 praevaricati
1124 4627 1250 4672 sunt
1291 4616 1346 4671 in
1382 4629 1489 4670 me.
1519 4613 1732 4671 Vermis
1769 4616 1916 4671 enim

342 4722 531 4763 eorum
560 4722 667 4761 non
699 4708 980 4774 morietur,
1010 4716 1064 4762 et
1091 4707 1230 4777 ignis
1256 4721 1442 4761 eorum
1470 4695 1577 4761 non
1606 4707 1919 4778 exstingue-

343 4808 456 4863 tnr,
494 4806 550 4852 et
582 4808 744 4853 erunt
773 4800 826 4853 in
852 4809 1200 4868 conspectum
1237 4800 1384 4853 ornni
1413 4798 1588 4853 carni.
1622 4820 1642 4852 ι
1675 4798 1906 4864 Quinam

341 4890 399 4947 hi
428 4897 611 4944 essent
637 4888 795 4942 initio
823 4889 1123 4958 prophetia:
1145 4889 1282 4943 dixit
1314 4888 1400 4944 bis
1429 4888 1646 4944 verbis:
1688 4908 1705 4940 ι
1748 4886 1915 4945 Filios

340 4985 537 5054 genui,
584 4992 639 5038 et
685 4983 965 5038 exaltari:
1000 4983 1101 5049 ipsi
1151 4993 1332 5037 autem
1376 4992 1702 5053 spreverunt
1746 4997 1852 5037 me.
1890 5002 1910 5036 ι

340 5075 438 5130 llis
465 5088 595 5144 ergo
632 5073 943 5129 subindicat
974 5073 1096 5128 illos
1132 5088 1201 5128 ex
1225 5072 1448 5139 Judaris,
1480 5074 1572 5144 qui
1607 5073 1908 5129 salutarem

338 5166 571 5236 gratiam
612 5165 993 5235 repudiarunt.
1034 5163 1188 5219 llunc
1239 5164 1530 5233 impiorum
1581 5177 1705 5220 esse
1754 5166 1915 5221 linem

337 5257 526 5312 deﬁnit
557 5257 809 5311 Salrator
844 5266 1029 5311 noster
1074 5257 1128 5312 in
1172 5257 1499 5326 Evangeliis,
1530 5271 1627 5312 eos
1663 5258 1754 5327 qui
1785 5273 1814 5311 a
1844 5258 1919 5312 si-

338 5350 524 5407 nistris
554 5350 673 5421 ejus
723 5350 951 5405 stabunt
996 5351 1077 5404 sic
1122 5349 1441 5417 alloquens:
1476 5368 1495 5401 ι
1543 5349 1816 5405 Discedite
1858 5350 1911 5404 in

335 5442 515 5513 ignem
540 5454 830 5508 mternum,
850 5453 1095 5513 paratum
1121 5442 1338 5498 diabolo
1354 5452 1408 5497 et
1424 5443 1627 5512 angelis
1650 5442 1769 5513 ejus
1786 5443 1851 5496 δ’.
1886 5461 1906 5495 ι

335 5533 805 5599 Quemadmodum
836 5534 1003 5604 igitur
1035 5534 1109 5588 ibi
1142 5544 1379 5590 aeternus
1411 5534 1611 5589 dicitur
1640 5534 1797 5606 ignis,
1830 5536 1910 5590 sic

335 5634 386 5677 et
416 5626 518 5680 hoc
546 5626 665 5680 loco
701 5645 720 5677 ι
746 5626 1205 5698 inesstingnibilis
1232 5626 1449 5693 dicitur,
1480 5641 1585 5681 una
1616 5626 1909 5696 eademque

402 5804 448 5837 ³⁸
467 5800 658 5858 Haltlt.
690 5818 817 5868 xxv,
846 5804 931 5861 Η.

2026 4614 2330 4687 ἀνθρώπων
2380 4615 2489 4669 τῶν
2551 4617 3014 4689 παραϐεϐηκότων
3069 4618 3127 4670 ἐν
3200 4614 3342 4686 ἐμοί.
3385 4615 3444 4667 '0
3499 4614 3608 4685 γάρ

2027 4706 2241 4777 σκώληξ
2270 4706 2448 4760 αὐτῶν
2479 4707 2539 4759 οὐ
2565 4708 2896 4781 τελευτήσει,
2924 4709 3016 4761 καὶ
3061 4707 3122 4761 τὸ
3171 4705 3282 4778 πῦρ
3323 4703 3500 4759 αὐτῶν
3542 4705 3604 4756 οὐ

2027 4797 2404 4869 σϐεσθήσεται,
2437 4799 2531 4852 καὶ
2580 4798 2794 4853 ἔσονται
2837 4800 2918 4863 είς
2957 4800 3148 4870 ὅρασιν
3173 4797 3324 4870 πάσῃ
3353 4795 3535 4866 σαρκί.
3579 4812 3598 4844 ι

2024 4884 2179 4948 Τίνες
2201 4884 2258 4937 δὲ
2281 4880 2424 4957 ἦσαν
2455 4878 2621 4952 οῦτοι,
2647 4888 2705 4939 ἐν
2728 4887 2869 4959 ἀρχῇ
2907 4885 3009 4958 τῆς
3043 4885 3377 4959 προφητείας
3416 4882 3603 4954 ἐδήλου

2021 4980 2194 5050 λέγων
2218 4998 2232 5011 ·
2267 5000 2286 5032 ι
2321 4981 2481 5045 Υίοὺς
2522 4983 2805 5054 ἐγέννησα,
2848 4983 2943 5035 καὶ
2984 4981 3208 5052 ῦψωσα·
3255 4979 3408 5033 αύτοῖ⁵
3439 4978 3494 5031 δέ
3535 4993 3605 5048 με

2017 5073 2307 5145 ἠθέτησαν.
2346 5093 2365 5125 ι
2408 5073 2655 5144 ᾘνίξατο
2679 5074 2855 5129 τοίνυν
2898 5075 3025 5137 τοὺς
3076 5074 3141 5127 ἐκ
3198 5070 3294 5125 τοῦ
3335 5070 3606 5125 Ἰουδαίων

2017 5165 2203 5230 ἔθνους
2233 5166 2331 5237 τὴν
2351 5168 2617 5238 σιιηήριον
2641 5167 3013 5238 ἀθετήσαντας
3038 5166 3219 5238 χάριν.
3261 5163 3327 5218 ‘0
3355 5163 3420 5236 δὴ
3452 5162 3607 5228 τέλος

2017 5256 2128 5310 τῶν
2154 5257 2366 5312 ἀσεϐῶν
2396 5258 2636 5329 ὁρίζεται
2667 5259 2762 5313 καὶ
2789 5259 2817 5309 6
2846 5258 3038 5330 Σωτὴρ
3066 5258 3222 5329 ἡμῶν
3262 5259 3322 5311 ἐν
3352 5254 3602 5325 Εὐαγγέ-

2018 5349 2153 5413 λίοις
2175 5348 2345 5403 είπὼν
2367 5354 2483 5414 τοῖς
2508 5353 2588 5414 εἰς
2615 5350 2683 5404 τά
2711 5348 2977 5423 ἀριστερά
3003 5348 3169 5404 αὑτοῦ
3208 5349 3560 5422 στησομένοις
3583 5363 3600 5379 ·

2026 5460 2043 5491 ι
2081 5441 2385 5512 Πορεύεσθε
2408 5444 2488 5505 εἰς
2521 5442 2584 5495 τὸ
2618 5441 2729 5515 πῦρ
2755 5442 2816 5495 τὸ
2838 5440 3075 5506 αἰώνιον,
3110 5442 3170 5496 τὸ
3198 5439 3601 5513 ἡτοιμασμένον

2018 5531 2095 5603 τῷ
2119 5532 2350 5603 διαϐόλῳ
2398 5535 2493 5587 καὶ
2529 5537 2642 5597 τοῖς
2686 5536 2938 5604 ἀγγέλοις
2977 5534 3161 5589 αὑτοῦ.
3207 5553 3227 5586 ι
3262 5534 3474 5604 ’Ὠσπερ
3504 5526 3600 5585 οῦν

2016 5625 2380 5705 ἐκείραὶὠνιον
2410 5626 2623 5698 εἴρηται
2662 5627 2792 5699 πῦρ,
2839 5628 2980 5683 οὕτω
3026 5628 3119 5681 καὶ
3171 5624 3405 5680 ἐνταῦθα
3437 5622 3602 5679 ἄσϐε-
