4130 6380
363 337 466 391 5‘33

1509 341 1936 397 FRAGMENTA
1974 342 2039 396 IN
2075 344 2448 400 DANIELEM.

3509 354 3612 407 5'26

364 471 486 508 στον
512 456 640 526 μιᾶς
679 455 771 509 καὶ
811 456 911 526 τῆς
956 456 1121 525 αὐτῆς
1166 456 1352 520 οὐσίας
1413 457 1471 524 ἐξ
1524 459 1801 530 ἑκατέρων
1831 460 1938 512 τῶν

2041 465 2339 520 substantia
2368 480 2432 518 ex
2463 475 2688 536 utraque
2719 465 3021 532 Scriptura.
3062 485 3081 519 ι
3111 466 3175 520 Et
3212 476 3373 521 erunt
3402 468 3453 521 in
3481 485 3611 524 con-

360 547 592 620 Γραφῶν
617 547 1058 619 περιισταμένης.
1094 569 1112 600 ι
1135 550 1244 602 Καὶ
1263 549 1472 604 ἔσονται
1496 553 1575 614 είς
1589 554 1777 624 ὅρασιν
1792 554 1939 624 πάσῃ

361 640 544 712 σαρκί.
581 659 600 691 ›
633 639 770 710 Ποίᾳ
822 639 879 692 δὲ
929 640 1092 711 σαρκὶ
1124 639 1156 712 ἢ
1190 641 1406 704 πάντως
1439 659 1537 693 που
1568 646 1632 713 τῇ
1670 643 1937 712 κολασθη-

359 731 584 802 σομένῃ,
619 730 718 800 τῆς
756 730 814 784 δὲ
861 731 1183 800 ἐπουρανίου
1215 732 1342 795 θέας
1376 732 1936 806 καταξιωθησομένῃς

358 822 491 893 Περὶ
519 819 586 892 ἦς
637 822 889 893 ἀνωτέρω
924 823 1171 890 ὲλέγετοο
1217 844 1233 874 ι
1271 823 1426 888 ’Ήξει
1469 828 1615 878 πᾶσα
1651 826 1785 898 σὰρξ
1842 825 1936 878 τοῦ

354 916 727 987 προσκυνῆσαι
757 914 990 968 ἐνώπιόν
1019 933 1117 985 μου
1136 932 1148 945 ⁸
1181 935 1198 966 ‹
1235 911 1304 987 ἦς
1338 917 1432 969 καὶ
1466 919 1626 988 ἡμεῖς
1651 915 1936 988 ἀξιωθείη-

355 1024 457 1075 μεν
483 1008 668 1078 εὐχαῖς
691 1008 784 1062 καὶ
801 1007 1115 1078 πρεσϐείαις
1139 1008 1354 1061 πάντων
1381 1008 1488 1061 τῶν
1518 1009 1708 1077 ἁγίων.
1740 1009 1930 1080 Ἀμήν.

2042 568 2281 628 spectum
2312 557 2460 613 omni
2487 559 2660 612 carni.
2700 578 2718 611 ι
2752 557 2846 612 Cui
2894 559 3067 622 carni.
3119 561 3222 620 nisi
3267 575 3490 630 prorsus
3519 561 3567 616 ei
3593 602 3607 623 ,

2041 667 2160 721 qnze
2191 651 2460 722 supplicio
2487 652 2802 714 addicenda,
2831 666 2894 705 ac
2916 652 3130 706 caelesti
3154 651 3613 722 contemplatione

2041 743 2288 794 donanda
2322 749 2424 806 est,
2462 740 2527 793 de
2568 756 2672 810 qua
2703 743 2951 810 superius
2999 741 3322 796 dicebatur:
3367 759 3385 793 ι
3415 740 3611 796 Veniet

2040 827 2218 880 onmis
2236 842 2364 881 caro
2388 827 2455 881 ad
2484 827 2817 882 adorandum
2847 829 2898 882 in
2921 841 3210 900 conspectu
3241 831 3397 885 ineo?
3442 849 3462 882 ι
3497 831 3614 897 Qus.

2043 918 2171 972 item
2223 933 2320 973 nos
2349 919 2496 988 digni
2535 919 2834 974 habeamur
2869 920 3123 988 precibus
3167 931 3223 977 et
3261 923 3610 977 intercessio-

2042 1011 2199 1065 nibus
2235 1013 2474 1066 omnium
2516 1007 2849 1068 sanctoru'm.
2881 1014 3081 1068 Amen.

1137 1392 1867 1482 FRAGMENTA
1945 1393 2067 1482 IN
2148 1392 2817 1482 DANIELEM.

1351 1615 1500 1686 (MAI,
1531 1614 1864 1669 Bibliotheca
1899 1628 2030 1666 nova
2066 1608 2307 1676 Patrum,
2339 1609 2426 1675 IV,
2456 1610 2559 1664 5M
2587 1611 2606 1681 )

420 1937 483 2007 β’.
509 1935 771 1990 Εὖσεϐίου
797 1935 1136 2007 Καισαρείας
1181 1933 1344 2007 ῥητοῦ
1379 1934 1765 2005 προκειμένου,
1804 1936 1924 1986 Φω-

2093 1932 2149 1987 2.
2185 1934 2316 1986 DAN.
2363 1946 2447 1992 ιιι.
2505 1928 2595 1982 49.
2647 1927 2862 1983 Eusebii
2922 1925 3274 1983 Caesariensis
3324 1925 3470 1981 dicto
3517 1927 3607 1980 illo

306 2041 308 2043 '
338 2029 424 2098 νὴ
440 2029 660 2098 Κυρίου
675 2028 1101 2094 διακόπτοντος
1115 2029 1312 2096 φλόγα
1334 2028 1523 2094 πυρός
1537 2025 1668 2098 (42).
1688 2025 1924 2094 Διεκόπη

343 2122 449 2192 μὲν
475 2125 532 2175 ὲν
555 2126 620 2194 τῇ
652 2119 928 2174 Βαϐυλῶνι
957 2123 989 2190 ἡ
1027 2119 1156 2188 φλὸξ
1191 2117 1282 2172 τοῦ
1313 2116 1482 2189 πυρὸς
1502 2118 1823 2170 διακοπεῖσα
1849 2115 1925 2185 τῷ

338 2212 724 2282 προστάγματι
774 2211 868 2264 τοῦ
918 2210 1090 2263 Θεοῦ’
1149 2208 1365 2273 ἐδέξατο
1409 2210 1466 2261 ἐν
1519 2209 1653 2278 αὑτῇ
1701 2207 1924 2278 ἡδίστην

337 2302 617 2375 ἀναπνοὴν
645 2304 738 2356 καὶ
769 2302 1068 2372 ἀναψυχὴν,
1105 2300 1294 2372 ὥσπερ
1345 2301 1402 2352 ὲν
1435 2299 1562 2368 σκιᾷ
1598 2315 1704 2350 τινι
1735 2296 1917 2366 φυτῶν

334 2398 398 2449 ἐν
438 2398 684 2468 εἰρηνικῇ
738 2393 1069 2448 καταστάσει
1125 2391 1471 2463 παρεχομένη
1523 2391 1635 2452 τοῖς
1691 2388 1878 2441 παισίν
1903 2405 1919 2416 ·

333 2488 561 2558 ἐγένετο
589 2488 717 2558 γὰρ,
757 2487 911 2557 φησὶ,
947 2484 1080 2537 ὡσεὶ
1117 2482 1332 2554 πνεῦμα
1363 2482 1554 2556 δρόσου
1587 2477 1917 2552 διασυρίζον.

363 2603 370 2638 :
388 2576 463 2648 γ’.
482 2579 637 2632 Ὡσεὶ
655 2577 783 2642 Υἱὸς
799 2575 1135 2644 ἀνθρώπου.
1154 2574 1413 2628 Εὐσεὸίου
1430 2572 1767 2643 Καισαρείας
1785 2570 1918 2641 (45).

330 2667 535 2736 Σαφῶς
577 2666 816 2735 ἡγοῦμαι
849 2663 1141 2735 δηλοῦσθαι
1183 2663 1281 2734 τὴν
1321 2661 1548 2715 καθόλου
1590 2659 1793 2730 κρίσιν,
1832 2658 1920 2710 ὅτε

333 2762 541 2824 πάντες
563 2761 611 2813 oi
635 2739 694 2823 ἐξ
720 2757 914 2820 αίῶνος
944 2755 1218 2827 ἄνθρωποι
1249 2753 1696 2825 παραστήσονται
1721 2749 1799 2819 τῷ
1831 2749 1921 2820 βή-

336 2871 472 2923 ματι
506 2851 598 2905 τοῦ
626 2848 862 2921 Χριστοῦ
884 2866 899 2877 ·
938 2848 1074 2918 μετὰ
1107 2847 1164 2900 δὲ
1192 2844 1293 2917 τὴν
1321 2845 1428 2897 τῶν
1456 2841 1918 2912 τετελευτηκότων

331 2944 664 3006 ἀναϐίωσιν,
718 2941 812 2995 καὶ
849 2940 986 3010 μετὰ
1035 2939 1132 3009 τὴν
1175 2936 1318 2991 κατὰ
1364 2936 1578 2990 πάντων
1624 2934 1840 3006 κρίσιν,
1889 2933 1918 2985 ό

337 3035 649 3110 ἑωραμένος
664 3032 742 3104 τῷ
753 3033 951 3104 Δανιὴλ
977 3031 1106 3093 Υἱὸς
1127 3028 1414 3101 ἀνθρώπου
1448 3028 1802 3096 ἐπιστήσεται
1825 3025 1918 3077 ἐπὶ

333 3113 596 3197 νεφελῶν,
630 3125 728 3196 τὴν
761 3123 902 3178 κατὰ
929 3123 1146 3176 πάντων
1169 3120 1277 3174 τῶν
1300 3120 1447 3173 λαῶν
1476 3119 1569 3173 καὶ
1610 3117 1791 3187 φυλῶν
1813 3115 1917 3169 ὑπὸ

333 3219 429 3272 τοῦ
465 3218 679 3289 Πατρός
711 3215 977 3284 ἐξουσίαν,
1027 3213 1124 3286 τὴν
1153 3215 1245 3266 καὶ
1280 3211 1554 3283 βασιλείαν
1596 3211 1790 3282 ἀγήρω
1822 3208 1916 3261 καὶ

2029 2022 2352 2091 proposito:
2425 2017 2539 2072 Vox
2606 2018 2818 2071 Domini
2905 2019 3264 2072 intercidentis
3329 2018 3602 2086 ﬂammam

2027 2113 2163 2181 ignis
2190 2111 2258 2164 ³⁸.
2295 2110 2554 2163 lntercisa
2582 2119 2664 2163 est
2702 2109 2974 2179 Bahylone
3001 2108 3218 2163 ﬂamma
3251 2109 3411 2179 ignis,
3441 2109 3606 2162 inter-

2026 2205 2138 2256 cisa
2185 2202 2389 2256 scilicet
2421 2201 2511 2254 Dei
2540 2201 2714 2270 jussu,
2746 2199 2800 2253 in
2835 2200 3288 2269 jncundissimam
3328 2216 3482 2254 versa
3515 2211 3602 2255 est

2028 2296 2454 2359 recreationem;
2491 2310 2556 2348 ac
2598 2293 2759 2348 veluti
2796 2294 2847 2346 in
2883 2294 3070 2347 umbra
3107 2293 3359 2349 arborum
3391 2295 3600 2363 quieta-

2026 2404 2129 2456 que
2161 2388 2393 2442 statione
2433 2385 2851 2441 adolescentulis
2885 2385 3127 2441 exhibuit
3157 2386 3596 2443 obieetatioiieiii.

2023 2482 2186 2536 Facta
2212 2488 2296 2534 est
2330 2479 2472 2535 enim
2509 2494 2605 2533 ceu
2638 2478 2860 2532 roscidae
2888 2494 3033 2532 aura:
3062 2479 3273 2534 sibilus.

2092 2573 2146 2626 5.
2189 2574 2322 2627 ΒΑΝ.
2362 2588 2470 2634 vn,
2513 2571 2597 2625 i3.
2653 2571 2819 2636 Quasi
2863 2568 3039 2625 Filius
3088 2572 3335 2638 hominis.
3382 2572 3599 2628 Eusebii

2021 2664 2385 2718 Caesariensis.
2417 2663 2698 2717 lllanil'este
2734 2663 2970 2718 nuntiari
3013 2665 3254 2719 arbitror
3279 2665 3592 2721 universale

2012 2754 2300 2822 judicium,
2331 2771 2452 2808 cum
2479 2769 2669 2809 omnes
2694 2756 2761 2809 ab
2790 2754 2924 2809 orbe
2946 2756 3165 2810 condito
3201 2755 3447 2812 homines
3471 2768 3598 2811 ante

2017 2847 2217 2903 Christi
2262 2846 2496 2900 tribunal
2529 2847 2804 2901 sistentur.
2847 2846 3016 2902 Porro
3057 2858 3236 2903 autem
3277 2858 3402 2919 post
3449 2864 3595 2904 mor-

2019 2947 2232 2990 tuorum
2283 2938 2753 3003 resurrectionem,
2789 2938 3100 3008 dictamque
3145 2939 3200 2993 in
3239 2954 3429 2994 omnes
3472 2956 3593 2995 sen-

2019 3029 2262 3094 tentiam,
2294 3027 2400 3096 ille,
2442 3029 2532 3098 qni
2569 3029 2717 3084 visus
2753 3029 2956 3084 Danieli
2996 3031 3119 3096 fuit,
3162 3031 3330 3087 Filius
3365 3033 3600 3087 hominis

2017 3120 2070 3173 in
2121 3120 2353 3174 nubibus
2408 3119 2615 3186 aderit,
2669 3128 2726 3174 ut
2779 3120 3175 3176 indeficientem
3229 3133 3597 3194 aeternamque

2018 3212 2259 3291 omnium
2293 3211 2610 3283 populorum
2663 3213 3012 3282 tribuumque
3056 3224 3376 3285 potestatem
3413 3232 3478 3271 ac
3505 3232 3594 3270 re-

333 3288 692 3378 ἀτελεύτητον
717 3306 1196 3378 παραληψόμενος
1229 3303 1305 3366 ὡς
1338 3303 1433 3356 καὶ
1471 3302 1635 3365 αὐτὸς
1665 3304 1694 3354 ό
1720 3300 1912 3371 Σωτὴρ

2018 3288 2236 3372 gnuina
2278 3303 2438 3358 Patre
2478 3304 2728 3373 accipiat.
2779 3304 2931 3361 Sicut
2976 3306 3092 3373 ipse
3129 3307 3386 3362 Servator
3425 3310 3493 3363 de
3536 3323 3596 3362 se

331 3400 493 3471 ἡμῶν
523 3389 652 3472 περὶ
686 3397 877 3452 ἑαυτοῦ
919 3397 1155 3450 διδάσκει
1190 3395 1362 3464 λέγων
1383 3412 1396 3425 ο
1436 3397 1573 3448 ’Ὅτε
1601 3392 1668 3445 δὲ
1694 3392 1840 3458 ἔλθῃ
1878 3393 1911 3444 ό

332 3491 466 3556 Υἱὸς
496 3489 602 3543 τοῦ
622 3487 935 3557 ἀνθρώπου
955 3487 1024 3541 ἐν
1050 3486 1124 3556 τῇ
1149 3486 1298 3554 δόξῃ
1331 3485 1540 3550 αὐτοῦ,
1570 3486 1666 3539 καὶ
1689 3483 1910 3549 πάντες

330 3585 389 3636 οἱ
421 3580 662 3651 ἄγγελοι
706 3580 832 3650 μετ’
874 3578 1082 3641 αὐτοῦ,
1116 3579 1251 3632 τότε
1277 3579 1512 3634 καθίσει
1554 3577 1653 3630 ἐπὶ
1693 3577 1909 3645 θρόνου

329 3670 522 3739 δόξης
560 3669 764 3732 αὐτοῦ,
800 3670 897 3723 καὶ
928 3667 1384 3737 συναχθήσεται
1418 3669 1758 3737 ἔμπροσθεν
1802 3666 1908 3718 αὐ-

331 3760 442 3814 τοῦ
463 3759 660 3813 πάντα
688 3761 758 3812 τὰ
781 3759 946 3826 ἔθνη,
965 3758 1058 3811 καὶ
1089 3758 1157 3811 τὰ
1187 3757 1334 3829 ὲξῆςο
1354 3758 1566 3828 συνᾴδει
1587 3757 1717 3824 γοῦν
1739 3757 1911 3811 ταῦτα

333 3854 456 3914 ταῖς
489 3851 546 3902 ἐν
585 3851 772 3920 χερσὶν
826 3851 1155 3918 μαρτυρίαις
1183 3849 1282 3919 τῆς
1329 3847 1420 3900 τοῦ
1450 3846 1649 3916 Δανιὴλ
1693 3863 1910 3918 προφη-

332 3943 504 4005 τείας,
535 3941 654 3994 καθ’
688 3942 752 4011 ἢν
780 3941 1059 3994 λέλεκται·
1097 3940 1208 3993 Καὶ
1239 3940 1370 3994 ιδοὺ
1398 3939 1550 4008 μετὰ
1591 3939 1710 3993 τῶν
1736 3956 1910 4008 νεφε-

2013 3405 2197 3449 noster
2228 3396 2351 3448 ait:
2401 3393 2534 3448 Cum
2581 3406 2756 3450 autem
2789 3400 2984 3453 venerit
3035 3398 3214 3454 Filius
3261 3401 3486 3454 hominis
3535 3402 3591 3454 in

2009 3487 2288 3554 majestate
2315 3503 2432 3550 sua,
2460 3497 2506 3540 et
2537 3505 2712 3542 omnes
2755 3483 2932 3560 angeli
2964 3509 3082 3545 cum
3113 3510 3194 3556 eo,
3241 3504 3364 3547 tunc
3397 3493 3597 3547 sedebit

2010 3578 2063 3630 in
2109 3578 2294 3632 throno
2329 3578 2511 3647 gloria:
2556 3596 2689 3646 suae,
2724 3590 2775 3635 et
2815 3585 3277 3653 congregabantur
3306 3603 3484 3642 coram
3532 3608 3592 3644 eo

2010 3683 2184 3735 omnes
2221 3678 2398 3737 gentes
2424 3669 2502 3735 ³⁷,
2537 3679 2592 3725 et
2642 3671 2869 3740 reliqua.
2921 3671 3046 3729 Haec
3089 3675 3253 3745 igitur
3289 3691 3594 3734 consonant

2013 3760 2356 3824 testimoniis,
2400 3776 2520 3830 quae
2564 3776 2708 3817 nunc
2758 3763 3020 3819 habemus
3066 3765 3117 3820 in
3169 3769 3438 3836 manilius,
3479 3769 3588 3825 Da-

2012 3851 2165 3906 nielis
2199 3851 2499 3921 prophetat,
2527 3853 2666 3923 apud
2694 3869 2855 3924 quem
2892 3851 3092 3911 dicitur
3119 3876 3132 3912 :
3169 3858 3236 3912 Et
3261 3877 3377 3914 ecce
3403 3862 3590 3916 aderat

2010 3942 2185 3998 Filius
2221 3945 2446 3999 hominis
2475 3947 2529 3998 in
2553 3947 2778 4001 nubibus
2816 3948 2932 4001 caeli
2955 3948 3028 4007 ³⁸.
3068 3949 3199 4005 Item
3229 3969 3243 4004 :
3280 3950 3455 4006 Donec
3477 3954 3589 4006 An-

332 4033 461 4088 λῶν
505 4032 609 4086 τοῦ
641 4031 898 4100 οὐρανοῦ
937 4033 1015 4096 ὠς
1058 4030 1192 4096 Υἱὸς
1234 4031 1550 4098 ἀνθρώπου
1584 4030 1909 4099 ἐρχόμενος

2018 4037 2185 4105 tiquns
2229 4037 2436 4091 dierum
2488 4041 2659 4104 venit;
2705 4041 3044 4110 oblatumque
3080 4059 3142 4096 ac
3184 4043 3370 4097 datum
3416 4053 3496 4099 est
3541 4047 3590 4098 ei

333 4121 413 4195 ἦν
432 4144 446 4156 ⁹
474 4125 592 4188 ναὶζ
627 4126 771 4190 Ἕως
796 4123 901 4177 τοῦ
931 4121 1197 4176 Παλαιοῦ
1224 4120 1343 4174 τῶν
1366 4119 1602 4190 ἡμερῶν
1620 4122 1906 4190 ἔφθασεν.

333 4217 436 4271 καὶ
462 4216 842 4286 προσηνέχθη
867 4216 1045 4281 αὐτῷ,
1071 4216 1170 4269 καὶ
1191 4213 1369 4281 ἐδόθη
1393 4213 1553 4279 αὐτῷ
1573 4214 1611 4281 ἡ
1634 4212 1790 4283 ἁρχὴ
1813 4213 1911 4266 καὶ

333 4312 374 4379 ἡ
401 4309 538 4379 τιμὴ
565 4308 663 4362 καὶ
685 4310 722 4376 ἡ
739 4309 1047 4374 βασιλεία,
1074 4309 1168 4362 καὶ
1199 4308 1267 4361 τὰ
1303 4308 1450 4378 ἑξῆς.

403 4404 465 4456 δ’.
481 4400 649 4466 Αὐτῷ
668 4401 842 4468 ἐδόθη
860 4401 896 4467 ἡ
915 4400 1091 4469 ἀρχή.
1115 4400 1396 4453 Εὐσεὸίου.
1418 4399 1491 4454 Οὐ
1518 4399 1676 4469 μόνον
1699 4399 1794 4468 τὴν
1814 4397 1908 4450 τοῦ

336 4494 470 4549 Υίοῦ
505 4492 787 4565 ἀνθρώπου
819 4495 1091 4564 βασιλείαν
1110 4496 1139 4548 ὁ
1169 4495 1452 4566 προφήτης
1483 4490 1753 4554 θεσπίζει,
1777 4489 1910 4544 ἀλλὰ

334 4586 430 4642 mi.
465 4584 705 4647 πλείονα,
733 4587 860 4652 περὶ
881 4579 954 4637 ὧν
985 4601 1136 4655 φησι.

2009 4131 2280 4198 imperiam
2307 4142 2354 4184 et
2384 4133 2553 4186 honor
2578 4143 2627 4186 et
2655 4149 2888 4203 regnum,
2912 4139 2968 4188 et
2996 4134 3220 4205 reliqua.

2080 4395 2135 4448 4.
2177 4393 2308 4448 ΒΑΝ.
2341 4410 2441 4460 vn,
2468 4397 2553 4449 Η.
2593 4395 2813 4450 Tradita
2838 4407 2913 4451 est
2942 4399 3309 4468 ipsipotestas.
3341 4401 3582 4456 Eusebii.

2012 4485 2162 4540 "and
2201 4488 2373 4542 solum
2419 4486 2539 4541 Filii
2585 4488 2819 4542 hominis
2867 4505 3090 4559 regnum
3140 4493 3398 4560 propheta
3446 4496 3586 4547 vati-

2009 4578 2243 4642 einatnr,
2273 4592 2461 4632 verum
2486 4590 2542 4630 et
2575 4578 2710 4632 alias
2749 4593 2835 4633 res
2860 4581 2925 4633 de
2956 4581 3153 4648 quibus
3187 4584 3346 4636 verba
3381 4583 3534 4639 facit.

406 4685 470 4733 ε’.
501 4677 612 4733 Καὶ
641 4643 1097 4745 «aperitin-onem
1118 4675 1233 4742 τὴν
1258 4675 1602 4741 βασιλείαν.
1642 4675 1905 4729 Εὑσεῦίου

2081 4668 2134 4722 5.
2178 4670 2308 4722 ΒΑΝ.
2350 4684 2455 4733 vn,
2500 4667 2586 4723 i8.
2623 4668 2689 4722 Et
2741 4643 3315 4739 regnnmhsuscipient.
3373 4675 3585 4730 Eusebii

334 4769 690 4840 Καισαρείας.
727 4766 1220 4838 Συμὸασιλεύοντες
1266 4767 1464 4838 δηλαδὴ
1497 4766 1593 4819 καὶ
1629 4767 1782 4819 αὐτοὶ
1831 4765 1908 4837 τῷ

332 4861 474 4932 Θεῷ.
527 4861 684 4925 Τίνες
719 4859 765 4913 δ’
797 4860 862 4913 ἂν
892 4855 1002 4913 εἷεν
1042 4854 1208 4921 οῦτοι,
1254 4859 1288 4930 ἢ
1326 4861 1376 4912 οἱ
1427 4858 1761 4930 κληρονόμοι
1809 4859 1904 4912 τοῦ

333 4954 491 5019 Θεοῦ,
519 4952 947 5028 συγκληρονόμοι
966 4951 1024 5004 δὲ
1045 4949 1279 5022 Χριστοῦ
1301 4967 1315 5015 ;
1336 4946 1416 5014 οἷς
1446 4951 1540 5003 καὶ
1554 4951 1903 5022 ἐπήγγελται,

332 5048 430 5120 τὴν
467 5045 739 5116 βασιλείαν
770 5045 878 5099 τῶν
907 5042 1183 5118 οὐρανῶν,
1230 5042 1501 5112 βασιλείαν
1541 5044 1908 5116 ἐπιστησομέ-

333 5156 428 5209 νην
455 5139 555 5210 τὴν
591 5137 727 5209 μετὰ
767 5137 1038 5208 τέσσαρας
1072 5133 1368 5204 βασιλείας,
1410 5134 1508 5198 τὰς
1542 5134 1619 5206 τῷ
1646 5137 1900 5208 προφήτῃ

333 5230 680 5303 ἐωραμένας,
720 5230 845 5301 περὶ
881 5221 956 5282 ὧν
979 5228 1054 5291 ὡς
1080 5229 1140 5281 ὲν
1183 5226 1439 5298 βραχέσιν
1469 5226 1672 5299 ἀρτίως
1703 5226 1902 5296 διειλήο

331 5336 530 5388 φαμεν.
557 5317 834 5372 Ἐντεῦθεν
866 5312 1016 5386 οἶμαι
1053 5316 1146 5369 τὸν
1177 5315 1472 5369 ἀπόστολον
1500 5314 1710 5369 Παῦλον
1729 5315 1900 5384 ὁρμᾶ-

400 5458 446 5489 ⁸⁸
486 5457 628 5513 Psal.
667 5473 862 5520 xxviii,
911 5459 964 5512 7.
1041 5460 1086 5490 ³⁷
1125 5457 1492 5522 Mattthxv,
1532 5457 1627 5522 3|,
1661 5457 1753 5511 52.

405 5579 513 5652 με)
539 5580 678 5648 Quin
711 5579 800 5634 hic
845 5579 996 5632 locus
1037 5593 1102 5632 ex
1147 5575 1796 5652 Eusebii_t‘0tnmentari_o
1845 5576 1895 5629 in

335 5648 591 5714 psalmum
623 5665 788 5702 xxvm
823 5658 1094 5710 sumatur.
1138 5650 1228 5703 vix
1274 5649 1627 5702 dubitandum
1682 5648 1928 5705 videre-_

336 5727 446 5782 tur;
476 5730 711 5772 attamen
763 5721 808 5772 is
837 5733 1009 5787 neque
1057 5721 1109 5770 in
1136 5718 1380 5772 Corderii
1417 5719 1488 5787 ad
1535 5717 1777 5770 Psalmos
1808 5733 1896 5768 ca-

2010 4760 2380 4816 Caasariensis.
2423 4759 2624 4829 Nempe
2661 4761 2758 4830 ipsi
2807 4776 3021 4832 quoque
3067 4779 3188 4817 cum
3238 4764 3347 4818 Deo
3395 4781 3587 4836 regna-

2011 4855 2163 4908 bunt.
2203 4853 2433 4921 Quinam
2461 4868 2592 4908 vero
2635 4863 2761 4908 sunt
2794 4855 2870 4915 hi.
2916 4855 3016 4910 nisi
3053 4856 3295 4912 haeredes
3341 4857 3458 4922 Dei,
3493 4875 3585 4912 cn—

2011 4947 2252 5002 haeredes
2294 4954 2472 5000 autem
2507 4945 2744 5000 Christi?
2785 4935 2981 5016 quibus
3017 4948 3143 5001 item
3185 4949 3444 5004 caelorum
3486 4965 3577 5002 re-

2007 5054 2174 5107 gnum
2240 5038 2568 5106 promissum
2622 5053 2652 5091 a
2706 5037 2926 5094 Christo
2979 5048 3096 5104 est,
3149 5040 3292 5108 quod
3352 5055 3577 5109 regnum

2009 5144 2202 5199 nempe
2237 5141 2528 5200 consurget
2560 5141 2681 5202 post
2719 5131 2808 5184 illa
2841 5141 3073 5199 quatuor
3103 5147 3200 5202 per
3243 5133 3417 5186 visum
3455 5147 3581 5201 pro.

2008 5224 2185 5290 pheta:
2231 5222 2444 5288 oblata;
2490 5226 2556 5278 de
2588 5224 2785 5293 quibus
2829 5224 3066 5279 breviter
3115 5226 3273 5278 modo
3316 5223 3580 5276 disserui-

2011 5332 2149 5371 mus.
2180 5315 2315 5370 Hinc
2347 5316 2531 5370 divum
2573 5317 2871 5385 apostolum
2904 5315 3130 5371 Paulum
3168 5315 3375 5386 cepisse
3411 5327 3581 5368 occa-

2005 5577 2069 5629 ad
2103 5575 2350 5631 Psalmos
2377 5581 2770 5634 commentario
2802 5587 3046 5648 apparet.

2075 5649 2279 5713 (45)]11
2327 5644 3128 5704 hancﬂanielicam'uisionem
3187 5644 3310 5699 Filii
3341 5644 3576 5713 hominis

2000 5711 2396 5774 commentatur
2421 5721 2559 5774 idem
2591 5718 2873 5786 Eusebius,
2902 5716 2996 5771 sed
3038 5716 3156 5772 aliis
3192 5716 3391 5779 verbis,
3429 5711 3570 5768 Hist.

341 5799 458 5844 tona
490 5791 737 5855 Patrum,
779 5786 949 5858 neque
979 5789 1030 5843 in
1065 5790 1282 5858 vulgato
1309 5803 1337 5843 a
1380 5786 1640 5843 Maurinis
1683 5787 1893 5842 Eusebii
1997 5787 2148 5853 cch,
2183 5803 2218 5852 ι,
2245 5787 2299 5844 2.
