4130 6438
381 384 488 441 5‘27

1060 375 1324 432 EUSEBII
1363 374 1836 431 CASSARIENSIS
1874 370 2027 431 ΟΡΡ.
2071 373 2249 429 PARS
2290 374 2376 430 lli.
2419 409 2486 415 —
2519 375 2927 432 EXEGETICA.

3531 379 3633 437 528

383 503 588 554 sionem
640 499 873 552 arbitror
918 497 982 548 de
1029 498 1267 550 secundo
1303 495 1502 550 Christi
1539 497 1773 550 adventu
1821 495 1961 550 scri-

2067 495 2187 548 σθαι
2217 497 2344 567 περὶ
2378 497 2476 566 τῆς
2522 497 2778 568 δευτέρας
2825 497 3061 567 ἀφίξεως
3095 496 3185 550 τοῦ
3221 494 3458 569 Χριστοῦ
3500 499 3638 570 γρά-

382 589 540 645 bendi
575 590 727 643 lucc:
761 587 824 641 In
852 587 1030 656 jussu,
1059 587 1110 639 in
1144 602 1263 640 voce
1291 587 1614 656 archangeli,
1653 596 1699 640 et
1732 587 1789 639 in
1830 587 1954 641 tuba

379 681 480 736 Dei
537 679 805 734 descendet
858 679 922 732 de
953 677 1178 740 coelo“,
1224 689 1279 731 et
1325 678 1549 747 reliqua.
1597 678 1765 733 Porro
1814 679 1952 733 idem

381 773 652 842 apostolus
693 781 996 826 extremum
1043 786 1255 840 quoque
1299 769 1621 826 Antichristi
1659 771 1951 826 adventum

379 863 492 917 sive
537 862 914 933 perditionem,
967 871 1262 930 posteaque
1307 862 1599 931 gloriosam
1648 862 1954 918 Servatoris

380 957 547 1010 nostri
609 956 978 1024 prmsentiam,
1021 962 1390 1010 consentanee
1430 955 1687 1009 vaticinio
1731 956 1952 1010 exhibet

379 1049 565 1103 dicens
602 1069 614 1103 :
652 1045 816 1100 Nemo
856 1063 944 1100 vos
993 1045 1102 1099 ullo
1145 1048 1299 1098 modo
1345 1046 1608 1114 decipiat;
1660 1047 1762 1099 nisi
1816 1057 1952 1101 certe

377 1140 524 1207 prius
575 1140 801 1192 evenerit
847 1138 1146 1206 apostasia,
1190 1147 1238 1191 et
1285 1137 1546 1191 revelatus
1591 1137 1746 1205 fuerit
1797 1138 1950 1191 homo

375 1231 574 1299 peccati
614 1247 702 1284 seu
735 1231 1046 1297 perditionis
1087 1229 1253 1297 filius,
1296 1229 1386 1298 qui
1427 1228 1735 1282 adversatur
1771 1237 1817 1281 et
1857 1243 1949 1282 estw

377 1321 579 1374 tollitur
627 1337 787 1388 supra
831 1337 982 1374 omne
1028 1321 1167 1389 quod
1215 1319 1411 1372 dicitur
1464 1318 1636 1382 Deus,
1683 1328 1773 1372 aut
1812 1319 1951 1387 quod

376 1411 608 1464 colitur:
642 1413 718 1464 ita
750 1419 804 1463 ut
849 1412 904 1464 in
947 1411 1139 1478 templo
1187 1408 1287 1463 Dei
1325 1411 1538 1477 sedeat,
1588 1419 1853 1464 ostentans
1897 1426 1951 1464 se

375 1513 628 1571 tanquam
673 1503 741 1556 sit
793 1501 957 1554 Deus.
1023 1500 1214 1554 Nonne
1278 1503 1588 1556 meministis
1639 1518 1720 1555 me
1778 1503 1950 1555 adhuc

373 1595 515 1660 apud
549 1610 636 1649 vos
679 1603 969 1648 versantem
996 1594 1106 1647 lucc
1151 1595 1322 1649 dicere
1341 1594 1429 1648 ³⁹ἳ
1455 1603 1510 1648 et
1540 1595 1762 1664 reliqua.
1825 1593 1950 1648 Haec

377 1685 639 1739 mirificus
684 1685 1085 1753 ait-Apostolus
1135 1685 1187 1739 in
1220 1701 1320 1740 sua
1361 1687 1425 1741 de
1459 1687 1565 1741 line
1607 1687 1822 1741 humani
1858 1701 1950 1756 ge-

375 1777 524 1831 neris
561 1777 838 1841 oratione;
877 1776 1116 1832 Danielis
1144 1778 1426 1847 propheta:
1461 1778 1715 1832 vaticinio
1743 1777 1807 1832 de
1838 1777 1950 1831 An-

2062 604 2231 656 φοντα
2260 587 2469 640 τοιάδεο
2499 589 2630 641 ’Ὅτι
2660 590 2844 656 αὐτὸς
2873 593 2905 643 ὁ
2923 591 3138 655 Κύριος
3157 590 3228 642 ἐν
3250 590 3634 660 κελεύσματι,

2053 678 2124 732 ἐν
2141 679 2312 748 φωνῇ
2331 679 2706 750 ἀρχαγγέλου
2739 681 2836 734 καὶ
2859 681 2927 733 ἐν
2957 680 3244 751 σάλπιγγι
3276 682 3430 735 Θεοῦ
3467 698 3640 736 κατα-

2055 771 2300 837 ϐήσεται
2320 772 2420 824 ἀπ’
2454 772 2736 840 οὐρανοῦ,
2769 773 2863 825 καὶ
2892 771 2960 825 τὰ
2983 772 3130 844 ἑξῆς.
3159 773 3218 826 Ὀ
3241 771 3285 826 δ’
3318 774 3484 837 αὐτὸς
3503 775 3639 828 ἁπό-

2056 861 2240 925 στολος
2271 863 2363 914 καὶ
2388 861 2486 934 τὴν
2521 863 2756 933 ὑστάτην
2789 861 2883 914 τοῦ
2931 862 3301 934 Ἀντιχρῖστου
3335 863 3519 933 ἄφιξιν
3537 865 3638 936 τὴν

2053 955 2148 1007 καὶ
2179 953 2473 1019 ἀπώλειαν,
2507 957 2604 1008 καὶ
2637 958 2729 1008 ἐπὶ
2752 955 2925 1028 ταύτῃ
2951 955 3051 1026 τὴν
3070 957 3163 1009 τοῦ
3196 957 3450 1028 Σωτῆρος
3477 957 3634 1027 ἡμῶν

2052 1045 2259 1112 ἔνδοξον
2285 1046 2584 1116 παρουσίαν
2611 1045 2919 1110 ἀκολούθως
2933 1050 2998 1118 τῇ
3015 1043 3325 1118 προφητεία
3338 1046 3635 1116 παρίστησι

2051 1139 2243 1209 λέγων·
2280 1113 2470 1206 Μῆτις
2499 1136 2654 1208 ὑμᾶς
2682 1113 3039 1208 ἐξαπατήσῃ
3059 1113 3220 1192 ⁷κατὰ
3247 1113 3483 1206 piceam
3512 1113 3637 1206 τρό-

2053 1247 2196 1284 πον·
2236 1231 2325 1284 ὅτι
2347 1230 2454 1285 ἐὰν
2471 1229 2558 1299 μὴ
2585 1231 2731 1299 ἔλθῃ
2772 1231 2810 1298 ἠ
2844 1231 3193 1285 ἀποστασία
3235 1232 3490 1300 πρῶτον,
3534 1230 3634 1285 καὶ

2051 1323 2454 1392 ἀποκαλυφθῇ
2493 1326 2524 1376 d
2561 1321 2868 1390 ἄνθρωπος
2915 1321 3027 1391 τῆς
3069 1323 3375 1392 ἁμαρτίας,
3430 1326 3463 1376 ὀ
3507 1323 3636 1388 υίὸς

2051 1415 2164 1484 τῆς
2196 1416 2516 1480 ἀπωλείας,
2545 1419 2577 1469 ὀ
2611 1415 3022 1484 ἀντικείμενος
3052 1414 3148 1468 καὶ
3171 1416 3634 1482 ὑπεραιρόμενος

2051 1507 2149 1559 ἐπὶ
2189 1508 2387 1564 πάντα
2413 1509 2709 1577 λεγόμενα
2741 1506 2889 1560 Θεὸν
2927 1506 2966 1575 ἢ
3000 1507 3297 1575 σέϐασμα,
3341 1505 3498 1559 ὥστε
3538 1507 3639 1558 air-

2050 1602 2158 1655 τὸν
2174 1601 2260 1666 είς
2289 1599 2396 1653 τὸν
2430 1599 2584 1653 ναὸν
2611 1599 2716 1653 τοῦ
2732 1598 2880 1652 Θεοῦ
2903 1599 3166 1661 καθίσαι,
3195 1596 3637 1652 ἀποδεικνύντα

2051 1691 2268 1746 ἑαυτὸν
2287 1691 2376 1744 ὅτι
2400 1690 2532 1744 ἔστι
2558 1692 2696 1756 Θεό(
2717 1707 2730 1721 ο
2766 1691 2838 1742 οὐ
2859 1689 3267 1758 μνημονεύετε
3299 1687 3387 1740 ὅτι
3431 1687 3521 1740 ἐτι
3551 1685 3636 1741 ὢν

2051 1785 2199 1852 πρὸς
2227 1781 2383 1853 ὑμᾶς
2429 1782 2617 1836 ταῦτα
2659 1783 2875 1852 ἔλεγον
2921 1781 3108 1851 ὐμῖν;
3139 1781 3234 1834 καὶ
3253 1781 3322 1834 τὰ
3359 1779 3502 1852 ἑξῆς.
3533 1780 3637 1833 Το-

375 1867 648 1937 tichristo,
687 1879 743 1924 et
792 1870 858 1924 de
907 1869 1145 1940 glorioso
1188 1869 1496 1925 Servatoris
1539 1869 1710 1924 nostri
1756 1869 1983 1940 regno,l

2051 1874 2222 1928 σαῦτα
2241 1876 2268 1926 ὁ
2296 1873 2597 1943 θαυμάσιος
2621 1871 2940 1936 Ἀπόστολος
2959 1873 3015 1924 ἐν
3041 1873 3152 1933 τοῖς
3169 1871 3296 1942 περὶ
3327 1870 3636 1934 συντελείας

374 1959 537 2016 ﬁdem
568 1971 838 2017 astruens.

443 2238 498 2294 6.
541 2238 673 2292 DAN.
699 2251 776 2303 ut,
799 2235 890 2290 ‘26.
925 2235 1196 2291 Delebitur
1225 2239 1425 2293 unctio.
1469 2237 1710 2294 Eusebii.
1740 2238 1945 2294 Vanam

366 2333 478 2402 jam
526 2341 580 2387 et
619 2342 813 2402 praeter
847 2331 1016 2402 legem
1064 2331 1373 2386 unctionem
1425 2346 1770 2401 coarguens:
1807 2332 1949 2400 quod

371 2425 513 2480 idem
542 2425 609 2481 de
638 2424 920 2481 sacriﬁciis
945 2433 1000 2480 et
1028 2425 1094 2479 de
1125 2425 1332 2479 foedere
1363 2422 1567 2478 factum
1615 2423 1782 2478 dices.
1822 2422 1948 2478 llzec

371 2517 516 2572 enim
553 2526 702 2573 recte
751 2517 1095 2588 legitimeque
1129 2516 1529 2585 peragebantur
1562 2526 1692 2570 ante
1745 2514 1950 2569 Serva-

371 2610 506 2665 toris
544 2609 713 2664 nostri
757 2610 1088 2680 passionem,
1119 2609 1245 2677 quia
1289 2608 1460 2663 virtus
1490 2607 1667 2662 adhuc
1705 2607 1949 2662 ccclestis

372 2704 491 2760 loca
523 2715 712 2759 sancta
755 2703 1055 2758 obsidebat.
1099 2699 1297 2756 Verum
1337 2699 1523 2756 eadem
1575 2715 1701 2754 mox
1739 2699 1949 2755 sublata

371 2795 614 2861 fuerunt,
658 2805 880 2866 propter
931 2794 1059 2849 illud
1102 2793 1406 2864 perfectum
1462 2792 1680 2862 Deoque
1728 2793 1948 2862 dignum

372 2887 732 2951 sacriﬁcium,
787 2901 894 2957 quo
946 2888 1237 2957 semetipse
1281 2885 1476 2942 obtulit
1543 2899 1641 2955 pro
1707 2883 1944 2952 peccatis

373 2983 600 3037 nostris.
629 2982 722 3036 Est
749 2983 896 3037 enim
930 2981 975 3036 is
1000 2981 1187 3051 Agnus
1221 2979 1338 3045 Dei,
1376 2979 1465 3049 qui
1498 2978 1636 3033 tollit
1663 2985 1948 3046 peccatum

374 3071 583 3137 mundi,
604 3070 775 3126 hostia
798 3070 1052 3126 nimirum
1069 3084 1178 3140 .pro
1201 3069 1413 3125 cunctis
1439 3067 1767 3124 hominibus.
1789 3065 1949 3121 Novis

373 3163 671 3234 mysteriis,
719 3177 856 3218 novo
901 3161 1106 3218 {cedere
1153 3161 1318 3226 inito,
1358 3162 1637 3231 antiquum
1690 3157 1942 3213 exolevit.

2050 1965 2143 2018 τοῦ
2178 1965 2292 2034 βίου
2316 1963 2557 2035 διεξῆλθε
2575 1963 2774 2032 λόγοις,
2809 1962 2878 2015 τὰ
2910 1962 2997 2015 διὰ
3020 1962 3114 2014 τοῦ
3133 1962 3416 2033 προφήτου
3439 1963 3633 2032 Δανιὴλ

2049 2054 2289 2127 περὶτοῦ
2347 2055 2733 2126 Ἀντιχρίστου,
2786 2055 2881 2108 καὶ
2910 2054 3010 2125 τῆς
3057 2052 3152 2107 τοῦ
3187 2053 3438 2126 Σωτῆρος
3479 2054 3634 2124 ἡμῶν

2048 2147 2259 2212 ἐνδόξου
2295 2146 2572 2215 βασιλείας
2595 2145 2997 2218 τεθεσπισμένα
3025 2146 3406 2217 πιστούμενος.

2120 2246 2194 2305 ς’.
2261 2238 2864 2308 Ἑξολοθρευθήσεται
2914 2238 3162 2308 χρίσμα.
3220 2238 3507 2291 Εὑσεὸίου.
3559 2238 3636 2292 Τὸ

2048 2331 2269 2402 ἄκριτον
2313 2332 2405 2384 καὶ
2442 2329 2760 2401 παράνομον
2802 2329 2980 2381 αὐτῶν
3029 2327 3418 2382 διαϐάλλουσα⁴
3463 2327 3638 2390 οὕτως

2046 2423 2102 2476 δὲ
2125 2423 2220 2477 καὶ
2254 2423 2348 2476 ἐπὶ
2374 2426 2474 2493 τῆς
2509 2423 2703 2486 θυσίας
2724 2421 2820 2476 καὶ
2844 2424 2943 2494 τῆς
2971 2421 3206 2492 σπουδῆς
3231 2438 3292 2474 συ
3302 2420 3636 2492 μὸεϐῆκὲναι

2049 2515 2269 2586 φήσεις·
2308 2513 2483 2584 ὀρθῶς
2524 2517 2622 2586 μὲν
2663 2514 2759 2568 καὶ
2791 2513 2931 2567 κατὰ
2967 2514 3130 2584 νόμον
3161 2513 3266 2585 πρὸ
3308 2512 3402 2566 τοῦ
3431 2511 3638 2575 πάθους

2048 2607 2140 2660 τοῦ
2171 2607 2424 2678 Σωτῆρος
2449 2607 2608 2678 ἡμῶν
2630 2607 3056 2678 ἐπιτελουμένης
3073 2607 3161 2660 διὰ
3177 2606 3276 2676 τὴν
3298 2608 3379 2671 είς
3408 2605 3486 2658 ἔτι
3513 2605 3634 2658 τότε

2049 2695 2116 2750 τὰ
2159 2697 2267 2750 τῶν
2308 2696 2477 2766 ἁγίων
2517 2697 2699 2751 τόπων
2729 2697 3013 2769 ἐφορῶσαν
3053 2696 3317 2768 δύναμιν·
3351 2711 3635 2767 περιαιρε-

2051 2786 2236 2857 θείσης
2258 2786 2314 2838 δὲ
2339 2784 2538 2839 αὐτίκα
2569 2785 2706 2857 μετὰ
2729 2786 2829 2857 τὴν
2858 2784 3025 2839 αὑτοῦ
3049 2784 3262 2837 τέλειαν
3290 2785 3385 2837 καὶ
3402 2785 3630 2854 θεοπρε-

2051 2880 2124 2950 πῆ
2159 2877 2367 2943 θυσίαν,
2394 2879 2460 2949 ἣν
2489 2877 2860 2950 προσήνεγκεν
2889 2877 3051 2940 αὐτὸς
3091 2874 3283 2930 ἑαυτὸν
3330 2875 3471 2946 ὑπὲρ
3523 2875 3633 2928 τῶν

2050 2969 2332 3042 ἁμαρτιῶν
2367 2969 2560 3040 ήμῶνο
2609 2969 2771 3032 αὑτός
2805 2986 2864 3022 τε
2895 2968 2970 3022 ὢν
3000 2969 3029 3020 ὁ
3079 2967 3275 3039 Ἀμνδς
3298 2966 3392 3020 τοῦ
3431 2966 3567 3020 Θεοῦ
3603 2969 3634 3021 ὁ

2049 3061 2221 3134 αἴρων
2252 3061 2350 3133 τὴν
2383 3061 2657 3132 ἁμαρτίαν
2678 3059 2772 3114 τοῦ
2799 3061 3001 3132 κόσμου
3023 3062 3103 3123 είς
3126 3059 3316 3113 θυσίαν
3348 3061 3514 3114 πᾶσιν
3537 3059 3634 3112 ἀν-

2051 3153 2315 3226 θρὼποις’
2341 3153 2482 3208 κατὰ
2511 3155 2578 3208 τὰ
2602 3155 2763 3208 καινὰ
2800 3156 3074 3227 μυστήρια
3103 3153 3203 3224 τῆς
3236 3152 3431 3223 καινῆς
3447 3153 3634 3223 διαθή-

375 3255 546 3311 Simul
587 3269 651 3309 ac
698 3255 839 3309 enim
885 3252 1168 3307 oraculum
1208 3251 1336 3306 illud
1379 3253 1708 3321 completum
1740 3260 1844 3316 est,
1877 3249 1983 3306 ΕΗ

2051 3265 2151 3320 κης
2179 3247 2596 3320 παραδοθείσης,
2627 3246 2696 3301 τὰ
2735 3248 2834 3318 τῆς
2873 3245 3109 3309 παλαιᾶς
3145 3245 3466 3316 περιῄρετο·
3495 3245 3631 3316 ὁμοῦ

372 3345 640 3401 roborabit
673 3343 842 3414 [ludus
885 3344 1069 3398 multis
1103 3343 1436 3397 Itebdomada
1482 3357 1619 3408 una,
1665 3340 1948 3411 antiquum

375 3437 551 3494 foedus
582 3437 762 3493 desiit.

2050 3338 2239 3410 γὰρτὸ
2269 3337 2604 3409 πληροῦσθαι
2642 3337 2704 3392 τὸ
2731 3337 2940 3407 φάσκον
2986 3337 3187 3406 λόγιον,
3220 3337 3331 3391 Καὶ
3367 3334 3636 3405 δυναμώ-

2051 3443 2148 3484 σει
2164 3429 2460 3499 διαθήκην
2492 3429 2744 3497 πολλοῖς
2763 3429 3016 3500 ἑϐδομὰς
3031 3431 3160 3500 μία,
3189 3429 3261 3483 τὰ
3277 3431 3378 3502 τῆς
3399 3429 3636 3493 παλαιᾶς

2047 3523 2312 3595 διαθήκης
2338 3521 2650 3597 περιῄρετο.

3292 3699 3602 3718 ——-—‘

451 3788 702 3851 (latente
729 3789 980 3865 Graeca),
1013 3803 1164 3848 cura
1187 3787 1242 3846 J.
1280 3787 1352 3865 A.
1381 3785 1663 3847 Crameri
1695 3801 1866 3848 anno
1919 3785 2073 3849 18M;
2113 3787 2352 3850 Oxonii
2404 3785 2617 3858 editae,
2677 3786 2800 3848 sub
2832 3787 3090 3849 Eusebii
3144 3786 3405 3848 nomine
3454 3784 3629 3865 frag-

374 3874 584 3953 menta
617 3866 771 3953 satis
801 3864 1109 3953 amplam
1141 3864 1506 3953 Manlianum
1539 3871 1599 3925 et
1635 3865 2046 3953 indemnem
2084 3867 2426 3953 exbibent._
2457 3866 2614 3953 llaec
2647 3867 3037 3953 verbotenus
3088 3865 3398 3953 derivavit
3423 3864 3629 3953 colle:

374 3951 508 4004 ctor
539 3962 618 4006 ex
654 3941 922 4022 Eusebii
947 3941 1411 4022 Quwstionibus
1453 3942 1828 4021 euangelicis
1884 3960 2080 4022 supra
2124 3945 2341 4006 editis.
2397 3943 2539 4004 Alia
2576 3945 2844 4021 insuper
2893 3945 3058 4006 bene
3112 3944 3313 4005 multa
3357 3960 3504 4022 quas
3549 3945 3624 4004 ad

375 4021 636 4082 eosdem
665 4021 1092 4100 evangelistas
1129 4029 1192 4081 et
1223 4021 1616 4100 adAMarcum
1654 4021 1981 4100 spectant.
2021 4031 2259 4085 catena)
2307 4022 2568 4095 Niceten,
2624 4023 3044 4094 Possiniante,
3087 4021 3494 4084 Corderianaa
3538 4022 3633 4100 iu-

381 4108 568 4184 gerta,
599 4097 898 4178 leguntur
929 4106 1061 4184 tum
1088 4116 1278 4184 supra
1311 4097 1870 4184 in_Suppleuiento
1901 4100 2326 4176 Quaestionum
2361 4100 2441 4162 ad
2467 4101 2849 4182 Stephanum
2871 4145 2890 4176 ,
2937 4106 3073 4163 tum
3107 4101 3177 4161 in
3210 4102 3510 4184 sequenti
3549 4099 3630 4161 ad

387 4179 615 4240 Lucam
649 4178 1123 4241 commentario.
1164 4180 1347 4239 Ευιτ.
1381 4178 1575 4238 Pun.

2381 4326 2566 4341 —

1147 4490 1910 4621 EUSEBIUS
1999 4493 2160 4616 IN
2237 4459 2826 4622 LUCAM.

795 4727 1022 4796 (Angela
1054 4727 1182 4796 ΜΑι,
1210 4724 1539 4782 Bibliotheca
1567 4742 1697 4781 nova
1733 4725 1975 4795 Patrum,
2013 4736 2143 4783 tom.
2181 4727 2269 4792 IV,
2305 4745 2428 4801 pag.
2460 4730 2580 4786 159.
2618 4731 2802 4787 Roma:
2833 4731 2992 4797 {8-17,
3028 4733 3079 4785 in
3104 4731 3203 4802 4⁸.)

1955 4888 2024 4901 ’ἐ

1693 5063 2320 5157 MONITUM.

448 5262 616 5328 Quem
649 5260 705 5315 in
735 5259 1163 5330 subsequentibus
1191 5258 1402 5328 paginis
1433 5258 1628 5312 edituri
1652 5272 1837 5332 ιιιιιηιιιε
1894 5255 2111 5309 Eusebii
2159 5257 2614 5321 commentarium,
2663 5255 2742 5310 vel
2758 5259 2952 5326 'potius
3002 5257 3118 5326 ejus
3159 5267 3337 5327 partes
3361 5258 3432 5311 ad
3473 5248 3671 5311 ιυωλ

376 5354 746 5426 Evangelium,
778 5369 843 5407 ea:
871 5362 1102 5424 quatuor
1145 5353 1465 5420 sumpsimus
1491 5352 1820 5406 bibliotheca:
1863 5349 2134 5404 Vaticana:
2165 5350 2458 5408 codicibus.
2492 5350 2730 5406 'Primus
2759 5361 2859 5416 est,
2889 5369 3041 5423 quem
3078 5353 3418 5423 designamus
3451 5353 3632 5406 littera

378 5453 442 5517 Δ,
471 5464 695 5520 magnus
724 5446 816 5502 ille
849 5457 1052 5501 catena:
1085 5446 1304 5501 Patrum
1339 5445 1648 5502 ercorum
1678 5449 1733 5502 in
1765 5444 1966 5500 Lucam
1994 5447 2180 5509 codex,
2213 5457 2430 5500 auctore
2477 5447 2527 5500 Ν
2535 5449 2667 5503 iceta
2697 5445 2980 5502 Serrarum
3017 5449 3280 5518 episcopo,
3327 5447 3481 5517 cujus
3531 5463 3626 5501 nos

381 5560 576 5598 catena
604 5553 804 5613 partem
833 5543 1143 5597 mediocrem
1166 5543 1284 5611 jam
1311 5541 1575 5596 edidimus
1611 5550 1753 5596 tomo
1787 5557 1843 5595 ιι
1875 5539 2077 5608 Script.
2120 5549 2253 5608 vet.,
2285 5552 2496 5610 excepto
2528 5538 2775 5608 Eusebio,
2816 5558 2968 5613 quem
2999 5544 3282 5610 separatim
3337 5548 3465 5595 dare
3510 5557 3634 5594 con-

378 5639 746 5705 stitueramus;
770 5648 980 5708 excepto
1010 5637 1131 5692 item
1163 5635 1385 5706 Cyrillo,
1414 5647 1465 5691 et
1491 5635 1612 5690 aliis
1644 5637 1866 5706 aliquot,
1903 5637 1968 5692 de
1995 5636 2183 5706 quibus
2211 5635 2341 5690 alibi
2365 5633 2522 5689 verba
2556 5634 2796 5704 fecimus.
2823 5635 3099 5692 Secundus
3128 5647 3204 5692 est
3242 5637 3408 5691 codex
3429 5638 3634 5708 priscas

450 5815 497 5848 ³⁸
527 5816 542 5870 1
575 5813 766 5870 Thess.
797 5832 865 5884 Iv,
903 5816 988 5873 16.
1077 5818 1119 5853 ³³
1159 5814 1201 5872 ιι
1243 5814 1436 5874 Thess.
1464 5831 1528 5885 ιι,
1562 5815 1617 5872 5.
