4130 6376
461 398 559 454 531

460 620 591 660 vero
644 613 698 659 et
758 603 896 659 Sara
952 612 1176 677 propter
1227 601 1398 655 risutn
1454 599 1784 669 reprehensa
1831 596 1933 651 fuit
1961 596 2027 649 “.

461 700 620 755 Modo
654 708 833 753 autem
863 697 1046 751 verbis
1074 692 1330 762 obiurgat
1356 693 1516 757 Deus,
1547 691 1705 744 modo
1735 688 1868 758 ipsis
1899 702 2031 754 ope-

458 790 625 849 ribus’
679 791 882 863 arguit.
960 787 1171 842 Idcirco
1234 785 1558 841 Zachariam
1622 797 1836 853 quoque
1890 781 2037 833 facto

456 888 581 957 ipso
624 882 919 955 increpuit,
965 881 1091 936 dum
1129 881 1353 935 surdum
1403 887 1724 946 mutumque
1755 873 2031 928 reddidit:

457 978 585 1047 quia
618 977 878 1032 nimirum
908 974 1243 1045 oportuisset
1282 986 1404 1026 eum
1456 968 1734 1040 prioribus
1769 963 2035 1031 exemplis

451 1071 565 1141 jam
609 1068 786 1125 semet
838 1067 1165 1131 erudivisse,
1215 1073 1271 1119 et
1306 1078 1442 1134 quas
1473 1062 1618 1132 passi
1657 1060 1871 1115 fuerant
1920 1071 2038 1110 ma—

455 1165 605 1236 jores
636 1162 739 1228 [sui
779 1160 1221 1230 obiurgationes,
1265 1171 1361 1212 eas
1409 1154 1478 1210 ad
1526 1151 1871 1223 disciplinam
1911 1164 2038 1218 pro-

461 1258 638 1330 priam
671 1254 1032 1312 convertisse.

952 1343 1001 1376 “
1026 1342 1138 1413 Ego
1163 1358 1277 1395 sum
1305 1337 1540 1395 Gabriel.

529 1430 670 1508 Quid
699 1453 831 1509 ergo
860 1436 1085 1506 angelus
1109 1437 1157 1492 ei
1206 1429 1534 1504 respondet?
1584 1426 1809 1498 Angela,
1836 1423 2035 1494 inquit,

459 1530 680 1598 riiﬂidis,
711 1532 805 1600 qui
841 1530 954 1585 Deo
976 1528 1164 1584 aetat?
1196 1527 1409 1597 ipsique
1437 1522 1673 1579 mittenti
1702 1536 1808 1576 non
1836 1519 2036 1583 credis,

462 1628 555 1682 sed
585 1626 663 1681 rei
705 1638 989 1681 summam.
1015 1621 1381 1678 difﬁcultatem
1414 1616 1670 1689 spectas?
1696 1613 1782 1670 0b
1809 1614 1911 1670 hoc
1938 1613 2040 1683 igi-

468 1731 557 1775 tur
597 1716 939 1789 incredulum
999 1717 1227 1770 verbum
1283 1728 1417 1770 voce
1473 1710 1827 1785 spoliabcris,
1860 1707 2036 1777 quoad

464 1829 553 1870 res
586 1814 703 1882 ipsa
736 1810 1023 1867 evenerit:
1058 1822 1252 1877 nempe
1287 1816 1350 1862 ut
1380 1815 1527 1860 tuam
1557 1816 1753 1860 noscas
1783 1799 2035 1858 incredu-

460 1907 670 1961 litatem
706 1904 907 1975 Deique
933 1902 1092 1960 simul
1131 1900 1448 1972 potentiam.

460 2062 506 2096 “
530 2061 687 2117 Dabit
713 2060 795 2114 illi
826 2058 1083 2114 Dominus
1107 2056 1247 2112 Deus
1265 2057 1441 2111 sedem
1463 2052 1683 2109 Daoidis
1710 2051 1877 2122 patris
1899 2049 2036 2120 ejus.

531 2217 810 2273 Thronum
859 2214 994 2271 dicit
1024 2211 1211 2267 Davidi
1260 2206 1587 2271 nuntiatum,
1639 2221 1814 2276 neque
1855 2216 2036 2260 tamen

458 2312 666 2365 clatum.
689 2306 860 2364 Semel
904 2307 1042 2362 enim
1060 2345 1078 2371 ,
1108 2305 1213 2372 ait,
1217 2304 1397 2374 juraoi
1419 2305 1475 2357 in
1502 2312 1684 2357 saneto
1707 2317 1842 2364 tneo,
1857 2301 1903 2354 si
1933 2298 2061 2352 Dat--

331 2437 341 2443 -
457 2403 571 2457 uidi
620 2401 853 2457 mentiar
892 2412 912 2452 :
966 2414 1140 2452 semen
1175 2396 1291 2467 ejus
1342 2403 1518 2449 manet
1554 2396 1608 2447 in
1637 2401 1946 2446 atomum:
1986 2400 2036 2443 et

2138 2421 2275 2475 μου,
2304 2405 2359 2456 ει
2378 2399 2455 2466 τῷ
2475 2398 2658 2454 Δαυῒδ
2680 2398 2982 2467 ψεύσομαι
3000 2412 3013 2424 ·
3059 2394 3125 2447 τὸ
3156 2391 3395 2461 σπέρμα
3415 2389 3601 2444 αὑτοῦ
3631 2393 3721 2454 εἰς

459 2495 677 2548 thronus
709 2493 824 2563 ejus
857 2482 992 2546 sieut
1022 2488 1103 2544 sol
1130 2491 1185 2544 in
1217 2496 1500 2566 conspectu
1537 2501 1674 2540 meo.
1704 2484 1772 2539 Et
1800 2498 1990 2539 rursus
2019 2500 2035 2535 :

456 2587 649 2642 Jnraoi
681 2585 875 2640 Ι)αυὶάὶ
906 2600 1053 2640 servo
1098 2579 1433 2653 meo..Usqne
1458 2580 1517 2633 in
1545 2590 1798 2634 (sternunt
1827 2592 2037 2646 μητρα-

1166 393 1438 451 EUSEBII
1476 393 1951 451 CESARIENSIS
1987 392 2139 449 OPP.
2178 390 2360 445 PARS
2397 390 2487 446 III.
2525 420 2593 431 —-
2629 387 3045 444 EXEGETIIIA.
3611 385 3714 438 552

458 527 590 568 cens
614 527 630 566 :
673 531 691 561 ι
722 509 858 564 Num
879 502 1324 565 centenario'viro
1346 508 1486 563 [ilius
1502 517 1754 561 nascetur
1769 502 1852 559 l‘3?
1873 524 1892 559 ι
1908 504 2038 559 Tum

2147 504 2328 557 ταέτει
2373 505 2663 572 γενήσεται
2703 502 2855 566 υἱόςς

2906 519 2926 551 ›
2957 498 3053 553 καὶ
3086 500 3121 570 ἡ
3154 498 3337 569 saepe
3362 494 3419 551 δὲ
3445 493 3716 566 γελάσασα

2138 593 2395 664 ἐμέμφθη
2444 594 2591 647 τότε.
2645 592 2782 645 Ποτὲ
2833 592 2931 661 μὲν
2980 588 3090 659 γὰρ
3144 588 3286 658 λόγῳ
3322 586 3466 658 μόνῳ
3508 587 3537 639 6
3586 584 3717 648 Θεὸς

2141 683 2438 754 μέμφεται,
2470 682 2599 736 ποτὲ
2649 682 2708 734 δὲ
2747 681 2838 734 καὶ
2888 679 3031 750 ἔργῳ
3083 677 3328 747 ἐπιτιμᾷ.
3376 674 3578 728 Τούτου
3624 670 3717 729 οὖν

2136 776 2297 847 χάριν
2331 776 2426 829 καὶ
2448 774 2526 846 τῷ
2559 773 2804 844 Ζαχαρία
2832 773 2898 826 δι’
2928 771 3090 842 ἔργου
3136 771 3459 839 ἐπετίμησε,
3495 768 3592 822 καὶ
3636 769 3719 830 εἰς

2136 868 2431 939 κωφότητα
2464 866 2557 920 καὶ
2601 865 2843 934 ἀφωνίαν
2889 864 3050 916 αὐτὸν
3096 861 3453 932 περιέστησεν
3476 876 3490 889 ο
3548 857 3719 928 ἐχρῆν

2134 960 2246 1031 γὰρ
2307 960 2468 1014 αὐτὸν
2514 958 2602 1013 διὰ
2659 956 2768 1011 τῶν
2837 955 3119 1028 προτέρων
3186 952 3554 1014 Μιδεῦεσθαι,
3622 949 3717 1003 καὶ

2134 1052 2233 1124 τὴν
2276 1053 2414 1123 πρὸς
2466 1053 2593 1115 τοὺς
2653 1050 2897 1122 πατέρας
2955 1046 3167 1120 μέμψιν
3225 1044 3509 1100 παίδευσιν
3577 1041 3715 1095 ίδίαν

2138 1143 2490 1216 ποιήσασθαι.
3188 1125 3195 1133 ’

2639 1323 2786 1395 Ἐγώ
2813 1325 2929 1388 εἰμι
2959 1319 3238 1390 Γαϐριήλ.

2208 1413 2274 1468 Τί
2298 1408 2393 1466 οῦν
2421 1428 2553 1481 φησι
2574 1412 2708 1483 πρὸς
2747 1412 2906 1465 αὑτὸν
2934 1412 2962 1463 6
3004 1409 3269 1479 ἅγγελος;
3310 1408 3572 1477 Ἀγγέλῳ,
3613 1424 3717 1479 φη-

2140 1503 2246 1567 σὶν,
2278 1504 2548 1565 ἀπιστεῖς,
2587 1501 2646 1565 ὃς
2670 1501 2981 1571 παρέστηκε
3009 1499 3164 1570 Θεῷ;
3200 1498 3295 1551 καὶ
3333 1499 3393 1551 οὐ
3442 1497 3717 1559 πιστεύεις

2135 1594 2215 1667 τῷ
2246 1593 2647 1658 ἀποστείλαντι,
2678 1593 2811 1647 ἀλλὰ
2833 1593 2969 1664 πρὸς
2988 1590 3086 1663 τὴν
3110 1590 3200 1645 τοῦ
3232 1590 3557 1663 πράγματος
3593 1589 3717 1643 ἀδυσ-

2138 1690 2341 1762 ναμίαν
2401 1688 2653 1759 βλέπεις;
2697 1686 2907 1741 Οὐκοῦν
2959 1684 3047 1739 διὰ
3089 1685 3186 1756 τὴν
3231 1684 3458 1738 ἄπιστον
3513 1682 3717 1754 ταύτην
3766 1706 3773 1711 -

2142 1781 2326 1854 φωνὴν
2369 1778 2716 1854 ἀφαιρεθήσῃ
2764 1778 2866 1849 τῆς
2896 1779 3081 1848 φωνῆς
3112 1778 3217 1842 ἕως
3253 1776 3347 1831 τοῦ
3393 1776 3716 1848 πράγματος

2068 1864 2110 1920 Β
2141 1873 2541 1944 πληρωθέντος,
2570 1872 2732 1941 γνοὺς
2763 1871 2857 1924 καὶ
2899 1870 2959 1924 τὸ
2987 1869 3080 1923 σὺν
3108 1869 3336 1924 ἄπιστον
3382 1868 3477 1920 καὶ
3520 1866 3581 1919 τὸ
3622 1864 3720 1919 τοῦ

2138 1963 2275 2017 Θεοῦ
2305 1963 2548 2016 δυνατόν.

2142 2056 2325 2112 Δώσει
2351 2053 2511 2120 αὐτῷ
2540 2053 2755 2122 Κύριος
2783 2054 2817 2106 ὁ
2840 2052 2983 2116 Θεὸς
3014 2052 3229 2122 θρόνον
3252 2048 3434 2103 Δαυῒδ
3465 2048 3569 2103 τοῦ
3607 2065 3721 2101 πα-

2735 2122 2875 2190 τρὸς
2908 2120 3113 2176 αὑτοῦ,

2208 2218 2411 2291 Θρόνον
2438 2216 2586 2286 λέγει
2619 2214 2710 2268 τὸν
2754 2212 3159 2282 ὲπαγγελθέντα
3185 2209 3265 2281 τῷ
3291 2209 3474 2273 Δαυϊδ,
3509 2210 3573 2262 οὐ
3610 2207 3718 2279 μὴν

2139 2313 2234 2366 καὶ
2263 2310 2486 2364 δοθέντα
2504 2325 2517 2338 ·
2544 2305 2732 2371 "Aetati
2756 2306 2886 2376 γὰρ,
2915 2303 3069 2375 φησὶ,
3103 2301 3311 2371 ὤμοσα
3336 2301 3406 2354 ἐν
3447 2297 3528 2366 τῷ
3573 2300 3721 2369 ἁγίῳ

2137 2495 2246 2549 τὸν
2274 2492 2460 2547 αἰῶνα
2480 2492 2670 2561 μένει,
2703 2488 2803 2542 καὶ
2847 2491 2881 2542 ὁ
2913 2488 3126 2571 θρόνος
3164 2484 3350 2539 αὐτοῦ
3379 2483 3460 2545 ὡς
3486 2486 3519 2536 ὀ
3546 2482 3720 2549 ἣλιος

2137 2586 2415 2641 ἐναντίον
2438 2601 2559 2656 μου
2578 2600 2592 2613 ’
2625 2581 2720 2636 καί
2750 2580 2914 2635 πάλιν
2931 2594 2947 2610 ⁸
2968 2579 3199 2647 Ὠμοσα
3217 2574 3399 2630 Δαυῒδ
3420 2573 3499 2640 τῷ
3521 2573 3719 2637 δούλῳ

460 2682 588 2736 rabo
634 2695 812 2734 semen
843 2688 1015 2741 tuum,
1047 2686 1094 2730 et
1128 2674 1403 2743 redi/icabo
1459 2674 1517 2726 in
1555 2672 1945 2743 generationem
1986 2678 2036 2722 et

2138 2693 2254 2747 μου
2275 2693 2289 2707 ·
2322 2672 2471 2740 Ἕως
2499 2671 2603 2726 τοῦ
2631 2669 2847 2737 αἰῶνος
2871 2666 3168 2738 ἑτοιμάσω
3208 2666 3276 2720 τὸ
3318 2664 3555 2734 σπέρμα
3576 2680 3713 2727 σου,

461 2774 855 2844 generationem
893 2771 1146 2824 thronum
1176 2777 1326 2822 tuum
1349 2765 1416 2821 ".
1444 2767 1622 2835 Atque
1647 2764 1764 2819 haec
1791 2761 1935 2818 haud
1969 2761 2039 2816 de

459 2881 661 2923 carnea
707 2865 876 2935 stirpe
922 2863 1078 2928 dicit,
1122 2875 1300 2931 neque
1340 2860 1409 2916 de
1455 2857 1656 2914 visibili
1688 2857 1908 2924 throno,
1943 2856 2038 2909 sed

463 2961 531 3015 de
564 2958 658 3015 illo
685 2972 847 3027 quem
884 2954 1111 3027 angelus
1139 2964 1412 3010 memorat
1441 2967 1565 3008 cum
1591 2950 1759 3005 Maria
1787 2949 2035 3020 loquens,

465 3051 559 3121 qui
587 3049 729 3106 nihil
760 3047 1056 3119 temporale
1087 3047 1273 3113 habet,
1306 3047 1403 3118 qui
1436 3045 1576 3102 lucis
1610 3044 1787 3100 instar
1819 3043 1873 3097 in
1904 3043 2039 3098 orbe

462 3145 720 3199 universo
747 3141 1038 3213 splendet,
1069 3140 1271 3210 quique
1312 3139 1526 3194 animas
1567 3135 1889 3207 spiritaliter
1914 3134 2039 3189 illu-

2138 2766 2237 2822 καὶ
2267 2765 2641 2835 οίκοδομήσω
2665 2765 2753 2829 εὶς
2773 2760 2990 2832 γενεὰν
3015 2760 3112 2813 καὶ
3135 2758 3350 2828 γενεὰν
3373 2756 3482 2810 τὸν
3504 2757 3717 2824 θρόνον

2137 2875 2274 2914 σου.
2305 2858 2486 2913 Ταῦτα
2506 2858 2563 2910 δὲ
2593 2857 2653 2910 οὐ
2702 2855 2831 2927 περὶ
2877 2850 3141 2925 σαρκικοῦ
3200 2849 3510 2921 σπέρματός
3561 2864 3715 2917 φησι,

2137 2953 2258 3008 οὐδὲ
2285 2953 2413 3024 περὶ
2448 2949 2708 3022 αἰσθητοῦ
2732 2948 2946 3019 θρόνου,
2978 2946 3113 3001 ἀλλὰ
3141 2945 3271 3016 περὶ
3295 2936 3357 2997 οὗ
3397 2959 3531 3013 φησι
3567 2941 3660 2994 καὶ
3689 2943 3720 2993 ὁ

2138 3044 2368 3115 ἄγγελος
2410 3043 2547 3115 πρὸς
2603 3043 2703 3111 τὴν
2749 3040 3047 3112 Παρθένον,
3078 3037 3169 3090 τὸν
3214 3036 3379 3108 μηδὲν
3436 3034 3720 3104 ἐπίκαιρον

2138 3137 2350 3209 ἔχοντα,
2383 3135 2476 3188 τὸν
2504 3133 2626 3187 καθ’
2657 3133 2786 3204 ὅλης
2835 3132 2935 3200 τῆς
2985 3128 3312 3199 οἰκουμένης
3364 3126 3541 3197 φωτὸς
3565 3124 3720 3195 δίκην

461 3245 606 3292 strat
651 3235 838 3291 divino
888 3234 1224 3304 magisterio.
1263 3229 1439 3286 Porro
1471 3228 1661 3287 Jacobi
1710 3231 1929 3285 domum
1974 3239 2038 3280 ne

2142 3229 2516 3299 ὲκλάμποντα,
2573 3226 2667 3279 καὶ
2716 3224 2897 3295 ψυχὰς
2943 3221 3144 3293 νοερῶς
3193 3217 3602 3288 καταυγάζοντα
3634 3217 3722 3269 διὰ

463 3329 731 3400 intelligas
753 3325 1060 3395 ~Iudaicum
1100 3323 1481 3381 tantummodo
1515 3322 1791 3394 populum,
1825 3321 1919 3376 sed
1944 3333 2038 3374 eos

461 3438 656 3479 omnes
683 3422 771 3493 qui
802 3420 1117 3478 Servatoris
1152 3418 1442 3490 vocatione
1478 3432 1546 3472 ex
1582 3415 1856 3471 universis
1903 3427 2037 3484 gen-

464 3519 613 3571 tibus
643 3514 841 3570 divinre
869 3511 1181 3583 adoptionis
1209 3511 1568 3582 prmrogativa
1599 3509 1895 3565 donantur.
1917 3506 2040 3562 Jam

463 3607 559 3664 Dei
589 3606 820 3678 pupulas
843 3606 1003 3661 modo
1028 3604 1203 3660 Jacob
1230 3603 1435 3659 dicitur
1456 3603 1622 3660 modo
1653 3602 1820 3658 Israel
1845 3620 1859 3657 :
1895 3602 2038 3656 idem

461 3702 669 3771 quippe
694 3699 780 3755 vir
803 3696 907 3755 fuit
948 3698 1115 3753 Israel
1147 3708 1206 3753 et
1245 3695 1437 3754 Jacob.
1478 3695 1547 3751 Et
1570 3706 1766 3751 natura
1797 3694 2039 3764 quidem,

462 3787 633 3845 Jacob
678 3801 797 3844 erat
830 3787 1043 3858 priscus
1080 3786 1176 3841 ille
1225 3784 1476 3856 populus,
1519 3785 1646 3855 quia
1687 3784 1945 3840 nimirum
1973 3800 2039 3838 ex

462 3881 653 3938 Jacobi
688 3879 955 3951 sanguine
977 3878 1253 3951 originem
1294 3876 1574 3943 ducebat;
1622 3876 1915 3945 adoptione
1946 3891 2045 3929 an-

466 3983 596 4037 tem,
627 3969 798 4028 Iacob
835 3980 923 4027 est
969 3983 1146 4025 novus
1184 3968 1415 4045 populus
1458 3977 1682 4039 propter
1709 3968 1926 4023 virtutis
1951 3982 2041 4022 coo

466 4063 817 4136 gnationetn:
848 4060 1116 4117 successit
1144 4061 1292 4116 enim
1319 4060 1496 4115 veteri
1526 4072 1720 4114 novus.
1755 4058 1946 4128 Itaque
1985 4057 2039 4111 in

467 4163 746 4223 posterum
775 4165 940 4222 super
970 4152 1076 4206 hoc
1102 4150 1303 4221 popqu
1329 4149 1703 4206 dominabitur
1736 4148 1829 4205 ille
1858 4163 1952 4203 rex
1986 4149 2040 4201 in

465 4242 689 4309 sarcula,
723 4243 777 4298 id
827 4252 913 4298 est
965 4250 1251 4312 perpetuo.
1299 4240 1403 4308 Qui
1447 4240 1667 4310 quidem
1704 4240 1935 4310 populus
1974 4253 2040 4293 ex

463 4337 725 4407 operibus
780 4334 1242 4405 sermonibusque
1301 4333 1581 4390 Christum
1639 4340 1923 4403 agnoscet,
1989 4342 2045 4387 et

2138 3322 2241 3392 τῆς
2262 3319 2443 3375 ἐνθέου
2470 3316 2836 3381 διδασκαλίας.
2866 3312 3025 3370 οἷκον
3050 3313 3108 3368 δὲ
3124 3310 3339 3375 Ἰακὼϐ,
3372 3309 3445 3382 μὴ
3467 3310 3558 3363 τὸν
3591 3310 3724 3362 Ἰου-

2138 3409 2303 3465 δαίων
2323 3408 2451 3463 λαδν
2474 3405 2662 3479 νόμιζε
2722 3406 2902 3478 μόνον,
2952 3402 3091 3458 ἀλλὰ
3120 3401 3330 3464 πάντας
3361 3401 3486 3463 τοὺς
3514 3397 3605 3453 διὰ
3622 3398 3724 3468 τῆς

2141 3502 2387 3572 κλήσεως
2408 3500 2502 3554 τοῦ
2526 3497 2780 3569 Σωτῆρος
2817 3496 2878 3561 ἐξ
2907 3496 3164 3550 ἁπάντων
3180 3494 3289 3547 τῶν
3317 3491 3486 3546 ὲθνῶν
3513 3492 3593 3552 είς
3621 3488 3721 3558 τὴν

2140 3597 2250 3652 τῶν
2296 3597 2469 3666 ἁγίων
2518 3594 2791 3648 υἱοθεσίαν
2840 3590 3301 3661 είσποιουμένους.
3350 3587 3404 3640 '0
3448 3584 3573 3646 λαὸς
3620 3580 3715 3635 τοῦ

2142 3688 2277 3744 Θεοῦ
2307 3689 2436 3751 ποτὲ
2472 3688 2570 3760 μὲν
2618 3683 2809 3740 Ἰακὼϐ
2840 3683 3103 3746 καλεῖται,
3136 3680 3268 3734 ποτὲ
3300 3677 3356 3731 δὲ
3392 3672 3631 3746 Ἰσραήλο
3686 3673 3718 3725 6

2147 3784 2311 3848 αὐτὸς
2327 3782 2437 3854 γὰρ
2472 3777 2542 3853 ἦν
2593 3780 2689 3833 καὶ
2730 3776 2948 3849 Ἰσραὴλ
2995 3774 3092 3829 καὶ
3147 3770 3373 3827 Ἰακώϐ·
3419 3769 3512 3822 καὶ
3557 3767 3719 3836 φύσει

2147 3876 2246 3948 μὲν
2281 3873 2478 3928 Ἰακὼϐ
2507 3867 2576 3944 ἦν
2604 3872 2633 3924 6
2674 3869 2901 3932 παλαιὸς
2923 3867 3073 3930 λαὸς,
3121 3864 3198 3929 ὡς
3242 3863 3304 3929 ἐξ
3346 3859 3538 3916 Ἰακὼϐ
3580 3857 3723 3911 κατὰ

2142 3969 2239 4041 τὴν
2254 3967 2311 4035 ἐξ
2338 3967 2568 4036 αἵματος
2601 3964 2921 4032 συγγένειαν
2943 3978 2956 3991 ο
2983 3959 3131 4013 θέσει
3150 3957 3230 4021 δὲ,
3259 3958 3288 4009 6
3303 3955 3421 4018 νέος
3443 3954 3568 4017 λαὸς
3581 3952 3724 4005 κατὰ

2142 4062 2242 4134 τὴν
2284 4059 2343 4124 ἐξ
2372 4057 2572 4130 ἀρετῆς
2606 4055 2922 4125 συγγένειαν
2943 4070 2957 4083 ·
3016 4047 3343 4121 ἀντεισήχθη
3389 4044 3497 4117 γὰρ
3532 4043 3725 4134 ὁίνέος

2142 4133 2237 4207 τοῦ
2270 4149 2522 4207 παλαιοῦ.
2550 4148 2750 4203 Λοιπὸν
2781 4141 2876 4199 οὖν
2913 4143 3005 4197 ἐπὶ
3042 4140 3231 4196 τοῦτον
3268 4138 3361 4191 τὸν
3384 4135 3513 4190 λαὸν
3571 4133 3723 4204 βασι-

2144 4244 2324 4298 λεύσει
2345 4245 2426 4306 εἰς
2442 4242 2535 4295 τὸν
2558 4239 2749 4302 αἰῶνα,
2778 4238 2947 4309 fiva
2968 4234 3077 4299 ἀεὶ,
3105 4232 3169 4286 ἐκ
3198 4248 3258 4285 τε
3280 4229 3389 4283 τῶν
3424 4226 3600 4298 ἔργων
3625 4223 3721 4276 καὶ

2144 4337 2253 4391 τῶν
2274 4336 2446 4404 λόγων
2471 4332 2764 4402 ἐπιγνόντα
2793 4329 2974 4391 αὐτὸν,
3012 4327 3110 4382 καὶ
3157 4323 3420 4384 ἑκουσίως
3463 4320 3726 4372 ὑποτετα-

467 4405 595 4482 lntic
627 4436 827 4498 sponte
866 4441 1075 4481 morem
1114 4435 1289 4497 geret.
1339 4423 1595 4479 Profecto
1651 4424 1900 4479 Christus
1948 4439 2038 4479 rex

2147 4426 2351 4496 γμένον
2375 4422 2558 4493 αὐτῷ’
2584 4422 2613 4473 6
2641 4420 2750 4493 γὰρ
2779 4417 3012 4489 Χριστὸς
3033 4411 3102 4487 ἦν
3138 4413 3236 4485 μὲν
3253 4409 3503 4483 βασιλεὺς
3526 4408 3620 4460 καὶ
3649 4405 3726 4468 ὡς

465 4519 568 4574 fuit
613 4529 884 4589 quatenus
936 4519 1120 4584 Deus;
1149 4519 1225 4573 ait
1259 4515 1443 4573 enim:
1473 4513 1708 4585 Regnum
1742 4532 1913 4570 meum
1940 4533 2038 4569 non

2145 4518 2305 4581 Θεὸς·
2358 4513 2724 4580 Ὴβασιλεία
2757 4510 2888 4581 γὰρ,
2917 4508 3102 4579 φησι),
3125 4508 3164 4576 ἠ
3184 4504 3297 4575 ἐμὴ
3329 4504 3441 4557 οὐκ
3462 4498 3725 4589 Eata-ex

456 4618 545 4678 est
569 4610 634 4664 de
662 4609 763 4664 hoc
791 4611 991 4664 munda
1015 4609 1084 4663 ⁸⁸.
1118 4609 1232 4663 lmo
1265 4622 1360 4663 rex
1393 4621 1609 4677 quoque
1633 4606 1738 4661 fuit
1776 4617 2043 4675 quatenus

466 4703 637 4758 homo
662 4720 675 4755 :
704 4715 816 4770 prae
836 4715 898 4756 se
932 4701 1080 4756 enim
1109 4699 1234 4755 tulit
1264 4698 1471 4770 regalia
1502 4711 1690 4768 opera,
1726 4713 1922 4769 nempe
1965 4698 2046 4753 le-

467 4791 811 4862 gislationem
851 4806 989 4862 erga
1044 4790 1294 4846 homines
1327 4789 1432 4844 sibi
1475 4789 1747 4856 subditos,
1778 4790 2049 4861 guberna-

2147 4610 2254 4665 τοῦ
2274 4611 2507 4678 κόσμου
2521 4607 2738 4661 τούτου
2765 4622 2778 4635 ·
2802 4600 2872 4675 ἦν
2909 4602 2966 4656 δὲ
3011 4600 3106 4654 καὶ
3139 4598 3220 4679 εὒς
3258 4595 3576 4667 ἄνθρωπος·
3612 4586 3725 4659 εἶχε

2148 4703 2254 4775 γὰρ
2285 4701 2420 4774 ἔργα
2457 4698 2718 4771 βασιλέως
2746 4697 2809 4750 τὸ
2833 4692 3141 4766 νομοθετεῖν
3184 4692 3298 4753 τοῖς
3333 4684 3594 4758 ὑπηκόοις
3635 4682 3728 4735 αὐ-

2149 4794 2264 4862 τοῦ,
2283 4794 2344 4849 τὸ
2383 4792 2686 4866 ῥυθμίζειν,
2717 4790 2779 4844 τὸ
2804 4786 3108 4861 περιέπειν,
3148 4782 3208 4835 τὸ
3223 4775 3724 4851 ὑπεραποθνήσκειν

470 4887 670 4939 tionem
699 4884 1013 4938 eorumdem
1035 4892 1090 4937 et
1120 4897 1306 4936 curam
1327 4920 1342 4947 ,
1377 4882 1635 4953 necisque
1665 4896 1768 4953 pro
1793 4880 1863 4936 iis
1889 4880 2038 4936 obitu

2151 4888 2331 4943 αὐτῶν
2354 4906 2367 4918 ·
2402 4887 2440 4941 ἃ
2464 4886 2702 4958 μάλιστα
2725 4876 3189 4954 χαρακτηρίζουσι
3234 4874 3325 4927 τὸν
3369 4869 3542 4943 ἀληθῆ
3575 4866 3728 4938 βασι-

466 4977 764 5042 mcritum;
799 4976 889 5045 qui
930 4987 1124 5046 reapse
1178 4976 1323 5046 regis
1374 4974 1727 5031 characteres
1787 4974 2048 5043 praecipui
2151 4981 2269 5035 λέα,

466 5078 613 5126 sunt.

713 5163 763 5195 υ
794 5161 1026 5232 Spiritus
1049 5170 1262 5216 sanctus
1293 5161 1619 5230 superueniet
1642 5161 1700 5212 in
1730 5170 1799 5213 te.

540 5255 684 5311 Deus
708 5267 815 5319 est.
843 5255 1040 5325 inquit,
1076 5255 1169 5324 qui
1222 5264 1512 5323 operatur,
1542 5265 1608 5305 ne
1638 5252 1884 5322 ambigas
1913 5268 1928 5315 ;
1961 5251 2050 5307 ibe

2379 5163 2618 5233 Πνεῦμα
2649 5161 2822 5230 ἅγιον
2850 5156 3241 5211 ἐπελεύσεται
3267 5150 3364 5203 ἐπὶ
3399 5147 3491 5202 σέ.

2227 5257 2380 5322 Θεὸς,
2407 5231 2591 5326 φησιν,
2613 5255 2643 5307 6
2671 5250 2931 5322 ἐνεργῶν,
2957 5248 3032 5320 μὴ
3070 5241 3374 5318 ἀμφίϐαλλε
3394 5254 3408 5269 ·
3443 5241 3473 5291 6
3511 5234 3606 5290 καλ⁹

469 5347 706 5411 scilicet,
741 5350 833 5419 qui
865 5351 1027 5405 etiam
1059 5346 1290 5403 senilem
1338 5353 1755 5411 emortuamque
1797 5354 2038 5398 naturam

2160 5351 2319 5422 φύσιν
2359 5349 2731 5420 γεγηρακυῖαν
2762 5345 2857 5398 καὶ⁵
2898 5339 3226 5395 ἀσθενοῦσαν
3251 5329 3607 5405 ἐπιῤῥωννὺς,
3637 5324 3734 5379 καὶ

470 5442 807 5505 corroborat,
838 5440 950 5495 imo
973 5441 1016 5497 si
1041 5439 1169 5496 velit
1201 5439 1444 5493 innovat.

638 5532 686 5564 "
716 5532 859 5588 Discit
888 5532 1100 5588 Maria:
1129 5528 1265 5585 Ecce
1300 5527 1496 5583 ancilia
1521 5529 1759 5598 Domini,
1783 5539 1888 5586 etc.

544 5625 758 5680 Ancilla
799 5627 1013 5681 Domini
1047 5639 1208 5689 sum;
1242 5612 1423 5678 tabula
1448 5622 1678 5692 pictoria
1705 5638 1860 5689 sum;
1889 5622 2050 5694 quid-

2158 5442 2318 5512 φύσιν
2338 5438 2701 5509 -καινοτομῶν,
2723 5436 2813 5489 ὅτε
2852 5431 3114 5504 βούλεται.

2248 5530 2397 5588 ΕῙ-πε
2428 5529 2662 5600 Μαριάμ
2682 5545 2695 5559 ·
2733 5526 2878 5583 Ἰδοὺ
2915 5526 2953 5593 ἡ
2976 5524 3165 5590 δούλη
3206 5517 3453 5587 Κυρίου,
3482 5532 3537 5568 κ.
3562 5529 3614 5564 τ.
3645 5527 3693 5561 Α.

2226 5625 2399 5695 Δούλη
2442 5597 2560 5693 εἰμὶ
2594 5597 2829 5691 Κυρίου*
2900 5615 3064 5681 πίναξ
3111 5615 3228 5685 εἰμὶ
3277 5607 3658 5683 γραφόμενος·
3703 5597 3733 5652 ὃ

546 5760 592 5791 ⁸³
618 5759 754 5813 Gen.
780 5774 912 5819 xvn.
939 5758 1028 5815 I7.
1101 5756 1151 5788 “
1183 5756 1317 5811 Gen.
1350 5770 1506 5815 xvnt,
1538 5751 1628 5806 10.
1702 5753 1750 5786 ⁸⁸
1812 5754 1943 5811 Luc.
1991 5772 2033 5823 t,
2069 5755 2155 5813 19.
2236 5757 2280 5789 “
2304 5732 2439 5813 ibid.
2467 5753 2559 5808 59..
2634 5751 2677 5787 ⁸⁷
2713 5749 2854 5807 Psal.
2902 5763 3129 5816 Luxu,
3161 5746 3233 5804 36
3269 5757 3387 5812 seq.
3469 5736 3515 5771 ”
3543 5733 3706 5792 Joan-

502 5843 658 5895 IVNI,
686 5828 774 5883 56.
852 5831 894 5862 *‘~‘
920 5828 1051 5884 Luc.
1092 5845 1133 5897 ι,
1163 5828 1252 5884 55.
1328 5827 1374 5859 ”
1428 5823 1558 5880 ibid.
1585 5825 1674 5879 58.
