4130 6396
487 380 556 434 35
1613 367 2109 423 COMMENTMHA
2157 365 2220 418 ΚΝ
2263 361 2520 419 LUCAM.

3608 353 3714 408 554'

456 499 703 572 βούλεται
742 500 770 552 6
808 497 1074 565 γραφεὺς,
1118 493 1408 565 γραιρέτω·
1451 491 1672 542 ποιείτω
1717 489 1744 540 ὃ
1785 486 1956 540 ἐθέλει
2007 485 2034 535 6

2157 483 2268 552 μιὶά
2295 482 2407 541 vult
2439 482 2612 550 pictor
2640 479 2690 531 ir.
2730 493 2793 531 ea
2825 476 3114 547 depingat:
3151 473 3295 544 quod
3322 472 3438 527 vult
3463 473 3706 526 omnium

453 591 547 646 τοῦ
578 589 777 651 παντὸς
804 588 1026 659 Κύριος.

793 677 920 743 Φῶς
956 680 1044 743 εἰς
1070 674 1459 741 ἀποκάλυψιν
1495 670 1700 725 ἐθνῶν.

528 773 668 842 Ὅρα
715 770 832 833 πῶς
860 770 959 839 ἤδη
1006 768 1154 836 λέγει
1200 767 1292 818 καὶ
1339 767 1438 836 τὴν
1478 764 1779 834 μέλλουσαν
1813 761 2032 814 ἔσεσθαι

456 862 561 916 τῶν
609 862 776 914 ἐθνῶν
819 859 1121 930 σωτηρίαν·
1177 859 1274 928 τὴν
1316 857 1423 929 γὰρ
1477 857 1665 908 τούτου
1711 855 2032 925 παρουσίαν,

457 957 607 1026 φησι,
643 955 710 1007 τὰ
740 953 866 1021 ἔθνη
896 953 1186 1025 προσδοκᾷ.

463 1046 700 1116 Πνεῦμα
745 1046 964 1113 Κυρίου
1002 1045 1106 1096 ἐπ’
1161 1043 1286 1111 ἐμὲ,
1337 1038 1407 1098 οὗ
1456 1041 1664 1094 ἕνεκεν
1693 1038 1898 1110 explos-
1938 1053 2035 1105 με.

540 1202 600 1254 '0
633 1203 728 1272 μὲν
759 1200 967 1272 Σωτὴρ,
992 1201 1096 1252 τῶν
1121 1196 1483 1270 μακαρισμῶν
1513 1195 1911 1267 ἀπαρχόμενος,
1929 1198 2038 1258 τοῖς

459 1296 694 1364 πτωχοῖς
721 1293 810 1345 τὸν
838 1292 1084 1363 οὐράνιον
1117 1290 1499 1362 εὐηγγελίζετο
1547 1288 1774 1341 πλοῦτον
1815 1289 1908 1340 καὶ
1941 1287 2038 1358 τὴν

457 1387 565 1441 τῶν
616 1384 857 1456 οὐρανῶν
915 1383 1222 1454 βασιλείαν·
1275 1383 1495 1445 Ἡσαΐας
1569 1381 1625 1433 δὲ
1671 1383 1699 1434 6
1757 1381 2041 1452 προφήτης

459 1480 663 1533 τούτων
693 1476 977 1548 προλαϐὼν
999 1475 1426 1547 ἐμνημόνευσεν,
1467 1473 1527 1538 ἐξ
1551 1473 1715 1526 αὑτοῦ
1749 1471 2040 1543 προσώπου

462 1570 555 1625 τοῦ
590 1570 843 1640 Σωτῆρος
869 1567 928 1620 τὸ
970 1567 1159 1638 μέλλον
1197 1560 1298 1618 ὧδε
1357 1562 1764 1636 προθεσπίζων·
1800 1564 2043 1632 Πνεῦμα

460 1661 681 1728 Κυρίου
715 1659 806 1710 ἐπ’
843 1656 965 1724 ἐμὲ,
997 1652 1069 1710 οὗ
1112 1657 1344 1708 εἵνεκεν
1365 1655 1574 1724 ἔχρισέ
1603 1672 1710 1723 με,·
1736 1655 2044 1724 εὐαγγελί-

460 1755 685 1806 σασθαι
723 1748 980 1816 πτωχοῖς
1025 1745 1371 1800 ἀπέσταλκέ
1415 1763 1518 1816 με.
1578 1747 1870 1818 Ἀντικρυς
1913 1744 2041 1813 γοῦν

2141 591 2319 628 rerum
2352 573 2614 626 Dominus
2649 571 2829 624 faciat.

2380 666 2422 696 δ’
2461 664 2676 730 ,Lumeu
2709 665 2776 716 ad
2813 662 3178 716 reuelationem
3211 659 3463 730 gentium.

2207 758 2384 812 Cerne
2413 755 2814 825 quomodojam
2844 754 2975 807 dicit
3015 752 3256 806 futuram
3285 750 3524 820 gentium
3564 746 3678 801 salu
3698 772 3714 784 -

2140 862 2268 904 tem.
2301 848 2541 916 Namque
2578 847 2739 917 hujus
2788 845 2988 916 (pueri)
3035 845 3327 898 adventum
3380 851 3569 912 gentes
3621 854 3715 893 cx—

2139 950 2405 1011 spectant.

2280 1035 2326 1065 ⁵⁹
2363 1033 2597 1102 Spiritus
2623 1031 2840 1085 Domini
2867 1047 3021 1111 super
3053 1045 3166 1095 me;
3203 1037 3411 1096 propter
3434 1024 3576 1096 quod

2790 1109 2940 1153 unxit
2968 1117 3069 1152 me.

2214 1197 2476 1251 Servator
2515 1192 2883 1250 beatitudines
2911 1190 3216 1246 edissererc
3257 1187 3540 1255 incipiens,
3583 1199 3715 1254 pau-

2141 1290 2358 1359 peribus
2393 1301 2656 1356 supernas
2689 1283 2904 1338 nuntiat
2953 1283 3176 1336 divitias
3219 1280 3590 1348 cmlorumque
3638 1295 3716 1330 re-

2144 1396 2330 1452 gnum.
2362 1379 2426 1433 Et
2453 1379 2670 1448 quidem
2705 1376 2874 1430 Isaias
2908 1377 3168 1444 propheta
3220 1373 3338 1427 haec
3371 1373 3423 1424 in
3472 1381 3717 1424 anteces-

2144 1489 2261 1526 sum
2297 1477 2849 1534 commemoraverat,
2881 1469 3008 1522 dum
3039 1468 3090 1520 in
3127 1465 3442 1520 Servatoris
3485 1479 3715 1533 persona

2147 1582 2266 1636 qua}
2297 1574 2559 1619 eventura
2592 1571 2748 1617 erant
2778 1561 2928 1614 hisce
2950 1558 3129 1612 verbis
3160 1556 3416 1624 praedixit
3443 1575 3454 1609 :
3490 1553 3720 1623 Spiritus

2151 1659 2364 1711 Domini
2399 1672 2555 1722 super
2579 1671 2691 1718 me;
2729 1662 3006 1721 propterea
3039 1651 3188 1702 unxit
3219 1665 3322 1708 me,
3349 1647 3419 1700 ad
3460 1646 3722 1715 evangeli-

2149 1751 2376 1802 aandum
2429 1745 2745 1817 pauperibus
2794 1744 2935 1796 misit
2986 1758 3067 1794 me
3104 1741 3172 1793 ⁵³.
3233 1739 3524 1808 PerSpicue
3554 1737 3723 1805 igitur

463 1846 703 1915 ἐσήμανε
735 1843 969 1911 πτωχοῖς
1008 1838 1406 1910 εὐαγγελισμὺν
1453 1839 1704 1907 ἀγαθῶν·
1737 1837 1818 1891 διὸ
1842 1837 1957 1908 ἅμα
1981 1855 2042 1890 τε

2157 1841 2551 1910 signiﬁcaverat
2583 1835 2912 1906 pauperibus
2951 1832 3230 1887 felicitatis
3274 1830 3590 1883 adventum.
3622 1827 3723 1879 At-

463 1937 731 2005 ἐπέφανεν
763 1933 1068 2005 ἀνθρώποις
1098 1935 1126 1985 6
1171 1930 1248 2002 τῷ
1295 1932 1435 2000 ἁγίῳ
1468 1930 1742 2000 Πνεύματι
1797 1929 1938 1983 κατὰ
1984 1931 2045 1983 τὸ

463 2029 802 2102 ἀνθρώπινον
831 2027 1185 2098 κεχρισμένος
1203 2043 1215 2055 ·
1246 2027 1338 2078 καὶ
1363 2025 1612 2079 ἐντεῦθεν
1637 2027 1748 2096 ἀπή
1758 2043 1915 2098 ρχετο
1947 2027 2045 2096 τῆς

461 2121 826 2184 διδασκαλίας,
863 2119 1135 2189 βασιλείαν
1162 2118 1413 2188 οὐράνιον
1437 2117 1504 2169 δι’
1525 2118 1686 2170 αὑτὸν
1736 2117 2046 2187 πτωχεύου-

467 2233 550 2268 σιν
575 2212 1078 2281 εὐαγγελιζόμενος.

469 2307 536 2358 Οἳ
564 2303 753 2375 ἦλθον
791 2303 1049 2356 ἀκοῦσαι
1096 2302 1306 2375 αὑτοῦ,
1343 2301 1441 2375 καὶ
1489 2299 1725 2367 ἰαθῆναι
1767 2297 1886 2350 ἀπὸ
1932 2296 2052 2351 τῶν

1029 2374 1232 2426 νόσων
1263 2369 1481 2423 αὐτῶν.

538 2469 684 2537 Ὅρα
722 2467 851 2534 γοῦν
882 2467 973 2517 ἐπὶ
1007 2465 1100 2517 τοῦ
1150 2464 1439 2535 παρόντος,
1470 2461 1674 2516 ἄνωθεν
1709 2461 2051 2532 ἀρξαμένους

466 2578 564 2623 τας
595 2559 690 2611 τοῦ
717 2559 866 2629 Σωτῆ
878 2576 966 2628 ρος
987 2557 1216 2610 διελθεῖν
1248 2554 1452 2625 φωνὰς,
1477 2556 1573 2607 καὶ
1595 2557 1723 2623 παρ’
1747 2554 1911 2606 αὐτοῦ
1953 2553 2050 2614 τὰς

466 2651 814 2712 διδασκαλίας
845 2651 1035 2720 ὥσπερ
1063 2649 1214 2713 τινὰς
1245 2648 1463 2718 νόμους,
1493 2647 1559 2699 δι’
1583 2641 1658 2698 ὦν
1690 2647 1756 2700 ἄν
1782 2663 1866 2709 τις
1899 2645 2051 2714 τύχοι

466 2743 566 2812 τῆς
594 2741 846 2812 οὐρανίου
879 2741 1171 2803 Βασιλείας,
1199 2739 1636 2810 παραδέξασθαι·
1672 2739 1765 2791 καὶ
1789 2737 1863 2808 μὴ
1893 2737 2051 2807 μέχρι

467 2834 564 2888 τοῦ
594 2833 784 2904 μαθεῖν
837 2835 1048 2904 στῆναι,
1077 2833 1211 2886 ἀλλὰ
1237 2833 1334 2885 καὶ
1365 2832 1432 2884 δι’
1468 2832 1645 2903 ἔργων
1683 2832 1948 2902 χωρῆσαι,
1977 2830 2052 2890 ὡς

471 2928 537 2980 ἂν
574 2927 645 2997 μὴ
680 2927 960 2979 ἐκπέσοιεν
982 2925 1090 2978 τῶν
1108 2923 1540 2994 ἐπαγγελμόιτων
1562 2939 1576 2952 ⁸
1601 2923 1682 2976 ὃτι
1711 2924 1812 2974 cur.
1833 2922 1889 2974 ἐν
1911 2919 2056 2988 λόγῳ

468 3023 502 3088 ἡ
540 3019 784 3088 βασιλεία
808 3018 901 3072 τοῦ
933 3018 1090 3082 Θεοῦ,
1125 3018 1239 3072 ἀλλ’
1258 3018 1316 3070 ὲν
1344 3016 1592 3086 δυνάμει.

469 3110 758 3180 Μακάριοι
787 3115 841 3165 οἱ
869 3111 1234 3188 πτωχοίηότι
1275 3111 1538 3188 ῥέει-ἐρα
1577 3107 1751 3161 ἐστὶν
1797 3107 1835 3173 ἡ
1871 3106 2052 3170 ,ϐασιο
2096 3141 2104 3188 ξ

1029 3183 1166 3235 λεία
1196 3179 1304 3234 τοῦ
1336 3179 1506 3233 Θεοῦ.

549 3276 696 3346 Πλὴν
727 3275 827 3344 τῆς
851 3274 959 3328 τῶν
987 3274 1232 3344 οὐρανῶν
1264 3270 1540 3342 βασιλείας
1580 3271 1638 3322 ἐν
1669 3269 1882 3330 πολλοῖς
1918 3269 2056 3335 ἀγα-

475 3369 584 3421 θῶν
613 3367 893 3438 τάγμασιν
926 3363 1336 3434 ἐπινοουμένης,
1363 3360 1505 3415 κατὰ
1522 3361 1603 3424 τὸ,
1629 3357 1859 3412 Πολλαὶ
1879 3357 2059 3426 μοναὶ

469 3461 635 3529 παρὰ
652 3447 730 3526 τῷ
755 3459 959 3527 "arpi.
985 3459 1046 3511 τὸ
1067 3456 1302 3528 πρῶτον,
1331 3455 1406 3518 ὼς
1434 3453 1499 3506 ἂν
1529 3453 1671 3504 εἴποι
1693 3468 1795 3514 τις,
1821 3449 2054 3520 ἀξίωμα,

472 3555 568 3608 καὶ
585 3553 612 3604 6
637 3552 852 3624 πρῶτος
875 3552 1135 3605 ἀνιόντων
1164 3549 1262 3620 βαθ
1272 3548 1370 3618 μὺς
1385 3549 1412 3599 6
1432 3547 1541 3600 τῶν
1557 3544 1644 3598 διὰ
1661 3544 1793 3597 Θεὸν
1813 3559 2058 3612 πτωχευ-

470 3644 640 3699 όντων
670 3645 947 3715 τυγχάνει.
992 3638 1115 3696 Εἶεν
1155 3643 1198 3695 δ’
1231 3641 1297 3695 ἂν
1328 3635 1474 3694 οὗτοι
1505 3641 1554 3692 oi.
1589 3638 1804 3690 πάντων
1835 3635 1944 3688 τῶν
1966 3633 2059 3688 τοῦ

474 3738 740 3808 παρόντος
769 3737 883 3806 βίου
912 3736 1108 3806 τιμίων
1140 3733 1703 3803 κατολιγωρήσαντες,
1737 3730 1784 3780 οἱ
1817 3725 2061 3797 πτωχεύ-

476 3846 626 3892 οντες
663 3831 728 3899 τῇ
776 3829 1231 3899 μετριοφροσιξνῃ,
1264 3825 1432 3878 οἱκαὶ
1461 3826 1540 3886 εἱς
1562 3822 1730 3892 ἄκρον
1770 3820 2060 3880 ἐλάσαντες

478 3920 863 3991 ἀκτημοσύνης
895 3919 982 3972 διὰ
1010 3918 1109 3989 τὴν
1128 3916 1273 3971 κατὰ
1294 3916 1426 3969 Θεὸν
1449 3913 1791 3983 φιλοσοφίαν,
1822 3909 1916 3963 τοῦ
1959 3926 2064 3962 σω-

475 4013 664 4082 τηρίου
707 4011 1059 4082 μακαρισμοῦ
1100 4009 1401 4074 τεύξονται.
1439 4006 1728 4067 Τοιούτους
1772 4004 1828 4056 δὲ
1867 4003 2062 4063 αὐτοὺς

475 4105 602 4164 τοὺς
631 4103 879 4172 πρώτους
901 4103 1050 4172 αὐτῷ
1087 4101 1495 4173 μαθητεύοντας
1544 4097 1943 4168 ἀπειργάσατο·
1983 4094 2064 4146 διὸ

479 4195 575 4248 καὶ
603 4195 683 4257 εἰς
703 4194 880 4246 αὐτῶν
915 4180 1204 4264 πρόσωπον
1226 4192 1368 4245 κατὰ
1386 4191 1612 4260 θάτερον
1630 4187 1741 4259 (45)
1759 4187 1866 4239 τῶν
1900 4185 2066 4253 εὐαγ-

479 4284 745 4352 γελιστῶν
791 4284 1094 4354 ήρμόττετο
1119 4283 1294 4351 λέγων
1321 4299 1335 4313 ·
1393 4278 1687 4347 Μακάριοι
1726 4281 1778 4330 cl
1821 4275 2062 4344 πτωχοὶ,

479 4379 568 4431 ὅτι
607 4376 860 4447 ὑμετέρα
893 4376 1063 4430 ἐστὶν
1092 4377 1130 4442 ’ἠ
1156 4376 1449 4440 βασιλεία
1476 4372 1581 4426 τοῦ
1618 4371 1764 4425 Θεοῦ
1785 4386 1797 4398 ·
1852 4368 1913 4420 τὸ
1957 4368 2065 4438 γὰρ

483 4468 732 4538 ὑμετέρα
759 4467 1046 4529 δεικτικῶς
1076 4467 1210 4537 πρὸς
1239 4465 1515 4537 παρόντας
1541 4462 1776 4530 ἐλέγετο.
1832 4461 1926 4521 Είς
1967 4459 2065 4510 αύ-

479 4564 603 4626 τοὺς
634 4562 691 4614 δὲ
719 4562 814 4614 καὶ
847 4563 974 4623 τοὺς
1016 4559 1328 4629 ὀφθαλμοὺς
1353 4558 1550 4626 ἐπῆρε,
1585 4556 1681 4607 καὶ
1716 4553 1820 4626 πρὸ
1853 4551 1944 4604 τοῦ
1975 4551 2063 4604 λόα

481 4673 579 4723 γου
625 4652 703 4724 τῷ
751 4652 921 4723 ἱλαρῷ
956 4652 1227 4721 βλέμματι
1261 4651 1395 4722 πρὸς
1427 4649 1527 4720 τὴν
1571 4647 1834 4718 ἀκρόασιν
1869 4645 2066 4705 αὐτοὺς

480 4746 862 4817 ἐφελκόμενος·
894 4747 942 4796 οἱ
988 4744 1044 4796 δέ
1075 4743 1372 4816 προθύμως
1401 4746 1543 4811 σφᾶς
1568 4742 1764 4801 αὐτοὺς
1795 4738 2067 4807 ὑπηκόους

481 4841 596 4903 τοῖς
636 4837 950 4908 λεγομένοις
1001 4838 1282 4906 παρεῖχον.
1326 4833 1550 4903 Πρῶτος
1590 4833 1688 4902 μὲν
1731 4827 1825 4884 οὖν
1862 4825 2068 4897 βαθμὸς

481 4931 590 4984 τῶν
642 4930 926 5002 σωτηρίων
975 4925 1340 5000 μακαρισμῶν
1392 4917 1549 4986 οὗτος
1591 4919 1680 4993 ἦν,
1727 4924 1755 4975 6
1802 4920 2069 4990 συμϐασι-

481 5021 658 5075 λεύειν
686 5020 833 5092 αύτῷ
856 5017 1127 5090 παριστὰς
1173 5019 1300 5081 τοὺς
1336 5015 1436 5088 τὴν
1472 5017 1543 5068 δι’
1574 5015 1736 5068 αὑτὸν
1775 5011 2074 5080 πτωχείαν,

484 5115 581 5167 καὶ
610 5115 701 5168 τὸν
732 5114 918 5184 ἄκρως
948 5112 1234 5182 ἀκτήμονα
1269 5109 1557 5178 φιλόσοφόν
1599 5124 1658 5159 τε
1707 5106 1801 5159 καὶ
1848 5102 2068 5172 θεοφιλῆ

487 5209 600 5279 βίον
630 5206 1108 5277 ἀναδεδεγμένους,
1139 5206 1308 5276 ἤγουν
1333 5205 1460 5265 τοὺς
1497 5200 1940 5270 ταπεινόφρονας.

474 5371 480 5381 ’
551 5385 804 5457 Δεύτεροι
837 5380 929 5438 οὖν
957 5385 1052 5437 καὶ
1084 5385 1256 5455 τρίτοι
1294 5380 1488 5451 ἐφεξῆς
1517 5377 1906 5445 καταλέγονται
1937 5377 2066 5443 παρ’

557 5501 600 5531 ⁵⁸
630 5515 753 5567 cap.
776 5514 836 5564 Il,
871 5498 960 5552 52.
1037 5498 1082 5529 ⁸⁸
1101 5514 1220 5566 cap.
1252 5512 1326 5557 Iv,
1363 5495 1450 5550 18.
1526 5493 1573 5527 ⁵³
1604 5491 1706 5544 lsa.
1739 5505 1848 5552 th,
1892 5490 1938 5540 Ι.

556 5591 668 5664 (45)
692 5591 851 5664 Alter
880 5590 970 5664 hic
1019 5590 1380 5664 evangelista,
1407 5586 1584 5640 Lucas
1626 5584 1740 5663 ipse
1770 5590 1875 5642 est,
1908 5578 2050 5664 apud

485 5649 867 5730 quem'dicitur
897 5649 1416 5730 ὑμετέρα,”ινεειι-ιιιιι
1457 5649 1690 5730 regnum:
1725 5649 2049 5730 in__secunda

485 5721 756 5801 persona:
820 5721 948 5786 cum
1001 5721 1153 5798 apud
1199 5721 1530 5801 Μιιιιὶιειιιιιιιξ
1558 5742 1611 5790 v,
1657 5725 1714 5801 5,
1756 5723 1966 5801 dicatur
1998 5721 2049 5771 in

490 5791 646 5859 'tertia
695 5801 893 5867 αὐτῶν,
930 5791 1161 5872 ipsorum
1204 5814 1437 5869 regnum.
1490 5795 1854 5864 Quamobrem
1886 5791 2064 5864 Euse-

1037 5498 1082 5529 ⁸⁸
1101 5514 1220 5566 cap.
1252 5512 1326 5557 Iv,
1363 5495 1450 5550 18.

2008 5486 2054 5516 ⁸³
2085 5498 2204 5553 cap.
2227 5483 2402 5546 vt,18.

2157 5576 2280 5629 bius
2314 5575 2527 5628 videtur
2558 5573 2644 5628 hic
2680 5571 3038 5626 commentari
3080 5568 3262 5638 potius
3303 5565 3367 5619 ad
3403 5563 3753 5638 Matthmum;

2158 5659 2467 5714 quanquam
2503 5643 2723 5697 Nicetas
2771 5651 2974 5696 catena:
3017 5631 3309 5714 in'Lucam
3359 5646 3546 5691 auctor
3587 5631 3758 5686 Euse-

2163 5708 2306 5772 bium
2324 5708 2398 5771 'ad
2442 5725 2825 5786 argumentum
2857 5726 3014 5767 suum
3049 5708 3346 5763 transtulit.

2146 1948 2250 2003 que
2277 1932 2483 1986 idcirco
2520 1931 2662 1982 inter
2688 1928 2934 1981 homines
2969 1924 3132 1980 simul
3172 1925 3216 1977 is
3263 1919 3535 1990 apparuit,
3570 1918 3726 1985 cujus

2147 2043 2176 2079 a
2218 2034 2406 2080 sancto
2477 2021 2682 2090 Spiritu
2731 2029 2896 2074 uncta
2949 2018 3120 2072 fuerat
3173 2013 3505 2069 humanitas.
3552 2013 3727 2073 Atque

2152 2117 2280 2171 hinc
2305 2116 2434 2171 fecit
2461 2112 2758 2181 magisterii
2812 2110 3048 2172 initium,
3092 2107 3354 2161 malorum
3402 2102 3612 2158 scilicet
3643 2115 3728 2154 re-

2149 2222 2312 2274 gnum
2347 2220 2443 2275 per
2470 2219 2528 2257 se
2566 2204 2679 2271 ipse
2705 2198 3040 2271 pauperibus
3072 2196 3352 2249 nuntians.

2151 2295 2199 2326 “
2242 2293 2344 2359 Qui
2391 2300 2642 2347 venerant
2699 2299 2754 2341 ut
2809 2289 3052 2342 audirent
3088 2302 3228 2359 eum,
3263 2295 3310 2337 et
3350 2291 3668 2337 sanarentur
3696 2301 3729 2336 a

2691 2359 3028 2427 languoribus
3056 2358 3184 2408 mis.

2225 2455 2421 2524 Specta
2451 2469 2596 2509 nunc
2621 2451 2810 2520 igitur,
2839 2447 3095 2518 primitus
3123 2445 3449 2515 incipientes
3476 2444 3732 2499 Servato-

2153 2551 2229 2603 ris
2263 2549 2428 2602 verba
2455 2544 2762 2600 auscultare
2782 2583 2797 2603 ,
2829 2550 2994 2609 atque
3022 2539 3090 2592 ab
3117 2552 3184 2593 eo
3219 2538 3518 2603 doctrinas,
3550 2537 3730 2607 legum

2153 2638 2350 2699 instar,
2384 2635 2584 2704 quibus
2613 2631 2836 2686 cosleste
2864 2644 3090 2699 regnum
3149 2639 3514 2697 assequantur
3554 2629 3730 2681 homi-

2155 2743 2273 2792 nes,
2308 2726 2583 2794 excipere.
2611 2723 2794 2792 Neque
2818 2735 2912 2776 eos
2960 2719 3224 2774 discendo
3272 2735 3392 2774 esse
3421 2727 3728 2786 contentos,

2155 2817 2248 2870 sed
2282 2815 2350 2869 ad
2380 2830 2544 2884 opera
2575 2816 2742 2870 etiam
2777 2810 3099 2882 procedere,
3145 2826 3213 2864 ne
3262 2811 3545 2878 promissis
3594 2826 3736 2880 prm-

2157 2909 2279 2963 miis
2313 2909 2570 2963 excidant
2615 2928 2628 2963 :
2687 2909 2814 2976 quia
2849 2922 2955 2962 non
2998 2904 3051 2958 in
3099 2919 3351 2961 sermone
3383 2919 3609 2974 regnum
3640 2904 3733 2957 Dei

2154 3011 2259 3065 est,
2301 3002 2394 3056 sed
2434 3003 2485 3056 iu
2520 3002 2744 3055 virtute.

2157 3096 2202 3126 ³⁵
2231 3093 2380 3149 Beati
2402 3111 2680 3164 pauperes,
2712 3095 2962 3164 quoniam
2997 3102 3223 3148 vestrum
3250 3101 3327 3148 est
3359 3106 3574 3161 regnum
3619 3089 3732 3143 Dei.

2229 3247 2404 3314 Quum
2431 3245 2693 3302 malorum
2723 3261 2948 3314 regnum
2982 3245 3032 3298 in
3064 3246 3248 3301 multis
3282 3246 3553 3300 bonorum
3586 3245 3738 3298 ordi-

2167 3339 2329 3394 nibus
2359 3339 2695 3393 considerari
2734 3339 2924 3406 possit,
2968 3338 3124 3404 juxta
3167 3339 3318 3401 illud,
3345 3340 3549 3392 omultaé
3583 3353 3737 3391 man-

2158 3431 2326 3484 siones
2355 3439 2476 3482 sunt
2503 3429 2643 3497 apud
2676 3426 2894 3481 Patrem
2916 3428 2984 3492 ",
3006 3429 3202 3499 prima,
3238 3438 3296 3494 ut
3323 3429 3398 3483 ita
3427 3429 3625 3491 dicam,
3658 3429 3739 3480 di-

2160 3521 2360 3590 gnitas,
2393 3526 2449 3574 et
2474 3519 2682 3589 primus
2713 3520 3122 3575 ascendentium
3159 3521 3380 3587 gradus,
3413 3520 3501 3574 ille
3527 3531 3611 3573 est
3641 3522 3739 3575 ho-

2163 3611 2368 3664 minum
2422 3621 2800 3679 paupertatem
2863 3619 3088 3678 propter
3140 3612 3315 3665 Deum
3385 3611 3737 3664 sectantium.

2164 3702 2304 3758 S‘unt
2332 3713 2515 3758 autem
2542 3704 2597 3760 bi
2635 3703 2724 3771 qui
2769 3704 2952 3756 omnia
2984 3701 3107 3756 vita:
3136 3701 3293 3769 hujus
3316 3703 3599 3756 commoda
3646 3715 3741 3755 ne-

2161 3797 2390 3867 gligunt,
2421 3797 2515 3866 qui
2553 3796 2818 3850 modestia
2860 3809 2960 3849 sua
2997 3808 3265 3862 pauperes
3295 3801 3447 3856 sunt,
3483 3792 3575 3861 qui
3599 3807 3742 3845 sum-

2166 3901 2306 3940 mam
2341 3901 2520 3940 rerum
2555 3885 2796 3938 omnium
2829 3893 3130 3952 egestatem
3169 3882 3509 3951 philosophia
3535 3896 3741 3935 suase-

2164 3979 2399 4030 cundum
2451 3977 2623 4030 Deum
2665 3974 3006 4044 proﬁtentes,
3058 3973 3452 4027 beatitudinem
3477 3988 3506 4026 a
3537 3971 3743 4025 Serva-

2169 4082 2285 4125 tore
2331 4071 2667 4141 propositam
2717 4077 3144 4137 consequentur.
3178 4067 3340 4122 Tales
3374 4067 3578 4136 primos
3611 4082 3742 4122 suos

2166 4166 2342 4219 voluit
2365 4181 2489 4221 esse
2523 4162 2846 4234 discipulos.
2880 4161 3064 4228 Quare
3105 4170 3161 4214 et
3198 4173 3386 4214 eorum
3431 4174 3742 4229 personam,

2166 4257 2465 4310 secundum
2497 4255 2729 4309 alterum
2764 4252 3184 4323 evangelistam,
3207 4266 3393 4306 eorum
3414 4250 3589 4304 veluti
3615 4249 3746 4303 allo.

2167 4359 2326 4402 cutus
2357 4355 2462 4412 est,
2492 4347 2677 4400 dicens
2713 4363 2727 4398 :
2754 4344 2906 4398 Beati
2933 4359 3210 4413 pauperes,
3246 4345 3371 4413 quia
3411 4352 3640 4397 vestrum
3669 4353 3745 4395 ut

2171 4458 2384 4512 regnum
2430 4441 2550 4496 Dei.
2606 4441 2744 4496 Nam
2779 4439 3101 4493 vocabuium
3147 4448 3372 4491 vestrum
3401 4436 3745 4490 demonstra-

2097 4529 2142 4584 Β
2171 4538 2277 4590 tive
2331 4535 2399 4589 ad
2443 4542 2740 4605 praesentes
2793 4531 3065 4600 dirigitur.
3119 4530 3202 4585 Ad
3251 4527 3372 4582 illos
3415 4534 3593 4581 autem
3623 4536 3750 4578 ante

2168 4627 2358 4693 verba,
2381 4627 2570 4683 oculos
2608 4640 2827 4696 quoque
2852 4637 2981 4678 sues
3027 4621 3340 4684 intendens,
3373 4618 3534 4674 hilari
3567 4633 3752 4687 reape-

2168 4732 2258 4775 ctu
2289 4722 2436 4791 ipsos
2463 4721 2528 4775 ad
2555 4719 2889 4774 audiendum
2915 4730 3265 4784 permorens,
3299 4715 3390 4783 qui
3435 4713 3669 4766 libenter
3693 4725 3753 4766 se

2173 4815 2454 4868 auditores
2483 4811 2859 4882 praebuerunt.
2892 4807 3110 4862 Primus
3143 4807 3325 4876 itaque
3357 4805 3749 4862 beatitudinum

2173 4920 2203 4958 a
2245 4904 2542 4959 Servatore
2570 4901 2974 4972 propositarum
3005 4898 3206 4967 gradus
3233 4898 3320 4952 hic
3346 4906 3484 4960 erat,
3515 4896 3606 4964 qui
3632 4910 3754 4948 emt-

2175 5004 2498 5064 regnatores
2534 4994 2582 5047 ei
2621 4992 2858 5046 faciebat
2903 4990 3027 5042 illos
3057 4989 3146 5058 qui
3181 4998 3403 5057 prepter
3431 4989 3602 5055 ipsum
3628 4993 3781 5051 ege-t

2175 5104 2298 5142 nam
2331 5100 2556 5157 prorsus
2606 5097 2665 5138 et
2717 5084 3151 5154 phiIOSOphicatn
3185 5083 3599 5152 religiosamque
3632 5079 3754 5131 vitae

2175 5183 2441 5236 rationem
2487 5178 2725 5248 amplexi
2777 5176 3032 5244 fuissent,
3074 5178 3128 5231 id
3181 5186 3266 5231 est
3313 5174 3501 5230 humili
3573 5182 3755 5226 mente

2173 5274 2454 5342 praeditos.
2853 5290 2855 5293 '

2245 5363 2494 5417 Secunda
2530 5377 2654 5416 mox
2685 5371 2740 5418 et
2762 5364 2920 5417 tertia
2966 5369 3282 5418 reccnsetur
3311 5374 3342 5414 a
3375 5357 3592 5414 Christo
3622 5356 3754 5409 bea-

2479 5480 2526 5512 ³³
2551 5495 2672 5550 cap.
2701 5495 2777 5543 Vl,
2812 5479 2902 5533 20.
2979 5479 3026 5511 "
3051 5477 3206 5532 Joan.
3251 5489 3362 5538 xrv,
3403 5473 3453 5529 2.
