4130 6430
377 409 475 437 ε--ε

371 430 477 466 Cui)

1047 406 1310 462 EUSEBII
1352 404 1824 460 CxESAl‘ilENSlS
1864 405 1948 462 Ol’

2057 406 2235 463 PARS
2274 407 2361 465 lii.
2403 439 2473 449 —-
2511 408 2921 464 EXEGETICA.

3513 407 3613 461 536

376 525 567 587 titudo,
612 531 666 577 et
705 530 914 591 quarta,
965 508 1187 589 tilia'que
1240 518 1515 589 deinceps.
1578 517 1763 574 Licere
1801 518 1944 574 enim

2057 518 2195 589 κύτῷ
2226 520 2580 590 μακαρισμοὶ,
2600 521 2693 573 καὶ
2713 518 2962 589 τέταρτοι
2988 516 3081 570 καὶ
3107 516 3303 587 ἐφεξῆς
3332 514 3464 587 (Mi).
3497 517 3615 585 Ἐξ-

373 618 603 670 ducebat
623 614 916 670 secundum
949 613 1166 681 aliquod
1203 629 1267 667 ex
1305 614 1572 679 praedictis
1622 614 1745 667 vita:
1784 629 1946 678 gene-

374 710 523 761 ribus
554 708 818 776 promissa
867 704 1005 758 bona
1055 706 1344 771 consequi;
1399 706 1468 757 ita
1528 715 1586 759 ut
1632 716 1855 770 possent
1889 706 1943 758 in

374 798 466 852 Dei
501 812 685 866 regno,
714 797 755 851 si
786 797 962 849 minus
988 809 1110 847 cum
1156 794 1373 849 Christo
1407 811 1633 866 regnare
1681 811 1836 864 asque
1881 812 1947 847 ac

374 904 633 958 pauperes
661 888 876 955 spiritu,
913 895 968 940 at
1003 898 1149 940 certe
1181 888 1442 949 recreari,
1487 904 1551 942 eo
1580 889 1723 957 quod
1753 889 1944 941 morti-

374 981 485 1032 fera
511 993 605 1032 sua
639 988 855 1047 peccata
886 977 1223 1041 deni-verint,
1260 993 1324 1033 ac
1361 980 1687 1048 paenitentia:
1724 990 1778 1033 et
1814 996 1945 1035 con-

373 1068 592 1124 fessioni
643 1081 914 1138 casusque
942 1072 1068 1124 vita:
1113 1083 1286 1125 semet
1338 1072 1659 1127 addixerint.
1699 1072 1792 1128 Vel
1825 1088 1947 1143 pro-

374 1161 535 1215 missa
565 1172 706 1216 terra
736 1163 919 1230 potiri,
964 1176 1018 1218 et
1057 1165 1391 1218 habitatores
1420 1164 1674 1233 civesque
1702 1180 1948 1233 superum

373 1252 467 1307 Dei
496 1253 729 1306 civitatis
771 1254 905 1320 fieri,
941 1255 1065 1323 quia
1099 1254 1253 1309 mites
1295 1269 1353 1308 se
1400 1255 1773 1325 patientesque
1808 1271 1947 1325 pra:-

373 1337 606 1391 buerint.
645 1337 735 1394 Vel
760 1341 882 1408 quia
911 1341 1236 1395 esuriveriut
1267 1342 1319 1395 in
1367 1345 1617 1412 praesenti
1657 1346 1764 1398 vita
1788 1343 1948 1411 justi-

377 1428 501 1482 tiam
533 1439 695 1499 atque
720 1430 1011 1497 sitiverint,
1045 1447 1215 1502 eaque
1242 1435 1429 1487 satiari
1463 1435 1514 1488 iu
1538 1433 1719 1488 futuro
1751 1435 1950 1490 sarculo

373 1521 718 1588 optaverint;
772 1523 845 1576 ita
880 1522 1197 1579 defsecalam
1240 1538 1305 1578 ac
1337 1526 1747 1581 substantialem
1777 1528 1947 1581 virtu-

372 1620 482 1664 tem
511 1613 814 1676 obtineant,
843 1624 895 1668 et
920 1614 1318 1685 hypostaticam
1355 1618 1529 1685 ipsam
1557 1619 1650 1672 Dei
1681 1619 1947 1688 justitiam

376 1706 678 1774 aspiciant,
725 1707 1003 1777 ipsamque
1049 1710 1141 1763 Dei
1186 1711 1540 1779 sapientiam,
1579 1723 1834 1766 :nternam
1871 1713 1951 1764 vi-

376 1806 509 1863 tam,
552 1807 606 1853 et
632 1800 933 1853 animarum
994 1801 1195 1856 lumen.
1246 1802 1376 1869 Qua:
1432 1804 1615 1857 omnia
1654 1807 1948 1859 secundum

374 1891 734 1946 inhaerentem
770 1890 1025 1945 virtutem
1059 1892 1112 1945 in
1152 1893 1427 1963 unigenito
1482 1894 1571 1948 Dei
1623 1893 1804 1951 Verbo
1833 1912 1953 1951 esse

375 1980 767 2047 intelliguntur.
829 1979 980 2047 Quod
1045 1981 1089 2034 si
1142 1980 1339 2052 alioqui
1427 1983 1667 2037 nonnulli
1734 1984 1950 2052 benigni

374 2072 1111 2142 fuerinteteleemosynarii,
1142 2076 1679 2145 misericordiamque
1717 2094 1781 2133 ac
1821 2079 1955 2133 libe-

374 2163 648 2218 ralitatem
700 2181 826 2235 erga
877 2166 1151 2234 proximos
1206 2165 1722 2233 demonstraverint,
1783 2174 1951 2224 bene-

373 2257 618 2312 ficiorum
653 2273 871 2311 suorum
922 2258 1095 2311 vicem
1144 2257 1517 2326 experientur,
1575 2260 1951 2314 misericordia

373 2348 768 2418 clementiaque
796 2349 885 2403 Dei
922 2347 1171 2403 fruendo.
1220 2348 1373 2403 Alius
1415 2359 1500 2404 est
1546 2353 1826 2405 beatorum
1868 2366 1954 2405 se-

374 2437 609 2491 cundum
632 2437 1045 2506 promissionem
1074 2435 1231 2499 ordo,
1256 2437 1344 2505 qui
1373 2437 1559 2501 corde,
1595 2438 1645 2491 id
1669 2447 1752 2491 est
1774 2447 1953 2490 mente

372 2528 493 2598 puri
555 2538 720 2593 sunt;
777 2528 1014 2596 itemque
1066 2528 1206 2583 alius
1266 2528 1641 2597 paciﬁcormn.
1709 2528 1949 2594 Quorum

375 2620 589 2688 priores
620 2619 835 2688 quidem
868 2620 1124 2688 puritatis
1152 2633 1263 2673 suae
1287 2620 1593 2673 mercedem
1628 2618 1951 2687 percipient,

374 2711 470 2764 Dei
508 2710 794 2771 visionem,
835 2708 959 2777 quia
986 2709 1229 2776 purgatis
1256 2723 1379 2761 eum
1408 2708 1604 2762 animae
1632 2707 1806 2761 oculis
1828 2718 1954 2761 sunt

372 2802 575 2869 visuri;
603 2800 759 2855 alteri
789 2814 915 2854 vero
940 2800 1145 2854 liliiDei
1178 2800 1327 2867 fient,
1356 2810 1644 2869 propterea
1676 2802 1818 2869 quod
1857 2815 1955 2869 par

375 2910 512 2964 opus
546 2893 799 2953 fecerint,
832 2902 994 2962 atque
1026 2890 1122 2945 Dei
1157 2891 1347 2957 Filius,
1384 2894 1480 2961 qui
1529 2893 1711 2947 omnia
1771 2909 1868 2962 per
1895 2908 1953 2946 se

374 2985 549 3054 ipsum
586 2984 893 3054 pacificavit
926 2982 1039 3038 sive
1074 2998 1192 3052 quae
1232 2982 1285 3037 in
1314 2982 1465 3037 caelis
1504 2993 1650 3045 sunt,
1692 2984 1808 3036 sive
1836 2997 1955 3051 qua:

377 3077 430 3129 in
473 3084 641 3129 terra.
678 3072 1061 3128 Verumtamen
1114 3073 1168 3128 hi
1211 3089 1398 3129 omnes
1437 3088 1535 3143 pro
1578 3089 1796 3128 suorum
1827 3089 1957 3144 ope-

2046 611 2183 661 εῖναι
2210 607 2318 679 γὰρ
2339 608 2582 661 ἐδίδασκε
2608 606 2729 661 καθ’
2753 608 2849 660 Eva.
2870 606 2990 659 τινὰ
3021 605 3220 672 τρόπον
3250 605 3356 658 τῶν
3378 623 3618 660 κατωνο-

2050 699 2341 771 μασμένων
2372 699 2503 769 βίων
2531 698 2930 767 καταξιωθῆναι
2954 697 3060 751 τῶν
3079 697 3500 769 ἐπηγγελμένων
3530 715 3621 768 φι-

2046 792 2381 864 λοτιμεῖσθαι
2398 811 2409 825 ·
2436 792 2567 845 ὥστ’
2583 789 2718 846 εἶναι
2750 791 2991 856 δυνατὸν,
3016 793 3075 844 ἐν
3100 793 3164 860 τῇ
3188 790 3280 843 τοῦ
3307 790 3441 844 Θεοῦ
3467 791 3621 861 βασι-

2046 884 2165 955 λείᾳ
2216 883 2555 955 γενομένους,
2598 886 2648 936 εἰ
2684 884 2779 937 καὶ
2825 882 2898 954 μὴ
2936 880 3358 952 συμϐασιλεῦσαι
3401 880 3620 952 Χριστῷ

2048 976 2189 1031 κατὰ
2237 976 2362 1040 τοὺς
2401 977 2649 1046 πτωχοὺς
2680 975 2757 1047 τῷ
2787 974 3077 1045 πνεύματι,
3121 973 3253 1035 ἀλλὰ
3280 972 3410 1042 γοῦν
3446 990 3622 1045 παρα-

2048 1065 2311 1137 κληθῆναι
2353 1066 2438 1134 ἐφ’
2485 1060 2567 1128 οἷς
2619 1064 2686 1117 τὰ
2739 1064 2871 1135 πρὸς
2926 1064 3151 1117 θάνατον
3207 1063 3622 1134 ἁμαρτήσαντες

2049 1156 2375 1227 ἐπένθησαν,
2408 1156 2665 1228 μετανοίᾳ
2715 1156 2807 1209 καὶ
2835 1154 3215 1226 ἐξομολογήσει
3246 1153 3357 1224 (47)
3396 1153 3493 1206 καὶ
3522 1152 3623 1225 βίῳ

2052 1252 2286 1324 σώφρονι
2316 1252 2538 1314 ἑαυτοὺς
2553 1249 2936 1312 ὲπιδεδωκότες
2958 1266 2972 1279 ·
3014 1247 3048 1319 ἢ
3077 1247 3175 1318 τῆς
3206 1245 3623 1317 ἐπηγγελμένης

2050 1345 2154 1414 γῆς
2196 1347 2401 1414 τυχεῖν,
2441 1340 2729 1413 οἰκήτοράς
2760 1357 2819 1393 τε
2873 1340 2966 1394 καὶ
3006 1339 3228 1402 πολίτας
3259 1339 3359 1409 τῆς
3384 1339 3495 1393 ἄνω
3528 1337 3623 1391 τοῦ

2050 1436 2185 1490 Θεοῦ
2216 1436 2421 1499 πόλεως
2448 1433 2721 1503 γενέσθαι,
2753 1432 2961 1504 πράους
2993 1432 3085 1485 καὶ
3107 1430 3460 1497 ἀνεξικάκους
3486 1432 3625 1484 ἀπο-

2050 1527 2385 1598 δειχθέντας·
2435 1526 2469 1597 ἥ
2505 1526 2863 1595 πεινήσαντας
2910 1524 2968 1576 ἐν
3004 1521 3083 1592 τῷ
3114 1522 3341 1593 παρόντι
3379 1521 3496 1592 βίῳ,
3532 1522 3627 1574 καὶ

2050 1621 2381 1690 διψήσαντας
2417 1620 2518 1691 τῆς
2544 1616 2887 1686 δικαιοσύνης
2910 1617 3090 1685 τυχεῖν
3122 1613 3317 1684 αὐτῆς,
3345 1615 3439 1667 καὶ
3469 1629 3630 1684 κορε-

2053 1715 2243 1785 σθῆναι
2292 1714 2432 1767 κατὰ
2471 1712 2563 1765 τὸν
2612 1710 3015 1781 ἐπηγγελμένον
3056 1707 3247 1770 αἰῶνα,
3288 1704 3425 1759 ἐπὰν
3457 1705 3627 1774 αὐτῆς

2052 1808 2299 1879 καθαρᾶς
2343 1807 2442 1877 τῆς
2485 1804 2774 1868 ούσιὼδους
2813 1802 3015 1875 ἀρετῆς
3054 1798 3429 1864 ἀπολαύωσιν,
3459 1797 3629 1868 αὐτὴν

2054 1901 2418 1969 ὑποστατικὴν
2450 1897 2685 1966 ὁρῶντες
2714 1897 2813 1967 τὴν
2848 1893 2943 1948 τοῦ
2981 1892 3116 1946 Θεοῦ
3143 1889 3504 1959 δικαιοσύνην,
3531 1890 3629 1943 καὶ⁵

2053 1991 2221 2062 αὐτὴν
2249 1992 2348 2062 τὴν
2381 1990 2570 2057 σοφίαν
2610 1986 2704 2040 τοῦ
2746 1983 2903 2048 Θεοῦ,
2944 1984 3038 2037 καὶ
3065 1983 3161 2053 τὴν
3198 1981 3342 2053 ζωὴν
3370 1980 3468 2050 τὴν
3498 1978 3632 2034 αἰώ-

2052 2099 2183 2145 νιον,
2213 2082 2307 2134 καὶ
2326 2081 2386 2133 τὸ
2411 2078 2597 2149 ψυχῶν
2629 2075 2953 2147 φωτιστικόν
2972 2091 2986 2105 ο
3037 2073 3072 2128 ἃ.
3100 2073 3165 2146 δὴ
3200 2073 3374 2127 πάντα
3401 2072 3633 2125 ἐπινοεῖ-

2050 2190 2140 2226 ται
2180 2171 2319 2225 κατὰ
2359 2170 2459 2234 τὰς
2506 2166 2919 2240 ἐνυπαρχούσας
2949 2165 3204 2235 δυνάμεις
3244 2163 3323 2234 τῷ
3357 2165 3634 2234 μονογενεῖ

2051 2263 2146 2317 τοῦ
2184 2262 2318 2316 Θεοῦ
2347 2262 2525 2332 Λόγῳ.
2560 2260 2623 2313 Ei
2654 2258 2711 2311 δὲ
2749 2256 2923 2319 ἄλλως
2960 2254 3102 2318 τινὲς
3139 2254 3506 2326 φιλάνθρωποι
3538 2255 3633 2305 καί

2053 2356 2344 2427 ἐλεήμονες
2391 2355 2679 2422 γεγόνασι,
2732 2352 2794 2405 τὸ
2843 2350 3125 2421 συμπαθὲς
3177 2350 3271 2401 καὶ
3320 2344 3634 2399 κοινωνικὸν

2053 2449 2190 2519 πρὸς
2212 2449 2340 2510 τοὺς
2360 2445 2529 2509 πέλας
2553 2442 3006 2513 ἐπιδεικνύμενοι,
3031 2440 3224 2493 ταύτὸν
3254 2438 3530 2492 πείσονται
3549 2430 3633 2499 οἷς

2053 2539 2305 2611 ἔδρασαν,
2336 2537 2457 2590 κατ’
2491 2534 2639 2588 ἔλεον
2672 2532 2808 2586 Θεοῦ
2838 2534 2931 2587 καὶ
2960 2528 3365 2603 φιλανθρωπίαν
3393 2525 3613 2597 ἐλεηθέν

2055 2648 2165 2694 τες.
2198 2628 2361 2681 ’Δλλο
2388 2628 2448 2681 δὲ
2480 2627 2665 2697 τάγμα
2697 2626 2892 2693 γένοιτ’
2923 2623 2989 2679 ἂν
3021 2622 3129 2677 τῶν
3159 2620 3299 2675 κατὰ
3332 2619 3429 2691 τὴν
3462 2620 3632 2685 ἐπαγ-

2054 2719 2241 2788 γελίαν
2287 2718 2596 2789 μακαρίων,
2638 2716 2699 2769 τὸ
2724 2715 2831 2768 τῶν
2857 2716 2955 2786 τὴν
2985 2715 3211 2786 καρδίαν
3245 2711 3492 2765 τουτέστι
3534 2711 3632 2781 τὴν

2052 2810 2287 2862 διάνοιαν
2325 2806 2749 2878 κεκαθαρμένων
2768 2822 2786 2835 ο
2817 2806 2912 2858 καὶ
2938 2805 3064 2859 ἄλλο
3091 2803 3252 2857 πάλιν
3278 2802 3387 2855 τῶν
3420 2802 3624 2873 είρηνο-

2056 2899 2225 2954 ποιῶν
2251 2916 2264 2931 ·
2301 2893 2376 2954 ὧν
2397 2901 2447 2952 οἱ
2474 2899 2571 2970 μὲν
2599 2899 2853 2971 πρότεροι
2878 2896 3046 2968 γέρας
3067 2895 3323 2967 λήψονται
3346 2895 3446 2965 τῆς
3470 2893 3638 2947 καθα-

2060 2994 2300 3065 ρότητος,
2334 2991 2433 3063 τὴν
2460 2991 2553 3045 τοῦ
2585 2990 2719 3045 Θεοῦ
2739 2990 2887 3055 θέαν,
2918 2989 3013 3042 ἆτε
3039 2989 3096 3042 δὲ
3122 2987 3422 3058 ὀφθαλμοῖς
3456 2984 3636 3056 ψυχῆς

2057 3080 2490 3153 κεκαθαρμένοις
2538 3081 2697 3134 αὐτὸν
2741 3080 3022 3150 ὀψόμενοι·
3068 3080 3117 3132 οἱ
3147 3078 3205 3131 δὲ
3255 3077 3497 3148 δεύτεροι
3530 3073 3640 3131 υἱοὶ

376 3183 497 3221 rum
563 3167 879 3222 diversitate
932 3166 1161 3220 diversis
1227 3166 1280 3220 in
1355 3167 1622 3236 promisso
1691 3166 1953 3220 cmlorum

2060 3173 2196 3227 Θεοῦ
2228 3172 2566 3244 γενήσονται,
2596 3171 2671 3234 ὡς
2694 3170 2759 3224 ἂν
2788 3169 2947 3240 ἔργον
2968 3170 3151 3239 ὅμοιον
3178 3165 3633 3239 κατωρθωκότεςο

377 3272 545 3328 regno
592 3257 873 3327 potientur
924 3257 1242 3313 honoribus.
1305 3255 1440 3312 Nam
1495 3258 1792 3328 reguabunt
1830 3273 1955 3313 cum

378 3350 471 3403 Dei
497 3349 635 3405 Filio
652 3348 812 3418 primi
853 3348 943 3417 qui
979 3348 1240 3401 nominati
1273 3359 1400 3402 sunt
1440 3364 1707 3417 pauperes
1738 3349 1953 3416 spiritu.

374 3439 507 3495 Post
541 3440 659 3495 illos
684 3449 863 3494 autem
909 3439 1155 3506 secundi,
1201 3438 1368 3494 fortes
1412 3439 1504 3493 Dei
1567 3449 1862 3509 martyres,
1889 3438 1957 3491 de

376 3533 576 3600 quibus
614 3542 799 3602 postea
835 3530 1004 3584 dicit:
1059 3529 1205 3584 Beati
1254 3533 1345 3601 qui
1395 3532 1808 3599 persecutionem
1858 3547 1957 3597 pa-

379 3622 587 3672 tiuntur
628 3626 840 3687 prapter
874 3617 1164 3684 justitiam.
1190 3618 1286 3672 liis
1336 3619 1481 3673 enim
1522 3618 1701 3673 verbis
1740 3633 1836 3672 eos
1864 3619 1957 3688 qui

379 3723 476 3777 pro
503 3723 671 3779 regno
700 3708 1029 3762 decertaturi
1076 3718 1253 3771 erant,
1288 3716 1546 3777 tanquam
1599 3706 1811 3763 nobiles
1864 3707 1955 3761 Dei

378 3799 582 3854 milites
626 3799 840 3855 dicebat
862 3800 1086 3865 beatos;
1139 3798 1449 3853 necessario
1501 3798 1586 3852 bis
1616 3813 1853 3867 quoque,
1902 3810 1960 3851 ut

375 3889 810 3946 beatificatorum
840 3901 1000 3945 antea
1040 3903 1336 3959 pauperum
1368 3888 1653 3954 fratribus,
1690 3889 1959 3945 mercedis

377 3979 502 4037 loco
527 3979 790 4035 etelornm
815 3994 1037 4048 regnum
1064 3981 1407 4049 promittens.
1432 3979 1601 4034 Multo
1635 3991 1815 4036 autem
1833 3997 1956 4035 cum

376 4068 571 4124 ordine
619 4077 676 4122 et
725 4076 1092 4121 consentauee
1165 4068 1250 4122 bis
1304 4070 1679 4125 communicat
1732 4084 1958 4138 regnum

379 4175 536 4213 suum
573 4166 694 4228 post
730 4172 995 4227 pauperes
1044 4158 1260 4227 spiritu.
1290 4157 1517 4229 Oportet
1543 4159 1689 4215 enim
1726 4162 1958 4231 primum

379 4249 566 4306 vivere
596 4249 709 4304 Deo
741 4258 925 4319 gratos
955 4257 1069 4302 toto
1093 4249 1216 4302 vitae
1261 4258 1525 4320 tempore,
1559 4264 1851 4320 pauperem
1894 4269 1959 4307 ac

385 4349 821 4419 philosophicum
857 4361 1063 4403 morem
1103 4355 1348 4402 tenentes
1381 4365 1397 4402 :
1422 4348 1619 4404 deinde
1645 4349 1725 4405 sic
1746 4350 1811 4403 ad
1835 4365 1961 4420 gra-

386 4450 501 4495 tum
527 4439 641 4496 Deo
669 4442 832 4496 finem
863 4437 1406 4512 pertingere.‘ltaque
1448 4440 1656 4510 priores
1698 4440 1771 4495 illi
1816 4456 1964 4497 sum-

2057 3260 2169 3319 οἷον
2196 3265 2289 3318 καὶ
2324 3266 2353 3316 ὁ
2388 3262 2481 3316 τοῦ
2503 3262 2635 3317 Θεοῦ
2666 3263 2793 3326 Υἱὸς
2816 3261 3235 3333 εἰρηνοποιήσας
3270 3257 3340 3312 τὰ
3361 3258 3541 3311 πάντα
3568 3253 3638 3309 δι’

2060 3355 2278 3422 ἐαυτοῦ,
2300 3353 2371 3408 τά
2410 3371 2469 3407 τε
2519 3354 2577 3407 ἐν
2619 3352 2832 3425 οὐρανῷ
2866 3354 2957 3406 καὶ
2982 3351 3053 3405 τὰ
3086 3350 3179 3403 ἐπὶ
3214 3350 3315 3421 τῆς
3332 3348 3456 3418 γῆς.
3501 3345 3640 3401 Ἀλλ’

2059 3438 2204 3499 οὗτοι
2231 3446 2327 3516 μὲν
2361 3446 2455 3498 ἐπὶ
2487 3444 2763 3515 διαφόροις
2800 3443 3188 3515 κατορθώμασι
3223 3440 3492 3513 διαφόρων
3518 3437 3643 3492 τεύ-

2063 3531 2241 3596 ξονται
2263 3532 2436 3603 τιμῶν
2468 3534 2526 3585 ἐν
2542 3535 2609 3603 τῇ
2640 3532 3057 3603 κατηγγελμένῃ
3091 3532 3201 3584 τῶν
3224 3530 3465 3601 οὐρανῶν
3493 3527 3643 3599 βασι-

2061 3624 2203 3696 λείᾳ.
2239 3626 2306 3679 Οἵ
2333 3642 2397 3693 γε
2428 3624 2532 3696 μὴν
2561 3624 2710 3694 αύτῷ
2742 3623 3265 3695 συμϐασιλεύσοντες
3289 3618 3368 3693 τῷ
3400 3619 3515 3692 Υίῷ
3542 3619 3635 3675 τοῦ

2062 3716 2198 3769 Θεοῦ
2232 3716 2439 3788 πρῶτοι
2493 3715 2591 3787 μὲν
2639 3710 2781 3785 ἦσαν
2835 3716 2882 3767 οἱ
2931 3713 3259 3784 δηλωθέντες
3300 3710 3506 3782 πτωχοὶ
3557 3709 3637 3780 τῷ

2063 3808 2366 3879 πνεύματι’
2410 3806 2652 3878 δεύτεροι
2689 3806 2746 3860 δὲ
2781 3806 2896 3877 μετ’
2922 3806 3165 3868 ἐκείνους
3199 3803 3250 3857 oi.
3275 3803 3509 3871 γενναῖοι
3545 3798 3639 3854 τοῦ

2061 3899 2196 3955 Θεοῦ
2229 3901 2524 3972 μάρτυρες,
2557 3898 2686 3969 περὶ
2716 3892 2792 3952 ὧν
2834 3896 2960 3968 ἐξῆς
2990 3895 3235 3949 ἐδίδασκε
3271 3892 3476 3962 λέγων’
3505 3894 3647 3946 Ma—

2065 3994 2255 4063 κάριοι
2292 3996 2345 4048 oi
2380 3990 2761 4063 δεδιωγμένοι
2812 3989 3021 4045 ἕνεκεν
3072 3987 3497 4053 δικαιοσύνης-
3556 3982 3646 4036 διὰ

2062 4081 2269 4136 τούτων
2324 4082 2433 4154 γὰρ
2478 4081 2603 4145 τοὺς
2638 4080 2931 4153 μέλλοντας
2995 4074 3498 4149 ὑπεραγωνίζεσθαι
3544 4071 3648 4142 τῆς

2066 4173 2340 4244 βασιλείας
2366 4173 2442 4237 ὡς
2470 4173 2709 4242 εὐγενεῖς
2738 4172 2873 4226 Θεοῦ
2914 4168 3250 4244 στρατιώτας
3276 4163 3609 4239 ἐμακάριζεν
3627 4180 3646 4195 ·

2063 4265 2378 4335 ἀναγκαίως
2414 4266 2509 4317 καὶ
2547 4266 2731 4328 αὐτοῖς
2762 4263 2838 4329 ὼς
2870 4263 3119 4331 ἀδελφοῖς
3140 4260 3261 4313 τῶν
3281 4248 3646 4328 προμεμακα-

2067 4350 2336 4430 ρισμένων
2364 4355 2597 4428 πτωχῶν
2621 4356 2851 4428 βραδεῖα
2877 4354 2985 4409 τῶν
3011 4352 3259 4407 ἐπάθλων
3290 4349 3389 4421 τὴν
3416 4347 3524 4400 τῶν
3553 4347 3648 4399 ού-

2067 4444 2245 4517 ρανῶν
2279 4443 2553 4516 βασιλείαν
2578 4444 3021 4514 ὑπισχνούμενος.
3059 4439 3221 4504 Τάξει
3272 4439 3329 4492 δὲ
3361 4436 3525 4508 πολλῇ
3553 4435 3649 4488 καὶ

380 4546 527 4588 mam
566 4533 689 4588 vitae
730 4543 1101 4603 paupertatem
1137 4543 1434 4596 sectantes,
1478 4541 1592 4587 toto
1636 4532 1815 4589 tetatis
1855 4548 1953 4588 sua

2071 4536 2362 4609 ἀκολουθίᾳ
2379 4536 2590 4601 τούτοις
2624 4536 2898 4606 μετεδίδου
2918 4537 3015 4606 τῆς
3043 4534 3209 4588 αὐτοῦ
3245 4530 3520 4603 βασιλείας
3545 4547 3642 4599 με-

383 4634 629 4695 tempore
654 4640 755 4695 pro
787 4627 1003 4681 virtutis
1051 4628 1291 4696 prmniiis
1321 4626 1694 4681 decertarunt.
1724 4625 1959 4680 Secundi

380 4733 533 4782 vero,
582 4727 805 4786 propter
857 4717 1222 4772 testimonium
1285 4719 1352 4773 de
1405 4718 1647 4785 Christo,
1698 4718 1958 4789 exagitati

381 4809 622 4872 fuerunt,
649 4810 969 4878 Oppugnati,
1009 4810 1136 4864 odio
1182 4809 1377 4873 habiti,
1410 4809 1562 4864 falsis
1601 4809 1961 4864 accusationi-

382 4904 482 4958 bus
506 4902 843 4958 calumniose
870 4901 1119 4969 appetiti,
1163 4900 1366 4954 nullam
1407 4900 1571 4954 aliam
1614 4901 1685 4955 ob
1737 4915 1957 4954 causam

382 5010 543 5059 quam
576 4992 647 5049 ob
680 4990 879 5047 Christi
914 4990 1335 5046 confessionem.
1385 4993 1493 5047 Sed
1536 4994 1680 5046 enim
1715 4993 1959 5047 esurien-

382 5098 465 5141 tes
485 5088 702 5156 quidem
738 5095 793 5141 et
815 5085 1026 5150 fletites,
1060 5095 1115 5142 et
1154 5086 1357 5141 Christi
1403 5100 1569 5139 causa
1614 5087 1961 5140 contumeliis

380 5177 608 5233 allectos
646 5180 787 5249 apud
824 5178 1020 5232 Lucam
1066 5194 1281 5249 quoque
1311 5176 1616 5231 videbimus
1636 5175 1774 5248 (48);
1804 5178 1961 5232 mites

394 5457 400 5483 π
458 5409 569 5483 (46)
596 5411 705 5466 llnc
732 5426 948 5482 quoque
974 5411 1115 5483 apud
1161 5409 1494 5474 Maithaeum,
1525 5410 1616 5477 qui
1652 5419 1775 5464 octo
1810 5411 1963 5479 ponit

386 5479 765 5547 beatitudines,
800 5479 925 5536 cunt
971 5482 1144 5537 Lucas
1190 5489 1425 5548 quatuor
1478 5490 1680 5533 tantum
1739 5483 1964 5536 scribat.

383 5549 443 5603 lu
470 5549 729 5622 AMAattha'o
769 5554 951 5622 itaque
976 5551 1181 5606 versari
1219 5550 1433 5622 videtur
1465 5550 1746 5622 Eusebius.

417 5689 429 5701 .
458 5620 571 5688 (47)
599 5619 980 5677 Animadverte
1027 5620 1406 5691 pmuiteutiam
1456 5636 1559 5674 non
1596 5621 1712 5675 siut:
1743 5619 1960 5676 confes-

386 5702 557 5743 Sltmc.

2066 4627 2139 4681 τὰ
2167 4628 2293 4691 τοὺς
2328 4628 2576 4699 πτωχοὺς
2597 4627 2676 4697 τῷ
2702 4627 2999 4697 πνεύματι·
3048 4625 3235 4697 βιῶναι
3272 4624 3380 4694 γὰρ
3408 4622 3489 4676 δεῖ
3519 4622 3651 4692 πρό-

2066 4736 2223 4790 τερον
2248 4718 2509 4787 θεοφιλῶς
2531 4718 2624 4772 τὸν
2653 4719 2829 4773 πάντα
2861 4719 3051 4792 χρόνον
3083 4719 3182 4786 τῆς
3209 4716 3353 4785 ζωῆς
3389 4716 3446 4767 ἐν
3479 4712 3652 4781 ἀκτή-

2069 4829 2192 4882 μονι
2222 4813 2317 4865 καὶ
2343 4811 2616 4882 φιλοσόφῳ
2650 4813 2837 4884 τρόπῳ
2868 4810 3296 4872 διατελέσαντας,
3348 4801 3448 4859 εἷθ’
3477 4804 3651 4867 οὕτως

2068 4902 2162 4954 ἐπὶ
2196 4902 2259 4955 τὸ
2296 4901 2538 4971 θεοφιλὲς
2571 4901 2723 4966 τέλος
2746 4903 2939 4957 ἐλθεῖν.
2971 4903 3035 4955 Οἱ
3065 4901 3162 4972 μὲν
3189 4895 3283 4953 οῦν
3315 4897 3520 4969 πρῶτοι
3550 4894 3651 4965 τὴν

2068 4992 2243 5063 ἄκραν
2285 4993 2568 5064 ἁκτήμονα
2618 4996 2950 5066 μετήρχοντο
2988 4990 3212 5060 ἀγωγὴν
3249 4989 3344 5043 τοῦ
3394 4988 3533 5058 βίου,
3559 4986 3651 5040 διὰ

2069 5086 2250 5156 πάσης
2285 5084 2467 5138 αὐτῶν
2523 5086 2624 5157 τῆς
2658 5086 2802 5157 ζωῆς
2850 5089 2961 5149 τοῖς
2991 5084 3092 5154 τῆς
3119 5083 3319 5154 ἀρετῆς
3351 5079 3533 5143 ἄθλοις
3564 5080 3655 5131 ἐν-

2067 5177 2456 5249 αγωνιζόμενοι
2476 5196 2489 5208 ·
2520 5180 2570 5232 οἱ
2589 5178 2646 5232 δέ
2672 5178 2913 5251 δεύτεροι
2936 5177 3035 5246 τῆς
3056 5177 3134 5239 είς
3159 5174 3319 5229 αὑτὸν
3344 5170 3654 5243 μαρτυρίας

2074 5425 2223 5467 celas
2249 5412 2465 5467 Eusebii
2498 5413 2599 5468 bas
2629 5412 3010 5467 meditationes
3035 5413 3219 5466 traxit.
3269 5408 3383 5464 Nisi
3421 5408 3656 5462 fortasse

2066 5483 2340 5539 Eusebius
2385 5483 2687 5552 generatim
2728 5485 2793 5537 ad
2840 5481 3345 5552 tetraevangelium,
3377 5478 3539 5552 quasi
3560 5490 3656 5543 per

2069 5549 2439 5619 harmoniam,
2483 5564 2888 5609 commentatus
2942 5553 3060 5605 fuit.
3114 5556 3221 5605 Aut
3261 5549 3361 5603 nisi
3421 5550 3658 5613 denique

2066 5634 2358 5679 Sumuntur
2395 5624 2511 5679 lucc
2541 5632 2595 5678 et
2625 5622 2726 5676 alia
2762 5639 2828 5678 ex
2879 5621 3228 5684 Theophania
3264 5619 3501 5673 fortasse
3546 5625 3658 5684 ple-

2062 5695 2250 5760 niore;
2296 5694 2551 5764 iu_cujns
2591 5704 2740 5748 certe
2783 5704 2976 5764 quarto
3032 5691 3171 5746 libro
3223 5690 3502 5764 iu_odu_ex
3548 5689 3655 5740 hoc

460 5758 572 5829 (48)
610 5759 768 5815 Vides
800 5778 987 5834 rursus
1026 5759 1315 5834 Eusebium
1344 5761 1395 5834 in
1438 5759 1747 5816 Mattlncum
1778 5760 1955 5834 potius
2052 5765 2209 5822 modo
2231 5757 2296 5821 ex
2328 5761 2433 5821 alio
2461 5757 2951 5834 'eVangelista'facit
2971 5768 3220 5831 excerpta
3255 5757 3542 5816 Eusebius.

387 5834 740 5885 commentari
771 5846 933 5901 quam
970 5833 1020 5885 in
1055 5832 1275 5899 Lucam,
1329 5830 1393 5885 ad
1422 5848 1579 5902 quem
1631 5829 1807 5887 taaicu
1861 5829 1953 5887 Ni-
