4130 6392
357 409 461 463 53Ἱ
743 412 750 419 ’
1498 403 1935 462 COMMENTAN

2037 401 2098 456 IN
2143 400 2402 457 LUCAM.
3495 389 3600 442 533

353 526 540 579 ἕνεκεν
561 525 850 596 ἠλαύνοντο
878 525 1266 597 πολεμούμενοι
1299 528 1392 581 καὶ
1416 527 1748 598 μισούμενοι,
1771 541 1929 578 συκο-

2037 534 2233 586 autem,
2267 531 2324 577 et
2363 519 2758 583 misericordes,
2791 526 2844 570 et
2869 515 3031 570 corde
3056 527 3240 584 puros,
3273 519 3326 565 et
3348 510 3601 579 paciﬁcos

352 617 710 687 φαντούμενοί
750 635 806 670 τε
841 617 1058 686 ψευδέσι
1099 619 1366 683 διαϐολαῖς
1392 620 1458 672 δι’
1485 619 1634 672 ούδέν
1669 619 1851 688 ἕτερον
1883 616 1916 685 ἢ

2037 612 2308 666 llattlueus
2335 611 2487 664 nobis
2508 609 2573 663 ad
2597 607 3044 661 consideramlum
3078 603 3402 671 suppeditat.

351 712 440 766 διὰ
472 713 569 784 τὴν
597 715 673 775 είς
700 714 927 785 Χριστὸν
959 715 1267 784 ὁμολογίαν.
1315 717 1474 770 Ἀλλὰ
1517 716 1625 786 γὰρ
1646 715 1770 778 τοὺς
1801 712 1900 783 μὲν
1951 709 2251 771 πεινῶντας
2308 706 2401 760 καὶ
2454 705 2739 764 κλαίοντας
2776 701 2870 754 καὶ
2902 700 2990 753 διὰ
3021 697 3253 770 Χριστὸν
3278 695 3600 766 ὀνειδιζομέ-

352 824 481 871 νους
524 811 615 861 καὶ
649 809 798 879 παρὰ
827 809 903 880 τῷ
931 812 1115 881 Λουκᾷ
1153 811 1394 882 ὀψόμεθα
1413 829 1427 842 ο
1474 812 1600 874 τοὺς
1631 811 1686 864 δέ
1730 811 1924 880 πραεῖς
1970 806 2065 858 καὶ
2109 805 2236 866 τοὺς
2298 803 2595 872 ἐλεήμονας
2621 799 2715 852 καὶ
2740 799 2864 860 τοὺς
2885 795 3157 866 καθαροὺς
3188 796 3254 864 τῇ
3279 791 3474 864 καρδία
3506 794 3601 846 καὶ

351 900 481 963 τοὺς
513 902 881 970 εἰρηνοποιοὺς
911 903 938 954 ὁ
973 903 1247 967 Ματθαῖος
1284 905 1414 975 ἡμῖν
1446 907 1526 967 εἰς
1549 903 1793 966 ἐξέτασιν
1824 897 2203 970 παρατίθεται.

428 995 536 1046 Καὶ
585 993 740 1046 ταῦτ’
779 994 961 1064 ἔλεγεν
999 995 1235 1060 ὁπλίζων
1273 1000 1366 1052 καὶ⁵
1391 999 1771 1070 περιφράττων
1802 997 1927 1058 τοὺς

357 1085 608 1156 μαθητὰς
653 1088 732 1149 είς
777 1087 868 1139 τὸν
916 1087 1056 1140 κατὰ
1109 1088 1219 1141 τῶν
1275 1092 1530 1144 ἐναντίων
1568 1091 1820 1160 πόλεμον,
1870 1089 1928 1142 ὃν

353 1175 578 1240 ἔμελλον
602 1177 1040 1230 ἐπαναντλεῖσθαι
1055 1178 1413 1250 κηρύττοντες
1433 1182 1594 1235 παντὶ
1618 1180 1695 1250 τῷ
1716 1181 1925 1250 κόσμῳ,

353 1268 452 1320 καὶ
486 1268 880 1338 μαρτυρόμενοι
905 1270 1001 1341 τὴν
1027 1270 1144 1333 ἐνὸς
1176 1270 1271 1324 τοῦ
1296 1273 1388 1324 ἐπὶ
1415 1272 1632 1325 πάντων
1659 1271 1792 1324 Θεοῦ
1836 1270 1930 1340 βα-

357 1358 581 1413 σιλείαν.
614 1360 920 1423 Μέλλοντας
955 1361 1063 1432 γὰρ
1097 1363 1292 1426 αὐτοὺς
1332 1362 1418 1416 διὰ
1447 1363 1507 1416 τὸ
1533 1355 1649 1417 νέον
1673 1364 1930 1434 κήρυγμα

354 1449 496 1519 πρὸς
519 1451 768 1504 ἁπάντων
801 1451 1118 1506 ἐλαύνεσθαι
1141 1454 1234 1506 καὶ
1261 1454 1630 1524 πολεμεῖσθαι,
1657 1471 1931 1524 προησφα-

354 1537 534 1604 λίζετο
568 1542 661 1594 καὶ
697 1542 1038 1612 προέφραττε
1066 1545 1426 1616 μακαρισμῶν
1450 1563 1506 1598 τε
1536 1545 1689 1616 ἠξίου
1710 1563 1722 1576 ⁸
1754 1547 1834 1599 ὅτι
1865 1546 1928 1618 δὴ

353 1631 593 1702 ἄληπτον
641 1632 753 1703 βίον
799 1633 1244 1706 προϐαλλόμενοι,
1287 1637 1363 1701 ὼς
1409 1637 1544 1708 μηδέ
1579 1641 1691 1701 τοῖς
1720 1637 1930 1709 ἐχθροῖς

355 1724 655 1794 προφάσεις
682 1727 797 1778 κατ’
827 1725 1003 1778 αὐτῶν
1039 1726 1376 1799 θηρωμένοις
1407 1727 1660 1799 ἀφορμὰς
1681 1728 1929 1800 διαδολῆς

358 1815 645 1886 παρέχεινο
673 1815 822 1885 ὅμως
865 1815 952 1869 διὰ
987 1817 1152 1888 μόνην
1191 1819 1291 1889 τὴν
1324 1821 1403 1880 είς
1430 1819 1588 1871 αὐτὸν
1619 1819 1927 1889 ὁμολογίαν,

359 1907 453 1959 καὶ
474 1905 580 1959 τῶν
603 1907 766 1960 αὐτοῦ
799 1909 1272 1980 παραγγελμάτων
1293 1910 1500 1974 ἕνεκεν,
1525 1909 1809 1964 διώκεσθαι
1839 1911 1932 1964 καὶ

359 2001 706 2072 πολεμεῖσθαι
740 2003 1002 2072 μέλλοιεν,
1023 2003 1464 2074 δυσφημούμενοι
1486 2006 1577 2058 καὶ
1605 2006 1784 2069 πάσας
1808 2007 1935 2058 ύπο-

361 2092 612 2162 μένοντες
642 2093 906 2164 λοιδορίας
938 2095 1031 2146 καὶ
1064 2094 1248 2164 ὕϐρεις
1281 2096 1373 2149 καὶ
1396 2096 1749 2166 ὀνειδισμοὺς,
1784 2096 1842 2148 οὐ
1865 2096 1930 2149 δι’

353 2179 562 2242 οἰκείας
604 2179 997 2250 πλημμελείας,
1039 2181 1126 2234 διὰ
1153 2182 1208 2234 δὲ
1236 2183 1326 2235 τὸν
1354 2183 1604 2254 ἐνάρετον
1645 2185 1740 2236 καὶ
1767 2184 1930 2255 ἄκρον

2099 990 2216 1046 Jam
2249 1005 2377 1045 vero
2412 989 2526 1044 haec
2549 988 2728 1041 aiebat
2762 999 2980 1038 armaus
3018 993 3178 1052 alque
3223 982 3600 1036 communiens

2027 1085 2093 1137 ad
2128 1084 2323 1138 bellum
2355 1098 2476 1136 cum
2511 1081 2757 1135 hostilms
2789 1076 3104 1145 discipulos.
3141 1075 3281 1144 quod
3318 1084 3475 1128 erant
3519 1084 3600 1126 to-

2027 1176 2248 1230 leraturi
2288 1175 2412 1228 dum
2453 1173 2549 1226 toti
2581 1171 2776 1224 mundo
2808 1184 2971 1223 unum
3012 1167 3338 1220 universalis
3376 1166 3467 1218 Dei
3514 1180 3600 1218 re-

2028 1283 2190 1338 gnum
2223 1267 2601 1338 pra-dicarem.
2632 1261 2835 1330 Nempe
2858 1275 2968 1322 eos,
3012 1260 3102 1328 qui
3139 1260 3208 1313 ob
3237 1273 3429 1311 novam
3460 1273 3598 1326 prac-

2028 1361 2351 1416 dicatiouem
2403 1359 2470 1412 ab
2516 1355 2770 1412 omnibus
2800 1352 3111 1421 exagitandi
3164 1361 3322 1405 erant
3354 1362 3410 1402 et
3439 1365 3602 1418 npptl-

2029 1451 2248 1522 gnandi,
2297 1460 2423 1504 ante
2467 1447 2740 1502 muniebat
2767 1455 2928 1514 atque
2968 1443 3240 1506 armabat,
3277 1452 3332 1496 et
3369 1441 3600 1494 beatitu-

2029 1545 2154 1599 dine
2187 1543 2377 1610 dignos
2411 1539 2724 1594 deﬁniebat.
2775 1538 2910 1603 Quia
2947 1537 3207 1590 nimirum
3252 1534 3602 1602 irrcpreheu-

2029 1635 2236 1690 sibilem
2269 1633 2404 1688 adeo
2449 1633 2612 1687 vitam
2649 1645 2760 1698 prie
2791 1645 2849 1684 se
2884 1628 3145 1691 ferentes,
3175 1637 3234 1681 ut
3277 1641 3341 1679 ne
3369 1624 3604 1679 inimicis

2029 1729 2242 1799 quidem
2287 1741 2473 1780 ansam
2522 1723 2928 1794 quaerentibus,
2983 1720 3269 1775 calumnia:
3322 1717 3602 1771 materiam

2030 1823 2362 1892 praeberent;
2392 1817 2766 1882 nihilominus,
2795 1823 3019 1884 propter
3051 1813 3219 1868 solam
3243 1810 3448 1866 Christi
3475 1824 3604 1863 con-

2033 1914 2315 1968 fessionem
2346 1912 2569 1982 ejusque
2605 1909 2986 1964 mandatorum
3029 1919 3215 1970 causa,
3272 1902 3606 1973 persecutio-

2032 2021 2158 2060 num
2183 2004 2376 2059 bellum
2407 2001 2715 2072 perpessuri
2741 2009 2920 2064 erant,
2950 1997 3250 2060 maledicti,
3275 2006 3435 2063 atque
3458 1992 3603 2048 omni

2032 2111 2230 2166 genere
2281 2095 2672 2156 conviciorum,
2728 2091 3074 2161 injuriarum,
3127 2087 3609 2144 contumeliarum-

2034 2203 2137 2256 que
2159 2187 2355 2253 obruti,
2389 2186 2532 2239 hand
2553 2187 2622 2238 ob
2649 2196 2804 2237 suum
2837 2181 3042 2236 crimen
3073 2179 3309 2248 aliquod,
3354 2178 3445 2230 sed
3483 2191 3607 2244 pro-

356 2271 414 2320 ἐν
444 2269 757 2343 δικαιοσύνῃ
803 2269 914 2340 βίον
953 2271 1130 2324 αὐτῶν
1153 2289 1168 2302 ο
1211 2273 1239 2324 ὃ
1277 2273 1341 2344 δὴ
1376 2275 1468 2326 καὶ
1503 2274 1631 2327 αὐτὸ
1663 2275 1801 2328 κατὰ
1842 2275 1935 2346 τὴν

2040 2289 2155 2348 pter
2187 2294 2335 2332 suam
2373 2287 2576 2332 exacta:
2598 2275 2820 2329 virtutis
2867 2288 2930 2326 ac
2957 2271 3182 2342 iustitia:
3212 2271 3404 2323 vitam.
3453 2269 3606 2334 Quod

357 2359 512 2413 θείαν
553 2361 890 2431 προμήθειαν
925 2362 1216 2433 εἰρημένον
1259 2364 1443 2427 τέλους
1482 2365 1770 2435 ἐτύγχανεν
1803 2366 1934 2436 ἀλη-

357 2451 488 2516 θοῦς
520 2455 578 2505 ἐν
607 2453 685 2523 τῷ
719 2453 854 2523 μετὰ
882 2455 1054 2507 ταῦτα
1077 2455 1272 2526 χρόνῳ.
1309 2456 1456 2527 Πλὴν
1479 2457 1611 2510 ἀλλὰ
1642 2457 1932 2530 θεραπεύει

354 2543 416 2596 τὸ
437 2544 680 2616 λυπηρὸν
719 2547 813 2599 τοῦ
847 2546 1029 2615 λόγου,
1065 2547 1338 2618 ἰσοτίμους
1383 2550 1580 2613 αὐτοὺς
1622 2551 1932 2618 ἀποφαίνων

356 2638 470 2699 τοῖς
506 2637 670 2690 πάλαι
711 2637 805 2690 τοῦ
836 2639 969 2692 Θεοῦ
1001 2641 1328 2710 προφήταις.
1363 2641 1453 2694 Διὸ
1478 2643 1569 2695 καὶ
1605 2643 1812 2714 χαίρειν
1843 2644 1934 2697 καὶ

359 2727 620 2799 ἁγαλλιᾷν
637 2731 692 2781 ἐν
709 2732 840 2782 πᾶσι
863 2733 972 2794 τοῖς
988 2731 1199 2784 ἐπιοῦσι
1231 2733 1479 2804 παρῄνει,
1501 2734 1576 2797 ὡς
1602 2734 1666 2786 ἂν
1691 2735 1757 2786 τα
1775 2736 1932 2804 ὃμοια

361 2823 472 2884 τοῖς
512 2822 816 2892 προφήταις
854 2823 1229 2894 πεισομένους,
1257 2829 1350 2879 καὶ
1383 2825 1581 2897 δηλαδὴ
1606 2827 1806 2897 ὁμοίως
1839 2829 1934 2882 αύ-

357 2913 470 2973 τοῖς
494 2911 591 2982 τῆς
624 2911 773 2982 παρὰ
790 2911 868 2981 τῷ
896 2912 1012 2982 Θεῷ
1035 2915 1199 2985 τιμῆς
1221 2913 1708 2986 ἀξιωθησομένους.
1747 2917 1935 2970 Ἔνθεν

359 3003 585 3066 εἰκότως
623 3004 832 3068 Παῦλος
876 3004 1084 3069 τούτοις
1135 3005 1446 3077 ἐπιθαρῤὦν
1497 3008 1714 3074 ἐλεγενο
1750 3009 1934 3075 Εἴπερ

359 3097 820 3166 συμπάσχομεν,
851 3098 950 3150 ἵνα
976 3097 1072 3150 καὶ
1098 3098 1636 3169 συνδοξασθῶμεν·
1668 3101 1783 3165 καὶ,
1814 3105 1934 3154 Οὐκ

358 3186 500 3250 ἄξια
518 3186 587 3240 τὰ
607 3187 924 3256 παθήματα
955 3187 1058 3240 τοῦ
1090 3187 1204 3240 νῦν
1232 3190 1439 3257 καιροῦ
1470 3191 1617 3258 πρὸς
1650 3193 1762 3259 τὴν
1779 3193 1935 3260 μέλ-

356 3278 598 3330 λουσαν
631 3275 819 3339 δόξαν
844 3275 1295 3343 ἑκκαλυφθῆναι
1316 3281 1402 3344 εὶς
1423 3279 1602 3349 ἡμᾶς.
1627 3282 1734 3334 Καὶ
1763 3285 1822 3335 ού
1849 3285 1935 3336 λό-

357 3383 476 3436 γοις
512 3367 610 3437 μὲν
649 3366 819 3420 ταῦτα
855 3365 1058 3433 ἔλεγεν,
1093 3365 1274 3435 ἔργοις
1310 3367 1365 3420 δὲ
1401 3371 1691 3440 ἀφυστέρει
1717 3372 1821 3424 τῶν
1851 3373 1936 3425 λε-

355 3457 658 3530 λεγμένων,
688 3457 820 3511 ἀλλὰ
858 3458 950 3510 καὶ
985 3458 1176 3521 αὑταῖς
1205 3461 1435 3530 πράξεσι
1466 3462 1590 3524 τοὺς
1611 3462 1749 3532 ὑπὲρ
1781 3465 1935 3516 εὐσε-

357 3549 512 3613 ϐείας
545 3550 735 3613 ἄθλους
782 3550 1134 3612 ἐνεδείκνυτο,
1181 3551 1272 3615 οὓς
1303 3553 1396 3607 καὶ
1429 3553 1815 3626 κατηριθμεῖτο
1852 3557 1936 3609 λέ-

357 3658 472 3710 γων
495 3658 508 3670 ·
539 3640 636 3694 Διό
661 3640 887 3714 εὐβοκῶ
913 3643 982 3695 ἐν
1005 3643 1364 3709 ἀσθενείαις,
1404 3643 1474 3696 ἐν
1500 3621 1727 3712 ὕϐρεσι,
1753 3648 1845 3699 καὶ
1872 3649 1937 3700 τὰ
1965 3621 2004 3676 C

359 3734 507 3806 ἑξῆς.
543 3733 650 3786 Καὶ
683 3732 855 3787 ταῦτα
884 3735 981 3805 μὲν
1004 3734 1084 3788 ἐτι
1116 3735 1181 3789 τὰ
1212 3735 1320 3789 τῶν
1345 3736 1521 3790 ἄθλων
1554 3739 1843 3809 προοίμιαο
1881 3740 1938 3792 τὸ

356 3825 417 3878 δὲ
462 3825 831 3894 συμπέρασμα
872 3827 965 3880 τοῦ
1011 3827 1210 3889 παντὸς
1263 3827 1473 3895 ἀγῶνος
1521 3829 1667 3899 αύτῴ
1706 3831 1796 3882 ἐπὶ
1842 3835 1940 3903 τῆς

371 3913 658 3984 Ῥωμαίων
682 3915 978 3968 ἐτελειοῦτο
1009 3917 1234 3981 πόλεως,
1257 3918 1388 3971 ἔνθα
1424 3921 1705 3990 μαρτυρίῳ
1728 3920 1825 3991 τὴν
1851 3939 1942 3973 κι-

359 4006 536 4077 φαλὴν
569 4006 858 4077 ἀπετμήθη
889 4007 1022 4077 (49).
1052 4009 1108 4060 '0
1136 4009 1338 4080 Πέτρος
1363 4012 1418 4064 δὲ
1444 4013 1731 4084 ἁρπαγμὸν
1748 4013 1835 4068 τὸν
1854 4017 1940 4070 διὰ

364 4099 599 4171 σταυροῦ
635 4098 860 4152 θάνατον
883 4102 1114 4155 ἐποιεῖτο
1139 4103 1226 4156 διὰ
1253 4103 1350 4168 τὰς
1375 4107 1672 4177 σωτηρίους
1691 4107 1905 4171 ἐλπίδας
1922 4128 1934 4140 ·

374 4191 628 4254 Ἰάκωϐὀς
662 4207 721 4242 τε
745 4191 945 4260 ὁμοίως
979 4190 1122 4262 ξίφει
1147 4193 1245 4265 τὴν
1278 4195 1516 4266 κεφαλὴν
1553 4197 1610 4248 ἐν
1647 4198 1934 4270 Ἰεροσολύ-

365 4301 487 4354 μοις
516 4282 876 4354 ἀποτέμνεται
895 4301 908 4313 ο
945 4285 1037 4336 καὶ
1069 4285 1318 4356 Ἰωάννης
1341 4287 1502 4357 νῆσον
1526 4290 1694 4342 οἰκεῖν
1722 4291 1939 4361 Πάτμον

361 4377 737 4446 κατεκρίνετο·
787 4376 878 4429 καὶ
914 4375 1069 4439 ἄλλος
1102 4377 1274 4442 ἄλλως
1301 4378 1362 4432 τὸ
1390 4378 1627 4452 καθαρὸν
1651 4383 1742 4435 καὶ
1767 4383 1938 4437 ἄπλα-

363 4488 488 4524 στον
519 4472 616 4541 τῆς
637 4468 741 4523 τῶν
767 4469 932 4523 αύτοῦ
960 4470 1131 4539 λόγων
1160 4472 1408 4543 ὑπακοῆς
1429 4474 1808 4546 ἐνδειξάμενοι,
1829 4478 1941 4531 διά-

363 4578 528 4632 φορον
547 4560 844 4630 ὑπέμειναν
871 4560 963 4613 τοῦ
990 4561 1104 4630 βίου
1135 4562 1408 4634 τελευτήν.
1435 4565 1544 4617 Καὶ
1569 4565 1721 4619 ταῦτ’
1749 4568 1807 4619 ού
1839 4586 1942 4622 πα-

366 4657 437 4727 ρὰ
456 4653 680 4724 γνώμην
708 4653 964 4723 ἔπασχον,
992 4656 1170 4724 πάσης
1199 4656 1256 4707 δὲ
1293 4656 1482 4727 ἡδονῆς
1514 4657 1646 4728 ἡδίω
1669 4658 1939 4730 τιθέμενοι

361 4746 462 4818 τὴν
480 4745 589 4799 τῶν
615 4745 896 4816 σωτηρίων
918 4745 1257 4814 ἐπαγγελιῶν
1290 4748 1479 4801 ἐλπίδα
1499 4767 1511 4781 ο
1542 4749 1664 4802 ἐπεὶ
1687 4750 1816 4819 γοῦν
1851 4771 1943 4805 πο-

360 4856 422 4892 τε
449 4836 802 4911 συλλαϐόντες
822 4837 1016 4900 αὐτοὺς
1042 4839 1090 4889 οἱ
1117 4837 1210 4890 τοῦ
1255 4839 1517 4892 Ἰουδαίων
1543 4840 1727 4905 ἔθνους
1749 4843 1939 4913 ἄρχον-

2033 2384 2163 2423 sane
2191 2371 2485 2422 secundum
2502 2369 2735 2422 divinam
2757 2364 3150 2434 praescientiam
3171 2363 3397 2422 dictum,
3417 2373 3604 2412 verum

2033 2461 2236 2515 exitum
2256 2470 2472 2514 nactum
2488 2467 2845 2526 estsequeute
2877 2467 3137 2524 tempore.
3158 2453 3262 2507 Sed
3284 2461 3461 2504 tamen
3493 2465 3607 2503 ser-

2036 2553 2210 2605 monis
2244 2551 2516 2604 tristitiam
2549 2558 2834 2617 temperat,
2865 2546 2990 2598 dum
3021 2558 3183 2612 pares
3214 2541 3333 2595 illos
3366 2539 3608 2608 antiquis

2040 2641 2127 2696 Dei
2156 2641 2435 2710 pr0phetis
2469 2638 2722 2692 aliirmat.
2763 2637 2887 2691 Ideo
2913 2647 2968 2690 et
3001 2635 3234 2704 gaudere
3261 2641 3310 2686 et
3335 2629 3609 2686 exsultare

2038 2731 2091 2784 in
2121 2731 2272 2786 omni
2299 2746 2357 2785 re
2386 2729 2569 2782 futura
2597 2729 2866 2789 hortatur,
2908 2742 3006 2781 ceu
3037 2725 3126 2794 qui
3151 2724 3298 2792 paria
3332 2721 3610 2791 pr0phetis

2037 2820 2468 2888 sintexperturi,
2510 2819 2560 2874 id
2600 2827 2684 2873 est
2719 2832 2870 2887 a'que
2896 2833 2958 2872 ac
2994 2817 3068 2870 illi
3104 2831 3133 2868 a
3169 2817 3274 2869 Deo
3314 2815 3612 2868 honoribus

2037 2915 2290 2982 augendi.
2349 2912 2504 2968 Unde
2560 2913 2754 2968 merito
2800 2911 2997 2966 Paulus
3057 2909 3138 2964 bis
3208 2908 3371 2963 dictis
3440 2906 3611 2961 fretus

2037 3006 2244 3059 aiebat:
2273 3003 2556 3074 Siquidem
2577 3004 2946 3071 compntimur,
2979 3011 3033 3054 ut
3059 3009 3106 3054 et
3132 2999 3607 3068 congloriﬁcemur.

2043 3097 2110 3150 Et
2137 3115 2150 3150 :
2186 3095 2309 3149 Non
2340 3108 2459 3150 sunt
2491 3097 2765 3164 condigna:
2785 3097 3052 3162 passiones
3085 3093 3240 3162 hujus
3265 3091 3510 3156 temporis
3539 3089 3608 3142 ad

2038 3189 2272 3257 futuram
2302 3189 2524 3258 gloriam
2555 3204 2672 3258 qua:
2717 3187 3030 3242 revelabitur
3059 3187 3112 3239 in
3145 3185 3290 3238 nobis
3315 3185 3383 3238 ⁵⁷.
3418 3183 3612 3251 Neque

2039 3293 2168 3331 vero
2203 3279 2314 3332 haec
2343 3279 2511 3332 verbo
2547 3277 2747 3341 aiebat,
2780 3291 2942 3345 Opere
2969 3286 3147 3328 autem
3188 3289 3216 3327 a
3260 3275 3416 3328 dictis
3441 3274 3612 3328 dista-

2041 3371 2149 3436 bat,
2184 3369 2277 3424 sed
2308 3369 2443 3438 ipsis
2475 3370 2686 3423 actibus
2728 3369 2938 3422 labores
2977 3383 3076 3438 pro
3123 3367 3383 3436 religione
3412 3380 3612 3433 expro-

2039 3461 2241 3523 mebat,
2273 3473 2406 3527 quos
2433 3459 2593 3511 etiam
2640 3457 2996 3512 enumerabat
3047 3457 3232 3510 dicens
3261 3473 3274 3508 :
3302 3453 3430 3507 Ideo
3482 3455 3613 3507 mihi

2038 3549 2216 3614 placeo
2272 3550 2326 3603 in
2357 3548 2775 3618 inﬁrmitatibus,
2822 3550 2875 3600 in
2927 3546 3254 3601 contumeliis
3282 3547 3376 3609 ⁸⁷⁸,
3400 3554 3454 3599 et
3487 3545 3613 3598 reli-

2039 3656 2164 3710 qua.
2192 3640 2260 3693 Et
2281 3639 2394 3694 hac
2423 3641 2638 3710 quidem
2665 3648 2819 3693 erant
2845 3638 3092 3693 laborum
3135 3636 3312 3692 initia.
3355 3638 3459 3691 Sed
3489 3639 3612 3690 uni-

2042 3731 2181 3784 versi
2255 3730 2443 3798 agonis
2491 3729 2891 3784 consummatio
2938 3728 2990 3781 in
3053 3727 3295 3781 Romana
3346 3727 3480 3779 urbe
3533 3726 3612 3781 illi

2039 3820 2284 3891 contigit,
2327 3821 2415 3874 ubi
2443 3820 2493 3875 ei
2535 3820 2759 3890 martyri
2789 3830 2956 3890 caput
2991 3827 3078 3874 est
3121 3826 3477 3886 amputatum.
3513 3819 3613 3870 Pe—

2040 3926 2154 3969 trus
2185 3923 2365 3967 autem
2415 3928 2639 3984 regnum
2692 3913 2871 3981 rapuit
2904 3928 2997 3982 per
3022 3914 3202 3966 crucis
3252 3926 3437 3966 necem
3489 3927 3611 3965 cum

2040 4021 2135 4075 spe
2157 4007 2406 4062 salutari.
2458 4005 2693 4060 Jac-obus
2744 4006 2952 4074 pariter
3003 4004 3182 4074 gladio
3226 4003 3613 4075 Hierosolymis

2039 4102 2219 4168 capite
2251 4101 2490 4154 minutus
2512 4098 2644 4165 luit;
2669 4109 2720 4154 et
2744 4099 2977 4154 Joannes
3006 4099 3072 4152 ad
3106 4098 3293 4152 insulae
3325 4097 3496 4152 Patmi
3532 4097 3608 4150 in-

2039 4193 2273 4247 colatum
2305 4193 2594 4246 damnatus
2628 4210 2641 4245 :
2675 4192 2875 4260 aliique
2897 4190 3056 4246 aliter
3085 4191 3209 4244 dum
3235 4204 3424 4256 puram
3451 4198 3615 4257 atque

2040 4285 2308 4338 sinceram
2372 4286 2630 4339 doctrina:
2669 4284 2874 4338 Christi
2921 4284 3281 4338 obedientiam
3332 4282 3612 4347 exhibent,

2041 4377 2211 4430 variis
2272 4377 2444 4430 modis
2487 4378 2784 4432 violentum
2839 4377 2962 4429 vita:
3017 4375 3220 4428 exitum
3279 4374 3420 4428 nacti
3464 4385 3610 4427 sunt.

2041 4467 2216 4536 Atque
2252 4469 2363 4522 haec
2389 4470 2530 4523 haud
2561 4471 2712 4522 inviti
2748 4476 2874 4521 sunt
2908 4467 3072 4536 passi,
3117 4468 3209 4520 sed
3237 4465 3475 4534 qualibet
3516 4480 3614 4517 vo-

2041 4562 2242 4631 luptate
2271 4561 2564 4616 dulciorem
2598 4562 2986 4614 dominicarum
3007 4560 3425 4627 promissionum
3461 4573 3612 4626 spem

2044 4657 2367 4711 habuerunt.
2401 4653 2534 4707 Cum
2565 4669 2658 4708 eos
2688 4653 2850 4722 igitur
2878 4650 3114 4706 Iudaica:
3138 4652 3313 4720 gentis
3346 4650 3615 4718 principes

2042 4750 2328 4801 verberum
2383 4747 2721 4813 castigationi
2785 4745 3130 4808 addixerunt,
3189 4755 3247 4797 ut
3300 4743 3523 4798 historia
3548 4743 3615 4794 de
3667 4727 3678 4732 ’

2044 4841 2148 4896 illis
2173 4850 2378 4902 narrat,
2406 4840 2512 4893 lwti
2534 4843 2711 4909 utique
2747 4840 2810 4891 de
2834 4838 3053 4890 concilio
3089 4843 3442 4898 excesserunt,
3475 4833 3612 4900 quod

363 4944 454 4987 τες
510 4926 788 4998 μαστίγων
842 4926 1046 4989 αἰκίαις
1102 4927 1392 4985 ὑπέϐαλον.
1436 4931 1566 5002 ὼςὴ
1597 4933 1724 5003 περὶ
1760 4935 1934 4988 αὐτῶν

2043 4935 2189 5003 digni
2222 4931 2388 4984 habiti
2414 4942 2579 4985 essent
2611 4948 2704 4998 pro
2753 4933 2958 4983 nomine
3003 4929 3196 4984 Christi
3246 4927 3614 4983 contumeliam

366 5020 575 5092 ἱστορία
625 5021 909 5090 μαρτυρεῖ,
944 5019 1018 5082 ὡς
1043 5019 1150 5089 ἄρα
1183 5021 1492 5090 προῄεσαν
1523 5023 1590 5076 ἐκ
1633 5025 1738 5078 τοῦ
1775 5042 1938 5082 συν-

361 5109 562 5178 εδρίου
615 5112 942 5178 χαίροντες,
1001 5109 1091 5163 ὅτι
1132 5111 1589 5181 κατηξιώθησαν
1635 5115 1784 5184 ὑπὲρ
1832 5119 1936 5171 τοῦ

465 5209 511 5243 ⁸⁷
539 5209 700 5262 Rom.
733 5225 848 5270 vut,
883 5209 969 5271 i7,
1002 5208 1086 5262 18.
1179 5210 1247 5240 ⁸⁷⁸
1279 5207 1317 5261 ll
1355 5209 1480 5263 Cor.
1524 5225 1618 5274 xu,
1665 5211 1756 5266 10.

435 5296 544 5366 (ιθ)
579 5299 962 5360 Apostolorum
989 5299 1136 5353 Petri
1177 5317 1240 5354 ac
1273 5300 1420 5353 l’auli
1462 5303 1724 5357 mortibus
1773 5315 1826 5360 et
1856 5323 1937 5362 se—

368 5369 574 5441 pulcris
607 5367 791 5441 [inmte
831 5371 1172 5441 exstantibus
1224 5373 1433 5438 insigne
1483 5374 1788 5441 mirumque
1844 5378 1936 5431 (Iul.

365 5437 1016 5516 testimonialupisehius
1037 5441 1088 5490 in
1111 5437 1459 5509 Theophnniw
1479 5441 1615 5516 libro
1635 5437 1712 5504 tv,
1734 5461 1857 5511 cap.
1883 5448 1936 5514 7,

369 5504 451 5558 his
479 5506 654 5558 verbis
684 5525 696 5558 :
725 5504 1134 5578 Promissionem
1165 5504 1311 5563 suum
1354 5527 1410 5563 re
1457 5511 1784 5578 conﬁrmavit
1804 5504 1939 5569 'Ser;

365 5585 532 5650 valor,
561 5590 749 5650 nempe
793 5577 931 5650 hunc
975 5579 1141 5642 ipsum
1171 5582 1466 5650 Simonem,
1509 5577 1811 5650 cognomine
1837 5585 1936 5638 Ce-

365 5645 538 5714 phant.
591 5645 840 5711 oppidulo
875 5645 1111 5700 Galilww
1155 5645 1588 5714 Capharuaumo'
1616 5654 1932 5714 arium/unt.

367 5713 559 5790 inultas
592 5714 858 5790 hominum
889 5718 1095 5790 animas
1129 5713 1549 5772 illuminaturum
1583 5721 1674 5774 Dei
1710 5713 1930 5787 notitia:

368 5785 639 5865 ipsumque
670 5785 868 5864 pariter
897 5786 952 5864 iu
982 5788 1219 5865 universo
1244 5792 1365 5842 orbe
1391 5794 1659 5858 cognitum
1687 5793 1754 5845 iri
1774 5785 1933 5862 usque

371 5853 437 5902 ad
479 5850 776 5910 Occidentis
833 5858 1084 5926 regiones.
1129 5857 1262 5927 Ejus
1297 5869 1432 5914 certe
1455 5850 1730 5917 'mcmoria
1772 5850 1931 5926 uenite

2043 5027 2152 5095 pati
2177 5025 2291 5077 '7“.
2321 5023 2483 5092 quue
2509 5032 2739 5090 egerunt
2772 5034 3043 5090 praecepto
3071 5023 3188 5089 ejus
3227 5020 3611 5089 obsequentes,

2047 5120 2137 5190 qui
2167 5115 2336 5169 lmtari
2357 5117 2614 5170 docuerat
2639 5117 2682 5168 si
2709 5116 2924 5183 quando
2952 5123 3170 5183 propter
3207 5127 3330 5168 eum
3363 5120 3614 5182 pateren-

1852 5215 2074 5272 ""Act.
2110 5230 2166 5277 v,
2188 5211 2278 5265 41.

2036 5309 2104 5362 ad
2135 5307 2443 5359 hodiernum
2487 5314 2685 5366 tempus
2735 5303 2876 5368 apud
2936 5302 3200 5356 Romanos
3226 5299 3480 5352 celebrior
3513 5305 3611 5358 est,

2036 5394 2192 5448 quant
2221 5375 2312 5426 illo
2360 5377 2575 5448 heroum
2610 5387 2836 5426 ceterum
2867 5390 2884 5427 :
2914 5375 3051 5448 adeo
3097 5383 3151 5423 ut
3189 5371 3376 5438 dignus
3412 5383 3615 5448 quoque

2039 5439 2368 5501 existimatus
2421 5447 2582 5511 fuerit
2619 5446 2860 5509 sepulcro
2907 5444 3098 5508 insigni
3141 5449 3263 5492 ante
3295 5439 3614 5511 ψδιιιιι--θιιφ

2038 5534 2153 5570 rum
2179 5516 2356 5567 urbem
2392 5505 2596 5582 (nempe
2632 5505 2777 5566 trans
2825 5505 3052 5565 Tiberim
3096 5513 3154 5582 in
3199 5505 3614 5582 regioueui’ati-

2039 5586 2193 5653 cana)
2221 5591 2287 5636 ad
2322 5578 2460 5652 quod
2483 5578 2794 5650 populorum
2835 5599 2899 5634 ex
2925 5582 3064 5653 omni
3112 5580 3353 5653 Romana
3373 5578 3610 5653 Δάίιίοιιιξ,

2041 5646 2289 5724 tanquam
2406 5646 2609 5724 asylum
2638 5653 2982 5724 templumque
3027 5649 3144 5707 Dei.
3174 5649 3402 5724 accurrit
3433 5646 3614 5697 multi-

2045 5717 2192 5778 tudo.
2220 5754 2290 5764 —-
2312 5721 2438 5776 Pari
2463 5717 2616 5776 modo
2648 5722 2805 5774 Pauli
2840 5717 2978 5772 mors
3001 5721 3308 5787 martyrica,
3331 5717 3614 5787 dntmnque

2043 5797 2090 5847 ei
2117 5795 2430 5862 sepulcrum,
2458 5808 2768 5862 magnopere
2799 5807 2959 5858 usque
2989 5790 3058 5843 ad
3096 5786 3232 5843 hunc
3263 5788 3398 5841 diem
3429 5787 3483 5840 in
3507 5786 3615 5839 llo-

2045 5883 2202 5919 muntt
2229 5881 2256 5917 ιι
2266 5865 2350 5917 rbc
2375 5864 2722 5916 honorantur.
3389 5880 3393 5884 ·
