4130 6396
409 389 504 444 511

1563 394 2062 450 COMMENTARIA
2103 395 2166 448 IN
2207 396 2462 453 LUCAM.

3546 408 3652 463 812

410 507 601 576 χρόνον
633 503 1047 575 εἰδωλολατροῦν
1068 523 1080 534 ·
1128 505 1264 576 πλὴν
1307 509 1397 560 ἐπὶ
1429 508 1570 560 τέλει
1606 509 1701 579 τὴν
1741 509 1984 578 ὑπακοὴν

2090 510 2446 566 obedientiam
2496 513 2768 582 prmstitit.
2803 513 2974 572 Secus
3011 531 3137 571 vero
3184 517 3436 574 Judaieus
3483 537 3652 591 pepu-

411 597 739 661 ἐνεδείξατο·
773 596 832 650 τὸ
859 596 914 648 δὲ
954 597 1218 650 Ἰουδαίων
1246 597 1414 663 ἔθνος,
1458 601 1593 672 ὅπερ
1617 598 1684 672 ἦν
1714 603 1774 654 τὸ
1797 601 1979 654 δεύτε-

414 708 504 764 ρον
531 691 740 755 τέκνον,
773 688 908 760 μετά
942 691 1039 760 τὴν
1071 691 1352 746 ἀνάνευσιν
1375 695 1466 748 τοῦ
1491 696 1752 767 προτέρου
1785 695 1980 765 κληθὲν

409 783 502 835 ἐπὶ
532 783 629 852 τὴν
659 781 827 851 αὑτὴν
852 783 1112 852 ἐργασίαν
1151 783 1239 836 διὰ
1275 787 1550 849 Μωῦσέως
1579 786 1671 838 καὶ
1709 787 1814 838 τῶν
1849 803 1982 857 προ-

411 872 618 944 φητῶν,
653 873 795 943 λόγῳ
829 875 923 944 μὲν
966 874 1062 945 τὴν
1107 875 1413 947 προθυμίαν
1457 877 1781 943 ἐνεδείξατο·
1831 875 1981 931 εἷπον

410 963 643 1034 γάρ,ὃτι
689 965 872 1017 Πάντα
919 967 1214 1036 ποιήσομεν
1259 970 1352 1021 καὶ
1401 970 1750 1042 ἀκουσόμεθα
1791 971 1983 1042 ’ἔργῳ

409 1053 465 1105 δὲ
511 1056 616 1106 πᾶν
649 1055 971 1109 τούναντίον.
1022 1057 1112 1109 Διὸ
1138 1058 1464 1114 πυνθάνεται
1501 1063 1609 1114 τῶν
1629 1063 1928 1134 ἀρχιερέων
1956 1065 1983 1116 ὁ

411 1147 601 1218 Σωτήρ
619 1163 631 1174 ·
674 1147 768 1211 Τίς
795 1147 909 1215 ἄρα
937 1147 1055 1200 τῶν
1076 1149 1183 1203 δύο
1209 1152 1434 1206 τούτων
1454 1154 1703 1220 ἐποίησε
1719 1153 1784 1207 τὸ
1810 1154 1982 1222 θέλη-

411 1252 491 1302 μα
531 1236 635 1288 τοῦ
669 1237 928 1304 πατρός;
977 1239 1230 1292 Ἐκείνων
1260 1239 1316 1292 δὲ
1355 1242 1820 1313 ὁμολογησάντων,
1851 1245 1933 1296 ὃτι
1957 1245 1984 1296 ὁ

411 1327 645 1398 πρῶτος,
676 1328 758 1390 τίς
789 1325 856 1398 ἦν
881 1323 1035 1393 οὗτος
1074 1332 1101 1382 ὁ
1138 1333 1352 1404 πρῶτος
1380 1334 1635 1403 διασαφεῖ
1670 1334 1843 1403 λέγων
1863 1352 1876 1364 ·
1922 1339 1984 1390 Οἱ

410 1417 658 1471 τελῶναι
706 1420 802 1472 καί
835 1424 891 1473 αὶ
921 1423 1133 1489 πόρναι
1169 1423 1269 1476 καὶ
1312 1424 1436 1478 πᾶν
1463 1423 1528 1478 τὸ
1562 1423 1682 1477 τῶν
1717 1426 1987 1478 ἀπίστων

409 1510 598 1565 ἐθνῶν
625 1511 816 1581 τάγμα
840 1514 1256 1583 προσάγουσιν
1301 1515 1457 1586 ὑμᾶς
1485 1519 1572 1581 εἰς
1595 1517 1710 1584 τὴν
1746 1517 1987 1586 ἀγάπην

413 1605 530 1677 (55)
564 1605 669 1658 τοῦ
697 1605 862 1659 Θεοῦ.
883 1607 1056 1676 Ὑμᾶς
1087 1609 1141 1660 δέ
1169 1609 1340 1672 τίνας,
1371 1610 1403 1680 ἢ
1438 1609 1560 1672 τοὺς
1577 1611 1863 1682 ἀρχιερέας
1895 1613 1986 1665 καὶ

413 1696 832 1769 πρεσβυτέρους,
881 1699 976 1752 καὶ
1013 1702 1118 1753 πᾶν
1156 1701 1333 1754 αὑτῶν
1367 1702 1429 1754 τὺ
1461 1703 1631 1766 ἔθνος,
1669 1703 1729 1756 τὸ
1761 1703 1823 1774 δὴ
1847 1703 1987 1774 λόγῳ

416 1790 522 1859 μὴν
552 1789 1016 1860 ἐπαγγελλόμενον
1049 1791 1340 1857 θεοσεϐεῖν,
1373 1794 1553 1865 ἔργοις
1599 1795 1655 1848 δὲ
1691 1795 1988 1867 ἀντιπράτ-

411 1897 500 1933 τον
533 1884 598 1952 τῇ
626 1882 961 1955 ἐπαγγελίᾳ;
992 1886 1082 1938 Διὺ
1115 1887 1164 1938 οἱ
1189 1887 1286 1957 μὲν
1317 1887 1372 1953 ἐξ
1396 1888 1566 1942 ἐθνῶν
1599 1889 1991 1959 μεταϐαλόντες

410 1972 510 2042 τῆς
551 1973 820 2044 προτέρας
870 1975 1188 2046 μοχθηρίας,
1231 1977 1323 2030 καὶ
1363 1980 1609 2048 καρποὺς
1652 1979 1991 2049 ἐνδεξάμενοι

412 2065 509 2134 τῆς
536 2064 808 2134 βασιλείας
839 2065 1042 2130 ἀξίους,
1091 2067 1370 2132 τεύξονται
1408 2070 1576 2140 αὐτῆς
1597 2087 1610 2100 ο
1644 2072 1801 2140 ὑμεῖς
1832 2071 1911 2132 δὲ,
1943 2073 1992 2124 οἱ

414 2156 708 2222 φάσκοντες
748 2158 973 2220 ἑαυτοὺς
1015 2158 1149 2211 Θεοῦ
1188 2156 1327 2211 εἶναι
1359 2160 1543 2222 τέκνα,
1587 2161 1684 2230 τῆς
1717 2161 1992 2230 βασιλείας

413 2246 865 2317 ἐκκλεισθήσεσθε
886 2265 898 2277 ·
950 2250 1028 2301 ὅτι
1056 2250 1220 2319 ὑμεῖς
1252 2252 1348 2321 μὲν
1383 2253 1482 2305 οὑκ
1510 2252 1866 2306 ἐπιστεύσατε
1897 2254 1993 2307 αύ-

313 2411 324 2416 _
413 2335 508 2408 τῷ,
535 2339 584 2390 οἱ
618 2337 674 2390 δὲ
704 2338 928 2392 τελῶναι
970 2341 1063 2392 καὶ
1091 2342 1146 2393 αἱ
1179 2341 1375 2414 πόρναι
1398 2344 1740 2398 ἐπίστευσαν.
1777 2345 1868 2398 Διὸ
1899 2346 1992 2398 καὶ

414 2429 732 2482 ἐδικαίωσαν
773 2430 864 2483 τὸν
898 2430 1032 2483 Θεὸν
1055 2449 1067 2461 ·
1104 2432 1308 2496 δίκαιος
1345 2433 1453 2505 γὰρ
1489 2436 1660 2505 ἐφάνη
1705 2437 1797 2488 ἐπὶ
1828 2438 1992 2489 πᾶσιν

412 2514 494 2582 οἷς
528 2521 803 2591 ἐποίησεν,
845 2524 988 2592 ὑμᾶς
1034 2526 1129 2594 μὲν
1166 2525 1241 2588 ὼς
1273 2525 1519 2589 ἀπειθεῖς
1557 2527 1647 2578 καὶ
1671 2527 1992 2598 ἀγνώμονας

411 2610 792 2681 ἀπωσάμενος,
828 2613 1067 2676 ἐκείνους
1099 2615 1154 2667 δὲ
1183 2615 1258 2680 ὡς
1290 2617 1559 2681 εὐπειθεῖς
1583 2620 1677 2672 καλ⁹
1709 2620 1990 2692 εὐγνώμο-

413 2718 508 2763 νας
540 2701 937 2772 ἐκλεξάμενος..
965 2705 1074 2756 Καὶ
1119 2706 1217 2757 οὑκ
1256 2705 1407 2775 ἔχετε
1438 2707 1620 2761 λοιπον
1659 2711 1806 2780 αὐτῷ
1829 2713 1993 2779 ἐγκα-

411 2793 541 2856 λεῖν,
560 2793 588 2846 ὃ
604 2795 887 2866 προφήτης
907 2797 1090 2865 φησίνσ
1116 2796 1316 2862 ’Ὅπως
1345 2796 1420 2850 ἂν
1442 2797 1760 2868 δικαιωθῇς
1773 2803 1842 2855 ἐν
1869 2802 1991 2868 τοῖς

410 2884 612 2952 λόγοις
635 2898 772 2938 σου.

755 2977 857 3040 Εἰς
884 2975 997 3043 τὴν
1029 2976 1304 3030 ἄϐυσσον
1331 2979 1638 3034 ἀπελθεῖν.

480 3068 600 3121 ’Ότι
632 3069 721 3121 τὸν
758 3067 1046 3140 λεγόμενον
1083 3071 1350 3142 τάρταρον
1397 3071 1632 3126 ἄϐυσσον
1667 3071 1798 3125 θεῖοι
1845 3071 1989 3141 λόγοι

415 3177 658 3214 καλουσι.

414 3255 524 3311 Kal
541 3253 691 3324 γυνὴ
714 3251 871 3309 οὖσα
886 3255 954 3308 ἐν
965 3256 1144 3322 ῥύσει
1163 3257 1406 3397 αζμιῖἓοῦ·
1425 3257 1543 3311 ἀπὸ
1569 3254 1721 3310 ἐτῶν
1741 3241 1988 3320 δώδεκα,

1035 3343 1086 3378 κ.
1121 3343 1171 3380 τ.
1206 3343 1254 3379 Λ.
1416 3367 1429 3378 .

1035 3343 1086 3378 κ.
1121 3343 1171 3380 τ.
1206 3343 1254 3379 Λ.
1292 3343 1429 3380 1041.

493 3417 632 3485 Ἐγὼ
657 3417 712 3470 δέ
740 3417 839 3469 οὑκ
863 3415 1011 3480 ἀξιον
1035 3415 1274 3488 ἡγοῦμαι
1301 3418 1586 3488 παρελθεῖν
1619 3417 1865 3490 διήγησιν
1901 3421 1994 3474 καὶ

416 3511 528 3572 τοῖς
560 3509 676 3579 μεθ’
711 3511 856 3579 ἡμᾶς
890 3509 1322 3580 μνημονεύεσθαι
1370 3511 1546 3576 ἀξίαν.
1607 3511 1717 3582 Τὴν
1753 3511 1861 3582 γὰρ
1911 3515 1994 3565 αἱ-

419 3602 758 3674 μορροοῦσαν
807 3603 870 3656 ἐκ
899 3602 1168 3668 Πανεάδος
1211 3603 1395 3672 ἔλεγον
1435 3601 1728 3675 ὁρμᾶσθαι,
1781 3604 1872 3658 τόν
1933 3623 1990 3658 τε

416 3689 560 3747 οἷκον
594 3695 762 3765 αὐτῆς
796 3695 886 3747 ἐπὶ
919 3696 1016 3764 τῆς
1053 3697 1258 3760 πόλεως
1276 3696 1606 3761 δείκνυσθαι,
1641 3697 1860 3767 καὶτῆς
1890 3699 1992 3750 ὑπὸ

416 3787 509 3839 τοῦ
537 3787 786 3856 Σωτῆρος
805 3790 883 3850 εἰς
904 3788 1068 3858 αὐτὴν
1094 3789 1413 3859 εὐεργεσίας
1450 3789 1736 3859 θαυμαστά
1758 3791 1992 3862 τρόπαια

420 3880 776 3951 παραμένειν.
822 3881 1073 3934 Ἐστάναι
1107 3881 1215 3951 γὰρ
1255 3883 1338 3948 ἐφ’
1397 3880 1600 3951 ὑψηλοῦ
1663 3880 1808 3934 λίθου
1856 3881 1990 3953 πρὸς

422 3973 520 4041 μὲν
547 3975 667 4034 ταῖς
698 3972 892 4035 πύλαις
922 3972 1014 4024 τοῦ
1051 3973 1220 4042 αὑτῆς
1241 3973 1389 4025 οἴκου
1417 3972 1668 4040 γυναικὸς
1689 3973 1989 4043 ἐκτύπωμα

418 4063 666 4132 χάλκεον,
695 4065 786 4117 ἐπὶ
809 4065 936 4132 γόνυ
970 4065 1309 4134 κεκλιμένον,
1333 4065 1436 4118 καὶ
1456 4065 1778 4136 τεταμέναις
1815 4066 1904 4118 ἐπὶ
1930 4067 1991 4119 τὸ

419 4153 652 4225 πρόσθεν
684 4157 800 4217 ταῖς
823 4157 1028 4226 χερσὶν,
1057 4157 1370 4227 ίκετευούσῃ
1431 4157 1632 4220 ἐοικός·
1692 4157 1880 4211 τούτου
1933 4159 1990 4213 δὲ

419 4248 644 4317 ἀντικρὺ
673 4247 799 4300 ἄλλο
833 4248 932 4318 τῆς
966 4248 1135 4318 αὑτῆς
1164 4248 1294 4319 ὕλης
1323 4249 1512 4322 ἀνδρὸς
1543 4249 1721 4320 ὄρθιον
1781 4251 1986 4322 σχῆμα,

417 4338 660 4392 διπλοΐδα
695 4340 935 4411 κοσμίως
967 4341 1447 4414 περιϐεϐλημένον,
1474 4343 1566 4396 καὶ
1593 4343 1689 4414 τὴν
1721 4348 1876 4415 χεῖρα
1921 4348 1985 4416 τῇ

417 4433 634 4500 γυναικὶ
655 4437 933 4504 προτεῖνον
952 4451 964 4464 ·
989 4428 1050 4488 οὗ
1071 4434 1222 4505 παρά
1248 4438 1362 4499 τοῖς
1396 4436 1552 4489 ποσὶν
1576 4436 1668 4488 ἐπὶ
1708 4439 1772 4507 τῇ
1820 4437 1987 4510 στήλῃ

2085 606 2185 670 lus,
2216 607 2307 676 qui
2342 605 2393 656 in
2432 603 2603 659 altero
2637 607 2748 661 ﬁlio
2781 618 3108 676 reprtcsenta
3123 620 3227 674 tur,
3267 621 3386 679 post
3417 613 3650 680 print-eui

2087 698 2482 753 recusationem
2509 707 2731 752 vocatus
2759 699 2824 752 ad
2857 702 3102 753 eamdem
3142 715 3359 766 operam
3387 716 3483 770 per
3510 700 3655 773 Moy-

2084 806 2196 845 sem
2237 799 2398 858 atque
2451 791 2776 859 prophetas,
2830 793 2996 845 verbo
3038 791 3254 859 quidem
3302 807 3361 846 se
3405 804 3653 862 paratum

2084 883 2353 947 ostendit;
2396 881 2649 936 dixerunt
2692 884 2835 937 enim
2867 884 3046 936 omnia
3084 898 3143 937 se
3176 882 3417 938 facturos
3460 895 3518 937 et
3560 901 3656 938 au-

2088 975 2417 1029 scultaturos
2455 973 2537 1039 “;
2593 975 2686 1028 sed
2726 988 2892 1043 Opera
2944 989 3166 1048 prorsus
3215 977 3484 1029 contraria
3535 977 3654 1030 fuit.

2088 1067 2292 1121 Idcirco
2317 1069 2612 1135 interrogat
2642 1067 2922 1136 pontiﬁces
2952 1066 3208 1121 Servatur
3239 1085 3251 1121 :
3282 1067 3412 1132 Quis
3438 1085 3502 1123 ea:
3527 1068 3662 1126 d-uoa

2087 1159 2180 1212 bus
2211 1160 2527 1213 voluntatem
2581 1160 2750 1227 patris
2797 1160 3023 1227 fecerit?
3073 1158 3182 1213 Illis
3227 1161 3657 1228 conﬁtentibus,

2087 1251 2230 1316 quod
2275 1249 2465 1318 prior;
2518 1247 2767 1315 quisnam
2810 1265 2973 1318 porro
3011 1251 3098 1303 hic
3149 1251 3296 1319 prior
3331 1263 3509 1315 esset,
3545 1270 3660 1306 ma-

2089 1340 2314 1395 nifestat
2347 1342 2533 1395 dicens
2561 1358 2572 1393 :
2615 1341 2752 1394 Fore
2787 1351 2840 1393 ut
2884 1340 3151 1409 publicani
3179 1357 3242 1395 ac
3271 1346 3586 1410 meretrices,
3612 1355 3660 1398 et

2088 1433 2367 1486 universus
2402 1431 2799 1486 incredularum
2831 1434 3060 1500 gentium
3090 1434 3219 1487 ordo
3252 1435 3550 1503 pracedant
3576 1453 3660 1490 vos

2088 1527 2145 1580 in
2183 1525 2464 1579 dilectione
2516 1525 2615 1579 Dei
2661 1527 2729 1578 ".
2771 1524 2880 1579 Vos
2930 1539 3062 1578 vero
3109 1529 3414 1594 quosnam?
3458 1527 3662 1596 Nempe

2089 1618 2371 1686 pontiﬁces
2414 1626 2468 1671 et
2523 1617 2789 1682 seniores,
2823 1627 2876 1671 et
2907 1626 3074 1672 totam
3120 1628 3334 1686 gentem
3385 1619 3659 1688 ipsorum,

2089 1724 2210 1777 quae
2238 1709 2420 1763 verbis
2445 1709 2660 1776 quidem
2699 1708 2949 1776 religiose
2998 1723 3060 1764 se
3095 1724 3258 1780 agere
3289 1710 3519 1774 dicebat,
3568 1714 3662 1766 sed

2094 1802 2308 1856 actibus
2363 1799 2756 1870 professionem
2803 1802 3053 1870 negabat.
3107 1801 3231 1856 Ideo
3270 1803 3498 1871 gentiles
3541 1805 3664 1872 qui-

2093 1893 2236 1959 dem,
2272 1893 2454 1962 priore
2489 1895 2732 1962 nequitia
2758 1894 2980 1958 omissa,
3021 1894 3334 1966 fructusque
3370 1911 3535 1966 regno
3583 1898 3665 1948 di—

2092 2000 2230 2053 gnos
2275 1984 2562 2050 facientes,
2612 1986 2716 2040 hoc
2748 1987 3046 2054 potientur.
3080 1984 3188 2042 Vos
3233 1996 3412 2040 autem
3444 1988 3534 2056 qui
3571 1987 3664 2041 Dei

2093 2077 2233 2131 ﬁlios
2275 2087 2487 2131 vosmet
2535 2077 2842 2146 appellatis,
2894 2091 3064 2147 regno
3113 2078 3496 2145 expellemini;
3539 2080 3664 2145 quia

2093 2184 2189 2223 vos
2241 2169 2496 2222 nimirum
2555 2169 2774 2223 Christo
2829 2183 2935 2222 non
2990 2170 3339 2234 credidistis,
3397 2169 3666 2239 publicani

2092 2275 2222 2314 vero
2251 2275 2315 2316 ac
2349 2262 2664 2316 meretrices
2695 2261 3061 2316 crediderunt.
3106 2261 3471 2328 Quamobrem
3503 2265 3666 2316 etiam

2093 2352 2261 2406 Deum
2293 2353 2774 2423 justiﬁcaverunt:
2818 2357 3016 2426 quippe
3050 2356 3174 2424 quia
3209 2356 3254 2409 is
3283 2356 3466 2421 justus
3493 2369 3664 2423 appa-

2093 2445 2202 2497 ruit
2231 2444 2282 2497 in
2323 2445 2534 2499 cunctis
2563 2459 2683 2513 qua:
2721 2445 2870 2512 fecit,
2910 2461 3004 2500 vos
3048 2446 3264 2516 quidem
3312 2457 3371 2499 ut
3423 2445 3670 2499 incredu-

2093 2536 2173 2590 los
2203 2547 2257 2590 et
2297 2548 2538 2606 ingratos
2586 2538 2900 2607 repudians,
2935 2539 3057 2593 illos
3091 2549 3270 2591 autem
3299 2553 3397 2592 ceu
3433 2537 3667 2604 morige-

2094 2643 2184 2681 ros
2220 2627 2624 2695 benevolosque
2667 2628 2898 2697 eligens.
2927 2628 3288 2694 Quamobrem
3314 2629 3380 2682 de
3427 2643 3494 2682 eo
3544 2628 3666 2680 diu-

2094 2720 2201 2774 tius
2242 2719 2385 2772 haud
2440 2721 2669 2787 potestis
2713 2724 2997 2791 conqueri,
3051 2723 3103 2776 id
3150 2722 3290 2791 quod
3326 2723 3487 2775 etiam
3540 2735 3667 2787 pro-

2091 2810 2253 2880 pheta
2284 2812 2500 2867 aiebat;
2551 2810 2616 2865 Ut
2656 2811 2968 2881 justiﬁreris
3009 2815 3062 2866 in
3103 2811 3430 2866 sermonibus
3473 2810 3576 2863 tuis
3599 2809 3666 2864 ⁸³.

2535 2994 2580 3023 ⁸⁸
2607 2991 2676 3045 Ut
2714 2992 2766 3044 in
2795 2993 3038 3061 abyssum
3070 2991 3225 3045 irent.

2161 3087 2262 3154 Qui
2292 3087 2493 3140 dicitur
2523 3095 2784 3148 tartarus,
2817 3100 2938 3138 eum
2988 3084 3265 3154 appellant
3293 3083 3550 3153 abyssum
3583 3081 3667 3145 di-

2015 3193 2057 3250 c
2090 3181 2225 3234 vina:
2254 3178 2567 3246 Scriptura).

2187 3269 2233 3300 ⁸⁵
2260 3268 2330 3322 Et
2370 3269 2560 3322 mulier
2599 3265 2842 3334 qnwdam
2879 3263 3082 3334 eratin
3115 3262 3266 3330 fluxu
3305 3263 3579 3332 sanguinis

2514 3341 2578 3389 ab
2613 3333 2770 3387 eum;
2794 3333 3096 3396 duodecim,
3132 3342 3238 3386 etc.

2164 3431 2275 3501 Ego
2304 3445 2435 3484 vero
2466 3444 2680 3498 aequum
2724 3441 2830 3480 non
2867 3423 3055 3493 judico
3094 3423 3508 3492 praetermittere
3539 3436 3668 3475 nar-

2094 3525 2383 3589 rationem,
2420 3537 2540 3592 qua:
2571 3529 2910 3591 posterorum
2942 3531 3159 3585 quoque
3210 3515 3483 3568 memoria:
3517 3529 3668 3567 com-

2092 3615 2335 3670 mendari
2381 3623 2640 3667 meretur.
2705 3609 2949 3678 Namque
3001 3609 3142 3662 hanc
3206 3607 3665 3660 hazmorrhousam

2092 3708 2253 3764 domo
2291 3704 2542 3758 Paneade
2593 3702 2763 3756 fuisse
2810 3702 2999 3766 aiunt,
3027 3701 3256 3767 ejusque
3299 3697 3475 3750 adhuc
3525 3697 3666 3750 aedes

2093 3801 2144 3853 in
2185 3797 2318 3851 urbe
2357 3792 2734 3853 demonstrari,
2768 3792 2949 3861 ibique
2982 3789 3228 3842 beneﬁcii
3259 3788 3312 3841 in
3343 3801 3463 3839 eam
3490 3802 3517 3838 a
3545 3785 3666 3838 Ser-

2093 3901 2282 3944 vatore
2305 3888 2487 3944 collati
2511 3887 2702 3938 mirum
2722 3890 3123 3936 monumentum
3147 3891 3488 3948 permanere.
3507 3875 3666 3930 Stare

2089 3977 2340 4031 videlicet
2388 3977 2439 4029 in
2491 3973 2705 4028 excelsa
2751 3971 2958 4041 lapidea
3017 3967 3156 4032 basi,
3211 3982 3379 4037 prope
3420 3966 3663 4032 ejusdem

2089 4071 2281 4126 aedium
2331 4069 2494 4132 fores,
2533 4066 2776 4121 mulieris
2810 4078 3012 4118 teneam
3046 4061 3297 4132 efﬁgiem,
3331 4075 3468 4130 genu
3500 4058 3659 4122 ﬂeao,

2091 4164 2344 4217 inanibus
2369 4162 2660 4232 protensis,
2700 4155 3056 4226 supplicantis
3084 4155 3283 4222 specie.
3319 4152 3487 4221 Hujus
3515 4165 3546 4204 e
3574 4167 3663 4204 re-

2089 4256 2246 4324 gione
2281 4253 2441 4308 aliam
2473 4251 2714 4319 ejusdem
2737 4248 2978 4303 materia:
3005 4256 3240 4300 statuam
3267 4244 3368 4297 viri
3395 4254 3662 4306 erectam,

2089 4345 2328 4413 diploide
2361 4345 2585 4398 decente
2628 4340 2824 4402 induti,
2864 4354 2928 4392 ac
2969 4337 3183 4391 mulieri
3219 4351 3434 4389 manum
3483 4334 3660 4403 porri-

2091 4435 2294 4505 gentis;
2331 4435 2398 4488 ad
2421 4431 2574 4500 cujus
2603 4429 2768 4498 pedes
2803 4428 2855 4482 in
2889 4428 3004 4482 basi
3031 4426 3370 4494 peregrinum
3393 4423 3660 4493 quoddam

418 4523 567 4588 ξένον
590 4541 642 4577 τι
672 4524 898 4596 βοτάνης
928 4521 1066 4590 εἶδος
1101 4529 1253 4594 φυὲν,
1282 4527 1331 4590 ὃ,
1366 4528 1528 4598 μέχρι
1556 4529 1648 4581 τοῦ
1686 4531 1987 4600 κρασπέδου

2097 4527 2275 4582 herbae
2317 4541 2487 4596 genus
2519 4524 2773 4577 adnatum
2807 4529 2960 4584 erat,
2993 4529 3132 4588 ζιιυαι
3177 4533 3346 4586 usque
3391 4517 3461 4587 ad
3498 4529 3663 4570 aeneae

417 4617 516 4686 τῆς
539 4615 634 4669 τοῦ
682 4617 882 4686 χαλκοῦ
940 4617 1203 4682 διπλοΐδος
1261 4619 1431 4684 ἀνιὸν,
1468 4619 1908 4691 ἀλεξιφάρμακόν
1939 4639 1990 4675 τι

419 4709 688 4763 παντοίων
714 4727 841 4795 γοση
851 4711 1034 4780 μάτων
1055 4711 1329 4780 τυγχάνει.
1357 4711 1557 4765 Τοῦτον
1579 4713 1668 4766 τὸν
1701 4713 1991 4785 ἀνδριάντα

418 4802 512 4856 τοῦ
549 4801 722 4873 Ἰησοῦ
749 4803 930 4855 εἰκόνα
980 4803 1164 4872 φέρειν
1223 4802 1428 4872 ἐλεγον,
1461 4804 1521 4857 ὃν
1561 4803 1865 4876 Μαξιμῖνος
1892 4805 1991 4876 τῆς

1029 4915 1073 4946 ⁶²
1100 4914 1289 4969 Matth.
1322 4931 1435 4980 χχι,
1468 4915 1556 4970 51.

493 5028 608 5100 (55)
635 5029 706 5081 Ita
733 5039 960 5097 uterque
1001 5029 1128 5084 Val.
1161 5029 1282 5083 cod.
1323 5043 1420 5096 pro
1449 5028 1530 5091 εἰς
1560 5029 1658 5097 τὴν
1689 5027 1988 5100 βασιλείαν,

420 5101 475 5153 in
506 5099 741 5162 regnum.
769 5100 1062 5154 CorderiUs
1109 5113 1323 5168 quoque
1356 5099 1428 5151 ita
1461 5110 1520 5152 ut
1556 5113 1655 5152 nos
1685 5114 1744 5154 se
1797 5100 1992 5168 legisse

420 5171 557 5238 apud
590 5168 878 5238 Eusebium
917 5171 1274 5223 demonstrat.

494 5237 902 5309 (54)_b‘crihitur
928 5254 1162 5309 sequens
1201 5239 1421 5309 historia
1455 5238 1509 5292 in
1539 5247 1772 5306 utroque
1803 5238 1992 5292 codice

422 5307 662 5362 AgetL.
699 5309 798 5360 sub
841 5307 1056 5362 neruine
1087 5309 1322 5362 Eusebii.
1368 5307 1576 5378 lieapse
1621 5314 1810 5362 eadem
1854 5309 1986 5378 legi-

425 5390 511 5430 tur
547 5378 685 5447 apud
715 5380 959 5432 eumdem
993 5380 1278 5433 Eusebium
1316 5381 1366 5432 in
1395 5377 1533 5432 Hist.
1571 5381 1698 5432 εισι.
1749 5394 1842 5441 vtl,
1897 5379 1983 5431 i8.

424 5447 742 5515 Quanquam
766 5449 926 5500 etiam
948 5449 997 5501 iu
1023 5451 1123 5503 hoc
1143 5464 1240 5502 suo
1263 5450 1650 5502 connuentario
1675 5449 1740 5501 ad
1763 5464 1984 5515 evang.,

426 5519 514 5570 ubi
555 5517 756 5570 mentio
787 5527 873 5570 est
903 5517 1343 5584 haemorrhousaa,
1383 5519 1500 5571 ﬁeri
1545 5520 1628 5571 vix
1683 5529 1886 5586 potest,
1924 5531 1986 5572 ut

423 5588 668 5641 eamdem
703 5589 1063 5640 narrationem
1110 5599 1298 5642 auctor
1333 5604 1437 5641 non
1487 5589 1762 5652 retulerit,
1804 5589 1985 5641 variat

425 5667 606 5710 tamen
659 5655 791 5709 alter
835 5657 902 5708 ab
941 5658 1112 5712 altero
1159 5668 1330 5722 textu,
1370 5659 1521 5711 initio
1559 5674 1622 5711 ac
1673 5658 1795 5712 ﬁne.
1849 5657 1984 5710 Illud

427 5741 558 5781 vero
585 5725 904 5790 mirabilius,
932 5728 1074 5795 quod
1101 5743 1222 5781 cum
1258 5729 1309 5780 in
1337 5727 1571 5781 Historia
1597 5726 1857 5781 Eusebius
1887 5731 1980 5781 de-

431 5806 694 5854 structam
720 5805 953 5853 statuam
987 5811 1090 5853 non
1117 5796 1338 5865 scribat,
1370 5798 1423 5852 in
1458 5799 1556 5853 hoc
1587 5800 1976 5854 conmentario

494 4914 536 4944 ⁶¹
561 4914 732 4968 Exod.
761 4929 874 4980 xxx,
899 4914 953 4969 8.

1633 4915 1678 4946 “
1706 4914 1852 4970 Psal.
1893 4933 1945 4983 ι,
1974 4917 2027 4970 6.

2088 4618 2340 4688 diploidis
2370 4616 2642 4670 limbriam
2693 4625 3011 4680 assurgens,
3058 4609 3299 4678 cujusvis
3349 4607 3523 4661 morbi
3570 4622 3660 4660 re-

2089 4709 2323 4764 medium
2355 4717 2455 4762 est.
2509 4703 2621 4757 Hac
2650 4711 2826 4756 statua
2870 4698 3054 4753 lesum
3088 4695 3467 4768 repraesentari
3508 4695 3661 4750 dice-

2086 4804 2240 4864 bant,
2272 4813 2434 4868 quam
2482 4793 2810 4849 Maximinus
2846 4790 3142 4860 impietatis
3180 4803 3291 4845 suae
3323 4789 3663 4842 additamen-

2103 4915 2152 4952 “
2183 4929 2305 4982 Cap.
2339 4927 2459 4977 vm,
2489 4911 2578 4966 51.
2655 4911 2699 4943 ⁸⁵
2727 4925 2849 4981 cap.
2879 4925 2995 4974 vm,
3029 4907 3119 4961 £5.

2099 5027 2362 5097 dejectam
2410 5040 2447 5097 _a
2498 5022 2794 5097 maximinu
2842 5019 3102 5097 animiet,
3150 5018 3201 5071 in
3255 5033 3391 5087 quo'
3421 5032 3490 5096 ne
3537 5030 3658 5069 cum

2098 5090 2460 5162 Pliilosturgio
2491 5094 2824 5166 quidemlib.
2859 5107 2956 5166 vit,
2986 5090 3040 5154 5,
3064 5104 3238 5166 neque
3266 5104 3387 5142 cum
3423 5090 3538 5166 ejus
3569 5102 3659 5166 aso-

2098 5168 2242 5220 seela
2273 5159 2573 5234 hicéphoro
2619 5165 2854 5234 Callisto
2885 5163 2978 5216 lib.
3022 5177 3078 5234 ιι,
3115 5159 3204 5224 50,
3244 5159 3524 5234 congruit,
3563 5159 3657 5234 qui

2099 5248 2333 5290 Statuam
2371 5227 2645 5288 a'luliano
2676 5232 2974 5305 depositam
3009 5232 3214 5293 dicunt,
3246 5238 3300 5282 et
3331 5232 3398 5280 ab
3427 5227 3660 5305 ethnicis

2099 5307 2371 5376 Paneadis
2396 5305 2605 5359 civibus
2637 5304 2993 5376 ignominiose
3029 5309 3314 5376 tractatam
3345 5308 3658 5376 Sitio-Ill"!!-

2100 5389 2304 5430 nutam.
2342 5364 2997 5447 Creteroqui‘hsterinsin
3031 5372 3149 5447 cod.
3185 5369 3242 5431 ll,
3342 5366 3428 5447 853’,
3458 5364 3658 5447 alorci-

2090 5449 2328 5500 mianum
2362 5446 2545 5499 scribit
2569 5437 2684 5513 'pro
2720 5439 3170 5513 Illuximin_o.__Sic
3199 5439 3341 5513 enim
3374 5437 3654 5513 Asterius;

2087 5516 2234 5588 Αὕτη
2265 5516 2320 5568 δέ
2352 5517 2498 5569 ἐστιν
2531 5503 2640 5585 ἡέν
2671 5513 2902 5588 Πανεάδι
2930 5509 3006 5588 τῷ
3045 5506 3265 5588 Χριστῷ
3294 5509 3538 5588 στήσασα
3565 5503 3655 5588 τξν

2088 5573 2320 5657 χαλκοῦν
2354 5573 2643 5655 ἀνδριάντα
2678 5585 2759 5657 είς
2798 5573 3039 5657 ἀ-μοιϐἧν
3074 5573 3175 5648 τῆς
3215 5573 3656 5657 égsgyeol15'-6v

2087 5645 2182 5710 καὶ
2230 5658 2323 5710 ἐπὶ
2361 5645 2705 5724 Μαξιμιανοῦ
2751 5645 3142 5724 καθαιρεθῆναι
3181 5645 3278 5724 τοῦ
3319 5645 3653 5711 δυσσεϐοῦς,

2087 5729 2191 5800 πρὸ
2221 5728 2312 5781 τοῦ
2347 5716 2582 5798 μεγάλου
2616 5716 3494 5792 Κωνσταντίνουβασιλεύσαντος.
