4116 6388
464 412 572 473 8ιὸ

1139 354 1409 460 ΕυδΕΒιι
1446 396 1922 455 (ΖΑΞΞΑΒΙΕΝΒΙΒ
1957 393 2017 448 ()l

2150 391 2334 447 PARS
2372 390 2459 445 Ill.
2491 422 2558 433 ——
2596 388 3009 444 EXEGETICA.

3605 385 3709 441 544

466 540 584 588 tum
617 517 1019 598 (destruendo)
1040 516 1186 571 fecit.
1216 515 1392 584 Atque
1430 513 1544 568 haec
1576 512 1858 567 hactenus.
1882 507 2017 563 Nunt

2138 504 2332 558 ἑαυτοῦ
2352 500 2666 565 δυσσεϐείας
2697 500 2987 571 πάρεργον
3017 497 3327 569 ἐποιήσατο.
3384 497 3495 550 Καὶ
3538 495 3711 553 ταῦτα

465 621 732 687 reliquum
775 625 1076 668 sermonem
1107 618 1519 680 persequamur.

578 709 624 741 “
652 704 958 760 Convocatis
994 713 1165 753 autem
1197 695 1469 751 duodecim
1496 689 1766 759 discipulis
1795 694 1927 752 suis,

678 777 818 828 dedit
848 774 958 825 illis
996 772 1241 825 virtutem
1274 777 1320 820 et
1360 773 1686 833 potestatem,
1715 771 1823 815 etc.

546 876 647 930 Per
677 871 793 925 haec
827 863 1075 935 supernis
1104 858 1312 912 viribus
1359 854 1658 922 discipulos
1689 868 1819 907 suos
1854 852 2035 907 Domi-

465 982 566 1024 nus
597 962 869 1021 armabat,
898 965 961 1009 ut
1002 951 1266 1007 diabolica
1295 948 1346 1001 in
1379 946 1567 1016 primis
1596 946 1811 1013 agmina
1853 954 1909 998 et
1938 945 2035 998 lto-

468 1059 676 1116 minum
732 1048 1078 1109 inimicitias,
1130 1052 1186 1097 et
1234 1038 1578 1093 adversarius
1617 1037 1765 1090 acies
1809 1051 2030 1105 supera-

466 1160 627 1210 rent;
672 1145 869 1199 deinde
904 1155 933 1194 a
978 1136 1185 1192 morbis
1234 1143 1289 1189 et
1325 1130 1656 1185 omnimodis
1686 1127 2033 1195 passionibus

461 1241 769 1296 laborantes
826 1241 1119 1293 sanarent;
1185 1229 1381 1282 indicia
1443 1224 1694 1279 videlicet
1750 1222 2024 1290 praedicanti

461 1333 615 1404 regni
658 1328 870 1385 eunetis
899 1323 1212 1380 ltominibns
1245 1320 1515 1389 praebens.
1541 1316 1845 1386 Oportebat
1887 1315 2030 1367 enim

456 1442 555 1484 eos
595 1425 687 1496 qui
735 1423 1156 1488 inexspectatam
1209 1414 1512 1468 doctrinam
1556 1409 1897 1471 nuntiabant,
1942 1422 2032 1475 pe-

456 1517 798 1589 regrinomm
855 1520 1227 1576 novorumque
1276 1506 1543 1560 bonorum
1593 1504 1749 1571 signa
1799 1499 2030 1555 alumnis

457 1611 572 1665 suis
611 1606 892 1663 exhibere.
930 1601 1072 1656 Vere
1100 1599 1266 1669 igitur
1302 1604 1461 1650 erant
1499 1594 1649 1664 regni
1683 1594 1773 1648 Dei
1807 1593 2030 1648 demon.

455 1701 773 1764 strationes,
804 1696 1125 1767 prodigiosa}
1153 1693 1404 1754 virtutes,
1436 1698 1493 1745 et
1535 1687 1823 1750 miracula,
1867 1694 2029 1754 atque

456 1793 766 1849 animarum
793 1798 847 1844 et
875 1800 1163 1854 corporum
1192 1784 1502 1839 curationes
1527 1794 1558 1834 a
1582 1777 1875 1834 Servatore
1902 1791 2027 1845 per-

2141 598 2239 669 μὲν
2266 595 2458 666 ταύτῃ.
2497 595 2619 649 Ἐπὶ
2643 593 2702 647 δέ
2728 593 2789 645 τὸ
2814 591 2939 662 ἐξῆς
2969 590 3064 644 τοῦ
3086 590 3245 659 λόγου
3268 591 3567 661 προΐωμεν.

2134 686 2672 758 Συτκαιεσάμεκος
2687 684 2772 758 δὲ
2791 684 2933 750 τοὺς
3204 682 3474 758 μαᾷητᾲς
3496 681 3706 758 αὐζοῦ,

2193 752 2415 813 ἔδωκεν
2442 752 2646 821 αὐτοῖς
2676 754 2934 825 δύναμιν
2967 754 3065 808 καὶ
3091 752 3401 818 ἐξουσίαν,
3423 752 3488 806 ἡκ.
3520 770 3570 806 τ.
3601 752 3651 805 λ.

2124 852 2130 858 ’
2202 851 2301 905 Διά
2329 850 2505 904 ταῦτα
2538 848 2741 911 ἐνθέοις
2770 845 3029 916 δυνάμεσι
3061 844 3187 908 τοὺς
3238 841 3431 898 ἑαυτοῦ
3464 840 3710 914 μαθητὰς

2132 946 2162 997 ὁ
2194 943 2397 1015 Κύριος
2443 940 2699 1004 ὥπλιζεν,
2731 939 2806 1002 ὡς
2849 938 2916 993 ἂν
2971 940 3030 993 ἐν
3058 935 3295 1008 πρώτοις
3322 935 3391 990 τά
3420 934 3709 1007 δαιμονικά

2134 1034 2294 1107 στίφη
2321 1035 2415 1088 καὶ
2439 1032 2538 1096 τάς
2568 1030 2767 1102 ἐχθρὰς
2789 1029 2896 1083 τῶν
2919 1028 3219 1101 ἀνθρώπων
3261 1029 3355 1083 καὶ
3412 1028 3711 1099 πολεμικάς

2134 1127 2464 1198 παρατάξεις
2492 1125 2803 1195 καθαιροῑεν
2826 1140 2841 1154 ·
2876 1123 3067 1175 ἔπειτα
3095 1121 3266 1175 νόσων
3300 1121 3393 1173 καὶ
3443 1119 3710 1173 παντοίων

2132 1220 2320 1273 παθῶν
2354 1217 2705 1290 θεραπεύοιεν
2734 1217 2860 1280 τοὺς
2920 1213 3461 1285 καταπονουμένους’
3507 1211 3708 1283 γνωρί-

2133 1328 2312 1381 σματα
2343 1310 2407 1381 δὴ
2437 1310 2536 1380 τῆς
2556 1308 2962 1381 κηρυττομένης
2995 1306 3269 1378 βασιλείας
3300 1307 3552 1378 παρέχων
3575 1307 3708 1377 όρᾷν

2132 1403 2334 1455 ἆπασιν
2362 1399 2687 1472 ἀνθρώποις.
2727 1401 2921 1471 Ἐχρῆν
2956 1400 3084 1471 γάρ,
3114 1398 3413 1471 παράδοξον
3448 1400 3711 1470 κήρυγμα

2126 1482 2595 1563 καταγγέλλοντας
2624 1533 2640 1558 ,
2673 1492 2862 1563 (ξένων
2908 1493 3003 1546 καὶ¹
3050 1492 3185 1545 νέων
3231 1491 3449 1561 ἀγαθῶν
3500 1489 3706 1563 ἐναργῆ

2122 1588 2334 1657 ,σημεῖα
2380 1586 2641 1658 παρέχειν
2687 1587 2801 1649 τοῖς
2829 1583 3306 1656 μαθητευομένοις,
3337 1578 3519 1639 Ἦσαν
3542 1584 3587 1638 δ’
3612 1580 3720 1638 οὖν

2129 1677 2345 1749 άληθῶς
2364 1676 2499 1731 Θεοῦ
2540 1676 2814 1748 βασιλείας
2840 1677 3110 1749 δείγματα
3139 1678 3198 1730 αἱ
3231 1677 3514 1750 τεράστιαι
3550 1677 3712 1731 δυνά-

2132 1787 2273 1841 μεις,
2306 1771 2375 1825 τά
2395 1788 2456 1825 τε
2482 1771 2734 1842 θαύματα
2760 1770 2853 1823 καὶ
2898 1771 3155 1842 σωτήριοι
3186 1768 3374 1840 ψυχῶν
3395 1771 3490 1824 καὶ
3516 1772 3707 1841 σωμά-

455 1895 612 1939 actae.
661 1879 795 1935 Nam
826 1879 1055 1949 quilibet
1103 1890 1283 1931 sermo
1320 1870 1579 1943 operibus
1621 1885 1843 1936 cassus,
1889 1885 2017 1922 nun-

2125 1880 2234 1918 των
2272 1863 2586 1935 θεραπεῖαι·
2617 1864 2701 1918 ὅτι
2729 1864 2871 1927 ἆπας
2907 1862 3097 1931 λόγος,
3143 1862 3320 1933 ἔργων
3359 1863 3584 1934 ἔρημος,
3610 1862 3706 1916 οῦ-

452 1990 614 2043 quam
677 1973 879 2043 poterit
930 1971 1141 2024 ﬁrmam
1209 1966 1618 2038 persuasionem
1680 1961 2017 2015 audientibus

2126 1954 2244 2007 ποτ’
2263 1953 2328 2009 ἂν
2356 1954 2547 2025 ίσχύσῃ
2568 1958 2773 2025 πεῖσμα
2790 1954 3002 2024 βέϐαιον
3034 1955 3329 2025 ἐμποιῆσαι
3354 1959 3466 2020 τοῖς
3494 1958 3715 2026 ἀκροωον

454 2067 751 2122 insinuare.
802 2063 1090 2132 Propterea
1130 2061 1364 2129 patratis
1406 2057 1660 2127 operibus
1707 2055 1865 2110 ﬁdem
1913 2053 2017 2108 evi-

2127 2047 2326 2118 μένοις.
2362 2048 2454 2102 Διὸ
2484 2051 2604 2111 ταῖς
2658 2046 2724 2101 δι’
2761 2046 2937 2119 ἔργων
2980 2046 3423 2118 ἐπιτελουμέναις
3474 2048 3710 2119 πράξεσι

449 2158 668 2213 dentem
704 2152 1073 2226 praedicationi
1121 2151 1508 2206 conciliabant.
1561 2148 1619 2203 Si
1668 2160 1799 2213 ergo
1844 2143 2017 2197 verbis

2124 2140 2306 2194 πίστιν
2334 2141 2539 2212 ἐναργῆ
2574 2142 2833 2212 παρεῖχον
2861 2139 2939 2210 τῷ
2981 2139 3321 2210 κηρύγματι.
3352 2140 3417 2194 Ei
3454 2140 3583 2210 γοῦν
3608 2141 3704 2211 ψι-

451 2247 827 2303 tantummodo
852 2261 916 2301 ac
940 2245 1164 2300 vocibus
1193 2252 1395 2297 temere
1429 2240 1643 2295 emissis
1672 2238 1764 2293 Dei
1795 2251 2017 2306 regnum

2122 2229 2234 2295 λοῖς
2259 2232 2546 2302 ῥηματίοις
2571 2234 2664 2285 καὶ
2699 2235 2905 2301 φωναῖς
2927 2231 3051 2302 εἰκῆ
3084 2233 3525 2305 προφερομέναις
3568 2233 3713 2289 Θεοῦ

447 2340 663 2394 emotis
706 2338 1085 2401 iutimassent,
1127 2343 1184 2390 et
1234 2334 1531 2403 patriorum
1581 2333 1806 2386 deorum
1856 2327 2025 2383 aboli-

446 2433 694 2496 tionem,
746 2430 870 2500 quis
931 2429 1010 2483 eis
1070 2437 1304 2481 mentem
1377 2422 1741 2479 advertisset?
1805 2421 2022 2475 cuinam

447 2525 618 2579 Deum
649 2535 774 2577 esse
798 2518 1198 2590 persuasissent
1243 2516 1551 2570 nuntiatum
1587 2531 1616 2568 a
1653 2528 1712 2568 se
1738 2512 1944 2576 Iesum,
1976 2513 2021 2565 si

446 2616 654 2672 nullam
689 2628 786 2669 suo
818 2612 1127 2668 testimonio
1186 2610 1345 2664 (idem
1395 2608 1698 2664 fecissent?
1736 2607 1860 2662 ideo
1906 2620 2022 2661 scr-

446 2721 662 2762 monetn
696 2718 912 2759 omnem
946 2702 1141 2757 divinis
1170 2716 1555 2770 praeoccupans
1589 2701 1848 2753 Servator
1884 2700 2023 2751 acti-

444 2800 571 2864 bus,
613 2796 791 2868 primo
849 2794 1065 2864 quidem
1122 2808 1189 2849 ex
1236 2793 1419 2863 inepto
1464 2792 1589 2846 vita:
1626 2805 1864 2860 genere,
1904 2790 2021 2845 elo-

443 2888 790 2958 quentiaeque
825 2895 879 2941 et
918 2883 1158 2939 mortalis
1207 2884 1487 2953 sapientiae
1554 2892 1803 2950 expertes
1855 2882 2021 2936 disci-

444 2978 599 3048 pulos
637 2991 766 3033 suos
811 2976 877 3030 ad
908 2976 1070 3029 totius
1120 2975 1306 3028 mundi
1354 2974 1747 3029 correctionem
1798 2973 2018 3045 delegit.

446 3068 652 3124 Deinde
698 3068 1003 3138 piscatores
1052 3065 1358 3120 animarum
1416 3065 1776 3121 humanarum
1836 3081 1895 3121 se
1927 3082 2021 3121 eos

443 3159 763 3215 effecturum
808 3174 1176 3229 praemonens,
1212 3169 1400 3211 auctor
1448 3159 1559 3225 ipse
1611 3158 1687 3210 rei
1728 3159 2017 3228 proposita:

443 3249 699 3316 exstitit;
747 3250 888 3305 unde
914 3263 1008 3304 eos
1055 3248 1378 3303 mirabilium
1425 3248 1789 3318 prodigiorum
1823 3264 2013 3317 opera-

445 3354 592 3398 tores
627 3342 878 3405 reddidit,
913 3341 1013 3395 bos
1059 3340 1167 3394 illis
1201 3339 1389 3394 hamos
1422 3342 1707 3395 animabus
1749 3341 2017 3396 salutares

442 3433 833 3504 suppeditans,
888 3438 948 3485 u't
990 3431 1055 3486 iis
1097 3441 1383 3501 captarent
1434 3440 1597 3502 atque
1630 3449 1695 3486 ex
1750 3433 2015 3501 profundo

442 3526 699 3596 nequitiae
745 3525 944 3596 abysso
992 3525 1221 3578 mortale
1252 3539 1420 3592 genus
1453 3527 1827 3588 extraherent,
1862 3527 2016 3581 malis

441 3618 642 3687 fugatis
682 3617 1001 3689 spiritibus.
1040 3618 1285 3673 morbum
1334 3618 1631 3685 quemlibet
1674 3619 2016 3690 languorem-

441 3725 547 3780 que
597 3718 856 3765 sanantes
919 3718 1052 3763 nutu
1096 3708 1251 3778 ejus;
1299 3713 1531 3766 nondum
1587 3711 1731 3766 enim
1783 3712 2016 3781 Spiritus

439 3805 596 3856 datus
641 3801 816 3856 fuerat
845 3804 912 3856 ⁸⁷.

438 3893 484 3928 ⁸³
511 3892 662 3948 Nihil
691 3893 922 3948 tuleritis
948 3894 1002 3949 in
1030 3896 1139 3961 via,
1181 3910 1342 3965 neque
1366 3893 1600 3960 buculos,
1632 3911 1793 3967 neque
1811 3912 2011 3963 peram.

508 4050 819 4107 Secundum
846 4051 1157 4108 Mattbaeum
1193 4053 1412 4122 quidem
1442 4054 1509 4120 ",
1545 4054 1662 4109 auri
1701 4065 1758 4109 et
1804 4053 2013 4124 argenti

437 4143 672 4214 arisque
724 4158 978 4214 possessu
1023 4146 1090 4200 iis
1140 4144 1460 4212 interdixit,
1517 4146 1683 4200 futuri
1731 4149 2012 4218 praescius.

435 4236 922 4292 Auimadvertebat
947 4237 1091 4292 enim
1129 4239 1246 4293 fore
1277 4240 1452 4307 utqui
1491 4240 1697 4296 morbis
1735 4241 1804 4296 ab
1831 4241 1912 4295 eis
1952 4241 2015 4295 li-

436 4329 783 4397 berarentur,
811 4338 866 4385 et
906 4331 1300 4388 insanabilibus
1326 4333 1480 4387 malis
1511 4334 1775 4389 immunes
1800 4334 2013 4400 ﬂerent,

434 4431 631 4474 cuncta
694 4436 790 4477 sua
837 4424 1161 4491 patrimonia
1210 4424 1276 4479 iis
1324 4426 1515 4481 cedere
1563 4425 1783 4481 vellent.
1834 4427 2013 4495 Quare

2124 2322 2398 2392 βασιλείαν
2440 2324 2520 2386 εἰς
2566 2324 2775 2387 πάντας
2808 2323 3001 2387 ἐϐόων,
3030 2324 3329 2378 κατάλυσὶν
3358 2342 3419 2378 τε
3450 2326 3559 2380 τῶν
3601 2344 3706 2380 πα-

2120 2414 2289 2486 τριῶν
2323 2414 2480 2480 θεῶν,
2514 2416 2600 2479 τίς
2628 2415 2695 2470 ἂν
2720 2417 2901 2478 αὐτοῖς
2943 2415 3185 2486 παρέσχε
3216 2416 3307 2469 τὸν
3331 2416 3489 2483 νοῦν;
3516 2418 3635 2473 τίνα
3658 2419 3709 2471 δ”

2120 2505 2186 2560 ἂν
2219 2506 2443 2562 ἔπεισαν
2485 2507 2618 2561 Θεὸν
2649 2504 2790 2562 εἶναι
2827 2508 2921 2562 τὸν
2974 2509 3180 2578 Ἰησοῦν
3224 2510 3701 2579 καταγγέλλοντες,

2125 2600 2391 2671 μηδεμίαν
2439 2600 2498 2654 δέ
2549 2600 2733 2655 πίστιν
2758 2604 2824 2673 τῇ
2862 2601 3138 2672 μαρτυρίᾳ
3170 2602 3568 2673 προσάγοντες;
3611 2605 3706 2658 Διὸ

2121 2696 2297 2749 πάντα
2325 2694 2484 2763 λόγον
2516 2692 2727 2757 θεῖκαῖς
2780 2692 3184 2763 προλαμϐάνωυ
3226 2691 3491 2763 πράξεσιν
3518 2696 3547 2747 ό
3588 2696 3700 2748 Σω-

2119 2785 2243 2855 τὴρ,
2274 2783 2469 2853 πρῶτα
2511 2783 2611 2854 μὲν
2656 2783 3108 2854 ἀνεπιτηδεύτως
3141 2784 3230 2838 τὸν
3281 2786 3501 2857 τρόπον,
3529 2786 3699 2856 λόγων

2117 2894 2178 2928 τε
2209 2876 2303 2930 καὶ
2323 2877 2511 2946 σοφίας
2540 2875 2741 2946 θνητῆς
2785 2876 3044 2948 ἀπείρους
3074 2877 3201 2940 τοὺς
3232 2876 3398 2930 αὐτοῦ
3454 2878 3698 2951 μαθητάς

2119 2969 2212 3023 ἐπὶ
2239 2968 2573 3040 κατορθώσει
2596 2968 2698 3039 τῆς
2739 2969 2866 3039 ὅλης
2902 2968 3227 3040 οἰκουμένης
3260 2971 3696 3043 προεχειρίζετο·

2117 3062 2351 3117 κᾶπειτα
2373 3061 2623 3126 άλιευτάς
2649 3060 2836 3131 ψυχῶν
2874 3060 3233 3132 ἀνθρωπίνων
3260 3064 3510 3133 ποιήσειν
3563 3080 3697 3134 προ-

2118 3153 2294 3222 φήσας
2326 3152 2540 3218 αὐτοὺς,
2573 3152 2802 3224 ποιητὴς
2839 3152 3000 3216 αὐτὸς
3045 3153 3253 3221 ἐγίνετο
3298 3156 3399 3225 τῆς
3462 3158 3699 3225 ἐπαγγε-

2116 3241 2235 3305 λίας
2263 3259 2277 3272 σ
2335 3242 2455 3296 ὅθεν
2499 3243 2816 3315 παραδόξων
2866 3243 3160 3315 θαυμάτων
3214 3247 3453 3317 ἐργάτας
3505 3249 3701 3313 αὐτοὺς

2115 3334 2496 3403 ἀπειργάζετο,
2535 3334 2805 3407 ἄγκιστρα
2824 3335 2998 3390 ταῦτα
3030 3336 3217 3408 ψυχῶν
3247 3342 3488 3413 σωτήρια
3524 3334 3702 3415 παρα·

2114 3425 2287 3489 διδοὺς
2312 3426 2509 3489 αὐτοῖς,
2539 3425 2614 3489 ὡς
2634 3426 2699 3480 ἂν
2731 3427 2799 3480 δι’
2836 3427 3013 3482 αὐτῶν
3040 3431 3393 3500 σαγηνεύοιεν
3423 3434 3516 3488 καὶ
3544 3434 3701 3489 ἀνέλ-

2116 3534 2262 3571 κοιεν
2306 3517 2371 3570 ἐκ
2410 3517 2505 3571 τοῦ
2555 3519 2653 3590 τῆς
2716 3519 2911 3584 κακίας
2947 3519 3106 3591 βυθοῦ
3157 3523 3231 3593 τὸν
3275 3522 3465 3596 θνητὸν
3513 3526 3690 3595 γένος,

2116 3609 2401 3681 πνεύματα
2429 3612 2640 3682 πονηρά
2661 3611 3070 3680 φυγαδεύοντες,
3100 3614 3196 3667 καὶ
3221 3617 3396 3669 πᾶσαν
3416 3615 3569 3670 νόσον
3594 3617 3693 3671 καὶ

2118 3703 2390 3774 μαλακίαν
2427 3702 2643 3775 ἰώμενοι
2664 3705 2758 3758 ἐπὶ
2779 3704 2878 3776 τῆς
2908 3707 3175 3779 ἐπιταγῆς
3198 3708 3295 3779 τῆς
3318 3707 3480 3762 αὑτοῦ
3497 3726 3511 3738 ο
3538 3707 3693 3763 οὔπω

2115 3797 2223 3867 γὰρ
2249 3792 2318 3867 ἦν
2355 3796 2580 3868 Πνεῦμα
2606 3797 2908 3869 δεδομένον.

2113 3887 2319 3956 Μηδὲν
2343 3888 2537 3957 αἴρετε
2567 3892 2654 3957 είς
2683 3889 2811 3960 τὴν
2828 3891 3015 4027 ⁷ἴδον,
3043 3891 3198 3962 μήτε
3238 3892 3520 3962 ῥάϐδους,
3543 3893 3697 3963 μήτε

2780 3978 2821 4013 π
2862 3979 3002 4027 ραν.

2780 3978 3002 4030 πηραν.

2181 4050 2339 4105 Κατὰ
2373 4051 2470 4124 μέν
2499 4046 2591 4106 οὖν
2634 4053 2727 4107 τὸν
2776 4055 3058 4109 Ματθαίον
3085 4056 3289 4128 χρυσοῦ
3319 4057 3414 4111 καὶ
3452 4056 3697 4129 ἀργύρου

2115 4145 2210 4198 καὶ
2239 4144 2441 4216 χαλκοῦ
2474 4145 2572 4218 τὴν
2593 4147 2787 4218 κτῆσιν
2821 4148 3002 4211 αὐτοῖς
3027 4149 3359 4222 ἀπηγόρευε,
3395 4147 3697 4221 προγνώσει

2113 4238 2207 4291 τοῦ
2238 4238 2522 4309 μέλλοντος
2543 4255 2558 4270 ο
2602 4238 2848 4311 συνεώρα
2892 4239 3001 4313 γὰρ
3018 4280 3033 4303 ,
3060 4241 3137 4305 ὡς
3163 4242 3272 4313 ἄρα
3299 4242 3350 4294 οἱ
3382 4240 3481 4304 τὰς
3509 4241 3696 4306 νόσους

2115 4331 2206 4384 ὑπ’
2238 4330 2416 4384 αὐτῶν
2445 4330 2982 4403 θεραπευθησόμενοι
3010 4334 3102 4387 καὶ
3134 4334 3244 4388 τῶν
3269 4335 3502 4388 ἀνιάτων
3523 4334 3700 4388 ἁπαλ-

2113 4424 2475 4495 λαγησόμενοι
2516 4422 2724 4488 παθῶν,
2752 4423 3070 4495 ἐθελήσουσι
3112 4426 3208 4479 καὶ
3265 4426 3480 4479 πάντων
3515 4425 3697 4488 αὐτοῖς

436 4511 489 4566 id
534 4527 917 4582 praeoccupans
962 4518 1313 4586 praecipiebat
1359 4533 1426 4574 ne
1458 4519 1688 4588 gratiam
1740 4535 2013 4588 caupona-

2119 4518 2222 4571 τῶν
2255 4516 2608 4588 ὑπαρχόντων
2636 4518 2900 4588 ἐκχωρεῖν
2919 4532 2933 4547 δ
2962 4516 3044 4570 διὸ
3091 4516 3265 4571 ταῦτα
3292 4514 3580 4590 προλαϐὼν
3618 4515 3698 4568 δι-

436 4613 648 4671 rentur,
691 4621 866 4676 neque
909 4608 1048 4663 dona
1093 4610 1184 4664 Dei
1218 4610 1431 4666 venalia
1482 4612 1767 4667 baberent.
1806 4611 2006 4667 Verum

2119 4609 2411 4674 ἐστέλλετο,
2439 4607 2514 4681 μὴ
2538 4608 2867 4679 καπηλεύειν
2888 4609 2988 4681 τὴν
3016 4609 3175 4681 χάριν
3209 4609 3342 4681 μηδὲ
3365 4609 3696 4681 πιπράσκειν

434 4698 732 4751 secundum
760 4698 995 4769 reliquos
1008 4702 1373 4771 evangelistas
1391 4706 1676 4775 ipsumque
1698 4704 2008 4761 Mattbzeum

432 4805 540 4844 non
576 4790 760 4845 sinens
783 4806 877 4847 eos
895 4794 1123 4865 virgam,
1157 4810 1333 4867 neque
1364 4813 1569 4869 peram,
1603 4813 1779 4868 neque
1797 4799 2011 4855 calcea-

433 4890 639 4945 tnenta,
675 4896 849 4951 neque
880 4885 1014 4941 duas
1055 4887 1266 4943 tunicas
1288 4926 1307 4954 ,
1336 4888 1430 4943 sed
1463 4904 1637 4959 neque
1682 4904 1875 4958 panem
1916 4904 2010 4958 pc-

429 4973 758 5044 cuniamque
790 4985 1038 5047 portare,
1066 4994 1188 5034 cum
1223 4993 1447 5052 peregre
1476 4991 1659 5037 essent
1692 4982 2006 5051 profecturi,

429 5062 560 5119 hinc
594 5065 845 5134 capiebat
879 5069 1312 5131 experimentum
1362 5071 1575 5127 illorum
1626 5072 1748 5127 ﬁdei
1795 5082 1850 5128 et
1893 5072 2008 5127 ala-

431 5156 667 5221 critatis,
698 5158 743 5213 si
777 5160 995 5228 quidem
1025 5158 1165 5230 jussi
1213 5164 1612 5232 pauperrimam
1644 5162 1811 5217 vitam
1847 5164 2007 5232 dege-

432 5263 513 5314 re,
546 5265 723 5321 neque
764 5253 934 5320 ipsius
963 5255 1265 5324 quotidiani
1295 5254 1534 5309 alimenti
1576 5268 1760 5310 curam
1792 5270 2002 5325 gerere,

432 5358 612 5415 neque
649 5349 948 5403 secundam
1003 5351 1240 5421 tunicam
1294 5350 1536 5415 habere,
1587 5364 1761 5418 neque
1809 5349 2005 5405 calceis

431 5438 533 5502 uti,
567 5453 687 5493 cum
717 5448 895 5497 tamen
929 5442 1239 5496 universum
1276 5442 1463 5498 orbem
1505 5456 1798 5513 peragrare
1843 5441 2004 5496 debe-

433 5537 575 5594 rent,
628 5532 980 5588 nihilominus
1023 5532 1174 5602 jttssa
1209 5533 1352 5589 haud
1381 5534 1766 5589 detrectarent.
1804 5530 1909 5587 Sed
1949 5540 2006 5586 et

434 5623 578 5686 amni
622 5625 864 5692 pecunia
919 5639 1128 5689 amore,
1184 5626 1581 5694 mundanisque
1632 5625 1779 5680 curis
1815 5638 2004 5679 carere

507 5824 555 5862 “'
582 5841 700 5899 cap.
730 5843 805 5895 ts,
835 5829 885 5882 l.
962 5827 1006 5858 ⁸⁷
1036 5826 1191 5884 Joan.
1223 5844 1319 5900 vn,
1346 5828 1434 5886 39.
1514 5830 1557 5862 θλ
1590 5845 1707 5901 cap.
1744 5846 1819 5895 ιιι,
1854 5832 1906 5886 3.

2111 4702 2182 4757 τὰ
2202 4704 2267 4756 ἐκ
2308 4700 2440 4756 Θεοῦ
2498 4700 2779 4774 παραινῶν
2830 4700 3011 4773 δῶρα*
3058 4700 3199 4755 κατά
3227 4701 3285 4755 δὲ
3316 4702 3441 4765 τοὺς
3478 4699 3695 4764 λοιποὺς

2112 4796 2321 4850 καὶτὸν
2356 4795 2519 4849 αὑτὸν
2546 4795 2825 4849 Ματθαῖον
2853 4794 2928 4866 μὴ
2968 4793 3279 4866 ἐπιτρέπων
3324 4795 3505 4856 αὐτοῖς
3557 4791 3695 4863 μήτε

2116 4889 2330 4962 ῥάϐδον,
2355 4890 2491 4961 μήτε
2525 4888 2725 4959 πήραν,
2762 4889 2901 4960 μήτε
2936 4886 3280 4958 ὑποδήματα,
3311 4887 3447 4957 μήτε
3475 4884 3566 4938 δύο
3607 4901 3694 4953 χι-

2111 4980 2309 5046 τῶνας,
2342 4979 2480 5033 ἀλλά
2516 4981 2642 5053 μήτ’
2670 4981 2857 5052 άρτον,
2898 4980 3037 5052 μήτε
3063 4979 3326 5052 ἀργύριον
3370 4975 3694 5045 ἐπάγεσθαι,

2115 5074 2412 5145 μέλλοντας
2449 5062 2537 5127 ἐπ’
2569 5074 2877 5144 ἀλλοδαπῆς
2937 5073 3272 5136 στέλλεσθαι,
3316 5068 3544 5140 δοκιμὴν
3595 5067 3698 5139 τῆς

2106 5166 2285 5220 αὐτῶν
2313 5166 2551 5232 πίστεώς
2574 5184 2635 5221 τε
2659 5167 2754 5221 καὶ
2778 5166 3086 5241 προθυμίας
3116 5165 3441 5235 ἐλάμϐανεν,
3460 5164 3530 5225 εἰ,
3550 5176 3697 5232 παρα

2106 5259 2461 5330 αγγελθέντες
2510 5260 2602 5314 τὸν
2650 5261 2834 5333 ἄκρως
2866 5260 3150 5332 ἀκτήμονα
3179 5257 3293 5328 βίον
3320 5255 3583 5328 μετιέναι,
3618 5251 3699 5317 ὡς

2111 5351 2248 5423 μηδέ
2278 5351 2379 5422 τῆς
2410 5353 2688 5425 ἐφημέρου
2721 5352 2929 5425 τροφῆς
2964 5352 3222 5425 πρόνοιαν
3261 5347 3552 5410 ποιεῖσθαι,
3592 5362 3698 5416 μη-

2111 5443 2168 5497 δὲ
2190 5444 2443 5517 δεύτερον
2470 5444 2771 5514 ἐπάγεσθαι
2798 5444 3021 5515 χιτῶνα,
3051 5442 3187 5516 μηδέ
3213 5440 3522 5511 ὑποδήμασι
3559 5435 3696 5506 χρῆ-

2114 5535 2260 5603 σθαι,
2298 5538 2587 5610 μέλλοντες
2611 5538 2711 5611 τὴν
2740 5538 3031 5609 σύμπασαν
3069 5535 3474 5608 ἐκπερινοστεῖν
3513 5530 3696 5584 οἰκου-

2113 5628 2303 5701 μένην,
2333 5633 2408 5703 μὴ
2437 5630 2685 5701 φεύγοιεν
2719 5632 2785 5686 τὰ
2809 5632 3241 5706 παραγγέλματα
3260 5648 3273 5660 ·
3299 5626 3432 5697 ἀλλὰ
3460 5623 3553 5679 καὶ
3572 5623 3696 5693 ἀφι-

1989 5832 2034 5868 "
2059 5831 2243 5888 Matth.
2294 5848 2347 5898 ι,
2378 5832 2431 5899 9,
