4116 6392
433 331 538 385 5ῑῦ

1596 330 2092 387 (ΣΟΜΜΕΝΤΑΒΙᾹ
2136 334 2199 388 IN
2239 333 2491 389 LUCAM.

3555 338 3658 392 546

430 446 802 517 λοχρημάτους
826 442 1143 514 ἁφρόντιδὰς
1164 460 1221 495 τε
1250 444 1341 495 τοῦ
1366 442 1476 513 βίου
1514 444 1622 497 δεῖν
1646 447 1839 509 αὐτοὺς
1865 444 1999 502 εἶναι

2105 462 2197 501 eos
2235 448 2421 501 voluit.
2458 447 2629 503 Porro
2675 455 2851 501 autem
2889 447 3332 513 contestabatur,
3390 450 3502 505 luce
3555 453 3661 523 illis

432 536 768 607 βουλόμενος.
801 534 985 587 Ταῦτα
1015 533 1430 605 διεμαρτύρατο,
1462 536 1536 599 ὡς
1553 536 1618 588 ἂν
1645 538 1752 591 τῶν
1777 540 1840 591 ὲκ
1862 540 1995 592 Θεοῦ

428 629 674 699 δομάτων
700 625 868 697 ταύτῃ
894 644 967 696 πη
1000 627 1181 689 αὐτοῖς
1204 626 1597 697 δοθησομένων,
1633 631 1679 681 εί
1713 632 1805 683 καὶ
1847 632 1999 685 αὐτοὶ

430 720 560 788 παρ’
594 718 797 770 ἑαυτῶν
830 718 919 769 τὸν
950 717 1279 789 κατάλληλον
1335 719 1446 788 βίον
1503 722 1721 787 ἐπάξιον
1760 725 1859 795 τῆς
1893 726 1999 777 τῶν

430 809 588 861 θείων
618 810 967 878 χαρισμάτων
1006 812 1251 879 κτήσεως
1298 815 1766 881 παρασκευάζοιεν
1793 835 1806 848 ·
1829 836 1998 889 προσ-

429 903 583 971 ήκειν
644 902 750 971 γὰρ
783 901 1015 972 ἀμοιϐήν
1040 919 1158 956 τινα
1188 903 1512 974 ποιήσασθαι
1538 908 1632 959 καὶ
1680 908 2001 963 ἀντικαταλ-

427 992 709 1057 λάξασθαι,
736 992 1153 1062 ὑποδεχομένους
1191 996 1287 1064 μὲν
1322 994 1471 1065 παρά
1494 996 1585 1048 τοῦ
1612 997 1745 1052 Θεοῦ
1774 1001 1873 1062 τάς
1899 1018 2002 1054 σω-

429 1085 649 1154 τηρίους
672 1085 764 1137 καὶ
787 1085 1139 1155 εὐεργετικάς
1162 1085 1462 1155 ἀνθρώπων
1490 1088 1764 1159 δυνάμεις,
1806 1092 2001 1145 ἀντιδι-

431 1175 608 1239 δύντες
640 1176 695 1228 δὲ
728 1175 874 1246 αὐτῷ
901 1178 1144 1248 ὑπακοὴν
1173 1177 1280 1230 τῶν
1303 1178 1468 1231 αὐτοῦ
1500 1182 1998 1252 παραγγελμάτων.

436 1268 741 1338 προθυμίαν
770 1285 828 1320 τε
854 1268 945 1321 καὶ
978 1268 1293 1339 προαίρεσιν
1340 1268 1623 1339 ἐλευθέραν
1648 1271 1749 1341 τῆς
1778 1273 1914 1342 πρὸς
1935 1274 2002 1327 τά

436 1357 660 1426 βιωτικά
714 1357 1072 1426 συμπαθείας.
1121 1358 1279 1411 Ἀλλὰ
1327 1362 1420 1412 καὶ
1483 1360 1709 1413 πλοῦτον
1756 1362 2002 1433 οὐράνιον

431 1451 549 1511 ταῖς
575 1448 751 1502 αὐτῶν
788 1449 984 1518 ψυχαῖς
1024 1450 1466 1521 ὑποδεχομένους,
1504 1452 1602 1521 τῆς
1644 1471 1702 1505 τε
1740 1455 1833 1507 τοῦ
1869 1456 2001 1508 Θεοῦ

434 1540 709 1608 βασιλείας
736 1542 1045 1613 ἀρῤαϐῶσιν
1095 1542 1575 1614 ἐφοδιαζομένους,
1601 1545 1708 1597 τῶν
1760 1547 1853 1599 ἐπί⁸
1900 1547 2005 1616 γῆς

430 1637 786 1703 καταφρονεῖν
804 1637 997 1705 χρῆναι
1028 1634 1137 1687 δεῖν
1159 1632 1293 1704 ᾠετο
1310 1653 1323 1665 ·
1353 1637 1447 1689 καὶ
1468 1638 1602 1706 μήτε
1624 1638 1845 1707 χρυσὸν,
1869 1642 2003 1710 μήτε

430 1726 708 1794 χρήματα,
743 1726 877 1795 μήτε
906 1742 958 1817 τι
987 1725 1094 1777 τῶν
1135 1729 1268 1797 παρ’
1301 1727 1607 1798 ἀνθρώποις
1657 1729 1850 1799 τιμίων
1904 1732 2003 1784 ἐπ-

2102 556 2128 592 a
2175 539 2281 593 Deo
2328 541 2508 593 datum
2546 540 2607 592 iri
2639 539 2798 602 dona,
2829 538 2873 593 si
2907 539 3144 593 vicissim
3184 541 3280 609 ipsi
3312 540 3525 610 dignam
3578 546 3661 599 di-

2100 631 2239 683 vinis
2262 631 2681 683 charismatihus
2710 630 2869 682 vitam
2902 640 3080 683 essent
3114 630 3367 699 ingressi.
3397 631 3661 702 Oporlere

2099 719 2240 771 enim
2278 726 2516 770 mutuam
2545 720 2831 786 quamdam
2860 734 2979 772 esse
3010 720 3439 785 retributionem,
3471 738 3662 792 nempe

2101 825 2129 861 a
2173 808 2279 861 Deo
2312 810 2556 876 accipere
2586 808 2876 863 salutarem
2912 820 3073 879 atque
3098 812 3395 866 beneficam
3429 815 3662 869 homini-

2100 898 2201 951 bus
2255 908 2618 965 potestatem,
2678 899 3024 969 vicissimque
3099 903 3241 971 ipsos
3297 905 3659 960 obedientiam

2104 987 2371 1039 mandatis
2401 987 2518 1055 ejus
2546 987 2827 1050 exhibere,
2862 992 3339 1058 promptitudinem
3373 1006 3427 1048 et
3462 1010 3663 1063 propo-

2101 1076 2264 1130 situm
2297 1078 2441 1130 omni
2493 1078 2676 1131 mundi
2725 1078 2915 1132 aﬂ'ectu
2961 1081 3207 1135 liberum.
3240 1082 3345 1136 Sed
3391 1094 3447 1138 et
3498 1089 3663 1141 etule-

2100 1169 2274 1221 stibus
2323 1171 2516 1237 opibus
2575 1171 2754 1225 animo
2804 1172 3068 1238 imbutos,
3122 1184 3178 1229 et
3239 1177 3387 1243 regni
3442 1178 3532 1232 Dei
3574 1195 3663 1234 ar-

2102 1262 2217 1315 rhis
2262 1263 2579 1327 instructos,
2614 1273 2865 1331 oportere
2889 1274 3106 1320 terrena
3146 1267 3426 1337 despicere
3453 1270 3665 1337 judica-

2105 1356 2234 1409 bat:
2287 1372 2460 1426 neque
2512 1373 2725 1421 aurum,
2784 1374 2958 1427 neque
3018 1360 3237 1415 divitias
3295 1377 3469 1429 neque
3517 1364 3663 1417 aliud

2102 1447 2318 1515 quidvis
2349 1448 2486 1517 apud
2522 1449 2769 1503 homines
2815 1450 3113 1518 pretiosum
3160 1454 3310 1520 pensi
3354 1455 3659 1510 habendum

2102 1551 2213 1604 prze
2239 1538 2437 1590 collato
2471 1538 2602 1605 ipsis
2623 1540 2884 1593 cmlorum
2921 1541 3197 1597 thesauro.
3234 1543 3338 1597 Sed
3367 1556 3424 1599 et
3465 1548 3664 1602 milites

2105 1629 2322 1680 eosdem
2360 1630 2509 1697 regni
2554 1629 2645 1683 Dei
2675 1632 3055 1697 conscribens,
3097 1634 3375 1701 expeditos
3418 1650 3536 1690 esse
3568 1654 3663 1691 cu-

2108 1721 2263 1775 rabat
2317 1722 2382 1775 ad
2438 1724 2879 1778 committendum
2926 1740 3049 1778 cum
3100 1728 3347 1783 hostibus
3391 1730 3662 1797 proelium.

429 1815 578 1881 ἀξιον
611 1816 860 1887 ἡγεῖσθαι
907 1809 1001 1869 τοῦ
1032 1818 1469 1888 παρασχεθέντος
1518 1822 1701 1884 αὐτοῖς
1752 1822 1999 1892 οὐρανίου

2102 1809 2398 1878 Propterea
2423 1811 2541 1865 sine
2563 1813 2889 1880 patrimonio
2904 1828 3024 1867 esse
3040 1814 3251 1871 volebat
3276 1818 3474 1874 milites
3500 1837 3658 1875 suos:

428 1908 675 1961 πλούτου.
725 1908 882 1961 Ἀλλά
912 1911 1005 1962 καὶ
1028 1909 1363 1980 στρατιώτας
1396 1912 1592 1975 αὐτοὺς
1616 1914 1715 1983 τῆς
1740 1914 1832 1966 τοῦ
1860 1916 1994 1968 Θεοῦ

426 2000 700 2069 βασιλείας
728 2002 1023 2063 ἀποτελῶν,
1054 2000 1319 2065 εὐζώνους
1348 2003 1757 2073 παρεσκεύαζεν
1784 2007 1876 2059 ἐπὶ
1907 2007 1997 2060 τὸν

2101 1901 2296 1954 etenim
2335 1902 2501 1955 Nemo
2537 1903 2772 1957 militum
2813 1904 3044 1971 implicat
3083 1922 3137 1959 se
3192 1910 3372 1962 mundi
3408 1912 3663 1980 negotiis,

2105 2000 2159 2043 ut
2191 1992 2259 2055 ei,
2293 2008 2324 2044 a
2353 2008 2452 2061 quo
2487 1996 2809 2061 conscriptus
2838 1997 2965 2064 fuit,
2999 1997 3200 2066 placeat
3230 2000 3298 2057 7°.

432 2095 569 2163 πρὸς
616 2096 741 2158 τοὺς
791 2095 1196 2165 ἀντικειμένους
1230 2096 1481 2166 πόλεμον.
1535 2096 1632 2149 Διά
1693 2097 1862 2151 ταῦτα
1930 2102 2239 2174 ἀκτήμονας
2283 2101 2416 2159 εἶναι
2472 2107 2703 2179 παρῄνει
2744 2110 2869 2172 τοὺς
2919 2112 3079 2165 αὐτοῦ
3120 2114 3491 2184 στρατιώταςο
3546 2119 3667 2173 ἐπεὶ

430 2185 655 2253 Μηδεὶς
679 2188 1153 2253 στρατευόμενος
1184 2186 1539 2270 ἐμπλέκεται
1562 2188 1691 2254 ταῖς
1720 2190 1823 2243 τοῦ
1838 2192 1981 2254 ,βίου
2007 2198 2448 2263 πραγματείαις,
2478 2198 2575 2251 ἵνα
2597 2198 2675 2263 τῷ
2705 2202 3253 2270 στρατολογήσαντι
3272 2206 3486 2275 ἀρέσῃ.

506 2276 612 2329 Καὶ
635 2279 722 2342 είς
748 2274 829 2343 ἣν
857 2276 931 2329 ἂν
950 2278 1147 2332 οὶκίαν
1179 2264 1487 2345 εἰσέλθητε
1505 2319 1519 2341 ,
1547 2279 1672 2333 ἐκεῖ
1701 2280 1931 2348 μένετε.

514 2368 571 2421 Ὀ
606 2369 789 2438 μέντοι
818 2368 1039 2438 Κύριος,
1073 2369 1255 2440 ἐπειδὴ
1300 2370 1595 2441 χρημάτων
1659 2374 1752 2425 καὶ
1802 2376 2000 2444 χρυσοῦ

426 2458 521 2512 καί
554 2459 791 2530 ἀργύρου
826 2460 920 2511 καὶ
950 2459 1171 2529 χιτῶνος
1202 2460 1475 2533 δευτέρου,
1510 2464 1691 2535 πάσης
1719 2484 1778 2518 τε
1825 2468 2001 2541 ὑπάρ-

426 2550 561 2616 ξεως
598 2552 695 2621 τὴν
731 2551 920 2620 κτῆσιν
956 2556 1064 2615 τοῖς
1107 2552 1372 2623 μαθηταῖς
1424 2555 1818 2627 ἀπηγόρευσεν,
1875 2560 2004 2630 ἑξῆς

426 2642 731 2705 ἀκολούθως
760 2644 901 2696 κατά
926 2644 1019 2696 τὸν
1049 2645 1339 2711 Ματθαῖον,
1373 2647 1519 2710 ὅπως
1537 2648 1605 2700 τά
1632 2649 1766 2719 πρὸς
1798 2652 2003 2723 τροφὴν

427 2737 608 2798 αὐτοῖς
643 2735 1049 2807 πορισθήσεται,
1075 2736 1385 2804 ἀναγκαίως
1413 2738 1656 2807 διεσάφει
1679 2756 1692 2769 ·
1716 2740 1794 2793 διὸ
1829 2742 2002 2812 ἐπῆγε

424 2826 596 2893 λέγων
619 2843 631 2856 ·
669 2825 861 2891 Ἄξιος
904 2829 936 2880 ό
976 2827 1227 2895 ἐργάτης
1256 2825 1363 2894 τῆς
1393 2829 1618 2898 τροφῆς
1657 2832 1863 2885 αὐτοῦ.
1892 2834 2003 2887 Καὶ

425 2918 566 2971 τοῦτ’
596 2919 745 2987 ἔλεγε
782 2919 986 2990 τροφῆς
1044 2920 1210 2991 μόνης
1238 2922 1549 2992 ἐπιτρέπων
1594 2927 1866 2977 κοινωνεῖν
1892 2927 2002 2989 τοῖς

428 3010 697 3064 ἐθέλουσιν
740 3012 919 3073 αὐτοῖς
972 3011 1336 3081 μεταδιδόναι·
1393 3014 1645 3069 τοσοῦτον
1707 3016 1751 3069 δ’
1797 3017 2003 3085 ἀποφέ-

424 3103 615 3174 ρεσθαι
678 3102 987 3173 συνεχώρει,
1017 3104 1138 3155 ὅσον
1188 3102 1458 3175 αὔταρκες
1508 3101 1577 3176 ῆν
1632 3106 1805 3178 ἀνδρὶ,
1864 3107 2003 3178 πρὸς

431 3197 703 3267 ἐφήμερον
725 3195 984 3265 ἐργασίαν
1007 3194 1195 3248 ἐαυτὸν
1232 3196 1597 3266 μεμισθωκὸτι
1616 3238 1631 3262 ,
1662 3200 1868 3271 τροφῆς
1911 3217 2005 3271 με-

431 3288 702 3340 ταλαϐεῖν.
741 3285 895 3338 Οῦτω
928 3285 1059 3353 γοῦν
1091 3288 1186 3340 καὶ
1222 3291 1333 3350 τοῖς
1359 3288 1415 3341 δε
1447 3289 1646 3355 ἐξεῖναι
1674 3292 1735 3343 οὐ
1778 3291 2003 3361 μισθοὺς

431 3377 539 3429 τῶν
564 3376 890 3449 εὐεργεσιῶν
919 3377 1361 3449 εἰσπράττεσθαι,
1391 3380 1623 3447 Δωρεὰν
1647 3382 1777 3451 γὰρ,
1817 3386 2001 3455 φησὶν,

431 3471 694 3534 ἐλάϐετε,
729 3470 954 3538 δωρεὰν
982 3469 1145 3524 δότε·
1178 3471 1298 3524 ἀντὶ
1330 3472 1387 3524 δὲ
1412 3472 1513 3541 τῆς
1567 3474 1696 3543 περὶ
1736 3473 1797 3525 τὸ
1834 3475 2005 3545 κήρυ-

2103 2289 2148 2319 ’ί
2172 2289 2234 2341 Et
2264 2290 2319 2343 in
2345 2306 2704 2360 quamcunque
2729 2293 2943 2346 domum
2973 2294 3308 2360 intraveritis,
3341 2298 3412 2349 ibi
3439 2309 3664 2353 manete.

2176 2384 2431 2437 Dominus
2460 2384 2673 2451 quidem
2699 2396 2981 2455 postquam
3011 2387 3317 2441 divitiarum
3351 2400 3401 2443 et
3430 2394 3544 2444 auri
3578 2402 3665 2445 at-

2104 2486 2210 2541 que
2241 2485 2475 2542 argenti,
2505 2474 2846 2542 duplicisque
2881 2477 3095 2542 tuuicre,
3138 2488 3192 2532 et
3225 2479 3513 2547 cujuslibet
3538 2483 3667 2535 sub-

2103 2566 2314 2619 stantiaa
2347 2567 2743 2635 possessionem
2793 2568 3071 2638 discipulis
3114 2581 3395 2635 vetuerat;
3449 2575 3665 2637 deinde,

2105 2667 2163 2711 ut
2193 2658 2439 2725 sequitur
2482 2657 2622 2726 apud
2652 2656 2958 2712 Matthreum
2986 2661 3055 2724 τ’,
3098 2665 3366 2729 quomodo
3410 2663 3663 2718 alimenta

2106 2747 2344 2801 habituri
2386 2748 2515 2809 sint,
2546 2748 2854 2802 necessario
2882 2749 3290 2803 demonstravit.
3331 2752 3452 2804 Ideo
3485 2754 3665 2807 dicere

2105 2840 2382 2909 perrexit:
2440 2838 2637 2909 Dignus
2659 2848 2734 2893 est
2763 2841 3032 2907 operarius
3071 2842 3317 2895 alimento
3360 2859 3470 2895 suo.
3503 2842 3667 2912 quue

2105 2934 2304 2993 aiebat,
2341 2932 2527 2987 volens
2563 2934 2876 2988 alimoniam
2922 2935 3297 2987 tantummodo
3342 2935 3669 3003 participare

2105 3022 2171 3075 ab
2204 3022 2268 3076 iis
2295 3023 2385 3091 qui
2416 3023 2593 3077 daturi
2624 3033 2779 3076 erant
2805 3041 2817 3076 :
2860 3032 3174 3090 tantumque
3199 3039 3410 3077 sumere
3446 3025 3670 3092 permit-

2108 3111 2290 3173 tebat,
2328 3120 2590 3178 quantum
2622 3112 2942 3166 nutrimenti
2984 3112 3189 3166 homini
3218 3113 3287 3167 ob
3319 3113 3496 3167 diurni
3532 3129 3667 3183 ope—

2107 3202 2184 3256 ris
2218 3203 2520 3257 mercedem
2558 3205 2692 3259 satis
2719 3214 2801 3259 cst
2829 3205 3098 3274 accipere.
3133 3204 3224 3260 Sic
3249 3220 3376 3275 ergo
3422 3208 3504 3262 his
3531 3225 3670 3278 quo—

2105 3305 2209 3360 que
2267 3290 2432 3346 licere
2482 3292 2623 3346 haud
2684 3308 2816 3347 sane
2868 3295 3115 3349 beneﬁcii
3176 3300 3666 3353 remunerationem

2106 3384 2344 3453 exigere,
2372 3383 2549 3439 Gratis
2575 3385 2712 3438 enim
2738 3385 3027 3452 accepistis,
3070 3385 3265 3455 inquit,
3308 3390 3471 3458 gratis
3505 3392 3667 3455 date;

2109 3476 2201 3530 sed
2244 3490 2339 3544 pro
2380 3475 2623 3543 impensa
2655 3474 3056 3544 praadicatiouis
3087 3492 3271 3545 opera,
3310 3494 3515 3549 proque
3543 3497 3665 3535 cor-

430 3580 545 3634 γμα
576 3563 769 3634 σχολῆς
795 3579 852 3615 τε
870 3562 963 3615 καὶ
985 3563 1265 3634 ἐργασίας,
1293 3563 1411 3617 ἀντί
1443 3582 1501 3617 τε
1538 3564 1646 3619 τῶν
1678 3565 1854 3621 πόνων
1910 3566 1999 3619 τοῦ

2106 3566 2382 3636 poralibus
2412 3566 2710 3631 laboribus,
2740 3581 2874 3635 quos
2895 3568 2962 3622 ab
2986 3568 3051 3621 iis
3079 3568 3342 3621 exantlari
3369 3570 3420 3623 in
3458 3580 3663 3626 tantam

435 3655 703 3726 σώματος,
739 3654 831 3718 οὒς
860 3654 1129 3726 τοσαύτην
1163 3656 1545 3727 στελλομένους
1597 3658 1822 3728 πορείαν
1856 3658 2001 3722 είκὸς

428 3744 497 3819 ἦν
546 3746 835 3818 ὑπομένειν
883 3746 1098 3811 αὐτοὺς,
1132 3746 1298 3819 μόνης
1325 3750 1529 3820 τροφῆς
1552 3751 1652 3819 τῆς
1699 3751 2002 3818 ἀναγκαίας

429 3841 625 3910 χρῆναι
664 3838 1091 3909 μεταλαμϐάνειν
1117 3856 1130 3869 ·
1161 3840 1255 3892 καὶ
1282 3840 1481 3912 ταύτης
1518 3840 1591 3911 μὴ
1621 3844 1732 3904 τοῖς
1780 3842 2002 3912 τυχοῦσι

431 3934 725 3993 κοινωνεῖν,
755 3930 887 4001 μηδέ
909 3929 1059 4000 παρά
1082 3930 1187 3982 τῶν
1211 3931 1468 4001 παρέχειν
1493 3931 1779 3985 ἐθελόντων
1804 3932 2003 3986 ἀϐασα-

430 4023 627 4084 νίστως
675 4020 991 4090 λαμϐάνειν,
1040 4020 1233 4091 μόνους
1288 4022 1344 4074 δέ
1394 4023 1515 4086 τοὺς
1548 4020 1729 4087 ἀξίους
1748 4026 1814 4095 τῇ
1844 4023 2003 4095 λήψει

429 4116 595 4185 τιμᾷν
617 4131 629 4143 ·
656 4108 736 4176 οἷς
765 4113 856 4165 καὶ
904 4112 1163 4182 μεγίστην
1197 4113 1430 4184 ἀμοιϐὴν
1468 4114 1565 4184 τῆς
1612 4115 1816 4186 τροφῆς
1867 4132 2001 4185 προ-

430 4206 803 4276 λαμϐάνοντας
826 4204 1160 4269 ἀντιδιδόναι,
1186 4206 1407 4276 εἰρήνην
1430 4206 1613 4269 αὐτοῖς
1644 4208 1737 4259 καὶ
1768 4207 1865 4270 τὰς
1908 4206 2000 4260 τοῦ

426 4296 560 4350 Θεοῦ
594 4296 883 4365 διαλλαγάς
912 4295 1447 4367 εὐαγγελιζομένους.
1476 4298 1659 4351 Ταῦτα
1692 4299 1735 4351 δ’
1775 4299 1999 4353 ἀκολού-

428 4391 535 4454 θως
563 4392 674 4453 τοῖς
688 4390 795 4459 τῆς
828 4388 992 4441 αὐτοῦ
1022 4387 1298 4458 βασιλείας
1330 4388 1687 4460 στρατιώταις
1733 4391 1997 4463 παρῄνει·

426 4479 980 4551 προμαρτυρούμενος
1015 4478 1088 4550 μὴ
1119 4480 1417 4552 χρημάτων
1452 4482 1719 4551 ἐφίεσθαι,
1755 4484 1889 4554 μηδέ
1922 4501 2003 4537 τι-

424 4590 513 4637 νος
563 4572 621 4625 τὸ
672 4572 929 4643 παράπαν
979 4573 1257 4642 κτήματος
1308 4573 1504 4644 μικροῦ
1543 4574 1575 4645 ἢ
1632 4574 1890 4644 μεγάλου,
1921 4578 2001 4640 εἰς

424 4665 593 4737 ἄκρον
624 4664 668 4716 δ’
712 4663 954 4717 ἐλαύνειν
1003 4665 1412 4736 ἀκτημοσύνης·
1452 4667 1552 4736 τῆς
1602 4683 1661 4719 τε
1725 4667 1998 4740 ἐφημέρου

425 4758 630 4829 τροφῆς
658 4756 731 4827 μὴ
754 4759 865 4819 τοῖς
894 4756 1080 4815 πᾶσιν.
1104 4756 1136 4827 ἢ
1167 4760 1278 4819 τοῖς
1302 4757 1471 4823 ἀξίοις
1501 4758 1681 4828 μόνοις
1706 4762 1995 4812 κοινωνεῖνο

426 4852 520 4903 καὶ
563 4849 696 4921 μηδὲ
734 4848 884 4917 παρά
908 4847 1111 4902 τούτων
1140 4850 1339 4918 προῖκα
1369 4848 1634 4902 ποιεῖσθαι
1689 4849 1787 4919 τὴν
1837 4850 2000 4920 μετά-

425 4941 617 5011 ληψιν,
668 4940 1122 5012 προδανείσαντας
1176 4939 1232 4992 δὲ
1286 4941 1379 4993 καὶ
1424 4942 1996 5012 προευεργετήσαντας

423 5035 542 5095 ταῖς
567 5035 694 5103 παρ’
718 5032 924 5085 ἑαυτῶν
959 5032 1248 5100 εὐλογίαις.
1280 5064 1349 5072 -
1373 5031 1720 5103 Περιφράξας
1745 5034 1869 5095 τοὺς
1901 5050 1999 5103 μα-

425 5122 592 5194 θητάς
616 5126 644 5177 ὁ
674 5124 875 5196 Κύριος
909 5123 1110 5187 ἐνθέοις
1142 5124 1399 5194 δυνάμεσι
1421 5124 1515 5177 καὶ
1546 5125 1658 5187 τοῖς
1684 5124 1993 5193 φιλοσόφοις

424 5220 828 5290 παραινέσεσιν,
862 5218 1126 5284 εὐζώνους
1160 5219 1355 5281 αὐτοὺς
1386 5213 1473 5271 οἷα
1526 5217 1661 5271 Θεοῦ
1720 5218 1996 5288 βασιλείας

426 5313 760 5381 στρατιώτας
800 5311 1250 5382 ἀπεργασάμενος
1297 5310 1590 5381 ἐξέπεμψε,
1647 5310 1996 5373 διδασκάλους

420 5401 515 5456 καὶ
541 5403 754 5473 ἰατροὺς
778 5405 888 5465 τοῖς
926 5402 1216 5465 Ἰουδαίοις,
1249 5401 1452 5472 μυρίων
1483 5402 1663 5465 αὐτοῖς
1701 5400 1989 5470 ἐσομένους

421 5492 642 5561 ἀγαθῶν
680 5493 965 5567 προξένους
994 5496 1086 5547 καὶ
1114 5480 1379 5564 κήρυκας.
1412 5496 1473 5547 Οἱ
1524 5494 1579 5547 δέ
1620 5494 1759 5547 κατά
1818 5492 1992 5545 ταῦτα

421 5585 656 5649 ἐποίουν,
689 5587 782 5638 καὶ
815 5584 1086 5656 πανταχοῦ
1123 5585 1433 5656 περιῄεσαν,
1463 5585 1534 5648 ὡς
1563 5585 1661 5655 μὲν
1685 5583 1993 5638 διδάσκαλοι

496 5770 540 5799 ⁷ο
574 5766 613 5821 ll
640 5767 777 5823 Tim.
811 5784 866 5837 ll,
900 5770 983 5823 l0.
1057 5768 1098 5799 τ¹
1125 5782 1244 5837 cap.
1290 5784 1365 5835 tx,
1393 5768 1443 5823 4.
1516 5770 1559 5799 ⁷²
1589 5767 1773 5823 Matth.
1803 5782 1855 5833 ι,
1890 5766 1969 5821 lt).

2103 3658 2497 3727 expeditionem
2535 3658 2714 3712 missis
2743 3672 2875 3725 opus
2912 3667 3049 3723 erat,
3078 3658 3222 3712 aliud
3255 3660 3385 3714 nihil
3415 3674 3667 3732 oportere

2106 3761 2266 3816 quam
2297 3748 2654 3801 necessariam
2688 3747 2995 3802 alimoniam
3026 3749 3299 3817 accipere:
3337 3761 3498 3820 atque
3526 3752 3665 3809 hanc

2108 3840 2282 3909 ipsam
2333 3854 2443 3893 non
2488 3838 2555 3893 ab
2600 3841 2851 3895 omnibus
2899 3839 3267 3894 indifferenter
3312 3856 3530 3897 sumere
3573 3846 3663 3912 qui

2105 3932 2233 3986 dare
2276 3932 2494 3996 vellent,
2524 3932 2618 3987 sed
2651 3947 2745 3987 eos
2779 3932 3151 3987 tantummodo
3180 3934 3280 3988 hac
3314 3934 3552 3989 muneris
3585 3951 3670 3991 ac-

2104 4023 2355 4092 ceptione
2412 4022 2684 4078 honorare
2732 4023 2822 4093 qui
2868 4024 3011 4092 digni
3059 4034 3265 4090 essent,
3308 4035 3363 4080 et
3414 4026 3506 4095 qui
3550 4042 3669 4081 ma-

2105 4116 2306 4168 ximam
2345 4114 2455 4182 jam
2490 4116 2712 4185 Lpridem
2744 4115 2852 4170 dati
2893 4116 2999 4171 cibi
3050 4118 3537 4172 remunerationem
3575 4135 3668 4172 ae-

2104 4205 2377 4274 cepissent
2424 4204 2491 4259 ab
2533 4205 2602 4260 iis
2648 4205 2738 4273 qui
2781 4220 2965 4274 pacem
2996 4214 3050 4260 et
3096 4222 3218 4260 cum
3269 4208 3375 4261 Deo
3422 4211 3667 4265 reconci-

2103 4295 2379 4351 liationem
2410 4296 2805 4367 evangelizant.
2836 4295 2958 4351 Haac
3016 4308 3376 4371 consentanea
3408 4300 3554 4369 regni
3582 4301 3669 4356 sui.

2104 4389 2373 4444 militibus
2431 4390 2721 4456 monebat;
2766 4398 2990 4445 testatus
3029 4398 3223 4455 antea,
3262 4406 3366 4444 non
3414 4404 3667 4460 oportere

2102 4479 2296 4548 opibus
2324 4480 2554 4545 inhiare,
2601 4493 2696 4534 nec
2728 4478 3014 4546 cujuslibet
3041 4482 3263 4536 omnino
3296 4481 3413 4537 sive
3454 4499 3667 4553 magna;

2106 4570 2221 4624 sive
2254 4572 2432 4625 tenuis
2471 4572 2548 4624 rei
2586 4572 2911 4641 possessioni
2942 4587 2956 4636 ;
2991 4573 3083 4626 sed
3115 4582 3480 4642 paupertatem
3513 4591 3667 4629 sum-

2104 4679 2247 4718 mam
2278 4666 2495 4721 sectari.
2523 4664 2663 4729 Quin
2702 4664 2858 4726 adeo,
2886 4672 2943 4717 ut.
2987 4664 3219 4719 diximus
3240 4704 3255 4728 ,
3298 4680 3364 4719 ne
3401 4667 3669 4735 quotidia-

2058 4780 2065 4788 -
2105 4771 2232 4810 num
2264 4756 2479 4825 quidem
2524 4756 2725 4809 victum
2754 4755 2823 4809 ab
2849 4756 3099 4811 omnibus
3136 4756 3530 4824 indifferenter,
3572 4760 3666 4813 sed

2104 4860 2133 4900 a
2176 4846 2354 4917 dignis
2397 4855 2601 4900 tantum
2654 4847 3027 4917 participare;
3069 4862 3246 4917 neque
3296 4849 3440 4904 hunc
3490 4850 3664 4917 ipsum

2102 4939 2368 5008 gratuito,
2400 4938 2493 4993 sed
2527 4952 2693 5007 opera
2727 4939 2779 4993 iu
2808 4947 3147 4993 anzeceisum
3180 4940 3439 5007 praestita,
3478 4949 3534 4993 et
3573 4941 3668 4993 im-

2102 5030 2316 5099 pertitis
2355 5031 2469 5086 suis
2494 5047 2620 5101 erga
2664 5031 2786 5085 illos
2817 5031 3302 5086 benedictionibus.
3328 5059 3396 5070 —
3428 5028 3519 5084 Sic
3569 5031 3666 5083 ita-

2103 5140 2208 5194 que
2238 5140 2469 5194 superna
2519 5126 2759 5195 potentia
2790 5136 2844 5182 et
2893 5125 3227 5195 sapientibus
3274 5124 3665 5178 adhortationi-

2102 5218 2204 5272 bus
2242 5218 2606 5273 communitos
2647 5219 2959 5290 discipulos.
3006 5217 3390 5286 expeditosque
3427 5213 3537 5281 jam
3571 5214 3663 5268 Dei

2104 5306 2254 5376 regni
2297 5306 2494 5361 milites
2521 5308 2868 5373 constitutos,
2924 5306 3071 5361 misit
3125 5321 3219 5359 eos
3267 5304 3554 5375 magistros
3599 5318 3665 5355 ac

2098 5400 2335 5453 medicos
2377 5399 2445 5454 ad
2488 5399 2721 5464 Judaeos,
2761 5408 2819 5454 ut
2862 5400 2947 5455 his
2992 5394 3462 5451 innumerabilium
3494 5394 3665 5447 bono-

2100 5505 2218 5543 rum
2254 5491 2427 5545 nuntii
2482 5501 2662 5545 essent
2690 5501 2853 5561 atque
2882 5490 3118 5543 datores.
3168 5485 3230 5539 lli
3266 5500 3392 5539 vero
3432 5485 3505 5538 ita
3539 5498 3665 5553 ege-

2098 5591 2259 5648 runt,
2308 5593 2364 5637 et
2409 5597 2815 5654 quaqneversus
2867 5581 3236 5636 discurrentes
3270 5593 3365 5634 ceu
3419 5575 3663 5649 magistri
