4116 6388
461 340 567 398 547

1129 333 1395 390 EUSEBII
1435 330 1911 388 (LESARIENSIS
1944 331 2095 389 OPP.
2136 334 2317 389 PARS
2358 334 2444 390 lli.
2485 362 2551 372 —
2589 332 2998 390 EXEGETICA.

3601 334 3711 389 5i8

460 448 928 522 evangeliszibant,
957 461 1061 502 ceu
1111 446 1301 499 medici
1341 445 1626 507 sanabant,
1653 453 1713 497 et
1753 459 2010 499 sermone:

2131 446 2623 517 εὐαγγελιζόμενοι.
2647 446 2721 509 ώς
2745 446 2803 499 δὲ
2834 446 3005 516 ἰατροὶ
3027 442 3444 516 θεραπεύοντες.
3465 443 3559 497 xai.
3584 451 3712 510 τοὺς

463 559 590 600 suos
634 542 886 611 operibus
920 538 1298 606 miraculisque
1327 534 1746 590 conﬁrmabant.

602 675 647 708 ⁷³
680 674 891 727 Audiuit
928 683 1100 724 autem
1147 669 1379 724 Herodes
1420 674 1679 726 (errare/tu
1708 673 1886 727 omnia

968 758 1085 810 qua:
1106 740 1301 809 ﬁebant
1340 742 1404 793 ab
1432 759 1513 797 eo.

536 878 643 935 Sub
681 877 991 932 Servatoris
1022 876 1312 930 adventum
1353 875 1463 944 jam
1493 876 1815 932 dissolutum
1847 878 2029 935 fuerat

460 967 658 1026 Jndzcis
703 969 905 1019 avitum
952 980 1199 1034 regnum,
1244 964 1565 1019 dissolutum
1596 966 1762 1020 etiam
1806 969 2027 1038 proprio

454 1059 576 1127 jure
617 1058 830 1112 vivendi
886 1055 1249 1126 privilegium,
1292 1064 1347 1109 et
1388 1055 1634 1122 libertas,
1676 1070 1739 1111 ac
1782 1058 2026 1127 regulare

461 1148 840 1203 sacerdotium.
891 1146 957 1201 Et
1004 1145 1228 1215 legitimi
1277 1146 1497 1215 quidem
1563 1146 1834 1216 principes
1894 1148 2023 1201 nulli

459 1251 634 1304 erant,
681 1240 780 1294 sed
814 1238 1057 1295 Herodes
1087 1239 1312 1308 ejusque
1359 1239 1511 1293 liberi
1557 1238 1824 1308 Agrippas
1861 1248 2025 1308 atque

457 1331 775 1394 Archelaus,
798 1345 996 1400 genere
1023 1331 1290 1390 extranei.
1316 1345 1345 1383 a
1373 1329 1630 1383 Romanis
1656 1330 2022 1400 imperiumin

453 1421 672 1479 Judaeos
700 1432 1064 1493 acceperant;
1106 1436 1336 1492 quorum
1381 1423 1529 1492 regio
1575 1421 1628 1476 in
1673 1423 2021 1477 tetrarchiam

456 1515 633 1571 fuerat
674 1516 882 1582 divisa,
930 1525 1148 1584 totaque
1186 1528 1322 1584 gens
1364 1512 1628 1568 Romanis
1658 1524 1778 1568 erat
1822 1516 2023 1584 stipen-

456 1608 649 1669 diaria.
683 1607 1044 1675 quarstoribus
1076 1620 1297 1659 censum
1331 1619 1430 1673 per
1463 1605 1670 1675 singula
1696 1605 1876 1674 capita
1911 1615 2017 1660 sta-

458 1707 572 1751 tuto
607 1706 851 1766 tempore
883 1696 1224 1766 exigentibus
1256 1696 1475 1749 militari
1503 1710 1688 1750 manu.
1724 1694 2017 1764 Propterea

2132 539 2322 608 λόγους
2348 538 2434 592 διὰ
2457 538 2565 591 τῶν
2596 537 2773 609 ἔργων
2800 536 2895 590 καὶ
2928 535 3036 589 τῶν
3065 534 3310 607 σημείων
3337 534 3709 606 πιστούμενοι.

2136 669 2390 723 Ἤκουσε
2416 667 2486 752 δὲ
2507 667 2765 757 Ἡρώδηςί
2792 672 2824 722 ὀ
2852 667 3174 751 ςετρᾴρχης
3198 668 3272 721 τὰ
3298 667 3582 736 γινόμενα
3606 668 3711 721 ὑπ’

2699 754 2776 792 av
2782 756 2883 792 του
2917 754 3132 791 narra.

2207 874 2330 927 Ἐπὶ
2374 873 2476 943 τῆς
2532 872 2834 943 παρουσίας
2881 870 2976 923 τοῦ
3028 871 3313 942 Σωτῆρος,
3364 869 3550 922 λέλυτο
3607 869 3706 941 μὲν

2138 966 2410 1028 Ἰουδαίοις
2433 964 2534 1035 ἤδη
2558 962 2740 1016 λοιπὸν
2766 964 2835 1015 τὰ
2854 963 2951 1032 τῆς
2975 963 3041 1016 ὲκ
3073 961 3352 1031 προγόνων
3387 960 3665 1031 βασιλείας
3685 977 3701 992 ·

2127 1058 2314 1110 λέλυτο
2363 1055 2421 1109 δὲ
2475 1055 2544 1108 τά
2594 1056 2693 1123 τῆς
2720 1053 3043 1124 αὐτονομίας
3072 1054 3165 1107 καὶ
3189 1051 3517 1125 ἐλευθερίας.
3548 1056 3618 1108 τά
3642 1071 3703 1108 τε

2124 1146 2223 1215 τῆς
2249 1144 2508 1214 ὲνθέσμου
2538 1143 2852 1216 ἱερωσύνης.
2879 1142 2991 1197 Καὶ
3008 1143 3055 1195 οἱ
3091 1142 3189 1212 μὲν
3217 1141 3357 1195 κατά
3380 1142 3575 1212 νόμους
3602 1143 3701 1215 ἄρ-

2125 1252 2307 1305 χοντες
2330 1233 2512 1287 οὐκέτι
2540 1230 2679 1305 ἦσαν
2702 1234 2917 1297 αὐτοῖς·
2965 1231 3213 1304 Ἡρώδης
3243 1232 3301 1285 δὲ
3339 1233 3433 1285 καὶ
3485 1234 3533 1286 οἱ
3574 1234 3699 1286 τού-

2123 1347 2217 1384 του
2249 1330 2434 1394 παῖδες
2477 1331 2895 1401 ’Δγρίππαςκαὶ
2935 1328 3248 1400 Ἀρχέλαος,
3276 1328 3337 1380 τὸ
3360 1327 3518 1396 γένος
3541 1324 3700 1378 ἀλλό-

2123 1423 2296 1490 φυλοι,
2323 1422 2474 1494 παρὰ
2510 1423 2794 1494 Ῥωμαίων
2826 1424 2925 1495 τὴν
2965 1423 3085 1476 κατ’
3132 1420 3310 1474 αὐτῶν
3352 1416 3493 1491 ἦσαν
3527 1417 3700 1490 ἀρχὴν

2120 1514 2586 1585 ἐγκεχειρισμένοι
2607 1533 2619 1544 ·
2652 1514 2874 1585 διῄρητό
2899 1530 2958 1567 τε
2987 1515 3066 1576 είς
3105 1511 3428 1583 τετραρχίαν
3466 1512 3500 1581 ἡ
3541 1508 3699 1581 χώρα

2119 1607 2324 1661 αὐτῶν⁸
2354 1607 2415 1660 τό
2449 1624 2509 1659 τε
2554 1609 2662 1661 πᾶν
2692 1607 2843 1670 ἔθνος
2879 1607 3149 1678 ύπόφορον
3179 1605 3524 1677 καθειστήκει
3561 1606 3697 1659 Ῥω-

2126 1701 2324 1769 μαίοις,
2356 1699 2446 1752 τὸν
2481 1700 2676 1770 κῆνσον
2710 1698 2853 1754 κατά
2900 1697 3139 1769 κεφαλὴν
3188 1697 3499 1769 ἐπιτρόπων
3555 1697 3697 1751 κατὰ

454 1804 576 1842 cum
617 1788 709 1843 Dei
763 1801 984 1857 regnum
1030 1786 1235 1841 Iudaeis
1287 1787 1461 1855 primo
1507 1786 1802 1856 praedicare
1850 1786 2010 1855 jussit

2116 1793 2341 1863 καιροὺς
2370 1790 2848 1861 εἰσπραττομένων
2880 1792 2977 1843 σὺν
3006 1790 3148 1862 χειρὶ
3167 1770 3555 1862 δτρατιωτικῇ.
3577 1789 3692 1854 Διὸ,

453 1880 743 1950 discipulos
779 1895 926 1946 suos,
957 1888 1225 1947 pereuntes
1275 1895 1391 1933 oves
1434 1880 1624 1932 domus
1665 1878 1882 1933 Israelis
1921 1878 2017 1934 Ju-

456 1973 600 2025 dzeos
625 1971 905 2040 appellavit
936 1970 1002 2023 ⁷³.

2121 1879 2221 1948 τῆς
2247 1879 2340 1932 τοῦ
2369 1879 2502 1933 Θεοῦ
2529 1879 2800 1948 βασιλείας
2839 1880 2897 1933 τὸ
2934 1881 3197 1950 κήρυγμα
3235 1878 3471 1950 πρώτοις
3511 1879 3694 1943 αὖτοξ

2121 1973 2476 2041 ἐπαγγέλλειν
2499 1973 2528 2025 6
2561 1974 2753 2044 Σωτὴρ
2786 1976 2895 2037 τοῖς
2926 1973 3091 2027 αὑτοῦ
3121 1972 3394 2044 μαθηταῖς
3446 1991 3692 2043 παρακε-

450 2066 796 2137 λευσάμενος,
836 2065 1201 2120 ’ἀπολωλότα
1237 2066 1502 2134 πρόϐατα
1553 2064 1723 2119 οἴκου
1766 2065 2014 2133 Ἰσραὴλ
2049 2068 2247 2131 αὐτοὺς
2283 2069 2552 2140 ὠνόμασε.

447 2203 495 2237 ’⁸
523 2202 663 2258 Nam
694 2203 785 2273 qui
832 2219 912 2273 me
932 2200 1324 2273 'et'ubuerit,iet
1356 2217 1497 2273 meos
1537 2217 1833 2268 sermones,
1874 2201 2015 2256 hunc

854 2270 1029 2325 Filius
1063 2272 1290 2325 hominis
1332 2272 1614 2326 erubescet.

518 2385 612 2441 His
645 2383 940 2454 peroratis,
979 2380 1120 2452 quod
1179 2395 1372 2450 nempe
1417 2380 1709 2451 discipulos
1740 2390 2016 2451 oporteret

444 2479 743 2534 imitatores
764 2475 936 2544 ipsius
974 2473 1114 2537 ﬁeri,
1140 2488 1314 2542 neque
1341 2482 1567 2527 mortem
1604 2471 1886 2541 defugere,
1919 2489 2015 2528 ne-

445 2584 551 2640 que
595 2568 789 2621 anima:
829 2566 1313 2636 proprim‘vitaque
1342 2577 1567 2634 parcere
1608 2575 1831 2633 propter
1860 2579 2013 2634 spem

445 2661 500 2714 in
522 2660 736 2715 Christo
768 2657 1404 2721 collocatam,commode
1434 2657 1740 2721 continuat,
1763 2659 2012 2712 secundae

445 2765 557 2806 Suae
587 2749 778 2803 divina:
807 2747 1062 2819 mysteria
1099 2749 1319 2803 tradens
1351 2747 1822 2803 manifestationis.
1850 2748 2012 2803 Valde

444 2852 623 2894 autem
667 2841 859 2895 idonee
892 2854 954 2895 ac
1003 2841 1311 2896 necessario
1359 2841 1475 2895 haec
1527 2840 1704 2894 aiebat
1759 2841 1886 2904 illis,
1918 2842 2008 2911 qui

443 2933 715 2986 cruciatus
749 2932 867 3002 ejus
910 2946 1073 2987 causa
1118 2931 1348 2987 subituri
1394 2941 1583 2997 erant,
1622 2941 1677 2986 et
1731 2947 1903 3000 usque
1941 2920 2007 2986 ad

444 3032 669 3077 mortem
718 3021 1079 3085 decertaturi,
1123 3024 1343 3092 praemia
1387 3023 1596 3078 scilicet
1638 3025 1775 3078 tanti
1820 3025 2007 3093 agenis

442 3113 619 3169 Futura
647 3129 969 3185 proponens.
999 3115 1146 3186 Opus
1183 3118 1329 3172 enim
1370 3125 1512 3195 erat,
1538 3124 1597 3170 ut
1625 3117 1718 3186 qui
1757 3130 1879 3172 eum
1918 3131 2005 3171 se-

2125 2208 2377 2279 ’Ὂςιγὰρ
2409 2208 2786 2279 ἐπαισχυνθῇ
2815 2225 2893 2278 με
2914 2207 3035 2279 ,καὶ
3062 2208 3200 2275 τοὺς
3224 2208 3403 2277 ἐμοὺς
3443 2209 3689 2279 λόγους,

2152 2276 2370 2332 τοῦτον
2397 2282 2430 2333 ό
2458 2276 2717 2346 Υἱὸς’τοῦ
2736 2276 3051 2347 ἀνθρώπου
3079 2276 3648 2349 ἐπαισχυνθήσεται.

2181 2388 2515 2461 Διαλαλήσας
2544 2390 2614 2444 τὰ
2639 2392 2901 2463 εἰρημένα
2954 2392 3079 2465 περὶ
3110 2390 3203 2445 τοῦ
3232 2392 3342 2446 δεῖν
3377 2392 3471 2446 καὶ
3492 2393 3691 2458 αὐτοὺς

2122 2486 2362 2556 μιμητὰς
2392 2484 2556 2538 αὑτοῦ
2588 2485 2860 2553 γενέσθαι,
2900 2486 2993 2539 καὶ
3022 2485 3095 2556 μὴ
3125 2485 3345 2554 φεύγειν
3386 2485 3477 2539 τὸν
3531 2485 3693 2540 θάνα-

2114 2591 2228 2638 τον,
2253 2575 2489 2642 ἀφειδεῖν
2514 2575 2570 2629 δὲ
2603 2576 2696 2629 καὶ
2730 2580 2829 2644 της
2859 2575 3067 2628 ἑαυτῶν
3089 2577 3265 2647 ψυχῆς
3290 2593 3349 2629 τε
3400 2577 3493 2629 καὶ
3544 2577 3691 2645 ζωῆς

2115 2665 2301 2718 ἕνεκεν
2328 2666 2425 2737 τῆς
2454 2667 2532 2730 εἰς
2567 2667 2727 2720 αὐτὴν
2757 2667 2987 2732 ἐλπίδος,
3025 2668 3379 2722 ὲπισυνάπτει
3419 2668 3688 2741 εὐκαίρως

2113 2758 2182 2811 τὰ
2212 2760 2339 2831 περὶ
2364 2761 2464 2829 τῆς
2487 2759 2747 2830 δευτέρας
2785 2759 2948 2814 αὐτοῦ
2986 2762 3303 2830 θεοφανείας
3323 2761 3432 2831 (55)
3463 2762 3688 2834 παραδι-

2114 2851 2237 2915 δοὺς
2281 2853 2459 2916 αὐτοῖς
2518 2854 2808 2925 μυστήρια.
2864 2854 3078 2926 Σφόδρα
3124 2854 3181 2907 δὲ
3237 2854 3545 2919 ἀκολούθως
3592 2856 3686 2908 καὶ

2112 2943 2424 3012 ἀναγκαίως
2464 2943 2633 2997 ταῦτα
2659 2944 2810 3014 ἔλεγε
2841 2947 2953 3008 τοῖς
2997 2945 3282 3016 μέλλουσιν
3338 2946 3477 3019 ὑπὲρ
3521 2946 3684 3000 αὐτοῦ

2108 3033 2197 3087 διὰ
2258 3034 2502 3105 βασάνων
2552 3041 2748 3107 χωρεῖν
2771 3076 2787 3100 ,
2830 3038 2923 3089 καὶ
2981 3036 3141 3108 μέχρι
3195 3036 3424 3092 θανάτου
3490 3040 3686 3108 ἀγωνί-

2109 3123 2318 3190 ζεσθαι,
2348 3126 2431 3190 τίς
2460 3126 2632 3181 ἔσται
2677 3130 2706 3181 ό
2755 3127 2965 3199 καρπὸς
2996 3127 3090 3181 τοῦ
3150 3128 3406 3182 τοσούτου
3476 3130 3682 3199 ἀγῶνος

440 3218 758 3279 querentur,
798 3207 1018 3278 ejusque
1044 3209 1271 3279 vestigia
1306 3216 1707 3278 premerent,et
1739 3210 2005 3277 propriam

2113 3216 2376 3288 παριστὰς
2395 3218 2597 3283 αὐτοῖς.
2634 3218 2780 3272 Ἔδει
2817 3195 2926 3291 γὰρ
2968 3219 3094 3283 τοὺς
3131 3219 3423 3290 μέλλοντας
3454 3195 3679 3275 ἕπεσθαι

439 3300 667 3368 quisque
715 3312 933 3353 crucem
988 3306 1292 3363 sumerent,
1333 3306 1493 3367 prout
1538 3297 1658 3367 ejus
1702 3298 2005 3366 exemplum

2107 3304 2257 3376 αὐτῷ
2284 3306 2376 3359 καὶ
2406 3306 2579 3359 ὀπίσω
2602 3306 2767 3360 αὐτοῦ
2796 3308 3050 3372 ἀπιέναι,
3079 3307 3171 3361 τόν
3194 3324 3254 3361 τε
3292 3308 3423 3362 ῐδιον
3451 3311 3683 3381 σταυρὸν

437 3393 699 3456 docebat;
738 3399 988 3445 accurate
1018 3404 1234 3460 quoque
1283 3398 1573 3445 noscerent
1624 3393 1871 3460 quisnam
1918 3391 2008 3445 dc-

2113 3396 2503 3468 ὰναλαμϐἀνειν
2532 3398 2673 3453 κατά
2692 3400 2789 3472 τὴν
2829 3398 2992 3452 αὑτοῦ
3024 3399 3272 3470 μίμησιν,
3299 3400 3501 3468 γνῶναι
3523 3403 3684 3471 ἀκρι-

439 3497 585 3536 mum
620 3480 666 3535 is
701 3489 845 3535 esset
872 3479 1028 3550 cujus
1061 3494 1220 3536 causa
1255 3488 1334 3535 tot
1375 3488 1634 3549 tantaque
1665 3489 1847 3535 essent
1880 3495 2004 3548 pas-

436 3573 572 3627 suri.
600 3568 940 3640 Tempestive
986 3580 1164 3625 autem
1210 3570 1406 3626 Filium
1453 3571 1693 3626 hominis
1735 3571 1840 3626 hoc
1885 3571 2004 3625 loco

435 3662 668 3732 appellat
709 3678 832 3718 eum
853 3664 941 3732 qui
966 3671 1210 3727 venerat,
1243 3674 1303 3717 ut
1330 3662 1567 3719 Danielis
1598 3662 1913 3718 vaticinium
1947 3662 2001 3717 in

437 3766 667 3810 mentem
715 3765 1026 3821 revocaret,
1066 3755 1209 3825 quod
1251 3764 1336 3810 est
1370 3755 1674 3824 hujusmodi
1713 3770 1727 3807 :
1766 3752 1837 3809 Et
1888 3770 2003 3808 ecce

433 3841 606 3897 Filius
630 3844 852 3897 hominis
874 3844 1174 3898 adveniebat
1198 3844 1255 3898 in
1276 3844 1518 3908 nubibus,
1544 3854 1591 3898 et
1621 3860 1781 3914 usque
1802 3844 1869 3897 ad
1890 3843 2001 3897 An-

431 3935 636 4003 tiquam
669 3933 870 3986 dierum
894 3934 1141 3997 pervenit.
1166 3932 1235 3987 Et
1255 3935 1355 4004 ipsi
1379 3935 1565 3988 datum
1604 3944 1680 3988 est
1722 3936 1998 4004 imperium

430 4032 483 4076 et
503 4024 687 4087 honor,
710 4033 756 4076 et
790 4037 1004 4091 regnum
1025 4022 1093 4075 "'.
1138 4021 1246 4077 Sed
1283 4039 1409 4078 cum
1446 4022 1639 4078 Petrus
1676 4024 1850 4093 ipsum
1875 4036 1999 4079 esse

431 4115 704 4170 Christum
736 4114 1018 4170 confessus
1067 4124 1179 4181 est,
1211 4126 1267 4170 et
1300 4101 1393 4170 Dei
1431 4115 1540 4169 vivi
1582 4115 1777 4171 Filium
1799 4156 1815 4181 ,
1838 4132 1903 4171 ex
1932 4132 1998 4173 eo

436 4218 675 4276 tempore
701 4209 864 4277 erepit
902 4207 1009 4261 illis
1033 4207 1363 4277 significare,
1399 4206 1568 4262 multa
1598 4222 1657 4263 se
1690 4209 1802 4278 pati
1836 4223 1997 4277 Opor-

431 4308 543 4353 tere
564 4307 616 4352 et
637 4297 830 4355 occidi.
865 4294 999 4353 Cum
1034 4308 1213 4351 autem
1246 4298 1387 4352 idem
1415 4297 1606 4352 mortis
1627 4306 1995 4367 contemptum

429 4390 735 4456 imperaret,
760 4396 814 4445 et
844 4403 903 4442 se
956 4388 1123 4443 multa
1155 4388 1265 4458 pati
1314 4388 1537 4454 debere,
1570 4398 1697 4445 tunc
1731 4404 1865 4443 sane
1900 4405 1995 4459 op-

2105 3487 2215 3553 6ῶς
2233 3490 2285 3542 τί
2316 3490 2446 3543 ποτέ
2470 3491 2616 3543 ἐστιν
2643 3486 2795 3554 οὗτος
2826 3491 2967 3562 ὑπὲρ
2999 3485 3060 3545 οὗ
3080 3491 3148 3544 τὰ
3174 3491 3412 3545 τοσαῦτα
3451 3491 3676 3562 μέλλου-

2105 3597 2156 3633 σι
2181 3582 2425 3652 πάσχειν.
2458 3581 2745 3655 Εύκαίρως
2767 3582 2822 3636 δὲ
2851 3583 2980 3637 Υίὸν
3035 3581 3323 3654 ἀνθρώπου
3371 3586 3430 3637 ὲν
3463 3583 3673 3645 τούτοις

2100 3672 2190 3725 τὸν
2218 3673 2508 3744 ἐρχόμενον
2547 3674 2848 3745 ὠνόμασεν,
2905 3674 2984 3737 είς
3038 3673 3337 3745 ὑπόμνησιν
3385 3674 3484 3745 τῆς
3518 3674 3671 3744 παρά

2099 3762 2194 3818 τοῦ
2228 3765 2424 3836 Δανιὴλ
2451 3766 2803 3837 προφητείας,
2834 3765 2956 3835 ἥτις
2985 3763 3138 3834 ἔλεγε
3160 3782 3175 3796 ·
3212 3766 3322 3819 Καὶ
3358 3764 3484 3819 ἰδοὺ
3540 3766 3673 3831 Υἱὸς

2098 3854 2412 3925 ἀνθρώπου
2453 3857 2775 3926 ἐρχόμενος
2827 3852 2905 3926 ἦν
2938 3855 3038 3909 ἐπὶ
3089 3854 3207 3909 τῶν
3235 3855 3533 3925 νεφελῶν·
3571 3855 3675 3908 καὶ

2097 3950 2207 4016 ἕως
2257 3950 2363 4004 τοῦ
2389 3949 2652 4005 Πωαιοῦ
2682 3948 2800 4003 τῶν
2831 3947 3066 4018 ἡμερῶν
3089 3949 3338 4019 ἔφθασε.
3371 3948 3482 4003 Kal
3514 3946 3675 4012 αὺτῷ

2096 4041 2271 4109 ἐδόθη
2308 4045 2345 4111 ἡ
2389 4041 2544 4111 ἀρχὴ
2576 4041 2676 4096 καὶ
2710 4042 2749 4110 ἢ
2781 4039 2917 4111 τιμὴ
2955 4040 3054 4095 καὶ
3086 4042 3124 4108 ἡ
3180 4039 3488 4105 βασιλεία.
3532 4037 3673 4090 Ἀλλ’

2097 4135 2187 4188 ὅτε
2216 4135 2314 4206 μὲν
2344 4137 2373 4189 ὁ
2426 4135 2629 4207 Πέτρος
2683 4134 2915 4206 Χριστὸν
2963 4134 3123 4188 αὐτὸν
3162 4130 3300 4187 εἶναι
3330 4133 3670 4205 ὡμολόγησε,

2097 4226 2191 4279 καὶ
2229 4225 2358 4280 Υἱδν
2401 4225 2494 4278 τοῦ
2542 4224 2676 4279 Θεοῦ
2723 4223 2815 4278 τοῦ
2872 4224 3091 4291 ζῶντος,
3145 4225 3254 4278 ἀπὸ
3303 4226 3425 4278 τότε
3470 4223 3671 4295 ἤρξατο

2093 4316 2366 4372 δεικνύναι
2391 4318 2571 4382 αὐτοῖς
2589 4358 2604 4382 ,
2639 4319 2719 4371 δτι
2751 4318 2832 4371 δεῖ
2875 4317 3037 4371 αὑτὸν
3098 4316 3266 4371 πολλά
3322 4315 3514 4369 παθεῖν
3573 4317 3670 4369 καὶ

2094 4405 2525 4478 ἀποκτανθῆναι·
2559 4407 2647 4459 ὅτε
2688 4405 2745 4460 δὲ
2776 4407 2938 4469 αὐτὸς
2997 4405 3477 4477 καταφρονητικῶς
3524 4403 3668 4475 ἔχειν

427 4493 658 4549 portune
679 4481 745 4535 de
776 4481 1014 4536 secundo
1044 4490 1099 4535 et
1145 4479 1379 4550 glorioso
1415 4480 1651 4534 adventu
1694 4495 1792 4535 suo
1828 4482 1989 4535 verba

2113 4496 2188 4550 τοῦ
2220 4497 2449 4551 θανάτου
2478 4497 2890 4569 παρεκελεύετο,
2924 4496 3127 4562 ἐδίδαξε
3162 4498 3242 4559 δὲ,
3270 4496 3457 4551 ὃτιδεῖ
3502 4496 3666 4551 αὐτὸν

429 4573 572 4635 lecit,
591 4583 647 4625 ut
669 4586 995 4643 cognoscere
1025 4580 1262 4641 possent,
1285 4572 1405 4642 quis
1434 4572 1646 4627 demum
1673 4573 1720 4628 is
1748 4582 1893 4628 esset
1916 4585 1993 4629 tot

2113 4589 2265 4644 πολλὰ
2297 4589 2506 4655 παθεῖν,
2534 4590 2655 4643 τότε
2681 4589 2820 4644 κατά
2840 4589 3030 4660 καιρὸν
3050 4590 3177 4652 τοὺς
3202 4589 3329 4659 περὶ
3356 4589 3452 4660 τῆς
3479 4587 3664 4641 δευτέ-

428 4672 684 4733 tantaque
710 4680 739 4717 a
769 4661 966 4718 Iudaeis
1005 4680 1288 4733 passurus,
1327 4664 1513 4735 quisve
1544 4663 1648 4719 illis
1679 4666 1991 4721 certaminis

2113 4699 2192 4746 ιας
2219 4682 2381 4736 αὐτοῦ
2416 4683 2508 4737 καὶ
2553 4678 2762 4747 ἐνδόξου
2791 4683 3090 4754 παρουσίας
3128 4682 3315 4748 λόγους
3341 4680 3623 4754 παρεδίδου
3643 4692 3663 4711 ⁸

427 4768 525 4824 pro
555 4768 620 4810 eo
646 4756 946 4809 sustinendi
970 4754 1182 4809 fructus
1205 4756 1449 4812 foret.—-
1468 4755 1563 4811 [iis
1591 4757 1661 4811 ad
1701 4756 1989 4826 discipulos

2113 4773 2166 4838 ὓς
2190 4773 2254 4828 ἂν
2286 4774 2483 4828 ειδέναι
2514 4773 2707 4845 ἔχοιεν,
2741 4776 2827 4839 τίς
2855 4790 2985 4827 ποτε
3019 4770 3090 4845 ἦν
3114 4775 3142 4826 ὁ
3178 4773 3386 4844 μέλλων
3426 4772 3664 4827 τοσαῦτα

425 4845 604 4911 dictis,
640 4860 940 4919 magnoque
979 4855 1033 4900 et
1059 4862 1259 4903 arcano
1298 4850 1553 4920 mysterio
1600 4849 1849 4903 secundae
1879 4863 1990 4903 sua:

2113 4867 2322 4937 τάσχειν
2351 4868 2456 4921 ὑπὸ
2502 4866 2788 4931 Ἰουδαίων,
2806 4867 2900 4922 καὶ
2929 4866 3013 4929 τίς
3050 4865 3204 4919 ἔσται
3234 4866 3418 4929 αὐτοῖς
3445 4867 3474 4919 ό
3522 4882 3662 4937 καρ-

422 4937 874 4995 manifestationis
899 4939 1028 5009 ipsis
1048 4942 1340 5010 patefacto,
1379 4957 1447 4997 ne
1480 4943 1726 4996 oratione
1753 4949 1987 4997 lanium-

2113 4957 2191 5020 τὸς
2222 4957 2314 5011 τοῦ
2348 4958 2486 5030 ὑπὲρ
2514 4956 2679 5012 αὐτοῦ
2705 4957 2937 5027 ἀγῶνος.
2966 4988 3037 4999 -
3069 4959 3180 5012 Καὶ
3222 4958 3287 5030 δὴ
3327 4956 3502 5012 ταῦτα
3551 4959 3665 5021 τοῖς

422 5032 582 5085 modo
613 5030 851 5100 solisque
888 5031 1069 5087 verbis
1112 5032 1388 5087 videretur
1415 5033 1761 5101 persuadere,
1793 5045 1984 5086 neces-

2113 5049 2359 5121 ιαθηταῐς
2390 5047 2707 5119 διαλεχθεὶς,
2736 5050 2830 5103 καὶ⁹
2859 5047 2921 5102 τὸ
2955 5047 3096 5119 μέγα
3120 5049 3216 5102 καὶ
3246 5048 3509 5102 λανθάνον
3562 5063 3667 5117 μυ-

420 5126 566 5176 sario
592 5122 659 5177 ad
696 5137 856 5191 opera
880 5125 1045 5189 venit,
1061 5125 1191 5193 ipsis
1214 5138 1401 5179 eorum
1431 5125 1602 5180 oculis
1629 5123 1795 5179 divini
1835 5124 1984 5193 regni

2113 5141 2310 5213 ιτήριον
2341 5139 2439 5210 τῆς
2465 5140 2722 5211 δευτέρας
2753 5140 2919 5195 αὐτοῦ
2950 5139 3270 5209 θεοφανείας
3303 5138 3533 5204 ἐξειπὼν
3564 5141 3666 5193 a6-

418 5215 502 5268 sui
550 5215 815 5285 ohjieiens
846 5216 1154 5285 imaginem.
1205 5215 1543 5286 Quapropter
1594 5232 1715 5272 cum
1765 5216 1988 5271 dixisset

2113 5230 2221 5295 τοῖς,
2254 5229 2341 5283 ἵνα
2376 5231 2450 5303 μὴ
2473 5230 2653 5299 λόγοις
2684 5231 2844 5302 μόνον
2875 5230 2970 5285 καὶ
3016 5230 3202 5301 ψιλαῖς
3252 5232 3484 5302 φράσεσι
3528 5229 3663 5300 δοκῇ

421 5302 539 5359 fore
583 5314 639 5358 ttt
690 5303 983 5374 ipseillnm
1028 5305 1395 5371 erubesceret,
1434 5306 1526 5376 qui
1562 5320 1621 5362 se
1659 5307 1985 5370 erubuisset.

2113 5317 2454 5387 μμπιστεύειν,
2473 5320 2779 5389 ἀναγκαίως
2806 5320 2899 5374 ἐπὶ
2934 5320 3003 5374 τὰ
3032 5319 3170 5392 ἔργα
3204 5319 3424 5393 ἐχώρει,
3478 5320 3665 5381 αὐτοῖς

418 5407 528 5465 quo
556 5404 797 5465 tempore
818 5410 940 5451 cum
970 5394 1146 5451 Patris
1173 5397 1256 5451 sui
1290 5396 1459 5467 gloria
1490 5398 1760 5464 adveniet,
1790 5397 1985 5453 deinde

2113 5406 2383 5478 »φθαλμοίς
2410 5409 2623 5474 δεικνὺς
2655 5412 2836 5474 αὐτοῖς
2865 5412 2966 5481 τὴν
2992 5412 3176 5466 εἰκόνα
3206 5413 3305 5483 τῆς
3331 5411 3518 5481 θεῖκῆς
3564 5409 3665 5464 αύ-

488 5548 536 5581 "
561 5564 683 5621 cap.
715 5566 794 5616 Ix,
825 5549 878 5610 7.
955 5553 1002 5585 ”
1031 5551 1219 5608 Matth.
1248 5569 1303 5621 ι,
1349 5553 1403 5611 6.
1478 5555 1523 5588 "
1553 5570 1671 5627 cap.
1705 5566 1782 5621 ix,
1811 5558 1903 5614 26.
1978 5560 2024 5592 ’⁸
2068 5557 2202 5616 Dan.
2223 5580 2318 5631 vn,
2353 5564 2437 5620 15.

639 5665 1255 5759 ξςςιιρόειιῃιςορξιεξιῖο
1280 5670 1541 5759 inmundi
1586 5673 1864 5759 litim-ideo
1891 5676 1976 5759 illa
2087 5679 2508 5759 citurinterdnm
2536 5683 2888 5759 inAcodicibus
2916 5688 3135 5756 nostris,
3156 5686 3515 5745 distinctionis
3532 5700 3659 5759 gra-

420 5737 602 5805 prior,
636 5752 739 5806 qua
790 5752 848 5794 se
892 5737 1121 5795 Verbum
1168 5740 1221 5796 in
1271 5756 1437 5800 carne
1481 5744 1867 5815 manifestavit,
1901 5750 1976 5803 di-
2087 5752 2179 5817 tia,
2205 5752 2512 5821 evangelica
2547 5737 2921 5826 Tlicopha—tiia.
