4116 6376
350 325 454 380 5ἰ9

352 539 444 592 τὸν
471 532 895 603 ἐπαισχυνθέντα
928 529 1108 593 αὐτὸν,
1139 530 1270 581 ὅταν
1293 528 1420 600 ἔλθῃ
1453 531 1510 582 ἐν
1547 532 1612 600 τῇ
1655 530 1779 600 δόξῃ
1833 529 1924 582 τοῦ

1508 319 2002 374 COMMENTARIA
2037 318 2103 372 IN
2147 316 2406 373 LUCAM.

351 448 446 503 τοῦ
483 444 772 520 βασιλείας.
811 441 1008 510 Διόπερ
1053 437 1242 501 εἰπών,
1277 439 1371 496 ,ὅτι
1425 439 1916 510 ἐπαισχυνθήσεται

2053 439 2196 505 ergit
2224 437 2403 510 dicere
2444 452 2458 490 :

3507 297 3610 354 550

2506 435 2639 488 Vere
2678 443 2855 487 autem
2891 432 3010 485 dico
3040 429 3203 492 vobis,
3233 435 3353 480 sunt
3396 426 3612 493 quidam

2035 531 2098 582 de
2124 529 2206 580 hic
2245 529 2566 591 astantibus,
2594 536 2697 578 etc.

352 629 588 700 Πατρὸς,
625 626 750 696 ἑξῆς
783 623 1138 677 ἐπισυνάπτει
1174 623 1428 692 φάσκων·
1466 623 1627 692 Λέγω
1671 621 1738 674 δὲ
1792 621 1932 690 ὑμῖν
1963 621 2222 689 ἀληθῶς,
2252 621 2376 673 εισι
2395 636 2554 684 τινες
2577 617 2694 670 τῶν
2714 612 2829 670 ὦδε
2849 613 3142 676 ἑστώτων,
3175 629 3228 664 κ.
3264 627 3313 662 τ.
3348 610 3400 663 λ.

428 758 792 828 Παραλαϐὼν
840 755 946 808 τὸν
987 754 1234 828 Αηέτρον
1285 754 1382 808 καὶ
1431 753 1708 821 Ἰωάννην
1760 754 1860 807 καὶ

987 825 1275 879 Ἰάκωϐον.

424 966 532 1020 Καὶ¹
564 968 619 1017 ἐν
656 963 751 1034 μὲν
789 964 852 1032 τῇ
887 957 1306 1030 μεταμορφώσει
1339 959 1485 1029 τρεῖς
1523 958 1671 1028 μόνοι
1722 957 1817 1028 τήν
1848 957 1934 1010 δυ-

355 1060 513 1129 νάμει
539 1055 794 1124 ὀφθεῖσαν
830 1053 1012 1114 αὐτοῖς
1054 1051 1328 1119 βασιλείαν
1353 1049 1462 1103 τῶν
1515 1048 1758 1120 οὐρανῶν
1818 1049 1936 1103 θεά-

357 1149 550 1204 σασθαι
581 1144 920 1216 ἠξιώθησαν·
963 1145 1019 1195 ἐν
1053 1143 1108 1195 δὲ
1165 1144 1230 1212 τῇ
1264 1141 1540 1212 συντελείᾳ
1587 1140 1681 1192 τοῦ
1717 1140 1929 1202 αἰῶνος,

357 1241 571 1295 ἐπειδάν
623 1238 762 1308 μετά
818 1236 919 1305 τῆς
973 1233 1133 1303 δόξης
1190 1234 1287 1304 τῆς
1327 1232 1602 1304 πατρικῆς
1661 1234 1688 1284 6
1733 1231 1932 1302 Κύριος

356 1335 641 1402 ἀφίκηται,
675 1328 858 1381 οὐκέτι
892 1325 1133 1396 Μωῦσῆς
1166 1327 1323 1397 μόνον
1357 1327 1452 1380 καὶ
1495 1325 1678 1388 Ἠλίας
1704 1325 1931 1396 δορυφο-

358 1424 611 1495 ρήσουσιν
673 1416 868 1478 αὐτὸν,
918 1414 1039 1468 οὑδέ
1098 1419 1246 1486 τρεῖς
1303 1415 1449 1486 μόνοι
1511 1413 1616 1468 τῶν
1680 1413 1935 1483 μαθητῶν

356 1511 503 1582 αὐτῷ
560 1511 893 1572 συνέσονται,
935 1506 1070 1561 ἀλλά
1115 1507 1313 1568 πάντες
1353 1494 1630 1576 προφῆται
1685 1507 1778 1558 καὶ
1834 1521 1936 1557 πα-

355 1603 609 1677 τριάρχαι
654 1601 746 1654 καὶ
782 1601 1011 1653 δίκαιοι·
1045 1599 1139 1651 καὶ
1167 1599 1266 1651 οὐκ
1296 1600 1375 1660 εἰς
1407 1597 1531 1669 ὅρος
1564 1596 1785 1666 ὑψηλὸν,
1820 1597 1935 1649 ἀλλ’

356 1698 434 1761 εἰς
455 1695 545 1748 τὸν
583 1693 808 1765 οὐρανὸν
843 1690 1028 1756 ἀνάξει
1056 1691 1182 1752 τοὺς
1209 1688 1391 1754 ἀξίους
1427 1685 1526 1757 τῆς
1556 1686 1719 1740 αὐτοῦ
1747 1687 1934 1757 θεότη-

2099 757 2144 788 ττ
2174 755 2466 823 Assamptis
2498 750 2656 806 Petro
2692 763 2737 806 et
2761 750 2967 804 Joanne
2998 755 3154 819 atque
3191 747 3412 813 Jacobo,
3435 755 3541 800 etc.

2102 960 2168 1014 Et
2197 961 2249 1013 in
2293 954 2767 1026 translignratione
2809 952 3026 1021 quidem
3080 960 3191 1004 tres
3242 945 3618 1002 tantummodo

2032 1053 2338 1123 prodigiose
2366 1049 2498 1118 ipsis
2522 1058 2801 1102 ostensum
2834 1046 2981 1114 digni
3025 1042 3244 1096 fuerunt
3274 1053 3498 1093 cernere
3527 1053 3617 1090 re-

2039 1161 2199 1214 gnum
2227 1143 2507 1198 caelorum.
2549 1139 2602 1192 ln
2633 1138 2812 1191 saeculi
2840 1152 2971 1191 vero
2999 1133 3464 1190 consummatione
3494 1147 3615 1184 cum

2039 1249 2146 1288 non
2183 1234 2299 1286 sine
2324 1242 2546 1302 paterna
2577 1231 2860 1299 majestate
2883 1227 3144 1280 Dominus
3180 1225 3447 1285 adveniet,
3476 1222 3619 1276 haud

2036 1327 2144 1398 jam
2179 1325 2389 1395 Moyses
2418 1322 2788 1378 tantummodo
2817 1329 2981 1388 atque
3012 1318 3155 1372 Elias
3183 1318 3356 1384 ipsum
3393 1313 3622 1368 comita-

2044 1422 2271 1482 buntur,
2304 1431 2476 1484 neque
2534 1425 2644 1468 tres
2693 1421 2900 1467 tantum
2938 1409 3184 1477 discipuli
3227 1409 3491 1472 aderunt,
3523 1406 3620 1459 sed

2044 1514 2316 1581 propheta:
2339 1523 2548 1572 omnes,
2574 1506 2916 1576 patriarchte,
2945 1503 3186 1573 justique
3219 1501 3500 1563 homines;
3528 1512 3622 1552 ne-

2042 1618 2147 1672 que
2175 1603 2227 1655 in
2257 1602 2528 1656 excelsum
2578 1610 2839 1664 montem,
2882 1598 2974 1650 sed
3012 1595 3062 1650 in
3091 1594 3288 1648 coelum
3335 1607 3503 1660 usque
3538 1590 3622 1644 di-

2043 1709 2176 1764 gnos
2207 1709 2303 1747 sua
2349 1692 2553 1746 deitate
2582 1691 2860 1758 perducet.
2899 1686 3050 1740 Tunc
3072 1687 3247 1740 deitas
3277 1685 3393 1752 ejus
3436 1681 3624 1753 splen-

355 1805 464 1850 τος.
499 1785 632 1838 Τότε
671 1783 725 1837 δέ
751 1783 953 1852 λάμψει
985 1782 1018 1850 ή
1061 1779 1249 1850 θεότης
1276 1778 1440 1831 αὑτοῦ
1469 1780 1566 1848 οὐχ
1603 1778 1677 1842 ὡς
1706 1779 1734 1828 ὁ
1765 1777 1933 1847 ἥλιος,

2053 1785 2225 1837 ιιθεοει
2259 1798 2363 1836 non
2405 1793 2463 1835 ut
2511 1780 2614 1846 sol,
2643 1781 2734 1833 sed
2768 1793 2928 1848 supra
2967 1793 3130 1845 quam
3174 1775 3430 1845 quaelibet
3459 1788 3628 1827 exco-

354 1879 470 1933 ἀλλ’
501 1878 642 1948 ὑπὲρ
672 1877 779 1928 πᾶν
813 1873 1193 1944 ἐπινοούμενον
1226 1871 1282 1924 ἔν
1330 1888 1389 1923 τε
1426 1871 1702 1941 αἰσθητοῖς
1734 1871 1827 1923 καὶ
1877 1873 1933 1922 ἐν

357 1974 564 2043 νοητοῖς
592 1968 845 2039 γεννητὸν
863 1965 994 2035 φώς·
1026 1963 1254 2036 ἐπείπερ
1287 1964 1436 2016 ἐστὶν
1463 1962 1622 2026 αὐτὸς
1647 1962 1705 2015 τὸ
1736 1961 1850 2030 φῶς
1874 1961 1936 2014 τὸ

358 2063 588 2134 φωτίζον
622 2062 796 2114 πάντα
818 2060 1099 2130 ἄνθρωπον
1127 2059 1422 2129 ἐρχόμενον
1456 2057 1535 2120 εἰς
1555 2056 1646 2110 τὸν
1693 2056 1894 2126 κόσμον
1919 2072 1932 2084 ο

350 2157 444 2208 ὅτε
471 2155 562 2209 καὶ
595 2153 755 2220 δείξει
785 2151 950 2205 αὐτοῦ
984 2151 1044 2204 τὸ
1071 2151 1387 2221 πρόσωπον·
1417 2150 1478 2201 οὐ
1503 2148 1612 2220 γάρ
1637 2149 1712 2212 ὡς
1771 2147 1937 2200 πάλαι

348 2246 434 2317 ’τῷ
458 2248 680 2300 Μωῡσεῖ
700 2259 828 2296 ποτε
863 2243 1065 2310 ἔλεγεν,
1096 2243 1177 2295 ὅτι
1207 2242 1282 2295 Τὰ
1305 2242 1496 2295 ὀπίσω
1514 2259 1633 2310 μου
1657 2241 1793 2310 ὄψει
1815 2281 1830 2305 ,
1872 2239 1939 2294 τὸ

348 2335 426 2388 -ὃὲ
457 2335 783 2403 πρόσωπόν
820 2351 938 2402 μου
971 2334 1082 2385 οὐκ
1119 2330 1451 2400 ὀφθήσεταί
1483 2344 1616 2393 σοι,
1652 2329 1794 2385 οὕτω
1844 2331 1940 2382 καὶ

348 2429 478 2480 ’τότε
509 2428 751 2496 ποιήσει·
786 2425 901 2479 ἀλλ’
934 2423 1105 2488 οὕτως
1139 2423 1329 2476 ἑαυτὸν
1361 2423 1588 2494 παρέξει
1614 2424 1726 2486 τοῖς
1745 2421 1938 2489 ἀγίοις,

351 2520 436 2582 ὼς
491 2518 746 2571 δύνασθαι
797 2518 1004 2580 πάντας
1049 2516 1256 2584 λέγειν·
1299 2515 1489 2584 Ἡμεῖς
1529 2514 1616 2578 δὲ,
1649 2515 1942 2568 ἀνακεκα-

353 2609 642 2677 λυμμένῳ
670 2607 968 2676 προσώπῳ
1001 2606 1116 2676 τὴν
1142 2605 1331 2670 δόξαν
1366 2607 1586 2674 Κυρίου
1629 2620 1944 2671 κατοπτρι-

362 2700 608 2770 ζόμενοι,
641 2699 755 2768 τὴν
801 2697 996 2766 αὐτὴν
1033 2699 1234 2752 εἰκόνα
1267 2697 1798 2766 μεταμορφούμεθα
1825 2695 1942 2748 ἀπὸ

362 2791 547 2858 δόξης
575 2793 662 2857 εὶς
685 2789 894 2854 δόξαν.
931 2789 1042 2844 Καὶ¹
1071 2789 1192 2842 τότε
1227 2788 1287 2840 οὔ
1317 2787 1514 2856 νεφέλη
1571 2785 1754 2856 βοήσει
1773 2823 1788 2848 ,
1822 2784 1944 2837 οὐδὲ

361 2883 451 2936 διὰ
479 2883 705 2955 νεφέλης
723 2885 751 2936 6
777 2883 965 2954 Πατὴρ
1000 2881 1338 2954 μαρτυρήσει
1367 2879 1443 2950 τῷ
1473 2877 1608 2948 Υἱῷ,
1638 2878 1752 2931 ἀλλ’
1783 2876 1947 2941 αὐτὸς

361 2976 429 3030 δι’
454 2975 648 3029 ἐαυτοῦ
673 2976 797 3046 δίχα
825 2975 1025 3038 παντὸς
1049 2974 1504 3044 ἐπισκιάσματος,
1535 2972 1629 3023 καὶ
1658 2969 1778 3041 δίχα
1809 2988 1944 3023 παν-

362 3069 454 3133 τὸς
478 3068 778 3141 ἑρμηνέως,
829 3068 979 3138 αὐτῷ
1020 3066 1098 3138 τῷ
1140 3067 1284 3138 ἔργῳ
1312 3065 1402 3118 τὸν
1463 3063 1721 3134 μονογενῆ
1781 3059 1946 3116 αὑτοῦ

2042 1874 2199 1943 gitari
2238 1881 2415 1941 potest
2449 1870 2533 1924 vel
2580 1869 2854 1924 sensibilis
2907 1867 2988 1920 vel
3024 1863 3402 1920 intellectualis
3443 1871 3627 1916 creata

2043 1967 2132 2020 lux
2164 1963 2642 2034 :quatidonuidem
2673 1962 2788 2029 ipse
2820 1961 2908 2012 lux
2945 1968 3027 2011 est
3069 1972 3189 2027 quae
3217 1955 3484 2010 illuminat
3509 1968 3629 2007 om-

2043 2072 2166 2110 nem
2220 2055 2492 2107 hominem
2524 2051 2828 2106 venientem
2873 2050 2926 2101 in
2969 2050 3110 2102 hunc
3157 2048 3436 2098 nmndum.
3475 2042 3630 2096 Tunc

2044 2150 2206 2202 etiam
2257 2147 2450 2201 faciem
2498 2160 2652 2199 suam
2706 2142 2984 2197 revelabit.
3019 2140 3133 2192 Non
3173 2140 3360 2201 enim,
3394 2146 3451 2190 ut
3500 2138 3628 2190 olim

2047 2246 2212 2316 Moysi
2262 2245 2463 2298 dictum
2504 2243 2628 2306 fuit,
2676 2241 2984 2294 Posteriora
3031 2252 3145 2288 mea
3193 2233 3407 2300 videbis,
3457 2233 3631 2284 vallus

2047 2349 2222 2390 tamen
2253 2345 2355 2388 ate
2382 2351 2484 2405 non
2515 2331 2890 2402 spectabitur"
2919 2347 2933 2395 ;
2965 2344 3068 2381 non
3098 2329 3198 2391 sic,
3237 2327 3479 2392 inquam,
3503 2332 3632 2376 tunc

2048 2443 2264 2500 quoque
2291 2442 2348 2481 se
2372 2435 2519 2496 geret
2547 2441 2561 2490 ;
2593 2426 2686 2478 sed
2723 2425 2793 2477 ita
2825 2431 2997 2475 semet
3024 2419 3230 2473 sanctis
3260 2415 3634 2478 exhibebit,ul;

2048 2536 2237 2575 omnes
2283 2521 2466 2574 dicere
2507 2528 2756 2585 queant:
2803 2513 2917 2569 Nos
2963 2513 3187 2566 revelata
3226 2512 3360 2581 [acie
3405 2510 3632 2576 gloriam

2049 2611 2265 2665 Domini
2307 2611 2656 2680 speculantes,
2698 2609 2754 2660 in
2792 2607 3024 2660 eamdem
3062 2605 3340 2673 imaginem
3364 2601 3632 2668 transfor-

2049 2718 2258 2754 mamur
2283 2702 2346 2755 de
2368 2702 2537 2772 gloria
2567 2701 2619 2751 in
2645 2698 2867 2768 gloriam
2889 2697 2958 2748 7°.
2995 2694 3147 2748 Tunc
3180 2710 3308 2747 Vero
3356 2691 3496 2745 haud
3533 2707 3634 2743 nu-

2053 2792 2146 2848 bes
2193 2793 2482 2859 clamabit,
2516 2804 2690 2858 neque
2739 2790 2804 2842 de
2851 2787 2991 2841 nube
3045 2784 3205 2840 Pater
3256 2783 3637 2836 testilicahitur

2052 2885 2208 2947 Filio,
2236 2883 2328 2938 sed
2359 2883 2472 2951 ipse
2512 2896 2609 2950 per
2645 2894 2726 2944 se,
2759 2880 2966 2946 absque
3016 2877 3124 2930 ullo
3167 2876 3507 2945 Operimento
3553 2872 3635 2927 vel

2055 2975 2374 3043 interprete,
2415 2986 2602 3042 reapse
2646 2971 2985 3040 unigenitum
3036 2967 3230 3021 Filium
3281 2981 3434 3020 suum
3471 2979 3635 3033 supra

2054 3082 2243 3122 omnes
2272 3076 2489 3120 sanctos
2533 3063 2895 3129 glorilicahit,
2936 3074 3309 3115 consessorem
3353 3073 3507 3110 suum
3554 3071 3638 3108 re-

365 3160 494 3215 Υἱὺν
527 3160 620 3214 ἐπὶ
654 3160 871 3214 πάντων
910 3161 1018 3213 τῶν
1048 3160 1219 3228 ἁγίων
1248 3157 1412 3212 αὑτοῦ
1440 3156 1688 3222 δοξάσει,
1719 3155 1946 3226 σύνθρο-

2054 3160 2251 3229 gnique
2281 3157 2604 3227 participem
2632 3169 2752 3208 esse
2795 3154 3199 3216 demonSIrans,
3234 3159 3290 3203 et
3322 3163 3482 3216 supra
3523 3162 3640 3200 om-

364 3271 456 3307 νον
507 3253 666 3306 αὐτὸν
728 3253 906 3323 ἐαυτῷ
965 3254 1058 3307 καὶ
1106 3250 1442 3322 συμϐασιλέα
1485 3248 1793 3314 ἀποδείξας,
1861 3248 1952 3301 καὶ

367 3348 623 3418 ὑπεράνω
652 3347 832 3419 πάσης
860 3347 1034 3418 ἀρχῆς
1063 3345 1412 3414 καταστήσας
1439 3341 1601 3394 αὐτόν
1625 3357 1638 3370 ·
1667 3339 1790 3393 οὕτε
1824 3340 1954 3392 οὐκ-

367 3439 449 3491 έτι
510 3437 696 3511 ὥσπερ
739 3439 858 3492 τότε
907 3442 955 3492 οἱ
1009 3441 1158 3510 τρεῖς
1221 3433 1459 3508 μαθηταὶ
1518 3433 1669 3504 μόνοι
1720 3430 1812 3484 ἐπὶ
1855 3428 1952 3483 τοῦ

367 3530 529 3602 ὅρους
577 3530 908 3595 ἀκούσαντες
946 3531 1046 3601 τῆς
1080 3530 1260 3600 φωνῆς
1289 3527 1381 3580 ἐπὶ
1417 3525 1706 3597 πρόσωπον
1738 3521 1952 3586 ἔπεσον,

370 3626 464 3678 καὶ
494 3625 860 3698 ἐφοϐήθησαν,
903 3623 1039 3677 ἀλλά
1072 3623 1166 3676 καὶ
1194 3623 1300 3675 πᾶν
1325 3619 1452 3689 γόνυ
1484 3615 1692 3687 κάμψει
1718 3617 1954 3683 ἐπουρα-

371 3717 498 3770 νίων
536 3719 629 3770 καὶ
662 3718 918 3786 ἐπιγείων
951 3717 1045 3770 καὶ
1077 3712 1467 3785 καταχθονίων.

398 3809 569 3878 Φωνὴ
603 3809 837 3878 ἐγένετο
864 3810 931 3861 ἐκ
959 3808 1068 3878 τῆς
1103 3806 1363 3876 νεφέλης
1391 3803 1678 3874 λέγουσα,
1709 3820 1762 3855 κ.
1796 3819 1845 3854 τ.
1873 3800 1920 3852 λ.

442 3900 595 3971 Φωνὴ
622 3900 862 3970 πατρική
885 3900 974 3952 διὰ
999 3901 1247 3969 νεφέλης,
1279 3897 1451 3961 οὕτως
1497 3895 1607 3965 γὰρ
1638 3895 1884 3964 φαίνεται
1927 3895 1956 3946 6

373 3991 524 4055 Θεὸς,
566 3989 863 4062 ἐμαρτύρει
893 3989 1112 4062 Χριστῷ
1146 3989 1243 4061 τὴν
1283 3988 1536 4057 υίότητα·
1575 3986 1678 4038 ἔδει
1724 3985 1832 4057 γάρ
1880 3985 1954 4056 μὴ

375 4083 524 4154 παρὰ
550 4082 757 4154 Πέτρου
789 4081 949 4152 μόνου
979 4081 1314 4151 γνωσθῆναι,
1339 4080 1419 4132 ὅτι
1443 4077 1603 4142 αὐτὸς
1644 4079 1729 4149 εἴη
1765 4081 1794 4130 ὁ
1824 4079 1958 4148 Χρι-

377 4175 499 4238 στὸς
519 4177 547 4227 6
578 4176 704 4239 Υἱὸς
737 4175 830 4228 τοῦ
869 4174 1004 4228 Θεοῦ
1033 4175 1126 4227 τοῦ
1162 4174 1393 4240 ζῶντος·
1431 4171 1553 4244 μηδ’
1601 4170 1764 4225 αὑτὸν
1799 4171 1955 4241 μόνον

374 4271 453 4341 τῷ
476 4271 663 4343 Πέτρῳ
701 4270 1183 4341 μεμαρτυρηκέναι
1207 4269 1280 4332 ώς
1304 4265 1454 4338 παρὰ
1481 4263 1574 4318 τοῦ
1619 4263 1833 4335 Πατρός
1862 4261 1954 4314 τοῦ

378 4367 436 4417 ἐν
466 4367 577 4428 τοῖς
605 4365 854 4437 οὐρανοῖς
882 4363 980 4435 τὴν
1009 4364 1136 4433 περὶ
1166 4360 1330 4415 αὑτοῦ
1359 4359 1561 4427 γνῶσιν
1583 4353 1818 4425 εἰληφὼς
1846 4352 1951 4424 εἴη·

378 4456 512 4511 ἀλλὰ
536 4459 627 4510 καὶ
676 4457 843 4529 αὐτὴν
877 4458 975 4528 τὴν
1006 4455 1275 4525 πατρικὴν
1333 4450 1515 4521 φωνὴν
1560 4445 1956 4518 ἐπισφραγίσα-

381 4549 502 4604 σθαι
534 4549 630 4621 τὴν
673 4550 929 4622 ἀλήθειαν
968 4549 1062 4601 τοῦ
1113 4547 1304 4616 λόγου,
1365 4540 1743 4616 μαρτυροῦσαν
1795 4536 1956 4591 αὐτὸν

380 4639 516 4697 εἶναι
551 4645 678 4696 Υἱὸν
705 4643 798 4696 τοῦ
831 4641 989 4708 Θεοῦ,
1023 4641 1131 4694 δεῖν
1166 4657 1225 4693 τε
1279 4637 1497 4692 ἀκούειν
1517 4632 1682 4687 αὑτοῦ
1716 4645 1959 4702 παρακε-

380 4735 698 4808 λευομένην.

394 4827 534 4882 Ἐὰν
555 4829 672 4897 μὲν
705 4824 913 4901 ἦγέ-κεῖ
937 4829 965 4880 6
996 4827 1126 4901 υἱὸς
1171 4824 1433 4901 εἰρήνης,
1471 4819 1960 4901 ἑιταναπαύσεται

749 4900 843 4952 ἐπ’
876 4899 1064 4952 αὑτὸν
1092 4899 1131 4966 η
1159 4893 1367 4965 εἰρήνη
1397 4893 1584 4964 ὑμῶν.

462 4993 626 5065 Ὁρᾷς
673 4994 820 5056 ὃπως
853 4989 1236 5063 πῳεξετάζειν
1291 4988 1388 5040 καὶ
1448 4986 1522 5056 μὴ
1562 4985 1726 5036 πᾶσιν
1771 4979 1962 5048 ἀνέδην

384 5087 608 5151 ἑαυτοὺς
634 5086 898 5140 ἐκδιδόναι
939 5085 1190 5157 παρῄνει,
1227 5081 1363 5134 ἀλλά
1385 5081 1479 5132 καὶ
1505 5076 1752 5148 πρώτους
1779 5073 1878 5141 τῆς
1904 5071 1965 5136 ἐξ

385 5177 564 5232 αὐτῶν
605 5175 923 5248 εὐεργεσίας
953 5172 1316 5246 ἀπάρχεσθαι,
1353 5170 1447 5223 καὶ
1489 5167 1738 5236 πρώτους
1764 5161 1962 5214 διδόναι

381 5271 492 5324 τῶν
540 5269 724 5331 αὐτοῖς
755 5267 1148 5338 ὑπαρχόντων;
1190 5265 1393 5336 Εἰρήνη
1422 5261 1477 5315 δὲ
1517 5256 1584 5331 ἦν
1624 5257 1784 5327 αὕτη,
1827 5252 1962 5322 πρέ-

387 5381 562 5417 πουσα
598 5361 734 5416 Θεοῦ
783 5359 1138 5434 στρατιώταις
1178 5356 1353 5429 φωνὴ,
1396 5355 1684 5424 νικητήρια
1726 5348 1848 5401 κατ’
1876 5347 1966 5414 ἐχ-

387 5458 532 5529 θρῶν
563 5455 873 5530 ἀραμένοις.
923 5453 1113 5520 Δίωξιν
1148 5451 1277 5522 γοῦν
1314 5448 1542 5521 ἐχθρῶν,
1575 5445 1669 5498 xui.
1707 5439 1966 5530 καθαίρε-

389 5567 472 5604 σιν
502 5529 628 5602 πολε
637 5548 794 5619 μίων,
820 5544 953 5600 Θεοῦ
979 5562 1038 5598 τε
1066 5543 1282 5614 φιλικὰς
1304 5538 1593 5609 διαλλαγὰς
1611 5537 1672 5590 τὸ
1695 5533 1792 5604 τῆς
1817 5529 1966 5600 εἰρή-

2056 3265 2178 3304 nem
2227 3250 2588 3318 principatum
2641 3245 3001 3300 constituens.
3032 3242 3184 3296 Tunc
3233 3241 3373 3294 haud
3417 3237 3552 3306 jam,
3584 3249 3640 3290 ut

2058 3349 2169 3395 tres
2208 3340 2336 3392 olim
2369 3338 2467 3392 soli
2501 3335 2746 3404 discipuli
2780 3334 2961 3386 audita
3010 3334 3062 3386 in
3099 3340 3281 3384 monte
3307 3343 3441 3382 voce
3469 3329 3520 3381 in
3559 3325 3642 3380 la-

2056 3434 2192 3486 ciem
2223 3432 2570 3501 prociderunt
2601 3443 2665 3483 ac
2709 3427 3129 3494 pertimuerunt,
3166 3423 3258 3476 sed
3294 3436 3454 3475 omne
3499 3434 3638 3488 genu

2056 3522 2301 3578 ﬂectetur
2319 3521 2638 3586 caelestium,
2664 3516 3000 3573 terrestrium
3027 3523 3083 3570 et
3114 3513 3447 3568 infernorum
3464 3510 3531 3565 ⁸⁸.

2304 3795 2346 3830 δί
2382 3796 2496 3851 Vox
2517 3797 2581 3850 de
2607 3795 2739 3848 nube
2763 3794 2906 3864 facta
2930 3801 3028 3855 est,
3059 3792 3258 3854 dicens,
3284 3797 3392 3844 etc.

2127 3891 2245 3945 Vox
2270 3900 2491 3961 paterna
2522 3902 2585 3941 ex
2616 3887 2778 3951 nube,
2816 3899 2937 3937 nam
2970 3883 3048 3936 sic
3099 3880 3241 3934 Dens
3290 3885 3532 3948 apparet,
3563 3877 3644 3931 di-

2057 3987 2314 4056 gnitatem
2348 3980 2466 4034 Filii
2511 3979 2731 4034 Christo
2761 3973 3137 4029 attestabatur.
3167 3969 3462 4040 Oportebat
3496 3970 3642 4022 enim

2061 4076 2200 4132 haud
2232 4091 2261 4129 a
2288 4073 2401 4129 solo
2431 4073 2591 4127 Petro
2621 4069 2899 4140 cognosci,
2941 4081 3064 4120 eum
3094 4079 3214 4119 esse
3244 4063 3515 4119 Christum
3552 4064 3642 4115 Dei

2061 4168 2165 4221 vivi
2197 4166 2414 4221 Filium.
2437 4163 2623 4234 Neque
2654 4164 2825 4232 ipsum
2862 4157 3137 4214 Christum
3170 4153 3540 4210 tantummodo
3565 4162 3646 4205 tc-

2059 4260 2189 4315 stari
2221 4258 2381 4313 Petro
2403 4266 2680 4325 acceptam
2713 4269 2742 4307 a
2774 4252 2934 4305 Patre
2956 4249 3165 4304 cmlesti
3198 4250 3263 4302 de
3288 4261 3344 4300 se
3362 4233 3642 4306 nctitiam;

2059 4351 2154 4406 sed
2193 4353 2388 4420 ipsam,
2426 4349 2666 4416 inquam,
2693 4354 2976 4414 paternam
3019 4355 3206 4392 vocem
3246 4338 3530 4390 veritatem
3565 4335 3646 4387 di-

2061 4442 2132 4496 cti
2178 4441 2335 4510 quasi
2397 4438 2573 4508 sigillo
2619 4435 2978 4498 confirmare,
3017 4429 3268 4484 testando
3310 4427 3482 4495 ipsum
3523 4440 3647 4478 esse

2062 4535 2337 4588 Chrismm
2357 4531 2450 4586 Dei
2479 4530 2669 4584 Filium
2697 4545 2712 4594 ;
2737 4527 2894 4596 eique
2921 4539 3041 4579 esse
3073 4519 3486 4576 auscultandum
3511 4534 3648 4587 pra:-

2062 4625 2263 4694 cipere.

2065 4805 2111 4836 ⁸²
2139 4801 2198 4856 Si
2226 4800 2437 4872 quidem
2465 4797 2537 4852 ibi
2577 4795 2732 4917 {alim
2774 4795 2919 4862 filias
2951 4792 3118 4858 pacis,
3167 4789 3449 4860 requiescet
3491 4800 3648 4854 super

2533 4888 2541 4901 ι
2599 4884 2615 4917 ι
2664 4882 2749 4917 um
2783 4881 2888 4917 una:
2927 4874 3118 4917 vestra.

2533 4888 2541 4901 ι
2599 4874 2749 4920 illum
2783 4881 2888 4933 pato
2927 4874 3118 4918 vestra.

2138 4963 2330 5020 Viden’
2357 4965 2627 5032 quomodo
2651 4969 2778 5012 ante
2795 4956 3151 5026 perpendere,
3190 4966 3365 5021 neque
3396 4949 3648 5004 omnibus

2067 5060 2282 5114 incaute
2314 5070 2372 5110 se
2393 5053 2734 5109 committere
2765 5049 3034 5108 hortatur,
3067 5045 3162 5099 sed
3193 5055 3248 5097 et
3271 5043 3415 5112 ipsos
3439 5039 3648 5108 priores

2065 5151 2278 5206 initium
2321 5145 2570 5202 beneficii
2605 5143 2806 5204 facere,
2835 5149 2887 5194 et
2916 5139 3126 5208 priores
3160 5136 3224 5190 de
3271 5131 3493 5202 proprio
3522 5129 3648 5182 aliis

2072 5243 2313 5296 tribuere
2340 5239 2364 5292 ’ί
2394 5239 2472 5293 De
2503 5250 2636 5308 pace
2670 5243 2851 5288 autem
2875 5230 2963 5286 hic
3017 5231 3210 5298 agitur,
3249 5241 3368 5295 qua:
3401 5223 3493 5277 Dei
3545 5222 3647 5275 mi-

2073 5336 2222 5390 litum
2262 5348 2366 5386 vox
2399 5330 2613 5400 propria
2637 5336 2741 5392 est,
2771 5325 2862 5395 qui
2896 5322 3179 5378 victoriam
3203 5319 3265 5372 de
3291 5315 3535 5371 hostibus
3561 5327 3647 5365 re-

2071 5429 2326 5485 tulerunt.
2360 5425 2497 5496 Ergo
2537 5422 2874 5477 inimicorum
2906 5412 3338 5489 persecutionem
3363 5449 3378 5472 ,
3409 5405 3645 5462 hostium

2071 5521 2320 5586 exitium,
2348 5515 2662 5574 benevolam
2697 5527 2819 5569 cum
2851 5511 2961 5566 Deo
2990 5503 3507 5563 reconciliationem,
3547 5499 3646 5554 sub

469 5749 509 5781 ⁷⁷
536 5765 655 5822 cap.
686 5747 867 5816 13,28.
945 5749 990 5781 ⁷³
1026 5747 1193 5802 Exod.
1235 5762 1423 5814 xum,
1463 5743 1557 5798 “25.
1633 5741 1675 5773 7’
1711 5738 1748 5794 ll
1781 5736 1905 5794 Cor.
1945 5753 1946 5757 ‘

2053 5734 2120 5791 l8.
2197 5731 2243 5766 “
2273 5729 2500 5801 Philipp.
2531 5743 2589 5797 ιι,
2625 5725 2710 5781 il).
2789 5722 2829 5804 ξ’
2859 5733 2976 5790 cap.
3013 5731 3088 5787 lx,
3115 5716 3206 5770 5i.
3295 5713 3346 5782 ,ε’
3369 5725 3485 5780 cap.
3517 5704 3630 5776 τ,θ.
