4116 6376
482 307 586 366 BS!

1159 307 1432 364 EUSEBII
1469 306 1946 364 CESARIENSIS
1982 307 2135 364 OPP.
2176 306 2356 363 PARS
2395 306 2484 361 111.
2525 336 2592 346 --
2632 305 3048 363 EXEGETICA.

3639 309 3750 368 δδε

482 428 632 494 pacis
660 428 884 484 nomine
920 428 1098 499 dignis
1148 430 1483 498 assignabat.
1528 429 1716 500 Itaque
1759 432 1884 497 data
1915 432 2065 501 prius

2176 446 2264 500 νης
2298 428 2467 499 ὄνομα
2499 431 2613 492 τοῖς
2644 428 2816 495 ἀξίοις
2857 428 3160 500 προὺξένει.
3205 430 3423 502 Ταύτην
3467 432 3756 501 τοιγαροῦν

484 524 586 579 hac
620 540 755 594 pace
778 525 987 579 illorum
1019 524 1328 588 animabus,
1366 525 1458 594 qui
1490 540 1550 581 se
1582 525 1821 595 hospitio
1848 540 2071 596 recepe-

482 617 613 679 rint,
640 628 767 671 tunc
796 620 1009 671 demum
1038 617 1291 672 alimenta
1312 618 1381 673 ab
1414 618 1482 674 iis
1511 619 1758 689 accipere
1788 618 2067 674 suadebat.

483 709 847 775 Quamobrem
877 711 1189 764 necessario
1208 711 1615 779 praemonebat,
1645 726 1713 766 ne
1734 710 1787 765 in
1817 711 1966 765 omni
1990 711 2071 765 in-

484 800 796 855 diﬂ'erenter
832 802 995 854 domo
1050 802 1488 871 hospitarentur,
1525 818 1659 857 neve
1694 818 2071 874 quemcunque

485 894 757 948 hominem
787 895 1007 965 dignum
1034 895 1348 964 judicarent
1381 897 1537 967 cujus
1581 897 1819 966 bospitio
1851 906 2071 952 uteren-

486 998 603 1053 tur;
632 989 726 1042 sed
762 989 1118 1057 exquirerent
1156 1005 1284 1043 num
1320 988 1442 1058 quis
1478 990 1529 1043 in
1565 988 1781 1043 civitate
1805 997 1951 1043 esset
1988 989 2071 1043 vel

484 1080 537 1133 in
569 1096 722 1148 agro,
760 1080 919 1135 bonis
964 1080 1177 1135 actibus
1229 1091 1530 1150 sanctaque
1564 1081 1673 1134 vita
1726 1066 2068 1150 conspicuus,

485 1174 574 1240 qui
608 1174 786 1240 regios
817 1173 1017 1228 milites
1048 1182 1233 1242 posset
1258 1174 1473 1227 virtutis
1517 1173 1692 1227 xeniis
1714 1174 1986 1239 excipere.
2013 1173 2071 1226 Si

485 1264 701 1333 qnamlo
735 1275 916 1318 autem
948 1264 1258 1335 hujusmodi
1305 1264 1502 1333 aliquis
1529 1265 1915 1330 tinveniretur,
1947 1275 2073 1321 tunc

486 1353 643 1421 hujus
683 1364 883 1407 tectum
919 1356 1238 1420 subeuntes,
1266 1355 1479 1409 militia:
1519 1369 1631 1408 sua:
1678 1370 1831 1409 arma
1862 1355 1915 1409 in
1959 1356 2072 1425 pri-

485 1444 589 1498 mis
642 1454 1011 1513 exponerent;
1045 1456 1172 1499 sunt
1202 1453 1380 1498 autem
1431 1443 1546 1499 ltzec
1588 1444 1736 1515 pacis
1773 1444 2015 1516 symbols
2055 1461 2068 1497 :

484 1533 718 1602 ideoque
755 1545 809 1587 et
855 1535 1121 1601 hospitem
1150 1544 1210 1589 et
1241 1537 1551 1589 universam
1583 1536 1803 1589 domum
1837 1534 1953 1603 ejus
1980 1550 2074 1603 pa-

484 1627 639 1680 cifica
663 1625 989 1680 salutatione
1020 1627 1429 1691 impertirentur
1465 1644 1481 1682 :
1512 1627 1706 1681 deinde
1742 1626 1848 1681 illic
1889 1642 2072 1682 mane-

485 1728 629 1783 rent,
679 1732 855 1787 neque
879 1718 1258 1783 abscederent,
1309 1718 1395 1773 vel
1448 1721 1515 1773 de
1562 1720 1722 1774 domo
1769 1721 1819 1773 in
1856 1720 2069 1774 donmm

485 1810 652 1866 irent.
688 1808 780 1864 Sic
810 1811 954 1866 enim
988 1811 1245 1881 exquisiti
1288 1812 1558 1866 examinis
1599 1812 1857 1866 indicium
1894 1814 2076 1868 dedis-

484 1914 609 1959 sent
638 1926 650 1959 :
688 1920 811 1958 nam
841 1908 1194 1959 temerarium
1219 1912 1272 1958 et
1297 1905 1671 1971 subitaneum,
1707 1921 1814 1959 non
1844 1915 1928 1961 est
1961 1917 2074 1962 Sta-

486 1994 593 2049 hile
618 2011 796 2064 neque
826 2000 1127 2050 constantis
1156 1996 1344 2051 moris.
1389 1997 1515 2050 Ideo
1545 1996 1816 2064 monebat,
1855 2012 1921 2051 ne
1963 1998 2076 2051 vel-

485 2086 599 2142 lent
619 2096 777 2141 antea
804 2088 1228 2153 comtnorari,et
1261 2089 1458 2142 deinde
1511 2089 1761 2143 notitiam
1795 2090 2077 2157 exquirere

486 2193 595 2246 quo
628 2177 770 2230 facto
796 2178 864 2232 ad
908 2178 1070 2231 alium
1106 2177 1402 2231 transirent
1435 2192 1558 2231 cum
1594 2178 1823 2245 hospitis
1852 2179 2073 2248 injuria.

486 2270 619 2325 Item
676 2273 720 2325 si
765 2280 821 2327 et
880 2273 968 2326 hic
1022 2274 1290 2341 posterior
1352 2273 1608 2343 indignus
1647 2272 1879 2340 hospitio
1922 2288 2068 2326 com-

485 2363 760 2432 periretur
779 2377 967 2417 rursus
989 2362 1136 2416 illinc
1158 2363 1322 2416 etiam
1338 2364 1697 2425 discederent,
1717 2363 2075 2416 voluntariam

490 2455 831 2508 inimicitiam
880 2458 1299 2519 contrahentes.
1355 2466 1639 2524 postquam
1699 2471 1884 2524 pacem
1925 2471 2075 2507 suam

489 2547 555 2600 ad
581 2549 836 2617 indignos
869 2547 1246 2616 projecissent.
1279 2548 1385 2601 Sed
1415 2548 1558 2601 enim
1586 2558 1798 2615 oportet
1825 2548 1973 2617 prius
1999 2548 2079 2600 di-

482 2641 718 2708 ligenter
749 2641 1046 2710 inquirere,
1081 2652 1260 2695 utrum
1307 2640 1502 2707 aliquis
1533 2640 1725 2709 dignus
1757 2641 1860 2704 sit;
1887 2639 2079 2693 deinde

488 2733 556 2785 ad
587 2747 710 2784 eum
768 2732 1092 2786 accedentes
1121 2772 1137 2795 ,
1173 2732 1324 2801 pacis
1374 2732 1576 2786 bonum
1626 2730 2029 2785 communicare
2062 2747 2076 2797 ;

489 2839 721 2893 eamque
774 2826 992 2878 abunde
1024 2840 1128 2878 non
1177 2825 1225 2878 ei
1276 2826 1649 2879 tantummodo
1686 2823 1776 2891 qui
1814 2824 2075 2892 optimum

492 2914 859 2967 testimonimn
897 2914 1077 2976 habet,
1117 2914 1212 2968 sed
1268 2913 1363 2966 toti
1412 2929 1630 2982 quoque
1684 2923 1902 2983 propter
1955 2928 2077 2967 eum

491 3004 697 3059 domui.
722 3003 876 3070 Quod
912 3005 955 3056 si
985 3005 1148 3073 digno
1175 3004 1356 3071 aliquo
1393 3004 1699 3073 excipiente
1736 3004 1884 3076 regni
1934 3003 2077 3057 mili-

2170 523 2627 595 προδανείσαντας
2665 522 2763 593 τὴν
2794 524 3019 595 εἰρήνην
3043 526 3163 587 ταῖς
3197 524 3306 578 τῶν
3342 523 3758 595 ὑποδεξαμένων

2169 616 2366 679 αὑτοὺς
2395 615 2613 685 ψυχαῖς,
2656 615 2756 684 τῆς
2801 617 2934 686 παρ’
2963 615 3141 668 αὑτῶν
3166 618 3373 687 τροφῆς
3408 616 3761 688 μεταλαμϐά-

2169 723 2313 760 νειν·
2366 705 2446 760 διὸ
2486 705 2799 774 ἀναγκαίως
2842 706 3281 777 προδιεστέλλετο
3332 706 3407 779 μὴ
3453 708 3534 770 εἰς
3581 707 3759 761 πάντα

2170 797 2539 871 παραϐάλλειν
2579 792 2749 864 οἷκον,
2785 798 2918 869 μηδὲ
2961 797 3138 851 πάντα
3170 798 3337 869 ἄνδρα
3361 798 3461 869 τῆς
3489 798 3761 869 ὑποδοχῆς

2170 890 2353 969 αὑτῶγ
2385 890 2536 957 ἀξιον
2571 884 2707 944 εἶναι
2736 890 2974 961 κρίνειν
3023 891 3338 961 προερωτᾷν
3366 889 3422 942 δὲ
3470 890 3524 942 εἴ
3555 907 3638 953 τις
3670 888 3757 962 εἰη

2169 983 2277 1037 τῶν
2343 983 2483 1038 κατά
2532 984 2633 1054 τὴν
2690 982 2843 1036 πόλιν
2882 982 2914 1054 ἦ
2964 981 3061 1053 τήν
3082 980 3272 1053 χώραν
3297 980 3528 1057 ἀγαθαῖς
3558 982 3762 1053 πράξε-

2173 1093 2226 1130 σι
2268 1076 2361 1130 καὶ
2389 1074 2488 1147 βίῳ
2530 1074 2713 1147 σεμνῷ
2747 1074 3259 1147 μεμαρτυρημένος,
3293 1072 3365 1138 ὡς
3395 1074 3519 1139 τοὺς
3551 1073 3760 1145 βασιλιο

2171 1170 2301 1235 κοὺς
2345 1168 2680 1241 στρατιώτας
2723 1167 2981 1221 δύνασθαι
3018 1166 3210 1231 ξενίοις
3257 1165 3461 1237 ἀρετῆς
3499 1165 3759 1231 ὑποδέξα-

2174 1262 2318 1317 σθαι.
2380 1261 2629 1317 Ἐπειδὰν
2669 1261 2727 1314 δέ
2777 1278 2862 1324 τις
2902 1259 3148 1331 εὑρεθείη
3191 1258 3447 1324 τοιοῦτος,
3497 1259 3763 1324 εἰσιόντας

2173 1355 2278 1409 ὑπὸ
2309 1356 2407 1424 τὴν
2436 1352 2625 1408 τούτου
2648 1352 2866 1424 στέγην,
2896 1350 3357 1424 προαποτίθεσθαι
3382 1350 3450 1404 τά
3465 1352 3637 1405 οἰκεῖα
3662 1352 3764 1422 τῆς

2176 1449 2466 1521 στρατείας
2490 1447 2631 1501 ὅπλα
2655 1463 2670 1477 ·
2706 1445 2876 1499 ταῦτα
2898 1445 2944 1498 δ’
2975 1440 3044 1515 ἦν
3071 1443 3141 1498 τά
3181 1446 3280 1516 τῆς
3304 1446 3528 1517 εἰρήνης
3562 1444 3765 1516 σύμϐο-

2172 1538 2240 1592 λα
2259 1556 2272 1569 ο
2305 1538 2385 1591 διὸ
2411 1538 2505 1592 καὶ
2531 1536 2692 1591 αὑτὸν
2725 1536 2814 1588 τὸν
2844 1534 3128 1607 ὑποδοχέα,
3161 1536 3255 1589 καὶ
3282 1535 3462 1588 πάντα
3491 1532 3583 1586 τὸν
3614 1530 3763 1587 οἷκον

2174 1629 2339 1684 αὑτοῦ
2389 1628 2678 1701 εἰρηνικῶν
2724 1617 3031 1697 ἀσπασμῶν
3070 1626 3404 1697 ξκαταξιοῦν·
3457 1621 3555 1679 εἰτῖ
3598 1624 3762 1680 αὑτοῦ

2178 1722 2377 1793 μένειν,
2421 1722 2515 1774 καί⁸
2561 1720 2635 1792 μὴ
2685 1712 3063 1791 μεθίστασθαι,
3121 1719 3242 1790 μηδ’
3274 1720 3455 1782 οἴκους
3508 1718 3567 1783 ἐξ
3598 1718 3763 1772 οἴκων

2176 1813 2443 1884 ἀμείϐειν.
2488 1812 2659 1866 Τοῦτο
2693 1812 2802 1882 γάρ
2845 1808 2985 1865 εἷναι
3032 1813 3254 1882 σημεῖον
3301 1809 3766 1882 ἀπηκριϐωμένης

2177 1905 2505 1973 ἐξετάσεως·
2542 1906 2605 1960 τὸ
2630 1906 2737 1977 γάρ
2780 1904 3003 1976 εὐχερὲς
3039 1906 3132 1958 καὶ
3159 1904 3414 1975 ἄκριτον,
3446 1908 3505 1959 οὑ
3539 1903 3766 1976 στερρὸν

2176 1997 2295 2051 οὑδὲ
2319 1997 2535 2068 βεϐαίου
2559 1997 2782 2069 τρόπου.
2813 1997 2902 2049 Διὸ
2929 1995 3160 2067 παρῄνει
3190 1996 3263 2067 μὴ
3287 1995 3502 2067 πρῶτον
3532 1994 3771 2066 καταμέ-

2176 2101 2308 2156 νειν,
2326 2091 2533 2144 ’ἔπειτα
2560 2091 2769 2163 ἐρωτᾷν
2800 2090 2895 2143 καί⁵
2920 2088 3301 2155 πυνθάνεσθαι,
3330 2085 3426 2143 εἶτ’
3452 2089 3770 2161 ἐνυϐρίσαν-

2177 2197 2276 2243 τας
2306 2179 2383 2250 τῷ
2415 2178 2550 2250 ξένῳ
2583 2179 2929 2250 μεταϐαίνειν
2968 2180 3053 2250 ἐφ’
3101 2179 3313 2251 ἓτερον.
3343 2178 3460 2233 Κάν
3495 2172 3648 2242 οὗτος
3677 2180 3773 2234 ἀν-

2181 2271 2330 2337 άξιος
2360 2270 2459 2340 τῆς
2488 2270 2760 2340 ὑποδοχῆς
2796 2269 3014 2342 εὑρεθῇ,
3036 2255 3196 2323 πάλιν
3218 2269 3431 2323 ἐνθένδε
3450 2270 3772 2341 μετανίστα-

2180 2362 2323 2426 σθαι,
2360 2359 2556 2431 έχθραν
2598 2361 2846 2414 ἑκούσιον
2886 2361 3323 2432 ἐπισπωμένους,
3375 2362 3513 2433 μετὰ
3550 2362 3645 2414 καὶ
3673 2361 3769 2416 τοῦ

2177 2452 2274 2524 τὴν
2300 2452 2479 2506 αὑτῶν
2508 2452 2733 2524 εἰρήνην
2772 2455 2853 2516 εἰς
2891 2452 3141 2519 ἀναξίους
3177 2454 3411 2525 ῥίπτειν.
3456 2453 3593 2506 Ἀλλ’
3617 2456 3773 2526 ἀκρι-

2180 2544 2290 2609 ϐῶς
2315 2544 2578 2616 πρότερον
2605 2542 2697 2597 τὸν
2743 2542 2890 2608 ἄξιον
2937 2543 3410 2615 πολυπραγμονεῖν
3429 2562 3442 2575 ·
3481 2544 3651 2598 ἔπειθ’
3680 2544 3772 2598 οὓ-

2177 2653 2254 2689 τω
2290 2634 2679 2708 παρελθόντας,
2724 2635 2831 2689 τῶν
2868 2636 2970 2706 τῆς
3020 2637 3244 2708 εἰρήνης
3292 2635 3512 2705 ἀγαθῶν
3564 2636 3772 2708 μεταδι-

2178 2728 2346 2793 δόναι,
2382 2729 2477 2782 καὶ
2512 2729 2772 2801 παρέχειν
2807 2726 3053 2797 ἀφθόνως
3079 2727 3157 2798 τῷ
3190 2728 3669 2801 μεμαρτυρημένῳ
3707 2727 3769 2781 οὑ

2182 2820 2363 2890 μόνον,
2388 2820 2524 2874 ἀλλά
2549 2821 2643 2874 καί
2667 2820 2831 2874 παντί
2853 2818 2930 2890 τῷ
2957 2820 3090 2890 οἴκῳ
3122 2818 3189 2872 δι’
3218 2820 3402 2873 αὑτόν.
3436 2821 3499 2873 Εἰ
3528 2819 3598 2884 δ’,
3620 2821 3771 2892 εὑρε-

2179 2910 2361 2975 θέντος
2402 2910 2555 2976 ἀξίου
2597 2911 2741 2975 τινὸς
2775 2912 2869 2965 καὶ
2917 2909 3315 2982 ὑποδεξαμένου
3353 2911 3445 2964 τὸν
3480 2912 3577 2983 τῆς
3617 2912 3775 2984 βασι-

2178 3003 2328 3068 λείας
2350 3002 2708 3076 στρατιώτην,
2748 3004 2989 3075 συμϐαίη
3018 3004 3147 3057 ποτέ
3180 2998 3267 3057 οἷα
3296 3002 3555 3068 πολλάκις
3582 3005 3639 3058 ἐν
3680 3005 3776 3058 ἀν-

494 3106 641 3162 tem,
670 3094 813 3149 forte
842 3098 1108 3161 evenerit,
1133 3096 1274 3164 quod
1319 3112 1460 3166 sa-pe
1496 3097 1547 3149 in
1582 3097 1812 3166 religiosi
1845 3095 2074 3151 hominis

2180 3095 2303 3166 δρὸς
2333 3095 2467 3167 οῖκῳ
2506 3096 2795 3161 θεοσεϐοῦς
2836 3095 2995 3150 εἴωθε
3034 3094 3302 3165 γίνεσθαι,
3336 3094 3590 3168 γονέαςῆ
3621 3095 3773 3148 ἀδελ-

492 3191 653 3243 domo
682 3188 798 3243 ﬁeri
824 3190 979 3250 solet,
1000 3200 1253 3257 parentes
1279 3197 1369 3241 aut
1401 3187 1598 3242 fratres
1624 3197 1718 3241 aut
1748 3186 1886 3241 alios
1912 3202 2075 3256 gene-

492 3296 554 3337 re
579 3283 908 3351 propinquos
936 3281 1210 3335 adversari
1248 3297 1311 3334 ac
1354 3279 1549 3336 bellum
1580 3282 1730 3334 ciere
1776 3296 1881 3333 non
1914 3280 2074 3333 modo

490 3386 680 3430 contra
717 3374 989 3444 rcpulsmn
1014 3374 1297 3435 advenam,
1323 3388 1513 3426 verum
1557 3375 1718 3426 etiam
1760 3384 1948 3427 contra
1977 3373 2075 3427 ho-

494 3464 657 3534 spitio
685 3464 1071 3528 honor-antem,
1100 3465 1412 3518 necessario
1456 3464 1645 3517 horum
1678 3478 1890 3533 quoque
1921 3479 2075 3517 men-

495 3558 695 3612 tionem
720 3553 980 3612 Servator
1007 3573 1111 3610 non
1136 3555 1389 3626 neglexit,
1409 3555 1501 3609 sed
1529 3555 1801 3623 praedictis
1828 3556 2033 3610 addidit
2056 3572 2070 3608 :

492 3648 635 3718 quod
664 3649 709 3703 si
736 3647 896 3718 digna
929 3648 1120 3703 domus
1150 3648 1337 3708 fuerit,
1369 3647 1550 3700 veniat
1572 3661 1674 3714 pax
1704 3656 1884 3701 vestra
1914 3663 2076 3716 super

495 3740 680 3803 illam;
716 3742 760 3794 si
796 3740 972 3794 minus
994 3737 1157 3808 digna
1190 3736 1369 3802 fuerit,
1407 3753 1509 3807 pax
1542 3746 1721 3792 vestra
1747 3738 1814 3793 ad
1857 3752 1951 3792 vos
1988 3753 2074 3791 re-

494 3841 760 3885 vertatur.
792 3829 903 3884 Vos
951 3829 1168 3897 quidem
1202 3845 1305 3883 non
1356 3844 1480 3881 eum
1526 3827 1702 3883 solum
1749 3829 1840 3898 qui
1872 3828 2074 3883 bonum

499 3922 868 3977 testimonium
894 3920 1162 3987 habuerit,
1198 3921 1400 3990 quique
1427 3929 1608 3976 vestro
1629 3935 1849 3974 accessu
1884 3921 2077 3991 dignus

504 4013 686 4079 fuerit,
719 4013 866 4083 pacis
903 4010 1371 4066 benedictionibus
1401 4012 1773 4081 itnpertimini,
1793 4012 1885 4066 sed
1909 4021 1964 4066 et
1980 4012 2077 4065 toti

499 4105 679 4161 domui
706 4105 844 4174 ejus,
880 4105 931 4159 id
974 4114 1056 4159 est
1089 4103 1445 4159 familiaribus
1494 4113 1655 4170 atque
1687 4105 1949 4174 cognatis,
1979 4117 2075 4172 pa-

495 4198 713 4252 citicam
754 4196 981 4251 salutem
1024 4197 1206 4263 dicite,
1255 4206 1601 4263 vestrumque
1635 4195 1865 4249 ollicium
1904 4198 2077 4249 abun-

498 4291 690 4344 danter
715 4298 879 4359 atque
910 4289 1126 4359 copiose
1149 4288 1216 4343 ad
1248 4298 1518 4358 parentes,
1548 4285 1766 4351 fratres,
1788 4297 2076 4357 cognatos-

496 4395 622 4449 que,
653 4391 708 4436 et
740 4390 906 4434 totam
946 4380 1173 4448 hospitis
1206 4380 1423 4433 domum
1456 4377 1734 4434 effundite.
1767 4378 1823 4432 Si
1856 4392 1983 4447 ergo
2024 4387 2078 4432 et

2177 3189 2311 3257 φοὺς
2351 3188 2383 3260 ἢ
2419 3188 2640 3261 ἐτέρους
2679 3188 2758 3260 τῷ
2785 3189 2933 3259 γένει
2971 3189 3346 3261 προσήκοντας
3398 3187 3771 3242 ἐναντιοῦσθαι

2175 3279 2269 3332 καὶ
2298 3279 2573 3350 πολεμεῖν,
2605 3282 2666 3333 οὑ
2707 3280 2865 3352 μόνον
2908 3283 2997 3334 τὸν
3041 3280 3423 3352 ἐπεξωσμένον
3465 3281 3599 3352 (56),
3636 3280 3775 3335 ἀλλά

2176 3371 2352 3424 καὶτὸ
2370 3375 2436 3443 τῇ
2460 3372 2695 3443 ὑποδοχῇ
2729 3374 3080 3444 τετιμηκότα,
3111 3374 3423 3442 ἀναγκαίως
3447 3372 3541 3426 καί
3568 3371 3773 3425 τούτων

2176 3463 2204 3514 ὁ
2232 3464 2423 3535 Σωτὴρ
2451 3465 2511 3517 οὑ
2556 3464 2804 3536 παρῆλθε
2833 3465 2934 3537 τὴν
2976 3467 3217 3537 μνήμην,
3247 3466 3362 3519 ἀλλ’
3394 3465 3636 3532 ἐπιλέγει
3658 3466 3771 3526 τοῖς

2177 3556 2675 3627 προτεταγμένοιςο
2720 3556 2821 3609 κᾶν
2867 3557 2966 3629 μὲν
3079 3560 3111 3629 ή
3151 3559 3295 3611 οἰκία
3321 3557 3464 3623 ἀξία,
3501 3555 3763 3625 ἐλθέτωή

2177 3651 2366 3722 εἰρήνη
2400 3650 2556 3721 ὑμῶν
2585 3651 2671 3705 ἐπ’
2704 3652 2905 3723 αὑτήν’
2936 3651 3031 3705 ὲάν
3059 3652 3116 3705 δὲ
3159 3653 3231 3724 μὴ
3258 3648 3291 3725 ᾖ
3326 3651 3475 3718 ἀξία,
3505 3651 3538 3721 ή
3572 3649 3768 3719 εἰρήνη

2178 3742 2332 3813 ὑμῶν
2360 3744 2443 3812 ἐφ’
2469 3743 2615 3813 ὑμᾶς
2648 3743 3053 3816 ἐπιστρεψάτω.
3093 3745 3281 3815 Ὑμεῖς
3316 3743 3411 3813 μὲν
3436 3743 3564 3813 γὰρ,
3602 3740 3763 3811 φησὶν

2177 3834 2270 3888 τοῦ
2311 3835 2807 3907 μεμαρτυρημένου
2842 3837 3022 3907 χάριν,
3060 3835 3153 3887 τοῦ
3190 3835 3283 3889 καὶ
3327 3833 3427 3903 τῆς
3462 3832 3773 3894 ἐπιϐάσεως

2178 3927 2277 3996 τῆς
2310 3926 2580 3999 ὑμετέρας
2605 3927 2780 3993 ἀξίου,
2811 3928 2884 4000 μὴ
2919 3929 3079 3999 μόνον
3101 3928 3262 3981 αὑτὸν
3292 3930 3410 3990 ταῖς
3427 3925 3526 3995 τῆς
3554 3926 3776 3996 εἰρήνης

2178 4016 2470 4085 εὐλογίαις,
2511 4018 2648 4072 ἀλλά
2672 4021 2766 4073 καὶ
2792 4020 2969 4073 πάντα
2992 4018 3083 4072 τὸν
3113 4014 3280 4083 οἶκον,
3305 4017 3508 4088 δηλαδὴ
3530 4016 3655 4079 τοὺς
3680 4015 3778 4067 αὑ-

2178 4110 2271 4162 τοῦ
2302 4110 2537 4173 οἰκείους
2569 4110 2663 4164 καὶ
2691 4114 2991 4179 συγγενεῖς,
3025 4112 3244 4181 εἰρήνης
3279 4108 3588 4176 ἀσπασμοῖς
3615 4106 3777 4174 εὐαγ-

2179 4199 2479 4269 γελίζεσθε,
2508 4203 2603 4255 καὶ
2646 4201 2713 4255 τά
2742 4203 2870 4272 παρ’
2899 4201 3055 4273 ὑμῶν
3095 4201 3343 4271 ἀφθόνως
3374 4198 3470 4252 καί¹
3507 4195 3775 4260 πλουσίως

2178 4294 2350 4350 ἁπλοῦ
2360 4293 2469 4347 σθω
2490 4295 2570 4358 εἰς
2598 4293 2790 4362 γονέας
2813 4295 2907 4347 καὶ
2927 4293 3188 4362 ἀδελφοὺς
3215 4292 3309 4345 καὶ
3338 4292 3621 4359 συγγενεῖς
3640 4287 3777 4341 πάν·

2180 4404 2247 4440 τα
2274 4403 2333 4439 τε
2367 4386 2458 4439 τὸν
2491 4382 2639 4440 οἶκον
2665 4385 2757 4439 τοῦ
2788 4386 3237 4456 ὑποδεδεγμένου.
3282 4385 3345 4437 Εἰ
3376 4384 3473 4455 μὲν
3500 4378 3593 4436 οὖν
3616 4382 3776 4452 εὑρε-

496 4469 552 4525 hi
581 4481 760 4525 vestra
781 4470 1158 4526 benedictione
1177 4470 1323 4540 digni
1356 4468 1617 4538 comperti
1650 4468 1871 4534 fuerint,
1898 4470 2073 4524 veniat

2179 4475 2318 4528 θεῖεν
2340 4476 2432 4528 καὶ
2456 4470 2603 4530 οὗτοι
2626 4475 2728 4545 τῆς
2754 4476 3022 4547 ὑμετέρας
3045 4474 3296 4543 εὐλογίας
3323 4474 3484 4537 ἄξιοι,
3511 4470 3713 4524 ἐλθέτω
3737 4471 3773 4541 ἠ

498 4574 601 4629 pax
635 4570 815 4615 vestra
841 4575 1003 4630 super
1023 4575 1234 4626 omnes,
1259 4573 1360 4615 ceu
1389 4559 1527 4615 tilios
1550 4559 1719 4629 pacis.
1755 4559 1851 4613 Sin
1880 4568 2073 4613 contra

499 4653 684 4706 hostes
708 4666 1000 4716 osoresque
1027 4663 1220 4708 vestra:
1250 4652 1398 4722 pacis
1427 4651 1528 4706 visi
1560 4650 1781 4718 fuerint,
1817 4666 1881 4706 ac
1904 4650 2075 4705 nulla-

501 4753 657 4798 tenus
679 4758 741 4798 ea
769 4744 937 4813 digiti,
974 4744 1239 4813 tollentes,
1273 4743 1473 4816 inquit,
1490 4745 1629 4798 bona
1652 4753 1832 4798 vestra
1852 4744 1918 4797 ah
1936 4742 2076 4797 indi-

499 4836 619 4907 gnis
650 4837 905 4900 recedite,
941 4852 1151 4906 paxque
1177 4846 1356 4892 vestra
1385 4835 1453 4892 ad
1483 4850 1579 4891 vos
1608 4845 1915 4890 revertatur
1936 4876 1952 4900 ,
1982 4849 2076 4890 ve-

497 4938 611 4983 stra
635 4928 841 4983 scilicet
875 4928 1246 4985 benedictione
1276 4930 1342 4986 ad
1389 4944 1487 4987 vos
1519 4929 1779 4986 redeunte
1804 4928 1929 4999 quia
1956 4943 2079 4999 par-

501 5032 583 5076 tes
616 5032 827 5078 vestras
849 5020 1191 5092 implevistis.

574 5203 618 5237 ⁸³
644 5203 715 5258 Et
752 5206 809 5259 in
850 5205 1522 5287 quamcunquecivitalem
1569 5204 1926 5271 intraveritis,
1961 5214 2009 5259 ct

976 5283 1295 5345 susceperint
1344 5290 1456 5337 vos,
1488 5283 1592 5328 etc.

570 5366 664 5421 llis
700 5368 880 5422 verbis
926 5381 1115 5421 rursus
1161 5366 1311 5437 ipsos
1352 5365 1507 5435 jubet
1542 5365 1840 5435 prmdicare
1871 5365 1963 5420 Dei
1996 5380 2082 5420 re-

498 5472 683 5527 gnum.
716 5458 881 5527 idque
918 5455 1030 5527 jam
1062 5456 1424 5527 propinquum
1456 5456 1709 5510 nuntiare
1737 5475 1749 5510 :
1778 5470 1950 5526 neque
1988 5470 2082 5509 va-

498 5563 624 5603 nam
645 5566 820 5620 neque
841 5551 960 5605 siue
981 5549 1443 5606 demonstratione
1462 5548 1767 5606 orationem
1794 5547 2080 5614 habentes,

571 5661 617 5694 ⁸³
636 5678 756 5733 cap.
792 5678 845 5727 x,
876 5664 931 5722 8.

581 5754 686 5827 filii
726 5754 859 5811 Cod.
896 5754 1259 5826 ἐπεξωμένον.

2179 4570 2368 4640 εἰρήνη
2398 4569 2553 4639 ὑμῶν
2586 4568 2681 4622 ἐπὶ
2726 4570 2933 4632 πάντας
2955 4569 3029 4632 ὡς
3059 4568 3319 4630 ὲπίυἰοὺς
3346 4565 3568 4637 εἰρήνης
3591 4580 3605 4593 °
3649 4564 3696 4615 εἰ
3724 4562 3772 4613 δ’

2182 4660 2365 4733 ἐχθροὶ
2399 4661 2495 4714 καὶ
2542 4660 2791 4731 πολέμιοι
2824 4663 2924 4731 τῆς
2966 4660 3237 4731 ὑμετέρας
3274 4658 3487 4727 ὀφθεῖεν
3526 4656 3771 4727 εἰρήνης,

2182 4753 2275 4804 καὶ
2300 4751 2551 4823 οὐδαμῶς
2580 4750 2749 4820 αὐτῆς
2787 4749 2947 4816 ἄξιοι,
2984 4752 3237 4823 ἄραντες,
3270 4749 3425 4819 φησὶ,
3444 4746 3511 4799 τά
3527 4745 3772 4815 ὑμέτερα.

2182 4841 2384 4910 ἀγαθὰ,
2415 4842 2523 4896 τῶν
2564 4842 2796 4909 ἀναξίων
2822 4842 3178 4914 ὑποχωρεῖτε,
3210 4840 3303 4894 καὶ
3330 4842 3363 4910 ἡ
3396 4839 3586 4910 εἰρήνη
3617 4835 3774 4906 ὑμῶν

2180 4936 2264 5003 ἐφ’
2301 4935 2444 5004 ὑμᾶς
2470 4933 2871 5005 ἐπιστρεψάτω,
2900 4934 2999 5005 τῆς
3031 4932 3090 4997 ἐξ
3119 4931 3272 5003 ὑμῶν
3311 4930 3557 4997 εὐλογίας
3589 4929 3673 4996 ἐφ’
3710 4929 3773 4980 ὑ-

2183 5030 2291 5097 μᾶς
2316 5029 2476 5083 πάλιν
2518 5028 2968 5100 μεταϐαινούσης,
3007 5029 3090 5082 ὅτι
3121 5027 3184 5093 δὴ
3214 5026 3283 5080 τὰ
3317 5026 3447 5097 παρ’
3480 5023 3635 5097 ὑμῶν
3678 5040 3779 5077 πε-

2182 5119 2287 5190 πλη
2298 5121 2507 5191 ρὼκατε
2516 5163 2530 5175 .
3538 5158 3545 5167 κ

2178 5213 2289 5266 Καὶ
2317 5214 2404 5278 εἰς
2430 5212 2511 5281 ῆν
2532 5214 2583 5268 δ’
2616 5215 2694 5271 ἂν
2733 5218 2918 5303 πόλιν
2946 5212 3306 5334 εἰσέρχῃσθε
3348 5209 3445 5263 καί
3481 5207 3775 5277 δέχωνται

2765 5303 2942 5334 vuar.
2978 5302 3033 5334 κ.
3060 5300 3110 5334 τ.
3184 5322 3197 5334 .

2765 5300 2942 5354 ῡμας,
2978 5302 3033 5338 κ.
3060 5300 3110 5337 τ.
3149 5300 3197 5337 Α.

2265 5375 2352 5428 Ἐν
2374 5376 2584 5443 τούτοις
2606 5395 2668 5449 γε
2698 5378 2859 5432 πάλιν
2890 5376 3182 5449 κηρύττειν
3205 5371 3299 5428 τοῦ
3326 5371 3461 5426 Θεοῦ
3491 5371 3590 5442 τὴν
3620 5368 3774 5438 βασι-

2174 5462 2346 5530 λείαν,
2376 5470 2471 5523 καὶ
2498 5470 2784 5539 ήγγικέναι
2806 5469 2983 5540 λέγειν
3010 5468 3179 5539 αὑτὴν
3206 5464 3605 5538 παρεκελεύετο
3623 5479 3639 5493 ·
3670 5461 3773 5514 οὑκ

2180 5557 2347 5628 ἀργὸν
2379 5559 2486 5613 οὐδ’
2514 5561 2901 5615 ἀναπόδεικτον
2946 5559 3300 5629 ποιουμένους
3342 5556 3432 5610 τὸν
3475 5553 3654 5622 λόγον,
3702 5550 3774 5606 τά
