4116 6394
398 387 504 446 5ῧῦ

1567 394 2068 448 COMMENTARIA
2102 393 2164 446 lN
2203 366 2484 447 LUCAMJ

3569 394 3674 448 5M

392 512 752 582 γνωρίσματα
785 512 840 564 δὲ
879 510 1216 580 παρέχοντας
1243 512 1334 566 τού
1366 514 1738 582 κηρύγματος,
1780 515 1866 567 διὰ
1893 515 1986 566 τοῦ

2095 515 2189 567 sed
2240 513 3005 581 praedicationisargumenta
3041 511 3379 571 exhibentes.
3421 514 3673 565 curandis

396 600 719 673 θεραπεύειν
745 602 868 664 τοὺς
890 606 1019 670 παρ’
1041 603 1222 666 αὐτοῖς
1244 602 1508 668 ἀσθενεῖς,
1536 606 1629 658 καὶ
1651 605 1800 658 οὐδὲν
1823 607 1985 658 πλέον

405 693 492 763 τῆς
541 691 814 763 ἐφημέρου
862 698 1067 766 τροφῆς
1110 695 1518 765 ἀποφέρεσθαιο
1570 697 1597 748 ὃ
1636 697 1698 767 δὴ
1749 699 1985 768 παρίστη

398 784 597 853 λέγων·
641 784 879 838 Ἐσθίετε
917 787 986 839 τὰ
1034 786 1445 858 παρατιθέμενα
1489 789 1636 855 ὑμῖν,
1691 789 1783 841 καὶ
1827 789 1987 859 θίαν

393 874 590 928 πεύετε
633 879 761 940 τοτις
797 881 854 933 ἐν
887 879 1070 943 αὐτοῖς
1113 880 1377 942 ἀσθενεῖς.
1425 880 1642 951 Ἐπειδὴ
1677 881 1722 932 δ’
1763 882 1984 935 ἀντέπι-

396 983 549 1030 πτεν,
593 968 642 1019 εί
688 965 780 1021 οὖν
811 970 883 1040 μὴ
925 970 1171 1041 εὑρεθείη
1211 987 1294 1033 τις
1340 969 1487 1035 ἄξιος
1531 971 1628 1040 τῆς
1658 971 1989 1042 δηλωθείσης

398 1057 684 1129 ὑποδοχῆς,
729 1060 782 1112 τί
819 1061 924 1131 χρὴ
966 1061 1225 1132 πράττειν
1273 1061 1506 1124 αὐτούς;
1545 1061 1849 1126 ἀκολούθως
1893 1067 1988 1117 καὶ

401 1151 531 1220 περὶ
554 1149 758 1204 τούτων
784 1152 1085 1205 ἐπάκουσον
1122 1149 1210 1204 οἷα
1239 1152 1480 1205 διδάσκει
1505 1151 1675 1221 λέγων
1698 1153 1823 1223 ἑξῆς
1845 1172 1856 1184 °
1883 1157 1988 1220 Εἰς

397 1239 477 1307 ἣν·
526 1240 578 1292 δ’
613 1241 689 1294 ἂν
742 1244 924 1296 πόλιν
972 1243 1353 1312 εἰσέρχησθε,
1416 1243 1515 1296 καὶ
1567 1243 1654 1312 μὴ
1701 1243 1988 1312 δέχωνται

396 1333 570 1401 ὑμᾶς,
610 1352 661 1386 κ.
693 1351 742 1387 τ.
769 1336 819 1387 λ.

398 1425 576 1480 Ὅταν
619 1429 652 1479 ὁ
689 1429 934 1495 iugumq-
977 1430 1468 1496 καθωπλισμένος
1529 1428 1819 1497 φυλάσσῃ
1875 1428 1988 1496 τὴν

825 1499 1040 1551 ἑαυτοῦ
1062 1499 1282 1566 αὐλὴν,
1318 1518 1370 1553 κ.
1398 1517 1444 1551 τ.
1478 1501 1525 1554 λ.

481 1587 721 1660 ’ἰσχυρὸν
755 1590 851 1660 μὲν
877 1590 966 1643 τὸν
1000 1592 1400 1661 κατισχύσαντα
1432 1591 1525 1644 τοῦ
1555 1593 1745 1660 γένους
1765 1592 1870 1644 τῶν
1894 1593 1987 1644 ἁν-

399 1677 630 1750 θρὼπων
656 1679 896 1733 διάϐολον
921 1681 1066 1748 λέγει
1085 1699 1097 1711 ·
1125 1682 1294 1752 αὐλὴν
1314 1683 1372 1736 δὲ
1404 1683 1567 1736 αὐτοῦ
1599 1683 1689 1736 τὸν
1713 1684 1988 1752 περίγειον

395 1769 506 1822 τῶν
537 1771 745 1840 Θνητῶν
774 1773 937 1826 τόπον
967 1775 1079 1843 (5'7)
1099 1792 1113 1803 ⁶
1143 1775 1453 1847 ὑπάρχοντα
1486 1775 1542 1828 δέ
1568 1776 1723 1829 πάντ’
1749 1778 1926 1828 ἐκεῖνα
1953 1775 1988 1828 ἃ.

2091 606 2179 672 qui
2207 605 2345 672 apud
2373 603 2493 657 illos
2522 602 2702 657 forent
2737 603 2989 665 inﬁrmis,
3016 617 3187 672 neque
3211 613 3492 672 propterea
3519 605 3676 673 quid-

2090 713 2250 766 quam
2283 696 2420 748 ultra
2467 698 2776 764 quotidiana
2817 697 3074 749 alimenta
3109 698 3458 766 accipientes.
3503 696 3674 763 Quam

2090 804 2201 843 rem
2231 790 2304 842 ita
2349 789 2518 842 edixit
2552 806 2565 842 :
2608 786 2930 841 Manducate
2956 803 3076 855 qua:
3116 799 3456 857 apponuntur
3500 790 3674 844 vobis.

2089 892 2141 934 et
2168 893 2356 936 curate
2405 882 2680 942 inﬁrmos,
2716 882 2806 950 qui
2843 883 2986 948 apud
3025 896 3118 934 eos
3173 891 3318 936 sunt.
3369 883 3503 948 Quia
3550 899 3679 936 vero

2091 973 2215 1026 illud
2251 973 2524 1036 obstabat,
2558 987 2751 1039 nempe
2773 971 2816 1024 si
2846 986 2975 1036 ergo
3010 986 3169 1025 nemo
3207 973 3402 1041 dignus
3434 988 3529 1026 vos
3581 976 3679 1027 ho-

2089 1065 2250 1132 spitio
2295 1063 2588 1131 reeipiendi
2631 1063 2812 1125 hiet-it,
2846 1064 2974 1131 quid
3027 1063 3169 1117 factu
3211 1079 3346 1133 opus
3376 1065 3676 1117 erit?con-

2089 1165 2382 1224 sequenter
2427 1155 2550 1207 audi
2606 1156 2732 1222 quid
2785 1155 2885 1207 hac
2933 1169 3102 1222 super
3140 1170 3196 1208 re
3237 1157 3289 1208 in
3328 1154 3678 1224 sequentibus

2089 1247 2266 1302 diCat:
2293 1246 2350 1300 Si
2380 1263 2536 1315 quam
2574 1263 2692 1299 vero
2715 1247 2770 1299 in
2795 1249 2972 1300 urbem
2999 1249 3342 1312 intraveritis,
3367 1249 3678 1318 minimeque

2090 1356 2178 1392 eos
2205 1341 2520 1408 exceperint,
2548 1353 2652 1393 etc.

2126 1434 2171 1464 3*
2194 1430 2324 1486 Cum
2351 1433 2502 1500 [ortis
2547 1443 2786 1485 armatus
2827 1433 3056 1484 custodit
3091 1434 3285 1486 atrium
3326 1449 3503 1500 suum,
3530 1444 3638 1489 etc.

2160 1587 2379 1641 Fortem
2407 1577 2628 1656 quidem
2657 1587 2782 1640 dicit
2817 1589 3087 1643 diabolum
3114 1630 3129 1654 ,
3162 1590 3251 1659 qui
3301 1592 3560 1645 adversus
3589 1591 3682 1644 ho-

2090 1681 2293 1735 minum
2337 1696 2504 1750 genus
2547 1681 2921 1748 prtevaluerat.
2961 1682 3171 1735 Atrium
3226 1682 3466 1748 ejusdem
3496 1686 3681 1754 appel-

2092 1775 2163 1827 lat
2214 1783 2486 1827 terrenum
2521 1789 2549 1825 a
2592 1772 2910 1827 mortalibus
2945 1773 3245 1827 habitatum
3271 1775 3680 1842 spatittmzpos-

396 1862 459 1932 δὴ
503 1863 774 1930 ἐπιδείξας
819 1865 894 1935 τῷ
943 1866 1156 1938 Σωτῆρί
1213 1885 1343 1920 ποτε
1391 1867 1613 1936 ἔλεγεν·
1667 1866 1854 1920 Ταῦτά
1896 1882 1988 1919 σοι

2099 1865 2369 1919 sessiones
2396 1880 2524 1918 vero
2551 1866 2669 1934 ejus
2713 1863 2799 1917 illa
2853 1865 3035 1918 omnia
3078 1881 3200 1934 qua:
3242 1865 3368 1920 olim
3405 1865 3678 1920 Servatori

397 1954 594 2007 πάντα
624 1954 814 2020 δώσω,
843 1958 952 2010 ἐὰν
977 1956 1181 2011 πεσὼν
1207 1959 1646 2026 προσκυνήσῃς
1667 1977 1788 2026 μοι,
1820 1959 1905 2010 ὅτε
1929 1960 1987 2010 ἐν

396 2044 474 2114 τῷ
521 2046 710 2117 ὑψηλῷ
742 2047 856 2119 ὄρει.
903 2048 1101 2114 ἔδειξεν
1135 2049 1285 2120 αὐτῷ
1330 2051 1428 2113 τὰς
1465 2050 1741 2120 βασιλείας
1772 2050 1865 2102 τοῦ
1893 2051 1987 2102 κό-

403 2155 542 2208 σμου
574 2139 668 2191 καὶ
708 2138 805 2208 τὴν
847 2139 1003 2202 δόξαν
1037 2139 1223 2192 αὑτοῦ.
1270 2141 1432 2194 Ἀλλὰ
1481 2140 1648 2194 πάλαι
1679 2140 1777 2209 μὲν
1813 2139 1987 2192 ταῦτα

402 2230 566 2283 αὐτοῦ
597 2229 665 2281 τὰ
695 2230 1006 2300 ὑπάρχοντα
1035 2233 1091 2283 ἐν
1113 2232 1303 2303 εἰρήνῃ
1329 2226 1418 2301 ἦν,
1441 2231 1664 2301 μηδενὸς
1689 2230 1852 2282 αὐτοῦ
1885 2231 1988 2297 ἁφ-

406 2321 728 2391 αιρουμένου
753 2338 766 2350 ο
809 2323 896 2374 ὅτε
942 2338 1006 2388 γε
1051 2320 1156 2391 μὴν
1183 2324 1212 2373 ὁ
1245 2323 1590 2392 ἰσχυρότερος
1638 2321 1801 2372 αὐτοῦ
1829 2320 1988 2374 ἐπελ-

405 2411 513 2464 θὼν
543 2412 949 2475 καταπαλαίσας
981 2429 1041 2464 τε
1080 2413 1238 2465 αὑτὸν
1265 2412 1482 2482 δεσμοῖς
1521 2409 1830 2482 περιέϐαλε,
1866 2411 1986 2464 τότε

403 2503 497 2554 καὶ
523 2503 620 2572 τὴν
654 2502 953 2555 πανοπλίαν
997 2501 1161 2555 αὑτοῦ
1192 2501 1463 2570 ἀφείλετο,
1505 2502 1588 2569 ἐφ’
1687 2501 1984 2563 ἐπεποίθει,

405 2594 500 2646 καὶ
523 2594 591 2645 τὰ
637 2594 810 2646 σκῦλα
839 2593 1002 2646 αὐτοῦ
1038 2593 1287 2664 ἁρπάσας
1311 2592 1548 2645 διέδωκε.
1589 2590 1897 2644 Πανοπλίαν
1931 2591 1987 2643 δὲ

402 2685 565 2738 αὐτοῦ
599 2686 698 2756 τὴν
743 2686 851 2738 τῶν
898 2686 1167 2755 δαιμόνων
1209 2683 1466 2738 πολύθεον
1498 2683 1708 2754 πλάνην
1747 2684 1983 2753 ᾐνίξατο.

405 2777 582 2829 Ὅπλα
611 2776 718 2847 γὰρ
756 2776 1001 2828 διαϐόλου
1035 2777 1084 2827 οἱ
1129 2773 1403 2845 πανταχοῦ
1441 2775 1542 2844 γῆς
1571 2775 1844 2845 ἱδρυμένοι
1875 2774 1990 2826 δαί-

407 2886 565 2939 μονες
611 2867 998 2937 συνεργοῦντες
1037 2867 1202 2920 αὑτοῦ
1247 2870 1311 2936 τῇ
1359 2865 1500 2920 κατὰ
1541 2865 1648 2918 τῶν
1687 2865 1987 2936 ἀνθρώπων

402 2959 706 3031 τυραννίδι’
754 2957 924 3011 σκῦλα
964 2957 1020 3010 δὲ
1053 2953 1194 3028 ἦσαν
1239 2956 1404 3009 αὑτοῦ
1445 2957 1500 3009 αἱ
1535 2957 1642 3009 τῶν
1686 2955 1989 3028 ἀνθρώπων

399 3051 569 3122 ψυχαὶ
635 3051 743 3104 ὑπὸ
802 3053 902 3120 τῆς
937 3049 1251 3119 διαϐολικῆς
1312 3048 1612 3112 πανοπλίας
1655 3049 1988 3120 αἰχμάλωτοι

399 3144 736 3214 ἀπηγμέναι.
756 3141 916 3194 Ἀλλὰ
959 3143 1050 3195 τὸν
1082 3141 1180 3212 μὲν
1212 3142 1384 3194 δεινὸν
1424 3144 1630 3194 ἐκεῖνον
1669 3141 1929 3213 τύραννον
1961 3141 1990 3192 ὁ

2096 1957 2387 2011 ostendens
2414 1957 2596 2009 aiebat
2623 1973 2635 2007 :
2667 1956 2796 2010 Haec
2829 1958 3006 2010 omnia
3034 1958 3129 2010 tibi
3152 1958 3308 2021 dabo,
3333 1959 3377 2011 si
3406 1959 3680 2027 precidem

2096 2050 2399 2102 adoraveris
2423 2065 2502 2100 me
2518 2048 2587 2113 ⁸⁵,
2616 2063 2807 2116 nempe
2835 2063 2959 2101 eum
2999 2049 3050 2101 in
3079 2048 3295 2102 excelso
3325 2060 3508 2103 monte
3545 2066 3649 2102 cun
3668 2078 3683 2085 -

2096 2149 2180 2192 cla
2213 2139 2286 2192 illi
2335 2140 2519 2192 mundi
2553 2155 2718 2208 regna
2771 2139 3103 2209 gloriamque
3141 2139 3378 2208 ejusdem
3424 2142 3673 2195 ostende-

2095 2231 2205 2284 bat.
2247 2228 2352 2283 Sed
2391 2231 2516 2282 olim
2551 2231 2770 2298 quidem
2805 2231 2888 2283 lue
2921 2231 3295 2296 possessiones
3323 2231 3438 2298 ejus
3472 2233 3524 2284 in
3554 2247 3684 2300 pace

2096 2328 2271 2384 erant,
2309 2321 2589 2376 auferente
2621 2323 2854 2376 nemine.
2890 2321 2996 2375 Sed
3031 2337 3154 2374 cum
3190 2321 3382 2376 fortior
3404 2337 3468 2377 eo
3494 2337 3682 2391 super-

2096 2413 2340 2476 veniens,
2377 2429 2612 2482 eumque
2654 2429 2971 2485 oppugnatis
2997 2415 3228 2471 vinculis
3269 2414 3528 2484 alligavit,
3557 2427 3682 2468 tunc

2095 2514 2149 2559 ct
2169 2504 2408 2574 ejusdem
2433 2515 2763 2560 armaturam
2789 2507 3009 2563 abstulit
3031 2507 3112 2563 cui
3135 2505 3461 2571 conﬁdebat,
3479 2517 3532 2560 et
3561 2525 3685 2577 spo-

2095 2596 2166 2649 lia
2200 2598 2408 2665 direpta
2438 2597 2738 2652 distribuit.
2760 2598 2944 2654 .Porro
2967 2612 3258 2656 armatura:
3307 2601 3682 2659 ιιιιῑῖτῗιτ-ενάτπη

2094 2688 2253 2742 bolici
2285 2687 2644 2758 polytbeistni,
2666 2704 2912 2744 errorem
2949 2693 3146 2745 innuit.
3191 2693 3355 2747 Arma
3392 2697 3535 2749 enim
3569 2697 3682 2748 dia-

2095 2780 2203 2833 boli
2237 2789 2364 2833 sunt
2398 2779 2670 2835 daemones
2702 2783 2899 2849 ubique
2939 2793 3206 2837 terrarum
3252 2787 3556 2848 constituti,
3588 2805 3682 2840 au-

2098 2871 2317 2927 xiliares
2365 2871 2479 2940 ejus
2525 2875 2791 2928 adversus
2840 2875 3090 2930 homines
3141 2879 3465 2946 tyrannidis.
3502 2881 3682 2948 Spolia

2096 2965 2312 3034 quidem
2354 2973 2512 3018 erant
2552 2967 2819 3034 ejusdem,
2852 2967 3127 3021 hominum
3179 2969 3370 3023 animae
3401 2970 3683 3027 diabolicis

2099 3057 2265 3111 armis
2288 3057 2341 3112 in
2381 3059 2749 3126 captivitatem
2776 3060 3019 3114 abducta:
3042 3080 3056 3124 ;
3080 3062 3174 3114 sed
3201 3063 3344 3116 enim
3375 3064 3521 3117 illtuu
3550 3080 3686 3133 quo-

2098 3162 2204 3215 que
2254 3148 2566 3202 horribilem
2621 3158 2911 3220 tyranuum
2962 3152 3216 3206 Christus
3261 3155 3490 3209 vinculis
3543 3155 3683 3209 irre-

400 3235 634 3308 Χριστὸς
665 3235 882 3304 δεσμοῖς
910 3231 1242 3304 περιϐαλὼν,
1269 3234 1448 3285 πᾶσαν
1481 3232 1646 3285 αὑτοῦ
1674 3232 1988 3285 διεσκέδασε

2097 3241 2255 3304 tiens,
2283 3241 2592 3295 universam
2629 3244 2745 3308 ejus
2776 3252 3110 3297 armaturam
3146 3244 3449 3314 dissipavit.
3486 3246 3684 3300 datiuu-

398 3330 496 3400 τὴν
545 3328 865 3392 πανοπλίαν,
901 3328 1026 3389 τοὺς
1070 3325 1326 3394 δαίμονας
1363 3324 1560 3396 δηλαδὴ
1595 3327 1688 3379 καὶ
1719 3326 1786 3378 τὰ
1827 3328 1989 3381 πνεύ-

404 3439 548 3493 ματα
578 3422 645 3474 τὰ
682 3420 985 3492 ἀκάθαρτα,
1020 3418 1119 3481 τὰς
1148 3418 1404 3487 δυνάμεις
1433 3435 1490 3469 τε
1525 3416 1624 3479 τὰς
1675 3419 1986 3488 ἀντικειμέ-

400 3529 532 3576 νας·
579 3513 648 3566 τὰ
681 3511 736 3564 δὲ
783 3511 954 3563 σκῦλα
988 3509 1173 3571 αὑτοῦ,
1207 3508 1276 3562 τὰ
1314 3507 1482 3560 πάλαι
1521 3507 1896 3579 δεδουλωμένα
1919 3511 1985 3578 τῇ

399 3602 672 3675 τυραννίδι
715 3600 904 3664 αὑτοῦ,
959 3599 1084 3671 ἔθνη
1129 3599 1271 3669 φημὶ
1313 3599 1489 3652 πάντα
1533 3600 1990 3669 μεταστησάμενοι

399 3693 498 3765 τῆς
544 3693 779 3757 παλαιᾶς
822 3692 1084 3757 δουλείας,
1121 3691 1436 3744 διαδέδωκεν
1485 3690 1704 3751 οἰκείοις
1759 3689 1990 3759 ἡγεμόσι

402 3787 499 3840 καὶ
528 3789 753 3858 ἄρχουσι
782 3789 894 3850 τοῖς
931 3786 1021 3838 ὑπ’
1049 3785 1210 3838 αὑτὸν
1238 3781 1596 3855 στρατιώταις
1623 3783 1720 3852 τῆς
1755 3781 1865 3834 τῶν
1899 3781 1989 3834 οὐ·

403 3879 582 3952 ρανῶν
614 3878 908 3949 βασιλείας.
936 3877 1253 3940 ἀποστόλοις
1291 3875 1490 3946 δηλαδὴ
1524 3876 1619 3928 καὶ
1645 3876 1758 3937 τοῖς
1783 3873 1989 3926 τούτων

399 3970 680 4040 διαδόχοις.
712 3971 846 4041 Περὶ
872 3963 948 4022 ὧν
971 3968 1181 4022 σκύλων
1206 3967 1535 4038 θαυμαστῶς
1561 3969 1991 4038 προανεφωνείτο

403 4065 461 4116 ἐν
509 4062 817 4136 προφητείᾳ
863 4060 1176 4131 φασκούσῃ·
1223 4061 1275 4110 '0
1323 4060 1622 4125 βασιλεὺς
1652 4057 1773 4112 τῶν
1807 4058 1990 4112 δυνά-

397 4171 560 4224 μεων
609 4152 716 4207 τοῦ
779 4151 1135 4223 Ἀγαπητοῦ,
1187 4150 1261 4220 τῇ
1314 4151 1622 4220 ὡραιότητι
1679 4150 1785 4204 τοῦ
1822 4151 1992 4204 οἴκου

403 4243 706 4298 διελέσθαι
745 4243 966 4297 σκῦλα.
1031 4243 1319 4312 Τεκμήρια
1358 4240 1414 4294 δὲ
1445 4240 1617 4294 ταῦτα
1651 4239 1856 4310 ἐναργῆ
1893 4240 1992 4310 τῆς

400 4335 499 4390 τοῦ
566 4335 700 4388 Θεοῦ
752 4334 1029 4405 βασιλείας
1074 4331 1443 4404 καθαιρούσης
1502 4332 1594 4386 καὶ
1631 4330 1993 4401 ταπεινούσης

403 4429 584 4482 πᾶσαν
617 4425 789 4498 ἀρχὴν
827 4427 924 4480 καὶ
968 4424 1216 4490 ἐξουσίαν
1252 4424 1347 4478 καὶ
1387 4423 1634 4494 δύναμιν,
1667 4422 1760 4475 καὶ
1812 4423 1993 4474 πᾶσαν

403 4519 501 4592 τὴν
534 4519 796 4572 πολύθεον
831 4518 927 4571 καὶ
964 4515 1280 4588 δαιμονικὴν
1314 4515 1626 4587 τυραννίδα,
1671 4513 1780 4566 τῶν
1821 4512 1865 4566 δ’
1900 4513 1992 4565 ἐπὶ

2092 3345 2188 3385 nes
2239 3331 2491 3386 videlicet
2546 3343 2601 3386 et
2648 3334 2888 3402 impuros
2935 3336 3191 3404 spiritus,
3238 3347 3292 3390 et
3343 3339 3684 3394 adversarius

2091 3432 2408 3490 potestates.
2434 3424 2613 3493 Spolia
2639 3440 2771 3479 vero
2799 3426 2951 3493 ejus‘,
2983 3436 3173 3495 gentes
3228 3429 3445 3496 inquam
3498 3441 3683 3499 tyran-

2091 3514 2217 3568 uide
2237 3516 2404 3584 ipsius
2431 3519 2700 3583 quondam
2732 3532 3041 3587 oppressas,
3074 3528 3255 3572 vetere
3290 3521 3548 3574 servitute
3565 3537 3684 3573 om-

2092 3620 2190 3661 nes
2212 3617 2450 3676 ereptas,
2470 3609 2696 3664 ducibus
2719 3612 2832 3664 suis
2866 3611 3372 3675 tradidit,videlieet
3407 3621 3536 3665 nutu
3568 3612 3683 3681 ejus

2093 3712 2191 3768 pro
2215 3701 2478 3752 caelorum
2517 3715 2686 3769 regno
2714 3702 3091 3764 militantibus,
3135 3702 3186 3756 id
3218 3715 3302 3757 est
3332 3704 3596 3772 apostolis
3627 3714 3684 3758 et

2093 3789 2284 3842 horum
2321 3793 2748 3846 successoribus.
2784 3794 2858 3847 De
2902 3795 3098 3861 quibus
3137 3795 3326 3862 spoliis
3369 3795 3505 3848 mire
3553 3811 3683 3864 pro-

2092 3881 2383 3935 clatnatum
2425 3884 2604 3938 fuerat
2649 3885 2701 3937 in
2732 3887 3012 3955 prophetia
3062 3887 3277 3942 dicente
3320 3906 3331 3940 :
3365 3886 3477 3941 Rea:
3518 3890 3681 3943 virtu-

2097 3981 2208 4026 tum
2239 3974 2454 4038 Dilecti,
2502 3976 2689 4044 speciei
2722 3978 2907 4030 domus
2951 3979 3181 4032 dividere
3215 3981 3382 4048 spolia
3406 3980 3472 4033 ⁸⁵.
3517 3981 3680 4049 Signa

2092 4081 2224 4118 vero
2263 4066 2376 4118 hare
2406 4076 2534 4118 sunt
2562 4065 2845 4121 manifesta
2889 4068 3056 4122 divini
3107 4071 3256 4138 regni
3290 4073 3682 4139 prosternentis

2095 4169 2157 4208 ac
2187 4155 2513 4210 destruentis
2555 4157 2851 4225 quemlibet
2899 4159 3295 4227 principatum,
3355 4171 3680 4228 potestatem

2096 4260 2161 4299 ac
2188 4247 2321 4307 vim,
2353 4258 2406 4300 et
2444 4247 2766 4301 diabolieam
2799 4263 3015 4302 onmem
3058 4248 3403 4319 polytheismi
3439 4254 3682 4320 tyranni-

2095 4336 2214 4390 dem
2238 4339 2412 4406 :quod
2444 4353 2669 4406 regnum
2703 4339 2814 4408 jam
2852 4339 2904 4392 iu
2933 4341 3066 4394 orbe
3095 4340 3241 4395 inter
3266 4340 3514 4396 homines
3548 4357 3683 4410 pra:-

2095 4427 2275 4482 valere
2307 4431 2619 4498 incipiebat.
2648 4432 2858 4485 Idcirco
2886 4433 2959 4484 ait
2979 4432 3242 4486 Servator
3267 4448 3280 4484 :
3320 4433 3472 4497 Quod
3500 4435 3546 4486 si
3589 4450 3682 4503 ego

2095 4516 2149 4570 in
2178 4516 2380 4586 Spiritu
2409 4521 2506 4574 Dei
2530 4521 2688 4590 ejicio
2736 4523 3018 4589 dwmonia,
3049 4524 3224 4592 utique
3253 4524 3478 4592 pervenit
3509 4526 3562 4578 iu
3593 4541 3680 4578 vos

403 4612 508 4682 γῆς
535 4610 835 4681 ἀνθρώπων
861 4611 1177 4679 ἐπικρατεῖν
1205 4608 1530 4678 ἀρχομένης.
1576 4606 1666 4659 Διό
1697 4621 1830 4677 φησι
1889 4606 1997 4657 Σω-
2026 4601 2070 4656 D
2101 4624 2315 4678 regnum
2344 4610 2442 4664 Dei
2476 4613 2542 4665 ⁸⁷.

402 4709 541 4779 τήρ·
571 4709 641 4760 El
669 4705 720 4757 δ’
742 4703 858 4774 ἐγὼ
895 4705 965 4757 ἐν
997 4705 1295 4772 Πνεύματι
1346 4703 1494 4757 Θεοῦ
1549 4699 1823 4754 ἐκϐάλλω
1881 4698 1953 4752 τὰ
2004 4699 2298 4770 δαιμόνια,
2355 4704 2470 4773 ἄρα
2511 4705 2778 4775 ἔφθασεν
2815 4707 2907 4776 ἐφ’
2951 4705 3104 4775 ὑμᾶς
3149 4707 3189 4773 ἡ
3236 4706 3526 4770 ,βασιλεία
3575 4707 3683 4759 τοῦ

407 4800 576 4857 Θεοῦ.

407 4895 593 4946 Ὅταν
621 4893 689 4945 δὲ
714 4891 1138 4960 προσφέρωσιν
1161 4887 1318 5011 uprig-
1358 4888 1456 4941 ἐπὶ
1485 4887 1593 4954 τὰς
1610 4887 1986 4957 συναγωγὰς.

1091 4978 1144 5011 κ.
1168 4978 1218 5011 τ.
1287 4998 1300 5011 ο

1091 4978 1144 5013 κ.
1168 4978 1218 5013 τ.
1252 4978 1300 5011 Α.

478 5055 634 5110 Οὕτω
660 5055 795 5126 δῆτα
846 5055 1189 5126 φρονήματος
1223 5050 1420 5113 αὐτοὺς
1458 5049 1694 5122 ἐπλήρου
1727 5051 1822 5103 καὶ
1853 5049 1986 5119 Θάρ-

407 5163 530 5212 σους
558 5148 645 5201 διὰ
667 5147 758 5200 τοῦ
796 5146 1038 5218 μεθέξειν
1057 5145 1251 5207 αὐτοὺς
1285 5143 1426 5196 θείου
1462 5143 1778 5212 Πνεύματος
1815 5143 1989 5208 ἐπαγ-

405 5240 721 5307 γέλλεσθαι·
752 5239 819 5292 δι’
861 5238 1020 5291 αὐτοῦ
1058 5237 1164 5308 γὰρ
1209 5235 1300 5289 καὶ⁸
1342 5232 1708 5304 δυναμοῦσθαι
1740 5233 1886 5296 εἰκὸς
1917 5228 1986 5303 ἦν

405 5329 618 5391 αὐτούς.
652 5331 759 5381 Καὶ
791 5329 906 5391 πῶς
939 5327 1045 5399 γὰρ
1071 5328 1171 5380 οὐκ
1196 5324 1415 5396 ἔμελλον
1442 5323 1867 5394 παραστήματος
1893 5322 1987 5374 καί⁹

407 5420 641 5492 θάρσους
671 5422 763 5473 καὶ
797 5419 1102 5491 προθυμίας
1145 5415 1565 5490 ἐμπίμπλασθαι
1595 5413 1838 5484 ἀγαθῆς;
1872 5413 1986 5476 πῶς

403 5513 458 5566 δὲ
500 5515 576 5586 μὴ
600 5512 912 5585 θαρσαλέως
945 5516 1142 5583 χωρεῖν
1177 5513 1261 5581 ἐφ’
1287 5507 1588 5582 ἡγεμονικὰ
1611 5507 1704 5562 καὶ
1736 5506 1987 5576 βασιλικὰ

2205 4887 2250 4918 ⁸³
2277 4886 2409 4940 Cum
2433 4895 2608 4940 autem
2638 4887 2888 4941 inducent
2916 4904 3004 4941 vos
3041 4887 3096 4939 in
3128 4901 3442 4956 synagogas,
3465 4896 3568 4939 etc.

2169 5045 2263 5101 Sic
2288 5061 2418 5117 ergo
2466 5045 2590 5100 illos
2630 5048 2770 5100 bono
2809 5048 2994 5100 animo
3041 5062 3162 5101 esse
3205 5045 3430 5114 jubebat
3479 5053 3532 5096 et
3566 5041 3678 5092 ala-

2069 5139 2292 5191 .eritate
2323 5138 2586 5206 replebat,
2613 5137 2741 5192 dum
2771 5139 2935 5192 divini
2974 5139 3266 5206 participes
3294 5135 3530 5204 Spiritus
3557 5147 3678 5186 esse

2094 5229 2416 5287 allirmabat.
2443 5228 2638 5295 Quidni
2686 5231 2828 5283 enim
2856 5230 3050 5284 ﬁducia
3095 5245 3211 5292 eos,
3240 5224 3585 5287 conﬁdentia,
3622 5232 3678 5275 et

2094 5321 2374 5377 alacritate
2397 5325 2585 5390 plenos
2607 5337 2728 5377 esse
2748 5322 3068 5389 oportebat?
3098 5319 3293 5388 Quidni
3320 5317 3577 5370 audacter
3606 5315 3674 5366 ad

2060 5414 2332 5482 'judicum
2371 5430 2667 5485 regumque
2721 5415 3008 5468 tribunalia
3063 5417 3160 5478 ire,
3214 5426 3333 5464 cum
3371 5405 3671 5476 pt'tmnonilt

2094 5507 2326 5562 fuissent
2357 5522 2461 5562 non
2493 5508 2690 5562 debere
2725 5523 2816 5561 eos
2858 5508 3120 5562 meditato
3164 5503 3341 5556 studio
3369 5499 3508 5569 apud
3557 5513 3674 5550 ma-

475 5631 523 5663 “
554 5630 685 5686 CAP.
713 5647 784 5694 XI,
818 5630 908 5684 2t.
981 5629 1028 5662 ⁸⁸
1061 5629 1252 5685 Matth.
1296 5644 1370 5691 1v,
1395 5630 1447 5683 9.
1519 5623 1729 5680 “Psal.
1764 5636 1932 5688 vau,
1969 5622 1988 5674 1

2129 5621 2172 5651 ⁸⁷
2209 5620 2395 5675 Matth.
2423 5601 2520 5687 xu,
2549 5621 2642 5678 28.
2733 5621 2778 5652 ⁸⁸
2804 5619 2932 5676 Car.
2986 5633 3088 5683 xu,
3132 5616 3216 5669 ll.

476 5775 586 5847 (εἴ)
628 5773 702 5825 De
740 5769 1123 5847 forti__a_rmato,
1157 5765 1313 5819 idest
1368 5765 1600 5830 diabolo,
1639 5762 1729 5832 qui
1767 5779 1793 5815 a
1829 5758 2048 5814 Christo
2107 5755 2204 5812 fuit
2264 5757 2578 5824 debellatus,
2638 5756 2873 5810 breviter
2918 5755 3113 5810 dicitur
3157 5755 3318 5810 etiam
3378 5753 3430 5807 in
3501 5743 3682 5805 Theo"

405 5839 617 5918 phuni'n,
646 5843 739 5895 lib.
761 5856 844 5906 ιιι,
873 5839 960 5892 57.

690 5935 959 5994 ΙἈτιιοι.
1009 5929 1125 5988 Gtt.
1177 5926 1405 5985 XXIV.

3317 5910 3390 5972 18
