4116 6386
338 267 444 322 555

1024 266 1292 324 EUSEBII
1329 265 1806 324 C/ESARIENSIS
1843 265 1993 323 OPP.
2035 265 2218 322 PARS
2256 267 2344 322 111.
2386 297 2454 308 -
2494 264 2913 322 EXEGETICA.

3494 266 3606 323 556

337 384 599 453 gistratus
625 397 796 440 semet
821 383 1130 450 defendere,
1173 386 1266 440 sed
1301 385 1462 440 aliam
1501 388 1788 456 quamdam
1824 387 1894 440 ad

2018 387 2358 458 δικαστήρια,
2393 391 2441 440 oi
2473 385 2984 458 προμεμαθηκότες,
3021 386 3102 438 ὅτι
3141 386 3216 456 μὴ
3241 386 3394 440 αὐτοὶ
3419 379 3526 440 εἷεν
3552 386 3606 441 οι

339 479 454 532 fore
503 477 792 531 intercutem
832 476 961 546 ipsis
1011 477 1245 530 divinam
1292 477 1570 543 virtutem,
1637 477 1791 547 cujus
1823 478 1910 531 in-

338 570 538 623 stinctu
559 567 832 638 judicibus
857 567 1096 636 ipsisque
1131 567 1397 634 intrepide
1426 569 1645 638 regibus
1688 584 1912 638 respou-

338 661 451 716 suri
491 660 716 714 essent?
761 659 884 713 Harc
933 658 1132 714 dicenti
1178 661 1435 730 magistro
1486 670 1911 716 consentaneum

336 763 454 806 erat
481 751 776 820 discipulos
808 749 967 805 facile
1008 750 1253 816 credere,
1292 766 1355 805 ac
1395 751 1702 806 nullatenus
1751 751 1909 807 dubi-

338 855 485 907 tare;
535 843 732 912 quippe
761 842 850 911 qui
889 858 1202 897 sermonum
1249 844 1440 898 horum
1489 844 1698 911 pondus
1731 843 1782 898 in
1820 859 1913 899 su-

335 935 634 1004 perioribus
667 935 826 989 dictis
847 933 1286 1003 exploraverant,
1331 935 1527 1003 quibus
1561 935 1716 988 fidem
1744 952 1909 1004 opera

334 1023 594 1082 fecerant.
630 1026 730 1092 Qui
767 1041 899 1093 ergo
939 1025 1183 1080 infirmos
1209 1026 1374 1080 divini
1411 1026 1560 1080 verbi
1594 1026 1795 1081 virtute
1822 1043 1912 1081 ro-

335 1119 674 1180 boraverant,
705 1117 1062 1186 morbumque
1088 1118 1227 1185 apud
1278 1119 1521 1172 homines
1554 1117 1910 1172 insanabilem

333 1213 535 1280 lepram
569 1220 623 1264 et
655 1209 788 1263 alias
814 1223 1101 1273 corporum
1129 1209 1406 1278 passiones
1452 1224 1686 1280 purgare
1715 1221 1910 1278 potue-

333 1313 476 1363 rant,
511 1311 566 1355 et
594 1301 788 1356 noxios
821 1301 1135 1355 hominibus
1185 1301 1458 1355 daemones
1503 1301 1704 1370 pellere
1767 1301 1908 1357 haud

333 1395 453 1448 ullis
483 1394 711 1450 curiosis
735 1393 1044 1462 praestigiis,
1075 1392 1170 1447 sed
1197 1392 1310 1447 sola
1338 1407 1365 1446 a
1396 1392 1618 1447 Christo
1647 1392 1909 1447 attributa

329 1485 508 1538 divina
556 1484 768 1553 gratia;
812 1499 911 1538 cur
939 1493 1257 1538 vererentur
1303 1482 1654 1538 inferioribus
1695 1483 1777 1536 his
1805 1483 1908 1537 tri-

329 1576 614 1631 bunalibus
646 1575 903 1646 intrepidi
939 1584 1142 1641 astare,
1175 1583 1229 1630 et
1258 1590 1382 1629 cum
1415 1575 1821 1645 magistratibus
1845 1589 1907 1629 ac

331 1668 549 1737 regibus
581 1667 917 1735 disceptare?
967 1667 1075 1720 Cur
1105 1665 1336 1735 denique
1385 1665 1580 1721 fiducia
1609 1681 1714 1721 non
1747 1680 1908 1737 auge-

2019 479 2300 549 μέλλοντες
2342 480 2818 550 πεφροντισμένως
2853 481 2966 540 τοῖς
3010 478 3269 547 ἄρχουσιν
3319 478 3606 546 ἀπολογεῖ-

2018 572 2162 634 σθαι,
2190 571 2320 643 ἀλλη
2351 571 2406 625 δέ
2430 589 2510 635 τις
2542 573 2599 623 ὲν
2629 571 2809 634 αὐτοῖς
2838 569 3017 633 ἔνθεος
3045 568 3295 640 δύναμις,
3329 570 3394 622 δι’
3415 568 3483 642 ἦς
3512 571 3610 624 καὶ

2016 663 2277 733 ἡγεμόσιν
2314 662 2534 733 ἔμελλον
2563 663 3000 732 ἀκαταπλήκτως
3045 661 3252 730 ὁμιλεῖν
3297 662 3390 715 καὶ
3417 663 3606 726 αὐτοῖς

2018 751 2330 822 βασιλεῦσι;
2372 754 2480 806 Καὶ
2515 752 2686 805 ταῦτα
2707 751 2763 804 δὲ
2791 751 3001 819 λέγοντι
3030 749 3108 819 τῷ
3132 750 3439 822 διδασκάλῳ
3468 752 3603 804 ἀκό-

2013 843 2201 896 λουθον
2226 840 2294 914 ἦν
2321 845 2445 907 τοὺς
2471 844 2714 914 μαθητὰς
2745 843 3083 907 ἀδιστάκτως
3125 843 3424 906 πιστεύειν,
3461 845 3608 898 κατά

2018 936 2224 1006 μηδένα
2269 953 2329 988 τε
2375 936 2574 1007 τρόπον
2623 935 2941 1006 ἀμφιϐόλως
2996 935 3161 1006 ἔχειν,
3207 935 3608 1006 προειληφότας

2013 1027 2122 1080 τῶν
2161 1027 2332 1096 λόγων
2363 1027 2459 1098 τὴν
2501 1030 2696 1097 πεῖραν
2724 1027 2812 1080 διὰ
2844 1025 2952 1079 τῶν
2985 1026 3296 1097 ἔμπροσθεν
3329 1026 3604 1094 ἐπηγγελ-

2018 1121 2216 1191 μένων,
2260 1113 2334 1172 ὧν
2380 1119 2478 1191 τὴν
2507 1119 2689 1172 πίστιν
2723 1119 2905 1180 αὐτοῖς
2937 1117 3117 1188 ἔργοις
3146 1119 3600 1190 παρειλήφεισαν.

2014 1213 2076 1264 Οἱ
2107 1211 2237 1280 γοῦν
2259 1208 2616 1272 ἀσθενοῦντας
2655 1207 2814 1276 λόγου
2844 1208 3069 1278 δυνάμει
3097 1208 3242 1262 θείου
3282 1208 3602 1279 ῥωννύντες,

2013 1305 2167 1356 νόσον
2216 1319 2276 1354 τε
2319 1301 2416 1372 τὴν
2460 1300 2676 1353 ἀνίατον
2725 1301 2781 1351 ὲν
2815 1299 3119 1368 ἀνθρώποις
3156 1301 3362 1370 λέπραν
3408 1301 3502 1354 καὶ
3533 1302 3604 1355 τά

2013 1393 2177 1446 λοιπὰ
2205 1393 2350 1464 πάθη
2378 1393 2486 1445 τῶν
2517 1391 2783 1462 σωμάτων
2808 1391 3199 1462 ἀποκαθαίρειν
3240 1388 3342 1445 οἷοί
3373 1409 3453 1457 τε,
3489 1391 3604 1446 δαί-

2015 1483 2182 1554 μονάς
2204 1500 2262 1535 τε
2298 1481 2662 1553 λυμαντικοὺς
2689 1481 2998 1552 ἀνθρώπων
3027 1482 3268 1536 ἐλαύνειν
3305 1484 3366 1536 οὐ
3397 1482 3487 1536 διά
3519 1500 3603 1536 τι-

2011 1593 2102 1639 νος
2129 1576 2426 1646 περιέργου
2461 1576 2820 1647 μαγγανείας,
2849 1575 2938 1628 διὰ
2969 1575 3025 1627 δὲ
3057 1575 3224 1646 μόνης
3252 1575 3352 1645 τῆς
3386 1576 3478 1628 ὑπ’
3513 1575 3604 1628 αὖ·

2010 1665 2104 1718 τοῦ
2158 1665 2558 1738 χορηγηθείσης
2606 1667 2787 1729 αὐτοῖς
2831 1665 3014 1718 ὲνθέου
3066 1666 3307 1738 χάριτος,
3353 1666 3471 1730 πῶς
3500 1668 3600 1722 οὐκ

329 1769 536 1824 rentur,
567 1768 791 1828 propter
824 1758 1152 1824 dandiipsis
1183 1757 1416 1826 Spiritus
1445 1759 1894 1827 promissionem?

2006 1757 2227 1829 ἔμελλον
2251 1759 2344 1810 καὶ
2376 1761 2487 1821 τοῖς
2522 1756 2793 1828 δευτέροις
2817 1758 2927 1818 τοῖς
2962 1756 3204 1826 περὶτοῦ
3244 1757 3410 1828 μηδὲν
3445 1773 3601 1827 μεριέ

329 1850 466 1918 μνᾷν
485 1848 789 1919 μέλλοντας
815 1847 1185 1918 δικαστηρίοις
1205 1849 1563 1920 παρεστάναι,
1588 1848 1817 1920 ἡγεμόσι
1841 1867 1900 1901 τε
1935 1850 2029 1902 καὶ
2059 1847 2364 1918 βασιλεῦσιν
2391 1848 2599 1919 ὁμιλεῖν
2629 1846 2937 1911 πιστεύειν;
2972 1845 3095 1909 Πῶς
3158 1843 3205 1898 δ’
3264 1847 3367 1900 οὐκ
3433 1846 3604 1917 ἔμελ-

326 1939 416 1992 λον
437 1939 754 2009 ὲπιθαρσεῖν
787 1942 850 2011 τῇ
886 1940 1188 2012 ἐπαγγελίᾳ
1213 1940 1306 1994 τοῦ
1341 1941 1700 2012 δοθησομένου
1738 1943 1920 2005 αὐτοῖς
1955 1942 2266 2012 Πνεύματος

326 2031 372 2064 ⁸³
411 2033 590 2090 Nolite
616 2034 824 2088 solliciti
864 2051 972 2088 esse
1002 2037 1193 2116 animus
1222 2045 1410 2090 vestrm
1439 2039 1568 2106 quid
1621 2039 1902 2092 manduce-

995 2115 1060 2158 ηε
1075 2145 1092 2172 ,
1124 2115 1231 2160 etc.

399 2194 525 2251 Haac
558 2196 634 2250 ait
669 2195 929 2250 Dominus
963 2196 1258 2251 cobortans
1295 2213 1414 2260 nos,
1446 2213 1511 2252 ne
1540 2213 1676 2253 ese-tr.
1703 2215 1898 2268 corpo-

327 2288 511 2356 risque
538 2288 980 2342 commoditatum
1032 2290 1394 2343 necessariam
1427 2305 1611 2344 curam
1651 2305 1771 2346 esse
1802 2307 1900 2361 pu-

329 2388 538 2442 temus;
595 2393 768 2447 neque
793 2379 1087 2452 id'temere
1136 2378 1341 2435 faciens
1378 2383 1472 2436 sed
1509 2382 1760 2437 rationali
1807 2399 1897 2436 ar-

324 2479 578 2537 gumento
603 2470 976 2539 magisterium
1020 2487 1177 2525 suum
1238 2475 1522 2528 rohoraus.
1571 2471 1900 2528 Hortabatur

322 2561 466 2616 enim
499 2561 686 2616 dicens
718 2582 730 2617 :
767 2561 846 2616 Ne
888 2562 1102 2617 solliciti
1134 2567 1250 2618 sitis
1297 2566 1423 2634 quid
1463 2567 1787 2621 manducetis
1821 2568 1898 2622 vel

322 2659 450 2726 quid
480 2657 669 2710 bibatis
709 2657 788 2709 vel
831 2673 932 2725 quo
965 2658 1285 2712 induamini.
1338 2657 1530 2713 Nonne
1569 2661 1747 2713 anima
1777 2660 1897 2729 plus

321 2761 396 2804 est
426 2766 582 2819 quam
610 2766 752 2813 esca,
777 2759 825 2802 et
851 2766 1038 2816 corpus
1073 2749 1191 2818 plus
1229 2766 1386 2819 quam
1415 2751 1775 2805 vestimentum
1807 2751 1852 2782 ’°
1876 2752 1898 2804 ?

321 2841 390 2895 Et
423 2842 524 2895 hoc
551 2841 768 2908 quidem
818 2841 1049 2909 primum
1098 2851 1476 2909 argumentum
1521 2850 1627 2906 est,
1677 2843 1898 2896 demon-

321 2943 502 2986 strans
530 2947 634 2987 non
663 2932 860 2987 debere
891 2947 1216 3001 quemquam
1255 2933 1320 2987 de
1341 2948 1398 2986 se
1427 2948 1548 2988 esse
1578 2934 1891 2990 sollicitum.

322 3023 454 3077 Nam
501 3024 545 3076 si
600 3023 876 3089 alimento,
929 3025 1073 3093 quod
1116 3024 1184 3080 de
1227 3033 1369 3079 terra
1419 3026 1675 3095 gignitur,
1724 3025 1896 3094 major

320 3115 618 3183 meliorque
646 3125 729 3168 est
765 3126 926 3183 atque
953 3115 1244 3184 pretiosior
1275 3117 1507 3171 hominis
1537 3117 1738 3182 anima,
1778 3133 1896 3186 quam

319 3206 601 3262 rationalis
619 3215 711 3270 ,est
743 3216 798 3261 et
843 3206 1222 3262 intellectualis
1262 3209 1584 3276 substantia,
1621 3223 1895 3279 quamque

2004 2038 2101 2106 Μὴ
2131 2038 2450 2108 μεριμνᾶτε
2474 2039 2544 2106 τῇ
2578 2035 2751 2108 ψυχῇ
2774 2035 2940 2107 ὑμῶν
2976 2039 3034 2090 τί
3062 2037 3314 2107 φάγητε,
3346 2054 3398 2094 κ.
3448 2053 3500 2090 τ.
3540 2035 3599 2091 λο

2073 2214 2181 2266 Καὶ
2212 2213 2386 2268 ταῦτα
2416 2213 2510 2266 τοῦ
2554 2214 2757 2287 Κυρίου
2802 2215 2953 2285 ἡμᾶς
2991 2212 3469 2285 ὲπιθαρσύνοντος,
3517 2214 3594 2285 μὴ

2003 2304 2200 2375 χρῆναι
2248 2305 2376 2375 περὶ
2419 2307 2625 2376 τροφῆς
2677 2305 2798 2376 μηδ’
2829 2306 3014 2358 ἕνεκεν
3053 2305 3162 2358 τῶν
3205 2305 3298 2359 τοῦ
3342 2305 3598 2377 σώματος

2001 2396 2201 2466 χρειῶν
2243 2400 2538 2469 μεριμνᾷν,
2589 2399 2682 2450 καὶ
2704 2399 2804 2451 οὐκ
2836 2398 3134 2466 ἀλογίστως
3168 2399 3593 2470 προτρέποντος,

2002 2487 2099 2538 σὺν
2124 2487 2466 2558 παραστάσει
2493 2487 2549 2539 δὲ
2582 2487 2774 2559 λογικῇ
2803 2489 3302 2560 παραμυθουμένου
3328 2487 3427 2560 τὴν
3451 2489 3596 2543 διδα-

2002 2573 2246 2628 σκαλίαν·
2271 2575 2622 2646 παρῄνειγάρ
2636 2575 2829 2644 λέγων’
2854 2576 2949 2643 Μὴ
2971 2577 3376 2646 μεριμνήσητε
3404 2579 3460 2631 τί
3490 2577 3598 2646 φά-

2004 2682 2146 2735 γητε
2179 2665 2217 2734 ἢ
2252 2667 2312 2719 τί
2341 2667 2693 2722 ἐνδύσεσθε.
2728 2669 2874 2736 Οὐχὶ
2909 2671 2947 2736 ἡ
2978 2669 3149 2736 ψυχὴ
3193 2669 3418 2722 πλείων
3458 2669 3590 2722 ἐστὶ

2000 2754 2110 2823 τῆς
2128 2756 2371 2825 τροφῆς,
2393 2758 2488 2810 καὶ
2505 2758 2569 2809 τὸ
2583 2758 2752 2827 σῶμα
2765 2758 2869 2812 τοῦ
2882 2759 3234 2828 ἐνδύματος
3258 2761 3366 2813 Καὶ
3377 2759 3589 2830 πρῶτος

2005 2846 2104 2914 μὲν
2153 2839 2308 2910 οὗτος
2353 2847 2732 2920 συλλογισμὸς,
2784 2851 3052 2920 συνάγων,
3087 2853 3171 2904 ὅτι
3216 2853 3289 2922 μὴ
3333 2853 3440 2905 δέοι
3465 2855 3588 2907 τινὰ

1999 2940 2128 3009 περὶ
2162 2939 2357 2992 ἑαυτοῦ
2393 2943 2682 3013 μεριμνᾷν.
2722 2943 2784 2994 Εἰ
2817 2943 2926 3012 γὰρ
2958 2947 3188 3014 τροφῆς,
3223 2944 3322 3014 τῆς
3352 2944 3460 2997 ἀπὸ
3486 2945 3590 3014 γῆς

2000 3029 2299 3100 φυομένης,
2330 3030 2529 3099 μείζων
2559 3033 2652 3084 καὶ
2686 3033 2969 3103 κρείττων,
3006 3034 3100 3086 καὶ
3125 3035 3423 3106 τιμιωτέρα
3457 3053 3588 3104 τυγ-

1998 3118 2149 3190 χάνει
2192 3123 2224 3192 ὴ
2258 3121 2545 3193 ἀνθρώπου
2578 3123 2746 3196 ψυχὴ,
2789 3125 2979 3198 λογικὴ
3016 3123 3150 3180 οὖσα
3182 3129 3275 3182 καὶ
3309 3129 3471 3200 νοερά
3498 3131 3589 3182 οὐ-

2000 3211 2112 3273 σία,
2139 3211 2342 3284 ταύτην
2380 3213 2436 3266 δὲ
2487 3215 2559 3286 μὴ
2595 3212 2759 3270 οὖσαν
2807 3219 2889 3281 εἰς
2931 3218 2993 3270 τὸ
3027 3213 3165 3272 εἶναι
3205 3222 3526 3293 παρήγαγεν
3559 3223 3589 3274 ὁ

318 3299 541 3353 minime
565 3298 911 3354 exsistentem
941 3299 1007 3354 ad
1055 3299 1422 3355 exsistendum
1452 3301 1591 3357 Deus
1615 3303 1886 3370 perduxit,

1999 3302 2142 3368 Θεὸς,
2176 3304 2267 3358 καὶ
2288 3304 2492 3376 ταύτης
2523 3309 2659 3378 ἡμῖν
2692 3307 2856 3377 μηδὲν
2885 3310 3253 3381 μεριμνήσασι
3291 3311 3584 3382 μετέδωκε,

319 3391 580 3460 nobisque
609 3391 831 3446 minime
852 3391 918 3445 de
947 3404 1007 3444 ea
1041 3390 1405 3462 cogitantibus
1432 3392 1701 3458 attribuit,
1750 3402 1892 3463 quos

317 3484 582 3537 animatos
611 3482 1008 3551 rationalesque
1038 3483 1188 3546 fecit,
1215 3498 1314 3536 cur
1337 3483 1404 3538 de
1432 3499 1490 3538 re
1514 3467 1806 3551 deteriore,
1837 3487 1888 3540 id

317 3585 399 3628 est
428 3587 572 3633 esca,
611 3573 825 3629 solliciti
864 3575 1086 3650 simus?
1139 3574 1272 3628 Nam
1321 3574 1414 3644 qui
1457 3589 1571 3629 rem
1623 3578 1887 3648 potiorem

315 3660 483 3724 dedit,
516 3661 560 3713 is
585 3675 704 3728 qua:
748 3661 866 3714 usui
901 3661 1026 3717 huic
1070 3671 1196 3716 sunt
1228 3663 1360 3716 dare
1391 3678 1495 3718 non
1545 3663 1884 3733 impedietur.

317 3751 382 3804 Et
414 3752 480 3806 de
529 3753 776 3820 corporis
807 3752 1120 3807 indumento
1152 3753 1291 3814 idem
1323 3768 1503 3809 sermo
1550 3755 1713 3810 valet.
1752 3754 1886 3810 Nam

317 3844 362 3894 si
396 3828 446 3896 in
473 3843 720 3898 confesso
745 3855 825 3898 est
849 3845 1138 3900 animantis
1165 3859 1362 3916 corpus
1392 3846 1889 3915 incomparabiliter

315 3933 506 3988 melius
531 3949 674 4000 esse,
705 3950 863 4004 quam
894 3937 1120 4005 quodvis
1150 3938 1389 3992 exterius
1425 3939 1548 3992 huic
1582 3939 1886 4010 impositum

313 4023 732 4089 vestimentum;
786 4027 917 4080 etsi
967 4036 1134 4086 totum
1186 4041 1380 4096 corpus
1425 4031 1546 4090 vita:
1587 4031 1888 4099 animaeque

315 4115 583 4184 particeps
605 4116 831 4196 Creator
875 4116 1189 4181 constituit;
1236 4133 1334 4172 cur
1385 4120 1456 4179 sit
1507 4121 1884 4191 ambigendum

315 4219 491 4262 utrum
521 4210 634 4279 ipse
663 4211 831 4278 possit
868 4211 1010 4278 quod
1035 4211 1277 4266 deterius
1325 4219 1411 4266 est
1434 4215 1798 4282 suppeditare,
1832 4216 1884 4270 id

311 4311 395 4353 cst
440 4303 837 4367 vestimentum,
894 4317 924 4355 a
976 4291 1371 4372 quo'nobilius
1423 4305 1884 4374 circutntegitur?

309 4395 484 4462 Atque
507 4395 606 4448 hoc
629 4396 861 4463 pritnum
882 4394 1365 4448 demonstrativum
1384 4406 1754 4466 argumentum
1777 4407 1880 4452 est.

386 4485 586 4540 Deinde
607 4496 660 4540 et
687 4487 858 4542 altero
887 4487 1136 4558 exemplo
1165 4487 1333 4542 utitur
1363 4488 1551 4543 dicens
1579 4505 1593 4541 :
1623 4489 1883 4558 Respicite

1992 3395 2270 3467 ἐμψύχους
2301 3400 2451 3468 ἡμᾶς
2492 3400 2587 3452 καὶ
2618 3399 2869 3469 λογικοὺς
2887 3402 3342 3474 ἀπεργασάμενος
3367 3403 3504 3474 (58),
3532 3406 3585 3458 τί

1992 3486 2096 3558 χρὴ
2120 3489 2422 3558 φροντίζειν
2455 3492 2582 3560 περὶ
2613 3491 2707 3544 τοῦ
2743 3492 3000 3564 χείρονος,
3033 3495 3170 3566 ὅπερ
3208 3497 3356 3549 ἐστὶν
3386 3499 3418 3568 ἡ
3454 3513 3578 3568 τρο.

1991 3583 2102 3651 qvi];
2141 3582 2201 3636 Ὀ
2236 3581 2345 3653 γὰρ
2370 3581 2431 3635 τὸ
2463 3585 2704 3654 κρεῖττον
2726 3583 2972 3648 δεδωκὼς
2999 3587 3100 3640 οὐκ
3139 3587 3454 3659 ἀδυνατήσει
3483 3591 3577 3642 καὶ

1989 3673 2051 3726 τὸ
2079 3677 2335 3746 χρειῶδες
2366 3679 2530 3733 αὑτοῦ
2572 3687 2891 3753 παρασχεῖν.
2940 3685 3050 3738 Καὶ
3089 3686 3180 3739 ἐπὶ
3215 3685 3315 3755 τῆς
3345 3687 3439 3739 τοῦ
3473 3685 3576 3739 σώ-

1993 3783 2161 3836 ματος
2184 3769 2476 3841 περιϐολῆς
2499 3775 2527 3824 ὁ
2558 3773 2717 3838 αὐτὸς
2745 3775 2920 3843 λόγος.
2944 3776 3005 3828 Εἰ
3036 3775 3144 3848 γὰρ
3165 3776 3575 3848 ἀνωμολόγηται

1988 3857 2049 3908 τὸ
2084 3857 2178 3910 τοῦ
2208 3858 2348 3923 ζώου
2385 3862 2544 3932 σῶμα
2567 3865 2896 3936 ἀπαραθέτῳ
2930 3868 3211 3939 συγκρίσει
3235 3871 3478 3939 κρεῖττον
3501 3866 3578 3924 εἷ·-

1988 3965 2076 4000 ναι
2101 3951 2202 4003 τοῦ·
2239 3951 2438 4015 ἔξωθεν
2472 3956 2620 4028 αύτῷ
2665 3958 3048 4028 περικειμένου
3083 3959 3400 4030 ἐνδύματος,
3438 3962 3507 4014 τὸ·
3530 3959 3578 4014 δ’

1987 4041 2106 4094 ὅλον
2151 4043 2308 4113 σῶμα
2357 4043 2501 4116 ζωῆς
2549 4049 2770 4120 μετέχον
2821 4051 2913 4102 καὶ
2953 4049 3130 4122 ψυχῆς
3159 4053 3188 4103 ό
3231 4054 3576 4124 Δημιουργδς

1987 4133 2148 4197 αὐτὸς
2180 4138 2572 4208 συνεστήσατο·
2610 4139 2661 4193 τί
2704 4142 2808 4212 χρὴ
2839 4144 3091 4213 -ἀγωνιᾷν
3129 4143 3202 4214 μὴ
3245 4144 3354 4216 ἀρα
3383 4145 3579 4218 ἀδυνασ-

1985 4225 2125 4295 τήσῃ
2153 4226 2212 4278 τὸ
2232 4230 2422 4298 χεῖρον
2456 4235 2779 4300 παρασχεῖν,
2819 4233 2976 4286 τοῦτο
3017 4234 3062 4286 δ’
3098 4231 3165 4306 ἦν
3199 4235 3261 4287 τὸ
3297 4236 3519 4306 ἔνδυμα,
3547 4239 3578 4292 ὁ

1984 4315 2045 4366 τὸ
2069 4320 2312 4387 κρεῖττον
2357 4320 2838 4392 ύποστησάμενος;
2870 4319 3038 4388 Οὗτος
3078 4327 3177 4396 μὲν
3221 4322 3314 4380 οὖν
3359 4329 3576 4400 πρῶτος

1985 4403 2360 4474 ἀποδεικτικὸς
2383 4411 2758 4484 συλλογισμός.
3505 4433 3510 4437 “

2056 4501 2165 4554 Καὶ
2190 4501 2425 4573 δευτέρῳ
2453 4502 2716 4575 κέχρηται
2750 4506 3153 4578 παραδείγματι
3185 4508 3357 4578 λέγων
3381 4525 3395 4540 ⁶
3447 4511 3574 4580 Ἐμ-

308 4576 545 4630 rolatilia
572 4577 709 4640 coeli,
749 4579 1000 4646 quoniam
1041 4595 1143 4633 non
1177 4589 1376 4644 serunt,
1429 4591 1475 4633 et
1511 4578 1673 4634 Pater
1714 4595 1882 4638 vester

1999 4591 2254 4660 Βλέψατε
2271 4595 2358 4660 είς
2387 4595 2456 4648 τὰ
2483 4597 2723 4650 πετεινὰ
2749 4597 2853 4650 τοῦ
2878 4599 3156 4665 οὐρανοῦ,
3183 4599 3272 4654 ὅτι
3299 4603 3372 4655 οὐ
3399 4603 3571 4656 trusi-

309 4669 528 4721 celestis
566 4668 730 4733 pascit
783 4667 896 4723 illa.
945 4669 1140 4724 Nonne
1185 4687 1272 4724 vos
1326 4673 1490 4742 magis
1543 4673 1712 4741 pluris
1755 4677 1878 4729 estis

1999 4699 2175 4748 )ovo't,
2201 4687 2297 4739 καὶ
2321 4689 2355 4739 ὀ
2380 4689 2581 4756 Πατὴρ
2610 4688 2776 4758 ὑμῶν
2800 4695 2832 4744 ὁ
2849 4660 3127 4759 οὐράνιος
3145 4660 3358 4763 ’τρέφει
3388 4680 3562 4748 αὑτά.

307 4761 416 4814 illis
448 4759 532 4810 "?
561 4757 694 4811 Nam
725 4759 769 4812 si
795 4759 900 4825 bis,
947 4777 1175 4831 quorum
1225 4774 1378 4833 pater
1415 4781 1519 4820 non
1558 4775 1660 4829 est,
1689 4782 1880 4836 nempe

1999 4776 2103 4842 ὶύχ
2133 4775 2300 4840 ὑμεῖς
2323 4775 2565 4846 μᾶλλον
2599 4757 3279 4850 διαφέρετεήαὺτῶίη-Εί
3307 4785 3416 4857 γὰρ
3446 4785 3567 4838 τού-

307 4851 638 4911 volucribus,
683 4848 1034 4906 sufﬁcientem
1063 4869 1240 4908 eseam
1275 4859 1598 4926 praeparavit
1637 4859 1877 4912 omnium

307 4952 529 4996 curator
553 4953 609 4997 et
637 4941 886 5009 provisor
931 4933 1088 5005 Deus,
1131 4960 1252 4998 cum
1287 4957 1380 5000 vos
1412 4947 1480 5000 ad
1521 4948 1638 5016 ejus
1689 4949 1880 5019 imagie

308 5049 430 5089 nem
461 5034 581 5088 sitis
607 5034 836 5096 conditi,
889 5035 1166 5101 vestrique
1207 5044 1430 5104 propter
1458 5037 1875 5095 intellectualem

309 5126 733 5194 rationalemque
787 5125 1144 5179 substantiam
1194 5136 1346 5191 pater
1372 5127 1462 5192 sit,
1505 5130 1758 5184 cur'vite
1787 5145 1878 5186 ve-

305 5227 433 5271 strae
457 5230 643 5270 curam
691 5230 799 5270 non
849 5213 1034 5285 geret?
1079 5230 1286 5285 vosque
1328 5217 1462 5272 adeo
1506 5233 1728 5276 securos
1763 5237 1873 5278 non

305 5307 432 5372 alet,
475 5321 575 5363 ceu
617 5316 776 5377 pater
803 5305 928 5360 filiis
954 5315 1201 5374 prompte
1229 5307 1578 5376 suppeditans
1609 5325 1729 5378 quas
1754 5313 1874 5367 usui

305 5411 452 5464 sunt,
487 5399 657 5468 magis
689 5413 849 5468 quam
879 5397 1000 5452 caeli
1037 5397 1370 5472 volucribus,
1413 5399 1610 5467 quibus
1643 5404 1760 5458 sine
1792 5403 1873 5458 la-

305 5489 458 5553 bore,
516 5490 634 5545 sine
682 5490 891 5554 satione
922 5500 1083 5558 atque
1131 5491 1375 5543 aratione
1423 5506 1603 5546 escam
1649 5496 1874 5561 praebet,

384 5581 429 5613 ”
457 5581 586 5636 Car.
634 5596 732 5646 xu,
765 5581 856 5635 22.
932 5582 978 5612 ”
1026 5578 1209 5634 Matth.
1243 5596 1318 5645 νι,
1350 5579 1441 5634 ‘25.
1518 5583 1560 5613 ⁹¹
1595 5583 1725 5640 ibid.
1755 5586 1842 5641 9.6.

287 5019 305 5059 ἱ

1983 4879 2117 4927 τοις,
2144 4857 2220 4918 ὧν
2247 4866 2322 4935 μὴ
2357 4869 2540 4938 πατὴρ
2562 4870 2835 4940 τυγχάνει,
2868 4871 3039 4924 ταῦτα
3060 4872 3106 4927 δ’
3129 4869 3198 4942 ἦν
3221 4873 3290 4926 τά
3322 4873 3562 4938 πετεινά,

1982 4955 2084 5022 τῆς
2118 4957 2655 5030 αὐτάρκουςτροφῆς
2701 4963 3034 5035 προύνόησεν
3085 4966 3114 5017 ὁ
3167 4965 3276 5018 τῶν
3311 4965 3564 5020 ἁπάντων

1983 5046 2360 5118 κηδεμὼνκαὶ
2392 5054 2695 5126 προνοητὴς
2723 5054 2876 5119 Θεὸς,
2911 5056 3064 5127 ὑμῶν
3085 5057 3192 5110 τῶν
3226 5061 3346 5111 κατ’
3381 5059 3567 5112 εἰκόνα

1981 5137 2082 5208 τὴν
2111 5139 2276 5204 αὑτοῦ
2317 5145 2719 5215 πεποιημένων,
2751 5148 2840 5200 διὰ
2876 5149 2974 5220 τὴν
3005 5151 3062 5201 ἐν
3091 5146 3220 5219 ὑμῖν
3248 5150 3440 5220 νοερὰν
3469 5151 3566 5204 καὶ

1979 5229 2200 5301 λογικὴν
2221 5233 2407 5287 οὐσίαν
2431 5237 2610 5308 πατὴρ
2634 5240 2936 5310 τυγχάνων,
2982 5242 3099 5305 πῶς
3119 5242 3178 5294 ού
3205 5245 3384 5295 πᾶσαν
3411 5243 3566 5313 ποιήσ-

1983 5332 2133 5376 σεται
2165 5324 2265 5394 τῆς
2298 5326 2440 5397 ζωῆς
2477 5331 2766 5398 φροντίδας
2811 5334 2904 5386 καὶ
2948 5333 3134 5404 θρέψει
3157 5353 3220 5404 γε
3255 5333 3400 5406 ὑμᾶς
3427 5337 3564 5406 ἀμε-

1985 5415 2210 5485 ρίμνως,
2241 5415 2328 5472 οἷα
2361 5421 2539 5492 πατὴρ
2563 5425 2693 5486 υίοίς
2724 5424 2782 5489 ἐξ
2811 5427 3026 5497 ἑτοίμου
3062 5429 3314 5501 παρέχων
3340 5429 3407 5484 τά
3428 5429 3564 5500 πρὸς

1982 5506 2081 5577 τὴν
2112 5511 2299 5598 χρείαν
2344 5514 2540 5582 μᾶλλον
2571 5516 2738 5584 ἢτοῖς
2773 5522 3035 5584 πετεινοῖς
3072 5521 3164 5576 τοῦ
3203 5520 3455 5597 ούρανοῦ,
3483 5515 3566 5583 οἷς

379 5675 491 5747 (58)
525 5675 904 5734 Animadverte
937 5675 1149 5732 Eusebii
1197 5678 1521 5734 sententiam
1559 5680 1624 5736 de
1653 5681 1878 5754 singulis
1917 5687 2098 5762 aabeo
2133 5691 2334 5749 creatis
2363 5692 2638 5749 hominum
2673 5693 2955 5749 animabue
