4116 6378
362 365 465 419 55-7

1521 367 2021 422 COMMENTARIA
2064 368 2128 423 ΙΝ
2171 371 2428 428 LUCAM.

3493 376 3596 433 558
3619 420 3622 422 .

352 487 662 552 ἀκοπιάτως
703 488 958 560 ἄσπαρτα
1011 490 1105 543 καὶ
1155 491 1392 561 ἀνήροτα
1449 488 1517 542 τά
1557 491 1691 561 πρὸς
1731 493 1933 562 τροφὴν

2039 492 2195 548 Patre
2236 495 2490 549 nimirum
2533 506 2714 551 vestro
2758 497 2924 552 vitam
2974 498 3076 552 illis
3127 497 3284 552 simul
3317 514 3603 567 cscamque

351 581 650 651 πορίζεται,
684 581 776 633 τοῦ
812 581 1073 650 ὑμετέρου
1109 581 1324 651 Πατρὸς
1356 580 1491 650 ὁμοῦ
1528 582 1621 632 καὶ
1655 580 1799 650 ζωὴν
1832 580 1930 632 αὺ-

354 673 468 735 τοῖς
497 672 590 726 καὶ
619 673 822 742 τροφὴν
849 672 1211 741 δωρουμένου.
1248 671 1459 742 Σφόδρα
1487 671 1530 722 δ’
1574 671 1816 742 ἀκριϐῶς
1838 673 1929 724 ἐπὶ

353 767 633 834 προτροπῇ
671 763 777 816 τῶν
823 763 984 816 αὑτοῦ
1021 763 1277 834 μαθητῶν
1313 764 1410 833 οὐχ
1467 762 1621 832 ἁπλῷ
1671 762 1927 833 παραδεί-

349 873 519 925 γματι
558 855 637 926 τῷ
667 856 776 908 τῶν
799 856 1005 923 ἀλόγων
1027 857 1294 926 ἐχρήσατο
1334 854 1504 920 ζώων·
1531 856 1630 907 οὑκ
1651 851 1741 907 οὖν
1766 857 1930 926 ἑρπε-

349 945 456 998 τῶν
486 947 605 999 οὐδὲ
632 947 843 1018 κτηνῶν
866 948 985 1000 οὐδὲ
1013 948 1117 1017 μὴν
1145 947 1340 1017 ἰχθύων
1365 947 1788 1016 ἐμνημόνευσεν,
1812 947 1926 999 ἀλλ’

349 1039 457 1093 οὐδ’
499 1040 701 1110 ὀρνέων
734 1041 918 1104 ἁπλῶς
948 1038 1128 1105 εἶπεν,
1164 1041 1350 1109 ἐπειδὴ
1385 1043 1476 1095 καὶ
1505 1042 1801 1095 τούτωντά
1833 1032 1930 1112 μὲν

352 1134 723 1204 σαρκοφαγεῖ,
751 1133 818 1184 τά
858 1132 914 1184 δὲ
947 1134 1048 1203 γῆν
1078 1136 1325 1194 σιτεῖται,
1356 1133 1425 1184 τὰ
1457 1133 1501 1185 δ’
1550 1131 1926 1202 ἀλληλοφαγεῖ.

350 1222 442 1273 Διὸ
492 1221 600 1273 τῶν
642 1222 984 1292 νεκροϐόρων
1035 1223 1129 1275 καὶ
1178 1222 1526 1294 σαρκοϐὁρων
1569 1223 1834 1292 ἀφορίσας
1864 1222 1932 1276 τὰ

352 1313 716 1384 σπερμοφάγα
749 1311 858 1365 τῶν
902 1313 1186 1376 πετεινῶν,
1226 1315 1322 1367 καὶ
1352 1314 1526 1366 ταῦτα
1572 1313 1818 1383 δηλώσας
1845 1315 1932 1367 διὰ

348 1403 445 1456 τοῦ
480 1403 676 1472 φάναι·
718 1406 800 1457 Οὐ
833 1405 1195 1471 σπείρουσιν·
1231 1404 1374 1457 οὐδὲ
1412 1403 1744 1471 θερίζουσιν
1790 1403 1933 1458 οὐδὲ

349 1494 727 1565 συνάγουσιν
771 1497 858 1560 εὶς
918 1495 1244 1561 ἀποθήκας,
1307 1496 1405 1548 καὶ
1443 1499 1475 1549 ό
1521 1495 1723 1564 Πατὴρ
1758 1493 1927 1564 ὑμῶν

354 1588 388 1640 ὁ
425 1585 702 1654 οὐράνιος
732 1586 1116 1655 τρέφειαὺτάε
1147 1587 1351 1640 τούτων
1389 1605 1447 1640 τε
1471 1587 1648 1640 αὐτῶν
1687 1589 1930 1660 ἐμφήνας

350 1676 419 1729 τὰ
447 1676 759 1747 ὑψηλοπετῆ
795 1676 883 1730 διὰ
917 1676 1012 1730 τοῦ
1046 1681 1366 1747 προσειπεῖν
1406 1679 1544 1732 αὐτὰ
1575 1680 1802 1750 οὐρανοῦ
1837 1698 1933 1734 πε-

349 1768 520 1832 τεινὰ,
565 1771 691 1830 τοὺς
745 1767 910 1822 αὑτοῦ
961 1770 1207 1842 μαθητὰς
1253 1771 1344 1823 ἐπὶ
1391 1771 1486 1841 τὴν
1538 1772 1796 1842 ὁμοίωσιν
1829 1774 1932 1844 τῆς

2033 584 2338 654 largiente?
2362 587 2729 644 Solertissime
2760 600 2940 645 autem
2989 591 3040 644 in
3073 591 3174 645 hac
3201 590 3267 643 ad
3311 589 3605 656 discipulos

2030 690 2160 729 suos
2207 678 2604 743 adhortatione,
2639 680 2778 734 haud
2813 681 3052 749 generali
3095 680 3276 751 aliquo
3315 681 3603 736 irrationa-

2032 765 2159 819 lium
2194 768 2552 822 animantium
2606 771 2856 838 exemplo
2897 785 3027 825 usus
3074 780 3177 833 est,
3235 785 3409 839 neque
3465 771 3596 825 item

2031 857 2362 923 serpentium
2413 869 2507 912 aut
2556 859 2813 920 ferarum,
2868 875 3044 929 neque
3087 861 3458 929 iumentorum
3513 869 3607 913 aut

2033 947 2256 1015 piscium
2287 952 2551 1014 meminit,
2588 968 2763 1020 neque
2797 953 2972 1006 avium
3006 953 3606 1024 simpliciter,quando~

2033 1039 2249 1106 quidem
2309 1050 2364 1094 et
2422 1041 2614 1096 horum
2643 1044 2834 1113 aliquae
2867 1044 3171 1098 carnivorze
3219 1056 3363 1109 sunt,
3399 1044 3518 1098 alia:
3547 1045 3600 1097 in

2034 1138 2176 1184 terra
2226 1144 2539 1200 pascuntur,
2592 1133 2712 1187 alia:
2759 1150 2818 1188 se
2870 1135 3096 1188 invicem
3134 1144 3348 1189 vorant.
3399 1134 3522 1189 Ideo
3573 1151 3606 1189 τι

2032 1221 2357 1277 cadaverum
2391 1225 2747 1294 carniumque
2775 1227 3078 1292 voracibus,
3107 1227 3407 1281 seminibus
3460 1229 3605 1296 pasci

2033 1311 2216 1367 solitas
2246 1328 2538 1370 secernens
2568 1317 2832 1379 volucres,
2863 1325 3025 1384 atque
3059 1322 3156 1369 has
3194 1315 3278 1369 his
3310 1315 3486 1371 verbis
3511 1319 3608 1371 de-

2034 1404 2261 1474 signans
2311 1405 2453 1474 quod
2528 1422 2722 1475 nempe
2775 1423 2936 1476 neque
2985 1417 3164 1460 serunt
3224 1423 3380 1471 neque
3411 1414 3609 1460 metunt

2033 1511 2194 1564 neque
2231 1495 2284 1547 in
2329 1495 2516 1549 horrea
2562 1506 2901 1566 congregant,
2957 1506 3006 1552 et
3052 1508 3225 1552 tamen
3257 1497 3419 1551 Pater
3446 1507 3608 1550 vester

2033 1587 2251 1640 caelestis
2280 1588 2446 1653 pascit
2475 1586 2602 1651 illa;
2634 1589 2962 1656 easdemque
2995 1588 3104 1642 alte
3144 1588 3372 1642 volitare
3402 1588 3610 1657 signifi-

2033 1691 2186 1738 cans,
2217 1679 2342 1731 dum
2393 1677 2534 1734 sicut
2584 1678 2705 1733 οωΙί
2761 1678 2997 1733 volatilia
3053 1679 3348 1749 discipulos
3380 1695 3508 1734 suos
3541 1680 3610 1733 ad

2035 1769 2213 1822 simile
2281 1769 2527 1823 alimenti
2576 1784 2746 1840 genus
2791 1772 3184 1840 capessendum
3257 1771 3608 1835 hortabatur;

349 1859 554 1912 τούτων
577 1861 784 1930 τροφῆς
808 1859 1100 1932 παρώρμα·
1126 1860 1261 1931 ὁμοῦ
1293 1862 1389 1914 καὶ
1413 1864 1504 1915 ἐπὶ
1530 1863 1628 1933 τὴν
1657 1864 1929 1930 ἀπόδειξιν

2038 1860 2193 1914 simul
2221 1860 2366 1929 ipsos
2395 1860 2462 1915 ad
2493 1862 2966 1931 contemplandam
2998 1863 3320 1918 universalis
3344 1868 3612 1918 curatoris

350 1955 452 2025 τῆς
491 1955 706 2008 πάντων
743 1955 938 2026 ὲφόρου
980 1957 1239 2026 προνοίας
1288 1955 1676 2026 παραπέμπων
1709 1957 1925 2020 αὐτοὺς,

349 2045 424 2108 ὡς
452 2044 518 2099 ἂν
543 2047 934 2116 τεκμαίρεσθαι
969 2047 1299 2115 δυναμένους
1333 2049 1398 2098 ὲκ
1426 2045 1516 2098 τοῦ
1558 2046 1930 2118 παραδείγμα-

349 2152 464 2200 τος,
497 2138 579 2190 an
606 2138 740 2190 πολῦ
774 2139 973 2208 μᾶλλον
1004 2138 1182 2191 αὐτῶν
1215 2138 1246 2207 ἢ
1283 2137 1389 2189 τῶν
1420 2136 1680 2190 πετεινῶν
1705 2137 1798 2189 τοῦ
1834 2138 1927 2190 οὐ·

354 2227 517 2298 ρανοῦ
547 2231 648 2299 τῆς
675 2231 882 2300 τροφῆς
909 2233 1152 2299 φροντιεῖ
1173 2231 1200 2282 ὁ
1229 2222 1478 2300 οὐράνιος
1507 2230 1684 2284 αὐτῶν
1713 2231 1923 2300 Πατήρ.

353 2319 570 2390 Πατέρα
601 2319 656 2372 δὲ
691 2321 871 2373 καλῶν
908 2321 1175 2391 οὐράνιον,
1214 2320 1392 2390 δόγμα
1422 2321 1673 2390 μέγιστον
1711 2320 1928 2386 ἐξεπαί-

350 2409 524 2463 δευεν.
564 2413 753 2475 Ὄντος
788 2411 898 2484 γὰρ
925 2413 1139 2483 Πατρὺς
1185 2413 1452 2483 σωμάτων
1490 2413 1584 2465 τοῦ
1620 2414 1717 2483 τὴν
1751 2412 1928 2484 σάρκα

353 2502 670 2571 σπείραντος
695 2504 929 2574 ἑκάστῳ,
955 2503 1106 2567 ὄντος
1130 2504 1185 2557 δὲ
1206 2503 1299 2558 καὶ
1325 2502 1534 2575 Πατρὸς
1563 2503 1809 2572 οὐρανίου
1834 2504 1928 2556 τοῦ

350 2590 448 2662 τὴν
489 2591 711 2664 λογικὴν
749 2594 845 2646 καὶ
875 2593 1066 2664 νοερὲν
1097 2593 1324 2663 δύναμιν
1359 2594 1416 2645 ὲν
1450 2595 1580 2662 ἡμῖν
1624 2593 1931 2663 ὑποστησα-

353 2681 536 2752 μένου,
580 2682 634 2735 τί
671 2682 778 2756 χρὴ
831 2685 1132 2753 μεριμνᾷν;
1169 2684 1303 2752 Οὐχὶ
1341 2682 1586 2753 ἀκριϐῶς
1617 2683 1927 2745 πεπεῖσθαι,

349 2777 433 2830 ὅτι
467 2777 600 2830 πολὺ
644 2777 909 2848 πρότερον
939 2779 1094 2848 ἡμῶν
1124 2779 1153 2831 ὁ
1181 2776 1324 2830 κατὰ
1352 2777 1512 2845 φύσιν
1545 2779 1638 2831 καὶ
1669 2779 1930 2848 κρείττων

354 2865 536 2938 πατὴρ
569 2867 929 2938 προνοήσεται
963 2865 996 2936 ἢ
1044 2866 1153 2919 τῶν
1189 2865 1446 2920 πετεινῶν
1489 2865 1582 2918 τοῦ
1618 2865 1868 2936 οὐρανοῦ,
1897 2868 1932 2920 ἃ

358 2955 447 3008 διὰ
471 2955 570 3027 τὴν
597 2956 762 3008 αὑτοῦ
800 2956 1059 3027 πρόνοιαν
1095 2955 1254 3025 μέχρι
1289 2955 1383 3007 καὶ
1420 2954 1597 3007 αὐτῶν
1625 2955 1932 3026 ἐκτεινομέ-

351 3065 471 3118 νην,
512 3046 784 3119 τοσαύτης
821 3048 881 3112 ἐξ
921 3048 1140 3118 ἑτοίμου
1185 3049 1392 3118 τροφῆς
1437 3047 1679 3118 εὐπορεῖ,
1712 3046 1788 3110 ὡς
1839 3047 1931 3100 εὐ-

350 3139 533 3208 τραφῆ
577 3138 670 3191 καὶ
721 3138 919 3209 ἰσχυρὰ
963 3139 1058 3192 καὶ
1089 3137 1378 3209 ὲρῤωμένα
1419 3137 1738 3207 τυγχάνειν;
1773 3136 1932 3190 Κατὰ

349 3229 408 3282 δὲ
453 3230 546 3282 τὸν
577 3230 792 3284 Λουκᾶν
826 3228 999 3298 λέγων
1020 3229 1049 3281 ὁ
1080 3227 1312 3298 Κύριος·
1341 3227 1766 3294 Koma-micare
1791 3227 1933 3294 τοὺς

352 3321 616 3389 κόρακας
641 3320 778 3392 (59),
807 3321 992 3374 πλεῖόν
1011 3338 1063 3373 τι
1087 3321 1364 3390 ἐμφαίνει,
1391 3320 1518 3381 Τοῖς
1531 3321 1627 3390 μὲν
1641 3319 1748 3389 γὰρ
1762 3336 1864 3371 σπε
1871 3337 1933 3388 ρ-

357 3411 606 3483 μολόγοις
651 3409 760 3463 τῶν
793 3409 1012 3478 πτηνῶν
1059 3410 1375 3481 ὲτοιμοτέρα
1420 3411 1537 3463 ἐστὶ
1570 3411 1742 3482 τροφὴ
1763 3450 1777 3471 ,
1821 3413 1935 3473 τοῖς

351 3505 412 3558 δὲ
453 3502 837 3575 σαρκοϐόροις,
873 3502 1060 3574 ὥσπερ
1106 3504 1155 3555 οἱ
1190 3503 1458 3574 κόρακες,
1497 3501 1930 3573 δυσχερεστέρα·

352 3593 472 3648 ἀλλ’
501 3595 652 3663 ὅμως
689 3594 809 3647 οὐδὲ
858 3591 925 3646 τὰ
969 3591 1196 3646 τοιαῦτα
1233 3593 1438 3663 τροφῆς
1479 3593 1677 3662 ἀπορεῖ
1713 3591 1800 3644 διὰ
1837 3592 1935 3664 τὴν

355 3682 633 3754 κνταχοῦ
674 3682 1042 3753 ἑκτεταμένην
1073 3682 1352 3752 Πρόνοιαν.
1390 3684 1500 3735 Καὶ
1539 3683 1707 3755 τρίτῳ
1750 3682 1936 3738 συλλοο

353 3773 539 3844 τισμῷ
568 3774 648 3836 εἷς
676 3773 738 3826 τὸ
775 3771 908 3826 αὐτὸ
957 3773 1156 3844 ἐχρῆτο
1185 3772 1396 3842 λέγων·
1443 3773 1538 3839 Τίς
1574 3773 1628 3824 δ’
1667 3773 1737 3836 ἐξ
1771 3770 1938 3840 ὑμῶν
1975 3797 1978 3800 -

350 3864 652 3936 μεριμνῶν
698 3863 946 3918 δύναται
990 3863 1340 3931 προσθεῖναι
1393 3864 1492 3918 ἐπὶ
1538 3865 1653 3932 τὴν
1695 3864 1939 3932 ἡλικίαν

356 3958 543 4013 αὐτοῦ
592 3957 799 4026 πῆχυν
839 3957 978 4022 Era;
1024 3958 1092 4008 Ei
1133 3952 1246 4010 οὖν
1292 3957 1415 4010 οὔτ’
1469 3955 1796 4025 ἐλάχιστον
1839 3953 1940 4008 δύ-

357 4052 568 4116 νασθε,
589 4050 720 4117 περὶ
746 4047 867 4102 τῶν
893 4045 1122 4102 λοιπῶν
1145 4049 1202 4100 τί
1214 4047 1566 4118 μεριμνᾶτε;
1601 4048 1738 4102 Ἀλλ’
1763 4050 1813 4103 εί
1843 4067 1940 4120 μη-

358 4141 470 4207 δεὶς
499 4139 680 4210 οἰκείᾳ
713 4139 953 4210 φροντίδι
995 4138 1215 4194 πώποτε
1257 4137 1576 4211 προσθήκην
1619 4139 1796 4212 ἑαυτῷ
1844 4139 1938 4192 τοῦ

363 4231 613 4302 σώματος
646 4231 967 4302 ἐπενόησεν,
999 4229 1112 4283 ἀλλ’
1138 4230 1258 4284 οὐδὲ
1285 4233 1351 4303 τῇ
1387 4229 1692 4304 προθεσμίᾳ
1719 4230 1812 4283 τοῦ
1841 4233 1940 4300 τῆς

363 4324 508 4394 ζωῆς
552 4324 768 4395 χρόνου,
807 4324 1148 4394 μεριμνήσας
1178 4341 1261 4387 τις
1287 4317 1398 4387 οἷός
1418 4323 1468 4394 τῖ
1502 4322 1567 4377 ἂν
1595 4321 1680 4394 εἴη
1710 4322 1846 4393 πρὸς
1871 4326 1937 4393 τῇ

361 4415 582 4487 τελευτῇ
621 4413 714 4468 τοῦ
762 4414 878 4484 βίου
912 4416 1220 4484 γενόμενος,
1249 4414 1460 4490 ἡμέρας
1498 4415 1626 4484 μιᾶς
1663 4413 1939 4484 διάστημα

362 4507 397 4577 ἢ
453 4507 644 4577 καιρὸν
693 4505 1026 4576 βραχύτατον
1074 4505 1224 4576 ὥρας
1266 4503 1442 4574 ἐαυτῷ
1494 4503 1843 4574 περινοῆσαι·
1886 4502 1938 4554 τί

363 4597 468 4669 χρὴ
508 4597 778 4668 περιττῶς
815 4599 1104 4668 μεριμνᾷ-θ,
1137 4598 1254 4651 δέον
1287 4595 1681 4668 ἐπιτρέψαντας
1709 4593 1786 4664 τῷ
1818 4593 1937 4665 Θεῷ

363 4691 464 4762 τὴν
489 4688 653 4743 αὑτοῦ
697 4689 890 4761 βουλὴν
919 4689 1261 4759 περιμένειν;
1297 4687 1656 4758 Βουληθέντος
1695 4686 1803 4757 γὰρ
1842 4686 1938 4738 αὑ-

365 4781 458 4836 τοῦ
505 4781 689 4847 αὔξειν
726 4781 894 4852 ἡμᾶς,
943 4778 1198 4850 αὔξομεν,
1248 4781 1412 4850 μηδὲν
1469 4781 1935 4851 μεριμνήσαντες·

366 4872 459 4926 καὶ
487 4869 840 4940 βουληθέντος
871 4870 1016 4940 ἡμᾶς
1051 4869 1149 4940 ζῇν
1178 4869 1272 4922 καὶ
1303 4869 1628 4940 μακροϐίους
1660 4863 1816 4932 εἶναι,
1845 4869 1939 4939 ζη-

367 4959 574 5031 σόμεθα
603 4961 698 5012 καὶ
737 4959 1018 5020 πολυετεῖς
1059 4957 1426 5029 γενησόμεθα,
1471 4957 1633 5028 μηδὲν
1667 4957 1938 5032 μεριμνή-

369 5070 588 5116 σαντες·
625 5051 700 5124 μὴ
747 5050 1069 5121 βουλομένου
1115 5049 1172 5101 δὲ
1215 5049 1380 5103 αὐτοῦ
1432 5051 1769 5120 παραμένειν
1815 5047 1937 5106 τινὰ

367 5143 475 5199 τῶν
504 5144 654 5214 βίων,
695 5143 900 5213 ματαία
926 5142 1074 5195 πᾶσα
1105 5141 1324 5213 φροντὶς
1350 5139 1656 5211 ἀνθρώπου,

443 5253 557 5325 (59)
590 5253 792 5325 Nempe
838 5253 970 5309 Luc.
1016 5269 1114 5320 xu,
1143 5253 1234 5307 24.
1294 5251 1431 5325 lliuc
1484 5267 1669 5325 rursus
1697 5252 1944 5325 videmur

370 5322 697 5393 cognoscere
727 5322 1015 5377 Eusebium
1041 5323 1396 5393 commentari
1420 5323 1501 5377 vel
1531 5323 1831 5390 generatim
1867 5323 1933 5374 ad

373 5391 813 5464 Evangeliatvel
835 5405 984 5447 certe
1008 5395 1084 5464 fin
1117 5391 1483 5460 superioribus
1517 5402 1940 5464 commentatum

371 5462 550 5519 fuisse
568 5463 636 5522 ad
670 5463 858 5517 Matth.
891 5477 967 5525 τι,
996 5463 1069 5516 25
1109 5477 1252 5532 seq.,
1283 5471 1342 5515 ut
1387 5464 1549 5532 etiam
1582 5462 1740 5514 verba
1777 5477 1943 5514 θνειιι-

373 5532 542 5603 κέιίειι
569 5534 730 5589 citata
754 5533 823 5588 τὰ
857 5532 1077 5594 πετεινά
1108 5531 1203 5594 τοῦ
1237 5531 1490 5603 οὐρανοῦ,
1523 5543 1653 5594 etc.,
1688 5532 1937 5603 suadent.

372 5601 592 5658 Nicetas
636 5603 801 5673 igitur
845 5604 1076 5673 traxisse
1115 5605 1228 5656 haec
1259 5601 1326 5655 ad
1361 5613 1608 5656 catenam
1641 5601 1938 5673 in__l,_ucam

373 5674 611 5736 videtur,
641 5671 712 5740 de
747 5687 849 5740 qua
889 5687 946 5725 re
977 5671 1088 5740 jam
1126 5674 1179 5726 in
1213 5673 1637 5740 prtecedentibus
1678 5671 1934 5725 diximus.

373 5743 628 5796 Attamen
695 5743 1094 5810 qualescunque
1169 5743 1250 5795 Ine
1321 5752 1518 5799 nostrae
1572 5742 1937 5794 dubitationes

377 5825 537 5882 sunt;
574 5815 681 5871 duo
706 5822 830 5868 sunt
865 5811 1062 5888 alioqui
1109 5811 1408 5871 certissima
1438 5828 1448 5858 2
1486 5811 1737 5884 primum,
1768 5820 1936 5864 matc-

1901 4561 2014 4616 .~_D

2037 1949 2430 2018 providentiam
2462 1951 2706 2013 mittens,
2735 1952 2979 2018 subjecto
3001 1955 3250 2023 exemplo
3275 1955 3418 2024 quod
3443 1954 3601 2008 multa

2038 2041 2210 2110 magis
2244 2041 2480 2110 ipsormn
2532 2060 2694 2113 quam
2728 2045 3022 2098 volatilium
3072 2045 3384 2102 alendorum
3420 2061 3610 2101 curam

2037 2142 2187 2201 geret
2211 2135 2447 2188 caelestis
2471 2134 2650 2190 Pater.
2690 2137 2824 2190 Dum
2873 2148 3051 2192 autem
3085 2140 3360 2194 ccelestem
3392 2137 3610 2193 Patrem

2037 2221 2291 2290 appellat,
2329 2226 2618 2280 maximum
2650 2243 2746 2282 nos
2781 2227 2974 2298 dogma
3004 2229 3181 2283 docet.
3219 2221 3353 2282 Nam
3388 2244 3509 2283 cum
3539 2229 3613 2281 sit

2039 2321 2282 2367 nostrum
2313 2313 2575 2387 cnjusque
2609 2319 2766 2372 Pater
2797 2320 2840 2373 is
2880 2321 2971 2388 qui
3003 2335 3219 2375 carnem
3257 2330 3496 2374 nostram
3522 2335 3611 2373 se-

2040 2403 2148 2466 vit;
2182 2418 2304 2455 cum
2350 2407 2419 2457 sit
2465 2407 2594 2460 item
2647 2408 2885 2463 caelestis
2930 2409 3112 2472 Pater,
3149 2411 3238 2478 qui
3289 2407 3609 2464 rationalem

2039 2491 2564 2564 intellectualemque
2601 2498 2707 2550 vim
2741 2499 2895 2552 nobis
2933 2499 3163 2564 indidit,
3197 2515 3294 2553 cur
3317 2500 3426 2568 jam
3458 2497 3611 2553 solli-

2037 2583 2129 2637 citi
2158 2584 2362 2639 simus?
2400 2585 2592 2641 Nonne
2626 2587 2851 2642 ﬁrmiter
2897 2591 3224 2644 credendum
3271 2602 3354 2645 est
3388 2601 3610 2644 natura-

2038 2674 2142 2730 lem
2179 2689 2422 2730 nostrum
2471 2679 2860 2747 melioremque
2909 2679 3144 2750 (anitum)
3192 2690 3398 2748 patrem
3457 2680 3612 2734 nobis

2039 2766 2213 2837 magis
2236 2769 2632 2834 consulturum,
2661 2786 2822 2838 quam
2857 2771 2979 2823 ρεηιί
3018 2770 3322 2824 volatilibus
3343 2810 3358 2833 ,
3392 2785 3512 2840 quae
3541 2772 3612 2824 oh

2041 2858 2136 2912 Dei
2164 2861 2557 2928 providentiam
2589 2863 2655 2914 ad
2688 2861 2778 2914 illa
2807 2876 2977 2930 usque
3015 2872 3348 2930 protensam,
3387 2873 3533 2916 tanta
3558 2874 3615 2917 et

2042 2958 2150 3003 tam
2182 2949 2324 3004 facili
2355 2965 2480 3005 esca
2507 2951 2804 3016 abundant,
2836 2953 2907 3006 ita
2935 2961 2991 3007 ut
3025 2953 3134 3007 sint
3162 2953 3379 3024 pinguia
3423 2965 3476 3008 et
3503 2954 3614 3009 for-

2045 3043 2116 3094 tia
2147 3051 2202 3096 et
2221 3042 2424 3111 optima
2473 3043 2699 3110 praedita
2747 3042 3092 3098 valetudine?
3138 3043 3255 3098 Jam
3316 3048 3611 3100 secundum

2041 3132 2244 3188 Lucam
2288 3135 2475 3188 dicens
2517 3133 2798 3201 Dominus,
2847 3132 3188 3188 Considerate
3243 3151 3444 3198 corvos,
3497 3137 3614 3206 plus

2037 3227 2238 3296 aliquid
2286 3227 2576 3295 signiﬁcat.
2619 3225 2753 3280 Nam
2807 3241 2929 3296 quae
2977 3226 3274 3281 seminibus
3319 3237 3614 3294 pascuntur

2038 3317 2302 3381 volucres,
2353 3317 2524 3386 magis
2557 3316 2772 3370 obviam
2799 3331 2982 3371 escam
3031 3316 3260 3381 habent;
3308 3318 3611 3371 carnivorae

2037 3417 2254 3474 autem,
2298 3408 2600 3476 cuiusmodi
2655 3407 2802 3462 corvi
2845 3416 3001 3472 sunt,
3050 3407 3429 3461 difficiliorem.
3502 3407 3610 3463 Sed

2038 3509 2216 3554 tamen
2245 3514 2314 3554 ne
2361 3503 2413 3553 hi
2446 3499 2660 3568 quidem
2713 3500 2970 3554 alimento
3016 3509 3226 3562 carent,
3281 3509 3498 3568 propter
3543 3501 3611 3553 ad

2036 3589 2220 3644 omnia
2270 3589 2630 3657 pertinentem
2678 3586 3098 3645 Providentiam.
3164 3588 3348 3643 Tertio
3397 3605 3614 3658 quoque

2037 3691 2360 3749 argumento
2401 3681 2468 3733 ad
2521 3681 2658 3734 idem
2716 3695 2844 3734 usus
2873 3688 2957 3734 est
2987 3681 3218 3734 dicens:
3255 3678 3387 3744 Qui:
3433 3689 3612 3734 autem

2038 3777 2262 3822 vestrum
2293 3771 2574 3840 cogitando
2600 3780 2767 3837 potest
2796 3770 3026 3839 adjicere
3054 3770 3124 3824 ad
3163 3781 3427 3824 staturam
3457 3788 3612 3824 suam

2035 3861 2267 3914 cubitum
2300 3862 2504 3916 unum?
2559 3862 2621 3916 Si
2672 3879 2794 3930 ergo
2846 3878 3008 3928 neque
3045 3862 3184 3932 quod
3231 3862 3503 3915 minimum
3534 3873 3612 3914 est

2037 3953 2274 4018 potestis,
2304 3947 2490 4006 cur'de
2512 3953 2715 4006 cwteris
2751 3953 2970 4006 solliciti
2999 3955 3123 4007 estis
3143 3955 3168 4006 .9
3206 3953 3261 4006 Si
3296 3968 3452 4007 nemo
3484 3968 3610 4023 pro-

2041 4043 2156 4111 prio
2207 4043 2387 4098 studio
2420 4043 2849 4098 additamentum
2893 4045 3109 4113 corpori
3157 4059 3256 4099 suo
3303 4045 3484 4098 facere
3517 4060 3613 4114 p0-

2042 4145 2176 4200 test;
2205 4136 2249 4190 si
2285 4151 2478 4205 neque,
2521 4146 2724 4191 statuto
2753 4135 2968 4191 vivendi
3017 4137 3212 4206 spatio,
3263 4139 3612 4204 quantumvis

2040 4229 2260 4297 cogitet,
2299 4237 2477 4297 potest
2517 4229 2802 4299 quisquam
2851 4229 2975 4282 vita:
3016 4229 3110 4282 lini
3161 4228 3472 4297 proximus,
3531 4229 3617 4282 vel

2041 4320 2200 4379 unius
2232 4320 2338 4374 diei
2390 4319 2735 4374 intervallum
2781 4329 2877 4374 aut
2909 4317 3288 4373 brevissimum
3321 4318 3468 4372 bone
3500 4333 3616 4374 mo-

2042 4419 2280 4462 mentum
2309 4408 2412 4463 sibi
2435 4423 2772 4478 comparare,
2803 4423 2900 4462 cur
2926 4405 3128 4460 frustra
3153 4405 3611 4460 sollicitudinibus

2041 4501 2309 4568 angimur,
2341 4517 2464 4556 cum
2491 4516 2624 4571 opus
2639 4499 2712 4555 sit
2742 4499 2835 4554 Dei
2873 4499 3200 4552 voluntatem
3235 4507 3618 4566 exspectantes

2044 4592 2332 4661 perstare?
2381 4591 2517 4646 Nam
2567 4591 2612 4646 si
2664 4592 2710 4644 is
2745 4591 2974 4644 voluerit
3021 4604 3119 4644 nos
3167 4603 3386 4660 augere,
3431 4591 3618 4660 utique

2045 4685 2359 4753 augebimur
2388 4681 2521 4738 nihil
2561 4683 2863 4751 cogitantes
2895 4696 2910 4733 :
2938 4691 2994 4736 et
3032 4681 3076 4735 si
3111 4681 3342 4737 voluerit
3382 4697 3480 4736 nos
3524 4684 3616 4736 ditt

2043 4777 2250 4840 vivere,
2272 4790 2405 4831 sane
2429 4774 2711 4844 permultis
2736 4775 2892 4830 annis
2924 4775 3041 4830 sine
3065 4775 3171 4829 ulla
3195 4790 3323 4829 cura
3350 4772 3612 4832 fruemur.

2045 4865 2272 4921 Noleute
2295 4876 2475 4921 autem
2505 4865 2645 4920 eoin
2674 4865 2787 4919 vita
2819 4865 3054 4936 aliquem
3078 4882 3448 4935 perseverare,
3478 4881 3615 4926 vana

2046 4958 2299 5029 quaslibet
2325 4957 2562 5018 hominis
2593 4972 2724 5019 cura
2749 4966 2852 5018 est,

2045 5245 2180 5298 riam
2212 5252 2376 5296 totam
2418 5257 2538 5297 esse
2566 5243 2778 5298 Eusebii
2803 5288 2818 5310 ,
2855 5246 3010 5314 cujus
3058 5261 3254 5300 nomen
3296 5254 3613 5300 constanter

2042 5315 2095 5368 in
2119 5315 2302 5368 citatis
2323 5315 2576 5368 omnibus
2599 5317 2843 5370 codicum
2871 5317 3004 5369 locis
3029 5316 3223 5383 legitur
3248 5333 3262 5369 :
3291 5321 3612 5376 secundum,

2041 5385 2292 5437 debuisse
2340 5398 2456 5445 nos,
2491 5393 2549 5436 ut
2592 5383 2843 5447 fecimus,
2895 5387 3345 5439 commentarium
3380 5385 3524 5443 hunc
3557 5385 3612 5438 iu

2040 5453 2602 5524 Lucamiinscrihere,
2651 5457 2776 5522 quia
2827 5465 3046 5524 Cuncta
3076 5455 3189 5507 haec
3218 5456 3550 5524 deprehensa
3583 5470 3613 5515 τι

2041 5524 2197 5580 nobis
2245 5523 2461 5577 fuerunt
2487 5523 2540 5576 in
2574 5537 2806 5592 quatuor
2850 5523 3083 5578 diversis
3118 5524 3182 5576 ad
3219 5524 3416 5576 Lucam
3464 5535 3617 5580 cate.

2042 5595 2150 5653 nis,
2191 5608 2295 5649 non
2332 5608 2464 5647 vero
2509 5594 2560 5647 in
2589 5594 2818 5648 aliorum
2856 5593 3308 5662 evangelistarum
3357 5597 3617 5660 explanavi

2050 5663 2303 5715 tionibus.
2353 5663 2464 5717 lloc
2495 5678 2624 5733 ergo
2663 5675 2897 5732 quatuor
2938 5665 3187 5733 codicum
3249 5662 3616 5726 testimonium

2046 5750 2144 5802 pro
2200 5733 2414 5786 Eusebii
2487 5731 2890 5788 Commentario
2939 5734 2991 5788 in
3044 5731 3242 5790 Lucam
3305 5742 3618 5812 peremptae

2047 5820 2182 5860 nutu
2213 5815 2450 5879 apparet.
