4116 6460
338 369 442 426 559

1049 362 1316 451 ΕυβΕΒιι
1353 358 1841 417 ιλιιιδιιιιεδειε.
1881 360 1908 415 (

2017 404 2031 415 .
2077 360 2257 416 PARS
2296 358 2455 414 Ill.——
2497 357 2907 413 EXECETICA.

3473 358 3578 415 560

408 480 583 549 Atque
619 477 730 533 inec
779 478 844 532 de
894 477 1166 532 alimentis
1216 477 1550 539 disserebat;
1598 476 1907 547 pariterque

2080 478 2190 530 Καὶ
2236 474 2409 529 ταῦτα
2449 474 2547 545 μὲν
2601 474 2729 545 περὶ
2763 472 2969 545 τροφῆς
3012 473 3344 527 eramusm-
3393 473 3579 528 ῶσαύο

336 574 404 629 de
464 571 793 627 indumentis
837 570 1092 624 monebat
1117 568 1306 623 dicens
1337 585 1351 621 ι
1385 567 1724 621 Considerate
1762 567 1901 633 lilia,

336 662 596 732 quomodo
627 668 884 722 crescunt,
939 666 993 711 et
1043 657 1268 726 reliqua.
1320 656 1527 711 Rursus
1558 655 1636 710 Ιιί‹
1690 670 1903 726 quoque

335 748 760 821 argumentando
806 746 1098 811 concludit,
1143 746 1376 801 suadens
1416 758 1475 801 ut
1520 746 1902 801 indumentum

336 862 550 917 quoque
597 859 626 897 a
665 846 770 897 Deo
803 841 934 911 ipsis
958 842 1146 896 datum
1194 841 1259 896 iri
1305 851 1645 911 exspectent.
1687 841 1822 897 Nam
1858 841 1903 897 si

334 939 453 1008 quis
488 946 571 991 est
599 937 738 1005 apud
772 935 1023 990 homines
1068 934 1320 1003 pretiosa:
1351 935 1516 989 vestis
1547 943 1709 1004 atque
1750 949 1907 988 orna-

334 1029 499 1083 menti
559 1028 863 1093 studiosus;
916 1035 1182 1095 spectate,
1236 1026 1434 1094 inquit,
1472 1027 1742 1095 quomodo
1777 1026 1903 1080 uni-

333 1121 472 1174 versi
518 1130 710 1173 auctor
762 1119 902 1173 Deus
948 1132 1115 1186 usque
1156 1118 1223 1171 ad
1270 1128 1460 1172 enatos
1512 1117 1701 1173 tellure
1747 1117 1906 1172 ﬂores

335 1211 683 1281 multiplicem
718 1225 873 1262 suam
912 1209 1233 1278 sapientiam
1264 1210 1581 1273 extendens,
1632 1210 1777 1263 omni
1810 1224 1903 1265 co-

335 1304 507 1357 lorum
558 1314 716 1371 atque
752 1313 1042 1356 ornatuum
1089 1318 1286 1371 genere
1312 1302 1431 1357 illos
1478 1302 1660 1366 vestit,
1702 1311 1902 1356 lenam

336 1394 752 1455 transl'urmans,
788 1393 1174 1464 pulveremqne
1219 1395 1336 1463 ejus
1380 1394 1698 1459 inauimem,
1753 1408 1906 1448 eus-

334 1485 563 1554 demque
640 1483 875 1553 Speciem
960 1483 1285 1546 immutans,
1360 1483 1672 1538 melioribus
1733 1482 1906 1537 nulto

336 1576 586 1631 tincturis
619 1591 780 1643 quam
826 1575 1079 1629 videntur
1124 1590 1356 1645 purpura
1387 1585 1441 1629 et
1491 1591 1702 1637 aurum,
1731 1585 1784 1630 et
1819 1585 1891 1629 te-

336 1670 530 1724 nuibus
560 1669 786 1742 philyris
808 1669 1148 1738 ﬂoridisque,
1179 1683 1333 1723 suam
1367 1667 1760 1736 quodammodo
1791 1667 1904 1721 for-

335 1760 639 1816 mositatem
711 1760 765 1813 in
828 1759 909 1815 eis
964 1758 1235 1814 collocans
1278 1776 1292 1812 :
1343 1769 1402 1812 ut
1444 1759 1642 1814 nullius
1689 1757 1903 1814 delicati

2005 587 2110 631 τως
2144 569 2199 622 δὲ
2248 568 2343 621 καὶ
2390 567 2517 637 περὶ
2556 565 2850 635 ἐνδύματος
2884 564 3114 636 παρῄνει
3152 564 3360 633 λέγων·
3392 569 3581 620 Καταη

2003 661 2265 729 νοήσατε
2308 660 2381 713 τὰ
2427 659 2601 727 κρίνα
2644 656 2769 723 πῶς
2806 655 3090 723 αὐξάνει,
3123 675 3178 711 κ.
3212 674 3263 713 τ.
3306 656 3356 710 λ.
3413 656 3582 712 Πάλιν

2005 749 2284 803 κάνταῦθα
2309 748 2449 819 μετὰ
2480 746 2842 816 συλλογισμοῦ
2869 746 3110 814 συνάγει,
3139 747 3340 799 πείθων
3363 747 3586 818 προσδο-

2005 844 2109 915 κᾷν
2157 842 2373 905 πάντως
2426 840 2627 911 ἔνδυμα
2682 838 2830 909 παρὰ
2883 838 2975 891 τοῦ
3022 838 3156 891 Θεοῦ
3201 840 3385 902 αὐτοῖς
3428 839 3585 911 δοθή-

2008 934 2226 988 σεσθαι·
2268 935 2314 986 εἰ
2353 933 2463 1003 γάρ
2496 932 2580 994 τίς
2627 933 2742 983 ἐστι
2783 929 3062 1000 φιλότιμος
3106 929 3235 1002 παρ’
3276 929 3585 1001 ἀνθρώποις

2005 1025 2192 1096 ἐσθῆτι
2219 1024 2500 1077 πολυτελεῖ
2524 1024 2617 1077 καὶ
2644 1022 2951 1094 φιλοκαλίᾳ,
2976 1021 3262 1087 θεάσασθε,
3291 1023 3445 1093 φησὶ,
3471 1025 3585 1086 τοῖς

2005 1116 2322 1186 ὀφθαλμοῖς,
2352 1114 2426 1179 ὡς
2455 1117 2484 1168 ὁ
2510 1113 2604 1167 τοῦ
2644 1114 2843 1178 παντὸς
2866 1114 3094 1185 ποιητὴς
3117 1114 3268 1178 Θεὸς,
3303 1114 3462 1185 μέχρι
3490 1115 3585 1168 καὶ

2006 1208 2114 1260 τῶν
2150 1208 2252 1279 γῆς
2290 1208 2572 1278 φυομένων
2604 1206 2809 1260 ἀνθέων
2848 1206 2946 1277 τὴν
2994 1205 3373 1260 πολυποίκιλον
3416 1206 3584 1260 αὐτοῦ

2040 1301 2199 1368 οφίαν
2229 1298 2474 1361 ἐκτείνας
2494 1337 2508 1361 ,
2542 1279 2815 1360 παντοίοις
2848 1295 3102 1367 χρώμασι
3134 1313 3193 1349 τε
3233 1295 3328 1350 καὶ
3375 1296 3586 1366 κοσμή-

2011 1410 2142 1456 μασι
2187 1392 2565 1462 κατεκόσμησε
2601 1391 2790 1453 ταῦτα,
2838 1386 3324 1460 μετασχηματίσας
3357 1387 3455 1457 μὲν
3487 1387 3587 1457 τὴν

2018 1482 2130 1553 γῆν,
2171 1482 2265 1534 καὶ
2301 1480 2399 1553 τὴν
2428 1480 2575 1533 κόνιν
2612 1479 2780 1552 αὐτὴν
2807 1479 2906 1549 τὴν
2938 1478 3143 1548 ἄψυχον
3163 1516 3179 1541 ,
3207 1478 3269 1531 τό
3296 1494 3355 1530 τε
3383 1477 3589 1548 ταύτης

2011 1572 2329 1645 μεταϐαλὼν
2379 1569 2551 1636 εἶδος,
2602 1571 2917 1643 ἁλουργίδος
2955 1587 3015 1622 τε
3060 1571 3153 1624 καὶ¹
3198 1568 3401 1641 χρυσοῦ
3451 1569 3585 1622 πολὺ

2006 1666 2278 1736 κρείττοσι
2321 1664 2625 1736 βάμμασιν,
2661 1667 2720 1718 ὲν
2751 1663 2912 1740 ὑμέσι
2955 1664 3172 1727 λεπτοῖς
3207 1663 3302 1716 καὶ
3334 1661 3585 1716 εὐανθέσι

2008 1757 2097 1811 τὸν
2128 1757 2185 1823 ἐξ
2213 1757 2376 1811 αὐτοῦ
2406 1757 2607 1829 κόσμον
2632 1758 2688 1810 ἐν
2713 1758 2849 1828 αὐτῇ
2893 1755 3260 1827 καταθέμενος
3278 1775 3290 1786 ·
3320 1756 3396 1819 ὡς
3430 1755 3589 1827 μηδε-

339 1853 514 1921 regis,
575 1867 748 1920 neque
798 1852 969 1921 ipsius
1015 1850 1353 1915 Salomonis,
1394 1850 1484 1919 qui
1529 1850 1667 1920 apud
1702 1858 1908 1904 veteres

2013 1852 2099 1916 νὸς
2139 1851 2412 1923 τρυφηλοῦ
2449 1852 2732 1922 βασιλέως,
2771 1852 2892 1923 μηδ’
2931 1851 3095 1906 αὐτοῦ
3150 1850 3468 1932 Σολομῶνος.
3492 1849 3589 1904 τοῦ

336 1943 621 2011 sapientia,
658 1943 849 2012 opibus
882 1942 1191 2011 deliciisque
1223 1942 1663 2008 celebratusvest,
1702 1951 1906 1995 tantum

338 2034 754 2105 pulchritudinis
805 2032 1095 2087 artilicium
1126 2042 1458 2101 campertum
1503 2030 1692 2093 fuerit,
1722 2040 1781 2084 ιιι
1815 2030 1907 2085 ιιιιί

336 2141 404 2181 ex
447 2126 533 2180 his
572 2124 813 2195 pulchris
860 2123 1084 2178 ﬂoribus
1133 2139 1232 2193 par
1276 2125 1646 2176 indutnentnm
1708 2122 1909 2176 habere

339 2219 596 2287 potuerit.
627 2217 764 2285 Quid
790 2232 918 2285 ergo
946 2217 1162 2278 mirum,
1200 2215 1245 2270 si
1282 2216 1373 2283 qui
1408 2216 1522 2284 agri
1560 2216 1742 2270 fenum
1773 2214 1906 2268 nulli

340 2310 416 2363 rei
453 2309 603 2367 utile.
647 2310 789 2374 ιιιιοιι
844 2310 967 2379 igne
1031 2316 1411 2376 consumptum
1462 2307 1620 2377 perit,
1666 2307 1754 2375 ita.
1782 2322 1911 2361 con-

338 2401 519 2466 vestit,
535 2402 685 2455 vobis
700 2415 914 2470 quoque
934 2399 1207 2454 seusihilia
1234 2398 1543 2455 indumenta
1574 2401 1627 2455 in
1647 2412 1910 2467 prasente

336 2494 445 2546 vita
521 2492 858 2562 providentia
921 2506 1019 2544 sua
1077 2490 1453 2559 comparabit?
1508 2519 1584 2531 —
1636 2491 1727 2545 Sic
1780 2505 1909 2560 ergo

336 2586 513 2637 enmia
554 2584 859 2654 negligere,
909 2582 1078 2637 solum
1108 2596 1240 2636 vero
1290 2597 1513 2651 regnum
1549 2582 1686 2653 (Dei)
1723 2583 1911 2652 exqui-

337 2689 458 2729 rere
505 2676 869 2745 prmeipiehat.
924 2672 1055 2728 Nam
1105 2689 1327 2743 regnum
1385 2688 1725 2743 nequaquam
1757 2691 1908 2744 qua:-

341 2767 602 2828 rentibus,
638 2782 736 2819 nec
758 2765 976 2820 virtutis
1008 2780 1194 2819 curam
1230 2766 1561 2833 gerentibus,
1603 2765 1735 2818 nihil
1768 2780 1906 2833 pra:-

342 2856 605 2908 dictorum
662 2854 1113 2921 suppeditabitur.
1178 2852 1320 2906 Solis
1359 2862 1537 2907 autem
1589 2854 1704 2908 hate
1752 2853 1912 2909 facile

340 2945 592 3009 aderunt,
621 2947 710 3013 qui
742 2959 861 3011 quae
885 2953 1011 2997 sunt
1039 2943 1131 2996 Dei
1164 2954 1382 3004 curant,
1417 2953 1579 3010 atque
1618 2951 1676 2996 ut
1709 2943 1755 2997 ei
1792 2941 1910 3012 pla-

339 3045 499 3092 ceant
548 3046 833 3107 satagunt,
901 3044 955 3089 et
1000 3033 1281 3088 meliorum
1327 3048 1507 3089 rerum
1557 3035 1735 3087 smdio
1782 3036 1913 3088 dant

338 3143 578 3198 operam.
628 3128 760 3181 Nam
810 3127 918 3183 Deo
961 3135 1108 3199 grata
1143 3127 1481 3195 curantibus,
1530 3127 1768 3182 vicissim
1816 3142 1911 3180 cu-

340 3235 454 3273 ram
485 3219 755 3288 impendet
791 3219 949 3273 Deus.

339 3312 386 3346 ⁵³
416 3308 513 3363 Ubi
559 3312 698 3364 enim
733 3311 1006 3366 thesaurus
1034 3322 1200 3366 vester
1230 3319 1329 3377 est,
1366 3310 1438 3365 ibi
1468 3319 1517 3365 et
1551 3326 1645 3365 cor
1685 3318 1913 3365 vestrum

1062 3385 1180 3436 erit.

409 3469 611 3527 Natura
639 3473 837 3542 quippe
884 3485 1254 3543 comparatum
1299 3482 1382 3529 est
1404 3513 1419 3538 ,
1451 3482 1511 3526 ut
1544 3473 1721 3528 omnis
1753 3470 1914 3527 homo

340 3579 477 3630 rem,
523 3565 608 3620 cui
652 3566 872 3628 studet,
925 3566 1106 3619 animo
1151 3564 1567 3634 complectatur,
1620 3572 1784 3634 atque
1840 3564 1911 3619 ibi

341 3667 574 3710 mentem
611 3656 828 3724 deligat,
859 3657 1005 3712 unde
1038 3657 1321 3711 utilitatem
1352 3671 1412 3711 se
1437 3672 1635 3725 capere
1679 3655 1914 3710 arbitra-

342 3758 450 3801 tur.
487 3750 664 3813 Quare
688 3747 849 3803 .lesus
872 3749 1195 3804 sententiam
1232 3749 1407 3815 addit,
1455 3764 1524 3803 ne
1555 3747 1827 3803 struendis
1858 3748 1911 3802 in

343 3850 486 3893 terra
520 3839 713 3906 opibus
763 3840 1145 3895 inhaareamus.
1196 3838 1297 3908 Qui
1342 3840 1510 3903 enim,
1560 3841 1654 3902 ait,
1710 3840 1763 3894 in
1813 3839 1912 3893 hac

342 3930 555 3984 mortali
588 3932 695 3983 vita
728 3928 1009 3985 facultates
1048 3930 1421 3999 bonorumque
1472 3930 1744 3984 cunmlum
1780 3930 1911 3984 ade-

340 4031 461 4091 ptus
487 4029 592 4082 est,
620 4035 884 4088 suamque
920 4034 1069 4089 spem
1101 4021 1154 4074 in
1186 4020 1465 4090 praesentis
1512 4022 1634 4074 vitae
1684 4021 1913 4090 negotiis

340 4113 652 4176 collocavit,
706 4126 931 4166 necesse
957 4120 1040 4166 est
1070 4126 1191 4166 eum
1238 4123 1345 4164 tam
1396 4112 1653 4181 gravibus
1684 4112 1913 4166 vinculis

340 4203 717 4272 prmpeditum,
750 4211 978 4255 cunctas
1018 4212 1149 4254 suas
1177 4200 1532 4269 cogitationes
1562 4210 1913 4269 mentemque

341 4278 580 4358 euntem,
607 4308 769 4363 quant
821 4289 980 4346 .lesus
1026 4306 1122 4346 cor
1150 4289 1456 4360 appellavit,
1509 4291 1654 4345 luuni
1692 4291 1914 4359 depres-

341 4401 456 4438 sam
485 4386 700 4448 habere,
753 4392 915 4454 atque
947 4383 1143 4437 ibidem
1192 4392 1505 4437 concrctam
1551 4383 1902 4436 volutantem-

2012 1942 2163 2015 παρὰ
2184 1946 2294 2003 τοῖς
2321 1942 2572 2006 παλαιοῖς
2612 1944 2704 1996 ἐπὶ
2736 1942 2898 2012 σοφίᾳ.
2927 1943 3021 1994 καὶ
3047 1942 3262 2013 πλούτῳ
3294 1943 3387 1996 καί
3410 1945 3587 2013 τρυφῇ

2012 2034 2294 2106 βοηθέντος
2319 2034 2588 2105 τοσαύτην
2617 2033 2908 2105 εὑρεθῆναι
2944 2033 3233 2102 φιλόκαλον
3262 2034 3485 2105 τέχνην,
3514 2032 3591 2095 ὡς

2011 2128 2092 2180 ἑνὶ
2140 2124 2246 2179 τῶν
2283 2125 2390 2179 ἀπὸ
2436 2127 2539 2196 γῆς
2581 2125 2797 2195 ὡραίων
2836 2125 3043 2180 ἀνθέων
3076 2126 3391 2196 ὁμοιότατον
3431 2125 3590 2197 περί-

2009 2217 2191 2288 ϐλημα
2228 2216 2553 2287 κτήσασθαι.
2599 2217 2668 2269 Τί
2710 2211 2802 2269 οῦν
2843 2215 2947 2288 χρὴ
2979 2216 3300 2287 θαυμάζειν,
3346 2218 3395 2270 εί
3434 2218 3463 2270 ό
3501 2216 3595 2271 τὸν

2011 2310 2198 2381 χόρτον
2229 2310 2319 2362 ’³οὗ
2347 2310 2517 2380 ἀγροῦ
2551 2310 2640 2364 τὸν
2666 2312 2747 2374 εἰς
2777 2310 2928 2364 οὐδὲν
2954 2312 3243 2382 χρήσιμον,
3276 2304 3337 2365 οὗ
3362 2310 3516 2375 τέλος
3556 2313 3591 2381 ἠ

2009 2398 2097 2451 διὰ
2131 2397 2301 2471 πυρὸς
2337 2398 2533 2468 φθορὰ,
2568 2398 2752 2453 τοῦτον
2791 2400 3066 2470 ἀμφιέσας
3105 2401 3196 2454 τὸν
3226 2402 3449 2473 τρόπον,
3498 2402 3593 2457 καὶ

2013 2487 2141 2555 ὑμῖν
2176 2488 2357 2552 αὐτοῖς
2396 2488 2709 2559 ἐνδυμάτων
2754 2489 3026 2559 αἰσθητῶν
3066 2488 3159 2543 ἐπὶ
3197 2489 3290 2544 τοῦ
3327 2492 3594 2562 παρόντος

2013 2580 2127 2650 βίου
2169 2583 2496 2653 προνοήσει;
2540 2616 2607 2624 -
2650 2583 2837 2647 Οὕτως
2868 2579 2959 2636 οὖν
3000 2585 3255 2638 ἁπάντων
3285 2585 3591 2657 ὀλιγωρεῖν,

2014 2673 2181 2745 μόνης
2218 2673 2275 2726 δὲ
2311 2677 2409 2745 τῆς
2456 2674 2729 2744 βασιλείας
2767 2675 3175 2745 μετατοιεῖσθαι
3217 2677 3548 2748 προσέταττε
3571 2693 3586 2706 ⁸

2015 2765 2088 2835 μὴ
2119 2764 2228 2836 γὰρ
2257 2765 2477 2836 ζητοῦσι
2502 2767 2600 2835 τὴν
2631 2766 2876 2837 βασιλεία
2945 2770 3067 2839 μηδ’
3105 2769 3307 2841 ἀρετῆς
3335 2770 3593 2841 πρόνοιαν

2013 2855 2356 2925 ποιουμένοις
2398 2856 2550 2910 οὐδὲν
2587 2858 2696 2915 τῶν
2726 2861 3146 2931 ἐπηγεσλμένων
3188 2861 3341 2916 ἔσται
3365 2878 3379 2892 ·
3414 2862 3593 2932 μόνος

2010 2946 2067 2999 δὲ
2106 2947 2256 2999 ταῦτ’
2303 2947 2363 3012 ἐξ
2408 2949 2625 3021 ἑτοίμου
2669 2953 3003 3024 παρέσεσθαι
3031 2957 3143 3019 τοῖς
3183 2956 3487 3026 μεριμνῶσι
3526 2955 3595 3009 τὰ

2011 3037 2105 3090 τοῦ
2139 3037 2295 3104 Θεοῦ,
2319 3040 2466 3104 ὅπως
2505 3041 2569 3095 ἂν
2595 3043 2849 3115 ἀρέσαιεν
2874 3045 3046 3116 αὐτῷ,
3076 3046 3172 3099 καὶ
3197 3050 3310 3110 τοῖς
3348 3048 3476 3118 περὶ
3497 3046 3594 3119 τὴν
3662 3098 3667 3102 ,

2015 3129 2240 3200 ζήτησιν
2282 3132 2391 3185 τῶν
2439 3136 2762 3205 κρειττόνων
2807 3138 3229 3210 ὴσχολημένοιςο
3285 3142 3592 3213 μεριμνῶσι

2015 3219 2123 3291 γὰρ
2147 3218 2218 3273 τὰ
2247 3219 2327 3290 τῷ
2357 3219 2476 3292 Θεῷ
2502 3222 2651 3292 φίλα,
2683 3225 3168 3299 ἀντιμεριμνήσειν
3199 3229 3291 3282 τὸν
3330 3230 3486 3284 Θεόν.

2017 3308 2210 3362 ’Ὅπου
2246 3308 2358 3379 γὰρ
2385 3313 2417 3363 ό
2461 3315 2766 3392 θησαρρρς
2803 3314 2992 3392 ὐμῶν,
3025 3317 3150 3370 ἐκεῖ
3178 3319 3277 3373 καί
3317 3321 3356 3388 ἡ
3383 3320 3596 3380 καρδία

2609 3385 2777 3452 ὑμῶν
2797 3385 2990 3442 ἔσται,

2083 3469 2332 3536 Φυσικῶς
2362 3472 2471 3544 γὰρ
2499 3476 2606 3537 πᾶς
2637 3476 2922 3547 ἄνθρωπος
2957 3480 3084 3548 περὶ
3106 3479 3135 3532 ὃ
3156 3480 3439 3546 σπουδάζει
3479 3482 3593 3535 διά-

2015 3577 2225 3628 κειται,
2266 3563 2429 3616 κὰκεῖ
2460 3564 2637 3618 πάντα
2678 3566 2767 3620 τὸν
2805 3567 2928 3621 νοῦν
2973 3568 3086 3638 ἔχει
3127 3569 3255 3624 ἔνθα
3295 3571 3588 3642 κεκτῆσθαι

2012 3652 2111 3724 τὴν
2140 3653 2408 3722 ὠφέλειαν
2444 3656 2696 3728 νενόμικε
2722 3676 2733 3687 ·
2779 3658 2867 3713 διὰ
2896 3658 3052 3714 τοῦτο
3085 3663 3180 3717 καὶ
3210 3661 3299 3715 τὸν
3332 3662 3586 3734 λογισμὸν

2014 3746 2210 3813 ἐπάγει
2237 3746 2331 3799 τοῦ
2360 3747 2436 3819 μὴ
2461 3749 2568 3803 δεῖν
2598 3751 2690 3804 ἐπὶ
2716 3751 2819 3821 γῆς
2849 3752 3213 3826 θησαυρίζειν,
3242 3757 3304 3808 El
3337 3755 3435 3825 μὲν
3478 3755 3590 3826 γάρ

2012 3853 2116 3900 τις,
2146 3837 2329 3906 φησιν,
2356 3841 2416 3892 ὲν
2441 3839 2518 3911 τῷ
2549 3840 2726 3914 θνητῷ
2763 3843 2865 3914 βίῳ
2898 3846 2995 3908 τὰς
3027 3849 3245 3918 κτήσεις
3283 3849 3377 3901 καί⁵
3405 3850 3584 3903 πᾶσαν

2015 3926 2248 3999 ὕπαρξιν
2274 3928 2605 4001 συνείληχεν,
2635 3933 2946 4005 ἀναρτήσας
2983 3935 3147 3989 αὐτοῦ
3175 3936 3272 4008 τὴν
3301 3940 3478 3994 πᾶσαν
3505 3940 3592 3993 1:).-

2015 4018 2141 4071 πίδα
2178 4021 2274 4073 ἐπὶ
2315 4021 2383 4075 τὰ
2416 4024 2659 4095 παρόντα
2700 4024 2796 4077 τοῦ
2838 4026 2954 4101 βίου
2984 4028 3308 4099 πράγματα,
3337 4031 3395 4098 ἐξ
3424 4032 3594 4101 ἀνάγ-

2014 4128 2117 4181 κης
2164 4107 2253 4166 οἷα
2298 4113 2360 4184 δὴ
2403 4114 2621 4186 δεσμοῖς
2660 4118 2933 4184 τοσούτοις
2977 4121 3369 4192 πεπεδημένος,
3418 4125 3596 4178 πάντα

2012 4205 2104 4257 τὸν
2133 4206 2298 4260 αὐτοῦ
2330 4207 2586 4278 λογισμὸν
2618 4210 2712 4262 καὶ
2761 4212 2938 4265 πᾶσαν
2982 4213 3082 4283 τὴν
3121 4212 3392 4278 διάνοιαν,
3430 4216 3495 4287 ἢν
3529 4214 3597 4287 δὴ

2014 4297 2242 4367 καρδίαν
2270 4298 2541 4368 ὠνόμασε,
2591 4299 2743 4353 κάτω
2786 4318 2889 4354 που
2932 4302 3067 4373 πρὸς
3099 4306 3162 4375 τῇ
3209 4307 3280 4375 γῇ
3313 4305 3592 4377 κέκτηται,

2017 4390 2181 4442 κάκεῖ
2211 4389 2440 4461 φύρεται
2474 4390 2568 4443 καὶ
2609 4391 2957 4457 καλινδεῖται,
3001 4394 3128 4449 ἔνθα
3168 4396 3466 4467 κεκτῆσθαι
3503 4397 3598 4451 τὸν
3690 4448 3703 4460 ,

343 4491 467 4544 quc,
518 4479 604 4530 ubi
655 4476 965 4531 thesaurum
1001 4491 1159 4530 suum
1206 4475 1484 4545 possidere
1511 4490 1571 4531 se
1605 4484 1775 4544 putat.
1811 4475 1908 4541 Qui

2016 4482 2180 4535 αὐτοῦ
2210 4481 2484 4554 θησαυρὸν
2512 4485 2795 4555 νενόμικεν
2815 4502 2829 4517 ·
2862 4487 2912 4539 εἰ
2943 4486 3000 4540 δὲ
3042 4491 3156 4552 τοῖς
3188 4489 3460 4562 οὐρανίοις
3489 4508 3594 4562 μα-

342 4582 473 4621 vero
497 4567 814 4621 ca-lestihus
844 4569 1104 4621 doctrinis
1135 4567 1372 4621 nutritus
1419 4582 1744 4637 magnOpere
1776 4580 1914 4622 sata-

342 4658 441 4724 git,
476 4666 535 4710 ut
566 4668 687 4710 vota
735 4673 831 4711 sua
865 4674 1077 4713 sursum
1110 4658 1306 4727 erigat,
1359 4673 1615 4728 spemque
1662 4658 1715 4711 in
1753 4657 1914 4713 caele-

343 4748 514 4802 stibus
545 4750 824 4816 promissis
858 4759 1050 4818 ponat;
1103 4751 1303 4818 quique
1334 4750 1532 4804 emissa
1566 4750 1914 4802 cumulanda-

346 4854 463 4893 rum
506 4840 557 4911 in
589 4849 734 4891 terra
769 4854 927 4908 apum
953 4841 1335 4903 sollicitudine,
1375 4856 1640 4895 summam
1674 4852 1914 4895 sectatur

343 4936 742 4997 paupertatem,
774 4937 991 4997 totoque
1038 4930 1218 4983 animo
1249 4931 1317 4982 ad
1368 4930 1592 4983 meliora
1623 4945 1908 4993 converso,

344 5037 497 5074 suam
524 5036 634 5074 rem
665 5035 883 5074 onmem
908 5021 959 5073 in
985 5021 1126 5075 ccelo
1158 5021 1351 5077 sistere
1380 5023 1580 5088 studet,
1604 5032 1766 5092 atque
1791 5023 1914 5077 illuc

342 5113 616 5166 fortunam
652 5111 958 5165 universam
990 5112 1345 5181 praemittere;
1378 5102 1572 5166 merito
1597 5113 1640 5166 is
1662 5113 1912 5182 equidem

342 5218 494 5273 spem
529 5203 802 5273 egregiam
852 5203 977 5257 inde
1028 5201 1287 5268 lucratur,
1330 5204 1453 5272 quia
1488 5211 1719 5257 mentem
1760 5218 1913 5258 suam

344 5305 506 5365 atque
533 5293 758 5349 consilia
791 5293 1103 5349 coelestibus
1135 5293 1298 5347 rebus
1344 5292 1600 5363 implicat.
1638 5292 1736 5348 Ubi
1767 5294 1911 5347 enim

346 5385 654 5441 thesaurum
687 5386 871 5451 habet,
918 5385 992 5441 ibi
1036 5398 1192 5440 mons
1237 5384 1353 5454 ejus
1403 5385 1700 5440 consistet:
1738 5388 1812 5440 ita
1857 5396 1915 5440 ut

343 5491 568 5544 corpore
609 5488 814 5532 tantum
864 5477 1071 5533 versari
1116 5477 1175 5543 in
1234 5477 1395 5531 terris
1446 5492 1567 5530 cum
1606 5477 1911 5533 hominibus

344 5568 611 5631 vldeatur,
640 5569 805 5623 animi
833 5580 1012 5625 autem
1042 5569 1092 5621 vi
1128 5568 1375 5623 caelestes
1425 5567 1584 5623 sedes
1609 5569 1715 5639 iam
1745 5585 1910 5625 oecu-

344 5673 498 5728 pare.
545 5658 685 5728 Ergo
728 5674 1166 5732 unumquemque
1223 5660 1492 5714 hominem
1542 5672 1753 5729 oportet
1784 5676 1907 5734 spe-

412 5776 459 5807 "
489 5773 614 5828 Car.
653 5792 744 5843 xu,
779 5779 866 5833 55.

2022 4577 2259 4649 θήμασιν
2287 4580 2572 4651 ἐντραφεὶς
2603 4581 2779 4634 πάντα
2807 4583 3055 4654 πράττοι,
3084 4585 3177 4638 τὸν
3203 4585 3370 4638 αὑτοῦ
3395 4582 3596 4636 σκοπὸν

2019 4669 2131 4723 ἄνω
2164 4672 2639 4741 προσαναρτήσας,
2678 4673 2772 4725 καὶ
2809 4673 2909 4743 τὴν
2946 4674 3138 4728 ὲλπίδα
3176 4674 3337 4745 ῥίψας
3368 4674 3459 4728 ἐπὶ
3497 4674 3594 4736 τὰς

2019 4761 2303 4832 οὐρανίους
2339 4762 2690 4831 ἐπαγγελίας,
2722 4763 2815 4816 τοῦ
2850 4763 2949 4834 μὲν
2984 4765 3236 4833 συνάγειν
3257 4766 3350 4818 ἐπὶ
3370 4765 3475 4834 γῆς
3507 4764 3598 4817 οὐ-

2019 4853 2210 4923 δεμίαν
2247 4853 2567 4924 ποιούμενος
2608 4857 2898 4927 φροντίδα,
2931 4858 3030 4930 τὴν
3076 4859 3253 4930 ἄκραν
3291 4856 3347 4910 δὲ
3397 4855 3598 4927 μετιὼν

2019 4941 2424 5014 ἀκτημοσύνην,
2453 4944 2544 4997 καὶ
2582 4943 2700 5010 ὅλος
2730 4948 3011 5018 γινόμενος
3042 4946 3176 5017 πρὸς
3207 4950 3320 5010 τοῖς
3355 4947 3600 5019 κρείττο-

2024 5049 2128 5098 σιν,
2164 5035 2223 5086 ὲν
2262 5034 2476 5106 οὐρανῷ
2502 5053 2560 5089 τε
2600 5037 2778 5091 πάντα
2815 5038 3087 5108 συνάγειν,
3123 5038 3284 5092 κάκεῖ
3313 5036 3404 5091 τὸν
3427 5037 3595 5091 αὐτοῦ

2022 5122 2247 5177 πλοῦτον
2297 5125 2684 5197 ταμιεύεσθαι,
2720 5130 2815 5182 καί
2849 5130 3032 5183 πᾶσαν
3060 5128 3157 5199 τὴν
3200 5127 3434 5201 ὓπαρξιν
3482 5129 3599 5181 ἐκεῖ

2023 5214 2366 5284 προπέμπειν
2396 5217 2709 5283 σπουδάζων
2729 5234 2742 5249 ·
2771 5219 2992 5281 είκότω.⁸
3018 5220 3047 5272 ὁ
3075 5218 3314 5282 τοιοῦτος
3347 5217 3506 5271 δνοιτ⁵
3530 5215 3597 5270 ἂν

2019 5304 2268 5359 ἐντεῦθεν
2295 5307 2395 5378 τῆς
2416 5308 2627 5380 ἀγαθῆς
2650 5310 2883 5374 ἐλπίδος,
2910 5310 2986 5382 τῷ
3008 5309 3107 5381 τὴν
3130 5310 3366 5365 διάνοιαν
3392 5309 3597 5363 καὶτὸν

2017 5395 2278 5467 λογισμὸν
2316 5399 2547 5453 οἰκειοῦν
2591 5400 2783 5455 ἑαυτοῦ
2823 5404 2934 5465 τοῖς
2979 5401 3285 5472 οὐρανίοις·
3320 5399 3448 5454 ἔνθα
3487 5400 3597 5469 γάρ

2019 5485 2131 5556 ἔχει
2154 5487 2243 5541 τὸν
2274 5488 2566 5563 θησαυρὸν,
2590 5492 2705 5544 ἐκεῖ
2735 5492 2830 5545 καὶ
2860 5493 2959 5563 τὴν
2979 5493 3219 5547 διάνοιαν
3246 5492 3354 5557 ἕξει
3372 5509 3386 5522 ·
3414 5491 3488 5555 ὡς
3513 5491 3597 5544 δο-

2018 5580 2132 5630 κεῖν
2169 5580 2265 5649 μὲν
2285 5581 2378 5636 ἐπὶ
2403 5583 2506 5654 γῆς
2538 5572 2955 5655 παρεπιδημεῖν,
2984 5586 3078 5639 καὶ
3110 5585 3188 5657 τῷ
3212 5585 3424 5656 σώματι
3450 5584 3598 5655 μόνῳ

2021 5673 2257 5725 συνεῖναι
2306 5674 2635 5746 ἀνθρώποις,
2686 5681 2751 5748 τῇ
2800 5679 2857 5731 δὲ
2896 5678 3121 5749 δυνάμει
3168 5677 3269 5742 τὰς
3311 5677 3597 5749 οὐρανίους
