4116 6372
374 420 470 478 561

1534 439 2035 497 COMMENTARIA
2072 441 2139 498 IN
2179 441 2435 498 LUCAM.

3526 444 3629 499 569.

373 543 475 613 ἤδη
509 543 789 617 διατριϐὰς
825 550 1096 619 μετιέναι·
1133 553 1272 607 ὥστε
1317 556 1428 611 ἄνω
1470 559 1688 629 βλέπειν
1721 563 1818 626 δεῖ,
1855 563 1932 616 κα¹

2051 571 2199 618 ctare
2230 578 2483 629 superna,
2539 578 2710 631 eoque
2738 576 2888 631 spem
2946 560 3214 631 dirigere}
3267 560 3355 615 ubi
3413 561 3629 614 thesau-

373 636 473 699 τάς
528 638 745 706 ἐλπίδας
798 642 961 713 ἔχειν,
999 646 1132 700 ὅπου
1191 649 1285 702 καὶ
1326 651 1416 704 τὸν
1462 652 1734 726 θησαυρὸν
1783 656 1945 709 αὐτοῦ

375 732 726 802 συναγήοχεν.
892 796 895 799 μ

371 821 684 913 Δὑμεῖς
716 825 903 906 ὅμοιοι
944 830 1814 913 ἁῂθρὼρτοιςΩπροσδεχρμέν-οις
1842 840 1951 892 τὸν

419 904 627 959 χορίον
658 904 908 964 ἑαυτῶν,
946 905 1092 956 πότε
1114 904 1408 959 ἀναλύσει
1438 907 1507 959 ἐκ
1532 904 1649 961 τῶν·
1678 908 1897 979 γάμων.

457 980 542 1034 Ἐν
570 983 779 1055 ἑτέροις
816 987 913 1059 ἤδη
955 990 1164 1056 ἐδίδαξε
1204 993 1333 1065 περὶ
1370 995 1477 1049 τῶν
1514 996 1709 1067 γάμων
1744 997 1945 1052 εἰπών·

383 1071 661 1145 Ὡμοιώθη
695 1080 732 1146 ὴ
752 1079 1041 1143 ,ϐασιλεία
1073 1081 1192 1137 τῶν
1221 1086 1493 1155 οὐρανῶν
1518 1088 1808 1156 ἀνθρώπῳ
1830 1090 1950 1154 βα-

369 1166 544 1227 σιλεῖ,
585 1168 653 1236 ὃς
686 1171 935 1241 ἐποίησε
986 1177 1214 1246 γάμους
1246 1178 1327 1245 τῷ
1352 1178 1461 1245 υἱῷ
1497 1181 1721 1241 αὐτοῦ.¹
1742 1182 1828 1245 Ὦς
1857 1176 1951 1236 οὖν

370 1258 469 1330 ἤδη
521 1260 628 1313 τῶν
671 1262 864 1333 γάμων
902 1268 1282 1338 γεγενημένων
1306 1308 1321 1332 ,
1361 1270 1457 1323 καὶ
1500 1271 1595 1324 τοῦ
1648 1272 1948 1342 συμποσίου

367 1346 752 1417 τελεσθέντος,
803 1356 1080 1411 ἐπάνεισιν
1137 1360 1165 1411 ὁ
1213 1358 1405 1432 κύριος
1453 1362 1545 1415 ἐπὶ
1598 1363 1725 1425 τοὺς
1783 1363 1950 1434 ἐγρη-

366 1441 596 1510 γορότας
650 1443 902 1511 δούλους,
959 1448 1040 1511 οἲ,
1099 1449 1317 1504 ἐπειδὰν
1376 1452 1641 1524 ἀφίκηται
1699 1453 1859 1518 αὐτὸς
1921 1455 1951 1507 ὁ

366 1531 597 1600 νυμφίος
666 1533 764 1605 τὴν
841 1537 1154 1609 παράληψιν
1209 1540 1309 1611 τῆς
1376 1540 1592 1613 νύμφης
1657 1544 1953 1614 ποιησόμε-

365 1636 489 1684 νος,
531 1621 826 1691 κρούσαντι
868 1627 1016 1697 αὐτῷ
1066 1629 1165 1698 τὴν
1216 1630 1313 1700 τῆς
1351 1630 1533 1702 ψυχῆς
1571 1632 1771 1705 θύραν,
1812 1634 1950 1687 ἑτοι-

367 1715 577 1785 μότατα
627 1718 997 1773 ύπακούσουσι
1062 1722 1157 1777 καὶ
1215 1724 1484 1788 ἁνοίξουσι
1511 1766 1525 1791 ,
1598 1725 1689 1779 διὰ
1746 1727 1947 1791 παντὸς

363 1808 762 1881 ἐγρηγορότες,
821 1814 911 1867 καὶ
980 1814 1076 1886 τὴν
1127 1816 1293 1871 αὑτοῦ
1358 1819 1658 1890 παρουσίαν
1726 1819 1944 1890 ἐκδεχό-

2060 670 2174 707 rum
2205 670 2360 707 suum
2389 654 2498 723 jam
2535 653 2830 707 acervtvit.

2050 832 2097 862 ”
2129 832 2192 886 Et
2230 849 2315 887 vos
2351 832 2543 884 similes
2574 832 2871 885 hominibus
2911 832 3327 901 exspectantibus
3358 831 3626 885 dominum

2322 918 2473 979 suum
2505 904 2715 972 quando
2752 912 3041 955 revertatur
3069 919 3101 955 a
3131 903 3344 969 nuptiis.

2120 990 2238 1045 Jam
2281 992 2407 1045 alibi
2443 991 2626 1045 docuit
2663 1005 2784 1044 cum
2818 993 2883 1044 de
2917 990 3121 1059 nuptiis
3158 992 3408 1043 diceret:
3446 987 3627 1043 Simile

2050 1094 2124 1137 est
2158 1098 2373 1148 regnum
2413 1080 2659 1133 caelorum
2711 1080 2911 1133 Itomini
2959 1082 3098 1148 regi,
3130 1080 3219 1150 qui
3262 1080 3382 1148 fecit
3421 1080 3627 1145 nuptias

2055 1174 2165 1243 ﬁlio
2203 1189 2300 1227 suo
2322 1174 2389 1225 ".
2425 1171 2706 1242 Tanquam
2741 1171 2903 1241 igitur
2952 1170 3186 1239 peractis
3231 1170 3452 1238 nuptiis,
3495 1184 3626 1224 con-

2051 1266 2302 1335 vivioque
2330 1264 2597 1329 absoluto,
2630 1263 2769 1317 redit
2807 1263 3057 1316 dominus
3092 1263 3157 1314 ad
3192 1278 3379 1316 servos
3412 1261 3625 1331 vigiles,

2049 1357 2142 1428 qui
2185 1371 2383 1424 Sponso
2412 1357 2478 1410 ad
2514 1355 2829 1410 sumendam
2862 1354 2962 1407 sihi
3004 1367 3257 1424 sponsam
3289 1354 3624 1418 adventanti,

2049 1458 2104 1503 et
2140 1463 2284 1502 nunc
2326 1447 2438 1515 jam
2476 1447 2672 1500 animm
2722 1446 2869 1499 iores
2904 1443 3168 1513 pulsanti,
3223 1445 3628 1513 promptissime

2051 1541 2529 1611 morigerabuntur
2586 1549 2749 1607 atque
2787 1537 3070 1605 aperient,
3127 1547 3416 1604 propterea
3484 1540 3625 1606 quod

2048 1641 2310 1701 perpetuo
2342 1629 2554 1699 vigiles,
2588 1629 2879 1681 adventum
2910 1626 3027 1697 ejus
3057 1629 3352 1695 praestolati
3389 1627 3623 1682 fuerant.

2047 1727 2134 1778 Ait
2172 1724 2378 1791 igitur:
2414 1720 2568 1774 Beati
2617 1721 2752 1773 servi
2803 1720 2914 1784 illi,
2960 1735 3090 1786 quos
3132 1720 3338 1772 veniens
3373 1720 3628 1773 invenerit

2047 1816 2321 1886 vigilantes
2345 1815 2411 1868 ”.
2444 1813 2640 1881 Quidni
2672 1827 2802 1865 vero
2838 1812 2891 1864 hi
2928 1810 3090 1871 heati,
3118 1811 3209 1878 qui
3248 1821 3447 1864 tantum
3489 1826 3629 1865 mer-

365 1917 531 1970 μενοι.
578 1904 847 1973 Ἐπιλέγει
880 1906 1010 1974 γοῦν
1030 1926 1042 1939 ·
1066 1909 1354 1979 Μακάριοι
1394 1914 1449 1965 οὶ
1474 1911 1683 1967 δοῦλοι
1704 1913 1932 1977 ἐκεῖνοι,

2049 1911 2233 1963 cedem
2269 1908 2493 1961 relaturi
2533 1904 2733 1961 erant?
2760 1905 2927 1973 Igitur
2956 1920 3082 1959 cum
3122 1914 3463 1957 sacramento
3498 1917 3628 1958 con-

361 1989 469 2057 οὓς
505 1993 699 2047 ἐλθὼν
729 1996 975 2065 εὑρήσει
1007 2002 1467 2070 γρηγοροῦντας.
1518 2006 1628 2058 Καὶ
1678 2006 1795 2069 πῶς
1831 2006 1940 2078 γὰρ

358 2083 420 2135 ού
452 2085 709 2155 μακάριοι
736 2089 784 2140 οἱ
814 2089 1084 2160 τοσαύτης
1120 2092 1407 2161 μέλλοντες
1433 2094 1831 2168 ἀξιωθήσεσθαι
1859 2116 1938 2151 τι-

362 2174 501 2245 μῆς;
551 2177 878 2248 Ἐπόμνυται
910 2181 1039 2248 γοῦν
1069 2184 1252 2248 αὐτοῖς
1281 2186 1505 2253 φάσκων
1525 2205 1537 2218 ’
1581 2188 1767 2257 Ἀμὴν
1786 2190 1941 2258 λέγω

357 2265 518 2333 ὑμῖν,
550 2266 639 2321 ὅτι
672 2268 1047 2338 περιζώσεται
1084 2275 1183 2327 καὶ
1214 2277 1530 2331 ἀνακλινεῖ
1554 2280 1778 2346 αὐτοὺς
1799 2320 1812 2342 ,
1840 2281 1941 2333 καὶ

356 2358 672 2425 παρελθὼν
708 2361 1058 2429 διακονήσει
1091 2366 1313 2433 αὐτοῖς.
1349 2369 1526 2423 Νυκτὶ
1558 2370 1613 2423 δὲ
1657 2373 1942 2441 παραϐαλ-

356 2452 463 2505 λων
494 2454 587 2505 τὺν
635 2453 975 2526 ἀνθρώπινον
1012 2456 1144 2527 βίον,
1191 2456 1267 2522 ὡς
1316 2458 1531 2529 ἀληθῶς
1583 2462 1807 2527 σκότους
1846 2466 1940 2517 καὶ

354 2546 577 2614 ἀγνοίας
599 2549 818 2611 οἰκεῖον,
844 2549 1119 2620 διαφόροις
1147 2550 1432 2618 φυλακαῖς,
1464 2554 1741 2607 τουτέστιν
1770 2553 1942 2625 ὥραις

353 2640 447 2692 καὶ
468 2644 679 2711 καιροῖς
696 2641 795 2712 τῆς
822 2642 1034 2704 νυκτὸς,
1056 2644 1145 2695 τὸν
1165 2644 1260 2714 τῆς
1276 2644 1620 2716 ἀνθρωπίνης
1637 2645 1782 2717 ζωῆς
1803 2665 1942 2719 παρ-

352 2729 561 2793 εικάζει
600 2729 821 2801 χρόνον·
858 2733 914 2784 ὲν
953 2725 998 2799 ᾦ
1040 2733 1166 2796 τοὺς
1209 2733 1295 2786 διὰ
1342 2736 1541 2798 παντὸς
1573 2737 1939 2808 ἐγρηγορότας

349 2819 439 2873 διὰ
470 2819 531 2872 τὸ
563 2819 757 2890 ἄδηλον
786 2821 886 2891 τῆς
914 2823 1144 2875 ἑκάστου
1172 2823 1426 2895 τελευτῆς
1466 2827 1769 2898 μακαρίους
1804 2829 1942 2880 ἁπο-

352 2910 567 2978 φαίνει·
616 2910 823 2982 ταύτης
870 2913 927 2965 δὲ
977 2915 1075 2984 τῆς
1118 2916 1435 2985 προτροπῆς
1488 2916 1572 2979 τίς
1629 2918 1696 2970 ἂν
1738 2918 1936 2987 γένοιτ’

349 3003 632 3073 ἀνωτέρα,
684 3003 717 3073 ἦ
771 3004 863 3056 τὸν
913 3004 1180 3075 δεσπότην
1234 3008 1570 3076 ἐπήγγελται
1619 3010 1782 3063 αὑτὸν
1825 3013 1939 3076 τοῖς

348 3094 555 3158 δούλοις
570 3095 926 3167 διακονήσειν,
944 3098 1069 3162 τοὺς
1085 3098 1141 3150 δὲ
1161 3098 1382 3163 δούλους
1404 3100 1856 3174 ἀνακλιθήσεσθαι
1880 3106 1936 3157 ἐν

349 3188 416 3258 τῇ
450 3186 689 3259 βασιλείᾳ
714 3188 899 3254 αὐτοῦ,
927 3190 1175 3245 τουτέστι
1198 3191 1656 3248 διαναπαύσεσοαι
1681 3211 1696 3261 ;
1725 3196 1938 3267 Προϊὼν

2048 2001 2264 2054 firmat:
2301 2000 2465 2052 Amen
2497 2000 2613 2052 dico
2650 1999 2810 2059 vobis,
2842 1997 3246 2066 prwcincturum
3280 2011 3354 2056 se.
3399 1996 3627 2049 discum-

2045 2090 2282 2144 bentibus
2316 2089 2446 2155 illis,
2479 2098 2528 2141 et
2563 2097 2920 2141 transeuntem
2948 2088 3139 2139 eisdem
3174 2086 3620 2141 ministraturum.

2043 2181 2201 2235 Nocti
2249 2192 2430 2235 autem
2472 2195 2795 2251 comparans
2838 2184 3130 2235 humanam
3167 2185 3365 2248 vitam,
3412 2199 3510 2237 ceu
3547 2197 3631 2235 re-

2044 2289 2174 2341 apse
2205 2274 2440 2328 tenebris
2467 2284 2522 2327 et
2570 2275 2779 2328 inscitia
2824 2273 3237 2336 circumfusam.
3284 2274 3515 2328 diversis
3547 2274 3630 2326 vi-

2042 2366 2221 2436 giliis,
2266 2365 2319 2420 id
2352 2376 2436 2420 est
2481 2365 2633 2420 horis
2678 2365 3118 2434 temporibusque
3167 2366 3473 2429 nocturnis,
3523 2365 3626 2419 bu-

2046 2473 2218 2512 mauze
2246 2457 2369 2511 vita:
2411 2457 2643 2526 spatium
2677 2456 2983 2511 assimilat:
3020 2460 3073 2509 iu
3125 2472 3232 2526 quo
3280 2456 3322 2510 si
3365 2456 3456 2525 qui
3504 2455 3626 2508 sine

2044 2551 2233 2621 requie
2273 2549 2531 2620 vigilant,
2596 2559 2820 2618 propter
2867 2546 3046 2603 obitus
3105 2547 3371 2601 incertum
3418 2563 3628 2607 rasum,

2042 2643 2231 2697 beatos
2259 2657 2353 2696 eos
2386 2640 2639 2712 appellat.
2668 2638 2787 2695 Jam
2821 2639 2924 2694 hac
2968 2642 3347 2695 adhortatione
3377 2656 3624 2708 quantum

2040 2733 2323 2788 sublimior
2367 2748 2488 2787 esse
2540 2734 2750 2802 potest”,
2795 2749 2901 2803 qua
2938 2732 3192 2785 nimirum
3250 2735 3501 2784 domims
3535 2731 3618 2787 di-

2040 2827 2182 2879 citur
2213 2822 2387 2879 servis
2425 2824 2538 2877 suis
2574 2822 3006 2889 ministraturus,
3041 2825 3092 2878 hi
3145 2837 3327 2876 autem
3381 2824 3432 2876 in
3486 2824 3627 2877 illius

2042 2930 2209 2985 regno
2250 2915 2581 2978 recubituri,
2634 2914 2684 2969 id
2735 2923 2818 2969 est
2873 2916 3059 2984 requie
3113 2915 3374 2985 potituri?
3427 2915 3626 2969 Deinde

2041 3020 2229 3059 rursus
2282 3005 2608 3073 promissum
2658 3005 2797 3060 idem
2843 3005 3115 3070 ﬁrmavit,
3167 3023 3287 3059 cum
3346 3007 3629 3076 discipuli;

2040 3097 2219 3152 dixit:
2270 3093 2383 3167 Ego
2435 3108 2610 3150 autem
2643 3097 2697 3151 iu
2753 3099 2925 3151 medio
2977 3098 3134 3152 vestri
3178 3115 3294 3151 sum
3346 3098 3483 3151 sicut
3533 3099 3624 3166 qui

2040 3190 2325 3243 ministrat.
2370 3187 2471 3243 Vos
2509 3191 2695 3259 quippe
2729 3194 2854 3243 estis
2894 3191 2984 3259 qui
3023 3191 3392 3256 permansistis
3422 3206 3625 3244 mecum

342 3278 394 3333 δ’
423 3276 579 3343 αὖθις
610 3281 710 3353 τὴν
751 3281 919 3352 αὐτὴν
949 3283 1404 3354 ὲπισφραγίζεται
1452 3287 1784 3356 ἐπαγγελίαν
1813 3291 1932 3353 τοῖς

2036 3282 2093 3334 in
2138 3281 2515 3334 tentationibns
2555 3282 2683 3335 meis
2722 3297 2740 3335 :
2777 3292 2824 3335 et
2870 3297 2960 3352 ego
3000 3282 3221 3351 dispono
3272 3282 3446 3346 vobis,
3486 3283 3623 3334 sicut

350 3371 624 3443 μαθηταῖς
646 3371 816 3441 λέγων
837 3391 850 3403 ·
899 3374 1041 3444 Ἐγὼ
1075 3374 1127 3429 δ’
1170 3376 1241 3429 ἐν
1262 3375 1432 3445 μέσῳ
1463 3378 1629 3449 ὑμῶν
1652 3381 1768 3449 ειμι
1791 3381 1871 3445 ὡς
1901 3383 1934 3433 ό

346 3464 662 3519 διακονῶν.
699 3465 893 3534 Ἰζιιεῐς
912 3466 980 3521 δέ
1007 3468 1149 3522 ἐστε
1189 3470 1245 3523 οι
1286 3468 1782 3540 διαμεμενηκότες
1802 3472 1931 3541 μετ’

346 3555 493 3626 ἐμοῦ
509 3557 580 3610 ἐν
595 3557 719 3624 τοῖς
730 3559 1083 3629 ⁴πειρασμοῖς
1092 3577 1234 3629 μουο
1252 3561 1412 3631 κάγὼ
1425 3561 1749 3633 διατίθεμαι
1769 3565 1928 3634 ὑμῖν,

346 3651 477 3704 καθ’
510 3648 549 3704 ἁ
592 3648 819 3706 διέῦετό
855 3671 958 3722 μοι
983 3658 1016 3707 ὀ
1038 3653 1240 3723 Πατήρ
1261 3672 1400 3725 μου,
1445 3655 1775 3720 βασιλείαν
1795 3673 1808 3688 ο
1851 3657 1929 3710 ἵν’

343 3740 586 3807 ἐσθίητε
616 3742 712 3795 καί
751 3743 964 3811 πίνητε
997 3742 1094 3797 ἐπὶ
1130 3743 1238 3812 τῆς
1281 3744 1571 3813 τραπέζης
1589 3764 1710 3817 μου
1738 3747 1808 3801 ἐν
1853 3746 1929 3816 τῇ

337 3832 631 3901 ,βασιλείᾳ
653 3852 792 3906 μου.
827 3834 1093 3905 Τοιαύτης
1125 3835 1403 3903 τεύξονται
1436 3838 1835 3909 μακαριότητος
1878 3841 1927 3891 οί

342 3923 541 3989 δοῦλοι,
582 3925 675 3989 οὒς
706 3926 876 3979 ἐλθὼν
916 3928 945 3979 ὁ
989 3928 1200 4000 Κύριος·
1220 3930 1439 4001 εὑρήσει
1481 3930 1923 4004 γρηγοροῦντας·

343 4016 488 4074 κατὰ
508 4019 617 4090 γὰρ
640 4019 730 4072 τὸν
760 4019 954 4091 θνητὸν
986 4020 1171 4074 τοῦτον
1205 4021 1338 4093 βίον,
1376 4022 1470 4076 ἆτε
1510 4023 1699 4087 παῖδες
1731 4023 1809 4077 ἔτι
1835 4026 1925 4078 ὅν-

341 4127 435 4174 τες
462 4112 556 4164 καὶ
596 4114 798 4183 νήπιοι,
831 4114 924 4166 καὶ
955 4116 1120 4184 μήπω
1157 4115 1250 4167 τοῦ
1286 4114 1573 4186 νυμφῶνος
1610 4114 1922 4188 ἠξιωμένοι,

342 4202 429 4253 ἐπ’
461 4202 765 4274 ἀλλοδαπῆς
808 4204 853 4258 δ’
890 4204 1168 4269 οἰκοῦντες
1188 4246 1201 4270 ,
1231 4206 1324 4260 ἆτε
1355 4205 1493 4272 ξένοι
1528 4206 1636 4260 τῶν
1668 4208 1922 4274 ἐνταῦθα,

342 4293 436 4344 καὶ
469 4293 861 4365 παρεπίδημοι,
893 4295 986 4348 καὶ
1018 4295 1123 4349 ὑπὸ
1165 4297 1533 4367 παιδαγωγοῖς
1579 4300 1673 4353 καὶ
1708 4300 1925 4372 ἐπιτρό-

341 4401 466 4449 ποις
504 4386 953 4458 ἀνατρεφόμενοι,
980 4388 1091 4442 οὐκ·
1112 4384 1257 4461 εἶχον
1295 4390 1525 4444 πάντοτε
1564 4390 1654 4443 τὸν
1691 4391 1922 4462 νυμφίον

344 4478 462 4547 μεθ’
501 4479 727 4533 ἑαυτῶν.
780 4481 871 4533 Διὸ
916 4481 1011 4534 καὶ
1052 4481 1369 4554 ὲνήστευον,
1407 4481 1589 4547 καθὼς
1636 4478 1788 4537 εἶπεν
1839 4483 1921 4536 ὅτι

337 4570 634 4641 ἀρθήσεται
682 4571 778 4623 ἀπ’
824 4571 1003 4625 αὐτῶν
1052 4575 1080 4625 ὁ
1115 4573 1364 4644 νυμφίος,
1396 4575 1489 4628 καὶ
1532 4574 1653 4626 τότε
1691 4574 1919 4644 νηστεύ-

340 4676 544 4715 σουσιν.
613 4661 751 4714 Ἀλλ’
813 4663 904 4714 ἐπὶ
952 4662 1098 4715 τέλει
1157 4662 1529 4735 αὐξήσαντα(
1563 4664 1760 4729 αὐτοὺς
1826 4665 1921 4718 καὶ

334 4753 719 4818 τελειωθέντας
753 4752 1171 4824 παραλήψεσθαι
1205 4756 1639 4826 ἐπαγγέλλεται,
1694 4758 1788 4811 καὶ
1840 4758 1918 4823 είς

331 4845 425 4900 τὸν
457 4845 622 4900 αὐτοῦ
670 4846 1006 4913 συνεισάξειν
1040 4846 1302 4918 νυμφῶνα
1322 4864 1335 4877 ·
1373 4850 1462 4901 ὅτε
1494 4850 1587 4902 καὶ
1623 4847 1916 4912 ἀνακλίνας

2035 3373 2293 3442 disposuit
2337 3374 2464 3425 uti/ti
2501 3371 2656 3427 Patet
2700 3390 2870 3436 meus,
2906 3390 3156 3444 regnum;
3198 3384 3254 3427 ut
3296 3375 3624 3429 manducetis

2034 3475 2188 3535 atque
2235 3464 2422 3518 bibatis
2472 3464 2536 3517 de
2574 3481 2688 3518 mea
2728 3481 2905 3518 mensa
2948 3466 3003 3516 in
3046 3481 3204 3535 regno
3252 3483 3363 3517 meo
3386 3464 3456 3520 ³³.
3507 3463 3623 3519 "ac

2033 3557 2307 3626 potientur
2355 3557 2614 3611 huatitate
2643 3554 2810 3619 servi,
2857 3571 2995 3626 quos
3031 3554 3292 3609 Dominus
3340 3557 3621 3626 vigilantes

2032 3646 2320 3702 invenerit.
2353 3646 2597 3716 Namque
2636 3647 2688 3700 in
2739 3645 2841 3701 hac
2875 3647 3088 3700 mortali
3143 3648 3280 3712 vita,
3330 3664 3428 3701 ceu
3467 3648 3619 3719 pueri

2030 3738 2206 3794 adhuc
2252 3750 2306 3795 et
2337 3738 2571 3794 infantes
2596 3747 2653 3793 et
2684 3739 2920 3792 nondum
2961 3739 3186 3808 nuptiali
3239 3740 3485 3795 conclavi
3537 3740 3620 3793 tli-

2028 3832 2148 3902 gui,
2190 3832 2284 3886 sed
2319 3830 2552 3885 alienam
2587 3831 2752 3884 vcluti
2793 3830 3067 3900 regionem
3108 3831 3428 3898 incolentes,
3463 3832 3617 3901 quasi

2028 3922 2297 3993 peregrini
2330 3922 2548 3991 quidam
2577 3934 2631 3975 et
2655 3921 2898 3987 advenae,
2925 3931 2978 3975 et
3009 3921 3108 3975 sub
3143 3923 3411 3976 tutOrihus
3438 3925 3619 3977 adhuc

2028 4025 2082 4071 et
2124 4016 2472 4071 curatoribus
2523 4015 2785 4079 enutriti,
2826 4030 3170 4084 nequaquam
3220 4017 3403 4084 ενοιιεί
3453 4016 3611 4086 pleno

2027 4108 2303 4163 consortio
2348 4105 2656 4162 utebantur.
2704 4107 2883 4174 Quare
2929 4106 3267 4177 jejunahant,
3323 4120 3608 4178 prepterea

2026 4201 2169 4273 quod
2222 4201 2353 4271 ipsis
2390 4201 2594 4256 dictum
2648 4210 2825 4265 esset,
2873 4200 2988 4255 fore
3039 4210 3096 4254 ut
3143 4216 3377 4270 Sponsus
3430 4201 3498 4256 ab
3548 4202 3612 4255 iis

2025 4294 2353 4359 auferretur,
2392 4304 2447 4349 et
2485 4304 2596 4348 tum
2642 4291 3043 4364 jejunarcnt".
3093 4295 3477 4349 Verumtamen
3522 4294 3610 4347 ubi

2023 4386 2078 4442 in
2114 4388 2410 4456 perlectam
2453 4397 2668 4441 atatem
2701 4389 2996 4453 creverint,
3043 4394 3384 4456 recepturum
3430 4403 3488 4441 se
3516 4402 3612 4441 eos

2022 4479 2288 4550 spondet,
2338 4487 2501 4550 atque
2553 4480 2605 4534 in
2654 4496 2813 4535 suum
2858 4482 3116 4536 conclave
3155 4482 3443 4536 ducturum
3494 4498 3507 4534 :
3548 4497 3613 4536 ac

2027 4580 2138 4625 tum
2174 4572 2240 4628 iis
2288 4572 2755 4628 discumbentibus
2794 4573 3226 4628 ministraturum
3273 4590 3289 4628 :
3339 4574 3433 4644 qui
3484 4589 3610 4643 per-

2026 4670 2183 4731 petua
2222 4664 2613 4718 consuetudine
2638 4665 2757 4735 ejus
2782 4662 2895 4733 jam
2927 4666 3104 4734 potiti,
3136 4664 3339 4720 diutius
3388 4682 3495 4719 non
3526 4667 3612 4736 je-

2018 4753 2322 4824 junabuut,
2352 4756 2448 4810 sed
2478 4755 2755 4812 laboribus
2778 4755 3031 4824 relaxati,
3059 4757 3374 4812 cmlestibus
3403 4756 3611 4811 deliciis

2024 4846 2388 4917 perfruentur.

332 4941 545 5006 αὐτοὺς,
579 4942 888 5013 διακονήσει
920 4942 1100 5004 αὐτοῖς
1119 4956 1132 4973 ο
1157 4942 1205 4993 οἱ
1236 4940 1313 5006 δὲ,
1347 4942 1593 5006 συνόντες
1626 4943 1774 5014 αὐτῴ
1798 4943 1906 5008 ἀεὶ,
1937 4941 2119 4995 ούκέτι
2168 4938 2574 5011 νηστεύσουσιν,
2617 4939 2753 4996 ἀλλὰ
2801 4942 3233 5013 διαπαυσάμενοι
3261 4941 3370 4996 τῶν
3433 4944 3615 5013 καμὰ-

328 5053 457 5102 των,
489 5036 590 5108 τῆς
621 5039 873 5108 οὐρανίου
904 5036 1117 5108 τρυφῆς
1149 5036 1561 5092 ἀπολαύσουσιν.

323 5135 393 5188 Εὶ
423 5134 550 5206 ᾔδει
591 5138 622 5190 d
655 5136 1087 5203 οἰκοδεσπότης
1117 5135 1259 5203 ποίᾳ
1293 5133 1415 5203 ὥρᾳ
1442 5138 1475 5189 ὁ
1502 5135 1765 5206 κλέπτης
1804 5136 1900 5204 ἔρ-

1060 5224 1203 5260 εται.

1060 5225 1203 5260 εται.

397 5296 495 5350 Διά
529 5296 788 5350 πλειόνων
819 5225 1134 5370 νήφεινξαὶ
1168 5298 1527 5370 ἐγρηγορέναι
1560 5299 1691 5368 ἡμῖν
1730 5311 1908 5368 παρα-

327 5387 638 5453 κελεύεται,
666 5389 727 5441 οὐ
762 5388 919 5459 μόνον
956 5389 1044 5442 διὰ
1076 5391 1176 5461 τὴν
1209 5390 1411 5462 ἀθρόαν
1438 5391 1535 5461 καὶ
1568 5389 1908 5461 ἀπροσδόκη-

242 5540 245 5541 ,
325 5494 417 5531 τον
461 5477 641 5548 ἄφιξιν
682 5480 783 5550 τῆς
829 5480 1045 5552 ἡμέρας
1092 5482 1330 5552 Κυρίου,
1377 5481 1514 5536 ἀλλὰ
1548 5483 1642 5535 καὶ
1681 5480 1770 5534 διὰ
1814 5481 1908 5533 τὸν

327 5568 564 5642 κλέπτην
596 5570 685 5624 τὸν
730 5573 845 5634 τοῖς
886 5571 1026 5625 κατὰ
1084 5572 1213 5627 Θεὸν
1262 5572 1534 5638 πλουσίοις
1576 5572 1671 5627 καὶ
1709 5572 1908 5626 οἰκοδε-

329 5662 555 5727 σπόταις
599 5664 974 5737 ἐφεδρεύοντα.
1024 5662 1192 5731 Οὗτος
1237 5667 1295 5720 δέ
1339 5670 1488 5725 ἐστιν
1528 5671 1558 5723 ό
1590 5668 1779 5741 καιρὸς
1805 5667 1907 5739 τῆς

2007 5134 2053 5167 ⁸⁸
2078 5133 2138 5190 Si
2168 5134 2319 5189 sciret
2345 5131 2737 5203 paterfamilias
2766 5149 2870 5204 qua
2892 5134 3025 5188 liora
3062 5134 3150 5203 {ur
3178 5146 3424 5191 venturus
3449 5148 3606 5208 esset.

2085 5296 2266 5351 Multis
2306 5298 2372 5351 de
2404 5295 2584 5351 causis
2632 5294 2770 5367 frugi
2820 5297 2976 5352 nobis
3010 5297 3217 5368 agitare
3252 5298 3414 5351 vitam
3454 5297 3594 5367 vigi-

2010 5387 2233 5458 lareque
2280 5392 2521 5450 mandat,
2565 5403 2671 5443 non
2718 5388 2890 5443 solum
2922 5388 2992 5443 ob
3029 5390 3265 5444 subitum
3301 5388 3603 5459 inopinum-

2012 5494 2116 5549 que
2145 5481 2247 5534 diei
2281 5478 2489 5535 Domini
2517 5483 2828 5548 adventum,
2857 5481 2951 5536 sed
2977 5482 3140 5535 etiam
3173 5490 3393 5550 propter
3422 5480 3596 5536 furem

2015 5571 2315 5626 divinorum
2352 5571 2619 5628 bonorum
2664 5572 2924 5627 divitibus
2951 5587 3013 5627 ac
3055 5571 3219 5625 veluti
3269 5570 3597 5640 patribusfa-

2015 5666 2192 5722 milias
2243 5666 2611 5722 insidiantem.
2662 5665 2713 5723 Is
2778 5674 2959 5721 autem
3019 5674 3103 5723 est
3169 5663 3597 5736 uniuscujusque

380 5780 607 5883 ""939.
632 5814 735 5867 xu,
768 5801 854 5855 56.
929 5802 975 5834 ”
1009 5800 1205 5859 Matth.
1236 5819 1380 5872 χχιι,
1412 5806 1463 5860 2.
1545 5807 1592 5840 "
1626 5807 1760 5863 Luc.
1788 5821 1862 5863 xtl
1884 5816 1932 5872 5'

2038 5806 2106 5839 »η
2144 5804 2276 5865 Luc.
2308 5788 2669 5874 xxu,27.5o.
2737 5810 2782 5845 ’τ
2823 5809 3013 5865 Matth.
3066 5811 3271 5879 tx,l5.
3368 5807 3590 5883 "me.

329 5883 426 5938 xu,
458 5868 546 5923 39.
