4116 6456
481 429 589 490 563

1152 428 1423 490 EUSEBlI
1462 433 1941 491 CAESARIENSIS
1977 435 2132 493 OPP.
2173 435 2353 490 PARS
2390 430 2475 490 lli.
2515 465 2584 476 —
2626 428 3039 487 EXEGETICA.

3623 415 3739 490 εὶϋὼ

482 555 679 619 obitus,
716 554 803 610 vel
843 553 1004 610 etiam
1054 553 1277 623 angelus
1324 554 1415 624 qui
1467 554 1731 624 cujusque
1780 558 2058 612 morientis

2172 558 2391 611 ἑκάστου
2420 554 2699 625 τελευτῆς,
2732 552 2766 623 ἢ
2800 551 2895 605 καὶ
2926 551 2955 603 ὁ
2984 550 3189 621 μέλλων
3230 549 3332 621 τὴν
3374 549 3605 603 ἑκάστου
3629 549 3732 619 ψυ-

483 647 719 703 animam
759 654 1087 714 excepturus
1116 655 1221 699 est.
1254 645 1310 699 Si
1347 660 1477 714 ergo
1520 647 1784 702 sciremus
1815 664 2050 719 quonam

482 744 723 807 tempore
759 736 846 791 fur
873 736 962 791 ille
999 744 1259 792 venturus
1286 747 1454 802 esset,
1483 737 1697 793 unicam
1745 738 1890 792 illam
1915 754 2053 809 epus

485 829 623 881 foret
653 828 845 881 horam
872 828 1184 889 observare,
1216 841 1282 880 ne
1316 836 1530 882 nostras
1563 837 1872 897 pateremur
1910 830 2057 886 aedes

482 916 686 985 perfodi
713 932 727 968 :
762 929 905 969 nune
926 915 1050 983 quia
1075 914 1192 970 hzec
1231 915 1391 980 latet,
1422 926 1683 986 perpetuo
1709 929 2056 986 experrectus

480 1021 603 1062 esse
628 1006 896 1076 oportebit
922 1024 936 1059 :
970 1020 1144 1075 neque
1169 1009 1315 1062 enim
1345 1009 1596 1064 novimus
1627 1025 1733 1079 qua
1758 1009 1848 1065 ille
1877 1010 2058 1080 vigilia

483 1098 851 1153 incursionem
884 1096 1069 1153 faciet.
1099 1097 1278 1164 Quare
1311 1114 1536 1168 prorsus
1564 1100 1893 1169 vigilandum
1939 1112 2055 1167 est,

480 1187 739 1257 onmique
787 1185 1054 1251 custodia,
1100 1197 1156 1239 ut
1196 1188 1270 1241 ait
1309 1187 1728 1244 Proverbiorum
1772 1198 1963 1245 auctor
1987 1192 2056 1254 ”,

481 1276 804 1333 servandum
830 1290 956 1338 cor;
984 1277 1340 1348 universaque
1369 1278 1485 1334 inec
1517 1280 1767 1334 mortalis
1797 1281 1921 1336 vita:
1950 1298 2058 1337 nox

481 1370 745 1424 insomnis
792 1369 1173 1439 transigenda,
1217 1386 1285 1425 ne
1331 1370 1473 1425 forte
1523 1371 1916 1441 direptionibus
1963 1388 2060 1443 pa-

485 1470 716 1527 teamus,
765 1474 904 1516 neve
950 1460 1144 1515 animae
1186 1471 1385 1517 nostrte
1428 1463 1714 1518 thesauros
1744 1462 1905 1518 en‘odi
1939 1479 2063 1533 per-

485 1555 782 1610 mittamus.
814 1552 908 1608 Sic
932 1553 1075 1609 enim
1105 1555 1354 1623 utrinque
1385 1563 1531 1611 recte
1555 1556 1907 1622 habebimus;
1942 1564 2058 1610 tum

480 1646 610 1715 quia
653 1645 897 1715 proprias
922 1660 1051 1715 opes
1087 1644 1206 1699 tuiti
1254 1644 1545 1712 fuerimus,
1575 1655 1687 1701 tum
1716 1647 1846 1715 quia
1881 1646 2062 1701 Domi-

484 1752 613 1791 num
669 1746 945 1803 nostrum,
990 1751 1114 1792 cum
1158 1738 1367 1793 venerit
1411 1746 1467 1793 et
1518 1739 1818 1808 pulsaverit
1866 1739 2062 1794 animm

2155 648 2256 717 χὴν
2296 644 2743 717 παραλαμϐάνειν
2775 641 3004 710 ἄγγελος
3037 639 3178 694 κατά
3213 638 3404 711 καιρὸν
3438 637 3533 692 τοῦ
3565 637 3731 693 θανά-

2154 755 2246 790 του
2291 737 2424 807 (60).
2476 737 2540 790 Et
2577 735 2679 807 μὲν
2726 729 2819 787 οὖν
2839 733 3061 803 ⁴ᾔδειμεν
3117 731 3210 784 τὸν
3259 730 3451 802 καιρὸν
3494 729 3594 801 τῆς
3637 730 3732 784 τοῦ
3813 720 3833 739 ’

2156 828 2389 881 κλέπτου
2430 827 2758 897 παρουσίας,
2799 826 2901 896 τὴν
2935 822 3084 894 ὤραν
3119 822 3287 893 ἐχρῆν
3316 822 3532 893 ἐκείνην
3565 821 3735 893 μόνην

2157 921 2458 990 ἐπιτηρεῖν,
2489 917 2627 989 πρὸς
2651 917 2713 970 τὸ
2746 915 2820 988 μὴ
2855 914 3071 983 ἀφιέναι
3103 913 3415 985 διορυγῆναι
3450 913 3608 983 ἡμῶν
3644 913 3746 973 τὸν.

2157 1007 2306 1065 οἷκον
2326 1028 2339 1041 ’
2375 1011 2499 1064 ἐπεὶ
2538 1010 2598 1063 δὲ
2628 1008 2821 1081 ἄδηλός
2848 1010 2998 1061 ἐστιν
3036 998 3211 1069 οὗτος,
3246 1005 3427 1076 δεήσει
3452 1005 3540 1058 ἀεὶ
3565 1007 3734 1076 ἐγρη-

2158 1102 2377 1173 γορέναι
2394 1118 2407 1132 ·
2435 1101 2497 1153 οὐ
2531 1099 2640 1171 γὰρ
2665 1099 2822 1169 ίσμεν
2848 1097 3011 1168 ὁποίᾳ
3034 1097 3249 1167 φυλακῇ
3275 1095 3611 1165 ἐπιθήσεται.
3644 1096 3737 1149 Διὸ

2158 1192 2527 1263 γρηγορητέον
2566 1190 2659 1244 διά
2704 1190 2927 1253 παντὸς,
2968 1189 3064 1243 καὶ
3109 1187 3261 1259 πάσῃ
3306 1187 3519 1259 φυλακῇ
3567 1204 3740 1260 τηρη-

2157 1287 2276 1338 τέον
2304 1284 2401 1355 τὴν
2433 1282 2659 1355 καρδίαν
2700 1281 2844 1336 κατά
2872 1282 2965 1336 τὸν
2991 1279 3413 1354 παροιμιαστὴν,
3446 1281 3541 1334 καὶ
3567 1281 3741 1355 ἀγρυα

2160 1352 2388 1445 πνητέον
2409 1352 2703 1444 διὰ-πάσης
2728 1373 2828 1442 τῆς
2853 1372 2948 1426 τού
2976 1352 3173 1443 θνητοῦ
3203 1370 3319 1443 βίου
3347 1369 3561 1434 νυκτὸς,
3593 1352 3742 1434 ὅπως

2160 1466 2346 1520 ἄσυλοι
2372 1466 2743 1537 διαμένωμεν,
2779 1465 2853 1535 μὴ
2883 1463 3079 1528 ἐῶντες
3106 1462 3420 1536 διορυγῆναι
3439 1463 3472 1531 ή
3481 1461 3598 1532 μῶν
3615 1461 3743 1525 τοὺς

2158 1557 2259 1629 τῆς
2288 1556 2466 1628 ψυχῆς
2499 1555 2808 1627 θησαυρούς
2834 1572 2849 1585 ·
2879 1553 3021 1608 οὕτω
3041 1554 3151 1626 γὰρ
3184 1553 3335 1607 ἔσται
3365 1555 3498 1623 ήμῖν
3530 1548 3589 1606 εὖ
3620 1554 3742 1622 κατ’

2162 1648 2469 1719 ἀμφότερα,
2522 1648 2607 1701 ὅτι
2666 1664 2727 1700 τε
2790 1646 2934 1700 σώαν
2994 1645 3337 1716 ἐφυλάξαμεν
3389 1646 3488 1714 τὴν
3537 1643 3744 1697 ἑαυτῶν

2163 1738 2416 1811 ὓπαρξιν,
2459 1741 2554 1793 καὶ
2599 1741 2681 1793 ὅτι
2719 1740 2811 1793 τὸν
2848 1738 3052 1811 Κύριον
3101 1738 3256 1809 ήμῶν
3303 1738 3600 1791 ἐπιστάντα
3651 1738 3745 1790 καὶ

486 1838 688 1883 nostra
715 1829 879 1893 fores,
908 1837 1154 1899 prompte
1178 1828 1533 1896 excipiemus,
1561 1828 1780 1900 cepiosa
1810 1828 2058 1901 lampade

2172 1830 2471 1902 κρούσαντα
2503 1831 2602 1901 τῆς
2627 1830 2806 1901 ψυχῆς
2831 1830 2988 1900 ἡμῶν
3016 1828 3114 1900 τὴν
3149 1827 3339 1900 θύραν,
3379 1828 3607 1897 ἑτοίμως
3644 1826 3747 1880 ὐπ-

486 1919 763 1986 instructi,
788 1920 1112 1991 lumbosque
1139 1920 1424 1976 succincti.

532 2102 620 2155 Ait
656 2099 949 2155 Dominus:
982 2096 1239 2223 Quinta?
1280 2108 1370 2223 est?
1390 2097 1562 2168 [idolis
1608 2097 1814 2155 villicus
1854 2108 1903 2154 et
1936 2115 2062 2170 pru-

1231 2184 1320 2223 ens

1231 2184 1320 2224 εησ

500 2332 505 2337 ε
553 2260 720 2316 Petro
752 2261 963 2331 reganti
994 2260 1076 2316 sic
1117 2259 1430 2329 respondet,
1464 2268 1524 2315 ut
1559 2260 1756 2316 doceat
1801 2274 1861 2315 se
1910 2258 2065 2315 inde-

487 2352 636 2408 finite
680 2352 959 2408 universos
991 2351 1281 2406 allocutum
1314 2349 1502 2406 fuisse.
1550 2349 1938 2407 Verumtamen
1967 2366 2061 2405 su-

486 2444 698 2514 periora
727 2442 814 2497 illa
843 2442 986 2499 dicta
1018 2441 1257 2507 fuerunt,
1283 2450 1341 2497 ut
1368 2450 1685 2497 constanter
1709 2442 2060 2513 vigilaremus

482 2544 706 2604 propter
757 2532 931 2588 furem
977 2532 1275 2587 cavendum
1321 2541 1378 2586 et
1425 2541 1646 2602 propter
1695 2531 1910 2587 Domini
1957 2533 2057 2589 ad-

483 2633 728 2680 ventum.
754 2620 927 2686 Nunc,
953 2637 1074 2692 qua:
1106 2621 1223 2677 fieri
1254 2622 1395 2675 inter
1433 2620 1761 2690 vigilandum
1790 2630 2063 2691 oporteat,

487 2713 799 2773 necessario
842 2712 1033 2778 addit;
1083 2727 1275 2782 nempe
1321 2713 1571 2767 hortatur
1614 2720 1674 2766 ut
1708 2726 1776 2766 ne
1821 2721 2064 2768 nostram

488 2805 887 2869 tantummodo,
916 2818 1103 2858 verum
1148 2803 1310 2857 etiam
1353 2801 1586 2857 alienam
1625 2816 1880 2858 curemus
1922 2801 2069 2856 salu-

488 2907 622 2955 tent.
651 2895 784 2951 Nam
815 2895 1028 2950 lumbos
1059 2894 1384 2964 prtecingcre
1419 2903 1475 2947 et
1516 2893 1816 2962 lampadem
1861 2891 2069 2948 inﬂam-

491 3004 686 3054 mare,
738 2988 1013 3059 propriam
1081 2985 1345 3054 cujusque
1411 2985 1699 3038 utilitatem
1777 2985 2066 3055 significat.

493 3078 746 3137 Scientiae
789 3079 933 3135 enim
963 3077 1254 3132 luminibus
1280 3085 1493 3146 oportet
1523 3090 1738 3147 semper
1770 3076 2062 3142 illustrari;

2094 1899 2139 1959 Β
2165 1899 2462 1992 εδεξάμεθα
2482 1960 2495 1986 ,
2766 1899 3027 1992 ήτῷηφωτὶ
3076 1899 3617 1992 παρεσκευασμένοι,
3650 1919 3747 1973 καὶ

2164 2011 2263 2075 τάς
2287 2011 2493 2080 ὀσφύας
2523 2011 2844 2082 ἐζωσμέναι.

2164 2098 2311 2156 Eine
2345 2101 2396 2155 δ’
2427 2105 2459 2156 ὁ
2492 2104 2732 2170 Κύριος-ο
2791 2102 2880 2168 Τίς
2912 2100 3026 2170 ἄρα
3055 2101 3227 2155 ἐστίν
3269 2103 3301 2155 ό
3331 2102 3548 2169 πιστὸς
3600 2104 3749 2156 οἱκο-

2225 2218 2227 2221 ,
2620 2174 2804 2241 νόμος
2836 2171 2936 2225 καὶ
2967 2173 3253 2240 φρόνιμος
3272 2187 3290 2234 ;

2238 2261 2385 2333 Πρὸς
2416 2261 2515 2333 τὴν
2541 2260 2809 2331 ἐρώτησιν
2841 2259 3047 2331 Πέτρου
3087 2259 3440 2330 ἀποκρίνεται
3484 2259 3751 2313 διδάσκων

2168 2350 2437 2420 ἀορίστως
2469 2350 2604 2420 πρὸς
2631 2350 2810 2404 πάντα
2862 2348 3113 2421 εἰρῆσθαι
3156 2348 3227 2403 τὰ
3249 2350 3571 2422 λελεγμένα.
3612 2350 3751 2405 Ἀλλ’

2164 2441 2351 2497 ἐκεῖνα
2386 2444 2484 2514 μὲν
2516 2442 2728 2515 εἴρηται
2750 2441 2880 2514 περὶ
2921 2440 3015 2494 τοῦ
3047 2440 3138 2495 διὰ
3172 2441 3369 2505 παντὸς
3395 2442 3751 2516 ἐγρηγορέναι

2165 2536 2349 2589 ἕνεκεν
2382 2533 2480 2607 τῆς
2504 2534 2598 2589 τοῦ
2622 2534 2851 2589 κλέπτου
2889 2532 3137 2605 φυλακῆς
3161 2533 3255 2587 καὶ
3287 2534 3386 2604 τῆς
3421 2534 3584 2588 αὐτοῦ
3612 2550 3751 2605 παρ-

2165 2628 2348 2692 ουσίας
2366 2645 2380 2658 ·
2409 2627 2461 2680 τί
2493 2627 2551 2681 δὲ
2575 2625 2679 2700 χρὴ
2705 2626 2963 2698 πράττειν
2996 2624 3422 2698 γρηγοροῦντας,
3457 2625 3551 2678 νῦν
3578 2628 3751 2694 ἀναγε-

2172 2718 2343 2781 καίως
2397 2717 2740 2790 προστίθησι,
2788 2715 3068 2789 παραινῶν
3117 2716 3192 2788 μὴ
3232 2715 3294 2767 τὸ
3334 2714 3541 2768 ἑαυτῶν
3591 2716 3750 2787 μόνον

2174 2810 2419 2869 σκοπεῖν.
2444 2806 2581 2860 ἀλλά
2612 2808 2705 2860 καλ⁸
2729 2808 2828 2877 τῆς
2871 2807 3074 2877 ἐτέρων
3125 2804 3398 2876 σωτηρίας
3426 2805 3748 2877 φροντίζειν.

2169 2900 2244 2952 Τὸ
2300 2899 2397 2969 μὲν
2446 2899 2553 2969 γὰρ
2586 2896 2890 2962 ἁνεζῶσθαι
2920 2896 3018 2960 τὰς
3069 2896 3294 2966 ὀσφύας,
3326 2895 3533 2949 καὶτὸν
3563 2896 3753 2967 λύχνον

2169 2990 2427 3062 ἀνῆφθαι,
2462 2990 2560 3061 τὴν
2593 2990 2756 3043 αὑτοῦ
2796 3006 2941 3053 τινος
2988 2989 3068 3052 είς
3103 2990 3295 3043 ἑαυτὸν
3334 2989 3598 3060 ὠφέλειαν
3634 2990 3756 3062 ἐδή-

2169 3082 2262 3136 λου
2284 3100 2296 3113 ’
2341 3080 2593 3150 γνώσεώς
2625 3099 2682 3135 τε
2732 3081 2842 3154 γὰρ
2873 3082 3012 3150 φωτὶ
3053 3080 3142 3134 διά
3189 3083 3386 3145 παντὸς
3417 3081 3758 3150 καταυγάζε-

493 3182 609 3227 tum
637 3174 800 3228 etiam
830 3171 1086 3242 pudicitia
1110 3168 1365 3238 omnique
1388 3168 1588 3223 virtute
1624 3168 1835 3223 lumbos
1868 3168 2068 3225 mentis

2174 3174 2296 3228 σθαι
2329 3175 2643 3243 ἀναγκαῖον,
2682 3173 3003 3246 σωφροσύνῃ
3037 3189 3097 3225 τε
3129 3173 3225 3226 καὶ
3270 3174 3420 3245 πάσῃ
3463 3175 3631 3246 ἀρετῇ
3662 3174 3755 3228 τοῦ

495 3264 865 3336 praecingere;
920 3265 1155 3332 itemque
1203 3269 1468 3331 perpetuo
1517 3260 1742 3331 vigilare
1792 3260 2070 3330 furemque

2177 3264 2438 3336 λογισμοῦ
2468 3266 2565 3338 τὴν
2588 3265 2757 3333 ὀσφὺν
2788 3263 3176 3336 περιεζῶσθαι,
3207 3265 3564 3338 ἐγρηγορέναι
3588 3285 3646 3321 τε
3668 3266 3756 3322 διὰ

494 3369 706 3420 cavere,
748 3369 817 3410 ne
855 3353 994 3409 clam
1023 3351 1243 3407 effodiat
1277 3351 1473 3405 mentis
1504 3352 1780 3417 aerarium,
1820 3360 1877 3407 et
1919 3366 2073 3407 acer-

495 3458 647 3503 vatas
690 3447 766 3502 ibi
811 3460 943 3517 opes
984 3444 1246 3515 diripiat:
1277 3452 1539 3515 praeterea
1587 3444 1877 3497 Dominum
1922 3442 2071 3498 oumi

494 3539 620 3594 vitae
671 3546 911 3607 tempore
960 3535 1287 3607 praestolari.
1342 3532 1451 3588 Sed
1502 3532 1751 3587 illatenus
1813 3546 1920 3586 non
1992 3540 2076 3586 est

497 3627 899 3687 subsistendum
929 3647 942 3681 :
981 3644 1105 3682 nam
1134 3641 1232 3681 ceu
1283 3627 1478 3697 pignus
1514 3625 1808 3692 quoddam,
1852 3638 2076 3679 conser—

495 3738 688 3781 vorum
722 3736 911 3776 curam
959 3736 989 3773 a
1037 3719 1267 3773 Domino
1312 3729 1502 3771 nostro
1545 3715 1890 3785 accipientes,
1934 3728 2075 3784 prte-

497 3825 647 3872 stare
682 3812 841 3869 fidem
867 3819 1098 3881 oportet,
1120 3818 1176 3864 et
1212 3809 1293 3865 sic
1325 3807 1511 3863 fideles
1535 3822 1600 3862 ac
1630 3808 1925 3875 prudentes
1949 3821 2078 3862 eva-

495 3910 667 3975 dere;
711 3923 782 3962 ne
830 3886 1068 3975 unquam
1113 3904 1507 3973 intempestive,
1557 3902 1653 3957 sed
1695 3900 1888 3955 idoneo
1937 3908 2077 3954 tem-

498 4020 670 4075 pore,
718 4004 1000 4059 conservis
1051 4002 1252 4055 nostris
1319 3998 1632 4052 alimoniam
1686 3995 2074 4066 praebeamus:

503 4112 679 4167 neque
713 4100 853 4152 hanc
882 4095 1217 4163 negligenter
1241 4103 1334 4147 aut
1360 4106 1505 4156 sero,
1538 4103 1661 4145 cum
1697 4102 1784 4141 res
1811 4081 2075 4153 postulat;

505 4207 685 4262 neque
718 4204 908 4245 rursus
954 4185 1245 4258 immodice
1289 4185 1377 4240 ubi
1427 4198 1531 4238 non
1580 4187 1663 4235 est
1695 4191 1852 4246 opus.
1897 4174 1992 4230 sed
2026 4182 2081 4228 et

500 4298 600 4339 suo
631 4291 874 4350 tempore
898 4287 954 4334 et
989 4292 1093 4331 non
1123 4275 1241 4330 sine
1271 4271 1509 4328 modulo.
1540 4266 1595 4324 Id
1628 4281 1759 4322 vero
1792 4263 2083 4335 dupliciter

500 4372 807 4431 faciendum
842 4378 952 4434 est,
1000 4380 1195 4429 nempe
1237 4374 1295 4420 et
1334 4359 1587 4417 rationali
1625 4357 1923 4426 juvamine,
1953 4353 2080 4409 dum

502 4481 690 4522 eorum
734 4462 949 4517 animas
986 4458 1253 4516 doctrina:
1297 4452 1493 4525 pabulo
1521 4450 1774 4507 meliores
1816 4446 2079 4511 facimus;

503 4566 561 4612 et
617 4554 879 4609 materiali
926 4552 1088 4607 etiam
1133 4562 1268 4617 ope,
1311 4560 1439 4614 erga
1505 4556 1600 4600 eos
1664 4542 1756 4611 qui
1819 4538 2080 4606 ejusmodi

504 4648 747 4705 subsidio
781 4653 962 4715 egent.
1011 4645 1191 4710 Atque
1238 4639 1375 4704 haec,
1411 4638 1655 4703 inquam,
1683 4632 1864 4687 omnia
1911 4630 2083 4686 conti-

505 4749 698 4798 nenter
740 4736 978 4793 curanda
1011 4742 1172 4798 sunt,
1215 4742 1278 4785 ut
1316 4728 1361 4784 si
1411 4727 1553 4782 forte
1599 4724 1858 4779 Dominus
1899 4730 2082 4775 noster

504 4835 687 4891 subito
730 4833 1030 4886 adventans
1074 4825 1380 4895 demigrare
1423 4834 1607 4877 secum
1641 4832 1742 4873 nos
1784 4816 1991 4886 iubeat,
2027 4813 2079 4868 in

504 4923 779 4995 praedictis
828 4929 1110 4976 versantes
1157 4932 1255 4972 nos
1304 4910 1717 4984 deprehendat,
1773 4917 2084 4975 sortemque

504 5025 655 5073 recte
683 5014 861 5086 agenti
891 5012 1092 5067 tribuat
1121 5009 1300 5080 priore
1331 5006 1498 5061 multo
1532 5001 1812 5071 majorem.
1839 4997 2085 5066 Namque

504 5110 576 5166 ob
598 5108 813 5179 vigilias
838 5106 1030 5175 suique
1057 5103 1321 5158 adventus
1344 5095 1800 5165 exspectationem
1829 5088 2077 5160 spondet,

506 5203 617 5259 illis
643 5196 1130 5260 discumbentibus,
1154 5193 1490 5248 succinctum
1521 5201 1579 5242 se
1608 5183 2075 5240 ministraturnm:

504 5300 578 5354 ob
607 5294 816 5353 fidelem
849 5305 977 5346 vero
1005 5303 1070 5344 ac
1101 5285 1421 5358 prudentem
1456 5277 1836 5333 villicationem
1879 5281 2082 5340 tempe-

507 5391 819 5457 stivamque
863 5379 1105 5438 demensi
1135 5372 1600 5435 distributionem,
1643 5366 1768 5437 quia
1801 5364 1915 5419 vult
1952 5363 2083 5418 bea-

510 5483 749 5538 tissimos
785 5477 1087 5539 declarare,
1118 5484 1224 5526 non
1255 5466 1415 5521 alicui
1446 5462 1584 5533 parti
1612 5462 1704 5516 sed
1738 5457 2087 5512 facultatibus

509 5567 777 5622 universis
807 5579 867 5620 se
904 5560 1285 5631 praefecturam
1316 5552 1534 5610 felicem
1576 5549 1724 5604 illum
1748 5554 2088 5602 sacramento

508 5685 556 5717 ⁹⁹
597 5683 755 5738 Prov.
787 5698 860 5750 tv,
885 5682 979 5737 25.
1055 5682 1071 5712 ¹
1111 5677 1240 5733 Car.
1270 5692 1371 5740 xu,
1401 5674 1492 5729 42.

586 5764 698 5845 (60)
739 5777 1007 5833 Notabilis
1039 5774 1283 5829 doctrina
1325 5769 1570 5845 Eusebii,
1600 5766 2086 5845 antiquissimiau-

2173 3357 2373 3420 παντὸς
2392 3357 2485 3411 καὶ
2514 3356 2605 3410 τὸν
2637 3357 2877 3426 κλέπτην
2899 3354 3297 3423 διαφυλάττειν,
3337 3356 3412 3428 μὴ
3458 3356 3638 3412 λαθὼν
3674 3357 3754 3411 δι-

2173 3449 2390 3522 ορύξειε
2419 3449 2481 3503 τὸ
2506 3449 2606 3521 τῆς
2631 3448 2809 3520 ψυχῆς
2835 3453 3078 3521 ταμεῖον,
3117 3449 3474 3522 ἀποσυλήσειέ
3499 3467 3559 3504 τε
3602 3450 3671 3505 τά
3700 3452 3760 3505 ἐν

2173 3540 2322 3611 αὐτῷ
2349 3540 2689 3611 συνηγμένα·
2712 3540 2799 3593 ἔτι
2830 3557 2895 3609 γε
2924 3539 3024 3612 μὲν
3070 3542 3164 3595 καὶ
3191 3542 3283 3595 τὸν
3326 3540 3515 3596 ἑαυτοῦ
3554 3541 3760 3613 Κύριον

2176 3634 2355 3688 πάντα
2392 3633 2483 3687 τὸν
2522 3633 2623 3703 τῆς
2668 3631 2814 3704 ζωῆς
2858 3632 3046 3705 χρόνον
3096 3633 3426 3705 ἐκδέχεσθαι.
3471 3631 3627 3687 ’Λλλά
3680 3632 3756 3704 μὴ

2185 3723 2346 3795 μέχρι
2381 3722 2586 3777 τούτων
2618 3724 2838 3778 ἑστάναι
2859 3743 2873 3757 ο
2908 3724 3236 3797 παραθήκην
3263 3724 3309 3777 δ’
3348 3724 3536 3797 ὥσπερ
3568 3724 3757 3778 ὑποδεδ

2177 3814 2445 3885 ξαμένους
2479 3813 2633 3887 παρὰ
2662 3813 2756 3868 τοῦ
2793 3815 3000 3869 ἑαυτῶν
3032 3816 3303 3869 Δεσπὸτου
3350 3814 3449 3888 τὴν
3493 3816 3603 3869 τῶν
3636 3832 3763 3869 συν-

2176 3905 2377 3959 δούλων
2406 3905 2563 3977 ὴμῶν
2589 3905 2934 3977 κηδεμονίαν,
2961 3906 3251 3975 φυλάττειν
3279 3907 3377 3979 τὴν
3396 3905 3578 3962 πίστιν
3597 3924 3764 3980 προσ-

2180 3999 2326 4070 ήκει,
2369 3997 2512 4052 οὕτω
2555 4015 2615 4051 τε
2657 4001 2883 4064 πιστοὺς
2932 3998 3184 4068 γενέσθαι
3218 4001 3313 4054 καὶ
3369 3999 3661 4071 φρονίμους
3689 3999 3766 4064 ὡς

2184 4093 2395 4163 μήποτε
2427 4091 2693 4163 ἀκαίρως,
2716 4091 2803 4144 ἀεὶ
2823 4091 2879 4146 δὲ
2909 4093 2988 4164 τῷ
3041 4093 3370 4164 προσήκοντι
3429 4091 3627 4163 καιρῷ,
3653 4095 3767 4155 τοῖς

2181 4182 2469 4253 ἡμετέροις
2496 4181 2799 4246 συνδούλοις
2843 4183 2905 4236 τὸ
2939 4184 3244 4255 σιτηρέσιον
3300 4182 3596 4253 διανέμειν,
3629 4185 3766 4255 μήτε

2180 4272 2539 4343 παρορῶντας
2584 4273 2678 4327 καὶ
2726 4273 3201 4344 ύπερτιθεμένους,
3236 4273 3325 4327 ὅτε
3374 4272 3475 4337 δεῖ,
3520 4273 3647 4345 μήτ’
3702 4272 3763 4326 οὐ

2181 4363 2455 4434 δεομένοις
2482 4364 2817 4435 παρέχοντας
2847 4364 3113 4434 ἀκαίρως,
3141 4360 3280 4417 ἀλλὰ
3328 4365 3421 4417 καὶ
3469 4362 3646 4435 καιρῷ
3687 4361 3767 4434 τῷ

2185 4456 2538 4527 προσήκοντι,
2576 4456 2672 4508 καὶ
2698 4454 2771 4526 μὴ
2798 4455 3050 4526 ἀμέτρως
3073 4454 3232 4509 τοῦτο
3261 4456 3465 4510 ποιεῖν·
3512 4455 3665 4509 τοῦτο
3705 4442 3766 4508 δὲ

2186 4545 2444 4617 πράττειν
2472 4544 2611 4597 κατά
2641 4543 2734 4596 δύο
2762 4543 3014 4615 τρόπους,
3045 4544 3133 4598 διά
3166 4562 3224 4597 τε
3266 4544 3364 4616 τῆς
3401 4543 3770 4615 λογικωτέρας

2187 4636 2454 4705 ὠφελείας
2480 4636 2578 4699 τάς
2602 4634 2779 4705 ψυχὰς
2804 4635 2985 4689 αὐτῶν
3005 4635 3345 4706 βελτιοῢντας
3376 4640 3495 4702 ταῖς
3533 4634 3622 4691 διὰ
3658 4635 3769 4689 τῶν

2198 4726 2536 4798 μαθημάτων
2560 4728 2807 4797 τροφαῖς,
2833 4724 2920 4780 διά
2952 4743 3013 4780 τε
3037 4727 3137 4797 τῆς
3155 4727 3262 4781 τῶν
3294 4724 3563 4798 αἰσθητῶν
3601 4727 3772 4797 ὑπαρ-

2189 4816 2393 4886 χόντων
2423 4814 2558 4885 πρὸς
2586 4817 2711 4878 τοὺς
2743 4813 2940 4877 ἐνδεεῖς
2979 4814 3327 4885 ὲπικουρίας’
3362 4810 3534 4867 ταῦτα
3576 4811 3633 4864 δὲ
3680 4810 3770 4864 διὰ

2191 4905 2389 4967 παντὸς
2419 4904 2682 4975 ἐνεργεῖν,
2719 4903 2826 4967 ἵνα,
2858 4903 3060 4957 εἴποτε
3093 4901 3304 4974 ἀθρόως
3332 4901 3557 4964 ἐπιστὰς
3596 4901 3626 4952 ὁ
3658 4900 3776 4954 Κύ-

2196 5014 2308 5067 ριος
2334 4995 2489 5067 ἡμῶν
2515 4995 2613 5067 τὴν
2638 4995 2951 5068 παράληψιν
2980 4995 3135 5066 ἡμῶν
3154 4997 3376 5058 ποιοῖτο,
3401 4993 3581 5064 εὑρεῖν
3599 4991 3773 5044 ταῦτα

2189 5087 2523 5157 πράττοντας
2558 5088 2725 5156 ἡμᾶς,
2754 5085 3082 5155 ἐπαγγελίαν
3107 5102 3164 5137 τε
3191 5083 3269 5155 τῷ
3294 5084 3387 5138 καὶ
3416 5081 3592 5136 ταῦτα
3624 5098 3761 5135 κατ-

2187 5174 2432 5247 ορθοῦντι
2471 5173 2566 5227 τοῦ
2614 5176 2877 5248 προτέρου
2915 5173 3346 5229 πολλαπλασίονα
3377 5172 3610 5226 δίδωσιν.
3653 5171 3782 5226 Ἐπὶ

2193 5270 2293 5337 μὲν
2324 5268 2433 5339 γάρ
2454 5266 2531 5338 τῷ
2567 5266 2949 5339 ἐγρηγορέναι,
2998 5268 3092 5319 καὶ
3116 5265 3213 5336 τὴν
3246 5264 3412 5319 αὑτοῦ
3448 5262 3540 5319 διά
3575 5267 3780 5331 παντὸς

2194 5360 2511 5432 περιμένειν
2571 5358 2894 5429 παρουσίαν,
2948 5357 3254 5411 ἀνακλίνειν
3303 5357 3647 5430 ἐπήγγελται
3686 5362 3781 5413 καὶ

2191 5452 2508 5521 διακονῆσαι
2545 5450 2706 5514 αὐτὸς
2729 5447 3172 5521 περιζωσάμενος
3197 5465 3212 5479 ο
3256 5448 3350 5501 ἐπὶ
3389 5448 3450 5506 δὲ
3500 5453 3565 5523 τῇ
3610 5453 3778 5523 πιστῇ

2195 5546 2288 5600 καὶ
2314 5545 2542 5617 ἔμφρονι
2565 5541 2845 5613 οἰκονομίᾳ
2867 5541 3038 5612 καίτῇ
3071 5539 3213 5595 κατά
3242 5541 3438 5615 καιρὸν
3464 5543 3782 5615 διανεμήσει

2198 5763 2395 5832 ubique
2424 5760 2719 5832 cernimus,
2750 5756 3004 5832 Ecclesiae
3047 5754 3324 5832 ιιοιιίεωπ
3367 5756 3647 5817 catholica
3693 5755 3766 5814 do
3822 5784 3825 5787 -

515 5828 702 5915 cteris,
730 5828 1159 5917 «i'e'iifgéibmm'
1194 5859 1324 5914 erga
1371 5828 1615 5898 homines
1650 5828 1805 5895 cura.
1849 5835 2099 5893 Proiecto
2206 5828 2439 5889 ctrinam
2467 5831 2659 5902 priscis
2688 5829 2942 5887 Patrihus
2969 5828 3232 5889 innixam.
