4116 6392
423 454 531 512 565

1586 436 2093 498 COMMENTARIA
2126 434 2193 488 IN
2235 430 2492 487 LUlIAM.

3559 409 3664 464 566

421 571 522 641 τῆς
547 568 774 640 τροφῆς,
808 566 1238 638 τρισμακαρίους
1270 563 1482 634 ἀληθῶς
1511 560 1848 627 ἀποφαίνων,
1904 558 2005 611 οὐκ

2115 554 2412 608 confirmat.
2467 547 2600 602 Hinc
2646 545 2809 599 etiam
2861 540 3104 595 eruditus
3153 535 3310 591 divus
3351 528 3661 597 Apostolus,

422 662 515 714 ὲπί
543 676 594 713 τι
629 660 812 731 μέρος,
836 658 948 713 ἀλλ’
982 658 1074 710 ἐπὶ
1101 656 1317 710 πάντων
1349 655 1456 707 τῶν
1510 654 1862 724 ὑπαρχόντων
1894 666 1996 702 κα-

421 752 714 822 ταστήσειν
747 751 839 803 τὸν
883 747 1319 821 μακαριζόμενον
1367 746 1503 817 μετά
1546 744 1861 816 προσθήκης
1903 738 1997 793 τοῦ

421 843 568 913 ἀμὴν
625 842 981 895 ἐπιστώσατο.
1015 840 1206 893 Ἔνθεν
1263 840 1355 892 καὶ
1402 841 1429 891 ὁ
1486 838 1627 910 ἱερὸς
1671 833 1997 895 Ἀπόστολος

421 933 789 1003 ὠφελημένος,
831 936 955 996 τοὺς
988 934 1127 988 κατὰ
1158 932 1289 984 Θεὸν
1314 930 1547 992 τελείους
1582 929 1995 995 κληρονόμους

422 1027 573 1080 Θεοῦ
600 1027 698 1080 καὶ
729 1026 1254 1095 τιθεῖ-κληρονόμους
1281 1022 1535 1091 Χριστοῦ
1555 1020 1754 1079 ἐκάλει,
1774 1019 1867 1071 καὶ
1884 1016 1998 1068 ἕλε-

2102 643 2371 715 perfcctos
2398 638 2695 695 secundum
2736 635 2925 695 Deum,
2957 628 3186 683 hwredes
3221 624 3338 687 Dei,
3372 619 3666 686 Christique

2100 711 2423 795 coltwredes,
2474 728 2705 784 vocabat
2730 729 2787 792 ',
2833 724 3121 790 aiebatque
3161 734 3178 773 :
3211 716 3329 772 Sive
3370 716 3472 767 vita
3497 751 3510 774 ,
3560 711 3666 764 sive

2102 844 2271 889 mors,
2319 825 2425 878 sive
2476 818 2789 890 prwsentia,
2834 815 2938 869 sive
2990 813 3204 880 futura,
3250 806 3432 860 omnia
3482 810 3673 855 nostra

2101 932 2224 973 esse
2259 916 2299 969 ³.
2357 889 2500 984 Opes
2549 921 2726 964 autem
2775 906 2919 961 illius
2967 897 3307 970 intelligenda
3344 902 3468 949 sunt
3519 889 3667 959 regni

2099 1009 2261 1074 bona,
2292 1018 2412 1075 quae
2439 1002 2629 1058 oculus
2660 1014 2766 1053 non
2797 995 2952 1051 vidit.

431 1073 567 1080 ”“”“’
600 1073 694 1080 ⁷⁷⁷⁷⁷
735 1073 747 1079 ’
772 1073 1046 1095 'l""'U'"
1077 1073 1246 1093 'J'""D
1282 1073 1407 1091 “”σ⁷⁷“
1474 1073 1518 1074 "
1746 1073 1752 1079 '
2250 1073 2254 1074 '
2313 1073 2326 1075 “

422 1135 536 1187 γεψ
565 1120 701 1172 Εἴτε
739 1115 871 1185 ζωὴ,
904 1117 1024 1170 εἴτε
1069 1116 1341 1179 θάνατος,
1382 1113 1488 1166 εἶτ’
1518 1109 1837 1171 ἐνεστῶτα,
1885 1108 2004 1160 εἴτε
2050 1101 2375 1172 μέλλοντα,
2449 1094 2627 1147 πάντα
2673 1089 2829 1161 ἡμῶν
2895 1082 3053 1139 εἶναι’
3100 1083 3439 1152 ’Υπάρκοντα
3480 1077 3525 1129 δ’
3574 1073 3668 1125 αἵδ’

422 1209 517 1263 τοῦ
550 1225 619 1264 τα
656 1212 713 1263 ὲν
768 1213 834 1281 τῇ
881 1209 1127 1279 βασιλείᾳ
1169 1208 1387 1278 νοητέον
1434 1204 1631 1273 ἀγαθὰ,
1662 1204 1697 1257 ὂι
1721 1198 1994 1272 ὀφθαλμὸς
2022 1196 2119 1249 οὐκ
2148 1190 2306 1246 εἶδεν.

615 1307 748 1358 Ἐὰν
778 1305 830 1357 δ’
857 1305 998 1373 εἴπῃ
1021 1308 1053 1358 ό
1081 1304 1298 1369 δοῦλος
1324 1302 1572 1367 ἐκεῖνος,
1609 1319 1662 1354 κ.
1688 1318 1737 1352 τ.
1773 1300 1823 1351 λ.

508 1398 571 1449 Ὀ
603 1397 698 1467 μὲν
729 1398 915 1459 πιστὸς
947 1396 1041 1449 καὶ
1076 1396 1337 1466 φρόνιμος
1362 1393 1617 1446 τοιούτων
1642 1390 1916 1454 τεύξεται·
1971 1388 1999 1439 ὁ

423 1491 473 1544 δ’
519 1490 757 1552 ἐναντίος
789 1488 962 1558 τούτῳ
984 1488 1157 1557 ὀργῆς
1190 1486 1457 1539 Δεσπότου
1492 1483 1895 1555 πειραθήσεται,
1925 1480 1999 1532 δι-

429 1579 749 1650 χοτομηθεὶς
780 1580 873 1632 καὶ
895 1578 1332 1648 ἀποτεμνόμενος
1360 1576 1451 1628 τοῦ
1480 1574 1728 1644 σώματος
1742 1572 1850 1625 τῶν
1873 1573 2002 1637 ἀγα-

429 1671 538 1726 ιῶν
570 1671 789 1735 δούλων,
825 1670 1025 1740 κλῆρόν
1072 1687 1131 1722 τε
1177 1671 1269 1723 καὶ
1311 1668 1502 1739 μερίδα
1540 1666 1828 1738 λαμϐάνων
1862 1663 1999 1735 μετά

429 1758 540 1810 τῶν
572 1756 880 1828 ὑποκριτῶν
912 1758 945 1827 ἥ
976 1757 1083 1809 τῶν
1117 1757 1388 1810 ἀπίστων’
1426 1749 1498 1809 ὦν
1554 1757 1614 1808 τὸ
1658 1755 1809 1817 τέλος
1836 1754 2001 1806 κλαυ-

431 1847 566 1917 θμὸς
598 1846 691 1899 καί
719 1846 957 1916 βρυγμὸς
978 1845 1085 1897 τῶν
1118 1846 1361 1897 ὀδόντων.
1388 1845 1524 1897 Ὅσα
1556 1846 1663 1915 γὰρ
1687 1846 1796 1906 τοῖς
1823 1841 2000 1894 ὀδοῦσι

2428 1283 2581 1348 Quod
2608 1279 2654 1333 si
2688 1276 2879 1329 dixerit
2915 1287 3087 1326 servus
3131 1268 3243 1333 ille,
3266 1277 3373 1321 etc.

2168 1378 2365 1434 Fidelis
2402 1374 2618 1443 quidem
2660 1377 2715 1423 et
2749 1365 2985 1437 prudens
3031 1362 3144 1415 haec
3190 1361 3327 1414 bona
3368 1370 3663 1425 conseque-

2100 1483 2227 1525 tnr:
2270 1469 2395 1523 huic
2439 1461 2717 1519 dissimilis
2761 1460 2897 1513 iram
2935 1452 3146 1509 Domini
3195 1450 3536 1519 experietur;
3580 1447 3660 1500 di-

2097 1562 2312 1614 videtur
2353 1555 2580 1618 scilicet,
2632 1566 2693 1606 ac
2728 1546 3069 1618 separabltur
3101 1559 3130 1595 a
3168 1542 3428 1595 bonorum
3481 1551 3668 1593 servo-

2105 1668 2222 1706 rum
2253 1661 2497 1718 corpore,
2527 1653 2853 1714 sortemque
2890 1654 3042 1692 suam
3087 1645 3140 1690 et
3170 1642 3375 1703 partem
3407 1645 3529 1685 cum
3567 1628 3670 1695 by-

2105 1743 2327 1812 pocritis
2362 1740 2477 1793 sive
2518 1734 2825 1790 inﬁdelibus
2865 1729 3108 1797 recipiet,
3152 1739 3379 1793 quorum
3434 1721 3557 1775 linis
3589 1720 3669 1771 lu-

2104 1811 2223 1888 ctus
2266 1841 2322 1885 et
2366 1829 2563 1884 stridor
2604 1826 2863 1880 dentium.
2922 1819 3055 1873 Nam
3114 1826 3371 1886 quantum
3426 1811 3675 1866 dentibus

430 1903 959 2009 κάτίισθιείπίαίύσά
991 1937 1390 2007 μεθυσκόμενος
1442 1903 1799 2007 ἐπλημμέλει,
1832 1933 2002 1987 ταῦτα

2115 1923 2381 1980 icvoravit
2420 1931 2475 1976 et
2502 1918 2765 1974 ebrietate
2812 1913 3075 1983 peccavit,
3126 1908 3459 1965 tantumdem
3497 1904 3676 1972 plora-

431 2029 832 2083 ἀποκλαύσεται
855 2046 867 2058 ·
900 2029 1057 2098 δίκην
1083 2030 1183 2098 τὴν
1215 2029 1595 2099 προσήκουσαν
1622 2026 1796 2089 διδοὺς
1825 2025 1924 2094 τῆς
1944 2042 2002 2077 τε

2102 2014 2213 2079 bit;
2242 2011 2417 2081 justas
2460 2009 2595 2064 dans
2652 2020 2840 2075 poenas
2902 2001 3204 2071 iniquitatis
3260 2013 3370 2055 sua}
3414 1997 3675 2051 adversus

431 2122 573 2177 κατά
592 2122 699 2175 τῶν
730 2121 1028 2174 συνδούλων
1054 2087 1417 2190 παρανομίας,
1441 2120 1534 2171 καὶ
1562 2118 1661 2187 τῆς
1705 2087 2004 2171 ἀκολάστου

2115 2116 2423 2164 conservos,
2486 2095 3005 2165 intemperantisque
3077 2093 3340 2153 luxuriae,
3389 2098 3444 2144 et
3495 2087 3669 2157 spreti

432 2216 662 2284 τρυφῆς,
686 2211 1137 2284 καταφρονήσεως
1170 2229 1228 2264 τε
1258 2211 1354 2282 τῆς
1397 2212 1478 2273 είς
1516 2211 1606 2263 τὸν
1626 2210 1921 2280 Δεσπότην,
1948 2210 2007 2261 ὃν

2106 2191 2340 2254 Domini,
2377 2202 2537 2258 quem
2581 2187 2680 2241 sibi
2734 2200 2839 2238 non
2890 2180 3218 2251 incognitum
3264 2178 3558 2233 fatebatur.
3599 2178 3666 2231 Et

435 2273 697 2372 ἁλμολόγει
735 2273 952 2371 μὲν-μὴ
980 2273 1216 2368 ἀγνοεῖν,
1256 2273 1348 2352 καὶ
1396 2300 1510 2369 ᾔδει
1553 2301 1627 2363 ὡς
1670 2299 1775 2371 ἄρα
1805 2273 2007 2371 Κύριον

2115 2297 2237 2336 sane
2295 2280 2458 2349 probe
2506 2286 2731 2334 noverat
2779 2290 2838 2329 se
2889 2273 3117 2328 Domino
3159 2286 3264 2324 non
3310 2283 3533 2334 carere,
3578 2273 3670 2324 sed

434 2358 568 2462 ἔχει,
597 2358 988 2445 ἀναϐἀλλεσθάι
1014 2358 1071 2443 δὲ
1104 2358 1263 2444 αὐτον
1298 2358 1622 2462 τὴνηκρίσιν
1655 2358 1734 2453 εἰς
1766 2358 2008 2461 μακροὺς

2115 2372 2230 2426 dum
2256 2370 2518 2440 judicium
2550 2369 2617 2421 ab
2648 2381 2713 2420 eo
2744 2361 3047 2419 diutissime
3081 2359 3307 2414 dilatum
3337 2358 3400 2412 iri
3433 2358 3674 2413 arbitra-

434 2487 659 2556 χρόνους
679 2486 1096 2557 ὐπολαμὸάνων,
1126 2486 1316 2538 ἑαυτὸν
1343 2487 1547 2556 ὴπάτα.

442 2576 565 2629 Τίνι
615 2575 881 2644 ὁμοιώσω
923 2575 1037 2642 τὴν
1077 2576 1407 2644 βασιλείαν
1455 2575 1562 2627 τοῦ
1609 2575 1791 2637 Θεοῦ;
1839 2574 2011 2642 ὁμοιά

925 2644 1057 2697 ἐστὶ
1084 2643 1253 2713 ζύμῃ,
1288 2663 1340 2697 κ.
1376 2663 1425 2697 τ.
1456 2644 1504 2697 λ.

508 2733 695 2805 Ζύμην
716 2735 815 2806 τὴν
842 2735 948 2787 ἀπὸ
979 2733 1071 2786 τοῦ
1103 2734 1303 2804 σπόρου
1338 2734 1875 2803 τελεσιουργηθεῖσαν
1898 2733 2013 2788 ’δύ-

438 2843 601 2897 ναμιν
630 2828 658 2878 ὁ
683 2826 873 2896 Σωτὴρ
897 2825 1171 2895 ὀνομάζει,
1206 2827 1266 2879 τὸ
1296 2824 1519 2894 Πνεῦμα
1548 2826 1607 2878 τὸ
1640 2825 1793 2893 ἅγιον
1826 2824 2012 2876 τοῦτον

441 2917 783 2989 αἰνιξάμενος
811 2917 901 2970 τὸν
928 2917 1151 2988 τρόπον.
1196 2918 1254 2969 '0
1275 2917 1405 2986 γοῦν
1437 2916 1537 2985 τῆς
1582 2916 1832 2986 οὐρανίου
1863 2914 2014 2984 βασι-

438 3011 587 3074 λείας
611 3010 800 3078 Λόγος,
836 3008 973 3081 μετά
1024 3010 1122 3078 τὴν
1170 3010 1390 3081 πρώτην
1444 3010 1501 3061 ὲν
1535 3009 1779 3079 οὐρανοῖς
1811 3008 2014 3079 σπορὰν

440 3102 716 3170 αὐξηθεὶς,
772 3103 864 3154 καὶ
927 3101 1139 3172 καρπὸν
1193 3101 1425 3164 ἀποδοὺς
1475 3101 1684 3170 ἐντελῆ,
1716 3101 1809 3152 τοῦ
1859 3100 2013 3168 ἀγίου

439 3191 755 3262 Πνεῦματος
809 3191 907 3261 τὴν
945 3190 1301 3276 ὲπιχορηγίαν
1344 3194 1455 3254 τοῖς
1511 3190 1597 3243 διὰ
1641 3190 1749 3243 τῶν
1783 3189 2014 3261 πρώτων

441 3284 809 3354 ὠφελημένοις
862 3283 1111 3354 παρέχει,
1157 3282 1333 3353 ζύμης
1361 3282 1514 3352 δίκην
1556 3282 1782 3353 φύραμα
1814 3280 2015 3352 ζυμοῦ-

445 3392 563 3446 σης.
596 3374 738 3445 Γυνὴ
770 3374 826 3427 δὲ
860 3373 1087 3443 ταύτην,
1119 3376 1152 3444 ἡ
1185 3374 1344 3442 σοφία
1369 3374 1461 3426 τοῦ
1491 3373 1644 3436 Θεοῦ,
1676 3376 1756 3436 είς
1786 3373 2012 3443 ἀλεύρου

446 3467 582 3521 σάτα
636 3466 760 3537 τρία
803 3465 1122 3535 ὲγκρύπτει.
1179 3466 1302 3528 Τοῖς
1331 3464 1461 3533 γοῦν
1507 3464 1890 3536 πορισαμένοις
1951 3466 2015 3517 ὲκ

445 3556 643 3626 πολλῆς
690 3555 1006 3625 ἐπιμελείας
1060 3554 1155 3607 καὶ
1198 3555 1297 3624 τῆς
1347 3553 1440 3606 τοῦ
1497 3554 1695 3625 σπόρου
1743 3551 2016 3623 γεωργίας

445 3647 673 3719 ἀλεύρου
705 3647 842 3700 σάτα
890 3647 1037 3717 τρία,
1087 3646 1329 3716 δόγματα
1382 3644 1499 3697 θεῖα
1541 3645 1634 3697 καί¹
1671 3646 1869 3713 γνῶσιν
1918 3644 2015 3715 τὴν

449 3740 577 3810 περὶ
612 3739 823 3810 Πατρὸς
854 3739 946 3790 καὶ
976 3737 1105 3790 Υίοῦ
1132 3738 1225 3789 καὶ
1256 3737 1409 3805 ἁγίου
1450 3736 1782 3806 Πνεύματος,
1838 3737 1871 3806 ἡ
1919 3736 2013 3789 τοῦ

446 3830 581 3883 Θεοῦ
630 3830 791 3899 σοφία
830 3829 891 3881 τὸ
930 3829 1082 3897 ἆγιον
1137 3827 1364 3899 Πνεῦμα
1411 3831 1664 3899 χορηγεῖ·
1722 3828 1831 3897 ἡδ’
1881 3826 2016 3898 αὐτὴ

449 3922 570 3975 καθ’
618 3923 810 3993 ἑτέραν
839 3921 1077 3974 διάνοιαν
1106 3920 1283 3973 πάντα
1321 3920 1411 3973 τὸν
1448 3919 1540 3971 τοῦ
1574 3918 1705 3971 Θεοῦ
1735 3918 2015 3990 ἄνθρωπον

447 4017 511 4068 ὲκ
536 4014 778 4086 σώματος
804 4016 898 4067 καὶ
923 4013 1098 4084 ψυχῆς
1118 4013 1213 4065 καὶ
1245 4012 1551 4082 πνεύματος
1585 4012 1910 4077 συνεστῶτα,
1948 4015 2015 4082 τῇ

449 4108 705 4178 ὲπιχορηγ
719 4106 772 4176 ία
792 4107 890 4177 τῆς
907 4104 1056 4167 θείας
1072 4103 1417 4175 ἐμπνεύσεως
1436 4103 1614 4173 ζυμοῖ,
1640 4103 2019 4173 ἐγκρύπτουσα

448 4197 546 4268 τὴν
572 4197 630 4261 ἐξ
656 4183 826 4266 αὐτῆς
864 4196 1130 4263 ὠφέλειαν
1160 4198 1238 4258 είς
1268 4194 1494 4265 ἀλεύρου
1530 4195 1665 4247 σάτα
1692 4194 1817 4264 τρία
1842 4194 1910 4247 τὰ
1935 4211 2019 4246 νε-

449 4288 707 4359 νοημένα,
734 4288 838 4352 ἕως
870 4279 930 4339 οὗ
959 4284 1181 4358 ζυμωθῇ
1208 4284 1524 4355 ὅλονεοῦτω
1561 4285 1689 4354 γοῦν
1720 4288 1785 4356 τῇ
1820 4287 2015 4357 μετοχῇ

448 4378 549 4448 τῆς
574 4378 823 4449 οὐρανίου
849 4377 1025 4448 ζύμης
1050 4377 1293 4448 ποιηθεὶς
1327 4377 1420 4429 καὶ
1452 4375 1742 4447 ζυμωθεὶς,
1774 4376 2019 4448 οὐράνιος

450 4470 548 4523 καὶ
576 4469 944 4540 πνευματικὸς
972 4468 1297 4540 χρηματίσει
1324 4466 1626 4538 ἄνθρωπος,
1657 4467 1751 4520 καὶ
1779 4468 1896 4520 νέον
1923 4465 2031 4535 φύε

455 4578 623 4633 ραμα,
650 4561 726 4623 ὡς
751 4560 816 4613 ἂν
846 4562 1048 4650 μικρᾶς
1089 4560 1336 4631 κράσεως
1374 4560 1689 4628 γενομένης,
1714 4558 1821 4612 τῶν
1853 4557 2026 4628 τριῶν.
2051 4594 2096 4650 D

452 4651 694 4721 ἀλεύρων
733 4649 1157 4720 ἀποδεδομένων,
1204 4651 1297 4703 καὶ
1340 4650 1439 4719 τῆς
1471 4652 1529 4703 ὲν
1564 4650 1747 4711 αὐτοῖς
1788 4648 2022 4719 ἐμπνεύε-

454 4760 607 4806 σεως.
646 4744 753 4795 Καὶ
776 4743 840 4815 δὴ
866 4742 982 4806 νέος
1018 4742 1179 4813 ἄρτος
1208 4742 1300 4795 καὶ
1330 4742 1691 4812 πνευματικὸς
1722 4741 2020 4811 γενόμενοι,

452 4835 592 4888 κατά
626 4834 715 4887 τὸν
746 4831 1083 4897 Ἀπόστολον,
1128 4832 1188 4895 ὃς
1235 4850 1420 4903 φησιν,
1456 4832 1562 4899 Εἷς
1603 4833 1781 4900 ἄρτος
1820 4833 1917 4885 καὶ
1956 4831 2027 4886 ἓν

451 4922 622 4992 σῶμά
645 4924 831 4992 ἐσμεν
860 4925 915 4975 οἱ
944 4921 1181 4986 πολλοὶ,
1209 4922 1390 4975 εἰκόνα
1422 4924 1516 4975 καὶ⁸
1540 4922 1792 4992 ὁμοίωσιν
1829 4921 2025 4993 ἀναλη-

450 5015 662 5086 ψόμεθα
684 5013 776 5067 τοῦ
807 5012 1068 5078 ζωοποιοῦ
1093 5013 1199 5066 τῶν
1229 5013 1363 5066 ὅλων
1408 5014 1593 5083 ἄρτου,
1624 5013 1683 5076 ὃς
1718 5016 1782 5067 ὲκ
1814 5012 1906 5066 τοῦ
1937 5014 2025 5065 οὐ-

455 5105 617 5178 ρανοῦ
648 5104 1039 5175 καταϐέϐηκεν,
1068 5103 1243 5175 ἐαυτῷ
1286 5104 1694 5174 παραπλησίους
1752 5106 1847 5156 καὶ
1877 5106 2025 5174 ἡμᾶς

455 5194 929 5265 ἀπεργασάμενος.
970 5189 1043 5246 Εῦ
1084 5193 1139 5246 δὲ
1178 5193 1397 5262 γυναικὶ⁹
1430 5193 1755 5263 ἀφωμοίωσε
1799 5193 1896 5264 τὴν
1940 5210 2027 5246 σου

455 5284 580 5353 (ρίαν
608 5283 701 5336 τοῦ
737 5283 870 5338 Θεοῦ
906 5286 963 5338 ὲν
1002 5284 1211 5347 τούτοις
1233 5299 1248 5315 ⁸
1288 5284 1521 5354 Χριστὸς
1575 5283 1631 5336 δέ
1676 5286 1821 5336 ἐστιν
1850 5286 1884 5354 ἡ
1930 5282 2025 5337 τοῦ

454 5371 588 5425 Θεοῦ
621 5371 847 5441 δύναμις
890 5373 984 5425 καὶ
1021 5371 1155 5425 Θεοῦ
1199 5372 1359 5440 σοφία
1399 5369 1743 5440 καταλλήλως
1791 5367 1867 5438 τῷ
1926 5369 2027 5438 τῆς

455 5463 633 5533 ζύμης
657 5461 1035 5533 ὑποδείγματι.
1068 5463 1277 5534 Ὥσπερ
1306 5460 1413 5533 γὰρ
1456 5461 1547 5513 ἐπὶ
1575 5461 1673 5531 τῆς
1711 5459 2027 5529 παραδολῆς

456 5555 552 5609 τοῦ
593 5554 795 5625 σπόρου
834 5553 1106 5624 γεωργίου
1150 5555 1438 5623 πρόσωπον
1486 5553 1580 5606 καὶ
1624 5550 1869 5621 σπορέως
1927 5552 2029 5602 είσ-

454 5646 609 5718 ῆγεν,
638 5644 736 5698 οὐκ
756 5644 820 5698 ἂν
839 5643 1072 5712 εὐλόγως
1098 5645 1156 5713 εν
1181 5644 1408 5707 ἐκείνοις
1432 5640 1898 5723 μνημονευθείσης
1930 5656 2027 5707 γυ-

565 5825 586 5856 ³
623 5820 777 5877 Rom.
820 5837 931 5883 vni,
956 5821 1038 5875 l7.
1118 5822 1137 5852 ³
1174 5821 1190 5875 l
1224 5822 1346 5877 Cor.
1375 5838 1453 5889 In,
1480 5818 1569 5875 τε.
1648 5820 1666 5851 ⁸
1708 5822 1833 5875 CAP.
1865 5834 1958 5884 xu,
1986 5817 2073 5872 45.

2110 2473 2219 2527 tur,
2249 2470 2423 2518 semet
2456 2461 2568 2530 ipse
2605 2456 2815 2512 fefellit.

2109 2556 2128 2587 ⁵
2159 2555 2255 2609 Cui
2284 2552 2456 2606 simile
2482 2551 2749 2606 a’stimabo
2785 2561 2999 2615 regnum
3038 2543 3172 2597 Dei?
3211 2539 3400 2596 Simile
3444 2550 3517 2594 est
3569 2541 3689 2600 fer-

2732 2628 2927 2679 mento,
2954 2624 3060 2668 etc.

2180 2712 2452 2769 Fermenti
2508 2709 2728 2765 nomine
2803 2706 3034 2777 appellat
3090 2704 3346 2759 Servator
3403 2699 3693 2756 efﬁcacem.

2113 2805 2336 2863 seminis
2393 2804 2547 2870 vim,
2588 2809 2835 2855 sanctum
2893 2798 3159 2867 Spiritum
3208 2799 3281 2850 ita
3347 2794 3677 2865 signiﬁcans.

2113 2898 2277 2969 Igitur
2306 2895 2543 2950 cmlestis
2574 2893 2724 2963 regni
2759 2890 2988 2944 Verbum
3020 2898 3138 2958 post
3182 2888 3410 2956 primam
3448 2887 3500 2941 in
3528 2885 3698 2942 caelis.

2114 2993 2389 3046 satlonem
2430 2996 2670 3048 auctum,
2713 2984 3052 3051 fructumque
3092 2980 3383 3050 perfectum
3432 2981 3683 3045 reddens,

2117 3081 2289 3135 sancti
2326 3080 2559 3149 Spiritus
2592 3075 3049 3131 ministrationem
3089 3073 3153 3127 iis
3198 3073 3287 3141 qui
3319 3086 3348 3125 a
3384 3071 3572 3140 primis
3604 3070 3686 3123 in-

2116 3175 2465 3229 stitutoribus
2523 3170 2713 3226 imbuti
2764 3168 2983 3222 fuerunt
3030 3166 3264 3234 praebet,
3314 3161 3565 3218 fermenti
3602 3161 3687 3215 ἰη-

2117 3280 2233 3324 star
2287 3280 2521 3321 massam
2598 3262 2997 3318 fermentanlis.
3058 3258 3249 3313 Mulier
3321 3264 3535 3321 autem,
3590 3254 3684 3310 Dei

2117 3374 2307 3428 nempe
2340 3356 2628 3428 sapientia,
2671 3355 2725 3409 in
2775 3353 2965 3406 farina:
3000 3351 3133 3405 satis
3177 3349 3350 3403 tribus
3382 3345 3684 3401 abscondit.

2115 3451 2223 3507 lllis
2270 3453 2450 3519 itaque
2479 3449 2568 3518 qui
2603 3447 2770 3501 multa
2806 3460 2935 3499 cura
2982 3453 3039 3498 et
3070 3440 3294 3496 seminis
3323 3438 3534 3494 cultura
3568 3446 3685 3491 sata

2117 3542 2305 3597 farina:
2332 3544 2432 3596 tria
2461 3539 2780 3603 obtulerint,
2805 3537 2987 3590 divina
3014 3549 3211 3602 nempe
3227 3533 3470 3599 dogmata
3487 3528 3683 3592 Patris,

2115 3632 2237 3687 Filii
2267 3632 2549 3700 sanctique
2576 3629 2810 3699 Spiritus
2839 3627 3113 3691 notitiam,
3144 3622 3411 3695 sapientia
3446 3622 3535 3675 Dei
3572 3618 3689 3692 Spi-

2118 3726 2281 3779 ritum
2321 3734 2568 3780 sanctum
2618 3721 2925 3791 suppeditat
2962 3735 2977 3774 :
3022 3720 3339 3786 eademque,
3388 3714 3686 3771 secundum

2117 3817 2279 3871 alium
2326 3824 2575 3878 sensum,
2620 3812 2911 3883 quemlibet
2962 3811 3053 3865 Dei
3091 3809 3401 3874 hominem,
3437 3821 3686 3875 corpore,

2118 3909 2296 3963 anima
2336 3908 2636 3979 Spiritnque
2688 3912 3065 3965 constantem,
3108 3900 3287 3955 divina
3338 3896 3688 3968 inspiratione

2118 4004 2424 4065 fermentat,
2468 3998 2801 4055 abscondens
2845 3995 3130 4048 utilitatem
3173 4007 3324 4047 suam
3375 3992 3426 4045 in
3477 3987 3687 4043 intelle-

2122 4095 2392 4154 ctualibus
2430 4093 2617 4148 farinae
2650 4090 2784 4147 satis
2819 4088 2990 4143 tribus
3038 4088 3207 4141 donec
3249 4092 3417 4138 totum
3450 4080 3689 4136 fermen-

2122 4198 2283 4243 tetnr.
2336 4185 2426 4240 Sic
2477 4198 2605 4253 ergo
2655 4180 2892 4237 caelestis
2946 4177 3192 4231 fermenti
3245 4173 3688 4243 participatione,

2119 4273 2356 4329 coalestis
2402 4273 2492 4327 fiet
2534 4268 2899 4340 spiritalisqne
2949 4266 3143 4329 homo,
3180 4277 3424 4331 novaque
3472 4276 3646 4315 massa
3673 4301 3703 4324 ,ν

2122 4380 2283 4434 parva
2316 4364 2475 4417 veluti
2522 4363 2664 4419 facta
2694 4360 2832 4414 crasi
2877 4374 2940 4413 ex
2982 4358 3172 4411 farinis
3213 4355 3406 4417 tribus,
3437 4362 3494 4408 et
3527 4352 3690 4406 insita

2122 4458 2226 4513 illis
2261 4456 2635 4525 inspiratione.
2679 4452 2863 4507 Novus
2901 4450 3156 4504 nimirum
3210 4463 3307 4503 nos
3356 4445 3480 4500 facti
3530 4444 3697 4513 spiri-.

2124 4548 2245 4603 talis
2273 4548 2445 4615 panis,
2471 4546 2623 4616 juxta
2650 4542 2960 4614 Apostolnm
2991 4542 3255 4595 dicentem
3281 4540 3323 4603 ⁸,
3356 4535 3501 4591 Unus
3536 4538 3688 4605 panis

2128 4654 2386 4707 unumque
2416 4652 2604 4697 corpus
2646 4648 2823 4687 sumus
2853 4631 3029 4695 multi,
3069 4630 3353 4697 imaginem
3385 4626 3693 4681 similitudi-

2128 4742 2359 4797 nenique
2391 4726 2773 4779 contrahemus
2806 4720 3128 4774 vivificantis
3173 4721 3351 4773 omnia
3383 4718 3559 4788 panis,
3603 4717 3695 4785 qni

2125 4822 2191 4875 de
2216 4819 2355 4887 ccelo
2383 4816 2680 4876 descendit,
2713 4828 2917 4883 nosque
2942 4812 3041 4867 sibi
3075 4810 3278 4864 similes
3302 4808 3500 4865 effecit.
3530 4809 3703 4867 Recte

2124 4926 2251 4966 vero
2300 4910 2508 4963 mulieri
2555 4906 2889 4975 comparavit
2924 4904 3025 4958 hoc
3059 4903 3176 4957 loco
3215 4901 3533 4969 sapientiam
3558 4898 3695 4961 'Dei;

2124 5012 2206 5058 est
2230 5001 2374 5056 enim
2402 4992 2651 5054 Christus
2685 5006 2794 5049 tum
2826 4995 2918 5049 Dei
2950 4995 3144 5056 virtus,
3195 5002 3305 5046 tum
3348 4990 3442 5045 Dei
3479 4989 3698 5058 sapien-

2124 5094 2219 5156 tia,
2250 5090 2497 5145 iermenti
2540 5089 2786 5156 exemplo
2823 5096 3260 5156 repraesentatus.
3295 5081 3427 5137 Nam
3458 5082 3599 5135 sicut
3645 5077 3698 5130 in

2125 5181 2347 5240 seminis
2398 5179 2684 5251 parabola,
2732 5178 2981 5247 agricola:
3037 5188 3320 5245 personam
3388 5168 3697 5238 satorisque

2127 5275 2359 5339 induxit,
2389 5288 2566 5343 neque
2597 5271 2740 5326 enim
2771 5270 2879 5325 illic
2908 5270 3192 5324 commode
3222 5262 3463 5319 mulieris
3494 5260 3699 5314 mentio

2128 5368 2267 5422 facta
2303 5365 2528 5428 fuisset,
2570 5364 2643 5416 ita
2676 5363 2776 5417 hoc
2817 5361 2935 5415 loco
2969 5359 3059 5415 ubi
3108 5358 3172 5413 de
3214 5355 3478 5409 fermento
3520 5364 3698 5404 sermo

2127 5469 2209 5514 est
2240 5458 2292 5513 in
2330 5459 2521 5511 farinae
2555 5462 2669 5509 sata
2707 5454 2807 5507 tria
2834 5450 3098 5521 conjecto,
3134 5446 3413 5518 aptissime
3438 5440 3695 5512 parabela

2130 5551 2182 5604 in
2236 5551 2460 5604 muliere
2498 5547 2724 5617 panifica
2770 5561 2891 5602 eum
2930 5545 3020 5615 qni
3062 5542 3170 5597 illic
3207 5540 3381 5594 dictus
3409 5543 3493 5591 est
3526 5547 3693 5597 εοιιιιτ

2133 5648 2288 5694 nator
2317 5638 2740 5708 repraesentavit.

2152 5817 2169 5849 '
2211 5816 2333 5872 Car.
2367 5830 2482 5879 xm,
2510 5813 2598 5869 20.
2679 5813 2753 5887 ‘_l
2787 5812 2910 5868 Cor.
2944 5827 2995 5879 x,
3033 5811 3111 5869 Π.
