4116 6400
388 308 491 366 587

1097 321 1373 379 EUSEBH
1410 324 1888 385 CAESARIENSIS
1925 329 2076 387 UPP.
2114 334 2292 390 PARS
2330 335 2417 390 Ill.
2458 368 2528 377 —
2566 337 2975 396 EXEGETICA.

3533 343 3635 399 568

385 429 590 495 ναικὸς,
645 432 786 487 οὕτω
834 438 1110 492 κάνταῦθα
1155 442 1246 492 ἐπὶ
1291 440 1469 512 ζύμης
1512 446 1825 515 φυρομένης
1877 449 1957 512 εἰς
2003 449 2231 520 ἀλεύρου
2270 452 2405 504 σάτα
2443 454 2567 523 τρία
2638 456 2940 511 οἰκειότατα
3002 459 3034 527 ἡ
3088 457 3366 529 παραϐολὴ
3422 467 3639 526 γυναικὶ⁹

384 526 816 604 ἀρτοποιουμένῃ
844 532 935 587 τὸν
964 536 1023 587 ὲν
1053 532 1281 599 ἐκείνοις
1311 538 1697 609 ὠνομασμένον
1730 544 1936 614 οπορέα
1963 546 2282 598 ἀπείκασεν.

451 620 565 690 Age
590 637 716 678 vero
753 627 889 692 apud
935 626 1245 683 Mattlneum
1278 634 1344 695 α’,
1388 642 1669 702 postquam
1692 639 1920 691 cmlorut

2026 690 2027 697 η
2127 640 2286 694 Κατά
2326 642 2508 712 μέντοι
2539 658 2630 693 τον
2658 638 2934 693 Ματθαῖον
2972 638 3086 708 (61)
3122 643 3512 715 κεκρυμμένην
3543 644 3637 711 ζύ-

381 726 607 779 regnum
666 715 717 767 in
782 716 1051 774 fermento
1082 733 1586 791 repraesentavcrat,
1636 744 1743 797 quo
1788 732 1957 785 sancti

358 801 615 871 'Spiritus
643 808 839 863 donum
876 811 1155 866 denotavit
1182 852 1198 875 ,
1244 824 1302 868 et
1337 819 1667 883 evangelicae
1697 822 1958 878 doctrinae

376 895 685 966 utilitatem,
723 900 774 954 in
807 903 1092 971 subiuncta
1129 907 1237 962 illic
1271 911 1525 976 parabola
1560 910 1702 965 idem
1731 930 1954 985 regnum

378 983 631 1041 thesauro
662 989 839 1045 simile
870 993 1029 1049 dixit.
1080 995 1176 1050 Est
1225 1008 1405 1053 autem
1459 1016 1685 1072 magnus
1715 983 1813 1057 hic
1835 1006 1956 1060 the-

373 1090 567 1130 saurus
589 1080 885 1135 secundum
917 1085 1160 1141 cmlestia
1194 1087 1356 1144 effata
1385 1090 1404 1121 '
1437 1092 1616 1162 dignis
1647 1096 1951 1165 repositus,

371 1179 530 1234 quem
564 1169 754 1225 oculus
803 1188 907 1227 non
956 1177 1107 1242 vidit,
1161 1181 1363 1249 quique
1410 1183 1611 1239 multos
1642 1185 1787 1241 latet.
1849 1188 1949 1255 Qui

373 1270 503 1311 vero
552 1261 697 1315 hunc
745 1265 913 1327 novit,
957 1278 1142 1336 utpote
1175 1272 1265 1340 qui
1310 1272 1403 1327 Dei
1447 1275 1735 1345 imaginem
1784 1280 1835 1333 in
1891 1295 1951 1336 se

370 1353 736 1419 conservavit,
768 1356 965 1424 gaudio
993 1359 1187 1429 elatus,
1206 1377 1303 1417 ceu
1334 1365 1425 1433 qui
1459 1380 1728 1421 summum
1749 1369 1947 1425 bonum

370 1438 656 1506 invenerit.
714 1446 922 1517 reliqua
976 1452 1158 1505 oumia
1195 1456 1565 1522 posthabenda
1593 1458 1828 1529 jndicat,
1890 1471 1948 1517 ut

370 1527 511 1584 hunc
553 1534 845 1601 possideat.
887 1537 1054 1593 Porro
1084 1542 1340 1598 thesauro
1368 1545 1527 1600 simul
1554 1527 1792 1621 agroque
1834 1567 1949 1607 tne-

367 1633 613 1690 morato,
676 1627 948 1684 hominem
1009 1631 1346 1691 inventorem
1402 1641 1690 1707 apposuit,
1748 1653 1807 1697 ut
1853 1643 1943 1699 Dei

362 1713 662 1770 studiosam
718 1719 952 1777 hominis
1011 1734 1241 1780 mentem
1296 1728 1586 1798 signiticet.
1635 1733 1801 1804 Igitur
1851 1752 1942 1789 su-

362 1808 661 1876 prascripta
710 1813 964 1879 parabola
996 1818 1095 1872 sub
1123 1820 1375 1874 absconsi
1426 1823 1667 1879 thesauri
1721 1828 1943 1884 nomine

360 1894 615 1954 cmlestes
637 1911 801 1970 atque
825 1907 1055 1961 eximias
1081 1910 1303 1964 denotat
1334 1916 1759 1983 promissiones;
1802 1920 1941 1973 mqu

2064 748 2171 802 μην
2206 731 2304 803 τὴν
2350 732 2625 802 βασιλείαν
2676 732 2784 783 τῶν
2830 730 3073 801 οὐρανῶν
3109 732 3405 801 προειπὼν,
3452 734 3519 786 δι’
3566 731 3635 808 ἧς
3730 746 3737 751 ‘

2057 823 2247 893 ἐδήλου
2293 824 2391 894 τὴν
2425 822 2782 893 ὲπιχορηγίαν
2828 820 2921 874 τοῦ
2968 821 3125 890 ἁγίου
3173 822 3504 894 ΙΙνεύματος,
3538 826 3635 878 καὶ

2055 912 2152 982 τὴν
2193 913 2462 981 ὠφέλειαν
2486 914 2584 984 τὴν
2609 913 2717 967 ἀπὸ
2738 912 2834 966 τοῦ
2863 913 3215 981 εὐαγγελικοῦ
3235 913 3414 982 λόγου,
3430 914 3517 968 διὰ
3534 915 3634 985 τῆς

2056 1003 2186 1073 ἑξῆς
2215 1005 2533 1078 παραϐολῆς
2574 1006 2673 1077 τὴν
2707 1003 2874 1075 αὐτὴν
2905 1004 3178 1074 βασιλείαν
3211 1007 3449 1059 ἐοικέναι
3499 1008 3632 1077 φησι

2054 1093 2334 1168 θησαυρῷ.
2374 1095 2472 1167 Εἴη
2509 1096 2554 1149 δ’
2596 1093 2662 1150 ἂν
2696 1094 2966 1168 θησαυρὸς
2994 1096 3165 1166 μέγας
3195 1097 3224 1148 ὁ
3248 1096 3388 1150 κατὰ
3414 1096 3513 1161 τὰς
3538 1098 3631 1150 οὐ-

2053 1186 2274 1256 ρανίους
2319 1186 2652 1255 ἐπαγγελίας
2672 1189 2791 1251 τοῖς
2845 1186 3015 1251 ἀξίοις
3048 1188 3487 1257 τεταμιευμένος,
3517 1188 3576 1241 ὃν
3602 1192 3630 1243 ὁ

2050 1277 2328 1349 ὀφθαλμὸς
2359 1280 2461 1332 οὐκ
2489 1275 2648 1344 εἶδεν,
2681 1279 2738 1344 ὃς
2770 1281 2895 1343 τοὺς
2924 1279 3151 1342 πολλοὺς
3178 1278 3446 1333 λανθάνει.
3487 1282 3546 1333 Ὀ
3572 1280 3630 1334 δὲ

2047 1369 2237 1423 τοῦτον
2266 1371 2487 1441 νοήσας,
2522 1370 2598 1433 ὡς
2621 1371 2682 1423 τὸ
2713 1372 2832 1424 κατ’
2863 1371 3047 1425 εἰκόνα
3076 1370 3171 1423 τοῦ
3197 1369 3333 1424 Θεοῦ
3361 1370 3547 1436 σώζων
3569 1373 3627 1425 ἐν

2048 1459 2249 1530 ἐαυτῷ,
2280 1463 2456 1531 χαρᾶς
2506 1461 2760 1531 ἔμπλεως
2790 1460 3052 1530 γεγονὼς,
3097 1462 3172 1525 ώς
3211 1462 3277 1516 ἂν
3319 1462 3378 1516 τὸ
3424 1463 3627 1516 τέλειον

2048 1548 2157 1603 τῶν
2187 1550 2407 1619 ἀγαθῶν
2432 1550 2703 1622 εὑρηκὼς,
2729 1551 2799 1604 τὰ
2822 1550 2984 1605 λοιπά
3016 1552 3195 1607 πάντα
3225 1553 3451 1626 δεύτερα
3481 1553 3627 1607 τίθε-

2047 1657 2157 1707 ται,
2182 1642 2277 1695 καὶ
2309 1642 2499 1696 τοῦτον
2528 1643 2935 1714 ἀντιλαμϐάνει.
2963 1644 3398 1715 Καταλλήλωςδὲ
3432 1645 3627 1717 θησαυο

2047 1732 2139 1803 ρὸν
2168 1733 2263 1786 καὶ
2317 1735 2489 1803 ἀγρὸν
2542 1733 2734 1798 εἰπὼν,
2788 1723 3074 1806 ἄνθρωπον
3102 1736 3251 1807 αὐτῷ
3293 1736 3497 1808 συνῆψε
3534 1738 3625 1790 τὸν

2042 1825 2345 1895 εὑρηκότα·
2381 1825 2525 1880 οὕτω
2570 1826 2817 1898 δηλώσας
2859 1828 2950 1880 τὸν
2994 1830 3052 1882 ἐν
3104 1829 3374 1902 ἀνθρώπῳ
3402 1830 3620 1902 θεοφιλῆ

2042 1914 2186 1969 νοῦν.
2230 1916 2296 1969 Ἠ
2350 1917 2448 1987 μὲν
2496 1914 2589 1971 οῦν
2645 1918 2874 1991 ρηθείσα
2912 1918 3052 1989 αῦτη
3082 1919 3366 1991 παραϐολὴ
3398 1918 3486 1973 διὰ
3528 1918 3622 1974 τοῦ

360 2001 428 2045 tu:
453 1992 596 2046 enim
635 1999 941 2054 mansiones
987 2004 1125 2071 apud
1158 2002 1370 2060 Patrem
1399 2018 1559 2073 sunt;
1619 2009 1920 2081 divitiasqm

2044 2005 2317 2079 θησαυροῦ
2340 2009 2432 2061 τοῦ
2465 2010 2847 2080 κεκρυμμένου
2877 2010 2976 2073 τὰς
2999 2009 3255 2082 οὐρανίας
3291 2009 3623 2078 ἐπαγγελίας

356 2078 472 2148 Dei,
504 2096 623 2152 quae
646 2095 775 2141 sunt
813 2090 990 2146 omnis
1038 2092 1167 2147 boui
1210 2095 1533 2168 thesaurus,
1578 2078 1935 2161 demonstrat.

422 2353 552 2419 Qum
586 2368 715 2412 vero
737 2361 987 2429 sequitur
1015 2364 1038 2397 ⁸
1068 2368 1377 2436 margaritae
1402 2370 1681 2438 parabola,
1708 2385 1772 2426 ea
1803 2371 1932 2428 mihi

349 2443 659 2513 signiﬁcare
683 2450 893 2506 videtur
928 2456 1304 2523 pretiosiorem
1349 2462 1727 2529 praedictarum
1766 2481 1929 2534 opum

344 2546 573 2601 partem.
633 2538 730 2594 Est
778 2552 955 2598 autem
1013 2547 1126 2601 haec
1155 2549 1414 2604 divinitas
1447 2550 1754 2621 Unigeniti,
1809 2572 1931 2625 quae

343 2628 555 2682 cunctis
610 2630 663 2684 in
701 2635 957 2700 pracdicto
1008 2640 1263 2695 thesauro
1299 2644 1575 2697 contentis
1609 2647 1930 2715 exquisitior

340 2726 459 2781 est;
489 2732 650 2786 quam
678 2723 769 2789 qui
802 2726 1171 2794 acquisiverit,
1197 2745 1429 2800 superna
1453 2733 1711 2790 beatitate
1734 2738 1928 2807 digntts

341 2818 422 2859 ut.
471 2806 759 2879 Margarita
789 2821 967 2867 autem
1002 2816 1196 2871 merito
1225 2821 1537 2877 nominatur
1580 2806 1921 2883 incarnatum

343 2898 435 2952 Dei
468 2897 742 2967 Verbum;
776 2903 903 2973 quia
932 2907 1045 2961 lucc
1079 2912 1395 2978 margarita,
1429 2911 1483 2966 in
1520 2929 1684 2970 carne
1721 2916 1848 2972 licet
1871 2928 1925 2975 et

337 2991 578 3046 nstracio
604 3005 767 3062 atque
796 2996 1025 3076 humore
1058 3001 1233 3069 genita
1259 3044 1273 3067 ,
1326 3005 1622 3073 pretiosum
1652 3010 1780 3077 quid
1814 3019 1920 3077 est,

338 3090 394 3134 et
421 3094 530 3151 pra!
568 3084 819 3141 omnibus
849 3102 913 3142 ex
947 3073 1171 3145 humore
1201 3094 1339 3147 natis
1386 3097 1706 3165 corporibus
1753 3101 1922 3156 hono-

339 3173 546 3227 rabilis.
599 3175 763 3232 Cerle
800 3181 1093 3249 margarita
1126 3182 1338 3237 vidbtnr
1377 3185 1656 3242 humidum
1700 3206 1915 3262 corpus,

337 3261 701 3331 splendidum,
746 3268 1061 3323 cmlestibus
1103 3271 1299 3337 simile,
1337 3273 1456 3329 luce
1487 3291 1552 3331 ac
1577 3279 1770 3346 spiritu
1801 3261 1915 3349 ple-

2044 2098 2228 2170 ὲδήλου
2273 2099 2371 2163 τὰς
2406 2101 2864 2172 ὑπερϐεϐηκυίας,
2894 2101 3086 2155 πολλαὶ
3113 2103 3221 2173 γὰρ
3271 2103 3429 2173 μοναὶ
3473 2102 3624 2175 παρὰ

2042 2192 2121 2262 τῷ
2150 2192 2342 2263 Πατρὶ,
2375 2194 2585 2247 καὶτὸν
2632 2196 2690 2247 ὲν
2733 2193 2853 2266 Θεῷ
2886 2195 3138 2260 πλοῦτον,
3177 2194 3450 2267 θησαυρὸν
3493 2195 3622 2248 ὄντα

2042 2282 2242 2348 παντὸς
2270 2285 2496 2354 ἀγαθοῦ.

2123 2375 2187 2429 Ἠ
2232 2375 2287 2429 δὲ
2324 2376 2463 2447 μετὰ
2494 2376 2700 2449 ταύτην
2732 2377 2820 2431 διὰ
2864 2378 2958 2432 τοῦ
3013 2379 3350 2450 μαργαρίτου
3393 2378 3622 2433 αἰνίττε-

2041 2467 2164 2521 σθαί
2195 2484 2283 2538 μοι
2316 2468 2465 2521 δοκεῖ
2497 2468 2559 2521 τὸ
2603 2473 2928 2539 τιμιώτερον
2978 2470 3072 2523 τοῦ
3105 2469 3434 2542 δηλωθέντος
3463 2468 3623 2522 πλού-

2034 2576 2151 2613 του,
2210 2558 2309 2631 Είη
2352 2560 2397 2612 δ’
2433 2558 2499 2612 ἂν
2547 2559 2804 2631 ήθεότης
2853 2561 2991 2631 αὐτὴ
3047 2560 3140 2613 τοῦ
3182 2559 3539 2628 Μονογενοῦς,
3584 2561 3617 2630 ἡ

2038 2651 2254 2704 πάντων
2278 2651 2387 2705 τῶν
2417 2654 2473 2705 ἐν
2507 2650 2584 2721 τῷ
2612 2652 2928 2706 ἀποδοθέντι
2963 2653 3220 2724 θησαυρῷ
3260 2652 3617 2723 τεταμιευμέ-

2034 2761 2138 2796 νων
2167 2744 2490 2815 τιμιωτέρα,
2522 2746 2588 2815 ἥν
2627 2747 2655 2799 ὁ
2696 2746 3037 2817 κτησάμενος
3078 2747 3178 2817 τῆς
3223 2745 3482 2799 ἀνωτάτω
3513 2763 3612 2815 μα-

2034 2836 2358 2907 καριότητος
2385 2835 2634 2904 ἠξίωται.
2687 2838 3051 2910 Μαργαρίτης
3099 2839 3155 2891 δὲ
3200 2838 3510 2908 ὠνόμασται
3531 2839 3609 2890 εί-

2032 2926 2203 2988 κότως
2231 2928 2260 2979 ὀ
2294 2925 2599 2996 σαρκωθεὶς
2648 2928 2780 2991 Θεὸς
2821 2929 3021 2997 Λόγος·
3052 2930 3173 2983 ἐπεὶ
3201 2930 3292 2982 καὶ
3325 2931 3353 2981 ὁ
3401 2945 3612 3000 μαργα-

2033 3021 2186 3093 ρίτης
2214 3019 2472 3084 τοιοῦτος,
2512 3023 2567 3073 ὲν
2593 3022 2756 3093 σαρκὶ
2793 3022 2892 3093 μὲν
2926 3022 3019 3076 καὶ
3065 3025 3121 3075 ἐν
3154 3022 3363 3093 ὀστρέῳ
3412 3021 3503 3074 καὶ
3552 3022 3610 3074 ὲν

2028 3113 2218 3183 ὑγροῖς
2245 3112 2605 3186 γεννώμενος,
2639 3115 2822 3185 τίμιον
2845 3115 2901 3168 δέ
2945 3132 2997 3167 τι
3033 3115 3243 3186 χρῆμα,
3275 3114 3368 3167 καὶ
3395 3114 3609 3167 πάντων

2025 3204 2132 3257 τῶν
2161 3206 2220 3256 ὲν
2247 3185 2432 3274 ὑγροῖς
2465 3205 2733 3275 σωμάτων
2761 3205 3188 3275 τιμαλερέστερον
3214 3222 3227 3235 ·
3285 3204 3427 3257 ἔοικε
3480 3202 3608 3271 γοῦν

2025 3292 2164 3348 εἶναι
2192 3298 2255 3366 τῇ
2292 3294 2449 3364 φύσει
2482 3295 2638 3366 σῶμα
2663 3296 2848 3368 ὑγρὸν,
2873 3296 3114 3365 διαυγὲς,
3149 3295 3404 3358 θεοειδές,
3435 3295 3611 3364 φωτὸς

337 3370 490 3410 num.
543 3356 635 3412 Sic
664 3361 828 3413 ctiatn
861 3362 1201 3418 incarnatum
1241 3366 1475 3421 Verbum
1502 3368 1680 3423 lumen
1714 3373 1920 3428 intelle-

2026 3388 2121 3441 καὶ
2148 3356 2460 3458 πνεύματος
2485 3356 2673 3459 γέμον.
2709 3356 2845 3459 ’ὲίηῖ
2866 3388 2911 3441 δ’
2944 3356 3128 3441 ἄνκαὶ
3162 3356 3464 3459 σαρκωθεὶς
3508 3387 3612 3439 Λό-

334 3448 514 3501 ctuale
546 3459 652 3514 est,
685 3451 750 3504 de
787 3454 1001 3507 mortali
1036 3455 1367 3527 humidoque
1398 3476 1628 3531 corpore
1651 3466 1914 3523 emicans.

332 3536 452 3592 Jam
479 3554 599 3594 cum
637 3544 757 3598 alia:
794 3546 976 3601 multa:
1008 3550 1321 3605 exstiterint
1370 3556 1679 3622 margarita:
1717 3569 1917 3614 sanetae

334 3628 553 3699 Deoqne
605 3645 792 3701 gratae,
835 3637 1117 3709 propheta:
1154 3642 1403 3698 videlicet
1445 3645 1686 3716 justique
1734 3652 1914 3705 homi-

341 3732 456 3785 nes,
487 3725 580 3791 qui
606 3734 659 3776 et
686 3724 783 3793 ipsi
819 3742 982 3782 carne
1011 3732 1297 3801 constipati
1353 3747 1512 3792 erant
1542 3750 1765 3809 propter
1792 3757 1914 3797 car-

329 3824 487 3865 neam
527 3813 804 3870 hominum
862 3820 1052 3890 vitam,
1086 3838 1245 3878 nemo
1273 3825 1413 3883 alius
1440 3869 1456 3893 ,
1519 3843 1716 3900 praeter
1766 3834 1913 3890 hunc

327 3901 524 3967 solum,
568 3920 693 3960 vere
730 3910 1064 3980 unigenitus,
1102 3915 1576 3983 splendidissimus
1607 3937 1671 3977 ac
1710 3926 1913 3993 pretio-

328 3994 576 4051 sissimus
612 3998 862 4058 inventus
884 4012 986 4065 est.
1023 4004 1177 4061 Adeo
1213 4016 1271 4062 nt
1314 4008 1483 4065 Isaias
1511 4028 1728 4083 quoque
1754 4018 1821 4072 de
1845 4033 1910 4074 eo

324 4088 654 4145 vaticinatus
689 4090 853 4148 fuerit
899 4096 1087 4152 dicens
1119 4115 1134 4152 :
1165 4096 1301 4153 Ecce
1349 4119 1484 4168 pono
1520 4106 1574 4158 in
1615 4106 1747 4160 Sion
1780 4108 1913 4178 lapi-

324 4182 443 4233 dem
463 4184 773 4250 pretiosum,
803 4186 1045 4257 electum,
1082 4192 1410 4260 angularem,
1439 4196 1835 4267 Itonorabilem;
1859 4210 1908 4257 et

321 4273 414 4341 qui
459 4278 740 4332 crediderit
796 4281 854 4334 in
906 4299 1063 4348 eum,
1137 4301 1243 4339 non
1299 4289 1649 4359 confundetur
1697 4291 1737 4346 '.
1804 4293 1906 4361 Qui

324 4380 454 4436 ergo
501 4383 669 4437 regno
714 4372 979 4427 caelorum
1013 4376 1211 4446 dignus
1258 4377 1473 4432 futurus
1500 4390 1615 4443 est,
1647 4383 1909 4450 praeclare

320 4476 668 4529 comparatur
704 4468 991 4520 mercatori
1042 4469 1197 4537 viro,
1258 4471 1334 4526 rei
1366 4471 1523 4528 bona:
1563 4479 1808 4535 studioso
1850 4488 1906 4535 et

320 4552 516 4621 perito,
550 4566 605 4609 et
652 4557 945 4613 multarum
992 4561 1364 4618 doctrinarum
1416 4567 1772 4638 exploratori,
1809 4575 1901 4642 qui

320 4646 651 4701 circumiens
683 4648 880 4704 multas
915 4655 1114 4722 reperit
1168 4657 1513 4725 margaritas,
1559 4665 1900 4721 omnimodas

318 4748 515 4804 nempe
561 4747 875 4793 sanctorum
925 4742 1204 4797 hominum
1238 4746 1461 4802 classes.
1511 4751 1620 4804 Sed
1661 4754 1897 4822 pretiosa

321 4828 410 4884 illa
461 4846 673 4901 gemma
722 4835 961 4903 inventa,
1010 4854 1169 4904 quam
1204 4840 1437 4898 Verbum
1489 4844 1703 4909 obtulit,
1756 4846 1896 4902 hanc

315 4937 438 4975 cum
465 4924 717 4979 omnibus
734 4927 836 4979 sibi
855 4940 1010 4983 antea
1040 4934 1331 5000 compertis
1354 4938 1725 5002 commutavit,
1752 4938 1893 4992 idem

313 5011 520 5068 faciens
552 5014 696 5084 quod
738 5017 885 5085 prior
925 5019 1010 5073 ille
1039 5020 1151 5090 (qui
1180 5038 1365 5093 agrum
1398 5025 1486 5079 ubi
1524 5026 1724 5082 latebat
1775 5029 1891 5084 tlte-

311 5120 507 5161 sanrns
537 5109 771 5163 venditis
797 5114 1005 5166 cunctis
1034 5116 1420 5188 comparavit).
1450 5119 1623 5186 Atque
1652 5119 1765 5174 hanc
1791 5122 1896 5175 erit

311 5212 536 5254 summa:
561 5201 836 5256 beatitatis
862 5206 1110 5273 coronis,
1142 5222 1335 5277 nempe
1373 5210 1416 5262 si
1459 5211 1694 5276 pretiosa
1741 5228 1888 5265 mar-

310 5290 482 5357 garita
522 5293 866 5360 oruahimur,
918 5295 971 5349 id
1020 5308 1101 5352 est
1146 5300 1350 5354 lumine
1384 5301 1689 5356 divinitatis
1726 5301 1885 5358 Verbi

308 5380 594 5449 unigeniti.
625 5382 843 5439 Initium
879 5386 1079 5457 quippe
1110 5388 1210 5443 fuit
1234 5406 1452 5456 semen;
1489 5392 1679 5447 deinde
1708 5393 1890 5449 fructi-

309 5469 519 5527 licaatis
568 5472 828 5531 frumenti
879 5480 1238 5547 germinatin;
1295 5483 1510 5536 tertium
1569 5484 1827 5542 discretio
1858 5505 1887 5541 a

2021 3496 2115 3548 γος
2141 3480 2397 3546 τοιοῦτος,
2423 3479 2538 3548 φῶς
2570 3479 2754 3550 νοερὸν
2797 3479 2885 3533 διὰ
2920 3479 3113 3550 θνητοῦ
3162 3479 3257 3533 καὶ
3291 3478 3462 3549 ὑγροῦ
3497 3477 3603 3530 σώ-

2022 3589 2189 3641 ματος
2221 3571 2529 3642 ἐκλάμψαν.
2566 3571 2786 3624 Πολλῶν
2827 3589 2892 3640 γε
2930 3573 3036 3643 μὴν
3068 3572 3163 3625 καὶ
3195 3571 3366 3626 ἄλλων
3389 3586 3600 3640 μαργα-

2019 3663 2180 3735 ριτῶν
2219 3663 2388 3717 ὄντων
2419 3663 2589 3733 ἁγίων
2623 3664 2718 3716 καὶ
2758 3664 3039 3733 θεοφιλῶν,
3078 3662 3366 3734 προφητῶν
3412 3679 3471 3715 τε
3506 3663 3598 3714 καὶ

2012 3753 2237 3807 δικαίων
2270 3754 2502 3826 ἀνδρῶν,
2540 3756 2634 3808 καὶ
2665 3755 2843 3808 αὐτῶν
2895 3756 2954 3808 ἐν
3004 3755 3167 3828 σαρκὶ
3209 3753 3597 3824 πεπιλημένων

2012 3846 2099 3899 διὰ
2121 3847 2213 3899 τὸν
2240 3847 2501 3919 ένσαρκον
2528 3846 2638 3901 τῶν
2661 3847 2757 3901 ἀνθ
2766 3845 2962 3918 ρώπων
3003 3847 3134 3917 βίον,
3163 3846 3336 3910 οὐδεὶς
3357 3847 3443 3899 ἒτε
3453 3862 3541 3917 ρος
3561 3846 3596 3917 ἢ

2017 3938 2177 4009 μόνος
2202 3936 2285 4004 είς
2310 3933 2467 4004 οὗτος
2506 3939 2722 4012 ἀληθῶς
2763 3940 3056 4011 μονογενὴς
3104 3941 3200 3994 καὶ
3249 3937 3600 4010 πολυφεγγὴς

2011 4032 2104 4083 καὶ
2150 4030 2446 4102 πολύτιμος
2475 4031 2742 4104 εὕρηται·
2812 4031 2888 4095 ὡς
2942 4032 3038 4084 καὶ
3074 4031 3302 4085 Ἡσαΐαν
3345 4030 3598 4084 θεσπίσαι

2015 4121 2143 4191 περὶ
2174 4120 2337 4173 αὑτοῦ
2370 4123 2462 4174 καὶ
2485 4125 2659 4175 εἰπεῖν
2681 4138 2698 4155 ·
2742 4120 2889 4176 Ἰδοὺ
2918 4122 3115 4191 τίθημι
3140 4122 3212 4174 ἐν
3240 4120 3395 4175 Σιὼν
3421 4123 3599 4175 λίθον

2009 4210 2340 4280 πολυτελῆ,
2374 4211 2688 4276 ἐκλεκτὸν,
2719 4211 3161 4281 ἀκραγωνιαῖον,
3189 4212 3431 4282 ἔντιμον
3451 4228 3465 4241 ·
3497 4211 3596 4265 καὶ

2010 4302 2045 4352 ό
2076 4301 2379 4354 πιστεύων
2425 4303 2513 4367 εἰς
2554 4302 2743 4356 αὐτὸν
2768 4303 2841 4355 οὐ
2878 4302 3483 4370 καταισχυνθήσεται.
3534 4302 3594 4355 '0

2007 4391 2072 4463 δὴ
2103 4388 2197 4446 οῦν
2244 4393 2451 4463 μέλλων
2474 4394 2573 4465 τῆς
2599 4394 2877 4464 βασιλείας
2909 4393 3017 4447 τῶν
3038 4395 3282 4462 οὐρανῶν
3302 4392 3592 4459 καταξιοῦ-

2009 4482 2134 4538 σθαι
2169 4484 2466 4555 προσφυῶς
2499 4486 2911 4559 παραϐέϐληται
2956 4487 3184 4559 ἐμπόρῳ
3237 4488 3391 4560 ἀνδρὶ
3439 4488 3591 4557 φιλο.

2005 4575 2156 4646 κάλῳ
2183 4576 2288 4629 τινὶ
2313 4576 2408 4631 καὶ
2441 4576 2731 4649 φιλομαθεῖ
2760 4580 2855 4633 καὶ
2881 4580 3139 4635 ποικίλων
3169 4581 3471 4652 δοκιμαστῇ
3503 4581 3593 4634 λό-

2005 4682 2137 4734 γων,
2184 4666 2242 4731 ὃς
2271 4668 2496 4739 περιιὼν
2526 4667 2756 4731 πολλοὺς
2815 4671 2915 4741 μὲν
2965 4672 3161 4743 ἀνεῦρε
3221 4674 3585 4745 μαργαρίτας,

2005 4759 2288 4823 παντοίους
2319 4762 2376 4812 ὲν
2399 4759 2708 4832 ἀνθρώποις
2747 4763 2932 4832 ἁγίους
2950 4778 2963 4792 ’
2991 4765 3146 4829 τέλος
3171 4764 3226 4818 δὲ
3247 4766 3337 4817 τὸν
3364 4765 3586 4818 πολύτι-
3668 4790 3679 4796 ·

2008 4868 2106 4922 μον
2135 4851 2332 4922 εὑρὼν,
2364 4852 2422 4905 ὃν
2464 4854 2492 4905 ὁ
2519 4854 2690 4923 Λόγος
2750 4859 3151 4927 παρεστήσατο,
3207 4857 3425 4910 πάντων
3474 4857 3585 4910 τῶν

2004 4943 2267 5015 πρότερον
2314 4944 2463 5015 αὐτῷ
2511 4948 2931 5018 πεπορισμένων
2962 4948 3150 5003 τοῦτον
3188 4950 3583 5022 ἀντικατηλλά-

2001 5032 2148 5098 ξατο,
2171 5034 2365 5087 ταυτὸν
2390 5034 2466 5106 τῷ
2500 5038 2747 5109 προτέρῳ
2778 5039 2986 5109 πράξας
3039 5042 3103 5111 (ό
3133 5042 3309 5097 πάντα
3342 5044 3441 5098 ὅσα
3467 5040 3581 5117 εἶχε

2003 5125 2279 5197 πωλήσας,
2337 5129 2431 5180 καὶ
2479 5129 2754 5201 ἀγοράσας
2805 5131 2895 5184 τὸν
2946 5133 3114 5203 ἀγρὸν
3167 5137 3414 5207 ἐκεῖνον).
3470 5137 3582 5189 Καὶ

1998 5217 2141 5270 τοῦτ’
2185 5218 2250 5272 ἂν
2279 5220 2363 5290 εἴη
2390 5220 2542 5284 τέλος
2581 5223 2682 5293 τῆς
2726 5222 2901 5295 ἄκρας
2937 5227 3359 5298 μακαριότητος,
3390 5228 3450 5282 τὸ
3481 5246 3582 5282 κα·-

1995 5308 2401 5381 τακοσμηθῆναι
2431 5311 2509 5381 τῷ
2539 5313 2885 5384 πολυτιμήτω
2915 5319 3246 5389 μαργαρίτῃ,
3276 5319 3471 5391 δηλαδὴ
3499 5319 3578 5391 τῷ

1996 5399 2136 5468 φωτὶ
2169 5401 2267 5470 τῆς
2307 5400 2557 5473 θεότητος
2589 5403 2683 5455 τοῦ
2724 5407 3041 5473 μονογενοῦς
3068 5410 3271 5477 Λόγου·
3300 5411 3441 5482 ἀρχὴ
3473 5412 3575 5481 μὲν

1997 5492 2106 5565 γὰρ
2137 5490 2203 5564 ἦν
2228 5496 2257 5547 ὁ
2294 5496 2492 5566 σπόρος
2516 5512 2528 5525 ·
2588 5490 2685 5549 εἶτ’
2725 5497 2963 5562 ἐπίδοσις
3002 5500 3101 5571 τῆς
3128 5502 3221 5556 τοῦ
3258 5505 3402 5557 σίτου
3432 5522 3542 5577 καρ

375 5579 418 5612 ⁸·
446 5579 639 5639 Matth.
673 5602 806 5652 xm,
840 5586 929 5642 '53.
1008 5591 1026 5620 ⁷
1070 5590 1198 5644 ibid.
1233 5591 1322 5645 44.
1399 5593 1420 5623 ⁸
1466 5593 1593 5648 ibid.
1627 5596 1716 5650 «45.
1795 5600 1816 5630 ’
1858 5598 1920 5655 Is:

2026 5618 2202 5669 txvtu,
2245 5605 2333 5660 16.

380 5672 511 5754 (6i).
538 5674 636 5731 Hic
665 5693 884 5754 quoque
929 5697 958 5735 a
1002 5682 1147 5738 Luca
1178 5696 1435 5754 provocat
1475 5692 1540 5743 ad
1573 5690 1882 5749 Mattlimum

314 5740 584 5801 Eusebius
671 5740 814 5816 qqu
843 5765 964 5809 cum
1025 5769 1121 5825 per
1174 5740 1231 5812 Se
1286 5740 1405 5814 non
1443 5740 1705 5832 dedecet,
1775 5774 1885 5820 tum

2001 5700 2307 5783 rectissime
2338 5701 2454 5756 ﬁeri
2483 5705 2656 5783 pot_nit
2684 5709 2752 5759 ab
2785 5722 2849 5764 eo
2881 5708 2972 5780 qui
3005 5710 3057 5765 in
3088 5710 3567 5783 tetraevangelium

1996 5767 2225 5828 fortasse
2260 5767 2747 5831 sammentabatur.
