4116 6386
360 345 460 398 ὅτι)
1497 343 2000 396 (ἶὲὨνῖΜΕΝΤέςιὶρῐΔ
2043 343 2108 395 ΙΝ
2151 342 2404 398 LUCAM.

3500 348 3604 399 5ἷο

362 463 628 532 ποςορίας
650 479 660 490 ·
694 464 786 515 καὶ
819 464 999 533 τρίτον
1033 466 1064 532 ἡ
1096 463 1203 516 ἀπὸ
1223 465 1328 516 τῶν
1353 463 1608 527 ζιζανίων
1631 465 1899 535 διάκρισις
1917 482 1929 493 ο

2045 465 2294 528 zizaniis;
2357 473 2610 531 quartum
2667 463 2890 516 seminis
2941 463 2992 515 in
3049 478 3296 531 magnam
3356 463 3602 517 arboreta

356 557 669 625 τέταρτονή
700 557 790 607 ἐπὶ
823 556 963 622 μέγα
1012 555 1224 626 δένδρον
1250 556 1340 608 τοῦ
1379 556 1578 626 σπόρου
1611 558 1746 626 φυή·
1799 555 1936 624 πέμ-

360 663 491 698 πτον
521 649 552 715 ὴ
579 646 665 698 διὰ
696 645 787 697 τοῦ
823 646 978 713 ἁγίου
1031 646 1346 715 Πνεύματος
1377 645 1619 715 ζύμωσις
1638 662 1651 676 ·
1707 647 1863 698 ἕκτον
1907 648 1935 698 ό

283 753 290 760 ’
360 737 632 806 θησαυρὸς
665 737 770 788 τῶν
805 737 1068 806 οὐρανίων
1103 736 1440 804 ἐπαγγελιῶν
1466 753 1477 765 ·
1532 736 1754 806 ἕϐδομον
1783 739 1812 805 ἡ
1842 736 1937 787 αύ-

359 828 452 880 τοῦ
483 829 672 898 κτῆσις
711 829 804 880 τοῦ
827 829 960 880 Θεοῦ
991 829 1186 896 Λόγου,
1212 831 1268 880 ἐν
1370 829 1476 890 πᾶς
1509 831 1934 897 κατακοσμεῖται

360 921 388 970 ὁ
419 921 518 989 τῆς
547 919 819 988 βασιλείας
849 919 956 971 τῶν
981 919 1222 991 οὐρανῶν
1252 919 1419 985 ἄξιος.

433 1029 614 1085 Ταῦτα
634 1032 689 1083 δέ
725 1031 829 1101 πρὸ
857 1030 962 1082 τῶν
995 1030 1169 1100 ἔργων
1198 1032 1520 1098 ἀνειρωνεῖτο
1538 1046 1550 1056 ·
1586 1028 1937 1098 προλέγοντος

361 1125 428 1177 τά
465 1123 722 1192 μέλλοντα
753 1121 968 1173 ἔσεσθαι
995 1122 1088 1172 τοῦ
1143 1122 1412 1190 Σωτῆρος,
1452 1120 1487 1173 ὃ.
1536 1119 1598 1189 δὴ
1633 1119 1725 1171 καὶ
1751 1118 1937 1180 τέλους

361 1217 460 1268 οὐκ
489 1217 568 1277 είς
603 1213 809 1284 μακρὸν
839 1212 1117 1282 ἐτύγχανε,
1142 1211 1280 1264 ὥστε
1324 1211 1439 1281 μετ’
1467 1211 1527 1262 ού
1561 1210 1724 1262 πολὺν
1751 1211 1936 1280 χρόνον

362 1304 656 1373 ὀςρθαλμοῖς
703 1302 930 1372 ὁρᾶσθαι
982 1302 1088 1353 τῶν
1146 1301 1322 1369 ἕργῶν
1372 1299 1437 1352 τά
1501 1299 1933 1367 ἀποτελέσματα.

364 1396 496 1447 Καθ’
531 1395 656 1463 ὅλης
685 1390 776 1446 οὖν
807 1393 865 1457 ἐξ
896 1393 1104 1445 ἐκείνου
1134 1393 1231 1461 τῆς
1278 1392 1384 1442 τῶν
1425 1390 1722 1461 ἀνθρώπων
1761 1393 1938 1442 οἰκου-

368 1488 535 1556 μένης
558 1488 622 1537 ἐκ
658 1486 755 1555 μὲν
790 1485 1040 1536 ἁπάντων
1078 1483 1185 1535 τῶν
1214 1483 1379 1534 ἐθνῶν
1407 1483 1474 1534 τὰ
1534 1483 1632 1550 τῆς
1675 1481 1767 1533 τοῦ
1801 1479 1936 1531 Θεοῦ

367 1578 636 1648 βασιλείας
657 1578 893 1647 σύμϐολα
914 1577 1020 1645 \6'2)
1041 1575 1126 1628 διὰ
1141 1575 1246 1628 τῶν
1263 1573 1594 1642 Ἑκκλησιῶν
1608 1572 1769 1625 αὐτοῦ
1786 1571 1938 1624 ἐθεω-

369 1677 528 1743 ρεῖτο,
557 1673 763 1743 μυρίων
799 1673 855 1723 ἐν
898 1671 1090 1731 αὐταῖς
1122 1667 1263 1720 κατὰ
1303 1667 1362 1718 τὸ
1395 1668 1660 1736 σωτήριον
1690 1663 1936 1731 Εὐαγγέ-

363 1764 476 1817 λιον
502 1765 778 1834 βιούντων,
823 1765 934 1824 τοῖς
971 1778 1029 1812 τε
1059 1760 1306 1822 παλαιοῖς
1336 1758 1640 1829 προφήταις
1667 1756 1761 1808 καὶ
1790 1753 1937 1824 αὐτῷ

363 1873 426 1923 γε
447 1854 524 1924 τῷ
562 1853 810 1924 Ἀϐραὰμ
859 1854 952 1906 καὶ
1004 1851 1185 1904 Ἰσαὰκ
1235 1850 1329 1902 καὶ
1372 1848 1448 1918 τῷ
1489 1847 1680 1902 Ἰακὼϐ
1736 1845 1936 1915 ὁμοίιος

365 1947 633 2000 θεοσεϐεῖν
655 1943 1150 2014 φιλοτιμουμένων·
1183 1942 1306 1994 ἐπεὶ
1350 1941 1607 2001 κάκεῖνοι,
1639 1936 1936 2007 προλαϐόν-

364 2056 454 2100 τες
485 2040 597 2100 τοῖς
635 2037 845 2107 χρόνοις
885 2036 1012 2096 τοὺς
1045 2033 1319 2094 Μωῦσέως
1345 2031 1560 2100 νόμους,
1596 2028 1672 2098 τῷ
1706 2029 1846 2081 κατὰ
1877 2027 1937 2078 τὸ

367 2126 696 2193 Εὐαγγέλιον
732 2124 830 2192 βίῳ
851 2140 909 2175 τε
931 2123 1023 2174 καὶ
1054 2121 1240 2190 τρόπῳ
1266 2119 1582 2187 διέλαμψαν,
1616 2119 1713 2186 τῆς
1746 2116 1842 2186 μὲν
1875 2118 1938 2167 ἐκ

367 2215 619 2284 πατέρων
645 2213 887 2282 ἡκούσης
917 2214 995 2272 εἰς
1024 2211 1218 2272 αὐτοὺς
1261 2209 1519 2260 πολυθέου
1554 2207 1760 2274 πλάνης
1809 2221 1939 2257 κατ-

369 2305 687 2373 εγνωκότες,
723 2300 815 2355 τοῦ
845 2303 888 2354 δ’
916 2303 1008 2355 ἐπὶ
1037 2303 1252 2355 πάντων
1276 2300 1410 2353 Θεοῦ
1435 2301 1534 2368 τὴν
1561 2299 1760 2366 γνῶσιν
1793 2299 1939 2350 ἀνει-

366 2395 614 2463 ληφότες.
661 2393 750 2445 Διὸ
781 2394 846 2462 δὴ
875 2392 982 2444 τῶν
1013 2391 1180 2444 ἐθνῶν
1222 2393 1268 2444 oi
1327 2389 1509 2442 πολλοὶ¹
1542 2390 1634 2442 ἀπ’
1669 2388 1939 2440 ἀνατολῶν

369 2487 462 2538 καὶ
488 2483 703 2554 δυσμῶν
731 2483 880 2552 ἥξειν
912 2482 1174 2554 εἴρηνται,
1220 2483 1314 2535 καὶ
1345 2482 1572 2550 ἰσότιμοι
1619 2480 1939 2550 γενήσεσθαι

368 2579 480 2638 τοῖς
514 2577 655 2644 ἀμφὶ
687 2575 778 2626 τὸν
824 2574 1074 2644 Ἀϐραάμ
1124 2573 1412 2644 μακαρίοις
1456 2572 1677 2643 ἀνδράσι
1721 2571 1808 2623 διὰ
1844 2571 1938 2641 τὴν

372 2663 492 2731 ἴσην
515 2664 742 2724 ἐκείνοις
770 2663 914 2731 ζωήν
941 2677 953 2690 ο
982 2663 1031 2712 οἱ
1065 2661 1107 2711 δ’
1140 2660 1319 2712 αὐτῶν
1351 2660 1568 2711 ἐκείνων
1602 2658 1854 2725 ἁπόγονοί
1881 2674 1939 2709 τε

369 2754 463 2806 καὶ
495 2753 746 2822 διάδοχοι,
775 2753 882 2804 υἱοὶ
931 2753 1031 2821 τῆς
1086 2751 1362 2820 βασιλείας
1385 2750 1472 2802 διὰ
1510 2749 1634 2810 τοὺς
1666 2749 1940 2819 προπάτο-

371 2862 470 2914 ρας
499 2844 875 2913 ὠνομασμένοι
899 2861 912 2872 ·
948 2842 1174 2911 δυνάμει
1207 2841 1314 2910 γὰρ
1347 2842 1439 2892 καὶ
1469 2842 1650 2900 αὐτοῖς
1685 2841 1941 2910 μετουσία

367 2928 434 3004 ἦν
460 2934 656 3003 ὁμοίως
682 2936 792 2995 τοῖς
823 2932 1162 3002 προπάτορσι
1199 2932 1297 3001 τῆς
1343 2931 1592 3002 οὐρανίου
1626 2930 1901 2999 βασιλείας
1925 2947 1938 2960 ·

367 3023 514 3086 ὅπως
561 3023 856 3092 ἀπόϐλητοι
903 3024 1009 3075 τῶν
1054 3021 1390 3089 ἐπαγγελιῶν
1446 3021 1718 3088 γεγόνασι,
1748 3021 1943 3090 δεῖγμα

369 3115 594 3186 ἐναργὲς
619 3115 718 3182 τῆς
748 3114 952 3176 πόλεως
977 3117 1008 3184 ἡ
1037 3113 1257 3184 ἐρημία,
1276 3111 1367 3164 τοῦ
1397 3111 1540 3182 ἱεροῦ
1571 3112 1603 3181 ὴ
1639 3110 1938 3180 πολιορκία,

370 3203 462 3255 καὶ
496 3201 725 3272 αὐτῶνή
767 3206 844 3264 εἰς
890 3202 1065 3254 πάντα
1086 3201 1153 3252 τά
1186 3201 1310 3269 ἔθνη
1337 3199 1622 3269 διασπορὰ,
1655 3200 1748 3252 καὶ
1779 3202 1810 3269 ἡ
1839 3200 1942 3251 ὑπὸ

371 3296 478 3354 τοῖς
508 3292 718 3362 ἐχθροῖς
748 3291 978 3348 δουλεία,
1015 3292 1105 3342 καὶ
1128 3291 1218 3343 ἐπὶ
1242 3290 1446 3352 τούτοις
1549 3290 1802 3360 στέρησις
1845 3290 1944 3359 τῆς

371 3383 509 3436 κατὰ
538 3385 605 3434 τὰ
637 3382 841 3451 νόμιμα
869 3381 1045 3433 αὐτῶν
1080 3379 1392 3450 θρησκείας,
1426 3379 1517 3430 τοῦ
1561 3395 1618 3430 τε
1646 3377 1880 3448 Χριστοῦ
1915 3379 1947 3448 ἡ

371 3474 631 3542 ἀγνωσία.
665 3474 757 3526 καὶ⁹
785 3471 892 3524 τῶν
925 3469 1294 3539 εὐαγγελικῶν
1331 3469 1662 3538 μαθημάτων
1705 3471 1737 3539 ή
1776 3467 1949 3521 ἁπαλ-

2039 555 2434 607 int-remenlnm
2463 572 2476 620 ;
2510 555 2753 622 quintum
2792 570 2888 622 per
2910 567 3154 607 sanctum
3202 555 3461 624 Spiritum
3497 556 3603 609 fer-

2039 645 2337 707 lttctttalio;
2375 655 2583 698 sextum
2619 645 2919 698 divinorum
2958 647 3342 713 promissorum
3389 649 3606 702 thesau-

2040 753 2170 796 rus:
2237 737 2525 804 septimum
2587 737 2696 805 ipsa
2747 738 2836 790 Dei
2899 735 3062 790 Verbi
3125 740 3443 805 acquisitio.
3500 755 3608 806 quo

2040 828 2407 896 unusquisque
2441 839 2758 894 exornatur,
2785 829 2874 898 qui
2914 845 3082 899 regno
3115 829 3376 884 etBlorum
3413 833 3607 900 dignus

2038 928 2142 971 est.

2109 1008 2233 1062 lla‘c
2287 1016 2410 1062 ante
2458 1022 2620 1074 opera
2670 1007 2989 1074 loquebatur
3021 1005 3298 1070 Servator,
3353 1007 3606 1060 nimirum

2039 1115 2126 1153 res
2178 1099 2386 1153 futuras
2421 1101 2710 1162 nuntians,
2763 1113 2881 1164 qua:
2943 1114 3130 1167 reapse
3182 1100 3387 1153 exitum
3449 1097 3610 1164 paulo

2039 1201 2152 1260 post
2187 1201 2355 1245 nacta:
2376 1191 2615 1254 sunt,ita
2645 1199 2702 1243 ut
2735 1191 2874 1242 haud
2906 1190 3062 1259 longa
3103 1205 3250 1242 mora
3288 1190 3605 1257 interposita

2038 1292 2282 1352 spectare
2318 1283 2488 1336 oculis
2517 1297 2600 1336 res
2618 1290 2799 1350 gestas
2832 1281 3066 1335 licuerit.
3104 1281 3206 1335 Per
3237 1291 3405 1334 totum
3443 1282 3606 1350 igitur

2038 1390 2099 1428 ex
2127 1392 2190 1428 eo
2220 1383 2460 1441 tempore
2508 1374 2800 1431 mundum,
2841 1374 2988 1440 regni
3034 1372 3124 1424 Dei
3175 1369 3418 1441 symbola
3469 1370 3608 1436 apud

2038 1481 2227 1520 Omnes
2268 1465 2492 1535 populos
2543 1466 2594 1517 itt
2649 1464 2847 1518 Christi
2909 1462 3168 1516 Ecclesiis
3227 1464 3610 1524 cernebantur,

2038 1558 2283 1630 plurimis
2308 1559 2416 1622 jam
2447 1556 2753 1610 hominibus
2779 1557 2844 1607 ad
2879 1555 3132 1608 salutaris
3179 1552 3447 1622 Evangelii
3487 1567 3613 1605 nor-

2039 1668 2179 1703 tnam
2227 1650 2532 1702 viventibus
2562 1689 2576 1711 ,
2642 1658 2695 1704 et
2745 1650 3034 1718 prophetas
3086 1657 3294 1700 veteres
3361 1649 3609 1714 ipsosque

2039 1740 2431 1803 Abrahamum,
2469 1740 2703 1792 lsaacnm
2741 1750 2899 1806 atque
2921 1737 3178 1794 Jacohum
3223 1737 3467 1804 religiosa
3500 1737 3607 1804 pic-

2041 1842 2146 1886 late
2174 1832 2550 1886 aamnlautibus
2579 1849 2592 1884 ι
2627 1832 2894 1900 siquidem
2918 1839 2977 1881 et
3004 1831 3080 1891 hi,
3105 1838 3348 1897 tempore
3375 1843 3610 1896 prsuver-

2041 1932 2211 1977 tentes
2266 1922 2430 1974 Mosis
2479 1922 2658 1987 leges,
2726 1925 2832 1973 vita
2898 1920 3211 1985 evangelica
3256 1935 3321 1972 ac
3374 1920 3615 1972 moribus

2038 2015 2407 2068 inclaruerunt
2436 2030 2449 2078 ;
2491 2015 2614 2083 quia
2646 2014 2904 2066 traditum
2937 2013 3038 2066 sibi
3076 2028 3103 2064 a
3133 2012 3432 2079 majoribus
3461 2010 3614 2079 poly-

2041 2107 2252 2160 theismt
2291 2121 2532 2159 errorem
2562 2107 2900 2163 damnautcs,
2934 2103 3257 2154 universalis
3305 2099 3396 2152 Dei
3427 2098 3615 2167 cogni-

2041 2199 2239 2251 tionem
2303 2199 2648 2264 adoptaruut.
2707 2197 3048 2262 Quapropter
3095 2194 3246 2246 tntilli
3296 2193 3497 2246 ethnici
3549 2207 3616 2245 ex
3685 2257 3694 2266 ‘

2039 2291 2248 2343 Oriente
2311 2300 2473 2356 atque
2535 2303 2728 2342 occasu
2778 2287 2988 2339 venturi
3055 2285 3329 2348 dicuntur,
3391 2285 3617 2352 parique

2041 2382 2250 2434 honore
2286 2380 2447 2432 futuri
2480 2389 2640 2446 atque
2665 2379 3026 2442 Abrahamns,
3055 2378 3139 2430 vir
3164 2377 3376 2440 beatus,
3401 2389 3618 2445 propter

2040 2472 2215 2526 simile
2254 2471 2376 2522 vita»
2402 2486 2589 2539 genus.
2641 2468 2839 2521 llornm
2875 2483 2998 2520 vero
3047 2468 3249 2535 posteri
3294 2485 3356 2522 ac
3398 2483 3614 2521 succes-

2041 2577 2212 2623 Sores,
2267 2558 2357 2610 lilii
2410 2559 2557 2626 regni
2615 2559 2684 2610 ob
2737 2573 2865 2611 suos
2917 2560 3294 2626 progenitores
3350 2557 3613 2610 nominati

2041 2661 2184 2705 Sunt.
2229 2649 2472 2718 Namque
2502 2650 2686 2701 intima
2723 2650 2768 2701 vi
2808 2649 2940 2716 ipsis
2965 2663 3179 2716 quoque
3221 2649 3388 2702 inerat
3418 2689 3432 2710 ,
3467 2664 3619 2714 mque

2043 2759 2106 2795 ac
2136 2742 2592 2810 progenitoribus,
2620 2741 2860 2795 cmlestis
2905 2744 3054 2811 regni
3100 2743 3464 2809 participatio.
3515 2741 3620 2795 Sed

2043 2836 2185 2889 enim
2218 2835 2360 2902 quod
2390 2851 2418 2886 a
2453 2850 2508 2887 re
2551 2836 2816 2901 prmnissa
2849 2835 3171 2897 exciderint,
3215 2835 3439 2886 evidens
3479 2833 3620 2900 judi-

2044 2926 2183 2978 cium
2209 2933 2290 2977 est
2318 2924 2464 2977 urbis
2494 2925 2735 2989 vastitas,
2779 2925 2956 2992 templi
2994 2925 3266 2986 Obsessio,
3296 2934 3350 2976 et
3387 2924 3619 2991 ipsorum

2046 3034 2139 3086 per
2171 3032 2360 3070 omnes
2393 3026 2578 3082 gentes
2610 3017 2871 3084 dispersio
2893 3057 2907 3080 ,
2961 3017 3194 3070 servitus
3234 3016 3370 3083 apud
3409 3015 3610 3074 hostes.

2047 3109 2374 3177 insuperqne
2410 3107 2634 3175 legitimi
2668 3108 2882 3160 illorum
2913 3109 3091 3160 cultus
3116 3108 3344 3161 cessatio
3370 3145 3384 3166 ,
3419 3106 3620 3159 Christi

2049 3201 2333 3270 ignoratio,
2368 3210 2418 3254 et
2444 3201 2510 3254 ab
2544 3201 2854 3270 evangelica
2886 3201 3129 3254 doctrina
3166 3200 3443 3252 alienatio.
3501 3199 3622 3251 ll:ec

2054 3291 2253 3355 Omnia,
2320 3291 2560 3359 inquam,
2616 3292 2766 3358 signa
2820 3293 3105 3359 perspicua
3156 3300 3283 3344 sunt
3331 3305 3516 3343 carum
3572 3291 3622 3342 iu

2055 3380 2247 3447 quibus
2275 3391 2559 3432 versantur
2591 3380 2956 3444 tenebrarum,
2985 3391 3270 3449 propterea
3300 3379 3443 3448 quod
3479 3378 3623 3432 salu-

2058 3455 2374 3523 tari'lumini
2413 3472 2678 3524 adversati
2707 3480 2852 3525 sunt.

372 3566 678 3636 λοτρίωσιςσ
713 3565 882 3618 ταῦτα
915 3564 1023 3634 γὰρ
1055 3564 1266 3616 ἅπαντα
1315 3564 1514 3630 σημεῖα
1546 3563 1761 3632 ἐμφανῆ
1807 3560 1891 3632 εἴη
1949 3559 2016 3613 ἂν
2059 3560 2152 3613 τοῦ
2197 3561 2534 3626 διαλαϐόντος
2582 3563 2778 3626 αὐτοὺς
2834 3562 3076 3627 σκότους,
3110 3581 3153 3631 ῳ
3185 3560 3628 3633 περιπεπτώκασι

373 3658 460 3711 διά
485 3659 583 3729 τὴν
604 3658 697 3710 τοῦ
727 3658 993 3728 σωτηρίου
1025 3657 1200 3726 φωτὸς
1223 3657 1560 3708 ἐναντίωσιν.

444 3777 520 3829 Δι’
550 3769 608 3829 οῦ
635 3777 780 3828 δοκεῖ
815 3793 902 3845 μοι
923 3775 1032 3844 (65)
1050 3774 1108 3826 τὸ
1133 3771 1417 3843 γνώρισμα
1437 3772 1536 3840 τῆς
1559 3771 1832 3841 βασιλείας
1847 3771 1946 3825 αύ-

371 3870 472 3938 τῆς
527 3868 877 3935 ὑποφαίνειν,
933 3867 1014 3919 ὅτι
1071 3865 1132 3935 δὴ
1179 3865 1439 3932 βασιλέως
1497 3864 1946 3934 ἐντετυπωμένην

375 3959 556 4010 εἰκόνα
593 3956 685 4010 τοῦ
720 3955 972 4027 δηναρίου
1012 3955 1072 4006 τὸ
1114 3955 1375 4024 χάραγμα
1420 3955 1690 4023 σημαίνει.
1733 3953 1946 4024 Ἐπειδὴ

374 4053 550 4104 τοίνυν
591 4052 796 4111 πάντας
838 4050 963 4111 τοὺς
998 4048 1089 4099 ἐπὶ
1141 4047 1230 4100 τὸν
1267 4046 1566 4116 ἀμπελῶνα
1605 4048 1699 4100 καὶ
1743 4047 1802 4099 τὸ
1847 4046 1945 4116 τῆς

375 4143 684 4205 θεοσεϐείας
717 4141 1015 4209 πολίτευμα
1054 4138 1439 4208 παρελθόντας,
1474 4139 1601 4207 μιᾶς
1629 4155 1687 4190 τε
1721 4139 1815 4189 καὶ
1848 4138 1944 4207 τῆς

377 4229 544 4297 αὐτῆς
605 4227 866 4298 ἐργασίας
915 4226 1256 4296 ἁψαμένους,
1295 4227 1392 4296 τῆς
1447 4226 1617 4295 αὐτῆς
1674 4225 1948 4295 βασιλείας

381 4319 664 4386 μετασχεῖν
685 4311 750 4385 ἦν
776 4314 999 4377 δίκαιον,
1028 4315 1215 4366 τούτου
1245 4316 1401 4386 χάριν
1434 4315 1658 4378 εἰκότως
1687 4319 1796 4377 τοῖς
1819 4317 1949 4369 πᾶσι

378 4407 473 4477 τῆς
507 4406 779 4476 βασιλείας
813 4406 876 4458 τὸ
909 4405 1173 4476 σύμϐολον
1204 4406 1263 4457 τὸ
1299 4405 1551 4476 δηνάριον
1587 4406 1908 4460 ἀποδίδωσιν
1934 4450 1948 4474 ,

377 4491 451 4551 ὧν
476 4500 523 4551 οἱ
560 4498 656 4568 μὲν
684 4500 741 4550 ἐν
774 4498 985 4568 νεότητι
1016 4497 1342 4568 ἐκλήθησαν,
1370 4501 1418 4550 οἱ
1438 4499 1493 4551 δὲ
1519 4499 1644 4570 περὶ
1672 4499 1761 4551 τὸν
1792 4499 1952 4569 μέσον

2115 3768 2219 3822 Per
2254 3767 2358 3821 hoc
2394 3766 2610 3820 videtur
2640 3767 2773 3819 mihi
2823 3767 2972 3837 regni
3005 3766 3174 3835 ipsius
3209 3769 3481 3821 notionem
3509 3777 3623 3821 tra-

2042 3863 2193 3925 dere,
2221 3861 2346 3928 quia
2381 3860 2522 3926 regis
2554 3859 2873 3926 impressam
2893 3859 3205 3928 imaginem,
3231 3859 3436 3912 denarii
3465 3875 3627 3913 cusus

2045 3961 2202 4022 typus
2236 3951 2480 4004 exhibet.
2511 3950 2646 4016 Quia
2693 3951 2856 4019 igitur
2900 3961 3132 4004 cunctos
3163 3951 3214 4002 in
3255 3950 3462 4004 vineam
3498 3966 3624 4019 pro-

2045 4044 2212 4098 fectos
2257 4054 2313 4098 et
2365 4043 2664 4112 religiosam
2697 4045 2949 4111 pietatem
2981 4043 3256 4111 amplexos
3281 4083 3296 4105 ,
3335 4058 3546 4112 unaque
3573 4054 3628 4097 et

2049 4137 2237 4189 eadem
2306 4150 2471 4202 Opera
2528 4135 2840 4202 perfunctos
2878 4173 2894 4198 ,
2977 4136 3163 4189 eodem
3228 4150 3394 4203 regno
3463 4136 3622 4202 potiri

2048 4241 2258 4294 aequum
2286 4237 2427 4291 erat,
2451 4227 2570 4280 ideo
2597 4228 2978 4296 cunctisregni
3015 4227 3341 4296 symbolum,
3372 4229 3628 4282 denarius

2052 4319 2318 4382 videlicet,
2345 4319 2467 4385 jure
2503 4319 2699 4386 datur;
2731 4334 2960 4387 quorum
3003 4319 3090 4372 alii
3146 4318 3364 4385 quidem
3401 4319 3467 4372 ab
3495 4321 3627 4372 ador

2053 4410 2312 4465 Iescentia
2344 4411 2562 4463 inerunt
2591 4411 2785 4475 vocati,
2821 4410 2912 4463 alii
2941 4412 3086 4464 circa
3122 4412 3353 4463 medium
3385 4411 3630 4466 humana:

2056 4504 2179 4556 vitae
2209 4511 2444 4570 tempus,
2489 4501 2577 4554 alii
2613 4501 2666 4554 itt
2715 4511 2931 4554 artatem
2979 4501 3089 4569 jam
3141 4501 3349 4555 virilem
3407 4511 3462 4555 et
3512 4519 3632 4572 per-

377 4589 474 4658 τῆς
503 4587 789 4659 ἀνθρώπου
825 4587 969 4656 ζωῆς
999 4587 1209 4657 χρόνον,
1257 4589 1306 4639 οἱ
1341 4586 1398 4639 δέ
1433 4585 1524 4638 τὸν
1557 4585 1725 4657 ἄνδρα
1747 4587 1942 4640 τέλειον

2055 4591 2248 4644 fectant
2283 4589 2543 4657 provecti,
2574 4589 2662 4642 alii
2697 4589 2931 4658 denique
2966 4591 3076 4658 jam
3117 4606 3275 4645 senes
3327 4601 3382 4645 et
3426 4592 3476 4645 itt
3511 4593 3632 4646 vita:

381 4679 480 4750 ἤδη
520 4683 612 4732 καὶ
653 4677 1067 4748 ὑπερϐεϐηκότα
1099 4679 1447 4747 ἀνειληφότες
1467 4717 1482 4740 ,
1515 4681 1561 4730 ot
1595 4678 1651 4730 δὲ
1688 4678 1829 4732 κατὰ
1858 4680 1949 4731 τὸν

380 4768 690 4840 πρεσϐύτην
729 4767 891 4820 αὐτὸν
926 4766 1184 4837 γηραλέοι
1227 4767 1410 4820 λοιπὸν
1461 4768 1554 4820 καὶ
1585 4767 1711 4838 περὶ
1743 4767 1951 4838 δυσμάς

381 4860 593 4931 ἔχοντες
622 4860 715 4912 τοῦ
740 4859 876 4929 βίου.
911 4859 1067 4911 Εἴποι
1091 4857 1134 4910 δ’
1165 4858 1228 4910 ἄν
1256 4875 1342 4922 τις
1374 4860 1469 4912 καὶ
1503 4859 1703 4929 ἑτέρως
1724 4857 1952 4929 ἐξηγού-

383 4971 542 5023 μενος
571 4952 928 5023 ἐφαρμόττειν
958 4950 1026 5003 τὰ
1052 4949 1138 5002 διὰ
1169 4950 1265 5020 τῆς
1298 4950 1609 5021 παραϐολῆς
1650 4950 1953 5020 δηλούμενα

376 5046 491 5106 τοῖς
531 5042 794 5095 ἀνέκαθεν
833 5045 898 5094 ἐκ
937 5040 1158 5111 πρώτης
1213 5039 1304 5092 τοῦ
1347 5040 1462 5109 βίου
1507 5041 1749 5104 στάσεως
1792 5041 1952 5114 μέχρι

383 5135 692 5197 συντελείας
708 5135 962 5200 καταξιου
971 5135 1147 5204 μένοις
1163 5135 1260 5202 τῆς
1279 5135 1462 5186 ἐνθέου
1485 5135 1745 5206 κλήσεως·
1766 5134 1952 5204 ὥσπερ

381 5221 500 5295 ἅμα
528 5224 670 5292 πρωῒ
693 5226 986 5296 κεκλῆσθαι
1015 5227 1190 5290 λέγειν
1221 5226 1312 5278 ἐπλ⁸
1335 5225 1429 5295 τὴν
1454 5224 1760 5290 θεοσεϐείας
1790 5229 1954 5298 ἐργα-

383 5315 505 5368 σίαν
531 5316 655 5378 τοὺς
689 5317 826 5369 κατὰ
847 5318 943 5387 τὴν
969 5319 1141 5388 ἀρχὴν
1172 5316 1264 5370 τοῦ
1296 5317 1408 5387 βίου
1451 5316 1696 5389 πρώτους
1729 5317 1951 5372 δικαιω-

386 5405 604 5467 θέντας·
639 5407 920 5479 δευτέρους
945 5408 1000 5460 δέ
1021 5411 1146 5472 τοὺς
1175 5409 1320 5480 ἀμφὶ
1347 5408 1438 5461 τὸν
1474 5407 1643 5478 Ἑνὼχ
1677 5410 1771 5462 καὶ
1803 5410 1948 5462 Νῶε·

453 5613 566 5687 (62)
607 5613 1260 5687 Symbolaintelliguntur
1293 5616 1590 5685 praesertim
1631 5631 1855 5678 cruces,
1894 5624 1954 5687 ut

384 5684 760 5759 paSsitnquui
807 5685 948 5742 solet
991 5684 1326 5756 Nicepltorus
1364 5689 1426 5759 in
1463 5701 1627 5757 Opere
1682 5687 1786 5740 Pro
1839 5685 1942 5742 SS.

385 5756 720 5828 imaginibus.

2053 4697 2303 4737 occasum
2339 4676 2576 4733 decidui.
2619 4679 2871 4733 Fortasse
2906 4679 3102 4747 aliquis
3147 4681 3308 4734 aliter
3333 4682 3631 4750 explanatis

2056 4775 2219 4836 dicet,
2276 4787 2578 4841 congruere
2607 4752 2875 4842 parabolte
2928 4773 3292 4840 signiﬁcatum
3331 4775 3525 4841 priscis
3563 4775 3632 4828 ab

2056 4866 2374 4921 exordiente
2413 4869 2610 4919 mundo
2652 4881 2820 4935 usque
2848 4868 2912 4920 ad
2941 4867 3058 4935 ejus
3107 4869 3628 4921 consummationem

2057 4959 2238 5012 divina
2275 4959 2555 5012 vocatione
2592 4960 2825 5027 tlignalis
2857 4960 3204 5023 hominibus;
3255 4962 3325 5014 ita
3376 4972 3434 5012 ιιι
3473 4977 3631 5015 mane

2063 5050 2236 5102 vocati
2299 5049 2555 5102 dicantur
2611 5053 2677 5103 ad
2744 5050 3022 5118 religionis
3075 5065 3209 5118 opus
3247 5049 3321 5102 illi
3351 5050 3440 5117 qui
3478 5051 3633 5103 initio

2059 5140 2239 5192 nmttdi
2279 5139 2421 5208 jnste
2478 5141 2775 5193 vixerunt:
2815 5142 3050 5193 secundo
3121 5140 3239 5192 loco
3308 5139 3493 5192 Enoch
3571 5154 3634 5191 ac

2055 5228 2166 5282 Noe
2197 5248 2210 5282 :
2243 5234 2398 5284 tertia
2459 5231 2589 5284 hora
2639 5232 2982 5286 Abrahamns
3014 5250 3027 5284 :
3065 5243 3215 5285 sexta
3277 5231 3402 5284 hora
3459 5230 3632 5281 Mes-es

2053 5329 2106 5376 et
2161 5321 2325 5376 Josne
2375 5342 2438 5376 ac
2490 5325 2700 5392 jntliees
2738 5340 2752 5377 :
2797 5342 2936 5378 noua
2994 5325 3122 5377 hora
3181 5324 3425 5377 homines
3473 5333 3632 5376 mtate

2051 5417 2433 5483 prophetarum
2470 5433 2483 5468 :
2527 5417 2760 5484 denique
2813 5419 3094 5470 undecima
3127 5417 3257 5468 hora
3287 5415 3363 5466 illi
3387 5413 3478 5482 qui
3507 5423 3630 5482 post

2053 5617 2082 5640 Π

2127 5618 2237 5690 (65)
2277 5619 2518 5689 Sequens
2559 5619 2922 5686 fragmentum
2949 5636 3126 5692 usque
3150 5621 3214 5674 ad
3250 5618 3546 5692 ἀνεφέρετο
3574 5620 3626 5674 itt

2013 5750 2021 5759 ,
2053 5693 2238 5746 codice
2263 5694 2306 5744 A
2338 5692 2530 5746 dicitur
2557 5692 2769 5747 Eusebii
2800 5691 2958 5746 simul
2986 5702 3041 5746 et
3067 5691 3339 5762 Origeuis.
