4116 6382
463 398 562 454 571

1159 391 1428 450 EUSEBII
1468 391 1952 448 CESARIENSIS
1988 393 2140 448 OPP.
2182 392 2361 448 PARS
2395 393 2483 448 lll.
2520 423 2590 433 -—
2629 390 3038 446 EXEGE'I‘ICA.

3606 389 3712 444 572

460 511 630 568 divini
657 508 964 564 Servatoris
988 507 1482 562 manifestationem
1503 505 1847 561 exstiterunt.
1866 505 2030 576 Atque

2141 508 2267 571 τούς
2306 508 2434 578 περὶ
2463 508 2562 577 τὴν
2590 506 2778 576 τρίτην
2811 505 2940 567 τούς
2979 505 3122 574 ἀμφὶ
3154 501 3244 555 τὸν
3281 500 3560 574 Ἀϐραάμ’
3587 504 3714 565 τούς

463 604 567 658 hos
596 616 785 657 omnes
812 601 1006 670 dig-uos
1026 614 1146 654 esse
1177 597 1388 652 habitos
1415 597 1557 651 dicet
1587 611 1691 650 una
1738 597 2031 666 eademque

462 692 732 755 mercede,
765 691 989 745 denario
1033 687 1359 759 signiﬁcata,
1407 687 1501 756 qui
1557 686 1611 740 in
1665 687 1758 741 Dei
1804 703 2028 758 regnutn

463 783 776 837 delerebatu
787 797 831 837 r.

2135 601 2190 653 δὲ
2226 601 2354 672 περὶ
2374 599 2471 671 τὴν
2495 600 2661 669 ἕκτην
2677 599 2801 662 τούς
2833 596 2976 666 ἀμφὶ
3009 594 3098 647 τὸν
3125 594 3362 647 Μωῡσέα
3384 594 3477 648 καὶ
3509 593 3715 664 Ἰησοῦν

2136 690 2230 743 καὶ
2268 691 2494 762 κριτάς·
2539 691 2666 751 τούς
2709 687 2766 740 δὲ
2798 687 2926 757 περὶ
2957 685 3054 756 τὴν
3083 684 3307 754 ὲννάτην
3339 684 3463 747 τοὺς
3503 685 3560 736 ἐν
3599 687 3713 747 τοῖς

2135 784 2348 854 χρόνοις
2378 782 2486 836 τῶν
2521 779 2814 852 προφητῶν
2835 797 2847 809 ·
2878 781 3001 842 τοὺς
3030 779 3086 830 δὲ
3123 777 3252 848 περὶ
3278 777 3374 847 τὴν
3401 776 3715 848 ἑνδεκάτην,

462 877 587 938 τούς
617 874 753 946 μετά
790 875 890 945 τὴν
927 875 1190 947 σωτήριον
1225 872 1541 942 θεοφάνειαν
1561 890 1574 902 ·
1612 872 1704 936 οὓς
1733 873 1798 944 δὴ
1831 873 2038 938 πάντας
2065 878 2568 950 καταξιωθήσεσθαι
2601 877 2716 941 ἐνὸς
2744 877 2838 930 καὶ
2869 874 2962 928 τοῦ
3003 874 3164 930 αὐτοῦ
3196 869 3402 944 ’μισθοῦ
3428 873 3520 925 τοῦ
3574 875 3716 927 κατά

461 971 523 1023 τὸ
546 970 796 1042 δηνάριον
825 970 1215 1042 δεδηλωμένου,
1242 971 1376 1040 ὅπερ
1405 970 1484 1032 εἰς
1521 968 1619 1038 τὴν
1651 967 1742 1020 τοῦ
1774 969 1908 1021 Θεοῦ
1939 970 2211 1039 βασιλείαν
2239 974 2548 1044 ἀνεφέρετο.

465 1087 509 1117 ’⁸
552 1083 674 1139 Non
709 1102 788 1139 me
821 1086 1084 1146 videbitis,
1113 1085 1278 1136 donec
1307 1084 1476 1136 veniat
1511 1097 1628 1134 cum
1650 1083 1855 1151 dicetis,
1878 1084 2046 1140 Bene-

705 1156 876 1208 dictus
903 1157 992 1225 qui
1031 1155 1168 1208 venit
1211 1153 1266 1206 in
1311 1153 1516 1205 nomine
1548 1151 1786 1207 Domini.

531 1244 735 1314 Nempe
773 1245 937 1300 iidem
983 1245 1260 1306 homines,
1303 1243 1626 1310 quibuscum
1687 1245 2045 1312 praesentibus

459 1351 696 1403 prtesens
729 1335 844 1404 ipse
875 1335 1218 1404 loquebatur,
1250 1333 1433 1387 statim
1466 1347 1526 1386 ac
1555 1347 1677 1385 eum
1709 1333 1888 1387 divina
1913 1350 2036 1389 cum

461 1425 636 1492 gloria
693 1435 855 1492 alque
914 1423 1230 1492 angelorum
1287 1422 1546 1475 comitatu
1605 1421 1910 1476 venientem
1969 1424 2038 1478 de

458 1517 598 1570 ccelo
633 1516 889 1578 viderint,
928 1523 1190 1584 cogentur
1252 1530 1373 1568 eum
1421 1513 1666 1566 conliteri
1695 1513 2036 1568 benedictum

459 1608 550 1673 qui
580 1607 723 1661 venit
753 1608 807 1661 in
831 1608 1048 1660 nomine
1086 1605 1292 1658 Domini
1326 1605 1502 1664 Patris
1529 1611 1632 1664 sui.

461 1701 504 1732 "
541 1701 715 1756 Homo
749 1699 964 1769 quidam
1013 1697 1133 1765 fecit
1179 1711 1377 1816 catenam
1426 1700 1709 1769 magnam,
1755 1707 1803 1753 et
1838 1698 2036 1753 vocavit

1137 1782 1222 1816 mu
1251 1776 1355 1816 tos.

1137 1776 1355 1820 multos.

529 1856 751 1911 Diversa
787 1867 870 1910 est
899 1856 1015 1910 haec
1047 1854 1300 1924 parabola
1331 1856 1398 1910 ab
1436 1873 1498 1912 ea
1533 1873 1693 1927 quam
1747 1857 2033 1911 Matthaans

458 1949 649 2004 scribit
689 1949 752 2002 “.
787 1949 862 2002 lbi
901 1947 1045 2000 enim
1103 1961 1217 2008 rex,
1270 1949 1576 2017 nuptiaeth
1624 1950 1714 2002 lilii
1768 1948 1924 2018 regii,
1979 1957 2036 2002 et

460 2049 746 2094 vocatores
789 2037 943 2098 multi
989 2046 1134 2102 sunt,
1169 2045 1223 2089 et
1255 2040 1430 2092 vocati
1465 2055 1567 2093 non
1599 2041 1845 2103 iverunt,
1902 2040 2030 2107 quin

460 2123 572 2184 imo
599 2144 787 2184 servos
813 2129 1154 2183 contumeliis
1179 2128 1402 2182 aﬂ'ectos
1429 2131 1766 2196 occiderunt,
1802 2137 1857 2184 et
1879 2143 2032 2182 exero

459 2221 601 2278 citus
653 2231 1028 2276 commovetur
1082 2222 1134 2275 in
1184 2237 1466 2279 servorum
1526 2222 1932 2284 interfectores,
1981 2230 2038 2274 et

455 2313 678 2383 quidam
742 2313 812 2367 ob
873 2325 1074 2368 vestem
1142 2317 1418 2372 sordidam
1488 2314 1716 2382 nuptiali
1785 2313 2034 2368 convivio

457 2403 770 2472 expellitur.
804 2403 903 2458 Hie
942 2415 1122 2460 autem
1169 2423 1310 2462 unus
1342 2407 1502 2460 homo
1527 2405 1888 2460 introducitur
1918 2443 1934 2469 ,
1982 2413 2037 2457 et

457 2509 611 2550 ctena
642 2494 874 2558 privata,
916 2506 970 2550 et
1013 2513 1150 2551 unus
1179 2510 1403 2553 vocator
1439 2499 1694 2563 mittitur,
1751 2508 1806 2552 et
1861 2495 2034 2550 vocati

457 2587 822 2655 deprecantur
852 2590 1224 2642 tantummodo
1257 2589 1622 2652 vocationem.
1650 2588 2036 2658 occupationes

457 2691 586 2730 suas
616 2678 1032 2744 przetendentes.
1069 2680 1333 2749 Quodque
1379 2681 1513 2735 adeo
1553 2682 1881 2749 praecipuum
1921 2687 2027 2744 est,

457 2764 548 2818 illa
574 2766 623 2818 in
653 2766 851 2835 templo
873 2767 1013 2820 dicta
1049 2767 1152 2821 fuit
1175 2769 1315 2837 apud
1354 2768 1640 2838 pontilices
1685 2768 2036 2835 senioresque

457 2855 662 2924 populi,
718 2856 834 2911 haec
881 2857 932 2910 in
976 2857 1199 2912 Galilaea
1239 2859 1385 2912 domi
1433 2860 1714 2927 cujusdam
1774 2857 2036 2926 principis

459 2946 738 3004 Pharisaei.
789 2949 852 3002 Et
904 2949 1120 3017 quidem
1171 2966 1311 3004 unus
1361 2951 1814 3004 discumbentium
1864 2948 2033 3012 audit,

459 3039 655 3094 Beatus
690 3039 791 3092 eris
836 3041 963 3108 quia
1011 3056 1112 3094 non
1155 3041 1346 3094 habent
1391 3041 1530 3110 quod
1572 3041 1666 3092 tibi
1711 3039 2034 3099 retribuam;

2147 1070 2229 1121 Οὐ
2252 1069 2338 1138 μή
2363 1087 2438 1136 με
2460 1068 2629 1134 ῖδητε
2664 1067 2776 1132 ἕως
2806 1065 2883 1120 ἂν
2909 1065 3029 1138 ῆξξῃ
3052 1064 3155 1138 ὅτε
3177 1063 3411 1138 εἵπητε·
3434 1065 3715 1138 ΔΕὐλογη-

2313 1135 2497 1207 μένος
2523 1141 2555 1192 ό
2583 1138 2903 1206 ἐρχόμενος
2933 1136 3002 1187 ἐν
3030 1135 3271 1202 ὀνόματι
3298 1135 3535 1200 Kvpicv.

2212 1231 2374 1283 Αὐτοὶ
2402 1230 2512 1300 γὰρ
2545 1231 2773 1293 ἐκεῖνοι,
2813 1223 2895 1292 οἷς
2923 1227 3041 1280 τότε
3069 1225 3262 1297 παρὼν
3291 1224 3522 1295 παροῦσι
3554 1223 3717 1277 διελέ-

2139 1340 2291 1391 γετο,
2316 1321 2578 1391 θεώμενοι
2606 1320 2767 1374 αὐτὸν
2796 1318 2933 1390 μετά
2958 1319 3056 1389 τῆς
3083 1317 3264 1369 ἐνθέου
3295 1315 3469 1385 δόξης,
3500 1315 3593 1368 καὶ
3619 1315 3718 1366 σὺν

2145 1413 2390 1481 ἀγγέλων
2428 1411 2722 1484 δορυφορίᾳ
2747 1411 3039 1482 ἐρχόμενον
3060 1408 3116 1474 ἐξ
3144 1406 3405 1478 οὐρανῶν,
3439 1404 3718 1475 ὁμολογεῖν

2145 1502 2649 1574 ἀναγκασθήσονται
2697 1501 2857 1554 αὐτὸν
2901 1494 3039 1552 εἶναι
3079 1498 3169 1551 τὸν
3215 1496 3576 1566 εὐλογημένον
3629 1495 3716 1548 τὸν

2145 1594 2437 1664 ἐρχόμενον
2463 1595 2520 1644 ὲν
2553 1591 2776 1661 ὀνόματι
2802 1590 3002 1660 Κυρίου
3036 1587 3130 1640 τοῦ
3161 1585 3353 1640 ἑαυτοῦ
3379 1585 3608 1656 Πατρός.

2148 1685 2478 1753 Ἄνθρωπός
2499 1701 2590 1748 τις
2603 1682 2853 1747 ἐποίησε
2867 1680 3114 1753 δεῖπνον·
3139 1679 3311 1749 μέγα,
3336 1677 3432 1731 καὶ
3461 1675 3718 1730 ἐκάλεσε

2704 1753 2972 1815 πολλούς
3005 1750 3139 1820 (64).

2222 1847 2500 1916 Ἄλλο-τρία
2549 1845 2685 1915 αὐτη
2733 1847 2766 1914 ή
2813 1841 3096 1912 παραϐολὴ
3140 1839 3277 1910 πρὸς
3307 1837 3406 1908 τὴν
3443 1835 3594 1908 παρά
3639 1833 3716 1903 τῷ

2136 1936 2421 2006 Ματθαίῳ.
2477 1936 2624 1988 Ἐκεῖ
2662 1934 2759 2004 μὲν
2798 1931 2904 2002 γάρ
2942 1929 3214 1999 βασιλεὺς,
3269 1928 3364 1979 καὶ
3397 1926 3564 1995 γάμοι
3597 1923 3714 1976 υἱοῦ

2138 2024 2420 2094 βασιλέως.
2445 2025 2537 2077 καὶ
2557 2023 2820 2094 κλήτορες
2852 2019 3056 2081 πολλοὶ,
3088 2018 3182 2070 καὶ
3208 2018 3256 2070 οἱ
3295 2015 3586 2086 κληθέντες
3615 2016 3714 2067 οὐκ

2135 2115 2395 2186 ἀπῆλθον,
2424 2113 2558 2167 ἀλλά
2580 2114 2673 2166 καὶ
2703 2112 2828 2174 τούς
2847 2109 3066 2176 δούλους
3091 2108 3320 2179 ὕϐρισαν
3345 2107 3438 2159 καὶ
3464 2105 3716 2159 ἀπέκτει-

2135 2226 2254 2269 ναν,
2280 2209 2373 2260 καὶ
2401 2205 2715 2275 στράτευμα
2740 2202 3055 2273 κινούμενον
3074 2199 3214 2254 κατά
3229 2198 3338 2253 τῶν
3364 2198 3716 2269 ἀνῃρηκότων

2134 2299 2262 2360 τούς
2290 2295 2529 2358 δούλους,
2563 2295 2658 2346 καὶ
2684 2293 2714 2346 ὁ
2745 2291 2833 2346 διά
2860 2292 2960 2363 τὴν
2995 2287 3246 2360 ρυπαράν
3294 2285 3496 2356 ἐσθῆτα
3523 2283 3717 2338 ἐκϐαλ-

2136 2387 2359 2456 λόμενος
2380 2385 2473 2437 τοῦ
2505 2383 2704 2454 γάμου·
2731 2376 2834 2435 ὧδε
2852 2381 2910 2435 δὲ
2935 2379 3030 2435 ἀνθ
3040 2395 3218 2451 ρωπος
3239 2377 3517 2445 εἰσάγεται
3542 2374 3716 2442 ψιλὸς,

2137 2480 2230 2532 καὶ
2255 2479 2471 2531 δεῖπνον
2493 2475 2698 2538 ἁπλῶς,
2727 2476 2820 2528 καλ⁸
2843 2469 2922 2537 εἷς
2952 2473 3043 2525 ὲπὶ
3067 2471 3165 2542 τὴν
3197 2469 3390 2539 κλῆσιν
3441 2467 3718 2538 ἐκπέμπε-

2135 2587 2246 2634 ται,
2283 2569 2375 2622 καὶ
2418 2569 2467 2620 οἱ
2513 2566 2806 2636 κληθέντες
2851 2562 3242 2635 παραιτοῦνται
3273 2562 3433 2631 μόνον
3468 2561 3566 2631 τὴν
3590 2558 3718 2629 κλῆ-

2139 2677 2244 2723 σιν,
2280 2659 2536 2728 ἀσχολίαν
2564 2656 2953 2727 σκηπτόμενοι.
2976 2655 3050 2706 Τὸ
3074 2653 3130 2706 δὲ
3162 2653 3710 2724 κεφαλαιωδέστερον,

2137 2753 2219 2805 ὅτι
2242 2751 2425 2820 εκείνη
2456 2750 2553 2820 μὲν
2584 2751 2641 2801 ὲν
2669 2747 2748 2818 τῷ
2781 2747 2912 2818 ἱερῷ
2941 2746 3162 2798 λέλεκτο
3204 2745 3342 2816 πρὸς
3369 2746 3499 2806 τούς
3529 2745 3713 2814 ἀρχιε-

2139 2844 2251 2913 ρεῖς
2292 2841 2386 2893 καὶ
2417 2838 2819 2910 πρεσὸυτέρους
2857 2836 2951 2889 τοῦ
2981 2835 3132 2901 λαοῦ,
3186 2835 3324 2906 αὐτη
3375 2835 3420 2888 δ’
3468 2833 3560 2887 ἐπὶ
3609 2833 3714 2903 τῆς

2136 2932 2420 2994 Γαλιλαίας
2449 2933 2505 2984 ὲν
2523 2930 2669 3000 οἰκίᾳ
2686 2930 2830 2992 τινὸς
2858 2929 3116 2999 ἄρχοντος
3138 2926 3430 2998 Φαρισαίου
3445 2943 3459 2955 '
3476 2925 3583 2978 τῶν
3605 2923 3715 2994 γὰρ

2139 3019 2611 3090 συνανακειμένων
2634 3036 2718 3081 τις
2745 3017 2982 3079 ἀκούσας
3011 3017 3092 3078 τὸ,
3118 3015 3422 3083 Μακάριος
3457 3015 3592 3084 ἔσῃ,
3624 3013 3715 3066 ὅτι

464 3131 774 3184 retribuetnr
811 3132 949 3184 enim
997 3132 1091 3184 tibi
1132 3132 1186 3184 in
1227 3131 1498 3200 justornm
1545 3133 1924 3184 resurrectione
1969 3129 2030 3183 ⁸³.

2141 3118 2252 3168 οὐκ
2285 3115 2537 3181 ἔχουσιν
2575 3111 3020 3166 ἀνταποδοῦναι
3053 3125 3154 3164 σοι
3182 3127 3195 3140 °
3239 3109 3716 3176 ἀνταποδοθήσε-

461 3219 634 3276 Porro
703 3223 1027 3275 resurrectio
1093 3223 1232 3275 idem
1297 3237 1418 3276 esse
1484 3221 1801 3289 intelligitur
1873 3228 2036 3286 atque

461 3327 682 3382 regnum
717 3313 830 3366 Dei.
876 3311 992 3367 Jam
1025 3318 1162 3370 vero’
1202 3316 1248 3370 ei
1295 3317 1383 3384 qui
1433 3316 1670 3382 dixerat,
1705 3311 1900 3366 Beatus
1946 3311 2035 3380 qui

454 3417 644 3470 ponent
673 3410 904 3458 comedet
952 3406 1008 3458 in
1051 3422 1208 3475 regno
1242 3405 1336 3460 Dei
1363 3406 1450 3474 “,l
1480 3405 1730 3474 quisnam
1764 3411 1910 3457 esset
1946 3401 2032 3454 hic

456 3491 647 3548 beatus
685 3493 980 3549 declaravit
1030 3495 1291 3550 Servator
1337 3511 1432 3565 per
1480 3493 1792 3565 parabolam
1827 3493 2030 3553 dcens,

461 3584 634 3639 Homo
692 3590 905 3657 quidam
942 3604 1140 3642 coenam
1194 3602 1438 3658 magnam
1509 3587 1674 3655 fecit;
1727 3599 1914 3639 rursus
1978 3595 2036 3636 se

459 3673 636 3743 ipsum
673 3679 759 3732 his
786 3678 963 3732 verbis
986 3678 1260 3732 hominem
1303 3677 1604 3731 nominans.

2141 3223 2237 3258 ται
2266 3201 2379 3273 γάρ
2420 3219 2518 3257 σοι
2563 3203 2632 3255 ἐν
2671 3202 2747 3270 τῇ
2775 3200 3106 3256 ἀναστάσει
3153 3200 3272 3254 τῶν
3299 3201 3543 3254 δικαίων
3564 3218 3576 3230 ο
3611 3201 3712 3269 τῆς

2141 3293 2488 3356 ἀναστάσεως
2517 3295 2609 3346 καὶ
2632 3293 2732 3362 τῆς
2759 3291 3030 3362 βασιλείας
3053 3291 3141 3345 τοῦ
3173 3292 3308 3344 Θεοῦ
3347 3295 3474 3362 μιᾶς
3499 3293 3592 3346 καὶ
3618 3293 3716 3362 τῆς

2141 3389 2312 3458 αὐτῆς
2334 3388 2647 3457 νοουμένης.
2686 3387 2828 3458 Πρὸς
2849 3381 2941 3439 οὖν
2973 3385 3064 3438 τὸν
3100 3385 3376 3456 εἰρηκότα,
3414 3383 3718 3454 Μακάριος

2140 3478 2309 3543 ὅστις
2343 3477 2597 3546 φάγηται
2630 3477 2813 3544 ἄρτον
2842 3477 2911 3530 ἐν
2949 3475 3023 3545 τῇ
3054 3477 3342 3542 βασιλείᾳ
3379 3476 3484 3530 τοῦ
3531 3475 3714 3538 Θεοῦ,

2136 3568 2223 3631 τίς
2250 3567 2314 3620 ἂν
2352 3566 2559 3634 γένοιτο
2590 3559 2744 3628 οὗτος
2772 3567 2801 3617 ὁ
2843 3565 3109 3636 μακάριος
3145 3564 3230 3617 διά
3268 3564 3367 3633 τῆς
3401 3563 3717 3634 παραϐολῆς

2139 3663 2168 3714 ὁ
2196 3657 2388 3728 Σωτὴρ
2425 3657 2727 3728 παρίστησι
2754 3655 2950 3724 λέγων,
2979 3655 3310 3725 Ἄνθρωπός
3337 3672 3427 3721 τις
3463 3655 3716 3724 ἐποίησε

456 3767 705 3839 geier
741 3768 922 3840 μέγαο
958 3769 1118 3824 πάλιν
1159 3769 1318 3832 αὐτὸς
1350 3769 1541 3823 ἑαυτὸν
1591 3769 1650 3822 ὲν
1688 3769 1897 3828 τούτοις
1932 3762 2212 3832 ἄνθρωπον
2242 3751 2540 3822 ὀνομάζων.

530 3865 603 3922 Ut
653 3876 832 3922 autem
884 3883 1080 3936 magna
1124 3882 1278 3921 cinna
1305 3881 1550 3934 quaenam
1603 3866 1675 3919 sit
1726 3863 2023 3931 intelligas,

459 3951 679 4006 interim
723 3952 938 4021 quidem
975 3964 1160 4019 specta
1205 3955 1311 4008 hoc
1347 3955 1400 4007 in
1427 3956 1558 4008 orbe
1582 3954 1834 4008 universo
1873 3953 2034 4022 spiri-

459 4040 566 4095 tale
609 4041 914 4096 convivium
955 4058 1234 4096 sacrorum
1288 4044 1700 4113 divinorumque
1750 4044 2027 4106 ciborum,

2214 3863 2371 3930 Μέγα
2403 3860 2458 3914 δὲ
2492 3858 2655 3912 αὐτοῦ
2684 3858 2896 3912 δεῖπνον
2929 3859 3164 3929 νοήσεις,
3195 3859 3331 3921 τέως
3369 3859 3466 3929 μὲν
3505 3855 3714 3912 ἀπιδὼν

2135 3957 2214 4018 εἰς
2243 3954 2303 4006 τὸ
2343 3951 2464 4006 καθ’
2495 3951 2623 4020 ὅλης
2656 3950 2757 4020 τῆς
2797 3951 3122 4021 οἰκουμένης
3159 3951 3374 4019 λογικὸν
3415 3952 3714 4022 συμπόσιον

2133 4047 2239 4100 τῶν
2280 4045 2439 4118 ἱερῶν
2486 4045 2579 4098 καί¹
2607 4043 2765 4096 θείων
2789 4042 3002 4114 τροφῶν
3035 4041 3143 4095 τῶν
3172 4042 3449 4113 πανταχοῦ
3489 4043 3593 4113 γῆς
3623 4043 3713 4098 διὰ

457 4134 601 4201 quod
653 4133 851 4201 ubique
921 4145 1187 4189 terrarum
1264 4151 1363 4203 per
1416 4135 1672 4190 divinitus
1740 4135 2030 4205 inspiratas

2136 4139 2239 4192 τῶν
2287 4135 2656 4190 θεοπνεύστων
2699 4133 3144 4204 ἀναγνωσμάτων
3192 4135 3327 4186 πᾶσι
3379 4136 3491 4196 τοῖς
3534 4133 3712 4186 ἔθνεσι

457 4223 769 4292 Scripturas
805 4227 1020 4281 cunctis
1063 4224 1272 4295 populis
1302 4227 1611 4281 exhibetur.
1660 4228 1800 4282 Hinc
1845 4236 2026 4279 autem

2136 4225 2581 4299 παραδεδομένων
2601 4242 2614 4256 ο
2645 4225 2894 4278 ἐντεῦθεν
2925 4225 2981 4276 δὲ
3023 4224 3230 4296 μετάϐα
3263 4227 3327 4295 τῇ
3375 4223 3581 4293 διανοίᾳ
3619 4224 3711 4278 ἐπὶ

458 4325 693 4372 mentem
727 4317 959 4372 transler
988 4319 1054 4371 ad
1083 4327 1456 4387 exspectatum
1481 4318 1741 4372 crelorum
1775 4329 2025 4385 regnum,

2136 4324 2238 4394 τὴν
2261 4317 2712 4391 προσδοκωμένην
2742 4315 2852 4369 τῶν
2889 4316 3133 4386 οὐρανῶν
3161 4315 3436 4386 βασιλείαν
3460 4334 3474 4348 ο
3507 4317 3598 4369 καὶ
3631 4317 3711 4380 εἰς

458 4417 622 4476 atque
650 4418 842 4476 reputa
866 4422 1080 4461 cmnam
1123 4408 1268 4462 illam
1320 4423 1450 4462 vere
1499 4423 1767 4478 magnam,
1827 4407 1878 4459 in
1921 4419 2026 4473 qua

2136 4413 2340 4466 ἔννοιαν
2364 4409 2483 4462 ἐλθὲ
2515 4407 2604 4460 τοῦ
2635 4408 2756 4460 τότε
2787 4407 3019 4478 μεγάλου
3050 4407 3125 4470 ὠς
3147 4406 3362 4478 ἀληθῶς
3392 4407 3624 4471 δείπνου,
3650 4409 3709 4460 ὲν

454 4513 580 4554 cum
613 4500 840 4568 angelis,
874 4501 1182 4570 divinisque
1223 4501 1482 4555 caelorum
1520 4501 1811 4554 virtutibus
1856 4498 2027 4551 beata:

2136 4497 2178 4570 ᾧ
2212 4499 2714 4558 συναναπαύσονται
2761 4499 3012 4567 ἀγγέλοις
3045 4500 3137 4551 καὶ
3171 4502 3291 4561 ταῖς
3339 4501 3455 4552 κατ’
3481 4498 3708 4571 οὐρανὸν

457 4591 653 4644 anima:
686 4592 1050 4660 requiescent,
1081 4592 1504 4663 angelorumque
1526 4607 1662 4661 pane
1681 4593 1985 4644 nutrientur
2009 4607 2024 4644 :

2136 4592 2314 4655 θείαις
2347 4591 2641 4660 δυνάμεσιν
2670 4591 2724 4642 αἰ
2761 4589 2870 4643 τῶν
2897 4590 3182 4662 μακαρίων
3207 4592 3393 4662 ψυχαὶ,
3431 4593 3488 4644 ὲν
3517 4584 3560 4658 ᾧ
3578 4607 3706 4662 τρα-

457 4693 566 4748 quo
581 4695 713 4733 sane
743 4691 982 4749 tempore
1007 4684 1206 4738 dictum
1232 4685 1358 4738 illud
1391 4685 1618 4738 lirmiter
1646 4684 2029 4751 splendideque

2136 4685 2394 4754 φήσονται
2432 4680 2509 4751 τῷ
2543 4680 2650 4732 τῶν
2689 4681 2933 4749 ἀγγέλων
2963 4682 3143 4754 ἄρτῳ·
3181 4682 3554 4754 πληρουμένου
3603 4698 3700 4734 κυ-

454 4769 835 4839 complebitur,
873 4768 1069 4826 Panem
1098 4775 1404 4844 angelorum
1426 4775 1761 4827 manducavit
1783 4775 1935 4826 homo
1958 4774 2022 4830 ".

457 4858 641 4926 Neque
665 4859 809 4913 cnim
841 4859 1116 4929 multiplex
1146 4863 1250 4915 erit
1290 4863 1379 4916 ille
1409 4863 1596 4928 cibus,
1631 4878 1804 4927 neque
1837 4863 2024 4916 condi-

456 4950 598 5004 turis
623 4960 714 5004 aut
743 4949 986 5005 obsoniis
1011 4952 1190 5020 egebit
1215 4968 1229 5016 ;
1265 4953 1357 5005 sed
1399 4965 1503 5004 uno
1528 4967 1665 5020 pane
1698 4951 2022 5005 immortali—

453 5043 582 5097 tatis
632 5033 813 5097 satore
854 5041 1083 5110 vitaeque
1129 5053 1345 5097 aeterna:
1399 5043 1585 5097 datore
1621 5044 1925 5097 nutrientur
1961 5043 2018 5108 ii,

451 5130 520 5186 de
568 5133 764 5202 quibus
805 5131 1065 5188 Servator
1115 5134 1372 5204 loquitur,
1417 5135 1616 5204 quique
1665 5136 1719 5190 in
1767 5135 2020 5206 praesenti

453 5223 560 5278 vita
591 5223 709 5280 aliis
739 5223 990 5280 alimenta
1036 5226 1386 5294 praebuerint.
1422 5225 1586 5281 Panis
1636 5241 1764 5281 vero
1805 5241 2019 5280 rursum

452 5313 796 5385 intelligitur,
829 5317 919 5387 qui
953 5325 1007 5371 et
1041 5317 1251 5371 animas
1281 5327 1336 5371 et
1365 5318 1587 5388 angelos
1622 5329 1677 5373 et
1725 5318 2021 5374 rationales

450 5417 570 5474 quae
591 5407 645 5461 in
676 5407 813 5463 caelo
853 5419 981 5465 sunt
1021 5417 1227 5464 mentes
1261 5408 1372 5462 alit.
1411 5409 1466 5463 ld
1493 5410 1636 5479 quod
1681 5409 1797 5480 ipse
1833 5410 2016 5466 docuit

2137 4775 2269 4846 ρίως
2314 4775 2433 4826 τότε
2503 4773 2598 4826 καὶ
2661 4772 2978 4844 θεοπρεπῶς
3020 4773 3111 4827 τοῦ
3166 4774 3463 4844 φάσκοντος
3512 4773 3697 4841 λόγου·

2135 4866 2341 4933 Ἄρτον
2388 4862 2659 4933 ἀγγέλων
2705 4862 2929 4932 ἔφαγεν
2977 4865 3307 4932 ἅνθρωπος.
3349 4866 3423 4918 Οὐ
3458 4863 3566 4936 γὰρ
3602 4881 3702 4917 πο-

2131 4955 2342 5026 λυειδὴς
2396 4955 2546 5008 ἔσται
2594 4958 2626 5026 ἡ
2677 4957 2798 5009 τότε
2843 4955 3038 5028 τροφὴ,
3087 4955 3209 5009 οὔτε
3241 4957 3547 5027 ἡδύσματος
3581 4956 3706 5011 οὐτε

2127 5043 2272 5114 δψων
2303 5044 2552 5116 δεομένη,
2583 5045 2730 5116 ἄρτῳ
2761 5045 2817 5099 δὲ
2859 5046 3006 5116 μόνῳ
3029 5045 3404 5116 ἀθανατοποιῷ
3437 5046 3530 5099 καὶ
3561 5045 3710 5117 ζωῆς

2128 5135 2344 5188 αἰωνίου
2367 5136 2682 5207 παρεκτικῷ
2705 5138 3071 5208 τραφήσονται
3093 5139 3140 5189 οἰ
3163 5139 3301 5190 κατά
3322 5139 3412 5191 τὸν
3432 5136 3706 5190 ἐνεστῶτα

2129 5225 2241 5296 βίον
2268 5225 2582 5298 θρέψαντες,
2618 5228 2713 5292 οὒς
2739 5229 3022 5298 ὠνόμασεν
3045 5230 3073 5281 ό
3099 5231 3310 5301 Σωτήρ.
3360 5231 3418 5282 ’0
3451 5229 3508 5283 δὲ
3540 5231 3704 5300 ἄρτος

2129 5318 2292 5370 πάλιν
2317 5318 2399 5390 εἴη
2439 5322 2466 5372 ὁ
2506 5320 2694 5390 ψυχῶν
2725 5322 2816 5373 καὶ
2858 5320 3100 5389 ἀγγέλων
3128 5322 3221 5374 καὶ
3249 5321 3358 5374 τῶν
3389 5321 3511 5374 κατ’
3539 5321 3704 5391 οὐρα-

2129 5410 2218 5464 νὸν
2260 5410 2492 5479 λογικῶν
2525 5413 2788 5482 τρόφιμος
2818 5411 2973 5479 λόγος
2995 5427 3010 5442 ο
3046 5411 3204 5465 τοῦτο
3247 5411 3378 5480 γοῦν
3408 5411 3572 5477 αὐτὸς
3595 5411 3704 5464 ὲδί-

523 5565 570 5596 “
597 5565 732 5636 Cap.
767 5583 888 5633 xm,
923 5569 1014 5624 '55.
1091 5570 1132 5602 “
1171 5569 1300 5625 Luc.
1327 5585 1440 5637 xrv,
1478 5569 1563 5624 16.
1639 5570 1682 5602 "
1708 5569 1901 5625 Matth.
1923 5571 2127 5638 no.2.
2207 5571 2250 5603 ¹³
2285 5573 2418 5628 Luc.
2447 5587 2559 5641 nv,
2599 5572 2684 5627 il.
2765 5571 2808 5602 “
2836 5570 2960 5626 ibid.
2989 5571 3073 5625 15.
3152 5572 3194 5604 ¹⁵
3211 5570 3349 5626 Psal.
3375 5567 3699 5635 uxvtt,‘25.

523 5679 635 5749 (64)
664 5682 908 5741 Convivii
955 5685 1372 5762 ligeparabola
1423 5686 1683 5762 scribitur
1723 5687 1992 5762 e_tiatn_in
2022 5688 2234 5748 Eusebii
2269 5690 2622 5762 Theophania,
2676 5689 2768 5747 lib.
2808 5705 2879 5756 tv,
2939 5659 3026 5758 ἰσ,
3095 5690 3189 5748 sed
3220 5700 3416 5761 tamen
3463 5689 3536 5746 ibi
3598 5661 3701 5759 Sv-

460 5749 640 5806 riacus
665 5764 956 5810 contextus
988 5758 1054 5811 ab
1080 5749 1182 5814 hoc
1205 5757 1390 5814 Grazco
1417 5767 1602 5815 nostro
1633 5757 1794 5812 nimis
1824 5756 2019 5815 diﬂ'ert.
