4116 6382
482 406 585 465 573

1632 396 2132 457 COMMENTARIA
2172 395 2236 449 IN
2259 394 2535 451 LUCARL

3604 382 3711 441 574

480 546 635 611 δαξεν
660 546 824 599 εἰπών
844 564 857 576 ·
897 547 1043 616 Ἐγώ
1072 548 1187 614 ειμι
1211 548 1243 599 ό
1273 545 1449 613 ἄρτος
1464 545 1574 612 τῆς
1608 545 1785 612 ζωῆς·
1820 544 1912 597 τοῦ
1937 545 2034 613 γὰρ

2150 541 2351 606 dicens,
2386 540 2493 607 Ego
2528 554 2642 592 sum
2681 536 2831 603 panis
2849 536 2975 589 mila:
3008 536 3069 586 “.
3116 532 3246 586 Nam
3280 546 3374 600 per
3421 530 3512 584 Dei
3550 529 3709 583 Verbi

481 644 539 694 ὲν
576 642 717 711 ἀρχῇ
760 640 895 710 πρὸς
931 640 1061 692 Θεὸν
1104 638 1239 691 Θεοῦ
1283 639 1455 707 Λόγου
1504 638 1800 709 μεταλήψει
1835 640 1981 691 πᾶσα
2008 640 2042 709 ή

480 733 587 785 τῶν
614 732 782 799 ἀγίων
804 730 992 801 λογικὴ
1020 730 1177 799 φύσις
1210 730 1568 794 ζωοποιεῖται.
1599 731 1666 781 "A
1698 729 1762 800 δὴ
1790 729 1935 782 δοκεῖ
1957 747 2045 799 μοι

481 824 545 875 ὲκ
588 822 866 893 προτέρων
916 823 1252 892 μαθημάτων
1308 821 1731 891 πεπαιδευμένος
1759 824 1788 873 6
1818 839 2046 874 συνανα-

482 914 728 982 κείμενος
770 913 847 983 τῷ
891 913 1064 983 Ἰησοῦ
1089 914 1364 985 εἰρηκέναι
1384 930 1397 943 ·
1426 912 1728 981 Μακάριος
1750 911 1917 976 ὅστις
1944 910 2046 979 φάη

480 1023 649 1075 γηται
686 1006 955 1074 ἄρτον-ἐν
992 1007 1065 1076 τῇ
1081 1008 1372 1074 βασιλείᾳ
1402 1007 1507 1061 τοῦ
1548 1006 1729 1060 Θεοῦ]
1773 1006 1906 1059 Οὐδὲ
1937 1004 2045 1075 γάρ

477 1097 584 1150 τῶν
609 1098 876 1167 τυχόντων
900 1116 984 1162 τις
1008 1095 1075 1169 ἦν
1105 1102 1133 1152 6
1158 1100 1358 1167 ταύτην
1397 1099 1553 1167 ἀφεὶς
1575 1096 1673 1168 τὴν
1705 1097 1904 1167 φωνὴν,
1930 1094 2045 1149 ἀλλ’

477 1187 552 1249 ὼς
576 1181 726 1257 οἶμαι
762 1189 868 1241 τῶν
901 1189 1105 1259 σφόδρα
1132 1189 1381 1259 μεγάλων
1421 1190 1515 1241 καὶ
1550 1189 1699 1259 παρά
1727 1188 1805 1258 τῷ
1834 1188 2045 1258 Σωτῆρι

476 1280 639 1349 τιμῆς
663 1279 995 1349 ἠξιωμένων.
1029 1280 1120 1333 Διὸ
1148 1282 1244 1334 καὶ
1290 1280 1725 1334 συνανακλίνεται
1752 1278 1919 1348 αὐτῷ,
1950 1280 2046 1331 καὶ

475 1374 587 1433 τοῖς
625 1370 787 1423 αὐτοῦ
809 1371 985 1438 λόγοις
1016 1372 1248 1434 συνετῶς
1279 1373 1583 1442 προσεῖχεν,
1608 1371 1681 1433 ὠς
1715 1372 1805 1423 καὶ
1830 1370 1926 1440 τὴν
1951 1369 2045 1437 βα-

478 1460 679 1514 σιλείαν
703 1462 809 1514 τῶν
822 1462 1062 1533 οὐρανῶν
1088 1463 1160 1533 μὴ
1193 1464 1421 1530 ἀγνοεῖν,
1448 1461 1731 1531 γνωρίζειν
1753 1462 1808 1513 δὲ
1842 1461 1934 1513 καί
1954 1459 2044 1513 τὸν

475 1552 636 1621 ἄρτον
684 1552 783 1621 τῆς
828 1553 972 1622 ζωῆς
1010 1553 1100 1606 τὸν
1141 1553 1429 1623 θρεπτικὸν
1472 1554 1580 1605 τῶν
1628 1554 1727 1621 τῆς
1772 1552 2045 1623 βασιλείας

474 1644 672 1707 ἀξίων·
702 1648 968 1717 τοσαότην
1002 1663 1060 1698 τε
1108 1646 1259 1713 ἄγειν
1307 1646 1648 1716 παρρησίαν,
1702 1646 1777 1707 ῶς
1822 1645 1912 1696 ἐπὶ
1950 1643 2043 1696 τοῦ

475 1732 721 1805 Σωτῆρος
746 1736 1015 1787 ἀνακινεῖν
1035 1734 1297 1805 δόγματα,
1325 1735 1419 1787 καὶ
1452 1734 1518 1787 δι’
1553 1735 1711 1786 αὐτὸν
1739 1734 1835 1801 τὴν
1868 1735 2043 1785 πᾶσαν

474 1826 749 1896 είρηκέναι
800 1827 1108 1898 παραϐολὴν
1166 1827 1394 1897 Σωτῆρα
1437 1826 1792 1885 διδάσκοντα,
1843 1826 1926 1887 τίς
1977 1824 2041 1877 ἂν

472 1916 679 1983 γένοιτο
711 1912 863 1980 οὗτος
894 1920 923 1971 6
958 1918 1170 1989 ἀληθῶς
1211 1919 1493 1989 μακάριος,
1523 1918 1581 1981 ὃς
1612 1918 1850 1988 φάγηται
1880 1918 2040 1987 ἄρτον

472 2011 531 2062 ἐν
562 2012 625 2079 τῇ
664 2010 907 2081 βασιλείᾳ
936 2010 1029 2062 τοῦ
1056 2008 1210 2064 Θεοῦ.

545 2101 777 2164 Πολλοὺς
812 2102 906 2171 μὲν
927 2098 1018 2154 οὖν
1051 2101 1348 2171 κεκλῆσθαι
1376 2101 1522 2169 λέγει
1550 2101 1636 2153 διὰ
1668 2101 1765 2169 τῆς
1800 2099 2041 2170 παραϐο-

470 2191 567 2262 λῆς
618 2192 710 2244 ἐπὶ
736 2193 796 2245 τὸ
827 2194 971 2260 μέγα
996 2194 1229 2255 δεῖπνον,
1268 2194 1360 2244 καὶ
1399 2194 1488 2244 τὸν
1518 2194 1576 2244 ἐν
1604 2192 1777 2261 τούτῳ
1809 2191 2040 2261 δεδωρη-

474 2285 633 2353 μὲνον
659 2285 839 2354 ἀρτον,
873 2284 946 2355 μὴ
984 2285 1088 2355 μὴν
1120 2286 1245 2347 τοὺς
1273 2285 1479 2347 πάντας
1516 2286 1613 2354 τῆς
1653 2284 1871 2354 χάριτος
1921 2284 2041 2334 ἐπι-

469 2375 754 2445 τυγχάνειν
777 2393 789 2404 ·
825 2375 1240 2445 ἀποστερεῖσθαι
1277 2374 1385 2445 γάρ
1426 2373 1595 2442 αὐτῆς
1628 2373 1733 2425 τῶν
1768 2372 2037 2443 κεκλημέ-

469 2482 575 2517 νων
606 2467 730 2529 τούς
765 2468 890 2538 περὶ
923 2467 1107 2537 ἕτερον
1153 2467 1591 2536 ήσχολημένους·
1629 2466 1899 2536 περισπᾷν
1931 2464 2039 2534 γάρ

470 2559 560 2609 καὶ
593 2558 850 2625 ἀφέλκειν
893 2557 991 2627 τῆς
1036 2559 1277 2627 κλήσεως
1320 2559 1416 2619 τὰς
1444 2556 1536 2610 τοῦ
1585 2557 1698 2626 βίου
1756 2555 2039 2626 φροντίδας

467 2649 738 2703 διδάσκει·
790 2652 991 2713 ταύτας
1041 2651 1083 2702 δ’
1140 2646 1277 2702 εἶναι
1321 2648 1703 2719 διαφόρουςοῆ
1755 2648 1862 2718 γὰρ
1912 2650 2038 2718 περὶ

468 2742 722 2811 χρήματα
764 2740 859 2792 καὶ
888 2740 1091 2811 ἀγροὺς
1136 2739 1521 2809 ἀσχολούμενοι
1570 2739 1741 2791 ταῦτα
1774 2741 1871 2808 τῆς
1904 2738 2036 2807 κλή-

470 2848 604 2895 σεως
633 2833 1113 2902 προτετιμήκασιν,
1144 2830 1219 2893 ὡς
1258 2831 1697 2901 παραιτήσασθαι
1740 2829 1826 2882 διὰ
1868 2829 2036 2881 ταῦτα

466 2921 565 2991 τὴν
593 2919 801 2991 κλῆσιν,
838 2922 870 2992 ἢ
910 2922 1037 2991 περὶ
1064 2922 1162 2983 τάς
1186 2920 1279 2972 τοῦ
1313 2919 1428 2989 βίου
1463 2919 1844 2990 πραγματείας
1873 2936 2038 2972 κατα-

466 3013 791 3085 τριϐόμενοι,
819 3013 851 3083 ἢ
889 3011 1070 3083 δεσμῷ
1093 3012 1271 3082 γάμου
1307 3012 1400 3064 καὶ
1422 3011 1626 3064 παίδων
1658 3010 2035 3081 ἐμπεπλεγμέ-

466 3120 566 3161 νοι.
602 3103 795 3173 ήτισιν
827 3102 1005 3164 ἄλλοις
1028 3102 1288 3163 τοιούτοις
1316 3100 1715 3171 φροντίσμασιν
1746 3098 2035 3169 ὲνησχολη-

2072 1864 2113 1917 Β

2148 634 2201 687 in
2235 632 2499 700 principio
2529 631 2667 699 apud
2698 631 2862 682 Deum
2892 628 3201 681 exsistentis
3228 624 3639 695 participatione
3658 636 3708 673 m

2147 724 2394 778 universa
2448 733 2759 775 sanctorum
2808 720 3082 773 rationalis
3133 728 3324 772 natura
3373 704 3723 769 vivificatur.'

2144 818 2324 882 Atque
2387 814 2500 866 haec
2556 826 2687 865 sane
2747 810 2959 864 videtur
3013 810 3141 862 mihi
3207 824 3237 861 a
3274 806 3710 876 praecedentibus

2148 903 2409 956 doctrinis
2434 902 2657 954 edoctus
2704 900 2861 953 homo
2902 899 3010 962 ille,
3049 900 3140 967 qui
3175 913 3295 951 cum
3326 894 3449 950 Jcsu
3477 897 3711 949 discum-

2145 993 2328 1055 behal,
2367 992 2566 1045 dixisse
2599 1009 2612 1043 :
2645 989 2841 1043 Beatus
2858 990 2947 1059 qui
2991 1005 3173 1055 panem
3207 988 3434 1040 comedet
3470 987 3524 1038 in
3555 1001 3710 1055 regno

2147 1083 2278 1137 Dei!
2340 1082 2521 1149 Neque
2573 1084 2716 1135 enim
2773 1079 3057 1149 gregarius
3111 1078 3288 1146 quivis
3343 1078 3480 1130 hanc
3530 1075 3711 1128 emisit

2148 1188 2359 1235 vocem,
2390 1174 2480 1226 sed
2505 1183 2561 1225 ut
2591 1171 2824 1224 arbitror
2850 1168 3161 1238 principalis
3206 1167 3400 1233 aliquis
3446 1166 3587 1219 inter
3613 1179 3710 1219 eos

2148 1263 2237 1331 qui
2280 1278 2308 1313 a
2347 1262 2633 1315 Servatore
2686 1258 2933 1313 honorati
2982 1257 3219 1311 fuerant.
3272 1255 3451 1321 Quare
3496 1263 3707 1308 etcum

2148 1354 2236 1408 illo
2262 1353 2626 1415 recumbebat,
2654 1360 2706 1404 et
2727 1350 2843 1418 ejus
2866 1348 3203 1402 sermooibus
3222 1345 3511 1415 prudenter
3534 1344 3712 1395 admo-

2147 1445 2271 1496 dum
2307 1452 2538 1496 mentem
2596 1442 2939 1501 intendebat,
2971 1447 3028 1491 ut
3056 1437 3164 1502 jam
3211 1451 3309 1489 nec
3356 1450 3574 1504 regnum
3617 1432 3707 1487 Dei

2148 1536 2437 1603 ignoraret,
2493 1534 2601 1586 imo
2642 1542 2697 1587 et
2742 1532 2889 1585 illum
2942 1541 3125 1583 nosset
3180 1530 3300 1581 vita:
3352 1543 3565 1595 panem,
3618 1524 3708 1593 qui

2148 1642 2312 1694 regno
2343 1627 2532 1693 dignos
2560 1625 2765 1678 nutrit:
2798 1633 3054 1692 tantaque
3086 1621 3276 1674 fiducia
3301 1627 3439 1681 erat,
3472 1630 3527 1670 ut
3566 1616 3708 1685 apud

2147 1712 2318 1783 ipsum
2348 1712 2692 1767 Servatorem
2742 1712 3101 1780 dogmaticam
3153 1709 3501 1776 qna'stionem
3561 1721 3712 1759 com-

2148 1806 2373 1859 m0verit
2407 1823 2419 1857 :
2453 1822 2619 1874 quare
2642 1815 2693 1859 et
2718 1805 2834 1874 ejus
2874 1804 3041 1872 gratia
3080 1812 3244 1854 totam
3274 1802 3529 1853 Servator
3557 1798 3712 1853 insti-

2146 1899 2247 1950 tuit
2297 1897 2631 1966 parabolam,
2691 1897 2913 1958 docens,
2964 1894 3210 1965 quisnam
3268 1902 3411 1947 esset
3460 1890 3546 1945 hic
3586 1904 3711 1945 vere

2144 1990 2352 2053 beatus,
2384 1990 2472 2057 qui
2501 2004 2691 2056 panem
2723 1990 2970 2041 comedet
3006 1988 3057 2039 in
3101 2002 3265 2055 regno
3293 1986 3408 2039 Dei.

2213 2079 2406 2133 Multos
2442 2095 2574 2146 ergo
2602 2080 2653 2132 in
2697 2079 2949 2147 parabola
2980 2080 3055 2133 ait
3090 2079 3153 2131 ad
3193 2094 3441 2147 magnam
3496 2091 3709 2132 caenam

2140 2181 2382 2232 vocatos,
2412 2179 2573 2237 atque
2605 2171 2669 2223 ad
2705 2184 2895 2239 panem
2937 2171 2987 2223 in
3024 2170 3124 2224 hac
3158 2171 3459 2238 appositum
3492 2186 3506 2231 ;
3545 2177 3705 2223 czete-

2142 2262 2290 2328 roqui
2316 2261 2452 2313 haud
2481 2276 2670 2314 omnes
2701 2262 2870 2329 gratia
2914 2262 3146 2329 potitos;
3177 2262 3275 2314 hac
3306 2260 3447 2312 enim
3472 2259 3712 2313 caruisse

2139 2359 2359 2403 vocatos
2416 2349 2554 2411 illos,
2588 2350 2677 2418 qui
2738 2350 2858 2405 aliis
2934 2352 3162 2419 negotiis
3210 2349 3428 2403 distenti
3470 2348 3708 2412 fuerunt,

2142 2443 2447 2496 multifariis
2469 2442 2707 2507 scilicet;
2744 2459 2865 2496 nam
2899 2444 2980 2496 vel
3032 2442 3255 2511 pecunia
3303 2443 3561 2512 agrisque
3612 2458 3709 2496 oc-

2138 2536 2336 2603 cupati,
2368 2534 2636 2589 vocationi
2670 2549 2799 2602 opes
2834 2534 3209 2601 pnetulerunt,
3244 2535 3353 2586 imo
3381 2532 3515 2586 adeo
3544 2548 3708 2587 voca-

2142 2626 2340 2681 tionem
2395 2642 2505 2694 praz
2554 2628 2636 2681 his
2681 2628 2957 2694 deprecati
2999 2639 3158 2692 sunt;
3214 2627 3296 2680 vel
3330 2628 3448 2681 vita:
3479 2628 3710 2696 negotiis

2141 2718 2331 2784 pressi,
2362 2716 2443 2768 vel
2485 2719 2797 2785 nuptiarum
2853 2719 3127 2786 prolisque
3169 2718 3395 2771 vinculis
3444 2719 3705 2786 impediti,

2137 2808 2219 2861 vel
2249 2808 2368 2860 aliis
2398 2808 2630 2876 denique
2662 2809 2710 2861 id
2743 2824 2913 2878 genus
2967 2811 3113 2863 curis
3163 2810 3380 2863 irretiti.
3428 2813 3600 2877 Atque
3654 2810 3706 2863 in

2141 2897 2240 2951 hos
2271 2898 2372 2950 lata
2408 2898 2675 2952 sententia
2711 2900 2855 2953 hisce
2880 2900 3058 2953 verbis
3086 2911 3209 2953 est:
3246 2901 3372 2955 Dico
3396 2903 3571 2964 vobis,
3609 2918 3709 2956 ne-

2139 2991 2333 3042 minem
2365 2991 2574 3043 illorum
2614 2992 2879 3055 virorum,
2923 2992 3039 3059 qui,
3082 3007 3202 3045 cum
3234 2992 3409 3046 vocati
3452 2992 3709 3057 fuissent,

2139 3081 2260 3133 vita:
2285 3082 2665 3148 occupationes
2696 3093 3111 3144 eu'usavernnt,
3141 3098 3347 3137 cmnam
3400 3100 3572 3138 meam
3611 3100 3710 3155 gn-

469 3195 639 3264 μένοι.
690 3194 849 3245 Ἀλλά
882 3194 1008 3264 περὶ
1040 3193 1135 3262 μὲν
1159 3190 1363 3245 τούτων
1386 3192 1659 3260 ἀπόφασις
1691 3192 2033 3262 ἐξενήνεκται

2138 3182 2423 3227 staturum.
2462 3172 2630 3227 Porro
2663 3174 2795 3228 alios
2835 3190 2895 3228 ea
2924 3174 3179 3231 fruiturus
3214 3179 3290 3230 ait
3338 3178 3495 3231 rebus
3524 3179 3711 3246 hujus-

464 3284 725 3352 λέγουσα·
760 3285 915 3352 Λέγω
970 3286 1123 3354 ὑμῖν,
1164 3285 1242 3336 ὃτι
1290 3283 1461 3346 οὐδεὶς
1510 3283 1615 3335 τῶν
1655 3283 1859 3353 ἀνδρῶν
1898 3284 2034 3335 ὲκεί-

467 3393 574 3428 νων
611 3375 719 3427 τῶν
759 3376 1144 3447 κεκλημένων,
1186 3377 1279 3428 καὶ
1317 3376 1404 3428 διά
1445 3376 1541 3437 τὰς
1582 3375 1835 3445 βιωτικάς
1878 3378 2038 3445 ἀσχο-

463 3466 585 3530 λίας
637 3468 1130 3538 παραιτησαμένων
1186 3468 1439 3538 γεύσεταί
1502 3485 1600 3538 μου
1654 3468 1745 3521 τοῦ
1787 3469 2031 3521 δείπνου·

465 3559 683 3630 ἑτέρους
722 3558 777 3612 δὲ
815 3560 927 3612 ἀντ’
957 3559 1134 3613 αὐτῶν
1179 3560 1576 3613 ἀπολαύσεσθαι
1626 3560 1720 3613 τοῦ
1767 3560 2033 3630 μακαρίου

463 3649 678 3702 δείπνου
709 3650 861 3719 φησὶ,
881 3651 1005 3712 τοὺς
1035 3649 1108 3721 μὴ
1138 3650 1395 3713 τοιούτοις
1427 3651 1537 3702 τισὶ
1560 3650 2033 3721 προσδεδεμένους,

466 3742 711 3813 πτωχούς
734 3759 884 3805 τινας
923 3743 1015 3794 καὶ
1043 3744 1377 3814 ἀναπήρους.
1409 3744 1650 3796 Τοιοῦτοι
1675 3743 1730 3795 δὲ
1759 3738 1897 3813 ἦσαν
1931 3744 2033 3796 πά-

463 3835 549 3887 λαι
593 3835 1095 3904 είδωλολατροῦντες
1135 3838 1182 3887 οἱ
1216 3836 1273 3901 ἐξ
1308 3836 1474 3888 ἐθνῶν
1506 3835 1609 3888 ὐπὸ
1642 3836 1909 3905 δαιμόνων
1940 3854 2034 3888 πο-

462 3925 642 3994 νηρῶν
677 3925 771 3987 τὰς
818 3924 991 3995 ψυχὰς
1031 3924 1428 3995 λελωϐημένοι·
1476 3925 1567 3989 οὓς
1625 3925 1928 3987 ἀκολούθως
1966 3930 2030 3997 τῇ

464 4018 764 4089 ἐπαγγελίᾳ
807 4018 1235 4089 προσδεξάμενος
1287 4019 1313 4070 ὀ
1364 4018 1657 4088 ἑστιάτωρ,
1710 4020 1885 4072 πᾶσαν
1932 4020 2031 4087 τὴν

464 4112 615 4163 νόσον
645 4110 751 4163 τῶν
784 4109 968 4181 ψυχῶν
995 4109 1191 4171 αὐτῶν,
1225 4110 1318 4163 καὶ
1350 4110 1616 4180 μαλακίαν
1659 4113 1837 4164 πᾶσαν
1882 4112 2033 4164 ἰασά-

467 4219 643 4273 μενος,
694 4201 882 4254 έπειτα
930 4202 1029 4271 τῆς
1072 4201 1276 4265 οἰκείας
1326 4203 1506 4265 αὐτοῖς
1556 4200 1851 4272 μεταδώσει
1901 4219 2031 4271 τρα-

466 4292 669 4362 πέζης·
704 4291 830 4344 ὥστ’
868 4293 1040 4343 εἰπεῖν
1085 4290 1311 4354 αὐτούς·
1371 4292 1731 4359 ’Πτοίμασιις
1773 4290 2030 4343 ἐνώπιόν

457 4401 576 4451 μου
607 4382 895 4452 τράπεζαν
918 4383 985 4447 ἐξ
1020 4384 1298 4449 ἐναντίας
1324 4383 1439 4436 τῶν
1467 4383 1790 4437 θλιϐόντων·
1805 4400 1881 4451 με
1897 4401 1908 4412 ·
1930 4384 2027 4435 καὶ

462 4476 623 4548 ἄρτον
654 4478 832 4539 αὐτοῖς
866 4478 1086 4548 παρέξει
1121 4478 1213 4530 καὶ
1249 4476 1469 4545 λογικὴν
1509 4476 1711 4545 τροφήν
1732 4491 1745 4505 ·
1779 4473 2025 4526 ἐντεῦθεν

461 4568 561 4638 ῆδη
597 4568 819 4637 στερεᾶς
866 4566 1115 4637 βρώσεως
1165 4567 1474 4638 μεταδιδοὺς
1522 4567 1721 4628 αὐτοῖς,
1768 4566 1862 4617 καὶ
1896 4565 2026 4635 οἴνῳ

459 4656 515 4709 δὲ
544 4656 735 4719 αὐτοὺς
769 4656 1025 4726 εὐφρανεῖ
1047 4654 1244 4725 λογικῷ
1265 4674 1277 4685 ·
1310 4656 1437 4709 ὥστ’
1468 4655 1532 4709 ἂν
1563 4658 1733 4708 εἰπεῖν
1761 4672 1775 4686 ·
1818 4654 1925 4707 Καὶ
1962 4655 2027 4706 τὸ

459 4745 742 4817 ποτήριόν
759 4763 875 4801 σου
885 4750 1189 4815 μεθύσκον
1202 4765 1278 4815 με
1305 4748 1444 4800 ὡσεὶ
1470 4745 1816 4816 κράτιστον]
1845 4743 2026 4797 Ταῦτα

459 4840 513 4894 δὲ
546 4841 721 4894 πάντα
766 4840 1021 4909 παρέχει,
1072 4840 1198 4901 τοὺς
1238 4839 1557 4910 ἀρραϐῶνας
1608 4838 1715 4892 τῶν
1763 4839 2026 4909 οὐρανίων

459 4931 677 4999 ἀγαθῶν
700 4931 787 4983 διά
821 4930 926 4982 τῶν
957 4928 1097 4983 κατά
1134 4929 1222 4981 τὸν
1265 4930 1503 5000 παρόντα
1537 4930 1646 4999 βίον
1673 4932 2023 5001 χαρισμάτων

460 5024 638 5086 αὐτοῖς
679 5021 1032 5092 δωρούμενος.
1087 5021 1316 5073 Δυνατὸν
1354 5020 1408 5072 δὲ
1437 5023 1527 5073 καὶ
1565 5021 1682 5073 καθ’
1711 5021 1900 5093 ἑτέραν
1934 5023 2025 5073 ἐκ-

458 5113 617 5184 δοχὴν
651 5116 842 5176 είπεῖν,
875 5114 954 5165 ὅτι
987 5115 1034 5164 οἱ
1069 5110 1273 5181 πρῶτοι
1306 5110 1404 5181 τῆς
1437 5112 1677 5180 κλήσεως
1704 5112 2018 5181 ἠξιωμένοι,

458 5194 600 5252 οὗτοι
642 5199 687 5251 δ’
720 5195 858 5269 ἦσαν
898 5202 947 5252 οἱ
987 5201 1049 5251 ἐκ
1096 5199 1195 5267 τῆς
1243 5199 1561 5269 περιτομῆς,
1617 5201 1883 5269 προφάσει
1924 5201 2022 5269 τῆς

460 5292 599 5363 περὶ.
619 5292 679 5344 τὸ
721 5296 964 5363 κρεῖττον
993 5293 1247 5363 ἀσχολίας
1289 5292 1385 5363 τὴν
1418 5292 1607 5361 κλῆσιν
1649 5291 1909 5363 ὐὸρισαν·
1946 5293 2020 5356 ὡς

456 5383 565 5455 γάρ
608 5381 819 5451 ἔχοντες
851 5382 1053 5452 ἀγροὺς
1091 5382 1160 5435 τά
1205 5385 1329 5453 παρ’
1362 5383 1542 5445 αὐτοῖς
1588 5381 2017 5452 ἀναγνώσματα,

456 5474 549 5529 καὶ
581 5473 657 5537 ὡς
697 5473 820 5543 βόας
869 5476 1141 5545 ἀροτῆρας
1187 5476 1509 5546 κεκτημένοι
1551 5476 1675 5537 τοὺς
1715 5476 2015 5544 προφήτας,

2145 3265 2284 3317 modi
2329 3265 2547 3319 minime
2577 3268 2860 3328 obnoxios,
2896 3283 3089 3338 nempe
3143 3270 3412 3323 tenuiores
3444 3272 3703 3338 quosdam

2139 3369 2191 3411 et
2225 3359 2478 3411 membris
2524 3360 2759 3413 mutilos.
2817 3360 2989 3413 Erant
3043 3370 3219 3414 autem
3260 3362 3310 3415 hi
3366 3361 3533 3415 dediti
3579 3363 3704 3416 olim

2140 3449 2295 3503 idolis
2340 3450 2560 3511 ethnici,
2611 3466 2838 3517 quorum
2910 3452 3120 3504 animas
3173 3452 3386 3504 scelesti
3439 3452 3710 3509 tlzetnones

2140 3555 2296 3592 mane
2349 3541 2739 3595 mulctaverant
2788 3561 2799 3596 :
2840 3559 2974 3613 quos
3005 3545 3235 3598 convivii
3271 3554 3461 3599 anctor
3491 3562 3587 3615 pro
3611 3563 3707 3602 sua

2138 3632 2541 3686 denuntiatione
2607 3645 2900 3702 exceptos,
2970 3637 3114 3689 omni
3176 3638 3340 3693 animi
3399 3642 3587 3694 morbo
3643 3655 3708 3695 ac

2136 3722 2394 3792 languore
2420 3725 2710 3791 expedivit.
2747 3726 2943 3780 Deinde
2969 3743 3098 3781 vero
3132 3744 3330 3783 mensae
3360 3745 3573 3800 quoque
3605 3733 3702 3784 ad-

2137 3815 2360 3880 hibebit,
2392 3815 2474 3869 lita
2531 3825 2587 3869 ut
2633 3816 2707 3869 illi
2758 3818 2962 3872 dicturi
2992 3819 3095 3872 sint
3122 3839 3134 3873 :
3175 3818 3388 3875 Parasti
3418 3838 3593 3875 coram
3626 3840 3707 3878 mc

2134 3921 2366 3959 mensam
2424 3912 2670 3959 adversus
2704 3925 2788 3961 eos
2818 3911 2907 3975 qui
2942 3910 3191 3963 tribulam
3224 3928 3303 3966 me
3344 3913 3407 3966 ¹⁷.
3447 3912 3582 3967 Tum
3611 3930 3705 3984 pa-

2136 4011 2256 4049 nem
2310 3997 2415 4050 illis
2464 4008 2624 4066 atque
2670 3999 2981 4053 alimoniam
3040 4001 3334 4069 spiritalem
3402 4004 3704 4072 praebebit:

2134 4099 2297 4157 atque
2329 4088 2450 4140 hinc
2503 4089 2673 4141 solido
2714 4089 2824 4156 jam
2861 4090 2983 4144 cibo
3012 4093 3281 4159 impertiet
3314 4110 3425 4161 eos,
3463 4106 3517 4149 et
3545 4096 3704 4151 intel-

2132 4178 2337 4232 lectnali
2380 4179 2710 4234 exhilarabit
2760 4182 2908 4235 vino.
2952 4184 3131 4248 Quare
3190 4187 3403 4240 dicent:
3457 4187 3524 4240 Et
3558 4188 3705 4244 calix

2133 4284 2253 4327 tuus
2302 4277 2563 4327 inebrians
2602 4290 2756 4343 quant
2814 4276 3102 4340 prmelarus
3133 4287 3212 4331 est
3237 4279 3315 4331 ‘3!
3369 4281 3544 4349 Atque
3588 4282 3701 4337 haec

2133 4366 2311 4419 omnia
2346 4365 2485 4420 Deus
2515 4366 2844 4433 suppeditat,
2875 4367 2997 4418 dum
3031 4369 3159 4435 ipsis
3190 4369 3493 4423 cmlestinm
3531 4372 3702 4425 hono-

2136 4472 2249 4509 rum
2279 4457 2471 4509 arrhas
2498 4456 2548 4509 in
2584 4458 2875 4523 hujusvitre
2906 4460 3218 4511 muneribus
3239 4459 3518 4529 elargilur.
3552 4460 3703 4517 Licet

2061 4551 2342 4616 unoque
2396 4548 2689 4601 secundum
2745 4548 2903 4600 aliam
2949 4549 3447 4617 interpretationem
3495 4554 3699 4617 dicere,

2136 4640 2338 4708 primos
2390 4639 2667 4694 vocatione
2717 4642 3000 4710 dignanter
3048 4644 3273 4698 donatos
3316 4643 3478 4699 fuisse
3516 4645 3609 4713 qui
3637 4647 3703 4702 de

2134 4730 2541 4785 circumcisione
2567 4741 2763 4795 erant;
2791 4746 2975 4785 verum
3014 4734 3065 4786 hi
3102 4732 3226 4787 dum
3267 4736 3580 4790 melioribus
3609 4754 3702 4793 oc-

2132 4830 2354 4886 cupatos
2380 4836 2435 4872 se
2466 4820 2735 4886 dictitant,
2775 4823 3109 4876 vocationem
3145 4827 3471 4880 contumelia
3505 4827 3696 4883 affece-

2131 4920 2293 4965 runt:
2328 4912 2691 4981 habentesque
2724 4914 2887 4968 veluti
2910 4931 3069 4983 agros
3098 4919 3238 4985 apud
3270 4934 3327 4972 se
3362 4919 3693 4989 Scripturas,

2130 5014 2373 5059 aratores
2426 5005 2587 5060 boves
2638 5008 2947 5075 prophetas,
2989 5010 3370 5078 sapientiaeque
3424 5012 3699 5077 convictu,

2131 5097 2311 5150 uxoris
2351 5097 2541 5162 instar,
2588 5107 2820 5162 utentes,
2862 5101 3226 5170 evangelicam
3264 5102 3492 5171 gratiam
3534 5102 3687 5158 ﬂocci

2129 5187 2392 5243 fecerunt.
2430 5191 2529 5257 Qui
2564 5207 2693 5245 vero
2726 5203 2847 5261 post
2880 5193 2997 5247 illos
3027 5209 3092 5247 ex
3133 5194 3453 5263 alienigenis
3480 5195 3693 5264 populis

2128 5288 2302 5341 vocati
2340 5289 2574 5352 fuerunt,
2609 5299 2787 5343 mente
2820 5300 2974 5343 antea
3011 5289 3159 5344 surdi
3206 5288 3464 5358 caecique,
3490 5290 3685 5343 alacri-

2129 5386 2211 5432 ter
2274 5380 2645 5435 obaudierunt.
2710 5381 2890 5448 Quare
2938 5392 2992 5437 et
3053 5380 3437 5437 beatitudinem
3486 5379 3693 5437 eonse-l

2124 5483 2375 5539 qncntur.

455 5567 548 5619 καὶ
582 5564 658 5628 ὡς
697 5564 764 5619 ἂν
800 5564 961 5634 σοφίᾳ
991 5567 1096 5618 τινι
1128 5559 1215 5618 οἷα
1247 5567 1462 5633 γυναικὶ
1497 5563 1865 5635 συμϐιοῦντες,
1910 5562 2005 5632 τὴν
2057 5563 2411 5636 εὐαγγελικήν
2447 5560 2794 5637 ἐξηυτέλισαν
2838 5568 3025 5640 χάριν·
3076 5568 3124 5619 οἱ
3168 5566 3224 5621 δὲ
3276 5568 3391 5637 μετ’
3449 5564 3693 5631 ἐκείνους

527 5759 568 5792 ¹⁶
602 5757 755 5814 Joan.
789 5774 861 5825 vt,
888 5758 975 5813 35.
1056 5759 1095 5791 ³⁷
1127 5756 1261 5813 l’sal.
1291 5774 1422 5829 χχιι,
1456 5762 1543 5817 5.’
1588 5761 1627 5791 ’⁸
1655 5734 1780 5817 ibid.
