4116 6442
381 391 492 450 575

1069 391 1338 447 EUSEBH
1376 391 1860 468 CIESARIENSIS
1897 393 2049 449 OPP.
2091 393 2275 449 PARS
2309 392 2418 450 11L:
2441 417 2511 434 ’-
2551 389 2964 448 EXEGETICA.

3543 393 3648 447 576

379 507 453 558 ἐκ
488 502 598 556 τῶν
626 500 938 570 ἀλλοφύλων
963 499 1132 554 ἐθνῶν
1173 501 1484 571 κληθέντες,
1533 505 1581 556 oi
1635 505 1763 576 πρὶν
1786 503 1884 568 τὰς
1951 504 2188 568 διανοίας
2245 503 2416 573 κωφοὶ
2452 505 2546 556 καὶ
2587 500 2798 569 τυφλοῖ,
2849 499 3142 578 προθύμως
3180 501 3527 572 ὑπήκουσαν
3565 501 3647 556 διὸ

387 597 484 650 καὶ
512 593 606 647 τοῦ
636 590 984 664 μακαρισμοῦ
1014 591 1310 654 τεύξονται.

463 683 808 739 Existimabit
834 683 1064 736 fortasse
1093 684 1291 752 aliquis
1317 685 1562 740 eamdem
1591 701 1711 742 esse
1736 687 1952 756 parabo-

2141 687 2354 754 Δόξειεν
2390 685 2501 758 (65)
2523 687 2588 741 ἀν
2618 703 2704 750 τις
2744 683 2843 756 τὴν
2862 682 3031 755 αὐτὴν
3070 678 3208 736 εἶναι
3237 683 3551 755 παραϐολὴν
3578 687 3646 756 τῇ

387 777 496 831 iam
527 791 647 847 qua:
691 775 830 844 apud
871 775 1202 840 Mattltteum,
1230 776 1281 830 in
1313 792 1421 846 qua
1469 793 1563 832 rex
1591 778 1688 836 filii
1718 780 1800 834 sui
1828 793 1964 848 nup-

389 867 494 920 tias
546 865 696 932 facil,
743 883 1040 937 servosque
1086 870 1316 926 dimittit
1371 873 1658 928 invitatum
1687 875 1961 932 convivas.

396 959 777 1014 Verumtamen
816 961 861 1014 is
883 962 972 1030 qui
1007 977 1110 1015 non
1135 965 1504 1034 perfunctorie
1535 967 1716 1020 studio
1751 966 1962 1036 legerit,

385 1052 758 1118 deprehendet
787 1055 984 1108 mentis
1023 1056 1326 1111 attentione
1358 1058 1669 1126 parabolam
1723 1058 1864 1112 hanc
1897 1059 1964 1112 ab

387 1142 478 1198 illa
513 1160 735 1215 prorsus
771 1145 1007 1202 differre.
1037 1146 1281 1219 Namque
1312 1149 1400 1204 illa
1435 1149 1669 1204 Mattbaai
1700 1149 1960 1205 ctelorum

385 1247 514 1290 ante
542 1238 723 1291 omnia
753 1255 918 1308 regno
947 1255 1009 1293 ea
1037 1255 1160 1310 quae
1187 1242 1445 1297 dicuntur
1485 1253 1765 1312 comparat
1810 1261 1824 1310 ;
1874 1244 1960 1298 hic

387 1329 521 1384 nihil
553 1329 817 1398 ejusmodi
844 1333 923 1386 lit.
956 1331 1068 1387 Illic
1092 1335 1326 1388 convivii
1380 1344 1574 1389 auctor
1608 1336 1812 1405 regiam
1845 1351 1964 1405 per-

383 1437 576 1478 sonam
615 1425 788 1492 gerit;
845 1425 932 1478 hic
968 1425 1212 1494 privatus
1257 1427 1419 1481 homo
1453 1427 1840 1481 introducitur.
1889 1427 1961 1481 lbi

385 1515 602 1582 nuptias
632 1515 727 1569 ﬁlii
757 1532 848 1570 rex
878 1517 1142 1582 celebrat,
1171 1519 1258 1572 hic
1285 1519 1517 1588 simplex
1555 1535 1710 1574 caena
1743 1531 1848 1574 est.
1884 1519 1961 1574 lbi

388 1606 540 1660 mttlti
571 1607 841 1678 legatione
875 1611 1194 1680 funguntur,
1229 1611 1318 1664 hic
1349 1627 1489 1666 unus
1535 1621 1761 1665 vocator
1795 1611 1964 1665 mitti-

385 1707 496 1754 tur.
526 1699 598 1753 lbi
632 1701 827 1768 partim
861 1701 1118 1756 socordes
1148 1703 1334 1758 venire
1363 1703 1742 1773 neglexerunt,
1765 1702 1962 1772 partim

384 1791 550 1846 etiam
581 1808 765 1847 servos
792 1793 1138 1848 contumeliis
1165 1794 1802 1851 aﬂ'cctosinteremerunt
1825 1811 1839 1858 ;
1876 1795 1964 1850 hic

384 1885 548 1938 unice
572 1884 868 1938 obtendunt
897 1887 1331 1954 occupationem,
1380 1895 1440 1941 ut
1487 1902 1548 1942 se
1594 1887 1769 1941 vocati
1801 1901 1962 1940 excu-

383 1983 530 2028 sent.
569 1973 774 2028 Rursus
809 1974 882 2028 ibi
921 1988 1013 2028 rex
1042 1976 1339 2030 exercitum
1369 1986 1674 2032 commovet
1703 1977 1960 2032 adversus

385 2080 668 2120 servorum
699 2081 918 2120 suorum
971 2065 1374 2130 interfectores,
1423 2069 1513 2124 hic
1569 2070 1730 2124 homo
1764 2085 1958 2138 qnam-

384 2157 467 2210 vis
497 2157 670 2211 iratus
697 2157 1076 2213 recusantibus
1104 2159 1372 2223 invitatis,
1423 2161 1556 2214 nihil
1584 2161 1846 2228 ejusmodi
1877 2161 1958 2228 fa-

379 2247 494 2302 cit:
528 2262 688 2302 servo
725 2259 902 2302 tamen
926 2265 1025 2304 suo
1055 2251 1296 2314 mandat,
1327 2261 1383 2305 ut
1409 2267 1673 2322 pauperes
1699 2263 1753 2308 et
1785 2270 1958 2308 ment-

383 2340 497 2394 bris
524 2341 738 2395 mutilos
774 2350 832 2396 et
878 2356 1053 2397 caecos
1093 2353 1378 2399 convocet.
1424 2343 1496 2398 At
1526 2345 1615 2398 ille
1641 2347 1731 2414 qui
1765 2349 1832 2400 ad
1862 2347 1958 2404 lilii

381 2430 597 2500 nuptias
637 2433 823 2486 invitat
858 2449 972 2498 rex,
1001 2433 1216 2490 fatnulis
1250 2435 1497 2506 pluribus
1533 2438 1742 2490 utitur:
1780 2455 1957 2510 neque

381 2535 664 2590 pauperes,
695 2523 951 2577 membris
981 2526 1228 2592 tnntilos,
1283 2541 1481 2590 cwcos,
1539 2528 1764 2584 claudos
1801 2534 1867 2585 ad
1897 2546 1958 2586 se

379 2614 563 2682 cogit:
598 2613 740 2667 hami
774 2615 918 2668 enim
943 2617 1104 2686 regiis
1135 2619 1340 2684 nuptiis
1376 2619 1510 2672 tales
1549 2620 1820 2676 interesse
1861 2623 1950 2678 in-

377 2705 582 2756 vitatas
623 2705 824 2758 dcenit.
875 2705 1010 2758 Ttnn
1063 2722 1094 2760 e
1129 2725 1354 2762 numero
1391 2710 1743 2763 convivarum
1767 2727 1957 2780 quent—

378 2793 504 2845 dant
540 2793 758 2860 indigna
787 2795 988 2863 nuptiis
1016 2805 1167 2850 veste
1213 2796 1460 2850 indutum
1512 2813 1603 2851 rex
1647 2801 1819 2866 punit.
1859 2803 1958 2856 De-

382 2884 545 2951 nique
570 2886 712 2953 quod
737 2897 824 2940 est
851 2873 1092 2941 omnium
1135 2889 1499 2958 potissimum,
1538 2890 1771 2946 Matlltari
1799 2911 1860 2960 pa
1873 2911 1955 2947 ra-

377 2974 502 3030 bola
545 2975 686 3030 intra
739 2977 997 3045 templum
1047 2980 1190 3033 dicta
1229 2979 1354 3047 fuit,
1393 2995 1575 3034 coram
1605 2985 1953 3053 pontificibus

379 3081 445 3120 ac
475 3067 654 3134 populi
713 3068 1021 3124 senioribus
1073 3071 1439 3128 concionante
1496 3073 1762 3130 Domino:
1798 3074 1953 3130 Lucae

379 3155 637 3224 parabola
666 3159 718 3210 in
749 3157 968 3212 Galilaea
999 3160 1140 3214 domi
1179 3160 1459 3226 cujusdam
1521 3164 1780 3233 principis
1811 3164 1953 3219 Pha-

380 3248 522 3301 risaei
571 3249 834 3316 privatam
892 3265 1106 3304 caenam
1153 3251 1398 3320 exhibet,
1439 3255 1766 3310 convivante
1810 3257 1949 3325 apud

2066 781 2219 852 παρὰ
2246 780 2326 851 τῷ
2359 779 2643 850 Ματθαίῳ,
2676 779 2735 831 ἐν
2834 775 3084 846 βασιλεύς
3105 776 3222 828 ἐστι
3248 774 3458 846 γάμους
3480 775 3648 828 ποιῶν

2063 870 2141 940 τῷ
2174 869 2274 941 υἱῷ
2302 869 2490 935 αὐτοῦ,
2522 871 2618 923 καὶ
2649 867 2866 930 δούλους
2899 864 3244 920 ἀποστέλλων
3276 865 3499 918 καλέσαι
3519 867 3646 930 τοὺς

2065 962 2457 1033 κεκλημένους.
2525 961 2584 1014 Ὁ
2637 959 2693 1014 δὲ
2757 960 2832 1031 μὴ
2889 957 3182 1030 παρέργως
3231 957 3513 1028 προσέχων
3578 959 3646 1027 τῇ

2065 1054 2371 1124 ἀναγνώσει
2406 1052 2558 1125 εὖροι
2603 1051 2670 1106 ἂν
2699 1051 2998 1122 ἐπιστήσας
3026 1050 3116 1102 τὸν
3149 1048 3274 1102 νοῦν
3304 1049 3648 1102 παντάπασιν

2063 1146 2508 1218 ἡλλοτριωμένην
2536 1143 2740 1214 ταύτην
2769 1143 3001 1213 ἐκείνης.
3038 1142 3102 1194 Ἢ
3129 1142 3226 1212 μὲν
3253 1141 3363 1211 γάρ
3392 1139 3542 1212 παρά
3568 1139 3647 1210 τῷ

2063 1237 2328 1308 Ματθαίῳ
2365 1236 2579 1308 πρῶτον
2615 1234 2870 1288 ἀπάντων
2897 1236 2962 1304 τῇ
2993 1231 3236 1303 βασιλείᾳ
3262 1232 3372 1286 τῶν
3399 1229 3646 1303 οὐρανῶν

2065 1328 2340 1401 παρέϐαλε
2366 1328 2434 1381 τὰ
2451 1327 2735 1397 λεγόμενα⁸
2769 1323 2928 1378 τοῦτο
2950 1323 2992 1377 δ’
3025 1323 3258 1376 ἐνταῦθα
3286 1323 3346 1376 οὐ
3373 1322 3644 1377 λέλεκται.

2063 1422 2238 1474 Κάκεῖ
2273 1419 2372 1489 μὲν
2405 1417 2685 1488 ἀφωμοίου
2719 1415 2812 1468 τὸν
2851 1415 3092 1486 κλήτορα
3134 1413 3363 1484 βασιλεῖ,
3412 1413 3646 1467 ἐνταῦθα

2061 1511 2119 1565 δὲ
2162 1511 2315 1582 ψιλὸν
2349 1509 2631 1581 ἄνθρωπον
2669 1507 2880 1576 εἰσάγει
2901 1524 2914 1537 ο
2960 1507 3119 1560 κάκεῖ
3170 1507 3266 1577 μέν
3311 1505 3522 1576 γάμους
3568 1505 3647 1576 τῷ

2063 1602 2165 1674 υἱῷ
2199 1604 2228 1656 6
2262 1601 2515 1672 βασιλεὺς
2560 1601 2754 1662 ἐτέλει,
2799 1597 3030 1652 ἐνταῦθα
3066 1599 3122 1652 δέ
3167 1596 3353 1660 ἁπλῶς
3390 1597 3604 1650 δεῖπνον
3627 1613 3642 1628 ·

2063 1697 2224 1749 κάκεῖ
2258 1694 2356 1766 μὲν
2390 1693 2574 1745 πολλοὶ
2605 1690 3044 1754 ἀποστέλλονται,
3081 1687 3315 1742 ἐνταῦθα
3348 1687 3406 1741 δὲ
3445 1683 3524 1751 εἷς
3550 1688 3648 1758 μό·-

2061 1801 2148 1848 νος
2188 1785 2282 1837 ἐπὶ
2309 1785 2408 1854 τὴν
2435 1781 2630 1851 κλῆσιν
2652 1781 2997 1852 ἐκπέμπεται
3018 1795 3032 1810 ο
3069 1779 3228 1832 κάκεῖ
3245 1779 3294 1831 οἱ
3322 1779 3420 1848 μὲν
3442 1777 3648 1849 ἀμελή-

2064 1892 2254 1938 σαντες
2291 1873 2389 1927 ούκ
2423 1875 2698 1944 ἀπήντων,
2740 1872 2789 1926 οἱ
2825 1871 2882 1924 δέ
2921 1870 3097 1924 λοιποὶ
3133 1871 3224 1922 καὶ
3264 1871 3390 1932 τοὺς
3429 1868 3645 1932 δούλους

2064 1967 2290 2039 ὕϐρισαν
2315 1966 2409 2020 καὶ
2434 1965 2760 2019 ἀπέκτειναν
2779 1980 2793 1990 ’
2827 1962 3060 2018 ἐνταῦθα
3086 1963 3142 2015 δὲ
3189 1962 3346 2032 μόνον
3375 1950 3645 2033 σκήπτον-

2063 2079 2151 2116 ται
2184 2060 2460 2130 ἀσχολίαν,
2490 2058 2916 2130 παραιτούμενοι
2952 2054 3054 2126 τὴν
3077 2054 3270 2124 κλῆσιν
3291 2071 3304 2084 ·
3337 2053 3454 2106 ἐκεῖ
3485 2052 3646 2106 πάλιν

2061 2155 2090 2206 6
2132 2153 2385 2224 βασιλεὺς
2431 2152 2750 2224 στράτευμα
2790 2151 2932 2202 κινεῖ
2978 2147 3118 2200 κατά
3151 2145 3260 2198 τῶν
3293 2147 3648 2218 ἀνῃρηκότων

2061 2243 2184 2306 τοὺς
2202 2241 2366 2294 αὑτοῦ
2393 2240 2636 2304 δούλουςσ
2671 2237 2904 2292 ἐνταῦθα
2923 2237 2978 2290 δὲ
3011 2239 3040 2289 6
3067 2235 3352 2306 ἄνθρωπος
3373 2235 3648 2308 ὀργισθεὶς

2060 2335 2153 2388 ἐπὶ
2177 2336 2242 2405 τῇ
2275 2333 2601 2404 παραιτήσει
2634 2331 2742 2384 τῶν
2764 2329 3140 2400 κεκλημένων,
3163 2329 3314 2382 οὐδὲν
3337 2329 3434 2399 μὲν
3467 2328 3639 2382 τοιοῦ-

2059 2443 2150 2479 τον
2187 2429 2352 2487 ποιεῖ,
2399 2424 2477 2496 τῷ
2509 2424 2553 2476 δ’
2579 2420 2773 2476 ἐαυτοῦ
2805 2420 2976 2491 δούλῳ
3028 2422 3355 2492 προστάττει
3399 2422 3647 2491 πτωχοὺς

2060 2519 2155 2571 καὶ
2197 2519 2510 2588 ἀναπήρους
2561 2515 2654 2569 καὶ
2695 2513 2926 2582 τυῳλοὺς
2976 2514 3308 2581 εἰσαγαγεῖν.
3361 2515 3420 2566 Ὀ
3456 2513 3511 2566 δέ
3554 2514 3646 2567 ἐπὶ

2058 2610 2186 2672 τοὺς
2233 2608 2444 2680 γάμους
2489 2605 2583 2659 τοῦ
2627 2603 2742 2658 υἱοῦ
2781 2602 3065 2672 συγκαλῶν
3110 2602 3384 2674 βασιλεὺς,
3439 2603 3642 2668 δούλοις

2060 2703 2299 2756 πλείοσιν
2331 2700 2624 2772 ὑπερέταις
2655 2698 2936 2770 χρώμενος
2955 2737 2968 2761 ,
3013 2699 3073 2750 ού
3107 2699 3358 2767 πτωχοὺς
3391 2699 3482 2752 καὶ
3509 2699 3639 2752 ἀνα-

2060 2797 2290 2868 πήρους,
2319 2793 2433 2847 ἀλλ’
2456 2791 2576 2846 οὐδέ
2601 2791 2834 2859 τυφλοὺς
2862 2790 2956 2844 καὶ
2972 2790 3179 2861 χωλοὺς
3209 2792 3434 2858 εἰσάγειο
3454 2790 3636 2862 ἐπειδὴ

2061 2889 2183 2960 μηδ’
2210 2887 2450 2958 ἔπρεπεν
2484 2883 2768 2954 ἐπικλήσει
2813 2883 2992 2952 γάμου
3040 2881 3318 2952 βασιλικοῦ
3370 2882 3638 2947 τοιούτους

2057 2983 2346 3052 παρεῖναι·
2402 2977 2708 3048 κληθέντων
2742 2976 2798 3028 δὲ
2829 2974 3058 3039 πολλῶν,
3105 2976 3197 3029 τὸν
3232 2977 3429 3043 ἀνάξια
3461 2977 3638 3047 γάμου

2056 3071 2402 3142 ἐνδεδυμένον
2445 3070 2474 3122 6
2520 3067 2769 3140 βασιλεὺς
2811 3071 3153 3140 τιμωρεῖται.
3199 3069 3272 3122 T6
3321 3069 3378 3122 δὲ
3423 3071 3642 3124 πάντων

2055 3163 2614 3234 κεφαλαιωδέστατον,
2637 3163 2719 3217 ὅτι
2757 3163 2790 3233 ἡ
2834 3161 2932 3232 μὲν
2965 3161 3118 3234 παρὰ
3138 3161 3214 3234 τῷ
3246 3161 3508 3234 Ματθαίῳ
3537 3181 3642 3216 πα-

2059 3257 2260 3331 ραϐολὴ
2287 3256 2432 3309 ἔνδον
2455 3257 2512 3308 ἐν
2540 3253 2616 3326 τῷ
2633 3253 2762 3325 ἱερῷ
2785 3254 3030 3317 λέλεκτο,
3056 3254 3190 3325 πρὸς
3207 3255 3334 3318 τοὺς
3352 3255 3646 3328 ἀρχιερέας

372 3351 498 3392 eum
533 3337 844 3395 Servatore.
881 3341 1019 3410 Ergo
1048 3341 1224 3398 Lucas
1253 3344 1335 3398 sic
1358 3343 1617 3414 prat‘fatlttt'
1649 3348 1949 3415 parabolarz

2059 3349 2150 3402 mi.
2192 3345 2595 3418 πρεσϐυτέρους
2629 3343 2722 3399 τοῦ
2755 3343 2884 3398 λαοῦ
2924 3343 3304 3414 διαλεγομένου
3337 3345 3432 3398 τοῦ
3463 3345 3644 3417 Σωτῆ-

375 3443 566 3496 nempe
593 3425 773 3482 Jesunt
797 3433 852 3484 itt
881 3431 1022 3487 a'des
1045 3433 1322 3502 cujusdam
1354 3451 1385 3490 e
1413 3434 1708 3492 Pharisazis
1737 3439 1952 3492 venisse

376 3527 436 3570 ut
491 3519 726 3573 Sabbuto
771 3521 950 3576 cibum
991 3535 1276 3590 sumeret;
1327 3526 1426 3582 bos
1479 3539 1658 3582 autem
1710 3542 1946 3586 mentem

376 3607 450 3662 illi
488 3610 802 3667 intendisse.
837 3613 972 3668 Tum
1015 3629 1204 3672 narrat
1251 3620 1533 3690 hydrOpici
1588 3623 1826 3677 hominis
1854 3639 1952 3677 cu-

375 3702 668 3765 rationem,
697 3711 860 3774 atque
894 3708 970 3761 ttti
1021 3706 1180 3764 Jesus
1224 3711 1472 3767 docuerit
1519 3715 1812 3786 quominus
1841 3716 1944 3784 pri-

375 3809 492 3848 mos
527 3799 807 3854 accubitus
836 3800 890 3854 in
922 3803 1190 3858 conviviis
1219 3804 1514 3870 ambirent,
1575 3822 1752 3877 neque
1804 3807 1950 3860 invi-

373 3892 670 3942 tarenteos
700 3903 730 3942 a
757 3891 957 3960 quibus
993 3893 1230 3948 vicissim
1285 3893 1549 3951 invitandi
1609 3897 1804 3962 lorent,
1855 3899 1948 3953 sed

367 3989 468 4030 eos
493 3982 673 4046 p0tins
700 3982 790 4050 qni
833 3987 1170 4040 remunerari
1199 3989 1511 4056 nequirent.
1539 3990 1728 4056 Addit,
1759 4005 1950 4058 quem-

373 4070 494 4124 dam
526 4085 556 4124 e
584 4072 1050 4128 discumbentihns
1079 4077 1192 4130 lucc
1225 4078 1534 4132 audientem
1566 4079 1794 4147 dixisse,
1821 4081 1948 4137 Bea-

368 4172 454 4218 tus
483 4166 573 4234 qui
604 4181 790 4232 partem
818 4171 1048 4222 comedet
1081 4169 1136 4222 in
1165 4185 1322 4238 regno
1359 4169 1454 4224 Dei
1491 4171 1513 4224 !
1553 4171 1735 4227 Iesum
1764 4182 1946 4232 autem

369 4255 450 4310 sic
471 4270 656 4309 orsum
677 4255 816 4326 loqui
839 4275 852 4310 :
874 4255 1050 4312 Homo
1078 4261 1293 4330 quidam
1317 4261 1439 4328 fecit
1461 4277 1659 4316 omnem
1677 4281 1944 4334 magnam.

371 4346 548 4418 Atque
577 4345 650 4402 ita
677 4345 851 4404 Lucas
883 4360 1208 4420 prmsentem
1256 4355 1572 4421 parabolam
1621 4358 1786 4412 tradit
1820 4373 1946 4412 nar-

371 4448 544 4492 ratam
577 4455 606 4492 a
637 4439 930 4496 Servatore
959 4443 1008 4496 ei
1032 4443 1122 4513 qni
1150 4443 1384 4510 dixerat,
1411 4444 1611 4500 Beatus
1641 4451 1729 4518 qui
1756 4467 1944 4519 panem

367 4534 604 4585 comedet
643 4535 700 4586 in
735 4551 893 4602 regno
929 4536 1044 4590 Dei.
1079 4537 1260 4604 Quare
1289 4540 1511 4595 omnino
1545 4539 1744 4596 fatetur
1762 4543 1944 4596 diver-

369 4636 485 4675 sam
515 4623 654 4678 hanc
681 4640 802 4679 csse
831 4643 859 4680 ιι
895 4630 1178 4696 superiore
1224 4629 1560 4698 parabolam.
1609 4632 1714 4686 Sed
1764 4643 1942 4689 tamen

2061 3458 2154 3513 ρος
2177 3459 2190 3470 ·
2218 3443 2250 3512 ὴ
2286 3439 2342 3492 δέ
2371 3438 2518 3510 παρὰ
2546 3437 2626 3508 τῷ
2653 3438 2838 3508 Λουκᾷ
2863 3437 2956 3490 ἐπὶ⁵
2983 3435 3082 3507 τῆς
3113 3435 3402 3501 Γαλιλαίας
3421 3438 3480 3490 ἐν
3497 3438 3645 3508 οίκίᾳ

2057 3533 2200 3596 τινὸς
2223 3532 2480 3603 ἄρχοντος
2498 3529 2792 3602 Φαρισαίου
2811 3529 2963 3599 ψιλὸν
2982 3529 3196 3583 δεῖπνον
3223 3529 3639 3594 κατασκευάζει,

2059 3625 2390 3695 ἐστιωμένου
2427 3623 2562 3693 παρ’
2598 3620 2748 3693 αύτῷ
2779 3619 2872 3674 τοῦ
2913 3622 3182 3692 Σωτῆρος.
3215 3621 3476 3693 Προλέγει
3508 3621 3640 3691 γοῦν

2059 3720 2158 3790 τῆς
2194 3717 2563 3790 προκειμένης
2603 3713 2923 3787 παραϐολῆς
2966 3715 2995 3766 6
3041 3716 3257 3778 Λουκᾶς
3298 3712 3500 3768 ταῦτα’
3556 3715 3640 3768 ὅτι

2057 3809 2304 3882 εἰσῆλθεν
2333 3810 2412 3871 εἰς
2443 3805 2590 3861 οἶκόν
2616 3823 2761 3870 τινος
2775 3804 3067 3877 Φαρισαίου
3094 3803 3405 3874 ἐστιαθῆναι
3432 3807 3490 3858 ἐν
3508 3805 3643 3858 Elaﬁ-

2059 3903 2240 3974 6ἀτῳ·
2280 3903 2330 3956 οἱ
2357 3901 2413 3954 δὲ
2447 3897 2858 3970 παρετηροῦντο
2891 3897 3073 3951 αὐτόν.
3112 3892 3248 3950 Εἶτα
3289 3895 3533 3960 διελθὼν,
3566 3897 3642 3961 ὡς

2057 3991 2362 4065 ύδρωπικὺν
2378 3990 2728 4062 ἐθεράπευσε,
2747 3989 2841 4042 καὶ
2859 3988 2934 4052 ὡς
2966 3985 3174 4052 ἐδίδαξε
3201 3988 3275 4059 μὴ
3299 3986 3397 4050 τὰς
3427 4005 3644 4059 πρωτο-

2058 4082 2268 4145 κλισίας
2289 4081 2346 4134 ἐν
2361 4083 2472 4144 τοῖς
2487 4080 2722 4144 δείπνοις
2741 4076 3115 4150 μεταδιώκειν,
3145 4075 3281 4148 μηδέ
3304 4075 3488 4130 καλεῖν
3514 4077 3640 4140 τοὺς

2055 4173 2524 4236 ἁντικαλέσοντας,
2544 4171 2680 4229 ἀλλά
2714 4172 2844 4235 τοὺς
2867 4169 3170 4226 ἀντιδοῦναι
3201 4170 3275 4242 μὴ
3291 4170 3640 4242 δυναμένους,

2065 4265 2338 4336 ἐπιφέρει,
2359 4265 2437 4318 ὅτι
2455 4263 2692 4326 ἀκούσας
2713 4279 2793 4325 τις
2821 4261 2940 4327 τῶν,
2965 4261 3435 4332 συνανακειμένων
3468 4261 3640 4316 ταῦτα

2055 4354 2196 4421 εἶπε,
2215 4355 2512 4424 Μακάριος
2523 4353 2690 4420 ὅστις
2705 4352 2954 4425 φάγεται
2973 4351 3154 4422 ἄρτον
3171 4353 3241 4406 ἐν
3255 4351 3332 4421 τῇ
3351 4354 3639 4420 βασιλείᾳ

2059 4446 2162 4502 τοῦ
2177 4447 2358 4501 Θεοῦ]
2387 4445 2512 4499 Ὀδὲ
2540 4441 2690 4498 εἶπεν
2721 4443 2886 4515 αὐτῷ’
2923 4445 3254 4512 Ἄνθρωπός
3278 4462 3366 4510 τις
3388 4445 3638 4514 ἐποίησε

2061 4541 2307 4595 δεῖπνον
2331 4537 2502 4609 μέγα.
2555 4536 2711 4590 Οῦτω
2739 4536 2783 4590 δ’
2817 4538 2846 4590 6
2871 4537 3084 4600 Λουκᾶς
3145 4537 3245 4608 τὴν
3281 4537 3636 4609 προτεθεῖσαν

2055 4631 2366 4704 παραϐολὴν
2382 4629 2683 4700 ἀνέγραψεν
2709 4627 2958 4701 εἰρῆσθαι
2978 4629 3083 4682 ὑπὸ
3104 4627 3196 4681 τοῦ
3223 4629 3472 4702 Σωτῆρος
3494 4630 3628 4702 πρὸς

368 4712 496 4784 quia
551 4730 618 4768 ne
675 4715 784 4784 ipsa
817 4718 1030 4786 quidem
1071 4737 1099 4773 a
1135 4723 1396 4777 ccelorum
1445 4739 1610 4792 regno
1664 4725 1942 4796 abhorret,

2059 4723 2140 4776 τὸν
2169 4722 2448 4795 εἰρηκότα,
2471 4718 2772 4787 Μακάριος
2799 4719 2968 4784 ὅστις
2983 4717 3228 4788 φάγεται
3248 4719 3432 4788 ἄρτον
3459 4723 3529 4775 ἐν
3555 4719 3626 4790 τῇ

367 4806 440 4860 de
475 4820 584 4876 quo
610 4810 786 4863 onmis
814 4809 969 4864 nobis
1009 4813 1293 4868 institutus
1321 4829 1502 4869 sermo
1527 4825 1632 4880 est,
1665 4817 1948 4874 videamus

371 4912 534 4964 porro
559 4898 690 4969 quid
729 4900 1040 4972 signiﬁcent
1067 4907 1230 4958 etiam
1266 4920 1328 4959 ea
1367 4922 1484 4976 qua:
1520 4908 1570 4961 in
1603 4909 1704 4962 hac
1741 4923 1945 4980 propo-

369 4999 595 5046 nuntur.
637 4991 786 5048 Unus
811 4995 1242 5050 recumbentium
1273 5006 1328 5051 et
1356 5000 1772 5056 eonvivantium
1820 5017 1945 5056 cum

371 5081 664 5138 Servatore
717 5085 767 5138 in
825 5083 1080 5142 Pharisaei
1159 5087 1365 5155 domo,
1429 5092 1774 5146 sermonibus
1827 5093 1946 5163 ejus

370 5185 691 5240 connnotus,
729 5176 942 5231 beatum
967 5178 1239 5234 exclamat
1275 5181 1424 5235 illum
1474 5181 1591 5236 fore
1623 5183 1716 5252 qui
1747 5183 1812 5236 ad
1848 5200 1945 5256 pa-

437 5313 550 5386 (65)
591 5315 811 5386 Triplex
861 5323 945 5370 est
987 5317 1090 5375 loci
1145 5317 1306 5386 hujus
1367 5319 1680 5386 Eusebiani,
1727 5324 1951 5380 mutatis

365 5400 511 5458 saepe
556 5389 760 5454 verbis,
789 5399 1133 5456 excerptum.
1164 5390 1406 5443 Primum
1433 5391 1484 5444 in
1518 5393 1951 5458 praecedentibus

369 5454 614 5531 tledimns
660 5472 730 5512 ex
779 5454 976 5531 catena
1001 5460 1260 5531 annnymi
1305 5454 1544 5513 auctoris
1575 5463 1626 5513 in
1653 5465 1840 5531 codice
1885 5463 1947 5518 B.

368 5526 612 5577 Alterum
646 5538 728 5582 est
787 5528 887 5582 hoc
937 5526 1278 5594 excerpt'um,
1325 5546 1390 5583 cx
1431 5541 1620 5584 catena
1654 5530 1858 5586 Nicetze
1891 5535 1946 5587 itt

369 5595 559 5648 codice
579 5598 646 5650 A.
690 5598 934 5652 Tertium
962 5609 1044 5652 est
1078 5601 1130 5652 in
1161 5601 1349 5653 codice
1379 5601 1440 5661 E,
1479 5617 1545 5653 ex
1587 5611 1778 5654 caterua
1815 5605 1944 5658 item

371 5662 590 5718 Macarii
632 5667 1080 5740 Chrysocephali,
1139 5673 1230 5736 qui
1280 5685 1400 5724 cum
1449 5670 1630 5724 Niceta
1667 5674 1940 5740 φουρ-πη,

373 5743 730 5806 prayer-qnam
767 5737 940 5806 initio,
979 5741 1118 5806 quod
1145 5740 1304 5806 itase
1338 5737 1943 5804 ὴιιιιιιιεῐίολλοῖςτισιν

372 5799 515 5870 εδοξε
544 5799 642 5874 τήν
673 5805 840 5876 αὐτὴν
857 5799 1173 5879 παραϐολὴν
1195 5805 1332 5864 εἶναι
1353 5809 1558 5882 ταύτην
1575 5828 1631 5864 τε
1661 5799 1769 5882 τὴν
1789 5812 1944 5885 παρὰ

2050 4816 2337 4883 βασιλείᾳ
2357 4813 2458 4868 τοῦ
2491 4813 2658 4868 Θεοῦ·
2687 4812 2827 4866 ὥστε
2855 4812 2913 4878 ἐξ
2943 4811 3180 4877 ἅπαντος
3205 4813 3487 4884 ὁμολογεῖν
3520 4814 3634 4868 ἐτέο

2058 4927 2156 4982 ραν
2205 4904 2343 4961 εἶναι
2377 4905 2578 4976 ταύτην
2618 4905 2766 4977 παρὰ
2815 4907 2912 4978 τὴν
2952 4905 3195 4978 πρώτην.
3251 4907 3402 4960 Ἐπεὶ
3443 4907 3501 4960 δὲ
3527 4907 3626 4960 οὐκ

2051 5001 2307 5073 ἀλλοτρία
2356 5001 2612 5071 τυγχάνει
2645 5000 2753 5054 οὐδ’
2781 5000 2918 5072 αῦτη
2948 5003 3047 5070 τῆς
3086 4998 3363 5070 βασιλείας
3388 4998 3498 5051 τῶν
3543 5001 3635 5052 οὺ·-

2056 5094 2265 5166 ρανῶν,
2300 5093 2428 5164 περὶ¹
2451 5090 2519 5164 ἧς
2551 5095 2680 5164 ἡμῖν
2711 5095 2740 5145 6
2780 5095 2886 5156 πᾶς
2925 5091 3180 5163 ἐνέστηκε
3211 5091 3396 5159 λόγος,
3435 5090 3634 5162 ἴδωμεν

2054 5185 2104 5238 τί
2140 5184 2385 5256 βούλεται
2419 5183 2598 5236 καὶτὰ
2619 5182 2708 5237 διὰ
2733 5181 2933 5253 ταύτην
2959 5181 3282 5254 δηλούμενα.
3315 5181 3435 5235 Τῶν
3469 5199 3633 5236 συνα-

2055 5325 2133 5396 τῷ
2158 5325 2360 5396 Λουκᾷ,
2397 5325 2492 5396 καὶ
2519 5323 2620 5394 τὴν
2651 5321 3206 5396 παρά-τῷ-Ματθαίῳ
3239 5323 3367 5393 περὶ
3404 5321 3498 5396 τοῦ
3535 5322 3632 5392 γάο

2059 5391 2160 5466 μου
2200 5391 2841 5466 διαλαμδάνουσαν,ίδιὰ
2866 5391 2951 5466 ﬁo
3007 5391 3264 5466 καὶ-’ἐκεῖ
3298 5391 3633 5466 παραίτησιν

2054 5462 2162 5520 τῶν
2201 5462 2552 5535 κεκλημένων
2593 5462 2968 5534 εὑρίσκεσθαι.
3009 5463 3068 5516 Ὀ
3097 5463 3154 5516 δέ
3185 5465 3259 5534 μὴ
3309 5462 3628 5535 παρέργως,

2051 5548 2158 5590 etc.
2196 5534 2562 5602 Compluribus
2589 5535 2754 5585 risum
2783 5543 2881 5598 est,
2907 5536 3140 5587 eamdem
3174 5549 3287 5588 esse
3318 5534 3628 5602 parabolam

2053 5617 2163 5658 tum
2221 5600 2336 5672 qm
2383 5605 2522 5671 apud
2553 5602 2750 5656 Lucam
2800 5613 2910 5655 tum
2963 5619 3082 5672 qut:
3118 5607 3260 5670 apud
3317 5600 3630 5672 Maulm’um

2059 5671 2309 5728 recitatur
2341 5675 2404 5726 de
2441 5675 2656 5740 nuptiis,
2678 5673 2800 5742 quia
2831 5682 2880 5726 et
2903 5675 2956 5742 in
2978 5671 3086 5725 hoc
3117 5675 3284 5726 altera
3317 5671 3619 5742 excusatio:

2064 5761 2178 5796 nem
2205 5739 2894 5808 vocatorum'comperimus.
2943 5741 3310 5798 Verumtamen
3333 5742 3425 5812 qui
3475 5739 3621 5796 haud

2067 5816 2420 5885 perfunctorie
2449 5813 2650 5880 studio,
2673 5821 2778 5868 etc.
