4116 6428
408 365 508 418 57⁸7

1569 365 2070 419 (ὫΜΜΙΞΝΤΛΒΙΑ
2111 363 2178 416 ΙΝ
2218 360 2477 418 LUCAM.

3544 365 3650 420 578

403 480 737 552 νεικειμένων
763 499 847 545 τις
879 482 954 552 τῷ
976 483 1187 554 Σωτῆρι
1215 484 1272 534 ὲν
1295 485 1360 551 τῇ
1391 480 1484 534 τοῦ
1509 482 1802 554 Φαρισαίου
1829 481 1965 551 οἰκίᾳ

2078 493 2200 532 uem
2225 475 2660 532 manducandum
2703 475 2753 528 in
2806 490 2974 546 regno
3017 475 3108 530 Dei
3153 476 3440 546 dignanter
3485 476 3649 530 fuerit

402 575 497 627 ml.
540 576 1002 643 συνεστιωμένων,
1045 577 1108 627 ὲκ
1151 575 1258 626 τῶν
1305 575 1465 626 αὑτοῦ
1508 575 1684 642 λόγων
1714 574 1974 644 κινηθεὶς,

405 665 696 736 μακαρίζει
729 666 817 718 τὸν
852 666 1391 737 καταξιωθησόμενον
1422 671 1613 735 φαγεῖν
1634 668 1795 737 ἄρτον
1825 670 1881 719 ὲν
1911 669 1975 736 τῇ

405 757 651 828 βασιλείᾳ.
689 756 782 810 τοῦ
834 758 988 810 Θεοῦ.
1027 756 1189 828 Οἶμαι
1230 759 1273 810 δ’
1316 759 1476 811 αὑτὸν
1511 757 1667 810 τοῦτο
1701 759 1976 829 εἰρηκέναι

401 846 488 900 διὰ
530 847 591 899 τὸ
637 849 906 915 φάναιτὸν
928 849 1153 920 Σωτῆρα
1187 849 1263 918 τῷ
1294 850 1578 919 κεκληκότι
1614 851 1977 904 αὐτόν’Ὅταν

403 943 561 1010 ποιῇς
610 940 848 1011 ἄριστον,
886 941 956 1012 μὴ
987 941 1270 1005 πλουσίους
1317 943 1489 1006 κάλει,
1528 943 1663 995 ἀλλὰ
1708 945 1973 1012 πτωχοὺς,

405 1034 496 1086 καὶ
555 1035 820 1103 μακάριος
872 1034 988 1104 ἔσῃ.
1033 1035 1175 1105 Πρὸς
1226 1034 1411 1088 τοῦτον
1463 1031 1552 1088 οὖν
1608 1052 1802 1105 φησιν’
1850 1037 1977 1089 Ἅν-

405 1127 630 1196 θρωπός
670 1144 760 1192 τις
786 1126 1034 1193 ἐποιήσε
1054 1127 1300 1180 δεῖπνον
1316 1127 1488 1196 μέγα.
1525 1129 1618 1180 καὶ
1651 1129 1718 1181 τὰ
1744 1128 1888 1198 ἑξῆς.

537 1216 821 1284 Ἤρξαντο
853 1217 970 1271 ἀπὸ
996 1215 1139 1285 μιᾶς
1162 1219 1569 1286 παραιτεῖσθαι
1598 1218 1839 1283 πάντες.

491 1306 596 1358 Eni
637 1307 698 1358 τὸ
727 1307 940 1375 λογικὸν
985 1307 1281 1378 συμπόσιον
1313 1309 1409 1360 οὑκ
1450 1309 1784 1378 ἀπήντησαν,
1819 1308 1975 1378 φιλή-

403 1399 538 1451 δονοι
575 1397 770 1467 μᾶλλον
814 1397 961 1460 ὄντες
1009 1397 1041 1467 ἣ
1085 1398 1338 1466 φιλόθεοι,
1376 1399 1468 1450 καὶ
1495 1398 1597 1466 τῆς
1637 1397 1767 1467 ὕλης
1801 1398 1830 1467 ἣ
1884 1396 1975 1449 τοῦ

403 1489 556 1541 Θεοῦο
591 1489 894 1559 φιληδονίας
927 1489 1024 1558 μὲν
1053 1489 1160 1560 γὰρ
1191 1490 1386 1558 δεῖγμα
1411 1493 1568 1561 γυνή’
1603 1492 1770 1562 ἀγρὸς
1795 1491 1849 1543 δὲ
1883 1491 1976 1543 καὶ

402 1576 564 1646 ζεύγη
598 1578 696 1647 τῆς
729 1577 1218 1648 φιλοχρημοσύνης.
1256 1581 1489 1642 Πολλοὺς
1526 1580 1624 1650 μὲν
1658 1577 1748 1633 οὖν
1778 1580 1976 1650 κεκλῆ-

403 1668 522 1721 σθαί
547 1686 675 1736 φησι
705 1671 795 1720 ἐπὶ
810 1669 870 1722 τὸ
898 1671 1038 1739 μέγα
1069 1671 1276 1723 δεῖπνον
1300 1672 1392 1724 καὶ
1414 1672 1472 1723 τὸ
1497 1672 1616 1724 καθ’
1642 1673 1769 1742 ὅλης
1790 1673 1977 1742 τῆςοί-

402 1777 496 1811 κου
505 1760 669 1830 μένης
688 1760 899 1828 λογικὸν
923 1763 1220 1832 συμπόσιον
1235 1763 1343 1816 τῶν
1367 1763 1525 1833 ίερὼν
1545 1765 1635 1816 καὶ
1653 1764 1809 1816 θείων
1835 1765 1872 1815 Γ
1879 1781 1974 1834 ρα-

2079 569 2364 632 admissus.
2429 565 2564 620 Puto
2619 575 2798 618 autem
2863 566 2962 619 hoc
3018 565 3220 618 dictum
3280 563 3466 628 fuisse,
3523 564 3649 632 quia

2081 665 2340 718 Servator
2369 662 2620 716 invitanti
2640 676 2697 715 se
2724 663 2930 714 dixerat
2963 679 2973 713 :
3004 661 3135 714 Cum
3185 659 3472 728 prandium
3503 660 3652 714 fece-

2079 758 2176 819 ris,
2205 756 2309 810 noli
2339 756 2532 808 divites
2560 768 2778 816 vocare,
2808 753 2901 806 sed
2925 767 3207 820 pauperes,
3241 763 3298 804 ut
3334 754 3524 805 hcatus
3549 753 3650 805 sis.

2079 846 2216 902 Huic
2241 864 2371 917 ergo
2401 846 2730 915 reSpondens
2758 844 2834 896 ait
2871 859 2885 896 :
2941 843 3112 896 Homo
3139 845 3353 913 quidam
3380 843 3503 913 fecit
3537 859 3648 898 cae-

2079 956 2199 992 nam
2235 954 2500 1008 magnam,
2531 947 2586 992 et
2613 934 2837 1004 reliqua.

2330 1205 2377 1236 "
2414 1203 2692 1272 Coeperunt
2721 1204 3078 1258 simu/omnes
3127 1221 3397 1258 excusare.

2147 1294 2228 1348 Ad
2277 1296 2546 1350 rationale
2575 1296 2882 1349 convivium
2919 1312 3020 1348 non
3061 1308 3342 1361 venerunt,
3379 1299 3502 1366 quia
3553 1315 3646 1351 vo-

2077 1388 2338 1456 luptatum
2388 1389 2564 1456 potius
2595 1398 2754 1454 atque
2781 1389 3020 1440 materia:
3047 1404 3206 1456 quam
3249 1390 3339 1442 Dei
3372 1400 3652 1444 amatores

2075 1491 2250 1534 erant.
2289 1480 2420 1534 Nam
2455 1481 2749 1548 voluptatis
2779 1491 3157 1544 argumentum
3187 1497 3361 1542 uxor;
3393 1496 3522 1551 ager
3550 1497 3650 1533 au-

2079 1583 2186 1625 tem
2217 1587 2277 1623 ac
2307 1572 2492 1635 boves,
2527 1572 2788 1627 avaritiae.
2822 1570 3016 1624 Multos
3061 1572 3241 1640 itaque
3271 1584 3489 1625 vocatos
3517 1573 3650 1626 dicit.

2078 1664 2143 1715 ad
2202 1678 2450 1728 magnam
2511 1677 2745 1722 caenam,
2795 1672 2848 1713 et
2900 1664 3160 1715 rationale
3206 1679 3302 1731 per
3335 1667 3646 1719 universum

2075 1752 2258 1804 orbem
2279 1751 2584 1803 convivium
2610 1764 2889 1802 sacrarum
2920 1766 2983 1802 ac
3008 1752 3314 1804 divinarum
3345 1753 3650 1821 Scriptura.

402 1850 536 1917 φῶν,
572 1852 644 1921 μὴ
690 1852 794 1922 μὴν
822 1854 946 1915 τοὺς
974 1853 1178 1917 πάντας
1202 1855 1301 1923 τῆς
1329 1855 1546 1924 χάριτος
1573 1855 1965 1925 ἐπιτυγχάνειν·

2076 1858 2218 1905 rum,
2265 1858 2368 1894 non
2425 1853 2602 1894 tamen
2648 1855 2834 1892 omnes
2875 1842 3049 1908 gratia
3096 1844 3282 1911 potiri,
3313 1860 3416 1912 qua
3471 1845 3646 1898 vocati

400 1944 815 2014 ἀποστερεῖσθαι
841 1946 950 2016 γὰρ
982 1948 1148 2016 αὐτῆς
1180 1947 1286 1999 τῶν
1314 1947 1662 2018 κεκλημένων
1694 1949 1817 2009 τοὺς
1848 1947 1974 2017 περὶ

398 2032 560 2103 ’ἐτερα
588 2036 1009 2105 ήσχολημένους.
1041 2038 1320 2108 Περισπᾷν
1347 2037 1452 2110 γὰρ
1486 2039 1578 2090 καὶ
1599 2037 1850 2105 ἀφέλκειν
1877 2037 1975 2104 τῆς

399 2122 641 2192 κλήσεως
673 2125 768 2188 τὰς
818 2125 912 2177 τοῦ
957 2125 1070 2193 βίου
1119 2127 1402 2196 φροντίδας
1446 2127 1718 2179 διδάσκει·
1774 2124 1975 2186 ταύτας

397 2215 440 2266 δ’
463 2210 598 2268 εἶναι
619 2216 922 2285 διαφόρους·
949 2217 980 2285 ἢ
1007 2216 1114 2288 γὰρ
1140 2218 1267 2288 περὶ
1287 2218 1354 2269 τὰ
1381 2220 1633 2287 κτήματα
1657 2218 1748 2268 καὶ
1773 2217 1975 2286 ἀγροὺς

397 2305 800 2374 ἀσχολούμενοι,
846 2305 1015 2358 ταῦτα
1049 2308 1144 2376 τῆς
1199 2308 1440 2377 κλήσεως
1487 2309 1972 2378 προτετιμήκασιν,

397 2395 472 2456 ὡς
502 2396 938 2472 παραιτήσασθαι
964 2397 1233 2466 τολμῆσαι
1261 2397 1346 2451 διὰ
1371 2396 1542 2450 ταῦτα
1573 2397 1669 2468 τὴν
1697 2399 1907 2466 κλῆσιν·
1939 2399 1970 2468 ἢ

397 2487 524 2555 περὶ
571 2488 667 2548 τὰς
698 2487 790 2539 τοῦ
834 2488 946 2557 βίου
994 2490 1375 2559 πραγματείας
1426 2489 1869 2560 κατατριϐόμενοι

394 2574 575 2644 δεσμῷ
620 2577 812 2645 γάμων
854 2576 948 2628 καὶ
1000 2577 1202 2630 παίδων
1249 2578 1704 2648 ἐμπεπλεγμένοι·
1755 2579 1787 2648 ¹ή
1835 2597 1974 2631 τισιν

394 2666 571 2729 ἄλλοις
618 2667 878 2730 τοιούτοις
927 2669 1318 2738 φροντίσμασιν
1348 2669 1724 2738 ὴσχολημένοι.
1791 2669 1973 2721 Ταῦτα

393 2758 499 2828 γὰρ
535 2759 624 2809 καὶ
655 2758 880 2810 τοιαῦτα
912 2759 1138 2825 ἐπάγειν
1173 2760 1267 2810 καὶ
1314 2759 1616 2829 περιέλκειν
1650 2758 1807 2824 εἴωθε
1851 2761 1972 2822 τοὺς

391 2848 476 2900 διὰ
521 2849 692 2900 ταῦτα
722 2849 819 2918 τὴν
863 2849 1020 2918 χάριν
1068 2850 1447 2918 παραιτεῖσθαι
1496 2850 1830 2918 τολμῶντας,
1881 2851 1972 2902 καὶ

390 2939 480 2988 τὸν
507 2937 766 3008 κλήτορα,
798 2940 888 3024 καὶ
915 2939 973 2991 τὸ
1001 2940 1098 3008 τῆς
1132 2940 1323 3009 καινῆς
1358 2940 1620 3009 διαθήκης
1651 2941 1970 3008 συμπόσιον,

393 3029 482 3080 καὶ
507 3029 604 3097 τὴν
633 3023 854 3098 λογικῆν
883 3032 1105 3101 τροφήν·
1137 3023 1208 3080 ὧν
1236 3032 1488 3082 ἁπάντων
1519 3031 1816 3101 ἐστέρησαν
1848 3033 1972 3084 ἐαυ-

389 3121 533 3182 τοὺς,
568 3120 708 3172 κατά
743 3120 842 3190 μὲν
875 3121 975 3190 τὴν
1007 3119 1358 3174 ἀποδοθεῖσαν
1393 3122 1707 3192 ἑρμηνείαν,
1753 3124 1802 3174 οἱ
1835 3140 1966 3192 προ·

2079 1935 2358 2004 privantur
2411 1935 2537 2002 quia
2585 1933 2745 1986 rebus
2788 1931 2908 1984 aliis
2951 1948 3134 1985 curam
3179 1936 3515 2002 impetulunt.
3558 1935 3649 1988 Et-

2086 2025 2227 2078 enim
2259 2026 2564 2078 distrahere
2600 2035 2763 2090 atque
2793 2034 3041 2078 avertere
3071 2041 3097 2076 a
3131 2029 3418 2080 vocatione
3448 2027 3648 2080 sollici-

2077 2116 2290 2168 tudines
2351 2116 2533 2168 mundi
2585 2116 2768 2174 docet,
2820 2131 2940 2182 qua:
2983 2117 3146 2170 variae
3189 2128 3358 2171 sunt:
3414 2134 3536 2171 nam
3565 2118 3647 2171 vel

2079 2207 2516 2274 possessionibus
2568 2207 2824 2275 agriSque
2874 2206 3087 2266 intenti.
3136 2223 3229 2260 cas
3261 2223 3345 2261 res
3373 2211 3646 2263 vocationi

2076 2298 2425 2361 autcferunt;
2464 2299 2534 2350 ita
2571 2307 2627 2351 ιιι
2671 2313 2939 2353 excusare
2988 2315 3044 2352 se
3099 2304 3273 2354 vocati
3312 2304 3515 2355 idcirco
3554 2319 3651 2354 au-

2079 2390 2261 2443 deant.
2297 2389 2388 2442 Vcl
2426 2392 2550 2445 vitm
2607 2395 2839 2456 negotiis
2871 2404 3196 2456 atteruntur,
3223 2395 3304 2446 vel
3338 2397 3644 2463 nuptiarum

2076 2497 2138 2535 ac
2166 2483 2457 2535 liberorum
2494 2483 2722 2537 vincu!is
2763 2486 3133 2554 implicantur,
3172 2487 3252 2538 vel
3307 2488 3428 2540 aliis
3471 2487 3651 2554 hujus-

2079 2572 2220 2624 mndi
2254 2573 2402 2624 curis
2445 2573 2610 2626 dediti
2635 2585 2782 2627 sunt.
2811 2576 3091 2628 l‘larcenim
3125 2587 3173 2628 ct
3207 2577 3308 2628 alia
3342 2577 3648 2642 huiusmodi

2077 2663 2348 2714 abducere
2377 2678 2438 2716 ac
2466 2663 2771 2718 distrahere
2819 2667 2992 2720 solent
3042 2683 3134 2722 eos
3163 2671 3252 2735 qui
3297 2673 3522 2737 gratiam
3558 2685 3646 2722 re-

2083 2754 2333 2821 pudiare,
2359 2767 2781 2823 vocantemque,
2817 2774 2914 2812 nec
2963 2775 3069 2812 non
3113 2761 3232 2812 novi
3268 2759 3484 2813 hederis
3519 2775 3649 2812 eou-

2075 2843 2298 2905 vivium,
2355 2854 2408 2897 et
2452 2847 2875 2902 intellectualem
2931 2866 3141 2909 escam.
3194 2851 3652 2916 andent.Quibus

2074 2936 2326 2988 omnibus
2361 2948 2528 2990 smuet
2561 2941 2910 3002 orhaveruut,
2940 2942 3234 2994 secundum
3267 2942 3403 2994 hanc
3429 2943 3646 3009 quidem

2076 3026 2603 3094 interpretationem,
2644 3031 2677 3082 ii
2713 3031 2802 3098 qui
2837 3032 3049 3085 caelesti
3082 3034 3353 3085 voeationi
3400 3033 3652 3102 jucundi-

2079 3128 2214 3171 tates
2267 3119 2424 3187 hujus
2469 3122 2650 3174 mundi
2695 3123 3067 3190 przctulcrunt,
3104 3125 3318 3175 divitias
3363 3125 3644 3186 nimirum,

388 3213 714 3282 τιμήσαντες
745 3214 842 3282 τῆς
881 3213 1128 3281 οὐρανίου
1165 3213 1405 3283 κλήσεως
1438 3213 1505 3264 τὰ
1551 3213 1677 3284 ἡδέα
1705 3212 1797 3265 τοῦ
1826 3231 1962 3283 παρ-

2075 3210 2289 3278 ucgotia
2325 3221 2376 3262 et
2437 3213 2683 3279 nuptias;
2744 3229 2972 3280 quorum
3027 3229 3185 3266 causa
3239 3215 3466 3282 gratiam
3501 3230 3650 3268 recu-

387 3303 536 3366 ὀντος
598 3303 734 3373 βίου,
786 3305 1014 3357 πλοῦτον
1064 3305 1265 3375 δηλαδὴ
1310 3307 1404 3357 καὶ
1448 3305 1830 3374 πραγματείας
1877 3306 1968 3357 καὶ

387 3394 586 3464 γάμον,
638 3396 731 3447 καὶ
771 3395 858 3447 διὰ
906 3395 1076 3448 ταῦτα
1123 3397 1220 3464 τὴν
1264 3396 1421 3464 χάριν
1465 3396 1963 3464 παραιτησάμενοι·

386 3483 527 3536 κατά
554 3484 596 3536 δ’
631 3487 821 3556 ἑτέραν
861 3486 1085 3556 ἐκδοχὴν
1110 3488 1157 3538 οἱ
1189 3485 1392 3556 πρῶτοι
1414 3485 1514 3553 τῆς
1540 3486 1782 3554 κλήσεως
1809 3485 1970 3554 ήξιω-

391 3577 561 3646 μένοι,
596 3571 739 3629 οὗτοι
766 3578 808 3629 δ’
839 3573 978 3648 ἦσαν
1001 3579 1047 3629 οἱ
1079 3579 1142 3629 ὲκ
1175 3576 1498 3647 περιτομῆς,
1525 3577 1572 3628 οἳ
1604 3576 1668 3646 δὴ
1701 3577 1965 3645 προφάσει

385 3668 487 3736 τῆς
513 3670 640 3738 περὶ
687 3668 748 3720 τὸ
780 3671 1024 3738 κρεῖττον
1073 3669 1326 3738 ἀσχολίας
1360 3667 1457 3737 τὴν
1496 3666 1683 3737 κλῆσιν
1717 3667 1962 3737 ὕϐρισαν.

396 3757 482 3818 Ὠς
510 3757 615 3827 γάρ
657 3756 870 3826 ἔχοντες
915 3759 1114 3829 ἀγροὺς
1161 3758 1229 3810 τὰ
1278 3760 1404 3828 παρ’
1450 3760 1628 3820 αὐτοῖς
1679 3757 1964 3827 ἀμφιλαφῆ

383 3848 804 3917 ἀναγνώσματα,
830 3850 923 3902 καὶ
945 3850 1019 3912 ὡς
1043 3849 1169 3918 βόας
1195 3850 1466 3919 ἀροτῆρας
1490 3866 1656 3919 κεκτη
1667 3848 1814 3918 μένοι
1842 3849 1966 3910 τοὺς

383 3940 513 4010 παρ’
547 3940 729 4002 αὐτοῖς
757 3940 1060 4011 προφήτας,
1092 3941 1187 3992 καὶ
1223 3939 1297 3999 ὡς
1336 3937 1401 3991 ἂν
1435 3941 1596 4008 σοφίᾳ
1638 3939 1744 3991 τινὶ
1772 3932 1858 3990 οἷα
1901 3938 1963 4008 δὴ

353 4032 603 4098 γυναικὶ
653 4031 1028 4100 συμϐιοῦντες,
1076 4033 1174 4100 τὴν
1214 4031 1574 4100 εὐαγγελικὴν
1624 4030 1964 4096 ἐξευτελισαν

383 4121 558 4192 χάριν.
582 4154 652 4162 —
699 4124 916 4194 Ἐπειδὴ
947 4123 1004 4175 δὲ
1030 4119 1169 4192 ἦσαν
1199 4122 1341 4176 οὕτω
1367 4126 1558 4192 παχεῖς
1587 4124 1683 4193 τὴν
1714 4123 1959 4194 καρδίαν,

381 4213 653 4282 ἓξυφαίνει
688 4216 1000 4286 παραϐολὴν
1025 4215 1388 4286 ἀποχρώντως
1416 4216 1641 4285 ἔχουσαν
1671 4218 1750 4279 εἰς
1783 4217 1962 4287 παρά-

379 4306 541 4370 δειξιν
575 4307 674 4376 τῆς
703 4309 786 4359 ἐπ’
820 4309 1001 4369 αὐτοῖς
1029 4307 1290 4377 ἐσομένης
1311 4308 1622 4376 οἰκονομίας
1649 4324 1660 4336 ⁸
1696 4307 1830 4378 πρὸς
1852 4309 1962 4379 γὰρ

378 4397 438 4450 τὸ
464 4398 752 4468 μακάριος
775 4403 886 4468 ἐσῃ
918 4399 1260 4462 ἀποϐλέπων,
1309 4401 1403 4452 καὶ
1448 4400 1581 4468 πρὸς
1612 4398 1672 4451 τὸ
1704 4400 1960 4452 ἀνταπο-

377 4488 698 4556 δοθήσεται
723 4507 821 4544 σοι
862 4493 930 4544 ἐν
964 4490 1037 4560 τῇ
1077 4490 1410 4545 ἀναστάσει
1456 4490 1574 4544 τῶν
1614 4491 1878 4552 δικαίων,
1929 4493 1956 4544 6

380 4582 826 4652 συνανακείμενος
853 4583 1143 4654 μακαρίζει
1166 4583 1256 4634 τὸν
1284 4582 1544 4652 μέλλοντα
1570 4581 1952 4646 καταξιοῦσθαι

376 4673 469 4727 τοῦ
503 4676 558 4726 ὲν
585 4677 648 4746 τῇ
683 4674 926 4744 βασιλείᾳ
976 4676 1160 4744 ἄρτου.
1211 4671 1378 4738 Οὗτος
1415 4674 1470 4726 δὲ
1513 4670 1579 4744 ἦν
1610 4675 1637 4725 6
1671 4675 1787 4726 κατ’
1837 4675 1959 4724 ἀντ-

376 4764 626 4817 απόδοσιν
661 4764 758 4832 τῆς
792 4765 870 4826 εἰς
898 4764 1024 4825 τοὺς
1052 4765 1296 4833 πτωχοὺς
1343 4762 1769 4833 φιλανθρωπίας,
1804 4763 1859 4813 ὲν
1890 4765 1952 4832 τῇ

375 4855 663 4907 ἀναστάσει
689 4854 796 4906 τῶν
824 4853 1046 4905 δικαίων
1079 4852 1542 4926 ἀποδοθησόμενος
1589 4853 1667 4922 τῷ
1719 4869 1957 4922 μακαρι-

375 4943 606 5015 ζομένῳ,
631 4945 732 5014 τῆς
764 4945 1109 5007 ἀναστάσεως
1138 4944 1230 4996 καὶ
1259 4945 1358 5014 τῆς
1386 4941 1478 4994 τοῦ
1506 4943 1640 4995 Θεοῦ
1675 4942 1946 5012 βασιλείας

377 5037 504 5104 μιᾶς
547 5036 640 5088 καὶ
667 5037 764 5106 τῆς
798 5035 966 5104 αὐτῆς
999 5033 1308 5103 νοουμένης.
1344 5032 1487 5102 Πρὸς
1535 5029 1627 5085 οὖν
1660 5033 1751 5084 τὸν
1795 5035 1946 5103 εἰρη-

2071 3311 2280 3353 Sarnnt.
2329 3299 2637 3354 Secundum
2708 3303 2868 3356 aliam
2941 3319 3072 3357 vero
3118 3305 3644 3372 interpretationem,

2071 3395 2278 3460 priores
2314 3393 2385 3444 illi
2421 3394 2709 3461 dignanter
2729 3395 2924 3456 vocati,
2961 3395 3010 3446 id
3038 3403 3117 3447 est
3149 3393 3380 3462 populus
3403 3394 3645 3446 circum-

2069 3483 2234 3543 cisns,
2268 3484 2357 3551 qui
2411 3483 2655 3538 melioris
2711 3485 2938 3538 institttti
2995 3494 3254 3554 praetextu
3305 3485 3643 3537 vocationem

2067 3585 2413 3641 Spreverunt.
2471 3574 2602 3627 Nam
2656 3576 2811 3644 quasi
2866 3590 3027 3644 agros
3090 3575 3354 3629 haberent
3397 3576 3644 3642 copiosas

2067 3681 2195 3720 suas
2219 3666 2552 3733 Scripturas,
2576 3678 2631 3720 et
2663 3667 2823 3720 boum
2849 3668 3118 3719 arantimu
3147 3667 3320 3719 instar
3350 3666 3640 3734 prophetas

2068 3771 2213 3817 Suos,
2243 3767 2298 3811 et
2330 3772 2448 3809 cum
2480 3758 2751 3827 sapientia
2800 3773 2897 3812 sua
2933 3758 3099 3812 veluti
3150 3773 3320 3812 uxore
3350 3761 3642 3812 conviven-

2068 3858 2168 3913 tes,
2197 3849 2562 3917 cvangelicam
2596 3849 2823 3917 gratiam
2856 3849 3213 3918 despneruut.
3243 3881 3314 3890 ———
3338 3849 3474 3914 Quia
3513 3865 3640 3903 vero

2074 3949 2356 4008 tantopere
2403 3942 2523 3993 rudi
2567 3942 2730 3994 corde
2776 3950 2953 4004 erant,
2997 3941 3498 4009 nectitparaholam
3532 3941 3643 3995 ido-

2069 4046 2229 4082 neatn
2264 4030 2690 4084 demonstrando
2746 4030 2983 4084 futuram
3019 4034 3157 4099 apud
3205 4034 3348 4101 ipsos
3375 4035 3640 4102 gerenda-

2067 4138 2183 4175 rum
2213 4139 2392 4176 rerum
2419 4123 2706 4178 rationem.
2741 4123 2985 4190 Namque
3027 4125 3092 4177 ad
3129 4124 3215 4176 illa
3244 4125 3405 4178 verba
3453 4126 3638 4177 beatus

2062 4213 2164 4264 eris
2213 4224 2376 4288 atque
2412 4214 2475 4266 ad
2531 4214 2619 4266 illa
2653 4215 2969 4267 retribuetur
3005 4216 3101 4268 tibi
3156 4216 3210 4268 in
3254 4217 3639 4268 resurrectione

2052 4303 2338 4371 jnstorum,
2383 4305 2677 4374 respiciens
2707 4307 2954 4371 conviva,
2992 4307 3216 4375 {beatum
3251 4305 3489 4375 appellat
3512 4321 3635 4358 eum

2060 4396 2149 4462 qui
2191 4395 2241 4448 in
2275 4411 2436 4466 regno
2464 4396 2657 4463 dignus
2691 4399 2957 4451 eritvesci
3005 4411 3162 4465 pane.
3205 4397 3373 4451 Porro
3434 4397 3522 4452 hic
3560 4398 3637 4450 in-

2061 4486 2324 4555 telligitur
2360 4487 2448 4553 qui
2483 4488 2692 4540 dandus
2715 4488 2813 4540 erit
2849 4489 3228 4541 remunerandi
3274 4504 3434 4542 causa
3483 4489 3635 4542 beni-

2061 4579 2318 4646 gnitatem
2353 4582 2679 4649 pauperibus
2726 4581 3021 4633 exhibitam
3061 4600 3074 4646 ;
3112 4583 3314 4652 quique
3355 4583 3407 4634 in
3458 4598 3633 4637 resur-

2060 4671 2298 4724 rectione
2329 4671 2599 4739 jnstorum
2642 4671 3020 4724 retribuendus
3042 4681 3124 4726 est
3149 4673 3308 4727 beato
3337 4674 3410 4726 illi
3438 4691 3453 4727 :
3507 4690 3631 4728 nam

2058 4763 2386 4815 resurrectio
2436 4763 2575 4815 idem
2620 4777 2740 4815 esse
2793 4761 3112 4830 intelligitur
3152 4781 3216 4818 ac
3260 4781 3483 4833 regnum
3514 4766 3626 4819 Dei.

2059 4853 2267 4906 Dicenti
2297 4868 2444 4922 ergo,
2482 4854 2679 4907 Beatus
2719 4859 2808 4928 qui
2845 4859 3124 4910 mandarat
3154 4874 3340 4917 panem
3373 4858 3426 4909 in
3470 4875 3630 4926 regno

2053 4940 2175 5002 Dei.
2228 4945 2534 5011 parabolam
2585 4949 2808 5017 exponit
2839 4949 3100 5003 Servator
3135 4951 3341 5002 docens
3379 4949 3628 5016 quisnam

2053 5032 2125 5085 sit
2156 5033 2246 5087 ille
2275 5037 2486 5091 beatus.

373 5127 525 5190 κότα,
550 5127 844 5194 Μακάριος
875 5127 1036 5191 ὅστις
1073 5125 1318 5194 φάγεται
1350 5123 1533 5190 ἄρτον
1574 5123 1643 5175 ἐν
1680 5123 1755 5192 τῇ
1785 5124 2071 5190 ,βασιλείᾳ
2110 5127 2217 5180 τοῦ
2243 5129 2411 5192 Θεοῦ,
2463 5130 2546 5193 τίς
2578 5131 2642 5185 ἂν
2673 5133 2883 5200 γένοιτο
2934 5123 3090 5196 οὗτος
3126 5135 3154 5187 6
3206 5132 3492 5204 μακάριος,
3535 5123 3626 5186 διὰ

371 5219 472 5287 τῆς
501 5219 810 5289 παραϐολῆς
833 5220 862 5271 6
893 5217 1080 5288 Σωτὴρ
1117 5217 1462 5287 παρίστησιν.

453 5309 668 5379 Ἐπειδὴ
719 5311 897 5364 τοίνυν
940 5310 1244 5381 ἐκλήθησαν
1302 5308 1486 5361 πολλοὶ
1534 5309 1614 5369 είς
1651 5307 1944 5375 τὺῖζπάντα

369 5403 559 5472 ἕτοιμα
591 5401 752 5474 φέρον
790 5400 1002 5454 δεῖπνον
1032 5402 1166 5471 (τῆς
1191 5401 1298 5471 γὰρ
1329 5399 1601 5470 βασιλείας
1625 5399 1789 5463 ἀξίως
1811 5402 1840 5452 ὁ
1867 5401 1944 5451 ol-

368 5495 696 5564 κοδεσπότης
725 5493 784 5546 τὸ
816 5493 1054 5546 τοιοῦτον
1088 5496 1231 5545 ποιεῖ
1257 5491 1527 5562 δεῖπνον),
1559 5491 1942 5562 παρῃτήσαντο

397 5587 421 5640 ὲ
447 5587 544 5659 τὴν
573 5586 749 5657 χάριν,
781 5586 907 5656 περὶ
934 5585 1030 5656 μὲν
1052 5584 1254 5637 τούτων
1286 5585 1558 5654 ἀπόφασις
1595 5582 1943 5652 ἐξενήνεκται

439 5792 481 5821 ¹⁹
511 5789 640 5845 Luc.
675 5804 781 5856 xxv,
817 5788 902 5844 18.

2119 5309 2384 5375 Quoniam
2429 5309 2612 5378 itaque
2663 5311 2836 5363 vocati
2879 5321 3007 5365 sunt
3053 5313 3205 5364 mulli
3254 5312 3320 5364 ad
3371 5321 3619 5380 paratam

2051 5415 2260 5455 caenam
2319 5401 2465 5468 (nam
2503 5417 2599 5468 pro
2626 5403 2889 5471 dignitate
2922 5403 3072 5470 regni
3110 5403 3191 5454 sui
3229 5399 3623 5468 paterfamilias

2048 5506 2258 5546 coenam
2291 5492 2597 5560 hujusmodi
2631 5495 2809 5563 facit),
2839 5496 2931 5550 sed
2963 5495 3196 5564 gratiam
3236 5494 3618 5561 repudiarunt,

2050 5583 2116 5642 de
2142 5583 2226 5638 his
2255 5582 2361 5637 lata
2393 5584 2660 5639 sententia
2717 5585 2818 5640 l'uit
2867 5584 3130 5640 dicendo:
3161 5580 3443 5638 Neminem
3476 5583 3624 5639 viro-
