4116 6384
371 325 476 380 579

1063 321 1334 378 EUSEBII
1373 315 1849 376 C£SARIENSIS
1883 315 2036 374 OPP.
2077 312 2257 370 PARS
2295 313 2384 370 Ill.
2425 345 2494 356 ——
2532 313 2941 371 EXEGETICA.

3513 313 3616 371 580

376 461 496 501 rum
524 445 741 500 illorum
768 443 858 514 qui
887 440 1062 497 vocati
1095 442 1265 503 l'uere,
1299 449 1354 493 et
1385 440 1455 494 ob
1477 455 1540 493 su
1554 454 1613 493 as
1639 438 1935 493 mundanas

2041 438 2074 507 ή
2133 437 2351 507 φήσασα
2400 436 2517 488 ὅτιο
2565 435 2752 498 Οὐδεὶς
2804 434 2913 487 τῶν
2969 434 3177 506 ἀνδρῶν
3232 435 3455 488 ἐκείνων
3507 435 3614 489 τῶν

372 539 758 607 occupationes
813 547 1150 598 recusavere,
1203 545 1414 586 coenam
1471 545 1646 584 meam
1696 538 1940 600 gustatu-

371 647 537 686 rum:
573 630 708 684 alios
738 637 942 691 autem,
982 627 1175 680 horum
1219 625 1354 687 loco,
1407 625 1528 678 vitae
1582 623 1818 692 negotiis
1845 621 1939 676 mi-

371 724 515 778 nime
541 722 852 792 implicitos,
877 720 1068 787 dignos
1104 717 1350 770 habitum
1383 715 1448 767 iri
1469 715 1546 768 ait
1568 716 1721 769 beata
1753 729 1935 778 cinna,

371 827 561 880 nempe
592 824 853 881 pauperes
884 807 1144 876 quosdam
1177 816 1229 860 et
1262 819 1433 858 caecos
1468 814 1520 856 et
1561 804 1798 868 mutilos,
1845 804 1934 871 qui

369 901 638 970 vocatioui
691 916 794 954 non
849 899 1162 951 restiterunt
1202 911 1217 958 ;
1262 895 1390 964 quia
1439 909 1611 962 neque
1658 896 1934 959 emebant,

367 1008 544 1064 neque
590 992 919 1052 vendebant,
969 1003 1146 1053 neque
1192 987 1394 1054 nuptiis
1441 1001 1663 1055 operam
1711 987 1932 1051 dabant,

369 1099 542 1154 neque
600 1083 708 1139 alio
755 1082 998 1151 quolibet
1059 1079 1279 1149 negotio
1326 1079 1793 1141 distrahebantur,
1842 1077 1934 1131 sed

365 1185 619 1244 prompte
667 1173 1024 1242 expediteque
1095 1170 1328 1239 gratiam
1375 1169 1730 1221 admiserunt.
1790 1168 1936 1235 Quos

367 1266 648 1329 invitator,
683 1263 858 1332 primo
889 1261 1106 1330 quidem
1139 1258 1439 1311 incolumes
1469 1257 1655 1320 faciet,
1679 1258 1803 1325 quia
1857 1257 1936 1310 l‘a-

363 1358 466 1414 cile
497 1372 710 1411 omnem
733 1356 1154 1421 morbumatque
1182 1353 1492 1420 languorem
1524 1360 1699 1405 sanat.
1736 1350 1938 1404 Deinde

362 1461 470 1505 etc.
513 1450 645 1516 Qua:
689 1448 870 1502 omnia
923 1446 1023 1500 sibi
1077 1444 1477 1498 interdixerunt
1507 1450 1822 1495 recusantes
1861 1439 1934 1492 illi

361 1541 603 1596 Iudaica:
640 1555 924 1611 synagogm
971 1539 1239 1608 principes
1289 1555 1304 1602 ;
1347 1550 1577 1604 quorum
1629 1533 1748 1588 loco
1787 1532 1937 1600 plebs

364 1635 638 1706 morigera
667 1634 789 1700 fuit,
817 1649 936 1702 qua:
961 1633 1016 1684 in
1059 1630 1254 1699 plateis
1279 1629 1451 1691 urbis,
1477 1641 1668 1694 nempe
1701 1625 1753 1678 in
1780 1623 1938 1696 legali

367 1728 577 1796 politia,
610 1727 845 1779 vivebat.
883 1754 951 1763 —
972 1723 1225 1777 Fortasse
1277 1730 1455 1774 autem
1483 1719 1569 1772 his
1598 1715 1933 1782 hominibus,

364 1819 612 1876 ethnicos
651 1818 910 1872 denotare
939 1815 1174 1881 volebat,
1197 1814 1286 1884 qui
1329 1813 1392 1865 ad
1423 1810 1538 1881 ejus
1568 1808 1934 1878 magisterium

362 1925 519 1967 erant
549 1910 848 1965 accessuri.
883 1907 946 1962 Hi
982 1917 1140 1962 antea
1175 1905 1472 1961 idololatrre
1497 1915 1676 1967 erant,
1706 1915 1935 1971 quorum

363 2003 575 2057 animas
597 2002 722 2056 mali
739 2001 1010 2055 daemones
1033 1999 1362 2052 vitiaverant
1382 2013 1395 2058 ;
1413 2009 1550 2064 quos
1570 2001 1938 2046 consentanee

363 2094 667 2150 imitationi
687 2109 795 2148 sum
810 2092 1111 2161 suscipiens
1125 2089 1463 2150 convivalor,
1479 2086 1707 2155 primum
1719 2084 1935 2154 quidem

373 2201 538 2242 sanos
552 2184 954 2252 incolumesque
972 2179 1453 2242 elliciet,ctelornm
1465 2176 1651 2230 oculos
1665 2189 1936 2239 reserans,

360 2275 530 2333 omini
565 2275 754 2329 morbo
793 2273 1047 2342 omnique
1082 2271 1323 2341 languori
1361 2270 1659 2322 animarum
1699 2266 1936 2334 ipsorum

363 2369 610 2432 medens;
641 2366 1042 2422 deindeiisdem
1076 2362 1372 2432 spiritalem
1403 2374 1612 2415 caenam
1639 2358 1934 2413 exhibebit.

361 2458 527 2514 Primi
559 2459 742 2528 itaque
786 2457 960 2511 vocati
1001 2465 1128 2510 sunt
1177 2451 1509 2516 circumcisi,
1544 2451 1634 2520 qui
1677 2451 1937 2502 adversus

361 2551 590 2620 gratiam
633 2548 1008 2604 contumeliosi
1051 2547 1290 2600 fuerunt.
1341 2543 1572 2598 Secundi
1621 2543 1937 2612 alienigena:

359 2641 590 2706 ethnici,
618 2641 708 2709 qui
757 2650 914 2692 antea
946 2653 1086 2692 caeca
1126 2645 1305 2690 mente
1347 2643 1525 2698 erant,
1557 2643 1612 2688 et
1659 2635 1856 2697 mutili,
1884 2641 1940 2685 ct

359 2735 558 2796 claudi.
591 2751 655 2790 ac
691 2735 846 2796 muti,
875 2734 965 2803 qui
993 2734 1154 2787 etiam
1194 2731 1449 2784 alacriter
1471 2730 1932 2798 obtemperarunt.

358 2826 479 2884 1am
524 2827 578 2881 in
623 2828 813 2897 plateis
858 2835 1158 2886 versantes,
1194 2823 1227 2876 ii
1255 2822 1509 2876 credendi
1559 2818 1802 2887 suntqui
1832 2818 1936 2871 lata

361 2919 683 2990 perditionis
716 2918 797 2971 via
838 2917 1111 2979 incedunt,
1152 2922 1206 2967 et
1240 2913 1357 2967 sine
1391 2912 1642 2966 doctrina
1677 2909 1940 2980 dogmati-

359 3015 530 3068 busve
556 3012 765 3064 vivunt.
799 3008 936 3062 Tum
968 3007 1196 3061 latentes
1227 3007 1277 3059 in
1312 3005 1544 3074 angulis,
1577 3004 1611 3058 ii
1653 3004 1745 3072 qui
1791 3001 1939 3055 mali-

2039 527 2418 598 κεκλημένων,
2459 527 2552 581 καὶ
2589 527 2674 581 διὰ
2713 528 2810 590 τὰς
2861 528 3118 598 βιωτικάς
3169 527 3424 598 ἀσχολίας
3473 546 3616 599 παρ-

2038 621 2445 690 αιτησαμένων,
2505 619 2925 688 γεύσεταίοιμου
2972 620 3066 672 τοῦ
3113 619 3362 673 δείπνου·
3395 620 3615 691 ἐτέρους

2036 711 2080 763 δ’
2123 712 2242 764 ἀντὶ
2287 711 2489 764 τούτων
2525 713 2652 774 τοὺς
2691 711 2766 780 μή
2798 710 3336 782 περιπεπλεγμένους
3370 713 3491 775 ταῖς
3519 711 3614 765 τοῦ

2040 803 2152 872 βίου
2195 803 2584 874 πραγματίαις,
2618 802 3115 873 κατοξιωθήσεσθαί
3145 820 3276 873 φησι
3307 802 3399 856 τοῦ
3431 821 3578 873 μακα
3603 835 3612 845 -

2040 897 2158 966 ρίου
2184 895 2421 959 δείπνου,
2457 894 2704 966 πτωχούς
2741 911 2892 958 τινας
2916 895 3009 948 καὶ⁵
3031 895 3264 963 τυφλοὺς
3288 895 3382 948 καὶ
3407 897 3613 964 ἀναπή-

2041 1004 2187 1059 ρους,
2232 989 2358 1051 τοὺς
2392 987 2656 1058 μηδαμῶς
2691 987 3206 1060 παραιτησαμένους
3252 987 3352 1057 τῆν
3396 986 3608 1056 κλῆσιν,

2036 1079 2122 1132 διὰ
2144 1080 2204 1132 τὸ
2232 1082 2370 1150 μήτε
2397 1080 2708 1151 ἀγοράζειν,
2748 1081 2880 1151 μήτε
2902 1080 3252 1150 πιπράσκειν,
3285 1080 3420 1150 μήτε
3449 1080 3612 1150 γάμῳ

2039 1171 2338 1242 σχολάζειν,
2373 1171 2498 1241 μήθ’
2527 1172 2617 1240 ὑφ’
2657 1172 2858 1242 ἐτέρων
2899 1169 3061 1222 τινῶν
3098 1169 3356 1222 τοιούτων
3395 1169 3608 1240 περιέλ-

2037 1264 2246 1328 κεσθαι,
2282 1263 2573 1334 προθύμως
2601 1263 2657 1316 δὲ
2695 1265 2786 1316 καὶ
2826 1262 3056 1333 ἑτοίμως
3089 1262 3478 1333 καταδέχεσθαι
3509 1263 3610 1334 τὴν

2037 1355 2214 1424 χάρινο
2247 1352 2338 1416 οὓς
2369 1355 2398 1405 ὁ
2432 1351 2665 1414 καλέσας
2693 1351 2907 1423 πρῶτον
2933 1353 3032 1422 μὲν
3057 1353 3226 1420 ὑγιεῖς
3255 1354 3606 1422 καταστήσει,

2035 1442 2146 1510 οἶός
2178 1463 2238 1498 τε
2267 1445 2341 1499 ὢν
2373 1445 2570 1517 ῥᾳδίως
2603 1447 2782 1498 πᾶσαν
2815 1445 2966 1497 νόσον
2997 1445 3091 1497 καὶ
3121 1447 3299 1497 πᾶσαν
3338 1445 3610 1515 μαλακίαν

2037 1538 2378 1609 θεραπεύεινο
2417 1537 2625 1602 ἔπειτα,
2664 1549 2770 1591 elc.
2809 1536 2888 1606 (ut
2913 1536 3016 1589 col.
3040 1537 3190 1602 575).
3222 1529 3320 1587 Ὧν
3357 1535 3611 1588 ἁπάντων

2038 1631 2336 1700 ἐπέρησαν
2365 1629 2589 1690 ἑαυτοὺς
2617 1630 2665 1680 οἱ
2695 1627 3180 1697 παραιτησάμενοι,
3205 1627 3302 1696 τῆς
3345 1625 3610 1679 Ἰουδαίων

2040 1720 2361 1790 συναγωγῆς
2389 1722 2437 1772 οἱ
2470 1721 2745 1790 ἄρχοντεςο
2786 1719 2902 1787 μεθ’
2937 1719 3029 1782 οῦς
3064 1720 3097 1788 ή
3128 1718 3335 1788 πληθὺς
3368 1721 3609 1790 ὑπήκου-

2041 1830 2153 1876 σεν,
2192 1813 2267 1876 ὡς
2314 1812 2595 1874 πλατείαις
2630 1810 2834 1873 πόλεως
2870 1813 2936 1880 τῇ
2973 1810 3112 1863 κατά
3158 1810 3321 1879 νόμον
3367 1810 3612 1882 πολιτείᾳ⁸

2040 1904 2208 1968 ζῶσα.
2237 1936 2304 1944 -
2327 1904 2480 1973 Τάχα
2501 1902 2558 1955 δὲ
2579 1901 2668 1953 διά
2693 1901 2896 1954 τούτων
2925 1902 3048 1964 τοὺς
3070 1899 3129 1964 ἐξ
3155 1900 3323 1953 ἐθνῶν
3346 1903 3610 1971 ᾐνίττετο,

2036 1997 2114 2068 τῷ
2175 1995 2339 2049 αὑτοῦ
2396 1996 2538 2064 λόγῳ
2589 1993 2867 2064 προσιέναι
2919 1992 3228 2062 μέλλοντας.
3282 1991 3523 2047 Τοιοῦτοι
3556 1995 3612 2047 δὲ

2040 2089 2286 2160 ὑπῆρχον
2313 2089 2361 2140 οί
2382 2089 2511 2158 πρὶν
2540 2085 2920 2156 εἰδωλολάτραι
2943 2083 3047 2136 ὑπὸ
3069 2083 3336 2154 δαιμόνων
3363 2087 3612 2158 πονηρῶν

2038 2179 2135 2243 τάς
2165 2178 2341 2249 ψυχάς
2381 2177 2768 2247 λελωϐημένοι·
2817 2175 2914 2238 οῦς
2943 2174 3251 2238 ἀκολούθως
3274 2179 3338 2245 τῇ
3371 2177 3610 2246 ἐπαγγε-

2037 2273 2127 2344 λία
2159 2271 2552 2342 ὑποδεξάμενος
2579 2273 2607 2330 ό
2642 2268 2929 2337 ἐστιάτωρ,
2964 2265 3156 2338 πρῶτα
3191 2267 3287 2336 μὲν
3320 2267 3492 2332 σώους
3520 2271 3613 2322 καὶ

2040 2365 2209 2432 ὑγιεῖς
2253 2365 2712 2431 ἀποκαταστήσει,
2753 2362 2970 2426 ἀνοίξας
3016 2357 3230 2425 τυφλῶν
3276 2358 3610 2430 ὀφθαλμοὺς,

2039 2456 2220 2509 πᾶσάν
2240 2473 2300 2508 τε
2325 2456 2478 2509 νόσον
2499 2457 2592 2508 καὶ
2613 2457 2794 2507 πᾶσαν
2815 2457 3084 2526 μαλακίαν
3100 2456 3208 2510 τῶν
3224 2453 3413 2524 ψυχῶν
3434 2455 3610 2508 αὐτῶν

2042 2546 2351 2616 ἰασάμενος
2381 2547 2570 2598 ἔπειτα
2601 2545 2662 2597 τὸ
2691 2547 3058 2614 πνευματικὸν
3090 2547 3271 2607 αὑτοῖς
3303 2544 3608 2616 παραθήσει

2038 2638 2274 2692 δεῖπνον.
2303 2638 2518 2708 Πρῶτοι
2557 2638 2654 2707 μὲν
2686 2633 2778 2690 οὖν
2807 2637 3111 2708 ἐκλήθησαν
3130 2639 3177 2690 οἱ
3205 2639 3268 2690 ἐκ
3290 2637 3604 2707 περιτομῆς,

2038 2733 2086 2785 οἳ
2121 2733 2214 2786 καὶ
2245 2732 2343 2802 τὴν
2378 2731 2536 2802 χάριν
2565 2729 2922 2802 καθύϐρισανο
2962 2729 3205 2798 δεύτεροι
3229 2729 3285 2781 δὲ
3320 2729 3432 2798 μετ’
3465 2727 3606 2779 ἐκεί-

2037 2843 2160 2888 νους
2187 2827 2235 2877 οἱ
2258 2826 2320 2877 ἐκ
2340 2824 2447 2877 τῶν
2473 2824 2783 2892 ἀλλοφύλων
2806 2825 2995 2882 ἐθνῶν,
3024 2825 3071 2876 οἱ
3100 2823 3228 2893 πρὶν
3254 2821 3352 2884 τάς
3376 2819 3606 2880 διανοίας

2037 2918 2225 2986 τυφλοὶ
2267 2919 2360 2970 καὶ
2404 2917 2672 2987 ἁνάπηροι
2717 2918 2810 2969 καὶ
2847 2915 3008 2986 χωλοὶ
3041 2915 3136 2968 καὶ
3183 2915 3377 2982 κωφοὶ,
3425 2913 3474 2966 οἳ
3515 2912 3611 2964 καὶ

2041 3011 2333 3082 προθύμως
2381 3011 2714 3081 ὑπήκουσαν·
2771 3005 2878 3062 εἷεν
2915 3010 2958 3062 δ’
2995 3009 3061 3062 ἂν
3105 3011 3162 3062 ἐν
3192 3007 3472 3070 πλατείαις
3511 3005 3610 3075 μὲν

360 3107 488 3160 tiam
523 3103 763 3173 quolibet
790 3109 1048 3171 prastextu
1078 3098 1272 3153 velant.
1313 3096 1751 3166 lieliquidemum
1777 3094 1935 3148 tertio

2038 3103 2084 3153 οἱ
2121 3101 2218 3170 τὴν
2247 3099 2554 3171 εὐρύχωρον
2579 3100 2678 3168 τῆς
2708 3099 2979 3162 ἀπωλείας
3010 3099 3126 3152 ὁδὸν
3161 3099 3488 3170 βαδίζοντες,
3517 3097 3612 3150 καὶ

359 3197 478 3253 loco
518 3198 585 3251 de
626 3195 729 3248 viis
765 3193 1104 3262 saepibusque
1149 3189 1360 3252 vocati,
1406 3190 1600 3243 anima:
1648 3188 1700 3241 in
1751 3187 1935 3242 lnl'eris

357 3291 611 3344 detentae.
677 3285 842 3340 Multa
909 3285 1055 3339 enim
1117 3291 1242 3337 sunt
1286 3282 1497 3336 illarntn
1579 3280 1772 3334 itinera
1816 3292 1937 3348 quae

359 3383 488 3438 hinc
548 3381 749 3434 abeunt
805 3378 1001 3448 quibus
1051 3385 1174 3445 post
1247 3373 1490 3444 corporis
1547 3372 1936 3442 depositionem

359 3474 674 3542 praedicavit
720 3468 1000 3524 Servator.
1032 3467 1338 3522 Clementer
1386 3479 1513 3520 vero
1543 3465 1607 3518 iis
1638 3465 1802 3518 etiam
1842 3478 1938 3517 ne-

359 3561 668 3616 cessitatem
699 3559 949 3628 imponit,
975 3558 1064 3627 qui
1099 3557 1332 3610 nondum
1378 3570 1472 3610 sua
1514 3553 1788 3608 voluntate
1829 3569 1939 3606 mo-

358 3662 578 3706 ventur.
607 3649 760 3705 Talis
793 3660 875 3705 cst
897 3665 1050 3704 coena
1083 3664 1204 3718 quae
1241 3648 1327 3702 hic
1355 3647 1596 3702 invitatis
1622 3656 1805 3715 parata
1831 3656 1934 3700 est.

361 3743 522 3800 Tales
549 3744 711 3799 etiam
753 3744 951 3806 vocati,
983 3757 1214 3811 quorum
1264 3741 1354 3794 alii
1386 3751 1756 3802 contumaces,
1789 3740 1938 3794 ideo-

359 3852 464 3908 que
489 3837 696 3908 jejuni;
729 3837 816 3890 alii
849 3836 1124 3904 morigeri,
1156 3833 1385 3901 idcoqne
1433 3832 1676 3886 admissi.
1702 3831 1780 3885 Tu
1809 3847 1937 3886 vero

361 3928 490 3985 mihi
517 3931 642 3984 hinc
669 3937 902 3982 mentem
934 3926 1312 3989 transfer,etc.
1347 3924 1494 3978 Beati
1523 3941 1651 3994 ergo
1672 3925 1761 3993 qui
1794 3940 1937 3979 nunc

361 4022 613 4077 esuriunt
660 4029 714 4074 et
745 4020 936 4073 sitiunt
975 4017 1262 4084 justitiam,
1294 4018 1417 4085 quia
1450 4027 1574 4071 tunc
1611 4019 1936 4071 saturabun-

363 4125 473 4178 tur,
504 4127 657 4168 cmna
691 4109 839 4180 regia
884 4109 1188 4179 epulantes,
1215 4117 1268 4162 et
1303 4108 1428 4161 vita:
1474 4123 1665 4176 panem
1713 4110 1935 4177 partici-

362 4215 574 4271 pantes,
625 4205 857 4272 novique
902 4202 1088 4255 calicis
1157 4199 1419 4253 laetitiam.
1465 4199 1704 4265 Quarum
1756 4216 1934 4255 rerum

361 4299 603 4370 symbols
654 4305 780 4350 ante
839 4295 1146 4363 passionem
1189 4307 1454 4362 peragens
1483 4289 1778 4345 Servator:
1813 4289 1937 4346 Non

363 4389 557 4453 bibam,
583 4388 778 4456 inquit,
816 4385 1004 4439 amodo
1037 4399 1102 4439 ex
1128 4384 1226 4436 hoc
1251 4384 1508 4452 genimine
1546 4383 1667 4436 vitis
1693 4399 1853 4452 usque
1881 4386 1935 4436 in

2042 3191 2282 3260 βιοῦντες
2307 3192 2432 3245 ἄνευ
2466 3190 2684 3262 διδαχῆς
2713 3191 2806 3244 καὶ
2838 3190 3122 3260 δογμάτων
3141 3206 3153 3219 ·
3197 3191 3255 3241 ὲν
3300 3189 3357 3242 δὲ
3391 3188 3609 3258 ῥύμαις.

2039 3285 2087 3336 οἱ
2140 3281 2513 3345 συστέλλοντες
2549 3282 2645 3352 τὴν
2693 3282 2892 3336 κακίαν
2931 3283 3020 3353 οῖᾳ
3059 3282 3258 3352 δήποτε
3311 3281 3608 3354 προφάσει⁹

2038 3376 2086 3428 οἱ
2112 3375 2166 3428 δὲ
2197 3375 2391 3436 λοιποὶ,
2439 3376 2486 3427 oi
2523 3375 2581 3440 ἐξ
2614 3376 2856 3445 ἐσχάτων
2889 3375 2998 3428 ἀπὸ
3036 3373 3144 3426 τῶν
3181 3373 3316 3427 ὁδῶν
3346 3374 3440 3426 καὶ
3470 3390 3612 3444 φρα-

2038 3467 2195 3538 γμῶν
2238 3467 2558 3538 καλούμενοι
2602 3468 2796 3538 τρίτοι,
2830 3467 2886 3520 αἱ
2933 3468 2989 3518 ἐν
3023 3466 3148 3537 ᾅδου
3187 3465 3376 3536 ψυχαίο
3422 3465 3613 3519 πολλαὶ

2038 3561 2146 3632 γάρ
2186 3561 2294 3613 ὁδοὶ
2339 3563 2447 3614 τῶν
2483 3559 2804 3624 ἐξελθόντων
2845 3561 2936 3613 τὸν
2972 3561 3084 3630 βίον
3117 3559 3322 3613 τοῦτον
3357 3555 3446 3622 αἷς
3478 3560 3610 3630 ἐκή-

2041 3653 2166 3723 ρυξε
2200 3651 2337 3722 μετὰ
2369 3653 2466 3722 τὴν
2499 3651 2756 3705 ἀπόθεσιν
2785 3652 2879 3704 τοῦ
2918 3651 3166 3722 σώματος
3196 3653 3224 3705 ὁ
3265 3651 3486 3722 Σωτήρο
3524 3667 3611 3718 φι-

2038 3744 2374 3816 λανθρώπως
2411 3745 2454 3796 δ’
2497 3745 2743 3815 ἀνάγκην
2775 3746 3039 3816 προσάγει
3070 3747 3181 3807 τοῖς
3213 3743 3394 3797 οὑκέτι
3423 3742 3604 3809 αὑτεξ.

2040 3838 2261 3901 ουσίοις.
2297 3838 2546 3892 Τοιοῦτον
2582 3839 2679 3908 μὲν
2708 3837 2772 3910 δὴ
2819 3839 2876 3892 τὸ
2912 3837 3146 3900 δεῖπνον,
3189 3838 3325 3908 ὅπερ
3381 3833 3614 3890 ἐνταῦθα

2037 3933 2148 3994 τοῖς
2177 3931 2489 4001 δαιτυμόσιν
2520 3932 2865 4002 ἡτοίμασταιο
2895 3933 2988 3984 καὶ
3019 3930 3247 3984 τοιοῦτοί
3273 3947 3417 3993 τινες
3437 3931 3484 3982 0i
3516 3946 3616 3982 κα-

2037 4021 2306 4091 λούμενοι,
2331 4024 2377 4075 οἱ
2408 4024 2504 4093 μέν
2535 4023 2799 4086 ἀπειθεῖς,
2829 4025 2923 4076 καὶ
2951 4023 3038 4076 διά
3070 4022 3227 4101 τοῦτο
3252 4021 3613 4092 ἀπομένοντες

2038 4113 2329 4181 ἄγευστοι·
2366 4117 2412 4167 οἱ
2450 4115 2504 4166 δέ
2541 4115 2836 4179 εὐπειθεῖς,
2868 4117 2962 4168 καὶ
2992 4115 3078 4168 διά
3108 4115 3264 4169 τοῦτο
3295 4114 3614 4189 προλαμϐα-

2038 4207 2270 4276 νόμενοι.
2306 4207 2378 4259 Σὺ
2416 4207 2471 4260 δέ
2507 4225 2596 4278 μοι
2627 4206 2874 4260 ἐντεῦθεν
2905 4207 3113 4277 μετάὸα
3154 4211 3222 4278 τῇ
3247 4207 3476 4278 διανοίᾳ,
3505 4215 3609 4262 etc.

2039 4296 2239 4367 (utcol.
2258 4296 2405 4368 572).
2427 4299 2701 4368 Μακάριοι
2733 4298 2862 4366 γοῦν
2880 4299 2944 4350 ὀί
2973 4297 3066 4351 νῦν
3098 4299 3388 4363 πεινῶντες
3416 4299 3508 4355 καὶ
3534 4298 3613 4350 δι-

2037 4387 2246 4456 ψῶντες
2265 4390 2362 4459 τήν
2383 4390 2745 4460 δικαιοσύνην,
2764 4393 2845 4444 ὅτι
2869 4391 2987 4444 τότε
3014 4390 3497 4463 χορτασθήσονται,
3519 4388 3613 4442 τοῦ

361 4483 498 4534 diem
530 4451 704 4542 illum,
735 4494 840 4546 quo
868 4477 1002 4530 illud
1037 4451 1300 4530 vobiscum
1330 4491 1516 4528 novum
1565 4476 1736 4530 bibam
1767 4451 1822 4529 in
1855 4493 1933 4530 re-

2038 4451 2252 4532 δείπνου
2280 4451 2372 4532 τοῦ
2407 4451 2695 4550 βασιλικοῦ.
2718 4451 3113 4552 ἐμφορούμενοι
3147 4482 3239 4535 καὶ
3268 4451 3615 4554 μεταλαμϐά-

362 4588 464 4643 gito
496 4569 674 4624 Patris
707 4571 806 4624 mei
833 4571 900 4622 κ.
927 4569 1089 4624 Plena
1119 4580 1201 4624 est
1231 4572 1490 4624 bonarum
1517 4583 1699 4622 rerum
1727 4583 1930 4635 mensa,

363 4680 470 4735 qua
503 4675 792 4719 vescentnr
831 4663 864 4716 ii
900 4664 1221 4731 quibuscum
1262 4661 1438 4716 foedus
1481 4663 1768 4732 disposuit,
1815 4679 1934 4731 pro-

363 4765 548 4826 pterea
584 4758 726 4825 quod
756 4771 938 4810 secum
984 4756 1036 4810 in
1089 4755 1477 4813 tentationibus
1516 4755 1931 4822 permanserint,

362 4856 425 4902 nt
467 4850 793 4918 manducent
834 4863 897 4902 ac
936 4849 1124 4902 bibant
1164 4848 1217 4900 in
1253 4863 1438 4901 mensa
1486 4847 1623 4916 ejus,
1659 4861 1797 4917 pane
1823 4861 1935 4903 cos-

2037 4588 2218 4635 νοντες
2248 4572 2340 4626 τοῦ
2380 4573 2546 4644 ἄρτου
2579 4573 2676 4642 τῆς
2707 4573 2871 4645 ζωῆς,
2903 4574 2994 4627 καὶ
3021 4574 3121 4644 τῆς
3159 4573 3496 4645 εὐφροσύνης
3519 4572 3612 4627 τοῦ

2038 4665 2225 4718 καινοῦ
2261 4665 2538 4736 ποτηρίου.
2573 4658 2673 4718 Ὧν
2701 4665 2770 4718 τά
2805 4665 3050 4736 σύμϐολα
3083 4666 3346 4720 ἐπιτελῶν
3378 4666 3484 4738 πρὸ
3517 4663 3608 4718 τοῦ

2036 4758 2238 4822 πάθους
2271 4761 2298 4811 6
2336 4759 2546 4831 Σωτὴρ,
2594 4760 2676 4812 Οὐ
2722 4757 2810 4829 μὴ
2863 4761 2996 4822 πίω,
3047 4760 3172 4830 ἔφη,
3220 4759 3323 4813 ἀπ’
3369 4758 3497 4826 ἄρτι
3542 4757 3610 4808 ἐκ

2035 4852 2251 4904 τούτου
2272 4849 2378 4903 τοῦ
2401 4850 2772 4920 γεννήματος
2787 4850 2897 4919 τῆς
2917 4851 3189 4921 ἀμπέλου
3209 4850 3318 4918 ἕως
3339 4849 3447 4919 τῆς
3472 4846 3610 4916 ἠμέ-

362 4941 482 4996 lesti
535 4941 838 4994 animarum
871 4947 1180 4993 sanctarum
1227 4941 1492 4992 nutritore
1529 4938 1682 5008 pasti,
1726 4939 1935 4992 vinum-

2038 4963 2142 5013 ρας
2179 4945 2436 5010 ἐκείνης,
2474 4942 2621 4996 ὅταν
2667 4944 2814 4998 αὐτὸ
2846 4944 2998 4998 πίνω
3035 4944 3161 5013 μεθ’
3199 4943 3366 5013 ὑμῶν
3403 4943 3612 4997 καινὸν

361 5048 469 5107 que
498 5033 512 5099 ,1
539 5033 662 5088 novi
734 5031 1020 5102 geniminis
1086 5045 1229 5086 vera:
1298 5031 1424 5085 vitis
1494 5031 1932 5102 participantes,

366 5143 527 5198 quam
561 5125 676 5196 ipse
702 5124 942 5179 omnium
984 5123 1123 5178 Deus
1158 5139 1222 5178 ac
1252 5134 1406 5192 pater
1432 5125 1702 5190 excolens,
1734 5142 1930 5180 novum

363 5234 428 5272 ex
458 5219 570 5286 ipsa
601 5218 836 5271 fructum
872 5215 1053 5284 dignis
1089 5217 1414 5284 propinabit.

2034 5041 2103 5093 ἐν
2130 5037 2202 5105 τῇ
2236 5039 2524 5104 βασιλείᾳ
2547 5037 2654 5090 τοῦ
2689 5036 2920 5105 Πατρός
2951 5035 3117 5104 ἐμοῦ·
3153 5036 3368 5109 πλήρης
3395 5034 3616 5106 ἀγαθῶν

2038 5132 2302 5201 τράπεζα,
2335 5128 2402 5202 ῆς
2434 5129 2834 5201 μεταλήψονται
2861 5122 2942 5190 οἷς
2966 5127 3063 5200 τὴν
3097 5127 3365 5199 διαθήκην
3390 5127 3614 5184 διέθετο,

2039 5223 2126 5276 διὰ
2152 5223 2212 5274 τὸ
2253 5222 2619 5292 μεμενηκέναι
2656 5222 2771 5291 μετ’
2807 5217 2972 5272 αὑτοῦ
3005 5221 3063 5273 ἐν
3097 5222 3207 5282 τοῖς
3259 5220 3614 5292 πειρασμοῖς,

364 5311 433 5367 ἶν’
463 5311 683 5366 ἐσθίωσιν
713 5311 807 5365 καὶ
857 5310 1082 5364 πίνωσιν
1128 5309 1221 5362 ἐπὶ
1260 5309 1360 5377 τῆς
1405 5309 1679 5380 τραπέζης
1729 5312 1913 5379 αὑτοῦ,
1973 5317 2120 5387 ἄρτῳ
2171 5314 2268 5385 μὲν
2308 5315 2543 5384 οὑρανίῳ
2572 5313 2760 5383 ψυχῶν
2791 5315 2961 5382 ἁγίων
3021 5311 3297 5383 θρεπτικῷ
3342 5317 3619 5383 τραφησό-

369 5422 542 5477 μενοι.
580 5405 725 5458 οἴνου
759 5404 816 5456 δὲ
858 5401 953 5456 τοῦ
1001 5401 1187 5456 καινοῦ
1215 5401 1554 5470 γεννήματος
1583 5401 1680 5472 τῆς
1708 5403 1962 5477 ἀληθινῆς
1993 5405 2242 5487 ἀμπέλου
2286 5404 2740 5477 μεταληψόμενοι,
2780 5404 2847 5474 ἢν
2882 5403 3040 5468 αὐτὸς
3066 5405 3095 5456 ὁ
3128 5403 3237 5456 τῶν
3293 5403 3431 5457 ὅλων
3485 5401 3618 5464 Θεὸς

364 5499 460 5552 καὶ
483 5499 675 5570 Πατὴρ
696 5496 958 5569 γεωργῶν
985 5497 1046 5550 τὸ
1070 5496 1253 5549 καινὸν
1271 5495 1329 5562 ἐξ
1357 5496 1526 5564 αὑτῆς
1545 5496 1788 5568 γέννημα
1813 5505 1924 5568 τοῖς
1950 5503 2070 5556 τότε
2096 5500 2264 5567 ἀξίοις
2292 5502 2534 5574 παρέξει.

505 5591 546 5622 ⁹¹
577 5589 732 5654 Quod
758 5589 805 5642 si
839 5592 964 5642 inte
995 5591 1282 5658 peccaverit
1311 5589 1476 5656 {mter
1507 5597 1652 5642 tuus.

436 5681 536 5736 llic
563 5679 680 5735 vult
707 5695 823 5746 eos,
860 5681 950 5750 qui
1003 5681 1216 5750 injuriis
1263 5678 1495 5734 lacessiti
1535 5682 1773 5750 fuerunt,
1802 5698 1930 5756 erga

437 5777 486 5812 ¹⁰
522 5775 717 5832 Matth.
746 5790 899 5842 uri,
937 5775 1027 5830 29.
1127 5776 1170 5807 "
1200 5775 1330 5831 an.
1369 5792 1500 5844 xvii,
1525 5776 1580 5833 5.

2215 5595 2357 5648 Ἐὰν
2387 5593 2456 5646 δὲ
2487 5591 2717 5662 ἁμάρτῃ
2746 5593 2834 5658 είς
2861 5590 2935 5644 σέ
2967 5595 3000 5645 ὀ
3029 5590 3290 5662 ἀδελφός
3318 5606 3454 5644 σου.

2124 5685 2387 5740 Ἐνταῦθα
2430 5685 2556 5747 τοὺς
2585 5685 2641 5737 ἐν
2688 5686 2938 5756 προκοπῇ
2973 5683 3301 5755 γενομένους
3332 5697 3620 5755 συγχωρην
