4116 6388
300 317 393 372 581
1476 317 1992 373 COMMENTARIA
2036 319 2099 373 IN
2139 319 2396 375 LUCAM.

3467 324 3575 379 582

302 434 481 496 τικοὺς
517 427 657 485 εῖναι
690 434 803 496 τοῖς
834 434 1087 486 πταίουσι
1121 433 1391 503 βούλεται,
1425 434 1747 504 θεραπεύων
1782 435 1883 487 δει-

1992 434 2288 489 oll'ensores
2327 450 2458 490 suos
2488 436 2875 504 indulgentiam
2911 451 3233 507 expromere
3270 448 3574 508 :sanatque

307 529 393 600 δὴν
420 527 576 582 νόσον
601 529 658 580 ἐν
683 527 867 589 αὐτοῖς
896 526 1154 589 πολλάκις
1197 526 1570 595 ἐμφυομένην,
1600 526 1880 578 ἐκκόπτων

297 622 395 691 τὴν
442 620 584 675 κατά
620 618 728 671 τῶν
756 618 1058 672 πταιόντων
1090 619 1390 687 ἀποτομήν.
1438 617 1882 687 Κατεπαίρεσθαι

299 710 428 781 γοῦν
462 710 753 779 εἰώθαμεν,
789 708 863 771 ὡς
897 710 1034 779 μήτε
1076 708 1452 779 παρακλήσεις
1486 708 1594 759 τῶν
1634 710 1884 778 ἡμαρτη-

301 806 491 865 κότων,
520 804 658 873 μήτε
682 802 787 854 τῶν
813 803 951 873 ὑπὲρ
974 802 1150 854 αὐτῶν
1170 802 1575 871 πρεσϐευόντων
1605 803 1883 871 ἱκετηρίας

307 896 719 969 παραδέχεσθαι·
762 894 898 965 μηδὲ
947 895 1051 965 μὴν
1102 892 1517 959 ὑπολογίζεσθαι
1555 893 1653 944 ὅσα
1685 891 1747 961 δὴ
1790 892 1883 944 καὶ

312 990 451 1041 ιὺτοὶ
496 989 544 1040 οί
579 986 854 1055 ἄνθρωποι
905 984 1188 1046 πταίοντες
1227 981 1553 1053 συγγνώμης
1596 983 1693 1052 τῆς
1731 981 1882 1051 παρὰ

304 1078 392 1133 ¹τοῦ
425 1079 659 1150 μεγάλου
700 1076 886 1148 κριτοῦ
927 1074 1178 1145 δεόμεθα.
1222 1074 1458 1135 Εἰκότως
1488 1069 1580 1126 οῦν
1628 1072 1775 1141 παρὰ
1804 1070 1883 1141 τῷ

306 1172 560 1241 ⁸ιίατθαίῳ
601 1170 693 1224 καὶ
720 1172 784 1240 τῇ
818 1167 1099 1238 παραϐολῇ
1134 1168 1421 1238 κέχρηται,
1450 1169 1507 1219 ἐν
1608 1166 1881 1234 ὀφειλέται

322 1267 625 1333 κίσάγονται,
678 1263 706 1314 ὁ
760 1261 856 1331 μὲν
905 1259 1074 1330 μυρία
1117 1260 1353 1312 τάλαντα
1402 1259 1651 1326 ὀφείλων,
1701 1257 1737 1311 ἃ
1778 1256 1883 1331 καὶ

314 1357 499 1427 μφείθη
527 1355 673 1424 αὐτῴ
712 1353 1089 1424 προσπεσόντι’
1125 1354 1153 1404 ὁ
1196 1352 1251 1405 δὲ
1282 1352 1474 1404 ἑκατὸν
1504 1350 1752 1422 δηνάρια,
1798 1350 1883 1416 ἐφ’

316 1446 380 1514 ῖς
414 1450 747 1516 ἀπεπνίγετο
781 1446 929 1517 παρά
957 1446 1051 1498 τοῦ
1086 1444 1379 1512 ἀφεθέντος
1406 1443 1473 1495 τὰ
1508 1442 1677 1494 πολλά
1703 1444 1885 1493 ἐκεῖνα

313 1541 553 1593 τάλαντα.
582 1539 658 1591 Δι’
686 1535 753 1610 ἦς
782 1538 1042 1599 διδάσκει,
1077 1539 1157 1588 ὅτι
1209 1536 1281 1605 μὴ
1318 1534 1493 1597 ἄλλως
1519 1537 1699 1604 τυχεῖν
1729 1533 1881 1586 δυνα-

310 1629 390 1683 τόν
417 1631 532 1681 ἐστι
561 1628 660 1697 τῆς
689 1627 980 1697 βασιλείας,
1012 1626 1113 1679 κᾶν
1141 1624 1309 1678 πολλά
1331 1642 1412 1686 τις
1439 1623 1779 1694 κατορθώσῃ,
1810 1623 1883 1693 μὴ

316 1724 391 1776 ;ὸν
428 1704 628 1791 ἀγαθὸν
653 1720 785 1775 Θεὸν
820 1721 1199 1791 μιμησάμενος
1230 1716 1370 1771 κατά
1394 1717 1453 1769 τὸ
1483 1716 1881 1787 ἀμνησίκακονσ

1992 526 2166 579 dirum
2221 526 2464 579 morbum
2513 540 2887 591 saepenumero
2942 527 3149 581 illorum
3186 529 3380 584 animis
3420 530 3573 586 inna-

1988 627 2253 682 scentem,
2282 626 2445 684 atque
2470 616 2651 669 odium
2681 632 2787 684 quo
2803 618 2904 671 sibi
2937 619 3208 674 maleﬁcos
3239 636 3575 692 prosequun-

1988 718 2075 760 tur
2110 720 2338 765 resecat.
2393 710 2600 780 Quippe
2644 714 2778 764 adeo
2836 712 3154 765 exacerbari
3211 712 3469 777 solemus,
3517 730 3575 774 ιιι

1986 818 2160 869 neque
2208 806 2552 871 peccattlittttl
2606 806 3037 868 obtestationes,
3080 820 3255 873 neque
3301 806 3577 875 supplices

1988 893 2413 946 intercessurum
2466 911 2656 961 preces
2703 898 3069 957 admittamus,
3130 911 3305 962 neque
3361 908 3577 966 reputo.

1987 1000 2109 1038 mus
2159 998 2362 1049 quanta
2417 996 2470 1038 ct
2522 1002 2620 1040 nos
2671 989 2920 1040 humanae
2978 989 3311 1041 comlitionis
3353 1000 3574 1055 pet-cata

1988 1077 2193 1144 ignosci
2238 1079 2395 1130 nobis
2434 1093 2461 1130 a
2498 1094 2693 1145 magno
2716 1079 2898 1143 jmlice
2930 1095 3205 1148 egeamus.
3240 1081 3379 1149 Apte
3414 1080 3578 1149 igitur

1986 1168 2123 1236 apud
2152 1168 2455 1222 Matthaenm
2479 1172 2524 1201 ¹²
2553 1172 2810 1237 parabola
2854 1170 3115 1225 Servatur
3169 1172 3359 1233 utitur,
3394 1173 3444 1224 in
3468 1186 3572 1239 qtta

1988 1262 2267 1315 debitores
2292 1263 2720 1319 introducuntur
2751 1282 2981 1334 quorum
3017 1264 3157 1318 alter
3184 1266 3368 1319 decem
3402 1265 3575 1318 millia

1989 1353 2313 1407 talentorum
2360 1356 2610 1418 debebat,
2658 1372 2778 1423 qua:
2833 1356 2933 1424 ipsi
2988 1356 3215 1423 supplici
3270 1356 3574 1409 condonata

1989 1443 2172 1507 fuere;
2210 1448 2344 1497 alter
2377 1458 2555 1497 autem
2582 1456 2798 1499 centum
2848 1447 3119 1509 denarios,
3147 1462 3376 1514 qttorutn
3411 1461 3573 1501 Causa

1988 1534 2358 1588 suil'ocabatur
2402 1539 2469 1588 ab
2506 1552 2590 1598 eo,
2636 1538 2721 1588 cui
2757 1547 2938 1588 tantus
2976 1537 3064 1589 ille
3107 1537 3434 1591 talentorum
3474 1556 3575 1591 nu-

1994 1642 2176 1678 merus
2224 1628 2485 1681 remissus
2527 1626 2722 1679 fuerat.
2755 1633 2867 1694 Qua
2913 1628 3170 1695 parabola
3220 1628 3397 1691 docet,
3433 1631 3576 1683 haud

1996 1718 2165 1772 licere
2219 1733 2444 1787 regnum
2500 1719 2750 1787 adipisci,
2804 1734 3115 1787 quanquam
3167 1721 3366 1788 alioqui
3409 1722 3574 1774 multa

302 1814 601 1886 επειδήπερ
636 1816 667 1886 ἡ
708 1813 971 1884 βασιλεία,
999 1813 1175 1883 κρίσει
1218 1813 1343 1873 τοὺς
1376 1808 1556 1873 ἀξίους
1588 1809 1883 1879 παραδεχο-

1994 1820 2137 1863 recte
2160 1808 2359 1877 aliquis
2394 1810 2602 1873 fecerit,
2643 1810 2743 1862 nisi
2785 1810 2876 1863 Dei
2911 1812 3206 1863 bonitatem
3252 1812 3576 1879 injuriarum

304 1908 459 1980 μένη,
489 1910 615 1971 τοὺς
648 1907 722 1978 μὴ
767 1906 1211 1977 συγχωρητικοὺς
1254 1903 1346 1956 καὶ
1391 1902 1483 1954 τὸν
1531 1899 1731 1967 ἀγαθὸν
1777 1898 1886 1950 τῶν

299 2000 434 2053 ὅλων
480 1998 680 2077 κριτὴν
704 1998 845 2051 κατὰ
890 1996 1047 2050 τοῦτο
1077 1995 1444 2066 μιμουμένους
1487 1993 1547 2045 οὐ
1596 1990 1888 2062 παραδέχεα

299 2111 408 2146 ται.
440 2093 515 2146 Οὐ
545 2092 653 2162 γὰρ
678 2090 742 2144 ἂν
776 2090 889 2161 ἔχει
916 2106 1000 2152 τις
1027 2089 1200 2141 εἰπεῖν
1229 2085 1465 2138 τοσαῦτά
1488 2101 1608 2137 τινα
1634 2082 1887 2152 πεπλημ-

307 2186 600 2257 μεληκέναι
633 2186 713 2246 εἰς
739 2182 951 2244 ἑαυτὸν,
976 2183 1075 2234 ὃσα
1103 2197 1208 2250 περ
1254 2179 1413 2241 αὐτὸς
1434 2178 1525 2229 τὸν
1551 2176 1729 2228 πάντα
1755 2174 1884 2243 χρό-

301 2295 390 2330 νον
410 2278 506 2346 τῆς
526 2276 690 2329 αὑτοῦ
713 2277 855 2346 ζωῆς
872 2274 1022 2345 παρὰ
1044 2275 1105 2326 τὸ
1130 2272 1373 2342 βούλημα
1395 2270 1487 2322 τοῦ
1510 2268 1645 2320 Θεοῦ
1675 2266 1884 2338 πράξας

308 2363 584 2438 δφὲιλέτης
609 2367 743 2420 ἐστί·
774 2366 905 2419 ποτὲ
933 2366 1029 2436 μὲν
1054 2364 1164 2434 γὰρ
1186 2363 1275 2416 διὰ
1294 2361 1385 2414 τοῦ
1409 2360 1568 2428 λόγου
1594 2359 1881 2427 πταίομεν,

300 2461 430 2513 ποτὲ
464 2460 519 2512 δέ
559 2460 625 2512 δι’
660 2459 898 2529 αἰσχρῶν
933 2458 1027 2510 καὶ
1071 2455 1323 2526 πονηρῶν
1359 2449 1791 2522 ἐπιθυμημάτων
1826 2466 1883 2501 τε

298 2555 395 2606 καὶ
446 2552 717 2624 πράξεων.
768 2552 915 2621 Πλὴν
957 2551 1106 2619 ὅμως
1158 2547 1396 2601 τοσαῦτα
1430 2544 1735 2605 πταίοντες,
1784 2542 1883 2593 οὐκ

297 2642 743 2712 ἀπογινώσκομεν
769 2641 867 2703 τὰς
892 2640 1042 2709 παρά
1072 2640 1148 2708 τῷ
1178 2638 1296 2709 Θεῷ
1323 2636 1560 2699 ἐλπίδας,
1588 2635 1675 2687 διὰ
1700 2634 1760 2685 τὸ
1800 2651 1885 2701 φι-

297 2731 615 2801 λάνθρωπον
644 2730 737 2782 καὶ
762 2728 1084 2792 ἀνεξίκακον
1106 2727 1230 2796 ὲλεη
1241 2725 1458 2796 μονικόν
1481 2741 1539 2775 τε
1564 2724 1655 2775 καὶ
1683 2738 1885 2791 συγχωο

300 2821 523 2891 ρητικδν
557 2818 649 2873 τοῦ
685 2817 842 2871 Θεοῦ.
890 2818 1097 2870 Οὐκοῦν
1137 2816 1328 2869 ἕπεται
1373 2814 1450 2882 τῷ
1497 2812 1644 2881 αὐτῷ
1678 2812 1879 2882 μέτρῳ,

300 2912 393 2965 καὶ
425 2913 571 2982 ἡμᾶς
615 2914 831 2983 μετρεῖν
865 2912 978 2972 τοῖς
1012 2912 1091 2970 εἰς
1122 2908 1273 2978 ἡμᾶς
1318 2906 1712 2975 ἁμαρτάνουσι·
1750 2903 1882 2972 μηδέ

300 3003 441 3057 κατὰ
485 3002 575 3056 τὸν
621 3003 825 3073 Πέτρον
860 3000 1326 3071 ἀκριϐολογεῖσθαι
1367 3000 1431 3068 τῇ
1481 2995 1879 3065 φιλανθρωπίᾳ,

299 3092 392 3146 καὶ
438 3091 631 3162 μέχρις
665 3090 889 3160 έϐδόμου
924 3088 1155 3159 ἀριθμοῦ
1192 3090 1301 3150 τοῖς
1333 3088 1411 3147 εἰς
1457 3086 1604 3155 ἡμᾶς
1629 3088 1880 3155 ἡμαρτη-

1991 1903 2271 1956 oblivione
2314 1904 2580 1956 imitetur.
2618 1902 2750 1955 Nam
2807 1919 3027 1971 regnum
3065 1904 3206 1971 quod
3246 1904 3462 1957 nonnisi
3496 1903 3579 1972 ju-

1991 1995 2132 2047 dicio
2180 1996 2435 2063 probatos
2489 1996 2703 2063 recipit,
2741 1996 2932 2047 alienis
2980 2010 3008 2048 a
3058 1996 3349 2049 clementia
3400 2012 3577 2065 neque

1989 2086 2230 2140 Omnium
2255 2085 2498 2151 judicent
2539 2086 2639 2139 hac
2674 2088 2872 2139 virtute
2906 2085 3244 2140 imitantibus
3292 2088 3574 2158 haudqua-

1989 2192 2147 2243 quam
2192 2188 2359 2245 patet.
2405 2176 2588 2245 Neque
2632 2178 2777 2230 enim
2822 2177 3133 2245 quempiam
3181 2188 3328 2231 tanta
3373 2180 3426 2231 in
3470 2195 3573 2235 nos

1988 2282 2242 2336 peccasse
2271 2266 2685 2329 aﬂirmabimus,
2718 2279 2917 2334 quanta
2952 2280 3159 2321 nosmet
3182 2284 3278 2339 per
3305 2270 3575 2323 universae

1988 2360 2112 2412 vita:
2158 2370 2370 2428 tempus
2414 2360 2679 2413 adversus
2716 2359 2807 2412 Dei
2839 2360 3171 2414 voluntatem
3204 2363 3564 2427 patravintus,

1989 2451 2219 2520 ideoque
2260 2452 2534 2505 debitores
2596 2454 2891 2505 evasimus.
2953 2452 3084 2505 Nam
3112 2453 3277 2505 modo
3326 2468 3576 2508 sermone

1987 2543 2330 2605 oﬂ’enditnus,
2362 2544 2519 2597 modo
2564 2546 2808 2612 turpibus
2842 2545 3160 2611 vitiosisque
3190 2544 3574 2611 cupiditatibus

1985 2644 2148 2703 atque
2187 2636 2414 2688 aclibus.
2454 2634 2819 2689 Nihilominus
2865 2638 2954 2705 qui
3010 2646 3156 2689 tanta
3185 2636 3571 2703 delinquimus,

1989 2726 2234 2779 litluciaut
2284 2726 2528 2793 placandi
2582 2726 2673 2778 Dei
2725 2742 2830 2779 non
2861 2727 3187 2790 omittimus,
3218 2742 3375 2794 quem
3412 2724 3573 2780 bette-

1988 2818 2163 2869 volunt
2212 2817 2550 2875 hominibus.
2598 2819 2896 2885 patientem
2933 2834 2995 2869 ac
3044 2818 3450 2872 misericordem
3481 2834 3573 2872 ve-

1987 2908 2198 2975 niaeque
2252 2924 2480 2974 pronum
2530 2909 2752 2962 scimus.
2810 2909 3249 2963 Consentaneum
3286 2919 3369 2962 est
3408 2910 3573 2978 igitur

1987 3009 2044 3050 ut
2072 3006 2258 3052 eadem
2305 3015 2561 3053 mensura
2615 3000 2701 3063 iis,
2729 3015 2959 3066 quorum
3002 3000 3222 3054 offensae
3264 3002 3316 3053 in
3351 3016 3450 3055 nos
3481 3014 3574 3056 ex-

1986 3090 2262 3149 stiterunt,
2309 3089 2611 3158 largiamur
2643 3109 2655 3143 :
2684 3106 2881 3159 neque,
2914 3102 2970 3143 ιιι
3000 3094 3126 3145 olim
3165 3090 3357 3145 Petrus
3374 3092 3444 3157 ”,
3476 3093 3575 3144 mi-

299 3183 418 3235 κόσι
448 3184 747 3253 συγχωρεῖν
767 3196 780 3210 ⁸
823 3180 963 3234 κατά
994 3180 1049 3232 δέ
1084 3180 1173 3231 τὸν
1204 3176 1462 3248 συμπαθῆ
1496 3176 1591 3229 καὶ
1618 3175 1883 3245 ἐλεήμονα

1991 3190 2114 3232 nuta
2156 3181 2528 3234 benevolentia
2576 3182 2768 3245 simus,
2813 3198 2987 3251 neque
3019 3182 3336 3249 injuriarmn
3380 3184 3574 3237 remis-

298 3272 528 3343 Σωτῆρα
560 3273 718 3344 μέχρι
745 3271 837 3324 τοῦ
876 3270 1338 3341 ἑϐδομηκοντάκις
1381 3268 1540 3321 ἑπτά·
1578 3268 1638 3319 οὐ
1670 3268 1886 3330 πάντως

303 3365 367 3419 τά
381 3365 617 3419 τοσαῦτα
633 3361 1162 3435 περιεργαζομένους
1180 3362 1397 3433 ἁμαρτῆ
1409 3378 1572 3431 ματα,
1592 3362 1684 3413 καὶ
1699 3360 1846 3412 ὥσπε
1858 3376 1887 3429 ρ

304 3457 620 3531 Ξιναγραφὴν
642 3456 819 3511 αὐτῶν
854 3455 1209 3527 ποιουμένους
1238 3453 1360 3507 καθ’
1386 3453 1624 3522 ἑκάστην
1651 3453 1884 3523 ἡμέραν,

303 3558 363 3603 ;κ
392 3549 450 3603 δὲ
490 3549 679 3602 τούτου
720 3548 781 3601 τὸ
821 3547 1203 3619 ἀπεριόριστον
1235 3545 1681 3615 διδασκομένους.
1714 3544 1887 3596 Πυθο-

303 3641 463 3710 μένου
489 3640 598 3711 γὰρ
622 3639 715 3692 τοῦ
741 3639 948 3710 Πέτρου
975 3639 1067 3691 ἐττί⁸
1091 3638 1275 3699 πόσοις
1298 3639 1410 3699 τοῖς
1430 3637 1509 3698 είς
1538 3636 1684 3705 ἡμᾶς
1710 3636 1888 3705 ἁμαρ-

303 3732 614 3803 τανομένοις
660 3732 960 3801 συγχωρεῖν
1020 3729 1149 3790 δέοι,
1197 3728 1290 3780 καὶ
1329 3726 1562 3798 ἀριθμὸν
1607 3726 1887 3797 ὁρίσαντος

302 3826 389 3879 τὸν
432 3826 537 3888 ἕως
578 3826 828 3887 ἑπτάκις,
863 3826 891 3876 ό
924 3823 1116 3892 Σωτὴρ
1156 3821 1245 3873 τὸν
1288 3820 1392 3882 ἕως
1427 3817 1886 3889 ἑϐδομηκοντάκις

299 3919 438 3973 ἑπτὰ
466 3919 749 3989 εἰσήγαγε,
785 3916 905 3969 καθ’
932 3915 990 3967 ὃν
1013 3915 1091 3967 δεῖ
1117 3914 1211 3966 καὶ
1236 3914 1386 3983 ἡμᾶς
1414 3912 1651 3979 ἀφιέναι,
1680 3910 1886 3971 εἰδότας

302 4012 393 4062 καὶ
421 4008 839 4080 πεπεισμένους,
867 4006 941 4069 ὡς
974 4006 1124 4059 ἔσται
1155 4004 1347 4073 καιρὸς
1377 4004 1499 4056 καθ’
1530 4003 1587 4055 ὃν
1617 4000 1885 4071 συναρθή-

302 4119 452 4155 σεται
493 4103 627 4173 πρὸς
678 4102 823 4169 ἡμᾶς
856 4100 1013 4166 λόγος
1049 4098 1154 4150 ὑπὸ
1187 4097 1283 4149 τοῦ
1338 4096 1555 4148 πάντων
1608 4093 1794 4164 κριτοῦ
1826 4109 1884 4144 τε

300 4195 393 4246 καὶ
424 4192 707 4263 βασιλέως,
738 4191 957 4244 ἐπειδὰν
987 4191 1035 4243 οἰ
1066 4189 1264 4252 πάντες
1291 4188 1659 4259 παραστῶμεν
1690 4184 1767 4254 τῷ
1798 4184 1888 4255 βήο

304 4302 430 4355 ματι
456 4283 642 4347 αὐτοῦ,
674 4285 760 4337 ὅτε
864 4282 1047 4355 μέτρῳ
1078 4282 1405 4354 μετροῦμεν,
1432 4278 1888 4349 ἀντιμετρηθήσε-

297 4394 388 4430 ται
415 4377 566 4447 ήμῖν.
616 4377 674 4428 '0
724 4376 821 4446 μὲν
861 4375 969 4447 γὰρ
1008 4376 1181 4447 μέγας
1223 4373 1476 4444 βασιλεὺς
1504 4370 1753 4424 ἐντεῦθεν
1782 4370 1882 4441 ἤδη

298 4471 464 4524 πᾶσιν
484 4472 618 4541 ἡμῖν
642 4471 753 4532 τοῖς
774 4466 1195 4539 χρεωφειλέταις
1222 4463 1431 4518 πολλῶν
1452 4462 1727 4517 ταλάντων
1744 4461 1885 4513 κατὰ

1990 3272 2195 3326 sionem
2235 3275 2551 3341 septenario
2596 3289 2822 3328 numero
2870 3286 3242 3340 coarctemus;
3296 3274 3404 3327 imo
3445 3290 3573 3329 vero

1989 3365 2297 3431 septuagies
2348 3367 2551 3433 septies
2600 3382 2721 3419 cum
2781 3367 3049 3420 clemente
3124 3366 3574 3435 misericordique

1992 3453 2282 3508 Servatore
2354 3472 2666 3524 parcanms.
2744 3458 2921 3523 Quare
2988 3457 3223 3511 olTensas
3282 3474 3349 3511 ne
3383 3457 3573 3511 sedulo

1988 3546 2331 3610 vettliletnus,
2368 3563 2542 3614 neque
2589 3551 2781 3602 harum
2824 3549 2985 3602 veluti
3033 3549 3485 3602 conuttentariutn
3519 3550 3570 3603 in

1991 3636 2106 3690 dies
2131 3638 2503 3692 conficiamus.
2534 3639 2685 3693 Nunc
2711 3642 2855 3693 enim
2883 3640 3275 3707 indulgentiam
3317 3641 3436 3701 sine
3467 3641 3573 3694 line

1994 3727 2271 3782 docemur.
2318 3729 2531 3782 Etenim
2582 3731 2954 3799 interrogante
3002 3730 3164 3785 Petro
3198 3732 3412 3797 quoties
3442 3746 3574 3801 pec-

1989 3819 2244 3872 cantibus
2290 3823 2552 3875 adversus
2600 3836 2698 3874 nos
2732 3822 3009 3890 indulgere
3048 3832 3352 3891 Oporteret,
3383 3839 3571 3875 nume-

1995 3926 2224 3978 rumque
2264 3912 2630 3981 septenarium
2669 3913 2983 3979 delinientc,
3018 3912 3279 3967 Servatur
3303 3930 3471 3984 usque
3501 3915 3568 3967 ad

1990 4004 2308 4072 septuagies
2356 4005 2555 4070 septies
2604 4006 2858 4073 produxit
2909 4007 3079 4060 venite
3140 4008 3330 4059 dandae
3360 4024 3387 4057 a
3418 4007 3571 4060 nobis

1991 4109 2310 4158 numerum;
2341 4095 2505 4162 probe
2555 4097 2810 4148 nimirum
2855 4099 3113 4159 consciis,
3144 4107 3356 4165 tempus
3402 4096 3571 4152 adure

1989 4202 2095 4253 quo
2128 4187 2366 4241 rationes
2388 4189 2665 4240 nobiscum
2692 4190 3045 4255 ponenturab
3069 4190 3359 4241 universali
3390 4188 3570 4257 judice

1988 4295 2050 4331 ac
2080 4294 2224 4347 rege,
2255 4296 2375 4333 cum
2413 4296 2601 4333 omnes
2651 4292 2777 4332 ante
2820 4280 2940 4347 ejus
2983 4281 3218 4333 tribunal
3272 4282 3570 4334 constitue-

1991 4387 2131 4427 mur.
2154 4382 2209 4423 et
2241 4388 2344 4439 qua
2395 4388 2649 4424 mensura
2691 4373 2862 4426 mensi
2912 4372 3195 4433 fuerimus,
3252 4380 3569 4429 remettetur

1990 4463 2164 4514 nobis.
2191 4461 2399 4515 Etenim
2432 4478 2573 4517 nunc
2616 4480 2842 4532 magnus
2870 4480 2962 4518 rex
3002 4464 3216 4518 cunctis
3244 4466 3397 4519 nobis
3432 4466 3571 4519 mul-

297 4561 359 4614 τὸ
386 4562 595 4634 πρέπον
615 4560 778 4613 αὑτοῦ
805 4562 871 4629 τῇ
896 4558 1089 4628 φιλανθ
1098 4557 1280 4629 ρωπίᾳ
1304 4556 1363 4608 τὸ
1382 4557 1487 4607 πᾶν
1508 4556 1677 4623 ἀνῆκε
1701 4554 1878 4623 χρέος,

1990 4563 2164 4606 torum
2198 4555 2523 4607 talentorum
2561 4555 2922 4621 debitoribus,
2951 4567 3106 4626 prout
3142 4572 3295 4609 suam
3323 4557 3565 4611 clemen-

296 4652 421 4716 δοὺς
467 4652 660 4722 ἄφεσιν
709 4650 1121 4719 ἁμαρτημάτων
1170 4648 1264 4701 καὶ
1316 4644 1601 4713 ἐξαλείψας
1632 4644 1706 4696 τὸ
1758 4642 1879 4696 καθ’

296 4743 456 4815 ἡμῶν
480 4743 859 4815 χειρόγραφον·
902 4743 1065 4811 ἡμεῖς
1098 4739 1141 4791 δ’
1181 4741 1273 4791 ἐπὶ
1316 4738 1541 4809 βραχέσι
1574 4736 1880 4805 πταίσμασι

298 4838 423 4900 τοὺς
468 4836 786 4897 συνδούλους
830 4832 1225 4902 ἀποπνίγομεν,
1262 4832 1355 4883 καὶ
1399 4827 1880 4900 παρακαλούμενοι

295 4930 358 4982 o6
410 4927 800 5002 συγχωροῦμεν
830 4925 898 4978 τὰ
926 4926 1006 4987 εἰς
1053 4924 1201 4993 ἡμᾶς
1245 4921 1603 4990 ἐπταισμένα,
1656 4919 1728 4989 μὴ
1760 4919 1881 4970 ἐπι-

300 5020 623 5093 μετροῦντες
662 5021 732 5073 τά
763 5018 853 5071 ῖσα
892 5011 973 5079 οἷς
1006 5014 1156 5086 παρά
1198 5012 1331 5066 Θεοῦ
1366 5014 1743 5082 τετυχήκαμεν
1773 5012 1884 5071 τοῖς

307 5112 585 5185 ἡμετέροις
629 5111 888 5173 οἰκέταις.
922 5107 1173 5176 eam»;
1215 5100 1308 5158 οὖν
1340 5104 1713 5173 ἀγανάκτησις
1758 5099 1882 5154 καθ’

303 5206 453 5278 ἡμῶν
478 5204 903 5275 ἐξενεχθήσεταιο
948 5202 1041 5255 καὶ
1075 5202 1106 5254 ό
1142 5199 1242 5271 τὴν
1270 5199 1452 5252 πᾶσαν
1486 5197 1618 5267 ἡμῖν
1659 5192 1883 5265 ὀφειλὴν

301 5302 455 5369 ἀφεὶς
485 5298 761 5368 Δεσπότης
800 5296 977 5349 οὐκέτ’
1021 5294 1222 5364 ἀφήσει
1269 5292 1419 5361 ἡμῖν’
1456 5287 1570 5341 ἀλλ’
1617 5279 1661 5353 ᾧ
1700 5286 1882 5356 μέτρῳ

298 5394 727 5465 μεμετρήκαμεν
756 5387 1073 5458 ἁσυμπαθεῖ
1097 5386 1191 5440 καὶ
1225 5382 1432 5437 ἀνελεεῖ
1468 5379 1563 5433 καί¹
1595 5378 1877 5447 ἀποτόμῳ,

294 5485 653 5555 ἐπιμετρήσει
697 5483 847 5552 ἡμῖν·
880 5478 972 5532 καὶ
1000 5478 1091 5531 τὸν
1124 5476 1185 5541 ἐξ
1222 5474 1375 5546 ἡμῶν
1422 5475 1565 5527 κατὰ
1592 5470 1701 5524 τῶν
1742 5472 1879 5541 ἠμε-

295 5576 469 5647 τέρων
499 5572 797 5628 συνδούλων
822 5573 946 5642 ὅρον
976 5569 1097 5623 καθ’
1125 5568 1282 5639 ἡμῶν
1318 5566 1637 5638 ἐπαρτήσει.
1687 5560 1879 5630 Ἐφεύ-

372 5764 604 5822 "Matth
660 5779 813 5830 xvm,
845 5761 935 5817 24.
1014 5761 1059 5793 ’³
1089 5758 1243 5826 ibid.,
1271 5760 1362 5814 21.

1982 4647 2110 4699 tiam
2158 4643 2402 4707 decebat,
2446 4645 2688 4697 debitmn
2731 4646 2961 4710 remisit,
3003 4649 3137 4699 dans
3184 4646 3424 4715 peccatis
3478 4661 3571 4699 ve-

1984 4737 2173 4799 niam,
2220 4734 2513 4805 delensque
2567 4738 2828 4805 scriptum
2888 4747 3075 4791 contra
3132 4754 3228 4792 nos
3293 4738 3569 4806 chirogra-

1984 4828 2145 4898 phum
2181 4842 2195 4878 :
2225 4843 2321 4879 nos
2353 4838 2533 4882 autem
2570 4830 2714 4883 leves
2753 4832 2822 4883 ob
2850 4830 3039 4898 culpas
3075 4845 3366 4884 cooservos
3396 4829 3567 4885 δυσο-

1986 4934 2194 4982 camus,
2220 4928 2383 4986 atque
2419 4919 2687 4973 obsecrati
2736 4921 2959 4974 minime
2993 4923 3320 4975 remittimus
3349 4938 3468 4990 qua:
3510 4923 3565 4977 in

1990 5026 2089 5065 nos
2111 5019 2333 5078 peccata
2371 5010 2601 5075 fuerint;
2640 5010 2997 5066 fatniliarihus
3038 5014 3238 5067 nostris
3286 5014 3426 5066 haud
3467 5028 3567 5080 pa-

1988 5106 2067 5156 ria
2112 5101 2377 5156 facientes
2409 5102 2496 5165 iis,
2544 5119 2664 5172 quae
2707 5119 2808 5158 nos
2834 5120 2862 5156 a
2897 5104 3013 5159 Deo
3044 5105 3323 5159 consecuti
3355 5120 3563 5160 sumus.

1987 5194 2184 5249 Merito
2225 5194 2407 5260 itaque
2449 5197 2606 5248 nobis
2634 5195 2904 5248 irascetur
2936 5196 2981 5249 is
3006 5198 3095 5263 qui
3128 5209 3290 5248 omne
3320 5194 3562 5248 debitum

1986 5286 2142 5339 nobis
2195 5287 2601 5340 condonaverat
2650 5287 2906 5341 Dominus
2952 5305 2965 5340 :
3009 5301 3183 5356 neque
3230 5286 3344 5355 jam
3406 5285 3567 5339 nobis

1986 5391 2203 5449 parcet;
2271 5381 2361 5434 sed
2403 5396 2508 5448 qua
2566 5396 2820 5435 mensura
2880 5382 3051 5435 mensi
3100 5381 3390 5442 fuerimus,
3429 5380 3563 5436 dura

1986 5471 2256 5539 videlicet,
2286 5471 2720 5527 immisericorde
2750 5482 2804 5527 et
2824 5487 3040 5541 aspera,
3068 5473 3255 5525 eadem
3294 5472 3448 5526 nobis
3479 5487 3564 5526 re-

1984 5564 2221 5630 tribuet;
2243 5563 2549 5645 _latamque
2582 5579 2612 5618 a
2646 5563 2801 5620 nobis
2847 5566 3106 5619 adversus
3145 5576 3435 5619 conservos
3464 5578 3564 5619 no-
