4116 6380
468 355 576 412 585

1145 356 1412 413 EUSEBII
1451 356 1927 413 CESARIENSIS
1958 359 2119 417 ‘OPP.
2161 360 2343 416 PARS
2378 360 2465 415 Ill.
2504 391 2575 401 ——
2607 359 3016 417 EXEGETECA.

3618 357 3723 413 58"

468 482 612 529 stros
657 473 1006 537 sententiam,
1040 470 1107 525 de
1139 471 1408 524 nobismet
1442 471 1652 539 pariter
1678 472 1841 526 dicet.
1872 471 2024 528 Secu:

2151 494 2231 547 ροι
2260 478 2316 530 δέ
2347 495 2429 541 τις
2456 477 2635 549 ἐαυτῷ
2669 476 2890 548 μέθοδον
2912 475 3123 548 ἀγαθῆς
3151 476 3479 546 ἀποφάσεως
3502 475 3603 545 τῆς
3632 463 3725 530 ἐπὶ

466 577 598 618 vero
628 564 759 618 licet
798 565 994 632 cuique
1033 564 1189 616 bona:
1225 563 1506 615 sententia:
1547 576 1716 631 genus
1752 563 1857 617 sibi
1906 566 2046 633 apud

466 654 597 709 illud
643 656 875 709 tribunal
919 667 1262 721 comparare,
1313 652 1356 705 si
1393 652 1511 720 ipse
1559 662 1715 707 antea
1769 654 1842 707 sit
1889 653 2045 709 beui-
2084 702 2091 707 .

466 761 624 814 guns,
664 754 718 797 et
748 746 940 799 alienis
964 755 1155 799 contra
1181 758 1238 797 se
1263 744 1503 812 peccatis
1536 744 1829 813 indulgeat.

642 837 687 868 "
713 836 780 890 Et
827 839 999 890 dicent
1033 838 1178 889 vobis
1202 854 1220 891 :
1247 836 1382 889 Ecce
1409 838 1517 902 hic,
1551 837 1628 893 rel
1657 853 1772 890 erce
1802 838 1932 891 illic.

535 928 661 983 Haec
693 930 992 983 secundum
1044 927 1352 980 Matthmnm
1403 928 1544 979 dicta
1586 936 1710 980 sunt
1751 928 1818 982 de
1853 926 2042 981 lliern-

463 1021 795 1090 solymorum
845 1021 1081 1073 excidio.
1134 1019 1317 1085 Quare
1370 1018 1477 1072 illic
1522 1017 1867 1072 addebatur:
1899 1017 2042 1071 Tunc

459 1113 548 1182 qui
580 1112 637 1164 in
685 1109 880 1164 Juda‘a
915 1123 1057 1175 sunt,
1085 1111 1296 1179 fugiunt
1326 1111 1393 1162 ad
1426 1120 1631 1163 utentes
1657 1109 1723 1162 ’⁸.
1754 1109 2042 1162 Verumta-

461 1222 583 1260 men
623 1206 709 1259 hic
743 1206 809 1259 de
837 1204 1163 1259 Antichristi
1203 1203 1540 1273 temporibus
1567 1202 1829 1256 Servator
1866 1202 2042 1272 prolo-

461 1296 679 1365 quitur;
715 1297 944 1365 ideoque
972 1298 1135 1351 verba
1172 1296 1259 1349 illa
1290 1310 1399 1349 non
1427 1294 1828 1365 adjunguntur.

600 1388 646 1420 ³⁸
670 1386 911 1441 Primum
944 1398 1146 1457 oportet
1176 1388 1327 1441 illum
1359 1387 1527 1441 multa
1553 1390 1684 1456 pati.

532 1479 626 1534 llis
655 1481 836 1535 verbis
862 1480 1101 1534 futuram
1136 1494 1351 1549 quoque
1385 1479 1679 1549 aliquando
1712 1481 2037 1550 apostasiam

460 1570 640 1625 innuit
666 1572 792 1624 dum
831 1572 908 1624 ait
940 1587 954 1624 :
994 1570 1233 1624 Primum
1272 1579 1486 1639 oportet
1523 1570 1669 1622 illum
1712 1572 1875 1625 multa
1903 1574 2033 1640 pati,

457 1672 513 1713 et
551 1661 831 1731 reprobari
879 1674 908 1713 a
954 1660 1309 1729 generatione
1348 1660 1472 1721 hac,
1502 1675 1693 1727 nempe
1733 1659 2034 1715 hominum.

459 1751 591 1805 Nam
643 1752 917 1821 repulsum
957 1760 1121 1819 atque
1167 1751 1533 1819 improbatum
1581 1751 1645 1804 iri
1684 1750 2033 1822 Evangeliqu

2147 570 2241 622 τοῦ
2280 570 2658 641 δικαιωτηρίου
2692 568 3204 639 ἐξενεχθησομένης,
3233 571 3282 622 εί
3318 567 3604 641 προλαϐὼν
3633 581 3726 636 γε-

2146 679 2288 716 νοιτο
2318 662 2695 734 φιλάνθρωπος
2742 663 2836 714 καὶ
2877 660 2984 715 τῶν
3019 662 3098 724 εις
3135 661 3298 714 αὑτὸν
3342 659 3726 732 ἁμαρτανομέ-

2145 771 2250 808 νων
2282 755 2710 826 συθτχωρητικός.

2247 847 2356 899 Καὶ
2385 846 2631 916 ἐροῦσιν
2658 848 2830 916 ὑμῖν·
2878 846 3022 901 Ἰδοὺ
3055 840 3192 910 ὦδε,
3237 846 3274 913 ἣ
3306 845 3434 899 ιδοὺ
3468 844 3611 900 ἐκεῖ.

2215 934 2397 988 Ταῦτα
2439 936 2579 990 κατὰ
2623 937 2720 1006 μὲν
2768 937 2859 989 τὸν
2898 935 3172 990 Ματθαῖον
3215 935 3433 1002 ἐλέγετο
3470 935 3599 1005 περὶ
3623 934 3723 1005 τῆς

2142 1023 2478 1096 ἐρημώσεως
2541 1026 2896 1097 Ἰερουσαλήμ
2928 1026 3075 1096 (66)·
3126 1026 3207 1079 διὸ
3239 1027 3335 1079 καὶ
3366 1026 3716 1097 προσέκειτο

2148 1116 2285 1169 Τότε
2312 1119 2365 1169 οἱ
2392 1117 2461 1169 ἐν
2498 1116 2573 1185 τῇ
2624 1119 2883 1184 Ἰουδαίᾳ
2926 1117 3313 1187 φευγέτωσαν
3340 1119 3428 1181 είς
3468 1120 3541 1170 τὰ
3587 1118 3717 1187 ὄρη·

2141 1206 2373 1259 ἐνταῦθα
2403 1208 2459 1260 δὲ
2477 1209 2604 1279 περὶ
2632 1208 2739 1261 τῶν
2773 1210 2980 1281 καιρῶν
3007 1211 3099 1263 τοῦ
3134 1209 3500 1279 Ἀντιχρίστου
3527 1208 3720 1280 προλέ-

2140 1315 2254 1367 γει·
2291 1298 2370 1351 διὺ
2396 1300 2457 1352 ού
2498 1300 2816 1371 πρόσκειται
2849 1302 3024 1356 τοῦτο.

2387 1390 2627 1458 Πρῶτον
2664 1392 2757 1445 δεῖ
2786 1394 2972 1447 αὐτὸν
3009 1391 3209 1447 πολλὰ
3233 1391 3446 1445 παθεῖν

2206 1482 2511 1537 Αίνίττεται
2531 1484 2587 1537 δὲ
2619 1485 2712 1537 καί
2734 1486 2791 1536 ὲν
2819 1484 3031 1547 τούτοις
3056 1486 3155 1556 τήν
3182 1500 3312 1536 ποτε
3344 1483 3715 1553 γενησομένην

2137 1575 2474 1628 ἀποστασίαν
2512 1575 2714 1629 εἰπών’
2751 1577 2973 1648 Πρῶτον
3007 1575 3065 1628 δὲ
3093 1575 3174 1627 δεῖ
3201 1575 3365 1628 αὐτὸν
3400 1573 3571 1627 πολλά
3606 1590 3714 1626 πα-

2137 1666 2249 1718 θεῖν
2282 1666 2375 1719 καὶ
2407 1666 2908 1738 ἀποδοκιμασθῆναι
2953 1667 3062 1720 ἀπὸ
3108 1668 3205 1736 τῆς
3248 1668 3441 1735 γενεᾶς
3483 1664 3709 1735 ταὺτης,

2134 1758 2373 1829 δηλονότι
2418 1759 2520 1829 τῆς
2564 1759 2672 1812 τῶν
2708 1759 3036 1831 ἀνθρώπων-
3069 1757 3440 1829 ἁποϐληθῆναι
3478 1757 3586 1827 γὰρ
3619 1756 3712 1809 καὶ

459 1839 596 1909 ejus,
626 1840 991 1909 p0pulumque
1018 1840 1259 1907 ejusdem
1291 1855 1620 1910 magnopere
1662 1839 1916 1895 amictum
1945 1841 2024 1907 iri,

2136 1852 2638 1924 ἀποδοκιμασθῆναι
2688 1852 2779 1905 τὸν
2824 1852 2953 1921 περὶ
3003 1850 3165 1904 αὐτοῦ
3207 1849 3386 1918 λόγον,
3437 1848 3607 1902 πολλά
3650 1864 3709 1900 τε

458 1931 785 1986 vaticinatus
818 1940 932 1997 est;
966 1933 1082 1985 sive
1110 1933 1162 1984 in
1194 1931 1506 1985 consecutis
1537 1932 1733 1986 deinde
1775 1948 2032 2001 persecu-

458 2023 720 2087 tionibus,
747 2023 946 2093 quibus
980 2023 1292 2076 furentibus
1327 2032 1586 2077 sexcenta
1622 2024 1739 2092 ipse
1772 2023 2033 2080 Servator

453 2129 645 2183 passus
668 2126 769 2181 est,
807 2115 1117 2169 maledictis
1144 2115 1426 2169 hominum
1455 2117 1761 2184 appetitus;
1790 2117 1905 2171 sive
1932 2117 2033 2171 Ec-

453 2204 615 2258 clesia
647 2205 765 2273 ejus
794 2214 957 2274 atque
988 2205 1235 2257 doctrina
1283 2192 1433 2257 cum.
1459 2205 1834 2273 exagitaretur
1866 2214 2031 2275 atque

451 2302 885 2365 oppugnaretur;
946 2293 1062 2349 sive
1130 2293 1183 2348 in
1244 2294 1483 2348 universi
1541 2296 2029 2364 consummatione,

449 2401 573 2439 cum
605 2384 956 2454 Evangelium
993 2382 1110 2451 ejus
1152 2384 1377 2438 omnino
1416 2384 1835 2455 improbabitur,
1868 2399 2031 2459 atque

447 2489 515 2528 ex
546 2472 822 2527 hominum
852 2483 997 2527 coetu
1027 2475 1506 2528 exterminabitur.

604 2563 647 2596 ³⁷
674 2561 740 2616 Et
763 2565 896 2617 sicut
922 2566 1114 2616 accidit
1159 2562 1369 2617 Noachi
1403 2568 1741 2635 temporibus,
1770 2580 1875 2625 etc.

520 2655 611 2709 Sic
643 2655 807 2724 igitur
841 2653 1076 2723 repulso,
1114 2654 1188 2708 uti
1211 2654 1412 2710 dictum
1443 2664 1546 2721 est,
1577 2673 1673 2726 per
1701 2662 2027 2729 apostasiam

448 2762 699 2802 sermone
744 2747 1083 2815 evangelico,
1143 2762 1296 2801 more
1350 2748 1616 2803 malorum
1666 2765 1785 2819 qua:
1840 2753 2025 2807 diluvii

449 2848 689 2907 tempore
715 2838 1079 2907 contigerunt,
1105 2839 1304 2906 impiis,
1339 2838 1533 2907 inquit,
1574 2841 1886 2898 hominibus
1914 2846 2030 2899 exi-

450 2932 578 2985 tium
603 2933 967 2999 superveniet.
995 2930 1058 2983 Et
1089 2931 1304 2999 quidem
1343 2932 1484 2985 sicut
1514 2947 1701 2989 omnes
1734 2948 1860 2991 tunc
1897 2953 2025 3006 per-

448 3025 665 3088 ierunt,
706 3024 948 3091 exceptis
992 3025 1257 3077 duntaxat
1282 3026 1374 3094 qui
1407 3042 1530 3081 cum
1557 3026 1781 3082 Noacho
1814 3029 1864 3082 in
1898 3045 2024 3085 arca

445 3117 846 3181 constiterant;
876 3115 949 3168 ita
985 3116 1038 3169 in
1070 3116 1282 3171 Domini
1316 3119 1821 3186 adventu,‘scelesti
1848 3121 2024 3175 homi-

445 3222 543 3261 nes
585 3222 682 3276 per
714 3207 1004 3274 apostasia:
1045 3216 1255 3276 tempus
1298 3210 1514 3266 luxuria
1561 3220 1617 3265 et
1668 3213 2024 3269 ebrietatibus

444 3307 499 3353 et
538 3299 738 3368 nuptiis
772 3304 826 3352 et
862 3301 1072 3352 caeteris
1114 3302 1235 3354 vita:
1264 3301 1632 3371 voluptatibus
1657 3305 1928 3372 occupati,
1961 3321 2025 3360 ea

445 3389 656 3442 ratione
685 3387 941 3455 peribunt
969 3404 1074 3457 qua
1105 3389 1180 3443 illi
1220 3390 1425 3447 Noaehi
1450 3404 1612 3449 aetate
1650 3395 1859 3450 diluvio
1892 3397 2017 3452 sub-

446 3479 630 3534 mersi.
660 3478 739 3532 Ne
771 3480 894 3548 quis
917 3489 1096 3534 autem
1123 3482 1464 3536 existimaret
1491 3484 1590 3537 hos
1629 3499 1843 3554 quoque
1869 3486 2024 3554 aquis

442 3575 691 3625 obrutum
731 3569 818 3635 iri,
851 3585 1075 3626 necesse
1108 3571 1212 3625 fuit
1261 3571 1376 3626 Loti
1439 3576 1747 3644 exemplum
1781 3590 2022 3631 comme-

442 3678 656 3718 morare
683 3681 696 3729 ;
733 3663 904 3727 Sicut,
938 3663 1137 3733 inquit,
1168 3662 1288 3717 Lati
1317 3676 1546 3735 tempore
1566 3667 1786 3721 edebant
1809 3676 1860 3721 et
1884 3668 2023 3722 bibe-

442 3757 588 3818 bant,
640 3764 694 3808 et
742 3753 952 3824 reliqua
982 3773 997 3807 :
1033 3751 1205 3807 Porro
1263 3756 1350 3809 die
1401 3773 1505 3826 qua
1560 3755 1724 3811 Lotus
1779 3757 2020 3814 Sodomis

440 3859 676 3913 egressus
712 3840 812 3905 est,
840 3845 975 3914 ignis
1009 3845 1136 3898 caelo
1162 3844 1292 3913 pluit
1326 3856 1644 3918 cunctosque
1666 3849 1867 3903 incolas
1899 3867 2019 3919 per-

439 3934 594 3987 didit.
632 3933 982 4004 llujusmodi,
1014 3935 1209 4002 inquit,
1241 3937 1355 3991 dies
1378 3938 1478 3991 erit
1506 3954 1610 4007 qua
1645 3937 1819 3993 Filius
1846 3940 2020 3995 Itami-

439 4028 522 4081 nis
552 4025 874 4080 revelabitur
894 4026 961 4082 ’⁸.
995 4028 1203 4094 Quibus
1230 4031 1412 4085 verbis
1465 4034 1692 4102 mystice
1728 4036 2017 4089 admodum

438 4129 503 4169 ac
527 4114 847 4168 terribiliter
877 4116 1054 4181 docet,
1096 4119 1213 4172 l'ore
1243 4129 1301 4171 ut
1352 4120 1477 4188 igne
1514 4136 1582 4173 ac
1612 4123 1824 4176 sulfure
1869 4124 2020 4179 caelis

440 4209 608 4262 misso
637 4207 830 4277 impios
859 4224 1049 4263 omnes
1080 4210 1158 4263 ira
1208 4209 1302 4265 Dei
1343 4212 1633 4279 corripiat.
1659 4215 1869 4269 ideirco
1914 4216 2014 4269 im-

439 4300 558 4368 pios
588 4298 730 4351 hanc
775 4300 916 4353 diem
960 4302 1152 4355 adesse
1196 4314 1420 4355 orantes
1459 4304 1771 4373 prophetica
1801 4320 1902 4357 vox
1937 4306 2019 4358 in-

440 4399 626 4459 crepat
699 4390 931 4444 dicens:
967 4390 1059 4445 Va:
1105 4394 1528 4448 desiderantibus
1574 4398 1712 4448 diem
1769 4397 1976 4451 Domini
1996 4397 2017 4450 .'

2134 1945 2324 1997 παθεῖν
2349 1945 2438 1998 τὸν
2463 1945 2627 1997 αὐτοῦ
2654 1943 2801 2007 λαὸν,
2836 1943 3120 1996 ἐθέσπισεν
3140 1959 3153 1973 ·
3184 1943 3291 1995 εἴτε
3340 1944 3397 1995 ὲν
3433 1944 3545 2004 τοῖς
3575 1940 3711 2011 μετά

2132 2034 2303 2087 ταῦτα
2334 2034 2613 2104 διωγμοῖς,
2660 2032 2782 2087 καθ’
2813 2032 2906 2095 οὓς
2949 2033 3118 2103 μυρία
3157 2015 3616 2093 πέπονθεν⁸αὐτός
3649 2046 3707 2082 τε

2134 2125 2619 2197 βλασφημούμενος
2641 2128 2669 2179 ὁ
2695 2125 2883 2197 Σωτὴρ
2913 2124 3065 2196 παρὰ
3088 2127 3201 2187 τοῖς
3231 2122 3558 2195 ἀνθρώποις,
3585 2123 3619 2192 ἦ
3645 2138 3705 2175 τε

2144 2217 2439 2288 Ἐκκλησία
2483 2216 2647 2270 αὑτοῦ
2677 2219 2771 2270 καὶ
2803 2220 2831 2270 ὁ
2856 2217 3012 2284 λόγος
3044 2215 3397 2285 ἐλαυνόμενος
3423 2215 3516 2266 καὶ
3544 2214 3704 2267 πολε·-

2134 2309 2429 2379 μούμενος·
2465 2310 2575 2363 εἴτε
2608 2310 2743 2381 πρὸς
2789 2309 2866 2380 τῷ
2911 2310 3128 2363 πάντων
3166 2308 3330 2374 τέλει,
3365 2308 3483 2361 καθ’
3514 2308 3543 2360 ὅ
3572 2309 3707 2361 ἀπο-

2130 2399 2588 2472 ὼκιμασθήσεται
2614 2401 2845 2472 πάμπαν
2866 2398 3193 2470 ἀποϐληθεὶς
3222 2399 3329 2451 ἀπὸ
3352 2399 3451 2468 τῆς
3480 2397 3588 2451 τῶν
3615 2399 3708 2451 ἀνι

2130 2492 2362 2563 θρώπων
2388 2495 2602 2563 γενεᾶςι.

2129 2584 2237 2637 Kal
2254 2583 2446 2650 καθὼς
2466 2583 2700 2655 ἐγένετο
2720 2600 2788 2637 εν
2809 2583 2935 2649 ταῖς
2954 2581 3200 2653 ἡμέραις
3224 2581 3329 2635 τοῦ
3350 2582 3496 2647 Νῶε,
3517 2599 3569 2635 κ.
3585 2599 3632 2634 τ.
3652 2581 3701 2636 λ.

2199 2675 2359 2728 libro)
2398 2677 2599 2740 τοίνυν,
2647 2676 2721 2739 ὡς
2769 2675 3004 2747 εἴρηται,
3060 2674 3416 2744 ἐκϐληθέντος
3468 2673 3554 2727 διὰ
3606 2674 3704 2743 τὴν

2129 2767 2464 2821 ἀποστασίαν
2498 2766 2591 2820 τοῦ
2645 2768 2805 2835 λόγου
2857 2766 2950 2820 τοῦ
2996 2766 3374 2835 εύαγγελικοϋ,
3424 2765 3562 2818 κατά
3605 2765 3701 2836 τὴν

2128 2859 2384 2929 ὁμοίωσιν
2427 2858 2535 2912 τῶν
2574 2858 2667 2912 ἐπὶ
2697 2858 2788 2913 τοῦ
2839 2856 3224 2926 κατακλυσμοῦ
3260 2855 3701 2927 συμϐεϐηκότων,

2128 2951 2157 3002 ὁ
2182 2948 2321 3002 κατὰ
2352 2949 2460 3002 τῶν
2486 2948 2697 3003 ἀσεϐῶν
2722 2949 2942 3020 ὄλεθρος
2972 2950 3343 3020 ἐπιστήσεται,
3370 2948 3521 3019 φησί.
3567 2947 3703 2999 Ἀλλ’

2128 3038 2204 3102 ὡς
2225 3039 2345 3092 τότε
2378 3040 2584 3103 πάντας
2621 3041 2717 3110 μὲν
2746 3039 3045 3103 ἀπώλεσεν,
3080 3041 3141 3093 οὑ
3169 3040 3273 3112 μὴν
3304 3042 3399 3093 καὶ
3424 3043 3550 3104 τοὺς
3585 3057 3706 3093 συν-

2128 3130 2400 3201 ηγμένους
2439 3131 2555 3201 ἆμα
2609 3131 2686 3202 τῷ
2729 3132 2851 3186 Νῶε
2898 3135 2955 3185 ὲν
3015 3135 3082 3204 τῇ
3132 3132 3372 3203 κιϐωτῷ,
3425 3132 3568 3186 οὕτω
3610 3134 3706 3187 καὶ

2128 3223 2221 3275 ἐπὶ
2258 3222 2359 3293 τῆς
2403 3223 2569 3276 αὐτοῦ
2609 3225 2909 3295 παρουσίας
2955 3227 3005 3278 οἱ
3057 3226 3154 3296 μὲν
3188 3226 3405 3290 ἀσεϐεῖς
3436 3225 3577 3279 κατὰ
3612 3225 3703 3279 τὸν

2127 3311 2314 3383 καιρὸν
2344 3312 2443 3381 τῆς
2482 3314 2815 3378 ἀποστασίας
2854 3318 3085 3386 τρυφαῖς
3125 3316 3219 3368 καὶ
3261 3315 3452 3385 μέθαις
3481 3317 3576 3369 καὶ
3608 3316 3706 3384 γά-

2128 3419 2250 3472 μοις
2275 3402 2367 3456 καὶ
2390 3407 2510 3467 ταῖς
2532 3404 2624 3457 τοῦ
2650 3404 2763 3474 βίου
2791 3404 3002 3476 ἡδοναῖς
3031 3406 3483 3478 κατατριϐόμενοι
3504 3407 3705 3477 ὁμοίως

2124 3497 2234 3559 τοῖς
2271 3497 2363 3548 ἐπὶ
2387 3495 2479 3549 τοῦ
2504 3496 2628 3549 Νῶε
2661 3497 3124 3560 κατακλυσθέντες
3149 3498 3493 3553 ἀπολοῦνται.
3534 3499 3703 3570 Ὑπὲρ
3758 3562 3765 3568 ,

2123 3588 2179 3640 δὲ
2211 3589 2305 3642 τοῦ
2342 3590 2416 3660 μή
2446 3607 2566 3642 τινα
2597 3591 2815 3661 νομίσαι
2846 3590 2915 3643 δι’
2942 3590 3133 3654 ὕδατος
3158 3592 3250 3645 καὶ
3281 3591 3503 3654 τούτους
3530 3609 3698 3645 κατα-

2123 3679 2543 3750 κλυσθήσεσθαι,
2578 3683 2892 3751 ἀναγκαίως
2920 3683 2998 3752 τῷ
3038 3684 3131 3736 ἐπὶ
3156 3682 3248 3736 τοῦ
3281 3683 3404 3737 Λὼτ
3435 3683 3698 3754 κέχρηται

2125 3772 2555 3843 παραδείγματι,
2587 3772 2792 3839 Καθὼς
2813 3772 3072 3843 ἐγένετο,
3103 3774 3296 3842 λέγων,
3321 3774 3389 3827 ἐν
3411 3773 3539 3840 ταῖς
3567 3774 3700 3842 ἡμὲσ

2114 3879 2251 3929 ραις
2268 3860 2418 3927 Λὼτ,
2437 3861 2913 3931 ἤσθιον,ἓπινον,
2940 3864 3035 3917 καλ⁵
3062 3863 3130 3917 τά
3143 3864 3290 3934 ὲξῆς·
3311 3858 3393 3936 ⁷ῌ
3418 3863 3486 3917 δὲ
3512 3862 3699 3933 ἡμέρᾳ

2121 3949 2342 4019 ἐξῆλθε
2383 3951 2515 4006 Λὼτ
2554 3952 2673 4007 ἀπὸ
2714 3951 2994 4021 Σοδόμων
3018 3953 3220 4022 ἔϐρεξε
3254 3954 3375 4023 πῦρ
3399 3955 3500 4008 ἀπ’
3528 3957 3700 4024 οὐρα-

2121 4040 2233 4094 νοῦ
2269 4041 2366 4095 καὶ
2409 4042 2685 4097 ἀπώλεσε
2731 4044 2982 4111 πάντας.
3030 4044 3193 4099 Κατὰ
3229 4044 3302 4098 τὰ
3336 4046 3488 4099 αὑτά
3529 4045 3703 4100 ἔσται

2120 4128 2160 4203 ᾖ
2200 4134 2393 4203 ἡμέρῃ
2431 4137 2463 4188 ό
2506 4136 2637 4201 Υἱὸς
2677 4136 2785 4192 τοῦ
2824 4136 3140 4206 ἀνθρώπου
3186 4137 3697 4192 ἀποκαλύπτεται·

2124 4226 2328 4299 σφόδρα
2362 4228 2688 4299 ἀπορῤήτως
2732 4230 2825 4282 καὶ
2872 4228 3120 4301 φοϐερῶς
3151 4229 3416 4283 διδάσκων
3451 4232 3533 4285 ὃτι
3569 4230 3702 4302 πυρὶ

2121 4319 2215 4370 καὶ
2253 4318 2382 4391 θείῳ
2412 4322 2506 4373 ἀπ’
2538 4321 2767 4392 ούρανοῦ
2802 4322 3284 4393 καταπεμπομένῳ
3318 4324 3445 4387 τοὺς
3487 4322 3702 4385 ἀσεϐεῖς

2121 4410 2329 4474 πάντας
2370 4412 2403 4481 η
2452 4413 2588 4482 ὀργὴ
2629 4412 3041 4483 μετελεύσεται·
3079 4413 3160 4467 διὸ
3198 4417 3310 4478 τοῖς
3362 4414 3460 4484 μὲν
3489 4416 3701 4486 ἡμέραν

444 4477 594 4535 Cur?
634 4477 785 4532 Vobis
811 4482 923 4533 lucc
950 4481 1083 4546 dies,
1115 4484 1341 4537 tenebrw
1370 4495 1417 4537 et
1446 4501 1551 4537 non
1581 4484 1696 4550 lux,
1729 4488 1839 4540 dies
1878 4500 2016 4541 tene-

2127 4501 2323 4572 ταύτην
2356 4502 2644 4571 ἐπιστῆναι
2677 4503 2990 4573 εὐχομένοις
3038 4502 3291 4557 ἀσεϐέσιν
3319 4505 3351 4573 ή
3387 4503 3699 4575 προφητικὴ

440 4572 654 4625 brarum
679 4580 728 4623 et
758 4571 1025 4641 caliginis,
1047 4575 1157 4629 dies
1192 4577 1512 4630 calamitatis
1545 4586 1595 4630 et
1629 4582 1921 4632 exterminii
1947 4580 2011 4639 '9.

443 4663 644 4717 Sedulo
671 4673 853 4715 autem
882 4664 1144 4719 Servator
1176 4668 1264 4720 ltic
1294 4683 1508 4737 quoque
1537 4671 1699 4735 cavit,
1725 4672 2014 4739 quominus

439 4757 648 4812 diceret
703 4758 879 4826 ignem
915 4768 970 4812 et
1006 4760 1180 4813 sulfur
1224 4772 1387 4815 antea
1422 4763 1561 4816 cwlo
1590 4762 1793 4834 pluisse
1828 4765 1879 4817 in
1909 4765 2011 4818 im-

438 4851 559 4921 pios
608 4849 974 4904 Sodomorum
1018 4854 1188 4915 cives,
1207 4870 1384 4926 quam
1433 4853 1602 4910 Lotus
1633 4871 1884 4926 egressus
1919 4872 2011 4910 eo-

438 4959 558 4999 rum
586 4953 729 4996 cwtu
759 4954 1129 5010 scpararetur.
1165 4924 1255 4998 Sic
1280 4946 1539 4999 diluvium
1579 4962 1754 5016 neque
1786 4948 2013 5001 inunda-

438 5035 540 5101 vit,
594 5049 769 5102 neque
822 5033 1011 5087 mersit
1057 5034 1341 5090 universos
1377 5037 1524 5091 orbis
1574 5038 1800 5104 incolas,
1830 5040 2012 5107 prius-

440 5143 601 5196 quam
656 5126 906 5181 Noachus
960 5128 1010 5180 in
1063 5142 1245 5181 arcam
1285 5129 1556 5183 introiret.
1590 5130 1668 5182 lta
1707 5145 1929 5198 prorsus
1960 5131 2011 5184 in

440 5222 627 5276 mundi
668 5222 1137 5276 consummatione
1184 5224 1322 5276 haud
1358 5234 1482 5276 ante
1526 5236 1848 5278 eventurum
1888 5241 2009 5293 per-

440 5317 681 5371 euntium
716 5315 1295 5384 impiorumdiluvium
1351 5315 1448 5377 ait,
1482 5330 1641 5382 quam
1696 5316 1745 5367 in
1797 5316 2005 5369 etclcsti

442 5422 566 5461 arca
604 5419 1002 5478 congregemur
1044 5407 1340 5461 incolumes
1390 5408 1719 5476 quicumque
1768 5419 1895 5462 tunc
1934 5410 2004 5478 pii

441 5501 687 5556 homines
714 5510 892 5567 erunt,
930 5513 1155 5570 prorsus
1188 5507 1243 5551 ut
1271 5496 1475 5551 Noachi
1521 5498 1822 5569 exemplum
1859 5515 2008 5554 reno-

2122 4592 2272 4662 φωνὴ
2300 4593 2706 4647 ἐπανατείνεται
2736 4593 2994 4661 λέγουσα·
3024 4595 3167 4649 Οὐαὶ
3191 4598 3243 4648 οἱ
3268 4594 3701 4663 ἐπιθυμοῦντες

2119 4683 2234 4751 τὴν
2264 4683 2493 4754 ἡμέραν
2543 4686 2764 4753 Κυρίου
2782 4686 2800 4738 .'
2843 4687 2970 4743 Ἵνα
3016 4688 3073 4741 τί
3089 4704 3108 4751 ;
3140 4686 3310 4755 Ἵζιιῖν
3341 4688 3494 4755 αὕτη
3527 4689 3699 4741 ἔσται

2119 4774 2356 4839 σκότος,
2391 4773 2487 4827 καὶ
2525 4776 2595 4828 οὐ
2628 4773 2773 4844 φῶς,
2804 4776 2995 4846 ἡμέρα
3021 4779 3283 4844 σκότους
3316 4778 3412 4831 καὶ
3443 4779 3690 4847 γνόφου,

2116 4865 2305 4935 ἡμέρα
2342 4868 2744 4935 ταλαιπωρίας
2797 4869 2896 4923 καὶ
2960 4869 3320 4938 ἀφανισμοῦ.
3384 4869 3593 4940 Σςόδρα
3635 4868 3693 4921 δὲ

2119 4960 2357 5030 ἀκριϐῶς
2392 4963 2483 5013 καὶ
2511 4959 2744 5013 ἐνταῦθα
2777 4963 3041 5033 ἐτήρησεν
3065 4966 3092 5016 ὁ
3118 4963 3308 5034 Σωτὴρ
3345 4964 3405 5016 ού
3436 4962 3697 5033 πρότερον

2117 5048 2177 5100 τὸ
2211 5048 2321 5119 πῦρ
2366 5049 2532 5102 εἰπὼν
2566 5050 2659 5104 ἀπ’
2700 5053 2928 5123 ούρανοῦ
2977 5053 3071 5105 καὶ
3118 5054 3178 5106 τὸ
3227 5053 3368 5107 θεῖον
3402 5051 3698 5123 κατεληλυ-

2121 5138 2266 5193 θέναι
2301 5141 2389 5192 ἐπὶ
2419 5144 2542 5205 τοὺς
2569 5145 2626 5194 ἐν
2654 5143 2906 5212 Σοδόμοις
2939 5144 3176 5207 ἀσεϐεῖς,
3208 5144 3241 5215 ἢ
3276 5145 3367 5197 τὸν
3398 5143 3521 5197 Λὼτ
3552 5144 3698 5210 ἐξελ-

2117 5227 2247 5292 θεῖν,
2286 5231 2379 5282 καὶ
2416 5231 2750 5300 χωρισθῆναι
2801 5232 2857 5298 ἐξ
2898 5232 3096 5286 αὐτῶν.
3143 5232 3299 5287 Οὕτω
3332 5233 3427 5285 καὶ
3466 5234 3558 5286 ἐπὶ
3600 5233 3694 5285 τοῦ

2115 5321 2496 5392 κατακλυσμοῦ
2530 5324 2589 5376 ού
2620 5323 2884 5394 πρότερον
2915 5323 3148 5393 ἐπῆλθεν
3173 5320 3328 5388 οὗτος
3362 5325 3457 5378 καὶ
3488 5326 3695 5386 πάντας

2113 5412 2357 5467 ἀπώλεσε
2388 5418 2512 5479 τοὺς
2545 5416 2684 5469 κατὰ
2716 5417 2817 5487 γῆν
2845 5416 3149 5481 οἰκοῦντας,
3251 5417 3341 5471 τὸν
3371 5416 3494 5469 Νῶε
3525 5414 3696 5467 εἰσελ-

2115 5503 2225 5559 θεῖν
2258 5509 2344 5570 si;
2381 5507 2478 5577 τὴν
2523 5507 2773 5560 κιϐωτόν.
2822 5508 2977 5561 Κατά
3006 5507 3071 5560 τὰ
3106 5508 3245 5561 αὐτὰ
3276 5507 3448 5560 τοίνυν
3475 5506 3568 5560 καὶ
3601 5505 3693 5558 ἐπὶ

508 5683 556 5717 ’⁸
578 5682 707 5738 Luc.
742 5700 870 5750 xvn,
895 5682 988 5740 23.
1028 5683 1074 5714 ⁸⁵
1096 5682 1285 5737 Matth.
1316 5698 1463 5747 xxxv,
1484 5677 1576 5738 lli.
1654 5683 1701 5715 “
1730 5683 1861 5740 Luc.
1881 5699 2015 5741 xm.
2036 5687 2127 5741 25'.
2201 5689 2244 5720 ²⁷
2281 5689 2413 5744 ibid.
2616 5688 2660 5719 "‘
2675 5687 2809 5744 Luc.
2846 5704 2974 5755 xvn,
3004 5688 3190 5744 98-50.
3268 5690 3312 5722 ”
3333 5692 3498 5743 Amos
3526 5704 3576 5752 ν,
3604 5686 3690 5742 l8.

510 5778 620 5851 (66)
653 5777 852 5834 Confer
884 5779 1247 5850 Theophaniac
1281 5779 1640 5850 fragmemum
1670 5796 1723 5850 κ,
1743 5782 1847 5836 col.
1869 5780 2000 5837 655.
