4116 6416
351 420 456 482 585

1551 409 2059 477 COMMENTARIA
2092 419 2159 474 IN
2197 419 2449 476 LUCAM.

3494 424 3600 483 586

344 539 447 610 τῆς
476 536 786 601 συντελείας
811 535 872 589 οὐ
902 529 1171 609 πρότερον·
1193 531 1410 590 ἔσεσθαι
1434 533 1525 590 τὸν
1550 535 1930 607 κατακλυσμὸν

2038 544 2208 592 vetur.
2239 535 2446 602 Quibus
2472 535 2636 592 etiam
2663 541 2942 598 commode
2983 544 3195 600 dicetur
3223 547 3602 615 propheticum

349 631 450 701 τῆς
494 628 768 692 ἀπωλείας
799 627 908 685 τῶν
941 629 1151 684 ἀσεϐῶν
1185 646 1369 700 φησιν,
1404 629 1438 699 ἢ
1484 628 1812 700 συναχθῆναι
1847 630 1926 692 είς

349 724 450 796 τὴν
491 723 812 794 ἐπουράνιον
861 723 956 777 τοῦ
1003 723 1140 776 Θεοῦ
1175 722 1427 785 κιϐωτὸν,
1470 723 1563 776 καὶ
1596 722 1926 791 διασωθῆναι

346 819 474 881 τοὺς
497 815 616 870 τότε
641 811 1103 888 εὑρεθησομένους
1124 816 1218 870 τοῦ
1244 815 1379 869 Θεοῦ
1413 815 1752 887 ἀνθρώπους,
1785 815 1926 870 κατὰ

347 907 409 962 τὸ
437 909 787 981 παράδειγμα
814 908 876 962 τὸ
904 910 998 962 ἐπὶ
1043 909 1137 962 τοῦ
1172 908 1296 962 Νῶε
1317 925 1330 938 ·
1364 904 1445 973 οἷς
1473 910 1565 962 καὶ
1605 908 1925 980 λεχθήσεται

347 1000 489 1055 κατὰ
532 999 722 1072 καιρὸν
771 1001 832 1054 τὸ
881 1000 1219 1074 προφητικὸν
1266 1002 1467 1055 ὲκεῖνο·
1511 999 1736 1067 Βάδιζε,
1774 1001 1925 1067 λαός

341 1110 480 1162 μου,
511 1092 753 1148 είσελθε
787 1095 875 1157 είς
898 1093 964 1146 τὸ
986 1093 1227 1163 ταμεῖόν
1251 1105 1390 1158 σου,
1424 1093 1518 1147 καὶ
1542 1093 1612 1145 τὰ
1641 1091 1786 1163 ἑξῆς,
1811 1091 1924 1157 ἕως

345 1178 419 1239 οὗ
467 1183 752 1252 παρέλθοι
795 1185 834 1252 ’ὴ
878 1185 1025 1255 ὀργὴ
1072 1186 1325 1253 Κυρίου·
1360 1184 1550 1256 ὥσπερ
1586 1184 1681 1237 καὶ¹
1710 1183 1802 1236 ἐπὶ
1830 1183 1923 1236 τοῦ

345 1273 468 1327 Λὼτ
494 1275 767 1347 ἐποίησεν,
801 1278 889 1330 ἵνα
932 1278 1004 1347 μὴ
1043 1277 1092 1329 οί
1137 1277 1332 1329 δίκαιοι
1379 1276 1782 1330 συναπόλωνται
1814 1276 1927 1338 τοῖς

345 1367 628 1421 ἀσεϐέσιν·
661 1368 834 1432 οὕτως
866 1370 959 1422 καὶ
1007 1369 1099 1422 ἐπὶ
1129 1369 1228 1439 τῆς
1273 1368 1582 1431 συντελείας
1611 1366 1703 1420 τοῦ
1731 1366 1928 1431 αἰῶνος

345 1458 404 1512 οὐ
439 1458 702 1531 πρότερον
733 1459 868 1530 αὕτη
905 1458 1076 1525 ἔσται,
1107 1459 1140 1530 ἢ
1186 1459 1398 1523 πάντας
1447 1461 1572 1523 τοὺς
1601 1459 1693 1511 ἐπὶ
1720 1459 1824 1530 γῆς
1851 1458 1930 1511 δι-

345 1551 532 1615 καίους
573 1551 666 1606 καὶ
708 1553 979 1616 θεοσεϐεῖς
1010 1553 1371 1624 ἀφορισθῆναι
1410 1551 1518 1606 τῶν
1554 1543 1788 1615 ἀσεϐῶν,
1834 1550 1928 1604 καὶ

2033 628 2162 682 illud
2195 645 2208 680 :
2244 627 2411 691 Vade,
2453 629 2640 697 popule
2661 647 2825 696 meus,
2857 636 2998 688 intra
3016 635 3069 689 iu
3093 637 3398 693 cubiculum
3431 647 3603 708 tuum,

2033 731 2087 777 et
2137 721 2374 790 reliqua;
2426 722 2588 776 donec
2626 732 2856 778 transeat
2913 728 3207 798 indignatio
3261 729 3474 784 Domini
3496 732 3591 787 a":

2031 830 2130 870 ceu
2183 816 2318 869 Loto
2372 816 2590 880 accidit,
2623 833 2689 872 ne
2743 819 2869 873 boni
2923 835 3043 875 cum
3102 822 3362 893 improbis
3415 833 3592 880 morte

2032 908 2371 963 irretiantur.
2414 906 2490 963 Ita
2531 910 2716 965 sxculi
2759 913 3158 969 consummatio
3183 931 3289 970 non
3323 925 3450 971 ante
3479 931 3607 973 eve-

2034 1000 2163 1065 niet,
2197 1015 2356 1070 quam
2383 1000 2512 1070 justi
2541 1010 2808 1073 quotquot
2833 1003 2886 1058 in
2917 1004 3049 1058 orbe
3077 1015 3240 1060 erunt
3269 1020 3332 1061 ac
3362 1005 3602 1078 religiosi

2035 1091 2100 1146 ab
2121 1092 2380 1161 improbis
2410 1093 2818 1159 discernantur,
2847 1103 3011 1164 atque
3039 1094 3093 1149 in
3119 1097 3326 1152 ctelesti
3353 1097 3444 1152 Dei
3479 1113 3608 1154 arca

2033 1184 2446 1239 concludantur.
2468 1184 2621 1240 Tunc
2647 1186 2792 1240 enim
2818 1188 3036 1244 nemine
3053 1189 3165 1259 jam
3190 1187 3333 1246 inter
3357 1190 3608 1249 homines

2028 1275 2176 1345 justo
2227 1277 2542 1346 superstite,
2598 1278 2692 1334 sed
2755 1278 3072 1350 irreligiosis
3128 1281 3380 1338 omnibus
3439 1292 3606 1354 atque

2035 1369 2281 1424 scelestis
2324 1372 2424 1426 sub
2460 1371 2782 1426 Antichristi
2829 1372 3025 1427 vexillo
3064 1373 3404 1444 degentibus,
3433 1385 3598 1446 atque

2035 1460 2308 1529 apostasia
2351 1469 2463 1514 toto
2503 1461 2634 1516 orbe
2682 1460 2898 1528 diffusa,
2926 1462 3009 1517 ira
3043 1463 3259 1519 demum
3298 1465 3392 1521 Dei
3420 1465 3610 1535 plenos

2035 1551 2332 1606 sceleribus
2363 1553 2608 1608 homines
2637 1553 2875 1608 invadet.

345 1647 674 1720 συναχθῆναι
713 1651 792 1712 είς
839 1649 937 1720 τὴν
987 1649 1306 1721 ἐπουράνιον
1338 1649 1432 1702 τοῦ
1487 1648 1622 1702 Θεοῦ
1685 1647 1954 1702 κιϐωτόνο
2026 1647 2167 1702 οὕτω
2215 1648 2323 1718 γὰρ
2384 1649 2579 1721 μηκέτι
2636 1649 2866 1720 μηδενὸς
2917 1651 3124 1706 δικαίου
3188 1653 3248 1707 ὲν
3305 1653 3612 1726 ἀνθρώποις

345 1739 750 1813 εὑρισκομένου,
786 1743 1003 1797 πάντων
1031 1743 1089 1794 δὲ
1115 1742 1290 1796 ἀθέων
1315 1741 1526 1795 ἀσεϐῶν
1557 1741 1664 1794 τῶν
1686 1740 1790 1795 ὑπὸ
1817 1740 1912 1795 τοῦ
1963 1741 2326 1813 Ἀντιχρίστου
2355 1740 2672 1811 γεγονότων,
2699 1742 2800 1813 τῆς
2841 1758 2900 1797 τε
2928 1739 3264 1830 ἀποστασίας
3303 1749 3422 1802 καθ’
3486 1748 3615 1820 ὅλης

344 1833 443 1904 τῆς
475 1835 797 1906 οἰκουμένης
841 1835 1213 1908 κρατησάσης,
1259 1837 1292 1907 ὴ
1331 1833 1425 1888 τοῦ
1457 1834 1591 1888 Θεοῦ
1618 1835 1755 1907 ὀργὴ
1795 1837 1922 1899 τοὺς
1960 1835 2176 1900 ἀσεϐεῖς
2219 1835 2620 1906 μετελεύσεται.

461 1927 565 1980 Ἐν
602 1926 802 1998 ἐκείνῃ
840 1928 918 1995 τῇ
954 1927 1144 1998 ἡμέρᾳ
1174 1929 1242 1994 ὃς
1274 1921 1554 1998 ἂνίὲσται
1582 1927 1681 1980 ἐπὶ
1711 1927 1817 1982 τοῦ

867 1997 1151 2068 δώματος,
1186 2014 1239 2052 κ.
1277 2016 1328 2051 τ.
1361 1997 1410 2050 λ.

417 2091 677 2162 Σημαίνει
711 2091 768 2144 δὲ
813 2091 901 2146 διὰ
931 2091 1134 2146 τούτων
1178 2091 1268 2144 τὸν
1313 2090 1454 2143 κατὰ
1504 2089 1614 2142 τῶν
1658 2087 1926 2143 θεοσεϐῶν

345 2182 836 2255 ἐπενεχθησόμενον
855 2183 1094 2254 διωγμὸν
1115 2183 1218 2236 ὑπὸ
1242 2183 1336 2235 τοῦ
1358 2181 1474 2234 υίοῦ
1499 2182 1599 2251 τῆς
1630 2181 1923 2244 ἀπωλείας.

353 2276 599 2348 Ἥμέραν
621 2277 678 2329 δὲ
706 2275 920 2347 ἐκείνην
951 2274 1205 2345 ὀνομάζει
1235 2272 1326 2327 τὸν
1358 2273 1545 2344 χρόνον
1581 2272 1672 2325 τὸν
1701 2273 1806 2345 πρὸ
1828 2272 1928 2342 τῆς

347 2369 676 2431 συντελείας,
711 2370 768 2422 ὲν
799 2360 844 2435 ᾧ
869 2382 1063 2437 φησιν·
1107 2366 1170 2419 '0
1198 2367 1434 2435 φεύγων
1465 2365 1551 2434 μὴ
1583 2362 1930 2432 ἐπιστρεφέ-

344 2477 442 2524 τω,
493 2456 650 2530 μηδὲ
689 2458 954 2529 μιμητὴς
998 2457 1252 2528 γινέσθω
1294 2456 1406 2525 τῆς
1450 2457 1736 2527 γυναικὸς
1775 2455 1926 2523 Λὼτ,

345 2552 467 2620 ἥτις
498 2550 636 2622 μετὰ
667 2551 728 2604 τὸ
759 2553 948 2620 φυγεῖν
978 2551 1072 2604 καὶ
1097 2549 1200 2614 ἔξω
1223 2549 1476 2618 γενέσθαι
1502 2549 1601 2621 τῆς
1624 2547 1929 2619 Σοδομιτῶν

346 2641 552 2714 χώρας,
586 2644 885 2714 στραφεῖσα
918 2644 998 2704 είς
1023 2641 1090 2694 τὰ
1126 2640 1321 2705 ὀπίσω,
1354 2638 1733 2712 ἀπενεκρώθη,
1759 2639 1925 2711 στήλη

351 2735 477 2798 ἁλὸς
524 2731 810 2805 γενομένη.
874 2734 1135 2803 Ἀφειδεῖν
1187 2732 1296 2806 γάρ
1344 2733 1467 2785 τότε
1519 2733 1786 2804 προσήκει
1831 2732 1929 2803 οὐχ

347 2827 700 2900 ὑπαρχόντων
733 2825 910 2897 μόνον,
933 2824 1070 2878 ἀλλά
1092 2825 1184 2879 καλ⁸
1214 2822 1315 2896 τῆς
1347 2824 1556 2878 ἑαυτῶν
1585 2825 1728 2894 ζωῆς
1755 2841 1812 2877 τε
1835 2825 1930 2878 καὶ

345 2919 521 2991 ψυχῆς
561 2918 686 2981 τοὺς
729 2918 787 2970 ὲν
827 2917 976 2988 μέσῳ
1009 2917 1109 2988 τῆς
1148 2917 1483 2980 ἀποστασίας
1513 2914 1930 2986 καταληφθησο-

351 3011 565 3083 μένους,
599 3010 826 3080 μήποτε,
861 3008 1212 3080 βουληθέντες
1255 3011 1355 3080 τῆς
1396 3009 1606 3062 ἑαυτῶν
1644 3008 1930 3080 περιποιή-

348 3104 544 3162 σασθαι
578 3101 909 3174 προσκαίρου
942 3100 1107 3172 ζωῆς,
1141 3101 1237 3154 σὺν
1266 3098 1438 3173 ταύτῃ
1467 3099 1562 3153 καὶ
1587 3097 1687 3170 τὴν
1714 3097 1931 3152 αἰώνιον

347 3192 492 3264 ζωὴν
561 3191 902 3258 ἀπολέσειαν,
971 3192 1036 3260 τῇ
1090 3189 1396 3261 ἀποστασία
1455 3189 1681 3251 ἑαυτοὺς
1749 3203 1930 3258 παρα-

345 3286 548 3350 δόντες.

351 3378 543 3444 Ταύτῃ
562 3373 637 3443 τῇ
650 3373 823 3428 νυκτὶ
843 3373 1086 3427 ἔσονται
1102 3371 1209 3424 δύο
1228 3370 1327 3423 ἐπὶ
1343 3370 1559 3437 κλίνης
1569 3368 1730 3438 μιᾶς.
1744 3387 1795 3422 κ,
1813 3386 1863 3421 τ.
1877 3368 1927 3421 λ.

415 3466 630 3536 Σφόδρα
657 3466 713 3518 δὲ
743 3461 1070 3534 θαυμαστῶς
1105 3461 1198 3514 τὸν
1241 3461 1338 3532 τῆς
1375 3458 1710 3522 ἀποστασίας
1740 3457 1932 3529 καιρὸν

346 3559 443 3612 καὶ
469 3559 569 3630 τὴν
617 3557 873 3628 στέρησιν
915 3552 1010 3607 τοῦ
1053 3551 1241 3626 νοεροῦ
1283 3549 1497 3623 λογικοῦ
1543 3548 1720 3621 φωτὸς
1760 3549 1933 3604 νύκτα

347 3656 626 3728 ὠνόμασε·
662 3651 854 3716 νυκτὸς
881 3651 989 3722 γὰρ
1017 3651 1112 3704 καὶ
1139 3648 1363 3712 σκότους
1397 3647 1594 3719 χείρων
1621 3647 1655 3718 ἡ
1679 3645 1800 3697 τότε
1825 3643 1932 3697 τῶν

350 3747 652 3820 ἀνθρώπων
683 3745 836 3798 ἔσται
863 3743 1196 3805 κατάστασις
1235 3739 1324 3794 διά
1353 3739 1451 3810 τὴν
1483 3737 1931 3808 ἐπικρατήσασαν

346 3819 526 3895 αὐτῶν
561 3836 742 3891 ἄνοιάν
770 3853 831 3888 τε
854 3835 948 3887 καὶ
991 3833 1218 3904 πλάνην.
1247 3831 1337 3884 Διό
1371 3845 1524 3901 φησι·
1559 3819 1720 3896 Λέγω
1755 3825 1929 3895 ὑμῖν·

347 3931 462 3984 Δύο
491 3928 736 3982 ἔσονται
766 3923 865 3978 ἐπὶ
893 3924 1107 3990 κλίνης
1132 3920 1229 3976 καὶ
1259 3920 1367 3974 δύο
1391 3919 1488 3972 ἐπὶ
1509 3916 1810 3988 μυλῶνος,
1844 3909 1933 3980 εἷς

346 4016 956 4090 παραλαμϐανόμενος
987 4014 1067 4077 ὡς
1099 4011 1412 4080 ἀλλότριος
1450 4007 1560 4076 τῆς
1595 4006 1799 4077 ὀργῆς,
1830 4003 1931 4058 καὶ

345 4109 802 4181 εἷςϐριέμενος,
835 4106 991 4160 ὥστε
1033 4103 1110 4173 τῇ
1154 4101 1301 4174 ὀργῇ
1339 4100 1931 4190 παραδοθησόμενος,

348 4210 382 4262 ὁ
421 4204 797 4272 θησαυρίσας
821 4196 1013 4264 ἑαυτῷ
1041 4196 1228 4268 ὀργὴν
1265 4197 1334 4249 ὲν
1370 4193 1560 4263 ἡμέρᾳ
1598 4190 1810 4264 ὀργνῆςο
1863 4191 1931 4244 δι’

347 4290 422 4352 ῶν
454 4295 747 4365 παρίστησι
775 4292 866 4345 τὸν
897 4288 1176 4361 χωρισμὸν
1198 4287 1306 4340 τῶν
1333 4285 1502 4354 ἀγίων
1550 4285 1644 4338 καὶ
1668 4280 1932 4352 θεοφιλῶν

346 4387 536 4460 ψυχῶν
571 4385 661 4438 τὸν
690 4383 797 4438 ἀπὸ
819 4381 924 4435 τῶν
951 4379 1186 4434 ἀσεϐῶν.
1217 4377 1335 4431 Ἵνα
1368 4375 1476 4448 γὰρ
1509 4374 1582 4448 μὴ
1607 4371 1933 4444 ἀδιακρίτως

347 4479 647 4536 ἐπελθοῦσα
698 4478 732 4548 ἡ
786 4475 923 4548 ὀργὴ
961 4475 1055 4528 καὶ
1095 4471 1204 4526 τῶν
1253 4470 1476 4523 δικαίων
1523 4465 1928 4539 παραλήψεται,

347 4570 633 4644 προλαϐὼν
670 4569 698 4620 ὁ
738 4567 871 4632 Θεὸς
905 4566 1092 4637 ὥσπερ
1131 4563 1222 4616 τὸν
1268 4561 1392 4616 Λὼτ
1434 4559 1776 4630 προεξήγαγε
1820 4556 1931 4624 ’τῆς

2163 1926 2206 1957 ³³
2238 1926 2546 1998 Quicunque
2577 1926 2670 1982 illa
2699 1928 2786 1982 die
2813 1929 2974 1999 fuerit
2999 1931 3053 1984 in
3081 1942 3238 1999 tecto,
3259 1945 3366 1990 etc.

2106 2079 2220 2135 Hoc
2245 2081 2392 2136 dicto
2421 2082 2697 2153 signiﬁcat
2731 2088 3167 2155 persecutionem
3218 2105 3380 2160 quam
3427 2093 3620 2148 adver-

2039 2187 2132 2225 sus
2166 2171 2337 2227 bonos
2372 2175 2673 2229 concitabit
2721 2179 3043 2246 perditionis
3096 2181 3260 2238 illius.
3315 2182 3431 2239 Diei
3481 2199 3615 2242 vero

2036 2262 2179 2318 illius
2205 2265 2424 2320 nomine
2461 2267 2699 2336 appellat
2744 2278 2977 2338 tempus,
3020 2273 3164 2342 quod
3192 2277 3616 2331 consummatio-

2037 2369 2160 2408 nem
2209 2355 2459 2425 proxime
2492 2359 2794 2426 praacetlet;
2830 2375 2938 2430 quo
2990 2371 3256 2430 tempore,
3308 2365 3405 2425 ait.
3449 2380 3610 2422 nemo

2037 2447 2316 2516 respiciat,
2345 2464 2523 2518 neque
2552 2451 2673 2505 Loti
2703 2467 2928 2506 uxorem
2961 2453 3227 2520 imitetur,
3250 2471 3373 2526 qua:
3405 2458 3458 2511 in
3483 2455 3612 2528 fuga

2037 2550 2320 2611 postquam
2368 2541 2771 2599 Sodomitarum
2824 2545 2961 2600 ﬁnes
2996 2556 3326 2616 excesserat,
3366 2563 3490 2604 cum
3527 2565 3616 2607 re-

2037 2633 2250 2704 Spicere
2305 2635 2584 2700 voluisset,
2617 2637 2670 2690 in
2713 2647 2942 2693 mortem
2990 2639 3204 2708 incidit,
3261 2648 3442 2696 statua
3480 2641 3615 2700 salis

2037 2724 2252 2781 ell‘ecta.
2304 2726 2566 2799 Prodigos
2599 2730 2745 2785 enim
2784 2739 2913 2786 tunc
2941 2746 3062 2788 esse
3101 2741 3320 2803 oportet
3371 2749 3480 2790 non
3531 2735 3615 2793 rei

2036 2815 2325 2875 familiaris
2360 2822 2758 2888 tantummodo,
2788 2837 2976 2878 verum
3009 2824 3171 2880 etiam
3203 2826 3328 2881 vita:
3348 2841 3461 2882 suae
3495 2827 3615 2882 ani-

2037 2925 2247 2980 maeque
2280 2910 2414 2983 (67),
2454 2926 2548 2967 eos
2577 2912 2668 2981 qui
2726 2913 2780 2968 in
2833 2915 3121 2984 apostasia}
3159 2925 3372 2972 atatem
3423 2918 3614 2973 incur-

2038 3015 2194 3072 rent;
2222 3019 2289 3060 ue
2322 3005 2448 3060 dum
2499 3005 2739 3059 animam
2774 3021 2928 3062 suam
2975 3022 3303 3065 conservare
3336 3017 3616 3081 tempora-

2037 3095 2184 3166 lique
2216 3097 2337 3152 vita!
2368 3112 2594 3168 parcere
2640 3098 2876 3161 student,
2904 3101 3044 3156 hanc
3075 3100 3238 3155 simul
3269 3110 3323 3156 et
3349 3111 3612 3158 aeternam

2037 3189 2208 3242 vitam
2239 3189 2510 3255 amittant,
2542 3189 2668 3245 dum
2711 3205 2772 3247 se
2811 3192 3099 3262 apostasia:
3155 3193 3332 3249 victos
3377 3195 3612 3265 permit-

1961 3293 2004 3350 ο
2039 3288 2177 3334 tunt.

2197 3371 2242 3404 ³³
2271 3370 2375 3426 Illa
2405 3382 2553 3427 nocte
2577 3373 2682 3427 duo
2704 3381 2856 3428 erunt
2891 3376 2946 3429 in
2979 3376 3111 3431 lecto
3134 3394 3260 3441 uno,
3299 3385 3408 3434 etc:

2102 3461 2330 3518 lilrilice
2357 3463 2643 3519 admodum
2675 3467 2961 3534 apostasia;
2999 3479 3208 3540 tempus
3237 3485 3299 3524 ac
3333 3471 3616 3532 rationalis

2034 3553 2318 3608 orbitatem
2366 3555 2585 3612 luminis
2626 3567 2841 3614 noctem
2897 3561 3205 3630 appellavit.
3248 3561 3418 3619 Nocte
3466 3567 3612 3624 enim

2035 3648 2386 3717 tenebrisque
2410 3649 2680 3704 deteriora
2713 3662 2873 3706 erunt
2903 3662 3029 3708 tunc
3069 3654 3351 3709 hominum
3390 3657 3610 3727 ingenia

2032 3749 2251 3809 propter
2277 3739 2500 3795 ollusam
2529 3741 2596 3797 iis
2623 3743 2915 3797 amentiam
2960 3754 3120 3815 atque
3139 3761 3402 3807 errorem.
3420 3750 3612 3817 "Quare

2033 3831 2108 3884 ait
2140 3846 2154 3884 :
2192 3830 2328 3886 Dico
2363 3832 2514 3887 vobis
2545 3848 2558 3885 :
2599 3835 2714 3889 Duo
2739 3845 2900 3890 erunt
2931 3838 2982 3890 in
3018 3837 3175 3903 lecto,
3206 3849 3259 3893 et
3294 3839 3400 3895 duo
3435 3841 3487 3896 in
3523 3842 3612 3912 pi-

2034 3919 2245 3988 strino;
2277 3938 2414 3977 unus
2454 3927 2835 3989 assumendus,
2864 3928 2988 3996 quia
3038 3928 3132 3983 ira:
3165 3930 3491 3999 immerens;
3524 3933 3609 3988 al-

2035 4021 2119 4066 ter
2151 4013 2558 4084 r'elinquendus,
2591 4025 2778 4086 utpote
2816 4000 2999 4075 ultrici
3040 4018 3137 4074 irae
3180 4021 3486 4086 obnoxius,
3520 4024 3616 4096 qui

2034 4103 2138 4159 sithi
2166 4105 2416 4164 videlicet
2436 4107 2574 4162 iram
2604 4109 2994 4166 thesaurizavit
3019 4112 3070 4167 in
3104 4113 3244 4169 diem
3270 4113 3383 4170 irae.
3409 4114 3612 4182 Quam-

2033 4196 2223 4251 obrem
2260 4198 2404 4253 sistit
2441 4210 2756 4255 sanctarum
2798 4202 3016 4274 Deoque
3067 4205 3358 4260 chararum
3399 4209 3610 4262 anima-

2032 4302 2154 4343 rum
2199 4289 2268 4346 ab
2311 4290 2574 4363 improbis
2622 4295 2966 4351 divisionem.
3019 4297 3232 4353 Etenim
3292 4315 3362 4354 ne
3408 4309 3614 4356 temere

2032 4383 2424 4452 superveniens
2459 4385 2592 4440 ultio
2615 4387 2791 4458 justos
2828 4404 3045 4458 quoque
3074 4391 3323 4447 homines
3366 4393 3610 4462 corripe-

2034 4481 2140 4541 ret,
2167 4474 2316 4530 dedit
2351 4489 2562 4533 tnature
2587 4493 2803 4548 operam
2836 4480 2976 4536 Deus
3008 4490 3066 4535 ut
3108 4480 3303 4537 Lotum
3342 4479 3611 4539 Sodomo-

2035 4577 2155 4616 rum
2179 4565 2345 4619 exitio
2375 4567 2720 4626 subduceret.
2785 4568 3045 4624 Similiter
3093 4572 3607 4644 impendentecon-

349 4637 596 4736 Σοδόμων
634 4659 1035 4730 καταστροφῆς.
1093 4655 1195 4709 Τὸν
1243 4653 1405 4708 αὑτὸν
1443 4652 1642 4723 τρόπον
1679 4649 1774 4703 καὶ
1822 4648 1928 4719 πρὸ

2036 4657 2437 4723 summatione,
2467 4662 2780 4732 priusquam
2836 4663 3034 4734 impios
3079 4667 3211 4722 ultio
3259 4668 3512 4738 invadat,
3542 4685 3612 4726 ne

345 4759 444 4830 τῆς
472 4754 797 4816 συντελείας,
832 4751 959 4822 πρὶν
989 4747 1234 4802 ἐπελθεῖν
1263 4746 1359 4817 τὴν
1395 4743 1537 4797 κατά
1565 4742 1672 4796 τῶν
1714 4740 1925 4794 ἀσεϐῶν

347 4851 537 4922 ὀργὴν,
556 4849 644 4903 ἵνα
669 4847 742 4920 μὴ
766 4846 859 4898 σὺν
887 4842 963 4914 τῷ
987 4842 1175 4912 κόσμῳ
1199 4837 1603 4910 κατακριθῶσιν
1630 4837 1680 4888 oi
1702 4835 1922 4899 δίκαιοι,

347 4941 622 5015 χωρισμὸς
648 4941 797 4994 ἔσται
826 4936 932 4993 τῶν
957 4933 1219 5004 θεοφιλῶν
1245 4931 1449 5002 ψυχῶν,
1479 4929 1724 4998 ἀγγέλων
1755 4926 1925 4990 αὐτὰς

346 5031 877 5106 διαχωριζόντωνικαὶ
894 5023 1381 5100 παραληψομένων·
1402 5020 1542 5074 ὥστε
1567 5023 1624 5074 ἐν
1645 5021 1740 5091 μιᾷ
1762 5035 1927 5090 στρω-

350 5128 455 5198 μνῇ
483 5126 626 5178 δυοῖν
667 5121 1074 5193 κατακειμένων
1111 5118 1206 5170 ἕνα
1254 5113 1351 5186 μὲν
1381 5112 1470 5167 τὸν
1505 5112 1597 5166 τοῦ
1617 5110 1750 5164 Θεοῦ
1776 5111 1924 5176 ἄξιον

347 5215 888 5289 παραλαμϐάνεσθαι,
925 5213 1016 5266 τὸν
1042 5212 1098 5265 δὲ
1134 5209 1322 5279 ἕτερον
1372 5203 1817 5268 καταλείπεσθαι,
1845 5203 1921 5266 ὡς

348 5310 495 5377 ἀξιον
537 5310 635 5380 τῆς
668 5307 786 5360 τότε
821 5304 1270 5375 καταληψομένης
1315 5302 1441 5363 τοὺς
1470 5295 1686 5359 ἀσεϐεῖς
1728 5295 1918 5367 ὀργῆς.

346 5405 455 5457 Καὶ
479 5402 571 5456 ἐπὶ
591 5399 697 5452 τῶν
723 5399 809 5467 ὑφ’
836 5399 916 5451 ὲνὶ
941 5397 1140 5468 μυλῶνι
1167 5391 1500 5464 ἀληθουσῶν,
1531 5391 1560 5442 ὁ
1583 5390 1744 5452 αὐτὸς
1765 5389 1922 5457 λόγος

347 5483 521 5548 ἔσται.
572 5489 901 5563 Ἀληθούσας
946 5489 1004 5542 δὲ
1049 5488 1294 5558 ὠνόμασε
1340 5484 1438 5548 τὰς
1480 5484 1570 5537 τὸν
1605 5481 1794 5552 εὐτελῆ
1827 5483 1920 5534 καὶ

2035 4767 2156 4804 cum
2190 4752 2390 4806 mtme
2420 4752 2552 4821 justi
2584 4755 2932 4822 damnentur,
2961 4756 3251 4813 discrimen
3279 4759 3371 4814 (iet
3396 4761 3607 4817 anima-

2033 4854 2151 4894 rum
2190 4840 2295 4896 Deo
2317 4843 2631 4909 cbararum,
2671 4847 2879 4916 angelis
2908 4861 3001 4902 eas
3046 4847 3411 4907 dividentibus
3437 4862 3602 4922 atque

2031 4935 2432 4992 assumentibus
2462 4953 2476 4988 :
2517 4937 2590 4991 ita
2622 4947 2681 4992 ut
2712 4954 2741 4992 e
2772 4938 2980 4995 duobus
3024 4941 3075 4993 in
3118 4945 3306 4997 eodem
3341 4943 3481 4999 lecto
3515 4945 3606 5015 ja-

2031 5029 2301 5096 centibus,
2328 5046 2466 5086 unus
2496 5032 2687 5102 dignus
2720 5043 3050 5101 assumatur,
3083 5036 3223 5091 alter
3253 5038 3600 5109 derelinqua-

2035 5131 2364 5192 tur,utpote
2412 5124 2632 5181 ultionis
2680 5141 2800 5196 quae
2847 5139 2974 5184 tunc
3019 5131 3086 5186 de
3134 5129 3316 5200 impiis
3363 5139 3609 5185 sumetur

2032 5229 2267 5270 merens.
2301 5213 2558 5286 Idemque
2584 5219 2793 5274 accidet
2821 5221 3028 5276 duabus
3054 5237 3272 5292 quoque
3296 5221 3347 5275 in
3370 5221 3604 5291 pistrino

2030 5307 2500 5365 commolentibus.
2536 5311 2798 5367 Molentes
2840 5324 3018 5368 autem
3064 5315 3192 5368 dicit
3245 5313 3508 5380 feminas,
3547 5324 3606 5368 ut

2030 5399 2292 5468 signiticet
2320 5401 2460 5467 vilis,
2482 5405 2844 5474 pauperrimus
2864 5417 3028 5474 atque
3057 5405 3254 5460 inﬁnite
3276 5406 3605 5462 conditionis

2029 5483 2296 5541 homines.
2321 5486 2576 5546 Jacentes
2602 5503 2783 5547 autem
2813 5493 2865 5546 in
2895 5493 3050 5548 lectis
3084 5492 3239 5560 dicit,
3273 5507 3372 5563 pro
3404 5493 3604 5549 libera-

423 5679 470 5711 ³⁸
502 5678 606 5732 lsa.
635 5691 785 5741 xx",
809 5672 902 5731 20.
980 5672 1022 5704 ⁸¹
1055 5673 1186 5728 Luc.
1220 5687 1354 5737 xvtt,
1392 5671 1482 5725 3i.
1561 5669 1605 5700 "
1651 5667 1786 5724 Luc.
1811 5682 1946 5736 xvn,
1969 5667 2058 5725 54.

423 5814 673 5895 (6⁷),Οιιρ
706 5829 866 5895 891³511
917 5813 1110 5895 anima:
1160 5828 1376 5895 {tuoque
1419 5813 1832 5885 suteorodigus
1881 5812 2079 5884 aliquis
2140 5829 2261 5873 esse
2300 5819 2494 5888 possit,
2530 5818 2749 5895 ,videsis
2789 5817 2929 5888 apud
2963 5814 3255 5872 Eusebium
3303 5814 3354 5870 in
3403 5815 3604 5873 nostris

356 5881 700 5957 nuptam
724 5883 1062 5955 fragmentis,
1095 5881 1197 5940 col.
1237 5881 1362 5938 671.

665 5981 936 6042 ΡΑτιιοι..
985 5979 1103 6042 Gn.
1149 5977 1378 6039 XXIV.

3212 5973 3288 6033 19
