4116 6398
467 410 576 472 88⁸7

1138 404 1401 460 unseen
1439 403 1904 460 CESARIENSIS
1941 403 2092 460 OPP.
2129 403 2309 461 mas
2347 403 2437 459 ιιι.
2459 372 2548 444 '4
2583 403 2999 463 EXEGETICA.

3602 408 3708 465 588

473 529 542 586 lis
593 539 646 585 et
691 529 848 582 lautae
894 525 1016 581 vitae
1073 526 1416 580 mortalibus.
1475 523 1626 580 Hanc
1667 525 1834 595 ipsam
1891 525 2040 580 locu-

2154 525 2393 597 πενιχρὸν
2420 525 2511 578 καὶ
2537 525 2762 596 ἔσχατον
2793 527 2850 579 ἐν
2875 525 3179 596 ἀνθρώποις
3201 525 3548 592 διαντλούσας
3575 529 3706 600 βίον

475 621 678 675 tionem
707 619 870 672 habet
901 615 1100 685 Moysis
1128 614 1432 684 Scriptura,
1463 614 1553 669 ubi
1583 615 1782 670 dicitur
1811 629 2038 684 perven-

473 721 596 766 tura
642 709 878 763 vindicta
924 721 953 760 a
999 705 1301 760 Pharaonis
1343 707 1705 778 primogenita
1755 721 1926 775 usque
1971 706 2036 760 ad

471 801 762 855 molentem
786 797 1206 866 apinsentemque
1240 797 1295 851 in
1329 797 1581 868 pistrino.
1625 797 1860 852 Extremi
1892 798 2036 854 enim

472 891 720 948 humana:
750 889 1078 944 conditionis
1110 888 1346 955 termini,
1374 890 1662 958 opulentus
1687 889 1960 954 videlicet,
1986 899 2041 944 et

471 981 692 1039 humilis
721 991 881 1049 atque
907 979 1177 1047 abiectus,
1213 980 1298 1035 his
1326 981 1508 1037 verbis
1550 983 1909 1052 attinguntur.
1948 984 2042 1038 Sic

471 1091 615 1131 nunc
667 1087 880 1144 quoque
937 1073 1070 1127 duos
1109 1072 1164 1126 in
1209 1071 1351 1129 lecto
1403 1088 1512 1128 uno
1537 1076 1857 1129 memoravit
1891 1073 2043 1129 Scri-

471 1177 628 1238 plura
650 1207 667 1232 ,
697 1174 754 1222 ut
787 1165 1028 1220 liberalis
1058 1165 1181 1218 vita:
1203 1164 1450 1220 homines
1483 1165 1735 1221 innueret
1762 1183 1778 1233 ;
1814 1182 2042 1236 quorum

471 1273 613 1313 unus
658 1265 1000 1320 assumetur,
1048 1255 1138 1323 qui
1165 1256 1281 1322 .Bei
1331 1255 1602 1312 electione
1641 1258 1871 1329 dignus;
1906 1257 2044 1312 alter

470 1349 829 1419 relinquetur,
853 1349 944 1416 qui
978 1360 1153 1418 poma;
1185 1356 1270 1402 est
1296 1346 1490 1404 aﬁinis.
1536 1347 1804 1404 Similiter
1837 1349 2067 1403 molen-'

472 1445 555 1492 tes
583 1437 703 1492 duae
753 1436 1134 1502 intelliguntur
1161 1451 1281 1505 qua:
1306 1437 1731 1494 interhomines
1754 1439 2040 1494 obscuram

470 1538 528 1582 et
581 1541 873 1597 pauperem
925 1528 1092 1580 vitam
1145 1529 1355 1594 agitant
1403 1545 1416 1581 :
1456 1543 1686 1598 quarum
1739 1531 1868 1584 item
1923 1545 2044 1601 qua:

469 1617 614 1688 iusta
641 1627 747 1686 est,
773 1615 1100 1685 assumatur,
1129 1618 1301 1674 altera
1330 1619 1683 1688 relinquetur.

2137 614 2228 666 ἐπὶ
2268 614 2453 683 κλίνης
2477 614 2673 676 δέτοὺς
2701 613 2792 667 τόν
2832 615 3112 685 ἐλεύθερον
3138 618 3231 668 καὶ
3257 618 3441 670 ἄνετον
3461 618 3572 688 βίον
3596 636 3716 688 μετ-

2138 705 2482 776 ερχομένους.
2511 705 2678 756 Τοῦτο
2698 705 2753 757 δέ
2778 709 3116 777 παραστήσει
3139 709 3170 777 ἡ
3191 708 3466 771 Μωῡσέως
3527 710 3715 782 γραφὴ

2139 797 2196 848 ἐν
2295 813 2456 866 φησιν
2485 797 2513 848 6
2539 795 2696 864 λόγος
2732 796 2880 866 ἥξειν
2921 797 3018 868 τήν
3043 797 3211 868 ὀργὴν
3239 798 3345 851 ἀπὸ
3371 801 3716 870 πρωτοτόκου

2139 889 2358 960 Φαραὼ,
2410 891 2504 944 καὶ
2535 889 2638 952 ἐως
2671 891 2768 960 τῆς
2817 889 3121 961 ἀληθούσης
3169 891 3264 943 καὶ
3307 892 3616 962 πεσσούσης
3659 896 3719 948 ἐν

2140 981 2218 1052 τῷ
2253 981 2472 1052 μυλῶνι.
2509 980 2590 1032 Τά
2617 979 2726 1052 γὰρ
2751 981 2894 1051 ἄκρα
2922 980 3028 1033 τῶν
3061 982 3179 1034 κατ’
3213 981 3534 1053 ἀνθρώπους
3562 983 3716 1052 βίων,

2140 1072 2233 1126 τοῦ
2275 1090 2336 1124 τε
2381 1071 2590 1136 ἐνδόξου
2634 1072 2725 1125 τοῦ
2767 1072 3182 1145 ἀπερῤιμμένου
3218 1074 3311 1125 καὶ
3349 1075 3600 1144 ἐσχάτου,
3630 1075 3721 1129 διά

2141 1164 2346 1218 τούτων
2388 1166 2416 1217 6
2446 1163 2601 1232 λόγος
2628 1166 2967 1235 παρέστησεν
2991 1181 3004 1193 ·
3037 1162 3210 1228 οὕτως
3238 1161 3330 1218 οὖν
3359 1167 3453 1218 καὶ
3486 1166 3720 1220 ἐνταῦθα

2142 1257 2235 1310 δύο
2277 1256 2370 1309 ἐπὶ
2414 1255 2598 1327 κλίνης
2642 1257 2768 1326 μιᾶς
2814 1256 3095 1325 εἰσήγαγε,
3137 1256 3261 1317 τοὺς
3301 1255 3398 1325 τὴν
3431 1254 3722 1327 ἐλευθέραν

2144 1347 2290 1418 ζωὴν
2325 1347 2606 1418 μετιόντας
2638 1346 2980 1416 αἰνιξάμενος
2999 1363 3011 1374 ·
3050 1346 3078 1397 6
3107 1341 3187 1408 εἷς
3211 1345 3720 1418 παραληφθήσεται,

2143 1441 2174 1492 6
2198 1438 2345 1504 ἄξιος
2369 1439 2470 1507 τῆς
2494 1437 2602 1491 ἀπὸ
2627 1437 2720 1490 τοῦ
2763 1437 2898 1490 Θεοῦ
2927 1437 3185 1506 ἐκλογῆς’
3215 1439 3243 1489 6
3265 1437 3322 1490 δέ
3359 1437 3544 1509 ἕτερος
3589 1440 3726 1509 ἀφε-

2145 1531 2386 1600 θήσεται,
2415 1529 2655 1600 δηλονότι
2693 1530 2721 1582 6
2754 1531 2851 1599 τῆς
2879 1529 3046 1598 ὀργῆς
3069 1530 3266 1591 οἰκεῖος
3286 1545 3298 1558 ·
3329 1527 3590 1594 ὡσαύτως
3629 1529 3724 1583 δύο

2145 1623 2440 1693 ἀλήθουσαι
2475 1615 2584 1673 εἶεν
2617 1619 2682 1673 ἂν
2725 1621 2780 1672 αἱ
2826 1621 2884 1672 ἐν
2913 1617 3219 1690 ἀνθρώποις
3259 1618 3350 1671 τὸν
3392 1620 3582 1692 ἄτιμον
3627 1621 3726 1674 καὶ

2147 1712 2399 1783 πενιχρὸν
2427 1712 2539 1782 βίον
2569 1709 2846 1782 μετιοῦσαι
2865 1727 2878 1740 ο
2907 1704 2982 1765 ὧν
3004 1709 3164 1763 πάλιν
3190 1713 3222 1782 ή
3251 1711 3514 1782 κρείττων
3542 1729 3723 1784 παρα-

2146 1804 2503 1875 ληφθήσεται,
2532 1805 2565 1873 ή
2593 1803 2648 1855 δέ
2675 1801 2836 1872 ἐτέρα
2861 1801 3214 1873 ἀφεθήσεται.

474 1883 521 1920 ⁸³
547 1885 742 1960 Dicunt
774 1885 822 1939 ei
839 1901 857 1938 :
879 1883 1130 1960 Ubinam,
1161 1883 1550 1960 Domine?_Qui
1579 1885 1888 1960 respondit;
1907 1885 2008 1940 Ubi

2154 1867 2443 1960 Λέγουσιν
2467 1867 2654 1957 αὐτῷ·
2693 1867 2836 1953 Ποῦ,
2872 1867 3082 1959 Ktiple;
3122 1893 3184 1944 Ὀ
3216 1891 3284 1944 δὲ
3308 1888 3477 1946 εἶπεν
3499 1891 3722 1958 αὐτοῖς·

569 1957 727 2027 fuerit
761 1971 977 2027 corpus,
1017 1955 1146 2008 illuc
1167 1954 1618 2024 congregabantur
1649 1966 1696 2009 et
1721 1956 1934 2024 aquilae.

547 2046 956 2104 Sciscitantibus
1001 2045 1276 2114 discipulis
1316 2062 1332 2100 :
1372 2043 1616 2110 Ubinam,
1649 2044 1910 2101 Domine?
1947 2062 2044 2102 vo-

475 2143 820 2210 lentibusque
843 2153 1169 2210 cognoscere
1195 2177 1212 2204 ,
1249 2139 1466 2195 ubinam
1505 2139 1642 2194 alter
1687 2153 1754 2193 ex
1792 2139 1896 2194 illis
1930 2155 2036 2194 non

478 2233 774 2302 assumptis
809 2230 1178 2300 relinquetur:
1217 2227 1358 2295 Ubi,
1387 2229 1591 2298 inquit,
1627 2228 1789 2298 fuerit
1833 2246 2042 2298 corpus,

475 2324 562 2379 vel
601 2323 856 2386 cadaver,
887 2330 947 2376 ut
981 2321 1057 2375 ait
1085 2319 1399 2387 Matthmus,
1422 2319 1551 2374 illuc
1588 2323 2048 2390 congregabantur

476 2426 528 2473 et
557 2414 748 2488 aquin
773 2414 819 2446 “
851 2429 870 2469 :
915 2428 984 2468 ex
1019 2413 1212 2468 avibus
1261 2412 1448 2467 nescio
1478 2411 1676 2482 quibus
1719 2413 2046 2468 cadaverum

477 2507 770 2564 voracibus
815 2505 1089 2577 principes
1121 2503 1293 2577 ιΙιιιῇιιε
1342 2503 1526 2560 saeculi
1573 2503 1734 2558 ducta
1770 2518 2049 2575 compara-

480 2603 629 2658 tione
659 2599 1008 2672 signiiicans,
1039 2597 1129 2668 qui
1162 2604 1381 2652 sanctos
1413 2596 1506 2651 Dei
1557 2606 1682 2652 tunc
1713 2611 2051 2666 persequen-

480 2708 615 2752 tur:
654 2697 848 2766 quibus
899 2707 1007 2748 uno
1067 2694 1121 2747 in
1180 2691 1302 2747 loco
1351 2692 1577 2758 coactis,
1627 2691 1819 2746 eodem
1848 2692 2052 2761 pariter

481 2786 836 2855 compelletur
862 2785 952 2839 ille
979 2784 1070 2853 qui
1103 2783 1355 2851 indignus
1383 2781 1594 2836 delectu
1616 2789 1720 2836 est.
1747 2781 1845 2837 Est
1870 2792 2050 2837 autem

475 2880 775 2954 iacentium
828 2879 880 2933 in
931 2877 1106 2942 lecto,
1155 2876 1332 2941 alter;
1374 2874 1462 2929 vel
1497 2875 1852 2941 uiolentium,
1895 2890 1998 2929 una
2035 2893 2047 2928 :

474 2973 574 3046 qui
631 2971 794 3024 etiam
841 2968 1123 3022 tradentur
1172 2962 1519 3033 congregatis
1568 2961 1857 3017 adversum
1908 2962 2052 3030 ipsos

474 3059 700 3134 aquilis.
725 3060 949 3130 Aquilas
974 3071 1126 3123 vero,
1162 3055 1658 3126 Hierosolymorum
1705 3069 1921 3126 quoque
1951 3056 2053 3109 ob-

482 3167 730 3211 sessores
754 3149 1100 3222 pr0pheticus
1142 3161 1324 3203 sermo
1370 3145 1695 3216 appellavit;
1736 3145 1898 3201 veluti
1930 3161 2050 3200 cum

482 3242 1076 3300 Nabuchodonosorum
1139 3237 1273 3291 dicit
1324 3237 1580 3305 grandem
1638 3246 1686 3290 et
1741 3253 2052 3306 magnarum

472 3314 692 3391 alarum
716 3332 947 3400 aquilam
971 3330 1038 3384 ³⁵.
1085 3328 1198 3383 Nisi
1252 3327 1391 3382 forte
1439 3327 1546 3380 alio
1599 3342 1760 3382 sensu
1815 3327 2055 3380 vindices

472 3417 818 3494 Iultricesqne
869 3428 1194 3491 potestates,
1230 3433 1350 3489 quae
1403 3419 1600 3487 impios
1650 3417 1923 3482 invadent,
1973 3416 2058 3471 bis

472 3489 665 3573 everbis
690 3489 1014 3570 denotamur
1043 3527 1058 3567 :
1091 3511 1285 3578 quibus
1323 3524 1389 3562 ne
1423 3507 1566 3563 forte
1608 3509 1914 3572 tradamur,
1942 3522 2058 3562 mo-

473 3587 579 3680 inet
605 3605 797 3661 deinde
825 3601 1081 3658 Servalor
1113 3610 1172 3652 ut
1199 3598 1456 3669 precibus
1488 3612 1708 3668 operam
1737 3597 1949 3654 demus.

577 3789 622 3823 ³⁸
649 3789 824 3844 Iudex
853 3785 1064 3857 quidam
1097 3790 1242 3846 erat,
1273 3779 1365 3850 qui
1393 3779 1560 3832 Deum
1589 3795 1691 3833 non
1731 3779 1965 3834 timebat.

558 3880 721 3937 Addit
752 3879 916 3934 etiam
947 3873 1254 3945 parabolam
1286 3873 1353 3928 de
1373 3871 1556 3940 judice
1594 3872 1914 3941 iniquitatis,
1951 3887 2060 3944 quo

489 3974 777 4029 conﬁrmet
803 3971 1070 4025 orandum
1118 3981 1333 4035 semper
1385 3965 1638 4033 nullaque
1680 3967 1892 4035 ignavia
1941 3981 2061 4022 ces-

476 4055 742 4121 sandum.
775 4059 927 4130 Quod
971 4068 1149 4113 autem
1189 4058 1266 4112 ait
1296 4056 1337 4088 ⁸⁷
1371 4055 1546 4110 :Num
1592 4055 1760 4111 Filius
1806 4058 2058 4126 hominis,

489 4173 616 4214 cum
669 4154 902 4218 venerit,
965 4151 1124 4206 ﬁdem
1170 4151 1224 4205 in
1273 4151 1410 4204 orbe
1460 4148 1746 4203 inveniet?
1793 4149 2060 4203 derectum

491 4249 620 4306 ﬁdei
662 4248 903 4302 futurum
936 4243 1193 4307 ostendit,
1225 4243 1296 4296 ita
1333 4252 1390 4295 ut
1421 4255 1580 4296 nemo
1608 4240 1778 4294 ﬁdelis
1808 4241 2060 4309 supersit,

492 4349 588 4394 aut
638 4337 727 4392 vix
777 4350 935 4390 rarus
983 4334 1200 4404 aliquis,
1259 4333 1406 4388 circa
1459 4333 1710 4386 secundae
1744 4330 1858 4398 ejus
1890 4332 2065 4384 mani-

492 4427 799 4486 festationis
843 4435 1080 4481 aetatem.
1128 4425 1182 4478 Id
1235 4439 1399 4493 porro
1455 4423 1744 4492 apostatici
1804 4421 2063 4490 temporis

473 3947 483 3987 ἰ

2182 1965 2372 2016 ’Ὅπου
2396 1963 2460 2015 τὸ
2484 1962 2808 2031 σῶμα,ἑκεῐ
2829 1960 3319 2029 συναχθήσονται
3338 1963 3432 2016 καί
3456 1966 3507 2016 οἱ
3524 1963 3706 2016 ἀετοί.

2226 2053 2646 2125 Ἐρωτησάντων
2691 2053 2798 2106 τῶν
2850 2052 3134 2123 μαθητῶν·
3166 2054 3380 2121 Κύριε,
3435 2053 3585 2116 xor");
3635 2053 3730 2106 καὶ

2147 2144 2512 2216 βουληθέντων
2561 2145 2748 2215 μαθεῖν
2794 2143 2898 2196 ποῦ
2949 2144 3442 2216 καταλειφθήσεται
3473 2148 3500 2197 6
3542 2146 3733 2216 ἔτερος

2144 2235 2251 2288 τῶν
2284 2235 2406 2306 (μὴ)
2446 2233 2937 2305 παραληφθέντων
2991 2233 3204 2298 Ὅπου,
3237 2235 3393 2305 φησὶ,
3431 2234 3498 2287 τὸ
3536 2233 3728 2302 σῶμα,

2145 2327 2181 2399 ἢ
2215 2325 2290 2400 τό.
2326 2325 2534 2395 πτῶμα
2583 2325 2723 2378 κατὰ
2754 2325 3052 2392 Ματθαῖον,
3075 2325 3202 2378 ἐκεῖ
3233 2324 3734 2394 συναχθήσονται

2148 2419 2246 2472 καί
2277 2422 2330 2472 οἱ
2361 2418 2521 2472 ἀετοί
2536 2435 2548 2447 °
2575 2417 2762 2490 ὥσπερ
2783 2419 3004 2481 οἰωνούς
3027 2435 3178 2480 τινας
3201 2418 3583 2489 νεκροὸόρους,
3604 2419 3734 2480 τοὺς

2148 2511 2412 2583 ἄρχοντας
2448 2510 2542 2564 τοῦ
2575 2510 2767 2574 αἰῶνος
2797 2510 2989 2564 τούτου
3030 2509 3395 2580 αἰνιξάμενος,
3438 2511 3565 2574 τοὺς
3609 2510 3732 2563 τότε

2147 2601 2434 2666 διώκοντας
2466 2603 2592 2665 τοὺς
2617 2603 2804 2671 ἁγίους
2828 2601 2919 2655 τοῦ
2936 2603 3069 2656 Θεοῦ
3090 2621 3104 2633 ο
3126 2599 3200 2656 ὧν
3224 2603 3319 2655 ἐπὶ
3347 2603 3409 2655 τὺ
3438 2603 3569 2656 αὐτὸ
3599 2619 3725 2655 συν-

2151 2693 2421 2764 αχθέντων
2443 2735 2461 2759 ,
2535 2695 2652 2746 ἐκεῖ
2702 2694 2794 2746 καὶ
2850 2695 2978 2765 παρ’
3030 2695 3212 2757 αὐτοῖς
3261 2692 3647 2763 συναχθήσεται
3697 2694 3731 2746 6

2151 2784 2365 2848 ἀνάξιος
2397 2784 2494 2855 τῆς
2521 2783 2904 2854 παραλήψεως.
2941 2780 3049 2838 Ἦν
3079 2785 3125 2836 δ’
3156 2779 3311 2847 οὗτος
3351 2783 3457 2836 τῶν
3491 2785 3581 2836 ἐπὶ
3615 2782 3728 2837 κἈι

2150 2893 2248 2947 νης
2273 2875 2636 2929 καθευδόντων
2669 2876 2697 2928 ὁ
2724 2875 2936 2946 ἕτερος·
2974 2875 3007 2946 ῆ
3048 2874 3154 2928 τῶν
3185 2875 3496 2946 ἀληθουσῶν
3523 2878 3557 2948 ή
3593 2875 3730 2947 μίασ

2151 2968 2200 3021 οἳ
2229 2969 2324 3022 καὶ
2353 2967 2820 3039 παραδοθήσονται
2846 2967 2958 3028 τοῖς
2982 2965 3393 3036 ἐπισυναχθεῖσι
3413 2968 3531 3020 κατ’
3554 2966 3734 3020 αὐτῶν

2153 3060 2351 3122 ἀετοῖς.
2395 3060 2612 3120 Ἀετοὺς
2639 3057 2695 3109 δὲ
2723 3057 2816 3109 καὶ
2839 3057 2964 3120 τοὺς
2995 3057 3096 3128 τῆς
3135 3058 3491 3130 Ἰερουσαλήμ
3519 3059 3734 3130 πολιορο

2154 3150 2325 3221 κητάς
2352 3153 2380 3204 6
2406 3149 2740 3222 προφητικός
2765 3150 2923 3222 λόγος
2945 3149 3252 3221 ὠνόμασεν·
3279 3151 3353 3212 ὡς
3372 3153 3461 3204 ὅτε
3486 3153 3612 3222 περὶ
3639 3148 3736 3202 τοῦ

2155 3219 2623 3312 Ναϐουχοδονόσορ
2678 3219 2844 3310 λέγει’
2893 3243 2954 3295 '0
2994 3219 3167 3306 ἀετὸς
3210 3245 3243 3296 ό
3273 3242 3460 3311 μέγας
3493 3246 3526 3296 ὀ
3550 3219 3735 3313 ,μεγα-

2155 3330 2553 3399 λοπτέρυγος·
2589 3331 2662 3401 μή
2710 3332 2827 3383 ποτ’
2856 3327 2949 3385 οὖν
2992 3331 3113 3384 καθ’
3159 3332 3356 3400 ἑτέραν
3402 3331 3641 3386 διάνοιαν
3676 3332 3738 3386 αἱ

2156 3419 2523 3490 τιμωρητικαὶ
2560 3419 2654 3470 καὶ
2685 3419 3000 3473 κολαστικαί
3029 3419 3309 3490 δυνάμεις,
3341 3422 3396 3473 αἱ
3443 3424 3566 3485 τοὺς
3607 3425 3737 3476 ἀσε-

2158 3509 2272 3571 δεῖς
2326 3507 2799 3578 μετελευσόμεναι,
2847 3509 2934 3562 διὰ
2983 3509 3092 3561 τῶν
3146 3509 3378 3563 ἐνταῦθα
3427 3510 3740 3581 λεγομένων

2157 3600 2331 3654 ἀετῶν
2363 3599 2710 3671 ἐδηλώθησαν
2729 3618 2742 3631 ·
2776 3596 2860 3665 αἷς
2894 3602 2980 3654 ἵνα
3005 3602 3080 3672 μὴ
3115 3601 3528 3672 παραδοθῶμεν,
3559 3602 3684 3674 ἑξῆς
3709 3605 3742 3656 6

2158 3693 2348 3764 Σωτὴρ
2378 3695 2632 3763 παραινεῖ
2655 3693 2838 3763 εὐχαῖς
2872 3694 3182 3763 σχολάζειν.

2299 3785 2510 3854 Κριτής
2544 3803 2634 3851 τις
2665 3781 2742 3853 ἦν
2774 3786 2878 3838 τὸν
2909 3785 3056 3839 Θεὸν
3083 3786 3170 3855 μὴ
3201 3786 3594 3854 φοϐούμενος.

2243 3877 2627 3930 Ἐπισυνὰπτει
2667 3876 2796 3944 γοῦν
2841 3877 2935 3930 καὶ
2984 3877 3297 3949 παραϐολὴν
3330 3877 3428 3948 τὴν
3475 3877 3604 3948 περὶ
3646 3876 3741 3930 τοῦ

2159 3969 2346 4042 κριτοῦ
2367 3971 2466 4039 τῆς
2482 3969 2714 4035 ἀδικίας,
2734 3970 2868 4040 πρὸς
2889 3971 2949 4022 τὸ
2964 3970 3074 4022 δεῖν
3097 3970 3323 4022 πάντοτε
3346 3967 3743 4041 προσεύχεσθαι

2161 4061 2254 4115 καὶ
2281 4062 2357 4132 μὴ
2406 4063 2682 4114 ἐκκακεῖν.
2713 4043 2802 4112 ’Τὸ
2849 4060 2905 4112 δὲ
2937 4062 3133 4113 εἰπεῖν·
3162 4056 3308 4130 Ἀρα
3347 4059 3516 4112 ἐλθὼν
3548 4058 3575 4108 ὁ
3615 4055 3742 4119 Υἱός

2161 4151 2254 4204 τοῦ
2281 4151 2567 4222 ἀνθρώπου
2597 4152 2817 4222 εὑρήσει
2845 4151 2942 4222 τὴν
2969 4148 3152 4205 πίστιν
3174 4151 3268 4204 ἐπὶ
3288 4151 3386 4221 τῆς
3410 4151 3546 4221 γῆς;
3572 4149 3742 4202 ἔκλει-

2161 4243 2252 4313 ψιν
2278 4243 2428 4314 δηλοῖ
2459 4243 2556 4314 τῆς
2587 4243 2842 4306 πίστεως,
2867 4242 2943 4305 ὡς
2973 4243 3176 4312 μηδένα
3217 4241 3405 4294 πιστὸν
3457 4240 3742 4312 εὑρεθήσε-

2166 4335 2307 4398 σθαι,
2336 4335 2367 4405 ἥ
2403 4335 2584 4387 εἵπου
2620 4335 2729 4404 ἄρα
2757 4333 2980 4386 σπάνιόν
3010 4351 3129 4386 τινα
3156 4332 3295 4386 κατά
3320 4334 3411 4386 τὸν
3437 4333 3534 4403 τῆς
3558 4329 3743 4384 δευτέ-

2169 4443 2265 4498 ρας
2299 4424 2462 4479 αὑτοῦ
2498 4426 2812 4494 θεοφανείας
2845 4425 3244 4496 χρόνον.”οπερ
3280 4425 3417 4495 μέγα
3449 4422 3744 4492 τεκμήριον

491 4535 746 4590 magnum
775 4517 985 4587 signum
1013 4515 1118 4570 erit
1137 4557 1153 4582 ,
1181 4531 1302 4569 cum
1334 4528 1460 4568 raro
1488 4519 1740 4567 occurret
1772 4510 1864 4580 qui
1905 4511 2058 4566 ﬁdem

2167 4518 2420 4588 τυγχάνει
2462 4516 2556 4569 τοῦ
2600 4515 2790 4587 καιροῦ
2821 4515 2921 4585 τῆς
2961 4516 3316 4578 ἀποστασίας,
3367 4517 3422 4567 ἐν
3451 4508 3494 4582 ᾧ
3524 4513 3749 4576 σπάνιος

494 4615 729 4667 retineat
756 4627 770 4664 :
802 4609 913 4663 imo
939 4622 1068 4663 vero
1099 4622 1166 4662 ne
1197 4621 1337 4660 unus
1384 4605 1603 4674 quidem
1660 4602 1891 4656 fortasse
1937 4602 2063 4667 erit,

494 4710 779 4772 propterea
828 4699 970 4768 quod
1023 4698 1111 4752 alii
1151 4696 1412 4766 assumpti
1461 4693 1702 4757 fuerint,
1738 4693 1830 4746 alii
1863 4691 2060 4755 relicti,

496 4794 690 4865 aquilis
722 4807 914 4862 nempe
946 4791 1214 4845 tradendi.
1253 4787 1343 4843 Sic
1371 4802 1500 4857 ergo
1549 4786 1722 4840 deleta
1776 4786 1922 4839 inter
1970 4784 2067 4839 ho-

496 4887 672 4942 mines
706 4885 832 4951 iide,
862 4885 976 4954 ipse
1011 4882 1388 4952 superveniet,
1445 4889 1661 4935 sanctos
1692 4894 1819 4933 suos
1872 4877 1962 4948 qui
1999 4877 2068 4931 ab

495 4979 678 5050 impiis
703 4978 810 5032 leto
840 4975 1004 5031 dediti
1036 4975 1254 5037 fuerint,
1281 4973 1671 5026 vindicaturus.
1699 4969 1856 5025 Brevi
1889 4978 2068 5023 autem

495 5073 758 5128 ultionem
785 5069 1043 5141 patrabit,
1073 5075 1362 5137 propterea
1385 5065 1528 5136 quod
1560 5065 1614 5118 hi
1661 5064 1752 5118 diu
1801 5072 2071 5131 noctuque

498 5166 564 5220 ad
596 5178 718 5220 eum
747 5163 1004 5217 clamant.
1033 5158 1099 5212 Et
1126 5159 1341 5227 quidem
1383 5167 1441 5211 ut
1470 5159 1536 5211 ad
1570 5173 1629 5212 se
1670 5156 1941 5220 clament,
1970 5157 2068 5210 do-

497 5258 611 5311 cuit
637 5269 733 5312 eos
760 5268 858 5324 per
889 5251 1205 5321 parabolam
1237 5247 1302 5302 de
1327 5245 1508 5317 judice
1539 5244 1861 5316 iniquitatis.

497 5433 545 5468 "‘
561 5433 731 5488 Homo
744 5433 956 5504 quidam
979 5429 1167 5504 nobilis
1191 5429 1319 5482 abiit
1363 5429 1416 5480 in
1440 5427 1700 5495 regionem
1729 5425 2070 5504 longinquam

798 5504 1031 5570 accipere
1060 5501 1157 5554 sibi
1198 5513 1437 5569 regnum,
1479 5507 1525 5551 et
1556 5499 1762 5550 reverti.

571 5596 650 5652 En
674 5611 793 5665 qua
822 5595 875 5648 in
907 5595 1008 5648 hac
1042 5589 1294 5663 parabola
1326 5589 1616 5644 edocemnr
1643 5604 1656 5641 :
1693 5585 1931 5642 futurum
1967 5588 2073 5643 sci-

577 5835 619 5865 ³³
641 5833 768 5888 Luc.
797 5846 926 5897 xvn,
946 5829 1036 5884 '57.
1110 5829 1153 5860 ³⁸
1197 5829 1383 5884 Matth.
1413 5845 1560 5896 xxxv,
1586 5829 1675 5885 28.
1754 5827 1795 5858 ³⁵
1822 5825 2018 5881 Ezech.
2049 5825 2284 5893 xvm,‘5.

2169 4608 2320 4660 ἔσται
2344 4610 2372 4660 6
2397 4607 2823 4678 εὑρεθησόμενος
2850 4605 3064 4668 πιστόςο
3087 4606 3230 4676 τάχα
3254 4605 3309 4658 δὲ
3332 4605 3453 4658 οὐδέ
3475 4598 3553 4667 εἷς
3575 4603 3751 4667 ἔσται,

2167 4700 2256 4754 διὰ
2284 4700 2343 4752 τὸ
2393 4700 2517 4762 τοὺς
2567 4699 2667 4769 μὲν
2714 4697 3264 4769 παραληφθήσεσθαι,
3299 4698 3425 4760 τοὺς
3471 4696 3527 4748 δὲ
3578 4713 3754 4750 κατα-

2169 4790 2556 4863 λειφθήσεσθαι
2579 4792 2691 4853 τοῖς
2717 4790 2896 4853 ἀετοῖς
2921 4788 3467 4862 παραδοθησομένους
3483 4805 3496 4817 ο
3528 4786 3672 4840 οὔτω
3695 4803 3756 4839 τε

2172 4882 2230 4948 ἐξ
2266 4880 2566 4952 ἀνθρώπων
2609 4879 2968 4952 ἐκλειπούσης
3009 4879 3110 4950 τῆς
3151 4879 3408 4942 πίστεως,
3442 4879 3605 4941 αὐτὸς
3645 4877 3760 4930 λοι-

2175 4975 2273 5026 πὸν
2295 4973 2644 5044 ἐπιστήσεται
2669 4971 2766 5043 τὴν
2791 4973 3066 5042 ἐκδίκησιν
3083 4971 3440 5042 ποιησόμενος
3461 4969 3568 5022 τῶν
3586 4969 3758 5038 ἁγίων

2177 5062 2340 5118 αὑτοῦ
2368 5063 2475 5116 τῶν
2519 5064 2622 5116 ὑπὸ
2662 5064 2769 5117 τῶν
2800 5063 3012 5117 ἀσεΰῶν
3054 5061 3430 5134 ἀνῃρημένων.
3479 5063 3566 5115 Ἐν
3603 5062 3758 5131 τάχει

2177 5153 2233 5205 δὲ
2283 5153 2497 5224 ποιήσει
2543 5153 2638 5224 τὴν
2685 5153 2982 5222 ἐκδίκησιν,
3011 5151 3099 5204 διὰ
3137 5152 3199 5204 τὸ
3243 5151 3370 5221 βοᾷν
3415 5151 3550 5223 πρὸς
3591 5149 3761 5204 αὑτὸν

2178 5245 2370 5307 νυκτὸς
2403 5243 2498 5297 καὶ
2531 5245 2738 5315 ἡμέρας
2764 5263 2777 5275 ·
2816 5243 2944 5315 βοᾷν
2985 5243 3040 5295 δὲ
3068 5243 3202 5315 πρὸς
3242 5242 3406 5295 αὐτὸν
3441 5241 3645 5306 ἐδίδαξε
3671 5240 3760 5293 διὰ

2180 5339 2275 5409 τῆς
2308 5339 2622 5410 παραϐολῆς
2654 5339 2746 5391 τοῦ
2779 5337 2966 5409 κριτοῦ
2995 5337 3094 5407 τῆς
3137 5337 3368 5399 ἀδικίας.

2184 5432 2514 5499 Ἄνθρωπός
2544 5449 2632 5497 τις
2663 5429 2917 5499 εὐγενὴς
2947 5430 3236 5496 ἐπορεύθη
3280 5431 3366 5494 εἰς
3409 5427 3628 5499 χώραν,
3643 5442 3762 5495 μα-

2216 5495 2368 5568 κράν
2391 5495 2805 5565 λαϐεῖν’ἐαυτῷ
2821 5495 3166 5564 βασιλείαν,
3198 5499 3296 5551 καὶ
3324 5495 3725 5565 ὑποστρέψαι.

2252 5592 2499 5646 Τοσαῦτα
2551 5591 2639 5645 διὰ
2691 5592 2790 5661 τῆς
2844 5590 3156 5661 παραϐολῆς
3209 5588 3612 5660 διδασκόμεθα,
3659 5587 3763 5659 τὴν

2389 5821 2433 5852 ³⁸
2466 5820 2599 5876 Luc.
2630 5835 2782 5886 xvm,
2803 5820 2858 5877 2.
2940 5820 2980 5850 ³⁷
3007 5819 3133 5872 ibid.
3164 5818 3213 5872 8.
3294 5818 3338 5849 ³⁸
3356 5816 3488 5870 an.
3514 5828 3624 5873 nx.
3659 5809 3759 5868 Ω.
