4116 6404
484 354 595 421 1591

611 477 658 510 ⁸⁸
706 468 913 530 Vocati:
939 484 1109 528 autem
1145 476 1318 528 decem
1343 476 1502 530 servis
1521 475 1652 541 suis,
1693 474 1837 529 dedit
1860 477 1934 531 eis

1091 546 1265 597 decem
1290 561 1460 598 muas.

565 641 667 695 Per
700 641 799 694 hos
838 639 1021 706 itaque
1067 636 1160 704 qui
1197 650 1350 690 mnas
1386 647 1747 705 acceperunt,
1773 639 2066 710 discipulos

470 747 618 790 suos
652 728 952 792 denotavit,
988 727 1187 797 quibus
1209 726 1452 796 singulas
1493 742 1648 782 mnas
1682 731 1904 785 tradens
1927 771 1942 795 ,
1971 746 2067 801 pa-

486 838 708 894 remque
763 831 816 876 et
841 821 1074 876 similem
1123 820 1651 876 administrationem
1697 824 2062 890 committens,

472 913 749 984 ’negotiari
787 926 880 966 eos
901 909 1088 978 jussit,
1114 909 1286 964 donec
1317 910 1432 980 ipse
1474 911 1543 966 de
1577 911 1869 984 longinqua
1902 929 2063 984 pere-

481 1006 790 1076 grinatione
839 1002 1060 1058 rediret.
1088 999 1393 1072 Negotiatio
1414 1012 1594 1058 autem
1626 1003 1766 1058 nulla
1795 1005 1900 1060 alia
1921 1016 2060 1073 erat,

480 1098 586 1152 nisi
621 1096 770 1168 regni
804 1095 925 1165 ejus
947 1093 1261 1164 praedicatio
1301 1095 1368 1148 ad
1398 1108 1588 1150 omnes
1618 1095 1866 1152 homines
1911 1113 1940 1151 a
1980 1097 2062 1152 di-

479 1188 701 1260 scipulis
725 1187 837 1241 suis
865 1185 1190 1255 peragenda.
1221 1183 1392 1239 Porro
1419 1201 1581 1239 unum
1613 1185 1742 1254 quid
1775 1187 1877 1243 hoc
1917 1197 2059 1254 erat,

479 1281 604 1350 quia
636 1293 800 1334 unum
833 1279 1076 1332 omnium
1104 1277 1476 1346 magisterium
1497 1319 1510 1341 ,
1545 1293 1652 1332 una
1696 1279 1830 1335 ﬁdes
1854 1322 1868 1344 ,
1895 1298 2059 1337 tutum

474 1373 740 1444 baptisma
765 1411 780 1434 ,
815 1386 920 1425 una
953 1369 1199 1424 doctrina
1241 1369 1307 1424 ".
1357 1369 1650 1439 Propterea
1688 1388 1788 1426 una
1839 1375 2057 1444 quidem

475 1465 800 1531 mna,varia
833 1471 1013 1518 tamen
1065 1477 1228 1532 opera
1270 1463 1488 1529 evasit,
1535 1465 1831 1534 negotiatio
1873 1466 2056 1536 splen-

471 1560 618 1622 dida,
658 1569 712 1612 et
746 1556 866 1625 ejus
902 1557 976 1610 rei
1015 1555 1224 1612 fructus
1251 1557 1426 1611 dives.
1453 1556 1631 1625 Atque
1659 1558 1856 1613 horum
1888 1574 2055 1615 causa

471 1650 823 1720 longinquam
851 1648 1350 1719 peregrinationem
1397 1647 1594 1702 nobilis
1634 1648 1724 1703 ille
1754 1650 1837 1703 vir
1875 1665 2056 1704 susce-

469 1747 568 1814 pit.
623 1743 776 1798 Unde
828 1741 1030 1796 dictum
1070 1753 1154 1796 est
1195 1740 1246 1794 ei
1276 1755 1307 1794 a
1356 1739 1564 1796 Patre:
1613 1740 1748 1797 Sede
1789 1759 1820 1798 a
1854 1743 2053 1797 dextris

1171 353 1439 409 EUSEBII
1479 348 1954 411 CESARIENSIS
1991 348 2143 413 OPP.
2183 351 2368 414 PARS
2405 359 2495 416 Ill.
2523 389 2592 401 —
2629 359 3046 418 EXEGETICA.

2101 481 2149 539 Α
2175 481 2455 545 Καλέσας
2481 479 2550 534 δὲ
2573 480 2724 536 δέκα
2750 481 3010 544 δούλους
3039 477 3277 546 ἑαυτοῦ,
3303 480 3525 536 ἔδωκεν
3547 480 3753 549 αὐτοῖς

3646 368 3752 425 59!

2786 551 2932 604 δέκα
2975 550 3154 620 μνᾶς.

2256 642 2550 714 Ἔσήμαινε
2581 643 2758 697 τοίνυν
2784 642 2871 696 διὰ
2900 642 3008 695 τῶν
3046 643 3318 698 λαϐόντων
3344 643 3443 708 τὰς
3471 645 3610 715 μνᾶς
3626 645 3754 709 τοὺς

2172 731 2367 788 ἐαυτοῦ
2407 736 2672 808 μαθητὰς,
2699 734 2780 801 οἷς
2807 735 2909 789 ἀνὰ
2955 735 3082 808 μίαν
3115 739 3251 807 μνᾶν
3295 737 3593 809 παραδοὺς.
3631 737 3754 807 ἴσην

2170 845 2228 880 τε
2250 829 2546 900 καὶόμοίαν
2573 832 2738 884 πᾶσιν
2766 830 3074 901 ἐγχειρίσας
3101 830 3202 902 τὴν
3229 828 3536 900 οἰκονομίαν
3555 869 3570 895 ,
3606 847 3750 902 πρα-

2169 921 2579 992 γματεύσασθαι
2596 922 3052 995 παρεκελεύσατο,
3089 922 3195 987 ἓως
3240 921 3350 994 (70)
3380 920 3447 975 ἂν
3482 920 3752 993 ἐπανέλθῃ

2169 1013 2268 1085 τῆς
2298 1017 2514 1087 μακρᾶς
2540 1016 2867 1088 ἀποδημίας.
2908 1017 2972 1070 Ἡ
3006 1015 3062 1069 δέ
3088 1014 3440 1088 πραγματεία
3476 1015 3577 1068 οὐκ
3613 1013 3748 1087 ἄλλη

2168 1125 2252 1171 τις
2271 1103 2338 1180 ἦν
2359 1108 2494 1162 ἀλλά
2516 1109 2578 1164 τὸ
2609 1111 2870 1182 κήρυγμα
2891 1107 2952 1162 τὸ
2978 1110 3104 1179 περὶ¹
3131 1109 3231 1180 τῆς
3263 1107 3429 1162 αὑτοῦ
3475 1107 3751 1178 βασιλείας

2168 1201 2248 1263 είς
2276 1201 2482 1266 πάντας
2518 1202 2838 1274 ἀνθρώπους
2870 1199 2974 1256 ὑπὸ
3018 1201 3128 1254 τῶν
3161 1201 3340 1255 αὐτῶν
3371 1200 3537 1254 αὐτοῦ
3571 1201 3750 1274 μαθη-

2165 1293 2276 1346 τῶν
2302 1295 2760 1366 κατηγγελμένον.
2799 1295 2937 1348 Ἀλλ’
2966 1295 3024 1350 ἐν
3049 1291 3145 1366 μὲν
3176 1290 3244 1366 ἦν
3275 1293 3456 1361 τοῦτο,
3493 1295 3614 1348 ἐπεὶ
3652 1297 3747 1350 καὶ

2168 1386 2267 1457 μία
2290 1387 2397 1441 τῶν
2430 1389 2646 1442 πάντων
2669 1389 3006 1452 διδασκαλία,
3037 1389 3132 1442 καὶ
3171 1386 3268 1459 μία
3319 1386 3522 1451 πίστις,
3563 1387 3658 1442 καὶ
3687 1388 3745 1444 ἓν

2167 1479 2447 1552 βάπτισμα
2479 1481 2573 1534 καὶ
2591 1484 2620 1535 6
2644 1483 2804 1548 αὐτὸς
2836 1483 2991 1552 λόγος
3014 1483 3125 1553 (71)
3146 1498 3160 1512 θ
3195 1481 3275 1534 διὸ
3303 1480 3396 1534 καὶ
3421 1481 3519 1552 μία
3551 1482 3586 1553 ἠ
3615 1482 3741 1552 μνᾶ,

2163 1572 2419 1645 διάφορος
2446 1571 2502 1627 δὲ
2527 1573 2710 1638 αὐτοῖς
2729 1577 2762 1647 ἡ
2783 1575 3017 1648 ἐργασία
3043 1575 3282 1645 ἐγένετο,
3299 1573 3394 1628 καὶ
3421 1575 3455 1645 ἡ
3487 1591 3746 1648 πραγμα-

2160 1664 2280 1718 τεία
2299 1664 2548 1737 λαμπρὰ,
2589 1667 2617 1720 ὅ
2654 1668 2702 1718 τ’
2732 1667 2826 1720 ἐπί
2871 1667 3046 1742 ταύτῃ
3091 1668 3259 1738 πόρος
3301 1666 3576 1731 πλούσιος.
3632 1668 3743 1723 Καὶ

2160 1753 2336 1808 ταῦτα
2357 1755 2455 1825 μὲν
2487 1751 2554 1826 ἦν
2587 1749 2661 1810 ὧν
2699 1755 2863 1811 ἕνεκα
2886 1756 2983 1829 τὴν
3007 1757 3223 1830 μακρὰν
3265 1757 3486 1828 πορείαν
3521 1757 3550 1808 6
3582 1757 3738 1826 εὐγε-

469 1837 620 1903 meis,
658 1835 820 1888 donec
861 1849 1052 1899 ponam
1085 1833 1323 1886 inimicos
1375 1840 1494 1886 tuos
1531 1833 1817 1887 scabellum
1857 1835 2033 1902 pedm

2150 1847 2248 1918 νὴς
2280 1847 2562 1902 ἐστέλλετο
2604 1850 2910 1923 ἅνθρωπος.
2957 1851 3118 1904 Ὅθεν
3168 1849 3385 1920 ἐλέγετο
3435 1850 3584 1921 αὐτῷ
3636 1850 3741 1904 ὑπὸ

465 1940 678 1984 tuorum
694 1927 758 1981 "°.
789 1926 1018 1992 Quinam
1045 1940 1174 1979 vero
1203 1925 1314 1980 sint
1337 1924 1391 1979 hi
1421 1925 1647 1992 inimici,
1677 1926 1724 1980 si
1757 1927 1879 1996 quis
1903 1927 2049 1982 scire

465 2026 612 2079 avet,
647 2013 921 2084 parabolae
948 2021 1238 2068 contextus
1283 2015 1531 2081 docebit,
1565 2015 1652 2069 ubi
1697 2017 1846 2072 cives
1889 2018 2047 2072 indu-

461 2118 662 2163 cuntur
692 2107 836 2177 regis
862 2120 1080 2171 osores,
1117 2108 1341 2176 ejusque
1389 2107 1677 2176 imperium
1727 2109 2041 2165 detrectan-

460 2213 566 2267 tes,
601 2212 653 2257 et
679 2199 895 2257 eil'ronti
946 2199 1176 2253 audacia
1223 2198 1527 2269 eﬂ‘reuique
1584 2215 1681 2256 ore
1745 2203 2038 2260 dicentes:

456 2295 722 2354 Nolumus
764 2292 908 2348 hunc
937 2304 1164 2361 regnare
1197 2305 1361 2360 super
1411 2306 1531 2347 nos.
1593 2291 1698 2348 Sed
1730 2295 1781 2348 hi
1806 2336 1822 2360 ,
1872 2310 2046 2365 quan-

454 2404 616 2458 quam
649 2387 818 2450 cives,
862 2399 1045 2455 regem
1099 2384 1376 2452 abnuunt;
1417 2385 1532 2455 ipse
1585 2400 1766 2443 autem
1813 2405 1843 2444 a
1877 2389 2042 2446 Patre

453 2481 610 2534 audit
645 2477 828 2536 :Sede
880 2491 909 2530 a
945 2476 1150 2531 dextris
1167 2477 1323 2540 meis,
1367 2477 1538 2533 donec
1590 2479 1685 2534 tibi
1729 2481 1912 2536 hostes
1951 2496 2042 2550 pe-

451 2570 612 2626 dibus
651 2577 1060 2640 supponantur;
1096 2570 1334 2640 itemque
1371 2586 1387 2624 :
1434 2569 1816 2628 Dominaro-in
1863 2575 2035 2628 medie

449 2646 788 2716 inimicorum
824 2670 1039 2714 tuorum
1061 2657 1130 2716 ⁸⁷.

2152 1936 2248 1990 τοῦ
2298 1938 2509 2009 Πατρός
2544 1957 2556 1969 ο
2587 1939 2785 1994 Κάθου
2833 1941 2903 1994 ἐκ
2948 1939 3161 2004 δεξιῶν
3196 1957 3338 2009 μου,
3387 1938 3498 2003 ἕως
3549 1938 3626 1993 ἂν
3659 1937 3740 1993 θῶ

2152 2030 2294 2095 τοὺς
2341 2032 2593 2101 ἐχθρούς
2637 2048 2755 2086 σου
2800 2031 3134 2087 ὑποπόδιον
3178 2032 3298 2086 τῶν
3341 2031 3544 2085 ποδῶν
3597 2045 3736 2086 σου.

2150 2126 2342 2189 Ποίους
2363 2127 2441 2191 δὲ,
2467 2127 2520 2180 εἴ
2549 2145 2632 2192 τις
2671 2129 2894 2182 πύθοιτο
2931 2128 3123 2199 μαθεῖν
3165 2128 3386 2196 ἐθέλων,
3424 2127 3676 2199 ἐχθροὺς,
3708 2125 3740 2178 6

2149 2216 2237 2270 διὰ
2271 2218 2370 2288 τῆς
2425 2219 2742 2290 παραϐολῆς
2780 2219 2980 2284 διδάξει
3014 2220 3204 2288 λόγος,
3252 2219 3591 2289 συμπολίτας
3627 2219 3740 2271 είσ-

2151 2308 2300 2376 ἀγων
2325 2311 2418 2363 τοῦ
2455 2310 2720 2381 βασιλέως
2752 2311 3040 2383 μισοῦντας
3057 2312 3218 2365 αὐτὸν
3247 2309 3338 2365 καὶ
3367 2309 3742 2383 παραιτουμέ-

2147 2419 2272 2465 νους
2303 2402 2468 2456 αὑτοῦ
2502 2403 2600 2474 τὴν
2637 2405 2832 2475 ἀρχὴν,
2858 2405 3038 2475 γυμνῇ
3060 2421 3119 2458 τε
3148 2405 3214 2475 τῇ
3249 2403 3457 2474 κεφαλῇ
3481 2402 3738 2472 λέγοντας

2145 2495 2239 2547 καὶ
2261 2494 2501 2567 ἀχαλίνῳ
2525 2497 2788 2568 στόματι·
2815 2498 2889 2550 Οὐ
2927 2495 3152 2567 θέλομεν
3197 2479 3386 2551 τοῦτον
3430 2495 3735 2566 βασιλεύειν

2143 2585 2231 2655 ἐφ’
2269 2589 2436 2658 ἡμᾶς.
2500 2589 2638 2642 Ἀλλ’
2668 2590 2718 2643 oi
2758 2588 2878 2660 μὲν,
2925 2588 3129 2658 καίπερ
3166 2586 3319 2650 ὄντες
3363 2585 3598 2653 πολῖται,
3640 2585 3732 2639 τὸν

2143 2670 2366 2740 βασιλέα
2399 2675 2678 2747 ἠρνοῦντο,
2712 2677 2741 2728 6
2773 2676 2829 2729 δὲ
2861 2675 2967 2730 ὑπὸ
2995 2675 3090 2730 τοῦ
3127 2676 3338 2748 Πατρδς
3381 2675 3587 2730 ἀκούειο
3613 2675 3730 2728 Κάρ

452 2752 547 2806 θου
582 2754 649 2804 ἐκ
686 2749 874 2815 δεξιῶν
919 2768 1040 2820 μου,
1077 2751 1182 2815 ἓως
1230 2753 1295 2807 ἂν
1339 2752 1444 2806 ὑπὸ
1493 2754 1659 2819 πόδας
1715 2756 1944 2810 τεθῶσιν
1990 2758 2040 2812 oi
2079 2759 2264 2834 ἐχθροί
2318 2781 2431 2819 σου·
2470 2769 2584 2820 καί’
2614 2767 3018 2837 Κατακυρίευε
3053 2768 3124 2821 ἐν
3151 2757 3321 2838 μέσῳ
3358 2765 3475 2820 τῶν
3495 2763 3727 2834 ἐχθρῶν

449 2865 590 2904 σου.

519 2943 643 3000 Jam
676 2945 802 3014 quia
837 2959 1062 3014 regnum
1099 2943 1216 3013 ejus
1255 2946 1565 3002 abnuerunt
1611 2948 1818 3006 inimici
1860 2951 2030 3022 ipsius

449 3038 622 3101 cives,
656 3037 852 3091 merito
885 3036 968 3091 eis
992 3035 1214 3090 aiebat:
1249 3038 1540 3106 Auferetur
1566 3058 1598 3095 a
1631 3042 1772 3096 vobis
1815 3060 2032 3114 regnum

2223 2953 2377 3008 Ἐπεὶ
2401 2955 2458 3009 δὲ
2495 2955 2708 3028 ἔξαρνοι
2746 2957 2848 3028 τῆς
2880 2956 3155 3028 βασιλείας
3191 2956 3358 3011 αὐτοῦ
3397 2956 3644 3025 ἐγένοντο
3676 2955 3726 3008 oi

2140 3044 2324 3120 ἐχθροὶ
2358 3049 2522 3102 αὐτοῦ
2559 3050 2794 3113 πολῖται,
2829 3051 3054 3114 εἰκότως
3081 3049 3219 3122 πρὸς
3242 3050 3439 3113 αὐτοὺς
3464 3049 3720 3118 ἔφασκενο
3760 3079 3763 3082 -

448 3131 569 3193 Dei.
604 3140 654 3186 et
683 3131 896 3185 dabitur
931 3133 1069 3202 genti
1114 3133 1332 3201 facienti
1384 3135 1587 3192 fructus
1623 3137 1740 3205 ejus
1762 3139 1826 3195 ⁸⁸.
1871 3141 2032 3207 Quaa-

2152 3139 2490 3209 Ἇρθήσεται
2528 3141 2629 3211 ἀφ’
2658 3141 2829 3212 ὑμῶν
2869 3141 2908 3210 ἠ
2948 3143 3242 3207 ,Βασιλεία
3272 3142 3377 3196 τοῦ
3416 3141 3586 3205 Θεοῦ,
3624 3139 3725 3195 καί

446 3238 573 3278 nam
605 3236 734 3278 vero
759 3232 905 3279 esset
943 3238 1076 3294 gens
1106 3239 1273 3295 regno
1318 3227 1477 3297 digna
1503 3267 1518 3293 ,
1564 3229 1892 3299 signiﬁcavit
1939 3235 2030 3302 qui

2135 3233 2456 3300 δοθήσεται
2501 3235 2660 3290 ἔθνει
2705 3235 2978 3291 ποιοῦντι
3021 3229 3165 3302 τοὺς
3208 3237 3475 3306 καρποὺς
3509 3235 3722 3306 αὐτῆς.

448 3315 588 3370 dixit
629 3331 645 3369 :
683 3313 904 3370 Postula
944 3334 976 3372 a
1000 3334 1116 3382 me,
1157 3329 1205 3372 et
1238 3318 1373 3373 dabo
1401 3321 1496 3373 tibi
1528 3329 1704 3390 gentes
1743 3325 2030 3380 haeredita-

445 3417 547 3460 tem
569 3416 736 3462 tuam.
773 3409 1189 3464 Demonstrabat
1215 3419 1418 3475 autem,
1441 3414 1588 3468 cives
1613 3413 1866 3472 inimicos
1889 3416 2028 3485 ejus,

444 3500 590 3554 haud
615 3499 752 3555 alios
774 3515 895 3556 esse
935 3516 1100 3571 quam
1134 3503 1444 3560 Judmorum
1481 3515 1721 3576 gentem,
1746 3508 1836 3577 qui
1866 3509 2029 3577 primi

445 3605 473 3643 ο
508 3589 813 3646 Servatoris
833 3594 1008 3662 gratia
1053 3596 1312 3664 praeventi
1351 3597 1630 3652 contraria
1673 3599 1720 3652 ei
1760 3600 2028 3655 retribue-

441 3690 594 3735 runt.
634 3681 759 3738 ideo
793 3684 860 3738 de
888 3684 1023 3754 ipsis
1067 3686 1384 3756 prophetice
1441 3687 1672 3743 aiebat:
1714 3687 1848 3742 Mala
1891 3690 2026 3744 mihi

441 3774 818 3830 retribuerunt
849 3791 863 3828 ς
899 3792 1000 3847 pro
1034 3791 1100 3832 eo
1127 3786 1182 3832 ut
1212 3792 1298 3833 me
1322 3778 1636 3850 diligerent,
1667 3779 2026 3837 detrahebant

441 3866 576 3920 mihi
593 3906 609 3932 ,
646 3875 702 3922 et
757 3871 929 3938 gratis
981 3879 1448 3939 Oppugnaverunt,
1497 3861 1792 3941 dolosaque
1841 3871 2024 3940 lingua

439 3967 632 4013 contra
659 3973 746 4015 me
771 3970 896 4014 sunt
922 3960 1120 4027 locuti,
1148 3972 1205 4017 et
1234 3963 1581 4018 sermonibus
1625 3963 1737 4017 odii
1784 3963 2022 4018 circum-

439 4050 703 4106 dederunt
729 4066 816 4106 me
836 4051 919 4118 ";
979 4069 1174 4123 nempe
1220 4053 1551 4124 blasphemis
1602 4069 1742 4124 quos
1794 4057 1850 4110 in
1895 4071 2020 4111 eum

431 4142 662 4212 jaculari
705 4143 882 4199 solent
908 4146 1271 4214 sermonibus,
1303 4147 1663 4216 imprecantes
1691 4147 1765 4214 ei,
1797 4149 2022 4219 ipsoque

435 4249 601 4306 opere
623 4237 1011 4306 propemodum
1035 4237 1276 4294 dicentes
1305 4253 1319 4290 :
1351 4237 1610 4294 Nolumus
1631 4240 1772 4295 hunc
1793 4255 2021 4311 regnare

437 4342 606 4398 super
629 4342 749 4383 nos.
780 4327 1073 4399 Pmpterea
1102 4345 1208 4386 non
1239 4345 1406 4400 regno
1455 4339 1664 4386 tantum
1707 4331 2020 4403 spoliabun-

435 4429 560 4485 tur,
597 4437 784 4477 verum
817 4424 982 4477 etiam
1026 4423 1264 4478 debitam
1319 4423 1585 4494 impietati
1637 4439 1750 4480 suae
1798 4438 2018 4495 poenam

2133 3326 2292 3379 Ποῖον
2315 3321 2372 3380 δὲ
2401 3322 2470 3398 ἦν
2501 3325 2562 3380 τὸ
2593 3326 2744 3392 ἔθνος
2775 3327 2835 3381 τὸ
2867 3328 2968 3398 τῆς
3015 3328 3292 3400 βασιλείας
3329 3329 3498 3396 ἄξιον,
3534 3330 3723 3403 ἐδήλου

2129 3419 2159 3472 6
2187 3419 2387 3476 εἰπών’
2423 3421 2681 3490 Αἵτησαι
2713 3422 2850 3490 παρ’
2881 3422 3048 3491 ἐμοῦ,
3091 3424 3190 3477 καὶ
3231 3423 3406 3476 δώσω
3434 3439 3535 3478 σοι
3571 3424 3720 3493 ἔθνη

2128 3510 2246 3579 τὴν
2272 3512 2679 3581 κληρονομίαν
2701 3521 2838 3566 σου.
2889 3505 3110 3584 Ἐδήλου
3138 3508 3195 3568 δέ
3231 3513 3456 3575 πολίτας
3491 3512 3720 3584 ἐχθροὺς

2129 3599 2293 3654 αὐτοῦ
2314 3595 2412 3671 οὐχ
2434 3601 2654 3674 ἐτέρους
2677 3601 2771 3655 τοῦ
2809 3600 3075 3656 Ἰουδαίων
3114 3601 3318 3667 ἔθνους,
3352 3604 3402 3656 οἳ
3435 3601 3518 3673 δὴ,
3556 3600 3715 3672 πρῶ-

2125 3707 2208 3744 τοι
2240 3690 2340 3761 τῆς
2369 3690 2466 3745 τοῦ
2504 3693 2754 3764 Σωτῆρος
2794 3693 3015 3765 χάριτος
3047 3693 3356 3764 ἠξιωμένοι,
3400 3696 3512 3757 τοῖς
3559 3695 3716 3746 ἐναν-

2125 3778 2259 3846 τίοις
2291 3781 2454 3837 αὑτὸν
2498 3783 2793 3855 ἠμύναντο.
2842 3784 2933 3839 Διὸ
2973 3786 3100 3859 περὶ
3143 3785 3321 3840 αὐτῶν
3363 3784 3719 3856 προφητικῶς

2126 3876 2336 3945 ἔλεγεν·
2383 3873 2883 3932 Ἄνταπεδὶδοσάν
2899 3895 3002 3949 μοι
3030 3878 3282 3948 πονηρὼ
3309 3879 3443 3932 ἀντὶ
3475 3877 3718 3948 ἀγαπᾷν

2118 3986 2218 4039 με,
2252 3969 2645 4025 ὲνδιέϐαλλόν
2665 3988 2764 4041 με,
2795 3970 2894 4026 καὶ
2920 3969 3314 4040 ἐπολέμησαν
3337 3969 3582 4039 δωρεὰν,
3611 3969 3711 4024 καὶ

2121 4060 2439 4130 ἐλάλησαν
2476 4064 2605 4115 κατ’
2655 4061 2804 4133 ἐμοῦ
2854 4062 3102 4133 γλώσσῃ
3145 4061 3342 4130 δολίῃ,
3385 4061 3485 4116 καὶ
3505 4050 3710 4132 λόγοις

2116 4155 2342 4224 μίσους
2389 4154 2768 4208 ἐκύκλωσαν·
2820 4154 2887 4208 δι’
2925 4147 3001 4208 ὧν
3047 4154 3447 4226 προϐάλλεσθαι
3485 4153 3706 4208 εἰώθασι

2122 4244 2244 4297 κατ’
2273 4242 2441 4298 αὑτοῦ
2486 4243 2822 4316 βλασφήμων
2852 4243 3048 4313 λόγων,
3086 4243 3474 4315 κατευχόμενοί
3505 4261 3563 4297 τε
3603 4243 3704 4297 αὐ-

2121 4333 2238 4397 τοῦ,
2267 4334 2363 4387 καὶ
2399 4333 2556 4404 μόνον
2589 4335 2690 4388 οὐκ
2718 4335 2902 4398 αὐτοῖς
2940 4328 3190 4403 λέγοντες
3237 4334 3348 4397 τοῖς
3383 4333 3562 4403 ἔργοις
3582 4349 3594 4362 ·
3626 4331 3701 4386 Οὐ

2121 4423 2349 4498 θέλομεν
2374 4425 2562 4480 τοῦτον
2593 4424 2908 4497 βασιλεῦσαι
2935 4427 3018 4495 ἐφ’
3041 4426 3208 4497 ἡμᾶς.
3238 4426 3331 4478 Διὸ
3350 4425 3412 4495 δὴ
3445 4424 3504 4477 οὐ
3538 4423 3702 4495 μόνον

434 4511 694 4568 referent.
747 4513 908 4570 Cives
967 4529 1096 4570 vero
1147 4514 1266 4569 illos
1322 4515 1376 4569 in
1446 4513 1701 4585 parabola
1755 4515 2013 4585 appellat,

2135 4518 2218 4590 τῆς
2243 4517 2518 4588 βασιλείας
2543 4513 2987 4593 στερηθήσονται,
3018 4519 3154 4572 ἀλλά
3195 4517 3290 4572 καὶ
3323 4518 3593 4572 πείσονται
3631 4517 3704 4571 τὰ

433 4605 634 4674 quippe
660 4619 727 4660 ex
751 4606 941 4660 eadem
971 4607 1300 4677 cognatione
1335 4606 1600 4662 oriundus
1623 4646 1638 4672 ,
1665 4608 1922 4677 quoniam
1960 4617 2016 4662 et

431 4697 551 4767 ipse
576 4712 643 4752 ex
670 4697 859 4753 iisdem
898 4700 1338 4770 progenitoribus
1360 4714 1533 4770 genus
1554 4700 1789 4756 ducebat
1823 4715 2015 4756 secun-

431 4792 558 4848 dum
588 4793 770 4846 carnis
796 4793 1157 4860 nativitatem,
1183 4805 1237 4851 et
1256 4797 1381 4865 quia
1406 4810 1560 4862 aeque
1584 4795 1684 4850 sub
1708 4794 1824 4866 lege
1847 4795 2012 4850 vitam

429 4884 685 4955 degebat.
728 4885 906 4955 Atque
952 4887 1064 4940 lucc
1107 4888 1265 4958 primi
1312 4886 1429 4957 ejus
1473 4889 1736 4943 adventus
1795 4889 2010 4957 propria

429 4981 598 5041 suum
637 4975 768 5044 Qua:
809 4993 930 5032 cum
971 4979 1228 5034 Servator
1276 4980 1349 5034 ita
1409 4980 1724 5044 docuisset,
1758 4980 2009 5048 deinceps

363 5126 365 5128 .
424 5069 662 5126 reditum
710 5085 866 5125 suum
907 5071 1201 5142 gloriosum
1245 5083 1409 5142 atque
1438 5072 1670 5142 regalem
1722 5071 1884 5134 sistit,
1929 5079 2010 5125 te—

425 5173 580 5219 stans
625 5161 742 5217 fore
795 5171 856 5216 ut
902 5164 969 5217 de
1019 5163 1271 5218 omnibus
1322 5173 1449 5218 tunc
1487 5162 1693 5231 justum
1744 5160 2007 5232 judicium

425 5265 700 5311 exerceat.
733 5254 868 5310 Nam
903 5257 969 5312 iis
993 5257 1085 5326 qui
1117 5258 1256 5312 bene
1279 5270 1341 5309 ac
1367 5256 1599 5311 ﬁdeliter
1637 5270 1818 5309 mnam
1865 5255 2004 5308 ntul-

426 5346 825 5416 tiplicaverint,
866 5363 1165 5419 congruum
1213 5349 1492 5420 praemium
1545 5347 1863 5411 conferens,
1900 5347 1998 5403 do-
2040 5400 2044 5404 .

424 5440 622 5494 minari
653 5454 837 5496 secum
865 5449 920 5498 et
945 5454 1284 5511 conregnare
1307 5439 1566 5494 concedet
1610 5457 1624 5495 :
1671 5441 1719 5494 ei
1754 5455 1881 5495 vero
1904 5438 1998 5510 qui

422 5542 522 5598 per
548 5533 852 5587 socordiam
893 5542 1058 5603 atque
1095 5531 1369 5600 ignaviam
1404 5531 1732 5587 dominicum
1775 5531 1996 5585 manda—

488 5689 539 5721 “
565 5689 699 5745 Luc.
727 5707 840 5757 nx,
867 5691 955 5747 15.
1031 5694 1075 5726 ⁸⁸
1101 5693 1297 5764 prcs.
1327 5710 1400 5763 tv,
1424 5695 1478 5751 5.

491 5811 603 5882 (το)
628 5813 759 5869 Cod.
799 5813 930 5868 ἐστ’.

2113 4612 2370 4684 ἐπίχειρα
2399 4612 2499 4682 τῆς
2527 4611 2706 4664 αὐτῶν
2741 4610 3078 4674 δυσσεϐείας.
3126 4611 3358 4675 Πολίτας
3401 4611 3456 4664 δέ
3505 4609 3703 4673 αὐτοὺς

2111 4699 2199 4756 διὰ
2233 4704 2332 4774 τῆς
2368 4702 2687 4775 παραϐολῆς
2725 4701 3030 4773 ὠνόμαζεν,
3067 4703 3160 4756 ἆτε
3193 4703 3258 4772 δὴ
3298 4705 3362 4757 ἐκ
3393 4703 3495 4772 τῆς
3529 4701 3705 4772 αὐτῆς

2110 4793 2466 4865 ὁρμωμένους
2489 4792 2638 4864 αὐτῷ
2669 4792 3008 4862 συγγενείας·
3039 4794 3162 4846 ἐπεὶ
3194 4793 3285 4845 καὶ
3313 4792 3476 4856 αὐτὸς
3503 4794 3568 4845 ἐκ
3592 4792 3702 4844 τῶν

2110 4886 2290 4939 αὐτῶν
2314 4885 2537 4958 ὡρμᾶτο
2567 4887 2928 4957 προπατόρων
2957 4886 3099 4940 κατά
3118 4887 3216 4958 τὴν
3242 4885 3505 4958 ἐνσαρκον
3531 4885 3700 4938 αὑτοῦ

2107 4978 2341 5047 γένεσιν,
2375 4979 2467 5031 καὶ
2496 4975 2724 5048 ἐπείπερ
2755 4977 2855 5048 τῆς
2883 4979 3115 5049 νομίμου
3144 4978 3343 5049 ὁμοίως
3366 4980 3550 5041 αὐτοῖς
3571 4995 3702 5048 μετ-

2106 5065 2191 5141 ῄει
2229 5069 2519 5133 πολιτείας.
2569 5071 2753 5123 Ταῦτα
2801 5071 2898 5141 μὲν
2940 5067 3032 5124 οὖν
3079 5070 3463 5142 παραστατικὰ
3508 5070 3575 5125 ἂν
3607 5070 3696 5141 εἴη

2105 5163 2205 5233 τῆς
2239 5161 2460 5233 πρώτης
2489 5161 2654 5216 αὑτοῦ
2680 5162 2936 5231 ἀφίξεως.
2977 5162 3129 5215 Ἐπεὶ
3157 5162 3212 5214 δὲ
3239 5160 3412 5216 ταῦτα
3443 5163 3473 5214 6
3497 5159 3694 5233 Σωτὴρ

2110 5253 2298 5306 τοῦτον
2332 5253 2534 5319 ἐδίδαξε
2566 5253 2658 5306 τὸν
2681 5249 2900 5324 τρόπον,
2942 5252 3251 5315 ἀκολούθως
3297 5251 3396 5323 τὴν
3433 5250 3694 5304 ἐπάνοδον

2111 5346 2276 5400 αὑτοῦ
2296 5346 2393 5417 τὴν
2422 5346 2630 5411 ἔνδοξον
2661 5347 2756 5399 καὶ
2784 5346 3070 5418 βασιλικὴν
3115 5346 3376 5417 παρίστη,
3415 5344 3690 5417 μαρτυρό-

2109 5458 2266 5511 μενος
2305 5441 2496 5493 ὁποίαν
2543 5439 2663 5493 τότε
2703 5440 2986 5508 ποιήσεται
3026 5439 3126 5510 τὴν
3169 5440 3312 5494 κατὰ
3352 5439 3572 5492 πάντων
3610 5437 3691 5491 διο

2102 5530 2445 5602 καιοκρισίαν
2467 5549 2479 5560 ο
2513 5535 2624 5594 τοῖς
2661 5531 2758 5601 μὲν
2791 5531 2899 5602 γὰρ
2931 5527 2990 5584 εὖ
3034 5533 3130 5586 καὶ
3171 5531 3377 5595 πιστῶς
3414 5531 3511 5603 τὴν
3550 5531 3693 5602 μνᾶν

1555 5694 1600 5727 ⁸⁸
1626 5694 1766 5752 Psal.
1791 5712 1900 5762 cu,
1927 5698 1976 5752 i.

2135 5699 2260 5760 ibid,
2287 5698 2343 5756 9..
2421 5701 2466 5731 ⁸⁸
2495 5694 2681 5758 Matth.
2705 5717 2818 5770 ιιι,
2843 5703 2937 5758 43.
3009 5703 3054 5736 ⁸⁹
3079 5701 3218 5758 Psal.
3239 5716 3395 5769 cvm,
3417 5699 3475 5756 2.

2063 5853 2065 5856 ι
2175 5819 2536 5892 (7|).lta-cod.
