4116 6386
327 457 437 514 593

1506 446 2015 514 COMMENTARIA’
2045 460 2112 514 1N
2152 440 2418 518 LUCAM.’

3477 464 3581 519 ενι

322 577 793 633 πολυπλασιάσασι
825 577 921 648 τὴν
968 576 1282 649 πρέπουσαν
1328 576 1610 639 ἀποδιδοὺς
1649 576 1891 647 ἀμοιϐὴν,

2013 586 2123 631 ιυιη
2154 577 2476 649 neglexerit,
2519 586 2574 631 et
2606 576 2763 631 otiari
2809 575 3102 646 feriarique
3134 576 3458 646 praatulerit,
3486 594 3579 632 ne-

320 669 611 741 συνάρχειν
656 669 803 739 αὐτῷ
841 669 933 721 καὶ
983 668 1399 738 συμϐασιλεύειν
1451 668 1765 739 ἐπιτρέψει·
1822 667 1899 737 τῷ

315 762 376 816 δὲ
402 764 524 817 κατ’
552 764 704 817 ὄκνον
734 762 827 816 καὶ
858 760 1125 834 ρᾳθυμίαν
1150 760 1444 831 ἠμεληκότι
1471 762 1571 831 τῆς
1592 762 1682 813 τοῦ
1704 762 1903 815 Δεσπό-

314 868 413 907 του
459 853 933 925 παρακελεύσεως,
977 851 1173 924 ἀργίαν
1248 870 1307 905 τε
1384 854 1476 904 καὶ

315 948 724 1019 πραγματείας,
757 948 957 1017 πικρὰν
982 948 1283 1017 ἐπαρτήσει
1308 947 1482 1017 δίκην.

426 1040 575 1093 Ἵσθι
600 1038 891 1103 ἐξουσίαν
928 1038 1086 1109 ἔχων
1111 1037 1311 1092 ἐπάνω
1348 1038 1495 1092 δέκα
1528 1041 1781 1094 πόλεων.

385 1130 665 1185 Βασιλείαι
689 1128 797 1203 γὰρ
824 1123 1005 1194 αὗται,
1025 1132 1327 1202 πρέπουσαι
1360 1132 1701 1203 προαγωγαὶ,
1733 1131 1907 1202 ἀρχὰς

309 1222 620 1293 ἀνθρώπων
648 1222 742 1275 καὶ
769 1223 1065 1294 ἡγεμονίας
1109 1222 1217 1276 τῶν
1274 1222 1638 1294 ἀτελεστέρων
1671 1222 1752 1274 ἔτι
1799 1222 1901 1289 ψυ-

310 1314 424 1386 χῶν
452 1317 567 1379 τοῖς
611 1316 667 1369 ἐν
696 1315 861 1386 ὀλίγῳ
895 1316 992 1386 τὴν
1026 1316 1256 1387 δοκιμὴν
1293 1315 1752 1386 παρεσχημένοις,
1803 1316 1903 1367 ἐπ-

309 1406 480 1473 αξίως
529 1398 601 1459 ιῖρν
648 1406 1170 1478 ἐπραγματεύσαντο
1197 1406 1335 1459 κατὰ
1370 1406 1463 1459 τὸν
1509 1406 1723 1476 πρῶτον
1760 1404 1895 1474 βίον,

307 1496 688 1569 χαριζόμεναι.
713 1498 920 1562 Μάθοις
952 1498 995 1550 δ’
1032 1498 1099 1552 ἂν
1124 1500 1231 1551 τῶν
1264 1498 1571 1570 εἰρημένων
1605 1497 1807 1550 δούλων
1836 1496 1899 1549 τὸ

308 1593 555 1662 γνήσιον,
590 1592 685 1646 καὶ
708 1591 768 1644 τὸ
801 1592 992 1644 πιστὸν
1028 1592 1125 1661 τῆς
1154 1589 1537 1662 πραγματείας
1581 1589 1761 1661 ἔργοις
1796 1589 1895 1640 αύ-

308 1685 425 1746 τοῖς
455 1682 817 1754 παραλαϐώνο
868 1684 944 1747 ὡς
980 1686 1067 1747 εἰς
1101 1682 1307 1738 πᾶσαν
1341 1681 1456 1750 τὴν
1485 1680 1601 1751 γῆν
1635 1679 1897 1748 ἐξῆλθεν

307 1777 343 1828 ὁ
370 1776 635 1845 φθόγγος
657 1775 875 1840 αὐτῶν,
912 1775 1009 1831 καὶ
1038 1778 1126 1840 εις
1165 1774 1238 1829 τὰ
1283 1776 1508 1842 πέρατα
1548 1773 1659 1842 τῆς
1696 1775 1893 1827 οἰκου-

2008 684 2114 738 que
2150 670 2461 739 negotiandi
2496 669 2736 725 laborem
2780 668 3023 738 perferre
3046 670 3298 733 voluerit,
3325 673 3579 726 acerbam
3608 710 3611 713 -

2012 775 2229 827 νωιιιιηι
2256 762 2511 827 imponet.

1559 852 1753 923 σχολὴν
1816 852 2154 922 ἠγαπηκότι,
2210 854 2345 925 μηδέ
2398 853 2707 925 βουληθέντι
2762 855 2853 909 τὸν
2909 856 3069 909 πόνον
3125 855 3411 926 ὑπομεῖναι
3478 850 3581 923 τῆς

2043 1038 2089 1070 ³ο
2131 1036 2255 1090 Esto
2300 1046 2603 1105 potestatem
2643 1036 2837 1091 habens
2873 1052 3030 1105 super
3069 1036 3243 1089 decem
3283 1038 3536 1091 civilales.

2076 1131 2258 1201 Regna
2296 1130 2544 1185 videlicet
2585 1131 2699 1184 haec
2729 1140 2877 1193 sunt,
2911 1131 3234 1198 decoraeque
3272 1132 3577 1199 provectio-

2002 1238 2119 1290 nes,
2156 1239 2277 1291 quae
2322 1224 2603 1292 imperium
2649 1222 2701 1276 in
2745 1221 3013 1286 homines,
3042 1232 3095 1276 et
3131 1223 3575 1290 imperfectarum

2000 1316 2174 1369 adhuc
2206 1315 2506 1369 animarum
2534 1315 2824 1377 ducatum,
2860 1314 2927 1369 iis
2956 1315 3046 1384 qui
3083 1314 3135 1367 in
3175 1330 3231 1368 re
3276 1314 3378 1368 levi
3410 1329 3574 1383 cxpe-

2000 1407 2289 1462 rimentum
2332 1406 2677 1475 prebuerint,
2712 1421 2808 1475 pro
2851 1405 3147 1474 Superioris
3180 1405 3300 1459 vita:
3341 1405 3569 1468 meritis,

2000 1500 2318 1554 attribuunt.
2393 1498 2698 1568 Cognosces
2764 1510 2942 1551 autem
3008 1496 3387 1565 praedictorum
3457 1510 3577 1550 ser-

1998 1606 2187 1645 vorum
2240 1588 2593 1659 probitatem,
2654 1597 2709 1643 et
2752 1588 3060 1659 negotiandi
3122 1588 3457 1652 ﬁdelitatem,
3506 1602 3575 1641 ex

1997 1681 2247 1751 operibus
2292 1680 2424 1749 ipsis
2474 1694 2741 1749 arguens;
2824 1693 3015 1747 nempe
3075 1678 3217 1746 quod
3262 1679 3319 1731 in
3371 1694 3577 1731 onmem
3624 1698 3634 1734 ι

1998 1781 2192 1825 terram
2237 1772 2363 1825 exiit
2416 1786 2574 1825 sonus
2626 1786 2827 1835 eorum,
2891 1781 2937 1824 et
2989 1772 3042 1823 in
3067 1770 3195 1838 ﬁnes
3227 1778 3381 1823 terra:
3424 1768 3577 1821 verba
3630 1750 3641 1761 ⁸

302 1862 502 1932 μένης
530 1866 603 1919 τὰ
632 1865 871 1955 ῥήματα
898 1863 1115 1919 αὐτῶν.
1160 1866 1237 1918 Δι’
1281 1864 1460 1918 αὐτῶν
1514 1864 1624 1935 γὰρ
1675 1862 1891 1917 ἐκείνων

1995 1863 2229 1931 ἔρισι-ατη
2264 1864 2331 1916 ⁵⁸.
2402 1862 2507 1916 Per
2567 1861 2686 1917 illos
2757 1862 2898 1916 enim
2956 1863 3265 1916 Servatoris
3323 1862 3572 1925 comites,

306 1956 418 2008 τῶν
444 1956 537 2010 τοῦ
559 1958 810 2027 Σωτῆρος
846 1958 1161 2028 γνωρίμων,
1194 1956 1287 2011 καὶ
1306 1956 1393 2009 διά
1423 1956 1531 2010 τῶν
1555 1956 1693 2027 μετὰ
1719 1956 1894 2011 ταῦτα

302 2050 398 2103 τὸν
422 2051 607 2121 ὅμοιον
625 2051 854 2115 ἐκείνοις
882 2050 1320 2125 ἐπανῃρημένων
1346 2049 1526 2120 ζῆλον,
1552 2050 1613 2114 ἐξ
1640 2050 1903 2103 ἁπάντων

300 2139 416 2193 τῶν
447 2139 617 2195 ἐθνῶν
644 2141 1010 2212 ἀφορισθεῖσα
1031 2140 1109 2212 τῷ
1135 2139 1256 2211 Θεῷ
1304 2139 1619 2210 Ἐκκλησία,
1641 2142 1698 2192 ἐν
1729 2138 1894 2207 ὀλίγῳ

300 2232 485 2304 χρόνῳ
517 2233 617 2305 τὴν
646 2218 937 2304 σύμπασαν
961 2232 1285 2304 οἰκουμένην
1319 2232 1582 2302 ἐπλήρου.
1621 2230 1733 2284 Καὶ
1770 2228 1892 2282 καθ’

298 2323 494 2396 ἕτερον
517 2324 575 2378 δὲ
601 2325 803 2396 τρόπον
830 2324 926 2395 τὴν
956 2323 1221 2395 ἐργασίαν
1248 2324 1563 2394 ποιήσονται
1591 2322 1639 2375 οί
1668 2320 1758 2374 τὸν
1786 2338 1890 2374 σω-

294 2414 494 2485 τήριον
520 2414 678 2483 λόγον
692 2412 783 2467 τὸν
809 2414 1160 2483 εύαγγελικὸν
1185 2413 1586 2474 πιστευθέντες,
1613 2411 1680 2464 δι’
1715 2411 1892 2482 ἔργων

288 2504 389 2557 καὶ
409 2504 695 2577 πράξεων,
729 2506 843 2575 βίου
874 2523 934 2559 τε
963 2506 1059 2559 καὶ
1087 2504 1361 2568 πολιτείας
1397 2503 1759 2575 θεοπρεποῦς,
1794 2502 1893 2565 τὰς

290 2594 391 2649 τοῦ
421 2596 592 2664 λόγου
620 2597 969 2661 διδασκαλίας
998 2596 1460 2667 ἀποπληροῦντες.
1499 2590 1597 2649 Ὧν
1633 2596 1761 2658 τοὺς
1793 2595 1893 2664 μὲν

298 2686 580 2757 διαφόρως
608 2688 1041 2758 ἐργασαμένους,
1074 2687 1355 2758 διαφόροις
1376 2690 1564 2758 τιμαῖς
1601 2687 1893 2758 ἀμείψεται

299 2779 563 2843 ὀδίκαιος
606 2780 818 2851 κριτὴς,
858 2780 1152 2835 ἀποδώσων
1193 2780 1407 2850 ἑκάστῳ
1444 2780 1542 2851 τὴν
1582 2780 1893 2851 προσήκου-

302 2884 406 2923 σαν
438 2871 496 2922 ἐν
520 2868 747 2938 ἀγαθοῖς
773 2869 1024 2942 ἀμοιϐήν·
1056 2870 1137 2941 τῷ
1174 2870 1219 2929 δέ
1258 2870 1594 2942 ἐγκρύψαντι
1631 2870 1757 2932 τοὺς
1802 2869 1892 2923 λό-

300 2976 438 3028 γους
490 2958 584 3012 καὶ
630 2959 993 3031 καταδήσαντι
1041 2962 1170 3030 παρ’
1224 2959 1421 3029 ἐαυτῷ,
1486 2958 1649 3029 μηδέν
1680 2976 1737 3011 τε
1778 2960 1891 3029 alp-

301 3051 565 3121 γασμένῳ
594 3050 815 3122 πονηρῷ
844 3051 1015 3120 δούλῳ
1062 3052 1157 3105 καὶ
1186 3051 1424 3123 ὀκνηρῷ,
1464 3052 1758 3121 τάπίχειρα
1794 3050 1893 3119 τῆς

301 3143 572 3214 πονηρίας
595 3142 821 3195 ἐποίσει.
854 3175 922 3183 -
955 3144 1026 3196 Τὸ
1057 3143 1240 3197 ἐπάνω
1277 3143 1408 3195 δέκα
1436 3142 1469 3213 ἢ
1500 3142 1657 3195 πέντε
1687 3141 1891 3194 πόλεων

299 3236 484 3307 ἀρχήν
532 3251 654 3288 τινα
708 3235 801 3287 καὶ
848 3234 1093 3305 ἐξουσίαν
1156 3235 1306 3305 δηλοῖ
1358 3235 1727 3305 δοθησομένην
1781 3236 1893 3296 τοῖς

300 3327 483 3395 ἁγίοις
540 3326 683 3380 κατά
744 3326 1148 3397 ὑποδεεστέρων
1203 3327 1295 3380 καὶ
1357 3326 1449 3379 τοῦ
1520 3324 1891 3380 διευθύνεσθαι

298 3417 496 3483 ἀξίων.

385 3508 548 3563 ’Ᾱλλά
578 3508 687 3580 γὰρ
726 3509 837 3563 τῶν
878 3510 978 3579 μὲν
1027 3505 1192 3562 αὑτοῦ
1246 3507 1593 3579 θεραπόντων
1635 3507 1893 3577 τοιαύτην

298 3602 593 3673 ποιήσεται
620 3600 717 3673 τὴν
755 3601 1046 3673 διάκρισιν·
1081 3599 1191 3653 τῶν
1226 3599 1283 3652 δὲ
1315 3599 1388 3670 μὴ
1426 3601 1523 3671 τῆς
1555 3600 1724 3670 αὐτῆς
1769 3599 1891 3655 δον-

297 3692 451 3756 λείας
474 3690 914 3763 κατηξιωμένων,
957 3692 1129 3755 ἄλλως
1159 3691 1215 3745 δέ
1250 3691 1487 3745 πολιτῶν
1516 3692 1681 3745 αὐτοῦ
1719 3708 1892 3759 γεγε-

297 3784 574 3855 νημένων,
626 3785 684 3837 ἐν
727 3783 939 3855 ἐχθρῶν
967 3784 1024 3836 δὲ
1053 3782 1148 3837 καὶ
1194 3782 1493 3852 μισούντων
1536 3783 1697 3835 αὑτὸν
1738 3782 1891 3854 χώρᾳ

298 3878 533 3939 ἑαυτοὺς
564 3876 999 3941 καταλεξάντων,
1044 3876 1338 3947 πρεσϐείαν
1377 3893 1436 3928 τε
1473 3875 1889 3929 ἀπεσταλκότων

299 3966 725 4041 ἀπαρνουμένην
755 3967 919 4020 αὑτοῦ
950 3966 1046 4037 τὴν
1080 3965 1377 4037 βασιλείαν,
1414 3966 1596 4019 ὁποῖον
1624 3964 1773 4017 ἐσται
1798 3966 1888 4017 τέ-

304 4060 422 4125 λος,
455 4058 695 4130 παρίστη
730 4058 796 4111 δι’
830 4051 907 4111 ὧν
959 4056 1324 4110 ἐπανελθόντα
1363 4057 1453 4111 τὸν
1487 4055 1711 4126 βασιλέα
1750 4056 1891 4110 κατὰ

297 4155 403 4225 τὴν
434 4152 691 4223 δευτέραν
728 4152 821 4205 κα)⁸
854 4150 1133 4221 βασιλικὴν
1185 4148 1349 4202 αὐτοῦ
1406 4148 1745 4218 θεοφάνειαν,
1792 4165 1889 4217 φο-

299 4244 469 4318 ϐερὰν
514 4242 788 4312 ἀπόφασιν
832 4240 1060 4306 ἐξοίσειν
1108 4240 1230 4294 κατ’
1262 4238 1440 4293 αὐτῶν
1479 4237 1745 4309 προύλεγε
1789 4237 1888 4307 τὴν

298 4338 588 4410 ιρήσασαν⁸
619 4334 767 4406 Πλὴν
800 4335 929 4397 τοὺς
966 4333 1194 4404 ἐχθρούς
1226 4349 1325 4403 μου
1360 4331 1620 4394 ἐκείνους,
1660 4330 1785 4393 τοὺς
1814 4329 1887 4400 μὴ

301 4424 641 4499 θελήσαντάς
667 4442 734 4497 με
761 4422 1074 4495 βασιλεῦσαι
1114 4424 1201 4476 ἐπ’
1234 4422 1450 4487 αὐτοὺς,
1489 4420 1723 4490 ἀγάγετε
1760 4412 1885 4475 ὧδε,

298 4518 396 4573 καὶ
422 4515 807 4586 κατασφάξατε
838 4512 1143 4585 ἔμπροσθέν
1170 4529 1270 4584 μου
1289 4511 1423 4583 (72).

596 4608 693 4661 Ἑν
720 4606 863 4673 ποίᾳ
887 4604 1141 4673 ἐξουσίᾳ
1163 4605 1353 4659 ταῦτα
1378 4602 1565 4666 ποιεῖς
1587 4618 1604 4663 ;

370 4698 544 4764 Αὐτὸς
579 4697 678 4770 μὲν
708 4696 845 4768 ἔργα
894 4696 1082 4766 θεῖκῆς
1124 4695 1405 4766 δυνάμεως
1462 4692 1746 4757 ἐπιτελῶν,
1792 4708 1882 4744 τε-

301 4793 526 4864 ραστίας
572 4792 666 4844 καὶ
719 4787 1056 4861 παραδόξους
1104 4788 1332 4856 πράξεις
1376 4787 1728 4851 ἐνεδείκνυτο,
1776 4785 1883 4838 ἐδίη

299 4883 470 4939 δασκέ
514 4901 575 4936 τε
623 4881 851 4953 οὐράνια
902 4879 1219 4951 μαθήματα·
1280 4881 1330 4933 οί
1379 4880 1424 4933 δ’
1470 4879 1882 4951 ἀποθαυμάζειν

299 4976 440 5041 δέον,
474 4975 761 5048 γνωρίζειν
797 4991 858 5027 τε
904 4974 969 5026 ἐκ
996 4972 1102 5026 τῶν
1138 4972 1312 5041 λόγων
1340 4972 1435 5025 καὶ
1469 4974 1580 5027 τῶν
1608 4974 1880 5044 πράξεων,

300 5066 377 5128 ῶς
401 5066 509 5136 ἄρα
530 5066 690 5130 αὐτὸς
718 5066 803 5137 εἴη
833 5066 865 5118 ὁ
882 5064 1115 5138 Χριστὸς
1138 5066 1167 5117 ὁ
1200 5062 1304 5118 ὑπὸ
1337 5062 1445 5117 τῶν
1471 5063 1763 5135 προφητῶν
1786 5080 1879 5116 κε-

301 5156 667 5228 κηρυγμένος,
704 5157 863 5213 τοῦτο
894 5157 993 5229 μὲν
1028 5157 1128 5210 ούκ
1159 5155 1447 5227 ἔπραττον,
1486 5156 1571 5207 ἐπ’
1599 5157 1877 5228 ἀνατροπῇ

303 5244 360 5299 δὲ
392 5245 487 5299 τοῦ
524 5246 758 5318 πλήθους
782 5248 1102 5310 ἐπιστάντες
1123 5245 1353 5317 ἀθρόως,
1384 5245 1661 5315 ἐπετίμων
1685 5245 1882 5297 πυνθα-

304 5336 518 5408 νόμενοι
543 5336 601 5390 ἐν
630 5337 759 5408 ποίᾳ
780 5337 997 5410 ἐξουσία
1031 5338 1117 5409 εἴη
1147 5337 1319 5393 ταῦτα
1348 5336 1536 5401 ποιῶν,
1588 5337 1683 5391 καὶ
1728 5336 1881 5407 παρά

294 5429 445 5507 ,τίνος
464 5428 674 5501 εἰλήφει
704 5428 802 5500 τὴν
834 5430 927 5483 τοῦ
955 5432 1024 5484 τά
1044 5431 1221 5485 τοιάδε
1251 5431 1509 5503 πράττειν
1534 5428 1704 5494 ἀδεῶς
1732 5429 1882 5496 ἐξουη

308 5536 447 5574 σιαν.

633 5613 935 5683 Ἐρωτήσω
963 5613 1117 5683 ὑμᾶς
1132 5613 1312 5683 κάγὼ,
1338 5632 1393 5668 κ.
1422 5631 1473 5667 τ.
1505 5613 1555 5668 λ.

388 5702 745 5769 ’Λνεξικάκως
778 5704 873 5757 καὶ
900 5704 1090 5775 πράως
1139 5704 1336 5767 αὐτοὺς
1366 5703 1655 5775 δεξάμενος
1691 5704 1719 5756 ὁ
1756 5703 1871 5757 Kni-

382 5796 428 5832 “
460 5797 590 5854 Luc.
617 5815 731 5865 χιι,
761 5800 848 5853 l7.
925 5798 970 5830 ’ί
1004 5799 1147 5855 Psal.
1178 5816 1335 5867 xvnt,
1375 5801 1429 5856 5.
1505 5801 1549 5833 ⁸¹
1573 5799 1709 5855 Luc.
1741 5816 1833 5865 xx,
1877 5800 1927 5854 ‘2.

385 5883 504 5961 (73)
530 5890 732 5949 Confer
754 5892 1162 5981 TlteOphaniam,
1193 5897 1329 5965 apud
1358 5910 1453 5951 nus
1485 5899 1591 5953 εον.
1626 5896 1729 5951 690
1760 5896 1852 5951 ﬁn.

1913 4564 1972 4623 Β.

1992 1970 2196 2026 perque
2235 1970 2329 2010 eos
2362 1957 2454 2025 qui
2504 1965 2688 2024 postea
2736 1970 2918 2023 parem
2969 1954 3141 2007 zelum
3202 1961 3574 2023 susceperunt,

1991 2063 2060 2103 ex
2103 2047 2310 2103 cunctis
2368 2047 2617 2117 gentibus
2663 2047 2861 2101 selecta
2921 2044 3029 2101 Deo
3089 2044 3351 2109 Ecclesia,
3421 2044 3573 2099 brevi

1994 2148 2237 2208 tempore
2286 2139 2619 2208 universum]
2655 2138 2921 2201 mundum,
2963 2137 3209 2206 replevit.
3263 2136 3385 2191 Alio
3438 2150 3574 2205 quo-

1993 2243 2099 2299 que
2167 2231 2328 2285 modo
2401 2230 2675 2300 negotium
2759 2245 2915 2285 suum
2982 2228 3181 2284 facient
3254 2229 3290 2283 ii
3372 2228 3571 2298 quibus

1993 2322 2301 2391 evangelica
2321 2322 2626 2377 Servatoris
2647 2322 2890 2377 doctrina
2916 2322 3208 2377 commissa
3232 2321 3355 2386 luit,
3376 2336 3571 2389 nempe

1994 2414 2234 2467 moribus
2260 2422 2315 2465 et
2337 2413 2454 2465 vita!
2479 2412 2708 2479 actibus,
2740 2422 2794 2466 et
2822 2412 2981 2480 digna
3005 2411 3113 2467 Deo
3136 2412 3571 2475 conversatione,

1994 2505 2253 2559 doctrina}
2292 2514 2555 2574 praecepta
2592 2504 2965 2573 adimplentes.
3006 2504 3153 2571 Quos
3188 2504 3402 2558 diverse
3449 2519 3574 2571 ope-

1995 2606 2197 2661 rantes,
2230 2596 2460 2651 diversis
2490 2596 2724 2674 praemiis
2757 2596 2937 2662 justus
2980 2595 3145 2664 judex
3190 2597 3571 2651 remunerabi-

1996 2699 2109 2752 tnr,
2147 2690 2281 2743 dans
2327 2688 2524 2756 cuique
2557 2700 2852 2755 congruam
2905 2687 2981 2742 rei
3034 2687 3171 2742 bene
3208 2696 3372 2756 gestae
3413 2688 3574 2742 retri-

1992 2780 2288 2834 butionem.
2328 2779 2715 2834 Verumtamen
2762 2779 2908 2832 illum
2940 2779 3030 2854 qui
3085 2779 3338 2833 traditam
3368 2778 3571 2833 doctri-

1993 2886 2119 2927 nam
2166 2870 2422 2926 celaverit
2465 2881 2625 2940 atque
2682 2869 2819 2939 apud
2875 2886 2933 2926 se
2987 2870 3308 2935 obvolverit,
3368 2872 3571 2925 malum

1994 2963 2232 3027 scilicet,
2270 2961 2518 3032 ignavum
2555 2962 2797 3030 nihilque
2825 2972 3139 3031 operantem
3185 2977 3434 3030 servum,
3478 2963 3572 3016 de-

1994 3056 2100 3108 bita
2127 3055 2375 3123 nequitiae
2405 3071 2513 3110 sua:
2548 3069 2701 3123 poena
2735 3062 3110 3123 prosequetur.
3134 3085 3205 3094 —
3232 3055 3425 3109 Decem
3482 3056 3566 3109 vel

1994 3148 2231 3217 quinque
2286 3148 2500 3201 urbium
2572 3146 2892 3215 praafectura
2960 3147 3229 3217 signiﬁcat
3283 3147 3570 3217 imperium

1920 3218 1965 3277 ο
1997 3240 2267 3310 quoddam
2316 3254 2377 3295 ac
2424 3246 2770 3309 potestatem,
2820 3254 2940 3308 quae
2994 3240 3197 3293 sanctis
3237 3240 3413 3293 danda
3466 3240 3571 3294 erit

1993 3346 2156 3400 super
2190 3332 2517 3386 inﬁrmiores
2550 3340 2714 3401 atque
2743 3330 3121 3385 emendatione
3149 3329 3364 3400 dignos.

2063 3509 2192 3565 Tale
2240 3510 2421 3579 itaque
2464 3509 2531 3564 de
2585 3508 2757 3565 servis
2800 3508 2913 3564 suis
2961 3506 3222 3577 judicium
3270 3510 3563 3563 exercebit.

1992 3601 2211 3657 illorum
2249 3613 2427 3655 autem
2459 3601 2550 3670 qui
2592 3616 2765 3670 neque
2802 3602 2855 3654 in
2884 3614 3166 3655 servorum
3195 3598 3312 3667 ejus
3338 3616 3567 3654 numero

1990 3708 2112 3748 esse
2141 3694 2423 3747 voluerunt
2446 3732 2461 3756 ,
2492 3706 2801 3762 quanquam
2840 3692 2988 3745 cives
3027 3690 3195 3760 ipsius
3227 3700 3439 3757 essent,
3472 3692 3565 3745 sed

1992 3787 2043 3840 i-u
2078 3786 2311 3840 hostium
2358 3796 2520 3855 atque
2561 3800 2779 3839 osorum
2824 3783 3068 3851 partibus
3113 3797 3170 3837 se
3208 3784 3561 3847 collocarunt.

1992 3875 2425 3945 legationemque
2474 3876 2738 3928 miserunt
2776 3883 2835 3926 ut
2877 3888 3102 3944 regnum
3136 3873 3253 3943 ejus
3298 3874 3565 3928 detrecta-

1992 3977 2145 4033 rent,
2172 3967 2392 4037 quinam
2421 3967 2604 4021 exitus
2636 3966 2706 4020 sit
2748 3964 2961 4019 futurus
2982 4004 2997 4030 ,
3038 3967 3277 4021 ostendit
3313 3981 3561 4029 narrans,

1992 4072 2171 4128 regem
2205 4072 2508 4120 reversum,
2541 4058 2774 4111 secunda
2799 4054 3050 4110 videlicet
3075 4056 3237 4126 regali
3266 4057 3355 4110 Dei
3386 4058 3563 4109 mani-

1990 4150 2310 4213 festatione,
2342 4148 2640 4203 terribilem
2684 4148 3005 4201 sententiam
3050 4148 3282 4201 laturum
3320 4148 3403 4202 his
3438 4164 3561 4201 ver-

1992 4242 2075 4297 bis
2103 4259 2116 4296 :
2141 4242 2517 4297 Verumtamen
2545 4239 2790 4293 inimicos
2818 4251 2967 4292 meos
2996 4237 3117 4293 illos
3145 4276 3161 4302 ,
3202 4239 3292 4306 qui
3334 4253 3418 4291 me
3466 4251 3563 4291 no-

1992 4332 2207 4386 luerunt
2238 4345 2473 4401 regnare
2500 4346 2663 4400 super
2706 4345 2794 4397 se,
2841 4330 3092 4384 adducite
3123 4330 3227 4383 huc
3262 4338 3315 4383 et
3355 4328 3562 4381 interfl-

1990 4423 2097 4477 cite
2130 4436 2313 4477 coram
2354 4437 2457 4477 me.

2323 4609 2371 4640 ⁸³
2400 4606 2464 4661 In
2496 4626 2605 4677 qua.
2637 4618 2891 4677 potestate
2923 4610 3033 4664 haec
3073 4609 3248 4679 facis?

2059 4698 2174 4766 Ipse
2218 4698 2438 4767 quidem
2470 4700 2666 4753 divinae
2696 4701 2911 4755 virtutis
2939 4715 3102 4770 opera
3144 4709 3404 4771 patrans,
3436 4713 3563 4769 por-

1987 4796 2134 4842 tenta
2184 4797 2239 4842 et
2281 4788 2556 4843 mirabiles
2611 4801 2764 4843 actus
2807 4791 3035 4855 edebat;
3079 4791 3349 4860 simulque
3395 4790 3569 4845 caele-

1983 4892 2117 4936 atem
2145 4882 2444 4959 doctrinam
2479 4884 2747 4939 tradebat.
2778 4885 2859 4939 illi
2893 4897 3073 4940 autem
3103 4887 3191 4955 qni
3238 4871 3351 4940 hae'c
3383 4886 3573 4953 suspi-_

1980 4988 2104 5028 cere
2160 4975 2507 5042 debuissent,
2569 4983 2738 5045 atque
2785 4991 2849 5030 ex
2920 4978 3080 5032 dictis
3135 4979 3408 5048 gestisqne
3470 4992 3561 5031 ςοη

1982 5080 2242 5137 gnoscere
2272 5066 2415 5122 hunc
2438 5081 2557 5121 esse
2583 5066 2858 5122 Christum
2892 5070 2958 5122 de
2986 5084 3091 5137 quo
3118 5068 3393 5138 prophetae
3427 5068 3560 5119 vati-

1985 5159 2148 5213 cinati
2198 5158 2453 5226 fuerant;
2509 5161 2731 5215 minime
2768 5176 2946 5215 rerum
2980 5162 3031 5215 id
3064 5162 3342 5227 fecerunt;
3372 5175 3560 5213 verum

1982 5252 2049 5305 ad
2097 5252 2476 5307 concitandam
2520 5253 2731 5323 plebem
2779 5253 2959 5309 subito
2993 5253 3270 5317 conversi,
3315 5252 3561 5317 increpa-

1984 5344 2115 5397 bant
2147 5359 2293 5410 cum,
2344 5345 2742 5416 interrogantes
2793 5362 3026 5415 quanam
3072 5344 3396 5400 auctoritate
3446 5344 3561 5395 haec

1981 5431 2220 5499 faceret,
2274 5435 2358 5490 vel
2403 5451 2433 5490 a
2502 5452 2736 5506 quonam
2792 5446 2940 5491 tanta
2995 5437 3251 5506 prmditus
3299 5432 3557 5488 facultate

1984 5524 2199 5593 fuisset,
2240 5535 2297 5581 ut
2330 5527 2443 5583 lucc
2472 5531 2817 5585 conﬁdenter
2851 5539 3054 5599 ageret.

2294 5620 2341 5651 "
2373 5619 2719 5691 Interrogabo
2759 5631 2805 5675 et
2840 5639 2932 5692 ego
2967 5639 3053 5675 res
3075 5663 3088 5684 ,
3129 5630 3235 5675 etc.

2050 5707 2329 5766 Patienter
2358 5727 2421 5767 ac
2448 5724 2727 5769 mansuete
2767 5717 3036 5783 postulata
3069 5728 3251 5768 eorum
3279 5710 3561 5779 excipiens

2009 5802 2053 5833 ⁵³
2088 5804 2218 5860 ibid.
2258 5807 2312 5863 5.
