4116 6380
517 400 623 486 395

1228 400 1501 459 EUSEBll
1539 391 2019 460 CESImIENsIs
2056 403 2208 460 OPP.
2248 385 2572 459 pansum
2596 380 2679 444 —“
2707 395 3114 460 exeamus.

3176 332 3283 344 --..¢—'

3662 392 3768 459 '59::

510 520 800 591 Dominus,
830 519 1143 578 sciscitatur
1174 521 1287 590 ipse
1314 537 1528 592 quoque
1571 522 1636 578 de
1670 522 1875 579 Joanne
1917 524 2088 594 bapti-

2206 539 2306 587 ιιος
2332 523 2580 593 ἀνερωτᾷ
2603 520 2731 592 περὶ
2776 521 3026 575 Ἰωάννου
3044 517 3135 572 τοῦ
3157 517 3481 582 Βαπτιστοῦ,
3512 517 3579 571 σύ
3605 521 3769 573 πόθεν

474 680 482 689 ,
520 619 735 679 aatore;
772 627 871 668 nec
912 613 1053 667 unde
1089 612 1134 667 is
1167 622 1347 679 esset,
1378 615 1472 669 sed
1504 616 1643 670 unde
1684 615 1935 686 baptismi
1964 630 2089 670 nor-

521 718 667 758 mam
708 702 1023 772 accepisset.
1068 704 1201 758 Nam
1234 705 1339 759 sibi
1378 706 1479 775 ipsi
1508 706 1878 761 testimonium
1910 707 2091 777 perbi-

522 795 679 860 bere,
720 795 944 865 plenum
987 797 1097 851 odii
1129 797 1403 867 negotium
1440 798 1791 853 existimabat
1819 808 1873 853 et
1910 810 2092 855 osten-

521 885 761 941 tationis.
808 885 1115 956 Ceteroqui
1166 888 1483 957 provocatio
1533 889 1599 943 ad
1639 887 1905 944 Joannem
1959 891 2092 945 taci-

521 985 630 1029 tam
659 978 973 1034 continebat
1001 978 1204 1034 Christi
1234 979 1747 1035 manil‘estationem.
1800 980 2093 1038 Universus

519 1068 665 1123 enim
692 1069 923 1139 populus
953 1068 1231 1125 fatebatur
1261 1069 1529 1127 Joannem
1558 1072 1819 1127 divinitus
1845 1072 2091 1128 missum.

517 1157 690 1215 Porro
726 1159 816 1215 hic
845 1162 985 1216 idem
1032 1161 1399 1217 testimonium
1427 1162 1754 1232 praabuerat,
1796 1164 1939 1219 unde
1966 1161 2095 1219 Ser-

518 1263 679 1308 vator
721 1263 1039 1322 potestatem
1070 1254 1388 1324 accepisset.
1429 1253 1565 1309 Cum
1603 1256 1747 1309 enim
1780 1255 1830 1311 ei
1876 1255 2093 1326 quidam

519 1343 856 1400 nuntiassent
882 1343 1064 1400 Jesum
1096 1345 1394 1415 baptizare,
1430 1346 1735 1416 bujusmodi
1774 1362 2093 1417 responsum

518 1437 688 1491 edidit
720 1453 734 1490 :
772 1436 888 1492 Non
921 1447 1095 1506 potest
1125 1437 1286 1492 homo
1310 1452 1341 1491 a
1385 1439 1563 1509 seipso
1616 1440 1908 1510 quidquam
1956 1441 2098 1496 acci-

522 1542 685 1598 pere,
731 1528 833 1581 nisi
879 1528 937 1581 ei
977 1528 1160 1582 datum
1204 1525 1370 1583 fuerit
1409 1529 1475 1583 de
1507 1527 1647 1584 malo
1684 1528 1934 1599 desuper.
1988 1529 2098 1588 Vos

521 1620 656 1674 mihi
697 1618 827 1675 dicti
862 1619 967 1673 mei
1007 1626 1173 1675 testes
1211 1621 1367 1684 estis,
1395 1635 1483 1675 me
1513 1620 1786 1676 Christum
1817 1637 1926 1679 non
1952 1637 2095 1692 esse,

523 1719 895 1764 verumtamen
939 1710 1068 1767 huic
1095 1710 1402 1767 adventanti
1431 1713 1764 1782 praemissum
1784 1713 1861 1780 “;
1903 1723 1957 1769 et
1980 1731 2102 1770 rur-

524 1815 619 1855 sus
646 1818 659 1854 :
696 1800 799 1867 Qui
821 1801 1099 1856 desursum
1125 1805 1282 1866 venit,
1311 1819 1475 1873 supra
1497 1820 1677 1859 omnes
1699 1814 1776 1859 est
1795 1806 1874 1872 ";
1905 1807 2100 1861 denuo-

2191 615 2276 683 εἴη
2304 614 2486 679 αὐτὸς,
2528 611 2665 666 ἀλλά
2716 610 2880 665 πόθεν
2926 612 3018 663 τὸν
3056 609 3150 662 τοῦ
3185 609 3561 680 βαπτίσματος
3606 610 3772 680 νόμον

2192 704 2423 775 εἰλήφοι.
2463 703 2537 756 Τὸ
2569 703 2668 773 μὲν
2699 701 2809 773 γὰρ
2843 701 3004 754 αὐτὸν
3056 701 3188 772 περὶ¹
3221 699 3413 753 ἑαυτοῦ
3473 702 3774 773 μαρτυρεῖν

2193 795 2436 868 ἐπαχθὲς
2457 798 2641 866 ἠγεῖτο
2664 795 2758 848 καὶ
2792 790 3230 865 περιαυτολόγον·
3261 792 3322 845 τὸ
3360 791 3404 844 δ’
3449 792 3543 846 tm
3589 791 3774 845 Ἰωάν-

2194 908 2292 963 νην
2317 889 2666 961 ἀναπέμπειν
2695 889 2978 960 λεληθυῖαν
2999 890 3098 960 τὴν
3132 888 3260 960 περὶ
3294 885 3487 942 ἑαυτοῦ
3522 886 3778 944 διδασκα-

2193 983 2314 1037 λίαν
2346 984 2649 1054 περιεῖχενο
2673 968 2991 1053 ὡμολόγητο
3022 981 3135 1053 γὰρ
3172 980 3322 1051 παρά
3356 980 3519 1036 παντὶ
3544 978 3625 1048 τῷ
3661 977 3778 1048 λαῷ

2208 1076 2461 1147 Ἰωάννης
2511 1074 2572 1139 εξ
2617 1073 2865 1145 οὐρανῶν
2915 1072 3265 1145 ὡρμημένος.
3314 1066 3482 1135 Οὗτος
3515 1070 3572 1124 δὲ
3616 1072 3789 1136 αὐτὸς

2194 1167 2492 1239 ἐμαρτύρει
2528 1165 2608 1238 τῷ
2636 1166 2850 1237 Σωτῆρι
2888 1165 3053 1220 πόθεν
3086 1164 3172 1236 είη
3210 1165 3316 1236 τὴν.
3360 1161 3609 1228 ἐξουσίαν
3637 1162 3783 1233 εἰλη-

2196 1259 2333 1330 φώς.
2373 1260 2460 1325 Ὧς
2505 1260 2615 1331 γὰρ
2657 1258 3002 1330 ἀπήγγελλον
3051 1256 3199 1328 αὐτῷ
3244 1273 3408 1321 τινες,
3440 1257 3523 1311 ὅτι
3574 1257 3782 1326 Ἰησοῦς

2198 1348 2470 1421 βαπτίζει,
2507 1349 2825 1421 ἀποκριθεὶς
2852 1344 3008 1402 εἶπεν
3040 1349 3255 1411 αὐτοῖς’
3312 1347 3388 1400 Οὐ
3436 1346 3663 1402 δύναται
3690 1347 3786 1401 av.

2198 1442 2414 1515 θρωπος
2461 1443 2760 1514 λαμϐάνειν
2817 1442 2911 1513 ἀφ’
2968 1442 3164 1495 ἑαυτοῦ
3229 1439 3401 1504 οὐδὲν,
3458 1438 3555 1492 ὲάν
3613 1439 3689 1509 μὴ

2197 1533 2482 1607 δεδομένον
2542 1533 2692 1605 αὐτῷ
2753 1535 2819 1587 ὲκ
2875 1532 2972 1586 τοῦ
3040 1531 3274 1604 οὐρανοῦ
3332 1531 3561 1587 ἀνωθεν.
3620 1531 3787 1585 Αὐτοὶ

2200 1624 2358 1694 ὑμεῖς
2415 1624 2746 1696 μαρτυρεῖτέ
2808 1641 2922 1696 μοι,
2984 1625 3071 1677 ὅτι
3096 1619 3250 1677 εἷπον
3274 1640 3289 1656 ·
3322 1624 3436 1677 Οὐκ
3463 1622 3578 1692 είμὶ
3614 1621 3724 1690 ἐγὼ
3756 1620 3787 1674 ὁ

2199 1716 2468 1788 Χριστὸς,
2527 1715 2645 1770 ἀλλ’
2696 1717 2778 1770 ὅτι
2840 1708 3252 1786 ἀπεσταλμένος
3301 1714 3420 1785 είμὶ
3475 1711 3788 1785 ἔμπροσθεν

2201 1804 2411 1861 ἐκείνου
2436 1824 2450 1838 ·
2482 1809 2576 1861 καὶ
2620 1806 2802 1862 πάλιν·
2841 1807 2897 1860 Ὁ
2943 1806 3171 1860 ἄνωθεν
3224 1806 3549 1875 ἐρχόμενος
3586 1803 3788 1860 ἐπάνω

524 1907 674 1961 que:
710 1891 873 1945 Pater
908 1893 1083 1962 diligit
1109 1891 1343 1959 Filium,
1371 1905 1422 1949 et
1452 1896 1632 1950 omnia
1666 1897 1883 1951 tradidit
1918 1900 2101 1952 manui

2206 1900 2448 1954 πάντων
2487 1899 2621 1954 ἐστί
2636 1916 2650 1929 ·
2693 1899 2789 1952 καὶ
2835 1894 3013 1961 αὖθιςο
3081 1898 3135 1951 '0
3182 1897 3388 1966 Πατὴρ
3434 1894 3638 1966 ἀγαπᾷ
3679 1896 3790 1950 τόν

523 1983 640 2051 ejus
660 1982 726 2036 “.
762 1981 867 2048 Qui
889 1984 1052 2037 credit
1079 1985 1131 2037 in
1150 1982 1377 2050 Filium,
1404 1985 1555 2041 habet
1579 1988 1736 2042 vitam
1760 1999 2012 2044 (sternant
2030 1990 2100 2048 ⁵⁷.

523 2073 691 2147 Igitur
716 2089 781 2132 ex
802 2074 1031 2132 Joannis
1062 2078 1371 2135 testimonio
1400 2080 1747 2150 perspicuum
1786 2090 1938 2157 erat,
1965 2097 2103 2152 qua-

525 2184 651 2225 nam
691 2177 957 2238 potestate
983 2169 1098 2225 haec
1129 2168 1385 2226 Servatur
1416 2172 1647 2241 faceret,
1678 2183 1734 2230 et
1764 2175 2013 2246 quisnam
2050 2177 2102 2233 ei

524 2259 635 2316 vim
669 2260 979 2331 bujusmodi
1016 2261 1324 2330 impertitus
1357 2260 1575 2321 fuisset.

703 2438 749 2471 ⁸⁸
781 2436 950 2493 Erunt
979 2439 1130 2508 signa
1160 2438 1215 2493 in
1253 2438 1363 2493 sole
1395 2450 1443 2494 et
1474 2438 1603 2494 luna
1635 2456 1696 2494 ac
1731 2440 1916 2495 stellis.

599 2526 752 2583 'l'unc
776 2529 918 2583 enim
943 2528 1082 2584 facta
1112 2530 1223 2599 jam
1253 2532 1496 2588 mortalis
1527 2531 1685 2601 hujus
1713 2535 1834 2589 vitae
1859 2548 2105 2589 consum-

525 2620 790 2685 matione,
810 2630 1171 2690 prmtereunte
1195 2622 1352 2692 hujus
1370 2624 1555 2679 mundi
1585 2624 1777 2694 figura,
1803 2626 1954 2681 utait
1970 2627 2106 2698 Apo-

527 2711 700 2769 stolus
718 2712 785 2780 ",
812 2727 1008 2767 novum
1036 2713 1290 2771 sarculum
1313 2713 1584 2770 succedet.
1609 2714 1742 2769 Nam
1771 2732 1871 2787 pro.
1893 2719 2105 2775 cunctis

527 2805 710 2861 sensui
761 2803 938 2860 obviis
986 2804 1387 2871 luminaribus,
1427 2808 1518 2876 qui
1571 2810 1811 2865 anterius
1850 2810 2103 2866 sarculum

528 2895 893 2959 illustrabant,
930 2896 1266 2967 Splendescet
1296 2898 1553 2968 deinceps
1580 2899 1696 2969 ipse
1722 2900 2107 2971 apparebitque

531 2986 793 3043 Servatur
817 2996 1024 3054 noster,
1058 2989 1331 3059 princeps,
1358 2998 1413 3045 et
1439 2989 1729 3059 luminare,
1764 3002 1819 3047 et
1848 3008 1945 3048 rex
1980 2994 2105 3049 novi

528 3077 712 3133 saeculi
748 3079 1181 3133 constituendus.
1236 3077 1410 3134 Tanta
1446 3095 1615 3150 porro
1651 3082 1761 3137 erit
1804 3084 2105 3145 divinitatis

530 3170 587 3227 in
629 3185 696 3225 eo
729 3170 847 3236 vis,
882 3179 1099 3240 tamque
1125 3171 1329 3228 eximia
1370 3171 1616 3243 ejusdem
1657 3173 1859 3244 gloria,
1883 3185 1942 3231 ut
1967 3192 2104 3247 pra:-

2213 1992 2369 2058 Υὶὸν,
2399 1991 2498 2046 καὶ
2529 1990 2737 2046 πάντα·
2752 1991 3011 2047 δέδωκεν
3053 1991 3123 2046 ἐν
3169 1989 3246 2058 τῇ
3288 1988 3439 2060 χειρὶ
3477 1986 3686 2042 αὑτοῦ.
3732 1986 3788 2043 ’0

2204 2085 2505 2139 πιστεύων
2525 2086 2614 2150 εὶς
2634 2083 2742 2139 τὸν
2782 2084 2922 2139 rw
2942 2084 3067 2153 ἔχει
3102 2082 3255 2151 ζωὴν
3294 2081 3553 2137 αἰώνιον.
3580 2077 3792 2135 Οὐκοῦν

2203 2178 2313 2231 ἀπὸ
2338 2177 2439 2247 τῆς
2474 2177 2732 2231 Ἰωάννου.
2757 2176 2886 2247 περὶ
2917 2175 3082 2233 αὐτοῦ
3109 2174 3417 2247 μαρτυρίας
3443 2172 3615 2243 δῆλος
3632 2167 3701 2241 ἦν
3730 2172 3794 2225 ὲν

2204 2268 2334 2340 ποίᾳ
2366 2267 2585 2340 ἐξουσίᾳ
2617 2268 2795 2324 ταῦτα
2820 2267 3089 2340 ἔπραττεν
3114 2270 3143 2321 6
3172 2267 3384 2339 Σωτὴρ,
3415 2266 3512 2321 καὶ
3533 2265 3619 2329 τίς
3641 2263 3792 2337 αὐτῷ

2202 2360 2423 2415 δεδώκει
2441 2361 2541 2434 τὴν
2565 2360 2822 2433 τοιαύτην
2847 2363 3116 2429 ἐξουσίαν.
3332 2404 3346 2413 .

2208 2455 2412 2508 Ἔσται
2438 2454 2656 2524 σημεῖα
2688 2454 2759 2509 ἐν
2788 2453 2941 2521 ἡλίῳ
2977 2452 3076 2509 καὶ
3109 2452 3364 2520 σελήνῃ,
3387 2450 3511 2522 καὶ,
3525 2451 3792 2521 ἄστροις.

2278 2547 2593 2619 Τηνικαῦτα
2624 2547 2733 2621 γὰρ
2778 2549 2879 2619 τῆς
2920 2547 3230 2610 συντελείας
3281 2545 3376 2598 τοῦ
3427 2544 3623 2616 θνητοῦ
3672 2544 3794 2615 βίου

2204 2639 2524 2711 γενομένης,
2558 2639 2923 2711 παρελθόντος
2947 2656 3011 2693 τε
3029 2638 3124 2692 τοῦ
3155 2639 3432 2709 σχήματος
3451 2635 3554 2692 τοῦ,
3580 2636 3786 2707 κόσμου

2203 2728 2394 2783 τούτου
2431 2729 2583 2786 κατὰ.
2612 2730 2704 2784 τὸν
2739 2730 3079 2793 Ἀπόστολον,
3124 2728 3242 2792 νέος
3285 2726 3418 2781 αἰὼν
3451 2725 3788 2797 διαλήψεται.

2218 2820 2364 2872 ’Δντὶ
2409 2819 2519 2893 γάρ
2576 2820 2797 2877 πάντων
2839 2822 2949 2877 τῶν
2995 2821 3271 2893 αἰσθητῶν
3328 2821 3628 2890 φωστήρων
3682 2817 3793 2872 τῶν

2207 2912 2338 2983 πρὶν
2367 2912 2709 2982 φωτιζόντων
2746 2915 2838 2969 τὸν
2883 2914 2990 2986 πρὸ
3032 2914 3223 2969 τούτου
3275 2912 3447 2967 αἰῶνα
3492 2909 3793 2981 ὲπιλάμψει

2206 3001 2392 3057 λοιπὸν
2448 3005 2612 3070 αὐτὸς
2685 3007 2782 3061 καὶ
2836 3007 3230 3077 ἐπιφανήσεται
3291 3006 3321 3058 6
3376 3002 3566 3075 Σωτὴρ
3610 2999 3791 3073 ἡμῶν,

2206 3095 2448 3167 ἀρχηγὸς
2485 3096 2580 3155 καὶ
2610 3096 2867 3169 φωστὴρ,
2892 3096 2987 3149 και
3006 3094 3257 3166 βασιλεὺς
3293 3093 3387 3147 τοῦ
3433 3092 3552 3146 νέου
3597 3090 3793 3153 αἰῶνος

2206 3188 2702 3259 καταστησόμενος.
2735 3186 2984 3258 Τοσαύτη
3015 3186 3072 3240 δέ
3104 3203 3189 3249 τις
3233 3184 3387 3238 ἔσται
3408 3186 3442 3256 ἠ
3471 3184 3570 3254 τῆς
3608 3181 3791 3252 θεότη-

526 3270 738 3316 sentem
784 3258 954 3317 solem
991 3277 1055 3316 ac
1096 3263 1276 3318 lunam
1322 3274 1377 3319 et
1407 3273 1600 3320 caatera
1635 3266 1757 3322 ωιιί
1793 3267 2102 3336 luminaria,

2208 3293 2298 3341 τος
2361 3253 2535 3332 αὐτοῦ.
2575 3278 2824 3349 δύναμις,
2885 3253 2989 3334 καῖ
3034 3278 3081 3348 ἡ
3134 3253 3543 3347 ἀνυπέρϐλητος
3622 3270 3788 3328 αὐτοῦ

526 3353 742 3422 potiore
774 3367 875 3408 suo
907 3352 1113 3409 lumine
1145 3354 1457 3410 obvelatura
1490 3358 1563 3411 sit
1588 3367 1643 3411 et
1670 3371 1950 3428 opertnra.

2209 3364 2354 3433 δόξα,
2388 3368 2465 3431 ὡς
2493 3369 2586 3422 τὸν
2625 3368 2722 3423 νῦν
2773 3368 2922 3440 ήλιον
2974 3368 3068 3422 καὶ
3108 3366 3207 3437 τὴν
3246 3366 3474 3436 σελήνην
3520 3364 3616 3418 καὶ
3666 3363 3796 3428 τοὺς

525 3448 746 3514 λοιποὺς
791 3450 851 3509 ὲν
888 3450 1102 3524 οὐρανῷ
1141 3451 1433 3524 φωστῆρας
1470 3452 1560 3511 διὰ
1605 3453 1703 3525 τὴν
1743 3455 1837 3511 τοῦ
1889 3459 2196 3529 κρείττονος
2268 3463 2571 3535 παράθεσιν
2635 3463 3021 3536 ἀποκρυϐἧναιπ
3058 3461 3165 3518 καὶ.
3192 3460 3531 3530 καλυφθῆναι
3596 3461 3664 3529 τῇ
3692 3456 3795 3512 αὐ-

528 3545 623 3601 τοῦ
650 3546 899 3618 δυνάμει.

896 3640 941 3673 ⁸⁸
970 3640 1103 3707 Qui:
1132 3641 1330 3697 mundo
1358 3645 1740 3714 supervenient.

601 3730 814 3803 Nempe
853 3748 941 3787 res
985 3745 1277 3789 eventuras
1328 3735 1443 3803 ipse
1486 3736 1757 3805 explicat,
1810 3738 1940 3795 dum
1986 3755 2110 3795 mox

532 3819 725 3875 addit:
753 3820 890 3876 Nam
919 3820 1148 3876 virtutes
1177 3821 1436 3878 caelorum
1462 3827 1965 3885 commovebuntur.
2017 3830 2113 3886 Et-

533 3911 682 3967 enim
728 3927 853 3966 cum
880 3912 972 3967 Dei
1003 3911 1173 3968 Filius
1200 3928 1323 3969 cnm
1357 3916 1557 3974 virtute
1597 3918 1874 3990 gloriaque
1907 3922 2110 3993 ingenti

533 4001 745 4065 veniet.
776 4012 941 4071 atque
969 4017 1038 4058 ex
1079 4004 1244 4076 impia
1287 4008 1630 4078 superbaque
1659 4012 1952 4081 tyrannide
1984 4028 2110 4083 per-

534 4090 755 4145 ditionis
795 4091 964 4147 lilium
996 4093 1212 4164 dejiciet
1243 4096 1528 4165 praesentia
1556 4113 1653 4153 sua
1675 4140 1690 4165 ,
1729 4114 1965 4172 eumque
1992 4104 2106 4172 spi-

534 4182 641 4235 ritu
692 4181 806 4237 oris
856 4184 940 4238 sui
991 4187 1260 4253 perimet;
1318 4198 1447 4244 tunc
1474 4188 1788 4247 caelestibus
1828 4193 2109 4260 spiritibus

532 4278 909 4348 supremisqne
955 4288 1012 4334 et
1044 4281 1303 4351 angelicis
1344 4282 1440 4338 Dei
1489 4283 1756 4339 ministris
1782 4283 1977 4340 Filium
2012 4286 2108 4341 Dei

530 4369 990 4439 stipantibuscum
1021 4385 1198 4442 eoque
1227 4372 1663 4441 adventantibus,
1700 4383 1848 4440 tunc,
1867 4376 2108 4446 inquam,

2465 3645 2589 3701 Τῶν
2632 3643 3056 3714 ὑπερχομένων
3097 3639 3172 3709 τῇ
3203 3638 3553 3707 οἰκουμένῃ.Δ

2282 3739 2421 3793 Τίνα
2466 3737 2523 3793 δὲ
2563 3736 2632 3791 τὰ
2665 3736 3027 3807 ἐπερχόμενα,
3063 3731 3364 3805 ὲρμηνεύει
3377 3729 3663 3783 συνάπτων
3683 3743 3695 3757 ⁸
3722 3730 3798 3785 Al

2212 3828 2324 3898 γὰρ
2367 3826 2653 3897 δυνάμεις
2686 3824 2805 3880 τῶν
2836 3823 3108 3892 οὐρανῶν
3142 3818 3652 3886 σαλευθήσονται.
3687 3818 3796 3871 Τοῦ

2212 3919 2322 3991 γὰρ
2367 3917 2497 3973 Υἱοῦ
2531 3917 2631 3972 τοῦ
2650 3916 2786 3972 Θεοῦ
2822 3916 2958 3988 μετά
2982 3915 3260 3986 δυνάμεως
3289 3913 3395 3967 καὶ.
3408 3912 3565 3984 δόξης
3595 3910 3798 3981 πολλῆς

2214 4012 2666 4083 ὲπιστησομένου,
2691 4012 2789 4069 καὶ
2815 4010 2913 4080 τὴν
2941 4008 3097 4064 ἀθεον
3121 4008 3215 4061 καὶ
3237 4005 3798 4079 μεγάλαυχοντυραν-

2216 4101 2335 4155 νίδα
2374 4100 2475 4155 τοῦ,
2504 4099 2625 4154 υἱοῦ.
2652 4101 2750 4171 τῆς
2781 4098 3057 4163 ἀπωλείας
3091 4099 3384 4169 καταργεῖν
3415 4094 3699 4167 μέλλοντος
3727 4095 3792 4164 τῇ

2216 4192 2508 4263 ἐπιφανείᾳ
2551 4191 2652 4261 τῆς
2701 4187 3002 4261 παρουσίας
3039 4186 3226 4253 αὐτοῦ,
3269 4186 3578 4241 ἀναλίσκειν
3621 4200 3682 4236 τε
3716 4180 3795 4253 τῷ

2218 4285 2488 4357 πνεύματι
2540 4285 2634 4339 τοῦ
2684 4286 2949 4354 στόματος
2994 4282 3181 4345 αὐτοῦ,
3224 4281 3333 4335 τῶν
3366 4297 3423 4334 τε
3459 4275 3795 4349 ἐπουρανίων

2220 4377 2544 4447 πνευμάτων
2584 4374 2681 4429 καὶ
2704 4374 2810 4428 τῶν
2831 4375 2990 4429 θείων
3018 4374 3112 4428 καὶ
3132 4371 3435 4441 ἀγγελικῶν
3467 4366 3795 4437 λειτουργῶν

530 4463 742 4515 accidet
784 4471 841 4516 nt
881 4464 1143 4517 caelorum
1183 4466 1416 4520 virtutes
1455 4477 1922 4525 commoveantur.
1959 4469 2103 4526 Tunc

2215 4469 2309 4524 τοῦ
2344 4469 2478 4523 Θεοῦ
2506 4468 2596 4521 τὸν
2626 4468 2754 4521 Υίδν
2795 4466 2889 4521 τοῦ
2923 4465 3056 4519 Θεοῦ
3091 4461 3527 4537 δορυφορούντων
3570 4458 3666 4512 καὶ
3697 4459 3797 4514 σὺν

532 4549 663 4605 illud
689 4552 858 4606 etiam
883 4553 1182 4609 veridicum
1204 4557 1399 4612 evadet
1423 4577 1435 4611 :
1472 4557 1713 4613 Altollite
1736 4570 1939 4628 portas,
1967 4562 2109 4628 prin-

530 4641 700 4708 cipes,
739 4652 974 4708 vestras,
1022 4654 1071 4698 et
1121 4646 1485 4703 inlroibitliea:
1528 4650 1714 4719 gloria:
1744 4650 1812 4705 δι.
1864 4650 2108 4716 Quonam

532 4745 665 4785 vero
705 4731 989 4800 introibit,
1033 4735 1136 4789 nisi
1180 4735 1237 4790 in
1272 4751 1464 4793 recens
1494 4739 1751 4795 saeculum
1803 4756 2111 4812 novumque

530 4820 760 4876 orbem?
819 4821 966 4877 Sane
1007 4823 1369 4883 invisibilibus
1408 4827 1854 4900 incorporeisque
1885 4832 2109 4888 virtuti-

528 4911 631 4967 ltus
653 4952 668 4976 ,
703 4927 823 4983 qua:
853 4914 949 4968 tnti
981 4914 1120 4970 cmlo
1149 4917 1534 4985 moderantur,
1578 4934 1609 4973 e
1637 4935 1733 4975 sna
1759 4930 1962 4976 aeterna
1997 4930 2110 4978 sta-

532 5006 680 5061 tione
705 5007 1021 5072 commotis,
1050 5007 1223 5076 ipsum
1255 5009 1454 5065 caelum
1486 5012 1799 5068 universum
1832 5024 1887 5069 et
1911 5014 1995 5070 sol
2042 5031 2109 5072 ac

529 5095 654 5151 luna
687 5098 963 5169 stellaeque
990 5099 1318 5165 transibunt,
1355 5102 1631 5172 patefacto
1661 5111 1824 5171 coelo,
1857 5116 1912 5160 et
1931 5107 2112 5175 januis

528 5204 651 5261 quae
679 5192 748 5246 ab
788 5190 923 5246 orbe
971 5194 1190 5249 condito
1228 5195 1428 5251 clausa
1460 5196 1712 5263 inerant,
1749 5198 1866 5270 jam
1895 5215 2111 5256 resera-

530 5283 640 5350 tis;
689 5295 850 5353 atque
904 5287 977 5340 ita
1038 5286 1448 5357 supercmlestia
1494 5289 1774 5358 patebunt,
1809 5301 2108 5347 aeternum-

528 5389 635 5444 que
687 5375 783 5430 Dei
846 5393 1070 5448 regnum
1126 5381 1480 5450 conspicuum
1520 5384 1729 5437 cunctis
1774 5385 1878 5438 erit
1908 5402 1927 5439 ζ
1967 5383 2105 5453 quod

528 5481 662 5522 sane
692 5484 913 5538 regnum
952 5478 1011 5525 ut
1058 5468 1167 5525 cito
1204 5470 1375 5538 adsit,
1410 5472 1550 5527 votis
1590 5486 1710 5531 esse
1753 5473 2107 5545 ﬂagitandum

531 5558 788 5614 Salvator
830 5559 1046 5630 docuit,
1086 5562 1214 5617 dum
1252 5562 1304 5616 in
1351 5578 1510 5633 prece
1556 5564 1648 5619 illa
1692 5565 1874 5621 dicere
1903 5566 2105 5638 jussit:

598 5721 646 5817 ξι
674 5721 951 5817 manuni,
1143 5727 1350 5817 "ibid.
1395 5732 1483 5787 5|.
1562 5733 1608 5767 ⁸⁸
1635 5732 1764 5794 ibid.
1801 5735 1890 5793 55.
1957 5737 2046 5817 __"'
2078 5735 2211 5795 ibid.
2236 5735 2325 5792 56.

531 5805 645 5858 nt,
677 5792 765 5847 26.
845 5795 884 5827 ⁶¹
911 5795 1051 5850 I'sal.
1087 5813 1240 5865 XM",
1271 5798 1321 5854 Ἰ.

2214 4559 2363 4631 αὐτῷ
2389 4559 2799 4631 παρεσομὲνων,
2831 4558 2891 4610 αἱ
2916 4556 3172 4627 δυνάμεις
3192 4554 3301 4608 τῶν
3328 4549 3570 4624 οὐρανῶν
3600 4548 3800 4603 σαλευ-

2213 4650 2466 4721 θήσονται
2490 4667 2502 4677 ·
2530 4648 2606 4713 ὡς
2632 4648 2753 4703 τότε
2786 4644 3128 4720 πληροῦσθαι
3150 4645 3233 4704 τό⁸
3262 4647 3468 4730 ᾏρατε
3488 4643 3710 4707 πύλας,
3744 4657 3804 4730 ο.

2211 4739 2520 4810 ἄρχοντες,
2547 4737 2733 4810 ὑμῶν,
2762 4740 2859 4794 καὶ
2880 4738 3290 4795 εἰσελεύσεται
3305 4729 3347 4789 id
3372 4732 3674 4798 Βασιλεὺς
3689 4729 3804 4802 τῆς

2214 4831 2421 4901 δόξης.
2452 4831 2562 4886 Ποῦ
2591 4831 2647 4885 δὲ
2672 4831 3036 4889 εἰσελεύσεται
3069 4830 3103 4901 ἢ
3128 4831 3209 4893 εἰς
3240 4828 3333 4885 τὸν
3358 4827 3478 4881 νέον
3504 4824 3677 4878 αἰῶνα
3704 4823 3804 4880 καὶ

2211 4925 2312 4995 τὴν
2340 4922 2529 4995 καινὴν
2572 4924 2933 4995 οίκουμένην;
2966 4922 3074 4978 Καὶ
3114 4921 3179 4993 δὴ
3215 4919 3324 4973 τῶν
3362 4917 3643 4988 δυνάμεων
3693 4916 3802 4969 τῶν

2214 5017 2440 5088 ἀφανῶν
2482 5017 2577 5072 καὶ
2607 5017 2936 5089 ἀσωμάτων,
2993 5015 3059 5069 δι’
3103 5008 3178 5069 ὧν
3226 5016 3257 5067 6
3303 5012 3526 5083 σύμπας
3572 5008 3803 5081 οὐρανὸς

2213 5109 2517 5176 διοικεῖται,
2543 5109 2642 5182 τῆς
2681 5106 2742 5173 ἐξ
2782 5108 2975 5169 αἰῶνος
3008 5106 3252 5171 στάσεως
3298 5096 3799 5174 παρακινηθεισῶν,

2214 5201 2310 5256 καὶ
2335 5200 2497 5265 αὐτὸς
2517 5202 2546 5255 6
2575 5200 2795 5272 σύμπας
2820 5197 3046 5271 οὐρανὸς
3065 5196 3215 5268 ἥλιός
3241 5212 3301 5250 τε
3328 5194 3424 5251 καὶ
3453 5191 3673 5263 σελήνη,
3704 5188 3800 5244 καὶ

2212 5294 2443 5366 ἀστέρες
2470 5293 2914 5366 παρελεύσονται,
2946 5285 3407 5360 ἀνοιγομένουτοῦ
3427 5282 3682 5358 οὐρανοῦ,
3706 5279 3799 5335 καὶ

2214 5384 2322 5439 τῶν
2377 5383 2439 5451 ἐξ
2481 5385 2677 5449 αἰῶνος
2728 5382 3126 5454 κεκλεισμένων
3164 5378 3331 5437 αὐτοῦ
3387 5376 3569 5432 πυλῶν
3600 5388 3804 5427 αναπε-

2214 5477 2581 5549 ταννυμένων,
2627 5476 2702 5539 ὼς
2750 5475 2815 5530 ἂν
2847 5475 3059 5544 ὀφθεῖεν
3106 5470 3526 5544 τά.ὐπουράνια,
3562 5465 3655 5520 καὶ
3687 5466 3721 5535 ἡ
3742 5463 3801 5532 ἐξ

2217 5569 2411 5634 αἰῶνος
2472 5568 2566 5623 τοῦ
2594 5567 2735 5622 Θεοῦ
2775 5567 3019 5638 βασιλεία
3045 5564 3310 5637 φανηθείη
3359 5565 3469 5625 τοῖς
3499 5560 3699 5613 πᾶσινο
3731 5555 3803 5627 ἢν

2432 5736 2478 5769 ⁸⁸
2504 5735 2635 5794 Luc.
2672 5753 2784 5806 xxI,
2824 5737 2915 5793 25.
3023 5737 3068 5771 ⁵⁸
3099 5737 3115 5793 1
3145 5733 3271 5794 Cor.
3296 5747 3392 5799 vn,
3424 5729 3511 5786 5|.
3592 5728 3637 5759 ⁸ο
3664 5723 3811 5785 Luc.

2894 5912 2906 5924 ι’
2941 5913 2990 5925 ..υ
3014 5913 3036 5922 δέ
