4116 6370
366 380 464 436 597

1532 371 2029 430 (ΣΟΜΜΕΝΤΑΒΙΑ
2066 372 2131 426 1N
2171 372 2427 428 LUCAM.

3501 369 3605 426 598

368 492 429 562 δὴ
456 491 548 544 καὶ
580 489 970 561 προσεύχεσθαι
1058 489 1222 558 τάχος
1246 488 1550 559 ἐπιστῆναι,
1585 488 1745 549 αὐτὸς
1774 490 1801 540 ὁ
1831 488 1939 541 Σω-
1968 539 1972 549 ,

2073 491 2292 544 ldueniat
2322 506 2545 558 regnum
2576 498 2766 551 tuum;
2814 487 2913 555 ﬁat
2939 486 3178 541 voluntas
3208 497 3300 540 tua
3320 524 3336 550 ,
3378 487 3512 540 sicut
3550 489 3609 542 in

370 582 472 652 τὴρ
507 580 732 646 ἐδίδαξε,
782 580 958 647 λέγειν
1002 581 1058 631 ἐν
1087 582 1151 649 τῇ
1182 581 1458 649 προσευχῇ
1490 578 1937 649 παρακελευόμε-

372 691 459 736 νος
480 689 495 704 ο
536 672 778 725 Ἐλθέτω
804 672 1144 737 ἡλβασιλεία
1170 685 1306 733 σου,
1338 670 1641 741 γενηθήτω
1670 671 1733 723 τὸ
1767 672 1941 737 θέλη-

371 763 453 831 μά
485 779 601 817 σου
635 763 715 828 ὡς
747 762 817 815 ἐν
850 761 1079 830 οὐρανῷ
1113 762 1210 814 καὶ
1243 761 1339 814 ἐπὶ
1374 761 1484 830 τῆς
1512 760 1623 831 γῆς
1644 779 1659 796 ο
1700 761 1843 814 οὕτω
1883 778 1941 812 τε

371 855 477 909 τῶν
507 854 758 925 φθαρτῶν
781 854 874 907 καί.
905 854 1229 924 σωματικῶν
1262 853 1654 924 παρελθόντων,
1690 852 1756 905 τὰ
1781 852 1946 923 νοητὰ

373 947 466 999 καὶ
493 946 718 1017 οὐράνια
746 946 1098 1016 ἐπιστήσεται
1122 964 1134 976 ’
1170 948 1257 999 ὅτε
1295 945 1390 999 καὶ
1418 945 1762 1016 ὴάσάλευτος
1790 944 1945 1013 βασι-

372 1037 489 1096 λεία
530 1037 621 1091 τοῦ
668 1037 863 1108 μηκέτι
898 1037 1365 1108 παρελευσομένου
1413 1036 1605 1099 αἰῶνος
1649 1038 1949 1106 καθηγήσε-

374 1146 495 1193 ται,
516 1129 698 1191 καινός
730 1146 789 1181 τε
831 1129 924 1185 καὶ
956 1131 1076 1193 νέος
1106 1129 1351 1200 οὐρανὸς,
1380 1130 1450 1199 γῆ
1471 1146 1530 1182 τε
1557 1128 1715 1197 καινὴ
1748 1129 1948 1196 συστή-

377 1240 526 1274 σεται
551 1221 689 1275 κατά
716 1222 805 1274 τὸν
831 1224 1078 1292 φήσαντα
1109 1224 1421 1293 προφήτην·
1452 1222 1661 1274 Ἔσται
1692 1219 1955 1289 οὐρανὸς,

376 1311 582 1377 καινὸς
622 1310 719 1364 καὶ
765 1311 803 1377 ἠ
835 1310 910 1381 γῆ
940 1310 1141 1379 καινὴ,
1196 1310 1235 1364 ἃ
1281 1311 1395 1381 ἐγὼ
1429 1307 1576 1363 ποιῶ
1613 1308 1821 1377 μένειν
1856 1307 1949 1359 ἑν-

374 1402 565 1457 ώπιόν
580 1420 719 1471 μου,
737 1401 899 1473 λέγει
914 1404 1148 1471 Κύριος.

415 1501 484 1553 Αἱ
508 1497 618 1569 γὰρ
650 1497 932 1568 δυνάμεις
962 1497 1080 1552 τῶν
1106 1498 1378 1568 οὐρανῶν
1412 1497 1917 1567 σαλευθήσονται.

411 1591 513 1657 ,Αἱ
553 1590 645 1644 τὸν
687 1592 952 1662 πρότερον
987 1592 1160 1646 αἰῶνα
1205 1592 1671 1662 διακονησάμεναιν
1693 1592 1953 1662 δυνάμεις

380 1682 439 1735 ἐν
470 1685 535 1753 τῇ
574 1684 825 1737 συστάσει
850 1684 946 1737 τοῦ
977 1684 1239 1756 προτέρου
1265 1682 1492 1754 κόσμου,
1521 1685 1632 1746 τοῖς
1671 1700 1733 1736 τε
1761 1681 1953 1753 αἰσθη-

2043 583 2169 635 caelo
2197 592 2245 635 et
2292 584 2346 634 in
2387 590 2549 634 terra.
2584 582 2758 651 Atque
2807 580 2879 634 ita
2904 619 2918 643 ,
2954 578 3395 647 corruptibilibus
3421 593 3611 649 corpu.

2044 674 2262 743 reisque
2297 675 2455 727 rebus
2494 672 2812 741 prazteritis,
2850 669 3230 724 intellectualia
3275 679 3329 723 et
3366 669 3612 724 coelestia

2046 763 2358 819 succedent.
2386 761 2541 817 Tunc
2573 763 2733 816 etiam
2772 760 3152 815 inconcussum
3211 775 3430 828 regnum
3480 774 3613 829 prm-

2045 857 2152 910 erit
2195 854 2391 910 sseculo
2442 869 2715 922 nunquam
2787 853 3113 915 transituro;
3179 865 3484 919 novumque
3549 865 3614 905 ac

2047 963 2237 1003 recens
2292 947 2509 1009 caelum,
2568 957 2817 1015 terraque
2873 944 3289 1007 novaexsistet;
3343 943 3480 997 sicut
3538 944 3617 996 ait

2050 1041 2307 1109 propheta
2335 1056 2348 1091 :
2379 1038 2579 1093 Caelum
2626 1039 2723 1091 erit
2771 1054 2959 1090 novum
2979 1075 2993 1097 ,
3041 1052 3274 1105 novaque
3321 1045 3461 1087 terra
3489 1047 3509 1085 :
3536 1044 3619 1087 at-

2047 1147 2145 1200 que
2179 1132 2288 1185 lucc
2336 1148 2427 1199 ego
2468 1146 2647 1182 coram
2699 1145 2779 1181 me
2816 1142 3117 1196 permanere
3163 1124 3447 1188 mandabo,
3491 1123 3617 1177 dicit

2049 1222 2309 1276 Dominus
2322 1222 2401 1275 .⁶².

2215 1486 2261 1518 ⁸³
2284 1484 2428 1538 Nam
2462 1486 2677 1539 virtutes
2704 1483 2954 1537 caelorum
2985 1480 3463 1537 commovebuntur.

2050 1594 2062 1605 ·
2126 1579 2256 1647 Quae
2309 1578 2475 1647 priori
2524 1573 2723 1630 saeculo
2769 1574 3149 1627 deserviebant
3188 1572 3446 1636 virtutes,
3498 1568 3624 1623 dum

2053 1671 2205 1741 prior
2236 1667 2324 1724 ille
2350 1668 2580 1722 mundus
2618 1666 2965 1728 subsisteret,
3007 1673 3061 1717 et
3089 1662 3315 1732 singulis
3346 1663 3464 1731 ejus
3499 1675 3627 1729 paro
3671 1696 3680 1713 .

380 1776 492 1837 τοῖς
542 1775 732 1846 μέρεσι
786 1774 887 1829 τοῦ
920 1776 1118 1839 παντὸς
1145 1777 1598 1845 ἐπιστατήσασαι,
1628 1774 1748 1827 τότε
1774 1774 1837 1844 δὴ
1861 1790 1957 1826 σα-

2073 1760 2537 1829 .ibuspraepositae
2576 1758 2828 1820 fuerant,
2869 1766 2995 1809 time
3050 1755 3266 1809 demum
3315 1767 3627 1808 commove-

378 1833 752 1937 λευθήσονται,
808 1866 883 1931 ὡς
932 1867 998 1921 ἂν
1060 1867 1367 1939 κρείττονος
1398 1833 1631 1936 ’τύχοιεν
1689 1833 1953 1929 στάσεως.

2073 1862 2282 1917 Μιηιιιτ,
2313 1860 2371 1906 ut
2397 1852 2673 1906 meliorem
2713 1849 3003 1904 stationem
3041 1847 3441 1901 nanciscantur.
3478 1841 3631 1897 Nunc

382 1958 533 2021 Τέως
564 1958 664 2028 μὲν
691 1959 797 2030 γὰρ
815 1958 1122 2013 δουλεύουσι
1151 1960 1407 2030 φθαρτοῖς
1441 1956 1655 2028 σώμασι
1685 1955 1959 2011 διακονού-

386 2062 562 2117 μεναι,
594 2046 733 2100 κατὰ
758 2047 814 2098 δέ
844 2048 933 2100 τὸν
967 2048 1083 2101 νέον
1117 2048 1289 2102 αἰῶνα
1314 2047 1836 2118 ἐλευθερωθήσονται
1864 2047 1959 2099 καὶ

384 2140 545 2197 αὑταὶ
589 2139 696 2192 ἀπὸ
729 2142 827 2209 τῆς
856 2138 1096 2203 δουλείας
1124 2138 1222 2209 τῆς
1254 2138 1459 2207 φθορᾶς
1499 2139 1578 2199 εἰς
1607 2136 1706 2207 τὴν
1750 2136 1962 2189 ἐλευθε-

388 2225 508 2301 ρίαν
548 2224 647 2293 τῆς
678 2224 833 2295 δόξης
858 2224 965 2277 τῶν
997 2226 1202 2278 τέκνων
1233 2225 1325 2277 τοῦ
1365 2224 1523 2282 Θεοῦ.
1566 2225 1688 2283 Ἐπὶ
1729 2224 1825 2294 μὲν
1853 2224 1959 2297 γὰρ

385 2314 480 2368 τοῦ
513 2316 777 2386 παρόντος
806 2317 1047 2380 στενάζει
1070 2318 1103 2386 ἡ
1136 2316 1310 2379 κτίσις
1332 2319 1398 2387 τῇ
1434 2316 1608 2387 φθορᾷ
1644 2316 1752 2369 τῶν
1780 2316 1964 2386 αἰσθη-

389 2406 496 2458 τῶν
533 2406 795 2476 σωμάτων
826 2407 1167 2470 δουλεύουσα,
1231 2407 1325 2460 καί¹
1372 2406 1470 2482 τὴν
1519 2406 1723 2461 οἰκείαν
1776 2406 1962 2459 στάσιν

392 2494 749 2563 φυλάττουσα,
812 2498 869 2551 ἐν
919 2491 953 2571 ᾖ
1002 2496 1336 2567 κατέστησεν
1368 2498 1536 2567 αὐτὴν
1578 2498 1606 2550 ὁ
1636 2496 1731 2550 τοῦ
1768 2496 1964 2561 παντὸς

391 2588 593 2658 Κύριος
614 2604 626 2617 ·
661 2589 783 2641 τότε
804 2589 880 2653 δὲ,
908 2589 1049 2643 κατὰ
1067 2589 1165 2660 τὴν
1199 2590 1462 2660 σωτήριον
1484 2589 1796 2657 θεοφάνειαν
1818 2589 1968 2642 ἐλευ-

391 2676 689 2747 θερωθεῖσα
712 2678 809 2748 τῆς
843 2678 937 2733 νῦν
972 2678 1231 2745 στάσεως,
1262 2679 1354 2732 ἐπὶ
1371 2680 1439 2735 τά
1467 2678 1699 2750 κρείττω
1730 2678 1969 2753 μεταϐή⁴

395 2785 566 2822 σεται.

406 2861 766 2931 Ἀρχομένων
802 2861 870 2932 δὲ
901 2864 1126 2917 τούτων
1150 2863 1442 2932 γίνεσθαι,
1486 2864 1837 2932 ἀνακύψατε
1869 2860 1970 2915 καὶ

746 2931 1001 3001 ἐπάρατε
1020 2932 1128 2996 τὰς
1143 2931 1409 3002 κεφαλὰς
1430 2934 1615 3002 ὑμῶν.

467 3024 626 3092 Λέγει
656 3024 713 3077 δὲ
740 3024 910 3077 ταῦτα
939 3024 1049 3094 (75)
1089 3025 1224 3095 πρὸς
1270 3026 1395 3089 τοὺς
1446 3024 1711 3096 μαθητὰς,
1763 3026 1858 3095 οὐχ
1897 3025 1973 3087 ὡς

399 3115 690 3185 μέλλοντας
722 3116 919 3179 αὐτοὺς
948 3115 1227 3187 ζήσεσθαι,
1270 3117 1365 3169 καὶ
1396 3116 1731 3186 παραμένειν
1767 3115 1845 3186 τῷ
1873 3115 1972 3186 βίῳ

400 3207 561 3279 μέχρι
595 3207 692 3277 τῆς
722 3207 1047 3272 συντελείας,
1101 3206 1213 3260 ἀλλ’
1249 3206 1323 3270 ὡς
1366 3206 1483 3269 ἐνὸς
1528 3206 1679 3270 ὄντος
1726 3205 1976 3276 σώματος

396 3298 577 3351 αὐτῶν
616 3315 677 3351 τε
707 3298 800 3352 καὶ
826 3298 1003 3369 ἡμῶν,
1042 3298 1149 3351 τῶν
1183 3315 1242 3351 τε
1279 3297 1417 3368 μετά
1460 3297 1633 3351 ταῦτα
1676 3298 1837 3369 μέχρι
1877 3297 1976 3366 τῆς

396 3388 705 3451 συντελείας
750 3391 829 3446 εἰς
865 3389 1025 3442 αὐτὸν
1068 3389 1529 3454 πεπιστευκότων,
1577 3390 1671 3443 καὶ
1717 3388 1782 3441 δι’
1816 3388 1976 3442 αὐτὸν

397 3479 541 3532 κατά
574 3480 662 3532 τὸν
686 3479 925 3550 παρόντα
958 3479 1067 3548 βίον
1097 3479 1606 3549 τεταπεινωμένων.
1662 3479 1795 3531 Τότε
1843 3478 1977 3547 γοῦν

395 3570 759 3634 ἀπολαϐόντες
780 3570 877 3634 τὰς
899 3570 1230 3639 ἐπαγγελίας
1262 3571 1361 3640 ἐφ’Δ
1379 3564 1465 3634 αἷς
1494 3569 1817 3641 ἠλπίζομεν,
1843 3570 1978 3623 ἁνα-

397 3661 643 3733 κύψομεν
697 3662 746 3715 οἱ
786 3662 907 3715 τότε
938 3663 1358 3731 συγκεκυφότες,
1404 3663 1509 3715 καί
1539 3660 1851 3732 ἐπαροῦμεν
1881 3660 1977 3722 τὰς

402 3755 646 3824 κεφαλάς
667 3754 824 3826 ἡμῶν
850 3755 902 3807 οἰ
929 3755 1094 3809 πάλαι
1116 3754 1590 3826 τεταπεινωμένοι.
1629 3753 1693 3806 Ἠ
1714 3752 1828 3823 γὰρ
1847 3753 1980 3806 ἀπο-

400 3846 669 3917 λύτρωσις
694 3845 851 3916 ήμῶν
883 3847 916 3915 ἡ
949 3845 1366 3916 προσδοκωμένη
1402 3844 1542 3915 αὐτὴ
1580 3843 1763 3913 ἐκείνη
1802 3843 1975 3909 ἔσται,

402 3937 471 4008 ἢν
500 3936 595 3988 καὶ⁴
624 3937 657 4005 ὴ
688 3937 835 3987 πᾶσα
850 3935 1025 3997 κτίσις
1055 3934 1327 4005 προσδοκᾷ
1340 3934 1479 3988 κατὰ
1508 3933 1605 4004 τὴν
1620 3931 1979 4003 ἀποστολικὴν

404 4024 769 4088 διδασκαλίαν,
802 4024 870 4094 ἢν
900 4022 993 4075 καὶ
1026 4023 1236 4086 Παῦλος
1261 4024 1692 4094 ἀπεκδεχόμενος
1736 4022 1979 4085 στενάζει

404 4119 525 4179 ταῖς
567 4115 851 4185 σωτηρίοις
892 4117 1094 4185 φωναῖς
1131 4114 1414 4167 δουλεύων.
1450 4115 1588 4167 Πότε
1614 4115 1670 4168 δὲ
1706 4114 1912 4183 ἐγγίζει
1943 4116 1977 4185 ἠ

406 4209 799 4281 ἀπολύτρωσις,
823 4208 1063 4280 ἀκριϐῶς
1081 4208 1318 4274 ἐδίδαξεν
1341 4206 1528 4273 εἰπὼν,
1550 4210 1632 4261 ὅτι
1657 4206 1860 4260 τούτων
1883 4208 1982 4278 ἀρ-

405 4300 648 4371 χομένων
672 4299 935 4369 γίνεσθαι.
974 4299 1066 4372 Μὴ
1108 4299 1217 4371 γάρ
1250 4299 1588 4371 ἀρχομένων,
1624 4298 1739 4354 ἀλλ’
1766 4299 1867 4369 ἤδη
1903 4301 1982 4363 εἰς

407 4393 544 4463 ἔργα
569 4391 888 4463 χωρούντων
913 4390 1021 4444 τῶν
1053 4391 1376 4462 λεγομένων,
1416 4390 1597 4443 οὐκέτι
1632 4389 1867 4459 ἐγγίζειν
1908 4391 1985 4442 εἰ·

407 4484 503 4547 κὸς
535 4482 633 4554 τὴν
651 4483 1049 4553 ἀπολύτρωσιν,
1082 4482 1195 4537 ἀλλ’
1219 4482 1400 4554 ἔργοις
1425 4482 1804 4536 ἐπιτελεῖσθαι.
1846 4482 1903 4534 'U
1927 4482 1983 4534 δὲ

407 4574 551 4638 θεῖος
592 4573 913 4637 Ἀπόστολος
935 4575 1029 4627 καὶ
1055 4573 1181 4646 ὅλης
1209 4574 1378 4643 αὐτῆς
1397 4573 1497 4643 τῆς
1530 4573 1756 4635 κτίσεως
1784 4572 1986 4625 ἀπολύ-

408 4681 610 4738 τρωσιν
639 4664 733 4717 καὶ
764 4662 1074 4733 ἐλευθερίαν
1099 4664 1220 4716 τότε
1253 4661 1580 4732 γενήσεσθαι
1612 4662 1873 4725 διδάσκει,
1903 4661 1991 4715 διὰ

408 4757 503 4810 τὸν
548 4755 805 4827 μέλλοντα
863 4756 956 4808 καὶ
1004 4755 1177 4825 αὐτῆς
1229 4754 1477 4823 γίνεσθαι
1518 4755 1612 4806 ἐπὶ
1652 4753 1713 4806 τὸ
1747 4756 1991 4824 κρεῖττον

415 4848 953 4919 μετασχηματισμόν.
1004 4846 1093 4900 Διό
1157 4862 1320 4916 φησιο
1376 4845 1485 4899 Καὶ
1541 4844 1693 4913 αὐτὴ
1727 4846 1765 4914 ἡ
1798 4845 1993 4910 κτίσις

410 4939 948 5007 ἐλευθερωθήσεται
975 4936 1093 4991 ἀπὸ
1120 4935 1232 5004 τῆς
1249 4937 1529 5001 δουλείας
1544 4934 1650 5003 τῆς
1666 4936 1891 5005 φθορᾶς
1905 4938 1991 5001 εἰς

410 5032 527 5099 τὴν
553 5032 899 5099 ἐλευθερίαν
923 5028 1034 5097 τῆς
1073 5027 1257 5096 δόξης
1286 5027 1404 5081 τῶν
1428 5027 1654 5080 τέκνων
1680 5027 1785 5081 τοῦ
1818 5026 1987 5081 Θεοῦ.

425 5123 740 5195 Ἀφθάρτων
764 5123 871 5194 γὰρ
902 5122 1156 5176 ἁπάντων
1202 5120 1293 5173 καὶ
1322 5119 1606 5173 ἀθανάτων
1642 5120 1751 5172 τῶν
1785 5119 1987 5172 τέκνων

412 5213 508 5267 τοῦ
550 5212 685 5266 Θεοῦ
736 5213 826 5267 τὸν
864 5215 981 5266 νέον
1012 5213 1347 5283 οἰκησάντων
1376 5210 1564 5273 αἰῶνα,
1610 5211 1778 5281 ἐχρῆν
1819 5209 1990 5280 δήπου

416 5305 511 5360 καὶ
549 5304 647 5376 τὴν
672 5304 846 5358 κτίσιν
888 5305 1057 5377 αὐτὴν
1086 5304 1185 5375 τὴν
1216 5304 1312 5357 νῦν
1345 5308 1411 5375 τῇ
1436 5303 1646 5374 φθαρτῇ
1689 5302 1848 5370 φύσει
1876 5302 1995 5354 δου-

415 5398 693 5465 λεύουσαν,
708 5399 787 5460 εἰς
806 5397 1077 5469 ἄφθαρτον
1105 5396 1290 5450 οὐσίαν
1316 5394 1657 5467 μεταϐαλεῖν,
1673 5395 1770 5464 τῆς
1793 5392 1997 5464 παρούλ

434 5507 536 5561 σης
584 5488 970 5552 καταστάσεως
1011 5487 1480 5560 ὲλευθερωθεῖσαν.
1506 5485 1789 5557 Εὐκαίρως
1815 5485 2003 5555 μέντοι·

416 5581 519 5654 cipe
546 5582 655 5636 Καὶ
678 5583 812 5636 τότε
844 5581 1227 5663 ὄψοπᾳεητὸν
1262 5580 1399 5634 Υἱὸν
1428 5580 1535 5633 τοῦ
1561 5576 1872 5647 ἀνθρώπου
1900 5577 1995 5644 ἐρ-

2059 1946 2202 2000 enim
2253 1942 2635 2013 corruptilibus
2688 1940 2933 1995 serviunt
2986 1938 3331 2006 corporibus,
3389 1938 3482 1991 sed
3537 1934 3629 1988 illo

2060 2035 2258 2091 saeculo
2285 2033 2703 2088 vindicabuntur
2731 2041 2787 2087 et
2815 2031 2951 2104 ipsae
2980 2045 3045 2084 ex
3074 2029 3295 2083 servitio
3325 2037 3489 2096 atque
3516 2040 3635 2080 cor-

2061 2125 2268 2194 ruptela
2299 2126 2351 2178 in
2384 2124 2687 2179 libertatem
2731 2121 2914 2191 gloriae
2945 2121 3174 2175 ﬁliorum
3209 2120 3325 2175 Dei.
3371 2118 3429 2172 ln
3494 2133 3632 2187 prae-

2062 2219 2207 2273 senti
2262 2218 2404 2272 enim
2458 2225 2707 2271 creatura
2758 2211 3066 2283 ingemiscit
3115 2211 3243 2264 dum
3296 2209 3633 2265 sensibilium

2062 2324 2347 2378 corporum
2403 2308 2569 2362 servit
2625 2304 2995 2375 corruptelae,
3035 2318 3297 2371 suamque
3342 2302 3636 2357 stationem

2065 2402 2297 2466 retinet,
2334 2401 2386 2453 in
2428 2415 2533 2470 qua
2568 2414 2687 2453 eam
2734 2412 2920 2451 rerum
2958 2395 3198 2449 omnium
3239 2388 3498 2447 Dominus
3525 2390 3637 2445 col-

2066 2493 2279 2547 locavit.
2311 2491 2462 2546 Tunc
2492 2487 3031 2545 verooin‘Servatoris
3056 2486 3148 2541 Dei
3177 2485 3641 2547 manifestatione,

2066 2600 2097 2640 a
2127 2585 2377 2655 praesenti
2406 2583 2656 2653 expedita
2686 2588 2852 2647 statu,
2896 2579 2949 2633 in
2985 2577 3265 2633 meliorem
3299 2576 3569 2632 transibit.

2114 2851 2167 2882 ⁸⁸⁷
2190 2848 2287 2903 llis
2322 2856 2492 2901 autem
2526 2845 2644 2913 ﬁeri
2671 2843 3066 2926 incipientibus,
3103 2843 3341 2913 respicite
3368 2852 3416 2897 et
3446 2842 3621 2897 levate?

2657 2925 2826 2983 capita
2866 2925 3058 2968 vestra.

2145 3011 2271 3066 litae
2298 3010 2374 3064 ait
2401 3008 2700 3078 discipulis.
2729 3020 2835 3059 non
2862 3004 3005 3074 quod
3034 3004 3167 3075 ipsis
3196 3012 3340 3058 esset
3384 3016 3552 3072 usque
3576 3003 3645 3055 a‘d

2077 3103 2258 3161 saeculi
2288 3099 2816 3156 consummationem
2852 3096 2962 3149 vita
2993 3092 3363 3164 superfutura,
3395 3092 3488 3148 sed
3518 3091 3644 3162 quia

2002 3182 2044 3241 (ἶ
2078 3196 2240 3252 iidem
2272 3194 2551 3249 nobiscum
2581 3205 2746 3244 unum
2781 3203 2977 3257 corpus
3025 3187 3410 3253 constituunt,‘
3438 3198 3647 3240 necnon

2080 3295 2340 3358 quotquot
2368 3298 2541 3355 usque
2568 3282 2635 3337 ad
2672 3278 3195 3336 consummationem
3225 3276 3443 3331 Christo
3465 3274 3649 3330 credi-

2080 3381 2183 3435 turi
2212 3387 2359 3443 sunt,
2385 3386 2547 3445 atque
2575 3372 2691 3442 ejus
2719 3385 2881 3427 causa
2906 3378 3228 3437 praesentem
3261 3367 3427 3420 vitam
3467 3365 3520 3421 in
3556 3364 3651 3419 hu-

2080 3471 2307 3525 militate
2332 3467 2653 3524 traducturi.
2683 3464 2835 3519 Tunc
2868 3463 3054 3533 igitur,
3087 3475 3147 3515 re
3175 3474 3337 3529 quam
3369 3472 3652 3528 speramus

2080 3562 2388 3631 impetrata,
2424 3558 2675 3612 tollemus
2695 3554 2882 3609 oculos
2909 3554 2999 3623 qui
3023 3552 3286 3606 hactenus
3313 3550 3460 3605 humi
3489 3546 3650 3602 defixi

2080 3659 2257 3715 erant,
2285 3658 2553 3718 caputque
2581 3646 2850 3715 erigemus
2877 3643 2969 3711 qui
2999 3642 3129 3698 olim
3157 3638 3396 3709 depressi
3425 3638 3646 3691 fuimus.

2081 3741 2208 3796 Haec
2233 3749 2315 3795 est
2347 3739 2490 3793 enim
2521 3751 2681 3806 quam
2713 3743 3091 3804 exspectamus
3114 3729 3454 3798 redemptio;
3489 3743 3651 3798 quam

2081 3833 2288 3902 reliqua
2328 3832 2491 3884 etiam
2539 3838 2789 3883 creatura
2837 3827 3015 3882 omnis
3063 3824 3450 3897 prtestolatur,
3499 3823 3653 3891 juxta

2082 3923 2435 3996 apostolicam
2483 3921 2811 3985 doctrinam,
2853 3932 2956 3988 qua
2985 3916 3185 3971 Paulus
3216 3915 3379 3970 etiam
3422 3912 3660 3969 imbutus

2083 4016 2387 4088 ingemiscit
2403 4016 2453 4046 “
2476 4012 2784 4068 Servatoris
2812 4010 3036 4065 vocibus
3056 4006 3450 4064 obsecundans.
3475 4002 3661 4071 Quan-

2082 4108 2279 4163 donam
2321 4116 2498 4160 autem
2544 4101 3035 4172 appropinquatum
3094 4098 3167 4153 sit
3204 4094 3537 4164 redemptio,
3579 4106 3661 4146 ac-

2084 4210 2269 4258 curate
2313 4201 2499 4256 docuit
2531 4198 2715 4253 dicens
2750 4213 2763 4249 :
2796 4194 2897 4249 His
2930 4194 3049 4263 ﬁeri
3096 4188 3485 4259 incipientibus.
3522 4184 3658 4240 Cum

2087 4296 2231 4352 enim
2255 4294 2365 4363 jam
2390 4292 2531 4345 dicta
2555 4304 2716 4360 opera
2749 4290 3065 4353 decurrant,
3106 4283 3253 4339 haud
3295 4280 3513 4334 videtur
3542 4291 3661 4348 pro-

2084 4386 2351 4455 pinquare
2381 4380 2703 4451 redemptio,
2738 4379 2833 4434 sed
2871 4392 3034 4448 opere
3060 4376 3177 4445 ipso
3203 4370 3486 4441 compleri.
3520 4369 3659 4438 Apo-

2092 4479 2263 4535 stolus
2287 4487 2464 4531 autem
2498 4476 2666 4528 totius
2690 4486 2906 4542 quoque
2937 4477 3200 4525 creaturae
3232 4461 3665 4532 redemptionem

2092 4586 2154 4624 ac
2182 4570 2484 4623 libertatem
2521 4577 2645 4620 tunc
2678 4563 2791 4617 fore
2822 4563 3000 4628 docet,
3033 4564 3257 4630 propter
3300 4555 3541 4610 futuram
3566 4552 3668 4607 sci-

2086 4662 2214 4716 licet
2248 4659 2365 4726 ejus
2401 4674 2616 4727 quoque
2657 4657 2710 4710 in
2748 4654 2941 4709 melius
2972 4647 3537 4705 transformationem.
3576 4642 3665 4697 ld—

2088 4755 2237 4808 circo
2269 4752 2386 4805 ait:
2424 4749 2490 4802 Et
2529 4750 2645 4818 ipsa
2683 4754 2929 4799 creatura
2966 4741 3318 4798 rindicabitur
3354 4755 3381 4792 ο
3424 4737 3683 4791 servitute

2089 4842 2448 4911 corruptionis.
2498 4842 2554 4893 in
2605 4838 2897 4891 libertatem
2945 4835 3127 4904 gloria:
3183 4832 3418 4901 ﬁliorum
3476 4826 3572 4881 Dei
3597 4826 3677 4885 “.,

2096 4932 2228 4987 Nam
2262 4946 2383 4986 cum
2425 4942 2612 4983 omnes
2660 4923 3096 4995 incorruptibiles
3130 4931 3307 4991 atque
3334 4916 3693 4974 immortales

2096 5024 2379 5089 Sam-tique
2413 5030 2467 5073 et
2514 5017 2657 5073 beati
2712 5016 2806 5070 filii
2853 5014 2949 5070 Dei
2987 5028 3184 5068 novum
3226 5010 3479 5065 saeculum
3519 5008 3669 5061 inco-

2096 5116 2226 5178 lent,
2257 5126 2387 5168 tunc
2418 5127 2552 5181 opus
2583 5112 2687 5166 erit
2717 5110 2888 5177 ipsam
2917 5120 3135 5179 quoque
3163 5102 3345 5158 mundi
3377 5099 3667 5163 fabricam,

2096 5221 2219 5275 qua:
2262 5218 2403 5259 nunc
2448 5200 2784 5270 corruptibili
2818 5206 3030 5253 natura
3062 5196 3300 5251 obnoxia
3334 5202 3440 5257 est,
3481 5190 3533 5244 in
3577 5191 3677 5243 ima

2099 5292 2382 5350 mortalem
2421 5290 2669 5346 converti
2716 5289 3081 5344 substantiam
3133 5295 3294 5352 atque
3339 5296 3367 5334 a
3414 5278 3670 5350 praesenti

2099 5386 2411 5440 conditione
2466 5381 2735 5450 expediri.
2786 5378 3130 5448 Tempestive
3182 5382 3360 5427 autem
3393 5368 3671 5424 dictioni:

2104 5478 2248 5532 Tunc
2278 5477 2518 5531 videbunt
2552 5471 2598 5525 F
2603 5474 2753 5526 ilium
2783 5471 3009 5525 hominis
3041 5468 3325 5522 venientem
3370 5464 3425 5515 in
3452 5459 3677 5513 nubibus

2102 5589 2218 5625 cum
2262 5570 2449 5640 gloria,
2487 5580 2726 5637 appones
2754 5562 2994 5619 Danielis
3029 5556 3451 5630 prophetiam",
3490 5553 3543 5607 in
3571 5567 3700 5621 qua'

490 5744 536 5776 ⁶²
564 5742 669 5797 lsa.
704 5758 827 5809 ων,
862 5742 949 5797 17.
1025 5740 1069 5772 ⁸³
1099 5740 1228 5795 Luc.
1255 5758 1366 5806 ut,
1395 5740 1483 5796 '26;
1557 5739 1602 5770 “
1628 5738 1756 5793 an.
1793 5753 1904 5801 xm,
1932 5735 1972 5788 ΞΑ

2082 5734 2126 5766 ⁶³
2169 5731 2323 5785 Rom.
2357 5741 2458 5790 vn,
2483 5724 2575 5778 ﬁt.
2652 5721 2698 5753 ‘°
2729 5720 2884 5777 Rom.
2919 5734 3035 5784 vni,
3068 5717 3160 5773 21,
3227 5714 3269 5745 ⁵⁷
3304 5713 3437 5769 Dan.
3466 5707 3705 5773 vn,13..,

496 5837 613 5912 (Ἧι)¹
644 5839 885 5909 Sequens
910 5838 1269 5908 fragmentum
1305 5839 1500 5907 partim
1531 5838 1779 5906 congruit
1809 5850 1931 5893 cum
1965 5831 2208 5903 proxime
2245 5818 2691 5897 praecedentibus.
