4116 6404
474 368 581 433 B99
1170 371 1442 431 EUSEBII
1478 373 1957 434 CAESARIENSIS
1979 376 2130 435 OPP.
2170 378 2353 436 PARS
2390 379 2475 437 HI.
2507 411 2580 422 —
2616 379 3026 437 EXEGETICA.
3617 376 3726 435 600

472 490 604 549 item
637 489 809 548 Filius
847 492 1119 561 hominis,
1155 502 1211 549 et
1237 494 1446 562 nubes,
1490 503 1545 551 et
1571 496 1755 551 datum
1786 497 1923 554 Filio
1962 500 1994 555 ll

2099 508 2126 566 ι
2156 502 2413 570 χύμενον
2451 501 2523 555 ἐν
2572 498 2796 571 νεφέλῃ
2835 495 2985 570 μετὰ
3009 496 3214 565 δόξης,
3258 494 3595 569 παραθήσεις
3623 495 3726 568 τὴν

470 583 637 639 minis
667 597 889 653 regnum
927 583 1295 653 spectabatur.
1334 585 1440 645 Sed
1470 588 1613 643 enim
1650 597 1777 643 tunc
1824 590 1998 659 quidet

2146 591 2242 646 τοῦ
2263 590 2460 663 Δανιὴλ
2497 590 2854 664 προφητείαν,
2885 589 2953 643 δι’
2977 584 3046 662 ἦς
3068 587 3162 642 καὶ
3192 589 3221 640 6
3240 587 3368 651 Υἱὸς
3390 584 3486 640 τοῦ
3517 584 3728 657 ἀνθρώες

467 689 612 731 unus
658 675 925 745 propheta
974 675 1157 731 divino
1200 675 1403 747 Spiritu
1460 679 1749 736 instinctus
1802 680 1998 736 futura:

2149 701 2274 748 που,
2314 682 2408 737 καὶ
2443 686 2476 754 ή
2504 683 2722 755 νεφέλη,
2763 681 2857 735 καὶ
2888 683 2921 752 ὴ
2948 679 3024 751 τῷ
3047 679 3141 733 τοῦ
3173 677 3458 752 ἀνθρώπου
3497 677 3726 750 δοθησο-

468 775 584 817 rem
610 762 900 831 cernebat;
947 770 1005 829 at
1029 767 1517 825 consummationis
1547 778 1789 839 tempore
1826 786 1998 826 omne:

2149 775 2285 846 μένη
2319 774 2563 845 βασιλεία
2588 774 2894 847 ὲθεωρεῖτο.
2940 770 3099 825 Ἀλλά
3126 770 3249 825 τότε
3273 772 3370 842 μὲν
3392 767 3472 836 εἷς
3510 770 3729 843 προφή-

464 862 527 908 ut
558 851 636 907 ait
668 850 927 909 Servator
952 855 1016 923 ⁸⁸,
1045 856 1305 912 videbunt
1335 872 1457 913 eum
1483 861 1786 918 venientem
1814 861 1866 917 in
1895 863 1998 918 nub

2143 883 2245 936 της
2269 864 2398 939 θείῳ
2421 866 2697 936 Πνεύματι
2727 863 3151 936 θεοφορούμενος
3192 862 3252 916 τὸ
3286 862 3476 934 μέλλον
3504 861 3727 927 ἔσεσθαι

461 957 586 1002 cum
618 944 824 1001 virtute
863 962 1053 1018 magna
1107 949 1322 1004 viviilca
1378 961 1435 1006 et
1486 953 1866 1009 illmuinatrice
1911 969 1998 1008 not

2141 960 2359 1014 ἐθεᾶτοσ
2403 958 2545 1014 κατά
2581 958 2639 1012 δὲ
2682 957 2772 1012 τὸν
2805 958 2904 1030 τῆς
2937 956 3243 1020 συντελείας
3272 958 3462 1030 καιρὸν
3498 955 3723 1022 πάντες,

462 1034 670 1104 seculi,
716 1052 949 1109 cumque
989 1040 1161 1111 gloria
1204 1056 1422 1114 magna,
1450 1044 1629 1101 Patris
1662 1044 1914 1106 videlicet
1959 1045 1998 1100 di

2140 1046 2241 1112 ὥς
2273 1065 2437 1120 φησιν
2497 1050 2526 1102 6
2560 1046 2788 1119 Σωτὴρ,
2856 1046 3024 1102 αὑτὸν
3071 1048 3289 1119 θψονται
3328 1047 3622 1120 ἐρχόμενον
3662 1049 3723 1104 ὲν

457 1128 708 1185 νὶηίιειιε.
2137 1140 2336 1214 νεφέλῃ
2365 1140 2501 1212 μετά
2529 1140 2812 1214 δυνάμεως
2836 1141 3038 1213 πολλῆς
3065 1140 3459 1214 ζωοποιητικῆς
3497 1140 3591 1193 καὶ
3611 1156 3725 1210 φω-

455 1227 707 1296 τιστικῆς
730 1226 826 1280 τοῦ
851 1227 972 1281 νέου
996 1228 1211 1296 αἰῶνος,
1240 1231 1335 1286 καὶ
1363 1233 1502 1303 μετά
1522 1233 1680 1307 δόξης
1712 1234 1933 1306 πολλῆς,
1959 1234 2056 1307 τῆς
2078 1235 2352 1307 πατρικῆς
2379 1235 2576 1308 δηλαδὴ
2599 1236 2869 1309 θεότητος.

528 1321 889 1389 Quandonam
916 1339 1044 1380 vero
1064 1325 1178 1381 haec
1209 1326 1378 1383 ﬁent?
1398 1327 1530 1384 Cum
1562 1332 1800 1401 gentium
1832 1342 1998 1403 tempc

2209 1331 2349 1385 Πότε
2399 1331 2455 1385 δὲ
2502 1332 2676 1386 ταῦτα
2727 1331 2916 1399 iam;
2954 1331 3123 1386 Ὅταν
3165 1330 3493 1403 πληρωθῶσι
3539 1333 3721 1405 καιροὶ

454 1428 516 1470 ra
551 1415 818 1487 completa
845 1417 1065 1474 fuerint.
1115 1419 1325 1476 Etenim
1354 1422 1601 1480 absoluto
1628 1427 1768 1494 quod
1811 1426 1877 1482 iis
1907 1427 1998 1483 dell

2134 1422 2327 1478 ἐθνῶν.
2362 1423 2773 1496 Περαιωθείσης
2799 1423 2908 1496 γὰρ
2934 1423 3037 1496 τῆς
3071 1423 3383 1496 ὡρισμένης
3410 1426 3522 1489 τοῖς
3541 1424 3719 1479 ἔθνεσι

450 1504 627 1569 nilum
684 1505 866 1565 fuerat
907 1518 1128 1567 aetatum
1179 1512 1375 1583 spatio,
1421 1515 1575 1583 signa
1626 1531 1998 1574 consummant

2131 1515 2492 1589 προθεσμίας,
2521 1515 2673 1570 ἔσται
2701 1519 2901 1588 σημεῖα
2919 1515 3021 1587 τῆς
3041 1516 3134 1570 τοῦ
3157 1517 3362 1588 κόσμου
3387 1517 3714 1583 συντελείας.

449 1600 638 1655 mundi
705 1606 1016 1661 exstahunt.
1072 1603 1447 1674 Cujuscemodi
1504 1621 1634 1661 vero
1682 1609 1830 1679 signa
1891 1610 1998 1664 haec

2128 1609 2356 1663 Ποταπά
2386 1609 2442 1662 δὲ
2471 1612 2691 1682 σημεῖα,
2719 1609 2799 1682 τῷ
2828 1608 3093 1679 Ματθαίῳ
3114 1610 3143 1663 6
3165 1609 3378 1673 Λουκᾶς
3400 1609 3719 1683 παρεχώρησε

447 1686 701 1746 Matthmo
761 1691 807 1723 “
860 1692 1037 1749 Lucas
1090 1696 1376 1751 dicendum
1430 1699 1696 1767 permisit.
1750 1699 1998 1770 Oportebi

2099 1717 2223 1782 ισεν
2270 1700 2523 1765 ἐξειπεῖν.
2584 1701 2784 1773 Ἐχρῆν
2832 1699 2963 1774 γὰρ,
3005 1698 3289 1772 μέλλοντος
3337 1698 3433 1754 τοῦ
3480 1701 3714 1772 μεγάλου

447 1780 615 1851 Enim,
664 1798 860 1857 magno
914 1786 1183 1858 luminari,
1239 1791 1359 1861 ipso
1411 1792 1627 1864 inquam
1675 1794 1787 1849 Deo
1829 1793 1998 1850 Verbo

2099 1780 2101 1782 ’
2132 1788 2435 1860 φωστῆρος,
2476 1789 2640 1851 αὑτοῦ
2673 1790 2731 1844 δὲ
2762 1789 2857 1843 τοῦ
2888 1789 3023 1843 Θεοῦ
3056 1789 3231 1858 Λόγου
3266 1788 3399 1860 μετά
3433 1789 3717 1861 δυνάμεως

445 1887 573 1931 cum
598 1875 795 1933 virtute
816 1878 1092 1950 gloriaque
1110 1880 1274 1937 multa
1300 1881 1529 1939 alterum
1548 1885 1832 1940 adventum
1867 1902 1998 1942 suun

2126 1879 2223 1932 καὶ
2255 1877 2412 1949 δόξης
2437 1879 2638 1951 πολλῆς
2662 1880 2761 1953 τὴν
2787 1881 3046 1953 δευτέραν
3075 1878 3242 1936 αὐτοῦ
3275 1880 3543 1935 ποιεῖσθαι
3574 1900 3716 1953 παρ-

444 1975 755 2034 ostensum,
801 1968 1119 2027 subtrahere
1158 1983 1333 2031 semet
1383 1990 1446 2032 ac
1491 1978 1693 2047 cedere
1723 1977 1912 2044 solem,
1938 1978 1998 2033 lu.

2123 1969 2312 2024 ουσίαν
2346 1970 2776 2027 ὑποστέλλεσθαι
2829 1974 2925 2028 καὶ
2985 1974 3371 2047 ὑπαναχωρεϊν
3425 1974 3519 2029 τὸν
3558 1974 3711 2047 ἥλιον

444 2069 679 2127 namque
717 2066 771 2113 et
805 2068 996 2117 caetera
1026 2061 1229 2130 sidera,
1259 2074 1320 2120 ut
1348 2065 1468 2122 loco
1504 2045 1744 2123 omnium
1783 2071 1896 2139 ipse
1928 2068 2020 2129 Fi-

438 2141 549 2201 lius
568 2143 802 2204 hominis
830 2149 1035 2220 lucens,
1066 2168 1263 2211 novum
1285 2157 1537 2212 szeculum
1567 2158 1848 2227 illuminat,
1874 2161 2021 2231 prio-

440 2247 506 2298 ro
530 2239 715 2296 mundi
738 2240 907 2313 ﬁgura
937 2255 1322 2314 praetereunte,
1348 2251 1640 2305 secundum
1664 2253 2016 2321 apostolicum

437 2331 809 2392 testimonium
843 2338 985 2406 quod
1015 2339 1135 2403 ait;
1174 2339 1420 2398 Prwlerit
1462 2345 1600 2399 enim
1647 2345 1820 2416 ﬁgura
1856 2346 2015 2417 hujus

436 2422 624 2484 mundi
647 2425 718 2480 τι.
749 2425 882 2486 Cum
909 2444 1040 2501 ergo
1054 2431 1169 2488 hac
1194 2432 1363 2502 ligura
1392 2436 1706 2504 prasteribit,
1740 2439 1898 2493 simul
1922 2441 2016 2493 ab-

434 2513 591 2580 ibunt
647 2517 729 2579 sol
778 2533 840 2574 ac
870 2519 997 2579 luna
1039 2530 1094 2578 et
1128 2523 1322 2581 stellae.
1346 2522 1801 2582 Obtenebrabitur
1831 2541 2011 2586 autem

437 2612 565 2673 tunc
618 2606 721 2675 sol,
766 2622 870 2671 non
898 2612 1039 2679 quod
1065 2628 1221 2668 suum
1247 2613 1425 2671 lumen
1462 2616 1764 2671 amissurus
1794 2618 1883 2682 sit,
1918 2620 2012 2673 sed

433 2700 839 2771 comparatione
884 2702 1107 2772 majoris
1162 2704 1501 2760 obscuratus.
1564 2706 1704 2776 Ergo
1771 2707 2010 2762 laborum

430 2791 598 2847 veluti
631 2806 853 2858 suorum
893 2794 1172 2862 praemium
1210 2798 1406 2865 capiet,
1443 2807 1498 2852 ut
1522 2799 1613 2853 fiat
1643 2801 2007 2870 septemplex;

2125 2061 2220 2115 καὶ
2251 2062 2350 2135 τὴν
2383 2062 2633 2137 σελήνην,
2668 2067 2763 2122 καὶ
2793 2067 2922 2132 τοὺς
2953 2068 3209 2141 ἀστέρας,
3246 2067 3332 2123 ἵνα
3352 2068 3473 2123 (Ξιντ)⁸
3492 2068 3713 2131 πάντων

2123 2155 2285 2220 αὐτὸς
2324 2160 2353 2211 6
2386 2157 2517 2223 Υἱὸς
2542 2158 2635 2213 τοῦ
2657 2158 2946 2232 ἀνθρώπου
2979 2161 3341 2234 καταλάμψας
3374 2161 3584 2235 φωτίσῃ
3616 2162 3712 2217 τδν

2119 2248 2241 2303 νέον
2299 2250 2490 2316 αίῶνα,
2554 2251 2650 2306 τοῦ
2710 2255 2977 2327 προτέρου
3028 2257 3304 2328 σχήματος
3353 2255 3447 2309 τοῦ
3500 2256 3709 2328 κόσμου

2122 2341 2485 2412 παρελθόντος
2513 2344 2657 2411 κατὰ
2680 2346 2780 2417 τὴν
2803 2347 3164 2419 ἀποστολικὴν
3190 2348 3569 2421 μαρτυρίαν,ῆ
3603 2367 3710 2423 φη-

2122 2452 2203 2489 σι·
2238 2434 2494 2507 Παρὰγει
2536 2438 2647 2507 γὰρ
2692 2438 2761 2492 τό
2794 2438 3005 2509 σχῆμα
3042 2440 3150 2495 τοῦ
3189 2442 3422 2511 κόσμου
3452 2443 3706 2496 τούτουτ

2121 2525 2341 2593 ἐπειδὰν
2368 2522 2461 2581 οὖν
2494 2527 2652 2583 τοῦτο
2688 2530 2948 2602 παρέλθοι
2987 2531 3047 2584 τὺ
3080 2531 3285 2604 σχῆμα,
3322 2532 3703 2605 συμπαρελεύ-

2122 2633 2276 2670 σεται
2303 2618 2452 2689 αὐτῴ
2481 2619 2574 2673 καὶ
2605 2621 2802 2690 όῆλιος
2828 2622 2922 2675 καὶ
2955 2623 2988 2693 ἡ
3026 2623 3245 2695 σελήνη,
3273 2625 3365 2678 καὶ
3387 2625 3698 2697 οίάστέρες.

2118 2708 2534 2781 Σκοτισθήσεται
2566 2710 2623 2764 δὲ
2656 2714 2684 2765 6
2715 2712 2866 2782 ἥλιος
2892 2712 3035 2777 τότε,
3071 2715 3168 2784 οὐχ
3203 2714 3343 2768 ὥστε
3375 2714 3697 2786 στερηθῆναι

2112 2801 2208 2861 τοῦ
2243 2802 2448 2855 οἰκείου
2482 2803 2679 2872 φωτὸς,
2722 2803 2857 2866 ἀλλὰ
2903 2805 3202 2877 παραθέσει
3250 2806 3345 2860 τοῦ
3390 2807 3696 2879 κρείττονος

430 2881 658 2953 ipsaque
680 2882 803 2945 luna
834 2894 892 2938 ut
915 2883 996 2939 sol
1033 2884 1170 2953 erit;
1205 2886 1374 2942 stellas
1398 2889 1627 2972 denique
1663 2890 1911 2945 eamdem
1952 2892 1998 2946 in

2116 2893 2562 2964 ἀμαυρούμενος·
2599 2894 2834 2967 ἀμοιϐῆς
2874 2897 3003 2966 γοῦν
3052 2896 3162 2951 τῶν
3217 2897 3382 2952 αὐτοῦ
3434 2899 3697 2971 καμάτων

428 2971 625 3033 melius
665 2974 1067 3048 provectionem
1097 2976 1467 3047 experientur.
1522 2971 1627 3035 Sed
1669 2990 1844 3035 tamen
1881 2991 1998 3036 tunc

2114 2983 2208 3035 καὶ
2236 2983 2396 3047 αὐτὸς
2422 2983 2692 3049 τεύξεται,
2728 2987 3113 3042 ὲπταπλασίων
3146 2989 3537 3061 γενησόμενος·
3570 2991 3605 3063 ἦ
3633 3009 3698 3045 τε

428 3062 512 3122 sol
542 3073 598 3120 et
625 3064 753 3123 luna
781 3066 1116 3133 otiabuntur,
1174 3084 1350 3140 neque
1406 3070 1544 3124 ullus
1589 3073 1695 3127 erit
1730 3073 1998 3127 stellarum

2112 3074 2308 3148 σελήνη
2343 3076 2437 3139 καὶ
2468 3077 2605 3150 αὐτὴ
2633 3077 2784 3144 ἔσται
2804 3080 2880 3143 ὠς
2906 3080 2935 3132 6
2957 3080 3107 3151 ἥλιος
3126 3098 3139 3111 ·
3179 3082 3272 3136 καὶ
3299 3085 3346 3137 οί
3380 3062 3608 3157 ἀστέρες
3634 3085 3695 3140 δὲ

427 3172 580 3226 usus,
631 3158 759 3228 quia
801 3160 912 3229 jam
971 3176 1075 3216 nox
1118 3176 1225 3217 non
1262 3164 1399 3221 erit:
1433 3165 1633 3220 etenim
1678 3166 1758 3220 lue
1790 3180 2005 3235 quoque

426 3247 713 3319 quiescent
761 3265 865 3305 una
920 3266 1042 3306 cum
1096 3252 1234 3308 ctelo
1272 3257 1531 3310 servitute
1588 3256 1843 3313 liberatae.
1914 3258 2006 3314 Sic

425 3340 591 3411 igitur
639 3356 834 3399 novum
880 3345 1135 3399 sateulum
1187 3346 1394 3415 absque
1445 3346 1577 3413 sole,
1612 3348 1734 3402 luna
1806 3349 2004 3404 stellis-

422 3448 531 3505 que
589 3433 716 3499 erit,
774 3433 993 3501 luminis
1051 3437 1224 3501 nostri
1271 3438 1358 3505 die
1399 3451 1619 3505 sanctas
1668 3444 1878 3509 animas
1934 3443 1999 3503 il-

421 3522 705 3591 lustrante.

488 3789 747 3858 Quaenam
787 3807 916 3847 vero
959 3797 1347 3863 supervéntura
1377 3796 1487 3854 sint
1516 3797 1716 3853 mundo
1752 3810 1874 3870 post
1900 3800 1997 3855 IIl-3

416 3883 704 3945 minarium
740 3884 1198 3956 obscurationem,
1242 3901 1296 3944 et
1341 3892 1715 3959 quamobrem,
1761 3901 1816 3947 et
1854 3893 1994 3948 unde

415 3991 666 4044 pressura
690 3977 928 4047 gentium
954 3990 1212 4035 eventura
1242 3983 1331 4050 sit,
1356 3983 1595 4038 declarat
1621 3999 1740 4038 mox
1768 3986 1988 4043 dicens:

414 4063 540 4127 Prw
565 4068 869 4138 confusione
899 4073 1103 4133 sortitus
1141 4074 1302 4127 maris
1342 4086 1388 4129 et
1425 4077 1678 4143 ﬂuctuum
1713 4080 1994 4133 arescenti-
2039 4142 2042 4146 λ

413 4160 508 4215 bus
536 4160 854 4221 hominibus.
893 4162 960 4217 Et
1006 4164 1135 4219 mihi
1167 4164 1380 4225 videtur
1406 4169 1603 4223 docere
1644 4169 1835 4227 futura:
1866 4183 1990 4227 tunc

412 4251 789 4308 conversionis
812 4251 1027 4317 initium
1057 4253 1172 4322 fore
1198 4255 1266 4317 ab
1290 4257 1522 4312 humida:
1547 4260 1863 4316 substantiae
1894 4262 1989 4317 de-

411 4339 576 4403 iectu.
607 4339 721 4408 Hac
743 4344 886 4397 enim
914 4344 966 4402 in
997 4343 1189 4409 primis
1215 4347 1468 4415 absorpta
1506 4348 1586 4407 vel
1615 4360 1886 4417 concreta,
1914 4352 1985 4407 ita

408 4441 476 4488 ut
514 4447 690 4504 neque
717 4436 927 4494 sonitus
949 4435 1060 4507 jam
1089 4438 1252 4493 maris
1291 4439 1629 4505 exaudiatur,
1678 4458 1852 4512 neque
1886 4442 1988 4509 ilu-

406 4531 590 4587 ctuum
624 4524 742 4592 ejus
767 4526 1062 4580 commotio
1102 4528 1172 4582 ob
1222 4528 1449 4587 nimium
1480 4541 1667 4586 :BStum
1705 4534 1817 4598 liat,
1862 4536 1987 4589 reli-

405 4627 526 4684 qua:
567 4616 752 4669 mundi
798 4627 977 4686 partes
1022 4618 1164 4673 haud
1205 4620 1409 4677 diutius
1447 4632 1704 4677 consueta
1740 4622 1983 4687 fruentes

403 4705 754 4775 vaporatione
776 4721 842 4768 ex
867 4707 1087 4769 humido
1102 4708 1374 4765 elemento
1396 4714 1611 4780 emissa,
1630 4716 1979 4774 mutationem

400 4798 922 4871 conversionemque
951 4802 1241 4871 patientur,
1277 4803 1428 4873 cujus
1459 4807 1537 4862 rei
1569 4807 1722 4879 signa
1758 4811 1808 4865 in
1843 4812 1978 4878 sole,

400 4887 524 4953 luna
574 4889 851 4971 stellisque
898 4895 1204 4953 exstabunt.
1267 4895 1402 4953 Nam
1446 4899 1527 4955 sic
1561 4900 1701 4957 facta
1742 4905 1976 4962 universi

398 4983 767 5051 perversione,
821 4986 1118 5059 mundique
1171 4993 1657 5060 consummatione,
1705 4999 1979 5054 eXteriore

398 5070 498 5137 hac
547 5071 719 5145 ﬁgura
768 5084 1129 5145 praetereunte
1191 5078 1405 5155 (priora
1455 5085 1600 5139 enim
1649 5086 1874 5146 abibunt
1921 5098 1978 5144 ut

397 5165 701 5234 posteriora
748 5169 1170 5244 subintroeant),
1215 5191 1557 5248 consequens
1596 5180 1704 5236 erit
1749 5191 1808 5237 ut
1851 5185 1978 5251 coeli

397 5271 610 5335 quoque
641 5259 990 5323 luminarium
1017 5268 1307 5335 conversio
1336 5271 1580 5339 quaedam
1603 5275 1840 5335 eveniat.

463 5527 586 5594 Haec
611 5531 666 5587 in
704 5533 811 5589 line
842 5544 1145 5608 temporum
1171 5549 1349 5605 erunt,
1384 5555 1505 5597 cum
1547 5550 1819 5614 apostasia
1850 5548 1960 5604 fiet.

2107 3164 2208 3235 τῆς
2235 3164 2426 3235 ὁμοίας
2444 3166 2723 3233 τεύξονται
2751 3169 2845 3223 ἐπὶ
2867 3171 2928 3224 τὸ
2955 3174 3203 3243 κρεῖττον
3227 3173 3545 3247 μεταϐολῆς.
3568 3175 3698 3249 Ἀρ-,

2106 3259 2263 3330 γήσει
2294 3258 2351 3311 δὲ
2379 3260 2499 3314 τότε
2525 3263 2553 3316 6
2571 3262 2720 3334 ἥλιος
2743 3263 2835 3327 καὶ
2866 3266 2899 3336 ή
2931 3265 3126 3339 σελήνη
3149 3282 3164 3298 ο
3191 3267 3306 3321 ἀλλ’
3330 3267 3449 3321 οὐδὲ
3472 3269 3690 3339 ἄστρων

2104 3365 2188 3412 τις
2220 3349 2371 3403 ἕσται
2399 3352 2518 3405 τότε
2543 3352 2720 3425 χρεία,
2755 3355 2949 3419 νυκτὸς
2973 3357 3047 3428 μὴ
3067 3356 3260 3429 οὔσης·
3285 3360 3693 3425 ἀναπαύσονται

2101 3441 2158 3494 δὲ
2182 3443 2274 3496 καὶ
2299 3443 2452 3497 αὐτοὶ
2477 3445 2932 3518 ἐλευθερωθέντες
2955 3449 3051 3503 σὺν
3076 3449 3155 3520 τῷ
3177 3450 3392 3523 οὐρανῷ
3411 3468 3425 3481 ·
3454 3451 3597 3506 οὔτω
3624 3469 3690 3506 τε

2101 3533 2260 3597 ὁνέος
2292 3532 2424 3588 αἰὼν
2454 3536 2670 3608 ἀνήλιος
2699 3537 2851 3592 ἔσται
2870 3541 2963 3593 καὶ
2982 3540 3260 3612 ἀσέληνος,
3282 3543 3376 3595 καὶ¹
3396 3542 3692 3615 ἄναστρος,

2102 3624 2315 3695 ἡμέρας
2351 3624 2444 3678 τοῦ
2472 3627 2741 3699 ἡμετέρου
2776 3630 2953 3698 φωτὸς
2982 3629 3082 3695 τὰς
3118 3631 3279 3701 ἁγίας
3310 3633 3692 3703 καταυγαζού-,

2101 3730 2201 3783 σης
2231 3713 2428 3784 ψυχάς.

2168 3807 2300 3861 Τίνα
2331 3825 2394 3877 γε
2433 3808 2539 3880 μὴν
2570 3808 2638 3864 τὰ
2668 3811 3010 3884 ἐπερχόμενα
3038 3816 3102 3886 τῇ
3137 3816 3432 3890 οἰκουμένη
3463 3817 3599 3889 μετά
3619 3817 3686 3873 τὸ

2095 3900 2223 3965 τοὺς
2259 3901 2550 3973 φωστῆρας
2586 3903 2952 3976 σκοτισθῆναι,
3003 3907 3098 3960 καὶ
3143 3906 3230 3961 διά
3256 3907 3332 3974 τί,
3388 3908 3482 3962 καὶ
3515 3909 3688 3968 πόθεν,

2095 3995 2128 4075 ή
2163 3995 2361 4065 συνοχὴ
2393 3994 2500 4049 τῶν
2532 3995 2701 4049 ἐθνῶν
2735 3997 2907 4062 ἔσται,
2944 3998 3272 4071 παρίστησιν
3306 3999 3432 4071 ἑξῆς
3468 4000 3677 4071 λέγων’

2109 4088 2205 4140 Ἐν
2249 4088 2468 4156 ἀπορίᾳ
2507 4089 2790 4159 ἡκούσης
2822 4091 3142 4159 θαλάσσης
3169 4090 3267 4145 καί
3297 4091 3497 4148 σάλου
3526 4095 3679 4150 ἀπο-

2094 4180 2417 4249 ψυχόντων
2437 4181 2781 4251 ἀνθρώπων.
2813 4184 2923 4238 Καί
2948 4202 3036 4256 μοι
3065 4184 3212 4242 δοκεῖ
3238 4185 3339 4255 τῆς
3369 4187 3492 4242 τότε
3518 4205 3678 4260 γενη-

2096 4273 2331 4345 σομένης
2366 4274 2459 4328 τοῦ
2490 4276 2691 4340 παντὸς
2721 4277 2931 4348 τροπῆς
2950 4278 3049 4349 τὴν
3076 4277 3251 4358 ἀρχὴν
3284 4278 3499 4335 ἔσεσθαι
3530 4279 3676 4335 διδά-

2096 4383 2246 4420 σκειν
2278 4367 2387 4420 ἀπὸ
2414 4368 2707 4439 ἐκλείψεως
2734 4370 2834 4442 τῆς
2869 4371 3040 4443 ὑγρᾶς
3073 4372 3283 4440 οὐσίας..
3317 4372 3530 4445 Ταύτης
3561 4374 3677 4443 γὰρ,

2022 4443 2065 4498 Ῐ)
2096 4455 2319 4529 πρώτης
2352 4460 2712 4532 ἀναποθείσης
2736 4461 2768 4534 ἢ
2793 4463 3193 4537 ἀποπαγείσης,
3217 4466 3291 4529 ὡς
3325 4443 3515 4537 μηκέτ’
3534 4461 3671 4538 ἦχον

2094 4548 2367 4623 θαλάσσης
2400 4552 2748 4618 ἀκούσεσθαι,
2781 4555 2916 4627 μηδὲ
2947 4556 3039 4610 τὸν
3070 4557 3179 4617 τῶν
3208 4560 3464 4631 κυμάτων
3498 4561 3671 4632 αὐτῆς

2092 4642 2253 4697 σάλον
2289 4644 2531 4713 γίνεσθαι
2572 4647 2637 4701 δι’
2677 4648 2887 4719 αὐχμὸν
2920 4650 3345 4723 ὑπερϐάλλοντα,
3395 4652 3467 4708 τὰ
3509 4654 3676 4710 λοιπά

2091 4735 2230 4819 μέρη
2265 4735 2359 4789 τοῦ
2401 4738 2605 4809 κόσμου
2652 4741 2848 4811 μηκέτι
2888 4741 2990 4812 τῆς
3021 4744 3283 4814 συνήθους
3323 4747 3674 4819 μεταλαμϐά-

2087 4815 2245 4881 νοντα
2276 4828 2689 4900 ἀναθυμιάσεως
2719 4833 2784 4886 έκ
2814 4833 2915 4903 τῆς
2938 4837 3110 4907 ὑγρᾶς
3137 4815 3665 4910 οὐσίας-ἀναπεμπο-

2088 4918 2274 4991 μένης,
2311 4921 2517 4993 τροπὴν
2537 4922 2631 4975 καὶ
2660 4924 2959 4997 μεταϐολὴν
2981 4928 3253 4989 πείσεται·
3286 4930 3362 4993 ὡς
3382 4931 3447 4984 ὲκ
3475 4930 3670 4985 τούτου

2084 5013 2372 5082 γενήσεται
2419 5016 2619 5084 σημεῖα
2651 5017 2710 5069 έν
2756 5016 2892 5089 ήλίῳ
2921 5020 3014 5072 καὶ
3041 5020 3260 5093 σελήνῃ,
3296 5022 3389 5075 καὶ
3423 5022 3666 5093 ἄστροις.

2098 5102 2473 5175 Ἀνακλήσεώς
2495 5123 2555 5159 τε
2576 5106 2685 5180 γὰρ
2716 5108 2810 5173 τοῦ
2833 5110 3036 5174 παντὸς
3068 5114 3387 5187 γενομένης,
3414 5116 3509 5168 καὶ
3541 5132 3667 5168 συν·-

2082 5194 2296 5259 τελείας
2342 5196 2437 5250 τοῦ
2475 5199 2702 5271 κόσμου,
2751 5203 2846 5260 καὶ
2885 5204 3224 5277 παράγοντος
3256 5206 3351 5261 τοῦ
3388 5210 3669 5281 σχήματος

2077 5287 2271 5341 τούτου
2302 5287 2396 5351 τοῦ
2427 5292 2752 5363 φαινομένου
2784 5295 3196 5367 (παρελεύσεται
3245 5300 3354 5373 γὰρ
3374 5299 3443 5353 τὰ
3469 5300 3666 5373 πρῶτα

2080 5378 2145 5439 ἵν’
2182 5380 2377 5452 ἐπιστῇ
2408 5380 2476 5435 τὰ
2508 5381 2802 5457 δεύτερα),
2844 5387 3136 5443 ἀκόλουθον
3175 5386 3244 5463 ἦν
3278 5393 3373 5447 καὶ
3403 5391 3512 5446 τῶν
3538 5394 3662 5445 κατ’

2074 5470 2301 5541 οὐρανὸν
2331 5474 2633 5546 φωστήρων
2663 5479 2871 5549 τροπήν
2899 5496 3019 5534 τινα
3039 5479 3277 5536 ἔσεσθαι.

2143 5561 2327 5617 Ταῦτα
2354 5563 2412 5617 δὲ
2443 5565 2534 5619 ἐπὶ
2564 5567 2705 5622 τέλει
2732 5570 2842 5635 τῶν
2862 5572 3070 5643 χρόνων
3095 5573 3267 5639 ἔσται,
3292 5577 3393 5648 τῆς
3411 5577 3655 5631 ἀποσταπ

395 5616 520 5678 Nam
571 5637 694 5677 cum
734 5626 1030 5697 impietatis
1069 5640 1312 5685 monstra
1359 5631 1668 5691 Servatoris
1699 5639 1963 5696 adventus

2099 5652 2193 5718 ·ἱας
2214 5616 2634 5732 ὲνεργου
2663 5616 2979 5738 Μελλούλσιης
2994 5616 3120 5740 ξάεξ
3137 5616 3325 5740 τῖτξλξ
3347 5616 3652 5742 ,θεομαχίας

459 5805 507 5849 1⁸
531 5802 718 5870 Matth.
757 5825 906 5879 xxvi,
935 5811 1025 5868 64.
1103 5815 1147 5847 ⁸³
1178 5817 1347 5875 Matth
1394 5835 1556 5894 ⁸λων,
1590 5822 1683 5880 29.
1767 5828 1813 5858 '°
1845 5828 1864 5882 l
1898 5830 2029 5888 Cor.
2063 5848 2161 5903 vit,
2212 5837 2301 5896 5i.
