4116 6380
352 390 447 448 601

1553 394 2063 453 COMMENTARIA
2101 398 2169 454 ΙΝ
2206 398 2462 455 LUCAM.

3501 416 3606 471 602

356 509 549 581 τέρατα
580 513 874 582 καταργεῖν
923 509 1024 580 τῆς
1060 510 1381 578 ἐπιφανείας
1412 511 1506 565 τοῦ
1543 514 1814 586 Σωτῆρος,
1860 516 1929 571 τὰ

2041 518 2280 587 perimet,
2332 520 2427 574 irre
2478 519 2628 575 initia
2661 520 2790 578 blnc
2828 534 3005 591 erunt,
3047 540 3111 581 ex
3158 537 3293 583 testu
3321 527 3529 585 scilicet
3551 541 3607 587 et

355 600 637 672 τῆς-ὀργῆς
666 601 923 673 προοίμια
971 603 1035 655 ἐκ
1095 600 1260 655 τῶνδε
1307 602 1551 675 ἄρξεται,
1603 608 1662 671 ἐξ
1702 607 1926 678 αὐχμῶν

347 692 542 763 δηλαδὴ
588 692 681 745 καὶ
725 692 959 763 ἀπορίας
1013 693 1147 763 ἡχου
1186 692 1491 766 θαλάσσης·
1538 688 1598 749 οὗ
1632 698 1926 769 γενομένου

348 783 775 854 ἐπακολουθήσει
803 785 999 856 συνοχὴ
1019 784 1126 838 τῶν
1155 786 1247 838 ἐπὶ
1270 787 1373 857 γῆς
1405 787 1594 853 ἐθνῶν,
1622 790 1929 861 ἀποψυχόν-

344 891 453 928 των
480 874 782 947 ὰνθρώπων
810 877 916 930 ἀπὸ
948 876 1113 947 φόϐου
1149 877 1243 930 καὶ
1276 879 1601 950 προσδοκίας
1628 883 1736 937 τῶν
1763 884 1929 955 ἐπερ-

346 964 589 1036 χομένων
615 968 680 1037 τῇ
703 968 1014 1042 οἰκουμένῃ.
1046 968 1178 1022 Τίνα
1206 969 1263 1022 δὲ
1286 970 1354 1022 τὰ
1376 972 1735 1044 ἐπερχόμενα,
1762 975 1933 1045 ἑρμη-

343 1056 486 1110 νεύει
547 1060 829 1113 συνάπτων
878 1060 1005 1132 ἑξῆς
1043 1061 1135 1114 καὶ
1204 1060 1408 1131 λέγων·
1461 1068 1529 1118 Al
1591 1065 1701 1135 γὰρ
1752 1065 1933 1119 δυνά-

334 1166 468 1219 μεις
540 1148 660 1205 τῶν
720 1152 989 1221 οὐρανῶν
1042 1153 1560 1221 σαλευθήσονται·
1625 1157 1719 1210 τοῦ
1798 1157 1929 1211 Υἱοῦ

349 1243 433 1299 τοῦ
492 1242 629 1297 Θεοῦ
688 1244 827 1315 μετὰ
875 1245 1033 1317 δόξης
1070 1247 1519 1319 ὲπιστησομένου,
1562 1248 1657 1301 καὶ
1700 1248 1799 1320 τὴν
1835 1266 1932 1320 με-

2034 612 2227 667 marini
2256 614 2463 669 sonitus
2497 616 2821 672 cessatione.
2855 618 2971 685 Quo
2998 619 3156 687 facto,
3187 636 3436 690 pressura
3472 638 3606 692 gen-

2038 706 2167 759 tium
2212 720 2309 777 per
2335 708 2520 762 orbem
2565 708 2685 777 erit,
2721 712 3093 767 arescentibus
3133 714 3443 769 hominibus
3496 730 3607 783 prae

2036 797 2229 851 timore
2285 806 2339 853 et
2386 813 2573 852 eorum
2623 805 3021 872 exspectatione
3062 819 3181 874 qua:
3230 806 3430 861 mundo
3482 817 3607 861 sunt

2035 896 2316 940 eventura.
2359 886 2614 955 Quisnam
2648 906 2776 946 vero
2803 893 2913 947 lucc
2945 892 3073 958 sint,
3108 894 3184 948 ait
3214 910 3336 949 mox
3377 909 3608 966 pergens

2039 977 2219 1032 dicere
2267 994 2280 1029 :
2323 976 2458 1033 Nam
2518 981 2745 1038 virtutes
2780 983 3038 1038 caelorum
3076 987 3606 1043 commovebuntur:

2038 1065 2174 1121 Filio
2198 1068 2288 1122 Dei
2318 1070 2525 1125 scilicet
2559 1087 2679 1127 cum
2720 1073 2887 1143 gloria
2919 1075 3259 1140 adventante,
3291 1076 3609 1148 superbam-

2038 1174 2143 1228 que
2169 1158 2261 1215 lilii
2280 1159 2448 1231 culpae
2481 1164 2817 1232 tyrannidem
2836 1164 3060 1235 jamjam
3082 1182 3364 1234 eversuro,
3383 1169 3612 1226 coelesti-

2036 1250 2138 1305 bus
2172 1267 2292 1307 eum
2323 1256 2605 1311 ordinibus
2638 1258 3045 1314 comitantibus.

346 1339 616 1411 γάλαυχον
636 1341 927 1414 τυραννίδα
946 1340 1041 1396 τοῦ
1065 1341 1181 1397 υἱοῦ
1208 1343 1307 1414 τῆς
1368 1342 1641 1416 ἁμαρτίας
1701 1347 1998 1416 καταργεῖν
2040 1346 2345 1417 μέλλοντος,
2384 1350 2493 1403 τῶν
2523 1368 2580 1404 τε
2625 1351 3031 1427 ὑπερουρανίων
3065 1354 3358 1425 ταγμάτων
3386 1354 3613 1427 δορυφο-

347 1432 602 1507 ρούντων.

342 1527 451 1584 Καὶ
491 1521 623 1598 εἷπε
670 1525 1021 1598 παραϐολὴν
1063 1528 1285 1595 αὐτοῖς·
1321 1529 1500 1583 Ἴδετε
1534 1530 1650 1597 τὴν
1701 1530 1926 1598 συκῆν,

410 1614 464 1650 κ.
502 1613 551 1650 τ.
574 1596 623 1650 λ.
655 1597 818 1651 Οὕτω
849 1598 947 1652 καὶ
974 1598 1145 1669 ὑμεῖς
1176 1599 1323 1654 ὅταν
1356 1600 1521 1669 ἴδητε
1554 1596 1742 1655 ταῦτα
1768 1596 1925 1672 γινό-

406 1683 583 1737 μενα,
607 1684 661 1721 κ.
681 1685 731 1721 τ.
747 1666 797 1729 λ.

412 1759 552 1811 Ποῖα
579 1757 752 1813 ταῦτα
783 1758 1045 1830 γινόμενα
1076 1759 1192 1814 ἀλλ’
1223 1760 1257 1832 ἢ
1290 1760 1360 1815 τὰ
1382 1762 1790 1834 προλεγόμενα;
1830 1763 1932 1815 Ἰε-

2103 1531 2147 1562 ⁷¹
2174 1530 2420 1605 Di:r_.itque
2442 1534 2518 1586 eis
2536 1533 2860 1601 parabolam.
2893 1535 3077 1591 Videte
3100 1536 3402 1605 ﬁculneam,
3432 1547 3540 1594 etc.

2247 1598 2345 1657 Ita'
2371 1612 2418 1657 et
2450 1598 2543 1658 vos
2563 1618 2681 1657 cum
2714 1606 2944 1660 videritis
2970 1607 3080 1661 haec
3100 1598 3244 1676 'ﬁeri,
3270 1616 3373 1663 etc.

2110 1760 2369 1830 Quantam
2429 1776 2560 1817 vero
2614 1760 2755 1818 facta
2809 1761 3095 1831 intelligit?
3138 1762 3510 1845 Hierosolyma
3546 1765 3616 1821 ab

345 1850 626 1924 ρουσαλὴμ
651 1851 999 1923 πατουμένην
1042 1852 1148 1907 ὑπὸ
1189 1852 1379 1919 ἐθνῶν,
1406 1854 1504 1925 τὴν
1539 1854 1932 1926 συμπλήρωσιν

2041 1851 2266 1907 ethnicis
2321 1851 2672 1917 conculcata,
2730 1861 2977 1923 tempora
3029 1855 3270 1925 gentium
3320 1856 3614 1925 completa,

339 1943 449 1997 τῶν
479 1943 687 2015 καιρῶν
718 1942 826 1997 τῶν
859 1943 1048 2010 ἐθνῶν,
1101 1946 1229 2009 τοὺς
1271 1944 1371 2017 τῆς
1412 1946 1746 2008 ἀποστασίας
1803 1945 1929 2017 χρό-

341 2051 488 2098 νους,
527 2034 597 2088 τὰ
628 2036 686 2089 ἐν
715 2037 826 2099 τοῖς
868 2036 1154 2107 φωστῆρσι
1187 2037 1281 2090 καὶ
1319 2040 1430 2100 τοῖς
1455 2038 1676 2109 ἄστροις
1705 2038 1928 2107 σημεῖα,

339 2126 439 2198 τὴν
489 2125 583 2179 ἐπὶ
626 2129 731 2198 γῆς
774 2126 1005 2198 συνοχὴν
1049 2126 1158 2181 τῶν
1188 2128 1380 2193 ἐθνῶν,
1416 2129 1515 2199 τὴν
1547 2128 1788 2198 ἔκλειψιν
1835 2128 1932 2181 καὶ

340 2218 579 2289 ἀπορίαν
624 2218 718 2273 τοῦ
759 2220 891 2291 ήχου
922 2220 1017 2273 τοῦ
1049 2220 1214 2274 σάλου
1260 2221 1361 2291 τῆς
1390 2220 1687 2289 θαλάσσης.
1722 2218 1929 2284 Ταῦτα,

338 2311 529 2379 φησὶν,
583 2310 796 2365 ἅπαντα
831 2312 959 2365 ὅταν
999 2310 1151 2382 ἴδητε
1194 2311 1477 2381 γινόμενα,
1518 2309 1815 2380 γινώσκετε
1849 2310 1931 2365 ὅτι

336 2402 435 2455 ἐπὶ
483 2400 679 2475 θύραις
723 2402 871 2456 ἐστὶν
903 2404 937 2475 ὴ
970 2402 1217 2474 βασιλεία
1259 2402 1355 2457 τοῦ
1390 2402 1550 2467 Θεοῦ,
1602 2402 1766 2474 ἑτέρα
1798 2398 1932 2456 οὖσα

339 2494 496 2565 παρὰ
534 2494 605 2547 τὰ
630 2494 1014 2567 προλεχθέντα.
1051 2495 1133 2548 Τὰ
1169 2495 1268 2566 μὲν
1295 2495 1404 2567 γὰρ
1438 2495 1698 2567 προοίμια
1734 2491 1802 2567 ἦν
1838 2495 1935 2549 καὶ

344 2584 646 2656 μελλόντων
675 2585 895 2655 ἀγαθῶν
924 2588 1145 2657 σημεῖα,
1170 2587 1246 2650 ὡς
1268 2587 1362 2640 καὶ
1393 2587 1443 2640 οἱ
1460 2590 1559 2658 τῆς
1588 2586 1761 2657 συκῆς
1790 2588 1934 2640 ἁπα-

340 2675 425 2730 λοὶ
449 2676 637 2731 κλάδοι
658 2678 754 2731 καὶ
783 2678 852 2731 τὰ
880 2677 1055 2747 φύλλα
1085 2680 1285 2749 σημεῖα
1307 2677 1400 2732 τοῦ
1431 2679 1717 2750 μέλλοντος
1739 2677 1933 2749 θέρους

342 2772 443 2841 τῆς
465 2787 525 2823 τε
561 2769 670 2824 τῶν
709 2770 913 2824 λοιπῶν
944 2770 1126 2841 φυτῶν
1158 2770 1254 2824 καὶ
1286 2770 1618 2843 σπερμάτων
1650 2787 1934 2842 καρποφο-

349 2862 502 2934 ρίας·
543 2862 613 2917 τὰ
643 2861 699 2916 δὲ
719 2862 813 2916 τοῦ
848 2862 1132 2934 μέλλοντος
1152 2864 1247 2916 καὶ
1266 2862 1368 2933 τῆς
1400 2864 1461 2916 ἐν
1492 2863 1641 2935 αὐτῷ
1674 2880 1937 2934 συστησο-

349 2953 520 3026 μένης
574 2953 852 3024 βασιλείας
891 2954 1135 3027 οὐρανῶν
1184 2954 1446 3027 προοίμια
1490 2956 1585 3009 καὶ
1622 2958 1822 3027 σημεῖα
1864 2956 1935 3011 τὰ

347 3043 715 3115 προλεχθέντα
745 3040 834 3117 ἦν.
866 3045 1015 3117 Αὕτη
1043 3045 1101 3099 δὲ
1133 3048 1166 3117 ἡ
1197 3045 1442 3116 βασιλεία
1478 3047 1572 3100 καῖ¹
1603 3047 1673 3101 τὰ
1702 3049 1759 3101 ἐν
1794 3048 1931 3121 αὐτῇ

346 3136 531 3190 οὐκέτι
568 3136 713 3210 λόγῳ
744 3138 1074 3211 παραδοτέα,
1109 3139 1233 3193 οὐδὲ
1261 3138 1472 3210 θνητῶν
1496 3141 1688 3203 ἀκοαῖς
1716 3139 1928 3193 λεκτέα.

348 3227 551 3300 Διόπερ
590 3202 1005 3302 ἀποσιωπητέον
1034 3202 1231 3285 ταῦτα.
1295 3202 1633 3301 ’ὀφθαλμὸς
1676 3232 1788 3302 γὰρ
1825 3234 1937 3286 οὐκ
1965 3202 2007 3263 C‘

348 3316 493 3388 εἶδε,
515 3321 615 3375 καὶ
639 3318 750 3388 οὖς
776 3325 888 3378 οὐκ
910 3323 1162 3393 ἤκουσε,
1187 3323 1287 3378 καὶ
1308 3324 1407 3377 ἐπὶ
1435 3324 1687 3395 καρδίαν
1713 3324 1938 3394 ἀνθρώ-

350 3428 474 3468 που
526 3416 639 3468 οὐκ
686 3414 867 3483 ἀνέϐη
903 3413 1021 3469 ὅσα
1056 3414 1390 3485 ἡτοίμασεν
1412 3418 1444 3470 ό
1475 3414 1618 3481 Θεὸς
1650 3416 1775 3482 τοῖς
1800 3417 1941 3486 ἀγα-

351 3503 552 3560 πῶσιν
591 3509 797 3561 αὐτόν.
824 3506 972 3580 Πλὴν
998 3506 1187 3579 ὥσπερ
1226 3506 1368 3560 κατὰ
1399 3506 1490 3560 τὸν
1525 3507 1795 3561 ἐνεστῶτα
1827 3506 1939 3574 βίον

348 3596 501 3668 ἥλιος
522 3598 658 3669 μετὰ
684 3598 993 3670 χειμερίους
1021 3598 1228 3673 τροπὰς
1257 3598 1416 3669 ἔαρος
1445 3598 1797 3667 ἐνισταμένου
1819 3598 1937 3669 θερ⁹

352 3689 460 3761 μὴν
486 3691 681 3744 ἀκτῖνα
706 3690 935 3761 βάλλων,
957 3690 1027 3744 τὰ
1051 3692 1156 3744 ὑπὸ
1177 3692 1279 3762 γῆν
1305 3691 1659 3763 κρυπτόμενα
1683 3689 1938 3754 ζωοποιεῖ

352 3779 666 3851 σπέρματα,
692 3779 787 3832 τοῦ
813 3781 1079 3853 προτέρου
1107 3780 1476 3851 μεταϐαλόντα
1497 3781 1790 3851 σχήματος,
1817 3798 1937 3834 νεα-

354 3870 423 3944 ρὰ
451 3871 509 3923 δὲ
528 3870 650 3941 φύει
670 3871 765 3923 καὶ
781 3871 1024 3942 τέθηλεν,
1056 3872 1261 3943 ὼραίαν
1288 3872 1381 3925 καὶ⁸
1412 3872 1683 3943 πολυανθῆ
1710 3874 1807 3944 τὴν
1828 3871 1937 3927 τῶν

352 3963 481 4035 ἄρτι
511 3962 754 4033 φυέντων
785 3962 1020 4035 βλάστην
1054 3963 1435 4035 παρεχόμενα·
1479 3963 1623 4018 κατὰ
1649 3963 1739 4017 τὸν
1778 3964 1939 4017 αὐτὸν

350 4055 554 4127 τρόπον
583 4057 677 4109 καὶ
711 4056 745 4126 ἡ
773 4054 979 4119 ἔνδοξος
1012 4055 1106 4108 τοῦ
1138 4055 1475 4123 Μονογενοῦς
1504 4054 1599 4109 τοῦ
1633 4056 1767 4109 Θεοῦ
1816 4057 1943 4127 ἄφι-

358 4148 463 4215 ξις,
496 4148 671 4218 φωτὸς
706 4148 991 4217 ζωογόνοις
1016 4149 1197 4201 ἀκτῖσι
1246 4148 1336 4203 τὸν
1374 4148 1492 4203 νέον
1534 4148 1706 4203 αἰῶνα
1739 4164 1945 4204 καταυ-

353 4240 594 4307 γάσασα,
624 4239 693 4293 τὰ
726 4238 1144 4311 ἀποκρυφθέντα
1174 4238 1342 4291 πάλαι
1362 4237 1501 4292 κατὰ
1522 4238 1614 4291 τὸν
1631 4238 1940 4310 ἔμπροσθεν

352 4334 549 4399 αἰῶνα,
585 4334 679 4387 κοι)⁸
708 4342 764 4385 εν
792 4331 870 4403 τῷ
896 4331 1059 4385 παντὶ
1090 4330 1278 4403 κόσμῳ
1294 4330 1747 4385 διασκεδασθέντα
1774 4330 1944 4401 σπέρερ

359 4442 528 4496 ματα,
560 4424 805 4478 τουτέστι
841 4424 966 4486 τοὺς
1007 4424 1062 4476 ἐν
1098 4423 1201 4493 γῆς
1229 4420 1444 4493 χώματι
1483 4422 1939 4493 κεκοιμημένους,

2036 1944 2320 2015 apostasia:
2365 1954 2604 2009 aetatem,
2644 1945 2697 1999 in
2736 1944 2847 2000 sole
2882 1944 3159 2015 stellisque
3188 1945 3365 2017 signa,
3396 1946 3450 2002 in
3484 1946 3618 2003 orbe

2033 2050 2340 2107 pressuram
2387 2036 2646 2106 gentium,
2694 2036 2964 2091 defectum
3018 2039 3364 2108 quietemque
3403 2039 3617 2094 sonitus

2032 2127 2332 2197 ﬂuctusque
2357 2128 2577 2183 marini.
2610 2127 2756 2193 Ilaec,
2798 2128 2993 2199 inquit,
3024 2131 3206 2184 omnia
3242 2145 3364 2185 cum
3397 2130 3513 2185 ﬁeri
3537 2131 3620 2185 vi-

2033 2218 2245 2285 deritis,
2285 2225 2401 2273 tum
2449 2219 2665 2274 demum
2710 2219 2900 2275 adesse
2947 2220 2999 2274 in
3029 2220 3236 2275 foribus
3272 2236 3495 2292 regnum
3521 2222 3618 2278 Dei

2033 2310 2263 2378 scitote;
2311 2318 2365 2365 et
2395 2310 2613 2380 quidem
2654 2325 2685 2365 a
2723 2311 2884 2366 dictis
2916 2313 3078 2368 rebus
3114 2313 3271 2383 plane
3317 2314 3615 2370 diversum.

2034 2402 2127 2458 llla
2164 2405 2310 2458 enim
2362 2403 2667 2461 futurorum
2712 2404 2977 2462 bonorum
3027 2408 3245 2463 exordia
3294 2407 3517 2465 fuerunt
3560 2416 3618 2465 et

2036 2496 2275 2564 indicia;
2314 2496 2472 2553 sicuti
2511 2498 2682 2553 teneri
2733 2498 2872 2554 ﬁcus
2914 2501 3049 2554 rami
3100 2509 3154 2557 et
3188 2500 3338 2570 folia,
3376 2510 3655 2560 ventumi

2036 2592 2243 2645 astatis
2272 2590 2425 2661 signa
2451 2600 2598 2657 sunt,
2624 2600 2680 2646 et
2702 2602 3021 2645 camerarum
3044 2590 3297 2648 arborum
3326 2594 3621 2649 seminum-

2033 2696 2140 2752 que
2167 2682 2403 2737 l'ruclum
2428 2683 2776 2752 portendunt.
2807 2681 2997 2738 Futuri
3020 2692 3198 2738 autem
3223 2685 3429 2751 saeculi,
3455 2695 3621 2755 atque

2035 2771 2091 2827 in
2139 2787 2205 2828 eo
2245 2772 2611 2827 constituendi
2657 2772 2917 2829 caelorum
2968 2775 3119 2845 regni
3152 2776 3415 2845 prooemia
3457 2787 3621 2846 atque

2036 2864 2234 2920 indicia
2269 2864 2358 2919 illa
2397 2865 2638 2920 fuerunt.
2680 2865 2734 2920 ιιι
2772 2880 2905 2920 vero
2934 2880 3187 2934 regnum,
3215 2867 3442 2937 ejusque
3479 2870 3623 2926 bona

2037 2954 2180 3011 haud
2215 2956 2327 3026 jam
2363 2970 2616 3013 sermone
2662 2957 2800 3013 tradi
2845 2967 3070 3028 queunt,
3108 2974 3283 3030 neque
3316 2962 3383 3015 ad
3420 2970 3628 3016 morta-

2038 3048 2167 3102 lium
2196 3063 2358 3104 aures
2385 3049 2693 3120 prazdicari.
2738 3048 3103 3116 Quamobrem
3158 3054 3225 3108 de
3256 3053 3340 3108 bis
3384 3053 3626 3108 reticen-

2039 3139 2164 3193 dum
2190 3147 2292 3194 est.
2327 3136 2511 3209 Neque
2536 3139 2675 3192 enim
2705 3128 2889 3193 oculus
2917 3140 3067 3207 vidit,
3099 3156 3260 3211 neque
3285 3140 3432 3193 auris
3462 3140 3623 3199 audi.

2042 3232 2133 3299 vit,
2178 3248 2339 3301 neque
2383 3232 2440 3284 in
2473 3248 2563 3286 cor
2603 3232 2829 3285 hominis
2868 3233 3126 3298 ascendit,
3157 3248 3276 3303 qua:
3304 3234 3625 3303 praeparauit

2043 3323 2183 3377 Deus
2206 3324 2539 3393 diligentibus
2561 3340 2678 3377 eum
2698 3324 2766 3376 τ’.
2802 3321 3185 3378 Verumtamen
3215 3324 3372 3379 sicuti
3406 3325 3458 3378 in
3487 3340 3627 3395 prte-

2044 3414 2185 3469 senti
2221 3427 2401 3469 rerum
2446 3422 2589 3468 statu
2622 3412 2703 3469 sol
2743 3422 2868 3482 post
2904 3413 3163 3467 hibernas
3216 3415 3622 3481 conversiones,

2043 3520 2173 3559 vere
2215 3505 2472 3572 instante,
2511 3504 2864 3560 calidioribus
2906 3504 3069 3558 radiis
3105 3505 3341 3571 emissis,
3398 3505 3625 3562 latentia

2042 3596 2143 3649 sub
2171 3596 2286 3649 solo
2316 3595 2523 3649 semina
2556 3595 2813 3658 viviﬁcat,
2845 3610 2964 3664 qua:
3000 3594 3181 3662 priore
3218 3593 3392 3662 ﬁgura
3422 3594 3624 3663 posita,

2044 3684 2257 3739 novella
2291 3695 2626 3740 enascuntur
2676 3699 2741 3738 ac
2786 3683 3067 3752 pullulant,
3133 3683 3526 3755 pulchrumque
3570 3692 3627 3740 et

2042 3776 2293 3831 ﬂoridum
2350 3776 2587 3833 recentis
2640 3785 2850 3832 natura:
2898 3793 3120 3847 germen
3171 3778 3498 3843 ostendunt;
3548 3778 3625 3834 ita

2046 3870 2314 3938 gloriosus
2344 3867 2619 3939 Unigeniti
2649 3870 2913 3923 adventus
2955 3868 3152 3924 viviﬁci
3199 3868 3417 3924 luminis
3461 3868 3627 3939 gadiis

2047 3885 2314 3938 gloriosus
2350 3885 2618 3939 unigentu
2649 3885 2913 3923 adventus
2955 3885 3152 3924 vmnct
3199 3885 3417 3924 tumuns
3490 3885 3624 3925 auus

2047 3977 2248 4018 novum
2297 3962 2554 4019 saeculum
2606 3961 2907 4027 illustrans,
2936 3962 3142 4017 occulta
3191 3963 3319 4019 olim
3358 3885 3539 4034 prijre
3571 3964 3624 4018 in

2049 4055 2248 4110 sarculo
2280 4065 2441 4125 atque
2466 4055 2599 4109 orbe
2628 4055 2882 4110 universo
2918 4055 3158 4125 dispersa
3192 4058 3422 4120 semina,
3457 4056 3507 4111 id
3544 4066 3628 4113 est

2052 4146 2301 4203 homines
2345 4147 2401 4203 in
2453 4156 2615 4202 terrae
2679 4150 2942 4219 sepulcris
2988 4150 3254 4213 conditos,
3314 4148 3631 4204 melioribus

2047 4253 2210 4309 quam
2238 4248 2398 4293 antea
2439 4240 2760 4310 corporibus
2792 4240 3073 4310 formaque
3103 4238 3415 4309 augustiore
3454 4240 3627 4294 dona-

2048 4342 2154 4397 tos,
2199 4333 2253 4387 in
2298 4332 2473 4387 lucem
2501 4333 2709 4387 emittet
2744 4351 2757 4388 :
2797 4333 3058 4403 pulsaque
3108 4341 3303 4397 morte,
3329 4331 3444 4401 ipsa
3473 4330 3628 4386 dein-

2049 4436 2178 4489 ceps
2202 4421 2309 4475 vita
2341 4422 2464 4476 novi
2488 4422 2665 4476 saeculi
2693 4421 2977 4490 imperium
3008 4421 3230 4475 tenebit.

359 4492 633 4591 κρείττοσι
669 4518 914 4590 σώμασιν
948 4519 980 4591 ἣ
1020 4492 1255 4572 κατὰτὰ
1283 4518 1547 4589 πρότερον
1587 4517 1855 4589 θειότερόν
1887 4534 1947 4570 τε
1998 4518 2595 4589 μετεσχηματισμένοις
2651 4518 2731 4580 εἰς
2764 4515 2880 4586 φῶς
2914 4492 3171 4588 προάξει·
3213 4516 3308 4569 καὶ
3349 4515 3444 4569 τοῦ
3475 4516 3632 4571 θανάρ

358 4629 452 4669 του
498 4613 957 4685 καταργηθέντος,
1012 4614 1151 4685 αύτὴ
1191 4613 1378 4667 λοιπὸν
1414 4615 1448 4684 ἠ
1492 4613 1606 4687 ζωὴ
1637 4613 1941 4685 βασιλεύσει
1978 4613 2074 4667 τοῦ
2110 4614 2231 4668 νέου
2260 4614 2475 4677 αἰῶνος.

657 4710 739 4762 Οὺ
762 4708 849 4779 μὴ
884 4708 1150 4778 παρέλθῃ
1176 4710 1215 4777 ἡ
1252 4711 1426 4777 γενεὰ
1462 4709 1636 4779 αὕτη.

434 4799 571 4854 Ποία
600 4799 763 4870 γενεὰ
800 4799 914 4859 ἀλλ’
949 4803 982 4873 ἡ
1039 4800 1199 4872 καινὴ
1240 4802 1336 4855 καὶ
1377 4801 1499 4865 νέα,
1527 4782 1596 4873 ἢν
1627 4803 1789 4866 αὐτὸς
1820 4819 1946 4856 συν-

362 4894 656 4963 εστήσατο;
686 4892 814 4967 περὶ
834 4886 900 4965 ἧς
928 4895 985 4946 ἐν
1014 4894 1372 4965 προφητείαις
1405 4894 1588 4966 εἴρητο
1606 4913 1619 4926 ·
1654 4895 1948 4965 Γραφήτω

364 4983 514 5051 αὕτη
549 4984 657 5056 (74)
674 4988 761 5058 εἰς
787 4984 1000 5055 γενεὰν
1015 4984 1245 5053 ἑτέραν,
1261 4986 1359 5039 καὶ
1386 4986 1536 5053 λαὸς
1553 4990 1585 5041 ό
1607 4986 1947 5056 κτιζόμενος

365 5079 596 5132 αἰνέσει
622 5082 727 5135 τὸν
764 5082 1014 5153 Κύριον·
1062 5081 1156 5133 καὶ
1196 5079 1393 5133 πάλιν·
1449 5078 1951 5149 Ἀναγγελήσεται

365 5170 450 5236 τῷ
472 5172 663 5240 Κυρίῳ
690 5171 866 5243 γενεὰ
888 5172 927 5240 ἡ
956 5170 1270 5242 ἐρχομένη.
1306 5170 1505 5242 Διόπερ
1544 5169 1829 5233 δεικτικῶς
1871 5171 1951 5234 εἰς

366 5262 494 5326 τοὺς
525 5263 853 5325 ἀποστόλους
881 5262 1067 5327 αὑτοῦ,
1092 5262 1184 5316 καὶ
1207 5261 1305 5333 τὴν
1338 5259 1396 5326 ἐξ
1420 5259 1599 5313 αὐτῶν
1622 5258 1717 5313 καὶ
1748 5260 1814 5313 δι’
1844 5261 1945 5314 αὺ-

365 5353 477 5408 τῶν
508 5356 626 5408 καθ’
659 5355 785 5426 ὅλης
811 5358 910 5427 τῆς
940 5356 1262 5427 οἰκουμένης
1306 5351 1711 5423 συστησομένην
1755 5351 1947 5423 καινὴν

366 5447 561 5515 γενεὰν
586 5448 686 5518 τῆς
714 5448 874 5516 ἁγίας
912 5447 1235 5519 Ἐκκλησίας
1262 5445 1425 5499 αὐτοῦ
1450 5444 1691 5516 ἀφορῶν,
1722 5443 1905 5513 ἔλεγεν
1926 5463 1939 5475 ·

378 5540 463 5594 Οὑ
483 5541 570 5612 μὴ
603 5541 873 5620 παρέλθῃ
910 5542 949 5609 ἡ
982 5540 1158 5613 γενεὰ
1180 5540 1354 5608 αὕτη,
1382 5539 1493 5605 ἕως
1515 5538 1591 5592 ἂν
1624 5535 1819 5591 πάντα
1858 5538 1951 5609 γέ-

2322 4710 2369 4741 ⁷²
2389 4709 2513 4764 Non
2540 4709 2825 4778 praeteribit
2852 4707 3116 4779 generatio
3149 4706 3281 4760 hac.

2123 4803 2381 4871 Quaenam
2442 4811 2526 4857 est
2582 4802 2700 4857 haec
2752 4801 3054 4871 generatio,
3103 4801 3207 4855 nisi
3239 4814 3378 4854 nova
3422 4800 3509 4855 illa
3546 4816 3633 4855 re-

2047 4912 2282 4967 censque
2338 4898 2405 4950 ab
2438 4910 2504 4949 eo
2537 4896 2864 4951 constituta?
2898 4894 2963 4949 de
3002 4909 3105 4963 qua
3150 4894 3203 4947 in
3239 4893 3511 4947 vaticiniis
3551 4892 3634 4947 di-

2053 4997 2198 5043 ctum
2233 4994 2318 5042 est
2349 5005 2362 5041 :
2398 4986 2821 5043 Scribaturha’c
2864 4986 2918 5039 in
2964 4986 3299 5056 generatione
3350 4985 3538 5046 altera,
3584 4992 3634 5038 et

2051 5078 2273 5150 papulas
2328 5081 2416 5150 qui
2461 5090 2672 5133 creatur
2709 5078 2947 5132 laudabit
2981 5075 3364 5143 Dominum";
3411 5090 3636 5129 rursus-

2052 5186 2159 5241 que
2188 5190 2201 5226 :
2230 5170 2648 5226 Annuntiabitur
2671 5169 2893 5223 Domino
2918 5171 3183 5239 generatio
3205 5167 3503 5223 ventura".
3532 5165 3637 5221 Ita-

2056 5280 2162 5335 que
2188 5265 2467 5320 evidenter
2496 5266 2563 5321 ad
2587 5278 2712 5319 suos
2740 5263 3013 5333 apostolos
3041 5272 3204 5332 atque
3231 5261 3296 5315 ad
3331 5260 3636 5315 institutam

2053 5370 2119 5410 ex
2150 5357 2283 5425 ipsis
2313 5366 2369 5411 et
2398 5372 2496 5426 per
2520 5355 2668 5427 ipsos
2698 5356 2750 5411 in
2773 5357 2905 5411 orbe
2930 5354 3183 5409 universo
3207 5365 3402 5406 novam
3434 5358 3637 5404 sancta:

2054 5447 2310 5516 Ecclesiae
2362 5449 2765 5519 generationem
2804 5448 3052 5503 Christus
3085 5443 3379 5514 respiciens
3414 5440 3636 5504 aiebat;

2058 5540 2183 5595 Non
2224 5542 2511 5611 pra'teribit
2553 5543 2821 5611 generatio
2858 5544 2992 5607 lucc,
3032 5539 3196 5592 donec
3247 5535 3427 5589 omnia
3473 5533 3633 5615 Ῑῖαηις

444 5702 485 5733 τί
516 5702 646 5776 Lug.
684 5717 797 5766 XXI,
842 5700 1032 5756 29-51.
1107 5702 1152 5733 ⁷⁸
1182 5701 1199 5756 l
1226 5700 1353 5755 Cor.
1385 5716 1447 5764 ιι,
1486 5701 1541 5755 9.
1616 5700 1660 5732 "
1693 5699 1822 5756 Luc.
1865 5716 1933 5753 xx

2041 5700 2112 5756 52.
2190 5703 2384 5758 "Psal.
2428 5718 2503 5769 cr,
2550 5702 2635 5757 19.
2711 5701 2757 5733 ⁷⁸
2788 5700 2929 5754 Psal.
2967 5716 3074 5761 χιι,
3119 5696 3209 5751 52.

452 5792 564 5861 (74)
594 5792 838 5863 Videtur,
868 5793 973 5851 nisi
999 5793 1175 5865 fallor,
1233 5794 1499 5852 Eusebius
1536 5794 1679 5851 baud
1746 5792 2065 5850 neutraliter
2118 5794 2255 5869 αὓτη
2318 5796 2637 5866 intelligere,
2672 5802 2729 5850 ut
2764 5792 2879 5860 alii,
2911 5792 3004 5849 sed
3034 5791 3099 5847 de
3128 5791 3241 5862 ipsa
3272 5788 3629 5859 generatione

371 5874 475 5935 seu
497 5874 671 5922 actate.
