4116 6424
329 452 338 460 ,
427 391 534 448 eos

1105 384 1378 444 EUSEBII
1417 382 1904 441 CESARIENSIS
1940 381 2092 438 OPP.
2133 379 2316 436 PARS
2353 377 2454 436 lli;
2479 408 2550 418 —
2587 377 2996 436 EXEGETICA.

3581 382 3688 440 605

314 497 320 506 ’
427 510 742 568 Mansurum
771 508 968 578 quippe
998 522 1063 561 ac
1093 508 1414 561 duraturum
1447 505 1702 574 populum
1736 519 1892 560 suum
1916 504 2012 559 Ec-

2117 518 2308 569 νηται.
2335 502 2630 570 Διαμενεῖν-
2652 499 2766 570 γάρ
2807 516 2939 570 φησι
2991 497 3083 552 καὶ
3119 495 3426 568 διαρκέσειν
3449 497 3536 550 τὸν
3561 498 3689 552 λαὸν

425 601 758 672 clesiamque
789 610 1011 656 eatenus
1047 599 1198 664 dicit,
1233 597 1412 668 quoad
1440 589 1555 667 ipsa
1594 597 1874 666 generatio
1910 612 2002 652 su-

427 704 640 764 perstes
670 693 844 746 adhuc
873 690 1053 744 omnia
1077 689 1345 757 inspiciat,
1375 704 1438 744 ac
1459 689 1869 758 praedictionum
1907 689 2002 745 do-

428 785 750 840 minicarum
777 793 1028 836 eventum
1052 780 1222 834 oculis
1259 780 1672 849 contempletur.

609 874 656 908 "
674 874 863 930 Cavete
892 891 954 928 ne
992 875 1126 956 forte
1151 883 1435 994 graventur
1457 873 1618 926 corda
1657 883 1830 927 uestra

1041 960 1097 994 m
1118 960 1279 994 cranu
1308 961 1360 994 a.

1041 960 1097 996 ιιι
1118 960 1360 1010 crapula.

501 1032 802 1102 Discipulos
833 1033 1087 1086 admonet
1118 1041 1176 1084 ut
1198 1031 1428 1098 prompti
1463 1030 1570 1086 sint
1597 1039 1758 1099 atque
1787 1029 1854 1083 ad
1888 1030 2005 1099 ejus

428 1127 718 1180 adventum
756 1125 1134 1194 excipiendum
1189 1123 1362 1191 parati

428 1216 603 1286 gratia
655 1224 877 1271 cunctos
930 1214 1222 1283 magisterii
1274 1214 1356 1268 sui
1394 1227 1675 1268 sermones
1729 1211 2000 1267 faciebat:

430 1305 753 1375 sobriosque
787 1319 851 1358 ac
874 1306 1065 1374 vigiles
1106 1318 1227 1358 esse
1266 1303 1442 1370 jubet,
1486 1313 1542 1358 et
1589 1311 1759 1357 totam
1799 1313 2004 1356 morta-

431 1395 500 1449 lis
540 1395 665 1450 vitre
714 1408 924 1450 noctem
965 1395 1243 1449 insomnes
1300 1395 1598 1463 transigere
1648 1411 1663 1447 :
1724 1404 2006 1462 propterea

429 1489 573 1555 quod
623 1486 1104 1541 consummationis
1154 1495 1364 1554 tempus
1413 1485 1614 1539 nemini
1651 1483 1721 1538 sit
1759 1485 2008 1553 explora-

434 1587 569 1632 tum.
602 1606 674 1616 —
705 1577 972 1638 Cavenda,
1010 1577 1202 1644 inquit,
1236 1577 1388 1630 vobis
1423 1585 1507 1631 est
1551 1575 1785 1646 crapula).
1817 1590 2008 1644 grave-

432 1670 522 1732 do,
565 1680 622 1723 ut
648 1670 869 1740 vigilare
904 1671 1158 1739 possitis;
1196 1683 1263 1723 ne
1296 1669 1513 1736 inopina
1548 1683 1642 1723 vos
1670 1669 1891 1723 invadat
1917 1668 2006 1722 illa

431 1763 547 1817 dies
573 1778 587 1814 :
618 1763 770 1831 cujus
808 1776 974 1816 causa
1005 1775 1160 1815 sacer
1192 1761 1355 1815 etiam
1374 1760 1662 1830 Apostolus
1693 1759 2010 1814 hortabatur

2104 593 2270 646 αὑτοῦ
2303 593 2396 646 καὶ
2423 593 2522 662 τὴν
2564 590 2894 661 Ἐκκλησίαν
2927 592 3006 654 είς
3039 591 3213 643 ἐκεῖνο
3256 589 3448 659 καιροῦ
3479 591 3558 653 είς
3596 591 3686 643 ὅτε

2103 685 2464 755 αὐτοπτήσειε
2493 682 2692 746 πάντα,
2719 682 2812 736 καὶ
2833 680 2933 744 τὰς
2959 680 3212 744 ἐκϐάσεις
3232 680 3340 735 τῶν
3368 680 3463 733 τοῦ
3507 681 3690 753 Σωτῆ-

2106 793 2198 848 ρος
2229 775 2584 846 προρρήσεων
2610 772 2906 843 ὀφθαλμοῖς
2939 771 3263 843 παράλαϐοι.

2101 867 2439 936 Προσέχετε
2482 865 2717 931 ἑαυτοῖς
2743 865 2975 934 μήποτε
3009 864 3401 932 ,ϐαρυνθῶσιν
3427 865 3596 936 ὑμῶν
3628 869 3690 921 al

2563 936 2800 1004 καρδίαι
2824 935 2894 988 ἐν
2914 936 3234 1005 κραιπάλῃ.

2175 1027 2443 1100 Διεγείρει
2473 1028 2599 1089 τοὺς
2632 1025 2879 1097 μαθητὰς
2909 1025 3002 1078 ἐπὶ
3061 1026 3121 1079 τὸ
3171 1027 3400 1083 πάντοτε
3446 1027 3692 1098 ἑτοίμους

1415 1137 1430 1175 :
1483 1122 1636 1189 cujus
1693 1137 1886 1190 nempe
1923 1122 2002 1176 rei

2117 1114 2244 1175 εἶναι
2273 1116 2860 1190 παρασκευαζομένους
2897 1118 2976 1182 είς
3016 1118 3115 1187 τὴν
3163 1117 3328 1171 αὑτοῦ
3365 1120 3690 1190 παρουσίαν,

2105 1212 2189 1280 ἐφ’
2216 1212 2281 1279 ἢν
2304 1211 2464 1273 αὐτὸς
2503 1211 2652 1280 ἡμᾶς
2695 1208 2994 1281 παρορμῶν
3032 1211 3172 1275 τοὺς,
3193 1210 3398 1273 πάντας
3424 1211 3692 1282 τῆς,διδα-

2109 1303 2336 1366 σκαλίας
2370 1305 2605 1355 ἐποιεῖτο
2635 1300 2826 1370 λόγους
2847 1319 2860 1332 ·
2906 1302 3097 1371 νήφειν
3125 1318 3187 1357 τε
3211 1303 3303 1357 καὶ
3335 1303 3693 1373 ἐγρηγορέναι

2110 1395 2566 1467 παρακελεύεται,
2626 1395 2720 1448 καλ⁸
2751 1396 3050 1464 ἀγρυπνεῖν
3103 1393 3192 1447 διὰ
3243 1395 3423 1465 πάσης
3466 1396 3562 1467 τῆς
3594 1396 3692 1450 τοῦ

2108 1488 2305 1558 θνητοῦ
2341 1488 2455 1558 βίου
2489 1486 2700 1549 νυκτὸς,
2727 1486 2814 1538 διὰ
2843 1486 2902 1539 τὸ
2937 1485 3124 1557 μηδενὶ
3152 1485 3425 1558 γνώριμον
3456 1488 3696 1544 τδνικαι-

2112 1579 2202 1650 ρὺν
2228 1578 2329 1648 τῆς
2357 1578 2662 1642 συντελείας
2689 1577 2971 1648 ὑπάρχειν.
3006 1604 3073 1616 -
3103 1577 3242 1633 Ἀλλ’
3274 1579 3401 1648 ὑμῖν
3428 1595 3514 1647 γε,
3537 1579 3690 1650 φησὶ,

2112 1671 2414 1741 φυλακτέον
2452 1671 2512 1724 τὸ
2541 1670 2789 1724 ἐντεῦθεν
2823 1671 3006 1741 βάρος,
3035 1668 3122 1722 ἵνα
3151 1669 3452 1740 δυνήσησθε
3484 1671 3693 1742 νήφειν,

2115 1764 2325 1834 μήποτε
2358 1765 2551 1833 ἐπιστῇ
2590 1761 2856 1831 αἰφνίδιος
2887 1762 2972 1828 ἐφ’
3023 1761 3167 1829 ὑμᾶς
3195 1762 3229 1830 ή
3252 1762 3436 1832 ἡμέρα
3473 1761 3653 1833 εκείνη
3676 1780 3691 1794 ο

431 1852 675 1906 scribens
718 1867 734 1905 :
773 1850 1017 1916 Fratres,
1055 1851 1221 1921 probe
1241 1851 1411 1916 scitis,
1450 1851 1591 1905 diem
1623 1850 1857 1910 Domini,
1890 1860 2008 1903 tan-

2117 1855 2240 1926 περὶ
2278 1850 2346 1925 ἦς
2401 1854 2494 1906 καὶ
2534 1854 2563 1904 6
2598 1852 2739 1922 ἱερὸς
2778 1849 3100 1914 Ἀπόστολος
3155 1851 3387 1922 παρῄνει
3439 1850 3693 1921 γράφω-θ’

431 1957 595 2011 quam
624 1941 796 1996 furem
818 1945 868 1997 in
891 1952 1065 2007 nocte,
1084 1951 1370 1998 venturam
1386 1944 1453 1996 ’⁷.
1473 1942 1605 1998 Cum
1633 1944 2007 1998 verodixerint

432 2047 539 2105 pax
587 2043 644 2088 et
695 2037 984 2102 securitas,
1027 2047 1154 2089 tunc
1182 2036 1493 2105 repentinus
1533 2036 1612 2091 eis
1665 2037 2008 2104 superveniet

432 2128 708 2182 interitus.
755 2126 864 2181 Vos
895 2137 1075 2182 autem
1113 2129 1254 2182 haud
1303 2128 1596 2183 versamini
1645 2129 1701 2183 in
1745 2128 2007 2196 tenebris,

430 2216 508 2270 ita
531 2224 587 2268 ut
615 2231 710 2270 vos
741 2218 854 2271 dies
880 2216 970 2269 illa
1005 2225 1260 2286 tanquam
1290 2215 1381 2269 fur
1404 2219 1828 2288 comprehendat
1852 2236 1866 2272 :
1892 2235 2008 2273 om-

430 2321 530 2363 nes
561 2309 704 2363 enim
743 2323 838 2364 vos
875 2309 966 2362 filii
995 2309 1131 2364 lucis
1150 2310 1305 2374 estis,
1331 2309 1534 2379 ﬁliique
1554 2311 1743 2366 dei"‘.
1776 2310 2009 2381 Vigilan-

429 2401 558 2457 dum
595 2412 678 2457 est
714 2402 876 2473 igitur
915 2418 1019 2457 non
1055 2402 1226 2458 solum
1263 2403 1334 2458 ob
1366 2405 1604 2459 subitum
1647 2414 1810 2476 atque
1856 2407 2008 2460 inex-

431 2503 732 2562 spectatum
772 2495 984 2550 Domini
1018 2497 1333 2563 adventum,
1361 2512 1549 2552 verum
1589 2499 1754 2553 etiam
1791 2508 2011 2568 propter

430 2585 572 2640 furis
605 2586 848 2642 insidias.
884 2586 993 2642 Fur
1038 2599 1215 2643 autem
1253 2588 1386 2642 hora
1433 2589 1696 2659 cujusque
1728 2591 2014 2644 mortualis

432 2680 775 2750 intelligitur,
811 2681 896 2735 vel
927 2683 1089 2736 etiam
1125 2682 1215 2737 ille
1238 2683 1330 2754 qui
1370 2683 1632 2753 cujusque
1654 2685 1890 2739 animam
1913 2700 2010 2739 ex-

432 2783 694 2840 cepturus
747 2782 833 2829 est
870 2774 1114 2843 angelus.
1170 2774 1308 2828 Tum
1370 2775 1462 2844 qui
1513 2775 1616 2830 sibi
1660 2777 2011 2843 attenderint,

435 2872 696 2932 tanquam
726 2878 922 2932 caprea
951 2865 1201 2934 laqueum
1231 2865 1502 2935 vitabunt,
1527 2867 1611 2922 vel
1640 2877 1698 2922 ut
1726 2869 1842 2925 avis
1867 2870 2015 2926 deci-

433 2955 621 3026 pulam
673 2973 687 3010 :
743 2957 836 3026 qui
892 2970 1018 3011 vero
1064 2958 1284 3026 crapula
1331 2960 1538 3030 gravati
1604 2960 1804 3016 fuerint
1851 2973 2016 3034 atque

436 3049 494 3104 in
532 3059 762 3103 mortem
800 3049 1086 3120 consopiti,
1123 3049 1177 3105 in
1213 3050 1514 3121 periculum
1557 3053 1837 3124 inopinum
1883 3055 2016 3112 inci-

437 3139 588 3195 dent.

542 3406 590 3439 "
631 3406 852 3479 Vigilate
878 3410 1053 3480 itaque
1083 3412 1224 3466 omni
1259 3421 1486 3482 tempore
1514 3425 1741 3481 orantes,
1773 3425 1878 3474 ete.

510 3497 606 3553 His
633 3515 942 3555 consonans
967 3502 1256 3576 Apostolus
1286 3503 1466 3559 aiebat
1497 3523 1509 3557 :
1546 3505 1833 3574 Propterea
1868 3509 2013 3562 acci-

435 3591 545 3655 pite
571 3603 901 3645 armaturam
926 3592 1044 3659 Dei,
1071 3605 1126 3647 ut
1143 3595 1354 3662 possitis
1388 3599 1628 3650 resistere
1658 3598 1712 3650 in
1735 3600 1818 3652 die
1851 3600 2012 3664 malo,

439 3683 564 3737 etin
587 3685 828 3738 omnibus
847 3685 1064 3753 perfecti
1090 3698 1249 3743 stare.
1271 3687 1420 3744 State
1436 3704 1562 3760 ergo
1591 3692 1846 3746 succincti
1881 3691 2019 3747 lum-

440 3774 532 3829 bos
557 3787 750 3831 vestros
776 3777 830 3831 in
855 3780 1159 3834 veritate".

616 3955 663 3989 ⁸⁸
682 3955 748 4010 Ut
776 3957 1099 4013 manducetis
1127 3968 1174 4012 et
1197 3958 1386 4014 bibatis
1427 3960 1484 4014 in
1505 3976 1683 4015 mensa
1709 3977 1847 4017 mea.

510 4048 795 4118 Significat
817 4050 1026 4118 plenam
1055 4051 1315 4106 bonorum
1338 4066 1603 4116 mensam,
1622 4052 1774 4121 cujus
1800 4053 2022 4122 partici-

440 4155 537 4212 pes
572 4152 732 4196 erunt
761 4141 796 4194 ii
824 4141 1144 4211 quibuscum
1185 4143 1364 4199 fmdus
1413 4145 1528 4208 icit,
1563 4156 1849 4212 propterea
1877 4147 2022 4215 quod

440 4247 625 4290 secum
652 4233 1052 4304 permanserint
1083 4234 1135 4288 in
1172 4235 1580 4290 tentationibus.
1612 4235 1688 4289 Ex
1713 4235 1830 4303 ejus
1860 4237 2026 4306 igitur

444 4341 630 4381 mensa
663 4325 1065 4380 manducabuut
1097 4335 1154 4381 et
1186 4326 1367 4381 bibent
1397 4344 1411 4392 ;
1457 4343 1597 4396 pane
1631 4328 1884 4384 videlicet
1911 4344 2028 4384 cte-

443 4415 565 4471 lesti
603 4418 904 4472 animarum
952 4419 1222 4472 nutritore
1262 4421 1441 4488 pasti;
1479 4420 1698 4489 potique
1748 4421 1873 4476 vino
1901 4422 2025 4476 novi

443 4509 703 4580 germinis
733 4511 858 4566 vitis
891 4527 1033 4567 verte
1066 4531 1098 4572 _:
1153 4515 1475 4585 propinante
1509 4515 1628 4583 ipso
1659 4515 2018 4585 agricolarum

444 4602 686 4656 omnium
717 4602 844 4666 Deo,
874 4603 964 4674 qui
1003 4607 1271 4662 novellum
1307 4622 1368 4661 ex
1403 4610 1519 4678 ipsa
1548 4605 1784 4662 fructum
1814 4607 1902 4674 bis
1936 4610 2025 4679 qui

449 4700 579 4747 tunc
612 4694 758 4764 digni
791 4708 971 4763 erunt,
1004 4701 1303 4757 exhibebit.

727 4805 770 4837 ⁸¹
799 4807 865 4859 At
893 4809 981 4862 ille
1024 4814 1227 4878 negauit
1266 4812 1448 4893 dicens
1480 4829 1499 4867 :
1530 4811 1745 4880 Mulier,

1021 4896 1124 4934 non
1165 4898 1282 4936 ηουι
1312 4899 1451 4940 eum.

408 4950 442 5038 Ἰ
523 4967 731 5024 Videsis
780 4979 1114 5040 quantopere
1146 4974 1360 5029 veritati
1397 4975 1614 5030 studeat
1656 4976 2022 5047 evangelista;

447 5061 720 5131 quomodo
762 5059 927 5116 Petro
972 5061 1112 5116 haud
1151 5062 1504 5131 gratificetur,
1540 5065 1633 5119 sed
1663 5065 1868 5134 lapsum
1909 5068 2026 5137 ejus

449 5150 677 5204 candide
713 5158 950 5204 enarret.
981 5148 1239 5205 Videlicet
1270 5153 1412 5220 quod
1443 5154 1620 5208 cmteri
1653 5155 1913 5223 magistro
1939 5160 2027 5212 de-

449 5251 594 5295 serto
626 5241 959 5310 dill‘ugerint,
994 5241 1083 5296 ille
1106 5253 1285 5298 autem
1323 5246 1576 5300 omnibus
1609 5245 1674 5300 iis
1705 5249 2026 5316 praepositus

451 5333 726 5400 apestolus
749 5343 912 5403 atque
934 5335 1354 5406 discipulus,ille
1382 5339 1636 5409 inclytus,
1667 5340 1905 5407 inquam,
1931 5341 2030 5398 Pe-

451 5434 589 5489 trus,
619 5427 806 5494 procul
831 5429 1163 5485 cruciatibus
1191 5440 1247 5486 et
1271 5434 1683 5502 magistratuum
1714 5433 1896 5499 ruinis,
1948 5446 2032 5491 ter

452 5511 728 5570 Christum
760 5521 1060 5588 negaverit.

524 5605 757 5684 Ἰτυςᾷ
775 5624 886 5675 XXI,
916 5610 1006 5666 ὀί.
1082 5613 1126 5645 ⁷⁷
1153 5613 1172 5668 l
1195 5613 1385 5671 Thess.
1414 5629 1467 5680 v,
1504 5615 1560 5670 2.
1635 5617 1708 5647 ⁷⁷“
1747 5615 1880 5672 ibid.
1916 5617 2043 5684 4,5.

454 5674 497 5705 ⁸¹
532 5674 661 5732 ibid.
689 5676 778 5730 57.

2125 1946 2401 2014 Ἀδελφοὶ,
2439 1945 2616 1998 οἴδατε
2664 1944 2928 2016 ἀκριϐῶς,
2960 1946 3041 1997 ὅτι
3070 1947 3103 2014 ἡ
3150 1943 3333 2014 ἡμέρα
3360 1944 3586 2013 Κυρίου,
3619 1945 3698 2008 ὼς

2114 2037 2354 2109 κλέπτης
2402 2039 2460 2092 ὲν
2496 2037 2674 2099 νυκτὶ,
2713 2036 2885 2100 οὕτως
2927 2036 3366 2107 ἔρχεταιᾈὈταν
3393 2035 3449 2088 δὲ
3472 2035 3699 2089 εἴπωσιν

2113 2129 2300 2200 είρήνη
2328 2129 2422 2182 καὶ
2454 2128 2743 2196 ἀσφάλεια,
2779 2127 2899 2180 τότε
2923 2126 3180 2195 αἰφνίδιος
3203 2127 3385 2190 αὐτοῖς
3415 2127 3699 2196 ἐφίσταται

2113 2217 2350 2289 ὄλεθρος.
2396 2217 2584 2288 Ὑμεῖς
2613 2217 2667 2270 δὲ
2706 2216 2805 2268 οὐκ
2832 2216 2954 2268 ἐστὲ
3007 2217 3062 2267 ἐν
3117 2215 3317 2278 σκότει,
3355 2215 3441 2267 ἵνα
3471 2215 3616 2283 ὑμᾶς
3662 2217 3697 2284 ἡ

2115 2309 2297 2380 ἡμέρα
2325 2309 2400 2373 ὡς
2429 2309 2666 2380 κλέπτης
2692 2307 2974 2380 καταλάϐῃ
2992 2324 3004 2336 ο
3040 2307 3236 2370 πάντες
3269 2305 3378 2376 γὰρ
3408 2307 3568 2376 ὑμεῖς
3595 2307 3703 2360 υἱοὶ

2116 2403 2294 2474 φωτός
2327 2405 2449 2456 ὲστε
2484 2404 2578 2456 καὶ
2609 2403 2718 2455 υἱοὶ
2749 2401 2983 2474 ἡμέρας.
3018 2402 3395 2472 Γρηγορητέον
3428 2397 3520 2454 οὖν
3570 2403 3703 2472 ήμϊν

2115 2493 2176 2545 ού
2213 2492 2370 2562 μόνον
2398 2491 2487 2547 διὰ
2517 2491 2615 2562 τὴν
2644 2491 2847 2562 ἀθρόαν
2905 2492 3001 2544 καὶ
3035 2491 3440 2564 ἀπροσδόκητον
3467 2491 3561 2545 τοῦ
3605 2494 3702 2546 Δε-

2119 2585 2314 2638 σπότου
2348 2584 2553 2654 ἄφιξιν,
2607 2585 2741 2637 ἀλλά
2777 2585 2871 2638 καὶ
2902 2585 2990 2638 διὰ
3041 2584 3132 2637 τὸν
3177 2585 3538 2655 κλέπτηντὸν
3577 2589 3700 2655 ἐφε-

2117 2676 2395 2750 δρεύοντα.
2431 2678 2490 2730 '0
2514 2678 2571 2730 δὲ
2618 2677 2858 2746 κλέπτης
2892 2678 3040 2730 ἐστὶν
3065 2678 3094 2730 6
3127 2676 3316 2748 καιρὸς
3344 2676 3443 2748 τῆς
3468 2678 3697 2732 ἑκάστου

2117 2766 2378 2836 τελευτῆς
2396 2783 2409 2797 ·
2447 2765 2480 2838 ἢ
2509 2768 2604 2820 καὶ
2630 2768 2658 2820 6
2693 2766 2900 2836 μέλλων
2926 2765 3023 2837 τὴν
3059 2766 3288 2819 ἑκάστου
3321 2765 3496 2837 ψυχὴν
3520 2783 3700 2839 παρα-

2120 2860 2419 2932 λαμϐάνειν
2482 2859 2732 2929 ἄγγελος.
2782 2859 2870 2922 Ὠς
2920 2858 3088 2927 παγὶς
3129 2858 3238 2930 γὰρ
3280 2860 3314 2930 ή
3368 2858 3462 2912 τοῦ
3495 2859 3700 2930 Κυρίου

2122 2954 2401 3025 παρουσία
2432 2952 2784 3006 ἐπελεύσεται
2811 2951 2905 3004 ἐπὶ
2954 2950 3162 3012 πάντας
3182 2950 3310 3013 τοὺς
3335 2951 3392 3004 ὲν
3428 2952 3494 3021 τῇ
3522 2953 3592 3020 γῇ
3611 2967 3623 2980 ·
3651 2951 3702 3004 οι

2126 3045 2222 3116 μὲν
2245 3041 2337 3099 οὖν
2373 3045 2732 3116 προσέχοντες
2759 3044 2969 3106 ἑαυτοῖς
2999 3039 3279 3106 σώζονται,
3302 3041 3492 3113 ὥσπερ
3508 3041 3704 3111 δορκὰς

2125 3139 2190 3190 ὲκ
2217 3136 2449 3208 βρόχων,
2478 3137 2571 3189 καὶ
2601 3134 2790 3207 ῶσπερ
2819 3134 3007 3206 ὄρνεον
3042 3135 3106 3186 ὲκ
3142 3133 3387 3202 παγίδος·
3437 3135 3484 3186 οἱ
3538 3133 3609 3185 δὲ.
3637 3135 3702 3205 τῇ

2044 3213 2085 3269 C
2123 3229 2263 3303 μέθῃ
2291 3227 2672 3299 βεϐαρημένοι,
2700 3226 2794 3280 καὶ
2823 3227 2902 3288 εἰς
2931 3225 3160 3279 θάνατον
3187 3223 3581 3288 ὑπνώττοντες,
3609 3225 3702 3276 ὲκ-

2116 3321 2404 3374 πίπτουσιν
2429 3322 2508 3384 εἰς
2533 3320 2793 3391 ἀδόκητον
2823 3318 3085 3372 κίνδυνον.

2129 3412 2505 3483 Ἀγρυπνεῖτε
2528 3410 2644 3468 οὖν
2664 3412 2734 3465 ἐν
2761 3412 2939 3464 παντὶ
2958 3409 3141 3480 καιρῷ
3166 3411 3460 3480 δεόμενοι,
3489 3426 3544 3463 κ.
3573 3427 3623 3462 τι
3654 3408 3703 3462 λ.

2191 3506 2416 3570 Τούτοις
2446 3505 2686 3576 συνᾴδων
2717 3507 2746 3558 6
2785 3504 3110 3567 Ἀπόστολος
3143 3503 3295 3571 ἔλεγε
3322 3521 3336 3535 ο
3387 3501 3490 3555 Διὰ
3528 3499 3708 3554 τοῦτο

2119 3599 2446 3654 ἀναλάϐετε
2462 3598 2577 3666 τὴν
2597 3597 2944 3651 πανοπλίαν
2962 3596 3068 3649 τοῦ
3090 3595 3257 3658 Θεοῦ,
3283 3594 3389 3648 ἵνα
3403 3590 3708 3658 δυνηθῆτε

2120 3689 2479 3758 ἀντιστῆναι
2517 3688 2587 3741 ἐν
2616 3686 2692 3755 τῇ
2716 3687 2906 3756 ᾑμέρᾳ
2939 3686 3014 3756 τῇ
3048 3683 3298 3753 πονηρᾷ,
3344 3683 3440 3737 καὶ
3470 3682 3710 3737 ἅπαντα

2121 3779 2625 3851 κατεργασάμενοι
2653 3777 2894 3849 στῆναι.
2936 3779 3122 3848 Στῆτε
3154 3773 3266 3832 οὖν
3307 3773 3720 3845 περιᾷοσάμεε

2122 3892 2217 3928 νοι
2239 3873 2355 3942 τὴν
2377 3873 2580 3943 ὀσφὺν
2606 3872 2776 3942 ὑμῶν
2809 3873 2879 3926 ἐν
2910 3873 3182 3940 ἀληθείᾳ.

2125 3967 2250 4021 Ἵνα
2277 3967 2516 4034 ἐσθίητε
2569 3965 2668 4019 καὶ
2703 3967 2916 4033 πίνητε
2957 3965 3056 4018 ἐπὶ
3089 3963 3200 4032 τῆς
3225 3961 3519 4032 τραπέζης
3565 3979 3705 4032 μου.

2115 4094 2119 4098 -
2200 4058 2468 4111 Τοιούτων
2501 4057 2657 4112 ἔσται
2703 4056 2920 4128 πλήρης
2968 4055 3190 4126 ἀγαθῶν
3228 4055 3502 4127 τράπεζα,
3526 4049 3595 4127 ῆς
3617 4071 3714 4126 με-

2125 4150 2457 4221 ταλήψονται
2490 4145 2573 4215 οἷς
2609 4152 2710 4223 τὴν
2732 4150 3010 4222 Διαθήκην
3033 4149 3237 4203 διέθετο
3264 4149 3354 4202 διὰ
3377 4149 3438 4201 τὸ
3471 4163 3709 4219 μεμενη-

2125 4242 2280 4296 κέναι
2316 4243 2430 4315 μετ’
2474 4242 2640 4297 αὑτοῦ
2698 4245 2756 4297 ὲν
2788 4245 2902 4307 τοῖς
2935 4244 3264 4314 πειρασμοῖς
3287 4259 3301 4274 ο
3350 4243 3439 4295 ἵνα
3490 4239 3709 4293 ὲσθίωσι

2129 4334 2225 4388 καὶ
2258 4335 2455 4389 πίωσιν
2488 4336 2580 4388 ἐπὶ
2632 4339 2730 4405 τῆς
2754 4335 3034 4406 τραπέζης
3066 4334 3232 4387 αὐτοῦ
3252 4352 3266 4364 ·
3293 4334 3444 4408 ἄρτῳ
3479 4333 3576 4402 μὲν
3611 4330 3703 4383 ού-

2131 4427 2301 4498 ρανίῳ
2322 4427 2508 4498 ψυχῶν
2544 4427 2716 4496 ἁγίων
2749 4426 3057 4499 θρεπτικῶς
3092 4426 3518 4498 τραφησόμενοι,
3562 4422 3704 4475 οἴνου

2057 4554 2101 4609 υ
2129 4519 2185 4573 δὲ
2241 4519 2336 4573 τοῦ
2387 4520 2574 4574 καινοῦ
2626 4523 2966 4591 γεννήματος
2997 4519 3098 4590 τῆς
3153 4518 3415 4590 ἀληθινῆς
3460 4515 3707 4588 ἀμπέλου

2143 4611 2578 4683 μεταληψόμενοι
2604 4631 2617 4643 ·
2649 4613 2716 4684 ἣν
2742 4612 2904 4675 αὐτὸς
2935 4612 2963 4664 6
2989 4611 3098 4664 τῶν
3125 4611 3263 4664 ὅλων
3289 4609 3421 4672 Θεὸς
3451 4607 3711 4679 γεωργῶν

2129 4703 2192 4756 τὺ
2213 4704 2396 4758 καινὸν
2418 4703 2475 4771 ἐξ
2506 4701 2679 4774 αὐτῆς
2713 4703 2954 4775 γέννημα
2979 4705 3090 4766 τοῖς
3121 4702 3241 4756 τότε
3274 4702 3447 4766 ἀξίοις
3464 4699 3708 4770 παρέξει.

2142 4813 2197 4866 Ὀ
2228 4813 2297 4867 δὲ
2325 4813 2634 4882 ἠρνήσατο
2665 4815 2886 4904 αὐτὸν,
2907 4814 3104 4938 λέγων
3129 4832 3142 4844 ·
3191 4813 3402 4879 Γύναι,
3433 4813 3543 4866 οὐκ
3581 4805 3713 4865 οἴδα

2817 4903 2933 4938 αυτ
2970 4903 3026 4938 ν.

2817 4903 3026 4940 αυτον.

2203 4976 2343 5047 Ὅρα
2388 4976 2445 5031 δὲ
2482 4976 2544 5029 τὸ
2584 4976 2873 5046 φιλάληθες
2906 4975 3000 5029 τοῦ
3044 4973 3451 5044 εὐαγγελιστοῦ,
3480 4972 3597 5035 πῶς
3649 4973 3716 5023 οὐ

2132 5068 2552 5139 καταχαρίζεται
2590 5068 2668 5139 τῷ
2715 5070 2926 5140 Πέτρῳ,
2956 5067 3091 5122 ἀλλά
3137 5067 3197 5120 τὸ
3251 5066 3420 5128 πάθος
3447 5063 3609 5121 αὑτοῦ
3640 5063 3714 5126 ὡς

2132 5159 2243 5231 ἔχει
2270 5161 2554 5230 διηγεῖται,
2585 5164 2666 5217 ὅτι
2693 5165 2742 5215 oi
2781 5164 2878 5233 μὲν
2906 5162 3055 5216 ἄλλοι
3101 5159 3458 5221 ἀπολιπόντες
3504 5157 3596 5209 τὸν
3639 5156 3716 5209 δι-

2135 5252 2402 5308 δάσκαλον
2439 5253 2662 5324 ᾤχοντο,
2696 5257 2724 5308 6
2775 5255 2833 5308 δὲ
2890 5253 3107 5308 πάντων
3141 5251 3321 5307 αὐτῶν
3352 5249 3716 5322 προκεκριμέ-

2137 5362 2227 5408 νος
2255 5345 2552 5409 ἀπόστολος
2584 5365 2644 5400 τε
2675 5347 2770 5400 καὶ
2801 5345 3069 5417 μαθητὴς,
3111 5345 3272 5407 αὐτὸς
3299 5345 3504 5404 ἐκεῖνος
3531 5345 3560 5394 ὁ
3583 5339 3712 5409 βοώ-

2140 5453 2298 5506 μενος
2313 5437 2536 5508 Πέτρος,
2558 5437 2802 5507 βασάνων
2827 5437 2982 5500 ὲκτὸς
2998 5437 3091 5489 καὶ
3114 5434 3441 5506 ἀρχοντικῆς
3467 5431 3712 5500 ἀπειλῆς,

2136 5527 2319 5599 τρίτον
2346 5530 2507 5582 αὑτὸν
2539 5528 2852 5600 ἐξωμόσατο
2881 5530 3014 5599 (75).

2121 5618 2166 5650 ⁷⁸
2193 5618 2326 5676 Luc.
2366 5638 2483 5687 XXI,
2515 5622 2603 5678 56.
2680 5625 2725 5655 ⁷⁸
2760 5622 2960 5692 Ephes.
2994 5619 3161 5687 vl,i'5.
3237 5618 3280 5650 ⁸ο
3313 5617 3441 5672 Luc.
3468 5631 3600 5681 χχιι,
3626 5613 3716 5669 30.

549 5771 1046 5858 75)Fragr_u_enlum
1088 5779 1188 5837 hoc
1224 5788 1494 5852 sumptum
1551 5781 1763 5839 videtur
1825 5781 2316 5858 ethhngsania,
2365 5786 2460 5844 lib.
2514 5802 2566 5856 v,
2601 5786 2690 5842 40.
2723 5785 2800 5844 ibi
2851 5795 3028 5843 tamen
3078 5785 3342 5843 Eusebius
3387 5792 3637 5838 versatur
3664 5780 3718 5834 in

459 5841 638 5896 Marco
665 5841 894 5907 ιινίϐϋη
