4116 6452
1200 358 1320 370 ἀἡ-

494 426 601 484 605

1027 620 1531 686 ἀστραπτούσαις.

565 710 756 780 Χαρᾶς
792 709 884 762 καὶ
935 711 1170 777 γέλωτος
1224 715 1426 780 σημεῖα
1459 713 1818 784 γνωρίσματα
1873 731 1929 766 τε
1973 715 2070 785 τῆς

499 800 764 870 σωτηρίου
805 802 1152 865 ἀναστάσεως
1200 803 1328 874 ὁρᾷν
1361 803 1686 872 παρέχονται
1714 806 1804 858 καὶ
1847 806 1934 858 διὰ
1974 807 2070 876 τῆς

496 891 701 962 λευκῆς
719 891 1031 964 περιϐολῆς,
1074 893 1219 947 ὥστε
1248 893 1341 946 καὶ
1369 895 1475 946 ἀπὸ
1504 893 1596 946 τοῦ
1625 898 1895 965 σχήματος
1928 914 2061 966 συμ-

495 983 676 1038 ϐαλεῖν
707 983 808 1046 τὰς
839 988 1100 1053 γυναῖκας
1138 985 1198 1038 τὸ
1243 986 1463 1056 φαιδρὸν
1499 985 1599 1054 τῆς
1633 987 1921 1058 ἐγέρσεως,
1974 990 2068 1042 καὶ

491 1075 594 1146 τῆς
621 1076 714 1129 τοῦ
743 1078 933 1146 Πάσχα
967 1077 1160 1148 ἑορτῆς
1189 1079 1284 1130 σὺν
1311 1080 1423 1140 τοῖς
1456 1078 1795 1148 λευχείμοσιν
1819 1079 2070 1148 ἀγγέλοις

497 1167 864 1238 ἀπάρξασθαι.
924 1169 1163 1239 Μωῦσῆς
1199 1170 1296 1239 μὲν
1337 1170 1443 1240 γὰρ
1496 1170 1706 1240 πληγὰς
1756 1171 2066 1239 Αἰγυπτίων

500 1260 706 1330 μέλλων
729 1261 1089 1314 διακονεῖσθαι
1121 1263 1464 1334 καταλλήλως
1494 1263 1552 1315 ἐν
1575 1262 1736 1332 φλογὶ,
1772 1263 1943 1334 πυρὸς
1974 1263 2066 1316 τὸν

496 1350 588 1402 ἐπὶ
613 1349 714 1417 τῆς
762 1349 924 1419 βάτου
970 1351 1196 1418 ἄγγελον
1221 1349 1396 1422 ἐώρα·
1431 1353 1468 1403 ὁ.
1489 1352 1533 1404 δ’
1575 1351 1740 1414 αὐτὸς
1777 1351 2066 1422 μοχθηροῖς

494 1439 718 1510 ἀνδράσι
744 1439 1064 1510 νομοθετῶν,
1100 1441 1209 1511 πῦρ
1235 1442 1628 1496 καταναλίσκον
1656 1443 1746 1502 τὸν
1774 1442 1904 1496 Θεὸν
1928 1439 2063 1496 εἶναι

495 1527 698 1596 ἔλεγεν,
749 1531 1123 1599 τιμωρητικὸν
1165 1530 1264 1582 καὶ·
1313 1530 1576 1601 κολαστὴν
1623 1533 1804 1595 αὐτοῖς
1846 1531 2062 1584 ἔσεσθαι

493 1618 656 1670 αὑτὸν
682 1619 1072 1687 αἰνιττόμενος·
1106 1619 1186 1670 διὸ
1219 1620 1310 1671 καὶ
1361 1623 1418 1672 ἐν
1452 1621 1625 1691 στύλῳ
1666 1621 1836 1692 πυρὸς
1882 1623 2064 1691 ἠγεῖτο

496 1708 676 1762 αὐτῶν
709 1711 736 1762 6
759 1710 910 1773 Θεός.
944 1708 1099 1762 Οὕτω
1131 1713 1241 1772 τοῖς
1284 1711 1504 1764 ἀσεϐέσι
1530 1713 1780 1780 γενέσθαι
1810 1714 1936 1777 τοὺς
1964 1715 2064 1782 ἀγ-

492 1803 684 1871 γέλους
708 1803 880 1873 πυρὸς
910 1802 1079 1872 φλόγα
1105 1800 1338 1867 ἐδίδαξεν
1367 1802 1532 1857 εἰπών
1553 1823 1564 1833 ·
1615 1806 1668 1856 Ὀ
1698 1804 1884 1859 ποιῶν
1919 1806 2062 1871 τοὺς

1519 429 2004 488 Pnacms'wu
2059 430 2126 487 IN
2169 431 2384 491 EPIST.
2417 435 2508 489 AD
2545 399 2757 492 usus.

494 546 612 602 Δύο
654 545 869 615 ἄνδρες
933 547 1283 615 ἐπέστησαν
1349 549 1558 616 αὐταῖς
1605 553 1675 605 ἐν
1734 551 2068 618 ἐσθήσεσιν
2097 560 2144 615 Α

3629 427 3738 497 8οὸ

2379 555 2556 607 "Duo
2587 557 2689 609 viri
2718 564 2967 692 stcta/rutra
2999 554 3279 640 εεριιεὶίιαε
3307 555 3365 610 in
3399 563 3535 610 veste

2864 643 2894 677 ιι
2919 636 3075 692 genu.

2864 636 3075 692 uigenti.

2245 712 2464 768 Latitiae
2485 713 2785 784 'gaudiique
2810 715 2983 780 signa,
3024 723 3078 767 et
3109 712 3414 767 Servaloris
3448 729 3734 784 resurgen-

2171 805 2240 858 tis
2276 805 2469 857 indicia
2509 805 2715 858 obtutui
2745 803 3002 857 exhibent
3029 803 3256 856 vestium
3285 804 3536 866 candore,
3575 802 3647 856 ita
3672 810 3734 855 ut

2169 909 2236 948 ex
2259 893 2442 947 habitu
2473 908 2688 962 quoque
2711 895 3080 958 coniectarent
3103 891 3356 946 mulieres
3381 892 3733 947 resurrectio-

2171 987 2255 1040 nis
2282 985 2631 1049 hilaritatem,
2665 983 3047 1051 Paschalisque
3077 984 3202 1037 festi
3243 999 3365 1038 cum
3400 983 3594 1038 albatis
3633 999 3734 1038 an—

2168 1077 2301 1146 gelis
2348 1077 2582 1130 initium.
2634 1076 2845 1147 Moyses
2868 1085 3055 1129 contra
3091 1075 3737 1147 Egyptiacarumplaga—

2171 1183 2288 1220 rum
2318 1167 2531 1220 futurus
2560 1167 2833 1231 minister,
2869 1166 2922 1219 in
2952 1167 3165 1219 ﬂamma
3205 1167 3347 1236 ignis
3377 1166 3625 1236 angelum
3651 1167 3736 1220 ina

2171 1266 2251 1310 tra
2284 1257 2473 1311 rubum
2505 1267 2808 1312 versantem
2837 1257 3178 1326 spectavit”.
3227 1256 3371 1311 Idem
3425 1257 3608 1325 pravis
3636 1258 3736 1311 ho-

2170 1349 2408 1404 minibus
2455 1349 2634 1417 legem.
2661 1350 2926 1412 scribens,
2966 1350 3131 1402 Deum
3161 1349 3476 1418 :appellabat
3511 1348 3736 1402 edacem

2169 1440 2368 1508 ignem,
2397 1441 2698 1508 punitorem
2731 1457 2794 1495 ac
2826 1442 3091 1495 vindicem
3121 1441 3249 1509 ipsis
3274 1441 3391 1494 fore
3416 1441 3645 1495 inuuens
3663 1437 3733 1494 ⁸⁵.

2165 1533 2354 1596 Quare
2387 1531 2440 1584 iu
2486 1532 2637 1598 ignea
2671 1532 2918 1586 columna
2965 1533 3301 1600 praecedebat
3342 1531 3462 1586 illos
3505 1533 3644 1586 Deus
3663 1531 3733 1585 ⁸⁵.

2167 1623 2258 1677 Sic
2291 1623 2450 1677 etiam
2481 1624 2660 1692 impiis
2702 1624 2815 1677 fore
2867 1624 3084 1692 angelos
3111 1625 3264 1693 quasi
3300 1625 3436 1693 ignis
3462 1622 3735 1677 ﬂammam

2165 1712 2557 1767 demonstravit
2593 1713 2814 1766 dicens:
2846 1713 2948 1776 Qui
2988 1714 3112 1782 facit
3137 1714 3403 1766 ministros
3433 1729 3556 1766 suos
3575 1715 3734 1782 ﬂam-

2165 1805 2468 1874 mam'ignis
2489 1804 2556 1858 ⁸⁸.
2594 1803 2700 1858 Sed
2739 1821 2844 1858 non
2881 1807 2980 1859 hac
3011 1807 3192 1874 specie
3227 1805 3478 1858 viderunt
3515 1804 3738 1874 angelos

492 1891 878 1960 λειτουργοὺς
925 1891 1110 1945 αὑτοῦ
1140 1892 1329 1959 πίιρός
1357 1894 1572 1961 φλόγα.
1616 1893 1752 1946 Ἀλλ’
1785 1894 1844 1945 οὐ
1891 1894 2066 1946 τοιού-

2169 1893 2221 1947 in
2248 1902 2602 1948 monumento
2638 1893 2914 1959 mulieres,
2950 1894 3042 1949 sed
3073 1894 3271 1950 hilares
3294 1904 3460 1963 atque
3489 1907 3737 1956 serenos,

489 2002 617 2048 τους
663 1986 720 2039 αί
773 1989 1028 2053 γυναῖκες
1055 1985 1180 2048 τοὺς
1209 1984 1337 2037 εἴσω
1387 1985 1480 2038 τοῦ
1536 1986 1817 2057 μνήματος
1853 1986 2058 2058 ἐώρων,

491 2076 756 2146 γαληνοὺς
781 2076 837 2128 δέ
871 2093 1023 2138 τινας
1048 2077 1140 2128 καὶ
1168 2076 1440 2146 φαιδροὺς,
1466 2077 1608 2138 οἴους
1638 2079 1803 2148 ἐχρῆν
1833 2079 1922 2130 ἐπὶ
1959 2080 2061 2130 Δεη

498 2167 695 2220 σπότου
720 2168 862 2238 χαρᾷ
896 2166 988 2218 καὶ
1022 2166 1264 2236 βασιλεία
1293 2166 1591 2236 φαίνεσθαι.
1633 2169 1755 2219 Ἐπὶ
1809 2169 1904 2238 μὲν
1952 2169 2059 2242 γὰρ

491 2257 570 2327 τῷ
595 2257 757 2309 πάθει
787 2257 881 2308 τοῦ
913 2257 1164 2326 Σωτῆρος
1194 2257 1392 2332 ἀῆλιος
1425 2257 1656 2322 ἐξέλιπε,
1688 2259 1876 2321 σκότος
1902 2277 2061 2330 περι-

492 2346 670 2400 ϐαλὼν
692 2347 768 2418 τῷ
797 2350 977 2411 παντὶ,
1009 2347 1218 2418 θρήνων
1244 2365 1302 2400 τε
1332 2350 1423 2400 καὶ
1448 2349 1674 2411 πένθους
1696 2349 1936 2420 σύμϐολα
1951 2353 2062 2414 τοῖς

495 2437 785 2508 σταυροῦσι
814 2437 904 2489 τὸν
934 2437 1058 2489 Υίὸν
1079 2436 1171 2490 τοῦ
1196 2435 1330 2490 Θεοῦ
1364 2437 1574 2501 δεικνύς
1601 2455 1619 2468 ’·
1648 2439 1740 2491 καὶ
1761 2439 1932 2502 οὐδεὶς
1965 2441 2062 2509 μὲν

494 2528 740 2597 ἐφαίνετο
781 2529 887 2581 τῶν
931 2528 1175 2597 ἀγγέλων
1220 2527 1279 2580 τὸ
1311 2528 1613 2599 τηνικαῦτα
1649 2531 1725 2593 ὼς
1764 2531 1910 2593 εἰκὸς
1953 2535 2062 2594 τοῖς

498 2617 997 2688 μαθηταῖς,ὀμοίως
1018 2621 1112 2672 καὶ
1139 2619 1314 2672 αὐτῶν
1335 2614 1437 2672 ὧδε
1469 2622 1631 2673 κάκεῖ
1656 2621 2063 2676 διασκεδασθέν-

490 2725 618 2762 των.
645 2709 708 2760 Ei
746 2709 790 2762 δ’
825 2710 932 2780 ἄρα
980 2711 1072 2763 καὶ
1115 2711 1346 2781 ὀφθῆναί
1385 2729 1506 2765 τινα
1549 2713 1736 2783 ἐχρῆν,
1766 2715 1907 2783 τάχα
1958 2731 2062 2766 που

490 2800 592 2872 τὴν
637 2800 886 2854 ἐναντίαν
913 2805 1025 2864 τοῖς
1056 2802 1394 2873 λευχείμοσιν
1443 2804 1749 2876 ἀνθρώποις
1797 2806 1894 2876 τὴν
1936 2807 2065 2859 ἀνα-

494 2891 684 2963 στολὴν
728 2892 1069 2956 ἀνεδείξατοο
1108 2894 1304 2948 αὐτίκα
1355 2895 1486 2964 γοῦν
1531 2897 1626 2948 ἐπὶ
1656 2897 1734 2967 τῷ
1781 2897 1942 2950 πάθει
1969 2898 2065 2969 οὐχ

493 2983 642 3052 ἥλιος
677 2983 834 3054 μόνον
876 2985 1190 3052 ἐσκότασεν,
1222 2983 1358 3038 ἀλλὰ
1385 2987 1479 3040 καὶ
1515 2987 1543 3038 6
1571 2987 1758 3058 Σωτὴρ
1786 2991 1937 3060 φωνῇ
1971 3005 2067 3058 με-

493 3076 636 3148 γάλῃ
658 3076 865 3147 κράξας
885 3076 1062 3148 ἀφῆκε
1086 3076 1157 3129 τὸ-
1180 3077 1412 3149 πνεῦμα,
1443 3077 1504 3131 τδ
1555 3081 1950 3152 καταπέτασμα
1969 3081 2063 3135 τοῦ

494 3169 623 3222 ναοῦ
654 3167 876 3240 ἐσχίσθη
902 3171 980 3232 εἰς
1005 3168 1115 3228 δύο.
1147 3170 1429 3240 μονονουχὶ
1451 3173 1936 3243 περιρρηξαμένων
1973 3175 2067 3226 καὶ

495 3260 676 3314 αὐτῶν
694 3262 802 3314 τῶν
829 3260 996 3313 πάλαι
1014 3261 1076 3313 τὸ
1112 3261 1252 3333 ἱερὸν
1294 3262 1640 3316 ἐνοικούντων
1662 3263 1930 3332 ἀγγέλων,
1966 3282 2065 3316 πε-
2093 3240 2139 3300 c

497 3348 872 3420 ριρρηξάντων
892 3367 953 3402 τε
995 3350 1054 3402 τὸ
1099 3351 1293 3420 σεμνὸν
1341 3349 1590 3421 ὕφασμα,
1621 3352 1695 3413 ὼς
1732 3353 1817 3417 ἂν,
1862 3354 2066 3423 γυμνὸς

495 3440 590 3492 καὶ
620 3439 824 3510 ἔρημος
844 3440 1193 3509 ἀπολειφθεὶς
1237 3442 1334 3513 τῆς
1370 3443 1547 3496 αὐτῶν
1587 3445 1850 3514 φρουρᾶς,
1889 3445 1918 3496 6
1957 3445 2066 3498 τῶν

496 3533 712 3587 ἀϐάτων
739 3535 832 3586 καὶ
857 3534 1064 3588 ἀδύτων
1085 3535 1268 3600 τόπος,
1303 3537 1520 3608 ἕτοιμος
1543 3537 1756 3608 ἐχθροῖς
1783 3538 1877 3591 καὶ
1909 3537 2069 3591 πολε-

499 3626 641 3694 μίοις
692 3627 1014 3698 κατασταίη.
1058 3628 1216 3682 Ἀλλὰ
1267 3628 1439 3684 ταῦτα
1484 3631 1582 3700 μὲν
1626 3632 1718 3685 ἐπὶ
1763 3631 1841 3703 τῷ
1905 3631 2066 3686 πάθει

497 3714 805 3769 συνέϐαινεν
825 3733 846 3748 ι
874 3716 966 3768 ἐπὶ
1011 3716 1066 3770 δέ
1096 3720 1162 3789 τῇ
1199 3719 1451 3791 σωτηρίῳ
1474 3721 1786 3784 ἀναστάσει,
1810 3721 1885 3785 ὼς
1925 3722 2069 3793 ζωῆς

497 3797 716 3864 ἄγγελοι
764 3799 861 3852 καὶ
895 3801 994 3869 τῆς
1020 3801 1366 3866 ἀναστάσεως
1395 3805 1652 3875 κήρυκες,
1677 3805 1769 3858 τὸν
1803 3807 1966 3860 τόπον
2007 3799 2070 3860 οῦ

497 3877 673 3932 ἔκειτο
698 3881 760 3932 τὸ
784 3881 942 3953 σῶμα
969 3888 1268 3956 περιεῖπον,
1309 3885 1370 3951 ἐξ
1401 3889 1567 3959 αὐτῆς
1597 3888 1782 3960 ὥσπερ
1827 3891 1926 3960 τῆς
1971 3893 2070 3943 ἐπ-

497 3969 644 4040 αφῆς
670 3972 762 4025 τοῦ
788 3974 952 4026 τόπου
999 3976 1307 4048 ἁγιωσύνης
1337 3980 1639 4048 κρείττονος
1672 3981 1704 4050 ἢ
1729 3981 1848 4034 κατ’
1875 3983 2071 4048 αὐτοὺς

503 4063 882 4133 μετασχόντες,
907 4069 1001 4120 καὶ
1038 4067 1138 4138 τῆς
1161 4069 1508 4134 ἀναστάσεως
1552 4071 1715 4125 αὐτοῦ
1759 4074 2077 4128 κοινωνοῦν-

2166 1984 2464 2050 cujusmodi
2489 1999 2583 2039 eos
2607 1984 2774 2038 videri
2807 1987 3090 2054 oportebat
3127 1987 3178 2037 in
3221 1985 3442 2040 Domini
3463 1985 3658 2052 gaudio
3683 1991 3740 2039 et

2165 2090 2346 2145 regno.
2374 2075 2428 2128 lu
2455 2073 3004 2142 Servatorisquidem
3043 2076 3190 2128 obitu
3225 2075 3308 2128 sol
3339 2075 3559 2137 defecit,
3591 2083 3739 2128 tene-

2162 2167 2273 2220 brze
2307 2166 2544 2233 undique
2578 2179 2637 2218 se
2661 2165 3024 2225 intendentes,
3074 2164 3432 2217 lamentorum
3474 2174 3528 2217 et
3564 2162 3740 2217 luctus

2163 2255 2401 2326 symbola
2443 2255 2884 2325 crucifigentibus
2914 2255 3109 2310 Filium
3146 2256 3240 2309 Dei
3274 2255 3739 2308 demonstrarunt.

2161 2348 2452 2417 Nullusque
2482 2365 2546 2404 eo
2579 2358 2821 2416 tempore
2863 2349 3084 2418 angelus
3109 2347 3422 2416 apparuisse
3451 2345 3730 2414 discipulis

2164 2439 2395 2504 videtur,
2432 2439 2564 2508 ipsis
2595 2453 2809 2508 quoque
2847 2441 2948 2492 hac
2992 2439 3115 2492 illac
3153 2437 3492 2506 dispersione
3541 2437 3740 2490 distra-

2165 2533 2288 2587 ctis.
2325 2532 2477 2598 Quod
2512 2533 2555 2586 si
2592 2548 2751 2600 quem
2787 2547 3047 2601 apparere
3096 2546 3233 2600 opus
3276 2529 3482 2592 fuisset,
3520 2537 3740 2583 contra-

2165 2625 2323 2687 riam,
2354 2634 2411 2677 ut
2449 2625 2702 2688 arbitror,
2729 2623 2922 2678 albatis
2957 2623 3269 2677 hominibus
3308 2629 3515 2674 vestem
3541 2633 3653 2693 prae
3679 2633 3748 2673 se

2167 2714 2434 2768 tulissent.
2469 2711 2586 2767 Jam
2613 2715 2869 2783 primum,
2899 2713 2952 2768 in
2977 2714 3224 2781 passione
3263 2727 3370 2765 non
3393 2711 3472 2765 sol
3497 2719 3742 2764 tantum-

2168 2808 2326 2859 modo
2359 2807 2681 2859 obscuratus
2708 2814 2812 2870 est,
2855 2805 2948 2859 sed
3000 2813 3053 2860 et
3090 2804 3350 2859 Servator
3386 2817 3578 2872 magna
3605 2813 3746 2854 voce

2167 2896 2478 2952 exclamans
2513 2898 2762 2966 spiritum
2793 2896 2992 2961 emisit,
3036 2896 3217 2964 templi
3263 2894 3436 2950 velum
3487 2892 3741 2948 bifariam

2167 2990 2422 3056 scissum,
2470 2990 2599 3060 ipsis
2631 2989 3013 3059 propemodum
3043 2987 3304 3057 dispersis
3347 2987 3438 3057 qui
3483 2985 3740 3056 templum

2171 3081 2478 3136 incolebant
2497 3079 2727 3148 angelis,
2761 3080 2852 3149 qui
2883 3088 2937 3135 et
2969 3078 3095 3134 illud
3125 3078 3495 3134 venerandum
3529 3086 3742 3132 textum

2169 3172 2467 3236 sciderunt,
2505 3180 2562 3224 ut
2600 3171 2772 3225 nudus
2811 3187 2874 3225 ac
2932 3174 3179 3226 desertus
3222 3169 3462 3239 ipsorum
3494 3168 3743 3224 custodia

2173 3262 2392 3316 relictus
2421 3262 2509 3316 ille
2540 3276 2861 3315 arcanarum
2913 3271 3073 3330 atque
3119 3261 3516 3314 inaccessarum
3559 3274 3741 3314 rerum

2171 3351 2342 3419 locus,
2387 3351 2826 3420 belligerantibus
2856 3352 3099 3406 hostibus
3127 3351 3346 3420 pervius
3365 3359 3592 3418 pateret.
3635 3349 3744 3404 Sed

2171 3441 2288 3497 haec
2309 3442 2525 3512 quidem
2556 3443 2827 3512 passionis
2857 3451 3098 3511 tempore
3132 3441 3495 3510 contigerunt.
3519 3439 3744 3495 Verum-

2173 3541 2350 3588 tamen
2381 3532 2671 3588 Servatore
2704 3543 3039 3602 resurgente,
3080 3547 3176 3586 ceu
3204 3533 3323 3586 vita:
3347 3532 3542 3594 nuntii,
3573 3540 3629 3586 et
3657 3545 3757 3587 rem

2171 3621 2528 3676 surrectionis
2556 3637 2855 3691 praecones,
2904 3622 3080 3677 locum
3123 3622 3211 3676 ubi
3265 3621 3751 3691 corpus:\jacuerat

2175 3713 2467 3781 Stipabaut,
2495 3713 2613 3782 ipso
2639 3713 3036 3782 quodanunodo
3067 3712 3170 3767 loci
3197 3722 3455 3766 contactu
3481 3711 3752 3766 sanctus--

2177 3812 2282 3859 tem
2309 3804 2523 3873 propria
2564 3803 2824 3875 majorem
2869 3804 3275 3874 participautes,
3315 3819 3381 3858 ac
3415 3802 3627 3857 Domini
3657 3817 3757 3857 re-.

2176 3896 2498 3951 surrectioni
2544 3895 3026 3951 communicantes.
3071 3894 3197 3948 Ideo
3225 3894 3406 3948 vultus
3439 3893 3641 3948 hilares
3677 3906 3744 3946 ac

2175 3983 2531 4054 laatabundos,
2569 3995 2624 4041 et
2658 3987 2836 4042 albam
2871 3997 3074 4041 vestem
3107 3985 3244 4040 festo
3294 3985 3598 4041 Servatoris
3634 3983 3744 4039 diei

2180 4076 2588 4132 convenientem
2619 4078 2919 4147 gestabant.

497 4169 609 4219 τες.
635 4156 724 4208 Διὸ
757 4157 955 4227 φαιδρὰ
988 4159 1082 4212 καὶ⁸
1131 4158 1420 4229 μειδιῶντα
1456 4162 1745 4232 πρόσωπα,
1778 4165 1963 4235 σχῆμά
1985 4180 2050 4219 τε.
2072 4164 2337 4236 σωτηρίου
2367 4165 2561 4238 ἑορτῆς
2581 4166 2914 4237 παρέφαινον
2935 4162 3420 4235 λευχειμονοῦντες.

539 4292 2952 4322 h_———————_—-I——_——_—.—__———_—

678 4369 952 4428 EUSEBII
984 4371 1462 4431 FRAGMEN‘TUM
1505 4378 1594 4432 EX
1629 4378 1877 4435 CODICE
1916 4379 2428 4438 MEDIOLANENSI
2453 4423 2466 4448 ,
2505 4380 2574 4436 IN
2613 4380 2756 4448 QUO
2793 4378 2925 4434 EST
2965 4377 3244 4435 CA'PENA
3281 4376 3569 4433 PATRUM

1381 4471 1788 4531 GRECORUM
1828 4473 1896 4527 ΙΝ
1941 4474 2332 4532 EPISTOLAM
2368 4476 2460 4530 AD
2497 4473 2864 4530 HEBBIEOS.

1816 4587 1968 4659 (ΜΑι,
2006 4590 2165 4658 ibid.,
2195 4606 2249 4661 p.
2274 4590 2426 4661 207.)

585 4703 668 4758 Ad
708 4716 828 4771 cap.
865 4700 980 4770 XII,
1012 4701 1098 4758 18.
1129 4703 1494 4760 ΕΥΣΕΒῘΟΥ..
1517 4706 1746 4776 Λέγεται
1772 4707 1882 4781 γάρ
1907 4709 2069 4763 κατά-

2245 4709 2482 4766 Eusssu.
2519 4708 2726 4764 Dicitur
2775 4707 2919 4762 Deus
2970 4705 3022 4759 in
3081 4711 3316 4758 montem
3363 4702 3750 4767 descendisse,

501 4794 662 4859 ϐασις
701 4793 818 4848 θεία
845 4795 938 4846 ἐπὶ
974 4793 1036 4846 τὸ
1066 4793 1190 4865 ὅρος
1215 4798 1493 4865 γεγονέναι
1520 4799 1639 4852 καθ’
1674 4798 1733 4853 δν
1766 4800 2074 4871 ἐνομοθέτει

503 4887 712 4958 καιρὸν,
729 4883 814 4938 ἵνα
843 4884 1042 4948 πάντες
1065 4885 1365 4940 θεάσωνται
1391 4888 1488 4960 τὴν
1513 4891 1790 4962 ἐνέργειαν
1809 4891 1901 4944 τοῦ
1916 4891 2069 4944 Θεοῦ·

501 4979 799 5042 κατάϐασις
825 4977 932 5048 γάρ
960 4977 1095 5050 αὕτη
1123 4981 1299 5049 σαφής
1329 4982 1497 5045 ἐστιν,
1532 4984 1590 5034 ού
1621 4983 1693 5054 μὴ
1726 4985 1942 5056 τοπικήὶ.
1957 4983 2076 5037 Τῶν

502 5071 632 5143 γοῦν
683 5069 967 5142 φυομένων
999 5071 1138 5124 κατά
1176 5071 1237 5124 τὸ
1279 5071 1402 5143 ὅρος
1440 5073 1784 5144 φλεγομένων
1807 5077 2072 5148 σφοδρῶς,

502 5163 651 5214 οὐδὲν
677 5162 736 5215 τὸ
759 5163 868 5232 πῦρ
891 5160 1193 5224 ὲξανάλωσε
1215 5182 1226 5192 ·
1288 5164 1600 5234 σαλπίγγων
1638 5185 1698 5219 τε
1751 5170 1922 5237 φωναὶ
1955 5185 2075 5238 σφο-

502 5251 756 5324 δρότερον
790 5257 1170 5327 συνηκούοντο,
1190 5255 1262 5328 μὴ
1286 5258 1660 5328 προκειμένων
1687 5262 1935 5334 ὀργάνων
1963 5280 2074 5316 τοι-

501 5339 692 5409 ούτων,
731 5344 865 5414 μηδὲ
888 5345 982 5397 τοῦ
1010 5347 1377 5417 φωνήσαντος,
1429 5346 1562 5401 ἀλλὰ
1607 5349 1727 5420 θείᾳ
1761 5355 2068 5424 κατασκευῇ

499 5433 803 5505 γινομένων
857 5437 1132 5492 ἀπάντων.
1173 5439 1336 5506 Ὥστε
1381 5440 1550 5507 σαφὲς
1595 5437 1734 5495 εἶναι
1769 5443 1857 5496 διὰ
1896 5444 2071 5499 ταῦτα

501 5525 602 5594 τὴν
644 5526 943 5580 κατάϐασιν
992 5529 1139 5584 θείαν
1179 5531 1479 5598 γεγονέναι,
1514 5533 1607 5584 καὶ
1644 5533 1734 5585 τὸν
1760 5534 1892 5588 Θεὸν
1942 5536 2068 5588 ἄνευ

502 5618 645 5681 τινὸς
699 5617 970 5671 δεικνύναι
1012 5621 1110 5691 τὴν
1165 5623 1358 5676 ἐαυτοῦ
1390 5623 1477 5678 διὰ
1525 5625 1740 5679 πάντων
1790 5626 2070 5697 μεγαλειό-

500 5725 659 5782 τητα.

2179 4815 2290 4871 quo
2327 4810 2567 4870 tempore
2601 4799 2688 4855 lex
2724 4797 3056 4861 tradebatur,
3093 4804 3152 4850 ut
3182 4794 3365 4850 cuncti
3397 4795 3608 4849 scilicet
3652 4791 3750 4848 Dei

2162 4891 2474 4949 .eﬁicaciam
2519 4891 2783 4946 viderent.
2825 4886 3124 4957 Caeteroqui
3159 4887 3276 4941 hac
3315 4885 3620 4952 descensio,
3653 4900 3750 4938 ex-

2179 4995 2347 5040 ternae
2390 4982 2711 5038 ostensionis
2771 4981 2906 5047 fuit,
2963 4996 3068 5036 non
3120 4978 3334 5036 localis.
3385 4967 3748 5045 Quamobrem

2180 5072 2491 5129 ardentibus
2533 5072 2659 5127 licet
2699 5071 2971 5136 onmibus,
2997 5085 3117 5140 qua:
3160 5071 3213 5124 in
3245 5076 3428 5123 monte
3475 5067 3750 5136 genuina-

2178 5167 2343 5231 baut,
2389 5165 2521 5221 nihil
2567 5174 2744 5220 tamen
2794 5166 2918 5236 igne
2983 5164 3422 5221 consumebatur.
3475 5159 3750 5214 Tubarum

2180 5272 2394 5327 quoque
2426 5257 2644 5314 sonitus
2677 5257 2979 5328 gravissimi
3025 5255 3404 5317 audiebantur,
3433 5265 3746 5322 quanquam

2185 5349 2365 5403 nullus
2412 5348 2486 5404 ibi
2547 5364 2679 5403 usus
2737 5349 3219 5403 instrumentorum
3271 5353 3430 5406 erat,
3479 5356 3749 5411 nemoque

2177 5442 2446 5506 clamans,
2487 5441 2584 5496 sed
2637 5441 2728 5496 Dei
2783 5439 3157 5495 tantummodo
3199 5452 3362 5507 opera
3407 5435 3524 5491 haec
3563 5434 3752 5490 omnia

2126 5601 2131 5608 .
2176 5533 2396 5588 ﬁebant.
2431 5531 2610 5600 Quare
2657 5532 2993 5602 exploratum
3039 5537 3157 5592 est,
3205 5528 3439 5581 divinam
3486 5523 3748 5593 hujusce-

2181 5626 2322 5680 modi
2351 5625 2516 5681 l'uisse
2538 5627 2967 5689 descensionem,
2995 5621 3276 5688 Deumque
3293 5616 3499 5687 alisque
3522 5616 3630 5671 ullo
3653 5617 3755 5670 ad-

2180 5717 2438 5773 miniculo
2467 5733 2620 5772 suam
2653 5718 2702 5771 in
2716 5715 2962 5771 omnibus
2975 5711 3278 5769 ostendisse
3299 5707 3746 5780 magnitudinem.

600 5823 622 5854 ³
645 5821 774 5878 Luc.
804 5827 950 5890 xxw,
977 5823 1028 5878 4.
1108 5824 1152 5857 ⁸³
1176 5823 1347 5884 Exod.
1387 5842 1471 5894 tu,
1495 5828 1548 5880 ‘2.
1627 5828 1673 5862 ”
1701 5827 1855 5885 Deut.
1895 5845 1968 5896 tv,
1994 5829 2082 5884 2i.
2161 5829 2205 5860 ⁸⁵
2247 5827 2414 5885 Exod.
2451 5845 2605 5897 um,
2637 5830 2725 5884 22L
2798 5830 2846 5862 ⁸⁸
2877 5827 3020 5883 Psal.
3047 5839 3161 5890 cm,
3195 5823 3248 5878 εί.
