4116 6438
363 410 458 468 6οἹ
1072 415 1338 473 EUSEBH
1376 416 1848 502 CIESARlENSlS
1885 417 2036 474 OPP.
2076 417 2257 472 PARS
2297 416 2460 473 IV.—
2498 416 2918 474 DOGMATICA.
3484 414 3585 470 608

385 564 3574 606 Ἦ

442 772 1301 956 EUSEBII
1363 776 2067 958 ΟΡΕΒΑ

1859 776 2087 955 ὶΑ
2143 773 3484 960 DOGMATICA.

1281 1252 1484 1375 DE
1572 1237 2649 1380 THEOPHANIA.

1083 1487 1309 1558 (Angelo
1343 1488 1471 1556 MAI,
1509 1487 1835 1542 Bibliotheca
1871 1503 2002 1542 nova
2041 1486 2286 1557 Patrum,
2327 1488 2419 1556 ιν,
2461 1489 2564 1545 110
2601 1501 2654 1545 et.
2692 1489 2844 1560 510.)

1933 1621 2028 1671 *Ἴ

1661 1770 2288 1885 ΜοΝιΤυΜ.

419 2009 573 2067 Inter
617 2019 809 2066 caetera
851 2007 1064 2066 Eusebii
1095 2008 1440 2064 Caesariensis
1472 2027 1630 2081 opera
1670 2011 1819 2065 divus
1859 2009 2232 2081 Hieronymus,
2263 2014 2343 2069 De
2377 2014 2510 2070 viris
2549 2014 2624 2069 ill.
2659 2031 2774 2084 cap.
2800 2015 2890 2082 81,
2921 2017 3086 2070 libros
3128 2015 3353 2086 quinque
3386 2014 3593 2086 Θεοφα-

343 2103 528 2172 νεεας,
574 2104 630 2158 id
671 2112 748 2158 est
801 2103 874 2157 De
913 2103 1003 2156 Dei
1053 2101 1522 2169 manifestatioue,
1567 2103 1946 2158 nominauerat.
1981 2101 2114 2156 Item
2160 2103 2326 2174 Syrus
2376 2104 2664 2161 Ebediesus
2712 2107 2766 2161 in
2809 2116 3081 2161 auctorum
3127 2109 3392 2177 catalogo,
3440 2124 3593 2176 quem

346 2195 674 2252 Ecbellensis
705 2199 896 2268 primo,
925 2197 1112 2252 deinde
1139 2196 1456 2251 Assemanus
1493 2198 1799 2264 ediderunt,
1847 2198 1983 2251 idem
2024 2195 2237 2252 Eusebii
2269 2215 2397 2269 Opus
2430 2209 2923 2256 commemoraverat
2959 2201 3024 2254 de
3068 2197 3256 2254 Crteca
3284 2200 3354 2253 ad
3393 2199 3589 2270 Syria-

339 2303 456 2344 cam
509 2289 746 2360 Knguam
786 2288 1122 2342 translatum.
1170 2286 1344 2344 Grani
1383 2290 1657 2358 originalis
1697 2289 1954 2359 deperditi
2001 2289 2182 2357 viginti
2223 2308 2314 2361 ego
2356 2291 2652 2361 fragmenta
2690 2293 2746 2346 in
2790 2291 3058 2348 Vaticanis
3099 2291 3364 2346 codicibus
3408 2292 3596 2345 obser-

340 2389 483 2443 vata,
508 2379 648 2434 inter
671 2377 895 2435 Veteres
922 2396 1059 2435 meos
1089 2380 1390 2447 Scriptores
1418 2389 1456 2433 t.
1483 2378 1535 2445 I,
1559 2381 1642 2434 ed.
1671 2396 1798 2445 sec.,
1824 2397 1962 2435 anno
1985 2380 2143 2446 1851,
2168 2390 2216 2434 et
2245 2390 2285 2435 t.
2325 2379 2490 2446 VIII,
2517 2399 2607 2436 an.
2633 2382 2791 2451 1855,
2817 2383 3227 2453 divulgaveram.
3253 2385 3388 2438 Ecce
3418 2393 3592 2438 autem

341 2471 698 2542 signiﬁcatam
729 2473 878 2528 nobis
911 2473 975 2526 ab
1006 2471 1266 2527 Ebediesu
1302 2472 1584 2544 Syriacam
1627 2472 1913 2528 Eusebiani
1949 2474 2118 2542 operis
2159 2473 2584 2539 translationem,
2632 2475 2738 2529 duo
2769 2477 3004 2545 perdocti
3034 2487 3080 2530 et
3123 2477 3352 2531 illustres
3401 2486 3594 2534 nostra

340 2565 514 2620 (etatis
552 2564 709 2634 Angli
742 2580 768 2619 s
800 2564 1021 2618 tenebris
1066 2565 1288 2634 denique
1315 2574 1584 2633 eruerant,
1614 2564 1865 2620 Tatamus
1897 2575 2050 2636 atque
2095 2563 2265 2629 Leus;
2299 2581 2520 2635 quorum
2565 2566 2656 2620 ille
2704 2582 2769 2621 ea:
2806 2565 3125 2637 Egyptiaco
3174 2569 3229 2622 in
3261 2568 3441 2622 Nitria
3478 2587 3591 2622 mo-

339 2657 572 2712 nasterio
612 2656 850 2712 Scetensi
885 2656 1116 2709 codicem
1158 2671 1296 2709 anno
1326 2656 1462 2713 1859
1508 2657 1563 2709 in
1596 2655 1842 2725 Angliam
1880 2656 2103 2720 detulit;
2144 2655 2279 2708 alter
2319 2665 2493 2708 autem
2542 2655 2822 2725 Syriacum
2861 2658 2998 2711 hunc
3041 2667 3236 2712 textum
3277 2677 3415 2713 anno
3452 2659 3591 2715 1842

339 2745 606 2813 Londini,
644 2753 692 2798 et
741 2754 985 2815 sequente
1032 2761 1172 2798 anno
1212 2743 1492 2814 Anglicam
1534 2745 1766 2814 ejusdem
1820 2745 2308 2813 interpretationem
2368 2743 2728 2817 Cantabrigia:
2769 2763 2885 2801 cum
2939 2748 3164 2804 eruditis
3211 2750 3587 2820 prolegomenis

339 2840 656 2910 scholiisque
691 2840 975 2910 impressit.
999 2839 1068 2894 Et
1105 2839 1359 2910 Syriacus
1388 2840 1595 2910 quidem
1630 2849 1800 2895 textus
1836 2840 2070 2894 nondum
2096 2841 2164 2893 ad
2201 2856 2304 2907 me,
2344 2843 2484 2912 quod
2513 2841 2685 2908 doleo,
2728 2843 2989 2910 pervenit;
3030 2861 3146 2900 cum
3185 2856 3362 2902 tamen
3403 2849 3603 2918 Angli-.

340 2952 458 2995 cum
497 2934 765 2989 desinente
804 2948 942 2986 anno
977 2931 1117 2988 1846
1144 2933 1411 2987 commode
1443 2932 1651 2986 demum
1697 2944 1880 2986 nactus
1919 2931 2135 3001 fuerim,
2173 2948 2389 3002 eumque
2439 2934 2673 2988 studiose
2712 2933 2952 3005 legerim,
2996 2937 3175 2991 statim
3215 2943 3429 3008 cognovi
3473 2941 3592 3010 fra-

339 3039 548 3101 gmenta
581 3027 768 3085 Graeca
798 3044 915 3098 qua:
949 3044 1041 3097 ego
1066 3026 1260 3082 multos
1290 3037 1411 3082 ante
1439 3044 1606 3082 annos
1633 3027 1924 3094 edideram,
1961 3044 2140 3096 reapse
2172 3031 2240 3082 ad
2269 3027 2488 3083 Eusebii
2518 3029 2947 3100 Theophaniam,
2978 3041 3132 3098 prout
3167 3034 3402 3098 ipsorum
3441 3036 3582 3089 tituli

340 3127 599 3198 ferebant,
637 3124 894 3194 pertinere
926 3125 1070 3193 (nam
1098 3123 1264 3200 sicubi
1299 3124 1502 3178 codices
1528 3125 1629 3178 mei
1661 3140 1777 3177 cum
1815 3123 2037 3193 Syriaco
2067 3141 2170 3178 non
2198 3125 2329 3179 satis
2359 3133 2680 3195 congruunt,
2720 3127 2774 3180 id
2815 3126 2922 3180 suis
2955 3127 3083 3181 locis
3113 3138 3294 3195 postea
3332 3129 3583 3201 dicetur).

343 3221 452 3284 Sed
485 3229 535 3275 et
581 3220 794 3288 insuper
828 3219 1087 3287 comperi,
1121 3218 1417 3287 fragmenta
1460 3218 1599 3288 alia,
1639 3236 1730 3272 nec
1759 3219 1932 3272 brevia
1976 3236 2066 3273 nec
2104 3219 2434 3289 paenitenda,
2473 3235 2591 3289 qua:
2623 3235 2716 3289 ego
2754 3220 2808 3274 in
2867 3217 3137 3275 Vaticanis
3180 3232 3486 3276 catenarum
3515 3225 3584 3277 ad

343 3316 544 3372 Lucum
587 3315 856 3371 codicibus
896 3315 991 3369 sub
1038 3313 1253 3368 Eusebii
1298 3323 1501 3367 tantum
1555 3315 1762 3368 nomine
1807 3329 2145 3382 aspexeram,
2190 3314 2410 3384 ideoque
2455 3322 2706 3383 tanquam
2748 3313 3036 3368 Eusebiani
3079 3315 3148 3368 ad
3198 3313 3396 3373 Lucam
3445 3333 3592 3370 com-

341 3409 587 3465 mentarii
626 3417 891 3479 segmenta
923 3410 980 3463 in
1017 3410 1266 3478 prwdicto
1299 3407 1499 3478 Script.
1521 3418 1629 3466 vel.
1661 3419 1800 3463 torno
1834 3411 2002 3478 primo
2035 3419 2398 3474 attexueram;
2423 3409 2676 3477 comperi,
2715 3413 2960 3478 inquam,
2995 3409 3106 3464 haec
3147 3427 3352 3481 quoque
3395 3414 3594 3481 partim

339 3521 406 3561 ea:
433 3505 784 3574 Theophania
828 3504 993 3574 fuisse
1031 3505 1286 3571 detracta,
1321 3505 1378 3559 id
1416 3506 1556 3575 quod
1601 3503 1850 3575 Syriacus
1903 3516 2076 3560 textus
2115 3505 2193 3560 vel
2243 3505 2414 3575 potius
2461 3503 2786 3572 Anglicanus
2831 3520 2910 3558 me
2962 3504 3133 3560 docet.
3176 3503 3309 3570 Qua:
3343 3522 3422 3559 res
3468 3523 3590 3559 cum

341 3615 424 3654 me
456 3614 771 3669 magnopere
811 3599 1200 3667 delectavisset,
1239 3601 1483 3654 constitui
1529 3603 1770 3670 protinus
1815 3600 2000 3655 Graeca
2045 3601 2226 3654 omnia
2259 3599 2627 3669 Theophanize
2670 3616 2703 3653 a
2740 3615 2823 3654 me
2861 3600 2986 3653 olim
3045 3601 3248 3656 detecta
3292 3601 3593 3670 fragmenta

341 3708 480 3746 nunc
519 3708 855 3762 congregare,
888 3691 1078 3749 Latina
1106 3694 1263 3747 etiam
1294 3693 1487 3762 facere,
1515 3704 1670 3764 atque
1702 3704 1758 3746 ut
1793 3693 2036 3746 monebat
2076 3692 2313 3762 impressi
2342 3691 2563 3761 Anglice
2607 3691 2778 3761 operis
2808 3693 3000 3758 series,
3044 3692 3171 3746 locis
3204 3694 3442 3763 quodque
3476 3695 3589 3747 suis

339 3786 616 3842 collocare.
641 3785 783 3841 Nam
826 3785 1198 3842 Vaticanarum
1236 3797 1539 3843 catenarum
1570 3797 1808 3842 auctores
1841 3785 2056 3842 Eusebii
2097 3786 2498 3856 Theophaniam
2529 3795 2678 3840 extra
2728 3785 2846 3840 libri
2894 3787 3130 3840 ordinem
3157 3800 3254 3855 pro
3293 3803 3388 3840 suo
3433 3787 3588 3840 libita

339 3889 728 3949 excerpserunt,
763 3881 838 3935 vel
879 3882 1051 3950 potius
1084 3889 1238 3948 prout
1282 3880 1611 3950 evangelicae,
1647 3897 1803 3948 quam
1849 3880 1949 3947 ipsi
1993 3880 2361 3949 sequebantur,
2395 3877 2629 3932 historice
2670 3893 2855 3932 cursus
2900 3879 3163 3947 poscebat.
3201 3877 3458 3947 Exemplo
3519 3881 3590 3935 sit

341 3973 579 4026 narratio
607 3971 672 4025 de
699 3972 895 4026 Christi
929 3973 1142 4025 Domini
1175 3980 1364 4038 morte,
1401 3987 1559 4041 quam
1591 3969 1849 4025 Eusebius
1872 3971 2019 4039 [libro
2068 3971 2221 4023 tertio
2258 3969 2427 4023 medio
2470 3971 2679 4036 scribit,
2723 3970 2940 4025 Nicetas
2983 3977 3194 4033 autem,
3241 3971 3396 4024 unius
3415 3988 3455 4041 ge
3499 3990 3591 4028 ca-

340 4064 479 4119 tenis
525 4074 737 4129 auctor,
783 4065 877 4118 sub
913 4064 1069 4133 ﬁnem
1107 4079 1218 4118 sum
1267 4064 1650 4118 lucubrationis
1678 4073 1734 4116 ut
1778 4079 1875 4132 par
1919 4072 2035 4117 erat
2065 4063 2272 4131 posuit,
2318 4079 2497 4131 nempe
2530 4064 2585 4117 in
2628 4065 2824 4134 pagina
2866 4061 3063 4115 codicis
3112 4064 3470 4118 trecentesimo
3506 4082 3591 4119 se—

338 4160 533 4228 ptima,
574 4171 694 4226 qua:
729 4172 761 4208 a
797 4155 902 4224 ﬁne
933 4157 1015 4210 sui
1054 4156 1333 4211 voluminis
1374 4171 1558 4224 parum
1596 4155 1759 4208 abest.
1808 4151 2010 4209 Niceten
2045 4154 2273 4208 codicem
2329 4156 2445 4210 Vat.
2477 4155 2608 4211 1611
2654 4156 2828 4209 littera
2857 4152 2904 4206 A
2942 4153 3177 4223 designo.
3204 4152 3438 4209 Macarii
3469 4171 3584 4210 vero

339 4250 782 4323 Chrysocepltali,
827 4251 1046 4305 diversae
1095 4260 1294 4304 catena:
1346 4250 1608 4316 auctoris,
1654 4249 1742 4319 qui
1785 4249 1910 4302 item
1950 4247 2354 4318 Theophaniam
2397 4249 2710 4304 nominatim
2765 4246 3056 4315 aliquando
3090 4246 3322 4314 expilet,
3359 4247 3590 4307 codicem,

351 4341 470 4396 Vat.
510 4341 653 4398 1610
682 4343 870 4397 denoto
906 4341 1085 4397 littera
1126 4341 1189 4396 Ε.
1215 4341 1365 4396 Alias
1407 4342 1612 4395 demum
1644 4349 1855 4395 catenas
1893 4341 2046 4404 duas,
2091 4338 2208 4394 Vat.
2251 4338 2372 4395 Pal.
2408 4339 2530 4394 Vat.
2568 4339 2636 4394 20
2670 4348 2718 4394 et
2751 4337 2930 4393 Ottob.
2971 4335 3092 4391 Vat.
3136 4337 3260 4402 100,
3295 4355 3412 4408 quae
3451 4338 3576 4391 milii

339 4435 625 4506 symbolam
663 4436 1078 4506 fragmentorum
1113 4435 1298 4490 horum
1331 4435 1657 4491 contulerunt
1675 4477 1692 4502 ,Α
1722 4436 1909 4489 litteris
1940 4435 1980 4488 Β
2006 4445 2055 4488 et
2080 4435 2121 4489 L
2150 4437 2469 4490 demonstro.
2515 4434 2740 4489 Unicum
2787 4433 3009 4503 denique
3051 4434 3280 4501 primum
3323 4432 3582 4502 fragmen-

340 4540 452 4591 tum
489 4547 554 4585 ex
580 4533 734 4585 codd.
776 4531 1160 4586 Mediolanensi
1194 4544 1240 4587 et
1287 4532 1562 4587 Parisiaco
1595 4532 1751 4587 simul
1790 4535 1986 4604 adfuit.
2027 4531 2180 4587 Hanc
2211 4534 2384 4604 itaque
2421 4532 2724 4587 Graecorum
2770 4529 3120 4599 Theophaniaz
3165 4528 3582 4600 fragmentorum

340 4627 694 4694 tempestivam
721 4628 895 4682 hercle
931 4629 1210 4682 editionem
1248 4646 1386 4684 nunc
1407 4646 1562 4696 curo,
1592 4639 1702 4684 tum
1741 4639 1799 4682 ut
1832 4628 2049 4683 Eusebii
2080 4630 2308 4684 nativum
2339 4637 2559 4692 textum,
2594 4637 2852 4695 quantum
2892 4627 2976 4696 fas
3004 4632 3103 4689 est,
3151 4631 3215 4682 ab
3250 4628 3463 4682 interitu
3502 4641 3587 4680 re-

341 4733 544 4783 vocem;
567 4729 682 4772 tum
709 4729 762 4772 ut
802 4718 966 4790 Syrus
1005 4722 1261 4790 interpres
1303 4720 1481 4792 sicubi]
1506 4731 1726 4775 mentem
1762 4721 1996 4775 auctoris
2034 4737 2139 4774 non
2171 4729 2246 4772 est
2286 4728 2556 4773 assecutus
2591 4719 2747 4788 (quod
2775 4718 2824 4772 ei
2865 4720 3149 4775 identidem
3191 4718 3448 4772 accidisse
3473 4717 3586 4769 sine

311 4807 502 4870 ;dubio
549 4808 1066 4882 animadvertimus),
1118 4811 1417 4866 authentico
1463 4811 1768 4864 documento
1815 4809 2136 4865 emendetur.
2178 4807 2292 4862 Nec
2340 4823 2466 4862 sane
2514 4808 2693 4861 dubito
2739 4808 2868 4877 quin
2919 4807 3142 4877 apellam
3187 4823 3354 4862 meam
3405 4807 3483 4862 vir
3513 4806 3580 4860 cl-

343 4903 479 4958 Leus
509 4903 631 4958 boni
661 4906 928 4975 consulat,
972 4923 1152 4978 meque
1194 4907 1242 4961 ei
1280 4923 1590 4976 magnOpere
1637 4907 1830 4976 favere,
1873 4914 2071 4959 certum
2114 4904 2321 4958 habeat.
2363 4902 2494 4957 Hcce
2535 4903 2778 4968 interim;
2817 4918 3040 4973 namque
3083 4915 3132 4958 et
3177 4903 3311 4956 alios
3348 4913 3459 4955 tum
3490 4901 3582 4954 abs

317 4993 469 5060 tLeo,
523 5005 634 5050 tum
676 4998 741 5050 ab
778 4997 1012 5068 ejusdem
1065 4999 1248 5069 gloria:
1288 5000 1428 5053 socio
1471 4999 1539 5055 cl.
1581 4998 1669 5054 W.
1709 4998 1990 5063 Curetono,
2027 5014 2207 5054 sacros
2251 5007 2528 5064 auctores,
2571 4997 2859 5065 pnesertim
2911 5012 3157 5068 magnum
3195 4994 3582 5057 Athanasium,

317 5088 594 5170 _L‘yrillum
641 5103 797 5161 atque
845 5093 1238 5164 Eplirtemium,
1275 5105 1665 5164 exspectamus;
1693 5113 1821 5168 quos
1852 5111 1987 5150 nunc
2035 5097 2246 5166 quidem
2285 5094 2491 5164 cupidis
2540 5095 2684 5166 votis
2711 5096 3030 5164 expetimus;
3061 5092 3240 5148 statim
3282 5107 3341 5145 ac
3375 5105 3492 5145 vero
3529 5090 3584 5144 in

343 5194 670 5254 conspectum
707 5187 961 5255 venerint,
992 5190 1434 5246 exosculabimur.
