4116 6394
803 363 899 372 ..-ο-ν

443 418 543 478 Gil

1147 418 1412 480 EUSEBlI
1450 409 1924 475 CESARIEN-SIS
1963 413 2114 472 OPP.
2154 409 2332 468 PARS
2369 413 2459 469 IV.
2500 445 2568 460 --
2604 410 3024 468 DOGMATICA.

3585 411 3694 466 '6i2

446 539 566 591 sine
615 538 820 609 ingenti
857 539 1106 609 prodigio
1133 541 1263 605 fuit,
1297 542 1540 608 nihilque
1571 552 1860 592 commune
1894 551 2016 592 cum

2127 535 2360 605 λόγηται,
2410 532 2599 587 πολλοῦ
2659 533 2873 604 μετέχει
2925 530 3020 584 τοῦ
3063 529 3362 600 θαύματος,
3407 529 3471 582 οὐ
3524 530 3697 594 κοινὸς

445 627 673 698 reliquis
699 630 909 684 habuit.
951 630 1136 698 Neque
1181 631 1326 682 enim
1361 632 1553 684 morbo
1591 632 1894 684 exstinctus
1933 640 2017 684 est

445 721 715 784 Christus,
741 728 835 773 aut
857 721 1079 788 laqueo,
1105 732 1200 774 aut
1225 723 1368 791 igne,
1387 736 1568 790 neque
1600 723 1652 775 in
1689 723 1806 788 ipso
1837 723 2044 778 crucis'

447 821 649 879 tropaeo
682 826 836 879 aeque
863 827 926 865 ac
943 812 1123 866 caeteri
1159 813 1387 866 maleﬁci
1417 815 1562 867 ferro
1592 813 1836 867 succisus
1866 813 1965 866 fuit
1997 830 2012 879 ;

443 917 622 971 neque
655 903 751 957 abs
795 904 986 972 quovis
1017 904 1237 959 homine
1281 905 1622 959 mortiferum
1657 905 1858 973 aliquid
1895 921 2018 973 pas-

443 1011 560 1059 sus,
591 996 880 1050 violentam
911 997 1169 1052 sustinuit
1197 1011 1381 1050 necem
1410 1014 1423 1063 ;
1468 997 1562 1051 sed
1611 1007 1736 1051 tunc
1785 1007 2019 1052 tantum-

444 1089 607 1142 modo
630 1103 754 1142 cum
795 1089 910 1156 ipse
941 1099 1134 1156 sponte
1157 1104 1420 1157 organum
1454 1104 1610 1141 suum
1646 1089 1880 1144 inimicis
1910 1101 2020 1144 tra-

442 1178 619 1243 didit;
652 1193 886 1248 moxque
921 1179 1050 1232 illud
1101 1180 1168 1234 de
1210 1190 1355 1233 terra
1386 1179 1695 1234 suscitavit.
1729 1180 1939 1250 Quippe
1971 1182 2018 1237 is

445 1270 623 1324 valide
671 1269 1026 1337 exclamans,
1069 1269 1330 1340 Patrique
1358 1272 1608 1341 spiritum
1636 1275 2019 1329 commendare

445 1376 506 1416 se
533 1362 738 1425 dicens,
768 1363 884 1430 ipse
915 1371 1091 1416 semet
1127 1363 1402 1418 dimittens
1439 1379 1669 1433 corpore
1701 1380 1798 1419 suo
1825 1381 2017 1421 exces-

444 1451 539 1505 sit.
573 1450 696 1506 ldeo
723 1452 884 1505 etiam
925 1461 1049 1505 ante
1086 1462 1338 1517 mortem,
1374 1452 1735 1509 familiaribus
1769 1457 1883 1511 suis
1916 1458 2018 1512 hoc

446 1542 850 1611 signiﬁcaverat
879 1544 1066 1599 dicens
1098 1559 1114 1597 :
1144 1544 1313 1598 Nemo
1350 1545 1487 1599 tollit
1515 1549 1747 1600 animant
1781 1565 1949 1602 meam
1986 1567 2019 1604 a

444 1649 549 1696 me,
602 1634 690 1686 sed
739 1650 832 1703 ego
884 1636 1097 1703 ipsemet
1131 1652 1246 1689 eam
1280 1653 1415 1702 pono
1445 1653 1463 1691 :
1493 1649 1802 1708 potestatem
1858 1640 2019 1693 habeo

447 1728 676 1795 ponendi
705 1743 819 1781 eam
842 1767 860 1796 ,
903 1739 949 1782 et
981 1737 1288 1798 potestatem
1317 1731 1485 1785 habeo
1533 1733 1728 1788 iterum
1779 1735 2018 1789 sumendi

443 1833 563 1872 eam
595 1819 661 1873 ⁸⁷.

517 1999 659 2067 Quid
690 2014 820 2070 ergo
848 2009 970 2071 post
996 2001 1109 2057 haec
1127 2001 1238 2071 jam
1267 2013 1516 2073 superest
1535 2045 1550 2068 ,
1597 2007 1702 2061 nisi
1733 2007 1909 2076 ipsum
1938 2017 2020 2062 to-

447 2088 559 2144 tius
600 2090 674 2143 rei
707 2101 889 2157 caput,
921 2106 1215 2160 quamnam
1243 2108 1464 2148 causam
1491 2096 1763 2162 habuerit,
1797 2113 2020 2151 enarra-

448 2195 510 2235 re
536 2182 558 2234 ?
581 2181 983 2252 fatt'iigeratum,
1022 2183 1264 2252 inquam,
1297 2186 1420 2239 vitae
1448 2187 1632 2250 ﬁnem,
1670 2199 1725 2242 et
1755 2190 2020 2256 passiOuis

447 2276 666 2328 modqu
697 2291 710 2340 ;
758 2289 968 2330 necnon
998 2287 1122 2345 post
1147 2292 1334 2332 necem
1367 2318 1381 2342 ,
1419 2281 1838 2333 resurrectionis
1874 2281 2020 2350 ejus-

447 2367 567 2421 dem
615 2369 818 2436 grande
867 2369 1213 2426 miraculum.
1257 2370 1536 2440 Siquidem
1569 2373 1735 2443 igitur
1761 2374 1868 2428 al-io
1922 2375 2022 2428 ali-

445 2473 552 2528 quo
585 2459 764 2524 modo,
802 2472 923 2528 post
953 2476 1104 2516 suam
1134 2477 1256 2517 cum
1301 2464 1611 2520 hominibus
1638 2468 2020 2522 conversatio-

446 2563 592 2614 nem,
621 2559 842 2618 repente
873 2551 1160 2607 invisibilis
1189 2553 1412 2609 abiisset
1432 2593 1447 2618 ,
1485 2566 1659 2610 seruet
1685 2557 1802 2625 ipse
1838 2573 2022 2613 suum-

447 2656 554 2710 que
582 2656 901 2711 corporeum
933 2642 1286 2696 simulacrum
1315 2645 1453 2699 clam
1489 2647 1816 2703 subtrahens
1841 2690 1856 2712 ,
1897 2649 2022 2720 fuga

447 2742 681 2786 mortem
721 2733 892 2786 vitare
930 2746 1220 2804 satagens;
1248 2745 1306 2792 et
1338 2738 1534 2792 deinde
1582 2739 1698 2808 ipse
1734 2743 2021 2796 mortalem

446 2831 662 2891 partem
693 2839 847 2878 suam
898 2827 1204 2895 corruptela
1252 2837 1308 2882 et
1357 2829 1722 2885 destructione
1771 2847 2026 2887 consum-

447 2912 672 2981 psisset,
693 2928 754 2966 ea
786 2928 872 2968 res
905 2929 1000 2984 par
1024 2915 1390 2983 phantasmati
1414 2921 1670 2974 omnibus
1697 2922 1810 2976 visa
1841 2934 2020 2992 esset;

449 3017 626 3070 neque
674 3018 772 3072 pro
799 3018 894 3057 sua
925 3004 1188 3074 dignitate
1217 3007 1436 3076 egisset,
1490 3015 1579 3078 qui
1625 3021 1744 3066 erat
1768 3014 1862 3068 Dei
1891 3014 2024 3069 Ver-

447 3090 581 3146 bum
618 3093 802 3147 vivens
858 3104 1018 3162 atque
1073 3095 1280 3162 virtus;
1339 3114 1516 3167 neque
1564 3104 1829 3158 rescitum
1879 3117 2024 3160 esset

2120 630 2230 690 τοῖς
2274 627 2482 689 λοιποῖς
2526 626 2910 695 γεγενημένος·
2950 625 3009 676 ού
3053 622 3162 694 γὰρ
3203 624 3342 692 νόσῳ
3381 621 3701 692 διαφθαρεὶς

2122 717 2245 770 οὑδὲ
2286 717 2484 788 βρόχῳ,
2511 711 2630 768 οὐδὲ
2660 715 2816 788 πυρὶ,
2865 713 2986 767 οὐδὲ
3035 714 3141 784 μὴν
3183 711 3300 766 κατ’
3345 711 3476 766 αὐτὸ
3506 712 3566 765 τὸ
3604 713 3699 767 τοῦ

2120 808 2354 878 σταυροῦ
2406 808 2668 878 τρόπαιον
2715 807 2916 877 ὁμοίως
2967 809 3078 870 τοῖς
3120 789 3326 868 λοιποῖς
3374 805 3702 877 κακούργοις

2118 901 2449 971 ὑποτμηθεὶς
2486 899 2709 971 σιδήρῳ,
2743 899 2851 952 οὐδ’
2890 898 3024 961 ὅλως
3054 898 3191 970 πρός
3221 915 3364 962 τινος
3399 898 3701 971 ἀνθρώπων

2121 992 2310 1047 παθών
2352 1011 2405 1046 τι
2443 990 2550 1044 τῶν
2590 993 2836 1061 ἀναιρεῖν
2874 989 3165 1054 εἰωθότων,
3207 990 3386 1060 βιαίαν
3440 991 3702 1062 ὑπέμεινε

2119 1083 2390 1155 τελευτήν
2444 1083 2559 1137 ἀλλ’
2594 1083 2668 1146 ὡς
2711 1083 2872 1145 αὐτὸς
2922 1083 3080 1153 μόνον
3123 1083 3263 1136 ἑκὼν
3307 1083 3593 1156 παρεδίδου
3642 1085 3704 1138 τὸ

2121 1170 2284 1226 αὐτοῦ
2329 1171 2554 1244 δργανον
2593 1171 2706 1235 τοῖς
2741 1170 3182 1224 ἐπιϐουλεύουσι·
3220 1172 3282 1225 τὸ
3318 1175 3416 1242 μὲν
3456 1173 3564 1226 ἀπὸ
3600 1174 3704 1244 γῆς

2120 1252 2426 1334 ἆνωρθοῦτο
2455 1262 2669 1316 αὐτίκα⁸
2696 1265 2724 1315 ό
2749 1262 2807 1315 δὲ
2833 1265 3086 1334 φωνήσας
3115 1263 3278 1334 μέγα,
3309 1265 3404 1317 καὶ
3426 1265 3504 1335 τῷ
3527 1267 3704 1336 Πατρὶ

2119 1352 2179 1405 τὸ
2222 1353 2437 1423 πνεῦμα
2482 1352 2879 1425 παρατίθεσθαι
2921 1352 3112 1416 εἰπὼν,
3161 1353 3362 1423 ἄφετος
3403 1354 3566 1418 αὐτὸς
3608 1357 3702 1424 ἀφ’

2121 1445 2315 1499 ἑαυτοῦ
2344 1447 2441 1516 τὴν
2469 1449 2533 1499 ὲκ
2559 1445 2654 1498 τοῦ
2687 1446 2949 1516 σώματος.
2963 1444 3308 1517 ἀναχώρησιν
3339 1450 3593 1499 ἐποιεῖτο·
3624 1447 3705 1500 διὸ

2121 1543 2184 1612 δὴ
2212 1543 2316 1613 πρὸ
2348 1543 2441 1596 τοῦ
2480 1544 2713 1598 θανάτου
2741 1546 2853 1608 τοῖς
2882 1542 3042 1596 αὑτοῦ
3067 1543 3360 1614 γνωρίμοις
3390 1542 3550 1597 τοῦτο
3573 1543 3706 1596 αὐτὸ

2123 1636 2405 1706 παρεδίδου
2439 1637 2706 1690 διδάσκων
2755 1638 2849 1690 καὶ
2891 1636 3086 1703 λέγων·
3138 1635 3348 1700 Οὐδεὶς
3397 1636 3549 1702 αἴρει
3590 1635 3708 1702 τὴν

2121 1729 2333 1798 ’ψυχήν
2355 1748 2475 1798 μου
2501 1731 2602 1784 ἀπ’
2632 1729 2801 1799 ἐμοῦ,
2840 1730 2978 1784 ἀλλ’
3005 1730 3119 1798 ἐγὼ
3149 1729 3348 1796 τίθημι
3375 1728 3577 1797 αὐτὴν
3603 1729 3705 1782 ἀπ’

2122 1820 2402 1886 ἐμαυτοῦ·
2434 1821 2726 1885 ἐξουσίαν
2762 1822 2879 1891 ἔχω
2905 1821 3094 1875 θεῖναι
3133 1819 3350 1889 αὐτὴν,
3383 1820 3481 1874 καί
3519 1820 3707 1876 πάλιν

2119 1914 2410 1979 ἐξουσίαν
2433 1916 2550 1983 ἐχω
2581 1915 2790 1969 λαϐεῖν
2815 1914 3028 1980 αὐτήν.

2192 2009 2270 2079 (7)
2314 2009 2377 2061 Τί
2406 2005 2499 2062 οὖν
2524 2009 2616 2061 ὲπί
2657 2009 2870 2073 τούτοις
2906 2008 3173 2071 λείπεται,
3203 2008 3396 2079 ἢίαύτδ
3424 2007 3488 2078 δὴ
3519 2007 3580 2060 τὸ
3610 2006 3706 2060 τοῦ

2123 2100 2322 2164 παντὸς
2383 2101 2678 2170 κεφάλαιον
2735 2103 2927 2154 ὁποίαν
2987 2101 3146 2171 ἔσχεν
3191 2101 3369 2153 αἰτίαν
3436 2099 3706 2165 ὲξειπείν;

2122 2193 2264 2261 λέγω
2306 2193 2361 2246 δὲ
2394 2193 2456 2245 τὸ
2493 2192 2929 2263 πολυθρύλλητον
2969 2191 3063 2244 τοῦ
3106 2191 3222 2261 βίου
3266 2191 3437 2254 τέλος,
3481 2192 3574 2244 καὶ
3612 2189 3707 2244 τοῦ

2123 2287 2330 2350 πάθους
2362 2287 2450 2339 τὸν
2494 2286 2716 2357 τρόπον,
2753 2287 2970 2357 καὶτῆς
3005 2286 3143 2357 μετὰ
3178 2285 3268 2338 τὸν
3313 2285 3542 2338 θάνατον
3577 2286 3709 2338 ἀνα-

2123 2377 2363 2440 ϐιώσεως
2388 2376 2554 2430 αὐτοῦ
2577 2376 2638 2429 τὸ
2662 2377 2803 2447 μέγα
2828 2376 3031 2446 θαῦμα.
3059 2377 3120 2429 Εἰ
3148 2377 3245 2447 μὲν
3268 2371 3360 2430 οὖν
3388 2376 3563 2437 ἄλλως
3593 2395 3710 2440 πως

2125 2468 2267 2539 μετὰ
2301 2469 2398 2532 τὰς
2442 2471 2500 2521 ὲν
2544 2467 2852 2538 ἀνθρώποις
2893 2468 3174 2538 διατριϐὰς
3212 2469 3424 2539 ἀφανὴς
3471 2468 3710 2537 γεγονὼς

2124 2561 2381 2631 ἐξαίφνης
2425 2561 2664 2632 ἀπέπτη,
2707 2561 3019 2630 ὑποκλέψας
3072 2560 3246 2633 λάθρα
3284 2561 3477 2615 ἑαυτὸν
3515 2563 3611 2614 καὶ
3648 2562 3710 2616 τδ

2125 2655 2321 2706 οἰκεῖον
2347 2652 2592 2722 ἄγαλμα,
2629 2656 2774 2723 φυγῇ
2816 2654 2909 2705 τὸν
2949 2653 3176 2706 θάνατον
3218 2652 3499 2724 διαδράναι
3545 2670 3709 2706 σπου-

2125 2746 2315 2808 δάσας,
2336 2745 2573 2798 κᾶπειτά
2601 2757 2703 2797 που
2729 2745 2790 2797 τὸ
2813 2745 3004 2817 θνητὸν
3032 2747 3193 2810 αὐτὸς
3217 2747 3284 2800 δι’
3307 2745 3499 2800 ἑαυτοῦ
3528 2746 3706 2822 φθορᾷ

2127 2839 2221 2892 καί
2248 2838 2493 2909 ἀπωλείᾳ
2515 2837 2842 2907 συνεψήσας,
2867 2839 3112 2908 φάσματι
3137 2838 3203 2892 ἂν
3227 2839 3388 2908 ἐῴκει
3414 2840 3524 2900 τοῖς
3549 2839 3704 2891 πᾶσιο

2128 2931 2222 2985 καὶ
2250 2932 2349 2983 οὐκ
2375 2930 2441 2983 ἂν
2463 2930 2622 2994 αὐτὸς
2649 2930 2798 3001 αὐτῷ
2820 2930 2888 2983 τὰ
2913 2931 3192 3002 πρέποντα
3220 2930 3569 3002 διεπράξατο,
3597 2929 3707 2994 ζῶν

2131 3024 2228 3092 μὲν
2254 3023 2534 3092 τυγχάνων
2561 3024 2654 3074 καὶ
2685 3019 2820 3074 Θεοῦ
2855 3021 3026 3089 Λόγος
3065 3021 3160 3074 καὶ
3195 3021 3448 3091 δύναμις,
3488 3020 3604 3074 οὔτ’
3641 3022 3710 3076 ἂν

2128 3114 2372 3185 ἐγνώσθη
2393 3117 2501 3184 ὅπη
2524 3115 2655 3166 ποτὲ
2675 3115 2885 3184 ὑπῆρχε
2906 3114 3054 3184 χωρή
3064 3130 3180 3176 σας,
3201 3111 3313 3164 οὔτ’
3339 3114 3404 3165 ἂν
3429 3111 3709 3184 ἐπιστὼθη

450 3199 690 3252 quonam
726 3188 1088 3252 excessisset;
1143 3204 1319 3257 neque
1365 3191 1416 3245 id
1470 3195 1736 3248 creditum
1772 3207 1917 3252 esset
1954 3199 2022 3252 ab

2127 3209 2239 3269 τοῖς
2294 3207 2368 3276 μὴ
2411 3207 2822 3277 παρειληφόσιν,
2866 3203 2978 3256 οὔτ’
3025 3203 3092 3257 ἂν
3130 3203 3361 3257 θανάτου
3401 3203 3500 3274 τὴν
3546 3202 3712 3272 φύσιν

451 3281 564 3335 illis
590 3283 788 3350 quibus
821 3282 1182 3350 signiﬁcatum
1221 3298 1326 3337 non
1354 3283 1547 3338 fuisset
1579 3303 1594 3351 ;
1645 3302 1818 3355 neque
1863 3298 2020 3342 natu-

452 3372 644 3426 raliter
673 3384 847 3428 tnorte
875 3375 1068 3430 fortior
1113 3376 1488 3445 apparuisset;
1531 3391 1705 3446 neque
1739 3379 2024 3446 ipropriam

454 3475 714 3517 naturam
744 3480 774 3517 a
811 3466 1151 3520 mortalitate
1183 3467 1560 3532 liberavisset;
1605 3482 1777 3536 neque
1824 3484 1886 3522 ea
1937 3486 2024 3525 res

451 3560 571 3607 toto
585 3556 652 3607 ab
690 3555 999 3610 hominibus
1032 3556 1278 3610 habitato
1307 3555 1439 3609 orbe
1460 3556 1710 3609 exaudita
1730 3568 1913 3623 esset;
1939 3573 2027 3610 ne-

453 3660 560 3714 que
577 3645 862 3714 discipulis
889 3647 1004 3700 suis
1030 3649 1220 3701 mortis
1245 3657 1612 3715 contemptum
1629 3651 2024 3717 persuasisset;

456 3749 632 3804 neque
659 3735 953 3804 magisterii
985 3735 1069 3788 sui
1105 3735 1339 3790 alumnis
1368 3738 1488 3790 vita:
1507 3750 1624 3807 post
1651 3737 1855 3792 obitum
1885 3739 2027 3806 apud

455 3825 626 3879 Deum
683 3827 902 3896 agendae
936 3841 1084 3894 spem
1133 3827 1420 3882 obtulisset
1452 3844 1468 3893 ;
1504 3843 1680 3896 neque
1714 3844 2027 3883 sermonum

454 3932 677 3973 suorum
710 3921 975 3987 promissa
1010 3918 1449 3988 aditnplevisset;
1485 3935 1661 3990 neque
1696 3923 2029 3991 propheticis

457 4013 527 4066 de
578 4025 638 4065 se
673 4011 1116 4079 praedictionibus
1160 4026 1455 4079 congruum
1501 4012 1706 4066 exitum
1746 4015 2030 4082 praestitis-

458 4111 576 4166 set;
609 4116 782 4170 neque
811 4113 1144 4170 postremum
1171 4102 1412 4155 omnium
1457 4102 1765 4158 conﬂictqu
1793 4144 1808 4170 ,
1837 4107 2026 4162 videli-

458 4202 548 4248 cet
570 4193 832 4248 adversus
863 4206 1116 4260 mortem,
1149 4197 1560 4251 decertavisset.

500 4286 761 4357 lPropter
813 4289 928 4343 haec
994 4290 1216 4353 omnia,
1274 4291 1400 4358 quia
1463 4306 1684 4361 prorsus
1745 4293 2030 4362 oportebat

456 4379 688 4432 mortale
713 4394 974 4448 organum
1000 4419 1016 4444 ,
1050 4391 1170 4449 post
1201 4380 1476 4435 suﬂiciens
1526 4382 1882 4437 ministerium
1920 4385 2030 4440 Deo

462 4467 640 4524 Verbo
666 4470 992 4534 exbibituui,
1013 4471 1172 4524 ﬁnem
1209 4473 1318 4525 Deo
1333 4473 1555 4541 dignum
1584 4475 1850 4540 nancisci,
1881 4477 2024 4541 ideo,

2130 3298 2304 3368 ἐφάνη
2335 3298 2618 3368 κρείττων,
2648 3296 2759 3350 οὔτ’
2787 3296 2852 3349 ἂν
2890 3296 2951 3348 τὺ
2977 3295 3168 3364 θνητὸν
3191 3297 3290 3366 τῆς
3326 3295 3532 3358 οἰκείας
3558 3296 3713 3365 ἠλευ-

2132 3390 2291 3462 θέρου
2321 3389 2553 3459 φύσεως,
2584 3389 2700 3442 οὔτ’
2747 3388 2812 3442 ἂν
2846 3389 2966 3441 καθ’
3002 3388 3129 3459 ὅλης
3170 3391 3267 3458 τῆς
3301 3386 3603 3458 ἀνθρώπων
3631 3387 3711 3439 οἰ⁴

2132 3483 2401 3552 κουμένης
2423 3481 2686 3552 ἠκούσθη,
2709 3481 2819 3534 οὔτ’
2843 3479 2908 3533 ἂν
2943 3479 3174 3552 θανάτου
3203 3481 3561 3550 καταφρονεῖν
3587 3478 3712 3542 τοὺς

2131 3575 2294 3628 αὑτοῦ
2334 3574 2580 3646 μαθητὰς
2613 3575 2851 3637 ἔπεισεν,
2903 3571 3011 3626 οὒτ’
3065 3571 3130 3624 ἂν
3165 3573 3259 3642 τῆς
3309 3571 3446 3640 μετὰ
3483 3570 3712 3625 θάνατον

2134 3666 2283 3736 παρὰ
2310 3665 2428 3735 Θεῷ
2461 3664 2606 3736 ζωῆς
2637 3668 2748 3728 τοῖς
2781 3664 2877 3735 τὴν
2909 3662 3073 3716 αὑτοῦ
3101 3661 3446 3715 διδασκαλίαν
3492 3663 3712 3733 μετιοῦ-

2136 3776 2218 3811 σιν
2245 3757 2477 3829 [ἐλπίδα]
2523 3759 2923 3828 παρεστήσατο,
2959 3755 3070 3808 οὔτ’
3100 3755 3164 3808 ἂν
3197 3755 3306 3807 τῶν
3344 3756 3508 3809 αὑτοῦ
3540 3755 3712 3824 λόγων

2133 3851 2230 3914 τὰς
2271 3850 2600 3919 ἐπαγγελίας
2633 3850 2893 3920 ἐπλήρου,
2925 3847 3034 3902 οὒτ’
3079 3849 3145 3901 ἂν
3184 3849 3302 3912 ταῖς
3345 3851 3710 3920 προφητικαϊς

2134 3945 2262 4016 περί
2297 3942 2460 3996 αὐτοῦ
2489 3941 2822 4013 προρρήσεσι
2851 3941 3115 4010 σύμφωνα
3141 3943 3368 4010 παρεῖχε
3397 3940 3467 3992 τὰ
3511 3943 3709 3993 ἀποτε-

2134 4037 2402 4106 λέσματα,
2450 4035 2562 4089 οὔτ’
2601 4035 2666 4087 ἂν
2713 4034 2803 4086 τὸν
2831 4033 3059 4086 ὕστατον
3113 4032 3367 4085 ἁπάντων
3396 4033 3582 4100 ἀγῶνα
3604 4033 3713 4104 διη-

2136 4129 2342 4199 θλὴκει·
2378 4123 2530 4191 οὗτος
2551 4128 2594 4180 δ’
2623 4122 2690 4198 ἦν
2722 4127 2751 4179 ὁ
2772 4126 2910 4181 κατὰ
2938 4125 3032 4179 τοῦ
3068 4126 3298 4179 θανάτου
3335 4125 3433 4198 (8).

2205 4307 2295 4360 Διὸ
2345 4307 2409 4379 δὴ
2449 4305 2652 4360 τούτων
2703 4306 2862 4358 ἕνεκα
2916 4304 3154 4367 πάντων,
3203 4305 3388 4375 ἐπειδὴ
3430 4303 3600 4373 ἐχρῆν
3651 4302 3713 4368 ἐξ

2137 4399 2372 4462 ἅπαντος
2399 4394 2459 4451 τὸ
2492 4396 2684 4467 θνητὸν
2716 4397 2942 4466 ὄργανον
2992 4394 3129 4465 μετὰ
3172 4395 3272 4466 τὴν
3313 4395 3556 4463 αὐτάρκη
3591 4393 3709 4446 δια-

2135 4490 2318 4543 κονίαν
2363 4492 2429 4560 ἢν
2466 4489 2543 4559 τῷ
2593 4489 2713 4558 Θεῷ
2749 4487 2905 4556 Λόγῳ
2943 4487 3320 4557 διηκονήσατο,
3358 4485 3542 4546 τέλους
3592 4484 3714 4537 θεο-

459 4561 707 4629 inquam,
747 4562 853 4616 tale
885 4563 1075 4617 mortis
1101 4578 1272 4631 genus
1299 4564 1480 4633 elegit.
1530 4563 1660 4616 Nam
1710 4581 1876 4634 quum
1914 4571 2023 4621 dua'

2136 4579 2379 4650 πρεποῦς
2411 4582 2614 4649 τυχεῖν,
2649 4578 2822 4650 ταύτῃ
2860 4595 2935 4648 πη
2969 4574 3117 4645 αὐτῷ
3143 4576 3236 4628 καὶ
3264 4575 3292 4625 ό
3318 4573 3544 4635 θάνατος
3571 4569 3716 4642 ᾠκο-

460 4654 946 4707 consummationis
1003 4654 1242 4708 rationes
1308 4657 1677 4710 tantummodo
1733 4659 2023 4724 adessent,

460 4757 655 4811 nempe
684 4744 765 4798 vel
803 4747 1124 4814 corruptelae
1157 4757 1319 4816 atque
1369 4749 1534 4802 exitio
1570 4759 1737 4802 totum
1769 4751 1984 4804 tradere
2009 4790 2026 4816 ,

462 4843 625 4903 atque
653 4836 726 4890 ita
754 4837 1122 4904 turpissimum
1153 4839 1331 4893 facere
1365 4841 1486 4894 vitae
1529 4839 1727 4905 linem;
1764 4842 1845 4894 vel
1866 4843 2023 4895 morti

461 4926 796 4994 superiorem
832 4939 1004 4982 semet
1026 4930 1331 4994 ostendere,
1369 4930 1552 4984 divina
1580 4932 1776 4986 virtute
1805 4934 2030 4986 immor-

462 5017 574 5070 tale
619 5015 897 5072 eﬂiciendo
944 5021 1086 5087 quod
1143 5023 1369 5075 mortale
1417 5034 1568 5088 erat;
1624 5027 1771 5092 prior
1813 5027 2026 5093 quidem

459 5105 652 5160 modus
703 5109 1149 5176 promiSsionibus
1204 5113 1410 5167 alienus
1467 5125 1618 5180 erat;
1677 5132 1800 5169 nam
1857 5133 2030 5186 neque

462 5195 604 5266 ignis
630 5199 905 5267 proprium
946 5211 1030 5255 est
1079 5202 1397 5272 frigescere,
1432 5221 1604 5274 neque
1638 5209 1774 5262 lucis
1805 5210 2032 5265 obtene-

460 5290 644 5357 brari,
704 5307 882 5362 neque
911 5295 1034 5347 vita:
1085 5298 1256 5359 mori,
1298 5312 1474 5365 neque
1520 5299 1717 5354 divina:
1750 5303 2030 5371 sapientia:

463 5380 782 5452 insipienter
829 5400 1005 5455 agere.
1041 5386 1148 5442 Cur
1187 5388 1330 5441 enint
1365 5388 1432 5451 is,
1477 5389 1567 5457 qui
1621 5392 1835 5447 steteris
1863 5397 2026 5452 vitam

535 5495 581 5525 "
608 5495 766 5550 Joan.
803 5514 859 5564 ι,
903 5501 992 5554 18.

535 5608 612 5750 $7)
641 5610 774 5667 Cod.
800 5613 862 5665 A.
890 5613 928 5668 l’.
961 5614 1085 5668 502.
1110 5613 1164 5668 b.
1188 5613 1291 5669 Th.
1321 5615 1445 5687 Syr.
1477 5631 1559 5678 ιιι,
1586 5617 1656 5672 45
1677 5634 1793 5688 seq.

560 5684 614 5747 8)
663 5681 755 5734 His
782 5685 960 5736 causis
990 5687 1178 5739 mortis
1216 5687 1413 5742 Christi
1459 5689 1654 5742 nollem
1700 5692 1793 5743 int

560 5681 755 5756 8)__His
782 5685 960 5756 causis
990 5687 1178 5739 mortis
1216 5681 1413 5742 Christi
1459 5689 1654 5742 nollem
1700 5681 2030 5756 iri-Anglica-

452 5751 814 5826 .na_etlitio_ne
865 5755 1076 5826 additas
1121 5757 1286 5810 fuisse
1321 5760 1624 5814 ntuuerales
1665 5751 2027 5826 nmas,§uasi

468 5821 689 5874 totidem
714 5822 822 5874 sint
857 5825 1039 5890 cperis
1076 5827 1330 5893 capitula.

2133 4674 2364 4736 νομεῖτο.
2398 4672 2552 4722 Δυοῖν
2579 4669 2686 4738 γὰρ
2725 4666 3062 4736 λειπομένων
3089 4664 3167 4735 τῷ
3193 4663 3358 4728 τέλει,
3389 4661 3422 4732 ἢ
3469 4660 3648 4731 φθορᾷ
3678 4659 3712 4731 ἢ

2132 4763 2376 4832 ἀπωλείᾳ
2414 4761 2745 4833 παραδοῦναι
2773 4760 2834 4812 τὸ
2866 4761 2995 4824 πᾶν,
3032 4757 3125 4812 καὶ
3163 4756 3451 4826 αἰσχίστην
3477 4754 3712 4822 ποιήσα-

2134 4853 2255 4906 σθαι
2281 4853 2376 4924 τὴν
2395 4853 2488 4905 τοῦ
2520 4853 2634 4922 βίου
2663 4852 3068 4922 καταστροφὴν,
3098 4849 3130 4920 ἦ
3166 4848 3397 4901 θανάτου
3425 4844 3712 4916 κρείττονα

2131 4943 2320 4996 ἑαυτὸν
2357 4945 2539 5014 φῆναι,
2567 4943 2722 5014 θεῖκῇ
2749 4943 2975 5011 δυνάμει
2999 4942 3058 4994 τὸ
3086 4940 3278 5011 θνητὸν
3304 4938 3570 4992 ἀθάνατον
3602 4953 3711 4987 πα-

2132 5035 2558 5105 ραστησάμενον·
2598 5035 2657 5087 τὸ
2696 5036 2794 5106 μὲν
2829 5033 3044 5106 πρῶτον
3084 5032 3355 5085 ἀνοίκειον
3400 5029 3500 5098 τῆς
3531 5029 3707 5095 ἐπαγ-

2129 5128 2334 5196 γελίας·
2369 5127 2430 5179 ού
2469 5127 2577 5199 γὰρ
2610 5127 2674 5198 δὴ
2706 5128 2877 5198 πυρὸς
2919 5127 3117 5179 οἰκεῖον
3149 5121 3211 5175 τὺ
3241 5122 3434 5192 ψύχειν
3462 5120 3560 5190 (9),
3587 5119 3711 5171 οὐδὲ

2135 5219 2310 5289 φωτὸς
2339 5220 2401 5272 τὸ
2447 5219 2729 5284 σκοτίζειν,
2779 5219 2950 5283 οὕτως
2988 5217 3110 5271 οὐδὲ
3144 5216 3288 5286 ζωῆς
3328 5213 3389 5266 τὸ
3421 5209 3707 5271 θανατοῦν,

2134 5312 2253 5364 οὐδὲ
2296 5311 2388 5364 τοῦ
2427 5311 2560 5365 Θεοῦ
2588 5312 2761 5381 Λόγου
2798 5313 2856 5363 τὸ
2883 5310 3206 5383 παραλόγως
3251 5307 3513 5378 ἐνεργεῖνδ
3557 5305 3709 5354 ποῖον

2134 5399 2225 5457 οὖν
2262 5400 2373 5475 εἶχε
2405 5403 2561 5472 λόγον
2590 5405 2678 5457 τὸν
2710 5403 2917 5474 ἑτέροις
2954 5400 3097 5472 ζωὴν
3128 5397 3616 5470 ἐπαγγελλόμενον,
3643 5389 3708 5444 τὸ

2209 5627 2287 5695 (9)
2320 5626 2489 5682 Verba
2513 5625 2745 5702 ψύχειν,
2770 5624 3056 5689 σκοτίζειν,
3084 5624 3368 5702 θανατοῦν,
3402 5637 3508 5676 non
3532 5621 3710 5702 activo

2138 5703 2233 5752 sed
2264 5709 2458 5750 neutro
2499 5712 2662 5749 sensu
2695 5697 2783 5753 hic
2816 5709 2940 5751 esse
2981 5697 3297 5767 accipienda
3331 5697 3502 5764 Syrus
3541 5697 3711 5745 inter-

2135 5784 2259 5837 pres
2291 5769 2648 5822 demonstrat.
