4116 6416
397 407 503 464 613

1740 397 1833 462 ’ΒΕ
1874 356 2364 464 τηεοΡηΑΝιΑί

2469 336 2532 350 ,τ’

3542 407 3647 466 611

395 525 595 580 οἰκεῖον
639 527 868 599 ὄργανον
904 522 1263 599 ’φθειρόμενον
1320 526 1597 599 παριδεῖν;
1652 525 1860 580 Οὐκοῦν
1912 525 1972 579 τὸ

2081 526 2439 596 promiserat,
2488 535 2749 596 organum
2783 541 2936 582 suum
2969 529 3372 600 cerru‘ptiouem
3407 532 3518 600 pati
3556 547 3651 585 ne-

397 616 644 689 δεύτερον
670 620 958 688 ἀναγκαῖον
981 616 1068 691 ἦν,
1097 619 1240 688 λέγω
1265 619 1321 672 δὲ
1343 620 1403 672 τὸ
1434 619 1662 672 θανάτου
1693 618 1975 689 κρείττονα

399 709 589 762 ἑαυτὸν
620 711 800 781 φῆναι.
834 711 958 774 Πῶς
987 707 1079 764 οὖν
1106 710 1277 782 ἐχρῆν
1299 708 1455 763 τοῦτο
1481 709 1839 781 ποιήσασθαι;
1867 710 1976 762 Λα-

401 800 606 870 θραίως
631 802 738 872 ἄρα
758 803 852 854 κα).
879 802 1246 873 κλοπιμαίως;
1280 803 1312 872 ἢ
1335 805 1445 864 τοῖς
1465 803 1629 854 πᾶσιν
1654 799 1976 872 ἀριπρεπῶς

401 895 495 947 καὶ
529 893 818 966 διαδήλωςς
871 895 1032 948 Ἀλλὰ
1074 895 1286 948 σκότιον
1329 895 1427 964 μὲν
1458 894 1553 947 καὶ
1581 894 1807 964 κρύφιον
1846 892 1978 945 αὐτὸ

401 985 641 1056 πραχθὲν
674 986 735 1039 τὸ
759 987 1108 1059 κατόρθωμα,
1138 987 1324 1058 μηδεν).
1365 987 1421 1038 δὲ
1449 986 1710 1054 γνωσθὲν,
1737 986 1886 1039 οὐδὲν
1912 985 1977 1038 ἂν

399 1076 594 1149 ὢνησε·
632 1079 819 1149 βοηθέν
844 1079 899 1132 δὲ
930 1080 1023 1133 καὶ
1049 1079 1310 1133 ἀκουσθὲν
1341 1079 1422 1142 εἰς
1445 1079 1675 1145 πάντας,
1701 1079 1815 1141 τοῖς
1844 1079 1977 1130 πᾶσι

398 1171 498 1241 τὴν
539 1172 604 1225 ἐκ
640 1171 733 1224 τοῦ
778 1172 1054 1243 θαύματος
1100 1176 1360 1244 παρεῖχεν
1409 1171 1695 1240 ὠφέλειαν.
1740 1169 1979 1234 Εἰκότως

399 1261 528 1334 ἄρα,
558 1263 745 1335 ἐπειδὴ
792 1265 958 1335 ἐχρῆν
992 1264 1052 1317 τὸ
1089 1263 1255 1316 αὐτοῦ
1295 1263 1524 1334 ὄργανον
1548 1265 1792 1334 κρεῖττον
1818 1260 1980 1314 θανά-

401 1371 492 1406 του
520 1355 704 1425 φῆναι,
738 1355 833 1408 κει.)⁹
866 1355 1023 1408 τοῦτο
1046 1353 1249 1426 πρᾶξαι
1282 1355 1355 1426 μὴ
1392 1356 1473 1418 εἰς
1499 1354 1560 1406 τὸ
1593 1352 1832 1423 λεληθὸς,
1864 1353 1978 1406 ἀλλ’

401 1446 487 1499 ἐπ’
515 1445 698 1516 δψεσιν
724 1445 1046 1518 ἀνθρώπων,
1077 1446 1137 1499 οὐ
1175 1446 1365 1516 φεύγει
1395 1445 1492 1516 μὲν
1517 1444 1606 1498 τὸν
1637 1445 1883 1498 θάνατον·
1911 1440 1980 1515 ἦν

400 1535 510 1609 γὰρ
548 1536 613 1590 ἂν
637 1537 826 1600 δειλὸς,
864 1539 956 1590 καὶ
999 1536 1227 1590 θανάτου
1261 1536 1458 1608 χείρων
1493 1535 1772 1607 ἐνομίσθη·
1800 1536 1886 1589 διὰ
1924 1535 1981 1588 δὲ

399 1630 497 1699 τῆς
523 1629 658 1700 πρὸς
693 1629 784 1682 τὸν
827 1629 1053 1682 θάνατον
1090 1628 1430 1699 συμπλοκῆς,
1457 1623 1542 1682 οἷα
1573 1626 1707 1700 πρὸς
1739 1629 1982 1696 ἀνταγω-

401 1719 586 1791 νιστὴν
621 1721 752 1791 (10),
788 1722 848 1774 τὸ
896 1720 1090 1794 θνητὸν
1142 1720 1407 1775 ἀθάνατον
1450 1721 1710 1793 παρίστη,
1756 1719 1983 1772 ὕστατον

401 1812 587 1880 ἀγῶνα
610 1812 796 1866 τοῦτον
822 1813 963 1884 ὑπὲρ
997 1814 1098 1884 τῆς
1125 1814 1380 1867 ἁπάντων
1417 1812 1686 1884 σωτηρίας
1721 1813 1814 1866 καὶ
1845 1813 1980 1866 ἀθα-

400 1904 592 1968 νασίας
623 1905 1061 1976 ἀναδεδεγμένος.

473 2082 584 2154 (11)
635 2083 692 2136 '0
721 2084 820 2155 μὲν
845 2083 954 2156 γὰρ
983 2083 1196 2156 πρῶτος
1219 2083 1369 2155 αὐτῷ
1394 2082 1593 2155 [ἀγὼν]
1626 2083 1769 2137 κατά
1790 2084 1982 2155 δαιμό-

399 2191 505 2229 νων
533 2175 814 2246 ἐνηργεῖτο
849 2177 940 2228 ἐπὶ
971 2175 1286 2246 καθαιρέσει
1317 2178 1416 2246 τῆς
1449 2175 1715 2228 πολυθὲου
1747 2174 1981 2247 πλάνης·

401 2267 522 2318 ἐπεὶ
542 2267 598 2319 δὲ
627 2266 655 2317 ὁ
682 2267 815 2337 πρὸς
845 2267 1031 2319 τούσδε
1056 2267 1206 2329 τέλος
1228 2261 1374 2336 εἶχεν
1404 2265 1575 2334 ἀγὼν,
1611 2265 1864 2336 δεύτερος
1891 2267 1984 2318 ἐπὶ

400 2355 550 2409 λύσει
575 2356 673 2426 τῆς
695 2357 786 2409 τοῦ
811 2357 1040 2410 θανάτου
1067 2357 1522 2420 καταδυναστείας
1554 2356 1785 2424 ἐγίνετο·
1809 2357 1857 2409 οἱ
1886 2357 1983 2426 μὲν

402 2447 510 2518 γὰρ
543 2447 664 2500 κατ’
707 2447 872 2500 αὐτοῦ
921 2447 1246 2517 συνηγμένοι
1291 2447 1561 2518 δαίμονες,
1604 2448 1633 2500 ὃ
1679 2465 1738 2501 τε
1781 2447 1984 2500 τούτων

403 2537 668 2608 ἐξάρχων,
694 2538 763 2592 τὰ
793 2537 940 2591 νῶτα
965 2539 1106 2592 κατὰ
1131 2539 1232 2610 τὴν
1271 2539 1493 2612 πρώτην
1527 2539 1675 2610 αὐτῷ
1711 2539 1985 2610 συμϐολὴν

404 2631 923 2700 παραχωρήσαντες,
947 2631 1038 2682 τὸν
1083 2629 1332 2702 δεύτερον
1373 2628 1534 2685 ἆθλον
1575 2632 1860 2693 ἐσκόπουν,
1890 2631 1984 2684 τοῦ

405 2716 520 2786 βίου
557 2718 741 2772 λοιπόν
780 2720 878 2789 τὴν
919 2719 1158 2790 ὑστάτην
1201 2721 1583 2792 καταστροφὴν
1620 2721 1983 2793 ἐκδεχόμενοι,

402 2807 498 2860 καὶ
528 2797 634 2876 ’τὴν
673 2806 768 2859 τοῦ
805 2807 999 2878 θνητοῦ
1039 2809 1296 2880 τελευτὴν
1338 2810 1528 2880 ὁμοίαν
1567 2809 1784 2863 ἔσεσθαι
1822 2813 1986 2866 πᾶσιν

401 2898 710 2970 ἀνθρώποις
735 2901 1187 2972 καραδοκοῦντες·
1223 2903 1284 2955 οὐ
1312 2903 1420 2974 γὰρ
1447 2902 1513 2955 ἂν
1544 2901 1764 2956 πώποτε
1788 2904 1986 2976 θνητὴν

403 2990 564 3060 φύσιν
610 2991 838 3045 θανάτου
881 2994 1170 3060 κρείττονα
1245 2993 1501 3062 γενέσθαι
1553 2995 1981 3066 προσεδόκησαν·

402 3083 432 3133 ὸ
450 3081 506 3133 δὲ
534 3081 668 3151 μετά
695 3081 764 3134 τά
790 3081 980 3153 πρῶτα
1009 3083 1150 3136 κατά
1184 3084 1451 3154 δαιμόνων
1484 3085 1722 3158 τρόπαια
1762 3086 1863 3156 ἤδη
1891 3086 1986 3138 καὶ

403 3172 548 3225 κατά
573 3173 666 3225 τοῦ
689 3173 917 3227 θανάτου
941 3175 1325 3246 παρετάττετο.
1356 3177 1564 3246 Ὠσπερ
1583 3175 1640 3229 δέ
1660 3176 1808 3239 εῐτις
1824 3176 1988 3230 ἄκαυ-

409 3281 530 3316 στον
571 3266 702 3335 ἡμῖν
747 3266 842 3318 καὶ
886 3269 1058 3338 πυρὸς
1107 3269 1173 3337 τῇ
1222 3267 1382 3336 φύσει
1425 3271 1670 3340 κρεῖττον
1717 3269 1887 3335 δεῖξαί
1934 3288 1988 3323 τι

409 3355 605 3419 σκεῦος
637 3356 847 3426 ἢθελεν,
873 3360 973 3412 οὐκ
1002 3358 1175 3422 ἄλλως
1198 3357 1264 3411 ἂν
1302 3358 1364 3411 τὸ
1389 3358 1576 3428 θαῦμα
1606 3361 1988 3430 παρεστήσατο

406 3446 441 3518 ἢ
467 3448 597 3519 πυρὶ
620 3449 892 3520 παραδοὺς
915 3452 975 3504 τὸ
1005 3452 1140 3520 μετὰ
1168 3453 1376 3523 χεῖρας,
1403 3451 1638 3504 κᾶπειτα
1682 3450 1820 3504 σῶον
1857 3451 1988 3504 αὐτὸ

409 3539 504 3592 καὶ
535 3540 859 3612 ἀδιάφθορον
891 3540 983 3593 τοῦ
1031 3543 1201 3613 πυρὸς
1241 3542 1437 3609 ἐξελὼν
1474 3543 1605 3615 (12)·
1640 3545 1782 3598 κατὰ
1815 3545 1987 3599 ταῦτα

407 3631 472 3702 δὴ
501 3633 592 3685 καὶ
626 3633 654 3685 ό
687 3633 794 3686 τῶν
831 3634 966 3688 ὅλων
1006 3634 1268 3699 ζωοποιὸς
1309 3635 1442 3689 Θεοῦ
1474 3638 1668 3706 Λόγος,
1704 3638 1764 3690 τὸ
1794 3637 1986 3709 θνητὸν

409 3721 656 3793 ὄργανον,
714 3716 758 3790 ᾧ
809 3723 944 3796 πρὸς
1010 3722 1311 3795 ἀνθρώπων
1368 3725 1636 3798 ἐκέχρητο
1689 3727 1984 3799 σωτηρίαν,

411 3817 654 3885 κρεῖττον
688 3814 914 3868 θανάτου
950 3815 1115 3885 φῆναι
1159 3815 1458 3888 βουληθεὶς,
1505 3815 1564 3870 εὖ
1617 3817 1762 3888 μάλα
1794 3818 1986 3890 χρησί-

417 3923 522 3976 μην
547 3907 707 3978 ὑπῄει
738 3906 836 3978 τὴν
864 3908 1191 3977 οἰκονομίαν,
1223 3909 1282 3960 τὸ
1313 3907 1472 3978 σῶμα
1505 3909 1640 3980 πρὸς
1681 3909 1852 3980 βραχὺ
1888 3927 1988 3964 κα-

415 3998 654 4052 ταλιπὼν
685 4000 817 4068 (15),
853 4001 946 4052 καὶ
973 4000 1032 4052 τὸ
1059 3999 1250 4069 θνητὸν
1283 3999 1358 4070 τῷ
1391 4001 1604 4070 θανάτῳ
1633 4002 1792 4054 πάλιν
1823 4004 1986 4072 ὑφαι-

417 4089 695 4162 ρούμενος,
730 4092 810 4154 εἰς
854 4091 1194 4161 παράστασιν
1227 4091 1324 4161 τῆς
1366 4090 1548 4144 ἐνθέου
1582 4091 1880 4162 δυνάμεως.
1923 4093 1987 4146 Ἡ

414 4183 515 4254 μὲν
548 4179 639 4236 οὖν
671 4181 856 4253 πρώτη
890 4183 1036 4236 αἰτία
1062 4178 1131 4254 ἦν
1158 4181 1315 4254 αὕτη.

486 4275 594 4345 (14)
634 4275 866 4345 Δευτὲρα
893 4274 949 4326 δὲ
979 4275 1077 4344 τῆς
1109 4275 1166 4327 ἐν
1208 4273 1286 4344 τῷ
1331 4272 1542 4342 σώματι
1581 4273 1985 4344 κατοικησάσης

414 4367 595 4422 ἐνθέου
628 4367 905 4437 δυνάμεως
935 4365 1176 4430 ἔνδειξις.
1225 4363 1440 4436 Ἐπειδὴ
1474 4365 1580 4436 γὰρ
1619 4365 1679 4417 τὸ
1720 4366 1987 4436 πρότερον

413 4457 538 4520 τοὺς
569 4456 671 4510 ὑπὸ
710 4455 802 4508 τοῦ
839 4454 1067 4508 θανάτου
1109 4455 1492 4526 νενικημένους
1527 4455 1723 4525 ἄνδρας
1761 4453 1988 4527 θνητοὺς

416 4547 649 4620 ἀληθῶς,
694 4549 788 4600 καὶ
821 4546 994 4600 κοινὸν
1038 4546 1186 4610 τέλος
1231 4546 1706 4616 ὑποδεδεγμένους,
1744 4547 1986 4610 ἐθείαζον

415 4641 712 4712 ἄνθρωποι,
739 4639 925 4710 ἥρωάς
972 4656 1030 4691 τε
1071 4640 1165 4691 καὶ
1212 4639 1366 4703 θεοὺς
1413 4638 1713 4710 ὠνόμαζον·
1763 4641 1989 4704 εἰκότως

415 4735 652 4789 διδάσκει
703 4734 859 4804 μόνον
901 4731 1090 4785 τοῦτον
1120 4733 1178 4784 ἐν
1214 4731 1429 4801 θανάτῳ
1469 4731 1601 4785 Θεὸν
1630 4732 1804 4804 ἀληθῆ
1849 4728 1986 4786 εἶναι

415 4828 714 4898 ὁμολογεῖν,
737 4826 826 4878 τὸν
846 4826 915 4878 τὰ
935 4824 1161 4895 βραδεῖα
1182 4825 1280 4894 τῆς
1303 4823 1444 4876 κατά
1465 4822 1557 4877 τοῦ
1583 4824 1812 4878 θανάτου
1833 4825 1988 4896 νίκης

416 4919 842 4992 ἀναδησάμενον.
877 4919 985 4988 (15)
1020 4916 1190 4987 Τρίτη
1218 4915 1262 4968 δ’
1298 4915 1362 4969 ἂν
1393 4915 1476 4987 είη
1513 4917 1659 4969 αἰτία
1689 4916 1783 4968 τοῦ
1811 4933 1988 4986 σωτη-

490 5059 598 5130 (10)
630 5059 726 5113 llic
764 5059 819 5130 in
851 5056 1069 5130 Anglica
1105 5054 1481 5130 translatione,
1539 5069 1591 5122 p.
1625 5055 1748 5130 188,
1785 5070 1841 5110 ν.
1887 5055 1978 5121 16,

416 5124 667 5198 νίάθοξὸῃ
700 5129 801 5180 (his
825 5124 1118 5198 contention
1154 5124 1276 5177 with
1310 5125 1486 5185 death,
1514 5141 1571 5176 aa
1620 5125 1743 5178 with
1783 5142 1815 5177 a
1864 5141 1988 5178 con-

418 5196 737 5266 temporary,
770 5198 1016 5265 conﬂictu
1044 5196 1140 5248 hoc
1180 5210 1297 5266 cum_
1320 5203 1524 5266 morte,
1574 5204 1822 5262 tanquam
1869 5211 1987 5246 cum

418 5262 876 5335 contemporaneo.
921 5266 1180 5335 Syriacns
1207 5262 1347 5335 quid
1377 5265 1585 5335 habeat
1606 5266 1809 5329 nescio,
1858 5266 1985 5335 quia

420 5336 560 5391 libro
593 5328 774 5390 careo.
809 5336 914 5389 Sed
962 5328 1117 5388 'certe
1160 5328 1284 5388 vera
1339 5333 1502 5385 lectio
1548 5331 1732 5386 Grzeca
1766 5328 1988 5393 eStJoict

417 5405 556 5477 πρὸς
579 5406 1001 5474 ἀνταγωνιστήν,
1031 5416 1292 5477 _tauquam_
1305 5418 1424 5477 cum
1450 5404 1770 5477 aduersario.
1807 5403 1989 5477 Itaque

417 5471 708 5530 translatio
729 5471 1077 5529 emendanda
1123 5471 1226 5528 est.
1276 5471 1426 5525 Mitto
1473 5473 1607 5524 alios
1649 5472 1797 5527 locos
1827 5511 1842 5537 ,
1895 5474 1987 5540 qui

417 5561 570 5615 a‘que
621 5545 892 5598 interdum
923 5545 989 5596 ad
1016 5542 1263 5615 Graecam
1315 5543 1600 5615 veritatem
1653 5541 1988 5615 reformandi

415 5612 706 5680 videntur;
740 5628 914 5682 neque
943 5613 1085 5667 enim
1125 5613 1504 5682 egocriticum
1546 5626 1647 5682 ago
1686 5613 1780 5682 sed
1809 5612 1989 5665 edito-

419 5699 555 5739 rem.
585 5680 841 5741 Vicissim
875 5692 1080 5746 tamen,
1111 5693 1172 5752 ut
1211 5697 1384 5750 nuper
1419 5680 1556 5752 dixi,
1586 5680 1847 5752 Syriacus
1881 5693 1988 5735 tex-

416 5764 505 5810 tus
529 5755 774 5811 Graecum
805 5753 1092 5806 illuminat.
1137 5751 1205 5806 Et
1245 5749 1460 5821 quidem
1515 5749 1754 5816 Graecus,
1803 5760 1986 5819 utpote

419 5842 581 5895 quem
635 5835 945 5880 catenarum
999 5831 1250 5878 auctores
1314 5836 1410 5891 pro
1459 5821 1537 5877 rei
1583 5821 1986 5892 opportunitate

2077 617 2351 688 gligeret?
2401 617 2543 687 Ergo
2569 619 2838 687 posterior
2872 621 3066 676 modus
3116 624 3454 677 necessarius
3506 624 3646 686 fuit,

2077 710 2260 773 morti,
2292 710 2539 780 inquam,
2602 713 2936 778 superiorem
2973 728 3032 768 se
3071 714 3466 769 demonstrare.
3493 715 3644 781 ρης.-

2082 817 2206 855 nam
2243 817 2372 857 vero
2399 804 2606 857 ratione
2657 804 2710 857 id
2735 806 2958 874 exsequi
2982 821 3116 875 opus
3148 820 3266 859 erat
3291 808 3314 860 ?
3344 807 3564 862 Clamne
3585 820 3651 872 ac

2078 894 2263 949 furtim
2294 894 2318 948 ?
2370 910 2438 949 an
2492 910 2678 950 coram
2711 899 2965 954 omnibus
2996 901 3275 969 splendide
3321 917 3384 956 ac
3417 901 3651 955 manife-

2079 987 2215 1040 ste?
2267 987 2430 1054 Atqui
2477 989 2591 1042 haac
2618 1003 2704 1042 res
2736 991 2952 1058 egregia
3001 991 3047 1045 si
3099 994 3332 1047 obscure
3360 1003 3413 1046 et
3439 993 3654 1048 occulte

2080 1090 2198 1134 acta
2227 1080 2438 1144 fuisset,
2466 1083 2687 1134 conscio
2713 1082 2950 1145 nemine,
2983 1083 3116 1137 nihil
3152 1083 3447 1153 profuisset
3479 1095 3495 1139 ξ
3521 1100 3656 1139 cona-

2083 1181 2161 1226 tra
2196 1186 2321 1226 vero
2353 1169 2673 1240 famigerata
2706 1181 2871 1240 atque
2909 1175 3160 1227 omnibus
3207 1175 3463 1228 exaudita
3494 1215 3508 1238 ,
3547 1174 3653 1226 mi:-

2079 1264 2266 1319 raculo
2316 1278 2415 1318 suo
2445 1263 2692 1333 paritura
2749 1273 2868 1318 erat
2916 1265 3280 1318 uniwrsalem
3335 1265 3651 1318 utilitatem.

2081 1354 2248 1408 Recte
2295 1355 2482 1424 igitur,
2537 1356 2792 1424 quoniam
2844 1357 3131 1424 oportebat
3177 1357 3347 1425 ipsius
3389 1371 3654 1425 organum
3715 1395 3726 1412 .

2081 1445 2245 1498 morti
2271 1447 2522 1515 superius
2553 1457 2840 1515 apparere,
2876 1458 3038 1514 atque
3073 1447 3124 1499 id
3161 1461 3264 1499 non
3294 1445 3429 1499 clam
3467 1447 3560 1500 sed
3601 1445 3656 1498 in

2084 1547 2374 1606 conspectu
2405 1537 2681 1591 hominum
2715 1537 2854 1600 ﬁeri,
2891 1547 3120 1592 mortem
3161 1551 3264 1590 non
3313 1537 3486 1607 fugit';
3520 1536 3656 1590 alio-

2082 1627 2173 1694 qui
2212 1629 2358 1682 visus
2387 1639 2532 1683 esset
2564 1629 2807 1692 timidas,
2837 1639 2891 1682 et
2919 1639 3096 1683 morte
3125 1629 3357 1683 debilior
3379 1629 3654 1692 creditus;

2083 1720 2175 1774 sed
2200 1719 2452 1775 coriﬂictu
2486 1735 2608 1775 cum
2646 1732 2845 1785 morte,
2881 1730 3135 1789 tanquam
3167 1737 3289 1775 cum
3322 1721 3655 1784 adversario,

2085 1810 2222 1866 inito
2247 1851 2260 1876 ,
2289 1813 2432 1880 quod
2460 1811 2688 1865 mortale
2727 1820 2845 1865 erat
2885 1811 2952 1865 ad
2981 1810 3445 1865 immortalitatem
3478 1821 3658 1864 trans-

2011 1884 2056 1939 Β
2101 1903 2243 1966 tulit,
2279 1901 2581 1958 extremum
2618 1904 2762 1959 hunc
2797 1918 3026 1974 agonem
3076 1917 3175 1974 pro
3215 1903 3456 1958 omnium
3486 1904 3662 1959 salute

2082 2007 2137 2051 et
2165 1995 2581 2050 immortalitate
2609 1997 2934 2065 suscipiens.

2157 2087 2291 2140 Nam
2325 2087 2557 2155 primum
2595 2086 2670 2139 illi
2713 2095 2992 2141 certamen
3039 2085 3141 2139 fuit
3167 2095 3357 2142 contra
3393 2088 3665 2142 daemones

2083 2175 2154 2231 ob
2203 2175 2545 2246 polytheismi
2613 2190 2854 2230 errorem
2907 2176 3337 2241 destruendum;
3388 2191 3497 2246 quo
3528 2193 3650 2248 per-

2087 2277 2210 2322 acto
2235 2307 2250 2330 ,
2306 2267 2654 2321 subsecutum
2691 2276 2774 2320 est
2805 2266 3103 2321 secundum
3140 2265 3209 2320 ob
3263 2265 3665 2320 dissolvendam

2085 2361 2274 2414 mortis
2329 2360 2776 2414 dominationem.
2830 2357 3151 2426 Conglobati
3209 2357 3353 2411 enim
3406 2357 3671 2411 adversus

2085 2467 2207 2506 eum
2236 2451 2510 2504 daemones
2537 2463 2659 2502 cum
2678 2462 2777 2501 suo
2801 2447 2959 2511 duce,
2978 2456 3264 2516 postquam
3287 2446 3460 2515 primo
3481 2444 3669 2516 praelia

2091 2551 2238 2612 terga
2272 2550 2570 2606 verterant,
2607 2539 2907 2593 secundum
2939 2537 3326 2602 observabant,
3357 2537 3487 2590 vita:
3509 2535 3669 2590 Chri-

2087 2635 2154 2689 sti
2191 2635 2447 2702 deinceps
2481 2642 2781 2686 extremam
2812 2631 3221 2696 catastropham
3259 2639 3666 2698 exspectantes,

2085 2726 2336 2782 mortalis
2371 2725 2606 2779 hominis
2657 2725 2818 2778 linem
2868 2723 3095 2793 reliquis
3143 2723 3398 2777 omnibus
3433 2720 3668 2776 similent

2087 2818 2202 2872 fore
2233 2825 2516 2885 sperantes
2551 2833 2564 2868 :
2603 2829 2781 2884 neque
2815 2815 2958 2868 enim
2991 2827 3230 2882 unquam
3253 2813 3672 2869 existimassent

2086 2906 2364 2961 mortalem
2393 2917 2642 2959 naturam
2673 2905 2831 2957 morti
2864 2901 2979 2958 fore
3008 2903 3373 2972 superiorem.
3414 2901 3488 2955 At
3508 2901 3671 2956 Chri-

2087 3007 2203 3052 stus
2236 3005 2351 3066 post
2382 2996 2594 3065 priores
2639 2997 2706 3051 de
2739 2995 3075 3051 daemonibus
3112 2994 3316 3049 relatas
3357 2994 3668 3060 manubias,

2082 3085 2191 3154 jam
2221 3095 2412 3140 contra
2451 3085 2622 3154 ipsam
2661 3098 2891 3138 mortem
2928 3084 2981 3137 in
3015 3083 3186 3137 aciem
3234 3082 3510 3152 prodibat.
3547 3079 3671 3136 Sic-

2095 3186 2154 3230 ut
2197 3188 2380 3231 autem
2417 3177 2460 3230 si
2493 3177 2618 3246 quis
2653 3177 2763 3244 igni
2812 3174 3132 3244 impervium
3163 3183 3330 3242 atque
3381 3175 3672 3243 insupera-

2016 3229 2062 3291 Ο
2092 3271 2202 3326 bile
2252 3285 2351 3325 vas
2410 3229 2625 3338 aliquod
2658 3229 3036 3322 demonsirare
3071 3229 3274 3331 vellet:
3323 3265 3465 3318 haud
3513 3229 3673 3318 aliter

2089 3365 2229 3418 hanc
2257 3378 2370 3417 rem
2403 3363 2598 3416 miram
2650 3357 3050 3428 comprobaret,
3077 3371 3239 3425 quam
3269 3354 3502 3410 ﬂammae
3557 3364 3671 3408 tra-

2090 3455 2225 3508 dens
2249 3453 2393 3522 quod
2427 3467 2539 3521 prae
2572 3450 2822 3505 manibus
2847 3449 3098 3510 haberet,
3137 3461 3202 3501 ac
3240 3446 3436 3500 deinde
3460 3445 3676 3500 incolu-

2089 3559 2176 3599 me
2217 3543 2650 3610 inviblatumque
2684 3544 2806 3611 igne
2860 3541 3174 3604 retrahens;
3214 3539 3288 3592 ita
3317 3538 3483 3593 etiam
3526 3539 3672 3609 quod

2089 3633 2270 3688 omnia
2298 3633 2540 3687 viviﬁcat
2568 3631 2662 3686 Dei
2691 3631 2956 3696 Verbum,
2992 3629 3220 3684 mortale
3242 3644 3531 3700 organum,
3561 3644 3673 3698 quo

2090 3728 2156 3782 ad
2187 3727 2466 3781 hominum
2513 3724 2746 3779 salutem
2795 3738 2928 3777 usus
2976 3722 3152 3776 luerat
3178 3761 3193 3784 ,
3233 3731 3408 3776 morte
3442 3721 3674 3778 validius

2090 3821 2465 3875 demonstrare
2492 3816 2680 3871 volens
2703 3854 2718 3879 ,
2746 3814 2881 3868 utile
2935 3813 3224 3868 admodum
3257 3813 3546 3867 consilium
3576 3828 3672 3867 ce-

2088 3912 2208 3981 pit,
2258 3924 2453 3978 corpns
2508 3909 2658 3963 brevi
2717 3915 2964 3976 tempore
3018 3905 3338 3968 deserendi;
3374 3919 3671 3973 rursusque

2090 4002 2232 4070 quod
2286 4006 2559 4052 mortuum
2610 4008 2732 4053 erat
2785 3995 2942 4051 morti
2979 3993 3241 4064 eripiendi
3271 4033 3286 4058 ,
3323 4002 3382 4049 ut
3411 3995 3649 4048 divinam

2087 4095 2340 4148 virtutem
2393 4093 2722 4146 ostenderet.
2770 4091 2950 4162 Atque
2997 4090 3113 4145 haec
3142 4089 3317 4159 prima
3367 4088 3486 4160 (cur
3514 4089 3680 4170 mori,

2087 4182 2344 4251 voluerit)
2373 4197 2536 4236 causa
2562 4181 2682 4236 fuit.

2161 4273 2409 4327 Secunda
2464 4271 2566 4326 fuit
2603 4287 2764 4326 causa
2793 4313 2809 4338 ,
2858 4281 2916 4325 ut
2973 4273 3376 4326 demonstraret
3422 4269 3660 4324 divinam

2088 4364 2342 4420 virtutem
2376 4365 2433 4419 in
2465 4379 2564 4419 suo
2611 4379 2838 4432 corpore
2870 4364 3225 4418 inhabitasse.
3256 4361 3390 4416 Nam
3427 4361 3554 4431 quia
3583 4361 3670 4415 vi-

2089 4466 2209 4512 ctos
2258 4444 2416 4511 antea
2448 4465 2622 4510 morte
2653 4456 2800 4509 viros
2827 4495 2841 4519 ,
2871 4469 3000 4509 vere
3041 4453 3300 4508 mortales
3328 4461 3382 4507 et
3423 4466 3668 4507 commu-

2019 4586 2062 4640 D
2092 4564 2212 4602 nem
2247 4549 2406 4603 tinem
2437 4549 2678 4614 sortitos,
2723 4546 3006 4616 apotheosi
3032 4547 3368 4600 donaveram
3395 4543 3666 4606 homines,

2092 4651 2146 4696 et
2178 4642 2377 4696 heroas
2406 4639 2644 4708 deosque
2681 4639 3116 4701 nominaverant,
3138 4637 3332 4692 merito
3359 4650 3454 4690 nos
3487 4635 3668 4700 docet,

2094 4733 2239 4786 hunc
2271 4746 2438 4785 unum
2467 4729 2521 4783 in
2571 4737 2746 4784 morte
2795 4727 2968 4782 Deum
3002 4743 3188 4782 verum
3231 4743 3352 4783 esse
3397 4726 3666 4793 conﬁteri,

2096 4823 2187 4892 qui
2217 4821 2455 4889 pramiis
2487 4820 2673 4873 relata:
2718 4821 2785 4874 de
2825 4828 3000 4872 morte
3028 4819 3274 4872 victoria-
3304 4827 3476 4872 semet
3507 4831 3670 4871 exor-

2097 4921 2343 4968 naverat.
2396 4911 2581 4966 Tertia
2612 4911 2874 4966 habeatur
2917 4910 3112 4964 mortis
3161 4906 3473 4963 Servatoris
3501 4921 3668 4961 causa

2088 5058 2506 5121 excerpserunt,
2542 5049 2738 5121 multas
2771 5047 2954 5118 operis
2974 5055 3157 5116 partes
3184 5045 3390 5100 amisit.

2159 5119 2272 5193 (Η)
2307 5123 2553 5193 51M",
2591 5119 2794 5193 55,57:
2995 5189 3007 5193 _
3236 5184 3277 5193 ._
3383 5181 3432 5193 ..
3538 5181 3571 5193 -.

2161 5184 2271 5263 (12)
2326 5184 2474 5263 Hanc
2507 5184 2918 5263 similitudinem
2960 5189 3094 5242 citat
3127 5201 3193 5263 ex
3236 5184 3479 5263 Eusebio.
3499 5184 3664 5235 etiam

2090 5263 2148 5318 S.
2167 5251 2418 5317 "Thomas
2445 5262 2705 5332 Aquinas
2728 5261 2779 5313 in
2806 5267 2999 5332 catena
3027 5257 3341 5332 S_l_l_a_L.:-tl.llla
3374 5253 3440 5305 ad
3460 5251 3661 5332 Lucam

2089 5337 2175 5388 ed.
2230 5335 2294 5388 de
2341 5325 2544 5385 Rubei‘s
2593 5340 2634 5383 t.
2667 5328 2726 5391 V,
2773 5345 2826 5398 p.
2875 5329 2998 5398 56g.
3042 5325 3304 5398 Videlicet
3349 5337 3416 5376 ex
3455 5325 3665 5398 catenis

2089 5403 2314 5468 Graecis,
2343 5417 2447 5455 non
2478 5388 2819 5470 originalitér
2845 5413 2912 5454 ex
2938 5394 3296 5461 TlteOpltania,
3320 5407 3484 5462 quam
3515 5388 3666 5444 Tho~

2090 5489 2207 5527 mas
2245 5485 2519 5540 nunquam
2560 5469 2714 5526 vidit.
2905 5537 2919 5540 Α
3011 5535 3022 5540 _
3503 5479 3506 5483 ’
3594 5529 3606 5540 ,

2161 5543 2302 5613 (15)
2373 5535 2582 5610 Nempe
2646 5539 2830 5595 anima
2889 5535 3204 5594 destitutum
3260 5546 3385 5590 esse
3435 5535 3664 5602 permit-

2090 5622 2233 5668 telis.

2193 5682 2277 5753 14)
2313 5681 2433 5753 Syr.
2461 5697 2545 5743 tu,

2163 5685 2277 5822 (14)
2313 5685 2433 5752 Syr.
2461 5697 2545 5743 Ill,
2583 5685 2674 5733 58.

2197 5752 2282 5821 I5)
2313 5751 2440 5822 Syr.
2467 5764 2551 5815 ut,
2583 5751 2674 5805 59.
