4116 6406
475 383 585 442 615

1153 377 1419 437 EUSEBII
1457 364 1920 435 CESARIENSIS
1955 363 2018 434 ο]

2146 377 2326 435 mus
2362 364 2454 434 iv.
2493 410 2565 420 —
2600 379 3023 438 DOGMA-TICA.

3619 389 3728 451 616

475 518 637 579 quam
661 502 902 572 mysticae
928 499 1122 556 litterae
1146 499 1445 554 continent.
1472 498 1732 564 Quaenam
1754 499 1838 553 ha:
1864 497 1888 552 ?
1927 497 2018 556 llo-

2143 499 2263 572 ρίου
2299 499 2529 554 Θανάτου
2563 502 2629 572 ἢν
2672 501 2973 572 ἀπόρρητοι
3009 490 3164 571 λόγοι¹
3193 502 3529 576 περιέχουσι.
3554 500 3725 574 ,Τίνες

476 597 578 650 stia
609 603 726 648 erat
775 607 870 662 pro
900 590 1142 646 universi
1173 589 1391 658 generis
1445 589 1557 642 vita
1592 591 1751 644 morti
1803 591 1992 645 devota
2023 629 2040 656 ,

474 687 651 742 hostia
686 701 784 755 pro
813 694 922 740 toto
953 685 1233 738 hominum
1263 689 1428 752 grege
1453 681 1753 749 immolata,
1785 683 2040 739 diabolici

471 778 672 835 erroris
697 777 1074 831 averruncatio
1101 791 1114 828 :
1147 790 1258 844 qua
1287 773 1534 828 videlicet
1565 773 1767 838 oblata,
1787 774 2040 829 universa

471 861 724 937 deinceps
757 865 1090 934 impurorum
1119 864 1421 918 daemonum
1457 863 1697 932 potentia
1729 864 2036 930 corruebat,

468 959 752 1027 omnisque
771 971 924 1012 error
947 955 1332 1023 dissipabatur.
1367 953 1509 1023 Ergo
1535 955 1649 1009 haec
1684 953 1940 1009 salutaris
1971 969 2038 1009 ex

469 1050 781 1105 hominibus
813 1048 1053 1112 victima,
1080 1047 1257 1117 ipsum
1283 1047 1534 1102 videlicet
1569 1060 1890 1117 corporeum
1915 1045 2038 1099 Ver-

466 1142 523 1200 bi
548 1156 812 1211 organum
841 1180 855 1205 ,
885 1154 983 1208 pro
1012 1139 1323 1194 hominibus
1372 1139 1788 1202 immolabatur;
1819 1137 1884 1190 de
1933 1152 2036 1206 qua

466 1249 640 1290 sacrae
671 1233 870 1287 litterae
890 1231 1163 1306 clamapt;
1206 1233 1365 1286 modo
1395 1230 1608 1299 quidem
1647 1247 1659 1282 :
1697 1227 1832 1284 Ecce
1866 1235 2034 1294 agnus

471 1324 565 1380 Dei
603 1327 690 1395 qui
742 1326 876 1379 tollit
924 1334 1194 1393 peccatum
1239 1323 1423 1376 mundi
1477 1313 1557 1387 Im;
1594 1323 1751 1376 modo
1803 1326 2030 1376 autem:

470 1415 739 1488 Tanquam
767 1417 876 1471 ovis
908 1417 976 1470 ad
1009 1416 1316 1469 occisionem
1351 1413 1538 1468 ductus
1567 1422 1643 1467 est
1677 1413 1742 1467 ⁸⁸.
1774 1413 2035 1469 Causam-

468 1523 568 1579 que
618 1509 694 1563 rei
747 1509 982 1574 docent,
1018 1507 1215 1561 ibidem
1249 1506 1490 1560 dicentes
1526 1525 1538 1559 :
1572 1504 1674 1558 Hic
1697 1515 1906 1573 peccata
1935 1519 2030 1556 no-

466 1607 575 1654 stra
599 1598 753 1667 gerit,
789 1607 836 1650 et
860 1612 956 1666 pro
977 1596 1121 1649 nobis
1155 1594 1328 1659 dolet;
1351 1604 1401 1648 et
1424 1610 1518 1648 nos
1544 1594 1888 1663 reputavimus
1913 1609 2031 1647 eum

464 1689 732 1759 plagatum
775 1699 820 1742 et
870 1687 1136 1759 afﬂictum.
1181 1686 1303 1754 Ipse
1363 1696 1540 1740 autem
1596 1685 1896 1739 vulneratus
1954 1693 2028 1738 est

463 1789 676 1850 prOpter
699 1781 1002 1850 iniquitates
1030 1786 1259 1839 nostras,
1293 1776 1579 1846 languidus
1611 1777 1783 1844 {actus
1804 1785 1880 1829 est
1905 1791 2030 1844 pro-

2142 583 2321 655 οὗτοις
2359 593 2551 661 ἱερεῖον
2595 586 2662 662 ἦν
2696 592 2982 662 ἀντίψυχον
3021 593 3112 647 τοῦ
3165 596 3345 649 κοινοῦ
3385 597 3584 666 γένους.
3614 616 3724 654 πα-

2145 682 2486 753 ραδιδόμενον
2509 683 2588 754 τῷ
2615 683 2849 754 Θανάτῳ,
2888 685 3078 754 ἱερεῖον
3107 685 3248 758 ὑπὲρ
3277 686 3376 759 τῆς
3410 691 3596 761 κοινῆς
3614 692 3724 747 τῶν

2141 770 2440 843 ἀνθρώπων
2461 773 2658 844 ἀγέλης
2689 773 3140 843 σφαγιαζόμενον,
3165 776 3484 851 δαιμονικῆς
3514 781 3724 852 πλάνης

2140 861 2529 930 ἀποτρόπαιον·
2560 863 2751 916 τούτου
2777 863 2885 934 γὰρ
2914 865 3313 936 ἀνενεχθέντος,
3357 872 3504 924 πᾶσα
3535 870 3722 928 λοιπὸν

2141 950 2172 1020 ή
2217 951 2326 1004 τῶν
2380 953 2626 1022 ἀνάγνων
2667 954 2934 1024 δαιμόνων
2986 955 3215 1028 δύναμις
3261 957 3572 1033 καθῃρεῖτο,
3625 963 3720 1016 καὶ

2139 1045 2290 1097 πᾶσα
2314 1043 2490 1115 πλάνη
2527 1048 2771 1118 παρεῖτο.
2826 1044 2899 1098 Τὸ
2946 1047 3043 1117 μὲν
3072 1043 3166 1102 οὖν
3218 1051 3488 1122 σωτήριον
3533 1051 3594 1117 ἐξ
3625 1053 3720 1106 ἀν·

2140 1133 2380 1206 θρὼπων
2405 1136 2574 1208 θῦμα,
2609 1137 2742 1192 αὐτὸ
2767 1137 2830 1210 δὴ
2868 1137 2962 1192 τοῦ
2991 1139 3166 1208 Λόγου
3209 1143 3519 1211 σωματικὸν
3552 1144 3720 1216 ὄργα-

2135 1244 2247 1292 νον,
2279 1228 2421 1301 ὑπὲρ
2458 1229 2760 1302 ἀνθρώπων
2788 1227 3137 1304 καθιεροῦτο·
3173 1228 3232 1288 οὗ
3273 1234 3399 1304 πέρι
3426 1235 3597 1304 λόγων
3644 1237 3718 1290 ίε-

2139 1318 2247 1390 ρῶν
2282 1319 2447 1390 βοῶσι
2476 1321 2678 1390 φωναί·
2707 1321 2834 1375 ποτὲ
2865 1322 2982 1394 μέν’
3013 1323 3134 1378 Ἴδε
3164 1327 3198 1379 ό
3224 1325 3412 1395 ἀμνὸς
3437 1327 3542 1382 τοῦ
3567 1328 3716 1382 Θεοῦ

2135 1413 2169 1464 ό
2209 1412 2392 1478 αῑρων
2428 1412 2544 1481 τὴν
2579 1413 2872 1482 ἁμαρτίαν
2908 1413 3015 1468 τοῦ
3050 1417 3304 1485 κόσμου·
3335 1417 3464 1470 ποτὲ
3505 1417 3584 1470 δέ·
3619 1417 3716 1484 Ὧς

2133 1501 2430 1567 πρόϐατον
2455 1498 2554 1555 ἐπὶ
2575 1501 2821 1572 σφαγὴν
2848 1503 3026 1572 ἤχθη.
3063 1504 3173 1556 Καὶ
3206 1505 3267 1557 τό
3293 1521 3355 1572 γε
3379 1505 3550 1558 αἴτιον
3570 1504 3714 1559 διδά-

2134 1609 2355 1647 σκουσιν
2402 1595 2776 1665 ὲπιλέγουσαι·
2833 1594 3022 1664 Οὗτος
3064 1598 3172 1663 τὰς
3211 1597 3502 1667 ἁμαρτίας
3542 1597 3713 1668 ἡμῶν

2130 1685 2314 1753 φέρει,
2355 1687 2454 1740 καὶ
2486 1688 2617 1756 περὶ
2653 1688 2823 1757 ἡμῶν
2855 1687 3158 1752 dam-citat,
3188 1689 3288 1743 καὶ
3316 1689 3486 1757 ἡμεῖς
3513 1690 3708 1760 ἐλογι-

2129 1775 2360 1846 σάμεθα
2379 1777 2565 1832 αὐτὸν
2583 1781 2734 1833 εἶναι
2759 1781 2829 1833 ἐν
2853 1779 3058 1851 πληγῇ
3081 1782 3178 1834 καὶ
3203 1781 3273 1834 ἐν
3290 1781 3565 1836 κακώσεῑδ
3593 1785 3710 1839 Αὐ-

462 1848 574 1942 pter
604 1848 800 1926 scelera
857 1881 1054 1924 nostra.
1106 1867 1400 1938 Disciplina
1448 1869 1593 1938 pacis
1650 1879 1842 1923 nostra:
1876 1882 2018 1937 supet

2131 1867 2233 1933 τὸς
2261 1867 2329 1921 δὲ
2360 1870 2799 1940 ἐτραυματίσθη
2834 1872 2929 1926 διὰ
3114 1875 3366 1943 ἀνομίας
3387 1875 3576 1944 ἡμῶν,
3605 1875 3707 1930 καί

459 1978 604 2030 eum,
638 1965 796 2017 livore
822 1962 935 2031 ejus
957 1961 1132 2014 sanati
1163 1977 1256 2014 nos
1285 1975 1485 2017 sumus.
1519 1957 1706 2012 Cuncti
1753 1961 1886 2011 sicut
1916 1971 2031 2012 oves

460 2056 773 2118 erravimus,
803 2053 1156 2122 unusquisque
1194 2069 1224 2104 a
1257 2052 1339 2105 via
1375 2067 1471 2104 sua
1518 2050 1819 2103 declinavit.
1852 2046 2031 2102 Domi-

461 2167 560 2205 nus
587 2148 806 2202 tradidit
830 2146 976 2200 illum
1009 2145 1150 2218 [pro]
1169 2147 1391 2215 peccatis
1416 2147 1607 2199 nostris
1639 2141 1706 2199 '°.
1733 2144 2028 2214 Corporale

458 2243 639 2313 itaque
664 2231 827 2294 Verbi
879 2254 1140 2309 organum
1195 2239 1295 2292 has
1327 2238 1395 2293 ob
1444 2251 1640 2292 causas
1689 2237 2027 2291 immolatum

455 2333 582 2390 fuit.
626 2332 850 2404 Magnus
887 2341 1068 2386 tamen
1113 2330 1349 2400 pontifex
1378 2369 1394 2394 ,
1435 2345 1560 2384 cum
1593 2330 1664 2384 sit
1694 2329 1940 2384 diversus
1994 2341 2027 2384 a

454 2425 696 2490 victima,
728 2423 823 2477 Dei
845 2422 1050 2478 scilicet
1076 2420 1339 2485 Verbum,
1369 2421 1544 2476 virtus
1569 2460 1585 2483 ,
1620 2428 1783 2489 atque
1817 2419 2028 2489 sapien-

453 2517 550 2584 tia,
575 2515 716 2570 haud
738 2514 826 2570 diu
855 2523 1026 2583 posta
1055 2523 1224 2568 morte
1263 2523 1532 2568 mortuum
1562 2511 1854 2575 revocavit,
1873 2527 2026 2567 eum-

453 2623 560 2678 que
610 2607 917 2662 communis
965 2615 1164 2659 nostrte
1194 2604 1390 2660 salutis
1419 2604 1843 2671 inchoationem,
1873 2605 2026 2659 vitat-

451 2697 893 2770 quesecundum
929 2696 1098 2751 Deum
1129 2705 1294 2765 atque
1339 2695 1767 2751 immortalitatis
1799 2695 2025 2766 partici-

450 2804 572 2862 pem
608 2787 910 2853 constituit,
940 2788 1218 2842 victoriale
1252 2786 1521 2842 adversus
1557 2795 1789 2843 mortem
1823 2800 1887 2842 ac
1920 2787 2024 2841 dae-

450 2882 756 2938 moniacam
790 2881 960 2936 aciem
1011 2880 1310 2949 trophaaum
1335 2918 1352 2946 ,
1385 2887 1441 2934 et
1470 2879 1772 2949 priscorum
1808 2879 2020 2935 sacriﬁ-

451 2972 661 3027 ciorum
713 2970 1164 3034 destructorem;
1225 2983 1386 3037 quem
1444 2971 1686 3024 omnium
1741 2968 2019 3024 hominum

450 3062 626 3130 gratia
668 3059 1031 3116 resuscitavit.
1067 3057 1298 3131 [Idcirco
1342 3060 1506 3116 etiam
1543 3059 1793 3115 Christus
1846 3059 2021 3115 nomi-

449 3162 613 3209 natus
639 3151 786 3223 fuit.]
840 3151 976 3206 Nam
1023 3150 1271 3207 Christus
1315 3166 1530 3216 nomen,
1558 3151 1920 3207 sacerdotium
1945 3153 2017 3206 si-

448 3243 563 3300 mul
593 3251 646 3299 et
680 3257 904 3314 regnum
932 3242 1204 3314 signiﬁcat
1230 3244 1370 3314 apud
1404 3241 1680 3299 Hebraeos.
1710 3241 1838 3298 Hasc
1873 3243 2015 3297 enim

448 3334 579 3404 ungi
613 3332 882 3389 solebant.

516 3613 724 3672 Praeter
749 3612 1106 3684 supradictas,
1137 3611 1239 3665 alia
1271 3623 1484 3681 quoque
1516 3608 1722 3664 exstitit
1747 3621 1844 3661 cur
1884 3606 2012 3661 Ser-

443 3714 600 3764 Vator
623 3716 929 3762 moreretur
963 3704 1394 3772 maximacausa
1416 3741 1432 3767 ,
1480 3716 1600 3771 quae
1623 3699 1735 3767 jam
1783 3699 2010 3754 dicetur.

443 3790 580 3856 Nam
605 3800 728 3869 quia
769 3810 993 3852 necesse
1038 3804 1192 3859 erat,
1242 3795 1409 3865 ipsius
1448 3791 1741 3861 discipulos
1782 3790 2014 3860 propriis

442 3891 621 3948 oculis
667 3903 896 3946 cernere
921 3889 1046 3944 vita:
1078 3896 1204 3957 post
1249 3885 1455 3941 obitum
1484 3883 1820 3938 manifestam
1853 3880 2013 3934 resti-

444 3983 705 4038 tutionem
738 4019 754 4044 ,
807 3984 875 4034 e'x
939 3993 1045 4048 qua
1102 3991 1256 4031 suam
1308 3974 1636 4043 suspendere
1691 3987 1838 4042 spem
1895 3969 2013 4025 illos

443 4058 726 4139 docuerat,
761 4070 989 4139 ctcujus
1019 4083 1183 4122 causa
1229 4067 1296 4120 ad
1339 4065 1616 4137 religionis
1661 4064 1846 4134 jugum
1887 4061 2017 4117 sub-

441 4162 676 4217 eundum
730 4160 979 4214 hortatus
1013 4157 1222 4223 fuerat;
1269 4155 1461 4210 merito
1501 4155 1639 4209 hanc
1669 4169 1779 4207 rem
1810 4151 2015 4222 perspi—

439 4269 542 4312 cue
566 4253 851 4308 videndam
890 4251 1103 4306 illorum
1135 4249 1308 4303 oculis
1355 4245 1666 4316 objiciebat.
1717 4243 2014 4314 Oportebat

439 4343 583 4399 enim
611 4357 705 4398 eos
733 4341 824 4412 qui
857 4341 998 4410 piam
1026 4339 1192 4394 vitam
1244 4344 1401 4392 erant
1445 4334 1769 4404 suscepturi,
1814 4331 1918 4386 hoc
1956 4332 2008 4384 in

435 4435 628 4507 primis
678 4446 1020 4502 summopere
1063 4429 1434 4484 necessarium
1481 4427 1860 4481 documentum
1894 4422 2009 4475 evi-

435 4527 586 4582 denti
627 4525 822 4580 intuitu
843 4521 1344 4594 comprehendere;
1394 4519 1668 4590 praecipue
1720 4530 1848 4570 vero
1892 4513 2006 4568 illos
2039 4552 2084 4610 Β

436 4617 527 4688 qui
562 4617 616 4672 in
661 4617 911 4672 universo
957 4615 1156 4670 mundo
1189 4613 1512 4682 quantocius
1550 4619 1705 4666 erant
1745 4607 2002 4679 praedica-

436 4709 566 4774 ωτι,
597 4709 1032 4777 pr0positamque
1067 4722 1097 4761 a
1125 4704 1341 4761 Christo
1382 4703 1632 4775 gentibus
1675 4699 1999 4763 doctrinam,

539 4799 586 4831 ⁸⁸
612 4796 768 4853 Joan.
793 4813 833 4862 ι,
871 4797 964 4854 ‘29.
1038 4797 1083 4830 ⁸³
1122 4796 1226 4852 lsa.
1261 4813 1380 4862 Lm,
1411 4796 1466 4850 7.
1539 4794 1586 4826 ⁹⁰
1618 4794 1747 4850 ibid.
1778 4790 1895 4847 4-7.

507 4894 619 4968 (l6)
667 4894 823 4968 Patet
869 4893 1064 4965 Syrum
1113 4895 1460 4968 interpretem
1487 4892 1699 4968 legisse
1751 4890 2004 4968 πράξξως

434 4962 562 5039 (vel
601 4962 878 5039 ’πράξεων
903 4962 954 5039 ,
987 4962 1417 5039 quandoquidem
1473 4962 1694 5039 Anglice
1747 4964 2005 5039 scribitur

431 5030 614 5096 deeds.
671 5030 848 5104 bpera.
901 5030 1019 5087 Sed
1055 5033 1234 5104 verior
1289 5033 1769 5104 lectio_habeatur
1827 5030 2001 5104 Crwci

437 5107 606 5160 nostri
654 5100 830 5157 textus
869 5100 1248 5174 παρατάξεως,
1285 5118 1443 5174 quam
1471 5101 1587 5174 loci
1616 5101 2000 5174 sententiapo-

433 5175 616 5229 stulat.
637 5175 726 5245 (Et
751 5170 966 5245 quidem
985 5187 1109 5241 pars
1129 5173 1287 5245 hujus
1305 5170 1590 5245 l‘ragmeuti
1616 5170 1813 5245 legitur
1837 5170 1998 5245 etiam

434 5246 489 5298 in
516 5239 704 5298 catena
732 5239 936 5299 codicis
982 5239 1092 5296 tum
1127 5239 1543 5296 Mediolanensis
1581 5239 1688 5294 tuni
1739 5239 1998 5294 Parisiaci

436 5314 489 5384 in
511 5315 608 5384 Ep.
631 5315 697 5367 ad
728 5312 890 5368 Hebr.
922 5313 1039 5367 acl.
1071 5311 1327 5384 Cramero
1356 5311 1522 5376 edita,
1546 5325 1598 5384 p.
1623 5309 1750 5384 589.
1778 5310 1794 5378 )
1824 5309 1999 5384 Atque

432 5381 536 5438 hoc
554 5380 687 5438 loco
716 5391 1002 5451 antequam
1053 5384 1118 5436 ad
1152 5381 1272 5451 Syri
1300 5382 1608 5447 interpretis
1638 5380 1722 5432 vel
1769 5382 1990 5433 ruendo-

431 5467 552 5505 rum
596 5456 680 5507 vel
705 5453 1076 5507 diversitatum
1107 5452 1472 5505 necessariam
1507 5451 1793 5504 identidem
1834 5465 1988 5502 coar-

431 5522 704 5591 gutionem
732 5523 1065 5592 progredior,
1109 5523 1211 5592 aio,
1245 5522 1524 5592 enimvero
1570 5521 1774 5592 priscos
1823 5520 1992 5592 inter-

431 5588 630 5658 pretes,
653 5588 949 5659 praesertim
973 5591 1279 5647 Orientales
1310 5589 1438 5657 (sed
1470 5588 1580 5642 nec
1599 5588 1818 5642 Latinos
1847 5589 1993 5642 exci-

429 5659 540 5731 pio)
567 5662 618 5731 iu
658 5662 1042 5715 transferendis
1071 5659 1380 5731 Graecorum
1425 5661 1641 5727 scriptis
1670 5659 1811 5712 haud
1860 5660 1992 5731 satis

427 5729 730 5798 Quendam,
756 5743 874 5798 qua:
898 5733 1131 5784 humana
1161 5729 1449 5783 inlirmitas
1479 5739 1592 5793 est,
1632 5743 1698 5798 se
1740 5729 1990 5798 gessisse.

426 5795 609 5852 Testis
639 5795 940 5853 luculentus
982 5801 1154 5853 nostri
1198 5801 1324 5852 item
1363 5799 1578 5854 Eusebii
1614 5795 1997 5853 Chro'tticorum

430 5865 692 5924 librorum
723 5868 1011 5925 Armenius
1037 5870 1323 5938 interpres,
1347 5870 1436 5939 qui
1465 5885 1585 5925 cum
1622 5869 1851 5939 plurima
1883 5867 1998 5921 feli-

2126 1961 2564 2030 μεμαλάκισται
2602 1964 2700 2018 διὰ
2747 1965 2854 2031 τὰς
2898 1967 3185 2034 ἁμαρτίας
3225 1967 3412 2036 ἡμῶν.
3460 1969 3708 2023 Παιδεία

2129 2052 2372 2121 εἰρήνης
2393 2054 2563 2124 ἡμῶν
2583 2056 2674 2108 ἐπ’
2708 2059 2912 2111 αὐτόν·
2949 2057 3029 2122 τῷ
3056 2057 3298 2127 μώλωπι
3319 2046 3506 2113 αὐτοῦ
3535 2060 3706 2128 ἡμεῖς

2130 2142 2394 2212 ίάθημεν.
2436 2145 2664 2210 Πάντες
2696 2147 2774 2212 ὡς
2806 2147 3067 2215 πρόϐατα
3092 2149 3535 2220 ἐπλανήθημεν,
3573 2153 3709 2207 ἕκα-

2128 2251 2274 2302 στος
2300 2235 2413 2306 τὴν
2441 2237 2588 2291 ὁδὸν
2614 2239 2798 2292 αὐτοῦ
2820 2239 3131 2308 ἐπλανήθη
3147 2259 3159 2272 ·
3184 2241 3283 2294 καὶ
3307 2244 3524 2311 Κύριος
3561 2263 3708 2315 παρ-

2126 2327 2350 2382 έδωκεν
2400 2329 2585 2384 αὐτὸν
2617 2329 2743 2397 ταῖς
2792 2331 3102 2400 ἁμαρτίαις
3141 2334 3327 2403 ἡμῶν.
3365 2324 3438 2388 Τὸ
3483 2335 3582 2406 μὲν
3614 2333 3706 2393 οὖν

2127 2409 2434 2490 σωματικὸν
2462 2421 2557 2474 τοῦ
2589 2421 2762 2491 Λόγου
2793 2422 3022 2492 ὄργανον
3045 2425 3133 2478 διά
3153 2425 3354 2490 ταύτας
3383 2427 3708 2500 καθιεροῦτο

2124 2510 2223 2574 τάς
2256 2511 2456 2577 αίτίας·
2491 2513 2520 2564 ὁ
2551 2511 2607 2566 δὲ
2645 2514 2813 2600 μέγας
2855 2517 3163 2587 ἀρχιερεὺς,
3209 2517 3396 2589 ἕτερος
3442 2519 3518 2572 ὢν
3551 2520 3704 2592 παρὰ

2123 2601 2184 2656 τὸ
2218 2603 2431 2672 ἱερεῖον,
2462 2602 2597 2656 Θεοῦ
2629 2604 2799 2673 Λόγος
2834 2607 2926 2658 καὶ
2966 2606 3210 2678 δύναμις,
3248 2609 3342 2662 καὶ
3385 2610 3565 2680 σοφία,
3601 2612 3703 2665 οὐκ

2123 2690 2206 2753 είς
2240 2689 2459 2762 μακρὰν
2505 2691 2566 2744 τὸ
2599 2691 2793 2764 θνητὸν
2824 2694 3140 2747 ἀνεκαλεῖτο
3171 2695 3266 2748 τοῦ
3309 2696 3560 2764 θανάτου,
3605 2699 3701 2752 καὶ

2122 2780 2279 2835 τοῦτο
2305 2781 2408 2851 τῆς
2434 2780 2618 2852 κοινῆς
2649 2782 2804 2852 ἡμῶν
2833 2784 3105 2856 σωτηρίας
3128 2784 3226 2856 τὴν
3259 2787 3529 2858 ἀπαρχὴν,
3555 2786 3700 2861 ζωῆς

2122 2873 2308 2929 ἐνθέου
2332 2875 2426 2930 καὶ
2447 2875 2746 2941 ἀθανασίας
2776 2876 2998 2948 μέτοχον
3025 2879 3286 2950 παρίστη,
3311 2881 3568 2952 τρόπαιον
3589 2883 3704 2936 ἐπι-ι

2121 2967 2292 3020 νίκιον
2336 2966 2477 3020 κατὰ
2519 2964 2613 3020 τοῦ
2665 2967 2896 3020 θανάτου
2930 2967 3024 3020 καὶ
3070 2969 3210 3022 κατά
3241 2959 3340 3040 τῆς
3384 2972 3703 3044 δαιμονικῆς

2122 3055 2477 3126 παρατάξεως
2498 3055 2631 3126 (16),
2660 3056 2755 3109 καὶ
2775 3056 2882 3109 τῶν
2900 3057 3066 3111 πάλαι
3091 3057 3288 3110 θυσιῶν
3308 3060 3698 3132 ἀποτρόπαιον,

2121 3148 2278 3203 τοῦτο
2312 3149 2450 3221 ὑπὲρ
2483 3149 2739 3203 ἁπάντων
2768 3148 3068 3219 ἀνθρώπων
3110 3149 3414 3222 ἀνεγείρας.
3451 3150 3566 3224 [Διὸ
3604 3153 3702 3207 καὶ

2118 3240 2351 3312 Χριστὸς
2395 3231 2737 3312 ὠνομάσθη.)
2773 3241 2845 3294 Τὸ
2875 3240 2982 3312 γὰρ
3017 3233 3253 3312 Χριστὸς
3282 3242 3451 3314 ὄνομα
3493 3260 3702 3316 σημαν-

2117 3333 2266 3387 τικὸν
2314 3333 2611 3405 ἱερωσύνης
2661 3334 2778 3406 ἅμα
2825 3334 2918 3388 καὶ
2977 3334 3254 3405 βασιλείας
3303 3336 3455 3408 παρά
3511 3338 3701 3392 παισὶν

2129 3423 2393 3498 Ἑϐραίων
2453 3425 2518 3481 ἂν
2572 3426 2812 3494 γένοιτοδ
2862 3427 3034 3481 ταῦτα
3086 3428 3193 3500 γὰρ
3238 3424 3377 3500 ἦσαν
3421 3429 3491 3484 τὰ
3547 3429 3700 3502 χριό-

2119 3525 2256 3586 μενα
2289 3515 2424 3587 (t7).

2186 3606 2297 3679 (18)
2327 3599 2473 3678 Πρὸς
2509 3610 2622 3671 τοῖς
2662 3609 2970 3680 εἰρημένοις
2997 3601 3091 3663 καὶ
3127 3609 3261 3681 ἄλλη
3285 3626 3371 3674 τις
3402 3611 3601 3681 γένοιτ’
3631 3612 3702 3668 ἂν

2112 3697 2207 3752 τοῦ
2242 3698 2508 3770 σωτηρίου
2547 3698 2777 3753 θανάτου
2811 3701 3040 3772 μεγίστη
3067 3701 3211 3754 αἰτία
3239 3703 3270 3773 ἡ
3303 3702 3695 3776 λεχθησομένη.

2114 3790 2225 3860 (i9)
2259 3789 2476 3861 Ἐπειδὴ
2501 3789 2610 3862 γὰρ
2629 3794 2740 3855 τοῖς
2759 3792 2920 3845 αὑτοῦ
2947 3795 3227 3864 φοιτηταῖς
3251 3793 3548 3865 ὀφθαλμοῖς
3572 3797 3698 3852 ίδείν

2112 3881 2405 3948 ἀναγκαῖον
2439 3877 2508 3952 ἦν
2545 3881 2687 3952 ζωῆς
2718 3882 2815 3953 τῆς
2870 3884 3006 3953 μετὰ
3039 3882 3265 3936 θάνατον
3307 3885 3559 3957 ἐναργῶς
3592 3904 3697 3940 πα-

2111 3970 2466 4040 λιγγενεσίαν,
2507 3972 2593 4041 ἐφ’
2627 3973 2692 4043 ἣν
2740 3973 2838 4036 τὰς
2865 3974 3044 4026 αὐτῶν
3077 3974 3296 4039 ἐλπίδας
3337 3977 3574 4050 ἀναρτᾷν
3606 3979 3696 4032 αὐ-

2109 4064 2237 4125 τοὺς
2265 4063 2525 4129 ἐδίδασκε,
2561 4057 2626 4116 δι’
2653 4064 2719 4134 ἢν
2755 4065 2845 4118 καὶ
2880 4065 3218 4137 προῦτρεπεν
3251 4069 3448 4133 αὐτοὺς
3476 4069 3692 4140 ἔχεσθαι

2109 4151 2204 4205 τοῦ
2239 4152 2336 4222 τῆς
2369 4150 2673 4216 θεοσεϐείας
2708 4151 2798 4222 ζυγ
2811 4153 2872 4205 οὗ
2899 4170 2912 4183 ·
2949 4153 3172 4218 εἰκότως
3204 4156 3391 4210 τοῦτον
3422 4160 3552 4230 όρᾷν
3589 4159 3688 4211 αὑ-

2110 4245 2220 4306 τοῖς
2252 4241 2548 4313 ὀφθαλμοῖς
2589 4243 2832 4314 ἀκριϐῶς
2860 4247 3141 4315 παρεῖχεν.
3194 4246 3392 4319 Ἐχρῆν
3423 4247 3530 4317 γὰρ
3561 4247 3688 4310 τοὺς

2114 4330 2401 4401 μέλλοντας
2435 4331 2633 4402 εὐσεϐῆ
2667 4331 2906 4402 μετιέναι
2939 4331 3051 4401 βίον
3087 4333 3244 4387 τοῦτο
3273 4335 3483 4406 πρῶτον
3521 4335 3685 4402 ἀναγα

2109 4419 2391 4474 καιότατον
2437 4421 2668 4493 μάθημα
2699 4421 2764 4473 δι’
2805 4421 3070 4493 ἐναργοῦς
3101 4422 3276 4493 ὅψεως
3309 4423 3639 4495 παραλαϐεῖν
3664 4437 3679 4455 ⁸

2110 4513 2202 4565 καὶ
2225 4512 2357 4566 πολὺ
2395 4512 2590 4583 μᾶλλον
2631 4513 2865 4577 ἐκείνους
2885 4515 3010 4578 τοὺς
3034 4516 3113 4579 είς
3144 4512 3356 4570 ἅπαντα
3378 4517 3476 4588 τὴν
3507 4519 3686 4571 οἰκου-

2113 4603 2282 4674 μένην
2318 4603 2606 4674 μέλλοντας
2650 4606 2772 4658 ὅσον
2805 4605 2959 4660 οὔπω
2996 4607 3305 4678 κηρύττειν,
3340 4609 3434 4662 καὶ
3459 4609 3558 4680 τὴν
3592 4609 3686 4663 ὑπ’
3728 4617 3739 4704 f

2107 4692 2271 4746 αὑτοῦ
2302 4696 2432 4747 πᾶσι
2463 4697 2574 4760 τοῖς
2615 4695 2792 4750 ἔθνεσι
2820 4698 3218 4771 προϐληθεῖσαν
3255 4701 3598 4755 διδασκαλίαν
3625 4719 3686 4755 τε
3726 4692 3730 4735 λ

2117 4903 2252 4952 citer
2292 4897 2654 4961 transtulerit,
2685 4899 2738 4951 in
2768 4899 2949 4954 multis
2982 4907 3160 4953 tamen
3191 4899 3470 4954 evidenter
3496 4913 3684 4968 pecca-

2111 4971 2232 5030 vit;
2273 4983 2434 5036 quant
2485 4981 2583 5035 ego
2635 4972 2952 5021 ntendorutu
2995 4971 3204 5036 copiam
3260 4971 3312 5022 in
3366 4969 3681 5036 praefatione

2111 5037 2438 5104 scholiisque
2504 5037 2757 5091 editionis
2803 5038 3217 5092 Mediolaueusis
3259 5039 3548 5091 lectoribus
3584 5040 3679 5090 de-

2112 5106 2404 5161 monstravi
2436 5115 2599 5174 atque
2632 5109 2864 5161 correxi.
2905 5111 3037 5161 Item
3071 5107 3138 5161 el.
3173 5108 3358 5162 doetor
3397 5106 3558 5172 Leus,
3585 5107 3676 5174 qui

2110 5188 2330 5246 propter
2357 5175 2459 5228 hoc
2485 5191 2620 5244 opus
2648 5175 2993 5243 Theophania:
3031 5177 3391 5232 Eusebianum
3423 5179 3487 5230 de
3509 5178 3680 5231 sacris

2109 5248 2308 5301 litteris
2339 5246 2716 5299 immortaliter
2749 5249 2972 5300 meritus
3001 5258 3102 5307 est,
3141 5247 3336 5316 Syrum
3375 5261 3528 5316 suum
3573 5262 3678 5299 nou

2107 5317 2273 5372 semel
2299 5317 2647 5382 interpretem
2671 5317 2753 5372 vel
2776 5317 2846 5370 ob
2879 5315 3270 5371 obscuritatem
3310 5315 3394 5369 vel
3445 5316 3578 5370 alias
3609 5317 3679 5368 ob

2097 5401 2298 5442 causas
2335 5387 2582 5454 castigat.

2169 5457 2280 5526 (17)
2307 5453 2566 5526 Syriacus
2600 5463 2776 5509 textus
2805 5457 3010 5511 accedit
3031 5455 3256 5524 propius
3288 5455 3352 5508 ad
3386 5453 3674 5526 Eusebium

2099 5523 2399 5597 Dento'nst'r.
2421 5525 2628 5597 Evaug.
2659 5540 2730 5597 tv,
2751 5527 2836 5591 ii,
2861 5527 2948 5580 ed.
2975 5523 3174 5597 Vigeri,
3209 5541 3261 5593 p.
3299 5526 3454 5597 [ἴθιΔ
3475 5523 3676 5597 ᾼιόπερ

2099 5595 2195 5716 καὶ)Σ
2227 5596 2479 5666 χριστοὺς
2520 5591 2803 5666 ὀνομάζειν
2832 5597 3028 5659 αὐτοὺς
3044 5591 3273 5659 vitaxae—att;
3301 5591 3369 5666 ἦν
3402 5591 3674 5662 Ἑϐραίοις

2101 5682 2160 5716 tot
2196 5683 2274 5716 ον.

2101 5682 2137 5733 φ
2147 5682 2274 5718 ελον.

2172 5735 2284 5806 (18)
2315 5735 2383 5806 A.
2414 5733 2453 5788 f.
2477 5734 2604 5806 390.
2635 5735 2688 5789 b.
2722 5735 2849 5806 Syr.
2883 5753 2966 5802 tu,
2999 5736 3085 5792 60.

2177 5803 2288 5876 (i9)
2307 5805 2478 5886 Aliter
2505 5805 2708 5875 Syrus;
2733 5803 2877 5863 u'uod
2914 5825 3019 5865 non
3055 5808 3241 5864 urobo.
