4116 6394
425 347 526 408 6ιῖ

1803 343 1889 406 br‘.
1927 345 2399 407 TllEOl’llA-NIA.

3592 353 3694 408 uia

423 479 519 530 καὶ
541 475 869 546 θεογνωσίαν
893 479 970 541 εἰς
1008 478 1214 540 πάντας
1240 475 1630 546 καταγγέλλειν
1664 477 1776 547 (ΞΟ)
1810 477 2018 548 ἀνθρώ-

2127 477 2324 544 Deique
2380 476 2664 535 notitiam,
2726 477 2933 531 cunctis
2998 477 3309 532 hominibus
3378 477 3695 532 nuntiaturi.

424 584 591 632 πους·
623 567 714 630 οὒς
751 569 813 638 δὴ
843 571 1051 638 πεῖσμα
1093 569 1347 639 μέγιστον
1381 569 1562 622 λαϐεῖν
1598 571 1765 639 ἐχρῆν
1797 570 1894 641 τῆς
1924 588 2021 640 με-

423 660 494 712 τὰ
522 660 614 711 τὸν
644 659 870 712 θάνατον
900 661 1064 730 ζωῆς,
1099 661 1176 724 ὡς
1204 661 1270 714 ἂν
1308 663 1483 725 ἀδεεῖς
1516 663 1609 716 καὶ
1643 661 1835 730 ἄφοϐοι
1867 657 2025 716 θανόι⁸

425 767 521 802 του
552 749 643 802 τὸν
676 750 817 804 κατὰ
847 753 946 822 τῆς
981 747 1244 806 πολυθέου
1279 753 1486 826 πλάνης
1511 755 1698 823 ἀγῶνα
1728 755 2022 825 προθύμως

427 841 767 908 ἁναδέξοιντο
791 852 805 874 ⁵
863 845 938 915 μὴ
983 845 1091 915 γὰρ
1137 846 1369 899 Θανάτου
1404 851 1764 919 καταφρονεῖν
1801 847 2026 918 μελετή-

430 948 642 996 σαντες,
677 935 779 988 οὐκ
805 935 871 988 ἂν
905 935 1125 990 πώποτε
1153 938 1290 1007 πρὸς
1314 937 1382 990 τά
1408 938 1557 991 δεινὰ
1580 938 2025 1009 παρεσκευάζον-

425 1039 506 1075 το.
549 1026 639 1077 Διὸ
669 1026 732 1097 δὴ
763 1029 1080 1096 ἀναγκαίως
1111 1028 1348 1093 ὁπλίζων
1383 1031 1580 1093 αὐτοὺς
1623 1028 1765 1083 κατὰ
1800 1031 1899 1101 τῆς
1929 1030 2024 1082 τοῦ

427 1115 658 1170 θανάτου
685 1118 1004 1183 δυναστείας
1042 1120 1102 1172 οὐ
1130 1119 1417 1190 ῥηματίοις
1441 1123 1535 1174 καὶ
1563 1125 1769 1190 φωναῖς
1807 1122 2029 1194 παρεδί-

426 1207 518 1260 δου
548 1207 609 1261 τὸ
655 1209 904 1280 μάθημα,
938 1211 1056 1263 οὐδὲ
1098 1211 1276 1280 λόγοις
1308 1212 1509 1280 ὁμοίως
1549 1214 1906 1285 ἀνθρωπείως
1935 1211 2025 1266 τὸν

429 1299 559 1368 περὶ
605 1297 785 1370 ψυχῆς
816 1292 1116 1361 ἀθανασίας
1155 1301 1396 1365 πιθανῶς
1437 1304 1532 1355 καὶ
1579 1303 1638 1368 ἐξ
1666 1305 1891 1358 εἰκότων
1914 1305 2025 1374 (2i)

428 1390 736 1442 συντάττων
757 1407 768 1420 ο
806 1391 955 1460 αὑτῷ
986 1391 1042 1444 δὲ
1078 1391 1224 1464 ἔργῳ
1247 1393 1315 1445 τὰ
1347 1394 1488 1446 κατὰ
1518 1394 1612 1447 τοῦ
1652 1395 1883 1448 θανάτου
1929 1398 2027 1448 ἐπ-

429 1479 638 1532 εδείκνυ
662 1481 845 1543 αὐτοῖς
869 1481 1125 1550 τρόπαια.

500 1570 610 1640 (‘22)
642 1567 751 1622 Ἦν
780 1573 880 1642 μὲν
909 1573 1015 1644 γὰρ
1047 1574 1211 1628 πάλαι
1240 1576 1504 1647 πρότερον
1528 1571 1758 1648 φοϐερὸς
1783 1579 1897 1638 τοῖς
1929 1580 2031 1629 πᾶ-

428 1677 512 1714 σιν
534 1663 562 1714 ὁ
582 1662 675 1714 τοῦ
706 1663 901 1734 θνητοῦ
933 1664 1121 1732 γένους
1146 1666 1338 1737 ὀλετὴρ
1367 1666 1718 1732 θάνατος,καὶ
1743 1669 1892 1731 λύσις
1919 1671 2033 1720 evo-~

431 1749 619 1820 μίζετο
645 1753 744 1822 τῆς
779 1753 907 1824 ὅλης
940 1754 1228 1826 ἀνθρώπου
1267 1755 1500 1824 φύσεως,
1537 1759 1716 1830 ψυχῆς
1761 1759 1896 1830 ὁμοῦ
1935 1761 2030 1813 καὶ

429 1841 700 1912 σώματος,
755 1845 789 1914 ή
827 1845 1016 1898 τούτου
1062 1846 1382 1901 δυναστεία·
1430 1849 1550 1902 οὑδέ
1583 1868 1666 1914 τις
1710 1847 1778 1921 ἦν
1816 1852 1925 1905 τῶν
1967 1851 2028 1916 ἐξ
2065 1820 2102 1876 Β

427 1934 623 1998 αἰῶνος
656 1930 768 1999 οἷός
800 1954 859 1988 τε
895 1937 1044 1990 τουτὶ
1082 1935 1142 1990 τὸ
1188 1939 1458 2011 φόϐητρον
1495 1942 1552 2007 ἐξ
1589 1941 1889 2014 ἀνθρώπων
1931 1943 2025 1996 ἁν-

426 2028 587 2080 ελεῖν·
632 2029 832 2093 πάντες
863 2029 906 2083 δ’
944 2032 1252 2102 ἐπτήχεσαν
1283 2033 1434 2104 φόϐῳ
1467 2036 1654 2104 μικροὶ
1676 2036 1770 2088 καὶ
1799 2035 2024 2105 μεγάλοι

427 2117 519 2169 τὸν
555 2117 782 2172 θάνατον
804 2136 816 2148 ·
859 2121 959 2172 οὐκ
983 2115 1052 2190 ἦν
1102 2137 1162 2172 τε
1197 2121 1291 2174 τοῦ
1331 2124 1502 2176 κακοῦ
1553 2127 1897 2196 παραμύθιον
1933 2131 2025 2184 ἀν·

427 2207 686 2278 θρώποις,
733 2212 792 2262 οὐ
820 2207 998 2281 λόγος,
1025 2216 1085 2268 οῦ
1118 2215 1338 2288 τρόπος,
1367 2218 1426 2269 οὐ
1457 2217 1590 2287 βίος,
1625 2219 1686 2270 οὐ
1723 2221 1902 2290 σοφῶν
1938 2222 2023 2277 λο-

428 2300 644 2368 γισμὸς,
667 2300 729 2352 οὐ
765 2301 1009 2356 παλαιῶν
1043 2306 1474 2376 συγγράμματα,
1509 2289 1568 2358 οῦ
1610 2311 1904 2378 προφητῶν
1937 2311 2024 2364 θεέ

430 2389 734 2460 σπίσματα,
758 2393 850 2444 καὶ
871 2394 1118 2461 ἀγγέλων
1150 2397 1460 2465 ἐπιφάνειαι
1479 2408 1492 2427 ⁸
1523 2399 1740 2451 πάντων
1764 2400 1820 2453 δὲ
1845 2404 2021 2474 κρείτ-

427 2496 536 2531 των
563 2481 656 2533 καὶ
671 2481 944 2553 ἀνώτερος
965 2484 1062 2555 τὴν
1086 2486 1225 2539 κατὰ
1245 2488 1462 2541 πάντων
1489 2488 1644 2560 νίκην
1678 2491 1893 2561 ἐπεῖχεν
1910 2493 2022 2564 (2'5)

429 2572 458 2623 ὁ
491 2571 738 2636 θάνατος,
777 2573 999 2644 ὑψηλὸς.
1049 2579 1410 2650 μεγάλαυχος,
1458 2581 1803 2653 ὑπερήφανος
1827 2599 1840 2615 ·
1958 2587 2023 2658 δὴ

431 2662 962 2736 καταδεδουλωμένον
993 2667 1053 2720 τὸ
1087 2670 1280 2741 θνητὸν
1311 2674 1468 2741 γένος
1502 2675 1784 2740 παντοίαις
1805 2677 2022 2733 ἐκαλιν-

430 2751 572 2806 δεῖτο
600 2756 984 2826 παρανομίαις,
1016 2763 1370 2830 μιαιφονίαις,
1407 2765 1870 2838 ἀθεμιτουργίαις,
1899 2770 2023 2823 δυσ-

433 2845 691 2911 σεϐείαις,
723 2850 1042 2923 πολυπλόκῳ
1063 2855 1239 2929 πλάνῃ
1264 2874 1276 2887 ·
1307 2855 1511 2911 τούτων
1536 2860 1645 2932 γὰρ
1665 2855 1734 2931 ἦν
1762 2863 2020 2918 ἁπάντων

433 2935 661 3002 θάνατος
689 2940 880 3003 αἴτιος.
925 2943 1012 3007 Ὧς
1040 2945 1148 3017 γὰρ
1192 2947 1388 3017 μηκέτι
1414 2949 1565 3012 ὔντες
1599 2951 1738 3022 μετὰ
1769 2951 2017 3017 θάνατον,

430 3028 500 3081 τὰ
527 3031 736 3102 μυρίων
760 3032 1005 3088 θανάτων
1038 3036 1164 3102 ἄξια
1187 3037 1420 3109 δρῶντες
1453 3041 1639 3112 διῆγον
1659 3059 1672 3071 ·
1707 3042 1799 3095 καὶ
1831 3041 1907 3107 ὡς
1933 3045 2022 3097 εὑ-

432 3119 619 3185 θύναις
657 3123 906 3194 οὐδαμῶς
935 3127 1285 3198 ὑποκείμενοι
1317 3129 1403 3184 διά
1437 3132 1537 3203 τὴν
1562 3133 1627 3186 ἐκ
1662 3133 1757 3186 τοῦ
1789 3133 2020 3190 Θανάτου

431 3212 605 3278 λύσιν,
632 3212 742 3284 βίον
767 3215 903 3278 ἔζων
925 3218 1178 3274 ἀϐίωτον.
1211 3220 1317 3284 Οὓς
1340 3221 1403 3292 δὴ
1426 3224 1759 3296 κατελεήσας
1778 3228 1806 3279 ὁ
1825 3227 2018 3294 Λόγος,

430 3304 524 3356 ἐπὶ
559 3306 664 3376 τὴν
703 3307 914 3378 ἄμυναν
948 3310 1213 3367 ἔσπευσεν
1237 3331 1250 3344 ·
1289 3310 1388 3368 εἷθ’
1422 3309 1509 3369 οἷα
1554 3315 1805 3386 βασιλεὺς
1836 3320 2022 3390 φιλαν-

431 3394 778 3466 θρωπότατος
804 3401 900 3454 τὸν
929 3402 1070 3456 κατὰ
1101 3403 1195 3457 τοῦ
1221 3404 1450 3458 θανάτου
1482 3405 1700 3476 ἔλεγχον
1723 3407 1790 3459 δι’
1810 3409 2020 3480 ἀνθρώ-

433 3503 538 3540 που
581 3489 797 3557 φύσεως
830 3493 1164 3562 ἐμηχανᾶτο,
1211 3493 1324 3566 ζωὴ
1371 3495 1469 3566 μὲν
1513 3496 1676 3560 αὐτὸς
1713 3499 2017 3568 τυγχάνων,

433 3579 528 3632 καὶ
555 3580 687 3634 Θεοῦ
721 3583 914 3652 Λόγος,
952 3585 1046 3639 καὶ
1071 3586 1207 3641 Θεοῦ
1241 3587 1469 3658 δύναμις
1491 3604 1506 3619 ⁸
1537 3588 1652 3642 ἀλλ’
1682 3592 1743 3644 οὐ
1775 3591 1897 3662 δίχα
1926 3592 2020 3646 τοῦ

433 3671 796 3742 βοηθουμένου
843 3675 904 3728 τὸ
929 3676 1040 3730 τῶν
1079 3676 1384 3750 ἀνθρώπων
1435 3681 1706 3753 φόὸητρον
1753 3682 2022 3751 διελέγξαι

432 3764 643 3834 κρίνας.
695 3767 785 3818 Διὸ
831 3767 896 3838 δὴ
939 3769 1090 3841 ὅπλῳ
1147 3771 1492 3843 χρησάμενος
1531 3772 1876 3846 ἀνθρωπείῳ,
1930 3775 2022 3828 καὶ

431 3852 610 3924 θνητῷ
632 3851 848 3925 σώματι
873 3859 901 3910 ὁ
934 3858 1246 3930 ἀσώματος,
1277 3862 1368 3915 τὸν
1409 3862 1641 3917 θάνατον
1664 3864 1750 3917 διὰ
1777 3865 1870 3918 τοῦ
1895 3865 2022 3937 θνη-

429 3943 525 3996 τοῦ
550 3949 991 4018 κατηγωνίσατο·
1030 3951 1124 4004 καὶ
1155 3953 1300 4022 μέγα
1331 3953 1515 4024 θαῦμα
1566 3957 1679 4017 τοῖς
1706 3957 1870 4009 πᾶσιν
1913 3959 2020 4010 άπ-

431 4032 623 4101 έδειξε,
661 4037 917 4109 τρόπαιον
941 4038 1241 4104 ἀθανασίας
1269 4040 1410 4095 κατὰ
1437 4042 1530 4096 τοῦ
1567 4043 1793 4098 θανάτου
1813 4044 1900 4097 διὰ
1926 4043 2020 4097 τοῦ

430 4124 628 4195 θνητοῦ
661 4127 827 4180 ὅπλου
853 4131 1055 4201 στήσας
1087 4131 1217 4200 (24).
1261 4132 1438 4202 Ἠφίει
1475 4134 1575 4204 μὲν
1603 4134 1709 4205 γάρ
1741 4134 1801 4186 τὸ
1827 4135 2021 4205 θνητὸν

429 4215 510 4276 εἰς
540 4214 707 4286 βορὰν
729 4217 805 4288 τῷ
827 4218 1000 4290 θηρίῳ
1021 4219 1132 4291 (25)
1151 4238 1162 4249 ·
1194 4221 1255 4275 τὸ
1282 4221 1326 4275 δ’
1342 4223 1540 4277 αὐτίκα
1567 4223 1645 4294 τῷ
1671 4224 1828 4296 ίκρίῳ
1857 4240 2022 4295 προσ-

426 4305 622 4376 ηλοῦτο
672 4307 1213 4382 ἀνεῖτο-πυρούμενον·
1264 4312 1339 4377 ὡς
1379 4312 1445 4366 ἂν
1479 4317 1594 4377 τοῖς
1639 4315 1806 4368 πᾶσιν
1850 4318 1882 4387 ὴ
1926 4314 2021 4368 τοῦ

431 4396 626 4470 θνητοῦ
646 4401 970 4474 γνωρισθείη
1007 4402 1188 4472 φύσις,
1224 4405 1358 4475 μηδέ
1385 4423 1504 4457 τινα
1537 4405 1688 4458 λάθοι
1712 4406 1772 4458 τὸ
1794 4407 2022 4477 πραττό-

2047 3175 2094 3238 C

2128 569 2426 637 Discipulos
2482 568 2665 638 itaque
2707 583 2971 623 summam
3023 569 3218 623 habere
3269 571 3516 623 iiduciant
3567 585 3705 637 opus

2125 670 2244 715 erat
2269 661 2334 714 de
2365 663 2472 716 vita
2498 670 2620 729 post
2657 660 2862 715 obitum
2898 665 3292 729 recuperanda.
3329 675 3382 717 nt
3418 664 3698 732 intrepidi,

2127 752 2330 821 absque
2357 750 2466 805 ullo
2494 752 2682 806 mortis
2708 764 2850 805 metu
2879 752 3138 808 adversus
3171 754 3520 824 polytheismi
3553 769 3700 810 erro-

2129 859 2241 896 rem
2270 853 2544 897 certamen
2582 843 2830 898 alacriter
2859 847 3215 914 susciperent.
3259 845 3394 899 Nam
3429 845 3530 900 nisi
3561 861 3702 899 mor-

2131 944 2235 988 tem
2301 947 2646 990 contemnere
2705 938 3105 1002 assuevisseut,
3174 953 3445 1007 numquam
3513 949 3702 992 contra

2133 1025 2391 1081 terribilia
2442 1038 2501 1079 se
2551 1024 2932 1080 accinxissent.
2980 1025 3338 1093 Quamobrem
3391 1027 3704 1082 necessario

2131 1116 2250 1172 illos
2277 1131 2495 1170 armans
2525 1116 2788 1168 adversus
2820 1116 3008 1169 mortis
3050 1117 3367 1184 potentiam,
3415 1117 3555 1170 haud
3583 1133 3707 1185 pro-

2131 1209 2255 1262 latis
2301 1223 2396 1262 ore
2449 1206 2654 1260 voculis
2696 1207 2996 1260 doctrinam
3033 1208 3172 1261 hanc
3223 1206 3486 1268 tradebat.
3531 1219 3708 1274 neque

2131 1313 2442 1352 sermonum
2474 1313 2624 1349 more
2649 1297 3010 1350 humanorum
3054 1302 3118 1352 de
3161 1299 3353 1352 anima:
3383 1297 3702 1352 immortali-

2133 1400 2242 1442 tate
2284 1390 2653 1443 verisimiliter
2682 1388 3019 1452 disserebat,
3051 1391 3144 1443 sed
3180 1389 3296 1458 ipso
3328 1404 3491 1457 apere
3535 1390 3705 1441 relata

2132 1482 2198 1536 de
2223 1493 2396 1537 morte
2439 1493 2636 1550 tropaea
2670 1480 2774 1535 illis
2803 1482 3138 1536 ostendebat.

2203 1573 2346 1628 Sane
2411 1583 2526 1627 erat
2575 1574 2701 1626 olim
2756 1574 2964 1626 cunctis
3013 1572 3271 1626 terribilis
3320 1572 3410 1625 illa
3462 1572 3707 1625 mortalis

2135 1666 2347 1733 generis
2377 1665 2648 1736 pernicies
2682 1681 2862 1730 mors;
2901 1673 2954 1718 et
2979 1664 3260 1716 dissolutio
3295 1664 3709 1716 existimabatur

2135 1757 2402 1811 universa:
2433 1757 2672 1810 hominis
2704 1768 2930 1817 naturae,
2957 1753 3149 1807 animae
3175 1754 3332 1807 simul
3362 1763 3415 1808 et
3438 1755 3704 1822 corporis,

2135 1848 2322 1902 mortis
2362 1855 2674 1916 potentatus
2699 1865 2714 1906 :
2769 1863 3034 1916 nemoque
3063 1858 3130 1899 ex
3161 1847 3305 1898 omni
3334 1861 3448 1898 aevo
3474 1848 3703 1900 exstite-

2136 1948 2236 2002 rat,
2261 1940 2351 2006 qui
2386 1939 2490 1992 hoc
2525 1938 3020 1992 terriculamentnm
3056 1953 3121 1990 ex
3168 1937 3478 1991 hominibus
3518 1937 3703 1992 tollere

2133 2039 2336 2096 posset,
2383 2029 2675 2096 cunctique
2742 2047 2769 2080 ιι
2829 2045 3025 2098 magno
3075 2043 3246 2095 usque
3303 2029 3368 2082 ad
3421 2029 3701 2082 minimum

2134 2118 2325 2170 mortis
2354 2117 2546 2170 timore
2595 2118 3058 2184 percellebantur;
3111 2119 3348 2187 nihilque
3397 2132 3511 2172 erat
3561 2123 3704 2188 quod

2133 2207 2258 2261 huic
2286 2207 2426 2262 malo
2453 2209 2703 2262 solatium
2735 2209 3034 2274 conferret,
3072 2226 3175 2262 non
3206 2226 3402 2268 sermo.
3439 2227 3546 2263 non
3586 2229 3703 2263 mo-

2132 2299 2231 2352 dus
2257 2298 2484 2367 aliquis.
2523 2316 2628 2354 non
2676 2301 3004 2371 sapientium
3055 2302 3317 2366 consilia,
3358 2317 3462 2356 non
3496 2303 3704 2370 prisco-

2135 2405 2250 2442 rum
2285 2390 2506 2453 litterte,
2539 2406 2643 2445 non
2676 2395 3066 2463 prophetarum
3107 2394 3328 2450 oracula
3351 2433 3369 2459 ,
3402 2409 3507 2447 non
3539 2409 3706 2462 ange-

2133 2481 2306 2536 lorum
2344 2483 2708 2552 apparitiones
2740 2500 2755 2537 :
2792 2485 2886 2540 sed
2921 2487 3177 2541 omnibus
3219 2487 3411 2541 fortior
3456 2495 3510 2538 et
3543 2500 3706 2554 supe-

2133 2574 2242 2628 rior
2267 2574 2624 2629 univcrsalem
2655 2577 2938 2632 victoriam
2963 2579 3242 2633 obtinebat
3272 2593 3440 2642 mors,
3463 2578 3704 2640 excelsa.

2131 2664 2504 2734 gloriabtmda,
2551 2669 2814 2736 superba,
2867 2669 2956 2723 cui
3005 2670 3370 2739 mancipatum
3409 2670 3703 2723 humanum

2131 2771 2322 2826 genus,
2351 2758 2405 2811 in
2431 2761 2579 2813 omni
2611 2759 2953 2814 volutabatur
2983 2761 3209 2826 scelere,
3233 2762 3493 2823 caedibus,
3527 2761 3706 2814 nei‘an-

2130 2849 2215 2904 dis
2246 2841 2534 2920 cperibus,
2563 2852 2967 2922 lrreligiositate
2990 2894 3005 2918 ,
3034 2854 3431 2922 multiplicique
3458 2867 3704 2908 errorum

2128 2956 2343 3009 genere.
2396 2943 2604 3012 Quippe
2651 2945 2845 2999 horum
2893 2946 3135 3001 omnium
3173 2961 3320 3003 mors
3351 2960 3516 3001 causa
3543 2955 3702 3001 erat:

2130 3045 2364 3100 namque
2423 3033 2690 3096 homines,
2745 3050 2842 3089 ceu
2891 3045 3015 3104 post
3069 3038 3276 3090 obitum
3329 3037 3460 3090 nihil
3521 3049 3706 3091 essent

2131 3119 2316 3187 futuri,
2385 3123 2549 3192 digna
2594 3125 2824 3180 infinitis
2872 3127 3137 3182 mortibus
3189 3129 3706 3198 perpetrabant:ac

2125 3211 2291 3266 veluti
2320 3213 2450 3268 nulli
2470 3229 2642 3283 paena:
2667 3206 2924 3282 obnoxii,
2947 3229 3168 3288 propter
3197 3234 3314 3273 eam
3343 3233 3502 3286 quam
3533 3229 3708 3271 morte

2127 3304 2240 3358 fieri
2268 3304 2559 3360 credebant
2595 3305 3024 3370 dissolutionem,
3057 3307 3220 3362 vitam
3249 3308 3366 3362 sine
3408 3310 3510 3384 vita
3540 3310 3707 3376 degc-r

2126 3392 2274 3446 bant.
2334 3392 2481 3459 Quos
2533 3395 2798 3450 miserans
2848 3395 3130 3460 Verbum,
3194 3399 3261 3453 ad
3334 3399 3704 3452 auxiliandum

2119 3482 2422 3538 festinavit.
2458 3485 2656 3540 Deinde
2691 3495 2750 3540 ut
2779 3503 2875 3542 rex
2908 3487 3368 3544 clementissimus
3409 3491 3700 3544 coercitio-

2126 3592 2246 3630 nem
2303 3579 2492 3633 mortis
2541 3593 2638 3648 per
2684 3579 2920 3637 hominis
2994 3589 3240 3636 naturam
3305 3583 3523 3637 molitus
3574 3595 3705 3650 est;

2124 3681 2355 3737 cumque
2406 3669 2451 3723 is
2498 3671 2607 3723 vita
2664 3671 2778 3740 ipsa
2835 3672 2944 3738 sit,
2995 3683 3051 3727 et
3095 3671 3188 3730 Dei
3245 3671 3508 3737 Verbum,
3540 3685 3707 3742 atque"

2126 3763 2386 3830 potentia,
2443 3779 2549 3817 non
2603 3765 2720 3818 sine
2773 3773 2953 3820 tamen
3015 3767 3128 3834 ipsa
3193 3767 3552 3830 humanitate,
3613 3771 3702 3820 cui

2124 3868 2278 3924 opem
2309 3853 2536 3918 ferebat,
2568 3864 2832 3911 terrorem
2867 3857 3147 3912 hominum
3183 3859 3248 3912 de
3289 3857 3468 3911 medio
3497 3856 3691 3910 tollen-

2125 3945 2250 3999 dum
2269 3945 2554 4015 judicavit.
2587 3946 2970 4013 Quamobrem,
2994 3948 3158 4002 armis
3206 3958 3362 4002 utens
3414 3947 3686 4012 humanis,

2125 4037 2340 4092 mortali
2376 4038 2427 4091 in
2476 4053 2705 4106 corpore
2747 4041 3128 4110 incorporeum
3178 4039 3410 4094 Verbum
3471 4048 3702 4094 mortem

2126 4144 2184 4184 re
2205 4131 2423 4184 mortali
2457 4131 2767 4194 debellavit,
2797 4132 3108 4202 grandeque
3136 4131 3457 4186 'n'tiraculum
3485 4131 3701 4186 cunctis

2122 4223 2416 4276 ostentavit
2440 4261 2454 4285 ,
2503 4223 2926 4278 immortalitatis
2962 4234 3217 4293 tropazum
3255 4225 3513 4280 adversus
3557 4237 3706 4276 mor-

2126 4323 2232 4368 tem
2265 4314 2588 4369 mortalibus
2616 4317 2783 4370 armis
2815 4326 3078 4370 statuens.
3106 4317 3316 4384 Quippe
3338 4330 3487 4369 suam
3513 4317 3696 4376 voraci

2122 4403 2316 4458 belluas
2352 4405 2634 4458 mortalem
2668 4415 2879 4474 partem
2907 4406 3160 4470 tradidit,
3188 4421 3307 4473 qua:
3340 4404 3523 4457 statim
3553 4403 3702 4472 ligno

433 4505 612 4560 μενον,
647 4492 720 4564 μὴ
752 4493 1073 4565 ἀνθρώπων,
1123 4495 1197 4566 μὴ
1227 4496 1496 4567 δαιμόνων
1515 4514 1526 4526 ·
1558 4499 1723 4569 ἐχρῆν
1747 4497 1854 4569 γὰρ
1885 4499 2020 4552 πάν-

2127 4495 2295 4550 clavis
2325 4497 2533 4550 confixa
2573 4497 2694 4562 fuit,
2728 4509 2784 4550 nt
2806 4498 2891 4551 sui
2923 4497 3174 4566 corporis
3215 4505 3405 4549 natura
3455 4493 3700 4548 mortalis

429 4597 528 4645 τας
558 4583 804 4652 ἀκριϐῶς
833 4585 890 4636 τὸ
919 4584 1110 4658 θνητὸν
1147 4587 1294 4652 ἰδεῖν,
1322 4587 1398 4651 ὡς
1443 4590 1501 4641 ἐν
1533 4591 1774 4660 μεγίστῳ
1803 4587 2016 4661 θεάτρῳ

430 4671 528 4744 τὴν
558 4673 761 4727 οἰκείαν
787 4676 1084 4746 ὁμολογοῦν
1111 4677 1272 4747 φύσιν
1294 4697 1306 4708 ·
1344 4680 1408 4730 ἵν’
1441 4679 1566 4752 ἑξῆς
1596 4679 1837 4734 ἐπελθὼν
1863 4681 1891 4732 ὁ
1917 4680 2014 4734 θά-

430 4777 608 4828 νατος,
627 4757 712 4817 οἷα
734 4763 799 4835 θὴ
807 4782 836 4836 ρ
863 4765 1052 4831 δεινὸς,
1073 4761 1183 4830 οἷός
1211 4769 1295 4830 τίς
1321 4768 1439 4821 ποτ’
1466 4763 1554 4838 ἦν,
1578 4769 1768 4822 ἑαυτὸν
1789 4767 1983 4841 ἐλέγξῃ
2001 4785 2012 4797 ·

430 4856 669 4910 κᾶπειτα
696 4856 793 4927 τῆς
817 4856 961 4928 ζωῆς
984 4859 1016 4927 ἡ
1052 4857 1300 4928 δύναμις,
1336 4858 1475 4927 μετὰ
1508 4859 1736 4914 θάνατον
1763 4859 2018 4913 ἐπελθοῦ-

430 4962 520 5011 σα,
563 4950 679 5012 τοῖς
712 4950 876 5002 πᾶσιν
919 4944 1073 5011 αὖθις
1117 4949 1216 5019 τὴν
1250 4949 1390 5002 κατὰ
1432 4948 1526 5001 τοῦ
1570 4949 1800 5004 θανάτου
1842 4968 2019 5021 παρα-

429 5041 695 5111 στήσηται
749 5043 938 5112 νίκην,
988 5042 1053 5094 τὸ
1105 5041 1296 5111 θνητὸν
1344 5039 1610 5095 ἀθάνατον
1662 5041 2012 5106 ἀποδείξασα.

504 5312 613 5386 (20)
633 5313 802 5384 Syrus
823 5316 1032 5370 videtur
1065 5316 1262 5386 legisse
1302 5313 1638 5371 ἀνατέλλειν.

502 5385 617 5458 (:3!)
646 5388 883 5454 Apparet
916 5387 1114 5455 Syrum
1129 5385 1340 5458 legisse
1372 5387 1619 5442 εἰκόνων.

503 5453 628 5526 (22).
659 5457 784 5524 Syr.
810 5471 894 5518 ιιι,
930 5453 988 5510 6i
1004 5496 1018 5510 .

504 5547 620 5620 (25)
647 5547 818 5618 Syrus
849 5550 1014 5618 paulo
1040 5548 1200 5605 aliter
1231 5551 1515 5621 periodum
1547 5550 1756 5606 dividit.

503 5637 616 5709 (24)
659 5639 928 5709 [lactentis
955 5640 1054 5694 hoc
1098 5639 1458 5709 fragmentum
1497 5643 1731 5709 (nempe
1771 5640 1842 5695 ab
1900 5638 2006 5695 illis

431 5705 612 5785 verbis
655 5705 722 5782 ἦν
767 5710 865 5780 μὲν
899 5705 1225 5785 γὰρ-πάλαι
1271 5705 1536 5782 πρότερον
1578 5705 2004 5785 φοϐερόςεριρ.)

437 5780 696 5835 recitatur
725 5787 790 5833 ad
815 5780 1004 5835 eodem
1031 5780 1216 5834 Niceta
1252 5780 1416 5835 etiam
1443 5780 1493 5836 in
1521 5780 1802 5838 catena’ad
1830 5780 2005 5852 Epist.

676 5879 946 5934 ιἈτιιοι..
997 5874 1116 5935 (in.
1170 5874 1402 5934 XXIV.

2123 4586 2192 4640 ab
2237 4587 2491 4641 omnibus
2519 4598 2922 4657 agnosceretur,
2964 4602 3064 4641 nec
3096 4599 3427 4656 quemquam
3460 4599 3546 4639 res
3576 4591 3697 4638 acta

2120 4673 2309 4729 lateret
2361 4676 2474 4729 sive
2529 4677 2798 4730 hominem
2867 4676 2982 4729 sive
3033 4676 3354 4730 dtemoncm.
3434 4675 3700 4727 intererat

2121 4769 2264 4823 enim
2309 4779 2366 4821 ut
2405 4783 2596 4822 omnes
2630 4777 2885 4822 accurate
2925 4768 3171 4822 viderent
3197 4782 3317 4822 eum
3351 4766 3441 4834 qui
3487 4765 3693 4820 morie-

2123 4859 2301 4923 batur,
2329 4857 2600 4927 propriam
2639 4857 2984 4911 conﬁtentem
3010 4898 3025 4921 ,
3077 4865 3331 4926 tanquam
3383 4857 3441 4909 in
3478 4865 3697 4924 specta—

2121 4951 2244 5004 culo
2288 4950 2546 5012 maximo,
2599 4956 2874 5011 naturam;
2941 4959 3000 5002 ut
3059 4947 3253 5002 dei-mle
3310 4947 3697 5016 superveniens

2123 5056 2293 5104 mors,
2329 5057 2425 5092 ceu
2465 5041 2581 5092 dira
2613 5040 2789 5094 bellua
2817 5079 2834 5102 ,
2856 5055 3102 5109 quanam
3138 5040 3368 5108 ipsemet
3399 5048 3559 5099 esset,
3598 5051 3696 5106 per

2118 5317 2184 5368 ad
2223 5311 2386 5369 llebr.
2417 5330 2535 5382 cap.
2585 5308 2797 5378 ιι,σί¹7;’
2835 5317 2932 5368 sed
2963 5321 3108 5367 recte
3139 5315 3354 5380 quidem
3407 5315 3458 5365 in
3505 5315 3696 5366 codice

2116 5383 2504 5456 Mediolanepsi
2531 5401 2596 5456 ex
2632 5384 3008 5453 Εὐαγγελικῆς
3043 5382 3381 5456 θεοφανείας,
3437 5385 3697 5438 mendose

2115 5464 2294 5509 autem
2333 5456 2383 5508 in
2418 5453 2696 5508 Parisiaco

2103 5539 2164 5595 Ρ.
2194 5523 2319 5596 426)
2373 5522 2757 5595 Εὐαγγελικῆς
2786 5522 3134 5586 ἀποδείξεως.

2740 5462 2822 5524 (ιιι
2864 5465 3006 5524 certe
3055 5462 3137 5506 est
3181 5453 3320 5521 apud
3343 5453 3693 5517 Cratnerum,

2181 5639 2295 5709 (25)
2336 5637 2554 5700 Bellum,
2588 5638 2639 5692 id
2668 5639 2972 5702 est-morti,
3015 5654 3119 5693 non
3162 5637 3351 5690 belluis
3381 5646 3440 5690 ttt
3494 5636 3692 5708 Syrus,

2115 5726 2217 5835 fleu-
2251 5710 2393 5831 auglb.
2417 5711 2632 5831 “beasts.
2677 5709 2879 5777 Nempe
2917 5709 3078 5777 paulo
3115 5709 3254 5762 inira
3293 5721 3439 5760 mors
3479 5709 3690 5762 diserte

2155 5793 2314 5835 tcttur
2389 5796 2412 5832 ε
2461 5797 2554 5834 tm,

2155 5793 2314 5836 tcttur
2355 5793 2554 5834 Delum.

3333 5870 3417 5927 29
