  <div class='ocr_page' id='page_1' title='image "/cluster/home/n/w/nwhite01/storage/ocr_20150623/24:no.6/coo.31924054873058/323.png"; bbox 0 0 4116 6380; ppageno 0'>
   <div class='ocr_carea' id='block_1_1' title="bbox 456 362 3696 435">
    <p class='ocr_par' dir='ltr' id='par_1_1' title="bbox 456 362 3696 435">
     <span class='ocr_line' id='line_1_1' title="bbox 456 362 3696 435; baseline -0.006 0"><span class='ocrx_word' id='word_1_1' title='bbox 456 376 559 435; x_wconf 80' lang='lat'><strong>619</strong></span> <span class='ocrx_word' id='word_1_2' title='bbox 1123 368 1385 425; x_wconf 79' lang='lat' dir='ltr'><strong>EUSEBII</strong></span> <span class='ocrx_word' id='word_1_3' title='bbox 1422 366 1900 424; x_wconf 75' lang='lat' dir='ltr'><strong>C/ESARIENSIS</strong></span> <span class='ocrx_word' id='word_1_4' title='bbox 1937 364 2086 422; x_wconf 86' lang='lat' dir='ltr'><strong>OPP.</strong></span> <span class='ocrx_word' id='word_1_5' title='bbox 2128 365 2309 420; x_wconf 75' lang='lat' dir='ltr'><strong>PARS</strong></span> <span class='ocrx_word' id='word_1_6' title='bbox 2347 365 2435 420; x_wconf 75' lang='lat' dir='ltr'><strong>IV.</strong></span> <span class='ocrx_word' id='word_1_7' title='bbox 2477 396 2543 405; x_wconf 93' lang='lat'>—</span> <span class='ocrx_word' id='word_1_8' title='bbox 2583 363 3003 421; x_wconf 80' lang='lat' dir='ltr'><strong>DOGMATICA.</strong></span> <span class='ocrx_word' id='word_1_9' title='bbox 3592 362 3696 417; x_wconf 72' lang='lat'><strong>6‘30</strong></span> 
     </span>
    </p>
   </div>
   <div class='ocr_carea' id='block_1_2' title="bbox 418 477 2007 560">
    <p class='ocr_par' dir='ltr' id='par_1_2' title="bbox 418 488 2007 560">
     <span class='ocr_line' id='line_1_2' title="bbox 418 488 2007 560; baseline -0.005 -16"><span class='ocrx_word' id='word_1_10' title='bbox 418 508 421 511; x_wconf 66' lang='lat'><strong><em>&#39;</em></strong></span> <span class='ocrx_word' id='word_1_11' title='bbox 456 506 515 544; x_wconf 88' lang='lat' dir='ltr'><strong>se</strong></span> <span class='ocrx_word' id='word_1_12' title='bbox 571 490 822 560; x_wconf 85' lang='lat' dir='ltr'><strong>proderet</strong></span> <span class='ocrx_word' id='word_1_13' title='bbox 858 509 869 543; x_wconf 94' lang='lat'>:</span> <span class='ocrx_word' id='word_1_14' title='bbox 906 496 1284 557; x_wconf 81' lang='lat' dir='ltr'><strong>postremoque</strong></span> <span class='ocrx_word' id='word_1_15' title='bbox 1335 488 1457 540; x_wconf 64' lang='lat' dir='ltr'><strong>vitae</strong></span> <span class='ocrx_word' id='word_1_16' title='bbox 1514 488 1729 552; x_wconf 89' lang='lat' dir='ltr'><strong>virtus,</strong></span> <span class='ocrx_word' id='word_1_17' title='bbox 1787 495 2007 539; x_wconf 82' lang='lat' dir='ltr'><strong>mortem</strong></span> 
     </span>
    </p>
   </div>
   <div class='ocr_carea' id='block_1_3' title="bbox 2110 477 3700 560">
    <p class='ocr_par' dir='ltr' id='par_1_3' title="bbox 2126 477 3700 556">
     <span class='ocr_line' id='line_1_3' title="bbox 2126 477 3700 556; baseline -0.006 -16"><span class='ocrx_word' id='word_1_18' title='bbox 2126 485 2234 556; x_wconf 74' lang='lat'><strong>(9.6)</strong></span> <span class='ocrx_word' id='word_1_19' title='bbox 2283 478 2457 554; x_wconf 73' lang='grc' dir='ltr'>Ίίερίει</span> <span class='ocrx_word' id='word_1_20' title='bbox 2489 485 2599 554; x_wconf 72' lang='grc'><strong>(27)</strong></span> <span class='ocrx_word' id='word_1_21' title='bbox 2626 485 2804 539; x_wconf 79' lang='grc' dir='ltr'><strong>τοίνυν</strong></span> <span class='ocrx_word' id='word_1_22' title='bbox 2834 482 3170 556; x_wconf 70' lang='grc' dir='ltr'>πρὸςβραχί)</span> <span class='ocrx_word' id='word_1_23' title='bbox 3194 482 3255 534; x_wconf 84' lang='grc' dir='ltr'>τὺ</span> <span class='ocrx_word' id='word_1_24' title='bbox 3291 480 3450 550; x_wconf 85' lang='grc' dir='ltr'>σῶμα</span> <span class='ocrx_word' id='word_1_25' title='bbox 3479 482 3512 550; x_wconf 78' lang='grc' dir='ltr'><strong>η</strong></span> <span class='ocrx_word' id='word_1_26' title='bbox 3539 477 3700 532; x_wconf 72' lang='grc' dir='ltr'>τοῦτο</span> 
     </span>
    </p>
   </div>
   <div class='ocr_carea' id='block_1_4' title="bbox 458 568 2007 647">
    <p class='ocr_par' dir='ltr' id='par_1_4' title="bbox 458 581 2007 646">
     <span class='ocr_line' id='line_1_4' title="bbox 458 581 2007 646; baseline -0.005 -8"><span class='ocrx_word' id='word_1_27' title='bbox 458 586 765 646; x_wconf 84' lang='lat' dir='ltr'><strong>subsecuta,</strong></span> <span class='ocrx_word' id='word_1_28' title='bbox 799 584 1005 637; x_wconf 89' lang='lat' dir='ltr'><strong>cunctis</strong></span> <span class='ocrx_word' id='word_1_29' title='bbox 1027 582 1271 636; x_wconf 72' lang='lat' dir='ltr'><strong>vicissim</strong></span> <span class='ocrx_word' id='word_1_30' title='bbox 1318 597 1468 636; x_wconf 88' lang='lat' dir='ltr'><strong>suam</strong></span> <span class='ocrx_word' id='word_1_31' title='bbox 1504 581 1762 633; x_wconf 86' lang='lat' dir='ltr'><strong>adversus</strong></span> <span class='ocrx_word' id='word_1_32' title='bbox 1790 589 2007 633; x_wconf 83' lang='lat' dir='ltr'><strong>mortem</strong></span> 
     </span>
    </p>
   </div>
   <div class='ocr_carea' id='block_1_5' title="bbox 2110 568 3695 647">
    <p class='ocr_par' dir='ltr' id='par_1_5' title="bbox 2123 568 3695 647">
     <span class='ocr_line' id='line_1_5' title="bbox 2123 568 3695 647; baseline -0.006 -19"><span class='ocrx_word' id='word_1_33' title='bbox 2123 575 2486 647; x_wconf 69' lang='grc' dir='ltr'>δωκρατοῦσα</span> <span class='ocrx_word' id='word_1_34' title='bbox 2517 575 2610 629; x_wconf 83' lang='grc' dir='ltr'>τοῦ</span> <span class='ocrx_word' id='word_1_35' title='bbox 2633 574 2768 628; x_wconf 78' lang='grc' dir='ltr'>Θεοῦ</span> <span class='ocrx_word' id='word_1_36' title='bbox 2797 574 2970 642; x_wconf 83' lang='grc' dir='ltr'>Λόγου</span> <span class='ocrx_word' id='word_1_37' title='bbox 2991 571 3239 642; x_wconf 71' lang='grc' dir='ltr'>δύναμις*</span> <span class='ocrx_word' id='word_1_38' title='bbox 3264 569 3373 638; x_wconf 75' lang='grc'><strong>(28)</strong></span> <span class='ocrx_word' id='word_1_39' title='bbox 3394 569 3454 621; x_wconf 83' lang='grc' dir='ltr'><strong>τὸ</strong></span> <span class='ocrx_word' id='word_1_40' title='bbox 3467 569 3513 621; x_wconf 80' lang='grc' dir='ltr'>δ’</span> <span class='ocrx_word' id='word_1_41' title='bbox 3528 568 3695 638; x_wconf 84' lang='grc' dir='ltr'>ἀνηρ-</span> 
     </span>
    </p>
   </div>
   <div class='ocr_carea' id='block_1_6' title="bbox 455 655 2007 742">
    <p class='ocr_par' dir='ltr' id='par_1_6' title="bbox 455 671 2007 742">
     <span class='ocr_line' id='line_1_6' title="bbox 455 671 2007 742; baseline -0.003 -14"><span class='ocrx_word' id='word_1_42' title='bbox 455 676 737 730; x_wconf 88' lang='lat' dir='ltr'><strong>victoriam</strong></span> <span class='ocrx_word' id='word_1_43' title='bbox 770 673 944 742; x_wconf 82' lang='lat' dir='ltr'><strong>palam</strong></span> <span class='ocrx_word' id='word_1_44' title='bbox 977 673 1200 737; x_wconf 83' lang='lat' dir='ltr'><strong>faceret,</strong></span> <span class='ocrx_word' id='word_1_45' title='bbox 1245 673 1372 727; x_wconf 91' lang='lat' dir='ltr'><strong>dum</strong></span> <span class='ocrx_word' id='word_1_46' title='bbox 1416 673 1646 727; x_wconf 89' lang='lat' dir='ltr'><strong>mortale</strong></span> <span class='ocrx_word' id='word_1_47' title='bbox 1688 686 1882 741; x_wconf 87' lang='lat' dir='ltr'><strong>corpus</strong></span> <span class='ocrx_word' id='word_1_48' title='bbox 1914 671 2007 725; x_wconf 89' lang='lat' dir='ltr'><strong>im-</strong></span> 
     </span>
    </p>
   </div>
   <div class='ocr_carea' id='block_1_7' title="bbox 2110 655 3699 742">
    <p class='ocr_par' dir='ltr' id='par_1_7' title="bbox 2123 655 3699 739">
     <span class='ocr_line' id='line_1_7' title="bbox 2123 655 3699 739; baseline -0.005 -21"><span class='ocrx_word' id='word_1_49' title='bbox 2123 669 2353 739; x_wconf 85' lang='grc' dir='ltr'>τημένον</span> <span class='ocrx_word' id='word_1_50' title='bbox 2374 667 2465 719; x_wconf 78' lang='grc' dir='ltr'><strong>ἐπὶ</strong></span> <span class='ocrx_word' id='word_1_51' title='bbox 2477 665 2570 719; x_wconf 86' lang='grc' dir='ltr'>τοῦ</span> <span class='ocrx_word' id='word_1_52' title='bbox 2587 665 2744 730; x_wconf 83' lang='grc' dir='ltr'>ξύλου</span> <span class='ocrx_word' id='word_1_53' title='bbox 2767 668 3108 736; x_wconf 76' lang='grc' dir='ltr'>παραχρῆμα</span> <span class='ocrx_word' id='word_1_54' title='bbox 3136 662 3326 733; x_wconf 69' lang='grc' dir='ltr'>νεκρὸν</span> <span class='ocrx_word' id='word_1_55' title='bbox 3351 655 3438 732; x_wconf 78' lang='grc' dir='ltr'><strong>ἦν·</strong></span> <span class='ocrx_word' id='word_1_56' title='bbox 3456 659 3574 713; x_wconf 72' lang='grc' dir='ltr'>ἀλλ’</span> <span class='ocrx_word' id='word_1_57' title='bbox 3601 659 3699 728; x_wconf 77' lang='grc' dir='ltr'>οὐχ</span> 
     </span>
    </p>
   </div>
   <div class='ocr_carea' id='block_1_8' title="bbox 455 748 2007 833">
    <p class='ocr_par' dir='ltr' id='par_1_8' title="bbox 455 762 2007 833">
     <span class='ocr_line' id='line_1_8' title="bbox 455 762 2007 833; baseline -0.005 -13"><span class='ocrx_word' id='word_1_58' title='bbox 455 766 682 820; x_wconf 86' lang='lat' dir='ltr'><strong>mortale</strong></span> <span class='ocrx_word' id='word_1_59' title='bbox 716 764 827 833; x_wconf 86' lang='lat' dir='ltr'><strong>jam</strong></span> <span class='ocrx_word' id='word_1_60' title='bbox 854 766 1087 819; x_wconf 74' lang='lat' dir='ltr'><strong>siSIeret.</strong></span> <span class='ocrx_word' id='word_1_61' title='bbox 1136 762 1349 819; x_wconf 88' lang='lat' dir='ltr'><strong>Dimisit</strong></span> <span class='ocrx_word' id='word_1_62' title='bbox 1390 765 1570 833; x_wconf 78' lang='lat' dir='ltr'><strong>itaque</strong></span> <span class='ocrx_word' id='word_1_63' title='bbox 1603 763 1748 817; x_wconf 87' lang='lat' dir='ltr'><strong>brevi</strong></span> <span class='ocrx_word' id='word_1_64' title='bbox 1779 772 2007 831; x_wconf 84' lang='lat' dir='ltr'><strong>tempore</strong></span> 
     </span>
    </p>
   </div>
   <div class='ocr_carea' id='block_1_9' title="bbox 2110 748 3699 833">
    <p class='ocr_par' dir='ltr' id='par_1_9' title="bbox 2121 748 3699 826">
     <span class='ocr_line' id='line_1_9' title="bbox 2121 748 3699 826; baseline -0.004 -16"><span class='ocrx_word' id='word_1_65' title='bbox 2121 758 2150 810; x_wconf 91' lang='grc' dir='ltr'><strong>ό</strong></span> <span class='ocrx_word' id='word_1_66' title='bbox 2172 757 2339 824; x_wconf 84' lang='grc' dir='ltr'><strong>Λόγος</strong></span> <span class='ocrx_word' id='word_1_67' title='bbox 2370 756 2401 809; x_wconf 87' lang='grc' dir='ltr'><strong>ό</strong></span> <span class='ocrx_word' id='word_1_68' title='bbox 2430 756 2688 821; x_wconf 80' lang='grc' dir='ltr'>ζωοποιὺς</span> <span class='ocrx_word' id='word_1_69' title='bbox 2710 756 2770 809; x_wconf 86' lang='grc' dir='ltr'><strong>τὸ</strong></span> <span class='ocrx_word' id='word_1_70' title='bbox 2802 754 3161 826; x_wconf 79' lang='grc' dir='ltr'>νεκρούμενον</span> <span class='ocrx_word' id='word_1_71' title='bbox 3194 749 3262 824; x_wconf 79' lang='grc' dir='ltr'>ἦν</span> <span class='ocrx_word' id='word_1_72' title='bbox 3286 769 3298 781; x_wconf 92' lang='grc'><strong>·</strong></span> <span class='ocrx_word' id='word_1_73' title='bbox 3327 751 3388 804; x_wconf 80' lang='grc' dir='ltr'>τὸ</span> <span class='ocrx_word' id='word_1_74' title='bbox 3414 751 3471 803; x_wconf 79' lang='grc' dir='ltr'><strong>δέ</strong></span> <span class='ocrx_word' id='word_1_75' title='bbox 3506 748 3699 820; x_wconf 80' lang='grc' dir='ltr'>θνητὸν</span> 
     </span>
    </p>
   </div>
   <div class='ocr_carea' id='block_1_10' title="bbox 453 847 2007 924">
    <p class='ocr_par' dir='ltr' id='par_1_10' title="bbox 453 853 2007 924">
     <span class='ocr_line' id='line_1_10' title="bbox 453 853 2007 924; baseline -0.005 -13"><span class='ocrx_word' id='word_1_76' title='bbox 453 871 668 924; x_wconf 85' lang='lat' dir='ltr'><strong>corpus,</strong></span> <span class='ocrx_word' id='word_1_77' title='bbox 699 870 761 909; x_wconf 86' lang='lat' dir='ltr'><strong>ea</strong></span> <span class='ocrx_word' id='word_1_78' title='bbox 795 870 915 924; x_wconf 68' lang='lat' dir='ltr'><strong>quae</strong></span> <span class='ocrx_word' id='word_1_79' title='bbox 945 855 1046 910; x_wconf 90' lang='lat' dir='ltr'><strong>boc</strong></span> <span class='ocrx_word' id='word_1_80' title='bbox 1072 854 1376 917; x_wconf 84' lang='lat' dir='ltr'><strong>possidebat</strong></span> <span class='ocrx_word' id='word_1_81' title='bbox 1410 854 1501 909; x_wconf 86' lang='lat' dir='ltr'><strong>Dei</strong></span> <span class='ocrx_word' id='word_1_82' title='bbox 1534 853 1692 909; x_wconf 82' lang='lat' dir='ltr'><strong>Verbi</strong></span> <span class='ocrx_word' id='word_1_83' title='bbox 1722 853 1928 915; x_wconf 86' lang='lat' dir='ltr'><strong>virtus;</strong></span> <span class='ocrx_word' id='word_1_84' title='bbox 1962 860 2007 905; x_wconf 87' lang='lat' dir='ltr'><strong>et</strong></span> 
     </span>
    </p>
   </div>
   <div class='ocr_carea' id='block_1_11' title="bbox 2110 847 3035 924">
    <p class='ocr_par' dir='ltr' id='par_1_11' title="bbox 2121 847 3035 919">
     <span class='ocr_line' id='line_1_11' title="bbox 2121 847 3035 919; baseline -0.002 -18"><span class='ocrx_word' id='word_1_85' title='bbox 2121 847 2219 919; x_wconf 80' lang='grc' dir='ltr'>τὴν</span> <span class='ocrx_word' id='word_1_86' title='bbox 2239 848 2446 902; x_wconf 75' lang='grc' dir='ltr'><strong>οἰκείαν</strong></span> <span class='ocrx_word' id='word_1_87' title='bbox 2465 848 2732 919; x_wconf 80' lang='grc' dir='ltr'><strong>ὡμολόγει</strong></span> <span class='ocrx_word' id='word_1_88' title='bbox 2763 847 2941 915; x_wconf 74' lang='grc' dir='ltr'>φύσιν.</span> <span class='ocrx_word' id='word_1_89' title='bbox 3030 866 3035 871; x_wconf 43' lang='grc' dir='ltr'><strong>θ</strong></span> 
     </span>
    </p>
   </div>
   <div class='ocr_carea' id='block_1_12' title="bbox 451 934 3705 1018">
    <p class='ocr_par' dir='ltr' id='par_1_12' title="bbox 451 934 3705 1018">
     <span class='ocr_line' id='line_1_12' title="bbox 451 934 3705 1018; baseline -0.006 -15"><span class='ocrx_word' id='word_1_90' title='bbox 451 948 735 1003; x_wconf 81' lang='lat' dir='ltr'><strong>confestim</strong></span> <span class='ocrx_word' id='word_1_91' title='bbox 768 948 894 1002; x_wconf 87' lang='lat' dir='ltr'><strong>illud</strong></span> <span class='ocrx_word' id='word_1_92' title='bbox 917 952 1056 1016; x_wconf 85' lang='lat' dir='ltr'><strong>quod</strong></span> <span class='ocrx_word' id='word_1_93' title='bbox 1092 950 1159 1001; x_wconf 93' lang='lat' dir='ltr'><strong>de</strong></span> <span class='ocrx_word' id='word_1_94' title='bbox 1196 947 1343 1016; x_wconf 86' lang='lat' dir='ltr'><strong>ligno</strong></span> <span class='ocrx_word' id='word_1_95' title='bbox 1415 947 1722 1018; x_wconf 73' lang='lat' dir='ltr'><strong>pendebat,</strong></span> <span class='ocrx_word' id='word_1_96' title='bbox 1790 953 2060 999; x_wconf 90' lang='lat' dir='ltr'><strong>mortuum</strong></span> <span class='ocrx_word' id='word_1_97' title='bbox 2124 951 2236 1006; x_wconf 88' lang='lat' dir='ltr'><strong>est;</strong></span> <span class='ocrx_word' id='word_1_98' title='bbox 2293 957 2399 995; x_wconf 89' lang='lat' dir='ltr'><strong>non</strong></span> <span class='ocrx_word' id='word_1_99' title='bbox 2454 950 2632 996; x_wconf 89' lang='lat' dir='ltr'><strong>tamen</strong></span> <span class='ocrx_word' id='word_1_100' title='bbox 2685 940 2963 993; x_wconf 86' lang='lat' dir='ltr'><strong>vivltlcum</strong></span> <span class='ocrx_word' id='word_1_101' title='bbox 3018 936 3255 992; x_wconf 80' lang='lat' dir='ltr'><strong>Verbum</strong></span> <span class='ocrx_word' id='word_1_102' title='bbox 3332 934 3705 992; x_wconf 76' lang='lat' dir='ltr'><strong>exstinctum;</strong></span> 
     </span>
    </p>
   </div>
   <div class='ocr_carea' id='block_1_13' title="bbox 410 1036 2379 1111">
    <p class='ocr_par' dir='ltr' id='par_1_13' title="bbox 410 1036 2379 1111">
     <span class='ocr_line' id='line_1_13' title="bbox 410 1036 2379 1111; baseline -0.003 -16"><span class='ocrx_word' id='word_1_103' title='bbox 410 1036 415 1041; x_wconf 67' lang='grc'><em>’</em></span> <span class='ocrx_word' id='word_1_104' title='bbox 452 1057 578 1111; x_wconf 87' lang='lat' dir='ltr'><strong>pars</strong></span> <span class='ocrx_word' id='word_1_105' title='bbox 631 1041 1001 1094; x_wconf 81' lang='lat' dir='ltr'><strong>tantummodo</strong></span> <span class='ocrx_word' id='word_1_106' title='bbox 1044 1040 1249 1094; x_wconf 87' lang='lat' dir='ltr'><strong>Cbristi</strong></span> <span class='ocrx_word' id='word_1_107' title='bbox 1291 1040 1536 1094; x_wconf 84' lang='lat' dir='ltr'><strong>mortalis</strong></span> <span class='ocrx_word' id='word_1_108' title='bbox 1578 1049 1826 1095; x_wconf 86' lang='lat' dir='ltr'><strong>naturam</strong></span> <span class='ocrx_word' id='word_1_109' title='bbox 1864 1051 2016 1092; x_wconf 89' lang='lat' dir='ltr'><strong>suam</strong></span> <span class='ocrx_word' id='word_1_110' title='bbox 2058 1036 2379 1090; x_wconf 87' lang='lat' dir='ltr'><strong>testabatur.</strong></span> 
     </span>
    </p>
   </div>
   <div class='ocr_carea' id='block_1_14' title="bbox 524 1129 2013 1203">
    <p class='ocr_par' dir='ltr' id='par_1_14' title="bbox 524 1129 2013 1203">
     <span class='ocr_line' id='line_1_14' title="bbox 524 1129 2013 1203; baseline 0.001 -17"><span class='ocrx_word' id='word_1_111' title='bbox 524 1130 781 1200; x_wconf 82' lang='lat' dir='ltr'><strong>Sepulero</strong></span> <span class='ocrx_word' id='word_1_112' title='bbox 819 1131 1113 1186; x_wconf 77' lang='lat' dir='ltr'><strong>secundum</strong></span> <span class='ocrx_word' id='word_1_113' title='bbox 1152 1131 1431 1186; x_wconf 84' lang='lat' dir='ltr'><strong>hominum</strong></span> <span class='ocrx_word' id='word_1_114' title='bbox 1462 1133 1606 1203; x_wconf 82' lang='lat' dir='ltr'><strong>leges</strong></span> <span class='ocrx_word' id='word_1_115' title='bbox 1632 1132 1862 1187; x_wconf 89' lang='lat' dir='ltr'><strong>traditus</strong></span> <span class='ocrx_word' id='word_1_116' title='bbox 1892 1129 2013 1188; x_wconf 87' lang='lat' dir='ltr'><strong>fuit.</strong></span> 
     </span>
    </p>
   </div>
   <div class='ocr_carea' id='block_1_15' title="bbox 404 1210 2016 1293">
    <p class='ocr_par' dir='ltr' id='par_1_15' title="bbox 404 1210 2016 1293">
     <span class='ocr_line' id='line_1_15' title="bbox 404 1210 2016 1293; baseline 0.001 -17"><span class='ocrx_word' id='word_1_117' title='bbox 404 1210 579 1277; x_wconf 55' lang='lat' dir='ltr'><strong>&#39;Erat</strong></span> <span class='ocrx_word' id='word_1_118' title='bbox 642 1233 821 1278; x_wconf 91' lang='lat' dir='ltr'><strong>autem</strong></span> <span class='ocrx_word' id='word_1_119' title='bbox 874 1223 1180 1293; x_wconf 78' lang='lat' dir='ltr'><strong>sepulcrum</strong></span> <span class='ocrx_word' id='word_1_120' title='bbox 1248 1222 1503 1292; x_wconf 85' lang='lat' dir='ltr'><strong>spelunca</strong></span> <span class='ocrx_word' id='word_1_121' title='bbox 1555 1240 1726 1293; x_wconf 86' lang='lat' dir='ltr'><strong>nuper</strong></span> <span class='ocrx_word' id='word_1_122' title='bbox 1778 1225 1831 1279; x_wconf 89' lang='lat' dir='ltr'><strong>in</strong></span> <span class='ocrx_word' id='word_1_123' title='bbox 1884 1238 2016 1278; x_wconf 80' lang='lat' dir='ltr'><strong>saxo</strong></span> 
     </span>
    </p>
   </div>
   <div class='ocr_carea' id='block_1_16' title="bbox 451 1307 2015 1382">
    <p class='ocr_par' dir='ltr' id='par_1_16' title="bbox 451 1307 2015 1382">
     <span class='ocr_line' id='line_1_16' title="bbox 451 1307 2015 1382; baseline 0.004 -21"><span class='ocrx_word' id='word_1_124' title='bbox 451 1309 654 1371; x_wconf 74' lang='lat' dir='ltr'><strong>excisa,</strong></span> <span class='ocrx_word' id='word_1_125' title='bbox 682 1309 887 1362; x_wconf 89' lang='lat' dir='ltr'><strong>nullum</strong></span> <span class='ocrx_word' id='word_1_126' title='bbox 923 1310 1100 1363; x_wconf 86' lang='lat' dir='ltr'><strong>adhuc</strong></span> <span class='ocrx_word' id='word_1_127' title='bbox 1136 1307 1370 1364; x_wconf 83' lang='lat' dir='ltr'><strong>cadaver</strong></span> <span class='ocrx_word' id='word_1_128' title='bbox 1404 1320 1649 1380; x_wconf 80' lang='lat' dir='ltr'><strong>experta,</strong></span> <span class='ocrx_word' id='word_1_129' title='bbox 1697 1313 1821 1382; x_wconf 84' lang='lat' dir='ltr'><strong>quia</strong></span> <span class='ocrx_word' id='word_1_130' title='bbox 1850 1327 2015 1381; x_wconf 85' lang='lat' dir='ltr'><strong>opor-</strong></span> 
     </span>
    </p>
   </div>
   <div class='ocr_carea' id='block_1_17' title="bbox 408 1390 2014 1461">
    <p class='ocr_par' dir='ltr' id='par_1_17' title="bbox 408 1390 2014 1461">
     <span class='ocr_line' id='line_1_17' title="bbox 408 1390 2014 1461; baseline 0.004 -8"><span class='ocrx_word' id='word_1_131' title='bbox 408 1390 413 1395; x_wconf 75' lang='grc'><em>’</em></span> <span class='ocrx_word' id='word_1_132' title='bbox 448 1400 597 1454; x_wconf 86' lang='lat' dir='ltr'><strong>tebat</strong></span> <span class='ocrx_word' id='word_1_133' title='bbox 631 1401 845 1455; x_wconf 86' lang='lat' dir='ltr'><strong>unicum</strong></span> <span class='ocrx_word' id='word_1_134' title='bbox 878 1399 1114 1456; x_wconf 88' lang='lat' dir='ltr'><strong>loculum</strong></span> <span class='ocrx_word' id='word_1_135' title='bbox 1170 1403 1261 1455; x_wconf 89' lang='lat' dir='ltr'><strong>uni</strong></span> <span class='ocrx_word' id='word_1_136' title='bbox 1312 1402 1532 1457; x_wconf 89' lang='lat' dir='ltr'><strong>insolito</strong></span> <span class='ocrx_word' id='word_1_137' title='bbox 1566 1412 1780 1461; x_wconf 92' lang='lat' dir='ltr'><strong>mortuo</strong></span> <span class='ocrx_word' id='word_1_138' title='bbox 1825 1406 2014 1460; x_wconf 86' lang='lat' dir='ltr'><strong>deser-</strong></span> 
     </span>
    </p>
   </div>
   <div class='ocr_carea' id='block_1_18' title="bbox 452 1491 2011 1562">
    <p class='ocr_par' dir='ltr' id='par_1_18' title="bbox 452 1491 2011 1562">
     <span class='ocr_line' id='line_1_18' title="bbox 452 1491 2011 1562; baseline 0.004 -19"><span class='ocrx_word' id='word_1_139' title='bbox 452 1493 589 1546; x_wconf 89' lang='lat' dir='ltr'><strong>vire.</strong></span> <span class='ocrx_word' id='word_1_140' title='bbox 621 1491 867 1562; x_wconf 76' lang='lat' dir='ltr'><strong>Miraque</strong></span> <span class='ocrx_word' id='word_1_141' title='bbox 896 1492 1014 1547; x_wconf 91' lang='lat' dir='ltr'><strong>visu</strong></span> <span class='ocrx_word' id='word_1_142' title='bbox 1047 1501 1164 1547; x_wconf 89' lang='lat' dir='ltr'><strong>erat</strong></span> <span class='ocrx_word' id='word_1_143' title='bbox 1192 1505 1338 1560; x_wconf 87' lang='lat' dir='ltr'><strong>petra</strong></span> <span class='ocrx_word' id='word_1_144' title='bbox 1372 1496 1610 1562; x_wconf 89' lang='lat' dir='ltr'><strong>spatioso</strong></span> <span class='ocrx_word' id='word_1_145' title='bbox 1657 1496 1711 1550; x_wconf 89' lang='lat' dir='ltr'><strong>in</strong></span> <span class='ocrx_word' id='word_1_146' title='bbox 1748 1497 1869 1553; x_wconf 90' lang='lat' dir='ltr'><strong>loco</strong></span> <span class='ocrx_word' id='word_1_147' title='bbox 1900 1497 2011 1553; x_wconf 86' lang='lat' dir='ltr'><strong>sola</strong></span> 
     </span>
    </p>
   </div>
   <div class='ocr_carea' id='block_1_19' title="bbox 449 1585 2012 1656">
    <p class='ocr_par' dir='ltr' id='par_1_19' title="bbox 449 1585 2012 1656">
     <span class='ocr_line' id='line_1_19' title="bbox 449 1585 2012 1656; baseline 0.006 -21"><span class='ocrx_word' id='word_1_148' title='bbox 449 1593 673 1638; x_wconf 83' lang='lat' dir='ltr'><strong>exstaus</strong></span> <span class='ocrx_word' id='word_1_149' title='bbox 702 1592 906 1647; x_wconf 90' lang='lat' dir='ltr'><strong>erecta,</strong></span> <span class='ocrx_word' id='word_1_150' title='bbox 957 1592 1283 1653; x_wconf 89' lang='lat' dir='ltr'><strong>antrumque</strong></span> <span class='ocrx_word' id='word_1_151' title='bbox 1323 1585 1538 1639; x_wconf 86' lang='lat' dir='ltr'><strong>unicum</strong></span> <span class='ocrx_word' id='word_1_152' title='bbox 1581 1588 1726 1642; x_wconf 85' lang='lat' dir='ltr'><strong>intus</strong></span> <span class='ocrx_word' id='word_1_153' title='bbox 1771 1589 2012 1656; x_wconf 83' lang='lat' dir='ltr'><strong>habens;</strong></span> 
     </span>
    </p>
   </div>
   <div class='ocr_carea' id='block_1_20' title="bbox 453 1674 2017 1750">
    <p class='ocr_par' dir='ltr' id='par_1_20' title="bbox 453 1674 2017 1750">
     <span class='ocr_line' id='line_1_20' title="bbox 453 1674 2017 1750; baseline 0.004 -21"><span class='ocrx_word' id='word_1_154' title='bbox 453 1690 522 1729; x_wconf 90' lang='lat' dir='ltr'><strong>ne</strong></span> <span class='ocrx_word' id='word_1_155' title='bbox 548 1675 593 1729; x_wconf 91' lang='lat' dir='ltr'><strong>si</strong></span> <span class='ocrx_word' id='word_1_156' title='bbox 619 1674 756 1729; x_wconf 91' lang='lat' dir='ltr'><strong>forte</strong></span> <span class='ocrx_word' id='word_1_157' title='bbox 787 1674 937 1744; x_wconf 90' lang='lat' dir='ltr'><strong>plura</strong></span> <span class='ocrx_word' id='word_1_158' title='bbox 966 1689 1192 1744; x_wconf 86' lang='lat' dir='ltr'><strong>corpora</strong></span> <span class='ocrx_word' id='word_1_159' title='bbox 1232 1677 1577 1746; x_wconf 80' lang='lat' dir='ltr'><strong>excepisset,</strong></span> <span class='ocrx_word' id='word_1_160' title='bbox 1611 1677 1726 1748; x_wconf 85' lang='lat' dir='ltr'><strong>ejus</strong></span> <span class='ocrx_word' id='word_1_161' title='bbox 1752 1681 1842 1750; x_wconf 88' lang='lat' dir='ltr'><strong>qui</strong></span> <span class='ocrx_word' id='word_1_162' title='bbox 1880 1696 2017 1736; x_wconf 52' lang='lat' dir='ltr'><strong>mor.</strong></span> 
     </span>
    </p>
   </div>
   <div class='ocr_carea' id='block_1_21' title="bbox 452 1765 2018 1830">
    <p class='ocr_par' dir='ltr' id='par_1_21' title="bbox 452 1765 2018 1830">
     <span class='ocr_line' id='line_1_21' title="bbox 452 1765 2018 1830; baseline 0.006 -12"><span class='ocrx_word' id='word_1_163' title='bbox 452 1775 559 1818; x_wconf 91' lang='lat' dir='ltr'><strong>tem</strong></span> <span class='ocrx_word' id='word_1_164' title='bbox 600 1765 1001 1830; x_wconf 82' lang='lat' dir='ltr'><strong>debellaverat,</strong></span> <span class='ocrx_word' id='word_1_165' title='bbox 1045 1765 1363 1821; x_wconf 84' lang='lat' dir='ltr'><strong>miraculum</strong></span> <span class='ocrx_word' id='word_1_166' title='bbox 1402 1766 1743 1825; x_wconf 84' lang='lat' dir='ltr'><strong>obscuraret.</strong></span> <span class='ocrx_word' id='word_1_167' title='bbox 1794 1769 2018 1828; x_wconf 83' lang='lat' dir='ltr'><strong>Jacebat</strong></span> 
     </span>
    </p>
   </div>
   <div class='ocr_carea' id='block_1_22' title="bbox 2189 1117 3700 1198">
    <p class='ocr_par' dir='ltr' id='par_1_22' title="bbox 2189 1117 3700 1198">
     <span class='ocr_line' id='line_1_22' title="bbox 2189 1117 3700 1198; baseline -0.009 -16"><span class='ocrx_word' id='word_1_168' title='bbox 2189 1126 2299 1198; x_wconf 70' lang='lat'><strong>(29)</strong></span> <span class='ocrx_word' id='word_1_169' title='bbox 2326 1127 2582 1198; x_wconf 84' lang='grc' dir='ltr'>Μνήματι</span> <span class='ocrx_word' id='word_1_170' title='bbox 2619 1126 2675 1180; x_wconf 89' lang='grc' dir='ltr'><strong>δέ</strong></span> <span class='ocrx_word' id='word_1_171' title='bbox 2704 1125 2846 1178; x_wconf 80' lang='grc' dir='ltr'>κατὰ</span> <span class='ocrx_word' id='word_1_172' title='bbox 2886 1124 3085 1194; x_wconf 89' lang='grc' dir='ltr'>νόμους</span> <span class='ocrx_word' id='word_1_173' title='bbox 3128 1119 3430 1193; x_wconf 80' lang='grc' dir='ltr'>ἀνθρώπων</span> <span class='ocrx_word' id='word_1_174' title='bbox 3472 1117 3700 1189; x_wconf 82' lang='grc' dir='ltr'>παρεδί-</span> 
     </span>
    </p>
   </div>
   <div class='ocr_carea' id='block_1_23' title="bbox 2116 1208 3700 1291">
    <p class='ocr_par' dir='ltr' id='par_1_23' title="bbox 2116 1208 3700 1291">
     <span class='ocr_line' id='line_1_23' title="bbox 2116 1208 3700 1291; baseline -0.009 -17"><span class='ocrx_word' id='word_1_175' title='bbox 2116 1223 2235 1274; x_wconf 86' lang='grc' dir='ltr'>δοτο</span> <span class='ocrx_word' id='word_1_176' title='bbox 2257 1237 2272 1250; x_wconf 77' lang='grc'><strong><em>⁸</em></strong></span> <span class='ocrx_word' id='word_1_177' title='bbox 2299 1220 2361 1275; x_wconf 77' lang='grc' dir='ltr'>τὸ</span> <span class='ocrx_word' id='word_1_178' title='bbox 2385 1221 2441 1273; x_wconf 78' lang='grc' dir='ltr'><strong>δὲ</strong></span> <span class='ocrx_word' id='word_1_179' title='bbox 2464 1219 2653 1291; x_wconf 83' lang='grc' dir='ltr'>μνῆμα</span> <span class='ocrx_word' id='word_1_180' title='bbox 2681 1218 2944 1288; x_wconf 81' lang='grc' dir='ltr'>σπήλαιον</span> <span class='ocrx_word' id='word_1_181' title='bbox 2970 1210 3039 1286; x_wconf 83' lang='grc' dir='ltr'>ἦν</span> <span class='ocrx_word' id='word_1_182' title='bbox 3067 1215 3190 1285; x_wconf 83' lang='grc' dir='ltr'>ἆρτι</span> <span class='ocrx_word' id='word_1_183' title='bbox 3214 1212 3353 1267; x_wconf 77' lang='grc' dir='ltr'>κατὰ</span> <span class='ocrx_word' id='word_1_184' title='bbox 3384 1211 3591 1282; x_wconf 81' lang='grc' dir='ltr'>πέτρας</span> <span class='ocrx_word' id='word_1_185' title='bbox 3613 1208 3700 1260; x_wconf 83' lang='grc' dir='ltr'>λε-</span> 
     </span>
    </p>
   </div>
   <div class='ocr_carea' id='block_1_24' title="bbox 2116 1300 3695 1382">
    <p class='ocr_par' dir='ltr' id='par_1_24' title="bbox 2116 1300 3695 1382">
     <span class='ocr_line' id='line_1_24' title="bbox 2116 1300 3695 1382; baseline -0.009 -16"><span class='ocrx_word' id='word_1_186' title='bbox 2116 1310 2464 1382; x_wconf 76' lang='grc' dir='ltr'>λαξευμένον,</span> <span class='ocrx_word' id='word_1_187' title='bbox 2507 1309 2660 1365; x_wconf 78' lang='grc' dir='ltr'>οῠπω</span> <span class='ocrx_word' id='word_1_188' title='bbox 2709 1308 2962 1379; x_wconf 85' lang='grc' dir='ltr'>σώματος</span> <span class='ocrx_word' id='word_1_189' title='bbox 3015 1305 3202 1375; x_wconf 84' lang='grc' dir='ltr'>ἐτέρου</span> <span class='ocrx_word' id='word_1_190' title='bbox 3258 1300 3695 1375; x_wconf 77' lang='grc' dir='ltr'><strong>πεπειραμένον·</strong></span> 
     </span>
    </p>
   </div>
   <div class='ocr_carea' id='block_1_25' title="bbox 2123 1391 3701 1475">
    <p class='ocr_par' dir='ltr' id='par_1_25' title="bbox 2123 1391 3701 1475">
     <span class='ocr_line' id='line_1_25' title="bbox 2123 1391 3701 1475; baseline -0.008 -17"><span class='ocrx_word' id='word_1_191' title='bbox 2123 1404 2227 1458; x_wconf 78' lang='grc' dir='ltr'>ἔδει</span> <span class='ocrx_word' id='word_1_192' title='bbox 2251 1403 2360 1475; x_wconf 82' lang='grc' dir='ltr'>γὰρ</span> <span class='ocrx_word' id='word_1_193' title='bbox 2390 1402 2535 1474; x_wconf 85' lang='grc' dir='ltr'>μόνῳ</span> <span class='ocrx_word' id='word_1_194' title='bbox 2568 1401 2680 1473; x_wconf 78' lang='lat'><strong>(50)</strong></span> <span class='ocrx_word' id='word_1_195' title='bbox 2715 1399 2995 1469; x_wconf 81' lang='grc' dir='ltr'>σχολάζειν</span> <span class='ocrx_word' id='word_1_196' title='bbox 3026 1396 3105 1466; x_wconf 83' lang='grc' dir='ltr'><strong>τῷ</strong></span> <span class='ocrx_word' id='word_1_197' title='bbox 3136 1397 3283 1466; x_wconf 83' lang='grc' dir='ltr'>μόνῳ</span> <span class='ocrx_word' id='word_1_198' title='bbox 3305 1391 3592 1466; x_wconf 81' lang='grc' dir='ltr'>παραδόξῳ</span> <span class='ocrx_word' id='word_1_199' title='bbox 3622 1409 3701 1446; x_wconf 86' lang='grc' dir='ltr'>νε-</span> 
     </span>
    </p>
   </div>
   <div class='ocr_carea' id='block_1_26' title="bbox 2123 1482 3701 1567">
    <p class='ocr_par' dir='ltr' id='par_1_26' title="bbox 2123 1482 3701 1567">
     <span class='ocr_line' id='line_1_26' title="bbox 2123 1482 3701 1567; baseline -0.009 -18"><span class='ocrx_word' id='word_1_200' title='bbox 2123 1494 2256 1567; x_wconf 82' lang='grc' dir='ltr'>κρῷ,</span> <span class='ocrx_word' id='word_1_201' title='bbox 2283 1493 2581 1565; x_wconf 83' lang='grc' dir='ltr'>Θαυμαστὴ</span> <span class='ocrx_word' id='word_1_202' title='bbox 2621 1492 2676 1545; x_wconf 84' lang='grc' dir='ltr'><strong>δέ</strong></span> <span class='ocrx_word' id='word_1_203' title='bbox 2707 1492 2833 1545; x_wconf 80' lang='grc' dir='ltr'>ἰδεῖν</span> <span class='ocrx_word' id='word_1_204' title='bbox 2856 1492 2889 1561; x_wconf 80' lang='grc' dir='ltr'><strong>ἡ</strong></span> <span class='ocrx_word' id='word_1_205' title='bbox 2923 1490 3096 1561; x_wconf 79' lang='grc' dir='ltr'>πέτρα</span> <span class='ocrx_word' id='word_1_206' title='bbox 3131 1489 3190 1541; x_wconf 88' lang='grc' dir='ltr'><strong>ἐν</strong></span> <span class='ocrx_word' id='word_1_207' title='bbox 3213 1486 3519 1559; x_wconf 77' lang='grc' dir='ltr'>ηπλωμένῳ</span> <span class='ocrx_word' id='word_1_208' title='bbox 3539 1482 3701 1555; x_wconf 81' lang='grc' dir='ltr'>χώρῳ</span> 
     </span>
    </p>
   </div>
   <div class='ocr_carea' id='block_1_27' title="bbox 2127 1575 3701 1659">
    <p class='ocr_par' dir='ltr' id='par_1_27' title="bbox 2127 1575 3701 1659">
     <span class='ocr_line' id='line_1_27' title="bbox 2127 1575 3701 1659; baseline -0.008 -18"><span class='ocrx_word' id='word_1_209' title='bbox 2127 1587 2261 1659; x_wconf 85' lang='grc' dir='ltr'>μόνη</span> <span class='ocrx_word' id='word_1_210' title='bbox 2295 1587 2477 1654; x_wconf 65' lang='lat' dir='ltr'><strong>optino;</strong></span> <span class='ocrx_word' id='word_1_211' title='bbox 2500 1584 2865 1654; x_wconf 65' lang='grc' dir='ltr'>ἀνεσταμένιγ</span> <span class='ocrx_word' id='word_1_212' title='bbox 2915 1582 3010 1636; x_wconf 73' lang='grc' dir='ltr'><strong>καὶ</strong></span> <span class='ocrx_word' id='word_1_213' title='bbox 3051 1581 3208 1649; x_wconf 91' lang='grc' dir='ltr'>μόνον</span> <span class='ocrx_word' id='word_1_214' title='bbox 3248 1575 3317 1649; x_wconf 81' lang='grc' dir='ltr'>ἦν</span> <span class='ocrx_word' id='word_1_215' title='bbox 3347 1579 3539 1649; x_wconf 76' lang='grc' dir='ltr'>ἄντρον</span> <span class='ocrx_word' id='word_1_216' title='bbox 3570 1578 3701 1629; x_wconf 77' lang='grc' dir='ltr'>εἴσω</span> 
     </span>
    </p>
   </div>
   <div class='ocr_carea' id='block_1_28' title="bbox 2123 1667 3697 1751">
    <p class='ocr_par' dir='ltr' id='par_1_28' title="bbox 2123 1667 3697 1751">
     <span class='ocr_line' id='line_1_28' title="bbox 2123 1667 3697 1751; baseline -0.009 -18"><span class='ocrx_word' id='word_1_217' title='bbox 2123 1681 2180 1733; x_wconf 92' lang='grc' dir='ltr'><strong>ἐν</strong></span> <span class='ocrx_word' id='word_1_218' title='bbox 2210 1676 2346 1751; x_wconf 73' lang='grc' dir='ltr'>αὐτῇ</span> <span class='ocrx_word' id='word_1_219' title='bbox 2396 1677 2742 1749; x_wconf 86' lang='grc' dir='ltr'>περιέχουσα.</span> <span class='ocrx_word' id='word_1_220' title='bbox 2785 1675 2859 1738; x_wconf 84' lang='grc' dir='ltr'><strong>ὡς</strong></span> <span class='ocrx_word' id='word_1_221' title='bbox 2898 1673 2965 1728; x_wconf 82' lang='grc' dir='ltr'><strong>ἂν</strong></span> <span class='ocrx_word' id='word_1_222' title='bbox 3013 1673 3107 1744; x_wconf 83' lang='grc' dir='ltr'><strong>μὴ,</strong></span> <span class='ocrx_word' id='word_1_223' title='bbox 3150 1670 3359 1724; x_wconf 80' lang='grc' dir='ltr'>πολλῶν</span> <span class='ocrx_word' id='word_1_224' title='bbox 3405 1667 3697 1738; x_wconf 85' lang='grc' dir='ltr'>γενομένη,</span> 
     </span>
    </p>
   </div>
   <div class='ocr_carea' id='block_1_29' title="bbox 2123 1758 3699 1836">
    <p class='ocr_par' dir='ltr' id='par_1_29' title="bbox 2123 1758 3699 1836">
     <span class='ocr_line' id='line_1_29' title="bbox 2123 1758 3699 1836; baseline -0.01 -10"><span class='ocrx_word' id='word_1_225' title='bbox 2123 1773 2216 1826; x_wconf 82' lang='grc' dir='ltr'>τοῦ</span> <span class='ocrx_word' id='word_1_226' title='bbox 2243 1769 2335 1825; x_wconf 79' lang='grc' dir='ltr'><strong>τὸν</strong></span> <span class='ocrx_word' id='word_1_227' title='bbox 2361 1772 2586 1825; x_wconf 88' lang='grc' dir='ltr'>θάνατον</span> <span class='ocrx_word' id='word_1_228' title='bbox 2615 1765 3131 1836; x_wconf 81' lang='grc' dir='ltr'>καταγωνισαμένου</span> <span class='ocrx_word' id='word_1_229' title='bbox 3156 1762 3455 1834; x_wconf 81' lang='grc' dir='ltr'>ἐπισκιάσῃ</span> <span class='ocrx_word' id='word_1_230' title='bbox 3476 1761 3537 1814; x_wconf 83' lang='grc' dir='ltr'><strong>τὸ</strong></span> <span class='ocrx_word' id='word_1_231' title='bbox 3567 1758 3699 1812; x_wconf 79' lang='grc' dir='ltr'>θαῦ-</span> 
     </span>
    </p>
   </div>
   <div class='ocr_carea' id='block_1_30' title="bbox 451 1840 2007 1937">
    <p class='ocr_par' dir='ltr' id='par_1_30' title="bbox 451 1856 2007 1930">
     <span class='ocr_line' id='line_1_30' title="bbox 451 1856 2007 1930; baseline 0.005 -21"><span class='ocrx_word' id='word_1_232' title='bbox 451 1856 523 1909; x_wconf 89' lang='lat' dir='ltr'><strong>ibi</strong></span> <span class='ocrx_word' id='word_1_233' title='bbox 555 1856 855 1911; x_wconf 76' lang='lat' dir='ltr'><strong>evstinctus</strong></span> <span class='ocrx_word' id='word_1_234' title='bbox 887 1858 932 1911; x_wconf 91' lang='lat' dir='ltr'><strong>is</strong></span> <span class='ocrx_word' id='word_1_235' title='bbox 958 1857 1048 1925; x_wconf 90' lang='lat' dir='ltr'><strong>qui</strong></span> <span class='ocrx_word' id='word_1_236' title='bbox 1081 1866 1199 1910; x_wconf 89' lang='lat' dir='ltr'><strong>erat</strong></span> <span class='ocrx_word' id='word_1_237' title='bbox 1230 1857 1461 1912; x_wconf 82' lang='lat' dir='ltr'><strong>viventis</strong></span> <span class='ocrx_word' id='word_1_238' title='bbox 1493 1858 1655 1913; x_wconf 77' lang='lat' dir='ltr'><strong>Verbi</strong></span> <span class='ocrx_word' id='word_1_239' title='bbox 1704 1876 1964 1930; x_wconf 81' lang='lat' dir='ltr'><strong>organum</strong></span> <span class='ocrx_word' id='word_1_240' title='bbox 1998 1882 2007 1917; x_wconf 94' lang='lat'><strong>:</strong></span> 
     </span>
    </p>
   </div>
   <div class='ocr_carea' id='block_1_31' title="bbox 2110 1840 3696 1937">
    <p class='ocr_par' dir='ltr' id='par_1_31' title="bbox 2121 1852 3696 1937">
     <span class='ocr_line' id='line_1_31' title="bbox 2121 1852 3696 1937; baseline -0.01 -18"><span class='ocrx_word' id='word_1_241' title='bbox 2121 1882 2215 1937; x_wconf 92' lang='grc' dir='ltr'><strong>μα.</strong></span> <span class='ocrx_word' id='word_1_242' title='bbox 2240 1864 2350 1934; x_wconf 81' lang='lat'><strong>(5|)</strong></span> <span class='ocrx_word' id='word_1_243' title='bbox 2372 1864 2587 1917; x_wconf 80' lang='grc' dir='ltr'>Ἐκειτο</span> <span class='ocrx_word' id='word_1_244' title='bbox 2617 1861 2715 1931; x_wconf 84' lang='grc' dir='ltr'>μὲν</span> <span class='ocrx_word' id='word_1_245' title='bbox 2746 1861 2809 1931; x_wconf 84' lang='grc' dir='ltr'>δὴ</span> <span class='ocrx_word' id='word_1_246' title='bbox 2832 1858 3020 1930; x_wconf 83' lang='grc' dir='ltr'>νεκρὸς</span> <span class='ocrx_word' id='word_1_247' title='bbox 3049 1856 3258 1922; x_wconf 77' lang='grc' dir='ltr'>αὐτόθι,</span> <span class='ocrx_word' id='word_1_248' title='bbox 3281 1855 3342 1908; x_wconf 84' lang='grc' dir='ltr'><strong>τὸ</strong></span> <span class='ocrx_word' id='word_1_249' title='bbox 3366 1852 3461 1907; x_wconf 81' lang='grc' dir='ltr'>τοῦ</span> <span class='ocrx_word' id='word_1_250' title='bbox 3496 1852 3696 1917; x_wconf 82' lang='grc' dir='ltr'>ζῶντος</span> 
     </span>
    </p>
   </div>
   <div class='ocr_carea' id='block_1_32' title="bbox 451 1944 2007 2028">
    <p class='ocr_par' dir='ltr' id='par_1_32' title="bbox 451 1947 2007 2017">
     <span class='ocr_line' id='line_1_32' title="bbox 451 1947 2007 2017; baseline 0.006 -17"><span class='ocrx_word' id='word_1_251' title='bbox 451 1962 641 2000; x_wconf 69' lang='lat' dir='ltr'><strong>saxum</strong></span> <span class='ocrx_word' id='word_1_252' title='bbox 666 1947 858 2017; x_wconf 79' lang='lat' dir='ltr'><strong>ingens</strong></span> <span class='ocrx_word' id='word_1_253' title='bbox 889 1947 1204 2002; x_wconf 90' lang='lat' dir='ltr'><strong>occludebat</strong></span> <span class='ocrx_word' id='word_1_254' title='bbox 1259 1948 1592 2015; x_wconf 85' lang='lat' dir='ltr'><strong>speluncam.</strong></span> <span class='ocrx_word' id='word_1_255' title='bbox 1628 1950 1772 2008; x_wconf 86' lang='lat' dir='ltr'><strong>Mors</strong></span> <span class='ocrx_word' id='word_1_256' title='bbox 1811 1954 2007 2009; x_wconf 87' lang='lat' dir='ltr'><strong>interea</strong></span> 
     </span>
    </p>
   </div>
   <div class='ocr_carea' id='block_1_33' title="bbox 2110 1944 3700 2028">
    <p class='ocr_par' dir='ltr' id='par_1_33' title="bbox 2119 1944 3700 2028">
     <span class='ocr_line' id='line_1_33' title="bbox 2119 1944 3700 2028; baseline -0.01 -16"><span class='ocrx_word' id='word_1_257' title='bbox 2119 1959 2293 2027; x_wconf 87' lang='grc' dir='ltr'>Λόγου</span> <span class='ocrx_word' id='word_1_258' title='bbox 2332 1957 2567 2028; x_wconf 77' lang='grc' dir='ltr'>ὄργανον</span> <span class='ocrx_word' id='word_1_259' title='bbox 2589 1971 2603 1986; x_wconf 78' lang='grc' dir='ltr'><strong><em>ο</em></strong></span> <span class='ocrx_word' id='word_1_260' title='bbox 2651 1951 2796 2015; x_wconf 83' lang='grc' dir='ltr'>λίθος</span> <span class='ocrx_word' id='word_1_261' title='bbox 2847 1952 2891 2004; x_wconf 85' lang='grc' dir='ltr'>δ’</span> <span class='ocrx_word' id='word_1_262' title='bbox 2937 1950 3193 2004; x_wconf 84' lang='grc' dir='ltr'>ἀπέκλειε</span> <span class='ocrx_word' id='word_1_263' title='bbox 3241 1944 3605 2018; x_wconf 82' lang='grc' dir='ltr'>παμμεγέθης</span> <span class='ocrx_word' id='word_1_264' title='bbox 3636 1944 3700 1997; x_wconf 79' lang='grc' dir='ltr'><strong>τὸ</strong></span> 
     </span>
    </p>
   </div>
   <div class='ocr_carea' id='block_1_34' title="bbox 451 2035 2014 2113">
    <p class='ocr_par' dir='ltr' id='par_1_34' title="bbox 451 2035 2014 2113">
     <span class='ocr_line' id='line_1_34' title="bbox 451 2035 2014 2113; baseline 0.007 -25"><span class='ocrx_word' id='word_1_265' title='bbox 451 2035 680 2089; x_wconf 77' lang='lat' dir='ltr'><strong>miriﬁce</strong></span> <span class='ocrx_word' id='word_1_266' title='bbox 713 2035 1068 2106; x_wconf 89' lang='lat' dir='ltr'><strong>gloriabatur,</strong></span> <span class='ocrx_word' id='word_1_267' title='bbox 1100 2050 1200 2091; x_wconf 93' lang='lat' dir='ltr'><strong>ceu</strong></span> <span class='ocrx_word' id='word_1_268' title='bbox 1227 2036 1272 2091; x_wconf 89' lang='lat' dir='ltr'><strong>si</strong></span> <span class='ocrx_word' id='word_1_269' title='bbox 1309 2037 1453 2093; x_wconf 84' lang='lat' dir='ltr'><strong>hunc</strong></span> <span class='ocrx_word' id='word_1_270' title='bbox 1485 2038 1628 2094; x_wconf 85' lang='lat' dir='ltr'><strong>haud</strong></span> <span class='ocrx_word' id='word_1_271' title='bbox 1671 2055 1827 2098; x_wconf 85' lang='lat' dir='ltr'><strong>secus</strong></span> <span class='ocrx_word' id='word_1_272' title='bbox 1853 2058 2014 2113; x_wconf 87' lang='lat' dir='ltr'><strong>quam</strong></span> 
     </span>
    </p>
   </div>
   <div class='ocr_carea' id='block_1_35' title="bbox 452 2126 2013 2202">
    <p class='ocr_par' dir='ltr' id='par_1_35' title="bbox 452 2126 2013 2202">
     <span class='ocr_line' id='line_1_35' title="bbox 452 2126 2013 2202; baseline 0.006 -24"><span class='ocrx_word' id='word_1_273' title='bbox 452 2126 687 2195; x_wconf 82' lang='lat' dir='ltr'><strong>reliquos</strong></span> <span class='ocrx_word' id='word_1_274' title='bbox 716 2143 780 2179; x_wconf 72' lang='lat' dir='ltr'><strong>ex</strong></span> <span class='ocrx_word' id='word_1_275' title='bbox 833 2126 979 2181; x_wconf 89' lang='lat' dir='ltr'><strong>omni</strong></span> <span class='ocrx_word' id='word_1_276' title='bbox 1008 2140 1122 2181; x_wconf 72' lang='grc' dir='ltr'>αενο</span> <span class='ocrx_word' id='word_1_277' title='bbox 1150 2128 1536 2202; x_wconf 79' lang='lat' dir='ltr'><strong>superavisset.</strong></span> <span class='ocrx_word' id='word_1_278' title='bbox 1576 2129 1684 2186; x_wconf 88' lang='lat' dir='ltr'><strong>Sed</strong></span> <span class='ocrx_word' id='word_1_279' title='bbox 1705 2133 1850 2188; x_wconf 87' lang='lat' dir='ltr'><strong>enim</strong></span> <span class='ocrx_word' id='word_1_280' title='bbox 1878 2149 2013 2188; x_wconf 91' lang='lat' dir='ltr'><strong>non-</strong></span> 
     </span>
    </p>
   </div>
   <div class='ocr_carea' id='block_1_36' title="bbox 448 2216 2040 2287">
    <p class='ocr_par' dir='ltr' id='par_1_36' title="bbox 448 2216 2040 2287">
     <span class='ocr_line' id='line_1_36' title="bbox 448 2216 2040 2287; baseline 0.008 -17"><span class='ocrx_word' id='word_1_281' title='bbox 448 2216 576 2270; x_wconf 90' lang='lat' dir='ltr'><strong>dum</strong></span> <span class='ocrx_word' id='word_1_282' title='bbox 621 2217 874 2272; x_wconf 85' lang='lat' dir='ltr'><strong>triduano</strong></span> <span class='ocrx_word' id='word_1_283' title='bbox 904 2227 1146 2287; x_wconf 90' lang='lat' dir='ltr'><strong>tempore</strong></span> <span class='ocrx_word' id='word_1_284' title='bbox 1188 2230 1415 2287; x_wconf 83' lang='lat' dir='ltr'><strong>exacto,</strong></span> <span class='ocrx_word' id='word_1_285' title='bbox 1450 2222 1555 2276; x_wconf 86' lang='lat' dir='ltr'><strong>vita</strong></span> <span class='ocrx_word' id='word_1_286' title='bbox 1588 2233 1760 2278; x_wconf 89' lang='lat' dir='ltr'><strong>semet</strong></span> <span class='ocrx_word' id='word_1_287' title='bbox 1814 2225 2040 2282; x_wconf 87' lang='lat' dir='ltr'><strong>iterum.</strong></span> 
     </span>
    </p>
   </div>
   <div class='ocr_carea' id='block_1_37' title="bbox 449 2308 2017 2382">
    <p class='ocr_par' dir='ltr' id='par_1_37' title="bbox 449 2308 2017 2382">
     <span class='ocr_line' id='line_1_37' title="bbox 449 2308 2017 2382; baseline 0.008 -23"><span class='ocrx_word' id='word_1_288' title='bbox 449 2308 885 2377; x_wconf 83' lang='lat' dir='ltr'><strong>conspiciendam</strong></span> <span class='ocrx_word' id='word_1_289' title='bbox 940 2309 1171 2377; x_wconf 79' lang='lat' dir='ltr'><strong>obtulit,</strong></span> <span class='ocrx_word' id='word_1_290' title='bbox 1224 2319 1346 2382; x_wconf 91' lang='lat' dir='ltr'><strong>post</strong></span> <span class='ocrx_word' id='word_1_291' title='bbox 1407 2309 1760 2369; x_wconf 71' lang='lat' dir='ltr'><strong>sufﬁcientem</strong></span> <span class='ocrx_word' id='word_1_292' title='bbox 1823 2322 2017 2372; x_wconf 89' lang='lat' dir='ltr'><strong>mortis</strong></span> 
     </span>
    </p>
   </div>
   <div class='ocr_carea' id='block_1_38' title="bbox 447 2398 2013 2476">
    <p class='ocr_par' dir='ltr' id='par_1_38' title="bbox 447 2398 2013 2476">
     <span class='ocr_line' id='line_1_38' title="bbox 447 2398 2013 2476; baseline 0.009 -26"><span class='ocrx_word' id='word_1_293' title='bbox 447 2398 874 2466; x_wconf 84' lang='lat' dir='ltr'><strong>coargutionem.</strong></span> <span class='ocrx_word' id='word_1_294' title='bbox 907 2398 1039 2454; x_wconf 89' lang='lat' dir='ltr'><strong>Nam</strong></span> <span class='ocrx_word' id='word_1_295' title='bbox 1080 2401 1125 2457; x_wconf 87' lang='lat' dir='ltr'><strong>si</strong></span> <span class='ocrx_word' id='word_1_296' title='bbox 1154 2402 1318 2459; x_wconf 89' lang='lat' dir='ltr'><strong>citius</strong></span> <span class='ocrx_word' id='word_1_297' title='bbox 1357 2417 1644 2474; x_wconf 75' lang='lat' dir='ltr'><strong>resurgere</strong></span> <span class='ocrx_word' id='word_1_298' title='bbox 1671 2408 2013 2476; x_wconf 85' lang='lat' dir='ltr'><strong>properavis-</strong></span> 
     </span>
    </p>
   </div>
   <div class='ocr_carea' id='block_1_39' title="bbox 447 2493 2013 2563">
    <p class='ocr_par' dir='ltr' id='par_1_39' title="bbox 447 2493 2013 2563">
     <span class='ocr_line' id='line_1_39' title="bbox 447 2493 2013 2563; baseline 0.006 -19"><span class='ocrx_word' id='word_1_299' title='bbox 447 2499 550 2556; x_wconf 86' lang='lat' dir='ltr'><strong>set,</strong></span> <span class='ocrx_word' id='word_1_300' title='bbox 608 2504 673 2544; x_wconf 90' lang='lat' dir='ltr'><strong>ne</strong></span> <span class='ocrx_word' id='word_1_301' title='bbox 723 2493 1024 2547; x_wconf 80' lang='lat' dir='ltr'><strong>exstinctus</strong></span> <span class='ocrx_word' id='word_1_302' title='bbox 1070 2493 1288 2563; x_wconf 90' lang='lat' dir='ltr'><strong>quidem</strong></span> <span class='ocrx_word' id='word_1_303' title='bbox 1348 2496 1589 2551; x_wconf 91' lang='lat' dir='ltr'><strong>creditus</strong></span> <span class='ocrx_word' id='word_1_304' title='bbox 1641 2495 1853 2552; x_wconf 85' lang='lat' dir='ltr'><strong>fuisset.</strong></span> <span class='ocrx_word' id='word_1_305' title='bbox 1907 2497 2013 2555; x_wconf 91' lang='lat' dir='ltr'><strong>Sed</strong></span> 
     </span>
    </p>
   </div>
   <div class='ocr_carea' id='block_1_40' title="bbox 446 2579 2013 2657">
    <p class='ocr_par' dir='ltr' id='par_1_40' title="bbox 446 2579 2013 2657">
     <span class='ocr_line' id='line_1_40' title="bbox 446 2579 2013 2657; baseline 0.009 -27"><span class='ocrx_word' id='word_1_306' title='bbox 446 2579 702 2647; x_wconf 89' lang='lat' dir='ltr'><strong>quoniam</strong></span> <span class='ocrx_word' id='word_1_307' title='bbox 732 2594 861 2633; x_wconf 83' lang='lat' dir='ltr'><strong>vere</strong></span> <span class='ocrx_word' id='word_1_308' title='bbox 889 2580 1133 2636; x_wconf 86' lang='lat' dir='ltr'><strong>sublatus</strong></span> <span class='ocrx_word' id='word_1_309' title='bbox 1175 2583 1267 2652; x_wconf 93' lang='lat' dir='ltr'><strong>(in</strong></span> <span class='ocrx_word' id='word_1_310' title='bbox 1314 2586 1573 2654; x_wconf 89' lang='lat' dir='ltr'><strong>crucem)</strong></span> <span class='ocrx_word' id='word_1_311' title='bbox 1626 2585 1747 2651; x_wconf 88' lang='lat' dir='ltr'><strong>fuit,</strong></span> <span class='ocrx_word' id='word_1_312' title='bbox 1779 2603 2013 2657; x_wconf 77' lang='lat' dir='ltr'><strong>vereque</strong></span> 
     </span>
    </p>
   </div>
   <div class='ocr_carea' id='block_1_41' title="bbox 447 2673 2011 2744">
    <p class='ocr_par' dir='ltr' id='par_1_41' title="bbox 447 2673 2011 2744">
     <span class='ocr_line' id='line_1_41' title="bbox 447 2673 2011 2744; baseline 0.006 -20"><span class='ocrx_word' id='word_1_313' title='bbox 447 2680 711 2734; x_wconf 83' lang='lat' dir='ltr'><strong>mortuus,</strong></span> <span class='ocrx_word' id='word_1_314' title='bbox 736 2679 894 2741; x_wconf 87' lang='lat' dir='ltr'><strong>atque</strong></span> <span class='ocrx_word' id='word_1_315' title='bbox 913 2673 1188 2742; x_wconf 88' lang='lat' dir='ltr'><strong>aliquanto</strong></span> <span class='ocrx_word' id='word_1_316' title='bbox 1210 2676 1465 2744; x_wconf 86' lang='lat' dir='ltr'><strong>temporis</strong></span> <span class='ocrx_word' id='word_1_317' title='bbox 1480 2677 1762 2734; x_wconf 89' lang='lat' dir='ltr'><strong>intervallo</strong></span> <span class='ocrx_word' id='word_1_318' title='bbox 1783 2690 2011 2734; x_wconf 89' lang='lat' dir='ltr'><strong>mortem</strong></span> 
     </span>
    </p>
   </div>
   <div class='ocr_carea' id='block_1_42' title="bbox 447 2763 2012 2836">
    <p class='ocr_par' dir='ltr' id='par_1_42' title="bbox 447 2763 2012 2836">
     <span class='ocr_line' id='line_1_42' title="bbox 447 2763 2012 2836; baseline 0.007 -21"><span class='ocrx_word' id='word_1_319' title='bbox 447 2777 572 2815; x_wconf 81' lang='lat' dir='ltr'><strong>vere</strong></span> <span class='ocrx_word' id='word_1_320' title='bbox 603 2763 875 2836; x_wconf 79' lang='lat' dir='ltr'><strong>sustinuit,</strong></span> <span class='ocrx_word' id='word_1_321' title='bbox 908 2763 1033 2818; x_wconf 92' lang='lat' dir='ltr'><strong>binc</strong></span> <span class='ocrx_word' id='word_1_322' title='bbox 1062 2765 1339 2820; x_wconf 82' lang='lat' dir='ltr'><strong>enimvero</strong></span> <span class='ocrx_word' id='word_1_323' title='bbox 1369 2767 1511 2835; x_wconf 90' lang='lat' dir='ltr'><strong>quod</strong></span> <span class='ocrx_word' id='word_1_324' title='bbox 1554 2769 1733 2822; x_wconf 86' lang='lat' dir='ltr'><strong>omnia</strong></span> <span class='ocrx_word' id='word_1_325' title='bbox 1776 2770 2012 2827; x_wconf 81' lang='lat' dir='ltr'><strong>vivificat</strong></span> 
     </span>
    </p>
   </div>
   <div class='ocr_carea' id='block_1_43' title="bbox 448 2851 2008 2929">
    <p class='ocr_par' dir='ltr' id='par_1_43' title="bbox 448 2851 2008 2929">
     <span class='ocr_line' id='line_1_43' title="bbox 448 2851 2008 2929; baseline 0.006 -24"><span class='ocrx_word' id='word_1_326' title='bbox 448 2851 541 2905; x_wconf 88' lang='lat' dir='ltr'><strong>Dei</strong></span> <span class='ocrx_word' id='word_1_327' title='bbox 602 2851 879 2917; x_wconf 71' lang='lat' dir='ltr'><strong>Verbum,</strong></span> <span class='ocrx_word' id='word_1_328' title='bbox 939 2854 1246 2908; x_wconf 86' lang='lat' dir='ltr'><strong>universam</strong></span> <span class='ocrx_word' id='word_1_329' title='bbox 1308 2855 1619 2913; x_wconf 82' lang='lat' dir='ltr'><strong>hominibus</strong></span> <span class='ocrx_word' id='word_1_330' title='bbox 1676 2861 2008 2929; x_wconf 89' lang='lat' dir='ltr'><strong>propositam</strong></span> 
     </span>
    </p>
   </div>
   <div class='ocr_carea' id='block_1_44' title="bbox 446 2942 2009 3015">
    <p class='ocr_par' dir='ltr' id='par_1_44' title="bbox 446 2942 2009 3015">
     <span class='ocr_line' id='line_1_44' title="bbox 446 2942 2009 3015; baseline 0.008 -20"><span class='ocrx_word' id='word_1_331' title='bbox 446 2956 595 3011; x_wconf 85' lang='lat' dir='ltr'><strong>spem</strong></span> <span class='ocrx_word' id='word_1_332' title='bbox 627 2956 722 3010; x_wconf 89' lang='lat' dir='ltr'><strong>per</strong></span> <span class='ocrx_word' id='word_1_333' title='bbox 745 2942 913 3006; x_wconf 79' lang='lat' dir='ltr'><strong>illiuS,</strong></span> <span class='ocrx_word' id='word_1_334' title='bbox 958 2945 1047 3012; x_wconf 89' lang='lat' dir='ltr'><strong>qui</strong></span> <span class='ocrx_word' id='word_1_335' title='bbox 1080 2953 1191 2998; x_wconf 92' lang='lat' dir='ltr'><strong>tum</strong></span> <span class='ocrx_word' id='word_1_336' title='bbox 1226 2953 1472 3002; x_wconf 90' lang='lat' dir='ltr'><strong>mortuus</strong></span> <span class='ocrx_word' id='word_1_337' title='bbox 1515 2946 1728 3015; x_wconf 86' lang='lat' dir='ltr'><strong>fuerat,</strong></span> <span class='ocrx_word' id='word_1_338' title='bbox 1759 2965 2009 3008; x_wconf 88' lang='lat' dir='ltr'><strong>resurre-</strong></span> 
     </span>
    </p>
   </div>
   <div class='ocr_carea' id='block_1_45' title="bbox 446 3034 2013 3111">
    <p class='ocr_par' dir='ltr' id='par_1_45' title="bbox 446 3034 2013 3111">
     <span class='ocr_line' id='line_1_45' title="bbox 446 3034 2013 3111; baseline 0.008 -25"><span class='ocrx_word' id='word_1_339' title='bbox 446 3035 703 3096; x_wconf 86' lang='lat' dir='ltr'><strong>ctionem,</strong></span> <span class='ocrx_word' id='word_1_340' title='bbox 742 3036 1057 3088; x_wconf 84' lang='lat' dir='ltr'><strong>ostentavit.</strong></span> <span class='ocrx_word' id='word_1_341' title='bbox 1109 3034 1390 3106; x_wconf 79' lang='lat' dir='ltr'><strong>[Curaque</strong></span> <span class='ocrx_word' id='word_1_342' title='bbox 1414 3037 1531 3105; x_wconf 84' lang='lat' dir='ltr'><strong>ejus</strong></span> <span class='ocrx_word' id='word_1_343' title='bbox 1563 3054 1759 3108; x_wconf 83' lang='lat' dir='ltr'><strong>corpus</strong></span> <span class='ocrx_word' id='word_1_344' title='bbox 1800 3041 2013 3111; x_wconf 87' lang='lat' dir='ltr'><strong>deposi-</strong></span> 
     </span>
    </p>
   </div>
   <div class='ocr_carea' id='block_1_46' title="bbox 448 3124 2007 3200">
    <p class='ocr_par' dir='ltr' id='par_1_46' title="bbox 448 3124 2007 3200">
     <span class='ocr_line' id='line_1_46' title="bbox 448 3124 2007 3200; baseline 0.009 -25"><span class='ocrx_word' id='word_1_345' title='bbox 448 3134 561 3177; x_wconf 86' lang='lat' dir='ltr'><strong>tum</strong></span> <span class='ocrx_word' id='word_1_346' title='bbox 611 3124 799 3180; x_wconf 87' lang='lat' dir='ltr'><strong>fuisset</strong></span> <span class='ocrx_word' id='word_1_347' title='bbox 830 3141 858 3179; x_wconf 91' lang='lat' dir='ltr'><strong>a</strong></span> <span class='ocrx_word' id='word_1_348' title='bbox 905 3125 1298 3192; x_wconf 77' lang='lat' dir='ltr'><strong>familiaribus,</strong></span> <span class='ocrx_word' id='word_1_349' title='bbox 1354 3128 1703 3200; x_wconf 70' lang='lat' dir='ltr'><strong>honestaeque</strong></span> <span class='ocrx_word' id='word_1_350' title='bbox 1752 3134 2007 3189; x_wconf 89' lang='lat' dir='ltr'><strong>traditum</strong></span> 
     </span>
    </p>
   </div>
   <div class='ocr_carea' id='block_1_47' title="bbox 446 3216 2007 3292">
    <p class='ocr_par' dir='ltr' id='par_1_47' title="bbox 446 3216 2007 3292">
     <span class='ocr_line' id='line_1_47' title="bbox 446 3216 2007 3292; baseline 0.008 -24"><span class='ocrx_word' id='word_1_351' title='bbox 446 3224 754 3283; x_wconf 71' lang='lat' dir='ltr'><strong>sepultum,</strong></span> <span class='ocrx_word' id='word_1_352' title='bbox 797 3228 917 3282; x_wconf 81' lang='lat' dir='ltr'><strong>pOSt</strong></span> <span class='ocrx_word' id='word_1_353' title='bbox 965 3216 1201 3272; x_wconf 90' lang='lat' dir='ltr'><strong>triduum</strong></span> <span class='ocrx_word' id='word_1_354' title='bbox 1255 3219 1430 3274; x_wconf 90' lang='lat' dir='ltr'><strong>denuo</strong></span> <span class='ocrx_word' id='word_1_355' title='bbox 1480 3223 1772 3292; x_wconf 86' lang='lat' dir='ltr'><strong>resumpsit</strong></span> <span class='ocrx_word' id='word_1_356' title='bbox 1838 3224 2007 3291; x_wconf 89' lang='lat' dir='ltr'><strong>illud;</strong></span> 
     </span>
    </p>
   </div>
   <div class='ocr_carea' id='block_1_48' title="bbox 444 3312 2010 3385">
    <p class='ocr_par' dir='ltr' id='par_1_48' title="bbox 444 3312 2010 3385">
     <span class='ocr_line' id='line_1_48' title="bbox 444 3312 2010 3385; baseline 0.008 -26"><span class='ocrx_word' id='word_1_357' title='bbox 444 3322 739 3376; x_wconf 87' lang='lat' dir='ltr'><strong>rursusque</strong></span> <span class='ocrx_word' id='word_1_358' title='bbox 768 3323 931 3363; x_wconf 88' lang='lat' dir='ltr'><strong>carne</strong></span> <span class='ocrx_word' id='word_1_359' title='bbox 965 3319 1145 3364; x_wconf 85' lang='lat' dir='ltr'><strong>semet</strong></span> <span class='ocrx_word' id='word_1_360' title='bbox 1172 3319 1223 3364; x_wconf 93' lang='lat' dir='ltr'><strong>et</strong></span> <span class='ocrx_word' id='word_1_361' title='bbox 1264 3325 1494 3381; x_wconf 87' lang='lat' dir='ltr'><strong>corpore</strong></span> <span class='ocrx_word' id='word_1_362' title='bbox 1531 3312 1796 3381; x_wconf 89' lang='lat' dir='ltr'><strong>indutum,</strong></span> <span class='ocrx_word' id='word_1_363' title='bbox 1827 3314 2010 3385; x_wconf 81' lang='lat' dir='ltr'><strong>cujus-</strong></span> 
     </span>
    </p>
   </div>
   <div class='ocr_carea' id='block_1_49' title="bbox 441 3423 2006 3499">
    <p class='ocr_par' dir='ltr' id='par_1_49' title="bbox 441 3423 2006 3499">
     <span class='ocr_line' id='line_1_49' title="bbox 441 3423 2006 3499; baseline 0.005 -23"><span class='ocrx_word' id='word_1_364' title='bbox 441 3424 582 3477; x_wconf 87' lang='lat' dir='ltr'><strong>modi</strong></span> <span class='ocrx_word' id='word_1_365' title='bbox 640 3432 795 3476; x_wconf 71' lang='lat' dir='ltr'><strong>antea</strong></span> <span class='ocrx_word' id='word_1_366' title='bbox 859 3423 1059 3489; x_wconf 86' lang='lat' dir='ltr'><strong>fuerat,</strong></span> <span class='ocrx_word' id='word_1_367' title='bbox 1109 3423 1388 3494; x_wconf 88' lang='lat' dir='ltr'><strong>discipulis</strong></span> <span class='ocrx_word' id='word_1_368' title='bbox 1418 3425 1802 3482; x_wconf 77' lang='lat' dir='ltr'><strong>demonstravit</strong></span> <span class='ocrx_word' id='word_1_369' title='bbox 1835 3448 1849 3484; x_wconf 91' lang='lat'><strong>:</strong></span> <span class='ocrx_word' id='word_1_370' title='bbox 1883 3430 2006 3499; x_wconf 87' lang='lat' dir='ltr'><strong>qui-</strong></span> 
     </span>
    </p>
   </div>
   <div class='ocr_carea' id='block_1_50' title="bbox 396 3510 2007 3591">
    <p class='ocr_par' dir='ltr' id='par_1_50' title="bbox 396 3510 2007 3591">
     <span class='ocr_line' id='line_1_50' title="bbox 396 3510 2007 3591; baseline 0.007 -27"><span class='ocrx_word' id='word_1_371' title='bbox 396 3510 663 3591; x_wconf 24' lang='lat' dir='ltr'><strong>.buscum</strong></span> <span class='ocrx_word' id='word_1_372' title='bbox 715 3512 980 3581; x_wconf 86' lang='lat' dir='ltr'><strong>tantisper</strong></span> <span class='ocrx_word' id='word_1_373' title='bbox 1032 3512 1433 3580; x_wconf 83' lang='lat' dir='ltr'><strong>confabulans,</strong></span> <span class='ocrx_word' id='word_1_374' title='bbox 1501 3528 1662 3585; x_wconf 92' lang='lat' dir='ltr'><strong>atque</strong></span> <span class='ocrx_word' id='word_1_375' title='bbox 1731 3515 2007 3589; x_wconf 77' lang='lat' dir='ltr'><strong>aliquanto</strong></span> 
     </span>
    </p>
   </div>
   <div class='ocr_carea' id='block_1_51' title="bbox 441 3603 2004 3679">
    <p class='ocr_par' dir='ltr' id='par_1_51' title="bbox 441 3603 2004 3679">
     <span class='ocr_line' id='line_1_51' title="bbox 441 3603 2004 3679; baseline 0.008 -25"><span class='ocrx_word' id='word_1_376' title='bbox 441 3611 681 3670; x_wconf 90' lang='lat' dir='ltr'><strong>tempore</strong></span> <span class='ocrx_word' id='word_1_377' title='bbox 723 3616 984 3667; x_wconf 87' lang='lat' dir='ltr'><strong>versans,</strong></span> <span class='ocrx_word' id='word_1_378' title='bbox 1029 3618 1151 3656; x_wconf 82' lang='lat' dir='ltr'><strong>mox</strong></span> <span class='ocrx_word' id='word_1_379' title='bbox 1185 3603 1314 3658; x_wconf 88' lang='lat' dir='ltr'><strong>illuc</strong></span> <span class='ocrx_word' id='word_1_380' title='bbox 1369 3606 1512 3660; x_wconf 89' lang='lat' dir='ltr'><strong>unde</strong></span> <span class='ocrx_word' id='word_1_381' title='bbox 1561 3620 1784 3663; x_wconf 72' lang='lat' dir='ltr'><strong>venerat</strong></span> <span class='ocrx_word' id='word_1_382' title='bbox 1837 3612 2004 3679; x_wconf 89' lang='lat' dir='ltr'><strong>abiit;</strong></span> 
     </span>
    </p>
   </div>
   <div class='ocr_carea' id='block_1_52' title="bbox 438 3695 2003 3773">
    <p class='ocr_par' dir='ltr' id='par_1_52' title="bbox 438 3695 2003 3773">
     <span class='ocr_line' id='line_1_52' title="bbox 438 3695 2003 3773; baseline 0.005 -25"><span class='ocrx_word' id='word_1_383' title='bbox 438 3695 563 3749; x_wconf 64' lang='lat' dir='ltr'><strong>caeli</strong></span> <span class='ocrx_word' id='word_1_384' title='bbox 624 3696 789 3759; x_wconf 87' lang='lat' dir='ltr'><strong>viam,</strong></span> <span class='ocrx_word' id='word_1_385' title='bbox 836 3695 1210 3762; x_wconf 85' lang='lat' dir='ltr'><strong>spectantibus</strong></span> <span class='ocrx_word' id='word_1_386' title='bbox 1260 3695 1403 3761; x_wconf 87' lang='lat' dir='ltr'><strong>illis,</strong></span> <span class='ocrx_word' id='word_1_387' title='bbox 1452 3698 1819 3773; x_wconf 80' lang='lat' dir='ltr'><strong>ingrediens.]</strong></span> <span class='ocrx_word' id='word_1_388' title='bbox 1865 3701 2003 3769; x_wconf 87' lang='lat' dir='ltr'><strong>Quid</strong></span> 
     </span>
    </p>
   </div>
   <div class='ocr_carea' id='block_1_53' title="bbox 437 3783 2003 3857">
    <p class='ocr_par' dir='ltr' id='par_1_53' title="bbox 437 3783 2003 3857">
     <span class='ocr_line' id='line_1_53' title="bbox 437 3783 2003 3857; baseline 0.004 -19"><span class='ocrx_word' id='word_1_389' title='bbox 437 3799 569 3855; x_wconf 80' lang='lat' dir='ltr'><strong>ergo</strong></span> <span class='ocrx_word' id='word_1_390' title='bbox 610 3794 730 3853; x_wconf 86' lang='lat' dir='ltr'><strong>post</strong></span> <span class='ocrx_word' id='word_1_391' title='bbox 774 3785 928 3838; x_wconf 79' lang='lat' dir='ltr'><strong>ba-c?</strong></span> <span class='ocrx_word' id='word_1_392' title='bbox 982 3783 1132 3838; x_wconf 89' lang='lat' dir='ltr'><strong>llaud</strong></span> <span class='ocrx_word' id='word_1_393' title='bbox 1190 3785 1302 3855; x_wconf 87' lang='lat' dir='ltr'><strong>jam</strong></span> <span class='ocrx_word' id='word_1_394' title='bbox 1349 3800 1448 3856; x_wconf 89' lang='lat' dir='ltr'><strong>ego</strong></span> <span class='ocrx_word' id='word_1_395' title='bbox 1496 3796 1770 3857; x_wconf 81' lang='lat' dir='ltr'><strong>gestarum</strong></span> <span class='ocrx_word' id='word_1_396' title='bbox 1824 3804 2003 3845; x_wconf 85' lang='lat' dir='ltr'><strong>rerum</strong></span> 
     </span>
    </p>
   </div>
   <div class='ocr_carea' id='block_1_54' title="bbox 436 3872 2003 3942">
    <p class='ocr_par' dir='ltr' id='par_1_54' title="bbox 436 3872 2003 3942">
     <span class='ocr_line' id='line_1_54' title="bbox 436 3872 2003 3942; baseline -0.001 -14"><span class='ocrx_word' id='word_1_397' title='bbox 436 3884 689 3928; x_wconf 83' lang='lat' dir='ltr'><strong>narrator</strong></span> <span class='ocrx_word' id='word_1_398' title='bbox 732 3872 824 3927; x_wconf 86' lang='lat' dir='ltr'><strong>tibi</strong></span> <span class='ocrx_word' id='word_1_399' title='bbox 873 3875 997 3937; x_wconf 89' lang='lat' dir='ltr'><strong>sim,</strong></span> <span class='ocrx_word' id='word_1_400' title='bbox 1053 3883 1423 3927; x_wconf 82' lang='lat' dir='ltr'><strong>verumtamen</strong></span> <span class='ocrx_word' id='word_1_401' title='bbox 1474 3874 1567 3941; x_wconf 86' lang='lat' dir='ltr'><strong>qui</strong></span> <span class='ocrx_word' id='word_1_402' title='bbox 1608 3874 1705 3929; x_wconf 87' lang='lat' dir='ltr'><strong>bas</strong></span> <span class='ocrx_word' id='word_1_403' title='bbox 1732 3874 2003 3942; x_wconf 87' lang='lat' dir='ltr'><strong>viderunt,</strong></span> 
     </span>
    </p>
   </div>
   <div class='ocr_carea' id='block_1_55' title="bbox 435 3962 2005 4036">
    <p class='ocr_par' dir='ltr' id='par_1_55' title="bbox 435 3962 2005 4036">
     <span class='ocr_line' id='line_1_55' title="bbox 435 3962 2005 4036; baseline 0 -17"><span class='ocrx_word' id='word_1_404' title='bbox 435 3964 492 4019; x_wconf 89' lang='lat' dir='ltr'><strong>bi</strong></span> <span class='ocrx_word' id='word_1_405' title='bbox 524 3965 686 4019; x_wconf 89' lang='lat' dir='ltr'><strong>totius</strong></span> <span class='ocrx_word' id='word_1_406' title='bbox 714 3964 909 4034; x_wconf 79' lang='lat' dir='ltr'><strong>negotii</strong></span> <span class='ocrx_word' id='word_1_407' title='bbox 949 3973 1115 4017; x_wconf 85' lang='lat' dir='ltr'><strong>testes</strong></span> <span class='ocrx_word' id='word_1_408' title='bbox 1144 3962 1319 4017; x_wconf 86' lang='lat' dir='ltr'><strong>idonei</strong></span> <span class='ocrx_word' id='word_1_409' title='bbox 1360 3963 1502 4029; x_wconf 89' lang='lat' dir='ltr'><strong>sint;</strong></span> <span class='ocrx_word' id='word_1_410' title='bbox 1528 3965 1620 4032; x_wconf 89' lang='lat' dir='ltr'><strong>qui</strong></span> <span class='ocrx_word' id='word_1_411' title='bbox 1653 3965 1915 4036; x_wconf 87' lang='lat' dir='ltr'><strong>sanguine</strong></span> <span class='ocrx_word' id='word_1_412' title='bbox 1943 3981 2005 4020; x_wconf 91' lang='lat' dir='ltr'><strong>ac</strong></span> 
     </span>
    </p>
   </div>
   <div class='ocr_carea' id='block_1_56' title="bbox 436 4054 2003 4126">
    <p class='ocr_par' dir='ltr' id='par_1_56' title="bbox 436 4054 2003 4126">
     <span class='ocr_line' id='line_1_56' title="bbox 436 4054 2003 4126; baseline 0.003 -20"><span class='ocrx_word' id='word_1_413' title='bbox 436 4057 562 4108; x_wconf 76' lang='lat' dir='ltr'><strong>vitzc</strong></span> <span class='ocrx_word' id='word_1_414' title='bbox 590 4055 936 4118; x_wconf 88' lang='lat' dir='ltr'><strong>detrimento,</strong></span> <span class='ocrx_word' id='word_1_415' title='bbox 962 4064 1207 4110; x_wconf 90' lang='lat' dir='ltr'><strong>actorum</strong></span> <span class='ocrx_word' id='word_1_416' title='bbox 1242 4054 1551 4118; x_wconf 86' lang='lat' dir='ltr'><strong>veritatem,</strong></span> <span class='ocrx_word' id='word_1_417' title='bbox 1583 4069 1742 4122; x_wconf 90' lang='lat' dir='ltr'><strong>quam</strong></span> <span class='ocrx_word' id='word_1_418' title='bbox 1779 4071 2003 4126; x_wconf 81' lang='lat' dir='ltr'><strong>aspexe-</strong></span> 
     </span>
    </p>
   </div>
   <div class='ocr_carea' id='block_1_57' title="bbox 435 4144 2002 4216">
    <p class='ocr_par' dir='ltr' id='par_1_57' title="bbox 435 4144 2002 4216">
     <span class='ocr_line' id='line_1_57' title="bbox 435 4144 2002 4216; baseline 0.001 -17"><span class='ocrx_word' id='word_1_419' title='bbox 435 4155 585 4211; x_wconf 85' lang='lat' dir='ltr'><strong>rant,</strong></span> <span class='ocrx_word' id='word_1_420' title='bbox 617 4144 1112 4207; x_wconf 83' lang='lat' dir='ltr'><strong>conlirmaverunt;</strong></span> <span class='ocrx_word' id='word_1_421' title='bbox 1139 4151 1420 4213; x_wconf 90' lang='lat' dir='ltr'><strong>totumque</strong></span> <span class='ocrx_word' id='word_1_422' title='bbox 1448 4144 1634 4198; x_wconf 88' lang='lat' dir='ltr'><strong>orbem</strong></span> <span class='ocrx_word' id='word_1_423' title='bbox 1685 4160 1747 4200; x_wconf 89' lang='lat' dir='ltr'><strong>ea</strong></span> <span class='ocrx_word' id='word_1_424' title='bbox 1776 4185 1792 4211; x_wconf 92' lang='lat'><strong>,</strong></span> <span class='ocrx_word' id='word_1_425' title='bbox 1841 4161 2002 4216; x_wconf 89' lang='lat' dir='ltr'><strong>quam</strong></span> 
     </span>
    </p>
   </div>
   <div class='ocr_carea' id='block_1_58' title="bbox 437 4235 2006 4309">
    <p class='ocr_par' dir='ltr' id='par_1_58' title="bbox 437 4235 2006 4309">
     <span class='ocr_line' id='line_1_58' title="bbox 437 4235 2006 4309; baseline -0.002 -16"><span class='ocrx_word' id='word_1_426' title='bbox 437 4239 535 4308; x_wconf 85' lang='lat' dir='ltr'><strong>ipsi</strong></span> <span class='ocrx_word' id='word_1_427' title='bbox 563 4237 952 4309; x_wconf 63' lang='lat' dir='ltr'><strong>pradicabant,</strong></span> <span class='ocrx_word' id='word_1_428' title='bbox 983 4236 1245 4304; x_wconf 76' lang='lat' dir='ltr'><strong>religione</strong></span> <span class='ocrx_word' id='word_1_429' title='bbox 1288 4235 1677 4303; x_wconf 87' lang='lat' dir='ltr'><strong>impleverunt.</strong></span> <span class='ocrx_word' id='word_1_430' title='bbox 1710 4236 1776 4291; x_wconf 85' lang='lat' dir='ltr'><strong>Hi</strong></span> <span class='ocrx_word' id='word_1_431' title='bbox 1817 4238 2006 4307; x_wconf 90' lang='lat' dir='ltr'><strong>utique</strong></span> 
     </span>
    </p>
   </div>
   <div class='ocr_carea' id='block_1_59' title="bbox 436 4326 2007 4397">
    <p class='ocr_par' dir='ltr' id='par_1_59' title="bbox 436 4326 2007 4397">
     <span class='ocr_line' id='line_1_59' title="bbox 436 4326 2007 4397; baseline 0 -14"><span class='ocrx_word' id='word_1_432' title='bbox 436 4332 910 4391; x_wconf 81' lang='lat' dir='ltr'><strong>resurrectimtem,</strong></span> <span class='ocrx_word' id='word_1_433' title='bbox 943 4342 1103 4397; x_wconf 86' lang='lat' dir='ltr'><strong>quam</strong></span> <span class='ocrx_word' id='word_1_434' title='bbox 1134 4326 1307 4382; x_wconf 89' lang='lat' dir='ltr'><strong>oculis</strong></span> <span class='ocrx_word' id='word_1_435' title='bbox 1333 4337 1731 4394; x_wconf 84' lang='lat' dir='ltr'><strong>spectaverant,</strong></span> <span class='ocrx_word' id='word_1_436' title='bbox 1763 4329 2007 4383; x_wconf 73' lang='lat' dir='ltr'><strong>testimoo</strong></span> 
     </span>
    </p>
   </div>
   <div class='ocr_carea' id='block_1_60' title="bbox 436 4416 2005 4487">
    <p class='ocr_par' dir='ltr' id='par_1_60' title="bbox 436 4416 2005 4487">
     <span class='ocr_line' id='line_1_60' title="bbox 436 4416 2005 4487; baseline -0.001 -12"><span class='ocrx_word' id='word_1_437' title='bbox 436 4420 542 4475; x_wconf 87' lang='lat' dir='ltr'><strong>niis</strong></span> <span class='ocrx_word' id='word_1_438' title='bbox 570 4422 684 4475; x_wconf 90' lang='lat' dir='ltr'><strong>suis</strong></span> <span class='ocrx_word' id='word_1_439' title='bbox 711 4427 1033 4474; x_wconf 81' lang='lat' dir='ltr'><strong>sanxerunt.</strong></span> <span class='ocrx_word' id='word_1_440' title='bbox 1088 4416 1273 4487; x_wconf 88' lang='lat' dir='ltr'><strong>Neque</strong></span> <span class='ocrx_word' id='word_1_441' title='bbox 1316 4417 1462 4473; x_wconf 90' lang='lat' dir='ltr'><strong>enim</strong></span> <span class='ocrx_word' id='word_1_442' title='bbox 1523 4417 1703 4473; x_wconf 86' lang='lat' dir='ltr'><strong>verbis</strong></span> <span class='ocrx_word' id='word_1_443' title='bbox 1753 4433 1818 4473; x_wconf 88' lang='lat' dir='ltr'><strong>ac</strong></span> <span class='ocrx_word' id='word_1_444' title='bbox 1874 4432 2005 4474; x_wconf 86' lang='lat' dir='ltr'><strong>voce</strong></span> 
     </span>
    </p>
   </div>
   <div class='ocr_carea' id='block_1_61' title="bbox 2035 3176 2080 3234">
    <p class='ocr_par' dir='ltr' id='par_1_61' title="bbox 2035 3176 2080 3234">
     <span class='ocr_line' id='line_1_61' title="bbox 2035 3176 2080 3234; baseline 0 0"><span class='ocrx_word' id='word_1_445' title='bbox 2035 3176 2080 3234; x_wconf 86' lang='lat' dir='ltr'><strong><em>C</em></strong></span> 
     </span>
    </p>
   </div>
   <div class='ocr_carea' id='block_1_62' title="bbox 2119 2037 3695 2120">
    <p class='ocr_par' dir='ltr' id='par_1_62' title="bbox 2119 2037 3695 2120">
     <span class='ocr_line' id='line_1_62' title="bbox 2119 2037 3695 2120; baseline -0.008 -19"><span class='ocrx_word' id='word_1_446' title='bbox 2119 2050 2399 2120; x_wconf 84' lang='grc' dir='ltr'>σπήλαιον.</span> <span class='ocrx_word' id='word_1_447' title='bbox 2429 2047 2541 2100; x_wconf 82' lang='lat' dir='ltr'><strong>Kal</strong></span> <span class='ocrx_word' id='word_1_448' title='bbox 2564 2043 2732 2107; x_wconf 78' lang='grc' dir='ltr'>πολὺς</span> <span class='ocrx_word' id='word_1_449' title='bbox 2755 2037 2822 2115; x_wconf 74' lang='grc' dir='ltr'>ἦν</span> <span class='ocrx_word' id='word_1_450' title='bbox 2844 2044 2901 2096; x_wconf 92' lang='grc' dir='ltr'><strong>ἐν</strong></span> <span class='ocrx_word' id='word_1_451' title='bbox 2926 2042 3097 2113; x_wconf 87' lang='grc' dir='ltr'>τούτῳ</span> <span class='ocrx_word' id='word_1_452' title='bbox 3122 2039 3363 2111; x_wconf 88' lang='grc' dir='ltr'>γαυριῶν</span> <span class='ocrx_word' id='word_1_453' title='bbox 3390 2041 3419 2092; x_wconf 87' lang='grc' dir='ltr'><strong>ό</strong></span> <span class='ocrx_word' id='word_1_454' title='bbox 3444 2038 3695 2101; x_wconf 80' lang='grc' dir='ltr'>θάνατος,</span> 
     </span>
    </p>
   </div>
   <div class='ocr_carea' id='block_1_63' title="bbox 2114 2130 3693 2208">
    <p class='ocr_par' dir='ltr' id='par_1_63' title="bbox 2114 2130 3693 2208">
     <span class='ocr_line' id='line_1_63' title="bbox 2114 2130 3693 2208; baseline -0.007 -14"><span class='ocrx_word' id='word_1_455' title='bbox 2114 2139 2191 2205; x_wconf 84' lang='grc' dir='ltr'>ὼς</span> <span class='ocrx_word' id='word_1_456' title='bbox 2221 2140 2287 2194; x_wconf 75' lang='grc' dir='ltr'>ἂν</span> <span class='ocrx_word' id='word_1_457' title='bbox 2312 2138 2500 2192; x_wconf 83' lang='grc' dir='ltr'>τοῦτον</span> <span class='ocrx_word' id='word_1_458' title='bbox 2536 2135 2673 2208; x_wconf 88' lang='grc' dir='ltr'><strong>μετὰ</strong></span> <span class='ocrx_word' id='word_1_459' title='bbox 2698 2135 2809 2188; x_wconf 84' lang='grc' dir='ltr'><strong>τῶν</strong></span> <span class='ocrx_word' id='word_1_460' title='bbox 2842 2134 2901 2199; x_wconf 83' lang='grc' dir='ltr'>ἐξ</span> <span class='ocrx_word' id='word_1_461' title='bbox 2946 2135 3140 2197; x_wconf 75' lang='grc' dir='ltr'>αἰῶνος</span> <span class='ocrx_word' id='word_1_462' title='bbox 3176 2131 3311 2187; x_wconf 79' lang='grc' dir='ltr'>ἐλὼν</span> <span class='ocrx_word' id='word_1_463' title='bbox 3347 2130 3656 2201; x_wconf 83' lang='grc' dir='ltr'>ὑποχείριον</span> <span class='ocrx_word' id='word_1_464' title='bbox 3676 2146 3693 2160; x_wconf 73' lang='grc' dir='ltr'><strong>ο</strong></span> 
     </span>
    </p>
   </div>
   <div class='ocr_carea' id='block_1_64' title="bbox 2115 2222 3696 2300">
    <p class='ocr_par' dir='ltr' id='par_1_64' title="bbox 2115 2222 3696 2300">
     <span class='ocr_line' id='line_1_64' title="bbox 2115 2222 3696 2300; baseline -0.004 -17"><span class='ocrx_word' id='word_1_465' title='bbox 2115 2230 2228 2284; x_wconf 82' lang='grc' dir='ltr'>ἀλλ’</span> <span class='ocrx_word' id='word_1_466' title='bbox 2250 2229 2403 2283; x_wconf 80' lang='grc' dir='ltr'>οὔπω</span> <span class='ocrx_word' id='word_1_467' title='bbox 2439 2229 2734 2300; x_wconf 84' lang='grc' dir='ltr'>τριήμερος</span> <span class='ocrx_word' id='word_1_468' title='bbox 2766 2225 2965 2298; x_wconf 80' lang='grc' dir='ltr'>παρῄει</span> <span class='ocrx_word' id='word_1_469' title='bbox 3007 2226 3216 2297; x_wconf 85' lang='grc' dir='ltr'>χρόνος,</span> <span class='ocrx_word' id='word_1_470' title='bbox 3252 2225 3346 2278; x_wconf 73' lang='grc' dir='ltr'><strong>καὶ</strong></span> <span class='ocrx_word' id='word_1_471' title='bbox 3375 2225 3409 2295; x_wconf 78' lang='grc' dir='ltr'><strong>ἡ</strong></span> <span class='ocrx_word' id='word_1_472' title='bbox 3443 2222 3557 2293; x_wconf 76' lang='grc' dir='ltr'><strong>ζωὴ</strong></span> <span class='ocrx_word' id='word_1_473' title='bbox 3591 2223 3696 2277; x_wconf 83' lang='grc' dir='ltr'>πά-</span> 
     </span>
    </p>
   </div>
   <div class='ocr_carea' id='block_1_65' title="bbox 2115 2314 3696 2392">
    <p class='ocr_par' dir='ltr' id='par_1_65' title="bbox 2115 2314 3696 2392">
     <span class='ocr_line' id='line_1_65' title="bbox 2115 2314 3696 2392; baseline -0.008 -15"><span class='ocrx_word' id='word_1_474' title='bbox 2115 2323 2198 2377; x_wconf 91' lang='grc' dir='ltr'><strong>λιν</strong></span> <span class='ocrx_word' id='word_1_475' title='bbox 2242 2321 2439 2392; x_wconf 78' lang='grc' dir='ltr'>ἐαυτην</span> <span class='ocrx_word' id='word_1_476' title='bbox 2488 2320 2675 2388; x_wconf 66' lang='grc' dir='ltr'>ἔφαινε</span> <span class='ocrx_word' id='word_1_477' title='bbox 2723 2319 2863 2390; x_wconf 84' lang='grc' dir='ltr'>μετὰ</span> <span class='ocrx_word' id='word_1_478' title='bbox 2905 2317 2995 2372; x_wconf 84' lang='grc' dir='ltr'><strong>τὸν</strong></span> <span class='ocrx_word' id='word_1_479' title='bbox 3039 2318 3286 2389; x_wconf 72' lang='grc' dir='ltr'>αὐτάρκη</span> <span class='ocrx_word' id='word_1_480' title='bbox 3329 2314 3422 2368; x_wconf 78' lang='grc' dir='ltr'>τοῦ</span> <span class='ocrx_word' id='word_1_481' title='bbox 3465 2314 3696 2368; x_wconf 85' lang='grc' dir='ltr'>θανάτου</span> 
     </span>
    </p>
   </div>
   <div class='ocr_carea' id='block_1_66' title="bbox 2115 2404 3696 2483">
    <p class='ocr_par' dir='ltr' id='par_1_66' title="bbox 2115 2404 3696 2483">
     <span class='ocr_line' id='line_1_66' title="bbox 2115 2404 3696 2483; baseline -0.006 -17"><span class='ocrx_word' id='word_1_482' title='bbox 2115 2413 2348 2483; x_wconf 75' lang='grc' dir='ltr'>ἔλεγχον.</span> <span class='ocrx_word' id='word_1_483' title='bbox 2393 2412 2455 2464; x_wconf 80' lang='grc' dir='ltr'><strong>Εἰ</strong></span> <span class='ocrx_word' id='word_1_484' title='bbox 2488 2410 2598 2480; x_wconf 78' lang='grc' dir='ltr'><strong>γάρ</strong></span> <span class='ocrx_word' id='word_1_485' title='bbox 2639 2409 2703 2481; x_wconf 78' lang='grc' dir='ltr'>δὴ</span> <span class='ocrx_word' id='word_1_486' title='bbox 2734 2409 2926 2463; x_wconf 80' lang='grc' dir='ltr'>θᾶττον</span> <span class='ocrx_word' id='word_1_487' title='bbox 2966 2409 3167 2479; x_wconf 81' lang='grc' dir='ltr'>ἀνέστη</span> <span class='ocrx_word' id='word_1_488' title='bbox 3212 2407 3445 2477; x_wconf 84' lang='grc' dir='ltr'><strong>φθάσας,</strong></span> <span class='ocrx_word' id='word_1_489' title='bbox 3489 2406 3589 2458; x_wconf 76' lang='grc' dir='ltr'>οὐκ</span> <span class='ocrx_word' id='word_1_490' title='bbox 3629 2404 3696 2457; x_wconf 79' lang='grc' dir='ltr'><strong>ἂν</strong></span> 
     </span>
    </p>
   </div>
   <div class='ocr_carea' id='block_1_67' title="bbox 2114 2497 3696 2574">
    <p class='ocr_par' dir='ltr' id='par_1_67' title="bbox 2114 2497 3696 2574">
     <span class='ocr_line' id='line_1_67' title="bbox 2114 2497 3696 2574; baseline -0.005 -17"><span class='ocrx_word' id='word_1_491' title='bbox 2114 2505 2252 2559; x_wconf 78' lang='grc' dir='ltr'>οὐδὲ·</span> <span class='ocrx_word' id='word_1_492' title='bbox 2271 2502 2500 2566; x_wconf 86' lang='grc' dir='ltr'>τεθνεὼς</span> <span class='ocrx_word' id='word_1_493' title='bbox 2538 2501 2796 2574; x_wconf 88' lang='grc' dir='ltr'>ἐνομίσθη</span> <span class='ocrx_word' id='word_1_494' title='bbox 2819 2517 2832 2530; x_wconf 87' lang='grc'>·</span> <span class='ocrx_word' id='word_1_495' title='bbox 2870 2500 2983 2554; x_wconf 85' lang='grc' dir='ltr'>ἀλλ’</span> <span class='ocrx_word' id='word_1_496' title='bbox 3017 2501 3107 2555; x_wconf 82' lang='grc' dir='ltr'>ὅτε</span> <span class='ocrx_word' id='word_1_497' title='bbox 3142 2518 3205 2570; x_wconf 89' lang='grc' dir='ltr'><strong>γε</strong></span> <span class='ocrx_word' id='word_1_498' title='bbox 3248 2499 3464 2570; x_wconf 82' lang='grc' dir='ltr'>ἀληθῶς</span> <span class='ocrx_word' id='word_1_499' title='bbox 3495 2497 3696 2566; x_wconf 74' lang='grc' dir='ltr'>ύψοῦτο</span> 
     </span>
    </p>
   </div>
   <div class='ocr_carea' id='block_1_68' title="bbox 2115 2590 3693 2667">
    <p class='ocr_par' dir='ltr' id='par_1_68' title="bbox 2115 2590 3693 2667">
     <span class='ocr_line' id='line_1_68' title="bbox 2115 2590 3693 2667; baseline -0.007 -16"><span class='ocrx_word' id='word_1_500' title='bbox 2115 2597 2250 2667; x_wconf 71' lang='grc'><strong>(³52),</strong></span> <span class='ocrx_word' id='word_1_501' title='bbox 2279 2597 2374 2649; x_wconf 66' lang='grc' dir='ltr'><strong>καὶ</strong></span> <span class='ocrx_word' id='word_1_502' title='bbox 2393 2593 2606 2666; x_wconf 85' lang='grc' dir='ltr'>ἀληθῶς</span> <span class='ocrx_word' id='word_1_503' title='bbox 2630 2593 2932 2663; x_wconf 79' lang='grc' dir='ltr'>ἐτεθνήκει,</span> <span class='ocrx_word' id='word_1_504' title='bbox 2968 2595 3028 2646; x_wconf 90' lang='grc' dir='ltr'><strong>ἐν</strong></span> <span class='ocrx_word' id='word_1_505' title='bbox 3056 2593 3232 2664; x_wconf 83' lang='grc' dir='ltr'>χρόνῳ</span> <span class='ocrx_word' id='word_1_506' title='bbox 3266 2592 3324 2646; x_wconf 85' lang='grc' dir='ltr'>δὲ</span> <span class='ocrx_word' id='word_1_507' title='bbox 3346 2591 3435 2644; x_wconf 79' lang='grc' dir='ltr'>τὸν</span> <span class='ocrx_word' id='word_1_508' title='bbox 3465 2590 3693 2643; x_wconf 86' lang='grc' dir='ltr'>θάνατον</span> 
     </span>
    </p>
   </div>
   <div class='ocr_carea' id='block_1_69' title="bbox 2112 2682 3693 2760">
    <p class='ocr_par' dir='ltr' id='par_1_69' title="bbox 2112 2682 3693 2760">
     <span class='ocr_line' id='line_1_69' title="bbox 2112 2682 3693 2760; baseline -0.006 -17"><span class='ocrx_word' id='word_1_509' title='bbox 2112 2689 2327 2760; x_wconf 84' lang='grc' dir='ltr'>ἀληθῶς</span> <span class='ocrx_word' id='word_1_510' title='bbox 2346 2687 2685 2751; x_wconf 61' lang='grc' dir='ltr'>ὐπδέδεκτο,</span> <span class='ocrx_word' id='word_1_511' title='bbox 2716 2685 2837 2739; x_wconf 87' lang='grc' dir='ltr'>τότε</span> <span class='ocrx_word' id='word_1_512' title='bbox 2863 2682 2929 2756; x_wconf 84' lang='grc' dir='ltr'>δὴ</span> <span class='ocrx_word' id='word_1_513' title='bbox 2957 2683 3077 2738; x_wconf 82' lang='grc' dir='ltr'>τότε</span> <span class='ocrx_word' id='word_1_514' title='bbox 3098 2686 3127 2738; x_wconf 89' lang='grc' dir='ltr'><strong>ό</strong></span> <span class='ocrx_word' id='word_1_515' title='bbox 3144 2685 3253 2738; x_wconf 85' lang='grc' dir='ltr'><strong>τῶν</strong></span> <span class='ocrx_word' id='word_1_516' title='bbox 3282 2684 3534 2738; x_wconf 84' lang='grc' dir='ltr'>ἁπάντων</span> <span class='ocrx_word' id='word_1_517' title='bbox 3561 2683 3693 2746; x_wconf 78' lang='grc' dir='ltr'>ζωο-</span> 
     </span>
    </p>
   </div>
   <div class='ocr_carea' id='block_1_70' title="bbox 2112 2775 3692 2847">
    <p class='ocr_par' dir='ltr' id='par_1_70' title="bbox 2112 2775 3692 2847">
     <span class='ocr_line' id='line_1_70' title="bbox 2112 2775 3692 2847; baseline -0.006 -12"><span class='ocrx_word' id='word_1_518' title='bbox 2112 2781 2265 2845; x_wconf 81' lang='grc' dir='ltr'>ποιὸς</span> <span class='ocrx_word' id='word_1_519' title='bbox 2290 2780 2384 2834; x_wconf 79' lang='grc' dir='ltr'>τοῦ</span> <span class='ocrx_word' id='word_1_520' title='bbox 2415 2778 2552 2833; x_wconf 84' lang='grc' dir='ltr'><strong>Θεοῦ</strong></span> <span class='ocrx_word' id='word_1_521' title='bbox 2583 2778 2756 2847; x_wconf 87' lang='grc' dir='ltr'>Λόγος</span> <span class='ocrx_word' id='word_1_522' title='bbox 2787 2776 2884 2847; x_wconf 79' lang='grc' dir='ltr'><strong>τὴν</strong></span> <span class='ocrx_word' id='word_1_523' title='bbox 2910 2778 3091 2829; x_wconf 84' lang='grc' dir='ltr'>πᾶσαν</span> <span class='ocrx_word' id='word_1_524' title='bbox 3119 2775 3424 2846; x_wconf 80' lang='grc' dir='ltr'>ἀνθρώποις</span> <span class='ocrx_word' id='word_1_525' title='bbox 3465 2775 3692 2828; x_wconf 82' lang='grc' dir='ltr'>ἀποκει-</span> 
     </span>
    </p>
   </div>
   <div class='ocr_carea' id='block_1_71' title="bbox 2114 2864 3691 2945">
    <p class='ocr_par' dir='ltr' id='par_1_71' title="bbox 2114 2864 3691 2945">
     <span class='ocr_line' id='line_1_71' title="bbox 2114 2864 3691 2945; baseline -0.007 -17"><span class='ocrx_word' id='word_1_526' title='bbox 2114 2874 2285 2945; x_wconf 80' lang='grc' dir='ltr'>μένην</span> <span class='ocrx_word' id='word_1_527' title='bbox 2314 2870 2504 2926; x_wconf 81' lang='grc' dir='ltr'>ἐλπίδα</span> <span class='ocrx_word' id='word_1_528' title='bbox 2528 2870 2617 2925; x_wconf 82' lang='grc' dir='ltr'>διὰ</span> <span class='ocrx_word' id='word_1_529' title='bbox 2650 2871 2750 2941; x_wconf 81' lang='grc' dir='ltr'>τῆς</span> <span class='ocrx_word' id='word_1_530' title='bbox 2779 2868 2873 2923; x_wconf 80' lang='grc' dir='ltr'><strong>τοῦ</strong></span> <span class='ocrx_word' id='word_1_531' title='bbox 2902 2868 3022 2921; x_wconf 86' lang='grc' dir='ltr'>τότε</span> <span class='ocrx_word' id='word_1_532' title='bbox 3049 2867 3243 2940; x_wconf 78' lang='grc' dir='ltr'>θνητοῦ</span> <span class='ocrx_word' id='word_1_533' title='bbox 3272 2864 3691 2936; x_wconf 80' lang='grc' dir='ltr'>παλιγγενεσίας</span> 
     </span>
    </p>
   </div>
   <div class='ocr_carea' id='block_1_72' title="bbox 2111 2959 3691 3036">
    <p class='ocr_par' dir='ltr' id='par_1_72' title="bbox 2111 2959 3691 3036">
     <span class='ocr_line' id='line_1_72' title="bbox 2111 2959 3691 3036; baseline -0.004 -17"><span class='ocrx_word' id='word_1_534' title='bbox 2111 2965 2471 3019; x_wconf 83' lang='grc' dir='ltr'>ἐπεδείκνυτο.</span> <span class='ocrx_word' id='word_1_535' title='bbox 2508 2963 2641 3036; x_wconf 84' lang='lat' dir='ltr'><strong>[Kal</strong></span> <span class='ocrx_word' id='word_1_536' title='bbox 2672 2962 2781 3033; x_wconf 79' lang='lat'><strong>(&#39;53)</strong></span> <span class='ocrx_word' id='word_1_537' title='bbox 2814 2960 2908 3015; x_wconf 81' lang='grc' dir='ltr'>τοῦ</span> <span class='ocrx_word' id='word_1_538' title='bbox 2936 2959 3186 3031; x_wconf 81' lang='grc' dir='ltr'>σώματος</span> <span class='ocrx_word' id='word_1_539' title='bbox 3205 2960 3368 3014; x_wconf 77' lang='grc' dir='ltr'>αὐτοῦ</span> <span class='ocrx_word' id='word_1_540' title='bbox 3399 2959 3691 3031; x_wconf 80' lang='grc' dir='ltr'>ληφθέντος</span> 
     </span>
    </p>
   </div>
   <div class='ocr_carea' id='block_1_73' title="bbox 2111 3051 3685 3128">
    <p class='ocr_par' dir='ltr' id='par_1_73' title="bbox 2111 3051 3685 3128">
     <span class='ocr_line' id='line_1_73' title="bbox 2111 3051 3685 3128; baseline -0.004 -19"><span class='ocrx_word' id='word_1_541' title='bbox 2111 3056 2247 3128; x_wconf 78' lang='grc' dir='ltr'>πρὸς</span> <span class='ocrx_word' id='word_1_542' title='bbox 2277 3054 2385 3109; x_wconf 84' lang='grc' dir='ltr'>τῶν</span> <span class='ocrx_word' id='word_1_543' title='bbox 2417 3053 2708 3125; x_wconf 79' lang='grc' dir='ltr'>γνωρίμων</span> <span class='ocrx_word' id='word_1_544' title='bbox 2742 3054 2837 3105; x_wconf 79' lang='grc' dir='ltr'><strong>καὶ</strong></span> <span class='ocrx_word' id='word_1_545' title='bbox 2870 3055 2936 3124; x_wconf 84' lang='grc' dir='ltr'>τῇ</span> <span class='ocrx_word' id='word_1_546' title='bbox 2970 3054 3323 3126; x_wconf 79' lang='grc' dir='ltr'>προσηκούσῃ</span> <span class='ocrx_word' id='word_1_547' title='bbox 3359 3051 3685 3124; x_wconf 85' lang='grc' dir='ltr'>παραδοθέν-</span> 
     </span>
    </p>
   </div>
   <div class='ocr_carea' id='block_1_74' title="bbox 2109 3136 3685 3219">
    <p class='ocr_par' dir='ltr' id='par_1_74' title="bbox 2109 3136 3685 3219">
     <span class='ocr_line' id='line_1_74' title="bbox 2109 3136 3685 3219; baseline -0.001 -18"><span class='ocrx_word' id='word_1_548' title='bbox 2109 3165 2201 3212; x_wconf 85' lang='grc' dir='ltr'><strong>τος</strong></span> <span class='ocrx_word' id='word_1_549' title='bbox 2236 3148 2402 3219; x_wconf 83' lang='grc' dir='ltr'>ταφῇ,</span> <span class='ocrx_word' id='word_1_550' title='bbox 2437 3147 2676 3218; x_wconf 78' lang='grc' dir='ltr'>τριταῖος</span> <span class='ocrx_word' id='word_1_551' title='bbox 2715 3136 2872 3206; x_wconf 81' lang='grc' dir='ltr'>αὖθις</span> <span class='ocrx_word' id='word_1_552' title='bbox 2908 3143 3259 3215; x_wconf 84' lang='grc' dir='ltr'>ἀπελάμϐανε</span> <span class='ocrx_word' id='word_1_553' title='bbox 3300 3145 3458 3199; x_wconf 80' lang='grc' dir='ltr'>τοῦτο</span> <span class='ocrx_word' id='word_1_554' title='bbox 3505 3144 3685 3208; x_wconf 74' lang='grc' dir='ltr'>αὐτός.</span> 
     </span>
    </p>
   </div>
   <div class='ocr_carea' id='block_1_75' title="bbox 2108 3234 3685 3308">
    <p class='ocr_par' dir='ltr' id='par_1_75' title="bbox 2108 3234 3685 3308">
     <span class='ocr_line' id='line_1_75' title="bbox 2108 3234 3685 3308; baseline -0.006 -11"><span class='ocrx_word' id='word_1_555' title='bbox 2108 3242 2222 3298; x_wconf 83' lang='lat' dir='ltr'><strong>Kal</strong></span> <span class='ocrx_word' id='word_1_556' title='bbox 2244 3239 2404 3294; x_wconf 84' lang='grc' dir='ltr'>πάλιν</span> <span class='ocrx_word' id='word_1_557' title='bbox 2437 3238 2599 3301; x_wconf 82' lang='grc' dir='ltr'>αὐτὸς</span> <span class='ocrx_word' id='word_1_558' title='bbox 2629 3236 2818 3290; x_wconf 79' lang='grc' dir='ltr'>ἑαυτὸν</span> <span class='ocrx_word' id='word_1_559' title='bbox 2852 3236 3134 3307; x_wconf 78' lang='grc' dir='ltr'>ἐνσαρκον,</span> <span class='ocrx_word' id='word_1_560' title='bbox 3180 3236 3423 3308; x_wconf 77' lang='grc' dir='ltr'>ένσωμον</span> <span class='ocrx_word' id='word_1_561' title='bbox 3451 3234 3617 3290; x_wconf 76' lang='grc' dir='ltr'>αὐτὸν</span> <span class='ocrx_word' id='word_1_562' title='bbox 3641 3237 3685 3288; x_wconf 82' lang='grc' dir='ltr'>ἐ-</span> 
     </span>
    </p>
   </div>
   <div class='ocr_carea' id='block_1_76' title="bbox 2111 3321 3688 3400">
    <p class='ocr_par' dir='ltr' id='par_1_76' title="bbox 2111 3321 3688 3400">
     <span class='ocr_line' id='line_1_76' title="bbox 2111 3321 3688 3400; baseline -0.004 -12"><span class='ocrx_word' id='word_1_563' title='bbox 2111 3337 2306 3397; x_wconf 74' lang='grc' dir='ltr'>κεῖνον,</span> <span class='ocrx_word' id='word_1_564' title='bbox 2331 3326 2440 3395; x_wconf 80' lang='grc' dir='ltr'>οἷος</span> <span class='ocrx_word' id='word_1_565' title='bbox 2468 3331 2562 3384; x_wconf 75' lang='grc' dir='ltr'><strong>καὶ</strong></span> <span class='ocrx_word' id='word_1_566' title='bbox 2593 3329 2654 3383; x_wconf 83' lang='grc' dir='ltr'>τὸ</span> <span class='ocrx_word' id='word_1_567' title='bbox 2680 3328 2897 3399; x_wconf 85' lang='grc' dir='ltr'>πρῶτον</span> <span class='ocrx_word' id='word_1_568' title='bbox 2921 3324 3010 3400; x_wconf 80' lang='grc' dir='ltr'>ἦν,</span> <span class='ocrx_word' id='word_1_569' title='bbox 3042 3332 3152 3393; x_wconf 85' lang='grc' dir='ltr'>τοῖς</span> <span class='ocrx_word' id='word_1_570' title='bbox 3177 3330 3397 3393; x_wconf 77' lang='grc' dir='ltr'>οἰκείοις</span> <span class='ocrx_word' id='word_1_571' title='bbox 3426 3321 3688 3400; x_wconf 79' lang='grc' dir='ltr'>μαθηταῖς</span> 
     </span>
    </p>
   </div>
   <div class='ocr_carea' id='block_1_77' title="bbox 2109 3419 3687 3493">
    <p class='ocr_par' dir='ltr' id='par_1_77' title="bbox 2109 3419 3687 3493">
     <span class='ocr_line' id='line_1_77' title="bbox 2109 3419 3687 3493; baseline -0.011 -11"><span class='ocrx_word' id='word_1_572' title='bbox 2109 3429 2380 3482; x_wconf 84' lang='grc' dir='ltr'>δείκνυσιν</span> <span class='ocrx_word' id='word_1_573' title='bbox 2399 3441 2413 3454; x_wconf 79' lang='grc'><em>’</em></span> <span class='ocrx_word' id='word_1_574' title='bbox 2445 3419 2525 3487; x_wconf 71' lang='grc' dir='ltr'>οἷς</span> <span class='ocrx_word' id='word_1_575' title='bbox 2552 3423 2646 3477; x_wconf 74' lang='grc' dir='ltr'><strong>καὶ</strong></span> <span class='ocrx_word' id='word_1_576' title='bbox 2668 3424 2761 3475; x_wconf 75' lang='grc' dir='ltr'><strong>ἐπὶ</strong></span> <span class='ocrx_word' id='word_1_577' title='bbox 2791 3422 2961 3493; x_wconf 74' lang='grc' dir='ltr'>βραχὺ</span> <span class='ocrx_word' id='word_1_578' title='bbox 2991 3421 3274 3493; x_wconf 84' lang='grc' dir='ltr'>ὁμιλήσας,</span> <span class='ocrx_word' id='word_1_579' title='bbox 3299 3422 3393 3475; x_wconf 91' lang='grc' dir='ltr'><strong>καί</strong></span> <span class='ocrx_word' id='word_1_580' title='bbox 3419 3438 3539 3475; x_wconf 82' lang='grc' dir='ltr'>τινα</span> <span class='ocrx_word' id='word_1_581' title='bbox 3564 3426 3687 3473; x_wconf 84' lang='grc' dir='ltr'>συν-</span> 
     </span>
    </p>
   </div>
   <div class='ocr_carea' id='block_1_78' title="bbox 2106 3511 3690 3592">
    <p class='ocr_par' dir='ltr' id='par_1_78' title="bbox 2106 3511 3690 3592">
     <span class='ocr_line' id='line_1_78' title="bbox 2106 3511 3690 3592; baseline -0.007 -18"><span class='ocrx_word' id='word_1_582' title='bbox 2106 3516 2834 3592; x_wconf 81' lang='grc' dir='ltr'>διατρίψαςχρόνον,άνεισιν</span> <span class='ocrx_word' id='word_1_583' title='bbox 2861 3513 2982 3567; x_wconf 84' lang='grc' dir='ltr'>ὅθεν</span> <span class='ocrx_word' id='word_1_584' title='bbox 3012 3514 3104 3567; x_wconf 78' lang='grc' dir='ltr'><strong>καὶ</strong></span> <span class='ocrx_word' id='word_1_585' title='bbox 3130 3513 3334 3584; x_wconf 81' lang='grc' dir='ltr'>παρῆν,</span> <span class='ocrx_word' id='word_1_586' title='bbox 3367 3514 3459 3566; x_wconf 83' lang='grc' dir='ltr'><strong>ὑπ’</strong></span> <span class='ocrx_word' id='word_1_587' title='bbox 3491 3511 3690 3582; x_wconf 76' lang='grc' dir='ltr'>ὀφθαλ-</span> 
     </span>
    </p>
   </div>
   <div class='ocr_carea' id='block_1_79' title="bbox 2112 3604 3688 3685">
    <p class='ocr_par' dir='ltr' id='par_1_79' title="bbox 2112 3604 3688 3685">
     <span class='ocr_line' id='line_1_79' title="bbox 2112 3604 3688 3685; baseline -0.007 -19"><span class='ocrx_word' id='word_1_588' title='bbox 2112 3614 2247 3685; x_wconf 76' lang='grc' dir='ltr'>μοὺς</span> <span class='ocrx_word' id='word_1_589' title='bbox 2274 3610 2451 3665; x_wconf 79' lang='grc' dir='ltr'>αὐτῶν</span> <span class='ocrx_word' id='word_1_590' title='bbox 2485 3608 2582 3680; x_wconf 80' lang='grc' dir='ltr'>τὴν</span> <span class='ocrx_word' id='word_1_591' title='bbox 2622 3610 2702 3671; x_wconf 82' lang='grc' dir='ltr'><strong>είς</strong></span> <span class='ocrx_word' id='word_1_592' title='bbox 2725 3607 2987 3678; x_wconf 82' lang='grc' dir='ltr'>οὐρανοὺς</span> <span class='ocrx_word' id='word_1_593' title='bbox 3035 3606 3260 3677; x_wconf 86' lang='grc' dir='ltr'>πορείαν</span> <span class='ocrx_word' id='word_1_594' title='bbox 3296 3604 3688 3675; x_wconf 63' lang='grc' dir='ltr'>στειλάμενος]</span> 
     </span>
    </p>
   </div>
   <div class='ocr_carea' id='block_1_80' title="bbox 2108 3694 3687 3776">
    <p class='ocr_par' dir='ltr' id='par_1_80' title="bbox 2108 3694 3687 3776">
     <span class='ocr_line' id='line_1_80' title="bbox 2108 3694 3687 3776; baseline -0.008 -16"><span class='ocrx_word' id='word_1_595' title='bbox 2108 3705 2222 3776; x_wconf 69' lang='grc'><strong>(34)</strong></span> <span class='ocrx_word' id='word_1_596' title='bbox 2254 3704 2320 3757; x_wconf 86' lang='grc' dir='ltr'><strong>Τί</strong></span> <span class='ocrx_word' id='word_1_597' title='bbox 2353 3699 2447 3757; x_wconf 78' lang='grc' dir='ltr'><strong>οὖν</strong></span> <span class='ocrx_word' id='word_1_598' title='bbox 2471 3701 2563 3755; x_wconf 76' lang='grc' dir='ltr'><strong>ἐπὶ</strong></span> <span class='ocrx_word' id='word_1_599' title='bbox 2604 3700 2813 3762; x_wconf 81' lang='grc' dir='ltr'>τούτοις</span> <span class='ocrx_word' id='word_1_600' title='bbox 2840 3698 3081 3766; x_wconf 89' lang='grc' dir='ltr'>γίνεται;</span> <span class='ocrx_word' id='word_1_601' title='bbox 3109 3695 3304 3750; x_wconf 82' lang='grc' dir='ltr'>υύκέτι</span> <span class='ocrx_word' id='word_1_602' title='bbox 3333 3694 3442 3764; x_wconf 82' lang='grc' dir='ltr'>ἐγώ</span> <span class='ocrx_word' id='word_1_603' title='bbox 3473 3713 3554 3748; x_wconf 80' lang='grc' dir='ltr'><strong>σοι</strong></span> <span class='ocrx_word' id='word_1_604' title='bbox 3594 3712 3687 3755; x_wconf 87' lang='grc' dir='ltr'>γε-</span> 
     </span>
    </p>
   </div>
   <div class='ocr_carea' id='block_1_81' title="bbox 2106 3785 3687 3869">
    <p class='ocr_par' dir='ltr' id='par_1_81' title="bbox 2106 3785 3687 3869">
     <span class='ocr_line' id='line_1_81' title="bbox 2106 3785 3687 3869; baseline -0.009 -16"><span class='ocrx_word' id='word_1_605' title='bbox 2106 3798 2299 3869; x_wconf 89' lang='grc' dir='ltr'>νοίμην</span> <span class='ocrx_word' id='word_1_606' title='bbox 2332 3794 2398 3851; x_wconf 85' lang='grc' dir='ltr'><strong>ἂν</strong></span> <span class='ocrx_word' id='word_1_607' title='bbox 2425 3794 2532 3849; x_wconf 85' lang='grc' dir='ltr'>τῶν</span> <span class='ocrx_word' id='word_1_608' title='bbox 2566 3791 2969 3864; x_wconf 83' lang='grc' dir='ltr'>πεπραγμένων</span> <span class='ocrx_word' id='word_1_609' title='bbox 3011 3788 3328 3851; x_wconf 81' lang='grc' dir='ltr'>διδάσκαλος</span> <span class='ocrx_word' id='word_1_610' title='bbox 3349 3805 3364 3818; x_wconf 77' lang='grc'><strong><em>⁸</em></strong></span> <span class='ocrx_word' id='word_1_611' title='bbox 3394 3789 3445 3841; x_wconf 80' lang='grc' dir='ltr'>οἱ</span> <span class='ocrx_word' id='word_1_612' title='bbox 3479 3785 3687 3840; x_wconf 82' lang='grc' dir='ltr'>δὲ’τού-</span> 
     </span>
    </p>
   </div>
   <div class='ocr_carea' id='block_1_82' title="bbox 2080 3880 3686 3953">
    <p class='ocr_par' dir='ltr' id='par_1_82' title="bbox 2080 3880 3686 3953">
     <span class='ocr_line' id='line_1_82' title="bbox 2080 3880 3686 3953; baseline -0.007 -11"><span class='ocrx_word' id='word_1_613' title='bbox 2080 3894 2213 3941; x_wconf 86' lang='grc' dir='ltr'>’των</span> <span class='ocrx_word' id='word_1_614' title='bbox 2245 3887 2477 3941; x_wconf 76' lang='grc' dir='ltr'>ἐπόπται</span> <span class='ocrx_word' id='word_1_615' title='bbox 2508 3880 2615 3938; x_wconf 83' lang='grc' dir='ltr'>εἷεν</span> <span class='ocrx_word' id='word_1_616' title='bbox 2650 3884 2717 3937; x_wconf 82' lang='grc' dir='ltr'><strong>ἂν</strong></span> <span class='ocrx_word' id='word_1_617' title='bbox 2748 3883 2964 3936; x_wconf 81' lang='grc' dir='ltr'>πάντων</span> <span class='ocrx_word' id='word_1_618' title='bbox 2987 3880 3258 3953; x_wconf 79' lang='grc' dir='ltr'>ἀξιόχρεοι</span> <span class='ocrx_word' id='word_1_619' title='bbox 3298 3881 3599 3952; x_wconf 77' lang='grc' dir='ltr'>μάρτυρες.</span> <span class='ocrx_word' id='word_1_620' title='bbox 3636 3880 3686 3931; x_wconf 80' lang='grc' dir='ltr'><strong>σί</strong></span> 
     </span>
    </p>
   </div>
   <div class='ocr_carea' id='block_1_83' title="bbox 2104 3971 3685 4049">
    <p class='ocr_par' dir='ltr' id='par_1_83' title="bbox 2104 3971 3685 4049">
     <span class='ocr_line' id='line_1_83' title="bbox 2104 3971 3685 4049; baseline -0.008 -18"><span class='ocrx_word' id='word_1_621' title='bbox 2104 3979 2169 4033; x_wconf 87' lang='grc' dir='ltr'>δι’</span> <span class='ocrx_word' id='word_1_622' title='bbox 2193 3979 2421 4049; x_wconf 84' lang='grc' dir='ltr'>αἵματος</span> <span class='ocrx_word' id='word_1_623' title='bbox 2449 3975 2542 4031; x_wconf 70' lang='grc' dir='ltr'><strong>καὶ</strong></span> <span class='ocrx_word' id='word_1_624' title='bbox 2565 3976 2744 4047; x_wconf 80' lang='grc' dir='ltr'>ψυχῆς</span> <span class='ocrx_word' id='word_1_625' title='bbox 2779 3977 2845 4046; x_wconf 80' lang='grc' dir='ltr'>τῇ</span> <span class='ocrx_word' id='word_1_626' title='bbox 2874 3974 2971 4045; x_wconf 72' lang='grc' dir='ltr'>θέᾳ</span> <span class='ocrx_word' id='word_1_627' title='bbox 3006 3975 3115 4027; x_wconf 77' lang='grc' dir='ltr'><strong>τῶν</strong></span> <span class='ocrx_word' id='word_1_628' title='bbox 3144 3972 3547 4044; x_wconf 80' lang='grc' dir='ltr'>πεπραγμένων</span> <span class='ocrx_word' id='word_1_629' title='bbox 3587 3971 3685 4041; x_wconf 80' lang='grc' dir='ltr'>τὴν</span> 
     </span>
    </p>
   </div>
   <div class='ocr_carea' id='block_1_84' title="bbox 2105 4064 3681 4143">
    <p class='ocr_par' dir='ltr' id='par_1_84' title="bbox 2105 4064 3681 4143">
     <span class='ocr_line' id='line_1_84' title="bbox 2105 4064 3681 4143; baseline -0.006 -19"><span class='ocrx_word' id='word_1_630' title='bbox 2105 4070 2366 4143; x_wconf 82' lang='grc' dir='ltr'>ἀλήθειαν</span> <span class='ocrx_word' id='word_1_631' title='bbox 2396 4070 2815 4139; x_wconf 84' lang='grc' dir='ltr'>πιστωσάμενοι,</span> <span class='ocrx_word' id='word_1_632' title='bbox 2861 4067 2956 4119; x_wconf 71' lang='grc' dir='ltr'><strong>καὶ</strong></span> <span class='ocrx_word' id='word_1_633' title='bbox 2982 4066 3082 4136; x_wconf 80' lang='grc' dir='ltr'><strong>τὴν</strong></span> <span class='ocrx_word' id='word_1_634' title='bbox 3112 4064 3403 4135; x_wconf 83' lang='grc' dir='ltr'>σύμπασαν</span> <span class='ocrx_word' id='word_1_635' title='bbox 3429 4064 3681 4135; x_wconf 81' lang='grc' dir='ltr'>οἰκουμέ-</span> 
     </span>
    </p>
   </div>
   <div class='ocr_carea' id='block_1_85' title="bbox 2106 4155 3678 4235">
    <p class='ocr_par' dir='ltr' id='par_1_85' title="bbox 2106 4155 3678 4235">
     <span class='ocr_line' id='line_1_85' title="bbox 2106 4155 3678 4235; baseline -0.006 -18"><span class='ocrx_word' id='word_1_636' title='bbox 2106 4180 2203 4234; x_wconf 90' lang='grc' dir='ltr'><strong>νην</strong></span> <span class='ocrx_word' id='word_1_637' title='bbox 2236 4164 2333 4234; x_wconf 83' lang='grc' dir='ltr'>τῆς</span> <span class='ocrx_word' id='word_1_638' title='bbox 2365 4163 2501 4235; x_wconf 82' lang='grc' dir='ltr'>πρὸς</span> <span class='ocrx_word' id='word_1_639' title='bbox 2534 4161 2712 4216; x_wconf 73' lang='grc' dir='ltr'>αὐτῶν</span> <span class='ocrx_word' id='word_1_640' title='bbox 2741 4157 3190 4231; x_wconf 84' lang='grc' dir='ltr'>κατηγγελμένης</span> <span class='ocrx_word' id='word_1_641' title='bbox 3232 4155 3541 4219; x_wconf 88' lang='grc' dir='ltr'>θεοσεϐείας</span> <span class='ocrx_word' id='word_1_642' title='bbox 3581 4169 3678 4207; x_wconf 89' lang='grc' dir='ltr'>κα-</span> 
     </span>
    </p>
   </div>
   <div class='ocr_carea' id='block_1_86' title="bbox 2104 4248 3673 4326">
    <p class='ocr_par' dir='ltr' id='par_1_86' title="bbox 2104 4248 3673 4326">
     <span class='ocr_line' id='line_1_86' title="bbox 2104 4248 3673 4326; baseline -0.007 -17"><span class='ocrx_word' id='word_1_643' title='bbox 2104 4256 2499 4326; x_wconf 88' lang='grc' dir='ltr'>ταπλήσαντες.</span> <span class='ocrx_word' id='word_1_644' title='bbox 2535 4253 2597 4309; x_wconf 81' lang='grc' dir='ltr'><strong>Οἳ</strong></span> <span class='ocrx_word' id='word_1_645' title='bbox 2623 4253 2679 4307; x_wconf 83' lang='grc' dir='ltr'>δὲ</span> <span class='ocrx_word' id='word_1_646' title='bbox 2701 4253 2831 4322; x_wconf 83' lang='grc' dir='ltr'>γοῦν</span> <span class='ocrx_word' id='word_1_647' title='bbox 2856 4253 2954 4324; x_wconf 79' lang='grc' dir='ltr'>τὴν</span> <span class='ocrx_word' id='word_1_648' title='bbox 2976 4251 3159 4313; x_wconf 81' lang='grc' dir='ltr'>αὐτοῖς</span> <span class='ocrx_word' id='word_1_649' title='bbox 3187 4248 3482 4319; x_wconf 81' lang='grc' dir='ltr'>ὀφθαλμοῖς</span> <span class='ocrx_word' id='word_1_650' title='bbox 3509 4262 3673 4299; x_wconf 86' lang='grc' dir='ltr'>κατα-</span> 
     </span>
    </p>
   </div>
   <div class='ocr_carea' id='block_1_87' title="bbox 2104 4338 3674 4420">
    <p class='ocr_par' dir='ltr' id='par_1_87' title="bbox 2104 4338 3674 4420">
     <span class='ocr_line' id='line_1_87' title="bbox 2104 4338 3674 4420; baseline -0.008 -19"><span class='ocrx_word' id='word_1_651' title='bbox 2104 4348 2399 4420; x_wconf 81' lang='grc' dir='ltr'>ληφθεῖσαν</span> <span class='ocrx_word' id='word_1_652' title='bbox 2456 4346 2871 4418; x_wconf 87' lang='grc' dir='ltr'>παλιγγενεσίαν</span> <span class='ocrx_word' id='word_1_653' title='bbox 2923 4346 3043 4406; x_wconf 85' lang='grc' dir='ltr'>ταῖς</span> <span class='ocrx_word' id='word_1_654' title='bbox 3100 4340 3307 4396; x_wconf 76' lang='grc' dir='ltr'>ἑαυτῶν</span> <span class='ocrx_word' id='word_1_655' title='bbox 3360 4338 3674 4411; x_wconf 85' lang='grc' dir='ltr'>παρέδωκαν</span> 
     </span>
    </p>
   </div>
   <div class='ocr_carea' id='block_1_88' title="bbox 2109 4431 3677 4515">
    <p class='ocr_par' dir='ltr' id='par_1_88' title="bbox 2109 4431 3677 4515">
     <span class='ocr_line' id='line_1_88' title="bbox 2109 4431 3677 4515; baseline -0.01 -18"><span class='ocrx_word' id='word_1_656' title='bbox 2109 4442 2434 4515; x_wconf 85' lang='grc' dir='ltr'>μαρτυρίαις</span> <span class='ocrx_word' id='word_1_657' title='bbox 2456 4458 2469 4471; x_wconf 70' lang='grc' dir='ltr'><strong>ο</strong></span> <span class='ocrx_word' id='word_1_658' title='bbox 2498 4441 2598 4495; x_wconf 82' lang='grc' dir='ltr'><strong>οὐκ</strong></span> <span class='ocrx_word' id='word_1_659' title='bbox 2636 4434 2703 4511; x_wconf 80' lang='grc' dir='ltr'>ἦν</span> <span class='ocrx_word' id='word_1_660' title='bbox 2733 4437 2842 4509; x_wconf 82' lang='grc' dir='ltr'>γὰρ</span> <span class='ocrx_word' id='word_1_661' title='bbox 2869 4438 3047 4500; x_wconf 82' lang='grc' dir='ltr'>αὐτοῖς</span> <span class='ocrx_word' id='word_1_662' title='bbox 3085 4435 3213 4506; x_wconf 83' lang='grc' dir='ltr'>ἄχρι</span> <span class='ocrx_word' id='word_1_663' title='bbox 3242 4432 3396 4501; x_wconf 89' lang='grc' dir='ltr'>λόγου</span> <span class='ocrx_word' id='word_1_664' title='bbox 3434 4431 3528 4485; x_wconf 71' lang='grc' dir='ltr'><strong>καὶ</strong></span> <span class='ocrx_word' id='word_1_665' title='bbox 3563 4448 3677 4499; x_wconf 80' lang='grc' dir='ltr'><strong>φω-</strong></span> 
     </span>
    </p>
   </div>
   <div class='ocr_carea' id='block_1_89' title="bbox 435 4522 2007 4607">
    <p class='ocr_par' dir='ltr' id='par_1_89' title="bbox 435 4529 1997 4600">
     <span class='ocr_line' id='line_1_89' title="bbox 435 4529 1997 4600; baseline -0.003 -13"><span class='ocrx_word' id='word_1_666' title='bbox 435 4543 593 4587; x_wconf 87' lang='lat' dir='ltr'><strong>tenus</strong></span> <span class='ocrx_word' id='word_1_667' title='bbox 618 4531 761 4586; x_wconf 84' lang='lat' dir='ltr'><strong>facta</strong></span> <span class='ocrx_word' id='word_1_668' title='bbox 789 4531 877 4586; x_wconf 89' lang='lat' dir='ltr'><strong>illa</strong></span> <span class='ocrx_word' id='word_1_669' title='bbox 912 4537 1299 4600; x_wconf 85' lang='lat' dir='ltr'><strong>cognoverant,</strong></span> <span class='ocrx_word' id='word_1_670' title='bbox 1342 4542 1570 4599; x_wconf 87' lang='lat' dir='ltr'><strong>quorum</strong></span> <span class='ocrx_word' id='word_1_671' title='bbox 1613 4537 1778 4583; x_wconf 90' lang='lat' dir='ltr'><strong>testes</strong></span> <span class='ocrx_word' id='word_1_672' title='bbox 1828 4529 1997 4584; x_wconf 80' lang='lat' dir='ltr'><strong>exsti-</strong></span> 
     </span>
    </p>
   </div>
   <div class='ocr_carea' id='block_1_90' title="bbox 2110 4522 3679 4607">
    <p class='ocr_par' dir='ltr' id='par_1_90' title="bbox 2110 4522 3679 4607">
     <span class='ocr_line' id='line_1_90' title="bbox 2110 4522 3679 4607; baseline -0.01 -18"><span class='ocrx_word' id='word_1_673' title='bbox 2110 4537 2200 4607; x_wconf 82' lang='grc' dir='ltr'>ν’ἡς</span> <span class='ocrx_word' id='word_1_674' title='bbox 2228 4536 2534 4606; x_wconf 84' lang='grc' dir='ltr'>ἀκουόμενα</span> <span class='ocrx_word' id='word_1_675' title='bbox 2574 4533 2645 4587; x_wconf 78' lang='grc' dir='ltr'>τὰ</span> <span class='ocrx_word' id='word_1_676' title='bbox 2675 4531 3040 4604; x_wconf 86' lang='grc' dir='ltr'>πραττόμενα,</span> <span class='ocrx_word' id='word_1_677' title='bbox 3085 4528 3198 4582; x_wconf 82' lang='grc' dir='ltr'>ἀλλ’</span> <span class='ocrx_word' id='word_1_678' title='bbox 3231 4526 3329 4597; x_wconf 68' lang='grc' dir='ltr'>ἤδη</span> <span class='ocrx_word' id='word_1_679' title='bbox 3373 4524 3468 4578; x_wconf 72' lang='grc' dir='ltr'>καὶ</span> <span class='ocrx_word' id='word_1_680' title='bbox 3496 4522 3679 4595; x_wconf 81' lang='grc' dir='ltr'>ἔργοις</span> 
     </span>
    </p>
   </div>
   <div class='ocr_carea' id='block_1_91' title="bbox 438 4618 2000 4689">
    <p class='ocr_par' dir='ltr' id='par_1_91' title="bbox 438 4618 2000 4689">
     <span class='ocr_line' id='line_1_91' title="bbox 438 4618 2000 4689; baseline -0.003 -13"><span class='ocrx_word' id='word_1_681' title='bbox 438 4632 637 4689; x_wconf 86' lang='lat' dir='ltr'><strong>terunt,</strong></span> <span class='ocrx_word' id='word_1_682' title='bbox 665 4625 757 4680; x_wconf 90' lang='lat' dir='ltr'><strong>sed</strong></span> <span class='ocrx_word' id='word_1_683' title='bbox 792 4638 975 4678; x_wconf 87' lang='lat' dir='ltr'><strong>coram</strong></span> <span class='ocrx_word' id='word_1_684' title='bbox 1001 4622 1127 4677; x_wconf 92' lang='lat' dir='ltr'><strong>dum</strong></span> <span class='ocrx_word' id='word_1_685' title='bbox 1163 4621 1356 4676; x_wconf 82' lang='lat' dir='ltr'><strong>tierent</strong></span> <span class='ocrx_word' id='word_1_686' title='bbox 1388 4618 1736 4688; x_wconf 88' lang='lat' dir='ltr'><strong>contemplati</strong></span> <span class='ocrx_word' id='word_1_687' title='bbox 1766 4618 2000 4684; x_wconf 79' lang='lat' dir='ltr'><strong>fuerant,</strong></span> 
     </span>
    </p>
   </div>
   <div class='ocr_carea' id='block_1_92' title="bbox 434 4708 2000 4784">
    <p class='ocr_par' dir='ltr' id='par_1_92' title="bbox 434 4708 2000 4784">
     <span class='ocr_line' id='line_1_92' title="bbox 434 4708 2000 4784; baseline -0.005 -14"><span class='ocrx_word' id='word_1_688' title='bbox 434 4730 706 4784; x_wconf 86' lang='lat' dir='ltr'><strong>manuque</strong></span> <span class='ocrx_word' id='word_1_689' title='bbox 744 4716 878 4769; x_wconf 88' lang='lat' dir='ltr'><strong>adeo</strong></span> <span class='ocrx_word' id='word_1_690' title='bbox 910 4713 1214 4782; x_wconf 81' lang='lat' dir='ltr'><strong>tetigeraut.</strong></span> <span class='ocrx_word' id='word_1_691' title='bbox 1263 4711 1445 4779; x_wconf 87' lang='lat' dir='ltr'><strong>Quare</strong></span> <span class='ocrx_word' id='word_1_692' title='bbox 1494 4719 1551 4765; x_wconf 93' lang='lat' dir='ltr'><strong>et</strong></span> <span class='ocrx_word' id='word_1_693' title='bbox 1611 4708 1784 4764; x_wconf 89' lang='lat' dir='ltr'><strong>oculis</strong></span> <span class='ocrx_word' id='word_1_694' title='bbox 1824 4718 1879 4763; x_wconf 90' lang='lat' dir='ltr'><strong>et</strong></span> <span class='ocrx_word' id='word_1_695' title='bbox 1923 4708 2000 4764; x_wconf 92' lang='lat' dir='ltr'><strong>rei</strong></span> 
     </span>
    </p>
   </div>
   <div class='ocr_carea' id='block_1_93' title="bbox 434 4799 2001 4869">
    <p class='ocr_par' dir='ltr' id='par_1_93' title="bbox 434 4799 2001 4869">
     <span class='ocr_line' id='line_1_93' title="bbox 434 4799 2001 4869; baseline -0.002 -12"><span class='ocrx_word' id='word_1_696' title='bbox 434 4805 669 4860; x_wconf 86' lang='lat' dir='ltr'><strong>veritate</strong></span> <span class='ocrx_word' id='word_1_697' title='bbox 734 4803 1061 4861; x_wconf 80' lang='lat' dir='ltr'><strong>evidentiam</strong></span> <span class='ocrx_word' id='word_1_698' title='bbox 1123 4802 1441 4867; x_wconf 86' lang='lat' dir='ltr'><strong>consecuti,</strong></span> <span class='ocrx_word' id='word_1_699' title='bbox 1513 4800 1863 4869; x_wconf 63' lang='lat' dir='ltr'><strong>victoriaeque</strong></span> <span class='ocrx_word' id='word_1_700' title='bbox 1930 4799 2001 4854; x_wconf 86' lang='lat' dir='ltr'><strong>de</strong></span> 
     </span>
    </p>
   </div>
   <div class='ocr_carea' id='block_1_94' title="bbox 436 4876 1999 4962">
    <p class='ocr_par' dir='ltr' id='par_1_94' title="bbox 436 4876 1999 4962">
     <span class='ocr_line' id='line_1_94' title="bbox 436 4876 1999 4962; baseline -0.004 -14"><span class='ocrx_word' id='word_1_701' title='bbox 436 4905 609 4948; x_wconf 87' lang='lat' dir='ltr'><strong>morte</strong></span> <span class='ocrx_word' id='word_1_702' title='bbox 659 4895 841 4949; x_wconf 66' lang='lat' dir='ltr'><strong>relata:</strong></span> <span class='ocrx_word' id='word_1_703' title='bbox 899 4892 1114 4962; x_wconf 73' lang='lat' dir='ltr'><strong>tropaeis</strong></span> <span class='ocrx_word' id='word_1_704' title='bbox 1173 4892 1339 4958; x_wconf 89' lang='lat' dir='ltr'><strong>visis,</strong></span> <span class='ocrx_word' id='word_1_705' title='bbox 1388 4876 1584 4946; x_wconf 84' lang='lat' dir='ltr'><strong>merito</strong></span> <span class='ocrx_word' id='word_1_706' title='bbox 1632 4898 1999 4959; x_wconf 90' lang='lat' dir='ltr'><strong>contemptum</strong></span> 
     </span>
    </p>
   </div>
   <div class='ocr_carea' id='block_1_95' title="bbox 435 4970 1998 5052">
    <p class='ocr_par' dir='ltr' id='par_1_95' title="bbox 435 4970 1998 5052">
     <span class='ocr_line' id='line_1_95' title="bbox 435 4970 1998 5052; baseline -0.004 -12"><span class='ocrx_word' id='word_1_707' title='bbox 435 4986 625 5040; x_wconf 81' lang='lat' dir='ltr'><strong>mortis</strong></span> <span class='ocrx_word' id='word_1_708' title='bbox 655 4984 1067 5040; x_wconf 88' lang='lat' dir='ltr'><strong>condidicerunt</strong></span> <span class='ocrx_word' id='word_1_709' title='bbox 1099 5002 1113 5037; x_wconf 91' lang='lat'><strong>:</strong></span> <span class='ocrx_word' id='word_1_710' title='bbox 1144 4998 1307 5039; x_wconf 85' lang='lat' dir='ltr'><strong>uuam</strong></span> <span class='ocrx_word' id='word_1_711' title='bbox 1338 4997 1448 5037; x_wconf 86' lang='lat' dir='ltr'><strong>retu</strong></span> <span class='ocrx_word' id='word_1_712' title='bbox 1473 4982 1645 5052; x_wconf 87' lang='lat' dir='ltr'><strong>ipsam</strong></span> <span class='ocrx_word' id='word_1_713' title='bbox 1679 4995 1805 5036; x_wconf 88' lang='lat' dir='ltr'><strong>suos</strong></span> <span class='ocrx_word' id='word_1_714' title='bbox 1834 4970 1998 5035; x_wconf 67' lang='lat' dir='ltr'><strong>dissi-</strong></span> 
     </span>
    </p>
   </div>
   <div class='ocr_carea' id='block_1_96' title="bbox 505 5143 1343 5215">
    <p class='ocr_par' dir='ltr' id='par_1_96' title="bbox 505 5143 1343 5215">
     <span class='ocr_line' id='line_1_96' title="bbox 505 5143 1343 5215; baseline -0.001 -16"><span class='ocrx_word' id='word_1_715' title='bbox 505 5145 619 5215; x_wconf 67' lang='grc' dir='ltr'><strong>(εδ)</strong></span> <span class='ocrx_word' id='word_1_716' title='bbox 655 5145 716 5215; x_wconf 20' lang='lat' dir='ltr'><strong>Bg.</strong></span> <span class='ocrx_word' id='word_1_717' title='bbox 769 5144 807 5201; x_wconf 72' lang='grc' dir='ltr'><strong>ι.</strong></span> <span class='ocrx_word' id='word_1_718' title='bbox 849 5144 955 5200; x_wconf 82' lang='grc'><strong>507</strong></span> <span class='ocrx_word' id='word_1_719' title='bbox 991 5143 1047 5199; x_wconf 92' lang='lat' dir='ltr'><strong>b.</strong></span> <span class='ocrx_word' id='word_1_720' title='bbox 1134 5214 1157 5215; x_wconf 0' lang='lat' dir='ltr'><strong>re</strong></span> <span class='ocrx_word' id='word_1_721' title='bbox 1339 5179 1343 5183; x_wconf 64' lang='grc' dir='ltr'><strong>ς</strong></span> 
     </span>
    </p>
   </div>
   <div class='ocr_carea' id='block_1_97' title="bbox 502 5212 1997 5288">
    <p class='ocr_par' dir='ltr' id='par_1_97' title="bbox 502 5212 1997 5288">
     <span class='ocr_line' id='line_1_97' title="bbox 502 5212 1997 5288; baseline -0.002 -18"><span class='ocrx_word' id='word_1_722' title='bbox 502 5212 1053 5288; x_wconf 39' lang='grc' dir='ltr'>(θηητινοῃειιιιετειι</span> <span class='ocrx_word' id='word_1_723' title='bbox 1095 5214 1221 5279; x_wconf 90' lang='lat' dir='ltr'><strong>alio,</strong></span> <span class='ocrx_word' id='word_1_724' title='bbox 1259 5214 1570 5288; x_wconf 19' lang='lat' dir='ltr'><strong>nempegad</strong></span> <span class='ocrx_word' id='word_1_725' title='bbox 1609 5213 1815 5269; x_wconf 89' lang='lat' dir='ltr'><strong>codicis</strong></span> <span class='ocrx_word' id='word_1_726' title='bbox 1844 5212 1997 5288; x_wconf 73' lang='lat' dir='ltr'><strong>pagi-</strong></span> 
     </span>
    </p>
   </div>
   <div class='ocr_carea' id='block_1_98' title="bbox 432 5282 1996 5357">
    <p class='ocr_par' dir='ltr' id='par_1_98' title="bbox 432 5282 1996 5357">
     <span class='ocr_line' id='line_1_98' title="bbox 432 5282 1996 5357; baseline 0.001 -19"><span class='ocrx_word' id='word_1_727' title='bbox 432 5282 676 5357; x_wconf 62' lang='lat' dir='ltr'><strong>nait1307</strong></span> <span class='ocrx_word' id='word_1_728' title='bbox 706 5288 761 5349; x_wconf 89' lang='lat' dir='ltr'><strong>b,</strong></span> <span class='ocrx_word' id='word_1_729' title='bbox 792 5286 895 5340; x_wconf 91' lang='lat' dir='ltr'><strong>boc</strong></span> <span class='ocrx_word' id='word_1_730' title='bbox 915 5285 1153 5357; x_wconf 81' lang='lat' dir='ltr'><strong>quinque</strong></span> <span class='ocrx_word' id='word_1_731' title='bbox 1176 5283 1820 5357; x_wconf 24' lang='lat' dir='ltr'><strong>versttum‘fragmentum</strong></span> <span class='ocrx_word' id='word_1_732' title='bbox 1843 5282 1996 5357; x_wconf 66' lang='lat' dir='ltr'><strong>Nice;</strong></span> 
     </span>
    </p>
   </div>
   <div class='ocr_carea' id='block_1_99' title="bbox 435 5352 1994 5424">
    <p class='ocr_par' dir='ltr' id='par_1_99' title="bbox 435 5352 1994 5424">
     <span class='ocr_line' id='line_1_99' title="bbox 435 5352 1994 5424; baseline -0.001 -16"><span class='ocrx_word' id='word_1_733' title='bbox 435 5366 513 5408; x_wconf 82' lang='lat' dir='ltr'><strong>tas</strong></span> <span class='ocrx_word' id='word_1_734' title='bbox 547 5356 601 5409; x_wconf 89' lang='lat' dir='ltr'><strong>in</strong></span> <span class='ocrx_word' id='word_1_735' title='bbox 633 5366 860 5419; x_wconf 85' lang='lat' dir='ltr'><strong>catena;</strong></span> <span class='ocrx_word' id='word_1_736' title='bbox 898 5354 1040 5422; x_wconf 88' lang='lat' dir='ltr'><strong>quod</strong></span> <span class='ocrx_word' id='word_1_737' title='bbox 1067 5352 1247 5424; x_wconf 53' lang='lat' dir='ltr'><strong>&#39;nttnc,</strong></span> <span class='ocrx_word' id='word_1_738' title='bbox 1277 5352 1421 5413; x_wconf 65' lang='lat' dir='ltr'><strong>duce.</strong></span> <span class='ocrx_word' id='word_1_739' title='bbox 1444 5352 1606 5409; x_wconf 57' lang='lat' dir='ltr'><strong>wtextu</strong></span> <span class='ocrx_word' id='word_1_740' title='bbox 1636 5352 1879 5424; x_wconf 80' lang='lat' dir='ltr'><strong>Syriaco,</strong></span> <span class='ocrx_word' id='word_1_741' title='bbox 1925 5352 1994 5407; x_wconf 86' lang='lat' dir='ltr'><strong>ad</strong></span> 
     </span>
    </p>
   </div>
   <div class='ocr_carea' id='block_1_100' title="bbox 433 5423 1403 5493">
    <p class='ocr_par' dir='ltr' id='par_1_100' title="bbox 433 5423 1403 5493">
     <span class='ocr_line' id='line_1_100' title="bbox 433 5423 1403 5493; baseline 0.002 -16"><span class='ocrx_word' id='word_1_742' title='bbox 433 5427 718 5478; x_wconf 86' lang='lat' dir='ltr'><strong>stationem</strong></span> <span class='ocrx_word' id='word_1_743' title='bbox 747 5427 1020 5493; x_wconf 89' lang='lat' dir='ltr'><strong>propriam</strong></span> <span class='ocrx_word' id='word_1_744' title='bbox 1050 5423 1207 5477; x_wconf 89' lang='lat' dir='ltr'><strong>redit.</strong></span> <span class='ocrx_word' id='word_1_745' title='bbox 1316 5432 1323 5441; x_wconf 89' lang='lat'><strong><em>‘</em></strong></span> <span class='ocrx_word' id='word_1_746' title='bbox 1356 5491 1365 5493; x_wconf 78' lang='lat'><strong><em>_</em></strong></span> <span class='ocrx_word' id='word_1_747' title='bbox 1396 5482 1403 5489; x_wconf 61' lang='grc'><strong>,</strong></span> 
     </span>
    </p>
   </div>
   <div class='ocr_carea' id='block_1_101' title="bbox 502 5491 1992 5564">
    <p class='ocr_par' dir='ltr' id='par_1_101' title="bbox 502 5491 1992 5564">
     <span class='ocr_line' id='line_1_101' title="bbox 502 5491 1992 5564; baseline 0 -18"><span class='ocrx_word' id='word_1_748' title='bbox 502 5493 613 5564; x_wconf 70' lang='lat'><strong>(28)</strong></span> <span class='ocrx_word' id='word_1_749' title='bbox 643 5491 1068 5564; x_wconf 41' lang='lat' dir='ltr'><strong>Anima—Christi</strong></span> <span class='ocrx_word' id='word_1_750' title='bbox 1112 5506 1314 5564; x_wconf 69' lang='lat' dir='ltr'><strong>corpus</strong></span> <span class='ocrx_word' id='word_1_751' title='bbox 1338 5491 1773 5564; x_wconf 10' lang='lat' dir='ltr'><strong>destituit_,gno_n</strong></span> <span class='ocrx_word' id='word_1_752' title='bbox 1818 5491 1992 5564; x_wconf 86' lang='lat' dir='ltr'><strong>ipsum</strong></span> 
     </span>
    </p>
   </div>
   <div class='ocr_carea' id='block_1_102' title="bbox 433 5559 1993 5628">
    <p class='ocr_par' dir='ltr' id='par_1_102' title="bbox 433 5559 1993 5628">
     <span class='ocr_line' id='line_1_102' title="bbox 433 5559 1993 5628; baseline 0.003 -16"><span class='ocrx_word' id='word_1_753' title='bbox 433 5559 665 5616; x_wconf 72' lang='lat' dir='ltr'><strong>Verbum</strong></span> <span class='ocrx_word' id='word_1_754' title='bbox 705 5578 801 5618; x_wconf 90' lang='lat' dir='ltr'><strong>seu</strong></span> <span class='ocrx_word' id='word_1_755' title='bbox 832 5563 924 5615; x_wconf 87' lang='lat' dir='ltr'><strong>Dei</strong></span> <span class='ocrx_word' id='word_1_756' title='bbox 953 5562 1144 5617; x_wconf 87' lang='lat' dir='ltr'><strong>virtus.</strong></span> <span class='ocrx_word' id='word_1_757' title='bbox 1186 5559 1547 5627; x_wconf 77' lang='lat' dir='ltr'><strong>Quamobrem</strong></span> <span class='ocrx_word' id='word_1_758' title='bbox 1592 5562 1681 5617; x_wconf 92' lang='lat' dir='ltr'><strong>bic</strong></span> <span class='ocrx_word' id='word_1_759' title='bbox 1724 5559 1993 5628; x_wconf 81' lang='lat' dir='ltr'><strong>intellige,</strong></span> 
     </span>
    </p>
   </div>
   <div class='ocr_carea' id='block_1_103' title="bbox 433 5629 1994 5702">
    <p class='ocr_par' dir='ltr' id='par_1_103' title="bbox 433 5629 1994 5702">
     <span class='ocr_line' id='line_1_103' title="bbox 433 5629 1994 5702; baseline 0.003 -20"><span class='ocrx_word' id='word_1_760' title='bbox 433 5631 630 5683; x_wconf 87' lang='lat' dir='ltr'><strong>Christi</strong></span> <span class='ocrx_word' id='word_1_761' title='bbox 667 5632 1099 5697; x_wconf 82' lang='lat' dir='ltr'><strong>humanitatem,</strong></span> <span class='ocrx_word' id='word_1_762' title='bbox 1135 5632 1346 5686; x_wconf 88' lang='lat' dir='ltr'><strong>nonnisi</strong></span> <span class='ocrx_word' id='word_1_763' title='bbox 1393 5629 1574 5687; x_wconf 76' lang='lat' dir='ltr'><strong>Verbo</strong></span> <span class='ocrx_word' id='word_1_764' title='bbox 1624 5631 1994 5702; x_wconf 83' lang='lat' dir='ltr'><strong>permittente,</strong></span> 
     </span>
    </p>
   </div>
   <div class='ocr_carea' id='block_1_104' title="bbox 433 5709 872 5755">
    <p class='ocr_par' dir='ltr' id='par_1_104' title="bbox 433 5709 872 5755">
     <span class='ocr_line' id='line_1_104' title="bbox 433 5709 872 5755; baseline 0.002 -4"><span class='ocrx_word' id='word_1_765' title='bbox 433 5709 699 5753; x_wconf 85' lang='lat' dir='ltr'><strong>tttot&#39;tuam</strong></span> <span class='ocrx_word' id='word_1_766' title='bbox 730 5714 872 5755; x_wconf 85' lang='lat' dir='ltr'><strong>esse.</strong></span> 
     </span>
    </p>
   </div>
   <div class='ocr_carea' id='block_1_105' title="bbox 504 5767 1325 5839">
    <p class='ocr_par' dir='ltr' id='par_1_105' title="bbox 504 5767 1325 5839">
     <span class='ocr_line' id='line_1_105' title="bbox 504 5767 1325 5839; baseline 0.004 -18"><span class='ocrx_word' id='word_1_767' title='bbox 504 5767 614 5837; x_wconf 72' lang='lat'><strong>(29)</strong></span> <span class='ocrx_word' id='word_1_768' title='bbox 646 5772 712 5824; x_wconf 72' lang='grc' dir='ltr'>Δ.</span> <span class='ocrx_word' id='word_1_769' title='bbox 753 5769 791 5821; x_wconf 84' lang='grc' dir='ltr'>ι’.</span> <span class='ocrx_word' id='word_1_770' title='bbox 821 5769 943 5825; x_wconf 78' lang='grc'>510.</span> <span class='ocrx_word' id='word_1_771' title='bbox 981 5769 1101 5839; x_wconf 84' lang='lat' dir='ltr'><strong>Syr.</strong></span> <span class='ocrx_word' id='word_1_772' title='bbox 1126 5785 1210 5836; x_wconf 79' lang='lat' dir='ltr'><strong>tu,</strong></span> <span class='ocrx_word' id='word_1_773' title='bbox 1234 5770 1325 5825; x_wconf 84' lang='lat'><strong>6|.</strong></span> 
     </span>
    </p>
   </div>
   <div class='ocr_carea' id='block_1_106' title="bbox 2110 4614 3680 4700">
    <p class='ocr_par' dir='ltr' id='par_1_106' title="bbox 2110 4614 3680 4700">
     <span class='ocr_line' id='line_1_106' title="bbox 2110 4614 3680 4700; baseline -0.009 -18"><span class='ocrx_word' id='word_1_774' title='bbox 2110 4627 2393 4700; x_wconf 83' lang='grc' dir='ltr'>ὲθεωρεϊτο</span> <span class='ocrx_word' id='word_1_775' title='bbox 2422 4627 2515 4681; x_wconf 77' lang='grc' dir='ltr'><strong>καὶ</strong></span> <span class='ocrx_word' id='word_1_776' title='bbox 2536 4624 2849 4697; x_wconf 78' lang='grc' dir='ltr'>ἐψηλαφᾶτό</span> <span class='ocrx_word' id='word_1_777' title='bbox 2877 4639 2940 4691; x_wconf 92' lang='grc' dir='ltr'><strong>γε</strong></span> <span class='ocrx_word' id='word_1_778' title='bbox 2970 4621 3212 4691; x_wconf 82' lang='grc' dir='ltr'>ἀκριϐῶς</span> <span class='ocrx_word' id='word_1_779' title='bbox 3243 4618 3379 4692; x_wconf 77' lang='grc' dir='ltr'>πρὸς</span> <span class='ocrx_word' id='word_1_780' title='bbox 3405 4618 3513 4671; x_wconf 85' lang='grc' dir='ltr'>τῶν</span> <span class='ocrx_word' id='word_1_781' title='bbox 3547 4614 3680 4669; x_wconf 79' lang='grc' dir='ltr'><strong>ταῦ-</strong></span> 
     </span>
    </p>
   </div>
   <div class='ocr_carea' id='block_1_107' title="bbox 2081 4707 3681 4792">
    <p class='ocr_par' dir='ltr' id='par_1_107' title="bbox 2081 4707 3681 4792">
     <span class='ocr_line' id='line_1_107' title="bbox 2081 4707 3681 4792; baseline -0.01 -17"><span class='ocrx_word' id='word_1_782' title='bbox 2081 4708 2085 4711; x_wconf 46' lang='grc'><em>’</em></span> <span class='ocrx_word' id='word_1_783' title='bbox 2108 4739 2177 4775; x_wconf 88' lang='grc' dir='ltr'><strong>τα</strong></span> <span class='ocrx_word' id='word_1_784' title='bbox 2201 4718 2700 4792; x_wconf 88' lang='grc' dir='ltr'>μεμαρτυρηκότων</span> <span class='ocrx_word' id='word_1_785' title='bbox 2723 4735 2737 4749; x_wconf 65' lang='grc' dir='ltr'>θ</span> <span class='ocrx_word' id='word_1_786' title='bbox 2766 4714 2847 4771; x_wconf 81' lang='grc' dir='ltr'><strong>διὸ</strong></span> <span class='ocrx_word' id='word_1_787' title='bbox 2865 4716 2922 4769; x_wconf 83' lang='grc' dir='ltr'>δὲ</span> <span class='ocrx_word' id='word_1_788' title='bbox 2946 4714 3040 4768; x_wconf 65' lang='grc' dir='ltr'><strong>καὶ</strong></span> <span class='ocrx_word' id='word_1_789' title='bbox 3063 4712 3295 4783; x_wconf 56' lang='lat' dir='ltr'><strong>aurati/ia</strong></span> <span class='ocrx_word' id='word_1_790' title='bbox 3333 4711 3427 4764; x_wconf 74' lang='grc' dir='ltr'>καὶ</span> <span class='ocrx_word' id='word_1_791' title='bbox 3454 4707 3681 4779; x_wconf 72' lang='grc' dir='ltr'>ἀληθείᾳ</span> 
     </span>
    </p>
   </div>
   <div class='ocr_carea' id='block_1_108' title="bbox 2107 4801 3678 4884">
    <p class='ocr_par' dir='ltr' id='par_1_108' title="bbox 2107 4801 3678 4884">
     <span class='ocr_line' id='line_1_108' title="bbox 2107 4801 3678 4884; baseline -0.009 -18"><span class='ocrx_word' id='word_1_792' title='bbox 2107 4813 2170 4867; x_wconf 78' lang='grc' dir='ltr'><strong>τὸ</strong></span> <span class='ocrx_word' id='word_1_793' title='bbox 2198 4813 2422 4884; x_wconf 83' lang='grc' dir='ltr'>ἐναργὲς</span> <span class='ocrx_word' id='word_1_794' title='bbox 2458 4810 2861 4883; x_wconf 86' lang='grc' dir='ltr'>κατειληφότες,</span> <span class='ocrx_word' id='word_1_795' title='bbox 2893 4807 2988 4862; x_wconf 80' lang='grc' dir='ltr'>καὶ</span> <span class='ocrx_word' id='word_1_796' title='bbox 3024 4806 3124 4877; x_wconf 83' lang='grc' dir='ltr'>τῆς</span> <span class='ocrx_word' id='word_1_797' title='bbox 3150 4804 3293 4859; x_wconf 84' lang='grc' dir='ltr'>κατὰ</span> <span class='ocrx_word' id='word_1_798' title='bbox 3321 4801 3416 4857; x_wconf 81' lang='grc' dir='ltr'>τοῦ</span> <span class='ocrx_word' id='word_1_799' title='bbox 3447 4801 3678 4855; x_wconf 80' lang='grc' dir='ltr'>θανάτου</span> 
     </span>
    </p>
   </div>
   <div class='ocr_carea' id='block_1_109' title="bbox 2110 4896 3680 4978">
    <p class='ocr_par' dir='ltr' id='par_1_109' title="bbox 2110 4896 3680 4978">
     <span class='ocr_line' id='line_1_109' title="bbox 2110 4896 3680 4978; baseline -0.01 -18"><span class='ocrx_word' id='word_1_800' title='bbox 2110 4907 2263 4978; x_wconf 89' lang='grc' dir='ltr'>νίκης</span> <span class='ocrx_word' id='word_1_801' title='bbox 2286 4906 2354 4959; x_wconf 85' lang='grc' dir='ltr'>τὰ</span> <span class='ocrx_word' id='word_1_802' title='bbox 2395 4905 2629 4975; x_wconf 88' lang='grc' dir='ltr'>τρόπαια</span> <span class='ocrx_word' id='word_1_803' title='bbox 2660 4901 2993 4973; x_wconf 89' lang='grc' dir='ltr'>τεθεαμένοι,</span> <span class='ocrx_word' id='word_1_804' title='bbox 3034 4900 3259 4961; x_wconf 78' lang='grc' dir='ltr'>εἰκότως</span> <span class='ocrx_word' id='word_1_805' title='bbox 3290 4896 3491 4968; x_wconf 77' lang='grc' dir='ltr'>ἔμαθον</span> <span class='ocrx_word' id='word_1_806' title='bbox 3521 4909 3680 4949; x_wconf 89' lang='grc' dir='ltr'>κατα-</span> 
     </span>
    </p>
   </div>
   <div class='ocr_carea' id='block_1_110' title="bbox 2108 4988 3678 5069">
    <p class='ocr_par' dir='ltr' id='par_1_110' title="bbox 2108 4988 3678 5069">
     <span class='ocr_line' id='line_1_110' title="bbox 2108 4988 3678 5069; baseline -0.009 -16"><span class='ocrx_word' id='word_1_807' title='bbox 2108 5002 2325 5069; x_wconf 79' lang='grc' dir='ltr'>φρονεῖν</span> <span class='ocrx_word' id='word_1_808' title='bbox 2346 4997 2439 5052; x_wconf 80' lang='grc' dir='ltr'><strong>τοῦ</strong></span> <span class='ocrx_word' id='word_1_809' title='bbox 2476 4996 2705 5051; x_wconf 90' lang='grc' dir='ltr'>θανάτου</span> <span class='ocrx_word' id='word_1_810' title='bbox 2725 5013 2738 5026; x_wconf 75' lang='grc' dir='ltr'><strong>ο</strong></span> <span class='ocrx_word' id='word_1_811' title='bbox 2783 4993 2948 5049; x_wconf 80' lang='grc' dir='ltr'>ταύτὸ</span> <span class='ocrx_word' id='word_1_812' title='bbox 2973 4994 3029 5047; x_wconf 82' lang='grc' dir='ltr'>δὲ</span> <span class='ocrx_word' id='word_1_813' title='bbox 3075 4992 3168 5046; x_wconf 69' lang='grc' dir='ltr'><strong>καὶ</strong></span> <span class='ocrx_word' id='word_1_814' title='bbox 3201 4992 3326 5054; x_wconf 81' lang='grc' dir='ltr'>τοὺς</span> <span class='ocrx_word' id='word_1_815' title='bbox 3359 4988 3537 5043; x_wconf 83' lang='grc' dir='ltr'>αὐτῶν</span> <span class='ocrx_word' id='word_1_816' title='bbox 3563 5004 3678 5058; x_wconf 80' lang='grc' dir='ltr'>φοι-</span> 
     </span>
    </p>
   </div>
   <div class='ocr_carea' id='block_1_111' title="bbox 2176 5126 3676 5213">
    <p class='ocr_par' dir='ltr' id='par_1_111' title="bbox 2176 5126 3676 5213">
     <span class='ocr_line' id='line_1_111' title="bbox 2176 5126 3676 5213; baseline -0.012 -16"><span class='ocrx_word' id='word_1_817' title='bbox 2176 5140 2654 5213; x_wconf 15' lang='grc' dir='ltr'><strong>(5ο)ίιιεηοιξιηίηο</strong></span> <span class='ocrx_word' id='word_1_818' title='bbox 2681 5136 3121 5213; x_wconf 58' lang='lat' dir='ltr'><strong>(irtpcuscodea.</strong></span> <span class='ocrx_word' id='word_1_819' title='bbox 3168 5133 3340 5213; x_wconf 85' lang='lat' dir='ltr'><strong>_S_yrus</strong></span> <span class='ocrx_word' id='word_1_820' title='bbox 3374 5128 3535 5213; x_wconf 71' lang='lat' dir='ltr'><strong>paulo</strong></span> <span class='ocrx_word' id='word_1_821' title='bbox 3570 5126 3676 5181; x_wconf 89' lang='lat' dir='ltr'><strong>ali-</strong></span> 
     </span>
    </p>
   </div>
   <div class='ocr_carea' id='block_1_112' title="bbox 2100 5199 3599 5280">
    <p class='ocr_par' dir='ltr' id='par_1_112' title="bbox 2100 5199 3599 5280">
     <span class='ocr_line' id='line_1_112' title="bbox 2100 5199 3599 5280; baseline -0.011 -12"><span class='ocrx_word' id='word_1_822' title='bbox 2100 5199 2196 5268; x_wconf 52' lang='lat' dir='ltr'><strong>ter‘</strong></span> <span class='ocrx_word' id='word_1_823' title='bbox 2218 5199 2347 5280; x_wconf 77' lang='lat' dir='ltr'><strong>legit</strong></span> <span class='ocrx_word' id='word_1_824' title='bbox 2376 5210 2508 5280; x_wconf 78' lang='lat' dir='ltr'><strong>illud</strong></span> <span class='ocrx_word' id='word_1_825' title='bbox 2540 5208 2854 5280; x_wconf 80' lang='grc' dir='ltr'>παραδόξῳ.</span> <span class='ocrx_word' id='word_1_826' title='bbox 2890 5206 3027 5261; x_wconf 83' lang='lat' dir='ltr'><strong>Hinc</strong></span> <span class='ocrx_word' id='word_1_827' title='bbox 3055 5199 3277 5275; x_wconf 76' lang='lat' dir='ltr'><strong>Anglice</strong></span> <span class='ocrx_word' id='word_1_828' title='bbox 3307 5219 3340 5256; x_wconf 78' lang='grc' dir='ltr'><strong>ο</strong></span> <span class='ocrx_word' id='word_1_829' title='bbox 3367 5199 3599 5254; x_wconf 77' lang='lat' dir='ltr'><strong>wonder.</strong></span> 
     </span>
    </p>
   </div>
   <div class='ocr_carea' id='block_1_113' title="bbox 2171 5278 3671 5433">
    <p class='ocr_par' dir='ltr' id='par_1_113' title="bbox 2171 5278 3671 5433">
     <span class='ocr_line' id='line_1_113' title="bbox 2171 5278 3671 5433; baseline -0.012 -25"><span class='ocrx_word' id='word_1_830' title='bbox 2489 5279 2763 5433; x_wconf 49' lang='lat' dir='ltr'><strong>Erilliellexlt</strong></span> <span class='ocrx_word' id='word_1_831' title='bbox 2795 5348 2899 5433; x_wconf 63' lang='lat' dir='ltr'><strong>ltoc</strong></span> <span class='ocrx_word' id='word_1_832' title='bbox 2919 5344 3142 5433; x_wconf 54' lang='lat' dir='ltr'><strong>verbu‘m</strong></span> <span class='ocrx_word' id='word_1_833' title='bbox 3160 5342 3227 5395; x_wconf 87' lang='lat' dir='ltr'><strong>de</strong></span> <span class='ocrx_word' id='word_1_834' title='bbox 3252 5338 3671 5433; x_wconf 56' lang='lat' dir='ltr'><strong>resurrggtiogg.</strong></span> 
     </span>
    </p>
   </div>
   <div class='ocr_carea' id='block_1_114' title="bbox 2099 5407 3671 5491">
    <p class='ocr_par' dir='ltr' id='par_1_114' title="bbox 2099 5407 3671 5491">
     <span class='ocr_line' id='line_1_114' title="bbox 2099 5407 3671 5491; baseline -0.01 -16"><span class='ocrx_word' id='word_1_835' title='bbox 2099 5407 2368 5491; x_wconf 47' lang='lat' dir='ltr'><strong>Plt‘ilol&#39;ogi</strong></span> <span class='ocrx_word' id='word_1_836' title='bbox 2408 5418 2674 5486; x_wconf 79' lang='lat' dir='ltr'><strong>judicent.</strong></span> <span class='ocrx_word' id='word_1_837' title='bbox 2718 5414 2825 5491; x_wconf 84' lang='lat' dir='ltr'><strong>Sed</strong></span> <span class='ocrx_word' id='word_1_838' title='bbox 2873 5409 3533 5491; x_wconf 40' lang='lat' dir='ltr'><strong>ccrte_Joau._.x.tt,‘52,</strong></span> <span class='ocrx_word' id='word_1_839' title='bbox 3580 5407 3671 5471; x_wconf 80' lang='lat'><strong>33,</strong></span> 
     </span>
    </p>
   </div>
   <div class='ocr_carea' id='block_1_115' title="bbox 2099 5477 3673 5559">
    <p class='ocr_par' dir='ltr' id='par_1_115' title="bbox 2099 5477 3673 5559">
     <span class='ocr_line' id='line_1_115' title="bbox 2099 5477 3673 5559; baseline -0.006 -18"><span class='ocrx_word' id='word_1_840' title='bbox 2099 5477 2350 5546; x_wconf 62' lang='lat' dir='ltr'><strong>Christus</strong></span> <span class='ocrx_word' id='word_1_841' title='bbox 2386 5477 2455 5559; x_wconf 78' lang='lat' dir='ltr'><strong>de</strong></span> <span class='ocrx_word' id='word_1_842' title='bbox 2478 5503 2583 5559; x_wconf 67' lang='lat' dir='ltr'><strong>sua</strong></span> <span class='ocrx_word' id='word_1_843' title='bbox 2609 5494 2789 5559; x_wconf 89' lang='lat' dir='ltr'><strong>_morte</strong></span> <span class='ocrx_word' id='word_1_844' title='bbox 2812 5488 2864 5559; x_wconf 82' lang='lat' dir='ltr'><strong>iu</strong></span> <span class='ocrx_word' id='word_1_845' title='bbox 2900 5485 3087 5559; x_wconf 71' lang='lat' dir='ltr'><strong>crucis</strong></span> <span class='ocrx_word' id='word_1_846' title='bbox 3105 5480 3370 5552; x_wconf 87' lang='lat' dir='ltr'><strong>supplicio</strong></span> <span class='ocrx_word' id='word_1_847' title='bbox 3404 5477 3673 5559; x_wconf 67' lang='lat' dir='ltr'><strong>loquens,</strong></span> 
     </span>
    </p>
   </div>
   <div class='ocr_carea' id='block_1_116' title="bbox 2102 5554 3634 5626">
    <p class='ocr_par' dir='ltr' id='par_1_116' title="bbox 2102 5554 3634 5626">
     <span class='ocr_line' id='line_1_116' title="bbox 2102 5554 3634 5626; baseline -0.005 -10"><span class='ocrx_word' id='word_1_848' title='bbox 2102 5560 2400 5616; x_wconf 65' lang='lat' dir='ltr'><strong>hoctverbo</strong></span> <span class='ocrx_word' id='word_1_849' title='bbox 2428 5554 2985 5626; x_wconf 66' lang='grc' dir='ltr'>ὐψοῦσθαι,;επαιιανὶ,</span> <span class='ocrx_word' id='word_1_850' title='bbox 3014 5554 3207 5626; x_wconf 80' lang='lat' dir='ltr'><strong>utitur.</strong></span> <span class='ocrx_word' id='word_1_851' title='bbox 3342 5617 3373 5626; x_wconf 86' lang='lat'>_</span> <span class='ocrx_word' id='word_1_852' title='bbox 3550 5554 3571 5559; x_wconf 21' lang='grc' dir='ltr'>ἡ</span> <span class='ocrx_word' id='word_1_853' title='bbox 3625 5615 3634 5624; x_wconf 85' lang='lat'><em>_</em></span> 
     </span>
    </p>
   </div>
   <div class='ocr_carea' id='block_1_117' title="bbox 2173 5617 3671 5697">
    <p class='ocr_par' dir='ltr' id='par_1_117' title="bbox 2173 5617 3671 5697">
     <span class='ocr_line' id='line_1_117' title="bbox 2173 5617 3671 5697; baseline -0.009 -13"><span class='ocrx_word' id='word_1_854' title='bbox 2173 5628 2289 5697; x_wconf 74' lang='lat'><strong>(53)</strong></span> <span class='ocrx_word' id='word_1_855' title='bbox 2331 5617 2643 5697; x_wconf 45' lang='lat' dir='ltr'><strong>Qum-uncis</strong></span> <span class='ocrx_word' id='word_1_856' title='bbox 2682 5617 2897 5689; x_wconf 86' lang='lat' dir='ltr'><strong>claudo,</strong></span> <span class='ocrx_word' id='word_1_857' title='bbox 2933 5617 2997 5679; x_wconf 84' lang='lat' dir='ltr'><strong>ea</strong></span> <span class='ocrx_word' id='word_1_858' title='bbox 3040 5622 3235 5679; x_wconf 80' lang='lat' dir='ltr'><strong>absunt</strong></span> <span class='ocrx_word' id='word_1_859' title='bbox 3269 5634 3301 5677; x_wconf 87' lang='lat' dir='ltr'><strong>a</strong></span> <span class='ocrx_word' id='word_1_860' title='bbox 3339 5617 3502 5691; x_wconf 76' lang='lat' dir='ltr'><strong>Syro,</strong></span> <span class='ocrx_word' id='word_1_861' title='bbox 3542 5617 3671 5686; x_wconf 80' lang='lat' dir='ltr'><strong>quia</strong></span> 
     </span>
    </p>
   </div>
   <div class='ocr_carea' id='block_1_118' title="bbox 2102 5695 2971 5771">
    <p class='ocr_par' dir='ltr' id='par_1_118' title="bbox 2102 5695 2971 5771">
     <span class='ocr_line' id='line_1_118' title="bbox 2102 5695 2971 5771; baseline -0.007 -20"><span class='ocrx_word' id='word_1_862' title='bbox 2102 5695 2573 5771; x_wconf 47' lang='lat' dir='ltr'><strong>fortassqaliunde</strong></span> <span class='ocrx_word' id='word_1_863' title='bbox 2595 5695 2971 5771; x_wconf 67' lang='lat' dir='ltr'><strong>obrepserunt.</strong></span> 
     </span>
    </p>
   </div>
   <div class='ocr_carea' id='block_1_119' title="bbox 2178 5763 2684 5853">
    <p class='ocr_par' dir='ltr' id='par_1_119' title="bbox 2178 5763 2684 5853">
     <span class='ocr_line' id='line_1_119' title="bbox 2178 5763 2684 5853; baseline -0.008 -30"><span class='ocrx_word' id='word_1_864' title='bbox 2178 5767 2287 5840; x_wconf 59' lang='grc' dir='ltr'><strong>βλ)</strong></span> <span class='ocrx_word' id='word_1_865' title='bbox 2323 5766 2446 5837; x_wconf 78' lang='lat' dir='ltr'><strong>Syr.</strong></span> <span class='ocrx_word' id='word_1_866' title='bbox 2476 5779 2568 5853; x_wconf 47' lang='lat' dir='ltr'><strong>an,</strong></span> <span class='ocrx_word' id='word_1_867' title='bbox 2595 5763 2684 5819; x_wconf 77' lang='lat'><strong>62.</strong></span> 
     </span>
    </p>
   </div>
  </div>
