4116 6446
489 352 592 404 {iii

1873 350 1960 404 DE
2001 352 2467 411 THEOPHANIA.

3653 366 3758 421 622

493 463 662 534 τητὰς
687 463 978 527 ἐδίδασκον,
1002 465 1097 532 τῆς
1123 463 1387 518 ἀθανάτου
1415 467 1561 538 ζωῆς
1601 469 1749 522 παοά
1777 470 1868 523 τοῦ
1897 471 2047 542 Σωτῆ

2151 530 2152 534 η
2184 477 2336 542 pulos
2361 478 2720 541 edocuerunt,
2755 480 3188 550 quandoquidem
3227 481 3548 539 inunortalis
3576 485 3696 540 vita:
3724 503 3753 539 λ

497 575 589 622 ρος
611 557 887 628 εἰληφότες
909 558 974 610 τὰ
1004 557 1261 625 ἐχέγγυα.

1245 648 1316 704 Δ¹.

566 746 676 816 (55)
712 743 981 810 Ἐπίδοξος
1015 739 1081 814 ἦν
1120 762 1202 808 τις
1243 743 1381 814 ἀνὴρ
1419 741 1526 793 τῶν
1561 741 1617 791 ἐν
1655 741 1980 812 στρατείαις,
2010 743 2072 794 ἀ·

495 836 758 907 ξιώματος
789 838 880 890 καὶ
914 838 1088 908 ἀρχῆς
1125 834 1438 906 Ῥωμαῖκῆς
1478 833 1877 904 ἐπειλημμένος
1921 835 2033 904 (56)
2055 852 2067 864 ·

494 930 674 1000 ἐπειδὴ
715 931 771 982 δὲ
808 931 836 982 ὁ
863 931 1045 992 δοῦλος
1083 929 1249 981 αὑτοῦ
1283 929 1507 998 γνήσιος
1550 927 1785 996 πάρετος
1823 925 1890 979 τὰ
1934 924 2068 997 μέλη

487 1023 622 1076 οἴκοι
647 1022 894 1095 βέϐλητο,
928 1023 1153 1076 συνιδὼν
1173 1022 1288 1085 οἵας
1316 1022 1344 1072 ὁ
1383 1018 1574 1090 Σωτὴρ
1600 1019 1679 1081 εἰς
1705 1018 1923 1088 ἐτέρους
1954 1019 2072 1071 ἐπε-

481 1114 725 1168 δείκνυτο
750 1117 1026 1186 δυνάμεις,
1055 1115 1280 1183 ἰώμενος
1299 1113 1422 1174 τοὺς
1451 1111 1776 1181 κάμνοντας,
1806 1110 1985 1164 πᾶσάν
2008 1124 2068 1162 τε

483 1206 636 1260 νόσον
665 1209 758 1261 καὶ
788 1209 965 1261 πᾶσαν
999 1207 1268 1278 μαλακίαν
1297 1204 1618 1273 ἀκούμενος,
1669 1201 1914 1273 λογισμῷ
1944 1205 2066 1274 κρί-

482 1317 578 1363 νας
621 1300 696 1371 μὴ
724 1300 844 1354 κατ’
879 1300 1163 1372 ἄνθρωπον
1194 1295 1333 1351 εἶναι
1364 1297 1424 1350 τὸ
1450 1296 1652 1366 θαῦμα,
1688 1296 1970 1366 πρόσεισιν
1991 1297 2066 1360 ὡς

481 1391 620 1462 Θεῷ,
647 1395 745 1446 οὐκ
769 1395 845 1455 εἰς
884 1393 943 1445 τὸ
971 1392 1292 1462 φαινόμενον
1323 1388 1417 1440 τοῦ
1455 1386 1705 1456 σώματος
1743 1383 1947 1439 ἀπιδὼν
1976 1386 2067 1457 δρ-

480 1502 664 1550 γανον,
689 1487 755 1539 δι’
786 1483 845 1540 οὗ
875 1485 975 1548 τὰς
1012 1485 1229 1555 ὁμιλίας
1267 1479 1575 1552 ἀνθρώποις
1605 1481 1859 1542 ἐποιεῖτο,
1902 1481 1981 1541 εἰς
2009 1478 2065 1530 δὲ

477 1579 568 1631 τὸν
599 1580 778 1650 ἀφανῆ
807 1579 940 1631 Θεὸν
973 1578 1064 1631 τὸν
1103 1577 1190 1631 διὰ
1225 1575 1318 1628 τοῦ
1351 1571 1546 1644 θνητοῦ
1585 1572 1683 1634 τὰς
1712 1571 1918 1633 οἰκείας
1939 1571 2065 1641 ἀρε-

476 1668 573 1731 τάς
610 1670 990 1738 ὑποφαίνοντα.
1022 1670 1111 1722 Διὸ
1143 1668 1309 1721 ἐδεῖτο
1335 1666 1429 1718 καὶ
1471 1664 1632 1726 αὐτὸς
1675 1663 1766 1715 ἐπὶ
1791 1663 1869 1733 τῷ
1913 1663 2063 1716 παιδὶ

476 1761 573 1830 τῆς
600 1761 788 1830 θεῖκῆς
820 1761 1138 1832 εὐεργεσίας
1178 1762 1358 1828 τυχεῖν
1387 1758 1522 1827 (57).
1557 1756 1666 1809 Καὶ
1711 1758 1758 1808 οἱ
1797 1757 1894 1825 μὲν
1929 1774 2063 1828 πρε-

477 1854 727 1926 σϐύτεροι
766 1855 875 1906 τῶν
920 1854 1183 1907 Ἰουδαίων
1220 1851 1431 1923 μικρῶν
1460 1849 1622 1902 ἓνεκα
1647 1849 1748 1919 τὴν
1786 1849 1943 1920 χάριν
1979 1853 2061 1902 αἱ·-

473 1948 646 2012 τοῦσι,
685 1947 792 2000 τῶν
825 1950 904 2011 εἰς
937 1946 1037 2018 τὴν
1076 1943 1398 2014 συναγωγὴν
1435 1941 1738 2012 γενομένων
1773 1941 2061 2012 ἀναλωμά-

472 2059 580 2094 των
603 2059 615 2070 ·
644 2043 671 2094 ὁ
696 2041 752 2094 δὲ
784 2040 988 2112 Κύριος
1022 2040 1122 2092 οὐκ
1145 2039 1238 2091 ἐπὶ
1272 2037 1445 2105 τούτῳ
1469 2034 1680 2086 δίδωσιν
1707 2033 1918 2096 ἑαυτὸν,
1944 2035 2057 2086 ἀλλ’

471 2135 565 2186 ἐπὶ
609 2133 688 2204 τῷ
726 2133 859 2185 πολὺ
891 2131 1116 2204 μείζονι,
1161 2131 1344 2182 πίστιν
1375 2123 1812 2196 κατεργάσασθαι
1838 2125 1924 2177 διά
1961 2127 2059 2194 τῆς

465 2227 753 2296 δυνάμεως
813 2227 892 2287 εἰς
937 2225 1146 2285 πάντας
1194 2219 1515 2292 ἀνθρώπους
1567 2216 1919 2286 βουλόμενοςο
1964 2215 2059 2268 καὶ

471 2318 798 2389 χαρίσασθαι
842 2318 942 2388 μὲν
975 2316 1053 2386 τῷ
1099 2315 1472 2385 ἑκατοντάρχῃ
1504 2309 1825 2380 ἐπιτηδείως
1861 2309 2054 2380 ἔχοντι,

472 2409 888 2482 καθηγήσασθαι
913 2410 969 2462 δὲ
999 2408 1226 2471 καὶτοῖς
1255 2406 1432 2469 ἀλλοις
1459 2403 1546 2457 διὰ
1570 2402 1760 2455 τούτου
1789 2402 1924 2473 πρὸς
1958 2403 2056 2473 τὴν

474 2503 676 2556 πίστιν.
712 2503 820 2556 Καὶ
853 2500 1183 2572 οὐδήπουθεν
1205 2501 1389 2568 ἀγνοεῖ
1412 2497 1472 2550 τὸ
1507 2496 1718 2567 μέλλον,
1748 2497 1830 2549 ὅτι
1873 2495 2056 2565 μέλλει

472 2595 769 2667 πυθόμενος
793 2596 820 2647 ὁ
841 2594 1231 2664 ἑκατόνταρχος
1258 2589 1645 2660 ἐφικνούμενον
1661 2589 1740 2651 εἰς
1761 2587 1859 2658 τὴν
1879 2588 2054 2641 οἰκίαν

468 2688 883 2760 παραιτεῖσθαι·
911 2686 1024 2739 ἀλλ’
1047 2684 1202 2748 εἰδὼς
1225 2684 1322 2754 τὴν
1356 2682 1650 2753 μέλλουσαν
1683 2680 1742 2746 ἐξ
1770 2679 2054 2742 εὐλαῦείας

468 2781 818 2854 παραίτησιν,
859 2778 1096 2832 ἐπινεύει
1120 2781 1184 2848 τῇ
1221 2779 1382 2847 πιστῇ
1417 2773 1658 2839 ἀξιώσει,
1699 2772 1936 2843 ἑκατέρᾳ
1964 2789 2051 2824 κι-

465 2876 616 2944 νήσει
654 2872 748 2926 τοῦ
793 2871 1082 2944 ἀνθρώπου
1114 2872 1174 2924 τὸ
1220 2873 1417 2922 οἰκεῖον
1459 2865 1817 2939 ἐφαρμόζωνο
1853 2868 1918 2936 τῇ
1953 2865 2051 2936 μὲν

465 2963 688 3030 ἀξιώσει
725 2965 824 3036 τὴν
866 2963 1196 3032 ἐπαγγελίαν
1237 2963 1330 3016 καί
1360 2961 1456 3032 τὴν
1491 2959 1867 3030 ἀκολούθησιν,
1901 2961 1967 3029 τῇ
1993 2958 2050 3011 δὲ

465 3059 793 3128 παραιτήσει
817 3057 913 3128 τὴν
945 3056 1194 3126 δύναμιν,
1230 3055 1306 3117 ὡς
1335 3055 1431 3107 καὶ
1477 3053 1553 3124 μὴ
1605 3051 2048 3123 παραγενόμενος

468 3150 717 3203 ἰάσασθαι
737 3167 750 3180 ·
783 3149 922 3203 ὥστε
943 3150 1040 3220 οὐχ
1075 3149 1161 3200 ἵνα
1185 3148 1282 3219 τὴν
1301 3145 1493 3201 ἑαυτοῦ
1516 3145 1822 3214 πρόγνωσιν
1845 3145 2047 3197 ἐπιδεί-

464 3241 552 3314 ξῃ,
585 3242 682 3312 τὴν
711 3243 917 3296 ἐκείνου
944 3241 1165 3304 δικαίως
1198 3241 1265 3294 ἂν
1300 3239 1625 3293 διεκώλυσεν
1662 3239 1860 3310 ἀρετήν
1885 3255 1898 3267 ·
1933 3236 2046 3290 ἀλλ’

464 3334 682 3402 ἀτύφως
707 3333 848 3388 κατὰ
861 3335 950 3387 τὸν
971 3333 1307 3404 ἀνθρώπινον
1328 3331 1546 3402 τρόπον,
1570 3329 1646 3394 ὡς
1675 3330 1738 3403 δὴ
1764 3329 1970 3398 ἀγνοῶν
1987 3332 2048 3382 τὸ

466 3425 678 3494 μέλλον,
721 3425 1025 3486 ἀκολουθεῖ,
1065 3426 1152 3478 ἵνα
1183 3424 1364 3495 χώραν
1398 3424 1497 3494 τῆς
1521 3421 1782 3486 εὐλαϐοῦς
1819 3421 2048 3494 ἀποκρί-

465 3519 601 3584 σεώς
643 3538 704 3573 τε
750 3521 843 3573 καὶ
880 3519 1190 3590 προθέσεως
1225 3519 1420 3589 ἐκείνῳ
1461 3516 1772 3582 καταλίποι,
1821 3516 1914 3568 καὶ
1947 3514 2046 3586 τὴν

461 3613 744 3686 πόρῤώθεν
776 3614 916 3666 ἴασιν
937 3612 1176 3666 αἰτοῦντι
1204 3611 1494 3683 παράσχοι.

531 3789 768 3844 Τοιαῦτα
805 3791 898 3844 τοῦ
937 3791 1114 3862 πράου
1153 3792 1405 3861 Σωτῆρος
1440 3791 1516 3854 ὡς
1547 3790 1642 3844 καὶ
1685 3788 1793 3861 πρὸ
1822 3791 1921 3859 τῆς
1951 3806 2042 3842 τε-

463 3881 688 3952 ραστίας
720 3882 1001 3952 δυνάμεως
1036 3883 1107 3934 τά
1149 3883 1430 3952 θαυμάσια
1451 3899 1464 3912 ο
1514 3881 1814 3952 Θαυμάσιος
1845 3880 1953 3950 γὰρ
1985 3882 2042 3932 ἐν

459 3971 668 4033 τούτοις
696 3971 795 4023 οὐκ
821 3971 1038 4023 ἔλαττον
1064 3970 1096 4040 ἢ
1128 3971 1190 4022 ὲν
1213 3970 1292 4040 τῷ
1328 3970 1426 4041 τὴν
1454 3969 1607 4022 νόσον
1637 3968 1912 4030 ἰάσασθαι,
1948 3967 2042 4019 καὶ

459 4062 550 4114 τὸν
575 4061 803 4114 θάνατον
829 4061 1156 4130 ἀποστῆσαι.
1194 4059 1304 4131 (58)
1338 4060 1469 4113 Μεθ’
1503 4061 1633 4131 ὅσης
1668 4059 1764 4130 μὲν
1796 4056 2041 4122 ἐξουσίας

457 4153 489 4220 ἠ
523 4150 618 4203 τοῦ
650 4150 900 4220 Σωτῆρος
944 4150 1368 4220 προσενήνεκται
1400 4147 1573 4218 φωνὴ,
1604 4146 1808 4216 ὁπόσης
1848 4163 1909 4199 τε
1943 4162 2040 4198 πε-

458 4240 712 4312 πλήρωτο
754 4240 1068 4310 δυνάμεωςί
1119 4239 1241 4291 ὅσον
1293 4256 1354 4291 τε
1397 4239 1458 4291 τὸ
1509 4236 1890 4307 φιλάνθρωπον
1944 4237 2038 4288 καὶ

458 4329 746 4400 πρόχειρον
775 4331 856 4391 είς
882 4328 1230 4399 εὐεργεσίαν,
1267 4328 1342 4392 ώς
1375 4327 1433 4393 ἐξ
1459 4327 1675 4397 ἑτοίμου
1707 4325 2035 4394 ἐπαγγείλα-

457 4419 581 4474 σθαι
607 4420 704 4492 τὴν
728 4419 890 4474 αὑτοῦ
921 4421 1250 4490 παρουσίανί
1284 4415 1407 4472 Οἷον
1433 4419 1490 4470 δὲ
1520 4418 1615 4470 καὶ
1639 4417 1699 4469 τὸ
1726 4416 1912 4488 θαῦμα
1935 4417 2034 4486 τῆς

2183 567 2474 625 Servatore
2499 571 2822 626 domuncula
2854 585 3003 627 certa
3028 587 3400 644 perceperant.

2916 665 3004 720 ιν.

2248 747 2453 805 Nobilis
2505 752 2726 820 quidam
2782 756 2863 808 vir
2918 767 3036 810 erat
3095 759 3147 811 in
3213 757 3459 814 Romano
3511 761 3750 815 exercitu

2175 841 2420 915 ordinem
2448 841 2650 897 ducens
2673 853 2728 898 et
2760 846 3073 914 dignitatem
3124 850 3385 918 adeptus;
3433 849 3589 919 cujus
3625 867 3748 906 cum

2175 931 2404 985 dilectus
2453 933 2689 990 famulus
2747 939 2977 1008 paralysi
3032 940 3284 996 laborans
3334 942 3478 998 domi
3518 942 3744 1012 jaceret,

2175 1023 2420 1075 conscius
2449 1025 2606 1077 simul
2637 1028 2814 1095 qualia
2853 1029 3107 1084 Servator
3155 1047 3279 1102 erga
3321 1033 3456 1088 alios
3495 1049 3748 1104 exprom-

2172 1111 2369 1177 psissct
2400 1115 2664 1184 prodigia,
2717 1129 2950 1186 u-grotos
3002 1135 3222 1187 sanans,
3246 1137 3570 1192 omnemque
3601 1139 3747 1179 mor-

2173 1203 2296 1255 bum
2330 1220 2397 1259 ac
2429 1206 2740 1276 languorem
2769 1211 3067 1279 depellens,
3101 1223 3282 1267 mente
3311 1224 3569 1284 reputans
3602 1216 3746 1268 haud

2169 1307 2290 1349 esse
2319 1299 2610 1352 humanum
2636 1301 2685 1352 id
2715 1317 2884 1371 genus
2925 1303 3308 1358 miraculorum
3337 1345 3350 1365 ,
3390 1305 3603 1360 accedit
3635 1316 3744 1359 tau-

2168 1401 2329 1454 quam
2393 1391 2458 1443 ad
2513 1391 2714 1453 Deum,
2768 1393 2908 1446 haud
2956 1404 3206 1463 spectans
3240 1395 3450 1450 visibile
3497 1399 3744 1467 corporis

2168 1493 2466 1547 organum,
2498 1497 2606 1550 quo
2649 1499 2770 1536 cum
2831 1485 3143 1540 hominibus
3176 1501 3456 1542 sermones
3503 1489 3742 1548 serebat.

2165 1573 2263 1622 sed
2292 1570 2616 1625 invisibiletn
2658 1573 2839 1642 potius
2890 1574 3057 1627 Deum
3091 1575 3181 1643 qui
3235 1575 3446 1629 mortali
3480 1576 3533 1630 in
3563 1576 3745 1644 specie

2165 1661 2437 1728 propriam
2471 1663 2724 1717 virtutem
2751 1665 3172 1719 demonstrabat.
3200 1665 3560 1732 Quamobrem
3587 1683 3744 1737 roga-

2168 1753 2258 1807 bat
2288 1763 2344 1808 et
2395 1756 2508 1823 ipse
2556 1767 2614 1808 ut
2661 1770 2830 1825 puero
2881 1771 2980 1810 suo
3032 1755 3269 1810 divinam
3328 1751 3744 1813 beneﬁcentiam

2169 1847 2501 1917 impetraret.
2545 1848 2610 1902 Et
2631 1848 2939 1904 Judaeorum
2978 1852 3194 1920 quidem
3232 1851 3499 1916 seniores,
3534 1851 3635 1905 levi
3673 1852 3745 1906 de

2163 1956 2325 1994 causa
2359 1942 2680 1997 beneﬁcium
2714 1943 2766 1997 id
2797 1945 3172 2012 postulabant,
3220 1959 3413 2013 nempe
3448 1944 3577 2012 quia
3615 1959 3740 1998 ceu-

2163 2033 2628 2102 turioimpensas
2675 2050 2803 2105 erga
2853 2036 3092 2103 ipsorum
3125 2052 3452 2106 synagogam
3483 2035 3736 2107 fecisset;

2162 2123 2420 2178 Dominus
2452 2136 2630 2179 autem
2666 2126 2806 2179 haud
2837 2128 2886 2181 ei
2927 2129 3001 2182 rei
3027 2143 3215 2183 curam
3262 2129 3596 2194 intendebat,
3642 2128 3738 2181 sed

2162 2214 2330 2268 multo
2377 2216 2602 2280 majori,
2640 2233 2834 2286 nempe
2875 2228 2934 2272 ut
2975 2221 3134 2272 [idem
3163 2221 3414 2289 potentia:
3456 2234 3566 2272 suae
3597 2222 3735 2286 apud

2160 2315 2382 2361 cunctos
2420 2308 2670 2363 homines
2725 2322 3016 2366 astrueret.
3063 2313 3194 2366 Dum
3231 2313 3376 2365 enim
3426 2313 3730 2367 centurioni

2156 2397 2298 2452 bona
2365 2409 2546 2453 mente
2606 2401 2829 2468 praedito
2877 2400 3114 2465 favebat,
3169 2403 3382 2456 caeteris
3439 2399 3601 2456 simul
3665 2404 3733 2454 ad

2157 2490 2558 2557 suscipiendam
2598 2491 2758 2547 [idem
2791 2492 2896 2546 dux
2935 2494 3117 2547 fiebat.
3142 2493 3331 2562 Neque
3357 2509 3488 2550 sane
3515 2496 3732 2566 ignora-

2155 2579 2247 2634 bat
2291 2581 2405 2636 lore
2451 2591 2510 2636 ut
2546 2584 2793 2638 centurio
2839 2600 3117 2639 accessum
3153 2585 3268 2653 ejus
3301 2586 3367 2640 ad
3425 2601 3550 2640 suas
3589 2587 3730 2641 mdes

2156 2670 2563 2740 deprecaretur,
2599 2674 2696 2726 sed
2732 2683 2934 2740 tamen,
2965 2675 3146 2729 sciens
3175 2675 3297 2730 licet
3349 2675 3581 2730 futuram
3613 2676 3730 2746 ejus

2153 2762 2460 2832 religiosam
2483 2763 2946 2833 deprecationem,
2980 2766 3227 2834 ingenuae
3255 2767 3495 2835 petitioni
3517 2770 3727 2830 annuit,

2152 2855 2371 2923 utrique
2404 2855 2641 2910 hominis
2668 2865 2794 2908 voto
2831 2872 2982 2911 suam
3015 2860 3440 2915 accommodans
3479 2859 3733 2916 volunta-

2153 2955 2294 3010 tem;
2328 2946 2578 3014 petitioni
2623 2949 2840 3016 quidem
2882 2948 3294 3017 promissionem
3347 2959 3400 3005 et
3435 2952 3729 3020 profectio-

2151 3053 2305 3105 nem;
2344 3039 2713 3108 deprecationi
2745 3050 2953 3106 autem,
2982 3043 3273 3110 quominus
3302 3043 3404 3097 iret
3426 3083 3441 3105 ,
3473 3047 3727 3114 potentiae

2152 3133 2258 3186 vim
2303 3148 2406 3202 qua
2442 3136 2560 3189 sine
2608 3135 2896 3203 praesentia
2941 3137 3265 3190 medicinam
3329 3138 3476 3193 fecit.
3539 3139 3727 3210 Neque

2148 3225 2316 3288 enim,
2359 3233 2418 3279 ut
2453 3241 2604 3280 suam
2632 3227 3008 3296 praevisionem
3042 3231 3375 3294 ostenderet,
3407 3231 3548 3286 illius
3579 3244 3726 3289 recte

2147 3316 2400 3370 virtutem
2428 3317 2826 3387 impedivisset;
2855 3321 2946 3373 sed
2972 3319 3090 3374 sine
3107 3319 3270 3385 fastu,
3297 3325 3530 3378 humano
3551 3341 3721 3385 more.

2145 3407 2296 3476 quasi
2334 3422 2444 3461 rem
2478 3408 2710 3462 futuram
2743 3411 3023 3477 ignorans,
3064 3413 3400 3479 sequebatur
3436 3417 3720 3471 centurio-

2147 3514 2292 3564 nem,
2321 3509 2377 3552 ut
2407 3498 2584 3554 locum
2610 3501 2710 3569 piae
2739 3501 2880 3556 illius
2905 3503 3238 3571 responsioni
3274 3518 3336 3558 ac
3365 3507 3720 3573 propositioni

2147 3589 2521 3660 relinqueret,
2567 3601 2622 3646 et
2653 3592 3020 3650 valetudinem
3067 3597 3281 3650 eminus
3313 3599 3476 3652 etiam
3511 3602 3718 3667 petenti

2143 3681 2428 3748 prteberet.

2213 3771 2277 3826 Hi
2308 3782 2438 3828 sunt
2473 3774 2738 3830 mansueti
2771 3773 3102 3840 Servatoris,
3129 3779 3301 3846 magis
3352 3781 3518 3834 etiam
3548 3798 3714 3850 quam

2143 3865 2507 3934 prodigiorum
2541 3868 2802 3936 potentia,
2827 3868 3131 3923 admirandi
3161 3881 3332 3925 actus.
3364 3871 3528 3928 Plane
3556 3875 3608 3927 in
3635 3877 3717 3948 his

2143 3961 2281 4013 haud
2333 3961 2512 4014 minus
2561 3959 2664 4012 fuit
2708 3959 3006 4023 mirabilis,
3064 3977 3224 4030 quam
3284 3978 3407 4018 cum
3465 3965 3712 4018 morbum

2139 4052 2343 4115 depulit
2391 4061 2730 4120 mortemque
2779 4051 3078 4120 prohibuit.
3129 4052 3343 4118 Quanta
3395 4066 3544 4110 certe
3590 4072 3710 4110 cum

2140 4153 2407 4212 potestate
2433 4142 2740 4196 Servatoris
2769 4157 2872 4196 vox
2905 4144 3123 4212 prodiit,
3153 4157 3466 4217 quantaque
3499 4129 3554 4202 vi
3573 4166 3712 4220 prai-

2140 4233 2284 4287 (Iita!
2339 4241 2544 4302 quanta
2579 4234 2794 4286 demum
2851 4233 3158 4302 benignitas
3193 4245 3357 4306 atque
3386 4240 3452 4293 ad
3483 4239 3707 4294 benefa-

2141 4323 2391 4378 ciendum
2417 4323 2759 4391 proclivitas,
2808 4339 2929 4378 cum
2958 4340 3017 4378 se
3043 4327 3450 4394 paratissimum
3481 4330 3546 4382 ad
3578 4347 3707 4401 pro-

2137 4415 2485 4470 ﬁciscendum
2540 4417 2860 4470 nuntiavit!
2926 4415 3180 4472 Profecto
3247 4419 3492 4475 beneﬁcii
3549 4422 3710 4492 hujus

455 4512 794 4584 εὐεργεσίας,
822 4513 929 4565 οὐδ’
958 4512 1104 4565 ἐστιν
1136 4510 1372 4577 ἐπαξίως
1398 4510 1610 4579 νοῆσαι.
1640 4509 1713 4562 Τὸ
1735 4508 1842 4578 γάρ
1872 4508 2031 4577 μόνον

2151 4505 2608 4558 idtuirabilitatem
2635 4521 2796 4560 nemo
2828 4506 2987 4575 digne
3012 4509 3319 4562 mstiuiabit.
3353 4508 3484 4563 Nam
3520 4513 3704 4567 dicere

456 4603 818 4672 φθέγξασθαι,
855 4604 950 4656 καὶ
982 4604 1097 4674 ἆμα
1128 4602 1271 4672 λόγῳ
1313 4601 1413 4672 τὴν
1448 4601 1590 4654 ἴασιν
1637 4599 1716 4670 τῷ
1764 4600 1856 4652 τοῦ
1897 4601 2027 4652 ἐκα-

453 4689 747 4760 τοντάρχου
791 4689 940 4742 παιδὶ
974 4692 1274 4760 παρασχεῖν
1295 4729 1309 4752 ,
1361 4690 1455 4742 καὶ
1489 4687 1794 4752 ἀπαλλάξαι
1849 4707 2025 4759 παρα-

451 4782 636 4851 χρῆμα
666 4778 760 4831 τοῦ
809 4780 984 4831 νοσεῖν
1016 4779 1106 4832 τὸν
1134 4779 1286 4849 παρά
1330 4777 1502 4847 βραχὺ
1539 4775 1618 4846 τῷ
1659 4777 1870 4846 θανάτῳ
1899 4794 2028 4829 κατ-

455 4873 743 4942 εσχημένον
767 4911 782 4937 ,
833 4871 950 4934 πῶς
981 4872 1042 4923 οὐ
1075 4870 1206 4923 Θεὸν
1239 4869 1452 4940 ἀληθῶς
1479 4869 1568 4922 διὰ
1611 4869 1812 4940 θνητῆς
1842 4871 2025 4940 φωνῆς

452 4964 822 5035 φθεγξάμενον
851 4963 1089 5034 παρίστη
1117 4959 1256 5032 (59);
1290 4961 1362 5012 Οὐ
1403 4961 1654 5029 πάρεστι,
1682 4960 1866 5024 καὶώς
1887 4977 2029 5032 παρ.

449 5057 524 5108 ὼν
579 5060 823 5127 ἐνεργεῖ·
879 5055 1053 5122 λόγων
1083 5055 1192 5122 γὰρ
1242 5051 1378 5104 Θεοῦ
1426 5053 1519 5103 καὶ
1569 5051 1746 5122 ἔργων
1781 5053 1932 5106 οὐδὲν
1963 5055 2025 5106 τὸ

453 5147 675 5216 μεταξύ.
711 5150 820 5201 Καὶ
847 5148 908 5200 οὐ
941 5148 1100 5218 μέχρι
1124 5147 1296 5214 λόγων
1325 5147 1514 5214 γέγονε
1537 5145 1614 5216 τῷ
1641 5146 2024 5215 ὲκατοντάρχῳ

449 5242 477 5290 ὁ
505 5238 741 5301 ἔπαινος,
763 5240 898 5292 ἁλλά
929 5242 1022 5293 καὶ
1052 5239 1142 5291 τὸν
1170 5238 1427 5291 νοσοῦντα
1461 5238 1590 5307 ὑγιῆ
1621 5239 1900 5291 ἀπέδωκεν
1930 5239 2024 5290 ἐπὶ

447 5330 543 5399 τῆς
572 5331 837 5394 πίστεως,
868 5333 961 5383 καὶ
991 5327 1243 5402 λαμπρὸν
1281 5329 1430 5399 αὐτῷ
1463 5329 1650 5382 πλέκει
1689 5329 1780 5381 τὸν
1823 5330 2022 5398 στέφα-

518 5485 630 5554 (55)
663 5484 795 5539 Cod.
817 5485 884 5556 L.
919 5484 956 5537 l'.
988 5487 1040 5538 4.
1072 5486 1134 5556 li.
1152 5484 1279 5556 Syr.
1307 5485 1401 5538 lib.
1440 5499 1514 5546 Iv,
1547 5482 1604 5535 2.

517 5551 628 5631 (ᾅϐ)
656 5555 980 5631 Vocabulum
1005 5551 1407 5631 ἐπειλημμένος
1428 5553 1697 5631 quomodo
1717 5551 2012 5631 e‘xplicetur

441 5641 505 5681 ex
533 5629 670 5698 Syro
694 5627 1061 5698 Auglice,_was
1092 5626 1142 5698 in
1167 5626 1200 5677 ὰ
1228 5637 1361 5698 state
1387 5626 1731 5698 ofsuspense.
1749 5639 1852 5698 non
1880 5626 2014 5674 satis

445 5692 719 5765 intelligo;
768 5692 866 5747 nisi
923 5695 1062 5748 forte
1099 5696 1267 5763 Syrus
1314 5695 1440 5758 legit
1473 5692 1900 5763 ἀπειλημμένος,
1964 5701 2016 5744 et

443 5771 656 5822 uuidctu
692 5767 954 5820 translata
993 5766 1446 5827 interpunctione.

2135 4597 2531 4663 tantummodo,
2565 4606 2621 4651 et
2646 4613 2753 4652 una
2784 4613 2904 4652 cum
2956 4601 3124 4654 verbo
3173 4602 3461 4657 sanitatem
3511 4615 3702 4659 centu-

2133 4690 2302 4742 rionis
2355 4704 2525 4757 puero
2568 4689 2778 4758 largiri,
2831 4705 2895 4743 ac
2944 4703 3166 4760 repente
3213 4695 3400 4748 inorbo
3446 4700 3704 4764 expedire

2129 4782 2368 4850 eumqui
2405 4782 2456 4834 in
2496 4782 2688 4834 mortis
2741 4782 2929 4835 limine
2967 4784 3308 4848 versabatur,
3345 4787 3530 4854 quidni
3575 4805 3700 4843 vero

2129 4872 2296 4926 Deum
2333 4874 2567 4926 humana
2614 4887 2746 4926 voce
2803 4873 3109 4941 loquentem
3159 4876 3553 4933 demonstrat?
3586 4879 3700 4934 Non

2130 4963 2303 5027 adest,
2348 4972 2404 5017 et
2449 4964 2611 5018 veluti
2662 4979 2901 5032 prtcsens
2955 4977 3249 5035 operatur:
3283 4985 3403 5021 uain
3433 4971 3576 5025 inter
3606 4972 3697 5025 Dei

2130 5055 2290 5106 verba
2313 5063 2368 5107 et
2399 5069 2562 5121 opera
2589 5054 2723 5106 nihil
2753 5055 3000 5112 interest.
3035 5057 3220 5128 Neque
3245 5060 3362 5115 laus
3390 5065 3696 5117 centurioni

2127 5145 2324 5198 tributa
2369 5145 2657 5198 verborum
2692 5155 2851 5200 tenus
2881 5147 3001 5210 fuit,
3037 5154 3130 5203 sed
3160 5160 3214 5204 et
3245 5167 3446 5222 :egrum
3472 5169 3694 5221 puerum

2126 5239 2194 5292 ob
2233 5238 2378 5293 illius
2406 5239 2562 5293 Iidem
2596 5243 2828 5303 sanavit,
2865 5253 3028 5310 atque
3071 5244 3140 5296 ita
3189 5245 3526 5312 Splendidutn
3557 5265 3687 5317 pne~

2125 5331 2294 5385 mium
2340 5331 2592 5384 contulit.
2652 5332 2797 5384 Dixit
2837 5333 3004 5401 enim,
3056 5351 3297 5404 moxque
3346 5354 3508 5406 opera
3556 5355 3692 5408 pra--

2189 5483 2299 5554 (57)
2352 5485 2486 5537 Exin
2538 5486 2812 5553 aliquanto
2859 5497 3032 5543 tractu
3085 5492 3311 5548 Grmcus
3358 5502 3536 5551 textus
3572 5508 3690 5553 tan-

2121 5560 2397 5626 tuuttuodo
2428 5557 2544 5608 sine
2569 5557 2813 5626 Syriam).

2191 5622 2304 5700 (ἓξ)
2429 5627 2464 5675 l'.
2503 5622 2632 5689 H4}
2665 5625 2724 5680 L.
2758 5627 2797 5681 ί.
2829 5631 2884 5695 5,
2921 5630 2990 5694 1);
3035 5630 3157 5700 Syr.
3174 5649 3255 5695 -tv,
3285 5636 3335 5689 5.

2198 5691 2310 5767 (ξθ)
2345 5693 2439 5746 llic
2466 5712 2681 5762 «pioque
2707 5691 2912 5767 septem
2947 5691 3280 5756 fere'versus
3312 5708 3690 5767 desiderantur

2126 5762 2178 5814 in
2211 5761 2372 5827 Syro,
2406 5767 2485 5817 vel
2522 5761 2671 5816 certe
2704 5761 2975 5822 ἱιιῦτίιτυο
3007 5773 3304 5827 abundant.
