4116 6440
390 399 495 456 625

1060 392 1327 452 EUSEBII
1367 391 1845 449 CJESARIENSIS
1883 390 2033 445 OPP.
2074 390 2250 444 PARS
2294 389 2380 443 IV.
2421 420 2491 430 --
2531 385 2949 444 DOGMATICA.

3545 381 3652 435 62‘

392 512 648 567 dictionis
708 520 859 567 testis
910 512 1197 567 subsecuta
1251 522 1376 579 est;
1414 528 1536 564 nam
1596 525 1729 581 puer
1781 510 1960 564 statim

2081 528 2171 561 ρον.
2206 506 2338 562 Εἶπε
2370 508 2499 579 γάρ,
2539 507 2635 559 καὶ
2667 505 2726 557 τὺ
2769 504 2929 572 ἔργον
2963 499 3293 570 ἠκολούθησε
3344 497 3657 568 μαρτυροῦν

391 603 690 661 convaluit.

465 695 616 764 Quod
662 694 707 748 si
754 692 877 763 quis
922 691 1064 747 hanc
1110 705 1226 745 rem
1281 706 1425 762 mgre
1460 694 1565 747 sibi
1620 693 1689 747 ob
1732 690 1964 762 prodigii

395 784 821 859 magnitudinem
848 783 1201 853 persuadeat,
1262 783 1403 837 haud
1452 792 1634 837 tamen
1667 782 1735 836 de
1782 783 1970 852 praedi-

397 877 581 934 ctione
613 882 760 931 recte
793 873 1085 940 dubitabit,
1132 889 1199 928 ex
1242 890 1345 944 qua
1391 876 1696 929 evidentior
1729 874 1850 928 facti
1876 873 1970 927 dc-

397 965 721 1024 ntonstralio
753 964 1064 1028 coniicitur,
1091 966 1134 1018 si
1168 963 1293 1033 quis
1326 973 1561 1033 reputet,
1589 963 1810 1017 unicum
1857 961 1969 1015 [lo-

396 1075 616 1116 manum
643 1060 927 1115 hominem
968 1057 1134 1112 fuisse
1168 1057 1262 1126 qui
1294 1059 1360 1110 ad
1400 1055 1751 1111 Servatorem
1782 1070 1970 1110 acces-

394 1155 486 1222 sit,
529 1155 733 1225 quique
782 1152 1041 1221 majorem
1077 1153 1243 1207 etiam
1304 1153 1587 1222 magisque
1623 1151 1965 1214 benevolam,

393 1261 557 1316 quam
600 1243 826 1300 Iudaica
878 1242 1239 1306 natio,°l‘eeit
1275 1241 1483 1296 Christi
1534 1240 1967 1307 confessionem;

394 1346 584 1392 noster
633 1350 768 1390 vero
810 1325 1332 1391 Servator'multos
1385 1347 1485 1405 pro
1541 1347 1670 1397 uno,
1725 1347 1878 1399 atque
1908 1349 1971 1385 ac

393 1429 558 1494 hunc,
614 1427 682 1481 ad
732 1441 792 1481 se
842 1438 1162 1481 accessuros
1207 1422 1441 1477 allirmat
1493 1438 1561 1477 ex
1615 1422 1972 1478 orientalibus

394 1518 728 1592 regionibus,
757 1520 994 1587 itemque
1019 1530 1088 1571 ex
1113 1515 1560 1580 occidentalibus,
1587 1517 1677 1585 qui
1705 1515 1774 1568 ob
1811 1531 1967 1569 suam

391 1609 592 1666 Christi
614 1610 978 1682 cognitionem
1002 1616 1056 1662 et
1080 1606 1502 1672 confessionem,
1532 1608 1674 1661 haud
1705 1609 1969 1661 minorem

392 1720 422 1757 a
474 1703 586 1758 Deo
637 1709 1042 1771 consequentur
1075 1700 1340 1755 honorem
1387 1714 1551 1769 quam
1615 1698 1969 1754 Hebraeorum

392 1802 671 1865 parentes.
701 1791 944 1863 Namque
960 1801 1018 1847 et
1040 1792 1236 1846 borum
1269 1791 1605 1861 patriarcha,
1634 1789 1851 1845 celeber
1883 1789 1973 1844 ille

2069 606 2133 673 τῇ
2166 601 2503 673 προρρήσει·
2536 599 2631 653 καλ⁵
2669 597 2794 667 ἰάθη
2825 599 2854 649 ὁ
2888 598 3016 657 παῖς
3048 592 3263 646 αὐτίκα.

2152 692 2291 745 Ἀλλ’
2315 694 2363 745 εἰ
2393 691 2528 764 πρὸς
2554 689 2711 743 τοῦτό
2733 702 2819 753 et;
2844 686 3151 748 δυσπίστως
3180 683 3292 754 ἔχει
3322 683 3412 738 διὰ
3435 683 3535 755 τὴν
3559 682 3657 737 τοῦ

2070 783 2349 854 θαύματος
2411 781 2747 854 ὑπερϐολὴν,
2815 777 2929 833 ἀλλ’
2996 776 3097 828 οὐκ
3152 776 3246 828 ἐπὶ
3297 776 3657 846 προρρήσεως

2072 876 2369 945 σκήπτοιτο
2398 873 2464 926 ἂν
2496 872 2734 940 εὐλόγως
2752 913 2766 935 ,
2796 869 2881 938 ἐφ’
2976 867 3177 939 μείζων
3207 866 3240 917 ὁ
3270 865 3371 934 τῆς
3403 864 3657 937 πράξεως

2070 965 2290 1035 ἔλεγχος
2320 963 2792 1034 ἀποδειχθήσεται,
2824 962 2879 1015 εἰ
2900 978 2985 1025 τις
3024 962 3081 1014 ὲν
3113 957 3190 1029 νῷ
3216 957 3392 1022 λάϐοι,
3428 958 3505 1021 ὡς
3533 956 3655 1009 τότε

2073 1056 2171 1125 μὲν
2198 1051 2279 1119 εἷς
2321 1054 2590 1125 Ῥωμαῖος
2615 1048 2683 1124 ἦν
2712 1055 2741 1106 ὁ
2764 1050 2842 1122 τῷ
2874 1051 3091 1121 Σωτῆρι
3124 1047 3545 1121 προσεληλυθὼς
3568 1063 3655 1117 χι-

2070 1145 2312 1217 λίαρχος,
2339 1147 2368 1197 6
2392 1144 2457 1216 δὴ
2483 1142 2705 1215 μείζονα
2731 1142 2825 1195 καί
2856 1141 3369 1212 εὐγνωμονεστέραν
3397 1138 3493 1193 τοῦ
3527 1139 3661 1191 ’1ου-

2069 1237 2235 1291 δαίων
2273 1237 2458 1301 ἔθνους
2489 1235 2862 1306 ἐνδειξάμενος
2895 1234 2993 1304 τὴν
3024 1234 3106 1296 εἰς
3138 1232 3299 1287 αὐτὸν
3327 1230 3615 1303 ὁμολογίαν
3638 1244 3657 1261 ο

2070 1331 2099 1382 ὁ
2128 1330 2172 1382 δ’
2203 1328 2472 1401 ἡμέτερος
2504 1326 2693 1399 Σωτὴρ
2722 1326 2950 1389 πολλοὺς
2975 1324 3090 1379 ἀνθ’
3125 1324 3244 1387 eve;
3286 1323 3503 1377 ἔσεσθαι
3530 1323 3659 1386 τοὺς

2072 1422 2193 1475 κατ’
2238 1423 2444 1476 ἐκεῖνον
2486 1420 2776 1491 μέλλοντας
2824 1417 2975 1488 αὐτῷ
3024 1417 3309 1487 προσιέναι
3342 1417 3408 1468 ὲκ
3451 1415 3573 1495 τῶν.
3596 1432 3656 1469 τε

2072 1511 2209 1583 πρὸς
2244 1510 2319 1563 ἔω
2352 1509 2444 1563 καὶ
2495 1507 2763 1581 ἀνατολὴν
2808 1508 3111 1578 κλιμάτων,
3140 1505 3248 1559 τῶν
3279 1523 3340 1559 τε
3374 1506 3516 1560 κατὰ
3538 1505 3658 1561 606-

2075 1620 2235 1674 μενον
2274 1603 2425 1674 ἥλιον
2466 1601 2758 1655 οἰκούντων
2802 1598 3081 1664 θεσπίζει,
3133 1598 3259 1661 τοὺς
3294 1596 3385 1652 διὰ
3425 1601 3527 1669 τῆς
3579 1599 3659 1661 εἰς

2073 1693 2235 1747 αὐτὸν
2270 1690 2619 1762 ἐπιγνώσεως
2649 1709 2707 1743 τε
2750 1690 2847 1744 καὶ
2877 1689 3180 1760 ,ὁμολογίας
3217 1689 3320 1759 τῆς
3354 1688 3477 1759 ἴσης
3507 1687 3662 1759 παρά

2072 1782 2193 1854 Θεῷ
2222 1784 2389 1854 τιμῆς
2417 1785 2530 1845 τοῖς
2568 1780 2832 1847 Ἐϐραίων
2866 1780 3211 1852 προπάτορσι
3246 1777 3658 1849 καταξιωθησο-

395 1880 762 1943 Abrahamus,
782 1895 850 1935 ex
880 1879 1199 1949 irreligiosis
1236 1879 1552 1949 parentibus
1596 1889 1771 1947 ortus,
1801 1879 1969 1933 vitam

2081 1876 2303 1947 μένους·
2340 1877 2421 1928 ὅτι
2467 1875 2533 1947 δὴ
2575 1875 2841 1928 κάκείνων
2877 1876 2906 1928 ὁ
2947 1873 3279 1945 προπάτωρ,
3313 1871 3475 1936 αὐτὸς
3517 1871 3582 1943 δὴ
3629 1873 3665 1926 ὁ

397 1974 777 2037 commutavit,
804 1986 835 2026 a
862 1970 1210 2042 polytheismi
1245 1985 1435 2026 errore
1466 1972 1747 2038 recedens,
1777 1987 1975 2024 unum-

398 2078 507 2137 quo
568 2064 930 2120 universalem
983 2063 1153 2118 Deum
1196 2063 1311 2131 ipse
1362 2062 1603 2131 agnovit.
1641 2060 1780 2129 Quin
1808 2061 1971 2116 etiam

409 2158 529 2229 ⁸³11³8
557 2155 685 2213 ﬁliis
712 2157 897 2212 lsaaco
929 2168 1092 2224 atque
1137 2152 1341 2210 Jacobo
1375 2152 1582 2208 similes
1629 2153 1776 2209 fores
1809 2153 1974 2208 innu-

408 2262 590 2304 tneros
616 2262 710 2318 per
728 2249 1034 2302 universum
1059 2246 1269 2308 orbem,
1306 2246 1610 2313 praesertim
1638 2260 1767 2299 vero
1790 2244 1976 2300 orien-

407 2341 480 2396 tis
512 2349 568 2395 et
592 2340 807 2396 occidui
841 2338 972 2395 solis
1000 2338 1250 2408 ponulos.
1285 2337 1560 2408 praedixit.
1592 2336 1833 2406 Denique
1861 2352 1975 2390 mo-

399 2430 568 2485 menti
639 2428 864 2485 maximi
935 2430 1254 2499 superaddit
1333 2427 1419 2484 bis
1505 2427 1971 2498 praedictionem;

400 2536 594 2592 nempe
616 2525 759 2591 quod
798 2519 968 2576 Judaei
1011 2521 1136 2591 ipsi,
1162 2520 1272 2576 Deo
1297 2522 1587 2576 charorum
1626 2519 1836 2575 illorum
1878 2536 1979 2591 po-

399 2615 553 2675 steri,
596 2614 688 2684 qui
735 2612 1107 2668 Abrahamum
1154 2613 1453 2681 iactabant,
1503 2610 1749 2668 Ianaeum
1805 2623 1971 2682 atque

399 2704 688 2767 Jacobum,
719 2714 944 2772 propter
971 2717 1124 2757 suam
1162 2702 1427 2758 adversus
1468 2702 1636 2756 Deunt
1666 2702 1976 2757 vecordiam

400 2807 456 2848 et
483 2794 947 2855 incredulitatem,
995 2806 1095 2847 cett
1149 2792 1394 2847 scientia:
1442 2791 1652 2847 lumine
1679 2792 1888 2858 orbati,
1923 2795 1975 2845 in

404 2886 661 2942 tenebras
691 2884 997 2940 exteriores
1024 2882 1328 2952 expcllendi
1358 2892 1543 2939 essent
1571 2901 1586 2936 :
1618 2882 1699 2937 sic
1721 2882 1975 2936 nimirum

403 2976 735 3042 imperitiam
769 2973 1009 3039 illorum,
1038 2987 1417 3039 summamque
1465 2971 1768 3037 inscitiam,
1798 2980 1855 3028 et
1887 2985 1978 3026 sa-

404 3068 602 3122 lutaris
634 3066 856 3121 luminis
896 3065 1184 3121 orbitatem
1231 3065 1555 3136 praedicens.
1605 3062 1743 3120 Hinc
1796 3079 1977 3120 rerum

406 3168 622 3230 oportet
653 3160 858 3213 exitum
911 3158 1373 3223 animadvertere,
1423 3166 1592 3227 atqne
1641 3159 1776 3212 adeo
1805 3156 1979 3211 oculis

405 3249 789 3328 contemplari,
840 3249 1113 3319 quomodo
1140 3247 1332 3313 Judaei,
1360 3249 1455 3318 qui
1484 3249 1751 3304 dictorum
1805 3248 1983 3302 homi-

2078 1965 2352 2037 βοώμενος
2397 1966 2648 2038 Ἀϐραὰμ
2680 1969 2745 2020 ὲκ
2773 1966 3023 2037 πατέρων
3041 1965 3372 2038 ’ὁρμώμενος
3404 1965 3661 2019 δεισιδαι-

2080 2060 2255 2130 μόνων
2289 2058 2645 2130 μετεϐάλλετο
2671 2060 2763 2112 τὸν
2800 2059 2932 2129 βίον,
2964 2060 3064 2130 τῆς
3098 2059 3198 2129 μὲν
3231 2058 3493 2112 πολυθέου
3523 2057 3668 2112 πλά-

2077 2169 2174 2221 νης
2200 2152 2581 2223 ἀναχωρήσας,
2623 2150 2720 2205 ἕνα
2743 2151 2801 2205 δὲ
2833 2151 2924 2205 τὸν
2972 2151 3065 2204 ἐπὶ
3114 2151 3334 2204 πάντων
3365 2149 3500 2204 Θεὸν
3535 2152 3661 2205 ὲπι-

2077 2243 2239 2310 γνοὺς
2273 2241 2390 2295 ὁδί’
2429 2243 2669 2305 καὶτοῖς
2700 2240 2864 2295 αὑτοῦ
2906 2243 3065 2296 παισί
3097 2242 3175 2312 τῷ
3222 2240 3405 2296 Ἰσαάκ
3445 2242 3543 2294 καὶ
3584 2241 3669 2314 τῷ

2089 2332 2285 2386 Ἰακὼϐ
2322 2332 2540 2404 ὁμοίους
2588 2332 2807 2387 ἔσεσθαι
2844 2334 3070 2404 μυρίους
3111 2332 3231 2386 καθ’
3273 2333 3403 2402 ὅλης
3448 2333 3551 2402 τῆς
3580 2332 3663 2386 οἰ-

2077 2424 2372 2495 κουμένης,
2407 2426 2502 2477 καλ⁵
2532 2424 2739 2477 τούτων
2769 2423 3002 2494 μάλιστα
3023 2424 3093 2477 τά
3121 2424 3259 2495 πρὸς
3284 2423 3359 2476 ἕω
3387 2422 3537 2494 ἔθνη,
3569 2425 3669 2480 καὶ

2076 2504 2207 2578 τοὺς
2259 2512 2402 2567 κατὰ
2445 2513 2704 2583 δυόμενον
2743 2514 2894 2585 ἥλιον
2937 2511 3221 2576 οικοῦντας
3265 2512 3666 2584 προαγορεύειν

2079 2606 2403 2677 προστίθησί
2447 2622 2504 2659 τε
2536 2604 2748 2668 τούτοις
2779 2605 2842 2658 τὸ
2874 2605 3128 2677 μέγιστον
3157 2605 3256 2676 τῆς
3286 2608 3668 2677 προρρήσεωςν

2079 2699 2235 2751 αὐτοὶ
2273 2698 2513 2751 Ἰουδαῖοι
2538 2697 2649 2750 τῶν
2687 2696 2953 2767 θεοφιλῶν
2995 2698 3220 2751 ἐκείνων
3254 2698 3545 2765 ἀπόγονοι,
3573 2699 3669 2751 τὸν

2092 2789 2345 2861 Ἀϐραὰμ
2376 2788 2672 2859 αὐχοῦντες
2709 2790 2923 2843 καὶτὸν
2963 2788 3149 2843 Ἰσαάκ
3181 2789 3276 2843 καὶ
3311 2789 3404 2843 τὸν
3446 2788 3664 2852 Ἰακὼϐ,

2078 2880 2168 2934 διὰ
2209 2880 2306 2951 τὴν
2353 2882 2433 2945 εἰς
2470 2880 2634 2935 αὐτὸν
2666 2881 2890 2949 ἀλογίαν
2936 2898 2997 2935 τε
3032 2882 3127 2937 καὶ
3157 2882 3441 2946 ἀπιστίαν,
3480 2882 3555 2945 ὡς
3596 2882 3672 2935 ἂν

2080 2972 2175 3027 τοῦ
2214 2974 2314 3045 τῆς
2347 2973 2604 3041 γνώσεως
2637 2974 2818 3045 φωτὸς
2857 2973 3317 3047 ἀπεστερημένοι,
3369 2973 3669 3045 ἀπόϐλητοι

2081 3067 2400 3138 γενήσονται
2430 3070 2509 3130 εἰς
2545 3067 2612 3121 τὸ
2653 3067 2842 3131 σκότος
2885 3067 2948 3121 τὸ
2991 3066 3278 3139 ἐξώτερον,
3312 3066 3413 3140 τὴν
3444 3068 3668 3138 ἄγνοιαν

2007 3204 2051 3262 C
2082 3158 2262 3213 αὐτῶν
2309 3160 2403 3215 καὶ
2431 3159 2532 3230 τὴν
2578 3159 2814 3262 ἐσχάτην
2846 3158 3118 3230 ἀμαθίαν,
3151 3158 3248 3213 τοῦ
3296 3177 3357 3214 τε
3400 3161 3672 3232 σωτηρίου

2086 3252 2264 3320 φωτὸς
2292 3251 2390 3323 τὴν
2425 3251 2682 3324 στέρησιν
2711 3245 2814 3304 ὧδὲ
2854 3268 2930 3324 πη
2972 3255 3458 3324 προαναφωνήσας.
3504 3253 3675 3307 Ἔνθα

407 3362 537 3408 num
586 3346 697 3402 Deo
726 3346 1018 3401 charorum
1067 3359 1239 3415 genus
1292 3357 1415 3398 esse
1455 3341 1779 3413 gloriantur,
1825 3340 1977 3408 ejecti

2083 3344 2149 3415 δὴ
2177 3344 2467 3415 ἐπιστῆσαι
2500 3346 2614 3407 τοῖς
2643 3343 3050 3414 ἀποτελέσμασι
3096 3344 3363 3415 προσήκει
3394 3344 3490 3399 τὸν
3521 3344 3670 3407 νοῦν,

403 3438 611 3493 fuerint
643 3453 750 3493 non
780 3452 949 3509 regno
993 3437 1087 3492 Dei
1138 3436 1535 3502 tantummodo,
1584 3450 1778 3491 verum
1813 3433 1977 3488 etiam

2083 3435 2384 3506 ὀφθαλμοῖς
2410 3452 2469 3488 τε
2499 3437 2684 3499 αὐτοῖς
2712 3435 3068 3506 παραλαϐεῖν,
3095 3436 3171 3499 ὡς
3203 3435 3444 3491 Ἰουδαῖοι
3477 3437 3597 3508 μὲν,
3620 3439 3673 3491 οἱ

402 3546 561 3586 sacra
590 3531 829 3602 ipsorum
866 3527 1139 3601 regalique
1170 3526 1489 3596 metropoli:
1519 3526 1771 3595 exemplo
1799 3536 1977 3580 autem

2081 3526 2191 3579 τῶν
2223 3525 2529 3597 εἰρημένων
2561 3525 2825 3595 θεοφιλῶν
2858 3524 3068 3597 ἀνδρῶν
3105 3525 3262 3594 γένος
3294 3522 3436 3580 εῖναι
3472 3544 3532 3581 σε
3540 3545 3673 3599 μνυ-

403 3622 586 3689 unius,
614 3622 707 3691 qui
746 3620 876 3677 olim
909 3621 976 3674 ad
1012 3617 1361 3674 Servatorem
1412 3619 1673 3684 accessit,
1705 3617 1977 3673 centurio-

2084 3618 2323 3689 νόμενοι,
2358 3617 2611 3690 ἐκϐλητοι
2641 3619 2927 3687 γεγόνασιν
2969 3619 3032 3671 οὐ
3065 3618 3163 3689 τῆς
3201 3617 3297 3673 τοῦ
3336 3618 3474 3672 Θεοῦ
3518 3619 3674 3691 βασι-

404 3715 514 3779 nis,
542 3711 962 3768 innumerabilis
991 3712 1273 3768 hominum
1312 3710 1609 3766 multitudo
1634 3725 1700 3765 ex
1748 3709 1977 3765 nationi-

2085 3708 2237 3774 λείας
2272 3710 2452 3780 μόνον,
2484 3709 2619 3763 ἀλλὰ
2644 3711 2740 3764 καὶ
2758 3711 2856 3780 τῆς
2884 3709 3063 3763 αὐτῶν
3090 3710 3243 3781 ἱερᾶς
3270 3710 3364 3763 καὶ
3390 3709 3679 3783 βασιλικῆς

406 3807 512 3862 bus
551 3806 785 3871 cunctis,
832 3819 985 3876 atque
1032 3822 1098 3860 ac
1141 3806 1254 3874 ille,
1305 3805 1526 3861 Christo
1584 3802 1842 3874 adjuncta
1888 3801 1977 3867 sit,

2092 3803 2495 3874 μητροπόλεως·
2517 3803 2610 3856 ἐπὶ
2630 3802 2687 3856 δὲ
2719 3801 2835 3866 ἐνὸς
2856 3802 2952 3855 τοῦ
2980 3801 3150 3856 πάλαι
3171 3802 3250 3873 τῷ
3268 3802 3484 3873 Σωτῆρι
3508 3819 3673 3875 προσ-

406 3916 531 3971 (ιιιιιι
558 3900 627 3955 ab
650 3914 715 3955 eo
739 3902 953 3966 educta,
988 3899 1239 3955 eumdem
1274 3912 1435 3968 quem
1477 3896 1672 3967 inclyti
1720 3894 1798 3949 illi
1843 3893 1977 3964 apud

2088 3892 2406 3965 εληλυθὸτος
2471 3892 2750 3963 χιλιάρχου
2796 3894 3001 3962 ἄφατος
3051 3893 3263 3964 ἀνδρῶν
3315 3893 3551 3964 ἀριθμὸς
3617 3894 3676 3959 ἑξ

406 3989 666 4047 llebrzcos
703 3991 825 4053 viri.
857 3990 1026 4046 Deum
1051 4004 1368 4061 agnoscere,
1406 4006 1591 4059 parem
1620 3987 1732 4043 illis
1763 3988 1832 4042 ab
1864 3984 1977 4041 uni-

2091 3986 2346 4039 ἁπάντων
2379 3983 2487 4037 τῶν
2515 3983 2685 4037 ἐθνῶν
2712 3983 2915 4053 ὁμοίως
2944 3984 3138 4055 ἐκείνῳ
3161 3983 3240 4056 τῷ
3263 3984 3484 4056 Χριστῷ
3508 4001 3675 4057 προσ·-

405 4081 610 4139 versali
637 4098 763 4152 rege
795 4085 907 4139 Deo
935 4084 1245 4140 mercedem
1285 4084 1527 4152 recipere
1549 4082 1710 4151 digna
1744 4079 1863 4134 fuit.

2091 4078 2299 4142 ιόντων,
2340 4078 2435 4130 καὶ
2454 4076 2545 4129 διὰ
2568 4075 2669 4146 τῆς
2691 4075 2853 4129 αὐτοῦ
2883 4075 3229 4139 διδασκαλίας
3268 4076 3361 4130 τὸν
3391 4078 3500 4131 τῶν
3543 4077 3673 4147 παρ’

415 4176 689 4249 Ἑϐραίοις
730 4175 1056 4250 λαμψάντων
1094 4173 1302 4250 ἀνδρῶν
1333 4174 1660 4242 ὲπιγνόντων
1688 4171 1842 4238 Θεὸν,
1877 4169 1979 4239 τῆς
2016 4168 2138 4241 ἴσης
2175 4169 2357 4232 αὐτοῖς
2426 4168 2653 4231 ἐκείνοις
2723 4167 2979 4239 ἠξίωνται
3030 4169 3184 4240 παρὰ
3224 4169 3303 4239 τῷ
3346 4168 3674 4241 παμϐασιλεί

406 4274 526 4346 Θεῷ
558 4272 794 4344 ἀμοιϐῆς
806 4314 818 4328 .

1170 4367 1233 4423 ν.

480 4459 867 4516 MandatPetrc
889 4458 1215 4514 Dominusut
1229 4457 1293 4511 ad
1312 4451 1546 4527 praedam
1567 4457 1700 4511 retia
1715 4455 1982 4518 demittat;

408 4552 954 4622 quiquidemjussnm
977 4550 1309 4620 exsequitur.
1345 4547 1479 4604 Cum
1509 4559 1690 4603 autem
1735 4561 1985 4616 magnam

409 4640 639 4711 piscium
663 4639 1061 4694 multitudinem
1080 4638 1497 4703 conclusissent,
1516 4648 1571 4691 et
1587 4636 1717 4691 retia
1751 4635 1988 4703 pondere

410 4738 637 4799 gravata
652 4731 1115 4800 dirutnperentur,
1130 4743 1284 4799 Opem
1303 4739 1495 4798 petunt
1511 4743 1540 4781 a
1555 4729 1731 4781 vicina
1761 4724 1987 4780 navicu-

411 4824 460 4874 la
481 4837 498 4887 ;
523 4829 683 4889 atque
698 4819 770 4872 ita
787 4819 1044 4875 extractis
1057 4817 1295 4887 piscibus
1314 4827 1595 4886 utramque
1623 4815 1877 4886 scapham
1896 4830 1989 4868 re-

410 4909 784 4982 pleverunhin
800 4912 1264 4981 tantumutmergi
1295 4909 1749 4978 periclitareutur.
1782 4905 1986 4975 Quant-

411 5005 599 5058 obrem
644 5003 1001 5057 admiratione
1038 4999 1231 5056 Petrus
1279 5001 1587 5070 perculsus,
1619 4999 1897 5068 indignum
1926 5014 1985 5054 se

411 5094 773 5152 conﬁtebatur
786 5104 844 5148 ut
860 5091 1118 5149 Servatur
1133 5093 1199 5146 ad
1218 5108 1279 5148 sc
1303 5095 1531 5147 veniret.
1557 5092 1651 5148 Ille
1666 5101 1871 5154 autem,
1893 5091 1984 5160 qni

412 5201 669 5257 umquam
707 5186 875 5241 futuri
906 5185 1166 5256 temporis
1190 5186 1480 5257 imaginem
1509 5185 1609 5254 ipsi
1649 5185 1988 5247 catenderat,

359 5340 369 5353 '
413 5278 915 5348 interpretationem
939 5290 1152 5347 quoque
1178 5276 1330 5339 facit,
1368 5276 1586 5344 aitque:
1617 5274 1744 5329 Noli
1769 5277 1988 5338 timere;

413 5368 602 5421 abhinc
630 5368 766 5423 enim
799 5368 901 5422 eris
927 5364 1161 5420 homines
1181 5366 1251 5420 ad
1290 5366 1453 5419 vitam
1489 5364 1720 5432 capiens.
1765 5364 1990 5419 Cunctis

413 5474 544 5516 vero
569 5460 768 5515 simul:
810 5457 989 5514 Venite
1014 5469 1128 5529 post
1160 5474 1262 5523 me,
1295 5454 1593 5528 faciamque
1621 5472 1706 5511 vos
1752 5457 1985 5525 piscato-

417 5567 500 5605 res
527 5553 817 5606 hominum.
849 5550 1110 5607 Galilaaos
1156 5550 1433 5617 homines,
1477 5549 1612 5604 viles
1665 5549 1990 5614 rusticanos,

422 5644 555 5697 nihil
589 5655 791 5712 pneter
816 5642 1078 5715 Syrorum
1106 5641 1406 5697 dialectum
1442 5642 1700 5708 scientes,
1734 5652 1854 5699 arte
1885 5642 1986 5697 ltu-

493 5757 603 5827 nc)
637 5757 774 5828 Cod.
804 5759 873 5823 Α,
908 5759 946 5812 r.
975 5758 1067 5813 83.
1099 5758 1223 5828 Syr.
1259 5759 1349 5814 lib.
1375 5773 1450 5819 ιν.
1471 5757 1527 5813 6.

2021 4362 2068 4420 ι)

2846 4352 2919 4404 Ε’.

2166 4448 2278 4519 (40)
2304 4445 2744 4517 Παρακελεύεται
2776 4445 2875 4515 μὲν
2900 4444 2979 4515 τῷ
3008 4444 3201 4515 Πέτρῳ
3230 4445 3257 4496 ὁ
3284 4441 3487 4512 Κύριος
3514 4441 3672 4512 χαλά-

2097 4558 2188 4594 σαι
2227 4541 2307 4603 είς
2338 4538 2516 4610 ἄγραν
2543 4535 2613 4589 τά
2655 4536 2881 4590 δίκτυα·
2919 4538 2948 4588 ὁ
2992 4536 3048 4588 δὲ
3096 4535 3157 4589 τὺ
3204 4533 3676 4605 προστεταγμένον

2093 4632 2292 4686 ἐποίει.
2338 4631 2425 4693 Ὠς
2454 4629 2510 4681 δὲ
2547 4627 2899 4682 συνέκλεισαν
2931 4627 3133 4698 πλῆθος
3170 4626 3368 4697 ἰχθύων
3392 4625 3554 4690 πολὺ,
3584 4625 3678 4679 καὶ

2093 4725 2451 4797 διερρήγνυτο
2477 4720 2544 4774 τά
2571 4720 2763 4774 δίκτυα
2800 4718 2879 4789 τῷ
2924 4720 3117 4791 πλήθει
3148 4716 3482 4790 βαρούμενα,
3515 4730 3659 4788 προσ

2097 4816 2389 4871 καλοῦνται
2440 4816 2539 4886 μὲν
2586 4817 2667 4876 εἰς
2722 4812 2971 4884 βοήθειαν
3012 4814 3139 4876 τοὺς
3174 4814 3233 4864 ὲν
3270 4810 3349 4882 τῷ
3380 4810 3678 4880 γειτνιῶντι

2097 4909 2300 4978 πλοίῳ·
2359 4902 2456 4960 εἴτ’
2511 4905 2907 4969 ἀνελκύσαντες
2955 4905 3084 4969 τοὺς
3147 4903 3355 4975 ἰχθύας,
3382 4904 3676 4976 πληροῦσιν

2096 5000 2264 5071 άμςεω
2299 4999 2369 5052 τὰ
2412 4999 2629 5070 σκάφη,
2661 4997 2738 5061 ὡς
2774 4997 3102 5051 κινδυνεύειν
3141 4997 3281 5050 αὐτὰ
3326 4996 3679 5067 βυθισθῆναι·

2097 5094 2181 5161 ἐφ’
2215 5086 2296 5153 οἷς
2320 5094 2348 5144 ὁ
2375 5091 2579 5162 Πέτρος
2609 5086 3008 5159 ἀποθαυμάσας
3035 5088 3333 5160 ἐξεπλάγη,
3370 5087 3592 5154 ἀνάξιόν
3625 5103 3678 5139 τι

2090 5185 2284 5237 ἑαυτὸν
2321 5184 2421 5255 τῆς
2446 5183 2719 5255 σωτηρίου
2745 5181 3053 5243 ὲπιϐἀσεως
3079 5179 3348 5252 ὡμολόγει
3377 5179 3518 5249 (Η).
3559 5178 3669 5232 Ὀδ

2090 5276 2280 5345 ὥσπερ
2330 5273 2604 5340 ἐπιδείξας
2663 5271 2815 5343 αὐτῷ
2859 5270 2956 5342 τὴν
3008 5270 3105 5324 τοῦ
3162 5271 3449 5342 μέλλοντος
3477 5271 3665 5324 εἰκόνα

2091 5363 2347 5432 διασαφεῖ
2372 5362 2472 5435 τὴν
2502 5362 2831 5435 ἑρμηνείαν,
2861 5360 2957 5414 καί
2987 5377 3120 5432 φησι
3161 5360 3299 5433 πρὸς
3336 5361 3500 5414 αὐτόν
3526 5377 3541 5390 ο
3585 5358 3682 5417 Μὴ

2099 5454 2287 5525 φοϐοῦ
2308 5472 2321 5485 ·
2344 5456 2462 5510 ἀπὸ
2486 5456 2591 5510 τοῦ
2618 5456 2737 5510 νῦν
2756 5454 3106 5523 ἀνθρώπους
3126 5455 3244 5526 ἔσῃ
3259 5438 3523 5524 (an-ptiar"
3548 5454 3687 5524 πρὸς

2099 5548 2159 5602 δὲ
2200 5548 2405 5612 πάντας
2429 5566 2444 5581 ο
2484 5547 2665 5602 Δεῦτε
2707 5547 2901 5601 ὀπίσω
2936 5564 3080 5617 μου,
3116 5546 3214 5600 καί
3253 5544 3488 5611 ποιήσω
3530 5542 3689 5613 ὑμᾶς

2103 5640 2294 5708 ἁλιεῖς
2346 5639 2690 5709 ἀνθρώπων.
2752 5638 3068 5703 Γαλιλαίους
3136 5639 3369 5710 ἄνδρας,
3425 5636 3690 5700 εὐτελεῖς,

2106 5776 2137 5812 a
2167 5758 2234 5813 cl.
2268 5759 2375 5812 Leo
2408 5775 2464 5829 p.
2500 5757 2629 5820 216,
2671 5773 2738 5813 ex
2778 5760 2899 5812 cod.
2949 5756 3319 5829 Vindob.Sci|
3359 5755 3531 5812 multo
3554 5755 3685 5829 _it_m-

494 5824 607 5901 (41)
642 5827 911 5884 llactenus
940 5824 1300 5898 fragtnentnttt
1334 5831 1598 5887 recitatur
1625 5828 1810 5887 Grtccc
1830 5829 1995 5886 etiam
2109 5831 2231 5898 gius
2257 5824 2607 5899 prosequitur
2639 5828 2692 5883 in
2722 5829 2911 5885 codice
2942 5840 3128 5885 nostro
3168 5827 3341 5905 yatic.
3371 5831 3435 5882 Α.
3470 5829 3505 5880 l'.
3548 5824 3638 5878 83.
