4116 6372
436 359 542 413 625

1819 359 1908 413 DE
1949 356 2411 414 THEOPIIANIA.

3599 345 3702 396 626

437 473 752 545 ἀγροίκους,
787 474 938 528 οὐδὲν
974 475 1132 528 πλέον
1169 474 1265 546 τῆς
1293 473 1481 545 Σύρων
1513 480 1695 548 φωνῆς
1727 477 2012 546 ἐπισταμέ-

2132 475 2272 536 mili,
2313 474 2364 528 id
2393 480 2477 526 est
2507 470 2821 542 piscatoria,
2851 482 2955 521 non
2977 465 3093 522 sine
3121 476 3281 518 causa
3313 460 3570 516 Servatur
3606 477 3700 512 no-

440 572 583 629 νους,
621 567 756 619 ἀλλὰ
789 567 882 620 καὶ
921 567 981 620 τὸ
1018 567 1352 638 ἐπιτήδευμα
1391 567 1644 622 ταπεινὸν
1677 571 1774 640 τῆς
1818 568 2023 631 ἁλιείας

444 657 908 726 μετερχομένους,
955 658 1180 722 εἰ-κότως
1227 660 1255 710 ὁ
1302 661 1496 732 Σωτὴρ
1546 660 1705 731 ήμῶν
1757 659 2024 732 θηρευτὰς

440 745 740 817 ἀνθρώπων
773 748 866 799 καὶ
899 749 1146 818 κήρυκας
1173 749 1273 819 τῆς
1303 750 1470 804 αὑτοῦ
1491 750 1838 814 διδασκαλίας
1865 751 2022 822 ποιή-

442 855 553 890 σειν
595 837 979 908 ἐπηγγέλλετο,
1013 841 1106 894 καὶ
1134 842 1432 910 πεποίηκεν
1458 844 1518 896 ού
1549 843 1890 913 ψευσάμενος
1927 841 2023 912 τὴν

442 928 751 1000 ὑπόσχεσιν,
785 930 1056 1001 παριστὰς
1094 931 1226 984 εἰεοῦ
1257 932 1487 1003 δύναμιν
1533 932 1890 1005 ἐνεργητικήν
1929 929 2023 984 τοῦ

439 1019 784 1090 πράγματος.
829 1022 892 1074 Εἰ
927 1023 1024 1092 μὲν
1056 1023 1194 1094 γάρ,
1231 1023 1445 1092 λογίους
1489 1025 1640 1088 τινὰς
1675 1024 1767 1078 καὶ
1805 1024 2021 1092 σοφοὺς,

434 1111 470 1181 ἦ
502 1112 594 1164 καὶ
637 1111 746 1166 τῶν
796 1114 946 1185 παρά
989 1115 1263 1180 Ἰουδαίοις
1315 1116 1616 1185 ἀνθρώπων
1665 1115 1890 1179 ἐνδόξων
1930 1117 2024 1168 καὶ

436 1203 706 1258 πλουσίων
745 1207 1176 1278 προσαγόμενος,
1214 1208 1427 1272 τούτοις
1469 1209 1736 1279 ἐκέχρητο
1767 1207 2024 1261 διδασκά-

432 1293 548 1358 λοις
575 1295 683 1349 τῶν
712 1298 877 1352 αὐτοῦ
908 1298 1104 1367 λόγων,
1137 1298 1238 1353 κᾶν
1261 1301 1409 1365 εἰκὸς
1434 1296 1503 1372 ἦν
1537 1300 2024 1372 ἀνθρωπινώτερον

436 1386 814 1457 ἐπινενοῆσθαι
847 1387 907 1440 τὸ
951 1390 1214 1460 πρᾶγμα·
1253 1390 1396 1442 οὕτω
1429 1390 1560 1458 γοῦν
1590 1392 1639 1443 οἰ
1670 1382 1888 1452 πλείους
1918 1389 2024 1442 τῶν

433 1475 740 1548 ἀνθρώπων
775 1477 1027 1531 εἰώθασιν
1056 1478 1474 1541 ὑποτάττεσθαι,
1517 1479 1550 1550 ἢ
1601 1480 1880 1550 χρήμασιν
1919 1476 2025 1529 ὑπὸ

436 1567 707 1622 πλουσίων
749 1568 1142 1640 δελεαζόμενοι,
1187 1570 1220 1640 ἢ
1256 1569 1431 1638 λόγων
1468 1570 1728 1641 περιϐολῇ
1761 1570 1853 1622 καί.
1887 1585 2022 1637 φαν-

431 1657 596 1729 τασίᾳ
631 1659 822 1728 σοφίας
843 1660 1213 1732 ἀπατώμενοι,
1237 1661 1270 1732 ἢ
1302 1662 1576 1732 ὑπεροχάς
1603 1660 1828 1724 ἐνδόξων
1853 1675 2022 1730 προσ-

431 1746 600 1801 ὡπων
651 1750 1176 1822 καταπληττόμενοι.
1217 1752 1274 1804 Ὀ
1311 1751 1367 1803 δέ
1410 1751 1484 1822 μὴ
1516 1751 1778 1813 τοιούτοις
1815 1751 2024 1822 χρησά-

2127 575 2261 634 ster,
2298 573 2588 619 venatores
2636 561 2919 618 hominum
2948 570 3173 626 suaeque
3211 553 3470 610 doctrinae
3494 566 3701 623 pramo-

2129 671 2225 711 nes
2270 671 2329 712 se
2375 654 2648 710 facturum
2695 651 3095 722 pollicebatur;
3129 647 3390 716 fecitque,
3420 645 3563 700 haud
3604 643 3705 698 l'al-

2130 751 2246 804 lens
2276 750 2628 820 promissum,
2665 746 2756 802 Dei
2796 759 2990 814 nempe
3023 741 3321 813 potentiam
3353 740 3429 794 rei
3457 738 3701 795 eilectri-

2128 855 2244 894 cem
2299 853 2648 903 expromens.
2703 835 2838 888 Nam
2900 833 2946 888 si
3003 831 3277 886 litteratos
3301 827 3512 898 aliquos
3535 835 3591 882 et
3616 842 3704 881 sa-

2127 932 2367 1000 pientes,
2414 929 2494 984 vel
2542 930 2702 982 etiam
2756 940 2824 978 ex
2879 924 3083 980 .Iudzeis
3130 921 3338 993 nobiles
3404 920 3705 990 divitesque

2127 1024 2274 1076 viros
2297 1021 2532 1092 eligens,
2561 1019 2646 1072 his
2666 1034 2794 1072 usus
2817 1026 2963 1072 esset
2989 1014 3262 1086 magistris
3281 1012 3541 1069 doctrina:
3569 1027 3702 1080 suae,

2129 1113 2312 1179 utique
2349 1111 2644 1165 humanum
2675 1109 2856 1178 potius
2894 1105 3168 1176 negotium
3203 1104 3256 1158 id
3286 1102 3434 1158 credi
3474 1110 3704 1171 poterat.

2128 1202 2219 1256 Sic
2246 1201 2390 1255 enim
2421 1201 2665 1269 plerique
2696 1199 2978 1252 hominum
3014 1195 3192 1251 solent
3218 1201 3389 1249 semet
3413 1192 3703 1260 subjicere,

2125 1293 2211 1347 vel
2259 1293 2488 1362 pecunia
2542 1306 2571 1344 a
2629 1290 2889 1346 divitibus
2945 1287 3212 1354 inescati,
3262 1285 3350 1339 vel
3396 1284 3705 1339 litterarum

2126 1384 2308 1451 specie
2337 1392 2388 1436 et
2421 1381 2705 1451 sapientia:
2745 1379 3022 1450 praestigio
3059 1377 3292 1446 decepti,
3337 1375 3423 1432 vel
3453 1375 3707 1432 eminen-

2125 1473 2254 1527 tiam
2285 1489 2647 1542 personarum
2685 1472 2978 1526 illustrium
3012 1470 3369 1525 admirantes.
3397 1466 3558 1525 Iesus
3601 1483 3706 1524 auo

2127 1575 2234 1620 tem
2287 1581 2406 1622 cum
2457 1565 2596 1618 haud
2650 1564 2852 1616 talibus
2895 1563 2968 1617 sit
3013 1576 3146 1616 usus
3189 1560 3491 1630 discipulis,
3543 1559 3638 1616 sed
3669 1573 3702 1613 e

2127 1658 2409 1712 contrario
2461 1655 2791 1726 pauperibus
2836 1666 2890 1708 et
2939 1653 3226 1720 obscuris,
3285 1667 3351 1707 ac
3393 1651 3706 1708 litteratura

2130 1735 2334 1812 idiotis,
2366 1749 2545 1816 lingua
2594 1745 2773 1817 Syris,
2807 1745 2998 1800 habitu
3033 1745 3241 1808 humili,
3273 1758 3549 1813 operaque
3585 1742 3706 1806 vili,

433 1857 596 1911 μενος
641 1839 933 1911 μαθηταῖς,
974 1842 1282 1896 τούναντίον
1323 1842 1381 1894 δέ
1424 1843 1618 1913 πένησι
1658 1844 1752 1896 καὶ
1788 1841 2012 1908 ἀδόξοις¹

2121 1841 2456 1911 exploratum
2483 1849 2565 1893 est
2590 1853 2713 1892 eum
2744 1839 2980 1892 divinam
3023 1845 3232 1890 tantum
3265 1835 3577 1891 adhibuisse
3608 1849 3710 1904 po-

431 1931 646 1984 καὶτὸν
682 1931 837 2001 λόγον
866 1931 1122 1998 ἰδιώταις,
1159 1933 1352 2004 Σύροις
1393 1951 1454 1986 τε
1479 1936 1576 2005 τήν
1608 1935 1811 2005 φωνὴν,
1844 1936 1938 1988 καὶ
1961 1935 2022 1988 τὸ

431 2020 620 2092 σχῆμα
651 2024 949 2086 ταπεινοῖς,
982 2024 1076 2076 καὶ
1108 2023 1380 2076 εὐτελέσιν
1408 2023 1574 2094 ἔργῳ,
1602 2023 1762 2094 δῆλος
1787 2019 1855 2094 ἦν
1885 2024 2020 2094 μόνῃ

429 2116 494 2182 τῇ
528 2112 682 2184 θεῖκῇ
713 2113 936 2185 δυνάμει
962 2114 1265 2186 χρώμενος,
1292 2115 1358 2186 ήν
1381 2114 1679 2181 ἐνεδείξατο
1706 2114 1896 2184 πρῶτα
1923 2115 2022 2186 μὲν

429 2208 582 2275 φωνῇ
649 2207 746 2276 μιᾷ
801 2206 1316 2277 προσκαλεσάμενος
1377 2206 1576 2269 αύτούς
1637 2207 1732 2258 καὶ
1795 2207 2021 2259 ἀκολού-

431 2297 557 2358 θους
598 2297 710 2366 (42)
742 2297 907 2350 αὐτοῦ
943 2298 1315 2368 καταστήσας,
1351 2299 1589 2352 κᾶπειτα
1616 2299 2019 2370 ἐπαγγειλάμε-

427 2403 521 2449 νος
557 2386 896 2456 σαγηνευτάς
929 2388 1024 2440 καὶ
1063 2387 1236 2451 ἁλιεῖς
1285 2387 1590 2459 ἀνθρώπων
1624 2389 1871 2461 ποιήσειν
1919 2391 2018 2442 αὐ-

427 2479 576 2543 τοὺς,
609 2478 675 2530 ἵν’
717 2479 833 2532 ἀνθ’
875 2472 950 2532 ὦν
985 2475 1127 2550 εἶχον
1176 2480 1434 2544 δικτύων,
1482 2478 1739 2542 λαϐόντες
1765 2482 1897 2550 παρ’
1925 2481 2022 2534 αύ-

426 2568 523 2622 τοῦ
553 2569 652 2640 τὴν
682 2571 790 2622 ἀπὸ
820 2573 1088 2624 παντοίων
1116 2571 1290 2640 λόγων
1329 2570 1569 2642 νομικῶν
1596 2589 1656 2624 τε
1691 2572 1786 2625 καὶ
1813 2588 2021 2644 προφη-

430 2660 564 2724 τῶν,
590 2660 696 2713 τῶν
720 2678 780 2713 τε
804 2661 904 2730 τῆς
930 2661 1113 2717 ἐνθέου
1136 2662 1489 2726 διδασκαλίας
1524 2661 1690 2716 αὐτοῦ
1718 2661 2019 2716 πλακεῖσαν

2132 1933 2354 1986 tentiam
2409 1947 2424 1996 ;
2485 1945 2650 1998 quam
2691 1928 2928 1982 ostendit
2982 1927 3162 1996 primo
3195 1924 3412 1994 quidem
3447 1925 3574 1979 dum
3603 1938 3710 1978 una

2129 2024 2316 2078 vocula
2347 2037 2442 2077 eos
2477 2021 2728 2076 invitavit
2756 2020 3108 2090 asseclasque
3141 2035 3270 2075 suos
3322 2019 3476 2083 fecit,
3513 2019 3709 2074 deinde

2128 2117 2396 2184 spondens
2443 2123 2694 2184 captores
2743 2115 3158 2184 piscatoresque
3229 2113 3509 2168 hominum
3569 2128 3601 2167 a
3647 2127 3710 2169 se

2130 2205 2330 2259 factum
2389 2205 2493 2269 iri;
2553 2215 2609 2258 ut
2651 2221 2749 2274 pro
2806 2204 3012 2258 retibus
3062 2218 3183 2274 qu:e
3230 2219 3374 2258 nunc
3427 2203 3706 2269 tenebant,

2127 2307 2405 2351 sumentes
2447 2300 2514 2351 ab
2557 2313 2622 2350 eo
2671 2296 2977 2350 litterarum
3027 2294 3270 2348 omnium
3329 2293 3582 2364 legalium
3639 2308 3705 2348 ac

2124 2389 2558 2457 propheticarum
2594 2427 2608 2449 ,
2676 2401 2888 2441 necnon
2961 2384 3156 2440 divina:
3217 2383 3386 2454 ipsius
3439 2384 3708 2440 doctrina:

2123 2494 2401 2549 sagenam,
2433 2479 2484 2532 in
2533 2479 2782 2532 lmmauze
2822 2478 2950 2531 vitae
3004 2491 3154 2531 mare
3206 2475 3499 2544 iactarent,
3544 2484 3706 2546 quot-

2122 2581 2258 2640 quot
2285 2580 2639 2626 occurrereot
2689 2571 2995 2636 irretireut,
3031 2585 3229 2639 genere
3261 2569 3405 2623 omni
3457 2571 3708 2623 rationa-

2124 2662 2255 2715 lium
2288 2661 2516 2732 piscium
2557 2663 2691 2716 retia
2719 2677 2816 2715 sua
2847 2660 3129 2716 rationalia
3163 2659 3520 2729 complentes.

431 2757 675 2827 σαγήνην
719 2756 1060 2827 ἐμϐάλλωσιν
1095 2759 1173 2820 εἰς
1206 2756 1304 2828 τὴν
1345 2756 1438 2810 τοῦ
1470 2756 1809 2826 ἀνθρωπείου
1858 2755 1974 2828 βίου
2009 2756 2300 2819 θάλατταν,
2333 2757 2430 2810 καὶ
2472 2755 2839 2826 περιϐάλωσιν
2889 2756 3046 2819 ὅσους
3075 2754 3141 2808 ἂν
3173 2753 3397 2825 εὕρωσι,
3434 2753 3706 2828 πληροῦν»

427 2864 520 2910 τες
555 2846 624 2900 τὰ
661 2848 868 2900 ἑαυτῶν
896 2848 1089 2916 λογικὰ
1123 2848 1314 2901 δίκτυα
1340 2849 1538 2912 παντὸς
1580 2848 1767 2917 γένους
1796 2847 2030 2916 λογικῶν
2057 2848 2276 2918 ἰχθύων.

511 2941 671 2994 Ἀλλά
716 2941 886 2996 ταῦτα
935 2945 1030 3014 μὲν
1073 2943 1160 2996 διά
1213 2945 1399 3014 φωνῆς
1449 2945 1758 3014 ἀκουόμενα
1793 2945 2012 3015 ῥήματα

2190 2946 2365 3014 Atque
2412 2945 2526 2999 haec
2581 2961 2646 2999 ex
2705 2946 2750 2996 vi
2807 2945 2956 2998 vocis
3013 2953 3223 2998 tantum
3282 2942 3487 3006 audita,
3537 2940 3698 2997 verba

429 3035 522 3085 καὶ
567 3033 752 3103 ψόφοι,
788 3037 880 3088 καὶ
908 3036 1068 3090 πλέον
1101 3038 1344 3109 ὑπῆρχεν
1382 3037 1570 3091 οὐδέν·
1613 3039 1711 3108 τῆς
1755 3038 1798 3090 δ’
1828 3037 2011 3091 ἐνθέου

427 3123 709 3193 δυνάμεως
749 3125 810 3178 τὸ
857 3124 1016 3196 ἔργον
1058 3127 1157 3180 οὐκ
1200 3131 1280 3191 εἰς
1331 3129 1551 3201 μακρὰν
1599 3130 2010 3200 παρεστήσατο·

429 3214 568 3268 αύτά
609 3215 674 3287 δὴ
716 3217 890 3271 ταῦτα
933 3219 1001 3271 τά
1053 3219 1140 3272 διά
1183 3220 1290 3273 τῶν
1332 3221 1506 3290 λόγων
1563 3223 2014 3293 προηγορευμένα

429 3309 542 3369 τοῖς
589 3306 771 3378 ἔργοις
818 3309 1159 3374 ἐπιτελέσας,
1213 3312 1290 3375 ὡς
1331 3315 1389 3366 ἐν
1445 3313 1639 3384 βραχεῖ
1689 3316 1866 3385 χρόνῳ
1911 3315 2013 3386 τὴν

434 3396 726 3467 σύμπασαν
771 3399 1072 3472 ἀνθρώπων
1103 3404 1434 3476 οἰκουμένην
1475 3405 1644 3475 μυρία
1684 3404 1862 3477 πλήθη
1903 3405 2012 3458 τῶν

433 3489 873 3558 σαγηνευθέντων
901 3493 1006 3545 ύπὸ
1026 3493 1134 3546 τῶν
1166 3494 1389 3550 ἰδιωτῶν
1417 3496 1621 3549 τούτων
1647 3496 1854 3568 ἀνδρῶν
1877 3497 2010 3568 κτή-

429 3581 646 3646 σασθαι,
681 3582 1036 3656 πληρωθῆναί
1067 3603 1126 3639 τε
1155 3587 1490 3659 Ἐκκλησιῶν
1520 3588 1700 3642 πάντα
1722 3588 1883 3641 τόπον
1899 3589 2013 3641 Ἐλ-

427 3671 604 3743 λήνων
637 3690 698 3726 τε
746 3677 840 3728 καὶ
887 3676 1177 3750 βαρϐάρων
1198 3719 1212 3742 ,
1247 3679 1334 3732 διὰ
1368 3679 1494 3750 μίαν
1526 3680 1742 3750 ἐκείνην
1781 3681 2012 3750 ἐπαγγε-

373 3803 380 3811 .
427 3764 548 3818 λίαν
576 3766 678 3835 τῆς
710 3767 896 3839 θεῖκῆς
925 3773 1130 3841 φωνῆς,
1159 3769 1226 3824 δι’
1258 3767 1328 3842 ἧς
1356 3772 1417 3824 ού
1455 3771 1686 3838 διδάξειν
1735 3773 1858 3836 τοὺς
1886 3773 2013 3825 ἐαυ-

425 3856 520 3908 τοῦ
558 3857 824 3928 μαθητὰς,
849 3859 963 3912 ἀλλ’
1003 3861 1166 3923 αὐτὸς
1207 3863 1452 3930 ποιήσειν
1482 3861 1677 3926 αὐτοὺς
1705 3862 1888 3925 ἁλιέας
1919 3863 2008 3915 άν-

427 3944 662 4016 θρώπων
700 3949 1088 4025 ἐπηγγείλατο..
1119 3951 1268 4002 ”Ωστ’
1299 3951 1359 4003 οὐ
1399 3952 1650 4020 προέγνω
1696 3953 1853 4022 μόνον
1885 3952 2009 4006 οὔτε

426 4037 707 4109 προέφησε
744 4039 806 4092 τὸ
841 4039 1052 4110 μέλλον,
1083 4041 1219 4094 ἀλλά
1245 4043 1342 4095 καὶ
1374 4045 1605 4114 ποιητής
1639 4043 1734 4098 τοῦ
1760 4044 2011 4115 τηλικού-

423 4144 518 4180 του
553 4128 976 4199 κατορθώματος
1015 4131 1430 4201 ἀποπέφανται·
1473 4130 1594 4188 εἰπέ
1629 4153 1687 4188 τε
1726 4135 1805 4206 τῷ
1841 4135 2004 4208 λόγῳ,

426 4217 519 4270 καὶ
553 4219 819 4290 πεποίηκε
851 4220 927 4291 τῷ
959 4220 1122 4293 ἔργῳ·
1164 4224 1476 4295 παρέστησέ
1516 4243 1573 4279 τε
1609 4227 1668 4278 τὸ
1699 4227 1890 4297 μέλλον
1921 4228 2006 4282 διά

2118 3046 2272 3091 erant
2322 3045 2378 3091 et
2425 3037 2654 3099 sonitus,
2732 3046 3108 3104 praetereaque
3163 3033 3326 3090 nihil.
3391 3033 3499 3090 Sed
3552 3036 3698 3090 enim

2117 3129 2320 3184 divina:
2347 3129 2566 3184 virtutis
2596 3129 2881 3184 ellit-ientia
2915 3129 3054 3183 haud
3081 3129 3249 3183 multo
3299 3139 3424 3198 post
3460 3137 3575 3182 rata
3602 3142 3701 3182 ex—

2118 3221 2296 3276 hibuit
2343 3238 2357 3285 ;
2423 3237 2544 3275 cum
2599 3221 2714 3275 haec
2763 3221 2875 3288 ipsa
2934 3219 3171 3276 verbalia
3221 3221 3489 3290 promissa
3539 3220 3700 3275 factis

2116 3314 2426 3383 complevit,
2457 3314 2529 3366 ita
2563 3325 2619 3367 ut
2647 3315 2793 3368 brevi
2831 3324 3072 3382 tempore
3100 3314 3418 3369 universum
3469 3315 3694 3369 humani

2117 3405 2392 3460 incolatus
2423 3408 2636 3467 orbem,
2669 3406 3121 3475 innumeramque
3155 3405 3556 3460 multitudinem
3602 3421 3697 3459 ca-

2117 3507 2335 3565 ptorum
2378 3495 2560 3550 abhis
2607 3497 2790 3551 idiotis
2839 3498 3146 3562 hominum,
3182 3495 3432 3551 Christus
3466 3497 3697 3564 adeptus

2114 3588 2205 3650 sit,
2257 3587 2527 3658 plenaque
2559 3588 2818 3642 Ecclesiis
2867 3589 3146 3642 evaserint
3200 3589 3316 3642 loca
3365 3589 3546 3640 omnia
3582 3597 3694 3642 tum

2115 3679 2425 3736 Graecorum
2481 3691 2591 3734 tum
2651 3681 2815 3735 etiam
2869 3682 3251 3747 barbarorum,
3296 3687 3516 3750 propter
3547 3677 3695 3733 illam

2115 3771 2290 3827 unicte
2341 3773 2540 3827 divina:
2585 3774 2733 3828 vocis
2775 3774 3221 3844 promissionem,
3286 3788 3390 3842 qua
3443 3772 3587 3826 haud
3634 3789 3694 3826 se

2115 3865 2406 3934 discipulos
2459 3881 2588 3920 suos
2630 3866 2945 3930 docturmo,
3009 3868 3102 3922 sed
3151 3880 3343 3934 reapse
3387 3866 3692 3935 piscatcres

2115 3955 2393 4008 hominum
2429 3955 2750 4010 cll‘ecturum
2800 3957 3113 4026 spopondit.
3165 3957 3532 4024 Quamobrem
3583 3972 3691 4012 non

2113 4047 2386 4114 praeseivit
2420 4049 2579 4101 modo
2617 4049 2698 4102 vel
2727 4049 2983 4116 praedixit
3016 4064 3130 4103 rem
3163 4048 3423 4114 futuram,
3466 4049 3560 4104 sed
3610 4048 3692 4104 ef-

2114 4138 2286 4190 fector
2312 4135 2564 4192 facinoris
2590 4139 2723 4193 tanti
2756 4139 3048 4207 apparuit,
3106 4140 3356 4210 dixitque
3391 4139 3594 4206 verbis,
3633 4150 3689 4195 et

2111 4246 2275 4300 Opere
2301 4239 2590 4288 exsecutus
2619 4243 2735 4300 est;
2771 4235 2933 4304 idque
2964 4235 3102 4299 l'ore,
3135 4235 3380 4306 symbolo
3416 4237 3692 4306 portendit

425 4311 696 4382 συμϐόλου
724 4312 819 4366 καὶ
853 4313 1079 4379 εἰκόνος,
1115 4315 1208 4368 καὶ
1245 4315 1311 4369 δι’
1359 4317 1530 4388 αὐτῆς
1576 4318 1854 4390 ἐνεργείας
1897 4321 2004 4372 άπο

2118 4335 2276 4395 atque
2303 4325 2561 4393 imagine,
2616 4327 2888 4396 simulque
2934 4327 3046 4396 ipsa
3090 4327 3329 4381 ellieacia
3375 4327 3690 4398 complevit.

422 4404 728 4475 επλήρωσε.
751 4404 874 4468 Τοῖς
899 4404 1008 4479 γὰρ
1036 4404 1204 4460 πάλαι
1233 4406 1496 4477 πρότερον
1521 4409 1578 4459 ἐν
1610 4409 1799 4479 σκοτία
1827 4407 2002 4479 φωτὸς

421 4498 696 4571 ἀληθείας,
725 4499 818 4553 καὶ
845 4498 980 4552 Θεοῦ
1010 4499 1261 4568 γνώσεως
1289 4502 1346 4554 ἐν
1377 4503 1530 4554 νυκτὶ
1556 4503 1996 4573 καταπονηθεῖσι,

421 4589 514 4641 καὶ
562 4590 762 4660 μηδένα
806 4589 939 4660 πρὸς
978 4590 1247 4662 σωτηρίαν
1281 4589 1543 4662 θηρεῦσαι
1585 4593 1996 4664 δεδυνημένοις,

420 4679 736 4750 ἐπιλάμψας
772 4681 832 4734 τὸ
873 4682 1068 4736 ἐαυτοῦ
1111 4683 1332 4751 φέγγος,
1377 4687 1434 4738 ἐν
1497 4687 1679 4758 ἡμέρα
1731 4687 1822 4739 καί
1858 4689 1998 4756 φωτὶ

420 4772 727 4841 γενομένοις
756 4772 1103 4842 προστάττει,
1126 4774 1188 4831 ού
1217 4777 1279 4844 τῇ
1309 4775 1486 4845 οἰκείᾳ
1511 4777 1808 4848 ἐπιστήμῃ,
1837 4777 1914 4848 τῷ
1939 4779 1995 4832 δὲ

421 4860 584 4946 αὐτοῦ
626 4863 829 4933 ῥήματι
868 4861 1223 4933 θαρσοῦντας,
1269 4865 1581 4922 ἐπιϐάλλειν
1621 4867 1700 4938 τῷ
1747 4868 1892 4941 βυθῷ
1929 4869 1999 4924 τὰ

419 4948 628 5004 δίκτυα.
670 4953 732 5005 Οἱ
761 4951 818 5004 δέ
851 4950 1088 5010 τοσαῦτα¹
1119 4954 1420 5023 συνήγαγον
1455 4956 1652 5024 ἰχθύων
1690 4958 1890 5028 πλήθη,
1923 4959 1999 5022 ὡς

418 5039 842 5111 διαρρήγνυσθαι
873 5044 973 5116 μὲν
996 5044 1065 5098 τά
1097 5044 1393 5116 θηρευτικά
1417 5047 1642 5118 ὄργανα,
1673 5049 1996 5105 κινδυνεύειν

417 5127 475 5180 δὲ
508 5131 588 5192 εἰς
620 5129 780 5199 βυθὸν
809 5137 1008 5205 χωρεῖν
1045 5134 1154 5187 ἀπὸ
1184 5133 1280 5191 τοῦ
1311 5136 1510 5206 φόρτου
1538 5137 1608 5189 τά
1636 5138 1816 5193 πλοῖα.

502 5220 654 5274 Ἐπεὶ
689 5223 747 5276 δέ
776 5224 952 5278 ταῦθ’·
972 5227 1144 5292 οὕτως
1186 5229 1629 5300 προσταττόμενα
1658 5232 1764 5286 τὸν.
1788 5233 1993 5306 Πέτρον

418 5308 496 5370 εἰς
525 5308 784 5380 ἔκπληξιν
814 5315 906 5366 καί⁵
948 5316 1110 5384 φόϐον
1148 5318 1210 5373 οὐ
1249 5318 1340 5370 τὸν
1367 5319 1598 5389 τυχόντα
1641 5316 1794 5390 ἦγεν·
1835 5322 1994 5378 Ἀλλά

416 5397 587 5453 ταῦτά
610 5416 688 5465 σε,
729 5403 863 5472 φησί
889 5405 1026 5476 πρὸς
1053 5407 1214 5460 αὑτὸν
1245 5411 1274 5461 ό
1303 5409 1510 5483 Σωτήρ,
1551 5412 1717 5481 μήπω
1757 5412 1994 5484 ἐκπλητ-

414 5488 582 5541 τέτω·
622 5491 833 5544 παιδιαὶ
857 5491 962 5564 γὰρ
987 5493 1066 5547 ἐτι
1091 5496 1263 5550 ταῦτα
1297 5499 1390 5552 καὶ
1429 5500 1726 5568 μελλόντων
1765 5504 1988 5569 εἰκόνες·

413 5582 464 5634 οἰ
489 5580 547 5634 δὲ
573 5583 671 5653 μὲν
695 5583 874 5653 ἰχθύες
896 5585 1113 5640 ἄναυδοι
1144 5591 1236 5643 καὶ
1259 5591 1463 5658 ἄλογοι,
1495 5594 1584 5647 καὶ
1608 5593 1779 5650 ταῦτα
1808 5595 1987 5669 σκάφη

2111 4415 2356 4488 Namque
2388 4421 2488 4474 hos
2519 4420 2835 4489 discipulos,
2872 4420 2962 4485 qui
3003 4430 3160 4474 antea
3193 4419 3446 4474 veritatis
3485 4419 3691 4473 lumine

2111 4511 2392 4577 carebant,
2441 4521 2497 4566 et
2547 4527 2642 4580 per
2680 4523 2891 4566 noctem
2952 4513 3133 4566 divina
3187 4511 3380 4566 notitia
3411 4521 3688 4567 carentem

2113 4599 2522 4664 laboraverant,
2556 4602 2934 4670 neminemque
2977 4602 3042 4654 ad
3087 4601 3316 4657 salutem
3355 4602 3557 4657 lucrari
3586 4618 3688 4673 po-

2110 4701 2349 4758 tuerant,
2411 4693 2527 4761 ipse
2581 4693 2784 4748 lumine
2827 4708 2924 4748 suo
2963 4693 3278 4757 illustrans.
3317 4703 3373 4749 et
3415 4695 3468 4749 in
3495 4695 3689 4750 diurna

2109 4786 2227 4839 luce
2275 4784 2630 4851 constituens,
2669 4785 2825 4855 jubet
2887 4802 2992 4842 non
3038 4789 3254 4858 propria
3316 4788 3547 4858 peritia,
3591 4793 3690 4844 sed

2106 4877 2272 4945 ipsius
2296 4878 2461 4931 verbo
2478 4878 2736 4945 conﬁsos,
2756 4881 2888 4932 retia
2911 4881 2961 4933 in
2991 4881 3212 4951 pelagus
3233 4880 3437 4950 jacere.
3468 4880 3530 4934 Hi
3557 4895 3688 4934 vero

2103 4976 2304 5020 tantam
2365 4968 2699 5038 collegerunt
2757 4971 2984 5039 plSt'illlll
3041 4971 3484 5036 multitudinem,
3540 4980 3688 5025 utet

2105 5059 2394 5126 piscatoria
2441 5059 2804 5115 instrumenta
2838 5073 3245 5131 rumperentur,
3277 5073 3332 5118 et
3366 5063 3498 5133 ipsa
3534 5063 3684 5117 navi-

2099 5149 2234 5202 cula:
2267 5150 2506 5220 demergi
2539 5152 2776 5220 pondere
2815 5154 3280 5224 perielitarentur.

2171 5240 2308 5305 Quia
2356 5256 2484 5294 vero
2529 5242 2655 5295 talia
2713 5244 2998 5312 imperata,
3044 5245 3264 5301 Petrum
3313 5245 3366 5300 in
3397 5255 3673 5313 stuporem

2101 5339 2418 5399 metumque
2465 5349 2570 5386 non
2617 5334 2892 5388 modicum
2921 5336 3266 5391 abduxerant
3295 5352 3310 5401 ;
3349 5336 3502 5391 Haud
3533 5339 3673 5402 hare,

2101 5420 2275 5487 inquit
2323 5422 2371 5475 ei
2424 5422 2706 5490 Servator,
2771 5440 3103 5496 magnopere
3155 5435 3209 5480 te
3250 5437 3672 5484 commoveant:

2099 5509 2306 5568 ludicra
2337 5516 2482 5569 enim
2519 5517 2631 5570 haec
2667 5528 2796 5572 sunt
2834 5520 3036 5582 adhuc,
3064 5525 3119 5572 et
3151 5517 3454 5574 futurarum
3489 5534 3673 5575 rerum

2101 5599 2364 5672 imagines
2411 5623 2424 5658 :
2475 5608 2652 5676 pisces
2698 5608 2914 5675 quidem
2968 5607 3126 5672 muti,
3172 5617 3228 5663 et
3283 5608 3670 5675 irrationales';

486 5697 949 5793 {ltel‘t'pfabulum
979 5701 1303 5766 ἀκολούθους
1337 5708 1510 5774 magis
1546 5709 1765 5778 proprie
1824 5709 2012 5765 vellem
2054 5726 2081 5766 a
2150 5714 2292 5786 Syro
2347 5718 2511 5774 fuisse
2553 5722 2839 5775 redditum.
2891 5721 2963 5774 lta
3016 5721 3181 5776 etiam
3229 5724 3368 5791 quod
3427 5726 3677 5793 sequitur

416 5781 613 5839 σαγηνε
623 5769 768 5832 υτάς.
