4116 6378
435 339 548 416 62a

1765 333 1852 388 DE
1891 329 2348 388 THEOPHANIA.

3569 326 3672 382 630

509 454 704 525 Ὅμοια
734 455 778 508 δ’
808 453 872 508 ἂν
917 453 1064 524 εὖροι
1100 472 1182 516 τις
1211 454 1286 524 τῷ
1334 456 1543 525 Πέτρῳ,
1582 456 1669 507 τὸν
1715 455 1840 508 νοῦν
1881 454 1999 504 ἐπι-

2181 452 2317 506 Petri
2369 452 2537 522 gestis
2575 451 2797 516 similia,
2843 452 2884 504 si
2927 451 3048 520 quis
3103 451 3260 505 modo
3300 457 3532 504 mentem
3581 451 3672 504 ad-

438 545 656 614 στήσας,
689 545 779 597 καί
803 545 893 596 ἐπὶ
921 543 1028 596 τῶν
1056 543 1260 596 λοιπῶν
1286 542 1379 595 τοῦ
1415 543 1666 613 Σωτῆρος
1705 544 1860 613 ἡμῶν
1903 562 2003 614 μα-

437 636 636 707 θητῶν,
669 636 760 700 οὒς
791 637 1252 707 ἐπαγγειλάμενος
1308 638 1553 707 ποιήσειν
1585 636 1753 698 ἁλιεῖς
1796 635 2004 707 ἁνθρὼυ

439 743 575 791 πων,
611 726 753 798 ἔργῳ
778 714 1044 796 τὸνλόγον
1078 727 1303 794 ἔδειξεν·
1342 729 1508 780 εἰσέτι
1551 729 1681 795 γοῦν
1726 728 1817 780 καί
1864 727 1954 780 νῦν
1977 729 2007 779 ὁ

439 819 598 881 αὐτὸς
631 821 841 889 ἐνεργεῖ
865 821 959 873 καὶ
987 821 1154 883 ποιεῖ,
1196 819 1471 890 πανταχοῦ
1503 821 1603 889 γῆς
1649 817 1858 890 παρὼν,
1913 820 2006 872 καὶ

437 907 623 984 [κατὰ]
671 911 850 961 πᾶσαν
884 910 984 978 τὴν
1022 907 1322 979 ἀνθρώπων
1373 909 1696 978 οἰκουμένην
1729 907 1795 960 τά
1840 908 2004 961 αὑτοῦ

439 999 624 1067 λογικὰ
649 1000 840 1052 δίκτυα
873 1001 983 1071 (50)
1015 1000 1235 1071 πληρῶν
1261 1003 1324 1052 ἐκ
1350 1001 1547 1063 παντὸς
1569 1001 1758 1069 γένους
1778 1001 2007 1069 λογικῶν

441 1089 636 1158 ἰχθύων
664 1092 758 1143 καὶ
787 1090 1074 1160 βαρϐάρων
1106 1109 1163 1143 τε
1197 1093 1288 1144 καὶ
1314 1091 1598 1162 Ἑλλήνων,
1632 1092 1887 1145 ἀνασπῶν
1911 1091 2004 1144 τοῦ

435 1183 531 1252 τῆς
552 1182 746 1246 κακίας
778 1182 940 1252 βυθοῦ
985 1184 1078 1235 καὶ
1103 1181 1198 1234 τοῦ
1229 1182 1329 1251 τῆς
1358 1182 1645 1253 ἀθεότητος
1676 1183 1898 1245 σκότους
1912 1183 2009 1246 τὰς

433 1273 541 1326 τῶν
569 1273 870 1344 ἀνθρώπων
899 1273 1097 1344 ψυχάς,
1136 1273 1374 1327 ἀνέλκων
1393 1292 1451 1327 τε
1489 1274 1658 1338 αὐτάς
1681 1276 1772 1327 ἐπὶ
1806 1275 1864 1328 τὸ
1894 1276 2008 1342 φῶς

433 1367 533 1436 τῆς
569 1367 659 1418 ὑπ’
695 1365 860 1419 αὐτοῦ
899 1366 1296 1437 παραδοθείσης
1317 1366 1497 1420 ἐνθέου
1527 1366 1796 1435 γνώσεως.
1856 1365 2009 1418 Οὕτω

431 1458 489 1510 δὲ
519 1458 614 1511 καί
651 1458 894 1511 Ἰωάννου
926 1457 1021 1511 τοῦ
1055 1457 1172 1510 oio:
1221 1458 1526 1522 Ζεϐεδαίου,
1559 1458 1616 1511 ὃν
1647 1458 1738 1510 ἐπὶ
1765 1457 1862 1526 τῆς
1894 1459 2011 1510 ἁλι-

434 1549 571 1612 είας,
619 1549 736 1617 ἅμα
771 1547 848 1618 τῷ
880 1549 1050 1620 πατρί
1097 1549 1192 1601 καὶ
1238 1547 1316 1619 τῷ
1368 1547 1582 1617 ἀδελφῷ
1617 1549 2010 1619 καταρτίζοντα

435 1639 500 1692 τά
521 1640 712 1693 δίκτυα
741 1638 1091 1711 θεασάμενος,
1129 1641 1228 1710 τῆς
1258 1641 1428 1710 αὐτῆς
1455 1639 1656 1710 ἠξίωσε
1681 1640 1922 1712 κλήσεως
1951 1659 2008 1693 τε

434 1733 528 1786 καί
563 1731 912 1799 ἐπαγγελίας,
939 1731 1060 1785 καθ’
1094 1733 1223 1802 ὅλης
1250 1733 1349 1803 τῆς
1389 1733 1708 1804 οἰκουμένης
1740 1733 2008 1803 ἐκλάμπει

433 1821 688 1893 τοῦνομα,
721 1822 812 1875 καί
842 1823 890 1874 οἰ
921 1821 1182 1890 λόγοιτάς
1209 1821 1316 1874 τῶν
1347 1823 1646 1894 ἀνθρώπων
1676 1823 1850 1894 ψυχὰς
1880 1841 2009 1876 κατ-

433 1913 728 1982 αυγάξουσι
750 1955 764 1977 ,
805 1913 891 1965 διὰ
938 1912 1039 1983 τῆς
1079 1913 1244 1966 αὐτοῦ
1279 1915 1675 1986 παραδοθείσης
1708 1915 1800 1968 τοῦ
1832 1916 2007 1983 Εὐαγ-

433 1996 612 2063 γελίου
663 2001 902 2070 γραφῆς,
939 2003 1170 2073 παντοίᾳ
1227 2004 1442 2075 γλώττῃ
1490 2004 1772 2076 Ἑλληνικῇ
1823 2022 1882 2057 τε
1915 2006 2009 2057 καὶ

435 2089 696 2162 βαρϐάρῳ
761 2094 1194 2166 μεταϐληθείσης
1244 2096 1378 2166 (51),
1442 2099 1521 2160 εἰς
1575 2095 1898 2162 ἐξάκουστον
1950 2117 2008 2151 τε

435 2183 567 2235 πᾶσι
595 2185 708 2246 τοῖς
739 2183 944 2238 ἔθνεσιν
966 2187 1051 2255 ἐφ’
1086 2188 1323 2257 ἑκάστης
1346 2189 1554 2259 ἡμέρας
1577 2207 1644 2260 κη
1655 2191 2004 2261 ρυττομένης.

505 2272 618 2342 (52)
650 2281 718 2326 α’.
738 2275 1069 2349 Ἐπειδὴπερ
1088 2278 1144 2330 ἐν
1163 2279 1519 2349 προφητείαις
1539 2281 1910 2351 ἁναγράπτοις
1930 2284 2008 2345 εἰς

436 2363 601 2416 αὑτοῦ
640 2365 927 2435 πρόσωπον
948 2367 1160 2438 εἴρηται
1192 2370 1564 2440 προφητικῶς,
1590 2371 1850 2438 Ἀἵτησαι
1872 2373 2008 2439 παρ’

435 2454 602 2522 ἐμοῦ,
634 2455 734 2509 καὶ
764 2456 934 2510 δώσω
967 2474 1067 2511 σοι
1097 2459 1242 2528 ἔθνη
1278 2461 1392 2528 τὴν
1419 2463 1824 2530 κληρονομία-ν
1861 2480 2006 2528 σου,

436 2545 534 2597 καὶ
569 2545 682 2612 τὴν
706 2546 1080 2615 κατάσχεσίν
1115 2565 1231 2602 σου
1260 2552 1332 2604 τὰ
1368 2552 1594 2618 πέρατα
1621 2553 1731 2620 τῆς
1760 2553 1894 2622 γῆς,
1924 2555 2010 2607 διὰ

435 2635 610 2700 τοῦτο,
655 2636 730 2699 ὡς
774 2636 840 2689 ἂν
872 2638 973 2704 τῆς
1017 2642 1362 2710 προφητικῆς
1399 2644 1701 2714 μαρτυρίας
1729 2643 1874 2715 ἔργῳ
1917 2645 2009 2696 νῦν

437 2726 832 2797 πληρωθείσης,
864 2747 935 2800 φη
945 2731 995 2781 el.
1017 2733 1127 2793 τοῖς
1142 2732 1306 2785 αὐτοῦ
1336 2733 1622 2804 μαθηταῖς,
1641 2737 1781 2788 κατὰ
1810 2738 1905 2807 μὲν
1922 2739 2010 2791 τὸν

436 2818 736 2880 Ματθαῖον,
767 2821 969 2888 Ἐδόθη
989 2840 1092 2890 μοι
1116 2822 1283 2878 πᾶσα
1303 2825 1553 2889 ἐξουσία
1573 2829 1653 2892 ὡς
1675 2829 1745 2880 ἐν
1780 2830 2012 2897 cepam?)

437 2912 535 2964 καὶ
563 2911 662 2964 ἐπὶ
692 2911 804 2980 γῆς
824 2930 837 2943 ·
871 2913 1012 2966 κατὰ
1044 2913 1100 2968 δὲ
1127 2914 1219 2966 τὸν
1249 2917 1483 2980 Λουκάν,
1512 2918 1592 2970 ὅτι
1625 2919 1706 2971 δεῖ
1733 2938 1800 2991 κη
1812 2921 2007 2992 ρυχθῆ-

437 3019 526 3054 ναι
573 3001 664 3054 ἐπὶ
711 3001 790 3072 τῷ
842 3003 1066 3072 ὀνόματι.
1115 3005 1279 3058 αὐτοῦ
1333 3009 1621 3077 μετάνοιαν
1669 3011 1766 3064 καὶ
1819 3011 2011 3082 ἄφεσιν

438 3093 722 3164 ἁμαρτιῶν
761 3095 840 3157 εἰς
870 3095 1047 3148 πάντα
1079 3097 1146 3150 τὰ
1173 3097 1320 3169 ἔθνη·
1355 3099 1465 3151 τῶν
1507 3100 1605 3170 μὲν
1630 3102 1737 3173 γὰρ
1776 3106 1896 3156 κατ’
1925 3104 2012 3157 οὑ-

441 3182 604 3251 ρανὺν
649 3180 709 3246 ἐξ
739 3183 936 3247 αἰῶνος
975 3187 1162 3256 ἐπεῖχε
1208 3188 1306 3258 τὴν
1354 3188 1660 3259 βασιλείαν,
1706 3193 1814 3245 τῶν
1845 3194 1889 3246 δ’
1919 3195 2010 3248 ἐπὶ

439 3271 666 3343 γῆς-νῦν
707 3272 857 3343 αὐτῷ
891 3274 1133 3328 δεδόσθαι
1169 3279 1301 3347 φησί
1346 3279 1442 3350 τὴν
1470 3282 1662 3353 ἀρχήν.
1697 3284 1870 3336 Πάλαι
1914 3286 2011 3355 μὲν

440 3361 570 3432 γὰρ,
603 3363 678 3426 ὡς
699 3366 938 3436 Μωῦσῆς
970 3372 1258 3437 μαρτυρεῖ,
1305 3370 1526 3438 ἄγγελοι
1564 3371 1699 3425 Θεοῦ
1723 3370 1861 3444 ἦσαν
1888 3379 2012 3440 τοὺς

443 3451 535 3506 ἐπὶ
565 3456 666 3523 γῆς
692 3456 1172 3528 ἐγκεχειρισμένοι’
1191 3460 1579 3532 διατραπείσης
1599 3463 1654 3516 δέ
1685 3464 1781 3534 τῆς
1807 3465 2015 3537 άνθρω-

443 3543 672 3615 πότητος
702 3547 793 3599 ἐπὶ
825 3549 922 3619 τὴν
960 3549 1219 3603 πολύθεον
1262 3551 1488 3622 πλάνην,
1543 3555 1763 3608 καὶτῶν
1792 3558 2013 3611 ἐπιστα-

440 3635 673 3690 τούντων
694 3639 940 3708 ἀγγέλων
975 3643 1141 3712 μηδὲν
1173 3644 1309 3714 πρὸς
1333 3646 1491 3698 τοῦτο
1522 3648 1830 3718 ἐπικουρεῖν
1856 3649 2013 3704 δυνα-

444 3728 640 3796 μένων,
686 3731 848 3794 αὐτὸς
890 3731 954 3803 δὴ
1001 3733 1188 3787 λοιπὸν
1213 3737 1240 3788 ὁ
1270 3736 1378 3789 τῶν
1416 3737 1550 3791 ὅλων
1580 3740 1766 3811 Σωτὴρ
1799 3740 1886 3794 διὰ
1914 3743 2015 3811 τῆς

439 3819 604 3872 αὑτοῦ
640 3820 980 3890 θεοφανείας,
1016 3825 1153 3894 μετὰ
1176 3826 1273 3896 τὴν
1302 3827 1443 3880 κατὰ
1470 3829 1562 3882 τοῦ
1595 3829 1824 3884 θανάτου
1859 3833 2013 3903 νίκην

439 3905 699 3970 διδάσκει,
744 3910 826 3962 ὅτι
870 3913 1058 3982 μηκέτ’
1093 3915 1364 3981 ἀγγέλοις,
1414 3917 1530 3969 ἀλλ’
1562 3917 1710 3988 αὐτῷ
1756 3921 1890 3991 πρὸς
1918 3922 2012 3975 τοῦ

444 3997 652 4067 Πατρὸς
680 4000 712 4069 ἡ
746 3999 853 4052 τῶν
875 4002 966 4054 ἐπὶ
993 4005 1093 4071 γῆς
1110 4003 1279 4056 ἐθνῶν
1303 4006 1518 4071 ἐξουσία
1546 4007 1771 4063 δέδοται.
1794 4012 1884 4064 Διὸ
1906 4015 2014 4076 τοῖς

441 4086 604 4139 αὑτοῦ
625 4089 891 4160 μαθηταῖς
909 4093 969 4144 οὺ
988 4094 1270 4163 πρότερον,
1301 4095 1436 4149 ἀλλὰ
1457 4097 1550 4151 νῦν
1578 4101 2014 4172 παρεκελεύσατο

443 4179 744 4250 περιελθεῖν
761 4183 854 4236 καὶ
875 4185 1211 4256 μαθητεῦσαι
1228 4187 1404 4241 πάντα
1421 4189 1488 4241 τὰ
1503 4191 1650 4260 ἔθνη.
1681 4192 2014 4262 Ἀναγκαίως

439 4268 498 4321 δὲ
551 4274 874 4342 προστίθησι
929 4275 990 4328 τὸ
1052 4279 1345 4349 μυστήριον
1393 4283 1493 4352 τῆς
1545 4283 2009 4356 άποκαθάρσεως·

441 4364 608 4434 ἐχρῆν
624 4365 732 4436 γάρ
763 4366 889 4430 τοὺς
911 4366 969 4433 ἐξ
989 4368 1158 4421 ἐθνῶν
1192 4372 1647 4442 ἐπιστραφέντας.
1685 4378 1884 4440 παντὸς
1920 4399 2014 4450 μο-

2109 554 2302 608 veriat,
2337 543 2570 597 inveniet
2600 551 2920 597 caelerorum
2977 556 3192 610 quoque
3225 539 3535 594 Servatoris
3589 540 3672 592 di-

2107 633 2433 703 scipulorum
2467 641 2637 703 gesta,
2676 646 2812 700 quos
2851 647 2972 686 cum
3009 630 3347 700 promisisset
3376 629 3675 700 piscatores

2110 728 2386 795 hominum
2435 725 2636 788 facere,
2697 724 2967 780 sermonis
3017 725 3300 778 veritatem
3361 737 3524 790 Opere
3575 723 3673 776 de-

2108 817 2450 874 monstravit.
2487 818 2569 872 Ad
2603 818 2742 872 hanc
2775 818 2937 886 igitur
2970 830 3142 886 usque
3177 817 3319 870 diem
3354 816 3493 870 idem
3544 829 3673 884 cpe-

2109 921 2263 964 ratur
2307 919 2362 964 et
2411 908 2593 974 eﬂicit,
2633 909 2832 976 ubique
2859 923 3119 978 praesens,
3150 916 3204 961 et
3238 922 3333 976 per
3361 906 3673 960 universum

2111 1003 2330 1056 humani
2375 1000 2638 1056 incolatus
2671 999 2858 1055 orbem
2897 1000 3179 1056 rationalia
3212 1000 3344 1054 retia
3374 1013 3470 1054 sua
3523 998 3671 1052 omni

2111 1110 2310 1166 genere
2346 1093 2692 1148 rationalium
2727 1089 2954 1160 piscium
2988 1091 3227 1160 replens,
3258 1090 3570 1145 Graecorum
3617 1099 3674 1143 et

2112 1163 2494 1247 barbarorum,
2524 1183 2591 1237 de
2621 1181 2886 1252 profundo
2919 1181 3198 1249 nequitize,
3250 1180 3542 1234 extrahens
3575 1163 3688 1232 ho-I

2111 1275 2316 1329 minnm
2357 1273 2567 1330 scilicet
2614 1273 2824 1327 animas
2869 1273 2934 1326 de
2983 1271 3234 1326 atheismi
3272 1271 3674 1336 lenebris,eas-

2111 1381 2216 1436 que
2260 1367 2326 1420 ad
2371 1365 2552 1420 lumen
2592 1366 2802 1419 traditae
2832 1363 2900 1418 ab
2936 1379 2995 1418 se
3018 1362 3111 1418 Dei
3138 1363 3343 1416 notitiae
3381 1361 3671 1417 extollens.

2113 1460 2204 1513 Sic
2241 1460 2405 1514 etiam
2427 1455 2649 1512 Joannis
2683 1456 2944 1510 Zebedzeo
2980 1457 3168 1526 geniti,
3207 1471 3364 1525 quem
3410 1455 3461 1509 in
3497 1455 3676 1524 pisca-

2113 1551 2258 1604 tione
2291 1549 2462 1604 visum
2482 1563 2604 1602 cum
2633 1556 2856 1616 parente
2878 1562 2938 1601 ac
2960 1545 3130 1600 fratre
3157 1547 3289 1600 retia
3323 1545 3674 1608 reficientem,

2112 1642 2300 1695 eadem
2327 1640 2610 1695 vocatione
2635 1654 2698 1694 ac
2724 1639 2992 1708 promisso
3019 1637 3273 1706 dignatus
3295 1646 3399 1704 est,
3429 1635 3674 1698 Joannis,

2115 1731 2360 1800 inquam,
2399 1745 2495 1799 per
2539 1729 2851 1784 universum
2908 1728 3095 1783 orbem
3143 1741 3336 1782 nomen
3387 1727 3676 1794 splendet;

2113 1824 2266 1893 cujus
2293 1823 2419 1876 item
2463 1835 2741 1877 sermones
2781 1819 3059 1874 hominum
3116 1821 3325 1872 animas
3373 1816 3681 1870 illuminant

2112 1915 2164 1969 in
2195 1915 2393 1970 tradita
2436 1913 2505 1968 ab
2548 1927 2613 1968 eo
2652 1911 2933 1981 Evangelii
2965 1910 3257 1979 scriptura,
3288 1907 3481 1979 quaeiu
3519 1922 3681 1963 omne

2112 2009 2307 2062 idioma
2331 2007 2576 2063 Graecum
2607 2005 3061 2074 barbaricumque
3101 2016 3386 2066 conversa,
3418 2000 3485 2054 ad
3517 2013 3680 2052 aures

2111 2099 2353 2154 omnium
2384 2098 2625 2169 gentium
2651 2095 2900 2167 quotidie
2930 2095 3210 2150 recitatur.

2182 2282 2231 2335 1.
2289 2281 2424 2346 Quia
2471 2280 2521 2332 in
2570 2277 2787 2348 scriptis
2815 2277 3085 2332 vaticiniis
3127 2276 3192 2329 de
3235 2275 3403 2345 ipsius
3449 2289 3678 2342 persona

2111 2371 2426 2440 prophetice
2456 2371 2655 2424 dictum
2686 2379 2768 2425 est
2810 2386 2825 2423 :
2857 2368 3082 2422 Postula
3127 2386 3157 2419 a
3197 2383 3295 2431 me,
3341 2375 3388 2419 et
3419 2364 3552 2417 dabo
3584 2366 3690 2447 tibi.

2109 2477 2281 2534 gentes
2319 2447 2673 2518 Ita'reditatem
2708 2473 2874 2526 tuam,
2915 2471 2960 2514 et
2991 2461 3368 2527 possessionem
3402 2468 3543 2509 (nam
3571 2465 3679 2509 ter—

2110 2562 2452 2611 minosterrw
2479 2557 2547 2621 ’⁸,
2579 2568 2862 2624 propterea
2911 2565 3160 2623 tanquam
3209 2554 3252 2608 si
3305 2551 3678 2620 propheticum

2113 2648 2479 2702 testimonium
2501 2645 2773 2713 nuncjam
2811 2647 2862 2700 in
2891 2663 3000 2700 rem
3033 2646 3282 2699 collatum
3316 2642 3525 2704 fuisset,
3551 2643 3682 2695 dicit

2111 2738 2386 2807 discipulis
2411 2738 2546 2800 suis,
2571 2737 2867 2792 secundum
2893 2737 3198 2790 Mattlnrum
3231 2735 3522 2804 quidem”,
3542 2733 3680 2787 Data

2113 2841 2185 2884 est
2217 2830 2344 2882 mihi
2372 2829 2540 2883 omnis
2571 2837 2802 2897 potestas
2833 2829 2886 2881 in
2933 2829 3060 2882 coelo
3117 2838 3160 2881 et
3192 2827 3248 2879 in
3277 2838 3417 2879 terra
3443 2867 3457 2889 ,
3493 2841 3682 2880 secuti-

2111 2924 2235 2978 dum
2266 2938 2391 2977 veru
2411 2922 2607 2976 Lucam
2627 2921 2694 2986 ”,
2717 2921 2792 2975 ait
2820 2920 3099 2989 praedicari
3123 2929 3374 2988 oportere
3397 2920 3446 2973 in
3469 2917 3683 2973 nomine

2110 3013 2225 3081 ejus
2261 3013 2633 3083 pcenitentiam
2657 3021 2711 3066 et
2742 3011 3227 3075 remissionem,_ad
3253 3027 3442 3064 omnes
3473 3021 3680 3080 gentes.

2114 3107 2248 3161 Nam
2292 3105 2591 3160 caelestium
2637 3103 2852 3173 quidem
2900 3104 2967 3157 ah
3014 3115 3217 3158 aeterno
3260 3104 3682 3156 dominationem

2117 3199 2333 3252 tenebat
2360 3214 2374 3263 ;
2412 3197 2748 3251 terrestrium
2776 3204 2982 3258 autem,
3014 3208 3156 3248 nunc
3187 3193 3288 3247 sibi
3325 3194 3504 3246 datum
3532 3189 3691 3260 prin;

2113 3289 2350 3356 cipatum
2389 3286 2540 3343 dicit.
2570 3285 2707 3340 Olim
2731 3285 2949 3352 quippe,
2985 3292 3120 3337 teste
3155 3281 3334 3352 Moyse
3377 3281 3443 3347 9",
3474 3282 3682 3350 angelis

2113 3378 2210 3433 Dei
2239 3376 2525 3431 commissa
2547 3383 2667 3429 erat
2697 3383 2853 3427 terra:
2895 3371 3194 3428 incolarum
3231 3386 3362 3424 cura
3389 3387 3403 3424 :
3437 3372 3529 3425 sed
3561 3387 3681 3425 cum

2113 3481 2283 3537 genus
2309 3466 2598 3520 humanum
2626 3464 2690 3518 ad
2715 3461 3052 3533 polytheismi
3084 3476 3320 3515 errorem
3354 3460 3682 3527 deﬂexisset,

2114 3571 2380 3625 nemoque
2403 3571 2469 3611 ex
2499 3554 2796 3623 praepositis
2824 3554 3030 3623 angelis
3057 3567 3210 3622 opem
3243 3551 3403 3606 ullam
3430 3554 3599 3608 hacin
3627 3570 3684 3607 re

2113 3659 2371 3718 praestare
2392 3656 2591 3714 posset,
2612 3646 2725 3714 ipse
2744 3645 2934 3700 deinde
2960 3645 3198 3699 omnium
3229 3645 3487 3700 Servator
3503 3646 3683 3699 divina

2115 3756 2210 3795 sua
2246 3738 2705 3802 manifestatioue,
2769 3746 2890 3807 post
2947 3737 3166 3794 relatam
3209 3739 3273 3791 de
3308 3747 3480 3794 morte
3512 3738 3684 3792 victo-

2115 3833 2250 3887 riam
2301 3833 2476 3894 docet,
2514 3829 2657 3885 haud
2694 3828 2806 3897 jam
2855 3829 3056 3884 diutius
3087 3829 3312 3900 angelis,
3362 3833 3455 3886 sed
3506 3831 3605 3900 ipsi
3651 3846 3682 3884 τι

2115 3925 2274 3978 Patre
2315 3931 2634 3993 p0lestalem
2669 3922 2720 3975 in
2753 3932 2908 3976 terra:
2931 3931 3116 3992 gentes
3139 3924 3341 3980 datam.
3370 3923 3572 3977 Idcirco
3603 3925 3685 3976 di-

2115 4015 2334 4085 scipulis
2360 4015 2470 4069 suis
2499 4015 2638 4068 haud
2675 4023 2858 4075 antea,
2913 4013 3005 4068 sed
3064 4030 3239 4080 nunc,
3277 4015 3549 4067 mandavit
3580 4014 3686 4068 cir-

2115 4109 2321 4163 cumire
2352 4117 2512 4174 atque
2543 4106 2758 4160 erudire
2790 4121 2977 4160 omnes
3012 4115 3222 4175 gentes.
3243 4089 3556 4161 Necessario
3583 4123 3685 4159 au-

2115 4210 2220 4256 tem
2249 4200 2582 4270 purgationis
2615 4199 2932 4269 mysterium
2971 4198 3193 4266 adjicit:
3225 4199 3502 4266 oportebat
3537 4200 3680 4253 enim

2115 4308 2402 4351 conversos
2429 4309 2493 4346 ex
2521 4293 2774 4355 etlmicis,
2793 4290 2941 4346 omni
2967 4290 3174 4344 macula
3198 4299 3252 4343 et
3277 4289 3682 4358 inquinamento

2113 4402 2210 4458 per
2252 4385 2418 4454 ipsius
2454 4383 2704 4438 virtutem
2750 4381 2987 4451 purgari,
3039 4382 3300 4435 diabolico
3337 4382 3586 4434 nimirqu
3628 4393 3682 4435 et

440 4452 646 4525 λυσμοῦ
677 4457 770 4511 καὶ
799 4458 1106 4530 μιάσματος
1132 4461 1218 4515 διὰ
1241 4463 1339 4533 τῆς
1371 4465 1534 4518 αὑτοῦ
1559 4465 1839 4536 δυνάμεως
1871 4473 2006 4527 ἁπο-

2115 4477 2447 4534 idololatrico
2478 4491 2665 4530 errore
2706 4484 2761 4529 et
2800 4474 3288 4530 abominatiouibus
3316 4476 3524 4530 cunctis
3553 4475 3681 4530 olim

509 4546 552 4577 ⁹¹
586 4545 724 4599 Psal.
761 4563 820 4610 ll,
849 4549 901 4604 8.
1025 4552 1069 4583 ⁹²
1103 4551 1293 4608 Matth.
1348 4572 1536 4622 xxvnt,
1579 4558 1664 4612 18.

660 4637 790 4720 (Sed.
817 4639 913 4720 Gr.
941 4641 1051 4695 τῶν
1067 4645 1248 4720 -αὐτοῦ
1269 4647 1508 4720 λογικῶν
1533 4650 1783 4707 δικτύων.

512 4707 624 4790 (.51.)
655 4709 1039 4790 Animadverte
1067 4715 1280 4790 Eusebii
1337 4707 1703 4790 testimonium
1757 4723 1823 4778 de
1868 4727 2016 4781 auti-

444 4777 718 4864 quissimis
877 4779 1169 4838 Biblioruni
1194 4787 1245 4839 in
1270 4789 1509 4843 onmium
1538 4793 1777 4859 gentium
1804 4777 2015 4864 linguas

447 4847 904 4901 translationilms.

463 4986 481 4998 γ’
515 4916 865 4998 (52)..Ιῖι11τειιε
893 4918 1018 4971 mihi
1043 4918 1280 4986 jucunda
1316 4939 1408 4998 res?
1444 4929 1657 4998 accidit,
1693 4933 1831 4998 quod
1886 4935 2010 4988 dum

442 4986 659 5040 Eusebii
716 4987 880 5050 locos,
920 4999 1181 5058 quotquot
1232 5003 1357 5045 sunt
1398 4997 1446 5047 in
1488 4986 1681 5052 Nic-ene
1712 4986 1781 5052 ad
1811 4986 2010 5058 Lucani

442 5066 631 5130 catena
661 5071 785 5118 ms..
840 5073 906 5113 ex
950 5057 1155 5113 Graecis
1206 5060 1427 5118 Latinus
1475 5066 1727 5130 facerem,
1784 5057 2014 5126 feliciter

442 5125 654 5245 afnovi,
687 5136 1018 5207 postremum
1044 5131 1281 5196 prtedicti
1321 5133 1529 5188 Eusebii
1564 5125 1761 5200 locum,
1799 5141 1849 5192 in
1877 5125 2013 5210 pen;

442 5207 474 5243 Il
502 5203 631 5245 timo
662 5195 869 5245 scilicet
907 5207 1068 5245 atoue
1103 5199 1290 5245 Illlimn
1326 5203 1524 5245 endit-ie
1571 5207 1693 5245 l'nlin
1726 5211 1979 5245 cor-inm...

441 5195 639 5278 ultimo,
662 5195 875 5278 scilicet
907 5195 1068 5264 atque
1093 5199 1290 5278 _u_ltim_o
1324 5203 1524 5278 codicis
1570 5195 2005 5278 l'olioiscript'um,

442 5266 724 5345 pertinere
747 5266 964 5345 totidem
994 5269 1173 5345 verbis
1202 5271 1283 5345 ad
1322 5272 1364 5324 Τ
1364 5274 1671 5345 keep/ionice
1699 5266 1891 5345 libru'm
1924 5266 1998 5345 iv,

441 5347 598 5414 capp.
627 5331 811 5414 δαί-ξ),
840 5345 1012 5414 proul_
1048 5337 1101 5390 in
1129 5339 1354 5414 Anglica
1401 5331 1473 5396 cl.
1512 5339 1780 5401 Samuelis
1815 5331 2003 5405 Leiveii

443 5401 956 5482 Syriaconi’diomate
1000 5401 1450 5482 interprEtationc
1497 5415 1716 5482 legitur,
1754 5417 1822 5470 ab
1850 5401 2004 5473 initio

437 5471 647 5540 paginae
676 5471 781 5552 224
800 5477 1054 5552 usquead
1078 5471 1284 5552 initium
1309 5481 1435 5552 item
1464 5471 1670 5552 paginae
1694 5471 1818 5540 9‘29;
1853 5471 2004 5544 Nunc

437 5555 567 5621 vero
601 5550 871 5621 repertum
905 5558 934 5596 a
971 5545 1123 5621 nobis
1150 5549 1412 5621 originale
1455 5545 1698 5606 Graecum
1730 5555 2002 5619 fragmen-

439 5617 575 5687 tum,
615 5614 665 5664 in
686 5621 886 5687 nostra
918 5614 1132 5678 quidem
1167 5614 1511 5686 Theophanim
1551 5625 1786 5677 editione
1814 5614 2002 5681 Graeca

439 5682 581 5756 inter
610 5682 856 5756 quintum
899 5691 1220 5756 seuumque
1272 5682 1549 5742 numerum
1609 5708 1659 5756 p.
1697 5694 1786 5747 liii
1829 5696 2002 5748 collo-

443 5749 672 5804 candum
723 5752 844 5805 erit.
895 5751 1062 5805 Porro
1129 5749 1367 5812 Nicetam
1432 5749 1786 5826 ΤΙιθυιιίιιιηὶιυ·
1825 5781 2004 5832 partes

1790 4560 1836 4592 ”
1868 4561 2154 4634 Lucxxnv,
2175 4569 2263 4623 4⁵1.

2353 4569 2400 4600 ⁸⁸
2430 4567 2586 4620 Deut.
2625 4582 2797 4632 xxx",
2827 4565 2880 4620 8.

2118 4661 2277 4716 modo
2311 4674 2431 4714 cum
2467 4661 2581 4727 ipso
2613 4659 2792 4724 oneris
2822 4659 2998 4717 titulo,
3034 4656 3192 4712 modo
3221 4667 3431 4712 tantum
3464 4657 3681 4714 Eusebii

2118 4732 2352 4799 ascriptu
2399 4729 2615 4783 nomine
2667 4728 2776 4799 (ut_
2806 4729 2892 4782 hic
2941 4727 3085 4796 fecit)
3127 4731 3358 4799 recitare
3406 4727 3458 4780 in
3491 4738 3680 4799 catena

2118 4817 2218 4853 ms.
2252 4797 2493 4860 solitum,
2546 4799 2656 4866 jam
2691 4797 2814 4850 alibi
2854 4814 2956 4852 non
2990 4797 3156 4854 semel
3185 4799 3442 4852 diximus.
3503 4797 3683 4863 Quare

2115 4881 2171 4922 et
2199 4886 2318 4933 nos,
2362 4879 2486 4922 ante
2519 4870 2763 4934 cognitas
2797 4883 2888 4922 seu
2941 4868 3220 4931 Anglicani
3265 4885 3358 4922 seu
3401 4869 3679 4936 Syriacam

2117 4941 2294 5005 operis
2324 4939 2606 4995 editiones.
2663 4937 2808 4990 locos
2839 4940 2979 4990 nudo
3029 4937 3241 4991 Eusebii
3298 4938 3510 4990 nomine
3545 4955 3682 5006 pra:-

2117 5012 2279 5071 ditos,
2313 5008 2662 5074 Theon/mnia!
2720 5008 2993 5060 ascribere
3026 5023 3129 5058 non
3190 5009 3491 5073 potuimus;
3537 5009 3677 5074 quod

2115 5093 2256 5132 nunc
2284 5079 2490 5148 Anglici
2541 5077 2666 5148 libri
2720 5079 2979 5131 benclicio
3027 5077 3306 5148 cllecimus
3341 5093 3354 5129 :
3391 5085 3449 5148 _ut
3477 5077 3679 5148 Anglus

2111 5148 2349 5202 vicissim
2376 5145 2577 5208 editor,
2629 5147 2812 5200 Graeca
2857 5157 3039 5202 nostra
3073 5147 3356 5217 originalia
3390 5145 3440 5198 in
3480 5145 3679 5199 librum

2111 5232 2286 5278 smim,
2328 5233 2450 5271 cum
2475 5217 2521 5270 ei
2558 5217 2898 5270 commodum
2939 5219 3071 5279 erit,
3108 5217 3356 5278 libenter,
3388 5226 3445 5267 ut
3476 5230 3678 5278 remur,

2110 5289 2418 5342 transferet.
2473 5287 2550 5340 Ne
2587 5287 2717 5354 quid
2757 5301 2883 5340 vero
2924 5287 3009 5340 hic
3067 5298 3394 5355 repetamus,
3454 5285 3680 5338 lectores

2109 5367 2323 5426 nostros
2373 5356 2442 5410 ad
2487 5357 2757 5426 disputata
2803 5357 3054 5425 superius
3101 5357 3154 5408 in
3189 5356 3402 5426 Monitis
3445 5355 3682 5426 itemque

2108 5425 2160 5478 in
2204 5421 2641 5480 adnotationibus
2692 5421 2922 5495 Sparsiin
2958 5427 3119 5487 dicta,
3163 5421 3682 5495 ablegamus.7(_]erte

2111 5495 2236 5550 hinc
2257 5505 2497 5564 apparet,
2520 5493 2742 5551 citatum
2776 5497 2918 5549 aliud
2946 5511 2974 5546 a
3012 5495 3080 5547 cl.
3107 5495 3253 5548 Sam.
3271 5493 3381 5548 Leo
3409 5510 3461 5564 p.
3493 5493 3604 5546 9‘24.
3629 5495 3680 5549 in

2112 5565 2236 5618 adn.
2279 5563 2634 5632 fragmentum
2683 5576 2924 5619 nostrum
2973 5563 3134 5630 (apud
3162 5564 3278 5631 {nos
3311 5580 3381 5618 co
3433 5563 3584 5632 658),
3615 5566 3680 5616 a-d

2112 5633 2254 5688 hunc
2290 5634 2635 5704 Theophanis
2681 5635 2877 5697 locum,
2913 5646 2968 5688 ut
2999 5636 3110 5702 ipse
3161 5634 3359 5703 vellem
3387 5637 3529 5694 mihi
3577 5650 3679 5688 seu

2112 5718 2290 5772 posse.
