4116 6410
380 382 476 437 631

1086 372 1373 436 ΕΗΕΕΒΙΓ
1394 376 1961 438 (ΞΑΞΞᾹΙΠΕΧΒΙΞὈῚ

2101 380 2281 436 PARS
2320 378 2408 440 ιγ’.
2447 415 2516 424 —-
2553 382 2972 439 DOGMATICA.

3523 391 3628 445 653

375 500 687 567 devinctos;
712 513 851 552 nunc
877 505 1056 553 autem
1081 499 1259 565 primo
1282 513 1348 552 ex
1372 499 1581 565 impura
1598 502 1950 569 ,sceleslaqtte

2061 501 2408 571 καθαίρεσθαι
2461 502 2525 554 ἐκ
2575 502 2675 572 τῆς
2722 501 3041 570 δαιμονικῆς
3097 519 3189 554 και
3242 501 3628 574 εἰδωλολάτρου

375 592 484 642 vita
524 599 825 643 revocatos.
881 589 1058 656 Atque
1115 598 1172 641 ut
1222 589 1308 643 his
1357 591 1623 644 suadeant
1672 591 1944 658 admonet,

376 691 500 750 post
564 680 977 749 purgationem,
1058 681 1273 749 mystici
1342 681 1637 750 magisterii
1703 683 1756 734 vi
1826 696 1950 752 per-

378 780 577 836 actam,
608 772 746 825 haud
779 770 889 836 jam
923 781 1192 841 praecepta
1236 771 1485 834 Judaica,
1533 788 1709 845 neque
1751 773 1952 841 Moysis

382 863 640 932 legitima.
679 863 773 917 sed
823 877 944 933 qua:
1001 863 1114 932 ipse
1159 864 1227 917 iis
1270 866 1607 934 praeciperet,
1636 865 1949 927 observare.

379 952 503 1006 llmc
531 952 781 1008 videlicet
802 966 911 1008 uno
932 968 1028 1007 ore
1054 956 1233 1009 cuncti
1260 957 1387 1010 dum
1410 971 1505 1025 per
1531 964 1720 1026 gentes
1745 956 1955 1011 discur-

378 1053 560 1098 rerent
596 1045 883 1100 tradebant
905 1047 1216 1101 consumtis
1246 1047 1297 1100 in
1330 1049 1581 1103 universo
1606 1047 1740 1103 orbe
1766 1046 1955 1103 Eccle-

376 1136 494 1190 siis.
542 1135 717 1205 Atque
751 1145 810 1189 ut
849 1153 986 1205 opus
1030 1147 1173 1201 erat,
1220 1138 1492 1200 hortatur,
1547 1147 1603 1192 et
1662 1137 1953 1191 alacriores

374 1225 541 1281 elﬁcit
567 1227 632 1281 ad
661 1229 937 1283 adeundae
965 1238 1285 1283 venatorum
1314 1244 1464 1283 more
1489 1239 1700 1301 gentes,
1737 1239 1790 1285 et
1817 1230 1952 1283 uni-—

375 1335 592 1374 versum
632 1322 909 1375 hominum
946 1338 1116 1392 genus
1151 1320 1529 1386 erudiendum,
1586 1321 1768 1375 addita
1826 1336 1948 1391 pro-

377 1408 672 1464 missione:
708 1410 843 1464 Ecce
878 1426 969 1480 ego
995 1412 1257 1465 vobiscum
1285 1426 1435 1475 sum;
1490 1412 1792 1466 secundum
1827 1426 1955 1465 vero

377 1498 600 1561 Lucam.
624 1499 889 1571 Spiritum
921 1505 1214 1580 spondens.
1264 1503 1390 1559 Hazc
1425 1518 1604 1559 autem
1641 1503 1957 1573 promissio-

377 1590 463 1644 nis
512 1591 679 1645 verba
738 1592 913 1661 reipsa
960 1594 1306 1648 cumulavit:
1360 1610 1483 1648 nam
1533 1595 1717 1649 divina
1755 1592 1957 1648 virtute

378 1682 573 1749 cuique
626 1692 841 1748 astans,
896 1685 1169 1754 inspirans
1210 1686 1375 1741 simul
1412 1696 1468 1742 et
1502 1701 1820 1756 cooperans,
1863 1700 1956 1740 ne-

377 1774 508 1842 gotii
544 1789 857 1830 successum
886 1776 1253 1842 conlirmavit,
1271 1789 1471 1846 eosque
1502 1776 1790 1846 magistros
1815 1775 1954 1845 apud

378 1880 567 1919 omnes
609 1879 799 1935 gentes
831 1869 1043 1924 tradita:
1074 1885 1102 1923 a
1147 1884 1207 1924 se
1245 1868 1517 1939 religionis
1543 1868 1840 1922 constituit.

2053 592 2281 663 πλάνης,
2324 592 2596 663 μιάσμασί
2639 610 2700 646 τε
2736 591 3011 656 παντοίοις
3048 592 3459 663 ἐνισχημένους,
3503 594 3629 666 ἄρτι

2051 700 2112 736 τε
2140 683 2355 754 πρῶτον
2376 682 2434 749 ἐξ
2457 683 2757 737 ἀκολάστου
2792 681 2886 735 καὶ
2909 683 3225 753 παρανόμου
3258 682 3373 752 βίου
3402 684 3630 754 μεταϐε-

2053 775 2372 846 ϐλημένους.
2408 774 2642 838 Τούτους
2669 776 2724 829 δὲ
2757 775 2850 827 καί⁵
2890 774 3159 831 διδάσκειν
3194 775 3450 846 παραινεί
3493 776 3632 846 μετὰ

2052 865 2150 938 τὴν
2175 865 2547 936 ἀποκάθαρσιν
2589 867 2688 937 τὴν
2720 865 2808 920 διὰ
2847 866 2945 935 τῆς
2978 865 3142 920 αὑτοῦ
3180 869 3445 937 μυστικῆς
3483 866 3631 920 διδα-

2055 957 2303 1026 σκαλίας,
2323 958 2384 1011 ού
2406 958 2476 1012 τὰ
2502 958 2767 1013 Ἰουδαϊκὰ
2784 958 3236 1030 παραγγέλματα,
3252 959 3371 1012 οὐδὲ
3386 958 3453 1014 τά
3478 960 3630 1032 παρὰ

2054 1050 2278 1102 Medias!
2315 1049 2543 1120 νόμιμα,
2576 1050 2691 1104 ἀλλ’
2726 1051 2827 1105 ὅσα
2861 1050 3046 1114 αὐτοῖς
3088 1049 3387 1104 ἐνετείλατο
3426 1051 3628 1120 φυλάτ-

2054 1156 2186 1192 τειν.
2223 1139 2406 1193 Ταῦτα
2434 1140 2480 1191 δ’
2510 1136 2579 1210 ἦν
2610 1139 2648 1196 ἃ.
2688 1141 2754 1213 δὴ
2798 1140 3104 1212 συμφώνως
3133 1143 3180 1195 οἰ
3225 1141 3423 1205 πάντες
3466 1144 3627 1195 ἐκπε-

2059 1229 2357 1300 ριελθόντες
2400 1231 2577 1284 πάντα
2610 1231 2678 1285 τὰ
2722 1230 2848 1303 ἔθνη
2902 1224 3318 1303 παραδεδώκασι
3346 1235 3467 1297 ταῖς
3503 1234 3626 1287 καθ’

2053 1320 2183 1390 ὅλης
2209 1321 2310 1390 τῆς
2341 1323 2663 1393 οἰκουμένης
2678 1323 3045 1395 Ἐκκλησίαις.
3084 1324 3417 1393 Ἀναγκαίως
3450 1325 3507 1378 δὲ
3534 1326 3633 1378 ab-

2055 1414 2182 1477 τοὺς
2204 1413 2524 1485 προτρέπει,
2557 1415 2651 1466 καί¹
2676 1415 3118 1486 προθυμοτέρους
3139 1412 3510 1485 ἀπεργάζεται
3537 1415 3633 1469 ἐπὶ

2054 1504 2115 1557 τὸ
2136 1504 2401 1577 θηρεῦσαι
2431 1505 2734 1578 περιελθεῖν
2772 1523 2831 1559 τε
2855 1506 3035 1560 πάντα
3059 1505 3127 1561 τὰ
3148 1504 3298 1576 ἔθνη,
3330 1506 3423 1560 καὶ
3458 1505 3638 1579 μαθη-

2052 1595 2245 1649 τεῦσαι
2283 1597 2392 1649 πᾶν
2427 1595 2584 1664 γένος
2615 1595 2938 1667 ἀνθρώπων,
2966 1595 3033 1649 δι’
3061 1591 3127 1667 ἧς
3159 1595 3452 1667 πεποίηται
3494 1597 3634 1670 πρὸς

2055 1687 2254 1750 αὐτους
2292 1687 2638 1753 ὑποσχέσεως
2680 1686 2879 1740 εἰπών·
2931 1689 3041 1742 Kal
3072 1688 3199 1743 ἰδοὺ
3225 1689 3338 1758 ἐγὼ
3363 1691 3479 1758 εἰμι
3502 1689 3635 1759 μεθ’

2054 1775 2214 1846 ὑμῶν
2236 1795 2251 1807 ·
2286 1778 2428 1831 κατὰ
2452 1778 2510 1831 δὲ
2540 1780 2773 1842 Δουκᾶν,
2804 1779 2866 1832 τὸ
2898 1778 3122 1849 Πνεῦμα
3150 1778 3633 1849 ἐπαγγειλάμενος.

1983 1851 2026 1906 Β
2055 1868 2242 1938 Τούτῳ
2263 1867 2319 1922 δὲ
2340 1867 2417 1939 τῷ
2430 1869 2527 1940 τῆς
2550 1869 2879 1938 ἐπαγγελίας
2896 1870 3039 1940 λόγῳ
3055 1870 3213 1941 ἔργον
3232 1871 3459 1936 ἐπιθεὶς,
3476 1871 3633 1944 θεῖκῇ

376 1976 439 2014 τε
459 1959 683 2031 δυνάμει
710 1963 925 2033 ἑκάστῳ
960 1962 1153 2028 συνὼν,
1187 1963 1477 2033 συμπνέων
1500 1981 1557 2015 τε
1581 1963 1764 2027 αὐτοῖς
1790 1961 1883 2014 καὶ
1908 1960 2206 2033 συνεργῶν,
2246 1961 2587 2017 επιστώσατο
2616 1962 2675 2016 τὺ
2701 1964 3049 2036 κατόρθωμα,
3071 1964 3424 2029 διδασκάλους
3447 1983 3509 2019 τε
3538 1965 3638 2019 αύ-

452 2145 505 2203 ‘B.
532 2144 643 2199 Hac
667 2146 741 2200 illi
762 2147 1120 2217 promissione
1137 2148 1270 2213 nixi,
1287 2162 1453 2216 opere
1481 2148 1597 2218 ipso
1627 2146 1773 2201 illius
1792 2148 1957 2202 verba

380 2237 772 2306 complebant:
814 2238 1063 2308 protinus
1113 2240 1258 2294 enim
1306 2239 1439 2293 nihil
1481 2248 1777 2303 morantes,
1811 2237 1957 2292 omni

379 2344 502 2384 cum
521 2329 803 2385 alacritate
823 2332 889 2384 ad
908 2331 1144 2400 gentium
1170 2332 1534 2402 magisterium
1555 2330 1956 2385 discurrebant.

381 2419 517 2475 Tum
546 2422 662 2489 ipso
691 2423 768 2477 rei
794 2435 989 2477 eventu
1015 2425 1279 2493 persuasi,
1306 2423 1586 2492 oculisque
1622 2438 1746 2477 eum
1775 2423 1961 2478 viven-

383 2524 489 2567 tem
517 2523 804 2568 cernentes
826 2515 916 2591 qui
951 2513 1110 2585 paulo
1140 2524 1298 2570 antea
1340 2515 1644 2571 exstinctus
1678 2514 1877 2582 fuerat,
1906 2524 1963 2569 et

378 2619 542 2674 quem
576 2618 697 2659 cum
738 2604 1114 2673 jurejurando,
1136 2615 1359 2676 propter
1388 2620 1451 2660 ea
1480 2620 1599 2674 quas
1627 2604 1959 2670 acciderant,

383 2704 713 2765 negaverant
733 2711 749 2760 ;
769 2695 930 2761 hunc,
955 2695 1197 2764 inquam,
1224 2704 1529 2765 Spectantes
1545 2695 1825 2749 evidenter
1842 2708 1963 2762 per-

383 2785 758 2853 sonaliterque
795 2794 1138 2854 praesentem,
1181 2799 1233 2841 et
1284 2803 1435 2842 more
1464 2787 1628 2842 solito
1680 2785 1961 2855 alloquen-

385 2887 518 2941 tem,
543 2887 681 2932 etea
705 2892 827 2948 qua:
859 2878 971 2945 jam
1005 2895 1105 2934 nos
1132 2879 1366 2934 diximus
1407 2880 1809 2949 promittentem
1850 2896 1864 2930 :
1908 2878 1960 2931 in

384 2976 625 3033 tantum,
655 2976 711 3022 ut
756 2985 785 3023 a
820 2970 1089 3038 promisso
1118 2985 1177 3025 se
1206 2970 1458 3027 excidere
1500 2969 1641 3023 haud
1672 2984 1833 3038 posse
1857 2982 1963 3022 co-

386 3070 735 3129 gnoscerent,
784 3071 1004 3131 propter
1040 3061 1275 3116 oblatam
1307 3062 1477 3116 oculis
1541 3062 1959 3132 apparitionem.

387 3153 522 3220 Quae
550 3153 652 3209 nisi
705 3155 776 3208 ita
803 3170 862 3209 se
889 3155 1172 3220 haberent,
1218 3154 1459 3224 profecto
1480 3153 1545 3206 ad
1576 3162 1841 3221 praecepta
1875 3150 1961 3206 illa

390 3247 747 3316 torpuissent,
801 3247 1119 3302 rusticitatis
1168 3262 1280 3301 suae
1337 3254 1393 3301 et
1468 3246 1700 3300 idiolicze
1741 3243 1963 3311 loquela:

390 3339 621 3404 conscii,
669 3339 825 3410 cujus
874 3354 1039 3393 causa
1087 3338 1319 3393 ofﬁcium
1376 3340 1609 3392 fortasse
1665 3338 1964 3391 detrectas-

278 2120 295 2129 ί
376 2054 506 2116 τοὺς
537 2053 645 2107 τῶν
667 2054 835 2108 ἐθνῶν
867 2055 1120 2109 ἁπάντων
1160 2054 1261 2125 τῆς
1295 2055 1387 2108 ὑπ’
1416 2054 1579 2111 αὐτοῦ
1613 2053 2013 2127 παραδοθείσης
2038 2052 2344 2118 θεοσεϐειας
2372 2054 2848 2126 ἀποδεικνύμενος.

2134 2146 2195 2217 β’.
2221 2147 2401 2218 Ταυτῃ
2426 2146 2557 2216 γοῦν
2577 2147 3042 2220 ἐπιθαρσήσαντες
3058 2151 3125 2221 τῇ
3142 2149 3465 2221 ἐπαγγελίᾳ.
3483 2149 3633 2220 ἔργῳ

2060 2239 2183 2302 τοὺς
2212 2239 2376 2293 αὐτοῦ
2408 2240 2602 2308 λόγους
2636 2240 2905 2313 ἐπλήρουν
2924 2259 2939 2272 ·
2982 2242 3178 2296 αὐτίκα
3205 2242 3370 2312 μηδὲν
3411 2242 3641 2312 ὑπερθέ-

2064 2353 2234 2407 μενοι,
2260 2338 2355 2390 σῦν
2400 2353 2547 2409 πασῃ
2595 2337 2873 2409 προθυμίᾳ
2917 2337 3207 2408 περιῆλθον
3257 2338 3351 2391 ἐπὶ
3390 2339 3489 2410 τὴν
3531 2339 3641 2393 τῶν

2062 2428 2229 2482 ἐθνῶν
2244 2428 2609 2483 διδασκαλίαν·
2631 2428 2777 2501 ἔργῳ
2797 2430 2893 2500 μὲν
2912 2429 3059 2500 αὐτῷ
3075 2429 3483 2501 παραλαϐόντες
3502 2431 3639 2503 (53),

2064 2520 2157 2574 καὶ
2177 2519 2474 2588 ὀφθαλμοῖς
2503 2520 2738 2592 ὁρῶντες
2760 2519 2937 2585 ζῶντα
2964 2521 3054 2573 τδν
3080 2520 3186 2591 πρὸ
3224 2520 3420 2593 μικροῦ
3456 2522 3639 2578 θανόν-

2061 2629 2151 2675 τα,
2184 2611 2278 2665 καὶ
2299 2611 2358 2664 δν
2384 2608 2731 2683 ἐξωμόσαντο
2756 2611 3122 2683 ἀρνησάμενοι
3151 2613 3241 2666 διά
3269 2612 3338 2666 τά
3360 2612 3633 2683 συμϐεϐη-

2063 2702 2216 2765 κότα,
2243 2700 2432 2755 τοῦτον
2459 2701 2620 2757 αύτδν
2640 2701 2887 2773 ἐναργῶς
2916 2703 3012 2756 καὶ
3031 2701 3467 2774 αὐτοπροσώπως
3497 2719 3634 2773 παρ⁴

2061 2794 2191 2848 όντα
2224 2793 2317 2847 καὶ
2360 2792 2604 2863 συνήθως
2656 2791 3196 2863 προσδιαλεγόμενον,
3241 2791 3635 2862 ἐπαγγελλόμε-

2062 2884 2153 2938 νόν
2181 2901 2241 2936 τε
2263 2883 2445 2946 αὐτοῖς
2470 2884 2537 2936 τά
2573 2883 3006 2955 προλελεγμένα·
3040 2885 3142 2941 οὐκ
3168 2884 3379 2955 ἔχοντες
3404 2883 3461 2936 δέ
3490 2883 3638 2948 ὅπως

2061 2977 2127 3029 ἂν
2148 2975 2505 3045 ’ἀποστήσωσι
2536 2973 2635 3044 τῆς
2661 2974 2990 3042 ἐπαγγελίας
3018 2974 3105 3027 διὰ
3131 2974 3230 3044 τὴν
3262 2971 3636 3045 θεωρουμένην

2061 3066 2202 3136 ὃψιν.
2236 3061 2315 3118 Ἦ
2348 3066 2459 3137 γὰρ
2486 3067 2553 3119 ἂν
2578 3068 2669 3120 καὶ
2699 3065 3030 3136 ἀπώκνησαν
3065 3065 3198 3135 πρὸς
3233 3064 3294 3118 τὸ
3340 3065 3641 3133 ἐπίταγμα,

2019 3190 2023 3198 -
2062 3157 2355 3228 ἀγροικίαν
2384 3158 2596 3221 ἑαυτοῖς
2623 3158 2717 3211 καὶ
2742 3156 2916 3226 λόγων
2951 3155 3218 3211 ἰδιωτείαν
3249 3153 3657 3223 συγγινώσκονςι

2056 3267 2175 3313 τες,
2209 3249 2278 3302 δι’
2308 3254 2374 3321 ἢν
2407 3248 2547 3319 τάχα
2576 3247 2641 3303 ἂν
2660 3249 2757 3303 καί.
2784 3247 3171 3321 παρῃτήσαντο
3193 3264 3207 3278 ·
3244 3246 3470 3309 εἰκότως
3492 3245 3644 3312 λογιη

2067 3341 2309 3411 σάμενοι,
2334 3358 2409 3402 ως
2437 3340 2534 3410 οὐχ
2560 3337 2670 3392 οἷόν
2700 3357 2759 3392 τε
2787 3334 2858 3410 ἦν
2883 3338 3088 3409 Σύρους
3115 3336 3215 3409 τὴν
3240 3336 3509 3405 γλῶτταν,
3547 3337 3645 3390 καὶ

389 3438 544 3494 sent;
579 3438 726 3485 recte
769 3430 1069 3499 cogitantes
1094 3429 1208 3484 fieri
1255 3429 1398 3485 haud
1444 3444 1603 3497 posse
1630 3438 1690 3482 ut
1717 3425 1961 3482 homines

2068 3429 2229 3483 πλέον
2261 3430 2468 3493 ἁλιείας
2500 3429 2666 3500 μηδὲν
2683 3427 3101 3498 ἐπισταμένους,
3132 3425 3482 3488 διδασκάλους
3510 3424 3649 3494 ὁμοῦ

391 3525 570 3595 lingua
604 3524 751 3595 Syri,
793 3534 848 3578 et
882 3534 1074 3593 prarter
1120 3532 1294 3577 artem
1345 3522 1692 3590 piscatoriam
1723 3521 1963 3575 omnium

391 3615 590 3684 ignari,
627 3615 865 3687 magistri
908 3615 1363 3669 constituerentur
1384 3612 1968 3669 Crassorum—simulet

391 3706 786 3770 Romanorum,
804 3705 1177 3777 Egyptiornm
1209 3717 1264 3760 et
1287 3705 1595 3770 Persarum,
1621 3706 1964 3776 aliarumque

392 3801 629 3871 gentium
662 3799 1036 3860 barbararum,
1062 3798 1311 3869 legesque
1342 3798 1548 3852 ferrent
1576 3813 1759 3853 coram
1788 3797 1965 3867 legum

392 3895 658 3951 latoribus
720 3896 1077 3966 regibusque,
1142 3894 1447 3948 comrarias
1500 3894 1565 3947 iis
1623 3893 1968 3962 opinionibus

391 4001 513 4054 quae
551 3986 617 4039 de
640 3985 912 4053 primariis
940 3985 1042 4039 diis
1075 4000 1140 4038 ex
1171 3984 1316 4037 omni
1351 3997 1466 4037 τενο
1491 3984 1833 4036 exstiterant.
1862 3982 1967 4036 Sed

394 4078 510 4130 hac
540 4089 757 4130 versare
790 4076 972 4129 animo
1004 4090 1108 4127 non
1141 4075 1339 4127 licebat
1377 4074 1506 4137 illis,
1534 4075 1625 4143 qui
1650 4090 1836 4127 vocem
1875 4074 1966 4127 Dei

393 4166 628 4222 dicentis
652 4167 937 4223 audierant
965 4185 979 4220 :
1005 4165 1140 4219 Ecce
1189 4182 1280 4235 ego
1324 4165 1581 4218 vobiscum
1635 4182 1783 4230 sum;
1827 4180 1964 4234 quo-

395 4259 539 4314 niam
583 4257 864 4312 evidenter
908 4267 1236 4329 aspexerant
1295 4256 1566 4324 loquentis
1628 4256 1965 4310 divinitatem

395 4350 555 4407 morti
576 4350 910 4421 snperiorem
941 4350 1273 4418 apparuisse.
1307 4347 1442 4402 Hinc
1471 4362 1564 4403 eos
1594 4347 1969 4403 inobedientize

395 4446 562 4500 timor
591 4444 831 4509 incessit,
858 4444 1086 4513 ideoque
1123 4441 1377 4513 periculis
1408 4456 1467 4496 se
1485 4439 1853 4508 obiectabant,
1878 4456 1963 4494 ac-

395 4549 549 4607 cepta
582 4551 611 4589 a
642 4536 900 4605 magistro
932 4536 1092 4591 arrha
1117 4535 1242 4590 vitae
1273 4544 1391 4603 post
1424 4544 1653 4588 mortem
1693 4535 1965 4598 vivendec;

395 4640 704 4698 magnoque
734 4627 915 4681 animo
961 4635 1187 4681 cunctas
1216 4640 1403 4695 gentes
1441 4624 1687 4685 obibant,
1722 4626 1967 4694 magistri

396 4718 477 4771 sui
525 4717 913 4791 promissiones
954 4733 1120 4788 opere
1160 4717 1551 4774 continuantes
1583 4714 1695 4786 (55)
1728 4734 1741 4770 :
1773 4718 1969 4786 quibus

394 4811 558 4865 etiam
582 4811 829 4863 dixerat:
864 4807 973 4865 Vos
1004 4810 1135 4866 estis
1168 4810 1360 4864 horum
1386 4819 1573 4872 testes,
1610 4810 1799 4864 mortis
1825 4809 1971 4863 vide-

396 4901 523 4956 licet
549 4916 612 4955 ac
638 4901 1074 4955 resurrectionis.

466 4997 520 5052 5.
552 4994 685 5051 Cum
714 5009 846 5064 ergo
883 4993 1052 5048 semel
1106 4993 1440 5048 declarasset
1484 5002 1736 5062 oportere
1784 4993 1836 5047 in
1874 5009 1975 5049 no-

397 5091 545 5143 mine
574 5088 693 5157 ejus
733 5086 1014 5157 praedicari
1056 5088 1434 5156 pretiitentiam
1468 5091 1520 5142 in
1553 5087 1764 5141 cunctis
1800 5087 1978 5156 genti-

397 5184 531 5246 bus;
574 5180 675 5236 nisi
700 5179 839 5234 facta
872 5178 1053 5233 verbis
1085 5188 1267 5248 postea
1290 5179 1711 5238 consensissent.
1735 5193 1802 5232 ne
1827 5179 1973 5232 illum

2080 3521 2343 3594 Ἑλλήνων
2356 3522 2470 3577 ικαὶ
2520 3520 2825 3593 Ῥωμαίων,
2857 3519 3169 3587 Αἰγυπτίων
3205 3535 3266 3572 τε
3300 3519 3395 3572 καὶ
3420 3518 3649 3589 Περσῶν

2068 3614 2162 3666 καὶ
2203 3613 2312 3667 τῶν
2347 3612 2549 3667 λοιπῶν
2578 3613 2869 3686 βαρδάρων
2900 3610 3068 3666 ἐθνῶν
3112 3608 3467 3673 καταστῆναι,
3499 3614 3651 3663 ἀντι-

2068 3705 2427 3776 νομοθετῆσαί
2467 3723 2528 3759 τε
2573 3709 2686 3769 τοίς
2719 3702 3032 3775 ἁπανταχοῦ
3080 3703 3185 3773 γῆς
3227 3704 3545 3775 νομοθέταις
3588 3722 3647 3758 τε

2069 3800 2162 3851 καὶ
2196 3790 2496 3867 βασιλεῦσι,
2531 3797 2794 3852 τάναντία
2826 3800 2938 3861 τοῖς
2961 3797 3089 3868 περὶ
3112 3795 3222 3848 τῶν
3251 3795 3480 3867 πρώτων
3507 3795 3650 3848 θεῶν

2068 3892 2133 3945 ἐκ
2173 3890 2266 3944 τοῦ
2309 3890 2510 3953 παντὸς
2556 3889 2749 3954 αἰῶνος
2796 3884 3157 3958 δεδογμένοις.
3204 3887 3343 3941 Ἀλλ’
3377 3888 3480 3940 οὐκ
3520 3885 3651 3954 ἐξῆν

2066 3984 2249 4048 αὐτοῖς
2272 3982 2448 4037 ταῦτα
2478 3981 2824 4046 διανοεῖσθαι,
2856 3979 3122 4035 ἀκούσασι
3159 3981 3258 4052 μὲν
3293 3980 3428 4034 Θεοῦ
3466 3979 3650 4048 φωνῆς

2068 4074 2332 4145 λεγούσης
2357 4076 2561 4138 αὐτοῖς,
2601 4073 2752 4129 Ἰδοὺ
2788 4072 2904 4143 ἐγὼ
2948 4075 3075 4142 μεθ’
3113 4072 3280 4143 ὑμῶν
3303 4074 3420 4141 εἰμι
3439 4109 3455 4135 ,
3478 4070 3651 4143 ὁρῶσι

2067 4168 2125 4221 δὲ
2160 4166 2367 4239 ἐναργῆ
2400 4166 2498 4238 τὴν
2529 4166 2622 4219 τοῦ
2655 4165 2943 4229 λαλοῦντος
2970 4164 3197 4233 θεότητα
3239 4163 3519 4234 κρείττονα
3555 4165 3652 4214 θα-

2069 4260 2232 4317 νάτου
2267 4259 2592 4329 φανθεῖσανο
2634 4258 2715 4312 διδ
2748 4258 2841 4312 καὶ
2862 4258 2978 4321 δέος
3023 4257 3206 4320 αὐτοῖς
3240 4256 3336 4324 τῆς
3366 4254 3650 4325 παρακοῆς

2069 4351 2240 4423 εἰσῄει
2267 4351 2401 4420 (54).
2434 4351 2625 4404 Ἔνθεν
2647 4350 2813 4420 ὁμόσε
2834 4352 2946 4414 τοῖς
2975 4348 3237 4412 κινδύνοις
3271 4346 3531 4418 ἐχώρουν,
3552 4348 3652 4417 τῆς

2073 4445 2212 4525 μετά
2235 4443 2464 4498 θάνατον
2495 4443 2639 4513 ζωῆς
2667 4442 2819 4514 παρὰ
2840 4441 2935 4494 τοῦ
2960 4440 3278 4495 διδασκάλου
3301 4439 3556 4502 λαϐόντες
3585 4439 3655 4492 τά

2071 4534 2342 4606 ἐχέγγυα·
2376 4532 2647 4603 προῆλθόν
2675 4549 2736 4585 τε
2772 4531 3052 4604 εὐθαρσῶς
3079 4533 3172 4584 ἐπὶ
3207 4530 3305 4602 τὴν
3338 4529 3449 4584 τῶν
3474 4529 3651 4583 ἀπάν-

2068 4644 2177 4679 των
2213 4624 2381 4680 ἐθνῶν
2423 4624 2691 4696 περίοδον,
2722 4623 2818 4677 τοῦ
2857 4639 3008 4691 σφων
3046 4621 3363 4677 διδασκάλου
3394 4620 3493 4684 τὰς
3523 4622 3655 4675 ὐπο-

2077 4718 2289 4788 σχέσεις
2329 4716 2508 4787 ἔργοις
2550 4715 2931 4785 πιστούμενοιθ
2966 4708 3048 4778 οἷς
3079 4714 3173 4768 καὶ
3195 4713 3332 4784 ἔφη·
3371 4713 3559 4783 Ὑμεῖς
3594 4712 3651 4765 δέ

2079 4814 2205 4865 ἐστε
2248 4808 2525 4880 μάρτυρες
2568 4806 2793 4870 τούτων,
2824 4804 2919 4860 τοῦ
2940 4805 3171 4859 θανάτου
3201 4803 3401 4875 δηλαδὴ
3431 4803 3523 4856 καὶ
3554 4801 3654 4872 τῆς

2080 4903 2445 4963 ἀναστάσεως.

2151 4992 2362 5062 (55-56)
2390 4998 2458 5061 γ’.
2492 4991 2673 5058 ’Ἂπαξ
2695 4988 2787 5046 οῦν
2810 4990 3234 5062 ἀποφηναμένου
3252 4990 3362 5044 δεῖν
3379 4986 3655 5060 κηρυχθῆ-

2081 5083 2173 5136 ἐπὶ
2190 5082 2268 5154 τῷ
2291 5083 2512 5153 ὀνόματι
2533 5083 2695 5137 αὑτοῦ
2718 5084 3003 5153 μετάνοιαν
3029 5082 3121 5134 ἐπὶ
3146 5082 3324 5136 πάντα
3350 5080 3418 5134 τὰ
3438 5079 3585 5151 ἔθνη,
3606 5080 3653 5132 εἰ

2079 5193 2166 5228 ναι
2186 5175 2260 5245 μὴ
2275 5171 2365 5228 τοῦ
2375 5193 2501 5247 ργον
2532 5176 2935 5247 ἐπηκολούθηκε
2953 5173 3030 5243 τῷ
3046 5173 3207 5243 λόγῳ,
3232 5173 3367 5244 μηδέ
3395 5172 3463 5227 τὰ
3476 5172 3573 5240 τῆς
3590 5173 3653 5224 ὲκ

396 5276 617 5345 quidem
644 5290 674 5329 a
700 5275 928 5329 mortuis
955 5273 1222 5329 revixisse
1242 5271 1612 5329 crederemus.
1665 5270 1761 5325 Sin
1797 5273 1961 5341 potin:

2079 5267 2288 5339 νεκρῶν
2325 5267 2670 5330 άναόιώσεως
2704 5266 2868 5320 αὐτοῦ
2915 5265 3253 5319 πιστευέσθω
3273 5280 3288 5296 ⁸
3317 5265 3366 5317 εἰ
3400 5262 3456 5315 δὲ
3488 5261 3652 5315 εἰσέτι

401 5369 469 5423 ad
500 5370 638 5423 hanc
673 5382 845 5438 usque
875 5368 1017 5421 diem
1043 5376 1098 5419 et
1114 5379 1258 5420 nunc
1282 5363 1446 5417 etiam
1470 5361 1750 5429 pr:edictio
1781 5362 1833 5415 in
1863 5377 1974 5416 rem

478 5540 590 5611 (“$25)
614 5539 784 5596 Aliter
802 5540 893 5611 hic
913 5536 1260 5611 interpungit,
1287 5543 1789 5604 conscqucnterque
1815 5537 1981 5588 inter-

401 5622 647 5688 pretatur
671 5611 848 5688 editur
868 5610 1093 5688 Anglus.

484 5678 597 5745 (54)
621 5680 747 5731 Abit
773 5680 823 5731 in
853 5672 1016 5732 aliuin
1045 5691 1266 5745 prorsus
1299 5690 1518 5745 sensum
1556 5673 1769 5745 Anglit'a
1797 5691 1859 5726 ex
1888 5672 1980 5744 Sy-

405 5744 585 5811 riaco
614 5750 990 5815 interpretatio
1026 5744 1384 5811 :illespectiug
1432 5744 1559 5797 wich
1599 5744 1829 5794 however
1862 5745 1979 5811 they

406 5820 514 5881 har!
533 5819 858 5878 (entertained
887 5818 1017 5873 [ειη.
1060 5817 1307 5881 (Syriaco
1339 5825 1487 5867 textu
1524 5828 1608 5865 me
1637 5827 1823 5873 carere
1874 5831 1980 5914 ιῗιιι

2083 5361 2175 5413 καὶ
2217 5357 2313 5413 νῦν
2347 5359 2415 5413 τά
2460 5359 2559 5429 τῆς
2602 5359 2958 5429 προρρήσεως
2993 5359 3072 5425 εἰς
3114 5356 3274 5431 ἔργον
3318 5356 3505 5428 χωρεῖ,
3534 5353 3563 5405 ὃ
3595 5367 3653 5404 τε

2090 5536 2253 5590 semel
2279 5537 2403 5589 alihi
2445 5535 2601 5603 dixi.)

2160 5606 2372 5671 (55-56)
2400 5606 2497 5659 llic
2530 5601 3004 5674 prattermittitura
3032 5602 3214 5655 Niceta
3233 5601 3507 5674 eclogario’
3530 5615 3655 5666 pars

2090 5676 2359 5744 aliquanta
2392 5672 2677 5744 Eusebium
2704 5684 2899 5744 textus,
2929 5688 3046 5744 qua
3068 5673 3259 5744 legitur
3281 5674 3331 5725 in
3360 5672 3654 5744 Anglicum

2087 5742 2342 5811 editione,
2364 5763 2415 5813 p.
2449 5745 2573 5800 227.
2609 5742 2848 5819 Theoph,
2885 5758 2958 5809 tv,
2985 5742 3036 5797 9.
3069 5742 3224 5813 Angl.
3260 5759 3310 5813 p.
3342 5742 3470 5799 2'28.
