4116 6434
447 414 552 470 655

1784 412 1871 465 DE
1911 411 2378 467 'l'llliOl’llANlA.
3580 412 3686 465 (iiii-

449 527 601 594 λόγος
630 525 793 578 αὐτοῦ
823 525 929 589 ζῶν
961 527 1050 576 καὶ
1075 523 1312 596 ἐνεργῶν
1345 524 1464 576 καθ’
1488 523 1614 593 ὅλης
1648 524 1745 592 τῆς
1768 523 2016 593 οἰκουμέ-

2121 525 2487 588 convertitur;
2524 524 2747 593 ejusque
2784 524 3031 587 verbum,
3069 525 3249 578 vivum
3280 533 3335 576 et
3366 521 3545 579 eﬂicas
3590 543 3686 593 per

450 636 546 688 νης
579 617 868 687 ὀφθαλμοῖς
900 618 1111 686 ὁρᾶται,
1151 617 1269 686 ὥρα
1305 615 1438 685 μηδὲ
1463 615 1538 684 τῷ
1567 615 1658 666 τὸν
1691 613 1848 681 λόγον
1893 630 2018 683 προ-

450 708 625 778 εμένῳ
661 710 922 761 ἀπιστεῖν.
956 700 1030 758 Ob
1055 708 1162 776 γὰρ
1191 705 1462 776 ἡδύναμις
1493 705 1640 768 ζῶσα
1670 706 1764 757 καὶ
1792 705 2019 774 ἐνεργὴς

448 804 658 872 ὁρᾶται,
684 799 870 852 τοῦτον
907 800 1119 871 ἀνάγκη
1151 801 1299 852 πᾶσα
1324 798 1457 852 πολὺ
1486 799 1747 870 πρότερον
1776 796 1895 865 ζῇν,
1927 794 2019 846 καὶ

443 892 581 945 Θεοῦ
617 890 760 962 ζωὴν
804 892 988 944 τοῦτον
1023 891 1257 944 ἐκτελεῖν
1303 891 1437 960 (57),
1477 885 1537 944 οὗ
1567 889 1741 953 ζῶντα
1779 889 1845 941 τὰ
1884 887 2020 958 ἔργα

451 986 710 1055 σύμφωνα.
735 988 852 1047 ταῖς
870 987 1071 1051 φωναῖς
1085 983 1485 1036 ἀποδείκνυται.
1508 983 1691 1033 [Iis-av
1706 979 1836 1048 γοῦν
1849 978 2017 1048 ἀκοὴν

446 1075 712 1127 παντοίων
746 1074 914 1127 ἐθνῶν
931 1074 1039 1142 (58)
1058 1076 1104 1126 oi.
1120 1073 1283 1127 αὐτοῦ
1299 1074 1445 1141 λόγοι
1464 1072 1676 1142 διῆλθον
1694 1068 2020 1141 μεταϐαλλό-

447 1183 598 1234 μενοι
643 1167 740 1218 καὶ
784 1165 1314 1236 μεθερμηνευόμενα
1363 1166 1442 1228 εἰς
1477 1163 1734 1216 παντοίαν
1774 1160 2020 1229 γλῶτταν

457 1256 773 1328 Ἑλληνικήν
812 1275 870 1309 τε
910 1258 1004 1309 καὶ
1042 1257 1345 1329 βάρϐαρον·
1381 1256 1456 1318 ὡς
1491 1253 1813 1318 ἐξάκουστον
1852 1249 2017 1305 αὐτοῦ

439 1347 539 1417 τὴν
559 1347 904 1401 διδασκαλίαν
927 1351 1061 1400 πᾶσι
1089 1350 1201 1411 τοῖς
1236 1347 1414 1400 ἔθνεσι
1434 1345 1750 1416 γενομένην,
1786 1344 1864 1405 εἰς
1899 1345 2021 1395 ἐπι-

444 1437 681 1508 στροφὴν
737 1439 828 1490 καὶ
881 1438 1167 1508 μετάνοιαν
1219 1438 1444 1505 ἀγαγεῖν
1491 1436 1658 1506 μυρία
1703 1434 1878 1505 πλήθη
1909 1433 2019 1486 τῶν

445 1529 708 1598 πρότερον
741 1531 798 1581 ἐν
830 1529 1071 1598 πολυθέῳ
1094 1529 1268 1599 πλάνῃ
1296 1527 1815 1598 καίεῐδωλολατρείᾳ
1848 1525 2022 1595 πλημ-

445 1617 619 1686 μελῶς
653 1620 746 1671 καὶ
779 1619 1029 1688 ἁσέμνως
1049 1620 1324 1688 βιούντων.
1358 1621 1430 1671 Οὐ
1456 1619 1718 1690 πρότερον
1734 1618 1789 1671 δὲ
1806 1619 2017 1686 ἄφεσιν,

441 1705 560 1762 εἶτα
577 1712 880 1780 μετάνοιαν,
895 1713 1030 1765 ἀλλὰ
1040 1712 1329 1779 μετάνοιαν
1346 1712 1578 1783 πρῶτον,
1593 1709 1708 1764 εἶτα
1719 1711 1816 1782 τὴν
1829 1712 2019 1780 ἄφεσιν

440 1803 730 1872 κηρύττειν
755 1805 1204 1877 παρακελεύεται.
1225 1804 1349 1866 Τοῖς
1368 1803 1478 1873 γὰρ
1492 1805 1734 1874 γνησίοις
1758 1802 2021 1873 πρότερον

440 1891 627 1942 κακῶν
661 1893 948 1961 μετάνοιαν
978 1893 1374 1964 ἐνδειξαμένοις
1392 1897 1424 1964 ή
1445 1896 1712 1966 σωτήριος
1737 1894 1897 1965 χάρις
1917 1893 2015 1962 τὴν

440 1982 786 2054 συγχώρησιν
832 1985 941 2036 τῶν
993 1985 1392 2056 πεπραγμένων
1444 1986 1786 2056 ἐδωρήσατο’
1827 1986 1893 2038 δι’
1923 1984 2016 2048 οὓς

441 2075 534 2126 καὶ
581 2075 674 2126 τὸν
719 2075 944 2129 θάνατον
978 2077 1282 2141 ἀνεδέξατο,
1318 2075 1510 2147 λύτρον
1554 2076 1746 2128 ἑαυτὸν
1801 2075 2017 2135 ἐπιδοὺς

439 2167 535 2217 καὶ
576 2167 866 2236 ἁντίψυχον
904 2167 1012 2220 τῶν
1049 2168 1344 2238 μελλόντων
1367 2167 1432 2220 δι’
1457 2165 1621 2219 αὑτοῦ
1655 2164 2015 2234 σωθήσεσθαι.

435 2251 596 2304 Οὕτω
634 2253 767 2322 δῆτα
799 2257 845 2306 οί
874 2255 1036 2308 αὑτοῦ
1072 2256 1331 2327 μαθηταὶ,
1365 2256 1556 2326 ἄνδρες
1596 2255 1810 2325 ἄπειροι
1845 2255 2016 2322 λόγων

434 2339 590 2407 ὄντες
622 2343 715 2396 καὶ
756 2345 986 2414 πάμπαν
1023 2345 1248 2410 ἰδιῶται,
1304 2347 1532 2418 πένητές
1577 2363 1634 2398 τε
1660 2348 1752 2398 καὶ
1781 2345 2017 2407 εὐτελεῖς

439 2429 500 2482 τὸ
531 2431 715 2501 σχῆμα
736 2432 870 2504 (59),
904 2436 970 2504 τῇ
994 2435 1217 2506 δυνάμει
1243 2436 1334 2488 τοῦ
1366 2434 1505 2505 μετὰ
1535 2434 1762 2487 θάνατον
1783 2433 2018 2504 Θεωρου-

443 2522 606 2590 μένου
644 2525 738 2576 καὶ
770 2525 1028 2595 ἐμφανῶς
1072 2527 1255 2590 αὐτοῖς
1301 2527 1754 2596 συναυλιζομένου
1788 2525 2019 2597 ἐπιθαρ-

442 2617 723 2686 σήσαντες,
740 2617 846 2670 ἀπὸ
861 2619 957 2687 τῆς
971 2620 1037 2672 Ὶε
1047 2620 1278 2692 ρουσαλὴ
1287 2640 1325 2690 μ
1343 2620 1549 2683 πόλεως
1568 2619 1861 2690 ἀρξάμενοι
1877 2618 2019 2672 κατὰ

439 2707 542 2768 τὰς
566 2707 728 2761 αὑτοῦ
765 2711 1216 2782 παρακελεύσεις,
1255 2714 1340 2766 ἵνα
1383 2713 1764 2783 ἁναπολὸγητα
1791 2709 1875 2782 εἴη
1907 2713 2018 2772 τοῖς

454 2799 724 2864 Ἰουδαίοις
745 2803 1127 2874 ἀπιστήσασιν,
1159 2805 1252 2858 ἐπὶ
1273 2807 1447 2859 πάντα
1476 2803 1746 2877 προῆλθον
1761 2804 1830 2856 τὰ
1862 2802 2014 2873 ἔθνη,

442 2889 535 2940 καὶ
570 2888 638 2942 τὰ
676 2896 1121 2962 προστεταγμένα
1155 2896 1401 2962 ἐποίουν,
1439 2895 1797 2965 κηρύττοντες
1849 2891 2016 2962 μετά-

436 2997 587 3033 νοιαν
621 2985 732 3045 τοῖς
765 2985 920 3048 πᾶσι,
953 2986 1047 3038 καὶ
1080 2986 1232 3039 λύσιν
1259 2987 1365 3040 τῶν
1398 2987 1660 3058 πρότερον
1706 2985 1804 3054 τῆς
1841 2983 2018 3054 ψυχῆς

438 3072 922 3145 ἀμπλακημάτων.

513 3341 623 3412 (60)
652 3343 1012 3414 Συνηγμένων
1044 3345 1141 3415 μὲν
1180 3343 1272 3399 οὖν
1309 3348 1401 3400 ἐπὶ
1430 3346 1489 3399 τὸ
1524 3346 1656 3399 αὐτὸ
1691 3347 1746 3399 ἐν
1773 3347 1884 3409 τοῖς
1924 3345 2022 3397 Ἱε-

440 3433 757 3504 ροσολύμοις
782 3435 890 3489 τῶν
943 3438 1218 3509 ἀρχόντων
1251 3439 1344 3492 τοῦ
1385 3438 1651 3492 Ἰουδαίων
1677 3437 1881 3499 ἔθνους,
1917 3437 2018 3505 ἀρ·-

438 3525 670 3595 ’χιερέων
697 3545 755 3580 τε
801 3529 894 3581 καὶ
947 3531 1435 3600 νομοδιδασκὰλων,
1481 3532 1536 3584 ἐν
1576 3529 1725 3599 αὐτῷ
1761 3528 1836 3598 τῷ
1890 3527 2018 3597 ἱερῷ

439 3617 763 3687 ποιούμενος
795 3619 893 3683 τὰς
930 3620 1237 3692 διατριϐὰς,
1266 3623 1335 3676 τὰ
1383 3621 1645 3692 μέλλοντα
1671 3621 1854 3682 αὐτοῖς
1897 3621 2018 3672 κατ’

440 3706 606 3759 αὑτοῦ
634 3707 955 3778 τολμᾶσθαι,
976 3712 1068 3764 καὶ¹
1099 3711 1190 3764 τὸν
1219 3713 1395 3782 snt-.11
1427 3712 1602 3783 τόλμῃ
1633 3709 2017 3780 καταληψόμε-

437 3813 529 3848 νον
555 3799 750 3863 αὐτοὺς
767 3799 984 3872 ὄλεθρον
1019 3803 1465 3873 ἐπεσκιασμένως
1485 3805 1672 3856 τοῦτον
1697 3804 1788 3855 τὸν
1819 3802 2020 3872 τρόπον

433 3887 526 3939 διὰ
553 3889 654 3957 τῆς
699 3892 1014 3962 παραϐολῆς
1066 3895 1471 3965 προηγόρευσεν
1497 3913 1509 3923 ’
1545 3895 1879 3961 Ἄνθρωπός
1926 3910 2018 3959 τις

438 3973 518 4047 ἦν
565 3981 1016 4049 οἰκοδεσπότης,
1052 3984 1242 4049 ,ὅστις
1299 3986 1636 4052 ἐφύτευσεν
1670 3983 2014 4053 ἀμπελῶνα,

440 4069 537 4122 καὶ
561 4071 832 4141 φραγμὸν
850 4073 1010 4137 αὐτῷ
1035 4075 1363 4142 περιέθηκε,
1393 4076 1492 4128 καὶ
1514 4075 1744 4144 ὤρυξεν
1767 4077 1836 4129 ἐν
1858 4076 2018 4142 αὐτῷ

434 4161 653 4230 ληνὸν,
685 4163 784 4216 καί
823 4164 1173 4234 ᾠκοδόμησε
1219 4168 1468 4236 πύργον,
1515 4169 1616 4222 καὶ
1642 4170 1884 4232 ἐξέδοτο
1913 4173 2019 4224 ab—

440 4255 544 4306 τὸν
572 4257 869 4323 γεωργοῖς,
901 4258 998 4310 καὶ
1022 4259 1428 4328 ἀπεδήμησεν.
1470 4261 1602 4315 Ὅτε
1646 4261 1715 4315 δὲ
1763 4262 2018 4332 ἤγγισεν

439 4348 471 4398 ό
503 4345 708 4413 καιρὸς
755 4347 872 4400 τῶν
910 4349 1172 4416 καρπῶν,
1206 4353 1530 4406 ἀπέστειλε
1571 4354 1712 4421 τοὺς
1756 4354 2018 4420 δούλους

436 4441 623 4494 αὐτοῦ
657 4441 806 4509 πρι“·-ς
830 4442 969 4505 τοὺς
997 4446 1291 4514 γείιῳγοὺς
1335 4447 1544 4501 λαϐεῖν
1572 4449 1716 4514 τοὺς
1746 4451 2014 4518 καρποὺς

2041 3202 2089 3258 C

2121 614 2428 667 universum
2462 615 2647 668 Orbem
2681 615 3068 683 t'OllsplcitlttlS,
3093 617 3337 680 sequitur
3357 626 3414 669 ut
3438 631 3504 669 ne
3538 620 3684 672 verbi

2119 706 2336 772 quidem
2392 707 2598 759 auctori
2650 706 2810 760 [idem
2849 709 3186 778 derogemus.
3241 706 3374 761 Nam
3406 710 3557 778 cujus
3605 711 3688 764 vis

2121 795 2306 850 vivens
2355 805 2410 848 et
2459 795 2704 849 cﬂ‘ectrix
2755 796 3022 858 cernitur,
3060 796 3203 850 hunc
3252 813 3474 851 necesse
3511 809 3594 852 est
3633 810 3690 852 et

2120 887 2287 942 multo
2322 888 2503 954 Potius
2532 888 2733 949 vivere,
2785 896 2838 939 et
2877 887 2967 940 Dei
3003 887 3168 940 vitam
3225 887 3365 941 hunc
3407 899 3683 957 praistare,

2119 978 2273 1046 cujus
2303 981 2422 1032 viva
2458 994 2621 1047 Opera
2667 979 2849 1032 verbis
2882 981 3237 1033 consonantia
3296 990 3684 1036 monstrantur.

2119 1069 2198 1121 Ad
2231 1069 2472 1121 omnium
2505 1067 2686 1135 itaque
2719 1067 3114 1135 quantumlibet
3145 1069 3416 1122 variarum
3444 1071 3686 1139 gentium

2118 1159 2360 1211 auditqu
2429 1172 2708 1212 sermones
2760 1157 2876 1226 ejus
2912 1159 3265 1224 devenerunt,
3326 1161 3571 1213 translati
3635 1161 3687 1214 in

2119 1250 2413 1318 quamlibet
2464 1250 2700 1319 linguam
2752 1259 2914 1317 atque
2942 1249 3235 1318 explanati,
3275 1251 3389 1304 sive
3417 1249 3685 1315 Graecam,

2119 1343 2235 1396 sive
2285 1343 2666 1396 barbaricam:
2702 1350 2760 1393 ut
2795 1356 2988 1411 nempe
3029 1342 3272 1397 doctrina
3320 1344 3437 1412 ejus
3479 1345 3690 1398 cunctis

2121 1433 2333 1502 p0pulis
2379 1435 2766 1495 innotesceret,
2797 1447 2903 1499 quo
2936 1442 3382 1487 converterentur
3428 1449 3490 1488 ac
3550 1437 3689 1488 resi-

2119 1522 2390 1589 piscerent
2425 1521 2720 1572 innumerae
2755 1521 3148 1584 iiuiltitudines,
3176 1537 3293 1588 qua:
3316 1533 3473 1576 antea
3507 1524 3558 1577 iu
3596 1541 3690 1591 po-

2118 1614 2391 1685 lytheismi
2423 1628 2611 1667 errore
2652 1621 2707 1666 et
2744 1613 3008 1666 idolorum
3043 1613 3188 1667 cultu
3229 1615 3391 1684 impie
3437 1625 3690 1684 turpiter-

2117 1722 2224 1777 que
2288 1708 2562 1760 vivebant.
2633 1705 2819 1775 Neque
2874 1717 3031 1760 antea
3083 1708 3218 1760 dixit
3291 1709 3686 1773 remissionem,

2118 1809 2304 1869 postea
2333 1798 2731 1868 paenitentiam,
2781 1798 2876 1852 sed
2909 1799 3284 1864 paenitentiam
3342 1799 3517 1868 primo
3547 1800 3686 1864 loco,

2120 1890 2313 1943 deinde
2341 1889 2716 1944 remissionem
2752 1887 3248 1958 prmdicarejussit.
3282 1889 3412 1943 Nam
3448 1891 3693 1946 fidelibus

2117 1981 2208 2050 qui
2240 1989 2396 2034 antea
2423 1990 2770 2047 peccatorqu
2807 1981 3180 2049 pmnitentiam
3225 1997 3332 2051 prae
3361 1998 3418 2036 se
3450 1984 3688 2048 tulerint,

2119 2072 2427 2126 Servatoris
2460 2072 2630 2141 gratia
2671 2073 2883 2126 veniam
2931 2075 3326 2142 prieteritorum
3369 2076 3548 2129 donat.
3603 2077 3690 2130 Et-

2117 2159 2258 2211 enim
2314 2169 2535 2227 propter
2580 2159 2697 2213 illos
2731 2171 2958 2214 mortem
3001 2163 3114 2230 ipse
3164 2165 3399 2230 excepit,
3459 2166 3689 2232 pretium

2118 2258 2287 2303 semet
2332 2250 2618 2304 conferens
2668 2252 2738 2304 ob
2771 2253 3074 2306 animarmn
3120 2255 3542 2324 redemptionem
3575 2273 3693 2325 qua:

2117 2340 2388 2393 salvanda:
2436 2351 2581 2394 sunt.
2635 2341 2726 2394 Sic
2764 2341 2978 2395 demum
3008 2343 3123 2412 ejus
3145 2343 3416 2415 discipuli,
3449 2345 3695 2401 homines

2119 2431 2422 2504 linguarum
2458 2434 2630 2502 ignari
2673 2447 2726 2489 et
2758 2437 2979 2490 omnino
3021 2436 3217 2500 idiotas,
3271 2452 3534 2506 pauperes
3575 2439 3696 2492 vili-

2119 2539 2222 2592 que
2255 2527 2456 2594 specie,
2481 2527 2668 2580 virtuti
2703 2527 2845 2582 illius
2875 2545 3034 2596 quem
3071 2539 3188 2596 post
3224 2541 3448 2582 mortem
3477 2539 3692 2598 specta-

2119 2625 2326 2677 verant,
2354 2617 2554 2682 quique
2583 2615 2867 2669 manifeste
2897 2632 3017 2668 cum
3046 2616 3177 2684 ipsis
3198 2615 3693 2670 coaversatuslne-

2117 2716 2223 2774 rat,
2251 2709 2605 2769 conﬁdentes,
2647 2718 2806 2778 capto
2838 2709 2934 2762 abs
2976 2708 3362 2778 Hierosolymis
3397 2709 3571 2772 initio,
3609 2725 3695 2763 ae-

2119 2803 2352 2855 cuntlum
2382 2802 2546 2870 ipsius
2573 2802 2746 2868 iussa,
2790 2809 2848 2854 ut
2898 2800 3011 2867 jam
3045 2800 3299 2868 deinceps
3345 2801 3694 2855 excusatione

2119 2904 2370 2948 carerent
2402 2893 2570 2948 Judaei
2607 2894 2893 2957 increduli,
2949 2899 3012 2948 ad
3039 2903 3267 2947 cunctas
3315 2904 3504 2961 gentes
3531 2881 3692 2947 deve-

2120 2994 2334 3050 nerunt,
2391 2997 2446 3040 et
2502 2987 2914 3054 mandata,si'ui
2976 2986 3293 3051 eﬂ‘ecerunt,
3343 2987 3696 3050 praedicantes

2118 3082 2366 3136 omnibus
2394 3082 2785 3149 paenitentiam,
2818 3093 2871 3137 et
2905 3083 3142 3147 priorum
3183 3082 3374 3136 anima:
3407 3082 3693 3136 criminum

2120 3173 2533 3227 absolutionem.

2869 3265 2954 3318 Vl.

2196 3358 2332 3412 Cum
2369 3367 2556 3411 essent
2592 3357 2760 3426 igitur
2787 3355 3176 3426 Hierosolymis
3207 3355 3516 3423 congregati
3563 3369 3695 3424 gen-

2126 3450 2194 3503 lis
2219 3449 2456 3503 Judaica:
2489 3451 2786 3517 principes,
2828 3448 3112 3516 pontiﬁces
3145 3464 3206 3502 ac
3240 3448 3371 3517 legis
3419 3448 3693 3515 doctores,

2124 3545 2406 3598 diversans
2449 3545 2500 3597 in
2542 3547 2740 3614 templo
2795 3545 3051 3599 Christus
3101 3545 3280 3598 scelus
3330 3544 3382 3596 in
3423 3558 3482 3597 se
3528 3544 3692 3597 abiis

2121 3629 2469 3699 patrandum,
2497 3642 2552 3686 et
2581 3643 2992 3686 consecuturam
3023 3633 3198 3687 scelus
3231 3646 3537 3700 supremam
3575 3648 3690 3702 pm-

2123 3738 2268 3783 nam,
2320 3739 2517 3776 arcano
2557 3726 2636 3778 sic
2668 3741 2762 3792 per
2791 3725 3098 3793 parabolam
3141 3724 3466 3779 vaticinatus
3500 3733 3578 3780 est
3608 3727 3687 3780 '5:

2127 3813 2296 3867 Homo
2347 3824 2462 3868 erat
2496 3816 2907 3883 paterfamilias,
2938 3817 3027 3882 qui
3073 3815 3327 3884 plantavit
3368 3815 3592 3880 vineam,
3640 3826 3687 3870 et

2124 3924 2294 3972 sepem
2322 3908 2671 3959 circumdedit
2701 3908 2774 3971 ei,
2805 3917 2851 3958 et
2877 3907 3010 3972 [odit
3044 3909 3097 3959 in
3123 3924 3184 3960 ea
3209 3907 3463 3971 torcular,
3500 3917 3546 3961 et
3573 3909 3674 3961 aedi

2122 3999 2300 4065 ﬁcavit
2327 3999 2536 4064 turrim,
2561 4009 2607 4051 et
2641 3998 2863 4050 tradidit
2913 4013 3029 4050 eam
3075 3996 3343 4066 agricolis,
3388 4006 3438 4050 et
3485 4014 3693 4067 peregre

2122 4091 2386 4158 profectus
2439 4099 2534 4143 est.
2580 4089 2712 4144 Cum
2755 4099 2927 4142 autent
2972 4100 3171 4156 tempus
3205 4089 3472 4156 fructuum
3503 4105 3692 4155 appro-

2121 4185 2444 4251 pinquasset,
2470 4185 2609 4236 misit
2650 4199 2822 4237 servos
2848 4200 2969 4237 suos
2995 4185 3064 4236 ad
3097 4181 3358 4252 agricolas
3394 4193 3446 4234 ut
3485 4182 3688 4248 accipe-

2122 4283 2236 4326 rent
2295 4273 2500 4341 fructus
2535 4275 2672 4343 ejus.
2726 4272 2793 4327 Et
2850 4275 3096 4344 agricola:
3144 4276 3476 4341 apprehensis
3528 4274 3692 4330 servis

2119 4367 2254 4433 ejus,
2307 4366 2469 4418 alium
2509 4370 2868 4434 pulsaverant,
2929 4367 3092 4419 alium
3160 4369 3479 4432 occiderunt,
3524 4366 3691 4425 alium,

2120 4475 2235 4510 vero
2276 4460 2664 4525 lapidaverunt.
2702 4459 2900 4512 Iterum
2941 4461 3084 4512 misit
3129 4459 3262 4512 alios
3305 4476 3476 4512 servos
3510 4457 3690 4527 plures,

435 4531 644 4586 αὑτοῦ.
702 4533 810 4586 Καὶ
859 4537 1149 4602 λαϐόντες
1199 4543 1251 4591 οἱ
1299 4541 1542 4608 γεωργοὶ
1578 4541 1720 4606 τοὺς
1755 4541 2016 4608 δούλους

2119 4552 2407 4617 prioribus,
2437 4561 2485 4604 et
2515 4554 2752 4620 fecerunt
2783 4552 2908 4618 ipsis
2941 4552 3206 4604 similiter.
3247 4547 3546 4603 Novissime
3583 4567 3682 4604 au-

434 4624 643 4685 αὐτοῦ,
675 4623 748 4681 ὃν
765 4625 883 4693 μὲν
911 4627 1167 4694 ἔδειραν,
1194 4629 1266 4682 ὃν
1313 4631 1382 4684 δὲ
1433 4632 1812 4698 ἀπέκτειναν,
1843 4635 1915 4689 ὃν
1944 4636 2012 4689 δὲ

431 4717 891 4782 ἐλιθοϐόλησαν.
913 4718 1104 4772 Πάλιν
1117 4721 1476 4776 ἀπέστειλεν
1503 4724 1734 4791 ἄλλους
1750 4724 2012 4791 δούλους

437 4806 724 4870 πλείονας
769 4804 886 4858 τῶν
941 4807 1204 4874 πρώτων,
1271 4811 1370 4862 καὶ
1439 4813 1738 4878 ἐποίησαν
1806 4815 2012 4882 αὐτοῖς

433 4895 733 4962 ὡσαύτως.
775 4898 1054 4964 Ὕστερον
1106 4897 1173 4950 δὲ
1217 4898 1536 4954 ἀπέστειλε
1585 4903 1736 4970 πρὸς
1789 4905 2013 4972 αὐτικὺς

433 4985 540 5037 τὸν
586 4987 719 5041 υἱὸν
774 4989 981 5053 αὐτοῦ,
1037 4993 1229 5058 λέγων
1250 5007 1266 5020 ⁸
1326 4993 1842 5061 Ἐντραπήσονται
1905 5001 2013 5050 τόν

433 5079 568 5130 υἱόν
592 5099 732 5148 μου.
768 5083 833 5134 Ol
860 5081 928 5134 δὲ
955 5083 1220 5152 γεωργοί,
1252 5083 1484 5152 ἰδόντες
1523 5088 1630 5140 τὸν
1661 5088 1816 5152 υἱὸν,
1840 5087 2014 5144 εἶπον

432 5167 504 5219 ἐν
538 5170 802 5237 ἑαυτοῖς’
855 5169 1042 5240 Οὗτός
1089 5175 1260 5228 ἐστιν
1299 5179 1332 5230 o'
1377 5181 1781 5250 κληρονόμος·
1819 5182 2010 5247 δεῦτε,

427 5260 871 5331 ἀποκτείνωμεν
896 5265 1102 5330 αὐτὸν,
1125 5266 1224 5319 καὶ
1251 5266 1644 5337 κατάσχωμεν
1663 5272 1778 5341 τὴν
1798 5277 2018 5343 κληροφ

503 5398 550 5428 νδ
580 5396 766 5451 Matth.
799 5414 910 5462 ut,
942 5400 1012 5454 55
1037 5417 1158 5472 seq.

499 5512 611 5576 (57)
643 5513 825 5567 Potest
847 5516 1010 5569 etiam
1043 5519 1148 5572 dici
1187 5537 1201 5574 :
1230 5534 1275 5574 et
1309 5521 1402 5574 Dei
1429 5524 1585 5577 vitam
1616 5525 1799 5580 vivere.
1843 5527 1892 5579 id
1920 5541 2002 5583 est

425 5599 606 5660 parem
640 5585 834 5660 divina:
861 5588 1017 5638 vitam
1048 5590 1252 5657 degere.
1283 5593 1554 5646 Christum
1581 5596 1809 5649 scilicet.
1839 5596 2002 5650 Paulo

427 5655 587 5736 aliter
625 5655 881 5736 hnglit-‘us
920 5655 1142 5736 tenuis
1169 5664 1273 5714 and
1317 5663 1429 5714 that
1472 5664 1532 5717 he
1578 5665 1726 5734 bring
1760 5676 1810 5719 to
1853 5669 2000 5736 effect

425 5723 512 5776 the
551 5723 710 5792 living
742 5726 913 5792 things
939 5726 1150 5791 ofﬁod.

493 5791 606 5863 (558)
635 5791 746 5848 Non
778 5811 804 5846 v
831 5799 984 5850 detur
1011 5798 1200 5864 legisse
1232 5799 1400 5867 Syrus
1425 5819 1535 5856 voc.
1561 5805 1746 5864 ἐθνῶν,
1779 5808 2002 5868 idcouuc

2118 4654 2219 4696 lem
2251 4645 2394 4696 misit
2425 4644 2493 4696 ad
2523 4659 2608 4696 eos
2642 4644 2811 4710 ﬁlium
2842 4660 3017 4707 suum,
3048 4645 3225 4696 dicens
3248 4658 3266 4695 :
3295 4641 3686 4695 Reverebuntur

2120 4736 2288 4803 [ilium
2319 4753 2508 4789 meum.
2531 4735 2792 4805 Agricoltv
2835 4747 3006 4788 autem
3037 4735 3264 4788 videntes
3301 4734 3492 4802 ﬁlium,
3537 4734 3688 4787 dime-

2121 4835 2239 4877 runt
2300 4827 2440 4877 intra
2485 4842 2540 4878 se
2586 4841 2604 4877 :
2645 4824 2744 4877 llic
2796 4834 2873 4879 est
2929 4827 3113 4889 ba’res,
3152 4827 3334 4886 uertite,
3384 4825 3686 4878 occidamus

2117 4932 2258 4980 eum,
2307 4927 2353 4968 ct
2401 4933 2710 4982 occupemus
2746 4918 3101 4972 hrcreditatem
3138 4917 3270 4986 ejus.
3308 4915 3376 4970 Et
3404 4915 3688 4983 apprehen-

2118 5025 2233 5061 sum
2273 5026 2389 5062 eum
2425 5009 2686 5077 cjecerunt
2715 5025 2862 5064 extra
2884 5012 3105 5076 vineam,
3135 5020 3182 5063 et
3213 5011 3530 5064 occiderunt.
3554 5007 3686 5060 Cum

2119 5115 2240 5167 ergo
2293 5103 2487 5153 venerit
2533 5103 2777 5154 dominus
2832 5103 3010 5166 viuere,
3060 5103 3186 5168 quid
3237 5102 3390 5169 faciet
3437 5098 3684 5166 agricolis

2120 5191 2272 5243 illis.’
2304 5191 2461 5242 Aiunt
2496 5195 2584 5246 ei:
2615 5193 2784 5245 Malos
2819 5193 2955 5247 male
2999 5195 3199 5261 perdet.
3223 5202 3271 5245 et
3296 5192 3492 5243 vineam
3535 5204 3685 5240 suam

2123 5284 2294 5339 tradet
2343 5284 2465 5336 aliis
2498 5285 2768 5354 agricolis,
2808 5287 2896 5352 qui
2934 5286 3146 5340 reddent
3191 5286 3237 5335 ei
3287 5284 3512 5349 fructum
3555 5287 3682 5328 tem-

2109 5533 2314 5601 Anglus
2345 5551 2359 5586 :
2394 5533 2555 5588 These
2584 5533 2664 5585 his
2705 5534 2871 5584 words
2907 5532 3026 5582 then
3047 5530 3195 5597 being
3228 5528 3420 5601 varied:

2183 5597 2296 5673 (V59)
2328 5606 2624 5668 Ambiguus
2652 5602 2779 5654 mihi
2809 5601 3260 5673 est-,alitptautum
3303 5614 3366 5650 ex
3402 5598 3538 5670 Syro
3567 5597 3679 5652 Au-

2111 5666 2228 5742 gms
2260 5666 2286 5725 ε’
2309 5677 2467 5741 needg
2489 5666 2589 5742 (as)
2613 5673 2731 5739 they
2763 5686 2891 5721 were
2909 5671 2970 5742 in
2989 5670 3121 5742 their
3142 5670 3427 5724 clmracter.

2185 5743 2297 5813 (tiu)
2337 5746 2398 5798 Α.
2435 5737 2470 5798 i'.
2497 5737 2622 5796 sua.
2657 5737 2714 5793 tt;
2743 5742 2863 5808 Syr.
2907 5737 3096 5799 tv,15.
