4116 6380
422 323 528 377 635

1123 322 1390 380 EUSEBII
1430 326 1910 382 C'JESARIENSIS
1947 327 2098 383 OPP.
2141 329 2322 385 PARS
2360 328 2448 386 IV.
2489 361 2558 371 —
2594 327 3014 386 DOGMATICA.

3570 331 3674 387 636

422 445 635 509 poribus
660 443 793 498 suis.
828 443 963 501 Dicit
995 444 1101 498 illis
1134 445 1291 500 Jesus
1317 463 1335 503 ζ
1391 447 1677 519 Nunquam
1705 450 1905 521 legistis
1937 453 1990 504 in

2103 455 2312 523 νομιαν
2342 454 2549 508 αὑτοῦ.
2579 453 2690 508 Kal
2718 454 3009 518 λαϐόντες
3038 451 3224 506 αὐτὸν
3242 450 3534 516 ἐξέϐαλον
3558 449 3675 514 ἔξω

426 534 751 602 Scriptnris:
789 532 1037 602 Lapidem
1093 552 1246 605 quem
1287 540 1694 607 reprobat-erunt
1718 541 1998 607 adiﬁcan—

424 636 524 691 tes,
553 626 638 679 hic
665 626 842 694 {actus
875 637 951 679 est
995 627 1050 680 in
1097 639 1253 694 caput
1298 630 1481 699 anguli
1510 634 1535 686 ?
1569 631 1614 685 A
1653 631 1876 685 Domino
1911 632 1997 702 [ιι-

422 728 565 771 ctum
594 729 669 771 est
700 719 867 782 istud,
893 727 943 771 et
960 730 1035 772 est
1056 720 1296 775 mirabile
1330 722 1384 774 in
1411 723 1577 776 oculis
1610 724 1802 777 nostris
1824 725 1849 778 ἰ)
1870 724 1998 778 Ideo

424 810 546 861 dico
574 810 740 873 vobis,
775 811 916 879 quod
967 811 1244 879 auferetur
1268 829 1300 865 a
1340 815 1481 867 vobis
1536 830 1751 884 regnum
1798 816 1916 879 Dei,
1947 823 1998 869 et

424 900 640 953 dabitur
671 902 814 970 genti
842 903 1060 970 facienti
1096 903 1302 971 {ructus
1333 905 1470 974 ejus.
1506 905 1601 961 Est
1642 909 1755 960 inec
1779 908 1998 977 quidem

425 993 674 1059 parabole
720 995 911 1049 similis
958 995 1053 1059 illi,
1106 1012 1228 1054 quae
1269 998 1411 1066 apud
1465 998 1653 1052 Isaiam
1696 1000 1779 1054 his
1824 1002 2002 1057 verbis

424 1082 716 1136 scribitur:
748 1080 909 1153 Vinea
936 1085 1038 1153 fuit
1067 1085 1257 1140 dilecto
1281 1087 1335 1141 in
1359 1103 1547 1153 cornu,
1574 1089 1628 1142 in
1648 1090 1832 1158 pingui
1863 1090 1998 1145 loco.

427 1171 615 1240 Sepent
655 1177 703 1228 ei
747 1177 1094 1243 circumdedi,
1136 1195 1353 1247 eamque
1374 1179 1591 1246 vallavi,
1620 1190 1667 1233 et
1688 1184 1920 1246 consevi,
1951 1192 2001 1236 et

427 1265 616 1317 turrim
642 1267 923 1334 a-uliﬁcaci,
955 1277 1005 1321 et
1031 1269 1270 1323 torcular
1300 1270 1436 1336 fodi.
1472 1271 1790 1340 Exspectant
1825 1285 1999 1327 autem

429 1364 486 1410 ut
532 1373 689 1410 uvam
732 1359 986 1427 gigneret,
1035 1369 1388 1415 verumtamen
1425 1364 1606 1432 spinas
1656 1366 1889 1418 reddidit
1931 1366 2000 1419 ".

427 1446 537 1502 Sed
577 1450 722 1504 enim
771 1452 1044 1518 prophetae
1090 1453 1348 1520 parabola
1378 1455 1447 1508 ad
1496 1455 1666 1510 vinea:
1708 1457 2002 1524 reprehen-

427 1538 633 1593 siOuettt
662 1542 1070 1596 accommodata
1104 1553 1206 1597 est.
1237 1543 1303 1597 Et
1340 1544 1562 1612 quidem
1610 1547 1868 1615 propheta
1904 1547 2002 1602 de-

425 1630 657 1684 claravit
685 1631 812 1698 quitl
847 1647 913 1685 eo
950 1635 1170 1686 nomine
1216 1634 1618 1700 signiﬁcaretur
1646 1653 1660 1688 :
1687 1634 1819 1688 Nam
1856 1637 2002 1689 vinea

425 1719 646 1777 Domini
688 1723 1040 1786 exercituum,
1084 1725 1275 1776 domus
1315 1722 1535 1778 Israelis
1563 1735 1637 1778 est
1667 1726 1735 1779 ⁸⁷.
1765 1725 2004 1781 Cancro-

2100 545 2208 600 τοῦ
2237 544 2612 617 ἀμπελῶνος,
2643 545 2739 598 καὶ
2770 544 3145 598 ἀπέκτειναν.
3178 544 3356 598 Ὅταν
3387 538 3500 596 οὖν
3527 543 3675 610 ἔλθῃ

2101 641 2133 691 ό
2165 639 2370 707 κύριος
2398 637 2502 691 τοῦ
2539 635 2916 706 ἀμπελῶνος,
2948 635 3007 689 τι
3056 635 3294 704 ποιήσει
3333 634 3458 701 τοῖς
3491 651 3670 704 γεωρ-

2100 727 2230 799 γοῖς
2283 728 2581 793 ἐκείνοις;
2618 726 2919 797 Λέγουσιν
2959 724 3148 791 αὐτῷ·
3208 724 3441 791 Κακοὺς
3481 724 3679 790 κακῶς

2100 819 2390 876 ἀπολέσει
2421 821 2641 885 αὐτούς
2661 835 2674 848 ·
2716 817 2817 872 καὶ
2844 816 2951 871 τὸν
2989 813 3314 884 ἀμπελῶνα
3355 814 3680 869 ἐκδώσεται

2100 911 2315 978 ἄλλοις
2349 910 2639 981 γεωργοῖς,
2669 909 2887 975 οἵτινες
2915 906 3341 961 ἀποδώσουσιν
3367 904 3525 971 αὐτῷ
3538 904 3679 971 τοὺς

2102 1003 2369 1072 καρποὺς
2402 1003 2616 1068 ἐντοῖς
2650 1001 2877 1072 καιροῖς
2921 998 3138 1055 αὐτῶν.
3192 999 3363 1070 Λέγει
3406 998 3611 1065 αὐτοῖς
3645 1001 3679 1053 ό

2116 1094 2344 1162 Ἰησοῦς
2364 1112 2378 1125 ⁸
2409 1095 2708 1149 Οὐδέποτε
2736 1092 3032 1163 ἀνέγνωτε
3083 1091 3153 1144 ἐν
3203 1091 3331 1157 ταῖς
3372 1090 3639 1161 Γραφαῖς
3668 1110 3680 1122 ·

2104 1181 2289 1240 Λίθον
2320 1184 2394 1237 ὃν
2416 1184 2873 1253 ἀπεδοκίμασαν
2906 1184 2960 1235 ol
3000 1179 3479 1251 οἰκοδομοῦντες,
3505 1176 3691 1248 οὗτος

2103 1276 2360 1347 ἐγενήθη
2421 1280 2509 1344 εὶς
2566 1276 2843 1345 κεφαλὴν
2909 1275 3164 1343 γωνίας;
3235 1274 3402 1341 Παρὰ
3460 1274 3692 1341 Κυρίου

2105 1370 2342 1441 ἐγένετο
2374 1369 2548 1435 αὕτη,
2584 1368 2683 1422 καὶ
2728 1366 2862 1420 ἔστι
2899 1363 3215 1435 θαυμαστὴ
3255 1365 3326 1416 ἐν
3355 1360 3692 1432 ὀφθαλμοῖς

2106 1460 2275 1531 ἡμῶν
2300 1477 2318 1525 ;
2348 1460 2451 1514 Διά
2479 1460 2656 1514 τοῦτο
2704 1458 2860 1528 λέγω
2891 1456 3055 1527 ὑμῖν,
3085 1456 3176 1510 ὅτι
3217 1454 3542 1524 ἀρθήσεται
3584 1454 3686 1522 ἀφ’

2105 1547 2274 1619 ὑμῶν
2303 1549 2342 1615 ’ἡ
2365 1549 2656 1613 ,Βασιλεία
2682 1547 2789 1602 τοῦ
2826 1547 2997 1612 Θεοῦ,
3029 1546 3127 1599 καὶ
3159 1544 3479 1609 δοθήσεται
3529 1542 3689 1596 ἔθνει

2105 1642 2377 1697 ποιοῦντι
2410 1641 2550 1707 τοὺς
2579 1638 2846 1709 καρποὺς
2867 1635 3080 1708 αὐτῆς.
3112 1636 3267 1688 Ἔστι
3292 1635 3349 1687 δὲ
3385 1636 3419 1706 ἡ
3447 1632 3690 1705 παραδο-

2108 1736 2173 1808 λὴ
2228 1734 2493 1806 συγγενὴς
2544 1736 2610 1804 τῇ
2664 1730 2816 1801 παρά
2862 1728 2937 1799 τῷ
2970 1728 3187 1799 Ἡσαΐᾳ,
3220 1729 3346 1799 παρ’
3500 1725 3689 1779 τοῦτον

426 1812 563 1880 quin
605 1811 917 1867 Servatoris
949 1814 1204 1882 parahula
1239 1814 1445 1869 idcirco
1489 1815 1553 1868 ad
1593 1816 1735 1870 illius
1767 1819 1999 1887 prophe-

2106 1799 2220 1900 ἒίει
2247 1799 2353 1881 τὸν
2392 1799 2625 1898 τρόπον’·
2675 1799 2977 1893 Ἀμπελὼν
3024 1820 3272 1890 ἐγενήθη
3332 1817 3413 1883 τῷ
3459 1819 3689 1888 ἠγαπη-

430 1905 551 1958 tica:
605 1904 910 1973 exeniplum
955 1906 1096 1959 dicta
1152 1905 1274 1970 luit,
1326 1915 1383 1960 ut
1431 1922 1460 1960 a
1502 1909 1752 1976 prtesettti
1801 1924 2003 1965 cor0na

429 1995 760 2048 audientium
795 1995 1224 2066 intelligeretur:
1261 2012 1364 2051 non
1393 2008 1572 2053 tamen
1602 2001 1665 2054 de
1701 2001 1814 2070 ipsa
1851 2004 2004 2057 vinea

426 2100 608 2138 sermo
643 2086 915 2153 loquitur:
945 2103 1179 2156 namque
1205 2087 1317 2154 ipse
1362 2090 1629 2159 propheta
1676 2094 1996 2148 vaticinium

429 2174 736 2245 hujusmodi
786 2190 1280 2248 prmoccupaverat.
1326 2179 1457 2247 Qua:
1503 2195 1684 2237 autem
1740 2186 2002 2255 propinata

426 2269 742 2333 reticuerat,
790 2283 852 2323 ea
905 2267 1161 2323 Servator
1216 2271 1269 2323 in
1342 2274 1596 2340 parabole
1658 2276 1842 2344 ponit;
1906 2276 1996 2330 illa

426 2373 617 2427 nempe
634 2358 700 2412 de
740 2358 1083 2422 vinitoribus,
1109 2359 1199 2427 qui
1248 2361 1581 2430 intelligendi
1612 2366 2004 2420 suntseuiores

426 2447 605 2516 populi
648 2458 700 2502 ct
738 2449 1043 2518 pontiﬁces,
1086 2451 1357 2520 principes
1392 2463 1555 2523 atque
1579 2455 1851 2510 doctores.
1896 2457 2005 2511 Ho—

428 2555 546 2592 rum
570 2540 724 2593 enim
766 2556 927 2594 causa
963 2542 1213 2610 contigit.
1247 2555 1304 2596 ut
1332 2544 1502 2598 malos
1529 2546 1736 2601 l‘ructus
1779 2548 2004 2618 populus

426 2629 686 2686 elliceret.
720 2633 1081 2700 Quamobrem
1119 2635 1231 2703 ipsa
1279 2636 1437 2690 vinea
1477 2647 1629 2690 vasta
1674 2639 1862 2693 relicta
1897 2650 2000 2702 est.

428 2722 684 2777 nimirum
716 2723 983 2778 llebraica
1032 2723 1147 2792 ejus
1196 2730 1454 2796 temporis
1495 2745 1668 2799 gens:
1702 2732 2005 2801 vallumque

429 2815 573 2869 illius
620 2816 856 2869 dirutum
902 2817 1023 2878 fuit,
1068 2817 1341 2885 principes
1372 2820 1625 2874 nimirum
1663 2824 1754 2891 qui
1784 2837 2002 2891 gentem

427 2908 555 2962 olim
585 2909 956 2978 protegebant,
1001 2910 1316 2979 incolamque
1345 2912 1506 2966 simul
1537 2929 1663 2967 cum
1703 2916 1835 2970 urbe
1886 2932 2005 2971 ser-

428 3000 650 3052 vabant.
718 2998 783 3052 Et
826 3002 989 3054 turris
1021 3001 1262 3070 quidem,
1308 2997 1483 3072 ipsum
1529 3007 1785 3074 templum
1835 3016 1997 3061 erat:

2098 1921 2261 1989 μένῳ
2287 1920 2358 1973 ἐν
2387 1917 2607 1985 κέρατι,
2639 1917 2709 1969 ἐν
2738 1918 2900 1982 τόπῳ
2923 1914 3086 1967 πίονι
3105 1930 3119 1942 ·
3155 1910 3254 1964 καὶ
3286 1911 3559 1979 φραηιιὸν
3589 1924 3689 1962 πε-

2096 2010 2370 2079 ριέθηκα,
2390 2010 2487 2063 καὶ
2516 2006 2895 2078 ἐχαριὶκωσα,
2926 2004 3023 2058 καὶ
3059 2003 3385 2073 ἐφύτευσα,
3412 2000 3509 2054 καὶ
3545 2002 3690 2068 enip-

2104 2118 2214 2170 γον
2237 2101 2613 2169 ᾠκοδόμησα,
2649 2096 2747 2151 καὶ
2774 2094 3105 2165 προλήνιον
3134 2090 3355 2160 ὧρυξα,
3372 2090 3469 2145 καὶ
3490 2090 3692 2161 ἔμεινα

2102 2191 2208 2245 τοῦ
2262 2190 2513 2259 ποιῆσαι
2563 2186 2910 2258 σταφυλὴν,
2960 2187 3211 2252 ἐποίησε
3268 2183 3337 2237 δὲ
3400 2182 3691 2248 ἀκάνθας.

2117 2283 2254 2336 Ἀλλ’
2282 2286 2315 2355 ἡ
2354 2283 2451 2354 μὲν
2478 2281 2629 2352 παρά
2656 2280 2733 2352 τῷ
2763 2280 3020 2352 προφήτῃ
3056 2278 3148 2331 τὸν
3180 2275 3482 2348 ἀμπελῶνα
3509 2275 3691 2330 διαϐέ-

2104 2373 2331 2443 ϐληκεν·
2369 2373 2427 2426 ὃν
2463 2374 2558 2426 καὶ
2606 2371 2921 2443 ἡρμήνευσε
2950 2370 3047 2439 ,τίς
3097 2385 3227 2421 ποτε
3259 2362 3350 2438 ἦν,
3375 2367 3579 2420 εἰπών’
3627 2367 3693 2420 '0

2104 2465 2213 2535 γὰρ
2244 2462 2763 2533 ἁμπελὼνΚιιρίου
2802 2460 3044 2515 Σαϐαὼθ
3091 2456 3254 2525 οἶκος
3286 2457 3392 2513 τοῦ
3434 2458 3691 2529 Ἰσραήλ.

2117 2557 2182 2609 Ἠ
2206 2555 2261 2608 δὲ
2296 2555 2390 2608 τοῦ
2447 2554 2696 2625 Σωτῆρος
2752 2550 3036 2623 παραϐολὴ
3086 2549 3301 2621 εἴρηται
3348 2549 3449 2622 μὲν
3490 2548 3690 2620 ὁμοίως

2104 2646 2311 2717 ἐκείνῃ,
2346 2645 2421 2707 ὡς
2445 2643 2509 2697 ἂν
2536 2642 2861 2713 γνωρισθείη
2895 2645 3007 2705 τοῖς
3057 2641 3291 2711 παροῦσι
3320 2640 3425 2713 ¹καὶ
3472 2639 3686 2710 ἀκροω-

2108 2736 2286 2807 μένοις
2305 2752 2317 2763 ·
2343 2736 2403 2787 οὐ
2433 2735 2540 2806 μὴν
2576 2734 2704 2805 περὶ
2730 2733 2822 2787 τοῦ
2853 2730 3174 2803 ἀμπελῶνος
3201 2729 3464 2792 λέλεκται,
3500 2726 3686 2786 ἐπειδὴ

2103 2830 2132 2881 6
2165 2829 2449 2899 προφήτης
2493 2827 2592 2897 τὴν
2633 2827 2760 2897 περὶ
2807 2825 2994 2878 τούτου
3047 2823 3350 2894 πρόρρησιν
3399 2817 3688 2890 προλαϐὼν

2104 2920 2336 2991 εἰρήκει.
2381 2919 2559 2988 Ἀπερ
2603 2917 2661 2970 δὲ
2716 2915 2792 2987 τῷ
2826 2916 3081 2988 προφήτῃ
3142 2910 3468 2980 σεσιώπητο,
3518 2907 3689 2961 ταῦτα

2107 3011 2269 3074 αὐτὸς
2298 3011 2356 3062 ὲν
2379 3012 2447 3082 τῇ
2475 3007 2758 3080 παραϐολῇ
2790 3007 2973 3077 τίθησι
2998 3023 3011 3036 °
3062 3006 3206 3071 λέγω
3241 3003 3298 3057 δὲ
3327 3002 3397 3054 τὰ
3428 3001 3559 3072 περὶ
3583 2999 3693 3052 τῶν

431 3089 672 3145 torcular
714 3106 864 3155 vero,
922 3092 1120 3148 altare.
1172 3092 1299 3147 Haec
1325 3095 1509 3149 omnia
1563 3095 1802 3150 funditus
1827 3099 1999 3152 deleta

2104 3102 2367 3174 γεωργῶν
2401 3102 2495 3154 τοῦ
2526 3100 2877 3171 ἀμπελῶνος
2916 3093 3062 3153 οὗτοι
3097 3096 3153 3150 δὲ
3183 3090 3339 3167 ’ἦσαν
3372 3095 3419 3146 οἱ
3455 3091 3693 3163 πρεσϐύ-

430 3180 648 3235 fuerunt
701 3193 923 3251 propter
975 3194 1245 3252 patratum
1298 3201 1328 3239 a
1384 3187 1714 3241 vinitoribus
1754 3190 1997 3243 cardetn:

427 3271 519 3338 qui
568 3286 756 3327 servos
809 3274 979 3327 semel
1023 3285 1077 3330 et
1127 3276 1325 3330 iterum
1361 3278 1427 3330 ad
1468 3293 1527 3332 se
1573 3278 1790 3341 missos,
1837 3280 2002 3334 variis

429 3376 623 3430 nempe
683 3365 976 3432 prophetas
1024 3366 1384 3434 temporibus,
1440 3368 1775 3423 occiderunt.
1829 3366 2001 3425 Vetus

426 3468 645 3524 quoque
673 3454 955 3523 Scriptura
991 3458 1117 3512 huic
1149 3463 1388 3514 sermoni
1423 3458 1740 3530 suffragium
1784 3462 1897 3514 dat.
1934 3462 1999 3516 Et

426 3546 642 3615 quidem
686 3551 944 3618 propheta
997 3550 1139 3606 Elias
1169 3553 1222 3605 in
1258 3568 1357 3606 sua
1388 3553 1454 3606 ad
1489 3552 1653 3606 Deum
1684 3568 1842 3622 prece
1873 3553 1951 3607 ait
1980 3572 1994 3609 :

426 3636 670 3703 Domine,
703 3642 980 3707 prophetas
1004 3645 1400 3709 interemerant,
1422 3645 1619 3698 altaria
1643 3645 1998 3714 su/foderunt,

427 3740 584 3799 atque
615 3748 708 3800 ego
734 3732 879 3787 solus
911 3735 1126 3789 relictus
1175 3753 1313 3801 sum,
1368 3749 1416 3792 et
1456 3754 1625 3791 meam
1676 3739 1839 3806 ipsius
1883 3740 2002 3792 uni—

427 3839 564 3874 mam
601 3837 862 3879 conantur
887 3828 1086 3897 eripere
1117 3828 1184 3882 ’3.
1224 3827 1316 3884 Sic
1364 3831 1508 3883 enim
1537 3830 1587 3882 itt
1613 3844 1775 3899 prece
1805 3845 1900 3884 sua
1931 3831 1999 3885 de

365 3975 373 3982 _
424 3914 663 3972 Judaica:
687 3921 865 3988 gentis
895 3923 1224 3991 principibus
1250 3924 1509 3992 propheta
1531 3922 1859 3993 expostulat.
1889 3920 1994 3975 Sed

425 4009 569 4062 enim
626 4010 714 4076 hi,
772 4012 910 4066 hami
955 4017 1190 4070 contenti
1236 4016 1614 4085 prophetarum
1665 4015 1840 4079 caede,
1901 4028 1996 4083 p0—

2106 3213 2255 3267 τεροι
2277 3195 2368 3249 τοῦ
2395 3194 2526 3248 λαοῦ
2552 3195 2647 3248 καὶ
2687 3197 2736 3248 οξ
2779 3195 3075 3265 ἀρχιερεῖς,
3106 3191 3366 3262 ἄρχοντες
3404 3188 3509 3282 Δκαὶ
3550 3184 3694 3282 6L5?-

2110 3285 2329 3339 σκαλοι*
2362 3286 2412 3338 οἳ
2444 3284 2508 3355 δὴ
2529 3284 2623 3338 καὶ
2654 3284 2732 3354 τῷ
2758 3282 2950 3354 πλήθει
2980 3280 3257 3351 παραίτιοι
3286 3276 3545 3346 γεγόνασι
3595 3276 3695 3341 τῆς

2106 3376 2213 3430 τῶν
2238 3375 2490 3447 πονηρῶν
2518 3374 2744 3447 καρπῶν
2779 3373 2986 3443 ὲκφυῆς
3005 3388 3020 3402 '
3047 3371 3113 3424 δι’
3132 3370 3224 3433 οὓς
3253 3369 3353 3437 καὶ.
3372 3370 3401 3421 6
3431 3361 3695 3437 ἀμπελὼν

2106 3468 2526 3525 καταλέλειπται
2581 3467 2820 3539 ἔρημος,
2876 3463 3124 3519 τουτέστι
3185 3462 3246 3515 τὸ
3280 3460 3457 3532 παρὸν
3511 3454 3692 3511 αὐτῶν

2100 3560 2271 3624 ἔθνος,
2290 3562 2385 3615 καὶ
2401 3563 2429 3614 6
2452 3560 2643 3613 τούτου
2665 3557 2943 3630 καθῃρέθη
2964 3554 3292 3628 φραγμὸς,οἱ
3312 3551 3480 3605 πάλαι
3491 3544 3688 3633 δηλαδὴ

2100 3652 2194 3705 τοῦ
2223 3651 2408 3716 ἔθνους
2433 3649 2872 3722 προμαχοῦντες,
2905 3649 3001 3704 καὶ
3026 3648 3116 3701 τὸν
3161 3645 3291 3699 λαὸν
3335 3641 3688 3723 φυλάττοντες

2103 3746 2201 3798 σὺν
2229 3742 2376 3813 αὐτῷ
2397 3743 2476 3813 τῷ
2509 3744 2690 3813 τόπῳ·
2739 3742 2766 3795 ὅ
2806 3758 2865 3794 τε
2900 3742 2957 3794 ὲν
3004 3736 3154 3809 αὑτῷ
3198 3736 3428 3807 πύργος,
3461 3730 3624 3795 αὐτὸς
3658 3731 3687 3782 ὀ

2098 3831 2268 3895 νεώς·
2304 3834 2397 3886 καὶ
2434 3835 2461 3885 6
2493 3833 2673 3904 ληνὸς,
2714 3833 2775 3885 τὸ
2823 3830 3211 3901 θυσιαστήριον
3278 3825 3465 3897 Ταῦτα
3517 3823 3694 3878 πάντα

2103 3926 2272 3997 ἄρδην
2298 3925 2363 3978 ὲκ
2398 3923 2612 3995 βάθρων
2645 3924 2787 3996 ήρθη
2837 3924 2923 3977 διὰ
2953 3923 3054 3995 τὴν
3095 3921 3205 3975 τῶν
3235 3917 3521 3991 γεωργῶν
3548 3930 3697 3969 utat-

2104 4018 2296 4085 φονίαν
2313 4034 2326 4047 ·
2355 4017 2405 4070 οἳ
2421 4016 2484 4087 δὴ
2509 4016 2757 4088 πρώτους
2780 4016 2999 4080 δούλους
3023 4015 3117 4069 καὶ
3140 4012 3426 4085 δευτέρους
3452 4009 3696 4062 ἀποστα-

425 4112 631 4157 stremo
683 4108 855 4175 ipsum
896 4108 1106 4173 Filium,
1146 4125 1248 4164 non
1280 4105 1411 4164 sane
1444 4110 1618 4174 inscii,
1672 4110 1780 4163 itno
1830 4109 1996 4178 probe

2103 4109 2293 4173 λέντας
2324 4109 2460 4180 πρὸς
2494 4109 2711 4173 αὐτοὺς,
2739 4108 2938 4180 δηλαδὴ
2971 4109 3097 4171 τοὺς
3128 4104 3271 4160 κατὰ
3314 4102 3542 4175 χρόνους
3568 4114 3695 4169 προ.

425 4198 577 4262 gnari
609 4196 752 4253 hunc
778 4212 899 4254 esse
924 4200 1212 4264 heredem,
1234 4201 1498 4270 supplicio
1523 4201 1843 4256 aifecerunt.

2103 4204 2299 4274 φήτας,
2326 4200 2552 4254 ἀνεῖλον.
2588 4202 2873 4271 Μαρτυρεῖ
2899 4197 2978 4269 τῷ
3003 4197 3147 4268 λόγῳ
3175 4196 3268 4249 καὶ
3358 4190 3526 4247 πάλαι
3550 4182 3692 4281 Γρα-

425 4289 528 4356 φή·
567 4291 660 4344 καὶ
693 4292 988 4363 προφητῶν
1010 4292 1067 4346 δὲ
1111 4292 1296 4357 Ἠλίας
1334 4296 1391 4347 ὲν
1424 4294 1556 4364 εὐχῇ
1589 4294 1724 4365 πρὸς
1752 4295 1843 4349 τὸν
1871 4296 2003 4350 Θεὸν
2031 4297 2225 4365 λέγων·
2254 4297 2453 4363 Κύριε.
2500 4294 2635 4358 τοὺς
2694 4290 3004 4361 προφήτας
3055 4278 3434 4383 ἀπέθξῖειξαθςο
3475 4278 3688 4383 ’Ἧι-τὰ

420 4382 823 4452 θυσιαστήρια
854 4383 1268 4454 κατέσκαψαν,
1303 4386 1464 4455 κάγὼ
1497 4387 1869 4456 ὑπελείφθην
1886 4390 2095 4458 μόνος.
2129 4389 2225 4443 καὶ
2250 4385 2491 4455 ζητοῦσι
2510 4387 2623 4455 τὴν
2650 4384 2862 4455 ψυχήν
2881 4402 3002 4454 μου
3029 4379 3237 4436 λαϐεῖν
3256 4374 3470 4443 αὑτήν.
3500 4374 3691 4428 Ταῦτα

435 4472 554 4543 (οὖν
576 4477 603 4529 ὁ
638 4478 923 4549 προφήτης
949 4476 1057 4530 τῶν
1079 4479 1355 4550 ἀρχόντων
1381 4479 1474 4534 τοῦ
1516 4481 1782 4537 Ἰουδαίων
1821 4483 2007 4547 ἔθνους
2031 4478 2121 4537 διὰ
2146 4483 2243 4552 τῆς
2264 4481 2430 4552 εὐχῆς
2466 4482 2778 4551 κατηγορεῖ.
2812 4480 2873 4530 υἱ
2899 4477 2956 4529 δὲ
2976 4475 3050 4546 μὴ
3066 4469 3424 4563 ἀρκεσθέντες
3452 4470 3519 4540 τῇ
3544 4466 3689 4563 Vw“

423 4563 533 4622 τῶν
578 4568 873 4638 προφητῶν
905 4571 1206 4642 μιαιφονίᾳ,
1249 4570 1475 4643 ὕστερον
1526 4575 1618 4627 καὶ
1646 4576 1805 4630 αὑτὸν
1830 4576 1922 4630 τὸν
1964 4576 2113 4641 Υἱὸν,
2143 4576 2245 4629 οὐκ
2291 4573 2635 4642 ἀγνοοῦντες,
2671 4571 2784 4625 ἀλλ’
2816 4566 2875 4625 εὖ
2907 4569 3051 4641 μάλα
3091 4566 3184 4621 καὶ
3212 4560 3465 4633 ’ἀκριϐῶς
3491 4560 3692 4624 εἰδότες

421 4657 587 4717 αὑτὸν
628 4655 767 4713 εἶναι
802 4659 895 4714 τὸν
931 4663 1289 4736 κληρονόμον,
1319 4664 1548 4718 ἀνεῖλον.

498 4747 619 4802 Ιιιειι
650 4746 906 4802 Senator
930 4761 1055 4806 ante
1077 4752 1383 4820 passionem
1408 4769 1562 4807 suam
1595 4755 1660 4808 de
1703 4768 1763 4806 se
1799 4755 1995 4807 innue-

2171 4749 2360 4803 Ταῦτα
2408 4748 2465 4800 δὲ
2514 4748 2542 4799 6
2590 4747 2782 4817 Σωτὴρ
2814 4746 2920 4816 πρὸ
2952 4744 3046 4798 τοῦ
3099 4744 3306 4807 πάθους
3354 4743 3517 4807 αὐτὸς
3562 4743 3691 4816 περὶ

426 4845 536 4907 bat,
569 4855 939 4913 praeoccupate
977 4862 1074 4915 per
1105 4849 1528 4914 prmsensionem
1565 4848 1761 4904 notitia
1810 4847 1999 4904 futuri.

2103 4840 2294 4894 ἑαυτοῦ
2324 4840 2590 4911 ᾐνίττετο,
2628 4838 3031 4910 προλαμϐάνων
3070 4836 3182 4908 (61)
3222 4837 3283 4890 τὸ
3328 4836 3521 4907 μέλλον
3547 4836 3690 4890 κατά

425 4935 491 4989 Et
521 4936 742 5003 quidem
783 4936 854 4989 ita
884 4937 1185 4992 disserebat
1220 4937 1272 4992 in
1299 4939 1500 5008 templo
1529 4953 1757 4995 versans
1813 4953 1999 4994 coram

2103 4928 2427 4997 πρόγνωσιν.
2479 4928 2589 4980 Καὶ⁴
2630 4926 2782 4996 λέγει
2813 4926 2988 4979 ταῦτα
3024 4928 3082 4979 ὲν
3114 4925 3261 4996 αὐτῷ
3290 4925 3583 4996 διατρίϐων
3610 4925 3697 4995 τῷ

419 5025 710 5080 coaetaneis
743 5026 860 5080 suis
886 5026 1229 5091 vinitoribus,
1262 5030 1598 5097 principibus
1623 5028 1874 5082 nimirmn
1899 5044 1997 5097 po-

2103 5016 2228 5088 ἱερῷ
2259 5019 2372 5081 τοῖς
2397 5019 2517 5070 κατ’
2545 5017 2707 5071 αὐτὸν
2740 5018 3007 5087 γεωργοῖς
3052 5014 3144 5068 τοῦ
3182 5015 3529 5085 ἀμπελῶνος,
3576 5017 3689 5077 τοῖς

421 5116 567 5187 puli:
600 5117 877 5184 sapienter
900 5119 1189 5172 admodum
1234 5120 1335 5173 hac
1371 5119 1627 5187 par-nbula
1663 5134 1887 5181 curans,
1937 5130 1996 5172 ut

2103 5107 2187 5161 τοῦ
2211 5108 2341 5162 λαοῦ
2378 5108 2686 5180 προεστῶσι
2711 5125 2725 5139 ’
2758 5107 2965 5178 σφόδρα
2988 5106 3185 5191 σαφῶς
3203 5105 3292 5159 διὰ
3322 5106 3419 5175 τῆς
3452 5106 3689 5177 παράδος

422 5210 456 5262 ii
502 5208 827 5263 sententiam
867 5219 1053 5267 contra
1115 5224 1174 5262 se
1216 5208 1360 5270 ipsos
1404 5206 1632 5273 ferrent,
1678 5207 1991 5277 priusquam

2103 5201 2188 5271 λῆς
2217 5200 2412 5263 αὐτοὺς
2444 5199 2565 5253 καθ’
2600 5199 2803 5253 ἑαυτῶν
2834 5198 2931 5269 τὴν
2970 5198 3243 5265 ἀπόφασιν
3285 5193 3681 5265 ἐξενέγκασθαι

421 5301 790 5373 intelligerent
826 5300 1137 5368 parabolam
1170 5300 1234 5353 de
1259 5300 1390 5368 ipsis
1419 5300 1585 5367 loqui.
1642 5297 1850 5351 Idcirco
1886 5298 1993 5352 hoc

2103 5291 2551 5365 παρασκευάζων,
2586 5292 2739 5344 οὔπω
2772 5290 3071 5351 συνιέντας,
3107 5289 3188 5342 ὅτι
3221 5289 3349 5359 περὶ
3388 5288 3566 5341 αὐτῶν
3595 5288 3674 5340 εἵ-

422 5391 691 5445 sermonis
720 5390 998 5445 involucra
1026 5405 1154 5443 usus
1186 5398 1290 5451 est,
1320 5398 1378 5441 ut
1406 5389 1503 5457 ipsi
1537 5397 1710 5442 semet
1735 5389 1993 5443 condem-

422 5491 614 5536 narent
656 5499 670 5535 :
710 5480 1165 5551 quemadmodum
1232 5478 1416 5533 Davidi
1484 5479 1701 5543 accidit,
1756 5493 1878 5532 cum
1927 5478 1993 5533 de

495 5572 542 5604 η
578 5574 684 5628 lsa.
720 5571 922 5638 v,t,2.
994 5572 1041 5603 ντ
1067 5571 1199 5626 ibid.
1231 5569 1281 5623 7.
1359 5571 1405 5603 οε
1434 5568 1497 5623 ιιι
1542 5569 1673 5639 Reg.
1699 5570 1924 5636 mx,l(l.

421 5734 452 5785 6
485 5664 604 5785 {9U
638 5664 807 5736 Syrus
839 5666 1104 5736 interpres
1154 5664 1359 5721 videtur
1411 5664 1605 5733 legisse
1660 5664 1748 5718 διὰ
1809 5681 1987 5735 παρα-

456 5751 484 5785 Ο
517 5752 601 5785 τις.

456 5751 601 5805 οΑης.

2098 5403 2247 5459 ρητο.
2270 5385 2368 5438 Διὰ
2390 5385 2548 5437 τοῦτο
2575 5384 2684 5454 γὰρ
2721 5383 2816 5435 καὶ
2846 5382 2937 5435 διὰ
2974 5380 3294 5451 παραϐολῆς
3324 5380 3567 5451 εἴρηκεν,
3600 5379 3688 5433 ἵνα

2097 5478 2251 5532 αὐτοὶ
2276 5477 2373 5547 τὴν
2399 5476 2580 5547 ψῆφον
2606 5474 2963 5543 ἐξενέγκωσιν
2991 5473 3103 5544 (62)
3126 5489 3140 5503 ’
3170 5473 3199 5524 ὃ
3228 5488 3288 5525 τε
3332 5472 3428 5526 καὶ
3467 5472 3564 5525 ἐπὶ
3589 5471 3687 5523 τοῦ

2167 5663 2279 5739 (62)
2323 5662 2482 5716 Multa
2518 5678 2637 5732 quae
2690 5678 2744 5739 tn
2793 5662 2985 5717 Grteco
3042 5656 3301 5729 posthinc
3344 5667 3683 5739 sequuntur,

2104 5737 2356 5789 continua
2386 5750 2603 5800 prorsus
2636 5734 2924 5798 scriutura,
2957 5746 3206 5797 nexuque
3265 5744 3463 5784 sensus
3516 5734 3687 5789 aptis-
