4116 6374
415 379 518 438 657

1748 369 1838 422 DE
1879 367 2342 423 THEOPHANIA.

3559 351 3662 407 658

417 498 580 552 Δαϐὶδ
607 496 846 574 γέγονεν,
866 496 952 546 ὅτε
989 493 1168 563 ἔκρινε
1199 490 1296 561 τὴν
1321 488 1636 560 παραϐολὴν
1667 489 1760 542 τοῦ
1785 489 1992 542 Νάθαν.

2125 489 2368 543 iathanis
2393 483 2653 556 parabola
2680 482 2943 550 judicium
2973 478 3117 533 tulit.
3163 475 3549 530 Verumtamen
3586 468 3662 522 llli

433 588 648 659 Ἐπειδὴ
680 587 736 640 δὲ
772 585 998 656 ᾔσθοντο
1033 583 1139 636 τῶν
1197 581 1525 652 εἰρημένων,
1561 579 1682 632 τότε
1722 574 1872 631 εἷπον
1919 578 1992 649 μὴ

422 682 646 749 γένοιτο.
683 677 852 730 Τοῦτο
880 677 1058 746 μέντοι
1105 675 1205 746 ἤδη
1233 673 1411 744 τρίτον
1443 670 1593 742 παρά
1619 670 1882 740 Ματθαίῳ
1909 669 1997 721 διὰ

423 770 588 842 τριῶν
607 767 928 840 παραϐολῶν
939 767 1033 820 τοῦ
1050 765 1371 836 ἀμπελῶνος
1396 762 1797 833 ἐμνημόνευσεν
1815 779 1827 791 ⁸
1862 759 1996 814 ἀλλὰ

426 863 511 916 διὰ
561 863 655 931 μὲν
685 862 782 930 τῆς
811 860 1033 930 πρώτης
1060 858 1349 928 διαφόρους
1399 856 1621 926 κλήσεις
1664 853 1853 923 ἐδήλου
1891 852 1996 905 τῶν

427 955 515 1006 ἐπὶ
541 955 639 1024 τὴν
683 953 941 1024 ἐργασίαν
977 951 1071 1004 τοῦ
1111 950 1429 1021 ἀμπελῶνος
1480 947 1854 1019 παρελθόντων
1875 963 1888 975 ·
1919 939 1999 1007 οἷς

429 1049 591 1100 πᾶσιν
623 1046 683 1111 ἐξ
713 1048 826 1099 ἴσου
868 1045 1057 1116 μισθὸν
1109 1044 1340 1097 ἐνεδίδου
1379 1043 1440 1095 τὸ
1468 1042 1720 1113 δηνάριον
1746 1057 1760 1069 ·
1810 1039 1898 1092 διὰ
1944 1037 2001 1090 δὲ

426 1142 526 1212 τῆς
571 1141 851 1211 δευτέρας,
897 1139 990 1192 δύο
1041 1137 1172 1191 υἱῶν
1220 1136 1412 1205 κλῆσιν
1445 1135 1714 1207 ᾐνίττετο·
1760 1131 1854 1185 τοῦ
1902 1131 2002 1201 μὲν

425 1231 759 1302 ἀρνουμένου
784 1229 850 1282 τά
891 1228 1101 1300 πρῶτα,
1125 1227 1217 1279 ἐπὶ
1251 1225 1395 1278 τέλει
1426 1225 1482 1278 δὲ
1528 1227 1626 1296 τὴν
1651 1223 1894 1292 ὑπακοὴν
1919 1223 2003 1273 ἐν-

425 1323 796 1391 δεικνυμένου,
823 1323 916 1375 καὶ
934 1324 1014 1383 εἰς
1046 1321 1136 1373 τὸν
1163 1318 1460 1388 ἀμπελῶνα
1489 1316 1874 1388 ἐργαζομένου·
1905 1313 1999 1366 τοῦ

425 1414 481 1466 δὲ
513 1417 580 1483 τῇ
615 1413 831 1483 ἐναντία
877 1412 1216 1482 κεχρημένου
1267 1408 1621 1480 προαιρέσει·
1681 1406 1768 1458 διὰ
1803 1406 1858 1458 δὲ
1905 1405 2005 1472 τῆς

429 1503 710 1575 παρούσης
743 1502 1062 1575 παραϐολῆς
1095 1501 1383 1572 μετάθεσιν
1414 1499 1650 1568 παντελῆ
1690 1497 1783 1550 τοῦ
1829 1497 2004 1565 ἀμπε-

427 1596 595 1658 λῶνος
631 1597 660 1648 ό
691 1596 846 1663 λόγος
883 1594 1121 1647 διδάσκει
1167 1593 1274 1646 ἀπὸ
1308 1590 1586 1663 προτέρων
1621 1587 1883 1658 γεωργῶν
1914 1587 2005 1638 ἐπὶ

426 1687 710 1756 δευτέρους
729 1704 742 1716 ·
781 1687 873 1739 καὶ
901 1686 998 1756 τὴν
1033 1687 1211 1739 αἰτίαν
1251 1683 1618 1754 σημαίνειτῆς
1644 1680 2002 1751 μεταθέσεως.

427 1777 611 1847 Κάμοὶ
637 1777 786 1830 δοκεῖ
819 1777 1226 1847 μετατεθεῖσθαι
1255 1775 1354 1846 μὲν
1402 1775 1511 1827 ἀπὸ
1540 1773 1636 1826 τοῦ
1677 1771 2008 1840 ἐπαγγειλα-

431 1867 593 1937 μένου
630 1869 726 1938 μὲν
752 1867 1086 1938 ἐργάσασθαι
1120 1867 1259 1930 υἱοῦ,
1298 1867 1371 1937 μὴ
1411 1867 1514 1938 μὴν
1541 1865 1701 1936 ἔργον
1725 1863 2006 1927 ἐπιθέντος

426 1958 668 2030 τῷλόγῳ
692 1978 705 1990 ·
751 1959 992 2013 δεδόσθαι
1028 1959 1086 2011 δὲ
1132 1957 1210 2028 τῷ
1243 1959 1608 2030 ἀρνησαμένῳ
1637 1959 1756 2010 κατ’
1809 1955 2006 2027 ἀρχὰς,

431 2052 576 2124 ἔργῳ
602 2052 658 2104 δὲ
684 2053 775 2105 ἐπὶ
805 2053 946 2105 τέλει
972 2052 1033 2104 τὸ
1071 2050 1321 2114 εὐπειθὲς
1347 2049 1726 2121 ἐνδειξαμένῳ.

501 2220 838 2290 Σαφέστερος
863 2221 907 2272 δ’
924 2220 990 2273 ἂν
1013 2222 1096 2291 εἴη
1121 2222 1148 2273 ὁ
1172 2219 1350 2288 λόγος,
1383 2221 1432 2273 εἰ
1482 2218 1543 2272 τὸ
1570 2219 1818 2281 θεοσεϐὲς
1863 2217 2005 2270 πολίε
2035 2265 2050 2276 ,

432 2329 609 2382 τευμα
650 2312 710 2363 τὸ
749 2311 848 2380 τῆς
887 2310 1022 2363 Θεοῦ
1059 2310 1336 2379 βασιλείας
1367 2313 1565 2364 οἰκεῖον
1595 2311 1686 2362 τὸν
1716 2309 2013 2381 ἀμπελῶνα

437 2401 574 2457 εἶναι
600 2393 952 2473 ἐκλάϐοιμεν·
988 2403 1287 2475 προτέρους
1318 2402 1374 2455 δὲ
1411 2401 1574 2455 αὑτοῦ
1603 2402 1878 2473 γεωργοὺς
1915 2401 2012 2452 οὐκ

435 2496 611 2567 ὀρθῶς
639 2495 1013 2568 κεχρημένους
1043 2497 1107 2565 τῇ
1135 2495 1388 2567 ἐργασίᾳ,
1420 2495 1548 2557 τοὺς
1572 2494 1834 2565 πρότερον
1863 2492 2013 2565 παρά

449 2588 721 2651 Ἰουδαίοις
750 2589 850 2657 τῆς
883 2588 1032 2651 θείας
1085 2586 1340 2656 γνώσεως
1382 2586 1842 2657 κατηξιωμένους,
1889 2587 2015 2649 τοὺς

440 2681 637 2742 αὐτοὺς
665 2679 822 2741 ὄντας
869 2680 950 2730 ἑνὶ
992 2678 1098 2732 τῶν
1135 2677 1264 2731 υἱῶν
1296 2678 1375 2748 τῷ
1405 2677 1656 2747 διαϐεϐλη
1667 2677 1843 2747 μένῳ·
1892 2676 2014 2728 δευ-

437 2773 629 2843 τέρους
672 2773 728 2824 δὲ
764 2773 1062 2842 γεωργοὺς,
1091 2773 1218 2836 τοὺς
1271 2773 1362 2825 τὸν
1417 2772 1762 2843 ὀφειλόμενον
1805 2772 2017 2844 καρπὸν

440 2863 583 2918 κατά
615 2865 804 2934 καιρὸν
829 2863 1198 2928 ἀποδιδόντας,
1225 2865 1352 2926 τοὺς
1393 2862 1453 2926 ἐξ
1478 2863 1642 2916 ἐθνῶν
1666 2864 1752 2916 διά
1781 2860 2017 2931 Χριστοῦ

439 2957 538 3024 τὴν
573 2954 664 3006 τοῦ
692 2953 827 3006 Θεοῦ
855 2953 1056 3022 γνῶσιν
1083 2953 1457 3025 ἀνειληφότας,
1489 2954 1614 3016 τοὺς
1639 2954 1835 3013 αὐτοὺς
1860 2953 2019 3015 ὄντας

441 3045 518 3115 τῷ
543 3045 642 3115 υἱῷ
665 3045 742 3115 τῷ
770 3047 830 3098 τὸ
859 3044 1109 3107 εὐπειθὲς
1134 3046 1228 3098 καὶ
1246 3047 1483 3117 ὑπήκοον
1512 3046 1588 3116 τῷ
1617 3046 1786 3116 πατρὶ
1832 3046 2020 3118 ἔργοις

443 3139 882 3208 ἐπιδεδειγμένῳ.
910 3137 984 3191 Τὸ
1013 3137 1068 3189 δὲ
1095 3136 1267 3190 αἴτιον
1293 3137 1386 3190 τοῦ
1417 3138 1684 3208 ληφθῆναι
1721 3140 1850 3210 παρ’
1876 3139 2020 3192 ἐκεί-

445 3248 551 3284 νων
582 3229 671 3283 τὸν
715 3229 1034 3299 ἀμπελῶνα,
1088 3230 1210 3281 ἐπεὶ
1255 3230 1328 3299 μὴ
1374 3229 1590 3300 εἴρηται
1639 3229 1728 3282 διὰ
1771 3230 1872 3300 τῆς
1909 3231 2018 3284 τῶν

445 3321 576 3378 υἱῶν
597 3321 932 3394 παραϐολῆς,
953 3321 1264 3390 ἀναγκαίως
1285 3320 1372 3374 διὰ
1391 3322 1490 3391 τῆς
1523 3321 1659 3391 μετά
1681 3324 1869 3392 χεῖρας
1885 3341 2026 3396 παρ-

452 3415 651 3485 ίστησι.
703 3413 874 3466 Τοῦτο
906 3413 950 3466 δ’
985 3410 1053 3484 ἦν
1079 3413 1136 3466 τὸ
1174 3413 1248 3484 μὴ
1297 3414 1436 3466 κατὰ
1473 3413 1565 3466 τὸν
1605 3413 1793 3466 δέοντα
1836 3416 2025 3486 καιρὸν

447 3507 736 3561 ἀποδοῦναι
787 3507 914 3569 τοὺς
970 3507 1215 3576 καρποὺς
1265 3505 1342 3576 τῷ
1389 3505 1771 3577 οἰκοδεσπότῃ·
1814 3508 1907 3560 καὶ
1963 3508 2026 3559 οὐ

445 3602 605 3653 τοῦτο
633 3603 812 3670 μόνον,
845 3599 982 3652 ἀλλὰ
1014 3600 1108 3651 καὶ
1134 3599 1194 3651 τὸ
1219 3599 1606 3652 ἐπιϐουλεῦσαι
1624 3603 1736 3662 τοῖς
1767 3600 2030 3652 ἀπεσταλ-

454 3694 633 3765 μένοις
663 3695 753 3747 ἐπὶ
787 3693 947 3763 λήψει
975 3692 1082 3744 τῶν
1105 3691 1330 3764 καρπῶν
1367 3690 1604 3754 δούλοις·
1637 3691 1732 3743 καὶ
1764 3692 1823 3743 οὐ
1869 3691 2029 3744 τοῦτο

455 3788 637 3858 μόνον,
672 3784 812 3839 ἀλλά
839 3787 933 3838 καὶ
972 3785 1033 3836 τὸ
1060 3784 1159 3854 υἱῴ
1187 3787 1374 3854 χεῖρας
1407 3783 1683 3836 ἐπιϐαλεῖν
1726 3783 2024 3854 τολμῆσαι·

451 3881 510 3931 ὃν
541 3878 871 3946 ἐπιγνόντες,
906 3877 1002 3929 καὶ
1046 3875 1207 3928 αὑτὸν
1245 3873 1382 3928 εἶναι
1412 3875 1501 3928 τὸν
1531 3875 1644 3926 υἱὸν
1685 3874 1780 3927 τοῦ
1827 3874 2030 3926 οἰκοδε-

456 3970 654 4025 σπότου
688 3969 1138 4039 ὁμολογήσαντες,
1166 3969 1314 4036 ὅμως
1343 3967 1574 4029 ἀνεῖλον,
1619 3966 1807 4019 ἀσεϐεῖ
1827 3966 2032 4036 χρησά-

460 4081 610 4134 μενοι
636 4061 902 4132 λογισμῷ.
937 4061 1057 4114 Τῶν
1087 4062 1144 4113 δὲ
1164 4059 1331 4131 τριῶν
1363 4058 1689 4129 παραϐολῶν
1719 4056 1812 4110 τοῦ
1856 4058 2033 4128 ἀμπε-

456 4156 646 4220 λῶνος,
671 4156 770 4224 τὴν
803 4155 898 4223 μὲν
952 4150 1172 4223 πρώτην
1215 4155 1326 4214 τοῖς
1365 4151 1529 4206 αὐτοῦ
1561 4149 1832 4221 μαθηταῖς
1859 4149 2032 4220 παρέ-

460 4249 605 4311 θετο,
629 4249 686 4301 ἐν
699 4250 764 4318 τῇ
789 4245 1047 4316 Γαλιλαία
1064 4246 1158 4298 σὺν
1184 4246 1366 4307 αὐτοῖς
1390 4243 1710 4313 ποιούμενος
1730 4241 2030 4312 διατριϐάς·

455 4342 646 4412 διόπερ
673 4341 877 4402 πάντας
907 4336 1224 4410 ἀνθρώπους
1266 4337 1502 4407 ἐργάτας
1534 4337 1721 4406 εἰσῆγε
1763 4333 2038 4403 διαφόροις

455 4433 628 4506 ὥραις
670 4432 1068 4503 κεκλημένους·
1125 4428 1498 4492 ὑπακούοντάς
1545 4445 1604 4480 τε
1642 4427 1772 4490 τοὺς
1803 4426 2033 4488 πάντας,

2097 595 2156 634 re
2182 581 2396 634 demum
2448 575 2736 637 intellecta,
2781 571 3133 626 infortunium
3194 583 3224 620 a
3270 580 3329 619 se
3391 560 3663 630 deprecati

2058 719 2070 723 -
2098 682 2243 727 sunt.
2280 670 2451 724 Porro
2476 668 2614 736 apud
2649 665 2960 720 Mattbaeum
2997 660 3170 715 tribus
3203 661 3268 712 de
3302 657 3458 710 vinea
3509 665 3668 720 para-

2098 764 2237 818 bolis
2291 763 2366 816 rei
2417 761 2578 828 hujus
2626 758 2832 813 mentio
2865 756 2959 809 lit:
2991 765 3300 822 quanquam
3343 748 3516 816 prima
3544 744 3668 813 qui-

2100 857 2219 911 dem
2250 855 2296 886 ”
2332 853 2495 906 varize
2523 851 2735 905 illorum
2771 847 3083 900 vocationes
3115 841 3518 908 exprimuntur,
3575 834 3669 901 qui

2101 949 2168 1001 ad
2215 945 2384 999 vineae
2413 943 2680 998 culturam
2710 945 3114 998 convenerunt;
3167 932 3363 1001 quibus
3416 928 3673 984 omnibus

2102 1055 2201 1110 par
2239 1037 2446 1092 denarii
2481 1049 2692 1090 merces
2715 1031 2973 1086 attributa
3009 1037 3110 1081 est.
3145 1027 3326 1079 Altera
3363 1018 3617 1092 parabole
3654 1017 3670 1048 ⁸

2103 1133 2331 1186 duorum
2375 1128 2586 1182 vocatio
2623 1127 2858 1178 liliorrzm
2894 1121 3220 1181 ostenditur,
3264 1129 3492 1185 quorum
3537 1109 3675 1162 alter

2103 1224 2278 1292 primo
2336 1220 2478 1274 haud
2531 1217 2830 1285 morigerus
2885 1213 3010 1277 fuit,
3047 1209 3139 1265 sed
3192 1210 3406 1262 demum
3438 1200 3672 1258 oﬂicium

2105 1313 2380 1384 praestitit,
2408 1321 2570 1380 atque
2599 1309 2651 1362 in
2695 1309 2850 1361 vinea
2877 1314 3135 1373 operatus
3159 1309 3243 1354 est
3269 1318 3282 1353 :
3330 1299 3468 1352 alter
3493 1305 3672 1350 autem

2107 1407 2248 1461 [ilius
2280 1405 2615 1460 contrarium
2650 1401 2922 1469 ingenium
2956 1410 3067 1465 pra:
3105 1407 3164 1446 se
3205 1392 3345 1444 tulit.
3390 1388 3495 1442 Sed
3536 1403 3676 1457 pra:-

2106 1507 2258 1553 sente
2282 1497 2496 1550 demmn
2528 1491 2778 1562 parabola
2817 1489 3135 1542 translatam
3168 1485 3389 1539 omnino
3419 1480 3678 1534 Servator

2108 1589 2266 1642 docet
2313 1586 2486 1638 vinea:
2542 1583 2863 1638 locationem
2910 1594 2938 1630 a
2987 1577 3259 1646 prioribus
3310 1572 3562 1641 agricolis
3611 1570 3678 1622 ad

2107 1679 2490 1748 posteriores;
2531 1685 2860 1739 causamque
2925 1667 3301 1722 translationis
3363 1663 3556 1732 aperit.
3614 1659 3682 1714 Et

2111 1769 2242 1823 mihi
2292 1768 2505 1821 videtur
2556 1763 2816 1818 translata
2873 1761 3040 1812 vineze
3097 1758 3296 1811 locatio
3345 1756 3413 1807 ab
3445 1768 3509 1808 eo
3549 1751 3681 1814 lilio,

2111 1864 2201 1933 qui
2236 1877 2294 1916 se
2331 1869 2678 1930 operaturqu
2710 1856 2931 1923 recepit,
2961 1867 3083 1906 mox
3123 1850 3291 1904 verba
3335 1848 3388 1901 in
3425 1861 3538 1900 rem
3573 1858 3682 1897 non

2111 1932 2385 2015 contulit;
2423 1950 2619 2003 tradita
2665 1956 2845 2001 autem
2877 1945 2952 1998 illi
2993 1945 3084 2012 qui
3123 1941 3280 1995 initio
3318 1938 3535 2008 quidem
3565 1932 3684 1988 olli-

2111 2048 2256 2100 eium
2289 2042 2636 2100 detrectavit,
2666 2040 2759 2093 sed
2793 2053 2914 2091 mox
2950 2049 3115 2104 opere
3144 2032 3506 2088 obedientiam
3550 2043 3686 2097 prae-

2111 2136 2269 2192 Slilil.

2188 2226 2298 2280 Sed
2335 2225 2478 2278 enim
2511 2221 2681 2292 magis
2723 2220 3044 2289 perspicuus
3090 2228 3269 2269 sermo
3314 2212 3427 2277 ﬁet,
3482 2210 3528 2264 si
3565 2207 3688 2262 reli-

2114 2323 2318 2392 giosam
2353 2321 2547 2383 vitam,
2569 2332 2690 2386 quae
2719 2315 2884 2369 divini
2913 2311 3060 2381 regni
3091 2308 3305 2379 propria
3341 2315 3444 2368 est,
3476 2305 3686 2356 vineam

2113 2390 2236 2466 esse
2277 2409 2624 2480 putabimus:
2675 2413 2836 2473 atque
2882 2404 2958 2454 ita
3008 2398 3218 2468 priores
3267 2394 3384 2464 ejus
3428 2390 3690 2450 cultores,-

2116 2505 2205 2574 qui
2239 2503 2561 2568 nonjustam
2584 2511 2801 2566 operam
2828 2495 2880 2547 in
2913 2507 2976 2546 ea
3010 2489 3445 2547 collocaverunt,
3475 2479 3690 2536 Judreos

2116 2571 2239 2652 esse
2284 2594 2594 2653 credemus,
2627 2586 2718 2657 qui
2764 2584 2923 2654 primi
2977 2571 3154 2636 divina
3192 2576 3382 2631 notitia
3407 2574 3692 2642 dignanter

2121 2685 2418 2743 collustrati
2479 2683 2757 2736 fuerunt:
2819 2678 2982 2743 hique
3035 2687 3191 2742 pares
3238 2677 3364 2722 sunt
3416 2665 3493 2719 illi
3535 2660 3689 2716 alteri

2123 2779 2258 2843 lilio,
2287 2791 2448 2846 quem
2493 2769 2839 2842 evangelicus
2869 2779 3050 2821 sermo
3078 2764 3322 2816 damnat.
3359 2754 3694 2811 Posteriores

2121 2881 2300 2926 autem
2335 2868 2593 2928 cultores.
2627 2863 2719 2934 qui
2750 2859 2988 2914 debitum
3031 2855 3265 2909 fructum
3311 2864 3411 2904 suo
3450 2857 3696 2912 tempore

2122 2933 2783 3020 exbibuerunt,ethnicos
2812 2943 3271 3006 existimabimus,
3299 2940 3386 3009 qui
3415 2951 3511 3006 per
3537 2933 3695 2989 Chri-

2125 3065 2267 3108 stum
2320 3052 2415 3106 Dci
2469 3047 2711 3103 notitiam
2750 3047 3096 3110 receperunt,
3125 3033 3439 3100 similesque
3473 3027 3550 3082 illi
3586 3026 3698 3079 lilio

2125 3153 2440 3208 evaserunt,
2472 3142 2562 3210 qui
2607 3135 2743 3208 patri
2775 3130 3094 3200 obsequium
3127 3138 3182 3182 et
3209 3123 3573 3179 obedientiam
3611 3134 3700 3172 re-

2131 3239 2244 3307 ipsa
2291 3241 2518 3288 testatus
2559 3237 2668 3283 est.
2707 3225 2822 3280 Jam
2864 3236 3086 3277 causam
3141 3218 3337 3272 ablatae
3374 3214 3477 3267 illis
3507 3211 3698 3271 vincte,

2127 3331 2255 3400 quia
2301 3328 2354 3380 in
2410 3324 2643 3377 ﬁliorum
2696 3316 2950 3388 parabola
3000 3312 3261 3367 Servatur
3292 3321 3395 3360 non
3435 3304 3590 3366 dixit,
3621 3302 3702 3355 id-

2127 3396 2276 3472 circo
2315 3426 2539 3467 necesse
2567 3408 2668 3461 fuit
2694 3416 2751 3459 ιιι
2787 3406 2911 3466 hac,
2944 3417 3064 3470 qua:
3093 3401 3146 3453 in
3188 3396 3440 3450 manibus
3474 3401 3579 3455 est,
3608 3405 3702 3460 pa-

2130 3506 2312 3563 rabola
2357 3501 2708 3574 patefaceret.
2754 3497 2928 3551 Causa
2969 3507 3096 3546 vero
3147 3488 3267 3549 fuit,
3316 3475 3572 3554 quianon
3603 3496 3702 3535 suo

2132 3613 2377 3670 tempore
2417 3597 2626 3650 fructus
2654 3593 2873 3646 domino
2929 3587 3139 3641 debitos
3179 3579 3534 3636 obtulerunt:
3565 3589 3703 3644 prte-

2132 3663 2387 3758 tereaque
2439 3684 2616 3738 servis
2667 3681 2734 3734 ad
2776 3676 3110 3747 colligendos
3155 3673 3364 3725 [ructus
3416 3663 3703 3722 submissis

2131 3784 2358 3838 exitium
2389 3777 2560 3832 moliti
2585 3784 2704 3829 sunt
2730 3787 2744 3825 :
2775 3769 2999 3824 necdum
3030 3767 3115 3820 bis
3139 3755 3704 3821 rnaleliciiscontenti,

2135 3877 2240 3930 lilio
2273 3873 2374 3941 ipsi
2409 3866 2603 3923 allerre
2628 3879 2821 3920 manus
2865 3876 2968 3914 non
3005 3855 3356 3912 dubitarunt:
3389 3864 3547 3919 quem
3575 3861 3706 3901 sane

2133 3938 2396 4036 agnitum,
2427 3972 2590 4029 atque
2617 3953 2818 4011 domini
2844 3953 3012 4007 ﬁlium
3037 3964 3141 4003 non
3160 3944 3470 4005 dillitentes,
3499 3938 3701 3994 nihilo-

2135 4060 2314 4114 minus
2359 4055 2524 4123 impio
2564 4049 2793 4106 consilio
2829 4046 3240 4100 interemerunt.
3294 4039 3471 4104 Atque
3510 4034 3703 4086 harum

2137 4153 2208 4206 de
2241 4150 2391 4202 vinea
2426 4143 2804 4215 parabolarum
2845 4137 3006 4194 triutn
3039 4133 3266 4202 primam
3297 4124 3576 4193 discipulis
3598 4122 3709 4177 suis

2137 4241 2392 4298 recitavit
2429 4239 2708 4298 Servator,
2731 4234 2856 4286 dum
2887 4231 2939 4284 in
2975 4225 3194 4282 Galilaaa
3249 4236 3370 4276 cum
3417 4219 3483 4272 iis
3525 4230 3711 4268 versa-

2141 4346 2311 4391 retur.
2348 4333 2532 4399 Quare
2571 4338 2625 4382 et
2651 4341 2840 4381 omnes
2869 4321 3114 4377 homines
3139 4315 3274 4370 dixit
3301 4311 3531 4366 diversis
3562 4304 3712 4362 boris

2139 4427 2204 4479 ad
2233 4438 2450 4494 operam
2479 4429 2730 4482 vocatos;
2754 4415 2844 4484 qui
2872 4410 3048 4467 cuncti
3083 4407 3480 4474 obtemperant,
3507 4412 3716 4468 parem-

457 4489 554 4586 καὶ
592 4489 778 4601 μισθὸν
797 4489 1172 4598 λαμϐάνοντας
1201 4524 1291 4576 τὸν
1324 4489 1517 4576 αὐτόν·
1548 4522 1646 4591 τὴν
1685 4489 1760 4572 δέ
1782 4517 2023 4588 δευτέρω

2147 4532 2250 4586 que
2283 4513 2585 4572 mercedem
2628 4509 2867 4576 capiunt.
2897 4501 3206 4558 Secundam
3246 4493 3555 4564 parabolam
3588 4489 3716 4542 Hie-

459 4624 517 4677 ἐν
558 4620 818 4692 Ἰεροσολύ
829 4636 948 4689 μοις
972 4617 1282 4686 γενόμενος,
1305 4615 1448 4667 ἔνδον
1473 4631 1531 4668 τε
1561 4615 1617 4665 ὲν
1643 4609 1788 4680 αὐτῷ
1802 4608 1878 4679 τῷ
1909 4607 2038 4679 ἱερῷ

459 4713 747 4774 διδάσκων,
773 4713 886 4774 τοῖς
916 4708 1262 4780 ἀρχιερεῦσιν
1301 4707 1497 4774 ἐπῆγε,
1534 4705 1626 4764 καὶ
1657 4707 1770 4766 τοῖς
1810 4702 2041 4773 πρεσϐυ-

459 4808 639 4879 τέροις
696 4803 790 4858 τοῦ
847 4801 1000 4867 λαοῦ,
1055 4799 1193 4871 μετὰ
1232 4797 1427 4851 πολλοῦ
1467 4797 1562 4849 τοῦ
1603 4794 2038 4866 παραστήματος

463 4896 792 4967 ἐλεγκτικῶς
831 4895 1009 4964 φήσας
1033 4892 1169 4961 πρὸς
1199 4891 1418 4953 αὐτοὺς,
1447 4889 1522 4951 ὡς
1558 4889 1666 4959 ἀρα
1712 4889 1761 4940 οἱ
1811 4884 2040 4938 τελῶναι

466 4993 560 5045 κοιλ⁹
584 4993 640 5044 αἱ
662 4991 858 5061 πόρναι
884 4987 1174 5057 προάγοιεν
1199 4983 1394 5044 αὐτοὺς
1411 4983 1491 5043 εἰς
1514 4981 1610 5050 τὴν
1637 4978 1908 5049 βασιλείαν
1935 4976 2044 5029 τῶν

465 5081 739 5150 οὐρανῶν·
778 5079 873 5133 καὶ
898 5078 1088 5149 τρίτην
1122 5074 1179 5127 δὲ
1204 5075 1315 5134 τοῖς
1360 5071 1541 5132 αὐτοῖς
1576 5069 1887 5136 ἀναγκαίως
1922 5081 2050 5136 προ·

540 5193 786 5248 ”Mattb.
827 5207 917 5253 xx,
961 5189 1106 5244 1—16.
1187 5189 1202 5218 ¹
1236 5184 1425 5240 Matth.
1475 5197 1587 5246 xxi,
1618 5180 1811 5234 28-50.

469 5327 626 5391 simo,
645 5325 711 5378 de
725 5325 888 5376 variis
921 5319 1494 5389 vincm‘parabolis,ea
1526 5317 1780 5391 :t_bsunt_a
1811 5313 2040 5384 Syriaca

472 5383 1094 5461 Theophania'ﬂdeoque
1117 5383 1179 5444 ex
1203 5385 1810 5461 commentariispotius
1829 5383 2046 5461 Eusebii

470 5467 524 5520 in
560 5453 849 5531 Evangelia
875 5463 978 5515 huc
1007 5453 1131 5516 esse
1171 5456 1658 5531 translataaliguis
1693 5453 2046 5531 existimabit.

473 5538 580 5590 Sed
607 5522 756 5587 Certe
791 5533 842 5584 in
882 5533 1067 5584 codice
1109 5532 1176 5589 A.
1204 5545 1258 5597 p.
1284 5528 1413 5582 262.
1441 5525 1650 5580 ὺπῖϋό.
1706 5541 1778 5597 a_.,
1815 5531 1872 5597 ut
1898 5522 2050 5597 ΔιΙὶιιί,

469 5607 587 5659 sine
603 5603 705 5657 ulla
727 5601 1121 5669 intercapedine
1158 5592 1356 5666 ja'cent,
1383 5611 1572 5650 nomen
1593 5610 1698 5662 que
1718 5592 1930 5669 Eusebii
1960 5608 2051 5659 ge-

476 5686 621 5729 runt.
658 5673 785 5726 Mihi
827 5666 1006 5724 autem
1043 5681 1222 5738 partes
1253 5669 1351 5720 bas
1391 5678 1496 5720 tam
1525 5673 1674 5719 arcte
1695 5666 2053 5738 coluerentes,

474 5756 585 5797 tum
627 5742 920 5803 sententia,
963 5735 1074 5792 tum
1125 5739 1261 5798 loco,
1295 5752 1554 5805 separare
1604 5749 1697 5792 aut
1737 5735 2049 5805 discerpere

476 5831 694 5872 Drorsus
719 5831 824 5870 non
851 5811 1062 5868 licebat.
1104 5808 1213 5863 lloc
1234 5808 1340 5874 aio,
1361 5803 1500 5876 quia
1529 5806 1754 5860 credere
1798 5803 1879 5857 vel
1918 5816 2042 5872 spe-

2145 4603 2450 4672 rosolymis,
2485 4600 2610 4653 dum
2641 4599 2779 4649 intra
2803 4593 3058 4662 templum
3089 4590 3330 4651 doceret,
3372 4595 3552 4637 coram
3587 4594 3718 4648 pon-

2147 4697 2386 4750 tilicilms
2445 4692 2731 4761 populique
2787 4685 3106 4742 senioribus
3158 4682 3342 4744 dixit;
3398 4688 3450 4731 et
3500 4674 3715 4742 quidem

2145 4783 2662 4841 conlidentissimam
2727 4778 2934 4832 addidit
2989 4773 3438 4844 increpationem,
3486 4767 3605 4820 fore
3661 4773 3720 4817 ut

2148 4878 2296 4947 ipsos
2323 4875 2597 4944 publicani
2628 4888 2690 4926 ac
2727 4869 3048 4925 meretrices
3091 4868 3144 4920 in
3194 4863 3459 4920 caelorum
3498 4871 3720 4926 regnum

2149 4966 2544 5038 praecederent.
2579 4962 2817 5017 Tertiam
2847 4960 3082 5025 denique
3108 4955 3247 5024 apud
3276 4953 3491 5008 eosdem
3531 4960 3720 5000 ncces-

2155 5061 2301 5116 sario
2355 5057 2669 5127 parabolam
2714 5055 2955 5126 protulit,
3006 5064 3198 5106 causas
3271 5046 3600 5104 edisserens,
3653 5041 3722 5092 ob

2149 5323 2272 5363 rare
2299 5307 2421 5361 licet
2440 5305 2719 5376 Syriacam
2746 5301 3136 5370 TlreOphaniam
3170 5295 3308 5365 apud
3326 5291 3728 5376 Syrum-inter-

2151 5389 2356 5450 pretem
2403 5359 2670 5450 integram
2709 5359 3024 5450 essesnon
3069 5359 3249 5450 autem
3289 5359 3578 5450 aliqttando
3613 5359 3726 5441 for-

2155 5431 2317 5502 trassei
2348 5431 2645 5500 breviavtam
2703 5431 2986 5510 (sive‘per
3035 5439 3110 5492 rei
3147 5435 3556 5510 corripendnnn,
3611 5431 3727 5484 sive

2156 5534 2250 5588 per
2278 5514 2678 5588 amissionem),
2698 5502 2839 5588 sicut
2869 5502 3016 5588 certe
3045 5507 3240 5588 accidit
3276 5502 3467 5582 [gnatii
3519 5511 3726 5588 marty-

2157 5571 2241 5642 ἷξε
2260 5587 2528 5656 epistolis,
2555 5571 2695 5652 quas
2720 5582 2890 5656 Syrus
2928 5581 3192 5656 interpres
3223 5574 3495 5652 breviores
3522 5571 3726 5625 Graecis

2159 5643 2425 5710 interdum
2464 5643 2672 5707 reci-lat.
2720 5643 2906 5704 Nonne
2957 5643 3085 5700 vero
3133 5643 3460 5708 Qumstioues
3513 5653 3726 5708 qttmlue

2160 5724 2376 5780 Eusebii
2403 5723 2746 5791 euangelicos,
2783 5722 2831 5770 in
2856 5719 3041 5791 codice
3069 5715 3182 5768 Vat.
3217 5710 3728 5791 Palatii-tonstudipse

2159 5797 2227 5858 ab
2248 5777 2746 5865 anonymovveterc
2773 5789 3067 5855 breviatas,
3097 5800 3194 5840 nos
3224 5781 3320 5852 ipsi
3348 5777 3653 5836 edidimus?
