4116 6446
428 382 525 437 6-H

1657 366 1665 375 '
1740 380 1827 433 DE
1865 378 2334 436 THEOPHANIA.

3598 381 3706 442 642

428 517 558 564 νοις·
591 511 728 553 αλια
742 516 824 560 τις
847 496 1071 566 γυμνὸς,
1094 494 1190 547 καὶ
1209 494 1429 564 εὐτελὴς
1457 496 1550 547 καὶ
1580 496 1684 548 ἀπε
1694 498 2000 567 ρριμμένοςι

2124 501 2267 554 modi
2296 499 2541 570 symbolo
2596 517 2625 554 ιι
2657 500 2876 556 Danie.e
2905 502 3263 557 demonstrati
3308 500 3563 567 luerunt;
3601 517 3704 556 uu-

424 592 507 647 διὸ
534 591 629 645 καὶ
663 590 808 652 λίθος
854 588 1302 658 προσκόμματος,
1359 588 1451 639 καὶ
1505 588 1681 659 πέτρα
1718 589 2010 644 σκανδάλου

428 683 819 756 ἀπηγόρευται.
882 681 939 734 '0
994 682 1090 751 μὲν
1141 676 1233 732 οὖν
1284 679 1368 743 τίς
1409 696 1591 750 φησιν·
1648 682 1811 734 Οὕτω
1849 683 2010 753 λέγει

430 779 640 846 Κύριος
655 791 669 805 ·
717 774 861 828 Ἰδοὺ
882 774 996 843 ἐγὼ
1014 772 1290 842 ἐμϐάλλω
1313 775 1402 839 είς
1428 772 1535 826 τὸν
1561 774 1837 842 θεμέλιον
1860 774 2014 829 Σιὼν

425 867 597 920 λίθον
610 861 938 931 πολυτελῆ,
957 859 1264 923 ἐκλεκτὸν,
1282 860 1727 929 ἀκρογωνιαῑον,
1748 862 2008 929 ἔντιμον·

427 957 521 1011 καὶ
566 959 599 1010 ό
637 955 939 1008 πιστεύων
969 954 1063 1006 ἐπ’
1092 952 1281 1006 αὑτὸν
1328 954 1401 1006 οὐ
1442 951 1529 1021 μὴ
1574 953 2006 1022 καταισχυνθῇ·

419 1048 448 1099 6
468 1046 524 1099 δὲ
555 1046 673 1117 βοᾷ·
723 1046 907 1100 Λίθον
938 1044 1009 1097 ὃν
1039 1043 1495 1112 ἀπεδοκίμασαν
1530 1047 1583 1097 ot
1633 1044 2014 1114 οἰκοδομοῦν-

420 1156 536 1205 τες·
565 1141 661 1193 καὶ
701 1141 885 1194 Λίθον
914 1138 982 1191 δέ
1008 1139 1470 1206 προσκόμματος
1498 1136 1873 1204 κεκλήκασιν
1901 1140 2010 1191 αὺ-

418 1233 548 1285 τόν.
600 1232 829 1296 Ἡσαΐας
869 1231 927 1285 δὲ
985 1230 1289 1301 ἀποτολμᾷ,
1337 1230 1428 1284 καὶ
1465 1229 1556 1283 τὸν
1607 1229 1810 1302 Κύριον
1848 1230 2011 1283 αὐτὸν

418 1320 556 1378 εἶναι
591 1326 682 1376 τὸν
711 1323 856 1377 λίθον
892 1321 1155 1385 διδάσκει,
1191 1314 1410 1391 ὧδέ-πη
1457 1321 1727 1387 θεσπίζων
1748 1340 1761 1353 ·
1787 1324 2009 1391 Κύριον

418 1416 607 1471 αὐτὸν
627 1416 916 1486 ἁγιάσατε
932 1431 946 1447 ·
973 1414 1072 1467 καὶ
1103 1413 1287 1479 αὐτὸς
1311 1412 1486 1468 ἐσται
1506 1429 1625 1468 σου
1654 1417 1861 1483 φόϐος.
1881 1414 2009 1468 Κᾶν

417 1510 509 1562 ἐπ’
544 1507 705 1572 αὺτῷ
742 1506 1040 1573 πεποιθὼς
1076 1501 1172 1577 ᾖς,
1226 1507 1398 1560 ἔσται
1443 1521 1542 1560 σοι
1580 1510 1668 1573 είς
1718 1509 2004 1577 άγίασμα,

417 1600 513 1654 καί
554 1602 666 1670 οὐχ
713 1599 794 1665 ὡς
831 1600 1004 1652 λίθου
1049 1599 1463 1667 προσκόμματι
1505 1598 2003 1666 συναντήσεσθε,

417 1693 542 1748 οὐδ’
567 1695 646 1759 ὡς
679 1690 899 1759 πέτρας
918 1689 1200 1761 πτώματι.
1258 1692 1310 1743 '0
1335 1690 1403 1743 δὲ
1441 1687 1607 1757 οἶκος
1652 1691 1889 1761 Ἰσραὴλ
1935 1693 2005 1746 ἐν

418 1786 643 1855 παγίδι,
675 1785 779 1837 καὶ
827 1785 898 1839 ἐν
931 1782 1288 1855 κοιλάσματι
1335 1786 1388 1837 οἱ
1434 1782 1758 1853 καθήμενοι
1790 1785 1862 1837 ἐν
1917 1785 2005 1839 Ἰε-

2122 596 2245 658 dus,
2276 596 2517 663 inquam,
2552 605 2702 660 erat,
2744 594 2862 649 silis
2906 605 3067 663 atque
3110 592 3389 661 abiectus;
3438 607 3613 664 quare
3647 604 3703 649 et.

2120 686 2257 755 lapis
2290 684 2609 739 oll'ensionis
2643 701 2708 739 ac
2757 697 2908 754 petra
2939 686 3183 741 scamlali
3215 687 3391 740 dictus
3425 694 3530 742 e'st.
3567 686 3672 754 Qui

2119 781 2241 834 dum
2270 796 2400 849 ergo
2422 780 2597 833 dicit”
2633 797 2646 833 :
2681 778 2771 835 Sic
2811 781 2884 833 ait
2922 782 3201 843 Dominus,
3234 779 3371 834 Ecce
3398 797 3492 851 ego
3548 782 3700 837 mitto

2116 868 2172 921 in
2197 868 2597 935 fundamentum
2629 868 2806 923 Sionis
2849 870 3080 937 lapidem
3120 871 3430 937 pretiosum,
3453 872 3698 936 electum,

2116 962 2446 1031 angularem,
2474 962 2858 1015 honorabilem.
2913 961 2978 1014 Et
3001 963 3092 1031 qui
3129 963 3411 1015 crediderit
3457 962 3515 1014 in
3548 977 3691 1027 eum,

2118 1071 2220 1107 non
2252 1055 2622 1120 confundetur.
2659 1055 2777 1125 Ipse
2822 1069 2955 1108 vero
2976 1055 3178 1108 clamat
3210 1073 3223 1108 :
3261 1053 3516 1125 Lapidem
3545 1071 3700 1124 quem

2117 1150 2521 1217 reprobaoerunt
2546 1147 2868 1217 a'dificantes
2891 1146 2934 1203 ⁸.
2967 1147 3055 1214 Ει,
3092 1146 3347 1217 Lapidem
3385 1146 3700 1215 offensionis

2113 1257 2233 1294 eum
2272 1243 2601 1311 appellarunt
2637 1241 2677 1295 ⁸.
2715 1240 2888 1295 Isaias
2918 1255 3047 1294 Vero
3067 1241 3225 1294 audet
3251 1241 3431 1295 dicere
3467 1239 3700 1308 lapidem

2118 1335 2280 1396 hunc,
2308 1335 2617 1405 ipsutnesse
2643 1333 2954 1397 Dominum,
2974 1332 3051 1387 ita
3078 1333 3344 1387 deﬁniens
3377 1350 3390 1385 :
3419 1330 3700 1384 Dominum

2115 1428 2286 1496 ipsum
2320 1428 2690 1496 sanctiﬁcale;
2721 1439 2767 1480 et
2788 1429 2899 1494 ipse
2940 1428 3037 1479 erit
3074 1442 3237 1494 pavor
3268 1436 3411 1480 tuus.
3468 1422 3537 1478 Et
3578 1422 3626 1477 si
3652 1424 3703 1476 ei

2114 1519 2346 1585 conﬁsus
2370 1519 2557 1588 fueris,
2582 1520 2684 1572 erit
2716 1530 2732 1570 t
2761 1519 2812 1572 bi
2834 1520 2889 1571 in
2922 1519 3420 1585 mortiﬁcationem,
3449 1532 3612 1583 neque
3640 1523 3701 1569 ut

2112 1612 2167 1664 in
2213 1612 2438 1677 lapidem
2481 1612 2793 1681 oﬂ‘endiculi
2836 1613 3154 1680 impinge-tis,
3198 1626 3364 1678 neque
3400 1611 3455 1661 in
3494 1623 3698 1678 petram

2113 1701 2313 1768 lapsus.
2355 1699 2553 1754 Domus
2587 1715 2764 1753 autent
2802 1699 3024 1754 lsraelis
3046 1702 3101 1753 in
3131 1699 3342 1769 laqueo,
3374 1699 3699 1752 habitatores

2119 1792 2450 1847 Hierusalem
2479 1795 2533 1847 in
2583 1793 2730 1863 forea
2749 1811 2769 1858 ;
2800 1805 3075 1862 propterea
3128 1794 3439 1861 impotentes
3465 1801 3618 1845 erant
3649 1792 3696 1849 ⁸.

411 1876 766 1948 ρουσαλήμ·
808 1877 907 1931 διὰ
960 1877 1134 1931 τοῦτο
1175 1874 1696 1941 άδυνατήσουσιν.
1754 1876 1894 1929 ’Λνθ’
1947 1872 2000 1930 οὗ

2108 1885 2217 1940 Pro
2247 1888 2447 1955 quibus
2475 1888 2644 1957 magis
2698 1887 2984 1956 perspicue
3027 1885 3392 1956 Symmachus
3422 1884 3695 1952 interpre-

416 1971 749 2042 σαφέστερος
774 1971 802 2023 6
823 1970 1120 2041 Σύμμαχος
1148 1969 1484 2039 ἡρμήνευσε·
1517 1968 1737 2035 Κύριον
1763 1965 1881 2021 τῶν
1903 1967 2007 2020 δυ-

412 2060 671 2130 νάμεων,
708 2061 900 2115 αὑτὸν
929 2059 1236 2130 ἁγιάσατε·
1269 2058 1367 2112 καί
1396 2058 1580 2123 αὐτὸς
1620 2058 1793 2111 ἔσται
1826 2060 2010 2126 φόϐος

412 2152 582 2222 ὑμῶν
644 2151 745 2206 καὶ
812 2152 1147 2220 κραταίωμα
1221 2150 1420 2220 ὑμῶν,
1499 2150 1598 2203 καὶ
1678 2150 1851 2203 ἐσται
1920 2153 2011 2216 είς

416 2245 705 2313 άγίασμα·
735 2242 819 2307 εἰς
844 2239 913 2293 δὲ
961 2242 1134 2294 λίθον
1152 2239 1613 2308 προσκόμματος
1649 2237 1747 2289 καὶ
1797 2239 1885 2302 είς
1914 2236 2012 2290 πέ-

411 2350 559 2403 τραν
604 2330 958 2385 σκανδάλου
998 2331 1122 2396 τοῖς
1159 2329 1342 2383 δυσὶν
1381 2330 1570 2393 οἴκοις
1619 2327 1877 2397 Ἰσραὴλ,
1920 2331 2009 2395 εὶς

413 2424 636 2494 παγίδα
664 2424 762 2477 καὶ
782 2425 871 2489 εὶς
903 2422 1254 2476 σκάνδαλον
1281 2420 1359 2485 τῷ
1393 2421 1659 2475 οἰκοῦντι
1687 2422 1757 2475 ἐν
1799 2420 2008 2489 Ἰερου-

412 2516 640 2586 σαλήμ.
676 2516 846 2570 Ἔνθα
873 2515 1163 2585 γενόμενος
1189 2514 1487 2585 ἐπίστησον
1518 2513 1641 2566 τίνα
1681 2513 1876 2584 τρόπον
1908 2514 2007 2566 αύ-

409 2606 503 2659 τὸν
533 2607 625 2659 τὸν
657 2605 858 2677 Κύριον
879 2604 986 2657 τῶν
1013 2604 1298 2674 δυνάμεων
1322 2607 1435 2666 τοῖς
1477 2603 1573 2674 μὲν
1603 2605 1690 2656 ἐπ’
1719 2602 1882 2657 αὐτὸν
1909 2620 2006 2655 πε-

412 2699 656 2751 ποιθόσιν
680 2695 900 2750 ἔσεσθαι
932 2698 1011 2760 εἰς
1034 2696 1287 2767 ἀγίασμά
1318 2711 1505 2765 φησιν,
1539 2695 1655 2748 ἀλλ’
1684 2696 1782 2765 οὐχ
1812 2694 1888 2757 ὡς
1926 2693 2006 2746 λί-

413 2792 506 2844 θον
546 2790 995 2863 προσκόμματος,
1018 2788 1139 2841 οὐδὲ
1167 2787 1243 2852 ὡς
1282 2787 1487 2857 πέτραν
1529 2785 1851 2857 πτώματος·
1892 2789 2005 2849 τοῖς

409 2884 465 2936 δὲ
501 2884 575 2956 μὴ
602 2883 689 2936 ἐπ’
720 2883 879 2936 αὑτὸν
925 2880 1208 2936 πεποιθόσι
1252 2879 1399 2933 λίθον
1444 2879 1871 2950 προσκόμματος
1908 2879 2003 2931 καὶ

410 2975 617 3048 πέτραν
659 2974 954 3046 πτώματος
993 2972 1320 3045 γενήσεσθαι
1353 2972 1551 3036 δοκεῖν,
1591 2972 1853 3026 διδάσκει.
1890 2972 2002 3025 Καὶ

409 3069 554 3132 τίνες
574 3062 738 3130 οὗτοι,
771 3066 1126 3139 προφητεύει,
1164 3064 1351 3136 σαφῶς
1373 3065 1619 3137 δηλώσας
1648 3067 1776 3130 τοὺς
1801 3068 1880 3129 εἰς
1907 3066 2001 3118 τὸν

410 3164 644 3237 Χριστὸν
692 3164 1091 3233 ἐπιστήσαντας
1131 3163 1238 3216 τῶν
1286 3164 1351 3216 ὲκ
1384 3163 1704 3233 περιτομῆς.
1742 3161 1904 3224 Λίθος
1943 3161 2001 3216 δὲ

408 3256 504 3309 καὶ
557 3254 731 3319 ἄλλως
780 3255 1147 3326 ἐχρημάτιζεν
1198 3256 1227 3306 6
1273 3255 1464 3327 Σωτὴρ
1513 3255 1603 3309 διὰ
1650 3256 1711 3308 τὸ
1751 3255 1998 3327 θεμέλιος

409 3348 653 3420 ἀρραγὴς
705 3347 796 3401 καὶ
831 3350 1087 3419 πετραῑος
1129 3346 1530 3419 ὑποϐεϐλῆσθαι
1565 3351 1632 3419 τῇ
1673 3348 1822 3419 πάσῃ
1856 3349 1999 3401 οἰκο-

410 3440 570 3513 δομία
604 3440 702 3511 τῆς
748 3439 889 3493 κατά
929 3439 1063 3492 Θεὸν
1107 3439 1401 3503 πολιτείας.
1453 3439 1741 3508 Θεμέλιον
1780 3439 1993 3505 ἄλλον,

410 3533 575 3605 φησὶν
614 3534 644 3586 6
679 3533 819 3597 θεῖος
862 3532 1218 3597 Ἀπόστολος,
1268 3532 1470 3599 οὐδεὶς
1516 3531 1767 3586 δύναται
1809 3532 1997 3587 θεῖναι

414 3626 567 3696 παρὰ
592 3626 699 3679 τὸν
741 3626 1040 3695 κείμενον,
1085 3626 1154 3691 ὅς
1192 3625 1372 3678 ἐστιν
1432 3623 1665 3695 Ἰησοῦς
1711 3626 1993 3694 Χριστός·

406 3720 503 3773 καὶ
527 3714 700 3783 αὖθις·
750 3720 816 3774 Ἢ
838 3718 907 3772 δὲ
937 3718 1122 3787 πέτρα
1148 3715 1229 3789 ἦν
1252 3721 1285 3772 ό
1301 3718 1575 3787 Χριστός.
1596 3715 1996 3789 Λίθοςτοιγαρ-

405 3808 501 3864 οὖν
537 3812 631 3864 καὶ
667 3812 846 3883 πέτρα
886 3812 981 3865 καὶ
1033 3811 1288 3882 θεμέλιος
1332 3810 1427 3865 τοῦ
1479 3810 1620 3865 κατὰ
1655 3810 1786 3864 Θεὸν
1843 3810 1994 3863 πολι-

405 3902 674 3973 τεύματος
714 3902 877 3966 αὐτὸς
923 3898 1024 3973 ἦν·
1064 3905 1160 3957 καὶ
1196 3904 1343 3968 λίθος
1386 3904 1797 3976 άκρογωνιαῖος,
1837 3903 1992 3956 ἐκλε-

408 3991 556 4057 κτὸς,
585 3993 821 4063 ἔντιμος,
860 3994 1067 4064 μηδένα
1096 3996 1207 4048 τῶν
1234 3998 1315 4059 είς
1347 3995 1510 4049 αὑτὸν
1546 3994 1854 4064 ὴλπικότων
1896 3996 1992 4050 καὶ

406 4084 850 4139 πεπιστευκότων
895 4086 1182 4157 αἰσχύνων·
1215 4090 1244 4141 ό
1280 4087 1324 4140 δ’
1364 4087 1525 4151 αὐτὸς
1552 4086 1697 4151 λίθος
1726 4083 1792 4158 ἦν
1822 4105 1990 4159 προσ-

407 4179 690 4249 κόμματος
731 4177 826 4232 xui.
879 4178 1056 4251 πέτρα
1102 4179 1395 4234 σκανδάλου
1446 4180 1534 4233 διὰ
1584 4179 1647 4232 τὸ
1699 4178 1891 4243 πάθος,

406 4270 772 4342 προσκόπτειν
798 4273 925 4333 τοὺς
956 4272 1320 4336 ἀπιστοῦντας
1362 4272 1670 4343 συμϐαίνει·
1717 4273 1811 4326 καὶ
1843 4272 1989 4336 λίθος

403 4361 464 4414 ὃν
511 4361 918 4433 ἀπεδοκίμασαν
962 4367 1013 4417 οἱ
1064 4364 1490 4436 οίκοδομοῦντες.
1555 4365 1773 4439 Ταύτην
1826 4366 1987 4429 c1616;

404 4454 861 4524 ἐπισφραγίζεται
905 4457 1004 4528 τὴν
1046 4459 1344 4529 ἑρμηνείαν
1388 4458 1477 4511 διὰ
1515 4460 1613 4530 τῆς
1650 4458 1983 4531 παραϐολῆς,

2110 1988 2258 2032 tatus
2286 1988 2371 2032 est
2404 1995 2418 2031 :
2446 1978 2729 2032 Dominum
2761 1980 3044 2041 virtutum,
3083 1978 3257 2046 ipsum
3297 1976 3630 2044 sancti/irate
3675 1993 3695 2030 :

2108 2083 2156 2126 et
2179 2074 2286 2141 ipse
2311 2073 2405 2124 erit
2442 2089 2609 2138 pavor
2635 2081 2800 2125 vester
2836 2080 2884 2124 et
2907 2071 3191 2141 fortitudo,
3216 2072 3421 2139 eritque
3461 2071 3514 2124 in
3562 2086 3695 2124 san-

2108 2165 2525 2232 ctificationem;
2562 2164 2696 2232 lapis
2741 2180 2858 2218 vero
2890 2163 3199 2233 o/fendiculi
3253 2173 3302 2216 et
3352 2174 3503 2231 petra
3538 2178 3697 2217 sean-

2107 2259 2217 2310 dali
2247 2257 2454 2311 duabus
2493 2257 2735 2311 domibus
2780 2257 3025 2321 Israelis,
3062 2256 3280 2326 laqueus
3309 2266 3357 2308 et
3379 2254 3694 2308 scandalum

2106 2350 2296 2405 incola:
2337 2349 2697 2405 Hierusalem.
2736 2351 2912 2415 Atque
2938 2350 3040 2403 hoc
3073 2348 3195 2403 loco
3218 2348 3531 2411 considera,
3559 2362 3696 2415 quo-

2107 2442 2268 2496 modo
2317 2442 2492 2510 ipsum
2552 2441 2840 2495 Dominum
2886 2441 3146 2494 virtutum
3201 2437 3602 2493 conlidentibus
3642 2438 3691 2492 ei

2108 2534 2343 2586 futurum
2377 2547 2498 2587 esse
2547 2533 2679 2587 dicit
2708 2534 2757 2586 in
2785 2532 3275 2587 sanctiﬁcationem
3303 2569 3319 2595 ,
3353 2545 3463 2584 non
3493 2537 3683 2583 autem

2106 2625 2159 2678 in
2186 2622 2496 2678 oll‘endiculi
2551 2624 2781 2693 lapidem
2814 2664 2830 2688 ,
2865 2632 2921 2677 et
2954 2624 3007 2676 in
3039 2632 3245 2691 petram
3278 2620 3484 2689 lapsus.
3517 2621 3695 2674 Sectis

2105 2731 2232 2770 vero
2258 2715 2478 2769 minime
2508 2716 2556 2770 ei
2598 2715 3021 2776 conlidentibus,
3057 2713 3291 2783 lapidem
3321 2713 3565 2765 futurum
3605 2710 3692 2764 ot—

2103 2806 2361 2862 l'endiculi
2386 2847 2403 2871 ,
2450 2816 2506 2861 et
2537 2818 2745 2875 petram
2786 2805 2992 2875 lapsus,
3024 2805 3192 2859 videri
3240 2804 3419 2858 docet.
3454 2800 3689 2868 Quinam

2102 2910 2284 2953 autem
2338 2898 2390 2951 bi
2421 2899 2562 2960 sint,
2592 2907 2681 2951 vat
2706 2899 2947 2960 cinatur,
2991 2894 3278 2949 inanit'este
3306 2896 3693 2950 demonstrans

2103 2989 2487 3044 circumcisum
2542 2990 2631 3058 qui
2695 2990 2958 3043 adversus
3013 2988 3290 3041 Christum
3343 2986 3694 3041 consurrexit

2100 3082 2375 3152 populum.
2431 3081 2607 3135 Aliter
2657 3095 2875 3151 quoque
2906 3080 3044 3150 lapis
3100 3089 3182 3133 est
3213 3079 3496 3143 Servatur,
3551 3079 3682 3148 quia

2103 3188 2200 3229 ceu
2239 3173 2648 3228 fundamentum
2701 3171 2977 3226 immobile
3023 3186 3086 3225 ac
3119 3171 3411 3239 lapideum,
3443 3171 3693 3238 supposi-

2113 3279 2196 3321 tus
2250 3265 2350 3320 fuit
2396 3267 2651 3319 universo
2707 3265 2939 3319 aedilicio
2990 3264 3116 3318 vita:
3165 3264 3465 3318 secundum
3521 3263 3693 3317 Deum

2104 3350 2356 3429 agendae.
2374 3355 2806 3410 Fundamentum
2842 3356 2992 3409 aliud
3018 3397 3033 3418 ,
3065 3356 3141 3409 ait
3171 3356 3328 3409 divus
3363 3354 3688 3423 Apostolus.

2106 3464 2253 3503 nemo
2299 3456 2466 3517 potest
2513 3463 2705 3511 ponere
2737 3457 2930 3513 prieter
2974 3444 3093 3514 jam
3127 3446 3353 3512 positum
3381 3484 3396 3509 ,
3429 3445 3571 3515 quod
3611 3456 3688 3498 est

2103 3540 2343 3593 Christus
2368 3519 2530 3592 ’Jesus
2557 3538 2601 3594 ⁷.
2632 3538 2696 3591 Et
2727 3552 2918 3593 rursus
2957 3554 2973 3590 :
3002 3536 3166 3590 Petro
3203 3546 3379 3589 autem
3399 3547 3513 3590 erat
3542 3535 3693 3591 Cleri-

2102 3643 2211 3686 slus
2240 3632 2281 3684 '.
2315 3631 2476 3699 Lapis
2527 3632 2708 3699 itaque
2745 3639 2798 3685 et
2846 3639 2999 3699 petra
3030 3640 3085 3684 et
3119 3628 3531 3683 funadamentum
3564 3640 3697 3681 Vitae

2100 3725 2396 3779 secundum
2434 3722 2603 3776 Deum
2630 3721 2873 3791 agendae,
2896 3723 3009 3790 ipse
3029 3730 3183 3784 erat;
3214 3720 3352 3790 lapis
3382 3720 3682 3789 angularis,

2100 3815 2325 3878 electus,
2357 3814 2711 3877 honorabilis,
2742 3813 3013 3867 neminem
3049 3814 3102 3864 in
3136 3826 3202 3866 eo
3223 3812 3559 3880 sperantiutn
3595 3818 3684 3863 ot-

2099 3920 2203 3976 que
2218 3906 2602 3961 conﬂuentium
2632 3904 2991 3959 confundens.
3013 3904 3222 3958 Rursus
3248 3903 3387 3957 idem
3411 3902 3546 3970 lapis
3567 3910 3686 3955 erat

2098 3997 2408 4053 oll‘endiculi
2428 4006 2484 4052 et
2525 4006 2675 4066 petra
2702 3996 2946 4051 scandali
2993 4005 3214 4066 prapter
3242 3996 3574 4065 passionem,
3626 3995 3681 4049 in

2097 4106 2260 4161 quam
2311 4088 2586 4145 olfendere
2632 4088 2930 4144 incredulis
2978 4088 3213 4152 accidit;
3255 4097 3309 4141 et
3359 4086 3496 4157 lapis
3520 4100 3679 4154 quem

2099 4185 2528 4249 reprobaverunt
2587 4181 2936 4238 aediﬁcantes.
3001 4181 3152 4236 lianc
3207 4182 3323 4249 ipse
3391 4180 3679 4234 confirmat

2097 4274 2599 4345 interpretationem
2622 4289 2721 4343 per
2751 4272 3060 4344 parabolam
3088 4313 3103 4338 ,
3137 4273 3348 4326 vineam
3381 4270 3679 4339 agricolas-

2095 4384 2203 4435 que
2240 4365 2524 4429 inducens.
2583 4379 2879 4434 servosque
2917 4365 3112 4419 missos
3150 4364 3355 4433 primos
3381 4373 3436 4417 et
3481 4363 3678 4418 alteros

2094 4461 2163 4512 ab
2207 4457 2463 4529 agricolis
2498 4457 2695 4525 injuria
2746 4456 3019 4512 affectos:
3063 4466 3447 4525 postremoque
3495 4454 3667 4509 (ilium

404 4547 700 4618 ἀμπελῶνα
731 4549 825 4603 καὶ⁵
848 4552 1128 4621 γεωργοὺς
1150 4552 1384 4621 εἰσάγων
1401 4551 1618 4615 δούλους
1642 4571 1700 4605 τε
1725 4553 1987 4606 ἀπεσταλ-

2108 4569 2120 4601 ι
2149 4562 2300 4613 patre
2333 4551 2578 4611 missum,
2621 4559 2674 4603 et
2703 4550 2772 4603 ab
2804 4548 2982 4617 impiis
3009 4547 3264 4619 agricolis
3301 4546 3673 4602 interfectum.

407 4640 601 4709 μένους
621 4641 867 4714 πρώτους
888 4644 979 4696 καί
1004 4642 1289 4715 δευτέρους
1310 4634 1696 4717 ὑϐριζομένους
1721 4645 1857 4717 πρὸς
1881 4643 1991 4699 τῶν

403 4732 684 4804 γεωργῶν·
703 4735 796 4787 καὶ
820 4734 970 4798 τέλος
1003 4735 1146 4788 ’Υἱὸν
1174 4737 1456 4807 ἀγαπητὸν
1486 4738 1590 4790 ὑπὸ
1621 4739 1718 4808 μὲν
1748 4737 1844 4791 τοῦ
1876 4740 1990 4792 [lat-

410 4825 531 4895 πρὸς
581 4827 1020 4898 ἐκπεμπόμενον,
1068 4828 1173 4880 ὑπὸ
1199 4829 1254 4882 δὲ
1284 4830 1497 4883 ἀσεϐῶν
1551 4831 1812 4903 γεωργῶν
1848 4831 1983 4884 ἀπο-

2097 4641 2410 4711 Postquam
2433 4640 2746 4712 parabolam
2774 4640 2957 4706 inl'erl,
2979 4640 3107 4708 quid
3134 4640 3224 4702 sit,
3247 4638 3497 4705 Lapideus
3521 4654 3674 4704 quem

2096 4738 2500 4802 reprobanerunt
2541 4736 2866 4801 redi/icontes
2894 4774 2912 4800 ,
2964 4734 3048 4788 hic
3101 4733 3277 4802 factus
3318 4734 3481 4787 estin
3514 4742 3676 4802 caput

2095 4829 2276 4887 anquli
2303 4828 2345 4879 ’.

409 4918 773 4989 κτιννύμενον.
807 4919 941 4973 Μεθ’
974 4920 1046 4989 ἣν
1065 4920 1376 4992 παραϐολὴν
1405 4922 1675 4993 ἐπιφέρει,
1710 4924 1763 4975 τί
1793 4924 1911 4976 ἐστι
1949 4922 2034 4985 τὸ,
2071 4921 2254 4974 Λίθον
2290 4918 2382 4972 οὖν
2418 4917 2874 4987 ἀπεδοκίμασαν
2900 4921 2953 4970 οί
2980 4914 3457 4986 οἰκοδομοῦντες,
3489 4911 3670 4980 οὗτος

406 5009 655 5079 ἐγενήθη
680 5013 768 5077 είς
789 5011 1066 5081 κεφαλὴν
1090 5013 1327 5082 γωνίας.

1141 5104 1216 5158 Ζ’.

471 5191 586 5265 (68)
624 5192 843 5265 Ἐπειδὴ
871 5194 1039 5249 δὲκαὶ
1064 5196 1198 5267 περὶ
1230 5195 1326 5250 τοῦ
1346 5194 1515 5250 τόπου
1550 5197 1783 5268 ἔχρησεν
1819 5197 1849 5250 ὁ
1883 5195 1979 5250 τοῦ

397 5284 537 5338 Θεοῦ
559 5284 753 5355 Λόγος,
781 5287 915 5358 φέρε
937 5287 1136 5359 ἴδωμεν
1166 5288 1267 5353 τάς
1296 5288 1461 5342 αὐτοῦ
1486 5289 1615 5360 περὶ
1647 5288 1838 5343 τούτου
1869 5307 1982 5360 φω-

397 5375 515 5438 νάς.
534 5375 612 5430 οὐ
629 5376 889 5448 φέροντες
912 5379 1081 5434 αὐτοῦ
1108 5380 1208 5452 τὴν
1231 5381 1435 5453 σεμνὴν
1464 5378 1835 5445 διδασκαλίαν,
1856 5381 1978 5435 οὔτε

2830 5097 2936 5154 Vl'l.

2160 5196 2297 5264 Quia
2319 5208 2452 5250 vero
2476 5193 2543 5247 de
2564 5191 2684 5249 loco
2706 5191 2870 5246 etiam
2901 5206 3183 5245 oracumm
3220 5189 3389 5243 edidit
3419 5186 3510 5241 Dei
3539 5187 3671 5241 Ver-

2086 5289 2256 5356 bum,
2301 5286 2479 5358 agesis
2506 5285 2675 5355 ipsius
2719 5284 2823 5339 hac
2869 5284 2937 5337 de
2985 5295 3044 5337 re
3069 5295 3228 5336 voces
3256 5278 3663 5334 animadverta-

2089 5397 2229 5436 mus.
2261 5379 2395 5436 Cum
2425 5392 2524 5432 nec
2557 5379 2674 5445 ejus
2704 5376 3065 5430 venerandam
3111 5373 3410 5427 doctrinam
3440 5411 3467 5435 ,.
3485 5384 3664 5438 neque

396 5466 501 5539 τὴν
530 5468 837 5540 πρόρρησιν
851 5468 963 5542 (69)
977 5473 1074 5525 καὶ
1084 5473 1209 5535 τοὺς
1225 5471 1506 5543 ἐλέγχους,
1523 5474 1572 5526 οἱ
1588 5472 1695 5528 τῶν
1712 5473 1979 5528 Ἰουδαίων

2105 5471 2430 5535 vaticinium,
2459 5484 2636 5539 neque
2659 5465 3109 5537 reprehensiones
3134 5477 3291 5532 aequo
3316 5463 3498 5516 animo
3545 5459 3658 5515 fer-

470 5583 494 5615 ³
521 5583 858 5671 Πεθτξλιιηιι,
882 5582 968 5637 16.
1055 5583 1080 5616 ⁸
1104 5583 1250 5640 Psal.
1279 5585 1558 5652 cumse.
1633 5587 1656 5620 '
1677 5586 1801 5647 lsai.
1826 5604 1944 5656 vni,
1971 5589 1993 5643 l

2137 5588 2307 5644 “ibid.
2341 5586 2430 5644 l5.
2507 5584 2717 5641 'lCor.
2746 5583 2932 5671 nul.
2999 5580 3022 5612 ⁸
3053 5579 3073 5635 1
3102 5578 3230 5638 Cor.
3253 5594 3309 5643 ι,
3333 5576 3385 5632 4.
3465 5573 3658 5632 ’Psal.

397 5668 570 5719 cum,
595 5653 689 5709 ΞΩ.

469 5766 582 5841 (68)
602 5767 734 5841 ςριι.
762 5770 825 5821 Α.
852 5766 888 5821 l‘.
914 5766 1039 5841 199.
1073 5767 1196 5841 Syr.
1224 5786 1298 5834 tv,
1333 5770 1421 5825 {8.

472 5836 584 5907 (69)
612 5836 831 5894 Videtur
857 5836 1133 5896 declinare
1156 5856 1184 5894 a
1235 5856 1396 5896 sensu
1427 5841 1615 5909 Syrus,
1656 5842 1743 5910 qui
1799 5840 1970 5896 divul-

2083 5775 2343 5842 gationem
2374 5811 2389 5840 ,
2447 5785 2552 5826 non
2614 5777 2792 5825 autem
2842 5768 3274 5839 pra-dictionem,
3324 5774 3629 5835 rnterpreta

2082 5856 2184 5899 ιιιΓ.
