4116 6398
452 339 558 397 645

1156 343 1424 401 E-USEBII
1462 341 1942 399 CASSABIENSIS
1981 341 2132 399 opp.
2174 341 2355 397 rans
2392 342 2480 397 Iv.
2504 329 2588 385 '_
2628 341 3049 399 DOGMATICA.

3588 342 3691 397 ςιι

452 471 574 515 rent
601 457 907 513 Juda‘orum
954 458 1224 526 principes
1256 499 1270 521 ,
1320 460 1451 512 ut-be
1481 460 1627 513 illum
1685 461 1837 515 abire
1863 477 2018 514 cura-

2121 462 2407 531 ἄρχοντες,
2451 462 2551 532 τῆς
2596 460 2803 525 πόλεως
2848 459 3225 531 ἀπαλλαγῆναι
3258 458 3499 512 ἐποίουν.
3544 459 3602 511 '0
3647 439 3691 512 δ’

450 561 598 606 runt.
654 550 944 604 Disuedens
990 561 1170 601 autem
1214 549 1602 620 llierosulymis
1627 550 1880 605 Christus
1921 553 2018 607 has

450 643 618 696 edidit
644 650 833 696 contra
867 640 1053 693 urbem
1106 655 1269 693 voces
1301 660 1314 694 :
1352 640 1711 708 Hierusalem,
1756 643 2018 697 Iliorum-

448 732 571 792 lem.
610 746 963 796 strpeimmero
1003 730 1178 796 optavi
1223 730 1367 798 ﬁlios
1405 742 1524 784 tuos
1557 744 2019 804 rougregare,.at-

450 834 623 875 tamen
649 836 736 873 ros
762 821 1031 872 remtistis.
1066 819 1149 872 En
1181 821 1497 891 relinquitur
1533 823 1678 876 vobis
1705 824 1893 876 domus
1937 840 2019 877 ne-

449 922 559 965 stra
585 912 790 965 deserta
819 912 882 966 ¹⁰.
909 909 1027 964 Jam
1054 926 1161 964 non
1194 910 1284 964 Dei
1318 912 1533 965 domum
1572 915 1826 980 templum
1865 915 2015 978 illud,

450 1003 933 1069 sanetuariumque
966 1016 1087 1055 esse
1125 1004 1524 1067 demonstrans,
1560 1006 1652 1058 sed
1683 1004 1897 1058 illurum
1930 1006 2021 1059 do-

450 1108 619 1156 mum,
650 1102 871 1161 propter
897 1092 1074 1146 scelus
1097 1091 1379 1145 infandum
1406 1093 1550 1161 quod
1578 1104 1878 1149 consecuta
1898 1112 2017 1151 umx

451 1194 690 1252 tempore
725 1184 920 1237 ibidem
952 1193 1220 1250 patratum
1255 1194 1338 1238 est
1371 1201 1385 1237 :
1420 1199 1611 1253 nempe
1659 1185 1894 1239 immane
1923 1185 2020 1240 Ju-

448 1277 686 1331 dteorum
710 1285 898 1330 contra
924 1275 1270 1330 Servatorem
1300 1275 1589 1344 piaculum.
1612 1277 1780 1330 Porro
1801 1293 2020 1333 necesse

448 1376 563 1423 erat
597 1383 702 1422 non
740 1369 889 1422 urbis
936 1367 1108 1421 solum
1145 1366 1351 1422 incolas
1374 1406 1389 1430 ,
1435 1382 1619 1421 verum
1662 1369 1826 1422 etiam
1867 1371 2017 1438 pavi-

449 1470 691 1513 mentum
726 1459 875 1523 illud,
907 1474 1016 1528 quo
1047 1467 1327 1527 tantopere
1354 1458 1769 1528 gloriabantur;
1795 1460 2016 1531 dignum

449 1549 654 1602 referre
680 1548 908 1617 pretium
938 1548 1238 1601 facinorum
1285 1550 1354 1600 ab
1413 1548 1603 1603 incolis
1653 1560 2016 1617 patratornm.

447 1638 504 1693 Id
529 1639 675 1706 quod
710 1654 815 1692 non
859 1639 1032 1692 multo
1063 1649 1184 1706 post
1213 1640 1437 1703 accidit,
1468 1654 1590 1692 cum
1641 1639 1873 1694 Romani
1928 1657 2019 1694 ur-

447 1733 567 1786 hem
592 1732 765 1786 adorti
795 1771 810 1796 ,
852 1732 998 1787 cives
1029 1731 1145 1799 eius
1188 1734 1381 1802 partim
1420 1732 1544 1787 belli
1573 1730 1695 1799 jure
1729 1733 2013 1788 intereme-

2120 553 2417 625 ἀναχωρῶν
2437 554 2546 607 τῶν
2595 554 2660 605 Ἰε
2671 552 2856 624 ροσολύ
2865 568 2979 622 μων
3002 552 3215 605 τοίασδε
3256 552 3533 623 προήκατο
3554 551 3692 605 κατά

2117 644 2220 713 τῆς
2268 646 2474 708 πόλεως
2518 644 2720 713 φωνάς’
2767 643 3199 711 Ἰερουσαλὴμ,
3252 642 3650 711 Ἰερουσαλὴμ
3676 682 3692 706 ,

2120 735 2378 802 ποσάκις
2410 736 2683 804 ἠθέλησα
2706 734 3170 804 ἐπισυναγαγεῖν
3210 732 3392 787 τέκνα
3422 750 3572 798 σου,
3597 736 3695 788 καὶ

2118 830 2231 881 οὐκ
2259 827 2616 895 ἠθελήσατε.
2673 826 2815 881 Ἰδοὺ
2847 827 3081 895 ἀφίεται
3105 825 3247 894 ὑμῖν
3271 828 3303 877 ό
3332 820 3497 890 οἶκος
3530 823 3697 893 ὑμῶν

2118 918 2362 986 ἕρημος·
2395 917 2576 971 οὐκέτι
2611 913 2756 970 οἷκον
2785 917 2920 969 Θεοῦ
2954 916 3045 969 τὸν
3077 914 3211 970 νεὼν
3246 915 3339 968 καὶ
3372 915 3435 968 τὸ
3463 914 3524 967 ἐν
3546 915 3696 985 αὐτῷ

2119 1008 2535 1081 ἀγίασμα,ἀλλά
2569 1008 2748 1061 αὐτῶν
2779 1003 2918 1061 εἶναι
2940 1003 3086 1061 οἷκον
3100 1006 3535 1077 ἀποφηνάμενοςο
3571 1007 3695 1076 μιά-

2122 1115 2325 1169 σματος
2340 1100 2448 1170 γὰρ
2469 1099 2696 1167 ἐναγοῦς
2713 1100 2771 1151 ἐν
2801 1098 2879 1168 τῷ
2901 1098 3039 1169 μετά
3055 1096 3230 1151 ταῦτα
3246 1096 3420 1167 χρόνῳ
3432 1096 3695 1167 δρασθέν-

2119 1207 2208 1254 τος
2241 1191 2331 1243 ὑπ’
2355 1189 2553 1254 αὐτῶν,
2577 1189 2733 1244 τοῦτο
2770 1188 2815 1240 δ’
2850 1185 2918 1259 ἦν
2942 1189 3003 1242 τὸ
3032 1187 3301 1258 τολμηθέν
3330 1188 3515 1252 αὐτοῖς
3562 1186 3696 1254 ἀγος

2119 1282 2260 1336 κατά
2293 1281 2387 1335 τοῦ
2420 1282 2693 1353 Σωτῆρος,
2729 1282 2895 1352 ἐχρῆν
2927 1276 3098 1351 δήπου
3143 1278 3217 1349 μὴ
3247 1278 3404 1349 μόνον
3439 1279 3567 1341 τοὺς
3592 1278 3690 1348 τῆς

2121 1374 2326 1437 πόλεως
2362 1375 2684 1445 οἰκήτορας,
2718 1371 2854 1425 ἀλλά
2891 1372 2983 1425 καὶ
3019 1371 3150 1424 αὐτὸ
3182 1369 3241 1423 τὸ
3284 1370 3497 1439 ἔδαφος,
3533 1369 3617 1438 ἐφ’
3649 1362 3694 1436 ᾧ

2122 1463 2264 1534 μέγα
2308 1464 2587 1534 ἐφρόνουν,
2637 1461 2930 1533 τάπίχειρα
2986 1453 3059 1514 ὧν
3110 1460 3340 1531 ἔδρασαν
3391 1460 3691 1530 οἰκήτορες,

2120 1556 2341 1609 παθεῖν·
2378 1553 2413 1607 ἃ
2443 1553 2506 1624 δὴ
2543 1554 2634 1606 καὶ
2667 1552 3000 1606 πεπόνθασιν
3032 1552 3130 1604 ούκ
3161 1552 3240 1614 εἰς
3286 1550 3517 1621 μακρὸν,
3558 1550 3693 1604 Ῥω-

2123 1646 2297 1717 μαίων
2334 1644 2666 1698 ἐπελθόντων
2688 1647 2751 1715 τῇ
2784 1644 2957 1707 πόλει,
2990 1644 3085 1696 καὶ
3116 1642 3225 1695 τῶν
3243 1641 3541 1710 οἰκητόρων
3569 1641 3694 1702 τοὺς

2122 1738 2219 1808 μὲν
2253 1736 2485 1807 πολέμου
2517 1735 2666 1806 νόμῳ
2685 1734 3165 1804 κατασφαξάντων,
3199 1733 3323 1795 τοὺς
3347 1732 3391 1785 δ’
3417 1730 3696 1802 αἰχμαλώ-

450 1833 597 1886 runt,
630 1824 827 1893 partim
862 1826 1108 1893 captivos
1146 1826 1522 1889 abduxerunt;
1562 1834 1617 1880 et
1648 1835 1845 1893 praeter
1877 1825 2017 1879 fame

2121 1845 2241 1892 τους
2271 1827 2684 1896 ἀπαγαγόντων,
2706 1826 2832 1889 τοὺς
2853 1824 2908 1878 δέ
2931 1824 3073 1895 λιμῷ
3103 1823 3549 1895 διαφθειράντων,
3566 1822 3692 1886 τοὺς

449 1926 694 1979 necatos,
747 1916 1009 1985 reliquam
1038 1916 1436 1971 multitudinem
1462 1919 1581 1972 loco
1606 1920 1936 1974 abstractam
1964 1921 2015 1974 in

446 2010 597 2062 orbis
632 2017 792 2062 terra!
835 2009 1147 2062 vastitatem
1202 2008 1615 2077 disperserunt:
1653 2010 1886 2080 denique
1923 2026 2018 2065 eo-

449 2116 568 2153 rum
619 2101 837 2154 domum
885 2116 980 2153 seu
1020 2100 1273 2169 templum
1312 2100 1726 2167 iutiammantes,
1757 2103 1809 2157 in
1836 2104 2018 2158 deser-

448 2191 713 2245 tissimam
746 2190 1094 2245 solitudinem
1149 2200 1555 2244 converterunt.
1604 2191 1750 2246 Sane
1783 2192 1895 2247 haec
1924 2207 2018 2262 po-

446 2292 593 2337 stero
662 2292 903 2351 tempore
966 2281 1363 2350 contigerunt;
1414 2282 1506 2335 sed
1560 2283 1704 2337 enim
1740 2282 2017 2349 Servatur,

446 2372 589 2428 Deus
610 2373 819 2428 scilicet
841 2374 1093 2437 Verbum,
1125 2372 1465 2442 przescientia
1496 2383 1673 2433 utens.
1695 2389 1814 2443 qua:
1835 2374 2014 2428 futura

445 2475 603 2518 erant
629 2465 1017 2533 snprascriptis
1046 2464 1233 2519 verbis
1267 2474 1392 2517 ante
1418 2465 1705 2521 nuntiavit.
1740 2464 1902 2520 Urbis
1922 2481 2017 2520 att-

447 2567 553 2611 tem
603 2557 745 2610 ﬁlios
776 2556 1011 2625 appellat
1044 2565 1259 2625 gentem
1296 2552 1614 2618 Judaieam,
1647 2556 1862 2611 domum
1889 2571 2020 2610 vero

443 2662 633 2701 eortim
667 2648 800 2701 dicit
851 2661 951 2717 pro
1004 2646 1225 2715 templo.
1289 2645 1493 2700 Deinde
1530 2656 1758 2699 testatur
1790 2646 1908 2700 fore
1961 2656 2019 2701 ut

447 2741 684 2805 ipsorqu
720 2737 873 2807 culpa
932 2739 1067 2792 diris
1111 2740 1326 2792 casibus
1372 2738 1723 2803 irretiautur;
1772 2738 2019 2807 quando-

445 2830 662 2897 quidem
717 2828 831 2896 ipse
864 2828 1008 2881 haud
1053 2828 1219 2882 semel
1265 2836 1494 2882 conatus
1550 2826 1728 2883 fuerat
1777 2829 2015 2883 sobolem

444 2937 632 2977 eorum
663 2922 764 2973 sub
796 2919 1013 2988 pietatis
1040 2917 1228 2989 iugum
1263 2916 1501 2980 mittere,
1541 2917 1665 2970 dum
1698 2931 1884 2971 curam
1920 2931 2016 2972 eo-

447 3016 692 3071 rnmdem
715 3020 1025 3081 perpetuam
1048 3019 1279 3079 gereret,
1312 3024 1409 3078 per
1429 3008 1673 3077 singulos
1707 3010 2006 3078 prOphetas

447 3103 798 3173 singulasque
842 3111 1029 3156 tet-ales
1079 3116 1108 3153 a
1153 3100 1424 3169 pravitate
1475 3114 1571 3153 eos
1619 3100 1907 3154 retrahens
1950 3113 2013 3154 ac

451 3205 742 3246 revocans.
779 3188 1048 3245 Ceterum
1089 3190 1142 3243 bi
1171 3189 1382 3243 vocanti
1421 3188 1641 3242 minime
1668 3188 2014 3259 obtempera-

448 3292 674 3347 verunt;
733 3280 1259 3348 quamobrem-tulit
1314 3281 1367 3334 in
1403 3294 1499 3335 eos
1552 3279 1637 3334 his
1685 3278 1866 3335 verbis
1896 3295 2021 3335 sen-

450 3373 671 3427 tentiam
698 3391 713 3426 :
740 3372 875 3426 Ecce
899 3372 1210 3442 relinquitur
1231 3372 1370 3426 vobis
1392 3372 1575 3424 domus
1592 3380 1765 3426 vestra
1790 3371 2015 3428 deserta.

447 3464 820 3519 Solertissime
854 3477 982 3519 vero
1030 3478 1138 3517 non
1186 3462 1377 3517 urbem
1425 3463 1700 3519 desertam
1748 3462 1863 3518 fore
1904 3464 2015 3528 ait,

446 3556 543 3610 sed
570 3555 787 3610 dommn
816 3568 936 3623 qua:
970 3553 1040 3608 ibi
1067 3562 1212 3618 erat,
1242 3553 1293 3607 id
1328 3563 1411 3607 est
1437 3553 1714 3623 templum,
1739 3554 1882 3624 quod
1905 3553 2016 3620 jam

448 3662 557 3701 non
584 3662 742 3702 suum
798 3659 973 3713 neque
1016 3644 1111 3699 Dei
1154 3644 1517 3700 habitaculum
1553 3644 1740 3699 haberi
1769 3644 1901 3710 vult,
1924 3645 2019 3698 sed

449 3740 662 3794 illorum
702 3753 824 3793 esse
866 3738 965 3791 ait.
1016 3736 1299 3792 Desertmn
1350 3752 1480 3792 vero
1521 3738 1662 3792 baud
1699 3737 1857 3791 aliter
1903 3736 2019 3792 fore

446 3831 917 3897 vaticinatur,uisi
946 3832 1071 3898 quia
1114 3839 1374 3883 consueta
1411 3830 1497 3884 illa
1534 3829 1629 3885 Dei
1660 3845 1790 3885 cura
1827 3845 1893 3885 ac
1931 3844 2020 3898 pa-

449 3922 683 3983 trocinio
724 3922 1061 3991 spoliandum
1105 3932 1247 3977 erat.
1298 3922 1482 3976 Mirari
1519 3933 1697 3977 autem
1729 3923 1872 3978 subit
1904 3938 2019 3978 ser-

450 4014 629 4070 monis
657 4013 931 4078 ell'eetum,
964 4014 1088 4083 quia
1123 4028 1395 4081 nunquam
1422 4012 1561 4067 alias
1598 4012 1667 4067 ad
1699 4023 1903 4067 tantam
1931 4028 2020 4068 so-

449 4107 732 4162 litudinem
780 4106 826 4160 is
858 4104 1008 4160 locus
1059 4105 1309 4159 redactus
1360 4104 1489 4169 fuit;
1539 4118 1607 4159 ne
1653 4114 1766 4157 tum
1800 4105 2017 4173 quidem

448 4213 573 4252 cum
604 4196 675 4252 ob
700 4196 1027 4266 impietatem
1054 4195 1353 4250 incolarum
1391 4203 1552 4264 atque
1584 4194 1940 4249 idololatriam
1964 4204 2021 4249 et

447 4290 836 4360 prophetarum
875 4291 1091 4355 caedes,
1140 4288 1194 4343 in
1226 4286 1646 4358 Babyloniorum
1698 4296 2017 4356 potestatem

450 4381 599 4436 venit
635 4397 653 4433 :
698 4379 792 4434 illo
839 4381 987 4434 enim
1030 4389 1273 4449 tempore
1309 4377 1721 4447 septuagenaria
1766 4375 1870 4431 fuit
1914 4378 2016 4431 loci

2076 1966 2090 1987 ,
2115 1918 2159 1971 δ’
2208 1918 2594 1971 ἀπελασάντων
2648 1917 2741 1969 καὶ
2769 1918 2847 1979 είς
2887 1917 3063 1969 πάντα
3101 1915 3263 1967 τόπον
3304 1912 3691 1967 διασκεδασάν·

2114 2026 2221 2062 των
2250 2008 2382 2080 (70),
2413 2010 2504 2062 τὸν
2531 2008 2573 2060 δ’
2598 2002 2744 2060 οἷκον
2773 2007 2951 2061 αύτῶν
2981 2007 3073 2059 καὶ
3096 2005 3185 2058 τὸν
3211 2003 3344 2059 νεὼν
3375 2005 3695 2076 ἐμπρησάν⁴

2114 2117 2243 2164 των,
2266 2100 2342 2164 είς
2380 2099 2581 2169 ἔσχατά
2603 2116 2662 2152 τε
2688 2097 2923 2169 ἐρημίας
2945 2096 3363 2168 περιϐαλόντων.
3402 2096 3565 2152 Ἀλλά
3586 2096 3693 2168 γάρ

2114 2192 2318 2246 τούτων
2338 2193 2396 2244 ἐν
2422 2195 2535 2254 τοῖς
2564 2190 2701 2261 μετά
2731 2189 2901 2243 ταῦτα
2933 2190 3145 2261 χρόνοις
3176 2189 3507 2259 γενομένων,
3556 2205 3691 2258 προ-

2115 2284 2295 2339 λαϐὼν
2327 2285 2355 2336 ὁ
2397 2284 2588 2355 Σωτὴρ
2630 2284 2689 2335 τὸ
2738 2282 2927 2352 μέλλον
2959 2284 3023 2353 τῇ
3069 2280 3396 2353 προγνώσει,
3443 2276 3530 2335 οἷα
3562 2279 3693 2345 Θεὸς

2115 2378 2309 2445 Λόγος,
2360 2376 2431 2429 τά
2474 2375 2866 2446 συμϐησόμενα
2900 2373 3261 2447 προαγορεύει
3292 2373 3384 2427 διά
3414 2373 3520 2426 τῶν
3562 2391 3694 2445 προ-

2115 2470 2403 2540 κειμένων.
2422 2467 2598 2520 Τέκνα
2616 2467 2671 2520 δὲ
2703 2467 2802 2537 τῆς
2832 2464 3038 2529 πόλεως
3061 2464 3315 2535 ὀνομάζει
3336 2465 3397 2519 τὸ
3430 2463 3693 2519 Ἰουδαίων

2120 2562 2226 2613 πᾶν
2259 2558 2411 2621 ἔθνος
2430 2575 2442 2587 ·
2478 2552 2623 2610 οἷκον
2643 2556 2698 2609 δὲ
2732 2554 2913 2608 αὐτῶν
2949 2555 3219 2608 ἀποκαλεῖ
3254 2555 3345 2609 τὸν
3374 2553 3529 2608 νεών.
3559 2550 3694 2607 Εἶτα

2120 2648 2476 2721 μαρτύρεται,
2508 2648 2587 2701 ὅτι
2607 2646 2760 2718 παρά
2773 2645 2870 2717 τὴν
2902 2646 3080 2699 αὐτῶν
3109 2646 3286 2700 αἰτίαν
3299 2644 3365 2699 τά
3393 2643 3691 2715 σκυθρωπά

2115 2742 2311 2804 αὐτοὺς
2336 2739 2749 2810 μετελεύσεται·
2786 2738 3084 2810 ἐπειδήπερ
3116 2736 3274 2801 αὐτὸς
3307 2736 3402 2807 μὲν
3432 2734 3685 2797 πολλάκις

2115 2833 2534 2900 ἐπισυναγαγεῖν
2554 2831 2733 2884 αὐτῶν
2751 2830 2997 2883 τὰτέκνα
3025 2827 3130 2882 ὑπὸ
3154 2828 3243 2881 τὸν
3268 2827 3363 2898 τῆς
3383 2825 3689 2887 θεοσεϐείας

2117 2925 2278 2993 ζυγὸν
2306 2922 2649 2993 βεϐούληται,
2681 2917 2768 2975 οἷα
2799 2924 2863 2976 ἐκ
2891 2922 2985 2975 τοῦ
3016 2921 3216 2984 παντὸς
3242 2920 3493 2991 πρόνοιαν
3516 2917 3693 2971 αὐτῶν

2117 3014 2505 3086 πεποιημένος,
2533 3014 2599 3067 δι’
2637 3014 2867 3067 ἑκάστου
2894 3030 2954 3065 τε
2982 3013 3263 3083 προφήτου
3299 3008 3549 3063 καὶοκαθ’
3576 3008 3699 3061 ἐκά-

2119 3123 2249 3177 στην
2265 3105 2454 3174 γενεάν
2479 3103 2819 3174 ἐπιστρέφων
2835 3102 3032 3164 αὐτοὺς
3054 3102 3146 3154 καὶ⁵
3162 3096 3619 3169 ἀνακαλούμενος·
3643 3098 3693 3149 οἱ

2124 3195 2181 3248 δὲ
2203 3195 2303 3248 οὐκ
2336 3196 2526 3266 ἧθελον
2553 3191 2858 3246 ὑπακοῦσαι
2888 3195 2954 3264 τῇ
2990 3192 3179 3262 κλήσει
3196 3206 3210 3220 ο
3247 3184 3307 3243 οὗ
3328 3187 3391 3260 δὴ
3415 3188 3572 3261 χάριν
3599 3187 3698 3257 τὴν

2124 3287 2245 3340 κατ’
2283 3286 2462 3340 αὐτῶν
2517 3285 2793 3354 ἀπόφασιν
2851 3282 3236 3356 προενήνεκται
3281 3279 3450 3335 εἰπών
3474 3296 3489 3311 ⁸
3545 3277 3697 3340 Ἰδοὺ

2123 3378 2359 3447 ἀφίεται
2411 3376 2559 3446 ὑμῖν
2595 3379 2628 3430 ό
2665 3372 2831 3441 οἶκος
2875 3372 3041 3443 ὑμῶν
3091 3375 3329 3443 ἓρτῃισς.
3379 3372 3595 3446 Σφόδρα
3641 3373 3699 3426 δὲ

2123 3467 2365 3539 ἀκριϐῶς
2385 3467 2444 3519 ού
2462 3466 2558 3537 τὴν
2578 3464 2730 3518 πόλιν
2754 3464 2959 3534 ἔρημον
2985 3461 3201 3515 ἔσεσθαί
3228 3477 3413 3531 φησιν,
3445 3460 3581 3515 ἀλλά
3605 3459 3698 3513 τὸν

2124 3562 2182 3612 ἐν
2221 3559 2358 3629 αὐτῇ
2393 3553 2564 3621 οἷκον,
2602 3556 2801 3628 δηλαδὴ
2834 3556 2924 3609 τὸν
2956 3553 3091 3608 νεών
3112 3570 3123 3582 '
3154 3554 3213 3607 ὃν
3244 3552 3428 3607 οὐκέτι
3469 3552 3694 3615 ἐαυτοῦ,

2123 3649 2236 3703 ἀλλ’
2262 3648 2383 3709 οὐδὲ
2402 3647 2497 3701 τοῦ
2530 3645 2666 3701 θεοῦ
2709 3642 2856 3699 οἷκον
2882 3644 3126 3716 βούλεται
3154 3642 3531 3715 χρηματίζειν,
3577 3640 3690 3694 ἀλλ’

2125 3738 2302 3793 αὐτῶν
2330 3733 2467 3792 εἷναί
2488 3753 2671 3807 φησιν.
2706 3734 2949 3805 Ἔρημον
2976 3731 3033 3786 δὲ
3066 3732 3227 3785 αὑτὸν
3260 3728 3476 3783 ἔσεσθαι
3505 3727 3694 3780 θεσπί-

2124 3830 2228 3894 ζει,
2260 3831 2361 3884 οὐκ
2392 3827 2619 3899 ἀλλωςῆ
2648 3826 2867 3896 ὑπὸτῆς
2896 3824 3161 3896 πρότερον
3184 3819 3584 3891 ἐπισκοπούσης
3602 3820 3698 3873 αύ-

2123 3925 2213 3978 τδν
2250 3922 2506 3996 προνοίας
2543 3919 3127 3991 καταλειφθησόμενον.
3174 3917 3285 3969 Καὶ
3312 3914 3377 3985 δὴ
3423 3912 3698 3984 θαυμάσαι

2124 4016 2237 4070 ἔστι
2284 4015 2378 4069 τοῦ
2430 4013 2590 4084 λόγου
2637 4013 2700 4066 τὸ
2745 4010 3115 4079 ἀποτέλεσμα,
3153 4009 3234 4061 ὅτι
3261 4007 3325 4077 δὴ
3364 4005 3484 4078 μηδ’
3513 4005 3700 4059 ἄλλοτε

2125 4107 2345 4161 πώποτε
2382 4104 2651 4177 τοσαύτην
2690 4104 2979 4174 ὑπέμεινεν
3012 4099 3248 4172 ἐρημίαν
3290 4099 3319 4150 ὁ
3360 4097 3553 4160 τόπος,
3590 4095 3698 4148 οὐδ’

2124 4200 2213 4253 ὅτε
2246 4199 2335 4253 διά
2385 4198 2484 4262 τὰς
2528 4192 2973 4268 ὑπερϐαλλούσας
3029 4190 3209 4244 αὐτῶν
3245 4187 3560 4251 δυσσεϐείας
3606 4186 3701 4239 καὶ⁵

2124 4288 2587 4360 εἰδωλολατρείας,
2630 4288 2726 4351 τάς
2758 4303 2817 4339 τε
2846 4283 2991 4339 κατά
3014 4283 3122 4336 τῶν
3155 4279 3449 4354 προφητῶν
3486 4293 3699 4351 μιαιφο-

2124 4381 2263 4445 νίας,
2298 4380 2402 4434 ὑπὸ
2421 4377 2701 4433 Βαϐυλῶνι
2727 4378 2861 4449 ἦλω’
2892 4374 3390 4448 ἐϐδομηκονταετὴς
3411 4371 3521 4443 γάρ
3540 4372 3570 4422 ὁ
3591 4372 3700 4432 πᾶς

451 4473 713 4526 solitudo.
741 4472 921 4537 Quare
953 4487 1019 4525 ue
1054 4470 1293 4524 fataliter
1318 4468 1534 4539 quidem
1569 4478 1700 4521 tunc
1723 4466 1790 4522 iis
1814 4467 2014 4522 dictum

2124 4472 2223 4542 τῆς
2251 4471 2585 4543 ἐρημώσεως
2619 4469 2711 4523 τοῦ
2740 4469 2906 4522 τόπου
2933 4468 3120 4539 χρόνος
3152 4464 3270 4519 κατ’
3308 4462 3547 4524 ἐκείνους
3581 4461 3700 4528 ἐγε-

452 4561 578 4627 fuit,
614 4560 955 4631 Relinquitur
978 4562 1121 4615 vobis
1147 4561 1331 4614 domus
1363 4570 1535 4613 vestra
1566 4558 1771 4612 deserto
1801 4573 1819 4611 :
1848 4574 2022 4628 neque

449 4655 597 4710 enim
647 4654 906 4709 derelicta
937 4691 953 4719 ,
1003 4655 1110 4709 imo
1162 4653 1528 4707 visitationem
1580 4650 1841 4721 epiferam
1873 4651 2020 4706 haud

455 4745 624 4800 multo
660 4751 782 4815 post
806 4754 1031 4812 experta
1059 4751 1162 4806 est,
1198 4757 1304 4812 quo
1332 4752 1575 4809 tempore
1597 4739 2019 4809 splendidiorem

453 4836 635 4905 priore
656 4844 797 4890 statu
832 4834 1271 4889 instaurationem
1311 4833 1641 4902 impetravit,
1691 4833 1764 4888 ita
1800 4844 1858 4888 ut
1884 4849 2021 4904 prze—

455 4925 934 4995 tlixeritpropheta
970 4926 1190 4993 quidam
1216 4966 1231 4989 ,
1284 4935 1610 4994 postremam
1638 4925 1831 4980 domus
1867 4923 2024 4991 hujus

455 5019 682 5089 gloriam
732 5016 915 5088 priore
962 5016 1309 5071 illustriorem
1357 5014 1476 5069 fore
1526 5015 1591 5069 “.
1642 5014 2021 5069 Verumtamen

456 5121 577 5179 post
611 5108 920 5165 Servatoris
953 5109 1123 5163 nostri
1156 5107 1397 5172 effatum,
1426 5116 1761 5176 quantopere
1779 5105 2023 5160 derclicti

451 5202 621 5262 Judaei
654 5204 878 5270 fuerint,
925 5213 1293 5273 quantamque
1339 5203 1390 5256 in
1439 5201 1787 5256 solitudinem
1835 5199 2027 5253 domus

454 5312 645 5357 eorum
688 5297 942 5362 venerit,
977 5297 1041 5350 iis
1078 5296 1294 5365 quidem
1331 5295 1423 5363 qui
1459 5294 1577 5347 loca
1619 5292 1710 5346 illa
1768 5293 2020 5357 lustrant,

455 5389 592 5442 visio
623 5388 734 5456 ipsa
773 5396 828 5442 et
859 5397 936 5441 tot
967 5401 1231 5441 annorum
1261 5382 1596 5438 diuturnitas
1619 5381 1824 5435 oraculi
1859 5394 2023 5434 even-

457 5489 570 5532 tum
620 5484 956 5534 demonstrat
1006 5495 1021 5532 :
1065 5477 1265 5531 etenim
1318 5485 1528 5544 tempus
1578 5492 1683 5529 non
1743 5472 1903 5542 duplo
1934 5488 2022 5525 so-

457 5569 598 5637 lum,
645 5586 809 5640 quam
852 5568 1323 5639 scptuagenarium
1369 5548 1720 5621 desolationis
1771 5566 1871 5620 sub
1920 5561 2022 5616 Ba-

529 5684 572 5716 ¹⁰
597 5683 785 5737 Matth.
810 5699 968 5744 nm,
988 5680 1177 5734 ’ὅτ-⁵58.
1222 5679 1233 5750 |
1271 5680 1312 5711 ¹¹
1337 5683 1470 5751 Agg.
1494 5695 1556 5742 tt,
1591 5679 1679 5733 l0.

2127 4562 2283 4633 νήθη.
2334 4560 2427 4617 Διὸ
2476 4561 2576 4613 οὐκ
2618 4558 2685 4613 ἂν
2736 4559 2943 4630 κυρίως
2980 4555 3174 4627 ἐλέχθη
3218 4554 3402 4616 αὐτοῖς
3440 4552 3558 4605 τότε
3617 4551 3699 4613 τὸ,

2140 4653 2398 4722 Ἀφίεται
2419 4651 2562 4721 ὑμῖν
2583 4657 2616 4706 ό
2632 4648 2792 4717 οἶκος
2812 4649 2981 4720 ὑμῶν
3000 4650 3237 4717 ἕρημος·
3265 4647 3327 4699 ού
3358 4646 3466 4716 γὰρ
3478 4643 3696 4715 ἀφείθη·

2127 4746 2284 4815 ἔτυχε
2329 4746 2385 4799 δέ
2428 4746 2738 4817 ἐπισκοπῆς
2778 4747 2893 4817 μετ’
2925 4746 2983 4797 ού
3022 4745 3190 4796 πολὺν
3230 4741 3441 4813 χρόνον,
3484 4735 3605 4791 καθ’
3639 4735 3700 4787 ὃν

2127 4835 2476 4900 ἀνανεώσεως
2524 4835 2766 4907 μείζονος
2807 4836 2840 4906 ἢ
2874 4834 3016 4889 κατὰ
3052 4833 3150 4904 τὴν
3178 4829 3449 4903 προτέραν
3472 4824 3700 4898 ἠξιώθην

2128 4928 2203 4991 ὡς
2241 4928 2498 5000 προεῖπον
2531 4943 2674 4990 τινες
2712 4926 2818 4979 τῶν
2849 4924 3163 4996 προφητῶν,
3194 4922 3275 4974 ὃτι
3324 4922 3390 4987 δὴ
3415 4922 3629 4972 Ἔσται
3663 4917 3702 4982 ὴ

2129 5018 2278 5083 δόξα
2302 5016 2408 5071 τοῦ
2439 5018 2608 5071 οἴκου
2631 5020 2845 5071 τούτου
2887 5016 2926 5082 ἡ
2972 5013 3200 5083 ἐσχάτη
3226 5011 3393 5078 μὺπὲρ
3422 5008 3538 5077 τὴν
3565 5021 3704 5074 προ·

2130 5108 2328 5177 τέραν.
2359 5109 2515 5163 Μετά
2541 5110 2599 5162 δὲ
2628 5109 2724 5181 τὴν
2740 5108 2833 5161 τοῦ
2866 5107 3115 5178 Σωτῆρος
3141 5102 3297 5175 ὑμῶν
3323 5101 3525 5172 φωνὴν,
3557 5100 3704 5160 ὅπως

2132 5202 2453 5273 ἁιρείθησαν,
2502 5204 2531 5255 ὅ
2574 5218 2634 5254 τε
2676 5198 2820 5264 οἶκος
2858 5198 3037 5252 αὐτῶν
3086 5200 3165 5261 είς
3208 5197 3435 5266 ἔσχατον
3470 5191 3705 5263 ἐρημίας

2128 5293 2317 5363 ἤλασε,
2353 5296 2463 5356 τοῖς
2514 5295 2593 5356 είς
2630 5293 2754 5355 τοὺς
2786 5291 2986 5352 τόπους
3030 5274 3536 5358 ἀφικνουμένοις⁹ὴ
3581 5282 3703 5350 bulas;

2128 5387 2263 5457 αύτὴ
2296 5385 2389 5439 τοῦ
2415 5385 2572 5452 λόγου
2607 5383 2804 5453 μᾶλλον
2843 5381 3080 5435 δείκνυσι
3107 5379 3169 5433 τὸ
3198 5376 3579 5445 ἀποτέλεσμα·
3609 5373 3704 5426 καὶ

2125 5480 2154 5531 ὁ
2202 5477 2390 5548 χρόνος
2433 5477 2487 5528 δέ
2541 5474 2803 5544 πολυετὴς
2850 5471 3089 5541 γεγονὼς
3130 5471 3226 5525 καὶ
3257 5469 3485 5541 μακρὸς,
3516 5466 3592 5527 ὡς
3628 5464 3704 5534 μὴ

2131 5568 2291 5637 μόνον
2333 5565 2651 5622 διπλασίονα
2688 5562 2827 5619 εἶναι
2870 5565 2969 5634 τῆς
3008 5555 3554 5633 ἐϐδομηκονταετοῦς⁸
3578 5557 3708 5625 ἐρη-

530 5778 638 5841 (70)
700 5778 779 5831 Ab
829 5778 925 5829 hoc
983 5790 1139 5828 srusu
1180 5774 1433 5828 recedunt
1465 5771 1646 5838 verba,
1680 5769 1784 5823 and
1810 5772 1982 5823 others

2121 5783 2139 5833 ν
2167 5763 2485 5833 ῃρνεετιιιεό.
