4116 6380
386 357 492 410 645

1725 353 1814 408 DE
1852 351 2317 409 ΤῙΙΕΟΡΙΙΑΝΙΑ.

3536 365 3640 420 646

390 471 535 542 μίας,
575 471 674 542 τῆς
711 472 802 524 ἐπὶ
841 470 1117 523 Βαϐυλῶνι
1151 471 1544 541 γεγενημένης,
1581 469 1715 523 ἀλλὰ
1757 471 1850 523 καὶ
1879 486 1938 522 τε

2069 469 2262 540 bylone
2317 473 2552 543 spatium
2589 514 2605 540 ,
2665 477 2758 528 sed
2827 475 3128 544 quadruplo
3192 475 3356 530 etiam
3421 477 3634 544 majus,

384 562 752 632 τραπλασίονα
806 561 1152 633 ὑπερϐαίνειν
1205 562 1303 632 τὴν
1353 561 1448 613 τοῦ
1505 562 1754 632 Σωτῆρος
1809 559 1964 630 ἡμῶν

387 655 661 723 ἀπόφασιν
683 653 982 706 πιστοῦται.

462 747 570 799 Καὶ
613 745 724 815 (7i)
752 746 833 798 ὄτι
867 745 964 815 μὲν
981 745 1270 810 ἀξιοθέατα
1306 740 1372 814 ῆν
1401 745 1579 798 πάντα
1606 743 1673 796 τά
1702 744 1801 812 τῆς
1820 744 1964 795 οἰκο-

388 838 576 908 δομῆς,
605 838 672 891 τά
703 853 761 888 τε
793 840 892 906 τῆς
921 837 1084 906 ἄλλης
1115 839 1456 906 κατασκευῆς
1495 835 1588 888 τοῦ
1621 833 1806 887 αὐτόθι
1835 832 1958 896 νεὼ,

387 932 632 1002 δηλοῦσιν
660 935 716 984 αἰ
744 931 993 1003 ἱστορίαι·
1019 930 1307 999 δείγματος
1338 927 1393 980 δὲ
1425 929 1582 998 χάριν
1605 927 1768 979 εἰσέτι
1803 925 1962 994 δεῦρο

387 1025 610 1092 λείψανά
634 1040 752 1076 τινα
785 1023 1147 1092 πεφύλακται,
1171 1021 1239 1073 δι’
1262 1014 1336 1071 ὧν
1361 1019 1428 1072 τὰ
1460 1021 1580 1089 ῖχνη
1605 1017 1958 1086 καταλαμϐά-

277 1167 284 1183 ,
385 1133 530 1169 νεται
559 1115 667 1168 τῶν
686 1115 850 1168 πάλαι
885 1113 1441 1184 κατασκευασμάτων.
1473 1113 1696 1167 Παντων
1727 1112 1782 1164 δὲ
1824 1111 1956 1164 Θαυ-

386 1207 699 1275 μασιωτέρα
729 1205 986 1275 τυγχάνει
1022 1207 1054 1274 ἡ
1099 1203 1253 1274 Θεῖκὴ
1287 1203 1436 1274 φωνὴ
1462 1203 1560 1272 τῆς
1589 1202 1681 1255 τοῦ
1711 1203 1958 1273 Σωτῆρος

380 1301 538 1370 ἡμῶν
575 1299 928 1369 προγνώσεως
947 1316 960 1329 °
992 1300 1111 1351 Ὅτι
1143 1298 1239 1368 μὲν
1265 1297 1406 1367 ἀμφὶ
1433 1296 1494 1348 τὸ
1525 1297 1667 1367 ἱερὸν
1690 1296 1954 1359 ἐϐάδιζεν,

379 1395 427 1443 οἰ
448 1391 492 1442 δ’
521 1391 684 1444 αὑτοῦ
712 1391 968 1462 μαθηταὶ,
993 1389 1085 1443 τοῦ
1120 1390 1406 1461 περιϐόλου
1435 1389 1535 1449 τὰς
1549 1388 1838 1458 οἰκοδομὰς
1866 1389 1956 1439 αὺ-

378 1482 471 1535 τοῦ
491 1500 548 1536 τε
576 1483 668 1536 τοῦ
696 1482 840 1553 ἱεροῦ
873 1483 932 1536 τὸ
961 1482 1187 1552 μέγεθος
1220 1483 1313 1536 καὶ
1344 1481 1406 1534 τὸ
1440 1481 1634 1545 κάλλος
1680 1480 1953 1541 ὑπερθαυ-

381 1571 660 1641 μάζοντες,
691 1573 958 1625 ἐδείκνυον
984 1573 1148 1642 αὐτῷ.
1194 1573 1252 1624 Ὀ
1270 1571 1326 1624 δέ
1356 1567 1701 1642 καταλλήλως
1717 1573 1828 1632 τοῖς
1855 1569 1954 1631 τὰς

376 1665 662 1735 οἰκοδομὰς
707 1665 1176 1735 ἐκπεπληγμένοις
1219 1665 1554 1734 ἀπεφήνατο,
1591 1665 1648 1715 ἐν
1690 1659 1769 1726 οἷς
1796 1662 1954 1715 ἐθαυ-

379 1757 629 1827 μάζοντο,
665 1755 782 1817 πῶς
802 1757 863 1808 οὐ
901 1756 975 1826 μὴ
1007 1755 1162 1828 μείνῃ
1193 1754 1340 1819 λίθος
1362 1755 1454 1807 ἐπὶ
1478 1755 1623 1807 λίθον
1656 1754 1952 1822 ἀκαθαίρε-

2067 574 2187 632 post
2205 565 2511 621 Servatoris
2535 570 2706 623 nostri
2728 569 3052 622 sententiam
3079 568 3268 634 fuisse,
3296 569 3636 640 exploratum

2065 665 2144 709 CSI
2156 700 2167 710 .

2135 745 2202 799 Et
2225 748 2366 814 quod
2406 749 2624 818 quidem
2654 751 2772 804 visu
2798 751 3074 806 mirabiles
3105 760 3288 806 essent
3320 751 3638 807 aedificatio-

2065 852 2200 903 nes,
2245 841 2533 909 omnisque
2573 843 2814 910 reliquus
2856 841 3036 910 templi
3092 843 3238 896 illius
3297 853 3632 910 apparatus,

2063 929 2302 984 historiae
2331 933 2728 988 demonstrant.
2758 933 2943 987 lndicii
2981 943 3158 987 autem
3193 935 3389 1002 gratia,
3428 934 3633 1001 aliquot

2062 1019 2240 1073 adhuc
2263 1021 2502 1090 reliquiae
2525 1033 2942 1088 conservantur,
2973 1039 3036 1077 ex
3069 1023 3263 1092 quibus
3281 1033 3518 1077 veterum
3543 1039 3633 1077 or-

2062 1121 2440 1165 namentorum
2478 1115 2699 1182 vestigia
2747 1125 3068 1169 noscuntur.
3105 1112 3210 1168 Sed
3248 1129 3358 1182 pra:
3380 1115 3633 1168 omnibus

2059 1203 2330 1256 mirabilis
2381 1214 2463 1258 est
2506 1206 2864 1259 vaticinantis
2906 1206 3078 1259 nostri
3114 1205 3419 1259 Servatoris
3449 1205 3629 1258 divina

2057 1305 2184 1344 vox.
2209 1290 2344 1345 Nam
2382 1310 2504 1347 cum
2548 1294 2660 1362 ipse
2696 1295 2841 1349 circa
2873 1295 3132 1362 templum
3161 1295 3484 1359 ambularet,
3513 1296 3631 1363 ejus

2058 1390 2237 1436 autem
2267 1384 2516 1453 discipuli
2557 1387 2695 1453 septi
2741 1386 2968 1439 aedificia
3000 1398 3055 1439 et
3093 1387 3262 1455 ipsius
3287 1387 3470 1455 templi
3499 1386 3630 1441 'ma-

2056 1473 2393 1541 gnitudinem
2421 1487 2584 1544 atque
2610 1475 2950 1545 Splendorem
2983 1492 3312 1546 magnopere
3358 1478 3630 1532 admiran-

2058 1573 2138 1618 tes
2173 1566 2657 1631 demonstrarent,
2713 1569 2948 1622 vicissim
3005 1570 3116 1636 ipse
3161 1571 3228 1624 iis
3276 1573 3367 1640 qui
3401 1571 3624 1626 mdilieia

2055 1657 2755 1726 suspiciebantafﬁrmavit,
2790 1663 2840 1715 in
2881 1663 2964 1717 his
2994 1679 3229 1732 quorum
3273 1665 3371 1734 ipsi
3405 1676 3627 1734 stupore

2057 1746 2381 1801 tenebantur
2437 1764 2542 1802 non
2591 1765 2967 1806 remansurum
3022 1753 3256 1820 lapidem
3299 1770 3460 1822 supra
3495 1755 3628 1822 lapi-

373 1805 511 1908 ἑξξί
530 1805 643 1899 δέξᾷ
673 1805 780 1916 vi;
811 1805 1486 1916 ὲὶάἓὲιῗξοιξληοήσὶμεια
1525 1805 1637 1908 τοῖς
1663 1805 1942 1916 οἰκήτορσι

2057 1835 2203 1900 dem,
2230 1839 2360 1905 quin
2387 1842 2568 1893 omnia
2605 1843 3037 1898 destruerentur.
3075 1845 3285 1898 Etenim
3317 1845 3629 1899 necessario

373 1939 611 2008 παντελῆ
653 1938 856 2012 φθορὰν
889 1940 982 1992 καὶ
1027 1940 1261 2010 ἐρημίαν
1301 1939 1393 1991 τὸν
1448 1937 1610 1991 τόπον
1637 1939 1946 2008 ὑπομεῖναι,

373 2031 467 2083 ἅτε
495 2030 560 2100 δὴ
583 2030 792 2083 ἀσεϐῶν
822 2031 1030 2102 ἀνδρῶν
1063 2033 1350 2102 γενόμενον
1381 2030 1712 2102 οἰκητήριον.
1759 2030 1946 2092 Ὅπως

370 2120 427 2172 δὲ
458 2121 526 2174 τά
556 2122 657 2190 τῆς
693 2124 1047 2194 προρρήσεως
1081 2125 1158 2186 εἰς
1185 2123 1322 2194 ἔργα
1359 2121 1945 2196 προκεχωρηκενζὸνςε

372 2216 479 2277 πᾶς
514 2213 647 2276 νεὼς
673 2215 764 2266 καὶ
801 2217 829 2267 ό
867 2215 1168 2285 περίϐολος,
1194 2216 1264 2267 τά
1291 2233 1351 2268 τε
1379 2217 1447 2268 ἐν’
1471 2215 1619 2285 αὐτῷ
1650 2216 1821 2286 σεμνά
1851 2217 1945 2268 καὶ

371 2305 674 2375 περικαλλῆ
715 2304 1000 2375 ἱδρύματα,
1036 2305 1212 2357 πάντα
1229 2305 1383 2373 λόγον
1423 2305 1800 2358 καλύπτουσαν
1830 2305 1942 2374 (72)

371 2393 604 2463 ἐρημίαν
636 2392 693 2457 ἐξ
719 2393 924 2445 ἐκείνου
949 2393 1043 2446 καί⁸
1079 2395 1158 2456 είς
1178 2393 1336 2464 δεῦρο
1369 2394 1679 2464 ὑπέμεινεν·
1711 2393 1862 2460 αὔξει
1883 2411 1943 2446 τε

372 2486 510 2537 κατά
538 2485 779 2556 χρόνους,
823 2487 916 2538 καὶ
955 2486 1268 2556 ἐπινέμεται
1304 2488 1337 2558 ἡ
1367 2487 1460 2540 τοῦ
1494 2486 1652 2556 λόγου
1693 2487 1938 2559 δύναμις,

370 2576 447 2639 ὡς
478 2577 610 2647 μηδέ
650 2576 792 2646 ἴχνος
821 2576 1083 2647 θεμελίων
1122 2577 1178 2632 έν
1215 2596 1324 2631 τισι
1356 2578 1638 2647 φαίνεσθαι
1669 2579 1876 2644 τόποις,
1911 2580 1940 2632 ὅ

370 2666 545 2733 ἔξεστι
581 2667 656 2738 τῷ
697 2668 1002 2739 βουλομένῳ
1043 2670 1489 2742 παραλαμϐάνειν
1526 2671 1840 2744 ὀφθαλμοῖς.
1876 2675 1939 2726 Εἰ

368 2759 424 2811 δὲ
459 2760 591 2829 φαίη
621 2777 705 2823 τις
735 2760 875 2832 μέρη
909 2761 1030 2813 τινα
1058 2761 1138 2814 ἐτι
1175 2764 1514 2828 συνεστάναι,
1539 2764 1674 2817 ἀλλά
1701 2767 1793 2820 καὶ
1820 2767 1941 2819 τού-

369 2869 479 2904 των
525 2851 630 2923 χρὴ
664 2854 966 2924 προσδοκᾷν
1005 2855 1093 2907 τὸν
1132 2855 1473 2926 ἀφανισμὸν,
1518 2857 1786 2928 ὁσημέραι
1841 2861 1939 2928 τῆς

369 2944 604 3013 ἐρημίας
651 2945 938 3016 αὐξούσης,
995 2947 1088 2998 καὶ
1133 2947 1234 3016 τῆς
1263 2949 1558 3018 εἰρημένης
1583 2950 1937 3019 προρρήσεως

369 3035 663 3106 ἀπορρήτῳ
687 3035 912 3106 δυνάμει
961 3039 1129 3090 εἰσαεὶ
1157 3039 1503 3110 ἐνεργούσης.
1534 3035 1666 3093 Οἶδα
1695 3039 1748 3091 δέ
1779 3057 1938 3092 τινων

2059 1926 2194 1990 fore,
2229 1939 2288 1981 ut
2327 1945 2550 1998 propter
2581 1933 2949 1987 habitatorum
3006 1935 3275 1998 facinora,
3317 1937 3628 1991 universale

2055 2020 2278 2072 exitium
2304 2037 2367 2076 ac
2411 2025 2721 2078 vastitatem
2755 2027 2801 2080 is
2839 2027 2990 2081 locus
3035 2039 3338 2096 pateretur,
3373 2033 3498 2100 quia
3526 2031 3627 2084 im-

2054 2124 2268 2176 piorum
2330 2113 2612 2167 hominum
2661 2129 2913 2173 evaserat
2966 2120 3358 2176 habitaculum.
3414 2123 3623 2176 Revera

2053 2217 2172 2255 cum
2219 2212 2424 2259 emtum
2477 2215 2632 2260 nacta
2682 2216 2765 2261 est
2814 2211 3116 2276 praedictio,
3156 2220 3327 2266 totum
3363 2215 3624 2283 templum

2051 2309 2174 2348 cum
2211 2307 2368 2364 septo
2393 2313 2511 2355 suo.
2536 2312 2590 2352 et
2616 2301 2826 2353 cunctis
2852 2301 2957 2355 illis
2997 2303 3292 2370 Splendidis
3335 2313 3498 2372 atque
3535 2320 3628 2359 or-

2053 2389 2358 2444 natissimis
2381 2390 2649 2454 a'diliciis,
2707 2392 3038 2447 inell‘abilem
3086 2394 3232 2448 dictu
3286 2397 3620 2460 vastitatem,

2049 2492 2114 2532 ex
2143 2494 2208 2533 eo
2246 2489 2488 2549 tempore
2511 2497 2573 2536 ac
2606 2482 2858 2550 deinceps
2881 2493 3160 2552 expertum
3199 2494 3282 2540 est
3310 2502 3324 2539 :
3353 2501 3472 2555 qua:
3513 2487 3627 2540 imo

2050 2585 2146 2640 per
2169 2581 2412 2638 tempora
2439 2572 2752 2639 augebitur,
2797 2573 3127 2642 deposcente
3175 2575 3353 2629 locum
3379 2577 3621 2630 vaticinii

2051 2664 2313 2730 potentia,
2358 2673 2415 2716 ut
2456 2661 2568 2732 jam
2610 2677 2675 2717 ne
2715 2665 2939 2734 vestigia
2979 2666 3197 2734 quidem
3241 2666 3622 2723 fundamento-

2048 2769 2166 2806 rum
2199 2754 2396 2808 alicubi
2426 2767 2744 2823 appareant.
2772 2757 2822 2809 id
2843 2759 2987 2824 quod
3025 2757 3224 2811 volenti
3249 2758 3469 2813 cuilibet
3495 2775 3621 2828 spe-

2047 2859 2196 2900 ctare
2232 2861 2416 2900 coram
2461 2846 2667 2902 licebit.
2692 2847 2846 2912 Quod
2886 2850 2928 2902 si
2960 2850 3081 2916 quis
3112 2851 3280 2912 dicat,
3316 2862 3499 2920 partes
3521 2851 3623 2905 ali-

2045 2947 2178 3004 quot
2218 2938 2396 2992 adbuc
2437 2937 2772 3003 subsistere,
2823 2939 2921 2994 has
2985 2955 3200 3009 quoque
3252 2942 3390 2996 idem
3441 2953 3621 2998 manet

2045 3029 2292 3094 exitium,
2323 3040 2613 3085 crescente
2647 3031 2886 3099 quotidie
2910 3031 3222 3094 solitudine.
3260 3033 3501 3102 dictique
3527 3050 3619 3089 va-

368 3124 606 3188 ἀκούσας
657 3127 1107 3198 ἐρμηνευσάντων
1168 3129 1266 3198 τὴν
1319 3131 1722 3201 προειρημένην
1754 3131 1936 3201 φωνὴν

2049 3121 2216 3174 ticinii
2239 3121 2540 3178 insensibili
2568 3122 2616 3174 vi
2643 3136 2858 3190 semper
2885 3133 3130 3191 urgente.
3159 3123 3376 3178 Memini
3405 3141 3620 3193 quoque

369 3215 594 3286 ἑτέρως’
655 3217 728 3288 μὴ
768 3218 877 3290 γὰρ
920 3219 1048 3291 περὶ
1093 3220 1307 3273 πάντων
1338 3221 1444 3274 τῶν
1490 3222 1937 3292 οἰκοδομημάτων

369 3308 635 3378 είρῆσῡαι,
669 3309 801 3362 ἀλλὰ
837 3311 964 3382 περί
1006 3328 1148 3375 τινος
1190 3313 1404 3383 μέρους,
1439 3312 1468 3365 ὃ
1517 3313 1582 3384 δὴ
1609 3315 1658 3366 οἰ
1699 3313 1938 3383 μαθηταὶ

367 3400 532 3452 αὑτοῦ
562 3401 931 3474 θαυμάζοντες
963 3403 1514 3475 ἐπεδείκνυον-αὐτῷ’
1563 3407 1701 3460 κατ’.
1732 3405 1936 3460 ἐκείνου

368 3491 476 3564 γὰρ
512 3491 880 3565 ἐξενηνοχέναι
899 3497 1062 3548 αὑτὸν
1093 3496 1188 3568 τὴν
1217 3498 1540 3569 πρόρρησιν.

1105 3653 1188 3706 Η’.

465 3722 551 3792 73)
569 3721 727 3775 Ἰδὼν
748 3720 861 3790 τὴν
883 3723 1080 3786 πόλιν,
1097 3723 1401 3776 ἔκλαυσεν
1425 3722 1516 3775 ἐπ’
1531 3720 1705 3790 αὐτῇ,
1724 3721 1933 3791 λέγων,

365 3813 476 3876 ὅτι,
511 3815 578 3866 Εἰ
604 3811 792 3880 ἔγνως
830 3812 928 3866 καὶ
957 3813 1062 3876 σὺ,
1095 3814 1197 3867 καί
1225 3829 1290 3882 γε
1321 3813 1391 3865 ἐν
1423 3811 1494 3880 τῇ
1527 3812 1717 3882 ἡμέρᾳ
1751 3814 1936 3881 ταύτῃ

366 3903 439 3956 τὰ
463 3901 610 3970 πρὸς
635 3899 883 3969 εἰρήνην
905 3915 1035 3955 σοι·
1067 3902 1181 3955 νῦν
1212 3901 1280 3954 δὲ
1317 3902 1532 3969 ἐκρύϐη
1563 3901 1680 3956 ἀπὸ
1716 3903 1936 3970 ὀφθαλ-

365 3991 494 4061 μῶν
520 4007 654 4045 σου.
687 3993 813 4045 Ὅτι
845 3991 1105 4057 ἥξουσιν
1136 3991 1344 4060 ἡμέραι
1376 3992 1474 4044 ἐπὶ
1508 3990 1604 4053 σὲ,
1640 3991 1734 4043 καὶ
1774 4005 1935 4059 περι-

362 4081 758 4136 κυκλώσουσί
785 4096 858 4135 σε
880 4084 932 4134 οὶ
960 4080 1159 4148 ἐχθροί
1191 4097 1311 4144 σοι,
1355 4082 1451 4134 καὶ
1501 4082 1836 4146 συνέξουσι
1863 4098 1936 4134 σε

365 4172 682 4236 πάντοθεν,
712 4171 811 4224 καὶ
839 4169 1156 4238 ἐδαφιοῦσί
1186 4184 1260 4222 σε
1289 4169 1385 4222 καὶ
1419 4169 1489 4222 τὰ
1517 4169 1696 4222 τέκνα
1721 4185 1838 4222 σου
1867 4169 1937 4222 ἐν

365 4267 484 4318 σοι.
529 4264 632 4337 [Τὰ
669 4263 768 4334 μὲν
804 4262 1175 4334 προλεγόμενα
1214 4261 1342 4332 περὶ
1371 4259 1464 4313 τοῦ
1491 4260 1620 4314 ναοῦ
1644 4256 1711 4332 ἦν
1802 4260 1934 4314 ταῦ-

363 4375 432 4410 τα
464 4357 521 4410 δὲ
554 4357 682 4426 περὶ
718 4357 816 4426 τῆς
855 4356 1064 4416 πόλεως
1107 4352 1274 4423 αὐτῆς
1311 4353 1645 4417 ἐθεσπίξετο,
1690 4355 1756 4424 ἣν
1801 4352 1934 4406 Θεοῦ

2043 3228 2128 3266 me
2147 3215 2337 3267 audire
2368 3215 2634 3281 quosdam
2680 3213 2996 3281 praedictum
3027 3216 3308 3269 oraculum
3341 3216 3503 3272 aliter
3532 3218 3612 3272 in-

2042 3311 2438 3372 terpretantes;
2469 3305 2678 3360 scilicet
2716 3321 2820 3359 non
2854 3306 2920 3358 de
2961 3313 3074 3358 toto
3105 3305 3336 3359 aedilicio
3360 3307 3617 3360 Servato-

2041 3411 2155 3450 rem
2179 3411 2301 3450 esse
2327 3395 2589 3460 locutum,
2622 3396 2716 3451 sed
2741 3397 2808 3451 de
2840 3396 2926 3450 illa
2953 3405 3129 3464 parte,
3165 3411 3326 3464 quam
3358 3398 3407 3451 ei
3450 3399 3616 3453 disci-

2039 3487 2149 3554 puli
2179 3487 2486 3540 mirabundi
2523 3489 2922 3552 ostendebant;
2953 3488 3018 3540 de
3054 3487 3154 3540 hac
3180 3487 3436 3541 nimirum
3465 3499 3618 3557 parte

2039 3578 2318 3633 Christum
2344 3578 2680 3647 praedixisse.
2761 3645 2868 3700 vm

2116 3715 2311 3770 Videris
2347 3716 2625 3781 civitatem,
2643 3717 2780 3783 ﬂevit
2803 3733 2956 3783 super
2983 3716 3127 3770 illam
3153 3715 3331 3771 dicens
3349 3733 3369 3771 :
3401 3718 3539 3783 Quia
3569 3720 3616 3772 si

2040 3809 2367 3877 cognovisses
2399 3819 2445 3861 et
2478 3819 2558 3872 tu,
2594 3817 2643 3860 et
2672 3810 2880 3877 quidem
2907 3809 3004 3860 hac
3041 3809 3146 3870 die,
3179 3825 3296 3874 qua:
3328 3809 3396 3861 ad
3434 3826 3614 3877 pacem

2040 3901 2170 3966 tibi;
2195 3917 2332 3952 nunc
2357 3910 2530 3952 autem
2557 3900 2861 3952 abscondita
2892 3909 3012 3952 sunt
3041 3900 3104 3951 ab
3131 3900 3293 3953 oculis
3320 3901 3446 3953 luis.
3476 3899 3613 3964 Quia

2040 3995 2148 4048 dies
2171 3994 2264 4047 tibi
2283 3993 2866 4063 supervenienl,quibus
2889 3993 3088 4045 inimici
3118 3993 3194 4044 tui
3217 3993 3615 4046 circumdabant

2042 4095 2109 4149 te,
2142 4097 2189 4140 et
2215 4086 2628 4155 coangustabunt
2670 4095 2720 4138 te
2763 4087 2994 4154 undique
3019 4126 3032 4148 ,
3071 4095 3118 4138 et
3150 4087 3218 4137 ad
3263 4095 3455 4153 terram
3493 4103 3614 4153 pro-

2041 4187 2271 4229 sternant
2319 4186 2388 4239 te,
2419 4184 2466 4227 et
2505 4174 2642 4242 filios
2676 4177 2765 4240 qui
2801 4177 2854 4228 in
2903 4186 2950 4229 Ie
3005 4186 3124 4227 sunt
3183 4175 3246 4228 “.
3296 4173 3612 4246 [Superiora

2040 4269 2256 4337 quidem
2286 4268 2353 4322 de
2395 4267 2593 4336 templo
2625 4267 2881 4335 praedicta
2927 4264 3219 4337 fuerunt;]
3272 4266 3387 4320 haec
3433 4274 3609 4320 autem

2043 4359 2292 4414 Christus
2346 4360 2414 4414 de
2482 4361 2594 4429 ipsa
2649 4358 2778 4412 urbe
2822 4358 3240 4424 vaticinabatur,
3295 4372 3456 4426 quam
3514 4357 3610 4412 Dei

365 4450 519 4503 πόλιν
543 4449 822 4520 ὠνόμαζον
845 4449 893 4500 οἰ
930 4447 1169 4500 Ἰουδαῖοι
1201 4445 1288 4498 διὰ
1317 4444 1405 4498 τὸν
1429 4448 1485 4498 ἐν
1518 4446 1652 4516 αὺτῇ
1679 4445 1772 4498 τοῦ
1800 4445 1934 4498 Θεοῦ

2049 4455 2232 4504 urbem
2265 4450 2610 4519 appellabant
2637 4448 2827 4513 Judaei,
2848 4457 3070 4519 propter
3095 4448 3370 4502 conditum
3411 4447 3484 4502 ibi
3514 4448 3609 4503 Dei

366 4541 647 4613 ἱδρυμένον
689 4538 843 4594 νεών.
898 4537 1274 4592 Ἀποκλαίεται
1325 4537 1460 4606 δῆτα
1507 4536 1604 4608 τὴν
1648 4535 1936 4606 σύμπασαν

363 4634 518 4687 πόλιν
544 4635 572 4686 ὁ
595 4630 993 4701 φιλάνθρωπος,
1026 4629 1121 4698 οὺχ
1138 4626 1280 4680 οὓτω
1300 4626 1367 4679 τὰ
1383 4626 1788 4696 οἰκοδομήματα
1817 4626 1936 4677 οὐδὲ

361 4725 623 4794 τοῦδαφος
651 4724 802 4787 αὐτὸ,
833 4719 907 4784 ὡς
940 4721 1038 4784 τὰς
1071 4719 1247 4790 ψυχὰς
1276 4719 1384 4773 τῶν
1423 4718 1588 4771 πάλαι
1638 4718 1935 4788 οἰκητόρων

363 4818 457 4870 καὶ
500 4817 599 4888 τὴν
646 4814 919 4869 ἀπώλειαν
957 4811 1134 4865 αὐτῶν
1190 4811 1386 4863 ἐλεῶνο
1423 4809 1558 4862 ἀλλὰ
1603 4810 1696 4863 καὶ
1735 4811 1801 4862 τὰ
1838 4811 1936 4880 τῆς

363 4909 598 4979 ἐρημίας
619 4907 795 4961 αὐτῶν
829 4904 1124 4976 παρίστησι
1156 4902 1328 4970 λέγων
1353 4919 1366 4931 °
1414 4905 1482 4955 Εἰ
1520 4901 1707 4971 ἔγνως
1739 4903 1840 4957 καί
1872 4917 1936 4971 γε

367 5004 444 5056 σὺ
482 5003 552 5056 ἐν
593 5000 667 5070 τῇ
699 4998 886 5070 ἡμέρᾳ
913 4998 1096 5064 ταύτῃ
1134 4995 1206 5047 τὰ
1226 4993 1375 5062 πρῦς
1403 4991 1648 5062 είρήνην
1681 5007 1798 5045 σοι.
1842 4994 1937 5061 Ση-

391 5094 546 5146 ιαίνει
581 5093 638 5146 δέ
669 5093 766 5163 τὴν
799 5089 962 5144 αὐτοῦ
1008 5085 1308 5157 παρουσίαν
1341 5085 1424 5136 ἐπ’
1454 5085 1642 5154 εἰρήνῃ
1671 5083 1761 5135 τοῦ
1795 5082 1856 5134 σύ
1867 5101 1928 5153 μ-

393 5203 565 5248 ταντος
613 5185 817 5254 κόσμου
845 5180 1233 5252 γεγενημένην.
1266 5176 1436 5238 Αὐτὸς
1465 5175 1571 5245 γὰρ
1603 5170 1669 5245 ἦν
1717 5176 1843 5246 περὶ
1875 5166 1935 5227 οὗ

410 5279 604 5347 ’ρηται⁸
649 5273 955 5330 Ἀνατελεῖ
980 5273 1050 5327 ἐν
1070 5271 1199 5336 ταῖς
1226 5266 1474 5338 ἡμέραις
1501 5267 1684 5323 αὑτοῦ
1715 5266 1935 5322 δικαιο-

440 5372 481 5401 ¹²
513 5369 638 5420 an.
673 5382 785 5430 mi,
817 5364 1004 5418 H-M.
1083 5363 1126 5394 ¹³
1166 5362 1285 5416 lsai.
1317 5375 1437 5424 λιν,
1477 5357 1531 5412 8.

438 5462 548 5531 (Ἠ)
585 5460 649 5514 Α.
699 5458 735 5512 ί.
766 5457 1065 5531 ἳὸἵηξγν.
1114 5472 1186 5531 ιν,
1229 5456 1311 5509 18.
1343 5454 1508 5531 Tutus
1544 5452 1632 5531 qui
1692 5454 1935 5531 sequitur

388 5522 730 5596 m‘us'usque
790 5531 855 5580 ad
911 5522 1277 5597 ἐξενηνοχέναι
1325 5523 1503 5597 αὑτὸνΔ
1537 5522 1936 5597 τὴνῂπρόρρη-

375 5620 470 5658 ιν.
525 5593 726 5652 tiisei'le
767 5598 820 5651 in
869 5593 1064 5648 codice
1115 5593 1431 5648 inscribitur
1462 5593 1538 5645 sic
1586 5611 1598 5644 :
1637 5593 1932 5647 Εὑσεϐἶοὺ

367 5667 774 5739 Εὑαγγελικῆς
792 5667 1151 5739 Θεοφανείας
1177 5668 1248 5716 A'.
1282 5663 1491 5739 Eusebii
1522 5679 1585 5716 ra:
1604 5662 1932 5739 Evangelica:

369 5734 732 5808 Tneu'p'liauim
762 5738 892 5808 libro
923 5745 1129 5808 quarto.
1164 5735 1322 5804 Atqui
1354 5734 1516 5808 etiam
1539 5735 1930 5808 praecedentem

365 5802 565 5867 locum.
595 5810 696 5862 etsi
737 5810 779 5861 is
821 5807 872 5860 in
903 5806 1087 5860 codice
1119 5802 1327 5859 nonnisi
1352 5803 1548 5857 nmium
1587 5802 1802 5855 Eusebii
1833 5817 1928 5854 no-

2047 4543 2323 4612 templum.
2371 4542 2515 4596 Sane
2551 4541 2790 4595 clemens
2841 4540 3099 4593 Servator
3131 4537 3276 4606 luget
3302 4539 3609 4593 universam

2045 4635 2350 4701 civitatem;
2389 4647 2561 4701 neque
2589 4640 2695 4684 tam
2723 4629 2945 4685 aedilicia
2976 4645 3037 4684 ac
3066 4628 3239 4683 solum
3276 4627 3411 4696 ejus,
3451 4644 3611 4697 quam

2043 4726 2253 4778 animas
2296 4723 2618 4788 incolarum,
2680 4720 2982 4789 horumque
3031 4719 3252 4774 exitium
3303 4719 3610 4772 miseratur.

2043 4818 2179 4872 Tum
2207 4817 2440 4869 futuram
2467 4811 2580 4880 ejus
2613 4811 2954 4866 solitudinem
2995 4817 3344 4879 repraesentat
3383 4809 3566 4864 dicens
3595 4828 3609 4862 :

2045 4908 2110 4963 Si
2146 4905 2468 4976 cognorisses
2519 4915 2566 4957 et
2607 4915 2661 4955 tu
2701 4905 2785 4955 die
2820 4903 2952 4968 hac,
2993 4916 3108 4970 qua:
3138 4901 3208 4954 ad
3265 4915 3442 4968 pacem
3495 4901 3610 4954 tibi.

2044 4999 2367 5065 Signiﬁcans
2397 4995 2647 5048 videlicet
2676 4995 2962 5047 adventum
3006 5007 3160 5046 suum
3199 4993 3452 5045 universo
3493 4991 3612 5045 orbi

2043 5107 2138 5161 per
2169 5105 2228 5144 se
2251 5103 2369 5142 esse
2401 5087 2720 5155 pacilertnn.
2771 5084 2886 5154 Ipse
2925 5083 3066 5135 enim
3097 5089 3180 5136 est
3203 5083 3269 5134 de
3298 5097 3405 5148 quo
3433 5090 3613 5134 exsta-

2041 5183 2133 5235 bat
2172 5177 2472 5240 oraculum,
2502 5177 2616 5243 fore
2652 5187 2704 5227 ut
2729 5176 2782 5226 in
2804 5173 2986 5224 diebus
3013 5170 3126 5240 ejus
3150 5170 3381 5222 miretur
3408 5167 3610 5230 iustitia

2042 5288 2088 5328 et
2113 5273 2256 5343 pacis
2279 5271 2431 5339 copia
2455 5267 2518 5320 “.
2550 5267 2761 5336 Reapse
2793 5265 2838 5319 is
2879 5271 3099 5317 venerat
3140 5275 3325 5329 pacem
3349 5257 3612 5328 proximis

2043 5469 2165 5510 men
2207 5451 2380 5522 gerit,
2420 5448 2589 5503 nihilo
2634 5457 2811 5522 tamen
2849 5444 3026 5498 minus
3060 5458 3125 5498 ex
3160 5439 3496 5509 Theophania
3543 5437 3610 5492 ad

2042 5518 2275 5578 littera'm
2317 5529 2589 5587 sumptum
2624 5518 2879 5587 vidimus.

2111 5593 2224 5659 (72)
2259 5581 2579 5662 Syrus'lcgit
2611 5585 2999 5650 καλύπτοντα,,
3028 5581 3315 5652 retulitque
3342 5581 3458 5653 ejus
3488 5594 3600 5633 scn-

2043 5681 2158 5720 sttut
2202 5662 2265 5714 ad
2299 5661 2447 5728 prius
2476 5675 2708 5728 comma.

2116 5733 2227 5804 (73)
2260 5721 2392 5785 (loti.
2426 5730 2485 5781 Α.
2529 5728 2569 5781 Γ.
2604 5726 2730 5779 “260.
2759 5724 2807 5777 lt.
2843 5724 2966 5793 Syr.
2998 5737 3072 5786 Iv,
3112 5721 3192 5774 i9.
