4116 6390
420 326 526 377 649

1760 337 1848 391 DE
1886 335 2352 393 THEOPHANIA.

3565 340 3670 395 650

420 440 714 509 κήσοντος·
755 441 997 512 ἐπιλέγει
1042 444 1085 498 δ’
1120 440 1211 501 οὖν
1242 448 1391 518 ἑξῆς,
1422 450 1505 503 ὅτι
1542 454 1973 525 κατοικηθήσετα

2101 455 2353 524 intelligit
2378 452 2784 509 derelictionem
2814 468 2844 508 a
2872 453 3009 519 suis,
3062 466 3127 508 ac
3178 468 3455 508 sacrarum
3488 468 3670 507 rerum

420 532 453 602 ή
485 530 659 595 πόλις,
692 534 753 586 οὐ
778 536 875 603 μὲν
900 537 1005 589 ὑπὸ
1037 539 1324 605 Ἰουδαίων,
1353 542 1465 595 ἀλλ’
1496 544 1800 601 ὑπὸὲθνῶν.
1843 547 1993 617 Ἐρή-

422 639 597 691 μωσιν
618 622 675 674 δὲ
708 624 875 694 αὐτῆς
904 628 1169 681 ἀποκαλεῖ
1193 631 1253 683 τὸ
1275 633 1471 701 μηκέτι
1500 633 1605 687 ὑτώ
1622 634 1731 688 τῶν
1754 635 1988 699 οἰκείων,

422 712 557 782 μηδὲ
579 713 718 767 κατά
742 716 837 786 τὴν
868 718 1098 788 νόμιμον
1119 720 1372 790 λατρείαν
1402 725 1770 794 συστήσασθαι
1800 728 1988 799 αὐτήν.

423 803 604 867 Ὅπως
627 805 683 858 δὲ
718 807 810 859 καὶ
834 808 1007 862 ταῦτα
1041 811 1362 882 ἐπληροῦτο,
1398 816 1547 868 οὐδὲν
1569 816 1649 869 δεῖ
1674 819 1882 871 πόλλων
1908 820 1992 872 λό-

418 911 555 961 γων·
583 896 813 967 πάρεστι
842 900 950 972 γάρ
981 901 1071 954 ὑπ’
1097 902 1283 972 ὄψεσιν
1312 907 1444 977 ὁρᾷν
1476 906 1759 973 Ἰουδαίους
1789 911 1886 980 μὲν
1912 912 1991 974 εἰς

418 985 593 1038 πάντα
626 986 695 1039 τὰ
727 987 854 1058 ἔθνη
898 990 1403 1063 διεσκεδασμένους,
1457 997 1782 1067 ἀλλοφύλους
1807 1000 1863 1054 δὲ
1895 1002 1990 1054 καὶ⁹

414 1076 719 1144 ἅλλογενεῖς
777 1081 1064 1152 οἰκήτορας
1110 1085 1208 1154 τῆς
1257 1087 1423 1141 πάλαι
1473 1090 1570 1159 μὲν
1615 1092 1987 1163 Ἰερουσαλὴμ,

413 1167 508 1221 νῦν
529 1168 576 1220 δ’
599 1170 706 1222 ἀπὸ
726 1171 817 1224 τοῦ
842 1173 1199 1246 πολιορκητοῦ
1218 1178 1399 1232 Αἰλίου
1438 1180 1712 1250 Ἀδριανοῦ
1733 1182 1866 1253 (74")
1896 1186 1991 1237 Ai-

411 1260 528 1325 λίας
561 1267 1075 1338 μετωνομασμένης.
1110 1270 1182 1322 Τὸ
1204 1271 1333 1338 γοῦν
1361 1273 1660 1345 παράδοξον
1684 1275 1780 1328 τοῦ
1812 1276 1990 1329 θεσπί-

414 1368 617 1422 σματος
646 1356 791 1408 τοῦτ’
825 1358 891 1411 ἂν
924 1358 1031 1429 εἰή,
1075 1361 1156 1413 ὅτι
1190 1379 1294 1433 περ
1342 1364 1580 1418 Ἰουδαῖοι
1637 1367 1755 1437 μὲν,
1802 1370 1986 1438 φησὶν,

411 1445 1008 1519 αἰχμαλωτισθήσονται
1039 1453 1119 1515 είς
1148 1453 1324 1508 πάντα
1352 1456 1418 1507 τὰ
1447 1456 1573 1527 ἔθνη
1594 1474 1607 1488 '
1637 1458 1762 1529 περί
1791 1458 1848 1512 δὲ
1880 1459 1988 1513 τῶν

410 1535 599 1601 ἐθνῶν,
630 1539 723 1591 καὶ
765 1542 1117 1615 Ἰερουσαλὴμ
1142 1545 1292 1600 ἔσται
1320 1550 1628 1621 πατουμένη
1658 1552 1748 1603 ὑπ’
1793 1550 1984 1606 ὲθνῶν.

421 1622 811 1700 Ἐκπληκτικὸν
846 1634 901 1686 δὲ
927 1635 988 1687 τὸ
1016 1637 1380 1707 ἀποτέλεσμα,
1405 1638 1459 1692 εἴ
1475 1657 1540 1708 γε
1584 1642 1821 1694 Ἰουδαῖοι
1851 1643 1987 1713 πλη-

408 1720 626 1790 ροῦντες
666 1723 764 1794 τὴν
802 1726 1097 1795 σύμπασαν
1125 1729 1429 1801 ἀνθρώπων
1463 1734 1808 1805 οἰκουμένην,
1842 1734 1984 1787 ὥστε

2098 546 2340 615 legitimo
2374 544 2480 600 ritu
2513 547 2908 613 operandarum
2940 546 3122 599 linem.
3149 544 3304 610 Quod
3335 547 3452 598 haec
3488 555 3667 598 autem

2097 639 2168 692 ita
2187 653 2245 692 se
2264 638 2573 701 habuerint,
2600 638 2783 691 multis
2802 637 2983 692 verbis
3009 637 3268 691 conﬁrma
3280 653 3338 691 re
3364 653 3470 691 non
3502 638 3671 690 inter-

2096 736 2199 783 est.
2242 726 2425 780 Palam
2493 726 2694 795 quippe
2736 726 2924 780 videre
2968 735 3052 781 est
3101 725 3311 780 .ludaeos
3359 728 3559 795 passim
3616 728 3669 780 in

2096 820 2240 875 omni
2266 828 2426 890 gente
2454 819 2762 889 dispersos,
2789 829 3079 874 extraneos
3118 835 3247 875 vero
3294 827 3458 895 atque
3491 819 3672 873 alieni-

2096 925 2260 981 genas
2288 910 2493 965 versari
2524 911 2577 964 in
2611 909 2764 974 urbe,
2799 925 2919 979 quae
2949 910 3079 964 olim
3110 910 3507 979 Hierosolyma,
3527 926 3671 963 nunc

2096 1002 2164 1056 ab
2198 1010 2569 1071 expugnatore
2613 1000 2757 1056 ZEIio
2816 995 3243 1056 AdrianOJEIia
3282 999 3671 1056 transformata

2095 1092 2311 1149 nomine
2340 1093 2482 1148 dicta
2506 1102 2609 1148 est.
2663 1094 2804 1163 Ergo
2844 1094 3122 1148 oraculum
3165 1093 3369 1148 idcirco
3406 1093 3466 1147 iit
3503 1094 3672 1146 mira-

2094 1186 2219 1252 bile,
2246 1185 2370 1256 quia
2398 1185 2588 1249 Judaei,
2620 1186 2820 1257 inquit,
2841 1187 2984 1240 iuter
3004 1199 3193 1240 omnes
3214 1185 3442 1254 populos
3471 1185 3667 1254 captivi

2094 1277 2524 1347 disliergentur:
2566 1277 2633 1331 ad
2695 1287 2884 1347 gentes
2918 1288 3101 1331 autem
3158 1292 3303 1346 quoa
3349 1277 3575 1343 attinet,
3615 1285 3672 1329 et

2093 1368 2494 1440 Hierosolyma,
2562 1368 2759 1437 inquit,
2820 1368 3164 1423 ethnicorum
3222 1368 3357 1436 pede
3404 1375 3668 1422 terentur.

2091 1462 2372 1516 Terribilis
2400 1476 2532 1516 sane
2557 1463 2817 1516 eventus!
2855 1460 3293 1531 quandoquidem
3324 1454 3528 1527 Judaei,
3576 1461 3670 1530 qui

2090 1554 2403 1609 universum
2443 1562 2710 1609 terrarum
2748 1554 2937 1609 orbem
2984 1561 3275 1623 occupant,
3324 1541 3487 1621 atqu'e
3527 1552 3673 1605 inter

2086 1643 2374 1714 Ethiopes
2436 1652 2492 1700 et
2546 1644 2782 1716 Scythas
2826 1661 2997 1715 usque
3053 1645 3118 1698 ad
3187 1644 3375 1698 mundi
3433 1642 3670 1697 conﬁnia

2088 1737 2311 1807 degunt,
2358 1737 2423 1791 ad
2460 1735 2648 1792 urbem
2697 1745 2901 1791 tantum
2952 1750 3105 1790 suam
3151 1735 3489 1805 prepriazque
3538 1733 3668 1786 olim

407 1811 500 1865 καὶ
540 1813 731 1885 μέχρις
769 1817 1043 1872 Αἰθιόπων
1073 1822 1317 1892 χωρῆσαι
1350 1824 1443 1875 καὶ
1486 1825 1729 1890 Σκυθῶν,
1772 1827 1865 1880 καὶ
1898 1827 1974 1880 αύ-

2088 1829 2368 1899 religionis
2400 1831 2586 1886 sedem
2632 1829 2891 1885 accedere
2921 1836 3212 1896 nequeunt.
3271 1824 3390 1880 Jam
3438 1826 3483 1878 si
3539 1825 3669 1877 urbs

402 1901 511 1955 τῶν
529 1904 637 1956 τῶν
670 1905 920 1977 περάτων
958 1909 1056 1979 τῆς
1096 1910 1219 1980 γῆς,
1250 1913 1310 1965 ὲν
1341 1912 1478 1985 μόνῃ
1521 1916 1585 1985 τῇ
1615 1915 1795 1968 αὐτῶν
1827 1915 1979 1969 πόλει

402 1994 496 2046 καὶ
525 1994 603 2065 τῷ
633 1996 796 2051 πάλαι
828 1998 1252 2073 θρησκευομένῳ
1294 2005 1425 2075 παρ’
1459 2005 1643 2068 αὐτοῖς
1678 2006 1849 2076 τόπῳ,
1884 2007 1982 2077 ούχ

400 2078 501 2137 οἷοί
532 2086 591 2139 τέ
612 2089 747 2141 εἰσιν
769 2089 1085 2146 ἐπιϐαίνειν.
1107 2094 1217 2147 Καὶ
1250 2095 1299 2146 εἰ
1323 2095 1422 2164 μὲν
1454 2091 1522 2165 ἦν
1554 2096 1831 2159 παντελῶς
1857 2096 1983 2167 ἔρη-

404 2193 501 2247 μος
546 2180 579 2248 ὴ
619 2178 772 2243 πόλις
820 2182 916 2235 καί¹
957 2183 1228 2254 ἀοίκητος,
1272 2185 1374 2239 κᾶν
1408 2187 1676 2257 ὑπενόησέ
1708 2206 1792 2252 τις
1835 2188 1982 2241 τοῦτ’

400 2265 539 2323 εἶναι
571 2272 631 2324 τὸ
655 2272 827 2325 αἴτιον
843 2290 855 2303 ’
884 2274 979 2327 νῦν
1000 2276 1056 2328 δὲ
1080 2276 1185 2328 ὑπὸ
1209 2277 1514 2345 ἀλλογενῶν
1547 2280 1640 2332 καὶ
1666 2278 1979 2348 ἀλλοφύλων

400 2362 570 2415 ἐθνῶν
630 2363 726 2417 τοῦ
790 2366 955 2419 τόπου
1012 2369 1435 2439 κατοικουμένω
1461 2408 1476 2433 ,
1551 2370 1735 2441 μόνοις
1796 2372 1979 2435 αὐτοῖς

398 2451 596 2517 ἄϐατος
639 2457 920 2527 τυγχάνει,
986 2459 1062 2523 ὡς
1111 2460 1235 2530 μήτ’
1288 2456 1348 2525 ἐξ
1405 2462 1673 2535 αὐτόπτου
1720 2463 1978 2518 δύνασθαι

398 2544 458 2594 τὸ
516 2546 766 2617 πατρῷον
816 2548 997 2603 αὐτῶν
1056 2550 1249 2620 ἔδαφος
1294 2550 1554 2623 θεωρεῖν·
1603 2553 1639 2608 ἃ.
1680 2554 1743 2625 δὴ
1789 2554 1977 2609 τοῦτον

2086 1928 2297 1974 vastata
2326 1930 2472 1975 esset
2515 1922 2838 1989 desertaque
2881 1918 2951 1972 ab
2988 1916 3203 1981 incolis,
3256 1916 3395 1969 hanc
3438 1912 3672 1969 fortasse

2088 2010 2283 2080 aliquis
2335 2012 2580 2082 prtedicti
2618 2011 2795 2069 exsilii
2835 2024 3055 2065 causam
3114 1996 3456 2062 existimaret
3487 2023 3499 2058 :
3528 2019 3671 2059 nunc

2092 2117 2225 2157 vero
2249 2104 2315 2158 ab
2341 2104 2614 2157 extraneis
2662 2111 2827 2171 atque
2869 2100 2936 2154 ab
2971 2097 3289 2167 alienigenis
3319 2095 3473 2151 locus
3514 2093 3691 2147 habi-‘

2092 2201 2259 2257 tatur,
2290 2192 2420 2247 solis
2442 2202 2626 2247 autem
2669 2191 2873 2246 ludatis
2904 2189 3215 2243 inaccessas
3255 2194 3363 2249 est,
3400 2186 3473 2238 ita
3506 2193 3565 2236 ut
3598 2197 3668 2237 ne

2088 2283 2332 2353 aspicere
2366 2283 2580 2352 quidem
2604 2283 2837 2352 patrium
2875 2281 3048 2335 solum
3088 2277 3260 2333 oculis
3298 2276 3411 2331 suis
3433 2274 3662 2345 possint.

2086 2374 2216 2441 Quae
2259 2376 2470 2455 scilicet
2514 2377 2660 2430 hunc
2715 2375 2919 2430 exitum
2979 2373 3310 2433 habuerunt,
3350 2378 3409 2421 ut
3446 2365 3668 2421 oraculo

2088 2467 2242 2522 ﬁeret
2294 2469 2427 2523 satis
2474 2467 2675 2523 dicenti
2723 2484 2741 2522 :
2784 2466 2853 2519 Et
2907 2464 3278 2533 Hierosolyma
3335 2460 3701 2513 etlmicorum‘

2084 2559 2212 2624 pede
2243 2568 2497 2613 terentur.

396 2634 818 2691 ἀποτετέλεσται
872 2640 965 2693 τὸν
1028 2642 1227 2713 τρόπον
1272 2643 1577 2708 ἀκολούθως
1615 2645 1694 2716 τῷ
1745 2649 1977 2717 φήσαντι
2013 2649 2280 2721 χρησμῷ·
2310 2652 2421 2706 Καὶ
2474 2650 2865 2719 Ἰερουσαλὴμ
2920 2649 3092 2703 ἔσται
3163 2647 3508 2716 πατουμένη
3542 2644 3661 2698 ὑπὸ

393 2725 610 2780 ἐθνων.

460 2817 570 2871 Καὶ
595 2818 827 2886 δεικνὺς,
860 2822 941 2875 ὅτι
992 2822 1103 2877 οὔτ’
1137 2826 1499 2901 ἀναστήσεται
1544 2829 1726 2885 λοιπὸν
1768 2832 1797 2884 ὁ
1832 2830 1977 2898 ναὸς,

393 2907 505 2961 οὔτ’
536 2911 616 2975 εἰς
661 2911 761 2982 τὴν
790 2915 1065 2984 προτέραν
1109 2919 1475 2991 ἐπανήξουσιν
1536 2922 1774 2978 Ἰουδαῖοι
1830 2926 1982 2979 πολι-

392 2999 562 3066 τείαν,
592 3004 919 3076 προστίθησι
956 3009 1078 3071 ταῖς
1135 3011 1301 3065 αὐτοῦ
1364 3016 1727 3086 προρρήσεσι,
1787 3018 1978 3088 χρόνον

390 3093 608 3165 ορίζων,
662 3095 824 3167 μέχρι
863 3097 1004 3161 τίνος
1043 3099 1193 3155 ἔσται
1239 3103 1592 3177 Ἰερουσαλὴμ
1650 3108 1968 3181 πατουμένη

391 3185 498 3240 ὐπδ
546 3186 745 3247 ὲθνῶψ
782 3187 932 3257 λέγει
980 3189 1025 3242 δ’
1056 3187 1168 3257 οὖν,
1225 3193 1365 3262 ἄχρι
1400 3197 1757 3264 πληρωθῶσι
1790 3199 1981 3267 καιροί

388 3276 579 3333 ἐθνῶν
598 3294 611 3308 ·
639 3277 785 3332 οὕτω
831 3280 1078 3351 σημάνας
1107 3284 1206 3355 τὴν
1236 3284 1330 3338 τοῦ
1381 3285 1495 3356 βίου
1528 3288 1851 3355 συντέλειαν,
1888 3292 1981 3343 καὶ

389 3368 481 3421 τὸν
513 3367 677 3439 μέχρι
713 3370 1020 3424 συντέλειαν
1048 3373 1223 3444 λέγων
1248 3377 1466 3447 χρόνον·
1503 3379 1757 3449 σημαίνει
1789 3381 1846 3434 δὲ
1885 3383 1978 3436 καὶ

388 3458 477 3512 τὸν
494 3458 599 3529 πρὸ
623 3459 721 3529 τῆς
742 3459 1119 3531 αἰχμαλωσίας
1136 3464 1246 3535 (75)
1271 3465 1525 3536 πόλεμον.
1552 3467 1740 3522 εἰπών’
1768 3471 1978 3524 Ἔσται

387 3547 496 3617 γὰρ
532 3545 763 3618 ἀνάγκη
791 3549 889 3601 ἐπὶ
930 3548 1042 3617 τῆς
1061 3550 1191 3620 γῆς,
1225 3554 1322 3607 καὶ
1363 3555 1508 3624 ὀργὴ
1528 3556 1762 3626 μεγάλη
1790 3559 1859 3612 ἐν
1896 3558 1977 3624 τῷ

385 3636 512 3702 λαῷ
538 3638 744 3703 τούτῳ,
777 3638 876 3693 καὶ
904 3642 1231 3697 πεσοῦνται
1252 3644 1321 3699 ἐν
1348 3649 1601 3716 στόματι
1648 3651 1969 3718 μαχαίρας.

388 3730 571 3782 Ταῦτα
622 3731 680 3784 δὲ
731 3732 879 3795 ὅπως
930 3732 1070 3786 κατὰ
1130 3734 1295 3807 μέρος
1358 3738 1630 3809 ἐπράχθη,
1673 3741 1766 3793 καὶ
1802 3741 1876 3805 ὡς
1904 3742 1972 3796 τὰ

388 3822 841 3893 προηγορευμένα
866 3824 967 3875 ὑπὸ
989 3825 1082 3877 τοῦ
1102 3826 1354 3897 Σωτῆρος
1375 3830 1531 3900 ἡμῶν
1546 3832 1733 3896 τέλους
1756 3832 1968 3903 ἔτυχεν,

388 3912 596 3979 ἔξεστιν
629 3914 739 3967 ἀπὸ
774 3916 872 3985 τῆς
908 3915 1170 3987 Ἱστορίας
1214 3920 1476 3990 Ἰωσήπου
1511 3923 1699 3993 μαθεῖν
1730 3925 1860 3995 (76)’
1910 3926 1969 3990 ὃς

386 4004 483 4057 καὶ
532 4005 630 4075 τῆς
674 4007 926 4076 φησάσης
956 4007 1049 4060 τοῦ
1083 4010 1334 4081 Σωτῆρος
1368 4012 1526 4082 ήμῶν
1584 4018 1963 4087 προρρήσεως,

389 4098 535 4151 Οὐαὶ
559 4097 627 4151 δὲ
658 4099 787 4165 ταῖς
826 4099 1222 4168 θηλαζούσαις
1249 4103 1319 4155 ἐν
1349 4104 1607 4173 ἐκείναις
1655 4107 1784 4174 ταῖς
1825 4110 1966 4179 ἠμέ-

382 4203 515 4255 ραις
529 4188 551 4240 !
580 4188 641 4241 τὸ
667 4189 1015 4261 ἀποτέλεσμα
1046 4191 1231 4260 σαφῶς
1254 4194 1550 4266 παρίστησι
1576 4235 1591 4260 ,
1657 4200 1962 4268 μνημονεύ-

385 4298 506 4346 σας,
530 4282 607 4346 ὡς
638 4287 916 4351 γυναῖκες,
936 4284 1005 4337 τὰ
1044 4285 1248 4339 ἑαυτῶν
1290 4286 1463 4359 βρέφη
1495 4289 1803 4360 ὁπτήσασαι
1830 4294 1962 4366 πυρὶ

381 4376 469 4430 διὰ
501 4378 598 4449 τὴν
620 4378 927 4451 ὑπερϐολὴν
950 4379 1043 4431 τοῦ
1082 4380 1444 4449 κατασχόντος
1466 4380 1625 4451 λιμοῦ
1654 4382 1752 4454 τὴν
1784 4385 1957 4459 πόλιν,

381 4473 604 4543 ἔφαγον.

2154 2852 2331 2919 Atque
2362 2858 2421 2903 ut
2450 2847 2700 2903 Christus
2730 2846 3173 2909 demonstraret,
3217 2844 3473 2915 templum
3504 2844 3660 2899 dein-

2082 2957 2207 3013 ceps
2230 2942 2372 2997 haud
2401 2949 2757 2996 instauratum
2790 2941 2878 3005 iri,
2904 2955 3083 3010 neque
3116 2938 3333 2995 Judaaos
3366 2938 3653 3008 pristinam

2082 3049 2236 3090 suam
2303 3032 2691 3102 rempublicam
2745 3043 3207 3102 recuperaturos,
3266 3032 3479 3086 caeteris
3547 3031 3660 3086 suis

2083 3126 2529 3197 praedictionibus
2602 3124 2811 3180 addidit
2890 3125 3151 3193 temporis
3232 3124 3601 3180 deﬁnitionem
3638 3163 3656 3189 ,

2008 3216 2341 3323 Cquamdiu
2400 3214 2611 3270 scilicet
2671 3213 3042 3284 Hierosolyma
3112 3212 3455 3267 etlmicorum
3521 3212 3658 3279 pede

2085 3307 2308 3363 terenda
2358 3316 2579 3360 essent:
2609 3306 2688 3360 ait
2724 3304 2907 3369 enim,
2939 3306 3102 3357 donec
3148 3314 3382 3372 tempora
3425 3305 3656 3373 gentium

2082 3397 2577 3467 compleantur:ita
2625 3395 2937 3466 signiﬁcans
2984 3396 3167 3451 saeculi
3225 3397 3653 3451 consummatio-

2081 3502 2229 3552 nem,
2262 3501 2361 3543 nec
2401 3502 2507 3543 non
2534 3487 2790 3556 temporis
2825 3501 2992 3555 usque
3025 3486 3095 3540 ad
3133 3487 3651 3542 consummationem

2078 3578 2447 3636 intervallum.
2479 3578 2761 3648 Significat
2801 3579 2969 3634 etiam
3009 3579 3206 3634 bellum
3241 3580 3384 3649 quod
3424 3580 3653 3649 captivi-

2078 3682 2243 3727 tatem
2277 3687 2671 3742 praeeessurum
2699 3682 2818 3727 erat
2849 3689 2866 3727 :
2895 3670 3106 3727 Futura
3140 3680 3237 3737 est,
3268 3671 3474 3740 inquit,
3505 3687 3650 3737 pres-

2074 3780 2201 3819 sura
2222 3765 2280 3818 in
2309 3772 2474 3830 terra,
2493 3778 2784 3833 magnaque
2807 3764 2890 3816 ira
2911 3778 3069 3829 super
3086 3761 3276 3830 papula
3304 3762 3422 3824 hoc,
3455 3770 3504 3815 et
3536 3764 3649 3815 acie

2071 3853 2238 3925 gladii
2283 3854 2489 3909 cadent.
2543 3853 2721 3923 Atque
2778 3853 2896 3908 haec
2938 3852 3149 3923 singula
3191 3852 3645 3921 quemadmodum

2070 3944 2392 4010 acciderint,
2426 3954 2589 4013 atque
2617 3953 2679 3998 ut
2723 3944 3038 4000 Servatoris
3072 3944 3242 3998 nostri
3291 3942 3507 3998 oracula
3536 3945 3648 3998 sint

2069 4036 2272 4091 exitum
2304 4047 2617 4102 consecuta,
2667 4052 2736 4092 ex
2787 4036 3009 4104 Josepbi
3040 4035 3281 4090 Historia
3317 4049 3645 4106 cognoscere

2065 4130 2215 4185 licet.
2250 4128 2393 4185 Idem
2426 4129 2654 4183 alterum
2696 4143 2913 4198 quoque
2956 4128 3266 4184 Servatoris
3306 4128 3641 4195 vaticinium,

2065 4219 2322 4273 nimirum
2358 4217 2448 4273 Va:
2472 4218 2794 4272 lactantibus
2819 4218 2871 4272 in
2894 4218 3079 4272 diebus
3104 4218 3251 4272 illis!
3292 4227 3488 4273 eventu
3515 4230 3639 4286 per-

2062 4313 2246 4381 Spicue
2305 4312 2708 4381 comprobatum
2755 4312 2917 4365 tradit
2972 4327 2985 4364 :
3033 4311 3233 4367 etenim
3294 4320 3562 4365 memorat
3608 4324 3639 4363 a

2060 4402 2656 4471 mulieribus‘parvulos
2691 4403 2938 4470 proprios
2986 4404 3109 4472 igne
3141 4410 3313 4456 tostos
3339 4401 3395 4455 in
3425 4416 3635 4456 summa

2058 4497 2212 4552 urbis
2239 4496 2381 4550 fame
2413 4496 2579 4552 fuisse
2606 4498 2916 4552 devoratos.

445 4566 558 4638 (77)
592 4564 792 4620 Τοῦτον
821 4564 930 4637 γὰρ
966 4566 1129 4619 αὐτὸν
1166 4565 1256 4620 τὸν
1289 4567 1651 4639 γενησόμενον
1673 4571 1731 4625 ἐν
1768 4572 1832 4641 τῇ
1868 4571 1959 4624 πό-

2135 4587 2285 4641 Hanc
2323 4587 2494 4657 ipsam
2536 4587 2654 4641 urbi
2708 4600 3025 4641 eventuram
3080 4586 3277 4641 famem
3329 4585 3636 4656 pratvidens

378 4656 460 4710 λει
491 4657 648 4727 λιμὸν
679 4658 1064 4730 προθεωρήσας
1091 4661 1119 4711 ό
1140 4660 1349 4732 Σωτὴρ,
1383 4661 1615 4733 παρῄνει
1636 4665 1747 4727 τοῖς
1792 4665 1955 4718 αὐτοῦ

381 4750 649 4821 μαθηταῖς
686 4753 742 4803 ὲν
766 4753 833 4821 τῇ
860 4750 1125 4824 μελλούσῃ
1154 4752 1295 4805 κατά
1331 4754 1598 4808 Ἰουδαίων
1629 4756 1954 4827 γενήσεσθαι

378 4845 683 4916 πολιορκίᾳ,
724 4845 798 4917 μὴ
823 4844 898 4909 ὡς
945 4846 1030 4897 ἐπ’
1068 4845 1281 4917 ἀσφαλῆ
1320 4848 1482 4901 τόπον
1540 4849 1633 4902 καὶ
1688 4850 1950 4918 φυλαττό·
1990 4890 1995 4895 .

378 4954 537 5007 μενον
564 4937 669 4991 ὑπὸ
697 4938 791 4992 τοῦ
819 4936 955 4991 Θεοῦ
980 4936 1342 5006 καταφεύγειν
1364 4940 1456 4992 ἐπὶ
1483 4940 1582 5011 τήν
1612 4941 1784 5009 πόλιν,
1814 4944 1951 5014 ὅπερ

376 5029 703 5084 πεπόνθασιν
732 5031 781 5083 οἰ
822 5029 1026 5093 πολλοὶ,
1075 5029 1190 5084 ἀλλ’
1227 5030 1434 5084 ἐκεῖθεν
1486 5032 1584 5102 μὲν
1623 5033 1948 5105 ἀναχωρεῖν,

375 5121 598 5190 φεύγειν
626 5122 682 5175 δὲ
716 5124 795 5185 εἰς
828 5123 894 5176 τὰ
920 5123 1056 5194 ὅρη·
1108 5124 1203 5176 καὶ
1241 5123 1367 5186 τοὺς
1409 5126 1466 5176 ὲν
1502 5125 1651 5196 μέσῳ
1689 5127 1784 5198 τῆς
1828 5128 1953 5181 ἰου-

372 5214 527 5279 δαίας
561 5217 821 5285 ἐκχωρεῖν
865 5218 944 5279 εἰς
986 5216 1054 5269 τά
1097 5216 1224 5288 έθνη
1261 5216 1406 5288 (78),·
1454 5218 1549 5271 καὶ
1606 5220 1733 5283 τοὺς
1780 5220 1839 5273 ἐν
1880 5222 1947 5291 τῇ

443 5411 976 5484 (74⁸)-Νοηῌιοωοη
1030 5415 1310 5470 incruenta
1360 5417 1607 5472 victoria.
1665 5419 1756 5473 Ait
1790 5422 1951 5475 enim

367 5482 573 5538 Frento
593 5482 670 5537 De
698 5482 829 5537 bello
852 5483 1103 5556 Parthico
1124 5501 1143 5539 :
1171 5504 1190 5536 ι
1228 5486 1467 5542 Adriano
1499 5487 1784 5556 imperium
1813 5491 1951 5545 obti-

367 5562 549 5621 nente,
587 5562 849 5626 quantum
883 5554 1116 5609 militum
1180 5554 1611 5626 (Romanorum)
1665 5575 1695 5613 a
1745 5558 1946 5616 Judazis

367 5622 882 5693 cmsumi‘degesis
947 5639 1125 5678 autem
1189 5622 1491 5684 historicos
1532 5645 1561 5684 a
1611 5644 1696 5685 me
1744 5630 1943 5687 ibidem

373 5694 426 5747 iu
459 5693 901 5750 adnotationibus
923 5694 1188 5749 laudatos.

2064 4679 2345 4745 Servator,
2379 4679 2703 4734 admonebat
2730 4680 3021 4748 discipulos
3053 4695 3181 4735 suos
3216 4691 3273 4735 ut
3301 4681 3354 4736 in
3385 4684 3631 4752 proxima

2059 4768 2377 4824 Judaaorum'
2404 4768 2752 4833 obsessione,
2785 4769 2989 4824 nollent
3038 4778 3296 4839 tanquam
3343 4772 3410 4825 ad
3462 4781 3631 4826 tutum

2055 4861 2233 4917 locum
2280 4870 2338 4917 et
2376 4877 2405 4914 a
2444 4861 2556 4917 Deo
2599 4861 2925 4917 custoditum
2979 4862 3031 4917 in
3080 4867 3269 4917 urbem
3321 4863 3628 4933 confugere,

2056 4956 2200 5022 quod
2233 4953 2449 5023 plurimi
2477 4952 2743 5019 fecerunt,
2794 4954 2889 5008 sed
2936 4953 3061 5008 inde
3104 4956 3283 5023 potius
3315 4954 3631 5009 recederent

2055 5052 2217 5112 atque
2244 5043 2297 5095 in
2330 5053 2538 5098 montes
2573 5045 2857 5113 fugerent;
2903 5055 2958 5098 et
3002 5044 3095 5113 qui
3141 5053 3301 5099 erant
3349 5045 3401 5097 in
3453 5044 3625 5099 media

2056 5132 2241 5189 Iudaea
2266 5133 2330 5187 ad
2350 5145 2543 5204 gentes
2568 5136 2890 5204 migrarent,
2921 5142 2975 5190 et
3001 5136 3095 5205 qui
3127 5135 3179 5189 in
3207 5150 3338 5206 agro
3363 5134 3627 5203 degebant

2060 5237 2401 5293 nequaquam
2435 5224 2503 5279 ad
2532 5224 2769 5280 munitas
2810 5238 2963 5280 arces
2990 5232 3406 5289 concurrerent,
3449 5238 3625 5293 neque

2051 5437 2212 5505 sensu
2239 5433 2337 5506 ;_et
2365 5428 2629 5494 praeterea
2668 5424 2869 5481 desunt
2907 5427 3045 5497 Syro
3088 5423 3453 5495 praecedentes
3498 5434 3621 5479 octo

2047 5495 2319 5549 versiculi.
2751 5545 2757 5551 .
2952 5495 2961 5497 ἡ

2116 5564 2229 5632 (76η)
2262 5563 2395 5617 Bell.
2453 5562 2586 5618 Iud.
2637 5565 2730 5618 lib.
2762 5581 2881 5629 vui,
2920 5565 2973 5621 8.

2139 5567 2229 5632 76)
2262 5567 2395 5617 Bell.
2453 5567 2586 5618 Jud.
2637 5567 2730 5618 lib.
2762 5581 2881 5629 vui,
2920 5567 2973 5621 8.

2112 5567 2227 5775 ΞΖἹγ
2266 5634 2401 5715 (ξοδ.
2427 5636 2492 5688 A.
2528 5635 2566 5690 l'.
2593 5634 2719 5689 270.
2751 5633 2873 5705 Syr.
2910 5650 2981 5698 tv,
3012 5636 3104 5700 ΞΟ,
3140 5634 3233 5717 21ἶ
3350 5634 3358 5643 “
3460 5704 3471 5714 .

2147 5706 2202 5758 :8
2253 5703 2477 5762 llicnon
2515 5704 2654 5763 bene
2691 5706 2862 5775 Syrus
2891 5705 3136 5761 Graecum
3186 5706 3400 5760 Videtur
3458 5720 3471 5758 ι

2147 5703 2225 5775 ῖ8)
2253 5703 2349 5761 llic
2370 5721 2477 5762 non
2515 5704 2654 5763 bene
2691 5703 2862 5775 Syrus
2891 5705 3136 5761 Graacum
3186 5706 3400 5760 videtur
3458 5703 3618 5758 intel-

439 5763 551 5836 (75)
604 5762 706 5820 Hic
757 5764 926 5835 Syrus
972 5764 1213 5820 deﬂectit
1269 5765 1604 5837 aliquantum
1662 5785 1693 5828 a
1742 5770 1936 5831 G-razco
2036 5762 2251 5834 lex‘isse.

673 5865 947 5929 PATBOL.
993 5864 1392 5960 GttLXXIV.

3220 5869 3295 5931 21
