4116 6392
452 313 547 368 651

1119 308 1386 364 EUSEBII
1423 305 1901 363 CESARIENSIS
1937 308 2029 364 ΟΡ]

2132 309 2307 364 PARS
2344 309 2432 364 IV.
2475 339 2542 350 —
2578 305 2997 363 DOGMATICA.

3585 314 3692 369 652

453 428 770 498 prudentem
822 428 1104 482 crederent
1134 427 1187 480 in
1228 426 1422 495 oppida
1457 440 1758 491 secessum,
1805 427 2018 483 etiamsi

2132 430 2272 502 (ώρα
2307 428 2382 500 μὴ
2415 427 2777 496 καταφεύγειν
2807 427 2882 491 ὼς
2925 427 3020 482 ἐπὶ
3063 427 3256 498 ὀχυρὸν
3311 428 3494 495 τόπον,
3557 433 3692 503 μηδὲ

454 523 505 576 id
534 530 742 590 tempus
769 521 1038 590 postulare
1068 519 1378 584 videretur;
1432 519 1526 574 sed
1578 525 1789 573 lucrum
1843 522 2019 590 potius

452 611 822 666 existimarent
852 610 1054 677 fugam,
1085 618 1306 678 propter
1334 607 1732 677 impendentem
1764 608 1857 664 Dei
1883 610 2020 664 iram

455 716 563 757 tum
596 703 794 771 templo
821 711 932 753 tum
969 700 1197 754 civitati.
1247 699 1374 754 Haec
1420 703 1721 770 perspicue.
1762 712 1818 754 et
1868 713 2020 756 extra

455 809 671 848 omnem
691 793 1096 860 ambiguitatem
1122 793 1568 847 demonstrabant
1585 808 1804 850 causam
1834 809 2024 862 quam-

452 887 638 941 obrem
685 886 1008 939 hortabatur
1071 887 1140 940 ad
1195 894 1405 939 montes
1473 884 1691 954 fugere,
1746 901 1924 955 neque
1969 887 2023 940 in

451 979 645 1048 oppida
681 978 887 1032 munita
917 977 1134 1031 reverti.
1181 975 1308 1030 Ideo
1359 976 1435 1030 ait
1473 995 1488 1032 :
1522 976 1588 1030 Et
1631 977 1722 1046 qui
1771 977 1827 1032 in
1877 976 2025 1046 agris

452 1079 596 1136 sunt,
637 1078 864 1124 caveant
896 1069 1184 1138 quominus
1228 1067 1362 1123 urbe
1403 1082 1463 1123 se
1503 1068 1846 1124 concludant.
1882 1070 2025 1123 Sunt

451 1159 596 1212 enim
624 1159 680 1213 bi
713 1159 827 1213 dies
861 1158 1104 1222 ultionis,
1146 1165 1201 1211 et
1236 1157 1420 1212 omnia
1462 1156 1622 1211 (iendi
1652 1172 1773 1228 qua:
1799 1171 2028 1226 praeser-

455 1251 550 1303 tim
605 1253 746 1318 apud
791 1248 1064 1302 Danielem
1110 1249 1315 1317 scripta
1363 1257 1508 1305 sunt.
1572 1247 1676 1303 Sed
1738 1259 1795 1304 et
1843 1251 2025 1316 minae,

462 1339 700 1397 Vtunnc
721 1341 1093 1403 nutrientibus,
1120 1339 1388 1407 quomodo
1413 1337 1620 1393 exitum
1670 1338 1781 1392 sint
1822 1346 2031 1392 sortitae

2123 521 2416 575 σπουδαίαν
2468 520 2717 592 ἡγεῖσθαι
2748 519 2845 590 τὴν
2885 519 2976 571 ἐπὶ
3012 520 3111 589 τὴν
3157 518 3308 572 πόλιν
3340 519 3695 594 ἐπιστροφὴν,

2121 614 2226 668 κᾶν
2265 613 2322 666 αἱ
2372 615 2552 683 χρεῖαι
2591 611 2860 665 καλῶσιν⁸
2893 609 3161 681 ἅρπαγμα
3200 611 3257 664 δὲ
3311 611 3553 666 τίθεσθαι
3598 613 3698 686 τὴν

2123 706 2319 776 φυγὴν,
2348 704 2436 758 διὰ
2458 706 2557 774 τὴν
2587 703 3014 774 ἐπελευσομένην
3035 704 3100 755 ὲκ
3131 703 3263 757 Θεοῦ
3291 703 3459 776 ὀργὴν
3505 704 3586 776 τῷ
3634 721 3699 761 τε

2122 797 2237 868 ναῷ
2260 797 2355 852 κα)⁸
2380 800 2448 868 τῇ
2483 797 2652 850 πόλει.
2685 795 2871 850 Ταῦτα
2893 795 3003 868 γὰρ
3025 795 3284 867 ἄντικρυς
3307 798 3399 850 καὶ
3425 796 3546 867 δίχα
3593 796 3697 850 πά-

2125 908 2225 962 σης
2257 890 2585 961 ἀμφιϐολίας
2618 887 3005 962 παραστατικά
3034 888 3099 941 ἂν
3139 888 3369 959 είη,τῆς
3400 889 3600 953 αἰτίας,
3633 888 3699 943 δι’

2122 983 2192 1055 ῆν
2240 983 2635 1056 παρεκελεύετο
2686 983 2905 1052 φεύγειν
2959 981 3053 1034 ἐπὶ
3082 981 3151 1035 τὰ
3191 982 3290 1052 ὅρη
3317 1021 3331 1046 ,
3354 981 3449 1034 καὶ
3485 981 3560 1052 μὴ
3583 983 3700 1034 ὲπι-

2126 1074 2378 1146 στρέφειν
2421 1075 2514 1128 ἐπὶ
2544 1073 2645 1138 τὰς
2686 1075 2889 1138 πόλεις.
2921 1074 3012 1127 Διό
3049 1090 3212 1144 φησι·
3253 1076 3363 1128 Καὶ
3399 1077 3449 1128 οἱ
3485 1078 3544 1130 ὲν
3581 1079 3700 1139 ταῖς

2126 1166 2365 1238 χώραις,
2409 1167 2484 1237 μὴ
2523 1165 2915 1221 εἰσελθέτωσαν
2975 1168 3054 1230 είς
3101 1165 3308 1236 αὐτὴν
3365 1167 3449 1219 ὅτι
3497 1168 3701 1237 ἡμέραι

2127 1261 2459 1333 ἐκδικήσεως
2511 1255 2674 1314 αὗταί
2720 1261 2850 1323 είσι,
2891 1257 2986 1310 τοῦ
3028 1256 3379 1328 πληρωθῆναι
3421 1259 3595 1312 πάντα
3633 1259 3701 1311 τὰ

2127 1349 2487 1421 γεγραμμένα
2525 1351 2584 1402 ὲν
2619 1347 2698 1419 τῷ
2737 1348 2933 1419 Δανιὴλ
2973 1347 3225 1418 μάλιστα.
3278 1347 3438 1401 Ἀλλά
3479 1351 3573 1402 καὶ
3610 1347 3702 1415 τὺ,

455 1433 950 1503 Hierosolymorum
973 1432 1318 1486 obsessorum
1342 1439 1604 1499 tempore,
1632 1430 1784 1485 testis
1805 1430 2028 1484 idoneus

2133 1442 2278 1496 Οὐαὶ
2316 1440 2446 1506 ταῖς
2479 1440 2874 1508 θηλαζούσαις
2926 1442 3078 1503 τότε,
3108 1441 3254 1502 ὅπως
3304 1440 3490 1504 τέλους
3543 1440 3702 1512 ἔτυχε

455 1539 538 1581 est
587 1526 803 1580 Flavius
851 1522 1140 1592 Josephus,
1188 1523 1280 1592 qui
1315 1531 1568 1577 accurate
1615 1532 1826 1592 tempus
1873 1522 2026 1584 illud,

2133 1533 2270 1587 κατὰ
2296 1535 2388 1588 τὸν
2437 1533 2628 1604 καιρὸν
2677 1532 2775 1602 τῆς
2808 1531 3119 1603 πολιορκίας
3160 1533 3268 1586 τῶν
3300 1532 3701 1604 Ἰεροσολύμων.

454 1627 577 1690 post
610 1616 918 1672 Servatoris
952 1615 1122 1669 nostri
1146 1613 1314 1678 diras,
1335 1611 1698 1677 describit;et
1729 1611 2028 1680 quomodo,

2132 1626 2314 1690 ἱκανὸς
2343 1624 2717 1679 πιστώσασθαι
2747 1624 2974 1687 Φλάϐιος
3004 1623 3296 1696 Ἰώσηπος,
3327 1625 3568 1696 ἀκριϐῶς
3614 1626 3704 1678 τὸν

447 1709 822 1780 prementibus
854 1708 1112 1762 Romanis
1139 1704 1438 1772 urbemque
1458 1703 1822 1772 capientibus,
1855 1701 2028 1756 maxi-

2133 1719 2272 1791 μετὰ
2291 1718 2390 1782 τὰς
2412 1717 2550 1790 ἀρὰς
2578 1716 2674 1771 τοῦ
2700 1717 2948 1787 Σωτῆρος
2963 1717 3120 1786 ἡμῶν
3137 1717 3370 1785 πόλεμον
3393 1719 3703 1789 ἱστορήσαςο

448 1817 541 1854 ma
571 1799 874 1854 Judaeorum
912 1797 1198 1851 multitudo
1241 1795 1422 1866 gladio
1465 1803 1786 1862 consumpta
1838 1791 2023 1855 fuerit,

2132 1820 2222 1865 καὶ
2248 1810 2346 1877 ὡς,
2376 1810 2712 1864 ἐπιστάντων
2749 1807 3033 1878 Ῥωμαίων
3063 1808 3161 1863 καὶ
3179 1808 3276 1880 τὴν
3296 1807 3449 1861 πόλιν
3478 1807 3706 1861 ἑλόντων

457 1891 739 1958 nmltoque
767 1889 949 1958 plures
977 1890 1118 1941 fame
1161 1902 1325 1955 quam
1360 1885 1508 1940 ferro
1550 1882 1836 1954 perierint.
1883 1881 2026 1949 Quin

2132 1902 2440 1976 πολιορκίᾳ,
2475 1902 2646 1975 μυρία
2680 1901 2776 1973 μὲν
2807 1900 2982 1973 πλήθη
3014 1900 3108 1954 τοῦ
3141 1900 3408 1954 Ἰουδαίων
3437 1899 3620 1962 ἔθνους
3649 1902 3706 1952 ὲν

456 1982 592 2036 adeo
618 1980 871 2036 mulieres
897 1993 1110 2048 quoque
1137 1977 1391 2047 parvulos
1432 1991 1562 2032 suos
1603 1976 1727 2046 igne
1772 1982 2027 2032 assantes.

400 2063 419 2081 ’
455 2087 638 2127 escam
679 2072 780 2127 sibi
807 2070 875 2125 ub
900 2080 1196 2124 extremam
1229 2069 1509 2137 penuriam
1551 2065 1818 2121 fecerunt.
1851 2066 2030 2134 Atque

457 2161 574 2216 [nec
605 2162 949 2230 contigerunt
983 2159 1158 2228 primo
1185 2157 1403 2226 quidem
1441 2156 1541 2211 sub
1571 2155 1693 2210 Tito
1719 2171 1782 2209 ac
1825 2153 2030 2223 Vespa-

443 2254 630 2315 siano,
661 2262 846 2321 postea
888 2249 991 2305 sub
1043 2250 1306 2313 Adriano,
1342 2247 1709 2303 Romanorum
1741 2246 2033 2314 imperato-

454 2343 639 2410 ribus;
669 2359 772 2412 qua
800 2352 957 2396 atate
993 2341 1344 2396 interdictum
1400 2353 1620 2409 prorsus
1676 2335 1880 2392 ludatis
1930 2335 2036 2389 fuit

453 2433 632 2504 patrio
659 2433 794 2498 solo,
831 2440 886 2487 et
911 2432 980 2485 ab
1005 2428 1240 2506 ethnicis
1276 2426 1616 2482 llierusalem
1665 2423 1769 2479 fuit
1809 2421 2033 2479 concul—

455 2537 598 2590 cata,
661 2524 796 2580 adeo
846 2533 907 2577 ut
961 2522 1136 2577 nullos
1195 2519 1398 2576 incolas
1441 2521 1591 2574 cives
1639 2519 1866 2573 haberet
1927 2516 2031 2572 nisi

447 2623 742 2670 extraneos
774 2620 830 2666 et
858 2611 1212 2680 alienigenas,
1249 2607 1532 2663 translatis
1561 2607 1686 2662 illuc
1723 2607 2023 2677 inquilinis,

457 2703 757 2758 incolarum
805 2703 1046 2770 priorum
1090 2700 1227 2756 loco.
1272 2700 1477 2755 Exinde
1515 2699 1659 2755 enim
1702 2700 2034 2755 circumdata

456 2805 541 2848 est
572 2792 740 2847 armis
772 2791 924 2857 urbs,
956 2801 1118 2860 atque
1159 2791 1319 2860 hujus
1363 2791 1731 2847 sanctuarium
1771 2791 1839 2845 ad
1890 2805 2036 2845 sum-

459 2900 600 2938 mam
632 2883 979 2939 solitudinem
1012 2883 1288 2937 redactum
1320 2882 1423 2936 fuit
1449 2899 1464 2938 z
1495 2882 1582 2936 illa
1611 2881 1842 2952 denique
1873 2881 2033 2936 deso-

454 2986 680 3042 lationis
700 2985 1050 3052 abominatio,
1080 3000 1240 3056 quam
1267 2985 1453 3041 Daniel
1481 2985 1832 3056 praedixerat,
1860 2987 2035 3041 medio

451 3087 514 3142 in
545 3090 856 3146 sanctuario
879 3090 1173 3146 constituta
1211 3089 1340 3155 fuit,
1372 3104 1578 3144 aeneum
1632 3090 1754 3145 dico
1811 3090 2036 3148 victoris

2132 1998 2360 2067 στόματι
2394 1996 2662 2067 μαχαίρας
2690 1995 2927 2066 ἀνῃρέθη
2947 2036 2962 2058 ,
2998 1994 3214 2057 πλείους
3247 1993 3304 2047 δὲ
3331 1991 3460 2048 ’τῶν
3505 1992 3708 2068 ἀνῃρη-

2134 2090 2311 2161 μένων
2337 2089 2416 2160 τῷ
2447 2089 2590 2160 λιμῷ
2621 2087 2984 2157 διεφθάρησαν
3005 2102 3019 2116 ⁸
3058 2085 3159 2158 ήδη
3190 2086 3246 2138 δὲ
3283 2086 3376 2139 καὶ
3400 2085 3470 2139 τά
3502 2086 3705 2139 ἑαυτῶν

2132 2181 2308 2252 βρέφη
2340 2182 2598 2250 γυναῖκες
2649 2179 2956 2248 όπτήσασαι
3005 2177 3159 2248 πυρὶ,
3205 2180 3378 2248 τροφῇ
3417 2177 3704 2248 κέχρηνται

2128 2272 2196 2325 δι’
2223 2271 2670 2343 ὑπερϐάλλουσαν
2705 2270 2930 2325 ἔνδειαν.
2961 2269 3250 2322 Συνέϐαινε
3282 2269 3338 2321 δὲ
3375 2267 3547 2322 ταῦτα
3583 2268 3706 2340 πρό-

2130 2380 2288 2434 τερον
2335 2363 2434 2434 μὲν
2468 2363 2610 2416 κατὰ
2647 2361 2804 2415 Τῖτον
2840 2362 2934 2416 καὶ
2968 2360 3404 2415 Οὐεσπασιανόν·
3467 2359 3604 2430 μετὰ
3652 2359 3707 2412 δὲ

2130 2453 2376 2518 τούτους,
2424 2455 2541 2507 κατ’
2593 2454 2886 2523 Ἀδριανὸν,
2922 2454 3048 2516 τοὺς
3103 2451 3385 2522 Ῥωμαίων
3438 2451 3710 2522 αὐτοκρά-

2132 2560 2317 2611 τορας,
2342 2545 2464 2600 καθ’
2493 2545 2586 2608 οὓς
2611 2545 2811 2608 ἄϐατος
2845 2544 2943 2615 μὲν
2977 2544 3036 2605 ες
3065 2543 3125 2596 τὸ
3151 2543 3410 2606 παντελὲς
3437 2541 3709 2604 Ἰουδαίοις

2133 2637 2162 2692 ὸ
2193 2637 2418 2707 πάτριος
2441 2636 2618 2690 αὐτῶν
2649 2636 2884 2706 κατέστη
2917 2636 3100 2700 τόπος,
3131 2635 3318 2703 γέγονε
3345 2633 3402 2688 δὲ
3433 2633 3694 2703 Ἱερουσα·

2133 2730 2247 2802 λὴμ
2278 2729 2590 2801 πατουμένη
2623 2731 2714 2782 ὑπ’
2765 2730 2955 2798 ἐθνῶν,
2984 2730 3058 2792 ὼς
3108 2727 3242 2800 μηδὲ
3292 2725 3509 2795 ἐτέρους
3555 2723 3702 2794 ἔχειν

2133 2823 2426 2892 οἰκήτορας
2454 2819 2674 2885 πολίτας
2705 2821 2737 2892 ἢ
2777 2821 2968 2892 μόνους
2999 2817 3321 2888 ἀλλοφύλους
3360 2814 3452 2870 καὶ
3486 2815 3704 2882 ἀλλογε-

2134 2914 2266 2980 νεῖςς
2302 2911 2566 2982 μετοίκων
2593 2911 2779 2967 αὐτόθι
2806 2909 3251 2966 κατοικισθέντων
3290 2908 3408 2961 ἀντὶ
3433 2905 3543 2960 τῶν
3573 2904 3707 2976 πρό-

2136 3022 2292 3076 τερον
2343 3005 2663 3077 οἰκητόρων.
2722 3004 2812 3072 Ἐξ
2844 3005 3052 3058 ἐκείνου
3085 3003 3142 3056 δὲ
3194 2999 3565 3070 κυκλωθείσης
3603 2997 3710 3051 ὑπὸ

2140 3097 2514 3168 στρατοπέδων
2543 3098 2642 3169 τῆς
2681 3095 3056 3169 Ἰερουσαλὴμ,
3085 3094 3179 3149 καὶ
3205 3093 3335 3154 αὐτὸ
3370 3091 3430 3144 τὺ
3465 3089 3712 3159 ἁγίασμα

458 3181 806 3236 simulacrum
843 3182 984 3251 quod
1019 3182 1071 3236 in
1121 3183 1298 3236 medio
1347 3181 1548 3250 templo
1577 3181 1886 3235 dedicatum
1915 3192 2020 3236 est.

2132 3187 2186 3239 τὸ
2215 3189 2273 3242 ὲν
2300 3189 2437 3260 αὐτῇ
2468 3191 2548 3252 είς
2575 3189 2674 3260 τὴν
2703 3187 2937 3258 ἐσχάτην
2960 3185 3300 3258 περιετράπη
3324 3183 3556 3254 ἐρημίαν
3577 3199 3590 3212 ·
3617 3186 3712 3237 καὶ

457 3271 519 3327 τὸ
548 3272 822 3344 βδέλυγμα
854 3274 952 3344 τῆς
971 3272 1300 3346 ἐρημώσεως
1325 3273 1386 3325 τὸ
1411 3272 1573 3345 ῥηθὲν
1600 3271 1687 3324 διὰ
1709 3272 1911 3343 Δανιὴλ
1933 3273 2028 3327 τοῦ
2067 3280 2346 3350 προφήτου
2376 3281 2507 3353 έστη
2572 3281 2630 3336 ἐν
2666 3279 2745 3352 τῷ
2809 3279 3130 3350 ἀγιάσματι,
3183 3276 3246 3329 τὸ
3294 3276 3518 3346 χάλκεόν
3571 3292 3712 3346 φημι

455 3368 824 3439 ἀπεικόνισμα
878 3364 973 3420 τοῦ
1043 3363 1396 3436 πολιορκητοῦ
1453 3364 1511 3416 ὲν
1558 3361 1706 3433 αὐτῷ
1751 3363 1902 3435 μέσῳ
1950 3364 2029 3436 τῷ
2073 3369 2199 3441 ἱερῷ
2231 3373 2532 3446 ἱδρυμένον.

529 3464 654 3520 Hinc
686 3463 852 3533 igitur
885 3475 916 3516 e
947 3460 1192 3530 plurimis
1223 3457 1528 3513 adnotanda
1565 3471 1751 3512 curavr
1803 3466 2024 3529 propter

458 3556 699 3612 divinum
734 3553 1040 3608 Servatoris
1070 3550 1242 3605 nostri
1277 3549 1591 3604 vaticinium
1629 3550 1894 3617 dicentis,
1941 3548 2029 3604 Va:

455 3648 852 3720 praegnantibus
878 3656 927 3700 et
953 3644 1270 3698 lactantibus
1294 3645 1349 3696 in
1375 3643 1553 3696 diebus
1578 3640 1726 3696 illis!
1755 3641 1861 3697 Sed
1893 3658 2030 3713 quo-

457 3742 604 3796 niam
645 3740 712 3792 ad
739 3749 966 3793 caeteras
1005 3734 1312 3791 Servatoris
1344 3733 1720 3803 prazdictiones
1749 3734 1862 3788 haec
1893 3750 2028 3804 quo-

459 3848 564 3900 que
604 3829 818 3885 accedit
848 3847 862 3883 :
898 3827 1012 3881 Erit
1042 3841 1288 3896 pressura
1333 3840 1524 3894 magna
1556 3823 1612 3878 in
1663 3833 1827 3893 terra,
1861 3836 1908 3878 et
1948 3826 2030 3878 ira

459 3936 615 3987 super
638 3918 828 3988 populo
865 3918 998 3982 hoc;
1027 3917 1112 3970 vel
1125 3915 1419 3970 secundum
1442 3913 1779 3980 Matthatum,
1811 3914 2032 3968 tribula-

460 4011 589 4064 latio
617 4009 915 4079 cujusmodi
953 4017 1113 4062 antea
1145 4021 1416 4076 nunquam
1448 4005 1549 4074 fuit
1569 4005 1645 4070 ¹⁶;
1677 4020 1858 4074 opem
1907 4021 2030 4074 pre-

461 4104 597 4155 tium
634 4110 720 4156 est
761 4101 950 4154 audire
970 4098 1313 4162 historicum,
1345 4098 1439 4165 qui
1473 4111 1632 4151 casus
1662 4096 1783 4151 illos
1811 4096 1890 4151 sic
1917 4095 2033 4151 fere

460 4201 650 4247 narrat
678 4209 690 4245 :
728 4210 746 4243 ι
771 4189 836 4244 Ει
867 4189 1182 4259 singillatim
1213 4187 1431 4258 quidem
1458 4188 1686 4242 crimina
1712 4187 1914 4242 civium
1945 4201 2032 4242 re-

458 4283 671 4338 censeri
702 4290 1004 4350 nequeunt;
1038 4279 1345 4335 summatim
1364 4291 1491 4332 vero
1524 4277 1723 4344 dicam,
1746 4291 1918 4347 neque
1946 4277 2030 4331 ul-

459 4372 567 4429 lam
595 4373 783 4428 urbem
810 4373 959 4444 paria
991 4371 1130 4426 mala
1164 4384 1404 4441 passam,
1436 4383 1610 4438 neque
1649 4369 1779 4424 item
1805 4384 2031 4439 genera-

461 4465 661 4518 tionem
689 4463 854 4516 ullam
878 4464 946 4517 ab
969 4464 1100 4517 orbe
1121 4462 1340 4517 condito
1364 4460 1630 4516 scelerum
1659 4457 2031 4514 fecundiorem

462 4555 758 4610 exstitisse.
786 4554 852 4608 Et
883 4555 1100 4624 quidem
1127 4554 1316 4608 urbem
1346 4552 1514 4609 Judaei
1561 4551 1665 4622 ipsi
1713 4550 2031 4620 pessumde-

467 4647 684 4711 derunt,
732 4645 1115 4715 Romanosque
1155 4645 1354 4701 invitos
1401 4645 1577 4700 diram
1621 4641 1904 4698 victoriam
1936 4654 2032 4710 pa-

2207 3469 2317 3539 (79)
2349 3467 2534 3522 Ταῦτα
2568 3467 2667 3538 μὲν
2698 3460 2792 3520 οῦν
2823 3465 2931 3518 ἀπὸ
2967 3462 3175 3536 μυρίων
3221 3461 3442 3515 τέθεικα
3484 3457 3569 3512 διά
3613 3459 3712 3528 τὴν

2135 3560 2285 3613 θείαν
2332 3560 2425 3612 τοῦ
2483 3559 2734 3629 Σωτῆρος
2783 3557 2940 3629 ημῶν
2972 3556 3274 3626 πρόρρησιν
3295 3552 3391 3624 τὴν
3423 3555 3668 3620 φήσασαν
3691 3563 3708 3579 ο

2139 3649 2284 3704 Οὐαὶ
2311 3649 2380 3701 δὲ
2408 3648 2538 3715 ταῖς
2585 3649 2655 3701 ἐν
2687 3648 2898 3718 γαστρὶ
2931 3649 3215 3716 ἐχουσαις
3247 3643 3344 3698 καὶ
3375 3641 3500 3706 ταῖς
3529 3644 3711 3708 θηλα-

2136 3737 2376 3806 ζούσαις
2401 3740 2471 3794 ἐν
2497 3740 2757 3805 ἐκείναις
2783 3738 2914 3805 ταῖς
2943 3739 3188 3807 ἡμέραις
3207 3754 3220 3768 -
3251 3735 3373 3789 ἐπεὶ
3389 3734 3442 3787 δὲ
3474 3733 3565 3786 καὶ
3591 3729 3708 3784 τοῦ·

2135 3849 2196 3885 το
2221 3834 2343 3896 ταῖς
2399 3832 2734 3904 προρρήσεσι
2783 3830 2876 3883 τοῦ
2926 3830 3178 3900 Σωτῆρος
3242 3827 3574 3900 πρόσκειται,
3625 3822 3706 3886 τὸ,

2141 3921 2346 3975 Ἔσται
2381 3920 2611 3991 ἀνάγκη
2645 3918 2876 3989 μεγάλη
2914 3919 3011 3972 ὲπὶ
3036 3917 3147 3986 τῆς
3193 3917 3305 3988 γῆς
3332 3917 3428 3969 καὶ
3459 3911 3602 3982 ὀργὴ
3632 3910 3712 3976 τῷ

2135 4011 2264 4077 λαῷ
2292 4012 2478 4076 τούτῳ
2502 4029 2516 4043 ·
2544 4012 2578 4083 ἢ
2612 4013 2752 4066 κατὰ
2775 4012 2866 4064 τὸν
2891 4010 3166 4064 Ματθαῖον
3187 4051 3202 4074 ,
3243 4008 3447 4075 θλίψις
3486 4007 3581 4059 οἵα
3615 4006 3712 4057 οὐ·

2136 4101 2349 4156 δέποτε
2372 4102 2636 4174 γέγονεν’
2658 4102 2960 4158 ἐπακοῦσαι
2986 4102 3146 4154 καλὸν
3177 4099 3270 4153 τοῦ
3293 4095 3565 4168 ἱστορικοῦ
3593 4093 3712 4148 τού-

2137 4212 2244 4248 των
2264 4195 2440 4248 αύτῶν
2471 4194 2539 4248 τὰ
2570 4194 2980 4264 ἀποτελέσματα
3003 4187 3105 4246 ὧδέ
3122 4209 3196 4263 πη
3216 4189 3551 4262 ἱστοροῦντος

2144 4306 2161 4337 ι
2195 4287 2332 4340 Καθ’
2351 4287 2580 4340 ἕκαστον
2601 4281 2696 4358 ps;
2718 4283 2810 4339 οὖν
2831 4285 3101 4350 ἐπεξιέναι
3130 4284 3226 4354 τὴν
3248 4281 3590 4353 παρανομίαν
3612 4279 3711 4333 αύ-

2136 4378 2244 4431 τῶν
2269 4418 2283 4442 ,
2337 4378 2626 4433 ἀδύνατονο
2678 4376 2963 4430 συνελόντα
3018 4377 3061 4430 δ’
3093 4376 3296 4439 εἰπεῖν,
3362 4374 3498 4444 μήτε
3555 4371 3712 4424 πόλιν

2137 4466 2303 4537 ἀλλην
2329 4465 2553 4519 τοιαῦτα
2601 4465 2953 4530 πεπονθέναι,
2999 4465 3134 4536 μήτε
3164 4462 3356 4531 γενεὰν
3411 4461 3471 4528 ἐξ
3519 4461 3713 4524 αἰῶνος

2137 4557 2416 4627 γεγονέναι
2474 4557 2673 4620 κακίας
2701 4555 3093 4626 γονιμωτέραν.
3127 4555 3236 4626 Τὴν
3268 4554 3366 4626 μὲν
3421 4553 3574 4607 πόλιν
3629 4554 3715 4606 ἀν-

2138 4646 2369 4718 έτρεψαν
2402 4646 2555 4698 αὐτοὶ⁵
2583 4687 2597 4712 ,
2654 4646 2954 4720 Ῥωμαίους
3012 4646 3070 4699 δὲ
3116 4646 3346 4707 ἄκοντας
3399 4642 3714 4713 ἠνάγκασαν

468 4749 616 4793 trare
641 4745 958 4808 coegerunt,
1005 4747 1168 4806 atque
1196 4738 1374 4808 ignem
1397 4735 1788 4807 propemodum
1819 4747 2029 4788 moran-

2139 4737 2504 4807 ἐπιγραφῆναι
2537 4735 2844 4808 σκυθρωπῴ
2871 4734 3284 4806 κατορθώματι·
3307 4733 3400 4787 καὶ
3428 4733 3585 4804 μόνον
3615 4731 3716 4802 οὐχ

463 4839 571 4884 tem
625 4829 690 4882 ad
750 4829 1006 4898 templum
1047 4837 1450 4898 pertraxerunt.
1502 4825 1666 4882 Certe
1716 4824 1772 4880 id
1822 4827 1951 4880 dum
2001 4839 2029 4880 e

2132 4827 2384 4881 εἵλκυσαν
2451 4826 2713 4898 βραδῦνον
2773 4827 2863 4880 ἐπὶ
2894 4827 2988 4880 τὸν
3058 4826 3184 4880 ναὸν
3219 4824 3281 4878 τὸ
3329 4822 3470 4894 πῦρο
3521 4822 3716 4893 ἀμέλει

461 4922 743 4990 superiore
777 4921 909 4976 urbe
940 4920 1330 4976 inﬂammatum
1372 4927 1686 4985 cernerent,
1727 4930 1905 4986 neque
1937 4917 2034 4968 do-

2128 4918 2416 4989 καιόμενον
2450 4921 2515 4972 ὲκ
2541 4920 2640 4989 τῆς
2665 4918 2778 4973 ἀνω
2806 4919 3014 4983 πόλεως
3037 4917 3367 4990 ἀφορῶντες,
3391 4915 3515 4969 οὔτε
3539 4915 3714 4986 ῆλγη-

460 5012 681 5066 lueruut
714 5027 891 5082 neque
930 5012 1193 5084 lacrymis
1230 5011 1434 5082 dignati
1484 5018 1632 5065 sunt.
1657 5027 1677 5061 ι
1711 5009 1889 5077 Atque
1917 5007 2029 5060 haec

2132 5026 2227 5063 σαν
2249 5048 2264 5073 ,
2304 5008 2426 5063 οὗτε
2461 5009 2785 5082 ἐδάκρυσαν.
2825 5032 2844 5062 ι
2879 5010 3063 5064 Ταῦτα
3108 5007 3198 5062 διὰ
3241 5007 3325 5073 τὸ,
3357 5009 3562 5060 Ἔσται
3599 5005 3716 5073 γὰρ

463 5105 777 5157 acciderunt
806 5115 1026 5173 propter
1056 5102 1146 5157 illa
1178 5103 1363 5165 verba,
1403 5099 1520 5154 Erit
1569 5099 1707 5152 enim
1755 5094 2029 5148 tribulatio

2132 5103 2335 5170 θλίψις
2356 5100 2588 5172 μεγάλη
2613 5118 2628 5133 ·
2687 5102 2717 5156 ὃ
2774 5102 2838 5172 δὴ
2867 5102 2962 5155 καὶ
2993 5099 3305 5172 προρρηθὲν
3337 5097 3444 5152 ὑπὸ
3471 5095 3564 5151 τοῦ
3598 5098 3717 5148 Σω-

461 5212 652 5263 magna
677 5210 696 5246 :
722 5195 774 5250 id
823 5196 964 5265 quod
1013 5211 1044 5249 a
1082 5193 1372 5248 Servatore
1403 5192 1742 5259 praedictum,
1781 5197 1903 5256 post
1933 5201 2029 5239 au-

461 5303 589 5340 num
612 5289 844 5356 denique
865 5285 1359 5357 quadragesimum,
1382 5282 1713 5353 Vespasiano
1729 5281 2030 5334 Romanum

463 5378 751 5448 imperium
793 5389 1035 5444 tenente,
1083 5385 1222 5431 teste
1267 5374 1553 5441 historico,
1606 5385 1796 5441 reapse
1848 5367 2032 5424 confe-

461 5479 607 5522 ctum
637 5481 738 5524 est.

532 5561 576 5591 “
611 5559 795 5616 Matth.
836 5561 1086 5627 ιιιν,21.

531 5653 643 5720 (79)
683 5614 816 5706 Cod.
846 5614 924 5707 Α.
950 5614 986 5706 [ί
1018 5614 1142 5705 aro.
1179 5650 1303 5720 Syr.
1338 5648 1426 5710 tv,
1456 5649 1569 5720 22.,
1623 5614 1625 5618 ’

531 5721 644 5792 (80)
681 5721 947 5792 Josephus
973 5722 1108 5778 Bell.
1133 5719 1262 5775 Iud.
1291 5723 1378 5775 lib.
1409 5736 1482 5786 γι,
1516 5719 1604 5771 Η.

2133 5193 2318 5263 τῆρος,
2351 5194 2766 5266 μεμαρτύρηται
2800 5195 2904 5246 ὑπὸ
2951 5193 3045 5245 τοῦ
3080 5189 3436 5262 συγγραφέως
3465 5189 3580 5260 μεθ’
3613 5187 3720 5242 ὅλα.

2135 5283 2229 5353 ἔτη
2279 5286 2717 5356 τεσσαράκοντα,
2786 5285 2923 5338 κατὰ
2980 5283 3075 5354 τὴν
3133 5280 3538 5336 Οὐεσπασιανοῦ
3578 5280 3724 5334 Ῥως

2139 5374 2313 5444 μαίων
2343 5375 2769 5448 αὑτοκρατορίαν
2802 5375 3089 5448 πληρωθὲν
3119 5375 3254 5446 (81).

2203 5643 2315 5714 (81)
2333 5642 2690 5714 Ριζαξοεάθηιίιι
2718 5640 3047 5714 atlamussim
3069 5645 3197 5693 sunt
3223 5636 3274 5714 i_n
3301 5634 3521 5712 Syriaca
3543 5629 3729 5684 Theo-

2134 5702 2354 5782 phimia.
2383 5712 2518 5766 item
2546 5714 2687 5781 quod
2724 5711 2884 5780 paulo
2924 5721 3046 5778 post
3091 5702 3549 5776 sequiturfraésa
3587 5717 3730 5770 συγ-
