4116 6398
398 378 503 435 ϐξῖὸ

1149 496 1203 549 l'.

473 578 606 637 Εἶτα
643 580 924 653 μεθίστησι
959 587 1083 647 τοὺς
1113 585 1302 653 λόγους
1329 586 1356 637 ὁ
1386 584 1590 656 Κύριος
1619 584 1712 637 ἐπὶ
1749 586 1837 638 τὸν
1871 586 1971 655 τῆς

403 674 708 738 συντελείας
759 676 968 746 καιρὸν,
1000 677 1094 729 καί
1148 694 1314 747 φησι·
1370 678 1478 731 Καὶ
1528 678 1696 731 ἔσται
1756 677 1972 746 σημεῖα

402 766 642 834 ἐνὴλίῳ
686 765 783 818 καί
840 765 1070 835 σελήνῃ
1126 765 1226 819 καὶ
1284 766 1545 836 ἄστροις.
1595 766 1970 837 Συγκεχῢσθαι

402 858 548 910 δοκεῖ
576 855 644 910 τὰ
668 858 768 928 τῆς
794 857 935 911 κατά
963 858 1059 929 τὴν
1090 857 1233 926 λέξιν
1263 859 1601 928 ἀκολουθίας,
1652 859 1741 913 διὰ
1785 860 1847 912 τὸ
1896 859 1971 931 μὴ

401 948 705 1003 διεστάλθαι
728 950 1120 1021 ἀφωρισμένως
1148 952 1216 1005 τά
1244 969 1302 1005 τε
1349 952 1477 1023 περὶ
1507 952 1610 1023 τῆς
1656 952 1971 1024 πολιορκίας

401 1040 491 1094 τοῦ
535 1040 699 1094 τόπου
732 1041 1048 1112 λελεγμένα,
1081 1042 1174 1094 καὶ
1206 1041 1273 1095 τὰ
1323 1044 1451 1114 περὶ
1498 1044 1596 1114 τῆς
1663 1044 1972 1108 συντελείας

398 1130 490 1184 τοῦ
520 1132 733 1196 αἰῶνος.
765 1133 900 1187 Κατ’
932 1132 1238 1203 οἰκονομίαν
1266 1132 1321 1187 δὲ
1352 1134 1459 1205 ἄρα
1490 1134 1582 1187 τοῦ
1614 1134 1757 1188 θείου
1804 1134 1973 1188 Πνεύ-

403 1239 570 1293 ματος
599 1224 631 1294 ή
660 1223 892 1292 ἀσάφεια
931 1224 1120 1291 γέγονε
1145 1264 1159 1288 ,
1197 1224 1527 1296 κρύπτοντος
1582 1228 1835 1299 ἐπίτηδες
1874 1228 1972 1299 τῆς

404 1314 510 1370 τῶν
540 1315 748 1368 πολλῶν
773 1314 1023 1384 γνώσεως
1052 1315 1118 1368 τὰ
1141 1318 1197 1369 ἐν
1234 1318 1565 1389 ἀπορρήτοις
1593 1320 1696 1373 ὑπὸ
1724 1318 1818 1373 τοῦ
1868 1321 1974 1373 Σω-

403 1407 567 1478 τῆρος
598 1407 777 1477 μόνοις
820 1410 928 1469 τοῖς
986 1408 1148 1461 αὑτοῦ
1208 1408 1472 1479 μαθηταῖς
1526 1411 1967 1482 παραδεδομέναο

400 1497 541 1551 οὕτω
591 1498 766 1550 τοίνυν
816 1496 1269 1566 ἀναγνωσόμεθα,
1294 1497 1370 1560 ὡς
1400 1500 1448 1551 εί
1501 1498 1639 1569 μετά
1688 1499 1973 1570 διαστολῆς

399 1592 583 1662 εἴρητο
637 1588 822 1643 τοῦτον
869 1589 961 1643 τὸν
1013 1591 1239 1661 τρόπον’
1283 1590 1418 1661 Περὶ
1473 1591 1572 1660 μὲν
1634 1591 1729 1661 τῆς
1784 1608 1970 1644 συντε-

398 1681 545 1746 λείας
580 1682 673 1735 τοῦ
714 1681 943 1747 αἰῶνος,
986 1681 1211 1752 βλέπετε
1267 1682 1339 1752 μή
1376 1697 1460 1745 τις
1514 1682 1658 1752 ὑμᾶς
1695 1681 1968 1754 πλανήσῃ’

1737 374 1823 429 ῡΕ
1861 374 2323 430 ἹῚΙΕΟΡΙῘΔΝῘΛ.

3461 308 3505 343 κ

3537 379 3641 431 654

2812 495 2881 549 Χ.

2144 587 2279 641 Exin
2312 586 2612 640 orationem
2642 586 2905 639 convertit
2954 585 3211 640 Servator
3271 584 3336 639 ad
3396 593 3639 653 tempora

2073 677 2580 738 consummationis,
2618 676 2803 747 aitque
2833 695 2846 730 :
2878 675 2946 730 Et
2977 689 3126 731 erunt
3160 678 3311 747 signa
3340 678 3393 730 in
3423 678 3552 740 sole,
3595 687 3641 729 et

2073 769 2218 836 luna,
2272 780 2319 824 et
2356 770 2518 824 stellis
2542 770 2607 823 ¹’¹.
2639 769 2907 824 Confusus
2946 770 3161 824 videtur
3195 769 3463 824 sermonis
3511 783 3639 823 con-

2075 870 2273 924 textus,
2310 861 2433 930 quia
2484 861 2707 930 praecise
2754 876 2859 915 non
2911 870 3037 915 sunt
3083 862 3362 925 distincta,
3403 875 3525 928 qua:
3575 861 3641 912 de

2073 951 2177 1006 loci
2208 952 2521 1006 obsessione
2555 951 2831 1017 dicuntur,
2857 948 2923 1005 ab
2958 953 3022 1005 iis
3053 968 3170 1022 quae
3201 954 3265 1006 de
3293 951 3476 1006 saeculi
3511 965 3641 1004 con-

2073 1041 2452 1097 summatione.
2494 1040 2751 1096 Prudenti
2785 1050 2961 1096 tamen
2987 1042 3151 1096 divini
3185 1042 3420 1110 Spiritus
3449 1042 3644 1095 volun-

2076 1144 2184 1189 tate
2220 1138 2332 1190 tunc
2370 1136 2676 1190 obscuritas
2713 1135 2931 1203 accidit,
2968 1143 3027 1188 ut
3059 1133 3417 1188 multitudinis
3453 1134 3644 1203 cogni-

2076 1224 2206 1279 tioni
2258 1234 2418 1280 caute
2468 1225 2939 1287 subtraherentur,
2975 1238 3096 1292 qua:
3144 1236 3343 1276 arcano
3388 1221 3644 1275 Servatur

2074 1316 2190 1371 suis
2243 1324 2453 1370 tantum
2503 1315 2782 1386 discipulis
2827 1315 3324 1370 commendaverat.
3371 1314 3463 1368 Sic
3510 1328 3644 1384 ergo

2074 1408 2329 1477 legemus,
2367 1408 2520 1479 quasi
2568 1424 2691 1464 cum
2736 1408 3196 1478 interpunctione‘
3221 1408 3424 1463 dictum
3477 1405 3642 1460 fuerit

2074 1508 2131 1553 ut
2157 1499 2441 1569 sequitur:
2473 1499 2547 1555 De
2580 1502 3044 1556 consummatione
3079 1509 3259 1556 autem
3305 1498 3507 1565 saeculi,
3541 1514 3637 1553 ca-

2072 1601 2286 1670 vetepe
2328 1593 2448 1661 quis
2492 1607 2590 1647 vos
2630 1592 2898 1663 decipiat;
2934 1593 3085 1647 multi
3133 1592 3277 1648 enim
3310 1593 3365 1647 in
3414 1592 3632 1648 nomine

2072 1696 2192 1737 meo
2218 1681 2465 1749 venient;
2499 1690 2553 1736 et
2586 1697 2705 1751 quae
2734 1682 2807 1735 ibi
2838 1690 3135 1749 sequuntur
3162 1681 3390 1750 reliqua.
3424 1681 3629 1738 Postre-

400 1772 584 1825 πολλοὶ
633 1772 741 1841 γὰρ
789 1772 1094 1825 ἐλεύσονται
1145 1772 1236 1824 ἐπὶ
1289 1770 1365 1842 τῷ
1413 1771 1634 1842 ὀνόματί
1688 1789 1817 1841 μουο
1877 1772 1972 1824 καὶ

2076 1790 2175 1829 mae
2208 1782 2387 1829 autem
2428 1772 2529 1829 loci
2573 1774 2892 1838 obsidionis,
2916 1782 3035 1843 post
3070 1788 3230 1842 quam
3274 1770 3636 1827 restitutionis

395 1862 465 1916 τὰ
490 1863 699 1926 τούτοις
722 1863 989 1933 ἑπόμενα·
1023 1863 1149 1935 περὶ¹
1180 1863 1236 1916 δὲ
1266 1865 1364 1933 τῆς
1394 1862 1705 1934 πολιορκίας
1736 1860 1830 1915 τοῦ
1880 1863 1968 1916 τό-

2074 1865 2213 1920 nulla
2244 1880 2386 1936 spes,
2410 1864 2513 1920 hoc
2543 1865 2795 1920 indicium
2824 1877 2943 1918 esse
2974 1864 3132 1919 debet
3160 1880 3173 1916 :
3200 1878 3362 1932 quum
3396 1862 3643 1919 videritis

398 1966 499 2003 που
550 1951 649 2021 τῆς
705 1950 961 2022 ὑστάτης,
999 1951 1116 2021 μεθ’
1165 1953 1229 2021 ἦν
1273 1952 1373 2004 οὐκ
1419 1951 1564 2005 ἐστιν
1614 1949 1769 2015 αὖθις
1813 1953 1973 2023 αὐτὸν

2074 1960 2463 2014 circumdatam
2498 1958 2565 2012 ab
2599 1956 2932 2011 exercitibus
2970 1956 3330 2023 Hierusalem,
3369 1964 3500 2010 tunc
3534 1956 3645 2011 sci-

398 2014 982 2111 ἀνοικοδομηθησεσθαι
1000 2014 1345 2111 *προσδοκᾷη
1378 2040 1521 2094 τοῦτ’
1546 2040 1689 2111 ἔχειν
1716 2014 1984 2113 ὠφείλετᾷ

397 2132 458 2187 τὸ
496 2135 718 2204 σημεῖον
738 2151 751 2163 ·
784 2133 910 2185 ὅταν
969 2132 1120 2201 ἴδητε
1146 2131 1517 2204 κυκλουμένην
1543 2133 1648 2185 ὑπὸ
1676 2132 1784 2185 τῶν
1819 2150 1981 2204 στρα-

399 2225 640 2279 τοπέδων
676 2225 775 2297 τὴν
825 2222 1214 2297 Ἰερουσαλὴμ,
1256 2224 1379 2277 τότε
1420 2223 1593 2293 γνῶτε
1637 2224 1719 2277 ὅτι
1751 2225 1977 2294 ἤγγικεν

399 2318 432 2387 ή
461 2317 741 2386 ἐρήμωσις
774 2316 964 2387 αὐτῆς,
994 2317 1088 2370 καὶ
1112 2316 1180 2369 τὰ
1212 2315 1421 2378 τούτοις
1443 2314 1713 2368 ἀκόλουθα
1740 2317 1942 2367 ποιεῖτε
1961 2332 1975 2345 ·

399 2410 529 2479 περὶ
553 2408 611 2461 δὲ
635 2408 734 2478 τῆς
767 2408 908 2461 κατὰ
936 2408 1036 2479 τὴν
1078 2407 1386 2460 συντέλειαν
1416 2407 1508 2460 τοῦ
1547 2406 1743 2469 αἰῶνος
1776 2424 1980 2479 παρου-

2061 2059 2182 2105 σιοιε
2209 2049 2516 2103 vastitatem
2542 2049 2661 2118 ejus
2690 2050 2915 2112 instare,
2946 2049 3172 2116 ideoque
3197 2063 3316 2117 qua:
3340 2047 3385 2101 ei
3416 2047 3491 2101 rei
3520 2054 3646 2101 sunt

2068 2138 2263 2192 idonea
2296 2135 2476 2191 facite.
2513 2137 2754 2206 Denique
2781 2137 2846 2191 de
2872 2136 3197 2191 Antichristi
3221 2137 3366 2191 circa
3391 2151 3645 2191 consum-

2074 2229 2367 2281 mationem
2395 2226 2574 2281 smculi
2607 2228 2863 2291 adventu,
2898 2227 2999 2281 hoc
3027 2228 3180 2282 vobis
3208 2227 3335 2281 aio.:
3362 2224 3483 2278 Erit
3521 2234 3646 2278 tunc

2075 2317 2349 2371 tribulatio
2381 2334 2590 2388 magna.
2623 2317 2898 2374 Hactenus
2925 2322 2992 2373 de
3024 2319 3189 2389 hujus
3218 2318 3513 2388 evangelici
3540 2316 3644 2370 loci

2074 2418 2259 2479 putata
2290 2409 2629 2465 confusione.

402 2504 518 2569 σίας
549 2503 641 2558 τοῦ
688 2504 1071 2576 Ἀντιχρίστου,
1102 2503 1252 2558 ταῦθ’
1288 2503 1415 2575 ὑμῖν
1445 2503 1833 2572 λέγωοἜογαι
1856 2505 1988 2557 τότε
2016 2507 2218 2574 θλίψις
2244 2505 2507 2576 gemit)“
2555 2506 2723 2561 ταῦτα
2764 2506 2861 2577 μὲν
2904 2505 3030 2577 περὶ
3075 2506 3172 2577 τῆς
3198 2506 3338 2559 κατὰ
3364 2504 3452 2557 τὸν
3483 2503 3647 2557 τόπον

398 2595 755 2667 νομιζομένης
780 2595 1108 2665 συγχύσεως.

470 2688 583 2761 (ὃὲ)
614 2688 821 2752 Ταῦτα,
860 2688 1096 2757 συγγενῆ
1126 2688 1252 2741 ὄντα
1279 2691 1389 2751 τοῖς
1422 2686 1572 2757 παρὰ
1599 2688 1684 2759 ’τῷ
1712 2689 1975 2760 Ματθαίῳ

399 2781 457 2833 ὲν
484 2780 561 2850 τῷ
585 2779 699 2850 ὄρει
736 2778 845 2832 τῶν
877 2780 1100 2832 Ἐλαιῶν
1130 2779 1265 2851 πρὸς
1305 2779 1429 2842 τοὺς
1473 2779 1803 2843 ἀποστόλους
1846 2781 1974 2850 περὶ

402 2870 708 2935 συντελείας
740 2870 1212 2942 παραδεδομένοις,
1248 2871 1475 2942 φέρεται
1507 2869 1655 2941 παρὰ
1688 2870 1765 2941 τῷ
1789 2872 1972 2944 Λουκᾷ

400 2962 473 3025 ὼς
496 2961 759 3033 εἰρημένα
781 2961 885 3032 πρὸ
903 2962 1001 3032 τῆς
1031 2962 1236 3014 εἰσόδου
1266 2961 1428 3014 αὐτοῦ
1459 2962 1557 3031 τῆς
1596 2961 1970 3032 Ἰερουσαλὴμ,

401 3052 782 3124 ὲνδιατρίὸοντι
814 3052 1013 3122 μεταξὺ
1046 3052 1357 3124 Σαμαρείας
1383 3052 1477 3106 καὶ
1514 3053 1822 3116 Γαλιλαίας.
1882 3056 1965 3105 Διο

400 3142 585 3199 sane;
614 3144 670 3197 δὲ
691 3143 778 3196 διὰ
796 3142 1000 3197 τούτων
1029 3145 1102 3214 μὴ
1128 3145 1237 3197 δεῖν
1269 3143 1727 3216 συναρπάζεσθαι,
1753 3144 1806 3197 εῐ
1820 3161 1970 3205 ποτε,

401 3236 719 3300 ἐπιστάντος
752 3236 846 3289 τοῦ
877 3235 1260 3308 ’Δντιχρίστου,
1316 3236 1583 3307 διατρέχοι
1642 3238 1802 3309 φῄμη
1847 3236 1976 3307 περὶ

402 3328 677 3393 αύτοῦ,ὼς
691 3330 783 3382 τοῦ
815 3328 1050 3401 Χριστοῦ
1083 3328 1357 3398 φανέντος.
1384 3329 1476 3383 Διό
1498 3345 1663 3400 φησι·
1713 3329 1846 3381 Ἐὰν
1877 3328 1975 3382 λέ-

404 3436 587 3490 mir
618 3421 780 3489 ὑμῖν,
809 3420 962 3476 Ἰδοὺ
991 3415 1127 3485 ὦδε,
1152 3423 1190 3490 ἢ
1227 3421 1354 3477 ἰδοὺ
1384 3422 1526 3486 ἐκεῖ,
1556 3420 1640 3489 μὴ
1673 3401 1989 3487 tamen“;

399 3510 554 3580 μηδὲ
612 3512 859 3581 διώξητε
879 3530 893 3543 ·
961 3512 1218 3569 ἀδύνατον
1282 3513 1389 3585 γὰρ
1449 3512 1633 3566 λοιπὸν
1688 3512 1778 3564 τὸν
1829 3512 1974 3578 ἅπαξ

401 3603 495 3656 ἐπὶ
534 3604 635 3675 γῆς
685 3604 921 3673 φανέντα
972 3604 1133 3658 πάλιν
1183 3605 1241 3657 ἐν
1296 3603 1520 3672 γωνίαις
1569 3603 1673 3673 γῆς
1724 3602 1825 3666 τὰς
1861 3602 1975 3655 δια-

399 3695 591 3767 τριϐὰς
642 3697 989 3769 ποιήσασθαι.
1040 3698 1102 3749 El
1161 3692 1252 3750 οὖν
1297 3713 1382 3759 τις
1430 3695 1583 3749 ἔσται
1633 3689 1807 3766 ὦδεῆ
1862 3696 1977 3747 ἐκεῖ

401 3785 833 3857 θρυλλούμενος,
905 3787 979 3859 μὴ
1049 3786 1342 3858 ὲξέρχησθε
1407 3787 1599 3857 ὑμεῖς,
1681 3786 1819 3857 μηδὲ
1891 3804 1977 3839 πι-

403 3877 630 3947 στεύητε
689 3881 801 3941 τοῖς
866 3877 1211 3949 λεγομένοιςσ
1277 3877 1435 3940 ἄλλος
1503 3877 1623 3951 γὰρ
1679 3878 1832 3931 ἔσται
1888 3894 1974 3942 τις

400 3960 591 4033 οὗτος,
648 3970 743 4022 καὶ
800 3970 897 4039 οὐχ
955 3970 984 4021 ὁ
1041 3968 1247 4039 ἀληθὴς
1308 3968 1574 4038 Χριστός·
1633 3961 1677 4035 ᾧ
1730 3969 1835 4039 χρὴ
1899 3968 1973 4040 μὴ

401 4059 707 4130 προσέχειν.
747 4060 820 4113 Τὸ
867 4059 975 4131 γὰρ
1016 4060 1268 4131 μέγιστον
1322 4062 1545 4129 σημεῖον
1582 4060 1681 4125 τῆς
1719 4059 1975 4132 δευτέρας

401 4150 493 4205 τοῦ
520 4150 770 4221 Σωτῆρος
793 4150 950 4220 ἡμῶν
983 4151 1281 4221 παρουσίας
1308 4151 1382 4212 ὡς
1402 4150 1653 4223 αστραπὴ
1687 4150 1859 4215 ἔσται,
1876 4152 1974 4222 οὐχ

400 4241 561 4313 ὁμοία
593 4244 711 4304 ταῖς
740 4241 960 4306 πολλαῖς
983 4242 1076 4294 καὶ
1106 4241 1163 4295 ὲν
1198 4242 1356 4312 μέρει
1391 4242 1482 4295 τοῦ
1515 4242 1709 4305 παντὸς
1740 4242 1828 4295 ἀεὶ
1850 4259 1975 4310 φαι-

400 4332 668 4404 νομέναις,
717 4333 852 4407 ἀλλά
897 4350 979 4396 τις
1009 4332 1282 4395 ἱδιάζουσα
1328 4333 1421 4386 καὶ
1454 4331 1598 4404 ξένη,
1657 4333 1748 4385 τὸν
1798 4333 1973 4386 πάντα

2154 2687 2302 2751 Haec,
2360 2694 2585 2756 cognata
2636 2685 2741 2740 illis
2788 2701 2908 2755 quae
2964 2686 3103 2756 apud
3151 2686 3460 2741 Mattliaaum
3494 2687 3536 2720 ⁸⁸
3590 2686 3646 2740 in

2079 2782 2261 2832 monte
2305 2774 2580 2829 Olivarum
2629 2775 2883 2829 dicuntur
2917 2776 3174 2841 apostolis
3195 2778 3261 2831 de
3299 2778 3482 2830 mundi
3516 2775 3644 2841 line,

2077 2868 2217 2937 apud
2249 2865 2511 2921 Lucam"
2546 2875 2839 2919 narrantur
2871 2882 2971 2920 ceu
3005 2867 3147 2921 dicta
3182 2875 3307 2921 ante
3341 2868 3646 2938 ingressum

2078 2961 2132 3016 in
2164 2961 2355 3015 urbem
2392 2958 2759 3023 Hierusalem,
2797 2967 3045 3013 morante
3084 2956 3209 3014 Jesu
3260 2960 3403 3015 inter
3453 2959 3647 3016 Sama-

2078 3052 2214 3106 riam
2251 3059 2306 3105 et
2356 3048 2654 3104 Galilaeam.
2705 3048 2872 3103 Docet
2918 3060 3094 3103 autem
3147 3050 3233 3106 his
3282 3050 3481 3117 verbis,
3538 3066 3645 3105 non

2076 3152 2326 3214 oportere
2356 3156 2681 3213 quemquam
2703 3155 2887 3196 errore
2918 3142 3106 3213 abripi,
3134 3144 3177 3199 si
3213 3143 3522 3213 aliquando,
3567 3145 3648 3199 in-

2076 3245 2253 3291 stante
2281 3236 2606 3291 Antichristi
2636 3244 2897 3305 tempore,
2934 3234 3079 3289 fama
3129 3236 3195 3290 de
3225 3252 3289 3291 eo
3318 3247 3647 3307 pervagetur

2077 3328 2229 3397 quasi
2279 3326 2529 3382 Christus
2578 3327 2909 3397 apparuerit.
2962 3327 3167 3381 Idcirco
3215 3327 3289 3381 ait
3331 3345 3344 3382 :
3381 3325 3441 3382 Si
3502 3330 3645 3383 vobis

2076 3417 2326 3484 dixerint,
2362 3416 2496 3472 Ecce
2550 3419 2651 3484 hic,
2708 3427 2755 3472 et
2792 3434 2906 3473 ecce
2963 3418 3093 3483 illic,
3149 3419 3309 3472 noiite
3365 3419 3438 3468 ira
3483 3436 3646 3478 neque

2076 3512 2339 3563 sectemim’
2387 3526 2405 3564 :
2462 3510 2792 3579 impossibile
2844 3511 2988 3565 enim
3026 3520 3126 3579 est,
3159 3525 3280 3566 eum
3332 3513 3423 3583 qui
3476 3514 3645 3569 semel

2075 3598 2129 3655 in
2160 3609 2303 3655 terra
2339 3602 2674 3671 apparuerit,
2710 3616 2900 3659 rursus
2929 3603 2982 3657 in
3015 3601 3224 3673 angulis
3265 3612 3427 3658 terra:
3463 3620 3645 3659 moras

2076 3692 2314 3746 trahere.
2352 3693 2408 3747 Si
2440 3708 2570 3763 ergo
2611 3708 2797 3748 rumor
2842 3693 3079 3759 dicatur,
3137 3694 3267 3749 Ecce
3295 3697 3399 3760 hic,
3444 3706 3496 3751 et
3530 3714 3645 3763 ecce

2074 3785 2208 3848 illic,
2228 3798 2392 3841 nonte
2416 3800 2510 3841 vos
2534 3787 2633 3851 ire,
2662 3800 2837 3855 neque
2860 3786 3022 3840 dictis
3043 3786 3296 3841 credatis.
3328 3786 3478 3842 Alius
3499 3788 3641 3841 enim

2076 3877 2302 3943 quilibet
2353 3875 2459 3929 erit
2507 3875 2633 3938 iste,
2672 3889 2777 3929 non
2815 3882 2996 3929 autem
3028 3888 3189 3929 verus
3232 3876 3510 3941 Christus;
3557 3878 3643 3930 cui

2050 3952 2360 4035 [propterea
2394 3981 2496 4018 non
2521 3975 2604 4020 est
2628 3965 3039 4019 attendendum.
3064 3963 3199 4019 Nam
3224 3967 3434 4036 signum
3470 3968 3645 4022 maxi-

2076 4070 2221 4109 mum
2252 4055 2476 4109 secundi
2507 4055 2775 4110 adventus
2805 4055 3112 4111 Servatoris
3156 4058 3348 4125 nostri,
3387 4067 3642 4128 tanquam

2076 4147 2252 4216 fulgur
2282 4148 2387 4202 erit
2442 4149 2666 4202 minime
2701 4147 2876 4203 simile
2908 4149 3028 4204 aliis
3055 4151 3241 4206 multis
3286 4153 3336 4205 in
3367 4162 3519 4221 parte
3544 4152 3644 4207 alio

2075 4254 2180 4309 qua
2212 4241 2393 4295 mundi
2423 4242 2832 4310 apparentibus,
2879 4243 2973 4297 sed
3002 4245 3278 4315 singulare
3312 4261 3375 4301 ac
3404 4246 3644 4317 peregri-

2075 4347 2203 4385 num
2250 4343 2412 4401 atque
2461 4333 2771 4388 universum
2818 4336 3003 4388 orbem
3047 4346 3270 4404 repente
3320 4341 3639 4407 pervadens.

401 4426 605 4496 κόσμον
635 4424 844 4495 ἀθρόως
870 4424 1171 4496 πληροῦσα.
1201 4424 1289 4477 Διό
1320 4440 1487 4495 φησι·
1531 4423 1973 4492 Ἀστράπτουσα

2076 4421 2197 4475 ideo
2226 4422 2357 4476 dicit
2380 4437 2395 4475 :
2420 4422 2715 4477 Coruscans
2739 4424 2801 4477 de
2823 4424 3053 4478 subdiali
3074 4427 3444 4481 insubdialem
3475 4431 3644 4496 regio-

400 4517 469 4570 ἐκ
494 4516 601 4584 τῆς
625 4518 724 4570 ὑπ’
751 4517 1010 4585 οὐρανόν
1037 4521 1124 4584 εὶς
1160 4516 1274 4585 τὴν
1304 4518 1403 4572 ὑπ’
1429 4519 1686 4585 οὐρανὸν
1708 4517 1928 4586 λάμπει
1956 4535 1970 4549 ο

402 4609 588 4675 οὕτως
610 4605 722 4663 οὖν
740 4611 929 4673 ἔσται,
965 4609 1148 4681 φησιν,
1179 4613 1211 4664 ό
1253 4609 1384 4675 Υἱὸς
1408 4609 1514 4663 τοῦ
1536 4608 1849 4677 ἀνθρώπου
1872 4607 1969 4662 ἐπὶ

402 4703 704 4770 παρουσίᾳ
781 4702 1005 4755 αὐτοῦ’
1077 4702 1257 4756 οὐκέτι
1329 4703 1439 4774 γὰρ
1513 4701 1971 4774 περιϐεϐλημένος

370 4780 409 4813 λ’
403 4794 582 4866 σάρκα
640 4791 881 4864 φθαρτὴν
938 4791 997 4857 ἐξ
1056 4793 1280 4862 αἵματος
1332 4795 1426 4847 καὶ
1482 4795 1683 4847 ὀστέων
1746 4811 1968 4861 συγκει-

406 4884 573 4955 μένην
614 4883 726 4952 (85)
767 4882 998 4953 βαδίζει,
1036 4881 1149 4935 ουδ’-
1181 4883 1276 4935 ἐπὶ
1325 4881 1430 4946 γῆς
1487 4882 1713 4951 βαδίζων
1761 4879 1851 4936 οἶά
1886 4901 1969 4947 τις

403 4974 579 5039 κοινὸς
644 4975 925 5047 ἅνθρωπος
1002 4975 1297 5049 ὀφθήσεται
1325 5016 1340 5040 ,
1411 4973 1524 5029 ἀλλ’
1597 4975 1631 5034 ἢ
1705 4975 1973 5047 ὲκλάμψει

402 5064 521 5127 ὅλος
580 5065 648 5117 δι’
696 5066 816 5119 ὅλου
842 5105 857 5132 ,
907 5063 971 5119 τὺ
1017 5064 1134 5134 φῶς
1184 5065 1282 5135 τῆς
1334 5063 1497 5118 αὐτοῦ
1558 5063 1808 5133 θεότητος
1861 5067 1974 5127 τοῖς

404 5155 539 5208 πᾶσι
602 5153 847 5217 δεικνὺς,
908 5154 1004 5209 ἅτε
1063 5152 1225 5216 αὐτὸς
1285 5150 1360 5205 ὢν
1409 5151 1468 5204 τὸ
1525 5152 1758 5220 φωτίζον
1796 5153 1974 5206 πάντα

402 5244 684 5315 ἄνθρωπον
740 5244 1030 5315 ἐρχόμενον
1088 5247 1168 5307 εἰς
1222 5243 1312 5297 τὸν
1363 5243 1583 5314 κόσμον.
1638 5242 1823 5307 Οὕτως
1878 5240 1973 5297 οὖν

408 5360 449 5390 ⁸⁷
467 5360 598 5414 Luc.
640 5376 753 5425 ut,
790 5361 880 5414 25.
959 5361 1003 5393 ¹⁸
1047 5361 1392 5421 Μειιιιωικιν,
1426 5359 1479 5413 5.
1522 5360 1565 5390 ¹⁹
1593 5358 1729 5412 Luc.
1762 5375 1896 5423 xvu,
1926 5360 2017 5417 25.

402 5456 557 5529 γενῇ,
591 5467 717 5529 etr.,
749 5456 1066 5529 nominatim
1093 5457 1287 5529 dicitur
1314 5456 1365 5508 in
1390 5456 1575 5529 codice
1599 5455 1661 5529 A_.
1693 5453 1730 5506 l.
1758 5454 1967 5529 255,1},

2079 4530 2215 4567 nem.
2252 4510 2343 4567 Sic
2368 4516 2485 4578 erit,
2513 4515 2705 4585 inquit,
2733 4513 2907 4568 Filius
2933 4517 3159 4570 hominis
3185 4518 3238 4570 in
3269 4518 3494 4573 adventu
3521 4537 3641 4577 suo.

2076 4604 2289 4659 Etenim
2337 4605 2479 4659 haud
2527 4606 2640 4675 jam
2686 4606 3027 4675 corruptibili
3087 4622 3250 4662 carne
3299 4608 3538 4676 indutus,
3588 4623 3643 4665 et

2075 4697 2338 4767 sanguine
2365 4698 2685 4767 ossibusque
2715 4708 3034 4767 compactos
3068 4700 3344 4769 procedet.
3375 4718 3555 4774 neque
3587 4703 3640 4758 in

2077 4797 2220 4843 terra
2257 4788 2539 4843 ambulans
2571 4803 2720 4843 more
2747 4790 3053 4847 communis
3086 4792 3323 4849 hominis
3348 4795 3644 4866 conspicie-

2078 4887 2186 4945 tur,
2217 4880 2309 4935 sed
2339 4880 2644 4936 coruscabit
2680 4887 2824 4935 totus
2852 4896 2946 4950 per
2972 4890 3163 4950 totum,
3189 4884 3491 4940 divinitatis
3530 4899 3643 4941 sitae

2076 4973 2256 5028 lumen
2301 4976 2512 5029 cunctis
2551 4976 2865 5042 ostendens,
2899 4991 3063 5043 quum
3099 4978 3171 5033 sit
3221 4981 3337 5051 ipse
3369 4980 3489 5049 qui.
3517 4981 3641 5035 illu-

2076 5061 2245 5115 minat
2275 5077 2488 5117 omnem
2541 5063 2813 5117 hominem
2846 5064 3146 5119 venientem
3193 5066 3248 5123 in
3304 5067 3447 5120 hunc
3486 5082 3641 5119 mun-

2076 5151 2226 5208 dum.
2250 5152 2340 5207 Sic
2360 5154 2585 5223 itaquea
2609 5156 2762 5210 nobis
2788 5170 2847 5211 se
2886 5171 3008 5212 esse
3028 5157 3444 5227 exspectandum
3462 5158 3636 5211 docet.

2075 5242 2228 5309 Quod
2263 5244 2310 5299 si
2341 5246 2392 5299 in
2433 5255 2576 5301 terra
2613 5248 2797 5303 dicant
2830 5250 3083 5320 aliquem,
3122 5248 3209 5304 vel
3258 5249 3421 5303 fando
3452 5248 3640 5302 audia-

2069 5452 2276 5518 debuit,
2307 5452 2422 5525 sive
2464 5467 2653 5522 reapse
2702 5454 2768 5510 ad
2813 5453 3198 5522 Thwphaniam
3242 5452 3531 5525 pertineat,
3577 5462 3638 5508 ut

404 5522 468 5582 ex
505 5522 719 5580 Eusebii
746 5524 1093 5594 Thcophqnia:
1124 5526 1261 5579 libro
1292 5535 1507 5594 quarto.
1535 5525 1637 5591 Qui
1665 5533 1843 5579 autem
1882 5526 1969 5578 hic
2066 5522 2441 5594 videtur,isi_ve
2473 5525 2545 5594 ad;
2564 5526 3040 5594 commentarium.

405 5598 914 5665 interjacettractus
932 5591 1049 5647 εἶτα
1072 5591 1379 5665 μεθίστησι,
1402 5603 1532 5659 etc.,
1552 5608 1673 5649 cum
1699 5594 1749 5647 in
1782 5595 1968 5665 codice

401 5668 470 5720 Δ.
524 5666 559 5718 t'.
607 5664 735 5729 270,
788 5666 1009 5721 omnino
1044 5664 1401 5719 connectatur
1451 5679 1573 5718 cum
1626 5664 1966 5731 praecedente

2160 5594 2249 5675 ἐς.)
2275 5592 2411 5675 (ξρᾱ.
2431 5594 2497 5646 Α.
2524 5592 2565 5675 ς.
2590 5594 2718 5649 235.
2748 5595 2951 5675 b._syr.
2987 5592 3076 5657 ιν,
3104 5593 3259 5675 δελ-⁸

2157 5664 2247 5731 85)
2295 5662 2405 5716 Hoc
2467 5663 2700 5719 refertur
2751 5665 2815 5718 ad
2870 5662 3468 5732 incorruptibilitatem;
3529 5678 3637 5719 non

404 5733 1022 5806 «inpioﬂév,eidelnque
1052 5734 1283 5789 Eusebio
1328 5734 1675 5806 inscr-ibatur,
1711 5733 1966 5806 nullaque
2062 5736 2206 5803 quod
2240 5733 2504 5791 Eusebius
2541 5743 2695 5803 neget
2717 5734 2917 5790 Christi
2941 5747 3160 5788 carnem
3185 5734 3239 5787 in
3269 5738 3505 5791 secundo
3538 5736 3636 5790 ad.

406 5804 806 5875 intercapedine
829 5804 1162 5876 sejungatur,
1208 5818 1433 5875 prorsus
1458 5819 1488 5860 λ
1537 5804 1809 5878 nobis_bic
1836 5804 1962 5873 poni
2065 5813 2251 5861 ventu.
