4116 6388
463 333 581 391 ΰὸὕ

1144 331 1412 388 EUSE'BII
1449 325 1928 387 CAESARIENSIS
1965 323 2116 382 OPP.
2159 323 2342 379 PARS
2380 323 2469 379 IV.
2509 349 2580 364 --
2618 317 3045 378 DOGMATICA.

3631 321 3736 379 656

475 466 563 510 tur
593 469 659 509 ex
701 453 992 507 multorum
1041 465 1281 516 rumore,
1341 451 1514 519 ipsum
1563 463 1684 504 esse
1731 455 2052 516 praesentem

2158 441 2262 494 δεῖν
2295 441 2600 512 προσδοκᾶν
2631 439 2794 492 αὐτὸν
2826 438 3086 492 διδάσκει.
3112 437 3174 490 Et
3199 434 3256 490 δὲ
3289 435 3381 488 ἐπὶ
3409 436 3511 506 γῆς
3527 436 3738 505 λέγοιτό

473 549 752 603 Christum
793 548 850 601 in
901 545 1138 600 secundo
1185 559 1283 599 suo
1334 543 1616 598 adventu:
1650 539 1785 605 Vos,
1848 540 2046 610 inquit,

461 640 640 696 .nolite
653 638 893 702 credere,
911 651 1088 705 neque
1113 633 1181 690 de
1210 634 1332 690 loco
1365 641 1550 689 vestro
1571 631 1802 688 exeatis.

542 915 742 986 Utique
799 911 1130 970 Samaritani
1205 907 1545 972 Dositheum,
1597 903 1690 974 qui
1737 902 2048 958 Servatoris

471 1011 616 1068 aetati
651 1007 939 1072 successit,
977 1004 1299 1076 prophetam
1335 1000 1484 1056 illum
1519 1013 1639 1053 esse
1682 997 1882 1068 Moysis
1910 995 2048 1049 vati-

470 1103 614 1158 cinio
633 1099 987 1172 promissum,
1013 1094 1242 1150 ﬁrmiter
1270 1088 1517 1146 arbitrati
1548 1095 1700 1153 sunt;
1728 1088 1866 1141 adeo
1896 1085 2048 1140 frau-

470 1196 629 1250 dibus
655 1193 773 1261 ejus
804 1190 968 1259 capti,
1005 1195 1064 1241 ut
1091 1183 1292 1241 Christi
1325 1182 1444 1238 loco
1477 1179 1784 1235 habendum
1817 1193 2048 1233 censue-

469 1289 600 1342 rint.
633 1285 737 1340 Alii
783 1297 913 1337 vero
975 1280 1089 1345 ipsa
1130 1275 1514 1348 Apostolorum
1559 1282 1720 1328 aetate
1769 1270 2048 1326 Simonem

471 1393 686 1447 magum
753 1388 1005 1445 magnam
1067 1371 1162 1426 Dei
1221 1369 1478 1424 virtutem
1552 1363 1921 1435 appellabant,
1994 1370 2049 1416 et

468 1471 746 1526 Christum
775 1481 896 1522 esse
925 1465 1189 1535 putabant
1217 1480 1230 1516 :
1265 1470 1378 1516 tum
1416 1458 1508 1513 alii
1545 1457 1753 1528 pariter
1783 1455 1836 1510 in
1869 1454 2048 1524 Phry-

469 1564 554 1632 gia
586 1561 901 1615 Montanum
931 1576 945 1612 :
981 1556 1070 1610 alii
1090 1554 1326 1624 denique
1355 1550 1490 1606 alios
1513 1547 1747 1604 diversis
1786 1546 1920 1601 locis
1947 1547 2050 1600 hac

469 1654 722 1724 Opinione
757 1649 1029 1720 prosecuti
1059 1657 1205 1702 sunt.
1246 1643 1433 1714 Neque
1471 1641 1633 1697 ﬁnem
1671 1637 1875 1694 facient
1899 1647 2049 1692 vete-

470 1754 701 1799 ratores.
749 1741 886 1795 Nam
948 1747 1005 1796 et
1049 1738 1140 1794 alii
1176 1737 1358 1806 plures
1391 1731 1655 1802 ejusmodi
1691 1728 2046 1800 esspectandi

470 1849 599 1896 sunt
626 1857 641 1894 :
668 1839 759 1908 qui
795 1852 931 1892 sane
958 1843 1015 1891 et
1039 1833 1140 1903 ipsi
1175 1829 1521 1888 oraculorum
1544 1841 1577 1882 a
1605 1825 1898 1883 Servatore
1933 1827 2050 1881 edi-

471 1941 652 1988 torum
672 1931 959 1987 veritatem
987 1925 1332 1983 conﬁrmant.

1217 2013 1310 2069 XI.

537 2111 652 2168 Par
677 2118 760 2167 est
791 2109 1048 2166 admirari
1078 2121 1176 2162 nos
1207 2106 1476 2161 sinceram
1499 2113 1859 2172 veracemque
1895 2100 2052 2156 indo-

470 2202 576 2259 lem
608 2217 673 2258 ac
699 2199 1096 2273 philosophiam
1119 2195 1461 2267 evangelista
1491 2194 1754 2251 Matthxi.
1787 2192 1884 2248 Hic
1903 2191 2050 2246 enim

471 2294 810 2364 superiorem
834 2291 959 2345 vitae
1007 2297 1218 2358 partem
1252 2285 1394 2341 haud
1440 2298 1472 2338 a
1517 2291 1702 2339 sancta
1735 2280 2052 2349 auspicatus

471 2384 652 2438 fuerat
681 2382 1041 2454 professione,
1095 2379 1190 2436 sed
1232 2379 1302 2434 ab
1361 2375 1537 2430 oﬁicio
1567 2374 1836 2431 telonario
1886 2381 2050 2442 atque

470 2479 540 2534 ab
565 2477 807 2532 avaritiae
835 2475 1035 2532 studio.
1063 2472 1248 2543 Neque
1281 2471 1384 2527 hoc
1410 2469 1698 2540 quisquam
1725 2475 2048 2522 caeterorum

471 2569 930 2640 evangelistarum
970 2565 1129 2621 nobis
1170 2563 1525 2628 revelaverat,
1555 2575 1662 2616 non
1695 2557 1813 2627 ejus
1851 2570 2051 2626 coapo-

471 2664 646 2718 stolus
679 2662 940 2726 Joannes,
971 2674 1082 2715 non
1111 2659 1314 2722 Lucas,
1346 2669 1520 2724 neque
1546 2653 1787 2717 Marcus,
1814 2651 1907 2720 qui
1931 2664 2051 2704 caa-

473 2766 588 2810 tera
618 2753 911 2823 Evangelia
938 2753 1295 2822 scripserunt.
1317 2749 1423 2804 Sed
1444 2747 1619 2802 Lucas
1643 2745 1885 2815 quidem,
1919 2757 2052 2813 sup-

470 2861 667 2918 presso
694 2852 961 2915 praesente
986 2841 1226 2906 nomine,
1268 2841 1548 2910 antiquam
1591 2837 1710 2907 ejus
1738 2835 2050 2906 appellatio-

472 2954 598 2994 nem
670 2936 975 3008 usurpavit.
1049 2933 1248 2988 Verum
1328 2933 1444 3002 ipse
1521 2929 1832 2994 Matthzeus,
1895 2942 2049 2982 suam

474 3029 762 3100 divulgans
808 3029 998 3092 vitam,
1052 3025 1240 3096 suique
1295 3030 1585 3079 accusator
1633 3021 1834 3086 factus,
1885 3020 1952 3075 de
1992 3033 2052 3074 se

2151 551 2235 597 τις
2257 533 2349 586 καὶ
2364 531 2614 586 ἁκούοιτο
2641 528 3036 602 θρυλλούμενος
3061 528 3153 582 καὶ
3185 527 3554 598 φημιξόμενος
3584 529 3740 601 παρὰ

2151 628 2261 689 τοῖς
2295 624 2532 690 πολλοῖς,
2553 623 2630 687 ὡς
2659 623 2818 686 αὐτὸς
2846 622 3037 692 παρὼν
3069 622 3099 674 6
3155 620 3389 692 Χριστὸς
3443 620 3584 673 κατὰ
3641 621 3738 692 τὴν

2151 716 2409 788 δευτέραν
2455 714 2618 771 αὐτοῦ
2673 713 2997 786 παρουσίαν,
3046 712 3255 783 Ὑμεῖς,
3305 711 3461 782 φησὶ,
3527 712 3604 784 μὴ
3649 729 3738 767 πι-

2156 807 2438 877 στεύσητε,
2470 805 2610 877 ,μηδὲ
2639 802 2938 877 ἐξέρχησθε
2962 801 3056 855 τοῦ
3087 801 3216 855 ἰδίου
3255 802 3421 856 τόπου

2225 898 2334 969 (84)
2363 897 2568 950 Αὐτίκα
2591 897 2925 967 Σαμαρεῖται
2950 893 3196 946 Δοσίθεον
3211 891 3356 962 μετὰ
3368 891 3496 954 τοὺς
3514 891 3739 963 χρόνους

2150 989 2244 1045 τοῦ
2285 991 2536 1061 Σωτῆρος
2578 988 2889 1060 γενόμενον,
2935 986 3099 1041 αὐτὸν
3131 980 3269 1038 εἶναι
3307 984 3397 1039 τὸν
3430 985 3535 1038 ὑπὸ
3575 985 3739 1039 Μιλιῦ-

2153 1083 2292 1146 σέως
2310 1081 2786 1154 προφητευόμενον
2811 1075 3448 1152 προφήτηνζὲπείσθησαν
3469 1093 3484 1108 '
3523 1077 3738 1150 ἀπατη-

2152 1175 2335 1241 θέντες
2365 1177 2455 1229 ὑπ’
2489 1173 2679 1240 αὐτοῦ,
2723 1173 2799 1238 ὼς
2831 1173 2922 1226 τὸν
2953 1171 3187 1244 Χριστὸν
3225 1169 3389 1224 αὐτὸν
3419 1165 3557 1223 εἶναι
3598 1169 3738 1222 ἀπο-

2152 1269 2440 1340 φήνασθαι.
2495 1267 2676 1322 ¹Ἀλλοι
2704 1267 2761 1320 δὲ
2791 1264 2933 1320 κατὰ
2962 1267 3088 1328 τοὺς
3113 1264 3340 1336 χρόνους
3372 1262 3480 1317 τῶν
3510 1263 3741 1316 ἀποστό-

2150 1361 2256 1416 λων
2286 1361 2506 1433 Σίμωνα
2551 1361 2642 1414 τὸν
2671 1360 2844 1428 μάγον
2872 1359 2972 1430 τὴν
3016 1356 3257 1428 μεγάλην
3292 1353 3388 1408 τοῦ
3421 1353 3544 1408 θεοῦ
3579 1353 3740 1406 δύνα-

2153 1473 2246 1525 μιν
2275 1454 2522 1519 ἐκάλουν,
2553 1452 2714 1506 αὑτὸν
2731 1447 2871 1504 εἶναι
2897 1450 3221 1520 νομίσαντες
3238 1447 3330 1501 τὸν
3349 1447 3612 1518 Χριστόνο
3645 1445 3742 1500 καὶ

2152 1546 2293 1600 κατὰ
2324 1544 2422 1618 τὴν
2461 1545 2704 1618 Φρυγίαν
2737 1543 2795 1597 δὲ
2832 1542 3112 1597 Μοντανδν
3155 1541 3368 1612 ἕτεροι·
3408 1539 3642 1609 ἀλλαχοῦ
3678 1539 3738 1592 δὲ

2150 1637 2318 1692 πάλαι
2361 1636 2582 1708 ἑτέρους
2624 1636 2778 1691 ἄλλοι
2812 1635 3148 1706 νενομίκασι.
3198 1634 3308 1686 Καὶ
3344 1633 3404 1686 ού
3440 1627 3742 1687 παύσονταί

2149 1746 2213 1798 γε
2241 1729 2558 1795 ἀπατεῶνες
2577 1747 2592 1760 ο
2641 1728 2947 1801 προσδοκᾶν
2981 1727 3091 1799 γάρ
3124 1725 3231 1798 χρὴ
3255 1727 3350 1780 καὶ
3385 1725 3602 1789 πλείους
3633 1743 3742 1780 τοι·

2150 1821 2342 1886 ούτους
2375 1821 2594 1877 ἔσεσθαι
2617 1839 2630 1852 ·
2677 1817 2738 1886 ἐξ
2773 1813 2848 1874 ὧν
2875 1820 2939 1892 δὴ
2973 1821 3068 1876 καὶ
3095 1819 3275 1874 αὐτῶν
3313 1821 3346 1890 ἡ
3377 1818 3605 1890 ἀλήθεια
3632 1817 3742 1873 τῶν

2153 1917 2436 1991 σωτηρίων
2463 1916 2825 1989 προγνώσεων
2845 1917 2946 1987 τὴν
2983 1915 3288 1988 μαρτυρίαν
3317 1914 3560 1986 εἴληφεν.

2897 2011 2999 2064 IA'.

2217 2100 2336 2174 (85)
2374 2102 2559 2170 ’Ἄξιον
2613 2102 2896 2175 Θαυμάσαι
2949 2102 3010 2156 τὸ
3047 2102 3324 2157 ἄπλαστον
3367 2103 3464 2156 καὶ
3517 2101 3743 2174 φιλάλη-

2152 2194 2246 2258 θες
2271 2189 2424 2266 ἦθος,
2456 2195 2551 2250 καὶ
2570 2195 2671 2268 τὴν
2704 2195 3024 2267 φιλοσοφίαν
3048 2194 3142 2250 τοῦ
3175 2192 3563 2264 εὐαγγελιποῦ
3593 2195 3742 2248 Ματ-

2153 2283 2308 2339 θαίου
2328 2303 2343 2318 ·
2373 2281 2530 2352 οὗτος
2571 2288 2682 2362 γὰρ
2711 2289 2803 2344 τὸν
2832 2288 3097 2362 πρότερον
3135 2287 3248 2358 βίον
3273 2288 3374 2340 οὐκ
3407 2287 3516 2340 ἀπὸ
3543 2287 3740 2358 σεμνῆς

2150 2377 2435 2452 διατριϐῆς
2461 2382 2709 2456 ὡρμᾶτο,
2739 2383 2803 2436 ὲκ
2833 2381 2891 2436 δὲ
2916 2382 3025 2434 τῶν
3047 2380 3192 2452 ἀμφὶ
3223 2379 3325 2443 τὰς
3372 2377 3632 2441 τελωνίας
3651 2378 3746 2432 καὶ

2151 2470 2465 2538 πλεονεξίας
2491 2474 2880 2544 σχολαζόντων.
2911 2474 3020 2528 Καὶ
3045 2473 3206 2527 τοῦτο
3230 2472 3338 2526 τῶν
3365 2471 3565 2526 λοιπῶν
3589 2471 3749 2538 εύαγ-

2153 2566 2415 2636 γελιστῶν
2457 2566 2634 2629 οὐδεὶς
2662 2566 2822 2635 δῆλον
2856 2567 2988 2636 ἡμῖν
3030 2565 3302 2637 εποίησεν,
3326 2565 3430 2634 οὐχ
3461 2566 3489 2617 6
3511 2563 3744 2616 συναπό-

2154 2658 2338 2723 στολος
2392 2656 2557 2712 αὐτοῦ
2601 2657 2878 2728 Ἰωάννης,
2911 2657 3036 2711 οὐδέ
3073 2675 3136 2726 γε
3166 2657 3396 2722 Λουκᾶς,
3426 2655 3546 2708 οὐδὲ
3578 2653 3738 2724 Μάρ-

2153 2767 2268 2817 κος,
2305 2752 2356 2804 oi
2395 2749 2504 2804 τῶν
2545 2749 2748 2804 λοιπῶν
2776 2750 3122 2820 Εύαγγελίων
3165 2750 3524 2818 συγγραφεῖςο
3565 2745 3679 2798 ἀλλ’
3708 2747 3740 2800 6

2156 2842 2254 2913 μὲν
2291 2841 2506 2905 Λουκᾶς
2545 2842 2943 2910 συγκαλύπτων
2975 2843 3036 2896 τὸ
3073 2841 3262 2907 ὄνομα,
3306 2843 3375 2910 τῇ
3411 2838 3746 2910 ἀρχαιοτέρα

2152 2935 2494 3006 προσηγορίᾳ
2517 2936 2892 3006 κατεχρήσατο
2911 2952 2924 2966 ·
2951 2922 3112 2998 αὐτὸς
3138 2933 3195 2986 δὲ
3214 2931 3492 2994 Ματθαῖος
3515 2931 3604 2983 τὸν
3625 2931 3746 2982 tau-

2152 3024 2246 3080 τοῦ
2280 3025 2610 3097 στηλιτεύων
2643 3027 2777 3098 βίον,
2813 3027 2908 3081 καὶ
2947 3028 3252 3099 κατήγορος
3290 3023 3487 3078 ἑαυτοῦ
3531 3022 3748 3093 γινόμε-

472 3122 794 3180 nominatim
829 3121 882 3175 in
906 3117 1126 3189 proprio
1154 3115 1430 3173 volumine
1461 3115 1535 3170 ita
1563 3113 1757 3170 scribit
1790 3128 1802 3164 :
1837 3111 1904 3166 Et
1929 3128 2048 3166 cum

2158 3137 2263 3184 νος,
2315 3120 2576 3191 ὀνομαστὶ
2609 3120 2772 3184 αὐτὸς
2807 3119 3004 3175 ἑαυτοῦ
3052 3117 3421 3191 μεμνημένος,
3455 3119 3514 3170 ἐν
3554 3115 3632 3186 τῷ
3670 3115 3749 3168 oi-

474 3216 721 3270 transiret
751 3212 873 3266 inde
904 3210 1084 3276 Jesus,
1116 3208 1250 3264 vidit
1284 3207 1546 3261 hominem
1578 3206 1840 3260 sedentem
1873 3204 1931 3258 in
1973 3212 2052 3257 te-

474 3307 638 3372 lenio,
687 3304 999 3361 Hattluzum
1035 3302 1243 3357 nomine
1284 3301 1352 3355 ὀ.
1399 3299 1606 3366 Quibus
1643 3298 1823 3354 verbis
1857 3295 2054 3351 vulnus

477 3413 643 3464 suum.
669 3395 984 3460 accusabat,
1037 3401 1098 3448 ut
1149 3391 1415 3448 medentis
1461 3400 1634 3445 artem
1676 3388 2050 3444 admirareris.

473 3491 792 3558 Rursusque
821 3500 1052 3557 pergens
1102 3483 1350 3548 ulterius,
1384 3491 1441 3538 et
1473 3481 1776 3550 catalogum
1813 3480 2054 3550 discipu-

475 3583 652 3638 lorum
683 3592 1032 3655 percensens,
1065 3576 1181 3646 ipse
1207 3574 1310 3631 sibi
1336 3573 1610 3644 publicani
1647 3587 1846 3629 nomen
1881 3571 2054 3641 impo-

475 3675 578 3739 nit,
606 3670 1109 3742 proptereximiam’
1132 3682 1284 3722 suam
1309 3666 1606 3722 bonitatem
1631 3665 1772 3720 haud
1798 3663 2056 3720 dissimu-

475 3768 599 3821 lans
622 3762 922 3835 superioris
951 3761 1076 3816 vita:
1104 3773 1297 3830 genus,
1321 3766 1384 3814 et
1418 3756 1804 3829 peccatoribus
1828 3769 1890 3812 se
1919 3769 2053 3811 con-

480 3865 753 3932 numerat,
790 3869 957 3926 seque
1003 3852 1298 3908 secundum
1329 3859 1455 3921 post
1493 3848 1868 3922 coapostolum
1919 3846 2056 3903 scri-

418 3957 423 3962 ·
475 3954 575 4008 bit.
607 3949 744 4006 Nam
784 3964 843 4004 se
874 3945 1196 4004 combinans
1221 3959 1343 4000 cum
1371 3942 1600 4009 'l'homa,
1625 3953 1686 4000 ut
1726 3956 1851 3999 cum
1892 3941 2056 3996 Petro

419 4029 424 4033 ’
478 4039 797 4106 Andream],
841 4052 964 4093 cum
1013 4034 1214 4091 Jacobo
1266 4032 1562 4093 Joannem.
1623 4049 1750 4090 cum
1807 4031 2057 4099 Philippo

480 4131 958 4195 Barthotomaeum,
1007 4127 1110 4183 sibi
1140 4126 1356 4200 quidem
1399 4124 1668 4182 Thomam
1694 4124 1958 4195 praeponit
1987 4125 2055 4188 ιί,

481 4223 774 4295 praeferens
831 4221 931 4278 sibi
976 4221 1121 4277 hunc
1165 4218 1537 4290 eoapostolum
1563 4217 1720 4284 quasi
1763 4217 2054 4288 potiorem,

481 4333 606 4374 cum
655 4315 850 4388 reliqui
882 4313 1228 4387 evangelista:
1281 4326 1441 4369 secus
1479 4311 1729 4368 fecerint.

551 4593 656 4656 Per
688 4594 789 4647 hos
817 4600 1000 4648 autem
1034 4590 1282 4646 homines
1312 4587 1652 4661 polytheistni
1695 4601 1854 4642 error
1894 4585 2056 4657 paulo

481 4693 606 4754 post
630 4699 859 4740 eversus
889 4683 1009 4749 fuit,
1040 4685 1246 4755 Deique
1271 4697 1496 4754 regnum
1515 4680 1768 4736 omnibus
1791 4680 2060 4751 priedica-

488 4785 600 4830 tum
629 4775 698 4829 “.
728 4771 967 4844 Ideoque
1009 4775 1252 4846 oportuit
1303 4787 1402 4829 nos
1459 4787 1528 4828 ne
1583 4771 1802 4828 nomina
1837 4770 2055 4841 quidem

483 4866 698 4922 illorum
731 4867 1000 4936 ignorare.
1039 4865 1276 4920 Primum
1306 4879 1439 4934 ergo
1475 4877 1592 4934 par,
1631 4861 1826 4918 Petrus
1863 4871 1918 4916 et
1947 4861 2060 4916 An-

485 4959 668 5025 dreas,
699 4973 835 5028 quos
880 4958 992 5029 jam
1037 4971 1198 5013 antea
1249 4957 1485 5013 diximus
1540 4957 1838 5026 piscatores
1870 4955 2055 5009 fuisse.

486 5049 732 5104 Alterum
791 5064 887 5118 par
917 5047 1153 5105 Jacobus
1200 5057 1256 5103 et
1300 5046 1559 5111 Joannes,
1589 5048 1755 5102 ambo
1796 5046 2060 5101 Zebedaao

488 5138 677 5208 geniti,
705 5147 759 5194 et
780 5139 831 5193 hi
859 5138 1106 5194 similiter
1132 5139 1454 5208 piscatores.
1479 5136 1608 5192 Post
1648 5138 1747 5193 hos
1783 5136 2062 5205 Philippus

488 5238 544 5282 et
577 5229 1022 5284 Bartholommus.
1058 5229 1318 5296 Quisnam
1365 5244 1493 5284 vero
1545 5237 1601 5282 et
1646 5229 1738 5283 hic
1785 5227 2064 5298 Philippus

491 5322 673 5389 fuerit,
715 5321 954 5377 Joannes
986 5321 1312 5391 evangelista
1356 5321 1516 5375 docet
1539 5320 1606 5384 “,
1637 5321 1766 5375 dum
1791 5321 1868 5374 ait
1899 5321 2065 5378 fuisse

558 5439 604 5471 ³⁸
626 5437 821 5492 Matth.
855 5453 938 5504 ιχ,
967 5436 1022 5490 9.
1098 5438 1142 5469 ²¹
1173 5435 1363 5489 Matth.
1399 5451 1456 5500 χ,
1487 5434 1540 5487 5.
1619 5436 1663 5466 ⁸³
1715 5433 1847 5491 Luc.
1882 5453 1955 5503 vr,
1987 5440 2075 5494 15.

558 5550 673 5690 (84ζ
703 5550 834 5605 Cod.
859 5552 922 5606 A.
956 5552 997 5604 f.
1020 5550 1146 5604 269.
1176 5548 1298 5620 Syr.
1329 5548 1421 5612 ιν,
1444 5548 1532 5602 55.

561 5621 652 5690 (85
695 5621 819 5689 Syr.
850 5619 918 5686 ν,
951 5621 1384 5690 58ηῌοηιὶηιιιίηι
1406 5619 1532 5690 reci!

561 5619 673 5691 (85)
695 5621 819 5689 Syr.
850 5619 918 5686 ν,
951 5619 1384 5691 58._Nominatim
1403 5619 1670 5691 recitatur
1708 5619 1797 5691 hic
1823 5620 1973 5674 locus
1997 5637 2062 5676 ex

493 5689 707 5760 Eusebii
727 5691 1017 5760 evangelica
1047 5689 1379 5760 Themi/mnia
1401 5689 1456 5742 in
1475 5689 1592 5742 cod.
1626 5690 1692 5742 A.
1715 5689 1834 5760 [.788
1852 5691 1905 5752 b;
1934 5692 2060 5745 item
2085 5737 2088 5740 .

491 5765 546 5817 in
565 5757 985 5828 Vindobonensi,
1016 5771 1172 5827 prout
1188 5757 1267 5816 ad
1297 5759 1456 5814 Lcum
1481 5760 1699 5828 scripsit
1724 5759 2049 5835 Κορὶιῖιεω.

2161 3211 2293 3282 κείῳ
2329 3213 2723 3284 συγγράμματι
2763 3212 2900 3266 τόνδ’
2947 3212 3150 3283 ἱστορεῖ
3197 3209 3288 3264 τὸν
3341 3209 3551 3280 τρόπον,
3569 3223 3584 3238 ·
3637 3207 3747 3260 Καὶ

2161 3305 2440 3374 παράγων
2478 3303 2710 3361 ἐκεῖθεν
2739 3308 2772 3360 ὀ
2810 3304 3048 3373 Ἰησοῦς
3093 3299 3243 3358 εἶδεν
3291 3302 3603 3370 ἄνθρωπον
3646 3317 3752 3354 κα·-

2161 3395 2420 3465 θήμενον
2443 3396 2544 3449 ἐπὶ
2579 3397 2645 3451 τὸ
2683 3396 2987 3462 τελώνιον,
3032 3395 3334 3452 Ματθαῒον
3376 3395 3622 3464 ὀνόματι
3645 3409 3660 3423 ·
3691 3393 3752 3447 ιο

2160 3488 2368 3559 λέγχων
2401 3488 2595 3542 ἑαυτοῦ
2630 3490 2691 3542 τὸ
2718 3489 2959 3560 τραῦμα,
2996 3490 3084 3542 ἵνα
3121 3488 3409 3558 θαυμάσῃς
3429 3486 3527 3557 τὴν
3557 3485 3752 3554 τέχνην

2159 3579 2254 3634 τοῦ
2293 3580 2692 3652 ίατρεύσαντος.
2728 3582 2839 3634 Καὶ
2869 3582 3030 3635 πάλιν
3061 3580 3265 3654 προῖὼν
3295 3578 3424 3650 ὲξῆς
3447 3579 3537 3631 τόν
3561 3594 3620 3629 τε
3645 3593 3749 3629 κα·-

2159 3673 2386 3742 τάλογον
2441 3673 2550 3727 τῶν
2572 3674 2776 3728 λοιπῶν
2828 3675 3084 3746 μαθητῶν
3117 3672 3595 3745 ἐξαριθμούμενος,
3649 3668 3749 3722 αύ-

2160 3765 2252 3830 τδς
2283 3764 2463 3838 ἑαυτῷ
2504 3765 2565 3819 τὸ
2600 3767 2694 3820 τοῦ
2727 3767 2959 3821 τελώνου
2999 3766 3356 3839 προστίθησιν
3387 3766 3573 3836 ὄνομα,
3601 3762 3664 3814 δι’
3687 3762 3748 3815 ύ-

2161 3854 2434 3928 περδολὴν
2471 3855 2770 3920 ἐπιεικείας
2818 3856 2894 3926 μὴ
2941 3856 3294 3928 ἐπικρύπτων
3336 3853 3428 3907 τὸν
3484 3852 3750 3924 πρότερον

2163 3947 2355 4002 ἑαυτοῦ
2381 3946 2523 4019 βίονο
2563 3947 2659 4001 καὶ
2693 3948 3038 4020 ἁμαρτωλοῖς
3065 3948 3255 4001 ἑαυτὸν
3291 3945 3630 4018 συναριθμεῖ,
3657 3943 3752 3998 καὶ

2162 4042 2256 4094 τοῦ
2289 4041 2687 4096 συναποστόλου
2728 4039 2982 4112 δεύτερον
3015 4039 3204 4094 ἑαυτὸν
3249 4038 3560 4106 καταλέγει.
3621 4037 3754 4090 Συν-

2164 4131 2492 4203 εξευγμένος
2523 4130 2656 4201 γοῦν
2683 4131 2763 4202 τῷ
2789 4131 2981 4204 Θωμᾷ,
3013 4133 3091 4196 ὡς
3134 4132 3338 4201 Πέτρος
3381 4129 3623 4201 Ἀνδρέᾳ,
3660 4126 3756 4182 καὶ⁸

2178 4225 2433 4289 Ἰάκωϐος
2485 4225 2729 4297 Ἰωάννῃ,
2781 4225 3048 4289 Φίλιππός
3099 4241 3159 4278 τε
3193 4225 3288 4278 καὶ
3331 4221 3752 4293 Βαρθολομαῖος,

2167 4317 2458 4388 προτάττει
2484 4315 2679 4369 ἑαυτοῦ
2707 4315 2801 4368 τὸν
2835 4316 3057 4387 Θωμᾶν,
3085 4313 3366 4388 προτιμῶν
3399 4312 3476 4375 ὡς
3508 4310 3757 4382 κρείττο-

2169 4426 2234 4463 να
2262 4409 2354 4464 τὸν
2382 4407 2802 4474 συναπόστολον,
2832 4407 2942 4460 τῶν
2977 4407 3181 4462 λοιπῶν
3217 4403 3614 4475 εύαγγελιστῶν
3637 4401 3759 4454 τοὺ-

2085 4489 2131 4544 ι)
2159 4500 2370 4556 ναντίον
2400 4499 2799 4570 πεποιηκότων.

2232 4589 2348 4660 (86)
2381 4589 2482 4642 Διά
2513 4588 2576 4658 δὴ
2600 4587 2804 4641 τούτων
2835 4587 2943 4640 τῶν
2973 4587 3184 4655 ἀνδρῶν
3212 4587 3245 4657 ἡ
3289 4585 3548 4648 πολύθεος
3576 4586 3762 4658 πλάνη

2165 4686 2359 4754 μικρὸν
2399 4680 2624 4752 ὕστερον
2665 4681 3011 4752 ἁνετρέπετο,
3049 4679 3084 4749 ἦ
3118 4696 3178 4732 τε
3211 4677 3306 4731 τοῦ
3336 4677 3470 4730 Θεοῦ
3513 4676 3767 4748 βασιλεία

2161 4779 2276 4840 τοῖς
2309 4776 2475 4828 πᾶσιν
2504 4773 2854 4844 ὲκηρύττετο.
2902 4773 2993 4826 Διὸ
3026 4773 3121 4826 καὶ
3155 4770 3468 4839 ἀναγκαίως
3499 4770 3668 4842 ἐχρῆν
3693 4773 3768 4842 ή-
3787 4763 3814 4790 ”

2167 4869 2274 4940 μᾶς
2301 4867 2423 4939 μηδ’
2454 4866 2515 4930 ἐξ
2543 4867 2808 4936 ὀνόματος
2842 4866 3103 4936 ἀγνοῆσαι
3136 4864 3279 4927 τίνες
3310 4857 3450 4934 ἦσαν
3473 4857 3640 4916 οὗτοι.
3689 4863 3772 4919 Ἠ

2163 4961 2261 5032 μὲν
2288 4955 2381 5013 οὖν
2407 4957 2596 5032 πρώτη
2631 4957 2863 5026 συζυγία
2884 4958 3088 5029 Πέτρος
3103 4957 3197 5010 καὶ
3237 4956 3507 5027 Ἀνδρέας,
3537 4955 3629 5020 οὓς
3659 4956 3774 5028 ἐμ-

2161 5052 2394 5124 προσθεν
2421 5050 2768 5122 ἐδηλώσαμεν
2797 5049 2965 5114 ἁλιεῖς
2989 5050 3148 5112 ὄντας
3168 5067 3180 5078 ·
3213 5047 3442 5121 δευτέρα
3478 5049 3534 5101 δὲ
3570 5049 3773 5102 Ἰάκω-

2161 5144 2255 5208 ϐος
2284 5144 2378 5197 καὶ
2421 5143 2696 5215 Ἰωάννης,
2729 5143 2896 5214 ἄμφω
2925 5142 3214 5196 Ζεϐεδαίου
3243 5143 3452 5205 παῖδες,
3484 5143 3578 5196 καὶ
3612 5135 3769 5196 οὗτοι

2161 5236 2335 5300 ἁλιεῖς
2363 5253 2375 5266 ·
2424 5236 2552 5308 ἑξῆς
2591 5236 2647 5290 δὲ
2679 5235 2889 5299 τούτοις
2935 5231 3004 5306 ἦν
3051 5235 3314 5298 Φίλιππος
3357 5235 3451 5288 καὶ
3489 5234 3739 5306 Βαρθολο

2167 5333 2325 5400 μαῖος
2351 5347 2364 5360 ’
2403 5330 2488 5393 τίς
2516 5347 2648 5382 ποτε
2683 5329 2739 5382 δὲ
2771 5325 2840 5398 ἦν
2871 5329 2966 5382 καὶ
2992 5322 3145 5392 οὗτος
3173 5331 3202 5382 6
3238 5327 3524 5393 Φίλιππος,
3573 5327 3762 5381 Ἰωάνν

2153 5445 2198 5474 ’³
2224 5442 2384 5498 Joan.
2419 5460 2458 5508 l,
2494 5443 2583 5498 45.

2172 5555 2426 5638 flendum
2474 5565 2654 5611 autem
2689 5555 2999 5638 Θεοφάνους
3041 5573 3140 5638 pro
3177 5557 3556 5638 _§so§:ava£ac,
3603 5573 3758 5638 aqua

2175 5627 2230 5748 iri;
2251 5625 2574 5748 Vaticanum
2602 5626 2842 5695 codicem
2869 5625 3057 5690 atque
3086 5629 3141 5684 in
3177 5625 3646 5686 Vindoboncnsem
3676 5625 3746 5687 ir

2235 5713 2312 5765 ρει
2346 5735 2361 5750 .

2236 5766 2348 5833 (86)
2391 5765 2525 5822 Cod.
2561 5765 2626 5822 A.
2662 5765 2701 5820 f.
2739 5766 2806 5822 94
2833 5769 2900 5835 b;
2958 5767 3082 5836 Syr.
3119 5768 3183 5842 γ,
3214 5769 3304 5824 45.
