4116 6376
433 783 458 802 ,
495 753 650 793 suum

495 341 598 398 659

1158 358 1428 418 EUSEBII
1465 365 1942 436 CESARIENSIS
1977 369 2128 428 OPP.
2166 371 2342 429 PARS
2379 371 2468 429 IV.
2506 404 2575 413 —
2613 365 3027 429 DOGMATICA.

3613 377 3719 436 660

495 464 661 572 riunt"
677 471 898 527 oraculo
942 475 1108 532 fuisse
1141 485 1559 548 praenuntiatum
1589 501 1750 561 atque
1775 508 1804 546 a
1844 493 2050 564 Spiritu

2170 494 2578 566 προτεθέσπιστο
2625 497 2717 548 καί
2765 495 3103 567 προελαλήθη
3155 495 3233 568 τῷ
3281 495 3589 572 Πνεύματι,
3643 497 3722 561 ὡς

494 558 846 667 praedictum,
906 565 1023 618 fore
1078 569 1336 628 nimirum
1387 586 1445 631 ut
1481 579 1584 634 sub
1631 558 1697 636 eo
1743 558 2058 640 nasceretur

2170 558 2278 640 κατ’
2308 587 2476 657 αὐτὴν
2511 585 2790 658 μέλλοντος
2809 558 3139 656 ’γεννηθῖήναι
3167 558 3506 667 ᾖριστοῦξδς
3527 558 3718 659 ἔμελλε

493 644 765 718 Christus,
814 655 906 722 qui
938 657 1170 716 humana
1217 676 1410 722 cuncta
1443 685 1604 740 regna
1639 673 1963 743 destrueret,
2005 686 2059 732 et

2170 682 2337 744 πάσας
2366 644 2465 744 τάξ
2507 644 2564 734 ἐν
2610 644 2915 752 ἀνθρῶποις
2963 644 3237 752 βασιλείας
3281 644 3584 751 καθαιρεῖν,
3625 681 3720 734 καὶ

495 826 634 880 t'oret
667 830 808 885 linis.
852 834 991 906 Ergo
1017 839 1116 894 viri
1145 837 1537 904 desideriorum
1571 826 1791 909 oracula
1821 855 1921 911 hoc
1951 856 2058 912 fer-

494 933 581 971 me
615 935 988 991 argumentum
1031 931 1353 992 habuerunt.

567 1011 1026 1078 Quemadmodum
1083 1024 1210 1078 olim
1263 1026 1489 1099 Egypti
1529 1032 1759 1104 principi
1795 1038 2058 1108 interpres

496 1115 827 1171 somniorum
866 1122 1075 1176 exstitit
1119 1123 1339 1196 Joseph,
1375 1129 1445 1180 ita
1475 1127 1662 1183 Daniel
1686 1128 2056 1184 Chaldaeorum

492 1203 821 1263 dominatori
890 1211 1426 1273 Nabuchodonosoro
1504 1219 1677 1273 visum
1745 1221 2052 1276 declaravit.

493 1293 698 1366 Nempe
744 1302 886 1369 quod
933 1313 1110 1361 statua
1145 1307 1196 1362 in
1242 1311 1446 1364 somnis
1492 1312 1594 1381 ipsi
1618 1320 1857 1381 ostensa,
1907 1313 2059 1382 cujus

494 1398 655 1454 caput
705 1405 958 1459 aureum,
1008 1406 1192 1464 pectus
1233 1409 1587 1468 argenteum,
1629 1411 1819 1458 venter
1854 1417 2057 1466 aeneus,

496 1479 660 1545 pedes
702 1479 886 1547 ferrei,
931 1494 1167 1554 quatuor
1227 1490 1450 1558 imperia
1511 1492 1862 1562 signiﬁcaret.
1940 1493 2060 1562 lpse

494 1567 710 1632 quidem
742 1581 905 1640 caput
933 1588 1176 1640 aureum,
1206 1589 1424 1647 propter
1453 1593 1583 1646 Opes
1614 1580 1878 1634 maximas
1901 1589 2062 1650 atque

495 1659 718 1717 delicias
745 1679 931 1734 regum
966 1668 1398 1742 Assyriacorum.
1459 1671 1708 1742 Magnum
1740 1681 1920 1726 autem
1956 1672 2061 1726 fuit

495 1751 837 1826 Assyriorum
887 1759 1193 1830 imperiunm,
1225 1763 1351 1833 quia
1387 1763 1557 1817 tenuit
1597 1761 1915 1834 Egyptum,
1964 1762 2056 1818 Li-

493 1843 678 1914 byam,
707 1855 761 1902 et
797 1849 1102 1905 universam
1142 1853 1350 1920 Asiam,
1390 1865 1446 1907 et
1481 1867 1654 1922 usque
1701 1854 1768 1907 ad
1809 1853 2056 1908 Indorum
2087 1838 2133 1899 Β

497 1937 770 2005 regionem
799 1939 931 1995 ﬁnes
961 1942 1178 2010 protulit
1215 1959 1228 1995 :
1263 1943 1568 2013 mansitque
1598 1943 1772 2015 longis
1795 1958 2060 1998 annorum

496 2028 761 2098 periodis;
801 2047 922 2086 nam
965 2044 1125 2102 capto
1159 2050 1189 2088 a
1226 2034 1529 2090 Nembrodo
1571 2036 1747 2100 initio,
1793 2050 1966 2105 usque
1995 2037 2063 2091 ad

497 2114 1077 2178 Nabuchodonosorum
1125 2124 1340 2178 devenit
1389 2139 1402 2175 :
1451 2139 1626 2194 neque
1662 2134 1824 2179 antea
1883 2125 2059 2192 desiit,

495 2221 654 2276 quam
693 2211 779 2265 ille
804 2211 899 2266 Dei
935 2214 1132 2283 templo
1173 2215 1667 2286 llierosolymitano
1707 2232 1898 2272 manus
1929 2218 2063 2288 inje-

495 2305 593 2357 cit.
632 2303 742 2360 lloc
765 2312 912 2362 enim
945 2319 1160 2378 patrato
1196 2309 1463 2379 facinore,
1510 2313 1697 2368 statim
1734 2313 1869 2369 Medi
1898 2320 2064 2384 Assy-

497 2395 698 2450 riorum
745 2397 1029 2468 imperium
1074 2401 1470 2471 dissolverant;
1523 2405 1844 2476 primusque
1890 2405 2064 2476 Cyrus

496 2487 562 2540 ad
606 2486 800 2544 Persas
845 2493 1124 2558 transtulit
1178 2503 1538 2564 potentatum.
1609 2494 1842 2551 Secundi
1902 2497 2065 2565 igitur

496 2589 618 2648 post
641 2581 894 2653 Assyrius
920 2585 1100 2641 Persae
1134 2588 1254 2641 orbi
1305 2588 1683 2658 imperitarunt
1704 2589 1986 2658 splendide
2011 2598 2065 2643 et

497 2670 691 2740 insigni
724 2688 848 2727 cum
885 2675 1056 2746 gloria
1089 2693 1103 2730 ε
1133 2692 1295 2746 quam
1328 2694 1441 2733 rem
1478 2679 1857 2750 signiﬁcabant
1883 2689 2066 2749 partes

498 2761 748 2818 secunda:
811 2764 864 2818 in
920 2774 1119 2831 statua,
1177 2779 1400 2837 argento
1458 2779 1787 2826 constantes.
1850 2771 2065 2827 Tertius

499 2867 629 2908 vero
651 2855 1037 2923 superveniens
1066 2857 1374 2915 Alexander
1400 2860 1618 2917 Macedo
1656 2862 1914 2932 pugnavit
1943 2879 2064 2918 cum

498 2943 661 3000 Persa
691 2945 874 3012 Dario,
912 2961 1086 3018 eoque
1119 2950 1283 3017 victo,
1316 2952 1602 3022 imperium
1643 2955 1710 3008 ad
1742 2953 2066 3012 Macedones

499 3033 734 3088 devolvit
765 3051 779 3089 :
814 3037 978 3106 hique
1005 3039 1256 3108 gentibus
1295 3041 1505 3097 cunctis
1533 3043 1690 3111 potiti
1719 3051 1866 3108 sunt,
1922 3045 2065 3099 tertii

499 3134 623 3193 post
652 3127 874 3194 primos.
900 3128 1290 3198 Signiﬁcabant
1326 3141 1508 3187 autem
1557 3133 1655 3188 hos
1684 3148 1922 3203 quoque,
1959 3144 2066 3189 ter-

502 3217 590 3272 tia:
637 3227 829 3274 statue
864 3231 1050 3290 partes
1085 3237 1152 3276 ex
1198 3236 1306 3278 {ere
1334 3241 1349 3277 :
1381 3233 1467 3278 est
1505 3224 1649 3278 enim
1696 3225 1813 3280 hare
1843 3226 2067 3281 materia
2095 3194 2137 3252 C

501 3312 658 3368 valde
693 3316 916 3382 vocalis,
948 3325 1003 3372 et
1062 3317 1222 3388 longe
1272 3317 1487 3387 lateque
1537 3333 1819 3375 resanans.
1875 3318 2072 3391 Hujus-

502 3404 646 3458 modi
675 3403 776 3458 fuit
813 3404 1164 3462 Macedonum
1214 3409 1520 3476 imperium,
1584 3409 1679 3477 qui
1716 3409 1886 3465 Graeci
1916 3418 2072 3465 erant

501 3504 554 3549 et
583 3496 854 3551 idiomatis
882 3499 1273 3566 exquisitioris.
1315 3500 1446 3555 Post
1479 3501 1594 3555 hac
1623 3500 1860 3556 ferreum
1902 3502 2069 3557 deno-

504 3586 717 3641 labatur
741 3588 1053 3657 imperium,
1082 3590 1340 3656 validum,
1370 3600 1426 3646 et
1465 3605 1634 3660 super
1681 3592 1859 3646 omnia
1887 3593 2070 3664 priora

504 3677 860 3735 fortissimum
895 3695 909 3735 :
937 3697 1058 3736 nam
1084 3690 1138 3736 et
1163 3681 1291 3736 ferri
1319 3693 1511 3737 natura
1547 3683 1786 3753 reliquas
1817 3686 2073 3742 materias

502 3772 803 3842 propellere
842 3781 898 3828 et
938 3787 1198 3843 superare
1242 3773 1400 3829 solet.
1447 3773 1734 3840 Quodnam
1788 3789 1918 3830 vero
1966 3776 2071 3831 hoc

505 3873 609 3927 est,
642 3865 744 3919 nisi
774 3865 1140 3922 Romanorum
1183 3866 1492 3935 imperium,
1539 3867 1682 3936 quod
1731 3867 2073 3924 Macedonico

507 3955 804 4009 successit?
852 3954 963 4010 Sub
997 3957 1101 4011 hoc
1125 3955 1302 4012 ferreo
1329 3957 1557 4026 imperio
1605 3957 1857 4013 Christus
1889 3960 2073 4015 nasci-

505 4055 615 4111 tur,
651 4045 784 4115 lapis
808 4045 873 4102 de
902 4054 1083 4102 monte
1112 4063 1210 4103 nec
1237 4048 1388 4102 ferro
1422 4063 1523 4104 nec
1554 4050 1804 4104 manibus
1827 4050 2071 4106 excisus.

508 4133 634 4190 llazc
675 4151 804 4192 vero
852 4137 1079 4206 imperia
1143 4138 1245 4192 sub
1299 4139 1626 4208 imaginibus
1677 4139 2072 4195 irrationalium

509 4242 883 4298 suavarumque
909 4229 1159 4284 ferarum
1183 4239 1402 4285 ostensa
1437 4231 1712 4300 prophetae
1743 4231 1983 4286 fuerunt.

694 752 1065 844 tantummodo
1105 755 1313 844 ubique
1358 759 1644 844 stabiliret,
1696 765 1848 834 cujus
1879 769 2058 824 nullus

2170 772 2254 842 τὴν
2297 772 2432 826 ἰδίαν
2492 771 2858 826 ἀποδεικνύειν
2908 771 3074 844 μόνην
3129 771 3343 825 πάντων
3390 769 3717 842 κρατοῦσαν,

2157 867 2251 918 καὶ
2278 865 2429 928 τέλος
2470 865 2569 917 ούκ
2600 863 3007 935 ἐπιδεχομένην.
3039 862 3122 916 Τά
3149 879 3212 931 γε
3250 864 3355 932 μὴν
3393 861 3488 914 τοῦ
3527 860 3720 930 ἀνδρὸς

2155 956 2264 1009 τῶν
2297 955 2597 1027 ἐπιθυμιῶν
2629 955 2968 1026 θεσπίσματα
2989 950 3092 1008 ὧδέ
3119 971 3194 1025 πη
3227 951 3368 1023 εἶχεν
3391 952 3716 1016 ὑποθέσεως.

2230 1049 2437 1117 Ὥσπερ
2481 1046 2610 1100 ποτέ
2656 1045 2736 1116 τῷ
2774 1047 2875 1116 τῆς
2895 1046 3170 1114 Αἰγύπτου
3203 1045 3422 1116 ἄρχοντι
3453 1043 3723 1114 ἑρμηνεὺς

2157 1138 2264 1192 τῶν
2293 1139 2629 1209 τεθεαμένων
2657 1141 2714 1192 ἐν
2754 1137 2942 1200 ὕπνοις
2972 1137 3207 1206 κατέστη
3235 1137 3262 1188 ό
3306 1134 3522 1204 Ἰωσὴφ,
3552 1133 3723 1197 οῦτως

2158 1231 2186 1281 ό
2219 1227 2416 1297 Δανιὴλ
2444 1227 2521 1298 τῷ
2549 1225 2827 1280 Χαλδαίων
2867 1226 3086 1296 ἄρχοντι
3128 1222 3600 1293 Ναόουχοδονόσορ
3625 1220 3723 1291 τὴν

2158 1319 2279 1389 ὄψιν
2319 1319 2591 1388 διασαφεῖ,
2635 1319 2710 1381 ὼς
2747 1317 2854 1389 ἄρα
2888 1319 2920 1388 ή
2967 1315 3128 1370 εἰκὼν
3170 1315 3309 1368 κατά
3352 1314 3481 1377 τοὺς
3527 1312 3726 1376 ὕπνους

2159 1411 2308 1483 αύτῷ
2350 1411 2596 1482 ὀφθεῖσα,
2629 1406 2695 1483 ἧς
2743 1413 2776 1481 ή
2817 1409 3025 1478 κεφαλὴ
3077 1407 3276 1479 χρυσῆ,
3322 1407 3383 1460 τὸ
3425 1405 3483 1458 δὲ
3533 1403 3727 1475 στῆθος

2159 1505 2449 1576 ἀργύρεον,
2493 1506 2528 1575 ἡ
2565 1504 2621 1558 δὲ
2652 1503 2825 1557 κοιλία
2853 1501 3047 1572 χαλκῆ,
3087 1500 3179 1552 καὶ
3210 1501 3260 1551 ol
3306 1498 3464 1560 πόδες
3499 1495 3725 1567 σιδηροῖ,

2159 1597 2427 1667 τέσσαρας
2469 1596 2616 1665 δηλοῖ
2659 1594 2956 1664 βασιλείας·
2996 1591 3155 1653 αὐτὸς
3187 1591 3280 1661 μὲν
3322 1589 3468 1642 ἐστιν
3494 1589 3528 1659 ή
3554 1586 3727 1658 χρυσῆ

2162 1686 2366 1756 κεφαλὴ
2399 1685 2487 1738 διὰ
2515 1685 2575 1738 τὸ
2609 1681 2974 1756 βαθύπλουτον
3004 1680 3096 1734 καὶ
3127 1677 3397 1750 τρυφηλδν
3428 1676 3538 1730 τῶν
3578 1675 3730 1749 παρὰ

2175 1778 2475 1848 Ἀσσυρίοις
2522 1773 2995 1846 βεϐασιλευκότων.
3041 1769 3264 1838 Μεγάλη
3310 1768 3368 1822 δὲ
3400 1768 3496 1822 καὶ
3522 1765 3661 1837 αῦτη
3691 1768 3732 1838 η

2160 1867 2269 1921 τῶν
2330 1866 2630 1937 Ἀσσυρίων
2682 1863 2954 1935 βασιλεία·
2991 1863 3251 1932 κατέσχον
3296 1859 3404 1931 γάρ
3452 1859 3728 1929 Αἰγύπτου

2161 1959 2256 2011 καὶ
2283 1956 2490 2028 Λιϐύης
2529 1956 2710 2018 Ἀσίας
2744 1972 2804 2008 τε
2850 1955 3049 2024 πάσης,
3080 1951 3290 2022 διῆλθόν
3326 1967 3385 2003 τε
3428 1951 3524 2005 καὶ
3570 1950 3732 2022 μέχρι

2161 2048 2261 2116 τῆς
2309 2047 2484 2100 Ἰνδῶν
2537 2045 2896 2116 οἰκουμένης·
2935 2041 3188 2112 διήρκεσέ
3224 2057 3284 2093 τε
3328 2042 3564 2112 μακραῖς
3596 2040 3732 2095 ἐτῶν

2162 2138 2452 2210 περιόδοις,
2483 2135 2764 2209 ἀρξαμένη
2803 2135 2900 2203 μὲν
2939 2131 3047 2186 ἀπὸ
3075 2130 3170 2184 τοῦ
3198 2129 3445 2202 Νεϐρὼδ,
3476 2129 3730 2202 παρατεί-

2161 2247 2295 2284 νασα
2338 2230 2393 2282 δὲ
2435 2229 2528 2282 ἐπὶ
2578 2227 2668 2280 τὸν
2713 2223 3214 2294 Ναϐουχοδονόσορ·
3248 2220 3310 2275 ού
3366 2222 3626 2296 πρότερον
3675 2221 3730 2276 δέ

2161 2321 2492 2392 ἀπεσϐέσθη,
2528 2320 2560 2389 ἢ
2592 2321 2780 2390 χεῖρας
2827 2317 2919 2370 ἐπὶ
2955 2317 3045 2369 τδν
3084 2317 3142 2370 ἐν
3185 2314 3575 2387 Ἱεροσολύμοις
3603 2312 3734 2369 νεὼν

2160 2414 2254 2468 τοῦ
2289 2411 2427 2467 Θεοῦ
2464 2411 2665 2482 βαλεῖν.
2701 2409 2902 2463 Τούτου
2941 2408 3050 2478 γὰρ
3084 2407 3396 2478 γενομένου,
3426 2407 3600 2478 Μῆδοι
3632 2423 3738 2460 πα-

2164 2503 2425 2576 ραχρῆμα
2478 2501 2577 2573 τὴν
2647 2499 2944 2570 Ἀσσυρίων
3002 2497 3177 2568 ἀρχὴν
3232 2494 3620 2550 καταλύουσιν·
3660 2488 3738 2548 ὧν

2162 2593 2378 2666 πρῶτος
2410 2591 2591 2664 Κῦρος
2634 2593 2714 2654 εἰς
2744 2590 2960 2661 Πέρσας
2994 2587 3359 2658 μετεστήσατο
3399 2587 3500 2656 τὴν
3529 2587 3752 2656 ήγεμοια

2162 2685 2301 2739 νίαν.
2337 2685 2448 2738 Καὶ
2489 2684 2547 2736 δὲ
2578 2682 2816 2752 δεύτεροι
2863 2679 3000 2751 μετὰ
3035 2675 3346 2747 Ἀσσυρίους
3389 2675 3592 2746 Πέρσαι
3630 2674 3732 2744 τῆς

2162 2775 2486 2846 οἰκουμένης
2517 2773 2758 2843 ἐπῆρξαν
2780 2771 3133 2843 λαμπρότατα
3156 2768 3251 2822 καὶ
3279 2765 3549 2836 διαφανῶς
3567 2783 3581 2797 ·
3606 2765 3636 2818 ὃ
3662 2765 3730 2835 δὴ

2164 2869 2257 2923 καὶ
2283 2867 2472 2938 ἐδήλου
2503 2866 2572 2918 τὰ
2603 2864 2830 2935 δεύτερα
2869 2863 3008 2936 μέρη
3041 2863 3136 2934 τῆς
3169 2860 3371 2924 εἰκόνος
3400 2857 3456 2924 ἐξ
3489 2857 3732 2928 ἀργύρου

2165 2959 2526 3031 πεποιημένα.
2553 2957 2745 3029 Τρίτος
2781 2956 2838 3008 δὲ
2866 2952 3102 3009 ἐπελθὼν
3127 2949 3466 3020 Ἀλέξανδρος
3494 2951 3522 3002 ὁ
3551 2949 3738 3001 Μακε-

2164 3053 2267 3108 δὼν
2299 3049 2592 3122 συμϐάλλει
2629 3047 2728 3119 μὲν
2759 3046 2836 3117 τῷ
2873 3046 3056 3117 Πέρση
3090 3041 3318 3114 Δαρείῳ·
3353 3040 3487 3093 ἐλὼν
3529 3039 3586 3093 δέ
3613 3038 3739 3091 τοῦ-

2169 3163 2280 3209 τον,
2313 3143 2411 3215 τὴν
2438 3141 2610 3213 ἀρχὴν
2638 3141 2718 3202 είς
2731 3137 3044 3200 Μακεδόνας
3074 3134 3463 3206 μετεστήσατο·
3488 3129 3582 3184 καὶ
3604 3147 3742 3201 κρα-

2171 3237 2352 3290 τοῦσιν
2388 3229 2531 3288 οὗτοι
2579 3230 2687 3284 τῶν
2735 3229 2904 3282 ἐθνῶν
2945 3228 3199 3282 ἁπάντων
3234 3224 3405 3297 τρίτοι
3453 3223 3589 3294 μετά
3613 3222 3740 3285 τοὺς

2172 3328 2439 3400 πρώτους.
2503 3324 2794 3395 Ἐσήμαινε
2847 3321 2903 3375 δὲ
2939 3320 3046 3391 ἄρα
3095 3319 3188 3372 καὶ
3241 3317 3459 3380 τούτους
3493 3315 3563 3369 τὰ
3585 3315 3742 3386 τρίτα

2175 3420 2312 3491 μέρη
2351 3418 2451 3488 τῆς
2480 3415 2687 3477 εἰκόνος
2719 3413 2808 3466 διὰ
2837 3411 2928 3465 τοῦ
2958 3409 3186 3482 χαλκοῦ·
3213 3407 3452 3477 εῦφωνος
3472 3405 3577 3477 γὰρ
3605 3404 3740 3476 αῦτη

2172 3511 2204 3579 ἡ
2234 3507 2333 3576 ῦλη
2368 3505 2463 3559 καὶ
2503 3502 2717 3575 μακρὰν
2745 3503 2897 3572 ήχεῖν
2926 3499 3214 3569 δυναμένη.
3248 3497 3482 3566 Τοιαύτη
3511 3495 3569 3549 δέ
3596 3511 3680 3557 τις
3704 3495 3739 3565 ή

2171 3599 2277 3652 τῶν
2309 3595 2635 3651 Μακεδόνων
2673 3591 2958 3665 ἡγεμονία,
3001 3589 3266 3659 Ἑλλήνων
3295 3587 3461 3641 ὄντων
3499 3586 3595 3639 καὶ
3641 3583 3741 3655 τὴν

2173 3688 2417 3758 γλῶτταν
2443 3684 2847 3754 λογικωτέρων·
2889 3681 2982 3734 ἐπὶ
3021 3680 3078 3734 δὲ
3121 3679 3332 3744 τούτοις
3369 3677 3467 3750 τήν
3498 3677 3737 3748 σιδήρεον

2174 3779 2393 3851 ᾐνίξατο
2423 3775 2717 3847 βασιλείαν,
2749 3771 3017 3846 κραταιὰν
3057 3772 3150 3824 καὶ
3193 3769 3555 3841 διαφερόντως
3590 3765 3740 3838 παρά

2177 3871 2356 3933 πάσας
2402 3869 2500 3930 τὰς
2542 3866 2647 3937 πρὸ
2676 3865 2843 3934 αύτῆς
2888 3863 3240 3933 ἰσχυροτάτην
3261 3879 3274 3892 ·
3311 3863 3433 3916 ἐπεὶ
3463 3861 3558 3914 καὶ
3583 3861 3617 3932 ή
3648 3856 3746 3912 τοῦ·

2177 3960 2394 4031 σιδήρου
2431 3958 2657 4029 δύναμις
2703 3954 2944 4008 ἐλαύνειν
2989 3953 3081 4006 καὶ
3124 3952 3382 4024 δαμάζειν
3422 3949 3521 4014 τὰς
3552 3948 3746 4013 λοιπὰς

2177 4053 2307 4116 ῦλας
2331 4050 2488 4121 φύσιν
2513 4049 2644 4119 ἔχει.
2675 4047 2771 4110 Τίς
2796 4046 2854 4099 δὲ
2879 4045 3039 4116 αὕτη,
3063 4045 3096 4117 ἢ
3122 4045 3230 4098 τῶν
3267 4043 3552 4114 Ῥωμαίων
3579 4040 3745 4112 ἀρχὴ,

2173 4146 2272 4216 τῆς
2301 4142 2410 4196 τῶν
2447 4139 2770 4196 Μακεδόνων
2809 4139 3125 4191 καταστᾶσα
3157 4135 3424 4204 διάδοχος;
3472 4134 3530 4187 ἐν
3575 4131 3748 4204 ταύτῃ

2175 4239 2240 4308 τῇ
2273 4235 2465 4306 σιδηρᾷ
2489 4231 2732 4302 βασιλείᾳ
2751 4229 2982 4300 Χριστὸς
3001 4229 3276 4297 γεννᾶται,
3299 4229 3328 4281 ό
3345 4225 3576 4296 τμηθεὶς
3600 4224 3750 4289 λίθος

2175 4330 2232 4395 ἐξ
2259 4328 2435 4398 ὅρους,
2457 4325 2517 4377 ού
2541 4322 2762 4393 σιδήρῳ,
2783 4321 2893 4376 ἀλλ’
2917 4320 3043 4375 ἀνευ
3069 4317 3285 4390 χειρῶν·
3311 4317 3388 4388 τῷ
3411 4317 3467 4370 δὲ
3495 4317 3752 4390 προφήτῃ

2179 4416 2383 4488 θηρίων
2415 4412 2623 4480 ἀλόγων
2649 4427 2708 4463 τε
2733 4410 2827 4464 καὶ
2857 4407 3062 4477 ἀγρίων
3096 4408 3152 4458 ἐν
3191 4406 3422 4476 μορφαῖς
3453 4401 3751 4458 ἐδείκνυτο.

581 4503 733 4558 Sicut
774 4517 906 4558 auro
943 4503 1291 4572 Assyriorum
1340 4518 1471 4573 opes
1503 4505 1937 4574 repraesentavit,
1994 4509 2072 4566 sic

2222 4505 2568 4579 (90⁶)”Ωσπερ
2587 4501 2765 4572 μέντοι
2778 4500 2863 4554 διὰ
2877 4499 2970 4552 τοῦ
2983 4495 3180 4572 χρυσοῦ
3191 4496 3250 4548 τὸ
3264 4494 3627 4586 βαθύπλουτον

509 4596 676 4652 lemna
704 4592 1068 4651 etl'eminatam
1103 4596 1314 4652 illorum
1359 4597 1682 4666 mollemque
1711 4598 1877 4654 vitam
1911 4601 2079 4657 deno-

512 4685 667 4740 tavit.
700 4685 986 4742 Persarum
1016 4703 1145 4743 vero
1180 4689 1489 4744 tarditatem
1519 4698 1575 4744 et
1608 4690 1819 4759 pon‘dus
1867 4707 1963 4761 per
1991 4709 2085 4748 ur-

511 4794 648 4854 sam.
688 4779 975 4836 Panthera;
1017 4779 1329 4851 pernicitati
1373 4779 1739 4836 Alexandrum
1800 4797 2084 4852 compara-

511 4872 610 4935 vit,
637 4881 860 4942 pr0pter
915 4873 1114 4928 indolis
1157 4874 1275 4944 ejus
1303 4889 1528 4929 acumen
1585 4882 1639 4928 et
1676 4874 2032 4929 mobilitatem
2064 4889 2080 4929 :

515 4965 602 5019 hic
629 4964 774 5018 enim
807 4978 928 5018 cum
981 4965 1238 5020 tredecim
1291 4973 1344 5021 et
1405 4964 1620 5034 quidem
1652 4962 1795 5017 haud
1855 4964 2078 5033 integris

513 5059 672 5114 annis
726 5057 1060 5127 regnaverit,
1119 5057 1375 5111 mundum
1442 5056 1754 5110 universum
1803 5053 2079 5118 decurrit,

515 5149 756 5218 qualibet
779 5162 878 5204 ave
914 5147 1212 5213 volucrior,
1245 5146 1514 5215 Europam
1553 5159 1746 5214 nempe
1777 5155 1833 5200 et
1869 5145 2077 5212 Asiam,

515 5243 688 5305 donec
719 5245 893 5311 ipsum
937 5255 1200 5295 oceanum
1239 5239 1439 5303 attigit.
1472 5236 1700 5291 Romani
1732 5247 1915 5290 autem
1973 5235 2083 5290 Ma-

515 5334 752 5388 cedones
797 5330 1029 5400 imperio
1059 5327 1454 5398 spoliaverunt,
1491 5335 1823 5394 postremum
1871 5321 2082 5378 illorum

517 5424 849 5492 deponentes
901 5435 1080 5491 regem
1142 5419 1423 5473 Perseum.
1501 5415 1671 5486 Syros
1723 5427 1940 5482 quoque
1987 5427 2085 5482 per

517 5511 830 5584 Pompeium
883 5523 1048 5584 atque
1107 5510 1401 5566 Gabinium
1459 5508 1624 5561 duces
1682 5507 2082 5576 subjugarunt,

519 5606 810 5674 Asiamque
871 5619 966 5674 per
1038 5602 1253 5659 eosdem
1309 5597 1719 5668 stipendiariam
1813 5596 2082 5653 fecerunt.

518 5721 643 5786 τοὺς
669 5721 830 5774 αὑτοῦ
859 5719 1169 5788 κατέγραψε
1209 5718 1423 5788 νόμους,
1461 5714 1554 5768 καὶ
1585 5713 1866 5784 παρεδίδου
1899 5729 1962 5778 γε
1988 5711 2086 5833 την

521 5790 712 5833 numini
737 5792 1006 5833 Amflhmu
1030 5790 1304 5833 ’λογισμοῖς
1331 5787 1422 5833 καὶ
1449 5784 1704 5833 διανοίαις
1743 5781 2028 5833 κεκαθαου.
2063 5810 2086 5821 -

505 5781 712 5863 ,καινήν
735 5781 1018 5862 Διαθήκην
1030 5781 1304 5858 λογισμοῖς
1331 5787 1422 5842 καί
1449 5781 1704 5847 διανοίαις
1743 5781 2087 5850 κεκαθαρμέ-

2191 4596 2486 4668 Ἀσσυρίων
2512 4591 2832 4663 παρίστατο,
2854 4589 2996 4642 οῦτω
3020 4588 3108 4642 διὰ
3133 4587 3236 4656 τῆς
3261 4583 3478 4655 λεαίνης
3500 4581 3562 4636 τὸ
3591 4579 3761 4653 τεθη-

2177 4689 2407 4759 λυμένον
2435 4683 2611 4739 αὐτῶν
2637 4682 2731 4736 καὶ
2755 4679 2951 4751 χαῦνον
2982 4677 3233 4748 ἐδηλοῦτο
3251 4693 3265 4707 ·
3290 4675 3352 4728 τὸ
3371 4674 3428 4728 δὲ
3451 4673 3617 4745 βραδὺ
3641 4671 3762 4726 τῶν

2178 4778 2402 4851 Περσῶν
2435 4775 2530 4830 καὶ
2543 4771 2879 4842 δυσκίνητον,
2899 4770 2986 4823 διά
3014 4769 3113 4840 τῆς
3145 4769 3316 4839 ἄρκου
3334 4781 3348 4796 ·
3405 4764 3666 4836 παρδάλει
3691 4763 3764 4818 δὲ

2178 4871 2428 4944 πτερωτῇ
2464 4867 2556 4920 τὸν
2615 4862 2957 4932 Ἀλέξανδρον
2992 4859 3271 4930 ἀφωμοίου
3301 4856 3389 4911 διά
3414 4857 3475 4944 τὸ
3507 4855 3605 4926 τῆς
3647 4855 3766 4944 qni-

2181 4943 2316 5020 σεως
2347 4955 2438 5018 ὀξὺ
2475 4952 2568 5006 καὶ
2613 4949 2919 5019 εὐκίνητον·
2951 4947 3057 5001 οὐδ’
3087 4947 3228 5010 ὅλοις
3259 4944 3391 5014 γοῦν
3419 4943 3566 4997 ἔτεσι
3602 4943 3771 5013 τρισὶ

2181 5047 2274 5101 καὶ
2305 5046 2437 5099 δέκα
2486 5043 2582 5114 τὴν
2623 5042 2797 5113 ἀρχὴν
2844 5039 3241 5111 ἐπικρατήσας,
3288 5035 3385 5107 τὴν
3429 5031 3769 5106 οἰκουμένην

2182 5135 2412 5206 ἐπῆλθεν
2446 5133 2686 5197 ἃπασαν,
2718 5129 2918 5193 παντὸς
2945 5127 3129 5194 ὀρνέου
3161 5127 3350 5180 θᾶττον
3374 5121 3624 5186 διαπτάς,
3653 5123 3770 5177 Εὐ-

2187 5226 2374 5299 ρώπην
2416 5225 2550 5296 ὁμοῦ
2595 5223 2688 5276 καὶ
2730 5220 2935 5284 Ἀσίαν,
2983 5219 3059 5282 ὡς
3103 5218 3296 5290 μέχρις
3334 5215 3498 5270 αὐτοῦ
3546 5213 3771 5284 ψαῦσαι

2184 5313 2453 5370 ὠκεανοῦ·
2515 5314 2774 5382 Ῥωμαῖοι
2824 5309 2881 5361 δὲ
2935 5308 3249 5370 Μακεδόνας
3293 5307 3389 5377 μέν
3432 5305 3532 5376 τῆς
3576 5303 3771 5374 ἀρχῆς

2189 5406 2576 5479 ἀφαιροῦνται,
2630 5403 2858 5456 ῦστατον
2915 5399 3094 5453 αὐτῶν
3152 5396 3374 5470 βασιλέα
3437 5393 3776 5466 καθελόντες

2189 5499 2434 5572 Περσέα·
2485 5497 2687 5567 Σύρους
2733 5495 2794 5547 δὲ
2838 5492 3192 5546 ὑποτάττουσι
3231 5489 3320 5545 διὰ
3354 5487 3640 5559 Πομπηΐου
3663 5487 3775 5542 καὶ

2189 5592 2438 5646 Γαϐινίου
2470 5585 2809 5661 στρατηγῶν,
2843 5585 2940 5656 τήν
2970 5601 3028 5637 τε
3072 5583 3257 5639 Ἀσίαν
3272 5580 3494 5653 ῥλόντες
3527 5578 3616 5632 διὰ
3647 5577 3778 5636 τῶν

2193 5726 2325 5771 ναις.

2265 5765 2408 5848 (ἐμοί’)
2438 5776 2570 5832 Cod.
2602 5775 2663 5828 A.
2693 5773 2733 5830 ι.
2763 5771 2850 5838 ll,
2877 5772 2932 5827 b.
2959 5770 3093 5827 Cod.
3119 5767 3180 5823 ε.
3212 5767 3249 5822 r.
3281 5765 3371 5820 εδ.
