4116 6394
420 429 520 483 665

1105 415 1375 471 EUSEBII
1415 407 1893 469 CASSARIENSIS
1932 406 2084 462 OPP.
2125 403 2306 460 PARS
2342 402 2431 457 IV.
2472 431 2542 444 —
2580 397 3004 455 DOGMATICA.

3572 383 3677 446 664

421 561 631 601 σονται
692 541 983 613 ὀφθαλμοὶ
1017 536 1281 607 τυφλῶν,
1327 537 1427 590 καὶ
1466 529 1587 588 ὦτα
1647 530 1863 601 κωφῶν
1890 529 2250 584 ἀκούσονται
2276 544 2289 559 ο
2325 525 2459 579 τότε
2515 521 2741 577 ἁλεῖται
2795 521 2875 586 ὡς
2943 520 3172 586 ἔλαφος
3213 516 3249 570 ὁ
3295 511 3528 583 χωλὸς,
3578 509 3676 563 καὶ

422 637 607 707 τρανὴ
655 601 828 692 ἔσται
882 601 1152 704 ,γλῶσσα
1222 627 1597 708 μογιλάλων*
1642 625 1731 679 ὅτι
1785 622 2004 694 ἐρράγη
2073 624 2144 677 ὲν
2210 619 2286 690 τῇ
2348 617 2546 690 ἐρήμῳ
2576 616 2754 685 ὕδωρ,
2787 613 2885 668 καί
2923 612 2962 680 ή
3005 608 3241 682 φάραγξ
3264 608 3337 663 ἐν
3395 605 3474 677 τῇ
3497 601 3681 675 διψώ-

421 746 500 798 σῃ
531 728 667 799 (94).

491 795 706 876 Πῷονὶη
761 815 934 870 sacris
965 812 1144 875 libris,
1193 817 1448 878 tanquam
1485 806 1537 860 in
1574 803 1868 868 columnis,
1899 801 2002 856 im-

2176 807 2360 862 Ταῦτα
2394 805 2594 878 βίϐλοις
2637 803 2830 876 ἱεραῖς,
2856 799 3046 871 ὥσπερ
3077 799 3135 852 ἐν
3162 795 3403 869 στήλαις,
3435 807 3678 847 τετυπω-

421 929 605 986 pressa
636 911 764 966 olim
801 905 940 976 apud
970 921 1028 960 se
1044 903 1304 958 habentes
1334 900 1574 954 Hebr-reae
1602 896 1781 966 gentis
1809 896 1993 957 duces,

421 1018 704 1078 postquam
740 1000 874 1070 ipsis
906 995 1269 1052 renuntiatum
1294 1002 1375 1046 est
1398 989 1660 1044 Joannem
1697 989 1751 1045 in
1786 989 1999 1043 deserto

421 1110 472 1154 et
499 1097 656 1165 juxta
687 1091 982 1146 Jordanem
1033 1086 1252 1140 ﬂuvium
1304 1083 1629 1154 praedicare;
1684 1080 1842 1136 factis
1869 1093 2000 1148 prae-

421 1189 689 1244 dictiones
738 1181 1105 1242 conferentes,
1160 1177 1333 1245 ipsum
1363 1188 1482 1229 esse
1525 1182 1581 1228 et
1613 1187 1718 1227 non
1748 1172 1936 1235 alium,
1967 1185 1997 1224 a

421 1277 684 1348 prOpheta
723 1273 1106 1342 signiﬁcatum,
1153 1267 1553 1336 conjiciebant;
1605 1262 1896 1332 missisque
1924 1261 1999 1316 le-

423 1371 564 1440 gatis
591 1368 849 1436 rogabant
903 1379 1030 1417 num
1083 1361 1197 1428 ipse
1225 1369 1373 1414 esset
1410 1357 1680 1412 Christus.
1731 1352 1781 1410 Is
1819 1362 1997 1409 autem

424 1464 685 1532 negabat;
743 1469 796 1514 et
843 1472 902 1512 se
954 1471 1058 1510 non
1106 1467 1229 1508 esse
1271 1465 1617 1506 communem
1653 1447 2000 1502 Servatorem

425 1555 695 1609 fatebatur
727 1567 743 1606 :
777 1551 870 1606 sed
899 1549 1043 1604 enim
1076 1555 1341 1615 praesente
1364 1543 1475 1614 jam
1501 1557 1566 1597 eo
1599 1542 1688 1610 qui
1720 1549 2003 1608 exspecta-

425 1648 611 1709 batur,
644 1643 888 1714 ejusdem
935 1655 996 1694 se
1044 1650 1436 1708 praecursorem
1479 1633 1742 1689 dicebat:
1779 1645 2002 1686 verum-

426 1747 606 1790 tamen
640 1749 702 1788 se
743 1732 881 1786 nihil
917 1730 1059 1784 aliud
1105 1742 1267 1797 quam
1318 1739 1508 1780 vocem
1540 1723 1846 1779 Servatoris
1871 1737 2004 1781 nun-
2047 1714 2057 1723 ’

425 1825 576 1884 tiam,
605 1835 725 1876 esse
756 1819 1008 1874 docebat.
1043 1817 1208 1886 quue
1257 1813 1540 1883 Evangelii
1571 1813 1754 1868 divina
1780 1811 2006 1878 exponit

426 1914 756 1982 Scriptura:
790 1910 996 1967 Fassus
1033 1919 1136 1977 est,
1179 1908 1378 1977 inquit,
1410 1921 1470 1962 se
1520 1920 1628 1961 non
1677 1919 1798 1960 esse
1845 1905 2003 1960 Chri-

425 2018 591 2069 stum,
626 2007 718 2060 sed
747 2019 934 2060 vocem
987 2005 1040 2057 in
1077 2003 1293 2056 deserto
1341 1999 1672 2055 clamantem
1714 2015 1729 2051 :
1773 1997 2004 2067 Dirigite

425 2099 562 2153 viam
595 2096 826 2150 Domini.
855 2095 970 2165 Ego
1004 2110 1143 2164 aqua
1171 2092 1402 2161 baptizo,
1443 2092 1650 2144 medius
1697 2098 1875 2144 autem
1919 2105 2005 2142 ve-

2103 901 2240 972 μένα
2268 900 2439 954 πάλαι
2461 899 2590 969 παρ’
2616 897 2826 958 ἐαυτοῖς
2852 893 3066 964 ἔχοντες
3096 891 3147 944 oi
3182 884 3557 957 καθηγεμόνες
3583 881 3678 936 τοῦ

2113 992 2383 1046 Ἰουδαίων
2419 989 2627 1056 ἔθνους,
2659 984 2846 1056 ἐπειδὴ
2891 985 3147 1054 Ἰωάννης
3175 979 3359 1042 αὐτοῖς
3389 975 3680 1048 κηρύττειν

2100 1083 2193 1138 ἐπὶ
2216 1083 2318 1154 τῆς
2345 1083 2552 1154 ἐρήμου
2584 1081 2679 1135 καὶ
2717 1077 2860 1150 ἀμφὶ
2887 1075 2977 1130 τὸν
3016 1073 3288 1148 Ἰορδάνην
3317 1067 3559 1139 ποταμὸν
3581 1067 3682 1136 ἡγ-

2100 1176 2340 1245 γέλλετο,
2369 1177 2481 1239 τοῖς
2521 1174 2810 1246 πράγμασι
2841 1168 2941 1233 τὰς
2975 1167 3312 1240 προρρήσεις
3353 1158 3683 1233 συμϐάλλον-

2100 1253 2212 1331 τὲς,
2247 1265 2412 1321 αὐτὸν
2437 1260 2576 1318 εἶναι
2605 1262 2700 1317 καὶ
2741 1261 2842 1314 οὐκ
2864 1259 3022 1312 ἄλλον
3057 1255 3148 1310 τὸν
3174 1253 3263 1307 διὰ
3283 1250 3378 1306 τοῦ
3401 1251 3681 1320 προφήτου

2103 1359 2500 1430 σημαινόμενον
2541 1354 2924 1425 ὑπετόπησαν*
2965 1348 3193 1421 ἠρώτων
3229 1364 3290 1400 τε
3330 1343 3682 1400 ἀποστείλαν-

2099 1468 2216 1517 τες,
2247 1451 2295 1504 εί
2322 1450 2479 1514 αὐτὸς
2508 1449 2595 1519 εῐη
2622 1450 2650 1502 ὁ
2675 1445 2929 1518 Χριστός.
2979 1443 3036 1495 Ὁ
3063 1440 3120 1494 δὲ
3147 1439 3222 1511 μὴ
3244 1433 3381 1492 εἶναι
3411 1437 3509 1508 μὲν
3538 1436 3687 1506 ὠμο-

2102 1541 2270 1608 λόγει,
2315 1541 2438 1594 ἐπεὶ
2473 1538 2596 1610 μηδ’
2627 1536 2787 1599 αὐτὸς
2810 1534 2871 1587 τὸ
2899 1530 3075 1587 κοινὸν
3101 1529 3359 1583 ἁπάντων
3396 1525 3682 1610 σωτήρ-ιονο

2104 1633 2373 1704 παρόντος
2414 1608 2485 1684 δέ
2507 1608 2606 1700 ήδη
2653 1625 2747 1680 τοῦ
2789 1620 3239 1696 προσδοκωμένου
3260 1657 3276 1682 ,
3322 1615 3512 1670 ἐαυτὸν
3545 1608 3688 1666 εἶναι

2103 1724 2432 1797 πρόδρομον,
2459 1721 2554 1775 καὶ
2580 1718 2679 1791 τὴν
2711 1717 2804 1770 ἐπι⁹
2825 1704 2932 1786 ’τῆς
2975 1714 3181 1784 ἐρήμου
3213 1707 3396 1780 φωνὴν
3422 1706 3523 1797 ⁴τὴν

2104 1793 2398 1886 αγγελικὴν
2437 1811 2532 1866 τοῦ
2585 1808 2891 1881 σωτηρίου,
2934 1804 3095 1866 αὐτὸς
3160 1800 3353 1854 ἐαυτὸν
3397 1795 3538 1851 εἶναι
3583 1793 3692 1848 ἐδί-

2103 1908 2305 1960 δασκεο
2349 1905 2446 1958 καὶ
2480 1900 2639 1956 τοῦτο
2666 1903 2701 1972 ή
2739 1898 2859 1952 θεία
2896 1895 2990 1950 τοῦ
3023 1891 3356 1960 Εὑαγγελίου
3391 1887 3690 1959 παρίστησι

2112 2003 2302 2074 Γραφή
2322 2019 2336 2032 ο
2377 1999 2712 2072 Ὠμολόγησε
2733 1997 2863 2067 γὰρ,
2901 1994 3084 2065 φησὶν,
3105 1992 3186 2044 ὅτι
3216 1990 3336 2042 Οὐκ
3362 1987 3479 2056 εἰμὶ
3515 1984 3629 2056 ἐγὼ
3658 1987 3691 2040 ὀ

2105 2093 2378 2163 Χριστὸς,
2416 2091 2553 2146 ἀλλ’
2585 2091 2701 2160 ἐγὼ
2729 2087 2897 2158 φωνὴ
2931 2083 3199 2150 βοῶντος
3245 2081 3315 2135 ἐν
3357 2079 3432 2148 τῇ
3469 2078 3686 2148 ἐρήμῳ,

425 2202 589 2244 mum
616 2189 781 2260 stetit,
813 2203 964 2256 quem
987 2203 1076 2241 vos
1100 2186 1309 2240 nescitis
1337 2186 1405 2239 ’⁸.
1435 2183 1610 2237 Lucas
1647 2182 1774 2237 item
1821 2179 2005 2237 simili-

2113 2185 2412 2238 Εὐθύνατε
2445 2180 2560 2249 τὴν
2599 2178 2745 2232 ὁδὸν
2784 2177 3036 2244 Kvplov'
3084 2170 3199 2242 ἐγὼ
3230 2167 3495 2235 βαπτίζω
3536 2165 3688 2236 ὑμᾶς

425 2291 512 2337 ter
540 2287 748 2346 narrat,
785 2278 1256 2334 eonfabulantibus
1288 2275 1501 2332 cunctis
1531 2276 1677 2331 circa
1710 2272 2002 2330 Jordanem

424 2377 493 2430 de
545 2371 776 2436 Joanne,
837 2386 962 2424 num
1019 2371 1065 2424 is
1111 2368 1362 2424 Christus
1416 2374 1580 2434 esset,
1646 2365 1996 2435 respondisse

423 2464 686 2519 Joannem
726 2477 740 2513 :
770 2460 884 2530 Ego
915 2459 1130 2530 quidem
1184 2473 1271 2511 vos
1304 2474 1443 2528 aqua
1487 2457 1715 2527 baptizo,
1745 2457 1880 2510 venit
1904 2471 2006 2508 au-

425 2567 530 2609 tem
555 2553 645 2624 qui
679 2569 761 2606 me
791 2551 985 2621 fortior
1006 2559 1122 2614 est;
1175 2549 1286 2616 ipse
1333 2564 1420 2602 vos
1465 2546 1751 2616 baptizabit
1803 2544 2006 2615 Spiritu

425 2656 609 2701 sancto
643 2655 690 2697 et
716 2645 835 2710 igne
863 2642 930 2696 ³ο.
968 2641 1105 2708 Quid
1135 2648 1219 2694 est
1261 2648 1444 2693 autem
1475 2637 1656 2709 ignis?
1701 2650 1891 2705 nempe
1925 2635 2006 2689 rei

425 2734 642 2790 inutilis
673 2731 1038 2800 consumptio,
1067 2740 1124 2784 et
1148 2729 1314 2784 ardor
1339 2728 1582 2798 spiritus.
1617 2727 1816 2781 Eodem
1844 2739 2006 2780 sensu

425 2825 667 2884 Joannes
703 2839 920 2894 quoque
977 2819 1298 2893 (apostolus)
1351 2821 1578 2874 aiebat:
1615 2817 1716 2872 Hic
1763 2819 1904 2872 venit
1951 2819 2008 2870 in

428 2918 811 2981 testimonium,
846 2926 900 2968 ut
943 2914 1298 2969 testimonium
1341 2911 1632 2981 perhiberet
1666 2910 1730 2963 de
1785 2909 2007 2974 lumine,

427 3020 487 3063 ut
519 3025 694 3064 omnes
722 3009 991 3061 crederent
1025 3020 1115 3074 per
1148 3005 1340 3072 ipsum.
1376 3001 1427 3056 Ν
1434 3019 1498 3056 οη
1529 3011 1641 3055 erat
1674 3001 1764 3055 ille
1803 3000 2003 3066 lumen,

429 3102 522 3156 sed
551 3112 604 3153 ut
641 3097 997 3153 testimonium
1027 3095 1318 3165 perhiberet
1350 3095 1413 3147 de
1451 3093 1648 3148 lumine
1679 3092 1746 3144 ⁸².
1786 3090 1891 3146 Sed
1919 3090 2010 3144 hic

431 3191 651 3261 quidem
701 3190 776 3244 ita
826 3189 1037 3242 initium
1082 3184 1484 3256 praedicationis
1533 3183 1789 3250 faciebat,
1839 3182 2012 3237 dedu-

432 3297 563 3337 cens
629 3281 778 3336 vocis
839 3280 1013 3334 instar
1067 3279 1345 3333 hominum
1414 3277 1626 3330 animas
1659 3275 1730 3329 ad
1779 3273 2011 3343 perfecti

432 3373 585 3428 verbi
618 3373 1036 3441 susceptionem.
1083 3369 1447 3436 Quamobrem
1479 3367 1739 3421 Joannem
1789 3365 2012 3419 inchoa-

432 3467 639 3522 tionem
667 3479 786 3520 esse
820 3463 1122 3533 Evangelii,
1151 3461 1365 3516 Marcus
1399 3459 1736 3514 demonstrat
1759 3457 1826 3509 υ.
1852 3455 2011 3512 Post-

2104 2277 2174 2329 ἐν
2204 2273 2395 2336 ὕδατι,
2425 2269 2616 2341 μέσος
2652 2268 2720 2322 δὲ
2759 2265 2927 2337 ὑμῶν
2960 2263 3249 2330 εἱστήκει,
3283 2261 3356 2315 ὃν
3384 2259 3556 2329 ὑμεῖς
3583 2259 3690 2312 οὑκ

2104 2368 2321 2423 οἴδατε.
2360 2365 2470 2418 Καὶ
2501 2362 2716 2425 Λουκᾶς
2743 2360 2801 2413 δὲ
2831 2359 2901 2413 τὰ
2940 2359 3102 2429 ὅμοια
3138 2355 3378 2426 ἱστορεῖ,
3414 2352 3497 2405 ὅτι
3533 2349 3690 2403 Πάν-

2104 2477 2221 2514 των
2239 2452 2731 2525 διαλογιζομένων
2747 2450 2880 2520 περὶ
2914 2449 3207 2513 Ἰωάννου,
3225 2445 3311 2516 μή
3335 2462 3479 2500 ποτε
3505 2443 3691 2508 αὐτὸς

2105 2553 2197 2621 εἴη
2225 2555 2257 2607 ὁ
2284 2549 2560 2620 Χριστὸς,
2590 2546 2948 2615 ἀπεκρίνατο
2983 2545 3016 2597 ό
3056 2539 3366 2607 Ἰωάννης-ο
3407 2535 3553 2608 Ἐγὼ
3569 2534 3694 2604 μὲν

2106 2643 2278 2698 ὕδατι
2317 2640 2584 2708 βαπτίζω
2625 2635 2805 2708 ὑμᾶς,
2838 2637 3073 2705 ἔρχεται
3117 2632 3186 2686 δὲ
3225 2634 3259 2686 ὁ
3302 2626 3688 2699 ίσχυρότερός

2103 2753 2243 2806 μου’
2271 2734 2454 2800 αὐτὸς
2483 2729 2642 2801 ὑμᾶς
2670 2727 2961 2794 βαπτίσει
2986 2725 3056 2779 ἐν
3082 2724 3377 2792 Πνεύματι
3407 2720 3552 2788 ἁγίῳ
3586 2715 3688 2769 καὶ

2109 2825 2272 2894 πυρί.
2313 2824 2380 2878 Τί
2413 2823 2470 2877 δέ
2500 2823 2562 2876 τὸ
2608 2820 2750 2892 πῦρ;
2792 2821 2827 2889 ἡ
2875 2816 2973 2871 τοῦ
3021 2815 3217 2885 κούφου
3251 2812 3484 2882 δαπάνη,
3525 2809 3622 2862 καὶ
3652 2808 3688 2876 ἡ

2110 2916 2258 2981 ζέσις
2286 2912 2380 2969 τοῦ
2416 2912 2747 2984 πνεύματος.
2779 2909 2893 2980 Τῆς
2925 2907 3096 2977 αὐτῆς
3124 2905 3302 2976 ἔχεται
3329 2901 3565 2962 διανοίας
3596 2898 3694 2950 καὶ

2109 3012 2139 3065 ὁ
2176 3010 2425 3080 Ἰωάννης
2473 3006 2646 3075 λέγων
2669 3021 2683 3035 ο
2744 2999 2935 3068 Οὗτος
2974 2997 3163 3072 ἦλθεν
3208 2999 3295 3064 εις
3336 2992 3692 3065 μαρτυρίαν,

2112 3104 2214 3158 ἵνα
2234 3097 2598 3172 μαρτυρήσῃ
2639 3095 2773 3164 περὶ
2805 3095 2914 3149 τοῦ
2952 3090 3148 3163 φωτὸς
3167 3130 3182 3156 ,
3213 3089 3315 3143 ἵνα
3353 3085 3574 3149 πάντες
3602 3097 3697 3135 πι-

2115 3194 2417 3249 στεύσωσι
2451 3190 2523 3242 δι’
2551 3187 2758 3243 αὑτοῦ·
2787 3188 2899 3241 οὐκ
2929 3181 3008 3256 ἦν
3031 3182 3263 3248 ἐκεῖνος
3287 3179 3353 3232 τὸ
3380 3176 3529 3247 φῶς,
3557 3174 3696 3229 ἀλλ’

2113 3286 2217 3338 ἵνα
2251 3279 2607 3354 μαρτυρήσῃ
2642 3277 2774 3347 περὶ
2805 3277 2913 3332 τοῦ
2955 3275 3168 3345 φωτός.
3221 3266 3360 3324 Ἀλλ’
3397 3261 3558 3331 οὗτος
3597 3264 3698 3354 μέν

2115 3370 2216 3430 ὦδέ
2246 3349 2601 3444 πηῠπροκατή
2613 3386 2768 3441 ρχετο
2804 3366 2898 3420 τοῦ
2926 3364 3301 3436 κηρύγματος,
3325 3355 3582 3412 ὁδοποιῶν
3607 3349 3700 3408 οἷα

2120 3467 2270 3539 φωνὴ
2314 3465 2412 3530 τὰς
2458 3463 2566 3518 τῶν
2612 3459 2914 3533 ἀνθρώπων
2962 3456 3141 3528 ψυχὰς
3186 3456 3265 3518 εἰς
3297 3449 3565 3520 ὑποδοχὴν
3603 3445 3699 3500 τοῦ

434 3573 596 3627 quam
623 3572 753 3612 vero
782 3571 888 3610 vox
913 3556 1062 3609 siluit
1089 3567 1315 3608 munere
1338 3567 1438 3608 suo
1469 3550 1750 3615 defuncta,
1776 3558 1832 3603 et
1858 3549 2011 3618 quasi

2118 3520 2323 3612 τελείου
2362 3520 2521 3624 λόγου
2540 3570 2554 3582 '
2599 3520 2750 3606 ἐνθεν
2794 3520 3020 3611 εἰκότως
3040 3520 3310 3616 ’ἀπαρχὴν
3333 3539 3428 3594 τοῦ
3455 3539 3701 3608 Εὑαγγε-

434 3650 628 3719 exigua
658 3649 950 3718 phospltori
984 3647 1103 3701 luce
1137 3655 1347 3700 mentes
1380 3643 1662 3699 hominum
1710 3642 1824 3712 jam
1852 3641 2014 3696 clari-

433 3743 739 3808 ﬁcaverat,
809 3752 940 3796 tunc
993 3753 1207 3795 uernum
1261 3738 1597 3809 unigenitum
1654 3735 1800 3806 quod
1857 3744 2014 3790 antea

435 3836 735 3891 exsistebat
766 3833 864 3890 Dei
888 3832 1150 3900 Verbum,
1182 3831 1429 3903 proprios
1457 3845 1585 3888 caro
1612 3828 1815 3884 factum
1837 3828 2019 3885 emisit

437 3927 778 4000 splendores.

1162 4193 1304 4251 XIV.

516 4293 657 4348 Salis
719 4290 967 4363 symbolo
1028 4289 1415 4358 discipulorum
1487 4301 1710 4342 suorum
1762 4285 2018 4338 virtutem

441 4386 616 4440 innuit
651 4385 716 4439 ³³.
771 4383 909 4438 Nam
937 4382 1062 4452 quia
1105 4381 1234 4436 salis
1282 4389 1479 4434 natura
1530 4393 1599 4432 ex
1635 4391 1776 4446 aqua
1802 4388 1858 4429 et
1889 4376 2020 4428 ﬂatu

440 4485 678 4542 constat,
703 4491 896 4547 parum
942 4475 1070 4543 quid
1107 4472 1309 4528 terreni
1359 4469 1717 4542 participans,
1752 4478 1807 4524 et
1831 4482 2022 4523 corru-

439 4570 712 4640 ptibilium
763 4582 1054 4637 corporum
1099 4565 1298 4620 ﬂuxam
1349 4574 1603 4619 naturam
1645 4563 2022 4634 constringere

440 4662 603 4725 solet,
637 4661 709 4714 ita
742 4669 801 4713 ut
830 4660 996 4713 etiam
1043 4659 1309 4713 cadavera
1357 4656 1682 4726 praevalente
1710 4656 1760 4709 vi
1799 4669 2022 4710 conser-

439 4764 562 4820 vet;
616 4753 1004 4808 convenienter
1069 4752 1366 4822 discipulos
1435 4764 1567 4806 suos
1634 4749 1764 4804 salis
1816 4758 2024 4802 natura:

2115 3651 2231 3704 λίου
2284 3647 2446 3701 αὐτὸν
2494 3642 2634 3698 εἶναι
2687 3644 2716 3696 ό
2761 3641 2987 3712 Μάρκος
3036 3637 3344 3690 ἐδίδασκεν·
3402 3630 3591 3700 ἐπειδὴ
3643 3627 3702 3682 δὲ

2117 3740 2327 3795 ἐσιώπα
2354 3739 2452 3810 μὲν
2479 3738 2512 3806 ή
2536 3734 2688 3806 φωνὴ
2717 3732 2787 3786 τὰ
2809 3733 2983 3785 οἰκεῖα
3014 3727 3351 3800 πληρώσασα
3378 3722 3541 3795 μέρη,
3572 3737 3698 3791 σμι-

2119 3831 2238 3903 κρῷ
2272 3847 2332 3883 τε
2372 3823 2460 3881 οἶα
2491 3826 2763 3896 φωσφόρῳ
2805 3823 2946 3894 φωτὶ
2976 3822 3074 3885 τὰς
3102 3819 3211 3872 τῶν
3240 3813 3542 3887 ἀνθρώπων
3570 3829 3702 3866 κατ-

2124 3921 2412 3990 αυγάσασα
2460 3917 2731 3980 διανοίας,
2777 3915 2939 3977 αὐτὸς
2994 3912 3059 3984 δὴ
3103 3909 3288 3965 λοιπὸν
3329 3909 3357 3961 ὁ
3410 3904 3704 3978 μονογενὴς

2120 4017 2215 4070 καὶ
2257 4012 2440 4085 προὼν
2473 4010 2566 4068 τοῦ
2607 4009 2743 4063 Θεοῦ
2783 4007 2956 4076 Λόγος
2991 4005 3080 4059 διὰ
3129 4002 3330 4074 σαρκὸς
3353 4000 3452 4064 τὰς
3495 3999 3703 4060 οἰκείας

2121 4108 2396 4174 ἐξέπεμπε
2427 4102 2818 4175 μαρμαρυγὰς.

2785 4192 2861 4247 1x
2903 4192 3038 4263 (ea).

2195 4292 2292 4345 Διὰ
2322 4290 2416 4344 τοῦ
2450 4290 2559 4343 τῶν
2590 4288 2733 4342 ἁλῶν
2769 4286 3038 4356 συμϐόλου
3077 4283 3176 4354 τὴν
3211 4281 3441 4350 δύναμιν
3470 4276 3703 4331 αἰνίττε-

2121 4401 2211 4436 ται
2237 4383 2346 4436 τῶν
2383 4380 2644 4453 μαθητῶν
2683 4377 2872 4433 αὐτοῦ.
2922 4378 3076 4429 Ἐπεὶ
3101 4374 3209 4444 γὰρ
3242 4376 3291 4426 οἱ
3326 4373 3450 4434 ἆλες
3479 4371 3577 4442 τὴν
3605 4368 3706 4438 μὲν

2121 4473 2306 4527 οὐσίαν
2348 4472 2408 4536 ἐξ
2445 4472 2634 4534 ὓδατος
2677 4471 2772 4524 καὶ
2813 4469 3123 4537 πνεύματος
3169 4465 3549 4534 συνεστήκασι,
3585 4478 3706 4530 σμι-

2123 4567 2253 4638 κρόν
2281 4581 2334 4620 τι
2355 4566 2450 4620 τοῦ
2476 4563 2710 4635 γεώδους
2747 4562 3082 4634 μετέχοντες,
3111 4560 3210 4629 τῆς
3235 4559 3292 4612 δὲ
3315 4557 3423 4610 τῶν
3447 4554 3706 4628 φθαρτῶν

2127 4659 2393 4729 σωμάτων
2431 4657 2663 4728 ῥευστῆς
2695 4655 2910 4725 φύσεως
2948 4652 3284 4707 πυκνωτικοὶ
3323 4650 3706 4720 τυγχάνουσιν,

2123 4751 2199 4815 ὡς
2238 4751 2334 4804 καὶ
2381 4750 2450 4802 τὰ
2489 4748 2658 4819 νεκρὰ
2691 4749 3001 4820 διακρατεῖν
3049 4747 3277 4819 σώματα
3307 4745 3580 4818 κρείττονι
3620 4743 3709 4794 δυ-

442 4856 746 4917 eomparat,
774 4843 1032 4912 quoniam
1077 4855 1132 4899 et
1161 4845 1262 4912 ipsi
1310 4857 1376 4896 ex
1423 4858 1564 4913 aqua
1594 4851 1650 4897 et
1690 4842 1896 4912 Spiritu
1927 4856 2011 4910 ge-

2124 4844 2284 4913 νὰμει
2307 4860 2321 4873 ’
2365 4843 2591 4906 εἰκότως
2622 4842 2748 4906 τοὺς
2780 4841 2928 4912 αὐτῷ
2977 4837 3448 4912 μαθητευομὲνους
3490 4839 3558 4906 τῇ
3597 4834 3710 4888 τῶν

442 4941 544 4995 niti
592 4939 828 5001 fuerant,
866 4947 1034 5007 atque
1077 4937 1302 4990 omnino
1344 4937 1551 5006 Spiritu
1599 4935 1852 4999 animati,
1910 4949 2018 4988 non

441 5044 624 5086 autem
683 5032 984 5087 secundum
1046 5045 1264 5084 carnem
1313 5030 1587 5094 viventes,
1657 5029 1787 5084 salis
1848 5028 2022 5081 instar

442 5122 847 5191 quodammodo
880 5128 1060 5186 erant,
1102 5119 1514 5189 corruptibilem
1548 5129 1886 5173 terrenorum
1917 5119 2021 5173 ho-

445 5213 652 5267 minum
693 5214 860 5267 vitam
893 5212 1229 5280 corrigentes
1252 5223 1416 5279 atque
1441 5210 1810 5273 obdurantes;
1841 5217 1897 5264 et
1927 5224 2024 5264 eos

443 5308 538 5376 qui
596 5307 869 5374 probitate
910 5320 1124 5358 morum
1167 5303 1300 5372 ipsis
1353 5301 1809 5370 propinquabant,
1859 5301 2023 5368 perﬁ-

446 5399 650 5453 cientes
679 5399 934 5466 dulcique
963 5399 1122 5452 veluti
1156 5410 1355 5464 sapore
1397 5395 1682 5448 donantes.
1728 5392 2023 5463 PrOpterea

2125 4934 2268 4989 ἁλῶν
2319 4935 2655 5006 παραϐἁλὶει
2695 4933 2884 5003 φύσει,
2934 4933 3058 4986 ἐπεὶ
3094 4930 3190 4983 καὶ⁹
3222 4928 3377 4982 αὐτοὶ
3414 4925 3475 4991 ἐξ
3519 4925 3710 4988 ὓδατος

2127 5028 2222 5081 καὶ
2248 5028 2563 5098 Πνεύματός
2602 5029 2708 5080 εἰσι
2753 5025 3109 5096 γεγενημένοι
3156 5021 3267 5076 ὅλοι
3309 5038 3370 5074 τε
3428 5019 3710 5089 Πνεύματι

2129 5119 2358 5184 ζῶντες,
2407 5120 2503 5172 καὶ
2547 5120 2608 5173 οὐ
2652 5119 2796 5173 κατὰ
2843 5119 3021 5190 σάρκα
3075 5117 3346 5187 βιοῦντες,
3389 5113 3515 5176 ἆλες
3562 5110 3709 5173 τινὲς

2131 5214 2319 5285 ὥσπερ
2347 5213 2611 5284 ὑπῆρχον,
2641 5213 2734 5266 τὸν
2761 5211 3056 5282 φθαρτικὸν
3083 5209 3197 5279 βίον
3228 5207 3338 5260 τῶν
3357 5207 3450 5259 ἐπὶ⁵
3476 5205 3580 5276 γῆς
3613 5205 3710 5256 ἀν-

2132 5305 2366 5378 θρώπων
2395 5305 2815 5376 ἐπιστρέφοντες
2853 5303 2946 5357 καὶ
2987 5299 3349 5366 πυκνοῦντες,
3377 5296 3456 5368 τῷ
3479 5314 3538 5350 τε
3569 5294 3716 5349 κατὰ

2133 5398 2332 5469 ἀρετήν
2366 5397 2465 5469 βίῳ
2491 5398 2618 5460 τοὺς
2657 5397 2840 5458 αὐτοῖς
2867 5393 3261 5466 πλησιάζοντας
3286 5391 3579 5464 ἀρτύοντες
3615 5387 3715 5441 καὶ

447 5513 492 5547 ’³
515 5512 672 5568 Joan.
724 5530 762 5578 ι,
792 5515 883 5579 23,
914 5513 1004 5567 26.
1082 5513 1126 5544 ³ο
1151 5511 1280 5565 an.
1310 5524 1392 5572 Ill,
1425 5507 1510 5562 l5.
1586 5507 1630 5538 "
1657 5506 1812 5562 Joan.
1846 5523 1886 5571 ι,
1926 5507 1980 5562 7.

2126 5508 2292 5564 Marc.
2330 5526 2372 5574 ι,
2403 5509 2456 5562 4.
2535 5508 2578 5540 ³³
2607 5507 2798 5563 Matth.
2826 5522 2881 5572 ν,
2913 5506 3001 5562 15.

521 5608 632 5676 (94)
666 5610 860 5664 Totum
890 5611 994 5664 lroc
1029 5609 1384 5678 fragmentum
1413 5604 1572 5678 unica
1604 5605 1794 5678 ferme
1832 5603 2020 5678 Grzeca

448 5674 672 5745 periodo
711 5688 946 5743 constat,
976 5674 1139 5747 quani
1183 5679 1396 5741 longam
1447 5674 1826 5747 circuitione-nt
1867 5674 2024 5747 valde

451 5743 765 5801 consuetam
815 5764 934 5802 esse
993 5743 1226 5802 Eusebio
1277 5748 1529 5800 observat
1589 5743 2025 5798 Montfauconins

453 5819 609 5885 przef.
640 5836 695 5886 p.
725 5818 779 5872 6.
817 5819 880 5873 ad
907 5819 1151 5884 eiusdem
1183 5815 1633 5874 Cammentarium
1676 5813 1730 5870 iii
1774 5813 2022 5868 psalmos.

2202 5605 2313 5674 (95)
2366 5605 2422 5658 In
2473 5605 2659 5660 codice
2701 5606 2766 5659 A.
2819 5603 2857 5658 ἴ.
2893 5600 3022 5658 205.
3073 5603 3129 5658 b.
3163 5601 3487 5674 perspicuus
3525 5598 3716 5674 titulus

2126 5670 2421 5730 Εὐσεϐίου
2445 5677 2660 5743 βιϐλίῳ
2686 5676 2939 5743 τετάρτῳ
2971 5670 3350 5742 Θεοφανείας.
3382 5671 3540 5728 Solus
3569 5670 3713 5726 enim

2136 5747 2397 5804 ordinalis
2431 5762 2688 5803 numerus
2718 5748 2771 5802 itt
2809 5747 3130 5814 compendio
3164 5755 3266 5800 est.
