4116 6398
385 396 492 454 665

1724 397 1813 453 DE
1850 398 1941 453 ΤΗ
1948 396 2314 455 EOPHANIA.

3526 399 3630 457 666

384 523 791 594 καθηδύνοντες.
825 522 1008 595 Ταύτῃ
1034 538 1114 573 τοι
1145 520 1237 574 καὶ
1268 520 1507 591 Μωῦσῆς
1536 522 1843 592 ἐνομοθέτει
1880 522 1968 577 διὰ

2068 534 2121 581 et
2157 525 2367 595 Moyses
2419 523 2532 596 lege
2568 522 2847 581 sanciebat
2898 532 2958 579 ut
3010 523 3165 592 quasi
3199 523 3499 595 symbolum
3548 524 3631 579 sal

387 614 667 685 συμϐόλων
694 614 822 675 τοὺς
850 613 983 675 ἃλας
1006 609 1338 682 προσφέρειν
1362 607 1441 678 τῷ
1464 608 1607 677 Θεῷ,
1640 603 1740 661 ὧδέ
1779 628 1851 679 πη
1880 610 1959 662 λέ-

386 724 501 775 γων
523 722 537 737 ο
582 704 688 759 Καὶ
726 702 849 757 πᾶν
884 702 1075 770 δῶρον
1108 701 1324 765 θυσίας
1360 698 1528 768 ὑμῶν
1569 699 1670 753 ἁλὶ
1712 699 1961 767 ἁλισθή-

388 816 555 855 σεται
574 816 587 829 ·
618 798 729 852 ἀλλ’
760 798 909 868 ὅμως
938 796 1005 850 δι’
1031 793 1302 865 αἰσθητῶν
1329 792 1596 863 σωμάτων
1618 792 1768 846 ταῦτ’
1790 794 1964 845 ἐπιτε-

392 892 503 945 λεῖν
534 888 861 960 ἐνομοθέτει.
905 889 963 941 '0
1003 887 1060 942 δέ
1103 885 1210 938 τῶν
1244 884 1448 937 καινῶν
1485 883 1748 954 αὐθέντης
1783 883 1962 954 νόμων

389 984 515 1045 τοὺς
553 981 686 1044 ἅλας
730 983 864 1051 ἡμῖν
907 980 1033 1041 τοὺς
1077 977 1342 1045 θεοφιλεῖς
1387 975 1679 1047 διαρρήδην
1731 974 1959 1039 ἐδείκνυ,

387 1072 607 1135 τούτους
635 1067 773 1125 εἶναι
794 1069 1061 1143 παριστὰς
1084 1069 1211 1132 τοὺς
1235 1068 1477 1137 φύλακας
1493 1066 1603 1120 τῶν
1629 1066 1793 1120 αὐτοῦ
1823 1084 1963 1139 παρ-

388 1164 747 1235 αγγελμάτων
771 1180 785 1195 ο
843 1157 927 1226 οἷς
953 1162 1051 1215 καὶ
1080 1162 1160 1225 εἰς
1197 1160 1488 1232 πρόσωπον
1520 1158 1729 1228 έλεγεν·
1765 1158 1962 1230 Ὑμεῖς

388 1256 531 1312 ἐστε
565 1257 635 1312 τὸ
661 1256 816 1323 ἅλας
847 1254 958 1325 τῆς
983 1252 1116 1325 γῆς.

1075 1367 1154 1421 IE'
1187 1364 1320 1437 (96).

460 1479 598 1551 Φησὶ
623 1478 732 1552 γάρ
751 1496 765 1511 ο
798 1478 943 1543 Πᾶς,
969 1478 1036 1542 ὃς
1074 1476 1151 1531 ἂν
1172 1475 1519 1545 ὁμολογήσῃ
1547 1472 1617 1527 ἐν
1639 1471 1789 1543 ἐμοὶ,
1824 1473 1965 1541 ὀμο-

389 1567 787 1638 λογηθήσεται
812 1566 1067 1620 ἐνώπιον
1095 1563 1215 1618 τῶν⁸
1254 1563 1539 1633 ἀγγέλων.
1575 1563 1662 1625 Ὠς
1716 1560 1824 1633 γὰρ
1860 1558 1965 1629 ’ἐπὶ

390 1658 675 1731 ἡγεμόνων
699 1658 793 1712 καὶ
821 1656 1104 1727 βασιλέων,
1135 1656 1164 1708 ὁ
1200 1653 1301 1725 τῆς
1342 1654 1482 1724 ἐμῆς
1526 1652 1798 1723 βασιλείας
1829 1652 1965 1722 γνή-

393 1767 505 1812 σιος
532 1748 863 1819 στρατιώτης
885 1743 1452 1816 πεπαρρησιασμένως
1470 1742 1566 1814 τὴν
1584 1744 1664 1807 είς
1689 1742 1789 1813 ἐμὲ
1808 1742 1966 1812 ποιή-

396 1855 547 1890 σεται
585 1836 895 1908 ὁμολογίαν,
938 1834 1079 1888 οὕτω
1127 1834 1282 1903 κάγὼ
1324 1834 1414 1887 τὸν
1464 1834 1702 1888 τοιοῦτον
1739 1832 1964 1905 ἀμειϐό-

396 1947 553 2001 μενος
586 1928 725 1982 κατά
755 1929 846 1982 τὸν
893 1928 993 1998 τῆς
1039 1929 1180 2001 ἐμῆς
1208 1928 1485 1998 βασιλείας
1515 1927 1723 2000 καιρὸν,
1757 1926 1965 1998 μάρτυς

392 2021 540 2093 αὐτῷ
573 2023 991 2093 παραστήσομαι
1048 2020 1146 2091 τῆς
1201 2019 1459 2082 εὐσεϐοῦς
1507 2016 1821 2089 ὁμολογίας,
1865 2015 1966 2078 τὰς

391 2114 688 2177 ἐνστάσεις,
747 2114 841 2165 καὶ
882 2111 979 2183 τὴν
1022 2111 1356 2182 παρρησίαν,
1410 2110 1503 2164 καὶ
1540 2108 1637 2180 τὴν
1668 2105 1963 2178 ὑπομονὴν,

392 2203 488 2257 καὶ
509 2203 569 2257 τὺ
596 2202 796 2255 τέλειον
815 2201 915 2271 τῆς
939 2201 1075 2271 πρὸς
1090 2200 1222 2253 Θεὸν
1244 2201 1483 2270 ἀγάπης,
1514 2198 1639 2260 τούς
1667 2215 1723 2250 τε
1748 2196 1966 2258 λοιποὺς

393 2295 588 2357 ἄθλους
613 2292 711 2362 τῆς
746 2289 993 2360 φιλοθέου
1019 2290 1308 2360 στρατείας
1333 2288 1497 2342 αὐτοῦ
1527 2286 1755 2358 καταριθ
1764 2285 1863 2357 μού
1872 2302 1967 2356 με-

392 2402 506 2447 νος,
536 2383 632 2437 καὶ
674 2382 773 2453 τὴν
822 2380 962 2450 ὐπέρ
1010 2378 1176 2434 αὐτοῦ
1236 2378 1562 2452 συνηγορίαν
1610 2377 1967 2447 ποιησόμενος

392 2474 484 2527 ἐπὶ
508 2472 601 2527 τοῦ
632 2472 842 2543 Πατρός
872 2488 970 2541 μου
992 2470 1087 2523 τοῦ
1120 2472 1176 2523 ἐν
1193 2471 1251 2523 οὐ
1262 2471 1471 2541 ρανοῖς·
1491 2468 1691 2539 ταύτην
1732 2467 1967 2538 ἀμοιϐήν

392 2562 639 2615 ἐντεῦθεν
665 2562 766 2633 ήδη
806 2560 1062 2632 παρέξειν
1095 2559 1496 2630 ἐπαγγέλλομαι
1526 2562 1638 2623 τοῖς
1660 2561 1811 2630 ἐμοῖς
1840 2561 1969 2628 ὁμο-

394 2653 648 2724 λογηταῖς
696 2653 790 2706 καὶ
836 2652 1071 2722 μάρτυσι
1125 2651 1236 2713 τοῖς
1290 2650 1383 2701 ἐπὶ
1415 2648 1630 2702 πάντων
1671 2646 1969 2720 ἀνθρώπων

391 2740 965 2815 πεπαῤῥησιασμένως
1030 2740 1132 2812 τὴν
1195 2740 1335 2811 ἐμὴν
1392 2738 1767 2811 ἀνακηρύξασι
1816 2738 1969 2809 βασι-

390 2828 560 2889 λέίαν.
589 2834 698 2886 Καὶ
722 2833 775 2885 τί
805 2832 851 2885 δ’
884 2831 953 2885 ἂν
979 2831 1189 2900 γένοιτο
1220 2830 1629 2902 μακαριώτερον
1661 2830 1761 2900 τῆς
1788 2828 1969 2883 τοιαύ-

390 2942 490 2997 της
512 2923 873 2992 ἐπαγγελίας;
922 2922 987 2976 Τί
1014 2922 1059 2976 δ’
1100 2922 1167 2977 ἂν
1208 2924 1455 2993 κρεῖττον
1497 2921 1592 2975 κει.)⁸
1637 2920 1970 2993 ἐνδοξότερον

391 3016 486 3069 τοῦ
513 3016 619 3087 πρὸ
648 3015 742 3068 τοῦ
776 3013 917 3067 θείου
960 3012 1203 3084 βήματος
1228 3012 1389 3067 αὐτὸν
1432 3012 1523 3067 τὸν
1566 3013 1829 3085 μονογενῆ
1872 3011 1968 3066 τοῦ

394 3107 526 3160 Θεοῦ
558 3107 730 3175 Λόγον
764 3104 1121 3170 ἀναδέξασθαι
1144 3104 1244 3176 τὴν
1289 3103 1428 3176 ὐπέρ
1462 3103 1618 3175 ήμῶν
1648 3104 1968 3175 ὁμολογίαν;

2061 618 2172 672 Deo
2204 616 2509 682 offerretur,
2563 618 2643 673 sic
2692 618 2878 673 dicens
2910 636 2922 672 :
2961 614 3031 669 Et
3070 632 3218 671 omne
3256 633 3444 671 munus
3470 618 3630 670 sacri-

2059 710 2167 778 ﬁcii
2201 709 2353 764 vestri
2393 709 2503 764 sale
2533 710 2825 766 condietur.
2886 708 2951 763 Et
2992 708 3081 762 ille
3111 707 3328 778 quidem
3360 707 3630 763 sensibili-

2060 800 2161 855 bus
2210 798 2527 869 corporibus
2565 800 2680 853 haec
2727 799 2843 853 ﬁeri
2883 797 3197 852 mandabat.
3256 798 3327 851 At
3364 811 3625 851 novarum

2060 900 2250 948 auctor
2296 892 2472 961 legum
2517 890 2628 945 sale
2665 890 2823 945 nobis
2853 890 3103 944 homines
3144 888 3255 944 Deo
3300 904 3456 943 caros
3502 904 3627 958 per-

2061 985 2247 1055 Spicue
2273 984 2495 1039 denotat
2522 983 2589 1048 ³⁵,
2634 983 2733 1038 hos
2763 983 3143 1036 mandatorum
3192 996 3414 1037 suorum
3439 981 3630 1035 obser-

2059 1082 2278 1131 vatores
2318 1088 2438 1128 esse
2484 1070 2779 1129 afﬁrmans.
2818 1071 3024 1140 Quibus
3066 1071 3230 1128 etiam
3264 1071 3487 1128 aiebat:
3526 1069 3627 1125 Vos

2062 1168 2184 1222 estis
2213 1166 2293 1223 sal
2320 1176 2474 1223 terra:
2504 1166 2575 1221 ³⁸.

2791 1340 2909 1397 XV.

2062 1476 2079 1523 ἱ
2130 1476 2225 1531 Ait
2278 1475 2459 1531 enim:
2516 1474 2826 1546 Quicunque
2866 1473 3143 1544 confessus
3193 1475 3354 1544 fuerit
3401 1475 3467 1529 de
3511 1490 3629 1539 me,

2065 1567 2323 1636 confessio
2366 1570 2430 1622 de
2469 1584 2530 1623 eo
2572 1568 2663 1636 ﬁet
2713 1584 2893 1621 coram
2943 1567 3143 1636 angelis
3169 1568 3236 1621 ³⁸.
3279 1567 3438 1622 Sicut
3482 1566 3629 1620 enim

2066 1657 2209 1726 apud
2251 1656 2415 1712 duces
2450 1671 2714 1727 regesque
2758 1656 2853 1723 ﬁt,
2895 1655 2984 1712 ille
3027 1656 3121 1725 qui
3161 1656 3266 1710 mei
3307 1654 3459 1725 regni
3499 1655 3632 1709 ﬁde-

2064 1747 2132 1803 lis
2164 1748 2316 1802 miles
2347 1747 2687 1803 conﬁdenter
2728 1747 2796 1802 de
2843 1762 2931 1802 me
2975 1746 3368 1802 confessionem
3420 1744 3631 1809 fecerit,

2066 1839 2212 1893 hunc
2237 1853 2337 1907 ego
2371 1837 2606 1895 vicissim
2643 1851 3023 1903 remunerans,
3052 1837 3201 1907 regni
3230 1836 3335 1892 mei
3369 1846 3630 1905 tempore,

2068 1931 2221 1986 testis
2240 1930 2289 1985 ei
2334 1930 2498 1985 adero
2530 1930 2794 2000 religiosae
2824 1929 3196 1985 confessionis
3221 1945 3235 1993 ;
3272 1942 3479 1998 pugnas
3507 1942 3633 1996 per-

2067 2031 2240 2085 actas,
2293 2020 2457 2074 animi
2505 2019 2877 2084 alacritatem,
2948 2020 3285 2089 patientiam,
3338 2018 3632 2088 perfectam

2066 2127 2194 2180 erga
2235 2110 2403 2165 Deum
2446 2111 2786 2174 cbaritatem,
2829 2121 2882 2163 et
2911 2110 3113 2179 reliqua
3146 2111 3252 2165 Deo
3277 2110 3483 2165 devotae
3516 2109 3634 2179 ejus

2067 2203 2273 2258 militiae
2317 2202 2620 2257 certamina
2675 2210 3028 2270 computans,
3081 2202 3241 2269 eique
3285 2202 3634 2269 patrocinans

2068 2292 2208 2360 apud
2258 2290 2470 2345 Patrem
2520 2304 2697 2343 meum
2752 2289 2845 2358 qui
2892 2290 2945 2342 in
2990 2289 3145 2344 caelis
3189 2300 3293 2345 est.
3350 2289 3502 2343 Hanc
3550 2304 3635 2343 re-

2069 2381 2417 2437 tributionem
2442 2381 2554 2448 jam
2593 2395 2737 2436 nunc
2781 2379 3024 2449 spondeo
3066 2395 3153 2435 me
3198 2380 3447 2436 daturum
3500 2394 3633 2435 cou-

2067 2472 2367 2529 fessoribus
2412 2472 2748 2542 testibusque
2817 2472 2998 2538 meis,
3051 2471 3143 2540 qui
3192 2486 3376 2527 coram
3425 2471 3635 2526 cunctis

2068 2564 2379 2620 hominibus
2435 2564 2775 2619 conﬁdenter
2835 2578 3014 2620 meum
3070 2563 3487 2634 praadicaverint
3551 2578 3637 2617 re-

2068 2671 2256 2726 gnum.
2302 2655 2440 2721 Quid
2485 2670 2652 2725 porro
2701 2655 2914 2711 beatius
2968 2656 3070 2710 hac
3115 2655 3473 2724 promissione
3516 2653 3634 2709 ﬁeri

2068 2744 2291 2813 potest?
2329 2744 2467 2809 Quid
2516 2746 2708 2800 melius
2734 2745 2813 2802 vel
2842 2745 3151 2815 gloriosius,
3190 2759 3353 2815 quam
3393 2752 3522 2798 ante
3550 2743 3635 2797 di-

2068 2835 2254 2888 vinum
2294 2835 2530 2890 tribunal
2560 2836 2899 2905 unigenitum
2930 2835 3106 2905 ipsum
3148 2835 3243 2890 Dei
3280 2835 3517 2890 Verbum
3547 2834 3638 2887 fa-

2070 2925 2315 2981 ciendam
2369 2925 2646 2995 suscipere
2688 2927 2755 2983 de
2790 2926 2949 2982 nobis
2990 2925 3433 2981 confessionem?
3475 2936 3637 2996 atque

2070 3016 2206 3071 adeo
2241 3031 2407 3087 opere
2445 3016 2725 3087 praemium
2772 3017 2946 3073 nostri
2991 3018 3057 3074 de
3099 3032 3165 3073 eo
3208 3017 3501 3073 testimonii
3541 3032 3638 3071 ex-

2068 3106 2275 3172 hibere,
2306 3107 2433 3161 dum
2471 3106 2526 3162 in
2564 3107 2683 3175 ipsa
2725 3109 2882 3163 testis
2920 3108 3001 3164 sui
3038 3108 3214 3162 anima
3256 3116 3531 3172 versatur,
3570 3121 3637 3161 ac

394 3199 540 3271 ἔργῳ
563 3217 624 3252 τε
645 3197 745 3268 τῆς
779 3196 1084 3269 μαρτυρίας
1111 3196 1210 3268 τὴν
1250 3195 1485 3267 ἀμοιϐὴν
1522 3195 1879 3262 ἐνδείξασθαι,
1912 3199 1971 3251 ἐν

2073 3197 2236 3251 veluti
2288 3197 2342 3251 in
2386 3208 2577 3252 sancto
2616 3198 2815 3268 templo
2854 3199 2906 3253 in
2942 3200 3129 3254 eadem
3175 3200 3424 3254 habitat?
3470 3198 3635 3269 Atqui

395 3292 532 3361 αὐτῇ
570 3290 714 3361 ψυχῇ
764 3288 859 3343 τοῦ
914 3288 1358 3361 μαρτυρουμένου
1387 3289 1696 3359 γενόμενον,
1742 3288 1834 3342 καὶ
1862 3286 1973 3346 ὦσε-

398 3398 504 3453 περ
528 3382 586 3434 ἐν
618 3381 758 3451 ἁγίῳ
796 3379 911 3450 ναῷ
950 3380 1009 3433 ἐν
1037 3377 1185 3448 αὐτῷ
1228 3380 1664 3451 κατοικήσοντα;
1710 3378 1881 3431 Τοῦτο
1928 3377 1972 3431 δ’

394 3470 489 3528 οὖν
529 3473 880 3545 ἐπήγγελται,
910 3471 971 3525 οὐ
1023 3471 1315 3543 παρέργως
1368 3470 1556 3525 είπών·
1592 3468 1973 3540 Ὀμολογήσω

395 3564 555 3635 κάγὼ
585 3564 655 3617 ἐν
677 3563 865 3628 αὐτῷ·
894 3562 956 3615 οὐ
982 3561 1091 3634 γάρ
1130 3561 1234 3626 ἔξω
1260 3578 1362 3615 που
1386 3562 1669 3631 τυγχάνων
1698 3560 1791 3612 τοῦ
1831 3577 1972 3631 μαρ-

394 3655 752 3727 τυρουμένου,
785 3655 899 3709 ἀλλ’
933 3657 991 3708 ἐν
1020 3655 1169 3726 αὐτῷ
1196 3654 1456 3719 κατοικῶ,
1488 3654 1583 3706 καὶ
1611 3651 1707 3722 τῆς
1727 3651 1976 3721 θεότητος

396 3747 559 3800 αὐτὸν
591 3742 815 3817 πληρῶν
836 3745 937 3815 τῆς
961 3747 1125 3817 ἐμῆς,
1154 3746 1223 3799 δι’
1252 3746 1422 3817 αὐτῆς
1449 3744 1549 3815 τῆς
1571 3743 1849 3816 ἐνεργείας
1876 3740 1974 3812 τὴν

397 3838 457 3893 ἐν
482 3838 634 3909 αὐτῷ
666 3838 962 3907 ποιήσομαι
989 3837 1299 3907 ὁμολογίαν.

468 3970 617 4042 Πλὴν
666 3968 978 4042 ἐπιρρώσας
1014 3969 1211 4034 αὐτοὺς
1239 3969 1451 4023 ἐλπίσιν
1481 3968 1710 4036 ἀγαθαῖς
1740 3966 1829 4020 διὰ
1875 3966 1974 4038 τῆς

395 4061 662 4132 τοσαύτης
681 4060 1035 4129 ἐπαγγελίας,
1071 4060 1386 4131 ἐπιστρέφει
1425 4059 1591 4113 πάλιν
1615 4060 1741 4122 τοὺς
1775 4058 1973 4123 αὐτοὺς

395 4151 464 4206 δι’
500 4150 727 4220 ἀπειλῆς
774 4148 1155 4219 φοϐερωτέρας
1183 4146 1465 4217 ἐπιλέγων,
1500 4148 1604 4213 ὅτι,
1642 4148 1751 4201 Τὸν
1791 4148 1974 4215 ἀρνη-

399 4240 667 4309 σάμενω·
714 4239 1155 4307 ἀπαρνήσομαι.
1186 4236 1524 4305 Ἀναγκαίως
1561 4236 1617 4289 δέ
1650 4237 1743 4290 καὶ
1768 4236 1973 4308 ταύτην

398 4334 580 4396 αὐτοῖς
613 4330 993 4385 ἐπανετείνατο
1008 4329 1105 4400 τὴν
1135 4328 1383 4397 ἀπειλὴν,
1414 4328 1489 4391 ὡς
1515 4326 1582 4382 ἂν
1610 4327 1685 4398 μὴ
1709 4344 1975 4399 καταφρο-

397 4426 619 4495 νήσαιεν
643 4423 743 4492 τῆς
787 4424 864 4484 εἰς
906 4420 1067 4473 αὐτὸν
1114 4419 1423 4491 ὁμολογίας,
1459 4419 1693 4490 ἔμπαλιν
1728 4419 1786 4472 δέ
1825 4419 1973 4483 ὅπως

399 4518 669 4589 φρίττοιεν
700 4515 795 4585 τὴν
822 4515 1049 4585 ἄρνησιν
1080 4512 1176 4583 τῆς
1210 4510 1373 4564 αὐτοῦ
1414 4511 1737 4582 μαρτυρίας,
1762 4510 1848 4564 διὰ
1872 4510 1969 4582 τὴν

2072 3288 2179 3345 hoc
2220 3288 2507 3359 promisit,
2569 3289 2711 3356 haud
2758 3304 2891 3345 casu
2952 3291 3184 3346 dicens:
3234 3290 3536 3359 Conﬁtebor
3585 3300 3634 3344 et

2072 3394 2168 3449 ego
2207 3396 2345 3435 eum.
2387 3380 2504 3435 Non
2554 3382 2701 3436 enim
2756 3383 2995 3451 alicubi,
3048 3393 3199 3438 extra
3239 3397 3364 3439 eum
3418 3384 3487 3438 de
3531 3396 3637 3451 quo

2073 3469 2358 3536 conﬁteor,
2380 3486 2521 3539 sum,
2590 3472 2687 3527 sed
2746 3473 2798 3527 in
2863 3473 2980 3544 ipso
3022 3473 3252 3538 habito,
3298 3482 3461 3542 atque
3510 3488 3634 3526 eum

2073 3560 2270 3614 deitate
2293 3574 2409 3614 mea
2440 3561 2733 3629 complens,
2766 3577 2863 3632 per
2891 3563 3062 3632 ipsam
3093 3560 3411 3626 eﬂicaciam,
3444 3574 3550 3629 qua
3580 3559 3633 3613 in

2072 3649 2166 3706 illo
2192 3665 2406 3720 operor,
2455 3651 2854 3708 confessionem
2898 3652 2967 3708 de
2997 3667 3063 3708 eo
3090 3666 3367 3722 peragam.

2143 3958 2437 4029 Postquam
2473 3959 2593 4014 illos
2634 3961 2818 4030 priore
2861 3959 3024 4016 eil‘ato
3067 3960 3121 4015 in
3155 3959 3430 4032 egregiam
3482 3974 3632 4030 spem

2072 4059 2358 4117 erexerat,
2410 4067 2604 4106 rursus
2657 4060 2894 4108 attentos
2943 4053 3076 4107 facit
3126 4067 3244 4117 eos,
3292 4052 3636 4108 terribiliori-

2074 4143 2174 4198 bus
2209 4142 2371 4197 minis
2401 4143 2699 4198 admonens
2729 4142 2845 4198 fore
2887 4153 2947 4197 ut
2977 4144 3091 4214 ipse
3126 4154 3413 4215 negantem
3448 4159 3507 4200 se
3541 4160 3638 4198 ne-

2075 4248 2183 4309 get.
2232 4235 2551 4292 Necessario
2608 4247 2787 4292 autem
2856 4238 2953 4294 has
3001 4253 3218 4308 quoque
3280 4239 3411 4308 ipsis
3460 4239 3636 4293 minus

2076 4327 2328 4393 intendit,
2363 4342 2431 4381 ne
2459 4327 2596 4382 forte
2622 4328 2913 4398 aliquando
2936 4329 3212 4400 negligant
3252 4330 3427 4397 ipsum
3468 4330 3637 4384 conﬁo

2075 4418 2237 4485 teri,’
2274 4417 2626 4488 vicissimque
2677 4426 2740 4472 ut
2793 4432 2992 4487 negare
3042 4432 3163 4472 eum
3210 4419 3638 4487 perhorrescant

2076 4519 2297 4583 propter
2322 4521 2735 4567 consecuturam
2761 4512 2881 4583 ejus
2908 4512 2986 4567 rei
3022 4525 3258 4582 poenam,
3292 4526 3483 4581 nempe
3509 4512 3635 4580 quia

398 4606 865 4662 ἐπακολουθοῦσαν
895 4606 1029 4674 αὐτῇ
1062 4604 1349 4675 τιμωρίαν,
1385 4604 1507 4674 ἥτις
1530 4599 1598 4674 ἦν
1622 4604 1685 4656 τὸ
1717 4603 1852 4674 πρὸς
1872 4602 1967 4656 τοῦ

2073 4617 2103 4657 a
2138 4602 2277 4658 Filio
2308 4601 2401 4657 Dei
2435 4603 2795 4673 negabuntur.
2822 4602 3053 4657 Perinde
3097 4616 3226 4656 vero
3256 4608 3340 4655 est
3370 4600 3556 4671 negari
3604 4615 3635 4655 a

400 4699 528 4753 Υἱοῦ
548 4698 641 4752 τοῦ
673 4696 808 4751 Θεοῦ
831 4696 1149 4767 ἀρνηθῆναι.
1175 4697 1400 4766 ’Ὅμοιον
1430 4696 1475 4748 δ’
1501 4696 1568 4749 ἂν
1597 4694 1681 4766 είη
1710 4696 1770 4748 τὸ
1802 4696 1970 4767 ἀρνη-

400 4792 557 4862 θῆναι
584 4788 689 4843 ὐπὸ
725 4788 818 4841 τοῦ
868 4788 1081 4858 Πατρὸς
1113 4787 1190 4857 τῷ
1238 4788 1539 4858 ἀρνηθῆναι
1590 4788 1695 4840 ὑπὸ
1740 4788 1841 4858 τῆς
1876 4786 1969 4840 τοῦ

398 4883 533 4937 Θεοῦ
561 4882 772 4951 σοφίας,
798 4880 891 4933 καὶ
918 4879 995 4949 τῷ
1018 4881 1267 4932 ἐκπεσεῖν
1300 4879 1399 4947 τῆς
1438 4878 1600 4948 ζωῆς,
1632 4879 1725 4931 καὶ
1748 4877 1826 4948 τῷ
1855 4895 1973 4931 στε-

403 4974 633 5045 ρηθῆναι
658 4969 753 5023 τοῦ
776 4969 973 5037 φωτὸς,
995 4966 1091 5021 καὶ
1117 4965 1194 5036 τῷ
1226 4965 1442 5019 πάντων
1463 4963 1571 5019 τῶν
1596 4963 1818 5032 ἀγαθῶν
1844 4964 1973 5017 ἀπο-

401 5064 681 5133 ὅληθῆναι.
719 5061 792 5113 Τὸ
832 5060 889 5113 δέ
933 5060 1028 5113 καὶ
1058 5057 1235 5112 ταῦτα
1285 5058 1463 5112 πάντα
1501 5056 1690 5110 παθεῖν
1740 5055 1969 5108 ἐνώπιον

399 5153 495 5207 τοῦ
518 5152 730 5221 Πατρὸς
749 5151 843 5204 τοῦ
871 5151 928 5204 ἐν
956 5152 1067 5213 τοῖς
1094 5150 1361 5221 οὐρανοῖς,
1388 5149 1482 5203 καὶ
1521 5148 1612 5201 ἐπὶ
1659 5148 1768 5202 τῶν
1807 5147 1972 5216 ἀγγέ-

2070 4694 2254 4761 Patre,
2308 4702 2470 4763 atque
2508 4708 2538 4746 a
2571 4693 2664 4748 Dei
2695 4692 2961 4763 sapientia
3006 4693 3213 4761 negari,
3258 4700 3313 4748 et
3344 4693 3456 4746 vita
3496 4692 3639 4746 exci-

2072 4783 2221 4851 dere,
2256 4782 2483 4853 luceque
2514 4782 2736 4852 privari,
2766 4791 2823 4837 et
2863 4782 3011 4837 omni
3040 4784 3181 4837 bono
3214 4781 3433 4853 depelli.
3465 4781 3637 4838 Porro

2072 4875 2189 4929 haec
2227 4873 2408 4928 omnia
2439 4888 2621 4927 coram
2674 4872 2837 4928 Patre
2873 4873 3083 4930 caelesti
3128 4875 3360 4945 perpeti,
3409 4883 3463 4930 et
3516 4890 3637 4945 spe-

2072 4963 2347 5019 ctantibus
2376 4963 2585 5034 angelis
2617 4964 3004 5033 propemodum
3038 4972 3163 5019 ante
3185 4963 3426 5018 divinum
3455 4963 3632 5032 ipsum

2075 5055 2310 5110 tribunal
2340 5055 2714 5121 condemnari,
2747 5065 2801 5111 et
2830 5056 2974 5111 illius
3001 5071 3167 5127 regno
3198 5056 3418 5127 expelli,
3447 5055 3634 5124 quidni

2076 5145 2267 5213 quovis
2309 5160 2522 5201 summo
2550 5146 2815 5216 supplicio
2861 5146 3015 5218 pejus
3057 5147 3177 5203 sit?

404 5250 513 5302 λων
564 5245 842 5319 μονονουχὶ
893 5247 1020 5318 παρ’
1057 5245 1241 5308 αὐτοῖς
1290 5246 1397 5307 τοῖς
1445 5243 1610 5306 θείοις
1647 5242 1850 5314 βήμασι
1926 5239 2350 5311 κατακριθέντας
2402 5238 2497 5294 καὶ
2549 5239 2886 5313 ἀποϐλήτους
2930 5239 3251 5314 γενομένους
3306 5238 3405 5311 τῆς
3466 5236 3633 5292 αὐτοῦ

405 5342 697 5413 βασιλείας,
733 5341 891 5404 ποίας
933 5341 1035 5394 οὐκ
1065 5340 1131 5395 ἂν
1163 5340 1372 5410 γένοιτο
1402 5339 1580 5410 χεῖρον
1623 5338 1859 5408 ἐσχάτης
1884 5336 2187 5409 τιμο›ρίας;

472 5543 519 5575 ³⁵
551 5547 681 5599 Lev.
712 5555 775 5609 tt,
803 5539 890 5596 l3.
968 5540 1016 5575 ³⁸
1052 5540 1244 5600 Matth.
1285 5556 1343 5610 ν,
1384 5540 1473 5597 15.
1549 5540 1594 5574 ³⁸
1622 5539 1812 5597 Matth.
1844 5555 1901 5608 x,
1927 5540 2017 5606 '52,
2043 5539 2135 5596 35.

473 5742 585 5812 (96)
618 5743 750 5799 Cod.
785 5743 850 5798 A.
888 5740 926 5796 ί.
975 5740 1182 5812 Ἆϐὅεῐ).
1218 5743 1348 5799 Cod.
1379 5744 1444 5797 L.
1502 5745 1526 5797 ί·
1576 5744 1658 5809 ,94
1705 5742 1761 5799 In
1790 5752 1939 5799 utro-

403 5811 506 5883 que
541 5814 725 5871 codice
751 5811 1083 5887 praaponitur
1102 5811 1404 5883 [ragmento
1442 5813 1638 5872 ititut'us
1664 5817 1960 5871 Εὑσεόίου

2040 5745 2109 5809 β.
2146 5742 2525 5812 Θεοφανείας,
2556 5755 2675 5796 cum
2718 5739 3044 5812 compendiis
3074 5740 3125 5797 in
3178 5743 3414 5800 secundo
3473 5756 3627 5799 voca-

2069 5816 2213 5882 bulo,
2257 5810 2321 5869 'ut
2366 5814 2416 5869 in
2464 5810 2887 5880 praecedentibus
2929 5810 3065 5866 dixi.
