4116 6394
493 351 594 409 667

1199 469 1339 528 XVI.

565 558 700 613 Dum
748 558 824 615 ait
874 558 1135 617 Dominus
1165 562 1231 628 ",
1259 577 1318 618 se
1351 564 1568 619 venisse
1598 575 1655 618 nt
1685 567 1922 638 gladium
1953 570 2054 623 im-

494 651 750 718 mitteret,
786 643 962 721 neqhe
1011 658 1069 706 ut
1114 667 1303 720 pacem
1333 654 1507 718 daret,
1543 657 1636 710 sed
1670 666 1728 710 ut
1762 659 1940 728 potius
1969 675 2056 716 se-

495 742 833 810 parationcm
865 741 1114 808 inferret,
1149 743 1236 798 his
1273 744 1452 802 verbis
1481 747 1665 802 docuit
1705 749 1845 805 haud
1878 761 2052 821 grata,

495 845 672 900 neque
725 830 910 887 multis
955 842 1240 901 consueta,
1291 851 1467 906 neque
1505 837 1740 906 jucunda
1803 843 2052 896 daturum

493 921 692 974 mundo
735 921 1037 988 advenisse,
1091 925 1186 979 sed
1235 926 1358 980 talia
1403 942 1524 996 quae
1569 930 1700 1000 ipsis
1731 941 1889 986 erunt
1935 933 2056 1002 igne

494 1009 794 1076 urentiora,
841 1013 1138 1082 nequitiam
1185 1018 1481 1086 quamlibet
1529 1026 1586 1074 et
1631 1021 1826 1076 anima:
1857 1021 2055 1092 impro-

493 1097 720 1156 bitatem
770 1116 874 1158 ceu
931 1104 1162 1160 alienam
1211 1109 1494 1163 materiem
1541 1125 1761 1180 prorsus
1800 1116 2054 1170 combus-

500 1199 647 1258 tura,
697 1200 752 1247 et
795 1195 914 1249 auri
948 1196 1124 1252 instar
1152 1197 1412 1268 cujusque
1441 1201 1678 1256 animam
1713 1202 2053 1262 illustratura

496 1284 588 1352 qui
637 1299 755 1340 eam
787 1286 896 1341 vim
935 1289 1244 1357 receperit;
1292 1304 1388 1358 per
1415 1305 1574 1360 quam
1625 1309 1748 1349 mox
1795 1305 2054 1365 tanquam

443 1408 447 1412 .
497 1372 676 1440 gladio
707 1376 1046 1445 acutissimo,
1078 1394 1277 1448 genere
1309 1382 1449 1436 inter
1476 1397 1537 1438 se
1572 1383 1758 1440 amnes
1803 1401 2056 1454 separare

497 1479 603 1520 non
638 1468 1028 1536 demorabitur,
1065 1471 1137 1526 ita
1178 1481 1238 1526 ut
1284 1471 1425 1529 ﬁlios
1473 1489 1503 1528 a
1557 1475 1802 1543 patribus
1831 1478 2054 1545 dividat,

497 1554 638 1613 ﬁlias
685 1574 714 1613 a
747 1561 1030 1624 matribus.
1073 1578 1243 1618 nurus
1288 1578 1319 1617 a
1351 1565 1632 1630 socrubus,
1676 1569 1924 1623 rationali
1976 1570 2056 1623 in-

497 1663 661 1716 quam
714 1651 819 1706 telo
871 1653 1166 1724 divinoque
1210 1656 1412 1724 gladio,
1459 1667 1512 1712 et
1573 1658 1758 1714 divino
1807 1661 2058 1716 salutari-

497 1754 601 1808 que
634 1741 775 1810 igne,
822 1752 882 1797 ut
916 1744 1154 1800 melioris
1187 1747 1355 1819 frugis
1409 1749 1654 1805 homines
1697 1752 1764 1806 ad
1813 1752 2053 1807 coelestia

1143 352 1411 411 EUSEBII
1447 352 1923 416 CESARIENSIS
1960 359 2112 416 OPP.
2153 360 2339 417 PARS‘
2371 361 2459 416 IV.
2499 391 2567 401 —
2606 357 3031 416 DOGMATICA.

3617 357 3723 413 668

2664 514 2670 520 .
2783 477 2891 542 ις’
2926 474 3056 545 (97).
3193 521 3196 526 .

2231 570 2340 642 (98)
2369 570 2556 638 Λέγων
2581 569 2761 640 μέντοι
2785 569 2814 622 ό
2841 566 3063 637 Κύριος,
3113 565 3196 619 ὅτι
3231 563 3359 632 Πῦρ
3402 559 3591 635 ἦλθον
3615 565 3729 630 ,ϐα-

2159 661 2312 724 λεῐν,
2340 660 2439 715 καὶ
2463 663 2573 715 οὐκ
2603 659 2848 729 εἰρήνην
2872 658 3100 722 δοῦναι,
3126 657 3288 712 ἀλλὰ
3312 656 3723 726 διαμερισμὸν,

2160 750 2403 803 ἐδίδασκε
2419 750 2506 804 διά
2526 750 2748 813 τούτων,
2772 749 2852 802 ὅτι
2889 749 2963 819 μὴ
2996 747 3065 800 τὰ
3092 748 3221 818 φίλα
3251 746 3386 817 μηδέ
3416 746 3485 800 τά
3517 746 3723 819 συνήθη

2159 843 2270 905 τοῖς
2308 840 2521 904 πολλοῖς
2554 842 2648 893 καὶ
2695 839 2758 893 τὰ
2804 838 2934 910 ήδέα
2984 838 3322 909 παραδώσων
3378 837 3601 909 ἐλήλυθε
3643 836 3728 909 τῷ

2161 931 2281 1004 βίῳ,
2307 932 2444 987 ἀλλά
2467 931 2639 986 ταῦτα
2665 930 2701 985 ἀ
2730 931 2795 1002 δὴ
2829 929 3000 1002 πυρὸς
3035 929 3218 993 αὐτοῖς
3249 929 3468 985 ἔσεσθαι
3496 945 3723 983 καυστι-

2159 1021 2391 1094 κώτερα,
2419 1024 2596 1078 πᾶσαν
2619 1022 2814 1076 κακίαν
2851 1022 2945 1075 καὶ
2993 1019 3292 1092 μοχθηρίαν
3328 1019 3505 1092 ψυχῆς
3535 1019 3724 1093 ὥσπερ

2159 1113 2442 1186 ἀλλοτρίαν
2469 1112 2598 1184 ὕλην
2626 1111 3056 1181 καταφλέξαντα,
3085 1111 3179 1164 καὶ
3198 1111 3397 1182 χρυσοῦ
3420 1111 3575 1183 δίκην
3587 1111 3651 1166 λα
3660 1131 3725 1183 μ-

2161 1201 2432 1274 πρύνοντα
2481 1203 2659 1254 πᾶσαν
2707 1199 2885 1270 ψυχὴν
2923 1198 3034 1252 τῶν
3071 1199 3522 1269 παραδεξομένων
3559 1197 3724 1252 αὑτοῦ

2159 1293 2257 1366 τὴν
2271 1293 2518 1364 δύναμιν
2540 1292 2607 1346 δι’
2629 1285 2696 1363 ἦς
2715 1292 2837 1345 ὅσον
2852 1289 3003 1344 οῦπω
3035 1289 3245 1360 μέλλειν
3275 1290 3547 1360 μαχαίρας
3571 1289 3724 1360 δίκην

2159 1385 2424 1456 ὀξυτάτης
2471 1383 2696 1455 διαιρεῖν
2741 1383 2865 1445 τοὺς
2905 1381 3045 1435 κατά
3082 1380 3236 1449 γένος
3284 1380 3532 1451 ἀλλήλοις
3561 1397 3728 1452 προσ-

2450 1475 2473 1492 Ir
2502 1493 2515 1494 κ
2536 1476 2568 1494 Α
2606 1475 2694 1494 ιη-
2720 1471 2999 1494 ,ιγ--..⁸..ε-ς

2163 1569 2432 1640 μητέρων,
2466 1567 2560 1622 καὶ
2596 1566 2810 1638 νύμφας
2841 1565 2948 1618 τῶν
2981 1563 3333 1635 κηδεστριῶν,
3367 1564 3472 1617 ὑπὸ
3499 1563 3592 1617 τοῦ
3637 1565 3724 1618 λο-

2158 1659 2314 1728 γικοῦ
2356 1659 2544 1730 βέλους
2583 1660 2676 1713 καὶ
2713 1657 2813 1728 τῆς
2845 1656 3030 1727 θεῖκῆς
3062 1656 3332 1728 μαχαίρας
3363 1655 3456 1708 τοῦ
3489 1673 3548 1708 τε
3577 1655 3722 1708 θείου

2161 1751 2253 1804 καὶ
2277 1750 2541 1821 σωτηρίου
2572 1750 2760 1821 πυρὸς,
2807 1749 2912 1802 τῶν
2954 1752 3007 1803 ἐν
3052 1748 3354 1821 ἀνθρώποις
3407 1747 3728 1818 κρειττόνων

497 1831 763 1888 desideria
815 1834 1249 1904 inﬁammentur,
1307 1855 1482 1910 neque
1531 1841 1736 1897 diutius
1795 1858 1916 1900 cum
1953 1845 2056 1898 im-

2170 1844 2255 1896 ἐπὶ
2279 1842 2371 1895 τὸν
2397 1842 2643 1914 οὐράνιον
2659 1840 2820 1894 πόθον
2845 1840 3244 1912 ἐξαπτομένων,
3270 1840 3362 1894 καὶ
3387 1839 3582 1911 μηκέτι
3604 1840 3730 1891 οἴων

499 1923 684 1992 probis
712 1927 1026 1982 societatem
1059 1929 1262 1987 habere
1291 1933 1597 2000 patiantur:
1633 1944 1794 2004 atque
1829 1936 1899 1990 ita
1931 1935 2060 1992 hinc

2170 1952 2217 1988 τε
2251 1934 2435 2006 φέρειν
2456 1933 2552 2005 τὴν
2587 1932 2724 2005 μετά
2751 1931 2860 1986 τῶν
2885 1931 3105 2001 φαύλων
3136 1931 3418 1985 συνουσίαν
3443 1948 3456 1960 ε
3488 1930 3614 1983 ὥστ’
3649 1933 3732 1984 ἐν·

499 2013 633 2081 ipsis
677 2015 836 2071 civile
882 2018 1083 2074 bellum
1135 2025 1327 2077 merito
1375 2023 1656 2090 conﬁetur,
1713 2026 1914 2096 iniquis
1960 2042 2060 2098 pa-

501 2105 673 2160 tribus
718 2106 905 2164 ﬁdeles
949 2110 1086 2167 ﬁlios
1135 2117 1625 2184 persequentibus,
1668 2119 1934 2174 matribus
1985 2119 2063 2173 ir-

500 2197 766 2266 religiosis
798 2200 932 2255 ﬁlias
974 2202 1137 2274 frugi,
1167 2207 1432 2261 socrubus
1464 2208 1665 2276 pariter
1693 2224 1862 2265 nurus
1888 2224 2017 2266 suas
2043 2226 2058 2264 :

500 2287 618 2353 ipso
662 2290 872 2345 scilicet
909 2293 1025 2348 haec
1063 2304 1341 2365 operante,
1388 2297 1512 2351 dum
1566 2299 1922 2353 humanarum
1954 2301 2066 2354 ani-

500 2393 710 2434 marum
766 2381 1030 2438 delectum
1087 2387 1297 2452 habet,
1346 2395 1401 2441 et
1467 2388 1722 2444 invisibili
1770 2391 2064 2461 divinaque

499 2472 739 2536 potentia
787 2474 931 2530 inter
980 2477 1082 2532 has
1129 2479 1432 2543 discernit;
1480 2490 1536 2535 et
1603 2482 1792 2552 dignas
1843 2484 2061 2552 quidem

499 2565 671 2632 gratia
699 2580 796 2621 sua
847 2581 913 2622 ac
961 2570 1270 2637 vocatione,
1317 2587 1416 2642 pro
1462 2573 1679 2629 virtutis
1718 2576 1914 2630 merito
1943 2591 2067 2630 con-

500 2655 733 2721 scribit,
790 2657 1036 2728 indignas
1085 2671 1263 2716 autem
1316 2662 1584 2718 electione
1640 2678 1738 2718 sua
1807 2667 2061 2723 secernit.

503 2743 630 2799 llrec
671 2746 724 2799 in
786 2757 1126 2804 antecessum
1170 2752 1351 2808 divina
1421 2754 1731 2824 provisione
1784 2756 2066 2826 discipulis

502 2832 824 2902 exponebat,
859 2834 1102 2891 futurum
1128 2837 1403 2896 aﬂirmans
1429 2843 1589 2897 civile
1620 2843 1821 2898 bellum
1849 2856 2067 2914 propter

503 2934 657 2976 suam
694 2923 1018 2994 doctrinam,
1053 2938 1110 2982 et
1152 2945 1212 2984 se
1251 2932 1427 3000 ignem
1463 2948 1841 3000 accensurum,
1869 2945 1924 2991 et
1951 2937 2067 3008 gla-

505 3009 652 3065 dium
686 3027 782 3082 per
808 3016 995 3072 domos
1023 3018 1419 3086 immissurum,
1448 3032 1503 3078 et
1532 3025 1636 3078 vim
1672 3039 1823 3080 suam
1854 3041 1951 3095 per
1972 3041 2067 3083 co-

2159 2025 2308 2080 θένδε
2335 2026 2557 2089 εἰκότως
2595 2027 2688 2079 τὸν
2733 2024 2993 2096 ἐμφύλιον
3051 2025 3232 2088 αὐτοῖς
3281 2023 3733 2096 ἀναρριπίζεσθαι

2161 2118 2418 2189 πόλεμον,
2457 2117 2709 2188 πατέρων
2748 2115 2846 2187 μὲν
2891 2115 3105 2184 φαύλων
3137 2115 3271 2178 υἱοῖς
3323 2116 3532 2178 πιστοῖς
3572 2114 3737 2167 ἐπαν-

2163 2208 2486 2280 ισταμένων,
2521 2207 2772 2279 μητέρων
2809 2207 2866 2259 δὲ
2903 2206 3078 2260 ἀθέων
3127 2205 3430 2276 θυγατράσι
3473 2205 3729 2277 σώφροσι,

2162 2299 2491 2371 κηδεστριῶν
2519 2315 2578 2351 τε
2598 2299 2857 2362 ὡσαύτως
2881 2301 2999 2362 ταῖς
3032 2298 3240 2351 ἑαυτῶν
3270 2298 3508 2369 νύμφαις
3528 2314 3540 2326 ·
3572 2295 3732 2350 αὑτοῦ

2160 2393 2312 2447 ταῦτ’
2346 2390 2695 2464 ἐνεργοῦντος
2710 2392 2766 2444 ἐν
2781 2390 2859 2462 τῷ
2880 2390 3256 2462 στρατολογεῖν
3279 2391 3377 2453 τὰς
3399 2389 3506 2442 τῶν
3528 2390 3624 2443 ἀνθ
3633 2387 3738 2459 ρώ-

2165 2501 2281 2537 πων
2308 2483 2506 2554 ψυχὰς,
2532 2483 2627 2536 καὶ
2653 2481 2752 2546 τὰς
2774 2482 2930 2549 ἀξίας
2952 2480 3047 2536 τοῦ
3088 2481 3224 2537 Θεοῦ
3271 2481 3544 2554 βασιλείας
3594 2479 3743 2533 ἐκλέ-

2165 2573 2379 2641 γεσθαι,
2408 2573 2626 2645 ἀοράτῳ
2645 2589 2704 2624 τε
2744 2572 2841 2625 καὶ
2873 2571 3030 2643 θεῖκῇ
3055 2571 3282 2643 δυνάμει
3316 2572 3374 2623 ἐν
3404 2570 3589 2640 μέσοις
3616 2568 3739 2621 τού-

2163 2682 2277 2728 τοις
2307 2665 2478 2718 ἆπασι
2503 2664 2800 2736 διακρίνειν
2835 2663 2944 2736 (99)
2965 2679 2983 2696 °
3035 2663 3127 2718 καὶ
3158 2665 3283 2726 τοὺς
3305 2660 3404 2732 μὲν
3433 2657 3613 2724 ἀξίους
3634 2659 3734 2728 τῆς

2166 2755 2330 2809 αὐτοῦ
2351 2755 2573 2827 χάριτός
2610 2773 2669 2809 τε
2725 2755 2820 2810 καὶ
2863 2755 3107 2825 κλήσεως
3139 2751 3450 2824 ἀριστίνδην
3493 2749 3734 2802 ἀποϐάλ-

2165 2845 2299 2910 λειν,
2342 2848 2468 2909 τοὺς
2511 2847 2556 2899 δ’
2594 2845 2844 2910 ἀναξίους
2902 2846 2999 2916 τῆς
3043 2843 3274 2913 ἐκλογῆς
3327 2840 3604 2912 ἀφορίζειν
3639 2839 3735 2911 (1).

2168 2938 2353 2992 Ταῦτα
2387 2937 2670 3010 προλαϐὼν
2697 2937 2866 3008 ἐνθέῳ
2917 2933 3218 3009 προγνώσει
3249 2931 3580 2986 διεστέλλετο
3608 2929 3745 3000 πρὸς

2166 3032 2292 3096 τοὺς
2328 3029 2594 3102 μαθητὰς,
2653 3027 3061 3101 μαρτυρόμενος
3105 3025 3197 3078 τὸν
3239 3023 3500 3096 μέλλοντα
3546 3021 3748 3092 συστήτ

505 3105 788 3171 gnationes
817 3109 1211 3176 discursuram,
1251 3123 1309 3166 ut
1347 3129 1377 3167 a
1425 3116 1602 3170 noxiis
1647 3119 1962 3186 parentibus
1994 3119 2070 3174 af-

2172 3115 2356 3170 σεσθαι
2391 3115 2653 3188 ἐμφύλιον
2673 3115 2906 3185 πόλεμον
2932 3114 3021 3168 διὰ
3043 3115 3170 3176 τοὺς
3203 3111 3367 3165 αὑτοῦ
3397 3111 3590 3180 λόγους
3611 3125 3625 3142 ³
3655 3109 3750 3163 καὶ

506 3195 809 3266 ﬁnibusque
851 3200 1091 3268 dividat,
1138 3205 1230 3260 sed
1285 3206 1396 3262 Deo
1447 3208 1772 3278 coniungat;
1827 3209 2063 3268 futuram

2170 3206 2245 3272 ὡς
2268 3208 2382 3279 πῦρ
2435 3207 2645 3277 ἐξάψει,
2676 3206 2773 3261 κει)⁵
2815 3206 3092 3277 μάχαιραν
3121 3203 3350 3276 ἐμϐαλεῖ
3389 3203 3509 3255 κατ’
3543 3201 3747 3265 οἴκους,

506 3287 704 3357 quippe
743 3289 1026 3359 plurimam
1077 3294 1419 3353 inimicitiam
1475 3309 1533 3354 et
1575 3316 1806 3372 pugnam
1846 3318 2064 3358 suorum

507 3379 736 3435 militum
770 3383 1056 3440 adversum
1092 3388 1249 3443 aliter
1275 3390 1539 3458 viventes,
1581 3393 1634 3447 in
1672 3393 1918 3450 domibus
1955 3395 2068 3450 sin-

506 3468 679 3539 gulis;
742 3471 868 3527 dum
935 3475 1026 3530 alii
1090 3477 1454 3550 irreligiosos,
1506 3482 1964 3554 intemperantes,
2015 3492 2072 3540 et

507 3576 730 3627 asneros
761 3575 1039 3622 sectantur
1073 3585 1284 3638 mores;
1329 3572 1416 3626 alii
1451 3574 1722 3639 modeste,
1755 3576 2069 3646 composite,

511 3652 707 3723 pieque
737 3655 944 3711 vivunt.
977 3658 1112 3714 Hinc
1140 3660 1321 3715 odium
1351 3677 1514 3731 grave
1545 3663 1854 3733 bellumque
1884 3666 2074 3720 incon-

512 3741 744 3799 ciliabile
795 3745 848 3799 in
896 3746 1126 3816 singulis
1165 3747 1385 3806 familiis
1432 3752 1722 3807 conﬂatum
1770 3754 1952 3808 iri.—
1980 3753 2074 3810 Dei

515 3835 760 3890 notitiam
818 3847 981 3908 atque
1031 3839 1360 3908 amicitiam,
1413 3857 1572 3911 quam
1628 3845 1907 3916 discipulis
1963 3847 2076 3903 suis

512 3926 856 3995 conciliabat,
891 3929 1194 4000 animmque
1234 3933 1794 4001 imperturbationem,
1841 3944 1895 3991 et
1927 3950 2078 3991 men-

454 4091 462 4098 _
512 4017 586 4072 tis
628 4019 974 4075 serenitatem
1003 4023 1334 4095 ﬁrmumque
1365 4036 1588 4092 statum,
1619 4027 1768 4096 pacis
1811 4027 2077 4082 vocabulo

516 4112 802 4166 denotans.
847 4110 988 4170 Vere
1031 4115 1176 4169 enim
1235 4117 1322 4171 illa
1371 4131 1478 4187 pax
1529 4127 1644 4182 est,
1693 4133 1814 4188 qua:
1865 4116 2077 4187 iustitia

517 4200 612 4256 Dei
655 4212 708 4256 et
751 4203 952 4272 pietate
988 4205 1270 4276 gloriatur.

2171 3299 2264 3352 καὶ
2301 3298 2442 3352 κατά
2492 3298 2810 3368 συγγενείας
2858 3299 2892 3369 ἠ
2940 3295 3104 3350 αὐτοῦ
3147 3296 3398 3366 δύναμις,
3441 3293 3752 3366 χωρίζουσα

2174 3391 2273 3462 μὲν
2294 3391 2401 3443 τῶν
2418 3389 2728 3445 ἐπιϐλαϐῶν
2747 3389 2949 3459 γονέων
2966 3387 3062 3442 καὶ
3091 3386 3388 3457 συγγενῶν,
3409 3385 3756 3439 συνάπτουσα

2170 3481 2229 3536 δὲ
2260 3481 2338 3552 τῷ
2369 3480 2506 3552 Θεῷ,
2541 3481 2636 3535 καὶ
2685 3482 2751 3552 τῇ
2799 3479 2908 3533 τῶν
2956 3479 3204 3551 οὐρανῶν
3269 3476 3515 3548 βασιλείᾳ
3558 3475 3758 3530 ἐνοῦσα.

2173 3574 2300 3637 τοὺς
2331 3573 2513 3639 ἀξίους
2537 3572 2706 3642 αὐτῆς
2729 3588 2743 3602 ο
2782 3570 3003 3624 ἔσεσθαι
3035 3569 3145 3640 γάρ
3179 3567 3438 3637 πλείστην
3464 3566 3595 3635 ὅσην
3640 3565 3756 3617 δια-

2174 3663 2347 3734 φοράν
2371 3678 2431 3714 τε
2456 3660 2551 3714 καὶ
2578 3661 2757 3732 μάχην
2784 3659 2891 3712 τῶν
2909 3657 3076 3712 αὐτοῦ
3108 3655 3450 3728 στρατιωτῶν
3469 3654 3605 3724 πρὸς
3629 3654 3754 3716 τοὺς

2173 3753 2434 3818 ἐναντίως
2471 3753 2699 3819 ζῶντας,
2734 3751 2856 3806 καθ’
2885 3753 3115 3806 ἕκαστον
3142 3745 3319 3812 οἷκον,
3359 3747 3438 3819 τῷ
3483 3749 3610 3810 τοὺς
3655 3745 3749 3817 μὲν

2173 3847 2266 3900 τὸν
2297 3845 2595 3899 ἀκόλαστον
2623 3845 2717 3898 καὶ
2742 3844 2899 3899 ἄθεον
2932 3843 3026 3898 καὶ
3070 3841 3314 3913 δυσμενῆ
3356 3839 3600 3910 μετιέναι
3637 3838 3750 3908 βίου

2176 3936 2397 4008 τρόπον,
2429 3937 2556 4000 τοὺς
2581 3935 2639 3989 δὲ
2666 3935 2757 3989 τὸν
2791 3935 3044 4006 σώφρονα
3075 3935 3170 3988 καὶ
3203 3933 3426 4002 κόσμιον
3449 3930 3544 3984 xa‘t
3585 3931 3758 3982 ἐπιει-

2179 4029 2282 4099 κῆ⁶
2307 4028 2388 4082 διὸ
2433 4027 2498 4100 δὴ
2528 4027 2726 4100 ἔχθραν
2756 4028 2934 4099 δεινὴν
2961 4027 3058 4081 καὶ
3096 4025 3332 4096 πόλεμον
3384 4022 3643 4078 ἄσπονδον
3693 4024 3758 4074 ἐκ

2181 4118 2371 4172 τούτου
2412 4118 2779 4188 συστήσεσθαι
2813 4120 2897 4188 ἐφ’
2931 4118 3168 4188 ἑκάστης
3204 4115 3522 4185 συγγενείας
3553 4113 3653 4184 (2).
3686 4142 3760 4154 -—

2183 4209 2296 4281 Τὴν
2332 4210 2469 4282 πρὸς
2519 4209 2653 4264 Θεὸν
2685 4210 2886 4280 γνῶσίν
2915 4227 2975 4263 τε
3003 4211 3098 4264 καὶ
3129 4207 3336 4278 φιλίαν,
3366 4205 3427 4276 ἢν
3460 4207 3571 4268 τοῖς
3591 4202 3756 4266 αὑτοῦ

518 4296 802 4370 προύξένει
841 4299 1127 4372 μαθηταῖς,
1170 4303 1271 4374 τήν
1301 4319 1362 4356 τε
1399 4303 1501 4372 τῆς
1530 4301 1708 4375 ψυχῆς
1759 4302 2077 4374 ἀταραξίαν,
2115 4303 2210 4358 καὶ
2235 4304 2498 4375 λογισμοῦ
2524 4305 2586 4358 τὸ
2611 4304 2844 4376 γαληνὸν
2904 4304 3000 4357 καὶ
3055 4300 3314 4383 εὐσταθὲς
3344 4298 3530 4352 τοῦτον
3547 4297 3758 4350 ἀποκα-

516 4393 623 4446 λῶν
651 4394 740 4448 τὸν
771 4395 1002 4466 τρόπον’
1037 4395 1112 4467 (5)
1149 4397 1338 4469 εἰρήνη
1373 4398 1479 4469 γάρ
1507 4397 1675 4462 ὅντως
1694 4399 1878 4470 ἐκείνη
1910 4399 2079 4462 ἐστὶν,
2103 4401 2136 4471 ἡ
2158 4403 2215 4454 ὲν
2249 4403 2316 4470 τῇ
2336 4399 2646 4470 δικαιοσύνῃ
2674 4399 2768 4452 τοῦ
2797 4399 2931 4452 Θεοῦ
2966 4397 3061 4452 καὶ
3086 4395 3337 4465 εὐσεϐείᾳ
3361 4391 3754 4464 σεμνυνομένη.

590 4485 977 4542 Verumtamen
1035 4491 1149 4543 hanc
1207 4489 1558 4560 praecipiebat
1600 4487 1881 4554 Senator,
1927 4491 2070 4545 haud

2255 4491 2330 4561 (4)
2362 4491 2507 4562 Πλὴν
2545 4490 2721 4551 ταῦτα
2753 4489 3058 4543 διετάττετο
3097 4490 3126 4541 ό
3159 4486 3382 4557 Κύριος,
3417 4484 3519 4537 οὐκ
3551 4484 3760 4536 ἀντινοσ

519 4578 772 4646 equidem
811 4591 1000 4635 contra
1047 4579 1247 4653 Moysis
1301 4581 1472 4654 legem
1520 4581 1788 4652 dicentem
1817 4599 1834 4638 :
1860 4579 2084 4637 Honora

591 4693 635 4726 ³⁷
667 4693 858 4749 Matth.
884 4711 938 4759 ι,
971 4696 1064 4751 54.

593 4784 706 4857 (97)
741 4785 799 4838 lu
835 4786 1024 4857 codice
1050 4787 1115 4842 A.
1157 4787 1199 4842 Γ.
1247 4786 1351 4844 186
1391 4785 1752 4857 fragmentum
1801 4788 1908 4844 hoc
1950 4787 2089 4857 gerit

521 4855 808 4930 perspicue
851 4856 1064 4930 titulum
1106 4858 1405 4930 Εὐσεϐίου
1442 4855 1699 4930 δευτέρῳ
1731 4857 1850 4930 (vel
1887 4855 2088 4930 δεῦτέ-

523 4923 663 5000 ρᾳυ)
685 4925 1062 5000 Θεοφανείας.
1091 4927 1406 5000 Atquilillud
1436 4923 1670 5000 δευτέρῳ
1703 4923 1954 5000 [nendum
1978 4928 2090 5000 exi-

526 4995 687 5050 stimo
733 4999 1076 5051 amanuensis
1110 4995 1202 5065 qui
1240 4995 1292 5051 in
1339 4995 1653 5065 antiquiore
1674 4998 1860 5052 codice
1903 4997 2096 5065 legerit

528 5066 760 5136 litteram
792 5065 849 5136 δ,
877 5065 1100 5134 [quat-to,
1120 5064 1392 5136 praveque
1425 5064 1777 5136 explicaverit
1817 5064 2092 5135 δευτέρῳ.

400 5163 412 5176 ι
529 5135 740 5202 Reapse
788 5134 1652 5206 inVSyriaca’Theophania,lib.
1697 5151 1770 5199 tv,
1814 5136 1884 5190 12
1907 5147 1962 5190 et
1996 5137 2088 5198 28,

531 5220 707 5259 sermo
732 5215 818 5259 est
843 5205 910 5260 de
928 5205 1174 5261 ’dissidiis
1215 5206 1477 5274 bellisque
1505 5205 1816 5262 domesticis
1855 5221 1922 5262 ac
1949 5205 2086 5260 civi-

533 5273 673 5330 libus
703 5274 978 5344 religionis
1019 5273 1472 5344 divers'ecansa;
1509 5289 1812 5344 quanquam
1842 5283 2087 5329 uestrum

535 5343 890 5424 fragmentum
948 5343 1160 5399 nonnisi
1212 5343 1409 5399 alicubi
1452 5359 1576 5400 cum
1633 5343 1907 5416 pradictis
1955 5345 2090 5399 locis

534 5423 805 5467 (εοηειι-υιι.

609 5481 721 5554 (εδ)
741 5482 842 5554 τά,
863 5482 986 5554 διευς
1015 5497 1088 5554 ιν,
1123 5481 1211 5537 η.

608 5551 721 5622 (99)
775 5551 918 5622 Sine'
954 5552 1117 5608 dubio
1147 5551 1379 5621 pertinet
1429 5553 1495 5607 ad
1518 5551 1691 5622 Ahunc
1730 5551 1906 5606 locum
1953 5551 2100 5622 frag-

541 5619 780 5690 mentum
827 5621 1040 5690 Eusebii
1074 5623 1126 5676 in
1150 5619 1360 5677 Catena
1397 5623 1464 5676 ad
1516 5619 1826 5676 Matthaaum
1867 5636 1997 5690 cap.
2038 5619 2097 5683 ἰ,

542 5689 634 5752 34,
659 5689 788 5772 edit.
814 5689 1078 5772 cra-meri,
1113 5707 1165 5772 pA.
1190 5691 1278 5772 8}.
1317 5691 1576 5772 bibi-mmor:
1606 5689 1962 5772 Καισαρείαςζ
1989 5690 2101 5770 Τὴν

547 5759 813 5830 τμητικὴν
843 5759 1159 5833 (μάχαιραν)
1189 5764 1267 5826 εἰς
1297 5761 1358 5814 τὸ
1379 5762 1600 5834 διαιρεῖν
1628 5761 1753 5824 τοὺς
1789 5759 1970 5826 ἀξίους
2007 5759 2102 5812 τοῦ

2193 4581 2436 4654 μοθετῶν
2461 4581 2540 4653 τῷ
2567 4581 2826 4650 φάσκοντι
2858 4581 3008 4652 παρά
3035 4581 3279 4643 Μωῦσεῖ,
3317 4577 3462 4647 Τίμα
3504 4574 3614 4630 τὸν
3645 4587 3764 4626 πα-

2194 4785 2330 4861 Θερῐ»
2357 4785 2466 4861 ob
2495 4781 2701 4861 τῷνμὴ
2742 4783 3018 4861 mina?-
3117 4852 3129 4861 .
3221 4851 3234 4861 .
3569 4846 3628 4861 .,.
3691 4844 3733 4861 _.

2264 4857 2342 4926 (l)
2369 4856 2494 4910 Haec
2548 4856 2598 4908 in
2627 4846 2869 4924 'S'yriaca
2933 4847 3429 4926 TheophaniaLlib.
3457 4861 3534 4926 tv,
3564 4846 3651 4910 12,
3685 4846 3762 4926 ait

2191 4914 2458 4997 Eusebius
2497 4940 2554 4980 se
2590 4914 2920 4997 _su_mere_ex
2957 4914 3241 4997 _Hebraico
3274 4916 3590 4997 Evangelio,
3615 4914 3768 4984 quod-

2191 4993 2323 5050 alibi
2361 4997 2525 5050 etiam
2555 4995 2624 5048 ab
2658 4991 2891 5047 Eusebio
2920 4993 3146 5047 citatum
3184 4997 3370 5058 postea
3401 4987 3724 5058 videbimus.

2262 5065 2338 5136 (ἓ)
2372 5064 2495 5119 llaec
2537 5062 2692 5118 valde
2724 5071 3028 5134 congruunt
3075 5054 3198 5116 cuni
3247 5056 3477 5125 Theoph.
3530 5054 3656 5126 Syr.
3684 5067 3762 5118 tv,

2269 5206 2345 5275 (5)
2369 5204 2710 5277 Videshunc
2747 5201 3020 5277 pra:c_ipue
3055 5199 3235 5277 locum
3279 5192 3766 5277 adamassimnper-

2195 5262 2368 5330 liuere
2417 5273 2483 5328 ad
2525 5262 2802 5342 Syriacam
2868 5262 3281 5342 Themi/mnium,
3307 5265 3426 5342 __lib.
3462 5262 3658 5342 1v,__l2,
3687 5262 3764 5314 ita

2197 5356 2375 5400 tamen
2410 5352 2468 5396 ut
2504 5332 2724 5399 Graecus
2779 5351 2958 5397 textus
2992 5332 3124 5394 mihi
3179 5337 3410 5391 lucidior
3459 5332 3764 5398 meliorque

2197 5416 2465 5469 videatur.

2196 5518 2226 5555 .7
2271 5483 2348 5555 (4)
2383 5483 2438 5536 lu
2467 5481 2654 5555 codice
2676 5480 2742 5534 A.
2781 5479 2820 5534 ί.
2857 5479 2991 5555 eos,
3019 5487 3478 5555 perspicue_,_cum
3511 5480 3769 5555 comperi-3

2196 5535 2524 5610 δίὸίίειίιυὶπί
2545 5535 2644 5605 Vini
2669 5550 2905 5604 secundo
2935 5535 3198 5604 vocabulo
3233 5563 3248 5600 :
3281 5535 3544 5598 Εὑσεϐίου
3575 5535 3772 5611 βιϐλίῳ

2201 5608 2442 5694 τετάρτῳ
2479 5619 2828 5692 Θεοφανείας,
2848 5618 3078 5693 _Eusebii
3111 5632 3177 5671 ea:
3216 5615 3349 5669 libro
3376 5608 3776 5668 auatto’Theo.

2201 5695 2432 5765 phaniae.
