4116 6394
390 406 492 462 689

1731 383 1818 454 οε
1853 374 2313 450 τ”ιιΕὒρῐιΑΝιΑέ

3515 381 3619 436 6Ἱο

390 522 533 589 τέρα
569 533 686 574 σου
718 520 817 574 καί
866 536 981 587 την
1002 514 1230 590 μητέρα
1263 531 1402 583 σου,
1438 517 1607 589 νόμῳ,
1645 515 1874 587 βεϐαιῶν
1906 512 1962 565 δὲ

2080 524 2261 567 mtrem
2295 521 2441 565 tuum
2478 526 2524 563 et
2569 518 2786 562 matrem
2820 516 2965 558 tuam
2987 503 3065 569 “;
3094 503 3201 557 imo
3239 509 3293 556 et
3335 499 3484 555 illam
3528 501 3620 555 ﬁr-

392 614 643 667 κάκεῖνον
677 611 771 664 καὶ
828 610 1354 682 ὲπισφραγιζόμενος
1393 611 1481 663 διὰ
1514 610 1614 678 τῆς
1657 607 1963 679 κρείττονος

393 705 489 759 καὶ
508 704 886 776 ἐντελεστέρας
906 704 1121 774 ἐντολῆς
1146 704 1243 774 τῆς
1272 702 1363 755 τὸν
1392 701 1522 755 Θεὸν
1551 701 1609 767 ἐξ
1632 700 1757 768 ὅλης
1788 697 1963 767 ψυχῆς

396 798 613 867 ἀγαπᾷν
642 795 1114 867 διακελευομένης.
1136 794 1355 865 Πατέρα
1388 795 1483 866 μὲν
1500 794 1607 864 γὰρ
1639 792 1731 845 καὶ
1754 791 1964 862 μητέρα

396 890 558 959 τιμᾷν
594 888 752 941 παντί
784 905 862 957 τῳ
903 887 1130 957 νόμιμον
1164 885 1305 939 κατὰ
1336 886 1529 954 φύσιν·
1579 885 1729 945 ὄντος
1764 883 1819 935 δὲ
1852 882 1966 934 έτέτ

400 999 491 1053 ρου
530 980 737 1050 πατρὸς
780 979 874 1033 τοῦ
914 980 1007 1033 καὶ
1043 978 1151 1031 τῶν
1194 978 1596 1048 γεγεννηκότων
1637 976 1962 1048 κρείττονος,

396 1072 593 1137 αὐτούς
623 1090 682 1125 τε
711 1070 1184 1142 ὁποστησαμένου,
1219 1066 1287 1141 ἦν
1320 1070 1378 1123 δὲ
1410 1061 1564 1132 οὗτος
1620 1068 1652 1121 6
1690 1065 1784 1119 τοῦ
1828 1064 1964 1117 Θεοῦ

398 1166 594 1233 Λόγος,
646 1166 675 1218 6
708 1164 775 1218 τὰ
813 1161 1585 1235 προκείμενα.διαταττόμενος
1609 1197 1624 1224 ,
1658 1158 1719 1210 οὺ
1767 1155 1966 1228 χρῆναί

398 1274 531 1328 φησι
548 1282 565 1308 ν
587 1258 688 1310 ύπε
698 1256 943 1329 ρϐάλλειν
975 1258 1039 1327 τῇ
1061 1254 1213 1326 φιλία
1227 1256 1353 1317 τοὺς
1377 1252 1437 1306 τὸ
1471 1251 1629 1322 σῶμα
1648 1247 1968 1320 γεγεννηκό-

397 1367 495 1412 τας
547 1349 641 1403 τοῦ
681 1349 781 1410 τὴν
825 1348 1047 1418 λογικὴν
1101 1345 1551 1417 ὑποστησαμένου
1596 1343 1797 1411 Λόγου·
1834 1340 1969 1394 ἀλλά

398 1439 667 1503 κάκείνοις
695 1439 792 1509 μὲν
809 1437 1209 1510 προσφέρεσθαι
1224 1440 1352 1509 τιμῇ
1376 1440 1441 1507 τῇ
1460 1437 1627 1506 πάσῃ,
1654 1432 1888 1487 διαθέσει
1907 1449 1967 1485 τε

398 1526 462 1600 τῇ
495 1529 864 1601 προσηκούσῃ,
900 1529 1049 1599 αύτῷ
1095 1528 1151 1580 δὲ
1193 1526 1635 1598 ὑπερϐαλλόντως
1665 1525 1726 1578 τὸ
1754 1523 1969 1595 πρῶτον

398 1618 691 1687 ἀπονέμειν
724 1616 905 1679 σέϐας,
941 1616 1300 1685 ὑπεραγαπᾷν
1347 1631 1405 1667 τε
1446 1613 1541 1666 καὶ
1590 1611 1763 1681 φιλεῖν
1808 1608 1970 1662 αὑτὸν

399 1708 540 1778 ὑπὲρ
573 1708 779 1770 πάντας
801 1722 815 1738 ·
847 1707 922 1769 ὡς
957 1706 1029 1776 μὴ
1066 1707 1347 1758 κατοκνεῖν
1363 1704 1429 1757 δι’
1462 1703 1625 1756 αὐτὸν
1650 1703 1743 1755 καὶ
1767 1699 1969 1768 γονέων

397 1797 608 1852 ἀσεϐῶν
640 1794 964 1860 διίστασθαι,
987 1795 1080 1847 καὶ
1114 1793 1289 1847 ἀθέων
1321 1792 1563 1860 ἀδελφῶν
1590 1788 1967 1862 ἀφορίζεσθαι,

2065 620 2217 659 mans
2250 602 2532 674 sigilloque
2581 599 2830 653 muniens
2858 610 2954 664 per
2992 593 3183 649 melius
3222 591 3619 661 perfectiusque

2063 705 2385 764 praeceptum
2427 705 2532 759 quo
2586 689 2750 744 Deum
2804 694 2914 739 tota
2973 684 3154 738 anima
3206 682 3430 749 diligere
3465 681 3621 750 jube-

2065 801 2186 840 mur
2207 785 2274 836 ³³.
2308 782 2441 836 Nam
2483 790 2688 851 patrem
2733 778 2948 848 quidem
2988 782 3321 841 matremque
3353 772 3621 828 honorare

2065 876 2289 946 quilibet
2319 878 2479 931 homo
2507 876 2622 944 lege
2674 882 2878 927 naturae
2906 867 3081 923 debet.
3108 864 3213 920 Sed
3255 878 3377 918 cum
3412 864 3466 917 et
3485 862 3623 921 alius

2064 976 2216 1035 pater
2265 966 2335 1019 sit
2378 964 2717 1035 gignentibus
2748 959 2954 1023 melior,
3000 956 3090 1024 qui
3142 962 3197 1010 et
3248 954 3346 1009 bos
3397 953 3618 1019 creavit,

2063 1073 2256 1128 nempe
2300 1057 2468 1126 ipsum
2512 1055 2601 1110 Dei
2631 1052 2889 1115 Verbum,
2925 1052 3014 1120 qui
3051 1050 3302 1119 praedicta
3345 1046 3620 1118 praecepit,

2066 1165 2171 1204 non
2203 1157 2450 1217 oportere
2492 1147 2564 1199 ait
2617 1146 2821 1215 majore
2858 1143 3047 1197 affectu
3096 1140 3347 1211 prosequi
3384 1138 3625 1207 corporis

2066 1230 2358 1312 genitores,
2382 1252 2542 1307 quam
2575 1236 2702 1290 illud
2734 1236 2873 1305 quod
2902 1232 3217 1287 rationalem
3240 1238 3447 1300 partem
3470 1228 3625 1283 nobis

2066 1328 2263 1384 indidit
2300 1326 2533 1381 Verbum
2561 1343 2574 1378 :
2600 1324 2693 1379 sed
2723 1332 2776 1377 et
2804 1322 2908 1376 illis
2941 1334 3155 1375 omnem
3197 1320 3454 1373 honorem
3493 1332 3623 1371 con-

2068 1419 2486 1486 venientemque
2526 1415 2773 1470 allectum
2815 1414 3093 1476 exhibere,
3129 1420 3183 1465 et
3225 1411 3332 1465 Deo
3369 1408 3627 1464 eximium

2067 1527 2132 1568 ac
2175 1510 2473 1581 principale
2528 1506 2755 1563 reddere
2797 1506 3139 1575 obsequium,
3189 1502 3470 1572 ipsumque
3518 1512 3631 1569 pra:

2067 1603 2325 1659 omnibus
2362 1614 2547 1654 amare
2576 1612 2638 1652 ac
2676 1596 2937 1665 diligere;
2959 1596 3032 1649 ita
3070 1603 3128 1648 ut
3158 1593 3379 1647 minime
3411 1601 3631 1646 cuncte-

2069 1710 2214 1758 mur,
2248 1708 2411 1748 causa
2457 1690 2573 1759 ejus
2617 1705 2644 1743 a
2676 1688 2990 1758 parentibus
3038 1685 3219 1754 impiis
3266 1682 3547 1746 dissidere,
3577 1687 3632 1734 et

2072 1788 2141 1843 ab
2183 1785 2495 1855 irreligiosis
2530 1782 2786 1836 fratribus
2815 1778 3085 1849 separari,
3126 1778 3369 1845 ﬁliosque
3406 1782 3459 1827 et
3497 1772 3634 1825 ﬁlias

398 1885 547 1951 υίούς
578 1904 637 1939 τε
671 1886 762 1939 καὶ
801 1884 1103 1955 θυγατέρας
1136 1840 1594 1955 ἀποστρέφεόθαι,
1630 1840 1725 1934 καὶ
1771 1882 1836 1951 τῇ
1875 1840 1969 1931 τού

2080 1878 2332 1940 aversari,
2358 1874 2626 1943 Verbique
2662 1871 2975 1926 acutissimo
3022 1868 3198 1937 gladio
3244 1865 3481 1918 omnium
3532 1863 3631 1915 bo-

399 1974 571 2044 Λόγου
620 1974 1005 2046 τμητικωτάτῃ
1065 1973 1309 2045 μαχαίρᾳ
1349 1970 1552 2026 τούτων
1603 1971 1858 2025 ἁπάντων
1904 1969 1973 2023 τά

400 2064 604 2133 φυσικά
623 2065 932 2118 διακόπτειν
956 2064 1173 2135 φίλτρα,
1208 2065 1257 2116 εί
1282 2060 1532 2133 ἐμποδών
1561 2079 1690 2115 ποτε
1734 2060 1975 2130 γένοιντο

399 2159 465 2228 τῇ
503 2158 630 2227 περὶ
658 2156 819 2210 αὐτὸν
848 2156 1059 2209 εὐσεϐεῖ
1086 2154 1340 2209 διαθέσει.
1384 2153 1477 2206 Διὸ
1512 2152 1754 2225 ἀκριϐῶς
1794 2153 1853 2204 ὲν
1894 2149 1973 2221 τῷ

400 2246 665 2313 Ματθαίῳ
698 2246 801 2316 ἔφη
825 2263 838 2275 ·
884 2247 936 2297 Ὀ
977 2244 1169 2314 φιλῶν
1205 2244 1430 2313 πατέρα
1472 2243 1511 2313 ἤ
1552 2243 1779 2313 μητέρα
1822 2242 1973 2309 ὑπὲρ

399 2336 505 2405 ἐμὲ
534 2339 644 2390 οὐκ
673 2336 804 2390 ἐστι
826 2352 945 2405 μου
971 2334 1165 2400 ἄξιος·
1196 2335 1380 2406 χώραν
1410 2335 1507 2405 μὲν
1532 2333 1642 2405 γὰρ
1664 2333 1752 2387 διά
1771 2332 1973 2385 τούτων

402 2427 498 2481 καὶ
526 2429 636 2489 τοῖς
662 2426 739 2495 τῷ
763 2427 909 2494 γένει
948 2428 1279 2499 προσήκουσι
1310 2424 1599 2487 διαθέσεως
1639 2422 1975 2493 κατελίμπα-

402 2534 491 2571 νεν
512 2535 523 2548 ·
551 2518 689 2588 ὑπὲρ
704 2517 863 2571 αὑτὸν
884 2517 941 2569 δὲ
968 2516 1145 2570 οὐκέτ’
1172 2518 1352 2580 αὐτοῖς
1379 2515 1672 2587 συνεχώρει
1691 2513 1971 2586 τιμᾶσθαι,

399 2610 520 2662 οὐδὲ
558 2608 646 2663 διὰ
677 2608 773 2680 τὴν
805 2608 884 2672 εἰς
926 2607 1016 2661 τὸν
1048 2609 1264 2679 πατέρα
1297 2608 1449 2673 αἰδῶ,
1494 2608 1528 2679 ἢ
1577 2608 1674 2678 τῆς
1711 2606 1975 2676 τεκούσης

403 2698 585 2762 ἕνεκα,
621 2699 652 2767 ἢ
686 2699 845 2770 χάριν
869 2700 966 2770 τῆς
1010 2700 1147 2772 πρὸς
1194 2701 1261 2755 τὰ
1297 2700 1530 2770 φίλτατα
1569 2698 1822 2771 στοργῆς,
1858 2697 1976 2761 ὲξό-

406 2790 638 2860 μνυσθαι
677 2791 776 2861 τὴν
814 2791 977 2844 αὐτοῦ
1022 2793 1225 2861 φιλίαν,
1260 2792 1394 2847 ἀλλὰ
1428 2792 1598 2861 φιλεῖν
1634 2791 1732 2861 μὲν
1786 2789 1976 2844 κάκεί-

405 2897 547 2947 νους,
583 2881 660 2945 ὡς
681 2883 775 2935 καὶ
804 2882 899 2936 τοῦ
949 2885 1047 2955 τῆς
1079 2885 1292 2953 φύσεως
1323 2885 1487 2955 νόμου
1545 2884 1639 2937 καὶ
1687 2880 1794 2935 τοῦ
1830 2881 1976 2939 θείου

403 2969 562 3039 λόγου
575 2972 730 3025 τοῦτο
754 2974 1158 3048 διαγορεύοντος
1180 2992 1193 3006 ·
1232 2978 1393 3048 μέχρι
1421 2976 1478 3029 δὲ
1501 2975 1754 3029 τοσούτου
1780 2977 1974 3047 φιλεῖν,

409 3064 601 3135 μέχρις
623 3063 711 3118 ὅτε
743 3066 907 3137 μηδὲν
929 3067 1297 3122 καταϐλάπτει
1342 3069 1374 3139 ἡ
1411 3068 1539 3139 περὶ
1569 3069 1765 3133 αὐτοὺς
1796 3068 1977 3123 διάθε-

2075 1986 2193 2027 rum
2239 1968 2513 2025 naturales
2553 1965 2844 2036 praecidere
2898 1961 3232 2021 alfectiones,
3271 1957 3313 2011 si
3351 1956 3488 2010 forte
3535 1969 3634 2007 nos

2076 2079 2106 2118 a
2132 2063 2222 2132 pio
2246 2076 2375 2132 erga
2423 2060 2590 2115 Deum
2637 2070 2822 2112 amore
2869 2052 3187 2122 impediant.
3218 2048 3429 2102 Diserte
3453 2047 3638 2114 itaque

2076 2155 2216 2223 apud
2263 2153 2572 2208 Mattltmum
2628 2150 2764 2203 dixit
2793 2164 2807 2201 :
2839 2146 2942 2211 Qui
2997 2153 3138 2197 amat
3166 2150 3363 2210 patrem
3395 2147 3487 2192 aut
3520 2154 3635 2191 ma—

2074 2257 2209 2302 trem
2253 2245 2370 2314 plus
2416 2258 2575 2313 quam
2616 2257 2718 2305 me,
2760 2254 2863 2292 non
2900 2244 2975 2291 est
3018 2250 3098 2288 me
3127 2235 3317 2303 dignus
3339 2230 3405 2282 ‘°.
3433 2229 3638 2297 Quippe

2074 2340 2163 2396 his
2225 2336 2425 2400 verbis,
2481 2334 2659 2388 locum
2717 2329 2972 2398 relinquit
3027 2326 3197 2379 amori
3249 2335 3464 2392 quoque
3510 2332 3637 2388 erga

2074 2439 2277 2499 genere
2316 2424 2590 2494 proximos
2618 2438 2632 2486 ;
2666 2420 2760 2476 sed
2792 2430 2968 2473 tamen
3001 2415 3146 2470 haud
3177 2413 3347 2481 magis
3382 2416 3543 2479 quam
3580 2421 3640 2463 se

2076 2518 2331 2575 honorari
2367 2512 2651 2570 concedit:
2688 2523 2863 2580 neque
2905 2517 3126 2580 propter
3164 2504 3336 2574 patris
3380 2500 3639 2556 matrisve

2077 2606 2462 2672 reverentiam,
2511 2613 2604 2659 aut
2653 2603 3066 2658 carissimorum
3112 2596 3389 2659 aﬁ'ectum,
3423 2592 3639 2662 eiurare

2078 2703 2175 2761 Dei
2237 2699 2569 2763 amicitiam;
2609 2695 2702 2752 sed
2744 2701 2799 2748 et
2848 2692 2972 2746 illos
3006 2690 3251 2760 diligere,
3287 2684 3538 2756 quoniam
3586 2680 3642 2734 id

2086 2806 2197 2851 tum
2225 2792 2315 2850 lex
2347 2801 2578 2854 naturae,
2599 2798 2708 2842 tum
2730 2785 2822 2841 Dei
2854 2781 3076 2837 verbum
3106 2778 3335 2848 jubent;
3369 2784 3423 2828 et
3447 2771 3643 2825 nihilo-

2078 2885 2257 2941 minus
2295 2896 2481 2937 amare
2516 2889 2763 2936 eatenus.
2802 2882 3069 2946 quatenus
3109 2884 3236 2939 erga
3289 2866 3387 2920 bos
3427 2862 3644 2917 dilectio

2079 2975 2214 3033 nihil
2253 2971 2498 3044 religioni
2534 2970 2645 3026 Deo
2686 2969 2879 3025 debitae
2918 2976 3096 3021 nocet.
3136 2962 3291 3029 Quod
3326 2958 3379 3015 si
3406 2955 3547 3013 forte
3589 2955 3643 3009 lti

2080 3064 2469 3136 impedimento
2498 3062 2630 3116 ﬁant
2657 3056 2935 3129 religionis
2977 3054 3206 3124 legibus,
3238 3045 3644 3118 anteponendus

408 3169 491 3215 σις
519 3151 616 3223 τὴν
657 3154 793 3226 πρὸς
838 3154 928 3206 τὸν
972 3154 1105 3207 Θεὸν
1156 3137 1455 3209 εὐσέϐειαν.
1485 3137 1567 3207 -Εί
1618 3155 1677 3210 δὲ
1735 3157 1977 3229 μέλλοιεν

2080 3166 2164 3212 est
2202 3155 2500 3209 animarum
2526 3151 2686 3206 Pater
2721 3168 2736 3205 :
2786 3157 2905 3203 erat
2945 3155 3125 3200 autem
3176 3144 3299 3205 hic,
3341 3141 3512 3209 ipsum
3551 3137 3643 3191 Dei

407 3242 656 3313 ἐμποδών
690 3253 819 3296 ποτε
856 3238 1000 3299 οὗτοι
1031 3244 1277 3313 γίνεσθαι
1298 3247 1411 3311 τοῖς
1436 3245 1532 3319 τῆς
1568 3246 1877 3310 θεοσεϐείας
1903 3247 1983 3300 νό-

413 3351 552 3404 μοις,
586 3335 951 3406 προτιμητέος
980 3336 1009 3383 ὁ
1041 3336 1152 3393 τῶν
1178 3339 1365 3410 ψυχῶν
1397 3338 1587 3409 Πατήρ
1607 3356 1620 3370 ·
1652 3331 1806 3401 οὗτος
1825 3338 1883 3391 δὲ
1913 3333 1984 3409 ἦν

410 3424 570 3489 αὐτὸς
602 3424 631 3476 6
660 3424 754 3478 τοῦ
795 3426 932 3483 Θεοῦ
968 3427 1139 3499 Λόγος
1159 3433 1187 3484 6
1216 3432 1387 3484 ταῦτα
1419 3429 1862 3499 διακελευόμενος
1889 3429 1985 3482 καὶ¹

408 3517 729 3587 νομοθετῶν
755 3518 863 3576 δεῖν
885 3522 1011 3585 τοὺς
1042 3522 1206 3575 αὐτοῦ
1241 3519 1576 3592 στρατιώτας
1610 3519 1749 3589 ὑπὲρ
1777 3519 1983 3582 πάντας

408 3614 535 3679 τοὺς
560 3613 639 3685 τῷ
660 3614 806 3682 γένει
831 3614 1204 3685 προσήκοντας
1232 3613 1391 3665 αὑτὸν
1422 3613 1663 3682 ἀγαπᾷν,
1693 3610 1828 3682 μηδὲ
1856 3628 1986 3682 προ-

410 3706 575 3775 τιμᾷν
607 3705 708 3775 τῆς
756 3705 885 3774 περὶ
917 3703 1079 3757 αὐτὸν
1103 3703 1396 3766 διαθέσεως
1439 3702 1638 3774 φίλτρα
1685 3701 1902 3773 σαρκῶν
1950 3701 1984 3771 ἢ

414 3799 682 3870 σωμάτων
732 3798 1069 3868 συγγενείας.
1129 3798 1263 3851 Τότε
1295 3796 1354 3851 δὲ
1388 3796 1481 3849 καὶ
1525 3798 1559 3866 ὴ
1614 3795 1855 3867 μάχαιρα
1890 3794 1983 3847 τοῦ

414 3890 549 3942 Θεοῦ
578 3891 610 3959 ὴ
642 3889 1051 3959 τμητικωτάτη,
1076 3888 1204 3951 τοὺς
1249 3886 1501 3953 ἀναξίους
1536 3887 1642 3939 ἀπὸ
1690 3886 1797 3939 τῶν
1822 3886 1986 3952 ἀξίων

413 3977 798 4043 διακόπτουσα,
829 3978 990 4032 διέλοι
1025 3979 1092 4032 ἂν
1132 3976 1356 4037 δικαίως
1386 3976 1497 4029 τῶν
1534 3977 1609 4048 μὴ
1650 3976 1861 4029 ἀσεϐῶν
1884 3976 1983 4047 (4')

414 4068 620 4138 γονέων
647 4070 772 4132 τοὺς
801 4068 1044 4131 εὐσεϐεῖς
1068 4065 1398 4139 ἀφορίζουσα
1437 4066 1603 4130 υἱούς.
1622 4067 1890 4131 Ὡσαύτως
1910 4085 1987 4120 τι-

418 4158 617 4229 μητέον
669 4160 763 4212 καῖ¹
808 4159 1118 4228 ἀγαπητέον
1149 4157 1300 4218 υἱοὺς
1344 4156 1437 4208 καὶ
1475 4155 1779 4227 θυγατέρας
1801 4158 1985 4228 νόμοις

414 4251 652 4319 φύσεως,
687 4252 747 4304 ού
784 4251 892 4320 μὴν
941 4248 1071 4302 ὥσθ’
1100 4249 1287 4303 ἕνεκεν
1318 4247 1525 4302 τούτων
1555 4247 1811 4318 ἐξάρνους
1838 4250 1987 4317 γίνεα-

415 4341 540 4395 σθαι
564 4342 662 4412 τῆς
711 4342 839 4413 περὶ
879 4341 1041 4394 αὑτὸν
1072 4339 1361 4410 ὁμολογίας
1380 4356 1394 4370 ο
1449 4338 1710 4410 μεγίστης
1733 4356 1791 4391 τε
1819 4355 1988 4410 τιμω-

418 4434 538 4505 ρίας
561 4431 911 4503 ἀπειλητικὴν
944 4432 1225 4503 προήκατο
1270 4430 1451 4502 φωνὴν
1493 4430 1661 4485 εἰπὼν
1704 4431 1843 4486 κατά
1887 4432 1987 4504 μὲν

2089 3244 2319 3301 Verbum
2353 3244 2468 3297 haec
2495 3240 2812 3311 praecipiens
2842 3246 2897 3292 et
2924 3236 3023 3290 has
3053 3233 3197 3303 leges
3230 3238 3473 3285 statuens
3498 3244 3513 3280 :
3545 3226 3644 3280 de-

2085 3338 2214 3393 bere
2257 3335 2469 3391 scilicet
2502 3332 2701 3388 milites
2740 3344 2869 3386 suos
2889 3340 3050 3397 supra
3078 3337 3267 3379 omnes
3292 3332 3490 3391 genere
3513 3331 3645 3371 con-

2079 3425 2297 3495 junctos
2337 3425 2512 3494 ipsum
2556 3435 2742 3477 amare
2796 3433 2898 3473 nec
2941 3413 3215 3471 dilectioni
3254 3424 3365 3466 suae
3401 3406 3647 3463 carnales

2085 3514 2311 3571 affectus
2345 3525 2658 3584 praeponere
2686 3509 2773 3567 vel
2810 3521 3095 3575 corporum
3132 3500 3643 3569 consauguinitates.

2086 3607 2241 3661 Tunc
2279 3615 2459 3659 autem
2513 3602 2722 3673 gladius
2782 3599 2876 3654 Dei
2926 3595 3274 3653 acutissimus
3328 3591 3575 3661 indignos
3616 3604 3646 3643 ιι

2089 3700 2268 3766 dignis
2303 3696 2648 3766 praecidendo
2694 3693 2840 3761 iuste
2880 3695 3147 3751 secernet,
3178 3685 3246 3740 ab
3281 3683 3460 3752 impiis
3491 3680 3649 3734 nimi-

2086 3803 2205 3843 rum
2252 3784 2568 3857 parentibus
2625 3783 2746 3852 pios
2782 3780 2921 3834 lilios
2952 3790 3234 3846 separans.
3280 3770 3547 3828 Similiter
3591 3769 3646 3824 in

2088 3879 2262 3949 pretio
2286 3876 2518 3932 habendi
2558 3881 2687 3928 sunt
2719 3880 2883 3941 atque
2920 3867 3138 3923 amandi
3172 3864 3267 3919 ﬁlii
3297 3862 3528 3931 ﬁliaeque
3554 3875 3637 3915 na-

2089 3982 2221 4026 turae
2246 3969 2394 4040 lege;
2419 3981 2522 4021 non
2549 3964 2620 4019 ita
2651 3974 2849 4027 tamen,
2876 3970 2934 4013 ut
2958 3960 3148 4013 horum
3183 3970 3348 4011 causa
3377 3952 3648 4009 Christum

2086 4060 2330 4117 conﬁteri
2356 4069 2684 4112 recusemus.
2717 4051 3043 4120 Maximique
3072 4045 3316 4117 supplicii
3344 4058 3527 4099 vocem
3565 4043 3648 4097 in-

2085 4156 2258 4210 dicem
2288 4150 2672 4222 pronuntiavit,
2696 4148 2819 4201 dum
2843 4142 3227 4199 aitsecundum
3261 4139 3457 4194 Lucam
3483 4153 3499 4190 :
3528 4134 3653 4191 Non

2085 4254 2252 4317 potest
2274 4260 2418 4298 meus
2446 4258 2554 4297 esse
2576 4238 2865 4307 discipulus
2903 4235 2982 4301 ‘l;
3030 4233 3322 4288 secundum
3354 4245 3478 4285 vero
3518 4229 3653 4283 Mat-

2091 4338 2316 4391 thatum:
2339 4333 2460 4388 Non
2494 4342 2566 4386 est
2598 4347 2678 4385 me
2708 4328 2897 4399 dignus
2919 4326 2985 4384 “.
3004 4322 3373 4392 Siquidemqui
3404 4322 3522 4375 haec
3544 4322 3654 4374 aieo

2086 4429 2199 4491 bat,
2216 4424 2344 4479 illud
2363 4424 2532 4492 ipsum
2554 4428 2671 4475 erat
2689 4416 3017 4488 unigenitum
3034 4415 3101 4469 ab
3115 4412 3265 4467 initio
3284 4410 3376 4465 Dei
3396 4408 3649 4473 Verbum,

417 4496 651 4588 λουκᾶν,
798 4496 1050 4577 «Sugaris!
1075 4496 1199 4592 μου
1243 4496 1724 4592 εἶναιϋμαθητήςο
1758 4496 1900 4578 κατά
1927 4525 1978 4577 δὲ

2088 4519 2231 4590 quod
2263 4524 2347 4571 est
2379 4516 2513 4578 vita,
2536 4509 2819 4579 sapientia,
2871 4506 2982 4571 lux,
3016 4514 3070 4559 et
3111 4503 3351 4558 omnium
3394 4501 3654 4555 bonorum

416 4613 709 4679 Ματθαῖον,
745 4615 866 4667 Οὐκ
889 4614 1023 4667 ἐστι
1059 4630 1176 4682 μου
1212 4611 1410 4678 ἄξιος·
1438 4613 1594 4682 εἴπερ
1623 4614 1652 4666 6
1682 4613 1852 4666 ταῦτα
1894 4613 1984 4666 λέ-

418 4722 528 4773 γων
550 4704 708 4767 αὐτὸς
732 4706 936 4766 ἐκεῖνος
967 4698 1035 4773 ἦν
1067 4704 1096 4755 6
1124 4705 1180 4757 ἐν
1221 4703 1361 4775 ἀρχῇ
1396 4704 1689 4774 μονογενὴς
1718 4705 1811 4757 τοῦ
1845 4705 1982 4759 Θεοῦ

2088 4608 2358 4667 cumulus.
2390 4604 2534 4675 Ergo
2574 4601 2738 4657 dictio
2767 4619 2779 4654 :
2815 4596 2938 4652 Non
2956 4607 3028 4651 est
3058 4612 3137 4649 me
3165 4595 3374 4664 dignus,
3397 4593 3537 4647 idem
3559 4605 3656 4644 va-

2088 4703 2335 4774 letquod,
2356 4698 2471 4754 Non
2488 4696 2590 4751 erit
2607 4695 2709 4748 vita
2728 4706 2899 4761 neque
2920 4690 3024 4744 alio
3038 4686 3275 4758 quolibet
3290 4685 3431 4740 bono
3445 4685 3657 4754 dignus.

417 4801 608 4868 Λόγος,
630 4799 790 4862 αὐτὸς
827 4797 902 4851 ὢν
946 4799 981 4868 ἡ
1032 4797 1145 4869 ζωὴ
1171 4800 1265 4852 καὶ
1295 4801 1327 4869 ἡ
1363 4799 1522 4865 σοφία
1540 4802 1634 4853 καὶ
1663 4801 1724 4853 τὸ
1756 4802 1870 4870 φῶς
1899 4806 1993 4858 καὶ
2057 4805 2118 4857 τὸ
2159 4802 2377 4856 πάντων
2429 4791 2645 4862 ἀγαθῶν
2715 4788 3014 4859 πλήρωμα·
3060 4783 3120 4837 τὸ
3169 4781 3322 4851 γοῦν,
3361 4782 3484 4834 Οὐκ
3524 4778 3661 4833 ἐστι

413 4912 530 4965 μου
557 4894 744 4959 ἄξιος,
767 4895 950 4964 ὅμοιον
984 4893 1048 4947 ἂν
1072 4893 1156 4965 εἴη
1182 4892 1280 4963 τῷ,
1333 4894 1445 4947 Οὐκ
1481 4895 1545 4947 ἂν
1592 4894 1801 4963 γένοιτο
1833 4898 1998 4969 ’ζωῆς
2036 4900 2203 4964 ἄξιος,
2230 4893 2338 4948 οὐδ’
2361 4890 2521 4945 ἄλλου
2553 4885 2697 4948 τινὸς
2721 4879 2947 4951 ἀγαθοῦ.

491 4986 803 5041 Ἐπιτείνων
829 4985 887 5040 δὲ
913 4986 1039 5048 τοὺς
1052 4985 1153 5055 τῆς
1170 4985 1347 5055 ψυχῆς
1368 4985 1573 5049 τόνους,
1593 4987 1809 5059 καὶτῆς,
1827 4987 1902 5052 ὡς
1927 4988 1993 5043 ἂν

420 5077 562 5130 εἴποι
593 5095 695 5141 τις,
727 5077 1121 5148 στρατιωτικῆς
1157 5075 1300 5129 κατὰ
1320 5075 1451 5129 Θεὸν
1476 5076 1727 5147 ἀνδρείας
1757 5079 1857 5149 τὴν
1889 5077 1993 5149 ῥώ-

426 5183 531 5238 μην
551 5167 938 5238 ἀναζωπυρῶν,
969 5166 1227 5235 ἐπιλέγειο
1254 5166 1365 5223 Καὶ
1389 5166 1457 5231 ὃς
1489 5168 1562 5220 οὐ
1582 5166 1865 5230 ,ϐαστάζει
1887 5169 1994 5222 τὸν

423 5259 685 5327 σταυρὸν
711 5259 897 5314 αὑτοῦ
925 5259 1024 5313 καὶ
1053 5260 1287 5329 ἔρχεται
1318 5259 1510 5312 ὀπίσω
1541 5276 1680 5326 μου,
1712 5261 1784 5313 οὐ
1815 5258 1993 5311 δύνα-

423 5351 519 5404 ται
543 5368 660 5419 μου
691 5346 841 5405 εἶναι
860 5351 1129 5419 μαθητής
1147 5369 1160 5382 ·
1176 5351 1234 5404 οὐ
1254 5351 1362 5423 γὰρ
1381 5350 1646 5421 πατέρων,
1661 5350 1844 5421 φησὶν,
1871 5349 1992 5403 οὐδὲ

429 5440 702 5512 μητέρων,
729 5440 851 5493 οὐδὲ
875 5441 1028 5509 υἱῶν,
1056 5441 1177 5494 οὐδὲ
1202 5441 1513 5511 θυγατέρων
1543 5439 1700 5511 μόνον
1726 5441 1993 5511 προτιμᾶ-

429 5531 554 5586 σθαι
586 5534 847 5604 προσήκει
869 5533 965 5604 τὴν
996 5532 1133 5605 ἐμὴν
1160 5533 1359 5603 φιλίαν,
1388 5533 1522 5588 ἀλλά
1555 5533 1647 5585 καὶ
1678 5531 1772 5585 τοῦ
1811 5530 1994 5601 σώμα-

424 5637 515 5685 τος
534 5614 725 5689 αύτοῢ,
762 5625 855 5677 καὶ
888 5624 1057 5695 αὐτῆς
1085 5623 1213 5695 ὅλης
1238 5626 1335 5697 τῆς
1362 5625 1699 5697 προσκαίρου
1727 5623 1890 5694 ζωῆς.
1920 5622 1995 5675 Τὸ

2168 4987 2284 5042 .lam
2320 4996 2449 5037 vero
2493 4977 2853 5034 corroborans
2898 4972 3091 5026 animae
3131 4976 3327 5023 nostra;
3356 4977 3572 5029 nervos,
3602 4957 3658 5015 ει

2098 5074 2366 5141 militaris,
2398 5080 2458 5126 ut
2483 5070 2559 5125 ita
2580 5067 2778 5131 dicam,
2810 5063 3103 5119 secundum
3139 5061 3303 5115 Deum
3328 5055 3659 5110 fortitudinis

2097 5170 2241 5224 vires
2269 5162 2593 5223 incendens,
2618 5155 2795 5227 pergit
2832 5153 3016 5208 dicere
3042 5166 3058 5205 :
3082 5150 3149 5205 Et
3185 5149 3276 5220 qui
3310 5162 3413 5201 non
3453 5143 3658 5213 bajulat

2098 5274 2303 5314 crucem
2329 5269 2481 5310 suam
2520 5260 2572 5305 et
2603 5249 2736 5303 venit
2767 5255 2886 5316 post
2908 5260 3010 5311 me,
3042 5258 3146 5296 non
3167 5246 3331 5309 potest
3378 5251 3522 5291 meus
3548 5249 3658 5289 esse

2097 5346 2385 5419 discipulus
2406 5344 2472 5399 ”.
2504 5341 2621 5396 Non
2665 5338 2809 5394 enim
2841 5337 3086 5405 patribus
3130 5339 3332 5386 tantum
3361 5344 3426 5383 ac
3464 5325 3656 5381 matri-

2100 5416 2241 5505 bus.
2276 5438 2400 5493 ﬁliis
2453 5434 2772 5501 ﬁliabusque
2826 5438 3157 5497 anteponere
3205 5422 3400 5483 debet,
3447 5416 3653 5486 inquit,

2097 5545 2338 5586 amorem
2384 5526 2513 5590 mei,
2562 5525 2657 5580 sed
2691 5532 2746 5579 et
2789 5518 3000 5588 corpori
3044 5514 3282 5586 proprio,
3310 5519 3366 5564 et
3393 5509 3658 5565 universa:

2099 5620 2228 5676 huic
2261 5616 2540 5687 temporali
2575 5614 2721 5668 vitae.
2744 5612 2952 5678 Corpus
2976 5607 3157 5678 igitur,
3189 5619 3297 5675 quo
3317 5617 3458 5658 nunc
3479 5601 3657 5656 anima

496 5736 542 5769 ³⁸
567 5737 732 5793 Exod.
768 5755 856 5805 xx,
891 5739 978 5793 12.
1053 5739 1097 5771 ³⁸
1122 5738 1309 5793 Matth.
1340 5756 1481 5805 xm,
1510 5739 1601 5795 37.
1675 5738 1722 5771 ⁴⁰
1747 5737 1974 5792 Matth.x

2080 5737 2109 5789 ν.
2184 5734 2227 5767 ⁸⁸
2255 5732 2385 5788 Luc.
2410 5745 2519 5793 xlv,
2547 5728 2641 5782 26.
2710 5728 2755 5758 “
2786 5726 2976 5783 Matth.
3005 5742 3061 5794 ι,
3089 5723 3178 5781 37.
3262 5721 3320 5773 *³
3352 5718 3600 5793 ibid._58.

500 5832 607 5901 (ι’)
638 5828 734 5886 Vel
762 5831 1043 5888 delendum
1064 5830 1161 5899 μή,
1196 5831 1278 5886 vel
1318 5830 1601 5899 legendum
1628 5829 1890 5894 εὐσεϐῶν,
1929 5829 1978 5884 ui

2080 5828 2211 5883 nalis
2239 5826 2417 5895 legere
2446 5824 2568 5893 μήν.
2603 5820 2758 5874 Eutr.
3595 5817 3599 5825 '
