4116 6370
420 337 526 392 675

1767 339 1868 424 DE_
1895 337 2356 394 THEOPHANIA.

3549 346 3655 404 674

416 453 482 525 λη
488 454 648 523 μένον
670 453 853 506 ἕνεκεν
876 452 966 505 τοῦ
988 453 1085 524 τῆς
1105 453 1581 524 θεοσεϐείαςιλόγου
1600 453 1845 508 θάνατον·
1865 456 1972 508 ἷστιι

2095 455 2204 508 vita
2247 470 2306 511 se
2356 454 2531 525 ipsum
2574 454 2854 523 privasse,
2898 468 3163 525 suamque
3205 458 3460 524 animam,
3494 473 3655 527 quam

415 547 444 598 ό
471 544 708 608 τοιοῦτος
756 545 856 614 τῆς
890 544 1121 615 ἀληθοῦς
1166 545 1310 615 ζωῆς
1353 545 1542 599 ἑαυτὸν
1582 546 1867 617 στερήσας,
1893 546 1987 599 καὶ

416 641 515 711 τὴν
544 636 734 691 ἑαυτοῦ
777 638 971 709 ψυχὴν,
1016 639 1083 709 ἢν
1121 638 1410 709 εὑρηκέναι
1456 637 1755 708 νενόμικεν,
1797 637 1986 708 ἀληθεῖ

417 730 556 799 λόγῳ
587 728 861 799 παραδοὺς
889 729 1151 799 ἀπωλείᾳ.
1197 729 1381 799 Πάσης
1419 728 1525 798 γάρ
1556 728 1788 799 ἐσχάτης
1833 728 1985 781 ἀπω-

417 822 565 883 λείας
596 820 789 888 γένοιτ’
822 819 889 873 ἂν
934 823 1110 890 χεῖρον
1143 819 1203 872 τὸ
1231 822 1480 873 ἐκπεσεῖν
1512 819 1666 884 Θεοῦ,
1698 819 1791 872 καὶ
1820 819 1987 890 ἀρνη-

417 915 573 983 θῆναι
602 913 705 966 ὑπὸ
734 911 825 966 τοῦ
870 911 1001 965 Υἱοῦ
1035 913 1129 964 τοῦ
1166 910 1323 965 Θεοῦ.
1366 911 1430 963 Τί
1458 911 1516 964 δὲ
1548 911 1641 963 καὶ
1668 910 1828 964 πλέον
1856 911 1983 963 ἐποο

422 1005 625 1077 ρίσατο,
661 1004 852 1058 ἑαυτὸν
885 1005 1186 1075 ἀπατήσας,
1220 1004 1314 1057 καὶ
1350 1004 1639 1074 εὑρηκέναι
1664 1004 1762 1074 τὴν
1791 1001 1983 1055 ἑαυτοῦ

417 1095 590 1165 ψυχὴν
614 1094 917 1159 ὑπολαϐὼν,
945 1096 1054 1157 ὅτε,
1090 1094 1303 1163 φεύγων
1339 1093 1428 1147 τὸν
1461 1092 1706 1158 θάνατον,
1733 1093 1823 1146 τὸν
1853 1093 1983 1145 Θεὸν

332 1206 341 1255 χ
411 1188 657 1256 ἡρνεῖτο;
686 1185 923 1256 Σμικροῦ
956 1185 1062 1255 γὰρ
1088 1184 1240 1247 ὄντος
1269 1185 1360 1239 καὶ
1385 1184 1670 1256 ἐπικαίρου
1700 1185 1838 1255 βίου,
1866 1184 1982 1255 μετ’

411 1276 472 1327 οὐ
504 1277 637 1329 πολὺ
663 1278 759 1347 τῆς
784 1276 982 1347 θνητῆς
1012 1276 1102 1328 καὶ
1121 1274 1481 1347 ὀλιγοχρονίου
1508 1274 1653 1346 ζωῆς
1674 1260 1980 1347 στερηθεὶς,

414 1366 508 1418 καὶ
536 1364 613 1437 τῷ
642 1346 854 1437 θανάτῳ
898 1367 955 1419 ὃν
990 1365 1204 1435 φεύγων
1229 1366 1319 1419 τὸν
1348 1366 1479 1420 Θεὸν
1512 1368 1723 1439 ἠρνεῖτο
1748 1346 1983 1437 ὑποϐλη-

413 1458 545 1522 θείς,
580 1461 644 1528 τῇ
680 1458 815 1528 μετά
844 1458 934 1512 τὸν
958 1456 1182 1511 θάνατον
1214 1457 1407 1527 αίωνίᾳ
1432 1457 1648 1511 κολάσει
1674 1456 1983 1527 παραδοθή-

412 1566 580 1612 σεται,
606 1548 873 1611 ἀπολέσας
905 1548 1120 1617 ἀληθῶς
1149 1547 1245 1618 τὴν
1270 1546 1462 1601 ἑαυτοῦ
1493 1547 1688 1617 ψυχὴν,
1718 1547 1785 1618 ἢν
1814 1547 1980 1617 εὑρη*

411 1641 564 1694 κέναι
603 1640 921 1711 ὑπειλήφει·
979 1640 1055 1701 ὡς
1095 1639 1361 1693 ἀνάπαλιν
1404 1639 1432 1689 ὁ
1466 1638 1551 1690 διὰ
1587 1638 1685 1708 τὴν
1723 1639 1801 1699 είς
1846 1636 1980 1689 Θεὸν

411 1731 604 1784 ἐλπίδα
632 1731 819 1784 ἑαυτὸν
845 1730 1132 1800 ἀπογνοὺς,
1159 1730 1253 1782 καὶ
1280 1729 1375 1800 τὴν
1401 1728 1594 1782 ἑαυτοῦ
1634 1728 1775 1799 ζωὴν
1803 1728 1980 1796 ἀπαρ-

2094 545 2194 600 sibi
2225 545 2494 600 invenisse
2516 545 2821 612 videbatur,
2855 548 3139 617 perditioni
3174 549 3480 605 tradidisse.
3509 550 3655 616 Quo-

2093 634 2173 688 vis
2210 633 2353 688 enim
2394 648 2609 689 summo
2654 633 2825 689 exitio
2875 635 3116 691 deterius
3162 646 3244 692 est
3283 638 3376 693 Dei
3423 642 3653 710 gratiam

2092 725 2342 780 amittere
2370 737 2424 780 et
2451 741 2479 781 a
2518 725 2657 782 Filio
2688 726 2783 782 Dei
2818 728 3030 798 negari.
3058 729 3195 796 Quid
3231 746 3359 787 vero
3390 733 3652 802 quispiam

2091 818 2326 887 proiicit,
2355 818 2479 873 dum
2510 832 2570 873 se
2598 818 2820 888 decipit,
2848 830 2903 875 et
2926 821 3163 876 animam
3211 837 3362 877 suam
3409 824 3654 880 invenire

2091 908 2407 974 arbitratur,
2438 922 2561 963 cum
2593 919 2821 965 mortem
2856 910 3053 977 vitans,
3086 912 3255 968 Deum
3288 916 3485 986 negat?
3517 916 3652 971 Nam

2091 1014 2218 1053 cum
2262 1000 2338 1055 sit
2379 1009 2586 1054 arctum
2617 1008 2673 1053 et
2704 1002 3002 1070 temporale
3046 1004 3147 1057 hoc
3196 1012 3394 1071 aevum,
3422 1016 3653 1076 quanto-

2090 1090 2207 1146 cius
2250 1090 2467 1145 mortali
2520 1089 2782 1160 brevique
2826 1094 2939 1147 vita
2976 1094 3219 1159 orbatus,
3273 1106 3480 1152 aeterno
3532 1111 3655 1168 post

2090 1190 2315 1235 mortem
2353 1180 2617 1251 supplicio
2658 1183 2923 1249 tradetur,
2966 1186 3178 1254 perdita
3214 1186 3495 1242 enimvero
3528 1204 3657 1258 pro-

2088 1272 2207 1342 pria
2268 1273 2469 1339 anima,
2500 1288 2663 1343 quam
2732 1288 2790 1328 se
2861 1274 3133 1331 invenisse
3176 1279 3428 1346 putabat.
3485 1278 3655 1334 Sicuti

2088 1378 2244 1418 versa
2270 1365 2389 1418 vice
2416 1365 2505 1434 qui
2537 1366 2608 1420 ob
2639 1379 2787 1433 spem
2832 1366 2888 1421 in
2947 1367 3115 1423 Deum
3164 1372 3510 1441 semetipsum
3562 1388 3657 1427 ne-

2088 1451 2258 1521 gligit,
2292 1468 2554 1522 suamque
2585 1454 2752 1508 vitam
2784 1456 3036 1527 abnegat,
3072 1466 3127 1511 et
3150 1469 3412 1526 quantum
3463 1462 3655 1516 attinet

2088 1543 2156 1596 ad
2209 1556 2364 1595 suum
2414 1543 2774 1611 propositum,
2834 1546 3070 1600 animam
3128 1549 3409 1616 propriam
3444 1552 3648 1621 perdit,

2087 1642 2281 1686 cuncta
2312 1632 2428 1708 haec
2457 1631 2712 1688 alacriter
2744 1644 2967 1704 propter
2995 1636 3155 1690 [idem
3193 1652 3323 1706 erga
3371 1639 3538 1693 Deum
3573 1653 3657 1695 to-

2088 1723 2306 1789 lerans;
2340 1723 2428 1777 hic
2458 1723 2675 1793 inquam
2709 1735 2893 1781 erecta
2946 1725 3140 1780 ﬁducia
3181 1728 3273 1792 sit,
3326 1731 3479 1797 quasi
3520 1731 3654 1786 nihil

408 1822 612 1893 νηθεὶς,
648 1824 768 1877 ὅσον
806 1840 865 1875 τε
907 1822 1000 1875 ἐπὶ
1026 1825 1093 1892 τῇ
1125 1820 1316 1874 ἑαυτοῦ
1351 1819 1606 1892 προθέσει
1648 1819 1745 1889 τὴν
1785 1818 1972 1871 ἑαυτοῦ

2081 1814 2401 1884 perdiderit.
2422 1816 2539 1870 Non
2558 1816 2700 1871 enim
2719 1817 3050 1887 ipseamisit,
3066 1818 3159 1873 sed
3179 1819 3383 1873 invenit
3416 1823 3655 1877 animam

407 1914 581 1986 ψυχὴν
614 1913 989 1979 ἀπολωλεκὼς,
1028 1914 1203 1967 πάντα
1246 1930 1305 1964 τε
1340 1911 1510 1964 ταῦτα
1542 1911 1822 1982 εὐθαρσῶς
1852 1910 1980 1963 ἐπο-

406 2004 598 2073 μείνας
635 2003 722 2057 διὰ
756 2003 854 2073 τὴν
893 2005 971 2066 είς
1015 2003 1105 2054 τὸν
1150 2000 1282 2055 Θεὸν
1328 2001 1533 2066 πίστιν,
1589 1999 1859 2070 θαρρείτω
1903 1997 1979 2060 ὡς

410 2094 634 2164 μηδενὸς
656 2094 993 2156 ἀπολωλότος
1020 2092 1168 2163 αὑτῷ
1192 2110 1205 2122 ·
1240 2093 1303 2146 οὐ
1331 2092 1438 2163 γὰρ
1464 2091 1738 2145 ἀπόλωλεν
1758 2090 1788 2141 ό
1807 2087 1978 2141 τοιοῦ-

403 2203 515 2248 τος,
548 2185 661 2237 ἀλλ’
688 2177 747 2236 εὖ
758 2202 814 2255 ρε
847 2186 946 2256 τὴν
974 2184 1166 2237 ἑαυτοῦ
1192 2184 1389 2254 ψυχήν.
1417 2185 1479 2235 Ei
1503 2180 1632 2250 γοῦν
1657 2182 1731 2244 ὼς
1761 2182 1818 2233 ὲν
1849 2180 1983 2232 ὑπο-

407 2276 550 2328 θέσει
580 2275 735 2343 λόγου
772 2275 938 2346 θνητὴ
967 2272 1101 2329 οὖσα
1128 2275 1410 2345 ἐτύγχανε,
1441 2274 1535 2327 καὶ
1560 2273 1645 2325 οἵα
1674 2289 1732 2324 τε
1765 2268 1981 2340 ἀληθῶς

402 2367 486 2427 είς
516 2364 576 2417 τὸ
603 2364 677 2435 μὴ
704 2364 761 2417 ὃν
787 2367 1003 2435 χωρεῖν,
1030 2363 1124 2417 καὶ
1150 2364 1198 2416 εί
1230 2362 1513 2416 ἀπώλλυτο
1538 2360 1642 2415 ὑπὸ
1669 2359 1768 2415 ἀνθ
1777 2357 1978 2430 ρώπων

405 2457 790 2527 ἀναιρουμένη,
821 2457 968 2527 ὅμως
999 2456 1098 2509 οὐκ
1129 2456 1210 2518 είς
1239 2454 1555 2509 ἀνέλπιστον
1583 2452 1688 2524 χρὴ
1719 2451 1809 2504 τὸν
1841 2450 1980 2521 ὑπὲρ

406 2547 685 2610 εὐσεϐείας
730 2546 917 2615 ἀγῶνα
969 2548 1369 2618 διακαρτερεῖν·
1405 2544 1593 2615 ἐπειδὴ
1632 2542 1710 2613 τῷ
1738 2541 1855 2612 Θεῷ
1884 2540 1979 2594 καὶ

405 2640 475 2692 τὰ
512 2640 823 2694 ἀπολωλότα
847 2641 939 2693 καὶ
976 2639 1045 2693 τὰ
1098 2639 1328 2711 μηδαμῆ
1367 2636 1630 2709 μηδαμῶς
1672 2636 1803 2689 ὅντα
1835 2651 1978 2704 παρ-

2085 1922 2256 1961 suam.
2282 1906 2339 1961 Si
2370 1922 2499 1978 ergo
2525 1922 2622 1977 per
2648 1908 2990 1978 hypothesim
3010 1911 3257 1967 mortalis
3287 1923 3433 1969 esset
3452 1915 3653 1980 anima,

2084 2014 2148 2053 ac
2179 2014 2306 2053 vere
2329 1999 2381 2053 in
2404 1999 2634 2055 nihilum
2671 2013 2855 2070 posset
2891 2002 3133 2070 dissolvi,
3175 2013 3232 2057 et
3262 2006 3305 2059 si
3338 2008 3544 2076 periret
3588 2008 3657 2061 ab

2085 2090 2393 2145 hominibus
2418 2093 2678 2158 extincta,
2709 2093 3063 2150 nihilominus
3093 2095 3237 2152 haud
3260 2099 3379 2154 sine
3395 2113 3489 2167 spe
3516 2098 3657 2153 l‘oret

2081 2193 2181 2247 pro
2206 2178 2466 2249 religione
2492 2179 2938 2250 depugnandum;
2967 2181 3093 2251 quia
3133 2182 3244 2238 Deo
3262 2192 3317 2238 et
3350 2183 3559 2252 perdita
3602 2192 3656 2239 et

2087 2283 2352 2337 nusquam
2387 2269 2685 2333 exstantia,
2718 2269 2784 2323 ad
2832 2257 3210 2325 exsistend'um
3260 2283 3423 2342 atque
3452 2273 3519 2327 ad
3568 2273 3653 2327 vi-

2080 2364 2190 2411 tam
2219 2358 2512 2425 perducere
2542 2373 2647 2414 non
2665 2368 2747 2415 est
2765 2361 3018 2417 arduum.
3037 2361 3377 2433 Quapropter
3401 2378 3465 2419 ea
3489 2364 3652 2418 etiam

2081 2463 2201 2518 quae
2228 2451 2493 2505 exsistere
2516 2467 2621 2507 non
2652 2452 2968 2517 creduntur,
2992 2455 3084 2508 sed
3116 2454 3234 2525 ejus
3264 2471 3425 2511 causa
3451 2470 3517 2511 ex
3548 2455 3654 2511 ho-

2085 2542 2322 2598 minibus
2346 2552 2721 2608 excesserunt,
2748 2559 2852 2598 non
2880 2544 2987 2599 erit
3018 2545 3066 2599 ei
3092 2544 3422 2615 impossibile
3466 2563 3654 2602 rursus

2086 2632 2415 2697 instaurare,
2462 2642 2519 2687 et
2562 2636 2786 2703 perditae
2821 2634 3016 2691 animae
3056 2636 3426 2693 inventionem
3455 2639 3526 2705 ei,
3563 2642 3653 2708 qui

407 2730 560 2797 ἀγειν
589 2730 647 2795 ἐξ
670 2731 771 2784 οὑκ
790 2731 957 2784 ὄντων
986 2733 1081 2784 καὶ
1098 2730 1379 2797 ζωοποιεῖν
1400 2730 1642 2785 δυνατόν.
1660 2729 1750 2782 Διὸ
1777 2728 1871 2782 καὶ
1893 2727 1972 2779 τὸι

2089 2724 2259 2793 ipsius
2292 2738 2452 2780 causa
2485 2725 2776 2790 amisisset,
2805 2728 3123 2782 concedere.
3604 2800 3605 2803 η

404 2824 722 2893 νομισθέντα
746 2824 941 2895 μηκέτι
962 2821 1120 2889 εἶναι,
1148 2824 1287 2878 ἀλλά
1306 2825 1373 2878 δι’
1401 2824 1562 2877 αὑτὸν
1587 2823 1644 2890 ἐξ
1672 2820 1971 2893 ἀνθρώπων
2007 2816 2342 2880 ἀπολωλότα,
2401 2818 2500 2869 οὐκ
2560 2817 2626 2871 ἂν
2652 2818 2799 2887 αὐτῷ
2819 2818 3025 2887 γένοιτο
3053 2818 3310 2872 ἀδύνατον
3338 2815 3492 2885 αὖθις
3519 2820 3654 2875 ὑπο-

404 2919 724 2989 στήσασθαι,
771 2921 865 2973 καὶ
895 2919 994 2990 τὴν
1028 2918 1241 2991 εὕρεσιν
1288 2920 1389 2990 τῆς
1428 2917 1768 2979 ἀπολωλυίας
1798 2914 1973 2985 ψυχῆς
2005 2912 2084 2983 τῷ
2109 2912 2176 2964 δι’
2206 2911 2367 2965 αὑτὸν
2399 2911 2568 2965 αὐτὴν
2599 2912 2966 2966 ἀπολωλεκότι
3005 2916 3326 2984 παρασχεῖν.

1080 3011 1159 3065 IZ’
1194 3011 1291 3081 (6).

474 3101 660 3165 Οὐδεὶς
691 3102 872 3173 μέντοι
904 3100 1119 3154 πώποτε
1149 3100 1443 3172 προφητῶν
1472 3100 1533 3154 τὸ
1566 3099 1827 3171 κήρυγμα
1873 3098 1973 3169 τῆς

403 3192 511 3246 τῶν
543 3188 785 3263 οὐρανῶν
821 3192 1094 3262 βασιλείας
1130 3191 1350 3263 γυμνῶς
1379 3192 1459 3255 είς
1504 3190 1712 3253 πάντας
1742 3189 1972 3259 εὐηγγέο

404 3284 577 3336 λιστοσ
622 3285 735 3337 ἀλλ’
782 3285 978 3355 ᾔδεσαν
1028 3284 1125 3352 μὲν
1164 3283 1294 3337 αὐτὸ
1339 3282 1612 3354 προφῆται
1653 3281 1875 3343 πάντες,
1909 3280 1969 3333 οὑ

402 3374 512 3445 μὴν
549 3376 643 3428 καὶ
672 3373 749 3445 τῷ
800 3374 1065 3428 Ἰουδαίων
1106 3372 1221 3443 λαῷ
1263 3372 1640 3443 παρεδίδοσαν,
1674 3370 1761 3424 διὰ
1790 3370 1851 3423 τὸ
1879 3388 1972 3440 νη-

404 3465 615 3529 πιάζειν
640 3465 737 3529 τάς
765 3466 984 3536 φρένας,
1019 3466 1115 3519 καὶ
1151 3465 1455 3529 ὲξασθενεῖν
1489 3464 1624 3534 πρὸς
1654 3463 1716 3516 τὸ
1747 3461 1971 3533 μέγεθος

400 3555 494 3608 τοῦ
518 3557 866 3628 κηρύγματος
885 3572 899 3586 °
932 3556 1150 3629 πρώτου
1188 3556 1244 3609 δὲ
1286 3555 1530 3609 Ἰωάννου
1556 3553 1840 3624 τηλαυγῶς
1865 3570 1968 3623 κη-

403 3647 661 3720 ρύξαντος
690 3647 974 3718 ήγγικὲναι
998 3648 1093 3718 τὴν
1116 3646 1223 3700 τῶν
1251 3646 1493 3717 οὐρανῶν
1521 3644 1813 3716 βασιλείαν,
1837 3643 1970 3713 ἄφε-

398 3738 487 3792 σίν
510 3756 572 3791 τε
604 3739 884 3809 ἁμαρτιῶν
920 3737 1008 3791 διά
1049 3738 1274 3809 λουτροῦ
1307 3735 1726 3806 παλιγγενεσίας
1762 3750 1970 3802 καταγ-

398 3828 677 3897 γείλαντος
702 3827 1026 3900 ἀνθρώποις,
1060 3829 1110 3881 οί
1140 3827 1216 3898 τῷ
1244 3828 1563 3898 κηρύγματι
1592 3824 1815 3888 ἑαυτοὺς
1851 3826 1971 3877 επι-

399 3916 578 3980 δόντες
622 3918 1025 3988 περιάρπαστον
1071 3917 1240 3987 αὐτὴν
1288 3918 1602 3987 ἐσχήκασιν,
1647 3915 1705 3982 ἐξ
1749 3914 1969 3968 ἐκείνων

399 4007 507 4060 τῶν
545 4006 766 4078 ἡμερῶν
803 4007 1119 4081 ἀρξάμενοι,
1161 4006 1222 4071 ἐξ
1255 4000 1331 4061 ὧν
1369 4010 1397 4060 ὁ
1441 4008 1692 4077 Ἰωάννης
1720 4006 1812 4059 τὸν
1841 4005 1970 4077 περὶ

397 4099 569 4168 αὐτῆς
608 4099 930 4169 κατήγγειλε
970 4098 1147 4166 λόγον.
1180 4098 1261 4151 Τά
1297 4100 1395 4169 μὲν
1429 4098 1539 4170 γὰρ
1581 4098 1856 4161 Μωῦσέως
1884 4098 1970 4151 νό-

400 4206 542 4259 μιμα
565 4189 661 4242 καὶ
685 4190 782 4260 τὴν
823 4189 1114 4260 Ἰουδαῖκὴν
1135 4189 1388 4261 λατρείαν
1412 4189 1598 4260 καιρόν
1620 4206 1781 4259 φησιν
1806 4191 1969 4258 ἐσχη-

399 4279 550 4332 κέναι
596 4281 824 4333 οἰκεῖονο
860 4279 1043 4333 τοῦτον
1088 4280 1144 4333 δὲ
1186 4279 1620 4353 περιγράφεσθαι
1663 4280 1823 4353 μέχρι
1868 4279 1969 4350 τῆς

2783 3003 2946 3060 XVII.

2148 3094 2320 3150 Nemo
2372 3109 2611 3164 unquam
2657 3109 2724 3150 ex
2779 3096 3062 3166 prophetis
3104 3097 3437 3167 praeconium
3499 3100 3652 3170 regni

2079 3185 2343 3242 caelorum
2374 3194 2563 3256 aperte
2613 3200 2796 3241 coram
2842 3187 3040 3257 populo
3074 3186 3363 3245 fecit:sed
3403 3189 3651 3245 sciebant

2078 3277 2299 3347 quidem
2342 3277 2395 3331 id
2441 3276 2721 3347 propheta:
2751 3292 2964 3343 omnes,
3000 3293 3180 3349 neque
3214 3288 3393 3336 tamen
3431 3278 3651 3338 Judaeu-

2079 3384 2198 3423 rum
2222 3367 2419 3437 populo
2444 3368 2771 3437 prodebant,
2796 3377 3019 3439 propter
3062 3371 3263 3426 mentis
3294 3371 3511 3427 illorum
3560 3376 3649 3428 in-

2080 3460 2322 3526 fantiam,
2353 3468 2407 3513 et
2436 3459 2763 3516 sustinendae
2799 3461 3058 3530 praeconii
3085 3464 3469 3531 magnitudinis
3498 3465 3651 3519 inﬁr-

2078 3550 2341 3605 mitatem.
2372 3549 2507 3604 Cum
2557 3558 2738 3605 autem
2770 3552 2982 3620 primus
3002 3550 3240 3608 Joannes
3269 3554 3417 3609 clare
3450 3558 3646 3627 praedi-

2076 3641 2223 3697 cavit
2248 3641 2684 3712 appropinquare
2728 3657 2952 3714 regnum
3001 3644 3288 3712 caelorum,
3315 3656 3371 3702 et
3402 3660 3649 3716 peccato-

2076 3749 2197 3789 rum
2254 3734 2634 3789 remissionem
2703 3747 2800 3803 per
2864 3736 3295 3806 regenerationis
3366 3738 3641 3794 lavacrum

2076 3824 2386 3882 hominibus
2412 3825 2705 3892 nuntiavit,
2736 3826 2773 3881 ii
2817 3828 2911 3897 qui
2954 3827 3329 3896 prmdicationi
3360 3844 3643 3886 assensum

2075 3933 2234 3974 suum
2266 3918 2636 3988 praebuerunt,
2671 3934 2898 3990 regnum
2943 3920 3076 3976 illud
3121 3936 3220 3977 ceu
3250 3937 3313 3978 ex
3354 3932 3512 3994 rapto
3538 3925 3644 3981 sibi

2074 4012 2400 4078 habuerunt,
2431 4026 2499 4066 ex
2532 4025 2598 4066 eo
2636 4020 2879 4081 tempore
2905 4012 3249 4082 incipientes,
3279 4030 3387 4085 quo
3409 4012 3645 4071 Joannes

2075 4106 2144 4161 de
2182 4106 2303 4175 ipso
2339 4119 2645 4161 sermonem
2691 4104 2897 4159 intulit.
2942 4104 3080 4160 Nam
3124 4105 3324 4178 Moysis
3370 4106 3560 4178 legalia
3588 4118 3644 4165 et

2073 4193 2358 4252 Judaicum
2411 4196 2615 4252 cultum
2662 4195 2943 4267 proprium
2991 4206 3200 4268 tempus
3241 4198 3489 4254 habuisse
3529 4200 3640 4267 ait;

2074 4288 2217 4358 quod
2243 4287 2470 4344 Joannis
2516 4287 2809 4359 prasentia
2848 4288 3034 4342 linitur
3063 4304 3080 4354 ;
3104 4290 3399 4359 prophetas
3427 4306 3642 4360 quoque

413 4367 653 4422 Ἰωάννου
688 4369 1015 4440 παρουσίας’
1050 4370 1299 4433 καὶτοὺς
1344 4371 1627 4443 προφήτας
1669 4371 1727 4424 δὲ
1773 4371 1965 4442 μέχρις

2078 4392 2242 4447 usque
2275 4378 2342 4433 ad
2369 4375 2637 4433 Joannem
2666 4375 2870 4433 Judaais
2892 4387 3144 4433 auctores
3163 4377 3331 4434 fuisse
3356 4391 3410 4434 ut
3441 4381 3641 4451 Moysis

410 4460 652 4513 Ἰωάννου
717 4456 987 4522 Ἰουδαίοις
1048 4459 1375 4530 πεποιῆσθαι
1431 4459 1531 4524 τὰς
1588 4462 1963 4531 παραγγελίας

397 4550 532 4620 πρὸς
562 4551 623 4603 τὸ
654 4550 939 4619 φυλάττειν
970 4549 1039 4603 τὰ
1069 4551 1346 4614 Μωῦσέως
1388 4552 1591 4622 νόμιμα
1612 4568 1625 4583 ⁸
1660 4554 1873 4625 πρῶτον
1904 4556 1961 4610 δὲ

407 4645 658 4714 Ἰωάννην
694 4644 932 4715 ἀρχηγὸν
968 4644 1248 4711 γεγονέναι
1288 4645 1387 4715 τῆς
1415 4644 1622 4715 Καινῆς
1666 4644 1960 4719 Διαθήκης,

397 4735 491 4790 ἀτε
533 4735 834 4805 πρόδρομον
880 4732 1044 4786 αὑτοῦ
1092 4734 1397 4803 γενόμενον.
1432 4734 1606 4788 Αὐτοῦ
1642 4753 1703 4789 τε
1745 4735 1960 4807 πρώτου

393 4828 489 4881 καὶ
517 4826 575 4891 ὲξ
603 4824 765 4877 αὐτοῦ
802 4824 899 4895 τὴν
931 4823 1203 4893 βασιλείαν
1230 4824 1337 4877 τῶν
1366 4824 1608 4895 οὐρανῶν
1636 4827 1838 4881 ἀπασιν
1866 4828 1960 4881 ἀν-

396 4916 631 4988 θρώποις
651 4915 1127 4987 εὐηγγελισμένου,
1148 4916 1272 4978 τοὺς
1290 4916 1472 4982 ἀξίους
1497 4918 1665 4989 αὐτῆς
1690 4920 1769 4982 είς
1791 4919 1960 4991 αὐτὴν

399 5006 673 5075 βιάζεσθαι
721 5008 1005 5076 νοήσομεν,
1043 5006 1451 5076 ἐπιστήσαντες,
1484 5008 1558 5071 ὡς
1597 5010 1768 5079 μέγας
1809 5012 1959 5080 ἀγὼν

394 5093 648 5169 τυγχάνει
681 5102 789 5161 τοῖς
822 5098 913 5151 ἐπὶ
949 5098 1052 5169 γῆς
1075 5097 1380 5168 ἀνθρώποις
1401 5100 1536 5170 πρὸς
1573 5102 1670 5172 τὴν
1702 5106 1759 5155 ὲν
1790 5105 1958 5174 οὐρα-

394 5186 502 5254 νοῖς
528 5192 728 5246 ἄνοδον.
759 5191 831 5243 Τὸ
854 5191 961 5261 γὰρ
987 5190 1304 5262 ἀνθρώπους
1331 5191 1490 5255 ὖντας
1516 5193 1609 5247 καὶ
1632 5192 1809 5265 σάρκα
1833 5196 1959 5268 θνη-

391 5284 489 5353 τὴν
524 5283 1034 5353 περιϐεϐλημένους,
1083 5283 1190 5335 τῶν
1233 5283 1473 5352 φυσικῶν
1514 5284 1742 5354 ὀρέξεων
1775 5289 1955 5359 κρείτ-

393 5394 514 5438 τους
547 5376 808 5444 γίνεσθαι,
838 5377 1028 5446 ἡδονῆς
1056 5394 1114 5429 τε
1144 5379 1363 5449 κρατεῖν
1395 5377 1486 5429 καὶ
1520 5376 1699 5446 πάσης
1727 5381 1956 5450 αἰσχρᾶς

380 5452 709 5537 ηεπιθυμίας,
749 5468 841 5521 καὶ
890 5466 953 5520 τὸ
995 5467 1243 5522 ἐντεῦθεν
1274 5466 1376 5538 ήδη
1422 5467 1818 5538 ἀπομιμεῖσθαι
1861 5469 1953 5523 τὸν

465 5650 541 5719 (6)
563 5648 707 5705 Huic
739 5645 951 5721 quoque
998 5651 1300 5721 fragmento
1336 5652 1390 5704 in
1436 5648 1621 5704 codice
1645 5649 1708 5703 Δ.
1742 5649 1777 5703 l'.
1819 5647 1946 5721 218,

393 5721 806 5789 superscribitur
855 5720 1041 5778 titulus
1090 5720 1385 5777 Εὐσεϐίυυ
1438 5721 1654 5784 βιϐλίῳ
1699 5720 1951 5787 τετάρτῳ

2070 4468 2261 4537 legalia
2311 4476 2614 4524 servarent.
2667 4467 2776 4523 Sed
2823 4469 3059 4538 primum
3105 4467 3369 4525 Joannem
3423 4471 3637 4527 initium

2069 4562 2204 4618 Novi
2255 4560 2591 4617 Testamenti
2638 4559 2855 4627 fecisse,
2886 4571 3073 4631 utpote
3118 4562 3289 4631 ipsius
3341 4579 3638 4632 praecurso-

2068 4665 2208 4707 rem.
2249 4649 2369 4720 lpso
2407 4660 2585 4704 autem
2627 4650 2825 4719 primo,
2865 4659 3026 4704 aelate
3066 4649 3178 4717 illa,
3214 4667 3435 4720 regnum
3471 4653 3638 4707 ctelo-

2070 4758 2187 4797 rum
2238 4724 2447 4797 cunctis
2495 4742 2803 4796 hominibus
2855 4742 3164 4807 nuntiante,
3195 4744 3385 4812 dignos
3416 4743 3507 4799 illo
3538 4745 3635 4799 ho-

2066 4818 2240 4890 mines
2273 4834 2326 4889 in
2357 4834 2531 4902 ipsum
2573 4834 2626 4888 vi
2662 4834 2968 4902 irrumpere
3013 4834 3349 4903 putabimus,
3382 4836 3426 4890 si
3455 4838 3634 4891 consi—

2060 4928 2312 4983 deremus
2340 4941 2503 4996 quam
2544 4926 2729 4997 gravis
2759 4926 2831 4981 sit
2875 4934 3104 4981 conatus
3141 4926 3453 4983 hominibus
3477 4939 3631 4983 terrae

2061 5016 2257 5072 incolis
2291 5018 2393 5072 iter
2438 5016 2506 5071 ad
2546 5016 2747 5071 coelum
2798 5017 3038 5071 tendere.
3091 5015 3336 5086 Namque
3383 5019 3629 5073 homines

2061 5116 2241 5171 natos,
2271 5118 2326 5162 et
2381 5107 2599 5163 mortali
2646 5122 2815 5162 carne
2860 5107 3251 5175 circumdatos,
3289 5108 3628 5164 naturalibus

2062 5199 2387 5269 appetitibus
2415 5198 2530 5253 fieri
2554 5198 2885 5265 superiores.
2927 5207 2982 5253 et
3019 5198 3345 5267 voluptatem
3383 5213 3626 5252 omnem-

2062 5304 2167 5358 que
2195 5300 2404 5360 turpem
2441 5291 2788 5360 cupiditatem
2834 5290 3110 5353 cohihcre,
3141 5290 3419 5358 vitamque
3457 5305 3625 5361 ange-

2063 5378 2221 5433 licam
2278 5382 2414 5436 veile
2471 5382 2523 5435 in
2595 5383 2755 5436 terris
2809 5382 3048 5446 imitari;
3113 5383 3187 5435 ita
3246 5390 3305 5434 ut
3358 5396 3508 5449 aeque
3558 5398 3623 5436 ac

2058 5467 2260 5527 Paulus
2285 5472 2464 5528 dicere
2491 5474 2699 5543 possint
2728 5488 2740 5523 :
2777 5470 2976 5526 Nostra
3010 5480 3182 5524 autem
3216 5471 3535 5523 conversatio
3566 5472 3618 5523 in

2057 5651 2438 5775 leeogarslaq,
2475 5666 2595 5708 cum
2632 5648 2783 5720 siglis
2833 5660 2992 5716 supra
3040 5648 3330 5702 secundum
3384 5649 3615 5703 vocabu-

2079 5740 2187 5775 um.

2079 5740 2187 5777 υιιι.
