4116 6392
497 345 604 403 6πό
1161 346 1429 404 EUSEBll
1467 345 1940 402 CESARIENSIS
1975 345 2126 404 OPl’.
2168 348 2347 406 PARS
2382 351 2474 407 ιν.
2512 381 2581 392 -
2619 351 3036 409 DOGMATICA.
3631 357 3738 412 676

494 464 635 520 cortis
665 473 738 519 est
756 463 841 530 “;
892 461 1079 532 quidni
1124 461 1230 517 hoc
1268 461 1562 516 violentum
1607 463 1703 527 sit,
1752 476 1820 517 ac
1872 469 2119 532 prope-,1

2113 465 2450 534 ιάγγελικδν
2504 466 2706 520 ἐθέλειν
2759 465 2870 537 βίον
2911 466 3052 524 ὥστε
3091 467 3269 537 λέγειν
3301 467 3499 540 ὁμοίως
3540 472 3738 545 Παύλῳ

493 559 711 613 modum
754 567 952 626 prazter
998 563 1244 608 naturam
1309 569 1580 625 supraque
1619 555 1765 611 vires
1812 569 1936 612 esse
1973 556 2056 610 vl-

2159 558 2440 626 δύνασθαι,
2499 559 2695 629 Ἦμῶν
2745 558 2815 611 δὲ
2858 557 2925 612 τὸ
2974 559 3308 630 πολίτευμα
3345 561 3415 615 ἐν
3462 565 3738 633 οὐρανοῖς

493 643 721 702 deatur?
754 644 886 711 Quis
912 657 1040 699 vero
1063 643 1343 714 religionis
1367 652 1566 698 nostrae
1589 651 1799 700 ascetas
1827 657 2057 699 cernens

2156 650 2434 720 ὑπάρχει,
2465 649 2584 714 πῶς
2607 651 2669 704 οὐ
2704 650 2896 720 βίαιον,
2933 652 3048 716 καὶ,
3082 651 3158 715 ὡς
3191 652 3257 706 ἄν
3284 669 3368 717 τις
3395 653 3562 720 εἴποι,
3589 657 3741 728 παρὰ

491 751 707 792 carnem
762 751 914 790 suam
957 736 1340 802 propemodum
1377 745 1680 790 emortuam
1728 733 1962 798 (allicere,
1995 744 2058 790 ut

2157 741 2320 811 φύσιν
2352 742 2446 795 καὶ
2475 741 2614 812 ὑπὲρ
2642 741 2873 813 δύναμιν
2904 736 3042 795 εἶναι
3069 742 3251 809 δοκεῖ;
3287 743 3384 808 Τίς
3409 744 3464 798 δὲ
3489 745 3615 807 τοὺς
3641 747 3741 818 τῆς

491 827 880 884 dicant:Cum
940 827 1151 882 Christo
1215 828 1505 897 cruciﬁxus
1532 845 1669 895 sum,
1709 830 1822 884 vivo
1878 840 2056 884 autem

2156 832 2461 897 θεοσεϐείας
2483 833 2728 904 ἀπητάς
2751 833 2892 904 ὁρῶν
2920 836 3201 906 μονονουχὶ
3228 835 3453 908 νεκροῦν
3484 838 3584 907 τὴν
3614 838 3739 892 ἐαυ-

493 923 604 985 iam
636 937 737 976 non
764 935 896 991 ego;
931 921 1074 990 quis,
1093 921 1333 990 inquam,
1359 934 1464 974 non
1493 919 1768 986 fatebitur,
1800 934 1928 976 vere
1958 921 2056 975 bos

2153 925 2263 979 τῶν
2287 923 2485 997 σάρκα,
2503 924 2579 987 ὡς
2607 915 3042 996 ἐπαληθεύοντας
3069 926 3268 996 λέγειν·
3301 926 3534 996 Χριστῷ
3554 945 3732 984 συνε-

489 1015 601 1067 vim
635 1011 810 1067 facere
839 1025 1005 1082 regno
1037 1009 1339 1065 caelorum?
1365 1009 1519 1076 Quod
1561 1009 1605 1064 si
1632 1010 1754 1078 quis
1793 1019 2054 1079 praaterea

2154 1021 2518 1089 σταύρωμαι,
2546 1015 2624 1082 ζῶ
2653 1018 2722 1072 δὲ
2748 1017 2950 1073 οὐκέτι
2975 1017 3110 1090 ἐγὼ,
3137 1020 3237 1073 οὐκ
3263 1020 3329 1076 ἂν
3353 1021 3737 1092 ὁμολογήσειεν

486 1105 739 1160 observet
768 1102 1074 1158 mirabilem
1100 1110 1420 1156 sanctorum
1451 1110 1759 1172 martyrum
1791 1111 2054 1157 constan-

2154 1110 2371 1182 ἀληθῶς
2407 1109 2688 1180 βιάζεσθαι
2729 1111 2929 1176 αὐτοὺς
2967 1112 3067 1184 τὴν
3109 1112 3381 1182 βασιλείαν
3417 1112 3527 1166 τῶν
3566 1113 3733 1184 οὐρα-

488 1199 642 1262 tiam,
670 1196 791 1267 quis
819 1210 1006 1250 rursus
1043 1210 1147 1250 non
1183 1195 1330 1250 dicat
1366 1195 1472 1249 vim
1525 1192 1719 1249 iuferri’
1747 1195 1814 1250 ab
1847 1195 1931 1250 bis
1970 1209 2056 1250 re-

2154 1201 2288 1267 νῶν;
2322 1203 2387 1255 Εἰ
2421 1202 2466 1255 δ’
2488 1203 2802 1274 ὲπιστήσειέ
2829 1219 2914 1266 τις
2939 1205 3004 1273 τῇ
3032 1201 3318 1274 θαυμαστῇ
3353 1202 3607 1274 προθέσει
3629 1202 3736 1255 τῶν

484 1302 590 1358 guo
630 1287 911 1352 ccelorum,
939 1295 1102 1356 prout
1127 1284 1392 1342 Servator
1413 1286 1525 1356 jam
1561 1287 1842 1356 praedixit!

2152 1293 2322 1358 ἁγίων
2356 1293 2668 1365 μαρτύρων,
2690 1293 2808 1359 πῶς
2836 1295 2936 1348 οὐκ
2966 1294 3034 1349 ἂν
3064 1295 3206 1349 εἴποι
3238 1295 3514 1366 βιάζεσθαι
3539 1296 3736 1360 αὐτοὺς

1160 1459 1326 1519 XVIII
2151 1383 2252 1458 τὴν
2276 1386 2554 1456 βασιλείαν
2599 1387 2742 1440 κατὰ
2765 1387 2866 1457 τὴν
2895 1388 3162 1458 σωτήριον
3203 1387 3601 1458 προαγόρευσιν
3623 1385 3731 1457 (7);

1331 1499 1348 1518 ’
2831 1479 2920 1532 ur
2953 1477 3052 1550 (8).

553 1552 803 1624 Congrue
841 1553 1131 1608 admodum
1179 1568 1285 1607 non
1333 1550 1658 1608 multitudini
1693 1561 1901 1610 tantum
1941 1564 2057 1610 tur-

2221 1565 2432 1638 Σφόδρα
2480 1565 2831 1638 καταλλήλως
2869 1569 2981 1631 τοῖς
3024 1567 3202 1638 δχλοις
3249 1567 3346 1622 καὶ
3379 1566 3609 1638 πλήθεσι
3637 1564 3735 1637 τὴν

481 1646 674 1714 bisque
722 1654 849 1700 tunc
899 1644 1202 1700 astantibus
1248 1644 1479 1714 primam
1510 1645 1823 1715 parabolam
1875 1647 2056 1704 intulit

2152 1655 2376 1727 πρώτην
2399 1657 2692 1721 ἐποιήσατο
2714 1651 3030 1731 παραϐολὴν
3054 1659 3082 1712 6
3111 1658 3365 1732 Χριστὸς,
3394 1659 3455 1712 οὐ
3482 1660 3594 1722 τοῖς
3615 1658 3735 1711 τότε

479 1739 732 1795 Christus
763 1737 836 1804 “,
865 1753 1054 1792 verum
1083 1738 1248 1793 etiam
1281 1738 1346 1793 iis
1375 1739 1467 1809 qui
1502 1749 1686 1810 postea
1717 1741 1786 1795 ad
1813 1741 1929 1812 ejus
1953 1758 2051 1797 au-
2084 1809 2104 1823 '

2112 1811 2126 1823 _
2153 1748 2492 1820 παριστῶσιν
2521 1750 2671 1823 αὐτῷ
2715 1752 2916 1823 μόνοις,
2951 1752 3088 1806 ἀλλά
3119 1754 3214 1807 καὶ
3252 1754 3365 1815 τοῖς
3398 1749 3535 1821 μετά
3568 1749 3737 1804 ταῦτα

482 1833 707 1887 diendos
751 1844 1028 1886 sermones
1078 1831 1395 1887 conventuri
1437 1809 1626 1898 erant;
1669 1833 1746 1888 rei
1802 1809 2107 1905 gerendaeI

2110 1811 2127 1865 ⁵
2154 1809 2624 1911 συνελευσομένοις
2641 1809 2756 1896 ⁸ἐπ’
2791 1809 3051 1916 ἀκροάσει
3080 1843 3188 1898 τῶν
3221 1809 3610 1911 αὑτοῶιλόγων,
3637 1841 3735 1906 τὰς

481 1921 816 1978 din‘erentias
849 1922 1032 1976 divina
1057 1922 1362 1992 provisione
1407 1921 1712 1990 declarans,
1750 1937 2052 1994 causasque

2150 1928 2412 2001 διαφορὰς
2436 1934 2593 2005 θεϊκῇ
2619 1933 2864 2006 δηλώσας
2888 1933 3214 2007 προγνώσει,
3243 1935 3534 2006 προφήσας
3558 1951 3616 1986 τε
3638 1933 3736 1997 τὰς

478 2015 778 2083 praedicens
814 2013 884 2068 ob
915 2027 1051 2082 quas
1087 2013 1327 2069 nonnulli
1359 2013 1537 2068 divina
1569 2014 1740 2084 gratia
1777 2015 2046 2072 excident.

2151 2023 2328 2088 αἰτίας
2358 2025 2467 2079 τῶν
2512 2027 2613 2098 τῆς
2647 2027 2870 2100 χάριτος
2900 2029 3000 2100 τῆς
3052 2031 3205 2093 θείας
3251 2027 3729 2098 ἀποπεσουμένων.

476 2104 692 2161 Initium
720 2105 991 2177 parabolae
1020 2105 1316 2161 seminator
1342 2113 1445 2170 est,
1495 2113 1550 2160 et
1583 2105 1743 2178 huius
1775 2108 1952 2164 exitus
1981 2110 2050 2165 ad

2163 2116 2329 2189 Ἀρχὴ
2359 2117 2415 2170 δέ
2445 2118 2546 2188 τῆς
2572 2120 2886 2192 παραϐολῆς
2917 2121 3064 2175 ἐστιν
3095 2122 3125 2174 6
3155 2121 3391 2192 σπορεὺς
3416 2120 3508 2174 καὶ
3537 2121 3568 2190 ὴ
3608 2117 3732 2171 τού-

475 2217 569 2262 eOS
605 2206 698 2276 qui
731 2213 884 2261 extra
915 2212 1089 2271 erant,
1124 2212 1236 2257 tum
1261 2197 1496 2258 seminis
1530 2197 1811 2269 proiectio,
1854 2209 1910 2256 et
1943 2202 2050 2259 hoc

2149 2225 2242 2261 του
2278 2208 2454 2276 ἔξοδος
2492 2211 2629 2282 πρὸς
2674 2211 2801 2274 τοὺς
2833 2211 2958 2275 ἐξω,
2990 2212 3026 2282 ἦ
3065 2227 3124 2264 τε
3164 2209 3259 2264 τοῦ
3295 2210 3496 2282 σπόρου
3528 2207 3731 2270 πτῶσις

474 2298 615 2352 haud
649 2296 766 2366 pari
798 2295 958 2350 modo
992 2293 1316 2363 recipientes
1339 2291 1608 2363 regiones.
1640 2287 1758 2344 Jam
1788 2290 1904 2347 haec
1929 2305 2050 2348 esse

2150 2298 2245 2352 καὶ
2298 2300 2355 2352 al
2408 2299 2598 2354 τοῦτον
2651 2301 2749 2371 οὐχ
2801 2301 3003 2372 ὁμοίως
3053 2299 3488 2372 καταδεξάμεναι
3532 2298 3728 2369 χῶραι.

475 2388 624 2456 regni
655 2386 909 2458 mysteria
934 2386 1161 2454 ipsemet
1191 2389 1416 2437 testatus
1444 2390 1546 2438 est.
1574 2379 1709 2436 Nam
1736 2389 1791 2438 et
1817 2381 2051 2437 semina-

2148 2390 2442 2462 Μυστήρια
2477 2391 2534 2445 δέ
2567 2389 2742 2445 ταῦτα
2773 2388 2913 2446 εἶναι
2938 2393 3040 2464 τῆς
3070 2393 3350 2463 βασιλείας
3379 2391 3543 2454 αὐτὸς
3564 2391 3735 2460 ἐμαρ-

474 2491 561 2536 ῑοι·
603 2480 670 2535 de
701 2477 950 2549 supernis
977 2474 1239 2540 exiverat,
1278 2482 1333 2529 et
1383 2473 1508 2529 illuc
1556 2473 1800 2541 redibat;
1856 2488 2049 2552 nempe

2151 2484 2322 2546 τύρει.
2356 2486 2425 2538 Ὅ
2461 2503 2522 2539 τε
2564 2485 2674 2557 γὰρ
2708 2486 2945 2557 σπορεὺς
2971 2486 3180 2540 ἄνωθεν
3209 2485 3354 2558 ἐξῄει
3385 2485 3478 2538 καὶ
3505 2482 3696 2554 κατῄει
3716 2495 3734 2514 ⁸

470 2581 534 2628 ut
577 2571 692 2642 ipse
731 2567 982 2636 docebat,
1012 2566 1198 2622 dicens
1235 2586 1248 2620 :
1282 2563 1393 2634 Ego
1423 2580 1488 2620 ea:
1513 2562 1676 2620 Patre
1711 2566 1959 2634 processi,
1998 2577 2046 2620 et

2147 2581 2336 2654 ὥσπερ
2377 2573 2469 2635 οὖν
2499 2578 2660 2638 αὐτὸς
2689 2579 2938 2633 ἐδίδασκε
2965 2577 3164 2647 λέγων,
3206 2576 3353 2647 Ἐγὼ
3382 2576 3452 2628 ἐκ
3483 2574 3587 2628 τοῦ
3618 2576 3737 2626 Πα-

469 2663 618 2718 venio
641 2660 707 2715 “’.
741 2660 848 2714 Sed
893 2665 948 2712 et
994 2657 1059 2712 de
1085 2653 1321 2725 propriis
1365 2654 1450 2709 sui
1501 2654 1654 2724 regni
1701 2654 2047 2712 conclavibus

2146 2669 2284 2739 τρὸς
2309 2667 2593 2739 ἐξῆλθον,
2635 2668 2735 2723 καὶ
2769 2667 2916 2737 ﬁam».
2959 2665 3122 2719 Ἀλλά
3153 2665 3247 2719 καὶ
3277 2666 3340 2717 ἐκ
3378 2661 3488 2714 τῶν
3513 2657 3731 2712 οἰκείων

469 2756 718 2810 exiverat
742 2753 809 2807 ad
834 2750 954 2806 illos
979 2749 1073 2820 qui
1104 2748 1277 2804 exteri
1307 2747 1356 2802 ei
1387 2745 1514 2802 lacti
1544 2754 1722 2811 erant,
1763 2757 2046 2817 postquam

2145 2761 2410 2832 ταμιείων
2455 2763 2555 2832 τῆς
2591 2759 2757 2814 αὐτοῦ
2791 2760 3066 2831 βασιλείας
3094 2759 3238 2830 ἐξῄει
3267 2755 3407 2827 πρὸς
3434 2752 3578 2824 ἡμᾶς
3603 2749 3729 2808 τοὺς

471 2846 678 2916 expulit
709 2845 850 2899 Deus
873 2843 1163 2907 Adamum,
1193 2848 1248 2896 et
1281 2839 1566 2894 collucavit
1601 2855 1726 2894 eum
1757 2838 1910 2907 juxta
1950 2853 2048 2909 pa-

2147 2851 2252 2916 tam
2286 2852 2579 2922 γεγονότας
2616 2852 2675 2920 ἐξ
2716 2853 2927 2906 ἐκείνου
2970 2853 3070 2922 (9),
3114 2851 3174 2916 ἐξ
3219 2843 3388 2918 οὗπερ
3419 2842 3672 2911 ἐξέϐαλεν
3698 2843 3727 2893 6

469 2937 714 2993 radisum
738 2933 1077 2990 deliciarum.
1103 2930 1197 2985 llle
1225 2940 1403 2985 autem
1431 2929 1584 2985 exsul
1613 2937 1834 3000 propter
1862 2929 2048 2984 inobe-

2146 2943 2280 3008 Θεὸς
2307 2945 2397 2998 τὸν
2437 2946 2628 3017 ’Δδάμ,
2662 2946 2758 3000 καὶ
2803 2945 3106 3015 κατῴκισεν
3151 2942 3312 2997 αὑτὸν
3345 2939 3603 2994 ἀπέναντι
3631 2933 3725 2987 τοῦ

467 3027 727 3082 dientiam
782 3025 976 3092 factus,
1022 3030 1078 3080 et
1117 3032 1271 3079 extra
1303 3022 1617 3093 paradisum
1648 3021 1872 3090 ejcctus,
1905 3023 2044 3078 inte-

2147 3035 2474 3108 παραδείσου
2506 3037 2606 3108 τῆς
2652 3036 2880 3106 τρυφῆς.
2921 3036 2979 3088 ’0
3015 3035 3113 3104 μὲν
3151 3032 3261 3103 γάρ
3305 3026 3608 3096 ἀπόϐλητος
3640 3020 3730 3076 διὰ

468 3119 630 3174 rioris
709 3117 1057 3189 agriculturae
1147 3116 1355 3170 semina
1416 3112 1819 3185 pessumdedit,
1873 3113 2046 3168 instar
2071 3159 2093 3219 (

2104 3159 2116 3219 Ξ
2146 3126 2244 3196 τὴν
2272 3125 2556 3198 παρακοὴν
2584 3121 2842 3194 γεγονὼς,
2873 3125 2966 3177 καὶ
2992 3122 3086 3176 τοῦ
3130 3118 3462 3193 παραδείσου
3510 3111 3729 3185 βληθεὶς

467 3211 613 3266 illius
640 3207 976 3265 contumacis
996 3208 1254 3262 adversus
1277 3214 1487 3274 patrem
1514 3203 1628 3268 ﬁlii,
1651 3204 1743 3273 qui
1763 3212 2042 3272 acceptam
2073 3203 2092 3219 ‘

2101 3203 2116 3219 '
2145 3217 2270 3282 ἔξω,
2294 3219 2362 3270 τὰ
2386 3219 2449 3270 ὲκ
2473 3217 2571 3290 τῆς
2596 3217 2742 3272 ἔνδον
2764 3217 3036 3289 γεωργίας
3061 3215 3354 3286 σπέρματα
3373 3207 3726 3270 ἀπολωλέκει,

465 3302 825 3359 substantiam
880 3298 936 3353 in
965 3297 1138 3352 aliena
1176 3297 1397 3364 regione
1434 3294 1738 3366 dissipavit.
1796 3294 2045 3350 Christus

2143 3311 2286 3364 κατά
2316 3311 2407 3365 τὸν
2435 3312 2815 3382 ἀφηνιάσαντα
2843 3311 2938 3365 τοῦ
2967 3308 3176 3380 πατρὸς
3202 3307 3337 3370 υἱὸν,
3379 3305 3476 3359 καὶ
3505 3301 3605 3373 τὴν
3634 3301 3727 3353 οὐ·

465 3409 594 3451 vero
621 3392 959 3463 benignitate
987 3389 1178 3460 optimi
1214 3388 1391 3443 Patris
1416 3387 1607 3454 exivit,
1635 3388 1933 3442 seminator
1961 3387 2045 3440 fa-

2145 3401 2265 3456 σίαν
2293 3403 2360 3473 ἢν
2393 3402 2604 3474 εἰλήφει
2631 3403 2725 3454 ἐπὶ
2753 3401 2855 3472 τῆς
2879 3398 3185 3469 ἀλλοδαπῆς
3212 3395 3395 3467 χώρας
3420 3391 3723 3461 διασπαθή-

466 3496 612 3549 ctus,
628 3487 886 3553 venitque
909 3483 977 3537 ad
997 3497 1097 3536 nos
1113 3490 1331 3536 exteros
1355 3480 1496 3534 haud
1516 3480 1678 3533 aliam
1703 3479 1773 3534 ob
1798 3494 2038 3546 causam,

2144 3509 2346 3546 σανταο
2394 3495 2424 3546 6
2466 3492 2523 3546 δέ
2575 3491 2957 3562 φιλανθρωπίᾳ
3003 3488 3098 3542 τοῦ
3144 3485 3454 3554 παναγάοου
3512 3480 3725 3552 Πατρὺς

465 3578 570 3633 nisi
608 3577 734 3631 utin
750 3574 904 3630 nobis
939 3574 1238 3628 seminaret
1267 3571 1494 3627 caeleste
1524 3587 1728 3626 semen.
1757 3571 1917 3627 Solus
1946 3587 2043 3626 au-

2141 3583 2380 3655 ἐξῆλθεν,
2410 3583 2573 3647 αὐτὸς
2614 3581 2690 3636 ὢν
2721 3584 2749 3637 ὁ
2774 3581 3035 3651 σπείρων,
3068 3579 3162 3632 καὶ
3190 3578 3378 3650 ἐξῆλθε
3410 3574 3546 3646 πρὸς
3575 3573 3723 3644 ἡμᾶς

465 3675 573 3722 tem
590 3668 705 3736 ipse
732 3664 900 3719 exivit
926 3662 992 3717 ad
1026 3659 1396 3717 seminandum
1419 3676 1434 3725 ;
1454 3660 1891 3729 quandoquidem
1915 3671 1969 3715 et
1993 3661 2040 3715 is

2139 3677 2265 3739 τοὺς
2292 3674 2396 3743 ἔξω
2428 3674 2775 3745 γενομένους,
2818 3672 2886 3726 δι’
2915 3671 3068 3725 οὐδὲν
3095 3671 3283 3741 ἓτερον
3311 3669 3343 3739 ἦ
3382 3668 3443 3722 τὸ
3475 3669 3717 3735 σπεῖραι,

462 3759 612 3813 solus
653 3765 773 3811 erat
795 3755 1036 3810 omnium
1072 3753 1390 3808 seminator.
1427 3751 1580 3807 Multi
1607 3752 1804 3822 quippe
1833 3755 1899 3808 de
1924 3765 2039 3810 ete-

2140 3767 2260 3821 ἐπεὶ
2286 3769 2379 3821 καὶ
2409 3767 2566 3838 μόνος
2599 3765 2763 3829 αὐτὸς
2786 3759 2854 3836 ἦν
2884 3767 2914 3817 6
2939 3764 3046 3817 τῶν
3079 3764 3215 3817 ὅλων
3246 3760 3496 3832 σπορεύς.
3531 3755 3720 3810 Πολλοὶ

462 3847 690 3904 lestibus
721 3853 983 3901 venerunt
1013 3841 1362 3908 stationibus,
1398 3849 1560 3911 atque
1603 3843 1670 3897 ad
1703 3843 1951 3898 homines
1980 3859 2039 3900 se

2143 3861 2240 3932 μὲν
2284 3859 2394 3933 γὰρ
2439 3856 2662 3932 ἐξῆλθον
2710 3859 2775 3912 ἐκ
2811 3857 2920 3912 τῶν
2960 3857 3226 3927 οὐρανίων
3265 3853 3577 3925 διατριϐῶν,
3625 3849 3718 3904 καὶ

461 3940 822 4005 contulerunt,
877 3938 970 3992 sed
1001 3950 1108 3992 non
1140 3934 1442 3991 seminandi
1472 3947 1632 3988 causa
1676 3951 1692 3988 :
1743 3947 1849 3989 non
1891 3935 2037 3990 enim

2137 3951 2404 4023 κατῆλθον
2435 3953 2516 4016 εἰς
2557 3951 2898 4024 ἀνθρώπους,
2940 3950 3054 4004 ἀλλ’
3080 3950 3180 4002 οὐκ
3219 3947 3313 4000 ἐπὶ
3338 3945 3420 4018 τῷ
3457 3947 3713 4015 σπεῖραι·

461 4035 820 4091 seminatores
848 4035 1027 4096 erant,
1075 4028 1170 4082 sed
1225 4025 1677 4083 administratorii
1713 4025 1938 4094 spiritus
1978 4025 2035 4080 in

2137 4045 2198 4098 οὗ
2227 4044 2334 4117 γάρ
2358 4039 2498 4116 ἦσαν
2524 4048 2766 4117 σπορεῖς,
2793 4043 2929 4097 ἀλλά
2953 4040 3302 4115 λειτουργικά
3328 4038 3610 4108 πνεύματα
3638 4037 3717 4097 είς

373 4149 388 4164 ί
460 4122 822 4180 ministerium
851 4120 1022 4175 missi.
1052 4118 1262 4190 Moyses
1287 4127 1490 4180 autem,
1521 4126 1577 4172 et
1604 4125 1728 4187 post
1759 4131 1882 4172 eum
1909 4132 1998 4187 pro

2135 4135 2410 4190 διακονίαν
2446 4136 2921 4207 ἀποστελλόμενα⁸
2970 4134 3213 4204 Μωῦσῆς
3256 4132 3313 4185 δέ
3359 4133 3452 4184 καὶ
3489 4131 3539 4183 οί
3595 4127 3713 4198 μετ’

459 4218 636 4288 pheta:
660 4212 805 4268 haud
843 4211 1100 4283 mysteria
1128 4209 1277 4280 regni
1305 4208 1567 4264 caelorum
1599 4208 1905 4265 hominibus
1925 4210 2034 4265 dis-

2136 4224 2298 4277 αὑτὸν
2343 4225 2618 4298 προφῆται
2661 4226 2722 4278 οὐ
2758 4226 2830 4279 τὰ
2878 4225 3154 4296 μυστήρια
3192 4223 3293 4293 τῆς
3333 4222 3444 4276 τῶν
3471 4217 3713 4292 οὐρανῶν

459 4317 768 4373 seruerunt,
793 4308 887 4364 sed
918 4305 1171 4378 parvulos
1197 4305 1374 4365 adhuc
1397 4303 1737 4370 erudierunt,
1770 4304 2033 4376 insipien-

2137 4312 2408 4384 βασιλείας
2451 4315 2758 4387 ἀνθρώποις
2791 4316 3171 4380 κατεϐἁλοντο,
3205 4313 3430 4386 νηπίους
3460 4314 3553 4366 ἅτε
3587 4328 3711 4363 παι-

459 4411 543 4458 tes
572 4418 600 4455 a
631 4399 851 4456 malitiae
872 4411 1060 4454 errore
1095 4405 1433 4462 averterunt,
1455 4404 1509 4450 et
1543 4395 1882 4453 idololatrico
1917 4398 2034 4475 illo-

2133 4403 2524 4476 δαγωγοῠντες,
2545 4408 2638 4460 καὶ
2658 4406 2896 4477 ἄφρονας
2913 4407 3011 4476 τῆς
3028 4406 3166 4460 κατὰ
3186 4405 3282 4477 τὴν
3304 4403 3497 4457 κακίαν
3518 4401 3710 4472 ἀπείρη

459 4507 578 4546 rum
603 4488 791 4546 morbo
813 4487 1138 4544 medicinam
1158 4485 1339 4541 facere
1361 4487 1702 4553 studuerunt,
1720 4488 2028 4544 eorumdem
2060 4498 2084 4557 [

2086 4500 2107 4556 )
2134 4513 2319 4564 γοντες
2343 4499 2568 4570 πλάνης,
2597 4498 2919 4570 θεραπεύειν
2948 4499 3126 4551 αὐτῶν
3147 4497 3472 4572 πειρώμενοι
3493 4495 3592 4567 τὴν
3613 4497 3711 4567 τῆς

457 4581 689 4646 animas,
719 4579 866 4633 velut
899 4576 1110 4633 novalia
1148 4576 1416 4647 quaedam,
1452 4577 1659 4631 semine
1691 4587 2023 4648 vegetantes.

2132 4586 2574 4661 εἰδωλολατρείας
2601 4589 2776 4654 νόσον,
2809 4589 2904 4641 καὶ
2925 4587 3115 4662 ὥσπερ
3142 4590 3386 4654 νεοῦντες
3411 4589 3592 4643 αὐτῶν
3617 4589 3711 4642 καὶ

457 4669 618 4727 Solus
648 4679 826 4725 autem
865 4667 1188 4725 universalis
1223 4675 1392 4732 sator,
1433 4667 1532 4724 Dei
1568 4666 1824 4736 Verbum,
1876 4670 2028 4727 beni-

2131 4676 2390 4748 ἀροῦντες
2434 4679 2533 4743 τὰς
2560 4679 2760 4751 ψυχάς.
2799 4681 2974 4745 Μόνος
3000 4680 3058 4735 δὲ
3090 4683 3119 4735 6
3147 4682 3254 4737 τῶν
3274 4683 3412 4737 ὅλων
3455 4684 3707 4754 σπορεὺς,

526 4831 574 4864 δ’
608 4830 748 4887 Phil.
777 4811 972 4899 111,30.
1045 4831 1094 4865 “
1131 4829 1324 4886 Matth.
1350 4845 1474 4897 xm,
1495 4832 1552 4888 3.
1628 4831 1673 4864 ⁴⁷
1711 4832 2005 4906 Joan.vm,
2034 4838 2126 4894 42.

526 4986 1174 5070 (7_)._Videsi’s_palrt‘imnl_iis
1209 4989 1729 5070 similiain_§yriaca
1754 4992 2028 5070 theopha-
2134 4995 2380 5070 caudicum
2423 4996 2846 5070 _Vaticanorum,
2899 5002 2993 5069 qui
3050 5000 3152 5057 hoc
3212 5003 3574 5070 fragmentum
3639 5021 3710 5062 ex

457 5059 546 5141 nia
703 5074 784 5120 Ill,
809 5057 903 5123 21,
929 5057 1021 5139 22,
1054 5058 1146 5141 25,
1177 5068 1232 5113 et
1260 5060 1353 5114 lib.
1387 5075 1460 5141 iv,
1482 5057 1572 5126 52',
1597 5063 1685 5116 ubi
1721 5057 2023 5141 priscorum
2135 5063 2467 5133 TheOpham'a
2537 5082 2658 5141 esse
2724 5057 3029 5141 adﬁrmant,
3100 5057 3326 5141 negare”
3360 5083 3454 5126 aut
3521 5057 3706 5131 delere

456 5128 888 5210 gliristianorum
917 5129 1055 5183 mira
1087 5139 1151 5191 ac
1177 5143 1363 5186 severa
1390 5130 1564 5186 virtus
1589 5128 1804 5202 egregie
1826 5131 2028 5188 descri—
2131 5128 2288 5210 queo,
2320 5139 2804 5210 praesertimquia,
2849 5139 2989 5195 facta
3019 5128 3260 5195 textuum
3279 5128 3703 5210 comparatione,

457 5199 693 5278 bitur.“
764 5276 772 5278 _
868 5267 884 5278 _
998 5268 1027 5278 γ’
1094 5267 1107 5278 _
1160 5258 1180 5278 ,⁸
1333 5269 1348 5278 _
1417 5269 1429 5278 _
1505 5269 1526 5278 _
1582 5199 1673 5278 ’ξ’
1723 5199 1744 5200 ί
1887 5271 1903 5278 _
1957 5271 1975 5278 _
2130 5199 2251 5259 luce
2276 5199 2570 5260 meridiana
2595 5199 3040 5278 cla'rius'apparet
3067 5219 3295 5266 tractum
3331 5199 3477 5268 hunc
3506 5228 3572 5270 ex
3610 5199 3708 5272 illo

528 5267 606 5346 (θ)
636 5267 846 5346 Qita_tur
868 5267 971 5346 hoc
990 5267 1147 5346 titulo
1166 5268 1218 5346 iu
1249 5269 1370 5324 cod.
1401 5269 1470 5346 A_.
1499 5269 1540 5327 f.
1575 5270 1697 5346 [22,
1726 5271 1926 5346 etcod.
1957 5271 2021 5327 L.
2132 5290 2355 5346 prorsus
2379 5290 2542 5346 Opere
2567 5293 2688 5332 esse
2709 5267 3032 5334 derivatum.

457 5335 510 5423 ί.⁹
521 5335 614 5423 μ,
641 5340 675 5392 b
690 5355 720 5423 ,τ’
734 5337 1025 5423 Egereng
1046 5339 1134 5402 βι.
1155 5335 1748 5423 ΔΘεοφανείιξςηὶνξΊιΙ-(ιει
1793 5341 1880 5396 hic
1901 5359 2027 5423 {na-

2132 5335 2149 5345 ’
2201 5344 2278 5417 (9)
2303 5335 2683 5423 Animadverte
2704 5349 3345 5423 quamlueccongruaut
3368 5367 3490 5407 cum
3516 5353 3706 5423 Syria-

459 5407 651 5490 niieste
668 5407 774 5490 _dici
800 5406 988 5490 βιϐλίῳ
1019 5424 1124 5463 non
1153 5406 1605 5490 tantummodo}
1635 5410 2024 5490 Superponitur
2127 5428 2188 5468 ca
2209 5406 2312 5469 'séu
2339 5415 2564 5490 Anglica
2590 5406 2948 5490 Theophania,
2982 5406 3071 5474 lib.
3103 5406 3182 5484 Iv':
3211 5423 3282 5478 54
3312 5406 3340 5480 τί
3362 5406 3442 5476 Ηε
3471 5406 3704 5490 therefo-

457 5486 634 5554 autem
659 5477 720 5554 _in
745 5477 971 5554 ced._A.'
993 5479 1367 5554 compendium
1408 5477 1728 5554 significans:
1759 5477 2020 5554 τετάρτου
2128 5499 2183 5538 re
2209 5494 2340 5540 went
2368 5477 2506 5553 forth
2537 5484 2671 5554 {rem
2694 5477 2893 5546 within.
2924 5477 3032 5543 and
3058 5477 3202 5546 cani.
3223 5477 3334 5546 out.
3367 5485 3555 5546 Where
3577 5477 3707 5548 then

455 5547 542 5601 vel
565 5548 740 5630 potius
763 5547 1008 5630 τετάρτω
1033 5547 1518 5630 (ωεηιξοεεμῐηεξη
1546 5549 1598 5630 in
1625 5551 1834 5630 θρὰ-ι.
1870 5547 2021 5630 πρω-
2124 5569 2230 5630 was
2259 5556 2323 5630 he
2347 5547 2554 5630 ιὲςὲιιιίη,Δ
2572 5557 2656 5630 but
2678 5559 2840 5630 above
2859 5557 2942 5630 the
2965 5561 3128 5630 world
3147 5562 3173 5615 ?
3197 5564 3364 5615 where
3384 5563 3446 5614 he
3465 5547 3701 5630 existed:

455 5616 934 5702 τουηῖοίπρξῦτῳ).
972 5616 1180 5702 “eapse
1196 5617 1260 5702 in
1285 5616 2014 5702 Theophaniaﬁyriaoea'lib.
2123 5627 2230 5702 and
2252 5626 2309 5679 in
2345 5625 2430 5678 the
2454 5616 2554 5702 end
2576 5625 2638 5692 of
2659 5629 2744 5679 the
2772 5627 2934 5702 world
2966 5629 3030 5683 he
3053 5647 3197 5702 carne
3223 5633 3382 5702 forth.
3412 5632 3517 5702 aud
3548 5616 3701 5687 came

457 5685 621 5772 ιν,γὸξὸ
639 5685 802 5772 etis},
826 5685 1012 5772 sermo
1040 5688 1214 5772 estde
1235 5685 1486 5772 parabole
1512 5685 2016 5772 seminhtorisfve-
2121 5697 2271 5772 flown
2302 5707 2353 5772 to
2377 5685 2744 5772 us,_who'ipere
2771 5696 2989 5772 without
3012 5698 3106 5772 the
3135 5685 3381 5772 Ιίὶηξιιιοηι
3401 5699 3461 5769 of
3479 5685 3698 5763 heaven,

458 5764 762 5812 rututamen
799 5757 966 5812 multo
997 5756 1244 5813 brevius.
1267 5757 1452 5815 Neoue
1499 5772 1598 5823 ego
1646 5773 1794 5815 certe
1832 5762 2014 5818 titulos
2120 5763 2272 5820 Mitto
2299 5765 2366 5821 dc
2392 5765 2515 5823 aliis
2536 5767 2672 5824 locis
2697 5767 2964 5825 similibus
2991 5771 3192 5826 dicere.
