4116 6382
418 336 523 391 διι-

1777 352 1865 407 DE
1902 352 2362 410 TilEOPIlANlA.

3551 369 3654 423 678

417 453 447 504 ό
478 452 575 551 τοῦ
601 455 735 509 Θεοῦ
768 460 958 529 Λόγος,
1004 464 1381 539 φιλανθρωπιᾳ
1411 470 1505 522 τοῦ
1534 471 1741 542 Πατρὸς
1775 472 1982 543 ἐξῆλθε,

2089 475 2292 543 gnitate
2317 473 2498 529 Patris
2520 475 2708 542 exivit,
2734 493 2867 532 nova
2904 480 3110 534 semina
3133 490 3187 536 et
3208 482 3359 551 regni
3389 482 3653 540 caelorum

417 543 579 597 καινά
622 548 910 620 σπέρματα
964 556 1057 608 καὶ
1106 556 1378 626 βασιλείας
1421 560 1661 631 οὐρανῶν
1715 566 1986 634 μυστήρια

419 636 925 711 εὐαγγελιούμενος,
948 650 1059 710 τοῖς
1090 666 1147 700 τε
1187 653 1306 703 κατ’
1330 652 1556 723 οὐρανὸν
1591 654 1683 706 τοῦ
1717 655 1851 707 Θεοῦ
1884 656 1989 708 λει-

416 734 667 800 τουργοῖς
690 733 749 785 τὸ
780 736 887 789 τῶν
910 739 1209 809 ἀνθρώπων
1245 744 1494 813 συνάψων
1527 747 1681 813 γένος
1703 763 1715 776 ·
1746 748 1837 799 ἐπὶ
1869 748 1989 801 τού-

418 840 529 887 τοις
556 820 646 879 οὖν
674 828 831 896 μόνος
852 832 1012 896 αὐτὸς
1036 834 1131 905 τὴν
1156 835 1262 888 ἀπὸ
1282 836 1387 888 τῶν
1414 839 1691 907 πατρικῶν
1710 838 1988 909 βασιλείων

417 914 648 969 ἐποιεῖτο
675 916 850 982 ἔξοδον
868 939 880 952 ·
912 925 961 975 οἱ
988 924 1044 976 δὲ
1066 926 1133 978 τὰ
1159 927 1288 997 παρ’
1316 928 1476 981 αὑτοῦ
1507 930 1792 1002 σπέρματα
1817 949 1987 985 κατα-

415 1001 694 1074 δεξάμενοι
740 1007 838 1073 τάς
872 1012 1081 1066 ἑαυτῶν
1110 1014 1287 1085 ψυχὰς
1320 1014 1409 1071 οἷα
1448 1018 1511 1089 δὴ
1546 1001 1726 1091 χώρας
1758 1020 1988 1091 γεωργῷ

416 1099 676 1166 παρεῖχον
706 1099 784 1170 τῷ
821 1102 997 1173 Λόγῳ,
1044 1106 1137 1160 καὶ
1165 1106 1253 1160 διὰ
1278 1108 1387 1162 τῶν
1425 1110 1602 1164 ἀκοῶν
1625 1112 1714 1165 τὸν
1741 1113 1987 1184 οὐράνιον

414 1185 739 1256 ὑπεδέχοντο
778 1193 1001 1263 σπόρον.

483 1277 547 1329 Εἰ
597 1278 697 1348 μὲν
739 1277 829 1335 οὖν
864 1286 974 1355 (10)
1016 1288 1063 1339 oi
1108 1286 1534 1360 μαθητευόμενοι
1571 1295 1698 1363 μιᾶς
1745 1295 1987 1366 ὑπῆρχον

414 1371 819 1441 προαιρέσεως,
898 1376 1047 1429 οὐδὲν
1119 1378 1286 1449 ἐχρῆν
1341 1381 1635 1452 διακρίνειν
1696 1386 1790 1437 καὶ
1856 1387 1987 1453 ἀφο-

418 1458 587 1530 ρίζειν
629 1463 846 1528 τούτους
880 1467 975 1519 ἀπ’
1020 1468 1283 1541 ἀλλήλων·
1325 1472 1510 1544 ἐπειδὴ
1547 1474 1603 1526 δὲ
1643 1475 1793 1547 παρά
1824 1478 1987 1531 πᾶσιν

415 1551 719 1624 ἀνθρώποις
770 1560 803 1627 ἡ
872 1556 965 1611 τοῦ
1024 1561 1367 1627 αύτεξουσίου
1436 1566 1655 1635 ἐκράτει
1724 1568 1984 1638 δύναμις,

414 1642 562 1697 ἄλλοι
640 1664 698 1699 τε
765 1648 938 1713 ἄλλως
1014 1653 1224 1717 ἑαυτοῖς
1290 1656 1383 1708 καὶ
1450 1656 1529 1725 τῷ
1598 1660 1986 1728 καταϐληθέντι

413 1740 532 1801 ταῖς
579 1738 775 1809 ψυχαῖς
819 1742 1056 1813 οὐρανίῳ
1110 1746 1293 1816 σπόρῳ
1339 1750 1793 1821 κατακέχρηνται,
1840 1752 1984 1804 εἰκό-

2088 568 2340 637 mysteria
2371 568 2545 624 fauste
2567 571 2939 639 ‘nuntiaturus,
2969 582 3023 627 et
3051 576 3295 642 supernis
3322 576 3415 628 Dei
3453 578 3650 630 minis-

2089 660 2188 714 tris
2231 660 2519 716 humanum
2563 678 2730 733 genus
2774 665 3202 721 consociaturus.
3250 666 3400 720 Hanc
3424 681 3550 737 ergo
3582 668 3652 721 ob

2087 765 2303 805 causam
2332 752 2478 806 solus
2508 753 2622 821 ipse
2678 767 2709 808 e
2752 763 2977 823 paterno
3022 770 3185 825 regno
3222 758 3505 824 processit.
3548 757 3650 823 Qui

2086 849 2265 895 autem
2329 843 2536 896 semina
2591 842 2710 911 ejus
2752 855 3100 912 exceperunt,
3158 845 3212 902 hi
3268 864 3393 903 suas
3442 851 3650 904 animas

2085 932 2230 987 velut
2275 947 2431 1000 agros
2471 933 2669 988 cultori
2706 932 2878 989 Verbo
2904 937 3282 1004 exhibuerunt,
3326 950 3379 995 et
3412 957 3538 997 aure
3565 942 3649 997 fa-

2085 1032 2273 1079 ventes
2295 1024 2517 1079 caaleste
2549 1038 2734 1081 semen
2764 1027 3111 1085 admiserunt.

2156 1267 2215 1321 Si
2240 1268 2454 1337 quidem
2484 1268 2665 1337 itaque
2687 1269 2994 1327 Christiana
3020 1272 3261 1329 doctrina
3294 1277 3513 1345 eruditi,
3542 1294 3651 1335 uno

2087 1358 2383 1427 eodemque
2416 1362 2696 1430 proposito
2720 1373 2919 1429 essent,
2956 1364 3088 1418 nihil
3114 1381 3248 1436 opus
3279 1377 3422 1424 esset
3450 1372 3651 1427 discer-

2086 1463 2216 1502 nere
2249 1448 2385 1504 inter
2410 1452 2554 1519 ipsos
2583 1467 2646 1507 ac
2674 1467 2948 1521 separare.
2992 1456 3142 1512 Nunc
3195 1460 3319 1527 quia
3350 1463 3403 1514 in
3437 1464 3651 1519 cunctis

2088 1538 2394 1595 hominibus
2422 1541 2576 1596 liberi
2603 1543 2819 1598 arbitrii
2856 1546 2935 1599 vis
2964 1548 3240 1614 praevalet,
3265 1549 3464 1619 aliique
3494 1552 3652 1607 aliter

2087 1628 2266 1685 indole
2290 1646 2383 1685 sua
2401 1632 2655 1701 jactoque
2678 1635 2816 1689 intra
2849 1650 2977 1692 suas
3001 1638 3211 1693 animas
3237 1641 3420 1697 divino
3445 1646 3653 1699 semine

2090 1730 2341 1789 utuntur;
2394 1724 2515 1779 ideo
2559 1736 2728 1793 recte,
2784 1736 2967 1797 utpote
3018 1731 3111 1785 Dei
3175 1730 3430 1797 Verbum,
3484 1736 3649 1789 futuri

411 1845 519 1892 τως
560 1825 648 1884 οἶα
694 1831 828 1885 Θεοῦ
876 1834 1047 1904 Λόγος
1095 1836 1193 1908 τὴν
1241 1838 1442 1906 γνῶσιν
1494 1842 1838 1912 προειληφὼς
1877 1844 1982 1896 τῶν

2087 1815 2367 1868 scientiam
2402 1832 2802 1888 praeoccupans,
2845 1820 2972 1888 quid
3016 1824 3205 1877 semini
3235 1838 3337 1879 suo
3382 1825 3527 1879 inter
3554 1828 3650 1880 bo-

414 1920 734 1991 μελλόντων,
799 1926 958 1981 ὁποῖα
994 1927 1239 1981 πείσεται
1298 1931 1377 1993 είς
1429 1930 1745 2003 ἀνθρώπους
1777 1936 1805 1987 ό
1854 1935 1983 2005 παρ’

410 2014 573 2067 αὑτοῦ
610 2017 807 2088 σπόρος
840 2021 1042 2083 πεσὼν,
1072 2018 1336 2083 θεσπίζει.
1370 2022 1581 2076 Πτῶσιν
1613 2025 1742 2092 γοῦν
1772 2025 1986 2097 θαυμα-

412 2103 551 2165 στῶς
594 2104 693 2171 τὴν
743 2106 1044 2177 καταϐολὴν
1076 2106 1180 2161 τῶν
1206 2110 1471 2178 οὐρανίων
1514 2114 1843 2182 σπερμάτων
1888 2114 1984 2183 τὴν

410 2196 489 2258 είς
510 2196 605 2248 ἀνθ
616 2195 831 2267 ρώπους
851 2198 1120 2267 ώνόμασε’
1152 2200 1245 2259 καὶ
1266 2201 1329 2271 δὴ
1360 2201 1452 2255 δύο
1472 2204 1725 2273 τάγματα
1757 2206 1864 2257 τῶν
1895 2206 1986 2259 τὸν

411 2285 612 2355 σπόρον
662 2288 1109 2358 καταδεξαμένων
1138 2289 1376 2354 ἔσεσθαι,
1407 2292 1665 2346 διδάσκει·
1720 2297 1985 2367 πρότερον

409 2377 470 2430 τὸ
486 2377 594 2431 τῶν
621 2379 874 2445 καταξιου
885 2379 1058 2449 μένων
1078 2382 1174 2451 μὲν
1198 2382 1299 2452 τῆς
1328 2384 1571 2453 κλήσεως
1594 2385 1691 2455 τῆς
1713 2386 1771 2439 ού
1782 2387 1983 2455 ρανίου,

410 2465 476 2520 δι’
501 2466 829 2539 ἀπροσεξίαν
857 2468 913 2521 δὲ
954 2470 1047 2523 καὶ
1074 2470 1347 2541 ρᾳθυμίαν
1389 2472 1489 2542 τῆς
1544 2473 1763 2545 χάριτος
1803 2476 1987 2529 ἀπολι-

413 2557 757 2612 σθαινόντων’
809 2559 1059 2632 δεύτερον
1099 2561 1156 2614 δὲ
1192 2561 1252 2614 τὸ
1292 2564 1399 2615 τῶν
1445 2564 1986 2630 πολυπλασιαζόντων

409 2647 501 2699 τὸν
547 2649 745 2720 σπόρον
792 2652 849 2703 ὲν
891 2652 1123 2719 ἀγαθαῖς
1167 2654 1611 2729 καρποφορίαις..
1640 2657 1800 2727 Τρεῖς
1826 2657 1881 2709 δὲ
1928 2659 1986 2711 ὲν

411 2734 658 2806 ἐκατέρῳ
696 2738 936 2807 τάγματι
993 2739 1254 2811 διαφοράς
1285 2742 1516 2813 τίθησιν·
1567 2746 1696 2797 οἵτε
1739 2746 1846 2816 γάρ
1894 2747 1985 2802 τὸν

413 2824 609 2895 σπόρον
642 2826 968 2892 ἀπολλύντες
1009 2831 1105 2902 οὐχ
1135 2834 1317 2903 ὅμοιον
1348 2833 1553 2904 ἴσχουσι
1586 2836 1683 2905 τῆς
1714 2836 1987 2899 ἀπωλείας

412 2916 501 2970 τὸν
516 2917 735 2989 τρόπον·
760 2921 811 2972 οἵ
833 2922 880 2973 τ’
916 2917 981 2975 αὖ
1024 2924 1394 2995 γεωργοῦντες
1425 2926 1607 2991 αὑτὸν,
1649 2926 1743 2979 καὶ⁵
1780 2927 1870 2980 τὸν
1927 2927 1987 2991 ἐξ

412 3012 575 3065 αὐτοῦ
633 3014 977 3086 ποριζόμενοι
1028 3018 1257 3089 καρπὸν,
1311 3019 1412 3072 οὐκ
1452 3019 1571 3091 ῐσην
1618 3020 1985 3091 ἀποφέρονται

408 3105 507 3174 τὴν
555 3105 841 3178 εὐπορίανο
878 3109 957 3161 ἔτι
989 3110 1123 3181 πρὸς
1165 3111 1374 3175 τούτοις
1417 3112 1631 3176 καὶτὰς
1658 3113 1834 3176 αἰτίας
1886 3113 1984 3184 τῆς

411 3195 780 3260 ἀποπτώσεως
813 3198 919 3251 τῶν
950 3200 1042 3252 τὸν
1084 3202 1281 3272 σπόρον
1306 3202 1646 3257 ἀπολλύντων
1680 3202 1983 3274 προγνώσει

411 3284 562 3357 θεῖκῇ
619 3288 967 3359 παρίστησιψ
1010 3291 1043 3362 ἥ
1077 3291 1185 3362 γὰρ
1221 3291 1309 3344 διά
1332 3292 1602 3363 ῥᾳθυμίας
1645 3293 1985 3361 ἀφυλάκτους

410 3378 507 3440 τὰς
554 3379 760 3433 ἑαυτῶν
820 3380 996 3452 ψυχὰς
1051 3383 1425 3447 ἀπολιπόντες,
1470 3385 1537 3436 τὰ
1580 3384 1984 3454 καταδληθέντα

410 3468 592 3531 αὐτοῖς
626 3472 868 3542 σωτήρια
925 3472 1213 3542 σπέρματα
1240 3471 1667 3535 ἀπολωλέκασιν,
1706 3474 1986 3544 ἁρπασάνο

408 3574 514 3611 των
568 3558 707 3613 αύτά
742 3561 807 3613 ὲκ
847 3560 946 3632 τῆς
998 3561 1174 3615 αὐτῶν
1225 3561 1461 3625 διανοίας
1510 3579 1567 3614 τε
1609 3562 1699 3614 καὶ
1742 3564 1981 3634 μνήμης,

412 3648 622 3718 ἐχθρῶν
661 3667 823 3704 τινων
868 3653 961 3704 καὶ
1009 3650 1308 3704 ἐπιϐούλων
1350 3652 1468 3721 ἦτοι
1528 3652 1849 3723 πνευμάτων
1891 3653 1983 3706 καὶ

408 3739 675 3809 δαιμόνων
708 3742 957 3812 πονηρῶν
993 3742 1083 3796 τὸν
1126 3742 1402 3814 περίγειον
1439 3742 1800 3812 διιπταμένων
1824 3744 1979 3814 ἀέρα,

406 3832 440 3901 ἢ
477 3832 682 3902 ἀνδρῶν
710 3834 919 3904 γοήτων
967 3834 1060 3886 καὶ
1086 3835 1397 3906 ἀπατηλῶν,
1428 3832 1460 3903 ἢ
1509 3832 1679 3901 λόγων
1728 3834 1982 3887 ἐναντίων

407 3925 474 3992 τῇ
509 3922 752 3998 ἀληθείαο
778 3923 812 3975 ἀ
837 3923 899 3993 δὴ
921 3924 1142 3977 πετεινά
1172 3925 1403 3995 ούρανοῦ
1420 3923 1722 3994 ώνόμασεψ
1758 3924 1790 3994 ἢ
1812 3923 1984 3976 δεύτε-

410 4028 502 4084 ρον
541 4012 628 4066 διὰ
670 4014 1029 4085 φιλαργυρίαν
1070 4016 1165 4067 καὶ
1192 4014 1519 4084 φιληδονίαν,
1550 4015 1638 4067 διά
1669 4032 1727 4066 τε
1760 4014 1858 4077 τὰς
1885 4014 1979 4067 τοῦ

409 4103 523 4173 βίου
545 4104 1079 4176 φιλοπραγμοσύνας,
1107 4105 1142 4159 ἃ
1173 4105 1235 4176 δὴ
1260 4105 1500 4169 ἀκάνθας
1538 4105 1861 4168 ἀπεκάλεσε,
1890 4105 1981 4160 τὸν

407 4196 465 4247 ὲν
492 4196 670 4257 αὐτοῖς
705 4196 904 4266 σπόρον
935 4197 1298 4267 ἀποπνιγῆναι
1328 4198 1706 4268 πεποιήκασινο
1739 4196 1770 4267 ἢ
1800 4197 1979 4267 τρίτον

406 4287 659 4358 διωγμῶν
692 4289 786 4341 καὶ
834 4289 1205 4360 περιστάσεων
1230 4290 1357 4353 τοὺς
1391 4288 1608 4357 ἀγῶνας
1628 4290 1724 4359 οὐχ
1755 4290 1979 4360 ὑπομεί-

412 4396 621 4441 ναντες,
650 4378 684 4433 ἃ
706 4380 769 4448 δὴ
803 4378 894 4431 καὶ
919 4379 1172 4432 καύσωνα
1204 4379 1291 4432 διά
1322 4381 1420 4449 τῆς
1455 4380 1771 4451 παραϐολῆς
1808 4396 1977 4451 προσ-

2050 1970 2055 1973 η
2088 1908 2259 1962 mines
2279 1924 2468 1976 sparso
2490 1923 2810 1967 eventurum
2840 1914 2931 1978 sit,
2954 1917 3219 1983 praadicit.
3250 1916 3445 1973 Casum
3473 1920 3655 1990 itaque

2087 1999 2313 2054 miriﬁce
2367 2001 2598 2069 appellat
2649 2003 2951 2058 ccelestium
3009 2007 3274 2061 seminum
3322 2009 3372 2062 in
3409 2010 3655 2067 homines

2084 2089 2496 2157 projectionem.
2527 2093 2779 2162 Duosque
2812 2095 2970 2150 docet
3010 2097 3125 2151 fore
3161 2100 3529 2167 recipientium
3565 2118 3654 2157 se-

2086 2195 2206 2233 men
2231 2180 2447 2236 ordines
2486 2198 2498 2232 :
2529 2185 2763 2252 priorem
2796 2185 3005 2240 illorum
3044 2191 3133 2257 qui
3169 2192 3444 2246 cmlestem
3487 2210 3650 2249 voca—

2088 2272 2287 2327 tionem
2310 2275 2509 2341 sortiti,
2538 2292 2633 2345 per
2659 2280 3159 2345 socordiamjamen
3190 2296 3351 2351 atque
3382 2284 3647 2352 ignaviam

2085 2368 2256 2433 gratia
2297 2368 2555 2423 excidunt
2589 2385 2603 2421 :
2636 2373 2931 2426 secundum
2983 2376 3229 2430 ordinem
3282 2377 3493 2433 illorum
3556 2383 3649 2448 qui

2084 2470 2267 2511 semen
2328 2461 2544 2529 egregio
2600 2460 2778 2516 fructu
2830 2464 3209 2533 multiplicant.
3238 2465 3371 2521 Tres
3402 2484 3562 2537 porro
3596 2472 3649 2525 in

2086 2555 2317 2616 utroque
2359 2551 2549 2606 ordine
2587 2552 2919 2610 dill‘erentias
2954 2556 3159 2609 statuit.
3194 2556 3324 2611 Nam
3364 2569 3415 2613 et
3442 2561 3531 2628 qui
3564 2577 3653 2616 se-

2086 2652 2207 2690 men
2266 2641 2614 2706 pessnmdant
2643 2682 2657 2705 ,
2718 2645 2859 2698 haud
2901 2647 3015 2713 pari
3053 2648 3211 2701 modo
3257 2649 3603 2719 exstinguunt
3630 2668 3648 2704 ι

2084 2730 2428 2801 vicissimque
2454 2734 2489 2787 ii
2521 2735 2609 2802 qui
2647 2736 2774 2791 illud
2809 2737 3086 2803 excolunt,
3118 2755 3185 2794 ex
3210 2755 3383 2810 eoque
3414 2742 3647 2797 fructum

2086 2823 2330 2891 gignunt,
2382 2826 2523 2880 haud
2560 2827 2677 2894 pari
2712 2828 2959 2883 ubertate
2997 2840 3141 2885 sunt.
3193 2832 3416 2901 Insuper
3461 2849 3654 2889 causes

2085 2915 2248 2966 etiam
2293 2914 2475 2983 lapsus
2524 2931 2709 2971 eorum
2762 2919 2855 2988 qui
2909 2934 3094 2975 semen
3151 2924 3650 2991 pessumdederutrt,

2086 3006 2263 3060 divina
2295 3009 2602 3081 provisione
2636 3011 2797 3066 sistit.
2831 3011 2963 3066 Nam
3010 3012 3093 3068 vel
3129 3014 3321 3077 ignave
3353 3017 3650 3073 incustodi-

2089 3105 2171 3153 tas
2199 3099 2409 3154 animas
2431 3116 2557 3156 suas
2579 3115 2698 3157 esse
2721 3103 2977 3170 sinenles,
3029 3104 3221 3171 iniecta
3247 3108 3299 3161 in
3325 3108 3423 3163 has
3447 3111 3650 3165 semina

2086 3189 2406 3255 amiserunt,
2436 3192 2770 3260 rapientibus
2799 3194 3007 3250 scilicet
3035 3210 3100 3249 ex
3123 3196 3361 3265 ipsorum
3389 3210 3568 3255 mente
3588 3216 3650 3255 ac

2085 3280 2343 3333 memoria
2380 3280 2612 3336 inimicis
2638 3282 2959 3351 quibusdam
2995 3295 3158 3353 atque
3194 3289 3465 3344 insidiosis
3492 3291 3652 3360 spiri-

2088 3369 2229 3424 tibus
2259 3371 2526 3438 malisque
2557 3372 2913 3440 daemonihus,
2960 3375 3053 3444 qui
3087 3376 3139 3430 in
3174 3378 3275 3433 hoc
3311 3380 3454 3435 circa
3488 3382 3645 3438 tellu-

2086 3476 2196 3515 rem
2227 3476 2353 3516 aere
2377 3463 2603 3517 volitant
2627 3482 2639 3517 :
2664 3464 2749 3518 vel
2769 3466 2931 3520 etiam
2957 3467 3312 3527 fraudulentis
3341 3473 3651 3531 hominibus

2084 3568 2148 3608 ac
2170 3554 2471 3619 fallacibus,
2506 3555 2590 3609 vel
2624 3558 2914 3613 contrariis
2944 3561 3157 3614 veritati
3190 3562 3487 3629 doctrinis;
3526 3581 3648 3634 qum

2082 3645 2262 3700 omnia
2296 3645 2597 3701 caelestium
2621 3648 2900 3702 volucrum
2931 3651 3147 3705 nomine
3178 3653 3502 3722 indigitavit.
3550 3655 3647 3711 Vel

2082 3734 2245 3788 etiam
2272 3739 2506 3790 secundo
2532 3735 2650 3790 loco
2678 3737 2911 3791 avaritia
2955 3748 3009 3791 et
3062 3741 3349 3809 voluptatis
3386 3744 3646 3811 studium,

2080 3834 2134 3879 et
2180 3823 2345 3879 variae
2374 3826 2558 3880 mundi
2589 3842 2749 3891 cum,
2792 3844 2927 3898 quas
2969 3830 3151 3896 spinas
3181 3832 3334 3897 dixit,
3379 3849 3559 3888 semen
3590 3838 3645 3891 in

2082 3916 2212 3984 ipsis
2257 3916 2426 3970 emori
2468 3928 2685 3985 cogunt.
2721 3916 2815 3973 Vel
2844 3918 3075 3990 denique
3109 3923 3266 3977 tertio
3296 3924 3434 3989 loco,
3462 3940 3648 3994 perse-

2081 4008 2357 4063 cutionum
2402 4024 2464 4062 ac
2492 4022 2869 4078 prcssurarum
2904 4012 3196 4067 certamina
3237 4029 3340 4068 non
3378 4017 3648 4073 sustinena

2082 4107 2179 4162 tes,
2211 4114 2345 4168 quas
2375 4109 2536 4155 :estus
2564 4103 2779 4157 nomine
2808 4103 2858 4155 in
2887 4102 3137 4170 parabola
3170 4106 3476 4175 appellavit,
3498 4124 3649 4165 coar-

2078 4193 2190 4262 guti
2223 4201 2348 4247 sunt
2376 4192 2517 4247 haud
2553 4193 2657 4247 alte
2706 4194 2759 4247 in
2801 4194 3011 4251 illorum
3054 4198 3231 4252 anima
3268 4214 3450 4254 semen
3480 4200 3643 4257 fuisse

2079 4281 2397 4347 radicatum,
2420 4282 2514 4336 sed
2556 4282 2609 4337 in
2639 4283 2922 4352 superﬁcie
2952 4286 3320 4341 tantummodo
3353 4301 3417 4341 ac
3445 4289 3644 4357 specie,

2076 4369 2225 4425 brevi
2265 4380 2502 4439 tempore
2530 4369 2845 4437 efﬂoruisse,
2884 4381 2938 4427 et
2986 4388 3121 4427 vana
3170 4374 3340 4442 plebis
3386 4375 3641 4445 opinione

407 4474 583 4534 εἶπεν,
618 4470 1039 4541 ἀπηλέγχθησαν
1071 4471 1145 4541 μὴ
1178 4470 1316 4524 κατά
1345 4470 1505 4540 βάθος
1534 4470 1632 4540 τῆς
1659 4471 1836 4523 αὐτῶν
1873 4469 1975 4539 ψυ-

2083 4462 2294 4517 babitos
2319 4477 2439 4517 esse
2461 4462 2703 4518 homines
2722 4463 2893 4534 frugi;
2921 4478 3057 4533 quos
3074 4465 3161 4518 diu
3182 4465 3406 4520 latentes
3431 4467 3644 4520 demum

404 4565 504 4635 χῆς
544 4564 633 4616 τὸν
674 4563 872 4634 σπόρον
924 4561 1303 4633 ἐρριζωμένοι,
1344 4560 1458 4613 ἀλλ’
1488 4559 1545 4626 ἐξ
1588 4561 1850 4631 ἐπιπολῆς
1884 4560 1978 4613 καὶ

408 4655 565 4726 μέχρι
581 4652 673 4706 τοῦ
696 4654 870 4707 δοκεῖν
897 4652 971 4716 ὡς
992 4652 1125 4723 πρός
1154 4670 1275 4706 τινα
1310 4652 1497 4723 καιρὸν
1529 4651 1729 4716 ἀνθεῖν,
1765 4653 1859 4705 καὶ
1904 4654 1974 4723 τῇ

404 4746 511 4798 τῶν
551 4744 760 4798 πολλῶν
808 4744 1076 4814 φαντασία
1131 4744 1452 4807 σπουδαίους
1476 4738 1611 4795 εἷναι
1638 4742 1973 4814 νομίζεσθαιο

2083 4554 2306 4617 revelat,
2345 4554 2483 4623 ignis
2506 4555 2675 4609 instar
2706 4555 3016 4622 explorans,
3043 4565 3096 4610 et
3133 4557 3353 4611 minime
3383 4557 3645 4627 genuinos

2082 4662 2381 4719 coarguens
2434 4659 2660 4715 tempus,
2712 4651 2853 4719 quod
2884 4658 3071 4705 aestum
3106 4660 3232 4720 apto
3260 4652 3521 4706 vocabulo
3547 4667 3645 4721 ap-
3704 4722 3707 4727 Α

2079 4742 2296 4810 pellavit
2319 4740 2594 4795 Servator.

403 4836 496 4901 οὓς
526 4838 618 4891 καὶ
668 4835 860 4907 μακρῷ
897 4834 1157 4898 λαθόντας
1193 4836 1366 4907 χρόνῳ
1397 4836 1623 4899 ἐπιστὰς
1676 4833 1981 4907 ἀπήλεγξεν
2014 4832 2366 4906 δπυρωτικδς
2398 4833 2622 4887 καὶτῶν
2680 4834 2742 4887 οὺ
2792 4833 3030 4902 γνησίων
3052 4833 3416 4903 διελεγκτικὸς
3432 4836 3641 4907 καιρὸς,

403 4931 462 4986 ὃν
476 4930 541 5003 δὴ
562 4930 817 4985 καύσωνα
838 4929 1139 4993 εύθυϐόλως
1165 4932 1193 4983 ό
1225 4931 1413 5001 Σωτὴρ
1434 4932 1705 5002 ὠνόμασε.

1072 5046 1311 5100 ΙΘἺΗ).

1072 5047 1152 5100 18’
1203 5047 1260 5099 Η
1298 5086 1311 5099 .

483 5140 545 5193 '0
597 5140 655 5193 δὲ
691 5157 851 5205 αυτος
882 5138 1086 5205 εδίδαξε
1133 5049 1231 5210 ταξιν
1263 5047 1439 5193 άίτίαν
1491 5139 1558 5192 δι’
1598 5140 1664 5209 ἣν
1684 5142 1793 5203 τοῖς
1842 5138 1975 5209 πλή-

404 5231 521 5284 θεσι
576 5231 641 5284 δι’
676 5231 1009 5301 αἰνιγμάτων
1039 5232 1164 5295 τοὺς
1208 5231 1399 5299 λόγους
1440 5232 1742 5302 παρεδίδουο
1792 5232 1975 5296 αὐτοῖς

406 5322 507 5392 μὲν
540 5322 782 5392 ἐφεῖσθαι
820 5323 986 5376 εἰπὼν
1013 5323 1081 5376 τά
1114 5325 1386 5395 μυστήρια
1414 5323 1510 5393 τῆς
1540 5322 1633 5376 τοῦ
1652 5321 1785 5377 Θεοῦ
1821 5322 1972 5392 βασι-

403 5411 551 5477 λείας
568 5413 876 5483 μανθάνειν,
908 5415 982 5484 μὴ
1015 5414 1251 5469 δίδοσθαι
1270 5415 1327 5469 δὲ
1350 5415 1596 5478 ἐκείνοις,
1633 5416 1757 5478 τοὺς
1783 5414 1968 5484 ὄχλους

501 5617 589 5689 ιο)
618 5618 749 5675 Cod.
771 5620 836 5676 A.
858 5618 896 5672 ι.
918 5619 1043 5682 122,
1071 5620 1125 5673 b.
1160 5619 1571 5689 Sequentiabzec
1601 5631 1723 5689 cum
1758 5632 1962 5685 prace-

407 5684 656 5743 dentibns
677 5699 797 5756 apte
824 5690 1089 5750 connecti,
1129 5684 1265 5755 quis
1290 5704 1392 5741 non
1438 5686 1626 5739 videt?
1654 5684 1961 5755 quanquam

407 5758 462 5814 in
488 5759 683 5831 codice
708 5758 919 5820 nonnisi
949 5759 1150 5814 nudum
1182 5757 1399 5814 Eusebii
1444 5770 1640 5813 nomen
1680 5768 1889 5827 gerunt.

2792 5043 2935 5101 XIX.

2143 5139 2274 5194 Item
2304 5139 2550 5195 Christus
2580 5152 2798 5193 causam
2826 5137 3008 5192 docuit
3029 5152 3126 5191 cur
3151 5151 3216 5189 ao
3241 5135 3639 5190 multitudinem

2071 5246 2179 5286 non
2228 5232 2432 5299 absque
2486 5232 2769 5301 aenigmate
2823 5229 3177 5298 loqueretur:
3212 5228 3487 5296 discipulis
3529 5229 3644 5296 qui-

2074 5322 2194 5377 dem
2224 5322 2442 5377 concedi
2468 5318 2674 5385 dicens,
2700 5330 2756 5375 ut
2781 5322 3031 5393 mysteria
3058 5320 3202 5386 regni
3230 5320 3317 5372 Dei
3343 5321 3638 5383 discerent,

2077 5430 2181 5470 non
2220 5425 2397 5469 tamen
2433 5413 2623 5470 turbis.
2680 5412 2768 5468 Ait
2792 5414 2937 5468 enim
2973 5431 2985 5465 :
3018 5408 3115 5464 Est
3146 5420 3319 5464 autem
3350 5412 3459 5464 haec
3487 5424 3643 5478 para-

2138 5619 2252 5687 (ll)
2291 5618 2425 5693 Cod.
2477 5617 2536 5674 L.
2593 5618 2756 5693 f._l6,
2800 5615 2854 5671 h.
2886 5614 3265 5693 _Q0ttferan_tur
3324 5609 3646 5693 sentienti“

2071 5701 2123 5744 ut
2147 5680 2271 5760 ‘jat'n
2299 5691 2431 5755 dixi,
2476 5706 2597 5746 cum
2635 5684 2855 5758 Syriaca
2885 5683 3238 5752 Theoyhania,
3273 5695 3349 5748 Iv,
3372 5680 3463 5736 33.
