4116 6426
470 362 574 423 679

1169 347 1438 406 EUSEBH
1475 339 1951 403 CESABIENSIS
1987 339 2134 396 OPP.
2179 336 2359 394 PARS
2395 335 2486 392 Ν.
2526 361 2594 377 --
2631 333 3050 392 DOGMATICA.

3620 328 3727 384 680

471 481 594 536 bo‘la
623 495 643 534 :
667 475 857 534 Semen
877 481 952 528 est
966 469 1175 526 verbum
1201 467 1321 533 Dei,
1347 465 1515 521 etc.“
1535 490 1610 504 --
1631 463 1886 518 Diversos
1911 459 2030 514 ani-
2059 493 2069 521 λ

2168 479 2375 550 ηλώσας
2385 497 2399 511 ο
2412 476 2517 547 ἔφη
2532 475 2660 548 γάρ·
2670 476 2835 529 Ἔστι
2851 473 2920 528 δὲ
2931 476 3081 543 αὕτη
3102 473 3141 542 ἡ
3159 469 3490 543 παραϐολή·
3507 468 3726 540 Ὀζσπό-

473 584 684 627 marum
707 567 922 622 habitus
950 563 1002 616 in
1026 561 1090 615 iis
1120 559 1212 628 qui
1235 557 1535 613 doctrinam
1561 553 1676 622 ejus
1705 551 2040 620 subsequen-

474 674 528 718 te
555 671 793 729 tempore
814 651 1118 724 suscepturi
1144 657 1326 715 erant,
1355 656 1502 702 recte
1522 645 1812 700 admodum
1842 640 2044 697 revelat.

472 751 754 810 Dominus.
783 746 919 800 Tres
950 741 1206 798 videlicet
1247 738 1471 795 ordines
1500 735 1778 791 hominum
1808 733 1924 788 fore
1955 732 2041 788 di-

475 842 571 906 cit,
597 837 687 907 qui
721 835 978 890 doctrinae
1003 844 1114 886 suae
1141 843 1322 884 semen
1349 827 1490 881 haud
1516 828 1650 880 bene
1667 822 2044 890 sinu-cceptu-

473 933 542 988 ri.
567 929 701 985 Tres
719 927 960 983 vicissim
984 922 1318 993 egregiorum
1342 918 1622 974 hominum
1650 916 1866 980 choros,
1893 915 2047 970 bonae

475 1033 635 1078 terra
680 1020 852 1074 instar
890 1014 1150 1070 doctrina:
1184 1011 1416 1066 fructum
1447 1009 1664 1064 uberem
1706 1022 1771 1062 ac
1796 1004 2048 1074 multipli-

475 1124 654 1170 catum
683 1111 945 1166 edituros.
969 1107 1111 1176 Ergo
1139 1104 1256 1160 illos
1275 1103 1368 1173 qui
1389 1100 1532 1171 iacta
1564 1101 1614 1155 in
1640 1100 1872 1154 animam
1893 1112 2047 1153 suam

477 1205 681 1262 semina
711 1199 1088 1271 pessumdant,
1136 1209 1331 1252 causas
1359 1195 1560 1248 habere
1593 1192 1722 1247 dicit
1748 1201 1878 1247 tres.
1915 1188 2047 1244 Nam

475 1296 560 1352 vel
609 1292 790 1349 mundi
819 1291 982 1356 curis,
1034 1302 1099 1343 ac
1146 1301 1330 1341 rerum
1374 1284 1595 1339 minime
1621 1283 2049 1338 necessariarum

479 1387 678 1453 studio,
727 1392 781 1440 et
817 1383 1008 1453 Opibus
1033 1377 1350 1448 deliciisque
1376 1375 1642 1447 impliciti,
1683 1388 1868 1430 semen
1895 1387 2052 1429 suum

479 1482 794 1541 obruentes,
839 1472 1008 1546 spinis
1057 1469 1453 1542 quodammodo
1485 1467 1750 1524 suffocare
1778 1467 2052 1522 videntur.

2131 587 2242 639 ρος
2265 568 2436 622 ἐστὶν
2457 571 2489 622 ό
2515 569 2696 636 ,λόγος
2728 566 2836 620 τοῦ
2868 565 3038 631 Θεοῦ,
3069 584 3125 619 κ.
3157 583 3208 618 τ.
3229 563 3477 636 λ.-(12)
3502 561 3613 624 Τὰς
3667 561 3727 614 ἐν

2138 663 2335 733 ψυχαῖς
2358 659 2632 732 ’διαφορὰς
2670 657 2779 712 τῶν
2807 657 2906 729 τὴν
2937 657 3288 712 διδασκαλίαν
3321 654 3484 711 αὐτοῦ
3509 652 3729 726 μελλόν-

2139 769 2246 805 των
2272 749 2624 819 ὑποδέχεσθαι
2661 749 2719 802 ἐν
2743 750 2854 811 τοῖς
2890 747 3030 819 μετά
3060 746 3234 803 ταῦτα
3259 748 3469 820 χρόνοις
3506 742 3565 800 εὖ
3587 744 3732 816 μάλα

2142 841 2405 911 ἐκγυμνοῖ
2419 841 2447 892 ό
2467 839 2690 910 Κύριος·
2715 839 2810 893 καὶ
2831 839 2960 910 τρία
2991 840 3088 910 μὲν
3101 839 3362 912 τάγματα
3389 840 3496 894 τῶν
3523 839 3582 891 οὐ
3602 845 3732 908 γνη-

2145 934 2274 997 σίως
2313 932 2404 986 τὸν
2442 933 2643 1003 σπόρον
2675 933 2774 1004 τῆς
2801 931 2966 986 αὐτοῦ
2999 933 3345 997 διδασκαλίας
3362 930 3734 1004 παραδεχομέ-

2144 1047 2251 1084 νων
2297 1025 2515 1079 ἔσεσθαι
2573 1023 2957 1096 προαγορεύει·
3017 1027 3165 1095 τρεῖς
3203 1023 3463 1086 ὡσαύτως
3513 1019 3733 1090 ἀγαθῶν

2144 1119 2338 1190 χοροὺς
2370 1115 2479 1170 τῶν
2525 1115 2685 1186 δίκην
2715 1115 2928 1184 εὐγείου
2952 1113 3134 1187 χώρας
3155 1115 3600 1188 πολυφορούντων
3639 1113 3735 1166 καὶ

2147 1205 2696 1271 πολυπλασιαζόντων
2736 1207 2828 1260 τὸν
2852 1207 3030 1276 λόγον.
3064 1208 3184 1261 Τῶν
3221 1208 3319 1279 μὲν
3335 1204 3426 1261 οὑν
3459 1205 3736 1260 ἀπολλύν-

2149 1318 2256 1356 των
2301 1303 2370 1357 τὰ
2415 1301 2866 1372 καταϐαλλόμενα
2905 1304 2972 1373 τῇ
3024 1301 3205 1356 αὐτῶν
3249 1302 3394 1372 ψυχῇ
3447 1300 3736 1370 σπέρματα

2151 1394 2328 1458 αἰτίας
2378 1391 2516 1448 εἷναί
2570 1411 2700 1464 φησι
2742 1395 2914 1465 τρεῖς·
2944 1393 2977 1464 ἢ
3013 1394 3123 1466 γὰρ
3169 1393 3276 1446 ὑπὸ
3305 1393 3601 1464 φροντίδων
3645 1389 3735 1444 τοῦ

2154 1483 2405 1554 βίου,καὶ
2440 1487 2538 1554 τῆς
2569 1483 2720 1556 παρά
2744 1483 2814 1538 τὰ
2847 1484 2923 1556 μὴ
2942 1485 3213 1553 ἀναγκαῖα
3247 1484 3506 1556 σπουδῆς,
3551 1484 3658 1537 ὑπό
3676 1501 3738 1537 τε

485 1571 578 1625 Vel
609 1569 830 1624 minime
867 1566 919 1620 in
956 1563 1153 1619 mentis
1179 1576 1291 1618 suae
1317 1559 1687 1631 penetralibus
1728 1567 1945 1628 recepto
1970 1571 2056 1612 se-

2168 1575 2387 1628 πλούτου
2425 1577 2522 1630 καὶ
2554 1576 2787 1646 τρυφῆς,
2851 1575 3296 1646 καταχωννύντες
3329 1575 3420 1629 τὸν
3460 1575 3520 1629 ἐν
3556 1573 3740 1636 αὐτοῖς

479 1662 648 1725 tuine,
691 1657 941 1712 celeriter
969 1654 1340 1723 exstinguunt,
1385 1649 1646 1720 angustiis
1675 1648 1931 1717 correpti.
1958 1646 2058 1702 Vel

2168 1666 2358 1738 ςπόρον
2388 1666 2595 1720 ἐοίκασι
2615 1669 2729 1730 τοῖς
2751 1665 2856 1724 ὑπὸ
2882 1667 3132 1720 ἀκανθῶν
3163 1667 3542 1736 ἀποπνίγουσι·
3573 1666 3606 1736 ἢ
3641 1665 3743 1717 οὐκ

486 1751 645 1805 tertio
688 1749 922 1817 denique
971 1759 1138 1801 causa
1183 1741 1464 1798 amittendi
1515 1741 1624 1796 dati
1672 1740 1895 1796 seminis
1953 1737 2055 1794 sibi

2168 1737 2277 1812 ἀπὺί
2305 1758 2503 1829 βάθους
2543 1758 2784 1823 διανοίας
2840 1757 3004 1814 αὐτὸν
3049 1756 3503 1829 παραδεξάμενοι,
3551 1757 3743 1810 θᾶττον

485 1845 640 1908 ﬁunt,
677 1843 802 1898 dum
829 1840 1036 1910 patulas
1061 1853 1221 1893 aures
1255 1837 1508 1907 praebent
1547 1835 1859 1891 hominibus
1907 1832 2056 1889 deci-

2168 1849 2580 1905 Εποσϐέννυνται
2626 1850 3004 1921 περιστάσεως
3047 1848 3476 1920 καταλαϐούσης·
3522 1849 3557 1920 ἢ
3602 1849 3746 1902 κατά

483 1934 665 2005 pieudi
690 1933 964 1999 studiosis,
989 1942 1045 1988 et
1063 1932 1211 2002 jacta
1251 1929 1304 1985 in
1333 1929 1547 1984 illorum
1579 1928 1816 1982 animam
1846 1928 2056 1982 semina

483 2026 795 2096 diripiendi.
826 2024 951 2080 Haec
987 2024 1151 2095 igitur
1178 2021 1474 2079 secundum
1502 2035 1655 2076 suam
1689 2018 2056 2090 provisionem

485 2115 831 2187 a‘Servatore
859 2113 1116 2182 pradicta
1145 2111 1384 2166 luerunt.
1414 2109 1504 2164 Sic
1525 2118 1704 2164 autem
1736 2123 1849 2163 rem
1877 2122 1936 2163 se
1958 2106 2058 2161 ha-

486 2210 616 2262 bere
639 2204 1130 2274 exploratissimum
1163 2210 1268 2258 est.
1289 2201 1444 2257 Haud
1462 2199 1620 2255 aliter
1644 2199 1786 2254 enim
1816 2197 2059 2254 nonnulli

483 2297 744 2351 excidunt
774 2294 1048 2364 religionis
1073 2293 1341 2356 doctrina,
1381 2290 1485 2346 nisi
1510 2290 1696 2361 aliquo
1729 2303 1761 2344 e
1786 2289 2060 2359 przedictis

487 2387 556 2441 ab
574 2401 643 2442 eo
665 2385 854 2441 modis.
891 2384 1150 2440 Similiter
1181 2381 1420 2438 melioris
1443 2397 1659 2452 quoque
1683 2380 1910 2447 ordinis,
1943 2378 2065 2434 illo-

488 2492 608 2530 rum
636 2475 848 2532 scilicet
876 2475 969 2545 qui
993 2473 1219 2531 cmleste
1245 2487 1470 2544 regnum
1505 2481 1633 2527 sunt
1654 2471 1924 2542 adepturi,
1951 2477 2062 2525 tres

489 2569 692 2623 classes
717 2566 999 2622 Mattheus
1028 2563 1256 2622 sistit".
1285 2563 1477 2619 Cuncti
1501 2565 1645 2618 enim
1670 2562 1738 2617 ab
1755 2578 1860 2617 uno
1888 2571 2064 2616 satore

489 2670 546 2714 et
567 2658 798 2729 agricola
828 2658 883 2713 in
911 2656 1194 2712 animabus
1221 2655 1354 2719 suis,
1378 2668 1480 2710 ceu
1507 2653 1774 2709 fertilibus
1801 2653 2066 2721 bonisque

491 2750 672 2818 agris,
700 2762 864 2802 unum
893 2746 1144 2817 idemque
1175 2757 1450 2816 receptum
1482 2758 1690 2809 semen,
1727 2757 1826 2814 pro
1863 2742 2067 2798 viribus

491 2839 780 2905 excolunt;
835 2853 1011 2909 neque
1048 2849 1226 2894 tamen
1274 2839 1392 2908 pari
1428 2851 1657 2891 numero
1686 2835 2064 2905 multiplicant,

491 2945 682 2986 verum
711 2929 999 3001 plurimam
1051 2927 1250 2997 singuli
1295 2928 1350 2982 in
1384 2927 1540 2982 bonis
1565 2927 1679 2982 suis
1709 2925 2067 2980 dill'ereutiam

492 3038 604 3094 pra:
643 3036 704 3078 se
729 3021 927 3078 lerunt.
977 3015 1092 3075 Etsi
1119 3019 1263 3074 enim
1295 3033 1461 3073 unum
1491 3017 1593 3073 fuit
1617 3017 1673 3072 in
1703 3017 1784 3072 his
1819 3018 2071 3072 omnibus

495 3129 705 3182 semen,
737 3129 879 3170 unus
900 3113 1027 3168 item
1058 3113 1308 3182 idemque
1331 3121 1502 3179 sator,
1539 3128 1646 3167 non
1677 3121 1858 3167 tamen
1885 3112 2070 3181 singu-

2156 1941 2348 2014 τρίτην
2393 1942 2574 1996 αἰτίαν
2623 1941 2788 1996 αἴτιοι
2839 1941 3114 2007 ἀπωλείας
3159 1941 3510 1996 καθίστανται
3552 1940 3648 1994 τοῦ
3688 1944 3746 1995 ἐν

2159 2034 2342 2096 αὐτοῖς
2378 2035 2605 2105 σπόρου,
2640 2033 2740 2098 τὰς
2776 2034 2957 2088 αὐτῶν
3005 2034 3176 2097 ἀκοὰς
3216 2034 3516 2097 ἐκδιδόντες
3539 2035 3744 2097 ἀνέτως

2157 2125 2270 2188 τοῖς
2298 2123 2572 2196 ἐξαπατᾷν
2604 2125 2849 2179 ἐθέλουσι
2884 2126 2979 2180 καὶ
3000 2126 3346 2196 ὑφαρπάζειν
3370 2126 3440 2179 τά
3464 2128 3521 2180 ἐν
3551 2129 3616 2197 τῇ
3647 2125 3741 2179 αὐ-

2158 2212 2266 2268 τῶν
2298 2215 2441 2287 ψυχῇ
2495 2216 2910 2287 καταϐληθέντα
2948 2218 3258 2289 σπέρματα.
3302 2217 3488 2274 Ταῦτα
3529 2217 3624 2289 μὲν
3650 2212 3740 2270 οὖν

2161 2304 2304 2358 κατὰ
2336 2307 2645 2376 πρόγνωσιν
2672 2307 2750 2378 τῷ
2784 2310 2995 2380 Σωτῆρι
3032 2309 3382 2381 προλέλεκτο·
3421 2313 3534 2373 τοῖς
3565 2310 3621 2362 δὲ
3655 2307 3743 2380 ἐρ-

2159 2412 2280 2464 γοις
2307 2397 2479 2461 οὑτως
2499 2398 2692 2471 ἔχοντα
2723 2402 2756 2470 ὴ
2796 2401 3052 2472 ἐνάργεια
3075 2402 3429 2473 παρίστησιν·
3461 2400 3559 2453 οὑκ
3576 2400 3749 2462 ἄλλως

2163 2489 2269 2561 γὰρ
2304 2490 2630 2545 ἐκπίπτουσί
2651 2509 2797 2557 τινες
2817 2494 2909 2547 τοῦ
2933 2495 3031 2564 τῆς
3065 2494 3374 2558 θεοσεϐείας
3404 2493 3563 2562 λόγου
3579 2495 3612 2562 ἢ
3631 2491 3751 2545 καθ’

2162 2583 2261 2636 ἕνα
2285 2583 2393 2636 τῶν
2427 2584 2518 2637 ὑπ’
2547 2585 2712 2639 αὐτοῦ
2747 2586 3171 2660 προρρηθέντων
3201 2587 3434 2658 τρόπων.
3483 2583 3750 2644 Ὡσαύτως

2164 2671 2224 2726 δὲ
2257 2674 2350 2726 καὶ
2386 2673 2480 2726 τοῦ
2513 2673 2822 2746 κρείττονος
2842 2677 3120 2746 τάγματος
3147 2675 3257 2729 τῶν
3279 2672 3614 2743 τευξομένων
3649 2670 3746 2738 τῆς

2165 2765 2414 2836 οὐρανίου
2456 2765 2734 2835 βασιλείας
2765 2770 2916 2838 τρεῖς
2948 2763 3087 2822 εἶναι
3116 2764 3299 2831 τάξεις
3339 2764 3578 2834 παρίστη
3607 2760 3745 2814 κατά

2166 2856 2466 2921 Ματθαῖον,
2497 2857 2714 2911 πάντων
2735 2859 2832 2928 μὲν
2859 2859 2950 2929 ὑφ’
2975 2857 3095 2922 ἐνὸς
3115 2855 3358 2929 σπορέως
3372 2873 3431 2908 τε
3455 2855 3549 2908 καὶ
3576 2869 3743 2923 γεωρ-

2167 2947 2266 3016 γοῦ
2313 2951 2433 3011 ταῖς
2470 2948 2651 3001 αὐτῶν
2681 2949 2899 3020 ψυχαῖς,
2934 2945 3022 3003 οἷα
3053 2948 3116 3019 δὴ
3146 2947 3349 3021 χώραις
3391 2946 3622 3015 εὐγείοις
3660 2944 3748 2997 καλ

2169 3034 2418 3102 ἀγαθαῖς,
2450 3036 2548 3089 ἕνα
2588 3038 2683 3089 καὶ
2720 3037 2810 3090 τὸν
2869 3036 3029 3092 αὐτὸν
3059 3037 3498 3108 ὑποδεδεγμένων
3531 3035 3752 3105 σπόρον,

2169 3140 2282 3191 γεω
2288 3141 2388 3195 ργη
2396 3125 2604 3178 σάντων
2616 3125 2672 3178 δὲ
2685 3127 2845 3179 αὐτὸν
2869 3126 3010 3181 κατά
3018 3125 3269 3198 δύναμιν,
3287 3123 3736 3182 πολυπλασιασάν

497 3210 669 3262 lorum
694 3205 956 3260 sedulitas
984 3219 1050 3260 ac
1083 3203 1331 3260 voluntas
1360 3217 1545 3272 parem
1580 3203 1634 3257 ln
1663 3202 1912 3258 omnibus
1951 3202 2065 3258 fru-

2169 3183 2496 3285 τωντέοὺχ
2520 3215 2743 3286 ὁμοίως,
2773 3214 2908 3269 ἀλλά
2957 3183 3218 3287 πλείστην
3249 3183 3494 3270 ἐκάστων
3524 3212 3750 3275 ἐνδειξα-

497 3307 642 3354 ctum
675 3295 899 3366 protulit
931 3310 946 3348 :
978 3295 1329 3365 quamobrem
1363 3308 1431 3347 ne
1469 3292 1813 3362 agricultura
1855 3292 2072 3361 quidem

501 3390 706 3445 reditus
734 3402 832 3457 par
862 3386 1061 3456 ubique
1089 3383 1192 3438 fuit
1215 3401 1230 3438 :
1257 3382 1349 3438 sed
1377 3381 1468 3436 alii
1503 3382 1719 3452 triginta
1749 3382 2070 3446 retulerunt,

499 3480 592 3534 alii
627 3477 962 3547 trigesimum
989 3485 1272 3528 numerum
1313 3470 1680 3541 duplicarunt,
1719 3470 1810 3524 alii
1840 3469 2074 3540 denique

500 3571 687 3625 labore
707 3567 1098 3638 prtecellentes,
1125 3563 1483 3633 centuplicem
1526 3561 1759 3615 fructum
1787 3561 2070 3618 dederunt.

499 3661 656 3718 Prior
677 3674 806 3731 ergo
825 3659 916 3714 ille
940 3657 1076 3713 ordo
1097 3657 1242 3712 haud
1264 3655 1422 3710 aliter
1445 3655 1626 3710 divina
1657 3647 2075 3710 fructiﬁcatione

501 3753 766 3824 privatur,
806 3749 909 3804 nisi
939 3747 1118 3817 aliquo
1157 3760 1188 3802 e
1226 3746 1498 3817 praedictis
1529 3744 1720 3801 modis.
1753 3743 1856 3812 Qui
1894 3755 2075 3800 autem

503 3846 558 3900 in
609 3841 879 3898 contrario
920 3839 1114 3895 ordine
1145 3847 1288 3903 sunt,
1331 3852 1462 3908 pura
1521 3837 1701 3892 anima
1747 3845 1802 3892 et
1842 3836 2077 3906 genuino

504 3935 702 3990 mentis
727 3931 1023 4003 proposito,
1064 3929 1289 3986 salutari
1328 3936 1544 3998 recepto
1581 3927 1807 3993 semine,
1838 3928 2075 3983 vicissim

503 4011 601 4096 pro
629 4039 740 4080 suae
779 4023 973 4078 animae
1004 4019 1211 4077 viribus
1243 4018 1709 4077 fructiﬁcationem
1751 4037 1904 4076 suam
1935 4020 2076 4076 mul-

506 4119 770 4189 tiplicant.

2175 3303 2350 3374 μένων
2378 3305 2436 3358 ἐν
2484 3305 2710 3374 ἀγαθοῖς
2761 3305 3042 3377 διαφοράν·
3071 3308 3120 3360 εί
3147 3305 3212 3377 δὴ
3239 3299 3320 3368 εἷς
3357 3305 3456 3376 μὲν
3500 3299 3570 3375 ἦν
3597 3305 3755 3356 πᾶσιν

2171 3395 2354 3457 αὐτοῖς
2386 3397 2414 3448 ό
2459 3395 2681 3467 σπόρος,
2714 3391 2790 3460 εἷς
2821 3397 2878 3449 δὲ
2909 3399 3004 3450 καὶ
3031 3399 3060 3450 ὁ
3081 3396 3240 3459 αὐτὸς
3269 3395 3522 3467 σπορεὺς,
3555 3394 3616 3446 οὐ
3655 3393 3756 3464 μὴν

2172 3485 2239 3538 τὰ
2267 3487 2326 3552 ἐξ
2352 3487 2669 3556 ἐπιμελείας
2701 3489 2803 3559 τῆς
2835 3489 3067 3543 ἑκάστου
3097 3486 3487 3561 προαιρέσεως,
3517 3485 3610 3538 ἴσα
3648 3486 3758 3547 τοῖς

2178 3577 2341 3628 πᾶσιν
2373 3576 2674 3648 ἐπορίζετο·
2735 3577 2816 3630 διὸ
2856 3577 2978 3632 οὐδὲ
3025 3577 3054 3629 ὁ
3101 3576 3203 3645 τῆς
3237 3574 3512 3645 γεωργίας
3553 3571 3757 3640 καρπὸς

2177 3666 2361 3736 ὅμοιος
2395 3667 2546 3739 παρά
2574 3670 2684 3732 τοῖς
2713 3669 2878 3722 πᾶσιν
2892 3663 2980 3738 ἦν·
3005 3665 3184 3722 ἀλλ’οί
3213 3665 3311 3735 μέν
3340 3663 3759 3738 τριακοντάχουν

2177 3754 2610 3830 ἐκαρποφόρουν,
2645 3760 2692 3812 οἱ
2731 3759 2788 3812 δὲ
2821 3757 2974 3830 παρά
3004 3757 3227 3820 τούτους
3266 3753 3674 3816 ἐδιπλασίαζον,
3712 3754 3756 3802 oi

2179 3846 2237 3898 δὲ
2266 3849 2694 3919 ὑπερϐάλλοντες
2720 3852 2785 3922 τῇ
2807 3849 3091 3919 φιλοπονίᾳ
3116 3846 3507 3916 ὲκατοντάχουν
3527 3846 3618 3898 τὸν
3639 3860 3756 3914 καρ-

2183 3938 2284 3991 πὸν
2303 3940 2643 3994 ἀπεδίδοσαν.
2685 3943 2912 3995 Ἐκεῖνοι
2943 3942 3040 4012 μὲν
3068 3935 3160 3994 οὖν
3186 3939 3286 3992 οὐκ
3308 3937 3481 4000 ἄλλως
3500 3935 3600 4006 τῆς
3626 3933 3762 3987 κατὰ

2180 4030 2310 4084 Θεὸν
2347 4033 2624 4104 στέρονται
2644 4033 3023 4106 καρποφορίας
3054 4031 3087 4102 ἢ
3117 4030 3236 4084 καθ’
3259 4031 3355 4083 ἕνα
3382 4028 3490 4081 τῶν
3509 4026 3760 4096 λελεγμέ-

2179 4137 2287 4174 νων
2313 4124 2550 4194 τρόπων·
2581 4126 2703 4180 οἱδὲ
2739 4126 2996 4189 ἐναντίως
3021 4124 3250 4185 ἐκείνοις
3275 4123 3628 4192 διακείμενοι,
3664 4138 3760 4172 κα-

507 4212 650 4282 θαρᾷ
683 4210 828 4282 ψυχῇ
851 4225 944 4263 και
981 4206 1295 4280 προαιρέσει
1335 4205 1533 4279 γνησίᾳ
1568 4205 1660 4260 τὸν
1699 4207 1962 4276 σωτήριον
2015 4207 2400 4285 ὑποδεξάμενοι
2457 4219 2679 4290 σπόρον,
2724 4219 2885 4272 πάλιν
2963 4215 3103 4271 κατὰ
3175 4215 3402 4286 δύναμιν
3439 4215 3539 4285 τῆς
3589 4212 3760 4265 αὐτῶν

504 4307 682 4378 ψυχῆς
711 4301 1211 4368 πολυπλασιάζουσι
1234 4303 1360 4366 τοὺς
1385 4301 1593 4356 ἑαυτῶν
1612 4300 1875 4372 καρπούς.

578 4401 802 4457 Etiamsi
849 4400 1223 4464 saecularibus,
1262 4398 1466 4471 inquit,
1543 4397 1758 4453 nonnisi
1793 4412 1889 4467 per
1922 4412 2069 4468 para~

2256 4399 2367 4471 (15)
2392 4401 2457 4454 Εἰ
2481 4400 2575 4454 κα⁶ι
2594 4400 2664 4453 τὰ
2683 4399 2937 4470 μάλιστα,
2969 4398 3124 4468 φησὶ,
3155 4399 3267 4460 τοῖς
3292 4397 3397 4461 ἔξω
3417 4397 3504 4449 διὰ
3524 4392 3763 4464 παραϐο-

508 4490 687 4548 bolam
721 4489 862 4544 facta
888 4490 1050 4544 verba
1083 4496 1230 4552 sunt,
1262 4496 1321 4540 ut
1347 4487 1588 4541 videntes
1619 4501 1723 4540 non
1752 4485 1966 4540 videant
1985 4527 2001 4551 ,
2026 4496 2083 4542 et

513 4582 794 4638 audientes
821 4596 929 4637 non
960 4578 1266 4649 intelligant
1303 4586 1522 4648 propter
1548 4593 1704 4633 suam
1733 4578 2081 4637 incredulita-

511 4685 618 4729 tem
642 4691 657 4740 ;
685 4673 1038 4728 nihilominus
1061 4674 1255 4741 cuique
1273 4671 1440 4742 digno
1466 4680 1608 4728 totus
1629 4687 1809 4728 sermo
1835 4673 1939 4728 erit
1958 4687 2081 4742 per-

514 4765 752 4835 spicuus.
782 4761 916 4818 Nam
947 4777 1045 4817 nec
1081 4763 1297 4817 lucerna
1344 4771 1406 4816 ut
1443 4776 1510 4818 ne
1540 4762 1716 4818 luceat
1751 4763 2078 4829 incenditur,

514 4872 688 4927 neque
746 4865 804 4911 ut
841 4855 942 4911 sub
977 4855 1152 4910 modio
1181 4853 1264 4908 vel
1300 4854 1441 4909 lecto
1465 4854 1734 4910 condatur
1755 4856 1799 4886 ⁵9
1820 4874 1832 4908 :
1856 4856 1927 4909 ita
1949 4853 2084 4909 nihil

514 4944 649 5000 adeo
671 4943 775 4998 erit
807 4943 1198 5005 absconditum,
1229 4950 1286 4997 ut
1316 4942 1443 4996 nulli
1489 4943 1710 4998 omnino
1756 4943 2078 4998 innotescat.

515 5037 606 5090 Sic
631 5035 796 5091 etiam
829 5034 1087 5090 caelorum
1130 5036 1280 5104 regni
1329 5034 1584 5106 mysteria
1628 5049 1724 5104 per
1770 5034 2078 5105 parabolam

515 5127 676 5192 dicta,
732 5127 832 5181 etsi
886 5125 1008 5181 ﬁdei
1051 5136 1340 5181 extraneos
1402 5126 1594 5192 latent,
1633 5141 1862 5196 quorum
1918 5128 2082 5182 etiam

513 5232 675 5272 causa
735 5216 970 5272 involute
1030 5225 1156 5272 sunt
1188 5215 1418 5285 prolata,
1458 5231 1565 5272 non
1615 5226 1794 5272 tamen
1844 5219 2084 5286 impene—

517 5307 762 5361 trabilem
804 5306 1055 5361 oumibus
1091 5320 1310 5359 sensum
1346 5305 1640 5360 habebunt.
1687 5306 1764 5361 Ita
1803 5322 1932 5377 ergo
1963 5316 2090 5363 sunt

516 5396 678 5460 dicta,
711 5404 818 5449 uta
841 5397 1018 5466 dignis
1039 5395 1410 5450 tantummodo
1437 5405 1856 5465 cognoscantur.
1888 5397 2088 5465 Quam-

515 5487 700 5541 obrem
727 5501 841 5553 vos,
869 5485 1113 5556 discipuli
1151 5485 1276 5550 mei,
1305 5495 1358 5538 et
1388 5487 1610 5541 cernitis
1634 5497 1689 5541 et
1715 5488 1914 5544 auditis
1941 5505 2092 5543 men-

516 5573 587 5626 tis
611 5573 783 5628 oculis
809 5584 974 5643 atque
1003 5575 1226 5628 auribus
1258 5573 1557 5643 puriﬁcalis
1598 5590 1659 5629 ea
1693 5593 1814 5645 qua:
1846 5579 2093 5633 multitu-

2185 4489 2284 4560 λῆς
2319 4489 2532 4560 εἴρηται
2554 4491 2623 4543 τὰ
2656 4490 2947 4560 λεγόμενα,
2966 4490 3055 4542 ἴνα
3088 4487 3376 4558 βλέποντες
3403 4487 3478 4558 μὴ
3508 4486 3768 4557 βλέπωσι,

2189 4580 2285 4649 καὶ
2317 4579 2606 4644 ἀκούοντες
2644 4581 2717 4650 μὴ
2771 4578 2994 4631 συνιῶσι
3036 4577 3124 4632 διά
3147 4577 3246 4647 τὴν
3282 4577 3542 4630 ἀπιστίαν
3569 4577 3772 4641 αὐτῶν,

2187 4669 2323 4722 ἀλλά
2351 4672 2466 4733 τοῖς
2497 4687 2561 4738 γε
2589 4670 2758 4734 ἀξίοις
2791 4670 2968 4740 σαφὴς
2990 4667 3140 4722 ἐσται
3165 4671 3271 4732 πᾶς
3295 4667 3470 4736 λόγος.
3499 4667 3636 4721 Οὑτε
3665 4668 3776 4737 γὰρ

2187 4759 2377 4829 λύχνος
2415 4759 2506 4811 ἐπὶ
2537 4758 2616 4828 τῷ
2661 4761 2734 4830 μὴ
2777 4759 2989 4827 φαίνειν
3038 4757 3356 4823 ἐξάπτεται,
3402 4757 3510 4810 οὐδ’
3565 4757 3659 4810 ἐπὶ
3696 4757 3779 4827 τῷ

2190 4849 2558 4904 καλύπτεσθαι
2596 4851 2701 4904 ὑπὸ
2730 4852 2908 4922 μόδιον
2955 4849 2989 4920 ἢ
3047 4850 3254 4920 κλίνην·
3303 4849 3485 4902 οὐκέτι
3533 4849 3780 4920 κρυπτὸν

2191 4943 2343 4998 ἔσται
2367 4944 2541 5014 πάντη
2558 4943 2843 5006 λανθάνον,
2878 4943 2954 5006 ὡς
2988 4942 3062 5012 μή
3095 4958 3206 4994 τισι
3240 4940 3370 5009 γοῦν
3389 4938 3781 5010 γνωρίζεσθαι·

2188 5032 2358 5096 οὑτως
2409 5035 2502 5086 καὶ
2551 5033 2621 5087 τά
2655 5034 2753 5104 τῆς
2785 5033 3062 5104 βασιλείας
3091 5031 3199 5085 τῶν
3231 5031 3472 5103 οὐρανῶν
3502 5031 3782 5102 μυστήρια

2189 5126 2277 5180 διὰ
2303 5127 2617 5198 παραϐολῆς
2640 5127 2930 5198 λεγόμενα,
2958 5126 3006 5178 εί
3035 5125 3130 5177 καὶ
3153 5125 3278 5186 τοὺς
3293 5123 3400 5190 ἔξω
3414 5125 3512 5195 τῆς
3541 5124 3782 5187 πίστεως

2190 5218 2468 5285 λανθάνει,
2493 5219 2558 5272 δι’
2592 5219 2687 5281 οὓς
2711 5220 2806 5272 καί
2830 5215 3358 5286 ἐπικεκαλυμμένως
3390 5215 3627 5286 εἴρηται,
3665 5216 3783 5268 ἀλλ’

2183 5309 2245 5363 οὐ
2282 5313 2394 5373 τοῖς
2428 5312 2592 5364 πᾶσιν
2618 5311 2933 5380 ἀπόρρητον
2959 5305 3199 5378 περιέξει
3227 5307 3318 5360 τὸν
3356 5306 3500 5362 νοῦν·
3529 5306 3783 5362 λέλεκται

2184 5401 2318 5469 γοῦν
2346 5401 2421 5466 ὡς
2469 5403 2536 5456 ἂν
2586 5403 2770 5473 μόνοις
2821 5402 2936 5463 τοῖς
2979 5398 3153 5466 ἀξίοις
3197 5397 3533 5472 γνωρίζοιτο.
3578 5399 3784 5473 Διόπερ

2187 5494 2371 5564 ὑμεῖς,
2392 5497 2440 5548 oi
2462 5496 2586 5566 ἐμοὶ
2609 5494 2870 5565 μαθηταὶ,
2901 5494 2995 5547 κα)⁵
3019 5492 3243 5563 βλέπετε
3267 5494 3363 5547 καὶ
3399 5493 3624 5548 ἀκούετε
3663 5493 3783 5547 δια-

2188 5585 2333 5649 νοίας
2363 5585 2659 5658 ὀφθαλμοῖς
2695 5587 2791 5638 καὶ
2833 5586 2938 5638 ὠσὶ
2970 5585 3404 5657 κεκαθαρμένοις
3437 5587 3507 5642 τά
3541 5587 3618 5657 μὴ
3661 5589 3786 5650 τοῖς

579 5667 782 5725 “Luc.
809 5685 926 5736 vm,
951 5671 1037 5723 ll.
1113 5669 1158 5700 "
1198 5670 1388 5724 Matth.
1422 5671 1650 5735 £111.25.
1728 5673 1772 5704 '°
1811 5669 2071 5744 Luc.vm,
2096 5674 2185 5731 16.

588 5762 701 5833 (η)
732 5764 862 5822 Cod.
899 5765 964 5820 Α.
998 5763 1037 5818 r.
1070 5763 1352 5822 124.(.ἶυ(1.
1386 5765 1446 5822 L.
1487 5766 1523 5822 ι.
1559 5766 1644 5822 ιθ.
1688 5767 1743 5824 6.

2169 5769 2282 5842 (l5)
2308 5769 2442 5828 Cod.
2468 5769 2534 5826 A.
2566 5769 2604 5826 ί.
2640 5745 2764 5839 ω,
2793 5770 2848 5829 b.
2881 5770 3012 5828 Cod.
3053 5769 3118 5825 L.
3149 5770 3187 5826 r.
3219 5769 3305 5824 l8.

3795 4532 3825 4586 Ι
