4116 6392
369 406 470 460 1181
1748 397 1833 452 DE
1872 395 1976 452 ΤΗ]

2081 393 2341 451 z’HANIA.
3526 390 3632 443 682

371 523 505 577 πᾶσι
538 516 880 590 καταληπτά·
921 517 1047 590 ὑμῖν
1087 518 1194 591 γὰρ
1219 520 1330 582 τοῖς
1374 517 1554 589 ἔχουσι
1586 519 1685 591 τήν
1744 521 1821 583 εἰς
1853 520 1951 591 ἐμὲ

2081 518 2168 573 lini
2220 513 2572 586 intelligibilia
2609 528 2713 569 non
2740 521 2883 568 sunt.
2920 509 3084 567 Vobis
3130 510 3295 577 enim,
3334 511 3425 581 qui
3457 511 3510 565 in
3547 526 3633 565 me

371 615 553 669 πίστιν
592 614 685 667 καὶ
714 611 877 683 ἡτῶν
897 612 1223 683 ἀπορρήτων
1262 608 1694 680 προστεθήσεται
1724 609 1944 677 γνῶσις·

2081 608 2299 671 :reditis,
2351 620 2671 660 arcanorum
2735 619 2950 676 quoque
3004 603 3290 674 adiicietur
3334 603 3547 658 notitia.
3597 603 3635 658 li

374 709 485 768 τοῖς
510 706 567 759 δὲ
605 705 679 776 μὴ
702 704 881 757 πίστιν
901 703 1111 773 ἔχουσιν
1143 701 1427 771 εἰλικρινῆ,
1465 701 1953 772 προσποιουμένοις

2081 707 2233 751 intem
2290 697 2381 765 qui
2431 710 2620 765 puram
2676 694 2836 750 ﬁdem
2892 710 2998 750 non
3048 695 3273 759 habent,
3318 695 3413 748 sed
3468 695 3636 747 simu-

376 798 431 853 δὲ
460 798 621 867 ἔχειν,
680 796 816 867 πρὸς
845 796 905 848 τὸ
939 795 1103 866 μηδὲν
1161 794 1321 847 πλέον
1370 796 1432 846 ὲκ
1472 794 1579 846 τῶν
1628 793 1954 865 παραϐολῶν

2081 798 2189 853 ant,
2213 798 2569 857 praeterquam
2595 789 2735 858 quod
2765 789 2899 843 nihil
2930 788 2995 841 de
3015 786 3289 856 parabolis
3318 786 3638 856 intelligent,

383 887 755 958 γινώσκεσθαι,
777 888 868 939 καὶ
897 886 1152 958 στέρησις
1170 884 1322 940 ἔσται
1337 885 1430 939 τοῦ
1464 884 1749 949 δοκοῦντος
1772 886 1955 948 αὐτοῖς

378 980 660 1050 ὑπάρχειν,
700 977 1051 1047 ἐλεγχθείσης
1084 977 1264 1031 αὐτῶν
1313 979 1372 1033 ἐν
1411 977 1588 1050 καιρῷ
1639 977 1739 1048 τῆς
1790 994 1958 1048 προσ-

378 1071 600 1140 ποιήτου
636 1069 891 1130 πίστεως.

466 1160 527 1211 '0
558 1158 668 1231 γάρ
725 1159 917 1229 χρόνος
974 1157 1190 1212 πάντων
1244 1157 1479 1228 ἔλεγχος
1538 1158 1643 1212 κᾶν
1696 1155 1789 1212 οὖν
1823 1159 1959 1231 πρὸς

377 1250 558 1321 ὀλίγον
583 1253 616 1322 ή
638 1252 768 1304 ’καθ’
808 1250 960 1322 ὑμῶν
998 1250 1188 1323 ἰσχύσῃ
1226 1251 1446 1324 διαϐολὴ
1486 1253 1578 1305 καὶ
1604 1251 1958 1322 συκοφαντία,

379 1345 494 1399 ἀλλ’
549 1343 718 1397 ἐπιὼν
766 1346 794 1397 6
835 1344 1043 1414 μακρὸς
1078 1346 1288 1415 χρόνος,
1325 1346 1419 1398 καὶ
1464 1345 1843 1416 διαλάμπουσα
1893 1344 1961 1397 δι’

2081 1345 2414 1411 mevaleat;
2475 1353 2532 1398 at
2589 1344 2930 1412 subsequens
2998 1343 3265 1414 prolixum
3329 1352 3539 1411 tempus
3591 1349 3644 1396 et

381 1438 411 1490 ὑ
418 1437 534 1507 μῶν
551 1438 714 1491 πᾶσιν
731 1435 1038 1507 ἀνθρώποις
1055 1436 1494 1508 καταϐαλλομένη
1507 1436 1873 1507 διδασκαλία(1
1888 1435 1961 1506 1),

2081 1438 2342 1507 splendida
2373 1454 2468 1509 per
2502 1452 2597 1492 vos
2624 1438 2837 1491 cunctis
2888 1436 3196 1491 hominibus
3240 1436 3513 1506 impertita
3549 1436 3646 1489 do--

381 1530 449 1581 τὰ
503 1529 599 1583 νύν
660 1529 798 1593 τέως
846 1529 1178 1583 λανθάνοντα
1212 1531 1337 1592 τοὺς
1403 1529 1630 1590 πολλοὺς
1684 1527 1962 1599 ἐκλάμψαι

2081 1529 2267 1595 :trina,
2297 1544 2359 1585 ea
2387 1544 2509 1599 qum
2559 1545 2705 1584 nunc
2733 1528 2931 1584 multos
2979 1528 3171 1595 latent,
3233 1530 3545 1585 illucescere
3573 1528 3647 1583 fa.

382 1622 615 1693 ποιήσει,
648 1621 743 1674 καὶ
770 1621 897 1681 τοὺς
955 1620 1299 1690 συκοφάντας
1332 1620 1559 1690 ἐλέγξει.
1607 1620 1842 1674 Βλέπετε
1872 1614 1965 1673 οὖν

2081 1622 2194 1688 :iet,
2253 1630 2310 1676 et
2367 1621 2792 1676 calumniatores
2854 1620 3163 1690 redarguet.
3222 1621 3649 1676 Animadvertite

382 1713 501 1777 πῶς
533 1712 779 1768 ἀκούετε’
812 1715 840 1767 6
861 1712 1002 1783 ἔχων
1043 1714 1152 1785 γάρ
1179 1712 1476 1766 σπουδαίαν
1510 1713 1830 1785 προαίρεσιν
1871 1712 1966 1785 λή-

2081 1714 2236 1785 igitur
2275 1713 2550 1784 quomodo
2608 1712 2863 1769 audiatis.
2930 1710 3065 1765 Nam
3113 1713 3202 1781 qui
3252 1713 3417 1766 habet
3449 1713 3649 1768 bonum

383 1807 539 1876 ψεται
571 1804 887 1876 Πνεύματος
918 1805 1077 1878 χάριν
1109 1806 1204 1858 καὶ
1231 1805 1423 1874 σοφίας
1454 1806 1548 1858 καὶ
1568 1804 1843 1874 γνώσεως,
1872 1806 1966 1857 καὶ

2081 1806 2430 1876 propositum,
2474 1804 2702 1873 accipiet
2747 1802 2982 1874 Spiritus
3010 1802 3240 1872 gratiam
3276 1811 3330 1856 et
3365 1802 3644 1872 sapientia)

383 1871 539 1964 άξίαν
564 1898 673 1951 τῶν
702 1871 880 1951 πόνων
1045 1871 1420 1969 ἀμοιϐήν-καὶ
1451 1898 1509 1961 ὃς
1535 1871 1601 1952 ἂν
1620 1897 1695 1969 μὴ
1726 1898 1844 1970 ἔχῃ,
1875 1900 1971 1952 καὶ

2081 1914 2139 1953 ac
2189 1898 2455 1963 scientiae,
2509 1898 2841 1968 dignamque
2904 1896 3149 1951 laborum
3207 1896 3555 1951 mercedem:
3602 1896 3654 1951 ei

2056 896 2122 936 eo
2151 882 2311 935 etiam
2349 880 2724 950 spoliahuntnr
2770 882 2912 951 quod
2948 880 3202 934 videntur
3248 878 3472 945 habere,
3516 893 3639 934 cum

2058 975 2273 1030 illorum
2304 974 2428 1029 ﬁcta
2458 974 2591 1031 ﬁdes
2628 974 2826 1029 idoneo
2855 982 3099 1043 tempore
3129 983 3473 1042 coarguetur.

2132 1162 2176 1195 ⁸¹
2209 1159 2342 1215 Nam
2392 1169 2602 1230 tempus
2631 1170 2825 1216 cuneta
2882 1160 3155 1229 coarguit.
3205 1157 3431 1213 Etiamsi
3477 1157 3642 1228 igitur

2063 1254 2327 1318 tantisper
2358 1251 2666 1306 criminatio
2685 1250 2770 1306 vel
2796 1250 3069 1306 calumnia
3098 1252 3360 1305 adversus
3384 1264 3479 1305 vos
3505 1249 3643 1305 forte

383 1988 411 2041 ὃ
439 1989 587 2043 δοκεῖ
606 1990 770 2062 ἔχειν,
794 1990 1091 2063 ἀρθήσεται
1115 1992 1207 2044 ἀπ’
1227 1990 1413 2044 αὐτοῦ·
1436 1990 1504 2044 τὰ
1530 1993 1637 2063 γὰρ
1660 1994 1724 2045 ὲκ
1757 1993 1971 2061 φύσεως

383 2080 516 2150 ἡμῖν
547 2080 753 2143 ἐνόντα,
781 2081 813 2151 ἢ
849 2080 935 2134 διά
962 2080 1183 2152 χάριτος
1210 2080 1451 2146 δοθέντα,
1484 2081 1579 2135 ἐὰν
1618 2083 1692 2153 μὴ
1724 2082 1810 2135 διὰ
1842 2100 1970 2135 συν-

386 2173 542 2242 εχοῦς
573 2174 845 2244 προσοχῆς
876 2175 969 2226 καὶ
1017 2172 1256 2243 σπουδῆς
1298 2174 1586 2241 φιλοπόνου
1625 2173 1969 2245 φυλάξωμεν,

388 2265 562 2319 ταῦτα
603 2264 1089 2336 ζημιωθησόμεθα,
1121 2266 1181 2317 οὐ
1215 2265 1374 2335 μόνον
1412 2267 1577 2336 μηδὲν
1616 2266 1973 2336 προσλαμϐά-

387 2376 588 2422 νοντες,
633 2358 767 2411 ἀλλὰ
810 2358 1288 2429 προσαπολλύντες
1321 2361 1414 2413 καὶ
1454 2359 1489 2414 ὃ.
1518 2360 1661 2430 ἔχειν
1689 2360 1969 2431 ἐδόξαμεν

388 2451 481 2504 καὶ
508 2447 573 2503 αὖ
602 2450 661 2514 ὃς
677 2449 864 2519 ἕχειτὸ
890 2449 1046 2517 φύσει
1076 2450 1301 2520 εὐήκοον
1334 2451 1470 2523 πρὸς
1491 2451 1581 2504 τὸν
1606 2450 1783 2519 λόγον,
1801 2450 1976 2521 τούτῳ

390 2543 483 2595 καὶ
508 2544 536 2596 ὁ
555 2543 712 2611 λόγος
737 2540 1004 2612 ἀληθινῶς
1024 2541 1245 2604 δίδοται,
1281 2543 1373 2595 καὶ
1404 2543 1757 2615 προσγίνεται
1789 2546 1856 2614 τῇ
1884 2559 1977 2610 φυι

390 2636 515 2704 σικῇ
554 2634 762 2686 συνέσει
801 2632 862 2685 τὸ
906 2633 970 2685 ἐκ
1004 2632 1151 2695 θείας
1180 2634 1495 2705 ἀκροάσεως
1548 2634 1727 2704 σοφόν.
1778 2637 1875 2697 Ὃς
1918 2632 1975 2685 δὲ

389 2726 489 2778 ούκ
515 2724 628 2795 ἔχει
653 2725 714 2778 τὸ
757 2725 846 2779 διὰ
884 2726 983 2796 τῆς
1039 2725 1098 2792 ἐξ
1125 2726 1299 2797 ἀρχῆς
1327 2726 1688 2798 δημιουργίας
1734 2727 1976 2799 ὑπάρχον

389 2817 538 2888 αύτῷ
573 2815 711 2870 σῶον
752 2816 1171 2887 φυλαττόμενον,
1208 2816 1336 2880 ἴσως
1384 2817 1443 2869 τὸ
1476 2817 1609 2888 μηδὲ
1641 2817 1766 2869 νοῦν
1801 2817 1976 2889 ἔχοντι

391 2909 735 2973 καθίσταται,
760 2908 1130 2980 φρενοϐλαϐὴς
1156 2910 1261 2962 ὑπὸ
1286 2909 1381 2962 τοῦ
1407 2910 1647 2981 πονηροῦ
1665 2911 1974 2981 γενόμενος’

392 2999 643 3070 καθάπερ
679 3000 773 3052 καὶ
801 3001 829 3052 6
870 3001 995 3064 τοὺς
1023 3000 1335 3072 ὀφθαλμοὺς
1364 3002 1520 3072 ἔχων,
1563 3004 1611 3054 εἰ
1657 3002 1731 3074 μὴ
1767 3003 1976 3073 βλέποι,

395 3089 508 3155 ῐσος
558 3090 637 3161 τῷ
686 3091 872 3162 τυφλῷ
903 3092 1214 3164 γεγένηται’
1260 3094 1352 3147 καὶ
1409 3094 1543 3164 φαίη
1595 3112 1678 3159 τις
1709 3097 1775 3150 ἂν
1818 3099 1979 3152 αὑτὸν

2072 2005 2203 2044 vero
2228 1991 2320 2059 qui
2354 2005 2459 2044 non
2489 1990 2675 2054 habet,
2706 1987 2870 2043 etiam
2903 1991 2954 2043 id
2983 1988 3126 2058 quod
3180 1990 3392 2043 videtur
3426 1988 3652 2050 habere,

2073 2082 2373 2136 auferetur.
2408 2082 2622 2137 Etenim
2649 2097 2769 2150 quae
2803 2083 3124 2137 naturaliter
3152 2083 3308 2138 nobis
3338 2083 3544 2146 insunt,
3572 2080 3656 2138 vel

2074 2173 2246 2244 gratis
2281 2175 2404 2227 data
2430 2181 2580 2238 sunt,
2617 2174 2718 2228 nisi
2756 2174 3055 2229 continenti
3085 2176 3410 2242 attentione,
3442 2176 3653 2230 studio-

2075 2280 2180 2333 que
2209 2265 2478 2319 industrio
2527 2265 3281 2333 custodiamus,amittemus,
3341 2282 3445 2320 non
3494 2270 3654 2320 modo

2080 2354 2214 2409 nihil
2248 2354 2471 2424 insuper
2499 2354 2851 2423 accipientes,
2899 2369 3087 2408 verum
3119 2355 3283 2413 etiam
3317 2371 3507 2411 eorum
3536 2370 3656 2426 qua:

2081 2443 2287 2497 habere
2348 2444 2697 2514 putabamus,
2750 2445 3135 2498 detrimentum
3179 2445 3467 2513 patientes.
3514 2446 3658 2501 Sane

2077 2533 2169 2602 qui
2204 2534 2272 2587 ad
2308 2533 2619 2611 doctrinam
2656 2535 2983 2589 audiendam
3024 2536 3206 2591 alacer
3237 2546 3344 2601 est,
3401 2537 3526 2592 huic
3573 2552 3659 2592 re-

2078 2637 2208 2692 apse
2237 2623 2486 2677 doctrina
2516 2624 2768 2690 traditur,
2797 2636 2854 2681 et
2894 2625 3040 2679 illius
3072 2627 3308 2681 naturali
3345 2628 3657 2698 intelligcw

2080 2717 2168 2771 tiae
2213 2716 2425 2771 accedit
2457 2716 2654 2770 divinae
2691 2717 2944 2772 lectionis
2987 2719 3278 2789 sapientia.
3324 2721 3428 2786 Qui
3477 2731 3659 2776 autem

2074 2807 2189 2877 jam
2223 2808 2348 2862 inde
2388 2823 2418 2862 a
2462 2809 2719 2877 primaeva
2756 2810 3033 2865 creatione
3059 2811 3239 2865 datam
3287 2812 3523 2867 indolem
3555 2828 3661 2869 non

2080 2898 2246 2953 habet
2295 2898 2645 2967 incolumem,
2702 2901 2790 2955 hic
2839 2915 2936 2970 par
2992 2912 3176 2958 mente
3238 2904 3446 2959 carenti
3481 2915 3585 2969 est,
3630 2922 3660 2958 ιι

2082 2991 2222 3045 malo
2283 2992 2530 3046 daamone
2585 3007 2778 3048 vecors
2842 2992 3091 3049 effectus.
3152 2995 3305 3051 Sicut
3341 3008 3397 3051 et
3448 2997 3536 3052 ille
3571 2999 3663 3066 qui

2084 3085 2271 3139 oculos
2304 3085 2513 3140 hahens
2535 3085 2669 3140 nihil
2706 3098 2885 3141 tamen
2926 3088 3094 3155 videt,
3125 3105 3224 3159 par
3245 3105 3391 3145 caeco
3419 3101 3528 3156 est,
3559 3108 3665 3146 tne-

394 3184 708 3259 ἀφῃρῆσθαι
744 3184 850 3238 τῶν
880 3185 1190 3258 ὀφθαλμῶν·
1248 3187 1421 3253 οὕτως
1452 3192 1502 3243 οί
1534 3190 1717 3244 πολλοὶ
1745 3192 1810 3244 δι’
1854 3194 1976 3245 ἐαυ-

2084 3176 2299 3243 ritoque
2331 3177 2543 3232 dicetur
2591 3177 2763 3233 oculis
2816 3181 3064 3235 orbatus.
3104 3180 3196 3236 Sic
3223 3182 3479 3236 nimirum
3512 3186 3666 3239 multi

394 3280 517 3341 τοὺς
535 3278 670 3350 πρὸς
699 3276 790 3330 τὸν
803 3276 959 3346 λόγον
981 3278 1251 3333 άσύνετοι·
1272 3282 1351 3335 ὅτι
1370 3283 1490 3336 ούδὲ
1512 3285 1611 3357 τὴν
1631 3284 1802 3356 ἀρχὴν
1820 3303 1980 3357 προσ-

396 3370 612 3443 έχοντες
671 3370 1000 3437 ἁκούουσιν,
1051 3371 1166 3426 ἀλλ’
1235 3375 1551 3446 ἀπέρριψαν
1580 3378 1837 3448 ιάμελείᾳ
1894 3379 1985 3434 τὸν

405 3460 581 3530 λόγον.

1076 3580 1140 3632 K'
1174 3580 1307 3651 (ιε).

480 3688 820 3761 ’Υπογράφει
848 3707 913 3758 γε
943 3690 1049 3763 μὴν
1079 3691 1315 3745 ἐνταῦθα
1351 3691 1558 3764 σπορέα
1589 3690 1784 3746 ἑαυτὸν
1813 3693 1842 3744 6
1872 3691 1985 3745 Κύ-

399 3801 532 3855 ριος,
560 3784 735 3854 κῆπον
763 3785 819 3837 δὲ
838 3784 1093 3854 ὀνομάζει
1124 3785 1215 3839 τὸν
1234 3786 1435 3856 κόσμον
1460 3785 1589 3857 (16).
1611 3786 1985 3856 Αίνιττόμενος

398 3872 454 3926 δὲ
496 3874 596 3944 τὴν
629 3877 685 3927 ὲν
731 3874 809 3945 τῷ
842 3877 1030 3946 σπόρῳ
1076 3877 1306 3946 δύναμιν
1340 3877 1500 3931 ὁποία
1544 3896 1628 3942 τις
1658 3878 1765 3949 εἴη,
1800 3880 1987 3950 κόκκῳ

400 3965 671 4029 σινάπεως
716 3966 877 4019 αὑτὸν
914 3968 1274 4038 παραϐάλλει,
1305 3968 1364 4033 ὃς
1392 3969 1502 4023 τῶν
1530 3971 1658 4042 παρ’
1678 3970 1985 4041 ἀνθρώποις

401 4057 593 4125 λόγων,
624 4057 949 4128 Ἑλληνικῶν
968 4077 1028 4112 τε
1062 4060 1154 4113 καὶ
1185 4060 1553 4133 βαρϐαρικῶν,
1582 4063 1689 4116 τῶν
1712 4063 1775 4135 δὴ
1796 4065 1987 4133 σοφίαν

401 4148 520 4203 τινά
546 4149 641 4203 τοῦ
697 4151 890 4215 αἰῶνος
914 4151 1102 4205 τούτου
1139 4156 1570 4225 προϊσχομένων,
1626 4157 1989 4227 σμικρότατος

402 4240 539 4296 εἶναι
578 4242 725 4296 δοκεῖ
752 4244 846 4296 καὶ
879 4244 1283 4310 εὐτελέστατος,
1313 4246 1541 4317 δύναμίν
1566 4263 1629 4315 γε
1666 4248 1772 4318 μὴν
1795 4248 1857 4300 οὐ
1890 4247 1987 4319 τὴν

401 4334 667 4405 τυχοῦσαν
700 4335 757 4389 ὲν
808 4335 985 4407 ἐαυτῷ
1018 4337 1191 4409 φέρει.
1224 4338 1333 4391 Καὶ
1373 4338 1523 4392 ἔστιν
1562 4342 1589 4392 ό
1630 4340 1793 4403 αὐτὸς
1844 4342 1989 4404 σῖτος

2085 3267 2303 3335 propria
2338 3266 2492 3335 culpa
2531 3267 2755 3323 hebetes
2784 3271 2850 3323 ad
2880 3270 3186 3326 doctrinam
3216 3284 3365 3338 sunt,
3389 3275 3515 3344 quia
3552 3275 3665 3343 jam

2083 3356 2208 3411 inde.
2230 3358 2299 3411 ab
2331 3359 2486 3415 initio
2511 3359 2699 3416 audire
2743 3360 2892 3417 illam
2924 3372 3241 3433 renuerunt,
3274 3365 3370 3421 sed
3397 3367 3669 3423 socordia

2084 3464 2180 3504 sua
2205 3450 2541 3519 abiecerunt.

2824 3589 2944 3649 XX.

2165 3701 2305 3758 Dicit
2355 3718 2414 3759 se
2462 3704 2567 3761 hoc
2592 3704 3122 3765 loco“."’Dominus
3169 3718 3427 3777 satorcm,
3478 3724 3667 3780 agrum

2094 3804 2274 3848 autem
2314 3805 2580 3850 terrarum
2616 3798 2825 3852 orbem.
2881 3796 2954 3852 Ut
2999 3808 3182 3853 autem
3226 3809 3430 3870 quanta
3477 3800 3671 3855 semini

2091 3887 2173 3941 vis
2204 3887 2274 3941 sit
2304 3886 2466 3941 insita
2498 3889 2710 3953 innuat,
2744 3904 2913 3958 grano
2949 3890 3154 3960 sinapis
3192 3891 3322 3945 illud
3353 3898 3671 3960 comparat:

2090 3982 2233 4050 quod
2257 3982 2492 4051 quidem,
2518 3985 2661 4036 inter
2682 3981 2960 4036 hominum
2988 3983 3288 4047 doctrinas,
3316 3983 3430 4039 sive
3453 3982 3673 4040 Graecas

2092 4075 2205 4126 sive
2240 4075 2583 4138 barbaricas,
2610 4084 2877 4144 quotquot
2908 4075 3230 4145 sapientiam
3252 4076 3489 4146 aliquam
3511 4075 3673 4144 hujus

2092 4165 2274 4220 saeculi
2312 4182 2422 4235 prae
2460 4182 2520 4221 se
2552 4164 2756 4233 ferunt,
2794 4168 3082 4222 minimum
3119 4182 3242 4223 esse
3271 4169 3486 4224 videtur
3511 4178 3674 4241 atque

2097 4259 2445 4325 vilissimum,
2478 4275 2652 4330 neque
2680 4271 2858 4317 tamen
2898 4261 3179 4332 vulgarem
3215 4263 3474 4317 virtutem
3501 4264 3675 4317 conti-

2093 4359 2207 4403 net.
2256 4348 2353 4404 Est
2399 4359 2581 4406 autem
2627 4351 2716 4406 illa
2755 4352 3026 4420 doctrina,
3066 4351 3396 4406 lrntnentum
3453 4353 3672 4422 quidem

404 4427 524 4498 μὲν,
571 4427 691 4481 καθ’
724 4427 752 4480 ὃ
797 4427 986 4500 ψυχῶν
1024 4430 1286 4501 τρόφιμός
1319 4432 1457 4495 ἐστι,
1492 4433 1584 4487 καὶ
1616 4432 1824 4503 τροφῆς
1888 4433 1976 4503 τῆς

2095 4450 2364 4511 quatenus
2394 4444 2699 4498 animarum
2734 4444 2916 4499 nutrix
2946 4452 3049 4507 est,
3097 4455 3152 4499 et
3188 4443 3463 4499 alimoniae
3497 4460 3529 4499 a
3565 4444 3675 4499 Deo

403 4522 553 4593 παρὰ
609 4520 688 4592 τῷ
744 4523 863 4594 Θεῷ
917 4523 1266 4593 παρεκτικόςο
1326 4526 1523 4587 κόκκος
1578 4524 1633 4577 δὲ
1692 4526 1976 4591 σινάπεως,

2096 4534 2237 4588 data:
2270 4534 2556 4599 ministra;
2584 4551 2811 4605 granum
2847 4552 2978 4591 vero
3021 4536 3247 4607 sinapis,
3279 4547 3551 4606 quatenus
3582 4552 3673 4593 se-

403 4613 524 4666 an‘
566 4613 594 4666 δ
624 4613 955 4686 βραχύτατος
1018 4612 1116 4684 μὲν
1170 4613 1422 4666 ἁπάντων
1478 4612 1586 4665 τῶν
1630 4614 1976 4684 σπερμάτων·

2099 4626 2305 4680 minum
2336 4628 2580 4682 omnium
2610 4637 2697 4682 est
2733 4630 3133 4683 tenuissimum.
3191 4629 3378 4699 Neque
3405 4630 3553 4685 enim
3592 4639 3677 4686 est

404 4708 523 4761 οὐδὲ
581 4708 688 4780 γάρ
746 4710 893 4760 ἐστιν
946 4707 1073 4761 ἄλλο
1117 4707 1227 4760 τῶν
1279 4707 1373 4759 ἐπὶ
1430 4708 1534 4777 γῆς
1576 4706 1976 4776 καταϐαλλομέ-

2095 4720 2243 4774 aliud
2275 4737 2341 4776 ex
2369 4721 2456 4778 his
2483 4738 2607 4791 qua:
2654 4724 2706 4777 in
2771 4733 2976 4778 terram
3033 4725 3397 4794 proﬁciuntur
3446 4728 3674 4783 semini-

406 4818 509 4854 νων
547 4801 877 4873 σπερμάτων
914 4800 1102 4853 τούτου
1131 4801 1197 4870 τῇ
1237 4799 1558 4872 σμικρότητι
1602 4798 1976 4871 συγκρίνεσθαι

2098 4813 2220 4879 bus,
2263 4813 2426 4883 hujus
2467 4814 2720 4884 parvitati
2772 4817 3221 4886 comparandum,
3274 4819 3348 4876 ita
3373 4830 3430 4874 ut
3472 4830 3674 4892 puncto

406 4890 718 4963 δυνάμενον,
751 4889 838 4944 διὰ
866 4890 927 4943 τὸ
960 4890 1165 4961 κέντρῳ
1192 4890 1444 4952 ἐοικέναι,
1468 4891 1561 4943 καὶ
1588 4890 1768 4960 σχεδὸν
1799 4890 1976 4961 ἀτόμῳ

2097 4905 2276 4961 simile
2307 4907 2398 4975 sit,
2429 4916 2485 4963 et
2517 4907 2659 4962 velut
2692 4919 2876 4964 atomo
2907 4920 2963 4964 et
2990 4911 3110 4966 sine
3142 4913 3389 4982 partibus
3417 4889 3675 4984 corpori;

408 4983 498 5036 καὶ
525 4985 724 5055 ἀμερεῖ
768 4981 1001 5054 σώματισ
1048 4983 1198 5053 ὅμως
1246 4982 1302 5035 δὲ
1334 4985 1415 5047 είς
1463 4984 1716 5038 τοσοῦτον
1760 4985 1976 5056 μέγεθος

2097 5005 2153 5051 et
2208 5007 2387 5052 tamen
2444 4999 2497 5052 in
2546 5008 2750 5055 tantam
2790 5003 3066 5057 excrescit
3111 5004 3566 5074 magnitudinem,
3618 5017 3675 5059 ut

407 5076 729 5141 ἐπιδίδωσιν,
763 5077 838 5141 ὡς
892 5078 999 5129 πᾶν
1038 5076 1100 5129 τὸ
1129 5074 1238 5129 τῶν
1265 5074 1509 5145 λαχάνων
1540 5076 1776 5147 καλύψαι
1806 5078 1976 5145 γένος.

2092 5102 2257 5142 omne
2294 5088 2503 5144 olerum
2528 5106 2700 5162 genus
2732 5102 2973 5162 superet.
3008 5092 3161 5160 Quod
3195 5093 3440 5164 profecto
3470 5097 3677 5151 habere

410 5168 475 5220 Ὃ
494 5168 558 5239 δὴ
587 5170 679 5222 καὶ
707 5169 838 5222 αὐτὸ
860 5168 1086 5223 ἔκϐασιν
1111 5167 1292 5239 ἔργοις
1307 5171 1489 5231 αὐτοῖς
1511 5169 1799 5241 σύμφωνον
1816 5170 1976 5236 ἔδειξε

2098 5179 2307 5234 exitum
2387 5196 2581 5238 revera
2645 5198 2944 5239 consonum
3001 5186 3458 5256 praedictionibus
3503 5197 3661 5242 omen
3722 5190 3728 5198 '

412 5262 524 5323 ταῖς
573 5263 956 5334 προρρήσεσιν·
1008 5262 1203 5316 αὐτίκα
1234 5260 1364 5331 γοῦν
1396 5261 1696 5333 ὀφθαλμοῖς
1750 5263 1976 5334 πάρεστι

2094 5270 2199 5325 dit.
2264 5272 2408 5329 Ecce
2466 5276 2615 5331 enim
2663 5276 2833 5332 oculis
2898 5288 3148 5346 spectare
3206 5278 3354 5345 licet,
3408 5280 3680 5349 quomodo

409 5354 874 5425 παραλαμϐάνειν,
904 5356 980 5419 ὡς
1011 5358 1039 5409 6
1072 5356 1271 5420 σπόρος
1297 5358 1326 5408 6
1353 5354 1726 5426 εύαγγελικὺς,
1771 5356 1976 5428 σπειρό

2096 5367 2470 5437 evangelicum
2523 5384 2730 5438 semen,
2781 5370 2882 5427 sub
2915 5371 3047 5442 ipsis
3100 5373 3328 5427 sationis
3369 5373 3678 5440 primordiis

427 5492 495 5527 δίο
516 5494 560 5525 ⁸³
594 5490 788 5546 Matth.
822 5505 945 5554 xm,
974 5489 1037 5544 51
1066 5487 1239 5554 ;Luc.
1270 5503 1391 5555 xm,
1420 5488 1508 5545 19.

439 5690 451 5701 θ
480 5618 591 5688 (11)
617 5620 947 5705 gongruunt
982 5621 1097 5679 haec
1148 5624 1294 5682 belle
1336 5642 1459 5682 cum
1498 5626 1842 5699 Tneophania
1878 5632 1983 5705 Sy-

411 5691 580 5751 riaca,
617 5691 709 5746 lib.
742 5708 812 5756 tv,
850 5694 939 5747 51.

483 5761 602 5839 (15)
638 5762 855 5839 Grande
902 5767 1005 5839 hoc
1058 5763 1446 5835 fragmentum,
1499 5785 1671 5839 usque
1718 5770 1785 5825 ad
1812 5773 1977 5830 verba

411 5829 822 5902 ὑποδεξαμένων
875 5834 1059 5899 αὐτόν,
1111 5829 1454 5906 ρέτερίουυιιί
1502 5829 1641 5913 gerit
1674 5841 1889 5900 titulum
1924 5829 1978 5904 in

734 5927 1007 5991 Parnm.
1050 5928 1167 5992 Gn.
1212 5932 1449 5996 XXIV.
3270 5934 3353 5998 ῃ

2091 5638 2284 5714 codice
2320 5641 2388 5706 Α,
2417 5639 2457 5696 f.
2488 5640 2623 5696 164:
2676 5640 2865 5714 βιϐλίῳ
2886 5641 3132 5714 τετάρτῳ
3166 5641 3521 5714 Θεοφανείάς,
3548 5654 3674 5698 cum

2090 5711 2270 5783 solitis
2308 5711 2763 5783 tantum_nnmeri
2806 5711 2957 5782 siglis
2985 5711 3147 5781 supra
3180 5711 3231 5783 β.

2164 5782 2279 5853 (16)
2315 5781 2409 5840 Sic
2434 5783 2489 5840 in
2527 5780 2879 5851 Theophanid
2905 5780 3156 5854 Syriaca,
3181 5780 3266 5850 iv,
3304 5781 3398 5837 54.
