4116 6394
525 397 623 453 585

1160 398 1429 456 EUSEBll
1469 394 1950 455 CAESARIENSIS
1990 392 2138 447 OPP.
2183 392 2358 448 PARS
2401 392 2487 448 IV.
2531 423 2599 432 —
2639 391 3063 449 DOGMATICA.

3677 397 3787 452 684

523 522 795 578 invisibile
822 522 1002 587 fuerit,
1031 533 1081 578 et
1115 536 1226 591 pra:
1253 521 1503 578 doctrina
1545 520 1787 589 qualibet
1819 533 1946 573 vere
1995 518 2060 571 mi

2164 559 2172 577 _
2206 534 2364 587 μενος
2388 516 2484 586 μὲν
2517 516 2575 568 ὲν
2596 516 2790 587 ἀρχαῖς
2827 514 3038 586 ἀφανὴς
3057 511 3147 586 ῆν,
3179 515 3271 570 καὶ
3308 515 3524 577 πάντων
3547 517 3624 582 ὡς
3656 519 3789 590 ἀλη-

520 617 728 671 nimum
767 626 821 670 et
874 615 1426 684 contemptissimum.
1482 612 1685 669 Deinde
1722 625 1852 666 vero
1883 619 2096 663 tantum

517 711 663 778 cepit
701 709 1119 774 incrementum,
1141 717 1200 763 ut
1226 707 1543 762 universum
1569 709 1757 759 orbem
1781 701 2095 771 repleverit.

517 799 645 854 Fui:
669 815 798 870 ergo
845 814 1035 855 revera
1087 814 1182 869 per
1230 805 1458 853 cunctas
1508 804 1700 866 gentes
1754 807 1943 848 semen
1993 792 2097 847 hoc

513 893 690 962 majus
743 909 905 963 quam
959 892 1275 948 Graecorum
1327 898 1381 944 et
1409 889 1765 944 barbarorum
1802 885 2092 954 sapientia,

508 998 672 1052 quam
709 982 993 1038 Matthams
1021 981 1266 1037 oleribus
1303 976 1667 1048 comparavit,
1717 974 2090 1029 inﬁrmitatem

508 1075 582 1129 ita
627 1083 684 1128 et
730 1074 1251 1143 corruptibilitatem
1297 1073 1656 1147 liumanarum
1715 1067 2088 1123 doctrinarum

503 1165 840 1234 signiﬁcans.
871 1164 1120 1234 Namque
1169 1173 1222 1218 et
1263 1163 1404 1233 apud
1443 1160 1738 1230 praphetas
1785 1159 1988 1214 dictum
2019 1157 2090 1214 de

502 1263 635 1330 ipsis
687 1271 823 1317 est:
881 1258 1157 1327 Tanquam
1209 1259 1389 1326 fanum
1442 1256 1685 1311 velociter
1739 1261 1999 1318 arescent,
2037 1262 2087 1306 et

498 1353 939 1421 quemadmodum
967 1351 1114 1406 olera
1145 1351 1427 1404 herbarum
1480 1350 1584 1402 cito
1609 1348 1851 1402 derident
1879 1345 1947 1398 ⁵³.
1975 1343 2086 1398 Ηυ-

496 1441 794 1510 iuscemodi
821 1451 946 1496 sunt
994 1439 1362 1512 sophistarum
1395 1453 1458 1493 ac
1484 1437 1934 1507 phil050phorum
1966 1435 2068 1489 de-

497 1536 695 1590 ctrinae
730 1535 1160 1604 disciplinaeque,
1184 1547 1305 1603 quae
1352 1530 1669 1600 aliquandiu
1715 1529 2074 1588 herbescunt,

494 1627 760 1696 brevique
806 1629 1052 1695 tempore
1102 1625 1320 1686 ﬁorent,
1363 1624 1458 1678 sed
1513 1636 1618 1679 non
1647 1620 1738 1676 diu
1771 1627 1895 1691 post
1923 1617 2078 1673 exci-

494 1722 626 1775 dunt
663 1735 760 1790 per
783 1736 842 1775 se
863 1721 996 1791 ipsae
1022 1728 1332 1789 corruptae:
1365 1717 1438 1772 ita
1469 1724 1526 1771 ut
1553 1713 1686 1771 alibi
1738 1713 1867 1769 {eno
1917 1721 2081 1767 tecto-

492 1827 613 1869 rum
639 1822 919 1882 comparet
965 1826 1060 1867 eas
1083 1810 1250 1866 David
1279 1811 1345 1874 “,
1378 1806 1546 1880 quod,
1576 1806 1895 1877 priusquam
1925 1802 2077 1860 evel-

489 1902 656 1967 latur,
681 1902 794 1972 jam
821 1904 1055 1958 exaruit.

559 1994 699 2048 Sunt
763 1994 881 2049 ista:
931 1994 1098 2064 igitur
1157 1990 1485 2061 sapientium
1539 1986 1702 2058 hujus
1743 1984 1926 2042 saeculi
1973 1983 2072 2040 do-

500 2088 717 2150 urinae,
753 2087 983 2142 inﬁrmae
1027 2086 1280 2140 nimirum
1333 2093 1390 2140 et
1437 2083 1720 2145 oleraceae,
1759 2080 1883 2136 feno
1915 2077 2070 2134 liore-

484 2179 658 2232 srenti
707 2178 938 2233 similes.
971 2177 1142 2234 Sectis
1164 2192 1294 2232 vero
1329 2176 1571 2232 omnium
1599 2174 1883 2229 minimum
1914 2180 1970 2226 et
2001 2179 2073 2226 te-

484 2270 811 2326 nuissimum
850 2272 994 2326 inter
1019 2270 1254 2336 semina,
1303 2270 1457 2340 regni
1503 2268 1766 2322 nimirum
1801 2264 2066 2320 cmlorum

480 2361 857 2433 evangelicum
891 2363 1141 2427 verbum,
1189 2376 1316 2417 acre
1366 2361 1734 2429 mordensque
1777 2357 1946 2412 veluti
1991 2356 2068 2412 si-

482 2455 636 2524 napi,
668 2455 811 2525 quod
842 2465 1021 2509 tamen
1067 2454 1225 2525 longe
1265 2453 1532 2516 excrevit,
1575 2461 1632 2506 et
1686 2451 1942 2506 humana:
1973 2465 2064 2504 sa-

478 2546 701 2615 pientia:
730 2545 986 2616 superius
1022 2547 1228 2602 evasit:
1266 2553 1430 2614 atque
1471 2544 1527 2599 in
1573 2545 1745 2598 altum
1784 2543 2062 2597 sublatum

477 2636 660 2688 omnia
707 2635 824 2690 loca
866 2635 1177 2706 occupavit,
1229 2636 1304 2689 ita
1341 2645 1402 2689 ut
1444 2648 1641 2704 magna
1689 2632 1854 2687 arbor
1887 2648 1954 2686 ex
1996 2647 2062 2686 eo

477 2726 549 2777 sit
593 2737 738 2792 orta,
779 2726 904 2780 cceli
942 2727 1224 2781 volucrum
1271 2739 1446 2794 capax
1490 2724 1584 2794 qui
1621 2723 1674 2778 in
1726 2723 1844 2794 ejus
1893 2722 2062 2777 ramis

474 2819 802 2872 consistunt.
839 2817 979 2874 Olim
1010 2818 1064 2872 id
1100 2817 1318 2888 quidem
1350 2816 1696 2886 simplicibus
1725 2815 1906 2871 verbis
1935 2815 2059 2870 Ser-

474 2910 680 2964 vatoris
727 2925 858 2965 voce
905 2909 1156 2980 prolatis,
1213 2909 1400 2964 divina
1457 2905 1918 2978 prognosticaque
1948 2908 2062 2961 vir-

473 3011 594 3056 tute
627 3003 1046 3071 praadicebatur.
1082 3002 1202 3057 Jam
1229 3017 1362 3057 vero
1397 3002 1450 3056 in
1482 3001 1642 3070 quale
1678 3010 2057 3070 quantumque

472 3109 611 3164 opus
661 3094 942 3163 praedictio
977 3094 1332 3165 processerit.
1389 3103 1766 3164 quantumque
1816 3094 2056 3149 creverit

472 3187 738 3243 doctrina:
771 3202 900 3250 vox,
952 3188 1057 3242 dici
1093 3202 1194 3256 pro
1240 3187 1506 3258 dignitate
1536 3203 1641 3241 non
1672 3195 1868 3255 potest.
1910 3185 2053 3240 Tan-

471 3291 584 3336 tum
621 3281 803 3352 itaque
843 3295 1132 3350 progressu
1167 3279 1431 3348 temporis
1457 3279 1699 3335 salutare
1731 3294 1918 3334 semen
1949 3279 2054 3331 vir-

467 3381 638 3429 tutem
672 3373 937 3438 exseruit,
981 3383 1040 3427 ut
1063 3373 1366 3442 germinata
1401 3386 1470 3427 ex
1508 3371 1600 3427 illo
1640 3370 1824 3435 arbor,
1859 3371 1913 3426 id
1945 3381 2050 3437 est,

467 3465 695 3520 fundata
729 3479 758 3518 a
791 3464 1085 3520 Servatore
1107 3479 1206 3534 per
1249 3464 1562 3518 universam
1618 3473 1823 3518 terram
1870 3461 2055 3517 Eccle-

465 3559 570 3624 sia,
608 3567 806 3614 cuncta
837 3557 956 3613 loca
987 3557 1330 3629 oppleverit;
1369 3557 1424 3612 in
1459 3556 1577 3625 ejus
1608 3557 1778 3612 ramis
1801 3556 1926 3612 cmli
1955 3571 2054 3612 vo-

464 3651 646 3706 lucres
697 3650 965 3716 habitent,
1021 3649 1203 3721 angeli
1257 3649 1368 3705 divi
1435 3649 1648 3705 scilicet
1695 3659 1752 3704 et
1795 3647 2051 3704 caelestes

464 3744 737 3812 potentiae,
799 3758 919 3814 quae
973 3751 1175 3797 terram
1249 3741 1605 3798 invisibiliter
1674 3742 2047 3804 discurrunt;

465 3837 705 3904 itemque
742 3836 938 3887 animae
968 3842 1175 3888 sanctae
1205 3831 1317 3885 alte
1342 3830 1674 3900 gradientes,
1710 3829 1762 3884 id
1792 3837 1896 3891 est,
1935 3828 2048 3881 vita

460 3941 737 3996 sensuque
767 3925 986 3980 sublimi
1025 3939 1089 3979 ac
1122 3923 1332 3978 cmlesti
1363 3923 1625 3992 praedita.
1657 3921 1906 3991 Namque
1950 3921 2050 3975 bas

461 4033 521 4074 et
551 4035 660 4074 non
691 4017 842 4072 aliud
869 4015 1142 4087 quidlibet
1172 4015 1421 4071 denotari
1449 4030 1480 4069 a
1510 4014 1636 4070 coeli
1671 4015 1889 4080 avibus,
1921 4013 2048 4068 Ser-

467 4115 679 4169 vatoris
702 4113 824 4167 haec
867 4109 1128 4182 parabola
1185 4109 1482 4179 signiﬁcat.
1532 4107 1688 4164 Sicut
1734 4109 2048 4163 econtrario

460 4207 515 4260 iu
540 4203 802 4275 parabola
823 4201 1172 4259 seminatoris
1204 4201 1468 4256 vocabulo
1499 4203 1703 4264 avium,
1725 4200 2046 4255 insidiantes

459 4299 776 4354 hominibus
799 4295 1072 4365 potentias
1119 4294 1438 4358 denotabat,
1490 4293 1608 4364 pari
1657 4291 1922 4348 vocabulo
1971 4292 2050 4347 di-

457 4406 589 4445 cens
653 4404 782 4444 aves
821 4388 944 4444 coeli
996 4387 1295 4457 diripuisse
1345 4400 1531 4442 semen
1576 4385 1783 4456 jactum
1833 4386 1902 4442 iis
1949 4387 2042 4457 qui

456 4481 609 4551 juxta
653 4483 796 4535 viam
832 4479 963 4535 illud
996 4487 1384 4550 susceperant.

1177 4569 1323 4626 XXI.

525 4664 706 4735 Atque
751 4663 868 4717 lucc
907 4661 1221 4716 necessario
1283 4658 1549 4714 Servator
1599 4659 1882 4730 discipulis
1927 4658 2036 4714 suis

456 4751 836 4818 mandabat”,
867 4753 1115 4806 morbum
1140 4750 1524 4820 gravisSimum
1552 4749 1797 4821 ipsorum
1822 4750 2040 4815 animae,

456 4855 723 4899 tumorem
757 4852 922 4913 atque
933 4843 1257 4912 jactantiam
1277 4857 1502 4911 sanans,
1529 4851 1826 4912 vetansque
1857 4853 2044 4897 osten-

458 4937 756 5002 tationem,
811 4949 878 4988 ne
915 4934 1184 4989 ullatenus
1241 4933 1656 4999 extollerentur,
1707 4947 1846 4988 neve
1911 4931 2042 5001 quid

455 5040 712 5094 magnum
743 5037 840 5080 aut
879 5024 1176 5094 superbum
1209 5025 1277 5080 de
1322 5040 1383 5082 se
1426 5025 1834 5080 existimarent.
1866 5027 2040 5082 Docet

453 5127 667 5182 contra,
703 5118 875 5172 nostri
904 5131 1026 5171 esse
1052 5115 1266 5170 arbitrii
1298 5117 1351 5170 in
1387 5131 1617 5187 regnum
1643 5117 1901 5186 introire,
1946 5127 2041 5173 aut

453 5227 634 5266 secus.
663 5209 796 5265 Nam
830 5210 898 5277 si,
930 5218 987 5263 ut
1008 5209 1208 5264 dicitur
1231 5209 1374 5279 apud
1403 5207 1746 5275 Mattltaeum,
1787 5211 2039 5267 conversi

452 5304 650 5357 ﬁamus
701 5302 847 5355 sicut
883 5300 1114 5368 parvuli,
1164 5300 1380 5354 malitia
1432 5299 1647 5354 scilicet
1691 5304 1926 5372 parvuli,
1983 5313 2042 5358 ut

449 5395 526 5449 ait
571 5392 866 5464 Apostolus
911 5393 998 5459 ⁸⁶;
1047 5401 1102 5446 et
1145 5393 1190 5446 si
1247 5394 1350 5446 hoc
1409 5407 1638 5460 regnum
1689 5395 2042 5452 admittemus

451 5502 605 5541 more
641 5487 907 5557 simplicis
930 5497 986 5541 et
1011 5485 1145 5541 nulli
1186 5486 1366 5540 adhuc
1402 5488 1534 5540 vitio
1562 5488 1730 5543 dediti
1783 5489 2034 5558 infantis,

451 5587 504 5629 ct
532 5579 575 5631 si
612 5581 905 5648 puritatem
957 5589 1122 5649 atque
1161 5578 1528 5632 innocentiam
1580 5579 1804 5648 puerilis
1857 5585 2036 5638 relatis

2079 3231 2121 3289 C

2202 609 2309 673 θῶς
2331 609 2712 671 εὐτελέστατος
2738 608 2830 661 καὶ
2864 608 3223 679 σμικρότατος
3261 609 3454 679 λόγων·
3495 608 3700 682 προῖὼν
3729 613 3787 667 δὲ

2198 699 2451 753 τοσοῦτον
2494 699 2818 752 ἐπιδέδωκεν
2848 696 3017 769 αὔξης
3042 714 3103 750 τε
3137 698 3230 752 καὶ
3262 699 3546 768 μεγέθους,
3581 699 3658 763 ὠς
3685 700 3785 772 τὴν

2198 793 2489 864 σύμπασαν
2514 791 2838 862 οἰκουμένην
2860 789 3165 863 πληρῶσαι,
3195 791 3423 860 Γέγονεν
3443 787 3537 846 οὖν
3566 791 3784 862 ἀληθῶς

2198 887 2400 957 μείζων
2441 885 2541 956 τῆς
2573 884 2725 956 παρά
2750 886 2885 937 πᾶσι
2917 886 3031 947 τοῖς
3063 883 3272 938 ἔθνεσιν
3301 883 3528 955 Ἕλλησί
3571 901 3632 937 τε
3687 884 3782 938 καὶ

2195 977 2489 1050 βαρϐάροις
2522 977 2734 1046 σοφίας,
2767 977 2832 1048 ἦν
2864 976 3116 1047 λαχάνοις
3136 975 3276 1029 κατὰ
3303 976 3580 1029 Ματθαῖον
3601 993 3779 1048 παρα-

2193 1069 2445 1142 ϐέϐληκε,
2475 1071 2536 1123 τὸ
2565 1069 2786 1132 ἀσθενὲς
2814 1071 2907 1122 καὶ
2941 1069 3263 1140 φθοριμαῖον
3279 1068 3388 1122 τῶν
3413 1068 3540 1141 παρ’
3566 1066 3776 1140 ἀνθρώ-

2190 1181 2312 1228 ποις
2355 1164 2692 1236 μαθημάτων
2713 1155 2815 1216 ὧδε
2850 1161 3214 1233 αἰνιξάμενος.
3257 1161 3410 1215 Ἐπεὶ
3435 1161 3531 1214 καὶ
3559 1162 3617 1214 ὲν
3643 1177 3776 1231 προσ

2189 1261 2388 1330 φήταις
2411 1259 2627 1326 ἐλέγετο
2667 1257 2796 1329 περὶ
2842 1256 3042 1309 αὐτῶν·
3081 1256 3174 1321 Ὡς
3213 1256 3427 1325 χόρτος
3448 1254 3602 1324 ταχὺ
3627 1254 3774 1309 ἀπο-

2187 1349 2695 1420 ξηρανθεῖσονται,
2726 1347 2825 1401 καὶ
2844 1349 2924 1414 ὡς
2953 1346 3194 1417 λάχανα
3223 1347 3413 1416 χλόης
3440 1347 3592 1416 ταχὺ
3626 1346 3774 1400 ἀπο-

2184 1443 2534 1497 πεσοῦνται.
2567 1439 2803 1494 Τοιαῦτα
2837 1440 2893 1493 δὲ
2922 1438 2990 1493 τά
3038 1439 3306 1507 σοφιστῶν
3339 1439 3434 1492 καὶ
3468 1438 3773 1508 φιλοσόφων

2187 1534 2486 1606 μαθήματα
2511 1535 2605 1588 καὶ
2631 1533 2993 1604 παιδεύματα,
3029 1530 3166 1604 πρὸς
3188 1530 3378 1603 καιρὸν
3397 1531 3494 1602 μὲν
3520 1531 3772 1602 χλοάζον-

2181 1645 2269 1688 τα,
2289 1628 2384 1681 καὶ
2413 1628 2548 1700 πρὸς
2577 1627 2757 1696 ὀλίγον
2794 1624 3080 1688 ἀνθοῦντα,
3110 1626 3210 1679 οὐκ
3241 1627 3321 1688 είς
3352 1625 3563 1696 μακρὸν
3589 1624 3644 1677 δὲ
3674 1625 3768 1678 ἐκ·

2181 1721 2467 1786 πίπτοντα,
2499 1721 2593 1774 καὶ
2617 1719 2676 1785 ἐξ
2710 1718 2920 1774 ἑαυτῶν
2955 1717 3306 1790 φθειρόμενα·
3348 1716 3423 1781 ὡς
3458 1719 3516 1771 ἐν
3558 1717 3770 1788 ἑτέροις

2181 1815 2357 1886 χόρτῳ
2385 1813 2635 1884 δομάτων
2661 1811 2960 1884 ἀφομοιοῦν
2991 1810 3149 1876 αὐτὰ,
3185 1810 3243 1875 ὃς
3273 1810 3381 1882 πρὸ
3429 1809 3525 1863 τοῦ
3556 1811 3766 1864 ἐκσπα-

2103 1881 2151 1941 Β
2182 1881 2369 1976 anm
2395 1881 2685 1977 ἐξηράνθη.

2260 1998 2420 2052 Ἀλλὰ
2463 1998 2531 2052 τὰ
2567 1999 2665 2069 μὲν
2689 1997 2840 2068 παρά
2869 1998 2982 2060 τοῖς
3012 1994 3164 2069 παρὰ
3193 1994 3287 2049 τοῦ
3314 1995 3511 2059 αἰῶνος
3567 1993 3762 2048 τούτου

2171 2091 2417 2156 τοιαῦτα,
2473 2091 2674 2161 ἀσθενῆ
2718 2090 2816 2143 καὶ
2855 2088 3156 2160 λαχανώδη,
3201 2087 3295 2141 καὶ¹
3320 2087 3498 2160 χόρτῳ
3546 2085 3763 2139 εὐθαλεῖ

2169 2186 2592 2259 παρεικασμένα
2628 2184 2946 2256 μαθήματα·
2975 2185 3004 2236 ὁ
3040 2183 3096 2235 δὲ
3129 2180 3465 2254 βραχύτατος
3497 2181 3592 2235 καὶ⁸
3625 2179 3754 2234 πάν-

2167 2296 2275 2332 των
2327 2277 2436 2330 τῶν
2469 2276 2801 2348 σπερμάτων
2857 2277 3200 2349 μικρότατος,
3251 2278 3346 2347 τῆς
3377 2275 3486 2328 τῶν
3512 2273 3750 2346 οὐρανῶν

2169 2370 2444 2442 βασιλείας
2482 2368 2910 2440 καταγγελτικὸς
2956 2369 3134 2437 λόγος,
3171 2369 3369 2440 δριμὺς
3426 2366 3526 2438 μὲν
3555 2366 3650 2419 καὶ
3680 2364 3758 2417 δε-

2166 2463 2353 2527 κτικὸς
2399 2462 2653 2533 καθάπερ
2699 2461 2762 2515 τὸ
2795 2461 3003 2533 σίνηπι,
3038 2461 3188 2532 ὅμως
3216 2459 3272 2514 δὲ
3321 2458 3631 2530 ὑπερανέϐη
3664 2457 3760 2511 καὶ

2165 2553 2536 2627 ὑπερηύξησε,
2571 2555 2834 2627 κρείττων
2862 2554 2960 2624 τῆς
2992 2555 3050 2606 ὲν
3081 2553 3387 2624 ἀνθρώποις
3418 2549 3758 2619 ἀποδειχθεὶς

2165 2649 2375 2716 σοφίας·
2403 2648 2498 2700 καὶ
2545 2647 2621 2710 ὡς
2651 2646 2884 2716 ὑψωθεὶς
2914 2646 3093 2700 πάντα
3143 2645 3308 2697 τόπον
3350 2640 3636 2709 ἐκάλυψεν,
3675 2642 3755 2703 ὡς

2163 2741 2257 2793 καὶ
2288 2741 2501 2811 δένδρον
2539 2739 2966 2809 ἀποτελεσθῆναι
2993 2739 3133 2810 μέγα
3160 2737 3219 2802 ἐξ
3239 2734 3424 2794 αὐτοῦ.
3442 2733 3748 2804 χωρητικὸν

2162 2830 2426 2884 πετεινῶν
2476 2828 2708 2901 οὐρανοῦ
2758 2827 3242 2898 κατασκηνούντων
3285 2826 3342 2876 ἐν
3373 2824 3481 2884 τοῖς
3531 2818 3747 2882 κλάδοις

2158 2923 2345 2977 αὐτοῦ·
2374 2922 2540 2977 πάλαι
2567 2922 2667 2993 μὲν
2696 2920 2800 2974 ὑπὸ
2824 2921 2922 2990 τῆς
2961 2917 3222 2988 σωτηρίου
3239 2915 3340 2986 γῆς
3364 2913 3537 2984 ψιλοῖς
3569 2911 3748 2981 ῥήμα-

2159 3031 2263 3079 σιν,
2291 3014 2458 3085 ὲνθέῳ
2486 3031 2549 3082 γε
2579 3015 2684 3085 μὴν
2707 3014 2803 3068 καὶ
2837 3008 3228 3084 προγνωστικῷ
3258 3006 3483 3076 δυνάμει
3514 3019 3748 3074 προανε-

2157 3111 2406 3177 φωνεῖτο.
2448 3109 2534 3171 Ὠς
2556 3109 2599 3161 δ’
2631 3110 2710 3171 εἰς
2736 3107 2870 3178 ἔργα
2897 3103 3321 3177 προκεχώρηκεν
3356 3102 3390 3172 ή
3413 3098 3746 3170 πρόγνωσις,

2155 3203 2236 3264 εἰς
2285 3201 2455 3270 αὔξην
2482 3217 2541 3253 τε
2570 3199 2834 3272 προῆλθεν
2867 3200 2900 3269 ή
2938 3195 3089 3267 φωνὴ
3132 3193 3228 3246 τοῦ
3272 3192 3453 3260 λόγου,
3497 3190 3598 3243 οὑκ
3634 3186 3749 3240 ἐστι

2159 3292 2277 3346 κατ’
2311 3291 2466 3358 ἀξίαν
2505 3292 2699 3344 εἰπεῖν·
2733 3287 3001 3357 τοσαύτην
3039 3282 3170 3353 γοῦν
3203 3283 3231 3334 ό
3258 3281 3522 3351 σωτήριος
3549 3275 3748 3345 σπόρος

2157 3385 2215 3437 ὲν
2245 3385 2357 3446 τοῖς
2387 3381 2523 3453 μετά
2573 3379 2748 3434 ταῦτα
2785 3379 2996 3450 χρόνοις
3035 3365 3393 3428 ἐπιδέδεικται
3425 3367 3648 3440 ἀρετὴν,
3671 3366 3746 3430 ὡς

2156 3476 2215 3529 τὸ
2244 3477 2304 3540 ἐξ
2332 3474 2496 3529 αὑτοῦ
2519 3473 2653 3544 φυὲν
2675 3473 2912 3543 δένδρον,
2939 3468 3098 3524 τοῦτο
3123 3467 3167 3521 δ’
3193 3466 3259 3520 ἂν
3289 3465 3370 3535 εἴη
3399 3465 3432 3534 ἡ
3474 3457 3746 3531 πανταχοῦ

2154 3567 2257 3638 γῆς
2288 3565 2546 3637 ἱδρυμένη
2569 3562 2733 3618 αὐτοῦ
2767 3561 3086 3633 Ἐκκλησία,
3123 3557 3192 3611 τὰ
3229 3555 3406 3608 πάντα
3433 3551 3742 3623 πληρῶσαι·

2154 3661 2293 3714 ὥστε
2326 3661 2508 3723 ἐντοῖς
2529 3656 2924 3726 κλάδοιςαύτῆς
2957 3649 3382 3722 κατασκηνῶσαι
3420 3646 3489 3701 τά
3522 3645 3743 3698 πετεινὰ

2152 3754 2247 3807 τοῦ
2306 3752 2558 3825 οὐρανοῦ,
2606 3747 2870 3817 ἀγγέλους
2899 3744 3098 3817 δηλαδὴ
3131 3743 3308 3806 θείους
3341 3741 3436 3794 καὶ
3485 3739 3739 3809 οὐρανίας

2151 3847 2429 3918 δυνάμεις,
2469 3844 2566 3907 τὰς
2596 3842 2725 3913 περὶ
2753 3841 2856 3910 γῆν
2891 3838 3112 3908 ἀφανῶς
3148 3833 3528 3904 διιπταμένας,
3562 3830 3738 3901 ψυχάς

2149 3955 2210 3990 τε
2241 3937 2400 4004 ἁγίας
2426 3935 2521 3989 καὶ
2549 3931 3016 4005 μετεωροπόρους,
3044 3928 3145 3998 βίῳ
3168 3926 3261 3980 καὶ
3278 3925 3586 3996 φρονήματι
3611 3937 3740 3993 μετ-

2151 4027 2374 4099 αρσίους
2407 4025 2502 4078 καὶ
2545 4022 2846 4094 οὐρανίους·
2885 4021 3089 4082 ταύτας
3156 4016 3266 4088 γὰρ
3314 4013 3452 4069 εἶναι
3485 4015 3578 4068 καὶ
3615 4014 3738 4066 οὐδὲ

2149 4121 2311 4183 ἄλλας
2331 4119 2400 4172 τά
2422 4118 2643 4172 πετεινὰ
2675 4117 2770 4172 τοῦ
2803 4114 3032 4188 οὐρανοῦ
3071 4112 3389 4185 ήσωτήριος
3416 4110 3473 4163 ὲν
3523 4109 3734 4172 τούτοις

2149 4212 2369 4283 ᾐνίξατο
2419 4210 2720 4282 παραϐολή·
2775 4208 2851 4271 ὡς
2904 4205 3138 4278 ἔμπαλιν
3177 4203 3263 4258 διὰ
3283 4204 3381 4274 τῆς
3408 4200 3502 4255 τοῦ
3532 4201 3729 4272 σπόρου

2149 4303 2248 4366 τὰς
2279 4301 2600 4365 ἐπιϐούλους
2622 4301 2733 4355 τῶν
2751 4298 3054 4372 ἀνθρώπων
3083 4297 3270 4368 ὲδήλου
3288 4295 3559 4364 δυνάμεις,
3587 4296 3729 4364 ὁμω-

2147 4394 2329 4465 νύμως
2360 4393 2582 4446 πετεινά
2613 4391 2844 4464 οὐρανοῦ
2880 4392 3058 4461 φήσας
3099 4387 3454 4460 διηρπακέναι
3486 4387 3574 4438 τὸν
3597 4385 3720 4437 σπόσ

2151 4503 2240 4558 ρον
2263 4486 2371 4540 τῶν
2390 4503 2460 4539 πα
2470 4484 2541 4558 ρὰ
2577 4483 2675 4554 τὴν
2708 4482 2826 4536 ὁδὸν
2849 4479 3262 4548 ὑποδεξαμένων
3294 4479 3474 4532 αὐτόν.

2805 4571 2916 4623 KA'
2946 4569 3080 4641 (l7).

2222 4669 2332 4721 Kal.
2357 4665 2530 4721 ταῦτα
2575 4666 2632 4720 δὲ
2671 4663 2988 4734 ἀναγκαίως
3013 4665 3042 4716 ὁ
3074 4663 3266 4736 Σωτὴρ
3299 4665 3410 4726 τοῖς
3438 4658 3605 4714 αὐτοῦ
3635 4675 3736 4730 μα-

2149 4759 2341 4831 θηταῖς
2379 4757 2701 4830 παρεδίδου,
2751 4756 2905 4809 νόσον
2946 4753 3374 4826 ἁργαλεωτάτην
3418 4752 3519 4824 τῆς
3552 4748 3737 4804 αὐτῶν

2147 4851 2348 4922 ψυχῆς,
2385 4849 2691 4921 χαυνότητα
2736 4865 2795 4901 τε
2848 4847 2943 4901 καὶ
2984 4845 3303 4910 ἀλαζονείαν
3346 4842 3593 4914 ἰώμενος,
3642 4841 3736 4893 καὶ

2149 4945 2375 4998 κωλύων
2404 4943 2463 4996 τὸ
2498 4941 2859 5014 μεγάλαυχον,
2917 4939 2991 5004 ὡς
3044 4939 3110 4993 ἂν
3167 4940 3375 5010 μήποτε
3423 4933 3741 5005 ὲπαρθεῖεν,

2153 5037 2291 5108 μηδέ
2323 5055 2375 5090 τι
2402 5036 2547 5108 μέγα
2582 5035 2719 5106 μηδὲ
2748 5035 3096 5103 ὑπερήφανον
3131 5029 3259 5101 περὶ
3289 5026 3498 5081 ἑαυτῶν
3535 5026 3736 5097 φρονή-

2152 5146 2325 5184 σαιεν.
2356 5129 2607 5182 Διδάσκει
2632 5127 2689 5180 δὲ
2711 5127 2970 5196 ἄντικρυς
2991 5124 3074 5192 ἐφ’
3093 5125 3222 5194 ήμῖν
3241 5119 3455 5174 κεῖσθαι
3477 5119 3538 5172 τὸ
3567 5117 3748 5171 εἰσελ-

2151 5222 2284 5288 θεῖν,
2315 5222 2347 5293 ἢ
2385 5221 2480 5293 μὴ,
2515 5222 2596 5285 εἰς
2623 5219 2720 5291 τὴν
2751 5217 3024 5289 βασιλείαν
3057 5216 3149 5268 τοῦ
3187 5213 3341 5268 Θεοῦ.
3369 5215 3432 5267 Εἰ
3457 5213 3565 5284 γὰρ
3597 5211 3748 5266 κατὰ

2146 5310 2238 5363 τὸν
2267 5309 2545 5364 Ματθαίον
2565 5308 2900 5382 στραφέντες
2937 5305 3234 5376 γενοίμεθα
3261 5305 3335 5368 ὼς
3351 5305 3419 5358 τὰ
3457 5305 3629 5372 νήπια
3664 5307 3740 5377 τῇ

2149 5403 2317 5475 κακίᾳ
2347 5403 2706 5475 νηπιάζοντες
2735 5399 2880 5454 κατά
2921 5400 3012 5452 τὸν
3057 5398 3400 5461 Ἀπόστολον,
3439 5399 3532 5451 καὶ
3565 5399 3613 5449 εἰ
3644 5396 3740 5450 δε-

2144 5495 2375 5565 χοίμεθα
2409 5495 2508 5565 τὴν
2547 5489 2828 5563 βασιλείαν
2873 5490 2950 5552 ὡς
3001 5489 3210 5542 ἁπλοῦν
3249 5490 3345 5542 καὶ
3369 5487 3750 5557 ἀπειρόκακω

2146 5585 2377 5651 παιδίον,
2410 5586 2506 5638 καὶ
2538 5587 2585 5638 εί
2605 5585 2665 5637 τὸ
2691 5582 2930 5654 καθαρὸν
2959 5580 3053 5635 καὶ
3081 5582 3342 5652 ἀμίαντον
3367 5582 3466 5652 τῆς
3482 5580 3750 5653 παιδικῆς

522 5670 567 5700 ⁵³
589 5669 679 5726 Ps.
706 5686 895 5736 xxxvi,
931 5669 989 5724 2.
1064 5670 1112 5702 ⁸⁸
1146 5669 1233 5726 Ps.
1273 5685 1506 5737 cxxvm,
1548 5672 1602 5725 6.
1677 5673 1936 5732 "Matth.
1967 5693 2056 5732 xvr

2164 5679 2203 5734 5.
2285 5679 2372 5732 ⁵⁸1
2405 5679 2531 5733 Cor.
2563 5693 2678 5744 xw,
2700 5676 2794 5731 ΞΟ.

524 5761 632 5834 (l7)
674 5761 730 5816 ln
788 5763 975 5834 codice
1021 5763 1090 5834 Α.
1142 5761 1356 5834 [245.
1419 5762 1473 5816 b.
1522 5763 1716 5834 titulus
1768 5769 2030 5824 mendose

453 5831 688 5902 scriptus
712 5833 1012 5889 Ελύσεϐίου
1039 5831 1322 5902 δευτέρας
1349 5831 1702 5903 θεορὰνους.
1731 5837 1850 5894 sine
1871 5840 2037 5895 dubio

2138 5772 2495 5838 corrigendus
2513 5771 2586 5824 Εὐ
2596 5769 2778 5825 σεθίου
2799 5769 2840 5825 δ’
2863 5765 3216 5838 Θεοφανείας,
3237 5765 3451 5822 Eusebii
3475 5765 3528 5821 in
3544 5775 3750 5838 quarto

2147 5840 2522 5903 Theopltaniw.
3051 5839 3061 5847 ’
3095 5839 3106 5848 ’
