4116 6408
477 406 584 466 685

1806 411 1903 469 ‘DE
1940 412 2398 473 THEOI’HANIA.

3605 416 3709 475 880

477 524 693 596 ἡλικίας
724 523 1057 599 ζηλώσομεν,
1100 528 1515 602 εἰσελευσόμεθα
1556 532 1636 595 εἰς
1669 531 1839 604 αὑτήν
1858 550 1872 565 ·
1903 534 2028 589 ma

2144 537 2532 603 adamabimus,
2599 535 2650 591 in
2700 550 2923 609 regnum
2971 533 3357 594 introibimus:
3406 534 3514 592 imo
3542 538 3706 593 etiam

476 619 570 672 καὶ
593 618 689 672 ἐὰν
721 620 1117 692 εύνουχίσωμεν
1149 623 1372 686 ἐαυτοὺς
1396 622 1481 677 διὰ
1512 624 1610 695 τὴν
1636 624 1908 696 βασιλείαν
1938 626 2044 681 τῶν

475 709 750 780 οὐρανῶν·
784 711 924 765 οὕτω
956 712 1064 784 γάρ
1102 731 1185 777 τις
1231 714 1476 785 ἐκτεμὼν
1514 716 1611 788 τῆς
1643 717 1835 771 ἐαυτοῦ
1867 718 2046 790 ψυχῆς

478 802 584 854 πᾶν
614 802 675 854 τὸ
696 803 917 875 αἰσχρὸν
942 807 1036 860 καὶ
1063 806 1358 860 ἀκόλαστον
1390 807 1582 872 πάθος,
1618 812 1666 862 εί
1698 810 1793 863 καὶ
1820 810 1919 882 τὴν
1949 812 2043 865 τοῦ

477 890 726 962 σώματος
772 896 984 965 ἡλικίαν
1043 897 1401 970 προϐεϐηκὼς
1447 900 1531 972 εἴη
1576 901 1732 973 ἀνὴρ,
1787 903 2044 975 στραφεὶς

473 982 667 1051 γένοιτ’
684 985 749 1038 ἂν
769 986 843 1050 ὡς
871 988 1099 1042 παιδίον.
1123 991 1182 1043 Εἰ
1215 989 1272 1043 δέ
1309 992 1472 1062 μηδὲν
1486 992 1688 1047 τούτων
1718 993 2040 1067 πράξαιμεν,

471 1074 743 1144 ἀποφάσει
778 1078 871 1132 τοῦ
920 1080 1172 1153 Σωτῆρος
1216 1082 1728 1155 ὑποϐληθησόμεθα,
1773 1087 1910 1157 μετὰ
1949 1085 2041 1140 τοῦ

478 1166 624 1237 ἀμὴν
650 1169 1090 1242 ἀποφηναμένου,
1118 1174 1198 1226 ὅτι
1229 1175 1368 1245 εἰμὴ
1399 1175 1704 1247 πράξαιμεν
1724 1178 1917 1245 ταῦτα,
1943 1179 2043 1233 οὐκ

478 1256 628 1314 ἔσται
659 1261 788 1332 ἡμῖν
818 1264 1088 1335 εἰσιτητὸν
1120 1266 1201 1328 εἰς
1234 1265 1331 1337 τὴν
1355 1266 1647 1336 βασιλείαν.

1119 1355 1224 1407 KB'
1256 1354 1388 1427 (te).

550 1440 740 1513 Ὁμοία
785 1444 840 1497 δὲ
888 1444 1038 1517 παρὰ
1067 1445 1146 1517 τῷ
1186 1448 1450 1521 Ματθαίῳ
1501 1453 1678 1505 κεῖται
1733 1452 2037 1525 παραδολή.

469 1531 714 1603 Ὠσπερ,
763 1536 871 1608 γάρ
911 1554 1096 1608 φησιν,
1141 1537 1427 1611 ἄνθρωπος
1467 1542 1763 1614 ἀποδημῶν
1817 1544 2040 1597 ἐκάλεσε

466 1625 591 1687 τοὺς
623 1625 784 1691 ίδίους
814 1627 1051 1695 δούλους,
1087 1632 1181 1685 καὶ
1212 1625 1256 1699 ᾧ
1284 1632 1382 1703 μὲν
1408 1633 1573 1687 ἔδωκε
1600 1635 1759 1688 πέντε
1783 1636 2038 1700 τάλαντα,

465 1708 509 1781 ᾧ
556 1717 613 1770 δὲ
645 1718 754 1784 δύο,
862 1721 916 1774 δὲ
951 1722 1042 1775 ἔνο
1076 1725 1197 1777 ἐπεὶ
1240 1725 1408 1780 πολλὰ
1445 1728 1700 1799 τυγχάνει
1766 1729 1837 1783 τὰ
1887 1730 2041 1802 χαρί-

464 1824 644 1879 σματα
673 1810 914 1883 διάφοροί
934 1832 992 1867 τε
1020 1814 1111 1868 τοῦ
1142 1816 1294 1884 ἁγίου
1318 1818 1629 1891 Πνεῦματος
1656 1823 1710 1876 αἱ
1733 1821 2039 1893 διαιρέσεις,

2147 628 2194 683 si
2241 636 2451 683 nosmet
2505 634 2731 695 propter
2777 640 3000 695 regnum
3052 628 3317 683 caelorum
3379 629 3707 698 spadonabi-

2145 734 2265 774 mus
2301 719 2411 791 (l8)
2441 736 2455 786 ;
2488 720 2567 775 sic
2596 719 2740 774 enim
2770 717 2934 772 homo
2964 719 3263 789 praecidens
3305 734 3371 775 ex
3400 720 3579 775 anima
3607 735 3708 776 sua

2147 821 2355 881 turpem
2408 813 2703 883 quamlibet
2762 824 2817 870 et
2878 815 3328 884 intemperantem
3378 812 3703 883 passionem,

2141 906 2245 959 etsi
2302 906 2544 974 corporis
2594 914 2753 961 aetate
2818 907 2929 977 jam
2977 907 3063 960 vir
3104 905 3362 971 evaserit,
3410 918 3707 958 conversus

2143 995 2237 1049 ﬁet
2271 1005 2524 1064 tanquam
2552 1012 2704 1065 puer.
2730 996 2824 1051 Sin
2852 1011 2980 1052 vero
3005 996 3141 1051 nihil
3165 996 3357 1050 horum
3388 993 3703 1058 fecerimus,

2154 1087 2463 1143 Servatoris
2512 1089 2795 1143 sententiae
2850 1088 3223 1158 subjiciemur,
3283 1100 3405 1141 cum
3467 1084 3704 1142 dictione

2152 1192 2310 1233 amen
2347 1179 2770 1246 interminantis,
2802 1179 2945 1248 quod
2970 1180 3071 1234 nisi
3106 1179 3180 1233 ita
3215 1192 3312 1233 nos
3356 1177 3701 1249 gesserimus,

2142 1286 2249 1327 non
2277 1272 2482 1340 patebit
2510 1272 2667 1327 nobis
2693 1274 2762 1329 ad
2787 1286 3011 1341 regnum
3034 1270 3311 1326 introitus.

2839 1360 2981 1417 XXII
2987 1398 3003 1419 .
3268 1355 3272 1361 ’

2214 1446 2323 1504 Par
2377 1450 2518 1520 apud
2572 1448 2886 1505 Matthaeum
2931 1465 3149 1521 quoque
3188 1458 3369 1506 exstat
3420 1442 3699 1519 parabola.

2141 1541 2352 1597 Etenim
2385 1543 2569 1606 homo,
2603 1550 2662 1595 ut
2698 1543 2794 1607 ait,
2828 1556 3053 1613 peregre
3082 1540 3458 1611 proﬁciscens,
3495 1541 3706 1596 vocavit

2142 1646 2330 1688 servos
2376 1648 2536 1701 suos;
2568 1642 2623 1687 et
2658 1634 2749 1687 uni
2780 1634 2997 1703 quidem
3029 1633 3176 1688 dedit
3208 1632 3451 1703 quinque
3481 1634 3702 1697 talenta,

2142 1722 2298 1779 alteri
2327 1724 2457 1788 duo,
2489 1723 2649 1778 tertio
2668 1724 2900 1793 denique
2927 1738 3094 1778 unum
3120 1722 3168 1756 ⁸⁷
3192 1740 3207 1788 ;
3238 1726 3365 1792 quia
3391 1723 3557 1777 multa
3580 1732 3708 1777 sunt

2145 1815 2311 1880 dona,
2339 1823 2394 1868 et
2417 1815 2649 1869 diversae
2676 1814 2853 1870 sancti
2899 1813 3138 1884 Spiritus
3175 1814 3554 1880 diribitiones;
3586 1812 3707 1867 uni-

464 1900 678 1973 ἑκάστῳ
695 1903 751 1955 δὲ
779 1905 980 1961 δίδοται
1006 1908 1143 1979 πρὸς
1169 1908 1230 1962 τὸ
1257 1911 1533 1983 συμφέρον
1552 1930 1565 1942 ·
1584 1914 1794 1981 γένοιτο
1816 1914 1880 1967 ἄν
1905 1931 2028 1967 ποτε

2141 1906 2339 1976 cuique
2380 1915 2559 1962 autem
2597 1906 2756 1961 datur
2775 1907 3188 1977 proutexpedit.
3209 1906 3483 1977 Contingit
3510 1907 3707 1978 quippe

464 1992 493 2045 ὁ
532 1991 631 2060 μέν
660 2011 745 2057 τις
774 1995 893 2058 ἐνὸς
936 1997 1161 2069 μέτοχος
1194 2001 1549 2073 χαρίσματος,
1580 2004 1607 2055 ό
1631 2003 1688 2056 δέ
1719 2004 1883 2069 δυοῖν,
1922 2005 1950 2057 ό
1977 2004 2032 2057 δὲ

463 2087 723 2141 πλειόνων
747 2105 762 2120 ⁸
791 2090 962 2156 οὕτως
993 2091 1084 2147 οὖν
1106 2096 1336 2168 εἴρηται,
1362 2098 1439 2169 τῷ
1463 2101 1560 2170 μὲν
1597 2100 1838 2155 δεδόσθαι
1871 2103 2032 2155 πέντε

460 2182 718 2247 τάλαντα,
748 2186 1016 2241 τοσούτων
1049 2192 1402 2261 χαρισμάτων
1426 2192 1512 2245 διὰ
1536 2193 1631 2247 τοῦ
1674 2195 1827 2263 ἁγίου
1862 2196 2031 2249 Πνεύι

461 2456 716 2526 κρίσεως,
756 2461 834 2513 ὅτι
876 2462 1009 2533 μηδὲ
1038 2465 1207 2518 πολλά
1244 2466 1480 2539 εἰληφὼς
1521 2470 1595 2534 ὡς
1633 2471 1937 2541 ἀποκνῆσαι
1964 2475 2030 2545 τῇ

460 2545 567 2598 τῶν
584 2548 840 2603 πλειόνων
855 2553 1103 2624 ἐργασίᾳ,
1122 2554 1240 2608 οὐδὲ
1263 2557 1356 2609 τοῦ
1378 2558 1494 2622 ἑνὸς
1515 2560 1604 2612 τὸν
1621 2562 1829 2631 καρπὸν
1848 2563 2031 2632 ἐπορί·

463 2655 613 2703 σατο,
640 2641 808 2711 ἀργὸν
835 2642 891 2694 δὲ
924 2644 1053 2697 αὐτὸ
1097 2646 1357 2714 φυλάξας,
1389 2652 1480 2704 καὶ
1515 2652 1589 2722 μὴ
1630 2652 1887 2723 μεταδοὺς
1920 2654 2035 2707 ett.

464 2744 597 2799 ροις,
618 2734 938 2805 στερήσεται
959 2736 1053 2790 καὶ
1064 2738 1252 2794 τούτου
1271 2742 1411 2795 κατά
1435 2743 1533 2814 τὴν
1554 2746 1816 2815 σωτήριον
1829 2746 2035 2815 ἀπόφα-

461 2839 563 2885 σιν,
583 2824 894 2895 ἐλέγχοντος
908 2828 1068 2882 αὐτὸν
1086 2830 1178 2884 τοῦ
1200 2834 1384 2904 κριτοῦ
1399 2836 1489 2887 ἐπὶ
1499 2836 1665 2908 ἀργίᾳ
1679 2836 1772 2889 καὶ
1784 2838 2030 2908 ὀκνηρίᾳ,

459 2916 552 2968 καὶ
589 2916 826 2987 φοϐερὰν
846 2919 1073 2991 ἀπειλὴν
1113 2923 1206 2975 καὶ
1234 2923 1413 2993 κρίσιν
1447 2926 1719 2997 ἀπότομον
1734 2926 2031 2980 κατάύτοῦ

458 3002 797 3076 ἐκφέροντος.
832 3008 895 3060 Οί
921 3009 976 3061 δὲ
998 3011 1090 3063 καὶ
1119 3012 1380 3066 πλειόνων
1408 3015 1501 3068 τοῦ
1528 3016 1684 3084 ἁγίου
1715 3018 1855 3070 Πνεύ
1864 3032 2033 3088 ματος

457 3094 747 3167 ἠξιωμένοι
778 3101 1159 3171 χαρισμάτων,
1206 3100 1322 3158 εἶτα
1351 3105 1554 3161 τούτων
1579 3109 1669 3161 τὸν
1704 3109 1912 3181 καρπὸν
1943 3109 2033 3163 διὰ

456 3192 552 3260 τῆς
583 3193 887 3263 πρακτικῆς
914 3195 1177 3264 ἐργασίας
1198 3198 1748 3264 πολυπλασιάσαντες,
1774 3202 1915 3255 κατὰ
1939 3204 2030 3256 τὸν

2135 1998 2425 2068 aliquando
2460 2008 2519 2052 ut
2553 1999 2749 2069 aliquis
2809 2014 2916 2053 uno
2946 2000 3086 2055 dono
3117 2000 3372 2069 potiatur,
3402 2000 3611 2056 duobus
3636 1998 3707 2053 al-

2135 2098 2236 2151 ter,
2273 2090 2416 2143 alius
2449 2088 2682 2158 denique
2714 2089 2981 2158 pluribus.
3021 2091 3115 2145 Sic
3172 2106 3303 2161 ergo
3346 2091 3548 2146 dictum
3596 2100 3703 2155 est,

2133 2180 2225 2234 alii
2262 2180 2477 2249 quidem
2509 2180 2632 2234 data
2667 2179 2836 2236 fuisse
2870 2181 3111 2251 quinque
3135 2183 3360 2248 talenta,
3417 2184 3542 2253 quia
3581 2184 3707 2238 lotio

2015 2328 2030 2353 ,
2133 2271 2254 2325 dem
2299 2271 2473 2324 sancti
2532 2271 2770 2339 Spiritus
2839 2271 2981 2326 dona
3014 2271 3084 2325 illi
3122 2272 3380 2327 attributa
3422 2281 3579 2328 sunt:
3614 2273 3703 2327 alii

2008 2410 2034 2421 _
2134 2374 2315 2419 autem
2346 2365 2487 2419 haud
2536 2365 2781 2427 totidem,
2818 2365 2912 2420 sed
2940 2380 3105 2419 unum
3141 2366 3327 2419 datum
3377 2363 3581 2430 fuisse;
3610 2366 3700 2435 qui

2134 2456 2436 2527 graviorem
2469 2457 2879 2511 damnationem
2910 2455 3167 2526 perferet,
3197 2458 3322 2527 quia
3361 2474 3484 2513 cum
3533 2458 3701 2512 multa

2134 2564 2241 2603 non
2292 2550 2614 2618 accepisset,
2666 2563 2735 2603 ne
2788 2548 2926 2603 forte
2973 2550 3040 2604 ad
3092 2550 3379 2620 operosius
3429 2551 3701 2621 negotium

2134 2646 2412 2709 torperet;
2455 2638 2805 2694 nihilominus
2833 2655 2901 2694 ne
2931 2654 2997 2693 ex
3041 2655 3147 2695 uno
3198 2640 3413 2710 quidem
3466 2640 3698 2697 fructum

2135 2731 2421 2797 retulerit;
2456 2735 2597 2801 quod
2627 2747 2751 2787 cum
2784 2733 2931 2787 iners
2962 2732 3338 2800 custodiverit,
3382 2746 3555 2803 neque
3583 2733 3703 2788 aliis

2135 2822 2297 2878 fuerit
2335 2824 2660 2893 impertitus,
2710 2824 2815 2879 hoc
2858 2826 2974 2895 ipso
3023 2819 3362 2896 spoiiabitnr,
3405 2826 3701 2881 secundum

2135 2914 2440 2972 Servatoris
2465 2916 2710 2984 elfatum,
2741 2919 3037 2973 damnante
3059 2934 3180 2973 eum
3204 2918 3389 2989 judice
3415 2919 3482 2974 de
3511 2933 3703 2974 socor-

2134 3008 2221 3061 dia
2282 3018 2444 3077 atque
2495 3009 2729 3079 ignavia,
2784 3009 3164 3080 terribilesque
3212 3011 3384 3066 minas
3423 3020 3480 3067 et
3524 3012 3701 3068 diram

2135 3099 2458 3153 sententiam
2497 3098 2760 3153 adversus
2789 3114 2914 3153 eum
2946 3098 3175 3153 ferente.
3224 3096 3326 3164 Qui
3363 3113 3492 3154 vero
3547 3098 3702 3168 plura

2134 3191 2305 3244 sancti
2340 3190 2575 3259 Spiritus
2597 3205 2823 3245 munera
2866 3190 3055 3245 collata
3080 3191 3405 3258 habuerunt,
3428 3200 3483 3247 et
3510 3193 3703 3248 deinde

457 3283 643 3354 καιρὸν
674 3284 774 3354 τῆς
802 3285 909 3339 τῶν
943 3263 1113 3355 λόγων
1144 3291 1457 3361 συνάρσεως
1486 3291 1666 3357 δεξιᾶς
1704 3263 1796 3345 καὶ
1822 3293 2028 3363 ἀγαθῆς

2140 3282 2327 3336 harum
2365 3284 2604 3336 fructum
2646 3296 2879 3351 operoso
2914 3282 3102 3338 labore
3143 3281 3596 3352 multiplicarunt,
3646 3283 3701 3338 hi
3742 3332 3745 3339 ,

462 3376 763 3445 μαρτυρίας
794 3377 1092 3444 τεύξονται.
1132 3382 1218 3433 Ἐν
1244 3381 1444 3451 ὀλίγοις
1476 3382 1585 3454 γὰρ
1611 3384 2028 3454 δοκιμασθέντας

2134 3389 2241 3441 quo
2271 3382 2515 3442 tempore
2544 3374 2814 3427 rationum
2858 3373 2965 3427 dati
3002 3383 3057 3428 et
3098 3373 3308 3442 accepti
3338 3372 3563 3429 collatio
3589 3374 3699 3437 lict,

456 3469 567 3530 τοῖς
600 3468 739 3521 κατά
769 3470 859 3522 τὸν
885 3472 1154 3526 ἐνεστῶτα
1182 3473 1313 3544 βίον,
1343 3476 1603 3545 μειζόνων
1632 3478 1739 3529 τῶν
1769 3477 1907 3530 κατά
1940 3478 2028 3529 τόν

2132 3465 2366 3519 faustum
2407 3466 2718 3534 bonumque
2745 3465 3115 3519 testimonium
3172 3464 3427 3521 referent.
3460 3463 3702 3535 Namque

458 3558 716 3627 μέλλοντα
730 3561 900 3616 αἰῶνα
913 3564 1005 3615 καὶ
1022 3564 1284 3635 οὐρανίων
1306 3567 1553 3621 ἐπάθλων
1568 3568 1909 3633 καταξιώσει.
1929 3569 2031 3622 Τὸν
2132 3556 2185 3610 in
2215 3555 2405 3624 νευοῑε
2430 3557 2708 3624 Ρτοδθῑοεν
2747 3556 2800 3610 ί¹¹
2831 3564 3095 3625 Ρτθῖεθηιθ
3127 3556 3384 3609 nimirum
3417 3556 3550 3623 νίιθ»
3580 3572 3699 3611 ma‘

452 3648 509 3702 δὲ
525 3652 759 3722 πονηρὸν
777 3654 869 3706 καὶ
888 3654 1116 3727 ὀκνηρὸν
1141 3656 1324 3712 δοῦλον
1350 3659 1572 3727 ἐλέγξας
1596 3662 1687 3713 ἐπὶ
1710 3664 1774 3732 τῇ
1799 3661 2028 3733 πονηρίᾳ

2127 3648 2337 3717 joribus
2371 3646 2423 3700 in
2455 3645 2636 3700 futuro
2683 3645 2881 3700 saeculo
2913 3657 2968 3700 et
2993 3645 3309 3701 ccclestibus
3347 3646 3586 3714 praemiis
3628 3646 3702 3700 di-

455 3743 549 3795 καὶ
572 3744 649 3813 τῷ
664 3744 827 3816 ὄκνῳ,
842 3749 907 3816 τῇ
927 3748 1277 3823 προσηκούσῃ
1293 3751 1605 3822 παραδώσει
1618 3753 1742 3824 δίκῃ
1756 3768 1769 3783 ο
1803 3752 2029 3823 ὀκνηρὸν

458 3834 556 3902 μὲν
586 3836 752 3889 αὐτὸν
777 3838 945 3891 εἰπὼν
978 3840 1066 3893 διὰ
1094 3840 1155 3893 τὸ
1190 3842 1353 3912 μηδὲν
1380 3844 1627 3915 ἐθελῆσαι
1668 3843 1775 3897 τῶν
1803 3843 2029 3897 δεόντων

453 3924 817 3994 ἐργάσασθαι,
861 3930 1096 4001 πονηρὸν
1133 3932 1190 3985 δέ
1226 3932 1313 3986 διὰ
1344 3933 1404 3985 τὸ
1443 3935 1711 4005 τολμῆσαι
1753 3935 1915 4003 φάναι
1952 3933 2029 4005 τῷ

452 4014 643 4068 ἐαυτοῦ
678 4017 872 4089 κυρίῳ,
912 4020 1192 4092 Αὐστηρὸς
1234 4019 1285 4075 εἷ
1320 4025 1622 4096 ἄνθρωπος,
1650 4028 1743 4079 καὶ
1774 4026 1842 4079 τὰ
1877 4026 2024 4096 ἑξῆς.

465 4101 793 4172 Ἀπελέγξας
823 4107 952 4175 γοῦν
968 4110 1127 4163 αὑτὸν
1154 4112 1416 4183 πρότερον
1439 4114 1514 4177 ὡς
1532 4115 2024 4183 ἐναντιολογοῦντα,

451 4196 546 4248 καὶ
580 4198 642 4249 ἐκ
666 4196 757 4249 τοῦ
786 4199 1052 4270 στόματος
1086 4204 1422 4275 κατακρίνας
1461 4206 1645 4271 αὑτὸν,
1674 4208 1776 4272 ὅτι,
1823 4210 2026 4282 καίπερ

449 4288 611 4341 αὐτὸν
630 4290 801 4361 αύστη
812 4291 901 4362 ρὸν
923 4294 1016 4345 καὶ
1040 4295 1415 4367 ἀπαραίτητον
1448 4297 1641 4370 κριτὴν
1663 4295 1801 4353 εἶναι
1823 4301 1894 4372 φή
1904 4317 2024 4368 σας,

450 4379 600 4450 ὅμως
632 4383 1033 4454 κατεφρόνησεν
1078 4387 1152 4450 ὠς
1194 4387 1359 4458 μηδὲν
1391 4390 1594 4457 ἀγαθὸν
1628 4390 1849 4461 θελῆσαι
1880 4394 2025 4462 πρᾶα

449 4470 555 4537 ξαι,
581 4473 925 4546 δικαιοτάτην
944 4474 1138 4541 ἐξοίσει
1159 4479 1258 4549 τὴν
1280 4480 1399 4532 κατ’
1430 4479 1595 4533 αὐτοῦ
1623 4480 1821 4551 ψῆφον,
1850 4483 2026 4553 σκότῳ

2130 3738 2387 3808 gnabitur
2415 3737 2697 3791 Dominus.
2732 3737 2798 3791 At
2832 3752 2960 3793 vero
2996 3752 3228 3807 nequam
3281 3752 3499 3792 servum
3538 3747 3595 3793 et
3622 3740 3700 3808 pi-

2130 3844 2307 3898 grum,
2344 3830 2587 3884 incusata
2616 3827 2732 3897 ejus
2757 3829 3104 3898 improbitate
3126 3838 3180 3884 et
3198 3828 3432 3899 ignavia,
3463 3844 3700 3900 congrua

2129 3937 2289 3991 poena
2324 3921 2553 3988 adiciet;
2601 3925 2879 3979 socordem
2927 3936 3048 3977 eum
3075 3922 3390 3992 lappellans,
3417 3923 3542 3992 quia
3575 3922 3698 3977 olli-

2129 4015 2272 4069 cium
2304 4030 2413 4069 non
2439 4015 2752 4084 praastiterit
2782 4033 2796 4081 ;
2835 4030 3063 4085 neqnam
3096 4024 3301 4081 autem,
3327 4014 3451 4083 quia
3484 4014 3699 4070 domino

2129 4119 2228 4161 suo
2265 4107 2449 4161 dicere
2477 4122 2643 4162 ausus
2681 4107 3162 4175 fuerit,§Austerus
3187 4121 3247 4161 es
3276 4107 3459 4170 homo,
3490 4115 3544 4160 et
3578 4106 3699 4161 reli-

2128 4212 2254 4269 qua.
2282 4200 2451 4271 Igitur
2485 4216 2549 4256 eo
2578 4210 2837 4271 coarguto
2862 4201 3009 4270 quod
3060 4200 3418 4270 repugnantia
3449 4200 3699 4269 loquere-

2130 4301 2238 4359 tur,
2266 4303 2322 4348 et
2344 4310 2410 4348 ex
2438 4309 2531 4349 ore
2558 4293 2674 4363 ejus
2706 4293 2995 4356 damnans,
3026 4293 3152 4362 quia
3182 4308 3303 4348 cum
3354 4307 3477 4347 eum
3521 4301 3697 4346 auste-

2128 4398 2248 4438 rum
2275 4393 2329 4438 et
2358 4383 2747 4438 inexorabilem
2774 4382 3010 4453 judicem
3044 4397 3165 4438 esse
3200 4384 3450 4447 dixisset,
3506 4382 3700 4437 nihilo-

2133 4476 2316 4529 rninus
2345 4484 2456 4529 tam
2504 4474 2667 4530 fuerit
2695 4475 2970 4543 negligens
3000 4483 3059 4529 ut
3085 4474 3220 4529 nihil
3261 4490 3425 4544 agere
3460 4476 3585 4530 boni
3617 4490 3698 4529 vo-

450 4566 725 4637 παραδοὺς
781 4567 941 4620 αὐτὸν
991 4568 1264 4641 ἐξωτάτῳ,
1318 4572 1394 4635 ὡς
1436 4573 1497 4626 ού
1540 4573 1698 4643 μόνον
1725 4573 1891 4645 ἀργὸν
1924 4575 2019 4628 καὶ

2127 4565 2313 4628 luerit,
2347 4564 2711 4634 iustissimam
2747 4566 2886 4620 feret
2926 4566 2979 4620 in
3008 4580 3130 4620 eum
3166 4564 3522 4629 sententiam,
3560 4574 3697 4620 tene.

449 4657 707 4728 πονηρὸν,
761 4658 896 4712 ἀλλά
938 4662 1031 4713 καὶ
1076 4664 1291 4734 ἀχρεῖον
1333 4665 1428 4717 καὶ
1474 4665 1779 4735 ἀπόϐλητον
1814 4665 2016 4722 δοῦλον.

447 4749 599 4814 Δόξει
631 4750 730 4821 μὲν
751 4746 842 4804 οὖν
869 4752 1211 4824 ἀπεριέργως
1232 4755 1354 4807 ὅσον
1382 4756 1474 4807 ἐπὶ
1502 4758 1567 4826 τῇ
1585 4755 1874 4827 ἀκολουθίᾳ
1896 4757 2023 4827 περὶ

449 4838 542 4891 τοῦ
584 4839 748 4911 μηδὲν
776 4842 1170 4913 ἐργασαμένου,
1198 4844 1334 4897 ἀλλά
1368 4845 1784 4916 ἀποκρύψαντος
1822 4846 1884 4898 τὸ
1923 4845 2021 4899 τά-

450 4931 643 4987 λαντον
662 4975 676 4999 ,
699 4933 843 4988 τοῦτ’
878 4935 1150 5007 εἰρῆσθαυ
1180 4937 1303 4989 ἐπεὶ
1335 4937 1393 4989 δὲ
1418 4937 1479 4990 τὸ
1506 4940 1584 5001 εἰς
1604 4939 1749 5009 ἡμᾶς
1760 4931 1891 5008 ἧκον
1910 4936 2019 5008 (20)

462 5025 769 5097 Ἑϐραϊκοῖς
834 5026 1209 5099 χαρακτῆρσιν
1253 5027 1578 5095 Εὐαγγέλιον
1632 5027 1731 5099 τὴν
1789 5026 2020 5099 ἀπειλὴν

448 5117 510 5170 οὐ
549 5119 690 5173 κατὰ
720 5118 813 5173 τοῦ
858 5118 1275 5192 ἀποκρύψαντος
1305 5118 1530 5189 ἐπῆγεν,
1576 5119 1711 5174 ἀλλά
1754 5119 1894 5174 κατὰ
1928 5120 2020 5174 τοῦ

520 5208 565 5240 ⁸⁷
598 5210 784 5266 Matth.
826 5227 954 5277 xxv,
978 5213 1064 5267 14.

523 5302 635 5370 (18)
680 5302 812 5357 Utor
844 5306 945 5358 hoc
974 5307 1159 5370 verbo,
1193 5304 1333 5368 quod
1354 5313 1440 5357 est
1471 5303 1522 5356 in
1566 5302 1884 5372 fragmentis
1911 5317 2010 5354 an-

450 5372 775 5439 tiquissimis
804 5376 1003 5428 veteris
1028 5375 1169 5432 Itala:
1200 5375 1390 5428 Matth.
1421 5389 1533 5435 tux,
1556 5374 1641 5437 12,
1678 5390 1707 5427 a
1741 5389 1826 5427 me
1850 5374 2009 5425 editis

446 5457 567 5495 cum
593 5444 778 5514 sancti
813 5444 1098 5513 Augusuni
1129 5444 1362 5514 genuino
1394 5439 1653 5514 Speculo_;
1709 5445 1871 5513 idque
1916 5457 2009 5494 vo-

446 5512 697 5585 pabulum
750 5515 802 5585 in
853 5512 973 5568 nteo
1014 5512 1228 5584 quoque
1284 5513 1552 5585 glossario
1603 5512 1797 5581 Spicil.
1840 5521 1880 5565 t.
1928 5528 2009 5575 ix,

442 5580 563 5654 iure
592 5584 783 5652 scripsi
812 5603 825 5638 :
858 5586 989 5637 Sunt
1028 5580 1311 5654 Spadones',
1353 5594 1486 5647 etc.,
1514 5585 1603 5653 qui
1634 5600 1688 5638 se
1727 5585 1865 5651 ipsos
1891 5598 2014 5654 ερα-

445 5651 769 5726 dottarernut
801 5669 1016 5726 propler
1037 5651 1274 5726 regnum.
1310 5656 1427 5726 Quo
1454 5651 1867 5726 pidgfscnsuhet
1901 5653 2017 5726 qui-

444 5723 566 5795 dem
608 5724 713 5778 huc
771 5722 1297 5795 respiciensfetiam
1350 5724 1717 5779 Tertullianus
1770 5722 1844 5778 De
1888 5722 2015 5776 cult.

591 5808 666 5863 ιι,
684 5794 837 5864 dixit,
854 5791 910 5850 se
934 5796 1254 5876 spadonatui
1276 5797 1546 5866 assignant
1573 5804 1786 5867 propter
1804 5808 2020 5861 regnum

2126 4656 2309 4710 nebris
2364 4655 2729 4710 exterioribus
2774 4669 2898 4709 eum
2963 4655 3206 4721 tradens,
3265 4669 3369 4708 non
3430 4656 3589 4709 modo
3643 4664 3698 4710 ut

2123 4746 2409 4803 socordem
2438 4755 2494 4799 et
2520 4760 2770 4815 nequam.
2801 4759 2986 4799 verum
3020 4745 3185 4801 etiam
3224 4755 3283 4799 ut
3320 4745 3568 4800 inutilem
3607 4749 3699 4800 do-

2124 4853 2320 4907 moque
2366 4837 2676 4907 pellendum
2724 4836 3005 4892 famulum.
3050 4838 3336 4892 Videbitur
3376 4852 3504 4907 ergo
3536 4852 3697 4906 appa-

2126 4940 2325 4996 renter,
2356 4928 2500 4984 haud
2530 4929 2664 4983 satis
2690 4939 2944 4983 accurate
2977 4928 3119 4997 quod
3144 4930 3338 4983 attinet
3358 4930 3423 4981 ad
3445 4943 3698 4982 sensuum

2129 5022 2429 5092 sequelam,
2464 5020 2567 5074 hoc
2601 5021 2667 5075 de
2712 5021 2806 5075 illo
2838 5020 3006 5075 fuisse
3058 5020 3261 5074 dictum
3285 5021 3377 5088 qui
3411 5018 3544 5072 nihil
3569 5034 3696 5087 ope-

2134 5132 2263 5172 rans
2318 5115 2581 5170 talentum
2634 5113 2943 5169 abscondit.
3003 5113 3162 5169 Certe
3210 5114 3353 5184 quod
3417 5112 3695 5167 Hebraicis

2184 5297 2297 5369 (l9)
2344 5297 2458 5352 Hoc
2516 5311 2732 5366 quoque
2786 5297 2975 5369 ingens
3012 5297 3372 5369 fragmentum
3402 5311 3581 5369 usque
3628 5297 3695 5353 ad

2114 5366 2286 5423 verba
2331 5378 2582 5440 extrema
2638 5366 2952 5440 παραδώσει
3003 5366 3148 5440 δίκῃ,
3201 5368 3590 5440 gerit__titulum
3624 5371 3693 5440 ‘in

2113 5439 2301 5495 codice
2333 5437 2543 5509 A354.
2576 5439 2628 5509 ρ.
2654 5435 2950 5492 Εὑσεϐίου
2980 5439 3047 5501 β.
3084 5435 3409 5509 ((-iitthiglis
3437 5451 3597 5509 supra
3616 5435 3694 5507 β.)

2116 5508 2476 5578 Θεοφανείας
2509 5522 2527 5561 :
2564 5506 2803 5572 Eusebii,
2834 5509 2968 5578 libro
2998 5504 3183 5575 quarto
3211 5504 3586 5578 Tltebphaniw.

2185 5576 2298 5653 ('29)
2327 5580 2498 5653 Etiam
2527 5579 2578 5653 in
2608 5579 2827 5653 Syriaca
2859 5576 3314 5653 Theophanialib.
3347 5590 3419 5653 tv,
3456 5576 3694 5653 lg,_lau-

2119 5644 2213 5705 dat
2238 5644 2506 5706 Eusebius
2536 5644 2814 5716 Evangelii
2848 5644 3130 5716 exemplar
3169 5644 3452 5699 Hebraicis
3481 5646 3694 5716 (idest

2118 5719 2395 5791 Syriacis)
2449 5718 2643 5772 litteris
2670 5715 2947 5791 scriptum.
2977 5715 3107 5791 _.lam
3148 5728 3276 5791 vero
3304 5731 3427 5769 cum
3464 5715 3517 5770 in
3549 5715 3692 5791 χοι.

2120 5786 2447 5847 bibliotheca
2472 5794 2639 5843 codex
2664 5798 2840 5842 exstet
2869 5787 3128 5857 Syriacus
3167 5786 3266 5840 sub
3290 5801 3514 5841 numero
3549 5786 3694 5854 XIX,

2123 5862 2336 5925 prisous
2378 5860 2514 5914 adeo
2555 5868 2613 5913 ut
2660 5857 2877 5914 Eusebii
2929 5865 3143 5914 aetatem
3193 5862 3480 5924 ermquarc
3542 5872 3694 5914 posse
