4116 6398
444 397 552 454 687

1172 395 1437 451 EUSEBII
1473 390 1940 450 CESARIENSIS
1975 391 2125 450 OPP.
2168 391 2347 448 PARS
2385 393 2473 448 IV.
2511 419 2582 433 —
2615 391 3036 448 DOGMATICA.
3140 403 3148 414 '

3566 397 3670 448 688

447 514 642 570 litteris
693 513 1060 585 conscriptum
1103 513 1456 583 Evangeiium
1505 513 1571 568 ad
1613 528 1714 568 nos
1768 513 1997 577 devenit,

2103 511 2324 576 ἀσώτως
2363 512 2634 583 ὲζηκότος.
2677 511 2838 584 Τρεῖς
2864 511 2972 582 γὰρ
3010 510 3230 575 δούλους
3276 511 3549 582 περιεῖχε,
3579 512 3672 564 τὸν

447 610 626 664 minas
673 608 794 664 illas
843 607 987 663 haud
1035 616 1226 663 contra
1253 606 1443 662 talenti
1471 607 1880 673 occultatorem,
1908 605 2000 662 sed

447 713 636 759 contra
663 701 938 756 luxuriose
965 699 1235 756 viventem
1284 699 1540 756 intendit.
1575 698 1710 755 Tres
1743 699 1887 753 enim
1928 696 2002 754 ibi

449 804 909 865 repraesentantur
934 796 1082 850 servi
1099 811 1114 856 ;
1139 794 1278 850 alius
1311 793 1510 850 domini
1541 793 1895 848 substantiam
1918 791 2005 845 de-

444 898 644 938 vorans
671 897 795 938 eum
825 883 1200 939 meretricibus
1222 893 1276 937 et
1296 881 1644 946 saltricibus;
1677 880 1815 936 alter
1839 893 2004 950 opere

444 973 843 1043 multiplicans;
874 975 1068 1030 tertius
1085 975 1344 1029 talentum
1361 973 1664 1028 occultans.
1696 972 1898 1026 Deinde
1924 970 2004 1025 ait

443 1080 606 1119 unum
636 1065 852 1135 quidem
902 1065 1162 1121 benevole
1209 1075 1516 1136 exceptum,
1556 1065 1780 1121 alterum
1817 1079 2001 1133 repre-

443 1159 671 1214 hensum
705 1159 1100 1222 tantummodo,
1127 1159 1343 1212 tertium
1370 1159 1422 1213 in
1445 1157 1658 1213 vincula
1677 1156 2000 1227 conjectum.

441 1255 689 1324 Ambigo,
732 1269 800 1308 an
833 1253 971 1308 forte
1004 1254 1145 1323 apud
1183 1253 1494 1307 Matthaum
1528 1262 1645 1323 post
1695 1251 2000 1308 absolutum

441 1355 628 1402 contra
661 1346 906 1417 ignavum
938 1359 1155 1400 servum
1207 1359 1541 1407 sermonem,
1587 1359 1707 1414 qua:
1756 1341 2002 1414 sequitur

438 1437 730 1504 sententia,
763 1438 904 1492 haud
933 1437 984 1490 in
1013 1435 1178 1500 hunc,
1224 1435 1317 1490 sed
1348 1451 1444 1504 per
1473 1434 1826 1506 epanalepsin
1859 1433 2000 1488 dicta

437 1522 601 1578 fuerit
663 1524 921 1579 adversus
993 1522 1364 1578 comedentem
1422 1533 1476 1577 et
1530 1524 1799 1580 bibentem
1874 1536 2000 1578 eum

436 1615 690 1671 ebriosis.

508 1704 633 1759 limo
680 1703 845 1775 igitur
899 1704 972 1760 ita
1008 1705 1148 1773 apud
1198 1705 1508 1759 Mattlneum
1578 1703 1720 1758 dicta
1784 1702 2002 1756 luerunt

437 1795 493 1850 in
519 1805 703 1851 monte
730 1795 1002 1860 Olearum,
1025 1797 1113 1851 ubi
1137 1796 1397 1853 Senator
1417 1810 1540 1850 cum
1567 1793 1845 1863 discipulis
1869 1808 2003 1849 eon-

435 1887 635 1943 sistens
663 1889 728 1944 de
754 1889 937 1944 mundi
983 1887 1447 1943 consummatione
1489 1886 1812 1942 disserebat.
1856 1885 2002 1940 Prae-

440 1979 644 2034 dictam
679 1990 859 2034 autem
883 1981 1196 2050 parabolant
1227 1981 1374 2036 solus
1404 1979 1582 2035 Lucas
1608 1985 2000 2034 commemorat

438 2078 696 2140 tanquam
754 2072 951 2126 dictam
985 2088 1014 2126 a
1071 2071 1362 2128 Servatore
1414 2087 1522 2142 quo
1559 2079 1806 2140 tempore
1857 2069 1998 2138 apud

440 2156 843 2214 Hieriehuntem
872 2159 1100 2232 degebat
1131 2160 1200 2215 ⁸⁸.
1231 2161 1411 2229 Quare
1448 2175 1547 2216 nec
1578 2160 1824 2215 eamdem
1860 2159 2001 2213 hanc

435 2265 558 2306 eum
585 2250 670 2304 illa
698 2265 817 2306 esse
841 2253 1140 2320 putandum
1165 2262 1270 2319 est,
1301 2253 1558 2322 quoniam
1587 2265 1707 2323 qua:
1741 2250 1794 2305 in
1820 2250 2002 2306 amba-

434 2342 538 2397 bus
568 2342 839 2412 leguntur,
883 2344 1024 2398 haud
1057 2343 1250 2399 similia
1301 2353 1448 2401 sunt.
1479 2341 1576 2398 Hic
1623 2342 1766 2398 enim
1815 2341 1997 2398 decem

435 2434 696 2490 dicuntur
723 2433 891 2500 servi,
916 2434 1024 2489 illic
1048 2434 1190 2488 haud
1226 2435 1340 2503 pari
1376 2447 1621 2489 numero.
1672 2431 1772 2488 llic
1800 2431 1995 2502 singuli

433 2524 675 2597 singulas
701 2525 876 2581 minas
897 2525 1188 2596 accipiunt,
1217 2525 1326 2581 illic
1345 2526 1484 2580 alius
1507 2526 1746 2596 quinque
1777 2526 1995 2593 talenta,

449 2617 590 2672 alter
614 2617 742 2683 duo,
776 2617 969 2673 tertius
987 2632 1150 2672 unum
1180 2617 1398 2688 accipit.
1443 2617 1540 2673 Hic
1572 2618 1663 2686 qui
1692 2617 2000 2688 dccuplavit

439 2709 669 2775 minam,
698 2708 850 2763 audit
877 2724 894 2762 :
930 2706 1100 2777 Euge,
1127 2721 1284 2764 serve
1319 2709 1460 2763 bone
1489 2716 1546 2762 ct
1565 2707 1760 2772 ﬁdelis,
1784 2709 1908 2778 quia
1944 2709 1997 2763 in

447 2796 673 2852 minimo
700 2796 848 2852 fuisti
876 2797 1070 2864 ﬁdelis,
1100 2808 1219 2854 esu:
1241 2806 1564 2868 potestatem
1600 2799 1805 2854 habens
1841 2814 2000 2870 super

433 2890 621 2944 decem
652 2890 834 2946 urbes.
853 2889 952 2957 Qui
981 2900 1161 2947 autem
1193 2905 1259 2947 ex
1287 2907 1388 2948 una
1417 2891 1546 2947 fecit
1572 2891 1830 2962 quinque,
1850 2893 2000 2948 simi-

445 2977 575 3033 liter
588 2979 740 3035 audit
771 2995 787 3034 :
817 2981 897 3036 Tu
924 2995 1140 3052 quoque
1171 2997 1330 3053 supra
1391 2982 1626 3053 quinque
1677 2983 1836 3039 urbes
1860 2991 1998 3039 esto.

436 3067 498 3126 In
527 3070 854 3127 talentorum
886 3087 1016 3128 vero
1031 3074 1287 3144 parabola
1315 3074 1596 3130 dicebatur
1622 3091 1638 3131 :
1661 3089 1815 3146 euge,
1846 3090 2000 3131 serve

437 3163 608 3228 bone;
639 3162 692 3218 in
718 3163 908 3232 paucis
931 3163 1082 3221 luisti
1112 3164 1302 3234 ﬁdelis,
1335 3180 1498 3236 super
1526 3151 1698 3222 multa
1727 3175 1780 3222 te
1803 3166 2002 3224 consti-
2027 3206 2070 3265 ο

439 3265 587 3312 tuam
613 3274 629 3325 ;
659 3259 800 3313 intra
829 3258 883 3312 in
909 3259 1163 3330 gaudium
1195 3259 1398 3316 domini
1425 3259 1524 3316 tui.

506 3530 620 3601 Age
665 3544 795 3584 vero
839 3529 1108 3598 parabola:
1151 3529 1580 3600 explanationem
1634 3531 1700 3586 ad
1748 3546 2004 3603 compen-

431 3623 581 3679 dium
611 3621 988 3690 conferentes,
1020 3623 1093 3676 ita
1123 3623 1381 3679 dicimus.
1416 3625 1840 3681 Arbitrabantur
1870 3641 2003 3680 non-

433 3716 584 3786 nulli,
611 3717 786 3786 primo
818 3714 1128 3772 Servatoris
1149 3716 1320 3772 nostri
1347 3715 1580 3771 adventu
1623 3729 1848 3786 regnum
1883 3717 2002 3788 ejus

430 3809 569 3878 fore,
600 3809 763 3879 idque
785 3817 914 3863 tunc
942 3807 1283 3889 incepturum
1317 3807 1706 3864 existimabant
1729 3810 1911 3864 statim
1938 3825 2003 3866 ac

432 3901 805 3973 Hierosolyma
867 3901 1224 3956 ascendisset.
1264 3900 1414 3956 Adeo
1469 3901 1590 3955 illos
1643 3901 2002 3963 admiratione

430 3993 782 4063 perculerant
827 3999 1040 4061 patrata
1085 3991 1156 4047 ab
1219 3991 1337 4062 ipso
1389 3991 1669 4047 miracula.
1727 3991 2002 4049 Adversus

433 4083 576 4140 hanc
590 4083 904 4154 opinionem
931 4081 1193 4138 Servatur
1217 4083 1406 4148 docet,
1447 4081 1590 4138 haud
1624 4092 1750 4138 ante
1776 4098 1806 4137 a
1841 4082 2002 4140 Patre

430 4190 492 4232 se
518 4190 744 4246 regnum
776 4183 1153 4244 accepturum,
1193 4189 1356 4243 quam
1397 4189 1623 4245 peregre
1665 4173 1734 4230 ab
1762 4175 2002 4231 homini-

432 4270 532 4326 bus
557 4270 626 4325 ad
659 4267 878 4324 Patrem
907 4267 1128 4324 abierit.
1164 4265 1221 4321 ld
1250 4281 1382 4321 vero
1415 4267 1519 4322 hac
1563 4267 1814 4336 parabola
1856 4267 2002 4323 allir-

430 4363 600 4417 mavit
630 4362 821 4418 dicens
853 4377 869 4416 :
901 4360 1075 4414 Homo
1099 4359 1318 4430 quidam
1353 4359 1544 4414 nobilis
1573 4359 1701 4414 abiit
1741 4361 1797 4414 in
1831 4362 2002 4432 regio.

430 4467 546 4507 item
571 4451 936 4522 longinquam,
964 4461 1018 4504 ut
1039 4449 1296 4517 acciperet
1319 4448 1417 4503 sibi
1443 4465 1680 4520 regnum,
1705 4459 1755 4504 et
1776 4452 2000 4517 rediret;

2105 607 2201 678 μὲν
2247 607 2629 676 καταφαγόντα
2672 605 2770 676 τὴν
2812 601 3045 675 ὓπαρξιν
3087 600 3182 655 τοῦ
3230 601 3492 656 δεσπότου
3533 603 3672 672 μετὰ

2102 698 2316 771 πορνῶν
2356 701 2450 752 καὶ
2480 696 2845 768 αὐλητρίδων,
2885 695 2976 748 τὸν
3020 695 3077 748 δὲ
3120 693 3672 748 πολλαπλασιάσαντα

2099 785 2198 855 τὴν
2238 785 2517 856 ἐργασίαν,
2535 784 2624 838 τὸν
2645 784 2702 838 δὲ
2718 781 3144 852 κατακρύψαντα
3163 783 3224 836 τὸ
3243 782 3523 837 τάλαντον·
3551 779 3672 837 εἷτα

2099 876 2190 930 τὸν
2221 877 2318 948 μὲν
2353 873 2844 947 ἀποδεχθῆναι,τὸν
2875 873 2931 926 δὲ
2969 873 3285 945 μεμφθῆναι
3305 873 3592 946 μόνον,τδν
3615 874 3670 927 δὲ

2103 967 2522 1037 συγκλεισθῆναι
2577 965 2955 1038 δεσμωτηρίῳ.
3012 964 3304 1035 Ἐφίστημι
3331 1005 3346 1027 ,
3418 967 3628 1036 μήποτε
3654 1005 3668 1030 ,

2100 1057 2242 1110 κατὰ
2266 1060 2357 1111 τὸν
2377 1057 2668 1118 Ματθαῖον,
2694 1055 2831 1126 μετὰ
2853 1055 2952 1127 τὴν
2975 1055 3192 1125 συμπλη
3202 1072 3367 1126 ρωσιν
3391 1055 3485 1108 τοῦ
3513 1055 3670 1122 λόγου

2099 1151 2198 1222 τὴν
2225 1150 2366 1204 κατὰ
2383 1150 2476 1204 τοῦ
2509 1149 2674 1220 μηδὲν
2688 1148 3064 1221 ἰργασαμένου
3096 1151 3129 1220 ἡ
3161 1149 3286 1220 ἑξῆς
3311 1146 3668 1220 ἐπιλεγομένη

2099 1241 2296 1313 ἀπειλὴ
2323 1242 2382 1296 οὑ
2408 1241 2536 1311 περὶ⁵
2569 1239 2756 1305 αὐτοῦ,
2793 1239 2929 1293 ἀλλὰ
2963 1241 3091 1311 περὶ
3129 1239 3225 1294 τοῦ
3256 1239 3520 1312 προτέρου
3548 1239 3671 1292 κατ’

2100 1333 2435 1405 ἐπανάληψιν
2456 1333 2704 1386 λέλεκται
2726 1331 2819 1384 τοῦ
2842 1331 3112 1397 ἐσθίοντος
3138 1331 3232 1385 καὶ
3261 1332 3505 1397 πίνοντος
3533 1330 3672 1404 μετὰ

2099 1427 2206 1481 τῶν
2239 1425 2563 1497 μεθυόντων.

2169 1698 2353 1752 Ταῦτα
2409 1697 2508 1770 μὲν
2552 1694 2643 1752 οὖν
2682 1698 2855 1764 οὕτως
2887 1699 3097 1771 εἴρηται
3156 1702 3306 1771 παρὰ
3360 1698 3452 1753 τοῦ
3509 1701 3668 1755 Ματ-

2101 1790 2251 1844 θαίου
2278 1791 2371 1844 ἐπὶ
2401 1790 2492 1844 τοῦ
2519 1791 2679 1862 ὅρους
2723 1791 2831 1844 τῶν
2869 1791 3113 1856 Ἐλαιῶν,
3136 1791 3229 1845 τοῦ
3277 1793 3527 1863 Σωτῆρος
3558 1795 3672 1857 τοῖς

2101 1881 2262 1936 αὑτοῦ
2321 1883 2588 1954 μαθηταῖς
2631 1884 2880 1947 συνόντος
2935 1884 3028 1937 καὶ
3081 1883 3150 1938 τὰ
3183 1883 3310 1955 περὶ
3345 1884 3444 1954 τῆς
3487 1900 3672 1938 συντε-

2100 1975 2250 2039 λείας
2299 1976 2847 2048 προδιαστελλομένου
2876 1993 2892 2007 ⁶
2945 1977 3044 2050 τὴν
3077 1977 3134 2030 δὲ
3169 1977 3534 2049 προκειμένην
3570 1995 3673 2032 πα-

2102 2067 2334 2140 ραϐολὴν
2363 2069 2523 2139 μόνος
2545 2071 2757 2134 Λουκᾶς
2799 2071 3299 2142 ἀπεμνημόνευσεν,
3331 2072 3410 2136 ὡς
3439 2072 3533 2125 τοῦ
3562 2074 3672 2127 Σω-

2099 2157 2264 2229 τῆρος
2300 2159 2580 2229 εἰρηκότος
2606 2160 2773 2230 αὐτὴν
2788 2159 2911 2214 καθ’
2934 2161 2992 2214 ὃν
3021 2161 3209 2233 χρόνον
3235 2161 3294 2215 ὲν
3336 2153 3550 2234 Ἱεριχδί
3577 2162 3672 2226 τὰς

2097 2247 2378 2319 διατριϐὰς
2433 2252 2682 2304 ἐποιεῖτο.
2730 2251 2930 2326 Διόπερ
2975 2253 3096 2306 οὐδὲ
3143 2253 3240 2324 τὴν
3272 2254 3441 2326 αὐτὴν
3491 2255 3670 2329 ἐκείνῃ

2098 2339 2302 2410 ταύτην
2358 2335 2497 2393 εἶναι
2529 2341 2884 2412 ὑποληπτέον,
2911 2344 3034 2398 ἐπεὶ
3069 2345 3205 2416 μηδὲ
3263 2344 3330 2399 τὰ
3381 2347 3438 2400 ὲν
3492 2348 3673 2410 αὐτοῖς

2100 2433 2374 2504 φερόμενα
2427 2434 2589 2503 ὅμοια
2641 2437 2916 2506 τυγχάνει.
2958 2437 3220 2491 Ἐνταῦθα
3276 2438 3378 2510 μὲν
3408 2439 3518 2511 γὰρ
3542 2439 3675 2493 δέκα

2099 2524 2347 2594 λέγονται
2371 2525 2568 2590 δοῦλοι,
2603 2527 2720 2580 ἐκεῖ
2750 2527 2807 2580 δὲ
2855 2528 2916 2582 οὐ
2947 2529 3192 2584 τοσοῦτοι
3212 2547 3225 2560 ·
3262 2532 3356 2584 mi.
3382 2531 3612 2585 ἐνταῦθα
3645 2533 3676 2584 ὁ

2102 2614 2287 2680 καθεὶς
2339 2615 2442 2669 ἀνὰ
2497 2615 2624 2686 μίαν
2653 2619 2790 2687 μνᾶν
2822 2617 3108 2689 λαμϐάνει,
3143 2621 3259 2674 ἐκεῖ
3307 2621 3364 2674 δὲ
3396 2623 3425 2674 ὁ
3459 2621 3558 2692 μέν
3589 2639 3672 2686 τις

2103 2705 2262 2760 πέντε
2289 2706 2544 2771 τάλαντα,
2569 2709 2597 2760 ό
2627 2707 2684 2761 δὲ
2709 2707 2822 2771 δύο,
2844 2711 2872 2762 ό
2895 2710 2950 2764 δὲ
2987 2711 3066 2764 ἓν.
3102 2712 3209 2765 Καὶ
3246 2709 3474 2765 ἐνταῦθα
3493 2711 3522 2764 ὀ
3570 2711 3670 2782 μέν

2101 2814 2182 2862 τις
2240 2797 2678 2864 δεκαπλασιάσας
2726 2799 2824 2872 τὴν
2881 2803 3016 2872 μνᾶν
3075 2802 3278 2869 ἀκούει,
3323 2798 3434 2868 Εὖ,
3487 2801 3668 2856 δοῦλε

2101 2889 2285 2958 ἀγαθὲ
2306 2891 2403 2944 καὶ
2434 2891 2633 2955 πιστὲ,
2660 2891 2748 2944 ὅτι
2773 2893 2843 2946 ἐν
2873 2893 3172 2962 ἐλαχίστῳ
3202 2895 3416 2961 πιστὸς
3433 2893 3668 2964 ἐγένου,

2104 2981 2227 3035 ἴσθι
2280 2981 2568 3046 ἐξουσίαν
2611 2985 2768 3052 ἔχων
2817 2984 3014 3038 ἐπάνω
3065 2983 3211 3039 δέκα
3255 2985 3521 3040 πόλεων·
3558 2987 3586 3039 6
3617 2985 3671 3038 δὲ

2102 3073 2201 3145 τὴν
2235 3074 2362 3144 μίαν
2394 3075 2554 3128 πέντε
2596 3077 2826 3147 ποιήσας
2864 3075 3070 3141 ἀκούει,
3094 3077 3202 3132 Καί
3229 3076 3310 3130 σὺ
3334 3078 3505 3146 γίνου
3531 3076 3673 3130 ἐπάμ-

2103 3181 2186 3218 νω
2213 3164 2390 3220 πέντε
2416 3167 2673 3222 πόλεωνε
2723 3169 2808 3221 Ἐν
2839 3167 2895 3220 δὲ
2925 3171 2991 3240 τῇ
3025 3167 3135 3221 τῶν
3175 3168 3449 3222 ταλάντων
3491 3185 3674 3239 παρα-

2103 3257 2230 3330 ϐολῇ
2294 3259 2529 3327 ἐλέγετο,
2585 3260 2692 3326 Εὖ,
2753 3260 2935 3315 δοῦλε
2992 3262 3207 3332 ἀγαθὲ,
3249 3262 3346 3316 ἐπὶ
3391 3263 3566 3332 ὀλίγα
3602 3262 3673 3330 ἧς

2102 3350 2337 3416 πιστὸς,
2363 3350 2462 3404 ἐπὶ
2495 3351 2742 3406 πολλῶν
2777 3369 2849 3408 σε
2877 3352 3263 3421 καταστήσω·
3315 3353 3553 3409 εῖσελθε
3591 3355 3674 3421 εἰς

2100 3442 2217 3510 τὴν
2241 3441 2434 3512 χαρὰν
2457 3445 2565 3499 τοῦ
2595 3446 2818 3513 Κυρίου
2851 3462 2992 3500 σου.

2171 3535 2281 3605 Τήν
2313 3552 2377 3604 γε
2433 3535 2538 3608 μὴν
2594 3538 2674 3600 εἰς
2733 3537 2833 3608 τὴν
2874 3536 3188 3609 παραϐολὴν
3233 3537 3527 3609 ἑρμηνείαν
3558 3539 3670 3592 ὲπι·

2100 3626 2419 3697 τεμνόμενοί
2453 3645 2634 3699 φαμεν
2657 3644 2671 3658 ·
2715 3627 3014 3681 ’Υπέλαϐόν
3041 3645 3186 3691 τινες
3214 3629 3355 3683 κατὰ
3383 3629 3484 3702 τὴν
3528 3631 3674 3702 πρώ-

2099 3717 2308 3790 τηντοῦ
2333 3719 2584 3790 Σωτῆρος
2609 3718 2765 3790 ἡμῶν
2804 3719 3108 3791 παρουσίαν
3136 3720 3236 3791 τὴν
3270 3720 3549 3792 βασιλείαν
3582 3723 3675 3775 αὑ·

2098 3811 2193 3865 τοῦ
2225 3811 2547 3883 γενήσεσθαι
2567 3829 2581 3843 ο
2606 3813 2711 3866 οκαὶ
2743 3811 2900 3866 τοῦτο
2950 3810 3200 3883 ἐνόμιζον
3226 3812 3444 3868 ἔσεσθαι
3500 3831 3676 3888 παρα-

2101 3902 2286 3974 χρῆμα
2306 3904 2427 3957 τότε
2453 3902 2673 3958 ἐπειδὰν
2705 3902 2867 3974 ἐπιϐῇ
2896 3906 3008 3967 τοῖς
3051 3903 3442 3976 Ἰεροσολύμοις
3461 3922 3475 3936 ο
3504 3905 3678 3970 οὕτως

2101 3993 2426 4066 ἐξέπληττον
2472 3995 2669 4059 αὐτοὺς
2705 3995 2764 4048 αἱ
2808 3993 3122 4066 θεοσημεῖαι
3171 3995 3262 4049 ὑπ’
3293 3995 3459 4049 αὑτοῦ
3493 4013 3680 4049 συντε-

2100 4083 2376 4155 λούμεναι.
2416 4084 2560 4158 Πρὸς
2584 4085 2648 4156 δὴ
2669 4080 2763 4140 οὖν
2791 4084 2995 4156 ταύτην
3025 4085 3123 4158 τὴν
3150 4085 3404 4140 ὑπόνοιαν
3424 4088 3453 4140 ὁ
3487 4087 3680 4159 Σωτὴρ

2100 4173 2359 4240 διδάσκει,
2390 4176 2466 4246 μὴ
2499 4176 2760 4248 πρότερον
2787 4175 2949 4230 αὑτὸν
2990 4175 3142 4247 παρὰ
3181 4175 3274 4230 τοῦ
3318 4177 3530 4248 Πατρὸς
3579 4177 3679 4247 τὴν

2103 4264 2377 4335 βασιλείαν
2421 4267 2816 4340 ἀπολήψεσθαι,
2862 4269 2893 4338 ἢ
2955 4268 3052 4340 τὴν
3098 4268 3408 4340 ἀποδημίαν
3461 4268 3556 4339 τὴν
3617 4267 3677 4334 ἐξ

2101 4357 2403 4431 ἀνθρώπων
2435 4358 2570 4433 πρὸς
2615 4359 2704 4412 τὸν
2754 4359 2973 4429 Πατέρα
3028 4358 3358 4412 στείλασθαι.
3407 4357 3576 4410 Τοῦτο
3617 4357 3676 4410 δὲ

2100 4449 2188 4504 διὰ
2229 4451 2331 4522 τῆς
2379 4451 2694 4522 παραϐολῆς
2746 4453 3020 4522 παρίστη,
3071 4450 3245 4520 λέγων
3265 4467 3282 4483 ο
3344 4451 3678 4518 Ἄνθρωπός

431 4540 665 4596 nobilem
696 4541 916 4611 quidem
943 4548 1114 4597 semet
1146 4539 1424 4610 appellans
1460 4548 1676 4611 propter
1725 4541 1999 4596 carnalem

2101 4559 2190 4608 τις
2237 4543 2492 4613 εὐγενὴς
2540 4541 2831 4611 ἐπορεύθη
2875 4543 2964 4608 εὶς
3019 4541 3220 4611 χώραν
3270 4541 3528 4612 μακρὰν,
3571 4543 3681 4595 Ja-

430 4633 768 4688 nativitatcm
822 4647 984 4704 quam
1023 4648 1093 4689 ex
1126 4633 1463 4699 Abrahamo,
1512 4633 1718 4701 lsaaco,
1775 4633 2000 4700 Jacobu,

429 4724 656 4792 Davide,
687 4733 852 4796 atque
880 4727 1072 4780 horum
1105 4725 1343 4796 posteris
1367 4725 1596 4782 sortitus
1636 4738 1776 4781 erat.
1821 4725 2002 4793 Quare

429 4827 485 4874 et
511 4819 784 4874 hominem
813 4833 872 4874 se
927 4818 1245 4874 nominavit.
1275 4819 1409 4873 Dum
1441 4833 1570 4874 vero
1599 4818 1676 4873 ait
1701 4819 2000 4890 proiectum

428 4912 484 4967 in
514 4910 787 4982 regionem
820 4909 1190 4980 longinquam,
1222 4926 1378 4966 suum
1430 4909 1482 4964 in
1519 4908 1715 4965 celum
1759 4911 1824 4965 de
1859 4918 1999 4964 terra

431 5000 664 5056 reditum
704 4998 1056 5070 signiﬁcavit.
1103 4999 1324 5056 Addens
1381 4999 1633 5070 denique,
1666 5013 1726 5054 se
1779 5011 2001 5071 accepto

430 5106 600 5161 regno
627 5104 995 5155 reversurum,
1039 5093 1333 5146 secundam
1383 5105 1540 5145 suam
1587 5090 1998 5158 theopbaniam,

429 5183 720 5249 gloriosam
745 5192 908 5252 atque
932 5181 1189 5252 regalem,
1217 5181 1512 5238 denotavit.
1542 5179 1713 5236 Porro
1733 5183 2004 5252 praedicta:

433 5281 678 5344 tempore
707 5273 1164 5342 peregrinationis
1190 5286 1382 5327 servos
1411 5270 1557 5326 illius
1589 5271 1719 5326 dicit
1748 5282 2001 5342 acceptas

432 5367 607 5421 minas
664 5366 880 5422 diverso
927 5381 1182 5422 successu
1241 5364 1410 5420 fuisse
1470 5365 1774 5434 negotiatos
1805 5384 1819 5421 :
1851 5367 2003 5421 cives

432 5471 558 5515 vero
585 5459 828 5529 ejusdem
868 5460 971 5530 ipsi
1021 5458 1284 5526 infensos,
1319 5458 1483 5514 missa
1536 5466 1659 5530 post
1701 5472 1822 5514 eum
1857 5460 2004 5534 lcga-

499 5575 546 5607 "'
575 5573 702 5632 Luc.
737 5591 849 5640 xu,
880 5575 966 5630 Η.

433 5671 719 5743 videatur;
770 5672 926 5740 isque
978 5673 1159 5743 lingua
1218 5670 1504 5730 Pakestina
1576 5677 1852 5732 contineat
1916 5694 1991 5734 ss.

434 5738 742 5816 Evangelia,
781 5738 976 5812 cupide
1011 5738 1255 5816 consului
1287 5761 1412 5799 num
1461 5745 1532 5801 ibi
1587 5747 1702 5803 hare
1734 5748 1991 5816 parabola

431 5810 508 5869 ita
521 5810 812 5883 legeretur,
840 5810 901 5868 ut
931 5814 1092 5871 modo
1114 5816 1191 5871 ait
1212 5815 1477 5873 Eusebius
1501 5833 1517 5885 ;
1541 5819 1634 5875 sed
1656 5810 1989 5877 contrarium

2110 4632 2235 4687 ϐεῖν
2298 4631 2489 4698 ἑαυτῷ
2555 4633 2882 4697 ,ϐασιλείαν
2950 4633 3048 4686 καὶ
3116 4633 3530 4702 ὑποστρέψαιο
3590 4633 3682 4687 εὑ-

2107 4727 2239 4798 γενῆ
2287 4726 2382 4798 μὲν
2419 4725 2610 4780 ἑαυτὸν
2665 4723 2846 4779 καλῶν
2893 4725 2981 4780 διὰ
3029 4724 3128 4796 τὴν
3167 4725 3308 4779 κατὰ
3368 4726 3548 4797 σάρκα
3592 4725 3684 4794 γέ-

2107 4837 2251 4874 νεσιν
2302 4819 2362 4885 ἐξ
2410 4817 2654 4891 Ἀϐραὰμ
2689 4819 2782 4873 καὶ
2825 4818 3011 4872 Ἰσαὰκ
3069 4818 3163 4872 καὶ
3221 4817 3446 4882 Ἰακὼϐ,
3505 4818 3570 4871 ἐκ
3622 4834 3684 4871 τε

2107 4912 2271 4966 Δαϐ“ιδ
2299 4914 2390 4966 καὶ
2421 4911 2530 4966 τῶν
2552 4912 2739 4966 τούτου
2770 4910 3027 4981 διαδόχων
3050 4911 3421 4982 γεγενημένην
3440 4927 3456 4942 ο
3481 4908 3564 4963 διδ
3588 4912 3686 4964 καὶ

2106 5005 2389 5077 ἄνθρωπον
2413 5005 2602 5059 ἑαυτὸν
2625 5001 2895 5076 ὠνόμαζε.
2929 5003 3116 5071 Λέγων
3141 5002 3217 5070 δὲ,
3250 5003 3567 5070 Ἐπορεύθη
3595 5005 3688 5070 εἰς

2107 5097 2306 5168 χώραν
2329 5098 2585 5168 μακρὰν,
2615 5101 2714 5172 τὴν
2741 5099 2850 5154 ἀπὸ
2871 5098 2974 5168 γῆς
3001 5099 3082 5162 εἰς
3102 5097 3325 5170 οὐρανὸν
3355 5095 3540 5150 ἄνοδον
3561 5097 3689 5148 ἑαυ-

2101 5189 2195 5242 τοῦ
2215 5191 2309 5262 ὲση
2319 5208 2502 5261 μανεν.
2522 5191 2824 5264 Ἐπιφέρων
2843 5191 2900 5244 δὲ
2928 5190 3008 5254 τὸ,
3033 5186 3239 5245 λαϐεῖν
3270 5189 3487 5244 ἑαυτοῦ
3512 5186 3691 5253 ,ϐασι-

2104 5285 2280 5338 λείαν
2311 5285 2410 5339 καὶ
2438 5283 2838 5354 ὑποστρέψαι,
2861 5283 2960 5354 τὴν
2995 5283 3250 5353 δευτέραν
3283 5283 3450 5336 αὑτοῦ
3490 5283 3691 5353 θεοφά-

2105 5390 2270 5435 νειαν.
2291 5375 2390 5448 τὴν
2417 5373 2623 5441 ἔνδοξον
2643 5379 2737 5429 καὶ
2763 5374 3066 5446 βασιλικὴν,
3093 5374 3353 5447 παρίστη.
3389 5375 3547 5428 Ἀλλὰ
3574 5373 3692 5447 γὰρ

2105 5468 2244 5522 κατὰ
2266 5468 2362 5540 τὴν
2384 5468 2660 5540 λεχθεῖσαν
2680 5465 2984 5537 ἀποδημίαν
3007 5468 3132 5530 τοὺς
3157 5468 3253 5538 μὲν
3279 5466 3443 5522 αὑτοῦ
3467 5466 3658 5521 δούλου
3674 5488 3704 5540 ς

2102 5679 2338 5750 comperi
2363 5696 2389 5759 ;⁸
2407 5677 2481 5735 ita
2510 5690 2566 5735 ut
2593 5677 2657 5734 de
2684 5675 2792 5733 alio
2819 5675 3120 5748 exemplari
3143 5661 3693 5747 loquatur-Eusebius

2100 5765 2323 5808 HOCESIB
2345 5759 2442 5806 811..
