4116 6408
493 407 600 461 695

1201 409 1467 466 EUSEBII
1503 403 1972 463 CJESARlENSlS
2008 402 2158 454 OPP.
2203 402 2379 457 PARS
2415 400 2504 458 lV.
2538 433 2608 443 —
2647 400 3064 458 DOGMATICA.

3626 401 3731 456 696

494 537 629 577 zona
660 521 873 578 lumbos
904 520 1205 593 pra‘eincti,
1245 522 1476 591 panibus
1510 520 1716 592 azymis
1745 517 2058 591 degustatis,

2167 513 2374 583 τροφῆς
2403 531 2462 566 τε
2497 511 2718 584 ἀζύμων
2764 511 2941 584 ἀρτων
2975 512 3334 582 μετίσχοντες,
3369 523 3462 562 και
3487 509 3619 574 πόας
3643 529 3732 564 πι·

493 614 694 684 intybis
717 615 883 670 etiam
907 613 1188 684 appositis,
1215 612 1282 668 de
1321 615 1438 668 loco
1476 613 1530 669 in
1559 613 1758 680 locum,
1806 612 1856 665 id
1881 620 1964 665 est
1994 610 2063 664 de

493 703 871 777 Egypt'torum
905 707 1126 776 regione
1151 705 1204 760 in
1230 706 1528 772 desertum,
1557 705 1908 761 transierunt.
1939 703 2064 758 Ilaec

493 795 568 849 illi
602 810 763 866 agere
815 795 868 849 in
918 795 1188 850 mandatis
1219 797 1547 861 habuerunt,
1589 809 1712 850 cum
1751 794 1896 848 caede
1945 793 2063 848 ovis

489 900 714 955 esuque.
779 884 1141 950 Quamobrem
1198 886 1286 940 illa
1353 901 1419 940 ex
1475 884 1710 957 Egypto
1759 885 2057 954 digressio,

490 989 689 1030 nomen
721 973 1003 1046 fecitapud
1034 975 1285 1032 Hebraeos
1314 976 1453 1033 festo
1478 980 1764 1033 transitus.
1791 978 2058 1034 Ca-terum

493 1065 608 1120 haec
642 1065 696 1120 in
727 1065 896 1136 figura
936 1065 1043 1121 illis
1069 1069 1494 1138 contingebant;
1530 1069 1700 1124 nostri
1731 1079 1910 1124 autem
1937 1083 2062 1138 gra-

489 1157 562 1210 tia
593 1157 798 1226 scripta
828 1158 1045 1212 fuerunt
1075 1160 1142 1214 ⁶⁰.
1171 1161 1346 1230 Atque
1384 1161 1455 1215 ita
1493 1159 1693 1215 Paulus
1734 1161 2061 1231 interpreta-

489 1257 597 1314 tur,
635 1249 762 1304 dum
793 1251 1161 1322 symbolorum
1187 1261 1426 1308 veterum
1460 1253 1744 1308 veritatem
1773 1253 1855 1307 his
1884 1252 2060 1307 verbis

487 1336 660 1403 aperit
692 1354 707 1390 :
746 1352 868 1392 nam
903 1336 1114 1393 Pascha
1151 1351 1386 1395 nostrum
1421 1341 1724 1397 immolatus
1768 1352 1843 1397 est
1874 1340 2060 1397 Claris-

487 1435 570 1480 tua
604 1425 672 1482 ⁶¹.
698 1427 930 1482 Causam
970 1445 1102 1484 vero
1139 1429 1296 1499 hujus
1339 1432 1652 1488 immolandi
1694 1434 1931 1504 Baptista
1979 1435 2060 1491 sic

485 1517 704 1572 exhibet
733 1519 919 1574 dicens
951 1536 964 1572 :
1003 1521 1137 1576 Ecce
1158 1523 1336 1593 Agnus
1359 1522 1493 1584 'Dei,
1523 1539 1636 1578 ecce
1666 1527 1755 1594 qui
1783 1523 1914 1578 tollit
1943 1542 2060 1593 pec-

485 1617 605 1660 cata
655 1610 836 1663 mundi
875 1610 941 1665 ⁸².
989 1610 1198 1681 Reapse
1242 1613 1488 1674 victima,
1517 1615 1777 1668 malorum
1820 1616 2058 1670 omnium

485 1699 821 1767 remedium,
876 1703 991 1756 neci
1036 1703 1289 1758 traditum
1336 1704 1436 1758 fuit
1478 1704 1783 1760 Servatoris
1839 1720 2055 1774 corpus,

483 1792 627 1859 quod
686 1791 860 1847 instar
905 1793 1248 1863 expiationis,
1305 1795 1472 1851 totius
1543 1797 1726 1851 mundi
1777 1807 2055 1866 peccatum

487 1881 734 1938 abstulit.
791 1882 1084 1950 Propterea
1135 1885 1305 1941 lsaias
1358 1886 1502 1941 clare
1557 1886 2060 1942 exclamavitdlic

485 1985 698 2042 peccata
729 1985 910 2031 nostra
940 1975 1061 2045 fert,
1087 1987 1134 2030 et
1157 1993 1254 2045 pro
1287 1977 1436 2031 nobis
1458 1978 1658 2046 patitur
1688 1977 1753 2032 “.

556 2156 612 2213 2.
651 2157 823 2230 llujus
866 2173 997 2228 ergo
1029 2159 1283 2222 victimae,
1345 2158 1398 2214 id
1453 2169 1538 2216 cst
1599 2160 1908 2218 Servatoris
1967 2178 2058 2232 qut

483 2252 704 2321 proprio
731 2251 997 2321 sanguine
1051 2252 1343 2306 humanum
1390 2266 1560 2322 genus
1595 2254 1845 2319 salvavit,
1901 2255 2060 2311 intel-

482 2339 802 2396 lectualibus
865 2341 1005 2410 pasti
1057 2341 1351 2408 carnibus,
1404 2342 1656 2397 videlicet
1717 2345 2057 2414 dogmatibus

483 2444 646 2502 atque
701 2430 964 2486 doctrinis
1019 2433 1280 2488 ctelorum
1345 2439 1569 2504 regnum
1644 2435 2055 2502 nuntiantibus,

483 2523 694 2579 deliciis
725 2524 921 2580 merito
956 2524 1158 2580 divinis
1185 2524 1524 2580 deliciamur.
1568 2523 1674 2581 Sed
1703 2536 1758 2581 et
1790 2527 1895 2581 fide
1925 2543 2054 2599 erga

482 2616 800 2687 sanguinem
847 2616 989 2688 ejus,
1043 2631 1201 2686 quem
1239 2633 1336 2686 pro
1384 2627 1569 2672 nostra
1623 2621 1797 2674 salute
1855 2619 2055 2692 lytrum

485 2707 698 2774 obtulit,
729 2709 925 2762 animae
959 2707 1169 2774 domos,
1211 2709 1262 2764 id
1293 2719 1378 2765 est
1407 2725 1660 2780 corpora,
1685 2712 2054 2782 obsignantes,

483 2818 644 2858 omne
676 2818 849 2874 genus
893 2802 1264 2858 insidiantium
1291 2805 1591 2859 daemonum
1610 2821 1638 2858 a
1669 2806 1820 2861 nobis
1839 2808 2058 2862 submo-

484 2910 720 2961 vemus,
783 2896 1158 2964 transitusque
1218 2896 1614 2952 solemnitatem
1675 2897 2052 2965 celebrantes,

485 2986 721 3041 transire
774 2986 840 3041 ad
901 2987 1082 3042 divina
1139 2988 1438 3050 studemus,
1502 2987 1664 3042 veluti
1715 2989 1841 3044 olim
1884 2989 1958 3044 illi
2001 2991 2054 3044 in

482 3079 760 3133 desertum
791 3093 858 3132 ex
886 3077 1121 3148 Egypto
1138 3077 1583 3148 commigrarunt.
1619 3076 1694 3132 lta
1727 3093 1823 3133 nos
1840 3093 2054 3150 quoque

2163 601 2359 672 κρίδων
2413 604 2862 675 προσφερόμενοι,
2917 603 3080 656 τόπον
3112 603 3176 656 ὲκ
3222 601 3387 654 τόπου
3448 600 3728 667 διέϐαινον,

2160 693 2252 746 τὸν
2271 694 2378 748 ἀπὸ
2403 695 2503 766 τῆς
2533 695 2844 764 Αἰγυπτίων
2871 696 2975 768 γῆς
3016 695 3108 748 ἐπί
3138 693 3234 766 τὴν
3275 695 3496 766 ἔρημον.
3544 693 3731 748 Ταῦτα

2161 786 2290 853 γοῦν
2315 787 2498 852 αὐτοῖς
2532 789 2664 859 ὁμοῦ
2685 791 2750 860 τῇ
2782 789 2874 842 τοῦ
2907 788 3178 859 προϐάτου
3201 789 3380 858 σφαγῇ
3407 804 3466 840 τε
3495 787 3589 840 καὶ
3615 803 3734 859 τρο-

2161 881 2233 950 φῇ
2265 880 2522 950 πράττειν
2567 881 2968 952 νενομοθέτητο.
3008 881 3199 934 Ἔνθεν
3246 881 3278 951 ἡ
3341 879 3398 946 ἐξ
3451 878 3728 948 Αἰγύπτου

2163 970 2464 1038 μετάϐασις
2490 971 2586 1044 τὴν
2622 974 2728 1027 τῶν
2775 972 3135 1044 διαϐατηρίων
3189 973 3370 1034 αὐτοῖς
3414 969 3727 1040 ἐπωνυμίαν

2160 1061 2420 1135 ἐπλήρου.
2488 1067 2628 1119 Ἀλλ’
2684 1065 2912 1128 ἐκείνοις
2972 1066 3068 1136 μὲν
3107 1064 3349 1128 τυπικῶς
3395 1064 3568 1118 ταῦτα
3609 1081 3728 1118 συν-

2161 1152 2394 1217 έϐαινεν,
2441 1155 2654 1227 ἐγράφη
2697 1156 2754 1209 δὲ
2801 1156 2867 1210 δι’
2908 1158 3073 1228 ἡμᾶς.
3126 1156 3232 1210 Καί
3274 1173 3336 1225 γε
3384 1155 3726 1228 διερμηνεύει

2159 1245 2370 1311 Παῦλος
2390 1247 2494 1299 τῶν
2528 1246 2772 1300 παλαιῶν
2826 1248 3105 1320 συμϐόλων
3140 1246 3432 1316 διαφαίνων
3465 1247 3562 1318 τὴν
3593 1246 3727 1316 ἀλή-

2160 1335 2309 1392 θειαν
2335 1337 2400 1390 δι’
2425 1332 2500 1393 ὧν
2525 1356 2656 1410 φησι
2674 1357 2687 1370 ·
2725 1339 2833 1394 Kal
2862 1340 2972 1409 γὰρ
3012 1339 3078 1393 τὸ
3102 1338 3317 1407 Πάσχα
3340 1337 3510 1408 ἡμῶν
3551 1339 3726 1406 ἐτύθη

2158 1429 2426 1495 Χριστός.
2459 1430 2602 1482 Τὸδὲ
2627 1431 2797 1484 αἴτιον
2819 1431 2912 1484 τοῦ
2933 1431 3156 1502 τυθῆναι
3181 1429 3342 1483 αὐτὸν
3367 1431 3394 1482 ό
3422 1427 3728 1500 Βαπτιστὴς

2159 1520 2484 1591 παρίστησιν
2504 1521 2670 1578 εἰπών
2689 1539 2702 1554 ο
2742 1522 2853 1577 Ἴδε
2877 1525 2910 1577 ό
2946 1523 3150 1592 Ἀμνός
3175 1519 3282 1574 τοῦ
3312 1519 3458 1574 Θεοῦ
3492 1523 3525 1573 ό
3548 1522 3730 1588 αίρων

2158 1611 2274 1678 τὴν
2291 1614 2581 1680 ἁμαρτίαν
2603 1615 2708 1670 τοῦ
2731 1617 2978 1684 κόσμου.
3003 1615 3114 1669 Καὶ
3145 1615 3256 1686 γὰρ
3294 1613 3522 1683 σφάγιον
3544 1611 3728 1666 κακῶν

2157 1703 2412 1758 ἁπάντων
2443 1707 2809 1778 ἀποτρόπαιον
2847 1707 2910 1760 τὸ
2939 1706 3099 1778 σῶμα
3134 1705 3194 1758 τὸ
3227 1706 3490 1778 σωτήριον
3517 1703 3596 1775 τῷ
3631 1703 3727 1756 θα-

2162 1795 2307 1866 νάτῳ
2339 1799 2674 1870 παρεδίδοτο,
2699 1799 2727 1852 ὃ
2750 1798 2813 1869 δὴ
2860 1797 3156 1869 καθαρσίου
3183 1797 3336 1867 δίκην
3386 1793 3483 1848 τοῦ
3528 1793 3728 1858 παντὸς

2162 1892 2347 1962 ἀφεῖλε
2367 1892 2575 1963 κόσμου
2598 1894 2695 1965 τὴν
2725 1892 2996 1964 ἁμαρτίαν
3015 1909 3029 1923 ·
3072 1891 3313 1962 κέκραγε
3353 1889 3482 1958 γοῦν
3527 1889 3726 1960 τηλαυ-

2159 1985 2271 2053 γῶς
2314 1985 2578 2048 Ἠσαίας*
2639 1980 2826 2050 Οὗτος
2857 1985 2964 2050 τὰς
3010 1983 3300 2053 ἁμαρτίας
3349 1981 3514 2052 ἡμῶν
3564 1980 3726 2051 φέρει

2159 2076 2255 2129 καὶ
2277 2077 2408 2144 περί
2444 2076 2613 2145 ἡμῶν
2646 2075 2946 2131 dam-citat.

2230 2167 2294 2238 β’.
2332 2169 2532 2222 Τούτου
2570 2171 2634 2241 δὴ
2674 2169 2766 2222 τοῦ
2801 2170 3064 2242 σωτηρίου
3099 2167 3333 2239 θύματος
3386 2164 3476 2218 τοῦ
3506 2162 3582 2234 τῷ
3608 2163 3722 2233 ἰδίῳ

2159 2265 2350 2336 αἵματι
2387 2264 2450 2317 τὸ
2502 2265 2720 2318 πάντων
2772 2261 3073 2334 ἀνθρώπων
3115 2260 3266 2330 γένος
3303 2255 3722 2325 ἀνασωσαμένου

2155 2359 2276 2420 ταῖς
2329 2356 2573 2424 λογικαῖς
2619 2354 2776 2427 σαρξὶ
2829 2355 3185 2425 τρεφόμενοι,
3239 2348 3520 2420 μαθήμασι
3571 2345 3728 2416 δηλα-

2155 2446 2218 2518 δὴ
2249 2447 2342 2500 καὶ
2368 2446 2546 2514 λόγοις
2569 2444 2839 2514 βασιλείας
2863 2441 3105 2515 οὐρανῶν
3127 2438 3590 2508 καταγγελτικοῖς,
3628 2434 3728 2504 τὴν

2156 2537 2298 2592 κατά
2345 2537 2478 2591 Θεὸν
2527 2538 2751 2600 εἰκότως
2797 2534 3090 2606 τρυφῶμεν
3139 2529 3368 2603 τρυφήν.
3433 2525 3592 2581 Ἀλλὰ
3635 2524 3730 2578 καὶ

2156 2630 2334 2682 πίστει
2367 2627 2460 2682 τοῦ
2484 2629 2713 2700 αἵματος
2741 2626 2926 2689 αὐτοῦ,
2950 2625 2980 2679 ὃ
2999 2625 3061 2694 δὴ
3087 2623 3280 2693 λύτρον
3305 2621 3443 2691 ὑπὲρ
3469 2619 3568 2687 τῆς
3600 2618 3730 2686 ἠμε-

2156 2726 2323 2796 τέρας
2352 2724 2672 2779 ἀντιδέδωκε
2719 2721 3024 2793 σωτηρίας,
3054 2721 3180 2780 τοὺς
3211 2717 3386 2787 ψυχῆς
3440 2713 3617 2774 οἴκους
3659 2711 3727 2764 τὰ

2158 2816 2383 2886 σώματα
2407 2814 2958 2886 κατασημαινόμενοι,
2987 2811 3094 2863 πᾶν
3120 2809 3276 2876 γένος
3307 2805 3572 2875 δαιμόνων
3603 2804 3726 2856 ἐπι-

2157 2907 2363 2960 ϐούλων
2386 2906 2446 2971 ἐξ
2484 2904 2693 2960 ἑαυτῶν
2721 2901 3095 2971 ἀπελαύνομεν
3115 2914 3128 2928 ·
3163 2900 3260 2952 καὶ
3288 2897 3384 2968 τὴν
3417 2895 3524 2950 τῶν
3549 2892 3730 2948 διαϐα-

2154 3001 2357 3071 τηρίων
2388 2999 2580 3071 ἑορτὴν
2620 2995 3009 3059 ἐπιτελοῦντες,
3063 2992 3352 3048 διαϐαίνειν
3418 2986 3728 3060 μελετῶμεν

2156 3090 2248 3142 ἐπὶ
2279 3088 2346 3142 τὰ
2379 3088 2516 3154 θεῖα,
2551 3087 2626 3150 ὡς
2654 3085 2819 3139 πάλαι
2842 3083 2942 3154 τῆς
2991 3082 3265 3152 Αἰγύπτου
3297 3073 3730 3151 μεταϐεϐηκότες

485 3169 689 3226 invium
711 3169 984 3238 quoddam
1007 3170 1389 3238 desertumque
1417 3185 1446 3223 a
1471 3170 1655 3224 multis
1675 3169 1776 3224 iter
1799 3171 2049 3234 facimus,

2162 3180 2252 3233 ἐπὶ
2280 3180 2377 3248 τὴν
2401 3177 2628 3248 ἔρημον.
2658 3174 2842 3245 Ταύτῃ
2882 3173 3012 3242 γοῦν
3049 3172 3144 3225 καὶ
3169 3172 3330 3242 ἡμεῖς
3362 3164 3587 3260 ἀτριϐῆΔ
3607 3179 3729 3260 τινα

488 3273 641 3317 vetus
665 3261 951 3332 irreligiosi
986 3263 1189 3317 erroris
1221 3261 1548 3317 fermentum
1577 3263 1756 3316 anima
1784 3262 2055 3332 expellen-

486 3369 589 3428 tes,
635 3371 874 3428 veraque
918 3357 1098 3426 intyba
1131 3371 1316 3412 amaro
1365 3363 1421 3412 et
1454 3357 1667 3412 insuavi
1715 3356 1859 3411 victu
1897 3356 2055 3411 simul

485 3459 839 3522 apponentes.
877 3447 1116 3519 Tempus
1163 3460 1383 3518 quoque
1413 3446 1776 3501 solemnitatis
1802 3455 2058 3516 opportun-

486 3558 613 3598 num
643 3550 749 3604 est,
779 3539 921 3594 haud
956 3539 1007 3592 in
1051 3539 1286 3594 medium
1321 3539 1556 3593 hiemem
1592 3538 1896 3603 incurrens,
1937 3555 2058 3609 quae

485 3635 658 3692 tristis
717 3641 835 3700 est;
895 3647 1070 3701 neque
1119 3630 1358 3687 vicissim
1406 3631 1459 3684 in
1509 3631 1742 3684 mediam
1786 3641 2056 3696 aestatem,

485 3741 596 3798 quo
650 3735 895 3796 tempore
944 3723 1158 3780 fervens
1217 3722 1550 3789 solstitium,
1610 3724 1943 3776 versantium
2002 3723 2054 3777 in

487 3820 635 3891 agris
665 3826 1001 3874 venustatem
1035 3817 1261 3880 deterit;
1301 3815 1465 3870 nimis
1505 3815 1633 3868 item
1679 3814 1900 3885 prolixa:
1931 3825 2058 3871 sunt

489 3912 659 3976 hora‘,
720 3907 864 3964 haud
925 3907 1094 3976 aequis
1145 3906 1389 3977 partibus
1451 3904 1655 3961 divisaa.
1713 3906 1818 3962 Sed
1885 3923 2058 3977 neque

489 3999 797 4057 autumnale
843 3999 1225 4067 aequinoctium
1266 3997 1561 4066 jucundum
1618 4011 1895 4068 aspectum
1944 4014 2058 4070 pra:

489 4108 550 4148 se
581 4090 722 4155 fert,
760 4091 982 4144 viduato
1012 4104 1165 4158 agro,
1217 4099 1274 4144 et
1321 4088 1435 4143 suis
1486 4087 1747 4147 fructibus
1803 4102 2056 4161 tanquam

491 4182 618 4238 filiis
678 4181 927 4252 spoliato.
977 4181 1235 4250 Superest
1295 4197 1362 4237 ex
1409 4182 1493 4237 his
1551 4186 1673 4239 anni
1729 4186 2060 4254 temporibus

488 4275 671 4330 laetum
703 4289 820 4340 ver,
860 4273 1003 4343 quod
1051 4271 1217 4328 totius
1264 4273 1413 4338 anni,
1456 4289 1551 4329 ceu
1601 4277 1850 4347 corporis
1898 4288 2062 4349 caput

487 4374 594 4433 est,
628 4379 750 4421 cum
794 4365 872 4420 sol
917 4367 1146 4434 primam
1197 4363 1354 4418 stadii
1409 4366 1491 4419 sui
1535 4378 1744 4435 partem
1795 4368 2058 4429 decurrit,

489 4460 616 4516 luna
655 4469 835 4514 autem
875 4457 1084 4528 pariter
1118 4455 1274 4527 pleno
1316 4459 1465 4516 orbis
1512 4460 1594 4515 sui
1645 4461 1848 4514 lumine
1886 4460 2061 4514 noctis

2162 3273 2258 3326 καὶ
2287 3271 2383 3342 ερη
2393 3285 2490 3339 μον
2513 3270 2624 3331 τοῖς
2643 3266 2854 3330 πολλοῖς
2879 3262 3204 3334 στελλόμεθα
3230 3259 3471 3331 πορείαν,
3497 3253 3730 3310 παλαιὰν

2163 3361 2339 3434 ζύμην
2404 3359 2563 3413 ἀθέου
2617 3358 2824 3429 πλάνης
2894 3357 2992 3426 τῆς
3060 3354 3230 3424 αὐτῆς
3278 3351 3456 3423 ψυχῆς
3525 3347 3732 3418 ὲξόριον

2165 3451 2506 3523 ποιούμενοι,
2541 3452 2634 3504 καὶ
2668 3449 2767 3513 τὰς
2797 3447 3017 3518 ἀληθεῖς
3053 3446 3305 3517 πικρίδας
3354 3442 3441 3498 διὰ
3490 3440 3588 3511 τῆς
3638 3456 3728 3491 πι-

2162 3546 2299 3618 κρᾶς
2341 3544 2434 3596 καὶ
2479 3542 2730 3612 ἀλγεινῆς
2785 3540 2995 3610 διαίτης
3050 3536 3497 3610 προσφερόμενοι.
3546 3531 3655 3584 Καὶ
3702 3529 3732 3582 ό

2162 3637 2349 3708 καιρὸς
2377 3636 2433 3690 δὲ
2462 3637 2559 3708 τῆς
2588 3634 2777 3706 ἑορτῆς
2810 3632 3062 3705 εὔκαιρος
3083 3672 3098 3696 ,
3129 3632 3227 3685 οὐκ
3257 3633 3313 3682 ὲν
3365 3627 3500 3700 μέση
3530 3623 3734 3695 χειμῶ-

2161 3748 2251 3794 νος
2275 3730 2395 3801 ὥρᾳ
2429 3728 2778 3800 παρηγμένος
2799 3743 2812 3758 ·
2844 3725 3067 3794 στυγνὸς
3101 3724 3208 3795 γὰρ
3233 3715 3385 3784 οὗτος
3405 3737 3417 3750 ·
3462 3717 3575 3772 ἀλλ’
3627 3713 3731 3768 οὐδ’

2163 3822 2219 3872 ἐν
2247 3819 2395 3890 μέσῳ
2426 3819 2572 3889 θέρει
2596 3815 2925 3886 κατάλληλος
2956 3810 3044 3885 ἦν,
3077 3813 3196 3866 καθ’
3225 3812 3282 3865 ὃν
3339 3812 3372 3880 ἡ
3419 3807 3594 3879 τροπὴ
3621 3804 3729 3874 (24)

2165 3913 2588 3984 φλεγμαίνουσα,
2627 3910 2736 3965 τῶν
2789 3911 2909 3964 κατ’
2963 3907 3164 3980 ἀγροὺς
3223 3901 3586 3976 σχολαζόντων
3638 3914 3734 3950 πε-

2167 4005 2454 4074 ριαιρεῖται
2503 4001 2566 4055 τὸ
2627 4000 2820 4064 κάλλος
2841 4016 2854 4030 ·
2910 3998 3221 4052 πλεονεκτεῖ
3272 3993 3327 4046 δὲ
3362 3990 3457 4046 καὶ
3512 3987 3580 4040 τὰ
3625 3985 3733 4038 τῶν

2164 4095 2343 4167 ὡρῶν,
2377 4096 2478 4148 οὐκ
2510 4089 3010 4164 ἐπαμφοτερίζοντα
3029 4092 3094 4159 τῇ
3123 4084 3392 4156 ἰσομοιρίᾳ
3420 4080 3552 4151 (‘35)°
3609 4094 3735 4149 μετ-

2164 4187 2379 4260 οπώρου
2399 4187 2508 4258 γὰρ
2541 4185 2750 4258 τροπῆς
2783 4184 2883 4237 οὐκ
2933 4178 3232 4249 ἐπιτερπὴς
3260 4177 3293 4246 ἡ
3326 4174 3441 4236 θέα,
3469 4168 3732 4244 χηρευού-

2168 4297 2268 4350 σης
2305 4279 2402 4349 μὲν
2434 4279 2532 4349 τῆς
2554 4275 2758 4348 χώρας,
2785 4273 2893 4327 τῶν
2937 4273 2982 4325 δ’
3015 4269 3224 4324 οἰκείων
3280 4266 3506 4338 καρπῶν
3557 4265 3631 4328 ὼς
3668 4262 3734 4315 ἂν

2165 4371 2370 4424 τέκνων
2409 4365 2876 4438 ἀπεστερημένης.
2909 4362 3049 4432 Ἔαρ
3103 4360 3168 4430 δὴ
3230 4357 3470 4411 λείπεται
3521 4356 3580 4409 τὸ
3613 4373 3737 4424 φαι-

2165 4461 2309 4532 δρὸν,
2338 4461 2366 4513 ὃ
2391 4459 2453 4528 δὴ
2473 4459 2566 4511 τοῦ
2596 4456 2793 4518 παντὸς
2821 4455 2970 4516 ἔτους
3010 4449 3216 4522 κεφαλή
3244 4467 3327 4514 τις
3357 4445 3445 4503 οἷα
3489 4448 3736 4519 σώματος

488 4564 708 4605 cursum
742 4550 793 4603 in
820 4548 1057 4602 lucidum
1084 4547 1438 4603 transformat
1466 4550 1628 4604 diem.
1659 4550 1788 4612 Ver,
1819 4549 2058 4618 inquam,

2170 4554 2402 4622 ἡγεῖται,
2441 4550 2591 4620 ἡλίου
2649 4549 2746 4616 μὲν
2790 4546 2854 4615 δὴ
2902 4546 3026 4616 ἄρτι
3057 4543 3118 4596 τὸ
3142 4543 3353 4616 πρῶτον
3381 4542 3572 4613 τμῆμα
3597 4541 3737 4593 διιπ-

490 4639 804 4695 hiemalium
861 4639 1220 4693 tonitruorum
1287 4639 1726 4696 terriculamenta
1792 4639 2063 4703 discutit,

488 4727 648 4800 longa
692 4727 1002 4798 (noctium)
1067 4730 1356 4786 interstitia
1391 4731 1551 4792 tollit,
1596 4743 1861 4795 aquarmn
1893 4745 2066 4784 emn-

489 4820 738 4876 dationes
769 4819 1005 4874 cohibet.
1047 4819 1276 4893 Jamque
1325 4835 1462 4875 nova
1505 4818 1822 4888 splendente
1859 4820 2067 4874 sereni-

488 4922 625 4977 tate,
657 4912 946 4982 tranquilla
981 4913 1119 4968 ﬁunt.
1149 4913 1530 4982 navigantibus
1558 4912 1751 4976 maria,
1787 4913 2061 4980 sudusque

490 5018 586 5059 aer
613 5013 754 5059 terra
783 5007 886 5059 iter
913 5004 1260 5061 facientibus.
1292 5003 1556 5074 Regiones
1593 5004 1809 5058 interim
1841 5005 1892 5058 in
1918 5004 2063 5073 agris

485 5097 841 5169 gravidantur
908 5099 1207 5153 seminibus
1242 5137 1258 5163 ,
1323 5105 1378 5151 et
1450 5097 1718 5152 fructibus
1792 5107 2064 5152 tumentes

488 5190 735 5253 arbores,
787 5189 882 5246 Dei
938 5189 1094 5246 donis
1144 5198 1456 5252 exornatae,
1509 5188 1763 5253 agricolis
1819 5189 2063 5244 laborum

486 5281 795 5334 mercedem
832 5279 884 5333 in
915 5279 1294 5334 benedictione
1319 5277 1577 5346 prmheut.

2165 4642 2442 4704 πεύοντος,
2479 4640 2706 4710 σελήνης
2743 4637 2787 4691 δ’
2821 4639 2884 4690 ὲκ
2923 4635 3266 4707 παραλλήλου
3311 4634 3606 4704 πλησιφαεί
3658 4629 3736 4701 τῷ

2167 4733 2306 4804 φωτὶ
2327 4733 2417 4786 τὸν
2444 4732 2542 4802 τῆς
2571 4730 2760 4793 νυκτὸς
2785 4729 2982 4802 δρόμον
3007 4731 3084 4793 εἰς
3107 4727 3362 4800 λαμπρὰν
3400 4722 3738 4798 μεθαρμοζο-

2171 4827 2336 4900 μένης
2381 4827 2615 4898 ἡμέραν.
2674 4823 2844 4877 Τοῦτο
2888 4821 3003 4876 λύει
3047 4823 3145 4894 μὲν
3194 4820 3415 4875 κτύπων
3442 4815 3735 4888 χειμερίων

2169 4918 2413 4990 φόϐητρα
2439 4916 2572 4988 (26),
2593 4915 2706 4968 λύει
2729 4914 2785 4968 δε
2811 4912 2996 4986 μακρὰ
3017 4912 3377 4983 διαστήματα,
3405 4905 3737 4978 πλημμύρας

2169 5006 2377 5060 ὑδάτων
2410 5001 2749 5074 μεταϐάλλει.
2789 5002 2929 5072 Ἤδη
2977 5001 3032 5054 δὲ
3078 5001 3278 5071 νεαρᾶς
3325 4995 3736 5067 ὲπιλαμπούσης

2172 5095 2408 5168 αἰθρίας,
2436 5093 2643 5166 γαλήνη
2673 5093 2769 5164 μὲν
2807 5095 2920 5156 τοῖς
2945 5088 3327 5145 θαλαττεύουσι
3361 5088 3644 5158 καθίστησι
3670 5083 3739 5138 τὰ

2173 5186 2406 5257 πελάγη,
2438 5185 2608 5239 εῦδιον
2634 5185 2690 5238 δὲ
2715 5183 2851 5256 ἀέρα
2871 5185 2979 5247 τοῖς
3008 5180 3147 5236 κατά
3173 5181 3276 5253 γῆν
3318 5180 3615 5252 ὁδοιπόροις
3653 5181 3739 5231 ὲν-

2172 5279 2376 5333 δίδωσι.
2408 5277 2595 5350 Χῶραι
2624 5276 2667 5329 δ’
2697 5278 2755 5329 ὲν
2800 5273 2972 5344 τούτῳ
3018 5274 3139 5325 κατ’
3186 5273 3387 5344 ἀγροὺς
3440 5268 3739 5340 ἐγκύμονες

487 5373 839 5443 σπερμάτων,
873 5374 968 5427 καὶ
1028 5370 1258 5442 καρπῶν
1310 5371 1636 5445 σπαργῶντα
1680 5373 1822 5443 φυτά
1862 5377 1973 5441 τοῖς
2002 5377 2066 5430 ἐκ
2103 5375 2238 5431 Θεοῦ
2304 5374 2496 5447 δώροις
2559 5371 2919 5442 ἀγαλλόμενα,
2956 5369 3217 5441 γεωργοῖς
3251 5372 3423 5421 πόνων
3448 5366 3547 5429 τὰς
3581 5364 3740 5435 ἀμοι-

483 5467 586 5532 ϐὰς
612 5469 672 5521 ὲν
689 5467 966 5538 εὐλογίαις
993 5468 1240 5539 παρέχει.

557 5560 606 5592 ⁶⁴
642 5559 660 5613 l
691 5561 817 5616 Cor.
845 5575 908 5629 ι,
941 5562 1028 5616 ll.
1106 5563 1148 5594 ⁶¹
1183 5561 1198 5615 Ι
1229 5562 1358 5618 Cor.
1387 5577 1442 5626 v,
1468 5561 1517 5615 7.
1595 5561 1638 5594 θ’
1661 5561 1816 5616 Joan.
1850 5563 1994 5630 1,29.

2163 5559 2262 5618 sai.
2289 5573 2404 5622 LIII,
2433 5555 2489 5608 4.

555 5655 670 5726 (Ἡ)
685 5655 822 5710 Cod.
847 5656 1128 5713 evidenter
1144 5657 1341 5728 τροφή,
1368 5655 1656 5711 manifesto
1672 5665 1849 5710 tamen
1870 5658 2055 5714 tuend:

485 5738 585 5794 pro
613 5743 644 5778 τ
683 5729 812 5798 οπή.

557 5743 680 5864 (ἳδς
711 5796 972 5864 Loquitur
1005 5797 1304 5866 priscorum
1359 5810 1541 5861 more,
1585 5795 1902 5866 apudqutos
1936 5810 2059 5849 cum

487 5872 594 5916 tam
624 5874 812 5918 aestate
846 5864 1017 5926 quam
1053 5867 1230 5922 hieme
1273 5867 1390 5922 dies
1437 5867 1696 5922 duodenis
1738 5864 1887 5921 horis
1929 5880 2062 5919 con-

2172 5664 2321 5710 stare
2361 5652 2627 5712 deberet,
2691 5645 2775 5700 lue
2820 5644 3129 5699 necessario
3189 5648 3372 5696 aestate
3424 5637 3730 5708 longiores~

2169 5726 2350 5780 hieme
2378 5719 2654 5772 breviores
2679 5716 3151 5786 computabantur.
3190 5783 3220 5786 η
3357 5781 3368 5786 _
3397 5780 3409 5786 _
3608 5774 3638 5786 γ,

2245 5791 2356 5861 (26)
2405 5787 2681 5861 Ᾱίειιιοεὶε
2727 5780 2871 5844 enim
2905 5785 2959 5841 in
3002 5783 3308 5856 regionibus
3357 5780 3532 5837 hieme
3567 5780 3737 5832 etiam

2171 5857 2406 5916 tonitrua
2435 5857 2750 5913 audiuntur.
