4116 6374
372 379 471 426 υυῖ

1511 372 1600 427 DE
1640 371 2133 430 SOLEMNITATE
2171 370 2533 428 PASCIIALI.

3535 367 3642 427 698

442 497 513 556 γ’.
547 483 718 553 Οῦτος
756 490 791 543 ό
824 490 922 561 τῆς
963 489 1155 561 ἐορτῆς
1211 489 1432 560 καιρὸς,
1490 493 1806 560 Αἰγυπτίοις
1864 492 1963 564 μὲν

2136 496 2192 549 5.
2247 493 2358 548 Hoc
2396 490 2755 546 solemnitatis
2805 500 3016 560 tempus
3071 487 3336 560 Egyptiis
3372 490 3644 562 quidem,

373 582 596 654 ὄλεθρον
626 586 739 645 τοῖς
770 582 1036 653 δαιμόνων
1087 583 1281 653 φίλοις,
1334 583 1608 655 Ἑϐραίοις
1658 584 1715 638 δὲ
1764 586 1956 656 ἐορτά-

377 675 530 741 ζουσι
592 674 671 746 τῷ
719 674 856 745 Θεῷ,
903 675 1089 728 κακῶν
1149 676 1461 747 ἐλευθερίαν
1510 676 1829 748 προύξένειο
1869 671 1959 731 οῦς-

377 786 469 833 τος
497 763 737 839 (26⁸)-ἦν
776 768 939 832 αὐτὸς
974 771 1201 832 ἐκεῖνος,
1228 769 1257 820 6
1278 768 1341 840 δὴ
1372 768 1466 822 καὶ
1498 770 1589 822 ἐπὶ
1609 770 1708 840 τῆς
1737 769 1958 841 πρώτης

379 862 473 917 τοῦ
508 862 703 925 παντὸς
724 863 1082 931 κοσμογονίας
1130 860 1520 933 τετηρημένος,
1548 862 1669 915 καθ’
1710 862 1769 914 δν
1810 864 1843 932 ἡ
1882 861 1957 931 γῆ

382 957 703 1026 ἐϐλάστησε,
730 957 851 1010 καθ’
874 957 932 1011 ὃν
956 957 1003 1009 οἱ
1033 957 1317 1028 φωστῆρες
1344 955 1609 1025 ἐγένοντο,
1629 956 1749 1009 καθ’
1776 955 1834 1008 ὃν
1869 955 1961 1008 οὐ-

383 1051 540 1122 ρανὸς
565 1050 657 1103 καὶ
672 1051 741 1120 γῆ
756 1049 1114 1121 παρήχθησαν
1132 1050 1224 1103 καὶ
1244 1049 1419 1103 πάντα
1441 1048 1509 1102 τὰ
1530 1050 1586 1102 ἐν
1600 1048 1801 1113 αὐτοῖς’
1822 1046 1961 1101 κατὰ

380 1141 565 1195 τοῦτον
587 1142 681 1194 καὶ
707 1143 734 1193 6
752 1141 939 1211 Σωτὴρ
967 1140 1061 1193 τοῦ
1091 1139 1402 1210 σύμπαντος
1432 1141 1635 1210 κόσμου
1662 1138 1723 1193 τὸ
1756 1140 1853 1209 τῆς
1882 1141 1960 1193 οἰ-

380 1230 532 1295 κείας
553 1231 744 1302 ἑορτῆς
770 1230 1043 1295 ἐξετέλεσε
1065 1232 1381 1301 μυστήριον,
1409 1231 1503 1285 καὶ
1520 1232 1617 1302 τὴν
1638 1231 1959 1302 οἰκουμένην

382 1326 491 1397 (97)
507 1328 536 1380 6
562 1325 734 1397 μέγας
763 1325 1005 1398 φωστὴρ,
1028 1326 1305 1390 εὐσεϐείας
1327 1326 1521 1395 αὐγαῖς
1544 1324 1959 1396 κατελάμπρυνε

382 1416 476 1469 καὶ
492 1416 556 1488 δὴ
571 1415 840 1485 γενέθλιον
862 1415 1065 1485 κόσμου
1082 1415 1110 1467 6
1126 1414 1314 1485 καιρὸς
1336 1413 1614 1486 περιέχειν
1629 1412 1790 1467 ἔοικε.
1806 1413 1962 1467 Κατὰ

380 1508 566 1563 τοῦτον
596 1509 653 1563 δέ
690 1509 782 1562 τὸν
810 1509 1002 1581 καιρὸν
1028 1510 1123 1562 καὶ
1145 1508 1314 1572 τύπος
1344 1507 1593 1569 ἐτελεῖτο,
1624 1506 1686 1560 τὸ
1734 1506 1963 1561 παλαιὸν

380 1600 593 1670 Πάσχα,
617 1599 646 1651 ὃ
680 1600 771 1653 καὶ
802 1598 1149 1671 διαϐατήριον
1172 1598 1386 1670 εἴρηται
1412 1615 1426 1629 ο
1469 1596 1605 1651 ἀλλὰ
1633 1598 1727 1651 καὶ
1756 1597 1963 1668 προϐά-

380 1711 473 1745 του
504 1692 719 1762 σφαγῆς
746 1690 1014 1762 σύμϐολον
1039 1690 1232 1762 ἔφερεν
1256 1707 1267 1716 ·
1309 1689 1442 1742 ἀλλὰ
1469 1690 1562 1743 καὶ
1596 1687 1804 1760 τροφῆς
1836 1687 1965 1752 ἀζύ-

384 1800 499 1853 μων
526 1782 705 1854 ἄρτων
736 1781 977 1852 ᾐνίττετο
1008 1780 1211 1834 είκόνα.
1236 1779 1421 1833 Ταῦτα
1443 1779 1500 1832 δέ
1532 1779 1624 1832 ἐπὶ
1647 1778 1743 1841 τὴν
1789 1777 1966 1849 σωτή-

2059 598 2246 656 utpote
2285 586 2593 638 daemonum
2617 582 2837 646 amicis,
2865 582 3094 636 exitium
3123 600 3136 643 ;
3172 580 3413 639 ilebraais
3457 596 3638 642 autem

2060 681 2230 735 Deum
2264 678 2404 733 festo
2429 679 2536 730 ritu
2567 675 2991 738 celebrantibus,
3012 676 3276 729 malorum
3306 675 3465 731 finem
3500 688 3639 733 attu-

2057 772 2138 827 lit.
2172 771 2285 826 Hoc
2328 770 2469 825 idem
2504 778 2625 823 erat
2658 768 2783 821 anni
2816 778 3052 837 tempus,
3093 765 3236 833 quod
3272 766 3325 821 in
3370 769 3640 839 primitiva

2058 866 2223 919 etiam
2259 863 2496 918 universi
2534 861 2810 915 creatione
2856 859 3208 924 decurrebat,
3250 874 3359 929 quo
3404 870 3645 931 tempore

2061 966 2207 1011 terra
2256 954 2597 1026 germinavit,
2647 962 2701 1007 et
2763 951 3053 1006 luminaria
3107 952 3433 1006 exstiterunt
3480 969 3494 1006 :
3538 967 3646 1021 quo

2062 1056 2305 1116 tempore
2335 1045 2552 1109 caelum,
2587 1053 2767 1111 terra,
2807 1052 2862 1095 et
2899 1043 3083 1095 omnia
3119 1058 3241 1112 qua:
3279 1042 3333 1097 in
3372 1045 3453 1098 eis
3487 1054 3644 1113 sunt,

2060 1138 2319 1209 producta
2360 1137 2601 1190 fuerunt.
2633 1134 2746 1189 Hoc
2775 1134 2890 1203 ipso
2924 1143 3166 1203 tempore
3200 1135 3434 1190 universi
3462 1137 3644 1191 mundi

2062 1231 2320 1286 Servator
2350 1227 2711 1283 solemnitatis
2740 1242 2850 1282 sua?
2882 1227 3197 1295 mysterium
3227 1228 3454 1299 peregit;
3485 1236 3649 1297 atque

2062 1323 2246 1377 orbem
2280 1331 2548 1376 terrarum
2586 1318 2854 1373 luminare
2895 1333 3145 1385 magnum
3180 1333 3322 1373 vera:
3372 1320 3650 1389 religiOnis

2063 1414 2444 1484 splendorihus
2473 1412 2799 1475 illustravit,
2832 1410 3131 1479 mundique
3180 1411 3362 1465 natale
3390 1412 3652 1469 reducere

2062 1508 2236 1562 visum
2272 1514 2377 1562 est.
2428 1504 2540 1559 Hoc
2573 1512 2820 1573 tempore
2858 1503 3027 1571 figura
3062 1502 3464 1571 perﬁciebatur,
3498 1514 3652 1561 vetus

2064 1599 2318 1653 nimirum
2347 1595 2557 1650 Pascha
2585 1609 2680 1649 seu
2717 1594 2980 1649 transitus
3018 1612 3031 1648 :
3067 1594 3288 1664 insuper
3317 1596 3483 1649 etiam
3514 1610 3655 1668 synt-

2064 1688 2246 1744 bolum
2276 1702 2429 1742 caesa:
2451 1686 2569 1741 ovis
2602 1685 3060 1755 liehat;denique
3099 1687 3275 1756 azymi
3308 1688 3464 1756 panis
3506 1702 3654 1753 esus,

2067 1780 2317 1849 imaginis
2345 1776 2626 1847 cujusdam
2664 1777 2839 1831 instar
2865 1786 3002 1830 erat.
3041 1777 3171 1843 Quae
3214 1779 3395 1832 omnia
3426 1779 3478 1832 in
3530 1778 3658 1834 Ser-

384 1890 497 1945 ριον
528 1874 721 1946 ἑορτὴν
767 1873 982 1926 ἅπαντα
1020 1871 1456 1943 συνεπληροῦτω
1486 1871 1626 1925 τότε
1665 1868 1773 1939 γὰρ
1822 1866 1959 1938 πρό-

2076 1877 2265 1930 ratoris
2315 1874 2662 1930 solemnitate
2716 1872 2985 1940 completa
3051 1881 3202 1928 sunt.
3263 1870 3509 1942 Namque
3568 1872 3656 1927 illa

381 1964 542 2017 ϐατον
567 1963 729 2027 αὐτὸς
758 1958 826 2033 ἦν
861 1961 981 2015 καθ’
1021 1961 1049 2014 ὃ
1090 1961 1398 2033 περιέκειτο
1426 1960 1609 2032 σῶμα.
1646 1958 1817 2023 Αὐτὸς
1867 1957 1961 2011 καὶ

2076 1970 2203 2033 )vis,
2262 1967 2377 2029 ipse
2430 1975 2569 2030 erat,
2614 1975 2884 2034 quatenus
2948 1979 3150 2033 corpus
3211 1963 3656 2032 circumpositum

381 2056 531 2127 ἥλιος
560 2056 925 2127 δικαιοσύνης,
959 2055 1117 2126 ἔαρος
1147 2055 1283 2124 δῆτα
1328 2054 1472 2107 θείου
1536 2055 1630 2107 κοιλ⁸
1688 2052 1960 2124 σωτηρίου

382 2149 591 2221 τροπῆς
622 2149 730 2202 ἀπὸ
759 2149 1016 2218 χειρόνων
1047 2148 1139 2199 ἐπὶ
1171 2146 1238 2200 τὰ
1266 2146 1497 2217 κρείττω
1520 2143 1611 2197 τὸν
1636 2142 1744 2195 τῶν
1761 2139 1965 2211 ἀνθρώ-

385 2224 503 2295 πων
536 2241 648 2310 βίον
697 2240 1076 2309 διαλαϐούσης.
1104 2237 1419 2305 Αἰγυπτίων
1450 2236 1547 2307 μὲν
1572 2234 1820 2303 δαίμοσιν
1854 2233 1965 2284 είσ-

385 2336 465 2387 ἐτι
491 2335 583 2387 καὶ
624 2333 721 2386 νῦν
738 2331 983 2401 θεήλατοι
1028 2331 1288 2402 μάστιγες
1330 2328 1799 2397 καταπέμπονται,
1843 2322 1964 2378 λαοὶ

385 2424 442 2477 δὲ
476 2422 747 2495 πανταχοῦ
778 2423 881 2493 γῆς
910 2422 1184 2484 οἰκοῦντες
1217 2421 1316 2491 τὴν
1349 2418 1497 2487 σφῶν
1521 2416 1832 2487 ἐλευθερίαν
1866 2412 1964 2485 τὴν

389 2520 453 2570 ἐκ
476 2518 575 2587 τῆς
624 2514 993 2579 πολυπλανοῦς
1015 2513 1303 2585 ἀθεότητος
1337 2509 1675 2583 ἑορτάζουσι.
1702 2507 1821 2560 Τῶν
1845 2506 1967 2558 λαο-

387 2605 605 2659 πλανῶν
632 2606 689 2658 δέ
730 2606 1056 2674 πνευμάτων
1109 2601 1508 2672 πεπαυμένων,
1565 2600 1660 2652 καὶ
1702 2596 1969 2669 χειμῶνος

390 2697 595 2761 κακῶν,
626 2695 828 2749 καινῶν
863 2694 1091 2765 καρπῶν
1135 2694 1363 2765 εὐφορία
1384 2692 1658 2765 διαφόροις
1700 2690 1972 2761 χαρίσμα-

390 2806 473 2843 σιν
505 2788 660 2857 ἁγίου
678 2787 996 2859 Πνεύματος
1019 2786 1117 2858 τὴν
1168 2785 1493 2856 Ἐκκλησίαν
1534 2784 1628 2837 τοῦ
1661 2783 1798 2837 Θεοῦ
1852 2799 1974 2836 στε-

389 2882 575 2951 φανοῖ’
606 2881 701 2934 καὶ
729 2879 916 2943 ἁπλῶς
948 2881 1056 2934 πᾶν
1084 2878 1239 2948 γένος
1266 2876 1571 2949 ἀνθρώπων
1619 2876 1711 2928 ἐπὶ
1737 2875 1800 2929 τὸ
1832 2875 1973 2946 ἠμέ-

390 2989 543 3043 τερον
570 2970 968 3042 μεταϐέϐληται
989 2987 1002 3000 ο
1033 2970 1207 3042 χῶραι
1232 2969 1289 3023 δὲ
1314 2971 1508 3031 πᾶσαι,
1533 2967 1668 3039 πρὸς
1688 2966 1784 3020 τοῦ
1802 2983 1977 3037 γεωρ-

2066 2060 2322 2114 habebat.
2354 2058 2472 2127 Ipse
2506 2058 2671 2111 etiam
2699 2056 2779 2110 sol
2801 2054 3028 2122 justitia:
3054 2097 3070 2121 ,
3107 2070 3233 2109 cum
3264 2056 3377 2124 jam
3406 2071 3501 2110 ver
3525 2056 3661 2110 divi-

2068 2168 2152 2206 na:
2180 2151 2542 2219 salutarisque
2575 2147 2956 2204 conversionis
2984 2162 3015 2201 a
3053 2148 3418 2203 deterioribus
3460 2149 3514 2200 in
3541 2163 3659 2203 me-

2068 2244 2227 2307 liora,
2266 2243 2545 2297 hominum
2592 2240 2836 2295 moribus
2880 2240 3218 2309 supervenit.
3281 2237 3659 2310 (Egyptiorum

2068 2336 2256 2403 utique
2295 2334 2632 2387 dazmonibus
2690 2346 2838 2385 nunc
2869 2331 3034 2384 etiam
3078 2330 3250 2401 plaga:
3279 2331 3657 2399 imponuntur,

2071 2428 2252 2497 p0puli
2278 2427 2479 2495 ubique
2513 2434 2784 2479 terrarum
2821 2423 3125 2477 incolentes
3153 2422 3466 2477 libertatem
3508 2436 3661 2477 suam

2071 2536 2100 2573 a
2151 2518 2476 2574 multiformi
2536 2515 2957 2585 irreligiositatis
2989 2529 3179 2568 errore
3233 2514 3479 2569 hilariter
3521 2514 3665 2571 cele-

2071 2614 2251 2666 brant.
2324 2610 2663 2678 Compressis
2707 2622 2838 2677 ergo
2893 2606 3277 2675 deceptorihus
3340 2605 3661 2676 populorum

2072 2704 2356 2774 Spiritibus
2396 2713 2450 2755 et
2499 2701 2764 2755 malorum
2821 2700 3022 2761 hieme,
3073 2713 3334 2753 novorum
3385 2698 3662 2753 fructuum

2075 2797 2291 2849 ubertas
2313 2793 2480 2847 variis
2524 2794 2697 2847 sancti
2747 2792 2990 2861 Spiritus
3032 2790 3190 2845 donis
3226 2789 3321 2845 Dei
3362 2789 3663 2845 Ecclesiam

2074 2895 2343 2953 exornat;
2400 2896 2565 2955 atque
2619 2892 2681 2938 ut
2735 2883 3050 2939 summatim
3101 2881 3304 2947 dicam,
3351 2882 3666 2938 universum

2077 2980 2360 3035 hominum
2411 2993 2583 3047 genus
2638 2976 2707 3031 ad
2770 2984 2956 3043 partes
3031 2984 3252 3031 nostras
3330 2973 3665 3033 transilivit;

386 3063 488 3134 γοῦ
543 3063 711 3133 Λόγου
755 3064 855 3134 τῆς
886 3062 1025 3117 κατὰ
1076 3062 1254 3134 ψυχὴν
1303 3060 1579 3133 γεωργίας
1600 3060 1879 3129 τυχοῦσαι,
1908 3058 1975 3112 τὰ

2077 3082 2289 3128 cuncta:
2320 3072 2572 3143 regiones
2599 3086 2627 3124 a
2666 3070 2847 3125 Verbo
2874 3067 3113 3139 agricola
3160 3069 3355 3123 animae
3401 3066 3667 3121 culturam

389 3157 567 3228 ὡραῖα
605 3156 704 3228 τῆς
746 3155 947 3227 ἀρετῆς
988 3153 1124 3225 ἄνθη
1157 3153 1586 3226 βεϐλαστήκασιν
1613 3170 1626 3186 ·
1684 3151 1821 3207 ἀλλὰ
1882 3152 1975 3205 καὶ

2080 3176 2338 3236 expertae,
2366 3164 2625 3236 pulchros
2650 3164 2872 3219 virtutis
2897 3162 3058 3219 ﬂores
3083 3162 3459 3232 germinarunt
3495 3176 3511 3215 :
3546 3174 3671 3213 nos-

391 3251 499 3303 τῶν
524 3248 619 3302 τοῦ
666 3249 890 3311 σκότους
928 3247 1114 3302 κακῶν
1161 3246 1619 3318 ἠλευθερωμένοι,
1682 3244 1859 3315 φωτὸς
1911 3243 1971 3296 ἐν

2076 3232 2179 3328 que
2230 3232 2468 3314 tenebris
2527 3260 2796 3312 malorum
2859 3256 3068 3323 erepti,
3128 3256 3249 3310 luce
3301 3253 3446 3323 digni
3498 3252 3670 3308 habiti

394 3343 575 3414 ἡμέρᾳ
602 3341 737 3395 Θεοῦ
762 3341 1013 3412 γνώσεως
1051 3339 1488 3412 κατηξιώθημεν.

2077 3352 2277 3405 fuimus
2299 3366 2405 3419 qua
2438 3350 2527 3404 die
2563 3348 2654 3403 Dei
2691 3348 2943 3403 notitiam
2976 3347 3275 3401 hausimus.

471 3433 786 3488 δ¹.Τοιαῦτα
815 3433 885 3487 τὰ
902 3433 1062 3488 καινὰ
1082 3432 1383 3504 μαθήματα
1403 3432 1570 3486 πάλαι
1590 3432 1687 3504 μέν
1714 3431 1801 3486 διὰ
1834 3449 1974 3503 συμ-

2146 3442 2198 3496 4.
2235 3440 2357 3495 Haec
2396 3450 2523 3494 sunt
2550 3454 2683 3494 nova
2719 3438 3071 3505 documenta,
3106 3437 3234 3491 olim
3275 3435 3491 3506 quidem
3527 3450 3671 3508 sym-

395 3526 563 3581 ϐόλων
606 3526 1032 3598 ἐπεσκιασμένα,
1086 3526 1281 3580 νεωστὶ
1329 3524 1387 3578 δὲ
1416 3525 1497 3588 εἰς
1528 3524 1645 3595 φῶς
1704 3526 1975 3580 ἀνακεκα-

2077 3532 2215 3589 bolis
2239 3532 2583 3593 obumbrata,
2613 3545 2783 3600 nuper
2814 3540 2994 3583 autem
3024 3531 3076 3584 in
3109 3530 3284 3585 lucem
3322 3527 3669 3583 manifestam

393 3618 663 3690 λυμμένα.
696 3622 805 3674 Καὶ
832 3620 895 3693 δὴ
928 3620 1023 3674 καὶ
1049 3620 1213 3690 ἡμεῖς
1232 3617 1293 3670 τὸ
1329 3616 1621 3687 κεφάλαιον
1659 3617 1761 3688 τῆς
1784 3617 1975 3689 ἑορτῆς

2078 3624 2309 3694 prolata.
2340 3624 2407 3678 Et
2445 3623 2661 3692 quidem
2702 3635 2805 3675 nos
2827 3621 2990 3675 etiam
3029 3622 3243 3675 initium
3281 3620 3443 3689 hujus
3479 3620 3672 3674 solem-

395 3713 609 3767 κύκλων
642 3714 754 3786 (28)
788 3713 1057 3786 περιόδοις
1079 3713 1197 3766 καθ’
1215 3712 1445 3766 ἕκαστον
1462 3712 1578 3775 ἔτος
1593 3712 1980 3783 ἀναζωπυροῦ-

400 3821 519 3873 μεν,
538 3805 811 3877 προέορτα
851 3804 950 3875 μὲν
984 3804 1445 3877 προπαρασκευῆς
1464 3804 1628 3858 ἕνεκα
1647 3805 1746 3875 τὴν
1779 3821 1980 3857 τεσσα-

400 3896 632 3968 ρακονθή
643 3914 706 3966 με
714 3914 805 3968 ρον
820 3897 1050 3966 ἄσκησιν
1069 3914 1145 3949 πα
1151 3897 1288 3968 ραλα
1296 3896 1367 3966 μϐ
1373 3897 1588 3959 άνοντες
1607 3894 1748 3948 κατὰ
1768 3895 1858 3948 τὸν
1872 3894 1981 3948 τῶν

400 3989 572 4057 ἁγίων
606 3987 765 4057 ζῆλον
796 3987 1075 4050 Μωῦσέως
1106 3987 1199 4041 καὶ
1238 3987 1438 4052 Ἡλίου,
1470 3988 1567 4057 τὴν
1588 3987 1644 4040 δέ
1673 3987 1865 4059 ἑορτὴν
1886 3987 1984 4039 αὐ-

400 4083 499 4151 τὴν
520 4084 600 4146 εἰς
632 4081 862 4151 ἄληστον
902 4079 1074 4133 αἰῶνα
1105 4078 1505 4150 ἀνανεούμενοι.
1535 4078 1646 4150 Τὴν
1682 4079 1812 4148 γοῦν
1846 4078 1983 4149 πρὸς

401 4175 492 4227 τὸν
546 4172 676 4226 Θεὸν
713 4171 937 4244 πορείαν
988 4170 1351 4241 στελλόμενοι,
1399 4169 1499 4234 τὰς
1553 4171 1652 4241 μὲν
1692 4170 1863 4240 ὀσφῦς
1921 4166 1982 4225 εῦ

406 4266 551 4338 μάλα
584 4264 771 4336 δεσμῷ
831 4263 1185 4335 σωφροσύνης
1229 4262 1615 4334 περιδούμεθα,
1667 4262 1737 4317 τὰ
1782 4263 1839 4317 δὲ
1887 4264 1987 4335 τῆς

401 4358 579 4428 ψυχῆς
631 4356 936 4427 βαδίσματα
971 4357 1030 4408 ἐν
1062 4353 1331 4426 ἀσφαλείᾳ
1379 4354 1760 4423 φυλάττοντες,
1796 4354 1987 4428 ὥσπερ

404 4452 462 4504 ἐν
491 4451 797 4521 ὑποδήμασι
850 4449 915 4521 δὴ
962 4450 1051 4502 τὸν
1083 4450 1282 4520 δρόμον
1329 4448 1430 4518 τῆς
1459 4448 1710 4519 οὐρανίου
1744 4448 1990 4520 κλήσεως

2082 3718 2267 3775 uitatis
2318 3717 2591 3788 cyclorum
2640 3715 2877 3787 periodis
2916 3715 3144 3785 singulis
3194 3714 3352 3769 annis
3395 3714 3672 3768 instaura-

2083 3830 2244 3879 mus;
2281 3824 2406 3869 ante
2455 3813 2654 3866 festum
2708 3811 2949 3882 quidem,
3002 3812 3416 3882 pracparationis
3467 3826 3672 3876 causa,

2083 3905 2552 3977 quadragesimale
2573 3905 2897 3959 exercitium
2919 3913 3283 3971 assumentes,
3298 3914 3516 3959 sanctos
3536 3903 3673 3975 Moy'

2085 4012 2197 4053 sem
2234 4007 2287 4050 et
2318 3995 2525 4050 lleliam
2562 3994 2858 4059 imitantes,
2891 3995 3065 4064 ipsum
3098 4008 3225 4049 vero
3250 3994 3444 4049 festum
3465 4007 3562 4063 per
3594 3992 3673 4046 in-

2085 4088 2346 4144 cessabile
2378 4102 2551 4141 aevum
2605 4096 2931 4157 repetentes.
2990 4085 3130 4155 Ergo
3171 4086 3366 4141 itinere
3394 4084 3462 4139 ad
3506 4084 3673 4137 Deum

2086 4190 2359 4253 suscepto,
2395 4181 2610 4235 lumbos
2654 4181 2899 4251 apprime
2944 4181 3321 4250 temperantiae
3370 4195 3504 4233 zona
3540 4194 3675 4248 pra:-

2087 4274 2379 4344 cingimus,
2427 4273 2622 4328 animae
2669 4287 2801 4327 vero
2863 4288 3085 4343 gressus
3138 4279 3294 4327 caute
3348 4272 3676 4337 munientes,

2090 4376 2351 4435 tanquam
2380 4365 2604 4419 calceati
2640 4363 2883 4420 cmlestis
2912 4363 3217 4418 vocationis
3261 4377 3481 4417 cursum
3526 4360 3679 4415 insti-

2093 4458 2298 4514 tuimus
2328 4473 2341 4509 :
2374 4458 2638 4527 virgaque
2688 4454 2855 4509 divini
2908 4454 3085 4519 verbi,
3136 4470 3244 4508 non
3301 4454 3418 4508 sine
3458 4466 3675 4521 precum

406 4543 917 4614 παρασκευάζομεν·
953 4541 1222 4614 βακτηρίᾳ
1261 4541 1320 4594 δὲ
1353 4539 1512 4609 λόγου
1546 4539 1691 4594 θείου
1724 4542 1783 4595 ἐν
1814 4541 1975 4612 εὐχῶη

2094 4553 2315 4615 virtute,
2362 4551 2430 4604 ad
2479 4548 2819 4617 repellendos
2859 4550 3045 4603 hostes
3091 4556 3339 4612 utentes,
3372 4562 3494 4600 cum
3527 4545 3678 4600 omni

403 4636 631 4707 δυνάμει
678 4636 815 4707 πρὸς
869 4636 1081 4706 ἄμυναν
1123 4633 1334 4706 ἐχθρῶν
1380 4630 1676 4705 χρώμενοι,
1707 4634 1804 4688 σὺν
1840 4633 1989 4707 πάσῃ

405 4729 686 4803 προθυμίᾳ
712 4727 1056 4800 διαϐαίνομεν
1078 4728 1176 4799 τὴν
1193 4729 1272 4792 εἰς
1288 4727 1552 4798 οὐρανοὺς
1576 4727 1845 4801 φέρουσαν
1871 4728 1989 4782 διά-

407 4822 585 4886 ϐασιν,
619 4819 938 4883 σπεύδοντες
964 4820 1071 4873 ἀπὸ
1094 4819 1203 4872 τῶν
1235 4819 1362 4889 τῇδε
1397 4819 1491 4871 ἐπὶ
1519 4818 1588 4872 τὰ
1614 4820 1857 4891 οὐράνια,
1894 4819 1989 4874 καὶ

406 4914 516 4966 ἀπὸ
533 4912 678 4984 ζωῆς
706 4913 910 4985 θνητῆς
934 4913 1025 4966 ἐπὶ
1057 4912 1156 4983 τὴν
1189 4911 1476 4965 ἀθάνατον·
1508 4910 1651 4965 οὕτω
1680 4912 1791 4983 γὰρ
1818 4912 1991 4967 διαδέ-

412 5003 557 5068 ξεται
603 5006 751 5077 ἡμᾶς
779 5005 1027 5060 ἐντεῦθεν
1066 5004 1136 5058 τὰ
1176 5004 1503 5075 διαϐατήρια
1552 5000 1611 5058 εὖ
1669 5004 1764 5058 καὶ
1812 5004 1992 5069 καλῶς

411 5096 801 5167 διαϐεϐηκότας
844 5098 977 5169 ἄλλη
1025 5115 1110 5161 τις
1145 5097 1345 5169 μείζων
1392 5098 1574 5169 ἑορτή·
1612 5098 1992 5170 Πεντηκοστὴν

411 5187 581 5256 αὐτὴν
615 5189 842 5261 ἐπίκλην
875 5190 1140 5263 Ἐϐραίων
1171 5189 1360 5254 παῖδες
1403 5188 1781 5261 ὀνομάζουσιν,
1809 5190 1993 5244 εἰκόνα

420 5277 693 5340 φέρουσαν
735 5281 833 5350 τῆς
880 5282 987 5337 τῶν
1031 5282 1278 5354 οὐρανῶν
1330 5280 1623 5351 βασιλείας.
1658 5282 1821 5351 Λέγει
1864 5282 1994 5354 γοῦν

490 5375 537 5406 ⁸⁸
565 5375 724 5430 Deut.
751 5392 862 5441 xw,
887 5378 945 5437 9.

483 5465 945 5539 (26‘)§equentes
975 5469 1223 5523 versiculi
1251 5470 1499 5525 undecim
1528 5485 1700 5539 usque
1720 5473 1785 5525 ad
1809 5472 1870 5527 τὸ
1895 5491 1996 5527 πα-

411 5536 842 5611 λαιὸν-ΑΠάσχα,
888 5540 1123 5611 citantur
1170 5557 1236 5595 ea:
1302 5540 1528 5596 Eusebio
1562 5536 1651 5609 [De
1706 5540 1988 5611 I’aschate,

418 5607 684 5686 E6qe6_£ou
710 5607 839 5681 περὶ
864 5608 958 5686 τοῦ
992 5609 1204 5686 ῌάσχα,
1233 5612 1398 5666 etiam
1433 5628 1460 5665 a
1480 5607 1994 5686 _Mt_icario__Cbryso;

414 5679 641 5749 rephalo
672 5680 724 5733 in
763 5679 860 5734 sua
909 5679 1352 5736 ineditacatena
1390 5684 1511 5739 cod.
1542 5683 1603 5737 E.
1641 5681 1679 5736 f.
1714 5683 1804 5749 95,
1846 5679 1900 5749 Η,
1936 5696 1991 5741 et

416 5748 632 5815 quidem
656 5765 765 5805 non
793 5749 909 5821 sine
944 5750 1141 5821 verbis
1168 5752 1327 5817 paulo
1357 5753 1604 5821 pluribus
1627 5748 1796 5821 quam,
1833 5770 1862 5808 a
1888 5748 1989 5809 Νί-

342 5880 345 5883 λ
415 5828 570 5889 ccta;
610 5820 961 5893 quamobrem
995 5834 1061 5875 ex
1104 5819 1335 5879 Eusebio
1359 5819 1546 5894 potius
1582 5819 1701 5898 ipSo
1728 5840 1889 5895 quam
1920 5841 1989 5883 ex

2094 4644 2377 4698 alacritate
2411 4642 2477 4696 ad
2529 4641 2795 4696 ferentem
2834 4643 2887 4696 in
2932 4642 3100 4696 caelos
3146 4639 3471 4704 transitum,
3498 4637 3565 4691 ab
3594 4636 3681 4693 his

2096 4735 2295 4790 infimis
2319 4734 2384 4789 ad
2414 4749 2673 4803 superna,
2706 4747 2737 4789 a
2778 4732 2992 4787 mortali
3036 4731 3145 4786 vita
3177 4730 3244 4785 ad
3302 4729 3680 4785 immortalita-

2099 4835 2204 4880 tem
2232 4840 2612 4896 properamus.
2634 4824 2726 4880 Sic
2754 4826 2897 4881 enim
2927 4832 3150 4894 peracto
3171 4822 3402 4879 feliciter
3423 4821 3677 4887 transitu,

2096 4920 2263 4987 major
2288 4918 2391 4972 alia
2419 4918 2652 4987 excipiet
2671 4933 2769 4975 nos
2784 4918 3132 4987 solemnitas(
3139 4932 3297 4986 quant
3323 4915 3678 4972 Pentecosten

2095 5011 2327 5066 Hebraei
2353 5010 2659 5081 nominant)
2698 5011 2849 5080 regni
2872 5010 3133 5067 caelorum
3164 5009 3456 5078 imaginem
3490 5022 3600 5077 pra:
3622 5021 3681 5062 se

2096 5102 2299 5156 ferens.
2330 5099 2421 5155 Ait
2456 5099 2639 5168 itaque
2675 5100 2889 5170 Moyses
2928 5097 3053 5155 :Ea:
3082 5116 3185 5169 quo
3229 5097 3416 5167 falcem
3451 5098 3506 5149 in
3550 5112 3683 5150 mes-

2094 5211 2202 5249 sem
2228 5194 2457 5256 miseris,
2485 5194 2789 5248 numerabis
2823 5195 2918 5248 tibi
2947 5204 3135 5264 septem
3181 5191 3556 5257 hebdomadas,
3587 5206 3679 5243 no-

2099 5304 2293 5359 vosque
2324 5304 2485 5357 panes
2530 5303 2596 5342 ea:
2630 5302 2763 5340 nova
2786 5302 2953 5341 messe
2978 5300 3235 5356 propone:
3270 5292 3393 5338 ante
3418 5282 3587 5338 Deum
3612 5283 3677 5336 “.

2103 5472 2288 5526 Niccla
2317 5470 2561 5524 hausisse
2591 5469 2805 5522 videtur
2826 5466 3114 5524 Macarius.

2173 5542 2307 5614 (2?»
2325 5540 2466 5614 9οά-
2497 5539 2869 5614 «omnem

2173 5604 2297 5682 (28"
2325 5609 2465 5665 Dicit
2505 5604 2731 5681 cy'clut'u'
2763 5608 3115 5682 paschalenu,
3146 5605 3446 5682 cuiusmodi
3499 5604 3683 5682 plures

2101 5683 2155 5737 in
2182 5676 2440 5750 antiquis
2469 5676 2837 5735 monumentis
2871 5690 2978 5732 tam
3010 5679 3232 5749 scriptis
3262 5691 3424 5750 quam
3453 5676 3684 5750 sculptis

2098 5747 2574 5822 exstantIVidcsis
2600 5752 2846 5822 Inscript.
2873 5751 2992 5806 chr.
3028 5747 3167 5820 apud
3204 5765 3327 5817 nos,
3355 5747 3551 5820 Script.
3582 5756 3680 5803 vet.

2100 5834 2137 5881 t.
2182 5824 2248 5887 ν,
2284 5838 2337 5888 p.
2369 5821 2437 5877 70
2463 5831 2518 5880 et
2548 5822 2673 5877 472.
