4116 6442
387 381 492 436 699

1065 372 1336 428 EUSEBII
1376 371 1852 428 CESARIENSIS
1889 371 2040 431 OPP.
2083 373 2261 431 PARS
2296 371 2386 428 IV.
2435 401 2502 412 —
2538 361 2963 423 DOGMATICA.

3553 361 3666 438 too

391 501 746 572 Signiﬁcabat
768 514 963 571 nempe
1007 500 1326 570 prophetica
1363 501 1464 554 hac
1493 498 1664 569 ﬁgura
1699 514 1796 569 per
1837 514 1973 555 mes-

2082 499 2342 570 Μωῦσῆςο
2403 492 2768 565 Ἀρχομένου
2790 507 2907 546 σου
2943 487 3244 558 δρέπανον
3283 486 3376 541 ἐπ’
3412 487 3664 556 ἄμητον,

390 610 504 652 sem
537 594 755 664 quidem
791 595 1131 648 vocationem
1163 591 1428 663 gentium,
1453 606 1548 661 per
1579 606 1746 646 novos
1783 607 1972 661 panes,

389 687 600 740 animas
626 683 827 739 Christi
858 683 1065 738 meritis
1087 683 1299 737 oblatas
1329 682 1458 749 Deo,
1499 680 1880 752 ecclesiasque
1905 698 1971 736 ex

389 777 622 832 ethnicis
649 774 928 840 conﬂatas,
959 790 1188 845 quarum
1235 789 1400 829 causa
1447 773 1742 827 maximum
1773 773 1970 828 festum

389 870 533 938 apud
562 867 853 938 benignum
887 868 1051 922 Deum
1087 867 1165 921 lit.
1187 865 1437 940 piamque
1462 865 1818 921 rationalibus
1843 881 1972 936 apo-

389 960 648 1015 stolarum
681 959 914 1015 falcibus
943 959 1200 1022 demessi,
1236 959 1450 1013 cunctis
1478 957 1677 1026 ubique
1703 969 1970 1012 terrarum

387 1050 637 1108 ecclesiis
699 1060 957 1121 tanquam
1009 1051 1062 1104 in
1096 1066 1223 1106 area
1280 1049 1536 1118 globatim
1594 1051 1969 1119 congregatis,

388 1143 642 1202 concordi
676 1143 800 1198 fidei
831 1143 1108 1198 sententia
1157 1140 1432 1211 corporali
1454 1180 1468 1204 ,
1499 1139 1613 1193 sale
1661 1141 1967 1196 divinarum

389 1234 758 1291 doctrinarum
805 1248 869 1287 ac
900 1232 1301 1302 disciplinarum
1333 1231 1556 1296 conditi,
1589 1246 1726 1298 aqua
1758 1240 1814 1284 et
1851 1231 1971 1301 igne

389 1324 567 1378 sancti
625 1321 858 1393 Spiritus
915 1322 1234 1392 regenerati,
1289 1336 1456 1391 panes
1496 1321 1704 1377 escales
1740 1319 1968 1390 jucundi

388 1414 638 1482 gratique
670 1413 782 1470 Deo
813 1428 910 1483 per
934 1412 1210 1468 Christum
1246 1412 1543 1467 oll'erimnr.

2077 592 2228 645 ἑπτὰ
2261 587 2592 658 ἑϐδομάδας
2637 583 2989 654 ἀριθμήσεις
3035 580 3292 647 σεαυτῷ,
3337 581 3436 634 καὶ
3487 581 3669 647 νέους

2079 681 2298 749 ἄρτους
2323 680 2390 732 ἐκ
2407 678 2562 732 νέων
2576 673 2818 745 ἀμήτων
2835 670 3210 741 παραθήσεις
3235 670 3315 736 τῷ
3340 669 3482 736 Θεῷ.
3507 670 3666 744 Ἐδὴ-

2075 771 2168 826 λου
2194 772 2251 825 δὲ
2280 770 2390 837 ἄρα
2431 765 2756 841 προφητικῷ
2781 765 2936 835 τύπῳ
2962 763 3173 834 ἄμητον
3217 763 3318 834 μὲν
3347 763 3457 816 τῶν
3495 762 3668 817 ὲθνῶν

2075 865 2177 936 τὴν
2217 863 2430 933 κλῆσιν,
2465 861 2616 923 νέους
2635 859 2693 913 δὲ
2727 858 2924 928 ἄρτους
2948 855 3047 919 τὰς
3069 855 3158 910 διὰ
3181 853 3416 927 Χριστοῦ
3446 853 3522 925 τῷ
3548 854 3669 925 Θεῷ

2076 953 2586 1027 προσενηνεγμένας
2609 950 2807 1022 ψυχὰς,
2829 950 2928 1012 τάς
2955 965 3014 1001 τε
3037 948 3096 1014 ἐξ
3121 947 3288 1001 ἐθνῶν
3349 946 3666 1017 ἐκκλησίας,

2075 1049 2161 1116 ἐφ’
2195 1044 2284 1111 αἷς
2330 1047 2493 1118 ἑορτὴ
2543 1043 2774 1116 μεγίστη
2809 1041 2888 1112 τῷ
2925 1039 3292 1112 φιλανθρώπῳ
3329 1040 3450 1110 Θεῷ
3479 1057 3668 1096 συντε-

2071 1139 2264 1193 λεῖται·
2314 1139 2364 1192 οἳ
2409 1140 2530 1202 ταῖς
2568 1137 2675 1191 τῶν
2721 1135 3033 1190 ἀποστόλων
3071 1135 3316 1202 λογικαῖς
3357 1133 3663 1204 δρεπάναις

2073 1229 2434 1302 θερισθὲντες,
2480 1230 2575 1282 καὶ
2612 1227 2798 1300 ὥσπερ
2828 1227 2907 1289 είς
2938 1225 3082 1290 ἆλως
3101 1225 3202 1288 τὰς
3229 1223 3541 1294 ἁπανταχοῦ
3567 1225 3668 1295 γῆς

2071 1321 2400 1392 Ἐκκλησίας
2435 1319 2787 1390 συναχθέντες
2823 1319 2911 1388 ὑφ’
2944 1318 3023 1382 ἓν,
3049 1317 3316 1390 ὁμοφώνῳ
3338 1335 3399 1371 τε
3431 1318 3668 1372 διαθέσει

2071 1414 2310 1477 πίστεως
2349 1411 2909 1484 σωματοποιηθέντες,
2945 1412 3040 1465 καὶ
3071 1411 3195 1465 ἁλσὶ
3241 1414 3355 1475 τοῖς
3393 1410 3502 1464 ἀπὸ
3559 1412 3670 1465 τῶν

389 1506 549 1562 θείων
576 1507 749 1577 λόγων
803 1507 1120 1578 μαθήμασιν
1152 1506 1557 1579 ὲξαρτυθέντες,
1591 1507 1658 1561 δι’
1697 1505 1890 1571 ὕδατός
1922 1525 1981 1561 τε
2018 1507 2114 1562 καὶ
2165 1508 2338 1579 πυρὸς
2381 1508 2537 1575 ἁγίου
2603 1506 2918 1578 Πνεύματος
2980 1504 3457 1575 ἀναγεννηθέντες,
3513 1503 3669 1576 ἄρτοι

387 1603 648 1674 τρόφιμοι
682 1605 971 1674 προσηνεῖς
1005 1597 1099 1656 κατ.
1123 1602 1343 1673 ἀρεστοὶ
1377 1602 1455 1674 τῷ
1482 1602 1602 1674 Θεῷ
1624 1603 1714 1657 διὰ
1741 1601 1977 1674 Χριστοῦ
2019 1602 2463 1674 προσφερόμεθα.

461 1695 515 1750 5.
541 1695 635 1750 Sic
660 1709 790 1765 ergo
842 1694 1176 1764 propheticis
1207 1694 1404 1763 Moysis
1449 1696 1709 1766 symbolis
1756 1695 1808 1749 in
1855 1710 1968 1750 rem

2140 1703 2213 1750 ε’.
2246 1695 2428 1767 Ταύτῃ
2466 1711 2543 1764 πη
2577 1692 2686 1746 τῶν
2714 1692 2863 1764 παρὰ
2897 1692 3123 1746 Μωῦσεϊ
3147 1689 3502 1762 προφητικῶν
3531 1707 3670 1762 συμ-

389 1801 574 1842 veram
613 1787 886 1842 sanctiore
932 1785 1128 1841 eﬂ'ectn
1162 1786 1391 1852 collatis,
1433 1787 1694 1842 laetiorem
1740 1803 1841 1842 nos
1886 1803 1976 1843 so-

392 1877 732 1932 lemnitatem
785 1892 948 1947 agere
1004 1877 1302 1932 traditione
1344 1877 1655 1943 didicimus,
1714 1894 1812 1935 ceu
1861 1879 1973 1948 jam

390 1982 512 2021 cum
573 1967 868 2022 Servatore
918 1977 1106 2021 nostro
1161 1967 1484 2033 coadunati,
1531 1967 1756 2036 ejusque
1812 1982 1975 2036 regno

391 2059 653 2113 fruentes.
682 2057 976 2128 Pr0pterea
1003 2058 1150 2112 nullo
1172 2057 1328 2112 nobis
1346 2057 1532 2112 labore
1549 2062 1788 2113 ascetico
1809 2059 1974 2112 atteri

391 2151 531 2203 intra
583 2149 686 2204 hoc
717 2148 914 2204 festum
953 2149 1290 2213 conceditur,
1329 2151 1424 2203 sed
1477 2160 1708 2219 sperata:
1733 2151 1786 2204 in
1815 2149 1975 2205 cmlis

389 2241 586 2310 quietis
627 2241 914 2308 imaginem
958 2242 1222 2297 exhibere
1285 2241 1563 2295 docemur.
1591 2243 1772 2309 Quare
1796 2258 1895 2298 nec
1921 2243 1972 2297 in

388 2332 642 2402 precibus
709 2347 856 2400 genu
915 2334 1210 2399 ﬂectimus,
1256 2347 1432 2404 neque
1485 2333 1592 2388 cibi
1643 2334 1974 2389 abSIinentia

389 2432 603 2478 nosmet
640 2423 952 2494 aﬂligimus.
989 2425 1202 2481 Etenim
1246 2409 1364 2490 eos,
1412 2427 1610 2496 quibus
1642 2427 1695 2481 in
1736 2427 1846 2482 Deo
1893 2443 1977 2482 re-

389 2512 646 2583 surgendi
680 2513 855 2583 gratia
881 2514 1124 2582 fnit,jam
1155 2532 1261 2572 non
1291 2517 1451 2572 decet
1479 2520 1654 2572 denuo
1679 2517 1828 2572 humi
1853 2534 1974 2584 pro-

395 2606 659 2660 cumbere
689 2619 705 2670 ;
734 2619 858 2670 nec,
888 2607 1235 2674 passionibus
1272 2607 1548 2671 liberatos,
1584 2609 1734 2677 paria
1767 2608 1973 2678 perpeti

391 2712 512 2752 cum
570 2697 856 2768 mancipiis
891 2699 1272 2767 cupiditatum.
1323 2699 1688 2766 Quamobrem
1719 2709 1842 2771 post
1868 2702 1973 2755 Pa-

393 2790 524 2844 scha
558 2789 919 2846 Pentecosten
963 2802 1170 2859 septem
1204 2792 1558 2847 hebdomadis
1587 2793 1807 2863 integris
1828 2794 1974 2849 cele-

393 2877 617 2932 bramus
648 2895 664 2945 ;
701 2879 842 2933 sicut
896 2879 1154 2948 praevium
1189 2877 1440 2935 Paschati
1493 2889 1707 2950 tempus
1743 2883 1977 2952 quadra-

393 2969 668 3038 gesitnalis
701 2969 942 3025 exercitii
1010 2984 1105 3024 sex
1152 2969 1508 3026 hebdomadis
1541 2972 1771 3027 viriliter
1810 2973 1976 3029 susti-

391 3060 630 3116 nuimus.
684 3059 821 3116 Nam
872 3063 1122 3117 senarius
1173 3078 1430 3117 numerus
1487 3074 1766 3132 actnosus,
1794 3076 1854 3120 ut
1899 3066 1971 3120 ita

391 3151 704 3217 dicam,-est
733 3160 788 3206 et
820 3149 1029 3206 efficax.
1067 3151 1195 3206 Ideo
1241 3162 1296 3206 et
1336 3168 1432 3208 sex
1486 3151 1678 3208 diebus
1723 3155 1970 3209 universa

392 3242 536 3298 Deus
577 3242 886 3298 condidisse
930 3245 1152 3299 dicitur.
1207 3242 1508 3300 Laboribus
1555 3254 1734 3300 autem
1787 3246 1838 3300 in
1881 3246 1971 3300 illa

394 3335 642 3389 toleratis
695 3335 891 3389 merito
950 3338 1206 3392 succedet
1258 3339 1492 3393 secunda
1542 3338 1863 3393 solemnitas
1917 3339 1969 3393 in

390 3433 601 3492 septem
653 3425 1028 3491 hebdomadis,
1056 3427 1415 3499 multiplicata
1449 3430 1606 3484 nobis
1632 3430 1841 3498 requie,
1874 3445 1970 3486 cu-

386 3516 476 3585 jns
500 3515 803 3586 symbolum
831 3519 1169 3587 septenarius
1210 3535 1470 3576 numerus
1499 3530 1604 3576 est.
1638 3520 1755 3575 Non
1791 3531 1970 3575 tamen

390 3618 458 3659 ex
507 3605 591 3660 his
641 3615 850 3676 septem
892 3609 1249 3662 hebdomadis
1289 3609 1641 3666 Pentecostes
1681 3627 1775 3666 seu
1811 3613 1973 3681 quin-

391 3697 757 3766 quagenarius
803 3713 1064 3754 numerus
1100 3699 1435 3755 adamussim
1483 3699 1816 3766 conﬁcitur;
1846 3718 1969 3757 nam

392 3797 662 3858 postrema
717 3788 1014 3845 excedente
1071 3793 1335 3857 monade,
1375 3792 1428 3846 in
1482 3792 1584 3847 hac
1631 3793 1970 3849 solemnissi-

395 3894 542 3932 mutn
574 3878 779 3934 Christi
810 3882 1151 3937 ascendentis
1197 3883 1340 3936 diem
1385 3883 1751 3952 obsignamus.
1778 3885 1972 3940 Merito

393 3969 561 4040 igitur
599 3978 806 4026 sanctae
833 3971 1189 4029 Pentecostes
1232 3972 1424 4028 diebus
1461 3973 1694 4030 futuram
1729 3978 1968 4047 requiem

393 4072 871 4130 repraesentantes,
905 4063 1041 4119 laetis
1068 4063 1266 4119 animis
1296 4081 1508 4131 sumus,
1548 4067 1817 4138 simulque
1846 4083 1969 4122 cor-

391 4153 512 4223 pori
568 4152 802 4223 quietem
853 4154 1214 4224 indulgemus,
1260 4158 1416 4226 quasi
1463 4173 1584 4213 cum
1618 4158 1829 4230 Sponso
1855 4160 1969 4230 jam

390 4259 694 4311 versemur,
726 4246 956 4317 ideoque
986 4249 1141 4302 nobis
1165 4246 1419 4317 jejunare
1461 4266 1567 4305 non
1611 4252 1792 4308 liccat.

463 4339 516 4394 6.
544 4337 652 4393 Sed
703 4347 881 4394 tamen
922 4343 1066 4410 quod
1106 4343 1251 4396 sacri
1289 4345 1639 4414 evangelista:
1669 4346 1973 4404 Servatoris

393 4431 700 4500 passionem
738 4431 883 4487 circa
941 4432 1060 4488 dies
1091 4448 1410 4504 azymorum
1455 4434 1662 4491 Judaici
1697 4436 1979 4495 Paschalis

391 4521 691 4590 contigisse
715 4532 960 4584 narrent.
999 4539 1160 4578 nemo
1193 4511 1479 4581 dubitabit.
1503 4525 1628 4582 Haec
1649 4529 1794 4583 enim
1818 4544 1978 4583 causa

393 4615 573 4670 fuerat
621 4615 757 4684 legis
796 4631 827 4670 a
873 4615 1058 4687 Moyse
1110 4615 1253 4681 labe,
1286 4631 1406 4684 qua:
1448 4616 1648 4672 dicitur
1686 4617 1977 4686 paschalis.

391 4705 530 4764 Nam
565 4709 690 4778 quia
723 4709 914 4779 Agnus
966 4707 1097 4771 Dei,
1131 4719 1386 4778 tanquam
1411 4710 1565 4773 ovis,
1617 4711 1686 4763 ab
1715 4709 1847 4778 ipsis
1879 4708 1977 4762 Ju-

394 4801 526 4857 daeis
570 4801 636 4856 ad
682 4802 884 4858 caedem
937 4801 1212 4856 ducendus
1261 4809 1397 4867 erat,
1427 4816 1588 4872 quam
1624 4801 1694 4855 ob
1724 4816 1974 4855 commu-

393 4908 517 4948 nem
567 4892 844 4947 hominum
897 4893 1127 4947 salutem
1184 4909 1443 4966 passurns
1491 4901 1631 4956 erat,
1680 4893 1820 4947 haud
1869 4893 1976 4948 alio

392 4984 553 5055 qttam
577 4983 835 5053 praedicto
866 4992 1132 5054 tempore,
1161 4983 1302 5040 Deus
1345 4984 1581 5038 futuram
1617 4999 1731 5038 rem
1754 4986 1978 5040 demon-

393 5075 634 5131 strativis
677 5075 940 5146 symbolis
973 5091 1386 5145 praeoccupans,
1429 5076 1519 5130 illo
1554 5077 1671 5148 ipso
1712 5085 1974 5148 tempore,

394 5168 537 5237 quod
581 5167 924 5224 volventibus
979 5184 1248 5224 annorum
1295 5171 1577 5236 periodis,
1622 5185 1976 5225 occursnrnm

394 5268 532 5320 erat,
565 5260 903 5315 materialem
936 5261 1004 5316 ab
1053 5260 1257 5318 Iudaeis
1301 5278 1498 5331 agnum
1539 5262 1808 5317 immolari
1848 5280 1980 5334 pra:-

395 5351 539 5421 cepit
576 5367 590 5404 :
631 5351 792 5420 idque
821 5354 890 5408 ab
917 5355 998 5410 eis
1037 5354 1269 5440 singulis
1318 5355 1478 5408 annis
1512 5354 1817 5408 factitatum
1855 5355 1978 5422 fuit,

396 5443 567 5498 donec
625 5445 893 5514 completa
943 5448 1147 5500 veritas
1186 5455 1400 5501 veteres
1447 5447 1713 5517 imagines
1741 5449 1976 5502 circum-

395 5536 634 5604 scripsit.
674 5537 1035 5604 Quamobrem
1072 5555 1138 5594 ex
1185 5538 1276 5591 illo
1314 5548 1562 5609 tempore
1605 5539 1744 5608 apud
1793 5550 1981 5611 gentes

395 5628 613 5696 quidem
648 5645 773 5684 vera
811 5632 1195 5702 mysteriorum
1233 5642 1415 5686 manet
1448 5633 1805 5699 solemnitas;
1837 5635 1977 5702 apud

397 5713 616 5774 Judaeos
644 5730 820 5775 autem
850 5738 917 5776 ne
945 5722 1185 5791 ipsorum
1210 5724 1428 5791 quidem
1465 5721 1831 5792 symbolurum
1863 5741 1976 5778 tne-

399 5811 572 5866 muria
594 5821 859 5877 subcrcst,
879 5825 1064 5882 erepto
1083 5814 1148 5871 iis
1181 5815 1296 5871 loco
1325 5816 1412 5873 ubi
1437 5816 1556 5873 festi
1581 5815 1739 5872 t‘itum
1763 5832 1982 5890 perage-

2076 1786 2248 1840 ϐὁλων
2281 1787 2361 1850 εἰς
2403 1786 2539 1856 ἔργα
2584 1786 2932 1855 σεμνοτέροις
2961 1785 3075 1846 τοῖς
3115 1781 3521 1852 ἀποτελέσμασι
3561 1799 3670 1851 χω-

2077 1879 2331 1950 ρούντων,
2363 1877 2513 1932 αύτοί
2543 1895 2608 1946 γε
2641 1877 2747 1947 μὴν
2770 1875 2867 1946 τὴν
2898 1874 3090 1945 ἑορτὴν
3122 1871 3486 1944 φαιδροτέραν
3515 1872 3671 1939 ἄγειν

2077 1970 2514 2042 παρειλήφαμεν,
2549 1967 2623 2032 ὼς
2678 1967 2744 2021 ἂν
2775 1967 2853 2038 τῷ
2910 1967 3123 2037 Σωτῆρι
3177 1963 3666 2036 συναγηγερμένοι,

2074 2061 2172 2114 καὶ
2199 2061 2298 2131 τῆς
2321 2059 2487 2112 αὐτοῦ
2515 2057 2788 2129 βασιλείας
2819 2055 3204 2119 ἀπολαύοντες.
3236 2054 3328 2106 Διὸ
3359 2054 3538 2107 οὐκέτι
3568 2070 3666 2105 πο-

2076 2150 2285 2204 νεῖσθαι
2317 2151 2456 2205 κατά
2479 2149 2638 2221 τήνδε
2661 2149 2758 2220 τὴν
2782 2146 2974 2218 ἑορτὴν
3005 2142 3580 2216 συγχωρούμεθα,-τῆς
3615 2140 3664 2193 δ’

2075 2242 2440 2313 ἐλπιζομένης
2468 2244 2526 2296 ὲν
2559 2241 2807 2313 οὐρανοῖς
2835 2236 3198 2300 ἀναπαύσεως
3230 2235 3330 2305 τὴν
3360 2233 3544 2287 εἰκόνα
3570 2233 3665 2302 φέ-

2077 2351 2191 2406 ρειν
2219 2333 2602 2404 διδασκόμεθα·
2633 2331 2757 2385 ὅθεν
2788 2329 2896 2385 οὐδ’
2935 2331 2995 2383 ὲν
3032 2331 3151 2392 ταῖς
3179 2329 3365 2398 εὐχαῖς
3392 2325 3522 2394 γόνυ
3554 2323 3670 2378 κλί-

2075 2444 2259 2497 νομεν,
2311 2425 2422 2479 οὐδ’
2461 2425 2698 2488 ἀσιτίαις
2753 2420 3227 2492 καταπονούμεθα·
3263 2420 3389 2481 τοὺς
3419 2417 3530 2488 γὰρ
3568 2415 3668 2484 τῆς

2076 2519 2219 2573 κατὰ
2247 2518 2380 2572 Θεὸν
2413 2517 2764 2580 ἀναστάσεως
2812 2514 3147 2586 ἠξιωμένους
3178 2511 3354 2565 οὐκέτ’
3383 2505 3541 2572 αὖθις
3560 2503 3675 2560 οἷόν

2075 2627 2134 2663 τε
2159 2611 2252 2664 ἐπὶ
2290 2610 2392 2680 γῆς
2419 2609 2656 2663 πίπτειν·
2691 2609 2813 2662 οὐδὲ
2843 2610 2970 2671 τοὺς
2997 2605 3104 2660 τῶν
3144 2602 3331 2657 παθῶν
3361 2600 3672 2671 ἠλευθερω-

2079 2701 2272 2772 μένους
2303 2701 2372 2754 τά
2407 2702 2496 2754 ἴσα
2530 2701 2762 2772 πάσχειν
2797 2692 3512 2763 τοῖς’καταδεδουλωμένοις.
3577 2690 3672 2743 Διὸ

2080 2792 2215 2862 μετὰ
2243 2793 2303 2845 τὸ
2333 2792 2526 2863 Πάσχα
2554 2792 2654 2864 τὴν
2680 2787 3058 2861 Πεντηκοστὴν
3087 2789 3145 2839 ὲν
3190 2784 3481 2853 ἑϐδομάσιν
3525 2780 3670 2866 ἑπτά

2074 2883 2308 2947 τελείαις
2341 2883 2692 2956 ἑορτάζομεν,
2717 2882 2808 2934 τὸν
2842 2879 2940 2949 μὲν
2969 2877 3232 2949 πρότερον
3249 2874 3420 2927 αίῶνα
3433 2873 3532 2943 τῆς
3561 2873 3670 2943 πρὸ

2076 2976 2172 3030 τοῦ
2216 2977 2408 3047 Πάσχα
2457 2970 3034 3046 τεσσαρακονθημέρου
3078 2967 3465 3036 συνασκήσεως
3504 2965 3564 3018 ὲν
3607 2964 3669 3030 ἒξ

2003 3044 2048 3105 C
2082 3044 2375 3138 é66ottdtatv
2427 3044 2827 3138 ἀνδρισάμενοιο
2863 3059 3142 3133 πρακτικὴ
3169 3057 3278 3130 γὰρ
3311 3059 3345 3128 ἡ
3394 3055 3523 3121 ὲξάς
3575 3055 3672 3109 καὶ

2079 3159 2429 3231 ἐνεργητικὴο
2451 3157 2532 3211 διὸ
2556 3156 2648 3210 καὶ
2677 3156 2740 3209 ὲν
2767 3151 2827 3218 ἒξ
2853 3152 3090 3225 ἡμέραις
3109 3154 3138 3205 ό
3164 3151 3294 3214 Θεὸς
3311 3147 3671 3220 πεποιηκέναι

2080 3252 2302 3320 λέγεται
2326 3249 2396 3303 τὰ
2423 3247 2735 3319 σύμπαντα.
2767 3245 2908 3308 Τοὺς
2934 3245 2977 3297 δ’
3005 3246 3062 3297 ὲν
3095 3243 3280 3314 ἐκείνῃ
3312 3243 3506 3303 πόνους
3523 3238 3673 3292 εἰκό-

2079 3344 2242 3413 τωςὴ
2273 3339 2502 3409 δευτέρα
2547 3339 2709 3410 ἑορτὴ
2744 3339 2803 3390 ὲν
2843 3335 3136 3406 ἑϐδομάσιν
3171 3333 3313 3389 ἐπτά
3351 3329 3674 3396 διαδέξεται,

2079 3429 2662 3501 πολυπλασιαζομένης
2719 3430 2848 3500 ἡμῖν
2900 3427 3002 3496 τῆς
3045 3424 3426 3488 ἀναπαύσεως,
3480 3418 3550 3495 ἦς
3604 3421 3676 3474 τὰ

2081 3524 2326 3596 σύμϐολα
2373 3526 2406 3596 ἡ
2461 3521 2695 3593 ἑϐδομὰς
2735 3521 3024 3593 σημαίνειν
3071 3518 3235 3572 θέλει.
3290 3519 3364 3571 Ού
3423 3516 3532 3588 μὴν
3573 3515 3666 3568 ἐπὶ

2077 3616 2280 3680 ταύτας
2304 3617 2333 3669 ὁ
2360 3617 2460 3686 τῆς
2509 3612 2895 3684 Πεντηκοστῆς
2947 3610 3179 3682 ἀριθμὸς
3231 3610 3467 3663 ἵσταται·
3502 3609 3668 3676 ὑπερ·-

2078 3707 2366 3772 ακοντίσας
2419 3706 2601 3768 δὲτὰς
2635 3704 2776 3758 ἑπτὰ
2817 3702 3138 3773 ἑϐδομάδας,
3191 3699 3380 3772 μονάδι
3419 3702 3486 3770 τῇ
3532 3696 3670 3770 μετά

2077 3799 2277 3863 ταύτας
2313 3799 2520 3870 ὑστάτῃ
2565 3795 2663 3867 τὴν
2705 3794 3000 3866 πανέορτον
3033 3792 3248 3863 ἡμέραν
3288 3791 3390 3862 τῆς
3435 3789 3669 3862 Χριστοῦ

2076 3891 2391 3962 ἀναλήψεως
2419 3884 2894 3959 ὲπισφραγίζεται.
2929 3883 3169 3948 Εἰκότως
3192 3885 3302 3955 ἀρα
3333 3884 3391 3935 ὲν
3416 3885 3537 3946 ταῖς
3565 3881 3671 3952 τῆς

2080 3986 2240 4054 ἁγίας
2269 3981 2650 4053 Πεντηκοστῆς
2678 3980 2909 4052 ἡμέραις
2929 3976 3026 4048 τὴν
3048 3977 3344 4049 μέλλουσαν
3365 3976 3674 4030 ἀνάπαυσιν

2077 4077 2492 4149 διαγράφοντες,
2526 4077 2627 4139 τὰς
2667 4075 2844 4146 ψυχὰς
2900 4070 3233 4142 γαννύμεθα,
3283 4072 3377 4124 καὶ
3417 4069 3477 4123 τὸ
3509 4069 3674 4140 σῶμα

2078 4168 2502 4240 διαναπαύομεν,
2533 4169 2608 4231 ὼς
2644 4167 2709 4221 ἂν
2725 4166 2872 4236 αὐτῷ
2899 4164 3146 4227 συνόντες
3175 4163 3275 4234 ἤδη
3307 4161 3386 4232 τῷ
3410 4161 3666 4232 Νυμφίῳ,

2081 4262 2176 4316 καὶ
2213 4260 2498 4333 νηστεύειν
2533 4260 2610 4331 μὴ
2631 4259 2937 4328 δυνάμενοι.

2155 4362 2232 4420 ς’.
2285 4353 2434 4424 Πλὴν
2463 4353 2547 4406 ὅτι
2575 4353 2625 4404 οἱ
2681 4351 2815 4421 ἱεροὶ
2869 4347 3254 4417 εὐαγγελισταὶ
3297 4345 3360 4398 τὸ
3403 4344 3668 4416 σωτήριον

2085 4446 2258 4508 πάθος
2282 4444 2428 4499 κατὰ
2467 4442 2567 4506 τὰς
2610 4442 2823 4512 ἡμέρας
2851 4440 2944 4493 τοῦ
2993 4437 3279 4494 Ἰουδαϊκοῦ
3313 4436 3506 4507 Πάσχα
3563 4433 3669 4488 τῶν

2081 4537 2311 4606 ἀζύμων
2362 4534 2656 4604 ἱστόρησαν
2689 4530 2994 4600 γεγονέναι,
3036 4530 3212 4593 οὐδεὶς
3239 4527 3306 4582 ἂν
3347 4525 3668 4599 ἀμφιϐἀλοι·

2079 4627 2241 4682 τοῦτο
2259 4625 2370 4697 γὰρ
2396 4621 2466 4696 ἦν
2497 4623 2592 4676 τοῦ
2629 4623 2798 4696 νόμου
2829 4622 2924 4676 τοῦ
2964 4624 3114 4696 παρὰ
3144 4624 3370 4677 Μωῦσεῖ
3393 4623 3522 4692 περὶ
3577 4617 3672 4672 τοῦ

2079 4719 2272 4788 Πάσχα
2321 4715 2612 4787 λεγομένου
2657 4715 2847 4770 αἴτιον.
2921 4715 3140 4788 Ἐπειδὴ
3188 4715 3299 4787 γὰρ
3359 4711 3583 4785 ἔμελλεν
3643 4713 3674 4764 ὁ

2089 4809 2285 4882 Ἀμνδς
2326 4809 2420 4864 τοῦ
2445 4807 2581 4862 Θεοῦ
2629 4807 2705 4872 ὠς
2742 4808 3012 4881 πρόϐατον
3063 4808 3156 4862 ἐπὶ
3193 4808 3407 4877 σφαγὴν
3439 4803 3672 4872 ἄγεσθαι

2075 4905 2208 4977 παρ’
2230 4903 2412 4965 αὐτοῖς
2457 4900 2750 4965 Ἰουδαίοις,
2785 4901 2880 4955 καὶ
2922 4901 3079 4955 τοῦτο
3111 4899 3342 4969 πάσχειν
3376 4895 3517 4966 ὑπὲρ
3560 4895 3665 4966 τῆς

2077 4994 2264 5065 κοινῆς
2314 4992 2532 5046 πάντων
2582 4992 2886 5063 ἀνθρωπων
2937 4990 3232 5061 σωτηρίας,
3259 4987 3358 5039 οὐκ
3389 4985 3578 5040 ἄλλοτε
3633 4987 3667 5057 ἢ

2079 5085 2222 5138 κατά
2257 5083 2349 5136 τὸν
2368 5080 2696 5152 δηλούμενον
2727 5082 2944 5154 καιρὸν,
2993 5075 3279 5150 προλαϐὼν
3303 5075 3366 5129 τὸ
3399 5074 3590 5146 μέλλον
3641 5077 3672 5129 ὁ

2079 5175 2212 5239 Θεὸς
2244 5173 2333 5228 διὰ
2361 5175 2642 5246 συμϐόλων
2671 5171 2974 5235 είκονικῶς,
3000 5171 3121 5222 κατ’
3151 5168 3314 5222 αὐτὸν
3348 5170 3556 5224 ἐκεῖνον
3579 5168 3671 5222 τὸν

2083 5267 2347 5340 μέλλοντά
2387 5283 2518 5321 ποτε
2569 5265 2711 5322 κατά
2737 5265 2944 5336 χρόνων
2977 5261 3258 5333 περιόδους
3281 5260 3670 5332 ἐπιστήσεσθαι

2080 5360 2292 5430 καιρὸν,
2346 5359 2516 5430 ἀμνὸν
2587 5359 2735 5430 παρὰ
2803 5353 3076 5418 Ἰουδαίοις
3140 5353 3401 5424 αἰσθητὸν
3447 5353 3669 5406 ἐκέλευε

2081 5452 2322 5507 θύεσθαν
2349 5452 2444 5506 καὶ
2473 5452 2630 5506 τοῦτο
2655 5451 2835 5511 αὐτοῖς
2864 5449 2982 5501 κατ’
3009 5447 3254 5501 ἐνιαυτὸν
3291 5446 3544 5509 ἐτελεῖτο,
3567 5444 3672 5507 ἕως

2082 5546 2123 5615 ἡ
2149 5543 2378 5616 ἀλήθεια
2409 5538 2890 5611 ἁποπληρωθεῖσα,
2922 5537 3022 5602 τὰς
3063 5537 3298 5600 παλαιὰς
3327 5535 3542 5598 εἰκόνας
3574 5549 3670 5585 πε-

2086 5635 2399 5707 ριέγραψεν.
2431 5634 2592 5688 Ὅθεν
2621 5631 2678 5698 ἐξ
2706 5631 2914 5684 ἐκείνου
2947 5630 3100 5700 παρὰ
3138 5632 3236 5702 μὲν
3269 5631 3382 5691 τοῖς
3407 5626 3669 5696 ἔθνεσινὴ

2088 5727 2292 5798 ἀληθὴς
2319 5727 2428 5780 τῶν
2460 5725 2773 5798 μυστηρίων
2815 5725 3156 5794 κεκράτηκεν
3191 5720 3375 5792 ἑορτὴ,
3413 5718 3565 5790 παρά
3610 5716 3670 5771 δὲ

2105 5817 2376 5882 Ἰουδαίοις
2401 5814 2580 5870 οὐκέτι
2618 5815 2725 5871 οὐδ’
2757 5813 2932 5870 αὐτῶν
2964 5816 2997 5886 ἡ
3033 5813 3218 5885 μνήμη
3249 5809 3353 5866 τῶν
3386 5807 3672 5880 συμϐόλων
