4116 6406
324 368 416 421 7M

1447 375 1532 432 DE
1575 368 2063 436 SOLEMNITATE
2097 384 2452 444 PASCHALI.

3467 395 3571 453 702

319 489 663 557 φυλάττεται,
690 506 753 542 πε
764 488 1092 562 ριῃρημένου
1131 491 1310 549 αὐτῶν
1338 494 1428 547 τοῦ
1462 497 1626 550 τόπου
1658 499 1715 551 ὲν
1752 492 1796 567 ᾧ
1824 499 1874 554 τέ

1998 505 2206 574 rejussi
2249 506 2894 564 l‘uerant.Convenienter
2923 509 3106 578 utique
3133 492 3308 564 divina
3327 508 3569 584 Evange-

319 581 413 650 τῆς
458 581 649 651 ἑορτῆς
691 582 957 635 τελεῖσθαι
999 586 1403 656 νενομοθέτητα
1436 587 1673 655 Εἰκότως
1719 591 1828 649 ἄρα
1859 595 1893 663 ἡ

318 672 434 725 θεία
454 672 562 725 τῶν
589 672 931 741 Εὑαγγελίων
955 677 1140 746 γραφὴ
1171 678 1313 732 κατὰ
1333 680 1423 731 τὸν
1443 681 1630 752 χρόνον
1651 681 1899 736 τῶνἸου-

318 762 515 817 δαῖκῶν
539 763 763 834 ἀζύμων
791 766 1112 820 πεπονθέναι
1143 768 1276 838 φησὶ
1302 770 1392 823 τὸν
1418 772 1661 843 Σωτῆρα·
1707 775 1893 845 ἐπειδὴ

320 854 413 907 καὶ
441 855 556 907 τότε
583 856 659 919 ὡς
705 858 974 929 πρόϐατον
999 860 1089 912 ἐπὶ
1117 860 1329 931 σφαγὴν
1355 861 1492 932 ἤχθη
1521 866 1641 927 ταῖς
1676 882 1893 938 προφη-

318 948 492 1009 τικαῖς
516 948 823 1013 ἀκολούθως
847 953 1070 1020 φωναῖς.

384 1037 448 1100 ζ’.
506 1040 616 1092 Καὶ
641 1043 689 1093 οἱ
727 1042 826 1112 μὲν
882 1043 1020 1096 κατὰ
1071 1044 1308 1099 Μωῦσέα
1353 1045 1499 1112 ἅπαξ
1548 1047 1645 1100 τοῦ
1692 1050 1893 1113 παντὸς

316 1126 463 1191 ἔτους
486 1130 755 1198 πρόϐατον
794 1133 889 1186 τοῦ
927 1134 1118 1205 Πάσχα
1143 1135 1299 1189 ἔθυον
1327 1140 1888 1213 τεσσαρεσκαιδεκάτῃ

315 1221 403 1275 τοῦ
433 1222 650 1294 πρώτου
700 1227 887 1296 μηνὸς,
912 1227 973 1280 τὸ
1005 1228 1141 1298 πρὸς
1163 1230 1420 1302 ἑσπέρανε
1456 1233 1617 1301 ἡμεῖς
1638 1232 1692 1285 δὲ
1720 1234 1768 1284 oi
1790 1232 1890 1302 τῆς

313 1314 517 1384 Καινῆς
562 1317 831 1389 Διαθὴκης
864 1319 948 1387 ἐφ’
995 1320 1229 1392 ἑκάστης
1260 1324 1542 1393 Κυριακῆς
1575 1324 1782 1394 ἡμέρας
1829 1323 1890 1376 τὸ

312 1404 518 1457 ἑαυτῶν
547 1406 737 1476 Πάσχα
755 1407 1055 1472 τελοῦντες,
1090 1410 1201 1463 ΑΕΙ
1242 1412 1377 1464 ΤΟΥ
1402 1413 1718 1465 ΣΩΜΑΤΟΣ
1750 1412 1886 1465 ΤΟΥ

311 1496 648 1550 ΣΩΤΗΡΙΟΥ
682 1500 1214 1565 ΕΜΦΟΡΟΥΜΕΘΑ,
1264 1503 1376 1556 AEI
1410 1504 1547 1556 ΤΟΥ
1583 1504 1889 1556 ΑΙΜΑΤΟΣ

310 1586 443 1640 ΤΟΥ
465 1588 828 1642 ΠΡΟΒΑΤΟΥ
845 1592 1515 1647 ΜΕΤΑΛΑΜΒΑΝΟΜΕΝ
1530 1594 1638 1665 (29)
1651 1637 1662 1651 .
1680 1595 1767 1649 ἀεὶ
1789 1594 1887 1659 τὰς

307 1674 476 1745 ὀσφῦς
501 1678 600 1749 τῆς
632 1680 840 1734 ἑαυτῶν
869 1681 1045 1752 ψυχῆς
1069 1684 1262 1755 ἁγνείᾳ
1296 1685 1387 1737 καὶ
1418 1686 1739 1759 σωφροσύνῃ
1784 1704 1883 1738 πε-

308 1766 666 1841 ριεζώσμεθα,
696 1774 783 1827 ἀεὶ
804 1776 927 1838 τοὺς
946 1775 1109 1840 πόδας
1133 1778 1627 1850 παρεσκευάσμεθα
1658 1781 1715 1833 ὲν
1749 1782 1885 1835 ἑτοι-

1997 597 2187 653 liorum
2256 602 2522 669 scriptura
2575 600 2918 655 Judaicorum
2972 617 3283 672 azymorum
3328 613 3570 675 tempore

1996 703 2211 757 passum
2246 689 2592 745 Servatorem
2625 690 2920 759 dicit,quia
2944 702 3071 746 tunc
3100 706 3288 761 reapse
3314 702 3567 764 tanquam

1998 781 2115 835 ovis
2148 781 2212 833 ad
2248 782 2450 837 caedem
2483 783 2674 838 ductus
2701 782 2806 838 fuit
2836 783 3162 854 propheticis
3184 785 3417 842 oraculis
3437 802 3570 842 con-

1995 884 2091 926 86η
2101 879 2276 926 tanee.

2068 1031 2123 1088 7.
2155 1031 2223 1085 Et
2258 1030 2456 1102 Moysts
2488 1033 2704 1101 quidem
2741 1033 2959 1089 asseclte
3000 1034 3166 1089 semel
3204 1036 3257 1089 in
3299 1050 3441 1090 anno
3475 1052 3571 1106 pa-

1994 1124 2231 1180 schalem
2284 1140 2438 1179 ovem
2496 1125 2872 1193 immolabant,
2910 1136 3099 1196 quarta
3152 1128 3358 1182 decima
3407 1129 3593 1197 primi

1993 1217 2195 1272 mensis
2246 1218 2351 1281 die,
2382 1218 2524 1272 circa
2574 1233 2877 1286 vesperum.
2910 1217 3018 1272 Nos
3063 1228 3240 1271 autem
3272 1217 3416 1287 (Novi
3444 1218 3569 1273 Fae-

1990 1312 2135 1365 deris
2188 1312 2468 1375 h0mines,
2500 1310 2794 1366 Dominicis
2838 1312 3050 1366 cunctis
3112 1313 3301 1367 diebus
3358 1312 3563 1368 Pascha

1992 1412 2236 1455 nostrum
2285 1403 2666 1467 celebrantes,
2706 1418 3033 1459 εειινΑτοιιιε
3084 1420 3323 1461 conpone
3366 1422 3567 1461 εειιρειι

1998 1509 2288 1558 ΒΑΤΙΑΠΙῘΒ,
2330 1510 2535 1550 εειινειι
2594 1511 2889 1552 SANGUINEM
2952 1512 3072 1552 AGNI
3123 1514 3562 1553 PARTICIPAMUS:

1989 1587 2200 1642 lumbos
2224 1602 2440 1657 semper
2478 1588 2674 1642 anima:
2713 1600 2912 1645 nostra:
2944 1592 3192 1645 castitate
3229 1600 3284 1644 et
3309 1591 3566 1645 modestia

1987 1680 2386 1749 praecingimns,
2403 1694 2619 1748 semper
2640 1681 2863 1749 pedibus
2886 1682 3057 1749 parati
3093 1696 3279 1736 sumus
3302 1682 3367 1735 ad
3398 1681 3567 1735 Evan-

1989 1772 2110 1842 gelii
2143 1773 2499 1841 procinctum,
2524 1787 2737 1843 semper
2775 1775 2996 1829 baculos
3034 1790 3193 1829 manu
3228 1786 3488 1841 tenemus,
3514 1783 3568 1827 et

307 1861 476 1932 μασίᾳ
505 1863 597 1915 τοῦ
626 1864 975 1933 Εὑαγγελίου,
1004 1867 1091 1920 ἀεὶ
1126 1848 1224 1931 τὰς
1253 1869 1553 1941 βακτηρίας
1578 1870 1771 1941 ἔχομεν
1824 1872 1874 1924 ἐν

1988 1864 2149 1934 virga:
2175 1867 2241 1917 de
2276 1864 2458 1919 radice
2481 1863 2647 1919 .lessa:
2670 1866 2994 1935 germinanti
3027 1866 3305 1938 inni_teml0
3335 1866 3567 1933 quiesci-

303 1954 423 2016 ταῖς
450 1954 625 2024 χερσὶ,
653 1956 746 2009 καὶ
790 1959 854 2028 τῇ
902 1957 1079 2028 ράῦδῳ
1105 1962 1168 2031 τῇ
1202 1960 1434 2031 ὲκρίζης
1471 1961 1667 2014 Ἰεσσαὶ
1689 1963 1882 2031 προελ-

303 2040 469 2115 θούσῃ
499 2045 982 2118 ὲπαναπαυόμεθα,
1002 2050 1086 2102 ἀεὶ
1116 2034 1517 2120 τῆςἈίγύπτου
1543 2052 1880 2106 ἀπαλλαττό-

301 2133 460 2205 μεθα,
490 2136 573 2189 ἀεὶ
605 2137 701 2208 τὴν
730 2140 963 2209 ἐρημίαν
982 2140 1076 2192 τοῦ
1106 2141 1443 2213 ἀνθρωπείου
1479 2142 1594 2212 βίου
1620 2142 1883 2213 μεταδιώ-

305 2243 489 2296 κομεν,
525 2229 611 2282 ἀεὶ
634 2231 732 2301 τὴν
762 2232 896 2299 πρὸς
918 2231 1049 2285 Θεὸν
1078 2235 1300 2302 πορείαν
1335 2234 1682 2305 στελλόμεθα,
1703 2235 1788 2287 ἀεὶ
1813 2236 1881 2288 τὰ

301 2318 623 2390 διαϐατήρια
655 2322 1002 2394 ἑορτάζομεν.
1042 2323 1228 2378 Ταῦτα
1262 2324 1370 2398 γὰρ
1408 2328 1587 2380 πάντα
1615 2327 1712 2397 οὐχ
1735 2325 1883 2391 ἅπαξ

308 2405 391 2462 τοῦ
427 2409 579 2473 ἔτους
602 2413 860 2483 πράττειν
890 2416 1057 2486 ἡμᾶς,
1092 2416 1180 2470 ἀεὶ
1203 2417 1373 2470 δὲκαὶ
1402 2416 1489 2473 διὰ
1535 2419 1712 2489 πάσης
1741 2420 1773 2484 ἡ
1783 2419 1882 2489 μὲ-

303 2516 401 2568 ρας
426 2503 455 2554 ὀ
487 2502 837 2571 εὐαγγελικὸς
862 2506 1017 2574 λόγος
1053 2508 1318 2578 βούλεται.
1353 2509 1443 2562 Διὸ
1464 2510 1557 2563 καὶ
1586 2509 1707 2563 καθ’
1746 2510 1879 2563 ἐκά-

298 2607 431 2662 στην
475 2592 744 2664 ἑϐδομάδα
785 2596 883 2667 τὴν
911 2596 1019 2657 τοῦ,
1041 2599 1234 2669 Πάσχα
1255 2600 1349 2653 τοῦ
1393 2601 1662 2673 ἡμετέρου
1686 2603 1878 2673 ἑορτὴν

304 2682 438 2735 κατὰ
472 2684 573 2755 τὴν
620 2688 885 2758 σωτήριον
917 2689 1012 2741 καὶ⁵
1042 2691 1329 2761 Κυριακὴν
1358 2692 1568 2762 ἡμέραν
1601 2692 1878 2747 ἐπιτελοῦ-

301 2792 398 2843 μεν
428 2775 518 2829 τοῦ
549 2776 801 2848 ἀληθινοῦ
832 2780 1102 2849 προϐάτου
1121 2823 1134 2847 ,
1162 2780 1228 2833 δι’
1254 2774 1314 2834 οὗ
1345 2782 1749 2854 ὲλυτρώθημεν,
1809 2783 1879 2839 τὰ

301 2866 573 2935 μυστήρια
606 2867 1072 2939 ἅποπληροῦντες⁶
1118 2870 1211 2922 καὶ
1242 2869 1364 2925 οὕτε
1392 2871 1453 2923 τὸ
1482 2870 1639 2941 σῶμα
1675 2872 1877 2944 σιδήρῳ

300 2955 714 3028 περιτέμνομεν,
741 2960 839 3031 τῆς
866 2961 921 3015 δὲ
937 2961 1113 3033 ψυχῆς
1135 2962 1213 3032 τῷ
1243 2963 1492 3035 τμητικῷ
1517 2963 1657 3034 λόγῳ
1694 2966 1875 3021 πᾶσαν

303 3048 690 3120 περιαιροῦμεν
724 3052 940 3106 κακίαν·
963 3052 1085 3105 οὔτε
1110 3056 1444 3124 σωματικοῖς
1476 3054 1707 3124 ἀζύμοις
1734 3054 1875 3126 χρώ-

298 3137 457 3209 μεθα,
493 3140 673 3209 μόνοις
696 3142 752 3194 δὲ
781 3146 893 3206 τοῖς
924 3144 1025 3213 τῆς
1058 3144 1407 3215 εἱλικρινείας
1450 3146 1545 3198 καὶ
1589 3146 1869 3216 ἀληθείας.

302 3227 371 3291 Ἦ
406 3231 561 3301 χάρις
589 3232 717 3303 γὰρ,
750 3236 895 3304 ἡμᾶς
934 3236 1032 3305 τῆς
1057 3235 1428 3307 γεγηρακυίας
1462 3235 1873 3306 ἐλευθερώσασα

298 3320 604 3390 συνηθείας,
637 3324 728 3377 τὸν
759 3327 941 3382 καινὸν
964 3326 1247 3399 ἄνθρωπον
1276 3328 1591 3398 παρέδωκεν
1619 3330 1751 3397 ἡμῖν
1781 3328 1875 3380 τὸν

294 3410 434 3463 κατὰ
455 3411 586 3466 Θεὸν
608 3415 913 3481 κτισθέντα,
944 3420 1140 3474 καὶτὸν
1165 3419 1349 3472 καινὸν
1371 3419 1556 3489 νόμον,
1589 3420 1782 3490 καινήν
1814 3436 1873 3471 τε

1985 1972 2126 2020 mus,
2159 1955 2397 2027 Egypto
2428 1972 2643 2026 semper
2694 1958 3016 2023 alienamur,
3059 1971 3270 2024 semper
3316 1958 3566 2019 humana:

1985 2049 2109 2101 vitae
2150 2048 2490 2103 solitudinem
2522 2057 2817 2111 sectamur,
2837 2062 3053 2116 semper
3079 2049 3272 2101 itinere
3300 2049 3366 2101 ad
3398 2047 3563 2100 Deum

1984 2140 2273 2203 tendimus,
2306 2154 2521 2209 semper
2545 2139 2804 2193 transitus
2835 2139 3030 2194 festum
3054 2139 3415 2194 celebramus.
3437 2138 3564 2195 Haec

1983 2231 2127 2286 enim
2161 2232 2304 2285 haud
2357 2232 2522 2286 semel
2562 2232 2874 2301 quotannis,
2901 2231 2993 2285 sed
3042 2245 3254 2300 semper
3298 2231 3561 2298 singulis-

1981 2338 2089 2392 que
2132 2322 2323 2377 diebus
2358 2338 2387 2376 a
2445 2323 2602 2376 nobis
2643 2322 2759 2376 ﬁeri
2816 2322 3163 2389 evangelicus
3217 2336 3395 2375 sermo
3422 2322 3560 2375 vult.

1980 2415 2272 2482 Propterea
2309 2415 2538 2484 singulis
2581 2413 2937 2469 hebdomadis
2982 2414 3257 2483 paschalis
3290 2412 3459 2466 nostri
3489 2412 3563 2465 fe-

1981 2516 2144 2571 stum,
2170 2506 2446 2560 Dotninica
2474 2505 2774 2560 Salvatoris
2806 2505 2891 2559 die
2920 2506 3245 2575 peragimus,
3271 2505 3383 2558 veri
3411 2504 3559 2572 agni,

1980 2615 2075 2669 per
2103 2615 2262 2669 quem
2287 2598 2498 2652 liberati
2527 2598 2743 2662 fuimus,
2776 2600 3029 2668 mysteria
3062 2598 3422 2652 celebrantes.
3450 2596 3558 2651 Ne—

1978 2704 2085 2757 que
2112 2703 2314 2757 corpus
2369 2688 2521 2742 ferro
2549 2689 3030 2754 circumcidimus,
3072 2690 3165 2741 sed
3203 2697 3360 2741 acuta
3409 2685 3559 2741 verbi

1977 2774 2271 2843 evangelici
2301 2777 2417 2830 acie
2461 2785 2710 2829 cunctam
2762 2776 2956 2830 animae
3003 2776 3259 2830 malitiam
3292 2776 3560 2831 abscindi-

1978 2881 2119 2921 mus.
2147 2865 2333 2936 Neque
2369 2868 2646 2937 corporeis
2680 2868 2888 2937 azymis
2932 2869 3156 2934 utimur,
3197 2869 3291 2923 sed
3332 2869 3559 2923 sinceri-

1979 2959 2104 3013 tatis
2136 2962 2510 3015 tantummodo
2531 2973 2596 3014 ac
2618 2962 2887 3017 veritatis.
2914 2959 3103 3015 Gratia
3135 2961 3279 3014 enim
3312 2976 3433 3031 qua:
3461 2976 3560 3016 nos

1974 3051 2250 3106 veteribus
2282 3052 2529 3106 moribus
2580 3050 2863 3118 liberavit,
2907 3069 3104 3108 novum
3142 3054 3297 3109 nobis
3340 3054 3558 3109 tradidit

1976 3142 2276 3209 hominem,
2299 3145 2388 3214 qui
2418 3146 2713 3200 secundum
2750 3146 2917 3200 Deum
2947 3145 3197 3200 conditus
3226 3154 3331 3208 est,
3362 3160 3558 3199 novam

1981 3232 2149 3301 legem
2170 3274 2186 3300 ,
2218 3248 2412 3288 novam
2463 3234 2929 3291 circumcisionem
2950 3275 2966 3301 ,
3005 3250 3199 3289 novum
3234 3234 3437 3289 Pascha
3458 3274 3475 3300 ,
3503 3241 3559 3289 et

1983 3324 2134 3379 illum
2162 3326 2253 3394 qui
2281 3326 2335 3380 in
2379 3324 2700 3381 abscondito
2723 3325 2940 3381 Judazus
2975 3337 3057 3380 est
3076 3328 3142 3380 θ’.
3177 3323 3267 3380 Sic
3297 3340 3396 3381 nos
3421 3327 3557 3380 anti-

1980 3433 2210 3485 quorum
2241 3425 2544 3482 temporum
2567 3420 2697 3489 jugo
2727 3418 2992 3472 relevatos
3015 3418 3237 3472 dimisit.

292 3504 613 3577 περιτομὴν,
632 3510 816 3564 καινόν
840 3527 899 3565 τε
922 3513 1135 3584 Πάσχα,
1160 3513 1254 3567 καὶ
1287 3513 1377 3568 τὸν
1397 3514 1453 3567 ὲν
1483 3512 1709 3586 κρυπτῷ
1755 3512 2035 3583 Ἰουδαῖον,’
2101 3510 2243 3564 οὕτω
2275 3512 2493 3566 καὶτῶν
2511 3511 2756 3567 παλαιῶν
2814 3514 3018 3585 καιρῶν
3048 3513 3363 3584 ἐλευθέρους
3411 3514 3555 3583 ἡμᾶς

289 3593 493 3662 ἀφῆκε.

359 3693 431 3757 η’.
462 3687 607 3760 Πλὴν
628 3690 721 3744 τοῦ
774 3691 1186 3762 θεοφιλεστάτου
1238 3695 1520 3766 βασιλέως,
1574 3696 1740 3768 μέσου
1769 3699 1871 3769 τῆς

291 3776 452 3845 ἁγίας
484 3781 697 3834 συνόδου
731 3783 1199 3855 προκαθεζομένου
1228 3787 1362 3858 (30),
1404 3788 1480 3852 ὡς
1517 3788 1654 3859 ἡχθη
1672 3790 1751 3851 είς
1776 3789 1874 3860 μέ-

292 3884 384 3921 σον
416 3869 476 3922 τὸ
499 3873 627 3941 περὶ
659 3873 754 3925 τοῦ
782 3876 972 3947 Πάσχα
1000 3877 1239 3949 ζήτημα,
1266 3879 1481 3949 ἐλέγετο
1513 3881 1611 3951 μὲν
1642 3881 1743 3933 ὅσα
1773 3882 1873 3935 καὶ

290 3960 506 4030 ἐλέγετο
538 3961 668 4034 (51)⁶
687 3965 1024 4025 δπλεονέκτει
1050 3970 1105 4023 δὲ
1120 3969 1196 4040 τῷ
1212 3971 1403 4042 πλήθει
1427 3972 1535 4026 τῶν
1562 3974 1874 4027 ἐπισκόπων

289 4053 325 4124 ἡ
365 4053 700 4126 τριπλασίων
761 4062 922 4131 μοῖρα
956 4060 1055 4130 τῆς
1086 4062 1214 4133 ὅλης
1255 4063 1578 4133 οἰκουμένης
1609 4064 1872 4135 ἑτέρωθεν

289 4147 665 4203 ἀντιτείνουσα
717 4153 830 4214 τοῖς
875 4152 974 4223 τῆς
1016 4153 1298 4223 ἀνατολῆς·
1329 4155 1553 4225 ἀρκτῷα
1596 4156 1705 4227 γὰρ
1734 4157 1869 4227 ὁμοῦ

287 4236 384 4291 καὶ
408 4240 773 4313 μεσημϐρινὰ,
812 4245 905 4297 καὶ
929 4245 997 4298 τὰ
1044 4246 1186 4298 κατὰ
1219 4246 1411 4300 δύοντα
1437 4248 1588 4318 ⁴ἡλιον
1622 4247 1768 4319 ἔθνη,
1802 4252 1868 4321 τῇ

289 4331 581 4403 συμφωνίᾳ
635 4332 976 4405 φραξάμενα,
1009 4337 1109 4408 τὴν
1163 4338 1411 4392 ἐναντίαν
1463 4338 1711 4393 ἀνθεῖλκε
1757 4341 1869 4402 τοῖς

286 4420 384 4491 τῆς
413 4422 554 4492 ἑῴας
600 4424 698 4497 τὴν
728 4426 962 4481 παλαιὰν
993 4428 1315 4483 διεκδικοῦσι
1362 4430 1668 4501 συνήθειαν.
1704 4431 1868 4495 Τέλος

287 4510 343 4564 δὲ
374 4511 532 4581 λόγου
576 4513 722 4584 εἶξαν
750 4520 799 4571 οἱ
829 4519 1151 4575 ἀνατολικοίο
1198 4523 1291 4575 καὶ
1339 4521 1481 4576 οὕτω
1513 4522 1611 4593 μία
1631 4522 1866 4593 Χριστοῦ

2049 3694 2105 3749 8.
2137 3694 2526 3748 Verumtamen
2560 3708 2682 3746 cum
2715 3693 2823 3746 Deo
2853 3692 3235 3748 dilectissimus
3263 3692 3553 3761 imperator

1979 3796 2167 3843 sancta
2198 3786 2403 3857 synodo
2427 3800 2610 3839 coram
2636 3785 2843 3839 medius
2877 3786 3109 3850 sederet,
3144 3794 3414 3839 commota
3449 3784 3553 3841 illic

1978 3877 2046 3932 de
2077 3877 2342 3933 Paschate
2372 3876 2695 3946 quaestione,
2723 3874 2862 3928 dixit
2901 3891 2962 3930 ea
2994 3891 3115 3945 qua:
3146 3875 3298 3930 dixit.
3340 3875 3551 3929 Praeva-

1979 3968 2162 4023 lebant
2194 3978 2377 4021 autem
2409 3975 2522 4020 tres
2544 3980 2609 4019 ex
2636 3975 2868 4032 quatuor
2902 3968 3145 4034 partibtts
3176 3952 3551 4036 episeopOrum

1979 4060 2033 4114 in
2076 4068 2189 4113 toto
2229 4058 2451 4124 mundo,
2487 4057 2578 4125 qui
2611 4055 2979 4112 Orientalibus
3024 4057 3293 4126 episcopis
3329 4064 3551 4110 contra-

1980 4150 2119 4203 rium
2154 4148 2484 4204 sentiebant.
2513 4145 2649 4202 Nam
2691 4146 3110 4218 Septentrionis,
3148 4146 3351 4210 Austri,
3390 4151 3549 4201 item-

1977 4258 2081 4313 que
2128 4242 2446 4298 Occidentis
2482 4241 2664 4313 populi
2695 4242 2987 4296 concordia
3014 4255 3109 4295 sua
3160 4239 3544 4295 roboratisen-

1979 4334 2200 4389 tentiam
2231 4332 2494 4403 gerebant
2541 4334 2819 4388 adversam
2864 4332 3251 4395 Orientalibus,
3279 4331 3368 4401 qui
3401 4339 3547 4385 vete-

1978 4443 2090 4482 rem
2122 4441 2274 4481 suam
2311 4427 2758 4481 consuetudinem
2792 4426 3101 4479 tuebantur.
3128 4423 3233 4477 Sed
3264 4433 3546 4477 cesserunt

1974 4519 2189 4573 demum
2239 4517 2579 4583 Orientales;
2610 4529 2773 4587 atque
2814 4518 2886 4571 ita
2920 4530 3023 4571 una
3054 4515 3254 4571 Christi
3298 4514 3437 4568 facta
3463 4524 3545 4570 est

287 4604 509 4673 γέγονεν
541 4608 722 4679 ἑορτή·
746 4611 840 4663 καὶ
882 4611 1023 4665 οὕτω
1056 4612 1163 4666 τῶν
1198 4613 1297 4684 μὲν
1331 4614 1693 4684 κυριοκτόνων
1729 4612 1866 4668 ἀπέ-

1981 4612 2289 4667 ιοὶειιιιιίιοε
2325 4626 2341 4675 ;
2372 4611 2452 4665 sic
2483 4626 2515 4664 a
2558 4609 2767 4664 Domini
2812 4608 3142 4664 occisoribus
3194 4606 3541 4670 recedentes,

288 4711 510 4769 στησαν,
538 4702 651 4764 τοῖς
675 4700 731 4754 δὲ
770 4703 1046 4774 ὁμοδόξοις
1086 4704 1454 4777 ωνὴφθησαν·
1487 4708 1521 4778 ἡ
1560 4707 1721 4777 φύσις
1764 4706 1874 4778 γὰρ

1984 4702 2219 4775 propria:
2240 4701 2519 4773 religionis
2548 4702 2854 4758 hominibus
2896 4700 3132 4769 copulati
3164 4708 3308 4756 sunt.
3336 4696 3541 4753 Natura

357 4879 401 4911 ⁸⁸
419 4878 577 4937 Rom.
611 4898 671 4949 ιι,
705 4884 799 4940 29.

317 5106 329 5117 ο
358 5034 471 5118 (ᾷθ)
511 5038 588 5093 En
620 5040 836 5099 Eusebii
865 5047 1137 5118 egregium
1167 5047 1234 5103 de
1263 5056 1607 5104 sacrosancta
1646 5048 1860 5104 Eucha-

286 5116 653 5190 ristia,_prout
676 5127 794 5190 eam
824 5131 936 5190 nos
957 5116 1211 5190 catholici
1242 5121 1563 5190 conﬁtemur
1596 5128 1651 5173 et
1677 5120 1859 5175 credi-

286 5192 429 5260 rnus,
468 5183 857 5260 testiinonium,
897 5185 1141 5260 Undique
1190 5191 1333 5260 enim
1380 5189 1513 5243 mihi
1552 5191 1860 5260 suppeditat

284 5242 368 5315 (ut
407 5249 873 5331 verbisfullianis
908 5268 1029 5311 utar
1054 5242 1573 5331 Ῥωᾞσὰιινόλσιί
1589 5242 1856 5331 quod

282 5317 611 5401 pro‘Christi
643 5321 975 5381 humanitate
1006 5330 1107 5383 sub
1146 5317 1523 5385 eucharisticis
1558 5317 1689 5384 velis
1715 5317 1854 5400 prae-

283 5394 440 5471 sente
476 5389 679 5471 dicam,
727 5407 1053 5471 quocunque
1087 5415 1193 5471 non
1251 5401 1408 5456 modo
1451 5416 1627 5471 mens.
1670 5389 1860 5471 Vérum

282 5460 445 5541 etiam
483 5460 624 5541 oculi
661 5460 1050 5541 inciderint,in
1086 5468 1377 5541 Eusebium
1394 5480 1542 5537 puta,
1563 5460 1849 5541 Cyrillum.

283 5525 682 5611 §ophronium,
732 5525 1079 5611 Eutychium,
1129 5525 1492 5610 Nicephorum
1510 5525 1542 5605 ,’
1566 5525 1859 5611 Allnculenv-

282 5599 442 5676 tium,
475 5599 774 5680 aliosque_a
805 5599 902 5680 me,
925 5607 1102 5680 editos
1137 5599 1387 5680 auctores
1431 5599 1527 5665 vel'
1557 5609 1858 5680 fragmenta

282 5680 551 5750 Ipsorum,
575 5675 938 5750 utjuislocis
976 5678 1366 5750 adnotavi._De
1393 5675 1863 5750 mysterio'corpo-

286 5737 365 5819 ris
393 5737 594 5819 Christi
644 5742 906 5819 Eusebius
938 5747 1102 5819 etiam
1145 5748 1197 5801 in
1240 5737 1598 5817 Theophbnia,
1636 5749 1727 5806 lib.
1774 5737 1856 5812 ἰιι,

283 5804 374 5873 61,
402 5810 494 5877 qui
537 5811 753 5871 brevior
801 5815 950 5875 locus
994 5815 1171 5873 lumen
1213 5804 1501 5876 plurimum
1538 5804 1603 5876 ab
1649 5804 1750 5877 hoc
1782 5804 1857 5876 οὲ

1965 5046 2215 5117 paschale
2249 5051 2477 5117 tractatu
2518 5039 2731 5110 accipit.

2039 5116 2155 5186 (30)
2196 5115 2462 5183 Loquitur
2507 5104 2695 5186 auctor
2734 5110 2801 5186 de
2834 5109 3196 5186 Constantino
3244 5104 3437 5186 M_agno
3483 5105 3536 5159 in

1966 5177 2179 5256 synodo
2210 5177 2785 5256 Nicmna._metliq_sed
2827 5182 3020 5256 humili
3052 5180 3171 5233 loco
3198 5177 3452 5256 sedente,
3475 5191 3539 5256 ac

1964 5247 2263 5311 disserente
2296 5254 2518 5324 Euseb.
2550 5254 2603 5307 in
2640 5252 2760 5307 Vita
2793 5251 2909 5321 ejus
2933 5251 3026 5306 lib.
3068 5266 3155 5317 ιιι,
3192 5247 3259 5301 10
3283 5254 3457 5315 seqq.',
3485 5254 3539 5301 et

1962 5330 2263 5398 praesertim
2296 5326 2381 5379 18.
2464 5394 2493 5398 _
2722 5393 2793 5398 __
2888 5391 2902 5398 _
2995 5391 3009 5398 _
3200 5385 3288 5398 un
3392 5385 3441 5398 Η

2036 5398 2155 5467 (δη
2186 5395 2424 5465 Legatur
2453 5393 2795 5467 constantini
2820 5391 3043 5467 epistola
3076 5387 3214 5467 apud
3248 5385 3536 5467 Eusebium

1974 5458 2083 5523 Vit.
2117 5458 2300 5520 Consi.
2345 5481 2429 5530 ιιι,
2460 5465 2645 5519 17ο20.
2676 5464 2816 5518 Idem
2854 5458 3274 5530 Constantinus
3297 5458 3382 5510 die
3421 5458 3538 5530 ipso

1967 5536 2248 5591 Paschalis
2306 5525 2609 5591 sermonem
2656 5536 2722 5587 ad
2754 5542 2985 5605 sanctos
3030 5531 3216 5585 habuit
3256 5527 3412 5605 (cap.
3444 5525 3533 5605 l_).

1967 5608 2248 5673 Quomodo
2276 5605 2720 5676 religiosissimus
2751 5602 3045 5676 imperator
3063 5594 3297 5676 annuum
3329 5594 3534 5676 Pascha

1968 5668 2287 5740 celebraret,
2323 5668 2521 5731 dicitur
2552 5675 2603 5727 in
2640 5674 2754 5742 ejus
2787 5668 2910 5725 Vita
2938 5672 3031 5725 lib.
3064 5686 3135 5742 tv,
3165 5668 3256 5735 22',
3286 5668 3533 5738 precibus

1969 5762 2189 5818 nempe,
2219 5746 2499 5818 splendido
2529 5741 2696 5812 cultu,
2727 5753 2781 5800 et
2809 5741 3191 5812 cleemosynis.
