4116 6446
474 397 578 450 7υῦ

1143 392 1416 451 EUSEBII
1452 385 1929 446 CESARIENSIS
1964 382 2118 440 OPP.
2159 379 2338 438 PARS
2372 378 2463 436 IV.
2503 408 2573 420 —
2603 375 3024 432 DOGMATICA.

3633 373 3736 428 704

473 515 619 569 enim
646 512 847 569 similia
879 504 1072 568 'trahit
1107 512 1175 568 ad
1217 513 1437 568 simllia.
1462 510 1616 578 Quod
1659 511 1705 566 si
1750 509 1875 579 quis
1903 508 2048 563 dicat

2173 501 2294 555 ,λκει
2332 498 2402 553 τὰ
2430 499 2590 569 ὅμοια
2616 495 2752 566 πρὸς
2785 494 2855 549 τὰ
2869 496 3054 567 ὅμοια.
3083 491 3221 548 Είδέ
3239 509 3326 557 τις
3363 491 3739 565 εττωι,ὡςάρα

475 605 736 674 scriptum
769 618 892 660 esse
925 622 939 660 :
967 603 1148 659 Prima
1171 617 1484 675 azymorum
1516 602 1602 656 die
1631 601 1950 656 accedentes
1971 598 2053 652 di-’

476 699 667 769 scipuli
696 697 957 754 dixerunt
987 697 1290 763 Servatori,
1313 695 1545 752 Ubinam
1571 695 1652 748 vis
1673 706 1929 762 paremus
1959 691 2053 747 tibi

481 793 810 846 manducare
839 790 1046 846 Pascha
1077 789 1216 844 lille
1247 798 1428 842 autem
1451 789 1588 843 duos
1615 787 1844 841 misitad
1867 798 2057 854 quem-

478 885 623 949 dam,
651 893 710 937 ut
739 883 788 938 ei
813 883 1056 938 dicerent
1085 897 1100 934 :
1128 880 1284 950 Apud
1326 889 1378 936 te
1411 880 1552 934 facio
1584 879 1821 944 Pascha;
1852 892 1948 933 nos
1975 891 2060 933 re-

479 975 824 1042 spondemus,
855 990 963 1029 non
1011 973 1114 1029 hoc
1150 973 1319 1028 fuisse
1367 980 1721 1043 praeceptum,
1760 977 1852 1027 sed
1887 973 2060 1027 histo-

480 1069 615 1122 riam
653 1082 776 1123 esse
808 1068 884 1122 rei
928 1075 1091 1138 gesta:
1149 1076 1391 1135 tempore
1435 1081 1541 1135 quo
1578 1065 1838 1120 Servator
1867 1079 2060 1132 passus

479 1167 582 1213 est.
608 1159 764 1213 Aliud
792 1174 921 1214 vero
959 1170 1042 1213 est
1069 1158 1302 1227 priscam
1337 1173 1450 1212 rem
1507 1171 1755 1222 narrare,
1795 1155 1935 1210 aliud
1975 1155 2060 1210 le-

480 1266 602 1322 gem
632 1250 797 1317 ferre,
829 1260 885 1306 et
915 1251 1170 1305 mandata
1204 1249 1436 1321 posteris
1467 1251 1705 1305 tradere.

553 1433 607 1488 9.
639 1433 744 1488 Sed
775 1448 950 1504 neque
992 1432 1253 1488 Servator
1284 1448 1407 1487 cum
1437 1430 1637 1488 Judaeis
1669 1432 1877 1489 Pascha
1920 1433 2062 1488 cele-

485 1523 661 1576 bravit
690 1523 962 1591 passionis
1008 1539 1118 1579 suae
1167 1533 1432 1592 tempore.
1471 1523 1586 1578 Non
1631 1524 1780 1577 enim
1829 1524 1953 1578 dum
1983 1523 2061 1578 illi

484 1630 642 1669 ovem
684 1615 1056 1676 immolabant,
1080 1616 1196 1685 ipse
1225 1629 1440 1686 quoque
1472 1630 1594 1669 cum
1627 1617 1742 1670 suis
1783 1615 2062 1684 discipulis

485 1705 766 1777 proprium
789 1705 997 1761 Pascha
1027 1706 1253 1776 peregit.
1295 1705 1431 1760 Nam
1471 1706 1547 1760 illi
1579 1706 1668 1760 die
1708 1705 2060 1773 Parasceves,

487 1799 542 1853 in
587 1813 691 1867 qua
739 1799 1045 1867 patiebatur
1097 1798 1375 1865 Servatur,
1407 1799 1792 1865 celebrabant;
1829 1803 1971 1856 unde
2008 1811 2063 1854 et

489 1906 650 1944 nemo
677 1892 989 1960 praetorium
1030 1901 1114 1946 est
1160 1892 1465 1960 ingressus,
1503 1893 1597 1947 sed
1641 1892 1844 1948 Pilatus
1872 1894 1940 1948 ad
1969 1910 2065 1950 eos

488 1979 658 2033 exivit
692 1998 706 2035 :
747 1980 995 2035 Christus
1027 1990 1204 2035 autem
1255 1981 1340 2036 die
1381 1983 1604 2036 omnino
1637 1985 1825 2054 quinta
1861 1984 2064 2038 hebdo-

489 2073 662 2124 madae
692 2086 814 2126 cum
851 2073 1128 2142 discipulis
1160 2075 1458 2140 discubuit,
1487 2085 1544 2129 et
1575 2091 1910 2131 convescens
1943 2077 2016 2131 ait
2047 2093 2063 2132 :

490 2162 766 2216 Desiderio
812 2166 1107 2220 desideravi
1145 2166 1240 2219 hoc
1281 2164 1496 2220 Pascha
1547 2170 1868 2222 manducare
1895 2169 2067 2222 vobis-

491 2270 630 2307 cum.
675 2253 862 2310 Viden’
889 2258 1166 2326 quomodo
1214 2257 1475 2313 Servatur
1523 2259 1665 2313 haud
1702 2275 1824 2313 cum
1869 2258 2070 2314 Judaais

493 2345 693 2402 Pascha
720 2349 1174 2409 manducaverit?
1204 2350 1340 2418 Quia
1376 2367 1574 2406 novum
1608 2353 1738 2420 quid
1771 2352 1900 2406 illud
1928 2362 2069 2415 erat,

489 2449 544 2493 et
583 2454 612 2493 a
645 2451 905 2496 consueto
929 2439 1156 2498 Iudaico
1204 2459 1356 2498 more
1395 2444 1696 2500 abhorrens
1719 2485 1734 2508 ,
1759 2444 2071 2499 necessario

491 2531 692 2584 institit
740 2533 1019 2588 dicendo:
1065 2533 1336 2588 Desiderio
1385 2535 1677 2590 desideravi
1726 2535 1821 2588 hoc
1865 2531 2073 2588 Pascha

489 2623 806 2678 manducare
827 2625 1113 2689 vobiscum,
1145 2636 1425 2696 antequam
1450 2628 1624 2695 patiar
1649 2626 1713 2677 ⁸⁸.
1733 2626 1871 2678 Nam
1896 2625 2072 2693 prisca

495 2712 581 2766 illa
615 2713 696 2766 vel
728 2715 906 2782 potius
929 2717 1235 2783 antiquata,
1263 2731 1382 2784 qum
1407 2731 1530 2770 cum
1561 2715 1767 2770 Judaais
1805 2716 2075 2770 comedis-

494 2808 600 2860 set.
625 2815 730 2854 non
759 2811 919 2856 erant
954 2802 1335 2858 desiderabilia
1366 2821 1380 2857 :
1424 2819 1622 2858 novum
1659 2812 1840 2858 autem
1875 2813 2076 2875 myste-

2155 590 2568 664 γέγραπται·Τῇ
2582 587 2770 660 πρώτῃ
2784 589 2818 658 ἡ
2828 585 2969 658 μέρᾳ
2985 585 3094 639 τῶν
3114 584 3344 656 ἀζύμων
3356 582 3742 656 προσελθόντες

2154 685 2204 737 οί
2238 679 2478 754 μαθηταὶ
2504 675 2656 732 εἷπον
2671 676 2748 749 τῷ
2765 675 3001 750 Σωτῆρι,
3020 675 3131 730 Ποῦ
3163 675 3338 739 θέλεις
3367 674 3744 746 ἑτοιμάσωμέν

2157 791 2240 826 σοι
2259 773 2452 841 φαγεῖν
2489 769 2551 823 τὸ
2581 768 2808 838 Πάσχα;
2839 766 2897 821 '0
2927 767 2984 820 δὲ
3011 767 3148 839 πρὸς
3166 766 3260 821 τὸν
3271 767 3416 821 δεῖνα
3431 766 3741 834 ἀπέστειλε,

2158 865 2533 940 παραγγείλας
2566 866 2761 918 εἰπεῖν·
2810 862 2958 936 Πρὸς
2988 863 3049 917 σὲ
3078 860 3218 916 ποιῶ
3255 860 3315 914 τὸ
3347 859 3560 930 Πάσχα·
3589 858 3744 932 ἐροῦ-

2162 980 2282 1034 μεν,
2311 963 2394 1015 ὅτι
2445 957 2602 1012 τοῦτο
2637 956 3006 1030 παράγγελμα
3047 956 3148 1009 οὐκ
3181 953 3350 1017 ἐστιν,
3383 953 3499 1007 ἀλλ’
3534 951 3746 1025 ἱστορία

2161 1053 2485 1125 πράγματος
2509 1047 2914 1120 συμϐεϐηκότος
2939 1044 3086 1100 κατὰ
3106 1044 3198 1097 τὸν
3227 1043 3320 1096 τοῦ
3347 1043 3614 1115 σωτηρίου
3637 1042 3746 1095 πά-

2161 1144 2287 1206 θους
2326 1141 2536 1213 καιρόν.
2589 1141 2816 1209 Ἕτερον
2861 1137 2918 1190 δέ
2973 1139 3090 1190 ἐστι
3140 1135 3202 1188 τὸ
3250 1134 3490 1189 παλαιὰν
3548 1133 3747 1206 πρᾶξιν

2157 1230 2483 1304 διηγεῖσθαι,
2539 1229 2634 1285 καὶ
2666 1229 2852 1300 ἕτερον
2883 1227 2945 1282 τὸ
2989 1226 3300 1295 νομοθετεῖν
3326 1227 3558 1290 καὶτοῖς
3609 1223 3748 1280 μετὰ

2159 1323 2330 1378 ταῦτα
2369 1323 2746 1396 παραγγελίας
2773 1320 3225 1392 καταλιμπάνειν.

2232 1455 2298 1512 θ’.
2346 1457 2506 1512 Ἀλλὰ
2539 1457 2634 1511 καὶ
2675 1459 2704 1510 6
2740 1453 2932 1528 Σωτὴρ
2979 1453 3040 1508 οὔ
3077 1452 3216 1526 μετὰ
3269 1451 3538 1506 Ἰουδαίων
3560 1449 3749 1506 ἐπετέ-

2159 1549 2284 1604 λεσε
2340 1550 2402 1603 τὸ
2458 1549 2651 1619 Πάσχα
2702 1547 2842 1602 κατὰ
2897 1545 2988 1600 τὸν
3051 1546 3241 1617 καιρὸν
3293 1544 3388 1597 τοῦ
3452 1544 3581 1598 ἰδίου
3641 1543 3748 1597 πάν

2163 1639 2308 1705 θους.
2359 1642 2433 1694 Οὐ
2475 1641 2583 1712 γὰρ
2620 1640 2708 1692 ὅτε
2765 1639 2918 1692 ἐθυον
2951 1639 3150 1691 ἐκεῖνοι
3196 1636 3256 1690 τὸ
3287 1635 3577 1707 πρόϐατον,
3628 1634 3752 1690 τότε

2165 1731 2261 1785 καὶ
2321 1730 2484 1793 αὐτὸς
2549 1729 2686 1800 μετὰ
2736 1728 2846 1782 τῶν
2912 1727 3075 1782 αὐτοῦ
3139 1725 3394 1797 μαθητῶν
3440 1725 3504 1779 τὸ
3557 1722 3753 1778 ἑαυτοῦ

2093 1856 2138 1911 Β
2167 1825 2340 1896 ἤγαγε
2383 1823 2595 1893 Πάσχα·
2645 1824 2693 1876 οἱ
2754 1821 2852 1893 μὲν
2897 1822 3006 1891 γάρ
3057 1819 3198 1873 κατὰ
3229 1818 3327 1889 τὴν
3365 1815 3752 1889 Παρασκευὴν,

2166 1920 2224 1971 ἐν
2380 1915 2649 1971 πέπονθεν
2705 1917 2733 1970 6
2795 1914 3007 1986 Σωτὴρ,
3069 1913 3214 1966 τοῦτ’
3273 1911 3578 1983 ἔπραττον·
3629 1909 3755 1972 ὅθεν

2166 2005 2288 2058 οὐδὲ
2335 2005 2580 2077 είσῆλθον
2622 2005 2698 2068 είς
2756 2003 2816 2057 τὸ
2868 2000 3219 2074 πραιτώριον,
3267 2000 3381 2054 ἀλλ’
3435 2001 3464 2052 6
3519 1999 3754 2063 Πιλᾶτος

2168 2091 2307 2162 πρὸς
2353 2093 2551 2156 αὐτοὺς
2596 2091 2810 2159 ἔξεισιν·
2871 2089 3033 2154 αὐτὸς
3079 2090 3134 2143 δὲ
3188 2089 3295 2161 πρὸ
3344 2088 3471 2158 ὅλης
3537 2087 3753 2159 ἡμέρας

2167 2184 2234 2254 τῇ
2302 2183 2529 2257 πέμπτῃ
2590 2182 2684 2236 τοῦ
2725 2181 3002 2237 Σαϐϐάτου
3056 2183 3168 2245 τοῖς
3226 2180 3493 2251 μαθηταῖς
3534 2178 3753 2232 συνανέ-

2171 2291 2338 2340 κειτο,
2404 2275 2498 2329 καὶ
2567 2273 2862 2327 συνεσθίων
2919 2273 3102 2337 αὐτοῖς
3166 2272 3369 2340 ἔλεγεν·
3442 2271 3754 2338 Ἐπιθυμίᾳ

2169 2366 2522 2436 ἐπεθύμησα
2567 2365 2744 2421 τοῦτο
2776 2365 2845 2420 τὸ
2893 2365 3113 2434 Πάσχα
3157 2363 3369 2434 φαγεῖν
3401 2364 3530 2431 μεθ’
3571 2360 3756 2431 ὑμῶν.

2182 2459 2347 2530 Ὁρᾷς
2417 2459 2566 2523 ὅπως
2635 2461 2664 2514 6
2731 2459 2926 2532 Σωτὴρ
3000 2458 3062 2512 οὐ
3142 2455 3280 2527 μετὰ
3359 2454 3630 2510 Ἰουδαίων
3700 2451 3761 2505 τὸ

2173 2550 2367 2621 Πάσχα
2403 2551 2624 2622 licet“;
2672 2550 2892 2622 Ἐπειδὴ
2931 2550 3117 2604 καινὸν
3139 2543 3206 2619 ἦν
3234 2550 3408 2601 ἐκεῖνο
3429 2545 3524 2600 καὶ
3558 2543 3762 2610 ξενίζον

2175 2642 2328 2713 παρά
2359 2642 2428 2695 τὰ
2453 2641 2659 2714 συνήθη
2698 2642 2792 2695 καὶ
2835 2639 3104 2694 Ἰουδαϊκὰ
3134 2639 3253 2710 ἔθη.
3284 2638 3597 2706 ἀναγκαίως
3633 2634 3762 2689 ἑπέ-

2178 2749 2376 2801 στησεν
2426 2731 2631 2786 εἰπών·
2683 2731 2991 2800 Ἐπιθυμίᾳ
3040 2731 3392 2798 ἐπεθύμησα
3449 2726 3626 2780 τοῦτο
3694 2723 3762 2778 τὸ

2176 2823 2396 2894 Πάσχα
2411 2823 2623 2893 φαγεῖν
2647 2824 2777 2893 μεθ’
2799 2821 2988 2892 ὑμῶν,
3022 2821 3135 2890 πρὸ
3173 2821 3280 2874 τοῦ
3314 2837 3392 2890 με
3432 2817 3670 2872 παθεῖν·
3692 2815 3762 2870 τὰ

494 2893 634 2947 rium
664 2890 800 2949 Novi
828 2895 908 2949 sui
932 2893 1197 2958 Fmderis,
1230 2895 1370 2964 quod
1400 2895 1682 2966 discipulis
1711 2896 1941 2966 propriis
1970 2906 2074 2950 tra-

2180 2914 2279 2986 μέν
2466 2890 2671 2968 παλαιά
2709 2913 2812 2986 ῆθη
2838 2890 2990 2966 ᾐόντα
3024 2913 3118 2966 καὶ
3149 2910 3596 2982 πεπαλαιωμένα,
3637 2907 3672 2962 ἃ
3697 2908 3763 2979 δὴ

496 2983 680 3050 debat,
723 2983 1086 3040 desiderabile
1137 2986 1332 3040 merito
1382 2985 1481 3054 ipsi
1529 2994 1698 3039 erat:
1737 2985 1864 3054 quia
1919 2984 2074 3040 multi

2182 2983 2335 3077 μετὰ
2365 2983 2630 3060 Ἰουδαίων
2668 2983 2892 3076 ἤσθιεν,
2965 3005 3066 3058 οὐκ
3112 2999 3181 3075 ἦν
3233 3001 3580 3072 ἑπιθυμητά·
3627 2998 3687 3051 τὸ
3707 2997 3764 3050 δὲ

497 3083 621 3129 ante
647 3089 772 3129 eum
815 3077 1089 3146 prophetae
1119 3093 1184 3131 ac
1215 3076 1344 3145 justi
1385 3078 1570 3132 videre
1592 3087 1912 3148 optaverant
1942 3077 2074 3132 Novi

2179 3076 2366 3152 καινὸν
2400 3099 2699 3170 μυστήριον
2735 3097 2836 3167 τῆς
2863 3097 3074 3168 Καινῆς
3103 3094 3268 3149 αὐτοῦ
3298 3093 3593 3164 Διαθήκης,
3633 3091 3660 3143 ὃ
3697 3089 3764 3160 δὴ

497 3164 742 3221 Fmderis
778 3167 1034 3238 mysteria
1063 3183 1076 3220 :
1113 3169 1286 3238 ipsum
1321 3169 1428 3224 imo
1454 3167 1688 3223 Verbum
1735 3185 2074 3225 communem

2185 3164 2458 3259 μετεδίδου
2487 3164 2599 3252 τοῖς
2624 3164 2814 3242 ἑαυτοῦ
2851 3164 3142 3260 μαθηταῖς,
3163 3185 3496 3257 ἐπιθυμητὸν
3527 3179 3595 3254 ἦν
3617 3180 3767 3253 αὑτῷ

497 3257 724 3313 salutem
775 3274 1003 3329 prorsus
1053 3260 1282 3327 sitiens,
1314 3263 1628 3332 mysterium
1665 3263 1932 3330 tradebat,
1966 3279 2074 3334 quo

2181 3257 2406 3344 εἰκότως
2425 3297 2438 3310 ·
2463 3280 2585 3333 ἐπεὶ
2609 3279 2792 3332 πολλοὶ
2818 3257 2925 3350 πρὸ
2954 3277 3118 3332 αὐτοῦ
3147 3276 3421 3346 προφῆται
3443 3276 3539 3328 καὶ
3571 3273 3768 3327 δίκαιοι

498 3366 689 3407 omnes
711 3353 956 3409 homines
992 3353 1188 3408 festum
1228 3365 1386 3410 erant
1415 3357 1613 3417 acturi,
1643 3356 1804 3424 idque
1848 3357 1948 3411 sibi
1982 3357 2074 3410 de-

2178 3372 2534 3444 ἐπεθύμησαν
2572 3373 2698 3426 ἰδεῖν
2722 3372 2792 3426 τὰ
2819 3371 2915 3442 τῆς
2939 3371 3083 3435 Νέας
3123 3369 3399 3440 Διαθήκης
3452 3367 3726 3440 μυστήρια
3748 3382 3763 3396 ·

500 3443 797 3500 sideratum
822 3461 942 3500 esse
972 3446 1266 3503 fatebatur.
1280 3448 1440 3503 Certe
1475 3447 1676 3518 Moysis
1700 3447 1906 3504 Pascha
1933 3449 2074 3503 haud

2181 3460 2276 3513 καὶ
2314 3443 2475 3524 αὐτὸς
2504 3459 2560 3512 δὲ
2581 3461 2610 3514 ὁ
2633 3459 2824 3528 Λόγος,
2866 3461 3096 3514 πάντοτε
3128 3457 3296 3528 διψῶν
3319 3459 3416 3530 τὴν
3439 3457 3625 3526 κοινὴν
3660 3471 3765 3506 σω-

500 3538 709 3593 cunctis
753 3538 1005 3604 gentibus
1040 3540 1288 3594 idoneum
1337 3549 1476 3607 erat,
1506 3541 1943 3610 quandoquidem
1973 3557 2074 3597 una

2180 3551 2398 3623 τηρίαν,
2433 3552 2730 3624 μυστήριον
2757 3551 3064 3624 παρεδίδου,
3093 3550 3157 3604 δι’
3181 3545 3242 3605 οὗ
3271 3549 3469 3611 πάντες
3487 3546 3762 3615 ἄνθρωποι

502 3628 554 3682 in
589 3629 795 3694 loco,id
813 3641 893 3686 est
919 3630 1328 3703 Hierosolymis,
1351 3632 1462 3687 fieri
1482 3631 1692 3701 jussum
1724 3641 1864 3688 erat.
1883 3633 2074 3700 Quam-

2186 3643 2410 3714 ἔμελλον
2458 3643 2757 3715 ἑορτάζειν,
2815 3641 3153 3714 ἐπιθυμητὸν
3211 3641 3367 3694 τοῦτο
3413 3636 3563 3708 αὐτῷ
3621 3630 3763 3688 εἶναι

501 3723 688 3778 ubrem
731 3722 872 3777 haud
927 3733 1047 3777 erat
1085 3723 1463 3779 desiderabile.
1498 3723 1603 3779 Sed
1637 3723 1946 3780 Servatoris
1972 3741 2074 3798 my-

2187 3733 2527 3806 ὡμολόγησε.
2571 3733 2644 3788 Τὸ
2693 3734 2792 3805 μὲν
2823 3735 3102 3798 Μωῦσὲως
3156 3734 3357 3803 Πάσχα
3409 3731 3511 3800 οὐχ
3554 3727 3765 3800 ἥρμοζε

502 3816 725 3868 sterium
767 3816 819 3868 in
842 3813 1005 3870 'Novo
1052 3814 1280 3870 Faedere
1331 3816 1542 3870 cunctis
1599 3817 1909 3875 hominibus
1953 3833 2074 3874 con-

2191 3829 2329 3882 πᾶσι
2362 3831 2475 3892 τοῖς
2495 3828 2616 3881 τότε
2645 3826 2859 3880 ἔθνεσι·
2893 3825 3009 3890 πῶς
3030 3827 3136 3898 γάρ
3159 3825 3351 3891 ;ὁπότε
3373 3824 3462 3892 ὑφ’
3479 3822 3576 3874 ἐνα
3595 3819 3767 3872 τόπον

504 3921 720 3975 gruum,
737 3905 859 3974 jure
896 3910 1104 3977 optimo
1126 3908 1492 3964 desiderabile
1517 3917 1656 3963 erat.

2192 3918 2283 3971 τὸν
2323 3920 2380 3972 ἐν
2419 3921 2484 3990 τῇ
2526 3917 2881 3992 Ἰερουσαλὴμ
2912 3917 3181 3971 τελεῖσθαι
3223 3913 3640 3986 νενομοθέτητο·
3688 3907 3770 3962 διὸ

502 3997 603 4051 οὐκ
645 3993 714 4068 ἦν
754 3998 1117 4072 ἑπιθυμητόν·
1147 3999 1207 4053 τὸ
1248 3999 1306 4053 δέ
1340 4001 1607 4072 σωτήριον
1643 4002 1944 4074 μυστήριον
1977 4003 2072 4076 τῆς
2109 4007 2316 4081 Καινῆς
2375 4009 2670 4082 Διαθήκης,
2729 4011 2894 4064 πᾶσιν
2926 4008 3233 4083 ἀνθρώποις
3258 4006 3518 4079 ἁρμόζον,
3548 4001 3770 4064 εἰκότως

505 4093 654 4165 αὑτῷ
683 4093 1017 4167 ἐπιθυμητὸν
1048 4090 1139 4166 ἦν.

578 4185 665 4240 l0.
702 4185 811 4241 Sed
865 4186 978 4254 ipse
1024 4187 1240 4255 quidem
1297 4195 1585 4255 antequam
1627 4195 1928 4255 pateretur,
1955 4203 2081 4245 cum

508 4277 620 4333 suis
651 4278 928 4347 discipulis
966 4277 1172 4334 Pascha
1200 4279 1459 4342 comedit,
1490 4276 1795 4349 festumque
1816 4282 1946 4352 egit,
1973 4297 2082 4336 non

2265 4197 2314 4244 ι’.
2357 4190 2494 4244 Ἀλλ’
2535 4191 2696 4256 αὐτὸς
2731 4193 2850 4264 μὲν,
2883 4191 2989 4263 πρὸ
3009 4189 3104 4244 τοῦ
3137 4189 3351 4254 παθεῖν,
3385 4188 3482 4242 σὺν
3505 4189 3617 4252 τοῖς
3643 4189 3771 4240 ἑαυ-

2189 4283 2284 4336 τοῦ
2323 4282 2590 4356 μαθηταῖς
2627 4284 2798 4354 ἔφαγε
2828 4285 2889 4338 τὸ
2916 4285 3129 4353 Πάσχα,
3170 4284 3264 4336 καὶ
3298 4281 3395 4353 τὴν
3425 4281 3617 4353 ἑορτὴν
3642 4282 3769 4333 ἐπε-

507 4384 630 4422 cum
656 4369 878 4428 Judaeis.
909 4369 1121 4440 Reapse
1151 4380 1436 4440 postquam
1463 4374 1578 4440 ipse
1620 4385 1848 4442 vespere
1887 4371 2074 4428 festum

2189 4375 2429 4440 τέλεσεν,
2464 4376 2525 4428 οὐ
2551 4375 2691 4446 μετὰ
2721 4375 2831 4428 τῶν
2877 4374 3176 4428 Ἰουδαίων·
3202 4373 3560 4444 ἑορτάσαντος
3582 4371 3638 4424 δὲ
3668 4372 3768 4424 αὑ·-

509 4465 859 4531 celebrasset,
889 4466 1174 4536 pontiﬁces
1201 4483 1326 4522 cum
1373 4469 1648 4537 proditore
1691 4482 1886 4523 manus
1921 4472 1972 4523 ei
2004 4468 2088 4522 in-

507 4558 752 4626 iecerunt
781 4574 796 4611 :
833 4574 939 4613 non
969 4559 1115 4614 enim
1142 4558 1215 4612 illi
1240 4573 1305 4614 eo
1328 4573 1554 4628 vespere
1599 4557 1800 4614 Pascha
1840 4557 2088 4613 comede-

510 4652 679 4716 baut;
721 4651 958 4720 alioquin
1011 4653 1080 4708 ab
1132 4653 1248 4722 ejus
1301 4651 1679 4721 persecutione
1727 4651 2086 4720 quievissent.

511 4740 681 4804 Quem
711 4756 838 4795 mox
867 4751 1081 4812 captum
1129 4744 1194 4797 ad
1243 4741 1460 4811 Caipbm
1514 4744 1736 4797 domum
1771 4743 2036 4795 duxerunt
2071 4756 2086 4807 ;

512 4831 602 4886 ubi
641 4846 834 4887 exacta
867 4842 1048 4901 nocte,
1086 4834 1436 4889 illucescente
1484 4832 1572 4888 die
1609 4832 1947 4903 congregati,
1980 4831 2091 4901 pri-

514 4941 658 4980 mam
702 4924 756 4980 in
785 4941 906 4980 eum
945 4927 1346 4982 damnationem
1399 4928 1662 4982 tulerunt.
1693 4927 1899 4982 Deinde
1943 4926 2091 4981 illinc

513 5030 795 5088 surgentes
810 5034 931 5073 cum
947 5020 1098 5090 plebe
1111 5021 1357 5075 eumdem
1377 5019 1698 5076 adPilatum
1721 5019 1764 5050 "
1787 5025 2087 5075 traxerunt.

515 5111 666 5165 Tunc
714 5121 892 5168 autem
943 5113 1020 5166 ait
1070 5109 1349 5181 Scriptura
1393 5113 1445 5166 in
1485 5112 1798 5181 praetorium
1839 5126 1934 5167 eos
1981 5126 2088 5166 non

516 5203 800 5271 introisse;
843 5221 910 5261 ne
937 5205 1036 5260 sub
1069 5205 1344 5260 ethnicum
1379 5213 1580 5260 tectum
1620 5206 1874 5276 ingressi,
1903 5214 1961 5258 ut
1996 5220 2092 5274 pu-

516 5297 724 5362 tabant,
769 5299 1204 5367 inquinarentur,
1228 5298 1321 5352 sed
1352 5297 1472 5364 puri
1508 5308 1788 5352 manentes
1827 5297 1880 5351 bi
1914 5296 2092 5366 impu-

515 5389 740 5457 rissimi,
797 5403 1019 5458 vespere
1068 5391 1386 5445 imminente
1434 5387 1642 5443 Pascha
1694 5389 2091 5456 comederent;

517 5481 569 5534 bi
604 5483 695 5551 qui
724 5483 953 5539 culicem
1001 5483 1350 5546 excolantes,
1382 5481 1647 5538 camelum
1686 5482 1987 5552 glutiebant
2024 5483 2091 5548 ⁸³,

519 5574 718 5642 quique
767 5575 978 5629 animas
1025 5575 1185 5629 simul
1237 5583 1291 5629 et
1326 5589 1554 5645 corpora
1603 5571 1916 5628 Servatoris
1949 5574 2094 5629 crede

523 5660 832 5731 impiabaut,
881 5665 982 5720 sub
1029 5675 1230 5722 tectum
1281 5664 1488 5736 ingredi
1540 5664 1758 5720 reveriti
1807 5673 1970 5730 sunt;
1999 5666 2092 5720 sed

2185 4465 2280 4519 τοῦ
2312 4467 2570 4538 ἑσπέρας,
2601 4468 2649 4519 οἱ
2675 4467 2949 4537 ἀρχιερεῖς
2986 4465 3102 4536 ἅμα
3134 4463 3213 4534 τῷ
3247 4463 3477 4536 προδότῃ
3514 4463 3769 4516 ἐπιστάνο

2186 4574 2299 4621 τες,
2331 4557 2594 4612 ἐπέϐαλον
2625 4557 2710 4610 ἐπ’
2736 4556 2899 4610 αὐτὸν
2938 4558 3037 4621 τὰς
3059 4559 3276 4629 χεῖρας·
3312 4555 3376 4608 οὐ
3425 4556 3534 4626 γὰρ
3580 4554 3767 4625 ήσθιον

2189 4648 2345 4702 αὐτοὶ
2383 4649 2522 4702 κατὰ
2560 4649 2660 4720 τὴν
2704 4649 2945 4720 ἑσπέραν
2978 4647 3037 4702 τὸ
3070 4648 3294 4718 Πάσχα·
3341 4641 3379 4717 ἦ
3431 4644 3540 4716 γὰρ
3573 4644 3637 4698 ἂν
3671 4643 3768 4717 τὴν

2190 4739 2384 4812 σχολὴν
2411 4740 2538 4812 περὶ⁹
2569 4740 2728 4793 αὐτὸν
2761 4735 2924 4811 εἶχον·
2971 4739 3066 4794 καὶ
3112 4739 3246 4811 δῆτα
3281 4736 3635 4800 συλλαϐόντες
3667 4738 3771 4790 άπ-

2189 4833 2395 4903 ήγαγον
2425 4832 2505 4896 εἱς
2529 4831 2628 4904 τὴν
2649 4832 2826 4887 οἰκίαν
2855 4831 2950 4886 τοῦ
2967 4833 3213 4901 Καῖάφα,
3251 4827 3771 4902 ἓνθαδιανυκτερεύ-

2191 4941 2403 4989 σαντες,
2432 4923 2508 4988 ὼς
2547 4924 2732 4996 ἡμέρα
2765 4924 3003 4993 ἐγένετο,
3041 4923 3404 4994 συνήχθησαν,
3437 4919 3530 4972 καὶ
3545 4919 3771 4992 ἀνακρί-

2190 5032 2372 5069 νουσιν
2394 5016 2556 5070 αὐτὸν
2583 5017 2846 5089 πρότερον
2868 5034 2881 5047 ·
2908 5013 3027 5071 εἶτα
3062 5016 3201 5087 μετὰ
3237 5013 3408 5068 ταῦτα
3438 5011 3769 5076 ἀναστάντες

2190 5108 2307 5176 ἅμα
2339 5109 2414 5179 τῷ
2447 5106 2639 5181 πλήθει
2659 5110 2863 5180 ἤγαγον
2893 5106 3056 5160 αὑτὸν
3072 5105 3206 5177 πρὸς
3228 5105 3478 5159 Πιλάτον.
3515 5103 3625 5157 Kal.
3649 5101 3769 5156 τότε

2193 5203 2356 5272 φησιν
2384 5203 2417 5274 ή
2448 5201 2662 5272 Γραφὴ,
2695 5202 2777 5253 ὅτι
2809 5197 2884 5270 μὴ
2925 5198 3175 5268 εἰσῆλθον
3210 5198 3291 5260 είς
3327 5196 3388 5249 τὸ
3412 5193 3767 5268 πραιτώριον,

2192 5295 2279 5348 ἵνα
2311 5294 2376 5366 δὴ
2415 5296 2513 5368 μὴ,
2548 5297 2654 5350 ὑπὸ
2695 5297 2893 5367 στέγην
2935 5289 3252 5362 Ἑλληνικὴν
3293 5287 3657 5352 εἰσελθόντες,
3695 5286 3770 5351 ὥς

2190 5402 2255 5454 γε
2279 5384 2467 5457 ᾤοντο,
2495 5384 2779 5456 μιανθῶσι,
2812 5383 3046 5454 καθαροὶ
3063 5382 3119 5436 δὲ
3154 5381 3434 5454 μείναντες
3451 5381 3498 5432 οἱ
3529 5378 3774 5449 παμμία-

2197 5495 2301 5549 ροι,
2336 5476 2576 5549 ἑσπέρας
2613 5476 2934 5548 ἐπιστάσης,
2982 5475 3209 5546 φάγοιεν
3252 5473 3321 5526 τὸ
3351 5472 3564 5542 Πάσχα,
3600 5471 3651 5524 οί
3680 5470 3772 5523 τὸν

2193 5572 2432 5628 κώνωπα
2458 5571 2783 5637 διυλίζοντες
2801 5611 2816 5634 ,
2854 5572 2954 5643 τὴν
2982 5571 3039 5624 δὲ
3079 5568 3326 5639 κάμηλον
3353 5565 3770 5628 καταπίνοντες,

2195 5665 2244 5717 οἱ
2265 5663 2362 5727 τὰς
2391 5663 2563 5735 ψυχὰς
2587 5664 2767 5728 αὐτοῖς
2798 5660 3013 5735 σώμασι
3042 5659 3183 5716 κατὰ
3212 5660 3303 5713 τοῦ
3333 5657 3584 5730 Σωτῆρος
3621 5671 3774 5728 μιαι-

592 5843 637 5877 ⁸⁸
656 5843 789 5900 Luc.
819 5862 954 5908 xm.
984 5847 1068 5905 15.
1144 5847 1187 5879 "
1217 5845 1372 5903 Joan.
1397 5862 1548 5914 xvni,
1572 5845 1660 5901 28.
1729 5845 1774 5877 “
1813 5844 2002 5900 Matth.
2030 5859 2164 5900 χχιιι
2187 5885 2200 5902 .
2230 5845 2321 5900 ει.
