4116 6404
419 356 518 407 715

1540 350 1817 403 CONTRA
1854 346 2281 407 MARCELLO)!
2321 347 2448 404 LIB.
2490 348 2533 402 Ι.

3567 350 3673 415 714

417 472 599 541 μένοις
620 488 633 500 ·
665 470 981 525 καὶτούτων
1012 471 1258 532 ἐκείνοις,
1305 463 1379 522 ὧν
1405 469 1638 540 μάλιστα
1676 469 1741 520 δι’
1787 469 1976 539 ἀρετὴι

2094 470 2193 524 bus
2225 469 2386 523 fetam
2431 467 2734 531 venenatis,
2776 481 2976 535 susque
3012 468 3185 536 deque
3242 468 3453 536 habuit,
3500 487 3564 527 ac
3618 475 3669 527 in

417 561 751 625 θεοσεϐείας,
778 562 949 630 λόγων
981 578 1038 615 τε
1071 560 1230 614 θείων
1256 561 1564 630 ἀσκήσεως,
1595 562 1627 629 ἡ
1673 560 1827 629 φήμη
1867 558 1987 611 καθ’

415 653 563 723 ὅλης,
590 653 665 715 ὼς
697 654 889 714 εἰπεῖν,
919 652 1099 723 ᾄδεται
1148 652 1247 722 τῆς
1293 652 1631 722 οἰκουμένης.
1664 650 1879 703 Τούτων
1934 650 1991 702 δὲ

417 743 596 795 αὐτῶν
638 744 735 811 οὐχ
786 742 933 807 ἅπαξ
974 743 1216 813 ἐμνήσθη
1269 742 1471 805 κακῶς,
1511 739 1767 803 πολλάκις
1805 739 1862 792 δὲ
1896 740 1991 792 καὶ

418 833 703 903 διαφόρως,
733 833 832 896 τὰς
860 836 979 887 κατ’
1021 834 1195 887 αὐτῶν
1224 833 1471 896 διαϐολάς
1508 850 1567 884 τε
1596 832 1688 885 καὶ
1723 849 1989 901 συκοφαν-

418 922 536 985 τίας
552 922 783 990 ἀφειδῶς
813 924 1195 993 πεποιημένος.
1230 925 1365 995 Ἤδη
1398 924 1454 976 δὲ
1483 924 1578 977 καὶ
1608 925 1765 994 ἀραῖς
1796 923 1992 994 κέχρη-

416 1032 502 1068 ται
543 1016 660 1067 κατ’
687 1015 887 1078 αὐτῶν,
917 1011 1004 1070 οἷα
1028 1017 1299 1084 γυναικῶν
1316 1019 1372 1071 ἐν
1393 1017 1560 1088 μάχη,
1588 1016 1992 1088 λοιδορούμενος

415 1107 508 1159 καὶ
565 1106 920 1177 ἐπαρώμενος
963 1107 1073 1180 (15)
1125 1111 1238 1173 τοῖς
1286 1108 1450 1180 μηδὲν
1488 1109 1648 1163 αὐτὸν
1687 1109 1988 1179 ἠδικηκόσι.

415 1196 523 1261 Διὸ,
544 1198 637 1249 καὶ
653 1197 794 1267 πέρα
810 1197 903 1249 τοῦ
919 1197 1145 1263 δέοντος,
1166 1199 1243 1260 είς
1261 1197 1469 1270 μακρὸν
1481 1198 1628 1269 αύτῷ
1645 1200 1737 1251 καὶ
1758 1198 1991 1268 ἄμετρον

416 1290 587 1359 μῆκος
604 1288 903 1360 ὲξέπεσενὴ
923 1290 1247 1361 γραφή.(16)
1266 1290 1349 1354 Ὠς
1370 1290 1530 1360 μόνον
1548 1290 1694 1343 ἐπῶν
1707 1288 1869 1358 ἐγγύς
1889 1306 1991 1341 που

418 1381 625 1452 μυρίων
646 1381 737 1433 τὸν
752 1382 1009 1450 ἀνάλογον
1024 1381 1440 1452 ἀπαρτισθῆναι.
1463 1382 1699 1443 Εἰκότως
1721 1375 1833 1443 οῦν,
1852 1379 1991 1433 κατά

413 1471 519 1525 τῶν
554 1472 723 1541 ἀγίων
759 1472 853 1525 τοῦ
881 1473 1015 1527 Θεοῦ
1049 1474 1375 1546 λειτουργῶν
1411 1476 1718 1546 κακήγορον
1746 1473 1992 1542 γλῶτταν

413 1564 628 1628 ὀξύνας,
659 1566 753 1618 καὶ
786 1565 847 1619 τὸ
893 1566 1208 1631 άνευλαϐὲς,
1234 1569 1326 1621 καὶ
1366 1568 1565 1636 ἄφοδον
1601 1568 1991 1639 προγυμνάσας

413 1658 471 1710 ἐν
497 1657 729 1721 τούτοις,
770 1657 997 1728 προῖὼν,
1032 1658 1090 1724 ἐξ
1138 1654 1207 1730 ἦς
1264 1658 1592 1730 προύκοψεν,
1643 1660 1727 1711 ἐπ’
1768 1659 1898 1712 αὐτὸ
1932 1659 1993 1711 τὸ

412 1749 834 1818 κορυφαιότατον
864 1748 958 1803 τοῦ
990 1750 1209 1813 παντὸς,
1237 1749 1327 1802 τὸν
1354 1749 1613 1819 μονογενῆ
1648 1750 1741 1802 καὶ
1775 1750 1992 1820 ἀγαπη-

2095 561 2189 615 Dei
2225 560 2563 621 sacerdotes,
2606 559 2810 612 frustra
2853 560 3069 627 quidem
3115 570 3168 614 et
3196 561 3497 629 incassum,
3532 560 3669 617 iram

2092 660 2271 706 tamen
2314 650 2502 705 ell‘udit
2544 648 2910 705 ebullicnlem.
2956 648 3138 719 Neque
3186 650 3346 710 illos.
3404 653 3469 706 de
3514 651 3672 721 plebe

2093 746 2277 800 nescio
2312 759 2468 812 quos,
2522 743 2615 797 sed
2670 744 2811 810 ipsos
2860 742 2981 797 illos
3011 742 3101 812 qui
3142 758 3235 811 per
3284 744 3376 796 Dei
3413 744 3666 813 gratiam,

2095 839 2273 891 divina
2314 838 2489 904 plane,
2522 838 2626 890 hoc
2673 844 2773 897 est,
2847 835 3060 889 vivendi
3121 835 3491 905 philosophica
3536 852 3670 903 qua-

2094 930 2217 982 dam
2261 930 2493 989 ratione,
2543 928 2775 982 nominis
2809 928 3183 991 celebritatem
3234 927 3336 981 sibi
3382 942 3669 996 cetnpara-

2094 1030 2303 1074 verant.
2344 1018 2457 1073 Nec
2493 1020 2648 1073 vivos
2689 1018 3064 1073 tantummodo
3108 1029 3163 1071 et
3210 1021 3455 1075 videntes
3499 1021 3669 1088 impeo

2095 1112 2232 1177 tivit,
2267 1110 2361 1165 sed
2393 1110 2502 1180 jam
2540 1111 2737 1165 dudum
2785 1121 2839 1163 et
2890 1109 2943 1163 in
2982 1110 3201 1166 Christo
3260 1110 3669 1165 obdormiscen-

2094 1212 2174 1257 tes
2206 1216 2441 1271 :eOSque
2470 1217 2578 1269 prxe
2614 1202 2845 1263 caeteris,
2888 1216 3024 1270 quos
3071 1202 3212 1255 inter
3245 1210 3469 1257 caeteras
3500 1204 3667 1256 virtu-

2095 1300 2173 1347 tes
2210 1293 2382 1360 pietas
2421 1292 2474 1344 in
2516 1292 2681 1344 Deum
2711 1291 3155 1355 commendabat,
3183 1301 3238 1345 et
3268 1307 3543 1346 sacrarum
3575 1292 3667 1345 lit-

2093 1392 2329 1438 terarum
2384 1384 2682 1438 exercitata
2738 1385 2989 1448 scientia,
3034 1400 3128 1452 per
3162 1395 3429 1439 terrarum
3476 1386 3665 1439 orbem

2092 1477 2427 1531 clarissimos
2472 1487 2795 1545 propagarat
2829 1478 2965 1557 :sed
3010 1492 3108 1531 nec
3149 1493 3253 1531 uua
3308 1486 3514 1530 tantum
3545 1478 3667 1532 vice

2093 1568 2386 1621 conviciari
2422 1578 2729 1633 contentus,
2765 1582 2908 1637 saepe
2931 1570 3220 1637 repositas,
3251 1568 3510 1637 varieque
3533 1583 3668 1624 con-

2094 1656 2271 1724 ﬁctas,
2306 1658 2580 1726 improbus
2612 1658 2946 1729 sycophanta
2968 1697 2983 1723 ,
3013 1657 3317 1711 calumnias
3362 1658 3480 1711 sine
3509 1660 3668 1712 modo

2094 1751 2388 1819 congessit,
2421 1759 2477 1804 et
2512 1765 2791 1820 _mensura
2828 1765 2842 1800 :
2882 1750 2974 1804 sed
3005 1758 3061 1803 et
3098 1748 3562 1803 exsecrationibus
3587 1749 3668 1802 in-

410 1838 500 1892 τὺν
535 1840 661 1892 Υἰὸν
698 1840 792 1892 τοῦ
835 1840 990 1905 Θεοῦ,
1025 1839 1299 1904 τοιαύταις
1342 1840 1521 1904 ἀθέοις
1571 1840 1679 1911 (17)
1705 1839 1976 1893 ὑποϐαλὼκ

2093 1855 2255 1910 super
2293 1856 2408 1908 eos,
2438 1851 2497 1897 ut
2526 1841 2855 1895 muliercula:
2902 1842 2953 1895 in
2984 1840 3119 1897 rixis
3160 1849 3215 1895 et
3240 1838 3439 1908 jurgiis
3468 1840 3667 1906 solent,

413 1925 804 1999 βλασφημίαις,
840 1931 957 1994 οἵας
1011 1930 1206 2002 μικρὸν
1234 1930 1480 2001 ὓστερον,
1510 1930 1674 1984 αὑτοῦ
1712 1931 1985 1999 λέγοντος,

410 2019 524 2071 ἀλλ’
548 2022 647 2073 οὐκ
676 2021 832 2091 ἐμοῦ,
866 2022 1072 2091 βέλτιον
1114 2022 1351 2076 ἀκούειν.
1385 2023 1462 2092 Τῇ
1489 2022 1546 2075 δέ
1583 2039 1648 2091 γε
1690 2023 1988 2095 παραθέσει

406 2112 515 2164 τῶν
550 2113 713 2166 αὑτοῦ
748 2115 1006 2184 ῥημάτων
1034 2115 1396 2186 χρησάμενος,
1442 2115 1552 2184 (18)
1604 2116 1767 2185 μέχρι
1799 2116 1986 2168 τούτου

411 2204 678 2273 στήσομαι
712 2204 849 2267 τέως
881 2205 1019 2274 πρὸς
1056 2206 1370 2259 ἐναντίωσιν
1409 2206 1503 2257 καὶ
1552 2205 1861 2278 ἀνατροπὴν
1888 2206 1986 2257 αύ-

408 2293 517 2345 τῶν
545 2310 558 2323 ·
597 2295 657 2345 ού
696 2297 941 2364 μακροὺς
968 2296 1188 2364 ἐπάγων
1217 2298 1426 2367 λόγους,
1457 2299 1534 2370 τῷ
1567 2300 1701 2370 μήτε
1744 2299 1869 2362 τοὺς
1897 2296 1989 2351 ἄν·

409 2382 541 2453 δρας
580 2385 704 2448 τοὺς
730 2385 819 2438 ὑπ’
848 2386 1009 2438 αὐτοῦ
1058 2387 1550 2460 βλασφημηθέντας
1585 2388 1696 2461 (19)
1740 2390 1989 2457 ἀγνῶτας

408 2489 559 2536 τινας
589 2470 727 2528 εἶναι
762 2477 855 2529 καὶ
878 2479 1122 2546 ἀφανεῖς,
1160 2480 1519 2551 γνωρίζεσθαι
1562 2481 1619 2535 δὲ
1651 2482 1801 2552 παρά
1830 2482 1985 2546 πᾶσι,

409 2563 503 2614 καὶ
535 2566 872 2631 σιωπῶντας,
895 2569 1030 2638 μήτε
1057 2569 1156 2639 τὴν
1182 2570 1261 2632 εἰς
1290 2570 1380 2624 τὸν
1418 2571 1652 2642 Χριστὸν
1702 2570 1796 2625 τοῦ
1851 2572 1986 2625 Θεοῦ

407 2653 758 2725 βλασφημίαν
811 2656 920 2727 (20)
961 2659 1304 2729 ἀμφήριστον
1353 2679 1473 2714 τινα
1500 2663 1593 2715 καὶ
1620 2662 1987 2735 ἀγνοουμένην

408 2746 695 2817 ὑπάρχειν,
733 2747 809 2810 ὡς
853 2748 1054 2820 πολλῆς
1093 2769 1239 2816 τινος
1288 2754 1382 2806 καὶ
1437 2754 1803 2823 λογικωτέρας
1850 2756 1987 2826 πρὸς

405 2839 623 2910 ἔλεγχον
653 2842 909 2913 δεηθῆναι
926 2845 1183 2915 σπουδῆς⁸
1219 2846 1359 2898 οῦτω
1380 2845 1490 2917 (21)
1513 2846 1570 2899 δὲ
1596 2849 1727 2899 πᾶσι
1748 2848 1859 2912 τοῖς
1888 2848 1988 2919 τῆς

409 2931 869 3003 ἐκκλησιαστικῆς
913 2934 1135 3007 χάριτος
1183 2937 1547 3009 μετειληχὸσι,
1586 2943 1799 3011 μικροῖς
1848 2940 1983 3011 ὁμοῦ

405 3024 499 3077 καὶ
528 3025 806 3094 μεγάλοις,
843 3028 957 3090 καὶ,
1004 3028 1135 3081 αὐτὸ
1182 3030 1362 3100 μόνον,
1417 3030 1688 3102 λεχθεῖσα,
1720 3033 1985 3104 πρόδηλος

406 3116 743 3188 καθέστηκεν
767 3120 800 3189 ἡ
826 3119 918 3172 τοῦ
953 3119 1104 3186 ξένου
1132 3122 1321 3175 τούτου
1356 3122 1602 3193 θεολόγοι)
1630 3125 1978 3193 καινοφωνία.

406 3206 497 3258 Διὸ
530 3207 785 3278 βραχέσιν
808 3210 919 3279 (22)
946 3212 1112 3275 αὐτὸς
1138 3213 1295 3282 μόνον
1329 3214 1815 3285 παρασημειὼσεσι
1849 3218 1981 3289 χρή-

406 3312 588 3365 σομαι,
618 3298 792 3367 εἱρμῷ
817 3299 908 3351 καὶ
933 3300 1082 3365 τάξει
1113 3304 1501 3372 σωματοποιῶν
1528 3305 1618 3359 τὸν
1643 3306 1821 3374 λόγον,
1848 3307 1981 3360 ὑπο·

408 3387 809 3457 σημαινόμενός
838 3406 896 3441 τε
921 3390 1052 3442 αὐτὸ
1083 3390 1239 3460 μόνον
1265 3392 1326 3445 τὸ
1352 3394 1660 3464 παράλογον
1688 3396 1796 3448 τῶν
1813 3398 1983 3466 ἐμφε-

406 3477 669 3547 ρομένων.
700 3481 836 3549 Πρὶν
877 3482 921 3534 δ’
970 3482 1062 3534 ἐπὶ
1110 3482 1211 3546 τὰς
1259 3483 1425 3537 αὐτοῦ
1478 3486 1724 3556 χωρῆσαι
1772 3488 1977 3558 φωνὰς,

400 3567 713 3635 ἀναγκαίως
732 3574 843 3635 τοῖς
865 3574 1251 3642 ἐντυγχάνουσι
1270 3575 1349 3646 τῷ
1373 3576 1466 3629 τοῦ
1489 3577 1677 3646 ἀνδρὸς
1698 3580 1980 3651 συγγράμ-

403 3675 533 3729 ματι
563 3663 1021 3737 συμϐουλεύσαιμ’
1046 3665 1132 3731 ἂν,
1171 3666 1239 3737 (εί
1274 3667 1331 3720 δέ
1359 3668 1471 3739 (25)
1531 3669 1765 3739 μάλιστα
1804 3671 1978 3724 Γαλα-

398 3749 509 3803 τῶν
531 3745 639 3804 εἶέν
668 3756 853 3819 τινες,)
880 3756 953 3827 μὴ
970 3758 1305 3828 ἀμνημονεῖν
1327 3759 1424 3829 τῆς
1452 3759 1601 3824 θείας
1629 3762 1809 3832 φωνῆς
1837 3760 1983 3816 Παύ-

399 3838 493 3893 λου
528 3858 620 3906 τος
659 3844 979 3906 ἀποστόλου,
1014 3849 1072 3911 ὃς
1111 3850 1293 3913 αὐτοῖς
1324 3851 1591 3915 Γαλάταις
1619 3852 1844 3922 γράφων
1878 3870 1983 3907 πα-

402 3923 551 3995 ρῄνει
613 3928 702 3998 μὴ
767 3934 1185 4000 μετατίθεσθαι
1256 3937 1373 3991 ἀπὸ
1437 3938 1544 3992 τοῦ
1610 3940 1982 4010 καλέσαντος

395 4018 621 4085 αὐτοὺς
650 4022 719 4076 ἐν
746 4023 940 4093 χάριτι
968 4027 1225 4094 Χριστοῦ
1254 4032 1339 4095 εἰς
1359 4030 1565 4098 ἕτερον
1585 4033 1977 4102 Euan-Mter,

393 4313 493 4396 φία
516 4313 950 4396 Christianorum
983 4338 995 4374 :
1027 4322 1255 4396 et__inter
1287 4339 1401 4389 eos,
1438 4334 1497 4378 ut
1519 4324 1756 4381 Isidorus
1802 4326 1956 4382 Pelu-

391 4386 535 4467 siola
572 4386 829 4467 loquitur,
862 4390 911 4442 οἱ
964 4390 1283 4467 μονάζοντες
1335 4386 1638 4465 κορυφαῖοι.
1694 4398 1958 4451 Describit

392 4455 664 4535 hominem
697 4455 998 4535 istiusmodi
1048 4455 1309 4535 Naziatta.
1362 4455 1497 4519 orat:
1530 4482 1589 4518 ιιι
1618 4467 1813 4520 Contra
1863 4467 1958 4520 Ju-

390 4522 615 4606 lianum,
653 4540 774 4598 pag.
801 4529 895 4606 77,
941 4539 998 4606 et
1048 4541 1191 4606 orat.
1245 4533 1336 4606 2§,
1368 4550 1491 4604 pag.
1522 4536 1650 4606 479,
1702 4539 1767 4589 ad
1808 4536 1961 4605 cujus

389 4599 654 4651 amussim
700 4599 1001 4674 examinati
1056 4601 1234 4674 hujus-
1271 4599 1495 4674 Eusebii
1546 4599 1958 4674 Pancratiastae,

383 4678 539 4717 mera
558 4664 930 4721 mendicabula
962 4664 1324 4728 invenientur.
1353 4673 1427 4727 Μ.

460 4734 575 4875 (15)
604 4733 805 4805 Scripsi
838 4740 998 4808 ἐπαρ.
1032 4743 1147 4819 loco
1174 4745 1315 4811 vulg.
1344 4744 1725 4815 ἐπαιρόμενος.

460 4804 549 4873 (16
614 4806 707 4871 ’.Ως
732 4807 925 4874 μόνον
946 4812 1127 4865 ἐπων.
1161 4812 1291 4866 Erat
1334 4815 1387 4867 in
1430 4819 1670 4875 margine
1707 4818 1725 4870 ἓ

456 4804 570 4887 (16)
596 4806 707 4887 ,Ὡς
730 4804 925 4874 μόνον
946 4804 1294 4887 amor-{Erat
1334 4815 1387 4887 in
1430 4804 1845 4887 tuar'gine'c'ilov.
1895 4817 1960 4870 Et.

388 4873 609 4956 tolerari
657 4873 857 4956 potest,
888 4882 994 4956 sed
1038 4882 1212 4956 potior
1240 4873 1763 4956 scriptura,vpévov,
1804 4897 1858 4939 ut
1886 4889 1958 4940 sit

390 4946 584 5025 Effugis
609 4958 717 5025 :__ut
740 4950 956 5025 unicum
983 4946 1125 5025 istud
1158 4967 1319 5019 opus,
1352 4946 1491 5021 quod
1519 4946 1691 5009 solum
1717 4946 1955 5025 seripsit,

393 5010 736 5093 ξῨξΧθξξίιιιιε
762 5021 1097 5093 constiterit;
1137 5010 1261 5093 natu
1289 5010 1385 5093 pro
1411 5025 1698 5093 ἀνάλογον,
1726 5010 1955 5080 omnino

389 5071 695 5195 amitino,
725 5087 823 5132 loci
860 5071 1668 5161 ιι.αιιιιιδιιέξιςατλδγξηέῗιῑεζ
1685 5071 1953 5151 ouili-ilia

462 5210 1142 5301 (187)“Ὑρτορξαλῴνηξλθίζο-
1162 5231 1470 5301 ὑποϐάλλει.
1500 5232 1608 5287 Hoc
1638 5246 1719 5289 est
1748 5237 1952 5301 προῖὼν

388 5280 912 5375 2ιςοι-ιιὶ
928 5280 1093 5375 etiam
1128 5292 1228 5360 legi
1242 5280 1952 5375 '11:

388 5352 809 5440 gendum-eiii;
832 5372 951 5440 luna
986 5375 1148 5440 Voce,
1174 5352 1228 5417 ἐι
1252 5352 1366 5419 ἰιιιιι
1414 5352 1951 5440 pa'iiiéifb‘rfo'éai'oiv

386 5424 649 5501 dependet
665 5439 705 5501 la
739 5426 883 5479 verb.
899 5424 1240 5501 _7:pol3xo¢ev.

437 5492 569 5578 με)
589 5493 776 5562 Μέχρι
810 5492 981 5550 τούτο
1018 5492 1338 5578 σζῄοίομᾳι.
1371 5506 1618 5578 Quinque
1670 5515 1823 5571 libris
1868 5518 1951 5571 itt-

384 5570 632 5639 stitttlutn
662 5580 817 5639 suum
848 5578 1027 5639 contra
1056 5570 1367 5628 Marcollum
1396 5570 1660 5634 Eusebius
1690 5570 1944 5639 absOlvit.

385 5635 436 5717 [ιι
466 5633 675 5716 duobus
715 5634 861 5717 hisce
889 5638 1176 5717 prioribus,
1199 5647 1264 5715 τῇ
1299 5647 1597 5717 παραθέσει
1624 5633 1945 5708 τῶνηάύτοῦ

383 5702 641 5788 ῥημάτων
667 5702 948 5788 κέχρηται,
985 5702 1197 5788 Ιιοοηεει
1226 5702 1526 5788 duodjvult.
1558 5720 1614 5773 lu
1640 5702 1843 5779 tribu—sv
1861 5702 1948 5780 ὲὲῖ

383 5775 665 5838 quentibus
699 5814 715 5839 ,
762 5775 853 5845 qui
933 5775 1305 5838 inscribuntur
1363 5786 1437 5841 De
1478 5775 1740 5862 theologia
1760 5775 1945 5852 “eccle-

693 5868 963 5933 PATROL.
1011 5870 1126 5935 Gn.
1175 5874 1408 5941 XXIV.

2091 1932 2414 1999 insectatur,
2451 1933 2698 1987 homines
2724 1933 2868 1987 nulla
2915 1948 3152 2001 unquam
3194 1932 3387 2014 injuria
3436 1932 3537 2000 ipsi
3569 1945 3666 1986 co-

2092 2025 2294 2093 gnitos.
2328 2024 2504 2093 Atque
2546 2023 2673 2077 hinc
2713 2024 2955 2092 profecto
2996 2029 3197 2078 tactum
3231 2032 3333 2091 est,
3366 2034 3426 2078 ut
3465 2024 3518 2076 in
3563 2023 3668 2078 im-

2091 2129 2334 2168 mensum
2377 2114 2511 2169 adeo
2546 2114 2689 2167 illius
2714 2116 3018 2170 excreverit
3058 2117 3257 2182 oratio,
3308 2133 3431 2172 cum
3459 2117 3525 2169 ad
3570 2118 3668 2171 dc-

2092 2205 2203 2257 cies
2246 2203 2391 2257 mille
2438 2218 2632 2258 versus
2677 2220 2811 2273 opus
2869 2204 2995 2258 illud
3048 2207 3268 2261 unicum
3323 2208 3663 2261 intumuerit.

2091 2292 2231 2359 Quid
2268 2292 2534 2345 miramur
2579 2303 2781 2359 autem,
2812 2295 2855 2347 si
2892 2310 3013 2348 cum
3067 2295 3305 2365 linguam
3343 2295 3479 2348 adeo
3511 2310 3665 2348 suam

2091 2384 2144 2438 in
2193 2394 2414 2437 sanctos
2467 2384 2557 2436 Dei
2611 2386 2921 2440 sacerdotes
2974 2385 3275 2449 exacuerit,
3331 2385 3667 2453 impiamque

2091 2474 2374 2529 audaciam
2413 2490 2590 2539 suam,
2632 2475 2698 2530 ad
2734 2476 2877 2530 hunc
2923 2476 3162 2541 modum,
3221 2475 3374 2545 quasi
3413 2491 3668 2546 progym-

2091 2574 2363 2628 nasmate,
2393 2565 2723 2632 exercuerit,
2771 2568 2907 2619 adeo
2941 2580 3160 2634 gressus
3193 2566 3524 2634 promoverit
3561 2566 3667 2619 im-

2089 2655 2331 2723 pietatis,
2364 2664 2422 2727 ut
2475 2658 2693 2709 tandem
2754 2657 2899 2726 quod
2945 2668 3105 2724 caput
3160 2666 3245 2712 est
3292 2666 3457 2726 atque
3506 2671 3666 2725 apex,

2089 2747 2425 2816 unigenitum
2483 2757 2538 2803 et
2598 2749 2852 2804 dilectum
2912 2750 3004 2804 Dei
3063 2749 3302 2815 Filium,
3375 2748 3665 2803 illiusmodi

2088 2838 2449 2909 blasphemiis
2492 2841 2606 2894 suis
2657 2840 2974 2908 subiecerit,
3006 2858 3141 2911 quas
3170 2857 3293 2895 mox
3339 2841 3510 2910 ipsius
3537 2856 3664 2894 ver-

2089 2931 2196 2996 bis,
2254 2946 2357 2984 non
2411 2940 2590 2986 autem
2638 2932 2773 2984 meis
2802 2972 2816 2994 ,
2862 2931 3063 2987 relatas
3118 2932 3346 2986 audietis
3378 2947 3391 2982 :
3421 2932 3471 2984 id
3521 2930 3665 2985 enim

2092 3025 2262 3078 satius
2300 3038 2422 3078 esse
2450 3023 2654 3094 judico.
2684 3023 2812 3089 Quae
2842 3034 3131 3092 postquam
3164 3022 3282 3093 ipsa
3330 3024 3409 3077 sic
3456 3023 3523 3076 ab
3575 3021 3666 3077 illo

2084 3116 2301 3184 prolata
2354 3116 2442 3169 ubi
2482 3120 2686 3186 scripto
2734 3117 3149 3186 consignavero.
3186 3116 3416 3171 ulterius
3465 3115 3517 3167 in
3565 3115 3666 3170 hoc

2088 3207 2227 3261 libro
2279 3222 2385 3260 non
2443 3207 2779 3276 progrediar,
2827 3208 2893 3262 ad
2944 3207 3030 3261 illa
3078 3207 3367 3262 refellenda
3425 3207 3665 3261 refutan-

2088 3298 2224 3351 dave
2254 3316 2266 3350 :
2303 3299 2394 3352 sed
2429 3313 2529 3352 nec
2555 3313 2688 3366 opus
2712 3310 2794 3351 est
2822 3300 3122 3353 orationem
3167 3299 3503 3353 contexendo
3534 3314 3664 3367 pro-

2086 3391 2306 3457 ducere,
2364 3406 2486 3445 cum
2546 3391 2654 3444 sint
2708 3390 2809 3453 illi,
2863 3405 2998 3458 quos
3043 3390 3303 3445 conviciis
3366 3387 3661 3451 laceravit,

2092 3482 2402 3547 neutiquam
2453 3480 2618 3549 ignoti
2661 3480 2745 3533 vel
2783 3480 3072 3547 ignobiles,
3132 3480 3223 3533 sed
3274 3487 3548 3547 utcunque
3583 3478 3662 3532 si-

2087 3570 2255 3622 lentio
2285 3583 2343 3623 se
2377 3569 2718 3633 contineant,
2755 3570 2997 3621 omnium
3026 3560 3121 3623 ore
3153 3579 3207 3621 et
3242 3570 3492 3622 sermone
3515 3569 3660 3624 cele-

2086 3661 2225 3715 brati
2263 3678 2276 3713 :
2311 3676 2543 3730 eumque
2571 3662 2685 3725 illa,
2718 3675 2879 3728 quam
2922 3662 2974 3713 in
3008 3660 3284 3715 Christum
3322 3660 3414 3715 Dei
3444 3668 3659 3715 eructao

2082 3753 2177 3816 vit,
2214 3752 2548 3822 blasphemia
2592 3755 2725 3806 adeo
2771 3754 2839 3806 sit
2878 3753 3160 3806 manifesta
3215 3762 3269 3807 et
3303 3753 3355 3805 in
3407 3751 3658 3808 confesso

2078 3852 2281 3919 posita,
2320 3858 2380 3901 ut
2428 3850 2494 3901 ad
2551 3848 2698 3903 illam
2754 3849 3137 3904 revincendam
3180 3849 3454 3903 exactiore
3479 3849 3658 3917 aliqua

2081 3940 2365 4011 diligentia
2416 3956 2523 3995 non
2569 3942 2641 3995 sit
2684 3956 2841 4011 opus.
2882 3941 3088 4010 Quippe
3131 3940 3222 4008 qui
3262 3939 3495 3993 divinam
3533 3952 3656 4006 gra-

2084 4032 2208 4087 tiam
2250 4034 2303 4087 in
2353 4034 2591 4089 Ecclesia
2635 4034 2972 4099 delibarunt,
3007 4033 3180 4101 parvi,
3227 4031 3456 4095 minimi,
3495 4043 3653 4098 imag-

2069 4328 2303 4450 [aliastihti-a,
2339 4328 2404 4382 ad
2442 4328 2755 4381 ἐναντίωσιν
2794 4330 2970 4381 αυτῶν
2999 4337 3053 4383 et
3085 4326 3397 4397 ἀνατροπὴν
3423 4326 3648 4381 descen-

2106 4409 2163 4450 ιι.

2065 4400 2163 4450 dit.

2137 4468 2183 4537 (1
2197 4466 2249 4537 9)
2281 4466 2453 4537 Vulgo
2479 4468 2755 4537 ἀγνώτους
2789 4470 2955 4533 τινός.
2989 4469 3116 4522 Dein
3173 4468 3225 4521 in
3273 4480 3416 4520 corr.
3453 4482 3467 4521 :
3503 4466 3646 4537 Lege

2065 4537 2478 4630 παγωηχυρίζειν.
2514 4541 2673 4593 Forte
2700 4541 2815 4630 loco
2837 4538 3222 4630 γνωρίζεσθαι.

2137 4606 2248 4679 (20)
2288 4606 2700 4678 Ἀμφτὶριστον.
2735 4606 2858 4663 Hoc
2877 4606 3123 4673 estquod
3150 4609 3284 4662 vult.
3333 4606 3465 4679 Cum
3500 4622 3640 4679 non:

2065 4675 2236 4732 null:e
2274 4675 2506 4733 haereses
2537 4681 2608 4733 ita
2654 4682 2764 4735 sint
2801 4688 3142 4747 comparatae,
3181 4688 3239 4731 ut
3264 4691 3368 4729 non
3409 4676 3508 4728 nisi
3536 4675 3642 4730 dif-

2062 4748 2275 4809 ﬁculter
2314 4750 2529 4817 agnosci
2562 4761 2616 4802 et
2663 4752 2991 4815 deprehendi
3027 4749 3257 4816 possint,
3290 4756 3347 4799 et
3384 4751 3478 4817 vix
3522 4755 3641 4817 tan-

2062 4822 2182 4872 dem
2216 4834 2314 4887 pro
2347 4813 2640 4873 haeresibus
2671 4813 2969 4873 habeantur
2998 4813 3118 4872 :‘ait
3145 4818 3289 4872 illam
3318 4833 3347 4869 a
3384 4813 3638 4887 Marcello

2060 4885 2334 4941 excutiam
2361 4897 2414 4941 et
2439 4900 2786 4957 propagatam
2810 4890 2929 4957 ejus
2953 4903 3072 4943 esse
3100 4889 3332 4957 generis,
3360 4895 3418 4938 ut
3450 4885 3531 4940 vel
3567 4885 3634 4937 de

2059 4957 2230 5025 prima
2262 4957 2416 5018 facie,
2444 4960 2670 5013 auribus
2696 4959 3087 5025 audita,oculis
3114 4960 3317 5024 scripto
3353 4964 3633 5023 usurpata,

2057 5041 2157 5094 pro
2177 5029 2391 5090 haeresi,
2415 5031 2687 5082 communi
2714 5029 2991 5083 hominum
3018 5030 3069 5081 in
3096 5025 3336 5081 Ecclesia
3368 5040 3632 5077 consensu

2058 5098 2344 5151 habeatur.
2402 5097 2563 5152 Certe
2618 5100 2705 5152 illa
2759 5114 2919 5167 quam
2970 5098 3224 5152 Marcello
3264 5097 3633 5163 ascripserant

2055 5167 2264 5238 Agriani,
2290 5179 2413 5238 erat
2458 5167 2576 5236 ejus
2618 5166 2869 5238 generis;
2934 5180 2989 5223 at
3034 5180 3213 5221 utrum
3264 5166 3407 5218 illam
3471 5174 3629 5238 prout

2056 5236 2230 5290 eidem
2265 5237 2338 5291 illi
2364 5236 2735 5307 obiectabant,
2763 5241 2965 5295 foveret
3015 5238 3318 5299 Marcellus,
3344 5236 3633 5307 quamplu-

2056 5307 2212 5379 rimis
2248 5323 2353 5361 non
2389 5300 2567 5364 "linus
2613 5311 2665 5363 in
2701 5300 2963 5375 religione
2995 5308 3222 5379 lynceis,
3266 5300 3425 5379 quam
3458 5300 3628 5355 Euse—

2055 5376 2177 5449 bius
2234 5389 2397 5445 erat,
2451 5394 2554 5433 non
2590 5374 2970 5448 patuit,'.lnlio
3015 5374 3271 5446 pontiﬁci
3332 5374 3582 5449 Romano
3612 5410 3628 5433 ,

2051 5446 2355 5520 Athanasio
2422 5446 2815 5516 Alexandrino,
2898 5450 3290 5520 illi_h:zeresun}
3346 5446 3626 5520 ῥαιστῆρι,

2053 5519 2465 5585 quamplurimis
2496 5520 2615 5574 aliis
2651 5536 2664 5572 :
2703 5511 2930 5575 concilio
2967 5516 3280 5571 Sardicensi
3315 5511 3425 5569 non
3452 5511 3626 5580 “Quc-

2057 5585 2150 5639 bat
2178 5602 2192 5637 :
2228 5588 2280 5639 ui
2313 5587 2599 5644 Marcellus
2624 5591 3023 5647 absolvebatur.
3061 5585 3111 5640 Μ

2123 5655 2234 5725 (ει)
2269 5656 2394 5711 Dele
2421 5658 2500 5713 δέ.

2121 5726 2233 5795 (22)
2266 5726 2457 5795 Scribe
2479 5730 2631 5785 αὑτό.

2121 5734 2212 5795 (22
2266 5734 2457 5782 Scribe
2479 5748 2505 5782 α

2118 5734 2233 5865 (25)
2259 5794 2398 5865 Lege
2419 5799 2505 5871 δή.

3234 5892 3313 5950 23
