4116 6376
426 349 528 400 ἳιῖ

1559 347 1839 402 CONTRA
1879 343 2308 402 MARCELLUM
2350 343 2478 398 LIB.
2522 303 2584 398 ιζ

3598 338 3699 392 'il8

426 462 706 533 φυλάττει.
731 464 842 516 Καὶ
891 464 1033 517 τοῦτ’
1073 460 1140 536 ἦν
1178 465 1239 518 τὸ
1273 465 1624 535 Εὑαγγέλιον,
1649 466 1810 536 (26“)
1841 467 1902 518 οὐ
1938 467 2012 536 μὴ

2121 463 2338 530 injuria,
2380 463 2462 516 lex
2506 460 2722 514 infirmo
2778 457 2852 512 illi
2909 457 3104 528 popqu
3150 466 3206 513 et
3263 457 3483 522 infami.
3522 463 3703 527 ρωαα-

429 553 652 624 θεμιτὸν
695 551 833 606 εἶναι
886 555 1269 625 μετατίθεσθαι
1310 559 1391 620 είς
1436 556 1621 628 ἓτερον
1648 556 2011 625 Εὑαγγέλιον·

431 643 463 698 ὃ
499 649 611 700 οὐκ
653 646 826 700 ἔστιν
854 646 1029 711 ἄλλο,
1079 648 1154 712 ῶς
1193 650 1221 703 6
1258 648 1432 720 μέγας
1485 649 1802 712 Ἀπόστολος
1849 647 2016 701 εἰσέτι

430 736 589 809 δεῦρο
632 736 896 802 Γαλάταις
949 739 1310 812 μαρτύρεται,
1354 741 1443 795 διὰ
1491 741 1593 811 τῆς
1634 740 1770 812 πρὸς
1821 741 2018 804 αὐτοὺς

432 828 720 898 ἐπιστολῆς
754 829 892 898 βοῶν
917 847 929 859 °
972 826 1101 883 Κᾶν
1145 829 1317 900 ἡμεῖς
1348 828 1386 898 ἢ
1421 829 1674 900 ἅγγελος
1713 829 1782 894 ἐξ
1839 833 2017 897 eiusa-

432 919 540 974 νοῦ
569 921 1012 989 εὐαγγελίζηται
1044 919 1220 990 ὑμᾶς,
1247 921 1382 988 παρ’
1408 919 1440 973 ὃ
1465 919 1848 988 παρελάϐετε,
1872 919 2018 972 ἀνά-

434 1014 580 1080 θεμα
610 1011 800 1065 ἔσταν
843 1011 1146 1084 πόρρωθεν,
1183 1013 1259 1075 ὼς
1306 1011 1473 1076 εἰκὸς,
1523 1011 1644 1082 μηδ’
1677 1011 2016 1073 ἐπισκόποις,

435 1103 571 1174 μηδὲ
617 1105 864 1174 ἄρχουσι,
904 1105 1038 1175 μηδὲ
1089 1105 1432 1168 διδασκάλοις
1493 1105 1800 1177 προσέχειν,
1835 1105 1884 1155 εἰ
1930 1105 2021 1156 τὸν

435 1194 610 1265 ἀληθῆ
653 1195 753 1264 τῆς
811 1195 1045 1258 πίστεως
1098 1196 1411 1267 διαστρέφοι
1465 1215 1548 1257 τις
1609 1195 1789 1250 αὑτῶν
1840 1195 2017 1263 λόγον,

434 1285 550 1356 (9.7)
585 1285 984 1355 διδασκόμενος.
1021 1287 1117 1351 Τίς
1147 1287 1192 1340 δ’
1217 1283 1285 1358 ἦν
1314 1283 1502 1353 οὗτος;
1537 1290 1566 1342 6
1589 1288 1679 1341 τὸν
1703 1287 1834 1340 Θεὸν
1854 1288 2024 1341 Πατέ-

437 1394 506 1449 ρα
527 1377 724 1432 εἰδέναι
753 1379 1041 1445 διδάσκων,
1076 1381 1168 1433 καὶ
1203 1380 1330 1434 Υίὸν
1359 1381 1492 1434 Θεὸν
1538 1379 1866 1449 γιγνώσκειν
1917 1397 2022 1432 πα-

436 1469 714 1540 ραδιδούς*
757 1471 852 1526 καὶ
892 1471 1210 1543 Πνεύματος
1243 1473 1398 1541 ἁγίου
1450 1473 1849 1544 φιλοτιμεῖσθαι
1890 1490 2021 1544 μετ-

433 1559 576 1630 έχειν
589 1561 714 1632 (ἆπε
721 1579 752 1633 ρ
772 1561 946 1632 μόνων
963 1562 1029 1616 ἂν
1043 1562 1252 1630 γένοιτο
1266 1563 1605 1636 Χριστιανῶν
1621 1563 2022 1634 γνωρίσματα,)

433 1645 537 1706 ὧδέ
572 1669 648 1723 πη
677 1653 775 1722 τῆς
799 1653 959 1721 ἁγίας
1005 1653 1098 1706 τοῦ
1143 1653 1278 1707 Θεοῦ
1317 1655 1643 1726 Ἐκκλησίας
1690 1653 1801 1725 (28)
1831 1655 2022 1724 ἀφορι-

435 1743 660 1812 ζόμενος
688 1742 781 1795 τοῦ
824 1743 1118 1797 Ἰουδαϊκοῦ
1147 1744 1370 1816 τρόπου.
1407 1746 1497 1808 Ὠς
1527 1745 1634 1818 γὰρ
1675 1747 1882 1810 ἐκεῖνος
1918 1747 2018 1816 τὴν

2117 556 2238 625 gogi
2272 554 2340 606 ad
2368 555 2558 617 instar,
2584 552 2855 606 elementa
2897 551 3140 621 quaedam
3177 550 3350 621 prima
3391 550 3702 605 divinorum

2116 648 2460 702 oraculorum
2518 645 2868 714 suggerebat,
2910 643 3134 697 deorum
3187 641 3592 696 multitudinem
3650 649 3705 695 et

2117 739 2317 793 cultum
2352 738 2745 792 idololatricum
2780 735 3316 790 disturbanszbeum
3347 747 3542 790 contra
3580 735 3704 789 uni-

2118 847 2243 886 cum
2296 830 2730 900 cognoscendum
2776 829 3149 894 annuntians;
3186 830 3384 898 gratia,
3419 843 3571 895 vero,
3609 843 3704 896 per

2119 920 2390 975 Christum
2421 921 2697 982 salutaris,
2725 919 3090 989 cognitionem
3144 920 3300 973 nobis
3339 927 3702 988 repraesenta-

2118 1015 2198 1066 vit
2237 1029 2397 1081 supra
2432 1012 2759 1066 mundanam
2789 1019 2846 1066 et
2874 1011 3198 1082 angelicam,
3235 1011 3362 1064 dum
3391 1009 3590 1080 populo
3621 1009 3700 1064 illi

2123 1115 2335 1160 vetusto
2366 1122 2473 1160 non
2516 1115 2809 1166 retecmm,
2841 1103 2937 1158 sed
2967 1104 3186 1158 silentio
3214 1118 3437 1173 prorsus
3468 1102 3699 1157 obvolu-

2123 1206 2235 1248 tum
2266 1197 2609 1265 myslerium,
2642 1196 2693 1248 in
2739 1203 2983 1262 apertum
3017 1193 3225 1262 profert
3256 1212 3269 1247 :
3310 1194 3473 1246 Deum
3507 1207 3703 1260 nempe

2122 1287 2270 1341 illum
2299 1301 2613 1354 supremum
2659 1302 2840 1342 rerum
2871 1286 3113 1340 omnium
3149 1287 3568 1349 moderatorem,
3599 1300 3703 1339 saa-

2123 1379 2260 1433 culis
2288 1379 2563 1449 prioribus
2598 1380 2853 1434 omnibus
2883 1379 3126 1449 agnitum
3154 1377 3363 1445 Deum;
3401 1377 3526 1432 Filii
3555 1393 3701 1447 pra:-

2124 1480 2268 1523 tcrea
2296 1469 2558 1538 unigeniti
2587 1469 2802 1525 Patrem
2832 1485 2954 1525 esse
2985 1469 3428 1540 praedicandum;
3461 1469 3702 1541 Spiritus

2123 1573 2341 1629 quoque
2371 1560 2545 1614 sancti
2575 1561 2684 1614 vim
2721 1568 2777 1615 et
2805 1560 3120 1626 eiﬁcaciam,
3148 1561 3214 1616 iis
3263 1562 3354 1630 qui
3386 1562 3533 1632 digni
3577 1573 3704 1617 sunt

2123 1651 2458 1719 intpertitant
2487 1666 2502 1698 :
2531 1666 2694 1720 quam
2749 1661 2998 1707 sanctam
3058 1654 3344 1723 mysticam
3385 1661 3441 1708 et
3485 1653 3700 1708 beatam

2123 1745 2449 1799 Trinitatem
2481 1743 2680 1808 Patris,
2713 1743 2832 1798 Filii
2868 1755 2924 1799 et
2972 1745 3208 1816 Spiritus
3240 1748 3438 1813 sancti,
3473 1749 3542 1802 ad
3577 1762 3702 1801 cer-

435 1831 694 1886 πολύθεον
729 1834 824 1887 καὶ
865 1833 1182 1906 Ἑλληνικὴν
1221 1837 1593 1908 ἀπεδοκίμαζε
1639 1838 1868 1909 πλάνην,
1899 1838 2015 1901 ἑνὸς

2122 1837 2386 1890 tissimam
2415 1851 2566 1906 spem
2614 1837 2808 1892 salutis
2834 1837 2974 1892 illius
3014 1840 3426 1908 consequentiae,
3457 1855 3576 1910 quae
3608 1854 3704 1908 per

433 1923 568 1977 Θεοῦ
598 1924 878 1996 ὁμολογίᾳ,
911 1926 1054 1980 οὑτω
1100 1929 1196 1980 καλ¹
1237 1929 1337 1998 τῆς
1375 1929 1704 2000 Ἐκκλησίας
1739 1932 1772 2000 ἡ
1807 1927 2018 2001 ἐξαίρε-

432 2033 523 2078 τος
556 2016 684 2088 περὶ
716 2015 846 2070 Υἱοῦ
881 2017 1078 2084 γνῶσις
1105 2018 1352 2089 κρεῖττόν
1379 2037 1433 2072 τι
1459 2021 1555 2073 καὶ
1583 2019 1746 2072 πλέον
1792 2019 2020 2089 προὺξε-

431 2113 534 2172 νεῖ,
563 2109 653 2162 τὸν
685 2109 844 2162 αὑτὸν
888 2109 1019 2163 Θεὸν
1046 2111 1268 2180 Πατέρα
1299 2111 1498 2164 εἰδέναι
1541 2111 1864 2181 μονογενοῦς
1889 2112 2018 2165 Υίοῦ

431 2200 777 2260 διδάσκουσα,
836 2200 1051 2270 ἀληθῶς
1089 2200 1220 2254 Υίοῦ
1276 2201 1448 2265 ὄντος,
1503 2204 1598 2256 καὶ
1654 2202 1874 2267 ζῶντος,
1926 2205 2021 2258 καὶ

434 2292 759 2360 ὑφεστῶτος.
795 2293 889 2356 Ὡς
908 2292 1015 2363 γὰρ
1047 2293 1246 2360 πατὴρ
1270 2293 1382 2363 (29)
1401 2292 1554 2361 ζωὴν
1572 2294 1698 2363 ἔχει
1721 2296 1790 2348 ἐν
1808 2295 2019 2361 ἑαυτῷ,

434 2380 595 2444 αὐτὸς
623 2380 793 2450 λέγων
834 2380 1109 2433 ἐδίδασκεν
1134 2382 1162 2433 6
1197 2381 1510 2453 Μονογενὴς
1547 2381 1643 2434 τοῦ
1704 2383 1862 2448 Θεοῦ,
1888 2385 1954 2436 ἵν’

435 2473 527 2526 καὶ
560 2474 589 2525 6
619 2473 809 2545 Πατὴρ
863 2472 1076 2545 ἀληθῶς
1127 2473 1328 2545 πατὴρ,
1369 2474 1430 2526 οὑ
1489 2474 1650 2547 μέχρι
1693 2476 1876 2547 φωνῆς
1919 2470 2022 2529 ὧδέ

435 2585 510 2637 πη
551 2567 927 2638 χρηματίζων,
965 2567 1084 2620 οὐδὲ
1109 2566 1278 2637 ψευδῆ
1320 2568 1657 2637 κεκτημένος
1700 2567 1797 2640 τὴν
1859 2586 2026 2640 προσ-

431 2657 681 2728 ηγορίαν,
711 2657 936 2729 ἀληθείᾳ
951 2658 1006 2711 δὲ
1024 2659 1116 2712 καὶ
1140 2657 1286 2730 ἔργῳ
1307 2658 1498 2730 Πατὴρ
1515 2658 1643 2711 Υἰοῦ
1669 2659 1989 2729 μονογενοῦς
2007 2676 2020 2688 .

433 2750 527 2802 καὶ
558 2752 585 2802 ὁ
614 2749 742 2812 Υἱὸς
784 2750 1001 2821 άληθῶς
1031 2751 1166 2813 υἱός.
1211 2752 1267 2804 '0
1297 2751 1352 2804 δὲ
1377 2751 1531 2820 ψιλὸν
1555 2752 1728 2820 Λόγον
1765 2747 1904 2804 εἶναι
1933 2753 2026 2805 τὸν

2123 1933 2588 2003 regenerationem
2634 1933 2712 2000 tit,
2754 1935 2804 1988 in
2835 1935 3075 2001 Christo,
3125 1937 3259 1992 inda
3298 1947 3604 2008 acceptam,
3639 1944 3700 2001 ἥδ

2125 2025 2366 2079 Ecclesia
2424 2026 2518 2080 Dei
2573 2027 2810 2081 fideliter
2864 2030 3120 2083 custodit.
3156 2030 3220 2083 Et
3272 2031 3378 2085 hoc
3422 2039 3506 2086 est
3571 2031 3704 2084 illud

2124 2113 2499 2185 Evangelium,
2526 2117 2668 2183 quod
2706 2118 2854 2172 nullo
2879 2120 3038 2174 modo
3083 2120 3235 2174 licuit
3265 2122 3318 2175 in
3348 2122 3492 2175 aliud
3526 2132 3712 2190 trans:

2125 2204 2362 2260 formare
2410 2208 2770 2278 evangelium,
2824 2228 2944 2266 cum
3002 2228 3188 2266 revera
3243 2228 3346 2267 non
3404 2214 3476 2268 sit
3533 2214 3704 2276 aliud,

2124 2297 2582 2364 quemadmodum
2632 2303 2870 2356 secunda
2902 2304 3021 2358 vice
3051 2314 3283 2360 testatur
3324 2307 3516 2360 beatus
3561 2305 3705 2360 idem

2125 2390 2435 2458 Apostolus,
2468 2393 2534 2446 ad
2563 2394 2781 2448 eosdem
2841 2395 2962 2449 illos
3015 2395 3237 2452 Galatas
3284 2397 3358 2451 ita
3412 2397 3703 2466 profatus:

2127 2478 2356 2532 Etiamsi
2379 2481 2458 2535 vel
2486 2498 2578 2535 nos
2609 2483 2685 2536 vel
2710 2484 2928 2554 angelus
2959 2485 3022 2538 de
3045 2484 3173 2538 caelo
3202 2486 3345 2538 vobis
3375 2486 3534 2539 aliter
3554 2500 3711 2538 eran-

2126 2573 2450 2642 gelizaverit,
2481 2591 2638 2644 quam
2676 2585 2732 2629 ut
2776 2577 3074 2646 acrepistis,
3107 2583 3388 2634 anathema
3417 2580 3507 2632 sit.
3541 2578 3708 2644 Quasi

2127 2664 2220 2731 qui
2258 2663 2412 2730 longe
2441 2676 2566 2720 ante
2613 2667 2774 2723 vellet
2814 2669 3147 2732 admonitos.
3178 2678 3237 2723 ut
3279 2669 3525 2740 equidem
3562 2685 3706 2734 reor,

2132 2770 2230 2809 nec
2259 2757 2531 2825 episcopis
2562 2761 2893 2814 credendmn
2941 2775 3081 2825 esse,
3118 2777 3218 2816 nec
3243 2762 3572 2831 praepositis,
3606 2780 3708 2819 nec

431 2839 562 2893 Υξὸν
595 2840 1015 2912 ὑπολαμϐάνων,
1047 2841 1144 2894 καὶ
1177 2843 1336 2912 μόνον
1367 2843 1538 2910 Λόγον
1571 2837 1711 2896 εἶναι
1763 2843 2015 2915 μαρτυρό

2131 2846 2470 2913 doctoribus,
2497 2850 2540 2903 si
2571 2850 2720 2905 verbi
2754 2851 3040 2908 veritatem
3073 2865 3385 2922 pervertere
3413 2864 3469 2909 et
3499 2855 3708 2910 distor-

436 2949 618 3002 μενος,
654 2933 748 2985 κα)⁸
780 2932 1042 2996 πολλάκις
1071 2934 1218 2987 τοῦτ’
1252 2934 1384 2988 αὑτὸ
1410 2934 1605 3004 λέγων,
1639 2935 1714 2999 ὡς
1740 2935 1891 2988 οὐδὲν
1919 2936 2028 2988 ἓτε-

435 3040 528 3094 ρον
558 3019 625 3094 ἦν
649 3025 676 3077 6
701 3025 893 3093 Λόγος,
921 3025 1067 3079 ἔνδον
1094 3025 1270 3097 μένων
1295 3029 1353 3080 ὲν
1375 3027 1701 3097 ἡσυχάζοντι
1718 3027 1794 3098 τῷ
1819 3029 2025 3099 Πατρί’

2129 2951 2298 3005 quere
2328 2953 2517 2993 eorum
2547 2941 3121 3010 aiiquisattentaverit.
3140 2943 3356 3001 Veritas
3379 2956 3560 3003 autem
3594 2947 3706 3012 illa,

2131 3031 2299 3100 quae?
2327 3032 2442 3099 Qua
2495 3032 2663 3088 Deum
2718 3050 2840 3090 esse
2877 3035 3091 3091 Patrem
3120 3038 3413 3093 edocemur
3446 3055 3458 3090 :
3493 3053 3707 3108 nempe,

435 3114 545 3187 ('50)
571 3116 808 3186 ἐνεργῶν
839 3117 895 3170 δὲ
917 3118 973 3170 ὲν
992 3117 1070 3187 τῷ
1095 3119 1194 3188 τὴν
1214 3119 1393 3172 κτίσιν
1425 3119 1804 3192 δημιουργεῖν,
1827 3121 2015 3192 ὁμοίως

2131 3137 2238 3192 qua
2289 3122 2458 3179 Deum
2512 3127 2715 3182 habere
2747 3127 2943 3182 Filium
3000 3129 3157 3183 nobis
3189 3129 3462 3184 traditur:
3497 3145 3600 3199 qua
3642 3132 3710 3185 ad

429 3206 510 3277 τῷ
530 3208 802 3278 ἡμετέρῳ,
837 3209 894 3261 ὲν
927 3209 1175 3263 σιωπῶσι
1205 3210 1302 3279 μὲν
1326 3210 1670 3280 ἡσυχάζοντι,
1698 3213 1758 3264 ἐν
1788 3212 1843 3265 δὲ
1865 3212 2025 3282 φθεγ-

432 3299 686 3368 γομένοις
717 3299 1046 3369 ὲνεργοῦντι,
1076 3299 1231 3370 δῆλον
1254 3299 1321 3354 ἂν
1347 3301 1432 3371 εῖη
1471 3303 1745 3374 Ἰουδαῖκῷ
1770 3321 1876 3356 τινι
1930 3306 2026 3358 καὶ

433 3389 759 3460 ἀνθρωπίνῳ
793 3389 1100 3461 συντρέχων
1123 3391 1450 3462 φρονήματι,
1468 3391 1558 3444 τὸν
1580 3391 1626 3444 δ’
1656 3391 1868 3464 άληθῶς
1897 3393 2024 3445 Υίὸν

431 3482 528 3536 τοῦ
563 3482 698 3535 Θεοῦ
744 3483 1094 3554 ἀρνούμενος.
1151 3486 1214 3539 Ei
1241 3484 1372 3553 γοῦν
1399 3502 1483 3548 τις
1529 3484 1798 3538 Ἰουδαίων
1847 3485 2026 3556 ἔροιτό

431 3591 576 3638 τινα,
603 3575 652 3626 εἰ
676 3576 848 3644 Λόγον
881 3574 994 3645 ἔχοι
1016 3577 1044 3628 6
1074 3575 1206 3640 Θεός
1231 3593 1244 3642 ;
1274 3576 1492 3640 πάντως
1519 3594 1622 3630 που
1655 3578 1838 3648 φήσει.
1869 3577 2023 3631 Ἐπεὶ

432 3667 767 3737 καὶοΛόγον,
803 3671 896 3721 καὶ
929 3668 1161 3737 Λόγους
1191 3667 1410 3733 πλείους
1443 3668 1587 3740 ἔχειν
1614 3669 1798 3732 αὑτὸν,
1833 3669 2023 3741 ὁμολο-

431 3763 651 3832 γήσειεν
676 3761 745 3817 ἂν
779 3761 1047 3816 Ἰουδαίων
1087 3763 1252 3826 ἆπας.
1298 3762 1361 3815 Ei
1392 3761 1449 3814 δὲ
1487 3760 1582 3816 καὶ
1608 3761 1722 3816 υἱὸν
1759 3761 1892 3834 ἔχει,
1924 3762 2024 3816 οὑκ

439 3905 498 3963 >14
532 3898 632 3952 Ed.
660 3899 860 3963 Paris.,
893 3916 995 3972 pag
1041 3901 1094 3955 Δ.

433 4190 528 4234 aut
556 4179 707 4232 ἔνθεν
749 4196 887 4243 πως,
929 4180 992 4232 de
1034 4177 1274 4234 Ecclesia
1317 4179 1413 4236 Dei
1468 4192 1682 4251 accepta
1724 4182 2014 4238 institutio-

433 4260 666 4390 neiﬁeti‘c'.)
698 4321 779 4392 Οὐ
799 4319 920 4392 μή.-
940 4319 1068 4388 Leg.
1095 4319 1272 4392 ὃμήτθ
1305 4316 1394 4392 ἦν,
1425 4329 1480 4374 et
1511 4321 1787 4392 deinceps,
1813 4323 1889 4387 ὡς
1912 4323 2008 4376 καὶ

430 4392 459 4471 6
495 4392 672 4471 μέγας
706 4390 1000 4454 ἀπόστολος
1023 4390 1480 4471 γε.ἰ-σέτ·ι’δεύτερον
1535 4391 1636 4471 legi
1684 4390 1880 4471 posset-
1908 4411 2013 4471 pro

2133 3214 2372 3285 Spiritus
2405 3218 2577 3271 sancti
2628 3220 3101 3288 participationem
3134 3221 3203 3275 ab
3248 3221 3458 3276 ardenti
3493 3223 3711 3276 deside-

2135 3308 2217 3361 rio
2241 3309 2566 3364 excitamur.
2595 3310 2725 3377 Quae
2751 3322 2876 3367 sunt
2911 3313 3141 3382 insignia
3163 3316 3408 3382 quaedam
3438 3314 3712 3370 Christia-

2135 3414 2327 3455 norum
2371 3402 2705 3470 peculiaria,
2747 3405 2946 3473 quibus
2995 3404 3234 3458 Ecclesia
3296 3405 3388 3459 Dei
3433 3417 3623 3462 sancta
3677 3424 3710 3464 α

2132 3489 2354 3547 Judaica
2383 3494 2564 3562 politia
2599 3497 3027 3552 discriminatur.
3052 3497 3210 3564 Nam,
3269 3510 3327 3554 ut
3365 3499 3492 3554 olim
3521 3500 3709 3555 Judai-

2128 3593 2277 3635 smus
2306 3598 2405 3652 per
2447 3585 2605 3640 unius
2640 3585 2918 3656 solius-Dei
2965 3588 3388 3655 confessionem,
3427 3591 3706 3645 ethnicnm

2130 3673 2197 3728 de
2227 3675 2411 3730 multis
2437 3676 2541 3731 diis
2574 3692 2818 3733 errorem
2848 3679 3168 3749 ablegabat,
3201 3680 3277 3737 ita
3304 3697 3519 3753 quoque
3544 3700 3708 3754 supra

2131 3765 2279 3823 illam
2314 3769 2507 3838 ipsam,
2540 3769 2798 3826 Eoi-.lesite
2847 3772 3144 3842 singularis
3193 3785 3245 3828 et
3278 3775 3552 3832 excellens
3580 3791 3708 3848 cog-

2128 4182 2371 4246 unicum,
2399 4195 2503 4235 non
2533 4179 2752 4234 Patrem
2791 4178 3178 4248 agnoscebant,
3218 4187 3274 4230 ut
3309 4191 3367 4232 se
3413 4176 3709 4248 aliquoties

2124 4252 2384 4321 explicat.
2437 4254 2610 4317 Quam
2663 4250 2989 4321 sententiain
3046 4249 3330 4321 Na_zianz_._
3377 4262 3480 4321 non
3522 4248 3712 4321 semel

2122 4318 2480 4390 paupertatem
2521 4321 2780 4390 appellat.
2815 4319 2882 4390 Et
2905 4319 3198 4390 Gregorius
3228 4334 3240 4368 :
3271 4318 3458 4390 Ὑμεῖς
3485 4319 3534 4370 οἱ
3574 4319 3707 4390 Ἰου-

2119 4388 2278 4455 δαῖοι,
2307 4388 2694 4462 ὁμολογοῦντες
2721 4389 2820 4462 τὴν
2839 4388 3102 4462 *θεότητα,
3127 4389 3475 4462 ᾲμονωτάτην,
3514 4389 3705 4462 πενίαν

429 4457 612 4534 δεῦρο,
644 4476 947 4534 quanquam
980 4470 1034 4534 _et
1061 4463 1189 4514 illud
1212 4457 1400 4534 verum
1435 4463 1504 4516 sit
1533 4457 1656 4534 aliis
1684 4457 1839 4534 'enim
1869 4457 2009 4518 idem

2120 4457 2440 4534 έκφέροντες
2462 4457 2528 4532 τῇ
2547 4461 2726 4534 αὐτῆς
2759 4457 3321 4534 ἁπλότητιλλεὺτελῶς
3443 4459 3572 4530 περὶ
3603 4459 3704 4534 τῆς

431 4529 606 4600 ipsum
643 4533 832 4584 beatus
863 4529 1059 4586 Paulus
1097 4531 1445 4594 testiﬁcatur,
1469 4541 1524 4587 et
1553 4533 1627 4586 ita
1656 4549 1714 4587 se
1749 4533 2013 4589 Eusebius

430 4602 690 4669 explicat,
720 4616 1052 4669 quanquam,
1090 4617 1210 4669 qua:
1241 4612 1565 4670 sequuntur,
1593 4603 1739 4656 illam
1771 4605 2005 4657 alteram

432 4670 943 4742 lectione:u,626po,
970 4672 1312 4742 conﬁrment,
1342 4683 1396 4725 et
1426 4683 1607 4726 exstat
1633 4673 1785 4727 locus
1811 4675 2014 4742 gemelo

430 4740 511 4795 lus
538 4744 680 4810 apud
717 4740 1056 4795 Vincentium
1088 4741 1424 4798 Lirinensetn
1448 4743 1498 4796 in
1530 4756 1699 4797 aureo
1731 4740 2007 4798 illo'Com-

428 4813 731 4873 monitorio,
760 4826 882 4878 cap.
920 4811 1006 4872 M,
1035 4813 1122 4864 ubi
1153 4814 1217 4864 de
1249 4811 1352 4864 hoc
1391 4811 1540 4866 Pauli
1581 4813 1722 4866 libro
1766 4814 2008 4867 disserit.

431 4880 635 4952 Clamat
679 4892 726 4936 et
760 4882 1034 4948 repetendo
1082 4881 1298 4952 clamat,
1328 4891 1388 4952 et,
1432 4899 1656 4951 semper,
1710 4894 1758 4936 et
1820 4885 2011 4952 ubique

430 4964 522 5010 per
555 4951 779 5004 Litteras
824 4967 949 5003 suas
991 4952 1209 5015 clamat,
1251 4951 1389 5003 illud
1432 4969 1521 5006 vas
1574 4954 1865 5013 electionis.
1920 4951 2009 5007 ille

436 5020 678 5080 magister
719 5021 971 5089 genitum.
1009 5022 1195 5091 itaque
1231 5021 1364 5073 nihil
1395 5032 1599 5077 temere
1652 5023 1704 5076 itt
1752 5025 1856 5078 hoc
1890 5024 2008 5078 loco

436 5091 768 5142 Inutztltdtutt.
822 5091 890 5144 M.

649 5151 1102 5228 Διδασιιόμεινος.
1149 5165 1205 5220 1η
1235 5164 1480 5236 margine
1517 5163 1722 5236 codicis
1751 5173 1868 5236 erat
1888 5162 2006 5236 Sta-

435 5221 946 5303 στελλόξξεξνρςιιιυξε
995 5221 1078 5303 esi
1111 5249 1235 5289 vera
1286 5221 1466 5295 leciio,
1524 5234 1626 5288 hoc
1654 5243 1737 5288 est
1779 5233 2007 5303 διοριζό-

436 5307 616 5362 μενος.
649 5292 828 5371 Utitur
849 5292 1026 5371 autem
1057 5298 1159 5354 hac
1186 5320 1314 5358 voce
1339 5316 1390 5358 et
1420 5292 1572 5367 alibi,
1597 5314 1653 5356 et
1695 5292 2006 5369 paulo'post

434 5379 484 5443 In
509 5364 886 5442 sequentibus,
906 5367 1000 5427 ait,
1029 5371 1170 5443 κατὰ
1185 5373 1284 5443 τῆς
1317 5364 1680 5442 ὰποστολίκῆς
1695 5364 2001 5442 διαστολῆς,

433 5434 520 5485 ubi
560 5434 638 5512 in‘
672 5434 912 5512 I'nargittc
958 5434 1274 5512 ascriptum,
1300 5444 1417 5503 fuit,
1464 5434 1746 5512 διαταγῆς.
1781 5434 2001 5496 Μ.-Ϊιι

428 5518 570 5625 ἓιὲικ
609 5502 731 5555 dein
768 5518 781 5553 :
825 5501 964 5573 Lege
1015 5501 1149 5562 Θεοῦ
1204 5513 1320 5566 loco
1359 5501 1510 5574 Θεόν,
1569 5501 1843 5570 ἱιιίῗᾷὼίε
1870 5513 2002 5567 ὐἱὸν

473 5589 498 5623 ε
531 5590 576 5623 ν.

473 5589 576 5623 εον.

500 5643 612 5720 (2.8)
653 5641 1222 5720 Ἀφοριζόμενοςντοῦ
1259 5652 1576 5706 Ἰουὸαῒκρῦ
1624 5656 1864 5720 τρόπου.
1901 5654 2002 5709 Le-

429 5715 680 5792 δςέιιάυιην
717 5725 851 5794 lunt,
881 5718 977 5794 τῂγ
1013 5718 1170 5794 (ζίίαν
1198 5721 1290 5774 τοῦ
1343 5724 1477 5776 Θεοῦ
1521 5715 1864 5794 Ἐκκλησίαν,
1917 5724 1996 5775 vel

429 5785 546 5835 vice
577 5797 754 5851 versa,
785 5785 876 5838 τὸν
929 5785 1214 5844 Ἰουδαϊκὸν
1246 5794 1465 5862 τρόπον.
1490 5796 1588 5860 Qui
1607 5785 1772 5852 Deum
1798 5785 1983 5864 animi,

2117 4529 2374 4602 θεότητος
2395 4529 2774 4602 διατῖθέμενοι.
2808 4530 2875 4583 Οἵ
2899 4547 2957 4582 τε
2992 4529 3275 4602 ξἘλληνες,
3302 4533 3415 4602 τοῖς
3451 4529 3704 4602 ματαίοις

2115 4599 2351 4665 εἰδώλοις
2374 4599 2804 4670 προσκυνοῦντες
2834 4602 2928 4652 καὶ
2951 4599 3312 4671 πληθύνοντες
3330 4599 3430 4671 τὴν
3449 4599 3700 4671 θεότητα,

2115 4673 2330 4736 πολλοῖς
2361 4673 2502 4734 θεοῖς
2530 4671 2586 4738 ἐξ
2605 4671 2869 4750 ’ἀνάγκης
2922 4670 3334 4750 προσκείμενοι-
3351 4670 3700 4750 ἐναντιουμέ-

2113 4761 2225 4806 νοις
2267 4743 2534 4814 ά).λήλοις,
2571 4742 2651 4804 είς
2699 4739 2797 4814 τῂν
2825 4739 3062 4814 ἀπάτην
3106 4739 3228 4814 τῆςΔ
3255 4739 3700 4814 εἰδωλολατρείας

2112 4810 2468 4866 ἐκκλίνονται.
2516 4813 2705 4882 Ἡμεῖς
2733 4811 2809 4873 δὲ,
2845 4812 2892 4882 οἱ
2928 4810 3242 4882 Χριστιανοὶ
3265 4810 3577 4882 τριάζοντες
3600 4811 3698 4882 τὴν

2113 4883 2363 4954 θεότητα,
2391 4880 2696 4954 ὑπέρογκον
2721 4880 2923 4954 αὑτὴν.
2945 4880 3003 4934 ὲν
3041 4880 3257 4954 πλούτῳ
3292 4880 3385 4934 καὶ
3411 4880 3697 4954 δυναστείᾳ

2110 4951 2472 5025 κηρύττομεν.
2501 4951 2647 5025 ξἚνα
2701 4952 2834 5005 Θεὸν
2993 4953 3266 5025 τριαδικὸῃν
3308 4951 3696 5025 ὁμολογοῦντες

2110 5021 2560 5095 κράτοςςὙμῶν
2591 5023 2690 5094 τὴν
2719 5021 3043 5095 πενηθείανδ
3083 5021 3352 5095 κάκείνων
3375 5023 3486 5095 ⁸τὴν
3528 5023 3693 5076 πολυ-

2110 5092 2259 5147 θείαν
2294 5092 2479 5165 estsq;
2501 5092 2943 5165 dnoxpouépsvot
2964 5093 3345 5163 διαφεύγομεν.
3375 5092 3461 5165 Μί
3489 5108 3493 5117 ·

2179 5165 2292 5234 (29)
2322 5160 2730 5232 Ζωῆνέχείέν
2759 5160 2968 5227 ἐαυτῷ,
3013 5160 3178 5234 Deest
3214 5160 3299 5234 liic
3328 5163 3598 5234 apodosis.
3629 5179 3696 5234 ex

2109 5231 2402 5305 Evangelio
2445 5231 2907 5305 Sttpplettda,_sic
2952 5253 2963 5286 :
3011 5233 3187 5296 οὕτως
3226 5232 3393 5305 ἔδωκε
3442 5231 3521 5303 τῷ
3559 5233 3694 5305 Υίῷ,

2107 5301 2427 5375 ζωὴνέχειν
2471 5301 2532 5357 ἐν
2554 5303 2751 5374 ἑαυτῷ.
2789 5303 2985 5375 ΙιΙλεει,
3018 5306 3198 5370 genuit
3247 5301 3606 5375 filiumpqui
3644 5301 3696 5356 et

2104 5372 2508 5435 ἡκεέἱίζώων
2529 5387 2586 5428 et
2640 5372 2918 5444 ὑφεστὼς
2971 5389 3069 5443 per
3114 5389 3212 5444 se;
3232 5372 3382 5444 Quod
3440 5388 3689 5442 negasst-,

2105 5444 2394 5499 Marcellus
2426 5442 2703 5500 ntultoties
2741 5442 3034 5498 accusatur
3076 5444 3142 5495 ah
3176 5442 3411 5495 Eusebio
3446 5460 3459 5495 :
3494 5455 3547 5494 ιιι
3577 5454 3693 5496 sta-

2105 5516 2225 5578 tim,
2253 5517 2340 5569 ubi
2380 5516 2593 5568 affricat
2624 5520 2672 5569 ei
2701 5517 2844 5584 quod
2901 5514 3058 5580 λόγον
3106 5511 3259 5580 ψιλόν
3293 5526 3416 5564 eum
3447 5515 3690 5582 appella-

2103 5592 2243 5637 verit
2271 5601 2284 5635 :
2313 5602 2476 5653 quam
2507 5601 2654 5649 vere,
2687 5584 3048 5654 liquidissinm
3072 5593 3330 5654 constare
3357 5600 3462 5636 non
3487 5596 3687 5651 potest,

2102 5651 2377 5742 deperdita
2408 5655 2641 5742 Marcelli
2676 5651 2776 5710 isto
2801 5669 2982 5723 opere.
3003 5651 3295 5709 M.—.Mox
3323 5655 3480 5724 vulgo
3506 5653 3571 5707 ἶν’
3612 5656 3645 5725 ἦ
3672 5669 3689 5720 ;

2102 5740 2229 5780 mss.
2269 5727 2440 5787 οὕτως
2479 5727 2564 5778 ἶν’.

2172 5796 2286 5868 (50)
2329 5795 2613 5864 Ὲνεργῶν
2655 5793 2724 5848 δὲ
2773 5796 2839 5850 ἐν
2890 5795 2968 5862 τῷ
3017 5794 3307 5864 ἡμετέρῳ.
3369 5794 3688 5864 Legendum
