4116 6442
392 368 499 426 ’719

1030 365 1292 422 EUSEBII
1333 362 1811 421 CESARIENSIS
1850 363 2002 419 OPP.
2041 361 2223 419 PARS
2259 361 2351 417 IV.
2386 392 2455 401 ——
2494 361 2924 419 DOGMATICA.

3548 365 3650 421 720

399 488 534 545 uitio
562 488 630 544 de
662 487 800 544 Filio
848 485 967 551 Dei,
995 486 1156 555 longe
1191 486 1442 555 quiddam
1508 485 1682 555 majus
1727 496 1782 539 et
1834 500 1945 555 pra:

2090 484 2143 538 ἱτ’
2170 484 2235 538 ἂν
2267 484 2671 555 ὁμολογήσειεν,
2715 483 3025 556 ἐρωτηθείς.
3056 485 3119 537 Εί
3166 484 3223 538 δὲ
3267 484 3342 556 μὴ
3373 485 3652 553 Ἰουδαῖος,

401 580 638 635 stantius
664 577 926 639 exhibuit,
956 591 1060 645 qua
1089 578 1384 631 edocemur
1410 574 1559 629 illum
1598 576 1770 645 ipsum
1802 574 1969 630 Deum

400 672 616 727 Patrem
647 679 862 725 exstare
914 668 1174 737 unigeniti
1201 667 1346 731 Filii,
1373 666 1462 736 qui
1496 667 1776 722 verissime
1804 665 1974 723 Filius

400 764 500 826 sit,
528 764 683 817 vivus
714 761 940 815 exsistat
986 769 1041 814 et
1095 758 1417 813 subsistens.
1462 758 1591 813 Nam
1627 759 1974 827 quemadmo-

404 856 531 909 dum
568 873 580 907 :
620 852 781 906 Pater
805 853 966 905 vitam
996 851 1053 904 in
1085 853 1254 920 seipso
1305 849 1484 914 habet,
1520 850 1748 905 docebat
1778 849 1979 921 Unige-

402 948 552 1000 nitus
606 946 719 1012 ipse
767 944 881 1007 Dei,
915 946 991 996 ita
1038 959 1241 1014 quoque
1289 944 1347 995 in
1388 944 1558 1011 seipso
1595 941 1768 996 Filius
1821 944 1974 998 habet

402 1036 564 1089 vitam
589 1035 631 1091 ⁸.
668 1032 735 1088 Ut
783 1033 856 1087 ita
888 1033 1050 1088 Pater
1085 1047 1216 1087 vere
1259 1033 1479 1102 quidem
1533 1032 1693 1087 Pater
1721 1033 1972 1100 exsistat,

405 1142 514 1182 non
565 1134 744 1181 autem
802 1126 969 1180 verbo
1031 1134 1187 1179 tenus
1214 1123 1376 1178 Pater
1432 1122 1628 1179 falsata
1686 1133 1976 1194 usurpatus

408 1219 776 1274 nominatione
805 1235 818 1271 :
850 1218 942 1270 sed
972 1217 1202 1269 veritate
1231 1224 1285 1269 et
1318 1216 1498 1286 reipsa
1556 1216 1818 1286 unigeniti
1853 1214 1976 1270 Filii

405 1312 608 1366 Pater:
637 1320 691 1363 et
724 1320 782 1363 ut
811 1308 980 1364 Filius
1030 1309 1102 1362 sit
1148 1310 1324 1378 reipsa
1380 1309 1545 1362 etiam
1595 1306 1786 1364 Filius.
1819 1307 1979 1373 Quis-

405 1405 531 1473 quis
587 1413 767 1456 autem
821 1401 1016 1456 Filium
1049 1402 1250 1455 nudum
1283 1414 1406 1455 esse
1438 1398 1660 1455 Verbum
1695 1400 1979 1454 existima-

409 1493 570 1557 verit,
628 1501 723 1545 aut
776 1491 1114 1546 solummodo
1176 1488 1397 1543 Verbum
1446 1488 1891 1552 conﬁrmaverit,
1924 1497 1979 1542 et

414 1582 543 1637 illud
584 1582 899 1652 frequenter
924 1596 1024 1635 suo
1059 1596 1156 1636 ore
1195 1582 1563 1650 usurpaverit,
1602 1579 1825 1633 Verbum
1859 1590 1980 1632 tan-

406 1673 689 1729 tummodo
747 1673 1043 1738 exstitisse,
1074 1672 1240 1737 intus,
1288 1675 1416 1726 dum
1446 1672 1788 1734 consisteret,
1822 1674 1979 1740 quie-

407 1774 593 1820 scente
621 1779 722 1819 suo
757 1762 918 1817 Patre
948 1779 963 1815 :
994 1772 1276 1832 operatum
1308 1776 1436 1816 vero
1472 1762 1612 1816 idem
1649 1764 1821 1831 ipsum
1852 1760 1981 1816 Ver—

2074 578 2187 632 ἀλλ⁹
2218 578 2531 630 ἐπισκόπων
2545 595 2631 640 τις
2654 578 2856 647 ταύτην
2875 576 3009 649 (50‘)
3042 578 3320 647 είσαγὰγοι
3347 577 3447 642 τὴν
3473 576 3652 643 δόξαν,

2074 671 2244 739 Λόγον
2280 669 2441 723 αὐτὸν
2487 670 2647 741 μόνον
2703 669 2876 732 διδοὺς
2924 667 3199 739 ἡνωμένον
3231 666 3310 738 τῷ
3334 668 3455 739 Θεῷ
3480 686 3492 698 ⁸
3539 670 3652 740 (51)

2074 762 2168 815 καὶ
2203 760 2388 815 τοῦτον
2438 756 2577 814 εἶναι
2609 761 2777 814 ἀΐδιον
2809 760 2903 813 καὶ
2936 760 3261 831 ἀγέννητον,
3313 760 3372 814 ἒν
3420 779 3479 815 τε
3512 759 3654 817 εἶναι

2076 849 2185 922 (ΞΞ)
2202 851 2295 905 καὶ
2306 849 2498 905 ταύτὸν
2514 849 2589 920 τῷ
2605 848 2727 919 Θεῷ
2740 848 2966 919 ὀνόμασι
2987 848 3082 918 μὲν
3097 849 3397 920 διαφόροις,
3414 849 3531 902 Πατ
3539 849 3651 921 ρὸς,

2075 943 2170 996 κα)⁴
2210 942 2343 995 Υἰοῦ
2381 941 2812 1014 χρηματίζοντα,
2842 941 3000 1004 οὐσίᾳ
3040 940 3096 993 δὲ
3143 940 3238 994 καὶ
3270 941 3567 995 ὑποστάσει
3595 942 3656 995 ἓν

2074 1033 2222 1086 ὁνταο
2252 1031 2369 1095 πῶς
2396 1033 2457 1084 οὺ
2485 1032 2642 1101 δῆλος
2662 1031 2728 1085 ἂν
2756 1032 2965 1101 γένοιτο
2988 1030 3099 1102 (55)
3125 1032 3217 1085 τὸν
3245 1031 3344 1103 μὲν
3367 1033 3655 1088 Σαὸέλλιον

2075 1124 2456 1195 ὑποδυόμενος
2484 1124 2583 1196 τῆς
2609 1124 2666 1178 δὲ
2708 1125 2766 1178 ὲν
2795 1124 3015 1197 Χριστῷ
3045 1124 3299 1194 γνώσεώς
3338 1144 3399 1179 τε
3427 1128 3520 1180 καὶ
3553 1129 3654 1199 χά-

2081 1233 2224 1287 ριτος
2251 1216 2676 1287 ὴλλοτριωμένος
2715 1216 2887 1283 ;ούδὲ
2929 1216 3037 1289 γὰρ
3078 1216 3280 1288 ζητεῖν,
3320 1217 3440 1271 οὐδὲ
3481 1220 3656 1290 ἀμφι-

2078 1307 2313 1373 ϐάλλειν,
2358 1307 2467 1360 οὐδ’
2517 1308 2733 1379 ἐρωτᾷν
2776 1309 2889 1372 τοῖς
2946 1307 3309 1379 βουλομένοις,
3361 1310 3410 1363 εἰ
3451 1305 3520 1381 ἦν
3563 1311 3658 1364 καὶ

2078 1398 2252 1470 προῆν
2302 1401 2331 1452 ὁ
2366 1398 2658 1469 μονογενὴς
2717 1398 2841 1462 Υἱὸς
2891 1398 2984 1452 τοῦ
3032 1398 3187 1466 Θεοῦ,
3225 1402 3253 1453 ὁ
3279 1401 3379 1471 τῆς
3434 1402 3662 1476 Ἐκκληο

2079 1491 2201 1555 σίας
2228 1490 2339 1562 (54)
2378 1491 2661 1564 ἐπιτρέποι
2688 1492 2754 1546 ἂν
2786 1491 3003 1562 θεσμός
3034 1491 3439 1567 ὁμολογουμένῃ
3487 1494 3543 1548 δὲ
3563 1497 3659 1550 καὶ

2077 1582 2432 1654 ὰναμφιδὸλῳ
2449 1585 2628 1638 πίστει
2655 1586 2751 1637 σὺν
2784 1581 2963 1653 πολλῷ
2996 1582 3109 1653 (55)
3141 1582 3234 1635 καὶ
3267 1586 3554 1657 παρρησίᾳ
3581 1586 3660 1639 δι-

2077 1674 2266 1728 δάσκει
2298 1675 2390 1728 τὸν
2418 1675 2550 1729 Θεὸν
2591 1676 2811 1746 Πατέρα
2858 1671 2998 1728 εἶναι
3043 1673 3173 1727 Υίοῦ
3206 1674 3297 1728 τοῦ
3337 1678 3660 1746 μονογενοῦς

2080 1768 2382 1838 ὁμολογεῖν,
2424 1768 2517 1823 καὶ
2562 1770 2700 1840 μήτε
2746 1769 2837 1822 τὸν
2876 1769 3095 1840 Πατέρα
3123 1766 3251 1820 Υίὸν
3274 1763 3436 1832 εἶναι,
3479 1770 3512 1841 ἢ
3548 1770 3658 1843 (56)

408 1858 563 1919 bum,
590 1869 713 1908 cum
761 1863 1045 1908 creaturas
1086 1851 1378 1924 elligiaret,
1400 1856 1626 1923 perinde
1652 1869 1717 1908 ac
1742 1870 1837 1925 per
1865 1870 1983 1910 om-

2090 1861 2177 1914 καὶ
2200 1860 2292 1913 τὸν
2333 1860 2461 1915 Υἱὸν
2495 1838 2714 1933 Πατέρα
2734 1860 2994 1931 νομίζειψ
3023 1838 3160 1915 αλλὰ
3182 1861 3272 1915 τὸν
3314 1862 3412 1932 μὲν
3428 1838 3657 1936 ἀγέννηλ-

412 1947 501 1999 nia
532 1945 585 1998 in
614 1943 925 2003 hominibus
954 1942 1092 1996 solet
1122 1942 1239 1996 ﬁeri
1270 1961 1286 2009 ;
1316 1944 1404 1997 ubi
1437 1944 1488 1996 in
1543 1944 1981 2012 conquiescenti-

412 2036 516 2089 bus
563 2034 765 2089 otiatur
821 2031 1078 2096 Verbum,
1129 2041 1387 2101 operatur
1418 2042 1597 2086 autem
1628 2033 1679 2086 in
1716 2033 1985 2102 loquenti-

415 2127 516 2180 lius
545 2140 559 2178 :
596 2125 644 2182 is
669 2123 910 2194 profecto
939 2123 1218 2192 conspirat
1242 2123 1685 2179 manifestissime
1709 2140 1831 2195 cum
1857 2138 1981 2179 seu-

424 2218 589 2272 tentia
639 2215 971 2278 Jud:eorum,
1005 2217 1350 2286 abnegatque
1376 2231 1523 2280 eum,
1560 2217 1652 2287 qui
1703 2232 1828 2273 vere
1888 2219 1984 2274 Dei

412 2310 582 2364 Filius
612 2320 716 2363 est.
747 2308 802 2363 Si
827 2308 951 2377 quis
978 2307 1222 2363 Judaeum
1250 2310 1688 2380 interrogaverit,
1720 2325 1790 2364 an
1816 2308 1984 2365 Deum

413 2411 569 2471 putet
602 2400 837 2457 Verbum
895 2398 1055 2457 suum
1124 2400 1653 2467 babere?0mnino,
1693 2413 1842 2458 certe
1898 2418 1986 2458 re-

414 2510 719 2565 sponsurus
765 2504 871 2559 est,
931 2505 1081 2564 puto.
1116 2494 1374 2551 Libenter
1410 2495 1677 2563 siquidem
1708 2496 1989 2566 proﬁtetur

413 2586 652 2651 Judaeus,
684 2601 790 2643 non
827 2586 1047 2641 Verbum
1081 2588 1261 2652 modo,
1286 2588 1417 2658 quin
1456 2586 1626 2642 Verba
1662 2589 1865 2643 inﬁnita
1892 2590 1989 2643 ha-

418 2680 546 2735 bere
590 2680 779 2735 Deum.
824 2678 978 2746 Quod
1030 2679 1075 2734 si
1130 2680 1308 2734 adhuc
1341 2679 1530 2743 instes,
1565 2693 1633 2732 an
1668 2678 1863 2733 Filium
1895 2680 1990 2733 ha-

418 2771 575 2827 beat?
608 2785 713 2827 non
739 2780 827 2824 est
859 2771 961 2826 hoc
987 2771 1231 2839 perinde,
1263 2784 1405 2835 reor,
1450 2768 1823 2825 confessurus.
1866 2768 1987 2825 Jam

420 2877 569 2926 vero,
592 2861 638 2916 si
670 2877 776 2915 non
810 2860 1033 2917 Iudaeus
1058 2860 1348 2929 quispiam,
1377 2861 1468 2914 sed
1515 2860 1562 2914 is
1622 2861 1712 2929 qui
1761 2861 1835 2914 sit
1864 2875 1988 2915 cum

416 2954 773 3021 episcopatu,
829 2951 980 3005 illam
1037 2950 1307 3005 invexerit
1350 2950 1697 3021 opinionem,
1756 2948 1989 3006 Verbum

416 3057 536 3099 esse
588 3043 740 3098 illum
777 3085 793 3107 ,
850 3043 946 3097 sed
1012 3042 1121 3098 Deo
1201 3045 1573 3098 tantummodo
1657 3042 1987 3098 adunitum:

2082 1968 2173 2004 τον
2206 1952 2300 2005 καὶ
2331 1951 2500 2005 ἀΐδιον
2526 1953 2618 2005 καὶ
2632 1952 2866 2024 ἄναρχον
2883 1954 2978 2006 καὶ
2999 1952 3215 2024 πρῶτον
3241 1955 3333 2008 καὶ
3365 1955 3521 2025 μόνον
3548 1957 3658 2009 Πα-

2082 2044 2218 2115 τέρα
2273 2043 2469 2096 σέὸειν·
2521 2043 2613 2098 τὸν
2655 2044 2711 2097 δὲ
2739 2046 2801 2096 ὲκ
2830 2043 2925 2097 τοῦ
2958 2043 3170 2117 Πατρδς
3209 2047 3520 2119 γεννηθῆναι
3562 2048 3653 2101 καὶ

2089 2133 2410 2204 ὑποστῆναι,
2457 2135 2552 2187 καὶ
2580 2134 2740 2205 μόνον
2788 2134 2917 2186 Υἱὸν
2947 2133 3057 2204 (57)
3092 2136 3353 2208 μονογενῆ
3394 2133 3527 2191 εἶναι
3572 2155 3653 2190 πι-

2088 2222 2296 2278 στεύειν
2310 2223 2442 2277 Θεόν
2468 2242 2526 2277 τε
2550 2225 2711 2279 αὐτὸν
2727 2227 2802 2289 ὡς
2818 2225 3033 2297 ἀληθῶς
3046 2226 3176 2280 Υἱὺν
3205 2228 3333 2282 ὄντα
3353 2228 3508 2295 Θεοῦ,
3521 2247 3655 2298 γνω-

2088 2315 2276 2386 ρίζειν.
2290 2316 2352 2367 Εἰ
2365 2315 2428 2387 δὴ
2447 2315 2556 2387 (58)
2571 2312 2664 2371 οῦν
2676 2317 2883 2381 τούτοις
2902 2318 2999 2389 μὲν
3011 2318 3122 2389 (59)
3138 2319 3433 2389 ἀντιλέγων
3448 2339 3531 2385 τις
3549 2321 3663 2389 φαί-

2086 2419 2248 2467 νοιτο,
2284 2402 2454 2473 Λόγον
2481 2405 2539 2458 δὲ
2568 2404 2702 2458 Θεοῦ
2735 2406 2934 2477 ὁμοίως
2959 2405 3038 2477 τῷ
3068 2408 3125 2459 ὲν
3152 2407 3460 2480 ἀνθρώποις
3479 2408 3665 2463 τοῦτον

2087 2492 2339 2562 ὁρίζοιτο,
2365 2495 2465 2548 οὐκ
2495 2496 2690 2549 ἐννοῶν
2715 2497 2835 2549 οὐδὲ
2858 2497 3224 2567 λογιζόμενος,
3259 2500 3335 2564 ὡς
3355 2502 3506 2556 οὐδὲν
3561 2500 3668 2573 χρὴ

2089 2585 2439 2656 θνητὸν,ούδὲ
2474 2584 2808 2657 ἀνθρώπινον
2834 2586 2914 2658 τῷ
2950 2587 3207 2641 ἐπέκεινα
3238 2589 3348 2642 τῶν
3371 2589 3510 2643 ὅλων
3539 2591 3671 2644 ἀνα-

2087 2677 2293 2732 τιθέναι
2315 2675 2453 2747 Θεῷ,
2482 2676 2592 2730 οὐδ’
2610 2676 2748 2742 δλως
2768 2693 2820 2731 τι
2840 2676 2950 2731 τῶν
2973 2681 3055 2741 εἰς
3079 2679 3351 2752 ἡμετέραν
3367 2679 3669 2752 ἐνθύμησιν

2089 2768 2366 2833 ἀνιόντων,
2382 2767 2488 2823 κᾶν
2514 2768 2573 2822 αἱ
2598 2765 2740 2823 θεῖαι
2768 2766 3005 2839 Γραφαὶ,
3031 2767 3218 2841 ὥσπερ
3250 2769 3402 2832 τινὰς
3440 2769 3669 2840 νηπίους

2090 2858 2532 2929 παιδαγωγοῦσαι
2555 2858 2683 2922 τοὺς
2712 2858 3157 2930 ἐντυγχάνοντας,
3188 2859 3669 2932 ἀνθρωπινώτερον

2089 2950 2220 3025 περὶ
2250 2948 2415 3005 αὐτοῦ
2435 2948 2547 3021 (40)
2595 2947 2967 3017 διαλέγωνται,
3009 2952 3195 3021 χεῖρας
3243 2951 3411 3023 αύτῷ,
3450 2953 3543 3005 κα)⁵
3574 2952 3670 3004 πό·

2086 3044 2207 3108 δας,
2227 3043 2322 3097 καὶ
2343 3040 2673 3112 ὀφθαλμοὺς,
2709 3041 2804 3095 καὶ
2821 3042 3021 3111 φωνὰς,
3053 3043 3147 3096 καὶ
3182 3043 3393 3112 λόγους,
3429 3046 3523 3098 καὶ
3548 3046 3669 3098 στό-

421 3140 480 3198 μῈ
509 3143 771 3189 :rternum
807 3144 983 3188 tamen
1011 3145 1066 3187 et
1094 3134 1415 3201 ingenitum,
1456 3148 1623 3189 unum
1654 3142 1816 3204 atque
1845 3133 1986 3187 idem

2094 3151 2258 3207 ματα,
2302 3135 2397 3189 καὶ
2450 3133 2761 3205 πρόσωπον,
2795 3136 2891 3188 καὶ
2934 3136 3102 3209 μυρία
3146 3136 3279 3190 ἄλλα
3327 3136 3551 3190 τοιαῦτα
3583 3156 3673 3190 πε-

414 3242 645 3284 nurnero
676 3243 795 3283 cum
846 3228 977 3296 Deo,
1007 3229 1312 3284 nominibus
1349 3230 1577 3285 diversis
1616 3229 1794 3285 Patris
1827 3237 1989 3298 atque

2097 3225 2437 3297 ριάπτουσαι·
2472 3222 2508 3276 ἃ
2536 3222 2599 3294 δὴ
2623 3223 2736 3295 (Μ)
2777 3225 3044 3295 προσήκει
3078 3225 3404 3296 μεταφέρειν
3431 3225 3524 3277 ἐπὶ
3555 3223 3676 3276 θεο-

416 3319 538 3375 Filii
568 3331 906 3390 usurpatum,
939 3320 1237 3376 substantia
1266 3331 1441 3378 tamen
1466 3322 1608 3379 idem
1635 3329 1697 3377 et
1710 3316 1990 3391 hmini

497 3468 554 3525 >14
592 3461 689 3515 Ed.
725 3460 897 3516 Paris.
950 3476 1073 3532 pag.
1103 3462 1155 3515 5.

493 3559 513 3589 °
545 3557 700 3613 Joan.
739 3572 790 3620 v,
821 3556 912 3611 26.

424 3757 663 3829 ἐνεργῶν
684 3755 762 3821 δέ,
791 3759 848 3829 έν
867 3757 945 3828 τῷ
974 3756 1071 3829 τὴν
1094 3757 1271 3829 κτίσιν
1296 3752 1663 3829 δημιουργεῖν.
1696 3749 1741 3805 Ε
1764 3762 1995 3829 sequen:

429 3819 597 3894 tibus,
620 3819 809 3900 vocem
839 3819 986 3900 illam
1028 3819 1291 3900 ’ἡμετέρῳ
1322 3819 1617 3900 librarius
1657 3819 2000 3900 transcripsit

425 3889 879 3969 otiosus._|_Delevi
909 3889 1240 3969 eam.'|'M.-'-
1259 3889 1397 3949 infra
1426 3892 1674 3955 Ἰουδαῖος
1690 3889 1764 3943 ὧν
1783 3889 2007 3961 scripsi,

499 3967 636 4042 (50⁵)
664 3967 835 4036 Vulgo
875 3967 1108 4035 είσάγοί.

446 4084 450 4089 ·
495 4062 608 4131 (51)
636 4058 749 4116 Καὶ
788 4058 1003 4113 τοῦτον
1047 4056 1201 4131 εἶναι
1258 4057 1470 4131 ἀΐδιον-
1494 4055 1593 4109 καί
1619 4055 1999 4131 ,ἄγξω-πῖον.

472 4122 650 4197 empe,
668 4138 931 4198 quatenus
952 4139 1072 4184 erat
1095 4132 1145 4184 in
1171 4129 1302 4191 Deo,
1331 4126 1481 4198 αύτῷ
1507 4122 1708 4198 συνὼν,
1724 4122 2003 4198 ἡνωμένος

421 4195 592 4272 αὐτῷ.
626 4195 761 4272 Nam
802 4198 1067 4272 alioquin,
1095 4199 1314 4254 ascribit
1341 4195 1633 4272 Eusebius
1682 4199 1823 4272 hanc
1880 4195 1999 4264 opi-

427 4264 644 4326 nionem
670 4264 944 4333 Marcello,
959 4272 1102 4339 quod
1123 4267 1578 4339 quemadmodum
1594 4274 1747 4320 extra
1763 4264 2001 4339 Patrem,

429 4355 625 4410 nempe
649 4342 702 4395 in
724 4335 989 4402 creando,
1013 4335 1297 4410 inceperat
1335 4351 1458 4410 esse
1478 4352 1511 4410 ;_
1532 4336 1613 4390 sic
1640 4343 1696 4390 et
1713 4335 1853 4410 olim
1902 4335 2003 4389 de-

428 4403 638 4466 sineret
666 4425 791 4465 esse
828 4411 969 4478 quod
1021 4403 1159 4473 erat,
1199 4419 1256 4463 et
1286 4408 1339 4461 in
1379 4404 1611 4478 nihilum
1635 4403 1994 4478 redigeretur.

426 4480 598 4549 Quam
626 4495 776 4544 vere,
800 4475 1075 4535 nescimus
1103 4493 1119 4531 :
1141 4488 1287 4532 certe
1318 4477 1579 4549 Eusebius
1600 4477 1688 4549 hic
1712 4475 1978 4549 aria_nisat

428 4544 521 4620 qui
549 4551 721 4620 Λόγον
750 4549 917 4604 ἀΐδιον
943 4555 1254 4620 esseinegat
1288 4557 1346 4602 et
1393 4548 1447 4602 in
1497 4546 1776 4617 ὰγεννήτῳ
1823 4544 1997 4609 ludit;

429 4618 575 4691 quod
596 4618 869 4675 faciebant
899 4619 996 4673 illi.
1039 4618 1113 4675 M.
1408 4646 1411 4647 ν

427 4796 485 4853 p.
503 4709 982 4848 gravatim;
1011 4711 1129 4767 loco
1181 4708 1277 4763 καὶ
1300 4708 1463 4763 αὐτόν
1493 4708 1614 4766 dedi
1639 4725 1655 4775 ;
1695 4707 1765 4763 cf.
1801 4723 1852 4778 p.
1882 4705 1916 4760 6
1943 4705 2004 4770 D,

502 4872 620 4944 (55)
638 4871 757 4944 ,Τὸν
797 4870 1273 4944 mxumum
1303 4869 1735 4944 ὑποδυόμενος.
1784 4868 2010 4944 $emper

432 4938 860 4998 hunc'Marcel'lo
892 4943 1133 5009 objectat
1155 4952 1368 5010 auctor,
1410 4943 1499 5010 qui
1526 4938 1694 5010 Libya
1723 4938 2008 5001 oriundus,

430 5012 765 5067 Ptolemaide
799 5013 1082 5077 nimirum,
1121 5009 1279 5066 Noeti
1321 5009 1617 5080 discipulus
1665 5016 1805 5069 erat,
1840 5023 1868 5060 a
1897 5022 2008 5076 quo

434 5084 766 5152 impietatem
793 5091 1078 5152 acceptam
1109 5081 1259 5152 auxit
1286 5090 1342 5152 et
1370 5079 1636 5141 dilatavit,
1675 5088 1734 5131 ut
1775 5092 1873 5152 u_su
1920 5091 2009 5152 so:

432 5145 722 5207 let'venire
758 5154 810 5206 in
843 5145 1135 5207 haereticis.
1177 5149 1325 5205 Vixit
1350 5151 1495 5203 circa
1546 5162 1747 5201 annum
1793 5145 2006 5201 Domini

429 5223 558 5277 260.
584 5222 908 5276 Trinitatem
928 5223 980 5275 in
1013 5222 1174 5276 unius
1191 5234 1435 5289 personae
1458 5219 1740 5285 angustias
1764 5225 2010 5289 coarcta-

432 5297 530 5359 vit,
560 5304 616 5346 et
645 5293 701 5345 in
736 5292 901 5346 tribus
928 5286 1220 5354 vocabulis,
1254 5289 1589 5359 trinomineut
1625 5289 1810 5349 Deum,
1831 5286 2009 5339 crede-

432 5363 521 5417 bat
550 5378 571 5415 .'
608 5378 726 5415 cum
760 5359 994 5416 Ecclesia
1017 5376 1044 5414 e
1069 5370 1274 5424 contra,
1298 5367 1401 5411 tres
1440 5358 1797 5419 subsistentes,
1833 5371 2006 5419 verus,

430 5435 684 5502 integras,
708 5442 755 5484 et
778 5431 1036 5501 perfectas
1062 5444 1333 5502 personas,
1354 5428 1616 5496 indefessa
1638 5444 1759 5482 voce
1774 5440 2007 5497 pronum

429 5500 643 5565 tiet,‘ait
664 5502 724 5555 Β.
764 5500 1141 5570 Hieronymus.
1174 5500 1245 5553 Μ.

397 5601 411 5646 ι,
503 5570 618 5646 (54)
659 5567 986 5646 Ἐσξιτρέπεὶ
1021 5569 1263 5646 θεσμός.
1310 5567 1441 5646 Erat
1469 5567 1628 5646 enim
1666 5568 1720 5646 in
1762 5567 2011 5646 confesso

402 5636 411 5685 θ
430 5636 689 5709 positum,
718 5636 857 5694 εἶναι
895 5652 952 5697 et
996 5636 1242 5712 προεῗναι
1282 5638 1579 5712 τὸν-ᾼὸγον
1622 5638 1716 5691 τοῦ
1763 5636 1919 5704 Θεοῦ,
1959 5648 2013 5692 et

434 5708 750 5782 quaafseruel
791 5721 947 5765 erant
969 5708 1148 5764 πίστει
1173 5708 1565 5782 παραδοθέντα,
1596 5716 1894 5782 nouerant
1921 5722 2012 5761 vo-

432 5781 609 5836 canda
640 5781 696 5835 in
726 5783 1084 5851 quaestionem
1122 5778 1343 5847 iterum,
1367 5782 1565 5836 nonde
1594 5779 1663 5837 iis
1700 5778 2009 5848 disquiren-

2094 3318 2326 3387 πρεπεῖς
2352 3315 2579 3382 ἐννοίας,
2612 3316 2764 3369 οὐδὲν
2794 3315 2989 3386 θνητὸν
3015 3317 3122 3369 οὐδ’
3147 3315 3483 3387 ἀνθρώπινον
3511 3318 3567 3370 ἐν
3598 3314 3677 3387 τῷ

2105 3747 2229 3816 dum
2258 3745 2708 3816 ambigendumve
2751 3762 2765 3799 :
2803 3745 3011 3815 optimo
3042 3745 3310 3816 instituto,
3358 3753 3412 3800 et
3445 3757 3668 3816 summo

2104 3814 2359 3871 Ecclesia:
2384 3814 2527 3870 bono
2560 3816 2614 3870 in
2647 3830 2800 3869 usum
2828 3814 3151 3870 revocando.
3190 3814 3325 3869 Nam
3374 3814 3670 3882 cuicunque

2107 3886 2359 3949 Cerdoni,
2392 3887 2615 3952 sartori,
2643 3885 2862 3951 textori,
2882 3885 2948 3938 de
2984 3886 3147 3953 rebus
3182 3885 3353 3940 sacris
3377 3884 3672 3954 garriendi,

2110 3965 2304 4011 contra
2359 3970 2447 4011 res
2498 3970 2686 4011 sacras
2733 3955 3037 4009 insaniendi
3073 3955 3295 4024 impune
3322 3954 3673 4024 permittitur,

2110 4036 2425 4095 usurpatur,
2444 4026 2616 4079 ἄδεια.
2640 4026 2864 4095 Videtur
2884 4024 3257 4095 hicAEusebius
3281 4023 3524 4095 jugulum
3541 4093 3550 4095 _
3566 4023 3677 4095 sal-

2110 4104 2216 4149 tem
2237 4092 2409 4164 i—psum
2431 4106 2615 4164 petere
2629 4094 2945 4149 Arianismi.
2973 4092 3099 4164 Erat
3115 4094 3259 4164 enim
3280 4092 3551 4164 illud_Arii
3573 4092 3649 4164 ψή
3673 4128 3681 4135 -

2108 4159 2305 4265 φισμα,
2341 4166 2393 4220 in
2427 4159 2617 4265 primis
2644 4164 2998 4265 κηριὼτατον,
3027 4159 3107 4265 ᾖν
3134 4162 3233 4217 ὅτε
3264 4165 3374 4218 οὐκ
3400 4160 3508 4250 ἦν,
3532 4159 3678 4233 quod

2108 4237 2176 4265 υἱ.
2201 4249 2323 4265 nlui-
2353 4250 2553 4265 nmmum
2622 4250 2692 4265 οη,
2749 4248 2935 4265 mum-un
2964 4235 3029 4265 ui.
3052 4243 3174 4265 ιιι...-
3223 4250 3344 4265 nunt
3374 4245 3422 4265 nl
3460 4250 3593 4265 ραι...
3624 4243 3675 4265 ΔΙ

2107 4231 2323 4289 videtur
2353 4231 2592 4304 neﬁare!
2621 4231 2936 4290 sed'revera
2964 4231 3193 4297 videtur,
3222 4250 3344 4287 nam
3373 4231 3435 4288 et
3458 4231 3596 4288 εἶναι
3623 4243 3680 4286 et

2105 4309 2351 4377 προεῖναι
2376 4308 2677 4361 concedere
2697 4304 2848 4377 illum
2881 4311 3153 4377 poterant,
3179 4313 3242 4377 et_
3262 4318 3449 4359 revera
3477 4318 3680 4377 conce-

2105 4371 2325 4437 debant,
2358 4391 2456 4429 nec
2483 4374 2881 4445 tamenabilla
2930 4371 3059 4445 δὸξᾳ
3114 4372 3281 4445 κυρίᾳ
3328 4374 3678 4445 recedebant,

2104 4445 2209 4515 πρὸ
2228 4447 2436 4517 χρόνων
2465 4440 2603 4517 εἶναι
2634 4443 2726 4496 τὸν
2773 4442 2900 4517 Υίὸν
2934 4440 3140 4517 ἔλεγον,
3166 4440 3520 4517 ⁵πεποιῆσθαι
3550 4442 3682 4517 μένε-

1983 4515 1998 4572 3
2034 4520 2077 4575 D
2104 4512 2208 4580 τοι,
2230 4512 2328 4569 καὶ
2347 4515 2444 4569 ἓνα
2473 4513 2579 4568 τῶν
2616 4513 2928 4583 κτισμάτων
2970 4512 3131 4583 αὐτὸν
3161 4512 3459 4578 ἐδίδασκον,
3508 4512 3566 4567 ut
3606 4513 3684 4565 lo-

2153 4588 2298 4640 uitur
2332 4600 2558 4654 magnus
2579 4581 2932 4648 Athanasius,
2970 4581 3043 4635 De
3085 4586 3285 4651 synodo
3314 4582 3679 4654 Ariminensi.

2159 4670 2332 4725 empe,
2378 4651 2504 4709 ante
2547 4653 2682 4707 alias
2730 4666 2920 4725 omnes
2969 4664 3255 4725 creaturas
3301 4653 3502 4707 factum
3546 4651 3684 4705 late-

2110 4721 2331 4791 bantur,
2364 4739 2470 4778 non
2514 4733 2690 4777 tamen
2734 4721 2803 4776 ab
2843 4732 3068 4793 aeterno.
3105 4722 3315 4777 Inﬁnita
3356 4724 3554 4793 quippe
3585 4736 3685 4776 sa:-

2110 4796 2227 4849 cula
2242 4795 2294 4848 in
2318 4793 2620 4849 aeternitate
2638 4790 2993 4862 κοσμοποιίαν
3013 4790 3685 4847 antevertisse‘doccbant.

2112 4866 2290 4932 Atque
2322 4865 2399 4917 ita
2430 4862 2697 4932 Eusebius
2724 4863 2779 4916 in
2813 4863 2938 4932 ﬁdei
2969 4878 3080 4917 suae
3119 4862 3356 4927 ἐκθέσει,
3383 4877 3544 4931 quam
3586 4862 3686 4915 Ec-

2109 4931 2290 4988 cleSiae
2358 4933 2609 4997 ascribit,
2659 4931 2827 4986 Deum
2882 4931 3097 4987 Patrem
3159 4932 3456 5002 ἀγέννητον
3506 4940 3687 5002 vocat,

2110 5003 2307 5058 Filium
2334 5003 2531 5057 fatetur
2555 5002 2716 5074 μόνον
2732 5002 2825 5055 καὶ
2844 5002 3139 5074 μονογενῆ,
3154 5000 3459 5074 nouantem
3478 5000 3681 5074 ᾁῐδίως.

2112 5074 2217 5126 Sed
2250 5089 2348 5126 nec
2382 5075 2468 5126 illa
2505 5064 2623 5140 quae
2649 5088 2771 5126 mox
2807 5064 3069 5135 annectit,
3095 5064 3239 5124 ’Θεὸν
3288 5088 3347 5125 τε
3391 5070 3574 5140 αὐτὸν,
3609 5064 3681 5140 ὡς

2110 5142 2326 5212 ἀληθῶς
2348 5143 2475 5196 Υἱὸν
2500 5136 2629 5196 δ’ντα
2667 5140 2825 5207 Θεοῦ,
2861 5140 3167 5211 γνωρίζειν,
3197 5143 3263 5195 ab
3294 5136 3604 5212 Artauisnto
3626 5136 3681 5187 il-

2113 5208 2219 5265 luni
2249 5216 2576 5276 excludunt;
2599 5228 2723 5267 nam
2750 5208 2935 5264 Ariani
2965 5208 3098 5265 liocd
3117 5213 3303 5271 ubam,
3333 5208 3425 5258 sed
3444 5214 3685 5276 creatum

2113 5292 2288 5338 tamen
2312 5300 2326 5347 ;
2362 5293 2417 5336 et
2444 5285 2509 5336 de
2536 5271 2635 5336 οῦκ
2660 5280 2828 5335 ὄντων
2862 5282 2977 5334 vide
2991 5276 3332 5329 Athamorat.
3364 5289 3448 5347 tu.
3467 5271 3541 5329 Μ.

2184 5352 2295 5423 (55)
2331 5352 2533 5424 Θάρσει
2564 5355 2680 5424 loco
2712 5350 2902 5423 θράσει
2928 5361 2995 5402 ex
3028 5358 3170 5401 corr.
3206 5346 3405 5417 recepi.

2186 5424 2300 5491 (56)
2341 5423 2466 5478 Dele
2488 5423 2608 5476 καί.

2184 5493 2296 5566 (5?)
2327 5492 2497 5566 Yulso
2530 5492 2624 5566 καὶ
2652 5505 2770 5561 μονσ

2186 5561 2298 5633 (58)
2327 5561 2497 5633 νυιέο
2534 5562 2614 5633 δέ.

2185 5628 2297 5706 (ὗὲ)
2329 5628 2501 5706 Χυὲἑο
2524 5628 2843 5706 ᾁνῖιὲιέγειν.

2186 5699 2300 5775 (40)
2329 5699 2501 5775 Euléo
2522 5699 2877 5775 διαλέγονται.

2188 5770 2299 5846 (41)
2336 5772 2507 5827 Viduo
2535 5770 2597 5823 δέ
