4116 6370
434 421 531 470 791

1575 416 1859 473 CONTRA
1895 418 2327 474 MARCELLUM
2368 419 2497 474 LIB.
2539 423 2580 478 1.

3598 429 3696 480 7'2"!

434 534 552 606 Θεῷ
586 529 722 586 εἶναι
750 531 1211 603 φανταζομένους.
1245 533 1489 602 Πνεῦμα
1519 533 1628 604 γὰρ
1668 537 1700 588 ό
1735 535 1878 600 Θεὸς
1919 536 2016 588 καὶ

2128 551 2288 588 unum
2317 539 2694 605 eumdemque,
2725 538 2769 591 is
2801 538 3040 606 profecto
3073 538 3368 593 Sabellium
3401 547 3570 594 totmn
3599 542 3696 595 sibi

436 627 575 694 τοὺς
612 625 1108 694 προσκυνοῦντας
1147 623 1305 690 αὑτῷ
1334 626 1404 679 ἐν
1431 628 1723 697 πνεύματι
1746 630 1844 680 καὶ
1871 629 2015 695 ἀνίη-

435 720 562 787 Οείᾳ
607 717 702 771 δεῖ
740 718 1132 784 προσκυνεῖν,
1175 717 1338 780 αὐτὸς
1378 717 1663 782 ἐδίδαξενὸ
1688 719 1902 790 Σωτήρ.
1953 722 2014 772 Εἰ

432 810 488 862 δὲ
527 809 760 878 πνεῦμα,
792 807 949 878 δῆλον
979 809 1059 862 ὅτι
1097 808 1259 872 θεῖον,
1297 811 1540 880 κρεῖττον
1575 811 1775 872 παντὸς
1826 810 2017 880 αἰσθη-

431 918 523 953 του
551 899 646 953 καὶ
679 899 933 952 συνθέτου
965 900 1232 972 σώματος·
1272 901 1347 964 ὡς
1385 903 1519 972 μήτε
1543 902 1736 972 Λόγον
1761 901 2016 973 αἰσθητὸν

432 993 575 1063 ἔχειν
605 992 712 1044 ὑπὸ
727 990 974 1063 γλώττης
1005 992 1116 1063 (42)
1147 992 1525 1064 ἐξηχούμενον,
1563 994 1657 1046 καὶ
1699 993 1785 1045 διὰ
1814 1011 2018 1064 προφο-

432 1085 532 1155 ρᾶς
556 1083 773 1154 θνητοῖς
809 1084 942 1137 ὠσὶν
971 1085 1380 1156 ὲξακουόμενον,
1418 1087 1555 1156 μήτε
1588 1084 1852 1152 γλῶτταν,
1881 1087 2016 1157 μήτε

431 1176 636 1246 φωνὴν,
669 1176 807 1246 μήτε
825 1176 1148 1253 πρόσωπον,
1181 1177 1317 1247 μήτε
1335 1175 1461 1229 ἄλλο
1486 1175 1664 1246 θνητῷ
1687 1178 1780 1230 καὶ
1807 1176 2016 1246 ἀνθρω-

428 1268 572 1339 πίνῳ
605 1267 852 1340 λογισμῷ
899 1269 1400 1340 παραϐαλλόμενον.
1449 1270 1511 1322 Εἰ
1566 1270 1674 1340 γάρ
1711 1287 1762 1322 τι
1801 1269 1950 1334 ἄλλο,
1985 1269 2016 1322 ὃ

430 1359 741 1428 ὀφθαλμὸς
773 1362 883 1414 οὐκ
904 1357 1087 1425 εἶδεν,
1122 1360 1263 1414 οὐδὲ
1291 1357 1401 1428 οὖς
1423 1361 1713 1429 ἤκουσεν,
1741 1362 1882 1416 οὐδὲ
1919 1362 2019 1415 ἐπὶ

430 1452 546 1519 τὴν
602 1451 712 1522 (45)
749 1452 1001 1520 καρδίαν
1034 1452 1349 1520 ἀνθρώπου
1401 1456 1513 1507 οὐκ
1552 1454 1757 1522 ἀνέϐηο
1792 1453 2016 1526 (τοιαῦτ’

430 1538 589 1608 εἶναι,
608 1544 646 1596 ἁ
669 1545 998 1614 ἡτοίμασεν
1030 1548 1062 1598 ό
1091 1545 1235 1610 Θεὸς
1267 1545 1582 1615 ἀγαπῶσιν
1603 1546 1810 1612 αὑτὸν,
1833 1549 1861 1600 6
1876 1548 2020 1612 θεῖος

430 1634 666 1702 ἐδίδαξεν
710 1638 1074 1710 Ἀπόστολος)
1108 1639 1314 1694 τούτων
1341 1641 1597 1694 ἁπάντων
1626 1640 1808 1703 αὐτὸς,
1839 1641 1867 1692 6
1897 1639 2020 1692 τού-

429 1744 537 1780 των
568 1727 730 1799 δοτὴρ
753 1729 1006 1800 ἀρρήτων
1038 1729 1104 1784 ἂν
1128 1730 1215 1802 εἴη
1241 1731 1625 1804 ἀρρητότερος·
1653 1732 1712 1794 ὃς
1750 1732 1862 1804 (4-4)
1900 1731 2021 1784 πολ-

430 1818 507 1890 λῷ
549 1819 745 1890 μᾶλλον
799 1820 1161 1895 ἀληθέστερον
1210 1824 1344 1896 φαίη
1390 1822 1455 1877 ἂν
1505 1826 1561 1876 ἐν
1589 1827 1655 1895 τῇ
1689 1825 1817 1896 περὶ
1852 1825 2015 1878 αὐτοῦ

2120 611 2330 680 induit:
2366 630 2433 679 ab
2469 627 2555 679 illa
2599 626 2770 696 gratia
2804 637 2859 680 et
2893 629 3201 696 cognitione
3239 629 3447 683 alienus
3478 631 3697 695 excidit,

2117 732 2237 785 qua:
2269 732 2363 786 per
2396 716 2671 772 Christum
2715 728 2813 771 est.
2853 718 3166 788 Disquirere
3211 735 3315 773 non
3358 722 3564 789 patitur
3596 721 3697 774 Ec-

2119 806 2296 861 clesiae
2316 808 2423 872 lex,
2450 809 2644 861 nedum
2667 807 3020 864 subdubitare
3053 826 3172 873 nos,
3193 821 3286 863 aut
3323 811 3696 880 vocarc'inter-

2120 898 2361 966 rogando
2391 899 2442 951 in
2473 899 2846 968 quzestionem,
2895 910 3072 954 utrum
3122 901 3212 955 Dei
3245 900 3414 955 Filius
3457 902 3696 970 unigeni-

2121 999 2229 1054 tus,
2263 1001 2374 1043 erat
2396 1029 2410 1054 ,
2441 1000 2494 1043 et
2526 1001 2652 1047 ante
2685 994 2864 1047 omnia
2884 994 3294 1062 pra’exsistebat.
3327 994 3494 1048 Docet
3521 1003 3697 1047 autem

2120 1081 2228 1135 ﬁde
2256 1082 2564 1146 ratihabita,
2613 1095 2667 1138 et
2715 1100 2836 1137 cum
2867 1100 3074 1138 summa
3118 1084 3444 1139 confidentia
3478 1087 3697 1153 prolite-

2122 1181 2229 1237 tur,
2291 1173 2456 1226 Deum
2515 1178 2596 1230 sui
2647 1173 2765 1228 Filii
2813 1175 3072 1244 unigeniti
3124 1191 3244 1230 esse
3292 1176 3543 1242 Patrem,
3595 1194 3700 1232 non

2121 1276 2302 1320 autem
2339 1266 2552 1320 Patrem
2583 1282 2703 1320 esse
2732 1265 2950 1332 Filium,
2986 1267 3064 1321 vel
3098 1267 3288 1321 Filium
3317 1284 3439 1323 esse
3464 1270 3698 1324 Patrem.

2120 1358 2274 1413 Hunc
2334 1374 2452 1414 esse
2515 1360 2849 1429 ingenitum,
2899 1368 3197 1424 mternum,
3243 1360 3360 1415 sine
3414 1362 3702 1430 principio,

2119 1454 2353 1523 primum
2415 1464 2470 1508 et
2521 1453 2734 1517 solum,
2793 1450 3005 1505 Patrem
3058 1451 3417 1505 adorandum.
3478 1452 3632 1506 Illum
3674 1469 3704 1504 a

2123 1543 2284 1598 Patre
2318 1559 2417 1598 suo
2447 1545 2716 1613 genitura,
2747 1543 3155 1606 subsistentem,
3186 1543 3358 1597 solum
3391 1543 3617 1609 Filium,
3652 1553 3710 1598 et.

2122 1633 2477 1701 unigenitum.
2510 1632 2676 1686 Deum
2706 1634 2850 1687 hunc
2880 1635 3122 1704 agnoscit
3151 1649 3402 1689 veracem
3442 1650 3584 1703 esse,
3618 1646 3708 1690 ut-

2121 1734 2244 1794 pote
2270 1741 2392 1780 cum
2434 1725 2528 1779 Dei
2556 1725 2781 1779 exsistat
2818 1725 3008 1781 Filius.
3056 1724 3154 1780 Cui
3194 1727 3238 1778 si
3279 1726 3398 1795 quis
3432 1728 3708 1781 contradi-

2125 1835 2248 1875 cere
2305 1820 2586 1874 sententiae
2649 1831 2978 1888 praesumat,
3051 1827 3105 1873 et
3177 1819 3268 1872 Dei
3328 1818 3566 1874 Verbum
3634 1819 3707 1872 illi

431 1885 695 1986 θεολογίᾳ·
723 1885 1034 1985 ὀφθαλμὸν
1064 1885 1150 1986 in)
1182 1885 1522 1984 ἑωραλιέναι,
1560 1885 1715 1985 μηδὲ
1743 1885 1852 1982 οὖς
1881 1916 2020 1983 ἀκη-

2128 1912 2284 1968 verbo
2316 1926 2411 1980 per
2434 1910 2612 1964 omnia
2659 1909 3064 1976 assimilaverit,
3109 1909 3251 1978 quod
3303 1909 3356 1963 in
3406 1909 3712 1964 hominibus

429 2003 652 2068 κοέναι,
674 2005 830 2074 μηδὲ
861 2008 958 2061 ἐπὶ
989 2008 1240 2078 καρδίαν
1251 2008 1576 2077 ἀνθρώπων
1594 2008 2021 2076 ἀναϐεϐηκέναι

427 2096 528 2167 τῆς
556 2099 684 2168 περὶ
720 2099 884 2152 αὐτοῦ
925 2101 1283 2171 καταλήψεως
1319 2101 1418 2172 τὴν
1449 2102 1673 2170 γνῶσιν.
1713 2100 1770 2153 Ὀ
1792 2101 1836 2153 δ’
1860 2100 2022 2163 αὐτὸς

429 2188 496 2240 ἂν
542 2190 625 2260 εῐη
668 2190 824 2258 λόγος
851 2193 946 2244 καὶ
987 2193 1118 2262 περὶ
1150 2192 1252 2261 τῆς
1294 2192 1386 2245 τοῦ
1421 2192 1554 2245 Υἱοῦ
1587 2193 2018 2264 γενεσιουργίας.

430 2277 651 2333 Τούτων
683 2279 728 2332 δ’
759 2280 921 2344 αὐτὸς
947 2284 974 2334 6
1000 2283 1193 2353 Σωτὴρ
1248 2282 1546 2354 ἀξιόχρεως
1577 2284 1774 2352 γένοιτ’
1798 2284 1863 2337 ἂν
1893 2285 2023 2354 ἡμῖν

433 2365 781 2441 ἱεροφάντης,
822 2365 925 2425 ὧδέ
953 2390 1029 2443 πη
1080 2373 1327 2441 φάσκων·
1365 2375 1570 2430 Πάντα
1592 2373 1695 2444 μοι
1726 2375 2022 2445 παρεδόθη

431 2460 550 2513 ὑπὸ
573 2463 680 2517 τοῦ
717 2467 946 2534 Πατρός
965 2484 1105 2534 μου·
1137 2470 1230 2522 κα)⁸
1268 2469 1479 2536 Οὐδείς
1511 2470 1891 2539 ἐπιγινώσκει
1920 2469 2026 2523 τὸν

440 2552 578 2604 Υίὸν
602 2555 653 2606 εὶ
668 2554 755 2623 μὴ
811 2558 844 2609 ό
876 2558 1104 2628 Πατὴρ,
1139 2560 1283 2614 οὐδὲ
1323 2561 1429 2614 τὸν
1459 2560 1691 2628 Πατέρα
1723 2579 1812 2627 τις
1839 2563 2025 2630 ἐπιγι-

430 2647 719 2703 νώσκειεὶ
745 2647 831 2717 μὴ
884 2651 916 2702 d
966 2651 1117 2715 Υἱός.
1156 2652 1218 2703 Ei
1268 2651 1333 2722 δὴ
1383 2647 1476 2705 οὖν
1508 2652 1718 2716 τούτοις
1749 2655 1845 2724 μὲν
1873 2656 2024 2707 ἀντι-

431 2735 724 2806 φθέγγοιτό
758 2754 862 2801 τις,
901 2738 994 2791 καὶ
1046 2738 1119 2809 μὴ
1153 2738 1243 2790 τὸν
1276 2739 1427 2802 Υίὸν,
1486 2732 1530 2807 ᾧ
1572 2740 1746 2793 πάντα
1782 2739 2028 2810 παρέδω-

431 2845 526 2882 κεν
552 2830 580 2881 ὁ
613 2827 804 2901 Πατὴρ
835 2829 1133 2898 ὑφεστάναι
1165 2829 1276 2899 (45)
1305 2829 1482 2898 λέγειν
1500 2829 1742 2901 τολμῴη,
1771 2832 1944 2900 Λόγον
1971 2833 2027 2886 δὲ

431 2919 594 2973 αὑτὸν
633 2919 867 2992 ὁρίζοιτο
910 2921 1090 2991 μόνον,
1122 2922 1306 2992 ὅμοιον
1344 2921 1421 2992 τῷ
1453 2923 1510 2976 ἐν
1538 2920 1867 2994 ἀνθρώποις,
1899 2926 2029 2978 ποτὲ

434 3013 534 3083 μὲν
562 3014 619 3066 ὲν
651 3011 728 3083 τῷ
754 3011 872 3084 Θεῷ
929 3012 1294 3084 ἡσυχάζοντα,
1342 3015 1545 3085 ὁμοίως
1594 3015 1673 3086 τῷ
1717 3019 1847 3088 παρ’
1899 3019 2028 3088 ἡμῖν

434 3104 731 3169 σιωπῶντι,
777 3105 905 3158 ποτὲ
935 3106 991 3158 δὲ
1021 3105 1370 3177 ἐνεργοῦντα,
1399 3105 1476 3177 τῷ
1506 3109 1636 3179 παρ’
1663 3111 1818 3180 ἡμῖν,
1846 3111 1902 3162 ἐν
1951 3109 2028 3180 τῷ

431 3197 634 3261 λαλεῖν,
662 3197 1020 3268 φθεγγομένῳ
1053 3199 1475 3269 ιιταριιιττλησίως⁸
1509 3195 1628 3251 εἶτα
1651 3200 1838 3254 τοῦτον
1864 3202 2026 3255 αὑτὸν

432 3285 610 3357 καιρῷ
636 3305 764 3350 τινι,
795 3288 906 3340 οὐδ’
939 3286 1048 3356 (46)
1088 3287 1225 3341 ὅλων
1266 3287 1404 3340 ὲτῶν
1431 3287 1742 3360 ἔμπροσθεν
1763 3308 2023 3362 τετρακο-

437 3377 588 3440 σίων,
629 3379 807 3449 σάρκα
854 3379 1016 3450 φησὶν
1064 3377 1183 3447 (οὐκ
1209 3373 1302 3430 οἷδ’
1333 3379 1503 3448 ὅπως)
1532 3380 1901 3452 ἀνειληφέναι,
1934 3385 2027 3436 καὶ

432 3468 500 3522 δι’
528 3469 696 3541 αὐτῆς
718 3469 834 3538 τὴν
857 3461 972 3524 κατ’
1000 3470 1284 3541 ἄνθρωπον
1315 3473 1663 3542 οἰκονομίαν
1679 3474 1791 3544 (47)
1815 3475 2027 3528 τετελε-

432 3561 608 3626 κὲναι,
631 3565 724 3616 καὶ
747 3563 859 3634 (48)
900 3564 1022 3616 τότε
1076 3564 1214 3619 Υίόν
1250 3564 1399 3620 Θεοῦ
1430 3565 1738 3634 γεγονέναι,
1772 3568 1867 3620 καὶ
1915 3568 2026 3635 Ἰη-

431 3657 585 3711 σοῦν
613 3659 873 3727 Χριστὸν
907 3659 1266 3730 χρηματίσαι,
1300 3659 1570 3724 ,ϐασιλέα
1597 3677 1660 3713 τε
1685 3659 1796 3731 (49)
1824 3661 2024 3731 ἀναγο-

435 3749 681 3821 ρεῦσθαι,
698 3752 904 3805 εἰκόνα
924 3769 987 3804 τε
1019 3751 1125 3805 τοῦ
1149 3751 1297 3806 Θεοῦ
1326 3751 1434 3806 τοῦ
1457 3752 1734 3821 ἀοράτου,
1764 3754 1861 3807 καὶ
1878 3771 2030 3823 πρω-

432 3843 686 3896 τότοκον
729 3842 934 3910 πάσης
976 3845 1250 3911 κτίσεως,
1303 3844 1378 3914 μὴ
1410 3843 1538 3897 ὄντα
1578 3845 1846 3919 πρότερον
1876 3863 2028 3910 ποτε,

433 3932 828 4004 ἀποδεδεῖχθαιο
875 3930 972 3986 εἴτ’
1018 3936 1113 3988 ἐπὶ
1161 3938 1228 4008 τῇ
1268 3937 1506 4010 τοσαύτῃ
1536 3937 1755 4009 ἀτοπίᾳ,
1804 3939 1926 4008 μηδ’
1973 3938 2031 4004 ἐξ

434 4017 608 4096 οὗπερ
642 4025 756 4093 (50)
796 4025 1030 4078 ὑπέθετο
1059 4025 1255 4097 χρόνου
1281 4027 1379 4098 τὴν
1409 4029 1489 4091 εἰς
1520 4027 1747 4101 ἄπειρον
1781 4031 1875 4083 καὶ
1907 4032 2033 4084 ἀτε-

433 4113 692 4185 λεύτητον
709 4113 852 4188 ζωήν
867 4133 927 4168 τε
945 4115 1037 4169 καὶ
1053 4116 1327 4186 βασιλείαν
1342 4115 1422 4187 τῷ
1437 4118 1609 4189 Χριστ
1624 4119 1653 4187 ξῗέ
1671 4119 1863 4183 διδούς·
1879 4120 2031 4183 τέλος
2060 4115 2065 4124 ’

431 4205 492 4260 δὲ
507 4207 656 4278 αὐτῷ
679 4207 800 4278 μηδ’
821 4209 995 4261 αἶσιον
1012 4207 1231 4277 ἐπάγοι,
1256 4209 1376 4280 μηδ’
1395 4205 1504 4263 οἷον
1518 4213 1630 4274 τοῖς
1652 4211 1718 4264 δι’
1735 4212 1900 4266 αὐτοῦ
1917 4212 2030 4267 τῶν

433 4298 779 4366 ἐπαγγελιῶν
829 4299 1398 4371 καταξιωθησομένοις
1420 4344 1433 4366 ,
1471 4295 1546 4356 ὧν
1579 4303 1740 4368 αὐτὸς
1772 4306 1801 4357 6
1836 4306 2028 4378 Σωτὴρ

433 4389 790 4461 ἐπήγγελται,
810 4391 955 4462 ζωήν
970 4408 1028 4444 τε
1044 4389 1262 4445 αἰώνιον
1284 4393 1378 4445 καὶ
1401 4393 1708 4465 ἀφθαρσίαν
1726 4397 2027 4452 ἀθανασίαν

431 4497 494 4533 τε
519 4482 614 4534 καὶ
649 4480 927 4551 βασιλείαν
977 4482 1252 4554 οὐρανῶν,
1303 4483 1429 4550 τοῖς
1483 4485 1798 4556 ἀγαπῶσιν
1839 4489 2026 4543 αὑτὸν

2125 2008 2431 2074 reperitur:
2466 2005 2509 2058 si
2554 2018 2650 2058 nec
2700 2004 2902 2072 cogitet
2935 2018 3141 2068 secum,
3175 2017 3276 2056 nec
3311 2002 3495 2056 animo
3544 2001 3714 2056 revol-

2121 2105 2242 2162 vat,
2293 2095 2426 2148 nihil
2476 2094 2608 2161 Deo,
2663 2109 2918 2165 supremo
2954 2109 3134 2147 rerum
3174 2094 3416 2148 omnium
3447 2093 3708 2162 principi,

2122 2202 2242 2242 esse
2291 2188 2652 2257 alliugendum
2698 2187 2839 2256 quod
2887 2187 2954 2240 sit
2999 2185 3228 2240 mortale
3280 2197 3333 2239 et
3368 2185 3711 2239 humanum:

2124 2277 2234 2331 imo
2260 2293 2327 2332 ne
2369 2278 2585 2347 quidem
2620 2275 2914 2330 illiusmodi
2962 2276 3163 2345 aliquid
3196 2291 3315 2345 quae
3351 2291 3447 2331 nos
3478 2276 3714 2331 solemus

2125 2369 2306 2424 animo
2331 2380 2385 2425 et
2425 2369 2752 2438 cogitatione
2783 2369 3268 2436 comprehendere,
3314 2378 3588 2436 utcunque
3635 2369 3717 2422 iu-

2129 2465 2337 2518 terdum
2384 2461 2678 2532 Scriptura:
2729 2476 2938 2527 sacrm,
2987 2463 3115 2516 dum
3168 2470 3422 2530 tanquam
3467 2459 3718 2529 puerulos

2127 2557 2358 2612 lectores
2391 2555 2664 2621 erudiunt,
2704 2554 3012 2609 humanitus
3043 2555 3110 2607 de
3149 2553 3258 2607 Deo
3297 2553 3443 2622 loqui
3481 2551 3716 2616 soleant,

2126 2647 2254 2700 dum
2307 2661 2496 2699 manus
2532 2646 2630 2707 illi,
2668 2643 2887 2708 oculos,
2926 2645 3110 2713 pedes,
3161 2659 3370 2706 vocem,
3412 2643 3596 2705 verba,
3634 2657 3717 2704 os,

2130 2739 2357 2804 vultum,
2389 2747 2442 2793 et
2473 2748 2732 2793 sexcenta
2764 2735 2992 2806 hujusce
3028 2736 3246 2806 generis
3275 2744 3469 2790 caetera
3505 2735 3716 2789 soleant

2129 2834 2411 2903 adaptare,
2464 2846 2584 2898 quae
2637 2844 2734 2884 nos
2793 2829 2974 2882 omnia
3035 2837 3251 2897 oportet
3297 2830 3362 2880 ad
3420 2827 3720 2881 diviniores

2132 2924 2429 2978 transferre
2475 2922 2855 2992 cogitationes,
2889 2936 2986 2974 nec
3019 2921 3285 2975 ullatenus
3332 2919 3617 2988 imaginari
3666 2918 3718 2971 in

2133 3017 2240 3070 Deo
2274 3016 2496 3070 humani
2547 3015 2842 3084 quidquam
2883 3014 2964 3068 vel
3001 3015 3163 3067 etiam
3200 3010 3429 3066 mortale
3463 3011 3717 3065 residere.

2131 3109 2268 3162 Deus
2302 3108 2504 3162 etenim
2536 3108 2753 3176 spiritus
2785 3117 2896 3170 est,
2939 3115 2987 3158 et
3025 3108 3111 3176 qui
3162 3105 3388 3158 adorant
3427 3102 3629 3166 Deum,
3667 3103 3721 3155 in

2055 3225 2099 3284 ρ
2130 3202 2319 3268 spiritu
2371 3201 2525 3254 illum
2551 3209 2598 3253 et
2635 3201 2859 3254 veritate
2893 3200 3122 3252 adorare
3163 3197 3348 3250 debent
3374 3197 3416 3263 ⁷,
3462 3196 3721 3264 quemad-

2135 3294 2355 3348 modum
2403 3293 2666 3348 Servator
2713 3307 2813 3345 nos
2849 3291 3026 3345 docet.
3071 3290 3224 3357 Quod
3278 3289 3321 3343 si
3369 3298 3549 3341 autem
3579 3288 3720 3342 Deus

2133 3386 2358 3455 spiritus
2388 3386 2476 3446 sit,
2507 3385 2727 3438 omnino
2759 3392 2970 3438 constat
2999 3398 3118 3437 esse
3159 3397 3281 3436 eum
3328 3380 3496 3433 multo
3530 3379 3720 3434 melio-

2134 3491 2246 3530 rem
2291 3486 2344 3530 et
2381 3473 2854 3544 praestantiorem,
2907 3486 3231 3540 quacunque
3277 3485 3334 3523 re
3383 3469 3627 3523 sensibili
3666 3479 3722 3522 et

2133 3577 2384 3622 concreta
2412 3584 2427 3620 :
2459 3566 2600 3619 unde
2633 3567 2745 3630 tiel,
2777 3575 2836 3619 ut
2883 3580 2981 3618 nec
3027 3562 3255 3617 Verbum
3301 3563 3495 3617 habeat
3525 3563 3723 3631 linguae

2133 3673 2268 3713 sono
2297 3657 2648 3728 prolatitium,
2674 3663 2728 3709 et
2758 3671 2853 3724 per
2881 3655 3078 3723 linguae
3103 3655 3461 3724 prolationem
3492 3653 3722 3708 aliormn

2136 3754 2358 3809 auribus
2389 3755 2718 3807 insinuatum
2748 3771 2759 3806 :
2793 3753 2884 3807 sed
2923 3765 3020 3804 nec
3053 3749 3326 3819 linguam,
3361 3763 3572 3813 vocem,
3606 3748 3722 3801 vul-

2140 3855 2283 3906 tum,
2331 3853 2425 3898 aut
2473 3843 2618 3898 aliud
2658 3844 2982 3913 quidquam.
3035 3842 3180 3910 quod
3227 3841 3462 3893 lmmaua
3508 3838 3724 3892 ratione

2136 3935 2521 3991 constituatur.
2579 3933 2858 4004 Siquidem
2915 3933 3061 3986 aliud
3112 3932 3404 4001 quidquam
3457 3932 3720 3992 exsistat,

2137 4031 2280 4099 quod
2314 4044 2414 4084 nec
2444 4029 2632 4082 oculus
2660 4028 2813 4092 vidit,
2851 4042 2949 4080 nec
2981 4025 3193 4079 audivit
3219 4025 3387 4088 auris,
3419 4038 3518 4079 nec
3551 4024 3602 4076 in
3629 4039 3723 4076 cur

2141 4121 2436 4177 humanum
2483 4119 2728 4174 ascendit
2760 4120 2876 4189 ejus
2917 4117 3220 4188 COgitatio:
3253 4117 3553 4186 cuiusmodi
3601 4131 3723 4169 esse

2138 4213 2228 4270 illa
2264 4215 2422 4269 docet
2463 4228 2563 4267 nos
2605 4211 2918 4280 Apostolus,
2977 4225 3098 4278 qua:
3132 4207 3466 4278 diligentibus
3509 4223 3564 4260 se
3611 4205 3721 4259 Do-

2138 4309 2311 4363 minus
2341 4305 2736 4375 praeparavit":
2765 4312 2876 4357 ιιιιη
2907 4313 3054 4357 certe
3085 4303 3274 4355 horum
3304 4299 3544 4353 omnium
3569 4300 3724 4352 dator

2139 4401 2313 4466 Deus,
2365 4397 2823 4454 inenarrabilibus
2858 4405 2944 4451 est
2999 4393 3462 4449 inenarrabilior:
3498 4397 3556 4455 >14
3588 4391 3724 4444 adeo

2135 4494 2276 4549 utin
2315 4492 2525 4548 ratione
2559 4492 2627 4545 de
2661 4491 2768 4545 Deo
2828 4487 3132 4557 theologica
3168 4485 3520 4548 instituenda,
3557 4483 3725 4536 multo

436 4572 824 4645 ὑποσχόμενος·
851 4575 1151 4647 τηνικαῦτα
1180 4577 1237 4630 δὲ
1264 4579 1408 4629 κατὰ
1435 4579 1535 4649 τὴν
1564 4581 2024 4656 προσδοκωμένην

2136 4594 2283 4644 certe
2315 4586 2518 4643 rectius
2565 4582 2903 4655 pronuntiari
2947 4589 3143 4651 queat,
3185 4577 3391 4632 oculum
3435 4593 3597 4646 neque
3643 4577 3723 4628 ai-

509 4711 696 4782 μΙιΕιξ.
730 4710 931 4777 Paris.,
968 4728 1092 4782 pag.
1125 4716 1178 4768 6.

506 4783 525 4814 "
564 4781 722 4838 Joan.
751 4799 825 4848 tv,
853 4784 944 4838 24.
1023 4781 1060 4815 ⁸
1081 4781 1097 4835 Ι
1122 4786 1245 4839 αυτ.
1276 4801 1334 4852 ιι,
1361 4787 1412 4842 9.
1505 4827 1516 4838 .

508 4947 624 5022 με)
657 4949 1063 5022 Mil-£57170?“-

535 5020 624 5094 ᾧ)
654 5022 781 5094 Dele
812 5020 934 5094 τήν.
959 5020 1082 5094 Mor;
1107 5020 1268 5092 vulgo
1295 5022 1496 5094 δωτήρ.

537 5089 628 5182 ἐξ)
654 5091 827 5182 Υξρεο
849 5089 1006 5182 iis:
1032 5090 1192 5182 ita"-
1208 5089 1405 5182 ἔκηε),
1426 5089 1608 5182 seu:
1636 5111 1649 5157 ς
1685 5093 1810 5182 .l'v-
1862 5096 2026 5182 ,φαίηο

444 5159 805 5235 φαίνῃζιηξιῖα
849 5164 1014 5235 vulgo
1034 5179 1257 5233 γεννησ.
1302 5159 1351 5214 εἰ
1381 5159 1650 5218 omittitur
1679 5165 1724 5217 δ’
1758 5159 2031 5235 βοείτοῦ-

439 5231 856 5305 τωνλμῡιξηιίιιιιε
889 5231 1124 5305 blind-rp.
1158 5231 1344 5305 πατήρ
1373 5235 1497 5305 loco
1533 5235 1745 5305 Σωτήρ.

517 5297 627 5369 (45)
644 5297 826 5377 ’Λέγει
847 5297 1086 5377 ’τολμῶν
1112 5297 1449 5374 νιιὶςοᾞΜρ.
1475 5304 1653 5372 λέγειν
1675 5297 1886 5377 τολμᾷ;
1922 5317 2031 5363 sta-

445 5361 988 5440 ιίηἰνιιιεοξνὴμῖν.
1205 5361 1291 5373 ν·
1399 5361 1412 5374 ·
1547 5361 1559 5372 ·
1777 5361 1839 5378 “·

517 5439 640 5522 (4ο)
675 5436 1005 5522 Οῦδίὸᾄῑων
1031 5443 1182 5522 ἐτῶν
1204 5443 1795 5522 τετρακοσίωνηιῐιξε
1828 5448 2026 5522 iterum

443 5515 662 5591 repetit,
680 5519 757 5591 ut
787 5515 845 5588 et
875 5516 1179 5591 sequentia,
1210 5531 1354 5591 _qua:
1400 5517 1554 5584 quasi
1595 5516 1816 5591 σύνοψιν
1847 5519 2025 5591 conti-

442 5589 579 5635 nent
605 5579 880 5650 opinionis
911 5579 1173 5636 Marcelli.
1209 5579 1356 5639 Laxe
1386 5579 1566 5639 autem
1596 5579 1835 5653 loquitur
1863 5589 1929 5641 de
1960 5603 2026 5641 co

443 5653 626 5774 anglis,
658 5664 783 5773 niam
811 5658 940 5704 ante
971 5666 1171 5706 annum
1212 5669 1325 5709 cccr
1390 5658 1602 5711 obierat
1656 5657 1885 5726 ipsemet
1913 5657 2025 5711 Eu-

445 5735 504 5774 se
547 5737 647 5774 ius.
742 5757 757 5772 .

445 5735 647 5775 SCDIUS.
685 5735 757 5773 Μ.

521 5789 637 5862 (47)
670 5789 844 5862 vulgo
871 5791 1124 5862 τετεληκ.

524 5860 634 5957 (ἦὸ)
669 5860 806 5917 Τότε
837 5861 973 5919 Υίὸν
1009 5860 1158 5920 Θεοῦ
1191 5865 1518 5936 γεγονέναι.
1551 5867 1686 5924 Cum
1730 5867 1904 5926 factus
1950 5883 2028 5926 es-

2137 4965 2218 5009 set
2246 4953 2414 5022 Λόγος
2443 4948 2797 5021 προφορικός.
2829 4946 3150 5022 Namprius
3178 4956 3295 5001 crat
3314 4955 3520 5022 tantum
3549 4944 3723 5022 ἐνδιά-

2136 5013 2460 5089 θετος,ἐειι
2488 5013 2588 5074 ἰιῧ
2627 5013 2907 5089 ’ωιετιια-
2926 5013 3154 5089 Videtur
3192 5028 3371 5071 autem
3419 5013 3722 5089 Marcellus

2136 5083 2553 5162 illud—posuisse,
2580 5091 2752 5157 Λόγον
2772 5089 2864 5142 Dei
2881 5087 3385 5162 Patris,_:etetlt_u_m.
3409 5083 3718 5162 ὑφεστῶτα,

2133 5166 2228 5220 sed
2264 5156 2605 5225 ἐνδιαθέτως,
2640 5156 2745 5214 non
2794 5167 3043 5212 vocatum
3089 5158 3177 5211 [)ei
3216 5156 3411 5209 Filium
3457 5165 3580 5207 ante
3636 5157 3722 5225 in-

2152 5237 2542 5288 carnationem.
2568 5224 2745 5297 Quod
2789 5231 2866 5283 sic
2921 5229 3117 5297 accipit
3161 5227 3449 5289 Eusebius,
3487 5240 3548 5277 ac
3586 5224 3723 5277 εἰτὸ

2133 5302 2272 5359 εἶναι
2300 5305 2394 5358 τοῦ
2423 5303 2560 5368 υἱοῦ,
2579 5296 2849 5371 negasset.

2206 5376 2318 5448 (ιο)
2351 5363 2998 5448 ὶζιιιςοάᾶνηγορευεσθαι.
3014 5367 3154 5448 ‘Mox
3185 5367 3302 5422 dele
3321 5365 3412 5419 τοῦ
3432 5372 3556 5418 ante
3577 5363 3714 5416 Θεοῦ

2132 5457 2185 5501 et
2213 5439 2355 5500 infra
2381 5439 2484 5512 Mp'.
2526 5446 2597 5497 ίσ.
2621 5439 2683 5496 τό
2709 5439 2767 5495 τε
2811 5444 2929 5495 loco
2958 5439 3110 5512 πότε.

2205 5516 2316 5587 (50)
2370 5508 2638 5568 Ὑὲιέθετο
2672 5508 3426 5587 meum).immortalitatem
3468 5515 3533 5586 et
3564 5516 3723 5560 arter-

2132 5578 2358 5641 nit'ate'm
2411 5578 3046 5655 ademisse"Marcellum
3103 5578 3410 5655 Dei_Fil.io,
3456 5579 3630 5655 etiam
3690 5595 3719 5628 a

2136 5665 2288 5726 parte
2316 5666 2436 5726 post
2468 5674 2482 5711 :
2518 5671 2678 5720 quam
2712 5665 2766 5709 et
2798 5652 3023 5726 angelis,
3063 5647 3721 5726 ct__a_nimahusojustornat

2135 5716 2488 5782 concedebat.
2523 5716 2694 5791 Quam
2719 5716 2953 5785 verefin
2989 5722 3092 5775 line
3119 5719 3242 5776 libri
3271 5717 3470 5788 quinti,
3496 5716 3583 5770 ubi
3620 5717 3721 5770 ista

2139 5798 2511 5869 exagitantur,
2550 5795 2854 5866 apparebit.
2891 5791 2940 5844 Μ
