4088 6404
443 434 551 496 1'25

1121 435 1393 504 EUSEBII
1430 413 1913 506 CESARlENSlS
1952 449 2105 508 OPP.
2145 450 2327 507 PARS
2362 449 2455 505 tv.
2496 481 2567 492 .-
2603 451 3023 509 DOGMATICA.

3605 455 3718 511 725

442 564 615 629 disse,
671 582 776 622 non
823 584 1004 623 aurem
1049 573 1344 642 audivisse,
1392 592 1486 629 nec
1519 575 1575 629 in
1611 591 1703 629 cor
1734 577 2012 630 humanum

2130 576 2334 629 τούτων
2363 573 2575 641 ἐλπίδα,
2617 576 2731 640 τοῖς
2766 575 2864 646 μὲν
2893 574 3072 635 ἄλλοις
3107 572 3303 638 ἅπασι,
3328 573 3399 629 τὰ
3426 572 3528 647 τῆς
3558 572 3719 646 βασι-

442 657 734 727 aliquando
763 663 1127 731 ascendisse’,
1158 666 1441 722 scientiam
1475 668 1659 733 illam,
1709 684 1812 738 qua
1848 670 2021 738 possit

440 750 561 814 ipse
590 755 997 824 comprehendi.
1028 756 1162 824 Quae
1208 773 1426 827 quoque
1471 762 1609 815 ratio
1659 763 1713 818 in
1767 762 1887 817 Filii
1927 778 2022 833 ge-

442 843 726 898 neratione
752 843 915 900 debet
945 846 1215 903 obtinere.
1247 847 1373 903 lizec
1407 866 1510 905 non
1544 853 1683 907 alius
1716 854 1872 909 nobis
1904 853 2021 926 [an-

444 931 619 1006 tistes]
662 950 824 1005 quam
874 938 1105 1007 ipsemet
1148 940 1423 1007 Servatur,
1476 944 1579 999 fide
1613 942 1803 1015 dignus
1851 961 2022 1001 enun-

443 1025 612 1079 tiavit.
641 1027 731 1081 Ait
760 1038 937 1085 autem
966 1050 981 1087 :
1018 1032 1210 1088 Omnia
1244 1036 1375 1089 mihi
1413 1038 1610 1091 tradita
1639 1047 1759 1091 sunt
1789 1055 1822 1091 a
1857 1036 2021 1093 Patre

436 1117 643 1181 meo“,
672 1129 727 1175 et
762 1137 776 1173 :
819 1119 989 1176 Nemo
1037 1125 1176 1179 novit
1234 1124 1435 1180 Filium
1469 1129 1574 1183 nisi
1625 1129 1816 1194 Pater,
1858 1144 2020 1198 neque

437 1209 654 1267 Patrem
686 1214 791 1268 nisi
820 1212 998 1268 Filius
1022 1216 1088 1269 “.
1128 1215 1187 1272 Si
1234 1218 1356 1289 quis
1407 1219 1527 1275 istis
1576 1222 1771 1276 audeat
1811 1221 2021 1275 obnun-

435 1302 617 1370 tiare,
674 1313 729 1358 et
797 1305 1013 1374 Filium,
1062 1308 1150 1363 cui
1199 1310 1394 1364 tradita
1442 1322 1567 1365 sunt
1613 1327 1641 1365 a
1692 1311 1855 1365 Patre
1898 1326 2016 1366 om-

435 1393 547 1458 nia,
596 1396 980 1454 subsistentem
1011 1412 1211 1469 neget:
1244 1403 1471 1457 verbum
1505 1418 1636 1458 vero
1671 1403 1845 1459 solum
1880 1402 2014 1458 dell.

438 1487 573 1551 niat,
605 1487 863 1553 humano,
899 1504 995 1560 per
1039 1494 1242 1557 omnia,
1291 1496 1457 1550 verbo
1504 1495 1712 1560 simile,
1747 1495 2016 1550 interdum

434 1579 492 1632 in
527 1578 636 1635 Deo
680 1582 1093 1651 conquiescens,
1123 1587 1198 1639 uti
1245 1586 1386 1641 solet
1417 1586 1471 1641 in
1511 1587 1685 1652 nobis,
1717 1587 1805 1643 ubi
1841 1586 2018 1642 conti-

436 1672 730 1739 cuerimus,
762 1688 863 1728 usu
899 1676 1087 1731 venire
1125 1694 1139 1731 :
1172 1678 1443 1734 interdum
1479 1694 1710 1749 operans
1742 1679 1795 1734 in
1831 1680 2015 1734 eodem

432 1763 588 1819 Deo:
631 1774 723 1827 ut.
772 1782 870 1821 nos
912 1782 1034 1822 cum
1093 1767 1387 1839 loquimur,
1433 1772 1658 1825 verbum
1710 1781 2013 1840 personat:

434 1856 581 1913 hunc
610 1873 741 1914 vero
775 1859 978 1929 ipsum,
1024 1875 1147 1916 cum
1178 1863 1259 1918 sic
1302 1862 1537 1918 Verbum
1584 1865 1842 1929 exsistat,
1887 1873 2012 1918 ante

2122 665 2270 730 λείας
2297 669 2376 730 εἰς
2406 666 2762 741 ἀτελεύτητον
2789 667 3099 739 διαρκέσειν
3115 666 3286 720 αίῶνα
3317 668 3537 738 φάσκοι,
3565 667 3718 739 μόνῳ

2120 757 2176 811 δὲ
2206 756 2355 828 αὐτῷ
2381 758 2459 829 τῷ
2487 757 2709 830 Χριστῷ
2753 757 2958 812 τούτων
3005 757 3259 812 ἁπάντων
3290 757 3494 831 ἁθρόαν
3543 759 3713 830 γενή-
3756 750 3767 757 ⁷’

2123 846 2310 900 σεσθαι
2338 847 2616 919 στέρησιν,
2657 847 3078 918 παυθησομένης
3103 849 3201 918 μὲν
3227 847 3392 902 αὐτοῦ
3438 848 3541 919 τῆς
3558 847 3719 919 βασι-

2120 938 2289 1004 λείας,
2323 939 2423 1011 τῆς
2446 939 2502 993 δὲ
2534 939 2755 1012 σαρκὸς,
2784 933 2853 1010 ἦς
2890 939 3169 1011 ἀνείληφε,
3206 940 3720 1013 καταλειφθησομέ-

2120 1051 2217 1106 νης
2248 1034 2347 1106 ὲρή
2357 1050 2479 1104 μου,
2502 1032 2595 1086 τοῦ
2610 1032 2666 1085 δὲ
2680 1031 2775 1085 τοῦ
2804 1032 2917 1103 (Si)
2952 1034 3248 1104 προσόντος
3282 1035 3339 1087 ὲν
3360 1032 3479 1105 Θεῷ
3506 1033 3717 1103 Λόγου,

2120 1122 2516 1195 άφοριζομένου
2561 1121 2619 1175 δὲ
2650 1120 2746 1175 τοῦ
2788 1120 3058 1193 σώματος,
3103 1123 3207 1177 κᾶν
3252 1122 3522 1177 ἀθάνατον
3550 1124 3718 1178 τοῦτο

2119 1215 2214 1267 καὶ
2248 1212 2472 1283 ἄφθιτον
2510 1207 2566 1285 ᾖ,
2611 1212 2691 1283 τῷ
2739 1211 2796 1264 δὲ
2847 1212 2966 1284 Θεῷ
3009 1213 3511 1285 συναφθησομένου,
3542 1214 3618 1279 ὡς
3646 1215 3716 1269 ἓν

2120 1306 2214 1358 καὶ
2243 1304 2437 1359 ταύτὸν
2467 1304 2627 1358 πάλιν
2653 1303 2732 1374 τῷ
2768 1303 2889 1374 Θεῷ
2911 1304 3260 1375 γενήσεσθαι,
3292 1304 3434 1358 καθὰ
3459 1306 3551 1359 καὶ
3575 1307 3716 1379 πρό-

2118 1416 2277 1469 τερον
2307 1393 2398 1469 ἦν·
2433 1397 2516 1462 τίς
2544 1396 2610 1451 ἂν
2639 1396 2878 1450 λείποιτο
2908 1398 3088 1469 τούτῳ
3119 1398 3437 1461 δυσσεϐείας
3465 1399 3710 1470 ὑπερὸο-

2118 1489 2219 1561 λή;
2248 1489 2338 1543 Διὸ
2368 1488 2432 1560 δὴ
2463 1487 2677 1553 τούτοις
2709 1488 2983 1558 ἀναγκαία
3015 1491 3048 1560 ἡ
3079 1491 3179 1561 τῆς
3204 1489 3566 1561 άποστολικῆς
3591 1490 3711 1544 δια-

2121 1581 2314 1653 στολῆς
2340 1583 2634 1655 μαρτυρία,
2660 1584 2899 1653 φήσασα’
2917 1582 3045 1637 Κᾶν
3069 1582 3324 1651 ἅγγελος
3347 1581 3417 1646 ἐξ
3443 1583 3708 1650 οὐρανοῦ

2118 1675 2582 1746 εὐαγγελιζηται,
2605 1677 2742 1747 παρ’
2758 1674 2790 1729 ὃ
2816 1675 3199 1744 παρελάϐετε,
3228 1672 3495 1744 ἀνάθεμα
3526 1673 3703 1731 ἔστω.

2119 1766 2429 1837 Θαυμάζειν
2453 1766 2512 1820 δέ
2540 1784 2630 1837 μοι
2657 1765 2886 1834 ἔπεισιν,
2922 1765 3311 1837 ἐπιθεωροῦντι
3340 1765 3441 1836 τὴν
3469 1765 3705 1820 ἀποστο-

2119 1858 2274 1931 λικὴν
2304 1858 2561 1915 διάνοιαν.
2596 1860 2805 1931 Ὥσπερ
2836 1859 2946 1931 γάρ
2983 1857 3255 1924 θεσπίζων
3292 1858 3353 1911 τὸ
3390 1857 3583 1929 μέλλον
3608 1856 3705 1913 αὐ-

434 1961 609 2001 annos
640 1950 879 2005 nondum
927 1959 1073 2007 totos
1105 1954 1530 2026 quadringentos
1576 1954 1797 2018 factum,
1834 1956 2012 2011 nescio

2114 1952 2228 2013 τοῖς
2248 1949 2519 2014 Γαλάταις
2545 1950 2645 2020 τὴν
2673 1950 2769 2004 τοῦ
2806 1948 3060 2020 Σωτῆρος
3088 1947 3377 2022 ὲξηκρίόου
3405 1948 3699 2019 θεολογίαν,

438 2048 619 2094 tamen
652 2042 815 2109 unde,
859 2053 954 2099 aut
984 2062 1092 2118 quo
1130 2058 1310 2118 pacto,
1357 2064 1578 2105 carnem
1613 2052 2010 2120 assumpsisse:

432 2129 490 2185 in
531 2144 635 2200 qua
688 2147 854 2189 carne
892 2135 972 2191 sic
1012 2147 1308 2206 assumpta,
1356 2139 1523 2204 illam,
1553 2155 1674 2209 quae
1719 2141 2013 2195 secundum

432 2223 710 2278 hominem
757 2235 872 2289 est,
919 2226 1361 2295 dispensationem
1408 2229 1746 2299 perfecisse:
1791 2240 1847 2286 et
1886 2239 2014 2287 tunc

429 2314 666 2384 primum
703 2316 800 2372 Dei
824 2315 1028 2373 Filium
1064 2320 1339 2377 exstitisse
1381 2340 1394 2376 :
1428 2318 1708 2391 Jesumque
1744 2320 2012 2378 Christum

431 2408 501 2464 de
534 2410 753 2465 nomine
786 2420 1180 2482 nuncupatum;
1209 2413 1574 2470 renuntiatum
1606 2414 1795 2485 Regem
1818 2431 1837 2469 :
1865 2414 2014 2469 Ima-

430 2502 601 2570 ginem
642 2502 742 2557 Dei
784 2502 1060 2558 invisibilis
1097 2520 1117 2559 :
1159 2505 1330 2561 omnis
1392 2516 1650 2562 creatura:
1695 2505 2013 2575 primogeni-

431 2604 542 2647 tum
572 2596 637 2660 ",
683 2596 775 2664 qui
828 2597 961 2651 nihil
1015 2599 1207 2653 horum
1258 2598 1408 2667 prius
1453 2598 1773 2663 exstiterat,
1827 2597 2008 2652 docet.

428 2684 594 2742 Hisce
648 2689 896 2744 cumulus
934 2690 1144 2745 accedit
1181 2690 1492 2760 impietatis,
1531 2689 1673 2760 quod
1719 2704 1815 2744 nec
1846 2690 2009 2741 vitam

430 2776 705 2847 perpetuis
734 2777 944 2834 saeculis
974 2779 1309 2842 duraturam,
1342 2793 1443 2833 nec
1488 2790 1754 2833 internum
1794 2777 2011 2831 Christo

432 2883 659 2937 regnum
726 2872 1092 2938 concesserit,
1139 2873 1208 2926 ab
1248 2873 1342 2926 illo
1392 2872 1534 2940 quod
1586 2871 1900 2940 supposuit,
1943 2883 2009 2923 ex

427 2970 583 3016 ortus
629 2962 772 3017 illius
831 2973 1074 3036 tempore
1108 2962 1467 3023 decurrendo.
1523 2963 1616 3016 sed
1675 2962 2010 3028 inauspicato

428 3057 584 3120 satis,
610 3054 716 3111 ﬁne
744 3056 1171 3125 circumscripsit
1196 3064 1592 3117 consummato,
1626 3069 1802 3123 neque
1834 3058 2006 3122 ipsmn

426 3149 680 3217 dignatus
706 3159 793 3203 est
820 3164 888 3204 eo
918 3158 1085 3213 statu,
1111 3162 1216 3216 quo
1245 3146 1388 3211 illos,
1413 3146 1502 3215 qui
1531 3161 1627 3215 per
1654 3147 1830 3214 ipsum
1858 3144 2006 3199 illam

426 3240 553 3293 olim
607 3249 1009 3312 consequentur
1056 3238 1521 3293 immortalitatem
1564 3256 1577 3291 :
1628 3237 1825 3307 quibus
1876 3236 2007 3291 Ser-
2033 3269 2075 3325 ο

426 3342 581 3387 valor
611 3331 916 3402 pollicetur,
961 3330 1127 3384 vitam
1160 3344 1219 3384 se
1255 3338 1538 3393 aeternam,
1581 3326 2007 3395 incorruptibili-

426 3433 612 3488 tatem,
658 3421 966 3478 immortale
1010 3422 1065 3476 in
1114 3420 1269 3477 caelis
1312 3434 1575 3491 regnum,
1627 3418 2002 3487 elargiturum,

425 3518 681 3572 nimirum
712 3515 1048 3586 diligentibus
1077 3532 1153 3570 se.
1185 3512 1381 3582 Quidni
1426 3514 1592 3584 igitur
1645 3521 1835 3583 aperte
1879 3526 2006 3581 pro-

2117 2043 2343 2097 αὐτόθεν
2368 2045 2426 2097 ὲν
2438 2044 2578 2116 ἀρχῇ
2603 2043 2702 2114 τῆς
2733 2043 2870 2117 πρὸς
2892 2044 3091 2107 αὐτοὺς
3115 2042 3403 2113 ἐπιπολῆς
3429 2042 3558 2113 (52),
3582 2061 3696 2097 και-

2115 2136 2330 2209 νότερον
2375 2135 2409 2208 ἢ
2458 2136 2600 2190 κατὰ
2641 2136 2703 2189 τὸ
2752 2135 2981 2208 σύνηθες
3039 2135 3268 2208 γράφων
3309 2129 3427 2188 ὧδε⁵
3453 2135 3693 2203 Παῦλος

2113 2228 2479 2294 ἀπόστολος,
2503 2230 2615 2283 οὐκ
2672 2228 2774 2283 ἀπ’
2824 2227 3171 2297 ἀνθρώπων,
3196 2227 3340 2283 οὐδὲ
3371 2227 3445 2282 δι’
3465 2227 3571 2298 (53)
3598 2228 3694 2282 dr-

2114 2317 2370 2386 θρώπου,
2414 2318 2577 2373 ἀλλὰ
2622 2317 2721 2373 διὰ
2755 2319 2952 2388 Ἰησοῦ
3001 2319 3281 2388 Χριστοῦ.
3317 2320 3434 2373 Οὐκ
3467 2318 3532 2373 ἂν
3569 2317 3696 2388 γοῦν

2113 2411 2257 2467 οὕτω
2285 2413 2573 2486 γράψαντα
2595 2413 2745 2486 εὖροι
2761 2432 2847 2479 τις
2881 2415 2948 2469 ἂν
2976 2414 3138 2469 αὑτὸν
3156 2416 3214 2468 ἐν
3235 2414 3463 2487 ἑτέροιςο
3498 2414 3577 2485 τῷ
3601 2430 3701 2485 μη-

2112 2505 2267 2569 δένας
2312 2502 2470 2571 εἶναι,
2522 2507 2597 2572 ὡς
2626 2507 2793 2573 εἰκὸς,
2844 2509 2973 2580 περὶ
3005 2509 3103 2581 τὴν
3140 2511 3321 2564 πίστιν
3362 2508 3584 2579 ὁμοίως,
3621 2500 3703 2568 οἷς

2112 2595 2373 2668 ἔγραφεν,
2409 2598 2648 2669 ἑτέρους.
2689 2599 2778 2663 Ὡς
2818 2599 2927 2670 γὰρ
2959 2600 3114 2670 ψιλὸν
3138 2601 3421 2673 ἄνθρωπον
3451 2600 3703 2669 ὑπολαμ-

2112 2687 2335 2741 6άνουσι
2358 2689 2448 2741 τὸν
2471 2688 2731 2759 Χριστὸν,
2766 2688 3009 2759 προσῆγε
3032 2690 3133 2758 τὴν
3153 2689 3457 2760 διόρθωσιν,
3478 2689 3580 2740 οὐκ
3606 2688 3704 2740 άν-

2112 2778 2329 2850 θρωπον
2370 2778 2532 2831 αὑτὸν
2583 2779 2723 2832 κατὰ
2766 2778 2866 2849 τὴν
2911 2778 3085 2851 ἀρχὴν
3112 2781 3214 2851 τῆς
3242 2780 3530 2851 ἐπιστολῆς
3555 2779 3706 2833 διδά-

2113 2887 2277 2923 σκων.
2313 2872 2424 2924 Καὶ
2452 2869 2656 2941 προῖὼν
2689 2873 2802 2934 τοῖς
2841 2870 3026 2935 αὐτοῖς
3058 2871 3261 2940 ἔλεγεν,
3289 2872 3390 2925 ὅτι·
3425 2871 3497 2926 Τὸ
3526 2873 3702 2940 εὐαγκ-

2110 2961 2316 3031 γέλιόν
2342 2979 2484 3030 μου,
2523 2960 2591 3014 τὸ
2623 2961 3054 3032 εὐαγγελισθὲν
3090 2965 3179 3028 εἰς
3198 2962 3373 3033 ὑμᾶς,
3404 2965 3517 3017 οὐκ
3567 2961 3699 3016 ἐστι·

2111 3054 2262 3108 κατὰ
2307 3053 2645 3123 ἄνθρωπον,
2679 3052 2822 3107 οὐδὲ
2848 3053 2963 3124 ἐγὼ
2986 3053 3149 3122 παρὰ
3202 3053 3516 3123 ἀνθρώπου
3544 3069 3691 3122 παρ-

2109 3145 2328 3200 έλαϐον
2356 3144 2523 3209 αὐτὸ,
2560 3144 2704 3199 οὐδὲ
2723 3145 3063 3215 ἐδιδάχθην,
3106 3146 3268 3200 ἀλλὰ
3290 3145 3364 3198 δι’
3389 3146 3690 3201 ἀποκαλύ-

2108 3240 2271 3306 ψεως
2308 3236 2503 3304 Ἰησοῦ
2533 3237 2814 3305 Χριστοῦ.
2837 3239 2914 3291 Δι’
2946 3230 3041 3302 ὧν,
3081 3234 3259 3301 αὖθις,
3286 3238 3368 3290 ὅτι
3388 3238 3462 3308 μὴ
3491 3235 3698 3308 ἄνθρω-

2111 3346 2213 3392 πος
2235 3324 2303 3399 ἦν
2338 3328 2451 3398 (54)
2481 3327 2638 3397 ψιλὸς
2670 3326 2881 3400 Ἰησοῦς
2922 3329 3178 3399 Χριστὸς,
3216 3329 3478 3400 παρίστη.
3513 3327 3617 3391 Τίς
3656 3326 3701 3380 δ’

2106 3414 2175 3489 ἦν
2191 3421 2239 3473 ei
2260 3420 2333 3491 μὴ
2356 3418 2660 3491 ἄνθρωπος,
2681 3419 2884 3491 προῖὼν
2902 3414 3057 3483 αὖθις
3078 3420 3323 3489 διεσάφει
3349 3420 3546 3488 λέγων·
3566 3419 3701 3472 Ὅτε

2108 3510 2178 3565 δὲ
2203 3511 2540 3579 εὐδόκησεν
2568 3514 2602 3565 ὀ
2636 3510 2800 3577 Θεὸς,
2842 3515 2874 3565 ὀ
2905 3512 3203 3581 ἀφορίσας
3229 3528 3307 3582 με
3349 3512 3418 3565 ἐκ
3467 3511 3697 3573 κοιλίας

425 3605 679 3660 mmtiare
706 3605 889 3670 audet,
919 3606 1133 3661 caeteris
1156 3605 1375 3675 quidem
1404 3602 1657 3659 omnibus
1685 3616 2001 3657 concessum

2114 3602 2329 3669 μητρός
2351 3618 2493 3671 μου,
2521 3602 2916 3671 ἀποκαλύψαι
2948 3601 3057 3656 τὸν
3093 3603 3231 3657 Υἱὸν
3253 3602 3442 3656 αὑτοῦ
3461 3596 3684 3667 ἐνέμοί.

424 3696 553 3751 illud
584 3711 810 3769 regnum
837 3697 955 3753 sine
985 3697 1090 3752 ilne
1130 3699 1474 3760 duraturum,
1511 3695 1804 3750 secundum
1852 3709 2001 3763 spem

422 3790 667 3854 ipsorum
704 3797 869 3859 atque
895 3787 1379 3857 exspectationem,
1407 3801 1576 3841 unum
1606 3785 1879 3840 Christum
1911 3784 2005 3840 Je-

421 3894 541 3934 sum
593 3883 828 3936 condum
887 3896 1135 3952 promum
1190 3881 1385 3935 horum
1436 3878 1710 3937 omnium.
1759 3890 1856 3947 spe
1908 3891 2004 3931 sua

421 3970 743 4038 privandum
784 3980 841 4028 et
880 3971 1304 4041 exspectatione,
1348 3986 1471 4026 cum
1520 3972 1589 4024 ab
1645 3969 1761 4038 ipso
1808 3969 1880 4024 sit
1914 3983 2003 4022 re-

421 4079 582 4136 gnum
631 4061 751 4131 ejus
800 4062 1192 4128 auferendum,
1251 4072 1307 4117 et
1362 4077 1512 4125 caro.
1555 4076 1719 4132 quam
1768 4059 2006 4129 suscepit

421 4150 780 4205 destituenda.
824 4150 1062 4207 Verbum
1087 4190 1103 4211 .
1149 4152 1291 4222 quod
1328 4151 1381 4205 in
1414 4150 1525 4206 Deo
1567 4150 1695 4204 olim
1743 4149 2004 4221 praeexsi-

422 4236 621 4301 stebat,
650 4246 959 4309 separatum
988 4257 1018 4293 a
1045 4254 1294 4310 corpore,
1316 4238 1444 4294 licet
1471 4239 1752 4308 prmditum
1771 4240 2004 4296 exsistat

422 4329 859 4401 immortalitate,
899 4343 955 4387 et
1003 4332 1342 4404 corruptioni
1399 4347 1504 4386 non
1555 4334 1624 4386 sit
1670 4332 2001 4396 obnoxium,

423 4421 531 4474 Deo
561 4422 775 4479 demum
801 4438 925 4480 esse
953 4425 1413 4490 coaduniendum,
1442 4434 1518 4490 ut,
1548 4424 2004 4494 quemadmodum

2123 3694 2286 3765 Ὁρᾷς
2303 3691 2419 3757 πῶς
2449 3692 2578 3747 Υίὸν
2603 3691 2739 3745 Θεοῦ
2776 3692 2965 3763 σαφῶς
2995 3694 3296 3766 ἀνηγόρευε
3322 3693 3413 3747 τὸν
3442 3689 3686 3759 Σωτῆρα.

2108 3783 2204 3838 καὶ
2246 3782 2336 3837 διὰ
2390 3782 2549 3836 τοῦτο
2584 3782 2738 3836 Θεόν.
2786 3783 2898 3836 Καὶ
2926 3783 3009 3836 ὅτι
3038 3799 3102 3852 γε
3151 3783 3259 3855 πρὸ
3295 3783 3392 3853 τῆς
3422 3778 3689 3849 ὲνσάρκου

2108 3877 2412 3948 παρουσίας
2440 3874 2568 3928 Υίὸν
2600 3874 2763 3928 αὐτὸν
2791 3873 3038 3938 τοῦζΘεοῦ
3055 3875 3184 3929 ὄντα
3211 3875 3475 3945 ἠπίστατο
3504 3870 3695 3943 τρανό-

2107 3987 2255 4022 τατστ
2275 3968 2607 4040 παρίστησιν
2635 3966 2902 4035 ἐπιλέγων
2931 3967 2989 4020 ὲν
3021 3970 3088 4039 τῇ
3122 3969 3257 4039 αὐτῇ
3291 3966 3427 4037 πρὸς
3451 3962 3698 4025 Γαλάτας

2109 4060 2386 4131 ἐπιστολῇ*
2413 4060 2543 4113 Ὅτε
2570 4057 2639 4112 δὲ
2666 4054 2817 4129 ἦλθε
2853 4057 2921 4111 τὸ
2968 4058 3261 4127 πλήρωμα
3302 4056 3410 4110 τοῦ
3450 4055 3695 4125 χρόνον,

2109 4149 2541 4215 ἐξαπέστειλεν
2568 4152 2600 4204 ό
2635 4149 2780 4216 Θεὸς
2813 4148 2923 4203 τὸν
2964 4148 3103 4203 Υιὸν
3133 4147 3344 4212 αὐτοῦ,
3371 4146 3698 4217 γενόμενον

2108 4243 2179 4295 ἐκ
2223 4242 2526 4312 γυναικός.
2559 4239 2767 4294 Οὐκοῦν
2814 4240 2876 4313 οὐ
2908 4238 3022 4304 νῦν,
3054 4239 3189 4293 ἀλλὰ
3226 4239 3357 4310 πρὶν
3382 4238 3415 4308 ἢ
3445 4233 3698 4305 γενέσθαι

2111 4335 2177 4387 ὲκ
2202 4333 2477 4401 γυναικὸς,
2504 4333 2633 4385 Υίὸν
2658 4332 2806 4397 ὄντα,
2834 4334 2928 4386 καὶ
2964 4331 3076 4401 (55)
3104 4330 3358 4403 προόντα,
3381 4327 3698 4384 ἀπέστειλεν

2111 4428 2142 4479 ὁ
2169 4427 2380 4498 Πατὴρ,
2400 4426 2477 4490 ὼς
2495 4424 2561 4480 ἂν
2586 4426 2614 4477 ό
2647 4425 2814 4479 πάλαι
2838 4425 2966 4488 Υἱὸς
2987 4424 3123 4478 Θεοῦ
3145 4429 3238 4479 καὶ
3258 4424 3384 4487 Υἱὸς
3407 4420 3697 4494 ἀνθρώπου

492 4606 516 4636 ο
552 4604 720 4662 ιεοτ.
764 4624 829 4666 ιι.
854 4611 908 4665 9.
987 4612 1034 4644 ιο
1063 4612 1251 4669 Matth.
1281 4631 1356 4681 xt,
1385 4616 1476 4670 εγ.
1554 4618 1596 4649 ιι
1640 4618 1770 4672 ibid.
1852 4620 1894 4650 η
1936 4596 2331 4682 C0l055.l,15.

492 4840 1324 4936 {misisseesseesset;
1364 4851 1672 4936 ιιοβθηέιιιιη
1716 4856 2009 4936 seems

2119 4852 2550 4936 latorestniinde
2595 4852 2735 4936 illud
2764 4854 2948 4936 statim
2973 4853 3234 4936 _insinuat
3272 4851 3368 4905 ἀπ’
3407 4847 3696 4936 ἀρχῆς,ῃῆ

421 4908 657 4967 Volebat
694 4912 841 4967 enim
862 4908 1116 4992 _Verbum
1142 4908 1420 4992 exstitisse
1438 4908 1493 4979 iii
1526 4908 2010 4992 Deo,vab'a:tern5,

423 4991 549 5064 ante
582 4996 796 5037 omnem
823 4985 1034 5050 οὐσίαν,
1065 4996 1118 5042 et
1141 4989 1418 5049 οὐσίωσιν.
1436 4993 1581 5051 Idem
1601 4985 1732 5052 vero
1748 4985 2012 5064 Verbum,

423 5070 452 5106 a
501 5051 612 5106 Deo
668 5065 1006 5128 separatum,
1061 5071 1158 5128 per
1222 5065 1646 5126 emanationem.
1700 5051 2013 5123 condidisse

429 5131 725 5206 creaturas
741 5140 773 5206 ι.
787 5124 983 5206 deinde
1007 5124 1077 5183 se'
1098 5130 1372 5206 revelasse
1391 5124 1764 5206 σαρκωθέντα.
1796 5138 2007 5193 Rursus

429 5196 944 5275 veronposthjudicii
973 5201 1230 5275 etmundi
1267 5196 1821 5275 consummationem.
1845 5222 2016 5263 carne

421 5264 689 5343 deposita,
724 5264 832 5321 Deo
863 5266 1255 5327 aduniendum.
1280 5272 1425 5329 M.—-
1450 5274 1572 5329 Mox
1608 5277 1767 5343 vulgo
1788 5264 2015 5343 ἄφθιτον

425 5334 546 5418 lucu
577 5333 859 5418 άφθαρτοχ
893 5343 1044 5418 quod
1076 5356 1209 5418 mss.
1251 5357 1371 5418 cor.
1414 5344 1589 5418 Porro
1637 5333 1798 5418 vulgo
1828 5333 1911 5404 διὸ
1955 5347 2014 5402 δέ

421 5414 479 5457 ct
504 5405 791 5486 n_r_nss.
808 5405 1082 5486 otawﬁg
1105 5410 1225 5467 loco
1246 5413 1557 5486 διαστολῆς.

496 5474 608 5557 (Βξὶ)
626 5474 1087 5557 ,Καινότερονζ-’ᾒ
1122 5482 1271 5537 κατὰ
1297 5483 1365 5538 τὸ
1395 5474 1678 5557 σύὶῇηθες.
1693 5488 1892 5544 Verum
1908 5496 2012 5554 est,

421 5546 567 5612 quod
590 5546 848 5629 observat
873 5546 1163 5629 Eusebius,
1180 5569 1451 5629 nusquam
1473 5546 1599 5612 alibi
1631 5546 1731 5629 per
1754 5546 2013 5629 epistolas

424 5630 735 5697 suasusum
765 5617 867 5672 hoc
920 5621 1147 5697 exordio
1178 5617 1395 5697 beatum
1426 5617 1741 5695 Apostolum
1767 5617 1921 5693 {non
1939 5631 2005 5682 ab

429 5683 954 5768 lt_ominil;u‘s,_neqtte_
976 5706 1069 5768 per
1100 5691 1359 5768 homines,
1401 5683 1490 5768 sed
1517 5714 1609 5768 per
1644 5683 1827 5753 .lesu'm
1854 5697 2012 5752 Citri-

423 5764 563 5806 smm
594 5755 798 5832 (lfatat.
831 5755 878 5823 ι,
906 5755 986 5829 1).’
1020 5761 1202 5829 Neque
1257 5755 1402 5820 enim
1437 5755 1587 5830 alibi,
1640 5779 1734 5823 aut
1763 5769 1915 5832 alias,
1943 5785 2005 5823 ea

429 5826 825 5910 eausatuerat,
857 5839 914 5881 ut
939 5826 1233 5910 ministerii
1286 5836 1367 5910 sui
1417 5826 1760 5906 dignitatem,
1786 5848 1841 5891 ct
1876 5826 2009 5910 apo-

420 5891 652 5949 uolatus
669 5898 904 5964 gratiam
937 5908 1126 5955 contra
1168 5906 1394 5961 aemulos
1423 5891 1767 5975 tuEretur,et
1793 5891 2009 5965 obviat-:-

2120 4941 2229 5001 non
2263 4934 2321 4979 ut
2341 4923 2415 4979 illi
2444 4922 2939 5001 calumniabantur,
2973 4924 3208 5001 humana
3239 4917 3571 5001 χειροτονία,
3598 4917 3694 4971 sed

2121 4996 2315 5065 divina,
2349 5005 2405 5049 et
2445 4993 2757 5065 αὐτοπίστῳ
2811 5005 3083 5049 vocatum.
3139 4991 3265 5046 Haec
3297 4991 3376 5065 est
3427 4991 3691 5065 omnium,

2114 5076 2237 5133 post
2262 5057 2740 5136 Chrysostumum,
2795 5064 3083 5136 verissima
3135 5061 3428 5130 expositio.
3496 5058 3587 5111 Illa
3622 5057 3692 5110 ab

2117 5132 2623 5200 Eusebio,'oixo(iev
2663 5135 2852 5199 allata,
2899 5133 3064 5187 nimis
3113 5142 3324 5191 coacta,
3375 5138 3690 5199 quanquam

2114 5205 2458 5260 verissimum
2496 5216 2617 5268 est,
2658 5205 2783 5258 inde
2832 5203 3008 5272 sequi,
3042 5201 3224 5256 Jesum
3271 5199 3548 5272 Christum
3584 5209 3688 5250 non

2114 5291 2232 5347 esse
2261 5273 2761 5347 ψιλὸν-ἄνθρωπον,
2789 5289 2886 5343 per
2906 5269 3067 5344 quem
3100 5280 3322 5347 vocatus
3343 5272 3414 5324 sit
3446 5269 3523 5347 _ad
3545 5280 3688 5347 “apo-

2116 5335 2372 5399 stolatum
2409 5335 2629 5407 Paulus,
2666 5335 3211 5412 cm’n'opponaturab
3239 5339 3496 5412 Apostolo
3544 5335 3689 5389 illius

2117 5417 2438 5482 designatio.
2470 5415 2719 5467 humanm
2743 5411 3091 5467 ordinationi.
3116 5411 3186 5482 Μ.

2188 5478 2299 5555 (55)
2333 5484 2502 5555 Vulgo
2532 5482 2839 5555 ἀνθρώπων
2877 5493 2930 5536 et
2956 5482 3095 5535 infra
3127 5478 3386 5555 ἔγραψεν.

2182 5542 2303 5679 (54ἑ
2330 5542 2504 5617 Ψιλός
2554 5542 2666 5608 οιιί.
2694 5556 2951 5619 codices;
2991 5565 3116 5604 mox
3168 5542 3336 5620 'v'ulgo
3383 5542 3541 5607 αὖθις
3585 5558 3683 5615 πρ.

2182 5644 2242 5679 rm
2307 5624 2544 5679 νσάοκου
2604 5638 2758 5679 mss..
2812 5624 2973 5679 vulao
3014 5622 3073 5674 ὲν
3107 5618 3291 5679 σαρκί.
3328 5618 3495 5671 Porro
3528 5614 3683 5679 vulgo

2112 5614 2242 5681 Dein
2277 5614 2544 5694 ἓνσάρκου
2604 5638 2758 5694 mss.,
2812 5614 2973 5693 vulgo
3014 5622 3073 5674 ὲν
3107 5614 3295 5694 σαριιίῖ
3328 5618 3495 5694 [ξομ-ο
3528 5614 3688 5683 vulgo

2107 5688 2465 5750 ἐπιστεύσατο
2485 5688 2807 5766 τρανότατα.
2846 5688 3087 5762 Denique
3107 5688 3199 5761 γρᾷ
3228 5688 3524 5756 ἀντιλέγων
3551 5698 3687 5740 mss.
3768 5706 3771 5709 λ

2114 5766 2231 5821 loco
2265 5768 2410 5820 ἑπιλ.

2182 5838 2292 5913 (55)
2322 5835 2588 5909 Προϊόντα
2608 5875 2624 5906 ,
2652 5849 2759 5891 em.
2785 5833 2839 5889 in
2875 5843 3020 5887 corr.
3043 5827 3132 5885 ed.
3164 5824 3293 5881 Par.
