4088 6378
350 423 449 477 H9
1484 416 1761 475 CONTRA
1800 411 2233 469 MARCELLUM
2273 411 2400 467 LlB.
2447 411 2483 467 Ι.
3507 407 3606 462 75C

351 529 589 593 σι’-,λείους,
609 527 808 582 ὡσανεὶ
835 529 1094 600 περιττὰς
1114 532 1208 584 καὶ
1240 531 1328 585 διὰ
1354 530 1462 583 τῶν
1511 528 1692 583 αὐτῶν
1720 524 1930 597 χωρού-

2053 540 2131 578 ιθτ
2158 540 2216 579 se
2250 539 2354 578 non
2393 523 2693 579 subsistens
2744 532 2907 577 unum
2958 530 3117 589 atque
3146 520 3287 575 idem
3333 535 3456 575 cum
3503 520 3608 575 Dec

352 637 474 685 σας,
497 619 954 690 ὐπερθησόμενος.
983 622 1096 691 Πρὸ
1122 622 1179 675 δὲ
1199 623 1296 693 τῆς
1329 623 1435 675 τῶν
1464 619 1766 692 εἰρημένων
1798 618 1931 670 ἀπο-

2053 616 2340 678 :xsistens;
2374 630 2547 683 neque
2576 614 2719 668 enirn
2750 614 2853 667 hoc
2894 620 3052 681 pacto
3093 612 3359 665 mediator
3400 611 3608 678 aliquo-

353 707 569 776 δείξεως
600 705 750 780 οἶμαι
781 710 888 763 δεῖν
918 712 975 763 ὲν
1011 711 1246 783 πρώτοις
1284 713 1631 784 παραστῆσαι
1680 712 1791 771 τοῖς
1841 710 1929 760 ὲν-

2053 722 2156 760 rum
2187 722 2307 760 esse
2348 715 2576 774 poterat.
2612 704 2742 761 Erat
2782 713 2996 769 autem,
3028 710 3083 757 et
3122 703 3273 771 prius
3302 709 3452 767 erat,
3488 709 3607 754 tan-

355 799 709 869 τυγχάνουσιν
738 802 844 863 ὅτι,
883 802 1015 873 μηδὲ
1066 804 1164 866 τάς
1224 804 1544 875 προχείρους
1588 802 1761 866 λέξεις
1819 801 1927 853 τῶν

2053 814 2198 866 luam
2229 798 2433 851 scilicet
2461 795 2633 849 Filius
2659 796 2979 865 unigenitus,
3006 794 3190 863 plenus
3228 793 3401 862 gratia
3430 800 3478 844 et
3518 806 3608 844 ve-

357 887 512 942 θείων
538 889 827 963 ἐξηκρίϐου
864 893 1327 963 ἀναγνωσμάτων,
1368 894 1443 957 ὡς
1459 893 1524 947 ἂν
1560 893 1776 963 γνωσθῇ
1823 895 1933 955 τοῖς

2053 891 2196 942 ritate
2221 890 2287 942 '°.
2325 888 2678 943 lntermedias
2727 896 2903 940 autem
2958 895 3138 957 partes
3192 883 3475 953 supplebat
3513 897 3609 935 suo

355 974 437 1029 ἔτι
466 978 625 1031 αὐτὸν
655 979 959 1047 ἀγνοοῦσιν,
992 983 1169 1043 ὁποῖός
1202 1000 1286 1045 τις
1306 982 1402 1048 ὣν,
1427 984 1518 1036 ἐπὶ
1541 982 1637 1052 τὴν
1660 982 1765 1035 τῶν
1787 983 1935 1053 εἰρη-

2053 979 2213 1045 Patri,
2248 995 2371 1034 cum
2408 979 2708 1034 ministerio
2740 979 3072 1047 angelorum,
3104 978 3276 1045 legem
3306 974 3609 1031 hominibus

356 1066 532 1139 μένων
566 1071 813 1142 προήχθη
840 1072 1062 1143 τόλμαν.

2053 1068 2432 1139 promnlgaret.
2457 1068 2557 1134 Qui
2591 1069 2819 1123 docebat
2858 1068 3174 1136 ignorantes
3202 1077 3256 1121 et
3294 1066 3612 1128 ineruditos,

355 1164 691 1234 theologicas
734 1169 800 1221 de
848 1168 939 1223 Dei
989 1169 1124 1223 Filio
1196 1170 1449 1237 rationes,
1501 1170 1788 1239 Apostolus
1860 1168 2000 1221 idem
2044 1166 2381 1235 consignavit
2425 1169 2491 1220 ad
2545 1167 2703 1220 istum
2753 1167 2969 1219 modum
3022 1164 3305 1235 inquiens,
3354 1161 3610 1216 Mediator

356 1264 533 1309 autem
573 1272 677 1311 non
723 1268 801 1313 est
835 1262 989 1313 unius
1032 1262 1307 1314 mediator.
1341 1262 1527 1331 Neque
1568 1271 1712 1315 certe
1752 1268 1939 1313 natura
1983 1257 2057 1310 rei
2109 1259 2307 1326 patitur
2379 1258 2733 1313 mediatorem
2799 1258 2865 1312 de
2909 1272 3017 1311 uno
3062 1271 3331 1325 quoquam
3379 1253 3609 1309 deliniri.

356 1342 480 1397 Ideo
533 1363 637 1400 non
676 1360 758 1402 est
800 1351 961 1407 unius
1016 1351 1241 1420 alicujus
1284 1355 1405 1417 iste,
1435 1353 1529 1407 sed
1596 1352 1804 1405 medius
1868 1351 2178 1405 necessario
2227 1349 2368 1402 inter
2396 1350 2549 1413 duos,
2578 1349 2644 1402 ab
2678 1361 2907 1419 utroque
2954 1350 3215 1410 diversus,
3244 1363 3471 1417 quorum
3502 1356 3611 1401 sta-

357 1436 527 1489 tuitur
558 1438 845 1493 mediator.
872 1438 988 1494 Non
1016 1452 1099 1495 est
1126 1458 1253 1513 ergo
1282 1442 1701 1497 existimandum
1732 1482 1747 1507 ,
1781 1442 1925 1495 hunc
1962 1455 2081 1494 esse
2112 1440 2296 1493 Dentn-
2326 1440 2475 1493 illum
2497 1481 2511 1505 ,
2578 1440 2668 1510 qui
2738 1451 2822 1496 est
2871 1457 3030 1511 supra
3076 1442 3253 1494 omnia
3289 1441 3432 1494 Dens
3471 1458 3483 1493 :
3518 1454 3613 1492 ne-

358 1530 483 1582 dum
522 1530 589 1585 de
636 1548 861 1587 numero
900 1534 1209 1604 angelorum
1254 1535 1527 1605 aliquem:
1560 1536 1652 1590 sed
1699 1534 1929 1588 medium
1970 1544 2325 1602 utrorumque
2363 1541 2416 1586 et
2482 1535 2869 1595 Inediatorem,
2914 1534 3109 1603 quippe
3153 1548 3274 1587 cum
3329 1534 3471 1587 inter
3514 1530 3613 1584 Pa-

356 1630 496 1675 trem
528 1638 681 1676 suum
710 1634 763 1679 et
792 1627 1008 1696 angelos
1053 1630 1351 1683 intercedat
1393 1628 1617 1682 medius.
1656 1628 1740 1681 Ad
1772 1630 2017 1681 eumdem
2059 1628 2270 1679 modum
2302 1628 2518 1691 iterum,
2568 1627 2658 1682 ubi
2693 1628 2781 1682 Dei
2825 1637 2987 1696 atque
3039 1627 3316 1681 hominum
3351 1625 3615 1679 mediator

358 1714 418 1767 lit
471 1716 610 1767 inter
660 1717 904 1772 ordinem
956 1725 1247 1788 utrumque
1309 1718 1685 1783 intermedius,
1716 1718 1911 1772 nullius
1970 1720 2159 1772 horum
2199 1730 2301 1785 est,
2334 1720 2600 1774 exsistens
2637 1721 2916 1774 mediator.
2954 1719 3068 1774 Non
3110 1728 3192 1774 est
3255 1719 3344 1773 ille
3384 1734 3522 1773 unus
3561 1728 3613 1771 et

358 1806 509 1861 solus
564 1808 703 1863 Deus
750 1826 766 1863 :
816 1825 926 1865 non
960 1811 1156 1877 homo,
1203 1827 1308 1880 quo
1364 1812 1523 1868 modo
1568 1810 1749 1866 caeteri
1796 1810 2041 1865 homines
2094 1820 2243 1865 sunt.
2285 1812 2422 1877 Quid
2478 1813 2729 1876 tandem,
2787 1812 2829 1867 si
2893 1812 3026 1866 nihil
3084 1811 3313 1877 horum,
3370 1809 3615 1865 exsistit?

358 1898 519 1953 Certe
577 1900 667 1953 Dei
728 1901 894 1956 Filius
940 1903 1269 1971 unigenitus,
1306 1902 1415 1970 jam
1470 1907 1794 1960 constitutus
1856 1903 1951 1957 Dei
2000 1911 2049 1957 et
2109 1904 2385 1958 hominum
2445 1903 2711 1958 mediator
2762 1925 2775 1959 :
2836 1904 2962 1958 olim
3004 1919 3133 1959 vero
3196 1908 3255 1967 ὦ
3315 1902 3415 1956 sub
3478 1914 3616 1957 tem-

359 1992 581 2063 poribus
626 1993 895 2063 Mosaicis,
946 1995 1035 2049 Dei
1081 1998 1346 2057 mediator
1390 2010 1443 2051 et
1487 2000 1823 2066 angelorum.
1900 1997 2025 2051 Haec
2082 2006 2211 2050 sunt
2273 1996 2360 2049 illa
2401 2010 2523 2065 quae
2566 2013 2794 2066 magnus
2852 1996 3137 2066 Apostolus
3175 1996 3263 2049 ille
3302 1995 3365 2048 ad
3401 1992 3617 2051 Galatas

360 2084 642 2151 scriptura:
698 2086 936 2151 tradidit,
996 2084 1104 2140 Lex
1158 2102 1249 2153 per
1298 2086 1510 2154 angelos
1571 2088 1838 2153 ordinata,
1908 2089 1960 2140 in
2025 2102 2186 2138 manu
2260 2087 2591 2149 mediatoris,
2657 2088 2906 2156 inquiens
2967 2086 3289 2139 :Mediator
3328 2088 3485 2138 unius
3520 2082 3617 2136 ali-

361 2174 513 2244 cujus
555 2192 660 2229 non
690 2186 764 2230 est
795 2191 823 2239 ,ε
856 2176 992 2231 Deus
1050 2190 1225 2230 autem
1275 2194 1409 2232 unus
1455 2191 1554 2233 est.
1587 2178 1737 2234 Unus
1773 2180 1953 2247 itaque
1993 2177 2135 2231 Deus
2163 2185 2344 2241 est,et
2386 2194 2525 2233 unus
2573 2181 2843 2234 mediator
2877 2180 2971 2234 Dei
3040 2189 3203 2248 atque
3230 2179 3535 2239 hominum,
3568 2184 3617 2229 et

362 2269 603 2323 omnium
656 2269 877 2338 insuper
921 2284 1350 2342 generatorum:
1392 2273 1481 2344 qni
1520 2286 1623 2325 non
1667 2289 1812 2326 nunc
1838 2274 2068 2342 primum
2133 2275 2521 2328 exordiebatur
2576 2272 2958 2329 mediationem
2999 2287 3151 2326 suam
3217 2272 3283 2324 ad
3362 2269 3618 2333 salutem,

365 2357 458 2409 sed
490 2356 616 2411 olim
649 2360 903 2412 exstabat
929 2361 1217 2425 mediator,
1250 2378 1371 2416 cum
1413 2363 1649 2416 nondum
1682 2363 1822 2417 inter
1856 2363 2101 2419 homines
2130 2374 2294 2418 natus
2318 2374 2631 2420 versaretur
2656 2383 2669 2420 :
2697 2366 2839 2434 quod
2877 2364 2990 2433 jam
3056 2364 3228 2433 prius,
3294 2363 3345 2416 in
3413 2375 3618 2415 sermo-

366 2460 435 2499 ne
466 2447 895 2529 demonstratum
943 2463 1046 2506 est.
1092 2452 1217 2508 llaec
1249 2464 1375 2508 sunt
1419 2454 1509 2508 illa
1561 2471 1680 2524 qua:
1716 2456 1954 2511 breviter
1991 2469 2045 2512 et
2074 2474 2170 2529 per
2197 2457 2576 2528 compendium
2604 2457 2814 2512 Galatis
2853 2458 3207 2527 pr0ponimus
3268 2454 3617 2511 consideran-

368 2538 457 2603 da,
500 2554 568 2591 ex
592 2528 681 2593 illa
715 2542 829 2608 ipsa
865 2545 927 2597 ad
955 2544 1178 2600 Galatas
1216 2548 1443 2616 epistola
1476 2547 1653 2613 Pauli,
1682 2550 1733 2601 in
1767 2565 1869 2617 qua
1934 2528 2357 2606 fideiisalutaris
2392 2550 2480 2605 illa
2528 2551 2755 2621 mystica
2787 2550 3102 2604 continetur
3143 2546 3505 2618 regeneratio,
3566 2546 3619 2599 in

369 2634 576 2687 nomine
608 2630 808 2701 Patris,
835 2649 882 2690 et
908 2637 1039 2692 Filii
1067 2652 1112 2692 et
1153 2640 1381 2710 Spiritus
1405 2644 1600 2696 sancti.
1632 2642 1783 2709 Quae,
1816 2654 2175 2714 praeterquam
2219 2646 2363 2715 quod
2426 2646 2536 2700 sint
2605 2644 2798 2699 litteris
2841 2645 3037 2699 divinis
3111 2645 3451 2713 consignata,
3500 2651 3621 2696 sunt

367 2724 530 2779 etiam
562 2729 737 2783 adhuc
773 2731 1030 2799 majorem
1055 2735 1107 2788 in
1132 2737 1347 2788 modum
1376 2736 1693 2791 confirmata
1763 2754 1858 2806 per
1917 2740 2265 2795 traditionem
2312 2740 2594 2796 catholicae
2649 2739 2924 2803 Ecclesiae,
2990 2755 3111 2810 quae
3146 2758 3174 2793 a
3223 2740 3327 2793 line
3364 2740 3429 2793 ad
3463 2738 3621 2791 linem

370 2824 643 2873 terrarum
681 2822 1021 2887 dilIunditur,
1092 2841 1213 2894 quae
1284 2844 1380 2898 per
1442 2845 1547 2883 non
1587 2833 1848 2900 scriptam
1890 2832 2236 2887 traditionem
2282 2848 2565 2887 sacrarum
2608 2832 3016 2902 Scripturarum
3072 2832 3384 2886 testimonia
3416 2828 3621 2884 confir-

371 2917 483 2960 mat
527 2918 583 2963 et
624 2912 899 2983 obsignat.
932 2914 1051 2969 Jam
1090 2932 1222 2972 vero
1253 2933 1463 2989 tempus
1489 2930 1572 2974 est
1602 2929 1663 2974 ut
1702 2922 1956 2991 deinceps
1979 2922 2215 2978 Marcelli
2252 2925 2415 2979 verba
2444 2926 2495 2979 in
2538 2927 2771 2980 medium
2797 2925 3135 2997 proferamus
3168 2931 3221 2977 et
3248 2939 3370 2993 quae
3401 2921 3623 2994 polliciti

369 3011 578 3063 sumus,
624 3003 1105 3072 demonstratione,
1160 3024 1527 3078 proponamus
1589 3015 1785 3081 quibus
1839 3014 1926 3067 illa
1968 3016 2271 3072 clarissime
2322 3032 2715 3089 pr0ponnntur,
2746 3038 2867 3091 qua:
2892 3028 3021 3075 sunt
3076 3037 3103 3073 a
3166 3020 3320 3074 nobis
3360 3019 3623 3075 hactenus

367 3093 769 3163 disputata;ne
797 3099 919 3167 quis
941 3110 1089 3169 putet
1115 3117 1208 3170 per
1234 3103 1598 3157 calumniandi
1670 3106 1965 3171 libidinem,
2007 3123 2130 3164 esse
2188 3111 2302 3166 haec
2354 3112 2407 3166 in
2471 3112 2617 3166 illum
2656 3122 2930 3183 congesta.
2978 3111 3424 3180 Quandoquidem
3496 3125 3624 3166 vero

367 3187 501 3241 mihi
551 3194 886 3259 propositum
944 3194 1016 3247 sit
1065 3195 1303 3248 breviter
1370 3197 1458 3249 illa
1503 3198 1834 3265 describere,
1892 3216 2009 3268 qua:
2047 3214 2171 3257 sunt
2206 3206 2273 3258 ab
2304 3222 2368 3260 co
2400 3208 2564 3273 dicta,
2592 3224 2695 3261 non
2732 3218 2907 3263 tamen
2937 3207 3055 3261 ideo
3081 3206 3355 3275 sigillatim
3386 3189 3440 3261 et
3462 3206 3625 3261 verbo

374 3285 530 3332 tenus
554 3280 642 3333 illa
669 3281 905 3336 arbitror
928 3284 981 3335 in
1006 3288 1256 3353 praesenti
1287 3302 1407 3340 esse
1438 3291 1794 3345 rccensenda.
1818 3289 2048 3347 Tantum
2087 3296 2172 3348 illa
2204 3312 2323 3364 qum
2366 3300 2635 3368 praecipua
2704 3310 2849 3363 sunt,
2911 3310 2965 3353 et
3014 3313 3231 3352 causam
3303 3300 3585 3365 continent,
3608 3341 3622 3364 ,

369 3372 665 3436 advocabo,
702 3376 1082 3440 praetermissis
1124 3380 1573 3447 quamplurimis,
1612 3397 1711 3435 nec
1762 3387 2106 3452 necessariis,
2131 3398 2187 3443 et
2216 3390 2265 3442 in
2298 3390 2439 3444 idem
2472 3392 2645 3459 ipsum
2718 3390 3151 3446 recurrentibus.
3210 3388 3371 3444 Prius
3446 3398 3624 3443 tamen

368 3479 530 3533 quam
569 3466 636 3518 ad
671 3480 785 3519 rem
829 3468 1135 3537 aggrediar,
1166 3484 1261 3539 per
1302 3470 1816 3527 demonstrationem
1849 3490 2072 3532 necesse
2097 3488 2181 3532 est
2210 3479 2397 3535 lectori
2435 3482 2624 3537 faciam
2682 3480 3052 3553 manifestum,
3107 3495 3210 3533 non
3265 3479 3431 3535 fuisse
3482 3482 3627 3535 hunc

364 3558 644 3614 hominem
680 3569 988 3613 assecutum
1047 3562 1352 3615 divinarum
1400 3562 1703 3618 litterarum
1770 3576 2007 3622 mentem
2048 3580 2101 3625 et
2149 3574 2515 3642 sententiam,
2558 3574 2755 3628 nedum
2786 3590 2907 3628 cum
2955 3583 3130 3627 essent
3180 3572 3489 3643 cuicunque
3524 3574 3625 3628 ob-

364 3652 467 3706 viae
494 3666 509 3705 :
539 3658 599 3702 ut
631 3649 705 3703 illi
739 3651 829 3718 qui
865 3652 1135 3721 ignorant,
1166 3652 1288 3722 quis
1321 3664 1375 3708 et
1406 3655 1581 3723 qualis
1612 3654 1684 3708 sit
1734 3656 1929 3725 adhuc,
1972 3660 2274 3732 intelligant
2315 3664 2551 3729 tandem,
2579 3674 2779 3733 quanta
2823 3679 2944 3719 cum
2984 3664 3206 3717 audacia
3246 3664 3313 3718 ad
3358 3666 3469 3735 ipsa
3510 3665 3627 3720 haec

363 3740 580 3810 scriptis
610 3743 922 3812 proruperit
950 3746 1398 3801 commendanda.

1013 3838 1173 3890 ΚΕΦ.
1218 3838 1294 3892 Β’.

1014 3854 1173 3890 new.
1219 3854 1259 3888 υ
1280 3878 1294 3892 .

461 3929 584 3982 Ὅτι
615 3929 758 3982 οὐδὲ
782 3930 891 3995 τὰς
925 3931 1087 3995 θείας
1105 3930 1421 3997 ἐξηκρίϐου
1447 3934 1691 4001 Γραφάς
1716 3935 1844 4004 (66).
1972 3854 2017 3909 Β

434 4021 641 4074 Αὐτίκα
672 4022 717 4073 δ’
747 4017 859 4083 οὖν,
893 4020 987 4073 τοῦ
1012 4023 1295 4092 προφήτου
1332 4024 1600 4094 Ζαχαρίου
1636 4026 1777 4079 κατὰ
1821 4028 1947 4094 τοὺς

2699 3841 2850 3898 CAP.
2901 3843 2964 3897 ll.

2089 3935 2242 4000 Quod
2286 3951 2377 3988 nec
2418 3951 2597 3989 sacras
2641 3934 2950 4004 Scripturas
2988 3936 3115 3989 satis
3162 3944 3339 3989 exacte
3376 3935 3589 3990 callent.

2122 4024 2257 4079 Cum
2290 4025 2550 4093 propheta
2582 4024 2891 4089 Zacharias,
2927 4025 2972 4080 is
3006 4025 3263 4080 nimirum
3293 4026 3387 4095 qui
3421 4037 3626 4096 tempo-

361 4111 463 4181 τῆς
493 4112 751 4166 ἐπανόδου
787 4113 1010 4182 χρόνους
1032 4112 1133 4182 τῆς
1159 4113 1265 4165 ἀπὸ
1293 4114 1607 4178 Βαϐυλῶνος
1632 4118 1941 4187 γενομένου,

374 4204 549 4275 Ἰησοῦ
582 4222 641 4257 τε
680 4206 1150 4276 μνημονεύσαντος
1181 4205 1274 4258 τοῦ
1305 4207 1496 4276 ἱερέως
1541 4206 1636 4259 τοῦ
1684 4209 1940 4278 μεγάλου,

358 4293 558 4368 δηλαδὴ
588 4296 682 4349 τοῦ
715 4296 831 4349 υἱοῦ
900 4296 1166 4361 Ἰωσεδὲκ,
1201 4297 1260 4360 ὃς
1318 4297 1433 4367 ἃμα
1491 4299 1795 4368 Ζοροϐάϐελ
1837 4301 1943 4354 τῶν

359 4387 468 4441 ἀπὸ
493 4386 810 4452 Βαϐυλῶνος
863 4387 1267 4442 ἐπανελθόντων
1317 4390 1581 4461 ἡγήσατο,
1618 4392 1646 4443 ὁ
1698 4395 1943 4460 γενναῖος

360 4471 515 4542 οὗτος
552 4480 645 4532 καὶ
704 4479 1015 4550 θαυμαστὸς
1064 4481 1417 4551 ὑπογραφεὺς
1462 4481 1614 4534 ταῦτ’
1648 4484 1941 4554 ἀγνοήσας,

358 4569 539 4640 τίθησι
572 4571 670 4641 μὲν
695 4570 786 4625 τοῦ
812 4571 1081 4643 Ζαχαρίου
1132 4572 1228 4641 τὴν
1260 4573 1424 4639 λέξιν,
1455 4574 1521 4626 δι’
1552 4567 1620 4644 ἧς
1676 4575 1946 4645 μέμνηται

359 4660 454 4714 τοῦ
490 4662 687 4733 Ἰησοῦ,
727 4663 942 4733 μακρὰν
973 4663 1149 4734 δὲτῆς
1188 4666 1427 4735 ἱστορίας
1468 4665 1825 4729 ἀκοντισθεὶς,
1858 4665 1945 4718 λέ-

360 4767 476 4821 γειν
506 4755 666 4808 αὐτὸν
700 4755 967 4824 ὑπείληφε
998 4754 1110 4825 (67)
1148 4758 1274 4826 περὶ
1320 4756 1494 4827 Ἰησοῦ
1522 4756 1801 4819 Μωῦσέως
1831 4756 1945 4811 δια-

436 4854 494 4909 >Ι<
522 4848 618 4901 Ed.
656 4849 855 4912 Paris,
892 4866 1009 4917 pag.
1047 4850 1100 4903 9.

440 4924 496 4980 »Ῑη
539 4920 633 4971 Ed.
676 4919 873 4984 Paris.,
906 4934 1028 4987 pag.
1064 4918 1152 4973 10.

432 5010 479 5039 ³ο
513 5004 670 5062 Joan.
698 5024 735 5071 ι,
766 5006 854 5062 14.
907 5010 950 5041 ¹¹
978 5008 1146 5062 Zach.
1180 5024 1263 5075 ιιι,
1294 5010 1343 5063 l.

2053 4133 2111 4170 re
2148 4117 2352 4170 reditus
2380 4132 2409 4171 e
2440 4116 2709 4187 Babylone
2740 4116 2861 4180 fuit,
2892 4119 3219 4172 mentionem
3251 4118 3449 4174 alicubi
3472 4119 3517 4150 ¹¹
3546 4118 3625 4172 fa-

2052 4208 2161 4263 ciat
2203 4204 2328 4264 Jesu
2360 4209 2637 4278 pontificis
2686 4211 2832 4264 illius
2868 4210 3085 4279 magni,
3124 4212 3328 4265 scilicet
3358 4210 3623 4266 Josedeco

2049 4302 2237 4367 geniti,
2261 4301 2351 4371 qui
2389 4318 2492 4356 una
2533 4317 2655 4356 cum
2703 4301 3056 4367 Zorobabele,
3086 4304 3390 4373 principatu
3436 4303 3626 4374 funge-

2050 4393 2212 4447 batur
2263 4395 2405 4449 inter
2433 4394 2667 4460 Judteos,
2702 4396 2791 4464 qui
2834 4396 2900 4449 de
2948 4395 3217 4467 Babylone
3282 4395 3627 4450 reverteban-

2055 4497 2163 4551 tur,
2194 4485 2492 4556 prteclarus
2524 4486 2626 4541 iste
2656 4497 2709 4541 et
2739 4487 2997 4542 mirificus
3024 4502 3154 4541 sane
3174 4487 3407 4556 scriptor
3427 4492 3485 4550 ὦ
3523 4487 3623 4541 bo-

2054 4592 2173 4629 rum
2214 4578 2453 4631 omnium
2506 4578 2745 4647 ignarus,
2778 4575 3057 4632 Zachariae
3094 4578 3257 4631 verba
3287 4578 3499 4646 quidem
3534 4577 3620 4630 illa

2056 4669 2207 4733 citat,
2240 4684 2361 4737 quae
2404 4667 2530 4722 Jesu
2583 4668 2729 4723 illius
2775 4668 3157 4733 meminerunt,
3188 4668 3281 4723 sed
3312 4684 3342 4721 a
3376 4682 3536 4722 sensu
3570 4677 3624 4721 et

2054 4760 2325 4813 sententia
2367 4759 2697 4814 narrationis
2745 4759 2892 4815 illius
2931 4760 3135 4815 recedit
3176 4775 3336 4830 quam
3369 4758 3623 4828 longissi-

436 5118 839 5194 (66)_Cont_i_net
866 5120 1189 5194 boc__capn_t
1226 5120 1597 5194 velitationem
1644 5125 1935 5190 quamdam

2053 5123 2287 5194 ενόησεν.
2331 5122 2505 5188 Male;
2568 5131 2823 5176 caeterum
2877 5125 3034 5177 codd.
3076 5123 3297 5177 ἐλάϐετο
3340 5122 3457 5176 loco
3503 5121 3626 5176 ἔλαι-

364 5190 505 5260 inter
531 5188 842 5242 Marcellum
870 5200 925 5243 et
968 5190 1283 5254 Eusebium,
1327 5193 1391 5245 de
1437 5192 1567 5246 locis
1612 5188 1935 5260 quibusdam

366 5260 416 5314 in
442 5258 738 5325 Scripturis
768 5260 1132 5314 sacrosanctis
1163 5276 1447 5328 perperam
1492 5258 1800 5326 intellectis,
1831 5265 1937 5317 sal-

366 5340 471 5383 tem
505 5339 561 5381 ut
611 5338 800 5381 nostro
829 5330 1113 5383 videbatur
1164 5330 1414 5391 Eusebio.
1470 5348 1498 5385 a
1551 5334 1824 5386 Marcello.
1876 5333 1931 5386 ln

364 5402 563 5473 quibus
597 5397 912 5473 plerumque
944 5398 1257 5473 λεπτολογεί
1302 5403 1329 5453 ὁ
1378 5400 1744 5473 ξυγγραφεύς,
1780 5412 1834 5456 et
1879 5405 1944 5456 de

364 5468 738 5541 lanacaprina
758 5468 959 5541 litigat.
996 5470 1281 5524 Concludit
1304 5468 1649 5537 autenteum,
1678 5474 1769 5541 qui
1798 5473 1931 5526 adeo

368 5539 650 5608 pueriliter
685 5537 1066 5604 hallucinetur,
1112 5542 1331 5594 minime
1368 5537 1844 5597 audiendum-esse
1891 5544 1947 5596 in

362 5620 415 5661 et
449 5609 515 5663 de
555 5609 715 5662 rebus
751 5608 1068 5677 theologicis
1103 5612 1480 5665 disserentem.
1516 5612 1722 5665 Textus
1768 5613 1839 5666 illi
1884 5613 1950 5664 de

363 5679 656 5746 Scripturis
703 5677 841 5731 male
870 5680 1071 5744 accepti
1109 5691 1423 5747 Sequuntur.
1462 5681 1609 5733 M.—-
1639 5682 1758 5735 Mox
1790 5682 1875 5733 vnl
1918 5697 1949 5735 ο

363 5763 469 5803 γιν.
509 5757 563 5801 et
593 5747 897 5803 ἀργιερέως
931 5748 1047 5803 loco
1075 5748 1166 5801 τοῦ
1187 5751 1222 5802 ἱ.
1250 5761 1304 5803 et
1352 5750 1601 5803 Ίωσηδὲκ
1627 5762 1680 5803 et
1709 5698 1946 5803 Z0006:-

359 5763 469 5823 γιν.
509 5757 567 5823 et
593 5747 897 5823 ἀρχιερέως
931 5748 1047 5803 loco
1075 5748 1222 5823 τοῦ-ἱ.
1250 5761 1304 5804 et
1352 5750 1601 5823 Ἰωσηδὲκ
1627 5762 1680 5806 et
1709 5747 1962 5823 Ζοροϐἀ-’

263 5826 288 5845 ⁸
352 5815 482 5896 ϐηλ.
537 5815 705 5872 Porro
724 5815 804 5872 nin
852 5834 993 5872 corr.
1036 5821 1121 5874 ed.
1175 5820 1232 5874 ι’.
1274 5840 1292 5872 ι
1348 5822 1405 5875 L.
1444 5815 1717 5892 ἐννόησεν.
1761 5815 1934 5876 {loco

2049 5193 2158 5246 θεν.

2259 5261 2399 5330 Περὶ
2428 5262 2621 5336 ἰῃ-σοίῦ
2642 5260 2937 5336 Μωυσέως
2966 5261 3268 5336 διαδόχου.
3293 5261 3379 5336 Ait
3399 5259 3625 5336 Marcel-

2045 5332 2178 5394 lum,
2201 5334 2373 5385 locum
2396 5350 2425 5385 e
2469 5332 2746 5385 Zacharize
2765 5333 2926 5385 tertio
2951 5334 3134 5400 capit.,
3158 5346 3301 5383 vers.
3326 5332 3374 5395 l,
3396 5332 3482 5381 ubi
3506 5332 3587 5400 agi
3604 5359 3623 5369 -

2052 5404 2223 5456 tarde
2256 5401 2379 5457 Jcsu
2411 5401 2675 5462 Josedeci,
2714 5401 2967 5471 pontifice
3005 5404 3055 5455 in
3078 5399 3265 5464 Israel,
3296 5402 3347 5452 in
3377 5399 3547 5452 reditu
3593 5417 3625 5455 e

2050 5472 2344 5541 Babylone,
2376 5476 2444 5525 ab
2488 5488 2550 5525 eo
2579 5473 2641 5523 de
2668 5469 2815 5525 Jesn.
2854 5469 2988 5523 Nunt
3022 5471 3218 5541 Moysis
3252 5484 3622 5541 successorem

2054 5539 2355 5610 acceptum.
2388 5544 2545 5597 Certe
2572 5542 2719 5595 valde
2757 5552 2875 5597 erat
2914 5539 3195 5594 Marcellus
3228 5539 3435 5607 ἠλίθιος
3457 5548 3512 5591 et
3536 5539 3622 5591 in-

2056 5611 2416 5675 fantissimus,
2448 5614 2492 5666 si
2524 5613 2573 5665 id
2601 5613 2672 5663 ita
2707 5613 2895 5665 volunt
2925 5611 3089 5665 verba
3126 5610 3241 5677 ejus
3267 5624 3386 5677 qua:
3429 5610 3624 5664 recitat

2059 5683 2172 5749 ipse
2197 5683 2479 5745 Eusebius,
2510 5698 2614 5734 non
2648 5682 2748 5735 hoc
2780 5682 3032 5735 evincunt
3068 5698 3080 5732 :
3113 5678 3457 5749 nequeenim
3501 5687 3618 5749 sta~
3700 5709 3725 5727 .

2058 5746 2173 5815 tim,
2200 5752 2287 5805 ubi
2320 5761 2505 5817 egerat
2538 5752 2602 5803 de
2647 5750 2773 5803 .lesu
2806 5750 3059 5819 pontifice
3112 5746 3252 5817 apud
3291 5746 3612 5819 Zachariam

2057 5823 2143 5876 illa
2174 5823 2459 5885 subinfert,
2494 5835 2611 5887 qua:
2641 5818 3000 5876 calumniatur
3032 5820 3318 5876 Eusebius.
3351 5818 3617 5879 ὃτιαύτὸς
