4088 6448
422 431 522 488 751

1106 429 1376 487 EUSEBII
1416 430 1899 488 CAESARIENSIS
1938 431 2092 488 (lPP.
2133 431 2318 489 PARS
2357 433 2448 491 IV.
2486 465 2558 480 —
2598 434 3021 493 DOGMATICA.

3594 436 3716 493 733

421 568 529 608 me.
558 548 696 606 Nam
725 548 910 607 Iesum
944 548 1093 606 illum
1123 551 1294 606 voluit
1329 551 1418 607 hic
1444 551 1801 622 intelligi,qui
1840 550 2008 622 Moysi

2132 551 2290 621 ῑόχου.
2319 550 2432 603 Καὶ
2483 550 2645 606 πάλιν
2672 552 2767 604 τοῦ
2796 547 3464 622 Ἀποστόλου’γράψαντος
3521 555 3581 607 ὲν
3635 551 3711 621 τῇ

421 642 746 700 succedebat
786 641 1114 698 immediate.
1160 641 1408 704 Deinde.
1448 657 1570 697 cum
1608 642 1915 713 Apostolus.
1953 644 2007 697 in

422 737 512 793 illa
537 749 658 807 qua:
683 743 768 789 est
819 735 884 789 ad
913 734 1134 790 Galatas
1166 733 1405 802 Epistola
1448 734 1675 800 scribat,
1711 732 2008 788 Jerusalem

421 842 541 896 quae
589 841 799 880 sursum
841 836 950 889 est,
980 825 1146 878 libera
1194 837 1306 888 est,
1347 841 1465 895 quia
1512 836 1747 879 nostrum
1797 825 2010 894 quidem

424 916 659 969 omnium
688 925 856 968 mater
888 926 963 969 est
988 917 1072 982 ³²;
1110 914 1203 970 hic
1235 915 1398 979 idem,
1436 930 1532 984 per
1570 914 2007 985 imprudentiam,

426 1016 521 1062 aut
553 1007 696 1078 quod
725 1010 957 1075 ignoret,
998 1008 1082 1064 vel
1110 1018 1261 1065 certe
1301 1008 1484 1063 sciens
1520 1007 1815 1078 volensque
1846 1007 2010 1062 verba

425 1099 516 1155 illa
540 1098 822 1168 depravat,
851 1099 977 1153 dum
1012 1099 1079 1154 ad
1112 1099 1273 1154 istum
1306 1100 1525 1153 modum
1558 1098 1788 1154 scribit:
1815 1096 2011 1151 Nostra

424 1201 603 1246 autem
623 1189 927 1244 Jerusalem
964 1206 1176 1244 sursum
1211 1200 1307 1245 est.
1340 1189 1467 1259 Ipsa
1504 1191 1641 1243 enim
1670 1189 1726 1242 in
1767 1189 2012 1243 servitute

426 1294 501 1338 est
524 1299 642 1337 cum
669 1283 798 1352 ﬁliis
824 1284 958 1336 suis.
996 1282 1184 1338 Tertio
1212 1283 1299 1337 ubi
1323 1282 1541 1338 Petrum
1566 1282 1645 1338 sic
1670 1279 1867 1336 aﬂ'atur
1884 1280 2014 1336 Ser-

426 1386 584 1432 vator
611 1375 686 1430 ”:
710 1374 807 1427 Abi
828 1374 893 1427 de
913 1384 1026 1442 post
1051 1390 1151 1440 me,
1186 1374 1354 1429 Satan
1377 1389 1398 1439 ,°
1426 1373 1678 1428 seandalo
1713 1374 1852 1426 enim
1885 1371 2014 1425 mihi

426 1482 637 1532 es,cum
655 1481 758 1519 non
782 1466 956 1534 sapias
987 1481 1048 1518 ea
1071 1480 1189 1534 qut?
1220 1464 1315 1518 Dei
1326 1474 1482 1528 sunt,
1507 1464 1596 1518 sed
1626 1479 1743 1532 que
1763 1471 1884 1516 sunt
1915 1463 2013 1515 Ito-

429 1559 658 1621 minum,
685 1556 908 1612 minime
959 1554 1262 1626 intelligens
1301 1556 1571 1625 quomodo
1613 1557 1728 1610 haec
1767 1555 2017 1609 dicantur

429 1649 497 1705 ad
535 1646 874 1717 Apostolum,
912 1656 1006 1703 aut
1033 1661 1323 1719 quorsum,
1367 1647 1599 1702 allirmat
1632 1647 1700 1700 ad
1741 1645 2013 1702 diabolum

430 1752 554 1794 esse
575 1738 741 1793 dicta.
763 1736 1080 1810 Hujusmodi
1115 1737 1201 1793 ille
1225 1738 1674 1796 hallucinationes
1704 1737 1864 1792 simul
1886 1752 2017 1792 con-

433 1840 615 1902 gestas
661 1845 768 1885 una
821 1832 981 1886 modo
1036 1831 1262 1901 periodo
1304 1830 1750 1901 comprehendit,
1791 1830 2014 1885 totidem

2111 642 2249 714 πρὸς
2297 641 2543 705 Γαλάτας
2601 640 2856 712 ἐπιστολῇ
2911 639 3100 695 τοῦτον
3140 640 3233 693 τὸν
3278 641 3508 711 τρόπον’
3547 644 3613 697 Ἠ
3638 640 3717 695 δὲ

2111 733 2233 787 ἅνω
2268 731 2657 802 Ἰερουσαλὴμ
2698 731 2986 801 ἐλευθέρα
3022 731 3195 786 ἐστὶν
3213 772 3227 796 ,
3262 732 3395 800 ἣτις
3415 733 3548 788 ἐστὶ
3580 733 3679 803 μή
3708 765 3717 772 -

2110 841 2221 892 τηρ
2240 819 2411 893 ἡμῶν
2433 823 2747 877 ἁπάντων·
2791 823 2998 888 ἔλαθεν,
3027 824 3059 894 ἢ
3119 824 3220 878 οὐκ
3250 824 3492 896 ἐνόησεν,
3532 826 3568 897 ἦ
3610 825 3716 880 καὶ

2113 914 2253 969 ἑκὼν
2285 914 2597 985 διαστρέφει
2630 911 2723 968 τὸν
2747 914 2903 984 λόγον
2928 914 3153 985 γράφων
3172 932 3185 945 ·
3234 917 3298 970 Ἡ
3342 914 3412 969 δὲ
3442 916 3716 986 ἡμετέρα

2123 1009 2530 1080 Ἰερουσαλὴμ,
2557 1009 2680 1064 ἄνω
2707 1009 2842 1063 ἐστι
2860 1025 2874 1039 ·
2912 1007 3023 1081 (68)
3071 1008 3222 1077 αὕτη
3247 1009 3360 1078 γὰρ
3420 1009 3713 1065 δουλεύει

2107 1104 2259 1175 μετὰ
2284 1102 2405 1156 τῶν
2446 1101 2674 1156 τέκνων
2720 1100 2929 1171 αὐτῆς.
2965 1102 3075 1155 Καὶ
3127 1096 3284 1165 αὖθις
3312 1102 3408 1156 τοῦ
3448 1103 3713 1175 Σωτῆρος

2114 1195 2271 1269 ἡμῶν
2296 1194 2376 1265 τῷ
2398 1193 2593 1267 Πέτρῳ
2623 1194 2933 1265 εἰρηκότοςο
2953 1193 3064 1264 (69)
3095 1193 3311 1263 Ὕπαγε
3338 1194 3532 1249 ὀπίσω
3553 1214 3709 1265 μου,

2114 1282 2382 1340 Σατανᾶ·
2443 1282 2796 1337 σκάνδαλον
2854 1278 2915 1337 εἴ
2962 1282 3111 1352 ἐμοὶ,
3139 1283 3230 1338 ὅτι
3269 1286 3341 1339 οὑ
3362 1285 3607 1353 φρονεῖς
3629 1286 3712 1340 τὰ

2114 1374 2222 1430 τοῦ
2259 1373 2428 1439 Θεοῦ,
2450 1375 2611 1430 ἀλλὰ
2628 1376 2701 1430 τὰ
2729 1373 2848 1429 τῶν
2866 1373 3214 1442 ἀνθρώπων,
3246 1375 3307 1428 οὐ
3342 1376 3521 1440 συνεὶς
3549 1376 3710 1442 ὅπως

2114 1468 2144 1520 ὁ
2172 1467 2328 1536 λόγος
2355 1466 2540 1539 εἴρητο
2573 1466 2711 1537 πρὸς
2739 1466 2830 1520 τὸν
2874 1465 3210 1532 Ἀπόστολον,
3244 1466 3339 1520 καὶ
3396 1466 3486 1521 διὰ
3538 1467 3709 1524 ποίαν

2116 1558 2318 1622 αἰτίαν,
2353 1558 2491 1630 πρὸς
2545 1559 2634 1612 τὸν
2692 1557 2937 1613 διάὄολον
2990 1557 3163 1611 ταῦτα
3201 1557 3451 1629 λελέχθαι
3509 1559 3701 1631 φησὶν,

2116 1650 2250 1720 ὁμοῦ
2288 1650 2354 1722 δὴ
2396 1648 2623 1703 τοιαῦτα
2676 1649 2972 1721 σφάλματα
3002 1650 3108 1703 ὑπὸ
3164 1649 3292 1721 μίαν
3323 1649 3504 1721 τίθησι
3545 1668 3707 1723 περι-

2119 1743 2311 1814 κοπὴν,
2334 1742 2610 1808 αὐτολεξεὶ
2636 1742 2824 1795 τοῦτον
2853 1742 3082 1812 γράφων
3102 1741 3193 1795 τὸν
3212 1740 3411 1813 τρόπον
3433 1759 3447 1772 ·
3513 1760 3533 1795 ι
3578 1744 3703 1799 Ὀτι

2126 1852 2144 1885 ι
2174 1833 2231 1886 δὲ
2264 1833 2417 1887 οὐδὲν
2461 1833 2632 1904 ὄνομα
2664 1833 2848 1904 μεῖζον
2889 1832 3064 1904 Ἰησοῦ
3117 1833 3224 1886 τῶν
3290 1833 3384 1886 ἐπὶ
3442 1832 3544 1905 τῆς
3596 1835 3703 1906 γῆς

431 1926 579 1981 enim
605 1926 784 1981 verbis
806 1924 1049 1980 disertim
1075 1923 1267 1979 scribit
1302 1942 1315 1978 :
1347 1942 1366 1976 ι
1392 1921 1607 1978 Nullum
1633 1937 1797 1993 porro
1820 1936 2014 1977 nomen

2132 1945 2144 1978 ι
2184 1925 2592 1997 ὀνομασθέντων
2623 1925 2835 1995 γέγονε,
2864 1927 3131 1998 μαρτυρεῖ
3150 1925 3249 1996 μὲν
3269 1924 3331 1978 τὸ
3348 1926 3695 1997 Εὐαγγέλιον,

441 2036 460 2070 ι
512 2018 603 2091 [Β.
634 2016 677 2091 1]
715 2017 1068 2073 excellentius
1106 2027 1345 2082 exstare,
1359 2031 1519 2086 quam
1544 2024 1628 2069 est
1652 2030 1843 2070 nomen
1864 2012 2014 2082 Jesu,

439 2130 459 2165 ι
508 2111 649 2167 inter
682 2112 868 2167 omnia
899 2125 1021 2181 quae
1063 2110 1116 2165 in
1168 2111 1328 2165 terris
1371 2108 1755 2173 nominantur,
1789 2115 2020 2162 testatur

441 2220 460 2254 ι
503 2217 568 2259 eo
621 2202 741 2258 loco
775 2200 1150 2274 Evangelium,
1190 2201 1280 2256 ubi
1331 2200 1557 2255 Mariam
1609 2200 1677 2255 ad
1714 2202 1858 2255 hunc
1902 2214 2017 2253 mo-

441 2311 460 2344 ι
508 2294 634 2348 dmn
665 2293 890 2364 angelus
928 2293 1227 2364 alloquitur
1255 2309 1269 2346 :
1298 2289 1382 2346 Ne
1407 2292 1592 2346 timeas
1623 2300 1796 2345 autem
1819 2289 2017 2354 Maria,

438 2403 461 2439 ι
504 2385 745 2440 invenisti
782 2386 923 2439 enim
965 2385 1192 2456 gratiam
1223 2383 1362 2453 apud
1397 2380 1731 2438 Deum.Ecce
1763 2382 2019 2450 concipias

439 2496 462 2532 ι
506 2479 561 2532 in
599 2486 778 2542 utero,
805 2487 853 2531 et
889 2479 1064 2548 paries
1096 2475 1291 2546 ﬁlium,
1326 2483 1376 2528 et
1417 2474 1626 2530 vocabis
1668 2490 1854 2529 nomen
1905 2472 2018 2543 ejus

442 2588 463 2624 ι
508 2568 718 2626 Iesum.
756 2567 862 2623 Hic
884 2571 981 2623 erit
1004 2583 1251 2638 magnus,
1278 2577 1325 2621 et
1356 2567 1500 2634 [ilius
1526 2565 1786 2620 Altissimi
1815 2565 2021 2619 uocabi-

440 2679 462 2714 ι
503 2670 589 2714 tur
614 2658 683 2714 “.
711 2658 832 2726 Quo
869 2658 922 2714 in
955 2659 1097 2722 loco,
1133 2658 1277 2728 quod
1315 2657 1630 2729 pronuntiat
1670 2656 1913 2726 angelus,
1943 2666 2023 2711 Ie-

440 2768 463 2804 ι
512 2760 685 2806 statur
713 2759 768 2805 et
796 2747 1082 2819 prophetia
1117 2748 1413 2811 Zacharias,
1448 2746 1538 2817 qui
1573 2747 1640 2801 de
1671 2747 1773 2800 hoc
1804 2747 2023 2801 nomine

444 2860 464 2892 ο
512 2842 584 2895 ita
615 2840 743 2895 olim
759 2838 1088 2895 vaticinatus
1111 2846 1194 2894 est
1216 2857 1230 2893 :
1253 2837 1319 2890 Et
1340 2836 1568 2891 ostendit
1589 2835 1718 2889 mihi
1744 2833 2021 2899 Dominus,

443 2951 464 2985 ι
512 2932 723 3003 inquit,
750 2929 937 2986 Iesum
979 2929 1304 2986 sacerdotem
1349 2942 1599 2997 magnum
1643 2935 1867 2982 stantem
1903 2936 2024 2981 ante

441 3041 467 3079 α
513 3023 702 3094 faciem
747 3021 921 3092 angeli
975 3019 1210 3075 Domini.
1258 3016 1445 3073 Stabat
1498 3033 1654 3088 porro
1701 3018 1944 3072 diabolus
1991 3034 2024 3071 a

446 3135 467 3168 ι
513 3117 713 3172 dextris
755 3114 923 3180 illius,
972 3123 1029 3168 ut
1090 3111 1170 3166 illi
1219 3111 1605 3165 adversaretur.
1658 3109 1801 3165 Dixit
1848 3118 2025 3164 autem

447 3228 467 3261 ι
516 3208 770 3262 Dominus
794 3207 862 3259 ad
892 3203 1194 3266 Diabolum,
1227 3200 1485 3255 Dominus
1516 3201 1606 3271 qui
1629 3200 1779 3270 elegit
1799 3201 2023 3256 Jerusa-

447 3317 469 3353 ι
516 3299 618 3353 lem
648 3299 877 3366 increpet
908 3306 954 3350 te
970 3294 1037 3349 ³⁸.
1056 3292 1281 3360 Quando
1303 3300 1480 3346 autem
1505 3291 1652 3345 illum
1678 3291 2025 3362 increpabat}

446 3407 469 3443 ι
514 3386 671 3442 Tunc
713 3386 969 3441 nimirum
1005 3400 1130 3440 cum
1172 3382 1431 3438 dilectum
1480 3382 1550 3437 ab
1592 3381 1710 3451 ipso
1750 3382 2023 3437 hominem

447 3498 470 3535 ι
517 3478 694 3534 Verbo
723 3493 824 3534 suo
863 3476 1176 3533 coadnnivit
1206 3476 1287 3542 is,
1322 3474 1417 3545 qui
1460 3473 1793 3537 Jerusalem,
1829 3473 2026 3542 inquit,

447 3587 471 3625 ι
515 3570 688 3641 elegit.
715 3567 865 3625 Patet
884 3577 1062 3624 autem
1089 3567 1239 3623 illum
1286 3568 1427 3623 hanc
1454 3576 1694 3623 nostram
1721 3566 2021 3622 Jerusalem

451 3683 471 3717 ι
520 3662 842 3732 intelligere,
874 3662 939 3718 de
960 3677 1066 3733 qua
1094 3661 1386 3732 Apostolus
1410 3660 1673 3733 loquitur,
1699 3660 1903 3716 Nostra
1932 3678 2031 3714 au-

452 3773 472 3807 ι
519 3763 618 3808 tem
656 3751 976 3819 Jerusalem,
1006 3767 1218 3807 sursum
1246 3760 1321 3806 est
1348 3767 1367 3805 :
1398 3750 1487 3806 illa
1515 3761 1697 3805 autem
1741 3765 1864 3806 cum
1900 3750 2032 3805 libe-

453 3866 474 3900 ι
520 3848 596 3903 ris
620 3846 734 3902 suis
762 3854 844 3901 est
871 3844 924 3900 in
949 3844 1233 3900 servitute.
1264 3842 1417 3898 Tunc
1453 3842 1631 3910 enim,
1658 3857 1781 3898 cum
1828 3843 1880 3896 in
1917 3857 2033 3897 ma-

454 3955 475 3989 ι
524 3953 630 4010 gna
683 3937 771 3992 illa
803 3935 1105 3993 Jerusalem
1156 3943 1324 4000 esset,
1359 3935 1461 3991 hoc
1494 3943 1601 4000 est,
1627 3945 1939 3990 versaretur
1976 3934 2031 3989 in

536 4073 584 4107 ³³
612 4070 732 4127 Gal.
768 4087 843 4138 tv,
868 4070 961 4126 26.

456 4205 661 4279 ἠξιώθη
693 4206 1009 4279 εἰσαγαγεῖν
1044 4203 1139 4257 τὸν
1176 4203 1304 4279 λαὸν
1330 4204 1547 4279 εις-τὴν
1578 4203 1740 4279 ἁγίαν
1779 4203 2034 4279 γῆν,ηεοιι

457 4273 577 4333 aliis
598 4273 932 4347 interpositis
957 4291 971 4328 :
1002 4284 1056 4331 et
1083 4277 1298 4347 tandem
1336 4276 1404 4329 de
1424 4273 1608 4347 Moyse
1630 4277 1727 4338 ait,
1760 4273 1859 4330 nec
1879 4273 2031 4347 illum

458 4350 662 4404 dictum
692 4344 813 4402 esse
850 4346 1025 4418 μέγαν
1062 4345 1195 4415 :qui
1229 4354 1408 4418 tamen
1456 4344 1531 4399 ita
1563 4354 1873 4418 magnus‘et
1909 4345 2035 4418 illu-

459 4419 592 4474 stris
616 4426 756 4483 erat,
787 4413 863 4471 ιη’
898 4413 991 4472 Dei
1048 4413 1241 4471 servus
1281 4415 1578 4478 diceretur,
1618 4413 1734 4468 tum
1785 4414 1853 4469 de
1899 4413 2025 4469 Jesu

460 4489 646 4555 Nave;
675 4502 775 4542 nec
798 4487 951 4541 illum
979 4489 1155 4558 μέγαν
1194 4485 1326 4558 licet
1340 4486 1605 4558 populum
1646 4484 1943 4558 indu§crat
1969 4486 2024 4538 in

460 4553 665 4613 terram
721 4553 1126 4626 promissionis,
1180 4564 1236 4610 et
1271 4555 1383 4626 alia
1424 4553 1694 4609 init-acula
1746 4553 2020 4609 effecerat.

2127 2036 2146 2070 ι
2180 2017 2311 2072 ἔνθα
2346 2020 2375 2072 ὀ
2412 2016 2641 2088 ἄγγελος
2656 2021 2722 2090 τῇ
2741 2018 2977 2091 Μαριάμ
2997 2034 3011 2048 ·
3034 2016 3133 2085 Μὴ
3150 2017 3360 2087 φοϐοῦ,
3388 2017 3504 2088 ἔφη.
3524 2015 3696 2088 εὗρες

2124 2129 2143 2162 ⁸
2184 2108 2295 2180 γὰρ
2325 2109 2504 2180 χάριν
2537 2111 2696 2180 παρὰ
2726 2109 2833 2165 τοῦ
2864 2109 3045 2165 Θεοῦ’
3072 2108 3174 2163 καὶ
3223 2108 3352 2163 ίδοὺ
3402 2110 3692 2180 domum;

2124 2222 2143 2255 ι
2177 2204 2248 2257 ἐν
2286 2202 2520 2272 γαστρὶ,
2550 2202 2648 2257 καὶ
2676 2202 2818 2273 τέξῃ
2852 2202 3006 2265 υίὸν,
3036 2200 3137 2257 καὶ
3158 2200 3437 2268 καλέσεις
3472 2202 3537 2254 τὸ
3573 2202 3695 2256 ὄνο-

2125 2316 2144 2348 ι
2177 2313 2264 2367 μα
2277 2295 2463 2352 αὑτοῦ
2489 2297 2744 2366 Ἰησοῦν.
2762 2291 2951 2363 Οὗτος
2979 2296 3149 2350 ἔσται
3196 2294 3407 2365 μέγας,
3440 2293 3537 2348 καὶ
3572 2292 3698 2361 υίὸς

2127 2408 2145 2439 ι
2195 2389 2488 2457 Ὑψίστου
2519 2388 2909 2457 κληθήσεται.
2942 2387 3112 2458 Δῆλον
3135 2387 3193 2440 δέ
3215 2388 3331 2440 ἐστι
3364 2387 3456 2440 καὶ
3481 2384 3588 2440 ἀπὸ
3606 2384 3703 2455 τῆς

2129 2499 2146 2529 ι
2185 2478 2278 2533 τοῦ
2307 2480 2577 2552 Ζαχαρίου
2612 2478 2971 2551 προφητείας,
3004 2478 3170 2532 πάλαι
3203 2477 3332 2548 περὶ
3368 2476 3465 2530 τοῦ
3506 2474 3707 2546 ὀνόμα-

2127 2589 2145 2621 ι
2176 2587 2266 2634 τος
2284 2571 2476 2624 τούτου
2513 2569 2994 2642 προφητευσάσης·
3038 2566 3263 2632 Ἔδειξε
3302 2566 3413 2636 γάρ
3434 2584 3558 2637 μοι,
3604 2582 3712 2637 φη·-

2128 2681 2147 2714 ι
2187 2663 2240 2716 σὶ
2257 2701 2272 2725 ,
2300 2663 2516 2730 Κύριος
2557 2663 2793 2729 Ἰησοῦν
2806 2661 2914 2715 τὸν
2930 2658 3088 2727 ἱερέα
3110 2657 3219 2711 τὸν
3237 2659 3448 2728 μέγαν,
3476 2658 3715 2712 ἑστῶτα

2129 2772 2149 2804 ι
2179 2752 2293 2822 πρὸ
2324 2752 2651 2820 προσώπου
2670 2751 2929 2822 ἀγγέλου
2953 2751 3195 2819 Κυρίου.
3222 2749 3332 2802 Καὶ
3357 2751 3391 2802 ὀ
3428 2747 3715 2814 διάϐολος

2128 2861 2148 2894 ι
2180 2844 2446 2910 εἱστήκει
2471 2843 2542 2897 ἐκ
2569 2842 2785 2908 δεξιῶν
2820 2841 3029 2905 αὐτοῦ,
3058 2842 3163 2895 τοῦ
3188 2839 3557 2895 ἀντικεῖσθαι
3600 2839 3712 2893 αὑ-

2131 2953 2149 2986 (
2184 2933 2283 2999 τῷ.
2316 2933 2427 2990 Καὶ
2457 2929 2589 2987 εἷπε
2609 2934 2827 3003 Κύριος
2880 2930 3029 3001 πρὸς
3065 2929 3173 2984 τὸν
3191 2928 3506 2983 διάϐολον·
3553 2927 3711 2979 Ἐπι-

2132 3044 2150 3077 ι
2183 3023 2427 3093 τιμήσαι
2476 3026 2695 3093 Κύριος
2739 3024 2811 3077 ἐν
2864 3023 2998 3086 σοὶ,
3051 3025 3085 3076 ὀ
3130 3018 3533 3089 ἐκλεξάμενος
3595 3014 3716 3083 τὴν

2132 3135 2149 3167 ι
2198 3116 2606 3187 Ἰερουσαλήμ.
2651 3117 2791 3170 Πότε
2833 3116 2942 3188 γὰρ
2985 3113 3133 3185 αὐτῷ
3167 3111 3534 3183 ὲπετίμησενς
3580 3108 3714 3160 Ὅτε
3771 3108 3776 3114 ’

2133 3225 2151 3259 ι
2191 3207 2283 3261 τὸν
2322 3207 2676 3278 ἀγαπηθέντα
2704 3207 2798 3259 ὑπ’
2842 3203 3007 3259 αὐτοῦ
3053 3202 3356 3275 ἄνθρωπον,
3388 3199 3468 3269 τῷ
3517 3196 3713 3252 ἑαυτοῦ

2134 3319 2151 3350 ι
2198 3298 2401 3369 συνῆψε
2430 3300 2587 3370 Λόγῳ
2619 3301 2649 3352 ό
2675 3297 3055 3369 ἐκλεξάμενος,
3086 3296 3242 3368 φησὶ,
3296 3292 3396 3365 τὴν
3440 3291 3712 3363 Ἰερουσα-

2137 3408 2155 3439 ι
2187 3388 2335 3460 λὴμ,
2389 3388 2548 3459 δῆλον
2578 3389 2660 3442 ὃτι
2691 3388 2899 3459 ταύτην
2929 3386 3028 3457 τὴν
3063 3386 3340 3457 ἡμετέραν
3375 3383 3505 3452 περὶ
3559 3378 3627 3454 ἧς
3684 3381 3713 3433 ὁ

2138 3496 2157 3528 ι
2200 3477 2521 3542 ’Δπόστολος
2547 3478 2712 3547 λέγει’
2750 3478 2815 3531 Ἥ
2852 3477 2909 3531 δὲ
2946 3476 3190 3549 ἡμετέρα
3225 3472 3580 3547 Ἰερουσαλὴμ
3605 3471 3709 3525 ἄνω

2142 3590 2160 3621 ι
2199 3570 2383 3624 ἐστίν·
2420 3569 2559 3642 αὕτη
2604 3570 2714 3643 γὰρ
2747 3569 2987 3624 δουλεύει
3027 3568 3165 3640 μετὰ
3213 3568 3324 3621 τῶν
3375 3566 3577 3620 τέκνων
3610 3561 3703 3616 αὺ-

2143 3683 2162 3715 ι
2198 3663 2315 3733 τῆς.
2374 3661 2689 3734 Τηνικαῦτα
2734 3661 2863 3733 γὰρ,
2886 3662 2943 3714 ὲν
2988 3664 3053 3732 τῇ
3092 3660 3302 3732 μεγάλῃ
3341 3658 3474 3726 αὐτῇ
3518 3655 3705 3723 Ἱερουτ

2144 3772 2163 3805 ι
2207 3752 2409 3825 σαλὴμ,
2445 3753 2722 3806 τουτέστιν
2753 3752 2812 3805 ὲν
2841 3754 2907 3823 τῇ
2940 3751 3187 3823 ἡμετέρᾳ.
3228 3746 3515 3819 Ἐκκλησία
3556 3740 3706 3812 γενό-

2145 3864 2163 3896 ι
2209 3862 2390 3915 μενος,
2421 3844 2724 3915 ἐπετίμησε
2756 3842 2834 3914 τῷ
2863 3843 3114 3914 διαϐόλῳ,
3164 3842 3305 3897 κατά
3342 3840 3438 3911 τὴν
3504 3850 3705 3907 προφη-

2146 3953 2165 3985 ι
2202 3933 2353 3988 τείαν
2397 3932 2565 3987 εἰπών
2591 3952 2605 3966 ·
2643 3935 2892 3988 Ἀπελθε
2933 3935 3127 3988 ὀπίσω
3148 3952 3290 4004 μου,
3327 3925 3596 3986 Σατανᾶ·
3628 3923 3713 3977 ὅτι

1037 4071 1085 4103 ⁸³
1118 4069 1308 4125 Matth.
1353 4086 1464 4135 xvn,
1492 4069 1585 4124 25.
1661 4068 1708 4101 ³⁸
1729 4067 1861 4125 Luc.
1882 4084 1921 4135 ι,
1954 4068 2144 4125 50-32.
2220 4069 2266 4102 ³⁵
2294 4069 2524 4125 Zachar.
2552 4085 2637 4133 ιιι,
2676 4067 2802 4135 Ι,Ξ.

2149 4204 2364 4277 quidem
2397 4203 2804 4277 cohonestatur.
2842 4200 3020 4277 Quod,
3050 4210 3187 4277 utet
3211 4199 3317 4277 alia
3350 4196 3418 4277 de
3446 4192 3718 4277 Jesu'ibi-

2138 4262 2260 4329 d'em
2290 4276 2456 4336 dicta,
2484 4272 2568 4344 ira
2605 4272 2778 4344 μικρὰ
2809 4262 2906 4344 ait
2935 4262 3256 4344 φαινόμενα
3294 4265 3418 4344 ἀντ).
3468 4262 3721 4344 μεγάλρν

2139 4344 2314 4416 καὶμὴ
2338 4333 2777 4416 βλεπομένῷνξίιι
2803 4333 3133 4416 δοευὶδιιιιιίιιξ
3156 4333 3614 4416 adimplebajntur.
3638 4333 3713 4415 Μτ

2135 4447 2205 4456 -
2229 4404 2399 4470 Codd.
2448 4404 2545 4467 τοῦ
2587 4404 2775 4477 Maia,
2815 4413 2939 4468 dein
2967 4412 3124 4483 vulgo
3152 4409 3244 4463 τὸν
3270 4404 3358 4481 τρ.
3382 4406 3597 4473 τοῦτον,
3627 4404 3720 4475 qui

2132 4486 2389 4541 ἁπάντων
2412 4500 2523 4539 om.

2203 4557 2315 4629 (ὕες)
2338 4555 2499 4622 Αὕτη
2530 4552 2963 4629 γὲιρδουλςιᾷει.
3009 4550 3137 4606 Haec
3170 4557 3256 4629 est
3286 4548 3463 4629 altera
3493 4560 3720 4629 accusa-

461 4627 624 4683 Certe
659 4615 964 4694 obscurius,
1015 4635 1071 4681 et
1110 4615 1453 4688 ’ἀσυνδέτως,
1504 4627 1620 4680 haec
1672 4632 1950 4694 ponuntur
2002 4638 2031 4676 a
2064 4633 2108 4686 D
2139 4615 2230 4681 tio‘.
2259 4615 2433 4680 Locus
2462 4615 2549 4679 esi
2573 4615 2691 4679 Gal.
2723 4622 2918 4694 ινηῖϐ,
2957 4637 3116 4694 quem
3157 4619 3345 4694 alludit
3390 4619 3490 4672 hoc
3524 4615 3717 4694 modo:

464 4697 745 4761 Marcello,
793 4706 853 4752 ut
892 4697 1094 4752 exinde
1139 4696 1425 4751 calumniae
1470 4697 1582 4750 sint
1629 4695 1900 4763 exposita,
1933 4694 2027 4749 sed

464 4783 572 4822 non
605 4766 837 4820 infertur
888 4766 1221 4829 necessario,
1266 4766 1410 4835 quod
1464 4766 1865 4835 accusationem
1899 4780 2030 4819 con—

464 4837 644 4893 stituit
672 4836 1056 4905 Eusebianam.
1109 4834 1382 4902 Secundo,
1411 4845 1474 4890 ut
1499 4837 1591 4890 ille
1614 4834 1793 4900 Jesus,
1826 4834 1894 4891 de
1925 4849 2034 4905 quo

466 4906 733 4976 meminit,
756 4917 877 4976 post
907 4904 1142 4975 Moysem
1165 4905 1347 4974 fuerit,
1367 4921 1432 4960 ex
1466 4907 1633 4961 animi
1673 4906 1792 4975 ejus
1814 4917 2037 4976 senten—

471 4978 542 5031 tia
582 4975 678 5030 τοῦ
706 4974 952 5032 Josedeci
979 4974 1007 5027 ί
1031 4986 1207 5030 tamen
1240 4989 1346 5030 non
1402 4978 1585 5030 statim
1629 4976 1902 5031 evincitur
1946 4974 2038 5027 ille

467 5062 643 5103 error.
671 5045 805 5101 Nam
843 5061 1030 5101 verum
1055 5056 1160 5106 est,
1192 5047 1335 5100 hunc
1365 5044 1575 5112 Jesum,
1612 5062 1716 5100 una
1761 5061 1883 5101 cum
1936 5043 2039 5097 Zo-

468 5117 723 5173 robabele
752 5117 1006 5188 populum
1044 5116 1414 5188 introduxisse
1448 5118 1500 5170 in
1547 5127 1745 5170 terram
1800 5116 2037 5186 promis-

468 5188 639 5243 sionis
668 5205 683 5243 :
717 5184 914 5243 non—de
941 5184 1177 5256 Egyptu
1202 5186 1591 5251 reducem,aut
1613 5184 1832 5241 deserto
1859 5199 2041 5256 egres-

473 5274 617 5323 sum,
650 5258 746 5315 sed
785 5256 1062 5329 Babylone
1084 5270 1376 5329 reveran
1423 5270 1467 5329 e_
1484 5256 1822 5329 captivitate.
1878 5257 2042 5329 quue

473 5328 652 5384 fassus
679 5339 764 5383 εει
789 5324 1040 5397 ipsemet,
1070 5328 1098 5379 ὁ
1124 5325 1219 5397 τοῦ
1259 5324 1582 5397 Παμφίλους
1620 5324 1697 5397 ait
1718 5327 1863 5397 enim
1897 5343 1911 5379 :
1946 5327 2045 5389 Ὃς

473 5399 593 5471 ἅμα
636 5395 943 5471 Ζοροϐᾀϐελ
970 5397 1079 5471 τῷν
1274 5395 1595 5471 Βαϐυλῶνος
1643 5395 2045 5471 ὲπανελθόντῳν

472 5467 780 5540 ἡγήσατοτα
803 5467 921 5540 Hoc
956 5468 1075 5540 vult
1122 5467 1433 5540 Marcellus,
1464 5467 1670 5520 nullum
1719 5482 1914 5521 nomen
1945 5467 2046 5540 ali-

475 5533 694 5608 quando
726 5537 991 5594 illustrius
1023 5539 1077 5591 in
1111 5538 1270 5593 terris
1297 5536 1489 5600 fuisse,
1519 5550 1681 5608 quam
1714 5552 1908 5591 nomen
1951 5533 2045 5608 Jef

480 5606 575 5677 sus
603 5617 743 5673 erat,
774 5609 900 5677 quia
931 5608 1079 5662 solus
1110 5608 1178 5672 is,
1206 5608 1294 5675 qui
1323 5622 1390 5662 eo
1422 5607 1641 5661 nomine
1666 5608 1987 5669 vocabatur,
2019 5606 2048 5658 ὁ

474 5676 568 5729 τοῦ
610 5677 878 5742 Ἰωσεδὲκ,
908 5681 1161 5732 sacerdos
1187 5692 1412 5748 magnus
1438 5678 1770 5748 nominatur,
1814 5678 2049 5746 prophe-

482 5748 587 5801 tice
620 5748 673 5801 in
703 5761 771 5801 eo
796 5748 1080 5817 designato
1109 5748 1223 5812 illo,
1255 5747 1347 5818 qni
1380 5762 1502 5802 cum
1536 5747 1790 5801 indueret
1823 5761 2050 5818 carnem

481 5825 748 5887 nostram,
781 5816 1006 5887 magnus
1034 5818 1250 5871 iuturus
1274 5816 1431 5886 apud
1472 5818 1662 5882 Deum,
1709 5817 1905 5887 angelo
1938 5816 2051 5871 Ga-

2143 4697 2399 4750 Dominus
2429 4697 2658 4759 increpet
2688 4683 3014 4764 tet-Satana,
3046 4690 3149 4764 (ait
3191 4689 3416 4764 angelus
3433 4683 3718 4764 apud!»

2135 4766 2401 4832 chariam)
2431 4767 2520 4827 qui
2552 4754 2703 4833 elegit
2739 4754 3511 4833 Ierusalem‘(Zaclt_.'ttt.__2)',
3561 4754 3722 4827 δῆλον

2135 4838 2218 4891 ὅτι
2267 4829 2474 4905 ταύτην
2526 4829 2972 4905 τὴίιῆμετέραν,⁸
2996 4829 3171 4905 inquit
3215 4829 3721 4905 ΜειςςειΙιιεηηιιιιιιιιι

2138 4894 2529 4962 commemorat
2561 4894 2853 4972 A'po's'tolus
2907 4894 3108 4972 (Colat.
3169 4916 3245 4972 tv.
3300 4899 3392 4972 25,
3446 4894 3585 4972 26.),
3620 4894 3721 4972 _nl)i

2138 4978 2239 5042 ait,
2274 4975 2338 5030 Ἠ
2361 4974 2430 5028 δὲ
2465 4965 2725 5045 ἡμετέρα
2756 4965 3148 5042 Ἰερουσαλὴμ
3181 4967 3524 5045 ἄνω-εστὶν,
3569 4965 3721 5030 αὕτη

2139 5039 2251 5117 γὰρ
2275 5039 2573 5101 δουλεύει.
2608 5039 2742 5117 11'ch
2781 5039 2831 5098 in
2882 5039 3145 5117 servitute
3172 5051 3278 5117 est.
3312 5039 3441 5117 limo
3460 5053 3497 5117 ,ξ
3528 5050 3722 5117 nempe

2143 5107 2452 5239 ieFreIStI-is;
2482 5117 2572 5239 ala
2616 5118 2670 5169 in
2715 5114 3045 5179 Palaestina;
3077 5110 3426 5182 apertissime
3457 5107 3723 5161 Eusebius

2143 5204 2256 5239 οθνι
2302 5197 2442 5239 ulttr.

2141 5188 2442 5243 cavillatnr.

2217 5256 2329 5326 (69)
2361 5256 2581 5326 Ὕπαγε
2601 5255 2794 5309 ὀπίσω
2810 5271 2956 5326 μου,
2986 5246 3241 5305 Σατανᾶ.
3270 5247 3477 5326 Dictum
3516 5241 3724 5326 Domini

2146 5313 2455 5382 Serva'toris
2483 5313 2704 5381 P'etrum
2752 5313 3054 5392 apostolum
3082 5314 3552 5392 προσφωνοῦντος.
3587 5313 3711 5367 Mar-

2146 5399 2314 5453 cellus
2364 5398 2438 5452 ita
2493 5384 2906 5465 interprets-tur,
2942 5401 2999 5445 ut
3039 5384 3167 5465 vos,
3225 5384 3475 5465 Satana,“
3498 5400 3605 5438 non
3658 5384 3725 5437 ad

2146 5469 2388 5533 Petrum,
2412 5457 2677 5529 ultimate,
2707 5474 2802 5518 aut
2826 5461 3201 5532 personaliter,
3222 5460 3316 5513 sed
3346 5460 3412 5533 ad
3444 5457 3725 5533 Satanan),

2148 5541 2240 5609 qui
2278 5539 2326 5593 ei
2376 5524 2673 5609 consilium
2718 5524 2851 5587 illud
2874 5538 3267 5609 suggesserat,
3296 5530 3587 5609 referatur.
3622 5524 3725 5590 Qui

2152 5597 2198 5664 si
2229 5608 2455 5672 erravit,
2486 5617 2637 5662 certe
2661 5620 2769 5659 non
2809 5597 2991 5668 solus;
3008 5597 3262 5672 sedeam
3295 5597 3479 5672 multis
3520 5604 3575 5672 et
3611 5610 3725 5672 nia--

2151 5681 2271 5750 guis
2302 5666 2618 5750 doctoribus
2648 5675 2736 5729 hic
2761 5666 2985 5750 erravit.
3012 5670 3233 5750 Antiqui
3257 5669 3402 5724 enim
3436 5666 3727 5750 ortltodox‘

2155 5740 2309 5803 inulti
2336 5752 2389 5801 in
2415 5748 2607 5802 eodem
2644 5759 2767 5798 cum
2800 5743 2891 5798 illo
2924 5756 3137 5803 errore,
3165 5740 3208 5794 si
3251 5751 3406 5791 error
3431 5743 3571 5800 erat,
3607 5747 3706 5786 ver

2155 5823 2437 5873 saliuntur.
2480 5814 2715 5869 Hilarius
2746 5813 3028 5882 distinguit
3054 5810 3164 5882 hoc;
3188 5809 3346 5882 modo
3378 5824 3392 5860 :
3440 5804 3589 5882 Vade
3618 5815 3729 5871 post

479 5885 646 5942 briele
676 5873 1029 5945 internuntio.
1053 5873 1386 5957 designatur.
1410 5887 1528 5954 Quo
1567 5873 1722 5944 titulo
1757 5873 1822 5942 u‘é
1843 5886 2054 5954 Moyses
2159 5905 2258 5954 me,
2303 5888 2509 5954 Satan;
2563 5885 2688 5940 mihi
2720 5873 2971 5941 scandala
3003 5898 3055 5937 es
3088 5878 3302 5949 (Matth.
3353 5893 3464 5945 xvi,
3505 5873 3619 5945 25),
3654 5882 3717 5928 ut
