4088 6374
326 416 431 472 755

1468 417 1747 474 CONTRA
1790 417 2214 474 MARCELLUM
2255 416 2386 472 LIB.
2425 418 2467 470 l.

3493 408 3598 469 ττι

339 556 359 592 ι
396 537 751 594 σκάνδαλον
799 532 861 593 εἷ
899 537 1051 608 ἐμοι.
1089 539 1202 608 (70)
1256 532 1426 604 Οὗτος
1488 542 1668 595 τοίνυν
1730 542 1927 595 ἐστὶνό

2042 561 2052 592 l
2101 540 2339 596 Ecclesia
2392 547 2600 601 nostra,
2639 536 2908 591 diabolum
2965 537 3603 607 increpavit,prophetia

339 651 358 684 ι
402 634 581 703 ἱερεὺς
615 634 642 685 ὁ
666 632 854 702 μέγας,
884 627 943 685 οὗ
974 632 1142 686 τύπον
1176 632 1379 696 ἔσωζεν
1415 636 1443 687 ὁ
1484 633 1782 705 τηνικαῦτα
1819 636 1923 705 Ἰη-

341 742 359 775 s
402 724 545 787 σοῦς.
582 726 654 776 Οὐ
688 723 795 793 γὰρ
822 719 888 794 ἦν
921 724 1143 778 δυνατὸν
1178 727 1383 780 ἐκεῖνον
1429 727 1603 797 μέγαν
1657 727 1919 798 κληθῆναι

341 833 361 866 s
406 815 553 884 ἱερέα
585 853 599 877 ,
650 813 827 866 καίτοι
886 814 1094 881 ἔνδοξον
1122 818 1186 870 ἐν
1237 819 1370 870 πᾶσι
1413 818 1704 885 γεγονότα,
1756 818 1923 870 Μωῦ-

343 922 362 955 t
398 905 532 965 σέως
574 904 647 972 μὴ
678 903 1069 973 ὀνομασθέντος
1103 907 1361 974 μεγάλου.
1392 907 1674 975 (71)οὖτω
1691 907 1799 977 γὰρ
1826 906 1923 977 μέ-

342 1012 363 1047 (
398 1011 496 1061 γας
543 990 608 1064 ἦν
633 994 896 1063 Μωῡσῆς,
916 997 997 1048 ὅτι
1036 998 1127 1049 καὶ
1156 998 1408 1067 θεράπων
1440 1000 1635 1067 ἤκουσε
1658 996 1792 1049 θεοῦ
1827 998 1925 1049 καὶ

342 1106 359 1135 ι
389 1086 519 1149 Θεὸς
571 1086 665 1138 τοῦ
706 1086 907 1157 Φαραὼ
950 1089 1040 1140 ὑπ’
1091 1089 1255 1141 αὐτοῦ
1304 1089 1395 1141 τοῦ
1440 1088 1573 1141 Θεοῦ
1606 1088 1921 1159 ὠνομάσθη.

342 1197 359 1227 s
401 1180 461 1231 Ei
495 1179 551 1231 δέ
593 1196 673 1241 τις
714 1178 856 1231 κατὰ
888 1179 1043 1233 τοῦτο
1090 1182 1261 1250 μέγαν
1295 1181 1541 1251 εἰρῆσθαι
1578 1180 1667 1232 τὸν
1715 1179 1923 1249 Ἰησοῦν

343 1290 358 1317 ι
405 1270 635 1339 νομίζοι,
666 1273 747 1325 ὅτι
775 1273 937 1335 αὐτὸς
972 1272 1175 1343 ἠξιώθη
1218 1275 1529 1341 εἰσαγαγεῖν
1561 1272 1652 1324 τὸν
1682 1272 1811 1324 λαὸν
1844 1274 1924 1335 είς

344 1378 361 1407 ι
405 1358 500 1429 τὴν
528 1361 688 1427 ἁγίαν
722 1362 825 1431 γῆν
859 1362 953 1413 καὶ
986 1362 1146 1433 ἕτερα
1176 1362 1347 1415 πολλὰ
1376 1362 1628 1432 θαύματα
1662 1362 1883 1431 ἐποίησε
1906 1378 1919 1391 ·

346 1469 363 1499 ι
406 1449 596 1517 γνώτω
634 1453 727 1504 καὶ
754 1453 843 1505 διά
877 1453 1053 1516 τοῦτο,
1094 1455 1175 1506 ὃτι
1209 1454 1269 1506 οὑ
1308 1454 1386 1524 τῷ
1418 1453 1634 1522 τυπικῷ
1671 1452 1925 1505 τοσοῦτον

346 1562 364 1591 ε
406 1542 617 1614 διέφερε
649 1546 935 1615 πράγματι
967 1547 1027 1598 τὸ
1059 1546 1246 1615 λεχθὲν
1292 1547 1520 1616 μέγεθος
1568 1546 1659 1597 ἐπὶ
1682 1544 1775 1597 τοῦ
1821 1545 1895 1596 Ἰτι

348 1652 364 1682 ι
408 1634 535 1696 σοῦ,
568 1636 701 1688 ἀλλὰ
728 1637 788 1688 τὸ
825 1638 1017 1707 μικρὸν
1054 1636 1279 1707 ὕστερον
1318 1637 1409 1689 τὸν
1442 1635 1633 1688 ἑαυτοῦ
1682 1635 1807 1687 λαὸν
1848 1652 1927 1697 εις

345 1740 366 1772 ι
406 1723 503 1793 τὴν
544 1725 783 1797 μεγάλην
810 1727 1013 1797 ταύτην
1053 1730 1369 1797 εἰσαγαγεῖν
1414 1726 1769 1799 Ἰερουσαλὴμ
1802 1726 1928 1798 μέλ-

347 1813 544 1870 ι’λειν.
597 1836 617 1867 s
683 1817 845 1888 Ὁρᾷς
880 1819 1002 1871 ὅσον
1059 1820 1327 1889 ἠγνόησεν
1368 1817 1773 1887 ἀποπλανηθεὶς
1824 1816 1926 1886 τῆς

344 1904 603 1976 ἱστορίας,
658 1908 750 1960 καὶ
808 1909 881 1979 μὴ
932 1910 1179 1981 δυνηθεὶς
1235 1910 1527 1979 ἐπιστῆσαι
1573 1908 1650 1978 τῷ
1699 1908 1803 1961 ὑπὸ
1835 1906 1927 1960 τοῦ

340 1998 624 2069 προφήτου
671 2000 939 2072 Ζαχαρίου
986 2002 1279 2071 δηλωθέντι
1330 2001 1528 2071 Ἰησοῦ.
1590 2002 1651 2053 Ὀ
1680 2000 1780 2070 μὲν
1822 1998 1931 2069 γὰρ

341 2082 407 2159 ἦν
434 2090 549 2153 υίὸς
586 2088 852 2155 Ἰωσεδὲκ,
885 2092 1059 2162 φυλῆς
1083 2094 1323 2145 Λευῖτῶν
1355 2093 1462 2144 ἀπὸ
1486 2092 1677 2159 γένους
1722 2088 1931 2161 ’Δαρὼν

341 2182 442 2251 τὴν
486 2183 897 2254 ἀρχιερωσύνην
939 2184 1364 2252 ἀναδεδεγμένος
1411 2184 1557 2251 (Ἱῖγ
1607 2185 1733 2252 παρ’
1778 2182 1806 2233 ὃ
1840 2182 1933 2233 καὶ

340 2274 529 2344 μέγας
561 2275 752 2343 ἱερεὺς
784 2274 1169 2346 ἐχρημάτιζεν,
1206 2274 1395 2346 ὥσπερ
1436 2272 1529 2327 οὖν
1575 2275 1605 2326 ὁ
1647 2275 1932 2345 προφήτης

341 2365 606 2430 διδάσκει,
648 2365 857 2435 λέγων·
903 2367 1013 2419 Καὶ
1059 2366 1254 2430 ἕδειξέ
1294 2385 1395 2435 μοι
1440 2368 1655 2435 Κύριος
1696 2365 1931 2433 Ἰησοῦν

344 2458 452 2510 τὸν
481 2456 638 2526 ἱερέα
668 2457 775 2511 τὸν
815 2456 1024 2527 μέγαν.
1071 2459 1129 2511 '0
1152 2459 1207 2511 δὲ
1241 2458 1519 2522 Μωῦσέως
1545 2458 1787 2527 διάδοχος
1828 2458 1933 2525 Ἰη-

348 2546 495 2609 σοῦς,
535 2550 563 2601 ὁ
604 2550 683 2610 είς
723 2547 817 2618 τὴν
853 2549 957 2619 γῆν
995 2550 1095 2619 τῆς
1136 2549 1467 2617 ἐπαγγελίας
1502 2550 1648 2617 ἄγων
1680 2549 1772 2601 τὸν
1805 2548 1932 2601 λαὸν

344 2637 439 2689 τοῦ
481 2638 706 2709 Κυρίου,
758 2640 853 2693 καὶ
898 2640 1060 2711 ’ἐτερα
1093 2640 1285 2703 πολλὰ,
1340 2643 1434 2694 καὶ
1480 2640 1772 2711 θαυμαστά
1810 2658 1931 2692 ποι-

346 2732 505 2801 ήσας,
530 2732 645 2796 υίὸς
669 2733 931 2801 ἐτύγχανε
954 2733 1047 2785 τοῦ
1068 2734 1244 2804 Ναυῆ,
1271 2734 1443 2803 φυλῆς
1465 2734 1519 2786 δὲ
1541 2734 1640 2804 τῆς
1670 2733 1930 2805 Ἐφραῒμ,

345 2823 496 2876 οὐδὲν
526 2824 704 2877 κοινὸν
739 2824 971 2895 ἐχούσης
1006 2826 1144 2897 πρὸς
1173 2825 1495 2897 ἱερωσύνην.
1538 2827 1596 2879 '0
1630 2826 1809 2879 τοίνυν
1839 2844 1930 2878 το-

348 2916 535 2969 σοῦτον
577 2916 912 2986 ἀποσφαλεὶς
942 2917 1041 2987 τῆς
1086 2918 1377 2989 προχείρου
1416 2916 1647 2983 λέξεως,
1682 2916 1843 2989 ψιλήν
1873 2934 1932 2969 τε

346 3008 445 3079 τὴν
486 3008 726 3080 ἱστορίαν
769 3009 1075 3080 ἀγνοήσας,
1111 3009 1227 3074 πῶς
1275 3010 1341 3063 ἂν
1381 3009 1592 3077 γένοιτο
1634 3010 1935 3082 ἀξιόχρεως

425 3108 484 3165 ›Ῑ‹
528 3101 623 3155 Ed.
660 3101 835 3156 Paris.
866 3118 989 3172 pag.
1023 3103 1110 3157 ll.

425 3197 473 3228 ¹⁶
501 3196 686 3250 Matth.
731 3212 843 3261 xvt,
887 3197 981 3253 25.

1967 1884 2004 1937 Β

2030 652 2047 684 ι
2094 628 2549 698 prtedixitdicens
2576 630 2741 699 quod,
2770 630 2864 680 Abi
2908 629 2970 681 de
3010 638 3122 696 post
3166 644 3275 693 me,
3316 626 3482 681 Satan
3509 641 3605 680 :eo

2030 747 2047 777 ι
2096 726 2232 795 quod
2282 724 2531 778 scandala
2573 722 2698 775 mihi
2732 722 2802 774 sis
2831 722 2898 775 ³⁸.
2942 720 3039 774 Hic
3070 730 3152 774 est
3194 736 3324 790 ergo
3356 722 3607 777 sacerdos

2030 835 2049 868 ι
2096 817 2185 869 ille
2218 829 2465 885 magnus,
2504 812 2657 880 cujus
2689 822 2870 883 typum
2896 814 3115 881 gerebat
3147 814 3274 867 olim
3303 814 3393 869 ille
3430 814 3608 868 Jesus.

2030 927 2048 957 ι
2098 906 2284 977 Neque
2307 909 2450 961 enim
2484 921 2581 975 par
2607 914 2693 959 est
2734 906 3076 970 existimare,
3119 906 3270 960 illum
3308 906 3483 975 ipsum
3518 924 3609 977 ap-

2031 1018 2048 1050 ‹
2099 1000 2352 1067 pellatum
2406 1000 2740 1053 sacerdotem
2784 1014 3083 1066 magnum,
3141 999 3266 1053 licet
3311 1009 3458 1054 esset
3516 1015 3609 1069 per

2031 1110 2049 1141 ι
2095 1092 2276 1145 omnia
2310 1091 2604 1159 gloriosus,
2641 1105 2761 1143 cum
2792 1104 2859 1144 ue
2889 1088 3099 1158 Moyses
3126 1091 3341 1158 quidem
3386 1104 3611 1159 magnus

2031 1202 2049 1233 ι
2102 1183 2406 1238 nominetur
2443 1201 2454 1236 :
2491 1193 2547 1238 et
2571 1194 2751 1236 tamen
2787 1183 2861 1235 ita
2893 1196 3121 1249 magnus
3149 1192 3266 1235 erat
3294 1181 3526 1251 Moyses.
3553 1190 3613 1235 ut

2034 1292 2050 1323 ι
2098 1274 2189 1327 Dei
2220 1272 2454 1326 famulus
2500 1275 2873 1325 nominaretur
2896 1311 2912 1335 ,
2941 1282 2997 1325 et
3029 1271 3169 1325 Deus
3219 1271 3439 1341 insuper
3478 1268 3614 1324 Pha-

2036 1387 2053 1416 ι
2105 1364 2317 1427 raonis;
2349 1364 2507 1431 idque
2541 1365 2707 1417 etiam
2737 1379 2766 1416 a
2802 1365 2911 1417 Deo
2942 1364 3078 1431 ipso.
3117 1368 3173 1425 ὦ
3211 1361 3265 1415 Si
3305 1362 3427 1431 quis
3453 1376 3615 1431 porro

2034 1478 2050 1507 ‹
2098 1457 2168 1510 ob
2201 1456 2251 1509 id
2279 1453 2465 1509 Jesum
2490 1471 2740 1525 magnum
2768 1456 2968 1509 dictum
3016 1456 3334 1519 arbitretur,
3375 1456 3516 1524 quod
3545 1455 3618 1509 di-

2034 1566 2051 1585 -
2100 1565 2237 1602 anins
2277 1548 2443 1602 fuerit
2482 1549 2721 1612 habitus,
2749 1547 2837 1613 qui
2874 1546 3127 1616 p0pulum
3166 1547 3526 1601 introduceret
3562 1548 3617 1601 in

2033 1659 2050 1691 ‹
2102 1654 2302 1695 terram
2339 1655 2558 1693 Canaan
2580 1679 2596 1703 ,
2627 1649 2680 1693 et
2722 1639 3004 1691 miraculis
3030 1638 3351 1707 quibusdam
3385 1638 3507 1691 aliis
3535 1646 3620 1693 co-

2035 1752 2051 1783 ι
2103 1744 2380 1797 ruscaret,
2430 1734 2474 1787 is
2518 1734 2783 1803 intelligat
2840 1742 3086 1801 oportet,
3137 1741 3619 1786 commemoratam

2035 1844 2053 1875 ι
2105 1826 2246 1879 illam
2274 1823 2401 1878 Jesu
2444 1826 2894 1895 magnitudinem,
2930 1840 3036 1878 non
3078 1824 3213 1877 adeo
3253 1840 3350 1893 per
3384 1826 3617 1895 typicam

2040 1934 2058 1965 ‹
2107 1916 2248 1968 ﬂiam
2310 1915 2578 1968 actionem
2646 1914 2954 1979 emicuisse,
3005 1922 3268 1981 quantum
3331 1924 3620 1982 propterea

2039 2025 2057 2055 ‹
2103 2006 2245 2073 quod
2296 2020 2403 2058 non
2436 2006 2508 2058 ita
2543 2007 2631 2059 diu
2684 2014 2865 2073 postea
2895 2006 3150 2073 populum
3187 2021 3342 2060 suum
3382 2017 3497 2061 erat
3532 2007 3611 2060 iu-

2038 2113 2059 2148 ι
2103 2096 2475 2160 trnducturus,
2512 2096 2565 2149 in
2617 2112 2867 2166 magnam
2916 2098 3056 2151 hanc
3104 2106 3346 2151 nostram
3400 2097 3619 2151 Jerusa-

2040 2206 2058 2238 ‹
2102 2189 2225 2242 lem.
2275 2207 2294 2239 ιι
2353 2188 2516 2242 Vides
2586 2190 2706 2243 ideo
2754 2205 2916 2258 quam
2968 2189 3283 2243 immaniter
3323 2190 3536 2243 aberret
3570 2190 3623 2242 in

2036 2281 2135 2334 hac
2190 2280 2446 2343 historia,
2484 2280 2576 2347 qui
2626 2279 2810 2335 Jesum
2852 2281 3027 2345 illum,
3058 2296 3155 2350 per
3188 2280 3503 2350 prophetam
3529 2280 3627 2334 Za-

2030 2372 2273 2425 chariam
2326 2381 2850 2434 commemoratum,
2900 2387 3006 2426 non
3063 2371 3332 2425 intellexit
3370 2371 3491 2441 quis
3536 2379 3626 2424 aut

2030 2464 2206 2533 qualis
2230 2465 2406 2520 fuerat
2429 2503 2445 2519 .
2475 2465 2605 2519 Erat
2632 2475 2814 2519 autem
2858 2465 3073 2530 genitus
3105 2462 3369 2518 Josedeco
3390 2504 3406 2528 ,
3432 2465 3496 2517 de
3526 2463 3626 2517 tri-

2030 2554 2099 2607 bu
2131 2552 2398 2618 Levitica,
2438 2554 2505 2607 ab
2556 2554 2773 2607 Aarone
2816 2553 3079 2607 oriundus
3117 2569 3330 2608 summo
3366 2553 3625 2622 praeditus

2031 2642 2336 2697 Judazorum
2364 2645 2681 2713 pontiﬁcatu
2710 2662 2721 2697 :
2744 2645 3002 2713 quocirca
3034 2664 3051 2695 ι
3078 2659 3304 2714 magnus
3325 2644 3579 2699 sacerdos
3603 2662 3623 2697 s

2049 2733 2382 2787 nominatur.
2428 2734 2538 2787 Hoc
2586 2738 2744 2789 docet
2788 2736 3051 2803 propheta
3125 2735 3344 2789 disertis
3395 2736 3626 2791 verbis:

2041 2822 2109 2877 Et
2129 2826 2354 2880 ostendit
2377 2828 2504 2880 mihi
2526 2827 2782 2882 Dominus
2806 2826 2985 2881 Jesum
3008 2828 3332 2881 sacerdotem
3357 2845 3626 2897 magnum.

2041 2914 2245 2988 Moysis
2278 2933 2444 2986 porro
2471 2933 2757 2973 successor
2790 2917 2879 2971 ille
2903 2916 3085 2984 Jesus,
3110 2920 3202 2986 qui
3239 2918 3332 2973 Dei
3367 2919 3624 2988 populum

2043 3011 2096 3064 in
2130 3021 2330 3067 terram
2354 3012 2737 3083 promissionis
2762 3012 3086 3077 introduxit,
3119 3021 3174 3067 et
3224 3011 3411 3067 multis
3457 3011 3629 3067 incla-

355 3380 489 3434 vade
512 3388 623 3449 post
648 3394 749 3442 me,
782 3381 845 3432 ad
871 3377 1091 3432 Petrum
1125 3380 1399 3440 dicantur,
1450 3379 1651 3448 reliqua
1696 3395 1827 3433 vero
1872 3381 1937 3433 ad
1965 3384 2008 3441 C
2044 3380 2196 3447 (ibid.
2229 3378 2286 3449 ’5)
2315 3418 2329 3442 ,
2357 3375 2555 3449 hoc'est
2574 3375 2808 3449 quandiu
2830 3374 3077 3449 portahat
3106 3389 3319 3449 peccata
3346 3383 3545 3449 nostra,
3571 3375 3628 3449 in

360 3448 630 3504 diabolum
657 3449 974 3518 separatim,
1012 3463 1041 3501 a
1064 3466 1169 3518 qua
1200 3450 1493 3513 sententia,
1522 3450 1784 3516 Origenes
1817 3465 1939 3503 cum

361 3521 712 3587 Hieronymo,
733 3534 835 3571 non
856 3517 1104 3573 fortassis
1121 3521 1476 3573 abhorruere.
1497 3521 1539 3572 M
1564 3551 1633 3559 —
1647 3520 1766 3573 Mox
1790 3519 1947 3586 vulgo

358 3588 577 3662 epodos
601 3588 668 3640 τὰ
699 3606 749 3662 τ.
792 3587 1085 3662 Dciu_dele
1126 3589 1209 3662 δέΔ
1225 3605 1379 3662 cum“
1400 3590 1557 3662 codd.
1613 3590 1759 3662 lnl'ra
1789 3590 1948 3657 vulgo

359 3658 554 3730 Mapiqt
582 3658 714 3730 φησι
745 3676 878 3729 μ.φ.
903 3658 1154 3730 Μαριάμ.
1186 3658 1312 3712 Dein
1340 3659 1509 3725 ἔλεξε,
1544 3661 1697 3714 codd.
1729 3669 1783 3713 et
1816 3675 1947 3713 mss.

362 3713 483 3784 loco
509 3713 675 3799 ἔδειξε
708 3713 763 3783 εἰ
805 3713 1035 3799 denique
1076 3713 1233 3797 vulgo
1254 3713 1712 3799 προφητίλέγων.

438 3799 565 3881 (70)⁸
584 3796 773 3881 Οὗτος
792 3798 1001 3852 τοίνυν
1031 3796 1206 3881 ἐστιν
1235 3803 1267 3853 ὁ
1300 3796 1815 3881 i§p8_d¢._§atis_hic
1850 3813 1949 3855 cx-

364 3870 570 3939 pressit
615 3880 849 3924 mentem
886 3882 1037 3922 suam
1072 3871 1250 3939 _hisce
1301 3872 1460 3939 dictis
1523 3870 1829 3929 Marcellus,
1889 3884 1948 3939 se

372 3937 475 3992 non
511 3942 720 4007 cepisse
772 3939 873 3992 hoc
920 3937 1237 3992 vaticinium
1288 3940 1353 3993 de
1386 3938 1514 3993 Jesu
1557 3940 1778 3994 Christo
1804 3938 1947 3992 κατὰ

366 4006 623 4081 γράμμα,
647 4017 711 4081 Aet
740 4009 940 4062 σκοπὸν
962 4006 1206 4081 πρῶτον,
1258 4010 1351 4063 sed
1386 4012 1565 4078 typico
1612 4020 1839 4081 tantum.
1861 4019 1944 4081 _et

367 4078 695 4134 secundario
726 4093 911 4134 sensu.
949 4078 1234 4144 Quomodo
1260 4082 1569 4147 exponebat
1594 4088 1649 4133 et
1677 4079 1942 4133 Eusebius

372 4150 508 4215 ipse.
562 4150 707 4202 nullo
748 4151 987 4215 percitus
1032 4159 1203 4203 oestro
1247 4150 1714 4210 contradictionis,
1768 4150 1820 4202 in
1892 4165 1944 4202 IV

384 4218 585 4273 Ἀποδ.
617 4236 723 4274 non
759 4224 916 4284 longe
952 4234 979 4270 a
1012 4217 1138 4270 line.
1165 4217 1296 4284 Qua:
1330 4220 1714 4284 interpretatio
1772 4234 1944 4284 neque

388 4234 585 4273 Ἀποο.
617 4236 723 4274 non
759 4234 916 4287 longe
952 4234 979 4270 a
1012 4234 1138 4270 nne.
1165 4234 1296 4284 una:
1331 4234 1714 4289 interpretatio
1772 4234 1944 4288 neque

372 4300 574 4356 potest,
605 4304 782 4357 neque
814 4289 979 4344 debet
1010 4286 1207 4342 refelli.
1241 4289 1532 4353 Nimirum,
1556 4289 1801 4344 cumillis
1829 4305 1947 4343 om-

374 4361 465 4413 nia
493 4360 875 4429 contingerent
933 4357 986 4412 in
1023 4358 1232 4429 iﬁgura,
1264 4369 1471 4414 certum
1519 4370 1625 4424 est,
1658 4361 1800 4429 quod
1825 4374 1946 4427 quae

373 4432 671 4483 secundum
710 4428 969 4494 litteram,
1003 4428 1071 4482 de
1097 4439 1222 4498 typo
1247 4430 1601 4496 dicebantur;
1647 4428 1948 4482 secundum

374 4501 664 4569 mysticum
732 4513 975 4564 sensum,
1032 4499 1468 4569 degsuhstantia
1524 4500 1946 4566 usurpabantur.

373 4567 695 4635 {inaliquam
725 4571 1055 4623 concedatur
1090 4567 1428 4633 Marcellum,
1458 4571 1621 4624 etiam
1653 4570 1948 4623 secundum

374 4640 611 4693 litteram
647 4640 761 4693 haec
786 4638 853 4692 de
887 4637 1110 4692 Christo
1143 4654 1435 4706 usurpasse
1470 4664 1480 4693 ;
1525 4658 1628 4693 non
1659 4650 1777 4693 erat
1826 4641 1946 4693 ideo

376 4708 668 4777 imperitia:
708 4708 1086 4776 postulandus.
1126 4708 1515 4774 Tertullianus,
1561 4711 1644 4763 vir
1679 4724 1801 4762 cum
1846 4710 1949 4764 Eu-

376 4781 528 4851 sebio
552 4779 743 4832 saltem
790 4779 1218 4851 componendus,
1263 4778 1354 4832 διὰ
1402 4780 1502 4851 τὴν
1553 4779 1946 4851 πολυμάθειαν,

376 4849 479 4917 hoc
525 4851 598 4902 ita
635 4851 798 4904 habet
848 4859 1039 4902 contra
1077 4846 1293 4902 Judzeos
1336 4867 1349 4901 :
1382 4846 1493 4903 Nec
1522 4846 1757 4917 poteritis
1793 4850 1947 4903 illum

375 4916 617 4971 Josedeci
633 4919 801 4987 ﬁlium
826 4919 1015 4979 dicere,
1034 4920 1122 4988 qui
1146 4918 1291 4971 nulla
1316 4916 1529 4973 omnino
1552 4929 1685 4973 reste
1705 4922 1945 4981 sordida,

379 4988 468 5039 sed
499 4990 1027 5056 sempersacerdotali
1071 4988 1174 5056 fuit
1219 5001 1524 5059 exornatus.
1563 4990 1673 5043 Nec
1716 5007 1947 5059 unquam

381 5060 692 5109 sacerdotali
721 5075 936 5114 munere
962 5060 1196 5120 privatus
1233 5075 1250 5112 :
1277 5060 1367 5111 sed
1401 5058 1556 5113 Jesus
1581 5071 1655 5112 est
1683 5058 1943 5123 Christus,

386 5126 478 5177 Dei
512 5124 689 5179 Patris
714 5132 902 5182 summi
935 5128 1217 5191 Sacerdos,
1256 5137 1388 5193 etc.;
1421 5146 1541 5182 cum
1574 5145 1639 5183 eo
1671 5131 1948 5185 cntisentit

382 5194 631 5268 Lactant.
659 5198 753 5251 lih.
786 5214 858 5262 tv,
895 5213 1016 5266 cap.
1067 5198 1156 5259 14,
1185 5208 1239 5252 et
1272 5198 1586 5268 Hieronym.
1633 5202 1853 5268 epistola
1888 5202 1941 5257 8.

383 5266 481 5339 Ille
515 5267 731 5339 quidem
762 5268 1256 5339 aliorumdiversas
1289 5269 1373 5321 hic
1404 5266 1699 5324 sententias
1740 5280 1794 5323 et
1831 5272 1947 5339 Opi-

378 5336 815 5409 nioiiesrecitat,
867 5338 1230 5409 Hieronymus
1294 5339 1507 5392 videtur
1553 5336 1943 5394 Marcellum—in

380 5407 566 5459 animo
593 5406 867 5462 habuisse.
916 5406 1115 5462 Scribit
1165 5408 1414 5464 Lactant.
1465 5409 1571 5463 Sed
1619 5410 1701 5462 illi
1737 5428 1940 5475 rursus,

379 5478 564 5548 eodem»
592 5477 744 5548 modo
772 5475 894 5545 falsi
916 5479 1214 5548 deceptique
1247 5489 1367 5532 sunt
1395 5495 1413 5533 :
1440 5490 1677 5548 putantes
1724 5481 1835 5534 lucc
1880 5482 1944 5534 de

379 5544 507 5598 Jesu
530 5546 641 5619 lilio
660 5544 808 5619 Nave
828 5544 1090 5619 dicta,qui
1117 5544 1383 5603 successor
1406 5544 1505 5617 fuit
1529 5549 1743 5619 Moysi:
1764 5560 1854 5603 aut
1879 5553 1943 5605 de

381 5616 654 5683 sacerdote
685 5615 835 5682 Jesu,
864 5617 978 5691 ﬁlio
1002 5615 1263 5684 Josedeci,
1291 5621 1344 5691 in
1375 5615 1500 5683 quos
1527 5615 1658 5673 nihil
1704 5632 1940 5691 congruat

381 5702 562 5737 eorum
589 5702 702 5756 qua’
720 5690 970 5756 praplieta
993 5693 1246 5743 narravit.
1275 5690 1380 5744 Sed
1405 5692 1456 5741 in
1480 5691 1575 5742 hoc
1605 5690 1942 5745 consideran-

384 5764 530 5818 dum,
566 5753 682 5820 an
719 5753 1063 5824 illo'tempore
1101 5759 1271 5812 stabat
1317 5776 1347 5811 a
1380 5761 1578 5813 dextris
1622 5761 1851 5822 Domini,
1884 5772 1938 5813 ut

386 5824 750 5899 adversaretur
767 5826 813 5878 ei
842 5824 1095 5899 (Zachar.
1135 5844 1222 5899 tu.
1255 5830 1328 5899 1).
1352 5851 1372 5881 ›
1412 5830 1479 5883 Et
1520 5832 1707 5885 beatus
1748 5831 1938 5885 lliero-

388 5906 577 5962 Itytuus
607 5911 625 5954 :
655 5895 882 5962 Quando
916 5896 1072 5954 Iesus
1122 5895 1341 5957 habebat
1376 5901 1593 5957 sordida
1642 5902 1939 5957 restimenta

2050 3442 2277 3517 peccatis
2331 3442 3035 3517 nostris_adversutur_
3100 3443 3364 3517 diabolus.
3401 3443 3628 3517 Quando

2051 3512 2224 3571 autem
2254 3518 2404 3581 dicit,
2435 3517 2487 3568 in
2529 3513 2814 3571 Zacharia.
2842 3533 2859 3563 ‹
2892 3512 3102 3575 Tollite,
3135 3514 3302 3566 tollite
3318 3515 3628 3569 vestimenta

2054 3590 2202 3657 (ibid.
2226 3588 2278 3656 4)
2306 3608 2321 3638 ι
2347 3602 2360 3638 :
2390 3596 2435 3639 et
2463 3586 2729 3644 continuo,
2760 3604 2776 3632 ε
2810 3585 2933 3657 dicit
2962 3583 3210 3657 Iesus-ad
3228 3583 3516 3657 diabolum.
3547 3585 3631 3657 in.

2056 3653 2224 3723 crepet
2251 3653 2299 3710 te
2325 3657 2602 3717 Dominus,
2642 3674 2658 3705 ι
2684 3665 2788 3706 etc.
2817 3653 2962 3706 Idem
2991 3654 3341 3707 doctissimus
3366 3653 3548 3719 Pater,
3574 3655 3626 3709 iu

2057 3727 2477 3782 Commentariis
2501 3728 2566 3777 ad
2592 3724 2866 3791 prophetae
2899 3724 3098 3787 locum,
3144 3724 3407 3787 insinuat,
3442 3735 3629 3792 aperte

2056 3812 2399 3851 contummem
2428 3795 2596 3849 fuisse
2632 3794 3070 3847 Christianorum
3099 3795 3403 3857 doctorum,
3440 3804 3629 3848 contra

2052 3867 2269 3922 Iudaeos
2294 3866 2602 3933 opinionem
2641 3865 2707 3917 de
2744 3863 2870 3917 Jesu
2907 3863 3147 3926 Christo,
3188 3880 3292 3916 non
3325 3873 3505 3916 autem
3535 3863 3626 3917 Je-

2050 3954 2111 3991 su
2169 3938 2446 3999 Josedeci,
2519 3937 2619 3989 hoc
2686 3934 2739 3986 in
2794 3936 2909 3987 loco
2964 3934 3172 3988 institui
3222 3934 3625 3987 tractationem.

2052 4007 2243 4062 Nostri
2276 4016 2473 4065 autem,
2505 4006 2697 4074 inquit,
2734 4006 2806 4056 ita
2838 4006 3124 4069 disserunt,
3170 4006 3492 4056 sacerdotem
3520 4022 3629 4058 esse

2048 4095 2317 4148 magnum,
2348 4078 2415 4128 ad
2433 4092 2583 4144 quem
2608 4077 2753 4148 dicit.
2781 4093 2799 4125 σ
2828 4074 2986 4148 Tues
3008 4078 3249 4148 sacerdos
3271 4075 3326 4126 in
3352 4084 3627 4148 a'ternum,

2049 4144 2335 4203 secundum
2372 4148 2604 4199 ordinem
2638 4144 3001 4198 .llelchisedec.
3051 4146 3227 4210 (Psal.
3259 4160 3368 4207 etx,
3395 4144 3471 4213 4).
3504 4144 3627 4196 Non

2056 4230 2233 4273 autem
2271 4233 2381 4272 esse
2424 4215 2627 4277 Jesum,
2666 4215 2840 4282 ﬁlium
2887 4214 3112 4268 Josedec
3156 4227 3412 4268 conantur
3454 4225 3627 4267 osten-

2052 4289 2195 4351 dere,
2224 4288 2363 4358 quod
2382 4302 2483 4358 non
2507 4288 2570 4338 sit
2595 4286 2894 4358 appositum
3033 4287 3289 4358 prwsenti
3323 4285 3462 4358 loco,
3486 4284 3631 4358 [ilius

2053 4354 2273 4412 Josedec
2304 4374 2321 4411 :
2350 4357 2439 4425 qui
2468 4356 2521 4407 in
2554 4357 2675 4408 aliis
2705 4354 2858 4418 locis,
2886 4356 2976 4408 ubi
3020 4373 3134 4410 vere
3162 4357 3226 4408 de
3257 4355 3383 4408 Jesu
3408 4355 3628 4419 dicitur,

2055 4430 2167 4497 ﬁlio
2189 4427 2433 4491 Josedec,
2473 4440 2673 4497 semper
2700 4426 2764 4497 de
2806 4428 2973 4495 patris
2998 4427 3305 4495 cognomine
3330 4438 3624 4497 censeatur.

2058 4495 2270 4569 Itaque,
2300 4499 2512 4569 quidni,
2548 4495 2836 4569 Marcellus
2878 4496 2949 4549 ita
2990 4498 3294 4569 capiendus
3341 4496 3621 4569 Sil,_gll_:t$l

1983 4596 2026 4651 ι)
2064 4564 2173 4623 non
2238 4564 2449 4651 locutus
2493 4567 2680 4646 fuerit,
2716 4582 2881 4651 sensu
2920 4564 3117 4651 primo,
3162 4568 3265 4651 sed
3301 4576 3359 4645 ut
3397 4565 3470 4651 illi
3524 4564 3629 4647 Pa-

2061 4650 2190 4703 tres,
2222 4649 2278 4693 et
2311 4638 2397 4690 alii
2435 4648 2633 4706 przeter
2664 4636 2821 4700 istos,
2852 4641 2917 4688 de
2950 4639 3147 4704 quibus
3180 4638 3380 4690 videsis
3408 4636 3629 4706 doetis-

2051 4714 2247 4764 simum
2302 4705 2581 4776 Riheram.
2630 4706 2773 4760 κατὰ
2826 4706 3077 4776 δεύτερον
3135 4706 3357 4768 σκοπόν,
3404 4705 3455 4758 id
3489 4707 3631 4772 quod

2051 4781 2255 4833 indicat
2282 4779 2395 4845 ipse
2417 4774 2478 4832 οῦ
2509 4777 2679 4830 τύπον
2704 4776 2907 4840 ἔσωζεν
2952 4774 3556 4847 ότηνικαῦταἹησοῦς.
3587 4776 3633 4829 Μ

2120 4851 2231 4921 (7-1)
2267 4848 2432 4921 Οὔπω
2542 4866 2553 4910 ;
2576 4864 2711 4921 tuo}
2740 4847 2849 4921 τοῦ
2886 4850 3055 4901 delevi
3093 4860 3217 4921 ante
3258 4847 3428 4921 6500;
3473 4863 3635 4921 porro

2049 4917 2203 4975 codd.
2241 4918 2403 4973 αὑτοῦ
2436 4920 2527 4973 τοῦ
2561 4918 2696 4970 Θεοῦ
2723 4919 2889 4987 ὠνομ.
2927 4930 3017 4971 aut
3044 4920 3210 4971 αὑτοῦ
3251 4919 3444 4987 ὼνομ.,
3476 4917 3635 4985 vulgo

2047 4992 2213 5044 αὑτοῦ
2240 4989 2373 5043 θεοῦ
2390 4991 2562 5061 ὼνομ.
2586 4989 2897 5061 Μυ-Ρυηό
2914 4988 2989 5059 τῷ
3008 4989 3054 5041 λ.
3079 4991 3194 5061 loco
3214 4989 3369 5061 τὸλη
3395 4987 3483 5055 qui
3509 4989 3631 5061 dein

2051 5062 2266 5128 μέλλειν
2299 5062 2377 5115 vel
2413 5056 2657 5133 μέλλοντι
2690 5056 3150 5127 εοιι]ἰοίι,’ροι1(1.
3203 5060 3415 5131 μέλλον,
3474 5056 3633 5125 vulgo

2092 5133 2277 5186 έλλων.

2050 5149 2401 5275 μεΐέἒνῂαβ
2432 5203 2462 5256 ὃ
2498 5204 2593 5255 καὶ
2624 5201 3061 5275 μέγας-,ἱερεύς
3110 5199 3221 5275 Non
3259 5208 3340 5251 est
3375 5197 3462 5251 hic
3488 5195 3628 5275 titu-

2048 5265 2135 5327 ius
2169 5265 2304 5326 adeo
2337 5265 2597 5340 frequens
2624 5265 2679 5326 in
2710 5265 3041 5340 scripturis,
3077 5272 3169 5324 sed
3215 5283 3458 5340 summus
3488 5265 3632 5340 Pon-

2050 5342 2179 5397 tifex
2222 5337 2476 5412 appellari
2514 5346 2649 5397 solet
2684 5337 3001 5414 ἀρχιερεύς.
3040 5338 3393 5414 Sol_us,__quod
3438 5337 3629 5414 tuemi-

2051 5415 2262 5505 periyn,
2294 5407 2901 5505 hliasyontifeifqiu
2964 5411 3169 5464 invenit
3222 5410 3416 5463 librum
3468 5407 3625 5475 legis,

2047 5482 2211 5539 Jesu's
2251 5485 2411 5538 istius
2443 5487 2671 5546 abavus,
2733 5485 2803 5536 ita
2856 5490 3146 5548 usurpatur
3175 5498 3188 5533 :
3215 5489 3269 5533 et
3317 5490 3442 5531 ante
3477 5493 3624 5540 eum,

2046 5552 2307 5607 Jehoiada
2339 5571 2351 5606 :
2384 5557 2473 5623 qui
2506 5566 2685 5609 tamen
2723 5569 2827 5623 non
2854 5563 2973 5606 erat
3012 5550 3280 5623 pontifex,
3313 5558 3402 5623 aut
3436 5562 3625 5623 sai-er—

2044 5624 2232 5678 dotum
2269 5617 2532 5679 summus.
2579 5625 2643 5678 Et
2691 5625 2741 5677 in
2795 5617 3060 5675 Zacharia
3094 5619 3308 5688 legitur,
3340 5619 3432 5670 τὸν
3474 5617 3628 5689 ἱερέα

2041 5694 2132 5766 τὸν
2160 5695 2354 5766 μέγαν,
2390 5696 2545 5763 quasi
2577 5712 2682 5747 non
2711 5703 2857 5747 esset
2886 5692 3190 5766 comminus
3217 5690 3458 5766 omnium
3488 5704 3623 5766 pono

2057 5761 2263 5819 tiﬁcunt
2303 5761 2490 5820 tituius
2520 5767 2650 5820 :scd
2703 5762 2976 5816 nonnullis
3042 5761 3424 5816 illustrioribus
3466 5761 3630 5816 attri-

2042 5834 2224 5893 butus.
2268 5838 2338 5891 Μ.
2376 5870 2443 5878 —-
2479 5838 2597 5892 Mox
2632 5834 2791 5904 vulgo
2826 5831 3211 5910 ἐχρημάτισεν.
