4088 6378
314 350 416 404 731

1437 344 1718 399 CONTRA
1754 343 2180 399 MARCELLUM
2220 343 2352 400 LIB.
2396 344 2438 399 1.

3469 352 3573 409 738

318 467 472 539 itus,
503 467 575 527 ὡς
602 464 697 517 καὶ
722 463 826 534 πρὸ
864 462 1165 516 Ἐλισσαίου
1205 461 1388 525 Ἠλίας
1415 465 1443 516 ὁ
1473 462 1645 533 μέγας
1671 461 1762 516 τὸν
1785 462 1886 532 τῆς

2010 473 2244 517 :ontextu
2282 464 2548 518 orationis
2588 478 2720 529 suae,
2769 469 3042 522 mentione
3079 469 3144 523 de
3170 467 3469 526 Salvatoris
3495 489 3581 526 re-

316 559 488 630 χήρας
535 555 648 608 υἱὸν
681 552 1017 606 ἀποθανόντα
1056 553 1370 621 ἀνέστησεν,
1421 552 1497 614 ὡς
1531 552 1652 604 ἔστι
1701 550 1894 622 μαθεῖν

316 653 382 704 ὲκ
407 651 506 721 τῆς
532 648 715 717 τρίτης
739 645 846 697 τῶν
874 643 1185 696 Βασιλειῶν·
1208 645 1236 695 6
1260 644 1316 696 δὲ
1343 644 1433 696 καὶ
1457 643 1600 696 τοῦτ’
1625 643 1897 712 ἀγνοήσας

319 742 585 812 φαίνεται,
612 738 677 790 δι’
712 734 786 790 ὧν
814 735 964 788 ταῦθ’
997 735 1136 788 οὕτω
1170 734 1402 805 γράφει·
1442 756 1460 785 ι
1505 735 1577 787 Οὐ
1610 734 1766 804 μόνον
1788 733 1898 786 τοί-

327 852 345 884 α
389 848 483 884 νυν
515 831 610 898 τῆς
638 827 830 896 καινῆς
859 825 1089 888 κτίσεως
1121 825 1465 896 πρωτότοκον
1491 823 1650 876 αὑτὸν
1683 825 1711 876 6
1738 822 1897 875 Ἀπό-

329 942 350 974 ι
393 919 570 981 στολος
609 913 746 969 εἷναί
786 931 969 985 φησιν,
1023 913 1159 966 ἀλλὰ
1211 912 1306 966 καὶ
1338 911 1677 982 πρωτότοκον
1710 910 1776 962 ὲκ
1810 925 1896 960 νε-

329 1031 345 1062 ι
389 1011 568 1082 κρῶν,
601 1009 666 1062 δι’
703 1008 854 1060 οὐδὲν
896 1006 1082 1075 ἕτερον
1117 1004 1240 1074 ἐμοὶ
1279 1004 1476 1060 δοκεῖν.
1514 1002 1626 1055 ἀλλ’
1677 1001 1764 1054 ἵνα
1810 1000 1896 1054 διὰ

328 1125 344 1155 ι
385 1102 477 1156 τοῦ
516 1100 860 1172 πρωτοτόκου
896 1097 1005 1150 τῶν
1035 1095 1244 1168 νεκρῶν
1279 1095 1410 1164 (74),
1439 1096 1586 1156 ὅπως
1627 1093 1720 1145 καὶ
1752 1109 1899 1162 πρω-

327 1207 345 1237 ι
386 1189 602 1250 τότοκος
645 1187 860 1256 ἁπάσης
899 1185 1130 1245 κτίσεως
1178 1183 1413 1255 εἴρηται,
1462 1180 1768 1251 γνωσθῆναι
1809 1181 1898 1234 δυ-

329 1295 346 1327 ι
388 1277 544 1348 νηθῇ.
575 1278 648 1328 Οὐ
682 1276 790 1346 γὰρ
816 1277 879 1327 ὲκ
901 1273 1108 1345 νεκρῶν
1133 1273 1329 1342 ἀνέστη
1354 1271 1564 1342 πρῶτος
1588 1273 1615 1323 6
1638 1271 1899 1338 δεσπότης

327 1390 346 1420 ι
388 1369 544 1439 ἡμῶν
587 1366 793 1438 Ἰησοῦς
833 1367 1101 1437 Χριστὸς,
1136 1364 1248 1418 ἀλλ’
1292 1365 1320 1416 6
1357 1363 1423 1416 δι’
1470 1361 1766 1415 Ἐλισσαίου
1805 1360 1896 1413 τοῦ

329 1480 347 1512 ι
389 1461 668 1530 προφήτου
700 1457 959 1521 ἀναστὰς,
987 1457 1184 1527 ἀνέστη
1216 1455 1498 1527 πρότερος.
1519 1456 1628 1507 Καὶ
1649 1453 1900 1524 Λάζαρος

330 1573 347 1604 ι
389 1553 494 1624 πρὸ
538 1551 638 1620 τῆς
690 1549 854 1603 αὑτοῦ
899 1550 1248 1606 ἀναστάσεως
1282 1549 1520 1618 ἀνέστη,
1568 1549 1660 1600 καὶ
1713 1548 1770 1599 ἐν
1822 1545 1900 1615 τῷ

331 1665 348 1695 ι
391 1644 568 1716 καιρῷ
582 1643 675 1696 τοῦ
699 1641 899 1704 πάθους
923 1640 1090 1694 πολλὰ
1111 1639 1336 1711 σώματα
1352 1639 1458 1692 τῶν
1485 1638 1900 1709 κεκοιμημένων

329 1757 346 1788 ι
387 1737 704 1805 ἀνέστησαν.
752 1755 769 1785 ι
813 1732 922 1786 Καὶ
962 1732 1119 1785 τοῦτο
1162 1731 1219 1784 δὲ
1264 1731 1590 1802 ἀθεωρήτως
1621 1729 1766 1782 δοκεί
1810 1745 1899 1799 μοι

1997 553 2333 608 surrectione
2361 553 2579 621 injecta,
2600 555 2794 608 docere
2825 571 3114 627 aggressus
3136 569 3241 622 est,
3269 569 3397 613 ante
3429 561 3577 617 illum

1997 643 2357 705 incarnatum,
2390 643 2490 696 sub
2541 644 2871 711 temporibus
2910 647 3320 714 prophetarum,
3373 652 3577 705 dictum

1997 745 2134 792 esse,
2168 745 2197 782 a
2247 731 2470 784 mortuis
2505 733 2790 799 quemdam
2826 735 3164 789 suscitatum.
3217 737 3271 790 In
3310 737 3413 792 hoc
3461 741 3579 806 qui.

1999 822 2117 874 dem
2154 822 2268 890 ipso
2298 822 2515 891 egregie
2553 824 2937 878 halluciuatur.
2972 827 3060 878 Ait
3090 829 3232 879 enim
3264 830 3576 897 prophetam
3613 823 3621 851 ³

1998 912 2558 977 Elisaaum,:uortuum
2591 917 2822 984 primum
2846 920 3112 972 excitasse
3144 935 3158 972 :
3193 921 3445 988 ignorans
3475 923 3581 974 sci-

1998 1004 2144 1070 licet,
2174 1012 2232 1068 ὦ
2270 1007 2434 1059 Etiam
2463 1007 2605 1060 illum
2641 1010 2936 1063 maximum
2958 1051 2973 1076 ,
3001 1010 3191 1064 Elisaao
3235 1009 3400 1065 fuisse
3435 1012 3582 1080 prio-

2000 1111 2137 1160 rem,
2175 1108 2227 1149 ιιι
2257 1097 2429 1152 viduae
2460 1098 2626 1152 tilium
2655 1101 2720 1154 de
2751 1102 2977 1154 mortuis
3011 1103 3342 1156 suscitasse:
3377 1106 3522 1171 quod
3550 1118 3582 1158 ε

2002 1187 2318 1241 tertiolibro
2352 1189 2657 1260 Regnorum
2686 1207 3019 1261 cognoscere
3051 1196 3341 1260 poterat“.
3363 1195 3582 1263 Ignora-

1999 1279 2092 1334 bat
2124 1289 2304 1334 autem
2343 1281 2443 1336 hoc
2474 1283 2669 1351 ipsum,
2699 1293 2757 1334 ut
2788 1295 3030 1352 apparet,
3058 1301 3180 1338 cum
3215 1286 3434 1340 disertis
3463 1298 3583 1339 ver-

1998 1366 2080 1422 bis
2123 1369 2191 1420 ita
2241 1371 2441 1424 scribat
2484 1391 2503 1422 ι
2543 1372 2653 1425 Νοιι
2690 1372 2818 1442 :[R.
2851 1373 2937 1445 ll.]
2982 1373 3318 1427 solummodo
3358 1373 3567 1428 Primo-

2007 1476 2025 1508 ι
2072 1461 2306 1527 genitum
2361 1473 2622 1516 creatura:
2663 1481 2809 1518 novre
2833 1465 2878 1496 ³⁸
2920 1465 3069 1518 illum
3099 1465 3236 1518 dixit
3268 1463 3579 1534 Apostolus,

2007 1569 2025 1601 ι
2067 1565 2256 1606 verum
2275 1553 2437 1606 etiam
2463 1564 2515 1608 et
2539 1555 2600 1607 de
2624 1557 2843 1609 mortuis
2860 1557 3266 1626 primogenitum
3285 1556 3328 1587 ³¹
3352 1575 3364 1609 :
3385 1571 3486 1610 non
3510 1557 3583 1612 ob

2006 1660 2024 1692 ι
2073 1642 2230 1696 aliam
2265 1654 2414 1699 certe
2443 1661 2682 1712 causam,
2717 1656 2774 1701 ut
2803 1647 3015 1701 videtur
3044 1648 3197 1712 mihi,
3231 1662 3390 1716 quam
3425 1657 3481 1701 ttt
3513 1650 3580 1712 is,

2007 1751 2025 1781 ι
2073 1735 2164 1801 qui
2193 1736 2370 1790 omnis
2408 1746 2672 1792 creaturae
2717 1738 3107 1808 primogenitus
3139 1739 3355 1804 dicitur,
3388 1739 3584 1794 intelli-

321 1799 619 1882 τεθεικέναι
647 1827 673 1878 ὸ
703 1825 1047 1895 Μάρκελλος·
1084 1823 1226 1891 λέγω
1251 1822 1307 1875 δὲ
1334 1821 1393 1874 τὸ
1414 1799 1442 1872 ⁷.
1469 1799 1644 1877 πολλὰ
1674 1820 1898 1890 σώματα

2011 1843 2027 1874 ι
2075 1837 2234 1894 gatur
2254 1837 2307 1880 et
2324 1828 2389 1881 de
2414 1831 2643 1882 mortuis
2668 1844 2787 1883 esse
2814 1831 3222 1898 prituogeuitus.
3245 1831 3356 1884 Non
3383 1832 3582 1884 etenim

323 1921 431 1975 τῶν
485 1918 896 1989 κεκοιμημένων
927 1918 1098 1985 ἁγίων
1145 1915 1252 1986 πρὸ
1295 1912 1458 1967 αὐτοῦ
1514 1912 1831 1982 ὲγηγέρθαι.
1873 1931 1892 1962 ι

324 2013 400 2066 Οὐ
431 2011 538 2084 γὰρ
571 2010 868 2082 προσέσχεν
898 2009 994 2082 ὅλῃ
1027 2011 1091 2078 τῇ
1125 2006 1218 2060 τοῦ
1253 2005 1584 2074 Εὑαγγελίου
1616 2009 1800 2076 γραφῇ
1824 2004 1900 2056 δι-

322 2103 614 2174 δασκούσῃ.
652 2103 732 2154 ὅτι
781 2102 919 2172 μετὰ
960 2100 1058 2169 τὴν
1093 2098 1276 2160 αὑτοῦ,
1323 2096 1392 2149 τὰ
1423 2095 1530 2148 τῶν
1570 2096 1738 2163 ἁγίων
1768 2097 1898 2165 ἐγή-

323 2213 514 2268 γερται
549 2193 796 2263 σώματα.
831 2191 1027 2261 Εὖροις
1057 2191 1100 2241 δ’
1131 2189 1196 2242 ἂν
1228 2189 1388 2241 αὐτὸν
1413 2187 1778 2256 σφαλλόμενον
1809 2189 1900 2240 καὶ

325 2289 384 2341 ὲν
415 2289 480 2356 τῇ
525 2285 618 2338 τοῦ
650 2282 1004 2338 ἀποστολικοῦ
1049 2281 1210 2352 ῥητοῦ
1262 2280 1494 2332 ἐκθέσει.
1560 2279 1617 2330 '0
1657 2279 1762 2350 μὲν
1793 2278 1901 2350 γὰρ

327 2377 467 2438 θεῖος
509 2372 858 2437 Ἀπόστολος,
906 2372 1192 2440 Ῥωμαίοις
1233 2370 1492 2439 γράφων,
1529 2367 1655 2420 τάδε
1703 2367 1897 2438 φησίν’

340 2465 768 2536 Ἄςοωρισμένος
807 2466 894 2529 εἱς
922 2463 1278 2531 εὐαγγέλιον
1323 2459 1492 2522 Θεοῦ,
1540 2459 1571 2512 ὃ
1605 2473 1899 2528 προεπηγ-

327 2559 564 2628 γείλατο
618 2555 717 2608 διὰ
765 2553 882 2608 τῶν
934 2552 1254 2620 προφητῶν
1305 2551 1493 2605 αὐτοῦ
1533 2551 1603 2603 ἐν
1638 2552 1904 2618 Γραφαῖς

326 2651 520 2718 ἁγίαις
561 2647 695 2714 περὶ
735 2645 841 2698 τοῦ
880 2645 1014 2699 υἱοῦ
1057 2642 1244 2697 αὐτοῦ
1275 2643 1380 2697 τοῦ
1419 2643 1786 2713 μονογενοῦς
1836 2644 1904 2697 ἐκ

327 2734 666 2803 σπέρματος
712 2733 890 2786 Δαϐὶδ
945 2732 1095 2786 κατὰ
1137 2731 1362 2800 σάρκα,
1409 2731 1514 2785 τοῦ
1563 2732 1905 2799 ὁρισθέντος

326 2825 460 2878 υἱοῦ
511 2825 656 2878 Θεοῦ
695 2825 766 2877 ὲν
797 2823 1047 2893 δυνάμει
1087 2823 1238 2876 κατὰ
1271 2823 1512 2892 Πνεῦμα
1546 2825 1902 2895 άγᾳυσύνης.

341 2915 398 2968 '0
425 2915 500 2978 δὲ,
534 2916 634 2970 οὐκ
668 2912 804 2978 οἴδα,
839 2915 968 2986 ποίᾳ
999 2915 1234 2986 διανοίᾳ,
1289 2914 1566 2968 κάνταῦθα
1597 2915 1905 2987 διαστρέφει

330 3008 426 3080 τὴν
468 3008 826 3080 ἀποστολικὴν
868 3007 1042 3074 λέξιν·
1099 3008 1218 3060 ἀντὶ
1259 3005 1352 3059 τοῦ
1403 3006 1746 3074 ὁρισθέντος
1792 3009 1904 3077 (75)

329 3099 559 3168 ποιήσας
591 3097 1067 3166 προορισθέντος,
1099 3098 1165 3149 ἵν’
1254 3096 1454 3167 ὁμοίως
1483 3099 1593 3160 τοῖς
1623 3097 1762 3151 κατὰ
1778 3099 1909 3170 πρό-

330 3207 531 3257 γνωσιν
570 3189 995 3259 πῳορισθεῖσιν.
1026 3189 1186 3256 Λέγει
1231 3185 1323 3242 οὖν
1367 3188 1508 3242 κατὰ
1540 3189 1685 3253 λέξιν
1734 3189 1905 3243 οὕτωσ

338 3299 355 3330 ι
401 3281 613 3350 ’Ὠσπερ
651 3275 744 3331 οῦν
791 3279 890 3348 τὴν
941 3277 1267 3348 Ἐκκλησίαν
1303 3277 1468 3330 πάλαι
1510 3279 1855 3350 προωρίσατο
1883 3282 1912 3331 ὁ

340 3389 358 3420 ‹
405 3369 796 3439 παντοκράτωρ
824 3367 975 3431 Θεὸς,
1003 3367 1145 3420 οὕτω
1179 3369 1272 3419 καὶ
1298 3368 1396 3438 τὴν
1425 3369 1566 3421 κατὰ
1610 3369 1786 3438 σάρκα
1816 3368 1909 3422 τοῦ

340 3481 359 3514 ι
400 3461 638 3532 Χριστοῦ
663 3460 974 3530 οἰκονομίαν
996 3477 1008 3489 ·
1043 3459 1106 3511 δι’
1138 3454 1198 3512 06
1221 3458 1282 3510 16
1312 3459 1417 3512 τῶν
1444 3459 1708 3513 θεοσεόῶν
1733 3460 1908 3527 γένος,

339 3571 357 3602 ι
406 3555 485 3616 είς
512 3552 778 3605 υἱοθεσίαν
809 3551 1036 3604 καλέσαι
1067 3550 1428 3622 προωρίσατο,
1459 3551 1722 3622 πρότερον
1753 3550 1914 3622 θεμε-

341 3663 359 3694 ι
398 3642 593 3706 λιώσας
605 3646 662 3696 ὲν
676 3644 740 3712 τῇ
761 3641 922 3694 αὐτοῦ
934 3641 1159 3712 διανοίᾳ.
1176 3639 1275 3692 Διὰ
1288 3622 1442 3693 τοῦτο
1463 3642 1490 3693 ὁ
1506 3639 1819 3704 Ἀπόστολος
1835 3639 1913 3711 τῷ

340 3755 359 3788 r
401 3736 539 3805 ἁγίῳ
554 3735 832 3805 Πνεῦματι
854 3733 1040 3803 σαφῶς
1057 3732 1436 3805 προαγορεύει,
1451 3731 1544 3785 τοῦ
1571 3733 1912 3804 προορισθέν-

340 3845 361 3879 ι
401 3845 491 3888 τος
510 3826 637 3879 Υἰοῦ
661 3826 817 3888 Θεοῦ,
841 3825 1046 3893 λέγων.
1066 3845 1083 3876 ι
1105 3827 1214 3878 Καὶ
1242 3821 1396 3888 αὖθίς
1415 3839 1577 3894 φησιν
1601 3826 1656 3877 ὲν
1683 3825 1905 3896 ἑτέροις·

342 3939 361 3970 ι
405 3912 573 3980 Οῦτός
597 3919 710 3970 ἐστι
732 3918 858 3986 περὶ
879 3910 940 3969 06
971 3920 998 3969 6
1015 3917 1224 3981 Παῦῖος
1253 3916 1357 3986 ἔφη
1382 3915 1474 3968 τοῦ
1500 3916 1910 3986 πρωρισθέντος

344 4029 362 4059 ι
404 4007 533 4060 Υίοῦ
553 4007 710 4060 Θεοῦ.
727 4029 744 4060 ι
770 4009 879 4061 Καὶ
905 4007 1137 4061 ἐνταῦθα
1163 4007 1227 4078 δὴ
1248 4008 1309 4060 οὐ
1330 4009 1427 4079 τὴν
1454 4007 1598 4072 λέξιν
1627 4008 1792 4078 μόνην
1818 4007 1915 4078 τὴν

340 4097 700 4169 ἀποστολικὴν
719 4097 1102 4169 παρέφθειρεν,
1121 4097 1256 4150 ἀλλά
1273 4099 1365 4151 καὶ
1381 4097 1482 4168 τὴν
1497 4097 1731 4150 διάνοιαν
1748 4096 1916 4168 αὐτὴν

342 4189 430 4242 διὰ
465 4190 565 4260 τῆς
609 4189 926 4261 προσθήκης
967 4190 1079 4259 (76)
1123 4191 1223 4259 τῆς
1257 4189 1350 4242 τοῦ
1390 4189 1547 4256 λόγου
1585 4188 1914 4259 προθέσεως.

355 4281 582 4351 Ἀδελφά
619 4281 675 4334 δὲ
703 4281 912 4344 τούτοις
939 4281 1216 4352 πράττων.
1253 4280 1353 4342 τῖκς
1393 4280 1724 4343 Ψαλαωδίας
1759 4297 1912 4349 περι-

415 4379 475 4437 ›Β
514 4373 611 4430 Ed.
645 4371 842 4438 Paris.,
872 4388 992 4440 pag.
1026 4373 1112 4425 12.

2009 1935 2027 1966 ι
2075 1917 2139 1970 de
2195 1920 2417 1972 mortuis
2465 1931 2590 1975 ante
2654 1921 2787 1975 alios
2834 1937 3021 1976 omnes
3078 1924 3282 1992 primus
3346 1922 3586 1977 surrexit

2011 2025 2027 2056 ι
2072 2006 2318 2062 Christus
2370 2009 2648 2074 Dominus,
2675 2027 2861 2066 verum
2906 2013 3052 2081 prior
3096 2024 3412 2067 surrexerat
3459 2021 3585 2067 aute

2013 2115 2029 2147 ι
2075 2113 2196 2152 eum
2248 2101 2292 2154 is
2325 2117 2486 2169 quem
2540 2103 2802 2171 propheta
2855 2103 3079 2159 Elisteus
3114 2105 3431 2159 suscitabat.
3478 2103 3585 2160 Sed

2012 2207 2030 2239 ι
2080 2198 2135 2241 et
2164 2198 2288 2242 ante
2339 2194 2792 2249 resurrectionem
2841 2194 2959 2264 ejus
2995 2205 3113 2249 erat
3143 2195 3381 2250 Lazarus
3408 2196 3582 2250 susci-

2013 2298 2030 2329 ι
2079 2290 2240 2336 tatus.
2293 2282 2359 2334 Et
2403 2299 2509 2350 quo
2551 2293 2790 2353 tempore
2843 2285 2895 2338 in
2932 2301 3094 2340 cruce
3140 2302 3332 2354 passus
3387 2287 3585 2351 fuerat,

2014 2389 2032 2422 ι
2084 2372 2376 2427 multorum
2427 2385 2738 2429 sanctorum
2791 2392 3052 2446 corpora,
3089 2380 3181 2446 qui
3216 2378 3588 2433 obdormisce-

2016 2481 2033 2512 ι
2081 2464 2251 2527 bant,
2304 2467 2676 2535 resurgebant.
2731 2487 2749 2518 ι
2805 2467 2958 2535 Quod
3020 2469 3321 2524 inconsulto
3375 2470 3590 2524 videtur

2011 2554 2296 2609 Marcellus
2341 2559 2585 2626 posuisse
2624 2577 2636 2613 :
2673 2575 2899 2627 corpora
2936 2561 3022 2614 illa
3075 2575 3268 2631 nempe
3315 2562 3587 2616 dormien-

2012 2647 2142 2700 tium
2183 2659 2490 2701 sauctorum
2543 2659 2668 2704 ante
2723 2651 2998 2706 Christum
3050 2653 3434 2708 resurrexisse.
3481 2651 3590 2708 Nec

2011 2737 2307 2806 Scriptura:
2336 2741 2659 2794 sententiam
2683 2742 2943 2812 integram
2968 2744 3424 2812 attendebat,qua
3456 2760 3585 2798 con-

2012 2837 2115 2882 stat
2151 2831 2264 2885 haec
2311 2845 2539 2900 corpora
2599 2835 2989 2900 resurrexisse,
3041 2845 3326 2903 postquam
3366 2835 3477 2903 ipse
3525 2838 3590 2890 de

2015 2921 2235 2976 mortuis
2268 2925 2624 2977 resuscitatus
2651 2925 2968 2980 exstitisset.
3004 2925 3241 2980 Ulterius
3272 2937 3324 2980 et
3357 2928 3408 2978 in
3443 2926 3589 2981 dicto

2013 3012 2242 3080 quodam
2279 3014 2594 3083 apostolico,
2639 3015 2915 3070 invenitur
2956 3018 3098 3071 idem
3132 3033 3257 3072 esse
3287 3017 3590 3072 hallucina-

2017 3112 2121 3157 tus.
2162 3103 2690 3174 DivinusApostolus
2731 3107 2781 3160 in
2814 3107 2899 3159 illa
2943 3108 3008 3160 ad
3049 3109 3317 3164 Romanos
3347 3109 3415 3162 ita
3455 3109 3592 3164 scri-

2016 3195 2096 3247 bit
2136 3209 2149 3246 :
2183 3194 2470 3263 Separatus
2514 3199 2569 3251 in
2613 3197 2959 3268 Evangelium
2999 3200 3112 3265 Dei,
3147 3203 3287 3270 quod
3323 3201 3441 3267 jam
3472 3213 3594 3255 ante

2015 3286 2324 3351 promiserat
2368 3303 2460 3356 per
2505 3290 2782 3358 prophetas
2833 3306 2957 3343 suos
3001 3291 3056 3342 in
3089 3289 3384 3352 Scripturis
3423 3307 3597 3346 sacru-

2014 3377 2231 3441 sanctis,
2273 3378 2336 3429 de
2383 3375 2528 3430 Filio
2573 3380 2734 3448 ipsius
2773 3382 3098 3448 unigenito'e
3127 3381 3322 3434 semine
3379 3381 3595 3434 Davidis

2015 3467 2300 3519 secundum
2348 3483 2578 3533 carnem,
2620 3471 2711 3538 qui
2765 3472 3137 3540 designabatur
3179 3470 3354 3524 Filius
3403 3471 3494 3524 Dei
3538 3474 3593 3524 in

2019 3556 2204 3608 virtute
2249 3560 2531 3612 secundum
2580 3563 2824 3628 spiritum
2868 3562 3389 3629 sanctiﬁcationis”.
3421 3561 3597 3627 Quam

2020 3646 2106 3700 ille
2168 3649 2527 3711 sententiam,
2559 3665 2665 3718 qua
2714 3659 2892 3704 mente
2943 3651 3146 3714 nescio,
3193 3652 3291 3706 sed
3337 3650 3598 3718 pervertit

2017 3752 2170 3792 sane.
2200 3738 2352 3810 Legit
2376 3740 2516 3794 enim
2559 3742 2610 3795 in
2645 3750 2788 3795 textu
2824 3743 3149 3811 apostolico,
3182 3743 3597 3815 προορισθέντος

2023 3847 2040 3878 ι
2078 3831 2416 3898 prtevismet
2451 3849 2468 3881 ι
2492 3833 2926 3903 praedesignato;
2969 3853 2987 3884 ι
3025 3835 3112 3902 qui
3147 3834 3424 3896 debuerat,
3475 3834 3594 3902 ὁρι-

2017 3920 2254 3986 σθέντος,
2285 3924 2600 3987 constituto,
2642 3934 2695 3979 et
2723 3926 3109 3989 determinato;
3157 3943 3175 3976 ι
3210 3925 3263 3980 in
3296 3940 3415 3978 eum
3445 3940 3597 3979 nem—

2015 4028 2080 4082 pe
2107 4014 2290 4081 ﬁnem,
2330 4024 2387 4068 ut
2423 4015 2752 4085 intelligatur
2788 4017 2955 4072 Filius
2997 4033 3148 4082 esse,
3193 4032 3258 4072 eo
3295 4017 3451 4071 modo
3489 4031 3602 4084 quo

2017 4112 2142 4156 sunt
2175 4103 2248 4157 illi
2286 4105 2375 4174 qui
2421 4120 2518 4174 per
2545 4106 2941 4176 praescienliam
2973 4108 3344 4176 designantur.
3374 4105 3453 4158 Ad
3479 4118 3598 4158 ver-

2019 4194 2145 4247 bum
2205 4196 2426 4260 idcirco,
2481 4199 2552 4251 ita
2587 4198 2777 4253 scribit
2812 4217 2823 4252 :
2864 4217 2881 4250 ι
2920 4198 3380 4264 Quemadmodum
3433 4197 3601 4264 igitur

2025 4300 2044 4333 ι
2090 4283 2386 4339 Ecclesiam
2424 4301 2577 4340 suam
2604 4287 2883 4356 prmvisam
2909 4288 3248 4357 omnipotens
3271 4288 3596 4359 designavit,

407 4505 826 4576 "lllRngvu,
857 4505 945 4558 2-2.
1037 4505 1083 4537 ³⁰
1108 4504 1320 4561 Coloss.
1350 4523 1386 4572 ι,
1418 4505 1507 4562 15.
1585 4505 1626 4536 ³¹
1657 4505 1788 4560 ibid.
1824 4504 1890 4560 18

2010 4517 2125 4574 poc.
2157 4517 2195 4566 ι,
2236 4501 2289 4556 5.
2366 4503 2410 4533 ³²
2445 4459 2602 4557 Rom;
2629 4519 2668 4570 ι,
2694 4504 2744 4556 1.

342 4672 434 4726 nio
463 4679 727 4733 veterum,
755 4678 980 4737 excepto
1010 4666 1440 4792 Theothilacto.
1471 4675 1526 4721 et
1561 4667 1905 4736 interpretum

346 4742 734 4792 recentiorum.
767 4749 823 4791 ut
853 4739 1196 4791 doctissimus
1290 4738 1577 4790 aldonatus
1609 4737 1790 4792 docet.
1822 4751 1905 4790 co-

2022 4664 2290 4735 φαίνεται.
2326 4663 2446 4718 Mox
2485 4667 2645 4735 vulgo
2675 4668 2940 4740 πρότερον
2966 4675 3021 4722 et
3057 4667 3195 4721 infra
3225 4665 3326 4737 τὴν
3361 4665 3458 4720 τοῦ
3497 4667 3598 4723 αὐ-

2020 4733 2112 4789 τοῦ
2148 4744 2199 4787 et
2233 4735 2392 4792 ἀφορ.
2428 4736 2508 4792 εἰς
2533 4735 2593 4787 τὸ
2625 4737 2781 4792 εὐαγ.

346 4742 734 4803 recentiorum,
767 4749 823 4791 ut
853 4739 1196 4791 doctissimus
1239 4737 1577 4792 Maldonatus
1609 4737 1790 4797 docet,
1822 4751 1912 4790 co-

345 4813 503 4865 mites
528 4810 741 4864 scilicet
775 4809 1044 4862 reservari
1087 4809 1354 4875 triumpho
1382 4807 1456 4860 ιΙΙί
1511 4809 1566 4859 in
1611 4805 1766 4861 ctelis
1795 4805 1913 4875 glo-

343 4881 509 4940 rioso,
541 4881 794 4948 quando,
838 4886 894 4928 ιιι
938 4877 1173 4948 loquitur
1217 4873 1608 4948 Nazianzenus,
1632 4873 1917 4948 παρατρέ-

344 4946 701 5018 χοντες,ίκαὶ
749 4947 1273 5018 παραπεμπόμενοι,
1333 4946 1568 5018 ᾅσμασιν
1626 4947 1916 5018 ἐπινικίοις

347 5016 757 5089 ἒπανηγόριζον.
818 5016 998 5089 Certe,
1051 5017 1254 5089 κατέϐη
1307 5016 1501 5089 μόνος,Δ
1530 5016 1764 5089 lguatius
1813 5017 1910 5089 ait,

345 5085 605 5157 ἀνέΰηίδὲ
629 5105 694 5156 με
708 5087 766 5139 ιὰ
804 5087 1086 5140 πλειόνων.
1120 5085 1421 5154 Utrumque
1462 5085 1827 5139 'l‘ertulliauus
1855 5085 1910 5138 in

348 5157 684 5210 Carminibus
709 5159 780 5209 ait
814 5173 828 5208 :

486 5245 640 5308 Illos,
669 5263 772 5299 non
801 5246 1028 5300 tumulos
1067 5255 1268 5299 certum
1293 5255 1366 5298 est
1395 5244 1641 5312 repetisse
1669 5244 1877 5296 silentes

485 5317 750 5383 Amplius,
777 5327 864 5369 aut
888 5328 1041 5370 terrae
1075 5317 1291 5369 retineri
1320 5316 1513 5368 viscere
1548 5314 1782 5366 clausos.

345 5430 452 5484 Sed
488 5442 798 5483 mensuram
855 5429 1164 5482 excedimus
1221 5424 1916 5481 Adnotationum.Videtur

341 5500 554 5569 legend.
577 5499 628 5551 in
651 5499 844 5569 Euseb.
865 5499 939 5569 Οὐ
962 5499 1118 5569 μόνον
1133 5498 1314 5569 τοίνυν
1330 5497 1428 5568 τῆς
1449 5496 1633 5569 κοινῆς
1661 5496 1912 5569 κτίσεως,

345 5565 477 5633 etc.,
505 5578 563 5620 ιιι
591 5568 822 5635 explicet
868 5565 993 5619 illud
1019 5568 1215 5635 πάσης.
1249 5568 1316 5620 Et
1347 5565 1465 5619 mox
1495 5583 1508 5618 :
1541 5566 1675 5635 ὅπερ
1708 5566 1803 5635 καὶ.
1828 5565 1914 5616 διὰ

342 5638 438 5760 ⁸ἑοῦ
466 5638 809 5760 ςόᾗωῖῗτοκος
842 5637 1022 5707 πάσης
1078 5634 1302 5701 κτίσεως
1339 5637 1573 5707 εἴρηται,
1608 5634 1914 5704 γνωσθῆναι

379 5725 473 5760 υνη
555 5751 566 5760 .

345 5708 566 5778 δυνηθῇ.
601 5708 626 5760 b

421 5763 544 5845 (Ἡῖ
565 5779 730 5847 Vulgo
753 5778 892 5846 ὅπερ
915 5786 968 5832 et
1003 5777 1182 5847 πάσης
1215 5777 1334 5833 loco
1368 5779 1465 5831 ἀπ.
1502 5776 1622 5832 dein
1669 5773 1773 5845 Mp.
1817 5790 1908 5844 γρ.

2020 4735 2122 4806 τοῦ
2148 4744 2199 4806 et
2233 4735 2392 4806 ἀφορ.
2428 4736 2508 4797 εἰς
2533 4735 2593 4787 τὸ
2625 4735 2781 4806 εὐαγ.

2087 4804 2208 4875 (75)-
2234 4804 2502 4873 Ποιήσας
2547 4804 3027 4874 προορίσθέντος.
3079 4806 3310 4859 Accusat
3360 4805 3594 4862 Marcel-

2013 4873 2146 4939 lum,
2180 4873 2488 4942 depravata:
2531 4873 2812 4944 scriptura:
2863 4875 3218 4944 apostolica):
3256 4876 3411 4929 falso.
3456 4877 3594 4931 Nam

2013 4948 2064 5001 in
2081 4949 2378 5001 variantcm
2396 4944 2542 4997 illam
2559 4944 2896 5014 Scripturam
2914 4946 3098 5013 procul
3115 4947 3277 4998 dubio
3301 4947 3588 5002 inciderat.

2011 5016 2087 5071 Ita
2132 5018 2276 5071 enim
2332 5014 2384 5085 in
2418 5015 2644 5068 diversis
2686 5018 3088 5085 exemplaribus
3134 5016 3262 5068 olim
3290 5017 3592 5084 legebatur.

2010 5088 2086 5141 lta
2125 5089 2176 5140 in
2209 5085 2321 5138 suis
2371 5084 2573 5137 invenit
2628 5084 2973 5141 ﬁdelissimus
3013 5086 3276 5148 omnium,
3311 5096 3364 5138 et
3393 5086 3596 5139 doctis-

2012 5159 2182 5210 simus
2231 5164 2386 5208 vetus
2431 5155 2702 5222 Iuterpres
2765 5167 2978 5214 noster.
3023 5157 3112 5223 qui
3174 5155 3337 5206 vertit
3369 5151 3592 5207 Prwde-

2011 5229 2262 5290 stinatus,
2297 5226 2368 5276 ita
2419 5224 2544 5290 legit
2591 5225 2922 5293 Epiphanius
2950 5236 3136 5278 contra
3170 5223 3592 5293 Theodotianos,

2013 5296 2084 5348 ita
2114 5297 2227 5356 alii,
2263 5306 2318 5347 et
2362 5293 2449 5347 hic
2501 5292 2661 5346 etiam
2713 5296 2975 5349 Eusebius
3027 5293 3342 5346 cavillatur.
3368 5322 3439 5333 —
3470 5292 3596 5346 Mox

2011 5365 2436 5435 vulgonpoop..
2495 5364 2617 5435 dein
2675 5365 2868 5419 ἀποστ.
2901 5367 2958 5417 ὲν
3004 5363 3082 5433 τῷ
3121 5365 3209 5435 μη
3243 5377 3408 5430 porro
3431 5363 3595 5433 vulgo

2013 5432 2123 5486 ὲντ.
2148 5433 2203 5486 δέ
2230 5432 2281 5485 et
2315 5432 2482 5502 μόνην
2515 5433 2610 5487 ἀπ.
2642 5445 2696 5489 et
2727 5437 3031 5488 ἐπάκουσον
3053 5432 3201 5500 γοῦν.

2088 5504 2196 5574 (76)
2240 5500 2354 5571 Τῆς
2408 5500 2514 5556 τοῦ
2563 5505 2748 5572 λόγου
2792 5503 3148 5574 προθέσεως.
3191 5503 3259 5554 At
3302 5500 3597 5574 ηερ-,λόγον

2017 5570 2213 5642 adjecit
2240 5574 2523 5626 Marcellus
2542 5611 2556 5637 ,
2585 5570 2681 5627 nec
2709 5586 2793 5627 est
2817 5570 2971 5641 λόγος
2991 5572 3268 5642 πρόθεσις,
3289 5573 3381 5624 sed
3402 5570 3595 5642 631031.117.

2015 5640 2321 5715 Lugendum
2366 5643 2529 5715 igitur
2577 5643 2664 5696 διὰ
2705 5645 2804 5715 τῆς
2837 5640 3174 5714 προσθήκης,
3202 5640 3303 5710 τῆς
3343 5640 3440 5694 τοῦ
3489 5640 3598 5714 πρὸ

2017 5713 2345 5785 προθέσεως.
2379 5714 2426 5766 Μ
