4088 6400
484 334 588 397 789

1163 326 1436 387 EUSEBII
1470 328 1955 387 CiESARlENSlS
1991 327 2146 387 OPP.
2186 329 2370 386 PARS
2405 329 2496 388 ιν.
2539 364 2603 375 -
2644 332 3072 391 DOGMATICA.

3655 338 3757 397 746

487 471 508 505 ι
554 452 624 508 ad
655 451 907 509 eumdem
954 448 1172 507 modum
1222 459 1277 506 et
1309 448 1514 505 Christi
1562 448 1726 504 etiam
1764 450 2052 504 secundum

2172 449 2423 523 εχούσης·
2466 452 2561 507 Ἐκ
2585 454 2847 523 γαστρὸς
2870 454 2986 523 πρὸ
3003 454 3317 525 ἑωσφόρον
3337 454 3647 526 ἐγέννησά
3661 474 3758 515 σε.

489 565 509 598 ι
555 560 776 601 carnem
812 543 1197 607 oeconomiam,
1231 556 1328 611 per
1361 556 1523 610 quem
1570 555 1742 611 genus
1780 540 1913 595 illud
1944 542 2068 612 pio-

490 651 510 685 ι
558 649 677 687 rum
707 643 761 686 et
785 631 1079 687 colentium
1115 632 1305 695 Deum,
1346 632 1413 685 ad
1453 631 1801 699 adaptionem
1832 631 2068 687 filiorum

489 739 510 773 ι
557 721 1005 791 praeordinavit”
1025 761 1041 786 ,
1072 721 1249 790 posito
1292 720 1385 774 illo
1411 721 1565 790 prius
1593 719 1968 788 fundamento,
1994 723 2070 777 ita

488 831 512 866 ι
554 818 693 885 apud
723 830 881 869 suum
923 815 1161 869 animum
1206 814 1488 869 statuisse.
1525 812 1678 870 Hanc
1714 814 1785 869 ob
1817 829 2067 881 causam,

488 920 510 956 ι
556 904 844 974 Apostolus
868 919 965 974 per
1003 906 1264 974 Spiritum
1297 915 1574 967 sanctum,
1605 903 1890 959 manifeste
1920 905 2069 960 illum

489 1018 508 1051 ι
551 1009 708 1054 vocat
739 998 935 1054 Filium
960 998 1053 1052 Dei
1078 997 1364 1067 praevisum
1396 1006 1451 1051 et
1475 996 2062 1067 praedeterminatum.»

486 1091 553 1146 Et
587 1092 695 1146 alio
724 1091 842 1146 loco
871 1109 885 1144 :
925 1109 943 1142 ι
982 1091 1080 1146 llic
1113 1100 1198 1145 est
1246 1088 1335 1143 ille
1366 1087 1433 1142 de
1461 1104 1570 1158 quo
1600 1089 1818 1145 dicebat
1847 1088 2067 1155 Paulus,

490 1202 510 1235 ι
556 1184 956 1253 praeordinatus
987 1183 1156 1237 Filius
1183 1183 1300 1237 Dei.
1332 1202 1351 1236 ι
1379 1181 1566 1251 Neque
1605 1200 1790 1239 vocem
1832 1193 2072 1238 tantum-

356 1314 371 1331 .
486 1274 647 1329 modo
675 1274 992 1344 depravavit
1017 1273 1118 1327 hoc
1138 1273 1192 1328 in
1229 1274 1350 1330 loco
1371 1279 1439 1329 ab
1454 1276 1711 1345 Apostolo
1735 1287 2068 1344 usurpatam,

485 1366 581 1422 sed
618 1374 674 1421 et
704 1366 877 1435 ipsam
906 1365 1025 1435 ejus
1068 1376 1303 1422 mentem
1354 1383 1452 1438 per
1489 1368 1631 1422 illius
1666 1366 2070 1438 przepositionis

483 1474 580 1529 pro
639 1458 1053 1529 appositionem.
1116 1456 1243 1514 Istis
1278 1471 1459 1515 autem
1516 1470 1644 1516 sunt
1704 1475 1961 1531 germana
2017 1470 2068 1516 et

485 1551 721 1622 genuina
772 1566 893 1620 quae
949 1561 1004 1606 et
1058 1552 1111 1606 in
1162 1551 1393 1608 Psalmis
1447 1558 1753 1609 attentavlt.
1796 1552 1928 1608 Nam
1979 1554 2069 1609 ubi

483 1642 725 1707 dicitur,
762 1642 840 1698 De
882 1654 1028 1698 utero
1073 1654 1199 1698 ante
1237 1644 1539 1715 Luciferum
1584 1648 1740 1717 genui
1780 1657 1849 1713 te,
1877 1652 1935 1711 ›Ῑ‹
1970 1648 2067 1701 ad-

485 1737 844 1793 ditamentum
876 1739 1116 1806 adhibet,
1147 1740 1292 1809 quod
1342 1755 1607 1809 nusquam
1655 1740 1707 1794 in
1740 1739 1956 1795 Psalnio
1985 1757 2071 1795 re-

484 1830 732 1899 peritur,
763 1844 821 1886 ut
852 1830 955 1887 illis
994 1834 1064 1886 ita
1111 1841 1291 1902 posset
1343 1834 1684 1897 obtrectare,
1716 1833 1810 1902 qui
1841 1848 1946 1888 non
1977 1849 2071 1903 pa-

488 1923 567 1978 ria
622 1939 747 1978 cum
800 1924 917 1995 ipso
969 1925 1299 1981 sentiebant.
1344 1924 1578 1979 Attende
1638 1939 1768 1980 vero
1822 1940 2067 1996 quamam

486 2016 596 2071 sint
626 2031 748 2088 qua:
796 2018 1005 2073 scribit.
1055 2015 1146 2089 [R.
1178 2015 1410 2088 XXlll.]
1463 2035 1485 2069 ι
1544 2014 1696 2071 Hanc
1734 2017 1804 2072 ob
1848 2033 2068 2073 causam

490 2127 512 2162 ι
553 2109 693 2177 ideo,
726 2110 943 2165 videtur
973 2109 1104 2164 mihi
1135 2109 1341 2179 aliquid
1380 2110 1605 2164 omnino
1633 2110 1920 2165 dicendum
1948 2126 2070 2166 esse

489 2219 509 2253 ι
549 2202 616 2257 de
641 2215 707 2257 eo
733 2202 877 2271 quod
914 2216 1179 2271 nusquam
1226 2202 1405 2258 adhuc
1450 2201 1573 2257 alibi
1609 2202 1844 2271 positum
1880 2211 1982 2258 est.
2042 2224 2062 2257 υ

487 2289 678 2363 Magna
712 2307 840 2362 pars
869 2293 1068 2347 etenim
1098 2292 1166 2347 ab
1199 2293 1292 2348 illo
1326 2292 1626 2361 positorum
1657 2333 1673 2359 ,
1719 2307 1787 2349 ex
1818 2301 1946 2349 ante
1975 2309 2070 2348 no-

484 2386 569 2443 bis
592 2383 752 2440 diclis
786 2382 1068 2440 manifesta
1095 2394 1241 2440 sunt.
1292 2385 1367 2440 De
1391 2386 1672 2452 utero,ait,
1701 2396 1821 2441 ante
1854 2385 2069 2458 Lucife-

486 2491 601 2530 rum
633 2476 790 2546 genui
816 2485 869 2530 te
898 2475 965 2529 “.
1018 2473 1286 2545 Opinatus
1317 2487 1403 2531 est
1446 2487 1628 2532 autem
1661 2477 1805 2533 hanc
1847 2488 2068 2534 senten-

484 2569 640 2633 tiam,
674 2567 1064 2637 praepositione
1117 2568 1207 2622 illa
1257 2567 1341 2633 ἐξ,
1395 2568 1537 2623 clam
1600 2568 1746 2624 furto
1772 2570 2064 2636 subducta,

482 2675 606 2715 cum
632 2660 885 2715 haeretica
922 2662 1091 2731 ipsius
1128 2661 1384 2730 opinione
1428 2664 1887 2732 conspiraturam.
1923 2662 2068 2730 Quo-

480 2753 628 2807 circa
647 2752 738 2808 ubi
779 2752 1039 2824 syllabam
1074 2751 1217 2807 illam
1249 2753 1824 2824 congruentissimam,
1846 2753 1913 2809 de
1936 2769 2069 2809 voce

479 2854 761 2900 exemerat
786 2845 1259 2914 regenerationem
1298 2846 1417 2916 ejus
1448 2846 1753 2916 antiquam,
1789 2861 1890 2902 nec
1919 2845 2067 2902 aliud

482 2935 779 3006 quidquam
805 2977 820 3001 ,
874 2937 978 2992 hoc
1027 2937 1241 2992 volebat
1273 2938 1395 2992 loco
1443 2938 1762 2994 iudicatam.
1803 2938 2064 3006 Quando-

480 3026 699 3096 quidem
749 3041 880 3083 vero
910 3028 1372 3084 vehementiorem
1437 3030 1492 3084 in
1545 3032 1766 3087 modum
1821 3046 1919 3101 pro
1963 3046 2064 3087 suo

2168 542 2198 594 ὁ
2257 541 2316 595 δέ
2372 543 2653 598 κάνταῦθα
2721 545 3009 617 προσθήκῃ
3044 545 3323 619 Ικέχρηται
3375 550 3441 619 τῇ
3496 548 3757 621 μηδαμῶς

2170 635 2541 708 ἐμφερομένῃ,
2581 637 2719 709 πρὸς
2751 637 2812 691 τὸ
2856 637 3317 709 καταμέμφεσθαι
3341 638 3420 711 τῷ
3452 639 3527 713 μὴ
3560 640 3758 713 ὁμοίως

2169 726 2319 798 αὐτῷ
2351 727 2637 797 φάσκοντι·
2681 729 3020 784 Ἐπάκουσον
3040 725 3133 784 οὖν
3158 731 3309 794 ὅπως
3335 731 3539 802 γράφει
3561 731 3740 801 λέγων

2176 838 2196 871 ι
2236 819 2336 873 Διά
2366 818 2526 873 τοῦτο
2566 820 2768 883 τοίνυν,
2810 820 2957 874 δοκεῖ
2991 839 3083 893 μοι
3116 820 3299 886 καλῶς
3338 821 3481 893 ἔχειν
3512 840 3590 889 τι,
3630 825 3758 897 περὶ

2176 929 2196 963 ι
2233 906 2308 965 ὧν
2338 912 2472 983 μηδέ
2497 929 2583 964 πω
2609 913 2873 984 πρότερον
2899 913 3011 984 ('77)
3042 913 3247 983 διῆλθε,
3280 916 3398 967 νυνί
3452 914 3701 970 διελθεῖν.
3737 936 3759 969 ι

2170 1004 2254 1058 Ta
2297 1004 2407 1076 γάρ
2441 1008 2669 1059 πλεῖστα
2708 1006 2818 1061 τῶν
2849 1007 2940 1059 ὑπ’
2974 1007 3142 1061 αὑτοῦ
3176 1007 3519 1079 γραφέντων,
3557 1010 3625 1063 ἐκ
3650 1010 3759 1065 τῶν

2170 1097 2269 1168 ήδη
2294 1098 2713 1169 προειρημένων
2751 1100 2882 1170 ἡμῖν
2920 1100 3110 1169 γέγονε
3143 1100 3296 1172 δῆλα.
3346 1102 3442 1154 Ἐκ
3476 1101 3758 1172 γαστρὸς,

2172 1191 2327 1262 φησί,
2353 1190 2467 1259 πρὸ
2496 1191 2806 1260 emo-5:de
2828 1192 2939 1264 (78)
2959 1192 3331 1263 ὲξεγέννησά
3355 1209 3449 1248 σε.
3471 1195 3633 1266 ’ᾮετο
3650 1196 3760 1269 γάρ

2171 1284 2389 1346 πάντως
2417 1300 2517 1336 που
2543 1284 2667 1356 τὴν,
2697 1285 2776 1351 ἐξ,
2807 1284 3066 1356 πρόθεσιν
3094 1285 3395 1340 κλαπεῖσαν
3429 1286 3743 1359 συνδραμεῖι

2172 1374 2293 1428 σθαι
2330 1377 2398 1446 τῇ
2447 1375 2548 1444 τῆς
2585 1376 2855 1448 αἱρέσεως
2898 1375 3115 1449 γνώμῃ.
3165 1378 3277 1441 Διὸ,
3315 1377 3377 1432 τὸ
3418 1377 3758 1451 κυριώτατον

2168 1467 2269 1538 τῆς
2292 1467 2561 1538 ωλλαόῆς
2577 1466 2795 1531 ἐξελὼν,
2822 1468 2921 1539 τὴν
2939 1468 3176 1540 ἀρχαίαν
3203 1467 3372 1522 αὑτοῦ
3397 1469 3758 1543 άναγέννησιν

2173 1560 2415 1631 σημῆναι
2455 1559 2744 1633 ἐϐουλήθη.
2782 1562 2894 1616 Kal
2927 1562 3229 1633 ἐπειδήπερ
3267 1564 3327 1616 ἐν
3359 1561 3572 1626 τούτοις
3605 1564 3755 1634 ἰσχυο

2174 1650 2282 1720 ρῶς
2332 1649 2622 1703 διετείνετο
2670 1650 2801 1723 περί
2855 1651 2949 1705 τοῦ
3004 1652 3204 1705 οἰκείου
3266 1651 3605 1721 σφάλματος,
3665 1655 3757 1710 τὸν

2170 1740 2346 1812 ὀρθῶς
2361 1740 2648 1813 γράψαντα
2677 1742 3054 1814 μεμψάμενος,
3076 1744 3227 1797 οὐδὲν
3249 1743 3411 1807 αὐτὸς
3435 1744 3608 1800 εἰπὼν
3644 1749 3756 1812 τοῖς

2099 1812 2143 1866 Β
2171 1812 2577 1903 ἐντυγχάνουσι,
2922 1835 3021 1906 τῆς
3040 1834 3401 1904 ἀναγνώσεως
3421 1837 3755 1909 παραδίδωσι

2173 1925 2500 1998 μαρτυρίαν.
2552 1924 2766 1998 Προϊὼν
2812 1926 2859 1980 δ’
2908 1922 3065 1991 αὖθις
3104 1928 3134 1981 ό
3179 1928 3362 1993 αὐτὸς,
3411 1929 3619 1998 εἰσάγει
3661 1930 3754 1986 τὸν

2170 2017 2401 2089 Σωτῆρα
2428 2017 2687 2086 λέγοντα·
2746 2017 2887 2088 Ἐγώ
2918 2021 3037 2089 εἰμι
3080 2020 3119 2088 ἠ
3156 2018 3368 2089 ἡμέρα·
3399 2012 3497 2073 ὧδέ
3528 2038 3602 2092 πη
3648 2022 3751 2090 φά-

2170 2125 2349 2163 σκων·
2391 2128 2409 2162 ι
2449 2110 2683 2173 Σκότους
2719 2108 2828 2181 γὰρ
2859 2110 3012 2175 ὄντος
3052 2112 3338 2183 πρότερον,
3376 2110 3463 2164 διὰ
3500 2112 3600 2183 τὴν
3647 2112 3747 2182 τῆς

2174 2219 2192 2253 ι
2232 2200 2543 2265 θεοσεϐείας
2569 2200 2814 2269 ἄγνοιαν,
2850 2201 2950 2273 τῆς
2974 2201 3032 2254 δὲ
3058 2202 3273 2274 ἡμέρας
3309 2201 3591 2271 φαίνεσθαι
3618 2204 3744 2274 μελ-

2167 2292 2385 2365 λούσης,
2439 2291 2587 2363 Ἐγὼ
2620 2291 2731 2363 γάρ
2758 2294 2897 2363 εἰμι,
2932 2293 3119 2364 φησὶν,
3161 2294 3200 2361 ἠ
3235 2292 3425 2364 ⁸ἡμέρα
3448 2293 3576 2364 (79).
3605 2313 3625 2345 ι
3658 2296 3747 2348 Ei-

2168 2387 2341 2451 κότως
2368 2387 2459 2440 τὸν
2490 2387 2695 2459 ἀστέρα
2733 2388 3009 2459 ἑωσφόρον
3046 2388 3321 2460 ὀνομάζει.
3353 2389 3466 2442 Καὶ
3498 2390 3557 2442 ἐν
3585 2389 3751 2462 ἐτέρῳ

2166 2484 2319 2552 τόπῳ
2351 2479 2513 2552 φησίν
2532 2497 2544 2510 '
2572 2499 2591 2531 ι
2615 2480 2831 2552 Ἐπειδὴ
2852 2480 2990 2552 μετά
3003 2480 3100 2552 τὴν
3122 2482 3222 2552 τῆς
3244 2482 3445 2553 σαρκὸς
3465 2482 3753 2555 ἀνάληψιν,

2175 2592 2193 2624 ι
2234 2571 2467 2643 Χριστός
2506 2587 2566 2623 τε
2600 2570 2694 2624 καί.
2754 2570 2961 2641 Ἰησοῦς
3001 2570 3353 2642 κηρύττεται,
3389 2572 3503 2644 ζωή
3559 2590 3619 2626 τε
3660 2570 3758 2626 καὶ

2165 2665 2285 2728 ὁδὸς
2319 2664 2415 2717 καὶ
2446 2663 2649 2735 ἡμέρα.
2691 2684 2712 2716 ι
2759 2663 2872 2715 Kal
2904 2659 3061 2725 αὖθις
3090 2661 3296 2734 προῖὼν
3327 2661 3420 2715 τοῦ
3455 2664 3758 2718 ἀποστόλου

2165 2755 2347 2825 τίθησι
2375 2753 2455 2819 τὸ,
2496 2755 2564 2807 Ἠ
2588 2752 2658 2805 δὲ
2687 2752 2946 2821 ἡμετέρα
2983 2751 3375 2821 Ἰερουσαλὴμ
3402 2752 3526 2805 ἅνω
3556 2755 3758 2810 ἐστιν.

2167 2847 2277 2901 Kal
2306 2847 2360 2899 τί
2392 2863 2459 2917 με
2487 2845 2571 2898 δεῖ
2606 2844 2894 2917 μηκύνειν,
2929 2844 3105 2916 παρὸν
3132 2843 3209 2914 τῷ
3229 2844 3538 2916 βουλομένῳ
3554 2847 3618 2899 ἐκ
3644 2846 3759 2902 τῶν

2167 2936 2582 3009 προειρημένων
2625 2936 2695 2990 τά
2741 2934 3101 3007 παραπλήσια
3133 2935 3199 2989 ἐκ
3241 2934 3337 2989 τοῦ
3377 2937 3579 3000 παντὸς
3625 2954 3761 3005 συγ-

2166 3029 2493 3101 γράμματος
2521 3026 2901 3095 ἀναλέγεσθαι,
2943 3028 3039 3080 καὶ
3080 3026 3141 3080 τὸ
3174 3026 3396 3100 εὐχερὲς
3424 3027 3520 3080 τοῦ
3565 3028 3761 3101 ἀνδρὸς

481 3120 570 3175 hic
594 3134 783 3175 errore
814 3120 1215 3176 concertaverit
1244 3163 1259 3190 ,
1292 3121 1386 3177 illo
1417 3124 1755 3193 reprehenso
1789 3123 1882 3193 qui
1916 3112 2052 3178 recte

2167 3118 2511 3175 ἐποπτεύειν.
2558 3115 2740 3194 Ἑξῆς
2765 3120 3051 3192 εὐχερείας
3083 3120 3305 3175 ἀκούσει
3325 3119 3493 3174 αὐτοῦ
3524 3120 3635 3192 (80)
3666 3120 3759 3176 τὸν

553 3238 615 3298 is
648 3233 745 3290 Ed.
776 3234 973 3299 Paris.,
1007 3250 1127 3306 pag.
1161 3234 1246 3291 l3.

547 3328 593 3359 ³³
618 3327 761 3385 Psal.
783 3342 872 3393 cx,
907 3327 959 3383 9.
1056 3325 1105 3359 ⁸⁵
1130 3324 1270 3382 Psal.
1301 3342 1421 3394 cu,
1452 3327 1506 3382 3.

549 3512 662 3585 (77)
698 3512 972 3585 Διῆλθεν.
1002 3510 1149 3585 Lege
1180 3512 1395 3585 διῆλθον
1440 3511 1519 3585 [et
1546 3511 1642 3585 sic
1688 3509 1741 3585 in
1782 3524 1926 3585 corr.
1955 3509 2041 3564 ed.

479 3582 571 3658 Ρ.)
605 3593 660 3638 et
701 3581 956 3658 transfer,
998 3581 1181 3636 ridear
1208 3581 1365 3658 iiii/ri,
1400 3581 1492 3637 nec
1539 3581 1763 3650 injuria,
1804 3581 2045 3658 dicturus

477 3650 826 3724 ᾴίεομιιιοά
852 3667 1111 3724 nusquam
1166 3655 1296 3707 alibi
1343 3661 1646 3722 persecutus
1690 3667 1826 3705 sum.
1873 3650 2044 3724 De‘se

477 3721 765 3779 Marcellus
814 3721 972 3777 enim
1017 3722 1297 3790 loquitur:
1331 3724 1380 3777 is
1427 3730 1608 3790 autem
1657 3735 1819 3789 quem
1859 3731 1916 3775 et
1954 3721 2042 3774 hic

477 3796 725 3864 designat
768 3793 905 3864 ipse,
962 3801 1019 3864 et
1070 3789 1232 3864 quem
1287 3790 1552 3864 Eusebius
1587 3789 1946 3864 intelligebat,
1984 3792 2038 3844 in

474 3863 555 3935 τῷ
600 3861 676 3935 μὴ
700 3934 705 3935 γ
726 3861 1113 3935 ὁμοίωςγαύτῷ
1139 3862 1422 3935 φάσκοντι,
1454 3862 1701 3916 Asterius
1728 3870 1833 3922 est,
1861 3875 2043 3935 quem,

476 3932 819 4002 cumprimis
857 3932 1117 3987 Arianatn
1170 3932 1419 3987 haeresim
1453 3939 1908 4001 propugnantem,
1944 3932 2046 3984 lioc

476 4020 581 4087 suo
620 4001 843 4074 scripto,
878 4003 1019 4072 quod
1055 4003 1293 4086 traducit
1331 4002 1616 4066 Eusebius.
1660 4001 2044 4066 exagitandam

480 4076 582 4129 sibi
614 4073 901 4128 Marcellus
943 4082 1200 4141 suscepit.
1220 4073 1296 4127 M.
1316 4072 1575 4142 —Supra
1603 4070 1746 4141 ἔχειν
1769 4070 1970 4142 suum.

547 4143 658 4215 (78)
679 4140 1141 4215 _'E£erérma'ai_
1162 4142 1373 4215 Fa_teor
1396 4140 1493 4215 me
1512 4140 1747 4215 sensum
1775 4140 1877 4197 loci
1929 4157 2035 4215 non

476 4211 717 4285 assequi.
756 4211 945 4285 Dicere
983 4213 1175 4285 debuit
1218 4212 1506 4285 Eusebius,
1535 4211 1843 4285 Marcellum
1884 4212 2039 4285 addi:

474 4280 633 4341 ιίἰεεό
648 4284 1086 4355 praepositionem
1116 4281 1302 4355 ἐξ,βᾴ
1332 4280 1780 4355 ἐγέννησαηΝοιη
1808 4291 1872 4355 _et
1895 4280 2038 4335 LXX

474 4364 530 4410 et
570 4350 783 4421 omnes,
836 4354 1035 4423 legunt,
1075 4353 1158 4407 vel
1199 4350 1522 4423 ἐγέννησα,
1563 4350 1644 4405 vel
1687 4350 2038 4423 γεγέννηκα,

474 4425 663 4480 nullibi
704 4422 906 4481 mentio
945 4422 1344 4494 prtBPOSillOlliS
1393 4423 1556 4488 illius,
1585 4437 1748 4494 quam
1786 4422 1897 4475 vult
1939 4423 2034 4494 ad-

474 4497 645 4550 ditam
675 4510 705 4549 a
740 4490 1021 4559 Marcello;
1059 4490 1153 4548 Sed
1200 4504 1563 4564 praeterquam
1594 4490 1739 4560 quod
1767 4508 1871 4564 vox
1902 4490 2038 4544 κλα-

2158 3510 2361 3583 tionem
2391 3512 2664 3582 improbet
2688 3528 2704 3566 :
2726 3511 3064 3583 Augustinus
3089 3518 3270 3583 tamen
3294 3518 3349 3565 et
3373 3509 3463 3564 alii
3492 3513 3731 3580 probant.

2154 3580 2353 3653 Quidni
2377 3583 2401 3636 ?
2427 3580 2549 3637 cum
2566 3583 2727 3637 unius
2744 3580 3095 3653 ejusdemque
3119 3582 3244 3643 loci,
3264 3590 3454 3636 contra
3475 3596 3628 3650 quam
3646 3595 3738 3653 vo-

2151 3649 2271 3704 lunt
2290 3652 2587 3707 Novatores
2605 3649 2799 3717 nostri,
2814 3653 2996 3721 plures
3015 3654 3295 3721 iidemque
3330 3649 3614 3721 secundum
3652 3650 3739 3702 lit-

2151 3728 2323 3802 teram
2369 3737 2561 3778 sensus
2601 3723 2751 3778 reddi
2807 3719 3037 3793 possint.
3063 3721 3137 3777 Μ.
3162 3719 3230 3760 -ὲ
3251 3720 3366 3776 Mox
3396 3719 3550 3790 vulgo
3572 3734 3739 3790 σεμν-

2149 3809 2294 3848 υναι.

2229 3862 2343 3932 (79)
2371 3862 2649 3928 Εἰκότως,
2685 3862 2798 3917 τὸν
2846 3861 3092 3930 ἀστέρα.
3124 3860 3249 3917 Haec
3282 3869 3407 3932 sunt
3435 3857 3736 3932 ἀσύστατα,

2156 3930 2516 3993 τοι-ιοάθοει,
2574 3934 2788 3997 ἑαυτόν,
2842 3942 2900 3986 ttt
2954 3934 3217 4002 legamus,
3275 3931 3499 3994 εἰκότως
3548 3931 3742 3984 ἐαυτὸν

2153 4002 2359 4074 ἀστέρα
2392 4003 2668 4074 ἑωσφόρον
2706 4003 2988 4074 ὀνομάζει.
3041 4003 3173 4074 Quae
3234 4016 3362 4074 mox
3410 4012 3737 4074 sequuntth

2157 4070 2485 4143 transposita
2518 4070 2680 4128 sunt.
2742 4070 3081 4143 Legendum,
3101 4071 3292 4143 ἐπειδὴ
3332 4071 3474 4143 μετά
3510 4070 3609 4143 τὴν
3640 4070 3743 4143 τῆς

2156 4141 2412 4224 Ινυιεὸιέ.
2440 4142 2538 4224 τὴν
2572 4143 2725 4224 μετά.
2752 4141 2874 4214 τῆς]
2928 4142 3131 4224 σαρκὸς
3173 4141 3461 4224 ἀνάληψιν,
3512 4141 3750 4224 Χριστός

2139 4210 2199 4264 τε
2222 4210 2316 4267 καὶ
2350 4210 2560 4286 Ἰησοῦς
2573 4210 3105 4286 amplissimas—unt
3121 4215 3267 4267 enim
3292 4210 3393 4283 τῆς
3409 4210 3745 4280 οἰκονομίας,

2138 4291 2196 4337 et
2225 4281 2687 4353 ωγκαταὸἀσεως
2726 4284 2871 4353 tituli
2922 4281 2993 4353 Μ.

2216 4350 2330 4426 (80)
2353 4354 2464 4409 Τὸν
2478 4353 2837 4426 Σολομῷντα
2860 4350 3172 4426 [ξολομίἶΝα
3197 4350 3382 4424 codd.]
3405 4350 3745 4422 προφήτην.

2147 4422 2324 4478 Grave
2357 4426 2564 4481 crimen
2615 4422 3239 4488 Scilicet{Saloinonvm
3285 4422 3606 4493 prophetam
3642 4437 3743 4474 no-

2152 4494 2587 4565 utinasseiquasi
2633 4509 2775 4565 non,
2810 4493 2901 4565 qui
2955 4492 3247 4547 character
3282 4501 3367 4547 est
3394 4492 3743 4565 prophetiae,

472 4567 690 4629 πεῖσαν,
724 4564 851 4619 furti
888 4560 1311 4620 subtractiouem
1368 4560 1569 4634 potius,
1605 4577 1768 4631 quam
1808 4563 2043 4634 additio-
2079 4560 2124 4618 ἰ)
2153 4563 2365 4634 locutus
2396 4560 2575 4618 fuerat
2630 4564 2685 4617 in
2740 4564 2944 4634 Spiritu
2992 4575 3204 4624 sancto,
3251 4573 3346 4634 aut
3377 4560 3742 4634 salteiugauc

473 4651 597 4689 nem
627 4636 763 4690 clam
798 4635 992 4688 factam
1027 4635 1293 4704 signiticet
1313 4653 1326 4689 :
1350 4631 1484 4704 quid;
1508 4634 1638 4704 illud
1672 4642 1755 4688 est
1786 4650 1800 4686 :
1829 4631 1891 4685 τὸ
1917 4648 2042 4685 και-

477 4704 739 4776 ριώτατον
768 4703 884 4776 (sir)
905 4705 1003 4775 τῆς
1032 4702 1304 4777 συλλαϐῆς
1332 4702 1562 4772 ἐξελώνῖ
1601 4703 1832 4777 Sensum
1857 4705 2044 4777 vid_eot_'

475 4771 994 4831 assecutus.‘Ariani
1028 4776 1200 4830 locum
1240 4771 1405 4841 liunc,
1440 4790 1546 4830 non
1589 4775 1656 4829 de
1678 4784 1881 4828 mterua
1920 4771 2040 4827 Filii

473 4847 848 4912 generatione,
884 4847 978 4899 sed
1002 4847 1069 4900 de
1105 4846 1389 4914 temporali
1441 4845 1820 4899 incarnatione
1860 4848 2042 4910 capie-

472 4917 624 4980 bant,
657 4926 717 4971 ut
739 4917 804 4971 de
834 4928 991 4969 noctu
1020 4924 1177 4969 natus
1200 4916 1415 4969 dicatur
1438 4928 1564 4968 ante
1593 4924 1842 4968 exortum
1871 4915 2041 4968 stellae

472 4988 784 5050 matutinae;
841 4988 1053 5039 videtur
1089 4986 1231 5039 hunc
1278 4998 1519 5045 sensum,
1550 4992 1604 5036 et
1639 4984 1776 5038 hanc
1817 4993 2035 5038 senteno

475 5057 602 5110 tiam
633 5072 944 5125 oppugnare
980 5055 1266 5109 Marcellus
1292 5072 1306 5106 :
1330 5064 1387 5109 et
1426 5054 1492 5106 ad
1514 5062 1773 5125 aeternam
1808 5069 2038 5125 genera-

474 5121 852 5181 tionem-Filii
914 5126 1003 5180 Dei
1064 5126 1130 5177 de
1186 5125 1488 5178 substantia
1532 5121 1713 5178 Patris
1768 5121 2037 5188 retulisse,

471 5213 633 5263 quam
667 5197 753 5251 hic
780 5206 937 5251 vocat
986 5192 1524 5265 Eusebiushapxalav
1549 5192 1930 5265 ἀναγέννησιν,
1956 5195 2038 5248 vel

469 5268 583 5321 ἄνω
618 5267 857 5337 γένεσιν,
886 5264 1191 5337 et_legisse,
1227 5263 1575 5337 ἐξεγέννησα,
1632 5263 1816 5337 utpote
1846 5267 1901 5337 in
1930 5278 2036 5333 qua

470 5353 602 5391 voce
632 5333 822 5405 'utagis
876 5333 1177 5405 feﬂicaciter
1216 5333 1493 5405 resultet,
1539 5334 1603 5405 id,
1635 5335 1778 5403 quod
1820 5335 2038 5389 volebat

468 5402 845 5461 stabilire—De
870 5404 1033 5475 Patre
1060 5420 1181 5471 suo,
1213 5402 1340 5459 Filii
1368 5402 1770 5475 generationem
1804 5406 2033 5470 Scilicet,

442 5477 758 5543 .Eusebius,
799 5477 914 5530 Arii
967 5474 1168 5539 fautor,
1209 5474 1400 5530 ansam
1443 5474 1637 5542 arripit
1669 5475 2032 5530 calumniandi

434 5544 800 5600 iMarcellum.
857 5546 1037 5601 Posita
1086 5555 1265 5600 autem
1323 5546 1413 5599 illa
1468 5547 1936 5614 interpretatione.
1970 5548 2036 5601 de

469 5626 670 5669 aeterna
697 5615 821 5671 Filii
857 5617 1229 5686 generatione,
1259 5615 1405 5686 nihil
1429 5625 1580 5669 certe
1613 5614 1857 5683 impedit,
1888 5631 2034 5686 quo-

471 5685 649 5765 minus
676 5687 743 5740 ad
785 5685 1017 5767 litteram
1061 5694 1362 5767 exponatur
1396 5685 1568 5767 locus,
1601 5687 1670 5740 de
1701 5685 1915 5767 carnali
1941 5701 2029 5755 ge-

470 5755 750 5827 neratione
784 5756 905 5827 Filii
941 5755 1173 5810 hominis
1206 5772 1218 5806 :
1247 5757 1339 5827 qui
1380 5757 1446 5827 de
1480 5766 1639 5810 nocte
1684 5758 2027 5811 nascebatur.

470 5824 647 5895 Quam
681 5825 806 5880 licet
834 5824 1337 5889 Cbrysostomus’in
1387 5825 1532 5881 Psal.
1560 5841 1671 5890 cui,
1704 5827 2030 5895 interpreta—

2156 4633 2321 4711 ticum
2374 4629 2864 4711 canticorum_tipu
2916 4633 3057 4711 foret
3107 4633 3294 4711 γραφῇ
3326 4629 3743 4711 προφητώδης.

2153 4703 2329 4758 Locus
2350 4719 2517 4773 quem
2546 4705 2683 4765 vult,
2721 4701 2953 4773 habetur
3001 4703 3053 4756 iu
3100 4701 3368 4773 principio
3395 4701 3748 4756 ’Pro'verbiu-

2146 4789 2289 4828 rum.
2332 4772 2473 4839 Quae
2517 4775 2737 4842 quidem
2788 4772 3077 4827 Proverbia
3104 4772 3469 4829 sanctissime
3498 4782 3744 4839 sumpta,

2144 4860 2251 4915 non
2282 4854 2409 4899 sunt
2438 4846 2794 4915 προφητεῖαι.
2839 4842 2944 4898 Sed
2988 4844 3288 4915 prophetas,
3323 4843 3564 4915 generali
3607 4857 3747 4909 qua-

2143 4914 2267 4968 dam
2297 4911 2845 4979 notiorre,‘vocantur
2873 4928 3063 4967 omnes
3097 4913 3197 4965 viri
3248 4917 3445 4966 sancti.
3498 4911 3744 4980 Pmpl.e-

2147 4986 2236 5039 tiae
2261 4993 2415 5049 sunt,
2438 4986 2604 5038 etiam
2631 4987 2699 5039 de
2725 4984 3025 5053 praeteritis
3051 4986 3322 5046 notlones,
3356 4984 3523 5037 etiam
3553 4980 3746 5035 νουθε-

2148 5055 2283 5121 σίαι,
2329 5063 2389 5108 ut
2424 5055 2541 5109 istae
2583 5064 2731 5118 sunt,
2787 5053 3157 5114 θεόπνευστοι,
3199 5053 3582 5119 characteres;
3611 5063 3748 5107 sunt.

2140 5135 2294 5196 certe
2321 5125 2534 5179 diversa
2563 5123 2919 5196 χαρισμάτων
2951 5137 3185 5191 genera,
3208 5123 3305 5196 sed
3345 5137 3627 5196 nunquam
3660 5122 3745 5177 ita

2140 5195 2243 5249 fuit
2265 5193 2840 5264 coarctatusVS'piritus
2860 5204 3108 5264 sanctus,
3132 5194 3266 5264 quin
3291 5195 3383 5262 qui
3414 5209 3524 5247 uno
3553 5193 3745 5261 aliquo

2139 5279 2341 5335 genere
2365 5262 3025 5336 priecipue'excoleretur,
3052 5262 3098 5316 is
3129 5271 3185 5315 et
3211 5263 3359 5336 aliud
3408 5264 3654 5326 haberet,
3690 5266 3740 5317 si

2097 5334 2109 5347 “
2140 5332 2194 5389 in
2246 5332 2549 5391 remissiori
2587 5337 2780 5404 gradu.
2830 5332 2962 5387 Nam
3016 5340 3075 5386 et
3129 5333 3361 5404 apostoli
3424 5337 3743 5403 prophetali

2138 5415 2289 5470 sunt,
2316 5417 2372 5462 et
2413 5403 2763 5474 evangelista
2792 5404 3093 5474 prophetia
3123 5403 3398 5458 adornati.
3430 5405 3565 5457 Illud
3598 5419 3743 5474 vero

2137 5477 2421 5532 ridiculum
2443 5472 2717 5546 estfquod
2742 5489 2846 5546 non
2876 5472 3163 5545 περιῆλθεν
3180 5476 3238 5529 ἐν
3273 5474 3570 5546 μηλωταῖς.
3596 5472 3744 5527 Nam

2138 5562 2260 5611 nec,
2286 5548 2378 5617 qui
2413 5547 2492 5601 sic
2540 5545 2724 5598 amicti
2774 5544 3220 5617 obambulabant,
3252 5544 3535 5617 proritietae
3575 5554 3746 5617 erant

2135 5615 2330 5673 omnes
2358 5636 2372 5670 :
2406 5630 2505 5670 nec
2547 5617 2829 5684 propheta:
2889 5616 2978 5684 qui
3013 5615 3250 5680 fuerant,
3271 5631 3466 5669 omnes
3489 5615 3571 5668 sic
3596 5616 3744 5667 arui-

2135 5688 2206 5741 cti
2232 5685 2677 5742 obambulabant.
2722 5684 2916 5753 lneptit
2948 5700 3078 5753 ergo
3104 5686 3212 5752 hic,
3246 5702 3351 5739 nou
3387 5696 3601 5738 tantum
3639 5698 3744 5739 ca-

2137 5755 2485 5826 Iumuiatttré
2520 5753 2614 5808 τοῦ
2676 5754 2979 5825 Παμφίλου.
3023 5756 3329 5812 M.—-Mox
3385 5754 3552 5809 αὐτοῦ
3611 5762 3745 5826 pcst

2135 5825 2473 5899 προφητείας
2502 5841 2613 5885 C'tt.
2651 5829 2813 5883 codd.
