4088 6404
383 333 476 386 m
1518 330 1795 388 CONTRA
1841 327 2273 386 MARCELLUM
2313 326 2445 386 LIB.
2489 308 2536 384 ιζ
3539 332 3654 395 'm

382 453 672 522 Σολομῶνα
701 453 984 524 προφήτην
1013 452 1412 519 ἀποκαλοῦντος
1434 455 1716 517 πολλάκις,
1740 452 1835 506 καὶ
1859 451 1953 513 τὰς

2064 450 2382 519 scripserat,
2412 449 2541 503 nihil
2567 459 2748 504 tamen
2778 451 2961 506 attulit
2985 453 3136 520 novi,
3165 453 3261 510 sed
3292 452 3480 510 lectori
3538 459 3652 514 cul-

360 546 680 617 ,παροιμίας
712 545 1048 618 προφητείας
1087 545 1464 616 ὀνομάζοντος.
1516 548 1726 616 ’Ὠσπερ
1768 540 1859 598 οὖν
1906 546 1953 596 tv

2071 555 2286 610 cunque
2313 541 2458 594 idem
2487 554 2583 610 per
2613 541 2796 596 omnia
2829 543 3055 598 exhibet
3088 546 3479 602 testimonium.
3510 547 3652 604 Pcr-

381 633 463 702 οἷς
495 656 677 710 φησιν·
719 656 736 688 ι
780 637 982 690 Τούτου
1031 637 1140 708 γάρ
1171 639 1330 710 χάριν
1361 641 1389 692 ὁ
1421 638 1724 708 ἁγιώτατος
1750 637 1953 708 προφή-

2067 634 2146 702 git
2171 632 2465 701 deinceps,
2514 642 2570 687 et
2598 633 2897 689 introducit
2948 635 3218 691 dicentem
3267 636 3647 704 Servatorein,

388 749 405 780 ι
447 748 547 802 της
571 726 844 798 Σολομὼν,
867 726 1157 791 δέξασθαί
1174 745 1235 781 τε
1259 729 1526 798 στροφὰς
1549 729 1746 798 λόγων
1769 728 1906 796 ἔφη·
1940 747 1953 778 ι

2073 743 2090 774 ι
2129 722 2240 792 Ego
2286 739 2403 778 sum
2448 725 2563 778 dies
2603 740 2616 778 :
2654 743 2672 776 i
2720 725 2886 779 verba
2942 735 3122 781 autem
3175 728 3342 795 ipsius
3389 731 3457 784 ad
3505 731 3647 785 hunc

383 822 478 874 καὶ
518 821 698 874 πάλιν·
757 839 776 871 ι
825 818 1055 886 Ῥήσεις
1097 837 1164 872 τε
1187 819 1398 889 σοφῶν
1439 821 1540 874 καὶ
1578 820 1895 890 αἰνίγματα
1941 837 1953 870 ι

2068 813 2285 868 modum
2335 830 2392 870 se
2445 816 2698 870 habent:
2741 835 2762 865 ι
2819 817 2955 872 Cum
3016 816 3107 889 [Β.
3162 817 3356 890 XXV.]
3411 823 3647 875 tenebrae

382 911 480 982 τὴν
535 909 833 982 παροιμίαν
883 910 1220 981 προφητείαν
1286 911 1575 982 ὀνομάζειο
1624 912 1721 964 καὶ
1775 906 1953 974 αὖθις·

2073 925 2091 958 ι
2131 908 2279 976 prius
2310 905 2621 961 obtinerent
2671 917 2891 976 propter
2925 907 3104 962 cultus
3158 909 3324 962 divini
3354 910 3649 979 ignoratio-

387 1023 405 1053 ι
447 1003 538 1056 Διό
569 1021 658 1073 μοι
691 1004 841 1056 δοκεῖ
875 1007 903 1056 ὁ
933 1002 1245 1072 σοφώτατος
1274 998 1427 1066 οὗτος
1458 1003 1746 1074 προφήτης
1777 1003 1872 1055 καὶ
1897 1001 1953 1054 τέ

2073 1015 2091 1048 ι
2129 1013 2274 1064 nem,
2295 998 2384 1051 ubi
2427 997 2543 1052 dies
2564 996 2673 1066 jam
2697 1005 2842 1051 esset
2859 997 2911 1051 in
2930 999 3232 1069 propinquo
3261 1003 3486 1064 oritura,
3510 1001 3648 1070 Ego,

384 1112 404 1145 ι
440 1093 632 1166 πρῶτα
673 1095 894 1164 ῥήματα
924 1093 1025 1164 τῆς
1069 1094 1408 1166 προφητείας
1458 1092 1842 1165 παροιμιωδῶς
1888 1093 1953 1144 εἰ-

2073 1105 2092 1140 c
2137 1088 2335 1157 inquit,
2364 1089 2483 1144 dies
2512 1104 2653 1143 sum.
2701 1107 2718 1139 i
2759 1087 2868 1142 Nec
2900 1088 3099 1155 injuria
3153 1091 3394 1157 stellam,
3431 1092 3648 1148 Lucife-

383 1205 403 1236 ι
444 1186 688 1257 ρηκὲναι.
729 1203 747 1237 ι
785 1185 898 1238 Καὶ
942 1184 1194 1256 δεύτερον
1223 1185 1300 1248 δὲ,
1350 1184 1445 1238 καὶ
1473 1183 1678 1255 τρίτον,
1712 1183 1805 1235 καὶ
1837 1182 1953 1236 πολ-

2069 1197 2186 1235 rum
2267 1182 2580 1250 appellavit.
2653 1182 2771 1236 Alio
2821 1181 3075 1254 deinceps
3131 1182 3249 1238 loco
3294 1185 3366 1238 ita
3420 1186 3594 1255 inquit
3628 1205 3643 1219 ο

377 1277 556 1340 λάκις,
595 1277 670 1340 ὡς
702 1274 859 1346 ἔφην,
887 1275 1044 1329 τοῦτο
1076 1279 1239 1340 ποιεῖ,
1275 1275 1484 1346 ἀγνοῶν
1517 1275 1607 1328 ὅτι
1643 1273 1953 1342 διαιρέσεις

2069 1270 2161 1342 [Ρι.
2194 1271 2460 1326 XXXVII.
2489 1273 2560 1327 cf.
2595 1274 2821 1343 pag.81,
2841 1273 2930 1347 B.]
2960 1275 3436 1346 «Quandoquidem
3470 1291 3499 1328 ιι
3522 1292 3646 1332 sus-

379 1367 762 1438 χαρισμάτων
798 1367 978 1432 εἰσὶν,
1015 1370 1066 1422 εὶ
1108 1368 1206 1421 καὶ
1253 1368 1318 1422 τὸ
1354 1367 1501 1422 αὐτὸ
1553 1366 1810 1435 πνεῦμα.
1853 1365 1953 1418 Kal

2073 1382 2092 1414 ι
2134 1373 2287 1433 cepta
2334 1364 2498 1418 semel
2538 1380 2724 1430 carne,
2751 1365 3000 1431 Chrisws
3030 1369 3189 1423 simul
3219 1383 3340 1425 esse
3360 1369 3517 1426 Iesus
3545 1384 3646 1426 att-

377 1461 547 1528 ᾰλλῳ
588 1460 705 1530 μὲν
733 1459 960 1513 δίδοται
997 1461 1180 1530 λόγος
1206 1461 1448 1530 σοφίας,
1485 1461 1625 1514 κατά
1671 1459 1761 1513 τὸν
1805 1458 1964 1510 Ἀπό-

380 1552 585 1618 στολον,
620 1552 787 1616 ἄλλῳ
811 1556 992 1623 λόγος
1023 1553 1299 1624 γνώσεως
1333 1552 1482 1607 κατὰ
1511 1552 1577 1606 τὸ
1603 1550 1748 1622 αὐτὸ
1779 1551 1964 1604 πνεῦ-

375 1661 478 1714 μα,
528 1645 706 1714 ἑτέρῳ
750 1646 955 1712 πίστις
992 1647 1063 1699 ἐν
1106 1644 1186 1710 τῷ
1230 1643 1392 1710 αὐτῷ
1433 1646 1743 1714 πνεύματι,
1797 1643 1964 1713 ἄλλῳ

375 1737 728 1805 προφητεία.
775 1736 975 1806 Διόπερ
1009 1739 1038 1789 ὁ
1083 1734 1334 1807 Σολομὼν
1367 1734 1557 1804 σοφίας
1593 1734 1692 1805 μὲν
1724 1732 1962 1804 εἰληφὼς

2072 1472 2091 1506 ι
2132 1456 2406 1509 nuntiatur
2434 1474 2447 1509 :
2478 1456 2584 1510 vita
2615 1468 2667 1511 et
2691 1457 2796 1523 via,
2834 1468 2996 1528 atque
3031 1460 3167 1514 dies.
3202 1481 3220 1512 ι
3257 1461 3437 1532 Pergit
3459 1478 3643 1533 porro,

2067 1555 2122 1600 et
2160 1548 2373 1600 tandem
2415 1548 2482 1601 ali
2513 1547 2777 1617 Apostolo
2811 1549 2882 1602 ita
2908 1560 3204 1607 mutuatur.
3245 1552 3443 1607 Nostra
3467 1563 3644 1608 autem

2065 1638 2361 1693 Jerusalem
2386 1657 2595 1693 sursum
2631 1651 2727 1694 est.
2773 1641 2911 1706 Quid
2960 1652 3140 1697 autem
3186 1644 3270 1698 liis
3301 1645 3504 1702 diutius
3543 1663 3646 1716 ego

2070 1731 2344 1784 immorari
2379 1733 2549 1786 debeo
2567 1733 2590 1785 ?
2607 1731 2790 1787 Cuivis
2810 1735 3007 1789 etenim
3024 1775 3038 1799 ,
3065 1737 3152 1790 cui
3189 1735 3380 1790 saltem
3406 1736 3642 1803 libuerit,

375 1833 620 1899 χάρισμα
645 1828 1082 1900 μεμαρτύρηται.
1114 1829 1223 1882 Καὶ
1255 1827 1438 1882 ἔδωκε
1465 1827 1574 1899 (81)
1607 1827 1715 1896 γὰρ
1743 1827 1953 1894 Κύριος

2061 1824 2296 1890 proclive
2345 1833 2451 1885 est,
2495 1824 2645 1878 hisce
2681 1841 2799 1894 quae
2827 1825 2968 1880 dicta
2998 1837 3304 1896 suntquam
3346 1827 3640 1895 simillima,

373 1916 454 1984 τῷ
481 1918 784 1987 Σολομῶνι
817 1920 1064 1988 σοφίαν,
1111 1919 1187 1982 ὡς
1219 1921 1251 1989 ή
1283 1918 1472 1988 Γραφή
1509 1935 1659 1986 φησι,
1697 1919 1794 1971 καὶ
1824 1917 1960 1970 ἐσο-

373 2011 560 2080 φίσθη
610 2010 762 2080 ὑπὲρ
794 2012 1025 2078 πάντας
1045 2009 1400 2079 ἀνθρώπους
1421 2027 1434 2040 ο
1468 2009 1605 2063 Οὔτε
1636 2010 1693 2062 δὲ
1720 2009 1811 2061 τὸν
1846 2007 1958 2076 βίον

373 2101 709 2174 προφητικὸν
739 2101 1009 2173 ζεσχηκὼς,
1058 2100 1183 2154 οὒτε
1218 2102 1310 2154 τὸν
1343 2100 1444 2170 τῆς
1477 2099 1812 2170 προφητείας
1855 2115 1956 2167 χα-

375 2189 644 2258 ρακτῆρα,
685 2188 776 2242 τὸν
809 2189 917 2242 ἀπὸ
957 2188 1051 2241 τοῦ
1104 2187 1248 2241 Τάδε
1275 2187 1437 2257 λέγει
1476 2189 1712 2254 Κύριος,
1755 2186 1863 2239 τῶν
1897 2203 1956 2238 τε

372 2279 742 2348 ὁμοιοτρόπων
778 2277 1196 2350 γνωριζόμενον,
1229 2277 1316 2330 διὰ
1368 2277 1476 2331 τῶν
1512 2277 1726 2330 οίκείων
1760 2277 1959 2346 ἐμφαί-

373 2385 454 2421 νει
480 2368 671 2436 λόγων.
718 2369 775 2421 ὐ
803 2369 860 2421 δὲ
889 2370 1093 2422 τούτων
1126 2369 1277 2423 οὐδὲν
1316 2367 1458 2433 ἰδὼν,
1493 2369 1681 2441 ὥσπερ
1715 2386 1765 2422 τι
1799 2387 1956 2440 χαρι-

376 2459 599 2530 ζόμενος
626 2460 703 2532 τῷ
731 2461 884 2532 ἀνδρὶ
913 2463 1198 2533 προφήτην
1224 2461 1386 2516 αὑτὸν
1418 2461 1594 2526 καλεῖ,
1625 2461 1686 2514 οὐ
1734 2462 1953 2526 συνιεὶς,

375 2552 456 2604 ὅτι
478 2554 525 2605 οἱ
557 2553 829 2624 προφῆται
853 2553 1181 2621 περιῆλθον
1199 2553 1270 2606 ἐν
1278 2552 1604 2622 μηλωταῖς,
1626 2553 1696 2606 ἐν
1713 2553 1956 2623 αἰγείοις

374 2642 688 2712 δέρμασιν,
706 2645 1154 2713 ὑστερούμενοι,
1183 2646 1538 2713 θλιϐόμενοι,
1553 2647 1956 2714 κακουχούμε-

370 2750 486 2788 νοι.
523 2735 633 2788 Καὶ
669 2735 766 2799 τάς
800 2735 1106 2807 Παροιμίας
1144 2736 1200 2790 δὲ
1235 2735 1400 2788 αὑτοῦ
1444 2735 1781 2807 προφητείαν
1813 2736 1952 2789 εἶναι

371 2823 540 2894 λέγει,
589 2827 638 2878 εἰ
679 2825 926 2897 μηδαμοῦ
964 2827 1064 2898 τῆς
1110 2826 1260 2890 Θείας
1307 2827 1530 2898 Γραφῆς
1575 2826 1971 2898 διδασκούσης

2065 1914 2166 1969 alia
2197 1931 2411 1986 quoque
2441 1917 2644 1972 inﬁnita
2695 1916 2946 1983 colligere
2979 1919 3046 1972 ab
3081 1919 3171 1972 illo
3193 1919 3308 1989 eius
3330 1935 3514 1990 opere,
3542 1921 3642 1977 ob-

2065 2015 2279 2060 servata
2307 2045 2323 2070 ,
2360 2009 2504 2061 unde
2534 2008 2772 2061 hominis
2821 2008 3091 2062 inscitiam
3128 2010 3641 2066 animadvertamus.

2065 2093 2203 2151 Hinc
2235 2111 2450 2167 quoque
2479 2096 2704 2164 factum,
2759 2107 2818 2152 ιιι
2848 2098 3192 2155 Salomonem
3226 2104 3540 2172 prophetam
3567 2104 3645 2158 in-

2067 2186 2379 2256 digitaverit
2411 2226 2426 2250 ,
2466 2196 2601 2241 utet
2643 2189 2928 2257 proverbia
2982 2189 3323 2256 Prophetiam
3378 2206 3484 2245 non
3533 2207 3642 2246 una

2065 2279 2203 2332 vice.
2238 2277 2399 2332 Yerhi
2427 2279 2599 2346 gratia
2621 2319 2636 2344 ,
2662 2279 2728 2332 ad
2763 2279 2910 2333 hunc
2934 2281 3151 2334 modum
3202 2281 3278 2334 ait
3307 2297 3322 2334 :
3357 2279 3535 2350 Hujus
3567 2283 3642 2336 rei

2063 2384 2225 2422 causa
2251 2370 2613 2423 sanctissimus
2650 2370 2902 2439 propheta
2933 2369 3187 2424 Salomon
3210 2372 3285 2425 ait
3317 2386 3338 2427 .'
3363 2372 3444 2424 Ad
3467 2373 3642 2427 susci-

2062 2463 2307 2529 piendam
2349 2463 2696 2515 eruditionem
2743 2462 3002 2516 doctrina:
3025 2462 3382 2519 “zetiteruni
3417 2481 3432 2516 :
3468 2463 3640 2519 Verba

2061 2555 2396 2620 sapientium,
2429 2562 2476 2606 et
2522 2553 2800 2623 aenigmata
2829 2555 2897 2610 ³⁸.
2930 2553 3224 2608 Proverbia
3252 2595 3268 2620 ,
3297 2555 3636 2624 prophetiam

2061 2644 2370 2712 appellavit.
2401 2643 2599 2697 lterum
2633 2661 2645 2696 :
2678 2661 2697 2695 ι
2731 2641 2812 2698 Ob
2841 2643 2980 2698 hanc
3002 2659 3222 2699 causam
3247 2644 3460 2700 videtur
3502 2646 3636 2700 mihi

2067 2753 2084 2787 ι
2118 2735 2550 2801 sapientissimus
2574 2736 2660 2790 hic
2691 2737 2952 2805 propheta
2977 2737 3149 2805 prima
3190 2737 3355 2791 verba
3407 2737 3639 2806 praphe-

2067 2845 2084 2877 ι
2127 2827 2212 2881 tiae
2259 2843 2372 2882 sua:
2422 2827 2840 2897 proverbialiter
2889 2828 3219 2883 enuntiasse.
3280 2846 3298 2880 i
3349 2827 3634 2896 Secundo,

372 2917 536 2970 αὐτοῦ
571 2917 628 2971 δὲ
659 2917 753 2971 τοῦ
791 2919 1104 2989 σοφωτάτου
1139 2921 1236 2973 σὺν
1271 2919 1398 2989 θείῳ
1443 2919 1737 2991 πνεύματι,
1780 2919 1953 2992 ταύτῃ

2062 2918 2224 2988 igitur
2256 2928 2312 2972 et
2346 2920 2506 2974 tertio
2542 2920 2760 2988 smpins,
2812 2919 2893 2974 uti
2925 2920 3128 2974 dictum
3171 2929 3274 2986 est,
3315 2921 3416 2975 hoc
3441 2919 3510 2974 ab
3545 2919 3637 2975 illo

375 3010 472 3080 μὲν
512 3011 579 3080 τῇ
631 3008 796 3081 βίϐλῳ
842 3011 1149 3083 Παροιμίας
1186 3011 1296 3082 (82)
1328 3010 1497 3082 ὄνομα
1521 3011 1734 3074 θέντος,
1780 3014 1846 3084 τῇ
1897 3011 1953 3064 δὲ

2060 3009 2130 3062 ita
2159 3009 2356 3063 factum
2388 3021 2492 3064 est.
2525 3009 2744 3080 Ignorat
2766 3009 2980 3064 interim
3006 3011 3346 3064 diversitates
3366 3009 3635 3066 donorum

372 3101 556 3172 ἑτέρᾳ,
586 3099 1035 3172 Ἑκκλησιαστής·
1064 3102 1157 3154 καὶ
1176 3104 1240 3172 τῇ
1257 3101 1437 3175 τρίτῃ,
1470 3104 1743 3172 ’ᾼσματα
1763 3102 1953 3173 ἀσμᾴ-

2058 3113 2206 3167 esse,
2232 3100 2358 3154 licet
2395 3101 2532 3154 idem
2561 3101 2797 3171 Spiritus
2840 3101 2929 3156 sit.
2972 3099 3078 3155 Uni
3103 3103 3310 3172 quidem
3333 3103 3637 3155 conceditur

370 3206 509 3253 των,
544 3191 644 3242 οὐκ
677 3191 848 3255 ἀθεεὶ,
901 3191 1021 3244 οὐδὲ
1061 3191 1387 3263 ἀνθρωπίνῳ
1432 3193 1693 3263 λογισμῷ
1727 3191 1952 3253 ταύταις

2057 3193 2261 3246 verbum
2322 3193 2594 3259 sapientiw
2623 3232 2636 3255 ,
2690 3192 2988 3246 secundum
3042 3193 3184 3261 quod
3218 3191 3508 3262 Apostolus
3534 3193 3630 3257 ait,

373 3282 751 3346 ἐπιϐάλλοντος
790 3286 908 3346 ταῖς
940 3285 1262 3354 ὲπιγορίαις.
1318 3284 1476 3338 Ἀλλά
1509 3285 1604 3338 καὶ
1637 3284 1806 3356 αὐτὴν
1851 3283 1950 3355 τὴν

2057 3281 2207 3336 alteri
2230 3281 2437 3335 verbum
2466 3282 2844 3351 intelligentia,
2870 3285 3168 3336 secundum
3201 3284 3451 3337 eumdem
3485 3284 3634 3352 Apo-

375 3371 728 3426 θεόπνευστον
779 3373 943 3427 αὑτοῦ
975 3373 1220 3445 Τραφὴν,
1273 3374 1338 3427 δι’
1397 3373 1726 3444 Ἑλληνικῶν
1761 3373 1952 3441 πειρᾶ-

371 3480 463 3514 ται
492 3462 601 3533 (85)
639 3465 1097 3535 παραδειγμάτων
1131 3464 1478 3537 ἑρμηνεύειν,
1509 3465 1608 3517 οὐκ
1643 3463 1953 3525 ἐπακούσας

369 3552 584 3607 Παύλου
622 3555 713 3606 τοῦ
764 3553 1066 3608 ἀποστόλου
1111 3555 1380 3624 λέγοντος·
1440 3553 1628 3624 Ἡμεῖς
1670 3553 1739 3606 δὲ
1785 3554 1856 3606 οὐ
1883 3551 1950 3605 τὸ

369 3643 607 3714 πνεῦμα
648 3644 755 3698 τοῦ
793 3646 1024 3715 κόσμου
1058 3645 1370 3715 ἐλάϐομεν,
1415 3645 1576 3701 ἀλλὰ
1613 3645 1679 3698 τὸ
1719 3643 1952 3713 πνεῦμα

369 3734 437 3787 τὸ
457 3735 525 3788 ἑκ
561 3735 664 3789 τοῦ
694 3737 862 3803 Θεοῦ,
887 3738 987 3790 ἵνα
1018 3737 1236 3808 ἴδωμεν
1276 3739 1348 3791 τὰ
1380 3737 1500 3794 ὑπὸ
1531 3737 1638 3792 τοῦ
1671 3736 1817 3790 Θεοῦ
1847 3750 1952 3789 κα-

363 3827 652 3892 ρισθέντα
679 3827 851 3897 ἡμῖν·
884 3828 923 3882 ἁ
945 3827 1043 3882 καὶ
1060 3830 1386 3898 λαλοῦμεν,
1416 3832 1528 3883 οὐκ
1557 3829 1626 3881 ἐν
1656 3825 1953 3892 διδακτοῖς

369 3919 751 3988 ἀνθρωπίνης
799 3923 1020 3990 σοφίας
1069 3923 1293 3992 λόγοις,
1347 3924 1482 3977 ἀλλ’
1535 3923 1604 3976 ὲν
1655 3919 1954 3986 διδακτοῖς

370 4013 718 4080 Πνεύματος
786 4015 981 4084 ἁγίου,
1044 4015 1416 4085 πνευματικὰ
1486 4013 1952 4085 (πνευματικοῖς)

369 4105 821 4172 συγκρίνοντες.
864 4106 1132 4176 Ψυχικὸς
1177 4105 1245 4158 δὲ
1277 4104 1586 4172 ἄνθρωπος
1614 4106 1685 4158 οὐ
1718 4103 1953 4172 δέχεται

364 4199 443 4252 τὰ
471 4197 578 4252 τοῦ
596 4200 943 4268 Πνεύματος
964 4199 1068 4253 τοῦ
1093 4197 1261 4264 Θεοῦ,
1279 4197 1471 4267 μωρία
1485 4197 1595 4268 γὰρ
1618 4195 1778 4261 αὐτῷ
1799 4195 1951 4259 ἐστι,

367 4292 469 4345 καὶ
505 4293 578 4346 οὺ
604 4291 855 4347 δύναται
892 4293 1113 4363 γνῶναι
1150 4291 1240 4346 ὅτι
1261 4289 1678 4361 πνευματικῶς
1709 4291 1955 4358 ἀνακρί-

441 4403 635 4476 νῙιΕιΙ.
652 4404 852 4471 Paris.,
881 4421 1002 4476 pag.
1034 4405 1121 4460 Μ.

437 4477 482 4508 ³⁸
506 4475 667 4531 Prov.
695 4492 743 4540 ι,
767 4478 821 4531 3.

930 4477 976 4507 ³⁸
1011 4477 1138 4530 ibid.
1179 4476 1233 4530 6.
1293 4472 1335 4505 ³⁷
1367 4475 1535 4531 lCor.
1575 4491 1678 4540 ιιιι,
1705 4476 1790 4531 10.
1869 4475 1914 4507 ³⁸
1941 4475 2004 4530 lll
2040 4474 2174 4545 Reg.
2210 4474 2372 4540 v,12.

2055 3374 2253 3428 Stolum
2287 3391 2300 3426 :
2327 3374 2424 3426 alii
2466 3374 2602 3441 ﬁdes
2628 3391 2718 3442 per
2749 3379 2984 3426 eumdem
3015 3373 3256 3441 spiritum
3283 3389 3301 3427 :
3327 3374 3483 3428 alteri
3512 3391 3636 3444 pro-

2054 3465 2228 3533 phetia
2252 3463 2319 3516 ³⁷.
2359 3453 2614 3517 Salomon
2636 3473 2818 3518 autem
2851 3466 3052 3516 donum
3081 3464 3291 3532 accepit
3327 3466 3632 3533 sapientiai,

2055 3567 2112 3610 ut
2137 3556 2428 3624 Scriptura:
2467 3556 2770 3609 testimonio
2821 3557 3200 3623 comprobatur
3239 3569 3255 3609 :
3297 3561 3354 3619 iis
3393 3555 3460 3609 Et
3489 3556 3633 3610 dedit

2054 3647 2310 3701 Dominus
2325 3647 2637 3715 sapientiam
2665 3643 2938 3700 Salomoni
2969 3647 3038 3712 ⁸³,
3062 3659 3108 3700 et
3133 3657 3243 3700 erat
3267 3648 3504 3702 omnibus
3533 3647 3630 3702 lio-

2056 3735 2282 3788 minibus
2300 3735 2589 3803 sapientior
2608 3735 2673 3789 ”.
2710 3733 2888 3789 Vitam
2914 3745 3092 3790 autem
3125 3736 3496 3806 propheticum
3523 3750 3633 3791 non

2059 3829 2378 3883 instituebat
2413 3848 2425 3882 :
2466 3842 2640 3895 neque
2684 3827 2790 3882 ullo
2821 3829 3138 3882 charactere
3171 3829 3488 3898 prophetico
3514 3837 3634 3884 erat

2058 3921 2350 3992 insignitus
2384 3941 2398 3976 :
2428 3923 2621 3992 quales
2670 3929 2867 3988 erant,
2925 3920 3053 3975 Haec
3077 3922 3201 3974 dicit
3255 3921 3534 3987 Dominus,
3577 3929 3635 3976 et

2055 4013 2182 4068 huic
2206 4015 2415 4070 similes
2448 4029 2463 4068 :
2499 4027 2660 4085 atque
2707 4015 2811 4069 hoc
2845 4030 2909 4068 es
2940 4015 3025 4081 iis,
3065 4030 3186 4084 quai
3212 4013 3454 4084 scripsit,
3497 4014 3632 4068 satis

2055 4104 2242 4172 liquet.
2275 4105 2584 4171 Marcellus,
2637 4107 2739 4162 hoc
2785 4107 3007 4160 minime
3039 4106 3460 4170 animadverso,
3506 4117 3631 4162 tan-

2054 4211 2218 4266 quam
2242 4199 2291 4254 ei
2322 4198 2390 4252 de
2432 4213 2530 4253 suo
2575 4199 2792 4270 elargiri
2824 4199 2986 4254 vellet
3013 4197 3217 4268 aliquid
3245 4239 3261 4263 ,
3307 4201 3628 4270 prophetam

2056 4290 2206 4344 illum
2255 4291 2576 4360 indigitabat
2608 4308 2622 4344 :
2657 4291 2879 4345 minime
2907 4292 3126 4346 interim
3178 4294 3469 4360 meminit,
3503 4309 3632 4365 pro-

2485 4475 2530 4507 ³⁹
2563 4473 2623 4527 ΙΙΙ
2653 4475 2784 4546 Reg.
2815 4490 2887 4539 iv,
2918 4475 3008 4529 5i.

442 4727 553 4804 (δη
577 4727 692 4796 Γάρ
717 4736 776 4804 _et
799 4726 874 4789 ὡς
900 4741 1011 4804 om.
1044 4729 1207 4804 vulgo
1239 4771 1253 4795 ,
1295 4729 1418 4785 dein
1472 4731 1631 4804 vulgo
1653 4731 1953 4804 72010;).th

2057 4731 2280 4804 omnino
2314 4731 2497 4804 animi,
2528 4731 2690 4804 quasi
2730 4718 3060 4804 prohibitum
3088 4731 3326 4786 essetab
3349 4733 3627 4802 Apostolo,

365 4797 800 4874 τιέμέίνθρηηῧο
826 4800 1029 4874 κακὸχτ
1061 4811 1117 4852 ει
1140 4797 1238 4863 τάς
1256 4818 1315 4874 τε
1346 4818 1479 4874 παρ.
1511 4797 1700 4874 αὐτοῦ.

440 4870 552 4941 (8‘2)
587 4868 929 4942 ΔΠαροιμίας
999 4868 1460 4942 ὀνομασθέντος.
1513 4872 1656 4942 Lege
1707 4873 1947 4942 divisim,

369 4937 1227 5030 παροιμίας.ἕξει-ἰρεὶπαρρίμιαοι
1273 4949 1350 5030 ει·
1381 4945 1555 5030 recepi
1594 4937 1799 5030 Ῑόνομειι⁹
1833 4941 1953 4995 θέν-

371 5009 498 5072 τοςς
525 5011 573 5061 εἰ
611 5009 794 5064 addito
849 5009 944 5062 καὶ
1001 5009 1216 5063 tolerari
1265 5011 1465 5082 potest]
1509 5009 1712 5084 ὄνομα
1743 5013 1948 5077 θέντος.

371 5078 665 5164 behind-um
708 5093 880 5164 'porro
910 5079 1040 5132 illud
1058 5081 1142 5164 si;
1168 5090 1222 5133 et
1246 5089 1378 5164 tota~
1392 5084 1789 5164 sententiansic
1819 5099 1952 5164 cpn-

368 5149 635 5216 cipienda,
660 5149 758 5211 τάς
790 5167 847 5202 τε
884 5150 1181 5219 παροιμίας
1217 5149 1404 5214 αὑτοῦ,
1446 5153 1782 5223 προφητείαν
1814 5149 1950 5207 εἶναι

368 5217 517 5286 λέγει
543 5217 788 5286 μηδαμοῦ
817 5219 917 5286 τῆς
943 5217 1093 5281 θείας
1121 5221 1160 5270 Γ
1165 5221 1340 5286 ραφῆς
1368 5221 1752 5286 διδασκούσηςο
1785 5223 1949 5276 αὐτοῦ

369 5235 517 5286 Αεγει
543 5235 788 5288 μηοαμου
817 5237 917 5290 της
943 5235 1093 5281 usta;
1121 5235 1340 5292 ιραφης
1368 5235 1752 5294 διδασκούσης⁸
1785 5235 1946 5276 αύτου

369 5286 542 5366 ﬁni-06
570 5288 907 5366 σοφωτάτου,
928 5289 1039 5366 ῄσὺν
1067 5289 1194 5366 θείῳ
1219 5291 1514 5366 Πνεύματι,
1545 5293 1716 5366 ταύτῃ
1743 5293 1946 5366 μὲνᾼτῇ

367 5359 552 5436 βίϐλῳ·
570 5344 906 5436 Παροιμίας,
925 5358 1094 5428 ὄνομα
1120 5344 1324 5436 θέντος,
1450 5344 1514 5415 δὲ’
1543 5344 1949 5436 ὲτέρᾷ’ἶίζκκληί

367 5429 615 5507 σιαστήν.
648 5430 798 5493 Quod
827 5444 1012 5507 verum
1051 5441 1152 5507 est.
1185 5432 1302 5486 Non
1328 5429 1472 5486 enim
1497 5429 1947 5500 suntadjectitiai

366 5499 771 5572 inscriptiones,
821 5501 912 5552 sed
953 5499 1021 5572 ab
1069 5501 1315 5572 ipsumet
1371 5514 1593 5557 auctore
1649 5518 1941 5572 expressae.

365 5569 500 5622 Tum
575 5569 844 5635 sequitur,
887 5567 982 5621 καὶ
1028 5571 1128 5623 οὐκ
1165 5571 1338 5626 άθεεί.
1379 5572 1491 5626 Hoc
1544 5582 1647 5637 est,
1685 5567 1788 5626 non
1827 5575 1945 5627 sine

361 5640 606 5718 immitte,
631 5637 803 5718 χωρὶς
831 5637 967 5718 Θεοῦ
999 5639 1249 5718 γνώμης,
1276 5655 1335 5697 ιιι
1364 5643 1661 5714 Hesychius
1690 5645 1932 5714 exponit.

361 5708 438 5764 M.
460 5737 537 5782 Σ
563 5707 692 5782 Dein
719 5707 874 5782 Vulgo
894 5708 974 5782 ὡς
1007 5707 1195 5781 *ᾼσμα
1226 5713 1282 5782 ᾁ.

433 5777 548 5850 (85)
605 5777 1517 5851 Παραδειγμὰτωνἑρμηνεύειν.
1580 5783 1800 5842 Morbus
1853 5792 1936 5840 est

2056 4801 2074 4854 Ι
2111 4801 2238 4875 Cor.
2274 4818 2338 4862 ιι,
2375 4801 2461 4863 l2,
2489 4802 2558 4875 ali
2589 4801 2950 4875 Aﬂgyptiisea
2990 4801 3478 4875 mutnoaccipere,
3508 4823 3630 4875 quae

2056 4873 2440 4932 conducerent,
2481 4874 2547 4923 ad
2597 4871 3011 4933 θκδιιηιιιιιᾰιιιιι,
3044 4883 3095 4924 et
3136 4871 3627 4928 adoriiaiidnm'ta-

2058 4941 2432 4995 liertiaculnm.
2469 4941 2637 5006 Quasi
2671 4943 2897 5009 ipsemet
2932 4939 3151 5003 Paulus,
3179 4960 3280 4995 non
3309 4946 3374 4996 de
3406 4945 3628 4998 Menan-

2055 5014 2174 5083 dro,
2215 5013 2413 5083 Arato,
2461 5012 2799 5078 Epimenidc,
2845 5011 2927 5083 vel
2954 5011 3286 5083 Callimacho
3317 5011 3540 5083 γνώμας
3570 5023 3628 5067 et

2054 5081 2454 5150 ἀποφθέγματα
2505 5091 2863 5135 tiitituaretur.
2897 5079 3059 5146 Quasi
3093 5079 3355 5150 Eusebius
3379 5079 3492 5150 ipSe
3516 5098 3622 5137 non

2055 5151 2192 5221 [oret
2237 5149 2489 5219 scriptor.
2517 5151 2564 5205 si
2603 5153 2723 5218 quis
2748 5151 2886 5204 alius
2917 5149 3339 5221 στρωματώδης,
3366 5149 3455 5219 qui
3485 5153 3624 5204 ἀπό·

2051 5219 2216 5285 δειξιν
2255 5221 2398 5273 illaturi
2429 5221 2831 5290 Evangelicani,
2872 5219 3146 5274 tessellata
3179 5219 3459 5292 illo’opere
3489 5238 3625 5292 προ-

2051 5292 2424 5361 παρασκευῆς.
2464 5289 2888 5344 emendatiorem
2942 5293 3128 5351 multo,
3150 5300 3215 5361 _et
3246 5289 3627 5344 διδακτικωτέ-

2053 5358 2150 5431 ραν
2180 5378 2284 5431 non
2314 5358 2665 5424 credidisset;
2698 5364 2790 5415 sed
2825 5363 2941 5431 iure
2983 5369 3108 5431 sunt
3138 5358 3410 5423 factionis,
3441 5370 3496 5414 et
3535 5362 3629 5413 ἀν-

2047 5429 2307 5499 τιλογίας.
2363 5431 2521 5485 Certe
2586 5431 2846 5500 quidquid
2901 5429 3162 5500 Eusebius
3222 5431 3626 5500 συκοφαντίζει,

2049 5517 2153 5554 non
2209 5512 2294 5555 est
2345 5501 2397 5553 in
2445 5518 2510 5555 eo
2547 5498 3024 5570 reprehendendus
3045 5498 3352 5570 Marcellus,
3372 5498 3523 5569 quod
3558 5502 3628 5554 ad

2047 5571 2422 5625 Salonioniaca
2473 5569 2764 5626 Proverbia
2813 5569 3098 5622 smenlares
3140 5569 3367 5633 litteras,
3396 5580 3451 5626 et
3499 5571 3628 5625 ἀνα-

2044 5641 2361 5712 γνώσματα,
2389 5653 2445 5691 ιιι
2475 5651 2654 5706 vocat,
2672 5639 2958 5710 Ἑλληνικά
2992 5639 3256 5695 attulerit.
3280 5639 3350 5693 Μ.
3382 5671 3450 5681 —-
3471 5640 3625 5712 Dein.

2046 5710 2207 5781 vulgo
2269 5710 2506 5781 xa‘tiiet
2537 5728 2646 5768 oni.
2715 5712 2875 5780 vulgo
2936 5712 3351 5773 πνευματικοῖς.
3398 5711 3630 5764 ἀριιὶοιιιι

2045 5779 2204 5853 vulgo
2229 5779 2445 5854 γράψας
