  <div class='ocr_page' id='page_1' title='image "/cluster/home/n/w/nwhite01/storage/ocr_20150623/24:no.6/coo.31924054873058/385.png"; bbox 0 0 4088 6386; ppageno 0'>
   <div class='ocr_carea' id='block_1_1' title="bbox 482 318 3737 390">
    <p class='ocr_par' dir='ltr' id='par_1_1' title="bbox 482 318 3737 390">
     <span class='ocr_line' id='line_1_1' title="bbox 482 318 3737 390; baseline -0.002 -7"><span class='ocrx_word' id='word_1_1' title='bbox 482 328 588 383; x_wconf 66' lang='grc'><strong>748</strong></span> <span class='ocrx_word' id='word_1_2' title='bbox 1153 318 1426 378; x_wconf 83' lang='lat' dir='ltr'><strong>EUSEBII</strong></span> <span class='ocrx_word' id='word_1_3' title='bbox 1463 318 1946 377; x_wconf 75' lang='lat' dir='ltr'><strong>CIESABIENSIS</strong></span> <span class='ocrx_word' id='word_1_4' title='bbox 1982 320 2132 377; x_wconf 81' lang='lat' dir='ltr'><strong>OPP.</strong></span> <span class='ocrx_word' id='word_1_5' title='bbox 2172 320 2356 378; x_wconf 79' lang='lat' dir='ltr'><strong>PARS</strong></span> <span class='ocrx_word' id='word_1_6' title='bbox 2392 320 2482 379; x_wconf 75' lang='grc' dir='ltr'><strong>Π.</strong></span> <span class='ocrx_word' id='word_1_7' title='bbox 2524 352 2595 365; x_wconf 90' lang='grc'><strong><em>-</em></strong></span> <span class='ocrx_word' id='word_1_8' title='bbox 2632 321 3055 381; x_wconf 77' lang='lat' dir='ltr'><strong>DOGMATICA.</strong></span> <span class='ocrx_word' id='word_1_9' title='bbox 3628 333 3737 390; x_wconf 67' lang='grc' dir='ltr'><strong>’,μ</strong></span> 
     </span>
    </p>
   </div>
   <div class='ocr_carea' id='block_1_2' title="bbox 478 436 2055 515">
    <p class='ocr_par' dir='ltr' id='par_1_2' title="bbox 478 436 2050 512">
     <span class='ocr_line' id='line_1_2' title="bbox 478 436 2050 512; baseline -0.002 -16"><span class='ocrx_word' id='word_1_10' title='bbox 478 444 672 512; x_wconf 87' lang='lat' dir='ltr'><strong>phetas</strong></span> <span class='ocrx_word' id='word_1_11' title='bbox 699 437 1036 495; x_wconf 84' lang='lat' dir='ltr'><strong>circumiisse</strong></span> <span class='ocrx_word' id='word_1_12' title='bbox 1064 436 1278 494; x_wconf 84' lang='lat' dir='ltr'><strong>melotis</strong></span> <span class='ocrx_word' id='word_1_13' title='bbox 1330 437 1562 493; x_wconf 88' lang='lat' dir='ltr'><strong>amietos</strong></span> <span class='ocrx_word' id='word_1_14' title='bbox 1589 446 1645 493; x_wconf 84' lang='lat' dir='ltr'><strong>et</strong></span> <span class='ocrx_word' id='word_1_15' title='bbox 1672 438 1899 493; x_wconf 86' lang='lat' dir='ltr'><strong>haedinis</strong></span> <span class='ocrx_word' id='word_1_16' title='bbox 1933 440 2050 508; x_wconf 87' lang='lat' dir='ltr'><strong>pel-</strong></span> 
     </span>
    </p>
   </div>
   <div class='ocr_carea' id='block_1_3' title="bbox 2159 436 3737 515">
    <p class='ocr_par' dir='ltr' id='par_1_3' title="bbox 2159 439 3737 515">
     <span class='ocr_line' id='line_1_3' title="bbox 2159 439 3737 515; baseline 0.006 -21"><span class='ocrx_word' id='word_1_17' title='bbox 2159 456 2336 495; x_wconf 80' lang='grc' dir='ltr'>νεται.</span> <span class='ocrx_word' id='word_1_18' title='bbox 2370 442 2481 496; x_wconf 74' lang='grc' dir='ltr'><strong>Καὶ</strong></span> <span class='ocrx_word' id='word_1_19' title='bbox 2511 439 2683 495; x_wconf 80' lang='grc' dir='ltr'>ταῦτα</span> <span class='ocrx_word' id='word_1_20' title='bbox 2715 442 2772 496; x_wconf 76' lang='grc' dir='ltr'>δὲ</span> <span class='ocrx_word' id='word_1_21' title='bbox 2801 443 3072 515; x_wconf 82' lang='grc' dir='ltr'><strong>ἀγνοήσας</strong></span> <span class='ocrx_word' id='word_1_22' title='bbox 3102 445 3132 497; x_wconf 85' lang='grc' dir='ltr'>ὁ</span> <span class='ocrx_word' id='word_1_23' title='bbox 3165 446 3433 512; x_wconf 78' lang='grc' dir='ltr'><strong>γενναῖος,</strong></span> <span class='ocrx_word' id='word_1_24' title='bbox 3474 450 3737 505; x_wconf 71' lang='grc' dir='ltr'>πειρᾶται</span> 
     </span>
    </p>
   </div>
   <div class='ocr_carea' id='block_1_4' title="bbox 478 528 2055 606">
    <p class='ocr_par' dir='ltr' id='par_1_4' title="bbox 478 529 2049 601">
     <span class='ocr_line' id='line_1_4' title="bbox 478 529 2049 601; baseline -0.001 -14"><span class='ocrx_word' id='word_1_25' title='bbox 478 533 619 587; x_wconf 85' lang='lat' dir='ltr'>libus</span> <span class='ocrx_word' id='word_1_26' title='bbox 643 571 660 597; x_wconf 95' lang='lat'><strong>,</strong></span> <span class='ocrx_word' id='word_1_27' title='bbox 702 545 923 601; x_wconf 76' lang='lat' dir='ltr'><strong>egeries,</strong></span> <span class='ocrx_word' id='word_1_28' title='bbox 956 543 1263 599; x_wconf 89' lang='lat' dir='ltr'><strong>oppressos,</strong></span> <span class='ocrx_word' id='word_1_29' title='bbox 1305 529 1640 599; x_wconf 85' lang='lat' dir='ltr'><strong>angustiatos</strong></span> <span class='ocrx_word' id='word_1_30' title='bbox 1657 530 1724 584; x_wconf 62' lang='grc' dir='ltr'><strong>ι’.</strong></span> <span class='ocrx_word' id='word_1_31' title='bbox 1758 529 2049 586; x_wconf 71' lang='lat' dir='ltr'><strong>Proverbia</strong></span> 
     </span>
    </p>
   </div>
   <div class='ocr_carea' id='block_1_5' title="bbox 2159 528 3739 606">
    <p class='ocr_par' dir='ltr' id='par_1_5' title="bbox 2159 528 3739 606">
     <span class='ocr_line' id='line_1_5' title="bbox 2159 528 3739 606; baseline 0.009 -25"><span class='ocrx_word' id='word_1_32' title='bbox 2159 530 2285 601; x_wconf 72' lang='grc' dir='ltr'>ἡμῖν</span> <span class='ocrx_word' id='word_1_33' title='bbox 2323 528 2384 594; x_wconf 73' lang='grc' dir='ltr'><strong>ἐξ</strong></span> <span class='ocrx_word' id='word_1_34' title='bbox 2431 529 2760 600; x_wconf 76' lang='grc' dir='ltr'><strong>Ἑλληνικῶν</strong></span> <span class='ocrx_word' id='word_1_35' title='bbox 2799 531 3245 602; x_wconf 72' lang='grc' dir='ltr'><strong>ἀναγνωσμάτων</strong></span> <span class='ocrx_word' id='word_1_36' title='bbox 3285 532 3385 606; x_wconf 81' lang='grc' dir='ltr'><strong>τὴν</strong></span> <span class='ocrx_word' id='word_1_37' title='bbox 3424 534 3534 591; x_wconf 84' lang='grc' dir='ltr'><strong>τῶν</strong></span> <span class='ocrx_word' id='word_1_38' title='bbox 3578 537 3739 597; x_wconf 71' lang='grc' dir='ltr'>θείων</span> 
     </span>
    </p>
   </div>
   <div class='ocr_carea' id='block_1_6' title="bbox 478 620 2055 701">
    <p class='ocr_par' dir='ltr' id='par_1_6' title="bbox 478 620 2050 693">
     <span class='ocr_line' id='line_1_6' title="bbox 478 620 2050 693; baseline -0.001 -17"><span class='ocrx_word' id='word_1_39' title='bbox 478 623 885 693; x_wconf 86' lang='lat' dir='ltr'><strong>prophetiarum</strong></span> <span class='ocrx_word' id='word_1_40' title='bbox 917 620 1138 676; x_wconf 85' lang='lat' dir='ltr'><strong>nomine</strong></span> <span class='ocrx_word' id='word_1_41' title='bbox 1178 620 1444 690; x_wconf 86' lang='lat' dir='ltr'><strong>designat,</strong></span> <span class='ocrx_word' id='word_1_42' title='bbox 1481 635 1603 675; x_wconf 89' lang='lat' dir='ltr'><strong>cum</strong></span> <span class='ocrx_word' id='word_1_43' title='bbox 1642 635 1911 690; x_wconf 77' lang='lat' dir='ltr'><strong>nusquam</strong></span> <span class='ocrx_word' id='word_1_44' title='bbox 1947 623 2050 681; x_wconf 81' lang='lat' dir='ltr'><strong>hoc</strong></span> 
     </span>
    </p>
   </div>
   <div class='ocr_carea' id='block_1_7' title="bbox 2159 620 3738 701">
    <p class='ocr_par' dir='ltr' id='par_1_7' title="bbox 2159 621 3738 701">
     <span class='ocr_line' id='line_1_7' title="bbox 2159 621 3738 701; baseline 0.008 -28"><span class='ocrx_word' id='word_1_45' title='bbox 2159 621 2470 692; x_wconf 75' lang='grc' dir='ltr'>Παροιμιιῖιν</span> <span class='ocrx_word' id='word_1_46' title='bbox 2495 622 2734 677; x_wconf 81' lang='grc' dir='ltr'>διάνοιαν</span> <span class='ocrx_word' id='word_1_47' title='bbox 2766 624 3134 695; x_wconf 81' lang='grc' dir='ltr'><strong>προστιθέναι,</strong></span> <span class='ocrx_word' id='word_1_48' title='bbox 3167 624 3357 681; x_wconf 82' lang='grc' dir='ltr'>τοῦτον</span> <span class='ocrx_word' id='word_1_49' title='bbox 3384 629 3614 701; x_wconf 80' lang='grc' dir='ltr'>γράφων</span> <span class='ocrx_word' id='word_1_50' title='bbox 3637 633 3738 685; x_wconf 75' lang='grc' dir='ltr'><strong>αὐ-</strong></span> 
     </span>
    </p>
   </div>
   <div class='ocr_carea' id='block_1_8' title="bbox 479 711 2055 786">
    <p class='ocr_par' dir='ltr' id='par_1_8' title="bbox 479 711 2051 781">
     <span class='ocr_line' id='line_1_8' title="bbox 479 711 2051 781; baseline -0.001 -13"><span class='ocrx_word' id='word_1_51' title='bbox 479 713 727 768; x_wconf 88' lang='lat' dir='ltr'><strong>docuerit</strong></span> <span class='ocrx_word' id='word_1_52' title='bbox 755 711 1035 781; x_wconf 85' lang='lat' dir='ltr'><strong>Scriptura</strong></span> <span class='ocrx_word' id='word_1_53' title='bbox 1085 726 1242 766; x_wconf 88' lang='lat' dir='ltr'><strong>sacra</strong></span> <span class='ocrx_word' id='word_1_54' title='bbox 1271 749 1287 774; x_wconf 91' lang='lat'><strong>,</strong></span> <span class='ocrx_word' id='word_1_55' title='bbox 1335 712 1429 765; x_wconf 86' lang='lat' dir='ltr'><strong>sed</strong></span> <span class='ocrx_word' id='word_1_56' title='bbox 1462 720 1652 765; x_wconf 85' lang='lat' dir='ltr'><strong>auctor</strong></span> <span class='ocrx_word' id='word_1_57' title='bbox 1696 711 1810 780; x_wconf 89' lang='lat' dir='ltr'><strong>ipse</strong></span> <span class='ocrx_word' id='word_1_58' title='bbox 1835 711 2051 780; x_wconf 85' lang='lat' dir='ltr'><strong>sapien-</strong></span> 
     </span>
    </p>
   </div>
   <div class='ocr_carea' id='block_1_9' title="bbox 2159 711 2865 786">
    <p class='ocr_par' dir='ltr' id='par_1_9' title="bbox 2159 712 2865 786">
     <span class='ocr_line' id='line_1_9' title="bbox 2159 712 2865 786; baseline 0.006 -22"><span class='ocrx_word' id='word_1_59' title='bbox 2159 714 2263 775; x_wconf 84' lang='grc' dir='ltr'>τοῖς</span> <span class='ocrx_word' id='word_1_60' title='bbox 2294 712 2500 784; x_wconf 77' lang='grc' dir='ltr'>ῥήμασι</span> <span class='ocrx_word' id='word_1_61' title='bbox 2526 713 2617 766; x_wconf 78' lang='grc' dir='ltr'>τὸν</span> <span class='ocrx_word' id='word_1_62' title='bbox 2645 714 2865 786; x_wconf 86' lang='grc' dir='ltr'>τρόπον.</span> 
     </span>
    </p>
   </div>
   <div class='ocr_carea' id='block_1_10' title="bbox 481 801 3739 874">
    <p class='ocr_par' dir='ltr' id='par_1_10' title="bbox 481 801 3739 874">
     <span class='ocr_line' id='line_1_10' title="bbox 481 801 3739 874; baseline 0.002 -13"><span class='ocrx_word' id='word_1_63' title='bbox 481 807 728 862; x_wconf 87' lang='lat' dir='ltr'><strong>tissimus</strong></span> <span class='ocrx_word' id='word_1_64' title='bbox 796 814 853 859; x_wconf 89' lang='lat' dir='ltr'><strong>et</strong></span> <span class='ocrx_word' id='word_1_65' title='bbox 908 803 1116 874; x_wconf 91' lang='lat' dir='ltr'><strong>Spiritu</strong></span> <span class='ocrx_word' id='word_1_66' title='bbox 1153 804 1376 873; x_wconf 85' lang='lat' dir='ltr'><strong>insuper</strong></span> <span class='ocrx_word' id='word_1_67' title='bbox 1426 812 1614 858; x_wconf 90' lang='lat' dir='ltr'><strong>sancto</strong></span> <span class='ocrx_word' id='word_1_68' title='bbox 1684 804 1983 873; x_wconf 66' lang='lat' dir='ltr'><strong>praeditus,</strong></span> <span class='ocrx_word' id='word_1_69' title='bbox 2045 801 2334 858; x_wconf 75' lang='lat' dir='ltr'><strong>Proverbia</strong></span> <span class='ocrx_word' id='word_1_70' title='bbox 2384 806 2746 861; x_wconf 69' lang='lat' dir='ltr'><strong>nominaverit</strong></span> <span class='ocrx_word' id='word_1_71' title='bbox 2777 824 2792 861; x_wconf 90' lang='lat'><strong>:</strong></span> <span class='ocrx_word' id='word_1_72' title='bbox 2821 816 2881 861; x_wconf 91' lang='lat' dir='ltr'><strong>ut</strong></span> <span class='ocrx_word' id='word_1_73' title='bbox 2928 806 3161 862; x_wconf 83' lang='lat' dir='ltr'><strong>alterum</strong></span> <span class='ocrx_word' id='word_1_74' title='bbox 3217 810 3417 866; x_wconf 84' lang='lat' dir='ltr'><strong>librum</strong></span> <span class='ocrx_word' id='word_1_75' title='bbox 3469 811 3739 868; x_wconf 83' lang='lat' dir='ltr'><strong>Ecclesia-</strong></span> 
     </span>
    </p>
   </div>
   <div class='ocr_carea' id='block_1_11' title="bbox 478 894 3740 970">
    <p class='ocr_par' dir='ltr' id='par_1_11' title="bbox 478 894 3740 970">
     <span class='ocr_line' id='line_1_11' title="bbox 478 894 3740 970; baseline 0.001 -17"><span class='ocrx_word' id='word_1_76' title='bbox 478 910 592 953; x_wconf 83' lang='lat' dir='ltr'><strong>sten</strong></span> <span class='ocrx_word' id='word_1_77' title='bbox 624 910 643 949; x_wconf 92' lang='lat'><strong><em>:</em></strong></span> <span class='ocrx_word' id='word_1_78' title='bbox 680 896 896 951; x_wconf 89' lang='lat' dir='ltr'><strong>tertium</strong></span> <span class='ocrx_word' id='word_1_79' title='bbox 945 894 1225 950; x_wconf 80' lang='lat' dir='ltr'><strong>Canticum</strong></span> <span class='ocrx_word' id='word_1_80' title='bbox 1270 896 1593 949; x_wconf 81' lang='lat' dir='ltr'><strong>canticorum</strong></span> <span class='ocrx_word' id='word_1_81' title='bbox 1623 910 1643 948; x_wconf 93' lang='lat'><strong><em>:</em></strong></span> <span class='ocrx_word' id='word_1_82' title='bbox 1670 910 1805 964; x_wconf 90' lang='lat' dir='ltr'><strong>quos</strong></span> <span class='ocrx_word' id='word_1_83' title='bbox 1832 896 2052 966; x_wconf 87' lang='lat' dir='ltr'><strong>scriptis</strong></span> <span class='ocrx_word' id='word_1_84' title='bbox 2090 896 2241 951; x_wconf 87' lang='lat' dir='ltr'><strong>hisce</strong></span> <span class='ocrx_word' id='word_1_85' title='bbox 2303 896 2488 952; x_wconf 85' lang='lat' dir='ltr'><strong>titulos</strong></span> <span class='ocrx_word' id='word_1_86' title='bbox 2552 913 2658 952; x_wconf 86' lang='lat' dir='ltr'><strong>non</strong></span> <span class='ocrx_word' id='word_1_87' title='bbox 2687 898 2925 952; x_wconf 85' lang='lat' dir='ltr'><strong>humana</strong></span> <span class='ocrx_word' id='word_1_88' title='bbox 2962 898 3174 954; x_wconf 79' lang='lat' dir='ltr'><strong>ratione</strong></span> <span class='ocrx_word' id='word_1_89' title='bbox 3201 899 3404 970; x_wconf 77' lang='lat' dir='ltr'><strong>aliqua,</strong></span> <span class='ocrx_word' id='word_1_90' title='bbox 3429 904 3525 959; x_wconf 86' lang='lat' dir='ltr'><strong>sed</strong></span> <span class='ocrx_word' id='word_1_91' title='bbox 3561 903 3740 959; x_wconf 76' lang='lat' dir='ltr'><strong>lmini-</strong></span> 
     </span>
    </p>
   </div>
   <div class='ocr_carea' id='block_1_12' title="bbox 477 987 3738 1068">
    <p class='ocr_par' dir='ltr' id='par_1_12' title="bbox 477 987 3738 1068">
     <span class='ocr_line' id='line_1_12' title="bbox 477 987 3738 1068; baseline 0.002 -20"><span class='ocrx_word' id='word_1_92' title='bbox 477 1009 548 1048; x_wconf 89' lang='lat' dir='ltr'><strong>ne</strong></span> <span class='ocrx_word' id='word_1_93' title='bbox 594 992 789 1048; x_wconf 90' lang='lat' dir='ltr'><strong>ductus</strong></span> <span class='ocrx_word' id='word_1_94' title='bbox 815 1034 831 1058; x_wconf 96' lang='lat'><strong>,</strong></span> <span class='ocrx_word' id='word_1_95' title='bbox 860 991 1133 1061; x_wconf 87' lang='lat' dir='ltr'><strong>apposuit.</strong></span> <span class='ocrx_word' id='word_1_96' title='bbox 1205 988 1359 1047; x_wconf 83' lang='lat' dir='ltr'><strong>Hanc</strong></span> <span class='ocrx_word' id='word_1_97' title='bbox 1403 990 1573 1058; x_wconf 81' lang='lat' dir='ltr'><strong>ipsam</strong></span> <span class='ocrx_word' id='word_1_98' title='bbox 1624 1005 1786 1061; x_wconf 89' lang='lat' dir='ltr'><strong>porro</strong></span> <span class='ocrx_word' id='word_1_99' title='bbox 1850 991 2116 1046; x_wconf 87' lang='lat' dir='ltr'><strong>divinitus</strong></span> <span class='ocrx_word' id='word_1_100' title='bbox 2154 991 2474 1061; x_wconf 83' lang='lat' dir='ltr'><strong>inspiratam</strong></span> <span class='ocrx_word' id='word_1_101' title='bbox 2510 992 2838 1060; x_wconf 84' lang='lat' dir='ltr'><strong>scripturam</strong></span> <span class='ocrx_word' id='word_1_102' title='bbox 2869 992 3105 1049; x_wconf 73' lang='lat' dir='ltr'><strong>ethnicis</strong></span> <span class='ocrx_word' id='word_1_103' title='bbox 3144 993 3423 1049; x_wconf 78' lang='lat' dir='ltr'><strong>illustrare</strong></span> <span class='ocrx_word' id='word_1_104' title='bbox 3469 987 3738 1068; x_wconf 81' lang='lat' dir='ltr'><strong>exemplis</strong></span> 
     </span>
    </p>
   </div>
   <div class='ocr_carea' id='block_1_13' title="bbox 478 1080 3737 1158">
    <p class='ocr_par' dir='ltr' id='par_1_13' title="bbox 478 1080 3737 1158">
     <span class='ocr_line' id='line_1_13' title="bbox 478 1080 3737 1158; baseline 0.001 -19"><span class='ocrx_word' id='word_1_105' title='bbox 478 1085 597 1139; x_wconf 74' lang='lat' dir='ltr'><strong>Vult</strong></span> <span class='ocrx_word' id='word_1_106' title='bbox 622 1083 866 1153; x_wconf 78' lang='lat' dir='ltr'><strong>neglecta</strong></span> <span class='ocrx_word' id='word_1_107' title='bbox 888 1083 1132 1154; x_wconf 84' lang='lat' dir='ltr'><strong>Apostoli</strong></span> <span class='ocrx_word' id='word_1_108' title='bbox 1173 1080 1327 1136; x_wconf 86' lang='lat' dir='ltr'><strong>Pauli</strong></span> <span class='ocrx_word' id='word_1_109' title='bbox 1370 1096 1504 1138; x_wconf 89' lang='lat' dir='ltr'><strong>voce</strong></span> <span class='ocrx_word' id='word_1_110' title='bbox 1527 1082 1642 1149; x_wconf 87' lang='lat' dir='ltr'><strong>illa,</strong></span> <span class='ocrx_word' id='word_1_111' title='bbox 1669 1081 1782 1137; x_wconf 85' lang='lat' dir='ltr'><strong>Nos</strong></span> <span class='ocrx_word' id='word_1_112' title='bbox 1803 1083 2046 1151; x_wconf 74' lang='lat' dir='ltr'><strong>spiritum</strong></span> <span class='ocrx_word' id='word_1_113' title='bbox 2083 1082 2245 1151; x_wconf 78' lang='lat' dir='ltr'><strong>hujus</strong></span> <span class='ocrx_word' id='word_1_114' title='bbox 2315 1083 2500 1136; x_wconf 80' lang='lat' dir='ltr'><strong>mundi</strong></span> <span class='ocrx_word' id='word_1_115' title='bbox 2569 1099 2671 1137; x_wconf 84' lang='lat' dir='ltr'><strong>non</strong></span> <span class='ocrx_word' id='word_1_116' title='bbox 2724 1083 3020 1151; x_wconf 83' lang='lat' dir='ltr'><strong>accepimus</strong></span> <span class='ocrx_word' id='word_1_117' title='bbox 3045 1122 3062 1149; x_wconf 95' lang='lat'><strong>,</strong></span> <span class='ocrx_word' id='word_1_118' title='bbox 3098 1085 3190 1138; x_wconf 81' lang='lat' dir='ltr'><strong>sed</strong></span> <span class='ocrx_word' id='word_1_119' title='bbox 3245 1086 3491 1156; x_wconf 64' lang='lat' dir='ltr'><strong>spiritum</strong></span> <span class='ocrx_word' id='word_1_120' title='bbox 3540 1091 3630 1158; x_wconf 86' lang='lat' dir='ltr'><strong>qui</strong></span> <span class='ocrx_word' id='word_1_121' title='bbox 3671 1105 3737 1142; x_wconf 72' lang='lat' dir='ltr'><strong>es</strong></span> 
     </span>
    </p>
   </div>
   <div class='ocr_carea' id='block_1_14' title="bbox 483 1172 3738 1249">
    <p class='ocr_par' dir='ltr' id='par_1_14' title="bbox 483 1172 3738 1249">
     <span class='ocr_line' id='line_1_14' title="bbox 483 1172 3738 1249; baseline 0.001 -15"><span class='ocrx_word' id='word_1_122' title='bbox 483 1179 589 1234; x_wconf 86' lang='lat' dir='ltr'><strong>Deo</strong></span> <span class='ocrx_word' id='word_1_123' title='bbox 612 1189 709 1243; x_wconf 89' lang='lat' dir='ltr'><strong>est,</strong></span> <span class='ocrx_word' id='word_1_124' title='bbox 741 1189 821 1245; x_wconf 90' lang='lat' dir='ltr'><strong>ut,</strong></span> <span class='ocrx_word' id='word_1_125' title='bbox 843 1195 961 1249; x_wconf 74' lang='lat' dir='ltr'><strong>qua:</strong></span> <span class='ocrx_word' id='word_1_126' title='bbox 993 1189 1113 1233; x_wconf 87' lang='lat' dir='ltr'><strong>sunt</strong></span> <span class='ocrx_word' id='word_1_127' title='bbox 1148 1196 1181 1233; x_wconf 92' lang='lat' dir='ltr'><strong>a</strong></span> <span class='ocrx_word' id='word_1_128' title='bbox 1218 1178 1326 1233; x_wconf 88' lang='lat' dir='ltr'><strong>Deo</strong></span> <span class='ocrx_word' id='word_1_129' title='bbox 1367 1179 1512 1233; x_wconf 84' lang='lat' dir='ltr'><strong>nobis</strong></span> <span class='ocrx_word' id='word_1_130' title='bbox 1554 1179 1753 1233; x_wconf 85' lang='lat' dir='ltr'><strong>donata</strong></span> <span class='ocrx_word' id='word_1_131' title='bbox 1782 1179 2152 1248; x_wconf 82' lang='lat' dir='ltr'><strong>dignoscamus</strong></span> <span class='ocrx_word' id='word_1_132' title='bbox 2175 1193 2194 1231; x_wconf 92' lang='lat'><em>:</em></span> <span class='ocrx_word' id='word_1_133' title='bbox 2219 1187 2265 1232; x_wconf 91' lang='lat' dir='ltr'><strong>et</strong></span> <span class='ocrx_word' id='word_1_134' title='bbox 2327 1195 2445 1246; x_wconf 71' lang='lat' dir='ltr'><strong>quia</strong></span> <span class='ocrx_word' id='word_1_135' title='bbox 2487 1178 2773 1248; x_wconf 82' lang='lat' dir='ltr'><strong>loquimur,</strong></span> <span class='ocrx_word' id='word_1_136' title='bbox 2841 1193 2944 1232; x_wconf 80' lang='lat' dir='ltr'><strong>non</strong></span> <span class='ocrx_word' id='word_1_137' title='bbox 3006 1189 3127 1233; x_wconf 77' lang='lat' dir='ltr'><strong>sunt</strong></span> <span class='ocrx_word' id='word_1_138' title='bbox 3172 1179 3227 1232; x_wconf 84' lang='lat' dir='ltr'><strong>in</strong></span> <span class='ocrx_word' id='word_1_139' title='bbox 3257 1172 3518 1236; x_wconf 81' lang='lat' dir='ltr'><strong>docilibus</strong></span> <span class='ocrx_word' id='word_1_140' title='bbox 3556 1184 3738 1236; x_wconf 68' lang='lat' dir='ltr'><strong>huma-</strong></span> 
     </span>
    </p>
   </div>
   <div class='ocr_carea' id='block_1_15' title="bbox 480 1267 3738 1343">
    <p class='ocr_par' dir='ltr' id='par_1_15' title="bbox 480 1267 3738 1343">
     <span class='ocr_line' id='line_1_15' title="bbox 480 1267 3738 1343; baseline 0.001 -20"><span class='ocrx_word' id='word_1_141' title='bbox 480 1286 561 1324; x_wconf 81' lang='lat' dir='ltr'><strong>me</strong></span> <span class='ocrx_word' id='word_1_142' title='bbox 584 1271 857 1339; x_wconf 75' lang='lat' dir='ltr'><strong>sapientiae</strong></span> <span class='ocrx_word' id='word_1_143' title='bbox 881 1271 1072 1338; x_wconf 84' lang='lat' dir='ltr'><strong>verbis,</strong></span> <span class='ocrx_word' id='word_1_144' title='bbox 1098 1271 1189 1325; x_wconf 85' lang='lat' dir='ltr'><strong>sed</strong></span> <span class='ocrx_word' id='word_1_145' title='bbox 1219 1269 1453 1333; x_wconf 85' lang='lat' dir='ltr'><strong>Spiritus</strong></span> <span class='ocrx_word' id='word_1_146' title='bbox 1480 1270 1649 1324; x_wconf 90' lang='lat' dir='ltr'><strong>sancti</strong></span> <span class='ocrx_word' id='word_1_147' title='bbox 1670 1269 1761 1339; x_wconf 86' lang='lat' dir='ltr'><strong>qui</strong></span> <span class='ocrx_word' id='word_1_148' title='bbox 1797 1268 2050 1323; x_wconf 81' lang='lat' dir='ltr'><strong>discernit</strong></span> <span class='ocrx_word' id='word_1_149' title='bbox 2087 1269 2411 1339; x_wconf 81' lang='lat' dir='ltr'><strong>spiritualia.</strong></span> <span class='ocrx_word' id='word_1_150' title='bbox 2444 1267 2707 1322; x_wconf 75' lang='lat' dir='ltr'><strong>Animalis</strong></span> <span class='ocrx_word' id='word_1_151' title='bbox 2738 1269 2891 1322; x_wconf 81' lang='lat' dir='ltr'><strong>homo</strong></span> <span class='ocrx_word' id='word_1_152' title='bbox 2936 1284 3042 1323; x_wconf 74' lang='lat' dir='ltr'><strong>non</strong></span> <span class='ocrx_word' id='word_1_153' title='bbox 3123 1273 3341 1340; x_wconf 80' lang='lat' dir='ltr'><strong>percipit</strong></span> <span class='ocrx_word' id='word_1_154' title='bbox 3376 1288 3497 1343; x_wconf 78' lang='lat' dir='ltr'><strong>qua:</strong></span> <span class='ocrx_word' id='word_1_155' title='bbox 3559 1289 3594 1327; x_wconf 78' lang='grc' dir='ltr'><strong>α</strong></span> <span class='ocrx_word' id='word_1_156' title='bbox 3627 1271 3738 1327; x_wconf 88' lang='lat' dir='ltr'><strong>Dea</strong></span> 
     </span>
    </p>
   </div>
   <div class='ocr_carea' id='block_1_16' title="bbox 479 1361 3738 1434">
    <p class='ocr_par' dir='ltr' id='par_1_16' title="bbox 479 1361 3738 1434">
     <span class='ocr_line' id='line_1_16' title="bbox 479 1361 3738 1434; baseline 0.001 -18"><span class='ocrx_word' id='word_1_157' title='bbox 479 1370 623 1428; x_wconf 81' lang='lat' dir='ltr'><strong>sunt,</strong></span> <span class='ocrx_word' id='word_1_158' title='bbox 644 1363 873 1417; x_wconf 83' lang='lat' dir='ltr'><strong>stultitia</strong></span> <span class='ocrx_word' id='word_1_159' title='bbox 906 1367 1093 1434; x_wconf 84' lang='lat' dir='ltr'><strong>quippe</strong></span> <span class='ocrx_word' id='word_1_160' title='bbox 1119 1365 1359 1419; x_wconf 80' lang='lat' dir='ltr'><strong>videntur</strong></span> <span class='ocrx_word' id='word_1_161' title='bbox 1379 1364 1478 1433; x_wconf 88' lang='lat' dir='ltr'><strong>ipsi</strong></span> <span class='ocrx_word' id='word_1_162' title='bbox 1510 1379 1531 1418; x_wconf 93' lang='lat'><strong><em>:</em></strong></span> <span class='ocrx_word' id='word_1_163' title='bbox 1560 1379 1722 1432; x_wconf 82' lang='lat' dir='ltr'><strong>neque</strong></span> <span class='ocrx_word' id='word_1_164' title='bbox 1757 1371 1923 1431; x_wconf 78' lang='lat' dir='ltr'><strong>potest</strong></span> <span class='ocrx_word' id='word_1_165' title='bbox 1966 1362 2256 1433; x_wconf 85' lang='lat' dir='ltr'><strong>intelligere</strong></span> <span class='ocrx_word' id='word_1_166' title='bbox 2298 1378 2383 1429; x_wconf 89' lang='lat' dir='ltr'><strong>ea,</strong></span> <span class='ocrx_word' id='word_1_167' title='bbox 2447 1362 2588 1431; x_wconf 67' lang='lat' dir='ltr'><strong>quod</strong></span> <span class='ocrx_word' id='word_1_168' title='bbox 2651 1361 2999 1431; x_wconf 85' lang='lat' dir='ltr'><strong>spiritualiter</strong></span> <span class='ocrx_word' id='word_1_169' title='bbox 3060 1363 3434 1418; x_wconf 83' lang='lat' dir='ltr'><strong>discernuntur</strong></span> <span class='ocrx_word' id='word_1_170' title='bbox 3483 1363 3554 1419; x_wconf 78' lang='lat'><strong>“.</strong></span> <span class='ocrx_word' id='word_1_171' title='bbox 3611 1363 3738 1421; x_wconf 70' lang='lat' dir='ltr'><strong>Haec</strong></span> 
     </span>
    </p>
   </div>
   <div class='ocr_carea' id='block_1_17' title="bbox 478 1443 3739 1530">
    <p class='ocr_par' dir='ltr' id='par_1_17' title="bbox 478 1443 3739 1530">
     <span class='ocr_line' id='line_1_17' title="bbox 478 1443 3739 1530; baseline 0.002 -21"><span class='ocrx_word' id='word_1_172' title='bbox 478 1457 566 1511; x_wconf 89' lang='lat' dir='ltr'><strong>vir</strong></span> <span class='ocrx_word' id='word_1_173' title='bbox 615 1457 866 1526; x_wconf 81' lang='lat' dir='ltr'><strong>egregius</strong></span> <span class='ocrx_word' id='word_1_174' title='bbox 899 1474 1022 1513; x_wconf 93' lang='lat' dir='ltr'><strong>cum</strong></span> <span class='ocrx_word' id='word_1_175' title='bbox 1056 1460 1285 1530; x_wconf 77' lang='lat' dir='ltr'><strong>ignoret,</strong></span> <span class='ocrx_word' id='word_1_176' title='bbox 1329 1457 1734 1513; x_wconf 84' lang='lat' dir='ltr'><strong>Proverbiorum</strong></span> <span class='ocrx_word' id='word_1_177' title='bbox 1764 1459 2094 1515; x_wconf 86' lang='lat' dir='ltr'><strong>sententiam</strong></span> <span class='ocrx_word' id='word_1_178' title='bbox 2134 1466 2190 1512; x_wconf 93' lang='lat' dir='ltr'><strong>et</strong></span> <span class='ocrx_word' id='word_1_179' title='bbox 2228 1456 2643 1527; x_wconf 73' lang='lat' dir='ltr'><strong>intelligentiam</strong></span> <span class='ocrx_word' id='word_1_180' title='bbox 2697 1463 2931 1512; x_wconf 88' lang='lat' dir='ltr'><strong>conatur</strong></span> <span class='ocrx_word' id='word_1_181' title='bbox 2988 1469 3326 1525; x_wconf 73' lang='lat' dir='ltr'><strong>paganorum</strong></span> <span class='ocrx_word' id='word_1_182' title='bbox 3357 1458 3579 1528; x_wconf 87' lang='lat' dir='ltr'><strong>scriptis</strong></span> <span class='ocrx_word' id='word_1_183' title='bbox 3615 1443 3739 1515; x_wconf 77' lang='lat' dir='ltr'><strong>illu-</strong></span> 
     </span>
    </p>
   </div>
   <div class='ocr_carea' id='block_1_18' title="bbox 482 1545 1573 1608">
    <p class='ocr_par' dir='ltr' id='par_1_18' title="bbox 482 1545 1573 1608">
     <span class='ocr_line' id='line_1_18' title="bbox 482 1545 1573 1608; baseline 0.001 -3"><span class='ocrx_word' id='word_1_184' title='bbox 482 1558 680 1605; x_wconf 74' lang='lat' dir='ltr'><strong>Strare.</strong></span> <span class='ocrx_word' id='word_1_185' title='bbox 715 1545 796 1602; x_wconf 84' lang='lat' dir='ltr'><strong>Ita</strong></span> <span class='ocrx_word' id='word_1_186' title='bbox 827 1550 976 1603; x_wconf 88' lang='lat' dir='ltr'><strong>enim</strong></span> <span class='ocrx_word' id='word_1_187' title='bbox 1019 1550 1240 1608; x_wconf 88' lang='lat' dir='ltr'><strong>disertis</strong></span> <span class='ocrx_word' id='word_1_188' title='bbox 1277 1551 1456 1606; x_wconf 86' lang='lat' dir='ltr'><strong>verbis</strong></span> <span class='ocrx_word' id='word_1_189' title='bbox 1477 1553 1573 1606; x_wconf 89' lang='lat' dir='ltr'><strong>ait.</strong></span> 
     </span>
    </p>
   </div>
   <div class='ocr_carea' id='block_1_19' title="bbox 1122 1644 1400 1701">
    <p class='ocr_par' dir='ltr' id='par_1_19' title="bbox 1122 1644 1400 1701">
     <span class='ocr_line' id='line_1_19' title="bbox 1122 1644 1400 1701; baseline 0 0"><span class='ocrx_word' id='word_1_190' title='bbox 1122 1645 1277 1701; x_wconf 88' lang='lat' dir='ltr'><strong>CAP.</strong></span> <span class='ocrx_word' id='word_1_191' title='bbox 1314 1644 1400 1701; x_wconf 87' lang='lat' dir='ltr'><strong>Ill.</strong></span> 
     </span>
    </p>
   </div>
   <div class='ocr_carea' id='block_1_20' title="bbox 718 1731 1804 1805">
    <p class='ocr_par' dir='ltr' id='par_1_20' title="bbox 718 1731 1804 1805">
     <span class='ocr_line' id='line_1_20' title="bbox 718 1731 1804 1805; baseline -0.005 -13"><span class='ocrx_word' id='word_1_192' title='bbox 718 1736 960 1793; x_wconf 58' lang='lat' dir='ltr'><strong>Marcelli</strong></span> <span class='ocrx_word' id='word_1_193' title='bbox 992 1736 1056 1789; x_wconf 88' lang='lat' dir='ltr'><strong>de</strong></span> <span class='ocrx_word' id='word_1_194' title='bbox 1087 1735 1374 1805; x_wconf 81' lang='lat' dir='ltr'><strong>proverbiis</strong></span> <span class='ocrx_word' id='word_1_195' title='bbox 1402 1738 1542 1802; x_wconf 85' lang='lat' dir='ltr'><strong>apud</strong></span> <span class='ocrx_word' id='word_1_196' title='bbox 1572 1731 1804 1789; x_wconf 79' lang='lat' dir='ltr'><strong>Grcecos.</strong></span> 
     </span>
    </p>
   </div>
   <div class='ocr_carea' id='block_1_21' title="bbox 557 1824 2056 1896">
    <p class='ocr_par' dir='ltr' id='par_1_21' title="bbox 557 1824 2056 1896">
     <span class='ocr_line' id='line_1_21' title="bbox 557 1824 2056 1896; baseline -0.005 -11"><span class='ocrx_word' id='word_1_197' title='bbox 557 1849 576 1884; x_wconf 86' lang='grc' dir='ltr'><strong>ι</strong></span> <span class='ocrx_word' id='word_1_198' title='bbox 613 1828 729 1884; x_wconf 88' lang='lat' dir='ltr'><strong>Non</strong></span> <span class='ocrx_word' id='word_1_199' title='bbox 773 1839 857 1882; x_wconf 90' lang='lat' dir='ltr'><strong>est</strong></span> <span class='ocrx_word' id='word_1_200' title='bbox 890 1843 917 1881; x_wconf 92' lang='lat' dir='ltr'><strong>a</strong></span> <span class='ocrx_word' id='word_1_201' title='bbox 948 1825 1226 1896; x_wconf 76' lang='lat' dir='ltr'><strong>proposito</strong></span> <span class='ocrx_word' id='word_1_202' title='bbox 1251 1863 1265 1889; x_wconf 97' lang='lat'><strong>,</strong></span> <span class='ocrx_word' id='word_1_203' title='bbox 1302 1832 1361 1877; x_wconf 89' lang='lat' dir='ltr'><strong>ut</strong></span> <span class='ocrx_word' id='word_1_204' title='bbox 1394 1824 1655 1887; x_wconf 87' lang='lat' dir='ltr'><strong>arbitror,</strong></span> <span class='ocrx_word' id='word_1_205' title='bbox 1686 1824 1921 1878; x_wconf 81' lang='lat' dir='ltr'><strong>alienum</strong></span> <span class='ocrx_word' id='word_1_206' title='bbox 1948 1864 1964 1889; x_wconf 94' lang='lat'><strong>,</strong></span> <span class='ocrx_word' id='word_1_207' title='bbox 2009 1824 2056 1879; x_wconf 96' lang='lat' dir='ltr'><strong>si</strong></span> 
     </span>
    </p>
   </div>
   <div class='ocr_carea' id='block_1_22' title="bbox 488 1915 2057 1991">
    <p class='ocr_par' dir='ltr' id='par_1_22' title="bbox 488 1915 2057 1991">
     <span class='ocr_line' id='line_1_22' title="bbox 488 1915 2057 1991; baseline -0.005 -13"><span class='ocrx_word' id='word_1_208' title='bbox 488 1943 507 1977; x_wconf 81' lang='grc' dir='ltr'><strong>ι</strong></span> <span class='ocrx_word' id='word_1_209' title='bbox 547 1938 717 1991; x_wconf 89' lang='lat' dir='ltr'><strong>pauca</strong></span> <span class='ocrx_word' id='word_1_210' title='bbox 747 1919 1117 1976; x_wconf 85' lang='lat' dir='ltr'><strong>recensuerim</strong></span> <span class='ocrx_word' id='word_1_211' title='bbox 1167 1916 1220 1970; x_wconf 91' lang='lat' dir='ltr'><strong>in</strong></span> <span class='ocrx_word' id='word_1_212' title='bbox 1260 1916 1546 1985; x_wconf 85' lang='lat' dir='ltr'><strong>praesenti,</strong></span> <span class='ocrx_word' id='word_1_213' title='bbox 1573 1931 1690 1985; x_wconf 65' lang='lat' dir='ltr'><strong>qua:</strong></span> <span class='ocrx_word' id='word_1_214' title='bbox 1719 1925 1843 1971; x_wconf 89' lang='lat' dir='ltr'><strong>sunt</strong></span> <span class='ocrx_word' id='word_1_215' title='bbox 1872 1915 1927 1971; x_wconf 90' lang='lat' dir='ltr'><strong>in</strong></span> <span class='ocrx_word' id='word_1_216' title='bbox 1958 1930 2057 1972; x_wconf 85' lang='lat' dir='ltr'><strong>usu</strong></span> 
     </span>
    </p>
   </div>
   <div class='ocr_carea' id='block_1_23' title="bbox 489 2004 2053 2083">
    <p class='ocr_par' dir='ltr' id='par_1_23' title="bbox 489 2004 2053 2083">
     <span class='ocr_line' id='line_1_23' title="bbox 489 2004 2053 2083; baseline -0.006 -15"><span class='ocrx_word' id='word_1_217' title='bbox 489 2032 508 2067; x_wconf 85' lang='lat' dir='ltr'><strong>t</strong></span> <span class='ocrx_word' id='word_1_218' title='bbox 546 2013 688 2083; x_wconf 91' lang='lat' dir='ltr'><strong>apud</strong></span> <span class='ocrx_word' id='word_1_219' title='bbox 726 2011 966 2073; x_wconf 62' lang='lat' dir='ltr'><strong>Graecos,</strong></span> <span class='ocrx_word' id='word_1_220' title='bbox 1022 2005 1328 2076; x_wconf 88' lang='lat' dir='ltr'><strong>proverbia.</strong></span> <span class='ocrx_word' id='word_1_221' title='bbox 1374 2004 1513 2060; x_wconf 83' lang='lat' dir='ltr'><strong>Sane</strong></span> <span class='ocrx_word' id='word_1_222' title='bbox 1551 2005 1626 2060; x_wconf 84' lang='lat' dir='ltr'><strong>vel</strong></span> <span class='ocrx_word' id='word_1_223' title='bbox 1660 2015 1896 2060; x_wconf 76' lang='lat' dir='ltr'><strong>mortuus</strong></span> <span class='ocrx_word' id='word_1_224' title='bbox 1945 2016 2053 2073; x_wconf 88' lang='lat' dir='ltr'><strong>est,</strong></span> 
     </span>
    </p>
   </div>
   <div class='ocr_carea' id='block_1_24' title="bbox 488 2096 2057 2168">
    <p class='ocr_par' dir='ltr' id='par_1_24' title="bbox 488 2096 2057 2168">
     <span class='ocr_line' id='line_1_24' title="bbox 488 2096 2057 2168; baseline -0.004 -11"><span class='ocrx_word' id='word_1_225' title='bbox 488 2123 508 2157; x_wconf 89' lang='grc' dir='ltr'><strong>ι</strong></span> <span class='ocrx_word' id='word_1_226' title='bbox 554 2102 632 2158; x_wconf 78' lang='lat' dir='ltr'><strong>vel</strong></span> <span class='ocrx_word' id='word_1_227' title='bbox 663 2102 866 2156; x_wconf 79' lang='lat' dir='ltr'><strong>litteras</strong></span> <span class='ocrx_word' id='word_1_228' title='bbox 900 2104 1067 2153; x_wconf 82' lang='lat' dir='ltr'><strong>docet.</strong></span> <span class='ocrx_word' id='word_1_229' title='bbox 1121 2098 1300 2151; x_wconf 88' lang='lat' dir='ltr'><strong>Prima</strong></span> <span class='ocrx_word' id='word_1_230' title='bbox 1341 2098 1557 2167; x_wconf 86' lang='lat' dir='ltr'><strong>quidem</strong></span> <span class='ocrx_word' id='word_1_231' title='bbox 1610 2096 1747 2151; x_wconf 83' lang='lat' dir='ltr'><strong>facie</strong></span> <span class='ocrx_word' id='word_1_232' title='bbox 1788 2100 2057 2168; x_wconf 86' lang='lat' dir='ltr'><strong>putaverit</strong></span> 
     </span>
    </p>
   </div>
   <div class='ocr_carea' id='block_1_25' title="bbox 488 2187 2056 2262">
    <p class='ocr_par' dir='ltr' id='par_1_25' title="bbox 488 2187 2056 2262">
     <span class='ocr_line' id='line_1_25' title="bbox 488 2187 2056 2262; baseline 0 -17"><span class='ocrx_word' id='word_1_233' title='bbox 488 2215 504 2245; x_wconf 75' lang='grc' dir='ltr'><strong>ι</strong></span> <span class='ocrx_word' id='word_1_234' title='bbox 545 2192 814 2262; x_wconf 83' lang='lat' dir='ltr'><strong>quispiam</strong></span> <span class='ocrx_word' id='word_1_235' title='bbox 842 2191 948 2244; x_wconf 88' lang='lat' dir='ltr'><strong>boc</strong></span> <span class='ocrx_word' id='word_1_236' title='bbox 981 2189 1343 2258; x_wconf 82' lang='lat' dir='ltr'><strong>proverbium,</strong></span> <span class='ocrx_word' id='word_1_237' title='bbox 1385 2193 1445 2252; x_wconf 61' lang='grc'><strong>»14</strong></span> <span class='ocrx_word' id='word_1_238' title='bbox 1495 2188 1546 2242; x_wconf 91' lang='lat' dir='ltr'><strong>in</strong></span> <span class='ocrx_word' id='word_1_239' title='bbox 1578 2187 1879 2243; x_wconf 88' lang='lat' dir='ltr'><strong>litterarum</strong></span> <span class='ocrx_word' id='word_1_240' title='bbox 1927 2204 2056 2259; x_wconf 88' lang='lat' dir='ltr'><strong>pro-</strong></span> 
     </span>
    </p>
   </div>
   <div class='ocr_carea' id='block_1_26' title="bbox 489 2278 2055 2351">
    <p class='ocr_par' dir='ltr' id='par_1_26' title="bbox 489 2278 2055 2351">
     <span class='ocr_line' id='line_1_26' title="bbox 489 2278 2055 2351; baseline -0.001 -12"><span class='ocrx_word' id='word_1_241' title='bbox 489 2305 508 2339; x_wconf 87' lang='grc' dir='ltr'><strong>ι</strong></span> <span class='ocrx_word' id='word_1_242' title='bbox 543 2285 782 2341; x_wconf 84' lang='lat' dir='ltr'><strong>fessores</strong></span> <span class='ocrx_word' id='word_1_243' title='bbox 828 2290 1180 2350; x_wconf 89' lang='lat' dir='ltr'><strong>usurpatum,</strong></span> <span class='ocrx_word' id='word_1_244' title='bbox 1231 2278 1387 2349; x_wconf 89' lang='lat' dir='ltr'><strong>quasi</strong></span> <span class='ocrx_word' id='word_1_245' title='bbox 1427 2294 1530 2332; x_wconf 92' lang='lat' dir='ltr'><strong>non</strong></span> <span class='ocrx_word' id='word_1_246' title='bbox 1584 2278 1741 2334; x_wconf 82' lang='lat' dir='ltr'><strong>aliter</strong></span> <span class='ocrx_word' id='word_1_247' title='bbox 1786 2280 1927 2351; x_wconf 85' lang='lat' dir='ltr'><strong>apud</strong></span> <span class='ocrx_word' id='word_1_248' title='bbox 1959 2296 2055 2337; x_wconf 87' lang='lat' dir='ltr'><strong>eos</strong></span> 
     </span>
    </p>
   </div>
   <div class='ocr_carea' id='block_1_27' title="bbox 487 2370 2056 2443">
    <p class='ocr_par' dir='ltr' id='par_1_27' title="bbox 487 2370 2056 2443">
     <span class='ocr_line' id='line_1_27' title="bbox 487 2370 2056 2443; baseline -0.001 -13"><span class='ocrx_word' id='word_1_249' title='bbox 487 2395 507 2430; x_wconf 86' lang='grc' dir='ltr'><strong>ι</strong></span> <span class='ocrx_word' id='word_1_250' title='bbox 543 2377 740 2433; x_wconf 69' lang='lat' dir='ltr'><strong>littera:</strong></span> <span class='ocrx_word' id='word_1_251' title='bbox 768 2376 1114 2430; x_wconf 82' lang='lat' dir='ltr'><strong>docerentur.</strong></span> <span class='ocrx_word' id='word_1_252' title='bbox 1150 2370 1262 2443; x_wconf 82' lang='lat' dir='ltr'><strong>Ego</strong></span> <span class='ocrx_word' id='word_1_253' title='bbox 1288 2383 1491 2437; x_wconf 91' lang='lat' dir='ltr'><strong>autem,</strong></span> <span class='ocrx_word' id='word_1_254' title='bbox 1540 2371 1733 2442; x_wconf 88' lang='lat' dir='ltr'><strong>inquit,</strong></span> <span class='ocrx_word' id='word_1_255' title='bbox 1766 2372 1928 2427; x_wconf 85' lang='lat' dir='ltr'><strong>didici</strong></span> <span class='ocrx_word' id='word_1_256' title='bbox 1953 2373 2056 2429; x_wconf 90' lang='lat' dir='ltr'><strong>hoc</strong></span> 
     </span>
    </p>
   </div>
   <div class='ocr_carea' id='block_1_28' title="bbox 487 2462 2054 2534">
    <p class='ocr_par' dir='ltr' id='par_1_28' title="bbox 487 2462 2054 2534">
     <span class='ocr_line' id='line_1_28' title="bbox 487 2462 2054 2534; baseline -0.002 -13"><span class='ocrx_word' id='word_1_257' title='bbox 487 2487 506 2521; x_wconf 81' lang='grc' dir='ltr'><strong>ι</strong></span> <span class='ocrx_word' id='word_1_258' title='bbox 543 2484 647 2523; x_wconf 92' lang='lat' dir='ltr'><strong>non</strong></span> <span class='ocrx_word' id='word_1_259' title='bbox 679 2467 752 2521; x_wconf 90' lang='lat' dir='ltr'><strong>ita</strong></span> <span class='ocrx_word' id='word_1_260' title='bbox 783 2481 841 2521; x_wconf 90' lang='lat' dir='ltr'><strong>se</strong></span> <span class='ocrx_word' id='word_1_261' title='bbox 876 2464 1097 2518; x_wconf 87' lang='lat' dir='ltr'><strong>habere.</strong></span> <span class='ocrx_word' id='word_1_262' title='bbox 1130 2462 1235 2517; x_wconf 82' lang='lat' dir='ltr'><strong>Sed</strong></span> <span class='ocrx_word' id='word_1_263' title='bbox 1266 2471 1554 2534; x_wconf 89' lang='lat' dir='ltr'><strong>propterea</strong></span> <span class='ocrx_word' id='word_1_264' title='bbox 1573 2464 1739 2534; x_wconf 90' lang='lat' dir='ltr'><strong>quod,</strong></span> <span class='ocrx_word' id='word_1_265' title='bbox 1762 2479 1882 2519; x_wconf 90' lang='lat' dir='ltr'><strong>cum</strong></span> <span class='ocrx_word' id='word_1_266' title='bbox 1914 2478 2054 2533; x_wconf 73' lang='lat' dir='ltr'><strong>pra:-</strong></span> 
     </span>
    </p>
   </div>
   <div class='ocr_carea' id='block_1_29' title="bbox 487 2554 2054 2620">
    <p class='ocr_par' dir='ltr' id='par_1_29' title="bbox 487 2554 2054 2620">
     <span class='ocr_line' id='line_1_29' title="bbox 487 2554 2054 2620; baseline -0.001 -8"><span class='ocrx_word' id='word_1_267' title='bbox 487 2579 506 2612; x_wconf 83' lang='grc' dir='ltr'><strong>ι</strong></span> <span class='ocrx_word' id='word_1_268' title='bbox 552 2561 624 2616; x_wconf 94' lang='lat' dir='ltr'><strong>lio</strong></span> <span class='ocrx_word' id='word_1_269' title='bbox 652 2559 1013 2613; x_wconf 76' lang='lat' dir='ltr'><strong>Athenienses</strong></span> <span class='ocrx_word' id='word_1_270' title='bbox 1042 2555 1210 2611; x_wconf 87' lang='lat' dir='ltr'><strong>Siculi</strong></span> <span class='ocrx_word' id='word_1_271' title='bbox 1255 2557 1520 2620; x_wconf 91' lang='lat' dir='ltr'><strong>vicerant,</strong></span> <span class='ocrx_word' id='word_1_272' title='bbox 1570 2554 1715 2609; x_wconf 83' lang='lat' dir='ltr'><strong>solos</strong></span> <span class='ocrx_word' id='word_1_273' title='bbox 1771 2554 1892 2609; x_wconf 91' lang='lat' dir='ltr'><strong>illos</strong></span> <span class='ocrx_word' id='word_1_274' title='bbox 1944 2556 2054 2610; x_wconf 91' lang='lat' dir='ltr'><strong>vita</strong></span> 
     </span>
    </p>
   </div>
   <div class='ocr_carea' id='block_1_30' title="bbox 487 2645 2057 2715">
    <p class='ocr_par' dir='ltr' id='par_1_30' title="bbox 487 2645 2057 2715">
     <span class='ocr_line' id='line_1_30' title="bbox 487 2645 2057 2715; baseline -0.001 -14"><span class='ocrx_word' id='word_1_275' title='bbox 487 2669 507 2701; x_wconf 77' lang='grc' dir='ltr'><strong>ι</strong></span> <span class='ocrx_word' id='word_1_276' title='bbox 543 2652 773 2706; x_wconf 82' lang='lat' dir='ltr'><strong>donatos</strong></span> <span class='ocrx_word' id='word_1_277' title='bbox 796 2657 1111 2709; x_wconf 85' lang='lat' dir='ltr'><strong>servarent,</strong></span> <span class='ocrx_word' id='word_1_278' title='bbox 1138 2645 1229 2715; x_wconf 88' lang='lat' dir='ltr'><strong>qui</strong></span> <span class='ocrx_word' id='word_1_279' title='bbox 1265 2645 1461 2699; x_wconf 89' lang='lat' dir='ltr'><strong>litteris</strong></span> <span class='ocrx_word' id='word_1_280' title='bbox 1505 2653 1662 2699; x_wconf 85' lang='lat' dir='ltr'><strong>erant</strong></span> <span class='ocrx_word' id='word_1_281' title='bbox 1696 2645 1966 2709; x_wconf 90' lang='lat' dir='ltr'><strong>instructi,</strong></span> <span class='ocrx_word' id='word_1_282' title='bbox 1996 2654 2057 2699; x_wconf 89' lang='lat' dir='ltr'><strong>ut</strong></span> 
     </span>
    </p>
   </div>
   <div class='ocr_carea' id='block_1_31' title="bbox 488 2734 2053 2808">
    <p class='ocr_par' dir='ltr' id='par_1_31' title="bbox 488 2734 2053 2808">
     <span class='ocr_line' id='line_1_31' title="bbox 488 2734 2053 2808; baseline -0.001 -16"><span class='ocrx_word' id='word_1_283' title='bbox 488 2759 507 2792; x_wconf 88' lang='grc' dir='ltr'><strong>ι</strong></span> <span class='ocrx_word' id='word_1_284' title='bbox 545 2740 732 2794; x_wconf 89' lang='lat' dir='ltr'><strong>liberis</strong></span> <span class='ocrx_word' id='word_1_285' title='bbox 760 2741 873 2793; x_wconf 88' lang='lat' dir='ltr'><strong>suis</strong></span> <span class='ocrx_word' id='word_1_286' title='bbox 919 2745 1284 2808; x_wconf 75' lang='lat' dir='ltr'><strong>przeceptores</strong></span> <span class='ocrx_word' id='word_1_287' title='bbox 1334 2734 1455 2789; x_wconf 89' lang='lat' dir='ltr'><strong>illos</strong></span> <span class='ocrx_word' id='word_1_288' title='bbox 1507 2736 1795 2801; x_wconf 87' lang='lat' dir='ltr'><strong>baberent,</strong></span> <span class='ocrx_word' id='word_1_289' title='bbox 1824 2745 2053 2791; x_wconf 65' lang='lat' dir='ltr'><strong>caeteros</strong></span> 
     </span>
    </p>
   </div>
   <div class='ocr_carea' id='block_1_32' title="bbox 460 2824 2055 2894">
    <p class='ocr_par' dir='ltr' id='par_1_32' title="bbox 460 2824 2055 2894">
     <span class='ocr_line' id='line_1_32' title="bbox 460 2824 2055 2894; baseline -0.002 -12"><span class='ocrx_word' id='word_1_290' title='bbox 460 2844 506 2882; x_wconf 74' lang='grc' dir='ltr'><strong>ἰ</strong></span> <span class='ocrx_word' id='word_1_291' title='bbox 545 2844 675 2884; x_wconf 86' lang='lat' dir='ltr'><strong>vero</strong></span> <span class='ocrx_word' id='word_1_292' title='bbox 704 2842 894 2882; x_wconf 90' lang='lat' dir='ltr'><strong>omnes</strong></span> <span class='ocrx_word' id='word_1_293' title='bbox 934 2836 1110 2880; x_wconf 88' lang='lat' dir='ltr'><strong>morte</strong></span> <span class='ocrx_word' id='word_1_294' title='bbox 1164 2824 1490 2879; x_wconf 90' lang='lat' dir='ltr'><strong>multabant.</strong></span> <span class='ocrx_word' id='word_1_295' title='bbox 1531 2824 1666 2877; x_wconf 85' lang='lat' dir='ltr'><strong>Cum</strong></span> <span class='ocrx_word' id='word_1_296' title='bbox 1695 2838 1825 2878; x_wconf 88' lang='lat' dir='ltr'><strong>vero</strong></span> <span class='ocrx_word' id='word_1_297' title='bbox 1863 2839 1893 2877; x_wconf 91' lang='lat' dir='ltr'><strong>e</strong></span> <span class='ocrx_word' id='word_1_298' title='bbox 1918 2839 2055 2894; x_wconf 71' lang='lat' dir='ltr'><strong>pra:-</strong></span> 
     </span>
    </p>
   </div>
   <div class='ocr_carea' id='block_1_33' title="bbox 488 2913 2051 2986">
    <p class='ocr_par' dir='ltr' id='par_1_33' title="bbox 488 2913 2051 2986">
     <span class='ocr_line' id='line_1_33' title="bbox 488 2913 2051 2986; baseline -0.003 -14"><span class='ocrx_word' id='word_1_299' title='bbox 488 2936 509 2971; x_wconf 83' lang='lat' dir='ltr'><strong>t</strong></span> <span class='ocrx_word' id='word_1_300' title='bbox 546 2918 622 2972; x_wconf 92' lang='lat' dir='ltr'><strong>lio</strong></span> <span class='ocrx_word' id='word_1_301' title='bbox 648 2916 864 2986; x_wconf 90' lang='lat' dir='ltr'><strong>quidam</strong></span> <span class='ocrx_word' id='word_1_302' title='bbox 895 2914 1239 2984; x_wconf 79' lang='lat' dir='ltr'><strong>aufugientes</strong></span> <span class='ocrx_word' id='word_1_303' title='bbox 1271 2913 1488 2967; x_wconf 86' lang='lat' dir='ltr'><strong>domum</strong></span> <span class='ocrx_word' id='word_1_304' title='bbox 1534 2920 1948 2976; x_wconf 87' lang='lat' dir='ltr'><strong>retneaverant,</strong></span> <span class='ocrx_word' id='word_1_305' title='bbox 1983 2913 2051 2967; x_wconf 88' lang='lat' dir='ltr'><strong>ab</strong></span> 
     </span>
    </p>
   </div>
   <div class='ocr_carea' id='block_1_34' title="bbox 489 2987 2122 3074">
    <p class='ocr_par' dir='ltr' id='par_1_34' title="bbox 489 2987 2122 3074">
     <span class='ocr_line' id='line_1_34' title="bbox 489 2987 2122 3074; baseline -0.002 -12"><span class='ocrx_word' id='word_1_306' title='bbox 489 3027 508 3062; x_wconf 80' lang='grc' dir='ltr'><strong>ι</strong></span> <span class='ocrx_word' id='word_1_307' title='bbox 549 3006 976 3063; x_wconf 84' lang='lat' dir='ltr'><strong>Atheniensibus</strong></span> <span class='ocrx_word' id='word_1_308' title='bbox 1027 3005 1350 3074; x_wconf 80' lang='lat' dir='ltr'><strong>interrogati</strong></span> <span class='ocrx_word' id='word_1_309' title='bbox 1390 3006 1457 3058; x_wconf 90' lang='lat' dir='ltr'><strong>de</strong></span> <span class='ocrx_word' id='word_1_310' title='bbox 1509 3004 1701 3057; x_wconf 90' lang='lat' dir='ltr'><strong>amicis</strong></span> <span class='ocrx_word' id='word_1_311' title='bbox 1729 3005 2053 3073; x_wconf 88' lang='lat' dir='ltr'><strong>quibusdam</strong></span> <span class='ocrx_word' id='word_1_312' title='bbox 2081 2987 2122 3044; x_wconf 67' lang='grc' dir='ltr'>ί)</span> 
     </span>
    </p>
   </div>
   <div class='ocr_carea' id='block_1_35' title="bbox 488 3095 2056 3167">
    <p class='ocr_par' dir='ltr' id='par_1_35' title="bbox 488 3095 2056 3167">
     <span class='ocr_line' id='line_1_35' title="bbox 488 3095 2056 3167; baseline -0.002 -14"><span class='ocrx_word' id='word_1_313' title='bbox 488 3118 508 3153; x_wconf 83' lang='grc' dir='ltr'><strong>ι</strong></span> <span class='ocrx_word' id='word_1_314' title='bbox 546 3101 660 3155; x_wconf 89' lang='lat' dir='ltr'><strong>suis</strong></span> <span class='ocrx_word' id='word_1_315' title='bbox 688 3109 778 3153; x_wconf 90' lang='lat' dir='ltr'><strong>aut</strong></span> <span class='ocrx_word' id='word_1_316' title='bbox 811 3095 1069 3151; x_wconf 82' lang='lat' dir='ltr'><strong>alliuitate</strong></span> <span class='ocrx_word' id='word_1_317' title='bbox 1112 3095 1436 3167; x_wconf 87' lang='lat' dir='ltr'><strong>conjunctis,</strong></span> <span class='ocrx_word' id='word_1_318' title='bbox 1486 3096 1763 3160; x_wconf 84' lang='lat' dir='ltr'><strong>dicebant,</strong></span> <span class='ocrx_word' id='word_1_319' title='bbox 1808 3095 1952 3152; x_wconf 87' lang='lat' dir='ltr'><strong>Sane</strong></span> <span class='ocrx_word' id='word_1_320' title='bbox 1981 3099 2056 3150; x_wconf 82' lang='lat' dir='ltr'><strong>vel</strong></span> 
     </span>
    </p>
   </div>
   <div class='ocr_carea' id='block_1_36' title="bbox 462 3188 2055 3255">
    <p class='ocr_par' dir='ltr' id='par_1_36' title="bbox 462 3188 2055 3255">
     <span class='ocr_line' id='line_1_36' title="bbox 462 3188 2055 3255; baseline -0.003 -8"><span class='ocrx_word' id='word_1_321' title='bbox 462 3208 508 3246; x_wconf 77' lang='lat' dir='ltr'><strong>‘t</strong></span> <span class='ocrx_word' id='word_1_322' title='bbox 543 3205 781 3247; x_wconf 81' lang='lat' dir='ltr'><strong>mortuus</strong></span> <span class='ocrx_word' id='word_1_323' title='bbox 815 3199 912 3253; x_wconf 80' lang='lat' dir='ltr'><strong>est,</strong></span> <span class='ocrx_word' id='word_1_324' title='bbox 957 3188 1037 3243; x_wconf 85' lang='lat' dir='ltr'><strong>vel</strong></span> <span class='ocrx_word' id='word_1_325' title='bbox 1070 3189 1272 3243; x_wconf 87' lang='lat' dir='ltr'><strong>litteras</strong></span> <span class='ocrx_word' id='word_1_326' title='bbox 1300 3188 1468 3243; x_wconf 86' lang='lat' dir='ltr'><strong>docet.</strong></span> <span class='ocrx_word' id='word_1_327' title='bbox 1520 3188 1656 3254; x_wconf 82' lang='lat' dir='ltr'><strong>Quid</strong></span> <span class='ocrx_word' id='word_1_328' title='bbox 1689 3188 1817 3244; x_wconf 91' lang='lat' dir='ltr'><strong>illud</strong></span> <span class='ocrx_word' id='word_1_329' title='bbox 1849 3199 2055 3255; x_wconf 88' lang='lat' dir='ltr'><strong>autem,</strong></span> 
     </span>
    </p>
   </div>
   <div class='ocr_carea' id='block_1_37' title="bbox 488 3279 2057 3355">
    <p class='ocr_par' dir='ltr' id='par_1_37' title="bbox 488 3279 2057 3355">
     <span class='ocr_line' id='line_1_37' title="bbox 488 3279 2057 3355; baseline -0.002 -17"><span class='ocrx_word' id='word_1_330' title='bbox 488 3307 506 3338; x_wconf 78' lang='grc' dir='ltr'><strong>ι</strong></span> <span class='ocrx_word' id='word_1_331' title='bbox 543 3286 718 3353; x_wconf 87' lang='lat' dir='ltr'><strong>Capra</strong></span> <span class='ocrx_word' id='word_1_332' title='bbox 742 3284 1015 3355; x_wconf 84' lang='lat' dir='ltr'><strong>gladium,</strong></span> <span class='ocrx_word' id='word_1_333' title='bbox 1045 3283 1148 3337; x_wconf 89' lang='lat' dir='ltr'><strong>sibi</strong></span> <span class='ocrx_word' id='word_1_334' title='bbox 1174 3280 1349 3335; x_wconf 85' lang='lat' dir='ltr'><strong>velit?</strong></span> <span class='ocrx_word' id='word_1_335' title='bbox 1383 3279 1572 3335; x_wconf 84' lang='lat' dir='ltr'><strong>Nonne</strong></span> <span class='ocrx_word' id='word_1_336' title='bbox 1601 3281 1945 3350; x_wconf 88' lang='lat' dir='ltr'><strong>proverbium</strong></span> <span class='ocrx_word' id='word_1_337' title='bbox 1975 3281 2057 3335; x_wconf 84' lang='lat' dir='ltr'><strong>di-</strong></span> 
     </span>
    </p>
   </div>
   <div class='ocr_carea' id='block_1_38' title="bbox 487 3369 2058 3441">
    <p class='ocr_par' dir='ltr' id='par_1_38' title="bbox 487 3369 2058 3441">
     <span class='ocr_line' id='line_1_38' title="bbox 487 3369 2058 3441; baseline -0.003 -13"><span class='ocrx_word' id='word_1_338' title='bbox 487 3397 506 3428; x_wconf 79' lang='grc' dir='ltr'><strong>ι</strong></span> <span class='ocrx_word' id='word_1_339' title='bbox 547 3377 690 3431; x_wconf 89' lang='lat' dir='ltr'><strong>citur</strong></span> <span class='ocrx_word' id='word_1_340' title='bbox 718 3375 786 3429; x_wconf 92' lang='lat' dir='ltr'><strong>de</strong></span> <span class='ocrx_word' id='word_1_341' title='bbox 810 3389 901 3438; x_wconf 90' lang='lat' dir='ltr'><strong>eo,</strong></span> <span class='ocrx_word' id='word_1_342' title='bbox 935 3371 1029 3441; x_wconf 93' lang='lat' dir='ltr'><strong>qui</strong></span> <span class='ocrx_word' id='word_1_343' title='bbox 1063 3385 1183 3439; x_wconf 75' lang='lat' dir='ltr'><strong>qua:</strong></span> <span class='ocrx_word' id='word_1_344' title='bbox 1208 3369 1275 3425; x_wconf 86' lang='lat' dir='ltr'><strong>de</strong></span> <span class='ocrx_word' id='word_1_345' title='bbox 1310 3370 1426 3440; x_wconf 91' lang='lat' dir='ltr'><strong>ipso</strong></span> <span class='ocrx_word' id='word_1_346' title='bbox 1448 3370 1721 3434; x_wconf 85' lang='lat' dir='ltr'><strong>dicuntur,</strong></span> <span class='ocrx_word' id='word_1_347' title='bbox 1746 3380 1901 3425; x_wconf 84' lang='lat' dir='ltr'><strong>antea</strong></span> <span class='ocrx_word' id='word_1_348' title='bbox 1925 3385 2058 3441; x_wconf 70' lang='lat' dir='ltr'><strong>pne-</strong></span> 
     </span>
    </p>
   </div>
   <div class='ocr_carea' id='block_1_39' title="bbox 487 3460 2052 3533">
    <p class='ocr_par' dir='ltr' id='par_1_39' title="bbox 487 3460 2052 3533">
     <span class='ocr_line' id='line_1_39' title="bbox 487 3460 2052 3533; baseline -0.002 -16"><span class='ocrx_word' id='word_1_349' title='bbox 487 3486 504 3517; x_wconf 83' lang='grc' dir='ltr'><strong>ι</strong></span> <span class='ocrx_word' id='word_1_350' title='bbox 548 3464 723 3520; x_wconf 80' lang='lat' dir='ltr'><strong>vidit?</strong></span> <span class='ocrx_word' id='word_1_351' title='bbox 758 3472 1043 3533; x_wconf 83' lang='lat' dir='ltr'><strong>propterea</strong></span> <span class='ocrx_word' id='word_1_352' title='bbox 1091 3460 1234 3529; x_wconf 83' lang='lat' dir='ltr'><strong>quod</strong></span> <span class='ocrx_word' id='word_1_353' title='bbox 1265 3475 1427 3529; x_wconf 88' lang='lat' dir='ltr'><strong>capra</strong></span> <span class='ocrx_word' id='word_1_354' title='bbox 1464 3460 1821 3526; x_wconf 89' lang='lat' dir='ltr'><strong>immolanda,</strong></span> <span class='ocrx_word' id='word_1_355' title='bbox 1856 3462 2052 3515; x_wconf 91' lang='lat' dir='ltr'><strong>intueri</strong></span> 
     </span>
    </p>
   </div>
   <div class='ocr_carea' id='block_1_40' title="bbox 486 3550 2057 3625">
    <p class='ocr_par' dir='ltr' id='par_1_40' title="bbox 486 3550 2057 3625">
     <span class='ocr_line' id='line_1_40' title="bbox 486 3550 2057 3625; baseline -0.002 -15"><span class='ocrx_word' id='word_1_356' title='bbox 486 3578 505 3610; x_wconf 85' lang='grc' dir='ltr'><strong>ι</strong></span> <span class='ocrx_word' id='word_1_357' title='bbox 546 3557 683 3612; x_wconf 89' lang='lat' dir='ltr'><strong>solet</strong></span> <span class='ocrx_word' id='word_1_358' title='bbox 706 3555 963 3625; x_wconf 87' lang='lat' dir='ltr'><strong>gladium.</strong></span> <span class='ocrx_word' id='word_1_359' title='bbox 1005 3551 1117 3607; x_wconf 81' lang='lat' dir='ltr'><strong>Hoc</strong></span> <span class='ocrx_word' id='word_1_360' title='bbox 1142 3550 1388 3622; x_wconf 82' lang='lat' dir='ltr'><strong>profecto</strong></span> <span class='ocrx_word' id='word_1_361' title='bbox 1412 3566 1477 3607; x_wconf 81' lang='lat' dir='ltr'><strong>ex</strong></span> <span class='ocrx_word' id='word_1_362' title='bbox 1505 3552 1745 3622; x_wconf 86' lang='lat' dir='ltr'><strong>antiquis</strong></span> <span class='ocrx_word' id='word_1_363' title='bbox 1781 3552 1907 3606; x_wconf 91' lang='lat' dir='ltr'><strong>nulli</strong></span> <span class='ocrx_word' id='word_1_364' title='bbox 1929 3567 2057 3623; x_wconf 88' lang='lat' dir='ltr'><strong>pro-</strong></span> 
     </span>
    </p>
   </div>
   <div class='ocr_carea' id='block_1_41' title="bbox 486 3644 2056 3715">
    <p class='ocr_par' dir='ltr' id='par_1_41' title="bbox 486 3644 2056 3715">
     <span class='ocr_line' id='line_1_41' title="bbox 486 3644 2056 3715; baseline -0.003 -13"><span class='ocrx_word' id='word_1_365' title='bbox 486 3669 504 3702; x_wconf 85' lang='grc' dir='ltr'><strong>ι</strong></span> <span class='ocrx_word' id='word_1_366' title='bbox 548 3650 753 3703; x_wconf 86' lang='lat' dir='ltr'><strong>didere.</strong></span> <span class='ocrx_word' id='word_1_367' title='bbox 816 3646 1001 3715; x_wconf 84' lang='lat' dir='ltr'><strong>Neque</strong></span> <span class='ocrx_word' id='word_1_368' title='bbox 1060 3644 1204 3697; x_wconf 90' lang='lat' dir='ltr'><strong>enim</strong></span> <span class='ocrx_word' id='word_1_369' title='bbox 1259 3644 1364 3698; x_wconf 88' lang='lat' dir='ltr'><strong>hoc</strong></span> <span class='ocrx_word' id='word_1_370' title='bbox 1414 3658 1579 3699; x_wconf 87' lang='lat' dir='ltr'><strong>sensu</strong></span> <span class='ocrx_word' id='word_1_371' title='bbox 1639 3645 2056 3713; x_wconf 89' lang='lat' dir='ltr'><strong>proverbialiter</strong></span> 
     </span>
    </p>
   </div>
   <div class='ocr_carea' id='block_1_42' title="bbox 488 3733 2052 3808">
    <p class='ocr_par' dir='ltr' id='par_1_42' title="bbox 488 3733 2052 3808">
     <span class='ocr_line' id='line_1_42' title="bbox 488 3733 2052 3808; baseline -0.003 -16"><span class='ocrx_word' id='word_1_372' title='bbox 488 3760 506 3792; x_wconf 77' lang='grc' dir='ltr'><strong>ι</strong></span> <span class='ocrx_word' id='word_1_373' title='bbox 547 3746 923 3808; x_wconf 87' lang='lat' dir='ltr'><strong>usurparetur.</strong></span> <span class='ocrx_word' id='word_1_374' title='bbox 954 3738 1083 3792; x_wconf 84' lang='lat' dir='ltr'><strong>Erat</strong></span> <span class='ocrx_word' id='word_1_375' title='bbox 1112 3737 1258 3792; x_wconf 90' lang='lat' dir='ltr'><strong>enim</strong></span> <span class='ocrx_word' id='word_1_376' title='bbox 1307 3733 1465 3788; x_wconf 83' lang='lat' dir='ltr'><strong>facile</strong></span> <span class='ocrx_word' id='word_1_377' title='bbox 1504 3743 1559 3790; x_wconf 93' lang='lat' dir='ltr'><strong>et</strong></span> <span class='ocrx_word' id='word_1_378' title='bbox 1607 3735 1783 3790; x_wconf 89' lang='lat' dir='ltr'><strong>cuivis</strong></span> <span class='ocrx_word' id='word_1_379' title='bbox 1834 3735 2052 3790; x_wconf 87' lang='lat' dir='ltr'><strong>obvium</strong></span> 
     </span>
    </p>
   </div>
   <div class='ocr_carea' id='block_1_43' title="bbox 487 3825 2055 3895">
    <p class='ocr_par' dir='ltr' id='par_1_43' title="bbox 487 3825 2055 3895">
     <span class='ocr_line' id='line_1_43' title="bbox 487 3825 2055 3895; baseline -0.002 -12"><span class='ocrx_word' id='word_1_380' title='bbox 487 3850 506 3883; x_wconf 85' lang='grc' dir='ltr'><strong>ι</strong></span> <span class='ocrx_word' id='word_1_381' title='bbox 548 3833 652 3885; x_wconf 87' lang='lat' dir='ltr'><strong>hoc</strong></span> <span class='ocrx_word' id='word_1_382' title='bbox 686 3845 715 3884; x_wconf 80' lang='grc' dir='ltr'><strong>ε</strong></span> <span class='ocrx_word' id='word_1_383' title='bbox 741 3844 801 3884; x_wconf 88' lang='lat' dir='ltr'><strong>re</strong></span> <span class='ocrx_word' id='word_1_384' title='bbox 830 3837 1015 3883; x_wconf 90' lang='lat' dir='ltr'><strong>natum</strong></span> <span class='ocrx_word' id='word_1_385' title='bbox 1058 3828 1512 3882; x_wconf 84' lang='lat' dir='ltr'><strong>animadvertere.</strong></span> <span class='ocrx_word' id='word_1_386' title='bbox 1565 3825 1877 3895; x_wconf 88' lang='lat' dir='ltr'><strong>Usurpatnr</strong></span> <span class='ocrx_word' id='word_1_387' title='bbox 1923 3839 2055 3880; x_wconf 89' lang='lat' dir='ltr'><strong>vero</strong></span> 
     </span>
    </p>
   </div>
   <div class='ocr_carea' id='block_1_44' title="bbox 486 3916 2055 3990">
    <p class='ocr_par' dir='ltr' id='par_1_44' title="bbox 486 3916 2055 3990">
     <span class='ocr_line' id='line_1_44' title="bbox 486 3916 2055 3990; baseline -0.001 -16"><span class='ocrx_word' id='word_1_388' title='bbox 486 3943 505 3974; x_wconf 79' lang='grc' dir='ltr'><strong>ι</strong></span> <span class='ocrx_word' id='word_1_389' title='bbox 542 3925 607 3977; x_wconf 84' lang='lat' dir='ltr'><strong>de</strong></span> <span class='ocrx_word' id='word_1_390' title='bbox 632 3923 696 3976; x_wconf 91' lang='lat' dir='ltr'><strong>iis</strong></span> <span class='ocrx_word' id='word_1_391' title='bbox 713 3920 800 3990; x_wconf 86' lang='lat' dir='ltr'><strong>qni</strong></span> <span class='ocrx_word' id='word_1_392' title='bbox 825 3921 1024 3975; x_wconf 89' lang='lat' dir='ltr'><strong>malum</strong></span> <span class='ocrx_word' id='word_1_393' title='bbox 1044 3918 1391 3988; x_wconf 88' lang='lat' dir='ltr'><strong>sibimetipsis</strong></span> <span class='ocrx_word' id='word_1_394' title='bbox 1423 3927 1736 3989; x_wconf 90' lang='lat' dir='ltr'><strong>procurant.</strong></span> <span class='ocrx_word' id='word_1_395' title='bbox 1772 3917 1910 3972; x_wconf 90' lang='lat' dir='ltr'><strong>Nam</strong></span> <span class='ocrx_word' id='word_1_396' title='bbox 1938 3916 2055 3973; x_wconf 80' lang='lat' dir='ltr'><strong>Me-</strong></span> 
     </span>
    </p>
   </div>
   <div class='ocr_carea' id='block_1_45' title="bbox 484 4013 2051 4086">
    <p class='ocr_par' dir='ltr' id='par_1_45' title="bbox 484 4013 2051 4086">
     <span class='ocr_line' id='line_1_45' title="bbox 484 4013 2051 4086; baseline -0.005 -15"><span class='ocrx_word' id='word_1_397' title='bbox 484 4037 506 4071; x_wconf 84' lang='grc' dir='ltr'><strong>ι</strong></span> <span class='ocrx_word' id='word_1_398' title='bbox 542 4018 642 4073; x_wconf 85' lang='lat' dir='ltr'><strong>dea</strong></span> <span class='ocrx_word' id='word_1_399' title='bbox 694 4016 939 4071; x_wconf 87' lang='lat' dir='ltr'><strong>Corinthi</strong></span> <span class='ocrx_word' id='word_1_400' title='bbox 971 4023 1255 4086; x_wconf 89' lang='lat' dir='ltr'><strong>postquam</strong></span> <span class='ocrx_word' id='word_1_401' title='bbox 1313 4013 1512 4067; x_wconf 90' lang='lat' dir='ltr'><strong>liberos</strong></span> <span class='ocrx_word' id='word_1_402' title='bbox 1564 4025 1692 4067; x_wconf 87' lang='lat' dir='ltr'><strong>suos</strong></span> <span class='ocrx_word' id='word_1_403' title='bbox 1737 4026 1833 4066; x_wconf 87' lang='lat' dir='ltr'><strong>sua</strong></span> <span class='ocrx_word' id='word_1_404' title='bbox 1887 4025 2051 4065; x_wconf 87' lang='lat' dir='ltr'><strong>manu</strong></span> 
     </span>
    </p>
   </div>
   <div class='ocr_carea' id='block_1_46' title="bbox 490 4102 2050 4171">
    <p class='ocr_par' dir='ltr' id='par_1_46' title="bbox 490 4102 2050 4171">
     <span class='ocr_line' id='line_1_46' title="bbox 490 4102 2050 4171; baseline -0.003 -10"><span class='ocrx_word' id='word_1_405' title='bbox 490 4128 509 4161; x_wconf 86' lang='grc' dir='ltr'><strong>ι</strong></span> <span class='ocrx_word' id='word_1_406' title='bbox 548 4109 925 4171; x_wconf 90' lang='lat' dir='ltr'><strong>interemerat,</strong></span> <span class='ocrx_word' id='word_1_407' title='bbox 956 4105 1156 4161; x_wconf 88' lang='lat' dir='ltr'><strong>dicitur</strong></span> <span class='ocrx_word' id='word_1_408' title='bbox 1198 4118 1265 4158; x_wconf 88' lang='lat' dir='ltr'><strong>eo</strong></span> <span class='ocrx_word' id='word_1_409' title='bbox 1290 4103 1408 4159; x_wconf 88' lang='lat' dir='ltr'><strong>loco</strong></span> <span class='ocrx_word' id='word_1_410' title='bbox 1436 4103 1741 4159; x_wconf 87' lang='lat' dir='ltr'><strong>occultasse</strong></span> <span class='ocrx_word' id='word_1_411' title='bbox 1768 4102 2002 4158; x_wconf 84' lang='lat' dir='ltr'><strong>cultrum</strong></span> <span class='ocrx_word' id='word_1_412' title='bbox 2034 4118 2050 4157; x_wconf 94' lang='lat'><strong>:</strong></span> 
     </span>
    </p>
   </div>
   <div class='ocr_carea' id='block_1_47' title="bbox 489 4193 2051 4267">
    <p class='ocr_par' dir='ltr' id='par_1_47' title="bbox 489 4193 2051 4267">
     <span class='ocr_line' id='line_1_47' title="bbox 489 4193 2051 4267; baseline -0.004 -15"><span class='ocrx_word' id='word_1_413' title='bbox 489 4218 509 4252; x_wconf 86' lang='grc' dir='ltr'><strong>ι</strong></span> <span class='ocrx_word' id='word_1_414' title='bbox 548 4198 751 4254; x_wconf 87' lang='lat' dir='ltr'><strong>secutis</strong></span> <span class='ocrx_word' id='word_1_415' title='bbox 779 4212 908 4252; x_wconf 88' lang='lat' dir='ltr'><strong>vero</strong></span> <span class='ocrx_word' id='word_1_416' title='bbox 935 4196 1268 4267; x_wconf 88' lang='lat' dir='ltr'><strong>temporibus</strong></span> <span class='ocrx_word' id='word_1_417' title='bbox 1289 4193 1509 4260; x_wconf 82' lang='lat' dir='ltr'><strong>factum,</strong></span> <span class='ocrx_word' id='word_1_418' title='bbox 1543 4203 1604 4248; x_wconf 88' lang='lat' dir='ltr'><strong>ut</strong></span> <span class='ocrx_word' id='word_1_419' title='bbox 1631 4193 1898 4249; x_wconf 81' lang='lat' dir='ltr'><strong>Corinthii</strong></span> <span class='ocrx_word' id='word_1_420' title='bbox 1929 4208 2051 4247; x_wconf 89' lang='lat' dir='ltr'><strong>ora-</strong></span> 
     </span>
    </p>
   </div>
   <div class='ocr_carea' id='block_1_48' title="bbox 485 4286 2051 4360">
    <p class='ocr_par' dir='ltr' id='par_1_48' title="bbox 485 4286 2051 4360">
     <span class='ocr_line' id='line_1_48' title="bbox 485 4286 2051 4360; baseline -0.003 -17"><span class='ocrx_word' id='word_1_421' title='bbox 485 4309 507 4343; x_wconf 76' lang='lat' dir='ltr'><strong>s</strong></span> <span class='ocrx_word' id='word_1_422' title='bbox 544 4293 665 4347; x_wconf 90' lang='lat' dir='ltr'><strong>culo</strong></span> <span class='ocrx_word' id='word_1_423' title='bbox 691 4291 902 4356; x_wconf 87' lang='lat' dir='ltr'><strong>moniti,</strong></span> <span class='ocrx_word' id='word_1_424' title='bbox 939 4305 1155 4360; x_wconf 81' lang='lat' dir='ltr'><strong>capram</strong></span> <span class='ocrx_word' id='word_1_425' title='bbox 1194 4290 1400 4357; x_wconf 90' lang='lat' dir='ltr'><strong>nigram</strong></span> <span class='ocrx_word' id='word_1_426' title='bbox 1456 4287 1737 4341; x_wconf 88' lang='lat' dir='ltr'><strong>immolare</strong></span> <span class='ocrx_word' id='word_1_427' title='bbox 1770 4286 2051 4349; x_wconf 78' lang='lat' dir='ltr'><strong>deberent,</strong></span> 
     </span>
    </p>
   </div>
   <div class='ocr_carea' id='block_1_49' title="bbox 487 4378 2055 4451">
    <p class='ocr_par' dir='ltr' id='par_1_49' title="bbox 487 4378 2055 4451">
     <span class='ocr_line' id='line_1_49' title="bbox 487 4378 2055 4451; baseline -0.006 -10"><span class='ocrx_word' id='word_1_428' title='bbox 487 4405 507 4441; x_wconf 82' lang='grc' dir='ltr'><strong>ι</strong></span> <span class='ocrx_word' id='word_1_429' title='bbox 543 4385 655 4451; x_wconf 87' lang='lat' dir='ltr'><strong>ubi,</strong></span> <span class='ocrx_word' id='word_1_430' title='bbox 692 4399 813 4440; x_wconf 90' lang='lat' dir='ltr'><strong>cum</strong></span> <span class='ocrx_word' id='word_1_431' title='bbox 845 4383 1022 4439; x_wconf 85' lang='lat' dir='ltr'><strong>cultro</strong></span> <span class='ocrx_word' id='word_1_432' title='bbox 1044 4383 1485 4444; x_wconf 90' lang='lat' dir='ltr'><strong>destituerentur,</strong></span> <span class='ocrx_word' id='word_1_433' title='bbox 1500 4393 1661 4449; x_wconf 90' lang='lat' dir='ltr'><strong>capra</strong></span> <span class='ocrx_word' id='word_1_434' title='bbox 1689 4378 1917 4448; x_wconf 86' lang='lat' dir='ltr'><strong>pedibus</strong></span> <span class='ocrx_word' id='word_1_435' title='bbox 1940 4378 2055 4434; x_wconf 86' lang='lat' dir='ltr'><strong>suis</strong></span> 
     </span>
    </p>
   </div>
   <div class='ocr_carea' id='block_1_50' title="bbox 555 4498 1236 4576">
    <p class='ocr_par' dir='ltr' id='par_1_50' title="bbox 555 4498 1236 4576">
     <span class='ocr_line' id='line_1_50' title="bbox 555 4498 1236 4576; baseline -0.01 -17"><span class='ocrx_word' id='word_1_436' title='bbox 555 4519 615 4576; x_wconf 59' lang='grc' dir='ltr'><em>»ῃ</em></span> <span class='ocrx_word' id='word_1_437' title='bbox 653 4501 752 4562; x_wconf 81' lang='lat' dir='ltr'><strong>Ed.</strong></span> <span class='ocrx_word' id='word_1_438' title='bbox 789 4502 964 4565; x_wconf 84' lang='lat' dir='ltr'><strong>Paris,</strong></span> <span class='ocrx_word' id='word_1_439' title='bbox 997 4514 1118 4571; x_wconf 82' lang='lat' dir='ltr'><strong>pag.</strong></span> <span class='ocrx_word' id='word_1_440' title='bbox 1147 4498 1236 4553; x_wconf 77' lang='grc'><strong>15.</strong></span> 
     </span>
    </p>
   </div>
   <div class='ocr_carea' id='block_1_51' title="bbox 556 4587 1579 4662">
    <p class='ocr_par' dir='ltr' id='par_1_51' title="bbox 556 4587 1579 4662">
     <span class='ocr_line' id='line_1_51' title="bbox 556 4587 1579 4662; baseline -0.01 -8"><span class='ocrx_word' id='word_1_441' title='bbox 556 4599 600 4631; x_wconf 70' lang='grc'>⁸⁸</span> <span class='ocrx_word' id='word_1_442' title='bbox 643 4599 808 4653; x_wconf 90' lang='lat' dir='ltr'><strong>llebr.</strong></span> <span class='ocrx_word' id='word_1_443' title='bbox 836 4612 911 4662; x_wconf 68' lang='grc' dir='ltr'>χι,</span> <span class='ocrx_word' id='word_1_444' title='bbox 940 4592 1031 4649; x_wconf 78' lang='lat'><strong>57.</strong></span> <span class='ocrx_word' id='word_1_445' title='bbox 1107 4590 1151 4623; x_wconf 79' lang='lat'>“</span> <span class='ocrx_word' id='word_1_446' title='bbox 1182 4588 1205 4643; x_wconf 84' lang='grc' dir='ltr'>Ι</span> <span class='ocrx_word' id='word_1_447' title='bbox 1242 4588 1370 4645; x_wconf 88' lang='lat' dir='ltr'><strong>Cor.</strong></span> <span class='ocrx_word' id='word_1_448' title='bbox 1398 4604 1459 4653; x_wconf 89' lang='lat' dir='ltr'><strong>tt,</strong></span> <span class='ocrx_word' id='word_1_449' title='bbox 1492 4587 1579 4644; x_wconf 76' lang='grc'><strong>12.</strong></span> 
     </span>
    </p>
   </div>
   <div class='ocr_carea' id='block_1_52' title="bbox 576 4706 1125 4775">
    <p class='ocr_par' dir='ltr' id='par_1_52' title="bbox 576 4706 1125 4775">
     <span class='ocr_line' id='line_1_52' title="bbox 576 4706 1125 4775; baseline -0.013 -9"><span class='ocrx_word' id='word_1_450' title='bbox 576 4711 668 4775; x_wconf 69' lang='grc'><strong>84)</strong></span> <span class='ocrx_word' id='word_1_451' title='bbox 704 4707 878 4775; x_wconf 74' lang='lat' dir='ltr'><strong>Vulgo</strong></span> <span class='ocrx_word' id='word_1_452' title='bbox 905 4706 1125 4775; x_wconf 76' lang='grc' dir='ltr'>ὀλίγων.</span> 
     </span>
    </p>
   </div>
   <div class='ocr_carea' id='block_1_53' title="bbox 552 4711 2048 4854">
    <p class='ocr_par' dir='ltr' id='par_1_53' title="bbox 552 4711 2048 4854">
     <span class='ocr_line' id='line_1_53' title="bbox 576 4711 1125 4775; baseline -0.013 -9"><span class='ocrx_word' id='word_1_453' title='bbox 576 4711 645 4766; x_wconf 68' lang='grc'><strong>84</strong></span> <span class='ocrx_word' id='word_1_454' title='bbox 704 4711 878 4775; x_wconf 74' lang='lat' dir='ltr'><strong>Vulgo</strong></span> <span class='ocrx_word' id='word_1_455' title='bbox 905 4711 1125 4775; x_wconf 76' lang='grc' dir='ltr'>ὀλίγων.</span> 
     </span>
     <span class='ocr_line' id='line_1_54' title="bbox 552 4711 2048 4854; baseline -0.007 -19"><span class='ocrx_word' id='word_1_456' title='bbox 552 4711 668 4854; x_wconf 51' lang='grc'><strong>(85)</strong></span> <span class='ocrx_word' id='word_1_457' title='bbox 702 4779 852 4833; x_wconf 72' lang='grc' dir='ltr'>Ἀλλ’</span> <span class='ocrx_word' id='word_1_458' title='bbox 957 4777 1267 4854; x_wconf 63' lang='grc' dir='ltr'>τέθνηκεν,</span> <span class='ocrx_word' id='word_1_459' title='bbox 1411 4773 1682 4854; x_wconf 58' lang='grc' dir='ltr'>διδάσκει</span> <span class='ocrx_word' id='word_1_460' title='bbox 1718 4771 2048 4843; x_wconf 79' lang='grc' dir='ltr'>γράμματα.</span> 
     </span>
    </p>
   </div>
   <div class='ocr_carea' id='block_1_54' title="bbox 483 4844 2055 4912">
    <p class='ocr_par' dir='ltr' id='par_1_54' title="bbox 483 4844 2055 4912">
     <span class='ocr_line' id='line_1_55' title="bbox 483 4844 2055 4912; baseline -0.006 -5"><span class='ocrx_word' id='word_1_461' title='bbox 483 4844 744 4907; x_wconf 61' lang='grc' dir='ltr'>Νοίπήε</span> <span class='ocrx_word' id='word_1_462' title='bbox 793 4863 860 4903; x_wconf 77' lang='lat' dir='ltr'><strong>ex</strong></span> <span class='ocrx_word' id='word_1_463' title='bbox 918 4844 1165 4912; x_wconf 81' lang='lat' dir='ltr'><strong>historia,</strong></span> <span class='ocrx_word' id='word_1_464' title='bbox 1209 4857 1266 4900; x_wconf 90' lang='lat' dir='ltr'><strong>et</strong></span> <span class='ocrx_word' id='word_1_465' title='bbox 1321 4844 1655 4899; x_wconf 84' lang='lat' dir='ltr'><strong>Plutarcho:</strong></span> <span class='ocrx_word' id='word_1_466' title='bbox 1686 4858 1846 4910; x_wconf 87' lang='lat' dir='ltr'><strong>quam</strong></span> <span class='ocrx_word' id='word_1_467' title='bbox 1906 4854 2055 4898; x_wconf 87' lang='lat' dir='ltr'><strong>recte</strong></span> 
     </span>
    </p>
   </div>
   <div class='ocr_carea' id='block_1_55' title="bbox 482 4913 2055 4985">
    <p class='ocr_par' dir='ltr' id='par_1_55' title="bbox 482 4913 2055 4985">
     <span class='ocr_line' id='line_1_56' title="bbox 482 4913 2055 4985; baseline -0.008 -8"><span class='ocrx_word' id='word_1_468' title='bbox 482 4920 769 4977; x_wconf 71' lang='lat' dir='ltr'><strong>Marcellus</strong></span> <span class='ocrx_word' id='word_1_469' title='bbox 834 4918 1158 4985; x_wconf 77' lang='lat' dir='ltr'><strong>explicabat.</strong></span> <span class='ocrx_word' id='word_1_470' title='bbox 1230 4914 1456 4969; x_wconf 79' lang='lat' dir='ltr'><strong>Videndi</strong></span> <span class='ocrx_word' id='word_1_471' title='bbox 1502 4913 1987 4985; x_wconf 83' lang='grc' dir='ltr'>παροιμιογράφοι,</span> <span class='ocrx_word' id='word_1_472' title='bbox 2023 4928 2055 4965; x_wconf 89' lang='lat' dir='ltr'><strong>a</strong></span> 
     </span>
    </p>
   </div>
   <div class='ocr_carea' id='block_1_56' title="bbox 482 4984 2053 5049">
    <p class='ocr_par' dir='ltr' id='par_1_56' title="bbox 482 4984 2053 5049">
     <span class='ocr_line' id='line_1_57' title="bbox 482 4984 2053 5049; baseline -0.008 0"><span class='ocrx_word' id='word_1_473' title='bbox 482 4992 782 5049; x_wconf 86' lang='lat' dir='ltr'><strong>reverendo</strong></span> <span class='ocrx_word' id='word_1_474' title='bbox 833 4984 1119 5040; x_wconf 79' lang='lat' dir='ltr'><strong>admodum</strong></span> <span class='ocrx_word' id='word_1_475' title='bbox 1175 4994 1229 5039; x_wconf 89' lang='lat' dir='ltr'><strong>et</strong></span> <span class='ocrx_word' id='word_1_476' title='bbox 1277 4984 1595 5040; x_wconf 84' lang='lat' dir='ltr'><strong>clarissimo</strong></span> <span class='ocrx_word' id='word_1_477' title='bbox 1616 4984 1675 5038; x_wconf 84' lang='lat' dir='ltr'><strong>P.</strong></span> <span class='ocrx_word' id='word_1_478' title='bbox 1723 4984 2053 5039; x_wconf 46' lang='lat' dir='ltr'><strong>A.&#39;Scbotto</strong></span> 
     </span>
    </p>
   </div>
   <div class='ocr_carea' id='block_1_57' title="bbox 480 5053 2052 5124">
    <p class='ocr_par' dir='ltr' id='par_1_57' title="bbox 480 5053 2052 5124">
     <span class='ocr_line' id='line_1_58' title="bbox 480 5053 2052 5124; baseline -0.007 -7"><span class='ocrx_word' id='word_1_479' title='bbox 480 5064 644 5124; x_wconf 87' lang='lat' dir='ltr'><strong>editi;</strong></span> <span class='ocrx_word' id='word_1_480' title='bbox 682 5061 775 5115; x_wconf 87' lang='lat' dir='ltr'><strong>sed</strong></span> <span class='ocrx_word' id='word_1_481' title='bbox 833 5057 984 5111; x_wconf 87' lang='lat' dir='ltr'><strong>locus</strong></span> <span class='ocrx_word' id='word_1_482' title='bbox 1034 5055 1089 5108; x_wconf 89' lang='lat' dir='ltr'><strong>in</strong></span> <span class='ocrx_word' id='word_1_483' title='bbox 1143 5055 1329 5109; x_wconf 88' lang='lat' dir='ltr'><strong>codice</strong></span> <span class='ocrx_word' id='word_1_484' title='bbox 1359 5070 1464 5108; x_wconf 90' lang='lat' dir='ltr'><strong>non</strong></span> <span class='ocrx_word' id='word_1_485' title='bbox 1491 5064 1728 5108; x_wconf 89' lang='lat' dir='ltr'><strong>constat.</strong></span> <span class='ocrx_word' id='word_1_486' title='bbox 1764 5053 1898 5108; x_wconf 83' lang='lat' dir='ltr'><strong>Nam</strong></span> <span class='ocrx_word' id='word_1_487' title='bbox 1923 5054 2052 5124; x_wconf 86' lang='lat' dir='ltr'><strong>quid</strong></span> 
     </span>
    </p>
   </div>
   <div class='ocr_carea' id='block_1_58' title="bbox 482 5123 2052 5194">
    <p class='ocr_par' dir='ltr' id='par_1_58' title="bbox 482 5123 2052 5194">
     <span class='ocr_line' id='line_1_59' title="bbox 482 5123 2052 5194; baseline -0.007 -7"><span class='ocrx_word' id='word_1_488' title='bbox 482 5135 570 5187; x_wconf 82' lang='lat' dir='ltr'><strong>iila</strong></span> <span class='ocrx_word' id='word_1_489' title='bbox 608 5123 710 5187; x_wconf 86' lang='lat' dir='ltr'><strong>sibi</strong></span> <span class='ocrx_word' id='word_1_490' title='bbox 742 5128 949 5189; x_wconf 90' lang='lat' dir='ltr'><strong>volunt,</strong></span> <span class='ocrx_word' id='word_1_491' title='bbox 980 5124 1105 5177; x_wconf 75' lang='grc' dir='ltr'>ἐπεὶ</span> <span class='ocrx_word' id='word_1_492' title='bbox 1135 5125 1231 5177; x_wconf 76' lang='grc' dir='ltr'>καὶ</span> <span class='ocrx_word' id='word_1_493' title='bbox 1257 5124 1445 5194; x_wconf 73' lang='grc' dir='ltr'>ἕτερός</span> <span class='ocrx_word' id='word_1_494' title='bbox 1478 5140 1584 5194; x_wconf 82' lang='grc' dir='ltr'>τις,</span> <span class='ocrx_word' id='word_1_495' title='bbox 1613 5123 1773 5194; x_wconf 76' lang='lat' dir='ltr'><strong>forte,</strong></span> <span class='ocrx_word' id='word_1_496' title='bbox 1808 5123 2052 5194; x_wconf 59' lang='lat' dir='ltr'><strong>eminet</strong></span> 
     </span>
    </p>
   </div>
   <div class='ocr_carea' id='block_1_59' title="bbox 483 5201 666 5274">
    <p class='ocr_par' dir='ltr' id='par_1_59' title="bbox 483 5201 666 5274">
     <span class='ocr_line' id='line_1_60' title="bbox 483 5201 666 5274; baseline -0.011 -19"><span class='ocrx_word' id='word_1_497' title='bbox 483 5203 557 5274; x_wconf 82' lang='grc' dir='ltr'>μὴ</span> <span class='ocrx_word' id='word_1_498' title='bbox 580 5201 666 5255; x_wconf 76' lang='grc' dir='ltr'><strong>ἑτέ</strong></span> 
     </span>
    </p>
   </div>
   <div class='ocr_carea' id='block_1_60' title="bbox 482 5263 2053 5337">
    <p class='ocr_par' dir='ltr' id='par_1_60' title="bbox 482 5263 2053 5337">
     <span class='ocr_line' id='line_1_61' title="bbox 482 5263 2053 5337; baseline -0.008 -9"><span class='ocrx_word' id='word_1_499' title='bbox 482 5263 637 5327; x_wconf 70' lang='grc' dir='ltr'>τοῧτο</span> <span class='ocrx_word' id='word_1_500' title='bbox 676 5263 721 5323; x_wconf 78' lang='grc' dir='ltr'>δ’</span> <span class='ocrx_word' id='word_1_501' title='bbox 745 5269 844 5337; x_wconf 86' lang='grc' dir='ltr'><strong>οὐχ</strong></span> <span class='ocrx_word' id='word_1_502' title='bbox 875 5266 1048 5329; x_wconf 70' lang='grc' dir='ltr'>οὕτως</span> <span class='ocrx_word' id='word_1_503' title='bbox 1080 5265 1243 5337; x_wconf 72' lang='grc' dir='ltr'>ἔχειν,</span> <span class='ocrx_word' id='word_1_504' title='bbox 1273 5264 1387 5337; x_wconf 80' lang='grc' dir='ltr'>ἀλλ’</span> <span class='ocrx_word' id='word_1_505' title='bbox 1417 5264 1491 5327; x_wconf 83' lang='grc' dir='ltr'>ὼς</span> <span class='ocrx_word' id='word_1_506' title='bbox 1510 5265 1561 5316; x_wconf 79' lang='grc' dir='ltr'>οἱ</span> <span class='ocrx_word' id='word_1_507' title='bbox 1588 5263 1658 5317; x_wconf 80' lang='grc' dir='ltr'>τὰ</span> <span class='ocrx_word' id='word_1_508' title='bbox 1683 5263 2053 5337; x_wconf 63' lang='grc' dir='ltr'>ὑπομνῆματα</span> 
     </span>
    </p>
   </div>
   <div class='ocr_carea' id='block_1_61' title="bbox 482 5334 2052 5414">
    <p class='ocr_par' dir='ltr' id='par_1_61' title="bbox 482 5334 2052 5414">
     <span class='ocr_line' id='line_1_62' title="bbox 482 5334 2052 5414; baseline -0.006 -18"><span class='ocrx_word' id='word_1_509' title='bbox 482 5334 1072 5414; x_wconf 43' lang='grc' dir='ltr'>γράψαντεςίέφασαν.</span> <span class='ocrx_word' id='word_1_510' title='bbox 1112 5334 1393 5414; x_wconf 47' lang='grc' dir='ltr'>ἺΕπειδῄ.</span> <span class='ocrx_word' id='word_1_511' title='bbox 1450 5338 1629 5399; x_wconf 72' lang='lat' dir='ltr'><strong>Certe,</strong></span> <span class='ocrx_word' id='word_1_512' title='bbox 1689 5336 1742 5414; x_wconf 74' lang='lat' dir='ltr'><strong>in</strong></span> <span class='ocrx_word' id='word_1_513' title='bbox 1796 5334 2052 5414; x_wconf 75' lang='lat' dir='ltr'><strong>miseram</strong></span> 
     </span>
    </p>
   </div>
   <div class='ocr_carea' id='block_1_62' title="bbox 482 5404 2046 5473">
    <p class='ocr_par' dir='ltr' id='par_1_62' title="bbox 482 5404 2046 5473">
     <span class='ocr_line' id='line_1_63' title="bbox 482 5404 2046 5473; baseline -0.006 -6"><span class='ocrx_word' id='word_1_514' title='bbox 482 5404 814 5467; x_wconf 68' lang='lat' dir='ltr'><strong>ei-utiitorum</strong></span> <span class='ocrx_word' id='word_1_515' title='bbox 841 5404 1119 5462; x_wconf 77' lang='lat' dir='ltr'><strong>hominum</strong></span> <span class='ocrx_word' id='word_1_516' title='bbox 1147 5404 1533 5468; x_wconf 71' lang='lat' dir='ltr'><strong>conditidnem,</strong></span> <span class='ocrx_word' id='word_1_517' title='bbox 1566 5420 1671 5459; x_wconf 87' lang='lat' dir='ltr'><strong>non</strong></span> <span class='ocrx_word' id='word_1_518' title='bbox 1702 5404 1883 5473; x_wconf 88' lang='lat' dir='ltr'><strong>inepte</strong></span> <span class='ocrx_word' id='word_1_519' title='bbox 1918 5405 2046 5457; x_wconf 73' lang='lat' dir='ltr'><strong>atla—</strong></span> 
     </span>
    </p>
   </div>
   <div class='ocr_carea' id='block_1_63' title="bbox 484 5473 2048 5551">
    <p class='ocr_par' dir='ltr' id='par_1_63' title="bbox 484 5473 2048 5551">
     <span class='ocr_line' id='line_1_64' title="bbox 484 5473 2048 5551; baseline -0.004 -19"><span class='ocrx_word' id='word_1_520' title='bbox 484 5487 627 5551; x_wconf 80' lang='lat' dir='ltr'><strong>ginm</strong></span> <span class='ocrx_word' id='word_1_521' title='bbox 667 5491 978 5551; x_wconf 78' lang='lat' dir='ltr'><strong>usurpatur,</strong></span> <span class='ocrx_word' id='word_1_522' title='bbox 1013 5479 1104 5546; x_wconf 81' lang='lat' dir='ltr'><strong>qui</strong></span> <span class='ocrx_word' id='word_1_523' title='bbox 1155 5475 1473 5551; x_wconf 85' lang='lat' dir='ltr'><strong>plerumque</strong></span> <span class='ocrx_word' id='word_1_524' title='bbox 1500 5473 1676 5528; x_wconf 81' lang='grc' dir='ltr'>ἄσιτοι</span> <span class='ocrx_word' id='word_1_525' title='bbox 1711 5473 2048 5551; x_wconf 62' lang='grc' dir='ltr'>ἀναδὼρῃτοι</span> 
     </span>
    </p>
   </div>
   <div class='ocr_carea' id='block_1_64' title="bbox 484 5544 2051 5624">
    <p class='ocr_par' dir='ltr' id='par_1_64' title="bbox 484 5544 2051 5624">
     <span class='ocr_line' id='line_1_65' title="bbox 484 5544 2051 5624; baseline -0.007 -19"><span class='ocrx_word' id='word_1_526' title='bbox 484 5544 814 5624; x_wconf 70' lang='grc' dir='ltr'>φορμίζουσί</span> <span class='ocrx_word' id='word_1_527' title='bbox 863 5544 1045 5624; x_wconf 63' lang='grc' dir='ltr'>μέλος,</span> <span class='ocrx_word' id='word_1_528' title='bbox 1078 5555 1137 5600; x_wconf 82' lang='grc' dir='ltr'><strong>ιιι</strong></span> <span class='ocrx_word' id='word_1_529' title='bbox 1166 5550 1232 5624; x_wconf 82' lang='lat' dir='ltr'><strong>de</strong></span> <span class='ocrx_word' id='word_1_530' title='bbox 1267 5555 1639 5624; x_wconf 39' lang='lat' dir='ltr'><strong>seminemorat</strong></span> <span class='ocrx_word' id='word_1_531' title='bbox 1671 5556 1875 5624; x_wconf 33' lang='lat' dir='ltr'><strong>‘auetor</strong></span> <span class='ocrx_word' id='word_1_532' title='bbox 1918 5544 2051 5612; x_wconf 74' lang='lat' dir='ltr'><strong>Ety-</strong></span> 
     </span>
    </p>
   </div>
   <div class='ocr_carea' id='block_1_65' title="bbox 444 5615 2053 5690">
    <p class='ocr_par' dir='ltr' id='par_1_65' title="bbox 444 5615 2053 5690">
     <span class='ocr_line' id='line_1_66' title="bbox 444 5615 2053 5690; baseline -0.004 -17"><span class='ocrx_word' id='word_1_533' title='bbox 444 5650 449 5655; x_wconf 63' lang='grc' dir='ltr'><strong><em>ο</em></strong></span> <span class='ocrx_word' id='word_1_534' title='bbox 488 5615 771 5690; x_wconf 70' lang='grc' dir='ltr'><strong>ἠιόιὸθὶεί;</strong></span> <span class='ocrx_word' id='word_1_535' title='bbox 803 5615 875 5673; x_wconf 64' lang='grc' dir='ltr'><strong>δι’</strong></span> <span class='ocrx_word' id='word_1_536' title='bbox 890 5621 955 5672; x_wconf 87' lang='lat' dir='ltr'><strong>de</strong></span> <span class='ocrx_word' id='word_1_537' title='bbox 984 5618 1268 5674; x_wconf 82' lang='lat' dir='ltr'><strong>Lactantio</strong></span> <span class='ocrx_word' id='word_1_538' title='bbox 1299 5615 1436 5690; x_wconf 26' lang='lat' dir='ltr'><strong>olitn‘</strong></span> <span class='ocrx_word' id='word_1_539' title='bbox 1460 5615 1897 5690; x_wconf 70' lang='lat' dir='ltr'><strong>Ur_ispi_Ctesaris</strong></span> <span class='ocrx_word' id='word_1_540' title='bbox 1938 5630 2053 5690; x_wconf 79' lang='lat' dir='ltr'><strong>Ina-</strong></span> 
     </span>
    </p>
   </div>
   <div class='ocr_carea' id='block_1_66' title="bbox 488 5683 2052 5760">
    <p class='ocr_par' dir='ltr' id='par_1_66' title="bbox 488 5683 2052 5760">
     <span class='ocr_line' id='line_1_67' title="bbox 488 5683 2052 5760; baseline -0.004 -19"><span class='ocrx_word' id='word_1_541' title='bbox 488 5683 659 5760; x_wconf 69' lang='lat' dir='ltr'><strong>gistro</strong></span> <span class='ocrx_word' id='word_1_542' title='bbox 688 5704 918 5751; x_wconf 85' lang='lat' dir='ltr'><strong>merum,</strong></span> <span class='ocrx_word' id='word_1_543' title='bbox 944 5696 1262 5760; x_wconf 80' lang='lat' dir='ltr'><strong>usurpatum</strong></span> <span class='ocrx_word' id='word_1_544' title='bbox 1300 5683 1835 5760; x_wconf 81' lang='lat' dir='ltr'><strong>fuit_bucis,_l&#39;ungis.</strong></span> <span class='ocrx_word' id='word_1_545' title='bbox 1870 5685 2052 5760; x_wconf 73' lang='lat' dir='ltr'><strong>fatuis,</strong></span> 
     </span>
    </p>
   </div>
   <div class='ocr_carea' id='block_1_67' title="bbox 489 5754 2058 5829">
    <p class='ocr_par' dir='ltr' id='par_1_67' title="bbox 489 5754 2058 5829">
     <span class='ocr_line' id='line_1_68' title="bbox 489 5754 2058 5829; baseline -0.003 -16"><span class='ocrx_word' id='word_1_546' title='bbox 489 5754 653 5813; x_wconf 58' lang='lat' dir='ltr'><strong>asinis</strong></span> <span class='ocrx_word' id='word_1_547' title='bbox 672 5754 1124 5829; x_wconf 78' lang='grc' dir='ltr'>μυστηριοφόροις</span> <span class='ocrx_word' id='word_1_548' title='bbox 1154 5755 1526 5826; x_wconf 77' lang='lat' dir='ltr'><strong>grassantibus</strong></span> <span class='ocrx_word' id='word_1_549' title='bbox 1558 5755 1623 5807; x_wconf 87' lang='lat' dir='ltr'><strong>ad</strong></span> <span class='ocrx_word' id='word_1_550' title='bbox 1656 5755 1909 5818; x_wconf 77' lang='lat' dir='ltr'><strong>honores,</strong></span> <span class='ocrx_word' id='word_1_551' title='bbox 1937 5754 2058 5810; x_wconf 89' lang='lat' dir='ltr'><strong>aliis</strong></span> 
     </span>
    </p>
   </div>
   <div class='ocr_carea' id='block_1_68' title="bbox 753 5192 2051 5264">
    <p class='ocr_par' dir='ltr' id='par_1_68' title="bbox 753 5192 2051 5264">
     <span class='ocr_line' id='line_1_69' title="bbox 753 5192 2051 5264; baseline -0.005 -14"><span class='ocrx_word' id='word_1_552' title='bbox 753 5215 779 5261; x_wconf 86' lang='grc' dir='ltr'><strong>ς</strong></span> <span class='ocrx_word' id='word_1_553' title='bbox 805 5215 888 5260; x_wconf 87' lang='grc' dir='ltr'><strong>τις</strong></span> <span class='ocrx_word' id='word_1_554' title='bbox 908 5195 1016 5249; x_wconf 80' lang='grc' dir='ltr'>τῶν</span> <span class='ocrx_word' id='word_1_555' title='bbox 1044 5195 1171 5263; x_wconf 77' lang='grc' dir='ltr'>παρ’</span> <span class='ocrx_word' id='word_1_556' title='bbox 1200 5192 1415 5257; x_wconf 75' lang='grc' dir='ltr'>αὐτοῖς’</span> <span class='ocrx_word' id='word_1_557' title='bbox 1452 5193 1560 5262; x_wconf 78' lang='grc' dir='ltr'><strong>ἐγὼ</strong></span> <span class='ocrx_word' id='word_1_558' title='bbox 1598 5193 1641 5246; x_wconf 78' lang='grc' dir='ltr'>δ’</span> <span class='ocrx_word' id='word_1_559' title='bbox 1675 5192 1896 5264; x_wconf 79' lang='grc' dir='ltr'>ἔμαθον,</span> <span class='ocrx_word' id='word_1_560' title='bbox 1924 5192 2051 5264; x_wconf 72' lang='grc' dir='ltr'>ἔφη,</span> 
     </span>
    </p>
   </div>
   <div class='ocr_carea' id='block_1_69' title="bbox 2815 1635 3085 1690">
    <p class='ocr_par' dir='ltr' id='par_1_69' title="bbox 2815 1635 3085 1690">
     <span class='ocr_line' id='line_1_70' title="bbox 2815 1635 3085 1690; baseline -0.007 -1"><span class='ocrx_word' id='word_1_561' title='bbox 2815 1635 2972 1690; x_wconf 71' lang='grc' dir='ltr'><strong>ΚΕΦ.</strong></span> <span class='ocrx_word' id='word_1_562' title='bbox 3012 1635 3085 1688; x_wconf 84' lang='grc' dir='ltr'><strong>Γ⁴.</strong></span> 
     </span>
    </p>
   </div>
   <div class='ocr_carea' id='block_1_70' title="bbox 2155 1727 3729 1801">
    <p class='ocr_par' dir='ltr' id='par_1_70' title="bbox 2155 1727 3729 1801">
     <span class='ocr_line' id='line_1_71' title="bbox 2155 1727 3729 1801; baseline 0.001 -15"><span class='ocrx_word' id='word_1_563' title='bbox 2155 1731 2517 1801; x_wconf 73' lang='grc' dir='ltr'><strong>Μαρκέλλου</strong></span> <span class='ocrx_word' id='word_1_564' title='bbox 2555 1729 2687 1798; x_wconf 77' lang='grc' dir='ltr'>περὶ</span> <span class='ocrx_word' id='word_1_565' title='bbox 2733 1728 2853 1782; x_wconf 81' lang='grc' dir='ltr'>τῶν</span> <span class='ocrx_word' id='word_1_566' title='bbox 2897 1729 3037 1796; x_wconf 83' lang='grc' dir='ltr'>παρ’</span> <span class='ocrx_word' id='word_1_567' title='bbox 3084 1727 3348 1797; x_wconf 70' lang='grc' dir='ltr'><strong>’Ἕλλησι</strong></span> <span class='ocrx_word' id='word_1_568' title='bbox 3384 1730 3729 1800; x_wconf 71' lang='grc' dir='ltr'>παροιμιῶν.</span> 
     </span>
    </p>
   </div>
   <div class='ocr_carea' id='block_1_71' title="bbox 2232 1814 3732 1893">
    <p class='ocr_par' dir='ltr' id='par_1_71' title="bbox 2232 1814 3732 1893">
     <span class='ocr_line' id='line_1_72' title="bbox 2232 1814 3732 1893; baseline 0.001 -18"><span class='ocrx_word' id='word_1_569' title='bbox 2232 1843 2250 1875; x_wconf 84' lang='grc' dir='ltr'><strong>ι</strong></span> <span class='ocrx_word' id='word_1_570' title='bbox 2287 1822 2453 1876; x_wconf 79' lang='grc' dir='ltr'>Οὐδὲν</span> <span class='ocrx_word' id='word_1_571' title='bbox 2488 1820 2597 1893; x_wconf 80' lang='grc' dir='ltr'>γὰρ</span> <span class='ocrx_word' id='word_1_572' title='bbox 2622 1821 2820 1875; x_wconf 76' lang='grc' dir='ltr'>ἄτοπον</span> <span class='ocrx_word' id='word_1_573' title='bbox 2851 1814 3006 1889; x_wconf 74' lang='grc' dir='ltr'>οἶμαι</span> <span class='ocrx_word' id='word_1_574' title='bbox 3038 1820 3095 1871; x_wconf 84' lang='grc' dir='ltr'>ὲν</span> <span class='ocrx_word' id='word_1_575' title='bbox 3124 1819 3204 1890; x_wconf 82' lang='grc' dir='ltr'>τῷ</span> <span class='ocrx_word' id='word_1_576' title='bbox 3232 1821 3458 1891; x_wconf 85' lang='grc' dir='ltr'><strong>παρόντι</strong></span> <span class='ocrx_word' id='word_1_577' title='bbox 3487 1821 3596 1893; x_wconf 71' lang='grc'><strong>(84)</strong></span> <span class='ocrx_word' id='word_1_578' title='bbox 3624 1822 3732 1876; x_wconf 80' lang='grc' dir='ltr'>ὀλί-</span> 
     </span>
    </p>
   </div>
   <div class='ocr_carea' id='block_1_72' title="bbox 2163 1911 3728 1984">
    <p class='ocr_par' dir='ltr' id='par_1_72' title="bbox 2163 1911 3728 1984">
     <span class='ocr_line' id='line_1_73' title="bbox 2163 1911 3728 1984; baseline 0 -17"><span class='ocrx_word' id='word_1_579' title='bbox 2163 1935 2182 1967; x_wconf 82' lang='grc' dir='ltr'><strong>ι</strong></span> <span class='ocrx_word' id='word_1_580' title='bbox 2221 1932 2317 1984; x_wconf 91' lang='grc' dir='ltr'><strong>γον</strong></span> <span class='ocrx_word' id='word_1_581' title='bbox 2339 1913 2448 1967; x_wconf 83' lang='grc' dir='ltr'>τῶν</span> <span class='ocrx_word' id='word_1_582' title='bbox 2476 1912 2671 1979; x_wconf 78' lang='grc' dir='ltr'>ἔξωθεν</span> <span class='ocrx_word' id='word_1_583' title='bbox 2687 1911 2998 1982; x_wconf 78' lang='grc' dir='ltr'>ὑπομνῆσαι</span> <span class='ocrx_word' id='word_1_584' title='bbox 3014 1912 3317 1983; x_wconf 86' lang='grc' dir='ltr'>παροιμιῶν</span> <span class='ocrx_word' id='word_1_585' title='bbox 3344 1911 3477 1979; x_wconf 85' lang='grc'><strong>(85).</strong></span> <span class='ocrx_word' id='word_1_586' title='bbox 3513 1913 3728 1983; x_wconf 68' lang='grc' dir='ltr'><strong>Ἀλλ”ἣ</strong></span> 
     </span>
    </p>
   </div>
   <div class='ocr_carea' id='block_1_73' title="bbox 2163 2001 3727 2075">
    <p class='ocr_par' dir='ltr' id='par_1_73' title="bbox 2163 2001 3727 2075">
     <span class='ocr_line' id='line_1_74' title="bbox 2163 2001 3727 2075; baseline -0.001 -16"><span class='ocrx_word' id='word_1_587' title='bbox 2163 2026 2183 2058; x_wconf 82' lang='grc' dir='ltr'><strong>ι</strong></span> <span class='ocrx_word' id='word_1_588' title='bbox 2227 2005 2512 2074; x_wconf 73' lang='grc' dir='ltr'><strong>τέθνηκεν</strong></span> <span class='ocrx_word' id='word_1_589' title='bbox 2525 2006 2562 2073; x_wconf 79' lang='grc' dir='ltr'><em>ἧ</em></span> <span class='ocrx_word' id='word_1_590' title='bbox 2579 2002 2845 2058; x_wconf 80' lang='grc' dir='ltr'><strong>διδάσκει</strong></span> <span class='ocrx_word' id='word_1_591' title='bbox 2870 2001 3408 2074; x_wconf 62' lang='grc' dir='ltr'>γράμματαταύτην</span> <span class='ocrx_word' id='word_1_592' title='bbox 3421 2004 3521 2073; x_wconf 74' lang='grc' dir='ltr'>τὴν</span> <span class='ocrx_word' id='word_1_593' title='bbox 3538 2021 3727 2075; x_wconf 84' lang='grc' dir='ltr'>παροι-</span> 
     </span>
    </p>
   </div>
   <div class='ocr_carea' id='block_1_74' title="bbox 2162 2094 3723 2167">
    <p class='ocr_par' dir='ltr' id='par_1_74' title="bbox 2162 2094 3723 2167">
     <span class='ocr_line' id='line_1_75' title="bbox 2162 2094 3723 2167; baseline 0.001 -19"><span class='ocrx_word' id='word_1_594' title='bbox 2162 2115 2181 2148; x_wconf 87' lang='grc' dir='ltr'><strong>ι</strong></span> <span class='ocrx_word' id='word_1_595' title='bbox 2214 2097 2342 2167; x_wconf 86' lang='grc' dir='ltr'>μίαν</span> <span class='ocrx_word' id='word_1_596' title='bbox 2364 2097 2499 2167; x_wconf 77' lang='grc' dir='ltr'>πρὸς</span> <span class='ocrx_word' id='word_1_597' title='bbox 2513 2096 2613 2167; x_wconf 81' lang='grc' dir='ltr'>μὲν</span> <span class='ocrx_word' id='word_1_598' title='bbox 2633 2096 2693 2148; x_wconf 84' lang='grc' dir='ltr'>τὸ</span> <span class='ocrx_word' id='word_1_599' title='bbox 2712 2095 3031 2165; x_wconf 90' lang='grc' dir='ltr'>φαινόμενον</span> <span class='ocrx_word' id='word_1_600' title='bbox 3048 2094 3139 2148; x_wconf 82' lang='grc' dir='ltr'>τοῦ</span> <span class='ocrx_word' id='word_1_601' title='bbox 3161 2095 3503 2166; x_wconf 80' lang='grc' dir='ltr'>γράμματος,</span> <span class='ocrx_word' id='word_1_602' title='bbox 3521 2095 3723 2149; x_wconf 59' lang='grc' dir='ltr'>ὑπολάδ</span> 
     </span>
    </p>
   </div>
   <div class='ocr_carea' id='block_1_75' title="bbox 2164 2185 3719 2259">
    <p class='ocr_par' dir='ltr' id='par_1_75' title="bbox 2164 2185 3719 2259">
     <span class='ocr_line' id='line_1_76' title="bbox 2164 2185 3719 2259; baseline 0 -19"><span class='ocrx_word' id='word_1_603' title='bbox 2164 2208 2183 2240; x_wconf 83' lang='grc' dir='ltr'><strong>ι</strong></span> <span class='ocrx_word' id='word_1_604' title='bbox 2212 2188 2295 2242; x_wconf 86' lang='grc' dir='ltr'>6οι</span> <span class='ocrx_word' id='word_1_605' title='bbox 2314 2189 2379 2243; x_wconf 78' lang='grc' dir='ltr'>ἄν</span> <span class='ocrx_word' id='word_1_606' title='bbox 2394 2205 2478 2251; x_wconf 90' lang='grc' dir='ltr'><strong>τις</strong></span> <span class='ocrx_word' id='word_1_607' title='bbox 2498 2185 2640 2240; x_wconf 81' lang='grc' dir='ltr'>κατὰ</span> <span class='ocrx_word' id='word_1_608' title='bbox 2654 2186 2763 2240; x_wconf 86' lang='grc' dir='ltr'><strong>τῶν</strong></span> <span class='ocrx_word' id='word_1_609' title='bbox 2776 2186 3075 2259; x_wconf 84' lang='grc' dir='ltr'>γράμματα</span> <span class='ocrx_word' id='word_1_610' title='bbox 3087 2187 3437 2240; x_wconf 79' lang='grc' dir='ltr'>διδασκόντων</span> <span class='ocrx_word' id='word_1_611' title='bbox 3456 2187 3719 2257; x_wconf 82' lang='grc' dir='ltr'>είρῆσθαι’</span> 
     </span>
    </p>
   </div>
   <div class='ocr_carea' id='block_1_76' title="bbox 2163 2280 3727 2353">
    <p class='ocr_par' dir='ltr' id='par_1_76' title="bbox 2163 2280 3727 2353">
     <span class='ocr_line' id='line_1_77' title="bbox 2163 2280 3727 2353; baseline 0.003 -22"><span class='ocrx_word' id='word_1_612' title='bbox 2163 2299 2182 2331; x_wconf 88' lang='grc' dir='ltr'><strong>ι</strong></span> <span class='ocrx_word' id='word_1_613' title='bbox 2223 2281 2344 2334; x_wconf 75' lang='grc' dir='ltr'>ἐπεὶ</span> <span class='ocrx_word' id='word_1_614' title='bbox 2369 2281 2463 2335; x_wconf 73' lang='grc' dir='ltr'>καὶ</span> <span class='ocrx_word' id='word_1_615' title='bbox 2496 2281 2680 2353; x_wconf 72' lang='grc' dir='ltr'>ἕτερός</span> <span class='ocrx_word' id='word_1_616' title='bbox 2716 2297 2801 2343; x_wconf 91' lang='grc' dir='ltr'><strong>τις</strong></span> <span class='ocrx_word' id='word_1_617' title='bbox 2832 2280 2940 2333; x_wconf 84' lang='grc' dir='ltr'><strong>τῶν</strong></span> <span class='ocrx_word' id='word_1_618' title='bbox 2989 2285 3121 2352; x_wconf 85' lang='grc' dir='ltr'>παρ’</span> <span class='ocrx_word' id='word_1_619' title='bbox 3161 2283 3340 2344; x_wconf 80' lang='grc' dir='ltr'>αὐτοῖς</span> <span class='ocrx_word' id='word_1_620' title='bbox 3389 2280 3630 2333; x_wconf 75' lang='grc' dir='ltr'>ἐδίδασκε</span> <span class='ocrx_word' id='word_1_621' title='bbox 3657 2282 3727 2336; x_wconf 83' lang='grc' dir='ltr'>τὰ</span> 
     </span>
    </p>
   </div>
   <div class='ocr_carea' id='block_1_77' title="bbox 2162 2371 3730 2447">
    <p class='ocr_par' dir='ltr' id='par_1_77' title="bbox 2162 2371 3730 2447">
     <span class='ocr_line' id='line_1_78' title="bbox 2162 2371 3730 2447; baseline 0.001 -24"><span class='ocrx_word' id='word_1_622' title='bbox 2162 2390 2182 2423; x_wconf 84' lang='grc' dir='ltr'><strong>ι</strong></span> <span class='ocrx_word' id='word_1_623' title='bbox 2213 2374 2535 2445; x_wconf 79' lang='grc' dir='ltr'>γράμματα.</span> <span class='ocrx_word' id='word_1_624' title='bbox 2588 2373 2728 2442; x_wconf 85' lang='grc' dir='ltr'><strong>Ἐγὼ</strong></span> <span class='ocrx_word' id='word_1_625' title='bbox 2754 2375 2799 2429; x_wconf 83' lang='grc' dir='ltr'>δ’</span> <span class='ocrx_word' id='word_1_626' title='bbox 2836 2375 3085 2445; x_wconf 73' lang='grc' dir='ltr'>ἐφοίτων,</span> <span class='ocrx_word' id='word_1_627' title='bbox 3108 2373 3233 2447; x_wconf 74' lang='grc' dir='ltr'>ἔφη,</span> <span class='ocrx_word' id='word_1_628' title='bbox 3270 2373 3330 2426; x_wconf 82' lang='grc' dir='ltr'>τὸ</span> <span class='ocrx_word' id='word_1_629' title='bbox 3367 2372 3411 2426; x_wconf 83' lang='grc' dir='ltr'>δ’</span> <span class='ocrx_word' id='word_1_630' title='bbox 3427 2374 3527 2443; x_wconf 84' lang='grc' dir='ltr'><strong>οὐχ</strong></span> <span class='ocrx_word' id='word_1_631' title='bbox 3559 2371 3730 2434; x_wconf 79' lang='grc' dir='ltr'>οὕτως</span> 
     </span>
    </p>
   </div>
   <div class='ocr_carea' id='block_1_78' title="bbox 2162 2460 3730 2534">
    <p class='ocr_par' dir='ltr' id='par_1_78' title="bbox 2162 2460 3730 2534">
     <span class='ocr_line' id='line_1_79' title="bbox 2162 2460 3730 2534; baseline 0.001 -22"><span class='ocrx_word' id='word_1_632' title='bbox 2162 2481 2181 2512; x_wconf 83' lang='grc' dir='ltr'><strong>ι</strong></span> <span class='ocrx_word' id='word_1_633' title='bbox 2223 2461 2386 2533; x_wconf 80' lang='grc' dir='ltr'>ἔχειν,</span> <span class='ocrx_word' id='word_1_634' title='bbox 2419 2464 2469 2516; x_wconf 75' lang='grc' dir='ltr'>οἱ</span> <span class='ocrx_word' id='word_1_635' title='bbox 2509 2461 2577 2515; x_wconf 82' lang='grc' dir='ltr'>τὰ</span> <span class='ocrx_word' id='word_1_636' title='bbox 2606 2464 2976 2534; x_wconf 78' lang='grc' dir='ltr'>ὑπομνήματα</span> <span class='ocrx_word' id='word_1_637' title='bbox 3003 2464 3313 2534; x_wconf 65' lang='grc' dir='ltr'>γράψαντες</span> <span class='ocrx_word' id='word_1_638' title='bbox 3345 2462 3574 2532; x_wconf 73' lang='grc' dir='ltr'>ἔφασαν.</span> <span class='ocrx_word' id='word_1_639' title='bbox 3596 2460 3730 2514; x_wconf 77' lang='grc' dir='ltr'>Ἀλλ’</span> 
     </span>
    </p>
   </div>
   <div class='ocr_carea' id='block_1_79' title="bbox 2159 2553 3737 2626">
    <p class='ocr_par' dir='ltr' id='par_1_79' title="bbox 2159 2553 3737 2626">
     <span class='ocr_line' id='line_1_80' title="bbox 2159 2553 3737 2626; baseline 0.001 -21"><span class='ocrx_word' id='word_1_640' title='bbox 2159 2570 2182 2605; x_wconf 78' lang='grc' dir='ltr'><strong>ι</strong></span> <span class='ocrx_word' id='word_1_641' title='bbox 2215 2555 2401 2626; x_wconf 78' lang='grc' dir='ltr'>ἐπειδὴ</span> <span class='ocrx_word' id='word_1_642' title='bbox 2446 2555 2756 2626; x_wconf 82' lang='grc' dir='ltr'>Ἀθηναίους</span> <span class='ocrx_word' id='word_1_643' title='bbox 2788 2553 3104 2607; x_wconf 82' lang='grc' dir='ltr'>Σικελιῶται</span> <span class='ocrx_word' id='word_1_644' title='bbox 3137 2571 3301 2623; x_wconf 82' lang='grc' dir='ltr'>φασιν</span> <span class='ocrx_word' id='word_1_645' title='bbox 3339 2554 3561 2625; x_wconf 83' lang='grc' dir='ltr'>πολέμῳ</span> <span class='ocrx_word' id='word_1_646' title='bbox 3584 2555 3737 2625; x_wconf 80' lang='grc' dir='ltr'>νική-</span> 
     </span>
    </p>
   </div>
   <div class='ocr_carea' id='block_1_80' title="bbox 2161 2643 3738 2715">
    <p class='ocr_par' dir='ltr' id='par_1_80' title="bbox 2161 2643 3738 2715">
     <span class='ocr_line' id='line_1_81' title="bbox 2161 2643 3738 2715; baseline -0.001 -17"><span class='ocrx_word' id='word_1_647' title='bbox 2161 2664 2180 2697; x_wconf 87' lang='grc' dir='ltr'><strong>ι</strong></span> <span class='ocrx_word' id='word_1_648' title='bbox 2221 2662 2438 2708; x_wconf 86' lang='grc' dir='ltr'>σαντες,</span> <span class='ocrx_word' id='word_1_649' title='bbox 2489 2645 2681 2715; x_wconf 83' lang='grc' dir='ltr'>μόνους</span> <span class='ocrx_word' id='word_1_650' title='bbox 2721 2644 2924 2707; x_wconf 77' lang='grc' dir='ltr'>ἔσωζον</span> <span class='ocrx_word' id='word_1_651' title='bbox 2961 2645 3087 2707; x_wconf 85' lang='grc' dir='ltr'>τοὺς</span> <span class='ocrx_word' id='word_1_652' title='bbox 3131 2644 3377 2697; x_wconf 80' lang='grc' dir='ltr'>παιδείαν</span> <span class='ocrx_word' id='word_1_653' title='bbox 3422 2643 3738 2714; x_wconf 77' lang='grc' dir='ltr'>σκηπτομέρ</span> 
     </span>
    </p>
   </div>
   <div class='ocr_carea' id='block_1_81' title="bbox 2163 2734 3731 2802">
    <p class='ocr_par' dir='ltr' id='par_1_81' title="bbox 2163 2734 3731 2802">
     <span class='ocr_line' id='line_1_82' title="bbox 2163 2734 3731 2802; baseline 0.001 -16"><span class='ocrx_word' id='word_1_654' title='bbox 2163 2753 2183 2786; x_wconf 81' lang='grc' dir='ltr'><strong>ι</strong></span> <span class='ocrx_word' id='word_1_655' title='bbox 2215 2752 2359 2799; x_wconf 79' lang='grc' dir='ltr'>νους,</span> <span class='ocrx_word' id='word_1_656' title='bbox 2407 2734 2755 2800; x_wconf 82' lang='grc' dir='ltr'>διδασκάλους</span> <span class='ocrx_word' id='word_1_657' title='bbox 2807 2735 3002 2798; x_wconf 73' lang='grc' dir='ltr'>αὐτοὺς</span> <span class='ocrx_word' id='word_1_658' title='bbox 3047 2737 3163 2797; x_wconf 81' lang='grc' dir='ltr'>τοῖς</span> <span class='ocrx_word' id='word_1_659' title='bbox 3216 2736 3404 2787; x_wconf 77' lang='grc' dir='ltr'>παισὶν</span> <span class='ocrx_word' id='word_1_660' title='bbox 3465 2734 3691 2802; x_wconf 79' lang='grc' dir='ltr'>ἄγοντες</span> <span class='ocrx_word' id='word_1_661' title='bbox 3713 2774 3731 2801; x_wconf 91' lang='grc'><strong>,</strong></span> 
     </span>
    </p>
   </div>
   <div class='ocr_carea' id='block_1_82' title="bbox 2162 2824 3734 2895">
    <p class='ocr_par' dir='ltr' id='par_1_82' title="bbox 2162 2824 3734 2895">
     <span class='ocr_line' id='line_1_83' title="bbox 2162 2824 3734 2895; baseline 0.001 -17"><span class='ocrx_word' id='word_1_662' title='bbox 2162 2845 2181 2878; x_wconf 84' lang='grc' dir='ltr'><strong>ι</strong></span> <span class='ocrx_word' id='word_1_663' title='bbox 2216 2827 2342 2889; x_wconf 80' lang='grc' dir='ltr'>τοὺς</span> <span class='ocrx_word' id='word_1_664' title='bbox 2360 2826 2420 2879; x_wconf 81' lang='grc' dir='ltr'>δὲ</span> <span class='ocrx_word' id='word_1_665' title='bbox 2450 2826 2642 2889; x_wconf 81' lang='grc' dir='ltr'>ἄλλους</span> <span class='ocrx_word' id='word_1_666' title='bbox 2673 2828 2879 2889; x_wconf 84' lang='grc' dir='ltr'>πάντας</span> <span class='ocrx_word' id='word_1_667' title='bbox 2900 2827 3151 2895; x_wconf 80' lang='grc' dir='ltr'>ἐφόνευον</span> <span class='ocrx_word' id='word_1_668' title='bbox 3173 2842 3188 2859; x_wconf 83' lang='grc'><strong>’</strong></span> <span class='ocrx_word' id='word_1_669' title='bbox 3221 2825 3279 2892; x_wconf 73' lang='grc' dir='ltr'><strong>ἐξ</strong></span> <span class='ocrx_word' id='word_1_670' title='bbox 3305 2824 3482 2879; x_wconf 81' lang='grc' dir='ltr'>αὐτῶν</span> <span class='ocrx_word' id='word_1_671' title='bbox 3500 2825 3559 2878; x_wconf 81' lang='grc' dir='ltr'>δέ</span> <span class='ocrx_word' id='word_1_672' title='bbox 3579 2842 3734 2889; x_wconf 88' lang='grc' dir='ltr'>τινας</span> 
     </span>
    </p>
   </div>
   <div class='ocr_carea' id='block_1_83' title="bbox 2163 2915 3733 2989">
    <p class='ocr_par' dir='ltr' id='par_1_83' title="bbox 2163 2915 3733 2989">
     <span class='ocr_line' id='line_1_84' title="bbox 2163 2915 3733 2989; baseline 0 -22"><span class='ocrx_word' id='word_1_673' title='bbox 2163 2934 2181 2967; x_wconf 87' lang='grc' dir='ltr'><strong>ι</strong></span> <span class='ocrx_word' id='word_1_674' title='bbox 2224 2916 2515 2985; x_wconf 83' lang='grc' dir='ltr'>φυγόντας,</span> <span class='ocrx_word' id='word_1_675' title='bbox 2550 2917 2643 2970; x_wconf 76' lang='grc' dir='ltr'>καὶ</span> <span class='ocrx_word' id='word_1_676' title='bbox 2675 2916 3085 2983; x_wconf 71' lang='grc' dir='ltr'>ἐπανελθόντας,</span> <span class='ocrx_word' id='word_1_677' title='bbox 3118 2916 3501 2989; x_wconf 74' lang='grc' dir='ltr'>ἐρωτωμένους</span> <span class='ocrx_word' id='word_1_678' title='bbox 3540 2933 3599 2968; x_wconf 85' lang='grc' dir='ltr'><strong>τε</strong></span> <span class='ocrx_word' id='word_1_679' title='bbox 3639 2915 3733 2968; x_wconf 83' lang='grc' dir='ltr'><strong>ὑπ’</strong></span> 
     </span>
    </p>
   </div>
   <div class='ocr_carea' id='block_1_84' title="bbox 2163 3007 3737 3081">
    <p class='ocr_par' dir='ltr' id='par_1_84' title="bbox 2163 3007 3737 3081">
     <span class='ocr_line' id='line_1_85' title="bbox 2163 3007 3737 3081; baseline 0.004 -22"><span class='ocrx_word' id='word_1_680' title='bbox 2163 3025 2180 3058; x_wconf 86' lang='grc' dir='ltr'><strong>ι</strong></span> <span class='ocrx_word' id='word_1_681' title='bbox 2234 3007 2533 3079; x_wconf 72' lang='grc' dir='ltr'>Ἀθηναίων</span> <span class='ocrx_word' id='word_1_682' title='bbox 2565 3007 2693 3079; x_wconf 84' lang='grc' dir='ltr'>περί</span> <span class='ocrx_word' id='word_1_683' title='bbox 2717 3026 2877 3063; x_wconf 86' lang='grc' dir='ltr'>τινων</span> <span class='ocrx_word' id='word_1_684' title='bbox 2903 3010 3266 3081; x_wconf 82' lang='grc' dir='ltr'>διαφερόντων</span> <span class='ocrx_word' id='word_1_685' title='bbox 3298 3012 3499 3075; x_wconf 81' lang='grc' dir='ltr'>αὐτοῖς,</span> <span class='ocrx_word' id='word_1_686' title='bbox 3526 3011 3737 3081; x_wconf 75' lang='grc' dir='ltr'>ἔφασαν</span> 
     </span>
    </p>
   </div>
   <div class='ocr_carea' id='block_1_85' title="bbox 2163 3099 3734 3173">
    <p class='ocr_par' dir='ltr' id='par_1_85' title="bbox 2163 3099 3734 3173">
     <span class='ocr_line' id='line_1_86' title="bbox 2163 3099 3734 3173; baseline 0.003 -22"><span class='ocrx_word' id='word_1_687' title='bbox 2163 3118 2182 3151; x_wconf 86' lang='grc' dir='ltr'><strong>ι</strong></span> <span class='ocrx_word' id='word_1_688' title='bbox 2230 3099 2531 3171; x_wconf 75' lang='grc' dir='ltr'>εἰρηκέναι,</span> <span class='ocrx_word' id='word_1_689' title='bbox 2562 3100 2728 3155; x_wconf 70' lang='grc' dir='ltr'><strong>Ἀλλ’</strong></span> <span class='ocrx_word' id='word_1_690' title='bbox 2767 3101 2805 3168; x_wconf 84' lang='grc' dir='ltr'><strong>ἢ</strong></span> <span class='ocrx_word' id='word_1_691' title='bbox 2837 3101 3140 3169; x_wconf 74' lang='grc' dir='ltr'>τέθνηκεν,</span> <span class='ocrx_word' id='word_1_692' title='bbox 3170 3101 3208 3170; x_wconf 77' lang='grc' dir='ltr'>ἢ</span> <span class='ocrx_word' id='word_1_693' title='bbox 3230 3101 3501 3156; x_wconf 80' lang='grc' dir='ltr'>διδάσκει</span> <span class='ocrx_word' id='word_1_694' title='bbox 3551 3102 3734 3173; x_wconf 65' lang='grc' dir='ltr'>τεράμ-</span> 
     </span>
    </p>
   </div>
   <div class='ocr_carea' id='block_1_86' title="bbox 2163 3210 3735 3285">
    <p class='ocr_par' dir='ltr' id='par_1_86' title="bbox 2163 3210 3735 3285">
     <span class='ocr_line' id='line_1_87' title="bbox 2163 3210 3735 3285; baseline 0.003 -22"><span class='ocrx_word' id='word_1_695' title='bbox 2163 3229 2181 3261; x_wconf 85' lang='grc' dir='ltr'><strong>ι</strong></span> <span class='ocrx_word' id='word_1_696' title='bbox 2215 3210 2463 3282; x_wconf 81' lang='grc' dir='ltr'>ματα.Τί</span> <span class='ocrx_word' id='word_1_697' title='bbox 2478 3211 2535 3265; x_wconf 86' lang='grc' dir='ltr'>δὲ</span> <span class='ocrx_word' id='word_1_698' title='bbox 2552 3212 2644 3264; x_wconf 73' lang='grc' dir='ltr'>καὶ</span> <span class='ocrx_word' id='word_1_699' title='bbox 2660 3211 2721 3264; x_wconf 82' lang='grc' dir='ltr'>τὸ</span> <span class='ocrx_word' id='word_1_700' title='bbox 2736 3211 2864 3283; x_wconf 86' lang='grc'><strong>(86),</strong></span> <span class='ocrx_word' id='word_1_701' title='bbox 2882 3212 2991 3277; x_wconf 78' lang='grc' dir='ltr'><strong>Αἲξ</strong></span> <span class='ocrx_word' id='word_1_702' title='bbox 3004 3212 3120 3280; x_wconf 77' lang='grc' dir='ltr'><strong>τὴν</strong></span> <span class='ocrx_word' id='word_1_703' title='bbox 3127 3211 3446 3283; x_wconf 77' lang='grc' dir='ltr'>μάχαιραν,</span> <span class='ocrx_word' id='word_1_704' title='bbox 3465 3216 3735 3285; x_wconf 81' lang='grc' dir='ltr'>νομίσειεν</span> 
     </span>
    </p>
   </div>
   <div class='ocr_carea' id='block_1_87' title="bbox 2164 3299 3733 3373">
    <p class='ocr_par' dir='ltr' id='par_1_87' title="bbox 2164 3299 3733 3373">
     <span class='ocr_line' id='line_1_88' title="bbox 2164 3299 3733 3373; baseline 0.002 -20"><span class='ocrx_word' id='word_1_705' title='bbox 2164 3321 2182 3353; x_wconf 86' lang='grc' dir='ltr'><strong>ι</strong></span> <span class='ocrx_word' id='word_1_706' title='bbox 2227 3301 2291 3355; x_wconf 73' lang='grc' dir='ltr'>ἄν</span> <span class='ocrx_word' id='word_1_707' title='bbox 2332 3319 2415 3365; x_wconf 86' lang='grc' dir='ltr'><strong>τις</strong></span> <span class='ocrx_word' id='word_1_708' title='bbox 2462 3301 2548 3353; x_wconf 80' lang='grc' dir='ltr'><strong>ἴνα</strong></span> <span class='ocrx_word' id='word_1_709' title='bbox 2586 3299 2664 3353; x_wconf 85' lang='grc' dir='ltr'><strong>θῶ</strong></span> <span class='ocrx_word' id='word_1_710' title='bbox 2697 3301 2959 3372; x_wconf 86' lang='grc' dir='ltr'>πρότερον</span> <span class='ocrx_word' id='word_1_711' title='bbox 2992 3300 3057 3353; x_wconf 85' lang='grc' dir='ltr'>τὰ</span> <span class='ocrx_word' id='word_1_712' title='bbox 3091 3301 3220 3372; x_wconf 74' lang='grc' dir='ltr'>περὶ</span> <span class='ocrx_word' id='word_1_713' title='bbox 3260 3302 3430 3372; x_wconf 78' lang='grc' dir='ltr'>αὐτῆς</span> <span class='ocrx_word' id='word_1_714' title='bbox 3465 3302 3733 3373; x_wconf 83' lang='grc' dir='ltr'>λεγόμενα</span> 
     </span>
    </p>
   </div>
   <div class='ocr_carea' id='block_1_88' title="bbox 2164 3387 3733 3463">
    <p class='ocr_par' dir='ltr' id='par_1_88' title="bbox 2164 3387 3733 3463">
     <span class='ocr_line' id='line_1_89' title="bbox 2164 3387 3733 3463; baseline 0.003 -22"><span class='ocrx_word' id='word_1_715' title='bbox 2164 3410 2182 3441; x_wconf 82' lang='grc' dir='ltr'><strong>ι</strong></span> <span class='ocrx_word' id='word_1_716' title='bbox 2226 3392 2445 3455; x_wconf 86' lang='grc' dir='ltr'>πάντως</span> <span class='ocrx_word' id='word_1_717' title='bbox 2479 3408 2603 3453; x_wconf 89' lang='grc' dir='ltr'>που,</span> <span class='ocrx_word' id='word_1_718' title='bbox 2638 3390 2726 3444; x_wconf 86' lang='grc' dir='ltr'><strong>διὰ</strong></span> <span class='ocrx_word' id='word_1_719' title='bbox 2774 3389 2877 3460; x_wconf 85' lang='grc' dir='ltr'><strong>(τὸ)</strong></span> <span class='ocrx_word' id='word_1_720' title='bbox 2925 3391 3024 3461; x_wconf 84' lang='grc' dir='ltr'>τὴν</span> <span class='ocrx_word' id='word_1_721' title='bbox 3064 3390 3329 3462; x_wconf 82' lang='grc' dir='ltr'>θυομένην</span> <span class='ocrx_word' id='word_1_722' title='bbox 3362 3387 3491 3460; x_wconf 77' lang='grc' dir='ltr'>αἶγα</span> <span class='ocrx_word' id='word_1_723' title='bbox 3526 3394 3605 3456; x_wconf 84' lang='grc' dir='ltr'><strong>είς</strong></span> <span class='ocrx_word' id='word_1_724' title='bbox 3638 3393 3733 3463; x_wconf 81' lang='grc' dir='ltr'>τὴν</span> 
     </span>
    </p>
   </div>
   <div class='ocr_carea' id='block_1_89' title="bbox 2162 3483 3728 3556">
    <p class='ocr_par' dir='ltr' id='par_1_89' title="bbox 2162 3483 3728 3556">
     <span class='ocr_line' id='line_1_90' title="bbox 2162 3483 3728 3556; baseline 0.001 -21"><span class='ocrx_word' id='word_1_725' title='bbox 2162 3501 2182 3535; x_wconf 87' lang='grc' dir='ltr'><strong>ι</strong></span> <span class='ocrx_word' id='word_1_726' title='bbox 2225 3485 2496 3554; x_wconf 83' lang='grc' dir='ltr'>μάχαιραν</span> <span class='ocrx_word' id='word_1_727' title='bbox 2527 3484 2756 3556; x_wconf 75' lang='grc' dir='ltr'>ἀφορᾷν,</span> <span class='ocrx_word' id='word_1_728' title='bbox 2800 3483 3050 3556; x_wconf 78' lang='grc' dir='ltr'>εἰρῆσθαι</span> <span class='ocrx_word' id='word_1_729' title='bbox 3101 3484 3199 3554; x_wconf 82' lang='grc' dir='ltr'>τὴν</span> <span class='ocrx_word' id='word_1_730' title='bbox 3245 3484 3559 3555; x_wconf 87' lang='grc' dir='ltr'>παροιμίαν.</span> <span class='ocrx_word' id='word_1_731' title='bbox 3594 3483 3728 3537; x_wconf 80' lang='grc' dir='ltr'>Ἀλλ’</span> 
     </span>
    </p>
   </div>
   <div class='ocr_carea' id='block_1_90' title="bbox 2162 3575 3722 3648">
    <p class='ocr_par' dir='ltr' id='par_1_90' title="bbox 2162 3575 3722 3648">
     <span class='ocr_line' id='line_1_91' title="bbox 2162 3575 3722 3648; baseline 0 -21"><span class='ocrx_word' id='word_1_732' title='bbox 2162 3596 2180 3627; x_wconf 78' lang='grc' dir='ltr'><strong>ι</strong></span> <span class='ocrx_word' id='word_1_733' title='bbox 2223 3577 2284 3630; x_wconf 80' lang='grc' dir='ltr'>οὐ</span> <span class='ocrx_word' id='word_1_734' title='bbox 2316 3575 2461 3639; x_wconf 85' lang='grc' dir='ltr'>τινὲς</span> <span class='ocrx_word' id='word_1_735' title='bbox 2490 3576 2636 3629; x_wconf 79' lang='grc' dir='ltr'>τοῦτ’</span> <span class='ocrx_word' id='word_1_736' title='bbox 2670 3576 2876 3645; x_wconf 74' lang='grc' dir='ltr'>ἔφασαν</span> <span class='ocrx_word' id='word_1_737' title='bbox 2903 3578 2952 3629; x_wconf 79' lang='grc' dir='ltr'>οἱ</span> <span class='ocrx_word' id='word_1_738' title='bbox 2988 3575 3236 3629; x_wconf 80' lang='grc' dir='ltr'>παλαιοί·</span> <span class='ocrx_word' id='word_1_739' title='bbox 3258 3576 3380 3628; x_wconf 83' lang='grc' dir='ltr'>οὐδὲ</span> <span class='ocrx_word' id='word_1_740' title='bbox 3405 3575 3508 3648; x_wconf 84' lang='grc' dir='ltr'><strong>γὰρ</strong></span> <span class='ocrx_word' id='word_1_741' title='bbox 3536 3591 3722 3645; x_wconf 87' lang='grc' dir='ltr'>παροι-</span> 
     </span>
    </p>
   </div>
   <div class='ocr_carea' id='block_1_91' title="bbox 2162 3662 3726 3739">
    <p class='ocr_par' dir='ltr' id='par_1_91' title="bbox 2162 3662 3726 3739">
     <span class='ocr_line' id='line_1_92' title="bbox 2162 3662 3726 3739; baseline 0 -21"><span class='ocrx_word' id='word_1_742' title='bbox 2162 3686 2181 3718; x_wconf 82' lang='grc' dir='ltr'><strong>ι</strong></span> <span class='ocrx_word' id='word_1_743' title='bbox 2221 3667 2318 3739; x_wconf 84' lang='grc' dir='ltr'><strong>μία</strong></span> <span class='ocrx_word' id='word_1_744' title='bbox 2347 3662 2415 3738; x_wconf 81' lang='grc' dir='ltr'>ἦν</span> <span class='ocrx_word' id='word_1_745' title='bbox 2444 3667 2509 3720; x_wconf 85' lang='grc' dir='ltr'>ἂν</span> <span class='ocrx_word' id='word_1_746' title='bbox 2535 3669 2567 3738; x_wconf 79' lang='grc' dir='ltr'>ὴ</span> <span class='ocrx_word' id='word_1_747' title='bbox 2600 3667 2867 3738; x_wconf 85' lang='grc' dir='ltr'>λεχθεῖσα,</span> <span class='ocrx_word' id='word_1_748' title='bbox 2892 3667 3006 3735; x_wconf 76' lang='grc' dir='ltr'>εἴγε</span> <span class='ocrx_word' id='word_1_749' title='bbox 3027 3667 3173 3720; x_wconf 78' lang='grc' dir='ltr'>τοῦθ’</span> <span class='ocrx_word' id='word_1_750' title='bbox 3197 3667 3368 3732; x_wconf 73' lang='grc' dir='ltr'>οὕτως</span> <span class='ocrx_word' id='word_1_751' title='bbox 3390 3664 3517 3737; x_wconf 74' lang='grc' dir='ltr'>εἶχε,</span> <span class='ocrx_word' id='word_1_752' title='bbox 3547 3665 3726 3736; x_wconf 82' lang='grc' dir='ltr'>(τοῦτο</span> 
     </span>
    </p>
   </div>
   <div class='ocr_carea' id='block_1_92' title="bbox 2162 3755 3726 3830">
    <p class='ocr_par' dir='ltr' id='par_1_92' title="bbox 2162 3755 3726 3830">
     <span class='ocr_line' id='line_1_93' title="bbox 2162 3755 3726 3830; baseline 0 -20"><span class='ocrx_word' id='word_1_753' title='bbox 2162 3779 2180 3810; x_wconf 77' lang='grc' dir='ltr'><strong>ι</strong></span> <span class='ocrx_word' id='word_1_754' title='bbox 2215 3758 2325 3830; x_wconf 84' lang='grc' dir='ltr'><strong>γὰρ</strong></span> <span class='ocrx_word' id='word_1_755' title='bbox 2376 3758 2665 3812; x_wconf 78' lang='grc' dir='ltr'>ἀκόλουθον</span> <span class='ocrx_word' id='word_1_756' title='bbox 2713 3755 2779 3830; x_wconf 77' lang='grc' dir='ltr'>ἦν</span> <span class='ocrx_word' id='word_1_757' title='bbox 2830 3761 2894 3813; x_wconf 85' lang='grc' dir='ltr'>ὲκ</span> <span class='ocrx_word' id='word_1_758' title='bbox 2936 3760 3042 3812; x_wconf 81' lang='grc' dir='ltr'>τῶν</span> <span class='ocrx_word' id='word_1_759' title='bbox 3098 3759 3432 3830; x_wconf 81' lang='grc' dir='ltr'>φαινομένων</span> <span class='ocrx_word' id='word_1_760' title='bbox 3483 3756 3726 3829; x_wconf 81' lang='grc' dir='ltr'>ὲννοεῖν,)</span> 
     </span>
    </p>
   </div>
   <div class='ocr_carea' id='block_1_93' title="bbox 2162 3848 3732 3925">
    <p class='ocr_par' dir='ltr' id='par_1_93' title="bbox 2162 3848 3732 3925">
     <span class='ocr_line' id='line_1_94' title="bbox 2162 3848 3732 3925; baseline -0.001 -24"><span class='ocrx_word' id='word_1_761' title='bbox 2162 3869 2179 3901; x_wconf 88' lang='grc' dir='ltr'><strong>ι</strong></span> <span class='ocrx_word' id='word_1_762' title='bbox 2221 3849 2337 3904; x_wconf 77' lang='grc' dir='ltr'>ἀλλ’</span> <span class='ocrx_word' id='word_1_763' title='bbox 2366 3851 2459 3903; x_wconf 71' lang='grc' dir='ltr'><strong>ἐπὶ</strong></span> <span class='ocrx_word' id='word_1_764' title='bbox 2496 3850 2603 3903; x_wconf 81' lang='grc' dir='ltr'><strong>τῶν</strong></span> <span class='ocrx_word' id='word_1_765' title='bbox 2634 3852 2845 3915; x_wconf 77' lang='grc' dir='ltr'>ἑαυτοῖς</span> <span class='ocrx_word' id='word_1_766' title='bbox 2878 3852 3023 3905; x_wconf 83' lang='grc' dir='ltr'>κακὰ</span> <span class='ocrx_word' id='word_1_767' title='bbox 3056 3850 3454 3925; x_wconf 77' lang='grc' dir='ltr'>προξενούντων</span> <span class='ocrx_word' id='word_1_768' title='bbox 3483 3848 3732 3920; x_wconf 78' lang='grc' dir='ltr'>εἰρῆσθαι</span> 
     </span>
    </p>
   </div>
   <div class='ocr_carea' id='block_1_94' title="bbox 2162 3954 3732 4029">
    <p class='ocr_par' dir='ltr' id='par_1_94' title="bbox 2162 3954 3732 4029">
     <span class='ocr_line' id='line_1_95' title="bbox 2162 3954 3732 4029; baseline 0.001 -21"><span class='ocrx_word' id='word_1_769' title='bbox 2162 3974 2181 4007; x_wconf 87' lang='grc' dir='ltr'><strong>ι</strong></span> <span class='ocrx_word' id='word_1_770' title='bbox 2223 3955 2379 4009; x_wconf 84' lang='grc' dir='ltr'>τοῦτό</span> <span class='ocrx_word' id='word_1_771' title='bbox 2430 3973 2582 4027; x_wconf 84' lang='grc' dir='ltr'>φασι.</span> <span class='ocrx_word' id='word_1_772' title='bbox 2628 3957 2763 4010; x_wconf 77' lang='grc' dir='ltr'>Φασὶ</span> <span class='ocrx_word' id='word_1_773' title='bbox 2820 3957 2929 4029; x_wconf 79' lang='grc' dir='ltr'>γὰρ</span> <span class='ocrx_word' id='word_1_774' title='bbox 2971 3958 3213 4028; x_wconf 82' lang='grc' dir='ltr'>Μηδείαν</span> <span class='ocrx_word' id='word_1_775' title='bbox 3263 3961 3320 4012; x_wconf 82' lang='grc' dir='ltr'>ὲν</span> <span class='ocrx_word' id='word_1_776' title='bbox 3371 3955 3619 4029; x_wconf 74' lang='grc' dir='ltr'>Κορίνθῳ</span> <span class='ocrx_word' id='word_1_777' title='bbox 3663 3954 3732 4009; x_wconf 78' lang='grc' dir='ltr'><strong>τὰ</strong></span> 
     </span>
    </p>
   </div>
   <div class='ocr_carea' id='block_1_95' title="bbox 2162 4060 3735 4133">
    <p class='ocr_par' dir='ltr' id='par_1_95' title="bbox 2162 4060 3735 4133">
     <span class='ocr_line' id='line_1_96' title="bbox 2162 4060 3735 4133; baseline -0.001 -19"><span class='ocrx_word' id='word_1_778' title='bbox 2162 4082 2180 4114; x_wconf 86' lang='grc' dir='ltr'><strong>ι</strong></span> <span class='ocrx_word' id='word_1_779' title='bbox 2218 4061 2387 4116; x_wconf 80' lang='grc' dir='ltr'>τέκνα</span> <span class='ocrx_word' id='word_1_780' title='bbox 2432 4062 2829 4116; x_wconf 85' lang='grc' dir='ltr'>ἀποκτείνασαν</span> <span class='ocrx_word' id='word_1_781' title='bbox 2851 4102 2867 4126; x_wconf 91' lang='grc'><strong>,</strong></span> <span class='ocrx_word' id='word_1_782' title='bbox 2925 4061 3273 4133; x_wconf 75' lang='grc' dir='ltr'>κατακρύψαι</span> <span class='ocrx_word' id='word_1_783' title='bbox 3308 4061 3408 4132; x_wconf 82' lang='grc' dir='ltr'>τὴν</span> <span class='ocrx_word' id='word_1_784' title='bbox 3459 4060 3735 4132; x_wconf 85' lang='grc' dir='ltr'>μάχαιραν</span> 
     </span>
    </p>
   </div>
   <div class='ocr_carea' id='block_1_96' title="bbox 2165 4165 3737 4239">
    <p class='ocr_par' dir='ltr' id='par_1_96' title="bbox 2165 4165 3737 4239">
     <span class='ocr_line' id='line_1_97' title="bbox 2165 4165 3737 4239; baseline -0.001 -21"><span class='ocrx_word' id='word_1_785' title='bbox 2165 4184 2184 4217; x_wconf 86' lang='grc' dir='ltr'><strong>ι</strong></span> <span class='ocrx_word' id='word_1_786' title='bbox 2224 4166 2430 4220; x_wconf 80' lang='grc' dir='ltr'>αὐτόθι.</span> <span class='ocrx_word' id='word_1_787' title='bbox 2478 4168 2615 4231; x_wconf 83' lang='grc' dir='ltr'>Τοὺς</span> <span class='ocrx_word' id='word_1_788' title='bbox 2646 4168 2703 4220; x_wconf 82' lang='grc' dir='ltr'>δὲ</span> <span class='ocrx_word' id='word_1_789' title='bbox 2739 4166 3079 4239; x_wconf 81' lang='grc' dir='ltr'>Κορινθίους,</span> <span class='ocrx_word' id='word_1_790' title='bbox 3116 4167 3256 4222; x_wconf 88' lang='grc' dir='ltr'>κατὰ</span> <span class='ocrx_word' id='word_1_791' title='bbox 3282 4166 3525 4239; x_wconf 76' lang='grc' dir='ltr'>χρησμὸν</span> <span class='ocrx_word' id='word_1_792' title='bbox 3557 4165 3737 4229; x_wconf 79' lang='grc' dir='ltr'>αὐτοῖς</span> 
     </span>
    </p>
   </div>
   <div class='ocr_carea' id='block_1_97' title="bbox 2086 4247 3736 4345">
    <p class='ocr_par' dir='ltr' id='par_1_97' title="bbox 2086 4247 3736 4345">
     <span class='ocr_line' id='line_1_98' title="bbox 2086 4247 3736 4345; baseline -0.001 -20"><span class='ocrx_word' id='word_1_793' title='bbox 2086 4247 2130 4302; x_wconf 77' lang='lat' dir='ltr'><strong>D</strong></span> <span class='ocrx_word' id='word_1_794' title='bbox 2165 4291 2184 4325; x_wconf 82' lang='lat' dir='ltr'><strong>t</strong></span> <span class='ocrx_word' id='word_1_795' title='bbox 2222 4272 2466 4338; x_wconf 78' lang='grc' dir='ltr'>δοθέντα,</span> <span class='ocrx_word' id='word_1_796' title='bbox 2496 4270 2633 4342; x_wconf 72' lang='grc' dir='ltr'>αἶγα</span> <span class='ocrx_word' id='word_1_797' title='bbox 2673 4274 2928 4345; x_wconf 76' lang='grc' dir='ltr'>μέλαιναν</span> <span class='ocrx_word' id='word_1_798' title='bbox 2965 4273 3329 4342; x_wconf 68' lang='grc' dir='ltr'>ἐναγίζοντας,</span> <span class='ocrx_word' id='word_1_799' title='bbox 3373 4274 3598 4345; x_wconf 83' lang='grc' dir='ltr'>ἀπορεῖν</span> <span class='ocrx_word' id='word_1_800' title='bbox 3626 4288 3736 4343; x_wconf 80' lang='grc' dir='ltr'>μα-</span> 
     </span>
    </p>
   </div>
   <div class='ocr_carea' id='block_1_98' title="bbox 2169 4376 3738 4454">
    <p class='ocr_par' dir='ltr' id='par_1_98' title="bbox 2169 4376 3738 4454">
     <span class='ocr_line' id='line_1_99' title="bbox 2169 4376 3738 4454; baseline -0.002 -21"><span class='ocrx_word' id='word_1_801' title='bbox 2169 4400 2188 4433; x_wconf 84' lang='grc' dir='ltr'><strong>ι</strong></span> <span class='ocrx_word' id='word_1_802' title='bbox 2225 4381 2438 4454; x_wconf 84' lang='grc' dir='ltr'>χαίρας.</span> <span class='ocrx_word' id='word_1_803' title='bbox 2484 4381 2595 4453; x_wconf 82' lang='grc' dir='ltr'><strong>Τὴν</strong></span> <span class='ocrx_word' id='word_1_804' title='bbox 2636 4380 2694 4435; x_wconf 81' lang='grc' dir='ltr'>δὲ</span> <span class='ocrx_word' id='word_1_805' title='bbox 2738 4376 2889 4449; x_wconf 78' lang='grc' dir='ltr'>αἶγα,</span> <span class='ocrx_word' id='word_1_806' title='bbox 2940 4377 3272 4434; x_wconf 84' lang='grc' dir='ltr'>σκάλλουσαν</span> <span class='ocrx_word' id='word_1_807' title='bbox 3320 4379 3399 4450; x_wconf 82' lang='grc' dir='ltr'><strong>τῷ</strong></span> <span class='ocrx_word' id='word_1_808' title='bbox 3449 4377 3570 4432; x_wconf 67' lang='grc' dir='ltr'>ποδὶ</span> <span class='ocrx_word' id='word_1_809' title='bbox 3599 4377 3738 4447; x_wconf 84' lang='grc'><strong>(87),</strong></span> 
     </span>
    </p>
   </div>
   <div class='ocr_carea' id='block_1_99' title="bbox 2156 4690 3739 4760">
    <p class='ocr_par' dir='ltr' id='par_1_99' title="bbox 2156 4690 3739 4760">
     <span class='ocr_line' id='line_1_100' title="bbox 2156 4690 3739 4760; baseline -0.006 -5"><span class='ocrx_word' id='word_1_810' title='bbox 2156 4714 2266 4755; x_wconf 86' lang='lat' dir='ltr'><strong>non</strong></span> <span class='ocrx_word' id='word_1_811' title='bbox 2299 4697 2399 4753; x_wconf 83' lang='lat' dir='ltr'><strong>sibi</strong></span> <span class='ocrx_word' id='word_1_812' title='bbox 2420 4695 2653 4751; x_wconf 87' lang='lat' dir='ltr'><strong>debitos.</strong></span> <span class='ocrx_word' id='word_1_813' title='bbox 2673 4694 2806 4748; x_wconf 89' lang='lat' dir='ltr'><strong>Nam</strong></span> <span class='ocrx_word' id='word_1_814' title='bbox 2831 4694 2915 4749; x_wconf 91' lang='lat' dir='ltr'><strong>vel</strong></span> <span class='ocrx_word' id='word_1_815' title='bbox 2941 4692 3122 4760; x_wconf 82' lang='lat' dir='ltr'><strong>pueris</strong></span> <span class='ocrx_word' id='word_1_816' title='bbox 3138 4690 3494 4746; x_wconf 85' lang='lat' dir='ltr'><strong>infnrmandis</strong></span> <span class='ocrx_word' id='word_1_817' title='bbox 3512 4702 3739 4757; x_wconf 80' lang='lat' dir='ltr'><strong>vacare,</strong></span> 
     </span>
    </p>
   </div>
   <div class='ocr_carea' id='block_1_100' title="bbox 2157 4760 3742 4835">
    <p class='ocr_par' dir='ltr' id='par_1_100' title="bbox 2157 4760 3742 4835">
     <span class='ocr_line' id='line_1_101' title="bbox 2157 4760 3742 4835; baseline -0.004 -13"><span class='ocrx_word' id='word_1_818' title='bbox 2157 4771 2242 4825; x_wconf 86' lang='lat' dir='ltr'><strong>vel</strong></span> <span class='ocrx_word' id='word_1_819' title='bbox 2280 4767 2639 4835; x_wconf 88' lang='lat' dir='ltr'><strong>inediaperire</strong></span> <span class='ocrx_word' id='word_1_820' title='bbox 2666 4774 2898 4834; x_wconf 82' lang='lat' dir='ltr'><strong>Oportet.</strong></span> <span class='ocrx_word' id='word_1_821' title='bbox 2938 4763 2988 4818; x_wconf 87' lang='lat' dir='ltr'><strong>M</strong></span> <span class='ocrx_word' id='word_1_822' title='bbox 3012 4795 3081 4804; x_wconf 90' lang='lat'><strong>——-</strong></span> <span class='ocrx_word' id='word_1_823' title='bbox 3103 4762 3222 4816; x_wconf 80' lang='lat' dir='ltr'><strong>Mox</strong></span> <span class='ocrx_word' id='word_1_824' title='bbox 3243 4762 3400 4835; x_wconf 78' lang='lat' dir='ltr'><strong>vulgo</strong></span> <span class='ocrx_word' id='word_1_825' title='bbox 3425 4760 3742 4835; x_wconf 69' lang='grc' dir='ltr'>ὲδιδάσκετῦ</span> 
     </span>
    </p>
   </div>
   <div class='ocr_carea' id='block_1_101' title="bbox 2158 4831 3663 4907">
    <p class='ocr_par' dir='ltr' id='par_1_101' title="bbox 2158 4831 3663 4907">
     <span class='ocr_line' id='line_1_102' title="bbox 2158 4831 3663 4907; baseline -0.01 -10"><span class='ocrx_word' id='word_1_826' title='bbox 2158 4852 2214 4897; x_wconf 83' lang='lat' dir='ltr'><strong>ct</strong></span> <span class='ocrx_word' id='word_1_827' title='bbox 2240 4841 2358 4894; x_wconf 88' lang='grc' dir='ltr'>Σικ.</span> <span class='ocrx_word' id='word_1_828' title='bbox 2385 4831 2565 4907; x_wconf 80' lang='grc' dir='ltr'>νικήσ.</span> <span class='ocrx_word' id='word_1_829' title='bbox 2588 4831 2790 4907; x_wconf 45' lang='grc' dir='ltr'>πολλοὶ</span> <span class='ocrx_word' id='word_1_830' title='bbox 2816 4835 3118 4907; x_wconf 75' lang='grc' dir='ltr'>φεύγοντας</span> <span class='ocrx_word' id='word_1_831' title='bbox 3142 4845 3196 4887; x_wconf 87' lang='lat' dir='ltr'><strong>et</strong></span> <span class='ocrx_word' id='word_1_832' title='bbox 3221 4848 3329 4907; x_wconf 77' lang='lat' dir='ltr'><strong>om.</strong></span> <span class='ocrx_word' id='word_1_833' title='bbox 3351 4831 3663 4907; x_wconf 75' lang='grc' dir='ltr'>εἰρηκέναι.</span> 
     </span>
    </p>
   </div>
   <div class='ocr_carea' id='block_1_102' title="bbox 2231 4903 3742 4980">
    <p class='ocr_par' dir='ltr' id='par_1_102' title="bbox 2231 4903 3742 4980">
     <span class='ocr_line' id='line_1_103' title="bbox 2231 4903 3742 4980; baseline -0.007 -17"><span class='ocrx_word' id='word_1_834' title='bbox 2231 4909 2343 4980; x_wconf 82' lang='grc'><strong>(86)</strong></span> <span class='ocrx_word' id='word_1_835' title='bbox 2376 4903 2625 4975; x_wconf 67' lang='grc' dir='ltr'>Αῖξτὴν</span> <span class='ocrx_word' id='word_1_836' title='bbox 2651 4903 2975 4980; x_wconf 63' lang='grc' dir='ltr'>μάχαιραν.</span> <span class='ocrx_word' id='word_1_837' title='bbox 3014 4905 3194 4980; x_wconf 65' lang='lat' dir='ltr'><strong>Locus</strong></span> <span class='ocrx_word' id='word_1_838' title='bbox 3222 4903 3360 4980; x_wconf 79' lang='lat' dir='ltr'><strong>haud</strong></span> <span class='ocrx_word' id='word_1_839' title='bbox 3401 4915 3602 4961; x_wconf 87' lang='lat' dir='ltr'><strong>sanus;</strong></span> <span class='ocrx_word' id='word_1_840' title='bbox 3635 4914 3742 4970; x_wconf 83' lang='lat' dir='ltr'><strong>ego</strong></span> 
     </span>
    </p>
   </div>
   <div class='ocr_carea' id='block_1_103' title="bbox 2163 4972 3741 5045">
    <p class='ocr_par' dir='ltr' id='par_1_103' title="bbox 2163 4972 3741 5045">
     <span class='ocr_line' id='line_1_104' title="bbox 2163 4972 3741 5045; baseline -0.008 -10"><span class='ocrx_word' id='word_1_841' title='bbox 2163 4972 2272 5035; x_wconf 82' lang='lat' dir='ltr'><strong>non</strong></span> <span class='ocrx_word' id='word_1_842' title='bbox 2312 4972 2850 5040; x_wconf 30' lang='lat' dir='ltr'><strong>restituo,‘ve&#39;rti&quot;ut&#39;</strong></span> <span class='ocrx_word' id='word_1_843' title='bbox 2877 4977 3047 5045; x_wconf 90' lang='lat' dir='ltr'><strong>potui,</strong></span> <span class='ocrx_word' id='word_1_844' title='bbox 3096 4975 3190 5027; x_wconf 87' lang='lat' dir='ltr'><strong>sed</strong></span> <span class='ocrx_word' id='word_1_845' title='bbox 3225 4972 3478 5045; x_wconf 77' lang='lat' dir='ltr'><strong>mihimet</strong></span> <span class='ocrx_word' id='word_1_846' title='bbox 3506 4987 3616 5045; x_wconf 80' lang='lat' dir='ltr'><strong>non</strong></span> <span class='ocrx_word' id='word_1_847' title='bbox 3649 4985 3741 5023; x_wconf 83' lang='lat' dir='ltr'><strong>sa-</strong></span> 
     </span>
    </p>
   </div>
   <div class='ocr_carea' id='block_1_104' title="bbox 2160 5042 3741 5112">
    <p class='ocr_par' dir='ltr' id='par_1_104' title="bbox 2160 5042 3741 5112">
     <span class='ocr_line' id='line_1_105' title="bbox 2160 5042 3741 5112; baseline -0.005 -11"><span class='ocrx_word' id='word_1_848' title='bbox 2160 5048 2358 5104; x_wconf 76' lang='lat' dir='ltr'><strong>tisfeci.</strong></span> <span class='ocrx_word' id='word_1_849' title='bbox 2400 5047 2629 5110; x_wconf 81' lang='lat' dir='ltr'><strong>Nedum,</strong></span> <span class='ocrx_word' id='word_1_850' title='bbox 2668 5047 2802 5111; x_wconf 90' lang='lat' dir='ltr'><strong>scio,</strong></span> <span class='ocrx_word' id='word_1_851' title='bbox 2853 5042 2992 5101; x_wconf 84' lang='lat' dir='ltr'><strong>aliis.</strong></span> <span class='ocrx_word' id='word_1_852' title='bbox 3044 5045 3220 5112; x_wconf 87' lang='lat' dir='ltr'><strong>Ipsum</strong></span> <span class='ocrx_word' id='word_1_853' title='bbox 3269 5042 3741 5112; x_wconf 32' lang='lat' dir='ltr'><strong>proverbiumhet</strong></span> 
     </span>
    </p>
   </div>
   <div class='ocr_carea' id='block_1_105' title="bbox 2159 5109 3742 5186">
    <p class='ocr_par' dir='ltr' id='par_1_105' title="bbox 2159 5109 3742 5186">
     <span class='ocr_line' id='line_1_106' title="bbox 2159 5109 3742 5186; baseline -0.006 -14"><span class='ocrx_word' id='word_1_854' title='bbox 2159 5119 2398 5186; x_wconf 89' lang='lat' dir='ltr'><strong>aliunde,</strong></span> <span class='ocrx_word' id='word_1_855' title='bbox 2427 5125 2482 5172; x_wconf 89' lang='lat' dir='ltr'><strong>et</strong></span> <span class='ocrx_word' id='word_1_856' title='bbox 2521 5109 2807 5171; x_wconf 15' lang='lat' dir='ltr'><strong>bic’etiani</strong></span> <span class='ocrx_word' id='word_1_857' title='bbox 2858 5109 3364 5186; x_wconf 13' lang='lat' dir='ltr'><strong>satisiliquet;_sed</strong></span> <span class='ocrx_word' id='word_1_858' title='bbox 3406 5109 3742 5186; x_wconf 55' lang='lat' dir='ltr'><strong>illaaspoddt-</strong></span> 
     </span>
    </p>
   </div>
   <div class='ocr_carea' id='block_1_106' title="bbox 2159 5180 3743 5256">
    <p class='ocr_par' dir='ltr' id='par_1_106' title="bbox 2159 5180 3743 5256">
     <span class='ocr_line' id='line_1_107' title="bbox 2159 5180 3743 5256; baseline -0.005 -14"><span class='ocrx_word' id='word_1_859' title='bbox 2159 5205 2253 5253; x_wconf 84' lang='grc' dir='ltr'><strong>κα,</strong></span> <span class='ocrx_word' id='word_1_860' title='bbox 2286 5180 2395 5242; x_wconf 67' lang='grc' dir='ltr'><strong>ηοιῖ</strong></span> <span class='ocrx_word' id='word_1_861' title='bbox 2418 5201 2740 5256; x_wconf 81' lang='lat' dir='ltr'><strong>magnopere</strong></span> <span class='ocrx_word' id='word_1_862' title='bbox 2766 5186 2831 5239; x_wconf 89' lang='lat' dir='ltr'><strong>ad</strong></span> <span class='ocrx_word' id='word_1_863' title='bbox 2857 5201 2968 5256; x_wconf 80' lang='lat' dir='ltr'><strong>rt-tn</strong></span> <span class='ocrx_word' id='word_1_864' title='bbox 2996 5180 3219 5237; x_wconf 78' lang='lat' dir='ltr'><strong>faciunt.</strong></span> <span class='ocrx_word' id='word_1_865' title='bbox 3247 5181 3298 5256; x_wconf 67' lang='lat' dir='ltr'><strong>bl</strong></span> <span class='ocrx_word' id='word_1_866' title='bbox 3317 5209 3384 5218; x_wconf 97' lang='lat'><strong>—</strong></span> <span class='ocrx_word' id='word_1_867' title='bbox 3419 5180 3549 5256; x_wconf 88' lang='lat' dir='ltr'><strong>D_ein</strong></span> <span class='ocrx_word' id='word_1_868' title='bbox 3575 5180 3743 5251; x_wconf 76' lang='lat' dir='ltr'><strong>vulgo</strong></span> 
     </span>
    </p>
   </div>
   <div class='ocr_carea' id='block_1_107' title="bbox 2158 5250 3484 5331">
    <p class='ocr_par' dir='ltr' id='par_1_107' title="bbox 2158 5250 3484 5331">
     <span class='ocr_line' id='line_1_108' title="bbox 2158 5250 3484 5331; baseline -0.006 -19"><span class='ocrx_word' id='word_1_869' title='bbox 2158 5250 2411 5331; x_wconf 81' lang='grc' dir='ltr'>εἰρῆσθαι</span> <span class='ocrx_word' id='word_1_870' title='bbox 2439 5250 2750 5331; x_wconf 45' lang='lat' dir='ltr'><strong>pip/abet?»</strong></span> <span class='ocrx_word' id='word_1_871' title='bbox 2789 5266 2843 5310; x_wconf 91' lang='lat' dir='ltr'><strong>et</strong></span> <span class='ocrx_word' id='word_1_872' title='bbox 2871 5254 3376 5331; x_wconf 40' lang='grc' dir='ltr'>πάντωνιθικξεεει</span> <span class='ocrx_word' id='word_1_873' title='bbox 3402 5250 3484 5304; x_wconf 84' lang='grc' dir='ltr'><strong>τό.</strong></span> 
     </span>
    </p>
   </div>
   <div class='ocr_carea' id='block_1_108' title="bbox 2232 5317 3742 5398">
    <p class='ocr_par' dir='ltr' id='par_1_108' title="bbox 2232 5317 3742 5398">
     <span class='ocr_line' id='line_1_109' title="bbox 2232 5317 3742 5398; baseline -0.007 -16"><span class='ocrx_word' id='word_1_874' title='bbox 2232 5317 2343 5398; x_wconf 77' lang='grc'><strong>(87)</strong></span> <span class='ocrx_word' id='word_1_875' title='bbox 2371 5317 2634 5398; x_wconf 56' lang='grc' dir='ltr'>Μὴδείας</span> <span class='ocrx_word' id='word_1_876' title='bbox 2661 5317 2959 5394; x_wconf 61' lang='grc' dir='ltr'><strong>ἀνίευρεῖν.</strong></span> <span class='ocrx_word' id='word_1_877' title='bbox 2987 5324 3124 5398; x_wconf 68' lang='lat' dir='ltr'><strong>Quid</strong></span> <span class='ocrx_word' id='word_1_878' title='bbox 3155 5323 3218 5398; x_wconf 81' lang='lat' dir='ltr'><strong>_si</strong></span> <span class='ocrx_word' id='word_1_879' title='bbox 3247 5320 3489 5398; x_wconf 81' lang='lat' dir='ltr'><strong>legamus</strong></span> <span class='ocrx_word' id='word_1_880' title='bbox 3517 5317 3742 5391; x_wconf 78' lang='grc' dir='ltr'>ἀνορύτ-</span> 
     </span>
    </p>
   </div>
   <div class='ocr_carea' id='block_1_109' title="bbox 2159 5390 3737 5468">
    <p class='ocr_par' dir='ltr' id='par_1_109' title="bbox 2159 5390 3737 5468">
     <span class='ocr_line' id='line_1_110' title="bbox 2159 5390 3737 5468; baseline -0.007 -14"><span class='ocrx_word' id='word_1_881' title='bbox 2159 5390 2472 5468; x_wconf 59' lang='grc' dir='ltr'>τεινῖὶψυιὶ</span> <span class='ocrx_word' id='word_1_882' title='bbox 2491 5390 2711 5468; x_wconf 63' lang='lat' dir='ltr'><strong>Sintiam</strong></span> <span class='ocrx_word' id='word_1_883' title='bbox 2745 5390 2958 5468; x_wconf 70' lang='lat' dir='ltr'><strong>legitur,</strong></span> <span class='ocrx_word' id='word_1_884' title='bbox 2981 5391 3073 5458; x_wconf 78' lang='grc' dir='ltr'><strong>αἲξ</strong></span> <span class='ocrx_word' id='word_1_885' title='bbox 3092 5391 3256 5468; x_wconf 76' lang='grc' dir='ltr'>δοῦσα</span> <span class='ocrx_word' id='word_1_886' title='bbox 3278 5391 3375 5468; x_wconf 81' lang='grc' dir='ltr'>τὴν</span> <span class='ocrx_word' id='word_1_887' title='bbox 3413 5390 3693 5468; x_wconf 74' lang='grc' dir='ltr'>μάχαιραν</span> <span class='ocrx_word' id='word_1_888' title='bbox 3719 5405 3737 5419; x_wconf 76' lang='grc' dir='ltr'><strong>ο</strong></span> 
     </span>
    </p>
   </div>
   <div class='ocr_carea' id='block_1_110' title="bbox 2154 5462 3741 5535">
    <p class='ocr_par' dir='ltr' id='par_1_110' title="bbox 2154 5462 3741 5535">
     <span class='ocr_line' id='line_1_111' title="bbox 2154 5462 3741 5535; baseline -0.007 -11"><span class='ocrx_word' id='word_1_889' title='bbox 2154 5473 2315 5533; x_wconf 82' lang='lat' dir='ltr'><strong>male,</strong></span> <span class='ocrx_word' id='word_1_890' title='bbox 2356 5462 2475 5523; x_wconf 76' lang='lat' dir='ltr'><strong>dele</strong></span> <span class='ocrx_word' id='word_1_891' title='bbox 2526 5466 2691 5521; x_wconf 78' lang='grc' dir='ltr'>δοῦσα</span> <span class='ocrx_word' id='word_1_892' title='bbox 2747 5462 2822 5530; x_wconf 74' lang='grc' dir='ltr'>ὡς</span> <span class='ocrx_word' id='word_1_893' title='bbox 2860 5463 3053 5535; x_wconf 64' lang='lat' dir='ltr'><strong>(nemo;</strong></span> <span class='ocrx_word' id='word_1_894' title='bbox 3107 5462 3585 5535; x_wconf 76' lang='lat' dir='ltr'><strong>redundant_ista,</strong></span> <span class='ocrx_word' id='word_1_895' title='bbox 3636 5475 3741 5514; x_wconf 85' lang='lat' dir='ltr'><strong>nec</strong></span> 
     </span>
    </p>
   </div>
   <div class='ocr_carea' id='block_1_111' title="bbox 2155 5531 3734 5603">
    <p class='ocr_par' dir='ltr' id='par_1_111' title="bbox 2155 5531 3734 5603">
     <span class='ocr_line' id='line_1_112' title="bbox 2155 5531 3734 5603; baseline -0.008 -9"><span class='ocrx_word' id='word_1_896' title='bbox 2155 5531 2396 5594; x_wconf 30' lang='lat' dir='ltr'><strong>sunt—hic</strong></span> <span class='ocrx_word' id='word_1_897' title='bbox 2436 5539 2767 5591; x_wconf 79' lang='lat' dir='ltr'><strong>necessaria.</strong></span> <span class='ocrx_word' id='word_1_898' title='bbox 2808 5531 2938 5602; x_wconf 64' lang='lat' dir='ltr'><strong>Quae</strong></span> <span class='ocrx_word' id='word_1_899' title='bbox 2986 5542 3311 5603; x_wconf 83' lang='lat' dir='ltr'><strong>sequuntur,</strong></span> <span class='ocrx_word' id='word_1_900' title='bbox 3340 5531 3534 5585; x_wconf 84' lang='lat' dir='ltr'><strong>vitiosa</strong></span> <span class='ocrx_word' id='word_1_901' title='bbox 3564 5540 3734 5594; x_wconf 88' lang='lat' dir='ltr'><strong>sunt;</strong></span> 
     </span>
    </p>
   </div>
   <div class='ocr_carea' id='block_1_112' title="bbox 2156 5603 3739 5687">
    <p class='ocr_par' dir='ltr' id='par_1_112' title="bbox 2156 5603 3739 5687">
     <span class='ocr_line' id='line_1_113' title="bbox 2156 5603 3739 5687; baseline -0.008 -24"><span class='ocrx_word' id='word_1_902' title='bbox 2156 5610 2298 5665; x_wconf 80' lang='lat' dir='ltr'><strong>forte</strong></span> <span class='ocrx_word' id='word_1_903' title='bbox 2353 5603 3291 5687; x_wconf 23' lang='lat' dir='ltr'><strong>legendum,_slpn.pévq;,‘xat:rlva</strong></span> <span class='ocrx_word' id='word_1_904' title='bbox 3318 5619 3378 5654; x_wconf 89' lang='grc' dir='ltr'><strong>π.</strong></span> <span class='ocrx_word' id='word_1_905' title='bbox 3411 5616 3466 5687; x_wconf 82' lang='grc' dir='ltr'><strong>α.</strong></span> <span class='ocrx_word' id='word_1_906' title='bbox 3492 5616 3570 5687; x_wconf 46' lang='grc' dir='ltr'><strong>γε,</strong></span> <span class='ocrx_word' id='word_1_907' title='bbox 3600 5611 3739 5687; x_wconf 45' lang='grc' dir='ltr'>δια,</span> 
     </span>
    </p>
   </div>
   <div class='ocr_carea' id='block_1_113' title="bbox 2158 5674 3743 5752">
    <p class='ocr_par' dir='ltr' id='par_1_113' title="bbox 2158 5674 3743 5752">
     <span class='ocr_line' id='line_1_114' title="bbox 2158 5674 3743 5752; baseline -0.004 -21"><span class='ocrx_word' id='word_1_908' title='bbox 2158 5695 2268 5752; x_wconf 83' lang='grc' dir='ltr'>μνη</span> <span class='ocrx_word' id='word_1_909' title='bbox 2276 5674 2554 5752; x_wconf 49' lang='lat' dir='ltr'><strong>pavebant,</strong></span> <span class='ocrx_word' id='word_1_910' title='bbox 2571 5677 2661 5730; x_wconf 87' lang='grc' dir='ltr'>ἶνα</span> <span class='ocrx_word' id='word_1_911' title='bbox 2674 5674 2970 5752; x_wconf 67' lang='grc' dir='ltr'>Ἀστέριον,</span> <span class='ocrx_word' id='word_1_912' title='bbox 2987 5685 3042 5730; x_wconf 89' lang='lat' dir='ltr'><strong>et</strong></span> <span class='ocrx_word' id='word_1_913' title='bbox 3056 5674 3239 5729; x_wconf 88' lang='lat' dir='ltr'><strong>statim</strong></span> <span class='ocrx_word' id='word_1_914' title='bbox 3255 5674 3662 5752; x_wconf 55' lang='lat' dir='ltr'><strong>apogmwbym</strong></span> <span class='ocrx_word' id='word_1_915' title='bbox 3680 5680 3743 5750; x_wconf 71' lang='lat' dir='ltr'><strong>et.</strong></span> 
     </span>
    </p>
   </div>
   <div class='ocr_carea' id='block_1_114' title="bbox 2160 5739 3739 5816">
    <p class='ocr_par' dir='ltr' id='par_1_114' title="bbox 2160 5739 3739 5816">
     <span class='ocr_line' id='line_1_115' title="bbox 2160 5739 3739 5816; baseline -0.007 -12"><span class='ocrx_word' id='word_1_916' title='bbox 2160 5739 2620 5816; x_wconf 62' lang='grc' dir='ltr'>κατασκευάζειν,</span> <span class='ocrx_word' id='word_1_917' title='bbox 2649 5749 2726 5803; x_wconf 88' lang='lat' dir='ltr'><strong>ait</strong></span> <span class='ocrx_word' id='word_1_918' title='bbox 2753 5739 3052 5811; x_wconf 75' lang='lat' dir='ltr'><strong>Asicrium,</strong></span> <span class='ocrx_word' id='word_1_919' title='bbox 3119 5739 3470 5802; x_wconf 64' lang='lat' dir='ltr'><strong>sa&#39;cularibus</strong></span> <span class='ocrx_word' id='word_1_920' title='bbox 3531 5739 3739 5796; x_wconf 81' lang='lat' dir='ltr'><strong>litteris</strong></span> 
     </span>
    </p>
   </div>
  </div>
