4088 6378
371 372 474 427 Ἶιιὸ

1495 368 1777 426 CONTRA
1817 369 2244 427 MARCELLUM
2288 371 2416 428 LIB.
2459 371 2499 426 l.

3504 389 3610 443 746

379 515 395 543 1
436 512 532 552 την
588 491 824 564 Μηδείας
868 493 1114 566 ἀνευρεῖν
1156 494 1462 565 μάχαιραν,
1518 493 1610 547 καὶ
1661 493 1794 564 αὐτῇ
1848 513 1928 547 τυ-

2054 513 2071 545 1
2116 506 2318 549 terrain
2345 509 2543 551 erueus
2566 534 2580 559 ,
2615 495 2764 551 illum
2797 497 3110 555 Medeanum
3139 502 3445 575 detegebat,
3506 524 3616 580 quo

377 592 402 635 <
444 586 621 638 (HF/ut.

456 594 468 636 .‘
510 600 541 635 τι
609 627 621 637 .

456 594 672 729 ιηΤῗιδὲ
703 675 783 738 τὸ,
811 676 981 741 Ἅλις
1026 674 1224 744 δρυὸς,
1259 675 1543 747 σημαίνεις
1572 674 1704 745 φησί
1742 690 1846 738 τις·
1882 676 1941 728 οὐ

384 784 404 817 ‹
444 766 552 837 γὰρ
582 768 804 821 δυνατὸν
836 768 901 821 ἐκ
920 766 1014 820 τοῦ
1039 768 1325 839 προχείρου
1345 765 1667 837 γιγνώσκειν
1682 767 1782 838 τὴν
1803 783 1942 834 παρ-

386 874 406 906 1
443 858 641 927 οιμίαν.
673 860 735 911 0i
770 859 1009 925 παλαιοὶ,
1039 860 1113 923 ὡς
1140 860 1367 929 ἔφασαν,
1406 858 1511 930 πρὸ
1541 859 1640 929 τῆς
1674 859 1768 911 τοῦ
1796 859 1940 911 σίτου

386 967 404 998 1
443 950 736 1020 γεωργίας,
788 950 1312 1021 βαλανηφαγοῦντες,
1348 951 1555 1021 ἐπειδὴ.
1587 950 1661 1013 ὼς
1691 950 1879 1020 ᾤοντο,
1914 953 1942 1002 ὁ

379 1058 400 1090 1
442 1043 650 1111 καρπὸς
676 1035 833 1108 οὗτος
862 1043 1085 1117 ὕστερον
1116 1044 1335 1116 εὑρέθη,
1371 1044 1561 1115 ἐκείνῳ
1587 1042 1941 1115 προσέχοντες

380 1149 397 1181 1
436 1131 529 1184 τὸν
575 1133 697 1187 νοῦν
738 1135 830 1188 καὶ
869 1138 934 1207 τῇ
985 1136 1253 1208 μεταϐολῇ
1295 1135 1744 1207 προσχαίροντες,
1782 1135 1943 1197 ’Ἅλις

379 1238 398 1269 1
439 1222 642 1290 δρυὸς,
679 1224 886 1295 ἔλεγον.
931 1228 1039 1281 Καὶ
1071 1227 1227 1281 τοῦτο
1267 1227 1364 1299 τὴν
1411 1224 1706 1297 παροιμίαν
1738 1224 1941 1294 ἔφασαν

377 1329 398 1361 1
435 1309 593 1368 εἶναι.
634 1311 797 1380 Αὖθίς
841 1334 899 1370 τε
944 1318 1135 1390 ἐτέρας
1174 1317 1501 1388 παροιμίας,
1547 1316 1650 1369 ὑπὸ
1679 1315 1943 1369 πλείστων

378 1422 400 1456 1
438 1406 547 1459 τῶν
576 1410 703 1481 παρ’
734 1411 916 1475 αὐτοῖς
945 1411 1122 1481 σοφῶν
1154 1414 1212 1465 ἐν
1242 1411 1511 1474 πλείστοις
1544 1410 1638 1463 καὶ
1668 1410 1942 1481 διαφόροις

377 1511 400 1546 1
438 1495 660 1565 βιϐλίοις
700 1501 1014 1573 εἰρημένης,
1050 1503 1171 1556 τίνα
1222 1502 1348 1573 περὶ
1387 1501 1553 1572 αὐτῆς
1583 1502 1939 1573 γεγράφασιν,

377 1604 398 1637 1
435 1588 484 1639 οί
525 1589 624 1653 τὰς
658 1593 955 1663 παροιμίας
1000 1592 1329 1666 ἑρμηνεῦσαι
1373 1594 1740 1665 προελόμενοι,
1777 1594 1941 1661 ἀναγ-

375 1697 395 1729 1
437 1683 589 1734 καῖον
631 1682 743 1755 (88)
790 1685 848 1739 ἐν
892 1685 969 1756 τῷ
1009 1686 1231 1758 παρόντι
1267 1686 1650 1758 μνημονεῦσαι.
1694 1686 1829 1739 Ἀλλ’
1876 1688 1939 1739 ἵν’

373 1788 394 1821 1
429 1772 735 1846 έλέγξωμεν
774 1777 1068 1849 Ἀστέριον,
1118 1779 1211 1832 καὶ
1240 1779 1347 1831 ἀπὸ
1392 1778 1498 1832 τῶν
1544 1778 1740 1844 ἔξωθεν
1780 1780 1939 1834 αὑτὸν

372 1881 391 1913 1
437 1866 773 1937 μαθημάτων
806 1870 981 1924 εἰδότα
1020 1872 1116 1941 μὲν
1157 1871 1399 1943 ἀκριϐῶς
1426 1874 1487 1925 τὸ
1517 1873 1616 1944 τῆς
1644 1875 1940 1945 παροιμίας

371 1973 390 2006 1
428 1958 719 2030 ἐξαίρετον,
742 1963 799 2017 ὲν
821 1962 878 2016 δὲ
897 1962 974 2034 τῷ
995 1964 1220 2034 παρόντι
1246 1964 1469 2032 ἄγνοιαν
1485 1966 1938 2036 προσποιηθέντα,

370 2065 391 2099 1
432 2048 517 2103 ἵνα
554 2051 615 2103 τὸ
661 2052 853 2106 ἑαυτοῦ
891 2052 1136 2125 βούλημα
1169 2054 1259 2107 διὰ
1284 2056 1382 2124 τῆς
1415 2053 1509 2108 τοῦ
1541 2053 1941 2125 παροιμιώδους

370 2158 389 2191 1
429 2143 592 2213 ῥητοῦ
632 2147 878 2215 χρήσεως
905 2145 1142 2208 πιθανῶς
1165 2143 1593 2207 κατασκευάζειν
1616 2145 1761 2218 δόξῃ.
1786 2147 1939 2199 Ἐστι

370 2242 388 2275 1
428 2225 507 2293 δὲ,
541 2230 825 2283 Γλαύκου
856 2230 1059 2299 τέχνη·
1082 2230 1285 2302 ταύτης
1321 2234 1369 2284 οί
1402 2230 1599 2295 ἔξωθεν
1644 2235 1796 2303 σοφοὶ
1840 2234 1939 2303 τῆς

366 2336 389 2367 1
429 2321 725 2390 παροιμίας
756 2322 1227 2392 μνημονεύσαντες
1251 2324 1522 2395 διαφόρως
1553 2324 1719 2395 αὐτὴν
1744 2323 1940 2397 ἐξηγή-

370 2428 389 2459 1
428 2427 606 2465 σαντο.
655 2413 713 2465 '0
750 2414 849 2483 μὲν
891 2413 999 2486 γὰρ
1036 2414 1213 2467 αὐτῶν
1253 2432 1335 2478 τις
1369 2414 1471 2485 ἔφη
1493 2456 1507 2480 ,
1550 2415 1790 2469 Γλαῦκόν
1819 2434 1937 2470 τινα

369 2520 388 2552 1
430 2503 768 2574 ἐπιστήμονα
798 2505 993 2575 τέχνης
1022 2504 1164 2569 τινὸς
1206 2504 1485 2574 γεγονότα,
1527 2506 1735 2560 πολλῶν
1771 2504 1937 2561 οὖσαν

369 2611 387 2643 1
427 2593 902 2666 θαυμασιωτάτην,
936 2596 1227 2652 ἀπολέσθαι
1265 2599 1380 2669 ἅμα
1402 2597 1537 2669 (88⁶)
1568 2599 1760 2671 ἐκείνῳ
1799 2601 1937 2654 κατά

369 2705 387 2735 1
429 2686 717 2753 θάλατταν,
751 2690 973 2761 μηδενός
1003 2708 1088 2743 πω
1111 2690 1459 2764 διακηκοότος
1492 2692 1680 2762 αὐτῆς.
1713 2692 1934 2762 Ἕτερος

365 2796 388 2828 1
425 2778 502 2841 δὲ,
534 2779 631 2851 τὴν
656 2781 740 2833 ἐπ’
768 2783 935 2854 ἄκρον
970 2783 1236 2854 μουσικῆς
1266 2784 1555 2855 ἐμπειρίαν
1578 2785 1933 2857 μαρτυρήσας

364 2885 386 2918 1
422 2866 500 2937 τῷ
549 2869 802 2941 Γλαύκῳ,
856 2873 983 2935 τοὺς
1036 2872 1577 2937 κατασκευασθέντας
1624 2874 1718 2927 ὑπ’
1767 2873 1930 2928 αὑτοῦ

366 2975 386 3007 1
428 2957 643 3023 δίσκους
687 2960 916 3031 χαλκοῦς
960 2978 1090 3032 φησι
1136 2961 1425 3033 τέσσαρας,
1454 2961 1589 3035 πρὸς
1610 2961 1672 3014 τὸ
1717 2962 1930 3033 ἐμμελῆ

365 3065 385 3098 ‹
426 3066 546 3103 τινα
578 3051 676 3121 τῆς
722 3051 996 3124 κρούσεως
1038 3052 1136 3125 τὴν
1173 3054 1490 3124 συμφωνίαν
1530 3053 1639 3107 τῶν
1680 3054 1931 3124 φθόγγων

360 3158 384 3191 1
425 3142 733 3196 ἀποτελεῖν·
772 3144 922 3199 ένθεν
953 3162 1012 3198 τε
1046 3145 1293 3217 εἰρῆσθαι
1321 3146 1420 3218 τὴν
1452 3146 1773 3218 παροιμίαν.
1800 3145 1929 3199 Ἀλ-
1958 3183 1997 3239 C

363 3249 383 3282 1
423 3231 512 3295 λος
558 3234 615 3286 δέ
657 3252 740 3299 τις
792 3236 1155 3290 Ἀλυαττικῶν
1202 3237 1559 3308 άναθεμάτων
1597 3238 1760 3308 φησὶν
1800 3240 1928 3293 άνα-

358 3341 382 3373 1
422 3323 633 3376 κεῖσθαι
680 3325 932 3397 κρατῆρα
980 3329 1075 3381 καὶ
1132 3328 1533 3401 ὑποκρατήριον
1588 3327 1925 3399 θαυμάσιον,

362 3434 382 3467 1
426 3414 666 3469 Γλαύκου
701 3415 833 3469 Χίου
862 3416 1091 3488 ποίημα.
1138 3418 1362 3488 ’Έτερος
1388 3418 1466 3481 δὲ,
1500 3417 1737 3472 Γλαῦκον
1766 3420 1927 3473 αὐτὸν

360 3524 381 3558 1
420 3508 694 3562 ἀναθεῖναι
719 3511 799 3572 είς
839 3509 1074 3579 Δελφοὺς
1098 3510 1329 3581 τρίποδα
1366 3510 1620 3582 χαλκοῦν,
1653 3509 1797 3565 οὕτω
1827 3511 1925 3583 δη-

361 3619 378 3650 1
418 3603 823 3674 μιουργήσαντα
864 3604 978 3665 τοῖς
1020 3602 1238 3674 παχέως
1281 3620 1340 3655 τε
1406 3603 1765 3675 κρουομένου,
1800 3605 1927 3668 τούς

358 3712 377 3743 1
414 3710 474 3745 τε
503 3693 687 3758 πόδας,
734 3694 819 3765 ἐφ’
867 3686 945 3748 ὧν
978 3693 1199 3767 βέϐηκε,
1259 3697 1352 3749 καὶ
1395 3697 1489 3750 τὸν
1530 3695 1643 3750 ἄνω
1682 3698 1926 3768 περικεί-

358 3803 378 3834 1
418 3802 594 3855 μενον,
628 3787 721 3839 καὶ
751 3788 851 3859 τὴν
880 3788 1148 3859 στεφάνην
1185 3787 1283 3859 τὴν
1311 3790 1404 3842 ἐπὶ
1438 3790 1532 3843 τοῦ
1557 3789 1800 3862 λέϐητος,
1828 3792 1924 3845 καὶ

355 3895 377 3926 1
413 3877 511 3939 τὰς
563 3878 786 3948 ῥάϐδους
825 3879 913 3933 διὰ
961 3879 1125 3950 μέσου
1169 3880 1535 3951 τεταγμένας,
1590 3880 1921 3951 φθέγγεσθαι

357 3984 377 4017 1
414 3966 579 4038 λύρας
612 3972 780 4040 φωνῇ.
815 3971 924 4022 Καὶ
952 3965 1107 4033 αὖθις
1136 3971 1342 4042 ἕτερος,
1372 3972 1479 4025 ἀπὸ
1508 3971 1747 4026 Γλαύκου
1778 3973 1921 4037 τινὸς

354 4077 375 4109 1
418 4059 663 4127 δόξαντός
704 4080 756 4114 τι
791 4061 950 4115 πλέον
981 4063 1333 4134 πεποιηκέναι
1357 4064 1609 4135 εἰρῆσθαι
1648 4065 1746 4137 τὴν
1780 4084 1920 4138 παρ-

354 4170 375 4202 1
414 4154 617 4223 οιμίαν.

422 4469 441 4502 1
486 4451 646 4522 Ὁρᾷς
668 4451 799 4522 (89),
830 4453 978 4517 ὅπως
1003 4453 1065 4507 τὸ
1090 4454 1347 4526 δυσχερὲς
1372 4455 1473 4527 τῆς
1497 4461 1791 4528 παροιμίας
1822 4461 1915 4514 καὶ

2052 606 2068 637 1
2108 586 2509 641 immolabatur.

2120 696 2138 729 1
2174 677 2406 747 Atpquid
2431 677 2533 732 hoc
2565 678 2665 733 sibi
2696 678 2830 745 vult,
2854 681 3061 751 inquiet
3082 684 3300 755 aliquis,
3326 686 3399 742 De
3418 706 3613 759 quercu

2051 788 2069 818 1
2109 769 2275 822 satis?
2295 768 2409 823 Non
2438 780 2522 824 est
2552 769 2711 825 facile
2733 774 2902 827 cuivis
2924 776 3116 832 obvius
3144 777 3367 846 hujusce
3388 796 3610 850 prover-

2050 880 2068 909 1
2112 860 2182 914 bii
2232 876 2441 917 sensus.
2480 861 2649 917 Prisci
2694 863 2767 917 illi
2815 868 3106 933 quondam,
3157 880 3283 926 ante
3314 873 3607 943 agricultu-

2053 968 2069 997 1
2120 965 2231 1002 rant
2286 952 2655 1019 adinventam,
2687 952 2974 1024 glandibus
3021 962 3396 1020 vescebantur.
3450 964 3608 1021 Post-

2051 1061 2066 1091 1
2110 1058 2270 1111 quam
2322 1059 2452 1099 vero
2499 1044 2682 1116 fruges
2754 1048 3002 1118 deinceps
3068 1055 3338 1122 prodiere,
3372 1059 3609 1125 animum

2053 1152 2068 1183 1
2118 1133 2266 1187 hisee
2323 1135 2656 1204 applicantes
2710 1139 2959 1194 dixerunt
3010 1142 3294 1211 Oblectati,
3332 1147 3407 1203 De
3454 1166 3611 1219 quer-

2052 1248 2067 1275 1
2112 1242 2175 1279 cu
2203 1229 2351 1279 satis.
2406 1229 2580 1298 Atque
2644 1230 2781 1285 hunc
2834 1248 2952 1288 esse
3008 1246 3240 1303 mentem
3287 1251 3343 1294 et
3393 1256 3606 1299 senten-

2052 1334 2067 1364 1
2111 1317 2238 1369 tiam
2307 1321 2574 1387 proverbii
2644 1323 2947 1390 prodidere.
3022 1324 3254 1385 Necesse
3320 1346 3497 1390 autem
3556 1340 3610 1394 in

2052 1425 2069 1455 1
2107 1411 2353 1476 praesenti
2411 1411 2708 1477 habemus,
2777 1415 3003 1471 alterius
3060 1419 3335 1486 cujusdam
3391 1443 3613 1495 prover-

2049 1519 2067 1550 1
2109 1503 2177 1555 bii
2233 1504 2557 1558 mentionem
2601 1506 2779 1560 facere
2812 1548 2827 1572 ,
2874 1512 3017 1577 quod
3075 1513 3127 1566 in
3191 1515 3376 1573 multis
3433 1531 3488 1574 et
3536 1523 3613 1576 di-

2053 1611 2070 1642 1
2109 1596 2280 1649 versis
2308 1598 2625 1653 auctoribus
2670 1599 2875 1654 Graecis
2930 1604 3187 1661 habetur:
3212 1620 3264 1663 et
3291 1612 3419 1679 quid
3447 1616 3610 1671 etiam

2051 1703 2069 1734 1
2109 1686 2172 1740 de
2234 1688 2423 1742 eodem
2498 1690 2571 1744 illi
2642 1695 2921 1747 memoria!
2980 1699 3287 1765 prodidere.
3353 1703 3470 1759 Non
3541 1710 3613 1766 ob

2049 1795 2066 1826 1
2108 1776 2266 1832 aliam
2293 1795 2530 1841 causam.
2568 1799 2727 1851 quam
2778 1795 2835 1837 ut
2885 1788 3157 1843 Asterium
3190 1796 3498 1852 convictum
3531 1809 3613 1856 tea

2050 1887 2067 1920 1
2108 1866 2329 1925 neainus
2358 1890 2372 1925 :
2401 1874 2513 1941 qui,
2547 1890 2691 1941 cum,
2740 1891 2847 1944 qua
2878 1888 2960 1932 est
3005 1883 3310 1939 eruditione
3352 1889 3611 1956 praeditus

2050 1980 2068 2011 1
2103 1964 2371 2029 saeculari,
2398 1967 2752 2033 proverbialis
2773 1973 3055 2027 sententiae
3082 1981 3447 2043 praestantiam
3483 1998 3608 2043 cum

2049 2071 2064 2102 1
2104 2055 2294 2121 primis
2323 2055 2609 2126 intelligat,
2641 2058 2692 2111 in
2730 2066 2980 2129 praesenti
3017 2074 3197 2122 tamen
3232 2070 3375 2127 illius
3410 2091 3519 2143 pra:
3549 2094 3608 2133 se

2047 2158 2065 2191 1
2107 2141 2211 2195 fert
2242 2144 2636 2213 ignorantiam,
2687 2158 2742 2201 ut
2773 2164 2870 2217 per
2900 2153 3025 2206 dicti
3065 2155 3206 2212 illius
3251 2141 3609 2229 proverbialis

2047 2250 2065 2281 1
2105 2248 2257 2285 usuin
2285 2249 2439 2289 suam
2473 2235 2646 2304 ipsius
2667 2239 3001 2295 voluntatem
3042 2256 3097 2300 et
3119 2253 3443 2308 sententiam
3482 2271 3605 2323 pro-

2046 2342 2064 2373 1
2106 2324 2354 2381 babiliter
2380 2336 2627 2383 astruere
2648 2331 2916 2387 videatur.
2944 2333 3042 2391 Est
3066 2349 3244 2396 autem
3272 2343 3418 2411 illud,
3439 2345 3604 2403 Glau-

2047 2434 2063 2465 1
2101 2415 2147 2467 ci
2170 2433 2260 2470 ars
2285 2457 2301 2481 ,
2331 2418 2483 2486 cujus
2510 2434 2634 2474 cum
2662 2426 3007 2480 meminerint
3041 2432 3238 2486 eruditi
3286 2438 3426 2504 apud
3454 2439 3603 2495 Grie-

2044 2525 2062 2556 1
2098 2522 2192 2562 cos
2233 2510 2388 2563 inulti
2413 2548 2430 2575 ,
2471 2512 2716 2569 diversas
2748 2516 3051 2574 retulerunt
3102 2522 3597 2594 interpretationes.

2046 2617 2063 2648 1
2104 2604 2162 2662 >11
2192 2598 2291 2655 Est
2327 2603 2472 2657 enim
2496 2605 2588 2671 qui
2636 2605 2812 2672 docet,
2841 2608 3106 2667 Glaucum
3141 2617 3418 2674 exstitisse
3459 2626 3597 2680 artis

2042 2706 2062 2738 1
2099 2688 2376 2758 cujusdam
2406 2693 2645 2750 maxime
2675 2699 2916 2753 omnium
2962 2702 3295 2763 admirandae
3332 2713 3599 2780 peritissi-

2042 2798 2059 2830 1
2099 2796 2265 2849 mum,
2292 2798 2396 2837 una
2419 2799 2537 2839 cum
2566 2795 2685 2842 arte
2721 2805 2818 2844 sua
2849 2791 3156 2861 interiisse,
3186 2800 3321 2855 mari
3350 2804 3601 2862 submer-

2039 2892 2058 2924 1
2095 2887 2212 2927 sum
2237 2914 2253 2939 ,
2280 2875 2411 2930 nulli
2440 2891 2664 2946 prorsus
2693 2880 2967 2951 impertita
2994 2884 3235 2954 ejusdem
3269 2896 3595 2964 cognitione.

2041 2984 2059 3016 1
2092 2966 2244 3023 Alius
2264 2969 2652 3037 peritissimum
2683 2974 2915 3029 musices
2948 2978 3221 3034 exstitisse
3251 2981 3436 3051 docet,
3457 2992 3598 3045 etab

2040 3078 2057 3110 1
2096 3072 2162 3116 eo
2200 3060 2380 3116 discos
2432 3076 2602 3119 aereos
2629 3074 2864 3133 quatuor
2887 3066 3095 3126 affabre
3127 3078 3481 3145 compositos,
3532 3092 3601 3137 ut

2039 3169 2057 3202 1
2097 3151 2289 3222 pulsati
2343 3155 2634 3223 quamdam
2686 3158 3060 3229 symphoniam
3116 3179 3250 3222 sono
3311 3184 3601 3229 numerose

2038 3262 2055 3293 1
2093 3245 2356 3304 ederent:
2418 3255 2582 3316 atque
2650 3248 2777 3305 hinc
2849 3255 3191 3320 proverbium
3254 3273 3592 3332 usurpatum.

2037 3354 2055 3385 1
2095 3332 2354 3398 Tertius,
2411 3339 2552 3393 inter
2624 3338 2766 3395 dona
2826 3340 3098 3414 Halyattis
3171 3348 3305 3420 Lydi
3372 3353 3597 3425 Delphis

2036 3442 2053 3474 1
2094 3426 2334 3480 oblatum
2360 3469 2375 3491 ,
2422 3434 2477 3482 et.
2516 3428 2750 3486 mirandi
2793 3436 2974 3503 operis
3030 3439 3346 3498 subcratera
3403 3462 3594 3515 quem-

2036 3534 2054 3567 1
2092 3519 2234 3584 dam,
2301 3517 2491 3574 Glauci
2558 3520 2676 3577 Cbii
2762 3540 2919 3594 opus.
2981 3528 3263 3599 Quartus,
3324 3536 3586 3597 Glaucum

2036 3626 2053 3658 1
2091 3609 2263 3677 ipsum
2305 3611 2522 3682 Delphis
2552 3615 2819 3674 obtulisse
2844 3632 3034 3676 narrat
3058 3637 3263 3681 teneam
3296 3630 3587 3700 tripodem,

2033 3718 2052 3750 1
2090 3700 2164 3754 ita
2188 3700 2540 3759 fabrefactam
2563 3746 2580 3771 ,
2620 3717 2679 3762 ut
2719 3710 2891 3780 siquis
2930 3716 3254 3774 crassiorem
3284 3721 3336 3776 in
3370 3725 3586 3781 modum

2031 3811 2049 3841 1
2083 3794 2327 3848 eamdem
2376 3796 2635 3865 pulsaret,
2677 3801 2761 3855 vel
2814 3805 2978 3871 pedes
3011 3808 3063 3863 in
3119 3811 3315 3880 quibus
3366 3820 3587 3889 stabat,

2030 3904 2047 3935 1
2083 3887 2163 3941 vel
2187 3888 2329 3956 quod
2371 3905 2583 3945 sursum
2635 3906 2753 3949 erat
2792 3898 3192 3969 redimiculum,
3222 3907 3304 3961 vel
3332 3887 3586 3970 coronam

2028 3995 2047 4028 1
2080 3978 2238 4033 lebeti
2273 3980 2697 4040 circuinductam
2726 4026 2742 4051 ,
2794 3999 2889 4043 aut
2936 3992 3178 4063 virgulas
3228 4015 3327 4068 per
3352 4005 3585 4062 medium

2026 4087 2047 4120 1
2081 4085 2202 4127 sese
2248 4073 2639 4143 distendentes,
2694 4078 2823 4152 lyrae
2899 4098 3088 4141 sonum
3146 4104 3584 4161 repraesentaret.

2022 4178 2044 4211 1
2082 4161 2233 4217 Alius
2264 4175 2538 4233 postremo
2571 4172 2915 4237 proverbium
2944 4177 3221 4235 existimat
3259 4189 3530 4255 usurpari,
3548 4206 3585 4244 ia
3673 4182 3684 4192 ’

2024 4269 2041 4299 1
2076 4250 2282 4306 Glauco
2326 4255 2559 4322 quodam
2598 4258 2925 4328 deductum,
2957 4265 3049 4332 qui
3099 4266 3328 4323 scientia
3359 4250 3586 4333 cieteros

2022 4361 2038 4390 1
2077 4344 2454 4401 antecellebat.

2092 4476 2110 4507 1
2156 4457 2358 4513 Videtis
2384 4470 2561 4514 autem
2596 4466 3005 4530 proverliiorum
3034 4469 3404 4532 difﬁcultatem
3427 4479 3580 4535 exin-

348 4560 369 4593 1
400 4541 488 4595 διὰ
518 4544 707 4597 τούτου
750 4544 1051 4610 δείκνυται,
1080 4546 1168 4599 διὰ
1195 4546 1289 4599 τοῦ
1328 4547 1461 4618 μηδὲ
1503 4549 1596 4601 ἐπὶ
1622 4550 1721 4619 τῆς
1747 4551 1914 4624 αὐτῆς

2035 4564 2042 4596 l
2080 4548 2146 4600 de
2180 4547 2315 4602 satis
2343 4548 2637 4617 patefieri,
2683 4555 2824 4622 quod
2870 4572 3212 4629 nequaquam
3258 4565 3583 4636 interpretes

347 4652 369 4687 1
408 4636 700 4707 ἑρμηνείας
727 4636 915 4707 στῆναι
957 4638 1082 4701 τοὺς
1117 4638 1213 4708 τὴν
1260 4640 1557 4709 παροιμίαν
1592 4641 1792 4713 ταύτην
1827 4645 1914 4711 ἐξ-

346 4745 368 4777 1
389 4726 692 4800 ηγήσασθαι
714 4726 1085 4798 βουληθέντας.
1101 4726 1253 4780 Οὕτω
1270 4727 1596 4801 δυσεύρητόν
1609 4746 1662 4783 τι
1682 4732 1912 4802 πρᾶγμα

348 4835 367 4869 1
402 4818 463 4870 τὸ
487 4819 585 4888 τῆς
610 4816 906 4890 παροιμίας
929 4816 1022 4870 καὶ
1046 4816 1193 4887 παρὰ
1220 4819 1331 4878 τοῖς
1364 4816 1559 4881 ἔξωθεν
1581 4814 1719 4874 εἶναι
1742 4821 1906 4875 δοκεῖ.

348 4926 370 4958 ‹
406 4910 493 4962 Διὸ
518 4911 611 4963 καί
634 4927 716 4973 τις
741 4909 849 4962 τῶν
879 4908 1010 4978 παρ’
1035 4908 1217 4971 αὐτοῖς
1246 4908 1441 4978 σοφῶν,
1471 4911 1789 4981 συναγαγὼν
1814 4913 1912 4977 τὰς

416 5086 473 5143 >Ῑ4
504 5075 601 5133 Ed.
636 5074 831 5141 Paris.,
864 5090 985 5144 pag.
1008 5073 1093 5128 16.

334 5233 648 5317 eruditum“;
687 5241 1016 5317 rectegerat
1060 5235 1206 5317 enim
1250 5235 1493 5317 sophista
1535 5238 1892 5317 professione,

335 5315 391 5361 et
421 5313 549 5359 ante
569 5301 1077 5379 _(_lhrist_ian_is_muin,
1105 5305 1284 5379 ludum
1314 5301 1371 5379 in
1391 5301 1725 5377 Cappadocia
1764 5301 1896 5379 ape-

334 5383 539 5448 ruerat.
569 5371 729 5448 .‘l_f.—
749 5373 944 5448 Addidi
968 5389 1031 5429 ex
1062 5376 1218 5448 codd.
1257 5371 1550 5448 μάχαιραν,
1574 5379 1712 5448 unde
1737 5371 1896 5446 supra

332 5443 448 5515 λέγ.
468 5444 574 5517 γάρ
591 5444 709 5499 loco
729 5443 861 5514 φασὶ
880 5444 988 5518 γάρ
1003 5446 1216 5518 scripsi,
1232 5443 1287 5501 et
1300 5443 1369 5499 τά
1388 5443 1509 5501 ante
1532 5447 1697 5503 τέκνα
1713 5443 1896 5504 arces-

331 5533 459 5569 SlVI.

404 5583 725 5662 (A88)__Vu|go_
772 5586 1086 5662 ἀναγκαίως
1139 5598 1195 5641 et
1243 5604 1366 5644 mox
1411 5607 1652 5662 παρασκ.
1706 5602 1892 5646 contra

332 5660 487 5711 codd.
526 5658 795 5711 Posterius
818 5660 922 5711 iam
952 5658 1056 5727 Mp.
1097 5674 1240 5713 corr.

403 5728 538 5796 (88')
572 5727 678 5795 Mp.
727 5744 843 5801 γρ.Δ
868 5729 1074 5799 ἐκείνῃ.
1123 5727 1243 5801 Mox
1270 5729 1430 5801 vulgo
1454 5747 1556 5783 που
1585 5731 1894 5787 διαδεδωκό-

331 5810 423 5867 τος
470 5810 654 5867 contra
710 5798 867 5852 codd.
924 5798 1135 5867 (μήπω
1162 5799 1307 5855 διακ.
1337 5798 1484 5855 dant.
1536 5803 1702 5856 Porro
1757 5807 1894 5857 male

333 5866 490 5938 vulgo
512 5866 882 5938 ἁκρῶν,·(ιυοι1
899 5866 967 5925 ex
998 5871 1119 5925 cod.
1151 5870 1387 5940 correxi,
1410 5886 1476 5927 ex
1497 5887 1602 5943 quo
1624 5873 1742 5929 dein
1764 5873 1894 5944 χαλ-

616 5986 882 6047 f’amoa.
914 5987 1033 6046 Gtt.
1070 5985 1302 6048 XXIV.

2022 4656 2042 4689 1
2085 4638 2244 4708 hujus
2272 4642 2428 4697 unius
2454 4646 2724 4712 proverbii
2752 4648 2904 4703 inter
2944 4666 3005 4706 se
3047 4652 3098 4706 in
3129 4655 3316 4710 eadem
3364 4663 3584 4730 exposi-

2022 4749 2040 4781 1
2082 4731 2234 4786 tione
2267 4737 2629 4790 consentiant.
2663 4737 2813 4794 Adeo
2848 4756 2934 4793 res
2963 4755 3079 4797 erat
3104 4746 3191 4800 illa
3228 4748 3583 4810 inextricabi-

2022 4845 2039 4877 1
2077 4826 2144 4881 lis
2174 4827 2355 4883 habita
2384 4831 2525 4899 apud
2555 4844 2793 4888 exteros.
2823 4834 3089 4900 Quocirca
3129 4842 3267 4896 inter
3306 4861 3399 4900 eos
3440 4865 3580 4904 unus

2021 4938 2041 4972 1
2080 4922 2347 4992 sapientia
2382 4936 2435 4980 et
2450 4926 2761 4984 eruditione
2783 4941 3077 4998 praestans,
3120 4935 3172 4987 in
3218 4952 3383 4990 unum
3413 4941 3578 4995 colle—

2001 5238 2131 5373 ἒὲἓς
2164 5254 2260 5307 pro
2288 5239 2486 5310 χαλκοῦ
2513 5250 2566 5296 et
2597 5243 2733 5313 πρός
2778 5260 2874 5313 pro
2908 5245 3013 5315 πρό
3042 5255 3095 5300 et
3130 5263 3184 5297 τι
3215 5262 3313 5317 pro
3345 5265 3428 5312 τις
3457 5261 3572 5320 post

2077 5377 2188 5449 (89)
2211 5379 2407 5454 _'Op('i¢,
2429 5382 2589 5449 ὅπως
2606 5383 2671 5437 τὸ
2694 5384 3005 5454 δυσχερές.
3037 5385 3158 5441 Haec
3176 5388 3243 5443 de
3258 5389 3572 5453 difﬁcultate

2005 5449 2421 5525 P‘roverbiorum
2451 5471 2481 5507 a
2509 5468 2593 5508 me
2619 5455 2749 5509 olim
2805 5449 3023 5525 accepta
3056 5458 3139 5510 vir
3178 5460 3360 5516 multis
3396 5449 3573 5521 nolui:

2006 5521 2164 5592 nibus
2200 5522 2565 5592 rctarissimus,
2596 5525 2839 5580 Andreas
2889 5521 3169 5592 Schouus,
3204 5529 3429 5587 inseruit
3458 5551 3571 5592 suae

2000 5590 2335 5670 praefationi,
2370 5603 2495 5648 ante
2542 5593 2835 5670 Proverbia
2866 5594 3107 5670 Zenobii,
3150 5590 3486 5670 Diogeniani,
3514 5590 3570 5663 et

2000 5662 2249 5737 aliorum,
2282 5664 2435 5737 Sunt_
2469 5676 2645 5737 autem
2705 5665 2803 5718 iSIa
2833 5668 3036 5729 omnia,
3070 5685 3174 5721 non
3203 5662 3441 5737 Eusebii,
3473 5662 3568 5732 :st

2001 5732 2239 5785 Murcelti
2290 5735 2357 5787 ab
2394 5733 2625 5788 Eusebio
2670 5737 2884 5804 quidem
2916 5737 3077 5788 relata
3108 5754 3119 5788 :
3146 5754 3383 5796 erratum
3424 5732 3505 5799 est
3535 5766 3565 5802 ιι

2001 5815 2104 5872 itte,
2126 5804 2213 5871 qui
2241 5804 2312 5855 illi
2335 5806 2540 5867 optimo
2570 5806 2686 5859 viro
2713 5805 2951 5861 miserint
2988 5818 3042 5861 ut
3074 5809 3397 5867 Eusebiana.
3418 5814 3469 5872 Μ
3496 5844 3565 5857 ~-

1999 5871 2130 5926 Dein
2168 5874 2322 5943 vulgo
2347 5872 2434 5927 διὰ
2463 5873 2542 5930 τό.
3014 5898 3017 5899 '

3211 5946 3409 6052 ΞΑ.
