4088 6404
505 394 606 452 74Ἱ
683 428 687 431 -

1209 379 1476 442 EUSEBII
1513 381 1989 441 CAESARIENSIS
2016 368 2165 437 opp.
2206 382 2386 438 PARS
2415 383 2502 436 tv.
2532 411 2603 422 --
2630 378 3052 439 DOGMATICA.

3636 380 3744 435 748

512 526 529 559 ι
563 507 667 561 ctis
704 503 888 559 multis
933 500 1205 569 variisque
1242 498 1581 568 proverbiis,
1612 499 1666 553 in
1698 501 1885 555 eadem
1915 513 2075 552 com-

2185 515 2199 547 ι
2239 496 2340 550 ὑπὸ
2359 495 2569 549 πολλῶν
2588 495 2682 549 καὶ
2703 494 2974 565 διαφόρως
2994 493 3275 564 λεχθείσας
3309 490 3631 565 παροιμίας,
3664 495 3744 556 είς

511 616 529 649 ι
569 604 839 650 mentatus
887 599 1010 658 est;
1054 589 1264 645 duobus
1313 589 1469 643 libris
1529 590 1779 654 metrica,
1837 600 2071 660 quatuor

511 708 529 740 ι
565 703 691 743 vero
709 684 943 739 numeris
964 683 1135 737 soluta
1164 682 1448 753 proverbia
1473 682 1765 752 explicans.
1782 681 2075 737 Paratmias

510 799 528 830 ι
563 787 741 831 autem
787 775 1055 845 gentiles,
1093 775 1359 829 sententia
1400 773 1619 844 quidem
1647 788 1785 839 mea,
1838 773 1908 827 ob
1953 785 2072 827 eam

509 888 527 920 ι
566 881 786 923 causam
809 869 922 919 haec
950 866 1062 933 ipsa
1096 865 1474 931 nominarunt,
1502 866 1646 936 quod
1680 865 2072 935 sapientissimi

510 978 529 1011 ι
571 958 881 1015 Salomonis
930 957 1222 1011 Proverbia
1275 956 1516 1026 legerant
1559 965 1615 1012 et
1675 956 2071 1020 intellexeram,

510 1067 530 1100 ι
570 1064 675 1103 non
707 1061 830 1103 esse
864 1061 977 1100 rem
1007 1046 1178 1100 cuivis
1209 1045 1425 1101 obviam
1454 1047 1521 1100 de
1549 1045 1723 1115 prima
1754 1045 1893 1101 facie
1921 1062 2065 1101 com-

511 1161 529 1191 ‹
569 1138 1135 1210 prchendereillorum
1158 1152 1374 1192 sensum
1393 1152 1412 1191 :
1431 1138 1629 1192 vellent
1649 1148 1827 1193 autem
1848 1139 2071 1206 imitari,

511 1253 528 1283 ι
569 1246 732 1303 atque
774 1233 847 1286 ita
902 1232 1115 1285 fuerant
1160 1232 1351 1286 imitati
1397 1231 1766 1301 propheticam
1803 1233 2073 1287 scribendi

514 1343 532 1375 ι
573 1323 1043 1378 consuetudinem.
1073 1322 1319 1390 Cumque
1365 1337 1561 1377 nomen
1605 1321 1809 1376 nullum
1857 1333 2077 1392 possent

512 1435 531 1467 ι
569 1417 748 1486 aptius
806 1423 901 1469 aut
962 1415 1374 1470 convenientius
1436 1416 1715 1483 invenire,
1781 1415 2075 1473 Proverbia

513 1527 532 1560 ι
569 1523 727 1563 suum
763 1521 899 1577 opus
951 1507 1331 1579 indigitarunt.
1388 1527 1407 1560 ι

577 1601 753 1668 Atque
791 1600 863 1652 ita
897 1599 963 1653 ad
990 1599 1132 1654 hunc
1160 1601 1379 1654 modum
1414 1597 1700 1655 Marcellus
1720 1609 1953 1657 conatur
1980 1600 2078 1656 Ec-

392 1752 397 1758 ,
507 1691 729 1746 clesiam
750 1690 842 1745 Dei
858 1690 1261 1760 Scripturarum
1289 1690 1698 1761 intelligentiam
1723 1694 1918 1748 docere
1934 1710 1948 1745 :
1964 1692 2080 1747 lou-

508 1798 632 1852 gam
673 1795 806 1836 vero
836 1782 990 1834 istam
1013 1791 1070 1836 et
1113 1781 1349 1852 ineptam
1387 1783 1523 1837 adeo
1557 1797 1871 1837 sermonum
1907 1784 2078 1854 ipsius

507 1886 564 1928 et
597 1871 922 1944 superﬂuam
946 1874 1141 1928 sericm
1175 1875 1315 1941 ideo}
1336 1873 1508 1928 visum
1543 1882 1625 1928 est
1675 1884 1991 1939 contexere,
2017 1886 2074 1931 ut

508 1965 803 2020 amentiam
830 1964 1067 2019 hominis
1082 1964 1421 2019 manifestam
1449 1965 1695 2031 reddere,
1722 1967 2074 2036 multiplicem

509 2072 725 2127 quoque
751 2065 807 2112 et
845 2058 1277 2126 intempestivam
1317 2058 1611 2113 vanitatem
1655 2073 1869 2128 possem
1896 2099 1913 2125 ,
1967 2074 2075 2128 qua

511 2152 702 2213 utitur,
729 2149 864 2204 satis
884 2148 1101 2217 quidem
1132 2162 1256 2201 cum
1294 2163 1486 2219 pompa
1514 2188 1529 2213 ,
1565 2150 1705 2221 quod
1759 2151 2075 2206 saecularem

511 2243 706 2296 attinet
739 2230 1140 2304 eruditionem;
1173 2241 1318 2308 quod
1347 2241 1657 2311 Scripturas
1685 2252 1865 2297 autem
1893 2257 2078 2298 sacras

508 2331 1033 2402 concernit,jejune.
1055 2331 1207 2397 Quod
1235 2332 1278 2387 si
1312 2347 1525 2388 memor
1547 2333 1743 2391 fuisset
1770 2334 2078 2406 apostolicae

509 2423 938 2489 admonitionis,
989 2425 1057 2477 ad
1088 2422 1231 2479 hanc
1282 2431 1488 2479 tantqu
1538 2426 1811 2495 proiectus
1867 2428 2077 2480 vanitao

512 2527 618 2572 tem
653 2555 667 2578 ,
727 2529 1069 2586 nequaquam
1135 2515 1460 2584 procidisset
1507 2531 1524 2570 :
1580 2519 1773 2573 suadet
1830 2527 2012 2573 autem
2060 2556 2078 2581 ,

510 2617 569 2661 ut
623 2606 769 2677 loqui
819 2606 1045 2661 velimus
1070 2647 1084 2671 ,
1124 2621 1245 2675 quae
1282 2616 1409 2662 sunt
1446 2608 1602 2663 nobis
1638 2610 2038 2662 communicata
2061 2647 2076 2670 ,

514 2705 573 2762 >14
620 2714 724 2752 non
774 2698 831 2752 in
873 2696 1192 2752 docibilibus
1253 2697 1499 2752 humanm
1555 2699 1831 2767 sapientia:
1878 2698 2077 2761 verbis,

511 2792 599 2844 sed
638 2792 693 2844 in
730 2791 799 2844 iis
831 2805 949 2858 qua:
981 2806 1013 2842 α
1047 2787 1254 2857 Spiritu
1281 2787 1459 2842 doceri
1485 2787 1675 2850 solent,
1710 2788 1764 2840 in
1794 2787 1996 2857 Spiritu
2030 2796 2080 2841 et

512 2898 633 2935 cum
665 2879 1029 2949 spiritualibns
1052 2875 1700 2934 discernendo".Minime
1711 2889 1929 2946 quoque
1943 2876 2084 2945 cepit

512 2976 654 3044 quod
682 2975 942 3043 scriptum
972 2982 1057 3027 est
1083 2990 1097 3026 :
1126 2970 1383 3025 Animalis
1406 2973 1558 3024 homo
1589 2986 1691 3025 non
1722 2971 1941 3040 percipit
1966 2983 2083 3039 qua:

513 3080 632 3121 sunt
663 3064 891 3133 Spiritus
913 3064 1026 3120 Dei.
1054 3063 1295 3119 Stultitia
1314 3062 1515 3133 quippe
1539 3063 1642 3130 ipsi
1666 3071 1785 3116 sunt
1804 3073 1823 3112 .'
1845 3070 1892 3114 et
1910 3059 2082 3129 nequit

2181 608 2199 639 ι
2241 589 2409 653 αὐτὰς
2436 590 2709 661 γέγραφεν
2735 588 2792 655 ἒξ
2818 588 2927 657 (90)
2948 587 3144 657 βιϐλίαο
3181 586 3275 639 δύο
3307 587 3402 657 μὲν
3435 586 3541 637 τῶν
3573 585 3730 655 ὲμμέο

2181 700 2200 732 ι
2241 698 2405 753 τρων,
2431 682 2540 735 τῶν
2568 680 2624 734 δὲ
2653 681 2906 752 ἀμέτρων
2931 681 3192 750 τέσσαρα.
3224 677 3437 740 Ταύτας
3465 677 3520 731 δὲ
3553 694 3735 748 παροι-

2182 796 2199 825 ι
2245 776 2373 846 μίας
2412 775 2702 846 ὠνόμασαν
2742 776 2791 828 οἱ
2837 773 3032 841 ἔξωθεν
3068 773 3135 826 δι’
3172 771 3323 825 οὐδὲν
3365 770 3572 842 ἕτερον,
3621 770 3744 841 ἐμοὶ

2182 886 2200 918 ι
2234 868 2430 931 δοκεῖν,
2464 868 2577 920 ἀλλ’
2621 867 2807 938 ἐπειδὴ
2831 869 2951 930 ταῖς
2976 864 3070 919 τοῦ
3099 864 3407 934 σοφωτάτου
3434 862 3747 933 Σολομῶνος

2184 980 2199 1009 ι
2240 960 2566 1030 Παροιμίαις
2597 959 2924 1029 ἐντυχόντες,
2956 957 3049 1010 καὶ
3078 955 3297 1025 γνόντες
3342 955 3408 1007 δι’
3438 953 3636 1017 αὐτῶν,
3663 954 3749 1006 ὅτι

2185 1071 2201 1102 ι
2238 1052 2390 1105 οὐδέν
2419 1053 2566 1104 ἐστιν
2592 1053 2655 1103 ὲκ
2681 1051 2775 1103 τοῦ
2804 1052 3093 1122 προχείρου
3125 1048 3310 1118 σαφῶς
3332 1047 3441 1101 τῶν
3469 1050 3527 1100 ὲν
3555 1049 3749 1112 αὐταῖς

2184 1163 2200 1193 ι
2238 1144 2539 1215 εἰρημένων
2574 1142 2783 1214 μαθεῖν,
2816 1143 2909 1196 καὶ
2935 1142 3089 1195 αὐτοὶ
3115 1140 3350 1211 ζηλῶσαι
3392 1138 3454 1192 τὸ
3486 1157 3750 1211 προφητι-

2184 1256 2200 1288 ι
2242 1237 2335 1289 κὸν
2362 1234 2708 1306 βουληθέντες
2736 1235 2990 1305 γράμμα,
3026 1232 3115 1286 τὸν
3144 1232 3304 1285 αὐτὸν
3330 1231 3520 1301 ἐκείνῳ
3548 1234 3752 1300 γεγρά-

2184 1347 2202 1379 t
2240 1345 2370 1397 φασι
2394 1326 2611 1399 τρόπον.
2645 1324 2797 1391 Εἶτα,
2831 1326 2907 1389 ὡς
2938 1325 3103 1401 μηδὲν
3135 1324 3320 1397 ἓτερον
3352 1323 3521 1393 ὄνομα
3545 1324 3750 1396 κυριὼο

2184 1441 2203 1471 ι
2238 1438 2395 1492 τερον
2440 1419 2649 1473 ἐκείνου
2698 1418 2983 1489 ἐπινοῆσαι
3027 1416 3363 1488 δυνηθέντες,
3405 1415 3498 1469 καὶ
3539 1413 3750 1478 ταύτας

2184 1532 2202 1565 ι
2244 1512 2547 1585 Παροιμίας
2579 1510 2884 1581 ὠνόμασαν.
2916 1528 2937 1561 ›

2247 1606 2346 1659 Διὰ
2376 1603 2629 1658 τοιούτων
2657 1602 2973 1674 Μάρκελλος
3006 1599 3360 1673 παραθέσεων
3385 1599 3484 1671 τὴν
3526 1598 3751 1671 Ἐκκλη-

2182 1698 2302 1752 σίαν
2327 1696 2422 1751 τοῦ
2454 1695 2588 1749 Θεοῦ
2621 1695 2890 1750 διδάσκειν
2917 1693 3016 1757 τὰς
3043 1691 3430 1754 θεοπνεύστους
3455 1693 3594 1744 νοεῖν
3627 1709 3749 1745 πει-

2182 1792 2340 1861 ρᾶται
2366 1788 2605 1860 Γραφάς.
2643 1787 2813 1858 Ὅλην
2858 1785 2916 1839 δὲ
2950 1785 3153 1856 ταύτην
3182 1781 3499 1855 παρεθέμην
3531 1782 3630 1854 τὴν
3657 1801 3750 1853 μα-

2177 1881 2316 1952 κρὰν
2344 1881 2438 1934 καὶ
2467 1865 2752 1949 ἀδόλεσχον
2786 1876 3211 1950 περιττολογίαν,
3234 1875 3401 1941 δεῖξαι
3431 1873 3746 1946 βουλόμενος

2177 1966 2339 2023 αὐτοῦ
2365 1968 2463 2039 τὴν
2490 1966 2674 2020 ἄνοιαν
2695 1967 2793 2038 τῆς
2820 1965 3019 2037 πολλῆς
3042 1966 3137 2018 καὶ
3162 1965 3392 2035 ἀκαίρου
3414 1965 3739 2037 φιλοτιμίας,

2177 2055 2498 2135 ᾖκέχρηται
2530 2060 2559 2111 ό
2590 2059 2751 2131 ἀνὴρ,
2784 2056 2894 2111 τῶν
2931 2057 3030 2129 μὲν
3069 2056 3396 2128 Ἑλληνικῶν
3435 2056 3598 2126 λόγων
3622 2060 3741 2109 ἐπι-

2177 2151 2479 2215 δεικτικῶς,
2507 2149 2613 2203 τῶν
2639 2149 2697 2203 δὲ
2728 2149 2887 2202 θείων
2915 2148 3260 2221 ἀμνημόνως.
3289 2149 3362 2201 Οὐ
3385 2146 3488 2218 γὰρ
3519 2149 3581 2203 ἄν
3611 2166 3735 2201 ποτε

2178 2241 2258 2302 εἰς
2284 2238 2550 2309 τοσαύτην
2580 2236 2837 2302 ἐξέπιπτε
2861 2237 3149 2311 φλυαρίαν,
3177 2239 3225 2290 εἰ
3247 2237 3356 2291 τῶν
3381 2238 3736 2291 ἀποστολικῶν

2179 2330 2455 2402 ἐμέμνητο
2504 2329 3000 2401 παραγγελμάτων,
3059 2330 3124 2383 δι’
3174 2322 3249 2383 ὧν
3306 2331 3561 2401 παραινεῖ
3614 2329 3741 2399 χρῆ·

2178 2442 2285 2489 ναι,
2336 2424 2407 2477 τὰ
2461 2422 2566 2475 ὑπὸ
2618 2422 2712 2476 τοῦ
2767 2421 2903 2475 Θεοῦ
2963 2421 3289 2493 χαρισθέντα
3345 2423 3476 2492 ἡμῖν
3528 2420 3703 2473 λαλεῖν
3730 2458 3745 2481 ,

2177 2518 2287 2570 οὐκ
2307 2516 2376 2569 ἐν
2401 2513 2702 2580 διδακτοῖς
2723 2514 3099 2583 ἀνθρωπίνης
3128 2513 3347 2581 σοφίας
3365 2513 3590 2580 λόγοις,
3618 2510 3748 2564 ἀλλ’

2177 2607 2247 2660 ἐν
2260 2604 2558 2669 διδακτοῖς
2574 2606 2940 2672 Πνεύματος,
2958 2601 3325 2671 πνευματικὰ
3339 2600 3758 2670 πνευματικοῖς

2178 2696 2636 2765 συγκρίνοντος.
2660 2694 2795 2746 Οὐδὲ
2824 2694 3022 2764 νοήσας
3046 2694 3193 2756 ὅπως
3220 2692 3411 2763 ἐλέχθη
3450 2693 3532 2753 τὸ,
3568 2696 3759 2761 Ψυχι-

2180 2781 2289 2848 κὸς
2319 2779 2627 2849 ἄνθρωπος
2675 2782 2746 2834 οὐ
2785 2779 3019 2850 δέχεται
3047 2780 3120 2834 τὰ
3148 2779 3254 2833 τοῦ
3276 2781 3621 2849 Πνεὺματος
3649 2781 3760 2832 τοῦ

2183 2874 2352 2929 Θεοῦ.
2385 2874 2589 2941 Μωρία
2609 2872 2718 2944 γὰρ
2739 2871 2898 2938 αὐτῷ
2915 2873 3068 2926 ἐστι·
3097 2872 3193 2926 καὶ
3222 2871 3293 2926 οὐ
3329 2870 3575 2925 δύναται
3607 2870 3760 2940 γνῶ-

2168 2960 2281 3018 ναι
2301 3005 2314 3030 ,
2361 2965 2454 3017 ὅτι
2509 2962 2916 3034 πνευματικῶς
2979 2964 3380 3033 ἀνακρίνεται.
3458 2962 3643 3016 Ταῦτα
3702 2962 3762 3016 δὲ

2183 3057 2474 3126 ἀγνοήσας,
2533 3057 2659 3119 τοὺς
2721 3054 2984 3125 Ἑλλήνων
3037 3054 3235 3123 σοφοὺς
3281 3053 3516 3107 ὑπέλαϐε
3559 3051 3762 3121 γνῶσιν
3840 3092 3847 3097 -

513 3160 610 3211 illa
644 3155 949 3226 intelligere,
994 3165 1267 3225 propterea
1308 3153 1450 3223 quod
1501 3152 1879 3207 discernuntur
1927 3156 2079 3219 spiri~

2185 3149 2474 3221 ὲσχηκέναι
2510 3150 2609 3220 τῆς
2643 3149 2749 3202 ὑπὸ
2768 3147 2862 3200 τοῦ
2897 3147 3031 3200 Θεοῦ
3063 3147 3140 3218 τῷ
3181 3147 3454 3217 Σολομῶνι
3483 3146 3759 3217 χαρισθεί-

514 3250 729 3302 tualiter
749 3246 837 3300 δ”.
889 3246 1012 3302 Haec
1041 3260 1162 3299 cum
1222 3247 1498 3311 ignoraret
1535 3243 1645 3307 ille,
1678 3242 1887 3312 putavit
1936 3254 2082 3298 certe

514 3337 824 3393 Grmcorum
857 3337 1131 3407 sapientes
1168 3337 1440 3407 cognitam
1472 3334 1732 3389 habuisse
1760 3322 2080 3403 sapientiam

488 3427 682 3491 .illam,
715 3444 874 3497 quam
905 3429 1044 3482 Deus
1076 3426 1356 3482 Salomoni
1402 3425 1773 3495 impertiverat
1803 3443 1817 3476 :
1854 3432 1909 3478 et
1937 3424 2082 3493 quod

513 3519 783 3587 cognitam
828 3519 1094 3572 baberent
1124 3516 1294 3578 illam.
1324 3515 1697 3586 propheticum
1737 3514 2080 3583 scripturam,

516 3621 573 3664 ut
609 3610 784 3680 inquit
820 3610 931 3672 ille,
965 3609 1224 3663 imitatos.
1249 3607 1366 3674 Quo
1396 3621 1527 3663 vero
1550 3616 1709 3677 pacto
1744 3605 1858 3662 ﬁeri
1887 3608 2079 3677 potuit,

516 3713 574 3757 ut
608 3701 870 3757 animales
937 3701 1182 3756 homines
1227 3700 1303 3754 illi
1355 3698 1534 3753 divina
1585 3694 1978 3769 cognoscerent
2029 3707 2084 3753 et

514 3792 751 3847 aemulati
777 3800 984 3856 essent,
1011 3805 1134 3844 cum
1166 3788 1466 3858 spiritualia
1493 3788 1849 3859 spiritualiter
1882 3789 2084 3844 discer-

516 3898 647 3938 nere
699 3884 1006 3952 uequireut.
1051 3892 1107 3937 et
1155 3883 1222 3935 ab
1257 3881 1518 3951 Apostolo
1585 3882 1854 3937 sancitum
1917 3893 2082 3949 esset,

516 3974 811 4028 Animalem
863 3974 1122 4026 hominem
1153 3989 1256 4026 non
1297 3988 1484 4042 capere
1536 3989 1654 4044 qua:
1694 3985 1815 4028 sunt
1853 3974 2084 4044 Spiritus

517 4067 656 4130 Dei;
707 4076 762 4121 et
788 4066 964 4120 adhuc
993 4063 1069 4119 ab.
1094 4062 1283 4118 eodem
1310 4072 1599 4130 statuatur,
1657 4065 1952 4120 Animalem
1980 4082 2084 4120 non

492 4173 668 4226 posse
717 4156 1019 4225 spiritualia
1058 4155 1373 4224 intelligere,
1427 4171 1488 4208 eo
1541 4156 1682 4225 quod
1735 4157 2086 4226 spiritualiter

516 4249 923 4305 discernantur?
945 4248 1029 4302 Ad
1053 4249 1366 4318 oppositum
1417 4262 1546 4303 vero
1586 4248 1848 4318 Apostolo
1881 4250 1969 4305 hic
2003 4249 2087 4303 vir

517 4342 767 4412 egregius
808 4341 885 4396 ait
914 4340 1268 4396 :Grmcorum
1314 4339 1637 4395 collectores
1675 4342 2083 4410 proverbiorum

493 4433 583 4500 _ad
609 4431 859 4487 eumdem
909 4430 1126 4486 tnodum
1161 4429 1467 4500 scripsisse,
1497 4445 1604 4500 quo
1638 4431 1914 4488 Salomon.
1950 4431 2085 4487 Ver-

2187 3253 2287 3306 σης
2313 3235 2502 3304 σοφίας
2526 3274 2541 3298 ,
2572 3236 2667 3289 καὶ
2692 3236 2917 3304 γνόντας
2947 3233 3188 3306 ζηλῶσαι
3221 3235 3281 3289 τὸ
3308 3235 3660 3307 προφητικὸν,
3687 3237 3759 3300 ὡς

2185 3332 2346 3395 αὑτός
2374 3348 2525 3401 φησι,
2551 3333 2804 3403 γράμμα.
2833 3331 2943 3385 Καὶ
2976 3333 3092 3397 πῶς
3112 3327 3213 3386 οἷοί
3234 3334 3282 3386 τ’
3299 3329 3435 3405 ἦσαν
3464 3333 3670 3402 γνῶναι
3694 3333 3760 3387 τὰ

2187 3422 2305 3502 θεῖα
2342 3424 2435 3476 καὶ
2471 3422 2710 3496 ζηλῶσαι
2741 3425 2790 3477 οἱ
2819 3423 3064 3495 ψυχικοὶ,
3111 3425 3207 3491 καὶ
3233 3426 3333 3479 οὐκ
3366 3425 3566 3490 εἰδότες
3596 3442 3757 3481 πνευ-

2191 3513 2396 3586 ματικὰ
2439 3514 2550 3586 (91)
2581 3520 2969 3587 πνευματικοῖς
3049 3516 3379 3591 συγκρίνειν,
3442 3517 3534 3570 τοῦ
3612 3516 3752 3567 θείου

2200 3605 2520 3661 Ἀποστόλου
2552 3608 2992 3680 ἀποφηναμένου,
3029 3609 3301 3681 Ψυχικὸν
3335 3609 3638 3676 ἄνθρωπον
3665 3606 3748 3675 μὴ

2186 3697 2466 3766 δέχεσθαι
2488 3700 2561 3753 τὰ
2582 3698 2690 3753 τοῦ
2710 3702 3054 3771 Πνεύματος
3076 3701 3182 3756 τοῦ
3204 3700 3349 3755 Θεοῦ
3366 3717 3380 3730 ·
3412 3699 3503 3753 τοῦ
3523 3698 3566 3751 δ’
3591 3697 3754 3751 αὐτοῦ

2190 3792 2478 3862 φήσαντος,
2520 3790 2614 3860 Μὴ
2645 3791 2937 3847 δύνασθαι
2977 3792 3196 3864 γνῶναι
3241 3793 3347 3847 τὸν
3388 3789 3653 3860 ψυχικὸν
3689 3789 3763 3842 τὰ

2190 3881 2575 3950 πνευματικὰ,
2602 3880 2691 3934 ὅτι
2724 3883 3137 3953 πνευματικῶς
3171 3884 3583 3952 ἀνακρίνεται·
3619 3881 3766 3932 ἀντι-

2187 3972 2423 4040 δοξάζων
2447 3975 2476 4027 ὁ
2495 3976 2736 4043 γενναῖος
2773 3974 2851 4046 τῷ
2893 3976 3200 4047 ’Δποστόλῳ
3233 3978 3454 4047 φάσκει,
3487 3973 3579 4027 τὸν
3607 3973 3767 4026 αὐτὸν

2165 4067 2389 4138 ’τρόπον
2423 4065 2503 4137 τῷ
2527 4065 2797 4138 Σολομῶνι
2819 4070 3151 4141 γεγραφέναι
3177 4069 3304 4133 τοὺς
3322 4068 3422 4133 τὰς
3452 4064 3766 4128 Ἑλληνικὰς

2191 4159 2489 4230 παροιμίας
2519 4159 2942 4230 πεποιημένους.
2988 4161 3149 4231 Λέγει
3180 4161 3236 4214 δὲ
3275 4158 3369 4215 οὖν
3414 4160 3507 4213 ἐπὶ
3535 4159 3731 4227 λέξεως
3750 4175 3762 4187 ·

2197 4267 2216 4301 ι
2264 4248 2479 4320 Ἐπειδὴ
2505 4252 2625 4311 ταῖς
2653 4248 2743 4301 τοῦ
2768 4250 3076 4319 σοφωτάτου
3105 4250 3416 4321 Σολομῶνος
3442 4248 3767 4320 Παροιμίαις

2197 4359 2216 4392 ι
2259 4340 2587 4410 ἐντυχόντες,
2623 4341 2717 4392 καὶ
2759 4340 2979 4408 γνόντες
3027 4342 3091 4394 δι’
3116 4342 3294 4397 αὐτῶν
3338 4343 3419 4396 ὅτι
3445 4341 3597 4396 οὐδέν
3621 4341 3768 4392 ἐστιν

2197 4452 2215 4485 ι
2258 4435 2321 4487 ἐκ
2349 4433 2441 4486 τοῦ
2465 4431 2754 4504 προχείρου
2782 4431 2895 4502 (92)
2918 4433 3102 4501 σαφῶς
3117 4433 3226 4488 τῶν
3247 4436 3306 4488 ὲν
3327 4436 3516 4498 αὑταῖς
3540 4432 3770 4505 εἰρημέ-

518 4525 682 4577 batim
733 4523 972 4592 loquitur
1005 4523 1072 4577 ad
1119 4522 1264 4587 hunc
1298 4522 1514 4576 modqu
1544 4541 1559 4576 :
1597 4540 1616 4574 ι
1641 4523 2080 4593 Quandoquidem

2197 4548 2214 4578 ι
2255 4542 2360 4580 νων
2384 4524 2594 4596 μαθεῖν,
2620 4526 2714 4577 καὶ
2742 4524 2893 4576 αὐτοὶ
2917 4524 3158 4596 ζηλῶσαι
3184 4526 3246 4579 τὸ
3276 4527 3614 4599 προφητικὸν
3651 4525 3744 4595 βου
3761 4553 3773 4563 -

492 4634 542 4679 _I
590 4616 642 4668 iu
678 4615 971 4671 Proverbia
1004 4614 1313 4685 Salomonis
1338 4613 1725 4684 sapientissimi
1754 4614 2083 4683 inciderant,

524 4725 542 4759 ι
588 4718 643 4761 et
694 4722 759 4762 ex
814 4707 1026 4762 illorum
1082 4715 1450 4776 cognoverant
1501 4705 1756 4773 lectione,
1797 4705 2086 4761 diliiculter

526 4820 543 4851 ι
593 4800 881 4855 admodum
938 4800 1005 4853 de
1048 4800 1221 4868 prima
1270 4799 1407 4853 facie
1438 4797 1651 4853 illorum
1682 4814 1904 4854 sensum
1938 4814 2087 4854 com-

526 4910 544 4942 ι
592 4892 849 4963 prehendi
877 4905 1056 4969 posse,
1092 4890 1290 4946 vellent
1322 4900 1502 4945 autem
1543 4891 1913 4960 propheticam
1943 4893 2082 4946 scri-

524 5003 543 5035 ι
591 4985 748 5039 bendi
800 4984 1064 5037 rationem
1113 4982 1256 5037 illam
1289 4984 1553 5049 aemulari,
1587 4983 1651 5036 ad
1681 4982 1929 5038 eumdem
1961 5000 2079 5040 mo-

592 5175 650 5233 >14
693 5168 792 5225 Ed.
820 5167 1020 5233 Paris.,
1047 5183 1170 5239 pag.
1205 5167 1289 5221 t7.

494 5404 501 5415 .
587 5347 708 5420 (90),
740 5348 845 5420 Elc
874 5348 1063 5420 αὑτὰς
1090 5345 1462 5420 nummat-
1506 5343 1664 5420 lices!
1699 5343 1949 5420 ὶέγετεμν
2002 5344 2087 5420 νῖδι

519 5412 647 5491 quid
672 5412 866 5491 simile.
900 5418 972 5491 De
993 5412 1107 5491 hoc
1128 5412 1402 5491 locpjvide
1426 5416 1491 5470 Β.
1606 5417 1670 5468 Α.
1695 5412 2001 5491 Schuttuut,
2034 5414 2087 5467 in

523 5482 836 5561 praelatioue
868 5490 934 5561 ad
969 5487 1196 5556 Adngia.
1216 5486 1421 5561 bl.-lu
1446 5487 1565 5540 cod.
1596 5500 1625 5537 a
1653 5500 1864 5561 sec._m_.
1884 5482 2090 5561 γέγρατ

519 5552 616 5631 φεν
650 5559 711 5623 ἓξ
748 5559 889 5631 quod
920 5573 1017 5626 pro
1044 5552 1376 5631 γεγραφέναι
1392 5567 1457 5631 _et
1480 5570 1644 5631 supra
1686 5553 1793 5631 ὑπό
1832 5555 1949 5631 loco
1983 5552 2090 5607 ἀπό

519 5624 674 5693 dedi;
704 5624 823 5682 dein
867 5624 1065 5682 S‘Vante—
1094 5624 1290 5694 ἔξωθεν
1323 5626 1517 5681 delevi.
1550 5624 1679 5678 Dein
1714 5625 1867 5691 vulgo
1965 5634 2091 5677 ante

519 5696 705 5789 ἐπειξη
744 5708 797 5783 et:
847 5693 1209 5784 ξολομῶντος.
1258 5700 1442 5785 Ροιδιποε
1475 5695 1632 5789 vulgi?
1679 5693 2091 5789 ὲπξζχάνοντξς

514 5771 612 5837 καὶ
639 5764 705 5820 δι’
735 5766 913 5837 αὐτῶν
942 5764 1294 5836 γινώσκοντες
1327 5775 1381 5823 et
1413 5765 1487 5831 ὡς
1512 5765 1664 5821 οὐδέν
1691 5774 1747 5821 et
1770 5764 2092 5827 διδακτικοῖς

520 5836 611 5893 πν.
638 5836 907 5906 πνεύματι
938 5837 1050 5889 καί.

2196 4636 2213 4668 ι
2254 4616 2505 4688 ληθέντες
2559 4614 2813 4685 γράμμα,
2867 4614 2957 4668 τὸν
3017 4615 3179 4670 αὐτὸν
3229 4618 3422 4687 ἐκείνῳ
3461 4615 3772 4690 γεγράφασι

2196 4724 2214 4758 ι
2252 4705 2473 4779 τρόπον.
2508 4724 2525 4754 ι
2567 4704 2769 4774 Σκέψαι
2801 4704 2858 4757 δὲ
2897 4706 2991 4758 καὶ
3016 4705 3188 4770 ἄλλως
3223 4707 3283 4774 ἐξ
3319 4706 3498 4762 αὐτῶν
3531 4707 3637 4760 τῶν
3666 4722 3775 4758 πα-

2195 4798 2485 4871 ραθέσεων,
2520 4798 2642 4851 ὅσον
2675 4799 2772 4867 τῆς
2813 4797 3070 4868 ἀληθείας
3098 4799 3418 4871 διήμαρτεν,
3447 4798 3617 4853 εἰπὼν
3645 4799 3773 4860 τοὺς

2193 4893 2320 4962 παρ’
2362 4888 2606 4961 Ἕλλησι,
2648 4889 2741 4943 τὸν
2785 4890 2947 4944 αὐτὸν
2998 4890 3075 4961 τῷ
3116 4891 3389 4963 Σολομῶνι
3437 4890 3777 4963 γεγραφέναι

2187 4984 2406 5056 τρόπον.
2447 4983 2505 5037 '0
2541 4982 2637 5054 μὲν
2662 4982 2772 5054 γὰρ
2812 4982 3082 5055 Σολομὼν,
3128 4983 3447 5057 θεοδωρήτῳ
3491 4983 3652 5055 σοφίᾳ
3692 5000 3780 5034 κι-

2170 5164 2218 5195 υ
2255 5163 2270 5217 I
2303 5161 2429 5219 Cor.
2454 5162 2634 5230 una.
2709 5161 2776 5192 ιι·
2804 5160 2936 5217 ibid.
2967 5162 3055 5218 tt.

2265 5342 2379 5416 (91)
2433 5345 2728 5412 Πνεύματι
2800 5341 3242 5416 πνευματικοῖς.
3310 5340 3652 5416 Legeudum,
3718 5349 3778 5391 ut

2195 5412 2681 5483 sta‘lituﬂt'ecitatur
2706 5428 2769 5466 ex
2801 5413 3080 5479 Apostolo.
3101 5412 3442 5483 πνευματικὰ
3474 5426 3749 5483 πνευματι

2198 5484 2327 5548 κῶς.
2379 5482 2503 5537 Πειό
2538 5494 2716 5535 autem
2769 5486 3071 5550 importune
3114 5482 3370 5536 dicuntur
3411 5483 3477 5532 ah
3514 5482 3776 5542 Ellsrltlu,

2196 5559 2319 5624 quia
2348 5552 2637 5634 ἐριστικῶς
2661 5560 2906 5634 ςτςιξιιιιη,
2931 5568 3027 5619 pro
3046 5552 3454 5634 πνευματικοῖς,
3478 5554 3590 5618 lege
3607 5566 3778 5603 πνευ-

2201 5622 2467 5695 ματικῶς.
2489 5622 2645 5695 Μη-ι
2673 5622 2800 5695 [lein
2830 5629 2985 5695 vulgo
3008 5626 3118 5686 τοῖς
3152 5622 3556 5695 πεποιημένοις.

2270 5694 2382 5764 (92)
2422 5694 2527 5764 Μρ.
2565 5692 2633 5744 ίσ.
2661 5691 2989 5764 καὶ-σαφῶς.
3013 5696 3163 5764 lu't'a
3184 5692 3533 5764 νυιεοίένεκα
3561 5698 3613 5743 et
3635 5705 3778 5764 atpo-

2197 5761 2598 5844 ενηνεγμένοις,
2620 5774 2673 5819 et
2695 5762 2851 5816 τοῦτό
2873 5763 2923 5831 γ’
2953 5773 3011 5818 et
3051 5761 3086 5816 ὃ.
3111 5762 3189 5826 δέ,
3227 5761 3422 5818 πάλλ’
3452 5762 3551 5823 ὡς,
3582 5771 3631 5814 et
3679 5761 3780 5814 ἐπὶ

2187 5849 2288 5887 ,του
2297 5874 2310 5889 ο
