4088 6380
406 396 516 458 τω

1536 398 1820 453 CONTRA
1856 397 2283 453 MARCELLUM
2325 398 2452 453 LIB.
2494 399 2536 451 1.

3566 406 3669 461 ’130

400 515 681 589 νούμενος,
716 515 894 569 πᾶσαν
930 515 1093 569 αὑτοῦ
1127 515 1224 585 τὴν
1256 515 1472 587 γραφὴν
1505 518 1590 568 ἐπ’
1616 517 1854 587 ὠφελείᾳ
1889 520 1962 570 κα

2094 535 2110 565 t
2161 520 2284 568 dum
2319 516 2671 581 scritlset'unt.
2708 536 2723 566 ι
2767 515 2871 571 Sed
2904 527 2956 571 et
3001 517 3163 571 aliter
3201 533 3415 589 quoque
3448 536 3479 573 c
3507 522 3670 578 dictis

405 610 647 680 σωτηρίᾳ
682 609 865 677 ψυχῶν
906 607 984 678 τῷ
1024 610 1122 679 τῆς
1168 608 1476 670 θεοσεϐείας
1528 610 1765 662 ἀνετίθει
1816 610 1982 680 λόγῳ,

401 701 700 770 γυμνασίου
730 700 773 752 δ’
795 700 981 752 ’ἑνεκεν
1001 701 1098 771 τῆς
1125 701 1231 753 τῶν
1258 702 1696 771 ἐντυγχανόντων
1723 701 1980 765 διανοίας,

404 792 693 852 σκοτεινοῖς
725 791 923 861 ἐχρῆτο
953 792 1321 863 προϐλήμασι,
1355 794 1447 847 καὶ
1497 793 1669 860 λόγων
1704 797 1980 864 στροφαῖς,

401 884 492 936 κα)⁸
519 886 719 951 φωναῖς
740 885 807 937 δι’
836 885 1175 954 αἰνιγμάτων
1200 886 1716 956 προενηνεγμέναις.
1746 887 1855 937 Καὶ
1870 886 1986 937 τοῦ-

397 990 457 1024 το
485 973 528 1026 δ’
560 977 615 1026 ἐν
642 976 784 1046 ἀρχῇ
810 976 909 1045 τῆς
942 976 1121 1046 βίϐλου
1150 976 1485 1047 μαρτύρεται
1516 976 1707 1043 λέγων·
1731 996 1747 1025 ι
1784 977 1903 1029 Τὼν
1926 978 1982 1030 δὲ

400 1083 418 1113 ‹
455 1067 563 1136 γὰρ
595 1067 835 1131 ἀκούσας
878 1068 1039 1137 σοφὸς
1065 1068 1371 1141 σοφώτερος
1398 1069 1576 1122 ἔσται’
1621 1071 1648 1121 ό
1677 1068 1733 1121 δὲ
1765 1071 1982 1140 νοήμων

396 1177 416 1209 ε
456 1158 783 1230 κυϐέρνησιν
812 1164 1093 1230 κτήσεται,
1127 1163 1308 1233 νοήσει
1329 1180 1386 1215 τε
1420 1162 1733 1233 παραϐολὴν
1768 1179 1980 1215 σκοτει-

394 1271 416 1303 ‹
451 1252 559 1306 νῶν
588 1253 781 1322 λόγων,
813 1256 1002 1325 ῥήσεις
1029 1272 1087 1309 τε
1118 1256 1298 1325 σοφῶν
1327 1258 1419 1310 καὶ
1446 1258 1764 1328 αἰνίγματα.
1810 1277 1828 1308 ι
1868 1258 1978 1310 Καὶ

394 1344 576 1408 πάλιν,
616 1344 869 1410 δέξασθαι
916 1347 1153 1418 στροφὰς
1184 1347 1390 1417 λόγων“
1433 1369 1452 1399 ‹
1494 1350 1559 1401 "A
1592 1348 1656 1419 δὴ
1676 1350 1771 1402 καὶ
1804 1348 1980 1412 οὕτως

398 1457 418 1489 ‹
454 1438 643 1509 ἔχοντα
673 1440 737 1493 ἐκ
773 1440 880 1493 τῶν
912 1441 1304 1513 ἐμφερομένων
1341 1445 1406 1513 τῇ
1443 1440 1609 1512 βίϐλῳ
1640 1442 1978 1512 καταμαθεῖν

392 1550 416 1582 ‹
452 1532 829 1602 ρᾁιον,ἄλλως
840 1534 901 1585 οὐ
913 1533 1222 1603 δυναμένων
1234 1534 1510 1605 νοηθῆναι,
1520 1534 1555 1604 ἢ
1571 1534 1808 1587 διιόντων
1822 1534 1978 1604 ήμῶν

395 1640 415 1670 ι
450 1623 515 1674 ἐκ
545 1622 643 1691 τῆς
669 1623 959 1693 προχείρου
996 1622 1192 1687 λέξεως
1219 1625 1311 1676 ἐπὶ
1336 1624 1427 1677 τὸν
1458 1622 1517 1687 ἐξ
1548 1624 1717 1695 αὐτῆς
1744 1624 1974 1695 θεωρούς

390 1732 413 1764 ‹
454 1731 612 1783 μενον
647 1715 771 1769 νοῦν
794 1732 807 1745 °
850 1711 961 1769 οἷόν
984 1718 1097 1769 ἐστι
1136 1718 1216 1780 τὸ,
1254 1716 1331 1784 Τῇ
1352 1715 1590 1785 ,βδέλλῃ
1622 1717 1777 1785 τρεῖς
1797 1721 1978 1788 θυγα-

392 1824 409 1855 ι
448 1806 612 1873 τέρες
644 1804 806 1877 ἦσαν
836 1807 1135 1877 ἀγαπήσει
1158 1808 1559 1878 ἀγαπώμενασ
1597 1809 1695 1862 καὶ
1727 1811 1795 1863 at
1815 1810 1973 1879 τρεῖς

391 1918 409 1949 ‹
448 1896 624 1953 αὗται
650 1902 759 1953 οὐκ
787 1900 1251 1969 ἐνεπίμπλασαν
1273 1900 1489 1968 αὐτὴν,
1517 1900 1615 1955 καὶ
1640 1902 1677 1967 ἡ
1721 1902 1969 1970 τετάρτη

388 2010 407 2041 ι
447 1992 556 2044 οὐκ
582 1991 870 2059 ἠρκέσθη,
895 1992 1086 2045 εἶπεῖν
1110 1994 1341 2047 ἱκανόν.
1372 1993 1482 2046 Καὶ
1511 1993 1573 2048 Ἠ
1603 1996 1789 2061 σοφία
1818 1994 1969 2058 ᾠκο-

388 2101 407 2133 t
444 2082 710 2151 δόμησεν
729 2083 914 2152 ἑαυτῇ
936 2081 1123 2146 οἷκον,
1147 2084 1245 2136 καὶ
1260 2082 1681 2153 ὐπήρεισε,(95)
1704 2084 1971 2148 στύλους

384 2194 406 2225 ‹
444 2175 614 2238 ἑπτὰ,
650 2176 881 2244 ἔσφαξε
908 2176 982 2229 τὰ
1003 2174 1227 2243 ἑαυτῆς
1260 2176 1490 2243 θύματα
1509 2192 1522 2204 ·
1554 2175 1845 2241 ἐκέρασεν
1883 2177 1971 2239 εἰς

387 2286 407 2318 ι
451 2267 716 2335 κρατῆρα
736 2267 843 2320 τὸν
871 2267 1094 2334 ἑαυτῆς
1128 2263 1317 2321 οἶνον,
1344 2267 1452 2319 Καὶ
1481 2265 1582 2318 ὅσα
1602 2265 1737 2319 ἄλλα
1756 2266 1969 2328 τούτοις

384 2378 406 2409 ‹
445 2360 820 2430 παραπλήσια,
874 2360 973 2430 οὐχ
1020 2359 1221 2429 ἑτέρως
1268 2357 1468 2410 δυνατὰ
1516 2356 1774 2421 νοεῖσθαι,
1841 2356 1966 2410 οὕτε

382 2470 405 2503 1
445 2451 771 2522 προχείρως,
799 2449 922 2504 οὔτε
955 2450 1017 2504 ἐκ
1037 2468 1181 2514 τινος
1217 2451 1473 2522 ἱστορίας,
1507 2452 1554 2503 εἰ
1597 2450 1673 2521 μὴ
1698 2450 1838 2503 κατὰ
1867 2451 1966 2521 μό-

380 2563 405 2595 (
445 2561 541 2614 νην
570 2544 882 2616 μεταφορὰν
902 2544 996 2598 καὶ
1028 2543 1377 2614 ἀναστροφὴν
1399 2544 1497 2613 τῆς
1522 2542 1739 2609 λέξεως.
1782 2561 1799 2593 ι
1830 2543 1896 2594 Δί
1921 2543 1967 2594 δ’

380 2635 682 2688 ἐκτεθεῖσαι
701 2634 808 2688 τῶν
851 2636 1118 2708 Ἑλλήνων
1162 2636 1454 2707 παροιμίαι
1492 2634 1601 2689 ἀπό
1633 2652 1794 2688 τινων
1820 2636 1965 2687 ἱστο-

374 2725 511 2796 ριῶν
566 2725 665 2789 τὰς
702 2726 876 2797 ἀρχὰς
905 2726 1182 2798 εἰλήφασι.
1218 2727 1291 2780 Τὸ
1326 2726 1457 2799 γὰρ,
1487 2728 1556 2781 Ἦ
1586 2727 1895 2794 τέθνηκεν,
1924 2727 1962 2795 ἣ

373 2814 645 2869 διδάσκει
696 2814 1023 2885 γράμματα,
1076 2815 1163 2868 διὰ
1206 2814 1389 2886 τήνδε,
1423 2814 1607 2885 φησὶν,
1640 2812 1834 2883 ἐλέχθη
1862 2812 1961 2883 τὴν

368 2906 636 2976 ἱστορίαν,
670 2908 765 2961 καὶ
805 2908 873 2961 δι’
908 2907 1100 2978 ἑτέραν
1128 2906 1290 2960 πάλιν
1324 2904 1622 2976 γενομένην
1652 2904 1850 2976 πρᾶξιν
1880 2903 1958 2965 τὸ,

372 3000 481 3061 Αἲξ
509 2999 623 3067 τὴν
640 2998 962 3069 μάχαιραν,
1001 2998 1287 3071 εἰρῆσθαι·
1322 2997 1417 3050 καὶ
1444 2996 1526 3059 τὸ,
1566 2996 1729 3060 Ἅλις
1756 2993 1957 3062 δρυὸς,

368 3091 655 3155 ὡσαύτως,
700 3091 789 3144 διὰ
814 3092 875 3144 τὸ
914 3090 1434 3163 βαλανηφαγοῦντάς
1472 3105 1604 3141 ποτε
1648 3086 1961 3142 παύσασθαι

365 3182 469 3251 τῆς
496 3182 752 3253 τοιαύτης
772 3182 999 3252 τροφῆς.
1035 3182 1098 3234 Ei
1126 3181 1183 3233 δὲ
1212 3180 1306 3234 καὶ
1331 3178 1571 3241 Γλαῦκός
1603 3196 1706 3242 τις,
1732 3179 1960 3249 ἐπιστή-

375 3291 491 3344 μων
530 3274 728 3346 τέχνης
765 3276 907 3338 τινὸς
952 3274 1212 3343 γεγονὼς,
1257 3273 1529 3344 διαφόρως
1577 3273 1954 3344 ἐμνημονεύθη

368 3365 521 3437 παρὰ
550 3370 660 3431 τοῖς
697 3366 836 3437 μετὰ
860 3366 1033 3421 ταῦτα
1061 3365 1465 3435 διαφωνήσασιν
1499 3366 1556 3415 ἐν
1588 3364 1666 3434 τῷ
1696 3367 1825 3435 περὶ
1860 3366 1958 3417 αύ-

363 3459 458 3512 τοῦ
481 3459 643 3530 λόγῳ,
672 3460 724 3512 τί
756 3459 910 3512 τοῦτο
931 3460 1065 3530 πρὸς
1084 3458 1181 3521 τὰς
1216 3455 1604 3518 θεοπνεύστους
1628 3454 1951 3526 παροιμίαςς

356 3553 440 3603 υὺ
468 3552 576 3623 γὰρ
601 3550 801 3621 ὁμοίως
830 3553 952 3614 ταῖς
985 3549 1321 3619 Ἑλληνικαῖς
1350 3547 1698 3618 παροιμίαις,
1729 3548 1825 3600 καὶ
1868 3541 1955 3600 αὗ-

358 3660 448 3695 ται
479 3642 541 3695 ἐκ
567 3660 710 3706 τινος
736 3643 976 3714 ἱστορίας
998 3642 1095 3713 τὴν
1119 3641 1271 3694 λύσιν
1296 3641 1653 3711 ἐπιδέχονται.
1697 3639 1949 3710 Ἀμαθῶς

355 3734 471 3806 ἄρα
500 3735 592 3787 καὶ
624 3735 871 3806 ἀπείρως
893 3735 989 3806 τῆς
1010 3734 1119 3788 τῶν
1142 3734 1303 3787 θείων
1332 3733 1566 3805 Γραφῶν
1597 3732 1827 3803 θεωρίας
1883 3734 1944 3785 οὐ

362 3826 545 3896 μόνον,
574 3826 708 3879 ἀλλὰ
737 3828 831 3879 καὶ
862 3827 1119 3890 ἐναντίως
1147 3825 1224 3897 τῷ
1267 3826 1593 3895 Ἀποστόλῳ,
1622 3823 1943 3896 Μάρκελλος

359 3917 488 3978 τοὺς
554 3916 821 3986 Ἑλλήνων
870 3917 1087 3983 σοφοὺς,
1131 3916 1394 3986 τυχόντας
1454 3920 1571 3979 ταῖς
1619 3914 1943 3986 Παροιμίαις

354 4006 690 4076 Σολομῶνος,
725 4006 915 4077 μαθεῖν
939 4007 1031 4060 καὶ
1060 4006 1376 4076 ζηλῶσαιτὺ
1404 4007 1741 4079 προφητικὸν
1771 4006 1943 4084 γράμ-

361 4115 459 4167 μα,
496 4100 588 4150 καὶ
642 4098 731 4151 τὸν
770 4100 932 4152 αὐτὸν
968 4098 1162 4169 ἐκείνῳ
1206 4098 1414 4170 γράψαι
1471 4100 1691 4173 τρόπον,
1727 4098 1941 4169 ἀπεφή-

348 4209 507 4245 νατο.

2090 607 2527 664 animadvertere
2572 609 2721 673 licet,
2752 620 3089 680 quantopere
3123 614 3402 667 aberravit
3442 614 3489 669 is
3519 632 3547 668 a
3574 630 3666 669 ve.

2092 700 2271 764 ritate,
2313 716 2434 754 cum
2482 700 2712 756 afﬁrmet
2760 702 3017 765 Gratcos,
3082 705 3148 757 ad
3195 706 3451 760 eumdem
3508 707 3670 775 plane

2089 794 2331 859 modum,
2364 808 2473 861 quo
2518 792 2797 859 Salomon,
2837 796 3139 864 scripsisse.
3200 794 3454 851 Salomon
3519 800 3664 853 enim

2087 885 2370 954 sapientia,
2404 901 2524 954 qua:
2557 887 2815 940 divinitus
2844 898 2948 951 est,
2990 887 3276 955 impulsus,
3322 905 3474 942 suam
3528 892 3668 942 scri-

2090 987 2298 1044 pturam
2324 978 2657 1042 universam,
2691 979 2756 1030 ad
2786 978 3075 1032 utilitatem
3109 988 3162 1032 et
3190 980 3423 1034 salutem
3454 985 3632 1035 anima
3653 1011 3665 1020 -

2090 1086 2205 1122 rum
2238 1071 2424 1137 pietati
2461 1072 2801 1125 consecravit
2831 1087 2843 1121 :
2875 1086 3004 1125 usus
3040 1081 3124 1125 est
3152 1080 3354 1137 autem,
3403 1076 3469 1126 ad
3515 1075 3665 1142 inge-

2088 1164 2173 1214 nia
2224 1164 2511 1231 legentium
2562 1162 2888 1223 exercenda,
2930 1161 3285 1215 tenebricosis
3314 1165 3665 1230 problemati—

2086 1253 2206 1316 bus,
2235 1256 2579 1308 sermonibus
2618 1253 2878 1309 tortuosis
2924 1263 2979 1308 ct
3005 1253 3227 1309 vocibus
3254 1271 3350 1323 per
3374 1256 3662 1325 :cnigmata

2084 1348 2525 1411 procedentibus.
2558 1347 2812 1400 Testatur
2839 1348 2939 1401 hoc
2975 1348 3150 1417 ipsum
3190 1348 3241 1400 in
3281 1348 3438 1401 initio
3474 1347 3661 1402 statim

2085 1438 2229 1498 libri,
2253 1438 2343 1491 tibi
2378 1439 2490 1491 ait:
2529 1459 2546 1490 ‹
2581 1439 2675 1492 llis
2702 1440 2901 1494 auditis
2931 1439 3150 1507 sapiens
3177 1438 3475 1507 sapientior
3509 1440 3613 1493 erit
3642 1454 3658 1491 :

2085 1549 2104 1581 ε
2156 1530 2463 1601 intelligens
2500 1532 2797 1599 possidebit
2831 1532 3319 1601 gubernationem,
3369 1541 3424 1586 et
3462 1532 3663 1587 obscu-

2084 1642 2105 1674 ο
2156 1639 2336 1676 rorum
2386 1625 2673 1679 verborum
2725 1626 3011 1693 parabolas
3083 1636 3394 1692 cognoscet,
3446 1626 3661 1693 sapien-

2086 1733 2105 1765 t
2156 1726 2265 1769 tum
2289 1730 2506 1783 quoque
2524 1715 2665 1768 dicta
2689 1724 2743 1770 et
2768 1715 3107 1782 aenigmata.»
3133 1715 3329 1770 Iterum
3352 1730 3567 1785 quoque
3591 1715 3661 1769 ad

2081 1810 2481 1878 percipiendam
2514 1824 2825 1864 sermonum
2874 1810 3323 1880 intelligentiam:
3374 1830 3392 1862 ι
3421 1810 3487 1865 Et
3529 1826 3658 1881 pro-

2082 1919 2101 1952 t
2150 1902 2291 1956 freto
2327 1904 2441 1956 haec
2469 1904 2540 1955 ita
2570 1917 2628 1956 se
2667 1903 2866 1956 habere
2902 1900 3061 1956 facile
3089 1903 3256 1971 liquet
3296 1919 3327 1957 e
3382 1904 3660 1959 contentis

2081 2013 2100 2042 ‹
2146 1993 2406 2061 perillum
2442 1994 2660 2057 librum,
2692 2009 2815 2062 qua:
2842 2010 2946 2047 non
2978 1994 3143 2049 aliter
3171 2010 3460 2063 possumus
3491 1994 3658 2050 intel-

2083 2105 2099 2131 ι
2149 2086 2455 2152 ligere,nisi
2492 2085 2560 2138 ah
2592 2097 2778 2153 aperta
2807 2087 3037 2139 lectione
3069 2086 3138 2138 ad
3180 2086 3503 2140 sententiam
3534 2086 3661 2141 inde

2079 2193 2099 2227 ι
2144 2179 2467 2231 eliciendam
2535 2192 2632 2232 nos
2687 2178 3058 2231 conferamus.
3117 2177 3363 2245 Exempli
3431 2180 3653 2248 gratia:

2079 2287 2097 2319 ε
2150 2267 2315 2319 Erant
2363 2268 2599 2321 Itirudiui
2638 2280 2741 2322 tres
2791 2268 2920 2336 ﬁlia:
2959 2268 3164 2320 dilecta:
3194 2268 3502 2321 admodum.
3528 2266 3659 2322 lata

2079 2378 2098 2410 ι
2146 2372 2318 2413 autem
2346 2371 2471 2423 tres,
2499 2361 2647 2413 illam
2669 2377 2994 2432 nequaquam
3017 2359 3373 2423 adimplebant
3401 2375 3420 2413 :
3450 2371 3658 2429 quam:

2079 2471 2097 2502 ο
2144 2469 2262 2506 vero
2288 2470 2391 2506 non
2416 2452 2728 2521 satis/iebat,
2769 2468 2930 2523 neque
2966 2452 3192 2514 dicebat,
3214 2452 3343 2504 satis
3372 2463 3418 2504 et
3448 2450 3657 2506 abunde

2076 2562 2095 2594 ‹
2142 2555 2238 2599 σοι.
2280 2552 2337 2608 »Β
2368 2546 2497 2598 Item
2526 2565 2539 2600 :
2583 2545 2863 2611 Sapientia
2889 2546 2987 2599 sibi
3019 2545 3232 2598 domum
3264 2544 3568 2612 wdificavit,
3604 2556 3654 2599 et

2074 2653 2091 2683 ι
2141 2637 2432 2689 subrtruxit
2462 2636 2737 2689 columnas
2767 2644 2987 2704 septem,
3034 2634 3307 2701 sacriﬁcia
3356 2651 3455 2688 sua
3485 2634 3657 2704 jugu-

2074 2742 2093 2774 ι
2138 2724 2283 2789 lavit,
2319 2728 2494 2779 vinum
2520 2742 2675 2779 suum
2699 2726 2753 2779 in
2779 2736 2984 2779 cratere
3007 2726 3360 2780 commiscuit.
3388 2725 3520 2781 Item
3546 2727 3653 2781 alia

2073 2836 2092 2867 ‹
2141 2833 2243 2870 non
2279 2832 2448 2886 pauca
2479 2819 2637 2888 hujus
2668 2817 2909 2889 generis,
2949 2832 3071 2884 qua:
3096 2831 3203 2872 non
3229 2830 3460 2887 possunt
3492 2818 3652 2874 aliter

2072 2926 2089 2958 ι
2139 2910 2551 2977 comprehendi,
2586 2925 2690 2963 non
2724 2911 2789 2963 de
2842 2909 3095 2964 lectionis
3124 2909 3287 2974 facie,
3324 2926 3428 2963 non
3456 2927 3525 2965 ex
3554 2910 3655 2966 alio

2073 3019 2090 3049 ι
2137 3016 2239 3066 qua
2282 3000 2535 3063 historia,
2586 3001 2681 3054 sed
2719 3000 3060 3054 solummodo
3108 3015 3204 3069 per
3255 3005 3649 3070 metaphcram,

2071 3109 2089 3140 ι
2132 3101 2182 3144 et
2234 3090 2492 3144 dictionis
2542 3092 2978 3145 coaversionem.
3024 3111 3041 3143 ι
3078 3091 3147 3145 At
3185 3108 3313 3147 vero
3360 3094 3649 3160 proverbia

2064 3180 2376 3236 Graecorum
2429 3182 2519 3235 illa
2572 3182 2641 3235 ab
2689 3182 2914 3237 historia
2949 3182 3182 3250 quadam
3215 3182 3647 3239 deducebantur.

2061 3272 2197 3327 llud
2237 3275 2406 3339 enim,
2444 3274 2535 3327 Vel
2574 3283 2815 3327 mortuus
2858 3283 2956 3338 est,
3003 3272 3081 3327 vel
3125 3279 3275 3328 docet
3301 3275 3540 3338 litteras,
3579 3283 3647 3331 ab

2063 3364 2289 3418 historia
2332 3364 2590 3431 quadam,
2625 3362 2876 3417 concedit
2920 3362 3058 3430 ipse,
3083 3362 3365 3416 oriebatur
3398 3380 3411 3415 :
3444 3363 3512 3415 ab
3540 3363 3644 3416 alia

2065 3455 2285 3517 itidem,
2318 3452 2493 3516 Capra
2539 3453 2900 3521 gladium:et
2951 3450 3093 3503 illius
3148 3452 3323 3513 item,
3381 3448 3527 3505 Satis
3578 3450 3644 3505 de

2058 3563 2277 3617 quercu,
2321 3562 2387 3600 eo
2429 3547 2572 3615 quod
2625 3546 2716 3615 qui
2767 3543 3054 3615 glandibus
3103 3544 3232 3597 olim
3288 3543 3643 3599 vescebantur

2058 3638 2261 3693 diutius
2290 3638 2396 3693 illis
2425 3638 2569 3692 vesci
2606 3638 2948 3692 destiterunt.
2982 3635 3134 3704 Quod
3175 3636 3217 3689 si
3240 3633 3479 3692 Glaucus
3498 3635 3645 3706 quis-

2054 3728 2222 3797 piam,
2268 3728 2465 3781 artifcx
2514 3727 2713 3797 aliqt’is
2752 3728 3024 3797 egregius,
3064 3726 3431 3781 diversimode
3472 3726 3539 3782 ab
3575 3724 3642 3781 iis

2054 3822 2355 3884 ferebatur,
2382 3820 2474 3889 qui
2500 3820 2759 3889 deinceps
2781 3820 2833 3872 in
2867 3818 3174 3873 sententias
3207 3819 3275 3872 de
3310 3817 3402 3872 illo
3430 3818 3640 3873 discre—

2051 3922 2246 3985 pantes
2270 3914 2481 3975 abiere,
2507 3912 2637 3981 quid
2667 3914 2769 3967 hoc
2804 3913 2869 3964 ad
2905 3911 3163 3965 divinitus
3200 3910 3459 3980 inspirata
3504 3908 3639 3963 Pro—

2050 4005 2275 4061 verbia?
2297 4004 2480 4074 Neque
2504 4005 2675 4068 enim,
2704 4013 2762 4057 ut
2788 4003 2840 4057 in
2868 4002 3183 4058 Grzecornm
3219 4002 3280 4057 fit
3313 4001 3638 4072 proverbiis,

2050 4098 2120 4154 ab
2143 4097 2365 4154 historia
2386 4098 2619 4167 quadam
2640 4096 2731 4150 illa
2753 4096 3074 4152 solutionem
3100 4095 3407 4149 sortiuntur
3427 4108 3579 4149 suam
3621 4108 3636 4146 :

2052 4202 2110 4246 ut
2135 4204 2357 4245 necesse
2385 4189 2456 4243 sit
2483 4188 2817 4253 Marcellum,
2849 4203 2953 4243 non
2984 4186 3161 4241 solum
3187 4186 3438 4256 imperite
3470 4196 3636 4254 atque

360 4291 598 4352 indocte,
662 4290 755 4345 sed
813 4302 1006 4345 contra
1066 4300 1301 4345 mentem
1346 4290 1590 4361 Apostoli
1636 4290 1939 4346 atlirmasse
1977 4289 2251 4359 sapientes
2292 4284 2630 4349 Graecorum,
2688 4300 2810 4339 cum
2865 4283 2918 4337 in
2978 4280 3271 4337 Proverbia
3326 4280 3636 4336 Salomonis

360 4386 693 4449 incidissent,
739 4387 805 4439 ad
860 4387 1220 4441 imitationem
1258 4388 1591 4456 prophetica:
1620 4386 2001 4455 scripturaese
2032 4384 2098 4438 ad
2129 4382 2482 4438 scribendum
2527 4380 2879 4450 applicuisse.

428 4481 643 4533 Τούτων
672 4481 800 4550 ἡμῖν
828 4480 1132 4551 εἰρημένων
1154 4482 1232 4544 είς
1255 4480 1527 4545 ἀπόδειξιν
1547 4479 1640 4534 τοῦ
1669 4481 1805 4551 μηδὲ
1827 4482 1945 4543 ταῖς
1979 4505 2020 4558 ο

351 4573 528 4637 θείαις
571 4575 835 4645 Γραφαῖς,
888 4572 946 4625 ὃν
988 4572 1094 4644 χρὴ
1128 4573 1350 4643 τρόπον,
1389 4573 1807 4642 ἐντετυχηκέναι
1852 4572 1943 4624 τὸν

351 4668 540 4738 ἄνδρα,
570 4667 727 4720 καλεῖ
750 4667 813 4736 δὴ
844 4667 1032 4737 καιρὸς
1053 4666 1145 4718 καὶ
1164 4664 1260 4736 τὴν
1284 4666 1385 4735 οὐχ
1416 4665 1545 4735 ὑγιῆ
1576 4665 1676 4736 τῆς
1708 4664 1945 4727 πίστεως

351 4760 514 4812 αὑτοῦ
535 4758 689 4825 δόξαν
709 4758 1139 4827 ἐπισκέψασθαι·
1167 4758 1242 4821 ὼς
1262 4758 1479 4811 ἐναντία
1501 4755 1863 4829 (94)δοξάζων
1878 4757 1941 4825 τῇ

344 4852 777 4924 ἐκκλησιαστικῇ
843 4850 1179 4921 διδασκαλίᾳ,
1227 4851 1397 4920 αὐτήν
1435 4867 1493 4902 τε
1533 4850 1628 4902 καὶ
1666 4848 1791 4908 τοὺς
1817 4864 1945 4917 προ-

351 4944 587 5009 εστῶτας
618 4946 788 5016 αὐτῆς
820 4944 1122 4999 διέϐαλλεν.

1015 5063 1172 5115 ΚΕΦ.
1207 5063 1279 5116 Δ’.

344 5156 470 5207 ’Ὅτι
519 5154 628 5220 τήν
680 5173 741 5209 τε
786 5154 1300 5223 ἐκκλησιαστικὴν
1342 5154 1769 5216 διδασκαλίαν,
1830 5152 1929 5206 καὶ

556 5226 698 5291 τοὺς
739 5226 1117 5293 προεστῶτας
1144 5224 1333 5292 αὐτῆς
1372 5224 1707 5278 διέϐαλλεν.

419 5314 527 5386 (95)
549 5316 710 5387 Θήσω
727 5317 781 5368 δὲ
804 5318 1013 5387 πρῶτα,
1028 5310 1179 5371 δι’ὧν
1197 5320 1309 5379 τοῖς
1329 5315 1503 5387 ὀρθῶς
1525 5315 1618 5367 καὶ
1639 5313 1927 5383 ἐκκλησιαο

419 5460 478 5519 ›[‹
518 5454 613 5507 Ed.
652 5452 850 5520 Paris.,
894 5470 1015 5525 pag.
1052 5454 1138 5508 l8.

406 5592 524 5677 195)
562 5594 733 5665 Vulgo
762 5595 960 5677 στήλας
989 5604 1039 5677 et
1054 5594 1273 5677 δύναται
1296 5590 1529 5677 νοεῖσθαι
1563 5599 1616 5674 et
1643 5588 1749 5677 τῷν
1775 5590 1915 5641 ίστο-

343 5662 474 5736 ριῶν
498 5662 759 5731 τινωνξοῑ
787 5662 873 5717 διὰ
894 5668 990 5734 τὴν
1004 5665 1087 5736 δέ,
1118 5680 1165 5720 et
1201 5682 1321 5718 mox
1353 5666 1456 5729 Μν.
1484 5662 1652 5736 φασίν
1683 5664 1798 5736 ltn-_o
1814 5676 1916 5728 φη-

341 5729 443 5806 σίν,
477 5736 593 5790 Mox
627 5729 783 5806 vulgo
818 5729 1113 5805 γινομένην
1137 5748 1190 5790 et
1213 5737 1375 5789 αὑταὶ
1405 5737 1468 5786 ὲκ
1492 5729 1545 5787 et
1571 5729 1917 5800 Σολομῶντος

338 5813 397 5857 ῆι,
424 5804 527 5879 ista
552 5827 583 5877 χ
591 5804 742 5879 ρόνος
750 5847 761 5859 .

407 5876 526 5947 {94)
554 5870 669 5942 ’Ὦς
684 5879 946 5943 ἐναντία,
967 5887 1095 5941 ctc.,
1120 5874 1445 5930 amatum.
1464 5902 1533 5914 ι·-
1550 5870 1661 5943 Ego
1679 5887 1742 5927 ex
1762 5871 1920 5926 codd.

2128 4477 2224 4532 llis
2247 4478 2298 4531 in
2330 4492 2451 4531 eum
2481 4476 2640 4530 linem
2664 4492 2691 4528 a
2714 4476 2870 4529 nobis
2896 4474 3213 4546 prmmissis,
3248 4482 3304 4524 ut
3330 4468 3635 4527 certissime

2051 4580 2314 4640 appareat
2340 4570 2613 4625 hominem
2644 4582 3012 4638 nequaquam,
3045 4567 3115 4621 ita
3149 4566 3490 4636 utoportnit,
3516 4580 3635 4616 ver-

2050 4672 2225 4716 satum
2253 4662 2304 4714 in
2320 4659 2867 4728 Scriptnris,tempus
2888 4671 2995 4722 est,
3024 4658 3351 4727 ntdeinceps
3382 4659 3543 4711 fidem
3571 4655 3634 4708 il-

2050 4752 2174 4817 lius,
2208 4768 2370 4821 quam
2413 4752 2484 4807 sit
2517 4752 2657 4804 male
2686 4765 2841 4816 sana,
2878 4750 3289 4804 consideremus
3318 4763 3333 4799 :
3366 4757 3419 4801 et
3466 4761 3632 4815 quam

2042 4844 2353 4914 Oppositum
2367 4842 2691 4897 sententiam
2711 4850 2923 4897 tueatur
2937 4840 3487 4907 doctrinmecclesiaSt
3501 4840 3626 4893 icaaz

2047 4951 2211 5006 quam
2243 4951 2349 4989 una
2389 4950 2512 4989 cum
2551 4935 2795 5002 ejusdem
2825 4934 3171 4989 antistitibus
3201 4943 3448 4988 accusat.

2701 5054 2852 5110 CAP.
2898 5054 2985 5109 IV.

2044 5147 2196 5212 Quod
2225 5162 2343 5199 cum
2383 5148 2677 5268 doctrinm;
2708 5146 2981 5209 Ecclesim,
3009 5153 3121 5199 tum
3161 5144 3396 5213 ejusdem
3425 5157 3625 5211 pra‘su-

2678 5234 2728 5268 rs
2759 5228 2987 5268 accuset.

2678 5234 2728 5270 (’8
2759 5228 2987 5269 accuset.

2106 5318 2245 5366 Ante
2274 5311 2459 5367 omnia
2495 5311 2845 5381 proponenda
2883 5319 3009 5363 sunt
3042 5324 3070 5362 a
3106 5323 3191 5361 me
3239 5306 3351 5368 illa,
3403 5305 3457 5359 in
3499 5302 3627 5373 qui,

2024 5587 2142 5640 dedi
2175 5586 2449 5639 διέϐαλλεν
2466 5595 2521 5639 et
2549 5585 2601 5637 ἰη
2632 5585 2884 5637 lemmate
2913 5579 3091 5634 addidi
3122 5595 3181 5632 τε
3205 5584 3327 5646 post
3355 5577 3474 5646 τήν.

2097 5657 2212 5737 (ξιὸ)
2258 5656 2643 5737 Syllabtuphic
2674 5655 2895 5737 esltihet
2936 5647 3458 5737 illorumiéusebius,
3482 5660 3620 5716 quos

2029 5721 2231 5793 scripto
2262 5721 2358 5779 suo
2387 5729 2461 5779 ait
2506 5726 2814 5777 Marcellum
2848 5721 3199 5791 exagitasse,‘
3218 5734 3356 5793 quos
3384 5733 3621 5784 genera-

2034 5789 2154 5859 tim,
2182 5797 2341 5866 λόγου
2382 5795 2687 5867 ἀρξάμενος
2738 5789 3282 5867 commemoraverat.
3315 5789 3488 5867 _Et'au_t
3507 5803 3622 5867 nau-

2035 5856 2359 5923 ιειυόιιίιως
2390 5856 2712 5920 tiri—auorum
2744 5863 3023 5935 primipili,
3058 5869 3112 5915 et
3156 5859 3408 5916 acerrimi
3433 5856 3621 5913 deft-no
