4088 6400
481 417 582 470 ’151

1179 411 1441 466 EUSEB"
1479 407 1956 464 CAESARIENSIS
1993 405 2142 462 OPP.
2187 405 2363 460 PARS
2402 405 2488 459 IV.
2530 407 3022 463 —-DOGMATICA.

3629 411 3734 464 752

480 535 582 588 bus
627 547 691 587 ea
715 537 1011 600 oppugnat,
1045 543 1164 597 qnse
1200 535 1346 579 recte
1373 537 1429 579 et
1461 524 1758 578 secundum
1797 523 2046 576 Ecclesiae

2155 523 2352 586 στικῶς
2413 527 2700 596 γραφεῖσιν
2758 524 3056 592 ἀντιλέγειν
3117 526 3404 596 πειρᾶται,
3434 525 3736 582 διαϐάλλων

481 625 640 679 fidem
675 623 873 690 scripta
926 628 1072 674 sunt.
1109 618 1162 672 In
1200 617 1401 686 quibus
1455 625 1509 667 et
1555 616 1852 682 scriptores
1912 615 2054 681 ipsos

423 774 441 786 ,
479 717 741 774 conviciis
771 715 1022 782 impetit:
1053 723 1107 767 et
1145 721 1350 765 tantum
1407 726 1512 763 non
1549 718 1826 763 certamen
1880 707 2052 778 quod-

479 815 602 867 dam
661 807 914 877 generale
979 814 1166 859 contra
1219 801 1502 856 universos
1553 800 1801 863 instituit,
1837 799 2053 852 Asterio

479 903 808 972 quandoque
837 895 1218 966 repugnantia,
1251 893 1579 963 quandoque
1611 907 1806 961 magno
1841 889 1912 942 illi
1946 889 2054 944 Eu-

479 996 632 1050 sebio
663 992 930 1048 scribens.
963 995 1022 1052 ἧι
1055 987 1334 1042 Convertit
1357 985 1483 1039 hinc
1499 1000 1560 1038 se
1589 983 1844 1051 deinceps
1863 992 2050 1036 contra

478 1071 786 1147 Paulinum,
819 1085 994 1136 virmn
1035 1081 1186 1135 illum
1240 1077 1330 1132 Dei
1362 1075 1762 1138 beatissimum,
1791 1074 2052 1141 dignitate

477 1180 761 1249 przeditnm
814 1172 1198 1228 Antiochensis
1241 1171 1518 1232 Ecclesia,
1549 1183 1669 1221 cum
1703 1167 1851 1237 prius
1876 1165 2053 1236 Tyriae

476 1290 537 1326 ea
592 1270 848 1337 dignitate
887 1267 1174 1334 episc0pus
1209 1263 1533 1333 praefuisset.
1590 1259 1642 1312 ln
1699 1275 1805 1329 qua
1835 1260 2050 1326 quidem

475 1358 831 1416 Antiochensi
863 1356 1254 1426 gubernatione
1306 1367 1364 1408 se
1413 1354 1485 1406 ita
1518 1352 1705 1422 gessit,
1745 1362 1803 1404 ιιι
1837 1367 1941 1405 non
1966 1367 2050 1406 se-

429 1523 436 1526 _
476 1471 572 1510 cus
597 1469 760 1524 quam
789 1453 1056 1520 privatum
1091 1462 1246 1501 suum
1279 1446 1501 1507 bonum,
1544 1444 1692 1498 illum
1725 1444 2052 1498 Antiochen-

475 1565 562 1604 ses
591 1545 1066 1613 amplecterentur.
1103 1539 1259 1593 Hunc
1307 1537 1448 1592 felici
1496 1539 1728 1591 decursu
1760 1537 1937 1590 aetatis
1983 1538 2048 1590 ad

476 1648 673 1690 metam
707 1636 920 1688 beatam
971 1630 1163 1684 mortis
1210 1629 1611 1692 devenientem,
1662 1627 1884 1697 jamque
1920 1628 2048 1682 olim

474 1729 786 1783 defunctum
817 1727 949 1788 vita,
984 1739 1159 1792 neque
1184 1721 1288 1776 ulla
1315 1722 1418 1791 ipsi
1465 1721 1710 1790 molestia
1750 1722 2048 1792 cognitum,

475 1819 809 1874 admirabilis
846 1818 936 1872 hic
981 1816 1216 1886 scriptor
1250 1814 1461 1869 irridet.
1496 1813 1629 1868 Hinc
1659 1814 1937 1882 profectus
1967 1815 2050 1868 in-

2155 619 2280 680 τοὺς
2314 617 2648 687 γράψαντας,
2697 619 2791 671 καὶ
2835 617 3116 688 μονονουχὶ
3142 618 3445 689 πάμμαχον
3479 622 3736 676 συνιστά-

2159 726 2316 780 μενος
2373 709 2559 777 άγῶνα
2611 711 2748 781 πρὸς
2806 711 3034 774 πάντας.
3100 711 3258 782 "Apri
3297 710 3398 780 μὲν
3455 711 3562 783 γὰρ
3597 713 3736 785 πρὸς

2167 801 2441 872 Ἀστέριον
2464 802 2562 872 τὴν
2591 802 2911 874 ἀντίρρησιν
2935 805 3195 855 ποιεῖται·
3225 802 3349 873 ἄρτι
3375 802 3432 855 δὲ
3469 803 3602 874 πρὸς
3630 805 3740 858 Εὑ-

2157 892 2333 945 σέ6ιον
2361 893 2452 946 τὸν
2479 893 2652 963 μέγαν
2670 893 2804 965 (96),
2823 895 2918 948 καὶ
2944 893 3134 947 ἔπειτα
3156 895 3248 945 ἐπὶ
3265 893 3355 945 τὸν
3376 892 3467 946 τοῦ
3492 893 3627 946 Θεοῦ
3650 894 3738 948 άν-

2155 983 2369 1054 θρωπον
2392 984 2482 1037 τὸν
2514 984 2589 1048 ὡς
2621 985 2833 1056 ἀληθῶς
2865 987 3282 1058 τρισμακάριον,
3305 985 3566 1057 τρέπεται
3587 987 3736 1039 Παυ-

2154 1075 2294 1128 λῖνον
2313 1075 2445 1143 (97),
2467 1075 2635 1146 ἄνδρα
2665 1076 2964 1146 τιμηθέντα
3003 1078 3097 1147 μὲν
3136 1076 3236 1147 τῆς
3268 1076 3581 1146 Ἀντιοχέων
3618 1077 3739 1130 Ἐκ-

2155 1169 2403 1242 κλησίας,
2434 1170 2707 1241 πρεσϐείῳ
2728 1171 3042 1242 διαπρεπῶς
3072 1171 3119 1224 τ’
3143 1169 3615 1225 ἐπισκοπεύσαντα
3637 1170 3740 1241 τῆς

2153 1263 2387 1334 Τυρίων,
2424 1262 2566 1315 οὕτω
2603 1280 2664 1316 τε
2707 1266 2766 1316 ἐν
2799 1267 2863 1334 τῇ
2902 1265 3174 1335 ἐπισκοπῇ
3205 1262 3616 1334 διαλάμψαντα,
3661 1263 3739 1328 ὡς

2154 1355 2250 1426 τὴν
2294 1355 2608 1424 Ἀντιοχέων
2650 1355 2996 1426 Ἐκκλησίαν,
3031 1356 3105 1419 ὡς
3141 1357 3342 1408 οἰκείου
3376 1354 3605 1423 ἀγαθοῦ,
3644 1373 3740 1426 με-

2152 1447 2511 1518 ταποιηθῆναι
2540 1447 2726 1501 αὑτοῦ.
2776 1447 2937 1501 Ἀλλά
2975 1449 3068 1502 καὶ
3096 1447 3283 1502 τοῦτον
3320 1447 3606 1520 μακαρίως
3638 1447 3738 1517 μὲν

2155 1541 2474 1612 βεϐιωκότα,
2535 1544 2820 1615 μακαρίως
2852 1541 2908 1595 δὲ
2943 1541 3422 1611 ἀναπεπαυμένον,
3461 1539 3630 1592 πάλαι
3677 1557 3738 1593 τε

2153 1633 2572 1704 κεκοιμημένον,
2614 1635 2708 1687 καὶ
2749 1634 2914 1705 μηδὲν
2939 1632 3089 1703 αὑτῷ
3119 1630 3510 1702 διενοχλοῦντα,
3551 1633 3580 1684 ὀ
3608 1630 3737 1684 θαυ-

2155 1723 2357 1793 μαστὸς
2374 1717 2526 1788 οὗτος
2547 1725 2892 1795 συγγραφεὺς
2906 1721 3281 1777 σκώπτει.Καὶ
3298 1721 3560 1775 ἐκτούτου
3581 1739 3740 1794 μετα-

2152 1814 2270 1878 ϐὰς,
2289 1815 2548 1886 Ὦριγένει
2561 1817 2806 1887 πολεμεῖ,
2826 1815 3103 1887 πρόπαλαι
3117 1816 3209 1869 καὶ
3230 1814 3376 1885 αὐτῷ
3397 1815 3736 1886 πεπαυμένῳ

477 1913 610 1967 dicit
655 1911 873 1979 Origeni
929 1909 1152 1972 bellmn,
1219 1907 1311 1976 qui
1367 1915 1491 1960 ante
1529 1921 1701 1961 annos
1739 1908 2043 1976 complures

2153 1905 2238 1958 τοῦ
2293 1905 2427 1976 βίου.
2463 1909 2693 1962 Ἔπειτα
2741 1907 3038 1978 Ναρκίσσῳ
3095 1904 3546 1976 ἐπιστρατεύεται
3579 1905 3687 1972 (98)
3716 1923 3728 1934 ·

476 2001 713 2059 excessit
742 2017 773 2056 e
804 2001 936 2054 vita.
965 1999 1225 2052 Armatur
1255 1997 1514 2067 deinceps
1567 1997 1619 2050 in
1675 1995 1988 2052 Narcissum
2028 2015 2043 2051 :

476 2101 709 2153 alterum
765 2095 943 2148 adhuc
1002 2093 1293 2146 Eusebium
1346 2091 1713 2160 persequitur,
1776 2101 1832 2144 ut
1882 2093 2046 2144 verbo

473 2192 674 2253 dit-am,
726 2186 984 2242 Ecclesia:
1037 2183 1228 2238 Patres
1282 2198 1474 2237 omnes
1525 2185 1676 2237 nihili
1730 2183 2046 2239 facit:solo

473 2284 651 2352 seipso
678 2289 987 2339 contentus,
1018 2276 1118 2331 sibi
1159 2275 1356 2345 placet.
1395 2274 1600 2330 Scribit
1655 2276 1836 2342 itaque.
1877 2289 1932 2330 et
1980 2277 2047 2330 de

475 2371 808 2431 nominibus,
839 2367 905 2421 ad
957 2367 1100 2420 hunc
1149 2367 1366 2419 modum
1399 2365 1730 2436 singulorum
1762 2382 1884 2421 cum
1920 2382 2050 2422 con-

469 2465 626 2519 viciis
658 2462 986 2516 mentionem
1032 2457 1180 2512 facit.
1218 2457 1512 2512 Exordium
1544 2474 1705 2527 porro
1734 2474 1945 2514 sumam
1979 2463 2049 2513 ab

471 2554 694 2626 epistola
728 2553 814 2607 illa
843 2567 1005 2621 quam
1041 2551 1284 2619 scripsit,
1315 2551 1367 2603 in
1416 2565 1522 2620 qua
1555 2552 1817 2620 scriptum
1852 2563 1957 2617 est,
1987 2568 2046 2607 se

546 2719 604 2777 ὦ
642 2713 739 2767 Ed.
781 2711 984 2775 Paris.,
1024 2727 1148 2781 pag.
1181 2711 1266 2765 l9.

472 2887 647 2930 sores.
677 2870 909 2934 Origene
955 2878 1181 2934 excepto
1216 2869 1305 2938 qni
1351 2869 1511 2924 veluti
1541 2875 2048 2938 supernnmerarius

471 2951 573 2996 est.
630 2941 703 2994 De
745 2939 959 2992 Asterie
1007 2955 1137 2991 sane
1185 2940 1350 2992 semel
1401 2951 1562 3008 atque
1604 2943 1796 2994 iterum
1845 2945 2047 2998 dictum

470 3025 575 3066 est.
607 3011 735 3064 Erat
765 3009 963 3082 passim
991 3009 1077 3062 ille
1110 3008 1309 3082 ρέμϐος
1335 3013 1814 3082 ειπεριφοιτητής,
1839 3015 2050 3082 episco-

473 3093 656 3151 patum
693 3079 957 3133 anhelans
982 3089 1036 3131 et
1075 3079 1417 3146 adhinuiens,
1444 3097 1602 3150 quem
1635 3079 1849 3136 tandem
1873 3079 2045 3152 'opera

473 3153 798 3222 Arianorum
843 3156 1146 3222 assecutum
1203 3164 1347 3222 eum,
1390 3162 1516 3206 sunt
1554 3153 1644 3222 qui
1677 3162 1870 3220 putant
1904 3171 1918 3216 ;
1953 3157 2046 3209 sed

477 3238 663 3276 vereor
697 3221 853 3273 falso.
895 3219 1024 3272 Erat
1061 3217 1206 3272 enim
1247 3219 1383 3275 alius
1427 3223 1496 3275 ab
1527 3217 1592 3276 eo
1621 3217 1888 3285 Asterius,
1922 3241 2044 3278 cum

470 3297 802 3361 episcopatu.
832 3290 931 3361 qui
955 3290 1022 3361 ab
1045 3289 1258 3342 Arianis
1304 3293 1517 3344 tandem
1551 3295 1616 3344 ad
1651 3304 1830 3358 partes
1861 3297 2046 3346 ortho-

470 3359 730 3415 tlux'orum
765 3359 1034 3418 transivit,
1067 3367 1128 3412 ut
1176 3361 1406 3413 relatum
1439 3364 1507 3415 ab
1545 3362 1876 3422 Athanasio;
1927 3374 2046 3417 erat

471 3433 644 3486 Petra:
666 3431 716 3484 in
753 3431 950 3502 Arabia
975 3429 1281 3502 episcopus,
1300 3432 1388 3499 qui
1420 3431 1624 3484 detexit
1655 3433 1856 3502 flagitia
1888 3435 2046 3486 Aria-

472 3518 668 3556 nurum
705 3510 906 3567 :atque
933 3500 1056 3553 ideo
1092 3500 1163 3553 ab
1197 3501 1304 3552 illis
1349 3502 1399 3554 in
1443 3503 1690 3555 exsilium
1727 3500 1912 3568 pulsus
1946 3507 2046 3558 sub

469 3571 815 3634 Constantio;
853 3571 994 3624 hunc
1040 3585 1166 3624 vero
1213 3571 1609 3638 Cappadocem,
1647 3572 1842 3624 καππὰ
1881 3574 2043 3626 κάκι-

471 3658 616 3704 στον,
655 3656 758 3693 non
784 3640 1025 3706 potuisse
1051 3657 1080 3693 a
1112 3640 1222 3693 suis
1249 3643 1562 3710 episcopum
1603 3643 1874 3708 designari
1898 3648 2036 3696 scri-

471 3717 578 3778 psit
633 3711 993 3783 Athanasius,
1035 3725 1101 3764 eo
1149 3714 1455 3783 quodrerat
1514 3711 1700 3783 θυτής.
1748 3712 1905 3783 Idi-.lis
1941 3716 2042 3768 sub

470 3783 797 3837 Maximiano
821 3782 1225 3852 thuriticaverat
1249 3781 1555 3852 ι’Λστέριος
1577 3781 1732 3844 eam;
1749 3782 1857 3836 ἀπὸ
1883 3785 2045 3836 Καπ-

469 3852 752 3924 παδοκίας,
774 3850 1112 3924 πολυκέφαλο
1125 3870 1141 3912 ;
1180 3847 1456 3924 σοφιστὴς,
1475 3847 1571 3924 εἷς
1588 3852 1661 3904 ὢν
1683 3853 1789 3924 τῶν
1813 3855 1938 3924 περὶ
1956 3856 2052 3907 Εὔ-

471 3923 670 3994 σέϐιον,
697 3921 882 3988 ἐπειδὴ
913 3922 1078 3982 θύσας
1104 3924 1160 3974 ἐν
1186 3921 1262 3994 τῷ
1289 3921 1536 3994 προτέρῳ
1549 3923 1784 3994 διωγμῷ
1805 3921 2052 3994 τιῖίκατὰ

467 3995 562 4045 τὸν
601 3993 841 4065 πάππων
873 3977 1288 4065 ’Κοινσταειτίου,
1317 3977 1417 4045 οὐκ
1462 3977 2051 4065 ἦὸὑνατὸ’παρ”αὺτῶν

471 4066 552 4136 είς
581 4062 781 4136 κλῆρον
811 4063 1170 4136 προαχθῆναι,
1197 4066 1342 4115 ποιεῖ
1369 4063 1763 4136 μετὰ-γνώμης
1791 4062 1900 4117 τῶν
1921 4067 2052 4136 περὶ

469 4133 728 4188 Εὑσὲϐιον
761 4133 1179 4202 συνταγμάτων,
1210 4136 1390 4187 ὁποῖον
1417 4135 1480 4186 ἂν
1509 4133 1689 4188 ἔθελον
1715 4133 1892 4199 αὐτοὶ,
1939 4133 2050 4190 ἴσον

469 4204 526 4258 δὲ
563 4202 641 4272 τῷ
681 4203 779 4275 τῆς
820 4202 1010 4265 θυσίας
1032 4202 1222 4275 ἀὐτοῦ
1273 4203 1604 4275 τολμήματι.
1659 4210 1920 4260 Athanas.
1975 4207 2050 4259 De

470 4279 659 4344 synod.
690 4274 914 4347 {iri-ltiti.
949 4272 1292 4347 et_§elcuciae,
1321 4272 1580 4329 huc—crat
1612 4276 1739 4330 illud
1763 4279 2046 4347 scriptum,

469 4343 537 4400 de
563 4361 670 4412 quo
696 4345 977 4398 Eusebius.
999 4343 1070 4397 Μ.

539 4415 654 4485 (96)
693 4414 984 4468 Εὑσέϐιον
1033 4414 1143 4468 τὸν
1190 4413 1401 4484 μέγαν.
1442 4413 1680 4481 Scelere,
1715 4415 1960 4483 audacia,
1993 4425 2049 4470 et

472 4486 1058 4558 impietatenimirum.
1094 4486 1301 4558 llic‘est
1324 4489 1466 4539 enim
1497 4487 1616 4558 ille.
1638 4487 1805 4558 pestis
1839 4500 1894 4541 et
1924 4503 2049 4555 per-

473 4558 644 4609 nicies
695 4556 845 4610 orbis
899 4567 954 4610 et
1002 4556 1124 4609 fidei
1175 4555 1535 4619 Christianae,
1573 4555 2042 4621 Nicomediensis,

472 4629 796 4696 Arianorum
828 4627 962 4696 deus
1012 4627 1280 4689 tutelaris,
1315 4638 1372 4677 ut
1413 4642 1511 4681 suo
1544 4644 1602 4683 se
1639 4629 1834 4683 imlicio
1857 4629 2050 4696 prodat

471 4710 658 4754 sorex,
692 4695 783 4762 qui
827 4695 968 4750 hanc
1017 4696 1211 4750 furiam
1261 4707 1369 4751 tam
1410 4699 1702 4766 compellat
1729 4695 2047 4764 honorifice,

473 4766 785 4839 c.it_l_n_ilicis,
825 4781 923 4839 nec
951 4766 1243 4839 immerito,
1286 4768 1516 4821 invisum
1544 4781 1725 4839 caput.
1761 4767 1832 4822 Μ.

545 4836 658 4906 (97)
697 4835 1021 4908 Παυλῖνον.
1052 4835 1164 4890 Cur
1189 4840 1324 4892 adeo
1363 4840 1506 4892 hunc
1555 4835 1842 4908 magnifice
1866 4837 2048 4893 dilati--

473 4906 582 4968 det,
617 4909 827 4973 ignoro,
859 4907 961 4978 nisi
991 4909 1134 4978 quod
1187 4909 1327 4962 inter
1359 4912 1565 4974 primos
1609 4906 1673 4962 ad
1715 4910 1828 4964 Arii
1866 4921 2048 4978 partes

475 4979 729 5038 tiu-udas,
763 4991 885 5029 cum
924 4975 1155 5031 Eusebio
1211 4980 1564 5042 Caesariensi,
1593 4975 1879 5034 Tlteodotu
1913 4979 2050 5033 Lao-

471 5048 661 5127 dicea,
698 5047 1010 5127 Patrophilo
1033 5047 1507 5127 Scytlmpolitauo,
1530 5051 1764 5127 Eusebio
1793 5050 2040 5127 Nicome-

2155 2001 2248 2052 καὶ
2273 1999 2363 2052 τὸν
2387 1999 2573 2071 ἕτερον
2593 2001 2850 2054 Εὐσέϐιον
2881 2000 2992 2069 (99)
3024 2001 3228 2053 διώκειο
3260 1998 3394 2068 ὁμοῦ
3431 2015 3490 2052 τε
3528 1999 3729 2062 πάντας

2153 2090 2279 2154 τοὺς
2305 2090 2788 2162 ἐκκλησιαστικοὺς
2804 2092 3055 2162 Πατέρας
3084 2089 3266 2143 ἀθετεῖ
3291 2088 3450 2160 (99’),
3475 2088 3640 2142 οὐδενὶ
3665 2088 3722 2140 τὸ

2153 2184 2414 2254 παράπαν
2447 2185 2811 2254 ἀρεσκόμενος
2842 2184 2876 2256 ἢ
2911 2184 3055 2255 μόνῳ
3087 2183 3286 2253 ἐαυτῷ.
3330 2182 3531 2253 Γράφει
3557 2181 3598 2234 δ’
3630 2178 3719 2236 οὖν

2151 2275 2432 2346 ὀνομαστὶ,
2470 2277 2658 2341 κακῶς
2704 2278 3059 2348 μνημονεύων
3105 2277 3380 2340 ἁπάντων,
3417 2275 3599 2328 τοῦτον
3636 2273 3722 2326 τὸν

2154 2368 2374 2439 τρόπον.
2406 2368 2675 2440 Ἀρξομαι
2732 2371 2912 2424 τοίνυν
2945 2370 3039 2424 ἀπ’
3070 2371 3238 2441 αὐτῆς
3276 2369 3366 2422 ὑπ’
3399 2367 3562 2422 αὐτοῦ
3595 2382 3727 2438 γρα-

2154 2461 2348 2534 φείσης
2363 2463 2668 2535 ὲπιστολῆςο
2687 2463 2826 2536 πρὸς
2843 2463 3070 2518 ἕκαστον
3094 2463 3200 2516 τῶν
3217 2463 3290 2532 μὴ
3312 2460 3486 2532 ὀρθῶς
3502 2457 3736 2530 γραφέν-

2157 2572 2264 2609 των
2297 2558 2599 2626 ἀντιλέγειν
2637 2559 2880 2630 γέγραφε
2910 2557 3005 2628 (1)ο
3049 2575 3068 2608 ι
3098 2555 3380 2608 Πιστεὺειν
3406 2555 3485 2616 είς
3518 2551 3737 2622 Πατέρα

2157 2876 2247 2929 dat
2283 2873 2546 2944 Eusebius
2575 2871 2669 2925 lih.
2702 2886 2755 2934 ιι,
2807 2871 3008 2944 cap._4,
3041 2870 3130 2926 ubi
3172 2877 3318 2944 totus
3345 2880 3449 2944 est
3493 2886 3736 2944 panegy-

2160 2946 2339 2999 ristes.
2386 2942 2568 2996 Disces
2629 2951 2805 2993 autem
2862 2941 3007 3004 imle,
3045 2956 3143 2994 cur
3182 2941 3271 2996 hic
3309 2941 3376 2996 ab
3419 2957 3485 2996 eo
3515 2941 3738 2999 dicatur

2153 3013 2612 3086 6t1ﬁp£ﬁi§§j€ﬁ¢
2647 3011 2754 3063 τῶν
2804 3011 3015 3086 Τυρίων
3054 3011 3378 3086 Ἐκκλησίας
3430 3012 3738 3086 praal‘uisse.

2154 3082 2343 3139 Exstat
2369 3085 2434 3136 ad
2468 3082 3004 3152 illum_contribulem
3028 3093 3082 3136 et
3109 3082 3399 3152 σύμψηφον
3422 3097 3601 3152 suum,
3620 3085 3734 3152 epi-

2155 3158 2291 3209 smla
2335 3153 2550 3206 Eusebii
2592 3149 3026 3206 Nicomediensis
3059 3149 3334 3216 :ilastoris,
3379 3151 3518 3219 apud
3557 3149 3733 3206 Theo-

2152 3227 2331 3279 duret.
2366 3224 2460 3277 lib.
2494 3238 2534 3284 I,
2567 3238 2685 3288 Cap.
2719 3221 2774 3282 6,
2816 3231 2891 3284 et,
2923 3223 2974 3274 ni
3025 3221 3205 3282 fallor.
3245 3223 3386 3274 idem
3421 3230 3506 3272 est
3549 3223 3635 3276 cui
3663 3223 3731 3276 li-

2153 3296 2307 3348 brum
2339 3293 2468 3363 περ).
2492 3290 2730 3345 τοπικῶν
2752 3293 3032 3361 ὀνομάτων
3065 3291 3164 3362 τῆς
3181 3291 3332 3354 θείας
3352 3290 3574 3363 Γραφῆς
3604 3294 3730 3347 hac-

2153 3376 2310 3418 tenus
2365 3362 2623 3417 ineditum
2687 3367 2943 3429 scripsit,
2993 3371 3046 3414 et
3099 3363 3287 3416 eodem
3341 3362 3519 3430 elogio
3567 3364 3727 3417 isthic

2149 3450 2365 3514 quoque
2391 3444 2640 3514 esornat.
2665 3431 3162 3514 M.—‘-S'upra.vulgo
3182 3431 3646 3514 τρισμακάριστον
3673 3445 3725 3487 et

2152 3500 2250 3575 μὲν
2281 3500 2478 3574 ’τιμηθ.
2533 3514 2586 3554 et
2630 3500 2931 3575 πρεσὸείῳ⁸
2968 3500 3297 3575 διαπρεπῶς
3315 3500 3412 3575 δὲ⁸
3443 3500 3540 3570 τῆς
3570 3503 3720 3575 -Τυμ

2147 3570 2331 3628 ἐπισκ.
2351 3570 2858 3644 ειμεταποιηθῆναι
2874 3570 3042 3644 αὐτῷ.
3066 3570 3196 3629 Dein
3215 3573 3372 3642 vulgo
3392 3570 3721 3642 διηνοχλοῦνο

2147 3663 2237 3707 τα,
2273 3649 2302 3698 ὀ
2338 3641 2643 3714 θαυμάσιος
2674 3641 2728 3697 et
2753 3644 2844 3714 τὸν
2880 3641 3012 3712 βίονζ

2221 3717 2332 3782 (98)
2370 3710 2698 3782 Ναρκίσσῳ
2754 3710 3257 3781 ἐπιστρατεύεται.
3299 3711 3442 3764 Alius
3486 3710 3718 3763 Ariano-

2155 3802 2270 3838 rum
2304 3786 2548 3855 signifer.
2579 3784 2706 3855 Erat
2736 3784 3024 3855 episcopus
3059 3784 3395 3855 Neroniatlis,
3423 3789 3724 3855 quaehpost-

2153 3872 2214 3908 ea
2275 3849 2559 3909 dicebatur
2608 3849 2937 3920 Irenopolis,
2971 3856 3123 3908 urbis
3170 3855 3223 3907 in
3274 3849 3465 3906 minori
3511 3849 3722 3920 Cilicia.

2153 3927 2400 3980 Meminit
2435 3926 2579 3978 illius
2629 3919 2961 3977 Athanasius
3014 3925 3316 3994 aliqumies.
3371 3921 3515 3994 Vide
3548 3919 3724 3994 Theo-

2153 3998 2272 4052 dor.
2313 4013 2351 4058 I,
2377 3996 2407 4046 Ἰ
2435 4013 2449 4062 ;
2482 3999 2549 4049 de
2585 3994 2742 4062 hujus
2787 3996 3015 4055 epistola
3055 3989 3120 4046 ad
3155 3996 3465 4052 Chrestum,
3503 3989 3731 4044 inferius

2153 4072 2354 4136 agitur,
2377 4069 2426 4120 in
2469 4067 2570 4118 hoc
2594 4065 3001 4136 capitegatlltuc
3035 4065 3377 4118 ortltodonts
3408 4062 3733 4116 interfuerat

2152 4133 2387 4191 concilio
2418 4133 2728 4204 Ancyrano.
2766 4133 2834 4188 Μ.

2223 4208 2336 4275 (99)
2379 4201 2629 4274 "Et/spor
2677 4204 2988 4258 Εὑσέϐιον.
3052 4206 3412 4272 Semetipsum
3483 4201 3726 4275 scilicet,

2150 4271 2402 4346 qmerunt
2463 4271 2894 4348 hvperasliistem
2943 4276 3076 4348 Arii,
3122 4285 3201 4348 ιιιᾷ
3229 4271 3414 4348 revera
3463 4281 3604 4333 erat,
3631 4271 3731 4348 sed

2152 4341 2314 4415 clam,
2343 4341 2588 4469 exagi'tah;
2629 4341 2954 4408 Marcellus;
2987 4346 3144 4399 ducet
3189 4345 3293 4399 hoc
3319 4345 3592 4410 deinceps,
3629 4341 3732 4394 hoc

2153 4418 2274 4469 ioso
2304 4419 2504 4469 eaoile.
2598 4457 2609 4467 .

2153 4418 2274 4472 ioso
2304 4419 2504 4472 eaoile.
2539 4418 2609 4469 M.

2173 4433 2274 4488 pso
2304 4433 2504 4487 capue.
2539 4433 2609 4469 ιιι.

2223 4488 2364 4557 (99')
2407 4486 2619 4540 Οὐδενὶ
2662 4486 2728 4540 τὸ
2762 4484 3062 4554 παράπαν.
3100 4483 3336 4557 O.n_ni_uo
3371 4482 3563 4557 falsum
3612 4490 3729 4546 est;

2153 4553 2307 4612 multi
2338 4553 2482 4611 enim
2517 4557 2764 4610 Marcello
2794 4553 3162 4610 adhaeserunt.
3193 4553 3365 4609 Julius
3406 4555 3559 4606 Ιὶυιιι.
3599 4569 3736 4620 pou-

2154 4629 2308 4693 tifex,
2337 4629 2404 4682 ad
2438 4629 2876 4682 communionem
2932 4626 3172 4689 admisit,
3209 4625 3504 4678 concilium
3539 4623 3733 4693 Sardi-

2149 4692 2335 4773 cense,
2370 4699 2672 4773 absolutum
2711 4697 2964 4773 laudavit.
2994 4695 3319 4773 :AOavéato;
3345 4695 3407 4773 δε
3445 4694 3540 4773 καὶ
3574 4692 3737 4773 Σιμάρ-

2149 4769 2338 4833 κελλος
2375 4767 2669 4830 ἐπίσκοπος
2697 4767 2950 4830 πλείονας
2992 4765 3174 4836 έχουσι
3208 4765 3336 4829 τοὺς
3387 4764 3528 4886 ὑπὲρ
3557 4764 3738 4816 αὐτῶν

2149 4839 2406 4886 λέγοντας
2454 4839 2548 4886 καὶ
2593 4839 2925 4886 γράφοντας.
2977 4835 3152 4886 Julius
3205 4840 3256 4886 in
3311 4838 3541 4886 eoistoa
3595 4835 3738 4886 apud

2149 4839 2406 4908 λέγοντας
2454 4839 2548 4892 καὶ
2593 4839 2940 4909 γράφοντας,
2977 4835 3152 4890 Julius
3205 4835 3541 4909 iuﬂepistola
3595 4835 3738 4901 ame

2149 4912 2354 4964 Athan.
2385 4911 2440 4974 2,
2473 4907 2690 4978 Apoldg.
2717 4913 2800 4961 cui
2835 4908 3011 4978 potior
3045 4909 3176 4960 fides
3210 4907 3542 4978 adhibenda,
3567 4919 3734 4972 quam

2151 4983 2430 5034 ScXt'entis
2462 4976 2816 5032 Ariutn'auitis
2837 4976 2928 5032 vel
2954 4977 3221 5032 Eusebiis.
3252 4976 3324 5032 M.
3767 5019 3774 5025 .

2223 5051 2300 5119 (l)
2354 5048 2714 5129 Ἀντιρῖέτειν
2764 5049 3037 5129 γέγραφε.
3079 5049 3329 5129 ‘lie-stitlte
3383 5046 3560 5129 locum
3603 5058 3736 5098 cor-

472 5119 647 5171 diensi
673 5112 954 5191 episcopis
987 5112 1262 5191 accessit,
1293 5122 1435 5187 quod
1477 5112 1634 5191 docet
1669 5121 2038 5174 Athanasius:

2153 5112 2390 5191 ruptum,
2427 5120 2565 5191 πρὸς
2595 5112 2981 5191 ἕκαστοντῶν
3033 5117 3107 5191 μὴ
3145 5117 3322 5191 ὀρθῶς
3343 5114 3695 5191 -γραφέντων
3716 5153 3733 5177 ,

472 5197 526 5239 et
552 5187 814 5257 gloriatur
836 5189 950 5256 ipse
972 5188 1134 5242 Arius
1163 5190 1214 5241 in
1245 5193 1403 5255 epist.
1439 5192 1505 5243 ad
1538 5190 1824 5243 Eusebium
1846 5229 1862 5252 ,
1899 5191 2040 5256 apud

473 5257 801 5314 Theodoret.
831 5257 925 5312 lib.
954 5272 994 5317 I.
1017 5273 1137 5328 cap.
1162 5259 1216 5312 5.
1244 5257 1357 5313 Non
1400 5271 1481 5315 est
1516 5269 1693 5314 autem
1737 5261 1823 5313 ille
1855 5261 2038 5314 Pauli-

473 5344 575 5381 nus
604 5331 669 5382 de
705 5345 812 5396 quo
862 5328 1200 5396 frequentior
1237 5332 1378 5397 apud
1417 5329 1773 5384 Athanasium
1819 5332 2043 5394 mentio,

471 5401 563 5464 qui
617 5414 646 5452 a
680 5397 931 5452 Lucifero
982 5398 1297 5452 Calaritano
1338 5401 1658 5458 ordinatus,
1693 5411 1874 5466 partes
1919 5416 2044 5454 suas

472 5469 662 5522 halmit
691 5471 742 5522 in
773 5470 1064 5523 schismate
1098 5469 1188 5522 illo
1233 5471 1581 5523 Antiochensi
1628 5469 1993 5525 famosissima
2027 5487 2041 5524 :

473 5554 785 5607 quanquam
826 5543 991 5592 etiam
1028 5541 1315 5608 episcopus
1359 5540 1775 5604 Antiochensis;
1812 5541 1913 5594 fuit
1953 5559 2046 5591 au-

476 5621 583 5662 tem
625 5612 1072 5679 lnecﬁantistitum
1106 5613 1550 5664 Antiochensium
1584 5615 1860 5666 successio
1888 5632 1899 5665 :
1939 5610 2044 5679 Ty-

475 5695 697 5743 rannus,
736 5678 984 5741 Vitaltus,
1015 5681 1376 5742 Philosonius.
1411 5680 1664 5734 Paulinus
1702 5682 1820 5745 iste,
1849 5678 2043 5735 Eusta-

477 5752 643 5811 thius,
670 5750 807 5803 alter
839 5749 1111 5803 Paulinus.
1141 5754 1520 5818 Quinquenniu
1546 5750 1759 5818 praefuit
1788 5753 2044 5806 Ecclesia:

475 5818 855 5882 Antiocheam,
886 5820 1028 5887 'I'yru
1067 5823 1382 5876 translatus.
1427 5821 1648 5875 Obierat
1681 5834 1808 5874 ante
1855 5824 2042 5876 cunei-

478 5889 610 5941 linm
638 5887 933 5941 Metellum.
955 5889 1101 5942 llunc
1133 5890 1502 5957 profusissime
1527 5894 1577 5945 in
1607 5891 1841 5944 Historia
1870 5894 2044 5944 dilau-

2145 5185 2438 5262 ἀντιλέγων
2463 5185 2484 5220 ·’
2506 5189 2749 5262 γέγραφε
2791 5189 2848 5242 δὲ
2879 5185 3190 5262 πιστεύειν,
3227 5190 3306 5262 είς
3343 5185 3586 5262 Πατέρα,
3623 5196 3733 5262 etc.

2149 5261 2224 5314 De
2259 5263 2474 5314 Asterie
2519 5257 2846 5331 loqiieb-tnr
2890 5259 3184 5331 Marcellus
3228 5259 3336 5321 hic,
3367 5259 3461 5326 qui
3498 5257 3737 5331 fraudes

2147 5340 2200 5384 et
2231 5332 2561 5400 imposturas
2594 5327 2756 5384 illius
2787 5329 3042 5400 sophistae
3074 5331 3391 5400 detexerat;
3428 5337 3557 5382 sunt
3587 5327 3734 5400 enim

2150 5402 2250 5456 ista
2282 5403 2460 5455 omnia
2487 5401 2856 5456 Marcelliana.
2889 5399 3109 5452 Dixerat
3142 5399 3392 5453 Asterius
3417 5414 3476 5452 se
3499 5399 3736 5452 confite-

2153 5473 2194 5523 ri
2223 5472 2440 5524 Patrem
2479 5487 2606 5525 vere
2642 5471 2873 5527 Patrem.
2901 5480 2956 5521 et
2985 5468 3176 5523 Filium
3206 5483 3334 5525 vere
3358 5467 3552 5522 Filium
3581 5484 3596 5530 ;
3628 5467 3734 5518 hoc

2152 5542 2338 5594 laudat
2387 5550 2441 5596 et
2487 5542 2832 5610 amplectitur
2867 5538 3192 5610 Marcellus;
3226 5541 3318 5592 sed
3373 5548 3623 5605 suspecta
3672 5551 3736 5588 se

2153 5615 2354 5665 habere
2393 5613 2489 5665 ait.
2536 5608 2688 5677 Quod
2746 5613 2843 5671 ait,
2890 5608 3048 5664 Pater
3081 5621 3166 5664 est
3228 5610 3405 5670 Pater,
3443 5611 3612 5664 Filius
3648 5617 3741 5658 est

2152 5682 2341 5735 Filius.
2369 5682 2433 5734 Et
2463 5684 2676 5735 merito.
2707 5680 2839 5734 Nam
2869 5683 3024 5750 quasi
3076 5680 3388 5735 differentes
3423 5691 3536 5734 toto
3568 5693 3736 5747 gene~

2153 5769 2230 5817 re,
2266 5752 2556 5816 οὺσιωδῶς.
2587 5751 2796 5805 Patrem
2833 5763 2881 5804 et
2921 5751 3115 5805 Filium
3145 5752 3549 5821 distinguebant
3577 5750 3740 5801 Aria-

2151 5826 2226 5884 ni,
2264 5835 2321 5874 ut
2372 5833 2517 5877 esset
2567 5823 2746 5884 Pater,
2795 5822 2988 5884 Pater;
3023 5825 3126 5876 hoc
3168 5831 3244 5874 est
3293 5822 3434 5875 Deus
3468 5832 3736 5878 aeternus,

2153 5893 2442 5957 increatus,
2477 5905 2580 5948 etc.
2615 5892 2804 5959 Filius,
2837 5892 3028 5958 Filius,
3066 5894 3168 5946 hoc
3196 5901 3301 5956 est,
3330 5893 3382 5945 in
3407 5909 3504 5944 suo
3537 5904 3744 5958 genere
