4088 6404
364 430 466 485 753

1480 421 1753 477 CONTRA
1801 416 2228 473 MARCELLUM
2268 416 2391 471 LIB.
2439 419 2477 471 Ι.

3500 415 3605 469 754

366 568 384 599 ι
426 547 546 600 Θεὸκ
608 544 1032 616 παντοκράτορα,
1087 544 1179 595 καὶ
1218 544 1294 605 είς
1337 544 1429 597 τὸν
1479 544 1607 597 Υίὺν
1638 542 1799 595 αὐτοῦ
1841 541 1931 594 τὸν

2041 542 2173 596 velle
2230 540 2599 595 contradicere
2651 540 2876 609 singulis
2922 541 3187 609 partibus,
3231 556 3349 610 quite
3409 544 3461 594 in
3501 541 3605 596 [ide

366 658 385 690 ‹
432 637 690 709 μονογενῆ
714 636 865 699 Θεὸν,
898 636 988 688 τὸν
1020 635 1219 706 Κύριον
1255 634 1411 705 ἡμῶν
1444 634 1648 704 Ἰησοῦν
1676 632 1927 704 Χριστὸν,

367 747 389 782 ι
429 730 521 783 καὶ
548 732 625 791 είς
654 728 713 781 τὸ
745 727 968 797 Πνεῦμα
1000 727 1059 779 τὸ
1092 727 1242 795 ἆγιον
1266 744 1278 756 ·
1320 745 1337 777 ι
1374 726 1466 780 καί
1513 743 1694 798 φησιν,
1737 728 1802 779 ὲκ
1824 725 1931 777 τῶν

365 823 522 878 θεξων
564 822 793 893 Γραφῶν
851 820 1221 891 μεμαθηκέναι
1264 820 1453 873 τοῦτον
1498 819 1588 872 τὸν
1621 820 1718 889 τῆς
1752 818 1933 872 θεοσε-

366 915 514 979 ϐείας
533 916 749 987 τρόπον.
792 912 930 981 Ἐγὼ
963 913 1038 976 δὲ,
1071 914 1198 965 ὅταν
1232 912 1329 983 μὲν
1357 912 1511 964 τοῦτο
1539 911 1691 983 λέγῃ,
1742 909 1933 963 ἀποδέ-

365 1024 524 1078 χομαι
547 1007 749 1077 σφόδρα
768 1005 835 1058 τὰ
855 1005 1138 1073 λεγόμενα,
1162 1004 1354 1067 Κοινὸς
1376 1004 1485 1074 γὰρ
1507 996 1661 1065 οὗτος
1679 1002 1933 1055 ἁπάντων

364 1098 514 1170 ἡμῶν
571 1102 671 1169 τῆς
735 1096 1042 1159 θεοσεϐείας
1095 1097 1123 1147 ὁ
1183 1095 1401 1163 τρόποςο
1472 1094 1785 1148 Πιστεύειν
1847 1094 1933 1157 εις

361 1190 610 1259 Πατέρα,
651 1190 747 1242 καὶ
790 1188 946 1251 Υἱὸν,
994 1188 1091 1242 καὶ
1135 1189 1305 1256 ἅγιον
1340 1186 1598 1255 Πνεῦμα.
1641 1185 1807 1237 Ὂταν
1851 1184 1928 1249 δὲ,

363 1281 437 1351 μὴ
460 1282 559 1351 τῆς
584 1280 734 1344 θείας
767 1279 1160 1350 ἐστοχασμένος
1191 1279 1489 1348 δυνάμεως,
1520 1276 1933 1348 ἀνθρωπικώτε-

362 1390 452 1443 ρον
482 1374 612 1443 ἡμῖν
644 1373 732 1425 διά
766 1389 908 1435 τινος
936 1371 1181 1442 ὲντέχνου
1216 1370 1467 1441 θεωρίας,
1500 1369 1588 1422 τόν
1622 1386 1680 1421 τε
1713 1369 1933 1440 Πατέρα

365 1464 579 1534 Πατέρα
606 1463 758 1535 λέγῃ,
789 1464 881 1516 καὶ
913 1463 1003 1515 τὸν
1030 1463 1157 1515 Υίὸν
1179 1462 1326 1523 Υἱὸν,
1354 1463 1454 1514 οὐκ
1476 1461 1548 1513 ἔτ’
1572 1463 1811 1535 ἐπαινεῖν
1836 1462 1934 1532 τὴν

368 1554 612 1626 τοιαύτην
647 1555 877 1627 θεωρίαν
909 1555 1206 1608 ἀκίνδυνον.
1260 1554 1356 1607 Διὰ
1412 1554 1518 1626 γὰρ
1554 1555 1651 1623 τῆς
1684 1552 1935 1622 τοιαύτης

362 1645 592 1716 θεωρίας
619 1645 716 1717 τὴν
751 1646 843 1697 νῦν
878 1646 1058 1708 αὐτοῖς
1101 1642 1488 1714 ὲπινοουμένην
1538 1644 1748 1712 αἵρεσιν
1779 1640 1935 1706 αὐξὰ-

366 1736 541 1790 θεσθαι
574 1737 857 1807 συμϐαίνει
878 1752 892 1766 ι
921 1737 1109 1806 ὥσπερ
1144 1736 1329 1804 σαφῶς
1355 1734 1616 1800 ἐπιδεῖξαι
1647 1734 1826 1804 ῥᾴδιον
1852 1728 1932 1785 οἷ-

362 1846 459 1897 μαι
484 1829 547 1881 ἐκ
574 1828 681 1881 τῶν
712 1828 874 1882 αὐτοῦ
906 1827 1098 1895 λόγων.
1130 1827 1270 1897 Ἔφη
1307 1826 1414 1896 γὰρ
1447 1825 1682 1894 τὸνμὲν
1704 1824 1935 1891 Πατέρα

360 1920 484 1974 δεῖν
507 1919 740 1988 άληθῶς
775 1918 1006 1986 Πατέρα
1048 1915 1200 1971 εἶναι
1227 1917 1501 1986 νομίζειν,
1532 1917 1627 1969 καὶ
1656 1915 1763 1969 τὸν
1800 1917 1933 1969 Titii»

358 2011 591 2077 άληθῶς
646 2014 810 2066 Υἱόν·
860 2013 957 2065 καί
1008 2011 1076 2065 τὸ
1126 2010 1296 2079 ἅγιον
1340 2009 1581 2077 Πνεῦμα
1630 2009 1931 2071 ὡσαύτως.

357 2103 539 2156 Ταῦτα
560 2106 587 2156 ὁ
612 2102 931 2175 Μάρκελλος
962 2102 1093 2172 πρὸς
1131 2101 1422 2169 Ἀστέριον,
1441 2100 1539 2151 οὐκ
1569 2098 1932 2169 ἀρεσκόμενος

358 2193 435 2262 τῷ
474 2193 564 2245 τὸν
597 2193 815 2263 Πατέρα
857 2193 965 2245 δεῖν
996 2190 1209 2261 ἀληθῶς
1244 2192 1462 2261 Πατέρα
1494 2191 1794 2259 ὁμολογεῖν,
1841 2190 1935 2241 καὶ

359 2284 447 2336 τὸν
478 2284 605 2336 Υίδν
634 2283 848 2353 ἀληθῶς
898 2282 1044 2346 Υἱὺν,
1095 2283 1187 2335 καὶ
1217 2281 1277 2334 τὸ
1316 2282 1467 2348 ἆγιον
1498 2280 1720 2351 Πνεῦμα
1758 2280 1935 2334 ὡσαύ-

360 2390 483 2437 τως.
512 2373 673 2427 Ὅθεν
707 2373 834 2446 ἑξῆς
876 2373 963 2428 διὰ
1015 2372 1365 2443 μακροτέρων
1409 2372 1798 2435 ἁνασκευάζειν
1846 2372 1935 2424 τὸν

362 2466 488 2536 περὶ
521 2465 724 2518 τούτων
771 2466 1023 2535 πειρᾶται
1053 2464 1226 2532 λόγον.
1265 2463 1431 2517 Ψιλὸν
1456 2464 1565 2535 γὰρ
1615 2464 1708 2516 καὶ
1740 2464 1816 2535 τῷ
1846 2465 1937 2517 ἀν-

361 2555 611 2625 θρωπείῳ
639 2554 780 2625 λόγῳ
800 2556 1004 2623 ὅμοιον,
1029 2554 1148 2623 οὐχὶ
1170 2554 1227 2605 δὲ
1255 2553 1380 2606 Υίὸν
1400 2552 1614 2623 ἀληθῶς
1636 2552 1811 2618 ζῶντα
1844 2553 1938 2606 καὶ

361 2645 659 2714 ὑφεστῶτα,
713 2647 802 2699 τὸν
842 2645 1073 2715 Χριστὸν
1108 2641 1244 2697 εἶναι
1281 2644 1559 2714 ὁμολογεῖν
1586 2644 1778 2699 ἐθέλει.
1828 2645 1938 2697 Καὶ

358 2736 543 2808 ἐπειδὴ
564 2735 765 2806 ταύτην
788 2731 909 2788 εἷπε
939 2734 1268 2789 ἐπινοεῖσθαι
1302 2733 1396 2788 νῦν
1424 2734 1653 2806 αἵρεσιν,
1676 2733 1933 2797 δεικτέον,

357 2828 430 2892 ὡς
461 2828 684 2901 προῖὼν,
702 2828 1006 2899 Ὠριγένους
1023 2828 1117 2881 τοῦ
1146 2827 1311 2880 πάλαι
1328 2826 1706 2897 (2)γενομένου
1730 2828 1938 2898 μέμνη-

358 2936 445 2974 ται
486 2920 562 2984 ὠς
596 2919 975 2991 όμώοξοῦντος
1004 2922 1115 2985 τοῖς
1149 2922 1267 2975 νυνὶ
1296 2921 1432 2992 πρὸς
1461 2918 1623 2972 αὑτοῦ
1652 2918 1934 2973 διαϐαλλο-

362 3013 558 3083 μένοις.
600 3011 739 3083 Ἐγὼ
765 3013 820 3066 δὲ
848 3014 941 3067 καὶ
979 3014 1283 3085 Ὠριγένους
1316 3011 1701 3083 παλαιωτέρων
1729 3010 1937 3082 ἀνδρῶν

358 3105 629 3169 πλείστοις
652 3106 797 3170 ὅσοις
823 3107 1295 3177 ὲκκλησιαστικοῖς
1328 3105 1757 3177 συγγράμμασιν
1787 3106 1937 3158 ἐντε-

357 3196 591 3267 τύχηκα,
617 3198 929 3252 ἐπισκόπων
963 3216 1022 3251 τε
1046 3200 1139 3251 καὶ
1162 3199 1393 3253 συνόδων
1418 3197 1726 3260 ἐπιστολαῖς
1755 3198 1939 3267 διαφό-

364 3305 494 3358 ροις,
530 3290 803 3361 πρόπαλαι
837 3290 1185 3360 γραφείσαις,
1218 3289 1285 3341 δι’
1314 3283 1388 3342 ὧν
1422 3286 1500 3353 εἷς
1537 3290 1630 3343 καὶ
1661 3291 1689 3342 ὁ
1722 3290 1882 3353 αὐτὸς
1909 3292 1937 3343 ὁ

360 3377 459 3446 τῆς
488 3379 719 3442 πίστεως
748 3379 1035 3450 χαρακτὴρ
1069 3379 1473 3433 ἀποδείκνυται.
1500 3380 1614 3431 Οὐκ
1636 3380 1809 3450 ὀρθῶς
1830 3380 1939 3451 ἄρα

359 3470 710 3541 διαϐέϐληκεν
744 3470 914 3526 εἰπὼν
970 3470 1299 3525 ἐπινοεῖσθαι
1334 3471 1430 3541 τὴν
1459 3470 1553 3525 νῦν
1587 3471 1798 3540 αἵρεσιν
1835 3472 1939 3524 ὑπὸ

358 3560 467 3614 τῶν
490 3562 942 3633 διαϐαλλομένων.
962 3562 1117 3616 Μετὰ
1137 3562 1309 3616 ταῦτα
1337 3563 1531 3633 μικρὸν
1558 3562 1855 3634 προελθὼν,
1876 3565 1935 3617 οὐ

356 3653 449 3705 τὸν
476 3654 750 3725 Ἀστέριον
778 3655 955 3725 μόνον,
980 3654 1114 3708 ἀλλὰ
1136 3655 1229 3707 καὶ
1256 3654 1346 3707 τὸν
1368 3654 1538 3725 μέγαν
1553 3652 1810 3708 Εὐσέϐιον
1836 3654 1935 3725 (5),

358 3739 421 3801 οὗ
477 3747 577 3817 τῆς
637 3747 941 3817 ἐπισκοπῆς
995 3746 1243 3800 πλεῖσται
1298 3747 1391 3799 καὶ
1445 3746 1722 3816 διαφανεῖς
1772 3747 1944 3817 ἐπαρ-

360 3835 472 3907 χίαι
520 3854 578 3889 τε
626 3839 719 3890 καὶ
768 3838 951 3901 πόλεις
988 3838 1446 3909 μετεποιήθησαν,
1482 3837 1667 3901 κακῶς
1690 3837 1941 3908 ἀγορεύει

358 3922 545 3978 τοῦτον
571 3926 663 3978 τὸν
695 3926 892 3997 τρόπον
913 3943 926 3955 ·
962 3945 979 3977 ι
1024 3928 1356 3998 ’Υπομνήσω
1381 3927 1437 3980 δέ
1464 3944 1545 3990 σε,
1570 3920 1645 3981 ὧν
1674 3928 1835 3989 αὐτὸς
1856 3928 1941 3996 γέ-

365 4034 384 4067 (
429 4033 607 4088 γραφε
635 4019 1020 4089 συνιστάμενος
1047 4022 1157 4083 τοῖς
1183 4019 1369 4082 κακῶς
1391 4020 1494 4072 ὑπὸ
1525 4019 1782 4072 Εὐσεϐίου
1805 4037 1941 4091 γρα-

366 4126 385 4160 σ
431 4112 596 4178 φεῖσι,
615 4110 701 4164 ἵνα
715 4110 878 4181 γνῷς,
905 4113 985 4164 ὅτι
1017 4111 1309 4180 ἀφίσταται
1335 4111 1521 4180 σαφῶς
1548 4111 1649 4181 τῆς
1669 4112 1941 4184 προτέρας

366 4218 383 4251 ι
431 4202 790 4272 ἀπαγγελίας.
828 4204 1078 4275 Γέγραφε
1110 4204 1218 4275 γὰρ
1251 4205 1442 4267 αὐταῖς
1492 4203 1701 4268 λέξεσιν
1737 4204 1937 4268 οὕτως’

436 4415 493 4474 »14
528 4408 625 4464 Ed.
664 4410 860 4475 Paris.,
887 4428 1004 4481 pag.
1041 4410 1132 4464 ΞΟ.

2038 634 2213 687 minus
2245 642 2388 686 recte
2421 632 2632 685 fuerant
2666 632 2889 685 saucitaz
2919 647 2934 684 :
2970 649 2987 682 ι
3034 631 3265 685 Credere
3288 632 3427 685 enim
3455 646 3513 686 se
3550 633 3605 686 in

2040 744 2057 777 ι
2109 727 2271 780 Deum
2305 724 2517 779 Patrem
2547 724 2990 792 omnipotentem,
3023 733 3077 779 et
3120 723 3172 777 in
3202 722 3397 778 Filium
3434 724 3605 794 ipsius

2039 837 2057 870 ι
2105 815 2443 885 unigenitum
2509 815 2698 880 Deum,
2763 814 3048 869 Dominum
3114 824 3360 869 nostrum
3421 815 3605 870 .Iesum

2039 929 2057 962 ι
2102 909 2404 971 Christum,
2436 916 2492 961 et
2544 907 2600 961 in
2653 908 2912 977 Spiritum
2962 917 3252 964 sanctum:
3287 926 3305 960 ι
3336 909 3519 978 aitque
3549 924 3608 963 se

2034 1003 2279 1056 edoctum
2314 1016 2344 1054 e
2373 1001 2543 1056 sacris
2586 1001 2777 1055 litteris
2806 1000 2948 1055 hanc
2982 1000 3196 1068 pietatis
3223 1000 3450 1054 formam
3470 1001 3607 1055 didi-

2035 1090 2190 1145 cisse.
2215 1088 2344 1156 Qme
2375 1091 2453 1144 sic
2488 1092 2553 1145 ab
2592 1090 2683 1144 illo
2708 1089 2875 1157 dicta,
2909 1090 3285 1146 lubentissimo
3308 1090 3607 1160 amplector
3646 1088 3657 1103 ’

2035 1182 2235 1236 animo.
2274 1181 2367 1236 Est
2393 1182 2535 1237 enim
2564 1182 2871 1238 communis
2900 1182 3016 1236 baac
3046 1183 3292 1237 omnium
3344 1182 3464 1237 fidei
3496 1182 3609 1235 for-

2037 1271 2208 1326 mula:
2232 1270 2455 1326 Credere
2472 1273 2528 1326 in
2551 1272 2783 1342 Patrem,
2809 1281 2858 1326 et
2877 1271 3102 1340 Filium,
3132 1284 3178 1328 et
3199 1273 3461 1342 Spiritum
3478 1292 3606 1328 san-

2036 1373 2195 1418 ctum.
2227 1362 2297 1415 At
2332 1363 2645 1427 cumidem,
2672 1365 2971 1433 potentiam
3003 1372 3056 1418 et
3095 1365 3201 1418 vim
3236 1364 3473 1419 divinam
3509 1365 3609 1418 mi-

2037 1454 2182 1507 nime
2219 1454 2531 1519 advertens,
2563 1454 2805 1509 humano
2840 1470 2991 1510 more
3034 1470 3131 1524 per
3183 1456 3608 1525 speculationem

2035 1547 2322 1615 quamdam
2346 1545 2565 1601 Patrem
2587 1548 2718 1601 dicit
2743 1546 2960 1602 Patrem
2984 1566 2998 1614 ;
3027 1548 3220 1603 Filium
3246 1548 3471 1615 Filium,
3501 1566 3609 1605 non

2037 1638 2261 1708 perinde
2290 1646 2404 1693 tuto
2428 1639 2650 1693 laudare
2674 1639 2805 1693 mihi
2834 1654 2933 1709 par
2971 1646 3073 1704 est,
3106 1640 3246 1695 hanc
3275 1644 3393 1709 ejus
3421 1639 3608 1710 hujus-

2038 1728 2246 1783 cemodi
2293 1728 2830 1797 contemplationem.
2863 1728 2966 1784 Per
2997 1728 3136 1784 hanc
3166 1731 3365 1783 etenim
3399 1731 3614 1785 contin-

2042 1820 2139 1887 git,
2176 1819 2425 1874 haeresim
2457 1819 2528 1874 ab
2560 1820 2666 1875 illis
2707 1819 3057 1875 adinventam
3090 1821 3483 1877 incrementum
3518 1837 3611 1876 su—

2040 1924 2221 1976 mere;
2251 1912 2391 1980 quod
2428 1910 2590 1965 facile
2619 1925 2703 1965 me
2730 1926 2889 1981 posse
2938 1913 3317 1967 demonstrare
3357 1914 3609 1978 arbitror,

2040 2002 2313 2069 productis
2342 2017 2459 2070 qua:
2485 2001 2553 2056 ab
2576 2003 2664 2056 illo
2697 2003 2836 2058 dicta
2872 2013 3018 2057 sunt.
3052 2004 3142 2076 [Β.
3177 2004 3337 2076 LIX.]
3368 2005 3612 2059 Allirmat

2039 2093 2182 2147 enim
2218 2097 2363 2163 quod
2396 2095 2604 2148 omnino
2636 2096 2704 2148 sit
2745 2112 2950 2149 necesse
2995 2095 3213 2150 Patrem
3247 2098 3487 2165 conﬁteri
3524 2114 3613 2152 ve-

2042 2186 2238 2237 raciter
2288 2202 2399 2240 esse
2431 2184 2643 2241 Patrem
2671 2198 2757 2241 :et
2793 2186 2996 2241 Filium
3032 2190 3099 2242 ad
3132 2191 3370 2243 eumdem
3398 2194 3613 2243 modum

2042 2291 2151 2329 esse
2180 2273 2383 2329 Filium
2409 2292 2543 2346 vere,
2579 2294 2671 2331 nec
2708 2294 2812 2331 non
2837 2288 2886 2331 et
2921 2276 3178 2347 Spiritum
3207 2292 3469 2334 sanctum.
3492 2281 3613 2336 Hmc

2041 2377 2230 2420 contra
2257 2368 2531 2422 Aeterium
2566 2368 2849 2423 Marcellus
2888 2369 3142 2437 allirmat,
3183 2388 3285 2426 non
3326 2382 3615 2427 contentus

2042 2460 2286 2527 posuisse
2342 2460 2393 2513 in
2442 2461 2717 2527 confesso,
2779 2461 2991 2518 Patrem
3046 2466 3442 2533 agnoscendum
3492 2480 3615 2521 esse

2042 2552 2258 2606 Patrem
2290 2554 2581 2617 veraciter,
2608 2553 2804 2608 Filium
2836 2570 2957 2610 esse
2991 2554 3217 2623 Filium,
3265 2565 3317 2611 et
3352 2556 3614 2627 Spiritum

2044 2656 2290 2703 sanctum
2319 2647 2386 2700 ad
2417 2645 2664 2701 eumdem
2698 2649 2937 2701 modum.
2961 2646 3099 2702 Hinc
3134 2647 3334 2701 factum
3368 2658 3426 2702 ut
3456 2649 3614 2702 dein-

2043 2752 2169 2807 ceps
2206 2738 2259 2791 in
2296 2739 2758 2808 consequentibus
2788 2738 3036 2794 refellere
3073 2748 3298 2794 conetur
3347 2742 3489 2795 hanc
3519 2754 3619 2807 po-

2043 2830 2313 2885 sitionem.
2347 2829 2473 2885 Vult
2510 2830 2655 2886 enim
2711 2829 2989 2886 Christum
3042 2833 3443 2902 agnoscendum
3493 2845 3617 2887 esse

2044 2924 2244 2976 nudum
2276 2924 2501 2978 verbum
2537 2931 2591 2978 et
2626 2923 2863 2978 humano
2884 2924 3353 2992 consimillimum,
3382 2939 3489 2979 non
3523 2939 3620 2979 au-

2047 3023 2151 3067 tem
2198 3013 2392 3069 Filium
2434 3030 2553 3070 esse
2589 3015 2684 3071 Dei
2728 3015 2908 3070 vivum
2947 3024 3004 3071 et
3040 3016 3449 3072 subsistentem.
3481 3016 3615 3072 Cum

2045 3119 2176 3160 vero
2202 3107 2270 3160 ab
2300 3106 2388 3161 illo
2418 3107 2622 3162 dictum
2672 3108 2762 3174 sit,
2803 3108 3115 3178 nuperrime
3169 3108 3311 3165 hanc
3366 3110 3616 3165 haeresim

2002 3200 2008 3261 ζ
2044 3199 2404 3265 excogitatam
2429 3199 2619 3264 fuisse,
2656 3204 2715 3263 ᾖ
2747 3202 3139 3255 ostendendum
3178 3212 3281 3269 est,
3305 3200 3613 3271 Origenem,

2046 3289 2195 3344 illum
2229 3290 2402 3358 ipsum
2425 3292 2517 3360 qui
2542 3291 2676 3345 vixit
2699 3306 2824 3347 cum
2853 3292 3151 3361 majoribus
3176 3294 3397 3359 nostris,
3420 3296 3485 3347 ab
3516 3295 3619 3349 hec

2045 3380 2165 3451 ipso
2212 3381 2488 3450 Marcello,
2520 3384 2574 3437 iu
2608 3398 2866 3452 processu
2918 3385 3188 3440 sermonis
3234 3385 3527 3449 introduci,
3561 3396 3617 3439 ut

2044 3474 2289 3527 eamdem
2332 3473 2604 3531 foventem
2656 3477 2932 3544 opinionis
2975 3477 3322 3543 sententiam,
3359 3494 3480 3532 cum
3525 3478 3616 3536 iis.

2044 3579 2179 3631 quos
2212 3576 2453 3621 accusat.
2488 3567 2601 3638 Ego
2638 3579 2819 3624 autem
2870 3571 3260 3643 scriptiouibus
3284 3571 3620 3626 ecclesiasti-

2042 3656 2123 3711 cis
2154 3659 2574 3729 quamplurimis
2604 3662 2876 3730 perlectis.
2915 3665 2984 3718 ab
3015 3664 3250 3735 Origene
3287 3663 3612 3733 antiquiori.

2045 3747 2145 3802 bus
2183 3747 2311 3803 olim
2359 3749 2696 3807 elaboratis:
2726 3760 2781 3807 et
2811 3753 3061 3823 epistolis
3099 3754 3334 3809 diversis
3380 3753 3618 3825 synodo-

2042 3853 2163 3893 rum
2203 3850 2259 3895 et
2312 3841 2696 3911 episcoporum
2730 3846 2953 3901 nomine
2987 3845 3248 3915 scriptis:
3275 3847 3327 3900 in
3362 3844 3469 3900 illis
3505 3845 3617 3899 sin-

2042 3932 2183 4000 gulis
2234 3935 2485 3990 eumdem
2546 3936 2668 3992 ﬁdei
2720 3938 3036 3994 charactera
3073 3954 3170 4007 per
3197 3940 3379 3993 omnia
3433 3938 3622 4006 depre-

2048 4022 2232 4078 hendi.
2266 4023 2336 4080 Ut
2364 4042 2586 4084 necesse
2618 4030 2691 4084 sit
2728 4030 2878 4084 illum
2924 4046 3115 4101 parum
3148 4030 3444 4086 secundum
3476 4030 3620 4084 veri-

2050 4124 2217 4171 tatem
2274 4117 2416 4174 hanc
2476 4123 2880 4177 accusationem
2935 4124 3268 4188 instituisse,
3306 4122 3619 4193 nuperrime

2048 4207 2205 4263 istam
2225 4209 2476 4267 haeresim
2503 4213 2871 4273 adinventam.
2899 4214 3231 4271 Procedente
3252 4229 3413 4286 porro
3436 4213 3620 4285 paula-

362 4594 523 4667 D_eus,
548 4606 716 4667 verus
735 4592 951 4667 quidem
986 4608 1093 4667 non
1114 4592 1480 4667 λάῖδιοςηεθῇηε
1514 4593 1936 4667 apt_nl_At_hana-

2045 4595 2244 4667 ψηφον.
2279 4593 2417 4667 Quid
2448 4595 2513 4651 de
2556 4594 2645 4667 illo
2689 4594 3033 4667 χαλκεντέρῳ
3063 4594 3355 4667 scripserat
3397 4595 3617 4650 Marcel-

362 4663 529 4725 Sinln,
572 4661 821 4731 inquiunt
849 4664 1054 4726 Ariani,
1080 4664 1127 4714 εί
1166 4663 1233 4715 δὲ·
1254 4663 1348 4716 καὶ
1388 4663 1520 4715 Θεὸν
1559 4662 1809 4731 ἀληθινὸν
1854 4664 1943 4716 λέ-

363 4748 518 4805 γουσι
556 4730 830 4805 τὸνῌΥίδν,
847 4732 907 4784 ού
938 4732 1096 4805 λυπεῖ
1121 4735 1285 4803 ἡμᾶς·
1312 4733 1600 4805 γενόμενος
1756 4733 1943 4804 ἀληθι-

363 4802 450 4863 νός
482 4803 616 4855 ἐστι.
643 4800 733 4855 Sic
758 4802 834 4854 illi
865 4800 1941 4858 nebulonesludebantVafre.Marcellus

366 4883 611 4943 assuetus
640 4872 851 4943 illorum
890 4874 1100 4926 technis
1140 4876 1241 4926 hoc
1274 4874 1449 4942 tetigit
1496 4889 1509 4926 :
1549 4876 1776 4943 pupugit
1811 4889 1942 4943 ergo

366 4940 456 5012 τον
485 4943 696 5012 σαπρόν
729 4941 1037 5007 Eusebium,
1066 4953 1121 4996 et
1166 4944 1291 4996 hinc
1318 4940 1405 4995 illa
1449 4940 1940 4997 immanis—calum-

370 5010 456 5061 nia
482 5011 534 5061 in
563 5010 876 5079 eum,quasi
909 5012 1104 5065 Filiqu
1139 5012 1229 5066 Dei
1263 5028 1367 5066 non
1396 5027 1585 5066 revera
1603 5014 1800 5066 Filium
1825 5030 1943 5069 cre-

370 5080 521 5153 deret
555 5081 662 5142 ille,
686 5084 776 5149 qui
830 5099 933 5135 non
969 5084 1336 5152 oppugnabat,
1368 5081 1619 5153 ἀληθινὸν
1645 5084 1774 5137 Υίόν
1806 5086 1938 5138 sim-

370 5148 605 5216 pliciter,
634 5148 724 5203 sed
759 5160 966 5205 tantum
998 5148 1294 5206 secundum
1324 5148 1556 5207 mentem
1584 5154 1936 5218 Arianorum,

370 5220 461 5285 qui
516 5234 700 5272 verum
735 5220 924 5286 Deum,
957 5237 1142 5275 verum
1200 5221 1624 5286 Filium,vcrum
1678 5224 1934 5287 Verbum,

369 5304 422 5341 et
452 5289 631 5341 omnia
664 5293 729 5342 de
772 5306 837 5344 eo
881 5306 1006 5346 vera
1055 5293 1384 5358 fatebantur,
1421 5295 1515 5348 sed
1555 5293 1823 5359 ὑπούλως,
1850 5306 1936 5345 ut-

370 5369 495 5433 pote
518 5374 623 5433 non
654 5372 913 5433 aeternum
959 5367 1051 5416 sed
1096 5374 1362 5419 creatum.
1402 5380 1508 5417 non
1546 5364 1800 5433 ὁμούσιον
1840 5367 1945 5418 sed

369 5427 824 5503 gcspoﬁqtov,_atl
874 5447 1140 5503 summum
1198 5434 1523 5503 ὁμοιούσιον.
1581 5427 1654 5489 Μ.
1705 5464 1777 5475 -
1820 5433 1943 5487 Mox

372 5498 479 5575 ξιιμ
529 5498 699 5575 τύπον
727 5500 1092 5575 Ιοοοητρίπον,
1138 5498 1260 5557 dein
1291 5507 1450 5574 vulgo
1492 5507 1642 5560 deest
1684 5505 1781 5575 μέν
1823 5514 1945 5574 post

368 5570 497 5622 ὅταν
520 5580 571 5621 et
601 5570 735 5622 infra
768 5570 924 5639 vulgo
946 5573 1040 5624 Πν.
1068 5573 1241 5640 ἆγιον.

442 5640 516 5709 (Ξ)
570 5640 904 5710 Ὠριγένους
937 5643 1041 5695 τοῦ
1080 5643 1284 5697 πάλαι.
1336 5641 1454 5698 Jam
1505 5655 1631 5698 ante
1653 5643 1941 5710 Origenem

372 5724 735 5783 recensuerat
764 5710 1029 5766 Eusebius
1075 5714 1215 5767 inter
1244 5730 1338 5767 eos
1373 5731 1509 5783 quos
1540 5718 1654 5769 vult
1708 5715 1940 5768 Marcel-

373 5778 483 5851 lum
522 5781 887 5851 proscidisse;
929 5783 1018 5836 hic
1068 5798 1196 5851 ergo
1230 5786 1296 5837 ad
1328 5778 1570 5838 eamdem
1618 5786 1940 5840 sententiam

376 5848 474 5916 ait,
507 5849 792 5919 Origeuem
817 5854 882 5907 ab
908 5868 971 5907 eo
1016 5848 1327 5909 accusatum
1369 5857 1529 5911 veluti
1559 5858 1775 5913 Ariauis
1804 5855 1866 5908 σύ
1877 5873 1943 5925 μ-

2046 4664 2152 4731 Ιιιὲ,
2182 4682 2284 4719 non
2323 4666 2509 4733 liquet.
2544 4665 2703 4719 Certe
2729 4664 3057 4719 Athanaéius
3089 4664 3230 4718 illius
3260 4667 3487 4719 advocat
3536 4676 3618 4719 te-

2042 4738 2379 4797 stimonium,
2443 4736 2495 4787 in
2527 4750 2634 4802 quo
2672 4734 2967 4858 διαρρίἰδην
3002 4735 3485 4815 illud_Arianornm
3510 4736 3617 4807 ψη,-

2045 4825 2242 4858 ωισιια.
2272 4802 2339 4858 ἦν
2364 4806 2453 4858 ὅτε
2481 4804 2582 4857 οὐκ
2605 4801 2695 4858 ἦν.
2720 4806 2848 4858 retel
2879 4816 2985 4858 Itur
3012 4816 3067 4858 et
3087 4806 3346 4858 relicitur.
3367 4804 3617 4858 M.—-—-Su—

2045 4825 2242 4877 φισμα,
2272 4802 2339 4877 ἦν
2364 4806 2453 4858 ὅτε
2481 4801 2582 4877 οὐκ
2605 4801 2695 4874 ἦν,
2720 4801 2985 4877 refellitur
3012 4816 3067 4858 et
3087 4803 3346 4877 rejicitur.
3367 4801 3620 4877 uesti—

2045 4873 2234 4945 pra‘tb;
2258 4873 2384 4930 ante
2412 4873 2647 4945 προῐῶνξ
2686 4875 2823 4927 infra
2850 4878 2877 4928 ὁ
2905 4886 3028 4929 ante
3058 4876 3220 4939 αὐτός
3255 4876 3411 4943 vulgo
3441 4876 3614 4930 deest.

2114 4948 2188 5019 (5)
2237 4946 2349 5019 Τὸν
2388 4946 2594 5019 μέγαν-
2626 4946 2938 5019 Εὐσέϐιον.
2999 4946 3227 5019 Semper
3270 4948 3372 5019 hoc
3412 4946 3618 5019 elogio,

2048 5016 2189 5071 hunc
2220 5018 2540 5077 alastorem;
2583 5016 2672 5083 hic
2705 5031 2835 5070 vero
2878 5024 3099 5085 apparet
3147 5017 3294 5069 illum
3340 5016 3617 5085 designari

2043 5086 2537 5141 Nicomediensem.
2575 5087 2705 5139 Erat
2740 5086 2882 5140 enim
2912 5084 3319 5155 episcopatuum
3356 5084 3615 5155 desultor,

2043 5158 2377 5226 Beryteusis,
2425 5156 2892 5220 Nicomediensis,
2928 5153 3561 5226 Consuantinopolitanus
3603 5172 3615 5207 :

2041 5238 2096 5281 et
2120 5223 2163 5282 si
2199 5235 2344 5282 recte
2376 5228 2617 5289 memini,
2643 5227 2877 5280 ambitor
2909 5226 3036 5279 olim
3074 5227 3424 5279 Antiochense
3452 5223 3617 5277 sedis.

2041 5297 2203 5363 Quasi
2238 5300 2339 5351 hoc
2361 5298 2414 5350 in
2441 5312 2506 5352 eo
2533 5296 2691 5349 laude
2721 5296 2898 5350 fuerat
2931 5296 3173 5363 dignum,
3202 5297 3272 5347 ita
3304 5295 3372 5347 ab
3401 5294 3502 5346 hoc
3538 5293 3620 5344 al-

2045 5362 2159 5423 téro
2212 5368 2444 5422 Eusebio
2499 5362 3288 5433 connnemoratur{objectum
3323 5371 3406 5416 est
3432 5363 3481 5417 ei
3517 5362 3620 5417 hoc

2048 5440 2247 5503 ipsum,
2278 5437 2591 5490 ambitionis
2617 5437 2857 5498 animali,
2887 5450 2981 5503 per
3009 5434 3446 5503 Constantinum,
3481 5448 3621 5486 non-

2047 5501 2173 5561 dum
2202 5501 2622 5578 ἀρειανίζονται
2669 5507 2713 5578 is
2742 5522 2865 5559 eum
2892 5501 3152 5578 depingit
3198 5503 3337 5572 apud
3353 5501 3621 5578 ΔἸςίιυυᾳοο

2048 5589 2149 5630 ret.
2177 5572 2413 5631 nondum
2464 5579 2531 5630 ab
2558 5577 2648 5629 illo
2684 5577 2955 5630 inescatus
2983 5575 3076 5629 lih.
3110 5590 3160 5638 l,
3188 5588 3310 5641 cap.
3348 5572 3417 5625 20
3447 5588 3463 5638 ;
3500 5573 3621 5626 vide

2047 5648 2327 5713 epistolam
2382 5646 2637 5702 Ecclesia:
2682 5646 3059 5699 Alexandrinas
3104 5644 3536 5713 apudAthanas.
3566 5642 3621 5696 in

2047 5712 2201 5788 Apol.
2239 5717 2385 5788 n.de
2400 5720 2520 5788 ejus
2550 5716 2840 5788 desultoria
2873 5712 3188 5788 ambitione.
3210 5712 3486 5766 M.—Dein
3507 5714 3623 5788 vul-

2043 5781 2110 5856 gu
2141 5781 2214 5843 ὧν
2259 5781 2511 5854 αὑτὸξγ.
2562 5784 3003 5857 συνεσταλμένος.
3065 5784 3170 5852 Mp.
3204 5802 3293 5857 γρ.
3336 5782 3623 5838 συνεσταλι

2050 5855 2244 5927 μένως,
2270 5860 2408 5913 idem
2438 5873 2561 5914 mox
2580 5873 2670 5926 γρ.
2697 5855 3026 5925 ἐπαγγελίας
3056 5857 3172 5912 loco
3201 5855 3371 5924 ἁπαγ.
