2044 3197
226 184 278 211 τεο

545 185 680 214 EUSEBlI
699 187 936 217 CA‘ISARIENSIS
954 188 1029 217 OPP.
1050 189 1142 217 PARS
1162 187 1209 216 IV.
1228 204 1265 209 —
1283 187 1495 217 DOGMATICA.

1805 185 1860 213 756i

225 239 272 285 tim
288 247 424 275 sermone,
439 243 474 270 ad
492 243 564 271 illaut
576 252 670 273 contra
685 248 822 275 Asterium
840 249 1013 283 calumniam,

1068 260 1077 276 1
1101 250 1138 276 Τὸ
1154 250 1209 285 γὰρ
1220 249 1366 284 κεφάλαιον
1378 247 1446 276 εἶναι
1460 248 1509 283 τῆς
1521 246 1666 281 ἐπιστολῆς
1678 245 1724 272 ἐπὶ
1737 246 1786 281 τὴν
1795 245 1861 281 βου-

225 284 335 313 Eusebii
360 296 468 323 quoque
488 290 612 324 adjunxit
627 295 829 321 accusationem
847 303 855 322 :
872 294 946 322 illius
962 295 1016 323 Eu-

224 332 304 363 scoii,
319 340 398 366 quem
411 334 462 361 sibi
480 337 656 371 quamplures
672 339 799 367 civitates
816 345 842 367 et
857 341 1014 374 provinciae,

224 378 378 412 evniet-tque
399 379 568 413 clarissimae,
584 383 740 417 episcopum
764 385 948 418 postularunt.
969 385 1014 421 [ιι.

225 420 322 457 XXIa]
339 432 348 448 1
363 423 506 452 Revocabo
520 431 556 459 te,
571 427 668 462 inquit,
685 430 711 456 in
726 431 883 457 memoriam
910 420 1013 459 eorum-

225 477 233 491 ι
259 476 319 500 qua:
333 470 455 504 scripsit,
476 472 540 499 licet
552 473 646 502 timide
659 477 831 504 consentiens
843 478 943 504 cumiis
957 486 1017 512 qua:

225 523 233 537 1
257 514 358 549 scripta
384 523 463 544 erant
490 518 613 554 improbe
633 521 669 548 ab
683 521 809 556 Eusebio,
824 528 852 549 ut
868 531 1017 559 cognoscas

181 573 187 576 -
224 567 233 583 ι
256 566 318 586 eum
335 562 481 590 manifesto
497 572 512 590 a
528 565 612 598 priori
637 574 685 595 suo
711 569 846 603 promisso
874 570 1015 598 resiliisse.

226 612 234 628 1
259 605 381 634 Totidem
392 608 463 634 enim
481 611 572 638 verbis
587 612 696 647 reliquit
711 615 838 649 scriptum
853 625 859 641 :
875 616 961 651 Caput
974 621 1015 644 et-

224 660 233 676 1
257 652 328 678 enim
346 654 468 688 epistola:
479 662 519 683 est
532 657 610 690 illud,
626 659 660 686 ad
673 660 762 688 Patris
779 661 920 689 consilium
935 668 962 689 et
974 670 1017 690 vo-

224 706 233 721 1
258 697 387 726 imitatem
424 700 485 729 Filii
512 704 713 737 generationem
742 706 910 735 referendam
934 716 1013 736 esse:

225 752 233 766 ι
258 745 331 772 nullo
347 752 436 774 autent
452 753 529 783 pacto
549 749 596 777 Dei
618 751 769 785 genituram
792 754 910 787 passioni
931 755 1016 781 ascri--

225 800 233 814 1
257 792 382 820 hendam.
397 795 485 828 Atque
503 796 553 823 hoc
567 801 609 823 est
627 797 691 825 illud
707 799 777 833 quod
793 800 822 826 in
838 800 945 835 scriptis
959 802 1016 829 suis

225 845 233 860 1
258 838 463 871 prudentissimi
477 842 560 868 nostri
579 842 673 871 Patres
686 846 860 873 sanciverunt
875 847 954 875 :dntn
969 848 1016 874 de-

226 891 234 907 ι
257 883 359 911 clinant
371 884 557 914 haereticorum
574 888 789 925 impietatcs,qui
804 890 920 919 ﬁliorum
933 893 1017 927 passi-

225 940 233 955 1
256 937 304 957 vas
316 936 344 958 et
352 934 508 968 corporales
518 936 706 969 generationes
719 937 745 964 in
759 936 815 965 Deo
829 945 878 972 per
894 938 1015 966 emissio-
1030 932 1051 960 Β

224 984 234 1000 1
259 984 306 1005 nes
321 979 590 1008 comminiscuntur.)
608 981 682 1015 Quas
693 990 783 1016 voces,
794 983 819 1010 in
836 984 1012 1019 sequentibus

227 1021 361 1051 latissime
376 1025 499 1053 confutat
513 1034 519 1052 :
533 1027 633 1061 quibus
648 1028 782 1056 subnectit
796 1030 822 1056 in
836 1029 893 1058 haec
907 1030 989 1058 verba
1004 1039 1011 1057 :

224 1077 234 1093 1
261 1067 335 1096 Unde
355 1077 418 1097 cum
437 1072 554 1099 Eusebio
569 1074 674 1100 erranti
689 1078 872 1102 consentanea
887 1082 937 1110 per
950 1083 1011 1103 om-

225 1124 234 1139 1
259 1115 303 1142 nia
318 1116 441 1145 Asterius
455 1119 587 1152 posuerit,
604 1119 701 1153 injecta
719 1121 857 1148 mentione
871 1122 904 1149 de
915 1127 1011 1149 natura

223 1170 232 1185 1
257 1160 357 1195 Patris,
375 1167 401 1189 et
415 1163 526 1198 ingeniti
542 1170 652 1199 natura,
671 1166 728 1200 ipse
743 1166 843 1194 suimet
869 1172 1011 1195 accusator

222 1216 231 1231 1
256 1207 362 1235 exsistit
372 1217 379 1235 :
390 1208 522 1242 siquidem
537 1211 649 1238 omnino
663 1212 1012 1246 praestitissenEusebianze

223 1261 232 1275 ι
255 1253 398 1280 sententia:
413 1255 579 1288 passionem,
595 1256 634 1283 uti
654 1256 766 1292 scripsit
780 1257 849 1291 ipse,
864 1257 1012 1292 inexplica-

222 1306 232 1320 ι
256 1302 310 1324 tam
324 1299 495 1327 etbrevitate
519 1302 674 1329 conclusam
693 1303 913 1337 praetermisisse.
929 1311 1010 1338 quam

222 1352 230 1368 1
255 1351 305 1378 per
321 1344 510 1379 hujuscemodi
538 1348 796 1382 contemplationem
824 1354 962 1376 versutum
979 1349 1011 1375 il-

223 1398 231 1414 1
257 1389 309 1416 lant
326 1390 502 1426 scriptionem
513 1391 540 1420 in
552 1391 639 1420 lucem
657 1394 813 1428 protulisse.
830 1403 839 1420 ι
854 1394 916 1422 Post
925 1402 1010 1429 pauca

220 1436 375 1464 subnectit:
395 1437 449 1465 1ln
479 1440 607 1473 prmsenti
643 1440 861 1467 examinabimus
888 1448 971 1467 unum
996 1448 1012 1468 e

223 1490 234 1506 1
259 1482 352 1509 multis
364 1482 398 1510 ab
410 1484 520 1512 Asterie
535 1485 695 1519 positorum.
708 1485 752 1513 Ait
763 1486 835 1513 enim
851 1495 858 1515 ;
872 1486 946 1513 Alius
958 1490 1011 1518 est,

223 1537 232 1553 1
256 1528 393 1562 enim,.qui
407 1529 494 1564 gignit
505 1529 597 1563 Pater,
610 1531 643 1558 de
655 1538 694 1564 se,
705 1532 871 1566 unigenitum
881 1531 1009 1564 Verbum,

223 1583 232 1598 1
255 1574 380 1602 etomnis
389 1580 521 1602 creaturas
528 1576 750 1612 primogenitum.
758 1577 900 1612 Copulavit
910 1583 1011 1605 utrum-

222 1630 231 1645 1
255 1627 308 1655 que
324 1621 491 1656 unigenitum
511 1626 538 1649 et
553 1623 763 1658 primogenitum
780 1624 807 1651 in
821 1624 927 1656 eodem,
950 1631 1012 1652 cum

222 1675 231 1691 1
255 1671 375 1701 pugnent
388 1675 403 1694 e
418 1667 552 1695 diametro
565 1669 622 1696 haec
637 1669 709 1697 inter
723 1676 794 1702 sese,
811 1670 882 1705 quod
898 1670 1013 1704 quisque

222 1722 231 1737 1
254 1712 354 1746 poterit
365 1713 473 1747 negotio
488 1714 570 1746 nullo.
583 1715 625 1742 vel
642 1716 845 1743 imloctissimus
855 1716 1010 1743 observare.

220 1768 231 1783 1
255 1758 334 1786 Patet
347 1760 458 1792 etenim,
472 1760 659 1795 Unigenitum,
672 1762 693 1789 si
710 1769 805 1789 revera
822 1762 904 1789 fuerit
918 1762 1013 1797 unige-

222 1814 232 1828 1
256 1805 340 1837 nitus,
360 1813 412 1832 non
429 1813 507 1841 posse
521 1811 548 1833 et
565 1807 777 1842 primogenitum
789 1814 860 1839 esse,
868 1811 895 1834 et
903 1806 1009 1834 Pnimo-

223 1860 232 1876 1
256 1852 375 1886 genitum
392 1860 510 1887 quoque,
523 1859 658 1888 quatenus
679 1853 716 1880 sit
733 1853 939 1889 primogenitus,
955 1862 1009 1881 non

221 1907 231 1923 1
257 1905 336 1932 porse
351 1898 517 1933 unigenitum
530 1906 601 1926 esse.
614 1908 623 1925 ι
638 1899 690 1926 Sed
706 1898 805 1926 frustra
818 1899 862 1926 hic
873 1899 1009 1926 Asterium

219 1948 342 1971 accusat.
364 1943 433 1971 Nam
455 1952 508 1972 non
528 1945 572 1972 ille
597 1953 657 1978 sua,
674 1946 721 1973 sed
747 1945 899 1981 Scriptum
914 1945 1011 1973 divina:

220 1990 303 2016 verba
326 1991 485 2024 usurpabat.
514 1990 654 2018 Afﬁrmant
670 1994 700 2023 ᾖ
716 1991 815 2019 etenim
841 1992 887 2019 Dei
912 1991 1010 2018 Filium

221 2043 303 2067 nunc,
324 2046 334 2061 1
353 2036 525 2070 unigenitum
540 2047 549 2061 ι
566 2044 627 2064 esse
643 2045 651 2064 :
665 2037 743 2068 alias,
757 2046 766 2062 1
778 2041 911 2063 creaturae
922 2036 1011 2063 omnis

221 2082 445 2118 primogenitum.
464 2084 574 2111 slnl'ert
587 2084 718 2118 deinceps
727 2083 772 2119 [Β.
782 2082 901 2120 LXXVI]
914 2092 920 2110 :
937 2092 947 2109 1
958 2083 1011 2111 Sed

223 2138 231 2153 ι
255 2129 365 2165 insuper
378 2129 433 2163 ille,
443 2131 595 2165 posthabita
604 2130 756 2165 cognitione
765 2137 838 2162 vera,
846 2130 1013 2164 speculatio-

221 2187 233 2204 1
252 2182 313 2203 nem
329 2177 474 2211 quamdam
491 2176 667 2204 artiﬁciosam
682 2175 890 2203 demonstravit.
900 2175 933 2202 Et
948 2182 1009 2202 cum

259 2292 288 2321 r11
309 2289 357 2316 Ed.
374 2289 471 2322 Paris.,
482 2297 542 2324 pag.
556 2290 602 2316 2|.

257 2392 295 2424 (I1)
323 2390 389 2417 Ἐπὶ
405 2391 463 2423 τὴν
472 2391 602 2424 βουλήν.
615 2390 747 2418 Eusebius
760 2397 821 2418 cum
830 2397 879 2418 suo
889 2389 954 2417 Ario
964 2390 1013 2418 hoc

1069 2399 1162 2424 τεχνον
1184 2389 1283 2417 Aslcrii
1308 2388 1419 2422 hujusce
1444 2397 1450 2414 :

224 2428 336 2454 dot-«bat
352 2427 488 2453 Christum
506 2434 566 2453 esse
582 2427 628 2453 Dei
644 2426 751 2458 Filium,
768 2433 821 2453 non
848 2430 944 2452 natura
967 2426 1014 2453 sed

225 2462 378 2490 voluntate;
394 2467 423 2487 at
440 2468 491 2486 non
504 2460 657 2491 Marcellus,
669 2461 715 2488 sed
731 2468 781 2488 nec
792 2460 874 2487 Arius
887 2460 974 2492 πάθος
986 2460 1014 2487 in

226 2499 279 2524 Deo
300 2495 490 2531 admittebant,
515 2501 543 2522 et
559 2503 632 2527 mox,
644 2496 782 2531 παθητυκὴ
806 2495 968 2531 τεκνογονίαῖ
985 2496 1015 2523 in

224 2533 277 2560 Deo
296 2532 330 2559 ab
356 2530 668 2566 lueretic'tsnintroducta
694 2530 851 2564 damnatur;
876 2530 1013 2566 προϐολάς

221 2569 320 2600 opinor
333 2566 469 2628 inﬁnitelligit,
488 2565 532 2592 illa
543 2565 699 2600 blasphema
709 2566 887 2594 deliramenta
900 2565 1011 2593 Gnosti-

221 2610 326 2628 IEOI‘IIIII.
372 2622 379 2627 .

220 2610 326 2630 BOI‘IIIII.
343 2610 379 2628 Nl.

256 2639 295 2672 (5)
315 2637 410 2671 Ὅπερ
439 2635 623 2671 σοφώτατος.
648 2635 801 2672 Legendum
815 2655 823 2668 ,
839 2636 864 2662 ot
885 2635 1010 2672 σοφώτατ

220 2670 273 2704 τοι,
286 2670 319 2699 ut
334 2673 360 2699 in
381 2670 598 2706 precedenttbus
612 2679 622 2704 ;
638 2671 681 2698 ubi
702 2670 796 2706 eadem
820 2676 960 2705 usurpata,
975 2671 1010 2699 ab

223 2708 339 2735 Eusebio
349 2705 548 2733 Nicomediensi
562 2706 697 2741 dicuntur.
710 2705 856 2741 M.—lnl‘ra
868 2706 948 2740 vulgo
962 2714 1008 2741 γρ.

221 2743 314 2774 κακῶς
326 2749 354 2769 et
375 2743 389 2768 ὁ
408 2742 481 2767 Ἀστ.
508 2741 593 2768 Porro
622 2740 654 2767 lt.
678 2740 807 2775 γεννητοῦ
835 2741 895 2768 loco
917 2740 1008 2775 ἀγενν.

220 2784 248 2804 et
263 2778 346 2805 αὑτοῦ
360 2777 419 2804 loco
434 2776 525 2812 ἑαυτῷ
539 2781 566 2804 et
579 2776 660 2811 βάθος
678 2776 738 2803 loco
757 2775 843 2812 πάθος
856 2784 927 2803 corr.
942 2777 1010 2804 Dein

221 2814 301 2848 Vulgo
324 2812 488 2848 ἐξετάσομεν
505 2811 531 2839 et
540 2811 642 2848 μαθεῖν
660 2812 727 2848 loco,
742 2811 844 2845 γνῶναι
862 2821 869 2838 :
896 2812 1012 2845 denique

220 2846 302 2879 vulgo
316 2847 409 2882 ὲτὺγχ.
434 2846 569 2881 εἶναιγὰρ
587 2847 650 2873 Υίὸν
670 2855 696 2873 τ.
712 2847 744 2873 Θ.
760 2855 791 2876 π.
817 2856 846 2882 μ.
859 2855 963 2881 μονογ.
980 2856 1014 2874 πμ

219 2883 244 2911 ὃ.
261 2891 349 2915 πρωϊ.
363 2890 395 2907 π.
408 2890 452 2908 ut.
471 2882 599 2915 λέγουσαι
613 2882 706 2915 φάναι.

258 2918 297 2952 (6)
323 2916 506 2948 Ὰθιεὸείξατο
515 2918 648 2950 θεωρίαι·-
663 2917 825 2952 Pcrslringit
842 2917 956 2953 θεωρίαν
971 2918 1012 2945 ἔν-

1069 305 1078 320 1
1102 295 1150 331 λὴν
1166 294 1205 330 (4)
1216 295 1262 321 τοῦ
1282 294 1389 330 Πατρδς
1403 294 1557 327 ἀνενεγκεῖν
1577 292 1624 319 τοῦ
1638 291 1702 318 Υίοῦ
1717 292 1768 326 τὴν.
1781 292 1859 326 γένεο

1070 351 1079 366 1
1104 349 1156 372 σιν,
1173 341 1221 367 καὶ
1238 340 1276 376 μὴ
1293 340 1379 372 πάθος
1392 340 1529 374 ἀποφῆναι
1548 338 1596 365 τοῦ
1614 337 1681 364 Θεοῦ
1698 337 1748 372 τὴν
1764 340 1858 372 γονήν.

1070 398 1078 413 1
1103 389 1190 423 Ὅπερ
1197 388 1222 414 οἰ
1232 387 1381 422 σοφώτατοι
1390 386 1429 423 (5)
1441 386 1494 412 τῶν
1502 385 1641 420 Πατέρων,
1651 385 1679 410 ὲν
1687 385 1743 415 τοῖς
1749 383 1860 415 οἰκείοις

1070 445 1079 460 1
1104 435 1289 469 συντάγμασιν
1312 433 1493 469 ἀπεφήναντο,
1511 430 1692 466 φυλαξάμενοι
1712 430 1766 456 τῶν
1783 430 1860 464 αίρε-

1070 492 1079 508 1
1102 481 1186 508 τικὼν
1200 481 1248 516 τὴν
1260 480 1397 511 ἀσέϐειαν,
1410 479 1436 505 οἳ
1445 477 1604 513 σωματικήν
1614 485 1675 503 τινα
1685 477 1731 503 καὶ⁴
1744 476 1859 511 παθητι-

1069 538 1078 553 1
1103 527 1154 563 χὴν
1172 526 1374 561 κατεψεύσαντο
1391 525 1437 552 τοῦ
1453 524 1520 551 Θεοῦ
1545 524 1595 560 τὴν
1611 523 1794 557 τεκνογονίαν,
1807 522 1859 554 τὰς

1070 584 1079 599 1
1102 573 1237 609 προϐολὰς
1252 571 1470 608 δογματίζοντες.
1488 580 1497 596 ι
1511 571 1565 597 Καὶ
1581 570 1649 606 πρὸς
1658 570 1760 601 ταύτας
1769 570 1797 595 δὲ
1808 569 1859 601 τὰς

1067 619 1169 654 φωνὰς,
1182 618 1282 654 πολλὴν
1297 617 1359 653 ἑξῆς
1375 617 1491 643 ποιεῖται
1503 615 1552 650 τὴν
1565 615 1734 650 ἀντίρρησιν,
1754 612 1811 648 μεθ’
1824 613 1859 647 ἢν

1067 665 1243 692 ὲπισυνάπτει
1269 663 1373 698 λέγων·
1396 673 1405 689 1
1428 663 1508 689 Ὥστε
1527 660 1709 696 συνηγορηῖβαι
1734 659 1864 694 Εὑσεὸίῳ

1070 720 1079 736 1
1104 710 1196 742 κακῶς
1209 710 1343 745 γράψαντι
1354 708 1515 744 βουλόμενος
1538 707 1684 742 Ἀστέριος,
1703 705 1810 740 φύσεώς
1826 714 1860 731 τε

1070 767 1078 783 1
1103 757 1219 792 Πατρὸς.
1242 757 1288 783 καὶ
1309 755 1415 790 φύσεως
1428 754 1576 789 ἀγεννήτου
1593 752 1792 789 μνημονεύσας,
1807 752 1858 778 αὐ-

1069 814 1077 829 1
1100 803 1146 835 τὸς
1157 802 1246 837 ἑαυτῷ
1258 802 1409 837 κατήγορος
1425 801 1530 835 γέγονε.
1545 799 1615 825 Πολὺ
1632 797 1686 834 γὰρ
1704 797 1808 832 βέλτιον
1823 795 1858 833 ἧν

1069 859 1078 875 1
1101 849 1131 875 τὸ
1146 848 1231 880 πάθος
1246 847 1293 874 τοῦ
1308 849 1441 883 νοήματος
1455 845 1595 877 Εὑσεϐίου,
1607 845 1644 877 ὡς
1659 844 1739 876 αὐτὸς
1754 844 1855 879 γέγρα-

1069 905 1079 920 1
1103 903 1163 929 φεν,
1182 895 1211 921 ἐν
1228 893 1395 930 βραχυλογίᾳ
1410 893 1536 928 κείμενον
1550 890 1726 923 ἀνεξέταστον
1747 890 1859 916 καταλιη

1069 950 1077 966 1
1101 942 1173 973 πεῖν,
1190 940 1207 976 ἢ
1224 940 1337 976 τοιαύτῃ
1352 938 1452 974 θεωρίᾳ
1469 938 1640 974 χρησάμενον
1659 937 1688 963 τὺ
1704 936 1857 972 πανοῦργον

1068 997 1077 1013 1
1101 986 1148 1013 τοῦ
1162 986 1325 1022 γράμματος
1341 986 1380 1016 εἰς
1392 985 1449 1018 φῶς
1461 984 1584 1018 ἀγαγεῖν.
1605 993 1615 1009 ι
1633 982 1688 1009 Καὶ
1703 981 1762 1017 μεθ’
1775 983 1854 1018 ἕτερα

1065 1033 1185 1067 ἐπιλέγει
1194 1041 1200 1047 ·
1219 1042 1229 1058 1
1245 1032 1313 1058 Νυνὶ
1327 1031 1355 1057 δὲ
1372 1030 1543 1065 ἐξετάσωμεν
1556 1029 1585 1056 ἓν
1597 1038 1624 1056 τι
1641 1029 1721 1065 ῥητὸν
1735 1028 1786 1055 τῶν
1800 1029 1856 1055 ὑπὸ

1067 1089 1076 1104 1
1105 1078 1243 1114 Ἀστερίου
1251 1077 1422 1113 γραφέντων.
1440 1077 1512 1112 Ἔφη
1528 1075 1583 1111 γὰρ
1595 1072 1681 1107 οὗτος·
1692 1075 1784 1106 ’Ἄλλος
1802 1074 1848 1109 μὲν

1066 1133 1075 1149 1
1098 1124 1172 1150 ἐστιν
1189 1125 1203 1150 ὁ
1217 1122 1323 1158 Πατὴρ,
1340 1123 1353 1148 ό
1367 1122 1498 1157 γεννήσας
1515 1121 1545 1154 ἐξ
1561 1120 1643 1147 αὐτοῦ
1663 1121 1707 1147 τὸν
1726 1120 1852 1155 μονογενῆ

1065 1178 1075 1195 1
1099 1170 1185 1203 Λόγον
1203 1168 1250 1195 καὶ
1266 1167 1436 1203 πρωτότοκον
1454 1167 1542 1202 πάσης
1555 1167 1680 1198 κτίσεως.
1701 1166 1855 1201 Ἀμφότερα

1064 1225 1073 1240 1
1098 1214 1218 1249 συνάψας
1229 1214 1361 1249 γέγραφε,
1381 1212 1511 1248 μονογενῆ
1525 1212 1573 1238 καὶ
1587 1211 1758 1247 πρωτότοκον
1768 1219 1775 1226 ·
1789 1210 1855 1237 πολ-

1064 1271 1073 1286 1
1096 1260 1146 1295 λῆς
1157 1261 1345 1295 ἐναντιότητος
1364 1260 1393 1285 ὲν
1407 1260 1464 1290 τοῖς
1483 1258 1612 1293 ὀνόμασιν
1636 1257 1718 1292 οὔσης
1738 1257 1857 1289 τούτοις,

1063 1315 1072 1331 1
1096 1305 1134 1337 ὡς
1146 1305 1205 1332 ἔστι
1219 1305 1309 1341 ῥᾴδιον
1320 1304 1366 1331 καὶ¹
1379 1305 1435 1335 τοῖς
1453 1303 1555 1339 σφόδρα
1574 1302 1725 1337 δυσμαθέσι
1739 1303 1853 1336 γνῶναι,

1063 1361 1073 1377 1
1096 1352 1179 1386 Δῆλον
1189 1350 1244 1386 γὰρ
1254 1351 1295 1377 ὅτι
1303 1351 1317 1377 ὁ
1327 1349 1493 1384 Μονογενὴς,
1507 1349 1530 1374 εἰ
1542 1348 1625 1379 ὅντως
1640 1348 1786 1383 μονογενὴς
1798 1349 1856 1384 εἴη,

1064 1405 1073 1421 1
1094 1396 1144 1422 οὐκ
1163 1395 1202 1422 έτι
1218 1394 1389 1431 πρωτότοκος
1403 1392 1472 1421 εἶναι
1485 1393 1606 1425 δύναται,
1621 1393 1668 1419 καὶ
1683 1393 1698 1418 ό
1715 1392 1859 1427 Πρωτότο-

1064 1451 1073 1467 1
1097 1450 1155 1473 κος,
1200 1440 1381 1476 πρωτότοκος,
1400 1440 1430 1467 οὺ
1452 1439 1566 1466 δύναται
1579 1438 1724 1474 μονογενὴς
1738 1436 1818 1464 εἶναι.
1843 1447 1853 1462 ι

1061 1487 1116 1513 Καὶ
1129 1488 1157 1513 ὲν
1168 1486 1274 1518 τούτοις
1289 1486 1317 1513 δὲ
1335 1486 1380 1513 τὸν
1399 1486 1537 1521 ’Δστέριον
1554 1485 1674 1512 αἰτιᾶται
1691 1484 1790 1520 μάτην.
1816 1483 1856 1509 Οὐ

1061 1533 1116 1569 γὰρ
1128 1532 1221 1565 αὑτοῦ,
1236 1532 1304 1560 ἀλλά
1317 1532 1366 1568 τῆς
1380 1532 1456 1564 Θείας
1471 1532 1582 1568 Γραφῆς
1607 1531 1754 1565 ἐτύγχανον
1784 1527 1855 1556 εἶναι

1062 1579 1108 1605 τὸν
1120 1579 1183 1605 Υἰὺν
1194 1578 1240 1605 τοῦ
1250 1577 1318 1606 Θεοῦ
1332 1586 1397 1605 ποτε
1413 1578 1462 1613 μὲν
1473 1577 1600 1612 λέγουσαι
1610 1574 1761 1611 μονογενῆ
1775 1575 1853 1608 Υιὸν,

1066 1624 1131 1651 ποτὲ
1144 1623 1172 1651 δὲ
1186 1624 1377 1658 Πρωτότοκον
1393 1623 1495 1656 πάσης
1512 1619 1649 1655 κτίσεως,
1657 1620 1755 1656 φωναί.
1772 1619 1854 1652 Αὖθις

1067 1669 1095 1696 δὲ
1120 1669 1248 1696 συνάπτει
1273 1668 1379 1700 τούτοις
1402 1668 1498 1702 λέγων·
1523 1677 1532 1693 1
1563 1667 1633 1694 Ἀλλ’
1654 1667 1790 1702 ἀφέμενος
1806 1666 1854 1700 τῆς

1070 1727 1078 1741 ι
1099 1715 1215 1751 ἀληθοῦς
1229 1715 1367 1749 γνώσεως,
1381 1714 1431 1750 τὴν
1445 1714 1568 1749 ἔντεχνον
1581 1714 1647 1749 ἡμῖν
1674 1713 1722 1739 καὶ
1739 1711 1784 1738 νῦν
1800 1712 1852 1738 ὰπ-

1070 1772 1078 1787 ‹
1098 1760 1216 1793 εδείξατο
1231 1761 1347 1796 θεωρίαν
1367 1760 1417 1796 (6).
1436 1760 1494 1787 Οὐκ
1508 1759 1577 1795 έχων
1591 1759 1645 1794 γὰρ
1658 1760 1690 1786 έκ
1705 1758 1757 1785 τῶν
1772 1757 1849 1783 θείων

1063 1819 1072 1834 1
1089 1808 1204 1844 Γραφῶν
1217 1808 1246 1834 τὸ
1259 1807 1355 1835 ἑαυτοῦ
1367 1807 1571 1834 κατασκευάσαι
1588 1806 1718 1842 βούλημα,
1728 1804 1772 1831 ἐπὶ
1784 1802 1849 1833 τοὺς

1063 1864 1073 1880 1
1092 1853 1271 1888 σοφωτάτους,
1293 1853 1331 1885 ὡς
1356 1853 1452 1885 οἴεται,
1475 1852 1619 1888 ἀνατρέχει
1644 1849 1773 1885 Πατέραςτ
1795 1847 1849 1882 φά-

1066 1908 1074 1924 ι
1094 1907 1167 1925 σκων
1195 1898 1264 1934 ὅπερ
1280 1899 1304 1925 οἱ
1323 1897 1472 1932 σοφώτατοι
1487 1897 1540 1924 τῶν
1554 1897 1682 1932 Πατέρων
1696 1896 1724 1921 ὲν
1740 1894 1795 1924 τοῖς
1814 1893 1854 1918 oi-

1067 1954 1075 1970 1
1096 1945 1179 1977 κείοις
1205 1945 1391 1980 συντάγμασιν
1410 1944 1593 1979 ἀπεφήναντο.
1620 1942 1768 1976 Ἀπόφασιν
1785 1940 1856 1966 ἀπο-

1068 2002 1081 2018 1
1098 1990 1234 2025 πεφάνθαι
1246 1991 1308 2022 τοὺς
1319 1990 1415 2017 ἑαυτοῦ
1429 1990 1554 2025 Πατέρας
1568 1988 1704 2024 Ἀστέριος
1716 1994 1792 2021 φησι,
1809 1985 1859 2011 καὶ

1068 2047 1077 2063 1
1100 2038 1187 2073 δόγμα
1211 2038 1275 2074 περὶ
1301 2037 1369 2064 Θεοῦ
1396 2036 1563 2072 γεγραφέναι
1594 2035 1647 2062 ἀπὸ
1678 2034 1727 2069 τῆς
1754 2032 1859 2062 οἰκείας

1068 2093 1077 2108 1
1096 2083 1200 2110 ἑαυτῶν
1217 2083 1414 2119 προαιρέσεως.
1431 2082 1468 2109 Τὸ
1485 2081 1538 2118 γὰρ
1552 2081 1599 2108 τοῦ
1613 2081 1747 2115 δόγματος
1761 2078 1861 2112 δνομα,

1071 2138 1079 2154 1
1099 2129 1149 2164 τῆς
1162 2128 1336 2164 ἀνθρωπίνης
1348 2128 1440 2163 ἔχεται
1452 2128 1548 2163 βουλῆς
1557 2136 1587 2153 τε
1600 2127 1646 2154 καὶ
1658 2126 1781 2161 γνώμης.
1797 2120 1857 2150 Ὅτι

1069 2184 1078 2200 1
1096 2175 1127 2201 δὲ
1140 2174 1214 2204 τοῦθ’
1239 2175 1326 2206 οὕτως
1342 2174 1408 2209 ἔχει,
1425 2175 1560 2210 μαρτυρεῖ
1580 2174 1629 2209 μὲν
1642 2174 1707 2210 ἡμῖν
1724 2171 1823 2204 ἱκανῶς
1840 2171 1857 2205 ὴ

1478 2394 1570 2423 utpote
1594 2388 1766 2422 sophisticem
1791 2386 1864 2423 olim.

1069 2422 1192 2459 professi.
1214 2425 1267 2451 Sed
1286 2425 1328 2451 hic
1345 2425 1419 2451 deest
1435 2433 1484 2451 vox
1505 2422 1587 2450 αὐτοῦ
1601 2432 1606 2437 ·
1622 2424 1712 2450 statim
1739 2422 1857 2454 corrige,

1069 2460 1205 2493 ἀπόφασιν
1223 2460 1423 2493 ἀποπειρᾶσθαι,
1441 2459 1566 2494 lntclligit
1587 2464 1686 2494 autem,
1706 2464 1734 2484 ut
1755 2462 1823 2494 patet
1842 2464 1859 2494 ο

1069 2491 1254 2529 sequentibus,
1264 2491 1417 2527 Urigcnem,
1429 2502 1508 2529 quem
1526 2491 1610 2520 videri
1625 2493 1748 2529 volebant
1761 2491 1858 2529 Ariani

1068 2526 1164 2561 secuti,
1184 2536 1213 2556 ut
1229 2536 1255 2556 et
1271 2530 1427 2563 Dionysium
1438 2526 1665 2555 'Alexandrinum.
1684 2527 1748 2554 Post
1759 2526 1862 2552 καλου-

1067 2574 1145 2600 μενα,
1163 2566 1312 2592 addendum
1323 2565 1454 2599 δόγματα.
1470 2564 1534 2590 Vult
1547 2563 1686 2600 Marcellus
1711 2563 1858 2588 humanam

1065 2598 1248 2627 tantummodo
1278 2598 1418 2626 scientiam
1437 2600 1552 2625 humana
1578 2598 1789 2631 scita,dngmatn
1809 2604 1862 2621 no-

1064 2636 1187 2672 minari:
1212 2636 1249 2672 ita
1274 2634 1480 2672 λεπτολογοῦσιν
1512 2634 1695 2672 utrinque_hi
1722 2631 1861 2672 ἐναν-

1064 2671 1137 2701 τίας.
1151 2670 1204 2697 Cur
1221 2670 1308 2697 locum
1332 2667 1454 2704 Apostoli
1474 2677 1505 2696 ex
1526 2677 1543 2695 ιι
1563 2669 1596 2695 ad
1612 2669 1711 2703 Ephes.
1735 2667 1780 2698 15,
1796 2674 1826 2704 pr

1065 2707 1184 2736 duxerit.
1199 2714 1252 2733 non
1270 2705 1366 2739 capio;
1384 2705 1545 2737 intelligam,
1562 2712 1621 2730 cum
1640 2704 1764 2739 detectus
1780 2710 1794 2739 c

1065 2742 1104 2768 cis
1119 2749 1151 2768 ex
1167 2741 1287 2775 Apostoli
1302 2738 1428 2767 contextu
1441 2740 1580 2774 sunpletus
1592 2738 1747 2775 luerittn‘r

1066 2776 1123 2803 τῶν
1131 2773 1261 2803 ἐντολῶν
1269 2776 1330 2808 τοῖς
1338 2775 1464 2809 δόγμασι
1474 2774 1674 2808 καταργήσας.
1683 2773 1734 2809 Leg

1066 2814 1189 2838 datorum
1207 2812 1234 2837 in
1250 2810 1416 2842 doqmalibus
1437 2818 1577 2836 emcuans.
1596 2809 1688 2835 Recita

1067 2848 1174 2877 dueeat,
1196 2854 1288 2873 vocem
1304 2853 1362 2871 eam
1379 2853 1431 2872 non
1447 2853 1505 2871 esse
1533 2846 1654 2870 humana:
1679 2843 1687 2877 ξ

1067 2889 1113 2909 aut
1131 2882 1284 2909 seltolantut
1304 2881 1489 2906 tantummodo
1503 2880 1672 2905 smenlarium

1065 2918 1142 2951 Vulgo
1158 2915 1364 2951 ἀμνημονεύσας
1378 2921 1403 2942 ct
1421 2916 1481 2943 dein
1495 2917 1547 2945 τοῖς
1563 2914 1649 2947 eam;

1747 2652 1752 2663 ,
1780 2647 1861 2657 ενυη-

1748 2647 2038 2793 Ἃ

1751 2710 1764 2729 S
1780 2710 1794 2728 c

1618 2896 1672 2904 ω...

1612 2896 2038 3197 -
