4088 6374
375 388 476 447 7.2.7

1481 388 1759 442 CONTRA
1800 389 2219 443 MARCELLI”!
2259 387 2385 440 LIB.
2430 392 2465 439 Ι.

3492 382 3590 436 758

378 523 396 556 ι
436 500 736 573 δογματικὴ
769 500 873 551 τῶν
908 500 1103 568 ἰατρῶν
1138 499 1316 568 τεχνηε
1359 506 1624 572 μαρτυρεῖ
1650 503 1704 555 δὲ
1743 504 1836 555 καὶ
1864 502 1919 554 τὸ

2037 521 2053 551 ι
2090 502 2153 554 de
2186 499 2499 566 Scripturis,
2527 497 2576 549 id
2601 495 2740 563 quod
2774 496 2949 559 vellet,
2987 507 3217 563 nequeat
3246 495 3589 557 conﬁrmare,

378 614 398 647 ι
430 598 538 648 τῶν
568 593 860 662 φιλοσόφων
900 592 1201 661 καλούμενα
1239 592 1539 663 (δόγματα).
1581 597 1699 647 Ὅτι
1750 596 1804 648 δὲ
1835 594 1926 648 καὶ

380 702 397 733 ι
430 681 499 734 τὰ
533 681 811 750 συγκλήτῳ
831 680 1071 745 δόξαντα,
1099 681 1178 733 ἔτι
1210 683 1301 734 καὶ
1324 684 1416 735 νῦν
1434 684 1676 753 δόγματα
1705 686 1929 757 συγκλή-

380 792 398 824 ι
435 791 526 826 του
560 773 789 840 λέγεται,
824 771 1009 824 οὑδένα
1037 773 1249 838 ἀγνοεῖν
1276 769 1444 843 οἶμαι.
1489 794 1506 825 ι
1543 777 1651 827 Καὶ
1676 776 1845 828 ταῦτα
1871 776 1927 828 δὲ

372 868 401 919 ὁ
422 866 746 937 Μάρκελλος,
768 866 1157 935 ἀμνημονήσας
1191 865 1289 935 τῆς
1324 866 1685 937 ἀωστολικῆς
1721 868 1924 935 φωνῆς,

372 958 404 1025 ἥ
440 973 567 1026 φησι
596 956 721 1027 περὶ
751 956 844 1009 τοῦ
878 956 1144 1026 Σωτῆρος,
1184 956 1289 1009 τὸν
1312 952 1496 1027 νόμον
1523 958 1639 1011 τῶν
1666 959 1927 1013 ἐντολῶν

369 1046 490 1112 τοῖς
520 1046 771 1116 δόγμασι
808 1047 1205 1117 καταργήσας,
1258 1050 1500 1121 προήχθη
1534 1053 1724 1103 εἰπεῖν.
1770 1052 1927 1105 Ἀλλά

368 1136 458 1188 καὶ
483 1137 750 1207 μέμφεται
772 1137 847 1207 τῷ
866 1136 971 1190 δεῖν
989 1138 1213 1191 ἕπεσθαι
1238 1141 1346 1201 τοῖς
1360 1139 1624 1209 Πατράσι,
1650 1139 1747 1208 τῆς
1778 1140 1926 1204 Θείας

367 1225 677 1295 φασκούσης
707 1227 945 1296 Γραφῆς·
983 1226 1394 1294 Ἐπερώτησον
1416 1227 1521 1279 τὸν
1539 1227 1761 1295 πατέρα
1786 1242 1921 1289 σου,

366 1316 463 1368 καὶ
490 1317 803 1385 ἀναγγελεῖ
831 1333 947 1370 σοι’
986 1318 1123 1384 τοὺς
1154 1319 1591 1386 πρεσϐυτέρους
1625 1333 1759 1382 σου,
1829 1320 1925 1371 καὶ

366 1405 572 1471 ἐροῦσι
607 1423 723 1459 σοι·
759 1408 871 1472 καὶ,
896 1408 989 1476 Μὴ
1016 1410 1249 1477 μέταιρε
1270 1410 1398 1477 ὅρια
1417 1409 1637 1473 αἰώνια,
1662 1409 1698 1462 ᾰ
1726 1409 1927 1463 ἔθεντο

366 1499 419 1549 οἱ
453 1497 711 1565 Πατέρες
742 1516 877 1553 σου.
908 1499 1021 1553 Εἶτ’
1047 1503 1370 1569 ἀγανακτῶν
1413 1503 1493 1555 ὅτι
1535 1502 1792 1555 Παυλῖνον
1827 1520 1928 1572 μα-

366 1590 553 1661 κάριον
584 1593 941 1658 ἁπεκάλεσεν,
991 1595 1125 1665 ὁμοῦ
1157 1611 1216 1648 τε
1249 1595 1430 1659 κακῶς
1476 1595 1731 1648 Εὑσεϐίου
1767 1595 1927 1649 πάλιν

368 1684 737 1752 μνημονεύων,
773 1685 912 1738 οὑτω
940 1686 1170 1756 γράψει’
1214 1706 1231 1738 ι
1268 1688 1633 1758 Συνηγορῆσαι
1663 1687 1771 1759 γὰρ
1801 1688 1924 1757 βου-

369 1789 387 1820 ι
424 1770 604 1841 ληθεὶς
648 1773 725 1843 τῷ
770 1773 866 1843 τὴν
910 1774 1194 1844 ἐπιστολὴν
1239 1774 1422 1836 κακῶς
1450 1774 1719 1845 γράψαντι
1757 1774 1924 1826 Εὑσε-

368 1882 387 1913 ι
427 1863 546 1933 ϐίῳ,
593 1865 806 1934 πρῶτον
835 1864 909 1935 (7)
948 1865 1065 1936 μὲν,
1094 1865 1154 1917 οὑ
1187 1865 1577 1928 διδασκαλικῶς
1614 1865 1924 1931 ἀναπτύξας

369 1973 386 2004 ι
427 1955 512 2023 ἐφ’
624 1957 684 2009 τὸ
724 1957 897 2027 δόγμα
927 1958 1023 2028 τὴν
1056 1959 1341 2030 ἐπιστολὴν
1376 1959 1690 2025 συνέταξεν·
1725 1960 1785 2011 οὑ
1817 1959 1924 2030 γὰρ

366 2064 385 2094 ι
422 2045 557 2115 πρὸς
594 2048 691 2117 τὴν
731 2048 1076 2119 Ἐκκλησίαν,
1104 2049 1224 2102 οὑδὲ
1263 2050 1398 2120 πρὸς
1438 2050 1562 2112 τοὺς
1601 2048 1924 2116 ἀγνοοῦντας

367 2154 383 2184 ι
423 2136 629 2202 ἐγίνετο
651 2136 711 2187 τὸ
738 2138 989 2206 γράμμα,
1013 2138 1146 2190 ἀλλὰ
1179 2138 1313 2209 πρὸς
1342 2139 1431 2190 τὸν
1495 2139 1760 2209 μακάριον
1787 2140 1927 2192 Παυ-

367 2244 384 2275 ι
428 2224 587 2277 λίνον·
627 2227 891 2296 μακάριον
941 2227 1103 2281 αὑτὸν
1146 2228 1233 2280 διὰ
1276 2228 1433 2281 τοῦτο
1472 2228 1660 2292 εἰπὼν,
1705 2230 1786 2282 ὅτι
1828 2231 1923 2301 τὴν

368 2334 387 2367 ι
422 2317 589 2387 αὑτὴν
608 2314 753 2387 εῖχεν
772 2319 1030 2389 Ἀστερίῳ
1049 2319 1222 2383 δόξαν.
1247 2318 1456 2373 Οὑκοῦν
1480 2321 1775 2391 ἐπειδήπερ
1799 2324 1924 2386 τοὺς

368 2429 385 2459 ι
430 2411 769 2479 σοφωτάτους
795 2412 1046 2483 Πατέρας
1070 2413 1344 2483 Ἀστερίου
1367 2413 1782 2484 μεμαθήκαμεν,
1808 2417 1925 2469 ἀκό-

365 2519 385 2549 ‹
428 2500 612 2554 λουθον
657 2501 915 2573 ἠγοῦμαι,
952 2502 1133 2571 λέγειν
1176 2504 1266 2556 καὶ
1297 2504 1386 2556 τὸν
1426 2504 1690 2559 Παυλίνου
1726 2524 1783 2559 τε
1831 2509 1924 2561 καὶ

366 2610 383 2640 ι
424 2590 532 2643 τῶν
560 2591 732 2645 ἄλλων
777 2594 1065 2663 γενόμενον
1107 2592 1444 2647 διδάσκαλον.
1503 2594 1634 2646 Ἀπὸ
1680 2578 1923 2666 γὰρ”τῆς

364 2700 383 2729 ι
422 2680 684 2733 Παυλίνου
720 2683 1027 2752 ἐπιστολῆς,
1069 2685 1098 2736 ὁ
1131 2684 1380 2737 κάκείνου
1413 2684 1726 2748 διδάσκαλος
1763 2703 1921 2755 γεγοη

366 2790 384 2821 ι
419 2770 522 2834 νὼς
561 2770 778 2844 εὑδηλος
812 2773 1006 2841 γένοιτ’
1050 2772 1114 2827 ἂν
1158 2777 1306 2844 ἡμῖν.
1345 2795 1362 2825 ›
1411 2777 1519 2828 Καὶ⁴
1558 2775 1758 2845 μεταξὺ
1802 2794 1921 2830 τινα

359 2862 546 2929 εἰπὼν,
574 2863 665 2916 τὸν
694 2864 852 2917 αὑτὸν
879 2860 1033 2929 αὖθις
1058 2864 1350 2928 διαϐάλλει,
1375 2867 1449 2929 ὡς
1472 2868 1570 2920 οὑκ
1598 2868 1771 2938 ὀρθῶς
1796 2870 1924 2922 ἀπο-

356 2954 642 3024 δεξάμενον
670 2957 760 3009 τὺν
787 2958 1058 3029 Ὠριγένη,
1085 2958 1257 3028 λέγων
1292 2959 1462 3023 οὕτως
1488 2977 1501 2989 ο
1537 2980 1554 3011 ι
1598 2961 1710 3013 Οὑκ
1747 2961 1922 3031 Εὐαγ-

363 3065 379 3096 ι
422 3046 641 3118 γελικῆς
680 3050 1110 3121 ὑπομιμνήσκων
1150 3053 1491 3117 διδασκαλίας
1530 3054 1676 3108 ταῦτ’
1718 3055 1919 3127 ἔγραψε

363 3156 381 3187 ι
424 3138 702 3202 Παυλῖνος,
725 3141 999 3209 ὁμολογῶν
1024 3142 1079 3195 δὲ
1107 3144 1280 3207 ένίους
1311 3146 1409 3215 μὲν
1434 3147 1525 3213 ἀφ’
1549 3145 1756 3199 ἑαυτῶν
1779 3146 1921 3201 οὑτω
1947 3168 1989 3226 C

365 3244 381 3274 ι
425 3226 686 3281 κινεῖσθαι
712 3245 723 3258 ’
775 3230 949 3292 ένίους
988 3231 1042 3283 δὲ
1078 3234 1142 3285 ὲκ
1185 3233 1290 3285 τῶν
1333 3235 1773 3304 ἀναγνωσμάτων
1812 3236 1918 3291 τῶν

364 3334 381 3365 ι
427 3320 835 3387 προειρημένων
873 3321 1077 3389 ἀνδρῶν
1105 3322 1290 3375 τοῦτον
1327 3321 1491 3395 ἦχθαι
1523 3327 1614 3378 τὸν
1642 3329 1857 3397 τρόπον.
1894 3349 1912 3381 ι

356 3403 490 3459 Εἶτα
535 3410 703 3473 τέλος,
746 3410 933 3482 ὥσπερ
975 3413 1094 3466 τινὰ
1149 3415 1411 3485 κορωνίδα
1448 3418 1545 3486 τῆς
1596 3419 1917 3484 ἀποδείξεως

356 3498 575 3564 ἐπάγων
613 3501 677 3552 ὲκ
717 3501 825 3553 τῶν
869 3504 1173 3574 Ὠριγένους
1219 3505 1395 3575 ῥητῶν
1439 3506 1535 3575 (8),
1583 3508 1681 3578 τῆς
1723 3508 1916 3563 ἑαυτοῦ

355 3588 669 3659 ὑπέγραψεν
698 3594 1004 3665 ἐπιστολῆς,
1040 3596 1116 3659 ὼς
1151 3596 1347 3666 μᾶλλον
1382 3600 1564 3651 πεῖσαι
1595 3599 1911 3669 δυναμένου,

353 3680 503 3749 παρά
534 3682 658 3744 τοὺς
688 3684 1077 3751 εὐαγγελιστάς
1110 3688 1201 3739 καὶ
1229 3688 1353 3751 τοὺς
1384 3688 1728 3753 ἀποστόλους.
1762 3691 1913 3743 Ἐστι

350 3767 408 3821 δὲ
437 3770 503 3822 τὰ
539 3771 677 3839 ῥητὰ
708 3773 893 3827 ταῦτα·
938 3794 956 3825 ι
1000 3778 1139 3847 Ὥρα
1185 3779 1589 3833 έπαναλαϐόντα
1631 3783 1757 3851 περὶ
1805 3783 1917 3835 Πα-

358 3876 376 3909 ι
422 3861 567 3929 τρὸς,
604 3863 696 3914 καὶ
738 3864 888 3927 Υίοῦ,
925 3867 1017 3920 καὶ
1065 3868 1217 3936 ἁγίου
1253 3871 1588 3940 Πνεύματος,
1622 3872 1773 3939 ὀλίγα
1810 3873 1917 3926 τῶν

357 3966 376 4000 ι
421 3950 537 4003 τότε
583 3954 1097 4026 παραλελειμμένων
1148 3960 1453 4025 διεξελθεῖν.
1512 3964 1646 4033 Περὶ
1680 3964 1910 4035 Πατρὸς,

356 4058 375 4091 ι
414 4040 489 4104 ὡς
520 4042 820 4114 ἀδιαίρετος
850 4044 922 4097 ὢν
957 4047 1049 4101 καὶ
1077 4049 1368 4133 ἀμέριστος
1396 4051 1525 4103 Υἱοῦ
1555 4052 1760 4121 γίνεται
1798 4055 1910 4107 Πα-

355 4150 373 4181 ι
413 4134 536 4203 τήρ⁹
589 4135 648 4187 οὑ
688 4136 972 4205 προϐαλὼν
1023 4140 1205 4208 αὑτὸν,
1250 4142 1326 4205 ὡς
1374 4144 1574 4197 οἴονταί
1628 4161 1788 4208 τινες.
1851 4146 1913 4198 Et

354 4242 373 4276 ι
411 4224 516 4296 γὰρ
552 4227 839 4298 πρόϐλημά
878 4230 953 4301 (9)
1005 4233 1151 4286 ἐστιν
1199 4236 1227 4287 ὁ
1274 4235 1398 4300 Υίὸς
1433 4236 1526 4289 τοῦ
1568 4237 1780 4309 Πατρὸς
1820 4238 1914 4292 καὶ

423 4410 619 4482 ξβ-Ειι.
657 4410 850 4473 Paris..
877 4427 999 4482 pag.
1029 4411 1120 4465 22.

2031 610 2048 641 ι
2091 591 2155 642 ad
2185 588 2636 657 sapientissimos,
2658 589 2731 641 uti
2760 598 2928 651 retur,
2946 587 3131 640 Patres
3153 588 3412 653 conl'ugit,
3441 598 3493 640 et
3522 588 3591 639 in-

2031 700 2049 731 ι
2083 680 2199 749 quit
2228 679 2369 748 quod
2397 678 2777 748 sapientissimi
2807 692 2836 730 e
2868 676 3119 731 Patribus
3149 677 3199 729 in
3231 677 3447 745 scriptis
3480 678 3591 731 suis

2031 790 2048 820 ι
2086 771 2484 825 conc-luserunt.
2501 770 2838 824 Conclusisse
2855 784 2981 822 suos
3001 766 3188 823 Patres
3208 769 3451 821 Asterius
3474 784 3592 835 pro-

2031 883 2048 913 ‹
2085 863 2184 929 dit,
2223 872 2276 917 et
2306 863 2630 916 sententiam
2666 863 2729 916 de
2760 862 2867 915 Deo
2898 860 3182 927 protulisse
3222 875 3283 915 ex
3317 875 3413 914 suo
3443 861 3587 927 ipso-

2031 978 2049 1009 ‹
2084 974 2197 1012 rum
2217 959 2399 1013 animo
2423 959 2740 1013 derivatum.
2764 955 3035 1026 Dogmatis
3052 955 3198 1009 enim
3219 970 3346 1017 vox,
3365 970 3468 1023 qua
3496 956 3592 1008 uti-

2031 1069 2047 1099 ‹
2084 1059 2172 1104 tur
2214 1048 2323 1111 ille,
2350 1050 2419 1105 ab
2441 1050 2676 1103 humana
2700 1046 2975 1101 voluntate
3010 1055 3064 1101 et
3090 1046 3339 1115 opinione
3370 1046 3588 1114 pendet.

2031 1161 2048 1192 ι
2078 1142 2228 1208 Quod
2244 1144 2377 1197 satis
2394 1142 2667 1203 docetars,
2681 1138 3012 1210 quaadicitur
3026 1138 3348 1207 dogmatica,
3364 1136 3591 1189 medico-

2032 1249 2049 1281 ι
2086 1245 2233 1295 rum;
2256 1230 2449 1284 docent
2466 1240 2643 1283 autem
2661 1237 2715 1282 et
2730 1243 2847 1297 quae
2872 1228 3127 1281 dicuntur
3147 1225 3588 1294 philosophorum

2032 1340 2054 1392 ι
2088 1322 2357 1391 dogmata.
2404 1319 2587 1388 Neque
2618 1318 2769 1383 Latet,
2801 1319 3015 1386 opinor,
3046 1316 3302 1385 aliquem,
3337 1330 3366 1367 a
3398 1323 3586 1368 senatu

2033 1434 2050 1465 ι
2090 1413 2565 1477 edita,etiamnum
2591 1410 2839 1479 dogmata
2856 1418 3075 1464 senatus
3106 1407 3392 1461 nominari.
3424 1425 3440 1457 ι
3465 1405 3586 1458 Haec

2026 1505 2338 1571 Marcellus,
2372 1518 2562 1574 parum
2596 1516 2801 1555 memor
2828 1500 3105 1570 apostolici
3133 1500 3259 1553 dicti
3302 1500 3365 1551 de
3391 1498 3587 1550 Serva-

2031 1609 2168 1661 tore,
2199 1596 2382 1665 Legem
2412 1595 2777 1648 mandatorum
2803 1594 3023 1647 decretis
3049 1608 3163 1646 cum
3194 1605 3484 1644 evacuasset
3519 1589 3580 1643 ⁸³.

2027 1688 2206 1759 Pergit
2230 1697 2427 1753 autem,
2450 1698 2505 1741 et
2534 1685 2825 1753 Scriptura:
2847 1685 3018 1738 dicam
3055 1684 3321 1747 inscribit,
3347 1698 3463 1750 qua:
3493 1683 3587 1733 do-

2027 1792 2114 1834 cet
2149 1779 2449 1849 sequendos
2479 1792 2600 1832 esse
2632 1778 2818 1831 Patres
2852 1795 2866 1830 :
2898 1775 3171 1843 Interroga
3195 1784 3391 1841 patrem
3416 1783 3582 1839 tuum,

2026 1882 2071 1923 et
2096 1872 2426 1924 annuntiabit
2455 1868 2587 1937 tibi;
2618 1871 2847 1924 seniores
2877 1877 2925 1921 et
2950 1867 3237 1921 narrabant
3272 1866 3365 1917 tibi
3397 1865 3472 1929 M*;
3510 1872 3582 1930 ct,

2029 1958 2293 2012 Termino:
2324 1958 2563 2025 antiquos
2599 1974 2660 2010 ne
2688 1958 3088 2026 transgreditur,
3122 1972 3251 2025 quos
3298 1954 3475 2007 Patres
3508 1955 3585 2006 tui

2022 2064 2237 2115 posuere
2268 2048 2356 2100 ⁸⁸⁸.
2377 2048 2576 2102 Audito
2610 2047 2801 2102 deinde
2832 2046 3111 2100 Paulinum
3162 2047 3364 2099 beatum
3406 2045 3585 2114 appel-

2025 2139 2143 2207 lari,
2178 2140 2526 2209 indignatur:
2557 2148 2610 2193 et
2645 2138 2859 2193 Eusebii
2912 2140 3105 2192 iterum
3171 2139 3417 2192 meminit
3461 2154 3582 2189 cum

2024 2232 2347 2287 contumelia
2379 2232 2622 2287 scribens
2647 2230 2738 2303 [Β.
2768 2229 3058 2302 LXXVII]:
3091 2248 3111 2280 ι
3144 2229 3462 2283 Consentire
3492 2243 3585 2279 vo-

2032 2343 2049 2374 ι
2090 2324 2205 2376 lens
2236 2338 2360 2376 cum
2388 2322 2642 2389 Eusebio,
2678 2324 2771 2391 qui
2830 2322 2973 2375 illam
3023 2322 3238 2389 impiam
3287 2320 3585 2387 scripserat

2030 2432 2048 2464 ι
2086 2413 2368 2483 epistolam
2402 2434 2414 2467 :
2449 2412 2698 2482 inprimis
2754 2426 2939 2480 parum
2975 2409 3443 2480 magisterialiter,
3494 2418 3584 2463 aut

2028 2522 2046 2555 ι
2086 2504 2152 2557 ad
2181 2502 2481 2556 docendum
2532 2509 2657 2569 apte
2688 2501 2944 2569 loquitur,
2978 2501 3067 2570 qui
3104 2500 3294 2567 dogma
3331 2492 3435 2550 non
3484 2513 3581 2550 no-

2029 2613 2046 2643 ι
2085 2594 2253 2646 minat
2284 2592 2435 2660 cujus
2464 2593 2635 2663 gratia
2668 2592 2812 2645 illam
2841 2591 3060 2660 scripsit
3099 2590 3378 2658 epistolam
3412 2607 3426 2642 :
3457 2604 3579 2641 cum

2028 2704 2045 2733 ι
2088 2698 2193 2736 non
2221 2682 2287 2737 ad
2315 2682 2607 2738 Ecclesiam
2644 2684 2777 2737 illud
2805 2684 3097 2752 scriptum,
3136 2696 3307 2751 neque
3332 2680 3397 2732 ad
3429 2681 3580 2746 igno-

2028 2793 2044 2824 ι
2084 2782 2268 2828 rantes
2320 2773 2641 2843 dirigeretur
2718 2774 2811 2829 sed
2866 2775 2933 2827 ad
2991 2773 3206 2825 beatum
3262 2770 3575 2833 Paulinum,

2028 2885 2045 2916 ι
2088 2880 2247 2935 quem
2296 2865 2511 2919 beatum
2571 2866 2773 2921 dixisse
2820 2867 2937 2920 ideo
2965 2874 3129 2935 patet.
3162 2864 3303 2933 quod
3337 2863 3578 2915 eamdem

2028 2975 2045 3008 ι
2088 2972 2208 3011 cum
2240 2956 2454 3012 Asterio
2478 2959 2802 3012 sententiam
2845 2958 3046 3011 foveat.
3110 2955 3396 3023 Postquam
3452 2968 3580 3005 vero

2028 3067 2045 3099 ι
2079 3048 2507 3118 sapientissimos
2547 3049 2746 3104 Asterii
2787 3047 2973 3102 Patres
2997 3047 3362 3110 didicerimus,
3392 3059 3581 3097 consc-

2028 3158 2046 3190 ι
2077 3154 2248 3209 quens
2278 3154 2396 3194 esse
2418 3138 2676 3204 arbitror,
2701 3149 2759 3192 ut
2789 3155 2912 3193 cum
2951 3137 3186 3203 Paulini,
3218 3148 3325 3189 tum
3349 3135 3576 3188 aliorum

2028 3251 2045 3283 ι
2077 3234 2324 3286 doctores
2367 3232 2725 3286 nominemus.
2777 3230 2907 3283 Nam
2935 3246 3032 3299 per
3057 3230 3335 3299 epistolam
3372 3228 3576 3280 Paulini

2026 3343 2044 3374 ι
2079 3324 2249 3387 illam,
2279 3322 2484 3391 patebit
2519 3324 2644 3390 quis
2692 3331 2812 3375 erat
2864 3322 3007 3376 illius
3042 3322 3379 3374 informatur.
3420 3340 3437 3369 δ
3478 3320 3575 3374 Ubi

2022 3414 2227 3467 interea
2255 3413 2360 3465 alia
2393 3414 2633 3481 qumdam
2659 3427 2779 3466 cum
2817 3411 3238 3475 iuterseruisset,
3276 3419 3424 3462 taxat
3456 3426 3575 3461 eum

2021 3508 2219 3572 denuo,
2246 3507 2398 3576 quasi
2423 3508 2560 3561 male
2582 3507 3078 3575 cepissetOrigenis
3111 3517 3361 3560 mentem.
3380 3505 3579 3573 Loqui-

2021 3607 2111 3652 tur
2148 3608 2324 3653 autem
2355 3602 2432 3654 sic
2464 3600 2551 3672 [Β.
2585 3599 2800 3672 XXXII]
2837 3620 2851 3655 :
2890 3619 2907 3653 ι
2934 3602 3162 3670 Scripsit
3184 3601 3296 3655 bzec
3328 3599 3577 3653 Paulinus

2025 3706 2043 3738 ι
2080 3688 2274 3757 injecta
2290 3691 2504 3758 quidem
2525 3690 2858 3761 Evangelicze
2889 3692 3145 3746 doctrina:
3168 3691 3455 3754 mentione,
3483 3691 3575 3742 scd

2023 3798 2041 3829 ι
2078 3780 2273 3833 fatetur
2303 3781 2559 3849 quosdam
2592 3792 2738 3835 motu
2792 3797 2890 3837 suo
2940 3783 3177 3851 proprio,
3220 3780 3477 3849 quosdam
3511 3781 3576 3833 de

2023 3890 2042 3923 ι
2084 3872 2311 3927 lectione
2352 3875 2729 3941 prazdictorum
2783 3876 3059 3931 hominum
3083 3877 3148 3928 ad
3176 3876 3315 3929 hanc
3349 3872 3573 3927 formam

2026 3982 2045 4014 ι
2081 3950 2441 4019 descendisse.
2480 3985 2498 4017 ι
2531 3967 2609 4019 Ad
2637 3976 2938 4021 extremum
2962 3966 3106 4020 velut
3137 3968 3224 4035 qui
3263 3963 3571 4019 coronidem

2021 4070 2318 4128 apponeret
2363 4062 2831 4126 demonstrationi,
2886 4064 2951 4117 de
2986 4062 3144 4117 dictis
3189 4062 3527 4130 Origeuianis
3558 4100 3571 4120 ,

2020 4150 2264 4219 quaedam
2297 4156 2355 4213 »Β
2408 4152 2726 4221 subscripsit
2767 4166 2876 4207 suat
2925 4153 3202 4223 epistolae:
3255 4152 3405 4221 quasi
3456 4150 3575 4219 plus

2021 4238 2111 4294 illa
2147 4251 2388 4320 possent,
2419 4256 2579 4314 quam
2614 4242 2957 4315 evangelisttc
2996 4251 3051 4298 et
3092 4242 3345 4314 apostoli.
3405 4238 3572 4292 Verba

418 4478 463 4512 ⁸³
487 4480 683 4551 Ephes.
716 4496 774 4546 ιι,
808 4478 893 4536 15.
950 4478 1016 4513 ⁷⁸⁵
1035 4484 1185 4538 Deut.
1208 4499 1378 4549 xxxu,
1399 4483 1450 4536 7.
1518 4483 1585 4515 ⁸⁸*
1608 4483 1768 4542 Prov.
1804 4502 1942 4551 nm,
1973 4486 2061 4540 28.

416 4662 492 4732 <7)
530 4660 769 4732 πρῶτον
814 4662 928 4731 μέν

346 4731 606 4795 Mareelli,
641 4732 707 4785 de
737 4733 949 4786 Asterio
988 4733 1411 4787 Eusebianorum
1458 4736 1718 4790 advocato
1753 4735 1903 4788 illum

345 4802 666 4867 incusantis,
697 4803 837 4868 quod
876 4802 1163 4857 Eusebium
1206 4820 1311 4857 non
1358 4807 1623 4859 laxaverit
1660 4807 1725 4860 de
1771 4820 1905 4859 voce

345 4872 599 4938 dogmatis
640 4882 914 4941 usurpata,
944 4886 1103 4941 quam
1128 4889 1157 4927 a
1192 4874 1362 4929 sacris
1389 4873 1476 4926 ille
1507 4873 1736 4928 alienam
1768 4874 1903 4928 ima-

347 4941 650 5005 ginabatur.
684 4942 1013 5015 Legendum,
1051 4941 1155 5015 ἔφη
1190 4942 1265 5015 to
1283 4943 1477 5015 δόγμα.
1505 4942 1596 5015 Illa
1624 4959 1906 5015 veroiqua:

347 5020 670 5076 Sequuntur,
719 5028 822 5065 non
874 5013 1176 5083 cohaerent,
1218 5013 1429 5068 videtur
1480 5014 1672 5083 aliquis
1729 5014 1906 5068 hiatus

345 5092 506 5131 esse:
544 5094 666 5131 nam
712 5090 838 5135 sunt
871 5082 1037 5147 ipsius
1084 5082 1294 5136 Eusebii
1348 5083 1435 5135 illa
1482 5086 1547 5135 ad
1587 5084 1896 5138 Marcellum

347 5150 716 5215 respondentis
753 5151 852 5203 hoc
885 5151 997 5204 fere
1029 5166 1185 5205 sensu
1212 5170 1224 5205 :
1253 5151 1498 5214 Fruswa,
1523 5154 1589 5207 de
1627 5168 1760 5207 voce
1797 5155 1895 5206 do-

340 5220 775 5293 gmate_c_avi|lar_i
808 5219 1142 5293 Marcellum,
1182 5237 1303 5293 cum
1353 5232 1584 5293 constet.
1622 5223 1767 5277 illum
1803 5224 1895 5293 qui

341 5283 947 5368 ἐπιστολὴν-συνέταξεν,
964 5293 1024 5345 οὑ
1044 5292 1178 5368 πρὸς
1188 5283 1285 5362 τὴν
1301 5292 1749 5368 Ἐκκλησίανζιξιο.
1770 5283 1899 5368 ξείνι-

341 5359 531 5437 psisse.
552 5359 643 5437 sed
675 5360 739 5411 ad
772 5359 1283 5437 Paulinuitt,"vi_rttt'n
1317 5359 1604 5437 eruditum.
1627 5362 1895 5437 M._——M_oa

340 5427 495 5499 yulgo
515 5427 594 5496 τῷ
638 5440 760 5481 ante
783 5429 940 5499 _’Acc.
985 5433 1107 5487 add.
1151 5431 1292 5485 Loco
1337 5432 1495 5496 δόξαν
1529 5432 1631 5499 Mp.
1672 5434 1733 5484 τὸ
1769 5433 1900 5484 αὑτὸ

336 5494 535 5573 δόγμα.
562 5494 727 5552 Porro
755 5494 890 5573 εἶναι
921 5501 1307 5573 ιιιιιιθῗὴγοῦμαι
1341 5494 1509 5556 deievi
1542 5520 1557 5561 ;
1583 5494 1715 5556 ’dein
1745 5504 1901 5573 vulgo

336 5568 642 5638 γενομένων
668 5578 721 5622 et
748 5569 840 5621 τοῦ
865 5578 988 5623 ante
1018 5568 1303 5625 Παυλίνου.

408 5657 485 5725 (8)
529 5651 866 5727 Ὠριγένους
888 5659 1105 5724 ῥητῶν.
1155 5660 1319 5716 Forte
1357 5662 1436 5717 sic
1479 5663 1731 5719 restitues
1778 5664 1899 5717 τινὰ

338 5728 402 5795 τῇ
437 5728 630 5802 ἑαυτοῦ
652 5727 960 5802 ἐπέγραψεν
980 5730 1256 5802 ἐπιστολῇ.
1285 5732 1349 5785 Et
1367 5733 1523 5801 paulo
1545 5735 1691 5801 prius
1717 5751 1730 5787 :
1758 5734 1896 5796 ἔνια,

340 5810 437 5864 pro
458 5797 641 5866 ηὲνίοις,
659 5810 712 5855 et
727 5797 841 5854 ἔνια
865 5799 941 5853 δέ.
976 5797 1232 5868 Quaedam
1259 5819 1288 5857 a
1319 5797 1379 5859 se
1394 5797 1895 5875 invetita,quacdam

976 4665 1047 4715 οὺ
1097 4661 1554 4730 διδασκαλικῶς.
1606 4664 1733 4720 Hzec
1781 4673 1906 4718 sunt

2021 4664 2077 4718 ab
2104 4662 2327 4717 aliorum
2360 4662 2587 4717 lectione
2612 4671 2849 4716 mutuata
2873 4679 2889 4727 ς
2911 4662 3089 4717 statim
3118 4661 3203 4714 ubi
3234 4662 3428 4715 iterum
3452 4664 3570 4717 Ori.

2008 4734 2160 4802 genis
2193 4734 2394 4802 mentio
2411 4742 2459 4786 et
2494 4734 2781 4799 incusatio,
2813 4734 3090 4800 legendum
3131 4732 3205 4801 μὴ
3240 4732 3389 4801 παρὰ
3438 4733 3566 4798 τῶν,

2004 4801 2137 4867 etc.,
2160 4801 2273 4885 ἀλλ’
2299 4802 2768 4885 ἑαυτῷλδεδωκῶς
2784 4803 2842 4854 τὸ
2876 4802 3131 4885 πλε-ἴστον
3151 4802 3569 4885 ¹δευτέρανῇὺπό-

2005 4888 2192 4926 στασιν
2218 4871 2569 4944 διῃτήσασθαι
2580 4871 2676 4944 τοῦ
2696 4872 2889 4942 Λόγου,
2924 4873 2996 4944 μὴ
3029 4873 3235 4943 μαθὼν,
3263 4871 3467 4942 τολμᾷ;
3497 4875 3566 4926 ita

2002 4944 2146 5013 enim
2175 4942 2516 4997 scribendum
2556 4942 2641 4996 illa
2678 4942 3122 5011 insimtant,‘qua:
3152 4953 3564 5013 praecesserunt,

2005 5013 2071 5066 de
2094 5012 2345 5081 Origene,
2379 5028 2410 5067 e
2456 5028 2556 5067 suo
2601 5014 2828 5065 cerebro
2866 5012 3194 5082 scripsisse:
3228 5012 3395 5082 clivix
3441 5013 3566 5065 cdo-

2005 5092 2155 5151 ctum
2180 5080 2489 5151 Scripturas
2528 5103 2544 5137 ;
2573 5083 2866 5137 ὑπόστασιν
2899 5080 3028 5136 vero
3062 5080 3433 5151 scribendum,
3455 5096 3562 5151 non

2003 5150 2255 5205 ὑπόθεσιν
2304 5150 2499 5207 docent
2550 5153 2636 5206 illa
2673 5168 2790 5218 quae
2820 5168 2941 5206 mox
2987 5162 3315 5220 sequuntur,
3348 5150 3563 5219 μάλισθ’

2000 5222 2081 5293 ότι
2123 5221 2201 5291 τῷ
2224 5223 2342 5293 ,Υἱῷ
2381 5222 2613 5293 δέδωκεν
2661 5223 2975 5275 ὑπόστασιν.
3010 5222 3131 5293 llazc
3173 5221 3564 5293 cinimulicilur

2002 5289 2182 5345 fuisse
2214 5289 2448 5346 Mat‘celli
2494 5294 2742 5355 haeresis,
2774 5293 2965 5345 Filium
2994 5292 3067 5360 μὴ
3102 5293 3159 5343 ἐν
3196 5290 3300 5360 ἰδίᾳ
3325 5289 3553 5360 ὑποστάο

2004 5378 2082 5413 σει
2121 5361 2442 5416 substitisse.
2477 5361 2627 5416 Unde
2658 5361 2715 5415 S.
2752 5361 2975 5414 Basilius
2996 5357 3066 5413 ἰη’
3085 5357 3305 5425 epistola
3343 5357 3433 5417 5'2,
3464 5360 3559 5421 ait,

2002 5431 2149 5501 illum
2180 5432 2259 5494 είς
2294 5430 2525 5501 ὓπαρξιν
2555 5432 2656 5501 τῆς
2681 5430 2774 5484 τοῦ
2795 5428 3145 5501 Μονογενοῦςλ
3163 5427 3413 5501 Θεότητος
3437 5429 3562 5501 ἀσε-

2002 5500 2146 5563 ϐεἴνς
2181 5517 2340 5569 quam
2372 5497 2623 5555 hicresim
2644 5503 2840 5571 ubique
2879 5497 3174 5571 illi'objecit
3198 5497 3555 5553 Eusebiusdtl.

1999 5598 2071 5608 —-
2094 5568 2221 5625 Dein
2240 5573 2311 5640 τῇ
2326 5601 2395 5610 -
2415 5570 2671 5641 ἐπιστολῇ
2698 5568 2841 5626 coni.
2878 5568 2924 5621 R

2071 5666 2149 5735 (9)
2193 5664 2361 5737 Vulgo
2383 5666 2696 5737 προϐολή-οι
2723 5664 2846 5737 dein
2881 5662 3250 5737 προϐάλλοντα
3274 5671 3328 5715 et
3360 5662 3556 5737 γέγρα-

2001 5753 2088 5806 φε,
2123 5730 2323 5806 παράῖ
2338 5730 2440 5790 ιιὺῖ
2470 5737 2573 5805 Mp.
2607 5730 2723 5806 γρ,,
2754 5736 2826 5805 μή
2849 5730 2985 5801 πως,
3030 5743 3083 5806 et
3111 5732 3380 5806 δέδωκας.
3417 5730 3558 5787 Infra

2004 5802 2067 5862 Β.
2098 5802 2287 5877 μαθεῖν
2310 5806 2436 5874 del.,
2466 5802 2585 5861 dein
2621 5802 2778 5876 ισυιεὸ
2815 5802 2963 5873 ὲπιφ.
2997 5803 3075 5875 τῷ
3109 5802 3375 5875 Ὠριγένη.
