4088 6410
480 383 586 439 759

1125 381 1399 438 EUSEBII
1435 381 1915 438 CIESARIENSIS
1952 383 2105 442 OPP.
2147 383 2326 440 PARS
2367 386 2451 441 IV.
2493 417 2562 427 —
2601 382 3015 444 DOGMATICA.

3620 383 3742 443 τσο

481 510 662 556 autem
689 515 747 556 se
773 506 849 556 ita
879 500 1110 554 liabent:
1147 520 1165 551 ι
1194 500 1430 570 Tempus
1463 511 1640 556 autem
1675 512 1782 566 est,
1809 511 1866 556 ιιι
1883 518 2044 572 pauca

2157 525 2174 555 ι
2217 507 2380 576 γεννᾷ
2409 506 2506 576 μὲν
2527 505 2586 574 ἐξ
2607 506 2771 560 αὐτοῦ
2796 509 2954 561 ὁποῖα
2971 506 3040 560 τὰ
3069 523 3177 560 των
3207 505 3362 571 ζώων
3383 505 3546 576 γεννή
3557 521 3744 577 ματα,

488 612 505 644 ι
544 593 613 648 de
641 592 1019 662 pnelermissis
1049 602 1376 655 attexamus,
1413 607 1531 660 quae
1581 593 1646 645 ad
1681 592 1895 647 Patrem
1929 608 2050 661 spe-

487 709 505 734 ο
541 695 706 748 ciant,
722 689 777 737 et
794 683 1008 748 Filium,
1026 693 1081 738 et
1096 683 1352 751 Spiritum
1367 694 1635 738 sanctum.
1652 684 1726 738 De
1743 685 1897 739 Patre
1914 685 2046 751 haec,

489 798 508 822 ιι
545 777 686 846 quod
741 776 1087 830 indivisibilis
1116 791 1236 829 cum
1270 777 1500 830 exsistat
1535 790 1634 830 nec
1689 777 2008 832 dividendus
2031 821 2047 845 ,

487 890 506 912 -
548 868 668 922 Filii
730 877 907 922 tamen
943 869 1104 923 Pater
1160 869 1264 932 sit;
1319 883 1424 922 non
1472 871 1726 924 emittens
1782 869 1952 930 illum.
1993 880 2050 922 ut

485 982 504 1010 ς
549 977 651 1015 non
700 975 860 1016 nemo
910 961 1098 1016 voluit.
1152 960 1284 1015 Nam
1323 962 1367 1017 si
1415 961 1587 1017 Filius
1619 961 1796 1016 Patris
1848 963 1931 1016 sui
1978 964 2051 1016 sit

484 1072 501 1101 ι
539 1053 782 1118 emissio,
814 1053 938 1108 etsi
969 1053 1117 1107 illum
1154 1055 1220 1108 de
1252 1055 1429 1123 seipso
1461 1055 1669 1122 genuit,
1693 1054 1757 1108 ad
1785 1069 1907 1109 eum
1935 1069 2051 1109 mo-

485 1165 506 1196 ι
545 1148 669 1200 dum
705 1161 812 1214 quo
867 1147 933 1200 de
965 1159 1024 1201 se
1079 1146 1332 1200 animalia
1391 1149 1648 1216 gignunt,
1700 1161 1923 1201 necesse
1969 1157 2051 1202 est

483 1256 502 1287 ι
538 1245 596 1290 ιιι
653 1251 847 1307 corpus
905 1237 995 1292 ille
1061 1238 1132 1292 sit
1191 1238 1283 1307 qui
1335 1239 1555 1304 emittit,
1609 1247 1721 1293 tum
1781 1238 1946 1293 etiam
1995 1249 2052 1293 et

485 1349 503 1380 ι
544 1329 635 1385 ille
689 1333 778 1400 qui
836 1331 1120 1386 emittitur.
1178 1350 1197 1383 ι
1262 1329 1396 1385 Τιιιη
1438 1341 1728 1401 postquam
1792 1332 1859 1385 de
1917 1329 2044 1387 Ori-

480 1423 723 1486 genianis
777 1422 878 1477 ista
951 1425 1192 1494 quaedam
1244 1423 1634 1478 interseruerat
1669 1464 1687 1491 ,
1751 1422 1913 1478 infert
1983 1423 2049 1476 ad

484 1516 627 1570 hunc
669 1516 884 1570 modum
935 1536 950 1571 :
1001 1536 1020 1568 ι
1063 1515 1294 1586 Scripsit
1331 1515 1596 1588 Origenes
1639 1533 1744 1572 non
1785 1535 1815 1574 a
1851 1519 2051 1574 sanctis

483 1626 503 1658 ι
550 1609 825 1678 prophetis
857 1619 910 1662 et
945 1609 1224 1677 apostolis,
1266 1611 1333 1666 de
1379 1610 1683 1666 aeternitate
1739 1609 1900 1666 Verbi
1951 1626 2049 1666 eu-

484 1716 506 1749 σ
538 1699 690 1766 piens
737 1699 986 1766 edoceri;
1030 1700 1124 1755 sed
1167 1715 1289 1756 cuin
1333 1701 1437 1756 sibi
1485 1701 1586 1770 ipsi
1619 1701 1738 1772 plus
1772 1702 1939 1758 nimio
1969 1702 2050 1756 in-

487 1809 504 1840 i
540 1789 805 1860 dulgeret,
835 1805 1002 1846 ausus
1030 1800 1114 1845 est
1141 1793 1432 1846 secundam
1474 1793 1762 1862 quamdam
1797 1794 2052 1863 liyposta-

486 1900 505 1932 ι
545 1883 628 1936 sin
659 1882 822 1938 Verbi
864 1886 1217 1942 constituere.
1248 1906 1267 1938 ›
1296 1886 1370 1941 lta
1395 1886 1567 1942 illisce
1597 1899 1716 1954 quae
1747 1883 2049 1939 rectissime

483 1973 551 2027 ab
573 1971 806 2044 Origene
829 1976 973 2031 dicta
995 1987 1144 2043 sunt,
1163 1993 1269 2033 non
1300 1978 1467 2033 licere
1482 1977 1689 2032 scilicet
1711 1975 2046 2048 corporalem

481 2068 770 2134 quamdam
789 2078 845 2123 et
872 2069 1142 2138 passivam
1170 2071 1576 2139 generationem
1600 2069 1898 2123 divinitatis
1925 2066 2046 2122 Filii

483 2156 574 2212 Dei
604 2159 963 2228 comminisci,
1014 2175 1112 2229 per
1159 2161 1261 2215 ista
1293 2160 1652 2227 contradicit,
1700 2171 1754 2214 et
1798 2159 2048 2227 inprimis

477 2250 622 2320 quod
664 2251 976 2324 liypostasin
1001 2254 1332 2310 concesserit
1374 2253 1536 2308 Filio.
1566 2254 1730 2308 Addit
1758 2251 2045 2324 Origeiiem

481 2341 781 2398 maledictis
812 2343 1096 2412 impetens,
1123 2355 1178 2399 et
1207 2356 1354 2400 recte
1378 2344 1448 2400 ab
1477 2345 1572 2400 illo
1602 2346 1794 2416 positis
1825 2355 2046 2398 contra-

479 2433 664 2490 diccns
693 2453 708 2490 :
747 2452 766 2487 ι
801 2435 1085 2507 Origenes,
1114 2437 1310 2508 inquit,
1348 2438 1476 2494 dum
1512 2439 1628 2493 base
1671 2437 1890 2506 scriptis
1933 2437 2046 2490 suis

484 2543 504 2575 ε
540 2526 781 2593 mandat,
808 2528 1041 2598 propriis
1069 2529 1183 2584 suis
1220 2531 1391 2584 utitur
1423 2529 1861 2586 assertionibus:
1897 2527 1948 2581 id
1983 2525 2046 2580 li-

483 2634 500 2667 ι
541 2626 669 2685 quet
724 2629 931 2684 autem,
968 2624 1112 2689 quod
1148 2636 1254 2676 non
1307 2636 1410 2675 una
1457 2630 1666 2676 tantum
1721 2619 1878 2683 vice,
1915 2633 2046 2674 suas

479 2727 503 2761 σ
537 2710 705 2778 ipsius
721 2712 986 2768 subvertit
1011 2716 1346 2770 asseriioues
1362 2729 1380 2779 ;
1399 2725 1738 2783 consequens
1755 2721 1933 2766 autem
1960 2719 2047 2765 est

481 2824 497 2853 ι
537 2804 626 2858 illa
678 2804 766 2860 hic
817 2806 938 2862 ideo
996 2819 1448 2873 commemorare,
1489 2819 1610 2874 quas
1665 2804 1794 2860 alibi
1826 2805 1894 2860 de
1935 2803 2045 2859 Deo

479 2915 498 2946 ι
529 2897 677 2952 dicit.
710 2915 732 2950 ι
769 2897 852 2951 Ad
886 2898 1001 2952 haec
1031 2898 1200 2953 verba
1225 2907 1407 2952 autem
1438 2897 1668 2952 scribit:
1700 2913 1719 2948 ι
1754 2894 1869 2950 Νοιι
1901 2897 2043 2951 enim

479 3008 496 3038 ι
537 2988 895 3059 ἱιιεωμίιεεεθ
921 2988 1083 3046 Pater
1108 2989 1269 3056 Deus,
1288 3004 1352 3044 eo
1377 2989 1543 3060 quod,
1565 2999 1623 3043 ut
1644 2991 1784 3044 inter
1798 2989 2046 3044 homines

479 3098 497 3130 ι
546 3079 663 3134 ﬁeri
699 3078 857 3142 solet,
898 3079 1062 3136 Pater
1097 3095 1218 3136 esse
1259 3082 1601 3151 nequiverat.
1647 3080 1783 3135 Nam
1829 3082 1874 3136 si
1907 3095 2051 3135 sem-

478 3191 498 3222 ι
533 3187 628 3239 per
664 3172 940 3243 perlectus
991 3173 1265 3229 exstiterit
1316 3173 1481 3242 Deus,
1519 3183 1576 3229 et
1612 3183 1878 3244 potestate
1915 3189 2046 3244 prte-

479 3283 498 3314 i
540 3263 706 3329 ditus,
743 3273 803 3319 ut
844 3265 938 3320 llat
961 3265 1142 3329 Pater,
1182 3266 1315 3320 etsi
1373 3273 1594 3335 praestet
1647 3275 1706 3320 ut
1763 3267 1834 3321 sit
1883 3266 2045 3321 Pater

481 3374 498 3406 ι
533 3355 898 3423 hujuscemodi
928 3355 1071 3420 Filii,
1100 3360 1228 3410 dum
1263 3371 1378 3410 rem
1402 3355 1602 3421 dili'ert,
1628 3369 1686 3411 se
1715 3365 1863 3411 tanto
1904 3357 2044 3411 bono

481 3465 501 3497 ι
538 3449 736 3515 privat,
764 3457 957 3501 utnon
986 3447 1058 3501 sit
1097 3445 1222 3500 Filii
1269 3445 1448 3502 Pater.
1483 3446 1635 3513 Quod
1686 3447 1823 3502 idem
1876 3456 1933 3502 et
1977 3447 2044 3501 de

479 3557 497 3592 ι
541 3539 744 3608 Spiritu
771 3548 962 3595 sancto
991 3537 1482 3609 poteritaﬂirmari.
1510 3557 1529 3589 i
1551 3537 1652 3605 Qui
1687 3539 1884 3593 factum
1903 3538 2042 3604 ideo,

477 3645 536 3688 iit
567 3649 688 3689 cum
714 3633 979 3702 Origenes
1012 3633 1085 3688 ita
1117 3631 1422 3701 scripserit,
1451 3631 1663 3694 beatus,
1701 3630 1859 3685 illiut
1891 3631 2043 3686 vide-

476 3739 582 3792 tur,
610 3726 867 3782 Paulinus
898 3725 1293 3782 existimaverit
1322 3739 1426 3779 non
1453 3738 1576 3779 esse
1617 3724 1832 3794 quidem
1868 3723 1919 3777 in
1955 3732 2043 3777 tu-

474 3830 586 3873 tum
629 3819 733 3874 hoc
753 3819 1027 3874 occultare
1058 3832 1075 3871 :
1104 3820 1170 3872 ad
1223 3833 1348 3873 suas
1379 3825 1560 3870 tamen
1598 3815 1882 3884 opiniones
1912 3829 2045 3870 con-

476 3913 771 3966 ﬁrmandos
807 3927 934 3965 usus
969 3910 1134 3966 fuerit
1163 3909 1486 3973 contrariis;
1508 3908 1574 3963 de
1604 3907 1801 3977 quibus
1834 3922 1901 3962 ne
1921 3904 2047 3961 Ori-

473 4019 637 4074 genes
665 4013 818 4058 certe
846 4004 964 4072 ipse
992 4002 1290 4057 reddiderit
1321 3999 1585 4055 rationein
1609 3999 1634 4052 ‘l
1666 3998 1926 4053 Mentitus
1959 4007 2045 4054 est

475 4101 654 4146 autem
683 4093 737 4146 in
777 4092 898 4148 istis
919 4091 1224 4157 Marcellus,
1253 4089 1562 4161 Origenem,
1585 4090 1742 4158 quasi
1776 4089 1878 4144 sibi
1914 4103 2045 4144 cou-

476 4185 640 4238 iraria
673 4194 934 4250 tueretur,
962 4200 1084 4240 cum
1129 4198 1234 4238 non
1277 4181 1542 4252 intelligat
1596 4181 1744 4235 illum
1777 4197 1875 4252 per
1898 4182 2045 4250 prio-

475 4292 588 4331 rem
625 4292 778 4332 suam
830 4277 1255 4348 prepositiouem
1311 4277 1603 4340 docuisse,
1664 4273 1880 4330 Patrem
1925 4276 2045 4330 sine

473 4383 700 4438 corpore
726 4381 782 4425 et
804 4373 948 4425 omni
978 4371 1230 4440 passione
1255 4378 1508 4431 exstare;
1540 4383 1637 4437 per
1664 4369 1901 4423 secundo
1920 4368 2043 4424 loco

474 4464 726 4530 positam,
765 4463 962 4518 Filium
990 4480 1174 4528 suum,
1202 4478 1309 4519 non
1345 4465 1398 4518 in
1422 4472 1665 4533 tempore
1680 4463 1922 4532 quidem,
1947 4463 2041 4518 sed

2159 616 2176 646 ι
2217 598 2428 670 ἀνάγκη
2460 599 2620 671 σῶμα
2661 595 2800 654 εἶναι
2838 601 2928 654 τὸν
2956 598 3296 671 προϐαλόντα
3327 599 3421 651 καὶ
3456 598 3547 652 τὸν
3593 613 3745 667 προ·

2157 711 2174 741 ι
2217 689 2566 762 ϐεϐλημένον.
2601 711 2620 744 ι
2651 688 2762 746 Εἶθ’
2790 693 2917 764 ἐξῆς
2947 692 3084 764 μετὰ
3101 692 3200 762 τὴν
3228 692 3339 745 τῶν
3383 689 3744 761 Ὠριγενειῶν

2152 783 2344 852 φωνῶν
2391 784 2709 856 παράθεσιν,
2746 785 2998 857 ἐπιφέρει
3037 784 3232 853 λέγων’
3290 800 3308 834 ι
3345 782 3529 836 Ταῦτα
3578 782 3741 852 Ὦρι-

2157 895 2175 928 ι
2211 877 2375 948 γένης
2404 877 2669 949 γέγραφε,
2702 876 2776 949 μὴ
2807 878 2956 950 παρά
2987 877 3094 932 τῶν
3133 875 3294 948 ἱερῶν
3330 876 3623 947 προφητῶν
3669 887 3742 927 τι

2159 987 2177 1019 ι
2213 969 2308 1022 καὶ
2338 969 2650 1023 ἀποστόλων
2679 970 2929 1041 περὶτῆς
2951 969 3252 1041 ἀῖδιὸτητος
3276 967 3371 1022 τοῦ
3409 969 3584 1037 Λόγου
3621 983 3742 1039 μα-

2158 1079 2176 1109 ι
2220 1060 2331 1114 θεῖν
2374 1061 2690 1132 βουληθείςο
2716 1062 2832 1117 ἀλλ’
2865 1061 3041 1134 ἐαυτῷ
3077 1059 3324 1126 δεδωκὼς
3361 1061 3566 1125 πλεῖον,
3603 1060 3740 1113 δευ-

2160 1169 2178 1202 ι
2215 1152 2378 1221 τέραν
2438 1152 2692 1207 ὑπόθεσιν
2761 1152 3248 1226 διηγήσασθαιτοῦ
3302 1153 3478 1221 Λόγου
3530 1151 3741 1224 μαθεῖν

2159 1263 2177 1294 ι
2219 1245 2409 1316 τολμᾷ.
2444 1262 2464 1296 ι
2495 1245 2607 1300 Καὶ
2629 1246 2838 1310 τούτοις
2859 1245 2916 1300 δὲ
2941 1247 3054 1310 τοῖς
3079 1245 3185 1299 ὑπὸ
3222 1244 3528 1317 Ὠριγένους
3550 1243 3743 1316 ὀρθῶς.

2152 1334 2482 1406 εἰρημένοις,
2533 1337 2663 1406 περὶ
2698 1334 2794 1389 τοῦ
2841 1336 2915 1406 μὴ
2945 1335 3056 1390 δεῖν
3101 1337 3421 1407 σωματικήν
3463 1351 3587 1388 τινα
3632 1334 3740 1389 καὶ

2153 1426 2461 1498 παθητικὴν
2491 1426 2894 1499 ὑπολαμϐάνειν
2924 1428 3025 1498 τῆς
3051 1427 3303 1500 θεότητος
3325 1427 3420 1482 τοῦ
3444 1427 3575 1482 Υἱοῦ
3604 1427 3744 1496 γέν-

2152 1535 2309 1588 νησιν
2371 1517 2675 1586 ἀντιλέγει,
2758 1518 2972 1588 μάλισθ’
3032 1519 3116 1574 ὅτι
3173 1519 3253 1591 τῷ
3329 1518 3445 1590 Υἱῷ
3495 1519 3738 1573 δέδωκεν

2151 1611 2468 1676 ὑπόστασιν,
2497 1612 2590 1664 καὶ
2615 1611 2887 1684 ἐπιφέρει,
2929 1612 3025 1666 τὸν
3074 1612 3324 1683 Ὠριγένη
3353 1611 3516 1666 πάλιν
3545 1611 3735 1675 κακῶς

2151 1701 2343 1772 λέγων,
2368 1705 2482 1767 τοῖς
2508 1720 2568 1756 τε
2594 1704 2684 1757 ὑπ’
2713 1702 2876 1758 αὑτοῦ
2901 1702 3076 1774 ὀρθῶς
3094 1707 3385 1776 γραφεῖσιν
3411 1704 3730 1772 ἀντιλέγων,

2154 1793 2210 1844 ἐν
2259 1792 2492 1858 τούτοιςο
2551 1811 2568 1844 ι
2611 1795 2734 1848 Ὀτι
2779 1794 2848 1848 τὰ
2894 1793 3120 1849 τοιαῦτα
3155 1796 3385 1866 γράφων
3449 1795 3732 1868 Ὧριγένης

2162 1903 2179 1935 ι
2221 1884 2372 1948 ἰδίοις
2399 1885 2599 1958 ἐχρῆτο
2635 1884 2887 1957 δόγμασι,
2910 1885 3070 1956 δῆλον
3098 1887 3191 1956 ἀφ’
3220 1879 3294 1940 ὧν
3324 1888 3418 1941 καὶ
3439 1886 3508 1940 τά
3535 1887 3729 1942 ἐαυτοῦ

2161 1999 2178 2030 ι
2213 1978 2510 2050 ἀνατρέπει
2543 1979 2822 2042 πολλάκις·
2855 1979 2916 2032 ἐν
2957 1979 3088 2048 γοῦν
3118 1979 3290 2053 ἑτέρῳ
3340 1979 3523 2051 χωρίῳ
3571 1981 3724 2035 ἅτινα

2160 2093 2178 2124 ι
2217 2073 2347 2142 περὶ
2387 2071 2523 2126 Θεοῦ
2568 2071 2735 2144 λέγει,
2785 2073 3079 2128 ἀκόλουθόν
3112 2074 3262 2127 ἐστιν
3311 2073 3632 2142 ὑπομνῆσαι.
3691 2090 3710 2124 ι

2154 2165 2359 2236 Γράφει
2387 2163 2444 2218 δέ
2475 2163 2667 2229 οὕτως·
2713 2182 2734 2216 ι
2769 2165 2846 2218 Οὐ
2877 2165 2988 2236 γὰρ
3010 2167 3040 2218 ό
3081 2163 3215 2227 Θεὸς
3241 2161 3431 2234 Πατὴρ
3462 2157 3592 2215 εἶναι
3616 2162 3713 2233 ηρ-

2159 2275 2177 2306 ι
2214 2255 2364 2324 ξατο,
2392 2256 2754 2328 κωλυόμενος,
2782 2256 2859 2320 ὡς
2886 2258 2936 2310 οἱ
2959 2256 3234 2328 γινόμενοι
3260 2255 3492 2326 πατέρες
3517 2253 3718 2326 ἀνθρω-

2159 2368 2176 2399 ι
2213 2365 2326 2414 ποι,
2347 2349 2452 2402 ὑπὸ
2473 2348 2566 2403 τοῦ
2600 2348 2675 2422 μὴ
2695 2348 2955 2404 δύνασθαί
2979 2366 3066 2403 πω
3089 2349 3199 2420 (10)
3224 2348 3461 2417 πατέρες
3478 2342 3636 2401 εἶναι.
3662 2347 3725 2399 Et

2159 2459 2178 2491 ι
2213 2441 2322 2514 γὰρ
2343 2441 2432 2496 ἀεὶ
2457 2441 2662 2506 τέλειος
2683 2444 2713 2496 ὁ
2737 2442 2890 2506 Θεὸς,
2920 2441 3016 2496 καὶ
3043 2441 3305 2513 πάρεστιν
3331 2439 3478 2511 αὐτῷ
3503 2439 3732 2510 δύναμις

2157 2555 2176 2586 ι
2211 2535 2307 2590 τοῦ
2347 2536 2569 2608 Πατέρα
2600 2535 2763 2590 αὐτὸν
2811 2531 2973 2601 εἶναι,
3017 2537 3112 2590 καὶ
3158 2534 3321 2589 καλὸν
3373 2533 3535 2586 αὐτὸν
3591 2527 3734 2584 εἶναι

2159 2646 2176 2678 ι
2213 2627 2434 2698 Πατέρα
2459 2626 2700 2680 τοιούτου
2720 2625 2877 2690 Υἱοῦ,
2899 2625 3279 2690 ἀναϐάλλεται,
3314 2624 3410 2677 καὶ
3439 2623 3534 2677 τοῦ
3561 2621 3734 2676 καλοῦ

2158 2737 2176 2769 ι
2214 2719 2404 2772 ἑαυτὸν
2438 2718 2743 2788 στηρίσκει,
2792 2718 2887 2772 καὶ
2913 2716 2990 2782 ὼς
3015 2716 3160 2770 ἔστιν
3202 2717 3398 2778 εἰπεῖν,
3443 2714 3504 2778 ἐξ
3535 2710 3595 2768 οὗ
3639 2714 3736 2768 δύ-

2157 2825 2178 2858 ι
2215 2824 2374 2862 ναται
2417 2806 2608 2878 Πατὴρ
2647 2803 2784 2860 εἶναι
2831 2803 2980 2861 Υἰοῦ.
3044 2804 3118 2858 Τὸ
3161 2803 3294 2857 αὐτὸ
3337 2803 3586 2875 μέντοιγε
3631 2803 3739 2855 καὶ

2157 2917 2175 2949 ι
2217 2899 2346 2972 περὶ
2392 2899 2488 2953 τοῦ
2520 2899 2677 2969 ἁγίου
2719 2897 3036 2970 Πνεύματος
3083 2896 3322 2950 λεκτέον.
3365 2913 3383 2946 ι
3437 2894 3561 2958 Πῶς
3609 2889 3730 2956 οὖν,

2165 2989 2473 3062 Ὠριγένους
2515 2992 2607 3044 καὶ
2648 2988 2806 3043 τοῦτο
2850 2988 3181 3062 γράψαντος,
3212 2990 3241 3043 ό
3281 2988 3568 3060 μακάριος,
3604 2987 3732 3040 κατ’

2151 3082 2334 3147 αὑτὸν,
2363 3082 2627 3146 Παυλῖνος
2651 3080 2812 3136 τοῦτο
2847 3081 2944 3153 μὲν
2983 3080 3405 3152 ἀποκρύψασθαι
3439 3080 3550 3131 οὐκ
3576 3079 3733 3132 ἀκίν-

2150 3172 2304 3225 δυνον
2333 3171 2574 3243 ἐνόμισε,
2627 3171 2934 3244 χρήσασθαι
2980 3172 3038 3226 δὲ
3085 3173 3165 3234 εἰς
3214 3168 3559 3240 κατασκευὴν
3619 3170 3736 3224 τῶν

2152 3264 2329 3336 ἐαυτῷ
2359 3265 2660 3319 δοκούντων
2708 3265 2820 3327 τοῖς
2857 3263 3120 3326 ἐναντίοις
3155 3262 3288 3334 (ll),
3319 3262 3396 3325 ὡς
3423 3261 3545 3315 οὐδὲ
3566 3261 3726 3316 αὐτὸν

2150 3359 2215 3412 ἂν
2254 3358 2522 3430 Ὠριγένη,
2552 3356 2605 3410 ei
2637 3374 2690 3409 τι
2725 3356 2817 3410 τὸν
2843 3356 3004 3426 λόγον
3030 3354 3323 3410 ἀποδοῦναι
3355 3355 3579 3409 δυνατὸν
3623 3350 3722 3426 ἧν;

2164 3450 2250 3502 Ἑν
2288 3449 2496 3513 τούτοις
2531 3451 2560 3502 ό
2589 3446 2930 3519 Μάρκελλος,
2973 3445 3190 3501 ἐναντία
3237 3445 3402 3515 φάναι
3448 3443 3591 3514 αὐτῷ
3631 3442 3726 3496 τὸν

2163 3540 2412 3612 Ὠριγένη
2441 3539 2629 3604 εἰπὼν,
2661 3537 3050 3610 κατεψεύσατο,
3085 3537 3159 3610 μὴ
3186 3536 3431 3610 δυνηθεὶς
3465 3535 3711 3596 συνιέναι,

2149 3633 2224 3696 ὡς
2254 3633 2342 3688 διὰ
2377 3633 2475 3704 μὲν
2501 3636 2602 3703 τῆς
2631 3633 2903 3705 προτέρας
2952 3631 3309 3704 παραθέσεως
3342 3630 3402 3683 τὸ
3429 3626 3713 3696 ἀσώματον

2149 3726 2246 3780 καὶ
2272 3725 2480 3790 ἀπαθὲς
2511 3725 2604 3781 τοῦ
2633 3725 2847 3798 Πατρὸς
2887 3724 3100 3796 ἐδήλου,
3129 3723 3217 3778 διὰ
3248 3723 3305 3777 δὲ
3332 3720 3428 3790 τῆς
3459 3719 3716 3790 δευτέρας

2149 3818 2210 3871 τὸ
2244 3819 2318 3890 μὴ
2369 3817 2564 3889 χρόνῳ,
2597 3816 2703 3889 πρὸ
2742 3817 2958 3871 πάντων
3003 3815 3061 3870 δὲ
3096 3815 3307 3870 αἰώνων
3335 3813 3421 3867 τὸν
3467 3810 3591 3864 Υἱδν
3621 3825 3719 3876 γε-

2149 3908 2490 3979 γεννηκέναι.
2517 3904 2683 3974 Αὖθις
2710 3907 2766 3962 δὲ
2799 3907 2916 3980 μεθ’
2946 3908 3109 3980 ἕτερα
3131 3907 3262 3979 περὶ
3289 3905 3383 3959 τοῦ
3419 3901 3724 3974 Ὦριγένους

2149 4005 2177 4055 ὁ
2206 4001 2368 4064 αὐτὸς
2395 3999 2570 4055 ταῦτα
2595 4001 2798 4071 γράφει
2824 4017 2838 4030 ·
2868 4018 2885 4052 ι
2918 3999 3134 4062 Καίτοι,
3161 4000 3209 4051 εί
3233 3997 3315 4051 δεῖ
3336 3994 3564 4066 τάληθὲς
3598 3991 3726 4064 περὶ

2155 4113 2174 4146 ι
2222 4091 2527 4166 Ὧριγένους
2552 4092 2746 4157 εἰπεῖν,
2782 4091 2940 4144 τοῦτο
2973 4091 3238 4162 προσήκει
3265 4089 3471 4158 λέγειν,
3495 4087 3575 4140 ὅτι
3599 4085 3725 4156 ἄρτι

2155 4203 2174 4236 ι
2211 4184 2319 4238 τῶν
2349 4183 2489 4238 κατά
2517 4182 2836 4253 φιλοσοφίαν
2856 4182 3096 4245 ἀποστὰς
3129 4181 3485 4252 μαθημάτων,
3507 4177 3600 4230 καὶ
3614 4179 3727 4238 τοὲς

2155 4297 2174 4330 ι
2205 4277 2368 4342 θείοις
2380 4277 2637 4348 ὁμιλῆσαι
2648 4275 3004 4348 προελόμενος
3018 4274 3220 4342 λόγοις,
3238 4272 3343 4344 πρὸ
3355 4271 3453 4341 τῆς
3467 4267 3729 4342 ἀκριϐοῦς

2155 4391 2173 4422 ι
2213 4369 2320 4424 τῶν
2343 4368 2574 4442 Γραφῶν
2597 4366 2970 4438 καταλήψεως,
2994 4366 3082 4419 διὰ
3096 4366 3158 4419 τὸ
3181 4364 3314 4418 πολὺ
3335 4365 3430 4418 καὶ
3447 4361 3732 4432 φιλότιμον

2155 4482 2174 4514 ι
2214 4462 2312 4534 τῆς
2338 4460 2533 4526 ἔξωθεν
2557 4459 2912 4522 παιδεύσεως,
2927 4457 3120 4510 θᾶττον
3141 4455 3235 4509 τοῦ
3255 4455 3465 4519 δέοντος
3487 4451 3729 4525 ἀρξάμε-

474 4564 599 4608 ante
636 4556 833 4610 saecula
859 4557 1043 4612 omnia
1074 4557 1452 4626 progenuisse.
1505 4555 1634 4611 Post
1667 4555 1924 4621 deinceps
1975 4555 2043 4609 de

2153 4575 2172 4606 ι
2212 4572 2301 4620 νος
2311 4553 2667 4624 ὑπογράφειν,
2685 4551 2790 4604 ὑπὸ
2801 4549 2907 4603 τῶν
2921 4549 3022 4620 τῆς
3043 4547 3356 4618 φιλοσοφίας
3376 4543 3630 4617 παρήχθη
3645 4541 3730 4593 λό-

476 4643 709 4715 Origene
747 4653 806 4710 ᾖ
854 4648 999 4703 idem
1033 4649 1229 4704 iterum
1288 4647 1480 4703 scribit
1531 4645 1648 4719 [Β.
1688 4644 1946 4700 LXXVIII
1977 4645 2036 4717 ]:

477 4755 496 4787 ι
545 4735 696 4803 Quod
721 4738 766 4792 si
799 4753 986 4793 verum
1029 4739 1186 4796 lateri
1212 4740 1277 4794 de
1301 4739 1537 4810 Origene
1566 4737 1877 4802 debeamus,
1909 4737 2036 4792 illud

547 4883 606 4940 DE
638 4876 738 4930 Ed.
767 4876 968 4939 Paris.,
997 4891 1122 4947 pag.
1161 4877 1254 4933 25.

542 5018 656 5090 (10)
694 5017 791 5090 Μὴ
838 5016 1136 5090 δύνασᾷαι
1168 5031 1258 5070 πω
1301 5020 1568 5090 πατέρες.
1606 5016 1702 5072 Vel
1736 5015 1927 5088 Πατὴρ
1956 5011 2034 5068 si-

469 5087 561 5144 ναι
581 5099 638 5143 ιιι
665 5089 931 5142 ιιιισιὶευιιι
975 5087 1264 5151 referatur,
1295 5099 1387 5141 aut
1407 5089 1843 5155 distinguendum
1893 5087 2035 5155 post,

472 5179 576 5227 πω,
612 5169 736 5214 ante
759 5157 1141 5220 ἀναϐάλλεται,
1169 5159 1318 5213 deest
1343 5160 1411 5211 εἰ·
1431 5159 1546 5213 dele
1568 5157 1662 5211 καί
1684 5167 1807 5212 ante
1823 5155 2035 5216 ἑαυτόν.

469 5243 524 5284 ιιι
560 5240 683 5284 ante
715 5230 790 5293 ὡς
835 5230 938 5283 Μ,-
961 5229 1100 5282 Mox
1125 5228 1278 5295 vulgo
1291 5229 1384 5281 τοῦ
1405 5247 1455 5284 τ.
1474 5227 1632 5295 Υἱοῦ;
1656 5229 1778 5281 dein
1803 5229 1854 5280 τί
1879 5227 2037 5282 ἀναϐ.

473 5305 560 5363 IL,
583 5300 707 5354 dein
732 5301 892 5366 vulgo
913 5300 1103 5353 ἑαυτὸν
1127 5298 1220 5350 τοῦ
1246 5317 1322 5363 κ.,
1357 5316 1516 5368 porro
1539 5299 1601 5353 R.
1629 5296 1767 5354 εἶναι
1797 5296 1950 5361 Υἱοῦ,
1976 5297 2039 5350 οὐ

471 5373 675 5439 γίνεται
715 5371 906 5442 Πατήρ
935 5388 949 5435 ;
982 5372 1214 5442 denique
1263 5370 1421 5438 vulgo
1468 5370 1705 5442 ἐνόμιζε.
1749 5369 1920 5442 Porro
1973 5369 2040 5423 ad

482 5443 653 5514 Ὦριγ.
680 5441 753 5495 cf.
776 5440 933 5514 Orig.
961 5455 1060 5514 op.
1081 5441 1273 5514 ed._ile
1297 5442 1485 5514 la‘llue
1518 5440 1625 5505 t.'|,
1656 5458 1708 5510 p.

540 5507 651 5585 (ll)
696 5512 824 5577 Τοῖς
857 5507 1301 5577 ὲᾶμαντίοιςΝυΙι
1331 5511 1609 5566 Paulinum
1632 5507 1694 5565 ea
1721 5507 2040 5585 ab_Orige_ne

470 5580 794 5650 mutuatum,
835 5599 954 5650 quae
999 5584 1100 5637 sibi
1152 5585 1611 5643 contradicerent,
1654 5594 1710 5635 et
1754 5582 1874 5634 aliis
1909 5580 2038 5632 alibi

471 5655 812 5725 dogmatibus
862 5653 1233 5723 Origenianis,
1266 5655 1403 5708 adeo
1457 5663 1514 5706 ut
1562 5668 1629 5706 ne
1651 5653 1778 5725 ipse
1818 5651 2038 5725 quidem

468 5721 728 5795 Origenes
777 5739 840 5795 εει
895 5721 1107 5795 posset,
1139 5725 1409 5795 redivivus
1449 5721 2032 5795 reconciliare;legen-

467 5789 595 5846 duiii
623 5789 903 5861 ergoz'tlv
926 5793 1046 5845 οὐδὲ
1068 5793 1143 5862 ἀν
1172 5793 1333 5846 αὑτὸν
1367 5793 1618 5862 Ὠριγένη
1646 5791 1864 5846 ἐπὶιτὺν
1884 5789 2040 5858 λόγον

468 5859 781 5932 ἀποδοῦναι,
811 5863 1033 5916 δυνατὸν
1065 5859 1153 5934 ἧν.
1180 5866 1325 5919 Sane
1351 5859 1566 5918 videtur
1607 5859 1660 5919 et
1713 5863 2045 5917 Athanasius

2152 4667 2170 4699 ι
2211 4664 2344 4716 γων,
2372 4644 2466 4700 καί
2492 4661 2613 4699 τινα
2635 4645 2702 4697 δι’
2726 4644 2922 4708 αὐτοὺς
2954 4643 3015 4696 οὐ
3051 4641 3229 4705 καλῶς
3259 4639 3521 4711 γέγραφε.
3559 4635 3727 4706 Δῆλον

2154 4758 2174 4791 ι
2209 4738 2266 4792 δέ
2302 4755 2317 4770 ·
2365 4737 2445 4791 έτι
2479 4735 2590 4808 γάρ
2637 4734 2745 4789 τῶν
2797 4732 2889 4788 τοῦ
2951 4732 3242 4802 Πλάτωνος
3283 4730 3398 4804 (12)
3443 4723 3735 4802 μεμνημέο-

2137 5013 2206 5067 de
2237 5009 2485 5080 Origene
2501 5005 2690 5080 eadem
2745 5009 3048 5080 censuisse,
3074 5018 3219 5080 cum
3247 5002 3300 5055 in
3341 5000 3482 5080 iibrp
3518 4997 3592 5080 οξ
3635 4998 3730 5080 d_e-

2137 5083 2290 5136 cretis
2318 5070 2528 5150 c‘bnrilii
2559 5075 2769 5150 Νίσαιιὶ
2800 5079 3006 5150 scribat
3031 5095 3045 5128 :
3071 5075 3138 5150 ᾋ
3166 5073 3264 5150 μὲν
3292 5070 3401 5150 γάρ
3421 5071 3506 5150 ἐῢς
3548 5070 3728 5149 {mgni

2140 5154 2234 5207 καὶ
2257 5149 2548 5224 γυμνάζων
2587 5147 2792 5224 ἔγραψε
2811 5186 2826 5212 ,
2851 5147 3054 5224 ταῦτα,
3069 5143 3146 5224 μη
3169 5143 3244 5206 ὡς
3283 5143 3448 5224 apto?)
3477 5143 3729 5224 φρονοῦν-

2140 5242 2231 5288 τος
2263 5212 2505 5290 λεγέσθω
2531 5212 2804 5290 «ngam
2827 5217 2935 5290 τῷν
2961 5212 3096 5290 πρὸς
3123 5212 3236 5290 ἔριν
3258 5212 3725 5290 φιλονειξιούντων,

2145 5282 2314 5364 ἐν⁷τῷ
2338 5282 2530 5364 ’ζητεῖν
2567 5287 2758 5364 ἀδέως,
2787 5287 2983 5364 όρίζων
3007 5282 3392 5364 ’ἀ-ποφαίριτρ.
3581 5283 3726 5364 ριιὶιιι

2143 5348 2440 5434 legeiidaet
2463 5348 2849 5434 distingue-lida
2869 5348 3013 5434 sunt.
3047 5355 3117 5434 bl.
3145 5348 3215 5394 '—
3247 5355 3309 5434 Β,
3331 5348 3412 5434 ibi:
3429 5351 3536 5404 οὐδ’
3565 5350 3729 5434 αὐτὸν

2141 5422 2310 5489 ain.
2337 5433 2544 5495 εἴποιμι
2565 5422 2692 5484 τζλ.
2718 5429 2873 5483 ἀποδ.
2900 5427 3184 5490 δύνασθαι,
3213 5429 3304 5495 qui
3331 5422 3468 5477 infra
3493 5422 3727 5491 γράφειν

2143 5507 2658 5578 Ιοοοίύπογράφειν.
2706 5571 2730 5578 _
2885 5569 2911 5578 η
2963 5573 3039 5578 __
3069 5568 3081 5578 D
3333 5565 3369 5578 Α
3415 5564 3425 5575 ,
3569 5559 3651 5578 ν,

2214 5577 2323 5647 (12)
2364 5561 2485 5647 ’έξι
2518 5561 2628 5645 ἀτὰρ
2659 5571 2778 5647 τῶζ
2809 5569 2927 5647 {eis
2953 5568 3293 5633 Πλάτωνος.
3329 5561 3727 5647 Ορίιιοιδῃδῆλον

2141 5650 2197 5702 δέ
2219 5632 2354 5701 ἐστι·
2394 5646 2502 5698 τῶν
2525 5632 2778 5714 ’γᾶργτοῦ
2821 5640 3106 5714 Πλάτωνος
3138 5632 3503 5714 μεμνημένος,
3525 5632 3726 5714 Ver-um

2141 5729 2225 5774 est
2253 5719 2395 5783 quod
2421 5705 2634 5771 ceiis'ui't
2657 5713 2940 5780 Marcellus
2965 5713 3030 5787 de
3052 5705 3445 5787 Ori‘geiie,reum
3472 5706 3538 5787 de
3563 5705 3726 5784 scito-

2145 5789 2208 5843 lis
2261 5775 2573 5852 Platooieis,
2601 5775 2830 5855 quarum
2878 5781 3053 5855 sacris
3101 5775 3221 5834 er'at
3248 5792 3356 5832 non
3397 5775 3588 5855 leviter
3620 5775 3726 5855 iiii-

2147 5864 2328 5925 tiatus,
2346 5860 2444 5912 sed
2467 5868 2523 5911 ut
2547 5845 2599 5912 in
2619 5845 2874 5926 'margine
2895 5854 3145 5916 habetur,
3166 5845 3534 5921 μεμυημένος,
3552 5846 3726 5898 multa
