4088 6382
383 387 479 444 761

1492 386 1771 445 CONTRA
1810 386 2239 446 MARCELLUM
2278 393 2408 449 LIB.
2448 395 2488 453 Ι.

3510 406 3617 462 762

386 532 405 564 ι
444 527 531 573 νος
559 506 840 579 δογμάτων
873 508 966 561 καὶ
998 508 1094 580 τῆς
1120 507 1226 561 τῶν
1255 508 1437 580 ἀρχῶν
1466 508 1615 580 παρὰ
1648 507 1797 578 αὐτῷ
1832 508 1943 562 δια-

2058 529 2076 563 (
2116 514 2405 567 tenendum
2435 532 2449 581 ;
2478 528 2602 569 cum
2633 525 2883 571 recenter
2910 519 3045 575 adeo
3076 528 3190 574 tum
3220 534 3251 575 a
3276 521 3473 577 scholis
3499 524 3621 593 phi-

386 621 404 654 ι
442 601 634 672 φορᾶς,
666 599 803 667 Περί
840 598 1043 669 ἀρχῶν
1074 600 1320 672 γέγραφε
1352 598 1572 671 βιϐλίον,
1603 602 1696 654 ml.
1744 600 1947 671 ταύτην

391 714 408 746 ι
441 693 519 765 τῷ
552 692 938 764 συγγράμματι
978 692 1073 764 τὴν
1105 694 1416 765 ἐπιγραφὴν
1448 692 1619 746 ἔθετο.
1660 695 1867 763 Δεῖγμα
1894 694 1949 747 δὲ

387 807 404 839 ι
446 785 601 839 τοῦτο
630 785 885 855 μέγιστον
914 784 975 837 τὸ
1006 785 1136 855 μηδέ
1176 784 1394 841 ἄλλοθέν
1442 785 1605 839 ποθεν
1637 787 1810 858 ἀρχὴν
1840 786 1949 839 τῶν

387 898 405 929 ι
442 877 636 942 λέξεων
674 875 837 929 αὑτὸν
872 873 905 945 ἢ
944 874 1041 946 τὴν
1081 877 1393 947 ἐπιγραφὴν
1424 876 1517 930 τοῦ
1553 876 1757 947 βιϐλίου
1795 878 1950 949 ποιή-

386 988 404 1021 ι
445 968 659 1037 σασθαι,
691 968 804 1021 ἀλλ’
833 968 941 1022 ἀπὸ
973 968 1079 1021 τῶν
1100 969 1345 1024 Πλάτωνι
1375 970 1646 1041 ῥηθέντων
1664 970 1946 1042 ῥημάτων.

384 1079 403 1111 ι
439 1060 689 1132 Γέγραφε
718 1060 827 1132 γὰρ
871 1061 1168 1133 ἀρχόμενος
1197 1062 1386 1126 οὕτως·
1424 1064 1486 1116 υἰ
1531 1064 1948 1128 πεπιστευκότες

385 1171 404 1204 ι
445 1155 539 1208 καί⁸
562 1155 1002 1225 πεπιστευμένοι.
1020 1153 1187 1207 Τοῦτο
1205 1155 1266 1207 τὸ
1286 1154 1446 1225 ῥητὸν
1472 1153 1642 1218 οὕτως
1662 1156 1947 1227 εἰρημένον

385 1264 404 1299 ι
439 1246 620 1319 εὕροις
647 1246 712 1300 ἂν
745 1248 803 1299 ἐν
830 1247 909 1318 τῷ
941 1247 1160 1316 Γοργίᾳ
1193 1246 1497 1309 Πλάτωνος.
1534 1265 1551 1298 ι
1591 1246 1716 1301 Οῦτ’
1745 1249 1792 1301 εἰ
1818 1247 1947 1315 ἐφές

381 1356 525 1411 ρετο,
551 1340 781 1411 ήνεγκεν
811 1338 876 1393 ἂν
912 1338 1163 1410 διαϐολὴν
1202 1340 1467 1409 Ὠριγένει
1491 1339 1670 1407 φάντι,
1706 1341 1753 1393 οἱ
1784 1355 1947 1392 πεπι-

381 1431 668 1493 στευκότες
699 1431 733 1501 ἢ
761 1431 854 1484 καὶ
881 1429 1319 1500 πεπιστευμένοι,
1353 1430 1446 1484 καὶ
1474 1430 1765 1499 συνάψαντι
1798 1428 1945 1501 ἑξῆς,

388 1539 407 1573 ι
447 1523 546 1594 τὴν
571 1522 728 1592 χάριν
759 1521 855 1575 καὶ
880 1521 975 1592 τὴν
1000 1521 1254 1591 ἀλήθειαν
1286 1520 1351 1573 δι’
1404 1519 1575 1589 Ἰησοῦ
1600 1520 1833 1592 Χριστοῦ
1859 1536 1949 1587 γε·

386 1633 405 1666 ι
442 1613 679 1682 γονέναι,
714 1630 733 1665 ι
784 1613 878 1665 καὶ
924 1612 1157 1684 Χριστὸν
1188 1607 1326 1665 εἶναι
1358 1611 1458 1682 τὴν
1492 1611 1766 1680 ἀλήθειαν,
1809 1610 1949 1664 κατά

378 1702 439 1758 τὸ
476 1703 761 1775 εἰρημένον
799 1702 888 1756 ὑπ’
924 1702 1107 1757 αὐτοῦ·
1146 1722 1166 1756 ι
1226 1702 1364 1772 Ἐγώ
1405 1704 1519 1775 εἰμι
1552 1704 1585 1773 ἡ
1628 1702 1872 1774 ἀλήθεια.
1922 1721 1941 1753 ι

378 1796 515 1850 Ποία
546 1795 655 1868 γάρ
685 1796 820 1868 πρὸς
844 1794 1011 1850 ταῦτα
1041 1797 1291 1851 κοινωνία
1319 1797 1513 1865 γένοιτ’
1547 1797 1613 1850 ἄν
1650 1813 1778 1850 ποτε
1804 1795 1949 1850 Πλά-

377 1852 750 1954 τωνι;.υ“ύδέν
799 1852 1083 1953 ᾖλάτωνος
1123 1888 1267 1959 Περί
1304 1852 1504 1958 ἀρχῶν
1552 1888 1946 1961 μνημονεύεται
1978 1852 2019 1911 Β

380 1980 602 2051 βιϐλίον.
645 1979 779 2034 Οὐδέ
823 1980 1100 2052 Ὠριγένης
1128 1982 1327 2053 ὁμοίως
1360 1982 1489 2053 περὶ
1518 1981 1700 2052 ἀρχῶν
1730 1980 1945 2048 ἐδόξασε

377 2072 645 2138 Πλάτωνι,
682 2073 712 2125 ό
763 2072 888 2144 μίαν
939 2072 1106 2144 μόνην
1134 2073 1234 2141 τὴν
1264 2074 1554 2143 ἀγέννητον
1594 2074 1687 2127 καὶ
1714 2073 1945 2144 ἄναρχον

376 2166 471 2219 καὶ
494 2165 752 2218 ἐπέκεινα
774 2163 883 2217 τῶν
906 2164 1041 2218 ὅλων
1075 2164 1230 2228 εἰδὼς
1258 2166 1453 2236 ἀρχὴν,
1487 2165 1687 2235 ταύτην
1715 2183 1775 2218 τε
1807 2162 1947 2219 εἶναι

376 2257 595 2329 Πατέρα
611 2256 727 2319 ἐνὸς
751 2257 1069 2327 μονογενοῦς
1080 2257 1231 2317 Υἰοῦ,
1250 2258 1317 2311 δι’
1336 2253 1396 2313 οὗ
1423 2258 1491 2312 τὰ
1513 2258 1686 2312 πάντα
1703 2259 1939 2327 γέγονεν.

380 2348 526 2413 Ὀδε,
568 2350 665 2402 καὶ
716 2352 775 2403 ἐν
818 2349 1026 2413 τούτοις
1086 2349 1389 2420 Ὧριγένους
1444 2350 1943 2421 καταψευσάμενος,

383 2440 500 2510 μεθ’
542 2440 702 2513 ἕτερα
726 2441 1048 2514 προστίθησι
1072 2440 1267 2509 λέγων’
1302 2460 1320 2493 ι
1363 2441 1638 2513 Ἀστερίου
1665 2443 1774 2513 γὰρ
1798 2444 1946 2514 εἰρη-

385 2554 403 2587 ι
437 2535 611 2601 κότος,
631 2535 736 2607 πρὸ
756 2535 865 2589 τῶν
885 2533 1092 2589 αἰώνων
1111 2534 1465 2606 γεγεννῆσθαι
1489 2535 1579 2587 τὸν
1594 2535 1786 2603 Λόγον,
1815 2536 1948 2589 αὐτὸ

383 2645 402 2679 ι
441 2627 501 2681 τὸ
534 2628 697 2700 ῥητὸν
725 2627 888 2682 αὑτὸν
925 2628 1139 2698 ἐλέγχει
1168 2626 1515 2698 ψευδόμενονο
1552 2626 1693 2680 ὥστε
1725 2629 1799 2699 μὴ
1845 2630 1944 2700 μό-

383 2737 402 2770 ι
445 2737 534 2774 νον
566 2719 728 2774 αὐτὸν
762 2719 855 2774 τοῦ
895 2721 1237 2792 πράγματος,
1267 2720 1403 2774 ἀλλά
1434 2721 1529 2774 καί⁵
1558 2718 1653 2773 τοῦ
1686 2720 1947 2792 γράμμα-

382 2828 401 2862 ι
442 2828 533 2875 τος
553 2810 895 2884 διαμαρτεῖν.
922 2811 988 2865 Εἰ
1010 2810 1140 2883 γὰρ,
1154 2810 1269 2880 πρὸ
1287 2811 1394 2866 τοῦ
1413 2808 1626 2879 αἰῶνος
1640 2812 1945 2881 ἐθεμελίω-

382 2923 401 2955 ‹
440 2902 555 2958 σέν
570 2921 669 2973 με,
696 2905 858 2976 φησὶν
880 2906 915 2977 ἡ
941 2904 1237 2976 Παροιμία,
1260 2903 1377 2966 πῶς
1403 2903 1566 2967 αὐτὸς
1589 2904 1944 2975 γεγεννῆσθαι

383 3014 402 3048 ι
438 2994 600 3050 αὑτὸν
636 2995 743 3068 πρὸ
771 2995 881 3051 τῶν
910 2994 1121 3050 αἰώνων
1166 2994 1303 3067 tam;
1347 2995 1533 3067 ἕτερον
1565 2996 1674 3068 γὰρ
1701 2997 1807 3069 πρὸ
1846 2995 1942 3051 τοῦ

380 3108 399 3141 ι
433 3089 629 3155 αἰῶνος
655 3090 1081 3162 τεθεμελιῶσθαι
1103 3090 1285 3155 αὐτὸν,
1319 3092 1413 3145 καὶ
1440 3090 1648 3162 ἕτερον,
1684 3092 1789 3164 πρὸ
1834 3089 1943 3145 τῶν

2056 622 2074 654 ι
2112 603 2400 675 losophicis
2429 605 2721 674 diverteris,
2762 608 2960 667 litteris
3008 626 3067 666 se
3099 612 3297 668 divinis
3329 614 3619 683 applicuis-

2056 714 2073 748 ι
2111 706 2215 763 set,
2274 697 2433 752 citius
2471 713 2632 768 quam
2684 716 2784 772 par
2839 702 3016 758 fuerat
3047 745 3064 771 ,
3123 705 3359 759 nondum
3396 706 3621 761 edoctus

2055 809 2073 839 ι
2110 789 2521 861 Scripturarum
2564 798 2901 850 exactiorem
2954 796 3265 861 scientiam,
3304 806 3492 866 utpote
3528 801 3620 867 qui

2055 904 2073 935 ι
2115 892 2169 939 et
2186 884 2540 942 saacularihus
2565 887 2865 955 disciplinis
2885 898 3007 945 erat
3025 889 3457 945 cumulatissime
3478 905 3625 945 com-

2054 995 2072 1028 ι
2110 985 2350 1045 paratus,
2384 980 2707 1034 accessitad
2745 980 3092 1036 scribendum
3124 1000 3140 1036 :
3194 981 3339 1035 unde
3363 996 3459 1050 per
3498 981 3620 1048 phi-

2055 1089 2073 1121 ι
2102 1070 2400 1141 losophiam
2431 1071 2708 1140 seductus,
2750 1073 2993 1141 quaedam
3015 1075 3195 1129 minus
3220 1082 3367 1128 recte
3390 1073 3442 1127 in
3469 1072 3621 1126 litte-

2054 1179 2073 1213 ι
2115 1176 2205 1217 ras
2240 1161 2524 1217 referebat.
2556 1162 2803 1233 Exempli
2825 1164 3040 1233 gratia:
3074 1162 3478 1217 Platonicorum
3524 1162 3621 1216 do-

2052 1272 2071 1304 c
2108 1261 2345 1325 gmatum
2369 1269 2577 1309 memor
2603 1264 2656 1310 et
2678 1255 3071 1325 principiorum
3101 1270 3221 1326 qua:
3250 1255 3464 1310 diversa
3490 1264 3621 1310 suut

2054 1364 2072 1397 ι
2102 1345 2242 1414 apud
2272 1346 2448 1411 illum,
2484 1346 2683 1402 librum
2707 1348 2995 1418 quemdam
3025 1347 3327 1419 inscripsit,
3364 1346 3443 1400 De
3465 1347 3618 1415 prin-

2054 1457 2072 1489 ι
2102 1438 2275 1509 cipit's.
2300 1438 2429 1507 Qua:
2458 1439 2677 1510 quidem
2710 1440 2994 1509 inscriptio
3019 1448 3340 1511 argumento
3368 1454 3486 1495 esse
3519 1454 3619 1507 po-

2055 1548 2071 1580 ι
2106 1530 2233 1587 terit
2271 1547 2378 1587 non
2410 1531 2644 1603 vulgari,
2674 1547 2780 1587 non
2811 1532 3030 1586 aliunde
3054 1546 3181 1587 eum
3218 1546 3380 1601 quam
3417 1546 3447 1584 a
3494 1529 3617 1583 Pla-

2053 1643 2071 1676 ι
2107 1633 2229 1679 tone
2260 1639 2323 1681 ea
2342 1623 2522 1680 omnia
2555 1630 2881 1678 mutuatum.
2906 1622 3196 1677 Exorditur
3224 1630 3401 1677 autem
3424 1621 3618 1675 librum

2054 1735 2072 1768 ι
2110 1716 2177 1772 ad
2214 1717 2359 1773 hunc
2386 1719 2635 1772 modum:
2668 1714 3017 1782 Quicreduut
3043 1723 3097 1769 et
3124 1714 3324 1784 quibus
3346 1712 3611 1767 creditur.

2053 1828 2072 1860 ι
2107 1808 2258 1875 Quod
2275 1810 2348 1865 ita
2366 1809 2567 1865 dictum
2591 1809 2644 1863 in
2660 1808 2855 1879 Gorgia
2874 1806 3199 1877 Platonis(p.
3216 1805 3322 1861 454
3337 1806 3401 1876 Ε)
3418 1805 3622 1873 reperi-

2059 1920 2078 1956 ι
2114 1910 2220 1957 tur.
2257 1921 2276 1955 ι
2305 1899 2361 1957 ld
2383 1901 2524 1972 quod
2552 1911 2610 1956 ut
2636 1901 2710 1955 ita
2740 1915 2864 1956 esse
2891 1900 3240 1963 concedatur,
3295 1899 3619 1953 calumniam

2051 1991 2272 2065 Origeni
2299 2008 2402 2049 non
2435 1991 2682 2057 inferret,
2707 2008 2829 2047 cmn
2849 1993 3033 2047 statim
3057 1991 3417 2061 Suhjunxcrit,
3442 2010 3460 2042 ‹
3484 1988 3622 2045 Gra-

2057 2105 2077 2139 ι
2112 2087 2241 2141 tiam
2270 2095 2326 2139 et
2350 2085 2628 2140 veritatem
2655 2099 2750 2153 per
2764 2082 2944 2138 Jesum
2969 2082 3240 2138 Christum
3267 2083 3333 2137 ad
3345 2084 3571 2147 venisse,
3595 2100 3615 2134 ι

2051 2187 2106 2234 et
2125 2191 2243 2232 esse
2256 2175 2529 2231 Christum
2557 2174 2700 2229 illam
2730 2175 3034 2238 veritatem,
3070 2175 3362 2228 secundum
3387 2174 3528 2243 quod
3555 2174 3623 2227 ab

2052 2269 2171 2341 ipso
2202 2270 2403 2324 dictum
2432 2276 2611 2322 exstat
2637 2286 2652 2323 :
2680 2286 2699 2318 ι
2725 2267 2836 2336 Ego
2853 2282 2969 2322 sum
2998 2267 3282 2321 veritas“.
3311 2286 3330 2319 ι
3365 2268 3619 2333 Qua-nam

2051 2377 2180 2417 vero
2198 2361 2411 2416 tandem
2429 2360 2741 2415 communio
2758 2374 2877 2414 cum
2899 2360 3017 2415 istis
3033 2358 3244 2413 Platoni
3270 2358 3578 2413 intercessit
3599 2359 3623 2413 ?

2050 2453 2239 2510 Nullus
2262 2453 2403 2509 liber
2437 2469 2466 2507 a
2490 2452 2715 2509 Platone
2741 2453 2978 2522 scriptus
3013 2452 3116 2505 hoc
3154 2451 3335 2514 titulo,
3370 2450 3448 2504 De
3475 2452 3623 2519 prin-

2047 2548 2221 2614 cipiis,
2252 2554 2608 2601 memoratur.
2638 2542 2747 2599 Nec
2780 2555 2839 2599 ut
2890 2543 3044 2598 Plato
3076 2544 3141 2599 de
3172 2543 3455 2613 principiis
3502 2542 3624 2599 Ori-

2049 2653 2214 2709 genes
2245 2637 2536 2700 sentiebat,
2580 2635 2670 2706 qui
2707 2636 3035 2706 principium
3084 2635 3303 2689 unicum
3335 2635 3624 2704 ingenera-

2050 2740 2188 2799 tum,
2218 2730 2339 2786 sine
2364 2728 2654 2799 principio,
2706 2742 2871 2798 super
2896 2728 3102 2793 omnia,
3147 2741 3270 2782 cum
3317 2736 3573 2795 agnoscat
3604 2769 3620 2793 ,

2048 2837 2172 2876 eum
2204 2823 2378 2891 ipsum
2403 2821 2594 2876 statuit
2619 2834 2738 2876 esse
2766 2819 2981 2875 Patrem
3006 2820 3168 2875 unius
3192 2819 3451 2889 unigeniti
3478 2818 3622 2885 Filii,

2048 2928 2147 2983 per
2172 2927 2335 2982 quem
2360 2913 2542 2968 omnia
2567 2911 2713 2966 facta
2747 2920 2892 2966 sunt.
2920 2909 2975 2965 In
3010 2910 3129 2964 istis
3165 2925 3287 2964 cum
3334 2909 3622 2978 Origenem

2050 3005 2360 3071 mentiatur,
2386 3005 2630 3075 adiungit
2652 3013 2775 3076 post
2795 3002 2966 3074 pauca
3001 3002 3093 3075 [Β.
3124 3001 3244 3074 XV]
3276 3020 3291 3058 :
3320 3000 3618 3065 Asterium,

2058 3114 2078 3148 ι
2119 3097 2211 3167 qui
2243 3097 2481 3152 afﬁrmat
2512 3105 2824 3168 generatum
2856 3095 3026 3151 fuisse
3052 3104 3177 3151 ante
3212 3095 3392 3150 omnia
3429 3096 3625 3149 saecula

381 3202 400 3234 ι
440 3180 652 3237 αἰώνων
683 3182 1061 3252 γεγεννῆσθαι.
1092 3201 1111 3234 ι
1142 3181 1325 3235 Ταῦτα
1353 3180 1543 3246 εἰπὼν,
1573 3182 1666 3236 καὶ
1686 3182 1943 3254 προσθεὶς

2057 3208 2075 3241 ι
2115 3189 2334 3254 Filium,
2375 3190 2457 3245 vel
2490 3191 2601 3259 ipsa
2626 3189 2845 3259 quidem
2870 3188 3051 3243 littera
3085 3188 3367 3242 mentitum
3402 3184 3625 3240 convin-

374 3269 538 3341 ἕτερα
574 3271 654 3332 εἰς
698 3270 1010 3341 ἀνατροπὴν
1044 3269 1137 3322 τοῦ
1173 3270 1281 3342 πρὸ
1316 3270 1424 3325 τῶν
1446 3271 1654 3327 αἰώνων
1695 3273 1946 3343 γεγεννῆο

377 3359 502 3414 σθαι
536 3359 628 3414 τὸν
657 3360 806 3425 Υίὸν,
842 3360 1081 3431 ἐπιλέγει
1110 3362 1290 3425 αὐτοῖς
1340 3364 1598 3433 ῥήμασιν’
1632 3381 1652 3415 ι
1697 3364 1859 3431 Ἀξιῶ
1886 3364 1943 3417 δὲ

381 3470 400 3504 ι
436 3452 563 3516 τοὺς
595 3452 1020 3523 ἐντυγχάνοντας
1052 3453 1159 3508 τῶν
1197 3453 1365 3523 ἁγίων
1389 3454 1629 3527 ὡσπερεὶ
1656 3456 1944 3527 σπέρματα

380 3564 397 3597 ι
440 3545 535 3598 καὶ
595 3544 771 3618 ἀρχὰς
834 3546 995 3617 τῆσδε
1062 3546 1163 3617 τῆς
1230 3546 1540 3619 ἐξηγήσεως
1596 3546 1812 3620 ἀληθῶς
1869 3550 1945 3601 εἰ-

380 3655 399 3689 (
434 3636 691 3709 ληφότας,
729 3637 979 3703 πλείονας
1022 3639 1320 3707 ἀποδείξεις
1352 3639 1667 3713 προσθεῖναι
1707 3643 1823 3706 τοῖς
1864 3644 1943 3695 εἰσ-

378 3747 397 3781 ι
436 3730 712 3802 ρημένοιςο
769 3729 910 3785 ὥστε
958 3715 1294 3803 ἐτίμᾶλλον,
1338 3733 1438 3796 τὰς
1484 3732 1591 3786 τῶν
1628 3731 1801 3806 [περὶ]
1844 3732 1944 3805 τὴν

377 3839 397 3873 ι
431 3822 613 3874 πίστιν
634 3821 1064 3893 διαστρεφόντων
1086 3823 1402 3895 ἐλέγχεσθαι
1422 3825 1788 3895 προαιρέσεις.
1828 3826 1945 3879 Ὀν-

378 3930 399 3964 σ
430 3928 538 3975 τως
562 3911 671 3984 γὰρ
694 3912 825 3966 Θεὸν
850 3914 939 3967 τὸν
972 3916 1309 3986 γεννήσαντα
1345 3917 1541 3978 αὐτοὺς
1565 3917 1941 3985 ἐγκατέλιπον,

379 4022 399 4055 ‹
432 4004 525 4058 καὶ
570 4002 784 4075 ὤρυξαν
818 4006 1028 4069 ἑαυτοῖς
1067 4006 1302 4071 λάκκους
1352 4010 1863 4080 συντετριμμένους.
1919 4031 1938 4064 t

371 4093 609 4148 Τοιαῦτα
637 4095 732 4149 καὶ
752 4095 839 4149 διὰ
868 4096 1073 4151 τούτων
1096 4097 1570 4170 λοιδορησάμενος,
1603 4100 1727 4172 ἑξῆς
1754 4105 1945 4174 πειρᾶ-

369 4202 461 4240 ται
498 4186 803 4253 δεικνύναι,
838 4189 917 4241 ὅτι
968 4188 1102 4260 μηδέ
1160 4208 1179 4241 ι
1215 4189 1378 4244 εἰκὼν
1420 4191 1511 4244 τοῦ
1556 4192 1689 4247 Θεοῦ
1736 4196 1882 4250 ἐστιν
1915 4199 1945 4251 ό

375 4296 395 4331 ι
434 4279 584 4346 Υἱὸς,
624 4298 644 4331 ι
688 4279 861 4349 λέγων
894 4280 1086 4346 οὕτως·
1122 4301 1142 4334 ι
1199 4283 1513 4339 Ἀκόλουθον
1542 4286 1782 4358 ἡγοῦμαι
1815 4288 1944 4361 βρα-

374 4388 394 4422 ι
430 4370 531 4441 χέα
571 4372 665 4425 καὶ
707 4373 838 4443 περὶ
874 4373 975 4437 τῆς
1021 4374 1228 4439 εἰκόνος
1275 4377 1469 4430 εἰπεῖν’
1517 4377 1763 4451 γέγραφε
1801 4381 1937 4453 γάρ·

374 4481 393 4515 ι
437 4463 628 4529 Ἀλλος
655 4465 712 4519 δέ
737 4466 883 4520 ἐστιν
916 4466 945 4518 ὁ
989 4466 1047 4533 ἐξ
1075 4466 1234 4521 αὐτοῦ
1265 4470 1561 4541 γεννηθεὶς,
1600 4473 1659 4535 ὃς
1692 4474 1837 4527 ἐστιν
1863 4475 1942 4527 εἰ·

2056 3303 2075 3335 ι
2114 3283 2209 3351 cit,
2237 3283 2371 3337 adeo
2397 3291 2588 3337 utnon
2618 3280 2792 3336 solum
2825 3282 2878 3334 in
2904 3281 2984 3336 rei
3034 3280 3288 3343 veritate,
3317 3278 3411 3332 sed
3450 3278 3501 3330 in
3536 3292 3624 3331 vo-

2055 3394 2075 3427 ι
2116 3375 2272 3431 cibus
2303 3373 2435 3444 ipsis
2460 3372 2821 3428 aberraverit.
2852 3369 2987 3425 Nam
3008 3372 3076 3434 si,
3112 3370 3247 3425 Ante
3281 3369 3479 3424 sa'cula
3499 3409 3514 3431 ,
3546 3368 3623 3421 uti

2056 3485 2076 3519 ι
2118 3465 2361 3535 loquitur
2392 3463 2811 3520 Proverbiorum
2848 3460 3021 3527 liber,
3054 3462 3300 3531 fundauit
3353 3477 3457 3525 me,
3497 3473 3624 3527 quo-

2053 3575 2075 3610 ι
2113 3556 2274 3611 modo
2304 3563 2429 3611 ante
2456 3554 2654 3609 saecula
2682 3554 2921 3623 genitum
2954 3553 3122 3608 fuisse
3151 3553 3300 3606 illum
3347 3550 3623 3605 aﬂirmat?
3734 3632 3735 3637 η

2054 3667 2075 3701 ι
2108 3648 2267 3704 Aliud
2291 3656 2375 3703 est
2396 3647 2567 3714 enim,
2602 3656 2729 3701 ante
2751 3645 3004 3700 szeculum
3035 3644 3316 3700 fundatum
3349 3643 3535 3710 fuisse,
3568 3653 3623 3697 et

2053 3759 2073 3792 ι
2103 3741 2245 3795 aliud
2271 3740 2505 3811 genitum
2535 3739 2701 3809 fuisse
2730 3746 2851 3793 ante
2878 3735 3093 3790 δικαία.
3125 3756 3144 3788 ι
3181 3735 3306 3791 Haec
3347 3736 3434 3789 ubi
3465 3734 3622 3795 dixit,

2048 3844 2103 3889 et
2122 3832 2316 3901 adjecit
2333 3829 2493 3885 simul
2513 3829 2617 3884 alia
2638 3829 2705 3883 ad
2725 3827 2851 3883 illud
2886 3826 3261 3892 refellendum,
3283 3828 3413 3879 Ante
3429 3826 3623 3878 arcula

2049 3928 2211 3993 fuisse
2245 3933 2546 3996 generatum
2572 3921 2795 3987 Filium,
2841 3920 3117 3990 suhjungit
3158 3919 3247 3993 [Β.
3279 3901 3566 3988 LXXXIX]
3603 3935 3616 3970 :

2055 4038 2073 4071 ι
2099 4016 2354 4073 Obtestor
2370 4016 2519 4070 viros
2548 4024 2788 4080 sanctos,
2816 4013 2869 4067 in
2893 4028 3123 4083 quorum
3157 4026 3350 4065 manus
3373 4009 3478 4065 ista
3502 4024 3619 4063 mea

2055 4130 2074 4165 ι
2110 4120 2235 4166 sunt
2260 4116 2608 4180 perventura,
2639 4115 2700 4161 ut
2727 4107 2894 4161 veluti
2923 4105 3013 4175 qui
3043 4104 3250 4160 sentina
3280 4111 3335 4157 et
3359 4101 3619 4171 principia

2055 4224 2073 4255 ι
2109 4204 2266 4259 istius
2302 4200 2763 4271 interpretationis
2785 4197 3057 4254 veraciter
3085 4212 3115 4250 a
3145 4212 3233 4250 me
3256 4203 3474 4262 accepta
3500 4210 3622 4260 per-

2054 4315 2073 4348 a
2109 4295 2372 4364 ceperint,
2402 4293 2585 4364 plures
2613 4291 2789 4345 adhuc
2810 4288 3304 4344 demonstrationes
3330 4287 3623 4355 adjungere

2056 4409 2075 4441 ι
2119 4389 2286 4444 velint
2311 4388 2379 4441 ad
2407 4401 2471 4443 ea
2506 4400 2627 4455 qua:
2651 4385 2797 4439 dicta
2828 4390 2954 4437 sunt
2984 4397 3012 4436 a
3047 4397 3153 4444 me,
3180 4395 3286 4451 quo
3311 4380 3480 4448 magis
3510 4391 3624 4430 ma-

2057 4500 2074 4532 ι
2109 4481 2297 4549 gisque
2326 4477 2499 4532 refelli
2553 4476 2765 4546 possint
2815 4487 3002 4528 eorum
3054 4471 3334 4527 hominum
3367 4469 3568 4523 intenta
3605 4507 3621 4528 ,

373 4574 392 4605 ι
432 4555 544 4610 κὼν
580 4557 672 4611 τοῦ
714 4557 847 4611 Θεοῦ
872 4558 966 4612 τοῦ
1001 4561 1249 4633 ἀοράτου.
1280 4563 1499 4627 Εἰκόνος
1529 4564 1616 4618 διὰ
1643 4566 1800 4619 τοῦτο
1847 4566 1943 4637 μέ-

2055 4590 2073 4622 (
2108 4571 2305 4639 quibus
2336 4568 2493 4623 ﬁdem
2526 4575 2838 4636 pervertere
2864 4565 3104 4620 solemne
3129 4572 3232 4620 est.
3252 4561 3457 4617 Revera
3480 4560 3622 4614 enim

372 4666 391 4698 ι
437 4665 632 4720 μνηται
652 4650 762 4724 (15)
776 4650 910 4705 Θεοῦ
935 4653 1029 4707 τοῦ
1059 4655 1292 4726 ἀοράτου
1322 4656 1617 4728 ’Δστέριος,
1642 4656 1729 4711 ἵνα
1754 4658 1939 4712 τοσοῦ·

436 4829 482 4861 ⁸⁸
514 4829 678 4887 Joan.
709 4848 823 4901 xuv,
858 4832 914 4887 6.

371 5008 609 5092 intulisse
641 5012 694 5092 in
725 5015 1214 5092 commentationes
1241 5017 1491 5092 suas,_de
1516 5016 1793 5092 religione.
1824 5019 1939 5075 Un-

368 5078 433 5132 de
455 5082 648 5148 sagpius
675 5083 855 5157 lapsus
890 5097 993 5150 est,
1022 5102 1122 5141 nec
1161 5087 1247 5140 illa
1271 5078 1541 5143 hominem
1572 5078 1673 5143 hac
1701 5090 1754 5143 in
1788 5101 1941 5157 parte

365 5160 649 5231 excusant,
664 5168 781 5231 quae
804 5156 1231 5231 in_responsioue
1250 5158 1509 5214 Eusebius
1535 5156 1840 5231 cavillatur.
1862 5161 1932 5215 Μ.

364 5218 824 5301 -ΒοιίζέτιἸοςρ
851 5218 986 5301 ἐστ-ιζ
1020 5227 1147 5301 ΜοχΔ
1173 5228 1277 5301 Mp.
1312 5246 1402 5300 γρ.
1439 5230 1786 5301 μεμυημένος
1819 5233 1936 5288 loco

366 5305 530 5375 μεμν.
555 5290 744 5375 Porro.
767 5292 1049 5375 R._‘ro_titou
1084 5290 1386 5375 μέγῷῌίοῲ
1419 5290 1748 5375 τοῦτοςμέγ.
1767 5290 1781 5295 ⁷
1803 5302 1934 5357 Dein

362 5361 650 5442 χιιιςορπὸ
678 5362 786 5442 τῶν
805 5365 883 5442 τῷ
914 5369 978 5442 il.
1013 5361 1176 5442 ῥηθὲν
1205 5361 1311 5442 τῶν
1355 5372 1430 5442 ρ.,
1466 5372 1554 5442 ubi
1578 5361 1749 5442 ἢάτὲό
1775 5387 1932 5427 conc.

362 5427 427 5481 Β.
443 5430 601 5514 Ἰιιςιυιι
626 5433 783 5514 vulgo
805 5427 993 5514 ὁμοίαν
1151 5441 1179 5493 ὁ
1214 5440 1339 5514 μίαν
1355 5427 1733 5514 ’θίαύτοῦᾼτοῦ
1759 5460 1853 5513 πρ.
1879 5454 1932 5499 et

360 5500 475 5581 προ
489 5501 609 5581 τῷν.
623 5500 1225 5581 αἰώνωνέθεμελίωσεκί
1244 5511 1344 5581 ἐμέ
1364 5520 1419 5566 et
1453 5512 1549 5581 τῆς
1571 5512 1646 5566 δέ·

395 5571 540 5657 ηαξ)
583 5571 1616 5657 Μέίιφητᾳι...’ᾉοτέριοςξῩθνιιιιίὲβι
1656 5581 1819 5657 (ιυοᾴΔ
1846 5585 1931 5638 hic

359 5641 433 5694 ait
467 5641 751 5723 Marcellus
779 5647 950 5723 :__ide_o
982 5641 1174 5723 Filium
1210 5641 1384 5706 Patris
1415 5641 1703 5723 imaginem
1732 5652 1929 5722 ubique

359 5716 630 5795 urgebant
658 5716 916 5795 appellari
953 5721 1393 5795 ah_Apos_to_lo,et
1420 5725 1499 5778 sic
1519 5716 1922 5795 appellandum,

359 5782 510 5860 quod
544 5784 665 5839 inde
696 5782 925 5860 μείωσιν
968 5790 1040 5843 ilii
1080 5782 1369 5847 credebant
1413 5782 1623 5859 astru'i';
1654 5803 1707 5848 et
1740 5782 1927 5860 οὐσίας

359 5848 666 5923 ἀλλοίωσιν,
692 5848 747 5913 et
772 5857 1137 5928 ἁλλογένειαν,
1174 5865 1520 5931 creationem,
1548 5848 1914 5936 posterior-ila:

2052 4677 2069 4709 ι
2112 4657 2277 4711 Deum
2304 4656 2396 4726 qui
2427 4655 2615 4724 genuit
2644 4655 2812 4725 ipsos,
2832 4653 3262 4723 dereliquerunt,
3290 4661 3347 4706 et
3377 4658 3629 4722 pertusos

2052 5030 2158 5075 tem
2190 5038 2203 5072 :
2232 5029 2287 5073 et
2309 5021 2574 5076 Eusebius
2607 5022 2721 5085 ipse
2753 5017 3033 5077 animitus,
3062 5023 3114 5067 et
3137 5013 3279 5070 clam
3315 5013 3623 5067 Ariauismo

2046 5092 2377 5160 denigratus,
2408 5092 2521 5145 ἄνω
2548 5092 2643 5145 καὶ
2672 5089 2825 5143 κάτω
2858 5086 3465 5160 στρέφειᾼίιοηο-ιόοθιιι
3494 5099 3507 5134 :
3536 5085 3620 5137 iu-

2047 5152 2205 5215 terim
2241 5152 2403 5215 etiam
2432 5177 2621 5215 verum
2653 5169 2737 5213 est
2767 5158 2907 5227 quod
2930 5152 3043 5211 "hic
3078 5154 3333 5209 Marcello
3376 5152 3621 5221 objectat

2045 5232 2335 5295 Eusebius,
2364 5231 2641 5287 Christum
2688 5229 2982 5299 secundum
3028 5228 3320 5299 humanam
3366 5233 3617 5276 naturam

2044 5301 2238 5365 solum,
2270 5313 2325 5356 et
2352 5312 2623 5369 quatenus
2668 5300 2865 5364 homo,
2912 5295 2969 5369 et
3004 5298 3223 5369 quando
3277 5295 3473 5369 homo,
3510 5307 3617 5345 non

2043 5372 2194 5440 prius
2224 5363 2516 5439 imaginem
2538 5375 2605 5426 ab
2631 5370 2849 5440 illoidici
2873 5387 2886 5422 :
2911 5368 2993 5440 ita
3011 5363 3258 5440 eludunt,
3276 5363 3616 5440 alacer-aut,

2039 5430 2095 5496 et
2127 5430 2449 5511 detorquent
2468 5441 2707 5497 hmretici
2730 5439 2905 5511 locum
2941 5437 3087 5491 illum
3116 5434 3374 5511 A_po_stoli,
3400 5430 3612 5511 Coloss.

2038 5528 2079 5571 ι.
2105 5513 2206 5578 15ς
2240 5502 2334 5565 εθὶι
2357 5522 2414 5565 ιιι
2439 5528 2566 5566 vere
2596 5510 2943 5571 Athanasius,
2971 5516 3024 5561 et
3049 5502 3371 5578 orthodoxe,
3422 5502 3617 5578 ’ᾼῒδιός

2035 5571 2203 5636 ἐστιν’
2222 5582 2250 5633 ό
2283 5583 2495 5654 Πατὴρ,
2514 5582 2817 5654 ἀθάνατος.
2862 5578 3120 5654 δυνατὺςη
3143 5574 3280 5643 φῶς,
3298 5644 3309 5654 _
3331 5571 3612 5654 βασιλευς,

2036 5644 2456 5727 εαξτοκρέιτωρἰ
2471 5644 2657 5727 ξΘεδςι
2696 5646 3175 5727 κρρξοςηκτιίξῖὴξ
3192 5644 3320 5727 -καῖ
3364 5644 3611 5727 ammi-

2034 5724 2220 5777 Ταῦτα
2246 5712 2491 5777 εἶναι’δεῖ
2522 5725 2579 5775 ἐν
2697 5712 2885 5792 εἰκόνι,
2926 5712 3277 5792 ἵνα-ἀληθῶς-
3296 5717 3325 5767 ὁ
3353 5714 3442 5792 τόν
3479 5712 3629 5792 ’Υἰὸνν

2037 5793 2180 5868 ἰδὼν,
2215 5794 2421 5868 ῖδῃᾼκαὶ
2444 5793 2535 5868 τὸν
2553 5784 2787 5863 Πατέρα.
2820 5789 2885 5845 Μ.
2918 5818 2987 5830 ο-
3027 5784 3167 5844 Inlra
3192 5786 3350 5857 vulgo
3379 5784 3613 5856 ἀοράτου

2033 5865 2183 5929 ὄντος
2210 5863 2411 5922 omisso
2437 5863 2551 5917 τοῦ.
3616 5864 3617 5867 ’
