4088 6412
504 418 609 475 765

1171 420 1433 477 susum
1472 410 2126 480 CzESARlENSlS‘OPP.
2167 423 2341 480 rans
2377 422 2465 481 tv.
2505 456 2573 467 —
2610 422 3027 481 DOGMATICA.

3627 420 3733 480 764

510 558 530 591 ι
567 540 668 595 sibi
704 549 893 609 puteos
920 539 1241 595 eﬂ‘odertmt.
1287 561 1306 593 ι
1355 547 1413 605 ›Ῑ‹
1448 542 1529 595 Ad
1584 542 1744 597 istum
1798 558 1924 598 vero
1954 559 2041 599 mo

2171 561 2190 594 ι
2223 560 2315 596 τον
2356 543 2446 596 τὸν
2496 544 2627 597 Θεὸν
2676 542 2767 597 τοῦ
2814 543 2986 613 Λόγου
3028 541 3304 614 διαφέρειν
3348 539 3555 611 διδάξῃ,
3606 539 3731 596 ὅσον

503 629 630 683 dum
661 630 1037 697 calumniatus,
1059 641 1288 686 conatur
1311 633 1595 688 ostendere
1616 634 1668 688 in
1695 634 2060 704 sequentibus,

504 737 573 775 tte
597 723 812 788 quidem
853 742 873 775 ι
906 725 1193 791 imaginem
1248 726 1329 780 sui
1373 725 1552 781 Patris
1600 741 1723 781 esse
1780 725 1994 782 Filium.
2037 749 2057 781 ι

500 812 589 866 Ait
617 824 796 868 autem
828 813 917 887 [Β.
950 815 1165 889 LXXX]
1196 837 1210 872 :
1251 837 1269 869 ι
1300 817 1649 889 Consequens
1681 834 1800 875 esse
1828 820 2063 875 arbitror

505 921 525 954 ι
553 906 741 972 paucis
775 908 842 961 de
894 909 1129 979 imagine
1191 909 1541 979 disceptare:
1591 911 1811 980 scripsit
1871 911 2056 967 enim:

503 1014 522 1046 ι
553 996 707 1053 Alius
739 1000 956 1067 quidem
993 1010 1079 1056 est
1099 1000 1168 1057 ab
1197 1002 1310 1073 ipso
1352 1003 1585 1073 genitus,
1617 1004 1710 1072 qui
1761 1013 1846 1058 est
1876 1004 2060 1075 imago

502 1106 523 1137 ι
554 1089 645 1143 Dei
676 1091 985 1147 invisibilis.
1026 1092 1272 1148 Meminit
1315 1104 1493 1149 autem
1523 1094 1774 1165 imaginis
1800 1094 1892 1150 Dei
1925 1095 2062 1150 invi-

502 1196 521 1229 ι
562 1178 734 1236 sibilis
787 1183 1052 1251 Asterius,
1105 1196 1165 1239 ut
1220 1185 1546 1241 conﬁrmare
1573 1187 1764 1255 possit,
1805 1186 1970 1242 Deum
2027 1202 2058 1242 a

500 1290 520 1321 ι
558 1269 735 1327 Verbo
782 1290 882 1330 suo
909 1276 963 1331 iu
1000 1285 1206 1331 tantum
1239 1277 1476 1342 differre,
1514 1278 1566 1332 in
1603 1287 1862 1348 quantum
1897 1279 2061 1335 distet

501 1381 520 1412 ι
558 1363 625 1416 ab
651 1364 885 1435 imagine
910 1383 1006 1422 sua
1037 1368 1262 1436 quilibet
1287 1370 1468 1425 homo.
1503 1388 1521 1421 ι
1562 1370 1741 1436 Hisce,
1770 1382 2056 1440 postquam

496 1454 752 1509 nonnulla
780 1457 1212 1528 interposuisset,
1245 1461 1426 1516 addit:
1462 1482 1481 1513 ι
1523 1460 1754 1518 Omnino
1776 1463 1941 1533 igitur
1962 1479 2059 1533 pa-

499 1566 517 1596 ι
560 1556 653 1612 tet,
682 1546 943 1617 Verbum,
965 1567 1087 1606 cum
1112 1552 1289 1608 adhuc
1312 1568 1531 1609 carnem
1555 1553 1658 1609 sibi
1686 1564 1925 1610 nostram
1950 1571 2054 1610 non

498 1658 516 1686 ε
546 1638 900 1709 aduuaverat,
929 1643 1075 1698 nullo
1106 1646 1286 1707 modo,
1320 1660 1417 1714 per
1440 1661 1520 1711 se,
1572 1646 1858 1717 imaginem
1886 1648 2055 1701 exsti—

406 1798 409 1805 _
498 1749 515 1776 ι
557 1728 687 1783 tisse
743 1732 1032 1788 invisibilis
1062 1732 1179 1788 Dei.
1238 1734 1344 1788 Par
1369 1747 1454 1789 est
1480 1735 1703 1803 etenim,
1751 1735 1929 1807 imago
1977 1738 2052 1792 uti

499 1837 517 1868 ι
556 1819 728 1875 oculis
748 1832 1096 1891 cernatur,ut
1120 1839 1215 1893 per
1242 1825 1551 1896 imaginem,
1576 1827 1626 1881 id
1653 1828 1794 1895 quod
1817 1835 1927 1882 tum
1949 1843 2052 1882 non

2169 651 2188 683 ι
2227 633 2508 703 ἄνθρωπος
2555 633 2653 704 τῆς
2692 632 2887 687 ἑαυτοῦ
2937 632 3140 696 εἰκόνος
3177 631 3453 702 διαφέρειν
3487 631 3653 685 δοκεῖ.
3701 650 3721 685 ι

2162 724 2272 778 Kal
2302 722 2499 795 μεταξύ
2525 742 2647 778 τινα
2668 724 2858 791 εἰπὼν,
2881 724 3153 795 ἐπιφέρει·
3190 743 3208 776 ι
3236 723 3446 777 Οὐκοῦν
3468 722 3727 796 πρόδηλον

2166 834 2185 865 ι
2221 817 2301 869 ὅτι
2331 816 2438 889 πρὸ
2474 817 2575 888 τῆς
2604 816 2696 870 τοῦ
2726 816 2993 889 ἡμετέρου
3039 813 3288 886 σώματος
3323 814 3659 886 ἀναλήψεως,
3696 816 3729 868 6

2164 927 2184 960 ι
2222 909 2411 977 Λόγος,
2434 908 2553 963 καθ’
2571 910 2781 974 ἑαυτὸν,
2806 910 2906 962 οὐκ
2924 904 2992 980 ἦν
3015 907 3175 961 εἰκὼν
3202 905 3296 960 τοῦ
3316 906 3544 977 ἀοράτου
3564 905 3724 959 Θεοῦ·

2164 1020 2183 1051 ι
2215 1000 2311 1071 τὴν
2363 999 2471 1071 γάρ
2515 1001 2698 1055 εἰκόνα
2743 1001 2972 1073 ὁρᾶσθαι
3020 1000 3308 1071 προσήκει,
3358 999 3444 1051 ἵνα
3491 997 3578 1052 διὸ.
3624 998 3726 1069 τῆς

2165 1109 2183 1142 ι
2220 1092 2424 1156 εἰκόνος
2470 1093 2530 1146 τὸ
2571 1093 2705 1157 τέως
2745 1093 2819 1164 μὴ
2847 1091 3121 1163 ὁρώμενον
3159 1089 3387 1163 ὁρᾶσθαι
3417 1089 3656 1161 δύνηται.
3702 1107 3721 1140 ι

2158 1184 2267 1238 Kal
2298 1182 2559 1252 ἐπιλέγειο
2608 1201 2627 1234 ι
2660 1182 2784 1246 Πῶς
2820 1177 2913 1237 οὖν
2947 1183 3133 1235 εἰκόνα
3176 1178 3272 1235 τοῦ
3317 1177 3549 1249 ἀοράτου
3587 1175 3727 1229 Θεοῦ

2163 1295 2182 1329 ι
2220 1277 2309 1329 τὸν
2339 1275 2431 1329 τοῦ
2458 1275 2593 1329 Θεοῦ
2627 1275 2798 1344 Λόγον
2841 1273 3118 1345 Ἀστέριος
3145 1267 3284 1327 εἶναι
3311 1272 3621 1342 γέγραφεν;
3655 1271 3724 1323 Δί

2163 1387 2181 1419 ι
2216 1366 2325 1439 γάρ
2352 1367 2556 1430 εἰκόνες
2587 1365 2789 1420 τούτων
2814 1358 2889 1420 ὧν
2918 1368 3055 1419 εἰσιν
3088 1366 3313 1428 εἰκόνες,
3350 1365 3445 1416 καί
3475 1362 3724 1416 ἀπόντων

2163 1481 2181 1514 ι
2218 1460 2479 1514 δεικτικαί
2521 1461 2688 1513 εἰσιν·
2733 1458 2873 1511 ὥστε
2921 1458 3016 1511 καὶ
3061 1456 3152 1510 τὸν
3196 1454 3401 1510 ἀπόντα
3438 1453 3505 1507 δι’
3543 1453 3724 1508 αὐτῶν

2161 1572 2181 1607 ι
2219 1552 2498 1624 φαίνεσθαι
2519 1552 2715 1607 δοκεῖν.
2742 1551 2804 1604 Εἰ
2824 1550 2881 1603 δὲ
2906 1549 2997 1603 τοῦ
3020 1548 3155 1602 Θεοῦ
3181 1547 3272 1601 τοῦ
3296 1547 3527 1618 ἀοράτου
3550 1545 3719 1611 δντος,

2160 1665 2178 1697 ι
2212 1647 2439 1718 ἀόρατον
2470 1639 2607 1697 εῖναι
2638 1642 2846 1697 καὶτὸν
2876 1640 3048 1709 Λόγον
3079 1639 3385 1721 συμϐαίνει,
3412 1638 3532 1715 ⁸ιξῶς
3560 1637 3729 1693 εἰκὼν

2158 1753 2178 1786 ι
2214 1734 2308 1788 τοῦ
2346 1733 2575 1804 ἀοράτου
2603 1730 2738 1786 Θεοῦ
2765 1726 2793 1785 6
2821 1730 2991 1799 Λόγος
3019 1729 3139 1784 καθ’
3178 1729 3366 1783 ἑαυτὸν
3395 1723 3533 1781 εἷναι
3559 1727 3723 1781 δύναε

2159 1846 2177 1877 ι
2212 1844 2322 1890 ται,
2365 1827 2458 1879 καὶ
2496 1823 2658 1889 αὐτὸς
2699 1822 2928 1895 ἀόρατος
2967 1820 3069 1889 ὥν;
3118 1841 3136 1874 ι
3180 1822 3289 1876 Kal
3331 1820 3535 1893 προῖὼν
3565 1817 3725 1887 αὖθις

498 1926 516 1959 ι
555 1921 846 1979 usurpatur
865 1914 1056 1980 oculis,
1108 1915 1278 1970 videri
1312 1885 1487 1971 tavmen
1531 1917 1724 1985 possit.
1752 1936 1774 1970 ι
1798 1919 2044 1989 Adiungit

2154 1885 2397 1993 λοιδορεῖ,
2433 1919 2605 1989 λέγων
2637 1885 2806 1973 ὀιταὲο
2856 1936 2876 1970 ι
2909 1885 3170 1980 -Πῶςγοῦν
3213 1917 3264 1969 οἱ
3311 1885 3540 1988 πλήρεις
3566 1885 3717 1970 δόλου

488 2013 670 2055 autem
698 2001 786 2073 [R.
818 2003 1074 2070 LXXXII,
1102 2007 1172 2061 cf.
1206 2022 1258 2075 p.
1287 2007 1357 2062 35
1389 2009 1446 2075 D,
1474 2009 1542 2061 47
1572 2007 1642 2081 Α]
1674 2028 1687 2063 :
1724 2028 1742 2059 ι
1777 2010 2053 2076 Quomodo

494 2109 512 2139 ι
552 2091 715 2157 igitur
740 2095 984 2150 Asterius
1021 2098 1297 2152 scribebat
1340 2097 1573 2154 Verbum
1626 2099 1719 2154 Dei
1771 2115 1891 2154 esse
1921 2100 2053 2155 ima-

493 2197 512 2230 ι
549 2181 727 2250 ginem
760 2184 1047 2241 invisibilis
1096 2186 1240 2242 Dei?
1292 2188 1493 2244 Eorum
1520 2191 1690 2255 enim,
1730 2200 1787 2245 et
1834 2191 2051 2261 quidem

490 2290 510 2322 ι
548 2275 788 2328 omnium
813 2279 1130 2341 universim,
1150 2280 1412 2349 imagines
1431 2285 1718 2338 ostensivm
1746 2292 1890 2349 sunt,
1920 2299 2052 2354 quo-

491 2380 510 2412 ι
550 2378 666 2418 rum
696 2379 815 2421 esse
846 2368 1109 2439 imagines
1141 2370 1512 2441 intelliguntur
1538 2394 1551 2429 :
1608 2374 1742 2429 adeo
1773 2384 1833 2428 ut
1867 2390 1962 2445 per
1987 2375 2050 2429 il-

488 2473 506 2504 ι
544 2452 644 2516 las,
682 2456 729 2510 is
758 2459 848 2526 qui
874 2469 958 2513 est
987 2463 1203 2529 absens,
1226 2465 1494 2519 videatur.
1521 2464 1675 2533 Quod
1697 2466 1739 2520 si
1769 2480 1899 2521 vero
1930 2465 2045 2533 Dei,

488 2564 507 2594 ι
543 2545 634 2614 qui
670 2546 830 2609 plane
863 2549 1148 2605 invisibilis
1178 2561 1281 2618 est,
1313 2551 1550 2608 Verbum
1574 2569 1791 2625 quoque
1813 2569 1934 2610 esse
1961 2556 2048 2609 itt-

486 2652 505 2686 ι
543 2634 754 2691 visibile
793 2641 1076 2709 contingit,
1107 2656 1217 2711 quo
1262 2654 1419 2713 pacto
1448 2652 1626 2713 potest
1655 2658 1776 2700 esse
1812 2646 2046 2702 Verbum

484 2744 503 2777 ι
550 2741 646 2794 per
673 2742 733 2782 se
785 2729 963 2798 imago
995 2732 1091 2786 Dei
1117 2733 1423 2801 invisibilis,
1448 2750 1571 2789 cum
1595 2745 1652 2792 et
1672 2737 1844 2806 ipsum
1863 2738 1933 2792 sit
1960 2738 2044 2792 in-

485 2832 505 2865 t
542 2815 799 2871 visibile?
837 2836 856 2870 ι
895 2817 1079 2888 Pergit
1140 2822 1193 2875 in
1246 2824 1598 2891 sequentibus
1652 2825 1829 2879 denuo
1857 2828 2047 2879 convi-

478 2906 612 2960 ciari
650 2907 745 2977 [IL
790 2907 1022 2983 XXIV]:
1057 2930 1076 2964 t
1116 2912 1268 2968 Unde
1299 2914 1465 2984 igitur
1493 2915 1615 2971 dolo
1650 2915 1833 2985 repleti
1869 2926 1925 2970 et
1951 2931 2044 2968 va-

483 3016 502 3049 ι
542 2996 708 3064 l'ritie,
744 3009 807 3055 ut
830 3016 951 3055 cum
986 3004 1247 3073 Apostolo
1266 3005 1313 3038 “
1343 3005 1557 3075 loquar,
1582 3007 1790 3061 dictum
1815 3006 2045 3061 transfe-

479 3105 501 3137 ι
541 3098 670 3141 runt
694 3091 761 3143 ad
788 3090 957 3160 ipsius
981 3093 1168 3158 Verbi,
1191 3105 1251 3149 ut
1275 3104 1486 3162 rentur,
1518 3096 1748 3166 primam
1777 3096 2044 3154 conditio-

2160 2032 2179 2067 ι
2211 2014 2301 2068 καὶ
2332 2013 2698 2085 ῥᾳδιουργίας,
2727 2010 3096 2075 ἀποστολικῶς
3123 2010 3234 2082 (14)
3254 2012 3449 2070 εἰπεῖν,
3486 2010 3714 2081 μεταφέ-

2159 2127 2178 2160 ι
2217 2124 2367 2181 ρουσι
2400 2106 2459 2160 τὸ
2490 2105 2655 2179 ῥητὸν
2681 2108 2761 2169 είς
2784 2105 2883 2177 τὴν
2909 2107 3133 2177 πρώτην
3157 2102 3343 2167 αὐτοῦ,
3391 2102 3467 2166 ὡς
3490 2101 3703 2170 οἴονται,

2157 2218 2177 2254 t
2214 2201 2389 2255 κτίσιν
2442 2197 2577 2270 (15),
2607 2198 2700 2253 καί
2743 2198 2917 2251 ταῦτα
2962 2197 3055 2251 τοῦ
3093 2194 3256 2249 Δαυῖδ
3308 2195 3568 2268 (16)περὶ
3608 2194 3703 2266 τῆς

2155 2312 2176 2347 ι
2211 2294 2350 2348 κατὰ
2378 2293 2553 2365 σάρκα
2584 2289 2748 2345 αὐτοῦ
2787 2291 3092 2362 γεννήσεως
3123 2287 3308 2359 σαφῶς
3334 2287 3651 2358 εἰρηκότος;
3681 2306 3704 2339 ι

2148 2382 2259 2434 Kal
2301 2380 2501 2452 μεταξὺ
2546 2377 2750 2433 τούτων
2788 2378 2997 2450 μακρὸν
3043 2378 3366 2441 κατατείνας
3397 2377 3553 2446 λόγον
3594 2378 3712 2430 επι-

2149 2470 2303 2547 φέρει
2322 2488 2335 2503 ’
2383 2490 2401 2521 ι
2433 2469 2497 2524 Τί
2522 2464 2614 2524 οῦν
2644 2470 2778 2542 πρὸς
2807 2469 2980 2523 ταῦτα
3006 2469 3178 2536 λέξει;
3208 2470 3269 2522 οὐ
3303 2469 3412 2540 γὰρ
3440 2462 3592 2540 οἶμαι
3622 2468 3719 2521 αὐ-

2153 2575 2175 2609 ι
2209 2558 2301 2613 τὸν
2337 2558 2478 2630 ἔχειν
2503 2577 2556 2611 τι
2585 2559 2714 2630 περὶ
2741 2558 2932 2611 τούτου
2959 2558 3158 2626 λέγειν.
3185 2557 3350 2611 Οὐδὲν
3388 2558 3498 2631 γάρ
3531 2558 3721 2628 σαφῶς

2153 2669 2172 2702 ι
2205 2650 2366 2704 αὐτὸν
2394 2651 2489 2702 καὶ
2515 2649 2997 2720 ἀπαρακαλύπτως
3026 2647 3288 2718 ἠγοῦμαι,
3318 2648 3410 2699 καὶ
3434 2648 3571 2717 πρὸς
3601 2648 3723 2701 ἑτέ-

2153 2760 2171 2791 ι
2215 2758 2339 2813 ρους
2370 2740 2699 2811 ὁμολογῆσαι
2726 2739 2792 2793 ἂν
2823 2740 2959 2809 ὅπερ
3002 2738 3162 2802 αὐτὸς
3187 2741 3244 2792 ὲν
3264 2740 3331 2809 τῇ
3360 2738 3554 2791 ἑαυτοῦ
3580 2738 3724 2810 κρύ-

2151 2849 2171 2882 ι
2207 2849 2330 2885 πτει
2354 2831 2581 2903 διανοίᾳο
2607 2832 2686 2895 ὡς
2713 2831 2828 2885 ἔστι
2859 2830 3045 2901 σαφῶς
3073 2831 3164 2901 ἀφ’
3190 2823 3264 2883 ὧν
3291 2830 3559 2901 γέγραφε,
3589 2846 3727 2900 μαν-

2152 2941 2171 2974 ι
2207 2921 2407 2977 θάνειν.
2446 2923 2641 2987 ’Λλλος
2680 2923 2775 2993 μὲν
2816 2922 2944 2993 γὰρ,
2998 2923 3181 2994 φησὶν,
3215 2919 3359 2975 ἔστιν
3398 2923 3427 2974 6
3456 2920 3648 2993 Πατὴρ
3692 2923 3726 2975 6

2153 3033 2172 3066 ι
2205 3016 2470 3085 γεννήσας
2495 3015 2563 3080 ἐξ
2581 3014 2744 3083 αὐτοῦ
2778 3015 2868 3069 τὸν
2902 3016 3164 3087 μονογενῆ
3187 3014 3359 3084 Λόγον
3385 3014 3480 3067 καὶ
3506 3005 3723 3084 πρωτό-

2151 3123 2171 3155 ι
2207 3120 2363 3157 τοκον
2404 3105 2622 3176 ἀπάσης
2662 3104 2912 3169 κτίσεως,
2963 3104 3120 3176 μόνος
3164 3104 3343 3175 μόνον,
3385 3101 3588 3165 τέλειος
3626 3102 3717 3155 τέ-

481 3196 501 3231 t
541 3194 685 3246 nem,
713 3195 834 3237 cum
871 3185 938 3240 de
962 3187 1313 3255 generatione
1343 3187 1455 3254 illa,
1491 3202 1611 3257 quae
1631 3198 1714 3243 est
1746 3189 2040 3243 secundum

2154 3216 2174 3248 ι
2212 3196 2372 3261 λειον,
2402 3194 2651 3266 βασιλεὺς
2673 3195 2919 3266 βασιλέα,
2941 3195 3143 3267 Κύριος
3158 3193 3384 3265 Κύριον,
3407 3190 3541 3257 Θεὸς
3563 3191 3713 3253 Θεὸν,

481 3288 499 3322 ι
532 3286 774 3337 carnem,
801 3274 987 3343 David,
1013 3277 1090 3331 uti
1114 3286 1346 3343 constat,
1371 3279 1500 3334 illud
1523 3281 1799 3349 usurparit
1823 3282 1847 3334 ἲ
1869 3281 2042 3336 ιιοιι-

474 3379 598 3434 gum
623 3366 876 3437 deinceps
895 3369 1229 3426 intertexens
1251 3387 1555 3428 sermonem
1579 3376 1656 3427 ait
1673 3372 1763 3445 [ίὶ.
1790 3372 2036 3448 LXXV]:

482 3473 504 3507 ι
542 3455 681 3523 Quid
716 3458 784 3512 ad
810 3459 912 3515 ista
943 3462 1106 3531 igitur
1144 3464 1390 3519 dicturus
1419 3465 1546 3520 est?
1591 3464 1749 3520 Certe
1782 3465 2035 3533 arbitror,

480 3566 504 3602 ι
535 3549 668 3604 nibil
698 3550 898 3608 habere
920 3553 1072 3609 illum
1105 3554 1250 3625 quod
1277 3557 1620 3627 respondeat.
1668 3555 1852 3626 Neque
1874 3556 2038 3612 credo

479 3657 500 3691 ι
535 3639 588 3693 in
619 3651 804 3712 aperta
834 3643 1179 3702 confessione
1206 3661 1391 3701 coram
1409 3646 1532 3705 aliis
1556 3647 1708 3702 illum
1734 3647 2037 3718 positurum

478 3753 500 3789 ι
526 3751 646 3807 qua:
668 3742 830 3795 tacita
859 3741 1001 3811 apud
1031 3757 1091 3798 se
1119 3742 1259 3798 celat
1287 3742 1621 3813 cogitatione
1652 3760 1665 3796 :
1703 3742 1758 3796 id
1789 3743 1932 3811 quod
1958 3746 2038 3796 vi-

476 3845 498 3880 t
541 3830 670 3886 dere
697 3833 872 3887 cuivis
894 3834 1021 3889 licet
1057 3850 1123 3890 ex
1153 3835 1221 3891 iis
1244 3850 1365 3905 qua:
1394 3836 1630 3906 scripsit.
1676 3834 1903 3903 Scripsit
1937 3849 2039 3887 au-

475 3939 497 3973 t
531 3930 637 3976 tem
669 3943 684 3980 :
738 3925 888 3981 Alius
931 3935 1017 3982 est
1047 3926 1208 3982 Pater
1251 3929 1341 3997 qui
1378 3928 1543 4000 gignit
1594 3944 1662 3984 ex
1686 3943 1746 3982 se
1799 3926 2038 3982 Verbum

474 4031 495 4065 ι
530 4016 889 4086 unigenitum,
923 4029 978 4074 et
1030 4020 1208 4074 omnis
1263 4030 1529 4075 creatura:
1578 4019 1994 4090 primogenitum
2019 4057 2035 4084 ,

474 4125 497 4157 ι
540 4107 692 4162 solus
746 4110 943 4177 solum,
980 4112 1255 4181 perlectus
1293 4112 1626 4183 perlectum,
1676 4127 1772 4168 rex
1819 4125 2036 4181 regem,

470 4214 497 4249 4
540 4199 801 4256 Dominus
856 4200 1167 4268 Dominum,
1216 4205 1358 4259 Deus
1415 4204 1634 4257 Deum:
1694 4193 2049 4268 substantiae;

474 4306 495 4340 ι
537 4291 772 4358 consilii,
795 4294 1003 4362 gloria},
1030 4297 1286 4364 potentia:
1316 4295 1604 4365 imaginem
1639 4292 2033 4349 invariabilem.

478 4397 499 4433 ι
526 4379 655 4451 Qua:
685 4383 900 4451 quidem
947 4387 1019 4440 ita
1066 4387 1135 4440 ab
1170 4386 1262 4442 illo
1301 4386 1500 4456 posita,
1551 4382 1841 4439 manifeste
1876 4396 2037 4437 coar—

545 4592 604 4651 >I4
638 4585 736 4641 Ed.
766 4586 965 4651 Paris.,
1002 4602 1126 4658 pag.
1164 4587 1254 4645 24.
1544 4587 1591 4620 ⁸⁸
1622 4588 1783 4643 Rom.
1821 4603 1862 4651 ι,
1890 4583 1984 4643 29.

2151 3307 2172 3341 ε
2208 3287 2394 3351 οὐσίας
2411 3288 2571 3341 τεκαὶ
2595 3287 2807 3358 βουλῆς,
2824 3287 2917 3341 καί
2937 3286 3114 3357 δόξης,
3130 3286 3224 3340 καὶ
3245 3283 3530 3357 δυνάμεως
3546 3285 3713 3355 ἀπαρ-

2151 3396 2171 3431 ι
2208 3379 2469 3433 άλλακτον
2495 3377 2698 3433 εἰκόνα.
2718 3377 2904 3433 Ταῦτα
2918 3377 2986 3431 τά
3011 3377 3150 3448 ρητά
3181 3379 3372 3448 σαφῶς
3389 3377 3489 3448 τὴν
3506 3375 3709 3446 φαύλην

2150 3487 2170 3522 ι
2205 3468 2370 3523 αὑτοῦ
2386 3469 2514 3541 περὶ
2539 3468 2790 3540 θεότητος
2817 3467 3032 3539 ἐλέγχει
3061 3466 3240 3535 δόξαν.
3265 3467 3391 3530 Πῶς
3426 3466 3532 3539 γὰρ
3554 3466 3581 3518 6
3598 3464 3707 3518 Κύ-

2150 3576 2169 3609 ι
2209 3575 2322 3630 ριος
2340 3555 2620 3629 γεννηθεὶς
2653 3558 2749 3612 καὶ
2784 3556 2939 3621 Θεὸς,
2968 3556 3044 3621 ὼς
3076 3556 3240 3620 αὐτὸς
3270 3554 3549 3628 προλαϐὼν
3573 3552 3698 3621 ἔφην

2148 3666 2169 3699 ι
2205 3646 2427 3704 δύναται
2451 3646 2616 3701 εἰκὼν
2637 3646 2770 3701 Θεοῦ
2792 3644 2962 3714 elvat;
2998 3647 3222 3719 Ἕτερον
3242 3646 3348 3717 γὰρ
3365 3644 3523 3698 εἰκὼν
3544 3639 3700 3707 Θεοῦ,

2149 3755 2170 3789 ι
2204 3739 2298 3792 καὶ
2325 3737 2513 3810 ἕτερον
2533 3740 2564 3792 6
2584 3738 2736 3802 Θεὸς.
2768 3739 2930 3817 Ὥστε
2956 3739 3005 3791 εἰ
3034 3738 3132 3808 μὲν
3169 3735 3350 3801 εἰκὼν,
3385 3735 3445 3789 οὐ
3475 3731 3709 3804 Κύριος,

2146 3848 2166 3881 ι
2198 3830 2320 3884 οὐδὲ
2345 3830 2498 3895 Θεὸς,
2518 3829 2633 3885 ἀλλ’
2658 3828 2824 3884 εἰκὼν
2851 3828 3058 3901 Κυρίου
3089 3830 3185 3883 καὶ
3209 3826 3363 3882 Θεοῦ·
3407 3828 3455 3879 εἰ
3499 3826 3555 3879 δὲ
3597 3823 3712 3877 Κύ-

2148 3938 2168 3974 ι
2211 3939 2326 3995 ριος
2348 3922 2518 3986 ὅντως
2564 3923 2659 3976 καὶ
2700 3920 2832 3985 Θεὸς
2846 3962 2861 3987 ,
2888 3921 3070 3975 οὐκέτι
3093 3919 3144 3992 [6
3164 3919 3369 3992 Κύριος
3392 3916 3487 3971 καὶ
3508 3918 3537 3969 ὁ
3556 3913 3721 3985 Θεὸς]

2148 4032 2169 4067 ι
2199 4014 2360 4068 εἰκὼν
2377 4015 2580 4087 Κυρίου
2595 4015 2690 4069 καὶ
2699 4013 2833 4068 Θεοῦ
2846 4009 2984 4067 εἰναι
2993 4013 3232 4068 δύναται.
3247 4032 3266 4065 ι
3277 4012 3386 4066 Kal
3399 4008 3571 4064 ταῦτα
3588 4007 3723 4076 σφόα-Δ

2141 4107 2242 4179 δρα
2256 4106 2537 4161 ἀϐλεπτῶν
2553 4106 2663 4177 (l7)
2680 4107 3021 4177 εῐρηκεν,οὺκ
3037 4105 3313 4177 ἐννοήσας,
3330 4103 3406 4165 ὼς
3423 4102 3519 4155 καὶ
3542 4102 3571 4153 ὁ
3586 4098 3712 4162 Υίδς

2139 4199 2360 4254 δύναται
2394 4198 2635 4270 ἔμψυχός
2674 4217 2804 4253 ποτε
2850 4197 3013 4252 είκὼν
3049 4196 3143 4250 τοῦ
3191 4196 3322 4249 ἰδίου
3364 4193 3576 4264 [ἰατρὸς
3625 4189 3715 4242 λε-

2142 4291 2354 4364 χθῆναι,
2385 4290 2604 4345 ἐπειδὰν
2691 4290 2771 4362 τῷ
2808 4291 2982 4361 Πατρί
3014 4289 3346 4362 ὁμοιότατος.
3384 4284 3556 4341 Τοῦτο
3583 4280 3725 4352 γοῦν

2142 4383 2238 4436 καὶ
2271 4386 2304 4454 ή
2333 4382 2523 4455 Γραφὴ
2558 4382 2801 4437 διδάσκει
2834 4383 2868 4453 ή
2896 4380 3128 4451 λέγουσα
3147 4398 3162 4412 ο
3197 4377 3409 4448 Ἕζησε
3435 4376 3505 4430 δὲ
3544 4372 3719 4443 Ἀδὰμ

538 4791 653 4863 (ll)
707 4794 1138 4863 Ἀποστολικῶς
1175 4796 1387 4852 εἰπεῖν.
1436 4797 1512 4851 Ita
1552 4797 1695 4852 enim
1749 4795 2042 4863 alloquitur

2151 4801 2315 4863 pturte
2346 4806 2450 4844 non
2481 4787 2737 4863 apposuit
2772 4786 3157 4863 testimonium,
3191 4799 3290 4863 nec
3320 4781 3448 4863 eius
3472 4775 3716 4863 applicas

469 4860 683 4931 magum
715 4864 959 4934 Elymam
993 4860 1179 4922 beatus
1208 4868 1425 4936 Paulus,
1454 4869 1573 4923 Act.
1604 4883 1721 4932 xm,
1752 4860 1945 4935 10,“.
1966 4860 2037 4920 Μ.

540 4997 651 5069 (l5)
692 4997 938 5068 Πρώτην
953 5000 1139 5055 αὐτοῦ
1166 5002 1386 5055 κτίσιν.
1423 5000 1869 5066 θεὶιειιειιηιιίαιε
1898 5001 2007 5069 πρά

540 5019 651 5069 μοι
692 5019 938 5068 ιιρωτην
953 5019 1139 5055 αυτου
1166 5019 1386 5055 κτίσιν.
1423 5019 1869 5066 uettatem;mcta
1898 5019 1939 5054 π

465 5086 531 5142 τη
564 5071 741 5133 κτίσις
795 5086 882 5123 res
920 5082 1043 5125 ectu
1096 5073 1509 5126 incarnationis.
1550 5070 1679 5124 Nam
1718 5072 1904 5124 Ariani

465 5140 597 5192 liunt
647 5087 1012 5193 nrmdicagant
1041 5153 1369 5193 creaturam.
1404 5134 1699 5193 secundum
1741 5142 2031 5193 deitatmu:

465 5134 597 5192 lium
647 5134 1012 5210 prmdicabant
1041 5153 1369 5206 creaturam,
1404 5134 1699 5195 secundum
1741 5142 2031 5208 deitatmu;

467 5210 532 5292 ad
566 5213 814 5335 eumhtllem
843 5213 1060 5267 modum
1087 5213 1223 5268 dixit
1249 5211 1606 5283 ἀναγέννησιν
1627 5252 1643 5279 ,
1667 5225 1909 5283 respectu
1936 5213 2034 5283 τῆς

467 5297 634 5333 κατω.
729 5323 743 5335 .

465 5297 634 5333 κατω.
671 5297 743 5337 Μ.

535 5420 647 5490 (16)
687 5419 796 5474 Καί
841 5420 1021 5475 τοῦτο
1062 5421 1168 5475 τοῦ
1226 5420 1428 5476 Δαυΐδ.
1465 5419 1654 5489 Τοῦτο,
1709 5421 2039 5488 Quodnam?

466 5489 749 5544 Ubinam?
800 5490 942 5545 Nilnl
978 5493 1122 5546 enim
1172 5491 1255 5545 hic
1286 5492 1509 5546 citatum
1552 5492 1778 5560 legimus
1808 5508 1838 5545 e
1877 5491 2028 5545 Psal-

467 5564 588 5614 mis.
622 5562 752 5612 lllud
785 5563 952 5620 enim.
991 5560 1175 5631 Imago
1222 5561 1521 5626 invisibiles,
1549 5565 1616 5614 ab
1644 5563 1899 5631 Apostolo
1924 5574 2028 5626 est,

465 5631 604 5696 apud
635 5647 755 5684 eum
776 5631 973 5696 legitur
992 5631 1252 5693 CUIOSSJ,
1275 5632 1360 5686 15.
1383 5631 1555 5685 Credo
1587 5631 1714 5686 illud
1741 5634 2026 5694 insinuari,

465 5716 498 5771 ε
512 5699 659 5771 γρειιί,
690 5716 800 5765 eux,
823 5699 898 5754 De
918 5712 1065 5755 utero
1086 5711 1207 5756 (mle
1222 5701 1523 5771 Luciferum
1546 5703 1696 5771 genui
1724 5714 1790 5758 te.
1809 5702 1916 5757 Sed
1946 5703 2027 5757 vel

466 5767 849 5848 nbt'iutfttrt'llpli
880 5781 1026 5834 sunt,
1053 5771 1130 5843 vel
1154 5767 1439 5848 admodum
1461 5767 2029 5848 negligenter._secure

466 5851 522 5892 et
569 5839 844 5904 dissolute,
880 5840 1123 5896 versatus
1168 5842 1255 5897 ltic
1291 5858 1371 5896 est
1405 5839 1664 5915 tanseibius
1694 5859 1707 5895 :
1739 5843 1832 5913 qui
1882 5843 2025 5897 Scri-

2150 4845 2372 4919 tinttettt,
2425 4862 2492 4915 ad
2527 4845 2922 4929 qttodrrel'erri_
2965 4845 3156 4929 debeat
3203 4845 3379 4929 illud?
3405 4845 3723 4929 Καί.“τοῦτο

2145 4932 2237 4985 τοῦ
2267 4930 2445 4996 Δαυῒδ,
2476 4920 2605 5002 περὶ
2642 4928 2742 5002 τῇς
2797 4925 2938 5002 κατά
2978 4928 3155 5002 σάρκα
3182 4922 3346 5002 αὐτοῦ
3381 4920 3708 5002 γεννήσεως,

2148 5002 2333 5083 σαφῶς
2358 4989 2656 5083 εἰρηκότος,
2675 4989 3025 5083 hit—Scripsi
3040 4989 3238 5083 +1513;
3255 4989 3710 5083 dein

2145 5060 2490 5144 ρωξαλῦπτὶυξ
2525 5084 2580 5127 et
2605 5060 3010 5144 _atpmt._1taot};
3036 5066 3330 5144 ῥηχίην-ιι
3367 5064 3522 5144 vulgo
3554 5060 3583 5111 6
3613 5076 3713 5144 κυ-

2146 5135 2275 5214 ρίως
2307 5160 2445 5212 γεν..
2474 5135 2616 5214 quod
2650 5135 2763 5214 iam,
2797 5141 2860 5192 R.
2895 5135 3010 5214 cor.
3036 5137 3089 5214 in
3108 5135 3336 5214 ΑΚῦριος
3367 5136 3496 5214 (πριίζ
3521 5141 3712 5214 antelo-

2144 5200 2298 5268 i'itate
2318 5200 2594 5279 rescripsi.
2633 5212 2825 5266 Statim
2859 5208 3015 5279 vulgo
3038 5209 3068 5260 6
3102 5200 3237 5269 Θεός
3260 5217 3314 5260 et
3344 5202 3439 5257 καὶ
3458 5201 3586 5264 Θεὸς
3608 5200 3725 5253 οὐκ-

2141 5283 2304 5339 εἰκὼν
2331 5302 2384 5337 κ.

2210 5355 2323 5428 (l7)
2364 5353 2472 5408 Kal
2494 5350 2680 5428 ταῦτα
2698 5349 2933 5420 σφόδρα
2963 5343 3455 5428 ἀϐλείτᾱιν.“11ωο
3493 5340 3712 5428 Eusebii

2137 5415 2369 5489 διιιἰι,ἐι
2411 5424 2692 5478 continent
2742 5415 2993 5490 Superius
3035 5437 3063 5471 ιι
3115 5416 3365 5471 Marcello
3412 5415 3711 5492 positorum

2136 5483 2446 5557 censuram,
2490 5483 2844 5546 orthodoxam
2877 5500 2929 5544 et
2959 5504 3139 5544 veram
3171 5483 3547 5560 qttatettus‘ail
3579 5483 3713 5560 ima-

2139 5569 2338 5630 ginem.
2365 5552 2525 5618 etiam
2561 5565 2858 5617 secundum
2891 5552 3357 5618 tltsitatt-tttJ‘ilius
3385 5555 3466 5609 sui
3503 5552 3709 5607 Patris.

2138 5635 2322 5706 Imago
2346 5636 2489 5706 enim
2521 5633 2737 5702 proprie
2781 5640 2884 5706 est,
2921 5641 2978 5683 ut
3021 5630 3345 5706 loquuntur,
3371 5636 3715 5706 quaeproce:

2136 5707 2214 5760 dit
2244 5695 2308 5759 ait
2344 5695 2752 5758 εἰιιιὶΙὶιίιιίἶιιυιιι
2783 5703 2831 5753 al
2858 5695 3023 5757 crius.
3060 5699 3128 5752 Μ.
3162 5727 3231 5738 ——-
3258 5695 3396 5749 Dein
3422 5695 3580 5761 vulgo
3610 5695 3711 5761 τοῦ

2137 5785 2263 5828 ante
2292 5773 2420 5828 ἰδίου
2447 5775 2613 5844 deest.
2646 5772 2788 5844 intra
2824 5774 2981 5844 vulgo
3004 5770 3102 5841 τῂν
3134 5766 3315 5821 εἰκόνα
3340 5766 3465 5820 Υίὸν
3492 5759 3586 5817 καὶ
3611 5759 3707 5816 ἐπ.

2135 5856 2186 5901 ct
2214 5843 2550 5914 ἀπαύγασμα
2579 5842 2754 5913 δόξης.
