4088 6404
371 436 475 496 76ιῖ

1506 437 1782 494 CONTRA
1824 434 2249 493 MARCELLUM
2288 436 2413 493 LIB.
2456 436 2496 491 l.

3504 442 3626 519 766,

370 553 681 623 τριάκοντα
717 550 815 605 καὶ
855 551 1131 608 διακόσια
1166 555 1292 621 ἐτη,
1325 553 1423 606 καὶ
1464 552 1756 622 ἐγέννησε
1796 553 1929 605 κατέ

2055 569 2075 603 ι
2108 561 2279 622 guunt
2309 565 2473 621 quam
2505 550 2724 620 impiam
2758 558 2972 605 tueatur
3001 552 3048 607 is
3088 552 3373 608 de-deitate
3396 534 3625 623 opinio?

370 645 486 715 τὴν
515 645 678 699 ἰδέαν
713 646 902 700 αὑτοῦ
935 647 1031 700 καὶ
1068 645 1217 701 κατὰ
1250 644 1363 713 τὴν
1382 646 1587 707 εἰκόνα
1614 644 1819 707 αὐτοῦ,
1845 644 1943 698 καὶ

369 737 714 806 ἐπωνόμασε
740 736 807 789 τὸ
824 736 1010 807 ὄνομα
1024 737 1206 791 αὑτοῦ
1222 739 1366 805 Σήθ.
1385 736 1493 789 Καὶ
1507 735 1634 806 περὶ
1651 736 1744 805 τῆς
1762 734 1945 803 Θεότη-

319 854 355 899 <2
371 844 463 891 τος
489 826 543 880 δὲ
572 825 662 878 τοῦ
700 825 829 879 Υίοῦ
871 829 899 879 ό
944 826 1261 890 Ἀπόστολος
1294 825 1551 887 διδάσκει,
1588 823 1792 892 λέγων’
1840 825 1945 887 Ὃς

320 892 437 975 fier
462 916 666 985 μορφῇ
701 917 850 971 Θεοῦ
874 916 1159 987 ὑπάρχων
1188 919 1301 985 οὐχ
1336 913 1648 985 ἁρπαγμόν
1673 912 1943 983 ἡγήσατο

320 1069 329 1076 _
369 1006 432 1059 τὸ
460 1003 611 1059 εἶναι
640 1007 747 1060 ἴσα
780 1006 921 1073 Θεῷ,
956 1008 1094 1062 ἀλλ’
1134 1006 1350 1061 ἑαυτὸν
1372 1005 1663 1059 ὲκένωσε·
1712 1005 1807 1057 καὶ
1841 1004 1944 1057 πά-

316 1169 320 1173 _
363 1099 444 1151 λιν
468 1117 481 1130 ο
523 1102 628 1165 ⁸ος
656 1096 742 1152 ὢν
771 1101 1135 1170 ἀπαύγασμα
1165 1098 1274 1168 τῆς
1305 1099 1488 1166 δόξης
1514 1098 1612 1152 καὶ
1641 1098 1942 1167 χαρακτὴρ

364 1192 473 1260 τῆς
495 1192 912 1260 ὑποστάσεως.
944 1194 1055 1247 Καὶ
1075 1195 1132 1247 ὲν
1155 1194 1242 1247 ἑτέ
1252 1211 1361 1265 ροις
1388 1192 1443 1245 δὲ
1466 1191 1701 1263 εἴρηται·
1738 1191 1943 1249 Ἇπαύ-

363 1302 566 1354 γασμα
592 1285 703 1355 γάρ
727 1287 857 1340 ἐστι
877 1287 1073 1355 φωτὸς
1088 1287 1305 1350 ἀϊδίου,
1335 1286 1433 1340 καὶ
1453 1286 1773 1351 εῑσοπτρον
1797 1283 1941 1349 ἀκη-

360 1375 617 1430 νίίδωτον
655 1376 763 1446 τῆς
800 1378 905 1433 τοῦ
959 1378 1103 1432 Θεοῦ
1139 1379 1458 1447 ἐνεργείας,
1487 1375 1584 1430 καὶ
1612 1374 1787 1429 εἰκὼν
1834 1372 1942 1441 τῆς

362 1469 729 1537 ἀγαθότητος
761 1469 966 1523 αὑτοῦ·
1010 1465 1165 1532 αὖθις
1194 1469 1251 1521 δὲ
1291 1470 1319 1520 ὁ
1360 1466 1704 1530 Ἀπόστολος·
1753 1468 1942 1520 Ἀπεκ-

363 1559 691 1630 δνυσάμενοι
718 1561 824 1615 τόν
848 1560 1109 1616 παλαιὸν
1134 1559 1464 1628 ἄνθρωπον,
1494 1559 1593 1613 καὶ
1618 1556 1937 1626 ἐνδυσάμε-

363 1669 457 1704 νοι
478 1655 583 1705 τὸν
618 1652 778 1717 νέον,
811 1652 918 1707 τὸν
942 1654 1454 1722 ἀνακαινούμενον
1480 1653 1565 1716 εὶς
1590 1650 1935 1718 ἐπίγνωσιν,

361 1744 489 1797 κατ’
517 1746 721 1798 εἰκόνα
749 1745 854 1798 τοῦ
885 1746 1223 1811 κτίσαντος,
1259 1745 1453 1813 λέγων,
1486 1741 1643 1812 δῆλός
1677 1743 1842 1804 ἐστιν,
1874 1741 1935 1793 οὐ

2054 665 2071 697 ι
2111 661 2253 700 nem.
2280 646 2413 699 Nam
2445 645 2536 715 qui
2565 651 2743 715 potest
2782 643 2914 699 illud
2948 643 3088 710 ﬁeri,
3117 653 3177 697 ut
3206 645 3297 713 qui
3346 646 3609 701 Dominus

2051 756 2071 790 ι
2102 750 2156 794 ει
2186 739 2325 795 Deus
2348 746 2510 792 natus
2544 748 2648 801 est,
2678 737 2820 805 quod
2846 746 2961 790 erat
2990 737 3056 790 ab
3088 735 3180 790 illo
3210 737 3264 789 in
3295 739 3607 805 praecedens

2050 851 2070 882 ι
2117 831 2258 886 tibus
2314 831 2573 900 positum,
2628 828 2721 884 Dei
2783 829 2964 897 imago
3008 828 3313 883 diceretur?
3339 828 3495 879 Aliud
3527 837 3610 880 est

2050 936 2069 970 ι
2112 918 2310 986 quippe
2341 919 2478 971 Deus
2511 936 2525 971 :
2557 926 2609 971 ct
2637 917 2813 984 imago
2843 917 2937 969 Dei
2970 916 3135 969 aliud.
3155 916 3293 985 Ergo
3316 917 3405 984 qui
3436 916 3610 983 imago

2050 1028 2068 1063 ι
2098 1019 2181 1063 est
2210 1048 2225 1073 ,
2264 1023 2369 1062 non
2413 1017 2494 1063 est
2525 1009 2570 1062 is
2600 1009 2783 1076 utique
2835 1006 3095 1063 Dominus
3146 1016 3240 1061 aut
3288 1008 3459 1061 Deus:
3518 1009 3610 1060 sed

2049 1120 2069 1155 ι
2115 1101 2326 1155 Domini
2355 1101 2553 1168 imago,
2588 1109 2750 1169 atque
2786 1100 2902 1156 Dei.
2947 1097 3101 1164 Quod
3156 1098 3201 1153 si
3233 1097 3494 1152 Dominus
3526 1112 3612 1149 re—

2048 1213 2067 1246 ι
2108 1209 2233 1247 vera
2269 1193 2336 1247 sit
2363 1205 2418 1248 et
2446 1191 2609 1257 Deus,
2637 1208 2741 1247 non
2767 1200 2945 1261 potest
2967 1204 3090 1245 esse
3118 1191 3295 1260 imago
3322 1189 3412 1244 Dei
3447 1198 3609 1259 atque

2049 1304 2067 1335 ι
2097 1284 2327 1339 Domini.
2368 1303 2387 1336 ι
2423 1283 2545 1339 Ηωε
2578 1283 3126 1339 inconsideratissime
3154 1282 3233 1337 sic
3276 1282 3343 1336 ab
3371 1282 3460 1336 illo
3491 1291 3606 1335 sta-

2042 1387 2296 1431 tuuntur:
2348 1377 2572 1432 minime
2617 1387 2799 1430 autem
2856 1374 3141 1441 intellexit,
3208 1387 3364 1443 posse
3412 1371 3605 1426 Filium

2045 1472 2103 1529 >14
2134 1466 2259 1532 dici,
2290 1467 2465 1521 vivam
2512 1467 2804 1535 imaginem
2846 1464 3028 1520 Patris
3075 1465 3156 1519 sui
3185 1504 3200 1528 ,
3251 1479 3372 1518 cum
3404 1464 3476 1517 sit
3511 1479 3609 1517 suo

2042 1555 2188 1611 Patri
2222 1572 2384 1625 quam
2418 1557 2750 1611 simillimus.
2801 1556 2913 1611 lloc
2951 1569 3005 1611 et
3049 1555 3329 1623 Scriptura
3382 1563 3611 1609 testatur

2042 1649 2289 1718 inquiens
2322 1668 2334 1702 :
2381 1647 2516 1703 Vixit
2564 1661 2738 1703 autem
2772 1650 2938 1702 Adam
2961 1649 3212 1702 ducentos
3240 1663 3406 1699 annos
3441 1658 3487 1699 et
3522 1648 3613 1699 tri-

2038 1742 2202 1811 ginta,
2232 1753 2278 1796 et
2318 1745 2492 1813 genuit
2517 1744 2801 1797 secundum
2834 1742 3114 1811 imaginem
3136 1750 3183 1794 et
3210 1740 3609 1794 similitudine»:

361 1833 458 1903 τὴν
503 1834 679 1905 σάρκα
717 1833 965 1905 εἰρῆσθαι
1004 1833 1267 1888 διδάσκων
1310 1834 1409 1903 τὴν
1444 1832 1626 1885 εἰκόνα
1674 1826 1811 1883 εἶναι
1843 1829 1929 1883 τοῦ

2039 1852 2188 1889 suam
2240 1836 2432 1904 ﬁlium,
2485 1852 2704 1906 eumque
2761 1837 3048 1889 nominavit
3100 1834 3222 1889 Selii
3264 1836 3328 1886 ⁸⁷.
3360 1836 3435 1886 De
3484 1832 3606 1886 Filii

360 1901 516 1978 Θεοῦ.
545 1901 802 1989 Μεταϐάς
826 1901 888 1979 ’δὲ
918 1922 1073 1989 αὖθις
1096 1901 1412 1997 Μάρκελλος
1434 1925 1526 1977 ἐπὶ
1558 1925 1682 1986 τοὺς
1712 1922 1929 1976 ἐπισκό-

2038 1937 2217 1981 autem
2241 1901 2531 1982 divinitate
2558 1901 2846 1997 Apostolus
2882 1928 3061 1992 docet,
3103 1928 3324 1981 dicens:
3359 1925 3460 1989 Qui
3493 1941 3610 1977 cum

359 2033 513 2081 πους,
550 2011 652 2071 ὦδε
691 2017 923 2089 γράφει·
963 2038 982 2070 ι
1053 2018 1182 2073 Ἰδοὺ
1230 2018 1340 2090 γὰρ
1369 2017 1431 2070 τὸ
1475 2016 1617 2071 κατὰ
1663 2016 1935 2086 Ἀστέριον

365 2126 384 2161 ι
425 2110 572 2179 ἡμᾶς
606 2110 717 2180 (18)
757 2111 816 2162 οὐ
847 2109 1099 2163 τοσοῦτον
1137 2110 1317 2172 λυπεῖ,
1352 2110 1400 2161 ει
1429 2106 1653 2161 τοιαῦτα
1686 2103 1932 2177 προήχθη

365 2220 383 2251 ι
422 2199 679 2270 γράφειν,
704 2199 819 2252 ἀλλ’
844 2201 924 2253 ὅτι
950 2200 1043 2252 καί
1072 2217 1215 2263 τινες
1240 2199 1349 2252 τῶν
1375 2198 1702 2270 προεστάναι
1720 2196 1935 2250 δοκούν-

363 2310 382 2342 ‹
422 2308 530 2344 των
548 2292 647 2361 τῆς
682 2290 1030 2360 Ἐκκλησίας,
1048 2291 1146 2360 τῆς
1173 2289 1271 2360 μὲν
1290 2288 1654 2357 ἀποστολικῆς
1681 2287 1933 2340 ἐπιλαθόο

364 2396 385 2431 ι
427 2394 576 2447 μενοι
597 2378 965 2449 παραδόσεως,
998 2378 1064 2432 τὰ
1087 2377 1144 2431 δὲ
1176 2376 1374 2444 ἔξωθεν
1406 2377 1513 2432 τῶν
1552 2377 1710 2431 θείων
1743 2394 1932 2451 προτι-

366 2487 384 2520 ι
430 2469 719 2540 μήσαντες,
746 2469 966 2525 τοιαῦτά
989 2487 1108 2523 τινα
1136 2470 1343 2542 γράψαι
1366 2488 1424 2523 τε
1446 2470 1541 2524 καὶ
1559 2470 1765 2538 διδάξαι
1787 2470 1933 2524 ὲτόλ-

363 2579 383 2612 ι
418 2577 628 2637 ¹μησαν,
680 2560 716 2614 ἃ
767 2561 915 2615 οὐδὲν
958 2561 1176 2615 ἔλαττον
1220 2562 1321 2632 τῆς
1363 2562 1472 2616 τῶν
1518 2563 1932 2634 προειρημένων

360 2672 382 2706 ι
421 2654 602 2725 ἔχεται
629 2655 857 2727 πλάνης.
897 2676 917 2709 ›
951 2657 1059 2710 Καὶ
1100 2657 1217 2727 μεθ’
1246 2658 1409 2729 ἕτερα
1435 2658 1699 2726 ἐπιλέγει·
1738 2677 1756 2711 ‹
1817 2659 1932 2711 Ἐν-

361 2763 380 2798 ι
419 2746 596 2817 τυχὼν
620 2747 729 2819 γάρ
758 2749 1069 2819 Ναρκίσσου
1103 2749 1197 2802 τοῦ
1227 2750 1563 2818 Νερωνιάδος
1592 2750 1931 2822 προεστῶτος

360 2858 379 2890 ι
419 2841 695 2913 ἐπιστολῇ,
720 2842 786 2912 ἢν
809 2842 1051 2913 γέγραφε
1076 2843 1212 2914 πρὸς
1240 2843 1487 2915 Χρηστόν
1517 2843 1629 2915 (19)
1656 2861 1795 2910 τινα,
1837 2845 1930 2898 καὶ

360 2951 379 2984 ι
419 2933 734 3004 Εὐφρόνιον,
761 2934 852 2988 καὶ
880 2933 1156 2999 Εὐσέϐιον,
1183 2935 1260 2999 ὡς
1296 2936 1473 2989 Ὀσίου
1499 2935 1596 2989 τοῦ
1628 2936 1926 2990 ἐπισκόπου

361 3041 381 3074 ι
420 3024 790 3095 ἐρωτήσαντος
821 3025 1004 3091 αὐτὸν,
1032 3027 1104 3091 εί,
1133 3025 1320 3099 ὥσπερ
1349 3026 1606 3091 Εὐσὲὄιος
1629 3028 1658 3080 ό
1684 3028 1784 3099 τῆς
1814 3028 1927 3083 Πα-

361 3135 380 3168 ι
422 3116 699 3188 λαιστίνης
723 3117 815 3171 δύο
843 3118 1031 3182 οὐσίας
1065 3113 1204 3172 εἶναι
1251 3136 1434 3189 φησιν,
1465 3118 1607 3174 οὕτω
1647 3121 1741 3175 καὶ
1765 3121 1927 3185 αὐτὸς

2038 2022 2091 2072 in
2128 2018 2299 2085 forma
2335 2017 2429 2072 Dei
2466 2020 2876 2083 exsisteret,non
2912 2020 3087 2088 utique
3116 2019 3354 2086 rapinam
3385 2017 3613 2069 arbitra-

2039 2117 2121 2161 tus
2154 2117 2226 2162 est
2247 2150 2260 2174 ,
2283 2124 2390 2162 esse
2406 2125 2459 2163 se
2485 2108 2735 2176 azqualem
2767 2106 2876 2162 Deo
2898 2122 2916 2159 :
2944 2108 3033 2161 sed
3067 2108 3397 2172 semetipsum
3431 2106 3614 2159 exina-

2037 2200 2164 2253 nivit
2199 2199 2279 2263 ”⁸;
2312 2210 2366 2254 ει
2402 2199 2594 2253 iterum
2630 2214 2643 2250 :
2671 2198 2802 2252 Cum
2824 2209 2951 2253 esset
2979 2199 3163 2268 gloria:
3186 2199 3606 2266 resplendescen-

2037 2290 2112 2343 tia
2162 2301 2210 2343 et
2238 2291 2525 2355 emanatio,
2554 2302 2603 2346 et
2630 2292 2905 2345 character
2944 2292 3240 2360 Itypostasis
3268 2292 3336 2343 δ’.
3384 2290 3449 2343 Ει
3480 2290 3609 2343 alibi

2034 2381 2233 2436 dicitur
2267 2398 2281 2435 :
2314 2380 2469 2436 Lucis
2505 2384 2694 2436 etenim
2711 2393 2923 2437 (sternte
2954 2393 3026 2436 est
3050 2383 3335 2448 emanatio,
3355 2394 3401 2435 et
3429 2397 3613 2450 specu-

2033 2472 2142 2525 lum
2190 2471 2584 2526 immaculatum
2620 2473 2716 2527 Dei
2748 2474 3085 2541 operationis,
3129 2482 3178 2526 et
3221 2474 3396 2541 imago
3443 2472 3611 2541 ipsius

2032 2565 2280 2620 bonitatis
2306 2568 2395 2633 l"’;
2435 2575 2488 2621 et
2525 2567 2815 2635 Apostolus
2848 2566 3021 2620 adhuc
3054 2584 3068 2619 :
3110 2565 3356 2619 Devestiti
3394 2574 3612 2618 ueterem

2031 2658 2311 2722 hominem,
2343 2668 2391 2713 et
2422 2674 2613 2712 nouum
2638 2658 2810 2711 induti
2839 2660 2929 2725 qui
2961 2668 3247 2711 renovatur
3278 2657 3329 2710 in
3354 2657 3613 2725 cognitio-

2030 2764 2168 2814 nem,
2213 2749 2501 2803 secundum
2533 2750 2812 2819 imaginem
2841 2748 3145 2804 Conditoris
3176 2752 3241 2801 ιί.
3306 2749 3436 2815 Quae
3486 2764 3609 2803 cum
3678 2810 3682 2813 ,

2028 2839 2197 2908 dicat,
2264 2841 2396 2896 satis
2449 2849 2599 2911 patet
2659 2857 2764 2896 non
2829 2842 3062 2897 voluisse
3114 2842 3266 2896 illum
3313 2842 3613 2912 intelligere

2029 2947 2249 2988 carnem
2281 2946 2403 2987 esse
2436 2930 2732 2997 imaginem
2763 2932 2876 2989 Dei.
2911 2932 3204 2987 Transiens
3239 2933 3364 2988 hinc
3393 2932 3613 2988 Marcel-

2028 3022 2114 3077 lus
2134 3023 2201 3076 ad
2223 3022 2513 3092 episcopos
2539 3021 2613 3077 ita
2640 3021 2828 3077 scribit
2868 3021 2963 3094 [Β.
2997 3021 3309 3095 LXXXVII]
3345 3043 3360 3079 :
3403 3043 3421 3074 ι
3471 3023 3611 3078 Ecce

2032 3133 2054 3169 ‹
2091 3131 2242 3180 vero.
2276 3131 2379 3172 non
2413 3129 2522 3171 tam
2569 3116 2768 3171 Asterii
2801 3131 2963 3171 causa
3009 3131 3108 3171 nos
3141 3131 3375 3172 incerare
3423 3115 3606 3177 allicit,

360 3228 379 3261 ι
420 3209 590 3279 λέγοι.
615 3212 826 3278 Ἔγνων
853 3211 1013 3265 αὐτὸν
1034 3211 1143 3282 (‘20)
1162 3211 1270 3266 ἀπὸ
1301 3211 1407 3265 τῶν
1422 3212 1760 3283 γραφέντων,
1780 3216 1927 3284 τρεῖς

2035 3227 2053 3262 ι
2093 3209 2138 3265 si
2193 3210 2322 3265 talia
2361 3209 2559 3264 litteris
2591 3210 2899 3274 mandavit,
2952 3224 3115 3280 quam
3168 3209 3309 3278 quod
3362 3206 3605 3263 nonnulli

360 3321 379 3353 ι
420 3298 558 3356 εἶναι
587 3302 860 3356 πιστεύειν
888 3303 1076 3366 οὐσίας
1118 3304 1564 3375 ἀποκρινόμενον.
1598 3324 1617 3357 ι
1652 3304 1816 3359 Ταῦτ’
1847 3308 1927 3359 εἱ-

358 3393 495 3458 πὼν,
523 3394 633 3447 ἀπὸ
668 3393 759 3447 τοῦ
795 3394 1104 3467 Ναρκίσσου
1132 3396 1224 3448 ἐπὶ
1259 3394 1350 3448 τὸν
1386 3394 1644 3448 Εὐσέϐιον
1677 3396 1929 3465 μεταϐαί-

355 3503 453 3551 νει,
495 3485 836 3558 κατηγορῶν,
872 3486 953 3539 ὅτι
980 3484 1070 3539 τὸν
1099 3486 1270 3555 Λόγον
1301 3484 1397 3539 τοῦ
1430 3484 1564 3539 Θεοῦ
1582 3525 1596 3549 ,
1630 3486 1761 3539 Θεὸν
1790 3483 1927 3541 εἶναι

351 3577 621 3647 ὁμολογεῖ.
672 3578 878 3649 Γράφει
908 3577 967 3631 δὲ
998 3576 1248 3649 καὶπερὶ
1281 3577 1444 3630 αὐτοῦ
1495 3576 1668 3630 ταῦτα
1692 3594 1706 3607 ·
1758 3597 1776 3630 ι
1813 3579 1928 3631 Διε-

358 3689 376 3719 1
417 3666 529 3721 λεῖν
556 3669 668 3740 γὰρ
690 3668 781 3722 τὸν
805 3668 977 3737 Λόγον
1012 3668 1107 3722 τοῦ
1132 3668 1266 3721 Θεοῦ
1295 3668 1589 3740 τολμήσας,
1617 3668 1712 3722 καὶ
1740 3668 1928 3741 ἕτερον

358 3781 377 3814 ι
418 3762 551 3816 Θεὸν
584 3763 675 3816 τὸν
721 3761 892 3831 Λόγον
930 3762 1214 3832 ὀνομάσαι,
1264 3760 1421 3831 οὐσίᾳ
1463 3778 1522 3814 τε
1565 3761 1659 3815 καὶ
1702 3760 1927 3832 δυνάμει

359 3877 381 3907 ι
417 3855 683 3909 διεστῶτα
729 3855 823 3908 τοῦ
855 3855 1098 3926 Πατρὸς,
1133 3855 1211 3917 είς
1258 3855 1387 3925 ὅσην
1436 3852 1785 3926 βλασφημίαν
1833 3856 1926 3908 ὲκ-

360 3968 379 4000 (
418 3948 725 4012 πέπτωκεν,
760 3948 932 4002 ἔνεστι
962 3948 1147 4016 σαφῶς
1174 3948 1267 4001 ἀπ’
1294 3947 1472 4001 αὐτῶν
1500 3948 1607 4001 τῶν
1635 3949 1723 4001 ὑπ’
1766 3948 1926 4003 αὐτοῦ

359 4057 379 4090 ι
420 4039 739 4109 γραφέντων
783 4038 960 4109 ῥητῶν
1010 4039 1206 4110 ῥᾳδίως
1249 4037 1558 4109 μανθάνειν.
1615 4059 1633 4090 ι
1679 4039 1925 4111 Γέγραφε

352 4130 409 4183 δὲ
443 4131 630 4195 αὐταῖς
651 4131 856 4195 λέξεσιν
884 4129 1058 4194 οὕτως
1077 4148 1088 4160 ·
1124 4150 1141 4182 ι
1181 4131 1255 4183 Οὐ
1289 4131 1351 4200 δή
1379 4147 1480 4183 που
1504 4130 1561 4183 δὲ
1588 4132 1620 4201 ἡ
1648 4130 1811 4185 εἰκὼν
1833 4134 1926 4186 καὶ

355 4247 371 4275 ι
413 4225 474 4281 τὸ
509 4219 570 4279 οὗ
622 4226 770 4279 ἐστιν
819 4227 850 4296 ἡ
891 4224 1073 4287 εἰκὼν,
1109 4224 1167 4277 ἒν
1216 4226 1308 4278 καὶ
1351 4224 1547 4278 ταύτὸν
1591 4227 1919 4279 ἐπινοεῖται·

356 4338 374 4368 ι
413 4316 548 4370 ἀλλὰ
575 4317 669 4371 δύο
700 4317 797 4387 μὲν
828 4316 1027 4381 οὐσίαι,
1064 4317 1157 4370 καὶ
1195 4315 1287 4370 δύο
1322 4316 1655 4387 πράγματα,
1696 4318 1791 4370 καὶ
1834 4318 1927 4371 δύο

352 4428 371 4459 ι
411 4406 702 4477 δυνάμεις,
744 4399 819 4461 ὧν
858 4407 952 4459 καὶ
1014 4405 1267 4459 τοσαῦται
1315 4404 1695 4476 προσηγορίαι.
1746 4423 1764 4456 ι
1814 4405 1926 4458 Καὶ

345 4496 520 4551 ταῦτα
580 4496 656 4561 ὡς
717 4496 896 4560 καλῶς
960 4496 1261 4551 διαϐάλλων
1330 4496 1653 4568 προστίθησι
1711 4496 1918 4565 λέγων·

2037 3324 2057 3357 ι
2101 3305 2191 3376 qui
2212 3319 2444 3376 praeesse
2462 3304 2714 3359 videntur
2729 3304 3009 3371 Ecclesiae,
3033 3303 3340 3372 apostolicae
3367 3302 3611 3356 traditio-

2034 3412 2054 3446 ι
2099 3394 2189 3447 nis
2219 3393 2396 3458 obliti,
2428 3403 2485 3448 et
2515 3393 2801 3448 saecularia
2825 3393 3025 3450 divinis
3050 3393 3421 3464 praeferentes,
3457 3392 3607 3462 ejus-

2034 3503 2053 3536 ‹
2093 3486 2301 3539 cemodi
2329 3485 2574 3555 quaedam
2606 3485 2850 3540 scribere
2880 3494 2935 3539 et
2962 3486 3158 3539 docere
3199 3485 3376 3555 palam
3410 3484 3610 3538 fuerint

2035 3594 2054 3627 ι
2100 3577 2241 3640 ausi,
2281 3592 2399 3646 quze
2423 3592 2530 3631 non
2560 3578 2742 3631 minus
2775 3591 2936 3644 quam
2960 3577 3319 3653 praecedentia
3364 3591 3605 3632 errorem

2033 3686 2052 3719 ι
2101 3669 2395 3737 implicant.
2425 3688 2444 3721 ι
2468 3668 2670 3724 Deinde
2690 3669 2967 3740 subiungit
3002 3679 3123 3739 ροει
3148 3668 3401 3723 nonnulla
3428 3668 3605 3723 inter-

2020 3762 2204 3832 jecta:
2244 3762 2451 3817 «Incidi
2489 3761 2780 3829 aliquando
2829 3762 2883 3816 in
2938 3760 3223 3830 epistolam
3269 3777 3298 3815 a
3354 3759 3606 3814 Narcisso

2031 3876 2050 3910 ι
2098 3855 2356 3925 scriptam
2388 3855 2708 3911 Neroniadis
2733 3855 3007 3924 episcopo,
3035 3854 3282 3924 quam-ad
3313 3852 3602 3907 Chrestum

2032 3969 2050 4001 ι
2096 3950 2385 4020 quemdam
2424 3949 2622 4004 direxit
2648 3958 2703 4003 et
2732 3948 3100 4017 Euphronium
3126 3987 3142 4013 ,
3177 3956 3233 4002 et
3279 3945 3603 4009 Eusebium,

2032 4061 2052 4095 ι
2100 4043 2253 4113 quasi
2282 4042 2560 4112 proposita
2592 4042 2693 4111 ipsi
2721 4040 2789 4095 ab
2814 4039 2977 4095 Hosio
3005 4039 3257 4110 episcopo
3287 4034 3605 4104 quaestione,

2032 4154 2050 4188 ι
2100 4144 2280 4205 utrum
2326 4135 2479 4205 ipse,
2532 4133 2694 4189 veluti
2751 4132 3015 4188 Eusebius
3078 4130 3421 4195 Palzestinus,
3474 4129 3607 4184 duas

2033 4245 2051 4277 ι
2098 4227 2430 4282 substantias
2458 4226 2741 4281 fateretur.
2764 4224 2913 4280 Hane
2938 4224 3029 4279 ubi
3059 4223 3315 4294 legeram,
3357 4222 3604 4275 animad-

2032 4336 2051 4370 ι
2100 4318 2241 4373 verti
2310 4328 2364 4373 et
2399 4319 2573 4388 ipsum
2614 4319 2819 4388 scripto
2858 4317 2949 4372 illo
2981 4331 3081 4371 suo
3132 4326 3241 4370 tres
3271 4314 3605 4369 substantias

2031 4428 2052 4461 ι
2095 4410 2316 4466 omnino
2352 4410 2626 4465 conﬁteri.
2654 4429 2672 4461 ι
2714 4409 2839 4464 llaec
2868 4409 2957 4464 ubi
2996 4408 3149 4475 dixit,
3178 4422 3206 4460 a
3236 4406 3491 4462 Narcisso
3537 4406 3604 4459 ad

2028 4500 2316 4557 Eusebium
2370 4501 2720 4566 transcendit,
2766 4514 2996 4569 eumque
3049 4508 3269 4555 accusat
3318 4512 3383 4553 eo
3430 4497 3606 4551 nomi-

353 4608 372 4641 ε
412 4589 537 4653 Πῶς
572 4584 666 4643 οὖν
696 4590 754 4642 οὐ
787 4588 884 4660 τὴν
913 4589 1083 4659 αὐτὴν
1112 4582 1255 4643 οῦτοι
1296 4592 1408 4651 τοῖς
1435 4588 1631 4654 ἔξωθεν
1656 4589 1920 4660 κακίστην

2034 4609 2113 4660 ne,
2174 4593 2315 4663 quod
2356 4592 2588 4649 Verbum
2643 4592 2736 4647 Dei
2796 4593 3118 4663 proﬁteatur
3160 4590 3349 4645 Deum.
3407 4587 3608 4642 Scribit

354 4698 371 4733 ι
411 4677 529 4733 ὁδὸν
576 4678 905 4750 τραπέντας,
943 4679 1013 4732 τὰ
1052 4678 1190 4733 αὐτὰ
1229 4679 1434 4746 διδάξαι
1482 4698 1543 4733 τε
1577 4682 1670 4734 καὶ
1713 4681 1918 4753 γράψαι

416 4822 474 4888 >Ι4
512 4817 612 4888 Ed.
642 4815 846 4888 Paris”
869 4819 1108 4888 pag.25.

418 4876 464 4920 ἦ
495 4887 632 4943 Gen.
685 4902 738 4951 ν,
787 4876 843 4943 5.
869 4876 883 4888 ’
917 4876 967 4919 δῖ
990 4876 1183 4960 Philip.
1226 4906 1290 4957 Il,
1327 4890 1381 4958 6,
1415 4891 1467 4947 7.
1543 4892 1586 4925 ιθ
1618 4892 1847 4963 Hebr-1,
1891 4896 1947 4950 '5-

423 5022 656 5099 (18_)_01‘2
685 5026 980 5081 τοσοῦτον
1029 5024 1432 5099 ήμᾶςίλυπεῐ.
1487 5026 1747 5094 Scilicet,
1798 5030 1925 5099 quia

348 5095 723 5167 erat_laicus,_
750 5111 889 5165 pene
923 5095 1166 5167 paganus
1200 5098 1288 5151 hic
1336 5100 1603 5153 Asterius.
1655 5099 1789 5154 Nam
1818 5095 1929 5155 'ltic

348 5164 938 5238 r_nanil‘este_docetur,
992 5164 1097 5222 non
1156 5168 1328 5223 fuisse
1376 5168 1527 5221 illum
1589 5170 1921 5238 episcopum.

346 5231 615 5308 Porroex
652 5234 735 5308 his
783 5253 902 5304 qua:
945 5249 1271 5308 sequuntur,
1307 5231 1709 5294 manifestarius
1758 5231 1926 5294 ἥξει-ε-

347 5304 487 5359 ticus
513 5304 932 5372 deprehenditur
956 5304 1264 5372 Marcellus,
1295 5310 1337 5362 si
1365 5324 1489 5362 vere
1515 5310 1757 5363 retulerit
1782 5311 1926 5365 illius

343 5374 487 5453 dicta
528 5374 835 5453 scriptaque
864 5378 1141 5453 Eusebius.
1162 5378 1233 5432 M.
1252 5410 1324 5453 —-_-
1346 5378 1478 5453 Dein
1502 5380 1661 5449 vulgo
1690 5381 1924 5453 γράφειν

342 5455 399 5499 ει
424 5445 526 5520 τῆς
558 5444 833 5520 ἀεῖσαι-ει
858 5463 965 5504 om.
992 5450 1101 5520 γάρ
1136 5449 1543 5520 νοειῖέντυχών.

418 5514 533 5584 (19)
573 5514 732 5590 Πρὸς
758 5514 1035 5590 Χρηστόν
1064 5514 1218 5574 τινα.
1254 5519 1386 5572 Erat
1414 5514 1767 5587 Euphronius
1805 5520 1918 5590 epi-

344 5599 543 5655 sc0pus
588 5587 979 5658 Antiocltenus,
1029 5604 1311 5645 successor
1349 5590 1631 5646 Flaccilli:
1677 5591 1813 5658 ejus,
1839 5587 1913 5646 ad

344 5670 505 5727 quem
557 5666 670 5712 tres
722 5656 887 5712 hosce
936 5661 1262 5727 posteriores
1315 5676 1444 5714 suos
1495 5661 1660 5716 libras
1706 5656 1906 5716 contra

343 5724 689 5789 Marcellum,
747 5728 894 5781 misit
940 5724 1220 5785 Eusebius
1280 5731 1591 5798 dedicatos;
1645 5731 1907 5787 Cbrestus

343 5808 474 5870 vero
500 5799 784 5867 episcopus
813 5798 1087 5868 Nyssenus
1119 5801 1171 5854 in
1203 5802 1379 5855 locum
1409 5802 1739 5870 Tlteognidis
1766 5801 1901 5870 pulsi

348 5879 377 5918 a
408 5866 788 5936 ConStantEno,
818 5866 873 5926 et
896 5870 1027 5925 olim
1055 5870 1283 5940 depositi
1307 5888 1333 5927 a
1368 5866 1598 5928 concilio
1627 5895 1636 5928 :
1668 5866 1907 5929 sed'cum

2026 4693 2204 4741 autem
2238 4684 2304 4739 ad
2328 4684 2472 4740 hunc
2506 4684 2723 4740 modum
2759 4701 2773 4739 :
2822 4682 2914 4755 [ιι.
2939 4680 3154 4754 LXXII]
3192 4699 3211 4734 ι
3237 4679 3472 4737 Verbum
3508 4673 3603 4731 Dei

2021 4895 2066 4933 ³ο
2101 4894 2229 4964 Sap.
2260 4909 2369 4959 vn,
2401 4892 2492 4950 26.
2568 4896 2610 4926 ⁵¹
2642 4893 2756 4949 Col.
2796 4908 2877 4957 tn,
2904 4892 2956 4958 9,
2985 4892 3073 4948 10.

2033 5029 2282 5085 videatur
2330 5030 2417 5084 hic
2447 5029 2703 5091 Arianus,
2747 5030 2897 5084 etde
2924 5043 2990 5083 eo
3034 5036 3291 5096 tanquam
3335 5040 3445 5096 per,
3473 5039 3602 5081 con-

2030 5109 2295 5222 temptgt'm
2331 5101 2582 5170 loquatur
2618 5097 2923 5163 Marcellus,
2960 5094 3175 5166 opinor,
3205 5094 3366 5149 alium
3400 5094 3466 5147 ab
3496 5096 3602 5150 isto

2030 5184 2101 5222 vn
2127 5181 2161 5222 ι.
2254 5210 2267 5222 .

2027 5181 2161 5224 νυιι.
2198 5181 2267 5222 Μ.

2098 5239 2212 5314 (20)
2255 5241 2484 5308 ’Ἐγ-νων
2515 5240 2717 5314 αὐτόν.
2768 5238 3030 5309 Loquitur
3064 5236 3360 5314 Marcellus
3380 5232 3604 5314 Eu-

2024 5303 2276 5383 sebi9,'_et
2314 5303 2499 5364 rerum
2527 5321 2629 5375 est,
2658 5303 2997 5364 fatetur-tres
3025 5306 3232 5383 οὐσίας,
3261 5306 3353 5383 sed
3379 5303 3599 5383 Fili-um,

2027 5390 2084 5453 et
2131 5373 2388 5453 spiritum
2439 5373 2711 5453 sanctum
2740 5390 2955 5435 creatas
3009 5377 3368 5453 substantias.
3405 5373 3599 5453 Filiunt

2026 5444 2190 5505 Patré
2229 5451 2515 5523 minorem.
2569 5450 2828 5519 Spiritum
2878 5458 3121 5523 sanctum
3152 5444 3305 5508 Filio,
3356 5444 3598 5523 bunc_in

2025 5530 2289 5589 tempore,
2336 5520 2482 5573 illum
2518 5517 2642 5573 ante
2680 5532 2945 5588 tempora,
2973 5517 3375 5589 sed_c_reat_u:n;
3410 5517 3595 5589 statim

2023 5582 2243 5645 accusat
2268 5582 2391 5644 eum
2421 5589 2705 5644 Marcellus
2723 5582 2913 5643 de'hoc
2930 5582 3415 5656 ipsoiblaspbemo,
3440 5582 3601 5656 οὐσίᾳ

2022 5662 2115 5714 καὶ
2134 5660 2358 5732 δυνάμει
2387 5660 2648 5714 διεστῶτα
2667 5657 2760 5712 τοῦ
2781 5655 3010 5732 ῌ-ατρόςξ
3030 5655 3139 5732 Nec
3162 5655 3411 5732 amolitur
3430 5655 3583 5732 _L'us_e

2022 5731 2145 5785 bius
2175 5722 2312 5785 hanc
2340 5732 2760 5798 accusationem.
2792 5727 2862 5782 M.
2889 5722 2957 5768 ἕ-
2991 5729 3116 5781 Dein
3152 5725 3312 5798 vulgo
3349 5724 3456 5779 ἀπὸ
3488 5722 3592 5777 τῶι

2022 5802 2112 5854 ὑπ’
2150 5800 2311 5855 αὐτοῦ
2338 5815 2389 5856 ει
2410 5794 2482 5854 ὧν
2508 5801 2598 5854 καί
2626 5816 2738 5854 τοσ.
2759 5810 2812 5855 ct
2839 5799 3161 5871 τραπόντας.
