4088 6380
317 337 418 393 769

1426 332 1706 386 CONTRA
1744 327 2167 387 MARCELLUM
2210 326 2338 382 LIB.
2382 350 2421 380 ι.
3448 328 3510 380 77

314 455 541 524 πικρῶς,
571 454 647 521 τῷ
676 448 839 520 μηδὲν
865 450 1107 521 εἰρηκότι
1138 448 1339 511 πλεῖον,
1368 448 1443 511 ὡς
1471 448 1631 510 αὐτὸς
1657 447 1878 517 γράφει,

1992 446 2262 509 transiret,
2308 445 2361 497 in
2390 441 2615 497 ecclesia
2640 441 3059 497 concionaretur
3088 459 3102 496 :
3131 444 3274 511 quod
3308 457 3367 498 se
3395 443 3552 498 fando

312 548 345 617 ἢ
378 545 438 598 τὸ
468 541 818 596 ἀποστολικὸν
854 544 1038 612 ῥητόν.
1072 542 1180 594 Καὶ
1216 541 1309 594 νῦν
1353 541 1453 611 μὲν
1490 539 1583 592 δύο
1611 540 1765 602 θεοὺς
1796 539 1882 591 λέ-

313 655 431 706 γειν
458 636 547 689 τὸν
578 633 828 687 Εὐσέϐιον
863 633 1133 703 ὁμολογεῖ,
1165 633 1241 694 ὡς
1260 632 1326 685 ἂν
1347 632 1439 685 τὸν
1468 632 1593 685 Υἱὸν
1616 630 1709 684 τοῦ
1746 630 1880 682 Θεοῦ

315 726 661 795 θεολογοῦντα
696 726 790 776 σὺν
823 725 900 794 τῷ
936 725 1142 795 Πατρί’
1179 722 1381 793 προῖὼν
1412 725 1456 776 δ’
1494 725 1553 776 ὲν
1588 726 1698 786 τοῖς
1732 722 1879 792 ἑξῆς,

315 819 502 889 ὥσπερ
534 816 952 887 ἐπιλελησμένος
998 812 1073 871 ὧν
1116 817 1349 870 ἐνταῦθα
1380 816 1723 888 κατηγόρηκε
1744 855 1757 877 ,
1791 815 1882 868 τὸν

316 910 473 961 αὐτὸν
516 909 767 976 πειρᾶται
809 908 1112 961 διαϐάλλειν
1157 908 1232 971 ὡς
1269 906 1422 977 ψιλὸν
1465 906 1747 977 ἄνθρωπον
1795 906 1883 959 τὸν

316 1000 542 1070 Χριστὸν
558 998 697 1052 εἶναι
722 1000 967 1067 λέγοντα.
986 999 1142 1071 Ἑξῆς
1157 1000 1213 1051 δὲ
1229 1002 1339 1063 τοῖς
1360 998 1739 1071 προκειμένοις
1761 998 1882 1049 ἑπι-

316 1091 572 1161 συνάπτει
593 1091 789 1159 πολλήν
809 1107 928 1143 τινα
952 1093 1045 1144 καὶ
1065 1089 1280 1162 μακρὰν
1296 1090 1583 1161 φλυαρίαν,
1600 1089 1668 1142 τά
1681 1106 1739 1141 τε
1756 1088 1882 1141 ὄντα

313 1183 380 1235 τά
393 1198 451 1235 τε
469 1182 542 1252 μὴ
559 1182 687 1235 ὄντα
702 1181 876 1251 ἐαυτῷ
892 1182 1290 1252 συνείριυν(25)·
1315 1182 1594 1251 μονονουχὶ
1609 1180 1747 1232 κατά
1760 1181 1884 1242 τοὺς

313 1274 610 1343 φήσαντας.
645 1273 719 1325 Τὰ
740 1274 911 1341 χείλη
938 1273 1106 1342 ἡμῶν
1127 1272 1262 1341 παρ’
1285 1273 1428 1341 ἡμῖν
1441 1273 1591 1336 ἐστι,
1614 1272 1705 1336 τίς
1718 1269 1886 1339 ἡμῶν

313 1362 518 1429 κύριός
564 1362 728 1424 ἐστι;
782 1362 859 1413 Δι’
890 1356 964 1415 ὧν
1004 1363 1307 1422 δείκνυται,
1356 1362 1537 1425 καθὼς
1589 1361 1885 1433 ἀρχόμενος

314 1452 449 1522 ἔφην
492 1453 584 1505 τοῦ
634 1454 1081 1524 συγγράμματος,
1129 1454 1189 1518 ἐξ
1214 1454 1654 1526 ὑπερϐαλλούσης
1687 1453 1885 1525 ἔχθρας

314 1562 373 1596 τε
407 1546 499 1598 καὶ
534 1548 883 1617 μισαδελφίας
915 1547 1256 1617 ἐπιπηδήσας
1283 1548 1347 1616 τῇ
1381 1549 1586 1617 γραφῇ.
1627 1545 1885 1607 Μεταϐἀς

311 1637 357 1689 δ’
403 1640 466 1690 ὲκ
514 1639 736 1704 τούτων,
792 1641 1063 1711 Ἀστέριον
1118 1636 1273 1702 αὖθις
1322 1638 1606 1708 τραγῳδεῖ,
1670 1636 1884 1708 μακράν

314 1731 613 1785 ἀποτείνων
650 1733 745 1784 καὶ
788 1733 917 1802 περὶ
962 1730 1126 1784 αὑτοῦ
1156 1731 1427 1801 διήγησιν,
1475 1730 1621 1791 ὅπως
1653 1746 1711 1779 τε
1745 1729 1882 1781 άπο-

310 1821 474 1891 δημεῖ
505 1824 638 1892 (26),
671 1826 765 1877 καὶ
799 1827 909 1888 ποῖ,
954 1824 1046 1876 καί
1070 1824 1228 1886 πότε,
1274 1822 1367 1875 καὶ
1400 1821 1537 1891 πρὸς
1564 1819 1733 1883 τίνας.
1776 1820 1885 1873 Καὶ
1919 1840 1959 1893 Β

310 1912 499 1964 τῡύτου
531 1912 586 1965 δὲ
621 1913 921 1984 ἀφέμενος,
952 1909 1104 1976 αὖθις
1152 1912 1244 1964 ἐπὶ
1282 1911 1373 1964 τὸν
1410 1911 1503 1963 τοῦ
1537 1909 1670 1963 Θεοῦ
1714 1910 1881 1979 ἄνδρα

315 2004 572 2057 Παυλῖνον
610 2006 895 2076 τρέπεται.
928 2005 1102 2059 ταῦτα
1136 2004 1363 2074 γράφων
1409 2004 1594 2066 αὐτοῖς
1638 2004 1876 2073 ῥήμασι·

320 2114 336 2143 ι
372 2095 589 2159 Τούτοις
614 2096 671 2149 δὲ
704 2099 815 2158 τοῖς
848 2098 1031 2167 ῥητοῖς
1062 2096 1155 2149 κα)⁵
1191 2098 1219 2147 ό
1248 2095 1439 2148 τούτου
1476 2093 1657 2165 πατὴρ
1703 2091 1883 2144 πειθό-

319 2200 336 2230 ι
380 2198 555 2251 μενος,
582 2182 862 2245 Παυλῖνος,
899 2182 1069 2235 ταῦτα
1105 2183 1283 2250 λέγειν
1315 2199 1374 2233 τε
1410 2182 1503 2235 καὶ
1532 2182 1763 2252 γράφειν
1785 2182 1883 2233 οὐκ

320 2288 339 2317 ι
377 2270 544 2332 ὀκνεῖ,
574 2273 703 2324 ποτὲ
745 2274 840 2342 μὲν
872 2271 1121 2344 δεύτερον
1146 2274 1277 2325 Θεὸν
1305 2273 1478 2341 λέγων
1509 2274 1600 2327 τὸν
1627 2273 1882 2343 Χριστὸν,

321 2378 339 2408 ι
383 2362 476 2413 καὶ
518 2360 704 2415 τοῦτον
759 2363 1248 2436 ἀνθρωπικώτερον
1310 2365 1665 2435 γεγεννῆσθαι
1717 2366 1879 2419 Θεόν·

322 2470 340 2500 ι
385 2452 510 2503 ποτὲ
540 2452 596 2505 δὲ
625 2453 718 2507 καὶ
751 2455 954 2525 κτίσμα
984 2456 1144 2509 αὐτὸν
1171 2451 1309 2509 εἶναι
1349 2455 1729 2529 διοριζόμενος.
1764 2458 1886 2511 Ὅτι

321 2559 340 2592 ι
382 2543 438 2595 δὲ
476 2543 621 2597 τοῦθ’
649 2543 822 2607 οὕτως
864 2546 1010 2616 ἔχει,
1057 2548 1151 2600 καὶ
1203 2548 1340 2619 πρὸς
1382 2550 1532 2619 ἡμᾶς
1578 2566 1738 2614 ποτε,
1789 2549 1886 2619 τὴν

322 2650 340 2682 ι
378 2632 645 2703 Ἀγκύραν
672 2633 841 2696 διῖὼν,
868 2635 1070 2705 κτίσμα
1087 2637 1332 2689 εἶναιτὸν
1360 2636 1590 2707 Χριστὸν
1606 2636 1830 2706 ἔφασκε.
1863 2656 1881 2689 ι

316 2723 425 2775 Καὶ
462 2724 621 2777 πάλιν
664 2725 975 2795 μυθολογῶν
1006 2727 1273 2798 διελέχθαι
1308 2728 1387 2799 τῷ
1423 2728 1671 2800 Παυλίνῳ
1700 2730 1884 2798 φησίν.

319 2817 548 2870 Ἔπειτα
586 2817 857 2879 διαϐάλλει
888 2820 979 2871 τὸν
1024 2821 1311 2891 μακάριον,
1346 2820 1423 2883 ὡς
1469 2820 1621 2884 θεοὺς
1661 2820 1888 2883 πολλοὺς

315 2909 604 2980 εἰρηκότα,
640 2911 734 2963 καὶ
784 2911 1093 2964 καταλιπὼν
1128 2911 1221 2965 τὸν
1264 2912 1548 2977 Παυλῖνον,
1601 2911 1762 2966 πάλιν
1810 2909 1889 2981 τῷ
1921 2894 1933 2907 ’

316 3003 559 3075 Εὑσεϐίῳ
592 3005 837 3075 σχολάζει
894 3006 1149 3075 φάσκων
1187 3027 1205 3058 ι
1242 3006 1398 3061 Οὕτω
1424 3007 1480 3061 δὲ
1512 3006 1607 3060 καὶ
1632 3005 1890 3069 Εὐσέϐιος

318 3114 336 3145 ι
377 3095 406 3147 ό
442 3095 543 3165 τῆς
582 3098 916 3170 Καισαρείας
944 3100 1187 3173 γέγραφε
1229 3100 1322 3153 καὶ
1360 3100 1543 3164 αὐτὸς,
1587 3098 1687 3169 τὴν
1721 3098 1890 3170 αὐτὴν

1983 537 2256 589 audivisse
2290 534 2554 601 affirmat,
2614 543 2777 602 atque
2821 548 2888 587 ex
2945 535 3311 602 indignatione
3366 537 3555 591 scribit

1990 627 2088 698 [ιι.
2130 625 2372 696 LXXIII]
2406 645 2417 678 :
2459 643 2476 675 ι
2513 625 2800 696 Apostolus
2837 625 3141 692 huiusmodi
3187 626 3551 681 testimonium

1994 736 2012 767 ι
2058 717 2369 771 Galatarum
2403 716 2523 771 ﬁdei
2556 716 2803 784 perhibet
2832 734 2845 769 :
2880 716 3143 770 Eusebius
3173 727 3354 770 autem
3378 758 3393 780 ,
3430 734 3553 787 per-

1988 824 2007 856 ι
2056 822 2211 859 verso
2232 821 2394 860 sensu
2424 807 2738 875 apostolico,
2766 821 2874 875 quo
2902 806 3123 875 scripsit
3158 823 3171 861 :
3202 807 3556 876 Filioli,qnos

1990 914 2008 947 ι
2056 899 2249 950 iterum
2280 898 2547 964 parturio,
2592 898 2766 951 donec
2802 896 3116 951 ellormetur
3147 899 3199 949 in
3228 896 3377 951 vobis
3405 896 3557 951 Chri-

1989 1007 2006 1038 ι
2056 999 2190 1053 stus,
2222 988 2430 1043 Calatis
2458 990 2789 1043 obtrectatus
2832 997 2957 1053 est,
3013 996 3069 1039 ut
3118 988 3294 1040 minus
3325 998 3467 1042 recte
3492 990 3559 1041 de

1990 1095 2008 1128 ι
2054 1080 2162 1131 Deo
2224 1079 2607 1133 sentientibus.
2651 1097 2670 1129 ι
2732 1078 2892 1132 Certe
2966 1078 3216 1147 inquiens
3272 1080 3560 1147 parturivit

1986 1174 2239 1223 acerbum
2274 1172 2556 1239 quemdam
2593 1181 2649 1225 et
2696 1170 3134 1224 molestissimum
3185 1183 3398 1237 partum
3447 1183 3556 1225 tum

1985 1276 2105 1313 cum
2158 1263 2448 1315 resciverat
2475 1261 2721 1326 Galatas,
2768 1278 2873 1317 non
2907 1264 2999 1321 ita,
3054 1274 3112 1316 ut
3157 1264 3290 1332 ipse,
3343 1264 3408 1318 de
3456 1264 3560 1319 ﬁde

1985 1352 2279 1406 statuisse:
2318 1358 2377 1416 at
2424 1371 2530 1407 non
2592 1355 2730 1408 duas
2786 1355 3122 1409 substantias
3181 1356 3504 1410 conﬁtentes
3539 1394 3555 1422 ,

1986 1457 2198 1498 nonres
2235 1445 2366 1499 duas
2393 1455 2444 1499 et
2467 1447 2757 1515 potentias,
2800 1462 2905 1501 non
2942 1448 3075 1500 duos
3108 1447 3238 1501 deos
3265 1462 3561 1515 agnoscen-

1986 1544 2084 1589 tes.
2112 1535 2244 1590 Nota
2274 1537 2403 1590 mihi
2444 1550 2627 1593 autem
2658 1550 2861 1609 quanto
2888 1554 3010 1592 cum
3044 1539 3165 1594 felle
3190 1550 3243 1594 et
3265 1540 3561 1595 acerbitate

1984 1626 2316 1680 convicietur
2347 1628 2418 1695 ei,
2454 1630 2545 1697 qui
2592 1630 2729 1683 nihil
2774 1646 2999 1698 prorsus
3039 1631 3089 1683 in
3115 1632 3314 1699 scripta
3357 1631 3557 1695 retulit,

1985 1728 2180 1786 praeter
2247 1720 2388 1771 nuda
2452 1720 2834 1790 ipsissimaque
2878 1722 3119 1790 Apostoii
3173 1724 3356 1787 verba,
3402 1723 3560 1792 idque

1986 1809 2148 1863 etiam
2180 1812 2294 1879 ipso
2322 1810 2539 1866 favente
2565 1823 2905 1868 accusatore.
2931 1814 2998 1867 Et
3029 1814 3204 1869 adhuc
3234 1816 3326 1883 qui
3360 1814 3563 1870 fatetur

1986 1901 2088 1955 hoc
2118 1903 2320 1956 inloco
2356 1902 2649 1959 Eusebium
2699 1906 2835 1961 duos
2884 1907 3015 1961 deos
3067 1908 3329 1975 proﬁteri,
3371 1917 3559 1976 utputa

1982 1993 2072 2062 qui
2118 2009 2238 2048 cum
2269 1994 2432 2049 Patre
2477 2012 2595 2061 suo,
2651 2012 2753 2050 una
2813 2007 2869 2052 et
2898 1998 3093 2051 Filium
3145 2013 3359 2066 quoque
3390 1996 3558 2053 Deum

1984 2094 2241 2154 agnoscat
2267 2100 2410 2151 esse,
2440 2103 2670 2157 pergens
2702 2104 2865 2158 porro
2890 2091 2941 2144 in
2974 2092 3359 2160 sequentibus,
3393 2092 3559 2146 veluti

1984 2175 2065 2228 sui
2107 2175 2327 2240 oblitus,
2375 2188 2432 2232 et
2492 2181 2882 2244 accusationis,
2920 2170 3153 2236 conatur
3197 2182 3447 2236 eumdem
3508 2192 3565 2237 et

1984 2265 2326 2333 calumniari,
2352 2270 2495 2338 quod
2531 2270 2734 2323 nudum
2768 2282 2977 2325 tantum
3027 2274 3296 2327 hominem
3334 2273 3568 2329 allirtnet

1985 2375 2105 2416 esse
2154 2360 2457 2418 Christum.
2497 2364 2806 2421 Antedictis
2846 2367 3091 2421 annectit
3125 2367 3178 2421 in
3210 2368 3569 2435 sequentibus

1988 2452 2338 2523 multiplicem
2378 2466 2434 2511 et
2473 2455 2688 2527 longam
2734 2458 3023 2526 quamdam
3077 2458 3567 2528 vaniloquentiam,

1987 2543 2130 2597 entia
2163 2553 2217 2599 et
2242 2560 2345 2600 non
2365 2547 2507 2600 entia
2535 2547 2899 2617 aggregando,
2930 2558 3136 2602 tantum
3156 2564 3259 2603 non
3291 2550 3359 2603 ad
3375 2564 3569 2603 eorum

1987 2650 2190 2690 morem
2217 2637 2310 2705 qui
2332 2638 2485 2691 aiunt
2512 2637 2714 2691 :Labia
2735 2650 2913 2692 nostra
2938 2656 3092 2706 penes
3115 2655 3209 2693 nos
3231 2640 3370 2708 ipso:
3398 2650 3521 2694 sunt
3545 2654 3565 2691 :

1986 2731 2159 2798 ecquis
2205 2731 2370 2783 nostri
2414 2732 2721 2784 dominatur
2756 2732 2848 2785 ιιι
2906 2732 3042 2788 Iline
3105 2742 3362 2803 apparet,
3422 2736 3565 2804 quod

1989 2822 2207 2876 memini
2236 2823 2527 2892 scripsisse
2579 2837 2664 2877 me
2698 2824 2768 2878 ab
2807 2824 2965 2879 initio
3006 2828 3217 2895 operis,
3274 2827 3343 2880 ab
3379 2826 3572 2881 hostili

1989 2914 2268 2969 inimicitia
2290 2925 2346 2970 et
2376 2915 2618 2970 fraterno
2638 2916 2762 2970 odio
2792 2919 2859 2972 ad
2878 2918 3223 2995 scribendum
3254 2920 3573 2988 prosiluisse

1988 3002 2320 3060 Marcellum.
2359 3004 2496 3060 Hinc
2529 3007 2806 3073 digressus
2838 3008 2891 3061 in
2928 3009 3203 3062 Asterium
3234 3012 3411 3065 denuo
3453 3022 3566 3065 tra-

1990 3098 2111 3167 gice
2158 3098 2509 3169 ampullatur,
2566 3100 2702 3154 bene
2736 3100 2953 3169 longam
3007 3101 3075 3155 de
3127 3101 3217 3155 illo
3278 3104 3569 3158 instituens

319 3203 339 3235 ι
379 3184 516 3254 ἔχων
545 3187 793 3257 Παυλίνῳ
815 3205 873 3240 τε
896 3190 990 3242 κα)⁵
1018 3192 1130 3253 τοῖς
1157 3187 1354 3253 ἔξωθεν
1388 3189 1517 3260 περὶ
1546 3188 1680 3242 Θεοῦ
1713 3187 1889 3254 δόξαν.

1995 3189 2385 3243 narrationem.
2411 3187 2607 3241 Narrat
2629 3195 2900 3257 «promodo
2930 3191 3131 3257 passim
3167 3195 3568 3263 peregrinetur,

320 3293 340 3326 ι
381 3277 627 3347 Γέγραφε
659 3278 789 3349 γάρ,
818 3280 916 3349 οὐχ
954 3280 1029 3343 ὡς
1060 3280 1212 3344 ὄντος
1245 3282 1406 3350 μόνου
1435 3280 1590 3345 Θεοῦ,
1625 3280 1738 3335 ἀλλ’
1773 3281 1890 3342 ένὸς

325 3384 340 3417 ι
380 3368 528 3432 ὃντος
557 3369 650 3422 τοῦ
687 3372 849 3441 μόνου
882 3371 1136 3441 ἀληθινοῦ
1182 3371 1340 3425 Θεοῦ.
1376 3372 1538 3426 Ὅθεν
1568 3373 1749 3427 τοίνυν
1785 3391 1891 3443 μα-

324 3477 343 3508 ι
384 3460 491 3513 θὼν
536 3462 629 3514 καὶ
662 3464 691 3515 ό
750 3463 1027 3533 Ἀστερίου
1074 3464 1256 3535 πατὴρ
1301 3464 1564 3527 Παυλῖνος
1599 3462 1894 3534 νεωτέρους

320 3570 337 3601 ι
381 3552 535 3617 θεοὺς
577 3553 713 3608 εἶναι
744 3555 898 3626 ᾤετο,
932 3576 951 3609 ι
982 3558 1089 3610 Καὶ
1122 3558 1180 3610 ὲν
1212 3556 1422 3620 τούτοις
1449 3557 1505 3610 δὲ
1530 3559 1606 3621 ὡς
1635 3555 1771 3609 θεῶν
1810 3555 1895 3610 δό-

315 3640 412 3707 ξας
468 3644 786 3713 εἰσάγοντας
842 3648 1106 3711 αἰτιᾶται,
1164 3647 1495 3718 ἀρνούμενος
1562 3647 1724 3710 αὐτὸς
1795 3644 1894 3716 τὴν

315 3734 542 3804 θεότητα
584 3737 673 3790 τοῦ
728 3738 878 3793 Υίοῦ·
934 3741 1030 3793 κοιῖ¹
1068 3740 1444 3812 παραθέμενος
1484 3741 1586 3812 τὴν
1632 3740 1893 3793 Εὑσεϐίου

313 3824 479 3892 λέξιν,
512 3829 774 3899 συνίησιν,
810 3833 886 3894 ὼς
922 3832 1022 3885 οὐκ
1045 3850 1113 3902 ην
1142 3832 1308 3885 αὑτοῦ
1349 3834 1383 3902 ἡ
1414 3832 1508 3887 τὸν
1545 3832 1767 3904 Πατέρα
1801 3832 1896 3903 μό·

315 3933 404 3971 νον
435 3918 684 3989 ἀληθινὸν
713 3920 844 3974 Θεὸν
882 3922 1207 3976 διδάσκουσα
1237 3924 1410 3994 φωνὴ,
1439 3922 1532 3976 τοῦ
1559 3923 1616 3975 δὲ
1644 3924 1894 3995 Σωτῆρος

317 4006 471 4076 ἡμῶν
499 4009 801 4078 εἰρηκότος,
831 4012 932 4064 ἵνα
955 4010 1297 4081 γινώσκωσι
1319 4030 1392 4066 σε
1415 4015 1522 4066 τάν
1541 4015 1735 4082 μόνον
1758 4015 1897 4081 dsin-

316 4099 484 4153 θινὸν
544 4103 720 4154 Θεόν·
772 4104 866 4156 καὶ
933 4104 1053 4174 μεθ’
1102 4107 1264 4178 ἕτερα
1322 4104 1644 4177 προστίθησι
1701 4105 1892 4173 λέγων·

322 4211 338 4239 ι
392 4191 543 4245 Ἐπεὶ
575 4194 738 4246 πόθεν
772 4197 902 4265 ἡμῖν
943 4197 1008 4248 ὲκ
1039 4195 1149 4249 τῶν
1185 4195 1343 4251 θείων
1373 4197 1696 4268 δυνήσονται
1726 4197 1897 4264 δεῖξαι

321 4301 339 4334 ι
385 4284 595 4355 ῥητῶν,
650 4286 732 4339 ὄτι
765 4282 846 4351 εἷς
896 4289 994 4359 μὲν
1030 4288 1344 4361 ἀγέννητὸς,
1386 4283 1466 4352 εἷς
1511 4288 1569 4343 δὲ
1617 4288 1896 4359 γεννητὸς,

322 4393 339 4425 ι
378 4374 453 4438 ὼς
493 4377 645 4430 αὐτοὶ
682 4379 1039 4449 γεγεννῆσθαι
1082 4381 1244 4433 αὑτὸν
1277 4380 1737 4446 πεπιστεύκασινς
1772 4379 1895 4433 οὔτε

321 4487 339 4517 ι
383 4468 692 4540 προφητῶν,
728 4470 850 4523 οὔτε
889 4472 1310 4541 εὐαγγελιστῶν,
1355 4471 1389 4543 ἢ
1423 4473 1735 4526 ἀποστόλων
1782 4472 1895 4543 (27)

321 4577 339 4611 ι
378 4558 522 4612 τοῦτ’
560 4562 876 4633 εἰρηκότων.
920 4582 939 4614 ι
977 4560 1089 4616 Εἶθ’
1119 4563 1307 4635 ὥσπερ
1337 4563 1396 4619 ἐν
1425 4563 1609 4627 ἄθλοις
1648 4565 1893 4635 ἀπογρα-

313 4651 574 4723 ψάμενος,
596 4655 731 4725 ὁμοῦ
765 4657 896 4725 πρὸς
917 4657 1159 4719 ἅπαντας
1185 4656 1693 4728 διαπληκτίσασθαι,
1728 4673 1891 4728 μετα-

317 4745 490 4799 ϐαίνει
524 4749 613 4800 ἐπὶ
645 4749 736 4801 τὸν
768 4750 1097 4821 Νάρκισσον,
1132 4749 1226 4803 καί
1273 4766 1473 4821 φησιν·
1518 4768 1538 4801 ι
1577 4750 1739 4802 ’Ὥστε
1790 4749 1893 4803 κᾶν

324 4856 343 4888 ι
383 4841 558 4894 ἐκεῖνό
580 4858 663 4905 τις
693 4841 862 4911 λέγοι,
886 4842 1310 4907 κατασκευάζων
1339 4842 1554 4914 πρῶτον
1578 4837 1717 4897 εἶναι
1739 4841 1895 4906 Θεὸν,

326 4950 345 4982 ι
387 4936 477 4986 καὶ
516 4935 793 5006 δεύτερον,
846 4935 921 4999 ὡς
968 4936 1277 5005 Νάρκισσος
1329 4936 1518 5000 αὑταῖς
1571 4934 1747 4999 λέξεσι
1800 4932 1895 5001 γέ-

398 5123 455 5181 ›Ῑ4
492 5118 588 5172 Ed.
619 5117 818 5182 Paris.,
845 5136 965 5189 pag.
1002 5118 1093 5173 27.
1191 5118 1237 5149 ⁸⁸
1255 5118 1397 5173 Psal.
1419 5135 1492 5182 xi,
1519 5118 1574 5172 5.

393 5276 782 5377 ρῦὶῐἘαυᾷςῦ-
1176 5277 1339 5333 Forte
1393 5279 1473 5342 είς
1524 5277 1656 5333 αὐτὸ
1706 5278 1887 5332 συνεί-

324 5367 450 5423 ρων.
484 5349 548 5404 Π.
577 5378 650 5391 -—
670 5349 784 5402 Mox
816 5351 969 5418 vulgo
994 5350 1165 5403 ἔσται.

356 5492 359 5493 ν
393 5421 505 5493 (26)
548 5419 738 5493 Ὅπως
762 5436 826 5471 τε
846 5419 1157 5493 ἀποδημεῖ.
1188 5420 1300 5473 Iloe
1323 5428 1404 5473 est
1436 5418 1580 5493 quod
1607 5418 1742 5483 dixi,
1766 5434 1887 5473 eur-

319 5490 512 5547 sitasse
540 5492 809 5544 Asterium
838 5504 854 5562 :_
888 5490 1086 5562 ῥεμϐόν
1118 5490 1620 5562 θιῗπεριφοιτητήν.
1648 5493 1889 5562 (μιυιΙηιίθ

318 5563 411 5619 illo
451 5559 1130 5631 AthanasiusobServavit.
1177 5559 1511 5631 Περιηρχετο
1544 5559 1643 5622 τὰς
1694 5561 1749 5613 ἐν
1792 5561 1890 5631 Eu:

321 5632 451 5704 ρίᾳ,
496 5629 716 5704 καὶ-τάς
764 5628 926 5693 ἄλλας
955 5628 1288 5704 ἐκκλησίας,
1332 5628 1437 5683 eus.
1497 5629 1890 5704 ltertuu,_(_iscii

318 5700 461 5773 ἀνήρ
496 5702 745 5756 Paulinus
765 5702 1075 5773 est,_ui_inus
1114 5700 1473 5773 malusquatn
1503 5702 1712 5773 caeleri:
1732 5700 1798 5753 Μ.
1822 5730 1891 5740 --

323 5769 459 5826 Infra
509 5774 663 5841 vulgo
710 5788 831 5838 γεγ.
872 5770 1004 5824 Θεὸν
1038 5788 1095 5823 π.
1125 5771 1180 5823 δὲ
1226 5771 1318 5823 καὶ
1365 5788 1450 5829 κτ.
1476 5787 1533 5825 et
1568 5769 1643 5833 ὡς
1682 5770 1812 5833 Θεὸς
1842 5783 1896 5825 et

1992 3279 2103 3341 ubi,
2130 3280 2364 3348 quando,
2413 3289 2467 3332 et
2508 3280 2575 3332 ad
2615 3295 2752 3347 quos
2800 3280 2913 3334 itet.
2957 3280 3189 3335 Dimisso
3221 3282 3289 3335 de
3320 3285 3568 3339 inanibus

1994 3369 2185 3423 iterum
2210 3370 2320 3432 illo,
2348 3371 2398 3422 in
2419 3370 2697 3423 Paulinum
2717 3371 2891 3424 denuo
2915 3372 3269 3433 convertitur.
3293 3374 3563 3427 hominem

1996 3456 2108 3521 Dei,
2141 3459 2326 3513 verbis
2368 3460 2586 3512 totidem
2618 3459 2975 3530 scribensHK.
3008 3460 3248 3531 XXXIII]
3288 3480 3302 3516 :
3343 3482 3361 3513 ι
3407 3463 3567 3517 Dictis
3670 3482 3677 3491 '

2000 3566 2019 3599 ι
2060 3549 2211 3604 hisce
2233 3552 2425 3604 ductus
2451 3552 2680 3619 etbujus
2706 3560 2877 3618 pater,
2910 3551 3187 3618 Paulinus,
3224 3568 3328 3607 non
3354 3564 3569 3608 vere:ur

2001 3658 2020 3692 ι
2065 3641 2291 3696 dictiset
2310 3643 2524 3713 scriptis
2547 3644 2787 3712 proﬁteri
2819 3645 3377 3700 interdumChristum
3398 3645 3565 3702 Deum

2001 3749 2021 3785 ι
2066 3747 2187 3789 esse
2241 3734 2433 3788 ordine
2502 3736 2839 3799 secundum;
2912 3737 3271 3805 eumdetnque
3331 3740 3567 3793 humano

1999 3840 2021 3876 ι
2066 3840 2213 3877 more
2242 3824 2408 3880 Deum
2432 3828 2667 3896 genitum
2700 3845 2712 3880 :
2746 3830 3016 3881 interdum
3061 3844 3189 3883 vero
3234 3831 3567 3884 determinat

2000 3934 2020 3969 ι
2067 3917 2213 3971 illum
2237 3933 2357 3973 esse
2386 3928 2707 3973 creaturam.
2745 3920 2909 3989 quue
2964 3924 3037 3975 ita
3086 3932 3143 3975 ut
3172 3937 3294 3977 esse
3329 3934 3564 3984 constet.

2001 4024 2021 4059 ι
2074 4009 2349 4063 sciendum
2392 4019 2474 4063 est
2502 4010 2650 4064 illum
2684 4012 2913 4081 Ancyrae
2946 4013 3223 4067 uobiscum
3261 4024 3564 4067 versantem

2001 4116 2022 4150 ι
2061 4098 2390 4168 aliquando,
2442 4101 2717 4155 Christum
2772 4104 3099 4172 praedicasse
3145 4116 3457 4160 creaturam
3494 4126 3506 4162 ε
3541 4126 3561 4159 ι

1996 4208 2163 4263 seque
2199 4210 2318 4248 cum
2349 4208 2415 4248 eo
2445 4194 2632 4250 iniisse
2676 4196 3093 4263 disputationem
3131 4199 3411 4251 mentitur.
3464 4200 3569 4251 Ac-

1997 4295 2156 4341 cusat
2183 4286 2404 4354 insuper
2438 4286 2581 4341 hunc
2613 4285 2829 4341 beatum
2859 4288 3063 4353 virum,
3089 4290 3243 4357 quasi
3270 4291 3402 4343 deos
3433 4291 3567 4343 mul-

1999 4384 2085 4430 tos
2116 4378 2413 4432 statuisset.
2448 4377 2657 4431 Relicto
2683 4379 2896 4432 demum
2921 4379 3164 4441 Paulino,
3192 4380 3387 4434 iterum
3410 4391 3567 4435 vacat

1998 4467 2227 4525 Eusebio
2241 4470 2582 4540 exagitando,
2604 4470 2950 4542 inquiensﬂi.
2974 4472 3213 4544 LXXIV]
3231 4491 3275 4527 τι
3290 4474 3403 4528 Hoc
3426 4475 3566 4527 idem

2008 4578 2027 4612 ι
2068 4564 2286 4630 scripsit
2314 4573 2369 4616 et
2399 4565 2661 4619 Eusebius
2683 4564 3055 4629 Caesariensis,
3099 4568 3344 4621 eamdem
3381 4568 3569 4622 fovens

2003 4670 2022 4704 ι
2069 4669 2193 4707 eum
2228 4652 2451 4708 Paulino
2484 4666 2539 4709 et
2564 4670 2594 4708 a
2634 4657 2737 4709 ﬁde
2778 4656 2972 4710 alienis
3000 4658 3068 4711 de
3094 4658 3200 4711 Deo
3233 4658 3567 4727 opinionem.

2003 4761 2023 4795 ι
2071 4743 2303 4814 Scripsit
2350 4746 2530 4810 enim,
2567 4762 2672 4801 non
2718 4749 2871 4815 quasi
2922 4758 3065 4802 esset
3092 4749 3240 4803 solus
3276 4751 3437 4816 Deus,
3472 4753 3564 4805 seel

2005 4854 2024 4887 ι
2073 4853 2210 4893 unus
2262 4848 2407 4894 esset
2452 4855 2614 4895 verus
2646 4840 2793 4896 solus
2830 4843 2987 4896 Deus.
3046 4841 3198 4898 Unde
3239 4843 3463 4897 edoctus
3512 4853 3570 4897 et

2004 4951 2023 4983 ι
2070 4932 2266 4986 Asterii
2306 4942 2455 5002 pater
2495 4932 2770 5001 Paulinus,
2820 4932 3065 5002 juniores
3115 4938 3383 5006 quosdam
3438 4938 3571 4990 deos

1995 5273 2165 5329 Παυλ.
2192 5271 2416 5345 155me
2441 5283 2495 5345 et
2520 5272 2669 5338 δντος
2702 5274 2861 5345 μόνου
2890 5275 2982 5327 τοῦ
3010 5273 3365 5345 ριῳκαὶῃἊστ.

2066 5346 2177 5414 (‘27)
2218 5337 2389 5416 vulgo
2438 5337 2715 5416 marmor:
2740 5360 2793 5397 et
2841 5342 3276 5416 ἀπληκτίσασθαι
3324 5351 3372 5416 et
3426 5337 3569 5416 ὥστε

1999 5410 2097 5488 μὲν
2130 5410 2173 5488 el
2202 5430 2250 5465 τ.
2279 5412 2423 5488 λέγοι
2454 5410 2731 5488 (ὦστξοὺκ
2768 5416 2833 5469 ἄν
2872 5410 2992 5486 Β.)ξ
3042 5428 3203 5483 porro
3258 5410 3410 5488 vulgo
3460 5412 3564 5488 six:

1994 5483 2090 5556 τὴν
2122 5483 2349 5559 ἡμετέρ.
2394 5498 2445 5559 et
2496 5486 2648 5559 uncis
2691 5488 2891 5559 inclusa
2924 5483 3077 5559 om._;_
3115 5498 3236 5536 mox
3287 5484 3448 5559 s'ulgo
3472 5483 3569 5559 τοῦ

1996 5552 2125 5639 Ιξῦσ.
2145 5552 2317 5639 πάλιν
2341 5566 2390 5639 et
2417 5555 2715 5639 ἀπξκοῆσαι
2738 5557 2882 5625 βούλ.
2911 5569 2956 5608 et
2994 5554 3239 5639 ἐξῆχεεν·
3268 5552 3389 5639 «Ἰρίιι
3417 5552 3569 5639 vulgo

1997 5623 2117 5678 εἶτα
2154 5624 2250 5694 μὲν
2288 5641 2337 5676 τ.
2362 5623 2455 5677 ἕνα
2490 5626 2550 5677 Θ.
2579 5620 2632 5678 et
2674 5620 2919 5685 κάκεῖνος
2964 5620 3232 5696 erant»;
3274 5620 3395 5673 ὲλπ.
3418 5660 3436 5686 ,
3479 5625 3570 5696 de-

2000 5713 2160 5764 nique
2221 5696 2372 5765 vulgo
2423 5696 2803 5766 ὁμολογοῦντι,
2861 5695 3212 5765 μεμψάμενός
3264 5708 3328 5760 γε
3373 5706 3424 5745 et
3476 5695 3577 5747 νυν

1999 5784 2098 5819 αυτ
2112 5784 2180 5819 .ν.
