2044 3217
221 175 270 203 771
555 171 689 200 EUSEBII
708 167 942 198 C/ESARIENSIS
958 166 1034 196 OPP.
1054 166 1144 195 PARS
1163 166 1206 194 IV.
1227 181 1261 186 ——
1280 165 1489 194 DOGMATICA.

1790 166 1843 193 772

222 244 232 259 ι
255 234 405 260 arbitratus
423 237 464 259 est
475 238 546 259 esse.
560 240 569 256 ι
585 231 670 263 Quos,
684 230 765 256 veluti
786 228 820 256 de
834 226 886 255 diis
902 226 1005 261 opinio-

1060 236 1068 251 ι
1090 234 1204 261 γραφεν.
1219 225 1301 251 Οὐδὲν
1320 224 1375 260 γὰρ
1391 224 1647 260 ωγχωρεῖὸλέγωνσ
1666 224 1841 260 Ποιήσωμεν

221 288 269 307 nes
288 280 493 307 introducentes
508 282 627 308 accusat,
643 284 703 302 cum
716 275 776 302 Filii
790 275 916 301 deitatem
927 277 1006 307 neget

221 327 289 359 ipse.
310 325 360 357 Qui
375 324 396 350 si
414 322 495 349 verba
523 321 673 348 Eusebiana
689 327 839 355 proponere
863 318 1004 349 voluisset.

220 370 397 397 intellexisset
412 366 505 401 procul
522 367 603 393 dubio
619 372 671 392 uOu
688 365 732 391 illa
743 371 882 398 esse,quat
896 363 1003 390 Patrem

219 415 306 441 solum
320 422 412 441 verum
420 413 503 440 Deum
514 412 679 444 docuissent,
690 418 750 450 cum
761 418 774 437 a
785 409 929 437 Servatorc
941 417 1005 444 pro-

219 460 302 486 Iattttu
312 460 347 487 sit
362 450 438 491 illud,
447 464 474 485 ut
486 465 510 485 te
521 463 677 492 cognoscant
687 456 772 484 solum
784 463 871 483 verum
880 455 961 481 Deum
970 454 1003 481 ⁵⁸.

219 506 285 533 Post
308 505 439 533 nonnulla
465 504 601 532 subnectit
633 503 758 537 inquiens
789 501 834 538 [Β.
863 500 968 536 XXVII]
996 510 1002 527 :

222 562 231 577 ι
255 551 377 586 Namque
400 551 471 577 unde
500 550 546 577 ille
566 549 645 576 nobis
662 549 848 576 demonstrare
872 547 971 582 poterit
989 554 1005 573 e

222 607 231 624 ι
255 597 405 632 Scripturis
422 596 525 627 sacris,
544 602 628 621 ouum
655 601 716 621 esse
738 594 905 629 ingenitum,
921 600 1003 620 unum

222 653 231 669 ι
255 644 318 670 item
332 642 451 677 genitum
467 644 495 673 »Β
510 640 552 676 (eo
567 640 647 667 modo
662 640 790 667 nimirum
804 646 857 674 quo
871 646 932 666 esse
943 646 1004 665 eum

222 701 231 716 ‹
254 692 371 726 genitum
385 691 436 726 ipsi
451 691 622 724 autumant),
634 697 696 717 cum
711 689 903 724 prophetarum
916 688 1003 715 nullus

222 745 231 762 ι
254 742 301 763 aut
319 737 558 771 evangelistarum,
573 736 664 763 nullus
679 734 862 770 apostolorum
885 734 910 761 id
933 733 1005 760 al'lir-

221 792 231 809 (
255 783 340 810 met?»
358 783 497 817 Deinceps,
519 790 572 809 non
585 789 665 809 secus
678 788 759 816 quam
774 780 818 814 qui
838 780 864 806 in
878 779 1004 806 certami-

218 829 298 856 nibus
313 828 489 860 describitur,
508 828 541 855 ad
560 834 669 854 manum
690 833 750 853 cum
770 826 895 852 omnibus
907 832 1003 852 conse-

219 876 341 906 rendam,
359 874 464 901 confert
476 881 505 901 se
518 874 551 900 ad
573 873 727 900 Narcissum
741 876 768 899 et
784 865 882 907 ait[ll.
899 869 1000 905 LXX]:

221 928 230 944 ι
254 918 321 952 Quis
336 924 425 945 autem
451 918 517 945 illud
539 918 668 949 aliirmat,
689 917 786 944 nedum
803 916 957 947 contendit,
978 919 1007 942 ut.
1023 907 1043 935 Β

221 975 231 991 ι
254 965 398 992 Narcissus
414 965 524 992 disertis
544 964 635 991 verbis
661 963 777 996 asserit,
807 963 924 997 primum
948 969 1007 989 esse

222 1019 231 1035 ι
257 1010 351 1042 Deum,
375 1014 402 1036 et
418 1010 579 1036 secundmu.
604 1008 662 1035 Non
687 1012 762 1035 certe
782 1007 926 1034 conﬁrmat
954 1007 1006 1034 hoc

224 1066 232 1081 ι
257 1058 328 1089 quod
344 1056 454 1087 dicitur,
471 1056 546 1087 illud,
570 1055 713 1081 Faciamus
737 1055 866 1080 hominem
885 1054 918 1079 ad
939 1055 1005 1079 inta-

224 1111 232 1126 ι
256 1109 339 1135 gmem
368 1106 483 1127 nostram
510 1106 535 1127 et
557 1101 754 1127 similitudinem
780 1100 813 1115 Μ·
840 1099 910 1134 (ipse
932 1099 1003 1125 enim

221 1147 350 1173 Dominus
376 1152 500 1178 testatur,
517 1151 544 1173 et
570 1148 667 1181 partim
691 1147 841 1173 andivituns
867 1154 881 1172 ιι
905 1146 1006 1173 sanctis

221 1194 377 1227 Scripturis,
391 1194 453 1228 quia
477 1194 534 1227 ipse
553 1194 688 1227 ipsiusque
709 1193 789 1219 Pater
811 1193 862 1218 duo
887 1197 959 1219 sunt.
978 1192 1005 1218 Si

220 1248 286 1274 ergo
301 1240 442 1266 Narcissus
456 1239 557 1266 idcirco
572 1239 636 1266 velit
649 1239 745 1265 Filium
761 1246 775 1264 a
797 1237 874 1263 l‘atre
888 1237 1005 1271 potentia

220 1285 358 1317 dividere,
384 1285 490 1311 noverit
512 1285 574 1318 quia
604 1284 647 1311 ille
671 1283 716 1317 qui
743 1283 852 1316 scripsit
879 1282 1006 1316 propheta

222 1332 298 1366 quasi
317 1332 385 1358 Deus
406 1331 504 1357 dixerit
524 1339 531 1356 :
557 1330 700 1356 Faciamus
714 1330 842 1356 hominem
860 1329 894 1354 ad
916 1327 1008 1361 imagi-

223 1387 231 1403 ι
254 1386 310 1404 nem
337 1382 453 1403 nostram
479 1382 502 1404 et
530 1376 750 1409 similitudinem),
783 1375 840 1408 ipse
855 1374 916 1400 ait:
939 1382 948 1398 ι
972 1372 1006 1399 Et

225 1433 234 1449 t
257 1424 317 1458 fecit
354 1423 486 1449 hominem
518 1422 595 1448 Deus.
630 1432 639 1447 ι
669 1422 773 1447 Itelicto
802 1419 948 1451 Narcisso,
981 1420 1007 1446 in

223 1470 356 1496 Asterium
374 1469 469 1495 scribit
486 1468 532 1503 (ﬂ.
553 1467 644 1502 LXIII]
667 1475 698 1493 ε(
722 1466 809 1493 Unum
835 1471 915 1499 atque
937 1466 1006 1492 idem

222 1524 231 1539 α
251 1521 310 1541 esse
319 1515 473 1547 pronuntiat
485 1514 617 1544 Asterius,
629 1513 736 1539 Patrem
748 1512 916 1538 solummodo
929 1517 1007 1545 atque

223 1568 231 1582 ι
254 1557 349 1584 Filium
379 1558 404 1584 in
431 1565 463 1584 eo
487 1558 557 1592 quod
588 1566 634 1592 per
658 1557 748 1583 omnia
781 1558 953 1583 consentiant
979 1561 1006 1583 et

223 1613 231 1627 ι
255 1604 432 1637 conspirant;
468 1604 506 1629 ait
526 1605 598 1630 cuitu
621 1612 627 1629 :
656 1603 769 1636 Propter
800 1603 1002 1629 exactissiuiam

223 1658 232 1674 ι
258 1648 330 1675 illam
364 1649 570 1676 consonantiam
601 1651 626 1674 in
658 1648 785 1675 erunibus
814 1647 894 1674 dictis
924 1652 1005 1681 atque

223 1703 232 1719 ι
256 1694 345 1726 factis,
372 1694 471 1721 dicitur
484 1702 492 1720 :
507 1693 562 1728 Ego
578 1698 601 1719 et
624 1691 705 1719 Pater
727 1700 808 1719 unum
825 1699 913 1718 sumus
939 1692 972 1718 ⁵⁷.
993 1701 1001 1717 ι

220 1735 356 1768 luvehitur
376 1740 473 1768 deinde
498 1740 524 1766 in
551 1739 696 1767 Eusebium
722 1739 758 1765 ita
773 1738 818 1774 [IL
835 1737 978 1773 LXXXIX]
995 1745 1003 1764 :

223 1797 233 1814 ι
258 1787 430 1815 Servatorem
451 1787 588 1814 hominem
606 1786 690 1813 fuisse
708 1786 806 1812 docet:
825 1785 904 1820 idque
922 1784 1006 1819 liquet

222 1843 232 1860 ι
258 1835 284 1861 ἰιι
307 1841 339 1861 eo
363 1834 435 1868 quod
460 1834 607 1860 vaferrime
635 1833 798 1860 sententiam
829 1831 1004 1866 apostolicam

222 1890 231 1906 ι
255 1881 374 1907 traducit
389 1879 523 1907 Eusebius
540 1879 574 1906 ad
588 1886 664 1906 suam
680 1878 847 1905 voluntatem
865 1877 1004 1904 constabi-

222 1935 232 1952 ι
254 1926 384 1954 liendatn.
403 1926 490 1953 Veluti
502 1926 574 1952 enirn
587 1924 632 1959 qni
644 1924 700 1959 jam
715 1924 816 1950 dudum
828 1924 1004 1958 parturierat,

223 1981 233 1999 t
258 1978 286 1999 ut
308 1973 334 1999 in
356 1972 442 1999 lucem
464 1971 662 2005 blasphemiam
678 1970 840 1996 horrendam
857 1969 1005 2004 productu-

223 2029 231 2044 ι
257 2027 312 2050 rus,
325 2019 362 2045 ita
378 2018 410 2045 de
429 2025 479 2045 suo
493 2017 603 2051 proprio
618 2016 744 2043 thesauro
758 2014 851 2042 effudit
862 2015 1004 2048 malitiam,

223 2073 232 2089 ι
251 2064 328 2099 juxta
339 2064 410 2091 dictu
416 2071 440 2089 ιιι
448 2063 612 2090 Servatoris.
623 2062 744 2096 Namque
753 2066 911 2089 ostensurus
920 2062 1006 2087 homi-

223 2119 232 2135 (
258 2117 317 2136 nent
338 2110 424 2136 solutn
456 2109 630 2136 Servatorem
659 2108 812 2140 exstitisse,
843 2116 896 2135 non
926 2108 1006 2135 aliter

223 2165 233 2181 ι
256 2164 335 2190 quant
350 2155 396 2190 qui
412 2155 570 2190 mysterium
582 2154 771 2181 absconditum
786 2154 908 2189 Apostoli
923 2154 1008 2180 mani—

223 2212 232 2227 ι
257 2202 404 2229 I‘estaturus
419 2207 489 2235 erat,
505 2203 547 2237 ,ita
574 2202 663 2236 inquit
678 2213 684 2229 :
700 2201 869 2236 Quapropter
893 2201 1007 2236 apertis-

1060 281 1068 297 ι
1089 272 1245 305 ἄνθρωπον
1259 271 1428 298 κατέικόνα
1442 271 1588 306 ἡμετέραν
1599 271 1647 297 καὶ
1658 271 1724 298 καθ’
1738 273 1836 307 ὁμοίως

1059 327 1067 342 ι
1089 325 1142 343 σιν
1149 317 1199 351 (ὃτι
1209 317 1258 351 μὲν
1266 316 1348 348 αὐτὸς
1356 316 1402 343 καὶ
1408 317 1421 342 ὁ
1430 316 1523 352 Πατὴρ
1530 316 1610 343 αὑτοῦ
1617 317 1664 343 δύο
1670 318 1748 348 εἰσὶν,
1758 318 1841 344 αὑτοῦ

1058 373 1068 388 ι
1088 362 1136 389 τοῦ
1160 362 1262 397 Κυρίου
1282 361 1480 397 μαρτυροῦντος
1507 362 1554 388 καὶ
1577 361 1632 388 τῶν
1661 362 1747 396 ἁγίων
1771 364 1790 389 Γ
1793 373 1842 399 ρα-

1058 418 1068 435 ι
1089 409 1146 443 φῶν
1164 410 1195 436 ὲκ
1212 409 1311 445 μέρους
1330 408 1496 444 ἠκούσαμεν.
1521 408 1552 435 Εἰ
1572 408 1662 435 τοίνυν
1685 408 1841 445 Νάρκισσος

1058 465 1066 481 ι
1086 456 1131 482 διὰ
1150 455 1228 482 τοῦτο
1244 456 1357 490 διαιρεῖν
1375 454 1488 490 δυνάμει
1502 455 1547 480 τὸν
1563 455 1647 489 Λόγον
1663 455 1710 481 τοῦ
1734 456 1841 491 Πατρὺς

1058 512 1067 528 ι
1086 502 1186 534 ἐθέλοι,
1201 502 1295 536 γνώτω
1309 502 1349 529 ὅτι
1362 503 1376 529 ὁ
1389 502 1493 537 γράψας
1507 505 1648 537 προφήτης
1660 502 1698 534 ὡς
1709 502 1756 529 τοῦ
1772 503 1840 530 Θεοῦ

1057 560 1067 576 ‹
1087 551 1241 586 εἰρηκότος·
1266 550 1440 585 Ποιήσωμεν
1466 551 1622 584 ἄνθρωπον
1646 550 1709 576 κατ’
1739 550 1843 577 εἰκόνα

1058 606 1066 622 ι
1087 597 1232 631 ’ἡμετέραν
1260 596 1309 623 καὶ
1335 596 1399 623 καθ’
1424 596 1585 631 ὁμοίωσιν),
1602 596 1681 627 αὐτὸς
1702 595 1840 632 γέγραφε-

1058 652 1066 668 ι
1086 643 1140 669 Καὶ
1153 642 1297 675 ἐποίησεν
1312 643 1328 669 ὁ
1339 642 1410 675 Θεὸς
1422 641 1475 669 τὸν
1491 641 1655 676 ἄνθρωπον.
1671 651 1681 668 ι
1691 642 1746 668 Καὶ
1758 651 1843 677 μετα-

1055 688 1105 720 ϐὰς
1116 687 1170 714 άπὸ
1184 688 1340 723 Ναρκίσσου
1358 688 1404 714 ἐπὶ
1415 688 1461 715 τὸν
1476 688 1622 723 Ἀστέριον,
1633 687 1719 715 ταῦτα
1730 689 1842 724 γράφει·

1058 742 1069 759 r
1090 734 1138 759 Ἓν
1162 734 1216 769 γάρ
1236 731 1306 760 εἶναι
1325 735 1371 761 καὶ
1393 734 1491 761 ταύτὸν
1515 735 1652 771 Ἀστέριος
1673 734 1745 761 κατὰ
1763 735 1842 762 τοῦτο

1057 788 1066 804 ι
1088 780 1246 814 ἀπεφήνατο
1263 779 1342 815 μόνον
1361 780 1406 806 τὸν
1431 780 1541 815 Πατέρα
1559 781 1606 807 καὶ¹
1623 781 1667 807 τὸν
1687 781 1761 813 Υίὺν,
1779 782 1841 808 καθ’

1058 834 1066 850 ι
1086 824 1100 851 δ
1116 826 1144 851 ὲν
1159 826 1226 851 πᾶσι
1241 826 1441 860 συμφωνοῦσιν.
1459 826 1537 853 Οὖτω
1559 827 1613 863 γὰρ
1635 827 1702 862 ἔφη·
1724 828 1780 854 Καὶ
1798 828 1843 856 διὰ

1058 880 1067 895 ι
1088 870 1137 906 τὴν
1155 871 1184 897 ἐν
1198 872 1265 898 ﬁdat
1276 871 1364 906 λόγοις
1386 881 1414 898 τε
1431 872 1479 898 καὶ
1502 872 1592 908 ἔργοις
1612 873 1711 909 ἀκριϐῆ
1729 882 1843 908 συμφω-

1060 926 1070 942 ι
1088 917 1156 949 νίαν,
1178 918 1251 952 Ἐγὼ
1264 918 1312 944 καὶ
1333 919 1349 945 ό
1364 918 1464 952 Πατὴρ
1486 918 1521 945 ἓν
1535 919 1638 953 ἐσμεν.
1660 929 1669 945 ι
1687 920 1742 946 Καὶ
1758 921 1842 947 Εὐσε-

1058 962 1115 989 ϐίου
1132 963 1211 989 πάλιν
1223 962 1490 998 καθάπτεταιλέγων
1502 972 1509 979 ·
1525 973 1533 990 ι
1553 965 1711 1000 Ἄνθρωπον
1726 965 1779 1001 γάρ
1794 966 1839 993 τὸν

1060 1019 1069 1035 ι
1090 1010 1204 1045 Σωτῆρα
1223 1008 1291 1037 εἶναι
1309 1009 1441 1045 βούλεται.
1463 1011 1546 1046 Δῆλον
1562 1011 1590 1037 δὲ
1611 1011 1657 1045 ἀφ’
1671 1008 1708 1038 ὧν
1725 1012 1838 1048 πανούρ-

1059 1065 1069 1082 ‹
1088 1065 1144 1091 γως
1168 1056 1203 1083 τά
1221 1057 1267 1083 τοῦ
1284 1058 1444 1085 Ἀποστόλου
1470 1057 1539 1093 ῥητά
1564 1058 1692 1090 Εὑσέΰιος
1718 1059 1779 1095 πρὸς
1805 1059 1834 1086 τὸ

1060 1112 1069 1127 ι
1089 1102 1184 1129 ἑαυτοῦ
1206 1103 1356 1139 μετήνεγκε
1378 1104 1510 1140 βούλημα.
1538 1105 1582 1137 Ὧς
1599 1105 1653 1140 γὰρ
1673 1106 1705 1131 ὲκ
1725 1105 1834 1137 παλαιᾶς

1060 1158 1069 1174 ι
1089 1158 1160 1181 τινος
1170 1149 1273 1181 ὠδῖνος,
1284 1150 1415 1186 μεγίστην
1427 1151 1581 1186 ἀποκυῆσαι
1593 1150 1751 1186 βουλόμενος
1762 1150 1839 1186 βλασ-

1059 1204 1069 1220 ‹
1089 1195 1204 1230 φημίαν,
1222 1195 1329 1231 ἐξέχεεν
1353 1196 1407 1222 ἀπὸ
1425 1196 1472 1223 τοῦ
1508 1196 1572 1223 ἰδίου
1600 1196 1746 1232 θησαυροῦ,
1772 1196 1842 1223 κατὰ

1060 1251 1069 1267 ι
1089 1243 1137 1278 τὴν
1153 1243 1199 1270 τοῦ
1223 1243 1349 1278 Σωτῆρος
1374 1244 1462 1279 ῥῆσιν,
1480 1243 1510 1269 τδ
1531 1243 1659 1278 πονηρόν.
1683 1243 1843 1279 Ἄνθρωπον

1060 1296 1069 1312 ι
1089 1287 1143 1323 γὰρ
1165 1288 1244 1323 μόνον
1264 1288 1310 1314 τὸν
1325 1288 1438 1323 Σωτῆρα
1452 1287 1536 1319 δεῖξαι
1552 1287 1720 1322 βουλόμενος,
1743 1288 1781 1319 ὼς
1798 1287 1847 1322 μέ-

1060 1342 1069 1358 t
1089 1342 1180 1367 γιπον
1200 1334 1267 1368 ἡμῖν
1290 1334 1443 1368 ἀπόρρητον
1459 1333 1506 1359 τοῦ
1528 1333 1687 1359 Ἀποστόλου
1708 1333 1846 1360 ἀνακαλύ-

1061 1388 1069 1404 ι
1091 1386 1165 1404 πτων
1188 1379 1346 1414 μυστήριον,
1359 1379 1445 1411 οὕτως
1459 1379 1521 1414 ἔφη·
1539 1379 1585 1405 Διὸ
1597 1379 1753 1413 σαφέστατα
1767 1380 1815 1405 καὶ
1829 1381 1845 1406 ὁ

1060 1434 1069 1451 ι
1090 1425 1160 1456 θεῖος
1182 1424 1355 1456 Ἀπόστολος,
1369 1426 1418 1460 τὴν
1430 1426 1582 1461 ἀπόρρητον
1599 1426 1663 1460 ἡμῖν
1683 1425 1729 1451 καὶ
1747 1434 1845 1460 μυστι-

1060 1478 1069 1495 t
1089 1470 1140 1505 κὴν
1158 1471 1318 1506 παραδιδοὺς
1332 1471 1478 1505 θεολογίαν,
1501 1471 1549 1506 βοᾷ
1561 1471 1608 1497 καὶ
1621 1471 1771 1507 κέκραγεν·
1790 1468 1846 1503 Εἷς

1060 1525 1069 1541 ι
1093 1517 1108 1543 ὁ
1118 1516 1198 1549 Θεός.
1208 1514 1274 1544 Εἶτα
1288 1517 1356 1553 μετὰ
1365 1517 1410 1544 τὸν
1420 1517 1468 1544 ἕνα
1476 1517 1541 1544 Θεόν
1554 1526 1644 1552 φησιν·
1660 1515 1712 1548 Εἷς
1717 1517 1843 1550 μεσίτης

1060 1569 1069 1586 t
1090 1560 1164 1588 Θεοῦ
1175 1562 1223 1588 καὶ
1235 1562 1404 1597 ἀνθρώπων,
1418 1562 1571 1596 ἄνθρωπος
1577 1562 1696 1596 Ἰησοῦς
1705 1561 1843 1595 Χριστός.

1061 1616 1070 1632 ι
1090 1608 1121 1633 EI
1142 1608 1229 1635 τοίνυν
1252 1608 1393 1644 ἄνθρωπον
1417 1608 1498 1634 αὐτὸν
1523 1606 1592 1634 εἷναί
1606 1616 1687 1642 φησι,
1723 1609 1755 1643 τῇ
1774 1608 1843 1635 κατά

1061 1664 1070 1679 ι
1090 1654 1179 1690 σάρκα
1204 1654 1284 1680 αὑτοῦ
1315 1655 1382 1690 μόνῃ
1403 1654 1542 1689 προσέχων
1564 1653 1713 1689 οἰκονομίᾳ,
1736 1654 1842 1686 πάντως

1061 1710 1070 1726 ι
1090 1702 1198 1728 κάκεῖνο
1213 1701 1386 1736 συνομολογεῖ
1399 1700 1430 1727 τὸ
1446 1701 1512 1737 μηδὲ
1531 1701 1603 1736 ἔχειν
1619 1700 1714 1727 ἐλπίδα
1736 1700 1779 1726 ἐπ’
1796 1700 1842 1725 αὺ-

1061 1755 1070 1771 ι
1089 1747 1145 1772 τόν.
1163 1746 1393 1781 Ἐπικατάρατος
1405 1747 1459 1782 γὰρ
1469 1746 1633 1781 ἅνθρωπος,
1658 1747 1673 1773 ὁ
1702 1746 1841 1781 προφήτης

1061 1801 1070 1817 t
1089 1792 1219 1827 Ἱερεμίας
1230 1792 1291 1828 ἔφη,
1307 1792 1341 1824 ὃς
1350 1792 1520 1826 τὴν-ἐλπίδα
1532 1793 1594 1827 ἕχει
1605 1793 1651 1819 ἑπ⁴
1659 1792 1833 1826 ἄνθρωπον-1

1064 1837 1144 1873 ὐρᾷς
1160 1838 1233 1869 ὅπως
1253 1838 1270 1872 ὴ
1294 1838 1377 1864 κακία
1396 1837 1554 1872 τυφλώττει.
1573 1837 1662 1864 Ταῦτα
1674 1835 1737 1871 γοῦν
1757 1835 1838 1865 αὐτὸς

1060 1884 1235 1919 μαρτυρήσας
1249 1883 1315 1910 Θεὸν
1336 1883 1509 1918 ὁμολογοῦντι
1528 1884 1572 1911 τὸν
1585 1884 1656 1915 Υἱδν,
1670 1881 1841 1918 μεμφόμενός

1058 1937 1087 1954 τε
1107 1930 1152 1956 ἐπὶ
1166 1930 1262 1965 τούτῳ,
1280 1930 1318 1962 ὡς
1330 1930 1395 1957 Θεὸν
1408 1930 1486 1965 οὐσίᾳ
1505 1930 1550 1956 καὶ
1572 1930 1684 1965 δυνάμει
1701 1927 1843 1962 ὑφεστῶτα

1058 1977 1103 2003 τὸν
1117 1976 1164 2003 τοῦ
1187 1977 1254 2003 Θεοῦ
1274 1977 1359 2010 Λόγον
1375 1976 1520 2010 εἱσάγοντι,
1541 1976 1588 2003 νῦν
1611 1976 1656 2003 τὸν
1669 1974 1749 2002 αὐτὸν
1765 1980 1844 1999 συκο-
1861 2009 1863 2011 _

1060 2024 1163 2057 φαντεῖ,
1180 2023 1217 2054 ὡς
1237 2022 1313 2057 ψιλὸν
1334 2022 1476 2057 ἄνθρωπον
1497 2021 1609 2056 λέγοντα
1630 2019 1697 2047 εἶναι
1717 2020 1761 2046 τὴν
1779 2020 1845 2054 Χρι-

1060 2069 1130 2101 στὸν,
1146 2069 1290 2104 προφανῶς
1305 2068 1554 2103 καταψευδόμενος,
1574 2068 1602 2094 ἐν
1626 2076 1654 2093 τε
1677 2064 1717 2098 οἷς
1740 2066 1844 2102 εἴρηκε,

1059 2115 1106 2141 καὶ
1130 2115 1158 2141 ὲν
1178 2112 1218 2146 οἷς
1242 2114 1305 2149 ἑξῆς
1331 2114 1428 2149 ἐπάγει
1447 2112 1524 2145 αὖθις
1553 2114 1616 2149 περὶ
1637 2113 1718 2139 αὐτοῦ
1743 2112 1844 2145 λέγων·

1062 2169 1071 2185 t
1098 2160 1168 2186 Ἀλλ’
1185 2161 1199 2187 ὁ
1215 2160 1420 2195 προειρημένος,
1442 2159 1543 2194 βραχέα
1559 2159 1613 2185 τῶν
1636 2159 1722 2192 ἁγίων
1741 2166 1847 2192 προφη-

1063 2215 1071 2231 ι
1091 2206 1144 2232 τῶν
1163 2206 1307 2240 φροντίσας
1317 2226 1324 2237 ,
1335 2205 1373 2236 ὡς
1392 2205 1546 2241 ἀπόρρητόν
1562 2213 1621 2231 τινα
1636 2204 1683 2230 καὶ
1698 2203 1847 2229 λανθάνου-

223 2258 232 2273 ι
255 2248 323 2275 sime
338 2249 445 2275 divinus
461 2248 607 2283 Apostolus
619 2249 805 2276 absconditam
823 2253 849 2276 et
865 2249 1005 2284 mysticam

1061 2261 1070 2277 ι
1092 2261 1142 2278 σαν
1155 2252 1201 2278 τοῦ
1225 2251 1385 2278 Ἀποστόλου
1407 2251 1545 2285 θεολογίαν
1565 2251 1759 2286 ἐξηγούμενος·
1795 2247 1847 2281 Εἷς

223 2303 233 2319 ‹
258 2295 335 2321 nobis
352 2295 515 2330 theologiam
537 2295 720 2328 revelaturus,
743 2295 843 2322 clamat
863 2299 891 2322 et
910 2294 1008 2322 vocife-

223 2350 232 2366 ι
258 2346 347 2366 ratur:
358 2339 430 2367 Unus
450 2347 487 2368 est
506 2341 577 2368 Deus
588 2342 621 2368 ⁵⁸.
635 2341 669 2367 Ει
677 2345 818 2375 postquam
830 2340 912 2367 Deum
924 2348 1006 2367 unttm

224 2397 232 2412 I
256 2394 317 2414 esse
342 2387 571 2420 conﬁrmaverat,
602 2387 777 2414 Mediatorem
791 2394 897 2422 quoque
925 2394 1005 2413 unum

224 2441 233 2458 ι
260 2432 306 2458 Dei
318 2437 394 2467 atque
407 2434 540 2460 hominum
554 2433 696 2461 constituit
710 2433 744 2465 ⁸⁸,
761 2433 897 2460 hominem
914 2433 1005 2460 Jesum

224 2488 233 2504 ι
256 2479 404 2506 Christum.
438 2479 514 2512 Quod
545 2481 567 2507 si
594 2488 658 2515 ergo
687 2480 823 2508 hominem
847 2479 907 2506 ideo
933 2478 1005 2505 illum

223 2536 232 2552 ι
253 2526 379 2561 appellet,
397 2527 467 2561 quod
483 2527 711 2561 respicereteam,
731 2534 789 2561 quae
805 2531 846 2553 est
859 2526 1005 2554 secundum

224 2582 233 2598 ι
256 2580 379 2604 carnem,
396 2574 588 2606 meonomiam,
603 2581 655 2600 non
669 2577 757 2608 potest
777 2573 834 2600 ﬁeri
849 2572 913 2607 quin
928 2571 1007 2598 simul

224 2626 232 2643 ι
256 2618 414 2652 proﬁteatur
428 2617 483 2651 ille,
497 2625 573 2652 spem
593 2625 623 2645 se
645 2617 744 2644 nullam
760 2618 787 2644 in
803 2624 836 2644 eo
853 2617 997 2644 collocare.

258 2678 286 2706 ᾖ(
296 2674 355 2710 iEd.
372 2673 471 2706 Paris.,
483 2682 555 2710 pag.,
572 2674 617 2710 28.

1065 2306 1073 2322 ι
1092 2296 1173 2329 Θεὸς,
1192 2297 1255 2332 ἔφη,
1265 2294 1309 2328 εἷς
1324 2297 1373 2322 καὶ
1385 2297 1511 2330 μεσίτης
1524 2296 1597 2323 Θεοῦ
1609 2296 1657 2322 καὶ
1673 2294 1847 2328 ἀνθρώπων,

1063 2351 1072 2367 ι
1087 2342 1240 2376 ἅνθρωπος
1247 2342 1365 2375 Ἰησοῦς
1373 2343 1508 2376 Χριστός.
1522 2352 1531 2368 ι
1541 2342 1595 2368 Καὶ
1602 2343 1615 2369 ὀ
1623 2341 1709 2368 ταῦτα
1727 2340 1818 2375 γράψα
1824 2348 1846 2370 ς,

1061 2388 1106 2414 καὶ
1123 2387 1224 2423 σφόδρα
1240 2388 1286 2414 ἐπὶ
1311 2387 1349 2422 τῷ
1378 2388 1528 2423 μεμνῆσθαι
1551 2388 1603 2414 τῶν
1620 2387 1735 2423 Γραφῶν
1763 2393 1850 2420 μεγα-

1059 2433 1175 2468 λαυχῶν,
1193 2434 1241 2459 οὐκ
1259 2434 1408 2468 ἐνενόησεν,
1424 2433 1463 2460 ὅτι
1480 2434 1494 2459 ὁ
1509 2433 1589 2460 τοῦτο
1604 2433 1712 2468 γράψας
1726 2430 1848 2465 ἁγιώτα-

1060 2488 1104 2511 eo;
1125 2480 1283 2511 Ἀπόστολος
1307 2480 1353 2506 κο.)⁴
1370 2481 1457 2506 ἐκεῖνο
1474 2480 1529 2515 (28)
1553 2480 1707 2515 γέγραφεν·
1737 2479 1786 2510 Ὃς
1812 2476 1849 2502 ἐν

1057 2525 1157 2560 μορφῇ
1172 2525 1246 2552 Θεοῦ
1259 2525 1410 2560 ὑπάρχων,
1425 2527 1481 2560 οὐχ
1495 2526 1651 2560 ἁρπαγμὸν
1662 2524 1798 2559 ἡγήσατο
1813 2523 1848 2548 τὸ

1060 2572 1135 2598 εἶναι
1159 2571 1211 2598 ἶσα
1235 2571 1306 2604 Θεῷ,
1328 2571 1395 2598 ἀλλ’
1416 2571 1565 2597 ἐκένωσεν
1579 2571 1704 2601 ἑαυτὸν,
1725 2567 1848 2604 μορφὴν

1052 2616 1164 2643 δούλου
1186 2617 1296 2649 λαϐὼν,
1310 2618 1346 2644 ἐν
1365 2615 1522 2652 ὁμοιώματι
1544 2617 1701 2651 ἀνθρώπου
1722 2616 1847 2652 γενόμε-

254 2709 277 2724 ⁵⁸
292 2709 369 2736 Joan.
387 2716 452 2742 xm,
471 2707 498 2737 3.
519 2707 568 2725 ’⁸⁸⁸
588 2709 654 2736 Gen.
669 2717 690 2740 ι,
704 2709 749 2736 26.
783 2709 806 2724 "
819 2708 897 2736 Joan.
910 2715 938 2739 x,
954 2708 999 2735 50.

1059 2718 1060 2721 η
1075 2708 1082 2734 I
1100 2708 1168 2735 Tim.
1187 2717 1215 2741 Il,
1294 2709 1316 2725 "
1330 2709 1393 2735 ibid.

258 2766 313 2799 (οε)
333 2766 418 2801 Vulgo
434 2767 546 2800 ἐκεῖνος,
569 2767 613 2794 ed.
633 2775 660 2800 p.
680 2767 706 2793 in
724 2775 795 2794 corr.
818 2769 921 2798 ἐκεῖνο;
943 2775 1003 2794 mox

221 2802 299 2835 vulgo
314 2801 436 2838 εὑρηθείς
448 2803 533 2838 ιιιεὶη
557 2801 610 2838 Mp.
624 2810 670 2837 γρ.
687 2802 781 2828 τούτου
797 2803 866 2838 (loco
890 2802 1002 2833 τούτων,

222 2842 249 2872 et
266 2838 333 2872 intra
350 2837 431 2862 αὐτοῦ
447 2837 516 2871 (loco
534 2837 650 2872 αὐτῶν);
679 2846 759 2872 porro
776 2838 854 2871 vulgo
882 2837 1004 2872 βούλημα

222 2871 279 2898 loco
292 2871 451 2906 βουλόμενος
465 2877 493 2899 et
507 2872 539 2899 ἂν
556 2871 610 2900 εἷεν
623 2871 650 2900 et
663 2871 704 2899 ὅτι
714 2872 745 2907 δὴ
754 2872 809 2898 οὐδ.
825 2881 849 2899 τ.
858 2871 900 2899 ἀλ.
915 2871 1010 2908 ἔμελλε

1055 2773 1082 2795 et
1097 2765 1191 2804 εἷρμον
1205 2774 1229 2794 et
1244 2768 1296 2794 τῶν
1311 2768 1440 2804 ῥημάτων
1470 2769 1526 2795 Ιο(·ο
1550 2768 1691 2803 ῥηματίων
1708 2774 1733 2795 et
1754 2765 1795 2804 εἷς
1818 2766 1849 2793 δὲ

1056 2804 1102 2839 καὶ
1119 2812 1146 2838 μ.
1163 2810 1189 2829 et
1204 2804 1237 2830 δι’
1252 2803 1335 2829 αὐτοῦ
1351 2809 1376 2839 et
1400 2803 1448 2835 τὰς
1465 2804 1493 2830 ὲν
1517 2804 1585 2839 αὐτῇ
1612 2810 1638 2832 ct
1659 2803 1849 2838 πεποιημένας

1056 2838 1073 2864 ἃ
1085 2839 1112 2865 δὲ
1126 2839 1197 2865 κατὰ
1210 2849 1238 2865 π.
1253 2839 1351 2874 τρόπον
1366 2838 1389 2865 δ.
