2044 3203
142 2927 164 2946 τί

171 167 218 194 Πῢ

717 161 858 190 CONTRA
879 161 1091 189 MARCELLUM
1111 162 1176 189 ΗΒ.
1198 163 1218 190 l.

1727 168 1781 193 ’ΨΑ

169 235 221 259 νος
245 224 291 251 καὶ
316 208 446 257 σχήματι
467 223 596 256 εὑρεθεὶς
621 223 660 254 ὼς
683 222 845 255 ἄνθρωπος.
870 221 949 255 Ὁρᾷς

1003 230 1010 245 ι
1035 221 1156 254 Namque
1189 221 1341 248 nia/edictus
1372 221 1468 255 homo,
1489 221 1621 250 Jeremias
1650 224 1779 258 propheta

169 273 253 303 ὅπως,
266 271 359 306 ὥσπερ
372 269 487 304 προϊδὼν
511 268 549 303 τῷ
571 268 704 302 πνεύματι
719 268 767 301 τὴν
781 276 880 293 τουτων
898 275 946 292 κα-

170 317 300 353 κουργίαν
321 317 334 342 ὁ
352 315 420 350 ἱερὸς
441 313 608 344 ’Λπόστολος,
624 313 708 344 οὕτως
727 314 755 338 ὲν
769 312 853 347 ἑτέρῳ
872 312 948 347 μέρει

169 364 210 395 τὸ,
222 363 261 395 ὡς
273 362 436 394 ἅνθρωπος,
449 359 560 395 ἔγραψε,
571 359 616 386 καὶ
628 358 662 384 ὲν
674 357 829 392 ὁμοιώματι
840 357 950 390 ἀνθρώ-

170 416 229 434 που
252 407 419 441 γενόμενος,
445 405 487 431 ἵνα
510 404 600 439 παύσῃ
625 403 713 429 αὐτῶν
740 403 789 437 τὴν
816 402 949 437 τοσαύτην

172 451 350 487 βλασφημίαν.
371 450 425 477 Καὶ
445 450 503 485 μεο“
518 450 599 485 ἔτερα
614 449 659 476 τὸν
683 448 763 475 αὑτὸν
789 450 950 482 συκοφαντεῖ

171 495 219 523 ὧδέ
236 505 292 527 πως
303 505 309 510 ”
331 506 339 521 ι
357 496 417 527 Πῶς
431 493 477 521 οὖν
493 495 596 526 τούτοις
615 495 651 530 μὴ
669 493 793 530 προσχὼν
810 493 947 525 Εὐσέϐιος,

174 552 182 567 ι
203 542 281 577 μόνον
295 541 436 577 ἄνθρωπον
450 541 493 567 τὸν
513 541 624 576 Σωτῆρα
636 537 705 566 εἶναι
720 539 858 574 βούλεται;
876 548 885 564 ι
912 540 948 565 Οὐ

170 587 292 623 φανερῶς
313 587 361 622 μὲν
377 586 455 612 τοῦτο
468 586 556 620 λέγειν
568 585 685 620 τολμῶν,
708 585 786 611 τοῦτο
808 586 836 611 δὲ
860 584 949 619 βουλό-

170 641 248 667 μενος
264 632 315 658 ὑπὸ
329 631 381 657 τῶν
399 631 469 657 ἰδίων
483 631 620 666 ἐλέγχεται
636 631 748 665 ῥήσεων.
767 630 822 656 Καὶ
835 630 849 655 ὁ
866 629 950 655 ταῦτα

170 677 252 703 εἰπὼν
265 678 309 703 τὸν
324 677 402 703 αὐτὸν
414 676 611 711 κατεμέμφετο,
627 676 664 707 ὡς
677 675 741 701 Θεὸν
751 674 949 710 ἀναγορεύοντα

170 725 216 751 τὸν
229 724 301 756 Υἰὸν,
319 724 430 759 γράφων
457 722 542 749 οὕτω·
564 722 663 748 Διελεῐν
678 722 731 757 γὰρ
746 722 791 748 τὸν
804 721 888 755 Λόγον
902 720 948 747 τοῦ

1003 277 1011 291 ι
1036 268 1119 298 ait“,
1143 268 1188 302 qui
1212 269 1237 294 in
1264 268 1377 306 homine~
1391 269 1556 296 collocauerit
1575 278 1645 305 spem
1662 280 1746 298 suam.
1769 280 1778 297 ι

1004 312 1083 340 Vides
1096 318 1125 340 ut
1136 315 1255 341 obcaecat
1268 314 1388 341 homines
1399 314 1512 342 malitia.
1524 314 1590 342 Nam
1602 316 1646 350 qui
1661 318 1781 344 testimo-

1002 360 1075 384 niutn
1092 357 1144 385 tale
1161 358 1334 392 perhibuerat
1347 359 1429 386 Deum
1449 359 1547 387 Filium
1561 361 1718 389 conﬁtenti:
1736 364 1780 395 qui

1002 403 1213 438 reprehenderat
1231 411 1291 430 eum
1315 412 1330 430 a
1354 412 1407 438 quo
1432 405 1477 432 Bei
1502 405 1618 433 Verbum
1638 407 1707 433 Deus
1723 414 1782 434 esse

1004 446 1303 476 dicebatursubstantih
1319 451 1468 478 subsistens
1482 456 1508 478 et
1518 452 1653 486 potentia;
1669 452 1700 482 is,
1712 452 1781 479 idem

1002 502 1086 526 nunc,
1097 495 1222 522 eumdem
1242 495 1302 522 ideo
1317 501 1437 529 accusat,
1452 496 1528 530 quasi
1550 497 1593 531 qui
1609 499 1706 524 nudum
1721 506 1782 525 esse

1002 539 1139 567 hominem
1162 540 1300 567 Christum
1316 541 1422 568 dixerat.
1436 550 1443 568 :
1458 542 1628 576 apertissime
1642 544 1780 575 mentitus,

1003 589 1058 611 ttttn
1076 585 1101 612 in
1117 585 1176 612 istis
1195 586 1230 613 ita
1247 586 1352 620 positis,
1370 592 1425 613 tum
1446 588 1471 614 in
1493 587 1545 615 illis
1570 596 1629 622 qua:
1655 589 1782 623 deinceps

1002 631 1122 657 annectit
1138 631 1283 667 dicens[i{.
1297 631 1374 667 XC]:
1390 632 1504 659 «Verum
1520 640 1601 667 supra
1618 634 1781 666 nominatus,

1005 684 1014 700 ι
1025 682 1085 703 cum
1097 683 1148 703 non
1157 678 1244 711 magni
1257 677 1356 705 faceret
1365 679 1548 706 sanctissimos
1557 679 1713 713 prophetas,
1725 684 1782 706 tan-

1004 730 1013 747 ι
1029 729 1107 756 quam
1117 722 1161 757 qui
1174 723 1357 750 absconditam
1373 724 1444 751 illam
1454 729 1480 751 et
1491 719 1651 752 inetltibilem
1661 725 1782 759 Apostuli

170 770 237 796 Θεοῦ
251 770 396 805 τολμήσας,
418 769 464 795 καὶ
483 769 573 803 ἕτερον
587 767 652 794 Θεὸν
670 768 715 793 τὸν
738 767 823 801 Λόγον
849 766 947 801 ὀνομά-

172 826 231 849 σας,
250 817 327 852 οὐσίᾳ
343 825 371 842 τε
389 817 434 842 καὶ
450 815 561 849 δυνάμει
575 813 704 840 διεστῶτα
720 813 765 839 τοῦ
780 813 895 848 Πατρὸς,
908 812 949 843 εἰς

1004 821 1013 837 ι
1031 821 1098 839 unus
1113 813 1242 848 Deiatque
1252 814 1383 841 hominum
1397 816 1527 842 mediator
1539 818 1615 843 homo
1624 816 1702 844 Jesus
1711 817 1782 844 Chri-

170 864 235 898 ὅσην
251 862 421 898 βλασφημίαν
438 861 630 892 ὲκπέπτωκενς

1003 867 1010 883 ι
1028 859 1124 885 stus“.
1137 868 1146 885 ι
1159 860 1254 891 >I<llzec
1263 861 1308 895 qui
1318 861 1474 896 scripsit,et
1484 862 1714 889 vehementersibi
1730 863 1781 897 ipsi

170 909 279 943 placuit,
289 909 363 943 quasi
374 907 528 941 Scripturas
539 912 632 932 omnes
640 904 768 932 memoria
780 908 884 937 tenens,
898 911 1066 938 nequaquam
1084 909 1171 932 tamen
1184 907 1322 941 cogitavit,
1332 908 1455 935 eumdem
1467 907 1513 941 qui
1529 908 1580 935 hoc
1593 908 1701 942 scripsit
1713 909 1782 935 divi-

171 963 233 981 num
249 954 416 989 Apostolum,
431 958 458 980 et
475 952 539 979 illud
556 952 581 979 in
593 951 695 986 scripta
712 951 834 978 retulisse
849 960 856 977 :
871 951 922 983 Qui
936 959 994 977 cum
1009 951 1035 977 in
1049 951 1134 985 [arma
1151 951 1197 978 Dei
1211 952 1357 986 exsisteret,
1373 961 1423 980 non
1437 953 1581 980 arbitratus
1600 959 1636 980 est
1653 954 1780 986 rapinam.

168 1011 223 1029 esse
235 1001 358 1036 wqualem
373 1001 435 1031 Deo,
444 1000 487 1026 sed
496 999 638 1026 exinnuiuit
650 998 814 1031 semetipsum
824 1002 957 1030 assumpta
969 998 1035 1024 servi
1045 997 1174 1029 forma,iu
1187 998 1385 1025 similitudinem
1393 999 1505 1026 hominis
1517 1000 1651 1032 exsistet",
1660 1005 1683 1027 et
1693 1000 1782 1034 ﬁgura

171 1053 283 1082 repertus
296 1051 419 1081 tanquam
434 1045 509 1072 homo
519 1045 552 1071 ⁶¹.
567 1043 648 1071 Vides
662 1048 691 1070 ut
701 1048 811 1070 sanclus
821 1043 865 1070 hic
879 1043 1031 1076 Apostolus,
1048 1043 1129 1070 veluti
1144 1044 1187 1078 qui
1200 1045 1295 1078 spiritu
1312 1045 1425 1071 istorum
1440 1044 1640 1079 improbitatem
1657 1046 1781 1080 provide-

171 1097 221 1124 ret,
232 1093 304 1123 alihi,
321 1095 402 1125 atque
416 1090 467 1116 alia
477 1092 502 1117 in
517 1094 593 1124 parte
606 1090 642 1116 ita
659 1089 788 1123 scriptum
801 1088 916 1122 reliquit,
933 1093 1057 1123 tanquam
1067 1089 1155 1122 Immo,
1166 1095 1192 1117 et
1202 1091 1229 1117 in
1245 1090 1443 1117 similitudinem
1453 1091 1566 1117 hominis
1577 1092 1717 1121 exsistens,
1728 1098 1780 1125 quo

171 1144 275 1166 tantam
291 1139 386 1166 horum
410 1137 602 1171 blasphemiam
622 1143 795 1171 compescere
820 1141 919 1170 posset.
944 1135 1008 1163 Post
1033 1137 1086 1163 alia
1105 1138 1229 1165 eumdem
1249 1138 1429 1165 calumniatur
1455 1138 1507 1165 isto
1529 1139 1608 1165 modo
1626 1137 1671 1173 [IL
1688 1137 1779 1173 XCI]:

174 1196 182 1211 I
206 1187 344 1219 Quomodo
358 1185 438 1220 igitur
454 1184 565 1216 factum.
581 1187 610 1210 ut
623 1184 754 1211 Eusebius
771 1191 830 1211 cum
848 1184 880 1210 ad
895 1185 944 1210 ista
961 1192 1013 1211 non
1033 1186 1195 1218 attenderet,
1216 1185 1389 1213 Servatorem
1404 1189 1526 1212 nostrum
1542 1185 1628 1212 solum
1644 1185 1780 1212 hominem

174 1243 183 1259 ι
207 1239 314 1261 exstare
330 1232 516 1260 contendatis
534 1232 591 1259 Non
610 1231 660 1258 hoc
673 1231 781 1265 quidem
796 1239 878 1258 ausus
900 1236 942 1258 est
960 1237 1052 1265 aperte
1083 1232 1205 1267 profari:
1236 1238 1264 1260 at
1286 1233 1337 1260 hoc
1369 1232 1488 1260 voluisse
1510 1233 1650 1261 convictus
1676 1237 1781 1259 tenetur

172 1282 227 1308 suis
254 1281 336 1316 ipsius
365 1280 465 1307 verbis.
491 1279 522 1306 Et
546 1279 731 1310 nihilominus,
761 1279 805 1312 qui
824 1278 863 1306 sic
883 1287 943 1305 eum
963 1285 1084 1312 accusat,
1099 1280 1271 1314 reprehendit
1297 1279 1372 1309 illum
1385 1287 1503 1314 quoque,
1525 1280 1596 1315 quod
1610 1279 1706 1306 Filium
1720 1287 1782 1308 esse

1005 776 1014 792 ι
1033 767 1191 800 theologiam
1206 768 1440 803 interpretaretur,
1450 769 1535 803 Unus,
1546 770 1641 805 inquit,
1654 771 1724 798 Deus
1732 777 1780 803 est,

172 1327 254 1354 Deum
267 1331 421 1353 asseveret:
437 1325 557 1352 dividere
572 1323 679 1358 quidem
695 1323 741 1350 Dei
758 1323 875 1350 Verbum
895 1331 986 1356 ausus,
1015 1330 1043 1352 et
1063 1325 1180 1352 Verbum
1212 1325 1294 1352 Deum
1328 1325 1442 1353 alterum
1471 1325 1622 1358 nominans,
1655 1325 1781 1353 substan-
1825 1318 1830 1324 ί

173 1375 207 1401 tia
223 1380 248 1400 et
263 1373 381 1406 potentia
398 1380 412 1398 a
431 1371 512 1398 Patre
531 1369 711 1403 diﬂ'erentem,
727 1371 753 1397 in
772 1375 900 1405 quautam
917 1371 1011 1398 incidit
1024 1372 1217 1406 blasphemiam
1231 1372 1241 1398 ?

206 1419 331 1445 Τοσαῦτα
352 1418 398 1444 καὶ
419 1417 519 1444 τούτων
535 1416 574 1443 ἔτι
592 1416 688 1452 μακρῷ
699 1416 808 1443 πλείονα
824 1417 854 1443 ού
880 1417 950 1444 κατὰ

1035 1418 1119 1445 Totet
1130 1418 1202 1450 talia,
1213 1423 1240 1445 et
1252 1417 1329 1453 longe
1343 1418 1430 1445 adhuc
1443 1417 1518 1453 plura
1534 1425 1587 1446 non
1604 1418 1630 1445 in
1643 1418 1714 1446 solos
1722 1419 1780 1454 epi-

174 1466 261 1501 μόνων
285 1464 338 1491 τῶν
364 1463 529 1495 ἐπισκόπων,
552 1462 619 1489 ἀλλὰ
635 1462 768 1489 καὶκατὰ
790 1463 838 1498 τῆς
861 1463 952 1497 ὑγιοῦς

172 1513 219 1538 καὶ⁴
231 1511 456 1546 ὲκκλησιαστικῆς
470 1510 586 1541 πίστεως
612 1509 758 1544 ἐκθέμενος
783 1509 951 1545 Μάρκελλος,

171 1558 248 1593 δῆλος
259 1557 292 1583 ἂν
306 1557 349 1591 εἴη
363 1557 457 1587 ὁποίας
468 1556 548 1587 αὐτὸς
561 1556 665 1591 ὑπῆρχε
680 1555 872 1591 προαιρέσεως.
892 1555 952 1582 Ὀτι

170 1604 191 1630 δ’
210 1604 285 1630 οὐδὲν
298 1603 347 1637 τῆς
362 1602 488 1637 ἀληθείας
506 1602 584 1637 ἔμελε
596 1602 634 1636 τῷ
649 1602 734 1637 ἀνδρὶ,
751 1601 845 1636 μάθοις
860 1601 892 1628 ἂν
906 1602 952 1628 αὐ-

171 1651 231 1680 ταῖς
245 1648 362 1684 ἐντυχὼν
378 1649 435 1679 ταῖς
453 1647 506 1673 τῶν
520 1648 676 1673 ἐπισκόπων
690 1647 854 1679 ἐπιστολαῖς,
870 1648 897 1673 ὲν
908 1645 952 1678 αἶς

172 1697 297 1731 εὑρήσεις
311 1696 391 1721 αὑτὸν
403 1696 433 1720 τὸ
454 1694 502 1729 μὲν
521 1694 574 1719 πᾶν
595 1693 674 1727 σῶμα
690 1693 740 1727 τῆς
760 1692 877 1724 διανοίας
900 1693 954 1719 τῶν

172 1742 270 1774 λέξεων
284 1739 522 1776 ἀκρωτηριάζοντα
532 1747 539 1753 ”
567 1739 613 1765 καὶ
627 1738 672 1765 τὸν
693 1738 743 1773 μὲν
757 1738 845 1764 πάντα
861 1738 954 1773 εἱρμὸν

172 1787 390 1822 ἀποκρύπτοντα,
415 1786 556 1822 ῥηματίων
570 1785 598 1811 δὲ
616 1784 890 1820 ἀντιλαμϐανόμενον,
906 1783 953 1810 καὶ

171 1834 271 1860 τούτων
284 1832 443 1868 κακούργως
461 1831 618 1866 ποιούμενον
636 1831 685 1866 τὴν
695 1830 830 1864 διαϐολήν.
852 1829 954 1856 Αὐτίκα

171 1880 237 1914 γοῦν
252 1880 413 1913 συκοφαντεί
424 1878 469 1904 τὸν
486 1877 613 1904 Εὐσέϐιον
628 1878 661 1903 ὲκ
676 1876 723 1902 τοῦ
738 1875 901 1912 προφανοῦς,
916 1875 953 1906 ὡς

171 1925 247 1960 ψιλὸν
262 1924 403 1959 ἄνθρωπον
423 1923 469 1949 τὸν
483 1923 599 1959 Χριστὸν
615 1922 758 1957 εἰρηκότα·
784 1920 878 1956 ἐπειδὴ
905 1920 954 1955 τῆς

172 1970 350 2004 ἀποπολικῆς
362 1969 452 2004 φωνῆς
467 1970 494 1995 ὲν
508 1970 541 2004 τῇ
556 1967 650 1994 ἑαυτοῦ
664 1967 791 2001 ἐπιστολῇ
806 1966 853 2001 τὴν
864 1965 954 2001 παρά-

173 2017 245 2043 θεσιν
262 2016 416 2050 πεποίηται,
443 2016 476 2041 δι’
497 2012 530 2049 ἦς
552 2014 632 2045 αὐτὸς
656 2012 731 2039 εἶπεν
753 2014 766 2039 ὁ
779 2011 951 2043 Ἀπόστολος-

174 2061 224 2095 Εἷς
238 2062 291 2097 γὰρ
303 2064 319 2089 ό
339 2062 419 2094 Θεός·
436 2058 479 2093 εἷς
497 2060 531 2086 δὲ
548 2059 597 2086 καὶ
612 2059 738 2094 μεσίτης
752 2057 824 2085 Θεοῦ
840 2057 889 2084 καὶ
902 2057 954 2084 ἀν-

1002 1472 1098 1500 scopos
1116 1473 1177 1492 cum
1197 1465 1313 1492 eﬂutivit
1334 1465 1490 1497 Marcellus,
1504 1465 1552 1493 sed
1570 1465 1595 1492 in
1616 1465 1700 1500 ipsam
1712 1473 1780 1500 quo-

1002 1519 1053 1545 que
1061 1519 1153 1539 sanam
1166 1515 1193 1538 et
1206 1510 1418 1538 ecclesiasticam
1433 1509 1522 1542 ﬁdem,
1533 1509 1679 1538 manifeste
1691 1511 1780 1538 decla-

1002 1562 1045 1584 rat
1058 1564 1112 1592 quo
1124 1556 1216 1583 animo
1232 1556 1359 1591 praeditus
1371 1561 1399 1583 et
1414 1556 1552 1583 voluntate
1563 1556 1661 1584 fuerat.
1674 1556 1780 1584 Nullam

1003 1611 1067 1630 vero
1083 1611 1174 1630 curam
1195 1603 1231 1630 illi
1254 1603 1376 1630 veritatis
1395 1602 1479 1630 fuisse
1500 1603 1605 1630 discere
1628 1604 1740 1638 poteris,
1757 1604 1779 1631 si

1003 1650 1029 1675 in
1042 1649 1115 1684 ipsas
1130 1649 1273 1683 aliquando
1287 1649 1476 1683 episcoporum
1488 1648 1616 1682 epistolas
1630 1648 1777 1676 incideris:

1003 1694 1124 1722 invenies
1139 1694 1239 1721 etenim
1261 1693 1346 1726 illum,
1369 1700 1467 1727 corpus
1494 1694 1660 1728 universum,
1685 1703 1780 1723 sensus

1003 1745 1030 1766 et
1043 1740 1184 1767 sententiae
1202 1746 1297 1766 earum
1320 1739 1490 1767 delumbasse
1515 1740 1623 1772 seriem,
1645 1741 1779 1768 dictorum

1003 1786 1056 1812 vim
1071 1785 1335 1813 occultasse:verba
1353 1786 1512 1819 arripuisse.
1532 1791 1559 1813 et
1581 1791 1690 1821 arrepta
1712 1787 1780 1815 satis

1004 1831 1125 1865 improbe
1144 1831 1335 1858 calumniasse.
1356 1831 1502 1858 Eusebium
1522 1838 1614 1867 aperte
1637 1834 1780 1861 calumniis

1003 1874 1118 1909 impetit,
1132 1875 1209 1909 quasi
1221 1875 1323 1902 diceret
1338 1875 1475 1902 Christum
1497 1883 1557 1904 esse
1573 1879 1672 1905 nudum
1689 1879 1778 1906 homi-

1003 1928 1076 1952 nem,
1092 1921 1152 1947 ideo
1168 1921 1282 1955 quod'in
1300 1922 1414 1956 epistola
1431 1929 1478 1949 sua
1494 1923 1654 1950 sententiam
1671 1929 1779 1958 aposto-

1004 1967 1082 1994 licam
1096 1972 1249 2000 usurparat,
1269 1974 1348 2002 quam
1374 1968 1413 1994 sic
1429 1968 1516 2002 posuit
1529 1969 1779 2003 Apostolus:Uuus

1002 2013 1094 2040 etenim
1107 2012 1178 2039 Deus
1188 2018 1246 2039 est:
1261 2021 1327 2039 unus
1341 2013 1470 2040 mediator
1481 2013 1530 2041 Dei
1545 2019 1622 2050 atque
1633 2016 1778 2049 hominum,

1003 2059 1078 2085 homo
1090 2059 1166 2085 Jesus
1178 2059 1297 2086 Christus
1311 2059 1343 2086 ".
1358 2058 1414 2087 Hoc
1429 2059 1538 2087 eﬂatum
1556 2061 1656 2089 idcirco
1672 2067 1779 2097 aposto-

173 2109 303 2142 θρώπων,
312 2108 460 2141 ἄνθρωπος
471 2106 590 2140 Ἰησοῦς
597 2103 841 2138 Χριστός.Ταύτην
852 2104 900 2138 μὲν
908 2100 951 2129 οὖν

1004 2104 1095 2137 licum,
1113 2109 1238 2139 tanquam
1255 2105 1436 2133 Eusebiannm
1450 2112 1580 2134 accusat:
1600 2114 1650 2135 nec
1664 2109 1780 2136 advertit

172 2155 221 2189 τὴν
241 2153 420 2188 ἀποστολικὴν
434 2151 516 2184 λέξιν,
534 2151 633 2178 ὡσανεὶ
643 2149 772 2176 Εὑσεϐίου
787 2147 878 2181 οὖσαν,
896 2149 952 2175 δια-

174 2201 297 2236 ϐέϐληκε·
317 2200 354 2235 μὴ
369 2199 468 2230 συνιεὶς
482 2200 496 2225 ὁ
510 2197 672 2233 σοφώτατος,
686 2197 726 2223 ὅτι
742 2196 786 2222 τὸν
795 2196 952 2223 Ἀπόστολον

174 2246 306 2277 διέϐαλλε,
319 2245 367 2277 τὰς
378 2245 406 2271 δὲ
422 2244 502 2271 αὐτοῦ
519 2243 619 2278 φωνὰς,
635 2243 683 2274 τὰς
694 2244 722 2269 ὲν
739 2243 771 2277 τῇ
786 2242 853 2277 αὐτῇ
872 2250 952 2276 φερο-

176 2292 258 2327 μένας
282 2291 419 2327 ἐπιστολῇ,
434 2290 483 2322 τάς
498 2298 526 2316 τε
545 2291 573 2316 ἐν
595 2290 651 2320 τοῖς
667 2289 768 2320 λοιποῖς
788 2288 869 2314 αὐτοῦ
891 2297 954 2323 συγ-

173 2340 327 2375 γράμμασι,
340 2339 394 2369 τοῖς
406 2339 444 2369 εἰς
454 2337 502 2368 τὰς
517 2337 590 2368 θείας
603 2336 711 2372 Γραφὰς
728 2335 925 2370 πεπονημένοις
936 2334 953 2360 ἃ.

173 2384 205 2418 δὴ
216 2383 285 2410 κατὰ
299 2382 386 2409 πάντα
401 2382 480 2408 τόπον
490 2381 645 2413 διαδέδοται,
658 2381 745 2416 σιωπῇ
758 2379 936 2415 ’παραδέδωκε
945 2388 952 2394 ·

175 2430 279 2464 κρύψας
293 2430 325 2465 τῇ
339 2429 426 2464 σιωπῇ
441 2427 459 2454 ὃ.
472 2428 508 2463 μὴ
527 2428 582 2463 (29)
606 2427 792 2461 συκοφαντεῖν,
809 2425 851 2467 Τὸ.
860 2426 951 2460 ὅμοιον

176 2475 197 2502 δ“
218 2475 249 2501 ἂν
265 2474 337 2511 εὖροι
348 2484 388 2506 τις
402 2474 482 2501 αὑτὸν
506 2472 672 2508 πεποιηκότα
689 2473 736 2499 καὶ
761 2471 873 2498 ἐπὶτῶν
896 2470 951 2497 λοι-

177 2520 246 2551 πῶν,
262 2517 298 2547 div
311 2520 468 2554 διαϐέϐληκε
490 2519 674 2554 γραμμάτων·
700 2518 718 2544 ἃ
736 2517 778 2552 δὴ,
795 2517 873 2550 λόγου
885 2524 952 2551 συμ-

179 2566 274 2601 μετρίᾳ
288 2566 446 2601 φειδόμενοι,
459 2567 513 2596 τοῖς
528 2565 646 2590 ἐθέλουσι
669 2564 715 2598 τὴν
733 2562 833 2589 τούτων
850 2562 950 2597 ἀκριϐῆ

177 2611 310 2637 ποιεῖσθαι
342 2610 484 2645 διάγνωσιν
513 2609 755 2644 παραχωρήσομεν,
793 2606 951 2637 σπεύδοντες

176 2657 252 2685 αὐτοὶ¹
263 2657 310 2691 τὴν
330 2658 412 2692 αὐτὴν
434 2657 589 2692 Μαρκέλλου
608 2654 724 2690 περὶτοῦ
737 2653 800 2680 Υἱοῦ
817 2653 863 2679 τοῦ
883 2651 949 2678 Θεοῦ

177 2702 398 2737 ξενοφωνίανῆδη
413 2703 502 2729 λοιπὸν
527 2701 705 2734 ἀποκαλύψαι,
722 2700 759 2730 ὡς
783 2698 815 2725 ἂν
838 2698 929 2732 φανέρ’
938 2706 951 2723 ν

1004 2151 1045 2177 vir
1059 2151 1185 2186 prudens,
1204 2151 1361 2186 Apostotum
1382 2153 1415 2179 ab
1432 2159 1464 2180 eo
1482 2158 1647 2185 accusatum,
1670 2159 1779 2188 propter

1005 2196 1054 2223 has
1070 2204 1149 2223 voces
1166 2197 1268 2231 positas
1287 2197 1312 2223 in
1331 2198 1442 2232 epistola
1456 2197 1511 2230 illa,
1526 2203 1553 2225 et
1571 2199 1634 2226 alibi
1651 2201 1677 2225 in
1694 2199 1780 2233 operi-

1006 2241 1054 2268 bus
1070 2240 1187 2273 ejusdem
1204 2240 1272 2274 aliis,
1288 2249 1348 2275 quae
1360 2242 1386 2268 in
1405 2249 1496 2269 sacras
1511 2242 1665 2277 Seripturas
1680 2251 1778 2271 exara-

1006 2286 1062 2318 vit;
1077 2294 1136 2321 quin
1155 2287 1255 2321 ubique
1281 2294 1307 2315 et
1327 2289 1427 2322 passim
1453 2290 1675 2323 depraadicantur,
1694 2293 1723 2322 >3
1742 2292 1779 2318 si-

1001 2332 1084 2359 lentio
1110 2333 1238 2366 involvit;
1262 2333 1307 2361 illa
1334 2334 1450 2361 reticens
1462 2342 1520 2369 qua:
1543 2336 1702 2363 calumniari
1726 2345 1777 2364 non

1002 2383 1115 2413 poterat.
1138 2379 1292 2406 Consimilia
1320 2385 1489 2414 perpetrasse
1514 2381 1587 2408 illum
1611 2382 1674 2409 licet
1685 2383 1779 2409 obser-

1001 2431 1066 2451 vare
1081 2425 1107 2451 in
1121 2425 1225 2452 caeteris
1236 2433 1344 2461 quoque
1369 2427 1478 2461 scriptis
1494 2435 1553 2462 qua:
1570 2433 1689 2456 accusat.
1702 2429 1776 2461 Quae,

1003 2477 1036 2497 ne
1048 2470 1135 2497 oratio
1146 2476 1286 2498 excrescat
1298 2472 1324 2498 in
1339 2472 1513 2505 immensum,
1531 2473 1582 2500 illis
1596 2474 1779 2507 permittimus

1002 2517 1199 2550 cognoscenda,
1214 2518 1313 2551 quibus
1334 2519 1437 2545 libitum
1451 2524 1493 2546 est
1508 2519 1632 2546 exactius
1648 2526 1678 2546 ea
1704 2520 1779 2546 inve-

1004 2561 1105 2596 stigare
1118 2570 1125 2588 :
1139 2569 1171 2589 eo
1194 2563 1388 2590 contendentes
1409 2564 1476 2598 ipsi,
1494 2569 1523 2591 ut
1542 2563 1660 2591 Marcelli
1676 2564 1778 2589 novita-

1003 2611 1057 2633 tem
1074 2608 1107 2635 de
1129 2607 1175 2634 Dei
1196 2607 1265 2635 Filio
1284 2608 1437 2636 inusitatam
1460 2609 1488 2636 in
1508 2613 1631 2644 apertum
1659 2608 1777 2643 proferu-

1005 2661 1073 2685 mus,
1092 2654 1127 2680 ita
1148 2658 1176 2681 ut
1202 2654 1352 2690 intelligant
1375 2655 1495 2683 universi
1522 2657 1680 2689 perspicue,
1697 2661 1776 2688 quam

1005 2692 1166 2726 sententiam
1183 2699 1286 2729 fovebat
1302 2701 1324 2729 is
1338 2700 1371 2727 de
1385 2700 1451 2728 Filio
1469 2700 1527 2727 Dei.

176 2751 280 2785 γένοιτο
291 2753 345 2781 τοῖς
356 2751 445 2779 πᾶσιν,
458 2751 530 2781 ὅπως
543 2749 621 2779 αὐτὸς
635 2748 740 2782 ἐφρόνει
752 2746 814 2782 περὶ
830 2744 876 2771 τοῦ
888 2743 951 2770 Υἰοῦ
967 2744 1014 2770 τοῦ
1027 2744 1103 2771 Θεοῦ.

214 2800 242 2828 iis
262 2796 309 2823 Ed.
326 2796 424 2826 Paris,
442 2803 500 2830 pag.
521 2795 612 2821 29-50.

213 2832 234 2847 '°
253 2832 307 2859 Jer.
321 2840 388 2864 xvn,
401 2832 427 2858 5.
466 2831 485 2846 δι
502 2830 511 2856 1
528 2831 630 2866 'l‘imJt.
646 2829 671 2856 5.

213 2877 268 2912 (29)
287 2877 333 2912 Μὴ
347 2875 395 2913 ἦν,
412 2881 457 2904 aut
473 2875 533 2911 ἐξῆν
551 2876 732 2910 συκοφαντεῖν.

710 2830 730 2845 κ’
750 2827 863 2861 Philipp.
880 2833 909 2859 tl,
927 2827 952 2857 θ,
968 2825 994 2852 'l.
1032 2825 1055 2840 θλ
1071 2826 1077 2851 1
1094 2824 1163 2851 Tim.
1179 2804 1208 2858 n,
1223 2826 1248 2853 5.
1282 2825 1294 2838 ’⁸
