4088 6396
390 380 490 440 ΤΠ

1513 374 1794 433 CONTRA
1834 370 2262 429 MARCELLUM
2304 370 2430 425 LIB.
2475 369 2537 425 ΙΙ.

3520 373 3642 431 778‘

388 495 689 567 ἄνθρωπος,
716 492 855 565 μήτε
879 491 1041 560 εῖναι,
1062 496 1195 567 μήτε
1214 496 1635 568 προϋφεστάναι,
1667 495 1803 567 μήτε
1828 493 1951 553 ὅλως

2066 487 2133 542 sti
2162 486 2414 542 Ecclesim
2444 486 2692 557 prsesedit
2718 501 2735 541 :
2766 503 2958 558 nempe
3001 489 3049 545 is
3096 491 3187 559 qui
3220 489 3393 558 palam
3425 504 3643 544 assere-‘

387 584 608 639 ταίλποτε
636 584 762 637 Υίὸν
795 584 1038 655 ὑπάρξαι
1069 586 1147 656 τῷ
1173 586 1312 656 Θεῷ,
1347 586 1453 657 πρὸ
1476 586 1570 639 τοῦ
1594 584 1851 655 τεχθῆναι
1874 585 1963 637 διὰ

387 676 485 747 τῆς
513 675 808 748 Παρθένου.
837 676 1076 741 δοξάζων
1093 695 1105 707 ο
1155 678 1316 730 αὑτὸν
1346 678 1401 730 δὲ
1445 678 1603 749 μόνον
1625 674 1763 729 εἶναι
1791 675 1963 743 Λόγον

390 766 632 835 φάσκων,
669 768 892 837 συμφυᾶ
928 766 1007 836 τῷ
1035 766 1173 837 Θεῷ,
1203 767 1387 830 ἀϊδίως
1431 766 1577 837 αὐτῷ
1616 766 1842 819 συνόντα
1870 766 1964 819 καὶ

388 856 683 926 ἡνωμένον,
732 852 843 920 οἷος
895 856 961 910 ἂν
1013 858 1097 929 εἴη
1126 857 1222 912 καὶ¹
1258 860 1286 911 ό
1346 859 1404 911 ὲν
1457 857 1729 929 ἀνθρώπῳ
1784 856 1960 924 λόγος.

388 946 572 1017 Τούτῳ
612 947 718 1019 γὰρ
752 949 912 1012 αὐτὸς
956 949 1151 1020 χρῆται
1202 948 1281 1019 τῷ
1328 950 1748 1021 παραδείγματι,
1791 949 1962 1017 Λόγον

334 1077 338 1081 .
387 1030 524 1090 εἶναι
550 1039 729 1109 φήσας
756 1039 903 1095 ἔνδον
928 1042 984 1093 ἐν
1021 1041 1169 1111 αὐτῷ
1192 1041 1272 1110 τῷ
1307 1040 1447 1111 Θεῷ,
1483 1042 1613 1094 ποτὲ
1642 1041 1739 1111 μὲν
1767 1041 1964 1111 ἡσυχά-

386 1126 567 1191 ζοντα,
592 1130 722 1181 ποτὲ
748 1130 805 1183 δὲ
837 1147 901 1201 ση
911 1132 1183 1201 μαντικῶς
1200 1132 1541 1204 ἐνεργοῦντα,
1573 1132 1706 1203 μόνῃ
1731 1149 1789 1184 τε
1812 1133 1964 1203 ἐνερ-

385 1218 509 1289 γείᾳ
537 1221 793 1290 προϊόντα
820 1221 914 1274 τοῦ
946 1223 1159 1294 Πατρός
1179 1240 1193 1253 ο
1214 1225 1289 1288 ὼς
1322 1223 1389 1278 ἂν
1411 1225 1504 1278 καὶ
1534 1225 1693 1295 ἡμεῖς
1719 1242 1771 1277 τι
1797 1241 1963 1295 προσ-

380 1311 689 1376 τάττοντες,
724 1315 780 1366 ev
814 1313 893 1384 τῷ
933 1315 1111 1383 λέγειν
1147 1334 1201 1368 τι
1256 1317 1349 1370 καὶ
1397 1316 1597 1380 λαλεῖν,
1645 1318 1963 1388 ὲνεργήσαι-

389 1419 507 1472 μεν.
545 1403 665 1456 Ὅτι
693 1404 740 1457 δ’
773 1404 872 1458 οὐκ
901 1405 966 1459 ἀν
991 1423 1075 1469 τις
1104 1406 1245 1460 οὕτω
1271 1424 1334 1476 γε
1362 1409 1504 1461 εἴποι
1527 1408 1654 1461 Υἱὸν
1686 1404 1823 1461 εἶναι
1871 1408 1961 1462 τὸν

387 1494 725 1563 σημαντικὸν
746 1495 840 1548 καὶ
863 1498 1213 1568 ἐνεργητικὸν
1234 1499 1427 1568 Λόγον,
1456 1500 1619 1553 παντί
1660 1518 1737 1571 τῳ
1777 1500 1957 1570 δῆλον.

396 1584 452 1637 ’0
476 1585 532 1638 δὲ
562 1585 719 1639 τοῦτο
742 1586 864 1650 δοὺς
895 1588 989 1641 ἐπὶ
1012 1588 1106 1641 τοῦ
1136 1589 1293 1655 Θεοῦ,
1335 1592 1435 1645 οὐκ
1454 1587 1548 1645 οἷδ’
1575 1591 1721 1654 ὅπως
1745 1591 1836 1644 τὸν
1884 1592 1958 1663 μὴ

385 1675 672 1742 ὑφεστῶτα
729 1677 901 1745 Λόγον
920 1679 1031 1749 (55)
1063 1680 1163 1750 τὴν
1214 1680 1391 1754 σάρκα
1440 1680 1807 1752 ἀνειληφέναι,
1866 1682 1959 1734 καὶ¹

382 1764 673 1836 ἐνεργῆσαι
707 1768 765 1820 ὲν
790 1768 925 1839 αὐτῇ
956 1786 1121 1839 φησι·
1158 1771 1250 1824 καὶ
1273 1772 1393 1825 τότε
1429 1770 1663 1843 Χριστὸν
1685 1770 1954 1840 γενέσθαι,

2063 578 2180 641 bat,
2212 577 2408 631 Filium
2452 593 2793 649 nequaquam
2826 580 2911 634 vel
2947 579 3115 636 fuisse
3165 582 3273 636 Deo
3305 580 3390 636 vel
3423 595 3635 650 pratex-

2062 670 2290 733 stitisse,
2347 669 2660 740 priusquam
2729 669 2796 725 de
2841 670 3066 741 Virgine
3114 679 3446 726 nasceretur.
3495 670 3633 725 Tan-

2065 762 2343 815 tummodo
2391 771 2573 816 autem
2621 761 2858 817 Verbum
2912 777 3034 818 esse
3059 762 3209 817 illum
3252 763 3477 826 diceret,
3520 761 3634 818 Deo

2064 852 2437 920 congenitnm,
2468 854 2535 907 ab
2592 861 2797 908 aeterno
2849 854 3207 917 coexsistens,
3253 861 3310 908 et
3354 851 3628 907 connitum

2064 941 2195 1003 Deo,
2229 949 2287 994 ut
2317 950 2443 1010 puta
2488 941 2539 994 in
2569 941 2787 996 homine
2810 942 3034 998 verbum
3063 941 3266 997 assolet
3297 941 3626 995 humanum:

2065 1031 2167 1086 hoc
2201 1030 2401 1085 etenim
2437 1031 2610 1085 utitur
2637 1031 2927 1101 exemplo:
2961 1032 3199 1087 Verbum
3234 1030 3508 1083 alllrmans
3543 1029 3632 1083 in-

2064 1132 2151 1177 tus
2175 1122 2227 1175 in
2263 1122 2370 1175 Deo
2413 1122 2535 1192 ipso
2564 1121 2866 1185 exstitisse,
2905 1121 3189 1191 quiescens
3224 1120 3519 1183 interdum,
3554 1117 3630 1172 si-

2061 1212 2364 1281 gniticative
2418 1226 2797 1281 nonnunquam
2865 1226 3124 1280 operans,
3165 1210 3479 1280 operatione
3537 1208 3626 1263 illa

2060 1317 2155 1358 sua
2187 1302 2299 1357 sola
2326 1304 2392 1357 de
2425 1302 2585 1358 Patre
2610 1318 2706 1357 suo
2738 1304 2949 1369 exiens,
2969 1301 3419 1373 quemadmodum
3447 1309 3500 1356 et
3530 1316 3628 1353 nos

2063 1393 2280 1463 operari
2312 1397 2547 1448 solemus
2573 1394 2891 1458 scribendo,
2922 1394 3173 1459 dicendo,
3224 1391 3511 1462 loquendo.
3558 1393 3629 1444 At

2059 1489 2335 1542 enimvero
2364 1490 2487 1557 quis
2526 1504 2631 1544 non
2693 1482 2968 1559 intelligit,
3003 1506 3109 1544 non
3139 1504 3257 1542 esse
3281 1486 3621 1541 statuendmn

2057 1578 2125 1632 de
2156 1578 2314 1643 Filio,
2353 1579 2505 1633 illum
2535 1581 2600 1634 ad
2638 1580 2798 1634 istum
2828 1582 3001 1635 solum
3052 1582 3269 1634 modum
3304 1578 3623 1648 signiﬁcati-

2056 1684 2182 1723 vum
2220 1669 2453 1725 Verbum
2498 1681 2553 1726 et
2584 1671 2920 1740 operativnm
2963 1671 3118 1727 esse?
3167 1670 3379 1738 Quique
3417 1670 3518 1723 hoc
3556 1669 3624 1721 ad

2061 1761 2200 1815 hanc
2248 1759 2478 1815 formam
2531 1761 2585 1815 in
2637 1760 2744 1816 Deo
2798 1761 3253 1825 comminiscitur,
3302 1758 3484 1813 nescio
3518 1772 3628 1827 quo

381 1828 488 1909 καὶ.
509 1828 733 1928 ’ίήσοῦν,
767 1862 859 1913 καὶ
895 1828 1138 1931 βασιλέα,
1172 1863 1264 1915 καὶ
1312 1828 1496 1917 είκόνά
1539 1862 1632 1915 τοῦ
1673 1828 1828 1927 Θεοῦ,
1861 1828 1951 1917 καί

2062 1861 2218 1920 pacto
2250 1851 2483 1906 allirnaet
2540 1851 2776 1907 Verbum
2817 1853 3040 1908 minime
3071 1852 3374 1907 subsistens
3412 1864 3627 1904 assum-

377 1950 677 2020 ἀγαπητὸν,
698 1952 792 2004 καὶ
807 1952 934 2005 Υίὸν
965 1953 1376 2025 δεδοξασμένον,
1407 1954 1501 2009 καὶ
1525 1954 1590 2026 δὴ
1616 1956 1708 2008 καὶ
1734 1955 1956 2028 Πρωτό-

376 2059 531 2096 τοκον
554 2044 734 2114 πάσης
757 2044 1005 2109 κτίσεως,
1042 2046 1115 2117 μή
1147 2047 1278 2101 ὄντα
1317 2048 1606 2118 πρότερον,
1645 2047 1767 2100 τότε
1809 2047 1958 2115 γενέ-

379 2132 523 2197 σθαι,
560 2135 761 2206 καίπερ
792 2136 889 2207 οὐχ
940 2138 1257 2205 ὑφεστῶταο
1311 2137 1372 2190 τὸ
1412 2137 1470 2189 δὲ
1520 2135 1820 2208 παράδοξον
1859 2135 1954 2189 τοῦ

374 2223 569 2291 Λόγου,
598 2224 862 2294 ἄρξασθαί
889 2243 951 2294 γε
980 2226 1087 2279 ἀπὸ
1114 2227 1481 2298 τετρακοσίων
1506 2227 1627 2279 οὐδὲ
1658 2227 1795 2280 ὅλων
1818 2226 1955 2280 ἑτῶν

375 2313 580 2367 τούτων
607 2314 889 2369 ἀπάντων·
921 2317 1014 2369 καὶ
1073 2317 1234 2371 πάλιν
1281 2317 1467 2370 τοῦτον
1505 2317 1717 2388 ἀθρόως
1754 2317 1955 2389 παυθή-

379 2401 567 2455 σεσθαι
598 2402 734 2472 μετά
764 2403 855 2456 τὸν
880 2404 981 2474 τῆς
1018 2405 1255 2476 κρίσεως
1300 2406 1489 2477 καιρὸν
1517 2404 1609 2458 τοῦ
1654 2406 1753 2476 μὲν
1779 2406 1952 2475 Λόγου

374 2493 652 2564 ήνωμένου
684 2494 762 2565 τῷ
796 2494 935 2566 Θεῷ,
986 2496 1062 2560 ὼς
1094 2496 1259 2568 μηδὲν
1293 2496 1478 2569 ἕτερον
1510 2493 1648 2551 εἶναι
1692 2497 1830 2569 πλὴν
1855 2498 1951 2552 τοῦ

374 2582 530 2649 Θεοῦ,
557 2585 656 2654 τῆς
687 2584 743 2637 δὲ
774 2586 995 2657 σαρκὸς,
1025 2580 1093 2657 ἦς
1117 2585 1426 2657 ἀνείληφεν,
1459 2588 1667 2659 ἐρήμου
1701 2588 1954 2641 καταλει-

374 2672 719 2744 φθησομένης
756 2675 860 2727 ὑπὸ
888 2674 983 2728 τοῦ
1030 2676 1230 2745 Λόγου,
1255 2676 1331 2740 ὡς
1384 2678 1521 2747 μήτε
1568 2677 1661 2731 τὸν
1701 2678 1827 2731 Υἰὸν
1856 2677 1949 2731 τοῦ

370 2763 506 2815 Θεοῦ
551 2782 679 2818 ποτε
707 2766 1023 2835 ὑφεστάναι,
1061 2768 1199 2839 μήτε
1235 2767 1327 2820 τὸν
1352 2767 1481 2820 Υἰὸν
1508 2768 1601 2821 τοῦ
1639 2768 1947 2841 ἀνθρώπου,

374 2855 439 2908 ὃν
488 2855 764 2928 ἀνείληφε.
819 2859 927 2912 Καὶ
971 2858 1027 2912 δὲ
1079 2861 1159 2922 είς
1196 2857 1353 2912 τοῦτο
1404 2859 1554 2923 τέλος
1585 2861 1949 2930 καταστρέφει

370 2942 559 3015 ὥσπερ
589 2948 1009 3018 κεκωφωμένος,
1048 2949 1142 3001 καὶ
1172 2950 1311 3019 μήτε
1336 2949 1430 3002 τοῦ
1454 2950 1687 3019 ἀγγέλου
1714 2950 1950 3022 Γαϐριὴλ

370 3034 616 3099 ἀκούων,
671 3036 1156 3109 εὐαγγελιζομένου
1208 3039 1308 3110 τὴν
1357 3040 1618 3095 Θεοτόκον
1668 3043 1853 3111 σαφῶς
1887 3059 1947 3095 τε

370 3128 463 3182 καὶ
492 3127 782 3201 διαρρήδην
810 3130 937 3199 περὶ
965 3130 1059 3185 τοῦ
1098 3133 1155 3199 ἐξ
1197 3132 1368 3203 αὐτῆς
1393 3133 1817 3205 τεχθησομένου,
1850 3135 1943 3187 καὶ

369 3217 435 3269 ὲκ
480 3218 790 3289 σπέρματος
841 3222 1003 3274 Δαϐὶδ
1052 3225 1193 3278 κατά
1241 3225 1420 3297 σάρκα
1457 3225 1940 3297 προελευσομένου,

372 3305 698 3373 φάσκοντοςο
737 3308 883 3361 Ἰδοὺ
923 3310 1223 3379 συλλήψῃ
1263 3312 1333 3364 ἐν
1378 3315 1613 3383 γαστρὶ,
1661 3315 1758 3367 καὶ
1801 3315 1943 3383 τέξῃ

372 3400 527 3460 υἱὸν,
585 3400 683 3452 καὶ
741 3404 1022 3467 καλέσεις
1064 3403 1127 3454 τὸ
1188 3402 1376 3472 ὄνομα
1434 3405 1621 3458 αὐτοῦ
1682 3408 1937 3473 Ἰησοῦν.

373 3487 563 3557 Οὗτος
583 3490 755 3545 ἔσται
777 3493 985 3563 μέγας,
1028 3494 1124 3548 καὶ
1163 3494 1290 3561 υἱὸς
1329 3496 1608 3565 Ὑψίστου
1642 3499 1945 3567 κληθήσε-

368 3598 490 3634 ται·
522 3583 620 3637 καὶ
668 3583 846 3638 δώσει
892 3583 1052 3650 αὐτῷ
1082 3587 1297 3653 Κύριος
1336 3590 1369 3640 ὁ
1408 3586 1553 3653 Θεὸς
1591 3588 1699 3642 τόν
1731 3591 1947 3659 θρόνον

365 3672 545 3729 Δασίδ
577 3674 683 3728 τοῦ
710 3676 927 3744 πατρὸς
953 3678 1160 3741 αὑτοῦ,
1214 3678 1313 3731 καὶ
1333 3680 1695 3743 βασιλεύσει
1724 3682 1823 3735 ἐπὶ
1840 3682 1947 3735 τὸν

365 3757 534 3817 οἷκον
562 3763 763 3818 Ἰακὼϐ
793 3766 883 3831 εὶς
924 3765 1067 3833 τοὺς
1091 3765 1331 3834 αἰῶνας,
1356 3767 1455 3821 καὶ
1482 3766 1591 3836 τῆς
1620 3769 1944 3836 βασιλείας

365 3852 553 3907 αὐτοῦ
588 3855 700 3907 οὐκ
732 3854 904 3909 ἔσται
930 3855 1122 3923 τέλος.
1157 3859 1310 3929 Μήτε
1340 3858 1539 3929 Δανιὴλ
1578 3858 1672 3911 τοῦ
1707 3860 1942 3929 μεγάλου

367 3944 645 4016 προφήτου
667 3945 766 4009 τάς
794 3946 977 4015 φωνὰς
1018 3948 1240 4011 συνιεὶς,
1266 3949 1407 4002 αὐτα
1452 3949 1621 4002 ταῦτα
1651 3950 1943 4021 σφραγιζο-

368 4035 554 4104 μένου,
583 4036 651 4089 δι’
682 4030 756 4089 ὧν
786 4038 843 4089 ὲν
871 4036 999 4108 θείῳ
1028 4038 1306 4109 Πνεῦματι
1331 4039 1580 4109 διεφώνει
1605 4040 1797 4110 λέγων’
1831 4042 1939 4096 Kal

365 4125 495 4179 ἰδοὺ
534 4128 685 4196 μετὰ
727 4128 845 4182 τῶν
879 4130 1150 4200 νεφελῶν
1180 4131 1290 4201 (54)
1326 4133 1430 4185 τοῦ
1461 4133 1720 4199 οὐρανυῦ
1749 4173 1763 4197 ,
1808 4134 1940 4199 Υἱὸς

361 4216 677 4285 ἀνθρώπου
692 4220 1016 4289 ἐρχόμενος
1046 4218 1146 4290 ἦν,
1166 4223 1265 4276 καὶ
1295 4222 1405 4288 ἕως
1421 4222 1527 4276 τοῦ
1542 4224 1806 4277 Παλαιοῦ
1822 4223 1939 4277 τῶν

360 4308 595 4377 ἡμερῶν
626 4311 885 4379 ἔφθασε,
914 4313 1012 4366 καὶ
1065 4312 1408 4383 ἔμπροσθεν
1457 4314 1645 4369 αὐτοῦ
1679 4329 1940 4382 προσην-

2057 1946 2228 2011 psisse
2255 1957 2500 2009 carnem,
2529 1952 2583 1997 et
2617 1945 2668 1997 in
2710 1943 2798 1997 illa
2826 1953 3099 2013 assumpta
3132 1944 3204 1997 ita
3236 1938 3630 2010 operatum._Et

2055 2040 2183 2087 tunc
2215 2035 2448 2101 primum
2486 2033 2759 2088 Christum
2807 2033 3086 2089 exstitisse
3111 2074 3128 2099 ,
3170 2032 3376 2096 Jesum,
3421 2044 3626 2100 regem.

2054 2122 2344 2193 imaginem
2403 2124 2519 2191 Dei,
2556 2126 2837 2189 dilectum,
2888 2126 3056 2180 lilium
3099 2122 3482 2195 gloriﬁcatnm,
3522 2119 3629 2187 pri-

2054 2217 2388 2284 mogenitum
2421 2217 2600 2272 omnis
2627 2225 2916 2281 creaturae,
2951 2230 3074 2271 cum
3120 2230 3226 2269 non
3261 2221 3409 2269 esset
3452 2213 3625 2282 prius,

2053 2320 2155 2359 nec
2184 2314 2341 2361 antea
2374 2307 2599 2363 omnino
2626 2308 2939 2362 exsisteret.
2972 2305 3247 2376 Imprimis
3288 2304 3625 2375 paradoxum

2053 2397 2183 2451 illud
2221 2406 2323 2458 est.
2356 2399 2646 2468 incaepisse
2668 2399 2773 2454 hoc
2799 2398 3053 2460 Verbum,
3087 2413 3192 2453 non
3218 2397 3287 2452 ab
3316 2396 3476 2450 annis
3501 2394 3627 2449 hinc

2055 2496 2202 2541 retro
2235 2488 2643 2558 quadringentis
2675 2488 2993 2557 completis:
3018 2496 3072 2543 et
3100 2486 3258 2543 simul
3288 2488 3339 2541 in
3376 2485 3624 2539 eamdem

2052 2594 2158 2634 non
2207 2581 2584 2636 exsistentiam
2628 2580 3041 2646 revolvendum,
3098 2591 3223 2650 post
3266 2576 3453 2648 indicii
3483 2584 3623 2633 tem-

2051 2688 2172 2742 pus,
2212 2673 2387 2727 Verbo
2428 2674 2649 2742 quidem
2697 2673 2807 2729 Deo
2858 2675 3075 2729 domum
3129 2674 3378 2739 adnnito,
3442 2673 3513 2726 ita
3565 2683 3625 2725 nt

2050 2772 2245 2831 printer
2269 2761 2432 2816 Deum
2469 2761 2601 2815 nihil
2630 2761 2922 2831 quidquam
2953 2761 3213 2825 exsistat;
3248 2773 3432 2823 carne,
3456 2772 3620 2827 quam

2050 2854 2367 2922 assumpsit,
2396 2852 2637 2907 desolata
2680 2861 2736 2907 et
2770 2853 3025 2908 destituta
3056 2867 3087 2905 a
3116 2850 3314 2914 Verbo,
3338 2849 3411 2903 ita
3440 2856 3499 2902 ut
3525 2862 3621 2901 ne-

2049 2960 2154 3015 que
2183 2944 2354 2999 Filius
2383 2945 2579 3015 aliquis
2608 2944 2701 2999 Dei
2731 2945 2995 3000 subsistat
3019 2986 3035 3012 ,
3072 2959 3170 2999 nec
3193 2943 3362 2999 Filius
3388 2941 3623 2997 hominis

2048 3051 2207 3105 quem
2240 3038 2556 3105 assumpsit.
2584 3036 2660 3091 Eo
2682 3044 2862 3091 autem
2894 3036 3107 3091 tandem
3138 3036 3422 3091 descendit
3465 3036 3615 3104 ahje-

2048 3126 2264 3192 ctionis,
2292 3126 2674 3182 utGabrielem
2703 3144 2807 3182 non
2836 3127 3021 3182 audiat
3053 3127 3468 3197 archangelum,
3501 3126 3623 3181 Dei-

2047 3234 2188 3288 βίη-ας
2220 3220 2504 3275 ntaeil‘este
2532 3230 2587 3273 et
2612 3221 2901 3290 perspicue
2925 3221 3357 3290 annuntiantem,
3392 3222 3457 3277 de
3484 3223 3621 3277 Filio

2045 3324 2110 3363 ex
2140 3309 2227 3363 illa
2257 3311 2585 3379 generando,
2611 3320 2665 3364 et
2696 3312 2763 3365 de
2800 3312 3007 3366 semine
3036 3311 3274 3373 Davidis,
3322 3316 3617 3368 secundant

2046 3416 2263 3454 carnem
2299 3402 2648 3466 descensum,
2676 3417 2799 3456 cum
2830 3403 2902 3456 ita
2934 3402 3175 3472 inquint:
3204 3402 3338 3456 Ecce
3358 3405 3619 3471 concipies

2045 3490 2099 3541 in
2124 3496 2273 3542 utero
2304 3499 2416 3551 tuo,
2445 3498 2493 3542 et
2532 3507 2706 3556 partes
2732 3489 2927 3557 ﬁlium,
2970 3501 3016 3543 et
3054 3492 3259 3544 vocabis
3289 3507 3474 3545 nomen
3499 3492 3615 3561 ejus

2044 3579 2250 3633 Iesum.
2302 3578 2405 3634 Hic
2452 3582 2550 3635 erit
2578 3584 2821 3651 magnus,
2850 3591 2898 3635 et
2938 3582 3081 3651 ﬁlius
3112 3581 3372 3636 Altissimi
3410 3585 3618 3637 vocabi-

2046 3678 2170 3722 tur:
2213 3679 2263 3722 et
2316 3671 2460 3724 dabit
2508 3671 2587 3723 illi
2627 3670 2885 3725 Dominus
2928 3672 3069 3726 Deus
3115 3674 3359 3726 thronum
3399 3673 3615 3728 Davidt's

2043 3762 2209 3830 patris
2240 3763 2345 3829 sui,
2386 3773 2433 3817 et
2486 3765 2718 3833 regnabit
2758 3780 2917 3832 super
2946 3764 3155 3816 domum
3189 3762 3354 3817 Iacob
3388 3765 3441 3818 in
3466 3775 3617 3819 (eter-

2045 3870 2191 3917 num,
2222 3865 2268 3909 et
2299 3856 2444 3925 regni
2476 3855 2620 3909 illius
2662 3873 2763 3910 non
2801 3860 2898 3910 erit
2924 3855 3047 3924 ﬁnis
3074 3854 3141 3908 “.
3192 3856 3301 3911 Sed
3330 3872 3426 3911 nec
3452 3871 3614 3911 voces

2044 3944 2312 4000 intellexit
2343 3946 2523 4017 magni
2579 3948 2721 4002 illius
2776 3948 2915 4001 vatis
2974 3947 3231 4015 Danielis,
3279 3947 3371 4018 qui
3420 3948 3609 4004 eadem

2043 4038 2155 4107 ipsa
2190 4039 2552 4110 consignavit,
2577 4040 2701 4094 dum
2736 4040 2929 4108 spiritu
2961 4040 3050 4094 Dei
3078 4039 3293 4095 alllatns
3337 4040 3604 4112 profatur,

2041 4130 2334 4199 inquiens:
2368 4131 2437 4184 Et
2477 4147 2592 4185 ecce
2614 4147 2732 4184 cum
2764 4132 2985 4185 nubibus
3022 4133 3136 4185 caeli
3178 4131 3350 4187 Filius
3377 4135 3607 4189 hominis

2039 4220 2369 4285 adveniebat,
2403 4232 2450 4274 et
2489 4236 2652 4290 usque
2698 4217 3078 4291 adAntiquum
3120 4228 3178 4286 >14
3210 4223 3413 4277 dierum
3434 4241 3611 4291 perue-

2040 4312 2135 4377 nit,
2170 4323 2218 4367 et
2245 4312 2450 4365 delatus
2490 4320 2566 4366 est
2598 4322 2720 4366 ante
2761 4323 3091 4381 conspectum
3122 4314 3258 4383 ejus.
3291 4312 3404 4385 Ipsi
3432 4326 3607 4369 autem

362 4398 531 4468 ἔχθη.
574 4400 684 4455 Καὶ
725 4401 884 4468 αὑτῷ
930 4404 1109 4471 ἐδόθη
1138 4404 1318 4474 ἀρχὴ,
1355 4404 1454 4458 καὶ
1484 4406 1522 4472 ἠ
1570 4404 1728 4474 τιμὴ,
1769 4407 1863 4459 καὶ
1895 4408 1933 4475 ἠ

2052 4404 2267 4457 labatur
2290 4403 2637 4471 principatus,
2668 4413 2717 4455 et
2747 4402 2932 4469 honor,
2957 4412 3007 4458 et
3030 4420 3241 4473 regnum
3261 4421 3281 4460 :
3306 4415 3355 4460 et
3381 4408 3606 4461 servient

358 4491 643 4553 βασιλεία
666 4508 679 4521 ’
730 4493 830 4546 καὶ
867 4492 1092 4560 πάντες
1138 4498 1192 4548 οἱ
1230 4495 1390 4557 λαοὶ,
1422 4495 1629 4564 φυλαὶ,
1660 4495 1933 4566 γλῶσσαι

2052 4491 2117 4545 ῗιιί
2141 4508 2318 4546 omnes
2360 4491 2564 4558 papuli,
2603 4491 2793 4557 tribus,
2831 4490 3045 4561 linguw.
3093 4490 3334 4548 Potestas
3357 4496 3499 4551 illius
3529 4509 3604 4551 est

355 4582 515 4648 αὐτῷ
558 4582 1027 4639 δουλεύσουσιν.
1084 4587 1156 4640 Ἠ
1187 4586 1437 4651 ἐξουσία
1473 4586 1656 4640 αὐτοῦ
1679 4587 1931 4650 ἐξουσία

2052 4591 2262 4635 νοιιειαι
2313 4591 2531 4645 (eterna,
2572 4597 2688 4651 qua
2719 4597 2822 4635 non
2866 4582 3198 4650 pertransibit
3238 4598 3258 4637 :
3311 4593 3360 4638 et
3390 4601 3604 4655 regnum

355 4675 621 4743 αἰώνιος,
667 4675 799 4742 ἣτις
832 4678 903 4729 οὐ
938 4678 1403 4744 παρελεύσεταιο
1450 4678 1551 4731 καὶ
1582 4678 1620 4745 ἡ
1644 4678 1931 4742 ,Βασιλεία

2057 4673 2182 4726 llius
2212 4690 2314 4727 nun
2344 4674 2575 4726 interibit
2600 4673 2663 4726 °'.
2698 4672 2805 4726 Sed
2854 4687 2955 4727 nec
2997 4672 3152 4727 illum
3179 4671 3351 4729 Isaias
3379 4674 3449 4730 de
3477 4690 3605 4730 sen-

353 4768 542 4822 αὐτοῦ
565 4770 636 4821 οὺ
656 4765 1147 4837 διαφθαρήσεται.
1182 4768 1322 4821 Ἀλλ’
1344 4768 1465 4820 οὐδὲ
1492 4768 1720 4831 Ἡσαΐας
1759 4768 1826 4821 αὑ
1837 4769 1929 4821 τὸν

2052 4769 2202 4822 .enlia
2232 4767 2476 4833 deduxit,
2498 4767 2589 4835 qui
2617 4766 2684 4820 dc
2713 4780 2879 4835 regno
2902 4763 3020 4820 Filii
3056 4766 3147 4821 Dei
3178 4766 3598 4831 interminabili,

354 4857 538 4912 ἔπεισε
565 4859 693 4929 περὶ
729 4859 827 4929 τῆς
850 4858 1208 4930 ἀτελευτήτου
1238 4859 1513 4929 βασιλείας
1539 4858 1632 4912 τοῦ
1665 4859 1795 4912 Υἱοῦ
1829 4860 1923 4912 τοῦ

2052 4861 2102 4915 Id
2135 4861 2295 4914 istum
2336 4860 2554 4912 modum
2585 4861 2815 4915 scribit:
2851 4860 2992 4914 Puer
3014 4858 3159 4912 nobis
3185 4868 3342 4912 natus
3363 4869 3474 4913 est:
3506 4858 3604 4913 Fi-

357 4949 511 5016 Θεοῦ,
533 4944 633 5005 ὧδε
653 4952 748 5005 καὶ
768 4951 932 5015 αὐτὸς
954 4951 1245 5014 θεσπίζων,
1276 4952 1380 5013 ὅτι,
1399 4950 1644 5004 Παιδίον
1670 4950 1922 5019 ἐγενήθη

2052 4952 2134 5004 ius
2160 4966 2365 5020 quoque
2384 4951 2542 5003 datus
2565 4960 2641 5004 est
2686 4951 2857 5016 nobis,
2889 4950 3041 5021 cujus
3072 4951 3401 5021 principatus
3443 4967 3603 5019 super

355 5040 533 5109 ἡμῖν·
563 5043 693 5109 υίὸς
732 5045 831 5098 καὶ
872 5043 1052 5111 ἐδόθη
1091 5043 1242 5113 ἡμῖν
1271 5039 1343 5099 οὗ
1379 5042 1417 5108 ὴ
1461 5042 1617 5111 ἀρχὴ
1662 5044 1775 5113 (35)
1822 5043 1921 5096 ἐπὶ

2052 5056 2273 5094 tumeros
2304 5040 2419 5110 ejus
2439 5054 2458 5093 :
2480 5041 2752 5095 vocabitur
2794 5042 3009 5112 insuper
3046 5057 3234 5098 nomen
3258 5040 3392 5113 ejus,
3418 5041 3599 5112 magni

432 5161 491 5219 r14
535 5154 632 5209 Ed.
664 5155 861 5224 Paris.,
891 5173 1014 5229 pag.
1048 5158 1137 5212 35.
1214 5157 1261 5189 “
1287 5156 1418 5212 Luc.
1455 5171 1495 5221 ι,
1521 5158 1708 5213 lii-55.
1787 5158 1833 5190 ⁸⁸
1867 5157 2003 5213 Dan.
2034 5172 2131 5219 vn,
2169 5158 2259 5222 l3,
2292 5156 2379 5213 14.

428 5325 540 5397 (33)
585 5324 698 5397 Τὸν
721 5320 807 5397 pi;
855 5319 1171 5397 ὑφεστῶτα
1185 5322 1558 5397 ΛόγονηΗαξε
1588 5333 1670 5397 est
1706 5337 1916 5397 summa

2052 5322 2214 5397 λασαν
2239 5329 2295 5397 et
2328 5319 2422 5373 καὶ
2452 5320 2615 5372 αὑτὸν
2649 5320 2769 5391 μέν,
2806 5320 3037 5389 denique
3069 5319 3284 5389 ἐκείνην
3307 5318 3508 5387 ἑπαγγ.
3541 5331 3598 5375 ει
3698 5322 3701 5347 ³

350 5390 731 5451 accusatiunis
771 5390 1104 5458 Euselnanae,
1137 5393 1201 5446 de
1247 5408 1375 5461 qua,
1407 5392 1461 5445 in
1496 5394 1601 5446 illis
1630 5393 1698 5445 de
1744 5393 1922 5446 'l‘heo-
2016 5392 2125 5462 γὰρ
2160 5390 2347 5462 ἁγίων.

352 5466 517 5533 lugia.
560 5464 631 5517 M.
808 5531 817 5533 _
978 5531 986 5533 _
1264 5456 1280 5461 ”
1365 5530 1381 5533 _
1478 5530 1497 5533 _
1786 5530 1810 5533 _
2029 5456 2040 5460 ’
2091 5456 2215 5533 (55]
2244 5456 2326 5533 Οιξ
2362 5462 2398 5528 ἡ
2429 5458 2608 5533 ἀρχή.
2655 5458 2828 5533 Locus
2858 5470 2934 5513 est
2968 5458 3069 5533 Isa‘.
3118 5472 3194 5533 rx,
3227 5457 3280 5524 6,
3316 5456 3588 5533 inLXX:

421 5531 532 5607 (54)
569 5534 679 5588 Καὶ
706 5531 842 5607 ἰδοὺ.
853 5529 1149 5607 μετά-,τῶν
1164 5530 1450 5607 νεφελῶν.
1478 5530 1650 5607 Locus
1673 5543 1751 5583 est
1773 5530 1916 5607 Dan.

2052 5529 2141 5607 ,σει
2173 5529 2325 5607 ἀρχῇ
2363 5532 2629 5607 sequitur,
2652 5529 2937 5607 εχενῄθγῃ
2965 5529 3063 5607 εοιξ⁸
3080 5530 3292 5607 variant
3326 5529 3395 5607 ibi
3427 5531 3591 5607 etiam

349 5596 444 5676 νη.
471 5596 565 5671 l7;
593 5607 727 5674 lege,
762 5596 951 5676 καξιὲζς
968 5596 1742 5676 ΥίρςΑάνθρὼπουέρχόμενος.

2052 5596 2483 5676 οᾴίοεέιζξιιιιίω
2520 5599 2571 5651 in
2614 5596 2996 5676 Lxxlegitur,
3027 5596 3153 5676 άξιιρυ
3198 5598 3308 5676 γὰρ
3343 5597 3596 5676 ειρήγῃν

350 5675 488 5729 Infra
530 5665 689 5743 6..th
718 5691 770 5729 τ.
804 5670 934 5725 Υίοῦ
968 5671 1060 5743 τοῦ
1098 5665 1386 5743 ἀνθρώπου
1414 5665 1530 5725 ὧδέ
1551 5665 1729 5743 illum
1759 5668 1911 5740 ὦμου
2011 5669 2271 5743 ἐπὶξτοὺς
2294 5668 2722 5743 ᾅρχοντᾳςηιαί
2748 5665 3312 5743 ὑγίειαν-αῠζῷηκαὶ
3331 5666 3589 5743 μεγάλη.

346 5745 461 5812 τοῦ.
497 5738 663 5800 Porro
701 5744 807 5811 Mp.
851 5738 1373 5812 ἀντιλαμϐάνεσθαι,
1422 5744 1543 5796 dein
1599 5741 1749 5812 ἔσται
1792 5738 1910 5793 loco

2052 5743 2081 5794 ’ἱ
2105 5738 2221 5812 μὲν
2251 5740 2337 5808 μὴ
2370 5738 2658 5812 προεῖναι.
2700 5739 2773 5792 Ita
2806 5741 2951 5812 varie
2983 5738 3153 5812 illusit
3194 5738 3440 5812 humana:
3463 5738 3593 5812 Επ-

347 5811 583 5871 ισεσθαι.
623 5804 766 5868 Dein
805 5814 965 5883 vulgo
997 5804 1063 5864 Bt"
1098 5804 1159 5864 οὗ
1195 5813 1332 5882 ὁμοῦ
1375 5824 1427 5868 et
1462 5811 1817 5883 ὡμολόγησαν
1856 5818 1911 5866 et

2052 5804 2231 5877 ilitati,
2252 5804 2360 5880 ’ρει-
2388 5804 2622 5864 nefarios
2647 5825 2775 5865 suos
2812 5809 3129 5864 entissu'ios
3150 5848 3166 5873 ,
3219 5808 3409 5863 Satau.
3462 5806 3596 5894 Ἔζ-

670 5908 941 5969 Persen.
988 5906 1105 5969 Gn.
1154 5907 1387 5970 XXIV.
3198 5903 3278 5965 25
