4088 6392
437 352 540 409 1'1")

437 465 647 520 consilii
697 464 928 534 Angelus
970 477 987 514 :

435 559 631 626 fortis:
659 565 911 625 potestate
970 558 1264 622 prtcdt'tus;
1308 558 1542 626 princeps
1591 559 1734 626 pacis
1781 573 1798 609 :

436 646 606 713 futuri
648 645 850 699 seaculi.
888 644 1163 698 Adducam
1223 647 1361 698 enim
1415 648 1693 699 sanitatem
1740 661 1786 700 et
1831 663 2008 714 pacem

438 753 556 790 cum
588 736 702 789 illo.
737 736 964 805 Magnus
999 737 1092 789 erit
1129 738 1454 805 principatus
1487 737 1620 806 ejus,
1649 749 1697 790 et
1728 738 1870 807 pacis
1895 739 2010 808 ejus

441 848 543 884 non
566 835 662 885 erit
690 830 828 898 ﬁnis.
857 828 1024 896 Super
1043 833 1234 884 solium
1284 831 1474 894 David,
1514 841 1561 884 et
1592 848 1748 896 super
1796 847 2010 901 regnum

439 923 576 989 ejus,
627 931 683 973 ut
727 923 953 992 corrigat
1004 923 1157 985 illud,
1197 932 1244 975 et
1295 923 1588 976 auxiliatur
1626 925 1678 976 in
1715 923 1915 990 iudicio
1962 935 2010 978 et

428 1014 668 1081 justitia,
705 1029 770 1066 ea:
792 1015 888 1067 hoc
921 1031 1056 1067 nunc
1092 1024 1140 1068 et
1173 1030 1335 1083 usque
1361 1015 1415 1068 in
1443 1014 1693 1069 steculum
1722 1016 1789 1068 ⁸⁸.
1838 1019 2014 1084 Atque

439 1105 558 1157 istis
590 1120 686 1174 per
713 1106 894 1158 omnia
925 1121 1159 1160 consona
1196 1105 1439 1171 fuerunt,
1475 1123 1594 1177 qua:
1628 1106 1838 1177 Virgini
1889 1109 2013 1162 Dei-

439 1213 580 1265 parze
605 1197 968 1250 annuntiabat
997 1197 1239 1264 Gabriel,
1283 1198 1372 1253 ubi
1425 1199 1525 1263 ait,
1581 1207 1927 1269 regnaturum
1959 1199 2012 1252 in

436 1299 700 1341 aeternum
738 1288 827 1356 qui
885 1299 1004 1342 erat
1053 1303 1116 1343 ex
1157 1290 1243 1342 illa
1279 1290 1632 1358 nasciturus;
1683 1290 1852 1361 Regni
1900 1291 2013 1361 ejus

438 1396 541 1432 non
572 1381 672 1432 erit
701 1379 848 1448 ﬁnis.
903 1379 1112 1446 Quanta
1151 1391 1329 1435 autem
1368 1397 1490 1435 cum
1533 1381 1756 1437 audacia
1789 1382 2016 1438 Marcel-

439 1471 521 1524 lus
558 1471 707 1526 hisce
742 1473 1069 1527 testimoniis
1127 1474 1403 1528 contraria
1447 1475 1725 1543 scripserit
1771 1484 1824 1529 et
1855 1490 2015 1543 repu-

440 1564 685 1632 gnantia,
730 1563 798 1616 ah
831 1563 1001 1631 ipsius
1043 1563 1260 1632 scriptis
1294 1564 1576 1618 edocearis
1623 1563 1769 1629 licet,
1805 1564 1856 1617 in
1894 1565 2017 1634 qui-

438 1653 541 1707 bus
574 1651 692 1706 Filii
740 1667 862 1706 cum
918 1653 1196 1718 deitatem,
1249 1665 1360 1706 tum
1419 1652 1579 1706 etiam
1622 1652 2012 1706 humanitatem

439 1745 775 1814 pernegavit,
809 1743 946 1796 ultra
975 1745 1215 1797 omnium
1247 1744 1533 1798 haeresium
1579 1744 1893 1797 novitatem.
1933 1741 2016 1794 ln-

443 1844 526 1886 ter
572 1833 716 1886 enim
774 1848 1066 1901 pravarum
1119 1833 1432 1902 opinionum
1491 1844 1762 1897 auctores,
1825 1831 2014 1901 aliqui,
2047 1811 2090 1866 Β

438 1941 560 1978 cum
591 1922 786 1976 Filium
829 1923 921 1977 Dei
975 1924 1410 1992 supposuisseut,
1472 1937 1646 1992 neque
1694 1923 1820 1977 olim
1849 1923 2017 1977 exstio

443 2018 593 2082 tisse,
629 2031 726 2070 nec
757 2029 882 2069 ante
913 2017 1239 2076 subStitisse,
1271 2016 1543 2068 hominem
1570 2031 1692 2068 eum
1746 2031 1912 2069 unum
1955 2017 2020 2068 de

441 2108 627 2162 multis
654 2117 961 2161 statuerunt
1011 2107 1223 2161 caeteris
1264 2107 1521 2171 similem,
1561 2107 1852 2176 adoptione
1896 2116 2018 2160 tan-

443 2211 580 2265 tum,
614 2201 754 2254 natis
787 2201 854 2253 de
883 2199 1222 2265 mulieribus,
1259 2198 1576 2268 prielatum:
1627 2207 1682 2253 et
1724 2199 1898 2252 eidem
1933 2208 2020 2252 ta-

444 2308 567 2346 men
625 2291 983 2345 nihilominus
1029 2291 1340 2344 attribuunt
1407 2290 1668 2344 honorem
1744 2302 2021 2357 nunquam

443 2383 868 2448 terminandum,
904 2391 960 2435 et
1010 2395 1239 2449 regnum
1283 2382 1336 2435 in
1384 2391 1648 2436 aeternum
1678 2381 2021 2435 duraturum.

443 2473 651 2529 Rursus
683 2475 774 2543 qui
823 2487 1058 2529 renuunt
1094 2473 1490 2528 humanitatem
1533 2473 1671 2544 ejus,
1714 2481 2024 2544 supponunt

441 2576 658 2623 exstare
683 2583 805 2622 eum
832 2566 925 2621 Dei
954 2566 1174 2629 Filium,
1209 2567 1378 2621 Deum
1411 2582 1624 2637 quoque
1642 2566 2024 2636 prmexsisten-

443 2672 576 2724 tem,
612 2656 708 2717 sed
742 2661 1011 2714 hactenus
1033 2659 1305 2729 progressi
1341 2665 1469 2712 sunt
1498 2658 1814 2720 errabundi.
1857 2665 1912 2712 et
1951 2655 2022 2710 ab

442 2753 683 2809 Ecclesia
707 2753 892 2807 alieni.
923 2750 1030 2806 lste
1056 2766 1207 2817 vero,
1243 2751 1334 2818 qui
1371 2749 1464 2804 Dei
1493 2748 1750 2803 Ecclesiae
1775 2757 2023 2816 tempore

440 2845 700 2914 praesedit
729 2853 838 2898 tam
873 2844 1156 2906 diuturno,
1183 2841 1597 2896 subsisteuttam
1637 2837 1763 2893 Filii
1793 2837 1886 2892 Dei
1923 2837 2024 2891 tol-

442 2937 522 3002 lit,
553 2947 665 2990 tum
715 2948 842 2988 cum
892 2933 1026 3002 ipsis
1080 2931 1202 3002 ejus
1250 2932 1458 2986 serviat
1496 2928 1784 2983 altaribus.
1844 2927 2024 2995 Seque

443 3029 629 3081 forsan
671 3031 860 3093 sperat
912 3023 1080 3077 vitam
1133 3032 1392 3076 aeternam
1445 3031 1610 3090 atque
1657 3019 2022 3074 immortalem

1071 349 1338 406 EUSEBII
1377 345 1864 404 CESARIENSIS
1901 343 2055 402 OPP.
2096 343 2276 417 PARS
2317 345 2406 399 IV.
2447 379 2515 388 ——-
2554 343 2974 401 DOGMATICA.

1044 465 1376 519 admirabilis
1413 465 1750 518 consiliarius
1801 481 1820 520 :
1867 465 2007 519 Deus

2127 467 2216 518 τοῦ
2249 464 2410 533 ὤμου
2441 463 2651 528 αὐτοῦ,
2694 461 2793 516 καὶ
2842 460 3111 514 καλεῖται
3152 459 3219 510 τὸ
3261 456 3450 524 ὄνομα
3481 454 3699 521 αὑτοῦ,

1852 557 2011 611 Pater
2105 555 2379 625 μεγάλης
2390 552 2635 622 βουλῆς
2651 556 2950 624 Ἄγγελος,
2973 547 3316 619 θαυμαστὸς
3331 549 3697 616 σύμϐουλος,

3591 338 3699 393 780

2114 647 2258 712 Θεὸς
2279 650 2381 715 ὶσχ
2391 647 2550 715 υρὸς,
2571 643 2994 711 ἐξουσιαστὴς,
3009 640 3480 711 ἄρχωνεὶρήνης,
3499 640 3701 707 Πατὴρ

2112 738 2218 792 τοῦ
2229 738 2566 807 μέλλοντος
2574 736 2809 802 ἀίῶνος.
2819 737 2888 789 Ἀ
2895 735 2929 800 ε
2933 753 2977 788 ω
2989 735 3098 804 γὰρ
3117 731 3366 800 εἰρήνην
3380 732 3479 784 καὶ
3493 732 3704 800 ὑγείαν

2112 831 2292 897 αὐτῷ.
2349 829 2601 900 Μεγάλη
2649 831 2689 898 η
2736 827 2892 898 ἀρχὴ
2935 825 3144 883 αὐτοῦ·
3190 824 3431 893 καὶτῆς
3457 823 3702 892 εἰρήνης

2113 923 2298 976 αὑτοῦ
2325 925 2436 975 οὐκ
2467 922 2638 975 ἔσται
2676 920 2873 987 τέλος.
2933 919 3066 973 Ἐπὶ
3099 918 3208 972 τὸν
3253 919 3473 986 θρόνον
3499 917 3698 980 Δαϐὶδ,

2115 1012 2215 1065 καὶ
2249 1012 2348 1064 ἐπὶ
2377 1011 2492 1078 τὴν
2525 1012 2858 1076 ,βασιλείαν
2898 1009 3108 1074 αὐτοῦ,
3163 1007 3272 1062 τοῦ
3328 1007 3700 1075 κατορθῶσαι

2114 1103 2330 1172 αὐτὴν,
2368 1103 2467 1158 καὶ
2495 1103 2929 1158 ἀντιλαϐέσθαι
2959 1103 3029 1157 ἐν
3066 1102 3299 1171 κρίματι
3352 1101 3453 1154 καὶ
3499 1102 3570 1154 ἐν
3613 1099 3699 1154 δι-

2115 1197 2440 1264 καιοσύνῃ,
2498 1195 2617 1249 ἀπὸ
2668 1195 2773 1249 τοῦ
2826 1194 2943 1248 νῦν
2988 1193 3090 1248 καὶ
3129 1196 3214 1260 εὶς
3269 1192 3412 1258 τοὺς
3458 1193 3694 1259 αἰῶνας.

2115 1286 2336 1349 Τούτοις
2368 1285 2499 1354 γοῦν
2548 1285 2815 1355 σύμφωνα
2846 1280 2913 1356 ἦν
2956 1286 3052 1339 καὶ
3088 1286 3229 1356 άπερ
3252 1286 3280 1338 ὁ
3306 1283 3548 1356 Γαϐριὴλ
3598 1283 3700 1355 τὴν

2116 1377 2390 1448 Παρθένον
2413 1378 2821 1450 εὐηγγελίζετο,
2858 1380 2938 1443 είς
2961 1379 3086 1440 τοὺς
3110 1378 3314 1442 αἰῶνας
3365 1377 3703 1448 βασιλεύσειν

2115 1472 2205 1526 τὸν
2233 1472 2292 1539 ἐξ
2325 1473 2514 1544 αὐτῆς,
2572 1473 2766 1542 λέγων,
2811 1474 2906 1526 καὶ
2943 1473 3044 1544 τῆς
3073 1473 3350 1544 βασιλείας
3400 1473 3566 1528 αὐτοῦ
3627 1475 3703 1547 μὴ

2117 1564 2335 1618 ἔσεσθαι
2387 1565 2558 1629 τέλος.
2591 1565 2912 1637 Μάρκελλος
2949 1565 3007 1619 δὲ
3050 1566 3198 1628 ὅπως
3233 1565 3444 1629 τούτοις
3493 1567 3702 1621 ἅπασιν

2117 1655 2336 1708 ἐναντία
2356 1655 2588 1725 γράφειν
2619 1657 2842 1728 ἐτόλμα,
2875 1655 3067 1728 μάθοις
3095 1655 3161 1710 ἂν
3182 1659 3244 1710 ὲκ
3273 1657 3381 1710 τῶν
3408 1657 3572 1712 αὑτοῦ
3590 1675 3706 1727 φω-

2117 1745 2244 1811 νῶν,
2275 1747 2341 1800 δι’
2391 1741 2465 1801 ὧν
2511 1748 2644 1818 ὁμοῦ
2675 1750 2774 1822 τὴν
2803 1749 3030 1821 θεότητα
3067 1749 3161 1803 καὶ
3187 1749 3286 1818 τὴν
3305 1749 3706 1822 ἀνθρωπότητα

2118 1835 2212 1889 τοῦ
2245 1836 2378 1891 Θεοῦ
2397 1837 2492 1891 τοῦ
2512 1839 2644 1893 Υἱοῦ
2674 1843 2921 1913 ἠρνεῖτο,
2947 1842 3259 1913 καινότερον
3289 1841 3321 1913 ἢ
3353 1841 3492 1895 κατά
3521 1843 3703 1896 πᾶσαν

2120 1928 2276 1983 ἄθεον
2300 1930 2531 2001 αἵρεσιν.
2561 1931 2682 1984 Τῶν
2713 1931 2822 2004 γὰρ
2849 1932 3173 2004 ἑτεροδόξων
3196 1933 3246 1985 οἱ
3282 1934 3378 2004 μὲν
3408 1932 3482 2003 μὴ
3519 1936 3704 2004 προεῖ-

2120 2038 2209 2074 ναι
2247 2021 2383 2094 μηδὲ
2399 2024 2774 2096 προϋπάρχειν
2799 2025 2889 2078 τὸν
2915 2024 3040 2078 Υἰὺν
3071 2023 3161 2078 τοῦ
3184 2023 3318 2077 Θεοῦ
3349 2023 3548 2093 φάντες
3564 2063 3578 2088 ,
3602 2025 3700 2078 ἀν-

2123 2111 2342 2184 θρωπον
2362 2112 2460 2167 ἕνα
2485 2114 2668 2182 αὑτὸν,
2695 2119 2808 2178 τοῖς
2834 2117 3040 2180 λοιποῖς
3067 2116 3269 2186 ὅμοιον,
3295 2114 3616 2185 ὑποθέμενοι
3639 2115 3699 2180 ἐξ

2121 2201 2433 2274 ἀνθρώπου,
2471 2206 2715 2279 υἱοθεσία
2748 2207 3072 2280 τετιμῆσθαι
3115 2206 3276 2260 αὑτὸν
3325 2205 3566 2274 ἔφασαν
3604 2206 3700 2258 καὶ

2119 2292 2277 2348 τοῦτο
2304 2295 2486 2360 δόντες
2513 2297 2779 2352 ἀθάνατον
2821 2300 2916 2352 καὶ
2959 2298 3313 2368 ἀτελεύτητον
3347 2294 3495 2366 αὐτῷ
3535 2295 3699 2365 τιμὴν

2122 2387 2218 2440 καὶ
2248 2387 2405 2453 δόξαν
2428 2389 2523 2443 καὶ
2550 2389 2826 2460 βασιλείαν
2846 2389 3064 2444 αἰώνιον
3102 2390 3523 2461 ὡμολογήκασιν
3542 2405 3556 2418 ο
3589 2387 3706 2440 οἶδὲ

2121 2478 2214 2532 τὸν
2261 2479 2548 2550 ἄνθρωπον
2594 2481 2987 2552 ἀρνησάμενοι,
3038 2481 3154 2534 υἱὸν
3183 2477 3325 2535 εῖναι
3362 2479 3524 2543 Θεοῦ,
3571 2479 3704 2532 Θεὸν

2122 2570 2382 2641 προόντα,
2424 2573 2821 2644 ὑπεστήσαντο.
2867 2573 3005 2624 Ἀλλ’
3023 2574 3072 2625 οἱ
3116 2574 3215 2643 μὲν
3239 2576 3339 2643 τῆς
3379 2573 3708 2644 Ἐκκλησίας

2123 2658 2415 2729 ἀλλότριοι,
2453 2661 2613 2731 μέχρι
2641 2661 2896 2714 τοσούτου
2923 2661 3133 2732 πλάνης
3161 2661 3369 2732 ἡλασαν
3396 2679 3410 2692 ·
3442 2664 3471 2715 ὁ
3503 2661 3561 2714 δὲ
3607 2661 3710 2732 τῆς

2135 2747 2463 2819 Ἐκκλησίας
2501 2750 2592 2802 τοῦ
2633 2750 2768 2803 Θεοῦ
2791 2749 3067 2814 τοσούτοις
3104 2750 3561 2821 καθηγησάμενος
3587 2750 3715 2820 χρό-

2122 2855 2253 2904 νοις,
2272 2839 2371 2910 τὴν
2404 2839 2638 2912 ὓπαρξιν
2670 2843 2885 2912 ἀναιρεῖ
2901 2842 2996 2895 τοῦ
3033 2842 3164 2894 Υίοῦ
3186 2842 3280 2896 τοῦ
3319 2841 3480 2905 Θεοῦ,
3514 2841 3592 2912 τῷ
3615 2843 3708 2894 αύ-

2122 2929 2218 2982 τοῦ
2246 2931 2640 3004 λειτουργήσας
2674 2933 3079 3006 θυσιαστηρίῳο
3111 2936 3207 2988 καὶ
3229 2934 3418 2989 ἑαυτὸν
3450 2935 3548 3004 μὲν
3580 2938 3710 2988 αἰω-

2125 3022 2237 3075 νίου
2258 3023 2353 3077 καὶ
2377 3022 2646 3078 ἀθανάτου
2664 3023 2811 3096 ζωῆς
2838 3024 3123 3092 τεύξεσθαι
3144 3026 3286 3097 τάχα
3306 3045 3410 3080 που
3441 3027 3706 3090 πιστεύει,

443 3123 884 3182 consecuturum,
952 3114 1271 3169 Pontiﬁcem
1328 3127 1458 3168 vero
1512 3111 1782 3182 ejusdem,
1833 3111 2020 3166 eadem

2127 3115 2212 3169 τὸν
2270 3116 2316 3170 δ’
2364 3118 2624 3189 ἀρχιερέα
2684 3119 2890 3190 ταύτης
2944 3121 3253 3193 ἀποστερεῖ.
3310 3121 3572 3190 Ἐχομεν
3641 3119 3710 3172 δὲ

443 3211 551 3262 vita
604 3207 802 3277 privat.
858 3204 1127 3258 Habemus
1178 3205 1389 3270 etenim,
1433 3203 1726 3257 secundum
1776 3201 2018 3270 Apostoli

443 3297 686 3360 eﬂ'atum,
719 3297 1022 3366 Pontiﬁcem
1065 3312 1338 3363 magnum,
1378 3295 1467 3366 qui
1515 3293 1670 3347 caelos
1711 3294 2020 3360 penetravit,

444 3389 626 3444 Iesum
680 3386 884 3441 Filium
922 3386 1021 3440 Dei
1067 3387 1133 3443 ".
1169 3387 1338 3453 Quem
1393 3399 1570 3453 neque
1620 3383 2019 3452 prmexsislere,

448 3499 545 3536 nec
597 3479 1009 3550 prmsubsistere
1057 3478 1223 3532 audet
1249 3477 1352 3530 iste
1393 3474 1686 3537 aiiirmare,
1725 3487 1883 3542 quem
1921 3486 2022 3526 uec

447 3576 826 3637 substiturum,
870 3586 970 3625 nec
1017 3585 1139 3624 cum
1182 3569 1392 3624 sanctis
1434 3567 1525 3621 Dei
1571 3573 2020 3622 conversaturqu

445 3669 627 3732 docet,
661 3665 955 3720 secundum
980 3661 1400 3732 promissionem
1433 3657 1631 3712 factam
1663 3659 1730 3712 de
1763 3657 2023 3712 caelorum

451 3773 635 3827 regno.
700 3756 860 3811 Certe
910 3769 1030 3808 cum
1078 3752 1254 3808 sancti
1283 3750 1355 3804 illi
1385 3763 1578 3804 omnes
1614 3749 1667 3801 in
1701 3747 2024 3816 corporibus

449 3850 947 3913 immortalitate,et
973 3844 1492 3913 incorruptibilitate
1517 3840 1761 3911 praeditis
1791 3853 2023 3908 regnum

450 3943 542 3998 Dei
570 3941 795 3996 caeleste
832 3938 1208 4008 possidebunt,
1237 3941 1295 3998 ›Ι‹
1338 3934 1677 3989 solummodo
1721 3931 2024 3995 Christum,

451 4043 509 4087 ct
553 4031 807 4086 Christus
847 4045 1012 4099 quam
1063 4030 1380 4095 assumpsit,
1429 4041 1651 4080 carnem
1690 4026 1784 4080 ille
1824 4025 2022 4094 privat.

454 4125 640 4194 Neque
687 4120 1060 4178 contremiscit
1108 4118 1531 4173 resurrectionis
1583 4127 1784 4171 nostra:
1833 4117 2023 4170 ducem

453 4237 508 4282 et
533 4225 818 4296 originem,
852 4222 976 4275 vitm
1004 4219 1348 4289 sempiternae
1398 4227 1810 4286 procuratorem
1847 4214 2027 4269 omni-

455 4320 574 4385 bus,
605 4327 658 4372 et
691 4329 910 4370 causam
949 4327 1115 4382 regno
1150 4326 1250 4365 suo
1286 4309 1613 4363 deturbare:
1651 4323 1750 4362 nec
1797 4308 1900 4360 hoc
1930 4321 2026 4360 so-

457 4408 752 4472 lummodo,
784 4405 877 4459 sed
911 4413 965 4459 et
995 4405 1102 4456 vita
1129 4401 1446 4456 omnimodo
1476 4398 1749 4466 dejecmm
1784 4398 2024 4466 privare.

2127 3208 2405 3276 ἀρχιερέα
2436 3210 2631 3279 μέγαν
2652 3251 2665 3274 ,
2699 3211 2840 3264 κατά
2882 3212 2975 3265 τὸν
3018 3212 3340 3266 Ἀπόστολον
3363 3251 3379 3276 ,
3425 3211 3709 3278 διεληλυο

2129 3301 2273 3354 θότα
2318 3301 2459 3366 τοὺς
2488 3303 2803 3369 οὐρανοὺς,
2847 3305 3082 3372 Ἰησοῦν
3111 3304 3219 3358 τὸν
3245 3305 3382 3358 Υὶὸν
3408 3303 3515 3357 τοῦ
3539 3302 3706 3364 Θεοῦ,

2129 3389 2188 3442 ὃν
2219 3389 2341 3442 οὔτε
2377 3394 2645 3461 προεῖναι,
2693 3393 2816 3446 οὔτε
2855 3396 3261 3465 προϋφεστάναι
3297 3393 3472 3463 τολμᾷ
3510 3391 3706 3460 λέγειν,

2130 3481 2266 3534 ἀλλά
2296 3481 2430 3553 μηδὲ
2462 3482 2703 3549 ἔσεσθαι,
2743 3485 2878 3555 μηδὲ
2926 3487 3040 3548 τοίς
3069 3484 3245 3553 ἁγίοις
3280 3483 3376 3536 τοῦ
3407 3481 3546 3536 Θεοῦ
3577 3497 3705 3534 συν-

2131 3574 2372 3639 έσεσθαι,
2401 3575 2522 3629 κατ’
2539 3575 2709 3646 αὐτὴν
2725 3575 2940 3644 ἐκείνην
2961 3574 3061 3644 τὴν
3089 3573 3442 3641 ἐπαγγελίαν,
3473 3573 3571 3642 τῆς
3597 3569 3706 3623 τῶν

2131 3665 2374 3737 οὐρανῶν
2401 3664 2693 3736 βασιλείας.
2728 3663 3040 3735 Τηνικαῦτα
3059 3662 3168 3734 γὰρ
3191 3663 3300 3716 τῶν
3337 3662 3507 3730 ἁγίων
3537 3662 3709 3715 ἀπάν-

2129 3775 2239 3813 των
2267 3757 2598 3828 μεθεξόντων
2618 3758 2719 3827 τῆς
2741 3756 2835 3809 τοῦ
2861 3755 2996 3808 Θεοῦ
3024 3757 3300 3825 βασιλείας
3319 3757 3377 3808 ὲν
3410 3757 3706 3826 ἀφθάρτοις

2131 3849 2226 3903 καὶ
2254 3847 2546 3911 ἀθανάτοις
2594 3847 2831 3918 σώμασι,
2880 3848 3038 3918 μόνον
3066 3848 3158 3901 τὸν
3197 3847 3452 3919 Χριστὸν,
3486 3847 3579 3899 καὶ
3610 3845 3710 3915 τὴν

2133 3940 2313 4012 σάρκα
2335 3940 2402 4010 ἢν
2436 3939 2745 4011 ἀνείληφεν,
2783 3941 3076 4012 ἀποστερεῖ
3098 3941 3288 4010 αὐτῆς.
3324 3939 3432 3991 Καὶ
3466 3939 3526 3990 ού
3554 3938 3713 4009 φρίτ-

2130 4049 2213 4085 τει
2243 4031 2334 4084 τὸν
2368 4031 2611 4102 ἀρχηγὸν
2651 4032 2749 4101 τῆς
2783 4031 3154 4094 ἀναστάσεως,
3203 4031 3295 4084 τὸν
3339 4031 3438 4100 τῆς
3490 4030 3712 4083 αἰωνίου

2135 4122 2282 4192 ζωῆς
2315 4124 2428 4186 τοῖς
2457 4124 2623 4176 πᾶσιν
2673 4124 2848 4176 αἴτιον
2887 4122 3240 4175 ἐκπεσεῖσθαι
3283 4121 3383 4192 τῆς
3434 4120 3712 4191 βασιλείας

2134 4215 2194 4267 ού
2227 4213 2403 4286 μόνον,
2431 4213 2567 4267 ἀλλά
2602 4214 2697 4267 καὶ
2723 4213 2896 4284 αὐτῆς
2933 4214 3034 4285 τῆς
3059 4214 3205 4284 ζωῆς
3241 4215 3674 4284 ἀποφαινόμενος
3692 4228 3707 4243 ⁶

2134 4303 2400 4375 ὥσπερᾶν
2423 4305 2476 4356 εῐ
2497 4321 2581 4368 τις
2602 4303 2913 4374 ὀφθαλμοὺς
2934 4303 3031 4374 μὲν
3059 4290 3153 4374 δῷ,
3174 4303 3289 4371 φῶς
3317 4303 3375 4356 δὲ
3391 4304 3452 4356 τὸ
3471 4306 3571 4374 τῆς
3588 4303 3712 4356 τούοη

2134 4413 2244 4449 των
2261 4395 2496 4467 χορηγὸν
2523 4395 2868 4465 ὲκλάμψεως,
2897 4393 3092 4448 ἀνέλοι.
3123 4396 3230 4448 Καὶ
3256 4393 3380 4448 οὔτε
3413 4397 3441 4449 ὁ
3461 4395 3714 4459 τοσοῦτος

457 4499 569 4553 Non
603 4499 760 4551 aliter
792 4511 955 4565 quam
1000 4496 1043 4548 si
1093 4493 1218 4562 quis
1260 4491 1452 4545 oculos
1499 4489 1800 4560 largiatur,
1851 4486 2024 4540 lucem

2141 4487 2237 4542 τοῦ
2275 4487 2410 4540 Θεοῦ
2437 4486 2667 4554 ἄγγελος
2698 4484 2960 4557 Γαϐριὴλ,
2995 4485 3119 4539 οὗτε
3155 4489 3183 4539 ὁ
3215 4487 3389 4557 μέγας
3426 4489 3713 4558 προφήτης

455 4607 584 4647 vero
625 4591 839 4661 penitus
868 4587 1180 4648 amoliatur,
1214 4599 1331 4653 qua!
1359 4593 1444 4636 est
1476 4581 1762 4635 oculorum
1802 4578 2029 4632 visionis

456 4701 554 4753 per
581 4681 982 4738 emanaliouem
1024 4679 1198 4748 origo.
1250 4677 1314 4731 Et
1359 4689 1532 4743 neque
1569 4680 1752 4726 tantus
1801 4671 1889 4724 ille
1933 4671 2028 4724 Dei

459 4773 681 4846 angelus
703 4769 957 4827 Gabriel:
987 4785 1089 4821 non
1121 4780 1347 4836 magnus
1380 4762 1470 4816 ille
1515 4761 1776 4830 propheta
1815 4757 2027 4821 Daniel,

458 4868 524 4922 de
551 4881 658 4936 quo
693 4865 897 4919 dictum
916 4871 1018 4925 est,
1051 4859 1190 4913 Num
1218 4870 1272 4910 tu
1301 4855 1519 4909 Daniele
1549 4853 1840 4922 sapientior
1867 4867 1920 4904 es
1944 4851 2029 4903 ⁸δῖ

462 5035 521 5092 >14
562 5027 657 5082 Ed.
696 5028 895 5090 Paris.,
929 5041 1050 5095 pug.
1080 5024 1169 5077 3i.
1250 5023 1296 5054 “
1326 5020 1431 5076 lsa.
1465 5037 1543 5089 ιιι,
1572 5019 1699 5082 6,7.
1777 5019 1820 5050 δ’
1851 5016 2098 5080 llcbmv,

460 5323 603 5369 νων,
634 5305 724 5359 ὅτι
772 5305 933 5370 τινὲς
963 5301 1082 5357 τῶν
1112 5303 1218 5357 τοῦ
1248 5300 1483 5356 Σατανᾶ
1516 5299 1828 5369 ὑπηρετῶν
1864 5300 2035 5370 ἐϐου-

460 5377 742 5446 λήθησαν
786 5369 962 5446 ὑμᾶς
998 5373 1346 5446 ταράσσειν.
1394 5375 1458 5446 οἱ
1508 5372 1626 5446 μέν
1669 5371 1757 5424 ὅτι
1805 5369 2039 5446 ςιησοῦς

462 5439 709 5518 (δοκήσει
755 5439 1085 5518 ἐγεννήθη,
1107 5445 1208 5518 steti
1262 5439 1520 5518 ῥοφήσει
1560 5439 1922 5518 ἐσταυρῴςὶη.
1962 5444 2041 5518 .οί

462 5516 551 5578 δὲ,
576 5517 665 5570 ὅτι
699 5511 809 5571 cini
837 5517 1008 5569 ἔστιν
1031 5515 1161 5579 υἱὸς
1190 5511 1294 5567 τοῦ
1321 5511 1702 5581 δημιουργοῦ.
1739 5514 1802 5564 Οἱ
1831 5511 1918 5581 δὲ,
1953 5511 2041 5564 ὅτι

462 5588 646 5651 αὑτός
685 5588 856 5640 ἐστιν
899 5589 931 5639 ό
975 5585 1074 5638 ἐπὶ
1121 5584 1362 5638 πάντων
1399 5580 1564 5647 Θεός.
1603 5583 1804 5634 Ἄλλοι
1839 5580 1907 5632 δὲ
1944 5584 2043 5648 ψι-

462 5656 575 5720 λὸς
621 5650 946 5723 ἄνθρωπος.
990 5656 1212 5724 Ἕτεροι
1264 5654 1352 5719 δὲ,
1387 5653 1487 5724 ὅτι
1522 5650 1698 5724 σὰρξ.
1727 5653 1845 5724 οὐκί
1881 5651 2036 5724 erat-

465 5741 657 5790 ρεται,
683 5721 787 5778 etc.
828 5728 902 5778 Ita
950 5721 1183 5792 lgnalius
1220 5725 1443 5793 epistola
1478 5723 1529 5785 ὅ,
1566 5721 2035 5793 etialihisitnilia;

468 5795 805 5848 adversarius
832 5796 919 5848 hic
945 5791 1175 5850 haereses
1199 5791 1587 5849 connuemorat
1610 5791 1889 5845 Eusebius.
1913 5791 2043 5856 Quae

2135 4579 2356 4648 Δανιὴλ,
2399 4579 2528 4648 περί
2560 4572 2620 4631 οὗ
2673 4576 2896 4647 ἐλέχθη,
2926 4577 3022 4646 Μὴ
3051 4578 3131 4632 σὺ
3159 4579 3497 4649 σοφώτερος
3522 4576 3582 4632 εἴ
3604 4580 3712 4632 τοῦ

2137 4669 2395 4735 AaV-nil;
2429 4669 2550 4722 οὔτε
2579 4670 2607 4722 ὁ
2647 4668 2898 4733 τοσοῦτος
2914 4671 3161 4734 Ἡσαΐας,
3190 4671 3302 4725 οὔθ’
3327 4675 3354 4726 ὁ
3382 4673 3565 4737 λοιπὸς
3604 4673 3714 4725 τῶν

2137 4763 2432 4831 προφητῶν
2465 4762 2624 4833 χορὸς
2652 4761 2877 4814 τοιαῦτα
2929 4761 3001 4832 μὴ
3026 4762 3278 4832 γράφειν,
3306 4763 3440 4833 μηδὲ
3497 4766 3715 4836 φρονεῖν

2135 4851 2228 4904 τὸν
2262 4851 2433 4906 άνδοα
2474 4851 2717 4917 ἔπεισαν,
2763 4852 2870 4906 οὐδ’
2900 4853 3054 4906 αὐτοὶ
3100 4854 3361 4918 Ἰουδαῖοι,
3408 4856 3536 4926 παρ’
3575 4850 3655 4918 οἷς
3686 4857 3717 4908 6

2150 5017 2251 5084 M;
2285 5032 2404 5080 vnt,
2441 5018 2488 5070 I.
2569 5017 2613 5047 ⁸⁸
2645 5017 2841 5072 Ezech.
2875 5033 3068 5079 xxvttl,
3097 5017 3148 5070 5.

2144 5301 2484 5356 divinitatem
2521 5299 2842 5354 detrahebat
2886 5312 3141 5370 concessa
3181 5298 3542 5370 humanitate.
3587 5303 3723 5370 Quae

2146 5371 2537 5425 humanitatem
2587 5372 2825 5440 negabat
2869 5368 2994 5440 data
3041 5368 3344 5423 divinitate.
3377 5368 3720 5440 βαι-βορῆς,

2149 5441 2422 5494 hominem
2452 5437 2924 5493 merum—docebat.
2948 5437 3355 5510 Samosateuus,
3376 5437 3567 5494 Filium
3600 5437 3721 5510 Det,

2149 5514 2240 5564 sed
2271 5511 2415 5563 κατά
2442 5511 2762 5580 προκοπήν;
2816 5509 3103 5580 hominem
3139 5511 3408 5580 negabant
3452 5509 3716 5576 Marcion,

2151 5581 2463 5645 Manichtei;
2491 5576 2892 5646 phantaSIicutn
2922 5576 3297 5632 Gnoslicorum
3332 5578 3552 5636 Docitze.
3584 5583 3725 5637 Mar-

2140 5651 2308 5704 cellus
2342 5649 2574 5720 ὓπαρξιν
2609 5659 2895 5722 accusatur
2924 5651 3208 5704 sustulisse
3245 5648 3364 5702 Filii
3406 5649 3538 5706 Dei:
3572 5656 3716 5722 quod

2146 5735 2325 5798 ροιιιο⁵
2352 5718 2504 5798 prius
2552 5727 2701 5798 erat__
2724 5718 2995 5798 inﬁciat‘ns
3017 5735 3051 5798 ;_
3086 5735 3208 5771 nam
3263 5730 3329 5798 e_t_
3365 5718 3720 5798 Δοκίταίτὴν

2147 5787 2402 5860 ὓπαρξιν,
2427 5789 2618 5846 saltem
2652 5789 2888 5845 divinam
2926 5787 3252 5845 fatebantur.
3282 5788 3350 5844 Μ.
