4088 6410
423 431 514 483 781
581 450 589 459 ’

1546 426 1825 481 CONTRA
1866 423 2291 480 MARCELLUM
2334 422 2459 476 LIB.
2502 422 2564 476 ll.

3554 396 3667 477 πετὲ.

422 542 866 615 προσδοκώμενος
894 543 1060 596 εἰσέτι
1103 543 1196 596 νῦν
1221 545 1471 615 Χριστὸς,
1505 543 1564 595 ὃν
1609 541 1988 609 Ἠλειμμένον

2096 557 2198 593 non
2236 540 2359 594 talis
2396 551 2687 609 tantusque
2741 549 2891 594 vates
2944 539 3150 595 Isaias:
3199 553 3305 593 non
3359 540 3662 609 propheta-

424 635 611 689 καλεῖν
644 631 915 698 εἰώθασιν,
960 635 1153 705 ἀγήρω
1209 634 1306 704 τὴν
1362 634 1639 703 βασιλείαν
1687 634 1779 685 καὶ
1832 632 1993 684 Θάνα-

425 743 515 779 τον
538 726 677 789 ἕξειν
707 725 819 794 (56)
854 725 1153 787 ἐλπίζεται.
1221 725 1378 777 Ἀλλὰ
1429 724 1521 777 καὶ
1550 724 1755 777 τούτων
1802 724 1991 792 γέγονε

427 816 621 887 χείρων
640 818 666 868 ό
691 817 785 870 καὶ
812 818 890 879 εἰς
912 816 1010 886 τὴν
1050 815 1222 887 ἀρχὴν
1250 815 1382 887 ὁμοῦ
1418 816 1511 868 καὶ
1532 818 1610 879 εἰς
1631 815 1691 868 τὸ
1718 815 1870 877 τέλος
1898 813 1990 867 τοῦ

429 897 552 961 Υἱοῦ
566 908 698 960 Θεοῦ
713 908 976 978 ἀσεϐῆσαι
988 909 1078 961 τολ
1086 909 1157 978 μή
1166 908 1344 970 σας,ὃν
1357 907 1627 970 οὐδάὐτὺς
1643 908 1670 958 ό
1688 907 1826 969 θεῖος
1844 906 1993 958 Ἀπό-

428 998 607 1060 στολος
649 996 1067 1067 κατεδυσώπησε
1111 997 1184 1069 μὴ
1216 997 1438 1051 τοιαῦτα
1468 997 1700 1059 ἀσεϐεῖν,
1738 998 1992 1064 ἄντικρυς

424 1086 614 1154 λέγων,
637 1086 857 1151 Πιστὸς
875 1088 907 1139 ό
932 1087 1133 1155 λόγος’
1151 1088 1203 1137 εὶ
1223 1084 1333 1154 γὰρ
1361 1083 1871 1151 συναπεθάνομεν,
1893 1082 1990 1133 καὶ

423 1176 787 1246 συζήσομεν,
807 1180 859 1230 εὶ
875 1175 1267 1245 ὑπομένομεν,
1288 1176 1380 1228 καὶ
1405 1175 1990 1243 συμϐασιλεύσομεν,

424 1271 519 1324 καὶ
557 1269 921 1339 κληρονόμους
953 1269 1050 1339 μὲν
1086 1270 1231 1339 ἡμᾶς
1257 1267 1473 1320 ἔσεσθαι
1496 1266 1587 1319 τοῦ
1610 1265 1766 1330 Θεοῦ,
1794 1267 1853 1318 οὐ
1889 1265 1992 1335 μὴν

423 1362 546 1433 δίχα
579 1361 673 1415 τοῦ
718 1360 971 1432 Χριστοῦ.
1017 1361 1383 1429 κληρονόμοι
1420 1360 1562 1430 γὰρ,
1604 1360 1764 1429 φησὶ,
1814 1357 1990 1417 Θεοῦ,

426 1453 907 1521 συγ-κληρονόμοι
928 1450 995 1503 δὲ
1026 1450 1129 1504 τοῦ
1148 1448 1423 1517 Χριστοῦ’
1452 1450 1616 1516 εἴπερ
1639 1446 1993 1517 συμπάσχο-

422 1560 557 1612 μεν,
584 1542 687 1595 ἵνα
738 1543 836 1595 καὶ
879 1540 1403 1609 συνδοξασθῶμεν.
1458 1540 1568 1593 Καὶ
1598 1539 1786 1592 πάλιν·
1818 1541 1885 1591 Et
1928 1537 1995 1590 δὲ

425 1631 817 1700 ἀπεθάνομεν,
852 1632 1004 1703 φησὶ,
1036 1630 1158 1684 σὺν
1187 1629 1437 1698 Χριστῷ,
1472 1630 1863 1697 πιστεύομεν.
1906 1626 1993 1679 ὅτι

425 1724 523 1777 καὶ
552 1722 893 1793 συζήσομεν
918 1721 1103 1788 αὐτῷ,
1134 1722 1358 1785 ειδότες
1394 1721 1481 1774 ὅτι
1510 1722 1763 1789 Χριστὸς
1787 1759 1802 1782 ,
1833 1720 1994 1788 ἐγερ-

424 1814 547 1879 θεὶς
596 1815 664 1867 ἐκ
697 1812 944 1881 νεκρῶν,
993 1815 1104 1867 οὐκ
1161 1812 1246 1865 ἔτι
1296 1811 1665 1870 ἀποθνήσκει
1687 1829 1700 1842 ·
1739 1810 1993 1876 θάνατος

421 1904 608 1959 αὐτοῦ
630 1908 740 1959 οὐκ
772 1906 856 1959 ἔτι
888 1904 1206 1972 κυριεύσει·
1236 1906 1330 1957 καὶ
1349 1899 1520 1967 αὖθις·
1544 1904 1615 1957 Τὸ
1636 1903 1705 1956 δὲ
1734 1902 1993 1973 χάρισμα

422 1996 528 2049 τοῦ
559 1996 704 2051 Θεοῦ
729 1994 840 2065 ζωὴ
867 1997 1102 2063 αἰώνιος
1118 1997 1188 2050 ἐν
1210 1995 1439 2064 Χριστῷ
1475 1995 1668 2063 Ἰησοῦ
1701 1994 1780 2059 τῷ
1798 1995 1993 2061 Κυρίῳ

424 2088 611 2155 ἡμῶν.
645 2088 851 2141 Οὐκοῦν
886 2091 918 2159 ή
958 2087 1176 2151 αἰώνιος
1209 2088 1320 2159 ζωὴ
1347 2088 1445 2141 οὐκ
1478 2087 1652 2149 ἄλλως
1684 2089 1812 2157 ἡμῖν
1839 2103 1994 2157 πορι-

426 2178 682 2249 σθήσεται
710 2180 743 2248 ἢ
772 2182 828 2233 ὲν
866 2178 1087 2250 Χριστῷ
1132 2177 1307 2247 Ἰησοῦ
1346 2178 1424 2247 τῷ
1458 2179 1644 2249 Κυρίῳ
1673 2176 1830 2248 ήμῶν
1853 2194 1866 2206 °
1899 2177 1993 2229 καὶ

424 2272 458 2341 ἡ
491 2271 643 2334 ἐλπὶς
667 2270 825 2341 ήμῶν
840 2272 939 2340 οὐχ
967 2270 1153 2333 ἁπλῶς
1169 2269 1353 2341 ζῆσαι,
1377 2269 1513 2324 ἀλλὰ
1535 2272 1632 2322 σὺν
1662 2268 1809 2338 αὑτῷ
1837 2268 1992 2333 δοξα-

426 2362 638 2432 σοῆναι,
672 2362 765 2416 καὶ
819 2364 916 2416 σὺν
940 2361 1087 2432 αὑτῷ
1120 2362 1546 2434 κληρονομῆσαι,
1582 2362 1677 2414 καὶ
1723 2362 1819 2414 σὺν
1847 2360 1992 2430 αὑτῷ

428 2453 744 2524 βασιλεῦσαι
767 2470 780 2484 ο
812 2455 989 2507 πάντα
1022 2455 1129 2525 γὰρ
1154 2457 1282 2525 ἡμῖν
1303 2455 1367 2507 ὲκ
1396 2453 1496 2524 τῆς
1519 2452 1682 2506 αὐτοῦ
1711 2451 1994 2515 κοινωνίας

426 2545 694 2615 ὑπάρξει·
738 2545 767 2598 ὃ
804 2544 1042 2599 διδάσκει
1109 2548 1139 2599 ό
1207 2545 1369 2608 αὐτὸς
1424 2544 1635 2616 φήσας·
1691 2543 1911 2608 Πιστὸς
1960 2544 1994 2596 ό

426 2636 591 2703 Θεὸς,
607 2636 681 2689 δι’
699 2633 770 2693 οὗ
783 2636 1076 2704 ἐκλήθητε
1091 2639 1177 2704 εὶς
1194 2637 1508 2690 κοινωνίαν
1528 2635 1632 2689 τοῦ
1658 2636 1792 2688 Υἱοῦ
1809 2634 1992 2687 αὐτοῦ

435 2726 640 2793 Ἰησοῦ
654 2728 908 2795 Χριστοῦ
924 2726 1030 2781 τοῦ
1047 2727 1265 2794 Κυρίου
1280 2725 1465 2794 ήμῶν.
1484 2725 1579 2788 Τίς
1597 2724 1653 2777 δὲ
1669 2725 1702 2791 ή
1720 2723 1989 2786 κοινωνία,

424 2816 741 2889 παρίστησι,
768 2818 863 2871 καὶ
894 2819 1200 2888 συνήγειρε,
1222 2816 1421 2886 λέγων’
1448 2817 1554 2870 Καὶ
1591 2813 1993 2869 συνεκάθισεν

423 2915 493 2961 ἐν
520 2908 646 2975 τοῖς
685 2909 1081 2979 ἐπουρανίοις,
1128 2910 1196 2963 ἐν
1221 2908 1453 2977 Χριστῷ
1506 2907 1728 2975 Ἰησοῦ,
1758 2907 1859 2961 ἵνα
1897 2906 1992 2959 ἐν·

422 3001 690 3069 δείξηται
730 3002 800 3055 ἐν
850 3000 973 3067 τοῖς
1019 3000 1191 3056 αὶῶσι
1244 3000 1369 3067 τοῖς
1434 2998 1855 3068 ἐπερχομένοις
1924 2997 1991 3051 τὸ

422 3097 802 3165 ὑπερϐάλλον
840 3096 1099 3162 πλοῦτος
1128 3094 1237 3162 τῆς
1267 3094 1505 3163 χάριτος
1538 3094 1606 3146 ἐν
1634 3094 1992 3165 χρηστότητι

423 3192 515 3258 ἐρ’
534 3189 689 3258 ἡμᾶς
708 3189 776 3241 ἐν
805 3186 1033 3255 Χριστῷ
1064 3187 1287 3254 Ἰησοῦ.
1330 3188 1387 3239 Ὀ
1417 3186 1462 3238 δ’
1492 3185 1652 3247 αὐτὸς
1688 3184 1780 3237 καὶ
1821 3182 1991 3236 ταῦτα

2100 647 2217 685 rum
2270 644 2557 686 consessus
2606 632 2935 700 persuadere
2973 634 3101 688 huic
3151 633 3354 689 homini
3417 644 3664 702 potuere,

2096 735 2203 790 quo
2258 721 2436 775 minus
2483 721 2597 774 haec
2640 722 2933 787 scriberet,
2983 731 3038 775 et
3074 722 3408 792 Opinaretur.
3458 721 3567 775 lmo
3594 738 3663 776 ne

2095 813 2311 882 quidem
2341 812 2509 867 Judaei
2543 814 2667 884 ipsi,
2703 816 2845 884 apud
2895 831 3052 885 quos,
3091 816 3181 881 qui
3225 817 3401 870 adhuc
3442 817 3660 885 quidem

2093 914 2441 974 exspectatur
2462 905 2732 970 Christus,
2759 921 2918 974 quem
2942 907 3013 959 illi
3035 904 3367 959 Elimmenon
3385 906 3664 976 appellare

2095 998 2293 1064 solent,
2326 999 2564 1052 creditur
2608 998 2897 1052 habiturus
2933 1012 3154 1066 regnum
3201 1012 3302 1052 non
3336 998 3656 1061 desiturum,

2094 1097 2190 1143 aut
2214 1100 2439 1142 mortem
2474 1090 2587 1157 ipse
2623 1089 2893 1143 obiturus.
2948 1088 3130 1159 Longe
3156 1090 3371 1158 quidem
3405 1090 3524 1144 istis
3558 1089 3656 1143 de-

2098 1180 2265 1236 terior
2296 1189 2378 1234 est
2408 1180 2497 1249 qui
2544 1198 2647 1234 non
2684 1191 2900 1235 veretur
2930 1181 3263 1250 impietatem
3295 1178 3499 1241 fovere,
3536 1197 3655 1234 cum

2095 1270 2163 1325 de
2192 1270 2346 1325 initio
2377 1270 2464 1324 Dei
2495 1269 2636 1333 Filii,
2656 1281 2767 1325 tum
2798 1271 2864 1324 de
2894 1271 3017 1325 line.
3048 1271 3217 1336 Quem
3247 1287 3351 1327 non
3376 1272 3547 1341 potuit
3576 1271 3661 1324 di-

2094 1360 2252 1415 vinus
2282 1361 2570 1430 Apostolus
2598 1360 2894 1425 inﬂectere,
2930 1375 2997 1413 ne
3021 1375 3086 1414 eo
3120 1375 3293 1430 usque
3335 1375 3659 1430 prorumpe-

2097 1462 2180 1505 ret
2209 1453 2536 1520 impietatis,
2579 1453 2703 1507 dum
2740 1452 2812 1505 ita
2846 1452 3125 1522 loquitur:
3149 1450 3349 1505 Fidelis
3383 1452 3465 1504 hic
3490 1467 3659 1505 sermo

2094 1553 2190 1605 est,
2225 1544 2269 1595 si
2301 1559 2417 1595 cum
2474 1543 2569 1596 illo
2618 1544 2820 1596 mortui
2864 1544 3050 1610 simus,
3096 1560 3201 1597 una
3234 1559 3351 1596 cum
3391 1543 3485 1595 illo
3522 1543 3659 1596 vive-

2094 1651 2208 1687 mus
2239 1652 2257 1687 :
2281 1635 2659 1703 sisuﬂ'eramus
2685 1648 2731 1689 et
2760 1636 3212 1706 conregnabimus,
3240 1636 3305 1688 “.
3331 1635 3393 1689 Et
3418 1635 3661 1690 hteredes

2093 1727 2308 1792 quidem
2368 1742 2466 1781 nos
2519 1727 2727 1782 futuros
2783 1727 2873 1782 Dei
2924 1730 3102 1793 docet,
3159 1744 3264 1782 non
3315 1738 3495 1781 tamen
3540 1729 3658 1781 sine

2093 1817 2329 1873 Christo.
2369 1817 2639 1885 Hazredes,
2693 1818 2887 1888 inquit,
2956 1818 3091 1873 Dei:
3145 1818 3440 1873 coha'redes
3483 1828 3660 1871 autem

2023 1909 2318 1985 “Christi,
2377 1911 2421 1964 si
2481 1912 2883 1979 compatiuntur,
2931 1922 2986 1963 ut
3042 1927 3245 1982 quoque
3300 1910 3661 1980 congloriﬁce-

2095 2015 2215 2050 mur
2233 1999 2301 2051 "°.
2330 1998 2396 2052 Et
2432 2015 2656 2053 rursus:
2697 1998 2760 2054 Si
2812 2001 3006 2053 mortui
3053 2016 3258 2064 sumus,
3296 2000 3493 2068 inquit,
3542 2017 3659 2054 cum

2095 2087 2327 2154 Christo,
2385 2090 2648 2143 credimus
2699 2090 2838 2160 quod
2893 2092 3115 2144 vivemus
3172 2109 3279 2145 una
3336 2108 3454 2144 cum
3511 2093 3658 2157 illo;

2093 2178 2314 2231 scientes
2340 2181 2481 2249 quod
2522 2179 2766 2234 Christus
2824 2182 2890 2234 de
2935 2182 3157 2236 mortuis
3199 2183 3504 2247 suscitatus,
3554 2200 3661 2237 non

2095 2269 2316 2323 ulterius
2349 2273 2590 2334 moritur,
2649 2288 2791 2324 mors
2853 2272 3024 2325 adhuc
3071 2273 3151 2325 illi
3203 2289 3307 2329 non
3362 2275 3661 2329 dominabi-

2096 2367 2183 2411 tur
2215 2360 2258 2391 '“
2282 2377 2296 2413 :
2324 2372 2378 2414 et
2413 2362 2607 2413 iterum
2637 2379 2648 2414 :
2678 2361 2885 2414 Donum
2932 2378 3047 2414 vero
3077 2362 3175 2415 Dei
3204 2373 3281 2416 est
3309 2363 3416 2417 vita
3439 2375 3656 2421 eterna.

2095 2452 2148 2503 in
2205 2450 2336 2504 Jesu
2381 2449 2590 2505 Christo
2640 2451 2867 2505 Domino
2924 2462 3104 2507 nostra
3149 2453 3217 2507 ⁷³.
3267 2451 3437 2507 Vitam
3496 2456 3660 2524 igitur

2093 2554 2351 2597 aeternam
2382 2560 2487 2598 non
2521 2543 2738 2597 aliunde
2762 2559 3178 2614 consequemur,
3198 2559 3356 2613 quam
3381 2560 3477 2615 per
3498 2544 3660 2601 Chri-

2092 2642 2232 2686 stum
2272 2632 2453 2688 Jesum
2486 2633 2765 2687 Dominum
2801 2644 3061 2687 nostrum.
3091 2634 3155 2688 Et
3190 2650 3312 2705 Spes
3337 2635 3424 2689 illa
3455 2651 3552 2691 nos
3577 2636 3660 2692 fo-

2091 2730 2200 2786 vet,
2238 2738 2341 2775 non
2387 2723 2558 2775 solum
2584 2723 2723 2789 quod
2756 2722 3016 2786 vivemus,
3047 2722 3141 2778 sed
3175 2725 3316 2793 quod
3337 2725 3499 2779 etiam
3532 2742 3655 2779 cum

2095 2810 2184 2864 illo
2213 2827 2315 2863 una
2342 2811 2784 2879 glorificabimur,
2824 2822 2881 2865 et
2923 2812 3297 2867 ltaareditatem
3326 2828 3428 2867 una
3460 2829 3656 2869 conse-

2092 2916 2339 2971 quemur,
2375 2910 2429 2954 et
2474 2916 2593 2954 cum
2626 2916 2691 2957 eo
2738 2901 2895 2955 simul
2946 2903 3423 2973 conregnabimus.
3463 2904 3655 2961 Omnia

2092 2993 2234 3047 enim
2260 3002 2444 3048 nostra
2492 2992 2646 3048 nobis
2691 2992 3011 3059 proveniunt
3052 2993 3119 3047 ab
3162 2993 3273 3061 illa,
3306 3009 3464 3064 quam
3491 2997 3658 3051 habe-

2094 3101 2212 3140 mus
2236 3102 2357 3142 cum
2387 3103 2473 3151 eo,
2504 3086 2915 3141 communione:
2942 3089 3082 3156 quod
3115 3088 3270 3143 docet
3299 3090 3414 3158 ipse
3457 3089 3657 3144 Paulus

2093 3182 2182 3236 ubi
2214 3183 2319 3237 ait:
2354 3181 2554 3235 Fidelis
2608 3181 2744 3236 Deus
2793 3193 2890 3245 est,
2920 3199 3012 3251 per
3039 3200 3188 3253 quem
3227 3187 3394 3238 vocati
3431 3187 3556 3239 estis
3586 3186 3657 3240 ad

424 3278 675 3347 περὶτοῦ
715 3278 961 3348 Σωτῆρος
998 3277 1241 3329 ἐδίδασκε
1277 3274 1529 3343 φάσκων·
1576 3276 1640 3327 Ὀ
1671 3274 1759 3336 δὲ,
1798 3272 1897 3327 διὰ
1922 3272 1988 3326 τὸ

2092 3274 2505 3327 communionem
2556 3271 2688 3326 Filii
2724 3275 2827 3335 sui,
2879 3272 3008 3326 Jesu
3057 3274 3253 3327 Christi
3308 3275 3517 3328 Domini
3560 3294 3654 3330 no-

420 3369 625 3437 μένειν
651 3369 836 3422 αὑτὸν
861 3370 946 3434 εὶς
972 3368 1078 3420 τὸν
1096 3366 1298 3429 αἰῶνα,
1324 3366 1704 3432 ἀπαράϐατον
1721 3365 1843 3433 ἔχει
1874 3363 1986 3431 τὴν

424 3463 754 3530 ἱερωσύνην
771 3478 784 3491 ’
827 3459 966 3515 ὅθεν
993 3458 1091 3511 καὶ
1133 3455 1337 3517 σώζειν
1361 3459 1446 3521 εὶς
1471 3454 1536 3508 τὸ
1566 3453 1859 3521 παντελὲς
1885 3455 1986 3507 δύο

422 3570 594 3606 ναται
616 3552 757 3617 τοὺς
772 3551 1130 3619 προσιόντας
1156 3548 1228 3601 δι’
1246 3547 1431 3602 αὐτοῦ
1460 3544 1539 3611 τῷ
1572 3544 1714 3610 Θεῷ,
1735 3545 1989 3598 πάντοτε

422 3643 554 3708 ζῶν,
588 3647 674 3710 εὶς
694 3644 760 3697 τὸ
782 3641 1171 3712 ἐντυγχάνειν
1199 3640 1349 3709 ὑπὲρ
1379 3638 1594 3693 αὐτῶν.
1623 3638 1696 3691 Οὐ
1722 3635 1825 3707 μὴν
1854 3636 1988 3689 ἀλλὰ

422 3735 518 3788 καὶ
573 3734 664 3787 τὸν
705 3733 1037 3804 Μελχισεδὲκ
1093 3734 1173 3795 εἰς
1225 3732 1286 3784 τὸ
1320 3730 1563 3801 διηνεκὲς
1608 3728 1757 3799 ἱερέα
1810 3727 1987 3796 μένειν

421 3824 592 3892 ἔλεγε,
644 3823 732 3875 διὰ
789 3823 850 3875 τὸ
922 3820 1355 3893 ἀφομοιούμενον
1399 3813 1539 3872 εἶναι
1585 3817 1661 3887 τῷ
1708 3816 1822 3886 Υἱῷ
1884 3815 1980 3868 τοῦ

421 3914 576 3967 Θεοῦ.
619 3914 759 3967 Ἀλλ’
797 3915 879 3967 ὅτι
938 3914 1036 3983 μὲν
1077 3913 1287 3974 τούτοις
1335 3910 1539 3964 ἅπασιν
1584 3910 1613 3961 ό
1667 3906 1984 3979 Μάρκελλος

420 4007 679 4063 τάναντία
721 4006 950 4077 γράφειν
974 4005 1175 4075 ἐτόλμα
1206 4003 1397 4074 μικρὸν
1430 4002 1652 4073 ὕστερον
1676 3999 1986 4071 παρατεθή-

422 4116 595 4163 σεται,
622 4099 737 4151 νυνὶ
762 4098 817 4150 δὲ
840 4099 987 4160 ὅπως
1012 4096 1224 4165 ἐφρόνει
1251 4092 1491 4163 περὶτοῦ
1524 4092 1659 4164 μηδὲ
1683 4092 1783 4163 τὴν
1810 4092 1982 4162 ἀρχὴν

419 4184 579 4242 εἶναι·
623 4188 744 4259 μηδ’
774 4186 1069 4258 ὑφεστάναι
1106 4187 1195 4239 τὸν
1217 4184 1308 4238 τοῦ
1333 4184 1465 4237 Θεοῦ
1496 4183 1643 4249 Υἱὸν,
1664 4181 1984 4253 θεασώμεθα

419 4278 582 4349 πρότε
592 4296 695 4349 ρον.

2092 3365 2189 3417 stri
2213 3365 2279 3417 ⁷³.
2314 3364 2573 3430 Quaenam
2604 3378 2733 3418 vero
2765 3364 2852 3417 illa
2891 3365 2960 3419 sit
2992 3365 3303 3418 communio
3360 3365 3536 3419 docet.
3584 3363 3653 3419 Et

2092 3456 2380 3530 suscitavit,
2434 3455 2528 3519 ait,
2560 3465 2607 3508 et
2645 3455 2823 3508 sedere
2876 3455 2996 3523 fecit
3047 3454 3195 3507 illum
3227 3473 3258 3507 a
3294 3456 3513 3520 dextris,
3546 3472 3653 3509 una

2091 3562 2264 3599 secum
2290 3546 2343 3598 in
2389 3545 2678 3599 caelestibus
2713 3546 2766 3598 in
2794 3543 3001 3599 Christo
3036 3544 3189 3608 Jesu,
3228 3556 3282 3597 ut
3330 3547 3568 3599 ostendat
3596 3548 3652 3600 in

2091 3635 2318 3686 venturis
2352 3633 2474 3685 olim
2499 3633 2709 3686 swculis
2740 3634 3218 3700 superabundautes
3264 3633 3477 3688 divitias
3521 3651 3648 3704 gra-

2091 3728 2202 3785 tite,
2232 3724 2287 3775 in
2327 3724 2553 3775 bonitate
2580 3737 2705 3790 erga
2732 3739 2826 3774 nos
2857 3722 2910 3774 in
2943 3722 3150 3775 Christo
3177 3721 3306 3774 Jesu
3336 3722 3400 3776 ".
3428 3722 3567 3777 Idem
3596 3735 3651 3777 et

2093 3816 2157 3869 de
2190 3814 2479 3868 Servatore
2505 3813 2692 3865 eadem
2730 3814 2913 3867 docuit
2960 3813 3046 3865 ubi
3096 3814 3265 3881 inquit
3296 3832 3307 3866 :
3343 3814 3463 3878 Qui,
3511 3819 3650 3884 quod

2091 3915 2301 3960 maneat
2326 3907 2379 3958 in
2415 3914 2695 3970 (curuum,
2724 3905 3048 3958 immutabile
3078 3905 3227 3958 habet
3262 3908 3609 3960 sacerdotium
3629 3923 3653 3961 :

2090 4002 2227 4055 unde
2249 4012 2294 4055 et
2320 4017 2526 4055 servare
2550 4018 2725 4055 omnes
2768 4010 2935 4069 potest
2958 4003 3047 4069 qui
3087 4004 3341 4055 accedunt
3374 4018 3463 4069 per
3499 4001 3649 4055 illum

2090 4096 2159 4145 ad
2185 4094 2371 4159 Deum,
2408 4110 2613 4162 semper
2642 4096 2833 4156 vivens,
2858 4097 2912 4148 in
2932 4111 3049 4148 eum
3074 4094 3252 4161 ﬁnem,
3286 4103 3341 4145 ut
3370 4109 3464 4158 pro
3497 4092 3649 4146 nobis

2089 4183 2374 4236 intercedat
2410 4184 2477 4235 ⁷⁸.
2526 4189 2585 4246 r11
2629 4183 2765 4250 Quin
2816 4192 2870 4237 et
2929 4183 3289 4243 Melchisedec
3337 4196 3644 4236 mansurum

2091 4273 2430 4326 sacerdotem
2456 4273 2508 4326 in
2534 4281 2792 4327 aeternum
2824 4273 3128 4337 conﬁrmat,
3164 4286 3229 4326 eo
3260 4273 3401 4339 quod
3435 4271 3647 4326 assimi-

419 4368 559 4423 letur
590 4369 725 4423 Filio
757 4368 872 4425 Dei.
909 4367 1068 4430 Hisce
1102 4377 1278 4422 tamen
1314 4366 1563 4419 omnibus
1586 4379 1773 4419 ausum
1816 4364 1979 4417 fuisse
2017 4361 2326 4417 Marcellum
2385 4365 2656 4417 contraria
2718 4364 2875 4432 plane
2924 4365 3181 4417 mandare
3230 4361 3444 4424 litteris,
3488 4362 3645 4430 paulo

416 4474 535 4531 post
565 4473 894 4530 proponetur
917 4462 1221 4528 cuicunque
1265 4458 1599 4513 intuendum.
1637 4456 1690 4510 lu
1729 4455 1977 4526 praesenti
2014 4465 2192 4509 autem
2226 4455 2633 4525 despiciendum
2695 4456 2851 4509 nobis
2902 4456 3054 4523 prius
3087 4464 3190 4519 est,
3237 4467 3398 4522 quam
3432 4452 3646 4507 fovebat

418 4554 506 4610 ille
531 4555 877 4619 sententiam,
909 4555 977 4609 de
1005 4553 1141 4608 Filio
1178 4552 1268 4607 Dei
1307 4569 1408 4605 nou
1444 4549 1741 4605 exsistente
1783 4548 1850 4601 ab
1882 4548 2035 4602 initio
2076 4563 2175 4601 nec
2215 4549 2407 4602 sortito
2449 4548 2879 4602 subsistentiain.

527 4762 584 4819 »Β
631 4755 725 4810 Ed.
755 4754 1088 4819 Paris..png.
1127 4754 1213 4808 55.
1280 4753 1325 4783 "
1364 4753 1400 4805 Il
1443 4751 1582 4805 'l‘im.
1620 4769 1680 4812 ιι,
1719 4753 1803 4814 il,
1835 4754 1917 4806 12.

2088 4756 2228 4809 Rom.
2261 4771 2373 4819 vm,
2419 4757 2501 4810 Π.

2613 4759 2654 4787 ⁷¹
2684 4758 2838 4810 Rom.
2880 4774 2953 4821 vr,
2977 4757 3030 4821 8,
3055 4758 3107 4812 9.
3184 4758 3229 4787 "
3260 4756 3454 4825 Eplies.
3487 4770 3547 4821 ll,
3581 4753 3637 4811 8.

416 4824 645 4881 “iter.
681 4840 718 4891 ι,
745 4826 797 4879 9.
871 4824 917 4855 ⁷⁸
943 4826 1135 4893 Eplies.
1170 4822 1302 4888 ",6,
1340 4823 1389 4875 7.
1470 4824 1514 4854 ⁷⁵
1544 4821 1705 4875 Hebr.
1738 4839 1826 4880 vn.
1863 4824 1956 4883 ῆι,
1980 4826 2071 4878 25.

489 5158 598 5227 (56)
636 5158 744 5239 Καξ
778 5157 1034 5239 θάνατον
1069 5156 1249 5221 ἕξειν.
1270 5157 1417 5239 nimo
1444 5154 1746 5239 tiquitatem,
1785 5171 1974 5225 nempe
2005 5179 2052 5239 ι)

421 5225 661 5297 regnum,
692 5230 1005 5298 ut_requirit
1027 5242 1245 5298 sensus.
1268 5227 1332 5280 Et
1356 5225 1522 5280 Judaei
1554 5242 1652 5298 suo
1676 5228 1971 5298 etiamnum

417 5295 727 5365 exspectato
753 5295 959 5352 Mess-ite
998 5297 1383 5360 attribuebant,
1407 5310 1565 5364 quem
1601 5297 1871 5349 hominem
1904 5298 1973 5350 de

417 5367 634 5437 homine
665 5367 1012 5437 temporalem
1053 5368 1368 5436 principem,
1402 5365 1539 5435 μετὰ
1574 5366 1816 5437 μεγάλης
1844 5383 1972 5435 φαν-

412 5436 604 5498 τασίας
632 5449 685 5491 et
714 5434 990 5506 δυνάμεως
1021 5434 1388 5506 regnaturum,
1406 5434 1483 5488 ah
1503 5434 1613 5489 Elia
1635 5434 1969 5503 ungendum,

411 5508 493 5560 sui
529 5505 862 5573 ignorantem
896 5517 1024 5574 alite
1070 5505 1419 5560 unctionem:
1461 5505 1583 5560 aliis
1632 5506 1967 5574 incognitum

412 5572 770 5629 deblateraut.
801 5574 934 5629 Vide
960 5572 1158 5628 Justiti.
1187 5576 1476 5644 Martyretn
1504 5574 1698 5629 Contra
1719 5572 1964 5644 Judwum

412 5644 758 5715 Tryphonem.
783 5645 1059 5715 Nusquam
1086 5659 1210 5698 vero
1235 5641 1451 5699 utemini
1479 5645 1691 5713 legisse,
1719 5659 1747 5715 a
1772 5641 1969 5715 Judaeis

413 5713 660 5768 Messium
696 5730 853 5770 suum
891 5713 1222 5768 ElimmenOu
1273 5716 1631 5783 appellatum,
1680 5714 1783 5767 nisi
1828 5713 1967 5781 apud

414 5785 583 5851 ipsum
622 5786 762 5838 hunc
796 5795 1039 5838 nostrum
1076 5783 1267 5837 Euseb.
1299 5785 1389 5836 Iili.
1418 5799 1468 5837 tv
1503 5787 1855 5837 Demonstrat.
1889 5799 1965 5837 ev.

410 5868 532 5924 pug.
560 5854 679 5925 110,
706 5855 903 5925 Διόπερ
925 5853 1155 5924 Χριστὸν
1181 5855 1271 5910 καὶ
1303 5854 1654 5925 Ἠλειμμένον
1681 5854 1771 5906 τὸν
1800 5853 1966 5922 αὐτῆς

2077 5158 2308 5231 χρίσεως
2361 5157 2582 5228 μέτοχον
2617 5155 2998 5231 -.ἀποκαλοῦσμ
3049 5156 3115 5211 Et
3159 5157 3239 5231 sic
3281 5157 3383 5231 h_o_c
3430 5155 3545 5210 loco
3583 5156 3634 5211 ii

2079 5226 2227 5309 téxtu
2262 5226 2899 5310 qttoque'seribendum;
2949 5235 3015 5310 et
3043 5226 3265 5310 proillo
3302 5226 3634 5310 Elimmeuou

2077 5299 2129 5352 in
2158 5295 2407 5353 versione
2452 5295 2681 5351 lJnctum
2715 5312 2927 5364 repone.
2977 5296 3198 5351 Erudite
3246 5305 3425 5348 autem
3456 5304 3510 5347 et
3551 5296 3639 5362 pie

2076 5368 2313 5434 disputat
2340 5367 2404 5420 ad
2424 5367 2582 5420 linem
2639 5367 2856 5434 capitis,
2901 5368 2965 5419 de
3007 5376 3205 5420 aeterna
3245 5364 3634 5434 subsistentia,
3740 5384 3747 5394 ε

2076 5451 2242 5559 regno
2289 5446 2548 5507 perpetuo
2598 5434 2720 5488 Filii
2754 5436 2843 5491 Dei
2875 5434 3154 5497 Eusebius,
3182 5435 3319 5503 quad
3352 5433 3637 5488 Marcellus

2069 5522 2135 5560 ve
2176 5507 2411 5567 sustulit,
2437 5505 2517 5559 vel
2537 5505 2820 5559 sustulisse
2842 5507 2907 5557 ah
2934 5520 2998 5556 eo
3012 5505 3274 5573 signetur.
3303 5501 3445 5556 M.—
3464 5502 3637 5573 §upra

2066 5578 2228 5644 vulgo
2254 5573 2571 5646 ὴλιμμένον.
2616 5576 2741 5646 dein
2784 5576 2939 5642 vulgo
2963 5570 3256 5646 καιξεὶςμτ.
3280 5572 3335 5628 ὰ.
3360 5570 3496 5643 ὁμοῦ
3523 5570 3634 5646 om.

2069 5641 2237 5700 Por'ro
2260 5641 2417 5710 vul'go
2445 5644 2853 5714 συμπάσχωμεν
2876 5641 2926 5695 et
2966 5642 3150 5705 ἁπλῶς
3174 5641 3331 5714 ζήσει
3363 5641 3417 5697 et
3440 5662 3498 5695 π.
3524 5641 3633 5714 γὰρ

2066 5716 2262 5785 ήμῶν;
2307 5716 2447 5785 dein,
2488 5711 2627 5785 gmw.
2670 5711 2946 5785 συνίστησι
2994 5722 3049 5765 et
3099 5711 3287 5785 συνὴγ.
3329 5714 3490 5782 φησὶν
3522 5711 3637 5785 Aut).

2069 5782 2249 5838 σῦνεκ.
2276 5783 2567 5849 ὲκ⁶δεξιῶν.
2603 5813 2670 5824 -—
2703 5783 2865 5837 Paulo
2896 5791 3014 5853 post
3044 5782 3333 5851 vulgo—12w
3366 5782 3611 5853 ὑπερϐἀ).

2067 5855 2225 5910 λοντα
2264 5853 2509 5908 πλοῦτον.
