4088 6406
425 370 529 422 785
1107 364 1372 420 EUSEBII
1410 364 1887 420 CXESARIENSIS
1926 366 2073 421 OPP.
2116 365 2295 423 PARS
2335 365 2422 422 IV.
2463 398 2533 408 —
2567 366 2985 423 DOGMA'I‘ICA.
3460 412 3469 421 .
3566 367 3673 424 784

1084 483 1234 538 CAP.
1277 484 1335 538 II.

2751 489 2907 541 ΚΕΦ.
2948 487 3022 539 B'.

501 576 631 642 Qum
655 577 827 642 fuerat
864 573 1106 628 Marcelli
1139 577 1398 654 sententia
1432 578 1496 630 de
1531 575 1698 631 Verbo
1729 577 1785 630 in
1809 576 1917 630 Deo

1056 654 1357 698 exsultante.

2097 577 2295 644 Ὅπως
2325 577 2678 646 Μάρκελλος
2710 579 2947 702 ἐῇρᾴνει
2993 579 3124 647 περὶ
3167 578 3273 631 τοῦ
3316 579 3383 630 ἐν
3420 577 3500 642 τῷ
3547 578 3672 646 Θεῷ

2805 666 2969 717 ογου.

494 737 549 792 In
605 753 700 792 eos
749 744 1031 806 postquam
1081 735 1441 791 insultaverat
1501 737 1597 806 qui
1652 735 1744 792 Dei
1792 732 1987 791 Filium

421 844 551 884 vere
593 828 762 882 ﬁlium
821 827 1096 882 exstitisse
1122 829 1302 882 vivum
1356 828 1786 895 arbitrabantur,
1837 845 1988 883 suam

422 923 590 990 ipsius
626 920 934 989 Opinionem
994 918 1198 988 profert
1226 919 1445 974 totidem
1496 919 1716 990 syllabis
1762 921 1813 974 in
1846 921 1989 974 hunc

420 1011 639 1066 modum
673 1012 1114 1080 comprehensam
1153 1023 1169 1064 :
1205 1009 1296 1082 [Β.
1330 1008 1489 1075 XLII,
1517 1010 1643 1065 coll.
1675 1026 1730 1080 p.
1769 1009 1893 1073 116,
1922 1006 1990 1082 D]

427 1126 446 1160 ι
493 1107 856 1175 Quamobrem
892 1108 1208 1177 priusquam
1257 1108 1635 1174 descenderet,
1673 1117 1728 1163 et
1771 1108 1837 1163 de
1866 1109 1992 1163 Vir-

427 1217 445 1247 σ
491 1198 614 1268 gine
644 1205 980 1262 nasceretur,
1008 1197 1246 1252 Verbum
1278 1207 1397 1253 erat
1441 1197 1802 1254 solummodo.
1853 1197 1988 1254 Nam

424 1307 443 1339 ι
491 1289 621 1358 quid
645 1287 790 1342 aliud
825 1296 944 1342 erat
976 1287 1292 1358 priusquam
1326 1295 1571 1342 nostram
1599 1302 1815 1343 carnem
1840 1303 1992 1343 assu-

423 1399 442 1429 ι
486 1387 658 1434 meret
679 1379 990 1443 humanam,
1015 1378 1066 1433 id
1092 1377 1233 1447 quod
1265 1378 1546 1434 descendit
1577 1379 1630 1434 in
1659 1378 1990 1449 temporibus

424 1488 442 1520 ι
491 1469 820 1534 novissimis,
868 1466 1323 1538 quemadmodum
1381 1468 1494 1538 ipse
1543 1467 1783 1533 scribit;
1829 1475 1884 1524 et
1936 1467 1988 1522 id

424 1581 442 1612 ι
489 1562 634 1630 quod
664 1562 730 1616 de
765 1561 981 1631 Virgine
1013 1559 1337 1615 nascebatur
1367 1561 1500 1616 nihil
1531 1561 1673 1616 aliud
1702 1570 1820 1616 erat
1847 1576 1988 1632 pra:-

423 1673 441 1705 ι
491 1663 573 1708 ter
593 1669 753 1722 quam
785 1653 1063 1709 Verbum?
1095 1672 1115 1706 ι
1148 1652 1388 1722 Pergens
1422 1653 1678 1723 deinceps
1704 1654 1800 1718 ait,
1829 1663 1989 1708 aeter-

418 1762 546 1798 num
599 1745 768 1800 fuisse
811 1753 866 1798 et
914 1744 1215 1814 ingenitum
1269 1757 1486 1812 quoque
1529 1744 1742 1799 deﬁnit.
1791 1742 1993 1798 Scribit

2174 737 2514 809 Ἐπισκήψας
2531 737 2640 810 (57)
2651 741 2763 800 τοῖς
2774 737 3016 811 είρηκόσι
3030 737 3122 791 τὸν
3138 736 3263 790 Υίὸν
3278 736 3373 790 τοῦ
3388 737 3524 791 Θεοῦ
3542 739 3671 811 ἀλη-

2092 831 2201 895 θῶς
2232 831 2345 884 υἱὸν
2377 827 2516 884 εἶναι
2539 831 2716 897 ζῶντα
2740 831 2831 884 καὶ
2849 829 3270 900 ὑφεστῶταιτὴν
3299 827 3490 883 ἑαυτοῦ
3508 829 3668 895 δόξαν

2092 925 2332 996 φανερὰν
2345 925 2663 996 καθίστησιν
2680 925 2870 986 αὐταῖς
2895 921 3182 984 συλλαϐαῖς
3203 921 3430 992 γράφων
3469 918 3662 986 οὕτως·

2096 1036 2113 1068 ι
2136 1015 2342 1070 Οὐκοῦν
2359 1017 2464 1087 πρὸ
2481 1015 2577 1087 μὲν
2593 1014 2686 1068 τοῦ
2706 1013 3004 1078 κατελθεῖν,
3023 1014 3118 1067 καὶ
3147 1012 3234 1067 διὰ
3261 1014 3360 1084 τῆς
3382 1014 3663 1085 Παρθένου

2096 1130 2115 1162 ι
2155 1108 2432 1180 τεχθῆναι,
2484 1109 2657 1177 Λόγος
2702 1103 2770 1179 ἦν
2818 1106 3015 1178 μόνον.’
3038 1105 3190 1159 Ἐπεὶ
3235 1103 3286 1158 τί
3338 1103 3523 1176 ἕτερον
3570 1101 3662 1176 ἦν,

2095 1221 2114 1254 ι
2157 1202 2263 1274 πρὸ
2283 1199 2374 1254 τοῦ
2394 1200 2493 1271 τὴν
2509 1199 2854 1271 ἀνθρωπίνην
2874 1196 3157 1252 ἀναλαὸεῖν
3176 1195 3375 1269 σάρκα,
3396 1197 3455 1249 τὸ
3469 1197 3664 1250 κατελ-

2097 1309 2115 1342 ι
2156 1290 2248 1344 θὸν
2267 1289 2352 1342 ἐπ’
2374 1289 2617 1361 ἐσχάτων
2632 1289 2740 1342 τῶν
2756 1289 2997 1361 ἡμερῶν.
3013 1289 3088 1350 ὡς
3105 1287 3200 1340 καὶ
3220 1287 3381 1350 αὐτὸς
3394 1287 3662 1359 γέγραφε,

2096 1403 2114 1434 ι
2152 1381 2264 1455 (38)
2287 1382 2378 1436 καὶ
2406 1379 2468 1435 τὸ
2492 1383 2748 1452 γεννηθὲν
2779 1383 2844 1433 ἐκ
2874 1381 2973 1452 τῆς
2993 1379 3270 1452 Παρθένου
3299 1378 3451 1432 οὐδὲν
3477 1378 3663 1451 ἐτερον

2096 1493 2115 1525 ι
2155 1474 2188 1544 ἢ
2217 1475 2246 1526 ό
2264 1473 2457 1541 Λόγος.
2492 1490 2510 1523 ι
2539 1467 2671 1526 Εἶτα
2703 1470 2916 1542 προῖὼν
2931 1471 3079 1542 ἑξῆς,
3103 1470 3271 1524 ἀΐδιον
3299 1468 3462 1523 αὑτὸν
3491 1469 3663 1539 λέγει,

2089 1565 2385 1634 ἀγέννητον
2413 1560 2575 1617 αὐτὸν
2593 1562 2763 1626 οὕτως
2783 1562 3114 1633 ὁριζόμενος.
3145 1562 3350 1634 Γράφει
3382 1561 3440 1615 δὲ
3455 1560 3627 1626 οὕτως
3641 1578 3660 1596 ο

2096 1678 2114 1710 ι
2158 1657 2396 1720 Ἀκούεις
2427 1657 2606 1711 τοίνυν
2631 1658 2729 1730 τῆς
2755 1655 3068 1728 συμφωνίας
3107 1655 3204 1708 τοῦ
3224 1656 3381 1723 ἁγίου
3407 1655 3546 1708 Πνεύ
3555 1672 3662 1726 μα-

2097 1767 2116 1801 ι
2158 1765 2248 1812 τος
2287 1749 2374 1802 διὰ
2423 1747 2632 1801 πολλῶν
2667 1734 3067 1819 καιδιαφόρων
3113 1745 3444 1818 προσώπων,
3467 1749 3534 1818 τῇ
3567 1745 3663 1800 τοῦ

418 1847 598 1892 autent
661 1835 752 1909 [Π.
793 1833 1021 1898 XLVIII,
1069 1835 1191 1891 coll.
1251 1850 1307 1904 p.
1351 1834 1476 1900 “6,
1519 1834 1622 1908 D]:
1662 1854 1681 1887 ι
1724 1835 1989 1904 Quocirca

2099 1860 2118 1894 ι
2159 1840 2333 1909 Λόγου
2359 1828 2742 1913 μαρτυρούσης
2759 1839 2890 1912 (58”)
2908 1839 3188 1912 ἀῖδιότητι.
3213 1856 3232 1890 ι
3264 1840 3374 1892 Kal
3399 1839 3485 1894 διὰ
3507 1839 3666 1894 τοῦτο

424 1949 442 1980 ι
489 1945 812 1984 consensum
842 1931 999 1985 audis
1027 1927 1264 2000 Spiritus
1290 1929 1484 1992 sancti,
1517 1943 1625 1998 quo
1659 1942 1754 1998 per
1793 1927 1988 1982 multas

423 2041 440 2072 ι
485 2031 541 2076 et
566 2020 875 2076 dili‘erentes
905 2037 1185 2092 personas,
1225 2022 1513 2077 aeternitati
1548 2021 1699 2076 verbi
1742 2020 1989 2074 testimo-

422 2131 442 2165 ι
488 2113 635 2166 nium
676 2114 1012 2183 perhibetur.
1049 2131 1067 2165 ι
1114 2112 1180 2167 Ει
1233 2128 1331 2182 per
1385 2114 1486 2167 hoc
1543 2112 1739 2181 ipsum,
1799 2111 1989 2181 incipit

414 2208 634 2277 quidem
665 2209 731 2260 ah
753 2207 1060 2261 aeternitate
1082 2207 1255 2272 verbi,
1280 2206 1384 2261 hoc
1413 2207 1607 2261 modo:
1635 2203 1702 2258 In
1731 2204 1987 2274 principio

414 2308 528 2353 erat
575 2297 793 2351 Verbum
829 2313 847 2351 :
893 2307 939 2351 et
982 2294 1207 2351 Verbum
1237 2308 1348 2352 erat
1379 2297 1520 2365 apud
1549 2297 1753 2351 Deum:
1775 2307 1823 2351 et
1848 2295 1988 2350 Deus

413 2399 527 2443 erat
554 2389 688 2442 illud
729 2387 951 2442 Verbum
973 2388 1044 2442 ⁷⁸.
1083 2388 1157 2442 Ita
1189 2387 1358 2443 tribus
1395 2388 1723 2444 testimoniis
1752 2402 1811 2443 se
1843 2387 1985 2442 invi-

414 2497 531 2536 cem
562 2481 1021 2552 consequentibus
1055 2479 1215 2535 Verbi
1241 2479 1354 2534 vult
1377 2481 1571 2536 docere
1596 2479 1986 2536 aeternitatem.

412 2572 542 2629 Post
586 2581 778 2627 cratera
838 2572 1112 2642 subiungit
1161 2570 1251 2643 [ιι.
1305 2571 1486 2638 XLIII,
1517 2573 1640 2628 coll.
1671 2587 1727 2641 p.
1757 2571 1851 2636 81,
1884 2570 1984 2642 D]:

420 2686 438 2717 ι
487 2666 646 2720 Prius
682 2675 830 2721 certe
868 2666 1110 2734 quidem,
1169 2674 1228 2718 ιιι
1280 2679 1654 2735 saepenumero
1680 2663 1816 2730 dixi,
1852 2661 1988 2717 nihil

418 2776 437 2808 ι
483 2758 627 2811 aliud
665 2766 783 2811 erat
823 2755 1080 2811 Verbum.
1107 2773 1126 2807 ι
1157 2755 1223 2809 Ει
1248 2755 1494 2826 adjungit
1516 2757 1657 2825 quod
1691 2769 1791 2809 nec
1810 2756 1987 2822 imago

415 2849 516 2902 fuit
576 2848 666 2901 Dei
734 2847 1056 2914 invisibilis,
1103 2846 1518 2918 inquiens:[R.
1561 2845 1824 2908 LXXXII,
1859 2846 1984 2902 coll.

413 2956 468 3010 p.
497 2940 587 3004 24,
641 2937 703 2991 Β.
760 2939 852 3003 47,
891 2938 983 3009 Δ]
1026 2956 1044 2989 ι
1085 2937 1350 3006 Quocirca
1389 2938 1734 2993 manifestum
1770 2937 1985 3008 quidem

418 3051 438 3085 ι
487 3041 591 3095 est,
627 3031 772 3099 quod
807 3028 1043 3085 Verbum
1095 3040 1224 3085 ante
1266 3030 1440 3086 nostri
1490 3031 1736 3100 corporis
1791 3044 1978 3086 susce-

419 3141 439 3174 ι
488 3121 833 3190 ptionem,ne
851 3121 1066 3190 quidem
1096 3119 1274 3191 imago
1305 3119 1400 3176 Dei
1430 3119 1608 3175 fuerat
1631 3119 1938 3176 invisibilis.
1959 3139 1980 3174 ι

2087 1933 2312 2005 ἄρχεται
2337 1933 2436 2004 μὲν
2460 1933 2569 1986 ἀπὸ
2589 1932 2690 2004 τῆς
2711 1931 3006 2003 ἀῖδιότητος
3033 1930 3127 1984 τοῦ
3152 1931 3347 2000 Λόγουο
3377 1933 3472 1984 Ἐν
3500 1931 3662 2000 ἀρχῇ

2086 2021 2165 2094 ἦν
2185 2027 2218 2077 ό
2249 2025 2440 2093 Λόγος
2459 2063 2475 2088 ,
2501 2021 2698 2092 λέγων,
2729 2023 2826 2077 καὶ
2844 2025 2877 2077 ό
2898 2018 3178 2094 Λόγοςῆν
3201 2022 3347 2090 πρὸς
3362 2022 3467 2076 τὸν
3488 2022 3659 2086 Θεὸν,

2087 2113 2185 2166 καὶ
2205 2113 2347 2180 Θεὸς
2373 2109 2453 2184 ἦν
2479 2116 2512 2167 ό
2540 2114 2751 2184 Λόγος.
2775 2114 2962 2184 Τρισὶν
2987 2113 3304 2186 ἐπαλλήλοις
3333 2113 3655 2185 μαρτυρίαις

2085 2207 2382 2278 χρώμενος,
2417 2205 2516 2277 τὴν
2540 2205 2816 2278 ἀῖδιότητα
2843 2204 2938 2259 τοῦ
2973 2207 3148 2275 Λόγου
3170 2204 3437 2260 δεικνύναι
3473 2204 3653 2275 βούλε-

2085 2315 2195 2352 ται.
2231 2297 2340 2350 Καὶ
2372 2294 2488 2367 μεθ’
2518 2295 2680 2367 ἕτερα
2701 2294 2962 2363 ἐπιλέγει·
2997 2311 3015 2345 ι
3039 2293 3307 2366 Πρότερον
3335 2291 3442 2364 γὰρ
3473 2289 3658 2362 ὥσπερ

2094 2409 2111 2442 ι
2155 2389 2413 2452 πολλάκις
2464 2388 2622 2460 ἐφην,
2676 2389 2831 2442 οὐδὲν
2861 2388 3048 2459 ἕτερον
3088 2387 3117 2440 ό
3163 2387 3335 2456 Λόγος
3370 2378 3460 2457 ἦν.
3495 2405 3514 2437 ι
3549 2385 3660 2438 Kal

2086 2483 2460 2554 προστίθησιν,
2488 2483 2570 2535 ὅτι
2594 2482 2714 2535 οὐδὲ
2733 2480 2895 2534 εἰκὼν
2914 2477 2982 2552 ἦν
3010 2479 3104 2534 τοῦ
3122 2480 3256 2533 Θεοῦ
3273 2478 3367 2533 τοῦ
3393 2478 3655 2551 ἀοράτου,

2087 2577 2312 2646 φάσκων
2334 2591 2346 2605 ’
2385 2593 2404 2626 ι
2435 2572 2644 2627 Οὐκοῦν
2669 2571 2957 2644 πρόδηλον,
2988 2572 3072 2625 ὅτι
3097 2571 3204 2643 πρὸ
3223 2571 3324 2642 τῆς
3343 2571 3438 2623 τοῦ
3465 2569 3664 2642 ἡμετέ-

2093 2687 2111 2719 ι
2159 2683 2252 2737 ρου
2289 2665 2540 2735 σώματος
2569 2663 2886 2733 ἀναλήψεως
2906 2665 2934 2715 ό
2955 2662 3126 2730 Λόγος
3155 2661 3278 2714 καθ’
3313 2662 3504 2715 ἑαυτὸν
3521 2702 3536 2726 ,
3561 2661 3664 2715 οὐκ

2093 2776 2110 2807 ι
2147 2753 2214 2827 ἦν
2241 2753 2404 2808 είκὼν
2428 2753 2521 2806 τοῦ
2546 2753 2780 2824 ἀοράτου
2815 2752 3006 2806 Θεοῦ.»
3032 2752 3143 2806 Kal
3173 2749 3328 2815 αὖθις
3352 2752 3472 2823 μεθ’
3496 2752 3663 2822 ’ἐτερα

2086 2846 2336 2916 ἐπιφέρει
2354 2863 2367 2876 ’
2403 2864 2421 2896 ι
2458 2845 2522 2898 Τί
2551 2845 2729 2898 τοίνυν
2765 2840 2832 2914 ἦν
2862 2845 2922 2896 τὸ
2951 2843 3208 2898 κατελθὸν
3235 2842 3414 2909 τοῦτο,
3437 2843 3544 2914 πρὸ
3563 2842 3660 2896 τοῦ

2092 2958 2110 2989 ι
2151 2937 2598 3009 ἐνανθρωπῆσαι;
2629 2938 2852 3000 Πάντως
2914 2953 3040 3001 που,
3093 2933 3262 3007 φησι,
3313 2935 3559 3007 Πνεῦμα.
3594 2935 3660 2988 Ei

2091 3048 2111 3082 ι
2151 3029 2258 3101 γάρ
2302 3047 2356 3082 τι
2383 3028 2534 3100 παρά
2581 3027 2738 3081 τοῦτο
2788 3026 2960 3080 ἐθέλοι
2997 3027 3198 3096 λέγειν,
3227 3028 3288 3080 οὐ
3316 3028 3660 3098 συγχωρήσει

2093 3141 2111 3175 ι
2151 3121 2318 3193 αὐτῷ,
2367 3125 2396 3176 ό
2443 3121 2578 3193 πρὸς
2617 3121 2715 3192 τὴν
2769 3119 3042 3192 Παρθένον
3088 3119 3325 3192 εἰρηκὼς
3390 3118 3656 3188 άγγελος’

413 3213 482 3269 Ει
503 3229 690 3267 rursns
720 3222 843 3281 post
870 3213 974 3267 alia
1005 3211 1275 3267 subiniert
1303 3213 1474 3268 idem:
1507 3212 1596 3285 [R.
1615 3212 1801 3276 XLIX,
1830 3214 1981 3283 ιοοιι.

2092 3233 2111 3266 ι
2151 3214 2392 3282 Πνεῦμα
2413 3213 2582 3284 ἅγιον
2604 3212 2992 3266 ἐπελεύσεται
3010 3211 3107 3264 ἐπὶ
3146 3210 3240 3265 σέ.
3270 3212 3331 3264 El
3355 3211 3412 3264 δὲ
3435 3209 3660 3281 Πνεῦμα

411 3321 467 3374 p.
502 3305 628 3368 104,
658 3303 727 3377 Α]
787 3323 806 3356 ι
847 3303 986 3372 Quid
1017 3314 1137 3359 erat
1169 3304 1334 3374 igitur
1363 3304 1468 3360 hoc
1508 3306 1653 3374 quod
1707 3305 1988 3360 descendit

418 3419 438 3450 ‹
484 3407 609 3453 ante
644 3395 1113 3454 incarnationem?
1141 3393 1374 3451 Omnino
1409 3408 1557 3452 certe
1590 3397 1827 3467 Spiritus
1861 3397 1983 3462 fuit,

417 3508 438 3540 ι
486 3491 533 3544 si
557 3489 684 3560 quid
711 3488 855 3543 enim
895 3487 1038 3542 aliud
1063 3488 1305 3542 dicturus
1354 3497 1439 3543 est
1485 3488 1702 3559 aliquis,
1744 3503 1850 3543 non
1881 3481 1986 3543 hoc

420 3597 440 3630 ι
486 3577 636 3631 dabit
663 3576 754 3647 qui
787 3578 853 3632 ad
888 3575 1164 3647 Virginem
1194 3575 1407 3632 locutus
1449 3588 1531 3632 est
1577 3578 1644 3632 ad
1689 3578 1833 3633 hunc
1871 3591 1988 3631 mo-

421 3688 440 3720 ι
485 3669 612 3724 dum
636 3668 863 3740 angelus
885 3685 900 3723 :
921 3667 1155 3738 Spiritus
1185 3677 1396 3724 sanctus
1419 3671 1748 3738 superveniet
1771 3673 1828 3724 in
1848 3669 1984 3724 te":

419 3779 438 3810 ι
485 3761 529 3816 si
565 3771 748 3815 autem
785 3759 1046 3830 Spiritum
1077 3760 1248 3816 fuisse
1282 3770 1514 3826 asserat,
1558 3761 1682 3817 audi
1713 3762 1984 3818 dicentem

419 3875 439 3906 ι
481 3855 872 3910 Servatorem:
927 3853 1162 3924 Spiritus
1202 3853 1344 3909 Deus
1384 3865 1459 3910 est
1496 3855 1586 3920 7°;
1636 3855 1726 3910 ubi
1758 3871 1879 3910 cum
1915 3856 1984 3910 lio

422 3968 440 3999 ι
487 3948 810 4016 quidissimo
839 3957 1052 4003 constet
1084 3947 1426 4008 Servatorem
1462 3953 1521 4012 >3
1552 3948 1620 4004 de
1646 3949 1807 4004 Patre
1833 3949 1986 4005 locu-

423 4059 442 4092 ι
486 4049 604 4095 tum
637 4041 830 4105 fuisse,
877 4040 1021 4096 Deus
1060 4050 1144 4095 est
1191 4041 1433 4109 spiritus,
1465 4060 1484 4092 ι
1520 4042 1800 4097 convictus
1833 4050 1986 4098 tene-

417 4141 507 4187 tur
563 4129 852 4186 ﬂarcellus
903 4131 1270 4196 existimasse,
1313 4131 1487 4200 ipsum
1544 4119 1758 4186 Patrem
1820 4131 1988 4188 fuisse

417 4227 782 4281 incarnatum.
809 4223 943 4280 Cum
972 4225 1297 4279 sententiam
1333 4223 1509 4277 adhuc
1538 4225 1778 4292 apertius
1804 4223 1985 4289 ell’ert,

418 4317 485 4370 ad
521 4317 662 4371 hunc
687 4316 902 4371 modum
927 4314 1205 4370 scribens:
1235 4313 1586 4384 “LXXXIX,
1623 4316 1748 4372 coll.
1790 4317 1986 4386 p.116,

417 4407 498 4480 D]
535 4426 553 4459 ι
598 4409 781 4464 Discat
811 4408 997 4478 igitur,
1034 4409 1264 4462 Verbum
1293 4409 1384 4462 Dei
1423 4409 1742 4462 advenisse:
1773 4423 1902 4473 non,
1931 4420 1991 4464 nt

2095 3325 2113 3356 ι
2155 3301 2292 3358 εἶναι
2313 3305 2494 3376 φήσει,
2522 3302 2686 3357 ἄκουε
2721 3303 2814 3356 τοῦ
2845 3301 3094 3372 Σωτῆρος
3119 3300 3390 3370 λέγοντος,
3420 3301 3662 3370 Πνεῦμα

2094 3418 2112 3449 ι
2149 3401 2182 3452 ό
2215 3397 2378 3462 Θεός.
2421 3394 2613 3466 Σαφῶς
2663 3395 2913 3450 ἐντεῦθεν
2955 3386 3050 3448 τοῦ
3100 3394 3355 3468 Σωτῆρος
3407 3394 3535 3465 περὶ
3567 3393 3660 3446 τοῦ

2093 3511 2113 3543 ι
2151 3490 2364 3562 Πατρὸς
2410 3490 2722 3562 είρηκότος’
2765 3509 2784 3542 ι
2836 3490 3077 3559 Πνεῦμα
3108 3492 3142 3542 ὁ
3177 3491 3348 3553 Θεὸς,
3384 3488 3657 3557 ἐλέγχεται

2087 3582 2402 3654 Μάρκελλος
2432 3582 2593 3636 αὐτὸν
2633 3581 2725 3634 τὸν
2760 3581 2977 3651 Πατέρα
2999 3579 3474 3650 ἐνηνθρωπηκέναι
3498 3578 3656 3647 (58·⁹)

2086 3671 2274 3727 εἰπών.
2319 3674 2376 3726 '0
2407 3672 2451 3724 δ’
2488 3671 2568 3724 ἔτι
2603 3671 2802 3742 μᾶλλον
2830 3671 3211 3741 φιλοτιμεῖται,
3254 3671 3482 3742 γράφων
3511 3662 3614 3723 ὦδε
3637 3684 3655 3700 ο

2093 3782 2112 3816 ι
2149 3762 2259 3817 Καὶ
2295 3761 2609 3833 μανθανέτω
2634 3763 2813 3815 τοίνυν
2845 3759 2980 3814 Θεοῦ
3007 3760 3178 3828 Λόγον
3221 3759 3558 3830 ἐληλυθέναι,
3595 3757 3656 3811 ού

2093 3875 2114 3908 ι
2149 3856 2320 3924 Λόγον
2346 3853 2796 3925 καταχρηστικῶς
2827 3851 3223 3922 ὀνομασθέντα,
3273 3851 3347 3913 ὡς
3379 3850 3529 3903 αὐτοί
3557 3864 3661 3918 φα-

2093 3965 2112 3999 ι
2154 3963 2259 4012 σιν,
2305 3946 2419 4000 ἀλλ’
2438 3945 2614 4016 ἀληθῆ
2662 3945 2791 3997 ὄντα
2819 3943 3009 4012 Λόγον.
3045 3961 3064 3993 ι
3103 3944 3214 3994 Kal
3243 3938 3398 4004 αὖθις
3439 3940 3661 4012 προστί-

2089 4039 2215 4110 θησι
2239 4038 2411 4093 ταῦτα
2441 4040 2554 4102 τοῖς
2575 4036 2908 4109 εἰρημένοιςο
2942 4057 2960 4087 ι
2983 4037 3046 4089 El
3067 4035 3164 4106 μὲν
3193 4035 3299 4106 γὰρ
3327 4033 3469 4105 ἢτοῦ
3499 4033 3662 4087 πνεύ-

2097 4153 2114 4185 ι
2142 4150 2308 4204 ματος
2327 4131 2572 4197 ἐξέτασις
2598 4131 2838 4199 γίγνοιτο
2866 4129 3024 4199 μόνη,
3049 4127 3107 4182 ἓν
3122 4128 3216 4182 καὶ
3231 4127 3422 4180 ταύτὸν
3438 4127 3662 4189 εἰκότως

2095 4244 2113 4276 ι
2137 4219 2368 4294 εἶναιτῷ
2383 4221 2502 4293 Θεῴ
2531 4222 2791 4291 φαίνοιτοο
2821 4220 2940 4274 εἰδὲ
2964 4222 2997 4290 ἠ
3021 4219 3161 4274 κατὰ
3175 4221 3352 4289 σάρκα
3372 4217 3659 4290 προσθήκη

2096 4336 2114 4368 ι
2139 4317 2230 4369 ἐπὶ
2259 4314 2353 4368 τοῦ
2372 4315 2621 4385 Σωτῆρος
2635 4312 2960 4379 ἐξετάζοιτο,
2978 4311 3226 4383 ἐνεργείᾳ
3247 4315 3279 4382 ἡ
3303 4312 3492 4380 θεότης
3523 4311 3659 4382 μόνη

2097 4428 2115 4460 ι
2142 4407 2506 4462 πλατύνεσθαι
2528 4407 2703 4459 δοκεῖ·
2723 4406 2865 4459 ὥστε
2891 4404 3114 4468 εἰκότως
3133 4403 3299 4474 μονὰς
3314 4404 3482 4467 ὅντως
3513 4405 3661 4456 ἐστὶν

423 4520 444 4552 ‹
493 4501 566 4554 illi
592 4501 796 4568 volunt,
825 4500 1056 4556 Verbum
1086 4500 1483 4555 catachrestice
1515 4498 1866 4568 appellatum,
1894 4500 1986 4554 sed

2099 4517 2116 4548 (
2141 4496 2464 4568 ἀδιαίρετος.
2491 4514 2510 4546 ι
2532 4495 2639 4547 Kal
2667 4493 2745 4547 ἔτι
2773 4493 2970 4564 μᾶλλον
2993 4491 3152 4547 τοῦτο
3167 4491 3563 4556 κατασκευάζει
3591 4492 3661 4545 δι’

424 4610 443 4642 ι
495 4605 680 4645 revera
718 4593 808 4660 qui
831 4591 1128 4647 exsistebat
1153 4591 1408 4646 Verbum.
1443 4608 1461 4641 ι
1489 4590 1650 4643 Addit
1690 4590 1885 4643 iterum
1930 4598 1984 4644 et

2092 4583 2166 4642 ὧν
2191 4590 2248 4642 ἐν
2274 4590 2386 4651 τοῖς
2410 4587 2536 4656 ἑξῆς
2558 4584 2699 4638 οὕτω
2721 4585 2942 4658 γράφει’
2979 4604 2997 4636 ι
3046 4585 3118 4638 Τὸ
3165 4586 3262 4656 μὲν
3287 4576 3379 4639 οὖν
3412 4585 3518 4656 πρὸ
3552 4585 3662 4637 τῶν

421 4684 524 4738 ista
552 4684 856 4737 antedictis:
883 4703 902 4735 ι
925 4683 1075 4750 Quod
1109 4685 1151 4739 si
1182 4684 1250 4738 de
1290 4682 1484 4752 spiritu
1502 4681 1806 4751 disquisitio
1828 4681 1984 4736 iusti-

424 4793 444 4826 ι
473 4782 655 4827 tuatur
685 4773 822 4834 sola,
857 4789 1022 4828 unum
1069 4783 1232 4844 atque
1267 4773 1432 4838 idem,
1470 4785 1568 4826 nec
1607 4769 1825 4840 injuria,
1864 4786 1987 4826 cum

493 4938 553 4995 ἧς
589 4927 682 4983 Ed.
717 4926 918 4990 Paris.,
949 4943 1073 4998 pag.
1106 4927 1191 4983 36.
1259 4927 1622 5000 "Joan.|,1.
1675 4928 1718 4960 ⁷⁷
1759 4927 1889 4982 Luc.
1921 4945 1958 4992 ι.

492 5137 605 5203 (37)
647 5133 834 5207 Vulgo,
867 5136 1187 5207 ἐπισκέψεις.

492 5207 604 5278 ('58)
630 5205 966 5278 Kalabrbc
994 5205 1265 5277 γέγραφε.
1302 5208 1438 5276 Quis
1466 5214 1644 5278 autem
1680 5207 1815 5261 iste?
1843 5215 1992 5261 certe

423 5275 744 5350 Marcellus,
764 5275 944 5350 cujus,
966 5275 1186 5346 opinor,
1205 5275 1432 5334 diversae
1468 5277 1654 5350 ῥήσεις
1691 5279 1778 5331 hic
1809 5293 1994 5350 recen-

422 5357 631 5409 sentur,
654 5347 745 5399 sed
779 5345 1011 5417 interim
1028 5360 1208 5402 tamen
1239 5351 1352 5403 haec
1373 5345 1500 5402 sunt
1517 5345 1820 5417 ἀσύστατα.
1846 5347 1986 5417 (Αύ-

419 5417 801 5501 τόςιΛειιηει-ιὶιιε
834 5415 1042 5501 {Loqui
1079 5417 1216 5501 infra
1269 5419 1484 5501 τρόπων
1530 5416 1647 5501 loco
1683 5415 1989 5501 προσώπων

422 5486 592 5555 eniti.)
628 5486 820 5539 Statim
870 5499 886 5538 :
937 5487 1074 5541 forte
1119 5485 1506 5556 ἀϊδιονλέγει,
1559 5485 1654 5539 καὶ
1698 5485 1990 5557 ἀγέννητον

421 5557 604 5609 αὐτόν.
642 5557 795 5622 Quod
833 5557 1062 5624 negabat
1096 5557 1360 5613 Eusebius
1391 5560 1644 5620 Arianus,
1681 5573 1804 5611 mox
1838 5557 1991 5611 οὐδὲν

422 5625 658 5701 ἕτερονμῆ
675 5626 848 5701 Λόγος
874 5622 961 5697 ἦν,
994 5636 1047 5680 et
1076 5630 1137 5682 ού
1177 5630 1543 5701 συγχωρήσει.

2099 4699 2117 4732 ι
2153 4679 2365 4735 αἰώνων
2384 4677 2546 4731 αὑτὸν
2566 4676 2924 4748 γεγεννῆσθαι
2939 4677 3109 4749 φῆσαι
3125 4677 3430 4742 ἀκολούθως
3453 4676 3665 4749 εἰρηκέ-

2102 4791 2120 4823 ι
2153 4789 2240 4825 ναι
2271 4771 2417 4824 δοκεῖ
2435 4787 2448 4800 ·
2476 4769 2726 4840 γέννημα
2745 4769 2852 4842 γάρ
2878 4769 2940 4824 τὸ
2965 4768 3224 4842 προελθὸν
3244 4768 3338 4822 τοῦ
3360 4769 3663 4841 προεμένου

2186 4927 2235 4959 ⁷⁸
2258 4925 2415 4982 Joan.
2446 4941 2522 4992 ιν,
2551 4925 2645 4983 24.

2097 5137 2343 5210 χωρῆσαι
2375 5144 2432 5192 ιιι
2474 5136 2640 5208 φησίν
2678 5145 2736 5193 et
2764 5134 3047 5208 εἰρηκότος
3097 5150 3186 5189 πν.
3224 5145 3279 5190 et
3302 5134 3532 5206 ’Πατρὸς
3577 5135 3665 5188 λέ-

2133 5224 2302 5271 οντος.

2095 5225 2302 5277 γοντος.

2167 5277 2328 5350 (38“)
2359 5275 2928 5350 :EwnOpwarnxévat.
2951 5272 3062 5350 Hoc
3080 5283 3230 5329 certe
3260 5273 3332 5350 illi
3351 5276 3663 5350 ascribitur,

2097 5357 2154 5402 ut
2176 5346 2339 5402 fuerit
2359 5347 2597 5412 Praxeae,
2621 5358 2675 5400 et
2692 5347 3228 5415 Patropassianorum
3252 5346 3531 5414 ἀποφυάς,
3557 5350 3665 5402 sci-

2095 5419 2219 5473 licet
2244 5419 2370 5486 quia
2398 5417 2568 5486 Λόγον
2609 5414 2868 5486 aeternum
2914 5417 3105 5471 asserit
3135 5431 3164 5486 7:
3209 5414 3467 5483 Spiritum
3501 5419 3665 5472 tuisse

2095 5485 2277 5552 docet,
2305 5488 2405 5541 hoc
2431 5485 2513 5540 est
2537 5490 2720 5541 Deum.
2753 5485 2916 5550 Quasi
2947 5487 3096 5542 solus
3129 5485 3289 5539 Pater
3327 5487 3466 5539 foret
3492 5486 3666 5554 Spiri-

2096 5567 2201 5622 tus,
2236 5559 2335 5611 hoc
2362 5568 2446 5610 est
2471 5558 2612 5611 Deus
2631 5595 2646 5618 ,
2675 5571 2796 5624 quae
2829 5567 2947 5611 erat
2970 5571 3120 5610 mens
3143 5555 3464 5611 Ensebiana.
3499 5555 3570 5610 Μ.
3594 5587 3666 5598 —-

2095 5627 2217 5680 Mox
2249 5627 2407 5696 Vulgo
2431 5627 2544 5680 ἀλλ’
2585 5625 2798 5696 ἀληθῶς
2825 5636 2878 5681 et
2924 5627 3150 5690 εἰκότως
3205 5627 3369 5696 μόνας
3417 5625 3599 5699 παρήλ
3637 5657 3666 5668 -

2099 5713 2248 5750 πται.
2283 5697 2411 5750 Dein
2432 5697 2618 5750 τοῦτον
2656 5697 2730 5757 μὴ
2765 5691 2902 5751 εἶναι
2931 5709 2984 5755 et
3009 5697 3166 5757 ἀνθρ.
3197 5697 3566 5757 φύσεωςεοιιὶ.

497 5691 839 5769 (ξδ’)’νιιΙΒο
891 5691 1332 5769 μαρτυρήσαςέι
1363 5691 1498 5754 ἰιὲὶιι
1533 5698 1619 5750 ἐπ’
1644 5695 1899 5766 ἀλλήλαις
1943 5707 1989 5751 et

2099 5713 2248 5769 πται.
2283 5691 2411 5769 Dein
2432 5697 2618 5769 τοῦτον
2656 5691 2902 5769 μὴλεῖναι
2931 5709 2984 5755 et
3009 5697 3166 5768 ἀνθρ.
3197 5691 3566 5766 φύσεωςεοιιὶξ

429 5765 690 5835 πρότερον
724 5765 822 5833 μὲν
837 5782 892 5833 γ.
915 5765 1178 5838 etatem
1207 5773 1235 5822 ό
1260 5772 1461 5838 Λόγος;
1492 5782 1652 5839 porro
1682 5765 1836 5834 vulgo
1869 5783 1996 5834 συγ-

2099 5777 2151 5822 et
2174 5768 2266 5821 τὸν
2297 5767 2430 5819 Θεὸν
2461 5767 2598 5820 Θεοῦ
2632 5769 2696 5822 Δ.
2720 5766 2837 5839 Μιι.
