4088 6396
473 452 579 506 785
628 460 638 480 ‘

1576 447 1854 504 CONTRA
1892 446 2316 503 MARCELLUM
2357 446 2485 502 LIB.
2526 445 2593 501 Ii.

3598 448 3704 505 786

484 586 501 616 ι
542 563 781 632 γίγνεται
816 561 1051 633 Πατρός.
1091 560 1328 632 Θάτερον
1349 561 1391 613 δ’
1414 562 1514 615 οὐκ
1543 561 1621 614 ἔτι
1646 562 1816 630 ὑγιῶς
1831 561 1937 614 οὐδ’
1963 562 2036 614 εὑ·

2157 580 2177 613 ι
2200 560 2311 617 Deo
2343 559 2608 614 videbitur
2632 574 2771 616 esse.
2800 561 2953 629 Quod
2982 561 3025 616 si
3056 558 3144 614 illa
3171 558 3390 625 additiu,
3409 565 3703 617 secundum

485 674 501 703 ι
550 650 719 713 σεϐὦς
746 650 895 720 αύτῷ
920 651 1307 722 παρείληπται.
1348 650 1421 703 Τὸ
1460 651 1567 721 γὰρ
1600 651 1674 721 μὴ
1706 651 1875 719 Λόγον
1903 646 2041 704 εἶναι

488 764 503 794 ι
532 745 693 813 φῆσαι
724 742 815 795 τὸν
845 740 905 806 ἐξ
932 742 1095 795 αὐτοῦ
1118 741 1466 813 προελθόντα,
1486 741 1579 795 καὶ
1590 742 1776 795 τοῦτον
1794 736 1933 795 εἶναι
1952 743 2043 795 τὸν

485 854 503 885 ι
528 835 624 903 τῆς
641 835 947 903 γεννήσεως
962 834 1138 904 ἀληθῆ
1154 834 1367 905 τρόπον,
1387 834 1499 887 ἀλλ’
1515 834 1699 898 ἁπλῶς
1715 834 1843 886 Υίὸν
1862 835 2043 905 μόνον,

482 944 501 977 ι
538 925 773 995 ἔμφασιν
794 943 913 979 τινα
933 928 1043 989 τοῖς
1063 926 1351 979 ἀκούουσιν
1369 926 1708 998 ἀνθρωπίνης
1723 927 1895 997 ὅψεως
1909 944 2047 997 παρ-

483 1036 501 1068 ι
537 1018 681 1087 έχειν
713 1017 891 1073 εἴωθε.
928 1036 951 1069 ι
981 1020 1091 1073 Καὶ
1114 1020 1171 1072 ἐν
1204 1018 1415 1081 τούτοις
1439 1020 1534 1089 μὲν
1555 1022 1731 1090 γυμνῇ
1752 1022 1817 1090 τῇ
1835 1019 2043 1089 κεφαλῇ

473 1106 564 1160 τὸν
597 1108 696 1177 μὲν
728 1107 857 1160 Υίὸν
890 1109 1184 1181 ἠρνήσατο,
1212 1108 1365 1178 ψιλὸν
1394 1109 1449 1162 δὲ
1479 1110 1676 1178 Λόγον,
1702 1109 1889 1180 ὥσπερ
1924 1110 2046 1163 τινὰ

477 1200 873 1270 προστακτικὸν
889 1200 1000 1253 τῶν
1016 1201 1285 1271 ποιητέων
1301 1200 1716 1271 εἰσάγων,δῆλός
1732 1203 1877 1255 ἐστιν
1897 1200 1955 1266 ἐξ
1969 1194 2044 1254 ὧν

476 1290 728 1362 ἐπιφέρει
748 1292 949 1360 λέγων·
980 1312 998 1344 ι
1031 1295 1130 1345 Ὀν
1144 1292 1286 1346 οὕτω
1301 1294 1468 1346 πᾶσαι
1494 1295 1550 1346 αἱ
1566 1293 1704 1347 θεῖαι
1720 1294 2045 1364 κηρύττουσι

478 1382 707 1453 Γραφαί.
741 1384 901 1436 Δαὸὶδ
930 1383 1027 1453 μὲν
1055 1383 1162 1455 γὰρ
1184 1385 1313 1455 περὶ
1345 1384 1509 1439 αὑτοῦ
1543 1385 1691 1452 λέγει
1718 1403 1732 1415 ·
1765 1384 1847 1451 Τῷ
1880 1387 2046 1455 Λόγῳ

476 1475 695 1541 Κυρίου
718 1478 769 1529 οὶ
791 1476 1031 1544 οὐρανοὶ
1046 1475 1497 1543 ἐστερεώθησαν
1520 1494 1533 1506 ·
1560 1472 1714 1540 αὖθις
1742 1476 1820 1541 δὲ,
1854 1476 2045 1544 Αὐτὸς

476 1564 871 1627 ἐξαποστελεῐ
890 1567 994 1619 τὸν
1014 1568 1205 1636 Λόγον
1223 1566 1410 1620 αὑτοῦ
1434 1567 1529 1621 καὶ
1553 1568 1780 1622 ἰάσεται
1801 1570 2039 1635 αὐτούς·

478 1655 723 1726 Σολομὼν
739 1657 815 1710 δέ·
846 1658 1189 1727 Ζητήσουσί
1197 1676 1272 1728 με
1298 1660 1489 1723 κακοί,
1509 1662 1605 1715 καί
1628 1663 1739 1730 οὐχ
1763 1661 2046 1730 εὑρήσου-

474 1764 600 1804 σιν.
630 1752 966 1819 Ἐμίσησαν
988 1753 1094 1822 γὰρ
1115 1755 1357 1821 σοφίαν·
1392 1753 1499 1808 τὸν
1517 1753 1585 1807 δὲ
1610 1756 1804 1826 Λόγον
1823 1756 2044 1824 Κυρίου

474 1843 545 1893 οὺ
571 1844 940 1908 προείλοντο.
976 1844 1202 1907 Ἡσαΐας
1230 1862 1310 1907 τε,
1347 1846 1441 1898 Ἐκ
1472 1845 1579 1913 γὰρ
1608 1846 1761 1899 Σιὼν
1800 1846 2043 1913 ἐξελεύ-

472 1946 661 1996 σεται,
694 1932 818 2004 ἔφη,
850 1934 1035 2002 νόμος
1073 1935 1169 1987 καὶ
1192 1936 1381 2004 Λόγος
1410 1936 1628 2003 Κυρίου
1650 1937 1719 2001 ἐξ
1749 1938 2047 2006 Ἰερουσα-

471 2020 614 2091 λήμ.
667 2024 776 2076 Καὶ
822 2021 978 2088 αὖθις
1021 2025 1316 2097 Ἱερεμίας·
1367 2028 1792 2098 ᾙσχύνθησαν
1832 2031 2039 2099 σοφοὶ,

2160 673 2176 705 ι
2208 668 2427 708 carnem
2458 652 2778 721 disquisitio,
2797 654 2861 709 de
2880 656 3163 709 Servatore
3184 652 3485 721 adjiciatur,
3514 668 3709 721 opera-

2156 765 2174 796 ι
2202 746 2345 800 tione
2364 744 2614 799 divinitas
2658 745 2771 799 sola
2816 744 3087 799 videbitur
3123 743 3358 809 dilatari,
3410 753 3468 797 ut
3507 746 3708 800 merito

2154 856 2170 887 ι
2197 836 2409 905 quidem
2436 836 2612 890 unitas
2635 832 3505 890 sitindivisibilis.iVehementius
3528 833 3707 888 adhuc

2149 929 2248 983 hoc
2284 929 2420 983 idem
2452 938 2676 982 conatur
2703 938 2945 982 astruere
3005 928 3056 981 in
3089 926 3153 979 iis
3190 940 3314 995 qum
3352 925 3605 992 deinceps
3629 926 3703 980 ita

2146 1020 2336 1073 scribit
2362 1038 2377 1073 :
2404 1018 2423 1090 [
2453 1018 2516 1072 Β.
2548 1018 2884 1083 XXXl,coll.
2914 1034 2968 1087 p.
3004 1017 3127 1082 112,
3167 1018 3209 1071 Λ
3234 1017 3253 1087 1
3278 1016 3458 1069 Dicere
3486 1016 3703 1079 idcirco,

2145 1110 2295 1163 illum
2319 1121 2438 1163 ante
2456 1109 2650 1164 swcula
2672 1119 2973 1179 generatum
3006 1110 3189 1179 fuisse,
3217 1110 3418 1163 videtur
3445 1112 3508 1164 de
3531 1126 3707 1164 neces-

2145 1202 2286 1256 saria
2330 1202 2435 1255 dici
2486 1202 2872 1271 consequentia.
2904 1198 3044 1254 Nam
3089 1203 3228 1270 quod
3272 1201 3523 1269 procedit,
3562 1202 3707 1271 geni-

2146 1302 2256 1345 tum
2294 1301 2389 1356 est,
2431 1292 2597 1359 patris
2647 1309 2677 1344 a
2720 1308 2821 1360 quo
2874 1292 3000 1348 exit.
3060 1291 3388 1344 Alterutrum
3433 1307 3535 1345 non
3574 1307 3704 1344 sano

2144 1383 2321 1449 modo,
2381 1399 2474 1436 nec
2522 1385 2801 1451 conjuncta
2846 1400 2965 1436 cum
3002 1383 3189 1451 pietate
3217 1381 3406 1435 abillo
3457 1381 3701 1435 sumitur.

2148 1469 2272 1525 Non
2297 1472 2432 1525 enim
2457 1472 2666 1526 verbum
2698 1490 2808 1527 esse
2836 1473 2994 1537 illud,
3015 1474 3207 1540 dicere,
3238 1476 3377 1543 quod
3405 1474 3467 1527 ab
3493 1489 3552 1526 eo
3581 1488 3705 1542 pro-

2146 1561 2316 1614 cedit:
2346 1562 2554 1614 ethunc
2586 1578 2695 1616 esse
2720 1564 3064 1632 generationis
3106 1580 3281 1617 verum
3334 1566 3544 1618 modum
3567 1580 3586 1617 :
3615 1562 3707 1618 sed

2144 1652 2451 1721 simpliciter
2478 1650 2679 1705 Filium
2706 1652 2899 1716 solum,
2936 1652 3065 1706 solet
3098 1654 3307 1723 quidem
3354 1655 3420 1707 iis
3450 1656 3537 1724 qui
3572 1653 3704 1707 illud

2145 1747 2368 1798 audiunt
2396 1744 2669 1812 emphasin
2696 1746 2979 1809 quamdam
3008 1756 3053 1799 et
3079 1746 3439 1813 appurentiam
3466 1747 3706 1800 exhibere

2145 1836 2390 1889 humana:
2423 1836 2659 1890 uisionis.
2704 1835 2760 1890 In
2819 1837 2957 1901 istis,
3003 1837 3120 1893 sine
3150 1838 3295 1891 omni
3342 1839 3708 1909 integumento

2146 1925 2359 1995 negavit
2389 1924 2585 1992 ﬁlium,
2611 1927 2859 1982 eumdem
2888 1942 3015 1983 vero
3050 1937 3266 1982 constat
3293 1928 3441 1982 illum
3467 1928 3710 2006 introdu-

2145 2030 2269 2070 cere
2307 2016 2504 2069 nudum
2556 2025 2766 2072 tantum
2816 2016 3070 2095 Verbum,
3118 2018 3481 2075 faciendarum
3527 2037 3706 2075 rerum

471 2112 624 2180 φησὶ,
639 2112 1147 2180 καὶέπτοήθησαν,
1164 2115 1261 2169 καὶ
1294 2115 1590 2178 ἑάλωσαν,
1619 2116 1707 2168 ὅτι
1728 2118 1834 2171 τὸν
1848 2121 2036 2190 Λόγον

2145 2106 2541 2161 mandatorium
2560 2127 2572 2163 :
2594 2109 2645 2163 id
2673 2110 2813 2177 quod
2842 2109 3011 2179 liquet
3036 2126 3103 2165 ex
3123 2112 3385 2182 adjectis:
3410 2131 3426 2162 ι
3451 2110 3620 2178 Quem
3639 2113 3706 2166 ad

473 2202 578 2256 τοῦ
608 2204 828 2270 Κυρίου
881 2204 1354 2274 ἀπεδοκίμασαν·
1420 2206 1515 2259 καὶ
1572 2207 1729 2278 Ὠσηὲ
1769 2211 1797 2262 ὸ
1830 2212 2042 2282 προφή-

470 2310 570 2362 της
593 2311 607 2325 ·
655 2295 990 2363 Ἐμίσησαν
1007 2296 1077 2348 ἐν
1103 2298 1324 2361 πύλαις
1352 2296 1696 2368 ἐλέγχοντα,
1722 2300 1821 2353 καὶ
1854 2303 2045 2371 Λόγον

469 2383 643 2436 ὅσιον
676 2384 1091 2449 ἐϐδελύξαντο.
1126 2388 1365 2457 Μιχαίας
1417 2406 1475 2440 τε
1503 2389 1703 2458 ὁμοίως
1739 2391 1833 2443 καὶ
1882 2392 2044 2456 αὐτὸς

472 2491 538 2527 πε
548 2476 599 2546 pi
612 2476 705 2529 τοῦ
718 2477 890 2546 Λόγου
919 2480 1271 2550 μνημονεύων
1289 2480 1414 2551 ἔφη·
1432 2482 1845 2546 Ἐξελεύσεται
1862 2484 2043 2554 νόμος

469 2568 567 2621 καὶ
584 2570 770 2635 Λόγος
793 2570 1011 2638 Κυρίου
1047 2571 1116 2636 ἐξ
1150 2572 1563 2643 Ἰερουσαλήμ.
1593 2594 1611 2625 ι
1644 2575 1891 2630 Τοσαῦτα
1919 2593 2044 2629 συν-

470 2658 618 2726 άγων
639 2676 705 2711 πε
714 2660 766 2730 ρὶ
791 2659 889 2713 τοῦ
911 2662 1314 2731 προστακτικοῦ
1333 2664 1503 2732 Λόγου
1528 2664 1665 2735 ῥητὰ
1700 2666 2039 2738 Μάρκελλος,

466 2749 704 2803 τοιοῦτόν
724 2767 845 2804 τινα
868 2746 1007 2805 εἷναί
1035 2769 1165 2822 φησι
1190 2752 1281 2807 καὶ
1305 2752 1395 2807 τὸν
1412 2755 1468 2806 ἐν
1492 2756 1631 2825 ἀρχῇ
1656 2755 1791 2823 πρὸς
1804 2754 1895 2807 τὸν
1910 2754 2041 2807 Θεὸν

466 2840 598 2894 Θεὸν
630 2842 821 2910 Λόγον.
854 2842 953 2895 Διὸ
976 2844 1166 2912 ἐπάγει
1219 2843 1475 2913 φάσκων·
1511 2866 1529 2896 ι
1574 2846 1633 2898 Ὀ
1667 2845 1711 2898 δ’
1745 2846 1887 2917 ἱερὸς
1908 2846 2043 2899 ἀπό-

474 2953 491 2983 ι
535 2933 717 2996 στολός
748 2950 807 2985 τε
840 2934 933 2987 καὶ
966 2933 1211 3005 μαθητὴς
1242 2934 1337 2987 τοῦ
1369 2934 1573 3007 Κυρίου
1612 2935 1863 3005 Ἰωάννης
1886 2974 1901 2999 ,
1946 2952 2040 2987 σα-

472 3043 491 3074 ι
530 3024 644 3094 φῶς
674 3026 767 3077 καὶ
793 3024 1089 3097 διαρρήδην
1118 3027 1176 3079 ἐν
1202 3028 1344 3097 ἀρχῇ
1385 3026 1479 3079 τοῦ
1523 3026 1853 3095 Εὑαγγελίου
1904 3025 2042 3079 διδά-

471 3134 489 3167 ι
525 3134 689 3182 σκων,
751 3116 827 3180 ὡς
881 3118 1249 3188 ἀγνοούμενον
1294 3120 1353 3171 ἐν
1412 3117 1716 3189 ἀνθρώποις
1777 3117 2038 3189 πρότερον

471 3228 490 3260 ι
533 3208 704 3277 Λόγον
734 3210 894 3262 αὑτὸν
923 3208 1017 3262 τοῦ
1048 3210 1487 3279 παντοκράτορος
1524 3207 1826 3280 ὀνομάζων,
1866 3208 2039 3272 οὕτως

470 3318 488 3351 ι
519 3299 663 3370 ἔφη·
713 3300 808 3353 Ἐν
863 3299 1022 3369 ἀρχῇ
1068 3297 1148 3369 ἦν
1186 3304 1218 3354 ό
1255 3301 1462 3369 Λόγος,
1514 3300 1613 3352 καὶ
1664 3304 1696 3353 ό
1749 3302 1937 3370 Λόγος
1961 3297 2041 3370 ἦν

2150 2214 2169 2247 ι
2195 2196 2335 2250 hunc
2368 2199 2580 2252 modum
2630 2214 2817 2254 omnes
2860 2200 3151 2270 Scriptura:
3189 2203 3512 2273 praedicant:
3538 2202 3707 2257 David

2151 2308 2168 2340 ι
2191 2288 2452 2357 siquidem
2492 2290 2559 2343 de
2583 2290 2673 2345 illo
2703 2292 2875 2360 inquit
2900 2295 2968 2360 τ’,
3021 2291 3182 2348 Verbo
3217 2295 3707 2357 Domini,stabiliti

2151 2401 2168 2433 ι
2192 2394 2314 2437 sunt
2348 2383 2499 2438 caeli:
2522 2394 2575 2437 et
2614 2385 2871 2449 secundo,
2901 2383 3021 2453 Ipse
3049 2388 3240 2439 emittet
3275 2386 3498 2449 verbum,
3536 2395 3582 2439 et
3617 2401 3705 2440 sa.

2151 2493 2167 2524 ι
2197 2475 2338 2528 nabit
2375 2492 2462 2529 eos
2486 2475 2551 2531 ⁸ο.
2578 2475 2832 2530 Salomon
2870 2487 3085 2530 autem:
3132 2475 3375 2541 Quwrent
3415 2492 3494 2531 me
3540 2477 3709 2546 impii,

2150 2585 2167 2616 ι
2193 2582 2281 2618 nec
2320 2567 2601 2620 invenient.
2638 2566 2773 2620 Odia
2798 2567 2985 2620 etenim
3021 2568 3311 2621 habuerunt
3356 2568 3709 2636 sapientiam:

2154 2674 2171 2707 ι
2208 2652 2428 2709 Verbum
2467 2673 2583 2711 vero
2616 2656 2830 2710 Domini
2864 2673 2966 2710 non
2991 2656 3253 2727 elegerunt
3284 2658 3355 2725 3‘;
3397 2666 3452 2713 et.
3486 2657 3651 2713 Isaias
3690 2677 3706 2713 :

2149 2764 2165 2796 ι
2194 2743 2335 2799 Nam
2364 2748 2428 2801 de
2458 2746 2586 2802 Sion
2612 2748 2903 2817 egredietur
2932 2747 3053 2801 lex:
3085 2759 3131 2801 et
3167 2747 3386 2801 Verbum
3415 2748 3624 2803 Domini
3644 2750 3708 2803 de

2147 2856 2165 2887 ι
2188 2835 2483 2891 Jerusalem
2518 2838 2595 2906 ⁸²;
2619 2847 2672 2893 et
2696 2837 2960 2895 Jeremias
2986 2857 2999 2894 :
3022 2839 3305 2908 Pudefacti
3329 2849 3472 2904 sunt,
3510 2841 3706 2912 inquit,

2149 2947 2167 2978 ‹
2192 2928 2471 2996 sapientes,
2495 2928 2674 2984 timore
2696 2933 2954 2997 concussi,
2987 2934 3125 3001 capti
3161 2943 3304 2994 sunt,
3330 2932 3449 3002 quia
3484 2930 3707 2986 Verbum

2144 3019 2358 3074 Domini
2388 3021 2687 3090 abjecerunt
2733 3022 2803 3079 ⁸³.
2846 3023 2916 3077 Ει
2960 3024 3219 3094 propheta
3255 3024 3426 3080 Osce:
3467 3024 3707 3079 Oderunt

2142 3112 2197 3164 in
2231 3113 2397 3180 portis
2425 3114 2886 3182 reprehendentem
2918 3129 2936 3166 :
2974 3127 3022 3170 et
3065 3114 3285 3169 Verbum
3322 3126 3565 3170 sanctum
3612 3119 3703 3169 ab—

2143 3205 2359 3258 ominati
2412 3214 2540 3259 sunt
2574 3205 2642 3260 9‘.
2679 3206 2939 3261 Similiter
2976 3216 3030 3262 et
3064 3207 3316 3265 Micbaaas
3376 3209 3704 3263 mentionem

2144 3295 2303 3351 Verbi
2335 3296 2563 3361 faciens,
2596 3298 2711 3352 ait:
2754 3297 3071 3368 Egredietur
3094 3300 3200 3364 (ex,
3236 3310 3285 3354 et
3335 3299 3561 3354 Verbum
3590 3300 3703 3353 Do-

469 3409 488 3441 ι
524 3390 675 3459 πρὸς
703 3390 812 3444 τὸν
849 3390 1017 3455 Θεὸν,
1038 3392 1139 3447 καὶ
1192 3391 1335 3455 Θεὸς
1384 3387 1463 3459 ἦν
1496 3393 1527 3444 ὀ
1561 3391 1769 3459 Λόγος.
1810 3392 1884 3444 οὗ
1938 3394 2036 3462 μιᾷ

2143 3388 2272 3441 mini
2297 3404 2362 3442 ea:
2393 3387 2689 3444 Jerusalem
2715 3392 2823 3443 ".s
2851 3392 2951 3447 Tot
2981 3402 3035 3446 et
3068 3401 3213 3447 tanta
3250 3393 3337 3446 ubi
3366 3394 3706 3447 coacervavit

468 3500 489 3535 ι
529 3481 803 3554 μαρτυρίᾳ
836 3482 1115 3553 χρώμενος
1146 3482 1243 3555 τὴν
1284 3482 1676 3554 ἀῖδιότητατοῦ
1719 3483 1891 3551 Λόγου
1943 3499 2033 3553 ση-

466 3589 486 3623 ‹
525 3571 725 3641 μαίνει.
768 3591 789 3625 ι
830 3572 938 3626 Καὶ
969 3574 1290 3645 προστίθησι
1343 3573 1551 3637 τούτοις
1600 3574 1866 3642 ἐπιλέγων
1919 3574 2031 3647 (59)

458 3662 604 3733 ἑξῆς,
642 3682 661 3715 ι
704 3664 769 3717 ἵν’
794 3665 852 3717 ἐν
880 3665 977 3735 μὲν
1003 3664 1081 3736 τῷ
1104 3669 1293 3736 φῆσαι,
1321 3666 1416 3719 Ἐν
1453 3665 1610 3735 ἀρχῇ
1634 3662 1713 3737 ἦν
1755 3669 1788 3720 ό
1820 3667 2029 3737 Λόγος,

465 3774 482 3806 ι
522 3754 691 3828 δείξῃ,
723 3756 947 3827 δυνάμει
970 3757 1027 3810 ἐν
1058 3755 1135 3827 τῷ
1162 3758 1335 3828 Πατρὶ
1369 3753 1507 3811 εῖναι
1539 3758 1629 3811 τὸν
1678 3757 1849 3826 Λόγον
1880 3774 1895 3788 ·
1943 3758 2031 3810 Ἐν

464 3861 487 3895 s
516 3845 658 3915 ἀρχῇ
690 3845 798 3916 γὰρ
829 3847 1082 3899 ἁπάντων
1106 3846 1215 3899 τῶν
1242 3848 1540 3915 γεγονότων
1563 3847 1755 3910 όΘεὸς,
1785 3847 1842 3914 ἐξ
1864 3842 1924 3901 οὗ
1961 3846 2031 3900 τὰ

464 3951 484 3985 ι
518 3934 715 3989 πάντα·
747 3937 805 3988 ἐν
823 3936 880 3988 δὲ
909 3936 989 4006 τῷ
1012 3954 1026 3967 ·
1064 3938 1202 3991 «Kal.
1222 3940 1250 3991 ὸ
1271 3939 1442 4007 Λόγος
1465 3934 1534 4009 ἦν
1558 3939 1697 4009 πρὸς
1713 3939 1805 3991 τὸν
1837 3937 1988 4003 Θεὸν,
2003 3958 2022 3991 ι

464 4044 494 4077 e
514 4026 761 4097 ἐνεργείᾳ
786 4027 922 4098 πρὸς
939 4027 1031 4080 τὸν
1051 4028 1183 4081 Θεὸν
1216 4025 1354 4083 εἶναι
1374 4029 1467 4082 τὸν
1484 4030 1687 4097 Λόγον·
1721 4029 1895 4083 πάντα
1920 4030 2028 4103 γὰρ

462 4135 482 4170 ι
517 4118 584 4171 δι’
601 4118 765 4172 αὑτοῦ
794 4118 1031 4187 ἐγένετο,
1062 4120 1154 4173 καὶ
1178 4120 1345 4190 χωρίς
1370 4119 1534 4173 αὑτοῦ
1558 4120 1772 4189 ἐγένετο
1796 4121 1913 4174 οὺδέ
1945 4122 2025 4177 ἓν.

462 4226 483 4260 ι
527 4207 619 4262 Ἐν
647 4208 705 4261 δὲ
746 4206 824 4278 τῷ
858 4208 1008 4261 Θεὸν
1040 4204 1192 4261 εἶναι
1232 4207 1342 4261 τὸν
1398 4208 1593 4275 Λόγον
1621 4208 1919 4279 εἰρηκέναι,
1953 4208 2027 4281 μὴ

461 4316 488 4350 s
520 4299 746 4372 διαιρεῖν
775 4299 873 4371 τὴν
898 4298 1168 4369 Θεότητα·
1196 4298 1383 4370 ἐπειδὴ
1405 4300 1433 4352 ὸ
1475 4297 1647 4367 Λόγος
1676 4298 1740 4352 τὸ
1762 4298 2025 4370 ἐνναὺτῷ,

457 4409 477 4437 ε
511 4391 605 4444 καὶ
636 4383 789 4453 οὗτος
821 4390 879 4444 ἐν
937 4390 1016 4461 τῷ
1041 4392 1227 4461 Λόγῳ·
1269 4392 1364 4444 Ἑν
1401 4390 1531 4459 ἐμοὶ
1575 4389 1703 4462 γὰρ,
1763 4391 1948 4462 φησὶν,
1992 4393 2026 4444 ό

452 4481 674 4551 Πατὴρ,
697 4481 857 4551 κάγὼ
884 4482 950 4537 ἐν
976 4481 1057 4548 τῷ
1084 4484 1286 4552 Πατρί.
1323 4501 1351 4535 s
1377 4483 1485 4535 Καὶ
1514 4482 1595 4535 ἔτι
1623 4482 1830 4546 τούτοις
1859 4499 2027 4554 προσ-

448 4572 679 4645 τίθησιν,
742 4575 1074 4646 ἀπογυμνῶν
1135 4576 1226 4629 τὸν
1290 4575 1418 4629 ίδιον
1473 4574 1618 4640 νοῦν,
1652 4576 1717 4629 δι’
1774 4569 1849 4629 ὧν
1880 4576 2027 4647 ιὲξῆς

451 4666 646 4733 ἐπάγει
672 4664 863 4734 λέγων.
903 4684 923 4717 ι
945 4666 1002 4719 '0
1027 4666 1205 4720 τοίνυν
1229 4668 1369 4737 ίερὸς
1398 4665 1689 4730 ἀπόστολός
1706 4684 1767 4719 τε
1799 4668 1893 4727 καί
1921 4685 2024 4738 μα-

2142 3477 2209 3531 de
2235 3475 2415 3532 Verbo
2438 3480 2777 3537 mandatorio
2808 3481 3096 3537 Marcellus
3125 3485 3457 3548 testimonia,
3491 3483 3701 3552 ejusce-

2142 3568 2283 3623 modi
2311 3584 2523 3639 quoque
2549 3573 2743 3628 asserit
2770 3575 3046 3629 exstitisse
3072 3586 3127 3629 et
3143 3575 3377 3631 Verbum
3403 3576 3528 3631 illud
3560 3576 3703 3645 quod

2133 3662 2273 3728 apud
2326 3662 2514 3726 Deum,
2572 3663 2715 3719 Deus
2745 3668 2996 3721 exstabat
3046 3669 3113 3722 ab
3172 3670 3347 3723 initio.
3383 3669 3473 3741 [Β.
3513 3668 3701 3731 XLVI,

2132 3751 2328 3820 eoll.p.
2348 3753 2467 3816 118,
2492 3754 2553 3819 C,
2580 3756 2705 3821 144,
2732 3756 2823 3828 Α.]
2845 3758 3107 3825 Quocirca
3135 3761 3698 3830 subinfertinquiens:

2137 3862 2155 3893 ι
2182 3842 2566 3903 Sanetissimus
2580 3848 2852 3917 apostolus
2864 3852 3450 3923 etdiscipulusDomini
3469 3853 3705 3908 Joannes

2140 3959 2158 3989 ι
2185 3939 2444 3993 exserlim
2472 3938 2669 3996 docens
2702 3943 3040 4011 apertissime
3069 3946 3120 3998 in
3142 3945 3405 4015 principio
3429 3948 3510 4001 sui
3531 3949 3701 4007 Eva...

2141 4048 2158 4079 ‹
2184 4029 2307 4097 gelii
2336 4025 2590 4097 Verbum,
2617 4031 2762 4085 velut
2784 4033 2931 4100 prius
2951 4034 3091 4090 inter
3109 4036 3351 4091 homines
3370 4037 3698 4107 ignoratum,

2141 4142 2158 4172 ι
2188 4121 2279 4177 Dei
2326 4124 2709 4193 omnipotentis
2740 4127 3061 4181 nominatim
3092 4128 3392 4197 compellat,
3425 4131 3696 4200 inquiens.

2139 4221 2196 4276 >14
2237 4234 2256 4267 ι
2306 4215 2368 4270 1η
2394 4216 2647 4285 principio
2670 4225 2779 4270 erat
2815 4214 3064 4282 Verbum,
3090 4230 3134 4271 et
3164 4217 3394 4272 Verbum
3423 4230 3535 4273 erat
3559 4222 3698 4289 apud

2139 4324 2157 4357 ι
2187 4307 2370 4372 Deum,
2423 4318 2469 4361 et
2508 4307 2647 4363 Deus
2675 4318 2787 4361 erat
2829 4308 2961 4363 illud
3015 4308 3234 4363 Verbum
3271 4312 3338 4363 ⁸⁸.
3392 4311 3507 4365 Non
3541 4316 3699 4367 unico

2140 4418 2157 4448 ι
2180 4408 2466 4453 contentus
2486 4400 2981 4463 testimonio,Verbi
2999 4401 3263 4471 significat
3282 4405 3657 4459 aeternitatem.
3672 4425 3689 4456 ι

2130 4490 2237 4562 [Β.
2273 4506 2414 4545 XLVII
2447 4491 2569 4546 coll.
2598 4508 2651 4561 p.
2688 4492 2791 4546 M8
2819 4491 2923 4564 D.]
2957 4493 3161 4560 Quibus
3194 4494 3460 4548 subinfert
3491 4498 3694 4557 statim.

2138 4600 2155 4633 ι
2189 4591 2245 4635 ιιι
2276 4582 2326 4635 in
2355 4596 2420 4637 eo
2461 4582 2601 4651 quod
2632 4582 2885 4650 aﬂirmat,
2922 4583 2989 4637 In
3023 4586 3287 4654 principio
3304 4596 3414 4639 erat
3447 4586 3694 4653 Verbum,

2138 4693 2156 4723 ι
2184 4674 2468 4729 ostendere
2508 4684 2708 4744 posset,
2744 4676 2981 4745 potentia
3016 4691 3135 4731 esse
3170 4675 3222 4730 in
3251 4676 3412 4731 Patre
3446 4693 3543 4732 suo
3560 4675 3695 4733 Ver-

458 4776 481 4810 ι
516 4758 683 4830 θητὴς
707 4758 800 4812 τού
844 4760 1049 4830 Κυρίου
1084 4760 1352 4834 Ἰωάννης,
1405 4760 1503 4830 τῆς
1532 4759 1829 4830 ἀῖδιότητος
1860 4759 2027 4818 αὑτοῦ,

2143 4785 2155 4816 ι
2184 4765 2327 4819 bum.
2358 4765 2488 4819 Erat
2508 4766 2649 4819 enim
2680 4768 2733 4822 in
2767 4767 3026 4837 principio
3056 4782 3233 4821 rerum
3257 4769 3495 4822 omnium
3534 4770 3695 4833 Deus,

457 4866 475 4899 ι
520 4848 891 4919 μνημονεύων⁶
916 4848 1121 4919 ἀληθὴς
1174 4849 1416 4919 ἐγίγνετο
1464 4850 1558 4904 τοῦ
1591 4852 1763 4920 Λόγου
1795 4852 2024 4923 μάρτυς,

457 4958 476 4990 ι
523 4941 618 4993 Ἐν
640 4939 798 5009 ἀρχῇ
854 4937 934 5011 ἦν
973 4944 1007 4995 ό
1054 4942 1275 5011 Λόγος,
1302 4942 1496 5010 λέγων,
1526 4942 1623 4995 καί
1673 4946 1705 4995 ό
1728 4944 1918 5012 Λόγος
1948 4939 2027 5012 ἦν

460 5047 477 5077 ι
520 5030 669 5097 πρὸς
689 5031 795 5086 τὸν
852 5033 1020 5095 Θεὸν,
1056 5031 1161 5087 καὶ
1195 5032 1339 5098 Θεὸς
1374 5028 1454 5102 ἦν
1503 5037 1536 5088 ό
1583 5035 1771 5103 Λόγος
1805 5050 1820 5066 ·
1876 5034 2026 5088 οὐδὲν

459 5139 476 5169 ι
522 5121 791 5188 γενέσεως
847 5124 1082 5179 ἐνταῦθα
1136 5124 1487 5195 μνημονεύων
1526 5125 1635 5179 τοῦ
1675 5126 1872 5192 Λόγου,
1909 5126 2023 5180 ἀλλ’

2129 4878 2148 4909 ι
2178 4858 2243 4911 de
2260 4860 2364 4927 qu'o
2391 4859 2594 4914 omnia.
2621 4860 2676 4914 In
2708 4874 2772 4914 eo
2797 4860 2939 4930 quod
2969 4862 3065 4926 ait,
3086 4859 3151 4914 Et
3186 4858 3403 4915 Verbum
3428 4862 3561 4915 illud
3584 4873 3695 4917 erat

2130 4968 2147 4999 ι
2177 4951 2316 5019 apud
2347 4948 2533 5017 Deum,
2569 4949 2799 5005 Verbum
2849 4953 3121 5006 exstitisse
3161 4953 3319 5007 docet
3345 4954 3482 5020 apud
3527 4954 3691 5008 Deum

2130 5060 2147 5090 ι
2180 5049 2319 5095 actu.
2361 5040 2494 5094 Nam
2532 5056 2626 5111 per
2668 5042 2813 5095 illum
2864 5045 3041 5098 omnia
3093 5044 3324 5113 ﬂebant,
3352 5056 3405 5099 et
3435 5046 3551 5099 sine
3602 5044 3691 5102 illo

2131 5132 2349 5187 «.liebat
2384 5133 2515 5187 nihil
2548 5135 2687 5202 quod
2730 5133 2925 5189 factum
2949 5130 3086 5201 fuit;
3129 5137 3181 5190 in
3217 5152 3280 5191 eo
3321 5136 3465 5206 quod
3493 5136 3690 5191 dicitur

465 5228 483 5261 ι
523 5210 844 5283 ἐπαλλήλοις
873 5216 1019 5286 τρισὶ
1070 5215 1394 5287 μαρτυρίαις
1445 5216 1745 5288 χρώμενος,
1771 5216 2021 5270 ἐϐεϐαίου

2143 5241 2152 5273 ι
2185 5223 2350 5277 Deum
2376 5238 2500 5278 esse
2539 5224 2668 5279 illud
2702 5224 2929 5280 Verbum
2951 5266 2968 5292 ,
2996 5228 3329 5281 divinitatem
3370 5243 3474 5281 non
3502 5227 3692 5281 dividit

455 5321 473 5353 ι
508 5304 564 5355 ἐν
592 5304 733 5375 ἀρχῇ
769 5305 861 5359 τὸν
882 5306 1055 5376 Λόγον
1083 5304 1241 5361 εἶναι.
1268 5328 1285 5359 ι
1320 5310 1428 5362 Kal.
1462 5307 1782 5379 προστίθησι
1807 5308 2017 5373 τούτοις

2143 5330 2151 5359 ι
2183 5313 2324 5380 quod
2352 5312 2584 5368 Verbum
2616 5324 2777 5382 esset,
2813 5316 2864 5370 id
2887 5318 3027 5386 quod
3062 5317 3112 5371 in
3141 5317 3228 5371 illo
3252 5326 3404 5381 erat,
3433 5328 3483 5371 et
3516 5316 3606 5370 ille
3640 5318 3691 5372 in

449 5393 652 5462 λέγων·
696 5411 715 5446 ι
744 5394 857 5467 Τὴν
890 5397 989 5467 μὲν
1036 5398 1177 5454 κατὰ
1208 5398 1386 5471 σάρκα
1434 5400 1745 5472 οἰκονομίαν
1787 5400 1866 5471 τῷ
1919 5401 2016 5454 άν-

2173 5404 2367 5460 Verbo.
2386 5405 2453 5460 In
2470 5423 2549 5461 me
2564 5408 2727 5473 enim,
2753 5409 2944 5478 inquit,
2961 5408 3134 5474 Pater,
3154 5419 3201 5463 et
3218 5426 3308 5478 ego
3332 5412 3387 5462 in
3410 5408 3570 5465 Patre
3587 5409 3651 5467 ⁸⁷.
3667 5428 3686 5462 ι

514 5564 572 5623 ὦ
603 5558 701 5638 βά.
729 5558 942 5638 faris”
973 5577 1092 5632 pag.
1128 5564 1226 5638 δῇ
1320 5565 1368 5638 "f
1393 5565 1533 5638 Psal.
1571 5581 1742 5626 xum.
1766 5567 1819 5620 6.
1855 5637 1862 5638 ί
1905 5566 2125 5638 _'°-Psat.
2159 5587 2266 5635 ενι,
2296 5571 2385 5624 20.
2472 5572 2513 5604 ⁸¹
2547 5573 2675 5638 Sap.
2703 5588 2824 5636 xm,
2855 5570 2910 5637 6,
2931 5572 2982 5625 '7.

444 5643 566 5695 vut,
600 5630 655 5687 9.
728 5630 987 5686 “Alnos;
1030 5630 1087 5703 ἦ,
1167 5635 1254 5689 10.
1326 5634 1743 5700 ⁸ειΜίεΙιιιν,2.
1822 5635 2036 5691 εθίοιιιις

2170 5643 2214 5696 ι.
2256 5630 2263 5635 ⁷
2289 5643 2333 5673 ⁸⁷
2358 5640 2515 5696 Joan.
2553 5630 2721 5704 L38.

3080 5572 3125 5604 ⁸³
3150 5570 3316 5637 Isa.t;,
3342 5572 3393 5626 5.
3502 5572 3549 5607 ⁸⁸
3574 5568 3685 5630 .‘Cr.

513 5885 624 5954 (59)
650 5887 816 5959 Vulgo
832 5888 1039 5955 οὕτως
1069 5887 1209 5945 infra
1228 5890 1384 5960 vulgo
1412 5891 1477 5945 δι’
1506 5884 1579 5947 ὧν
1609 5893 1733 5963 ἑξῆς
1764 5894 2035 5963 ὲπαγγὲλλ

2143 5896 2315 5962 ,ἐγωψ
2348 5896 2490 5966 ἱερός
2510 5914 2521 5926 ·
2553 5902 2603 5948 et
2640 5893 2938 5964 γεννήσεως
2975 5902 3027 5948 et
3055 5892 3417 5964 tremulam,
