4088 6392
391 425 493 478 789
1505 421 1781 476 CONTRA
1823 419 2249 475 MARCELLUM
2292 418 2421 474 LIB.
2462 419 2525 473 ll.
3539 414 3639 469 790

401 560 419 590 ι
453 538 620 593 κοινὰ
675 534 847 587 ἐστιν
912 532 1106 595 εἰπεῖν,
1171 533 1357 587 Πάντα
1410 533 1511 587 ὅσα
1558 533 1672 603 ἔχει
1707 535 1735 586 6
1784 533 2015 603 Πατὴρι

2028 544 2045 590 l
2083 549 2101 580 ι
2146 531 2341 585 exinde
2367 530 2556 600 liquet,
2590 544 2651 583 ex
2685 543 2752 582 eo
2775 527 2915 597 quod
2946 525 3199 588 declinat,
3230 532 3284 578 et
3300 523 3642 593 deprecatur.

405 651 421 680 ι
461 628 570 699 ἐμά
609 628 751 679 ἐστιν
805 622 931 693 ἔφη.
966 622 1160 677 Καίτοι
1203 625 1305 677 οὐκ
1332 619 1401 695 ἦν
1448 624 1576 677 ῐδιον
1604 622 1697 677 τοῦ
1747 640 1973 693 συμφω-

2081 643 2099 673 ‹
2148 624 2325 691 Atque
2356 623 2458 676 alia
2488 623 2624 686 vice,
2661 619 2782 674 Non
2806 634 3006 689 quaero,
3042 616 3239 685 inquit,
3263 630 3432 668 meam
3461 614 3642 668 volun-

406 739 423 768 ι
455 716 669 777 νοῦντος
715 711 855 765 οῦτω
895 712 1095 780 λέγειν,
1132 713 1286 777 ἀλλὰ,
1324 731 1343 763 ι
1383 713 1586 766 Πάντα
1619 712 1735 766 ὅσα
1772 712 1895 779 ἔχει
1943 714 1974 765 ὀ

2083 733 2099 765 ι
2149 724 2327 778 tatem,
2365 714 2456 768 sed
2519 710 2834 765 voluntatem
2893 707 3073 761 Patris
3130 705 3218 775 qui
3270 705 3411 758 misit
3464 721 3545 757 me
3574 703 3642 757 ⁹⁶.

407 826 422 855 ι
461 803 678 871 Πατὴρ,
712 800 885 855 κοινά
906 800 1092 856 ἐστιν.
1117 822 1135 855 ι
1163 803 1227 855 El
1254 802 1362 873 γὰρ
1409 805 1464 856 αἱ
1495 801 1603 854 τῶν
1643 803 1975 857 Ἀποστόλων

2086 822 2103 852 ι
2147 803 2429 869 Quomodo
2490 802 2650 871 igitur
2706 809 2926 867 propter
2973 796 3116 850 illam
3186 795 3385 863 ubique
3437 802 3487 847 et
3550 806 3646 863 per

409 918 425 948 ι
464 897 717 968 Πράξεις.
744 896 844 965 τὴν
869 896 977 948 τῶν
1013 894 1312 965 τηνικαῦτα
1340 894 1674 965 προσιόντων
1698 897 1762 964 τῇ
1798 896 1976 947 πίστει

2083 912 2102 944 ι
2149 894 2329 946 omnia
2368 890 2819 951 consonantiam,
2873 887 3217 941 Servatorem
3249 883 3479 937 aﬂirmat
3517 898 3645 952 pro-

407 1008 424 1035 ι
464 984 781 1055 συμφωνίαν
804 982 1144 1047 ὲπαινοῦσὰι,
1185 1000 1204 1033 ι
1242 983 1444 1035 Πάντα
1475 978 1553 1051 ἦν
1579 982 1783 1047 αὐτοῖς
1807 982 1979 1035 κοινὰ

2084 1005 2102 1036 ι
2160 985 2456 1045 nuntiasse,
2494 982 2605 1052 Ego
2638 990 2691 1034 et
2721 980 2879 1034 Pater
2908 993 3059 1032 mens
3094 992 3256 1030 unum
3290 976 3554 1029 sumus?»
3586 974 3648 1027 Et

406 1096 423 1126 ι
464 1077 693 1147 ἔφασαν,
728 1076 823 1129 καὶ
854 1078 939 1129 ἐπ’
960 1074 1281 1143 ἀνθρώπων,
1318 1074 1423 1127 τῶν
1456 1075 1764 1143 συμφωνεῖν
1822 1072 1979 1124 δυνα-

2080 1077 2264 1146 paucis
2304 1074 2598 1143 interiectis
2633 1073 2709 1127 ait
2749 1090 2761 1126 :
2817 1070 2908 1143 [Π.
2938 1067 3100 1140 LXV]
3139 1086 3157 1120 ι
3195 1066 3474 1134 Quomodo
3522 1079 3644 1134 erga

406 1189 423 1220 ι
468 1168 665 1239 μένων,
714 1168 869 1222 κοινὰ
925 1164 1062 1223 εἶναι
1111 1168 1288 1221 πάντα
1340 1166 1578 1237 νομίζειν
1636 1165 1976 1234 ὀφειλόντων,

2087 1186 2106 1218 ι
2156 1167 2347 1221 Filium
2382 1164 2792 1221 consonantiam
2840 1161 3037 1216 habere
3086 1161 3246 1214 Pater
3299 1156 3516 1226 poterit,
3565 1158 3648 1211 vel

407 1280 426 1311 ι
470 1260 579 1331 (49..)
635 1262 785 1331 πόσῳ
820 1261 1017 1331 μᾶλλον
1045 1259 1149 1312 ἔδει
1182 1258 1273 1311 τὸν
1306 1256 1525 1327 Πατέρα
1555 1256 1649 1309 καὶ
1700 1255 1791 1307 τὸν
1853 1253 1978 1305 Υἰὸν

2087 1277 2107 1310 ι
2155 1257 2322 1313 Filius
2353 1271 2479 1325 erga
2517 1255 2757 1318 Patrem,
2808 1268 2931 1308 cum
2981 1251 3179 1306 dixerit
3220 1249 3412 1314 Filius,
3458 1248 3650 1302 Omnia

408 1366 426 1397 ι
466 1348 750 1409 κοινωνίας
782 1348 1049 1417 μετέχειν,
1086 1348 1164 1408 εἰς
1212 1344 1304 1397 δύο
1336 1344 1661 1405 ὑποστάσεις
1716 1339 1982 1413 διῃρημέ-

2089 1369 2107 1401 ι
2156 1350 2249 1403 illa
2288 1365 2406 1419 qua:
2442 1347 2604 1401 Pater
2640 1347 2814 1409 habet,
2839 1360 2951 1397 mea
2984 1343 3146 1397 situt?
3172 1341 3265 1396 Est
3291 1341 3434 1395 enim
3459 1338 3648 1400 Filius,

408 1456 427 1489 ι
468 1456 622 1503 νους;
651 1439 788 1491 Νυνὶ¹
808 1438 863 1491 δὲ
890 1441 949 1491 έν
979 1437 1077 1508 μὲν
1112 1435 1190 1507 τῷ
1214 1436 1413 1504 λέγειν,
1443 1433 1645 1488 Πάντα
1707 1432 1823 1486 ὅσα
1855 1432 1980 1499 ἔχει

2087 1463 2105 1496 ι
2153 1442 2241 1511 qui
2271 1442 2373 1496 hoc
2398 1442 2558 1494 modo
2606 1439 2869 1508 loquitur,
2914 1434 3276 1489 abundantior
3319 1447 3419 1487 suo
3466 1429 3647 1485 Patre.

410 1548 429 1579 ι
468 1533 500 1583 ὀ
530 1529 751 1597 Πατὴρ,
782 1527 895 1598 ἐμά
908 1529 1061 1591 ἐστι,
1089 1525 1425 1581 πλεονεκτῶν
1447 1526 1475 1577 ὁ
1500 1525 1626 1588 Υἱὸς
1651 1523 1740 1577 τὸν
1766 1523 1982 1594 Πατέρα

2090 1555 2107 1586 ι
2156 1534 2349 1589 Omnia
2386 1548 2503 1603 qum
2544 1531 2706 1583 Pater
2730 1530 2903 1593 habet,
2945 1543 3060 1580 mea
3095 1535 3238 1588 sunt,
3278 1523 3475 1593 inquit,
3532 1521 3654 1575 ideo

411 1641 427 1668 ο
470 1620 746 1688 φαίνεται·
781 1622 839 1674 ὲν
869 1620 925 1672 δὲ
940 1618 1018 1688 τῷ
1051 1619 1299 1687 φάσκειν,
1333 1617 1467 1688 μηδὲ
1515 1614 1611 1669 τοῦ
1646 1615 1836 1669 ἑαυτοῦ
1880 1615 1983 1667 Λό-

2090 1647 2107 1678 ι
2156 1641 2259 1681 non
2289 1632 2491 1687 autem,
2530 1622 2723 1678 Omnia
2755 1634 2875 1690 quae
2917 1618 3079 1673 Pater
3110 1616 3305 1681 habet,
3344 1612 3651 1668 communia

411 1731 427 1761 ι
462 1728 560 1778 γου
613 1711 817 1782 Κύριον
874 1706 1039 1777 εἶναι,
1070 1710 1206 1764 ἀλλὰ
1249 1711 1344 1762 καὶ
1376 1709 1567 1761 τούτου
1607 1708 1696 1761 τὸν
1741 1706 1979 1777 Πατέρα,

2089 1740 2107 1770 ‹
2155 1726 2318 1783 sunt;
2348 1731 2471 1770 cum
2505 1714 2790 1769 dicendum
2817 1711 2890 1765 ita
2922 1719 3068 1765 esset
3103 1708 3199 1773 illi,
3231 1696 3321 1777 qui
3351 1721 3449 1776 per
3471 1704 3652 1759 omnia

408 1821 427 1853 ι
472 1805 557 1873 ('0
596 1806 704 1874 γὰρ
734 1806 923 1874 Λόγος
957 1804 1028 1857 ὃν
1075 1804 1341 1865 ἀκούετε,
1398 1802 1598 1873 φησὶν,
1640 1803 1752 1855 οὐκ
1814 1800 1983 1853 ἔστιν

2089 1831 2105 1862 ι
2150 1811 2373 1865 haberet
2399 1823 2520 1863 cum
2548 1822 2646 1862 suo
2681 1805 2843 1859 Patre
2904 1801 3311 1858 consonantiam
3343 1816 3358 1854 :
3390 1797 3654 1867 siquidem

409 1914 426 1944 ι
468 1896 626 1963 ἐμὸς,
661 1896 821 1948 ἀλλὰ
852 1894 959 1949 τοῦ
1008 1894 1357 1964 πέμψαντός
1388 1910 1466 1962 με
1516 1892 1771 1960 Πατρός)
1822 1891 1983 1959 diu“
2015 1915 2023 1968 ]

2041 1915 2055 1967 ι
2090 1922 2107 1954 ι
2158 1904 2210 1956 in
2241 1901 2466 1955 Actibus
2495 1897 2836 1969 apostolicis,
2890 1895 2979 1949 ubi
3010 1908 3195 1949 eorum
3230 1891 3321 1960 qui
3374 1890 3441 1944 ad
3495 1888 3655 1943 ﬁdem

408 2003 427 2035 ι
471 1986 681 2055 ρείσθαι
708 1985 797 2037 τὸν
830 1983 1050 2055 Πατέρα
1076 1983 1146 2038 τὰ
1176 1984 1281 2036 ἴδια
1315 1981 1409 2035 τοῦ
1444 1981 1629 2045 παιδὸς
1688 1981 1980 2033 δείκνυσιν.

2090 2013 2108 2044 ι
2153 2002 2280 2047 tunc
2307 1992 2672 2055 accedebant,
2716 1989 2966 2044 laudatur
3013 1982 3407 2047 consonantia,
3464 1979 3656 2037 Omnia

409 2096 426 2125 ι
487 2076 754 2146 Ἐκάτερα
775 2076 832 2128 δὲ
870 2075 1014 2129 κατά
1050 2074 1149 2145 τὴν
1186 2074 1463 2144 Ἀστερίου
1492 2074 1665 2143 οἴησιν
1713 2073 1814 2124 οὐκ
1854 2072 1983 2124 ἀκο-

2091 2108 2109 2138 ι
2161 2087 2329 2140 fuisse
2355 2086 2486 2153 ipsis
2512 2082 2851 2145 communia,
2882 2080 3082 2134 dicitur
3107 2077 3155 2110 9'
3190 2094 3203 2129 :
3237 2084 3293 2131 et
3325 2074 3507 2129 omnia
3536 2081 3662 2126 sunt

408 2182 428 2217 ι
463 2166 664 2228 λούθως
697 2166 962 2236 εἰρημένα
988 2165 1254 2232 φαίνεται.
1298 2163 1444 2216 Ἔδει
1476 2162 1587 2232 γὰρ
1639 2162 1729 2213 τὸν
1765 2177 1986 2230 συμφω-

2090 2197 2108 2228 σ
2155 2176 2463 2231 communia
2513 2173 2871 2229 existimanda
2916 2170 3056 2225 inter
3084 2183 3177 2223 eos
3224 2166 3317 2237 qui
3356 2178 3657 2221 consonan-

410 2274 429 2305 ι
468 2254 660 2309 νοῦντα
694 2257 767 2325 μὴ
798 2256 866 2306 τά
919 2254 1091 2325 ἑτέρῳ
1123 2254 1394 2323 προσόντα
1456 2251 1846 2322 παρασπᾶσθαι
1905 2251 1984 2304 δί-

2092 2288 2110 2320 ι
2160 2269 2288 2321 tiam
2327 2267 2468 2320 inter
2504 2266 2755 2319 homines
2792 2261 3189 2332 amplectuntur
3221 2277 3235 2313 :
3262 2264 3462 2327 quanto
3492 2254 3662 2322 magis

413 2366 431 2395 σ
475 2361 626 2407 καια,
657 2344 1039 2397 πλεονεκτικὸν
1071 2344 1180 2414 γὰρ
1202 2342 1360 2396 τοῦτό
1388 2359 1474 2411 γε,
1507 2341 1644 2395 ἀλλὰ
1675 2341 1742 2394 τὰ
1793 2343 1983 2394 ἑκατέ-

2091 2376 2107 2408 ι
2156 2372 2254 2427 par
2301 2356 2432 2425 fuit,
2488 2359 2704 2410 Patrem
2768 2364 2931 2423 atque
2981 2353 3173 2407 Filium
3221 2348 3658 2406 communionem

410 2454 430 2487 ι
475 2452 552 2507 ρῳ
574 2435 843 2505 προσόντα
865 2435 1017 2488 κοινά
1046 2431 1183 2487 εἶναι
1216 2435 1476 2504 νομίζειν.
1509 2435 1692 2497 Ὥστε,
1729 2436 1854 2487 ὅταν
1886 2435 1985 2504 μὲν

2090 2473 2108 2504 ι
2152 2452 2431 2521 amplecti,
2482 2452 2571 2519 qui
2606 2450 2827 2505 induas
2859 2450 3179 2519 hypostases
3233 2438 3659 2497 dividebantur?

412 2547 430 2579 ι
468 2530 548 2592 είς
602 2528 701 2600 τὴν
766 2528 1112 2598 ἀνθρωπίνην
1160 2526 1558 2597 ἀποϐλέπωμεν
1619 2526 1838 2598 σάρκα,
1886 2528 1984 2596 οὐχ

2090 2565 2108 2595 σ
2159 2555 2211 2599 at
2249 2558 2389 2597 nunc
2425 2541 2597 2596 Filius
2640 2554 2799 2609 quam
2848 2538 3014 2592 Pater
3058 2536 3175 2606 plus
3204 2534 3406 2588 habere
3429 2531 3660 2594 videtur,

411 2639 429 2669 ι
471 2620 659 2692 ὥσπερ
695 2620 970 2691 Ἀστέριος
1002 2620 1299 2690 γέγραφεν,
1330 2618 1502 2682 οὕτως
1558 2619 1862 2691 εὑρήσομεν
1908 2622 1984 2672 εί-

2091 2658 2107 2687 ι
2158 2652 2278 2691 cum
2311 2636 2562 2699 alﬁrmet,
2618 2632 2812 2687 Omnia
2847 2648 2963 2701 qua:
2994 2629 3156 2682 Pater
3192 2628 3343 2681 habet
3377 2641 3488 2679 mea
3516 2632 3658 2677 sunt.

410 2733 428 2763 ι
462 2715 663 2784 ρηκότα
692 2714 785 2767 τὸν
821 2714 1049 2783 Σωτῆρα
1071 2729 1084 2743 ο
1142 2713 1283 2782 Ἐγὼ
1328 2714 1425 2765 καὶ
1455 2714 1488 2766 ό
1550 2711 1751 2780 Πατὴρ
1786 2712 1856 2765 ἐν
1879 2712 1984 2765 ἐσ-

2089 2750 2106 2781 ι
2159 2730 2211 2782 lu
2245 2744 2310 2783 eo
2347 2738 2525 2782 autem
2559 2726 2701 2795 quod
2756 2724 2925 2784 dicit,
2972 2723 3206 2776 Verlmm
3256 2735 3360 2773 non
3418 2731 3536 2772 esse
3579 2717 3660 2770 sui

409 2827 427 2855 ε
452 2824 566 2873 μεν·
601 2824 615 2838 ·
661 2807 709 2858 εί
754 2805 864 2877 γὰρ
906 2805 1054 2857 τοῦτ’
1088 2800 1175 2876 ἦν.
1214 2804 1431 2867 πάντως
1450 2804 1516 2858 ἂν
1543 2804 1644 2876 ἔφη
1665 2820 1678 2835 ’
1722 2804 1861 2872 Ἐγὼ
1888 2807 1982 2858 καὶ⁴

2089 2843 2105 2872 ι
2159 2822 2468 2884 Dominum,
2508 2820 2601 2872 sed
2635 2818 2804 2886 ipsius
2834 2815 3074 2876 Patrem,
3109 2814 3313 2881 (sermo
3342 2810 3476 2863 enim
3513 2824 3662 2877 quem

412 2914 431 2947 ι
466 2898 494 2947 6
526 2895 712 2967 Πατὴρ
768 2898 825 2947 ὲν
871 2895 1041 2949 ἅπασι
1102 2896 1237 2967 πρὸς
1264 2895 1524 2966 ἀλλήλους
1560 2895 1978 2965 συμφωνοῦμεν.

2089 2933 2106 2963 ι
2154 2914 2374 2978 auditis,
2406 2912 2601 2981 inquit,
2638 2927 2742 2964 non
2770 2918 2843 2963 est
2878 2922 3042 2969 meus,
3074 2905 3163 2959 sed
3204 2904 3376 2958 Patris
3408 2903 3496 2971 qui
3522 2902 3666 2953 misi!

411 3005 429 3037 ι
470 2988 604 3042 Νυνὶ
630 2988 709 3052 δὲ,
748 2987 888 3058 Ἐγὼ
921 2989 1015 3042 καὶ
1070 2991 1101 3041 ό
1132 2987 1334 3057 Πατὴρ
1358 2988 1428 3041 ἓν
1467 2987 1674 3056 ἐσμεν,
1725 2987 1852 3057 ἔφη.
1905 2989 1979 3041 υύ

2087 3024 2105 3055 ι
2153 3023 2233 3059 me
2261 3006 2316 3075 :)
2347 3004 2656 3060 ostenditur
2684 3002 2897 3056 Patrem
2924 3017 2951 3052 a
2988 2998 3124 3053 Filio
3150 2996 3363 3051 auferre
3387 2996 3550 3050 etiam
3579 2994 3664 3075 illa

411 3099 429 3130 ι
472 3081 583 3152 γὰρ
602 3081 689 3135 διὰ
718 3081 816 3152 τὴν
844 3084 900 3134 ὲν
926 3082 1125 3135 ἅπασιν
1150 3082 1326 3150 λόγοις
1354 3098 1414 3134 τε
1476 3082 1571 3135 καὶ
1602 3080 1781 3152 ἔργοις
1824 3082 1981 3153 ἀκρι-

2089 3109 2107 3141 ι
2154 3106 2275 3159 quae
2301 3074 2523 3160 propria
2559 3100 2705 3144 sunt.
2768 3089 3025 3142 Neutrum
3071 3090 3333 3149 istorum,
3366 3100 3431 3139 ex
3469 3074 3664 3137 Asterii

412 3194 428 3222 ι
472 3174 538 3245 ϐῆ
567 3174 907 3245 συμφωνίαν,
944 3174 1020 3237 ὡς
1048 3175 1209 3237 αὐτὸς
1233 3174 1531 3245 γέγραφεν,
1557 3176 1586 3227 ό
1615 3175 1807 3244 Σωτὴρ
1835 3174 1982 3245 εἴρη-

2092 3202 2109 3233 ι
2158 3183 2451 3247 sententia,
2511 3191 2658 3235 recte
2706 3182 2921 3234 dicitur.
2994 3178 3099 3233 Par
3145 3186 3201 3231 et
3257 3191 3468 3246 aequum
3521 3176 3665 3230 enim

412 3284 430 3313 ι
474 3282 590 3327 κεν,
622 3264 732 3332 ἐγὼ
763 3266 855 3317 καὶ
898 3267 926 3317 ό
972 3265 1161 3336 Πατὴρ
1202 3266 1260 3319 έν
1298 3268 1485 3335 ἐσμεν.
1566 3265 1774 3318 Οὐκοῦν
1820 3267 1869 3318 εί
1924 3255 2026 3319 έν⁴

2053 3293 2054 3303 π
2094 3295 2112 3324 ‹
2162 3276 2337 3327 fuerat
2380 3283 2769 3326 consonantem
2806 3272 3082 3339 aliquem,
3126 3269 3272 3323 nullo
3307 3270 3466 3322 modo
3495 3268 3559 3320 ad
3609 3281 3667 3319 se

415 3373 433 3403 ι
476 3354 702 3418 ἐκείνοις
727 3355 1053 3425 ἀσυμφωνία
1081 3374 1164 3418 τις
1189 3352 1279 3426 ἧν,
1315 3357 1525 3425 ἀνάγκη
1566 3356 1623 3409 δὲ
1650 3357 1740 3410 τὸν
1791 3357 1987 3410 δεσπό-

2095 3384 2113 3415 ‹
2161 3365 2562 3433 trahereLquie
2586 3365 2651 3417 de
2679 3363 2801 3431 jure
2833 3362 2992 3415 alteri
3039 3361 3438 3429 competebant,
3488 3358 3666 3411 avari-

416 3466 435 3497 ι
480 3464 581 3518 την
606 3448 910 3519 ἀληθεύειν,
956 3448 1046 3501 τὸν
1075 3448 1304 3520 Σωτῆρα
1331 3447 1573 3519 ἀκριϐῶς
1594 3447 1791 3500 εἰδέναι
1818 3465 1987 3519 προσ-

2167 3458 2294 3509 tiam
2326 3456 2527 3526 quippe
2566 3455 2665 3508 hoc
2689 3454 2929 3515 denotat,
2965 3453 3055 3507 sed
3094 3467 3212 3519 quae
3242 3451 3435 3505 utrivis
3471 3465 3665 3519 suppe-
3762 3506 3771 3516 ,

418 3555 435 3588 ι
471 3539 620 3606 ήκει,
650 3539 751 3601 ὅτι,
802 3538 963 3608 ἡνίκα
991 3538 1057 3592 ἂν
1097 3537 1237 3607 Ἐγὼ
1264 3538 1361 3591 καί
1394 3542 1427 3593 ό
1462 3537 1663 3604 Πατὴρ
1691 3538 1760 3590 έν
1780 3539 1985 3606 ἐσμεν,

2096 3567 2113 3599 ι
2164 3548 2368 3611 tebant,
2400 3547 2487 3601 illa
2514 3561 2633 3600 esse
2647 3544 2957 3599 communia
2982 3544 3256 3598 arbitrari.
3285 3544 3434 3597 Adeo
3464 3550 3522 3597 ut
3545 3558 3666 3597 cum

416 3647 435 3679 ι
474 3629 628 3703 λέγῃ,
662 3630 965 3702 τηνικαῦτα
998 3632 1098 3683 οὐκ
1132 3632 1210 3688 είς
1235 3630 1326 3683 τὸν
1352 3629 1635 3698 ἄνθρωπον
1674 3631 1729 3683 ὃν
1778 3630 1991 3701 ἀνείλη-

2097 3656 2115 3689 ι
2165 3639 2453 3693 humanam
2485 3652 2701 3692 carnem
2730 3636 3057 3701 intueamur,
3088 3652 3193 3689 non
3216 3633 3665 3703 quemadmodum

414 3739 435 3773 ι
475 3738 574 3791 φεν
628 3722 956 3776 ἀποϐλέπων
1008 3721 1168 3775 τοῦτό
1197 3739 1383 3793 φησιν,
1414 3722 1529 3774 ἀλλ’
1557 3724 1636 3785 είς
1661 3723 1751 3775 τὸν
1785 3723 1849 3775 ἐκ
1895 3722 1989 3775 τοῦ

2098 3746 2118 3777 ι
2167 3729 2408 3782 Asterius
2443 3728 2683 3796 scripsit,
2728 3726 3005 3780 Dominum
3030 3726 3266 3779 locutum
3308 3725 3667 3786 inveniamus,

418 3831 434 3861 ι
479 3802 689 3885 Πατρὸς
714 3814 1046 3885 προελθόντα
1075 3814 1265 3881 Λόγον.
1300 3815 1361 3866 Εί
1395 3815 1502 3885 γάρ
1533 3832 1617 3878 τις
1668 3815 1993 3884 ἀσυμφωνία

2101 3838 2117 3869 ι
2170 3818 2280 3887 Ego
2303 3827 2354 3872 et
2382 3817 2548 3871 Pater
2580 3834 2725 3871 meus
2765 3834 2923 3870 unum
2946 3832 3125 3869 sumus
3149 3832 3169 3881 ;
3196 3817 3240 3871 si
3268 3817 3411 3871 enim
3441 3816 3491 3870 id
3521 3816 3667 3871 vole—

419 3923 436 3954 ι
479 3899 620 3956 εἶναι
647 3904 852 3974 δοκοίη,
879 3904 1017 3976 αὕτη
1054 3905 1423 3976 ἀναφέρεσθαι
1456 3907 1535 3968 εἰς
1583 3905 1683 3976 τὴν
1726 3906 1826 3976 τῆς
1870 3923 1995 3974 σαρ-

2101 3932 2118 3960 ι
2166 3912 2277 3975 bat,
2312 3911 2536 3964 omnino
2561 3911 2791 3973 diceret,
2840 3909 2950 3981 Ego
2994 3918 3048 3963 et
3096 3908 3259 3963 Pater
3307 3909 3363 3962 in
3419 3908 3671 3963 omnibus

420 4012 437 4041 ι
480 3992 575 4057 κὸς
601 3994 886 4049 ἀσθένειαν
918 3996 1141 4064 ὀφείλει,
1174 3998 1237 4066 ἣν
1265 3997 1338 4068 μὴ
1370 3997 1632 4067 πρότερον
1687 3997 1823 4067 ἔχων
1854 3997 1995 4049 ἀνεί-

2100 4023 2117 4055 σ
2170 4005 2314 4057 inter
2348 4018 2445 4057 nos
2494 4003 2869 4072 conspiramus
2900 4019 2914 4056 :
2947 4012 3000 4057 at
3051 4018 3191 4057 nunc
3235 4002 3406 4067 dixit,
3460 4000 3572 4071 Ego
3619 4012 3668 4054 et

422 4103 442 4134 ι
479 4085 647 4156 ληφεν
679 4087 708 4138 ό
741 4087 1011 4155 Λόγος.Εί
1032 4086 1086 4139 δὲ
1116 4087 1305 4157 ἑνότης
1336 4087 1545 4155 λέγοιτο
1568 4087 1729 4159 αῦτη,
1765 4087 1845 4159 τῷ
1892 4088 1996 4141 Λό-

2102 4116 2119 4144 ι
2174 4094 2338 4149 Pater
2378 4112 2541 4149 unum
2587 4112 2784 4149 sumus.
2840 4095 3006 4163 Igitur
3053 4095 3098 4149 si
3165 4093 3343 4162 aliqua
3385 4094 3527 4147 inter
3579 4108 3671 4147 eos

422 4198 436 4226 ι
472 4194 552 4248 γῳ
592 4178 923 4250 διαφέρουσα
948 4181 1217 4248 φαίνεται.
1250 4180 1411 4233 Ὅθεν
1431 4181 1492 4233 οὐ
1531 4180 1690 4249 μόνον
1727 4180 1808 4243 τὸ,
1850 4180 1996 4249 Ἐγὼ

2102 4208 2118 4237 ι
2167 4190 2463 4243 exstitisset
2504 4189 2954 4249 inconsonantia,
3007 4196 3061 4240 et
3113 4184 3227 4241 ﬁeri
3296 4193 3554 4255 nequeat,
3613 4194 3672 4238 ut

420 4288 439 4319 ‹
475 4268 573 4321 καὶ
601 4272 634 4322 ό
660 4270 864 4338 Πατὴρ
901 4271 1193 4340 ἓνέσμεν,
1233 4272 1461 4334 εἰκότως
1485 4271 1611 4342 ἔφη,
1640 4272 1773 4325 ἀλλά
1808 4273 1997 4325 κάκεῖ-

2104 4301 2120 4330 ι
2173 4281 2431 4334 Dominus
2476 4281 2821 4345 mentiretur,
2853 4290 3004 4333 certe
3032 4287 3115 4333 est
3146 4292 3368 4333 necesse
3399 4277 3670 4346 intelliga-

421 4378 439 4409 ι
483 4377 562 4421 νο,
596 4362 867 4428 Τοσούτῳ
887 4364 1087 4431 χρόνῳ
1096 4363 1226 4431 μεθ’
1243 4361 1411 4432 ὑμῶν
1434 4366 1570 4432 ειμι,
1595 4362 1873 4426 Φίλιππε,
1900 4363 1995 4416 καὶ

2104 4390 2121 4421 ι
2176 4386 2295 4425 mus
2323 4371 2691 4432 Servatorcm,
2746 4387 2867 4424 cum
2917 4372 3139 4438 diceret,
3183 4376 3241 4434 ὦ
3283 4369 3395 4440 Ego
3424 4380 3470 4424 et
3515 4367 3672 4422 Pam

376 4462 381 4463 '
421 4468 438 4499 ι
481 4450 695 4519 λέγεις,
712 4451 920 4517 Δεῖξόν
937 4471 1037 4521 μοι
1070 4454 1175 4506 τὸν
1197 4455 1447 4521 Πατέρα.
1473 4455 1663 4524 Δῆλον,
1687 4457 1768 4508 ὅτι
1790 4457 1851 4509 οὐ
1876 4453 1990 4507 τού-

2104 4484 2125 4514 ι
2170 4481 2330 4517 unum
2360 4480 2565 4528 sumus,
2592 4464 2695 4518 hoc
2728 4479 2833 4518 non
2858 4463 3057 4517 dixisse
3085 4477 3151 4516 ex
3198 4462 3388 4516 intuitu
3413 4460 3667 4523 hominis,

423 4559 440 4590 ι
472 4558 586 4605 τοις
616 4544 729 4606 τοῖς
757 4542 1083 4613 ὀφθαλμοῖς,
1117 4544 1250 4598 ἀλλὰ
1292 4548 1404 4607 τοῖς
1442 4549 1654 4617 νοητοῖς
1706 4546 1775 4600 τά
1830 4552 1995 4619 νοητά
2030 4589 2037 4642 Ι

2052 4589 2073 4642 )
2108 4572 2127 4605 ι
2173 4568 2333 4622 quem
2362 4554 2688 4623 assumpsit,
2726 4556 2817 4609 sed
2846 4554 3007 4608 Verbi
3053 4569 3083 4608 e
3129 4553 3289 4608 Patre
3334 4552 3666 4622 prodeuntis.

425 4655 441 4686 ι
479 4638 610 4708 όρᾷν
635 4637 971 4710 δυναμένοις.
1013 4640 1267 4709 ’Λόρατος
1327 4639 1435 4711 γὰρ
1489 4643 1599 4703 τοῖς
1647 4640 1747 4711 τῆς
1794 4637 2039 4715 σαρκὸς⁵

2054 4637 2062 4641 ’
2108 4667 2131 4697 ι
2174 4647 2308 4700 Nam
2336 4646 2380 4700 si
2414 4648 2591 4716 aliqua
2639 4646 2966 4715 deprehendi
3015 4644 3424 4699 inconsonantia
3468 4653 3668 4714 posset,

425 4746 440 4775 ι
479 4726 718 4797 ὄμμασιν
746 4729 775 4781 ὃ
795 4746 854 4782 τε
885 4731 1075 4801 Πατὴρ
1104 4732 1356 4805 ὑπάρχει,
1392 4734 1483 4785 καὶ
1508 4738 1536 4787 6
1580 4735 1771 4786 τούτου
1799 4735 1990 4803 Λόγος.

2107 4759 2125 4790 ι
2177 4739 2333 4792 debet
2370 4739 2455 4792 illa
2492 4738 2682 4793 referri
2711 4739 2927 4808 quidem
2953 4739 3018 4791 ad
3065 4739 3248 4793 carnis
3274 4738 3669 4803 infirmitatem,

424 4838 439 4866 ι
475 4820 548 4871 Οὐ
572 4818 662 4871 διὰ
690 4819 789 4891 τὴν
817 4821 876 4874 ὲν
911 4821 1115 4875 ἆπασιν
1166 4819 1257 4876 οὖν
1308 4824 1625 4894 συμφωνίαν
1685 4825 1829 4879 τοῦτ’
1888 4826 1992 4897 ἔφη

2107 4846 2125 4878 ι
2172 4843 2332 4894 quam
2371 4843 2490 4882 cum
2530 4828 2678 4897 prius
2709 4842 2811 4880 non
2841 4826 3109 4893 haberet,
3145 4827 3384 4895 suscepit
3410 4824 3668 4880 Verbum.

427 4928 442 4957 ι
478 4909 610 4980 πρὸς
640 4910 924 4964 Φίλιππον.
968 4932 986 4964 ι
1020 4912 1269 4967 Τοσαῦτα
1318 4913 1508 4977 εἰπὼν,
1540 4915 1895 4969 ὲπαναλαὸὼν
1935 4916 1994 4981 ἐξ

2107 4938 2124 4971 ι
2173 4919 2324 4986 Quod
2369 4921 2412 4975 si
2462 4920 2641 4973 unitas
2697 4920 2811 4974 haec
2844 4918 3075 4985 dicatur,
3142 4929 3289 4973 certe
3330 4920 3544 4972 videtur
3604 4918 3670 4971 ad

423 4998 671 5071 ὑπαρχῆς
715 5002 807 5055 τὸν
850 5002 1009 5071 λόγον
1036 5045 1050 5067 ,
1106 5003 1294 5058 τοῦτον
1346 5005 1660 5076 δογματίζει
1728 5007 1818 5062 τὸν
1873 5010 1996 5079 τρό-

2105 5025 2123 5056 σ
2189 5007 2418 5061 Verbum
2448 5020 2568 5061 esse
2594 5008 2897 5061 referenda.
2928 5007 3080 5063 Unde
3114 5024 3219 5062 non
3266 5009 3405 5062 istud
3437 5016 3669 5069 tantum,

424 5105 521 5140 πον
541 5107 553 5119 ·
586 5110 603 5141 ι
638 5092 748 5162 Πρὸ
769 5095 877 5164 γὰρ
904 5094 1006 5165 τῆς
1039 5094 1397 5167 δημιουργίας
1433 5098 1651 5169 ἁπάσης
1681 5101 1879 5170 ἡσυχία
1912 5117 1995 5165 τις

2105 5117 2123 5149 ι
2178 5098 2286 5167 ligo
2314 5107 2363 5151 et
2394 5096 2559 5153 Pater
2584 5115 2745 5152 unum
2771 5115 2986 5162 sumus,
3034 5101 3228 5155 merito
3257 5099 3459 5153 dictum
3492 5108 3576 5153 est
3603 5100 3670 5152 ab

429 5199 445 5227 ο
484 5176 571 5248 ἦν,
603 5183 678 5245 ὡς
703 5184 867 5248 εἰκὸς,
895 5186 1045 5248 ὄντος
1078 5186 1188 5256 (45)
1229 5189 1287 5240 έν
1325 5187 1401 5257 τῷ
1443 5188 1561 5258 Θεῷ
1590 5188 1683 5241 τοῦ
1713 5190 1906 5260 Λόγου.
1933 5193 1996 5245 Εἰ

2106 5209 2125 5241 ‹
2181 5190 2292 5256 ἱΙΙο,
2320 5192 2413 5244 sed
2441 5191 2584 5245 aliud
2618 5191 2839 5261 insuper
2876 5207 2888 5243 :
2919 5191 3087 5245 Tanto
3136 5202 3359 5259 tempore
3395 5190 3473 5258 fui
3503 5190 3672 5243 vobis-

428 5291 446 5322 ι
481 5272 586 5342 γὰρ
645 5274 871 5346 ποιητὴν
901 5278 1158 5331 ἁπάντων
1186 5277 1277 5331 τὸν
1310 5279 1441 5332 Θεὸν
1470 5283 1497 5333 6
1524 5280 1800 5351 Ἀστέριος
1832 5282 1996 5334 πεπί-

2107 5300 2126 5331 ι
2177 5297 2316 5347 cum,
2364 5279 2627 5350 Philippe,
2649 5292 2697 5335 et
2719 5294 2774 5335 tu
2802 5283 2961 5336 dicis:
2989 5283 3216 5339 Ostende
3239 5284 3364 5337 mihi
3384 5284 3670 5341 Patrem".

376 5513 396 5535 .
500 5440 556 5497 »Β
604 5434 701 5488 Ed;
734 5435 930 5501 Paris.,
966 5455 1090 5510 pag.
1117 5442 1208 5496 59.
1290 5442 1337 5474 "‘
1360 5442 1517 5498 Joan.
1546 5459 1597 5505 ν,
1630 5444 1717 5499 50.
1796 5446 1843 5478 ⁸⁵
1864 5448 1982 5501 Act.

1360 5442 1517 5498 Joan.
1546 5459 1597 5505 ν,
1630 5444 1717 5499 50.
1796 5446 1843 5478 ⁸⁵
1864 5448 1982 5501 Act.
2017 5464 2076 5510 ll,
2108 5449 2210 5506 M:
2238 5463 2309 5513 tv,
2350 5447 2438 5501 '52.
2518 5448 2564 5479 “
2598 5446 2754 5503 Joan.
2797 5447 2961 5508 xnv,9.

457 5617 606 5701 J52)
645 5616 914 5700 Δ[νομίζειν
941 5623 1321 5701 ὁμαλόν-των.
1349 5628 1608 5701 ξΟφείλει.
1633 5630 1835 5701 statim,
1862 5630 2000 5701 forte

1349 5628 1608 5701 ξΟφείλει.
1633 5630 1835 5701 statim,
1862 5630 2000 5701 forte
2110 5631 2446 5687 intermediis
2474 5647 2592 5699 (ιιιὲιέ
2619 5632 2772 5685 codd.
2801 5634 2947 5685 dant.

422 5688 521 5769 τῆς
548 5688 719 5773 αὐτῇς
763 5688 1310 5773 κοινωνίας,.;ιιιι-τῆς
1348 5688 1468 5773 ἴσης
1502 5717 1555 5752 κ.
1583 5699 1769 5773 μηκᾶν
1798 5688 1876 5773 είς
1906 5700 1998 5773 δῦο

2182 5702 2291 5771 (45)
2314 5688 2503 5773 Vulgo.
2518 5701 2668 5764 ὄντος
2701 5712 2820 5773 post
2849 5702 3031 5773 Λόγου
3049 5710 3103 5773 et
3136 5700 3261 5773 dein
3290 5695 3427 5773 slva}.
3462 5700 3543 5773 ὅτι
3578 5702 3671 5755 καὶ

428 5757 523 5841 ῦπ.
554 5757 600 5838 δί
622 5757 690 5841 Μ.
717 5792 783 5841 Τ
800 5761 971 5841 Silpia
1008 5764 1162 5832 vulgo
1187 5757 1484 5841 ἐπαινοῦσα
1506 5757 1724 5841 etrittl‘ra
1750 5757 1996 5841 νυνῖμὲν

1913 5771 1996 5823 ιὲν
2110 5757 2356 5841 συνομολ.
2387 5757 2452 5840 i3:-
2475 5757 2716 5835 αὐτόςέἰ
2748 5771 2922 5824 πάντα
2938 5757 3217 5833 ’ἐνάῦτοῖς
3242 5768 3345 5823 ὑπὸ
3373 5769 3527 5823 Θεοῦ.

430 5826 489 5878 ὲν
532 5827 605 5895 τῷ
631 5838 684 5883 et
720 5826 1185 5901 dmoﬁkénopev'et
1216 5835 1275 5886 έν
1306 5837 1471 5905 ὲσμεν
1494 5853 1505 5864 ·
1536 5840 1585 5891 εί
1636 5840 1743 5909 γάρ
1783 5826 2001 5897 mitissis
