4088 6462
474 379 571 438 791

1176 383 1445 441 EUSEBII
1483 385 1958 443 CESARIENSIS
1994 386 2144 443 OPP.
2185 385 2369 442 PARS
2407 385 2497 442 IV.
2536 388 3038 446 -—DOGMATICA.

3612 390 3716 445 79?.

477 515 497 549 ι
544 495 809 554 Nimirum
845 513 950 554 non
979 497 1096 554 istis
1130 507 1338 554 tantum
1365 500 1558 565 oculis,
1585 503 1676 555 sed
1709 501 2027 557 intellectua-

2150 517 2168 549 ι
2211 518 2435 556 στευκεν
2472 497 2608 556 εἶναι
2629 544 2643 569 ,
2682 501 2838 573 δῆλον
2867 501 2948 554 ὅτι
2979 500 3395 574 συνομολογήσει
3427 500 3558 572 ἡμῖν
3625 500 3720 554 καὶ

476 609 496 641 ι
555 591 715 656 libus,
748 590 1101 661 i-ntelligibilia
1157 592 1248 660 qui
1313 607 1541 647 cernere
1598 603 1848 662 possunt.
1901 594 2035 649 Nam

477 701 496 732 ι
541 684 818 750 corporeis
843 682 1014 737 oculis
1043 681 1334 737 invisibilis
1378 693 1470 737 est
1507 692 1563 736 et
1599 683 1758 739 Pater
1785 694 1840 740 et
1865 683 2038 740 Patris

477 793 494 823 ι
543 773 798 830 Verbum.
840 772 955 829 Non
1003 774 1171 844 igitur
1210 776 1277 829 ad
1315 775 1458 831 hunc
1505 777 1724 830 modum
1771 775 2038 831 allocutus

473 885 490 915 ι
535 873 619 918 est
643 864 970 935 Philippum,
1016 875 1241 936 propter
1291 865 1439 920 illam
1491 866 1544 921 in
1578 867 1807 937 singulis
1841 881 2036 922 conso-

472 979 488 1006 ι
539 958 800 1012 uantiam.
840 976 859 1010 ι
919 958 1212 1028 Postquam
1261 967 1370 1012 tam
1415 958 1598 1014 multis
1649 960 1766 1014 haec
1805 960 2035 1024 dixerat,

466 1058 741 1120 resumpto
790 1036 860 1106 ab
908 1050 1063 1106 initio
1122 1065 1370 1107 sermone
1403 1091 1420 1116 ,
1473 1051 1541 1107 ad
1604 1052 1750 1106 hunc
1817 1052 2035 1106 modum

466 1141 792 1207 dogmatizat
825 1161 841 1198 :
881 1140 972 1214 [ιι.
1015 1140 1154 1198 XCII
1185 1142 1312 1199 coll.
1378 1158 1432 1214 p.
1509 1142 1614 1199 IOI
1648 1141 1732 1211 D,
1785 1142 1887 1198 I06
1931 1142 2034 1216 8.]

469 1231 654 1286 «Ante
724 1247 939 1287 omnem
1015 1249 1197 1288 rerum
1261 1235 1672 1304 productionem
1735 1245 1893 1299 erat,
1978 1244 2038 1290 ut

470 1338 489 1368 ι
534 1334 634 1388 par
658 1331 742 1375 est
770 1322 1016 1389 credere,
1070 1326 1228 1393 quies
1279 1325 1332 1378 in
1376 1324 1507 1390 Deo,
1547 1326 1846 1381 exsistente
1897 1327 2037 1395 apud

470 1427 488 1458 ι
535 1423 658 1464 eum
693 1411 840 1467 intus
873 1413 1066 1468 Verbo.
1113 1412 1247 1468 Nam
1279 1417 1322 1469 si
1354 1416 1597 1470 omnium
1631 1430 1812 1469 rerum
1847 1417 2036 1471 condi-

469 1519 490 1552 ι
536 1511 705 1558 torem
743 1518 864 1560 esse
891 1503 1059 1560 Deum
1091 1506 1338 1562 Asterius
1380 1507 1553 1563 credit
1592 1508 1688 1579 (id
1740 1509 1880 1578 quod
1923 1510 2038 1579 ipse

468 1611 487 1642 ι
539 1593 816 1648 nobiscum
841 1610 948 1650 una
977 1597 1363 1653 conﬁtebituri
1393 1599 1563 1653 Deum
1597 1597 1853 1655 nimirum
1896 1614 2040 1655 sem-

468 1702 487 1734 ι
533 1699 629 1753 per
650 1685 1006 1741 exsistentem
1033 1688 1248 1744 initium
1276 1705 1389 1745 suae
1410 1691 1714 1747 existentiae
1739 1706 1844 1746 non
1879 1691 2040 1747 sorti-

2145 611 2163 643 ι
2205 593 2367 657 αὐτάς
2390 609 2406 624 ο
2433 593 2524 646 τὸν
2555 595 2655 664 μὲν
2695 595 2782 647 ἀεὶ
2818 593 3102 663 ὑπάρχειν,
3134 593 3265 664 μηδὲ
3299 592 3519 645 πώποτε
3583 587 3718 644 εἶναι

2143 704 2160 736 ι
2187 686 2364 757 ἀρχὴν
2397 685 2630 740 λαϐόντα
2655 703 2668 715 ·
2702 687 2768 739 τὰ
2801 686 2857 739 δὲ
2891 684 3244 756 γεγεννῆσθαί
3284 701 3344 738 τε
3397 685 3488 737 ὑπ’
3525 681 3715 740 αὑτοῦ.

2143 797 2160 828 ι
2203 779 2298 831 καὶ
2330 778 2390 843 ἐξ
2413 779 2513 832 ούκ
2537 779 2708 832 όντων
2753 777 3129 846 γεγεννῆσθαι.
3178 776 3254 830 Oi)
3280 776 3388 847 γάρ
3415 771 3569 846 οἶμαι
3625 775 3718 827 καὶ

2143 887 2160 920 ι
2200 869 2358 924 τοῦτο
2380 869 2655 923 πιστεύειν
2685 870 2847 923 αὑτὸν
2871 870 2950 939 τῷ
2996 867 3205 937 λέγοντι
3259 864 3397 921 εἷναί
3441 882 3567 920 τινα
3626 865 3719 917 καὶ

2143 979 2162 1012 ι
2202 961 2471 1032 ἀγέννητα
2495 977 2510 992 ·
2543 960 2679 1015 ἀλλά
2715 960 2957 1032 ἀκριϐῶς
2994 958 3316 1022 πεπεῖσθαι,
3351 959 3436 1012 ὅτι
3487 957 3718 1028 οὐρανός

2142 1073 2161 1104 ι
2199 1070 2260 1106 τε
2293 1054 2386 1107 καὶ
2419 1053 2490 1123 γῆ
2519 1054 2613 1107 καὶ
2642 1051 2818 1106 πάντα
2862 1051 2931 1105 τὰ
2963 1053 3021 1103 ἐν
3050 1050 3297 1121 οὐρανοῖς
3338 1049 3434 1102 καὶ
3479 1047 3572 1100 ἐπὶ
3615 1046 3717 1115 γῆς

2143 1160 2161 1192 ι
2197 1141 2326 1195 ὅντα
2370 1142 2474 1195 ὑπὸ
2517 1142 2652 1196 Θεοῦ
2707 1142 3052 1211 γεγέννηται.
3086 1141 3149 1193 El
3215 1138 3394 1192 τοίνυν
3430 1137 3590 1191 τοῦτο
3625 1153 3716 1188 πι-

2143 1252 2160 1284 ι
2210 1232 2410 1297 στεύοι,
2447 1232 2660 1303 ἀνάγκη
2708 1233 2870 1286 αὐτὸν
2913 1233 3134 1285 κάκεῖνο
3189 1230 3594 1300 συνομολογεῖν,
3635 1228 3717 1280 ὅτι

2143 1341 2162 1373 ι
2205 1323 2342 1394 πλὴν
2362 1323 2497 1376 Θεοῦ
2530 1323 2680 1377 οὐδὲν
2700 1323 2886 1393 ἕτερον
2929 1319 3016 1394 ἦν.
3057 1319 3216 1394 Εἷχεν
3244 1317 3336 1375 οὖν
3373 1321 3474 1392 τὴν
3513 1319 3716 1372 οίκείαν

2144 1433 2164 1467 ι
2207 1416 2364 1482 δόξαν
2396 1417 2424 1469 ὁ
2455 1417 2646 1485 Λόγος,
2680 1417 2755 1470 ὢν
2781 1418 2840 1469 ἐν
2865 1415 2946 1487 τῷ
2983 1415 3177 1488 Πατρί.
3217 1434 3237 1469 ι
3286 1414 3399 1468 Καὶ
3443 1410 3614 1465 ταῦτα
3647 1411 3715 1463 εί-

2137 1505 2288 1572 πὼν,
2343 1507 2537 1576 ἐπάγει
2595 1507 2710 1578 μεθ’
2773 1507 2937 1579 ἐτερα
2965 1525 2978 1538 ο
3043 1525 3061 1558 ι
3091 1509 3202 1579 Τὴν
3243 1505 3489 1560 δοθεῖσαν
3569 1502 3719 1572 αὐτῷ

2145 1613 2164 1648 ι
2201 1596 2448 1662 ἐξουσίαν
2486 1596 2760 1668 Ἀστέριος
2785 1598 2943 1664 δόξαν
2976 1595 3267 1667 ὀνομάζειο
3313 1593 3408 1646 καὶ
3461 1592 3518 1646 οὐ
3562 1590 3718 1655 δόξαν

2143 1705 2162 1738 t
2207 1686 2387 1758 μόνον,
2440 1686 2575 1741 ἀλλά
2637 1689 2731 1742 καὶ
2764 1690 3098 1760 προκόσμιον
3139 1687 3316 1755 δόξαν,
3341 1687 3442 1738 οὐκ
3483 1683 3678 1736 ἐννοῶν
3700 1722 3716 1746 ,

468 1793 487 1824 ι
533 1785 645 1827 tum
694 1794 708 1830 :
749 1787 948 1834 caetera
1001 1779 1220 1848 quidem
1276 1782 1455 1848 omnia
1512 1783 1580 1837 ab
1628 1783 1720 1838 illo
1777 1784 2027 1854 producta

2143 1797 2162 1831 ι
2198 1779 2301 1844 ὅτι,
2336 1779 2501 1851 μήπω
2533 1778 2628 1832 τοῦ
2658 1781 2866 1853 κόσμου
2897 1781 3202 1850 γεγονότος,
3237 1778 3390 1832 οὐδὲν
3437 1777 3622 1848 ἕτερον
3649 1772 3719 1847 ἦν

468 1885 487 1916 ι
534 1865 721 1932 fuisse,
759 1879 815 1923 et
840 1869 1058 1938 quidem
1089 1872 1348 1940 producta
1375 1875 1440 1929 de
1472 1874 1663 1932 nihilo.
1684 1850 1871 1946 Neque
1891 1877 2027 1932 enim

2145 1889 2164 1923 ι
2209 1871 2348 1946 πλὴν
2391 1850 2528 1926 Θεοῦ
2593 1850 2776 1945 μόνουξ
2818 1893 2836 1928 ι
2875 1875 3042 1927 Ταῦτ’
3083 1871 3253 1926 εἰπὼν
3293 1872 3322 1924 ὀ
3373 1869 3715 1940 Μάρκελλος,

466 1975 486 2007 ι
535 1959 720 2024 credo,
769 1968 823 2015 et
873 1961 1001 2017 illud
1061 1963 1404 2033 prolessurus
1457 1975 1562 2032 est,
1617 1983 1740 2024 esse
1785 1969 2032 2038 quaedam

467 2065 484 2096 ι
534 2047 798 2117 ingenita,
848 2065 950 2105 nec
1005 2051 1216 2107 dicturo
1273 2055 1580 2110 crediturus
1622 2075 1636 2111 :
1684 2057 1777 2112 sed
1834 2058 2035 2114 habere

466 2153 484 2184 ι
533 2139 1030 2205 persuasissimum,
1061 2141 1286 2208 coelum,
1313 2153 1540 2211 terram,
1577 2157 1632 2200 et
1662 2147 1846 2203 omnia
1880 2148 1932 2203 in
1965 2149 2033 2204 iis

465 2244 484 2277 ι
529 2240 560 2280 a
606 2227 715 2282 Deo
761 2229 928 2286 luisse
970 2231 1265 2303 producta)
1292 2233 1337 2288 si
1365 2237 1588 2300 credat,
1620 2237 1863 2311 inquam,
1906 2238 2033 2304 ista,

462 2335 486 2368 ο
531 2332 754 2374 necesse
782 2331 868 2376 est
895 2331 955 2376 ut
983 2321 1113 2378 illud
1146 2325 1309 2379 simul
1333 2327 1678 2392 conﬁteatur,
1712 2330 1848 2385 nihil
1881 2346 2035 2400 pror-

463 2427 483 2460 «
528 2424 623 2465 ειη
663 2411 810 2466 aliud
852 2424 1046 2484 praeter
1091 2415 1260 2470 Deum
1315 2418 1616 2474 exstitisse.
1681 2419 1856 2477 Habet
1902 2437 2034 2492 ergo

463 2517 482 2551 ι
531 2501 796 2570 privatam
840 2519 992 2560 suam
1036 2507 1327 2576 quamdam
1357 2509 1668 2576 opinionem
1702 2525 1882 2566 sermo
1908 2513 2030 2575 iste,

463 2610 482 2644 ι
528 2594 802 2651 exsistens
830 2596 882 2650 in
915 2595 1076 2652 Patre
1111 2614 1230 2654 suo.
1258 2618 1277 2652 ι
1315 2599 1438 2654 Haec
1481 2609 1766 2670 postquam
1799 2602 2030 2669 dixerat,

454 2685 723 2742 subintert
768 2689 950 2744 statim
982 2687 1074 2760 [Β.
1102 2688 1285 2760 XCIII]
1316 2709 1330 2746 :
1363 2708 1381 2742 ι
1411 2692 1736 2748 Concessatn
1778 2694 1852 2748 illi
1883 2704 2035 2764 pote-

460 2793 480 2825 ι
527 2784 746 2842 statem,
789 2779 1019 2850 gloriam
1051 2781 1300 2838 Asterius
1325 2785 1664 2851 nominavit;
1713 2801 1813 2842 nec
1836 2789 2036 2843 solum-

459 2885 478 2919 ι
521 2868 681 2925 modo
718 2869 968 2939 gloriam,
1022 2874 1119 2927 sed
1170 2885 1226 2929 et
1267 2878 1724 2933 antemundanam
1757 2881 2031 2950 gloriam:

459 2976 480 3010 ι
531 2975 635 3014 non
667 2961 1127 3031 animadvertens,
1153 2973 1279 3020 ante
1298 2969 1553 3022 mundum
1573 2969 1873 3036 conditum,
1901 2987 2035 3041 pra:-

458 3066 479 3104 ι
528 3057 612 3104 ter
639 3065 806 3105 unum
837 3051 1011 3107 solum
1044 3053 1213 3109 Deum
1249 3057 1526 3112 exstitisse
1563 3060 1788 3115 omnino
1817 3063 1971 3116 nihil.
2010 3083 2029 3117 ι

2134 1963 2230 2017 καὶ
2267 1963 2360 2017 τὸν
2414 1963 2542 2019 Υίὸν
2592 1964 2659 2018 δι’
2714 1965 2892 2019 αὐτῶν
2943 1961 3426 2037 ἀπαρακαλύπτως
3481 1962 3719 2034 ἀρνησά-

2137 2069 2295 2124 μενος
2317 2093 2332 2117 ,
2367 2054 2454 2106 ἵνα
2502 2055 2650 2125 ἡμᾶς
2680 2055 2923 2127 ἀκριϐῶς
2971 2056 3134 2127 πείσῃ
3155 2096 3170 2120 ,
3227 2056 3407 2108 ὁποῖον
3445 2048 3578 2105 εἶναι
3624 2052 3716 2104 τὸν

2133 2143 2305 2214 Λόγον
2337 2144 2430 2198 τοῦ
2469 2145 2602 2199 Θεοῦ
2653 2147 2889 2218 ἐφρόνει,
2919 2147 3261 2218 σαφέστερον
3318 2145 3568 2216 ἐμφαίνει
3615 2144 3715 2212 τὴν

2131 2236 2390 2301 διάνοιαν,
2428 2236 2506 2308 τῷ
2543 2237 2796 2309 ἡμετέρῳ
2853 2238 2998 2309 λόγῳ
3051 2236 3370 2300 ἀπεικάζων
3411 2235 3571 2288 αὑτὸν
3597 2275 3612 2298 ,
3646 2233 3712 2287 δι’

2132 2319 2208 2382 ὧν
2271 2327 2443 2382 ταῦτα
2509 2329 2749 2400 γράφει·
2829 2348 2848 2382 ι
2895 2330 3107 2401 ’Ὥσπερ
3173 2329 3282 2401 γάρ
3337 2328 3406 2382 τὰ
3459 2327 3718 2396 γεγονότα

2141 2437 2160 2470 ι
2197 2419 2374 2474 πάντα
2428 2421 2533 2475 ὑπὸ
2582 2421 2678 2476 τοῦ
2707 2422 2922 2494 Πατρὸς
2962 2421 3050 2476 διὰ
3082 2421 3176 2475 τοῦ
3223 2421 3398 2489 Λόγου
3451 2419 3716 2489 σημαίνε-

2141 2529 2159 2563 ι
2198 2529 2288 2566 ται
2306 2513 2438 2583 (44).
2489 2513 2588 2566 Διά
2635 2513 2794 2567 τοῦτο
2831 2513 2941 2585 γὰρ
2983 2515 3121 2568 καὶὸ
3150 2511 3446 2581 ἁγιώτατος
3477 2509 3718 2578 Μωῦσῆς

2142 2623 2161 2656 ι
2197 2602 2426 2673 ἄγγελον
2451 2604 2684 2658 ἐνταῦθα
2720 2603 2977 2674 ὀνομάζει
2999 2605 3090 2658 τὸν
3140 2607 3331 2674 Λόγον,
3359 2605 3439 2658 ὅτι
3472 2603 3538 2655 δι’
3565 2601 3718 2654 οὐδὲν

2140 2711 2159 2743 ι
2197 2693 2385 2765 ἕτερον
2437 2695 2632 2765 ἐφάνη,
2689 2694 2804 2748 ἀλλ’
2850 2696 2936 2748 ἵνα
2988 2696 3286 2768 ἀναγγείλῃ
3319 2694 3398 2765 τῷ
3442 2695 3669 2747 Μωῦσεί
3702 2733 3716 2760 ,

2143 2798 2162 2831 ι
2202 2781 2377 2840 ταῦτα
2398 2783 2542 2853 ἅπερ
2575 2783 2872 2838 λυσιτελεῖν
2897 2787 3009 2848 τοῖς
3035 2787 3170 2848 υἱοῖς
3185 2783 3403 2856 Ἰσραὴλ
3425 2783 3715 2853 ἡπίστατο¹

2141 2891 2160 2924 ι
2203 2873 2470 2942 ἠπίστατο
2530 2874 2588 2930 δέ
2628 2874 2922 2929 λυσιτελεῖν
2976 2877 3070 2930 ἕνα
3106 2877 3238 2930 Θεὸν
3276 2872 3414 2931 εἶναι
3454 2874 3715 2945 νομίζειν.

2142 2981 2162 3016 ‹
2202 2963 2292 3022 Διὸ
2353 2967 2448 3018 καὶ
2508 2967 2646 3036 πρὸς
2679 2967 2861 3030 αὐτὸν,
2911 2969 3052 3038 Ἐγώ
3094 2970 3205 3038 ειμι
3240 2971 3273 3023 ὀ
3320 2966 3424 3031 ὢν,
3466 2966 3592 3036 ἐφη,
3630 2966 3717 3019 ἵνα

2143 3074 2160 3105 ι
2201 3055 2405 3126 μηδένα
2459 3057 2618 3122 ἐκτὸς
2654 3058 2848 3112 ἐαυτοῦ
2896 3059 3081 3130 ἓτερον
3131 3059 3264 3113 Θεὸν
3300 3055 3439 3132 εἶναι
3506 3057 3713 3130 διδάξῃ.

450 3136 577 3194 Ιίεο
607 3139 900 3198 Marcellus
929 3145 1017 3200 ubi
1049 3145 1289 3212 dixerat,
1341 3158 1395 3203 et
1447 3151 1568 3205 sine
1604 3151 1714 3212 ullo
1767 3163 2027 3222 prtetextu

2144 3162 2160 3194 t
2198 3144 2368 3199 Τοῦτο
2399 3147 2601 3219 ῥᾴδιον,
2632 3144 2806 3220 οἶμαι,
2840 3151 2954 3214 τοῖς
2975 3150 3296 3221 εὐφρονοῦσι
3315 3191 3330 3217 ,
3354 3151 3450 3204 καὶ
3482 3150 3592 3204 ἀπὸ
3621 3168 3713 3221 μι-

451 3245 549 3299 per
583 3231 669 3287 illa
695 3233 891 3290 Filium
924 3235 1307 3309 abnegaverat,
1340 3250 1398 3292 ut
1429 3241 1584 3297 nobis
1622 3243 1872 3299 redderet
1907 3260 2032 3315 per-

451 3323 853 3394 suasissimum,
878 3326 1167 3396 qualenam
1207 3329 1300 3385 Dei
1338 3328 1570 3385 Verbum
1613 3332 2025 3404 imaginaretur,

449 3418 686 3465 mentem
718 3426 872 3468 suam
909 3415 1082 3486 aperit
1116 3416 1408 3473 dilucidius
1465 3420 1642 3475 adhuc
1667 3460 1682 3486 ,
1733 3433 1789 3478 et
1839 3434 2029 3482 nostro

446 3502 614 3558 verbo
641 3505 909 3561 assimilat
951 3522 1046 3577 per
1073 3509 1255 3564 omnia
1278 3551 1294 3576 ,
1335 3510 1389 3566 in
1425 3511 1492 3566 iis
1524 3529 1648 3583 qua:
1683 3515 1753 3568 ita
1797 3517 2022 3573 scribit:

449 3593 539 3664 [Β.
577 3593 667 3650 LV
696 3596 818 3651 coll.
850 3612 902 3667 p.
935 3599 1004 3654 79
1036 3597 1098 3663 Β,
1128 3599 1230 3656 III
1269 3598 1336 3664 D,
1371 3601 1477 3656 125
1502 3600 1635 3674 13](
1661 3603 1853 3660 Omnia
1901 3607 2023 3676 qui-

452 3704 474 3740 ι
517 3687 637 3743 dem
668 3705 788 3759 quae
815 3689 956 3746 facta
1000 3701 1147 3756 sunt,
1177 3691 1554 3763 intelliguntur
1598 3711 1630 3750 a
1674 3695 1831 3754 Patre
1881 3697 2023 3753 facta

451 3797 472 3830 ι
514 3793 634 3835 esse
663 3795 760 3852 per
799 3780 1055 3842 Verbum.
1085 3785 1350 3853 Quocirca
1380 3798 1435 3843 et
1464 3790 1840 3846 sanctissimus
1877 3789 2024 3862 Moy-

451 3887 471 3920 ι
517 3885 627 3938 ses,
658 3872 907 3944 angelum
937 3875 1170 3946 appellat
1195 3877 1299 3934 hoc
1330 3879 1384 3933 in
1436 3880 1557 3936 loco
1591 3879 1853 3946 Verbum,
1902 3898 2024 3950 pro-

451 3979 473 4013 ι
517 3971 701 4030 pterea
735 3967 877 4034 quod
902 3981 1008 4021 non
1031 3969 1100 4022 ob
1128 3967 1292 4023 aliam
1310 3985 1533 4026 causam
1567 3973 1836 4042 apparuit,
1859 3988 2020 4042 quam

451 4069 471 4103 ι
518 4061 575 4105 ιιι
607 4052 775 4124 Moysi
803 4058 1144 4115 renuntiaret
1190 4059 1279 4115 illa
1309 4075 1430 4130 quae
1471 4067 1775 4119 conducere
1813 4065 2022 4120 sciebat

451 4163 472 4194 ι
519 4144 644 4203 llliis
687 4145 875 4207 Israel.
926 4150 1150 4208 Sciebat
1175 4163 1360 4210 autem
1409 4155 1538 4211 illud
1584 4160 1910 4224 conducere,
1963 4169 2020 4214 ut

450 4255 470 4290 ι
516 4240 804 4296 crederent
845 4257 1012 4298 unum
1044 4245 1220 4300 solum
1266 4246 1432 4300 Deum
1466 4262 1606 4304 esse.
1659 4255 1716 4315 ξι
1753 4249 2019 4317 Quocirca

449 4348 470 4380 ς
513 4339 572 4386 et
609 4331 902 4404 alloquitur
954 4335 1128 4402 illum,
1179 4337 1292 4408 Ego
1339 4355 1454 4392 sum
1483 4340 1573 4409 qui
1610 4357 1726 4394 sum
1750 4341 1794 4372 ⁸⁷
1820 4358 1834 4394 :
1865 4351 1923 4396 ut
1950 4343 2018 4398 ab

446 4441 471 4476 ι
515 4423 629 4494 ipso
657 4440 778 4480 eum
807 4428 1170 4495 recesserint,
1217 4429 1420 4486 nullum
1459 4445 1580 4485 esse
1628 4430 1797 4486 Deum
1852 4431 2016 4486 alium

2142 3255 2160 3287 ι
2200 3237 2334 3309 κροῦ
2365 3255 2509 3303 τινος
2538 3241 2632 3295 καὶ
2662 3241 2916 3296 ταπεινοῦ
2951 3241 3072 3296 καθ’
3103 3243 3248 3314 ἡμᾶς
3275 3241 3714 3316 παραδείγματος

2140 3346 2159 3379 ⁸
2194 3329 2412 3398 γνῶναι.
2435 3330 2570 3403 (4⁵).
2607 3333 2741 3388 Οὐδὲ
2781 3333 2887 3407 γὰρ
2935 3336 3026 3390 τὸν
3062 3334 3157 3389 τοῦ
3218 3335 3507 3408 ἀνθρώπου
3561 3334 3716 3402 λόγον

2139 3439 2158 3471 ι
2196 3420 2423 3491 δυνάμει
2463 3424 2557 3476 καὶ
2584 3423 2875 3480 ὑποστάσει
2909 3425 3140 3498 χωρίσαι
3170 3427 3280 3480 τινὶ
3323 3425 3567 3480 δυνατόν.
3618 3425 3716 3477 Ἒν

2138 3529 2158 3562 ι
2193 3511 2304 3584 γάρ
2329 3515 2446 3568 ἐστι
2480 3514 2574 3568 καὶ
2598 3516 2794 3570 ταύτὸν
2823 3515 2903 3587 τῷ
2923 3515 3201 3589 ἀνθρώπῳ
3217 3518 3245 3569 ὁ
3261 3515 3438 3584 λόγος,
3464 3517 3560 3568 καὶ
3587 3514 3711 3567 οὑδ-

2137 3623 2156 3658 t
2190 3603 2270 3657 ενὶ
2317 3603 2684 3678 χωριζόμενος
2737 3607 2912 3678 ἑτέρῳ
2957 3608 2992 3678 ἢ
3034 3607 3170 3679 μόνῃ
3201 3609 3267 3677 τῇ
3327 3607 3426 3677 τῆς
3458 3604 3710 3678 πράξεως

2135 3717 2154 3750 ι
2191 3697 2462 3770 ἐνεργείᾳ.
2493 3717 2512 3749 ι
2573 3697 2686 3751 Καὶ
2737 3694 3179 3766 ἐπιδαψιλεύεται
3217 3695 3298 3750 ἐτι
3363 3694 3561 3768 μᾶλλον
3611 3693 3710 3764 τὴν

2127 3786 2292 3842 αὑτοῦ
2317 3786 2554 3846 διάνοιαν
2593 3785 2894 3856 ἐμφαίνων,
2933 3783 3000 3837 δι’
3031 3778 3106 3838 ὧν
3151 3785 3277 3854 ἐξῆς
3327 3786 3455 3840 τάδε
3509 3784 3703 3856 φησίν·

2133 3893 2154 3928 ι
2193 3875 2270 3928 Οὐ
2301 3873 2409 3945 γὰρ
2433 3873 2497 3944 δὴ
2528 3873 2719 3945 ἐτέρας
2777 3873 3099 3944 ὀνομασίας,
3127 3869 3239 3927 οἷον
3274 3873 3407 3945 ῦλης
3458 3875 3492 3946 ἦ
3536 3873 3705 3944 ἄλλης

2133 3985 2153 4020 ι
2185 3968 2331 4032 τινὸς
2371 3967 2724 4039 ἀνθρωπίνης
2759 3966 2942 4037 (46),ὁ
2981 3967 3114 4031 Θεὸς
3161 3967 3330 4024 ἐδεῖτο
3361 3967 3497 4038 πρὸς
3541 3985 3710 4022 κατα-

2133 4079 2152 4111 ι
2191 4059 2413 4131 σκευὴν,
2447 4058 2582 4117 ἀλλά
2612 4058 2815 4130 ταύτης
2841 4057 2940 4129 τῆς
2972 4061 3031 4113 ἐν
3051 4062 3117 4130 τῇ
3154 4059 3317 4114 αὐτοῦ
3350 4060 3558 4132 διανοίᾳ
3571 4061 3710 4114 ἐτοι-

2131 4169 2151 4203 ι
2192 4151 2412 4222 μασίας.
2454 4150 2606 4204 Ἐπεὶ
2623 4145 2716 4204 οῦν
2739 4148 2999 4206 ἀδύνατον
3024 4147 3092 4223 ἦν
3116 4152 3285 4223 χωρὶς
3316 4151 3473 4220 λόγου
3498 4151 3709 4223 καὶτῆς

2130 4262 2148 4295 ι
2193 4243 2502 4315 προσούσης
2545 4241 2622 4313 τῷ
2678 4242 2825 4320 λόγῳ.
2870 4243 3062 4313 σοφίας
3117 4244 3367 4314 ἐννοῆσαι
3419 4245 3547 4315 περὶ
3607 4246 3706 4315 τῆς

2130 4356 2149 4389 ι
2194 4336 2288 4389 τοῦ
2327 4335 2561 4408 ούρανοῦ
2593 4337 2938 4406 κατασκευῆς
2968 4337 3060 4389 τὸν
3093 4336 3246 4399 Θεὸν,
3293 4337 3516 4400 εἰκότως
3562 4337 3702 4408 ἔφη⁹

2129 4446 2148 4477 ι
2190 4425 2390 4480 Ἠνίκα
2430 4423 2701 4494 ἡτοίμαζὲ
2730 4422 2836 4476 τὸν
2861 4422 3137 4491 οὐρανὸν,
3170 4422 3580 4492 συμπαρήμην
3599 4425 3706 4476 αὺ-

446 4531 467 4565 ι
515 4516 933 4572 arbitrarentur.
979 4517 1225 4576 Proclive
1266 4529 1354 4575 est
1396 4531 1578 4575 autem
1621 4522 1765 4576 istud
1802 4523 2017 4578 cuicun-

2134 4535 2148 4565 ι
2192 4514 2291 4580 τῷ.
2331 4534 2350 4566 ι
2381 4514 2492 4566 Καὶ
2527 4511 2877 4584 προστίθησιν
2908 4508 3061 4576 αὖθις
3086 4510 3348 4586 ἐξομοιῶν
3372 4511 3449 4583 τῷ
3490 4511 3704 4584 ἀνθρω-

448 4622 470 4658 ι
507 4617 612 4674 que
642 4611 912 4675 prudenti,
961 4611 1308 4679 utiarbitror,
1339 4613 1659 4683 intelligere,
1682 4614 1750 4669 ab
1767 4615 2019 4683 exemplo

447 4713 467 4750 ι
513 4699 744 4767 quodam
777 4703 972 4772 exiguo
1019 4712 1072 4758 et
1123 4705 1259 4761 satis
1307 4705 1494 4760 humili
1534 4707 1790 4762 humano.
1833 4706 2019 4776 Neque

448 4807 467 4840 ι
512 4789 658 4844 enim
679 4792 934 4860 possibile
953 4803 1057 4860 est,
1074 4797 1399 4866 cuicunque,
1423 4798 1644 4852 verbum
1665 4799 1916 4863 hominis,
1935 4799 2017 4853 vel

447 4898 466 4932 ι
509 4882 770 4950 potentia,
799 4883 868 4939 ab
903 4885 1176 4956 hypostasi
1207 4904 1483 4958 separare.
1511 4887 1686 4946 Unum
1713 4899 1796 4945 est
1817 4889 2016 4945 etenim

445 4990 466 5024 ι
507 4982 671 5044 atque
710 4975 850 5030 idem
881 4991 1004 5032 cum
1036 4978 1253 5036 homine
1297 4982 1518 5038 verbum
1557 4997 1747 5051 suum;
1781 4999 1878 5038 nec
1907 4983 2016 5038 ullo

445 5082 464 5114 ι
503 5074 660 5133 pacto
685 5066 845 5121 aliter
865 5069 1244 5138 separandum,
1276 5085 1440 5140 quam
1471 5074 1582 5128 sola
1604 5074 1798 5141 agendi
1819 5089 2015 5143 opera-

445 5173 464 5206 ι
508 5155 885 5228 tione.tMagis
897 5159 1074 5216 adhuc
1097 5161 1317 5230 prodige
1335 5179 1492 5218 suam.
1506 5173 1737 5223 mentem
1758 5165 2014 5226 insinuat,

549 5323 608 5382 ᾖ(
646 5316 746 5373 Ed.
774 5313 979 5385 Paris.,
1008 5335 1132 5389 pag.
1161 5318 1250 5373 40.
1359 5321 1404 5352 ’1‘
1430 5321 1600 5376 Exod.
1638 5337 1722 5388 ιιι,
1752 5321 1843 5381 ιι.

513 5457 629 5526 (II)
650 5457 753 5512 Διὰ
777 5458 882 5512 τοῦ
910 5459 1106 5529 Λόγου
1141 5474 1264 5528 σημ

441 5525 584 5582 σθαι.
612 5525 904 5593 Ἐνταῦθα,
934 5525 1270 5585 referebatur
1298 5530 1365 5584 ad
1409 5531 1582 5601 locum
1612 5525 1845 5601 aliquem
1872 5525 2020 5601 Scri-

441 5601 930 5672 p_turac,_quetn_itt
985 5601 1067 5672 bis
1113 5601 1226 5656 suis
1265 5600 1539 5672 excerptis
1578 5600 1798 5672 reticuit
1847 5600 2017 5659 Euse-

441 5667 698 5741 bius.__M_._
715 5699 784 5709 —-
810 5669 929 5741 Mox
967 5669 1249 5741 vulgoxat
1273 5667 1466 5739 ἁγιώτ.
1492 5679 1548 5741 et
1579 5669 1872 5741 ἀναγγέλῃ.

516 5736 628 5812 (ἐξ)
668 5738 862 5812 _Stat'tut
897 5739 1029 5812 lege.
1061 5736 1180 5792 ὀύδέ
1211 5736 1330 5812 γᾶιρ⁷
1346 5741 1440 5793 τοῦ
1480 5736 1770 5812 ἀνθρώπου
1803 5736 1893 5793 τὸν
1922 5741 2018 5793 ,λό-

443 5819 539 5883 Ῑον
563 5806 805 5886 δυνάμει,
839 5809 869 5877 ἢ
915 5806 1008 5876 κάξ
1036 5806 1328 5865 ὑποστάσει
1360 5831 1410 5884 χ.
1445 5806 1777 5882 Ιιιιιιοὶςδὶιιίίθ
1806 5820 1911 5878 cst,
1944 5813 2014 5866 ita

1268 5454 1721 5532 alteraa'Deest,
1752 5462 2017 5532 γεγεννῆ-

2117 4607 2256 4677 πίνῳ
2307 4605 2451 4676 λόγῳ
2493 4606 2583 4662 τὸν
2634 4603 2725 4657 τοῦ
2773 4603 2929 4668 Θεοῦ,
2977 4606 3056 4668 εἰς
3104 4605 3165 4658 τὸ
3205 4603 3373 4668 δεῖξαι
3394 4605 3554 4658 αὑτὸν
3604 4605 3700 4658 ἀν-

2115 4699 2438 4752 υπόστατον.
2459 4697 2664 4769 Γράφει
2690 4697 2746 4749 δὲ
2779 4695 2951 4761 οῦτως
2979 4713 2992 4728 ο
3033 4715 3052 4746 ι
3103 4697 3369 4754 Ἐνταῦθα
3427 4697 3541 4767 ἐγώ
3581 4699 3698 4764 εὶμι

2121 4810 2140 4842 ι
2174 4793 2207 4844 ὁ
2229 4788 2333 4854 ὢν,
2385 4788 2534 4858 λέγει
2578 4788 2676 4859 μὲν
2710 4787 2787 4858 τῷ
2829 4788 3054 4842 Μωῦισεί
3085 4789 3118 4845 ἁ
3163 4789 3371 4860 Πατήρ..
3405 4789 3566 4854 Λέγει
3614 4787 3691 4851 δὲ,

2120 4901 2140 4934 ι
2177 4878 2426 4951 δηλονότι
2449 4877 2535 4933 διὰ
2559 4877 2654 4932 τοῦ
2681 4879 2875 4948 Λόγου.
2899 4878 3085 4933 Πάντα
3116 4877 3225 4950 γὰρ
3253 4878 3351 4931 ὅσα
3376 4877 3441 4930 ἂν
3462 4878 3490 4930 ὁ
3513 4875 3698 4946 Πατὴρ

2125 4993 2144 5024 ι
2184 4973 2341 5045 λέγῃ,
2387 4972 2562 5026 ταῦτα
2618 4971 2895 5044 πανταχοῦ
2939 4971 3028 5026 διὰ
3050 4971 3144 5031 τοῦ
3186 4971 3359 5038 Λόγου
3377 4968 3548 5036 λέγων
3575 4969 3698 5038 φαί-

2125 5086 2146 5119 ‹
2180 5083 2349 5119 νεται.
2378 5065 2548 5118 Τοῦτο
2579 5065 2634 5118 δὲ
2655 5065 2813 5136 δῆλόν
2846 5066 2962 5118 ἐστι
2981 5064 3075 5118 καὶ
3097 5064 3190 5132 ἀφ’
3216 5061 3370 5133 ἡμῶν
3393 5061 3570 5115 αὐτῶν
3597 5062 3696 5114 ὅσα

2129 5178 2148 5212 ι
2187 5158 2360 5232 μικρά
2391 5160 2506 5222 τοῖς
2551 5158 2807 5230 μεγάλοις
2844 5158 2939 5211 καὶ
2989 5156 3153 5219 θείοις
3214 5155 3529 5210 ἀπεικάσαι.
3586 5155 3696 5208 Καὶ

2120 5455 2344 5512 verbum
2378 5455 2446 5510 ab
2475 5453 2696 5508 homine
2723 5464 2880 5506 suum
2912 5461 3186 5517 separare.
3215 5453 3274 5500 ut
3293 5444 3568 5517 subsistat
3607 5457 3695 5517 se:

2116 5511 2384 5594 paratum.
2415 5524 2575 5579 M.-——
2613 5521 2745 5577 Dein
2799 5511 3218 5589 νυιεοέπιδαψο
3259 5516 3378 5572 sine
3401 5513 3493 5570 καί
3529 5523 3585 5568 et
3623 5511 3694 5565 δι’

2116 5596 2415 5733 “ﬁguli
2445 5663 2642 5728 ἄλλης
2687 5661 2848 5734 τινος
2890 5656 3281 5734 ἀνθρωςξᾷης.
3306 5654 3486 5734 _Deest
3510 5651 3690 5734 aliqua

2116 5719 2222 5790 vox
2248 5725 2530 5788 fulcienda:
2552 5719 2860 5808 εὲῖιιθιιιὶιὲ.
3087 5719 3390 5808 Deitivulgo
3434 5721 3570 5808 πρὸς
3591 5719 3688 5793 τὴν

2117 5821 2346 5860 κατασκ.
2373 5815 2428 5858 et
2458 5799 2837 5872 προσηκούσης
2862 5799 2938 5871 τῷ
2967 5798 3108 5869 λόγῳ
3135 5806 3188 5852 et
3219 5798 3514 5866 ἡτοίμασας
