4088 6428
432 405 534 461 795

1522 399 1803 457 CONTRA
1838 401 2264 459 MARCELLUM
2302 400 2430 455 LIB.
2472 400 2538 456 II.

3556 401 3660 458 794

431 538 453 574 ι
480 519 643 591 ἡμεῖς
664 519 775 588 γὰρ
798 518 971 572 πάντα
1000 518 1100 571 ὅσα
1120 517 1186 572 ἂν
1220 518 1483 589 θέλωμεν,
1502 518 1643 572 κατὰ
1669 518 1729 571 τὸ
1748 518 1989 585 δυνατὸν,

2101 521 2153 573 in
2181 519 2553 588 sequentibus,
2581 518 2859 586 inquiens:
2890 516 2982 588 [Β.
3007 516 3113 572 LIII
3131 516 3254 573 coll.
3276 532 3330 588 p.
3351 517 3473 589 I25]
3498 537 3516 570 ι
3540 517 3655 574 Non

434 629 450 660 ι
480 607 660 675 λέγειν
692 624 750 660 τε
788 608 883 659 καὶ
920 609 1124 671 ποιεῖν,
1166 606 1244 677 τῷ
1295 607 1547 678 ἡμετέρῳ
1576 606 1832 677 ποιοῦμεν
1882 608 1993 677 (47)

432 723 451 756 ι
483 704 643 773 λόγῳ.
668 721 688 754 ι
720 697 853 754 Εἶτα
889 700 1089 772 μεταξύ
1121 718 1243 755 τινα
1274 699 1444 754 εἰπὼν
1466 701 1723 768 ἐπιλέγει·
1759 700 1879 763 Πῶς
1905 696 1998 753 οὖν

431 813 450 846 ι
490 794 783 865 Ἀστέριος,
812 796 931 856 ταῖς
954 791 1135 861 ἁγίαις
1165 793 1407 864 Γραφαῖς
1424 790 1611 854 ἁπλῶς
1632 790 1725 845 καὶ
1744 791 1998 861 ὲμφόόως

432 905 450 934 ι
479 883 792 937 ἀκολουθεῖν
812 882 1296 954 προσποιούμενος,
1318 884 1417 935 οὐκ
1429 881 1569 950 ἔγνω
1583 882 1644 934 τὸ
1667 882 1732 952 μέ
1742 898 1828 951 ρος
1841 880 1997 935 τοῦτο

432 986 449 1026 ι
481 976 653 1043 λέγων
676 992 689 1004 ·
718 973 921 1045 Κύριος
961 976 989 1027 6
1012 974 1145 1037 Θεός
1174 991 1265 1027 σου
1289 1015 1303 1039 ,
1333 967 1485 1037 οὗτος
1517 970 1819 1043 Κύριοςνεῇί
1859 975 1993 1024 ὲστι·

434 1088 450 1116 ι
480 1067 611 1129 Θεὸς
644 1069 702 1119 ὲν
732 1066 809 1137 τῷ
830 1066 1042 1137 οὐρανῷ
1075 1066 1206 1131 ἀνω,
1236 1067 1330 1119 καὶ
1358 1066 1448 1119 ἐπὶ
1472 1066 1571 1135 τῆς
1585 1065 1687 1135 γῆς
1704 1065 1871 1118 κάτω·
1905 1066 1997 1117 καὶ

432 1180 448 1209 ι
476 1159 575 1211 οὐκ
592 1158 739 1211 ἐστιν
759 1157 839 1210 ἑτι
867 1157 1005 1228 πλὴν
1022 1157 1188 1211 αὑτοῦ
1215 1174 1230 1223 ;
1262 1158 1373 1211 Kal
1387 1158 1467 1210 ὅτι
1490 1151 1568 1221 εἷς
1584 1157 1721 1218 ἐστι,
1741 1157 1843 1208 καῖ’
1858 1155 1996 1226 πλὴν

431 1272 448 1301 ι
474 1250 637 1303 αὑτοῦ
670 1250 855 1320 ἕτερος
887 1250 989 1303 οὐκ
1019 1249 1154 1302 ἔστι.
1184 1266 1203 1299 ι
1242 1249 1351 1301 Καὶ
1372 1246 1573 1318 προῖὼν
1606 1241 1759 1307 αὖθις
1794 1246 1996 1315 διῖσχυ-

426 1344 632 1416 ρίζεται
663 1344 919 1412 φάσκωνο
955 1360 973 1395 ι
1007 1342 1079 1395 Οὐ
1114 1338 1563 1411 καταχρηστικῶς
1599 1338 1754 1407 λόγος
1800 1340 1997 1408 ὀνομα-

428 1456 445 1487 ι
481 1435 656 1499 σθεὶς,
723 1434 825 1489 κᾶν
881 1434 1245 1505 διαρραγῶσιν
1294 1434 1343 1487 οἱ
1402 1430 1997 1503 ὲτεροδιδασκαλοῦντες

429 1547 447 1579 ι
491 1527 855 1598 ψευδόμενοι,
902 1525 1038 1579 ἀλλά
1080 1525 1286 1596 κυρίως
1322 1542 1382 1577 τε
1432 1525 1527 1577 καὶ
1564 1521 1779 1593 ἀληθῶς
1819 1522 1996 1592 ὑπάρ-

430 1639 447 1670 ι
486 1638 595 1691 χων
627 1620 822 1688 Λόγος’
860 1638 879 1671 ι
935 1620 1030 1671 καὶ
1071 1617 1395 1690 προστίθησι
1420 1633 1432 1647 ·
1469 1635 1488 1668 ι
1541 1617 1605 1668 Τί
1666 1614 1775 1685 γὰρ
1810 1615 1994 1685 ἕτερον

428 1732 447 1762 ι
482 1707 550 1781 ἦν
586 1709 1075 1781 ἀποκεκρυμμένον
1114 1710 1411 1779 μυστήριον
1442 1707 1475 1779 ἢ
1505 1708 1644 1761 κατά
1672 1707 1763 1761 τὸν
1790 1707 1993 1774 Λόγον;

428 1823 445 1853 ι
482 1800 638 1855 Οὕτω
667 1802 723 1855 δὲ
742 1797 811 1873 ἦν
844 1800 1332 1873 ἀποκεκρυμμένον
1359 1802 1417 1853 έν
1444 1798 1522 1871 τῷ
1548 1798 1667 1869 Θεῷ
1693 1799 1843 1852 τουτί
1865 1798 1997 1869 πρό-

425 1914 443 1944 ι
482 1911 638 1964 τερον
696 1894 758 1947 τὸ
793 1894 1110 1964 μυστήριον,
1146 1892 1286 1945 ὥστε
1340 1890 1543 1962 μηδένα
1586 1889 1680 1944 τοῦ
1727 1890 1992 1962 προτέρου

425 2004 443 2035 ι
485 1984 613 2038 λαοῦ
646 1985 835 2055 σαφῶς
864 1985 934 2039 τά
958 1984 1100 2038 κατὰ
1126 1983 1216 2037 τὸν
1241 1982 1415 2052 Λόγον
1440 1983 1637 2037 εἰδέναι
1657 2000 1671 2014 ο
1699 1981 1813 2037 ἀλλ’
1847 1982 1995 2052 ἡμᾶς

2106 631 2125 663 ι
2163 621 2313 667 certe
2339 610 2780 682 iudigebatDeus,
2799 610 3156 680 appellatione
3180 610 3305 675 alia,
3326 624 3375 665 ut
3386 622 3511 681 puta
3544 629 3657 666 ma-

2104 724 2122 755 ι
2162 705 2344 769 ιετὶω,
2379 716 2469 757 aut
2508 704 2584 758 rei
2618 704 2865 757 humana:
2923 704 3289 774 cujuscunque
3319 723 3332 758 :
3368 706 3462 759 sed
3514 704 3659 759 illius

2104 816 2121 848 ι
2159 796 2324 851 solius
2364 806 2671 866 apparatus,
2710 796 2801 866 qui
2841 798 2894 850 in
2938 795 3054 862 ejus
3109 804 3286 850 mente
3325 797 3654 851 versabatur.

2104 905 2121 937 ι
2161 885 2603 955 Quandoquidem
2622 901 2751 956 ergo
2776 885 2843 938 im
2853 885 3104 954 possibile
3122 884 3313 950 fuerat,
3330 888 3447 939 sine
3466 886 3656 951 verbo,

2104 997 2121 1029 ι
2158 988 2215 1033 et
2268 979 2433 1034 verbo
2482 980 2836 1035 conveniente
2875 978 3189 1049 prudentia,
3222 979 3383 1032 Deum
3419 979 3659 1047 cogitare

2102 1090 2121 1122 ι
2160 1074 2344 1128 mundi
2387 1072 2602 1128 aﬂ‘uisse
2638 1071 2954 1137 conditura,
2992 1085 3095 1126 non
3143 1071 3412 1125 immerito
3433 1070 3605 1140 inquit
3639 1088 3654 1126 :

2103 1187 2121 1219 ι
2157 1167 2289 1222 Cum
2300 1182 2619 1235 praeparare:
2636 1166 2841 1229 calum,
2859 1181 2964 1217 una
2985 1164 3196 1217 aderam
3219 1175 3385 1217 tecum
3401 1163 3468 1215 ’⁸.
3482 1162 3659 1231 »ΑιΙῙί-

2096 1260 2171 1314 cit
2197 1259 2374 1314 denuo
2401 1274 2432 1314 e
2461 1257 2814 1314 similitudine
2840 1255 3059 1310 humani
3093 1254 3265 1317 verbi,
3318 1263 3373 1309 et
3422 1252 3657 1308 Verbum

2096 1352 2188 1407 Dei
2228 1365 2379 1415 esse,
2414 1358 2474 1405 ut
2517 1350 2830 1406 ostenderet
2881 1348 3012 1404 illud
3067 1347 3291 1401 minime
3339 1347 3657 1400 subsistere.

2096 1442 2299 1499 Scribit
2332 1444 2501 1507 enim,
2542 1459 2561 1493 ι
2591 1440 2705 1496 Hoc
2735 1441 2788 1495 in
2823 1439 2962 1506 loco,
2997 1440 3094 1505 ait,
3126 1437 3238 1507 Ego
3264 1438 3489 1507 suntqui
3517 1453 3655 1499 sum,

2101 1554 2120 1588 ι
2165 1536 2230 1589 ad
2259 1533 2479 1605 Moysen
2514 1532 2749 1604 loquitur
2789 1531 2967 1586 Pater.
2998 1550 3017 1583 ι
3058 1530 3163 1602 [Β.
3189 1530 3298 1587 LVI
3329 1532 3450 1585 coll.
3475 1546 3526 1599 p.
3557 1531 3659 1584 H4

2103 1642 2121 1676 ι
2162 1625 2225 1691 D,
2271 1624 2373 1677 118
2424 1622 2822 1694 B.]Loquitur
2853 1630 3031 1675 autem
3076 1622 3216 1689 quod
3267 1628 3514 1683 constat,
3563 1634 3661 1687 per

2101 1735 2120 1769 ι
2154 1716 2388 1771 Verbum
2409 1729 2586 1769 suum.
2610 1712 2953 1782 Quaecunque
2985 1712 3182 1766 etenim
3206 1710 3442 1781 loquitur
3472 1709 3656 1777 Pater,

2102 1829 2120 1863 ι
2162 1813 2274 1866 haec
2291 1810 2489 1879 ubique
2506 1823 2602 1878 per
2623 1806 2857 1862 Verbum
2891 1820 3044 1859 suum
3068 1804 3272 1860 locutus
3293 1803 3520 1857 videtur.
3546 1802 3660 1858 Hoc

2105 1924 2123 1955 ε
2162 1913 2406 1975 apparet,
2444 1902 2487 1956 si
2514 1916 2677 1971 parva
2709 1899 2835 1955 licet
2864 1898 3073 1967 magnis
3096 1911 3420 1965 componere
3445 1906 3501 1950 et
3525 1896 3664 1950 divi-

2101 2018 2118 2049 σ
2158 1997 2265 2062 nis,
2296 2012 2326 2050 a
2351 1993 2767 2062 nobismetipsis.
2790 1989 2898 2047 Nos
2931 1990 3127 2046 etenim
3155 1988 3335 2044 omnia
3356 2029 3372 2054 ,
3399 2002 3663 2058 quaecun-

424 2097 441 2126 ι
476 2075 569 2129 τοῦ
604 2076 832 2129 πλούτου
858 2075 959 2145 τῆς
1002 2076 1182 2145 δόξης,
1219 2075 1312 2129 καὶ
1352 2074 1447 2128 τοῦ
1498 2073 1989 2144 ἀποκεκρυμμένου

2099 2110 2117 2140 ‹
2155 2103 2259 2157 que
2278 2088 2539 2146 volumus.
2569 2093 2831 2157 quantum
2854 2082 3045 2138 saltem
3067 2082 3121 2135 in
3159 2080 3317 2135 nobis
3352 2088 3456 2144 est,
3483 2079 3665 2134 facere

420 2184 441 2215 ι
489 2166 789 2235 μυστηρίου
817 2164 1109 2218 ἀπολαύειν
1141 2165 1257 2217 νυνί
1298 2163 1430 2234 (48).
1466 2183 1485 2216 ι
1513 2165 1620 2217 Καὶ
1649 2162 1786 2234 μετὰ
1820 2161 1989 2215 ταῦτα

2098 2201 2117 2231 ι
2150 2156 2206 2234 et
2250 2179 2453 2241 dicere,
2482 2192 2576 2248 per
2606 2156 2853 2230 nostrum
2879 2174 3103 2228 verbum
3144 2186 3549 2241 procuramus.»
3568 2168 3659 2242 [IL

416 2262 578 2315 πάλιν
610 2260 924 2331 ἀνθρωπίνῃ
954 2260 1218 2331 κέχρηται
1242 2258 1432 2321 εικόνι,
1450 2259 1637 2314 τοῦτον
1652 2259 1877 2330 γράφων
1904 2259 1989 2312 τὸν

2093 2269 2298 2324 LXVIII
2330 2269 2455 2324 coll.
2493 2284 2547 2338 p.
2574 2266 2677 2320 152
2709 2265 2799 2338 C.]
2833 2264 2932 2321 Ubi
2958 2263 3211 2319 nonnulla
3256 2264 3661 2329 interseruerat,

416 2353 633 2422 τρόπον’
660 2352 786 2415 «Τίς
812 2352 919 2424 γὰρ
944 2351 1167 2422 οὖτωςῆ
1194 2351 1302 2405 τῶν
1332 2352 1503 2420 ἁγίων
1540 2352 1804 2420 ἀγγέλων,
1829 2352 1862 2421 ἢ
1900 2352 1992 2404 ἀν-

421 2461 440 2493 ι
474 2442 615 2513 δρῶν
673 2442 896 2496 δικαίων
956 2442 1265 2508 ἀξιόπιστος
1316 2438 1383 2514 ἦν
1442 2442 1541 2513 τὴν
1591 2445 1655 2496 ὲκ
1702 2442 1989 2514 προσώπου

422 2552 440 2583 ι
473 2532 567 2585 τοῦ
641 2533 775 2585 Θεοῦ
844 2534 1146 2605 ὁρισθεῖσαν
1221 2534 1368 2605 αὐτῷ
1431 2535 1701 2605 τιμωρίαν
1775 2534 1987 2594 λῦσαι;

420 2640 439 2675 ι
477 2624 524 2675 εί
556 2624 630 2693 μὴ
657 2624 817 2686 αὐτὸς
842 2625 870 2676 6
895 2623 1063 2691 Λόγος
1087 2625 1115 2675 6
1154 2622 1456 2695 συμπαρών
1490 2641 1549 2677 τε
1585 2624 1697 2691 (49)
1730 2623 1823 2676 καὶ
1850 2640 1989 2693 συμ-

422 2734 439 2765 ι
481 2715 727 2769 πλάττων
748 2715 885 2787 πρὸς
910 2715 969 2768 δν
990 2716 1018 2768 6
1049 2715 1262 2787 Πατὴρ,
1289 2715 1638 2785 Ποιήσωμεν
1655 2716 1987 2784 ἄνθρωπον,

421 2827 439 2858 ι
473 2806 600 2878 ἔφη,
640 2808 765 2860 κατ’
791 2808 997 2860 εἰκόνα
1020 2807 1312 2877 ἡμετέραν
1326 2809 1424 2862 καί
1454 2808 1758 2877 ὁμοίωσιν,
1777 2809 1876 2861 οὐκ
1906 2809 1992 2861 δν-

421 2920 438 2948 σ
477 2917 567 2963 τος
590 2899 777 2971 ἐτέρου
807 2898 943 2952 Θεοῦ
971 2899 1062 2952 τοῦ
1101 2900 1469 2970 ωμπλάττειν
1496 2898 1643 2970 αύτῷ
1671 2899 1986 2969 δυναμένου.

420 3012 438 3043 ι
496 2992 635 3062 Ἐγὼ
658 2992 768 3060 γάρ
790 2991 1095 3061 camena,
1133 2990 1276 3057 Θεὸς
1313 2990 1563 3059 πρῶτος·
1590 2991 1689 3043 καὶ
1709 2990 1824 3061 ἐγὼ
1842 2991 1992 3060 μετὰ

419 3104 437 3134 ι
479 3083 683 3147 ταῦτα,
718 3083 817 3136 καὶ
846 3080 1013 3150 πλὴν
1038 3081 1182 3151 ἐμοῦ
1230 3080 1373 3148 Θεὸς
1416 3081 1615 3149 ἕτερος
1657 3083 1768 3136 οὐκ
1798 3082 1985 3136 ἐστιν.

418 3196 437 3227 ι
470 3175 608 3229 Οὔτε
650 3170 745 3229 οὖν
789 3172 1051 3241 νεώτερός
1083 3190 1165 3237 τις
1210 3173 1361 3237 Θεὸς,
1404 3172 1527 3227 οὔτε
1559 3175 1705 3227 ἐστὶν
1731 3173 1889 3237 ἄλλος
1906 3191 1990 3236 τις

416 3286 436 3319 ι
478 3266 614 3339 μετά
659 3266 832 3321 ταῦτα
873 3265 1006 3328 Θεὸς
1038 3263 1133 3329 ὢν,
1175 3264 1294 3334 Θεῷ
1329 3267 1612 3334 συνεργεῖν
1639 3265 1860 3328 δυνατὸς
1896 3260 1985 3335 ἦν.

416 3382 435 3413 ι
485 3361 625 3416 Ἀλλ’
658 3360 827 3425 εἴτις,
861 3357 1042 3431 μικρῷ
1072 3376 1181 3411 τινι
1206 3357 1301 3411 καὶ
1330 3357 1655 3428 ἀνθρωπίνῳ
1692 3357 1814 3411 καθ’
1841 3359 1990 3428 ἡμᾶς

416 3473 435 3506 ι
469 3452 872 3526 παραδείγματι
900 3450 1197 3523 χρώμενος,
1231 3451 1308 3514 ὠς
1343 3450 1429 3503 διά
1451 3449 1677 3512 εἰκόνος,
1707 3448 1806 3520 τὴν
1840 3448 1990 3503 θείαν

416 3565 437 3599 ι
461 3543 705 3611 ἐξετάζοι
734 3544 952 3615 πρᾶξιν,
981 3543 1170 3614 ὥσπερ
1202 3541 1269 3596 ἀν
1297 3559 1381 3605 τις
1408 3539 1842 3612 ἀνδριαντοποιὸς
1870 3539 1991 3595 ἐπι-

415 3658 435 3688 σ
475 3638 699 3710 στήμων
733 3637 893 3709 ἀνὴρ,
924 3636 1216 3708 ἀνδριάντα
1245 3634 1442 3689 πλάσαι
1469 3632 1806 3704 βουλόμενος,
1835 3631 1990 3704 πρῶ-

417 3748 435 3780 ι
468 3746 560 3783 τον
586 3730 687 3800 μὲν
714 3728 841 3792 τοὺς
863 3726 1064 3791 τύπους
1090 3726 1253 3781 αὑτοῦ
1287 3726 1383 3781 καὶ
1406 3725 1759 3797 χαρακτῆρας
1781 3726 1838 3777 ὲν
1864 3725 1991 3778 ἑαυ-

418 3839 443 3872 ‹
466 3819 542 3892 τῷ
580 3823 790 3875 σκοπεῖ·
835 3819 1025 3873 ἔπειτα
1053 3818 1254 3881 πλάτος
1292 3834 1352 3871 τε
1385 3817 1482 3871 καὶ
1510 3817 1704 3888 μῆκος,
1731 3817 1855 3870 ὅσον
1903 3814 1992 3868 εύ-

417 3931 434 3962 c
479 3911 707 3983 πρεπὲς,
754 3910 943 3973 ὲννοεῖ,
990 3908 1283 3975 ἀναλογίαν
1309 3923 1369 3959 τε
1418 3906 1513 3959 τοῦ
1561 3904 1782 3969 παντὸς,
1821 3906 1878 3957 ὲν
1912 3903 1992 3974 τῷ

415 4023 433 4055 ι
471 4004 590 4059 καθ’
620 4003 849 4056 ’ἑκαστον
882 4000 1126 4069 ἐξετάζει
1161 4001 1339 4072 μέρει,
1377 3997 1580 4070 χαλκοῦ
1605 4015 1666 4050 τε
1698 3998 1796 4068 τὴν
1820 3996 1991 4068 πρόσ-

416 4116 434 4149 ι
473 4112 638 4169 φορον
662 4094 956 4166 ἑτοιμάσας
983 4094 1138 4165 ὓλην,
1172 4093 1379 4146 καὶτὸν
1404 4092 1660 4162 ἐσόμενον
1698 4089 1992 4161 ἀνδριάντα

417 4208 436 4240 ι
475 4191 542 4260 τῇ
588 4186 784 4242 ἑαυτοῦ
844 4186 1211 4258 προτυπώσας
1257 4183 1484 4254 διανοίᾳ,
1514 4183 1607 4235 καὶ
1625 4182 1830 4252 νοητῶς
1859 4182 1993 4253 όρᾷν

416 4298 439 4331 ‹
470 4279 719 4348 νομίσας,
769 4276 1021 4339 συνειδώς
1067 4293 1128 4329 τε
1179 4273 1358 4345 ἑαυτῷ
1392 4276 1671 4343 συνεργεῖν
1696 4271 1785 4326 τὸν
1814 4272 1991 4341 λόγον,

418 4389 436 4421 ι
479 4363 524 4439 ᾧ
548 4369 841 4440 λογίζεται,
868 4370 961 4423 καὶ
988 4360 1034 4436 ᾧ
1070 4367 1247 4421 πάντα
1289 4367 1548 4439 πράττειν
1591 4363 1797 4430 εἴωθεν,
1821 4364 1994 4435 (οὐδὲν

419 4482 438 4515 ι
469 4462 577 4533 γάρ
623 4461 697 4532 μὴ
739 4461 886 4531 λόγῳ
934 4458 1251 4530 γιγνόμενον
1298 4458 1505 4529 καλόνθ)
1561 4456 1863 4529 ἀρχόμενος
1894 4456 1995 4527 τῆς

2091 2361 2391 2417 subnectit:
2415 2378 2434 2413 ι
2457 2359 2688 2427 Quinam
2704 2358 2869 2429 igitur
2883 2356 3149 2420 Asterius,
3164 2370 3285 2409 cum
3303 2370 3411 2425 praa
3424 2370 3482 2409 se
3497 2353 3665 2409 ferret

2097 2472 2115 2506 ι
2162 2453 2500 2525 simpliciter,
2526 2462 2723 2508 etcum
2750 2450 2946 2506 timore
2983 2448 3214 2518 quodam
3244 2447 3394 2517 sequi
3420 2447 3665 2515 Scriptu-

2096 2567 2114 2599 ι
2162 2562 2344 2601 rarum
2378 2552 2616 2609 ductum,
2663 2543 2807 2597 illam
2849 2556 3035 2596 earum
3066 2549 3276 2610 partem
3319 2549 3495 2593 tamen
3555 2554 3661 2593 non

2095 2657 2115 2691 ι
2164 2637 2516 2708 intelligebat,
2555 2636 2812 2690 Dominus
2842 2632 2985 2688 Deus
3013 2642 3167 2695 tuus,
3199 2630 3303 2684 iste
3349 2629 3489 2685 Deus
3524 2644 3663 2681 unus

2096 2750 2114 2783 ι
2163 2739 2264 2785 est.
2302 2730 2479 2795 Deus,
2538 2728 2591 2782 in
2645 2725 2800 2782 caelis
2849 2738 3089 2791 sursum,
3140 2732 3193 2777 et
3246 2736 3406 2792 super
3459 2731 3660 2774 terram

2096 2839 2115 2873 ι
2162 2823 2453 2885 deorsum,
2505 2833 2605 2873 nec
2661 2817 2802 2873 alius
2862 2817 3039 2871 adhuc
3093 2826 3178 2872 est
3231 2824 3428 2884 praeter
3472 2812 3664 2867 illum?

2095 2932 2115 2965 ι
2160 2913 2309 2970 Unus
2336 2923 2439 2978 est,
2466 2912 2659 2982 inquit,
2695 2921 2751 2967 et
2774 2921 2972 2981 praeter
2994 2910 3143 2965 illum
3173 2923 3278 2963 nou
3320 2916 3404 2962 est
3434 2904 3592 2959 alius.
3633 2926 3653 2958 ι

2089 3001 2323 3072 Pergens
2361 3002 2615 3070 deinceps
2651 2998 2929 3056 contendit
2970 2996 3368 3058 vehementius,
3397 3013 3413 3050 :
3446 2994 3536 3065 [Β.
3567 2993 3662 3048 XL

2088 3093 2214 3149 coll.
2267 3108 2322 3163 p.
2355 3092 2458 3148 116
2488 3091 2570 3164 C]
2611 3110 2631 3144 ι
2667 3090 2783 3145 Νοη
2830 3098 2948 3145 erat
2979 3086 3205 3143 verbum
3230 3127 3246 3152 ,
3284 3089 3461 3141 dictus
3515 3095 3665 3141 cata-

2015 3206 2058 3263 c
2096 3202 2115 3236 ι
2162 3184 2466 3250 chrestice,
2510 3191 2832 3253 rumpantur
2873 3181 3000 3237 licet
3049 3181 3121 3234 illi
3172 3178 3481 3235 mentiendo
3507 3218 3522 3243 ,
3570 3179 3659 3247 qui

2097 3288 2116 3321 ι
2163 3271 2499 3327 contrarium
2553 3278 2796 3334 tuentur,
2848 3270 2942 3324 sed
2982 3270 3199 3339 proprie
3245 3278 3299 3323 et
3347 3267 3663 3336 simpliciter

2095 3380 2116 3414 ι
2162 3372 2283 3418 erat
2322 3360 2582 3418 Verbum.
2610 3381 2630 3415 ι
2685 3360 2942 3430 Adiungit
2974 3378 2989 3414 :
3024 3360 3122 3432 [Β.
3158 3359 3296 3414 XLV
3337 3376 3393 3429 p.
3446 3360 3550 3413 144
3600 3358 3661 3428 BI

2094 3472 2114 3505 ι
2160 3454 2298 3521 Quid
2350 3467 2481 3508 vero
2529 3461 2651 3508 erat
2688 3451 2831 3506 aliud
2859 3450 3174 3524 mysterium
3218 3448 3346 3503 illud
3374 3449 3662 3503 abscondi—

2096 3563 2115 3597 ι
2163 3554 2298 3610 tum,
2332 3558 2494 3614 quam
2523 3543 2821 3599 secundum
2864 3541 3096 3598 Verbum
3129 3540 3265 3595 Dei?
3310 3540 3436 3594 Erat
3480 3550 3662 3593 autem

2096 3657 2115 3690 ι
2164 3636 2316 3703 illud,
2342 3636 2416 3692 ita
2441 3637 2571 3692 olim
2606 3637 2659 3690 iu
2699 3635 2810 3691 Deo
2839 3632 3215 3691 absconditum
3243 3632 3427 3702 prius.
3461 3643 3514 3686 ut
3542 3632 3663 3686 nul-

2097 3747 2117 3781 ι
2166 3728 2247 3783 Ius
2275 3728 2433 3799 plane
2460 3727 2598 3797 apud
2641 3726 2896 3797 papulum
2937 3725 3173 3793 priorem
3195 3761 3211 3787 ,
3256 3724 3535 3792 perspicue
3568 3722 3658 3776 illa

2097 3838 2115 3871 ι
2163 3827 2410 3874 cerneret
2437 3832 2558 3888 qua:
2587 3817 2654 3872 ad
2702 3814 2937 3872 Verbum
2970 3812 3337 3885 pertinebant.
3388 3810 3496 3866 Nos
3528 3826 3659 3866 vero

2098 3930 2117 3963 ι
2165 3911 2218 3966 in
2274 3910 2527 3981 praesenti
2594 3908 2827 3963 fruimur
2884 3905 3089 3961 divitiis
3141 3903 3323 3971 gloria:
3380 3902 3545 3973 ipsius
3603 3914 3661 3958 et

2097 4023 2117 4057 ι
2165 4003 2403 4075 mysterii
2434 4001 2677 4057 revelati.
2703 4018 2723 4052 ι
2773 3997 3018 4053 Humana
3056 3997 3270 4052 demum
3306 3995 3475 4049 utitur
3506 3993 3659 4049 simi-

2104 4097 2331 4151 litudine
2383 4094 2449 4148 ad
2506 4092 2649 4148 hunc
2715 4090 2933 4147 modum
2992 4088 3241 4143 scribens
3286 4102 3298 4136 :
3365 4086 3386 4159 ί
3436 4085 3504 4141 R.
3565 4083 3655 4140 LII

2093 4187 2217 4243 coll.
2262 4203 2315 4257 p.
2372 4181 2524 4255 125]
2589 4180 2766 4247 «Quis
2807 4193 2936 4234 vero
2973 4177 3077 4233 fuit
3134 4177 3271 4231 adeo
3331 4177 3524 4247 dignus
3572 4177 3657 4230 vel

2100 4295 2118 4327 ι
2170 4276 2310 4331 inter
2344 4274 2593 4329 homines
2620 4271 2797 4342 iustos
2834 4269 2919 4324 vel
2958 4277 3181 4323 sanctos
3222 4267 3385 4321 etiam
3409 4265 3656 4334 angelos.

2100 4386 2119 4419 ι
2165 4380 2381 4437 poenam
2446 4379 2477 4418 a
2538 4363 2647 4419 Deo
2697 4363 2751 4417 in
2820 4361 2942 4416 illos
3015 4358 3341 4415 destinatam
3401 4357 3658 4411 amoliri?

2101 4478 2120 4512 ι
2164 4466 2222 4523 ›Ῑ‹
2258 4458 2493 4513 Verbum
2527 4455 2700 4511 solum
2752 4453 2842 4522 qui
2892 4468 2997 4507 una
3049 4453 3239 4505 aderat
3273 4465 3396 4503 cum
3430 4448 3561 4511 Deo,
3600 4456 3659 4502 et

417 4571 436 4604 ι
482 4552 745 4624 αἰσθητῆς
779 4550 982 4622 ταύτης
1034 4550 1317 4622 ἐργασίας,
1356 4550 1492 4621 πρὸς
1537 4548 1722 4612 αὐτὸν,
1747 4547 1823 4611 ὡς
1855 4547 1989 4618 πρὸς

2100 4571 2118 4603 ι
2154 4566 2257 4604 una
2283 4566 2403 4602 rum
2432 4546 2811 4615 illn'eIIigiarat
2840 4543 3108 4598 hominem
3136 4559 3152 4595 :
3185 4543 3251 4595 ad
3282 4556 3443 4610 quem
3491 4540 3657 4594 dice—

417 4664 433 4692 ι
463 4643 671 4715 ἕτερον,
691 4641 1122 4714 παρακελεύεται
1147 4641 1335 4709 λέγων·
1360 4642 1492 4710 Ἀγε
1515 4640 1829 4712 ποιήσωμεν
1851 4639 1985 4709 (50)⁶

417 4755 434 4785 ι
473 4735 573 4804 ἄγε
606 4734 900 4805 πλάσωμεν
925 4733 1235 4803 ἀνδριάντα·
1265 4733 1436 4797 οὕτως
1461 4735 1489 4787 6
1509 4733 1617 4787 τῶν
1639 4732 1775 4785 ὅλων
1791 4731 1983 4784 δεσπό-

416 4846 434 4878 ι
472 4842 572 4897 της
613 4826 765 4891 Θεὸς,
808 4824 901 4878 τὸν
956 4823 1198 4895 ἔμψυχον
1234 4826 1299 4877 ὲκ
1330 4825 1432 4894 γῆς
1462 4824 1752 4896 ἀνδριάντα
1792 4821 1981 4885 ποιῶν,

2099 4661 2117 4693 ι
2158 4642 2251 4695 bat
2281 4639 2461 4701 Pater,
2492 4635 2781 4689 Faciamus
2804 4633 3087 4696 hominem,
3108 4631 3176 4705 ad
3203 4631 3479 4700 imaginem
3510 4640 3555 4683 et
3576 4629 3655 4682 si-

2098 4748 2116 4780 (
2149 4727 2495 4782 militudinem
2517 4735 2749 4777 nostram
2775 4723 2842 4787 ³ο,
2876 4735 2998 4774 cum
3040 4736 3142 4774 non
3175 4728 3416 4774 exstaret
3459 4718 3654 4787 aliquis

2096 4838 2114 4870 ι
2153 4818 2289 4871 alius
2313 4816 2471 4882 Deus,
2498 4813 2587 4885 qui
2613 4827 2733 4867 cum
2773 4810 2864 4865 illo
2898 4827 3002 4865 uua
3037 4809 3275 4879 elﬁgiare
3296 4819 3497 4879 posset.
3536 4807 3651 4877 Ego

483 4949 541 5007 >14
568 4941 666 4997 Ed.
701 4939 899 5007 Paris.,
938 4953 1062 5010 pag.
1090 4938 1182 4993 41.
1256 4938 1302 4970 ’⁸
1329 4938 1485 4994 Prov.
1523 4954 1640 5005 vrtt,
1666 4938 1756 4993 27.
1833 4938 1876 4969 ”
1898 4937 2031 4995 Gen.
2069 4953 2107 5002 ι,
2130 4934 2221 4989 96.

483 5125 599 5250 34³7)
648 5124 937 5195 Ἠμετέρφ
962 5125 1267 5205 ποιοῦμεν.
1294 5122 1408 5177 Non
1432 5132 1513 5178 est
1529 5122 1684 5191 plena
1717 5122 1971 5187 redditio,

411 5196 479 5251 ad
518 5212 569 5261 e,
601 5196 696 5249 καὶ
732 5196 981 5265 λέγομεν.
1008 5195 1151 5250 Μ.--
1177 5198 1308 5265 Dein
1332 5194 1487 5265 vulgo
1514 5191 1828 5265 τιναλέγων
1848 5194 1970 5245 ὲπι-

412 5266 567 5389 φέρει
592 5276 648 5320 et
682 5261 899 5334 ἀφόϐως
938 5282 1067 5321 mss.
1092 5266 1210 5320 loco
1242 5264 1373 5334 ὲμφ.
1414 5261 1530 5317 Mox
1568 5264 1724 5332 vulgo
1751 5261 1975 5333 διαρρα-

412 5353 478 5390 γο
504 5354 561 5389 εν
592 5346 648 5390 et
672 5335 813 5389 κατά
841 5335 1030 5390 Λόγον.

412 5353 561 5407 γοιεν
592 5353 648 5390 et
672 5353 813 5389 κατα
841 5353 1030 5399 Λογον.

482 5405 613 5486 (48).
644 5405 990 5486 Ἂπολαύειν
1011 5477 1022 5486 _
1046 5404 1203 5459 νυνί.
1253 5402 1368 5456 Non
1422 5400 1629 5470 inepte.
1676 5399 1974 5486 ἀπολαύον-

412 5471 531 5540 τας.
571 5471 695 5531 Ilzec
733 5476 914 5528 orunia
959 5477 1023 5528 ad
1072 5490 1322 5529 nauseam
1370 5486 1537 5539 usque
1566 5480 1880 5540 repetuntur
1923 5471 1974 5524 in

413 5543 954 5614 sequentibuslibris.
983 5544 1050 5599 Μ.
1077 5574 1142 5583 -
1174 5544 1300 5614 Dein
1331 5541 1490 5614 vulgo
1528 5543 1593 5611 τῇ
1613 5557 1767 5611 κεχρ.
1808 5540 1976 5593 είκόνι

413 5626 468 5670 et
495 5610 603 5687 τῶν
875 5623 929 5666 et
959 5614 1053 5666 τοῦ
1080 5612 1213 5687 Θεοῦ
1246 5610 1553 5687 προσώπου.

484 5685 594 5770 ς49)
638 5678 817 5770 Vung
844 5700 903 5735 τε
951 5701 1083 5747 οιιι..
1123 5685 1245 5738 dein
1292 5678 1456 5753 ‘vulgo
1510 5680 1601 5735 καὶ
1641 5678 1761 5733 καθ’
1789 5682 1880 5750 όμ.
1923 5687 1977 5735 et

415 5754 559 5880 ἀνδρ.
579 5753 758 5807 π-ιεῖν

486 5824 598 5894 ('0)
640 5827 769 5896 Ἄγε
806 5822 1165 5894 ποιήσωμεν.
1197 5821 1310 5880 Iloc
1345 5837 1451 5878 non
1488 5822 1679 5892 probat
1726 5820 1973 5888 Basilius,

2079 5121 2266 5177 Itomil.
2296 5120 2332 5175 9
2359 5119 2412 5191 iu
2445 5115 2802 5191 Hexamernn,
2828 5112 2929 5191 Τίς
2955 5110 3064 5191 γάρ
3096 5107 3329 5191 χαλκεὺς
3354 5105 3387 5175 ἢ
3420 5103 3649 5191 τέκτων,

2078 5174 2348 5260 inquiens,
2381 5188 2414 5259 ἢ
2447 5174 2805 5260 σκυτοτόμος,
2838 5174 3385 5260 ,ἐξιεὶςτῶνῗόργάνων
3414 5174 3514 5253 τῆς
3562 5174 3651 5226 τέ-

2078 5249 2210 5331 κνῆς
2243 5249 2414 5331 μόέοξ
2437 5249 3010 5331 meaemeae»:
3049 5249 3196 5331 αὖτέ)
3245 5249 3648 5331 συγερτφῖτντοςε

2078 5281 2088 5290 '
2113 5281 2210 5331 νης
2243 5281 2402 5331 μονος
2437 5281 2759 5327 καυημενυς,
2800 5281 3008 5313 υυυανυε,
3049 5281 3196 5319 υιυιιψ
3245 5281 3648 5316 νυνςγινυν-νν,

2078 5281 2227 5399 λέγει
2276 5329 2440 5390 αὐτὸς
2490 5324 2686 5399 ἐμαυτῷ,
2744 5323 3065 5399 Ποιήσωμεν
3109 5318 3218 5399 τὴν,
3266 5314 3566 5399 μάχαιραν,
3603 5315 3649 5399 ⁹ἦ

2081 5383 2450 5471 συμπήξωμεν
2477 5396 2546 5471 τὸ.
2582 5383 2888 5471 ἄροτρον,
2934 5383 3385 5471 ἀπειργασώμεθαε

2439 5466 2560 5542 οὐχὶ
2594 5452 2770 5542 ᾇιωτὶῇ
2796 5452 2903 5542 ,τῂν
2936 5452 3647 5542 ἐπιϐάλλουσανλξξέᾲργῆξῆξ

2076 5523 2302 5604 eiiciat;
2352 5537 2478 5591 Haec
2506 5523 2687 5589 "latius
2738 5523 2941 5588 ibidem
3003 5537 3197 5604 contra
3257 5523 3493 5604 iu'daaos.
3543 5523 3645 5587 Qui

2074 5592 2500 5680 quod-sequitur
2531 5605 2598 5659 de
2630 5604 2866 5680 animata
2905 5608 3078 5680 statua
3113 5594 3387 5680 _hon'tiuis‘.
3435 5592 3515 5646 sic
3549 5606 3644 5645 ex-

2116 5664 2306 5733 ressit:
2336 5664 2617 5746 δΕμψυχος
2642 5670 2892 5746 είκὼνμὲν
2923 5668 3062 5740 μέσῃ
3078 5670 3143 5737 τῇ
3162 5664 3335 5746 κτίσει
3358 5664 3635 5746 ὲκτορνευ-

2108 5731 2354 5813 είς-,Μμ-
2373 5731 2566 5800 slain?»
2589 5731 2748 5811 vulgo
2778 5731 3203 5809 πλάσσωμένέόι
3230 5734 3369 5791 infra
3395 5731 3617 5784 λευκοτέ

2081 5838 2178 5901 ραν
2201 5830 2259 5877 et
2286 5820 2314 5872 6
2345 5816 2473 5881 θεὸς
2503 5829 2766 5876 παντοκρ.
