  <div class='ocr_page' id='page_1' title='image "/cluster/home/n/w/nwhite01/storage/ocr_20150623/24:no.6/coo.31924054873058/411.png"; bbox 0 0 4088 6444; ppageno 0'>
   <div class='ocr_carea' id='block_1_1' title="bbox 441 362 3694 462">
    <p class='ocr_par' dir='ltr' id='par_1_1' title="bbox 441 362 3694 462">
     <span class='ocr_line' id='line_1_1' title="bbox 441 362 3694 462; baseline 0.003 -11"><span class='ocrx_word' id='word_1_1' title='bbox 441 398 548 453; x_wconf 72' lang='lat'><strong>795</strong></span> <span class='ocrx_word' id='word_1_2' title='bbox 1179 401 1445 458; x_wconf 84' lang='lat' dir='ltr'><strong>EUSEBll</strong></span> <span class='ocrx_word' id='word_1_3' title='bbox 1485 399 1958 458; x_wconf 63' lang='lat' dir='ltr'><strong>CESARIENSIS</strong></span> <span class='ocrx_word' id='word_1_4' title='bbox 1992 400 2144 457; x_wconf 89' lang='lat' dir='ltr'><strong>OPP.</strong></span> <span class='ocrx_word' id='word_1_5' title='bbox 2185 402 2362 458; x_wconf 74' lang='lat' dir='ltr'><strong>PARS</strong></span> <span class='ocrx_word' id='word_1_6' title='bbox 2402 404 2488 459; x_wconf 93' lang='lat' dir='ltr'><strong>lV.</strong></span> <span class='ocrx_word' id='word_1_7' title='bbox 2530 435 2602 446; x_wconf 90' lang='lat'><strong>——</strong></span> <span class='ocrx_word' id='word_1_8' title='bbox 2638 362 3072 462; x_wconf 68' lang='lat' dir='ltr'><strong>DOGMATICA.</strong></span> <span class='ocrx_word' id='word_1_9' title='bbox 3592 405 3694 462; x_wconf 78' lang='lat'><strong>796</strong></span> 
     </span>
    </p>
   </div>
   <div class='ocr_carea' id='block_1_2' title="bbox 393 513 2021 595">
    <p class='ocr_par' dir='ltr' id='par_1_2' title="bbox 393 513 2010 595">
     <span class='ocr_line' id='line_1_2' title="bbox 393 513 2010 595; baseline 0.004 -31"><span class='ocrx_word' id='word_1_10' title='bbox 393 586 401 595; x_wconf 20' lang='grc' dir='ltr'><strong>η</strong></span> <span class='ocrx_word' id='word_1_11' title='bbox 449 534 466 564; x_wconf 73' lang='grc' dir='ltr'><strong>ι</strong></span> <span class='ocrx_word' id='word_1_12' title='bbox 504 515 664 581; x_wconf 81' lang='lat' dir='ltr'><strong>enim,</strong></span> <span class='ocrx_word' id='word_1_13' title='bbox 691 513 886 584; x_wconf 84' lang='lat' dir='ltr'><strong>inquit,</strong></span> <span class='ocrx_word' id='word_1_14' title='bbox 914 514 1054 570; x_wconf 88' lang='lat' dir='ltr'><strong>Deus</strong></span> <span class='ocrx_word' id='word_1_15' title='bbox 1087 532 1201 570; x_wconf 80' lang='lat' dir='ltr'><strong>sum</strong></span> <span class='ocrx_word' id='word_1_16' title='bbox 1223 519 1460 584; x_wconf 81' lang='lat' dir='ltr'><strong>primus:</strong></span> <span class='ocrx_word' id='word_1_17' title='bbox 1491 517 1602 585; x_wconf 86' lang='lat' dir='ltr'><strong>Ego</strong></span> <span class='ocrx_word' id='word_1_18' title='bbox 1637 517 1776 571; x_wconf 89' lang='lat' dir='ltr'><strong>Deus</strong></span> <span class='ocrx_word' id='word_1_19' title='bbox 1810 527 2010 581; x_wconf 83' lang='lat' dir='ltr'><strong>postre-</strong></span> 
     </span>
    </p>
   </div>
   <div class='ocr_carea' id='block_1_3' title="bbox 2128 513 3696 595">
    <p class='ocr_par' dir='ltr' id='par_1_3' title="bbox 2128 517 3696 591">
     <span class='ocr_line' id='line_1_3' title="bbox 2128 517 3696 591; baseline 0.006 -24"><span class='ocrx_word' id='word_1_20' title='bbox 2128 536 2140 566; x_wconf 89' lang='grc' dir='ltr'><strong>ι</strong></span> <span class='ocrx_word' id='word_1_21' title='bbox 2175 517 2274 569; x_wconf 87' lang='grc' dir='ltr'><strong>οὑκ</strong></span> <span class='ocrx_word' id='word_1_22' title='bbox 2293 517 2438 588; x_wconf 77' lang='grc' dir='ltr'><strong>ἄλλῳ</strong></span> <span class='ocrx_word' id='word_1_23' title='bbox 2455 519 2563 572; x_wconf 77' lang='grc' dir='ltr'><strong>τινὶ</strong></span> <span class='ocrx_word' id='word_1_24' title='bbox 2585 519 2719 572; x_wconf 82' lang='grc' dir='ltr'><strong>ἀλλὰ</strong></span> <span class='ocrx_word' id='word_1_25' title='bbox 2750 520 2828 590; x_wconf 80' lang='grc' dir='ltr'><strong>τῷ</strong></span> <span class='ocrx_word' id='word_1_26' title='bbox 2849 518 3045 573; x_wconf 83' lang='grc' dir='ltr'><strong>ἑαυτοῦ</strong></span> <span class='ocrx_word' id='word_1_27' title='bbox 3079 519 3235 590; x_wconf 85' lang='grc' dir='ltr'><strong>Λόγῳ</strong></span> <span class='ocrx_word' id='word_1_28' title='bbox 3262 519 3696 591; x_wconf 63' lang='grc' dir='ltr'><strong>παρακελεύεται</strong></span> 
     </span>
    </p>
   </div>
   <div class='ocr_carea' id='block_1_4' title="bbox 451 607 2021 682">
    <p class='ocr_par' dir='ltr' id='par_1_4' title="bbox 451 607 2018 674">
     <span class='ocr_line' id='line_1_4' title="bbox 451 607 2018 674; baseline 0.004 -18"><span class='ocrx_word' id='word_1_29' title='bbox 451 627 467 656; x_wconf 75' lang='grc' dir='ltr'><strong>ι</strong></span> <span class='ocrx_word' id='word_1_30' title='bbox 499 623 633 671; x_wconf 83' lang='lat' dir='ltr'><strong>mus,</strong></span> <span class='ocrx_word' id='word_1_31' title='bbox 663 617 710 658; x_wconf 92' lang='lat' dir='ltr'><strong>et</strong></span> <span class='ocrx_word' id='word_1_32' title='bbox 745 617 940 674; x_wconf 74' lang='lat' dir='ltr'><strong>prwter</strong></span> <span class='ocrx_word' id='word_1_33' title='bbox 961 624 1042 660; x_wconf 89' lang='lat' dir='ltr'><strong>me</strong></span> <span class='ocrx_word' id='word_1_34' title='bbox 1068 624 1171 661; x_wconf 83' lang='lat' dir='ltr'><strong>non</strong></span> <span class='ocrx_word' id='word_1_35' title='bbox 1215 619 1291 663; x_wconf 81' lang='lat' dir='ltr'><strong>est</strong></span> <span class='ocrx_word' id='word_1_36' title='bbox 1325 610 1466 662; x_wconf 85' lang='lat' dir='ltr'><strong>alius</strong></span> <span class='ocrx_word' id='word_1_37' title='bbox 1515 609 1654 664; x_wconf 89' lang='lat' dir='ltr'><strong>Deus</strong></span> <span class='ocrx_word' id='word_1_38' title='bbox 1693 610 1731 662; x_wconf 80' lang='grc'><strong>⁸.</strong></span> <span class='ocrx_word' id='word_1_39' title='bbox 1773 607 1888 663; x_wconf 72' lang='lat' dir='ltr'><strong>Non</strong></span> <span class='ocrx_word' id='word_1_40' title='bbox 1935 620 2018 664; x_wconf 89' lang='lat' dir='ltr'><strong>est</strong></span> 
     </span>
    </p>
   </div>
   <div class='ocr_carea' id='block_1_5' title="bbox 2128 607 3695 682">
    <p class='ocr_par' dir='ltr' id='par_1_5' title="bbox 2128 607 3695 682">
     <span class='ocr_line' id='line_1_5' title="bbox 2128 607 3695 682; baseline 0.006 -24"><span class='ocrx_word' id='word_1_41' title='bbox 2128 627 2142 658; x_wconf 79' lang='grc' dir='ltr'><strong>ι</strong></span> <span class='ocrx_word' id='word_1_42' title='bbox 2185 607 2380 675; x_wconf 81' lang='grc' dir='ltr'><strong>λέγων’</strong></span> <span class='ocrx_word' id='word_1_43' title='bbox 2428 609 2753 681; x_wconf 81' lang='grc' dir='ltr'><strong>Ποιήσωμεν</strong></span> <span class='ocrx_word' id='word_1_44' title='bbox 2797 612 3083 682; x_wconf 78' lang='grc' dir='ltr'><strong>ἄνθρωπον</strong></span> <span class='ocrx_word' id='word_1_45' title='bbox 3125 613 3184 664; x_wconf 87' lang='grc' dir='ltr'><strong>οὑ</strong></span> <span class='ocrx_word' id='word_1_46' title='bbox 3230 612 3321 666; x_wconf 89' lang='grc' dir='ltr'><strong>τὸν</strong></span> <span class='ocrx_word' id='word_1_47' title='bbox 3367 615 3530 666; x_wconf 90' lang='grc' dir='ltr'><strong>αὑτὸν</strong></span> <span class='ocrx_word' id='word_1_48' title='bbox 3582 617 3695 679; x_wconf 81' lang='grc' dir='ltr'><strong>τοῖς</strong></span> 
     </span>
    </p>
   </div>
   <div class='ocr_carea' id='block_1_6' title="bbox 449 694 2021 772">
    <p class='ocr_par' dir='ltr' id='par_1_6' title="bbox 449 694 2018 768">
     <span class='ocr_line' id='line_1_6' title="bbox 449 694 2018 768; baseline 0.004 -21"><span class='ocrx_word' id='word_1_49' title='bbox 449 716 469 747; x_wconf 73' lang='grc' dir='ltr'><strong>ι</strong></span> <span class='ocrx_word' id='word_1_50' title='bbox 509 694 885 766; x_wconf 81' lang='lat' dir='ltr'><strong>itaquejuuior</strong></span> <span class='ocrx_word' id='word_1_51' title='bbox 912 697 1051 752; x_wconf 83' lang='lat' dir='ltr'><strong><em>Deus</em></strong></span> <span class='ocrx_word' id='word_1_52' title='bbox 1075 697 1295 768; x_wconf 83' lang='lat' dir='ltr'><strong>aliquis,</strong></span> <span class='ocrx_word' id='word_1_53' title='bbox 1324 715 1424 754; x_wconf 89' lang='lat' dir='ltr'><strong>nec</strong></span> <span class='ocrx_word' id='word_1_54' title='bbox 1455 700 1507 753; x_wconf 93' lang='lat' dir='ltr'><strong>in</strong></span> <span class='ocrx_word' id='word_1_55' title='bbox 1534 700 1787 754; x_wconf 79' lang='lat' dir='ltr'><strong>secundis</strong></span> <span class='ocrx_word' id='word_1_56' title='bbox 1811 699 2018 768; x_wconf 89' lang='lat' dir='ltr'><strong>positus</strong></span> 
     </span>
    </p>
   </div>
   <div class='ocr_carea' id='block_1_7' title="bbox 2128 694 3690 772">
    <p class='ocr_par' dir='ltr' id='par_1_7' title="bbox 2128 698 3690 772">
     <span class='ocr_line' id='line_1_7' title="bbox 2128 698 3690 772; baseline 0.004 -23"><span class='ocrx_word' id='word_1_57' title='bbox 2128 720 2142 749; x_wconf 83' lang='grc' dir='ltr'><strong>ι</strong></span> <span class='ocrx_word' id='word_1_58' title='bbox 2177 698 2356 763; x_wconf 79' lang='grc' dir='ltr'><strong>ἄλλοις</strong></span> <span class='ocrx_word' id='word_1_59' title='bbox 2379 698 2600 770; x_wconf 75' lang='grc' dir='ltr'><strong>τρόπον’</strong></span> <span class='ocrx_word' id='word_1_60' title='bbox 2641 700 2783 770; x_wconf 85' lang='grc' dir='ltr'><strong>λόγῳ</strong></span> <span class='ocrx_word' id='word_1_61' title='bbox 2810 699 2971 772; x_wconf 85' lang='grc' dir='ltr'><strong>γὰρὴ</strong></span> <span class='ocrx_word' id='word_1_62' title='bbox 3007 703 3159 756; x_wconf 77' lang='grc' dir='ltr'><strong>πᾶσα</strong></span> <span class='ocrx_word' id='word_1_63' title='bbox 3196 703 3410 770; x_wconf 80' lang='grc' dir='ltr'><strong>ἐγένετο</strong></span> <span class='ocrx_word' id='word_1_64' title='bbox 3435 704 3628 768; x_wconf 87' lang='grc' dir='ltr'><strong>κτίσις.</strong></span> <span class='ocrx_word' id='word_1_65' title='bbox 3669 727 3690 756; x_wconf 70' lang='grc' dir='ltr'><strong><em>ο</em></strong></span> 
     </span>
    </p>
   </div>
   <div class='ocr_carea' id='block_1_8' title="bbox 451 789 2016 860">
    <p class='ocr_par' dir='ltr' id='par_1_8' title="bbox 451 789 2016 860">
     <span class='ocr_line' id='line_1_8' title="bbox 451 789 2016 860; baseline 0.003 -21"><span class='ocrx_word' id='word_1_66' title='bbox 451 812 468 839; x_wconf 79' lang='grc' dir='ltr'><strong>ι</strong></span> <span class='ocrx_word' id='word_1_67' title='bbox 512 792 650 842; x_wconf 83' lang='lat' dir='ltr'><strong>Deus</strong></span> <span class='ocrx_word' id='word_1_68' title='bbox 675 789 895 859; x_wconf 85' lang='lat' dir='ltr'><strong>aliquis,</strong></span> <span class='ocrx_word' id='word_1_69' title='bbox 925 791 1015 858; x_wconf 92' lang='lat' dir='ltr'><strong>qui</strong></span> <span class='ocrx_word' id='word_1_70' title='bbox 1043 800 1254 859; x_wconf 86' lang='lat' dir='ltr'><strong>poterat</strong></span> <span class='ocrx_word' id='word_1_71' title='bbox 1288 807 1392 846; x_wconf 86' lang='lat' dir='ltr'><strong>una</strong></span> <span class='ocrx_word' id='word_1_72' title='bbox 1439 807 1564 846; x_wconf 91' lang='lat' dir='ltr'><strong>cum</strong></span> <span class='ocrx_word' id='word_1_73' title='bbox 1605 793 1712 846; x_wconf 87' lang='lat' dir='ltr'><strong>Deo</strong></span> <span class='ocrx_word' id='word_1_74' title='bbox 1758 791 1971 860; x_wconf 88' lang='lat' dir='ltr'><strong>operari</strong></span> <span class='ocrx_word' id='word_1_75' title='bbox 2001 809 2016 844; x_wconf 91' lang='lat'><strong>:</strong></span> 
     </span>
    </p>
   </div>
   <div class='ocr_carea' id='block_1_9' title="bbox 450 879 2020 950">
    <p class='ocr_par' dir='ltr' id='par_1_9' title="bbox 450 879 2020 950">
     <span class='ocr_line' id='line_1_9' title="bbox 450 879 2020 950; baseline 0.004 -22"><span class='ocrx_word' id='word_1_76' title='bbox 450 897 468 927; x_wconf 74' lang='grc' dir='ltr'><strong>ι</strong></span> <span class='ocrx_word' id='word_1_77' title='bbox 511 881 602 932; x_wconf 89' lang='lat' dir='ltr'><strong>sed</strong></span> <span class='ocrx_word' id='word_1_78' title='bbox 630 879 794 933; x_wconf 84' lang='lat' dir='ltr'><strong>veluti</strong></span> <span class='ocrx_word' id='word_1_79' title='bbox 823 879 868 933; x_wconf 91' lang='lat' dir='ltr'><strong><em>si</em></strong></span> <span class='ocrx_word' id='word_1_80' title='bbox 911 880 1033 948; x_wconf 85' lang='lat' dir='ltr'><strong>quis</strong></span> <span class='ocrx_word' id='word_1_81' title='bbox 1055 895 1223 948; x_wconf 78' lang='lat' dir='ltr'><strong>parvo</strong></span> <span class='ocrx_word' id='word_1_82' title='bbox 1251 882 1483 950; x_wconf 88' lang='lat' dir='ltr'><strong>quodam</strong></span> <span class='ocrx_word' id='word_1_83' title='bbox 1507 891 1688 936; x_wconf 91' lang='lat' dir='ltr'><strong>utatur</strong></span> <span class='ocrx_word' id='word_1_84' title='bbox 1715 892 1769 936; x_wconf 92' lang='lat' dir='ltr'><strong>et</strong></span> <span class='ocrx_word' id='word_1_85' title='bbox 1787 883 2020 936; x_wconf 87' lang='lat' dir='ltr'><strong>humano</strong></span> 
     </span>
    </p>
   </div>
   <div class='ocr_carea' id='block_1_10' title="bbox 452 971 2018 1040">
    <p class='ocr_par' dir='ltr' id='par_1_10' title="bbox 452 971 2018 1040">
     <span class='ocr_line' id='line_1_10' title="bbox 452 971 2018 1040; baseline 0.005 -19"><span class='ocrx_word' id='word_1_86' title='bbox 452 989 469 1018; x_wconf 73' lang='grc' dir='ltr'>α</span> <span class='ocrx_word' id='word_1_87' title='bbox 504 971 774 1040; x_wconf 89' lang='lat' dir='ltr'><strong>exemplo,</strong></span> <span class='ocrx_word' id='word_1_88' title='bbox 808 974 880 1025; x_wconf 91' lang='lat' dir='ltr'><strong>ita</strong></span> <span class='ocrx_word' id='word_1_89' title='bbox 923 989 1035 1028; x_wconf 89' lang='lat' dir='ltr'><strong>rem</strong></span> <span class='ocrx_word' id='word_1_90' title='bbox 1067 976 1225 1028; x_wconf 88' lang='lat' dir='ltr'><strong>istam</strong></span> <span class='ocrx_word' id='word_1_91' title='bbox 1274 975 1551 1030; x_wconf 88' lang='lat' dir='ltr'><strong>examinet</strong></span> <span class='ocrx_word' id='word_1_92' title='bbox 1597 976 1664 1029; x_wconf 89' lang='lat' dir='ltr'><strong>ad</strong></span> <span class='ocrx_word' id='word_1_93' title='bbox 1713 975 2018 1029; x_wconf 88' lang='lat' dir='ltr'><strong>similitudi-</strong></span> 
     </span>
    </p>
   </div>
   <div class='ocr_carea' id='block_1_11' title="bbox 453 1063 2017 1130">
    <p class='ocr_par' dir='ltr' id='par_1_11' title="bbox 453 1063 2017 1130">
     <span class='ocr_line' id='line_1_11' title="bbox 453 1063 2017 1130; baseline 0.004 -19"><span class='ocrx_word' id='word_1_94' title='bbox 453 1082 470 1111; x_wconf 74' lang='grc' dir='ltr'><strong>ι</strong></span> <span class='ocrx_word' id='word_1_95' title='bbox 511 1078 652 1117; x_wconf 78' lang='lat' dir='ltr'><strong>ueni.</strong></span> <span class='ocrx_word' id='word_1_96' title='bbox 674 1063 886 1119; x_wconf 89' lang='lat' dir='ltr'><strong>Sicutsi</strong></span> <span class='ocrx_word' id='word_1_97' title='bbox 907 1075 1209 1120; x_wconf 72' lang='lat' dir='ltr'><strong>statuarum</strong></span> <span class='ocrx_word' id='word_1_98' title='bbox 1233 1067 1426 1121; x_wconf 89' lang='lat' dir='ltr'><strong>artifex</strong></span> <span class='ocrx_word' id='word_1_99' title='bbox 1458 1067 1751 1130; x_wconf 86' lang='lat' dir='ltr'><strong>excellens,</strong></span> <span class='ocrx_word' id='word_1_100' title='bbox 1779 1075 2017 1120; x_wconf 78' lang='lat' dir='ltr'><strong>statuam</strong></span> 
     </span>
    </p>
   </div>
   <div class='ocr_carea' id='block_1_12' title="bbox 453 1153 2019 1226">
    <p class='ocr_par' dir='ltr' id='par_1_12' title="bbox 453 1153 2019 1226">
     <span class='ocr_line' id='line_1_12' title="bbox 453 1153 2019 1226; baseline 0.004 -21"><span class='ocrx_word' id='word_1_101' title='bbox 453 1174 469 1203; x_wconf 75' lang='grc' dir='ltr'><strong>ι</strong></span> <span class='ocrx_word' id='word_1_102' title='bbox 502 1153 740 1208; x_wconf 80' lang='lat' dir='ltr'><strong>conﬂare</strong></span> <span class='ocrx_word' id='word_1_103' title='bbox 769 1157 1108 1225; x_wconf 89' lang='lat' dir='ltr'><strong>propositum</strong></span> <span class='ocrx_word' id='word_1_104' title='bbox 1165 1158 1396 1222; x_wconf 82' lang='lat' dir='ltr'><strong>habens,</strong></span> <span class='ocrx_word' id='word_1_105' title='bbox 1439 1157 1707 1226; x_wconf 85' lang='lat' dir='ltr'><strong>imprimis</strong></span> <span class='ocrx_word' id='word_1_106' title='bbox 1741 1158 2019 1211; x_wconf 87' lang='lat' dir='ltr'><strong>characte-</strong></span> 
     </span>
    </p>
   </div>
   <div class='ocr_carea' id='block_1_13' title="bbox 453 1247 2020 1317">
    <p class='ocr_par' dir='ltr' id='par_1_13' title="bbox 453 1247 2020 1317">
     <span class='ocr_line' id='line_1_13' title="bbox 453 1247 2020 1317; baseline 0.003 -21"><span class='ocrx_word' id='word_1_107' title='bbox 453 1267 470 1296; x_wconf 81' lang='grc' dir='ltr'><strong>ι</strong></span> <span class='ocrx_word' id='word_1_108' title='bbox 504 1261 592 1301; x_wconf 88' lang='lat' dir='ltr'><strong>ras</strong></span> <span class='ocrx_word' id='word_1_109' title='bbox 621 1247 739 1317; x_wconf 87' lang='lat' dir='ltr'><strong>ejus</strong></span> <span class='ocrx_word' id='word_1_110' title='bbox 769 1258 930 1317; x_wconf 89' lang='lat' dir='ltr'><strong>atque</strong></span> <span class='ocrx_word' id='word_1_111' title='bbox 971 1248 1172 1303; x_wconf 79' lang='lat' dir='ltr'><strong>formas</strong></span> <span class='ocrx_word' id='word_1_112' title='bbox 1197 1262 1381 1302; x_wconf 89' lang='lat' dir='ltr'><strong>secum</strong></span> <span class='ocrx_word' id='word_1_113' title='bbox 1415 1249 1728 1317; x_wconf 88' lang='lat' dir='ltr'><strong>speculatur</strong></span> <span class='ocrx_word' id='word_1_114' title='bbox 1759 1267 1773 1303; x_wconf 89' lang='lat'><strong>:</strong></span> <span class='ocrx_word' id='word_1_115' title='bbox 1832 1249 2020 1302; x_wconf 84' lang='lat' dir='ltr'><strong>latitu-</strong></span> 
     </span>
    </p>
   </div>
   <div class='ocr_carea' id='block_1_14' title="bbox 453 1339 2019 1410">
    <p class='ocr_par' dir='ltr' id='par_1_14' title="bbox 453 1339 2019 1410">
     <span class='ocr_line' id='line_1_14' title="bbox 453 1339 2019 1410; baseline 0.002 -19"><span class='ocrx_word' id='word_1_116' title='bbox 453 1359 471 1391; x_wconf 84' lang='grc'><strong><em>‹</em></strong></span> <span class='ocrx_word' id='word_1_117' title='bbox 520 1341 698 1396; x_wconf 89' lang='lat' dir='ltr'><strong>dinem</strong></span> <span class='ocrx_word' id='word_1_118' title='bbox 739 1340 997 1410; x_wconf 89' lang='lat' dir='ltr'><strong>deinceps</strong></span> <span class='ocrx_word' id='word_1_119' title='bbox 1027 1350 1084 1394; x_wconf 88' lang='lat' dir='ltr'><strong>et</strong></span> <span class='ocrx_word' id='word_1_120' title='bbox 1127 1339 1521 1410; x_wconf 83' lang='lat' dir='ltr'><strong>longitudinem</strong></span> <span class='ocrx_word' id='word_1_121' title='bbox 1550 1343 1833 1396; x_wconf 87' lang='lat' dir='ltr'><strong>decentem</strong></span> <span class='ocrx_word' id='word_1_122' title='bbox 1871 1342 2019 1410; x_wconf 52' lang='lat' dir='ltr'><strong>cogi-</strong></span> 
     </span>
    </p>
   </div>
   <div class='ocr_carea' id='block_1_15' title="bbox 453 1429 2021 1499">
    <p class='ocr_par' dir='ltr' id='par_1_15' title="bbox 453 1429 2021 1499">
     <span class='ocr_line' id='line_1_15' title="bbox 453 1429 2021 1499; baseline 0.003 -19"><span class='ocrx_word' id='word_1_123' title='bbox 453 1449 472 1480; x_wconf 77' lang='grc' dir='ltr'><strong>ι</strong></span> <span class='ocrx_word' id='word_1_124' title='bbox 509 1438 587 1484; x_wconf 90' lang='lat' dir='ltr'><strong>tat</strong></span> <span class='ocrx_word' id='word_1_125' title='bbox 610 1473 624 1495; x_wconf 89' lang='lat'><strong>,</strong></span> <span class='ocrx_word' id='word_1_126' title='bbox 659 1438 715 1484; x_wconf 89' lang='lat' dir='ltr'><strong>et</strong></span> <span class='ocrx_word' id='word_1_127' title='bbox 757 1430 926 1483; x_wconf 91' lang='lat' dir='ltr'><strong>totius</strong></span> <span class='ocrx_word' id='word_1_128' title='bbox 974 1429 1382 1497; x_wconf 88' lang='lat' dir='ltr'><strong>proportionem</strong></span> <span class='ocrx_word' id='word_1_129' title='bbox 1415 1429 1693 1499; x_wconf 87' lang='lat' dir='ltr'><strong>sigillatim</strong></span> <span class='ocrx_word' id='word_1_130' title='bbox 1717 1446 1812 1499; x_wconf 82' lang='lat' dir='ltr'><strong>per</strong></span> <span class='ocrx_word' id='word_1_131' title='bbox 1839 1441 2021 1499; x_wconf 85' lang='lat' dir='ltr'><strong>partes</strong></span> 
     </span>
    </p>
   </div>
   <div class='ocr_carea' id='block_1_16' title="bbox 452 1520 2019 1589">
    <p class='ocr_par' dir='ltr' id='par_1_16' title="bbox 452 1520 2019 1589">
     <span class='ocr_line' id='line_1_16' title="bbox 452 1520 2019 1589; baseline 0.003 -18"><span class='ocrx_word' id='word_1_132' title='bbox 452 1541 469 1571; x_wconf 77' lang='grc' dir='ltr'><strong>ι</strong></span> <span class='ocrx_word' id='word_1_133' title='bbox 510 1523 691 1574; x_wconf 89' lang='lat' dir='ltr'><strong>animo</strong></span> <span class='ocrx_word' id='word_1_134' title='bbox 728 1529 882 1574; x_wconf 85' lang='lat' dir='ltr'><strong>tenus</strong></span> <span class='ocrx_word' id='word_1_135' title='bbox 919 1520 1383 1589; x_wconf 89' lang='lat' dir='ltr'><strong>amussitatatque</strong></span> <span class='ocrx_word' id='word_1_136' title='bbox 1409 1521 1620 1586; x_wconf 80' lang='lat' dir='ltr'><strong>exigit:</strong></span> <span class='ocrx_word' id='word_1_137' title='bbox 1678 1530 1788 1574; x_wconf 89' lang='lat' dir='ltr'><strong>tum</strong></span> <span class='ocrx_word' id='word_1_138' title='bbox 1808 1524 2019 1575; x_wconf 77' lang='lat' dir='ltr'><strong>demum</strong></span> 
     </span>
    </p>
   </div>
   <div class='ocr_carea' id='block_1_17' title="bbox 453 1611 2019 1680">
    <p class='ocr_par' dir='ltr' id='par_1_17' title="bbox 453 1611 2019 1680">
     <span class='ocr_line' id='line_1_17' title="bbox 453 1611 2019 1680; baseline 0.002 -18"><span class='ocrx_word' id='word_1_139' title='bbox 453 1630 470 1662; x_wconf 74' lang='grc' dir='ltr'><strong>ι</strong></span> <span class='ocrx_word' id='word_1_140' title='bbox 516 1612 816 1676; x_wconf 83' lang='lat' dir='ltr'><strong>materiam,</strong></span> <span class='ocrx_word' id='word_1_141' title='bbox 858 1625 932 1664; x_wconf 75' lang='lat' dir='ltr'><strong>tes</strong></span> <span class='ocrx_word' id='word_1_142' title='bbox 975 1611 1024 1664; x_wconf 91' lang='lat' dir='ltr'><strong>in</strong></span> <span class='ocrx_word' id='word_1_143' title='bbox 1060 1613 1345 1680; x_wconf 87' lang='lat' dir='ltr'><strong>procinctu</strong></span> <span class='ocrx_word' id='word_1_144' title='bbox 1378 1621 1678 1680; x_wconf 89' lang='lat' dir='ltr'><strong>comparat,</strong></span> <span class='ocrx_word' id='word_1_145' title='bbox 1707 1623 1760 1666; x_wconf 83' lang='lat' dir='ltr'><strong>et</strong></span> <span class='ocrx_word' id='word_1_146' title='bbox 1787 1611 2019 1665; x_wconf 84' lang='lat' dir='ltr'><strong>futuram</strong></span> 
     </span>
    </p>
   </div>
   <div class='ocr_carea' id='block_1_18' title="bbox 463 1701 2020 1770">
    <p class='ocr_par' dir='ltr' id='par_1_18' title="bbox 463 1701 2020 1770">
     <span class='ocr_line' id='line_1_18' title="bbox 463 1701 2020 1770; baseline 0 -16"><span class='ocrx_word' id='word_1_147' title='bbox 463 1702 670 1756; x_wconf 70' lang='lat' dir='ltr'><strong>uillam</strong></span> <span class='ocrx_word' id='word_1_148' title='bbox 707 1712 942 1756; x_wconf 85' lang='lat' dir='ltr'><strong>statuam</strong></span> <span class='ocrx_word' id='word_1_149' title='bbox 971 1702 1154 1756; x_wconf 90' lang='lat' dir='ltr'><strong>animo</strong></span> <span class='ocrx_word' id='word_1_150' title='bbox 1183 1717 1284 1756; x_wconf 90' lang='lat' dir='ltr'><strong>suo</strong></span> <span class='ocrx_word' id='word_1_151' title='bbox 1315 1701 1647 1756; x_wconf 88' lang='lat' dir='ltr'><strong>delineatam</strong></span> <span class='ocrx_word' id='word_1_152' title='bbox 1682 1703 2020 1770; x_wconf 82' lang='lat' dir='ltr'><strong>complexus,</strong></span> 
     </span>
    </p>
   </div>
   <div class='ocr_carea' id='block_1_19' title="bbox 453 1792 2024 1862">
    <p class='ocr_par' dir='ltr' id='par_1_19' title="bbox 453 1792 2024 1862">
     <span class='ocr_line' id='line_1_19' title="bbox 453 1792 2024 1862; baseline -0.001 -16"><span class='ocrx_word' id='word_1_153' title='bbox 453 1813 471 1843; x_wconf 72' lang='grc' dir='ltr'><strong>ε</strong></span> <span class='ocrx_word' id='word_1_154' title='bbox 510 1792 724 1862; x_wconf 84' lang='lat' dir='ltr'><strong>sibique</strong></span> <span class='ocrx_word' id='word_1_155' title='bbox 759 1793 1029 1856; x_wconf 88' lang='lat' dir='ltr'><strong>conscius,</strong></span> <span class='ocrx_word' id='word_1_156' title='bbox 1073 1793 1338 1846; x_wconf 89' lang='lat' dir='ltr'><strong>rationem</strong></span> <span class='ocrx_word' id='word_1_157' title='bbox 1372 1793 1518 1846; x_wconf 88' lang='lat' dir='ltr'><strong>intus</strong></span> <span class='ocrx_word' id='word_1_158' title='bbox 1554 1807 1734 1855; x_wconf 88' lang='lat' dir='ltr'><strong>suam,</strong></span> <span class='ocrx_word' id='word_1_159' title='bbox 1771 1809 1877 1856; x_wconf 84' lang='lat' dir='ltr'><strong>qua</strong></span> <span class='ocrx_word' id='word_1_160' title='bbox 1943 1809 2024 1844; x_wconf 79' lang='lat' dir='ltr'><strong>ra-</strong></span> 
     </span>
    </p>
   </div>
   <div class='ocr_carea' id='block_1_20' title="bbox 2120 788 3697 862">
    <p class='ocr_par' dir='ltr' id='par_1_20' title="bbox 2120 788 3697 862">
     <span class='ocr_line' id='line_1_20' title="bbox 2120 788 3697 862; baseline 0.005 -21"><span class='ocrx_word' id='word_1_161' title='bbox 2120 788 2228 842; x_wconf 71' lang='grc' dir='ltr'><strong>Καὶ</strong></span> <span class='ocrx_word' id='word_1_162' title='bbox 2251 789 2461 854; x_wconf 82' lang='grc' dir='ltr'><strong>τούτοις</strong></span> <span class='ocrx_word' id='word_1_163' title='bbox 2501 791 2620 862; x_wconf 84' lang='grc' dir='ltr'><strong>μεθ’</strong></span> <span class='ocrx_word' id='word_1_164' title='bbox 2648 791 2810 862; x_wconf 78' lang='grc' dir='ltr'><strong>ἕτερα</strong></span> <span class='ocrx_word' id='word_1_165' title='bbox 2843 793 3104 862; x_wconf 83' lang='grc' dir='ltr'><strong>ἐπιλέγει·</strong></span> <span class='ocrx_word' id='word_1_166' title='bbox 3148 813 3167 843; x_wconf 85' lang='grc'><strong><em>‹</em></strong></span> <span class='ocrx_word' id='word_1_167' title='bbox 3207 794 3344 848; x_wconf 71' lang='grc' dir='ltr'><strong>Νυνὶ</strong></span> <span class='ocrx_word' id='word_1_168' title='bbox 3369 794 3426 847; x_wconf 82' lang='grc' dir='ltr'><strong>δὲ</strong></span> <span class='ocrx_word' id='word_1_169' title='bbox 3456 795 3697 850; x_wconf 84' lang='grc' dir='ltr'><strong>πιστεύω</strong></span> 
     </span>
    </p>
   </div>
   <div class='ocr_carea' id='block_1_21' title="bbox 2125 881 3694 954">
    <p class='ocr_par' dir='ltr' id='par_1_21' title="bbox 2125 881 3694 954">
     <span class='ocr_line' id='line_1_21' title="bbox 2125 881 3694 954; baseline 0.005 -23"><span class='ocrx_word' id='word_1_170' title='bbox 2125 901 2142 931; x_wconf 75' lang='grc' dir='ltr'><strong>ι</strong></span> <span class='ocrx_word' id='word_1_171' title='bbox 2182 883 2302 944; x_wconf 87' lang='grc' dir='ltr'><strong>ταῖς</strong></span> <span class='ocrx_word' id='word_1_172' title='bbox 2347 881 2522 945; x_wconf 82' lang='grc' dir='ltr'><strong>θείαις</strong></span> <span class='ocrx_word' id='word_1_173' title='bbox 2576 883 2840 954; x_wconf 83' lang='grc' dir='ltr'><strong>Γραφαῖς,</strong></span> <span class='ocrx_word' id='word_1_174' title='bbox 2889 885 2970 938; x_wconf 81' lang='grc' dir='ltr'><strong>ὅτι</strong></span> <span class='ocrx_word' id='word_1_175' title='bbox 3016 881 3096 948; x_wconf 76' lang='grc' dir='ltr'><strong>εἷς</strong></span> <span class='ocrx_word' id='word_1_176' title='bbox 3127 884 3279 949; x_wconf 89' lang='grc' dir='ltr'><strong>Θεὸς,</strong></span> <span class='ocrx_word' id='word_1_177' title='bbox 3317 886 3409 938; x_wconf 73' lang='grc' dir='ltr'><strong>καὶ</strong></span> <span class='ocrx_word' id='word_1_178' title='bbox 3445 885 3474 938; x_wconf 98' lang='lat'><strong>6</strong></span> <span class='ocrx_word' id='word_1_179' title='bbox 3507 886 3694 939; x_wconf 89' lang='grc' dir='ltr'><strong>τούτου</strong></span> 
     </span>
    </p>
   </div>
   <div class='ocr_carea' id='block_1_22' title="bbox 2125 971 3695 1048">
    <p class='ocr_par' dir='ltr' id='par_1_22' title="bbox 2125 971 3695 1048">
     <span class='ocr_line' id='line_1_22' title="bbox 2125 971 3695 1048; baseline 0.004 -25"><span class='ocrx_word' id='word_1_180' title='bbox 2125 992 2142 1022; x_wconf 74' lang='grc' dir='ltr'><strong>ι</strong></span> <span class='ocrx_word' id='word_1_181' title='bbox 2179 971 2347 1040; x_wconf 83' lang='grc' dir='ltr'><strong>Λόγος</strong></span> <span class='ocrx_word' id='word_1_182' title='bbox 2371 972 2502 1036; x_wconf 88' lang='grc' dir='ltr'><strong>Θεὸς</strong></span> <span class='ocrx_word' id='word_1_183' title='bbox 2531 974 2768 1044; x_wconf 77' lang='grc' dir='ltr'><strong>προῆλθε</strong></span> <span class='ocrx_word' id='word_1_184' title='bbox 2805 976 2903 1047; x_wconf 75' lang='grc' dir='ltr'><strong>μὲν</strong></span> <span class='ocrx_word' id='word_1_185' title='bbox 2935 993 3026 1029; x_wconf 86' lang='grc' dir='ltr'><strong>του</strong></span> <span class='ocrx_word' id='word_1_186' title='bbox 3050 975 3283 1048; x_wconf 87' lang='grc' dir='ltr'><strong>Πατρὸς,</strong></span> <span class='ocrx_word' id='word_1_187' title='bbox 3314 977 3401 1030; x_wconf 88' lang='grc' dir='ltr'><strong>ἶνα</strong></span> <span class='ocrx_word' id='word_1_188' title='bbox 3428 978 3604 1032; x_wconf 85' lang='grc' dir='ltr'><strong>πάντα</strong></span> <span class='ocrx_word' id='word_1_189' title='bbox 3630 978 3695 1031; x_wconf 82' lang='grc' dir='ltr'><strong>δι’</strong></span> 
     </span>
    </p>
   </div>
   <div class='ocr_carea' id='block_1_23' title="bbox 2126 1063 3695 1138">
    <p class='ocr_par' dir='ltr' id='par_1_23' title="bbox 2126 1063 3695 1138">
     <span class='ocr_line' id='line_1_23' title="bbox 2126 1063 3695 1138; baseline 0.004 -24"><span class='ocrx_word' id='word_1_190' title='bbox 2126 1085 2143 1114; x_wconf 75' lang='grc' dir='ltr'><strong>ι</strong></span> <span class='ocrx_word' id='word_1_191' title='bbox 2178 1063 2343 1117; x_wconf 87' lang='grc' dir='ltr'><strong>αὐτοῦ</strong></span> <span class='ocrx_word' id='word_1_192' title='bbox 2390 1064 2634 1134; x_wconf 80' lang='grc' dir='ltr'><strong>γένηται.</strong></span> <span class='ocrx_word' id='word_1_193' title='bbox 2671 1067 2826 1120; x_wconf 85' lang='grc' dir='ltr'><strong>Μετὰ</strong></span> <span class='ocrx_word' id='word_1_194' title='bbox 2867 1067 2924 1120; x_wconf 87' lang='grc' dir='ltr'><strong>δὲ</strong></span> <span class='ocrx_word' id='word_1_195' title='bbox 2959 1065 3048 1119; x_wconf 89' lang='grc' dir='ltr'><strong>τὸν</strong></span> <span class='ocrx_word' id='word_1_196' title='bbox 3087 1067 3275 1136; x_wconf 87' lang='grc' dir='ltr'><strong>καιρὸν</strong></span> <span class='ocrx_word' id='word_1_197' title='bbox 3314 1066 3412 1136; x_wconf 82' lang='grc' dir='ltr'><strong>τῆς</strong></span> <span class='ocrx_word' id='word_1_198' title='bbox 3441 1068 3695 1138; x_wconf 85' lang='grc' dir='ltr'><strong>κρίσεως,</strong></span> 
     </span>
    </p>
   </div>
   <div class='ocr_carea' id='block_1_24' title="bbox 2127 1155 3699 1229">
    <p class='ocr_par' dir='ltr' id='par_1_24' title="bbox 2127 1155 3699 1229">
     <span class='ocr_line' id='line_1_24' title="bbox 2127 1155 3699 1229; baseline 0.003 -21"><span class='ocrx_word' id='word_1_199' title='bbox 2127 1177 2143 1208; x_wconf 77' lang='grc' dir='ltr'><strong>ι</strong></span> <span class='ocrx_word' id='word_1_200' title='bbox 2182 1157 2274 1210; x_wconf 75' lang='grc' dir='ltr'><strong>καὶ</strong></span> <span class='ocrx_word' id='word_1_201' title='bbox 2298 1155 2397 1227; x_wconf 78' lang='grc' dir='ltr'><strong>τὴν</strong></span> <span class='ocrx_word' id='word_1_202' title='bbox 2423 1156 2530 1209; x_wconf 85' lang='grc' dir='ltr'><strong>τῶν</strong></span> <span class='ocrx_word' id='word_1_203' title='bbox 2552 1156 2806 1210; x_wconf 82' lang='grc' dir='ltr'><strong>ἁπάντων</strong></span> <span class='ocrx_word' id='word_1_204' title='bbox 2825 1156 3128 1229; x_wconf 85' lang='grc' dir='ltr'><strong>διόρθωσιν,</strong></span> <span class='ocrx_word' id='word_1_205' title='bbox 3163 1157 3257 1209; x_wconf 75' lang='grc' dir='ltr'><strong>καὶ</strong></span> <span class='ocrx_word' id='word_1_206' title='bbox 3279 1157 3368 1210; x_wconf 90' lang='grc' dir='ltr'><strong>τὸν</strong></span> <span class='ocrx_word' id='word_1_207' title='bbox 3394 1158 3699 1228; x_wconf 82' lang='grc' dir='ltr'><strong>ἀφανισμὸν</strong></span> 
     </span>
    </p>
   </div>
   <div class='ocr_carea' id='block_1_25' title="bbox 2126 1248 3701 1320">
    <p class='ocr_par' dir='ltr' id='par_1_25' title="bbox 2126 1248 3701 1320">
     <span class='ocr_line' id='line_1_25' title="bbox 2126 1248 3701 1320; baseline 0.002 -20"><span class='ocrx_word' id='word_1_208' title='bbox 2126 1269 2144 1300; x_wconf 82' lang='grc' dir='ltr'><strong>ι</strong></span> <span class='ocrx_word' id='word_1_209' title='bbox 2182 1249 2281 1320; x_wconf 89' lang='grc' dir='ltr'><strong>τῆς</strong></span> <span class='ocrx_word' id='word_1_210' title='bbox 2321 1248 2709 1320; x_wconf 76' lang='grc' dir='ltr'><strong>ἀντικειμένης</strong></span> <span class='ocrx_word' id='word_1_211' title='bbox 2766 1249 2985 1320; x_wconf 83' lang='grc' dir='ltr'><strong>ἀπάσης</strong></span> <span class='ocrx_word' id='word_1_212' title='bbox 3037 1248 3336 1320; x_wconf 87' lang='grc' dir='ltr'><strong>ἐνεργείας,</strong></span> <span class='ocrx_word' id='word_1_213' title='bbox 3368 1248 3487 1302; x_wconf 87' lang='grc' dir='ltr'><strong>τότε</strong></span> <span class='ocrx_word' id='word_1_214' title='bbox 3540 1250 3701 1314; x_wconf 83' lang='grc' dir='ltr'><strong>αὐτὸς</strong></span> 
     </span>
    </p>
   </div>
   <div class='ocr_carea' id='block_1_26' title="bbox 2127 1338 3701 1414">
    <p class='ocr_par' dir='ltr' id='par_1_26' title="bbox 2127 1338 3701 1414">
     <span class='ocr_line' id='line_1_26' title="bbox 2127 1338 3701 1414; baseline 0.003 -24"><span class='ocrx_word' id='word_1_215' title='bbox 2127 1359 2145 1390; x_wconf 79' lang='grc' dir='ltr'><strong>ιι</strong></span> <span class='ocrx_word' id='word_1_216' title='bbox 2195 1340 2596 1412; x_wconf 81' lang='grc' dir='ltr'><strong>ὑποταγήσεται</strong></span> <span class='ocrx_word' id='word_1_217' title='bbox 2625 1340 2704 1411; x_wconf 84' lang='grc' dir='ltr'><strong>τῷ</strong></span> <span class='ocrx_word' id='word_1_218' title='bbox 2742 1340 3068 1406; x_wconf 80' lang='grc' dir='ltr'><strong>ὑποτάξαντι</strong></span> <span class='ocrx_word' id='word_1_219' title='bbox 3092 1338 3241 1411; x_wconf 88' lang='grc' dir='ltr'><strong>αὑτῷ</strong></span> <span class='ocrx_word' id='word_1_220' title='bbox 3263 1339 3334 1393; x_wconf 84' lang='grc' dir='ltr'><strong>τὰ</strong></span> <span class='ocrx_word' id='word_1_221' title='bbox 3363 1341 3561 1404; x_wconf 85' lang='grc' dir='ltr'><strong>πάντα,</strong></span> <span class='ocrx_word' id='word_1_222' title='bbox 3583 1341 3701 1414; x_wconf 87' lang='grc' dir='ltr'><strong>Θεῷ</strong></span> 
     </span>
    </p>
   </div>
   <div class='ocr_carea' id='block_1_27' title="bbox 2129 1428 3702 1506">
    <p class='ocr_par' dir='ltr' id='par_1_27' title="bbox 2129 1428 3702 1506">
     <span class='ocr_line' id='line_1_27' title="bbox 2129 1428 3702 1506; baseline 0.004 -25"><span class='ocrx_word' id='word_1_223' title='bbox 2129 1450 2145 1480; x_wconf 77' lang='grc' dir='ltr'><strong>ι</strong></span> <span class='ocrx_word' id='word_1_224' title='bbox 2183 1432 2275 1485; x_wconf 73' lang='grc' dir='ltr'><strong>καὶ</strong></span> <span class='ocrx_word' id='word_1_225' title='bbox 2289 1433 2482 1505; x_wconf 79' lang='grc' dir='ltr'><strong>Πατρὶ,</strong></span> <span class='ocrx_word' id='word_1_226' title='bbox 2511 1432 2763 1497; x_wconf 81' lang='grc' dir='ltr'><strong>ἵνόὕτως</strong></span> <span class='ocrx_word' id='word_1_227' title='bbox 2867 1434 2923 1486; x_wconf 89' lang='grc' dir='ltr'><strong>ἐν</strong></span> <span class='ocrx_word' id='word_1_228' title='bbox 2957 1432 3074 1504; x_wconf 81' lang='grc' dir='ltr'><strong>Θεῷ</strong></span> <span class='ocrx_word' id='word_1_229' title='bbox 3101 1434 3130 1485; x_wconf 91' lang='lat'><strong>6</strong></span> <span class='ocrx_word' id='word_1_230' title='bbox 3162 1433 3353 1502; x_wconf 87' lang='grc' dir='ltr'><strong>Λόγος,</strong></span> <span class='ocrx_word' id='word_1_231' title='bbox 3395 1433 3582 1506; x_wconf 84' lang='grc' dir='ltr'><strong>ὥσπερ</strong></span> <span class='ocrx_word' id='word_1_232' title='bbox 3609 1433 3702 1488; x_wconf 73' lang='grc' dir='ltr'><strong>καὶ</strong></span> 
     </span>
    </p>
   </div>
   <div class='ocr_carea' id='block_1_28' title="bbox 2129 1521 3702 1598">
    <p class='ocr_par' dir='ltr' id='par_1_28' title="bbox 2129 1521 3702 1598">
     <span class='ocr_line' id='line_1_28' title="bbox 2129 1521 3702 1598; baseline 0.003 -22"><span class='ocrx_word' id='word_1_233' title='bbox 2129 1545 2144 1574; x_wconf 74' lang='grc' dir='ltr'><strong>ι</strong></span> <span class='ocrx_word' id='word_1_234' title='bbox 2179 1526 2441 1597; x_wconf 87' lang='grc' dir='ltr'><strong>πρότερον</strong></span> <span class='ocrx_word' id='word_1_235' title='bbox 2466 1521 2554 1597; x_wconf 81' lang='grc' dir='ltr'><strong>ἦν,</strong></span> <span class='ocrx_word' id='word_1_236' title='bbox 2588 1527 2694 1598; x_wconf 87' lang='grc' dir='ltr'><strong>πρὸ</strong></span> <span class='ocrx_word' id='word_1_237' title='bbox 2717 1525 2812 1579; x_wconf 92' lang='grc' dir='ltr'><strong>τοῦ</strong></span> <span class='ocrx_word' id='word_1_238' title='bbox 2830 1526 2921 1578; x_wconf 88' lang='grc' dir='ltr'><strong>τὸν</strong></span> <span class='ocrx_word' id='word_1_239' title='bbox 2950 1528 3153 1597; x_wconf 80' lang='grc' dir='ltr'><strong>κόσμον</strong></span> <span class='ocrx_word' id='word_1_240' title='bbox 3178 1525 3335 1579; x_wconf 83' lang='grc' dir='ltr'><strong>εἶναι.</strong></span> <span class='ocrx_word' id='word_1_241' title='bbox 3351 1527 3574 1591; x_wconf 81' lang='grc' dir='ltr'><strong>Οὐδενὸς</strong></span> <span class='ocrx_word' id='word_1_242' title='bbox 3594 1526 3702 1598; x_wconf 84' lang='grc' dir='ltr'><strong>γὰρ</strong></span> 
     </span>
    </p>
   </div>
   <div class='ocr_carea' id='block_1_29' title="bbox 2129 1616 3703 1689">
    <p class='ocr_par' dir='ltr' id='par_1_29' title="bbox 2129 1616 3703 1689">
     <span class='ocr_line' id='line_1_29' title="bbox 2129 1616 3703 1689; baseline 0.002 -23"><span class='ocrx_word' id='word_1_243' title='bbox 2129 1637 2145 1666; x_wconf 79' lang='grc' dir='ltr'><strong>ι</strong></span> <span class='ocrx_word' id='word_1_244' title='bbox 2179 1617 2330 1681; x_wconf 76' lang='grc' dir='ltr'><strong>ὄντος</strong></span> <span class='ocrx_word' id='word_1_245' title='bbox 2384 1619 2648 1689; x_wconf 86' lang='grc' dir='ltr'><strong>πρότερον</strong></span> <span class='ocrx_word' id='word_1_246' title='bbox 2687 1617 2720 1688; x_wconf 85' lang='grc' dir='ltr'>ἢ</span> <span class='ocrx_word' id='word_1_247' title='bbox 2757 1617 2892 1671; x_wconf 92' lang='grc' dir='ltr'><strong>Θεοῦ</strong></span> <span class='ocrx_word' id='word_1_248' title='bbox 2921 1618 3103 1689; x_wconf 90' lang='grc' dir='ltr'><strong>μόνου,</strong></span> <span class='ocrx_word' id='word_1_249' title='bbox 3139 1621 3353 1673; x_wconf 77' lang='grc' dir='ltr'><strong>πάντων</strong></span> <span class='ocrx_word' id='word_1_250' title='bbox 3378 1619 3435 1671; x_wconf 86' lang='grc' dir='ltr'><strong>δὲ</strong></span> <span class='ocrx_word' id='word_1_251' title='bbox 3478 1618 3566 1672; x_wconf 86' lang='grc' dir='ltr'><strong>διὰ</strong></span> <span class='ocrx_word' id='word_1_252' title='bbox 3608 1616 3703 1672; x_wconf 88' lang='grc' dir='ltr'><strong>τοῦ</strong></span> 
     </span>
    </p>
   </div>
   <div class='ocr_carea' id='block_1_30' title="bbox 2129 1708 3705 1780">
    <p class='ocr_par' dir='ltr' id='par_1_30' title="bbox 2129 1708 3705 1780">
     <span class='ocr_line' id='line_1_30' title="bbox 2129 1708 3705 1780; baseline 0.003 -22"><span class='ocrx_word' id='word_1_253' title='bbox 2129 1727 2148 1758; x_wconf 76' lang='grc' dir='ltr'><strong>ι</strong></span> <span class='ocrx_word' id='word_1_254' title='bbox 2187 1710 2356 1776; x_wconf 82' lang='grc' dir='ltr'><strong>Λόγου</strong></span> <span class='ocrx_word' id='word_1_255' title='bbox 2378 1708 2658 1777; x_wconf 89' lang='grc' dir='ltr'><strong>γίγνεσθαι</strong></span> <span class='ocrx_word' id='word_1_256' title='bbox 2695 1709 3014 1780; x_wconf 85' lang='grc' dir='ltr'><strong>μελλόντων,</strong></span> <span class='ocrx_word' id='word_1_257' title='bbox 3043 1708 3313 1780; x_wconf 77' lang='grc' dir='ltr'><strong>προῆλθεν</strong></span> <span class='ocrx_word' id='word_1_258' title='bbox 3339 1711 3366 1761; x_wconf 96' lang='lat'><strong>6</strong></span> <span class='ocrx_word' id='word_1_259' title='bbox 3387 1709 3560 1777; x_wconf 83' lang='grc' dir='ltr'><strong>Λόγος</strong></span> <span class='ocrx_word' id='word_1_260' title='bbox 3576 1709 3705 1780; x_wconf 86' lang='grc' dir='ltr'><strong>δρα-</strong></span> 
     </span>
    </p>
   </div>
   <div class='ocr_carea' id='block_1_31' title="bbox 2132 1793 3699 1874">
    <p class='ocr_par' dir='ltr' id='par_1_31' title="bbox 2132 1793 3699 1874">
     <span class='ocr_line' id='line_1_31' title="bbox 2132 1793 3699 1874; baseline 0 -22"><span class='ocrx_word' id='word_1_261' title='bbox 2132 1823 2150 1852; x_wconf 84' lang='grc'><strong><em>‹</em></strong></span> <span class='ocrx_word' id='word_1_262' title='bbox 2191 1805 2346 1874; x_wconf 86' lang='grc' dir='ltr'><strong>στικῇ</strong></span> <span class='ocrx_word' id='word_1_263' title='bbox 2400 1802 2670 1874; x_wconf 75' lang='grc' dir='ltr'><strong>ἐνεργείᾳ,</strong></span> <span class='ocrx_word' id='word_1_264' title='bbox 2717 1803 2747 1854; x_wconf 93' lang='lat'><strong>6</strong></span> <span class='ocrx_word' id='word_1_265' title='bbox 2787 1801 2956 1869; x_wconf 86' lang='grc' dir='ltr'><strong>Λόγος</strong></span> <span class='ocrx_word' id='word_1_266' title='bbox 2991 1793 3145 1863; x_wconf 73' lang='grc' dir='ltr'><strong>οὗτος</strong></span> <span class='ocrx_word' id='word_1_267' title='bbox 3172 1799 3266 1853; x_wconf 87' lang='grc' dir='ltr'><strong>τοῦ</strong></span> <span class='ocrx_word' id='word_1_268' title='bbox 3305 1801 3516 1871; x_wconf 82' lang='grc' dir='ltr'><strong>Πατρὸς</strong></span> <span class='ocrx_word' id='word_1_269' title='bbox 3543 1799 3638 1853; x_wconf 83' lang='grc' dir='ltr'><strong>ῶν.</strong></span> <span class='ocrx_word' id='word_1_270' title='bbox 3681 1820 3699 1851; x_wconf 74' lang='lat' dir='ltr'><strong>s</strong></span> 
     </span>
    </p>
   </div>
   <div class='ocr_carea' id='block_1_32' title="bbox 453 1861 2021 1963">
    <p class='ocr_par' dir='ltr' id='par_1_32' title="bbox 453 1861 2021 1954">
     <span class='ocr_line' id='line_1_32' title="bbox 453 1861 2021 1954; baseline 0.003 -20"><span class='ocrx_word' id='word_1_271' title='bbox 453 1904 472 1934; x_wconf 72' lang='grc' dir='ltr'><strong>ι</strong></span> <span class='ocrx_word' id='word_1_272' title='bbox 510 1861 822 1948; x_wconf 79' lang='lat' dir='ltr'><strong>tiocinatur,</strong></span> <span class='ocrx_word' id='word_1_273' title='bbox 852 1893 907 1938; x_wconf 91' lang='lat' dir='ltr'><strong>et</strong></span> <span class='ocrx_word' id='word_1_274' title='bbox 926 1899 1030 1952; x_wconf 88' lang='lat' dir='ltr'><strong>qua</strong></span> <span class='ocrx_word' id='word_1_275' title='bbox 1056 1884 1379 1938; x_wconf 89' lang='lat' dir='ltr'><strong>administra</strong></span> <span class='ocrx_word' id='word_1_276' title='bbox 1408 1887 1682 1953; x_wconf 89' lang='lat' dir='ltr'><strong>componit</strong></span> <span class='ocrx_word' id='word_1_277' title='bbox 1711 1889 1889 1938; x_wconf 84' lang='lat' dir='ltr'><strong>omnia</strong></span> <span class='ocrx_word' id='word_1_278' title='bbox 1918 1884 2021 1954; x_wconf 90' lang='lat' dir='ltr'><strong>(ui-</strong></span> 
     </span>
    </p>
   </div>
   <div class='ocr_carea' id='block_1_33' title="bbox 2128 1861 3704 1963">
    <p class='ocr_par' dir='ltr' id='par_1_33' title="bbox 2128 1861 3704 1963">
     <span class='ocr_line' id='line_1_33' title="bbox 2128 1861 3704 1963; baseline -0.001 -19"><span class='ocrx_word' id='word_1_279' title='bbox 2128 1893 2234 1945; x_wconf 78' lang='grc' dir='ltr'><strong>Καὶ</strong></span> <span class='ocrx_word' id='word_1_280' title='bbox 2284 1861 2445 1946; x_wconf 64' lang='grc' dir='ltr'><strong>πόλιν</strong></span> <span class='ocrx_word' id='word_1_281' title='bbox 2602 1861 2767 1961; x_wconf 72' lang='grc' dir='ltr'><strong>αὑτὴν</strong></span> <span class='ocrx_word' id='word_1_282' title='bbox 2795 1861 3031 1943; x_wconf 65' lang='grc' dir='ltr'><strong>διάνοιαν</strong></span> <span class='ocrx_word' id='word_1_283' title='bbox 3053 1861 3274 1943; x_wconf 77' lang='grc' dir='ltr'><strong>λευκότε</strong></span> <span class='ocrx_word' id='word_1_284' title='bbox 3286 1906 3376 1959; x_wconf 91' lang='grc' dir='ltr'><strong>ρον</strong></span> <span class='ocrx_word' id='word_1_285' title='bbox 3406 1861 3587 1960; x_wconf 62' lang='grc' dir='ltr'><strong>τίθῆσι</strong></span> <span class='ocrx_word' id='word_1_286' title='bbox 3615 1889 3704 1943; x_wconf 84' lang='grc' dir='ltr'><strong>λέ-</strong></span> 
     </span>
    </p>
   </div>
   <div class='ocr_carea' id='block_1_34' title="bbox 459 1973 2021 2052">
    <p class='ocr_par' dir='ltr' id='par_1_34' title="bbox 459 1973 2020 2043">
     <span class='ocr_line' id='line_1_34' title="bbox 459 1973 2020 2043; baseline 0 -17"><span class='ocrx_word' id='word_1_287' title='bbox 459 1995 477 2025; x_wconf 72' lang='lat' dir='ltr'><strong>i</strong></span> <span class='ocrx_word' id='word_1_288' title='bbox 515 1974 588 2028; x_wconf 90' lang='lat' dir='ltr'><strong>hil</strong></span> <span class='ocrx_word' id='word_1_289' title='bbox 621 1975 820 2028; x_wconf 90' lang='lat' dir='ltr'><strong>etenim</strong></span> <span class='ocrx_word' id='word_1_290' title='bbox 854 1973 1138 2043; x_wconf 90' lang='lat' dir='ltr'><strong>pulchrum</strong></span> <span class='ocrx_word' id='word_1_291' title='bbox 1165 1984 1268 2037; x_wconf 88' lang='lat' dir='ltr'><strong>est,</strong></span> <span class='ocrx_word' id='word_1_292' title='bbox 1295 1989 1400 2027; x_wconf 92' lang='lat' dir='ltr'><strong>non</strong></span> <span class='ocrx_word' id='word_1_293' title='bbox 1424 1975 1719 2028; x_wconf 88' lang='lat' dir='ltr'><strong>secundum</strong></span> <span class='ocrx_word' id='word_1_294' title='bbox 1755 1976 2020 2028; x_wconf 83' lang='lat' dir='ltr'><strong>rationem</strong></span> 
     </span>
    </p>
   </div>
   <div class='ocr_carea' id='block_1_35' title="bbox 2128 1973 3706 2052">
    <p class='ocr_par' dir='ltr' id='par_1_35' title="bbox 2128 1974 3706 2052">
     <span class='ocr_line' id='line_1_35' title="bbox 2128 1974 3706 2052; baseline -0.002 -18"><span class='ocrx_word' id='word_1_295' title='bbox 2128 1998 2254 2049; x_wconf 90' lang='grc' dir='ltr'><strong>γων·</strong></span> <span class='ocrx_word' id='word_1_296' title='bbox 2280 1980 2393 2050; x_wconf 87' lang='grc' dir='ltr'><strong>Πρὸ</strong></span> <span class='ocrx_word' id='word_1_297' title='bbox 2420 1981 2529 2052; x_wconf 89' lang='grc' dir='ltr'><strong>γὰρ</strong></span> <span class='ocrx_word' id='word_1_298' title='bbox 2557 1979 2650 2033; x_wconf 88' lang='grc' dir='ltr'><strong>τοῦ</strong></span> <span class='ocrx_word' id='word_1_299' title='bbox 2667 1981 2758 2034; x_wconf 88' lang='grc' dir='ltr'><strong>τὸν</strong></span> <span class='ocrx_word' id='word_1_300' title='bbox 2788 1980 2990 2051; x_wconf 82' lang='grc' dir='ltr'><strong>κόσμον</strong></span> <span class='ocrx_word' id='word_1_301' title='bbox 3017 1974 3177 2043; x_wconf 74' lang='grc' dir='ltr'><strong>εἶναι,</strong></span> <span class='ocrx_word' id='word_1_302' title='bbox 3212 1975 3280 2050; x_wconf 82' lang='grc' dir='ltr'><strong>ἦν</strong></span> <span class='ocrx_word' id='word_1_303' title='bbox 3300 1982 3328 2032; x_wconf 91' lang='lat'><strong>6</strong></span> <span class='ocrx_word' id='word_1_304' title='bbox 3351 1980 3522 2048; x_wconf 87' lang='grc' dir='ltr'><strong>Λόγος</strong></span> <span class='ocrx_word' id='word_1_305' title='bbox 3551 1982 3609 2032; x_wconf 85' lang='grc' dir='ltr'><strong>ὲν</strong></span> <span class='ocrx_word' id='word_1_306' title='bbox 3626 1996 3706 2049; x_wconf 84' lang='grc' dir='ltr'><strong>τῳ</strong></span> 
     </span>
    </p>
   </div>
   <div class='ocr_carea' id='block_1_36' title="bbox 451 2065 2020 2137">
    <p class='ocr_par' dir='ltr' id='par_1_36' title="bbox 451 2065 2020 2137">
     <span class='ocr_line' id='line_1_36' title="bbox 451 2065 2020 2137; baseline 0.001 -19"><span class='ocrx_word' id='word_1_307' title='bbox 451 2086 473 2118; x_wconf 71' lang='grc' dir='ltr'><strong>ι</strong></span> <span class='ocrx_word' id='word_1_308' title='bbox 508 2067 866 2136; x_wconf 88' lang='lat' dir='ltr'><strong>exasciatnm)</strong></span> <span class='ocrx_word' id='word_1_309' title='bbox 890 2067 980 2120; x_wconf 83' lang='lat' dir='ltr'><strong>ubi</strong></span> <span class='ocrx_word' id='word_1_310' title='bbox 1018 2081 1238 2120; x_wconf 86' lang='lat' dir='ltr'><strong>manum</strong></span> <span class='ocrx_word' id='word_1_311' title='bbox 1270 2065 1566 2122; x_wconf 74' lang='lat' dir='ltr'><strong>admovere</strong></span> <span class='ocrx_word' id='word_1_312' title='bbox 1589 2067 1742 2137; x_wconf 90' lang='lat' dir='ltr'><strong>operi</strong></span> <span class='ocrx_word' id='word_1_313' title='bbox 1789 2068 1978 2134; x_wconf 82' lang='lat' dir='ltr'><strong>incipit</strong></span> <span class='ocrx_word' id='word_1_314' title='bbox 2005 2105 2020 2130; x_wconf 97' lang='lat'><strong>,</strong></span> 
     </span>
    </p>
   </div>
   <div class='ocr_carea' id='block_1_37' title="bbox 455 2157 2023 2230">
    <p class='ocr_par' dir='ltr' id='par_1_37' title="bbox 455 2157 2023 2230">
     <span class='ocr_line' id='line_1_37' title="bbox 455 2157 2023 2230; baseline -0.001 -18"><span class='ocrx_word' id='word_1_315' title='bbox 455 2177 474 2212; x_wconf 79' lang='grc' dir='ltr'><strong>ι</strong></span> <span class='ocrx_word' id='word_1_316' title='bbox 516 2160 586 2212; x_wconf 91' lang='lat' dir='ltr'><strong>ita</strong></span> <span class='ocrx_word' id='word_1_317' title='bbox 630 2167 884 2229; x_wconf 84' lang='lat' dir='ltr'><strong>tanquam</strong></span> <span class='ocrx_word' id='word_1_318' title='bbox 920 2159 1146 2230; x_wconf 83' lang='lat' dir='ltr'><strong>alteram</strong></span> <span class='ocrx_word' id='word_1_319' title='bbox 1185 2174 1471 2227; x_wconf 84' lang='lat' dir='ltr'><strong>personam</strong></span> <span class='ocrx_word' id='word_1_320' title='bbox 1499 2157 1696 2213; x_wconf 84' lang='lat' dir='ltr'><strong>affatur</strong></span> <span class='ocrx_word' id='word_1_321' title='bbox 1727 2176 1741 2212; x_wconf 91' lang='lat'>:</span> <span class='ocrx_word' id='word_1_322' title='bbox 1771 2159 1904 2228; x_wconf 85' lang='lat' dir='ltr'><strong>Age,</strong></span> <span class='ocrx_word' id='word_1_323' title='bbox 1943 2158 2023 2211; x_wconf 81' lang='lat' dir='ltr'><strong>fa-</strong></span> 
     </span>
    </p>
   </div>
   <div class='ocr_carea' id='block_1_38' title="bbox 454 2248 2022 2320">
    <p class='ocr_par' dir='ltr' id='par_1_38' title="bbox 454 2248 2022 2320">
     <span class='ocr_line' id='line_1_38' title="bbox 454 2248 2022 2320; baseline 0.001 -18"><span class='ocrx_word' id='word_1_324' title='bbox 454 2270 473 2302; x_wconf 71' lang='lat' dir='ltr'><strong>c</strong></span> <span class='ocrx_word' id='word_1_325' title='bbox 509 2251 742 2314; x_wconf 87' lang='lat' dir='ltr'><strong>ciamus,</strong></span> <span class='ocrx_word' id='word_1_326' title='bbox 776 2249 1028 2318; x_wconf 83' lang='lat' dir='ltr'><strong>inquiens</strong></span> <span class='ocrx_word' id='word_1_327' title='bbox 1069 2268 1082 2303; x_wconf 87' lang='lat'><strong>:</strong></span> <span class='ocrx_word' id='word_1_328' title='bbox 1144 2263 1244 2318; x_wconf 85' lang='lat' dir='ltr'><strong>age</strong></span> <span class='ocrx_word' id='word_1_329' title='bbox 1284 2248 1602 2320; x_wconf 81' lang='lat' dir='ltr'><strong>eﬂingamus</strong></span> <span class='ocrx_word' id='word_1_330' title='bbox 1655 2259 1909 2305; x_wconf 88' lang='lat' dir='ltr'><strong>statuam.</strong></span> <span class='ocrx_word' id='word_1_331' title='bbox 1943 2249 2022 2303; x_wconf 84' lang='lat' dir='ltr'><strong>Ad</strong></span> 
     </span>
    </p>
   </div>
   <div class='ocr_carea' id='block_1_39' title="bbox 453 2341 2024 2406">
    <p class='ocr_par' dir='ltr' id='par_1_39' title="bbox 453 2341 2024 2406">
     <span class='ocr_line' id='line_1_39' title="bbox 453 2341 2024 2406; baseline -0.001 -12"><span class='ocrx_word' id='word_1_332' title='bbox 453 2362 472 2394; x_wconf 77' lang='grc' dir='ltr'><strong>ι</strong></span> <span class='ocrx_word' id='word_1_333' title='bbox 504 2343 750 2398; x_wconf 90' lang='lat' dir='ltr'><strong>eumdem</strong></span> <span class='ocrx_word' id='word_1_334' title='bbox 775 2342 992 2396; x_wconf 91' lang='lat' dir='ltr'><strong>modum</strong></span> <span class='ocrx_word' id='word_1_335' title='bbox 1027 2342 1405 2396; x_wconf 87' lang='lat' dir='ltr'><strong>universorum</strong></span> <span class='ocrx_word' id='word_1_336' title='bbox 1449 2341 1712 2398; x_wconf 90' lang='lat' dir='ltr'><strong>Dominus</strong></span> <span class='ocrx_word' id='word_1_337' title='bbox 1746 2341 1908 2406; x_wconf 88' lang='lat' dir='ltr'><strong>Deus,</strong></span> <span class='ocrx_word' id='word_1_338' title='bbox 1945 2343 2024 2394; x_wconf 90' lang='lat' dir='ltr'><strong>vi-</strong></span> 
     </span>
    </p>
   </div>
   <div class='ocr_carea' id='block_1_40' title="bbox 452 2435 2022 2500">
    <p class='ocr_par' dir='ltr' id='par_1_40' title="bbox 452 2435 2022 2500">
     <span class='ocr_line' id='line_1_40' title="bbox 452 2435 2022 2500; baseline -0.001 -12"><span class='ocrx_word' id='word_1_339' title='bbox 452 2457 470 2488; x_wconf 78' lang='grc' dir='ltr'><strong>ι</strong></span> <span class='ocrx_word' id='word_1_340' title='bbox 512 2447 728 2491; x_wconf 79' lang='lat' dir='ltr'><strong>ventem</strong></span> <span class='ocrx_word' id='word_1_341' title='bbox 755 2436 820 2490; x_wconf 87' lang='lat' dir='ltr'><strong>de</strong></span> <span class='ocrx_word' id='word_1_342' title='bbox 848 2445 994 2490; x_wconf 90' lang='lat' dir='ltr'><strong>terra</strong></span> <span class='ocrx_word' id='word_1_343' title='bbox 1013 2445 1248 2490; x_wconf 86' lang='lat' dir='ltr'><strong>statuam</strong></span> <span class='ocrx_word' id='word_1_344' title='bbox 1273 2435 1596 2500; x_wconf 86' lang='lat' dir='ltr'><strong>eflinxurus,</strong></span> <span class='ocrx_word' id='word_1_345' title='bbox 1619 2451 1723 2490; x_wconf 92' lang='lat' dir='ltr'><strong>non</strong></span> <span class='ocrx_word' id='word_1_346' title='bbox 1758 2436 1824 2489; x_wconf 90' lang='lat' dir='ltr'><strong>ad</strong></span> <span class='ocrx_word' id='word_1_347' title='bbox 1859 2435 2022 2488; x_wconf 87' lang='lat' dir='ltr'><strong>alium</strong></span> 
     </span>
    </p>
   </div>
   <div class='ocr_carea' id='block_1_41' title="bbox 452 2527 2024 2598">
    <p class='ocr_par' dir='ltr' id='par_1_41' title="bbox 452 2527 2024 2598">
     <span class='ocr_line' id='line_1_41' title="bbox 452 2527 2024 2598; baseline 0.001 -20"><span class='ocrx_word' id='word_1_348' title='bbox 452 2548 471 2578; x_wconf 74' lang='grc' dir='ltr'><strong>ι</strong></span> <span class='ocrx_word' id='word_1_349' title='bbox 507 2529 762 2598; x_wconf 79' lang='lat' dir='ltr'><strong>aliquem,</strong></span> <span class='ocrx_word' id='word_1_350' title='bbox 785 2528 878 2583; x_wconf 90' lang='lat' dir='ltr'><strong>sed</strong></span> <span class='ocrx_word' id='word_1_351' title='bbox 911 2527 978 2582; x_wconf 90' lang='lat' dir='ltr'><strong>ad</strong></span> <span class='ocrx_word' id='word_1_352' title='bbox 1005 2543 1161 2582; x_wconf 87' lang='lat' dir='ltr'><strong>suum</strong></span> <span class='ocrx_word' id='word_1_353' title='bbox 1209 2528 1384 2596; x_wconf 90' lang='lat' dir='ltr'><strong>ipsius</strong></span> <span class='ocrx_word' id='word_1_354' title='bbox 1439 2527 1761 2582; x_wconf 89' lang='lat' dir='ltr'><strong>Sermonem</strong></span> <span class='ocrx_word' id='word_1_355' title='bbox 1788 2543 1847 2582; x_wconf 89' lang='lat' dir='ltr'><strong>se</strong></span> <span class='ocrx_word' id='word_1_356' title='bbox 1875 2543 2024 2580; x_wconf 75' lang='lat' dir='ltr'><strong>com-</strong></span> 
     </span>
    </p>
   </div>
   <div class='ocr_carea' id='block_1_42' title="bbox 453 2617 2023 2688">
    <p class='ocr_par' dir='ltr' id='par_1_42' title="bbox 453 2617 2023 2688">
     <span class='ocr_line' id='line_1_42' title="bbox 453 2617 2023 2688; baseline -0.001 -18"><span class='ocrx_word' id='word_1_357' title='bbox 453 2639 473 2670; x_wconf 78' lang='grc' dir='ltr'><strong>ι</strong></span> <span class='ocrx_word' id='word_1_358' title='bbox 516 2621 689 2688; x_wconf 89' lang='lat' dir='ltr'><strong>ponit,</strong></span> <span class='ocrx_word' id='word_1_359' title='bbox 715 2617 1027 2682; x_wconf 77' lang='lat' dir='ltr'><strong>Faciamus,</strong></span> <span class='ocrx_word' id='word_1_360' title='bbox 1063 2620 1241 2684; x_wconf 83' lang='lat' dir='ltr'><strong>aiens,</strong></span> <span class='ocrx_word' id='word_1_361' title='bbox 1275 2619 1562 2684; x_wconf 80' lang='lat' dir='ltr'><strong>hominem,</strong></span> <span class='ocrx_word' id='word_1_362' title='bbox 1613 2634 1719 2675; x_wconf 92' lang='lat' dir='ltr'><strong>non</strong></span> <span class='ocrx_word' id='word_1_363' title='bbox 1771 2618 1839 2673; x_wconf 87' lang='lat' dir='ltr'><strong>ad</strong></span> <span class='ocrx_word' id='word_1_364' title='bbox 1866 2634 2023 2672; x_wconf 86' lang='lat' dir='ltr'><strong>euin-</strong></span> 
     </span>
    </p>
   </div>
   <div class='ocr_carea' id='block_1_43' title="bbox 2131 2070 3704 2143">
    <p class='ocr_par' dir='ltr' id='par_1_43' title="bbox 2131 2070 3704 2143">
     <span class='ocr_line' id='line_1_43' title="bbox 2131 2070 3704 2143; baseline 0.001 -21"><span class='ocrx_word' id='word_1_365' title='bbox 2131 2091 2148 2122; x_wconf 76' lang='grc' dir='ltr'><strong>ι</strong></span> <span class='ocrx_word' id='word_1_366' title='bbox 2176 2073 2369 2143; x_wconf 86' lang='grc' dir='ltr'><strong>Πατρί.</strong></span> <span class='ocrx_word' id='word_1_367' title='bbox 2398 2073 2525 2125; x_wconf 83' lang='grc' dir='ltr'><strong>Ὅτε</strong></span> <span class='ocrx_word' id='word_1_368' title='bbox 2554 2072 2611 2124; x_wconf 88' lang='grc' dir='ltr'><strong>δέ</strong></span> <span class='ocrx_word' id='word_1_369' title='bbox 2631 2073 2659 2124; x_wconf 90' lang='grc' dir='ltr'><strong>ό</strong></span> <span class='ocrx_word' id='word_1_370' title='bbox 2687 2071 2819 2135; x_wconf 85' lang='grc' dir='ltr'><strong>Θεὸς</strong></span> <span class='ocrx_word' id='word_1_371' title='bbox 2836 2071 3229 2141; x_wconf 83' lang='grc' dir='ltr'><strong>παντοκράτωρ</strong></span> <span class='ocrx_word' id='word_1_372' title='bbox 3256 2070 3431 2123; x_wconf 87' lang='grc' dir='ltr'><strong>πάντα</strong></span> <span class='ocrx_word' id='word_1_373' title='bbox 3447 2071 3513 2124; x_wconf 84' lang='grc' dir='ltr'><strong>τὰ</strong></span> <span class='ocrx_word' id='word_1_374' title='bbox 3537 2072 3593 2123; x_wconf 85' lang='grc' dir='ltr'><strong>ἐν</strong></span> <span class='ocrx_word' id='word_1_375' title='bbox 3614 2072 3704 2123; x_wconf 89' lang='grc' dir='ltr'><strong>οὑ-</strong></span> 
     </span>
    </p>
   </div>
   <div class='ocr_carea' id='block_1_44' title="bbox 2129 2159 3702 2234">
    <p class='ocr_par' dir='ltr' id='par_1_44' title="bbox 2129 2159 3702 2234">
     <span class='ocr_line' id='line_1_44' title="bbox 2129 2159 3702 2234; baseline -0.002 -17"><span class='ocrx_word' id='word_1_376' title='bbox 2129 2185 2146 2216; x_wconf 77' lang='grc'><strong>(</strong></span> <span class='ocrx_word' id='word_1_377' title='bbox 2182 2166 2363 2234; x_wconf 86' lang='grc' dir='ltr'><strong>ρανοῖς</strong></span> <span class='ocrx_word' id='word_1_378' title='bbox 2395 2163 2490 2216; x_wconf 79' lang='grc' dir='ltr'><strong>καὶ</strong></span> <span class='ocrx_word' id='word_1_379' title='bbox 2533 2163 2626 2215; x_wconf 71' lang='grc' dir='ltr'><strong>ἐπὶ</strong></span> <span class='ocrx_word' id='word_1_380' title='bbox 2658 2163 2760 2231; x_wconf 85' lang='grc' dir='ltr'><strong>γῆς</strong></span> <span class='ocrx_word' id='word_1_381' title='bbox 2798 2159 3063 2231; x_wconf 78' lang='grc' dir='ltr'><strong>προῦθετο</strong></span> <span class='ocrx_word' id='word_1_382' title='bbox 3109 2161 3353 2230; x_wconf 85' lang='grc' dir='ltr'><strong>ποιῆσαι,</strong></span> <span class='ocrx_word' id='word_1_383' title='bbox 3380 2162 3702 2234; x_wconf 85' lang='grc' dir='ltr'><strong>ἐνεργείαςή</strong></span> 
     </span>
    </p>
   </div>
   <div class='ocr_carea' id='block_1_45' title="bbox 2130 2252 3704 2325">
    <p class='ocr_par' dir='ltr' id='par_1_45' title="bbox 2130 2252 3704 2325">
     <span class='ocr_line' id='line_1_45' title="bbox 2130 2252 3704 2325; baseline -0.002 -16"><span class='ocrx_word' id='word_1_384' title='bbox 2130 2277 2147 2308; x_wconf 78' lang='grc' dir='ltr'>σ</span> <span class='ocrx_word' id='word_1_385' title='bbox 2185 2255 2279 2309; x_wconf 88' lang='grc' dir='ltr'><strong>τοῦ</strong></span> <span class='ocrx_word' id='word_1_386' title='bbox 2301 2256 2506 2325; x_wconf 88' lang='grc' dir='ltr'><strong>κόσμου</strong></span> <span class='ocrx_word' id='word_1_387' title='bbox 2535 2254 2747 2323; x_wconf 80' lang='grc' dir='ltr'><strong>γένεσις</strong></span> <span class='ocrx_word' id='word_1_388' title='bbox 2777 2252 2944 2306; x_wconf 83' lang='grc' dir='ltr'><strong>ἐδεῖτο</strong></span> <span class='ocrx_word' id='word_1_389' title='bbox 2969 2253 3287 2324; x_wconf 71' lang='grc' dir='ltr'><strong>δραπικῆς·</strong></span> <span class='ocrx_word' id='word_1_390' title='bbox 3306 2253 3400 2305; x_wconf 72' lang='grc' dir='ltr'><strong>καὶ</strong></span> <span class='ocrx_word' id='word_1_391' title='bbox 3421 2252 3507 2305; x_wconf 86' lang='grc' dir='ltr'><strong>διὰ</strong></span> <span class='ocrx_word' id='word_1_392' title='bbox 3526 2252 3704 2316; x_wconf 83' lang='grc' dir='ltr'><strong>τοῦτο,</strong></span> 
     </span>
    </p>
   </div>
   <div class='ocr_carea' id='block_1_46' title="bbox 2132 2343 3709 2420">
    <p class='ocr_par' dir='ltr' id='par_1_46' title="bbox 2132 2343 3709 2420">
     <span class='ocr_line' id='line_1_46' title="bbox 2132 2343 3709 2420; baseline 0 -22"><span class='ocrx_word' id='word_1_393' title='bbox 2132 2368 2148 2398; x_wconf 78' lang='grc' dir='ltr'><strong>ι</strong></span> <span class='ocrx_word' id='word_1_394' title='bbox 2182 2347 2406 2420; x_wconf 85' lang='grc' dir='ltr'><strong>μηδενὸς</strong></span> <span class='ocrx_word' id='word_1_395' title='bbox 2435 2346 2587 2409; x_wconf 72' lang='grc' dir='ltr'><strong>ὄντος</strong></span> <span class='ocrx_word' id='word_1_396' title='bbox 2629 2345 2815 2415; x_wconf 82' lang='grc' dir='ltr'><strong>ἐτέρου</strong></span> <span class='ocrx_word' id='word_1_397' title='bbox 2866 2344 3006 2416; x_wconf 81' lang='grc' dir='ltr'><strong>πλὴν</strong></span> <span class='ocrx_word' id='word_1_398' title='bbox 3051 2343 3145 2398; x_wconf 89' lang='grc' dir='ltr'><strong>τοῦ</strong></span> <span class='ocrx_word' id='word_1_399' title='bbox 3171 2343 3328 2410; x_wconf 88' lang='grc' dir='ltr'><strong>Θεοῦ,</strong></span> <span class='ocrx_word' id='word_1_400' title='bbox 3353 2344 3554 2413; x_wconf 86' lang='grc' dir='ltr'><strong>(πάντα</strong></span> <span class='ocrx_word' id='word_1_401' title='bbox 3599 2344 3709 2415; x_wconf 86' lang='grc' dir='ltr'><strong>γὰρ</strong></span> 
     </span>
    </p>
   </div>
   <div class='ocr_carea' id='block_1_47' title="bbox 2130 2434 3711 2509">
    <p class='ocr_par' dir='ltr' id='par_1_47' title="bbox 2130 2434 3711 2509">
     <span class='ocr_line' id='line_1_47' title="bbox 2130 2434 3711 2509; baseline -0.001 -20"><span class='ocrx_word' id='word_1_402' title='bbox 2130 2459 2147 2489; x_wconf 77' lang='grc' dir='ltr'><strong>ι</strong></span> <span class='ocrx_word' id='word_1_403' title='bbox 2180 2438 2521 2509; x_wconf 81' lang='grc' dir='ltr'><strong>ὁμολογεῖται</strong></span> <span class='ocrx_word' id='word_1_404' title='bbox 2565 2437 2655 2489; x_wconf 86' lang='grc' dir='ltr'><strong>ὑπ’</strong></span> <span class='ocrx_word' id='word_1_405' title='bbox 2693 2434 2858 2490; x_wconf 89' lang='grc' dir='ltr'><strong>αὑτοῦ</strong></span> <span class='ocrx_word' id='word_1_406' title='bbox 2902 2435 3305 2507; x_wconf 82' lang='grc' dir='ltr'><strong>γεγεννῆσθαι),</strong></span> <span class='ocrx_word' id='word_1_407' title='bbox 3332 2435 3451 2488; x_wconf 88' lang='grc' dir='ltr'><strong>τότε</strong></span> <span class='ocrx_word' id='word_1_408' title='bbox 3479 2437 3507 2489; x_wconf 90' lang='lat'><strong>6</strong></span> <span class='ocrx_word' id='word_1_409' title='bbox 3540 2435 3711 2503; x_wconf 83' lang='grc' dir='ltr'><strong>Λόγος</strong></span> 
     </span>
    </p>
   </div>
   <div class='ocr_carea' id='block_1_48' title="bbox 2130 2526 3713 2602">
    <p class='ocr_par' dir='ltr' id='par_1_48' title="bbox 2130 2526 3713 2602">
     <span class='ocr_line' id='line_1_48' title="bbox 2130 2526 3713 2602; baseline -0.003 -19"><span class='ocrx_word' id='word_1_410' title='bbox 2130 2551 2147 2583; x_wconf 75' lang='grc' dir='ltr'><strong>ι</strong></span> <span class='ocrx_word' id='word_1_411' title='bbox 2180 2527 2456 2602; x_wconf 87' lang='grc' dir='ltr'><strong>προελθὼν</strong></span> <span class='ocrx_word' id='word_1_412' title='bbox 2472 2528 2680 2597; x_wconf 81' lang='grc' dir='ltr'><strong>ἐγίνετο</strong></span> <span class='ocrx_word' id='word_1_413' title='bbox 2705 2527 2799 2581; x_wconf 91' lang='grc' dir='ltr'><strong>τοῦ</strong></span> <span class='ocrx_word' id='word_1_414' title='bbox 2824 2529 3030 2596; x_wconf 88' lang='grc' dir='ltr'><strong>κόσμου</strong></span> <span class='ocrx_word' id='word_1_415' title='bbox 3065 2527 3314 2599; x_wconf 85' lang='grc' dir='ltr'><strong>ποιητὴς,</strong></span> <span class='ocrx_word' id='word_1_416' title='bbox 3337 2527 3366 2580; x_wconf 85' lang='grc' dir='ltr'>ὃ</span> <span class='ocrx_word' id='word_1_417' title='bbox 3393 2527 3485 2582; x_wconf 75' lang='grc' dir='ltr'><strong>καὶ</strong></span> <span class='ocrx_word' id='word_1_418' title='bbox 3519 2526 3713 2600; x_wconf 86' lang='grc' dir='ltr'><strong>πρότε-</strong></span> 
     </span>
    </p>
   </div>
   <div class='ocr_carea' id='block_1_49' title="bbox 2129 2614 3714 2693">
    <p class='ocr_par' dir='ltr' id='par_1_49' title="bbox 2129 2614 3714 2693">
     <span class='ocr_line' id='line_1_49' title="bbox 2129 2614 3714 2693; baseline -0.003 -19"><span class='ocrx_word' id='word_1_419' title='bbox 2129 2643 2147 2674; x_wconf 79' lang='grc' dir='ltr'><strong>ι</strong></span> <span class='ocrx_word' id='word_1_420' title='bbox 2179 2640 2267 2693; x_wconf 93' lang='grc' dir='ltr'><strong>ρον</strong></span> <span class='ocrx_word' id='word_1_421' title='bbox 2290 2621 2436 2675; x_wconf 80' lang='grc' dir='ltr'><strong>ἔνδον</strong></span> <span class='ocrx_word' id='word_1_422' title='bbox 2466 2619 2673 2690; x_wconf 82' lang='grc' dir='ltr'><strong>νοητῶς</strong></span> <span class='ocrx_word' id='word_1_423' title='bbox 2702 2618 2983 2690; x_wconf 75' lang='grc' dir='ltr'><strong>ὀνομάζων</strong></span> <span class='ocrx_word' id='word_1_424' title='bbox 3006 2618 3218 2672; x_wconf 75' lang='grc' dir='ltr'><strong>αὐτόν.»</strong></span> <span class='ocrx_word' id='word_1_425' title='bbox 3247 2618 3354 2670; x_wconf 78' lang='grc' dir='ltr'><strong>Καὶ</strong></span> <span class='ocrx_word' id='word_1_426' title='bbox 3381 2614 3538 2682; x_wconf 79' lang='grc' dir='ltr'><strong>αὖθις</strong></span> <span class='ocrx_word' id='word_1_427' title='bbox 3575 2617 3714 2689; x_wconf 76' lang='grc' dir='ltr'><strong>μετὰ</strong></span> 
     </span>
    </p>
   </div>
   <div class='ocr_carea' id='block_1_50' title="bbox 453 2707 2021 2781">
    <p class='ocr_par' dir='ltr' id='par_1_50' title="bbox 453 2709 2021 2778">
     <span class='ocr_line' id='line_1_50' title="bbox 453 2709 2021 2778; baseline -0.001 -16"><span class='ocrx_word' id='word_1_428' title='bbox 453 2732 470 2762; x_wconf 78' lang='grc' dir='ltr'><strong>ι</strong></span> <span class='ocrx_word' id='word_1_429' title='bbox 507 2713 630 2766; x_wconf 89' lang='lat' dir='ltr'><strong>dem</strong></span> <span class='ocrx_word' id='word_1_430' title='bbox 667 2709 882 2765; x_wconf 91' lang='lat' dir='ltr'><strong>modum</strong></span> <span class='ocrx_word' id='word_1_431' title='bbox 911 2725 1020 2778; x_wconf 92' lang='lat' dir='ltr'><strong>quo</strong></span> <span class='ocrx_word' id='word_1_432' title='bbox 1064 2720 1258 2764; x_wconf 74' lang='lat' dir='ltr'><strong>caetera</strong></span> <span class='ocrx_word' id='word_1_433' title='bbox 1291 2727 1307 2764; x_wconf 88' lang='lat'><strong>:</strong></span> <span class='ocrx_word' id='word_1_434' title='bbox 1349 2724 1474 2762; x_wconf 90' lang='lat' dir='ltr'><strong>uam</strong></span> <span class='ocrx_word' id='word_1_435' title='bbox 1525 2719 1676 2764; x_wconf 89' lang='lat' dir='ltr'><strong>certe</strong></span> <span class='ocrx_word' id='word_1_436' title='bbox 1723 2709 2021 2762; x_wconf 87' lang='lat' dir='ltr'><strong>secundum</strong></span> 
     </span>
    </p>
   </div>
   <div class='ocr_carea' id='block_1_51' title="bbox 2128 2707 3712 2781">
    <p class='ocr_par' dir='ltr' id='par_1_51' title="bbox 2128 2707 3712 2781">
     <span class='ocr_line' id='line_1_51' title="bbox 2128 2707 3712 2781; baseline -0.001 -15"><span class='ocrx_word' id='word_1_437' title='bbox 2128 2713 2300 2766; x_wconf 84' lang='grc' dir='ltr'><strong>πάντα</strong></span> <span class='ocrx_word' id='word_1_438' title='bbox 2317 2711 2567 2781; x_wconf 83' lang='grc' dir='ltr'><strong>ἐπιφέρει</strong></span> <span class='ocrx_word' id='word_1_439' title='bbox 2595 2710 2787 2778; x_wconf 76' lang='grc' dir='ltr'><strong>λέγων’</strong></span> <span class='ocrx_word' id='word_1_440' title='bbox 2809 2728 2827 2760; x_wconf 76' lang='grc' dir='ltr'><strong>ι</strong></span> <span class='ocrx_word' id='word_1_441' title='bbox 2855 2711 2962 2763; x_wconf 79' lang='grc' dir='ltr'><strong>Καὶ</strong></span> <span class='ocrx_word' id='word_1_442' title='bbox 2981 2707 3070 2762; x_wconf 79' lang='grc' dir='ltr'><strong>διὰ</strong></span> <span class='ocrx_word' id='word_1_443' title='bbox 3089 2707 3245 2761; x_wconf 88' lang='grc' dir='ltr'><strong>τοῦτο</strong></span> <span class='ocrx_word' id='word_1_444' title='bbox 3271 2710 3370 2779; x_wconf 85' lang='grc' dir='ltr'><strong>οὑχ</strong></span> <span class='ocrx_word' id='word_1_445' title='bbox 3396 2710 3534 2762; x_wconf 81' lang='grc' dir='ltr'><strong>Υἱὸν</strong></span> <span class='ocrx_word' id='word_1_446' title='bbox 3563 2709 3712 2765; x_wconf 84' lang='grc' dir='ltr'><strong>Θεοῦ</strong></span> 
     </span>
    </p>
   </div>
   <div class='ocr_carea' id='block_1_52' title="bbox 453 2799 2021 2874">
    <p class='ocr_par' dir='ltr' id='par_1_52' title="bbox 453 2804 2021 2872">
     <span class='ocr_line' id='line_1_52' title="bbox 453 2804 2021 2872; baseline 0 -16"><span class='ocrx_word' id='word_1_447' title='bbox 453 2825 470 2856; x_wconf 86' lang='grc'><strong>‹</strong></span> <span class='ocrx_word' id='word_1_448' title='bbox 517 2805 784 2860; x_wconf 88' lang='lat' dir='ltr'><strong>rationem</strong></span> <span class='ocrx_word' id='word_1_449' title='bbox 809 2806 1066 2860; x_wconf 80' lang='lat' dir='ltr'><strong>universa</strong></span> <span class='ocrx_word' id='word_1_450' title='bbox 1093 2804 1492 2860; x_wconf 88' lang='lat' dir='ltr'><strong>formabantur.</strong></span> <span class='ocrx_word' id='word_1_451' title='bbox 1531 2823 1550 2857; x_wconf 73' lang='grc' dir='ltr'><strong>ι</strong></span> <span class='ocrx_word' id='word_1_452' title='bbox 1570 2804 1733 2858; x_wconf 84' lang='lat' dir='ltr'><strong>Addit</strong></span> <span class='ocrx_word' id='word_1_453' title='bbox 1759 2805 1877 2858; x_wconf 88' lang='lat' dir='ltr'><strong>istis</strong></span> <span class='ocrx_word' id='word_1_454' title='bbox 1906 2813 2021 2872; x_wconf 87' lang='lat' dir='ltr'><strong>post</strong></span> 
     </span>
    </p>
   </div>
   <div class='ocr_carea' id='block_1_53' title="bbox 2128 2799 3714 2874">
    <p class='ocr_par' dir='ltr' id='par_1_53' title="bbox 2129 2799 3714 2874">
     <span class='ocr_line' id='line_1_53' title="bbox 2129 2799 3714 2874; baseline -0.001 -18"><span class='ocrx_word' id='word_1_455' title='bbox 2129 2824 2148 2856; x_wconf 75' lang='grc' dir='ltr'><strong>ι</strong></span> <span class='ocrx_word' id='word_1_456' title='bbox 2173 2805 2361 2858; x_wconf 87' lang='grc' dir='ltr'><strong>ἐαυτὸν</strong></span> <span class='ocrx_word' id='word_1_457' title='bbox 2375 2803 2650 2874; x_wconf 78' lang='grc' dir='ltr'><strong>ὀνομάζει,</strong></span> <span class='ocrx_word' id='word_1_458' title='bbox 2670 2801 2784 2855; x_wconf 84' lang='grc' dir='ltr'><strong>ἀλλ’</strong></span> <span class='ocrx_word' id='word_1_459' title='bbox 2801 2801 3226 2870; x_wconf 77' lang='grc' dir='ltr'><strong>ᾶνθρωπον,ἴνα</strong></span> <span class='ocrx_word' id='word_1_460' title='bbox 3239 2800 3328 2853; x_wconf 76' lang='grc' dir='ltr'><strong>διὰ</strong></span> <span class='ocrx_word' id='word_1_461' title='bbox 3343 2801 3442 2870; x_wconf 80' lang='grc' dir='ltr'><strong>τῆς</strong></span> <span class='ocrx_word' id='word_1_462' title='bbox 3457 2799 3714 2874; x_wconf 82' lang='grc' dir='ltr'><strong>τοιαύτης</strong></span> 
     </span>
    </p>
   </div>
   <div class='ocr_carea' id='block_1_54' title="bbox 447 2891 2021 2969">
    <p class='ocr_par' dir='ltr' id='par_1_54' title="bbox 447 2895 2021 2969">
     <span class='ocr_line' id='line_1_54' title="bbox 447 2895 2021 2969; baseline -0.001 -19"><span class='ocrx_word' id='word_1_463' title='bbox 447 2898 552 2951; x_wconf 82' lang='lat' dir='ltr'><strong>alia</strong></span> <span class='ocrx_word' id='word_1_464' title='bbox 587 2911 603 2950; x_wconf 88' lang='lat'><strong>:</strong></span> <span class='ocrx_word' id='word_1_465' title='bbox 634 2895 726 2969; x_wconf 72' lang='grc' dir='ltr'><strong>[Β.</strong></span> <span class='ocrx_word' id='word_1_466' title='bbox 749 2895 926 2969; x_wconf 82' lang='lat' dir='ltr'>CVIII]</span> <span class='ocrx_word' id='word_1_467' title='bbox 992 2913 1012 2947; x_wconf 75' lang='grc' dir='ltr'><strong>ι</strong></span> <span class='ocrx_word' id='word_1_468' title='bbox 1069 2895 1224 2950; x_wconf 79' lang='lat' dir='ltr'><strong>Nunc</strong></span> <span class='ocrx_word' id='word_1_469' title='bbox 1281 2905 1465 2952; x_wconf 88' lang='lat' dir='ltr'><strong>autem</strong></span> <span class='ocrx_word' id='word_1_470' title='bbox 1518 2896 1692 2951; x_wconf 88' lang='lat' dir='ltr'><strong>sacris</strong></span> <span class='ocrx_word' id='word_1_471' title='bbox 1723 2895 2021 2963; x_wconf 85' lang='lat' dir='ltr'><strong>Scripturis</strong></span> 
     </span>
    </p>
   </div>
   <div class='ocr_carea' id='block_1_55' title="bbox 2128 2891 3714 2969">
    <p class='ocr_par' dir='ltr' id='par_1_55' title="bbox 2130 2891 3714 2966">
     <span class='ocr_line' id='line_1_55' title="bbox 2130 2891 3714 2966; baseline 0.002 -20"><span class='ocrx_word' id='word_1_472' title='bbox 2130 2915 2148 2946; x_wconf 83' lang='lat' dir='ltr'><strong><em>s</em></strong></span> <span class='ocrx_word' id='word_1_473' title='bbox 2172 2894 2459 2966; x_wconf 84' lang='grc' dir='ltr'><strong>ὁμολογίας</strong></span> <span class='ocrx_word' id='word_1_474' title='bbox 2497 2893 2644 2947; x_wconf 78' lang='grc' dir='ltr'><strong>θέσει</strong></span> <span class='ocrx_word' id='word_1_475' title='bbox 2691 2891 2781 2946; x_wconf 90' lang='grc' dir='ltr'><strong>τὸν</strong></span> <span class='ocrx_word' id='word_1_476' title='bbox 2827 2892 3113 2964; x_wconf 78' lang='grc' dir='ltr'><strong>ἄνθρωπον</strong></span> <span class='ocrx_word' id='word_1_477' title='bbox 3129 2893 3216 2946; x_wconf 86' lang='grc' dir='ltr'><strong>διὰ</strong></span> <span class='ocrx_word' id='word_1_478' title='bbox 3254 2892 3352 2964; x_wconf 80' lang='grc' dir='ltr'><strong>τὴν</strong></span> <span class='ocrx_word' id='word_1_479' title='bbox 3382 2893 3519 2966; x_wconf 74' lang='grc' dir='ltr'><strong>πρὸς</strong></span> <span class='ocrx_word' id='word_1_480' title='bbox 3550 2893 3714 2949; x_wconf 84' lang='grc' dir='ltr'><strong>αὑτὸν</strong></span> 
     </span>
    </p>
   </div>
   <div class='ocr_carea' id='block_1_56' title="bbox 454 2983 2021 3060">
    <p class='ocr_par' dir='ltr' id='par_1_56' title="bbox 454 2986 2020 3058">
     <span class='ocr_line' id='line_1_56' title="bbox 454 2986 2020 3058; baseline 0 -18"><span class='ocrx_word' id='word_1_481' title='bbox 454 3008 473 3040; x_wconf 79' lang='lat' dir='ltr'><strong><em>s</em></strong></span> <span class='ocrx_word' id='word_1_482' title='bbox 503 2991 688 3053; x_wconf 90' lang='lat' dir='ltr'><strong>credo,</strong></span> <span class='ocrx_word' id='word_1_483' title='bbox 715 2989 859 3058; x_wconf 90' lang='lat' dir='ltr'><strong>quod</strong></span> <span class='ocrx_word' id='word_1_484' title='bbox 879 3003 1018 3042; x_wconf 91' lang='lat' dir='ltr'><strong>unus</strong></span> <span class='ocrx_word' id='word_1_485' title='bbox 1048 2988 1122 3043; x_wconf 88' lang='lat' dir='ltr'><strong>sit</strong></span> <span class='ocrx_word' id='word_1_486' title='bbox 1160 2987 1324 3052; x_wconf 83' lang='lat' dir='ltr'><strong>Deus,</strong></span> <span class='ocrx_word' id='word_1_487' title='bbox 1373 2996 1429 3042; x_wconf 92' lang='lat' dir='ltr'><strong>et</strong></span> <span class='ocrx_word' id='word_1_488' title='bbox 1463 2988 1582 3056; x_wconf 87' lang='lat' dir='ltr'><strong>ejus</strong></span> <span class='ocrx_word' id='word_1_489' title='bbox 1613 2986 1848 3042; x_wconf 85' lang='lat' dir='ltr'><strong>Verbum</strong></span> <span class='ocrx_word' id='word_1_490' title='bbox 1879 2987 2020 3040; x_wconf 86' lang='lat' dir='ltr'><strong>Deus</strong></span> 
     </span>
    </p>
   </div>
   <div class='ocr_carea' id='block_1_57' title="bbox 2128 2983 3714 3060">
    <p class='ocr_par' dir='ltr' id='par_1_57' title="bbox 2130 2983 3714 3060">
     <span class='ocr_line' id='line_1_57' title="bbox 2130 2983 3714 3060; baseline -0.001 -20"><span class='ocrx_word' id='word_1_491' title='bbox 2130 3009 2148 3040; x_wconf 74' lang='grc' dir='ltr'><strong>ι</strong></span> <span class='ocrx_word' id='word_1_492' title='bbox 2173 2987 2458 3042; x_wconf 84' lang='grc' dir='ltr'><strong>κοινωνίαν</strong></span> <span class='ocrx_word' id='word_1_493' title='bbox 2479 2986 2594 3040; x_wconf 82' lang='grc' dir='ltr'><strong>υἱὸν</strong></span> <span class='ocrx_word' id='word_1_494' title='bbox 2614 2984 2751 3038; x_wconf 82' lang='grc' dir='ltr'><strong>Θεοῦ</strong></span> <span class='ocrx_word' id='word_1_495' title='bbox 2769 2983 3022 3053; x_wconf 83' lang='grc' dir='ltr'><strong>γενέσθαι</strong></span> <span class='ocrx_word' id='word_1_496' title='bbox 3038 2986 3450 3060; x_wconf 82' lang='grc' dir='ltr'><strong>παρασκευάσῃ·</strong></span> <span class='ocrx_word' id='word_1_497' title='bbox 3471 2986 3563 3039; x_wconf 73' lang='grc' dir='ltr'><strong>καὶ</strong></span> <span class='ocrx_word' id='word_1_498' title='bbox 3577 2986 3714 3058; x_wconf 80' lang='grc' dir='ltr'><strong>μετὰ</strong></span> 
     </span>
    </p>
   </div>
   <div class='ocr_carea' id='block_1_58' title="bbox 453 3072 2021 3150">
    <p class='ocr_par' dir='ltr' id='par_1_58' title="bbox 453 3076 2020 3148">
     <span class='ocr_line' id='line_1_58' title="bbox 453 3076 2020 3148; baseline -0.001 -18"><span class='ocrx_word' id='word_1_499' title='bbox 453 3099 472 3130; x_wconf 74' lang='lat' dir='ltr'><strong><em>s</em></strong></span> <span class='ocrx_word' id='word_1_500' title='bbox 508 3093 540 3133; x_wconf 92' lang='lat' dir='ltr'><strong>e</strong></span> <span class='ocrx_word' id='word_1_501' title='bbox 563 3077 722 3132; x_wconf 84' lang='lat' dir='ltr'><strong>Patre</strong></span> <span class='ocrx_word' id='word_1_502' title='bbox 751 3078 969 3148; x_wconf 87' lang='lat' dir='ltr'><strong>quidem</strong></span> <span class='ocrx_word' id='word_1_503' title='bbox 1001 3078 1157 3147; x_wconf 80' lang='lat' dir='ltr'><strong>exiit,</strong></span> <span class='ocrx_word' id='word_1_504' title='bbox 1179 3088 1241 3134; x_wconf 88' lang='lat' dir='ltr'><strong>ut</strong></span> <span class='ocrx_word' id='word_1_505' title='bbox 1265 3077 1447 3133; x_wconf 88' lang='lat' dir='ltr'><strong>omnia</strong></span> <span class='ocrx_word' id='word_1_506' title='bbox 1475 3089 1572 3146; x_wconf 91' lang='lat' dir='ltr'><strong>per</strong></span> <span class='ocrx_word' id='word_1_507' title='bbox 1605 3076 1754 3131; x_wconf 89' lang='lat' dir='ltr'><strong>illum</strong></span> <span class='ocrx_word' id='word_1_508' title='bbox 1809 3077 2020 3130; x_wconf 86' lang='lat' dir='ltr'><strong>fierent.</strong></span> 
     </span>
    </p>
   </div>
   <div class='ocr_carea' id='block_1_59' title="bbox 2128 3072 3714 3150">
    <p class='ocr_par' dir='ltr' id='par_1_59' title="bbox 2132 3072 3714 3150">
     <span class='ocr_line' id='line_1_59' title="bbox 2132 3072 3714 3150; baseline -0.001 -18"><span class='ocrx_word' id='word_1_509' title='bbox 2132 3100 2150 3131; x_wconf 73' lang='grc' dir='ltr'><strong>ι</strong></span> <span class='ocrx_word' id='word_1_510' title='bbox 2172 3079 2235 3132; x_wconf 89' lang='grc' dir='ltr'><strong>τὸ</strong></span> <span class='ocrx_word' id='word_1_511' title='bbox 2277 3077 2430 3142; x_wconf 86' lang='grc' dir='ltr'><strong>τέλος</strong></span> <span class='ocrx_word' id='word_1_512' title='bbox 2462 3078 2562 3148; x_wconf 86' lang='grc' dir='ltr'><strong>τῆς</strong></span> <span class='ocrx_word' id='word_1_513' title='bbox 2611 3075 2861 3146; x_wconf 80' lang='grc' dir='ltr'><strong>πράξεως</strong></span> <span class='ocrx_word' id='word_1_514' title='bbox 2891 3072 3070 3140; x_wconf 82' lang='grc' dir='ltr'><strong>αὖθις,</strong></span> <span class='ocrx_word' id='word_1_515' title='bbox 3099 3077 3175 3140; x_wconf 84' lang='grc' dir='ltr'><strong>ὠς</strong></span> <span class='ocrx_word' id='word_1_516' title='bbox 3224 3076 3402 3146; x_wconf 86' lang='grc' dir='ltr'><strong>λόγος,</strong></span> <span class='ocrx_word' id='word_1_517' title='bbox 3433 3077 3604 3150; x_wconf 84' lang='grc' dir='ltr'><strong>ἐνωθῇ</strong></span> <span class='ocrx_word' id='word_1_518' title='bbox 3634 3077 3714 3148; x_wconf 81' lang='grc' dir='ltr'><strong>τῷ</strong></span> 
     </span>
    </p>
   </div>
   <div class='ocr_carea' id='block_1_60' title="bbox 454 3167 2021 3250">
    <p class='ocr_par' dir='ltr' id='par_1_60' title="bbox 454 3170 2021 3241">
     <span class='ocr_line' id='line_1_60' title="bbox 454 3170 2021 3241; baseline 0.001 -19"><span class='ocrx_word' id='word_1_519' title='bbox 454 3191 474 3222; x_wconf 71' lang='grc' dir='ltr'><strong>ι</strong></span> <span class='ocrx_word' id='word_1_520' title='bbox 511 3170 638 3226; x_wconf 85' lang='lat' dir='ltr'><strong>Post</strong></span> <span class='ocrx_word' id='word_1_521' title='bbox 657 3170 846 3238; x_wconf 81' lang='lat' dir='ltr'><strong>iudicii</strong></span> <span class='ocrx_word' id='word_1_522' title='bbox 879 3180 1089 3241; x_wconf 86' lang='lat' dir='ltr'><strong>tempus</strong></span> <span class='ocrx_word' id='word_1_523' title='bbox 1137 3181 1195 3227; x_wconf 91' lang='lat' dir='ltr'><strong>et</strong></span> <span class='ocrx_word' id='word_1_524' title='bbox 1255 3186 1439 3226; x_wconf 88' lang='lat' dir='ltr'><strong>rerum</strong></span> <span class='ocrx_word' id='word_1_525' title='bbox 1473 3171 1714 3226; x_wconf 87' lang='lat' dir='ltr'><strong>omnium</strong></span> <span class='ocrx_word' id='word_1_526' title='bbox 1747 3182 2021 3224; x_wconf 87' lang='lat' dir='ltr'><strong>restaura-</strong></span> 
     </span>
    </p>
   </div>
   <div class='ocr_carea' id='block_1_61' title="bbox 2128 3167 3716 3250">
    <p class='ocr_par' dir='ltr' id='par_1_61' title="bbox 2132 3167 3716 3242">
     <span class='ocr_line' id='line_1_61' title="bbox 2132 3167 3716 3242; baseline -0.001 -18"><span class='ocrx_word' id='word_1_527' title='bbox 2132 3192 2150 3224; x_wconf 78' lang='grc' dir='ltr'><strong>ι</strong></span> <span class='ocrx_word' id='word_1_528' title='bbox 2171 3167 2425 3241; x_wconf 81' lang='grc' dir='ltr'><strong>Θεῷ,πλη</strong></span> <span class='ocrx_word' id='word_1_529' title='bbox 2432 3168 2540 3241; x_wconf 85' lang='grc' dir='ltr'><strong>ρῶν</strong></span> <span class='ocrx_word' id='word_1_530' title='bbox 2555 3169 2730 3223; x_wconf 82' lang='grc' dir='ltr'><strong>ἐκεῖνο</strong></span> <span class='ocrx_word' id='word_1_531' title='bbox 2741 3168 2802 3221; x_wconf 91' lang='grc' dir='ltr'><strong>τὸ</strong></span> <span class='ocrx_word' id='word_1_532' title='bbox 2817 3167 2922 3221; x_wconf 84' lang='grc' dir='ltr'><strong>ὑπὸ</strong></span> <span class='ocrx_word' id='word_1_533' title='bbox 2935 3168 3028 3221; x_wconf 90' lang='grc' dir='ltr'><strong>τοῦ</strong></span> <span class='ocrx_word' id='word_1_534' title='bbox 3045 3169 3366 3223; x_wconf 77' lang='grc' dir='ltr'><strong>’Λποστόλου</strong></span> <span class='ocrx_word' id='word_1_535' title='bbox 3384 3187 3614 3242; x_wconf 82' lang='grc' dir='ltr'><strong>προειρη</strong></span> <span class='ocrx_word' id='word_1_536' title='bbox 3621 3170 3716 3241; x_wconf 81' lang='grc' dir='ltr'><strong>μέ-</strong></span> 
     </span>
    </p>
   </div>
   <div class='ocr_carea' id='block_1_62' title="bbox 457 3257 2021 3334">
    <p class='ocr_par' dir='ltr' id='par_1_62' title="bbox 457 3263 2021 3334">
     <span class='ocr_line' id='line_1_62' title="bbox 457 3263 2021 3334; baseline 0.001 -19"><span class='ocrx_word' id='word_1_537' title='bbox 457 3282 477 3315; x_wconf 82' lang='lat' dir='ltr'><strong><em>s</em></strong></span> <span class='ocrx_word' id='word_1_538' title='bbox 521 3263 718 3319; x_wconf 89' lang='lat' dir='ltr'><strong>tionem</strong></span> <span class='ocrx_word' id='word_1_539' title='bbox 736 3306 750 3331; x_wconf 91' lang='lat'><strong>,</strong></span> <span class='ocrx_word' id='word_1_540' title='bbox 782 3272 837 3318; x_wconf 90' lang='lat' dir='ltr'><strong>et</strong></span> <span class='ocrx_word' id='word_1_541' title='bbox 869 3264 1131 3334; x_wconf 68' lang='lat' dir='ltr'><strong>oppositae</strong></span> <span class='ocrx_word' id='word_1_542' title='bbox 1158 3263 1444 3334; x_wconf 87' lang='lat' dir='ltr'><strong>potestatis</strong></span> <span class='ocrx_word' id='word_1_543' title='bbox 1469 3264 1843 3333; x_wconf 84' lang='lat' dir='ltr'><strong>cujuscunque</strong></span> <span class='ocrx_word' id='word_1_544' title='bbox 1869 3277 2021 3316; x_wconf 84' lang='lat' dir='ltr'><strong>amo-</strong></span> 
     </span>
    </p>
   </div>
   <div class='ocr_carea' id='block_1_63' title="bbox 2128 3257 3715 3334">
    <p class='ocr_par' dir='ltr' id='par_1_63' title="bbox 2128 3257 3715 3328">
     <span class='ocr_line' id='line_1_63' title="bbox 2128 3257 3715 3328; baseline -0.001 -12"><span class='ocrx_word' id='word_1_545' title='bbox 2128 3285 2142 3317; x_wconf 86' lang='grc' dir='ltr'><strong>ι</strong></span> <span class='ocrx_word' id='word_1_546' title='bbox 2167 3279 2273 3316; x_wconf 89' lang='grc' dir='ltr'><strong>νον.</strong></span> <span class='ocrx_word' id='word_1_547' title='bbox 2298 3261 2434 3316; x_wconf 84' lang='grc' dir='ltr'><strong>Τότε</strong></span> <span class='ocrx_word' id='word_1_548' title='bbox 2451 3259 2633 3326; x_wconf 82' lang='grc' dir='ltr'><strong>αὐτὸς</strong></span> <span class='ocrx_word' id='word_1_549' title='bbox 2651 3257 3096 3328; x_wconf 67' lang='grc' dir='ltr'><strong>ὑποταγήσεται</strong></span> <span class='ocrx_word' id='word_1_550' title='bbox 3117 3258 3196 3324; x_wconf 85' lang='grc' dir='ltr'><strong>τῷ</strong></span> <span class='ocrx_word' id='word_1_551' title='bbox 3210 3260 3579 3326; x_wconf 76' lang='grc' dir='ltr'><strong>ὑποτάξαντι</strong></span> <span class='ocrx_word' id='word_1_552' title='bbox 3610 3263 3715 3315; x_wconf 88' lang='grc' dir='ltr'><strong>αὐ-</strong></span> 
     </span>
    </p>
   </div>
   <div class='ocr_carea' id='block_1_64' title="bbox 456 3343 2021 3425">
    <p class='ocr_par' dir='ltr' id='par_1_64' title="bbox 456 3353 2016 3422">
     <span class='ocr_line' id='line_1_64' title="bbox 456 3353 2016 3422; baseline -0.001 -15"><span class='ocrx_word' id='word_1_553' title='bbox 456 3373 476 3407; x_wconf 87' lang='lat' dir='ltr'><strong><em>s</em></strong></span> <span class='ocrx_word' id='word_1_554' title='bbox 520 3354 784 3419; x_wconf 90' lang='lat' dir='ltr'><strong>litionem,</strong></span> <span class='ocrx_word' id='word_1_555' title='bbox 811 3363 935 3408; x_wconf 85' lang='lat' dir='ltr'><strong>tunc</strong></span> <span class='ocrx_word' id='word_1_556' title='bbox 951 3353 1264 3419; x_wconf 76' lang='lat' dir='ltr'><strong>subiicietur</strong></span> <span class='ocrx_word' id='word_1_557' title='bbox 1293 3355 1399 3422; x_wconf 83' lang='lat' dir='ltr'><strong>ipse</strong></span> <span class='ocrx_word' id='word_1_558' title='bbox 1441 3354 1546 3417; x_wconf 83' lang='lat' dir='ltr'><strong>illi,</strong></span> <span class='ocrx_word' id='word_1_559' title='bbox 1582 3355 1672 3422; x_wconf 89' lang='lat' dir='ltr'><strong>qui</strong></span> <span class='ocrx_word' id='word_1_560' title='bbox 1709 3356 1757 3406; x_wconf 88' lang='lat' dir='ltr'><strong>ei</strong></span> <span class='ocrx_word' id='word_1_561' title='bbox 1791 3353 2016 3422; x_wconf 80' lang='lat' dir='ltr'><strong>subjecit</strong></span> 
     </span>
    </p>
   </div>
   <div class='ocr_carea' id='block_1_65' title="bbox 2128 3343 3710 3425">
    <p class='ocr_par' dir='ltr' id='par_1_65' title="bbox 2128 3343 3710 3425">
     <span class='ocr_line' id='line_1_65' title="bbox 2128 3343 3710 3425; baseline 0 -19"><span class='ocrx_word' id='word_1_562' title='bbox 2128 3373 2142 3405; x_wconf 86' lang='grc' dir='ltr'><strong>ι</strong></span> <span class='ocrx_word' id='word_1_563' title='bbox 2168 3351 2247 3418; x_wconf 82' lang='grc' dir='ltr'><strong>τῷ</strong></span> <span class='ocrx_word' id='word_1_564' title='bbox 2261 3351 2332 3405; x_wconf 85' lang='grc' dir='ltr'><strong>τὰ</strong></span> <span class='ocrx_word' id='word_1_565' title='bbox 2345 3349 2666 3414; x_wconf 59' lang='lat' dir='ltr'><strong>adrerum</strong></span> <span class='ocrx_word' id='word_1_566' title='bbox 2678 3343 2718 3420; x_wconf 78' lang='grc' dir='ltr'><em>ᾖ</em></span> <span class='ocrx_word' id='word_1_567' title='bbox 2733 3347 2928 3403; x_wconf 82' lang='grc' dir='ltr'><strong>πάντα</strong></span> <span class='ocrx_word' id='word_1_568' title='bbox 2942 3350 3039 3403; x_wconf 77' lang='grc' dir='ltr'><strong>καί</strong></span> <span class='ocrx_word' id='word_1_569' title='bbox 3056 3351 3127 3404; x_wconf 74' lang='grc' dir='ltr'><strong>ἐν</strong></span> <span class='ocrx_word' id='word_1_570' title='bbox 3141 3349 3292 3406; x_wconf 82' lang='grc' dir='ltr'><strong>πᾶσι</strong></span> <span class='ocrx_word' id='word_1_571' title='bbox 3306 3355 3560 3420; x_wconf 69' lang='grc' dir='ltr'><strong>Χριστός</strong></span> <span class='ocrx_word' id='word_1_572' title='bbox 3575 3353 3710 3425; x_wconf 84' lang='grc'><strong>(51).</strong></span> 
     </span>
    </p>
   </div>
   <div class='ocr_carea' id='block_1_66' title="bbox 456 3442 2021 3521">
    <p class='ocr_par' dir='ltr' id='par_1_66' title="bbox 456 3443 2020 3512">
     <span class='ocr_line' id='line_1_66' title="bbox 456 3443 2020 3512; baseline -0.001 -14"><span class='ocrx_word' id='word_1_573' title='bbox 456 3465 476 3498; x_wconf 81' lang='lat' dir='ltr'><strong><em>s</em></strong></span> <span class='ocrx_word' id='word_1_574' title='bbox 509 3446 688 3501; x_wconf 83' lang='lat' dir='ltr'><strong>omnia</strong></span> <span class='ocrx_word' id='word_1_575' title='bbox 715 3446 759 3512; x_wconf 83' lang='grc'><strong>³,</strong></span> <span class='ocrx_word' id='word_1_576' title='bbox 795 3445 903 3500; x_wconf 90' lang='lat' dir='ltr'><strong>Deo</strong></span> <span class='ocrx_word' id='word_1_577' title='bbox 950 3451 1006 3499; x_wconf 89' lang='lat' dir='ltr'><strong>et</strong></span> <span class='ocrx_word' id='word_1_578' title='bbox 1055 3445 1223 3510; x_wconf 75' lang='lat' dir='ltr'><strong>Patri,</strong></span> <span class='ocrx_word' id='word_1_579' title='bbox 1269 3454 1328 3498; x_wconf 92' lang='lat' dir='ltr'><strong>ut</strong></span> <span class='ocrx_word' id='word_1_580' title='bbox 1358 3445 1424 3498; x_wconf 87' lang='lat' dir='ltr'><strong>ad</strong></span> <span class='ocrx_word' id='word_1_581' title='bbox 1456 3460 1582 3500; x_wconf 89' lang='lat' dir='ltr'><strong>eum</strong></span> <span class='ocrx_word' id='word_1_582' title='bbox 1617 3444 1831 3498; x_wconf 91' lang='lat' dir='ltr'><strong>modum</strong></span> <span class='ocrx_word' id='word_1_583' title='bbox 1864 3445 1936 3498; x_wconf 90' lang='lat' dir='ltr'><strong>sit</strong></span> <span class='ocrx_word' id='word_1_584' title='bbox 1969 3443 2020 3496; x_wconf 90' lang='lat' dir='ltr'><strong>in</strong></span> 
     </span>
    </p>
   </div>
   <div class='ocr_carea' id='block_1_67' title="bbox 2128 3442 3714 3521">
    <p class='ocr_par' dir='ltr' id='par_1_67' title="bbox 2128 3442 3714 3521">
     <span class='ocr_line' id='line_1_67' title="bbox 2128 3442 3714 3521; baseline -0.002 -20"><span class='ocrx_word' id='word_1_585' title='bbox 2128 3469 2144 3501; x_wconf 81' lang='grc' dir='ltr'><strong>ι</strong></span> <span class='ocrx_word' id='word_1_586' title='bbox 2177 3449 2369 3501; x_wconf 87' lang='grc' dir='ltr'><strong>Ἔσται</strong></span> <span class='ocrx_word' id='word_1_587' title='bbox 2388 3445 2497 3518; x_wconf 80' lang='grc' dir='ltr'><strong>γὰρ</strong></span> <span class='ocrx_word' id='word_1_588' title='bbox 2511 3442 2816 3517; x_wconf 86' lang='grc' dir='ltr'><strong>τηνικαῦτα</strong></span> <span class='ocrx_word' id='word_1_589' title='bbox 2842 3445 2989 3499; x_wconf 81' lang='grc' dir='ltr'><strong>τοῦθ’</strong></span> <span class='ocrx_word' id='word_1_590' title='bbox 3023 3447 3160 3520; x_wconf 84' lang='grc' dir='ltr'><strong>ὅπερ</strong></span> <span class='ocrx_word' id='word_1_591' title='bbox 3189 3449 3451 3521; x_wconf 84' lang='grc' dir='ltr'><strong>πρότερον</strong></span> <span class='ocrx_word' id='word_1_592' title='bbox 3465 3444 3584 3517; x_wconf 77' lang='grc' dir='ltr'><strong>ἦν.»</strong></span> <span class='ocrx_word' id='word_1_593' title='bbox 3615 3445 3714 3498; x_wconf 76' lang='grc' dir='ltr'><strong>Διὰ</strong></span> 
     </span>
    </p>
   </div>
   <div class='ocr_carea' id='block_1_68' title="bbox 456 3533 2021 3610">
    <p class='ocr_par' dir='ltr' id='par_1_68' title="bbox 456 3534 2020 3605">
     <span class='ocr_line' id='line_1_68' title="bbox 456 3534 2020 3605; baseline -0.003 -13"><span class='ocrx_word' id='word_1_594' title='bbox 456 3557 476 3592; x_wconf 74' lang='grc' dir='ltr'><strong>ι</strong></span> <span class='ocrx_word' id='word_1_595' title='bbox 513 3537 620 3592; x_wconf 91' lang='lat' dir='ltr'><strong>Deo</strong></span> <span class='ocrx_word' id='word_1_596' title='bbox 652 3537 868 3592; x_wconf 87' lang='lat' dir='ltr'><strong>demum</strong></span> <span class='ocrx_word' id='word_1_597' title='bbox 893 3535 1154 3599; x_wconf 85' lang='lat' dir='ltr'><strong>Verbum,</strong></span> <span class='ocrx_word' id='word_1_598' title='bbox 1179 3551 1288 3605; x_wconf 93' lang='lat' dir='ltr'><strong>quo</strong></span> <span class='ocrx_word' id='word_1_599' title='bbox 1312 3536 1463 3604; x_wconf 86' lang='lat' dir='ltr'><strong>prius</strong></span> <span class='ocrx_word' id='word_1_600' title='bbox 1484 3535 1610 3590; x_wconf 85' lang='lat' dir='ltr'><strong>olim</strong></span> <span class='ocrx_word' id='word_1_601' title='bbox 1643 3534 1838 3600; x_wconf 88' lang='lat' dir='ltr'><strong>fuerat,</strong></span> <span class='ocrx_word' id='word_1_602' title='bbox 1859 3551 2020 3605; x_wconf 90' lang='lat' dir='ltr'><strong>quam</strong></span> 
     </span>
    </p>
   </div>
   <div class='ocr_carea' id='block_1_69' title="bbox 2128 3533 3710 3610">
    <p class='ocr_par' dir='ltr' id='par_1_69' title="bbox 2128 3533 3710 3610">
     <span class='ocr_line' id='line_1_69' title="bbox 2128 3533 3710 3610; baseline -0.005 -17"><span class='ocrx_word' id='word_1_603' title='bbox 2128 3539 2388 3594; x_wconf 84' lang='grc' dir='ltr'><strong>τοσούτων</strong></span> <span class='ocrx_word' id='word_1_604' title='bbox 2412 3536 2732 3610; x_wconf 82' lang='grc' dir='ltr'><strong>Μάρκελλος</strong></span> <span class='ocrx_word' id='word_1_605' title='bbox 2763 3540 2948 3607; x_wconf 80' lang='grc' dir='ltr'><strong>γυμνῇ</strong></span> <span class='ocrx_word' id='word_1_606' title='bbox 2990 3539 3056 3606; x_wconf 83' lang='grc' dir='ltr'><strong>τῇ</strong></span> <span class='ocrx_word' id='word_1_607' title='bbox 3092 3537 3302 3607; x_wconf 78' lang='grc' dir='ltr'><strong>κεφαλῇ</strong></span> <span class='ocrx_word' id='word_1_608' title='bbox 3335 3536 3425 3588; x_wconf 81' lang='grc' dir='ltr'><strong>τὸν</strong></span> <span class='ocrx_word' id='word_1_609' title='bbox 3459 3535 3585 3587; x_wconf 84' lang='grc' dir='ltr'><strong>Υίὸν</strong></span> <span class='ocrx_word' id='word_1_610' title='bbox 3619 3533 3710 3586; x_wconf 88' lang='grc' dir='ltr'><strong>τοῦ</strong></span> 
     </span>
    </p>
   </div>
   <div class='ocr_carea' id='block_1_70' title="bbox 459 3622 2021 3700">
    <p class='ocr_par' dir='ltr' id='par_1_70' title="bbox 459 3623 2021 3694">
     <span class='ocr_line' id='line_1_70' title="bbox 459 3623 2021 3694; baseline 0.003 -20"><span class='ocrx_word' id='word_1_611' title='bbox 459 3643 476 3674; x_wconf 75' lang='grc' dir='ltr'><strong>ι</strong></span> <span class='ocrx_word' id='word_1_612' title='bbox 520 3627 754 3679; x_wconf 89' lang='lat' dir='ltr'><strong>mundus</strong></span> <span class='ocrx_word' id='word_1_613' title='bbox 787 3634 1093 3678; x_wconf 86' lang='lat' dir='ltr'><strong>crearetur.</strong></span> <span class='ocrx_word' id='word_1_614' title='bbox 1123 3623 1258 3678; x_wconf 80' lang='lat' dir='ltr'><strong>Nam</strong></span> <span class='ocrx_word' id='word_1_615' title='bbox 1287 3639 1407 3678; x_wconf 80' lang='lat' dir='ltr'><strong>cum</strong></span> <span class='ocrx_word' id='word_1_616' title='bbox 1440 3625 1591 3693; x_wconf 88' lang='lat' dir='ltr'><strong>prius</strong></span> <span class='ocrx_word' id='word_1_617' title='bbox 1631 3624 1766 3679; x_wconf 87' lang='lat' dir='ltr'><strong>nihil</strong></span> <span class='ocrx_word' id='word_1_618' title='bbox 1803 3639 2021 3694; x_wconf 86' lang='lat' dir='ltr'><strong>prorsus</strong></span> 
     </span>
    </p>
   </div>
   <div class='ocr_carea' id='block_1_71' title="bbox 2128 3622 3712 3700">
    <p class='ocr_par' dir='ltr' id='par_1_71' title="bbox 2128 3622 3712 3700">
     <span class='ocr_line' id='line_1_71' title="bbox 2128 3622 3712 3700; baseline -0.006 -16"><span class='ocrx_word' id='word_1_619' title='bbox 2128 3631 2262 3684; x_wconf 86' lang='grc' dir='ltr'><strong>Θεοῦ</strong></span> <span class='ocrx_word' id='word_1_620' title='bbox 2292 3629 2624 3700; x_wconf 80' lang='grc' dir='ltr'><strong>ἐξωμόσατο.</strong></span> <span class='ocrx_word' id='word_1_621' title='bbox 2647 3627 2710 3680; x_wconf 80' lang='grc' dir='ltr'><strong>Εἰ</strong></span> <span class='ocrx_word' id='word_1_622' title='bbox 2727 3626 2835 3698; x_wconf 81' lang='grc' dir='ltr'><strong>γὰρ</strong></span> <span class='ocrx_word' id='word_1_623' title='bbox 2866 3627 2924 3680; x_wconf 78' lang='grc' dir='ltr'><strong>ἓν</strong></span> <span class='ocrx_word' id='word_1_624' title='bbox 2957 3629 3053 3684; x_wconf 74' lang='grc' dir='ltr'><strong>καὶ</strong></span> <span class='ocrx_word' id='word_1_625' title='bbox 3084 3627 3280 3680; x_wconf 83' lang='grc' dir='ltr'><strong>ταύτὸν</strong></span> <span class='ocrx_word' id='word_1_626' title='bbox 3301 3622 3370 3698; x_wconf 80' lang='grc' dir='ltr'><strong>ἦν</strong></span> <span class='ocrx_word' id='word_1_627' title='bbox 3397 3627 3426 3679; x_wconf 86' lang='lat'><strong>6</strong></span> <span class='ocrx_word' id='word_1_628' title='bbox 3451 3624 3712 3687; x_wconf 71' lang='grc' dir='ltr'><strong>Θεὸς,καὶ</strong></span> 
     </span>
    </p>
   </div>
   <div class='ocr_carea' id='block_1_72' title="bbox 458 3712 2021 3790">
    <p class='ocr_par' dir='ltr' id='par_1_72' title="bbox 458 3717 2021 3782">
     <span class='ocr_line' id='line_1_72' title="bbox 458 3717 2021 3782; baseline 0.003 -14"><span class='ocrx_word' id='word_1_629' title='bbox 458 3735 477 3767; x_wconf 77' lang='grc' dir='ltr'><strong>ι</strong></span> <span class='ocrx_word' id='word_1_630' title='bbox 514 3727 752 3772; x_wconf 87' lang='lat' dir='ltr'><strong>exstaret</strong></span> <span class='ocrx_word' id='word_1_631' title='bbox 783 3718 887 3772; x_wconf 91' lang='lat' dir='ltr'><strong>nisi</strong></span> <span class='ocrx_word' id='word_1_632' title='bbox 918 3717 1066 3773; x_wconf 88' lang='lat' dir='ltr'><strong>solus</strong></span> <span class='ocrx_word' id='word_1_633' title='bbox 1097 3717 1260 3782; x_wconf 87' lang='lat' dir='ltr'><strong>Deus,</strong></span> <span class='ocrx_word' id='word_1_634' title='bbox 1300 3718 1581 3773; x_wconf 88' lang='lat' dir='ltr'><strong>condenda</strong></span> <span class='ocrx_word' id='word_1_635' title='bbox 1613 3728 1793 3773; x_wconf 90' lang='lat' dir='ltr'><strong>autem</strong></span> <span class='ocrx_word' id='word_1_636' title='bbox 1843 3727 2021 3772; x_wconf 88' lang='lat' dir='ltr'><strong>essent</strong></span> 
     </span>
    </p>
   </div>
   <div class='ocr_carea' id='block_1_73' title="bbox 2128 3712 3712 3790">
    <p class='ocr_par' dir='ltr' id='par_1_73' title="bbox 2128 3712 3712 3790">
     <span class='ocr_line' id='line_1_73' title="bbox 2128 3712 3712 3790; baseline -0.005 -15"><span class='ocrx_word' id='word_1_637' title='bbox 2128 3724 2153 3775; x_wconf 88' lang='lat'><strong>6</strong></span> <span class='ocrx_word' id='word_1_638' title='bbox 2187 3724 2242 3774; x_wconf 83' lang='grc' dir='ltr'><strong>ἐν</strong></span> <span class='ocrx_word' id='word_1_639' title='bbox 2270 3718 2417 3790; x_wconf 83' lang='grc' dir='ltr'><strong>αὑτῷ</strong></span> <span class='ocrx_word' id='word_1_640' title='bbox 2447 3717 2638 3786; x_wconf 86' lang='grc' dir='ltr'><strong>Λόγος,</strong></span> <span class='ocrx_word' id='word_1_641' title='bbox 2665 3716 2840 3778; x_wconf 77' lang='grc' dir='ltr'><strong>οὐδεὶς</strong></span> <span class='ocrx_word' id='word_1_642' title='bbox 2872 3715 2928 3769; x_wconf 85' lang='grc' dir='ltr'><strong>δὲ</strong></span> <span class='ocrx_word' id='word_1_643' title='bbox 2956 3715 3173 3769; x_wconf 85' lang='grc' dir='ltr'><strong>πώποτε</strong></span> <span class='ocrx_word' id='word_1_644' title='bbox 3198 3716 3360 3779; x_wconf 86' lang='grc' dir='ltr'><strong>αὑτὸς</strong></span> <span class='ocrx_word' id='word_1_645' title='bbox 3394 3712 3586 3768; x_wconf 78' lang='grc' dir='ltr'><strong>ἑαυτοῦ</strong></span> <span class='ocrx_word' id='word_1_646' title='bbox 3617 3714 3712 3782; x_wconf 86' lang='grc' dir='ltr'><strong>γέ-</strong></span> 
     </span>
    </p>
   </div>
   <div class='ocr_carea' id='block_1_74' title="bbox 459 3804 2021 3880">
    <p class='ocr_par' dir='ltr' id='par_1_74' title="bbox 459 3808 2021 3880">
     <span class='ocr_line' id='line_1_74' title="bbox 459 3808 2021 3880; baseline 0.001 -20"><span class='ocrx_word' id='word_1_647' title='bbox 459 3827 476 3858; x_wconf 82' lang='grc' dir='ltr'><strong>ι</strong></span> <span class='ocrx_word' id='word_1_648' title='bbox 513 3811 697 3863; x_wconf 85' lang='lat' dir='ltr'><strong>omnia</strong></span> <span class='ocrx_word' id='word_1_649' title='bbox 736 3823 832 3878; x_wconf 89' lang='lat' dir='ltr'><strong>per</strong></span> <span class='ocrx_word' id='word_1_650' title='bbox 866 3808 1128 3876; x_wconf 85' lang='lat' dir='ltr'><strong>Verbum,</strong></span> <span class='ocrx_word' id='word_1_651' title='bbox 1168 3811 1368 3880; x_wconf 93' lang='lat' dir='ltr'><strong>prodiit</strong></span> <span class='ocrx_word' id='word_1_652' title='bbox 1391 3809 1628 3864; x_wconf 85' lang='lat' dir='ltr'><strong>Verbum</strong></span> <span class='ocrx_word' id='word_1_653' title='bbox 1665 3810 1865 3864; x_wconf 76' lang='lat' dir='ltr'><strong>virtute</strong></span> <span class='ocrx_word' id='word_1_654' title='bbox 1891 3824 2021 3879; x_wconf 46' lang='lat' dir='ltr'><strong>pra»</strong></span> 
     </span>
    </p>
   </div>
   <div class='ocr_carea' id='block_1_75' title="bbox 2128 3804 3715 3880">
    <p class='ocr_par' dir='ltr' id='par_1_75' title="bbox 2128 3804 3715 3880">
     <span class='ocr_line' id='line_1_75' title="bbox 2128 3804 3715 3880; baseline -0.004 -14"><span class='ocrx_word' id='word_1_655' title='bbox 2128 3812 2257 3867; x_wconf 80' lang='grc' dir='ltr'><strong>νοιτ’</strong></span> <span class='ocrx_word' id='word_1_656' title='bbox 2314 3810 2380 3864; x_wconf 82' lang='grc' dir='ltr'><strong>ἂν</strong></span> <span class='ocrx_word' id='word_1_657' title='bbox 2418 3809 2628 3880; x_wconf 84' lang='grc' dir='ltr'><strong>Πατὴρ,</strong></span> <span class='ocrx_word' id='word_1_658' title='bbox 2659 3808 2735 3872; x_wconf 84' lang='grc' dir='ltr'><strong>ὡς</strong></span> <span class='ocrx_word' id='word_1_659' title='bbox 2789 3807 2896 3860; x_wconf 82' lang='grc' dir='ltr'><strong>οὐδ’</strong></span> <span class='ocrx_word' id='word_1_660' title='bbox 2927 3808 3087 3870; x_wconf 85' lang='grc' dir='ltr'><strong>αὑτὸς</strong></span> <span class='ocrx_word' id='word_1_661' title='bbox 3125 3808 3318 3860; x_wconf 84' lang='grc' dir='ltr'><strong>ἐαυτοῦ</strong></span> <span class='ocrx_word' id='word_1_662' title='bbox 3353 3808 3468 3870; x_wconf 84' lang='grc' dir='ltr'><strong>υίὸς</strong></span> <span class='ocrx_word' id='word_1_663' title='bbox 3511 3804 3586 3859; x_wconf 86' lang='grc' dir='ltr'><strong>ὣν</strong></span> <span class='ocrx_word' id='word_1_664' title='bbox 3619 3807 3715 3859; x_wconf 77' lang='grc' dir='ltr'><strong>καὶ</strong></span> 
     </span>
    </p>
   </div>
   <div class='ocr_carea' id='block_1_76' title="bbox 459 3897 2021 3975">
    <p class='ocr_par' dir='ltr' id='par_1_76' title="bbox 459 3901 2021 3971">
     <span class='ocr_line' id='line_1_76' title="bbox 459 3901 2021 3971; baseline 0.001 -19"><span class='ocrx_word' id='word_1_665' title='bbox 459 3920 478 3952; x_wconf 82' lang='lat' dir='ltr'><strong><em>s</em></strong></span> <span class='ocrx_word' id='word_1_666' title='bbox 511 3903 686 3955; x_wconf 83' lang='lat' dir='ltr'><strong>ditutn</strong></span> <span class='ocrx_word' id='word_1_667' title='bbox 719 3903 1028 3971; x_wconf 73' lang='lat' dir='ltr'><strong>olieratrice</strong></span> <span class='ocrx_word' id='word_1_668' title='bbox 1059 3919 1074 3956; x_wconf 88' lang='lat'><strong>:</strong></span> <span class='ocrx_word' id='word_1_669' title='bbox 1109 3901 1344 3958; x_wconf 87' lang='lat' dir='ltr'><strong>Verbum</strong></span> <span class='ocrx_word' id='word_1_670' title='bbox 1380 3902 1598 3971; x_wconf 85' lang='lat' dir='ltr'><strong>inquam</strong></span> <span class='ocrx_word' id='word_1_671' title='bbox 1631 3901 1761 3956; x_wconf 80' lang='lat' dir='ltr'><strong>illud</strong></span> <span class='ocrx_word' id='word_1_672' title='bbox 1793 3902 1935 3970; x_wconf 89' lang='lat' dir='ltr'><strong>quod</strong></span> <span class='ocrx_word' id='word_1_673' title='bbox 1971 3901 2021 3954; x_wconf 88' lang='lat' dir='ltr'><strong>in</strong></span> 
     </span>
    </p>
   </div>
   <div class='ocr_carea' id='block_1_77' title="bbox 2128 3897 3715 3975">
    <p class='ocr_par' dir='ltr' id='par_1_77' title="bbox 2134 3897 3715 3975">
     <span class='ocr_line' id='line_1_77' title="bbox 2134 3897 3715 3975; baseline -0.004 -18"><span class='ocrx_word' id='word_1_674' title='bbox 2134 3904 2313 3975; x_wconf 91' lang='grc' dir='ltr'><strong>μόνος,</strong></span> <span class='ocrx_word' id='word_1_675' title='bbox 2336 3898 2415 3965; x_wconf 76' lang='grc' dir='ltr'><strong>εἷς</strong></span> <span class='ocrx_word' id='word_1_676' title='bbox 2437 3901 2493 3954; x_wconf 86' lang='grc' dir='ltr'><strong>δὲ</strong></span> <span class='ocrx_word' id='word_1_677' title='bbox 2524 3900 2682 3972; x_wconf 85' lang='grc' dir='ltr'><strong>μόνος</strong></span> <span class='ocrx_word' id='word_1_678' title='bbox 2711 3897 2799 3971; x_wconf 79' lang='grc' dir='ltr'><strong>ἦν,</strong></span> <span class='ocrx_word' id='word_1_679' title='bbox 2831 3900 2928 3953; x_wconf 69' lang='grc' dir='ltr'><strong>καὶ</strong></span> <span class='ocrx_word' id='word_1_680' title='bbox 2962 3900 3151 3964; x_wconf 82' lang='grc' dir='ltr'><strong>ἐαυτὸς</strong></span> <span class='ocrx_word' id='word_1_681' title='bbox 3179 3898 3255 3968; x_wconf 82' lang='grc' dir='ltr'><strong>τῷ</strong></span> <span class='ocrx_word' id='word_1_682' title='bbox 3283 3897 3476 3952; x_wconf 83' lang='grc' dir='ltr'><strong>ἑαυτοῦ</strong></span> <span class='ocrx_word' id='word_1_683' title='bbox 3503 3898 3660 3967; x_wconf 86' lang='grc' dir='ltr'><strong>Λόγῳ</strong></span> <span class='ocrx_word' id='word_1_684' title='bbox 3685 3898 3715 3950; x_wconf 88' lang='lat'><strong>6</strong></span> 
     </span>
    </p>
   </div>
   <div class='ocr_carea' id='block_1_78' title="bbox 458 3985 2021 4064">
    <p class='ocr_par' dir='ltr' id='par_1_78' title="bbox 458 3991 2021 4048">
     <span class='ocr_line' id='line_1_78' title="bbox 458 3991 2021 4048; baseline 0.001 -6"><span class='ocrx_word' id='word_1_685' title='bbox 458 4010 479 4042; x_wconf 79' lang='grc' dir='ltr'><strong>ι</strong></span> <span class='ocrx_word' id='word_1_686' title='bbox 516 3992 674 4045; x_wconf 87' lang='lat' dir='ltr'><strong>Patre</strong></span> <span class='ocrx_word' id='word_1_687' title='bbox 697 3992 820 4048; x_wconf 89' lang='lat' dir='ltr'><strong>fuit.</strong></span> <span class='ocrx_word' id='word_1_688' title='bbox 860 4015 878 4044; x_wconf 84' lang='lat' dir='ltr'><strong>s</strong></span> <span class='ocrx_word' id='word_1_689' title='bbox 914 3991 1125 4048; x_wconf 79' lang='lat' dir='ltr'><strong>Rursus</strong></span> <span class='ocrx_word' id='word_1_690' title='bbox 1181 4003 1362 4046; x_wconf 85' lang='lat' dir='ltr'><strong>autem</strong></span> <span class='ocrx_word' id='word_1_691' title='bbox 1407 3993 1651 4046; x_wconf 84' lang='lat' dir='ltr'><strong>eamdem</strong></span> <span class='ocrx_word' id='word_1_692' title='bbox 1697 3991 2021 4048; x_wconf 89' lang='lat' dir='ltr'><strong>sententiam</strong></span> 
     </span>
    </p>
   </div>
   <div class='ocr_carea' id='block_1_79' title="bbox 2128 3985 3715 4064">
    <p class='ocr_par' dir='ltr' id='par_1_79' title="bbox 2132 3985 3715 4064">
     <span class='ocr_line' id='line_1_79' title="bbox 2132 3985 3715 4064; baseline -0.004 -16"><span class='ocrx_word' id='word_1_693' title='bbox 2132 3994 2285 4059; x_wconf 88' lang='grc' dir='ltr'><strong>Θεὸς,</strong></span> <span class='ocrx_word' id='word_1_694' title='bbox 2328 3993 2486 4064; x_wconf 84' lang='grc' dir='ltr'><strong>δῆλον</strong></span> <span class='ocrx_word' id='word_1_695' title='bbox 2532 3992 2608 4055; x_wconf 87' lang='grc' dir='ltr'><strong>ὼς</strong></span> <span class='ocrx_word' id='word_1_696' title='bbox 2644 3991 2704 4044; x_wconf 91' lang='grc' dir='ltr'><strong>οὑ</strong></span> <span class='ocrx_word' id='word_1_697' title='bbox 2741 3991 2931 4061; x_wconf 76' lang='grc' dir='ltr'><strong>Πατὴρ</strong></span> <span class='ocrx_word' id='word_1_698' title='bbox 2954 3985 3043 4061; x_wconf 82' lang='grc' dir='ltr'><strong>ἦν,</strong></span> <span class='ocrx_word' id='word_1_699' title='bbox 3078 3990 3150 4062; x_wconf 81' lang='grc' dir='ltr'><strong>μὴ</strong></span> <span class='ocrx_word' id='word_1_700' title='bbox 3182 3989 3518 4060; x_wconf 79' lang='grc' dir='ltr'><strong>ὑπάρχοντος</strong></span> <span class='ocrx_word' id='word_1_701' title='bbox 3566 3986 3715 4058; x_wconf 76' lang='grc' dir='ltr'><strong>αὐτῷ</strong></span> 
     </span>
    </p>
   </div>
   <div class='ocr_carea' id='block_1_80' title="bbox 453 4083 2021 4156">
    <p class='ocr_par' dir='ltr' id='par_1_80' title="bbox 453 4083 2021 4156">
     <span class='ocr_line' id='line_1_80' title="bbox 453 4083 2021 4156; baseline -0.001 -18"><span class='ocrx_word' id='word_1_702' title='bbox 453 4084 777 4152; x_wconf 82' lang='lat' dir='ltr'><strong>explicatius</strong></span> <span class='ocrx_word' id='word_1_703' title='bbox 802 4085 957 4154; x_wconf 90' lang='lat' dir='ltr'><strong>ponit</strong></span> <span class='ocrx_word' id='word_1_704' title='bbox 978 4086 1030 4140; x_wconf 91' lang='lat' dir='ltr'><strong>in</strong></span> <span class='ocrx_word' id='word_1_705' title='bbox 1055 4085 1439 4154; x_wconf 86' lang='lat' dir='ltr'><strong>sequentibus:</strong></span> <span class='ocrx_word' id='word_1_706' title='bbox 1462 4083 1550 4156; x_wconf 71' lang='grc' dir='ltr'><strong>[Β.</strong></span> <span class='ocrx_word' id='word_1_707' title='bbox 1571 4083 1678 4138; x_wconf 89' lang='lat' dir='ltr'><strong>LIV</strong></span> <span class='ocrx_word' id='word_1_708' title='bbox 1709 4085 1833 4139; x_wconf 87' lang='lat' dir='ltr'><strong>coll.</strong></span> <span class='ocrx_word' id='word_1_709' title='bbox 1866 4085 1950 4153; x_wconf 67' lang='grc' dir='ltr'><strong>μί</strong></span> <span class='ocrx_word' id='word_1_710' title='bbox 1969 4084 2021 4138; x_wconf 84' lang='grc' dir='ltr'><strong>Π</strong></span> 
     </span>
    </p>
   </div>
   <div class='ocr_carea' id='block_1_81' title="bbox 2128 4083 3501 4156">
    <p class='ocr_par' dir='ltr' id='par_1_81' title="bbox 2133 4083 3501 4155">
     <span class='ocr_line' id='line_1_81' title="bbox 2133 4083 3501 4155; baseline -0.003 -15"><span class='ocrx_word' id='word_1_711' title='bbox 2133 4086 2285 4140; x_wconf 88' lang='grc' dir='ltr'><strong>Υἱοῦ·</strong></span> <span class='ocrx_word' id='word_1_712' title='bbox 2315 4084 2441 4139; x_wconf 71' lang='grc' dir='ltr'><strong>οὔτε</strong></span> <span class='ocrx_word' id='word_1_713' title='bbox 2474 4085 2621 4149; x_wconf 86' lang='grc' dir='ltr'><strong>Υίὸς,</strong></span> <span class='ocrx_word' id='word_1_714' title='bbox 2662 4085 2736 4155; x_wconf 78' lang='grc' dir='ltr'><strong>μὴ</strong></span> <span class='ocrx_word' id='word_1_715' title='bbox 2763 4083 3070 4154; x_wconf 80' lang='grc' dir='ltr'><strong>ὑφεστῶτος</strong></span> <span class='ocrx_word' id='word_1_716' title='bbox 3103 4083 3252 4154; x_wconf 88' lang='grc' dir='ltr'><strong>αὑτῷ</strong></span> <span class='ocrx_word' id='word_1_717' title='bbox 3270 4084 3501 4154; x_wconf 87' lang='grc' dir='ltr'><strong>Πατρός.</strong></span> 
     </span>
    </p>
   </div>
   <div class='ocr_carea' id='block_1_82' title="bbox 459 4174 3716 4249">
    <p class='ocr_par' dir='ltr' id='par_1_82' title="bbox 459 4174 3716 4249">
     <span class='ocr_line' id='line_1_82' title="bbox 459 4174 3716 4249; baseline -0.001 -20"><span class='ocrx_word' id='word_1_718' title='bbox 459 4176 652 4241; x_wconf 70' lang='lat'><strong>0,163</strong></span> <span class='ocrx_word' id='word_1_719' title='bbox 683 4175 749 4247; x_wconf 82' lang='grc' dir='ltr'><strong>Δ]</strong></span> <span class='ocrx_word' id='word_1_720' title='bbox 795 4196 816 4229; x_wconf 76' lang='grc' dir='ltr'><strong>ι</strong></span> <span class='ocrx_word' id='word_1_721' title='bbox 852 4177 1008 4233; x_wconf 88' lang='lat' dir='ltr'><strong>Prius</strong></span> <span class='ocrx_word' id='word_1_722' title='bbox 1029 4180 1174 4234; x_wconf 88' lang='lat' dir='ltr'><strong>enim</strong></span> <span class='ocrx_word' id='word_1_723' title='bbox 1198 4192 1364 4247; x_wconf 91' lang='lat' dir='ltr'><strong>quam</strong></span> <span class='ocrx_word' id='word_1_724' title='bbox 1395 4177 1629 4233; x_wconf 90' lang='lat' dir='ltr'><strong>mundus</strong></span> <span class='ocrx_word' id='word_1_725' title='bbox 1658 4179 1984 4234; x_wconf 86' lang='lat' dir='ltr'><strong>conderetur</strong></span> <span class='ocrx_word' id='word_1_726' title='bbox 2019 4219 2033 4241; x_wconf 91' lang='lat'><strong>,</strong></span> <span class='ocrx_word' id='word_1_727' title='bbox 2067 4190 2187 4234; x_wconf 90' lang='lat' dir='ltr'><strong>erat</strong></span> <span class='ocrx_word' id='word_1_728' title='bbox 2212 4175 2465 4249; x_wconf 65' lang='lat' dir='ltr'><strong>Verbum;</strong></span> <span class='ocrx_word' id='word_1_729' title='bbox 2495 4178 2549 4233; x_wconf 85' lang='lat' dir='ltr'><strong>in</strong></span> <span class='ocrx_word' id='word_1_730' title='bbox 2595 4175 2761 4232; x_wconf 84' lang='lat' dir='ltr'><strong>Patre</strong></span> <span class='ocrx_word' id='word_1_731' title='bbox 2797 4191 2918 4231; x_wconf 86' lang='lat' dir='ltr'><strong>suo.</strong></span> <span class='ocrx_word' id='word_1_732' title='bbox 2940 4175 3072 4231; x_wconf 84' lang='lat' dir='ltr'><strong>Cum</strong></span> <span class='ocrx_word' id='word_1_733' title='bbox 3114 4191 3243 4231; x_wconf 79' lang='lat' dir='ltr'><strong>vero</strong></span> <span class='ocrx_word' id='word_1_734' title='bbox 3281 4175 3420 4230; x_wconf 87' lang='lat' dir='ltr'><strong>Deus</strong></span> <span class='ocrx_word' id='word_1_735' title='bbox 3469 4174 3716 4244; x_wconf 90' lang='lat' dir='ltr'><strong>omnipo-</strong></span> 
     </span>
    </p>
   </div>
   <div class='ocr_carea' id='block_1_83' title="bbox 462 4266 3714 4340">
    <p class='ocr_par' dir='ltr' id='par_1_83' title="bbox 462 4266 3714 4340">
     <span class='ocr_line' id='line_1_83' title="bbox 462 4266 3714 4340; baseline 0.001 -20"><span class='ocrx_word' id='word_1_736' title='bbox 462 4285 482 4318; x_wconf 77' lang='grc' dir='ltr'><strong><em>ο</em></strong></span> <span class='ocrx_word' id='word_1_737' title='bbox 515 4275 636 4322; x_wconf 86' lang='lat' dir='ltr'><strong>tens</strong></span> <span class='ocrx_word' id='word_1_738' title='bbox 662 4280 925 4324; x_wconf 88' lang='lat' dir='ltr'><strong>statueret</strong></span> <span class='ocrx_word' id='word_1_739' title='bbox 951 4272 1133 4326; x_wconf 90' lang='lat' dir='ltr'><strong>omnia</strong></span> <span class='ocrx_word' id='word_1_740' title='bbox 1155 4284 1276 4340; x_wconf 74' lang='lat' dir='ltr'><strong>qua:</strong></span> <span class='ocrx_word' id='word_1_741' title='bbox 1309 4269 1363 4323; x_wconf 89' lang='lat' dir='ltr'><strong>in</strong></span> <span class='ocrx_word' id='word_1_742' title='bbox 1394 4268 1535 4323; x_wconf 67' lang='lat' dir='ltr'><strong>caelo</strong></span> <span class='ocrx_word' id='word_1_743' title='bbox 1568 4279 1716 4334; x_wconf 85' lang='lat' dir='ltr'><strong>sunt,</strong></span> <span class='ocrx_word' id='word_1_744' title='bbox 1755 4279 1810 4324; x_wconf 90' lang='lat' dir='ltr'><strong>et</strong></span> <span class='ocrx_word' id='word_1_745' title='bbox 1845 4271 1896 4324; x_wconf 91' lang='lat' dir='ltr'><strong>in</strong></span> <span class='ocrx_word' id='word_1_746' title='bbox 1930 4280 2093 4335; x_wconf 85' lang='lat' dir='ltr'><strong>terra,</strong></span> <span class='ocrx_word' id='word_1_747' title='bbox 2135 4271 2370 4326; x_wconf 89' lang='lat' dir='ltr'><strong>condere</strong></span> <span class='ocrx_word' id='word_1_748' title='bbox 2399 4291 2412 4326; x_wconf 86' lang='lat'><strong>:</strong></span> <span class='ocrx_word' id='word_1_749' title='bbox 2475 4269 2664 4324; x_wconf 89' lang='lat' dir='ltr'><strong>mundi</strong></span> <span class='ocrx_word' id='word_1_750' title='bbox 2699 4270 2909 4323; x_wconf 89' lang='lat' dir='ltr'><strong>creatio</strong></span> <span class='ocrx_word' id='word_1_751' title='bbox 2959 4268 3048 4322; x_wconf 92' lang='lat' dir='ltr'><strong>illa</strong></span> <span class='ocrx_word' id='word_1_752' title='bbox 3083 4267 3360 4337; x_wconf 79' lang='lat' dir='ltr'><strong>indigebat</strong></span> <span class='ocrx_word' id='word_1_753' title='bbox 3396 4266 3714 4336; x_wconf 88' lang='lat' dir='ltr'><strong>operatione</strong></span> 
     </span>
    </p>
   </div>
   <div class='ocr_carea' id='block_1_84' title="bbox 463 4360 3709 4432">
    <p class='ocr_par' dir='ltr' id='par_1_84' title="bbox 463 4360 3709 4432">
     <span class='ocr_line' id='line_1_84' title="bbox 463 4360 3709 4432; baseline 0 -18"><span class='ocrx_word' id='word_1_754' title='bbox 463 4381 482 4414; x_wconf 76' lang='grc' dir='ltr'><strong>ι</strong></span> <span class='ocrx_word' id='word_1_755' title='bbox 519 4361 786 4418; x_wconf 79' lang='lat' dir='ltr'><strong>eﬂ&#39;ectiva.</strong></span> <span class='ocrx_word' id='word_1_756' title='bbox 823 4363 1049 4427; x_wconf 87' lang='lat' dir='ltr'><strong>Idcirco,</strong></span> <span class='ocrx_word' id='word_1_757' title='bbox 1072 4378 1196 4418; x_wconf 89' lang='lat' dir='ltr'><strong>cum</strong></span> <span class='ocrx_word' id='word_1_758' title='bbox 1241 4371 1441 4431; x_wconf 69' lang='lat' dir='ltr'><strong>praeter</strong></span> <span class='ocrx_word' id='word_1_759' title='bbox 1471 4361 1638 4416; x_wconf 73' lang='lat' dir='ltr'><strong>Deum</strong></span> <span class='ocrx_word' id='word_1_760' title='bbox 1671 4362 2055 4432; x_wconf 87' lang='lat' dir='ltr'><strong>nihilprorsus</strong></span> <span class='ocrx_word' id='word_1_761' title='bbox 2091 4373 2261 4429; x_wconf 88' lang='lat' dir='ltr'><strong>esset,</strong></span> <span class='ocrx_word' id='word_1_762' title='bbox 2289 4363 2436 4432; x_wconf 86' lang='lat' dir='ltr'><strong>(nam</strong></span> <span class='ocrx_word' id='word_1_763' title='bbox 2464 4370 2552 4417; x_wconf 88' lang='lat' dir='ltr'><strong>est</strong></span> <span class='ocrx_word' id='word_1_764' title='bbox 2583 4360 2824 4432; x_wconf 87' lang='lat' dir='ltr'><strong>positum</strong></span> <span class='ocrx_word' id='word_1_765' title='bbox 2861 4361 2992 4415; x_wconf 82' lang='lat' dir='ltr'><strong>illud</strong></span> <span class='ocrx_word' id='word_1_766' title='bbox 3037 4361 3091 4414; x_wconf 88' lang='lat' dir='ltr'><strong>in</strong></span> <span class='ocrx_word' id='word_1_767' title='bbox 3150 4361 3425 4426; x_wconf 87' lang='lat' dir='ltr'><strong>confesso,</strong></span> <span class='ocrx_word' id='word_1_768' title='bbox 3459 4361 3709 4414; x_wconf 82' lang='lat' dir='ltr'><strong>universa</strong></span> 
     </span>
    </p>
   </div>
   <div class='ocr_carea' id='block_1_85' title="bbox 464 4449 3715 4528">
    <p class='ocr_par' dir='ltr' id='par_1_85' title="bbox 464 4449 3715 4528">
     <span class='ocr_line' id='line_1_85' title="bbox 464 4449 3715 4528; baseline -0.001 -19"><span class='ocrx_word' id='word_1_769' title='bbox 464 4478 480 4504; x_wconf 78' lang='grc' dir='ltr'><strong><em>ο</em></strong></span> <span class='ocrx_word' id='word_1_770' title='bbox 518 4454 682 4511; x_wconf 85' lang='lat' dir='ltr'><strong>fuisse</strong></span> <span class='ocrx_word' id='word_1_771' title='bbox 721 4458 790 4510; x_wconf 89' lang='lat' dir='ltr'><strong>ab</strong></span> <span class='ocrx_word' id='word_1_772' title='bbox 827 4457 920 4512; x_wconf 90' lang='lat' dir='ltr'><strong>illo</strong></span> <span class='ocrx_word' id='word_1_773' title='bbox 944 4453 1182 4528; x_wconf 87' lang='lat' dir='ltr'><strong>condita)</strong></span> <span class='ocrx_word' id='word_1_774' title='bbox 1210 4465 1338 4509; x_wconf 88' lang='lat' dir='ltr'><strong>tunc</strong></span> <span class='ocrx_word' id='word_1_775' title='bbox 1381 4453 1680 4523; x_wconf 88' lang='lat' dir='ltr'><strong>procedens</strong></span> <span class='ocrx_word' id='word_1_776' title='bbox 1707 4453 1942 4508; x_wconf 89' lang='lat' dir='ltr'><strong>Verbum</strong></span> <span class='ocrx_word' id='word_1_777' title='bbox 2011 4453 2176 4509; x_wconf 81' lang='lat' dir='ltr'><strong>fiebat</strong></span> <span class='ocrx_word' id='word_1_778' title='bbox 2237 4453 2422 4508; x_wconf 84' lang='lat' dir='ltr'><strong>mundi</strong></span> <span class='ocrx_word' id='word_1_779' title='bbox 2454 4451 2725 4516; x_wconf 89' lang='lat' dir='ltr'><strong>conditor,</strong></span> <span class='ocrx_word' id='word_1_780' title='bbox 2756 4451 2900 4520; x_wconf 90' lang='lat' dir='ltr'><strong>quod</strong></span> <span class='ocrx_word' id='word_1_781' title='bbox 2955 4451 3108 4520; x_wconf 87' lang='lat' dir='ltr'><strong>prius</strong></span> <span class='ocrx_word' id='word_1_782' title='bbox 3149 4450 3300 4505; x_wconf 89' lang='lat' dir='ltr'><strong>intus</strong></span> <span class='ocrx_word' id='word_1_783' title='bbox 3331 4449 3715 4507; x_wconf 72' lang='lat' dir='ltr'><strong>intellectuali&#39;</strong></span> 
     </span>
    </p>
   </div>
   <div class='ocr_carea' id='block_1_86' title="bbox 463 4539 3709 4618">
    <p class='ocr_par' dir='ltr' id='par_1_86' title="bbox 463 4539 3709 4618">
     <span class='ocr_line' id='line_1_86' title="bbox 463 4539 3709 4618; baseline 0 -21"><span class='ocrx_word' id='word_1_784' title='bbox 463 4567 482 4597; x_wconf 78' lang='grc' dir='ltr'><strong>ι</strong></span> <span class='ocrx_word' id='word_1_785' title='bbox 522 4559 605 4602; x_wconf 90' lang='lat' dir='ltr'><strong>ter</strong></span> <span class='ocrx_word' id='word_1_786' title='bbox 642 4548 904 4614; x_wconf 83' lang='lat' dir='ltr'><strong>residens,</strong></span> <span class='ocrx_word' id='word_1_787' title='bbox 940 4546 1062 4618; x_wconf 83' lang='lat' dir='ltr'><strong>Ipse</strong></span> <span class='ocrx_word' id='word_1_788' title='bbox 1089 4548 1246 4616; x_wconf 54' lang='lat' dir='ltr'><strong>fuit»</strong></span> <span class='ocrx_word' id='word_1_789' title='bbox 1282 4551 1340 4611; x_wconf 75' lang='grc' dir='ltr'><strong>›Ῑ‹</strong></span> <span class='ocrx_word' id='word_1_790' title='bbox 1371 4547 1437 4601; x_wconf 85' lang='grc' dir='ltr'><strong>Ει</strong></span> <span class='ocrx_word' id='word_1_791' title='bbox 1465 4556 1657 4600; x_wconf 87' lang='lat' dir='ltr'><strong>rursus</strong></span> <span class='ocrx_word' id='word_1_792' title='bbox 1685 4554 1804 4614; x_wconf 87' lang='lat' dir='ltr'><strong>post</strong></span> <span class='ocrx_word' id='word_1_793' title='bbox 1819 4545 2000 4598; x_wconf 89' lang='lat' dir='ltr'><strong>omnia</strong></span> <span class='ocrx_word' id='word_1_794' title='bbox 2032 4545 2180 4601; x_wconf 88' lang='lat' dir='ltr'><strong>addit</strong></span> <span class='ocrx_word' id='word_1_795' title='bbox 2213 4563 2226 4598; x_wconf 91' lang='lat'>:</span> <span class='ocrx_word' id='word_1_796' title='bbox 2257 4563 2276 4596; x_wconf 75' lang='grc' dir='ltr'><strong>ι</strong></span> <span class='ocrx_word' id='word_1_797' title='bbox 2308 4543 2458 4598; x_wconf 88' lang='lat' dir='ltr'><strong>Hanc</strong></span> <span class='ocrx_word' id='word_1_798' title='bbox 2496 4544 2567 4597; x_wconf 89' lang='lat' dir='ltr'><strong>ob</strong></span> <span class='ocrx_word' id='word_1_799' title='bbox 2591 4557 2814 4596; x_wconf 88' lang='lat' dir='ltr'><strong>causam</strong></span> <span class='ocrx_word' id='word_1_800' title='bbox 2853 4555 2964 4595; x_wconf 85' lang='lat' dir='ltr'><strong>non</strong></span> <span class='ocrx_word' id='word_1_801' title='bbox 2991 4555 3050 4597; x_wconf 89' lang='lat' dir='ltr'><strong>se</strong></span> <span class='ocrx_word' id='word_1_802' title='bbox 3076 4540 3324 4596; x_wconf 84' lang='lat' dir='ltr'><strong>nominat</strong></span> <span class='ocrx_word' id='word_1_803' title='bbox 3349 4539 3555 4595; x_wconf 85' lang='lat' dir='ltr'><strong>Filium</strong></span> <span class='ocrx_word' id='word_1_804' title='bbox 3592 4543 3709 4611; x_wconf 85' lang='lat' dir='ltr'><strong>Dei,</strong></span> 
     </span>
    </p>
   </div>
   <div class='ocr_carea' id='block_1_87' title="bbox 466 4633 3706 4708">
    <p class='ocr_par' dir='ltr' id='par_1_87' title="bbox 466 4633 3706 4708">
     <span class='ocr_line' id='line_1_87' title="bbox 466 4633 3706 4708; baseline -0.001 -15"><span class='ocrx_word' id='word_1_805' title='bbox 466 4663 484 4693; x_wconf 75' lang='grc' dir='ltr'><strong>ι</strong></span> <span class='ocrx_word' id='word_1_806' title='bbox 523 4641 612 4691; x_wconf 86' lang='lat' dir='ltr'><strong>sed</strong></span> <span class='ocrx_word' id='word_1_807' title='bbox 640 4639 946 4692; x_wconf 78' lang='lat' dir='ltr'><strong>hominem:</strong></span> <span class='ocrx_word' id='word_1_808' title='bbox 983 4648 1042 4691; x_wconf 89' lang='lat' dir='ltr'><strong>ut</strong></span> <span class='ocrx_word' id='word_1_809' title='bbox 1070 4638 1144 4692; x_wconf 87' lang='lat' dir='ltr'><strong>ita</strong></span> <span class='ocrx_word' id='word_1_810' title='bbox 1192 4637 1490 4703; x_wconf 89' lang='lat' dir='ltr'><strong>hominem,</strong></span> <span class='ocrx_word' id='word_1_811' title='bbox 1523 4651 1623 4708; x_wconf 89' lang='lat' dir='ltr'><strong>per</strong></span> <span class='ocrx_word' id='word_1_812' title='bbox 1668 4637 2107 4691; x_wconf 87' lang='lat' dir='ltr'><strong>communionem</strong></span> <span class='ocrx_word' id='word_1_813' title='bbox 2147 4649 2270 4690; x_wconf 92' lang='lat' dir='ltr'><strong>cum</strong></span> <span class='ocrx_word' id='word_1_814' title='bbox 2330 4635 2448 4704; x_wconf 84' lang='lat' dir='ltr'><strong>ipso</strong></span> <span class='ocrx_word' id='word_1_815' title='bbox 2484 4633 2823 4702; x_wconf 79' lang='lat' dir='ltr'><strong>copulatum,</strong></span> <span class='ocrx_word' id='word_1_816' title='bbox 2847 4633 2961 4688; x_wconf 79' lang='lat' dir='ltr'><strong>fieri</strong></span> <span class='ocrx_word' id='word_1_817' title='bbox 2992 4643 3314 4703; x_wconf 87' lang='lat' dir='ltr'><strong>procuraret</strong></span> <span class='ocrx_word' id='word_1_818' title='bbox 3341 4633 3535 4689; x_wconf 80' lang='lat' dir='ltr'><strong>Filium</strong></span> <span class='ocrx_word' id='word_1_819' title='bbox 3569 4635 3659 4690; x_wconf 91' lang='lat' dir='ltr'><strong>Dei</strong></span> <span class='ocrx_word' id='word_1_820' title='bbox 3693 4655 3706 4691; x_wconf 93' lang='lat'><strong>:</strong></span> 
     </span>
    </p>
   </div>
   <div class='ocr_carea' id='block_1_88' title="bbox 466 4724 3715 4798">
    <p class='ocr_par' dir='ltr' id='par_1_88' title="bbox 466 4724 3715 4798">
     <span class='ocr_line' id='line_1_88' title="bbox 466 4724 3715 4798; baseline -0 -16"><span class='ocrx_word' id='word_1_821' title='bbox 466 4743 484 4775; x_wconf 69' lang='grc' dir='ltr'>ε</span> <span class='ocrx_word' id='word_1_822' title='bbox 525 4737 578 4782; x_wconf 88' lang='lat' dir='ltr'><strong>ct</strong></span> <span class='ocrx_word' id='word_1_823' title='bbox 612 4728 760 4783; x_wconf 82' lang='lat' dir='ltr'><strong>finita</strong></span> <span class='ocrx_word' id='word_1_824' title='bbox 792 4731 892 4785; x_wconf 90' lang='lat' dir='ltr'><strong>hac</strong></span> <span class='ocrx_word' id='word_1_825' title='bbox 934 4729 1358 4798; x_wconf 86' lang='lat' dir='ltr'><strong>dispensationis</strong></span> <span class='ocrx_word' id='word_1_826' title='bbox 1407 4730 1623 4785; x_wconf 89' lang='lat' dir='ltr'><strong>actione</strong></span> <span class='ocrx_word' id='word_1_827' title='bbox 1646 4769 1662 4794; x_wconf 89' lang='lat'><strong>,</strong></span> <span class='ocrx_word' id='word_1_828' title='bbox 1706 4727 1905 4783; x_wconf 86' lang='lat' dir='ltr'><strong>iterum</strong></span> <span class='ocrx_word' id='word_1_829' title='bbox 1953 4729 2100 4782; x_wconf 80' lang='lat' dir='ltr'><strong>velut</strong></span> <span class='ocrx_word' id='word_1_830' title='bbox 2139 4729 2375 4784; x_wconf 86' lang='lat' dir='ltr'><strong>Verbum</strong></span> <span class='ocrx_word' id='word_1_831' title='bbox 2407 4726 2700 4782; x_wconf 89' lang='lat' dir='ltr'><strong>aduniatur</strong></span> <span class='ocrx_word' id='word_1_832' title='bbox 2733 4726 2843 4781; x_wconf 90' lang='lat' dir='ltr'><strong>Deo</strong></span> <span class='ocrx_word' id='word_1_833' title='bbox 2877 4724 3177 4796; x_wconf 79' lang='lat' dir='ltr'><strong>adimplens</strong></span> <span class='ocrx_word' id='word_1_834' title='bbox 3207 4727 3352 4795; x_wconf 91' lang='lat' dir='ltr'><strong>quod</strong></span> <span class='ocrx_word' id='word_1_835' title='bbox 3385 4727 3588 4782; x_wconf 90' lang='lat' dir='ltr'><strong>dictum</strong></span> <span class='ocrx_word' id='word_1_836' title='bbox 3629 4727 3715 4782; x_wconf 58' lang='lat' dir='ltr'><strong>esi</strong></span> 
     </span>
    </p>
   </div>
   <div class='ocr_carea' id='block_1_89' title="bbox 467 4819 3712 4892">
    <p class='ocr_par' dir='ltr' id='par_1_89' title="bbox 467 4819 3712 4892">
     <span class='ocr_line' id='line_1_89' title="bbox 467 4819 3712 4892; baseline 0.002 -24"><span class='ocrx_word' id='word_1_837' title='bbox 467 4837 485 4868; x_wconf 79' lang='grc' dir='ltr'><strong>ι</strong></span> <span class='ocrx_word' id='word_1_838' title='bbox 529 4821 596 4872; x_wconf 89' lang='lat' dir='ltr'><strong>ab</strong></span> <span class='ocrx_word' id='word_1_839' title='bbox 619 4822 900 4888; x_wconf 83' lang='lat' dir='ltr'><strong>Apostolo,</strong></span> <span class='ocrx_word' id='word_1_840' title='bbox 942 4820 1086 4874; x_wconf 78' lang='lat' dir='ltr'><strong>Tunc</strong></span> <span class='ocrx_word' id='word_1_841' title='bbox 1133 4829 1183 4875; x_wconf 84' lang='lat' dir='ltr'><strong>et</strong></span> <span class='ocrx_word' id='word_1_842' title='bbox 1223 4823 1333 4890; x_wconf 85' lang='lat' dir='ltr'><strong>ipse</strong></span> <span class='ocrx_word' id='word_1_843' title='bbox 1385 4820 1648 4892; x_wconf 75' lang='lat' dir='ltr'><strong>subjectus</strong></span> <span class='ocrx_word' id='word_1_844' title='bbox 1690 4821 1788 4875; x_wconf 85' lang='lat' dir='ltr'><strong>erit</strong></span> <span class='ocrx_word' id='word_1_845' title='bbox 1842 4820 1961 4886; x_wconf 82' lang='lat' dir='ltr'><strong>illi,</strong></span> <span class='ocrx_word' id='word_1_846' title='bbox 2013 4824 2101 4890; x_wconf 83' lang='lat' dir='ltr'><strong>qui</strong></span> <span class='ocrx_word' id='word_1_847' title='bbox 2145 4821 2458 4890; x_wconf 79' lang='lat' dir='ltr'><strong>omnia.ipsi</strong></span> <span class='ocrx_word' id='word_1_848' title='bbox 2494 4819 2810 4890; x_wconf 61' lang='lat' dir='ltr'><strong>subiecerat,</strong></span> <span class='ocrx_word' id='word_1_849' title='bbox 2849 4829 2905 4873; x_wconf 84' lang='lat' dir='ltr'><strong>tu</strong></span> <span class='ocrx_word' id='word_1_850' title='bbox 2959 4819 3036 4874; x_wconf 86' lang='lat' dir='ltr'><strong>sic</strong></span> <span class='ocrx_word' id='word_1_851' title='bbox 3087 4819 3227 4874; x_wconf 90' lang='lat' dir='ltr'><strong>Deus</strong></span> <span class='ocrx_word' id='word_1_852' title='bbox 3271 4819 3370 4889; x_wconf 74' lang='lat' dir='ltr'><strong>ﬁat</strong></span> <span class='ocrx_word' id='word_1_853' title='bbox 3421 4821 3601 4874; x_wconf 78' lang='lat' dir='ltr'><strong>omnia</strong></span> <span class='ocrx_word' id='word_1_854' title='bbox 3657 4821 3712 4874; x_wconf 85' lang='lat' dir='ltr'><strong>in</strong></span> 
     </span>
    </p>
   </div>
   <div class='ocr_carea' id='block_1_90' title="bbox 468 4910 3713 4984">
    <p class='ocr_par' dir='ltr' id='par_1_90' title="bbox 468 4910 3713 4984">
     <span class='ocr_line' id='line_1_90' title="bbox 468 4910 3713 4984; baseline 0.002 -24"><span class='ocrx_word' id='word_1_855' title='bbox 468 4929 486 4960; x_wconf 79' lang='grc' dir='ltr'><strong>ι</strong></span> <span class='ocrx_word' id='word_1_856' title='bbox 523 4911 960 4967; x_wconf 77' lang='lat' dir='ltr'><strong>outnibus”.&#39;l‘unc</strong></span> <span class='ocrx_word' id='word_1_857' title='bbox 989 4912 1130 4966; x_wconf 89' lang='lat' dir='ltr'><strong>enim</strong></span> <span class='ocrx_word' id='word_1_858' title='bbox 1157 4913 1262 4967; x_wconf 89' lang='lat' dir='ltr'><strong>erit</strong></span> <span class='ocrx_word' id='word_1_859' title='bbox 1291 4913 1432 4968; x_wconf 92' lang='lat' dir='ltr'><strong>idem</strong></span> <span class='ocrx_word' id='word_1_860' title='bbox 1462 4913 1603 4983; x_wconf 90' lang='lat' dir='ltr'><strong>quod</strong></span> <span class='ocrx_word' id='word_1_861' title='bbox 1635 4913 1784 4983; x_wconf 90' lang='lat' dir='ltr'><strong>prius</strong></span> <span class='ocrx_word' id='word_1_862' title='bbox 1812 4911 2044 4968; x_wconf 65' lang='lat' dir='ltr'><strong>fuerat.»</strong></span> <span class='ocrx_word' id='word_1_863' title='bbox 2093 4913 2227 4968; x_wconf 87' lang='lat' dir='ltr'><strong>Tam</strong></span> <span class='ocrx_word' id='word_1_864' title='bbox 2261 4913 2445 4968; x_wconf 90' lang='lat' dir='ltr'><strong>multis</strong></span> <span class='ocrx_word' id='word_1_865' title='bbox 2486 4911 2771 4967; x_wconf 78' lang='lat' dir='ltr'><strong>Marcellus</strong></span> <span class='ocrx_word' id='word_1_866' title='bbox 2832 4911 2964 4966; x_wconf 91' lang='lat' dir='ltr'><strong>illud</strong></span> <span class='ocrx_word' id='word_1_867' title='bbox 3006 4912 3138 4984; x_wconf 87' lang='lat' dir='ltr'><strong>egit,</strong></span> <span class='ocrx_word' id='word_1_868' title='bbox 3189 4920 3250 4966; x_wconf 92' lang='lat' dir='ltr'><strong>ut</strong></span> <span class='ocrx_word' id='word_1_869' title='bbox 3300 4910 3538 4966; x_wconf 81' lang='lat' dir='ltr'><strong>revelata</strong></span> <span class='ocrx_word' id='word_1_870' title='bbox 3573 4913 3713 4968; x_wconf 88' lang='lat' dir='ltr'><strong>facie</strong></span> 
     </span>
    </p>
   </div>
   <div class='ocr_carea' id='block_1_91' title="bbox 463 5003 3709 5077">
    <p class='ocr_par' dir='ltr' id='par_1_91' title="bbox 463 5003 3709 5077">
     <span class='ocr_line' id='line_1_91' title="bbox 463 5003 3709 5077; baseline -0.001 -17"><span class='ocrx_word' id='word_1_871' title='bbox 463 5003 554 5060; x_wconf 84' lang='lat' dir='ltr'><strong>Dei</strong></span> <span class='ocrx_word' id='word_1_872' title='bbox 601 5004 795 5060; x_wconf 78' lang='lat' dir='ltr'><strong>Filium</strong></span> <span class='ocrx_word' id='word_1_873' title='bbox 841 5006 1036 5076; x_wconf 87' lang='lat' dir='ltr'><strong>ejnrel.</strong></span> <span class='ocrx_word' id='word_1_874' title='bbox 1092 5008 1149 5060; x_wconf 77' lang='lat' dir='ltr'><strong>Si</strong></span> <span class='ocrx_word' id='word_1_875' title='bbox 1179 5007 1323 5061; x_wconf 88' lang='lat' dir='ltr'><strong>enim</strong></span> <span class='ocrx_word' id='word_1_876' title='bbox 1358 5023 1497 5062; x_wconf 91' lang='lat' dir='ltr'><strong>unus</strong></span> <span class='ocrx_word' id='word_1_877' title='bbox 1543 5017 1710 5073; x_wconf 88' lang='lat' dir='ltr'><strong>atque</strong></span> <span class='ocrx_word' id='word_1_878' title='bbox 1736 5007 1875 5063; x_wconf 88' lang='lat' dir='ltr'><strong>idem</strong></span> <span class='ocrx_word' id='word_1_879' title='bbox 1909 5017 2028 5062; x_wconf 91' lang='lat' dir='ltr'><strong>erat</strong></span> <span class='ocrx_word' id='word_1_880' title='bbox 2069 5009 2233 5068; x_wconf 90' lang='lat' dir='ltr'><strong>Deus.</strong></span> <span class='ocrx_word' id='word_1_881' title='bbox 2266 5017 2321 5062; x_wconf 92' lang='lat' dir='ltr'><strong>et</strong></span> <span class='ocrx_word' id='word_1_882' title='bbox 2343 5007 2485 5077; x_wconf 92' lang='lat' dir='ltr'><strong>quod</strong></span> <span class='ocrx_word' id='word_1_883' title='bbox 2512 5007 2565 5060; x_wconf 94' lang='lat' dir='ltr'><strong>iu</strong></span> <span class='ocrx_word' id='word_1_884' title='bbox 2590 5005 2833 5061; x_wconf 78' lang='lat' dir='ltr'><strong>Deoerat</strong></span> <span class='ocrx_word' id='word_1_885' title='bbox 2853 5004 3112 5070; x_wconf 80' lang='lat' dir='ltr'><strong>Verbum,</strong></span> <span class='ocrx_word' id='word_1_886' title='bbox 3170 5013 3224 5058; x_wconf 90' lang='lat' dir='ltr'><strong>et</strong></span> <span class='ocrx_word' id='word_1_887' title='bbox 3281 5017 3444 5058; x_wconf 90' lang='lat' dir='ltr'><strong>nemo</strong></span> <span class='ocrx_word' id='word_1_888' title='bbox 3471 5019 3709 5073; x_wconf 89' lang='lat' dir='ltr'><strong>unquam</strong></span> 
     </span>
    </p>
   </div>
   <div class='ocr_carea' id='block_1_92' title="bbox 463 5089 3712 5167">
    <p class='ocr_par' dir='ltr' id='par_1_92' title="bbox 463 5089 3712 5167">
     <span class='ocr_line' id='line_1_92' title="bbox 463 5089 3712 5167; baseline -0.002 -16"><span class='ocrx_word' id='word_1_889' title='bbox 463 5096 793 5166; x_wconf 84' lang='lat' dir='ltr'><strong>sibimetipsi</strong></span> <span class='ocrx_word' id='word_1_890' title='bbox 827 5097 1063 5151; x_wconf 83' lang='lat' dir='ltr'><strong>exsistat</strong></span> <span class='ocrx_word' id='word_1_891' title='bbox 1094 5095 1276 5163; x_wconf 84' lang='lat' dir='ltr'><strong>Pater,</strong></span> <span class='ocrx_word' id='word_1_892' title='bbox 1329 5106 1390 5151; x_wconf 90' lang='lat' dir='ltr'><strong>ut</strong></span> <span class='ocrx_word' id='word_1_893' title='bbox 1453 5111 1554 5154; x_wconf 86' lang='lat' dir='ltr'><strong>nec</strong></span> <span class='ocrx_word' id='word_1_894' title='bbox 1601 5097 1776 5153; x_wconf 78' lang='lat' dir='ltr'><strong>Filius</strong></span> <span class='ocrx_word' id='word_1_895' title='bbox 1827 5097 2114 5167; x_wconf 87' lang='lat' dir='ltr'><strong>quisquam</strong></span> <span class='ocrx_word' id='word_1_896' title='bbox 2155 5097 2258 5152; x_wconf 88' lang='lat' dir='ltr'><strong>sibi</strong></span> <span class='ocrx_word' id='word_1_897' title='bbox 2291 5095 2417 5167; x_wconf 85' lang='lat' dir='ltr'><strong>ipsi,</strong></span> <span class='ocrx_word' id='word_1_898' title='bbox 2443 5098 2537 5166; x_wconf 84' lang='lat' dir='ltr'><strong>qui</strong></span> <span class='ocrx_word' id='word_1_899' title='bbox 2563 5110 2702 5148; x_wconf 90' lang='lat' dir='ltr'><strong>unus</strong></span> <span class='ocrx_word' id='word_1_900' title='bbox 2740 5102 2905 5157; x_wconf 87' lang='lat' dir='ltr'><strong>esset,</strong></span> <span class='ocrx_word' id='word_1_901' title='bbox 2935 5108 3074 5148; x_wconf 85' lang='lat' dir='ltr'><strong>unus</strong></span> <span class='ocrx_word' id='word_1_902' title='bbox 3108 5101 3286 5147; x_wconf 87' lang='lat' dir='ltr'><strong>autem</strong></span> <span class='ocrx_word' id='word_1_903' title='bbox 3316 5091 3463 5148; x_wconf 89' lang='lat' dir='ltr'><strong>solus</strong></span> <span class='ocrx_word' id='word_1_904' title='bbox 3509 5101 3629 5146; x_wconf 87' lang='lat' dir='ltr'><strong>erat</strong></span> <span class='ocrx_word' id='word_1_905' title='bbox 3657 5089 3712 5148; x_wconf 75' lang='grc' dir='ltr'><strong>ει</strong></span> 
     </span>
    </p>
   </div>
   <div class='ocr_carea' id='block_1_93' title="bbox 465 5184 3709 5264">
    <p class='ocr_par' dir='ltr' id='par_1_93' title="bbox 465 5184 3709 5264">
     <span class='ocr_line' id='line_1_93' title="bbox 465 5184 3709 5264; baseline -0.001 -20"><span class='ocrx_word' id='word_1_906' title='bbox 465 5192 696 5260; x_wconf 77' lang='lat' dir='ltr'><strong>ipsemet</strong></span> <span class='ocrx_word' id='word_1_907' title='bbox 720 5208 819 5248; x_wconf 89' lang='lat' dir='ltr'><strong>suo</strong></span> <span class='ocrx_word' id='word_1_908' title='bbox 857 5192 1034 5247; x_wconf 85' lang='lat' dir='ltr'><strong>Verbo</strong></span> <span class='ocrx_word' id='word_1_909' title='bbox 1099 5193 1261 5258; x_wconf 88' lang='lat' dir='ltr'><strong>Dens,</strong></span> <span class='ocrx_word' id='word_1_910' title='bbox 1312 5203 1535 5264; x_wconf 89' lang='lat' dir='ltr'><strong>apparet</strong></span> <span class='ocrx_word' id='word_1_911' title='bbox 1587 5195 1732 5263; x_wconf 88' lang='lat' dir='ltr'><strong>quod</strong></span> <span class='ocrx_word' id='word_1_912' title='bbox 1770 5208 1875 5247; x_wconf 90' lang='lat' dir='ltr'><strong>non</strong></span> <span class='ocrx_word' id='word_1_913' title='bbox 1914 5203 2032 5247; x_wconf 88' lang='lat' dir='ltr'><strong>erat</strong></span> <span class='ocrx_word' id='word_1_914' title='bbox 2070 5193 2254 5261; x_wconf 86' lang='lat' dir='ltr'><strong>Pater,</strong></span> <span class='ocrx_word' id='word_1_915' title='bbox 2313 5207 2438 5248; x_wconf 93' lang='lat' dir='ltr'><strong>cum</strong></span> <span class='ocrx_word' id='word_1_916' title='bbox 2497 5191 2741 5246; x_wconf 79' lang='lat' dir='ltr'><strong>nondum</strong></span> <span class='ocrx_word' id='word_1_917' title='bbox 2795 5193 3038 5244; x_wconf 86' lang='lat' dir='ltr'><strong>exstaret</strong></span> <span class='ocrx_word' id='word_1_918' title='bbox 3106 5186 3275 5256; x_wconf 87' lang='lat' dir='ltr'><strong>ipsius</strong></span> <span class='ocrx_word' id='word_1_919' title='bbox 3316 5184 3526 5242; x_wconf 87' lang='lat' dir='ltr'><strong>Filius;</strong></span> <span class='ocrx_word' id='word_1_920' title='bbox 3557 5186 3709 5249; x_wconf 89' lang='lat' dir='ltr'><strong>item,</strong></span> 
     </span>
    </p>
   </div>
   <div class='ocr_carea' id='block_1_94' title="bbox 463 5281 2033 5352">
    <p class='ocr_par' dir='ltr' id='par_1_94' title="bbox 463 5281 2033 5352">
     <span class='ocr_line' id='line_1_94' title="bbox 463 5281 2033 5352; baseline 0.003 -18"><span class='ocrx_word' id='word_1_921' title='bbox 463 5285 608 5352; x_wconf 79' lang='grc' dir='ltr'><strong>ψιυά</strong></span> <span class='ocrx_word' id='word_1_922' title='bbox 635 5301 738 5339; x_wconf 92' lang='lat' dir='ltr'><strong>non</strong></span> <span class='ocrx_word' id='word_1_923' title='bbox 763 5295 878 5339; x_wconf 87' lang='lat' dir='ltr'><strong>erat</strong></span> <span class='ocrx_word' id='word_1_924' title='bbox 914 5283 1103 5350; x_wconf 84' lang='lat' dir='ltr'><strong>Filius,</strong></span> <span class='ocrx_word' id='word_1_925' title='bbox 1131 5300 1254 5338; x_wconf 89' lang='lat' dir='ltr'><strong>cum</strong></span> <span class='ocrx_word' id='word_1_926' title='bbox 1303 5285 1539 5340; x_wconf 91' lang='lat' dir='ltr'><strong>nondum</strong></span> <span class='ocrx_word' id='word_1_927' title='bbox 1572 5291 1817 5339; x_wconf 84' lang='lat' dir='ltr'><strong>exstaret</strong></span> <span class='ocrx_word' id='word_1_928' title='bbox 1850 5281 2033 5338; x_wconf 84' lang='lat' dir='ltr'><strong>Pater.</strong></span> 
     </span>
    </p>
   </div>
   <div class='ocr_carea' id='block_1_95' title="bbox 537 5357 2021 5446">
    <p class='ocr_par' dir='ltr' id='par_1_95' title="bbox 537 5375 2018 5446">
     <span class='ocr_line' id='line_1_95' title="bbox 537 5375 2018 5446; baseline 0.001 -18"><span class='ocrx_word' id='word_1_929' title='bbox 537 5375 614 5430; x_wconf 80' lang='lat' dir='ltr'><strong>Ex</strong></span> <span class='ocrx_word' id='word_1_930' title='bbox 649 5376 935 5433; x_wconf 85' lang='lat' dir='ltr'><strong>antedictis</strong></span> <span class='ocrx_word' id='word_1_931' title='bbox 963 5377 1084 5432; x_wconf 89' lang='lat' dir='ltr'><strong>ideo</strong></span> <span class='ocrx_word' id='word_1_932' title='bbox 1111 5376 1624 5446; x_wconf 70' lang='lat' dir='ltr'><strong>cognoscimusquae</strong></span> <span class='ocrx_word' id='word_1_933' title='bbox 1639 5385 1693 5430; x_wconf 91' lang='lat' dir='ltr'><strong>et</strong></span> <span class='ocrx_word' id='word_1_934' title='bbox 1716 5375 1894 5446; x_wconf 90' lang='lat' dir='ltr'><strong>qualia</strong></span> <span class='ocrx_word' id='word_1_935' title='bbox 1916 5377 2018 5429; x_wconf 89' lang='lat' dir='ltr'><strong>iste</strong></span> 
     </span>
    </p>
   </div>
   <div class='ocr_carea' id='block_1_96' title="bbox 2128 5357 3714 5446">
    <p class='ocr_par' dir='ltr' id='par_1_96' title="bbox 2207 5357 3714 5439">
     <span class='ocr_line' id='line_1_96' title="bbox 2207 5357 3714 5439; baseline -0.005 -16"><span class='ocrx_word' id='word_1_936' title='bbox 2207 5369 2400 5423; x_wconf 82' lang='grc' dir='ltr'><strong>Ὀποῖα</strong></span> <span class='ocrx_word' id='word_1_937' title='bbox 2429 5368 2530 5439; x_wconf 86' lang='grc' dir='ltr'><strong>μὲν</strong></span> <span class='ocrx_word' id='word_1_938' title='bbox 2549 5364 2642 5421; x_wconf 79' lang='grc' dir='ltr'><strong>οὖν</strong></span> <span class='ocrx_word' id='word_1_939' title='bbox 2673 5366 2801 5436; x_wconf 75' lang='grc' dir='ltr'><strong>περὶ</strong></span> <span class='ocrx_word' id='word_1_940' title='bbox 2830 5364 2926 5418; x_wconf 88' lang='grc' dir='ltr'><strong>τοῦ</strong></span> <span class='ocrx_word' id='word_1_941' title='bbox 2959 5363 3091 5435; x_wconf 79' lang='grc' dir='ltr'><strong>μηδὲ</strong></span> <span class='ocrx_word' id='word_1_942' title='bbox 3116 5357 3276 5428; x_wconf 83' lang='grc' dir='ltr'><strong>εἶναι,</strong></span> <span class='ocrx_word' id='word_1_943' title='bbox 3306 5361 3441 5436; x_wconf 79' lang='grc' dir='ltr'><strong>μηδὲ</strong></span> <span class='ocrx_word' id='word_1_944' title='bbox 3473 5367 3714 5434; x_wconf 76' lang='grc' dir='ltr'><strong>προϋφε-</strong></span> 
     </span>
    </p>
   </div>
   <div class='ocr_carea' id='block_1_97' title="bbox 465 5455 2021 5536">
    <p class='ocr_par' dir='ltr' id='par_1_97' title="bbox 465 5466 2018 5536">
     <span class='ocr_line' id='line_1_97' title="bbox 465 5466 2018 5536; baseline -0.001 -14"><span class='ocrx_word' id='word_1_945' title='bbox 465 5466 626 5524; x_wconf 81' lang='lat' dir='ltr'><strong>homo</strong></span> <span class='ocrx_word' id='word_1_946' title='bbox 645 5478 1038 5524; x_wconf 83' lang='lat' dir='ltr'><strong>commentatus</strong></span> <span class='ocrx_word' id='word_1_947' title='bbox 1054 5479 1157 5536; x_wconf 89' lang='lat' dir='ltr'><strong>est,</strong></span> <span class='ocrx_word' id='word_1_948' title='bbox 1179 5469 1247 5522; x_wconf 87' lang='lat' dir='ltr'><strong>de</strong></span> <span class='ocrx_word' id='word_1_949' title='bbox 1268 5467 1445 5523; x_wconf 85' lang='lat' dir='ltr'><strong>Verbo</strong></span> <span class='ocrx_word' id='word_1_950' title='bbox 1467 5467 1560 5522; x_wconf 84' lang='lat' dir='ltr'><strong>Dei</strong></span> <span class='ocrx_word' id='word_1_951' title='bbox 1578 5482 1684 5523; x_wconf 89' lang='lat' dir='ltr'><strong>non</strong></span> <span class='ocrx_word' id='word_1_952' title='bbox 1703 5468 2018 5534; x_wconf 82' lang='lat' dir='ltr'><strong>exsisteute,</strong></span> 
     </span>
    </p>
   </div>
   <div class='ocr_carea' id='block_1_98' title="bbox 2128 5455 3710 5536">
    <p class='ocr_par' dir='ltr' id='par_1_98' title="bbox 2131 5455 3710 5528">
     <span class='ocr_line' id='line_1_98' title="bbox 2131 5455 3710 5528; baseline -0.007 -9"><span class='ocrx_word' id='word_1_953' title='bbox 2131 5464 2322 5520; x_wconf 79' lang='grc' dir='ltr'><strong>στάναι</strong></span> <span class='ocrx_word' id='word_1_954' title='bbox 2375 5462 2468 5516; x_wconf 87' lang='grc' dir='ltr'><strong>τὸν</strong></span> <span class='ocrx_word' id='word_1_955' title='bbox 2523 5459 2625 5514; x_wconf 87' lang='grc' dir='ltr'><strong>τοῦ</strong></span> <span class='ocrx_word' id='word_1_956' title='bbox 2673 5457 2810 5513; x_wconf 89' lang='grc' dir='ltr'><strong>Θεοῦ</strong></span> <span class='ocrx_word' id='word_1_957' title='bbox 2870 5457 3018 5522; x_wconf 83' lang='grc' dir='ltr'><strong>Υίὺν,</strong></span> <span class='ocrx_word' id='word_1_958' title='bbox 3071 5456 3252 5528; x_wconf 60' lang='grc' dir='ltr'><strong>ψιλὸν,</strong></span> <span class='ocrx_word' id='word_1_959' title='bbox 3266 5456 3323 5510; x_wconf 86' lang='grc' dir='ltr'><strong>δὲ</strong></span> <span class='ocrx_word' id='word_1_960' title='bbox 3360 5455 3534 5525; x_wconf 86' lang='grc' dir='ltr'><strong>Λόγον</strong></span> <span class='ocrx_word' id='word_1_961' title='bbox 3566 5455 3710 5511; x_wconf 68' lang='grc' dir='ltr'><strong>ἐνὼν</strong></span> 
     </span>
    </p>
   </div>
   <div class='ocr_carea' id='block_1_99' title="bbox 546 5627 3220 5712">
    <p class='ocr_par' dir='ltr' id='par_1_99' title="bbox 546 5627 3220 5712">
     <span class='ocr_line' id='line_1_99' title="bbox 546 5627 3220 5712; baseline -0.006 -13"><span class='ocrx_word' id='word_1_962' title='bbox 546 5640 604 5699; x_wconf 59' lang='grc' dir='ltr'><strong>»Β</strong></span> <span class='ocrx_word' id='word_1_963' title='bbox 644 5635 741 5694; x_wconf 86' lang='lat' dir='ltr'><strong>Ed.</strong></span> <span class='ocrx_word' id='word_1_964' title='bbox 765 5638 966 5705; x_wconf 87' lang='lat' dir='ltr'><strong>Paris.,</strong></span> <span class='ocrx_word' id='word_1_965' title='bbox 1005 5656 1126 5712; x_wconf 87' lang='lat' dir='ltr'><strong>pag.</strong></span> <span class='ocrx_word' id='word_1_966' title='bbox 1163 5640 1254 5694; x_wconf 72' lang='lat'><strong>42.</strong></span> <span class='ocrx_word' id='word_1_967' title='bbox 1347 5640 1361 5671; x_wconf 84' lang='grc'>¹</span> <span class='ocrx_word' id='word_1_968' title='bbox 1401 5639 1554 5694; x_wconf 89' lang='lat' dir='ltr'><strong>Deut.</strong></span> <span class='ocrx_word' id='word_1_969' title='bbox 1587 5655 1670 5700; x_wconf 84' lang='lat' dir='ltr'><strong>ni,</strong></span> <span class='ocrx_word' id='word_1_970' title='bbox 1700 5638 1803 5700; x_wconf 70' lang='lat'><strong>24;</strong></span> <span class='ocrx_word' id='word_1_971' title='bbox 1834 5655 1905 5703; x_wconf 84' lang='grc' dir='ltr'><strong>ιν,</strong></span> <span class='ocrx_word' id='word_1_972' title='bbox 1934 5639 2022 5695; x_wconf 80' lang='lat'><strong>59.</strong></span> <span class='ocrx_word' id='word_1_973' title='bbox 2053 5637 2156 5693; x_wconf 91' lang='lat' dir='ltr'><strong>lsa.</strong></span> <span class='ocrx_word' id='word_1_974' title='bbox 2185 5634 2470 5701; x_wconf 76' lang='lat' dir='ltr'><strong>vam,l2.</strong></span> <span class='ocrx_word' id='word_1_975' title='bbox 2514 5631 2535 5661; x_wconf 78' lang='lat'>&#39;</span> <span class='ocrx_word' id='word_1_976' title='bbox 2563 5629 2726 5686; x_wconf 82' lang='lat' dir='ltr'><strong>lCor.</strong></span> <span class='ocrx_word' id='word_1_977' title='bbox 2765 5644 2854 5697; x_wconf 78' lang='lat' dir='ltr'><strong>xv,</strong></span> <span class='ocrx_word' id='word_1_978' title='bbox 2881 5627 2972 5684; x_wconf 67' lang='lat'><strong>28.</strong></span> <span class='ocrx_word' id='word_1_979' title='bbox 3045 5628 3066 5660; x_wconf 87' lang='grc'><em>³</em></span> <span class='ocrx_word' id='word_1_980' title='bbox 3093 5627 3220 5683; x_wconf 90' lang='lat' dir='ltr'><strong>ibid.</strong></span> 
     </span>
    </p>
   </div>
   <div class='ocr_carea' id='block_1_100' title="bbox 545 5756 2021 5843">
    <p class='ocr_par' dir='ltr' id='par_1_100' title="bbox 545 5772 2000 5843">
     <span class='ocr_line' id='line_1_100' title="bbox 545 5772 2000 5843; baseline 0.001 -18"><span class='ocrx_word' id='word_1_981' title='bbox 545 5772 656 5843; x_wconf 74' lang='lat'><strong>(5|)</strong></span> <span class='ocrx_word' id='word_1_982' title='bbox 701 5773 901 5828; x_wconf 79' lang='grc' dir='ltr'><strong>Πάντα</strong></span> <span class='ocrx_word' id='word_1_983' title='bbox 953 5777 1051 5830; x_wconf 80' lang='grc' dir='ltr'><strong>καὶ</strong></span> <span class='ocrx_word' id='word_1_984' title='bbox 1095 5777 1164 5829; x_wconf 73' lang='grc' dir='ltr'><strong>ἐν</strong></span> <span class='ocrx_word' id='word_1_985' title='bbox 1215 5775 1365 5831; x_wconf 78' lang='grc' dir='ltr'><strong>πᾶσι</strong></span> <span class='ocrx_word' id='word_1_986' title='bbox 1412 5775 1680 5843; x_wconf 76' lang='grc' dir='ltr'><strong>Χριστός.</strong></span> <span class='ocrx_word' id='word_1_987' title='bbox 1716 5773 1826 5828; x_wconf 87' lang='lat' dir='ltr'><strong>Imo</strong></span> <span class='ocrx_word' id='word_1_988' title='bbox 1871 5774 2000 5837; x_wconf 84' lang='grc' dir='ltr'><strong>Θεός</strong></span> 
     </span>
    </p>
   </div>
   <div class='ocr_carea' id='block_1_101' title="bbox 2128 5756 3712 5843">
    <p class='ocr_par' dir='ltr' id='par_1_101' title="bbox 2143 5756 3712 5843">
     <span class='ocr_line' id='line_1_101' title="bbox 2143 5756 3712 5843; baseline -0.009 -18"><span class='ocrx_word' id='word_1_989' title='bbox 2143 5771 2303 5843; x_wconf 79' lang='lat' dir='ltr'><strong>vulgo</strong></span> <span class='ocrx_word' id='word_1_990' title='bbox 2344 5769 2492 5840; x_wconf 81' lang='grc' dir='ltr'><strong>αὑτῷ</strong></span> <span class='ocrx_word' id='word_1_991' title='bbox 2527 5769 2703 5824; x_wconf 76' lang='grc' dir='ltr'><strong>πάντα</strong></span> <span class='ocrx_word' id='word_1_992' title='bbox 2737 5777 2791 5823; x_wconf 88' lang='lat' dir='ltr'><strong>et</strong></span> <span class='ocrx_word' id='word_1_993' title='bbox 2823 5765 2962 5822; x_wconf 79' lang='lat' dir='ltr'><strong>infra</strong></span> <span class='ocrx_word' id='word_1_994' title='bbox 3011 5762 3188 5834; x_wconf 85' lang='grc' dir='ltr'><strong>ἐαυτῷ</strong></span> <span class='ocrx_word' id='word_1_995' title='bbox 3215 5772 3268 5819; x_wconf 90' lang='lat' dir='ltr'><strong>et</strong></span> <span class='ocrx_word' id='word_1_996' title='bbox 3308 5761 3398 5814; x_wconf 82' lang='grc' dir='ltr'><strong>τὸν</strong></span> <span class='ocrx_word' id='word_1_997' title='bbox 3436 5756 3530 5814; x_wconf 89' lang='grc' dir='ltr'><strong>τοῦ</strong></span> <span class='ocrx_word' id='word_1_998' title='bbox 3570 5757 3712 5816; x_wconf 65' lang='grc' dir='ltr'><strong>(δενῦ</strong></span> 
     </span>
    </p>
   </div>
   <div class='ocr_carea' id='block_1_102' title="bbox 476 5842 2350 5918">
    <p class='ocr_par' dir='ltr' id='par_1_102' title="bbox 476 5842 2350 5918">
     <span class='ocr_line' id='line_1_102' title="bbox 476 5842 2350 5918; baseline 0.003 -23"><span class='ocrx_word' id='word_1_999' title='bbox 476 5846 613 5918; x_wconf 71' lang='lat' dir='ltr'><strong>apud</strong></span> <span class='ocrx_word' id='word_1_1000' title='bbox 633 5845 944 5914; x_wconf 79' lang='lat' dir='ltr'><strong>Apostolum</strong></span> <span class='ocrx_word' id='word_1_1001' title='bbox 962 5857 1015 5901; x_wconf 91' lang='lat' dir='ltr'><strong>et</strong></span> <span class='ocrx_word' id='word_1_1002' title='bbox 1039 5848 1105 5902; x_wconf 85' lang='lat' dir='ltr'><strong>de</strong></span> <span class='ocrx_word' id='word_1_1003' title='bbox 1129 5849 1394 5902; x_wconf 78' lang='lat' dir='ltr'><strong>sententia</strong></span> <span class='ocrx_word' id='word_1_1004' title='bbox 1414 5842 1670 5902; x_wconf 78' lang='lat' dir='ltr'><strong>Marcelli.</strong></span> <span class='ocrx_word' id='word_1_1005' title='bbox 1697 5845 1766 5900; x_wconf 83' lang='grc' dir='ltr'><strong>Μ.</strong></span> <span class='ocrx_word' id='word_1_1006' title='bbox 1788 5876 1854 5883; x_wconf 95' lang='grc'><strong>-</strong></span> <span class='ocrx_word' id='word_1_1007' title='bbox 1880 5844 2051 5914; x_wconf 78' lang='lat' dir='ltr'><strong>Supra</strong></span> <span class='ocrx_word' id='word_1_1008' title='bbox 2161 5842 2350 5910; x_wconf 85' lang='grc' dir='ltr'><strong>Λόγον.</strong></span> 
     </span>
    </p>
   </div>
  </div>
