4088 6416
520 384 624 442 799

1182 388 1451 446 EUSEBII
1485 389 1959 449 CIESARIENSIS
1991 393 2142 450 OPP.
2181 395 2359 452 PARS
2394 395 2484 453 ιν.
2517 425 2587 437 -
2623 393 3038 454 θοοΜΑτιοΑ.

3651 400 3757 456 800

519 510 824 563 scebatur.»
864 509 960 564 Hic
989 512 1216 566 observa
1243 514 1373 568 mihi
1408 523 1609 580 autem,
1656 515 1891 584 qualiter
1939 517 2061 571 Mar

2182 518 2436 590 τύχηκεν,
2466 519 2650 590 ἐπειδὴ
2682 519 2896 588 όΛόγος
2929 519 3064 591 σὰρξ
3097 520 3366 587 ἐγενετο.)
3403 519 3571 590 Τήρει
3609 520 3758 582 ὅπως

518 600 688 656 collus
734 617 923 655 nomen
964 601 1092 658 Jesu
1142 613 1198 657 et
1242 604 1470 670 Christi,
1514 615 1571 660 et
1617 618 1841 663 cateras
1870 624 2084 679 quoque

521 691 926 762 appellationes.
957 710 1062 749 non
1087 695 1154 749 de
1176 694 1354 752 Verbo
1385 700 1664 753 contendit
1689 703 1958 772 usur-pari,
1988 706 2082 759 sed

520 794 726 838 tantum
752 787 1024 851 decarne,
1064 803 1227 857 quam
1264 793 1564 862 assumpsit
1603 792 1863 848 Verbum.
1917 796 2083 866 quue

517 875 775 942 quioniam
807 877 896 932 ubi
926 892 1146 932 carnem
1209 879 1404 947 reiicit,
1449 883 1664 937 demum
1717 885 1769 939 in
1803 885 2080 941 Christum

523 961 620 1016 Dei
646 964 844 1034 impius
871 967 1141 1032 reperitur
1175 970 1392 1038 :pergit
1415 971 1613 1037 adhuc,
1658 983 1715 1028 et
1743 973 1810 1028 de
1855 990 2083 1045 corpore

518 1054 822 1112 Servatoris
867 1061 934 1113 ad
966 1059 1110 1115 hunc
1145 1063 1359 1117 modum
1387 1065 1578 1120 scribit
1614 1085 1628 1120 :
1657 1066 1748 1139 [R.
1783 1067 1920 1141 Vlll]
1953 1087 1971 1121 ι
2003 1070 2082 1127 No

521 1163 542 1196 ι
572 1145 675 1200 hoc
706 1146 879 1215 ipsum
915 1148 1184 1206 immerito
1210 1153 1507 1208 arbitretur
1525 1156 1804 1222 Asterius,
1829 1159 1872 1212 si
1898 1170 2080 1228 poste-

523 1256 543 1288 s
575 1238 685 1292 rior
704 1240 968 1295 exsistens
987 1257 1086 1298 suo
1108 1259 1335 1314 corpore
1351 1247 1416 1301 ad
1442 1248 1816 1316 antiquitatem
1837 1254 2081 1321 aspirare

519 1347 540 1379 α
570 1339 820 1400 nequeat,
843 1333 936 1388 sed
959 1335 1288 1402 recordetur,
1315 1340 1458 1407 quod
1479 1348 1751 1408 utcunque
1775 1343 2076 1413 contingat,

517 1435 536 1466 ι
573 1417 860 1474 humanam
884 1421 1039 1477 istam
1077 1440 1295 1480 carnem
1325 1430 1675 1496 posteriorem
1716 1446 1858 1495 esse,
1891 1434 2081 1490 nihilo-

516 1526 535 1557 α
569 1507 746 1564 minus
777 1513 866 1580 qni
899 1513 1044 1568 illam
1069 1529 1162 1585 per
1187 1519 1583 1576 sanctissimam
1618 1523 1892 1594 Virginem
1921 1541 2078 1581 assu-

488 1618 533 1658 ,c
569 1615 715 1654 mere
740 1603 990 1674 dignatus
1015 1617 1121 1672 est,
1154 1609 1385 1663 Verbum
1411 1610 1504 1666 Dei
1537 1653 1553 1679 ,
1589 1614 1810 1670 adunito
1843 1615 1915 1671 illi
1957 1631 2076 1686 suo,

512 1712 530 1742 α
565 1695 708 1760 quod
729 1705 871 1762 erat,
892 1698 1163 1755 hominem
1192 1701 1338 1755 illum
1357 1717 1512 1757 suum
1541 1705 1800 1762 universa:
1817 1717 2080 1763 creature

513 1799 531 1832 σ
567 1781 988 1855 Primogenitum
1013 1789 1327 1859 reddiderit,
1347 1801 1402 1846 et
1419 1808 1596 1848 rerum
1615 1797 1852 1851 omnium
1871 1798 2076 1868 princi-

2181 609 2269 662 διὰ
2307 609 2510 662 τούτων
2542 610 2860 680 Μάρκελλος
2895 609 2987 663 τοῦ
3027 608 3202 680 Ἰησοῦ
3238 611 3332 663 καὶ¹
3364 609 3598 680 Χριστοῦ
3635 609 3754 662 ὅνο-

2186 719 2282 772 μα,
2314 703 2408 756 καὶ
2429 702 2526 764 τὰς
2551 701 2745 766 λοιπὰς
2773 702 3160 775 προσηγορίας,
3186 703 3248 755 οὐ
3277 701 3519 771 βούλεται
3543 701 3755 754 κεῖσθαι

2181 794 2274 846 ἐπὶ
2313 793 2406 848 τοῦ
2437 795 2634 862 Λόγου,
2684 795 2798 849 ἀλλ’
2823 795 2916 848 ἐπὶ
2953 795 3052 866 τῆς
3090 794 3292 866 σαρκὸς
3329 789 3398 864 ἦς
3444 793 3749 864 ἀνείληφεν.

2193 886 2489 954 Ἀναγκαία
2515 886 2570 939 δὲ
2591 887 2624 956 ἡ
2652 888 2993 958 ἐπιτήρησις,
3017 887 3085 939 ἶν’
3109 887 3235 939 ὅταν
3259 885 3417 948 αὐτὸς
3445 884 3604 938 πάλιν
3625 886 3759 938 ἁπο-

2182 976 2318 1049 ϐάλῃ
2339 977 2436 1048 τὴν
2459 977 2656 1049 σάρκα,
2691 977 2963 1047 ἐλέγχοιτο
2983 976 3193 1030 ἀσεϐῶν
3215 978 3327 1044 (59)
3357 976 3446 1029 τὸν
3475 978 3556 1039 είς
3587 976 3754 1029 αὑτὸν

2179 1069 2412 1140 Χριστὸν
2429 1068 2520 1122 τοῦ
2537 1067 2690 1121 Θεοῦ.
2721 1069 2874 1122 Μετὰ
2898 1069 2962 1141 δὴ
2989 1069 3058 1122 τά
3082 1067 3442 1140 προλεχθέντα
3471 1067 3598 1136 ἑξῆς
3615 1084 3754 1137 προ-

2179 1158 2296 1222 ῖὼν,
2317 1158 2386 1213 τὰ
2408 1161 2533 1231 περὶ
2561 1159 2654 1212 τοῦ
2691 1158 2940 1228 σώματος
2966 1159 3058 1212 τοῦ
3083 1159 3355 1232 Σωτῆρος,
3376 1159 3598 1212 τοιαῦτα
3622 1158 3756 1227 γρά-

2181 1267 2302 1319 φειο
2337 1272 2356 1303 ί
2381 1252 2491 1305 Καὶ
2524 1253 2597 1323 μὴ
2620 1252 2776 1306 τοῦτο
2800 1250 3063 1306 ἀπίθανον
3085 1248 3221 1304 εἶναι
3255 1249 3522 1322 νομιζέτω
3565 1251 3748 1303 Ἀστέ-

2186 1361 2204 1396 ‹
2232 1359 2361 1414 ριος,
2396 1343 2444 1395 εί
2471 1342 2730 1416 νεώτερον
2759 1343 2818 1397 ὃν
2845 1342 3008 1396 αὐτοῦ
3037 1343 3287 1414 σώματος
3304 1343 3435 1414 (60),
3470 1343 3640 1412 αὐτῆς
3655 1360 3751 1394 τυ-

2185 1451 2204 1484 (
2229 1435 2342 1502 χεῖν
2366 1434 2718 1506 ἀρχαιότητος
2747 1435 2974 1506 ἐδυνήθη
2997 1453 3010 1466 ·
3061 1435 3174 1490 ἀλλ’
3213 1437 3479 1498 ἐννοείτω,
3536 1436 3629 1489 καὶ
3668 1436 3751 1489 ὅτι

2185 1544 2203 1576 t
2231 1524 2464 1594 μάλιστα
2481 1525 2578 1597 τὴν
2596 1525 2938 1598 ἀνθρωπίνην
2957 1527 3134 1598 σάρκα
3164 1525 3433 1597 νεωτέραν
3454 1521 3591 1578 εἶναι
3609 1542 3672 1577 συ
3680 1542 3749 1596 μ-

2183 1631 2201 1664 t
2227 1613 2422 1680 ϐαίνει,
2452 1615 2603 1684 ὅμως
2629 1619 2657 1669 ό
2682 1615 2884 1688 ταύτην
2916 1615 3202 1669 ἀναλαϐεῖν
3227 1615 3292 1668 δι’
3323 1615 3493 1684 ἁγνῆς
3511 1614 3748 1681 ἀξιώσας

2185 1721 2202 1753 ι
2228 1703 2504 1774 Παρθένου
2530 1704 2722 1772 Λόγος,
2753 1705 2922 1778 ταύτῃ
2949 1706 3009 1758 τὸ
3037 1703 3229 1758 ἐαυτοῦ
3252 1703 3476 1768 ἐνώσας,
3499 1707 3561 1759 οὐ
3591 1707 3748 1776 μόνον

2183 1797 2569 1866 ιιηρωτότοκον
2598 1797 2777 1868 πάσης
2799 1797 3026 1862 κτίσεως
3064 1799 3157 1851 τὸν
3185 1798 3242 1850 ἐν
3271 1796 3450 1866 ἐαυτῷ
3465 1797 3750 1868 ἄνθρωπον

511 1893 528 1926 ι
565 1874 708 1943 plum
735 1877 921 1934 volens
951 1881 1316 1949 constituerit,
1333 1901 1516 1942 earum
1541 1890 1727 1957 qutein
1745 1895 1905 1948 terris
1925 1903 2061 1962 sunt,

2179 1907 2197 1940 ι
2218 1889 2504 1943 κτισθέντα
2549 1889 2951 1960 ἀπειργάσατο,
2992 1890 3129 1943 ἀλλά
3165 1891 3259 1944 καὶ
3290 1890 3462 1961 ἀρχὴν
3494 1891 3749 1945 ἁπάντων

512 1983 532 2018 ι
564 1975 615 2019 et
629 1982 751 2037 quae
769 1970 822 2023 in
838 1971 1008 2026 cmlis.
1023 1992 1042 2024 ι
1067 1973 1187 2030 Ilaec
1205 1977 1292 2045 qui
1309 1979 1548 2049 scripsit,
1565 1993 1952 2038 commemorat
1971 1985 2072 2040 aii-

503 2067 706 2125 quanto
733 2070 857 2128 post
880 2063 1122 2132 Apostnli
1152 2069 1338 2132 verba,
1364 2070 1565 2137 quibus
1604 2071 1726 2127 Filii
1758 2077 2071 2132 consmbilit

501 2145 840 2204 divinitatem
870 2167 885 2205 :
911 2151 997 2213 illa
1029 2155 1310 2221 nimirum,
1339 2157 1442 2224 Qui
1461 2169 1538 2214 est
1567 2161 1740 2233 imago
1764 2163 1856 2218 Dei
1884 2161 2067 2221 invisi-

503 2237 646 2303 bilis,
671 2241 1044 2313 primogenita:
1081 2249 1248 2301 omnis
1277 2261 1559 2316 creatura,
1586 2255 1834 2323 quoniam
1865 2258 1920 2310 in
1955 2259 2066 2323 ipso

499 2330 714 2384 condita
733 2344 851 2385 sunt
881 2337 1150 2402 universa,
1190 2342 1245 2393 in
1264 2342 1406 2396 caelis
1430 2353 1479 2396 et
1506 2345 1561 2396 in
1583 2353 1748 2411 terra,
1773 2350 1996 2404 visibilia
2017 2361 2064 2404 et

497 2420 801 2489 invisibilia,
825 2426 928 2479 sive
955 2427 1154 2495 throni;
1186 2431 1292 2486 sive
1323 2434 1734 2502 dominationes,
1767 2440 1874 2493 sive
1914 2442 2063 2506 prin-

495 2509 723 2581 cipatus,
751 2516 858 2570 sive
876 2527 1158 2586 potestates
1184 2537 1203 2575 :
1235 2525 1415 2579 omnia
1440 2542 1534 2594 per
1570 2528 1745 2596 ipsum
1775 2539 1823 2583 et
1858 2531 1914 2585 in
1953 2531 2064 2601 ipso

494 2612 856 2672 creatasunt;
878 2619 924 2662 et
945 2610 1055 2678 ipse
1089 2621 1211 2666 ante
1231 2631 1428 2681 omnes,
1456 2627 1506 2671 et
1533 2621 1711 2674 omnia
1737 2621 1789 2675 in
1807 2622 1918 2690 ipso
1947 2639 2065 2677 con-

493 2699 636 2745 stant
667 2694 708 2748 ⁸.
737 2692 862 2751 Haec
885 2700 1066 2754 omnia
1089 2701 1155 2754 ad
1183 2717 1403 2758 carnem
1419 2706 1564 2762 dicta
1591 2708 1779 2776 refert,
1811 2726 1910 2766 nec
1938 2727 2063 2767 eru-

495 2781 612 2838 buit
635 2783 733 2840 has
765 2801 926 2844 voces
952 2792 1277 2860 apostolicas
1309 2795 1374 2851 de
1400 2796 1487 2852 illa
1509 2813 1678 2856 carne
1703 2802 1877 2858 dictas
1895 2804 2063 2858 inter-

492 2875 715 2942 pretari,
741 2877 808 2932 de
826 2892 928 2948 qua
961 2881 1072 2951 ipsa
1101 2883 1154 2937 in
1199 2887 1556 2955 sequentibus
1585 2892 1650 2945 ad
1675 2891 1821 2948 hunc
1843 2895 2059 2950 modum

493 2965 682 3021 scribit
708 2966 798 3039 [Β.
834 2969 1004 3044 CIV]:
1033 2993 1054 3026 ι
1097 2974 1154 3030 Si
1191 2976 1428 3033 fateatur
1465 2979 1586 3035 ideo
1615 2981 1895 3048 Servator,
1941 3001 2060 3040 car-

496 3072 519 3108 ι
557 3071 674 3112 nem
695 3075 802 3115 non
824 3065 1098 3133 prodesse,
1121 3068 1260 3124 unde
1288 3068 1368 3135 lit,
1387 3078 1448 3124 ut
1471 3086 1620 3137 caro,
1650 3088 1770 3143 quae
1791 3083 1846 3130 et
1864 3080 1922 3140 ᾖ
1939 3086 2058 3132 orta

495 3165 518 3201 ε
546 3159 630 3205 est
656 3151 723 3207 de
755 3161 923 3222 terra,
953 3166 1009 3210 et
1034 3157 1166 3214 nihil
1194 3161 1435 3230 prodest,
1461 3178 1580 3218 cum
1605 3165 1869 3234 profuerit
1900 3168 2052 3235 nihil,

494 3256 516 3334 ι
545 3240 596 3294 in
630 3238 809 3297 futuro
837 3246 1033 3302 saeculo
1078 3246 1254 3306 Verbo
1286 3254 1545 3308 assistat?
1578 3273 1599 3307 s
1636 3255 1730 3325 (cl‘.
1761 3272 1815 3327 p.
1856 3258 1959 3314 182
1982 3260 2052 3334 Α]

488 3330 686 3388 lterum
715 3335 782 3391 de
802 3338 989 3393 eadem
1026 3340 1115 3395 illa
1141 3342 1213 3397 ita
1251 3344 1413 3400 inlit:
1449 3365 1469 3398 ι
1505 3347 1785 3414 Quomodo
1811 3366 1909 3420 par
1954 3330 2056 3409 fuit

494 3439 515 3472 ι
550 3425 767 3480 ntservi
800 3425 999 3495 forma,
1019 3446 1180 3501 quam
1206 3437 1499 3507 assumpsit
1519 3437 1620 3493 sibi
1650 3438 1903 3508 Verbum,
1927 3459 2051 3500 cum

492 3528 514 3564 ι
546 3515 777 3572 exsistat
818 3518 991 3577 l'ortna
1020 3525 1184 3590 servi,
1226 3526 1403 3583 Verbo
1435 3543 1752 3599 permaneat
1808 3535 2048 3592 adunita.

490 3619 513 3654 ‹
551 3603 711 3662 Certe
757 3614 945 3681 nequit
999 3614 1137 3672 ﬁeri.
1169 3636 1188 3669 ι
1232 3619 1296 3673 Ει
1336 3629 1514 3677 tamen
1567 3624 1658 3680 ille
1710 3625 1824 3696 ipse
1861 3629 1952 3696 qui
1985 3631 2053 3686 de

483 3708 650 3752 carne
684 3697 760 3754 ita
811 3702 1054 3774 scripsit,
1091 3705 1146 3762 in
1177 3711 1428 3777 praesenti
1463 3712 1611 3770 illam
1645 3725 1804 3772 vocat
1857 3718 2053 3792 imagi-

485 3802 610 3843 nem
649 3789 765 3858 Dei,
795 3803 850 3849 et
877 3797 1055 3854 omnis
1081 3810 1348 3858 creatura:
1376 3803 1832 3877 primogenitam;
1875 3789 2047 3882 ipsam

483 3893 612 3936 ante
639 3886 818 3940 omnia
849 3890 1126 3946 exstitisse
1150 3893 1286 3948 dicit
1310 3909 1324 3946 :
1353 3895 1484 3950 etin
1513 3896 1603 3952 illa
1626 3901 1844 3956 condita
1877 3902 2049 3960 fuisse

485 3967 733 4026 universa
757 3973 936 4043 docet,
969 3991 1092 4033 cum
1123 3995 1243 4051 qua:
1267 3981 1320 4036 in
1359 3990 1503 4039 terra
1529 3995 1676 4052 sunt,
1713 3997 1824 4045 tum
1845 4005 1967 4061 qua:
1990 3994 2046 4048 in

482 4059 661 4128 colis,
698 4063 941 4134 thronos,
965 4068 1383 4139 dominationes,
1421 4078 1783 4148 principatus,
1810 4059 2050 4154 potesta-

491 4160 592 4208 tes.
633 4153 804 4212 Verba
846 4159 991 4218 illius
1036 4173 1162 4220 sunt
1190 4164 1211 4238 [
1239 4167 1305 4222 ιι.
1340 4167 1573 4244 tv.vn]
1612 4191 1626 4228 ε
1680 4193 1700 4227 ‹
1734 4153 1943 4248 Siipse
1975 4179 2047 4236 sit

489 4261 511 4299 ι
539 4248 716 4305 omnis
743 4261 1011 4311 creature
1049 4256 1445 4329 primogenitus
1465 4302 1481 4328 ,
1509 4273 1564 4318 et
1607 4265 1660 4320 in
1685 4265 1804 4340 ipso
1823 4272 2043 4328 condita

486 4350 509 4387 ι
537 4345 662 4392 sunt
717 4339 992 4410 universa,
1024 4344 1330 4419 intelligere
1345 4366 1444 4407 nos
1468 4339 2045 4428 oportet,Apostolum

483 4441 508 4478 ί
537 4428 590 4480 in
618 4433 871 4498 praesenti
901 4436 1235 4494 mentionem
1280 4440 1462 4498 facere
1488 4445 1556 4501 de
1604 4446 1693 4502 illa
1747 4452 2044 4508 secundum

2177 1998 2197 2031 ι
2221 1980 2383 2034 αὑτὸν
2399 1975 2535 2034 εἶναι
2553 1981 2815 2051 βούλεται,
2833 1982 2893 2034 οὐ
2909 1982 3014 2036 τῶν
3041 1983 3134 2035 ἐπὶ
3160 1983 3261 2054 γῆς
3283 1983 3462 2052 μόνον,
3490 1984 3626 2038 ἀλλά
3650 1985 3746 2038 καὶ

2176 2088 2196 2121 ι
2217 2070 2323 2123 τῶν
2352 2072 2409 2123 ὲν
2434 2071 2732 2142 οὐρανοῖς.»
2772 2071 3023 2124 Τοσαῦτα
3045 2070 3236 2138 εἰπὼν,
3289 2071 3409 2142 μεθ’
3437 2072 3594 2144 ἕτερα
3641 2073 3742 2138 τὼς

2168 2163 2529 2226 smmum;
2566 2163 2768 2232 φωνὰς,
2804 2163 2871 2217 δι’
2897 2159 2971 2216 ὧν
2995 2163 3085 2216 τὸν
3109 2164 3235 2216 Υἱὸν
3263 2163 3358 2216 τοῦ
3391 2163 3522 2218 Θεοῦ
3561 2164 3740 2217 θεολο-

2167 2258 2273 2324 γεῖ,
2311 2256 2555 2325 φάσκων,
2591 2256 2687 2320 Ὃς
2719 2256 2888 2309 ἐστιν
2912 2256 3088 2309 είκὼν
3113 2255 3218 2309 τοῦ
3257 2257 3405 2310 Θεοῦ
3437 2257 3542 2310 τοῦ
3562 2256 3738 2324 ἀορά-

2170 2363 2296 2410 του,
2325 2349 2695 2414 πρωτότοκος
2718 2347 2919 2415 πάσης
2940 2349 3188 2413 κτίσεως
3209 2363 3222 2378 ·
3242 2348 3330 2402 ὅτι
3350 2349 3419 2402 ἐν
3447 2348 3606 2415 αὐτῷ
3626 2349 3736 2420 (61)

2162 2434 2407 2504 ἐκτίσθη
2455 2435 2527 2490 τὰ
2574 2436 2790 2500 πάντα,
2852 2437 2923 2492 τὰ
2971 2439 3040 2492 ἐν
3067 2438 3193 2506 τοῖς
3233 2439 3509 2508 οὐρανοῖς
3534 2440 3631 2495 καὶ
3671 2441 3744 2494 τὰ

2162 2525 2259 2579 ἐπὶ
2282 2525 2392 2595 τῆς
2417 2527 2552 2597 γῆς,
2578 2529 2698 2581 εἴτε
2727 2529 2948 2596 θρόνοι,
2970 2531 3090 2584 εἴτε
3115 2533 3476 2600 κυριότητες,
3497 2534 3616 2586 εἶτε
3636 2533 3742 2600 ἀρ-

2162 2616 2283 2685 χαὶ,
2319 2617 2439 2670 εἴτε
2473 2618 2765 2683 ἐξουσίαι,
2803 2619 2874 2674 τὰ
2917 2621 3112 2675 πάντα
3149 2622 3222 2676 δι’
3266 2623 3473 2688 αὐτοῦ,
3522 2625 3617 2678 καὶ
3654 2628 3742 2690 είς

2161 2709 2346 2763 αὑτὸν
2358 2709 2642 2774 ἔκτισται,
2660 2711 2758 2765 καὶ
2780 2714 2962 2778 αὑτός
2981 2715 3108 2767 ἐστι
3128 2713 3240 2783 πρὸ
3263 2714 3520 2780 πάντων,
3550 2717 3648 2769 καὶ
3670 2719 3741 2771 τὰ

2160 2799 2357 2854 πάντα
2382 2803 2468 2868 εὶς
2493 2803 2678 2856 αὐτὸν
2705 2803 3084 2874 συνέστηκε,
3125 2807 3219 2858 ἐπὶ
3259 2806 3356 2878 τὴν
3387 2806 3566 2877 σάρκα
3604 2809 3738 2862 ἀνα-

2159 2893 2347 2964 φέρει·
2400 2895 2500 2948 οὐκ
2543 2895 2807 2967 ἐρυθριῶν
2838 2897 2936 2962 τὰς
2975 2898 3228 2963 τοιαύτας
3267 2900 3359 2953 τοῦ
3414 2901 3736 2956 Ἀποστόλου

2159 2984 2344 3053 φωνὰς
2379 2987 2738 3058 ἐκλαμϐάνειν
2779 2989 2872 3041 ἐπὶ
2901 2990 2997 3060 τὴν
3033 2990 3233 3060 σάρκα,
3274 2993 3402 3062 περὶ
3428 2987 3496 3065 ἧς
3532 2992 3735 3062 προῖὼν

2157 3078 2318 3142 αὐτὸς
2356 3079 2672 3152 Μάρκελλος
2703 3082 2876 3136 ταῦτα
2913 3084 3144 3154 γράφε-,ι’
3178 3104 3198 3137 ‹
3236 3086 3298 3139 Εἰ
3343 3081 3436 3141 οὖν
3467 3089 3496 3140 6
3539 3085 3734 3158 Σωτὴρ

2081 3211 2124 3272 c
2163 3187 2183 3221 ι
2220 3171 2470 3242 ὁμολογεῖ
2487 3171 2581 3244 τὴν
2611 3173 2787 3246 σάρκα
2806 3174 2968 3245 μηδὲν
2983 3175 3228 3244 ὠφελεῖν,
3253 3177 3371 3241 πῶς
3392 3176 3732 3248 ἐγχωρεὴὴν

2163 3282 2180 3315 t
2220 3263 2285 3316 ἐκ
2299 3264 2401 3334 γῆς
2413 3281 2472 3318 τε
2492 3261 2674 3331 οὖσαν,
2689 3267 2783 3319 καὶ
2798 3267 2966 3339 μηδὲν
2979 3267 3292 3339 ὠφελοῦσαν
3310 3273 3367 3325 ἐν
3383 3274 3492 3335 τοῖς
3514 3269 3736 3342 μέλλου-

2159 3375 2177 3409 ι
2221 3375 2304 3412 σιν
2327 3359 2486 3413 αίῶσι
2501 3359 2576 3424 ὡς
2587 3359 2736 3433 αὐτῷ
2755 3361 3133 3418 λυσιτελοῦσαν
3149 3363 3257 3435 (62)
3279 3367 3512 3420 συνεῖναι
3534 3363 3610 3434 τῷ
3627 3364 3732 3418 Δό-

2159 3465 2179 3499 ι
2215 3465 2331 3520 γῳ;
2363 3467 2384 3503 ι
2418 3449 2536 3504 Κάν
2567 3446 2724 3514 αὖθις
2747 3452 2877 3526 περὶ
2902 3455 3004 3526 τῆς
3025 3455 3196 3526 αὐτῆς
3227 3455 3426 3527 σαρκὸς
3456 3455 3693 3526 ἐπιλέγει
3713 3474 3726 3487 ·

2157 3555 2177 3590 ι
2211 3537 2336 3602 Πῶς
2354 3537 2461 3592 ἔδει
2477 3538 2576 3612 τὴν
2589 3539 2685 3594 τοῦ
2699 3539 2887 3595 δούλου
2913 3541 3146 3614 μορφὴν,
3167 3544 3235 3614 ἢν
3266 3543 3554 3614 ἀνείληφεν
3575 3547 3604 3598 6
3624 3546 3729 3599 Λό-

2155 3647 2175 3680 s
2215 3643 2332 3696 γος,
2349 3627 2564 3699 μορφὴν
2579 3624 2744 3683 οὖσαν
2757 3629 2944 3684 δούλου
2963 3632 3197 3684 συνεῖναι
3211 3631 3288 3702 τῷ
3302 3632 3458 3702 Λόγῳ
3473 3651 3486 3698 ;
3506 3633 3596 3686 Διὸ
3610 3635 3728 3687 ἀδύ-

2155 3736 2175 3771 ι
2211 3734 2370 3773 νατον
2399 3717 2590 3786 γένοιτ’
2610 3720 2694 3774 άν.
2732 3738 2752 3773 ι
2798 3720 2934 3774 Ἀλλ’
2959 3721 2989 3774 6
3014 3721 3236 3776 τοιαῦτα
3266 3724 3392 3795 περὶ
3412 3724 3511 3794 τῆς
3527 3727 3725 3797 σαρκὸς

2149 3807 2316 3865 εἰπὼν
2344 3808 2438 3864 νῦν
2461 3811 2644 3864 εἰκόνα
2665 3811 2757 3865 τοῦ
2784 3812 2918 3866 Θεοῦ
2935 3813 3104 3886 αὐτὴν
3128 3814 3296 3882 λέγει,
3327 3815 3420 3868 καὶ
3445 3818 3726 3886 Πρωτότο-

2147 3917 2243 3956 κον
2271 3900 2451 3973 πάσης
2471 3902 2724 3968 κτίσεως,
2753 3904 2923 3977 αὑτήν
2949 3921 3010 3959 τε
3036 3901 3199 3960 οὖσαν
3237 3909 3344 3981 πρὸ
3366 3909 3602 3973 πάντων,
3632 3910 3727 3964 καὶ

2148 3991 2325 4047 πάντα
2343 3992 2413 4046 τὰ
2426 3995 2483 4048 ἐν
2496 3997 2608 4059 τοῖς
2623 3996 2891 4068 οὐρανοῖς,
2909 3997 3004 4051 καὶ
3023 3999 3092 4052 τά
3107 3999 3199 4052 ἐπὶ
3223 3999 3320 4070 τῆς
3339 3999 3462 4070 γῆς,
3483 4000 3723 4072 θρόνους,

2145 4085 2488 4159 κυριότητας,
2514 4088 2708 4160 ἀρχάς,
2743 4089 3009 4155 ἐξουσίας,
3039 4091 3098 4144 ἐν
3118 4092 3253 4163 αὐτῇ
3279 4092 3542 4148 ἐκτίσθαι.
3581 4094 3724 4164 Γρά-

2147 4195 2237 4248 φει
2261 4178 2318 4231 δέ
2340 4177 2513 4244 οὕτως
2533 4196 2546 4209 ·
2574 4197 2590 4230 t
2615 4180 2820 4236 Οὐκοῦν
2843 4181 3193 4252 Πρωτότοκος
3216 4183 3314 4253 μέν
3338 4183 3485 4237 ἐστιν
3507 4184 3720 4255 ἁπάσης,

2151 4289 2171 4322 ι
2218 4270 2448 4335 κτίσεως
2468 4271 2649 4336 αὐτὸς,
2673 4273 2731 4325 ἐν
2749 4272 2898 4344 αὑτῷ
2923 4273 2980 4327 δὲ
3005 4274 3228 4346 ἐκτίσθη
3254 4275 3325 4330 τά
3350 4276 3722 4349 πάντα,προσ-

2153 4380 2173 4416 t
2214 4363 2338 4434 ήκει
2369 4364 2566 4418 εἰδέναι
2590 4365 2758 4435 ἡμᾶς,
2779 4365 2859 4417 ὅτι
2875 4365 3002 4438 περὶ
3028 4367 3128 4437 τῆς
3151 4367 3290 4420 κατά
3309 4367 3488 4439 σάρκα
3513 4371 3720 4423 οἰκονο-

2153 4471 2173 4504 t
2215 4453 2345 4524 μίας
2392 4454 2579 4519 αὑτοῦ,
2609 4455 2638 4507 6
2698 4455 3016 4519 ’Δπόστολος
3061 4456 3178 4509 νυνῖ⁹
3231 4457 3519 4528 μέμνηται.
3558 4478 3577 4511 ι
3611 4461 3721 4513 Καὶ

484 4535 508 4570 ε
542 4534 760 4618 carnem
802 4526 1229 4618 dispensatione.
1263 4552 1282 4586 ι
1307 4533 1612 4594 Conﬁrmat
1661 4540 1767 4598 hoc
1817 4544 2046 4614 adjectis

2161 4545 2450 4599 ἑπιϐεϐαιοῖ
2484 4545 2575 4598 τὸν
2616 4545 2791 4614 λόγον,
2830 4547 3104 4618 ἐπιφέρων
3127 4545 3285 4617 ἐξῆςο
3309 4526 3340 4598 Vt
3373 4526 3720 4618 Πρωτότοκος

479 4618 537 4663 et
566 4611 725 4668 istis:
760 4633 780 4668 ι
801 4615 1038 4677 Vocatus
1067 4631 1152 4678 est
1201 4634 1388 4680 autem
1426 4630 1604 4686 omnis
1632 4611 1899 4690 creaturae
1921 4639 2036 4705 pri-

485 4718 509 4754 σ
547 4708 874 4779 ωοεοηίιυε,
907 4727 1012 4769 non
1069 4723 1130 4771 ut
1170 4716 1250 4773 illi
1306 4719 1666 4792 arbitrantur,
1717 4727 1862 4795 quod
1915 4737 2046 4785 ante
2107 4723 2110 4728 ’

554 4848 613 4908 ›Ῑ‹
646 4841 743 4898 Ed.
770 4842 964 4912 Paris.,
990 4864 1091 4920 pag
1123 4850 1214 4905 44.
1253 4852 1275 4884 ⁸
1295 4851 1502 4910 Coloss.
1522 4872 1563 4924 ι,
1588 4856 1678 4916 16.
1710 4858 1793 4912 l7.

547 5027 661 5099 (59)
700 5030 805 5097 Εἰς
834 5033 1021 5087 αὐτὸν
1055 5034 1380 5094 ἀσεϐῶντα.
1425 5039 1569 5097 Satis
1599 5043 1800 5112 liquet,
1833 5041 2042 5112 legend.

511 5099 557 5154 ἰς
595 5099 754 5153 αὐτὸν
795 5101 1008 5154 ἀσεϐῶν
1037 5105 1128 5154 τὸν
1167 5107 1273 5154 [εἰη
1315 5111 1500 5154 ωιτη
1542 5113 1790 5154 ποιητά..-
1846 5113 2042 5154 Nomm

476 5100 557 5163 εἰς
595 5100 754 5153 αὐτὸν
795 5101 1008 5159 ἀσεϐῶν
1037 5105 1128 5159 τὸν
1167 5107 1273 5178 [sic
1315 5111 1501 5184 codd.}
1541 5100 1799 5184 Χριὰτόνξ
1841 5100 2045 5184 u‘émpe

475 5170 618 5249 quod
661 5171 832 5249 ipsius
873 5188 1071 5249 cor_p_ns
1106 5178 1237 5232 nihil
1270 5191 1365 5234 ant
1405 5182 1557 5237 nihili
1611 5183 1847 5238 futurum
1889 5193 2040 5249 erat,

473 5233 706 5323 abeunte
726 5233 887 5323 A613»
907 5233 1178 5323 adpetita,
1203 5249 1254 5304 in
1271 5233 1379 5320 quo
1399 5233 1557 5323 prius
1577 5233 1723 5308 erat:
1734 5233 2042 5308 sil—bad

475 5261 706 5295 aueunte
726 5261 840 5310 Λογ
907 5261 973 5298 au
992 5261 1178 5313 Deum,
1203 5261 1276 5304 Ini

475 5309 802 5388 vulgopsra
822 5261 889 5388 ἐξ
907 5314 973 5368 τά
995 5316 1276 5388 λεχθέντα.

544 5378 676 5465 (οοχ
696 5384 892 5439 Αὐτοῦ
912 5378 1371 5465 κσώιιᾶτοςκίωο
1399 5391 1578 5465 σῶμα.
1606 5391 1724 5465 _Pro
1765 5393 2042 5465 σημαίνειν

477 5446 894 5548 ρει.
911 5446 1296 5548 σρεὶϐαίνεὶΜ..
1312 5446 1384 5502 -ἒ-
1403 5446 1496 5548 5ξά
1513 5446 1574 5517 et
1602 5463 1644 5518 ﬂ
1692 5446 1784 5548 ltiti
1802 5446 1924 5548 dein

669 5527 818 5617 aiat}:
847 5535 902 5580 et
925 5527 1104 5617 ἀρχῆς
1138 5546 1236 5617 pro
1263 5533 1618 5617 ἀρχαιότητος
1655 5527 1817 5588 σι’ὃτι
1848 5536 1897 5587 εἰ
1932 5527 2035 5617 ,καί

475 5597 674 5675 ριὀηι.
713 5593 1103 5675 ἀπειργάσατο.
1139 5593 1276 5656 ’Βοίη
1303 5593 1481 5675 Vulgo
1512 5593 1700 5675 ’μόνων
1737 5605 1948 5660 correxi
1986 5605 2040 5660 in

477 5657 657 5754 W5ng
964 5669 1054 5747 qui
1166 5657 1462 5743 συμμαίνὲι
1487 5657 1637 5729 d'ant.
1728 5743 1739 5754 .

549 5730 1015 5815 (BQL'EKM'IHB;
1070 5730 1489 5815 Chrysostomns
1549 5743 1768 5814 exponit
1817 5746 1902 5800 6E6
1940 5749 2038 5802 αὐ·

474 5809 598 5858 του.
640 5809 850 5860 Utr0vis
887 5811 1066 5876 modo,
1103 5809 1426 5882 impietatem
1471 5809 1645 5886 arguit
1675 5815 1833 5885 huius
1860 5821 2037 5883 Ancy-

2156 4655 2176 4689 ι
2217 4633 2310 4690 οὖν
2344 4636 2560 4706 ἀπάσης
2587 4637 2816 4701 κτίσεως
2858 4636 2944 4690 διὰ
2985 4639 3083 4709 τὴν
3115 4638 3256 4692 κατὰ
3290 4639 3466 4711 σάρκα
3507 4642 3720 4709 γένεσιν

2155 4749 2174 4782 s
2213 4727 2529 4800 ὠνομάσθη,
2557 4728 2616 4780 οὐ
2648 4726 2735 4782 διὰ
2761 4728 2858 4801 τὴν
2887 4729 3132 4802 ποώτην,
3157 4731 3231 4796 ὡς
3266 4731 3418 4785 αὐτοὶ
3440 4730 3550 4804 (65)
3575 4731 3718 4788 οῐον-

2145 5046 2454 5121 ritani,_qui
2481 5047 2548 5121 a_«_l
2588 5046 3200 5121 hnmamtatem‘retulit
3228 5046 3368 5101 hanc
3397 5053 3714 5121 prterogati-

2143 5133 2286 5187 vam.
2307 5115 2478 5187 VM.—
2499 5116 2620 5187 Mox
2647 5117 2804 5187 vulgo
2830 5115 3052 5187 ἐκτίσθη
3087 5116 3198 5170 καί.

2211 5186 2324 5258 (62)
2361 5185 2533 5252 Αὐτῷ
2560 5185 3049 5258 Λλυσιτελοῦσαν.
3101 5185 3347 5254 Requirit
3391 5202 3582 5246 sensus
3650 5206 3711 5250 nt

2141 5255 2414 5335 legamus,
2443 5256 2705 5335 αὐτῷ-ὠς
2744 5255 3141 5335 λυσιτελοῦσαν,
3185 5266 3314 5335 a_ut,
3341 5259 3528 5335 ,μηδὲν
3558 5263 3709 5335 αὑτῷ

2141 5275 2399 5324 legamus,
2443 5275 2546 5312 αυτ
2629 5275 2705 5320 ως
2746 5275 3141 5319 ΑυσιτεΑουσαν,
3185 5275 3314 5319 aut,
3404 5275 3528 5327 ηοεν
3558 5275 3705 5335 αυτῷ

2139 5275 2636 5383 λυσιτελοῢσαν.ἵ1.
2666 5326 2867 5380 —lmo
2881 5325 2956 5388 ὡς
2974 5325 3142 5394 αὐτῷ,
3164 5326 3233 5379 t-l'.
3254 5343 3308 5394 p.
3333 5275 3434 5382 4:6
3476 5329 3536 5385 Β.
3567 5331 3705 5388 Infra

2140 5397 2297 5470 vulgo
2328 5397 2500 5470 οὕτως
2539 5399 2589 5450 sl
2623 5411 2797 5470 πρωτ.
2832 5406 2888 5448 et
2924 5395 3041 5470 ἐστὶ
3085 5396 3263 5470 πάσης
3309 5407 3365 5450 et
3410 5416 3583 5470 πρωτ.
3611 5400 3707 5458 οὖν

2139 5464 2321 5549 «acim;
2361 5478 2416 5523 et
2454 5469 2616 5549 aves:
2658 5464 2752 5518 καὶ
2796 5464 3078 5549 προσέχων
3112 5476 3166 5549 et
3206 5464 3411 5546 δικαιος
3454 5464 3620 5541 Ῠραφ.
3652 5483 3708 5530 et

2139 5534 2362 5609 aptﬁibv,
2379 5553 2558 5609 porro
2573 5534 2794 5609 ἔκτισεν
2835 5534 2933 5606 ἐμέ
2960 5548 3010 5589 et
3039 5537 3167 5609 περὶ
3189 5536 3286 5609 τούκ
3311 5554 3360 5609 τ.
3390 5554 3444 5606 γ.
3467 5534 3527 5594 π.

2214 5607 2326 5679 (65)
2377 5603 2476 5679 Ὧς
2489 5604 2708 5679 noro!)
2732 5603 2958 5679 οἴονται
3009 5603 3228 5679 κτίσιν.
3263 5603 3494 5665 Arianos
3543 5611 3702 5665 intel-

2141 5675 2278 5746 ligit,
2305 5675 2404 5746 qui
2439 5677 2716 5731 Christum
2746 5675 2910 5746 etiam
2942 5678 3234 5746 secundum
3278 5689 3524 5733 naturam
3567 5680 3703 5735 divi-

2142 5743 2289 5811 nam,
2316 5743 2441 5801 licet
2464 5756 2591 5817 ante
2612 5743 2806 5817 saecula
2834 5744 3129 5817 conditam,
3159 5746 3528 5817 intelligebant
3547 5766 3700 5806 crea-

2142 5825 2338 5882 turam,
2360 5825 2414 5874 et
2443 5816 2522 5872 sic
2551 5815 2910 5882 πρωτότοκον.
2934 5813 3004 5871 Μ.
