4088 6456
393 407 492 463 8ίῚ

1515 406 1794 463 CONTRA
1836 405 2262 462 MARCELLUM
2300 408 2428 463 LIB.
2467 410 2534 463 11.

3520 410 3624 464 802

398 545 416 574 ι
456 541 569 586 ται,
593 522 786 577 κτίσιν·
828 542 848 575 i
892 523 985 574 xal
1029 521 1288 591 ἐπιλέγει·
1338 540 1355 573 ι
1397 524 1472 576 Οὐ
1514 524 1691 576 τοίνυν
1735 541 1887 587 ουτος
1934 525 1963 577 ό

2071 544 2089 576 ι
2131 524 2310 580 omnia
2366 525 2483 594 ipse
2513 522 2760 579 conditus
2791 521 2882 588 sit,
2919 522 3011 577 sed
3046 530 3266 592 propter
3293 522 3438 577 illam
3471 539 3623 578 suam

396 636 414 667 ι
456 614 756 684 άγιώτατος
783 615 951 682 Λόγος
987 614 1093 685 πρὸ
1118 614 1218 684 τῆς
1246 613 1706 686 ἐνανθρωπήσεως
1740 616 1960 687 Πρωτό-

396 728 414 758 ι
457 724 614 769 τοκος
645 705 860 777 ἀπάσης
885 705 1110 768 κτίσεως
1138 706 1419 776 ὠνόμαστο
1455 706 1593 777 (πῶς
1613 707 1721 777 γὰρ
1740 707 1960 762 δυνατὸν

398 818 416 850 ι
457 799 551 853 τὸν
592 798 678 852 ἀεὶ
714 798 841 852 ὄντα
876 798 1212 868 πρωτότοκον
1254 795 1393 851 εἷναί
1447 815 1590 861 τινος
1615 816 1628 861 ;
1658 798 1676 869 )
1711 798 1843 853 ἀλλὰ
1870 801 1961 854 τὸν

396 909 415 939 ι
458 887 671 960 πρῶτον
704 887 888 941 καινὸν
929 887 1231 959 ἄνθρωπον,
1260 889 1339 951 είς
1364 887 1423 941 ὃν
1449 888 1516 941 τὰ
1544 889 1722 943 πάντα
1761 891 1960 943 ἀνακε-

397 1000 415 1030 ι
461 978 868 1048 φαλαιώσασθαι
918 978 1182 1051 ἐδουλήθη
1222 980 1252 1032 ὁ
1286 979 1437 1044 Θεὸς,
1483 979 1670 1034 τοῦτον
1726 982 1783 1033 al
1825 982 1959 1035 θεῖαι

399 1090 418 1122 ι
457 1071 671 1141 Γραφαὶ
695 1070 1040 1141 Πρωτότοκον
1078 1072 1258 1140 πάσης
1300 1070 1624 1140 ὀνομάζουσι
1656 1071 1901 1135 κτίσεως.
1936 1092 1953 1125 i

392 1163 502 1215 Kal
528 1158 680 1225 αὖθις
708 1162 988 1233 ἐπιφέρει·
1021 1180 1039 1213 ι
1081 1161 1320 1225 Ἀκούεις
1349 1162 1495 1224 ὅπως
1534 1163 1593 1215 οὐ
1637 1163 1793 1233 μόνον
1827 1162 1960 1215 ταῦ-

397 1273 416 1305 ι
455 1272 542 1321 τα,
573 1253 707 1307 ἀλλὰ
747 1254 839 1307 καὶ
876 1253 946 1307 τὰ
982 1254 1401 1326 προϋπάρχοντα
1428 1253 1483 1307 ἐν
1503 1271 1560 1306 τε
1591 1255 1838 1325 οὐρανοῖς
1869 1255 1962 1306 καὶ

399 1369 415 1399 ι
457 1348 550 1400 ἐπὶ
573 1349 673 1418 τῆς
701 1347 803 1418 γῆς
831 1349 888 1399 ἐν
918 1347 1067 1418 αὐτῷ
1090 1348 1228 1401 κατὰ
1259 1347 1356 1419 τὴν
1390 1347 1579 1419 καινὴν
1613 1349 1788 1402 κτίσιν
1814 1348 1961 1401 ἐκτί-

397 1459 416 1491 ι
461 1439 581 1493 σθαι
604 1439 906 1511 συμϐαίνει.
942 1458 960 1493 i
999 1440 1181 1495 Ταῦτα
1214 1440 1311 1511 μὲν
1343 1436 1433 1495 οὖν
1467 1442 1534 1494 δι’
1569 1434 1643 1495 ὧν
1682 1441 1961 1513 Πρωτότο-

392 1549 489 1586 κον
519 1534 697 1603 πάσης
725 1532 953 1595 κτίσεως
1006 1532 1094 1586 διά
1130 1531 1229 1603 τὴν
1262 1532 1438 1604 σάρκα
1466 1532 1627 1587 αὑτὸν
1651 1531 1962 1604 ὠνομάσθαι

2066 636 2084 669 ι
2117 617 2414 673 secundum
2442 630 2659 670 carnem
2687 615 3111 684 generationem.
3149 633 3168 666 ι
3206 615 3368 668 Addit
3407 625 3623 672 autem:

2066 726 2085 757 ι
2117 705 2380 773 Quoeirca
2406 706 2808 760 sanctissimum
2853 705 2995 759 istud
3029 705 3286 769 Verbum,
3334 721 3437 760 non
3469 707 3620 761 dice—

2066 815 2084 847 ι
2116 797 2276 851 batur
2306 806 2432 850 ante
2455 811 2605 850 suam
2653 796 3106 859 incarnationem,
3153 797 3329 852 omnis
3356 808 3623 852 creatura:

2067 907 2085 939 ι
2124 887 2543 957 Primogenitus.
2593 887 2724 940 Nam
2757 889 3028 956 quomodo
3077 889 3190 941 tieri
3224 898 3455 957 poterat,
3489 901 3547 942 ut
3578 890 3623 943 is

2067 994 2085 1026 ι
2115 976 2206 1043 qui
2229 990 2447 1045 semper
2467 986 2607 1042 erat,
2636 976 2864 1044 alicujus
2892 988 3036 1031 esset
3065 978 3461 1047 primogenitns
3484 978 3507 1031 ?
3530 980 3623 1034 sed

2067 1088 2085 1119 ι
2118 1071 2325 1138 primus
2361 1070 2449 1122 ille
2473 1084 2644 1123 novus
2673 1070 2857 1136 homo,
2894 1070 2946 1122 in
2972 1083 3133 1138 quem
3193 1069 3369 1123 omnia
3414 1070 3625 1123 volebat

2067 1179 2083 1210 ι
2123 1160 2262 1213 Dens
2294 1159 2625 1223 recolligere,
2652 1158 2697 1213 is
2718 1158 2770 1211 in
2798 1172 2952 1213 sacra
2978 1158 3258 1226 Scriptura
3287 1160 3621 1225 nominatur,

2067 1270 2085 1304 ι
2116 1252 2294 1305 omnis
2318 1262 2587 1306 creatura:
2629 1250 3078 1320 Primogenitus.»
3109 1251 3279 1304 lnl‘ert
3306 1262 3439 1306 tum:
3470 1271 3487 1302 ι
3513 1254 3624 1306 Au-

2068 1362 2087 1395 ι
2127 1344 2230 1409 dis,
2256 1352 2315 1397 ut
2342 1358 2446 1396 non
2478 1343 2654 1397 solum
2686 1342 2923 1409 ista,sed
2954 1353 3007 1398 et
3038 1343 3129 1397 illa
3158 1344 3340 1398 omnia
3368 1346 3625 1413 praeexsi-

2067 1451 2086 1483 ι
2124 1433 2318 1489 stentia
2343 1434 2457 1489 sive
2489 1447 2653 1504 super
2676 1443 2875 1488 terram
2911 1450 3007 1489 seu
3050 1436 3104 1489 in
3137 1436 3316 1501 caelis,
3348 1436 3401 1490 in
3420 1435 3511 1491 illo
3536 1452 3624 1491 se-

2068 1544 2085 1576 ι
2117 1526 2354 1580 cundum
2383 1541 2578 1580 novam
2606 1526 2746 1580 hanc
2774 1526 3108 1582 creationem
3161 1529 3560 1583 condebantur.
3600 1546 3619 1579 ι

392 1625 600 1695 εἴρηκε.
656 1623 764 1676 Θέα
803 1623 858 1675 δὲ
890 1623 1036 1685 ὅπως
1065 1623 1157 1677 καὶ
1184 1623 1265 1688 τὸ,
1291 1624 1504 1692 Κύριος
1532 1624 1735 1678 ἐκτισέ
1754 1640 1833 1693 με
1868 1624 1964 1690 ἁρ-

2066 1618 2239 1685 Atque
2268 1617 2385 1673 haec
2414 1626 2541 1673 sunt
2564 1617 2652 1671 illa
2678 1618 2877 1687 quibus
2903 1620 3220 1688 pronuntiat
3247 1620 3394 1675 illunt
3421 1622 3623 1675 dictqu

394 1716 516 1786 χὴν
532 1714 686 1770 ὁδῶν
706 1716 893 1770 αὑτοῦ
921 1718 1007 1782 εις
1028 1717 1171 1785 ἔργα
1185 1714 1395 1782 αὑτοῦ,
1422 1715 1583 1768 πάλιν
1605 1716 1696 1768 ἐπὶ
1717 1716 1816 1787 τὴν
1840 1717 1967 1787 σάρ-

393 1826 465 1862 κα
492 1807 748 1880 ἀναφέρει
767 1825 781 1838 ·
819 1807 893 1879 μὴ
924 1807 1203 1879 προσέχων
1232 1810 1297 1878 τῇ
1328 1806 1447 1877 θείᾳ
1475 1807 1662 1879 Γραφῇ
1694 1807 1758 1859 ἐκ
1790 1823 1963 1878 προσ-

2062 1711 2240 1765 omnis
2262 1720 2529 1765 creaturae
2569 1707 2998 1780 Primogenitum
3030 1724 3247 1783 propter
3292 1725 3622 1784 assutnptam

2064 1818 2307 1858 carnem.
2338 1800 2470 1856 Vide
2503 1811 2682 1857 autem
2712 1803 2945 1873 qualiter
2975 1802 3041 1858 ad
3074 1819 3294 1859 carnem
3326 1820 3542 1874 quoque
3571 1815 3625 1859 et

393 1898 539 1953 ὠπου
578 1900 675 1970 τῆς
717 1899 905 1969 σοφίας
946 1902 1003 1953 ἐν
1042 1902 1159 1962 ταῖς
1189 1899 1517 1971 Παροιμίαις
1548 1899 1736 1952 τοῦτον
1767 1899 1958 1967 λεγού-

2066 1894 2194 1948 illud
2224 1894 2442 1958 referat,
2476 1893 2732 1950 Dominus
2759 1896 2994 1949 condidit
3051 1913 3133 1950 me
3174 1897 3487 1967 principium
3514 1900 3627 1951 via-

395 2007 462 2061 σῃ
498 1990 590 2043 τὸν
620 1989 820 2061 τρόπον
839 2006 852 2019 ο
906 1989 1046 2059 Ἐγὼ
1072 1989 1110 2055 ἠ
1142 1989 1327 2057 σοφία
1359 1986 1791 2053 κατεσκήνωσα
1810 1988 1961 2051 ,βου-

391 2078 535 2147 λὴν,
571 2080 672 2133 καὶ
703 2079 910 2144 δόξαν,
947 2078 1043 2132 καὶ
1068 2078 1310 2133 ἔννοιαν
1333 2078 1447 2150 ἐγὼ
1472 2077 1958 2147 ἐπεκαλεσάμην·

391 2171 465 2225 δι’
490 2173 636 2241 ἐμοῦ
659 2172 940 2237 βασιλεῖς
962 2173 1387 2236 βασιλεύουσι,
1434 2170 1534 2224 καὶ
1579 2174 1632 2225 οἱ
1669 2170 1963 2224 δυνάσται

390 2263 785 2329 δικαιοσύνην
812 2261 1167 2330 γράφουσιν.
1207 2254 1302 2323 Οἷς
1331 2261 1455 2331 ἐξῆς
1483 2259 1721 2327 ἐπιλέγει
1765 2262 1798 2331 ἡ
1824 2259 1961 2332 αὐτὴ

391 2344 591 2422 Σοφία·
637 2354 733 2405 Ἑν
762 2352 923 2419 ὁδοῖς
949 2352 1335 2419 δικαιοσύνης
1372 2350 1688 2418 περιπατῶ,
1717 2350 1815 2403 καὶ
1846 2351 1963 2404 ἀνὰ

385 2443 583 2512 μέσον
604 2446 814 2512 τρίϐων
834 2442 1222 2513 δικαιώματος
1243 2441 1709 2510 ἀναστρέφομαι,
1738 2442 1839 2495 ἵνα
1859 2458 1963 2511 με-

384 2534 540 2602 ρισω
582 2533 706 2599 τοῖς
757 2533 860 2602 ἐμὲ
898 2532 1212 2603 ἀγαπῶσιν
1240 2533 1517 2602 ὕπαρξιν,
1554 2533 1652 2587 καὶ
1689 2534 1833 2600 τοὺς
1861 2540 1963 2603 θη-

392 2623 661 2690 σαυροὺς
711 2623 908 2677 αὐτῶν
943 2624 1233 2692 ἐμπλήσω
1271 2623 1528 2694 ἀγαθῶν.
1592 2628 1733 2680 Ἐὰν
1781 2628 1961 2697 ἀνατ-

393 2715 571 2784 τείλω
601 2714 743 2783 ὑμῖν
762 2717 833 2768 τὰ
859 2716 986 2768 καθ’
1018 2715 1247 2785 ἡμέραν
1274 2719 1611 2787 γιγνόμενα,
1624 2721 1961 2789 μνημονεύ-

394 2819 483 2859 σω
542 2808 616 2860 τὰ
662 2807 731 2871 ἐξ
788 2806 1001 2873 αἰῶνος
1061 2808 1400 2877 ἀριθμῆσαι.
1456 2811 1669 2878 Κύριος
1726 2812 1965 2866 ἕκτισέν

391 2913 467 2966 με
523 2896 719 2966 ἀρχὴν
764 2895 920 2951 ὁδῶν
960 2898 1145 2950 αὑτοῦ
1190 2901 1277 2964 εὶς
1308 2899 1453 2968 ἔργα
1477 2898 1684 2965 αὐτοῦ,
1716 2900 1828 2969 πρὸ
1857 2902 1963 2956 τοῦ

395 2987 607 3055 αἰῶνος
636 2989 988 3058 ἐθεμελίωέ
1012 3008 1111 3060 με,
1141 2992 1210 3045 έν
1239 2991 1396 3061 ἀρχῇ
1425 2994 1535 3060 πρὸ
1570 2993 1676 3047 τοῦ
1702 2992 1817 3059 τὴν
1848 2992 1965 3062 γῆν

395 3080 642 3149 ποιῆσαι
661 3099 675 3113 ·
704 3084 797 3136 καὶ
823 3082 891 3135 τὰ
917 3082 1125 3148 τούτοις
1164 3086 1288 3155 ἑξῆς
1303 3086 1435 3157 (64).
1462 3083 1556 3149 Οἷς
1583 3085 1656 3157 μὴ
1684 3085 1964 3157 βουληθεὶς

394 3174 493 3245 τὴν
507 3174 744 3229 διάνοιαν
758 3175 1047 3246 ἐπιστῆσαι
1062 3177 1397 3249 Μάρκελλος,
1419 3179 1534 3241 ἐνὸς
1549 3178 1603 3230 δὲ
1626 3178 1786 3249 μόνου
1809 3179 1963 3247 γενό-

398 3283 557 3336 μενος
589 3267 811 3334 σκοποῦ,
840 3266 933 3321 τοῦ
964 3268 1037 3339 μὴ
1062 3269 1390 3341 ὁμολογῆσαι
1418 3271 1507 3323 τὸν
1538 3272 1664 3324 Υἱὸν
1689 3270 1782 3324 τοῦ
1806 3271 1961 3337 θεοῦ,

394 3362 492 3434 τὴν
522 3362 886 3434 προκειμένην
919 3360 1194 3430 Θεολογίαν
1222 3362 1315 3414 ἐπὶ
1346 3362 1443 3433 τὴν
1473 3364 1648 3434 σάρκα
1682 3364 1961 3433 ἀναφέρει,

393 3452 491 3505 καὶ
534 3452 634 3524 τὴν
667 3452 878 3505 εὐθεῖαν
913 3453 1321 3523 παρεκτραπεὶς
1367 3453 1502 3517 ὁδὸν,
1542 3453 1752 3507 άνοδίαν
1790 3454 1964 3525 ἐαυτῷ

394 3543 654 3615 ἐπενόησε
683 3545 907 3615 γράφων
937 3545 1075 3598 κατὰ
1103 3544 1247 3610 λέξιν
1280 3543 1470 3609 οὕτως·
1509 3563 1526 3595 ι
1566 3546 1639 3598 Τὸ
1662 3545 1842 3598 τοίνυν
1869 3563 1962 3598 κε-

401 3653 419 3685 ι
461 3635 686 3703 φάλαιον
731 3635 878 3688 τουτὶ
925 3635 1021 3705 τῆς
1070 3636 1393 3707 Παροιμίας,
1424 3636 1483 3688 οὐ
1517 3635 1614 3707 τὴν
1656 3635 1828 3707 ἀρχὴν
1866 3636 1963 3707 τῆς

400 3746 419 3778 ι
462 3727 730 3796 θεότητος,
786 3725 973 3797 ὥσπερ
1025 3727 1176 3780 αὐτοὶ
1218 3725 1515 3797 νομίζουσι,
1566 3726 1661 3779 τοῦ
1718 3727 1965 3799 Σωτῆρος

401 3837 421 3869 ι
458 3816 613 3888 ἡμῶν
642 3817 984 3888 παραστῆσαι
1018 3817 1354 3888 βουλόμενον,
1385 3818 1598 3885 Κύριος
1636 3817 1839 3871 amat
1864 3834 1961 3886 με,

400 3926 419 3958 ι
460 3907 563 3978 ἔφη
585 3923 598 3937 ·
634 3906 770 3961 ἀλλὰ
797 3907 895 3978 τὴν
922 3907 1179 3978 δευτέραν
1224 3907 1366 3960 κατὰ
1404 3908 1578 3977 σάρκα
1614 3907 1923 3977 οἰκονομίαν
1945 3923 1958 3937 ⁶

400 4020 420 4051 ι
460 4000 540 4053 διὸ
569 3999 662 4052 καὶ
689 3999 919 4062 κτίσεως
961 3998 1227 4069 μέμνηται
1270 4000 1593 4071 προσφόρως
1628 4002 1722 4071 τῆς
1756 3997 1964 4070 ἀνθρω-

400 4111 419 4143 ι
462 4090 623 4161 πίνης
641 4090 890 4161 σαρκός.)
916 4092 1025 4143 Kal
1053 4090 1178 4161 ἐξῆς
1208 4091 1472 4160 ἐπιλέγει*
1513 4110 1530 4142 ι
1555 4090 1666 4143 Οὐκ
1692 4088 1785 4144 οὖν
1802 4091 1959 4161 (65)ή

400 4204 420 4236 ι
461 4189 637 4248 κτίσις
663 4188 728 4255 τῇ
749 4184 892 4238 κατὰ
930 4185 1211 4255 ἄνθρωπον
1246 4184 1409 4240 αὐτοῦ
1435 4184 1680 4254 διαφέρει
1701 4183 1961 4255 πράγμα-

400 4288 420 4320 ι
460 4271 599 4342 τείᾳ.
648 4270 736 4323 Διό
774 4288 937 4342 φησι·
976 4274 1193 4342 Κύριος
1232 4272 1433 4327 ἕκτισέ
1463 4290 1539 4342 με
1573 4274 1771 4340 ἀρχὴν
1809 4271 1964 4326 ὁδῶν

401 4377 421 4410 ι
460 4360 667 4425 αὐτοῦ,
730 4364 818 4427 εἰς
873 4362 1017 4433 ἔργα
1073 4364 1258 4418 αὐτοῦ
1302 4364 1507 4417 ἐκτισέ
1562 4382 1666 4434 με,
1725 4364 1961 4435 δηλονότι

401 4469 421 4503 ι
461 4450 551 4504 διὰ
576 4451 674 4521 τῆς
705 4452 972 4523 παρθένου
995 4454 1238 4525 Μαρίας,
1260 4454 1324 4507 δι’
1347 4450 1414 4525 ἧς
1436 4458 1463 4509 ὁ
1489 4455 1619 4519 Θεὸς
1637 4456 1833 4508 ἐνῶσαι
1864 4456 1962 4529 τὴν

2062 1999 2179 2037 runt
2201 2000 2441 2045 suarum,
2485 1984 2554 2036 ad
2592 2001 2747 2052 opera
2780 2001 2877 2036 sua
2910 1984 2930 2014 ⁷
2968 2002 2980 2037 :
3022 1994 3080 2039 et
3133 1999 3346 2040 sacram
3379 1986 3595 2054 Scriptu

2063 2088 2178 2126 ram
2214 2074 2449 2135 attende,
2491 2074 2542 2126 in
2598 2073 2904 2127 Proverbiis
2936 2076 3036 2127 hoc
3070 2074 3229 2129 modo
3257 2075 3567 2144 loquentem
3607 2095 3620 2130 :

2062 2144 2175 2231 Ego
2201 2163 2459 2228 sapientia
2487 2163 2665 2215 habito
2696 2163 2752 2215 in
2785 2162 3026 2226 consilio,
3050 2175 3096 2216 et
3122 2166 3342 2217 eruditis
3369 2166 3625 2218 intersum

2072 2252 2517 2320 cogitationibus:
2546 2268 2638 2320 per
2670 2268 2752 2307 me
2774 2270 2914 2320 reges
2951 2266 3193 2323 regnant,
3214 2264 3265 2308 et
3299 2255 3469 2325 legunt
3497 2271 3626 2309 con-

2062 2342 2257 2395 ditores
2276 2342 2425 2410 justa
2459 2341 2742 2396 decernunt
2777 2343 2819 2397 ⁸.
2853 2342 3062 2410 Quibus
3101 2345 3291 2398 eadem
3346 2344 3622 2413 Sapientia

2063 2434 2177 2488 haec
2210 2435 2449 2487 anitectit
2476 2452 2487 2486 :
2520 2432 2587 2487 In
2626 2435 2720 2488 viis
2737 2434 2963 2503 justitia:
2998 2450 3092 2504 ego
3135 2433 3383 2490 ambulo:
3416 2443 3466 2489 et
3493 2451 3623 2488 con-

2063 2542 2238 2580 νει-ιον
2267 2528 2324 2580 in
2355 2530 2523 2580 medio
2575 2530 2883 2581 semitarum
2938 2529 3243 2597 a-quitatis,
3288 2537 3344 2581 ut
3391 2515 3624 2580 dividant

2063 2618 2419 2671 exsistentiam
2448 2618 2783 2689 diligentibus
2839 2636 2939 2685 me,
2984 2629 3032 2673 et
3080 2622 3353 2675 thesauros
3388 2620 3624 2689 ipsorum

2063 2708 2128 2759 de
2156 2708 2304 2761 bonis
2350 2708 2611 2775 repleam:
2640 2711 2686 2763 si
2711 2713 2851 2763 vobis
2879 2712 3281 2778 annuntiavero,
3303 2727 3421 2781 qua:
3446 2712 3622 2779 quoti-

2064 2800 2149 2852 die
2167 2800 2382 2867 ﬁebant,
2413 2802 2708 2854 memorabo
2732 2804 3008 2856 enuntiare
3036 2819 3153 2873 qum
3186 2818 3335 2857 erant
3362 2805 3624 2858 asteculo.

2067 2890 2321 2942 Dominus
2342 2893 2570 2957 possedit
2613 2908 2692 2945 nte
2732 2893 2786 2945 in
2811 2892 2961 2945 initio
2982 2894 3183 2945 uiarum
3201 2908 3449 2959 suarum,
3474 2901 3627 2946 ante-

2064 2996 2221 3051 quam
2239 2984 2524 3051 quidquam
2546 2983 2739 3051 faceret
2756 2999 2787 3035 a
2802 2985 3059 3053 principio
3076 2985 3139 3037 ab
3164 2994 3359 3038 (eterna
3379 2985 3627 3038 ordinata

2067 3088 2207 3137 sum,
2235 3074 2287 3125 in
2310 3074 2569 3141 principio
2596 3083 2874 3142 antequam
2898 3085 3089 3128 terram
3108 3077 3348 3128 conderet
3374 3076 3419 3140 ’,
3441 3086 3630 3144 etquae

2067 3175 2415 3232 sequuntur:
2454 3164 2649 3232 quibus
2711 3166 2933 3220 minime
2995 3166 3180 3220 volens
3236 3167 3580 3237 acquiescere
3608 3208 3627 3230 ,

2071 3261 2129 3318 >14
2161 3269 2255 3309 aut
2298 3257 2535 3311 animum
2594 3273 2751 3312 suum
2810 3259 3095 3315 advertere
3145 3259 3454 3325 Marcellus,
3498 3260 3627 3315 illud

2065 3348 2284 3400 unicum
2336 3347 2544 3401 habens
2600 3349 2651 3401 in
2704 3351 2999 3418 proposito,
3052 3360 3110 3403 ut
3155 3367 3223 3405 ne
3274 3352 3631 3408 conﬁteretur

2063 3436 2259 3491 Filium
2310 3438 2427 3504 Dei,
2452 3439 2596 3492 illam
2636 3449 2762 3495 ante
2807 3441 3008 3494 dictam
3046 3442 3099 3494 in
3134 3441 3442 3500 Proverbiis
3465 3445 3532 3500 de
3560 3460 3630 3502 eo

2066 3530 2426 3598 theologiam,
2476 3531 2543 3585 ad
2592 3546 2812 3586 carnem
2860 3532 3061 3598 refert,
3119 3544 3173 3587 et
3224 3541 3507 3605 postquam
3561 3538 3628 3591 de

2064 3634 2210 3677 recta
2243 3626 2325 3677 via
2360 3624 2744 3690 declinaverat,
2775 3624 2920 3678 invia
2970 3626 3212 3694 quaedam
3262 3626 3364 3682 sibi
3413 3630 3630 3698 excogi-

2065 3715 2222 3780 tavit,
2247 3716 2348 3771 ista
2373 3716 2632 3770 verbatim
2646 3717 2921 3772 scribens:
2944 3716 3034 3789 [Ιί.
3059 3716 3156 3789 IX]
3181 3736 3198 3768 ι
3213 3718 3626 3775 Proverbiornm

2069 3826 2088 3859 ι
2137 3808 2300 3879 igitur
2329 3820 2490 3877 caput
2523 3809 2686 3872 istud,
2721 3826 2825 3863 non
2860 3818 2919 3863 ut
2966 3810 3041 3864 illi
3077 3820 3281 3877 rentur,
3307 3812 3501 3867 docere
3530 3829 3628 3867 nos

2068 3920 2088 3953 ι
2139 3902 2393 3966 intendit,
2425 3901 2638 3955 initium
2680 3902 2980 3956 divinitatis
3014 3903 3341 3969 Servatoris,
3377 3906 3466 3960 ubi
3498 3907 3571 3958 ait
3605 3922 3621 3959 :

2070 4012 2088 4045 ι
2140 3992 2392 4047 Dominus
2433 3994 2665 4062 possedit
2720 4011 2802 4048 me
2849 3995 3109 4065 principio
3142 3997 3344 4051 uiarum
3375 4014 3629 4053 suarunr

2068 4105 2086 4138 ι
2132 4086 2227 4141 sed
2258 4087 2547 4141 secundam
2581 4087 2727 4141 illam
2757 4102 2878 4157 quae
2918 4087 2970 4141 in
3014 4103 3179 4143 carne
3207 4090 3309 4143 fuit
3338 4089 3486 4145 facta
3517 4092 3630 4145 dis-

2068 4198 2087 4232 ι
2134 4179 2503 4248 pensationem
2550 4194 2566 4239 :
2609 4181 2862 4248 quocirca
2940 4182 3301 4250 possessionis
3360 4184 3624 4250 meminit,

2067 4290 2086 4323 ι
2132 4272 2233 4327 hoc
2260 4280 2344 4325 est
2372 4272 2552 4327 carnis
2583 4273 2793 4327 noviter
2824 4282 3039 4329 creata.
3066 4273 3182 4329 Non
3214 4275 3398 4345 igitur,
3430 4277 3499 4330 ita
3527 4278 3626 4330 ad-

2068 4380 2087 4415 ι
2132 4365 2229 4431 dit,
2258 4374 2508 4419 creatura
2557 4365 2624 4418 ab
2656 4365 2883 4419 humana
2916 4365 3035 4435 ejus
3066 4367 3383 4436 operatione
3413 4376 3498 4422 est
3524 4370 3629 4423 dis-

2068 4474 2087 4507 ι
2133 4456 2318 4511 tincta.
2366 4455 2487 4511 Ideo
2527 4456 2730 4525 inquit:
2764 4456 3017 4510 Dominus
3067 4459 3303 4512 condidit
3350 4474 3432 4513 me
3471 4459 3627 4513 initio

400 4565 421 4598 ι
460 4546 802 4617 ἀνθρωπίνην
822 4547 997 4617 σάρκα
1018 4546 1095 4617 τῷ
1112 4545 1303 4600 ἐαυτοῦ
1319 4547 1474 4617 Λόγῳ
1492 4548 1787 4617 προείλετο.
1817 4567 1835 4598 i
1856 4547 1960 4600 Kal

2067 4566 2084 4599 ι
2132 4549 2332 4603 viarum
2361 4565 2579 4602 suarum
2628 4550 2697 4603 ad
2735 4565 2895 4617 opera
2933 4566 3050 4603 sua.
3088 4548 3191 4605 Per
3225 4550 3493 4619 Virginem
3526 4552 3629 4605 sci-

398 4631 516 4701 μεθ’
561 4632 723 4706 ἕτερα
760 4632 1076 4705 προστίθησι
1112 4633 1285 4702 λέγων
1324 4653 1337 4666 ·
1367 4654 1385 4686 ι
1423 4635 1625 4688 Τούτου
1668 4636 1846 4690 τοίνυν
1873 4636 1965 4690 οὗ·

401 4740 421 4772 ι
461 4738 568 4787 τως
602 4725 832 4795 ἐχοντος,
860 4724 1148 4778 ἀκόλουθόν
1181 4727 1296 4779 ἐστι
1326 4730 1545 4782 σκοπεῖν
1576 4730 1642 4798 τῇ
1671 4728 1877 4800 διανοίᾳ
1902 4729 1964 4781 τὸ

403 4830 422 4863 ι
464 4812 848 4887 παροιμιωδῶς
908 4816 1196 4887 εἰρημένον
1258 4817 1408 4871 τουτὶ⁵
1466 4819 1789 4888 κεφάλαιονο
1852 4820 1966 4873 Κύ-

402 4922 421 4955 ι
456 4923 589 4973 ριος
603 4907 804 4960 ἐκτισέ
814 4925 892 4977 με
907 4908 1106 4976 ἀρχὴν
1133 4908 1289 4962 ὁδῶν
1303 4904 1510 4975 αὐτοῦ,
1530 4912 1610 4973 είς
1626 4910 1761 4982 ἔργα
1773 4910 1958 4965 αὑτοῦ.

400 5016 421 5047 ι
466 4997 687 5050 Ἐκτισε
729 5002 838 5068 γάρ
877 4998 1110 5069 άληθῶς,
1155 5001 1215 5053 τὸ
1250 5002 1324 5071 μὴ
1350 4999 1408 5054 ὃν
1440 5000 1776 5070 πεποιηκὼς,
1822 5003 1850 5054 ὁ
1880 5001 1966 5054 δε-

398 5105 421 5140 ι
464 5088 667 5159 σπότης
689 5090 844 5161 ἡμῶν
868 5090 1000 5155 Θεὸς
1020 5092 1118 5143 οὐκ
1141 5087 1304 5146 οὖσαν
1327 5091 1423 5162 τὴν
1453 5092 1650 5162 σάρκα,
1672 5092 1739 5162 ἢν
1762 5092 1967 5165 ἀνείλη-

398 5198 420 5230 (
461 5197 560 5249 φεν
586 5183 613 5234 ό
644 5181 835 5249 Λόγος.
876 5202 896 5235 ι
927 5185 1037 5238 Καὶ
1064 5184 1310 5255 ἐπιφέρει
1337 5181 1489 5246 αὖθις
1524 5182 1697 5251 λέγων
1716 5201 1728 5213 ·
1767 5204 1784 5236 ι
1823 5186 1966 5237 Οὐκ-

400 5292 418 5323 ι
457 5271 552 5325 οὖν
616 5270 761 5324 τοῦτ’
808 5272 988 5339 ἐστιν,
1044 5279 1078 5329 ό
1132 5280 1343 5342 Κύριος
1388 5276 1589 5329 ἐκτισέ
1636 5292 1714 5344 με
1770 5275 1969 5345 ἀρχὴν

396 5382 416 5414 ι
461 5362 618 5417 ὀδῶν
653 5362 841 5419 αὑτοῦ
879 5367 966 5431 εις
1006 5365 1151 5436 ἔργα
1195 5366 1403 5420 αὐτοῦ.
1451 5365 1674 5433 Ἐπάγει
1719 5367 1799 5431 δὲ,
1846 5366 1968 5434 Πρὸ

469 5538 529 5596 pls
563 5533 659 5587 Ed.
693 5531 892 5600 Paris.,
927 5547 1049 5603 pag.
1084 5532 1171 5587 45.
1252 5531 1273 5563 τ
1313 5530 1473 5586 Prov.
1542 5547 1660 5598 vtn,
1728 5531 1818 5585 22.
1892 5532 1913 5563 ⁸
1938 5531 2069 5594 ibid.

466 5698 577 5765 (δι)
617 5696 774 5750 Κατὰ
819 5696 890 5748 τὰ
926 5697 1177 5762 τούτοις.
1216 5695 1556 5766 Lege-udum,
1596 5694 1789 5749 καὶτὰ
1834 5694 1958 5748 τού-

390 5783 508 5830 τοις
538 5768 663 5837 ὲξῆς
688 5766 973 5831 ἀκόλουθα,
1019 5778 1112 5822 aut
1166 5770 1342 5823 simile
1370 5768 1517 5836 quid.
1556 5768 1625 5823 Μ.
1658 5795 1728 5808 ——
1750 5767 1858 5821 Kal
1890 5767 1959 5820 τά

394 5842 553 5893 codd.
584 5848 638 5892 et
670 5853 791 5893 mox
826 5838 1051 5891 σκόπου.

2078 4656 2095 4688 ι
2142 4637 2267 4693 licet
2294 4637 2541 4701 Mariam,
2570 4653 2729 4707 quam
2752 4638 3029 4707 praeelegit
3053 4640 3193 4695 Deus
3234 4650 3295 4694 ut
3324 4638 3504 4697 Verbo
3525 4658 3628 4697 suo

2075 4746 2093 4778 ι
2134 4742 2350 4781 carnem
2369 4729 2656 4782 humanam
2677 4728 2875 4783 uniret.
2891 4746 2909 4779 ι
2933 4728 3067 4784 Tum
3090 4732 3342 4801 deinceps
3358 4733 3622 4804 adjungit:

2069 4818 2158 4891 [Β.
2206 4818 2281 4891 Χ]
2316 4839 2334 4871 ι
2364 4819 2478 4882 Hoc
2510 4834 2642 4875 sane
2677 4836 2798 4875 cum
2854 4821 2927 4876 ita
2983 4837 3042 4877 se
3098 4823 3314 4889 habeat,
3347 4839 3629 4881 consenta-

2073 4928 2091 4962 ι
2140 4927 2296 4965 neum
2327 4922 2412 4965 est
2436 4911 2618 4965 animo
2644 4912 2980 4981 perpendere
3005 4913 3209 4968 dictutn
3242 4916 3368 4969 illud
3398 4932 3625 4986 prover-

2069 5022 2087 5054 ι
2135 5002 2384 5057 bialiter:
2409 5001 2662 5056 Dominus
2679 5004 2913 5056 condidit
2943 5019 3022 5057 me
3048 5005 3256 5058 initium
3277 5006 3478 5059 uiarum
3502 5025 3629 5062 sua-

2071 5113 2090 5146 ι
2137 5109 2251 5145 rum
2276 5092 2327 5145 in
2341 5108 2496 5160 Opera
2520 5109 2641 5146 sua.
2657 5094 2705 5147 Is
2718 5095 2918 5148 etenim
2942 5109 3069 5149 vere
3085 5096 3349 5161 condidit,
3366 5099 3458 5166 qui
3484 5099 3626 5165 quod

2073 5203 2091 5235 ι
2137 5199 2240 5237 non
2268 5192 2387 5237 erat
2409 5182 2559 5247 fecit,
2580 5184 2837 5238 Dominus
2872 5200 3065 5254 nempe
3092 5197 3273 5241 noster
3296 5186 3461 5254 Deus,
3479 5186 3625 5242 illam

2072 5293 2093 5327 ι
2140 5292 2354 5329 carnem
2410 5291 2571 5345 quam
2623 5279 2918 5345 assumpsit
2960 5275 3262 5335 Verbum.t
3319 5278 3485 5332 Infert
3522 5279 3626 5333 ite-

2070 5382 2187 5420 rum
2221 5383 2235 5419 :
2274 5383 2292 5416 ι
2325 5364 2436 5420 Hoc
2478 5366 2643 5435 igitur
2675 5376 2783 5433 est,
2831 5364 3091 5420 Dominus
3135 5368 3367 5421 condidit
3408 5385 3487 5423 me
3517 5370 3627 5422 ini-

2181 5524 2268 5581 12.
2343 5524 2364 5555 ⁹
2395 5524 2534 5583 ibid.
2584 5519 2785 5579 20-25.

2134 5690 2247 5761 (65)
2284 5688 2454 5764 Vulgo
2485 5691 2546 5742 οὐ
2569 5690 2751 5764 γοῦν,
2774 5692 2895 5746 dein
2925 5692 3169 5764 διαφέρει
3193 5691 3496 5761 =refertur
3530 5691 3621 5764 ad,

2060 5759 2384 5855 pertinetad,
2424 5759 2597 5855 IL!
2626 5778 2674 5815 e.
2705 5764 2853 5855 c159
2884 5765 2946 5817 Α.
2980 5759 3121 5818 lnl'ra
3158 5759 3507 5834 νυιεομεμν.
3533 5761 3625 5833 ἐφ’

2062 5832 2122 5888 οὗ
2154 5843 2206 5890 et
2231 5832 2629 5900 κοινωνήσασαν
2653 5849 2702 5884 τ.
2735 5834 2823 5899 άγ.
2850 5851 2939 5888 πν.
