4088 6434
514 355 618 412 805

1207 356 1471 416 EUSEBII
1511 356 1978 412 CAESARIENSIS
2015 355 2167 412 OPP.
2206 356 2381 411 PARS
2419 356 2506 410 ιν.
2547 389 2615 400 -
2654 357 3070 414 DOGMATICA.

3637 357 3743 414 8M

521 496 539 524 ι
589 477 722 528 tium
750 477 954 528 viarum
984 493 1223 531 suarum.
1248 477 1314 531 Et
1335 478 1524 533 addit:
1556 479 1684 533 Ante
1708 479 1924 545 secula,
1949 479 2049 548 funt

2180 498 2198 530 ι
2240 479 2347 533 τοῦ
2384 481 2598 547 αἰῶνος
2638 483 2998 550 ἐθεμελίωσέ
3041 499 3139 551 με,
3189 481 3438 551 θεμέλιον
3488 481 3586 550 μὲν
3615 479 3744 533 τοῦ·

520 589 538 618 ι
584 568 723 621 davit
743 584 854 631 me;
883 567 1287 621 fundamentum
1313 569 1618 640 intelligens
1641 586 1860 624 carnem
1890 585 2068 632 suam,

519 679 537 709 ι
581 674 742 730 quam
798 659 1090 713 secundum
1139 661 1592 727 dispensationem
1627 662 2066 730 praeordinarat:

519 768 538 798 σ
581 751 722 818 quod
743 751 914 818 ipsum
933 759 985 804 et
1010 751 1299 818 Apostolus
1317 751 1434 806 ait:
1461 751 1558 823 [ef.
1603 767 1657 820 p.
1690 751 1851 806 ISID
1882 753 1983 807 155
2000 751 2065 825 C]

519 858 537 889 ι
578 838 1008 894 Fundamentum
1040 842 1188 895 aliud
1238 841 1416 896 nullus
1437 860 1633 912 ponere
1655 854 1848 913 potest,
1879 855 2068 911 pra'ter

515 952 533 982 ι
579 933 714 986 illud
734 935 872 1003 quod
886 935 1114 1002 positum
1146 937 1394 1003 est,quod
1413 946 1488 988 est
1513 935 1669 990 Iesus
1691 936 1934 990 Christus
1960 938 2059 988 ⁸⁸.»

509 1024 699 1079 Saeculi
742 1026 897 1078 unius
931 1041 1093 1095 porro
1135 1027 1379 1081 meminit
1427 1028 1479 1080 in
1510 1042 1617 1097 quo
1657 1028 2064 1084 fundamentum

509 1115 636 1171 illud
669 1117 830 1172 debet
858 1119 983 1187 poni
1008 1120 1151 1188 quod
1181 1121 1350 1172 estde
1374 1119 1614 1176 Christo.
1651 1120 1910 1175 Eamdem
1946 1139 2066 1176 rur-

505 1223 596 1262 sus
642 1210 928 1264 contirmat
969 1211 1277 1280 opinionem
1317 1213 1568 1282 inquiens
1599 1231 1611 1267 :
1642 1213 1733 1284 [Β.
1767 1213 1908 1268 XVII
1935 1215 2061 1270 coll.

506 1316 556 1368 p.
591 1301 693 1354 155
720 1303 760 1355 Α
789 1301 810 1373 ]
841 1323 858 1353 ‹
883 1302 996 1356 Non
1037 1304 1306 1358 immerito
1354 1305 1612 1374 propheta
1669 1305 1758 1359 bie
1803 1307 2018 1360 dicebat
2046 1324 2060 1359 :

509 1408 528 1439 ι
576 1389 708 1442 Ante
737 1390 989 1444 saeculum
1037 1391 1276 1460 fundavit
1331 1409 1446 1446 me:
1472 1408 1663 1462 nempe
1709 1394 1835 1449 illud
1867 1395 2066 1449 intelli-

509 1499 528 1531 ι
575 1496 706 1551 gens
729 1481 1144 1536 fundamentum
1179 1498 1290 1537 suae
1318 1484 1522 1548 carnis,
1555 1485 1811 1539 nimirum
1845 1494 2065 1556 propter

507 1589 526 1622 ‹
572 1573 1006 1627 communionem
1052 1589 1214 1642 quam
1260 1575 1492 1632 habebat
1522 1575 1754 1632 Verbum
1795 1591 1916 1631 cum
1969 1577 2062 1632 illo

508 1681 527 1714 ι
574 1677 700 1716 vero
729 1664 889 1718 Filio.
927 1683 946 1716 ι
980 1664 1245 1732 Deinceps
1281 1664 1525 1735 adjungit
1581 1665 1670 1738 [11.
1722 1666 1884 1721 XVIII
1930 1667 2058 1723 coll.

502 1771 556 1823 p.
593 1755 698 1810 155
723 1757 788 1817 Α.
824 1757 926 1810 157
961 1755 1045 1827 D]
1075 1773 1088 1809 :
1123 1775 1142 1808 ο
1167 1757 1221 1810 1η
1271 1759 1557 1827 principio,
1609 1760 1920 1828 priusquam
1950 1768 2063 1814 ter-

508 1866 525 1895 ι
576 1863 688 1900 ram
726 1849 1067 1916 produceret.
1103 1848 1403 1914 Quamnam
1453 1863 1582 1903 vero
1624 1850 1866 1904 terram?
1906 1848 2056 1905 Illam

509 1957 526 1988 ι
576 1953 790 2006 nempe,
844 1949 902 1992 ut
947 1949 1117 2008 patet,
1172 1956 1294 2010 qua:
1345 1950 1427 1995 est
1491 1951 1674 1994 nostra
1731 1957 1906 1996 carO':
1938 1957 2059 2012 qua:

507 2049 523 2077 ι
572 2038 690 2097 post
720 2029 1065 2083 commissum
1118 2039 1395 2099 peccatum
1426 2030 1477 2084 in
1509 2041 1707 2086 terram
1766 2032 1924 2086 rediit
1962 2033 2057 2087 de-

504 2139 522 2170 ι
573 2135 698 2174 nuo.
735 2119 897 2174 Terra
929 2137 984 2174 es
1019 2122 1193 2184 enim,
1221 2122 1415 2190 inquit,
1447 2133 1496 2177 et
1517 2124 1571 2176 in
1611 2133 1808 2177 terram
1839 2134 2057 2179 reperta-

505 2230 522 2259 ι
571 2213 647 2264 ris
678 2213 740 2265 “.
772 2211 875 2265 Par
922 2211 1023 2266 fuit
1068 2214 1234 2276 enim,
1265 2225 1324 2266 ut
1356 2213 1481 2267 huic
1511 2214 1810 2269 remedium
1845 2229 2058 2269 accom-

503 2320 522 2351 ‹
570 2303 875 2356 modaretnr
921 2303 1157 2370 quodam
1193 2313 1380 2372 pacto,
1410 2317 1506 2371 per
1544 2304 1874 2358 sanctissimi
1910 2303 2054 2359 illius

503 2409 520 2442 ι
567 2389 728 2444 Verbi
784 2393 1354 2448 communicationem.
1393 2413 1412 2446 ι
1448 2393 1643 2450 Videte
1692 2407 1870 2449 autem
1907 2405 1966 2449 ut
2000 2396 2052 2450 in

496 2482 620 2537 istis
671 2497 855 2537 secum
909 2484 1139 2553 ipsemet
1197 2484 1481 2539 Marcellus
1518 2495 1736 2556 pugnet.
1774 2485 1907 2540 Nam
1961 2489 2052 2557 qtti

495 2575 622 2628 alibi
658 2575 958 2630 dixerat”
991 2573 1323 2644 Principium
1374 2577 1581 2631 viarum
1649 2578 1860 2632 Domini
1925 2593 2053 2633 con-

500 2683 520 2716 ι
565 2665 730 2721 ditam
767 2681 888 2721 esse
920 2683 1164 2732 carnem,
1189 2688 1207 2720 ι
1243 2680 1299 2723 et
1332 2669 1422 2738 qui
1456 2670 1694 2723 secundo
1737 2669 1876 2731 loco,
1905 2684 2054 2724 eant-

493 2760 613 2812 dem
671 2760 850 2828 posuit
890 2758 1314 2825 fundamentum,
1369 2761 1694 2828 subjungit:
1735 2759 2051 2830 Priusquam

493 2860 635 2902 terra
675 2852 1001 2914 conderetur,
1041 2853 1130 2905 ubi
1189 2853 1368 2907 denuo
1415 2867 1510 2921 per
1555 2861 1754 2906 terram
1803 2853 2053 2921 intelligit

494 2955 715 2994 carnem
749 2958 960 3006 :neqne
1005 2943 1159 3007 vidit,
1219 2945 1414 2999 dictam
1477 2945 1962 3015 inconsequenter,
1989 2953 2045 3010 >3

493 3043 620 3088 ante
658 3050 875 3088 carnem
924 3036 1198 3090 conditam
1237 3051 1356 3090 esse
1394 3052 1612 3092 carnem
1645 3055 1660 3092 :
1691 3049 1744 3091 et
1773 3048 1896 3107 post
1933 3053 2051 3091 car-

2174 588 2192 619 ι
2231 587 2322 624 τον
2349 571 2628 642 ὀνομάζων
2645 575 2744 644 τὴν
2777 573 2916 626 κατὰ
2936 573 3113 642 σάρκα
3133 571 3299 624 αὐτοῦ
3327 570 3741 641 πρωρισθεῖσαν

2173 675 2192 709 t
2228 659 2536 729 οἰκονομίαν
2573 661 2594 694 ’³
2630 662 2705 724 ὡς
2747 662 2840 714 καὶ
2868 661 2895 712 6
2941 660 3243 724 Απόστολος
3271 659 3438 728 λέγει,
3469 659 3740 729 θεμέλιον

2172 768 2191 800 ι
2229 750 2339 818 γὰρ
2359 750 2554 804 ἄλλον
2575 751 2773 817 οὐδεὶς
2797 752 3042 806 δύναται
3071 751 3276 815 θεῖναι,
3307 752 3465 820 παρὰ
3488 751 3595 804 τὸν
3617 751 3736 803 κεί-

2171 860 2189 891 ι
2224 858 2432 910 μενον,
2479 842 2546 907 ὅς
2591 844 2763 896 ἐστιν
2819 845 3056 910 Ἰησοῦς
3095 844 3368 910 Χριστός.
3420 861 3439 895 ι
3500 841 3648 904 Ἔνὸς
3680 843 3738 896 δὲ

2164 933 2358 996 αἰῶνος
2397 933 2632 987 ἐνταῦθα
2663 935 2954 1006 μέμνηται,
2985 936 3079 1004 ἀφ’
3107 928 3168 988 οὗ
3214 934 3282 988 τὰ
3308 935 3448 988 κατά
3473 935 3564 989 τὸν
3604 933 3740 1004 Χρι-

2166 1023 2288 1076 στὸν
2328 1023 2750 1095 τεθεμελιῶσθαι
2793 1026 2916 1098 ἔφη.
2960 1027 3070 1080 Καὶ
3103 1027 3265 1080 πάλιν
3303 1027 3403 1097 τὴν
3433 1025 3602 1096 αὐτὴν
3648 1024 3738 1094 βε-

2163 1113 2308 1167 ϐαιοῖ
2340 1115 2483 1179 λέξιν
2531 1116 2786 1185 φάσκων·
2836 1136 2854 1168 ι
2906 1118 3141 1180 Εἰκότως
3186 1119 3215 1170 ό
3257 1119 3539 1187 προφήτης
3595 1115 3735 1186 ἔφη.

2170 1225 2187 1256 t
2228 1206 2346 1274 Πρὸ
2393 1207 2499 1260 τοῦ
2535 1207 2750 1274 αἰῶνος
2797 1207 3150 1278 ἐθεμελίωσέ
3191 1226 3270 1278 με
3295 1224 3308 1238 ·
3337 1209 3515 1279 δῆλον,
3562 1207 3736 1260 ὅτιτὸ

2169 1317 2186 1347 ι
2229 1297 2369 1351 κατά
2407 1298 2585 1369 σάρκα
2623 1298 2712 1351 διὰ
2739 1298 2838 1370 τὴν
2877 1300 3012 1368 πρὸς
3039 1298 3131 1352 τὸν
3167 1298 3380 1371 ἀληθῶς
3411 1298 3538 1351 Υἱὺν
3567 1299 3733 1352 αὑτοῦ

2168 1406 2186 1439 ι
2223 1389 2394 1458 Λόγον
2423 1390 2728 1443 κοινωνίαν.
2775 1409 2794 1442 ι
2844 1391 2953 1444 Καὶ
2974 1391 3211 1459 ἐπιλέγει
3247 1390 3402 1475 ἑξῆς·
3437 1410 3454 1441 ι
3504 1387 3634 1445 Εἶτα
3673 1392 3734 1442 ὲν

2167 1498 2186 1530 ι
2223 1481 2388 1551 ἀρχῇ,
2425 1482 2580 1551 φησὶ,
2607 1480 2715 1552 πρὸ
2740 1481 2836 1535 τοῦ
2863 1481 2960 1553 τὴν
2989 1483 3092 1552 γῆν
3121 1483 3363 1553 ποιῆσαι.
3391 1483 3499 1552 Γῆν
3537 1483 3730 1548 ποίαν;

2167 1591 2184 1622 ι
2221 1570 2436 1642 Ταύτην
2485 1572 2724 1644 δηλονότι
2771 1575 2870 1644 τὴν
2903 1575 3176 1645 ἡμετέραν
3229 1574 3427 1646 σάρκα,
3459 1573 3557 1646 τὴν
3593 1577 3732 1645 μετά

2166 1681 2184 1712 ι
2219 1661 2315 1732 τὴν
2362 1663 2644 1734 παρακοήν
2679 1665 2796 1740 ⁴γῆν
2833 1659 2987 1728 αὖθις
3012 1664 3326 1735 γενομένην.
3371 1663 3458 1732 Γῆ
3501 1664 3610 1734 γὰρ
3654 1666 3728 1728 εἷ,

2165 1771 2184 1804 ‹
2221 1756 2381 1825 φησὶ,
2411 1756 2508 1808 καὶ
2545 1759 2634 1823 είς
2675 1755 2792 1826 γῆν
2831 1757 3162 1826 ἁπελεύσῃ.
3202 1758 3347 1810 Ἔδει
3382 1757 3491 1830 γὰρ
3525 1756 3728 1827 ταύτην

2165 1862 2184 1895 ι
2222 1846 2414 1910 ἰάσεως
2442 1850 2642 1916 τυχεῖν,
2673 1848 2792 1902 τινὰ
2817 1849 3016 1916 τρόπον
3052 1850 3456 1920 κοινωνήσασαν
3487 1847 3566 1920 τῷ
3591 1849 3728 1919 ἁγίῳ

2163 1955 2183 1987 ι
2226 1936 2400 2008 Λόγῳ.
2442 1957 2462 1990 ι
2496 1939 2605 1992 Θέα
2625 1939 2682 1992 δὲ
2707 1939 2822 2004 πῶς
2843 1941 2901 1994 ὲν
2924 1940 3133 2004 τούτοις
3160 1942 3188 1994 6
3211 1939 3525 2014 Μάρκελλος
3550 1940 3726 2010 ἑαυτῷ

2157 2027 2491 2097 περιπίπτει.
2521 2031 2704 2100 Φήσας
2730 2030 2860 2099 γοῦν
2893 2033 2951 2084 ὲν
2983 2032 3152 2102 ἑτέρῳ
3191 2049 3210 2082 t
3247 2026 3387 2084 εἶναι
3421 2031 3519 2102 τὴν
3548 2031 3722 2103 ἀρχὴν

2162 2140 2182 2172 ι
2219 2120 2353 2172 ὁδῶν
2392 2118 2488 2172 τοῦ
2538 2121 2741 2192 Κυρίου
2799 2122 3270 2186 κατακτισθεῖσαν,
3323 2140 3341 2173 ι
3408 2122 3500 2174 καὶ
3560 2121 3720 2174 πάλιν

2156 2211 2437 2280 θεμέλιον
2473 2213 2570 2284 τὴν
2611 2213 2778 2285 αὐτὴν
2813 2209 2950 2267 εἶναι
2979 2212 3170 2280 εἰπὼν,
3211 2215 3410 2282 ἐπάγει
3446 2213 3528 2278 τὸ,
3563 2233 3580 2266 ι
3607 2215 3720 2286 Πρὸ

2160 2322 2179 2354 ι
2218 2302 2314 2355 τοῦ
2355 2304 2453 2374 τὴν
2490 2304 2593 2372 γῆν
2641 2307 2880 2373 ποιῆσαι.
2937 2322 2954 2356 t
2997 2298 3109 2358 Εἶθ’
3154 2304 3442 2375 ἑρμηνεύει
3483 2305 3580 2376 τὴν
3617 2305 3721 2374 γῆν

2156 2393 2315 2448 πάλιν
2340 2394 2437 2466 τὴν
2485 2395 2661 2466 σάρκα
2699 2391 2860 2460 εἶναι,
2907 2397 3006 2468 οὐχ
3043 2397 3184 2467 ὁρῶν
3211 2395 3285 2461 ὡς
3329 2397 3581 2468 οὐδεμίαν
3611 2397 3722 2468 ἔχει

2155 2485 2493 2548 ἀκολουθίαν,
2525 2487 2629 2558 πρὸ
2654 2487 2755 2557 τῆς
2791 2488 2991 2559 σαρκὸς
3021 2489 3119 2558 τὴν
3157 2489 3335 2560 σάρκα
3371 2487 3611 2542 ἐκτίσθαι
3637 2487 3722 2541 λέ-

2154 2593 2293 2645 γειν,
2335 2578 2430 2630 καὶ
2471 2577 2609 2648 μετὰ
2648 2578 2746 2650 τὴν
2793 2579 2968 2632 κτίσιν
3016 2579 3114 2649 τῆς
3158 2579 3387 2650 σαρκὸς,
3419 2579 3581 2632 πάλιν
3625 2580 3721 2649 τὴν

2155 2670 2331 2738 σάρκα
2359 2669 2663 2740 ὀνομάζειν.
2704 2671 2760 2722 '0
2791 2669 2847 2722 δὲ
2873 2669 2982 2739 (66)
3017 2670 3094 2723 ἔτι
3125 2670 3256 2740 πρὸς,
3286 2669 3491 2732 τούτοις
3526 2671 3721 2740 ἐπιφέ-

2156 2776 2238 2829 ρει
2269 2759 2393 2831 έξῆς
2420 2760 2611 2828 λέγων,
2640 2755 2778 2824 εἶτα,
2811 2779 2829 2810 ι
2877 2759 2987 2833 Πρὸ
3019 2759 3113 2812 τοῦ
3157 2760 3254 2823 τὰς
3293 2760 3560 2826 ἀϐύσσους
3599 2779 3720 2816 ποι-

2150 2850 2299 2918 ἧσαι,
2339 2867 2357 2898 ι
2397 2848 2777 2919 παροιμιωδῶς
2834 2849 2862 2900 ὁ
2907 2850 3190 2919 προφήτης
3233 2848 3330 2913 τὰς
3386 2850 3492 2902 τῶν
3549 2851 3719 2919 ἁγίων

2152 2939 2374 3010 καρδίας
2405 2936 2542 2994 εἶναι
2565 2940 2731 3008 λέγει,
2765 2939 2863 3004 τάς
2887 2942 2944 2994 ὲν
2972 2940 3048 3010 τῷ
3073 2940 3277 2993 ἑαυτῶν
3313 2940 3464 3010 βάθει
3493 2941 3590 3012 τὴν
3623 2941 3717 2994 τοῦ

2151 3031 2461 3102 ΙΙνεύματος
2496 3031 2723 3103 ἐχούσας
2748 3031 2975 3103 δωρεάν.
3001 3033 3110 3086 Καὶ
3150 3034 3208 3085 ὲν
3249 3031 3456 3096 τούτοις
3494 3031 3549 3085 δὲ
3581 3033 3717 3102 πρό-

493 3141 614 3179 nem
639 3125 930 3190 comlitam,
961 3124 1155 3179 iterum
1202 3126 1256 3181 in
1302 3129 1483 3183 carnis
1510 3131 1728 3184 nomine
1775 3132 2046 3187 insistere.

2152 3139 2298 3192 σχες,
2332 3124 2478 3187 ὅπως
2505 3126 2583 3187 είς
2612 3123 2709 3196 τὴν
2738 3123 2915 3193 σάρκα
2944 3121 3187 3176 ἐκλαϐὼν
3222 3122 3470 3194 εἰρῆσθαι
3489 3123 3571 3185 τὸ,
3599 3124 3716 3177 Κύ-

490 3217 583 3272 Ille
613 3229 790 3271 tamen
837 3218 936 3271 ista
981 3217 1350 3286 superioribus
1402 3220 1465 3273 ad
1510 3220 1651 3273 hunc
1679 3221 1891 3274 modum
1917 3222 2047 3276 sub-

492 3307 660 3361 nectit
692 3320 707 3359 :
739 3308 827 3377 lit.
878 3304 998 3359 XIX
1045 3306 1170 3359 coll.
1219 3323 1273 3377 p.
1330 3306 1431 3360 158
1459 3306 1544 3380 Β]
1583 3309 1758 3363 «Ante
1794 3310 2048 3366 formatas

493 3414 514 3449 ι
562 3401 802 3468 abyssos.
844 3416 863 3449 ι
925 3397 1151 3466 Abyssos
1229 3399 1683 3466 proverbialiter,
1735 3410 2044 3454 sanctorum

489 3491 650 3544 corda
705 3498 978 3558 nuncupat
1014 3490 1292 3558 propheta,
1337 3490 1390 3543 in
1419 3505 1658 3559 quorum
1691 3506 1883 3560 nempe
1915 3508 2042 3560 pro-

489 3582 846 3636 funditatibus
876 3582 1014 3635 dona
1044 3583 1282 3650 Spiritus
1311 3583 1774 3638 recondebantur.
1814 3584 1909 3640 llic
1931 3585 2044 3653 jam

487 3673 542 3728 in
591 3672 708 3728 istis
764 3674 1010 3729 attendas
1059 3682 1261 3738 autem,
1314 3671 1587 3743 quomodo
1619 3677 1688 3740 is,
1715 3678 1806 3746 qui
1843 3677 2044 3732 dictum

485 3764 617 3820 illud
652 3764 947 3819 :Dominus
989 3766 1221 3818 condidit
1263 3783 1343 3819 me
1367 3769 1431 3832 ι’,
1467 3768 1536 3820 de
1562 3784 1731 3822 carne
1761 3769 2043 3825 intellexe-

487 3867 594 3920 rat,
634 3872 663 3909 a
703 3857 982 3928 Scriptura
1023 3858 1281 3927 deinceps
1307 3860 1358 3912 in
1399 3873 1683 3928 angustum
1711 3873 2041 3932 compactus,

485 3963 607 4017 qua:
644 3949 794 4011 dicit,
837 3960 1114 4010 antequam
1159 3949 1515 4017 formarentur
1555 3955 1731 4022 abyssi
1754 3955 1829 4020 ¹³;
1872 3955 2043 4009 inter-

485 4051 733 4109 pretatur
777 4038 1024 4110 abyssos,
1062 4050 1370 4095 sanctorum
1413 4043 1574 4096 corda
1612 4059 1626 4094 :
1658 4060 1756 4099 nec
1807 4045 2043 4102 advettit

485 4134 628 4200 quod
677 4133 837 4185 corda
903 4141 1238 4204 sanctorum,
1291 4142 1417 4198 puta
1471 4135 1786 4201 Abrahami,
1852 4136 2039 4203 Isaaci,

485 4220 694 4285 Jacobi,
718 4221 936 4292 Moysis,
972 4221 1154 4287 Heliae,
1195 4223 1594 4290 Melchisedeci,
1626 4239 1679 4282 et
1711 4229 2038 4298 reliquorum

483 4316 864 4384 pr0pbetarttnt
890 4355 904 4377 ,
946 4325 1072 4370 ante
1117 4315 1425 4372 Servatoris
1470 4318 1900 4376 incarnationem
1926 4321 2041 4376 fue-

483 4415 622 4458 rant.
649 4405 748 4471 Qui
775 4415 951 4473 potest
987 4419 1117 4474 ergo
1163 4405 1291 4460 illud
1326 4407 1393 4460 ad
1418 4423 1636 4462 carnem
1663 4409 1851 4464 referri
1889 4411 2039 4464 :An-

2139 3231 2271 3282 ριος
2315 3215 2515 3272 ἕκτισέ
2559 3232 2654 3284 με,
2700 3214 2889 3268 ἔπειτα
2935 3214 3431 3285 στενοχωρούμενος
3482 3215 3586 3267 ὑπὸ
3617 3216 3717 3284 τῆς

2147 3307 2366 3379 Γραφῆς
2391 3307 2674 3378 λεγούσης,
2705 3305 2822 3375 Πρὸ
2852 3306 2958 3360 τοῦ
2982 3304 3089 3370 τὰς
3116 3307 3423 3372 ἀϐύσσους
3445 3306 3716 3375 ποιῆσαι,

2145 3399 2244 3464 τὰς
2274 3400 2372 3470 μὲν
2401 3399 2666 3463 ἀϐύσσους
2687 3398 2999 3471 έρμηνεύει,
3022 3398 3120 3461 τάς
3145 3397 3251 3451 τῶν
3277 3397 3445 3465 ἁγίων
3468 3398 3714 3469 καρδίας,

2145 3489 2317 3558 λέγων
2349 3490 2518 3556 αὑτὰς
2555 3487 2717 3552 εἶναι,
2750 3490 2810 3543 οὐ
2855 3491 3054 3560 συνορᾷ
3099 3490 3176 3554 δὲ,
3207 3491 3288 3542 ὅτι
3322 3491 3376 3542 at
3403 3488 3511 3541 τῶν
3545 3488 3715 3556 ἁγίων

2145 3581 2381 3653 καρδίαι,
2410 3579 2506 3634 τοῦ
2547 3578 2796 3650 Ἀϐραὰμ
2822 3577 3021 3648 δηλαδὴ
3048 3579 3139 3632 καὶ
3162 3577 3255 3630 τοῦ
3297 3579 3330 3631 Ἰ
3340 3579 3478 3630 σαάκ
3499 3579 3593 3631 καὶ⁹
3617 3578 3712 3631 τοῦ

2157 3669 2368 3732 Ἰακὼϐ,
2396 3669 2672 3731 Μωῦσέως
2697 3685 2758 3720 τε
2792 3669 2885 3722 καὶ
2922 3667 3100 3721 Ἡλίου
3133 3669 3220 3722 καὶ
3257 3668 3585 3738 Μελχισεδὲκ
3618 3672 3713 3722 καὶ

2140 3760 2247 3815 τῶν
2273 3759 2472 3813 λοιπῶν
2507 3757 2816 3831 προφητῶν,
2842 3757 2946 3830 πρὸ
2977 3759 3075 3829 τῆς
3100 3759 3299 3829 σαρκὸς
3326 3759 3581 3827 γεγόνασι
3613 3760 3709 3812 τοῦ

2141 3852 2409 3922 Σωτῆρος.
2441 3850 2564 3914 Πῶς
2595 3848 2688 3903 οὖν
2717 3851 2938 3904 δυνατὸν
2967 3852 3057 3902 ἐπὶ
3089 3849 3186 3920 τὴν
3215 3850 3390 3920 σάρκα
3420 3849 3711 3921 ἀναφέρειν

2139 3943 2258 4013 Πρὸ
2290 3943 2394 3998 τοῦ
2424 3943 2530 4008 τὰς
2570 3943 2881 4005 ἀϐύσσους
2926 3940 3208 4008 ποιῆσαι;
3256 3941 3365 3994 Καὶ
3396 3939 3508 4010 μεθ’
3547 3942 3710 4012 ἕτερα

2138 4035 2195 4089 δὲ
2220 4031 2375 4099 αὖθις
2417 4034 2611 4103 ἐπάγει
2649 4033 2853 4102 λέγων’
2909 4051 2928 4084 ι
2977 4032 3041 4085 Τί
3079 4032 3256 4085 τοίνυν
3291 4033 3407 4084 ἐστὶ
3449 4031 3509 4086 τὸ
3539 4033 3708 4102 κεφά-

2145 4147 2164 4180 ι
2204 4129 2370 4191 λαιον,
2399 4126 2518 4194 Πρὸ
2555 4125 2661 4180 τοῦ
2698 4124 3009 4194 προελθεῖν
3035 4124 3142 4188 τὰς
3177 4123 3406 4192 πηγάς;
3440 4123 3609 4177 Τοῦτο
3641 4125 3704 4194 δὴ

2145 4239 2162 4272 ι
2201 4222 2332 4291 ἡμῖν
2386 4219 2447 4272 τὸ
2504 4218 2798 4289 μυστήριον
2854 4215 3180 4286 παρίστησιν
3237 4216 3270 4284 ἡ
3325 4215 3422 4284 τῆς
3495 4215 3705 4279 Ἐξόδου

2144 4332 2162 4365 t
2203 4311 2409 4383 γραφὴ,
2439 4309 2566 4371 τοὺς
2588 4307 2693 4360 τῶν
2719 4306 3030 4360 ἀποστόλων
3061 4304 3262 4367 τύπους
3286 4305 3452 4358 πάλαι
3474 4323 3706 4378 προαγο-

2144 4423 2163 4456 ι
2207 4402 2451 4476 ρεύουσα’
2482 4399 2688 4453 δώδεκα
2723 4398 2829 4466 γὰρ
2859 4397 3027 4450 ὄντων
3054 4397 3145 4449 τὸν
3173 4396 3398 4468 ἀριθμὸν
3436 4396 3543 4451 τῶν
3570 4399 3708 4451 ἀπο-

486 4469 690 4568 tequani
744 4469 920 4567 abyssi
969 4469 1367 4566 formarentur?
1416 4498 1552 4554 Post
1608 4501 1862 4568 deinceps
1907 4501 2032 4565 alia,

2152 4517 2164 4550 ι
2207 4469 2404 4550 στόλων
2431 4492 2636 4546 δώδεκα
2665 4490 2854 4561 πηγῶν
2887 4489 3176 4560 μέμνηται.
3213 4489 3324 4560 (67)
3361 4508 3378 4541 t
3414 4490 3521 4543 Καὶ
3549 4487 3704 4555 αὖθις

485 4591 681 4643 iterum
707 4589 972 4642 subint‘ert
1019 4589 1267 4657 inquiens
1294 4588 1384 4661 [Β.
1416 4589 1516 4644 XX
1549 4591 1674 4645 coll.
1701 4608 1755 4661 p.
1789 4591 1886 4647 159
1917 4591 1980 4665 Β]
2016 4612 2029 4647 :

490 4697 510 4730 ι
539 4679 674 4744 Quid
709 4680 836 4734 illud
869 4693 1046 4737 autem
1089 4683 1392 4737 membrum
1425 4683 1526 4737 sibi
1561 4684 1673 4738 vult
1699 4700 1713 4736 :
1742 4685 2033 4755 Antequam

489 4791 510 4824 ι
555 4773 722 4839 fontes
765 4773 1174 4840 producerentur
1195 4773 1548 4843 “‘iEqnidem
1585 4776 1687 4830 hoc
1720 4777 2029 4847 mysterium

485 4880 509 4915 ς
559 4871 778 4916 enarrat
829 4862 982 4916 nobis
1029 4861 1306 4932 Scriptura
1346 4863 1640 4920 Ειοιιὶιδοισ
1659 4865 1711 4920 in
1752 4881 1861 4935 qua
1904 4867 2030 4922 olim

555 5068 614 5126 >3
651 5061 750 5116 Ed.
777 5061 978 5118 Paris..
1013 5077 1133 5133 pag.
1170 5061 1258 5116 I6.

481 5135 603 5191 "3°
620 5135 794 5192 bxod.
817 5152 910 5208 xv,
939 5141 1028 5199 2‘7.

553 5337 663 5408 (66)
683 5336 868 5412 ‘Vulgo
898 5340 983 5412 ᾆδε
1003 5349 1056 5412 et
1089 5340 1146 5392 οὐ
1182 5341 1416 5412 συνορῶν
1457 5340 1501 5393 δ’
1529 5342 1610 5394 ὃτι
1649 5339 1827 5392 αὐτῶν
1852 5356 1903 5391 τ.
1938 5338 2028 5406 άγ.

477 5409 535 5462 αἱ
564 5407 638 5461 κα
647 5407 723 5478 ρδ.
742 5477 745 5478 ν
760 5407 823 5478 et
832 5409 985 5462 τοῦτο
1014 5409 1088 5462 δέ.

550 5476 659 5548 (67)
675 5477 1024 5532 Δώδεκατῶν
1041 5477 1564 5549 πηγτῶνμέδινηται.
1585 5476 1755 5549 Sensn
1770 5479 2032 5549 secundo,

477 5558 532 5602 et
562 5547 783 5618 mystico
816 5551 915 5602 boc
950 5547 1143 5603 verum
1168 5547 1285 5603 esse
1316 5547 1513 5618 potest,
1544 5558 1600 5600 ut
1642 5547 1817 5618 μιγηιὶ
1861 5547 2033 5600 fomes

481 5619 534 5670 in
573 5617 727 5682 Elim,
762 5620 899 5671 unde
935 5620 1186 5672 Israelita:
1224 5621 1275 5671 in
1317 5616 1536 5672 deserto
1574 5616 2030 5678 relocillabantur,

482 5701 558 5740 xu
585 5687 851 5756 apostolos
878 5688 1337 5756 prmtiguraverint
1369 5701 1383 5740 :
1423 5689 1472 5740 id
1498 5689 1640 5740 enim
1670 5687 1818 5738 nmlti
1849 5685 2033 5738 volunt

479 5757 553 5812 Ita
575 5769 712 5810 esse.
741 5755 1041 5822 Quomodo,
1067 5768 1122 5812 et
1150 5767 1378 5823 montes,
1414 5755 1594 5824 colles,
1620 5767 1803 5826 petrae,
1834 5755 2022 5820 nubes,

1334 5065 1379 5096 ‘9
1413 5065 1428 5119 I
1463 5065 1589 5121 Cor.
1623 5080 1706 5129 In,
1749 5066 1830 5118 11.
1908 5066 1947 5095 ¹¹
1975 5065 2111 5120 Gen.
2148 5082 2230 5130 tn,
2264 5067 2350 5120 19.

2140 4588 2333 4656 ἐπάγει
2365 4585 2426 4638 τὸ
2457 4584 2606 4646 αὐτὸ,
2637 4583 2860 4653 γράφων
2891 4579 3062 4644 οὕτως
3082 4598 3095 4610 ν
3131 4599 3149 4632 t
3185 4581 3422 4644 Εἰκότως
3452 4577 3543 4635 οὖν
3573 4583 3702 4653 περ).

2146 4698 2164 4732 ι
2205 4679 2305 4749 τῆς
2331 4675 2470 4731 κατά
2492 4676 2669 4747 σάρκα
2695 4673 2956 4743 γενέσεως
2984 4675 3012 4728 6
3036 4671 3297 4744 δεσπότης
3323 4672 3408 4726 διὰ
3443 4673 3535 4726 τοῦ
3570 4691 3703 4744 προ-

2139 4791 2157 4822 ι
2199 4772 2368 4841 φήτου
2410 4767 2716 4838 Σολομῶνος
2745 4765 3012 4834 λέγοντος,
3067 4764 3173 4834 (68)
3208 4765 3326 4832 Πρὸ
3351 4765 3456 4820 τοῦ
3487 4769 3698 4833 προελ-

2135 4863 2260 4919 θεῖν
2299 4863 2406 4926 τὰς
2433 4858 2627 4928 πηγὰς
2655 4857 2771 4911 τῶν
2797 4855 3049 4923 ὑδάτων,
3079 4856 3202 4927 ἔφη.
3245 4875 3263 4907 ι
3317 4857 3437 4909 Ἐπὶ
3463 4856 3530 4910 τὰ
3571 4857 3698 4922 ἑξῆς

2429 5068 2470 5097 ts
2503 5064 2661 5118 ρων.
2699 5061 2927 5127 “the?”
3029 5063 3071 5091 ”
3100 5060 3232 5114 Ibid.
3266 5061 3355 5115 Ἡ.
3491 5065 3533 5096 ¹⁶
3561 5064 3692 5122 Ibid.

2130 5339 2332 5406 lapides
2357 5337 2626 5391 dicuntur.
2647 5334 2751 5388 Sed
2783 5331 3086 5406 Marcellum
3117 5335 3191 5384 ait
3210 5332 3498 5406 Eusebius,
3528 5349 3688 5404 quam

2131 5403 2280 5461 recte
2311 5406 2521 5464 viderit,
2573 5421 2731 5459 sensu
2767 5404 2959 5467 primo,
2999 5412 3051 5457 et
3095 5403 3234 5455 κατὰ
3260 5404 3492 5474 γράμμα
3528 5403 3689 5461 intel-

2128 5478 2341 5529 luxisse.
2381 5475 2451 5527 M.

2201 5546 2312 5613 (68)
2344 5543 2690 5612 Σολομῶνος
2715 5543 3019 5610 λέγοντος.
3056 5541 3357 5613 Legendnm
3402 5543 3568 5611 λέγει,
3603 5544 3684 5596 vel

2128 5611 2374 5682 λέγοντος
2396 5611 2601 5684 εἴρηκε.
2632 5613 2698 5667 Μ.
2717 5641 2784 5651 -
2803 5613 2931 5684 Dein
2961 5613 3114 5680 vulgo
3134 5611 3194 5663 τὸ
3223 5611 3423 5684 λεῖπον.
3459 5615 3621 5684 [fni-ro
3640 5613 3683 5666 Β

2128 5681 2402 5754 διαδόχους
2443 5681 2686 5754 αἰνίττει,
2724 5683 2870 5754 quod
2913 5681 3102 5754 inlsntn
3159 5693 3251 5754 est
3276 5698 3324 5754 p.
3365 5681 3430 5736 70
3470 5683 3509 5736 D
3551 5683 3683 5753 Iin.;

2134 5745 2462 5824 inl'ra'K'ulgO
2491 5752 2523 5823 ἢ
2560 5752 2680 5805 καθ’
2713 5745 2805 5822 ὀμ.
2840 5762 2892 5808 et
2922 5753 2995 5815 ὼς
3021 5752 3114 5804 καὶ
3140 5745 3409 5813 πολλάκις.
