4088 6420
366 359 472 412 805

1485 362 1766 417 CONTRA
1807 361 2240 418 MARCELLUM
2281 362 2407 415 LIB.
2455 362 2518 417 ΙΙ.

3503 320 3610 421 at

362 475 528 543 ἕτερά
575 490 694 526 τινα.
730 472 969 536 διελθὼν,
1006 474 1252 545 επιφέρει
1289 492 1299 503 ·
1340 495 1357 527 ι
1389 476 1594 529 υύκοῦν
1648 478 1930 547 ἐπειδήπερ

2050 497 2064 525 ε
2114 476 2475 545 apostolorum
2500 476 2610 545 typi
2637 476 3158 542 praenuntiabantur.
3188 475 3433 532 Meminit
3460 481 3608 533 enim

370 586 387 616 ι
428 564 557 634 περὶ
602 562 710 615 τῶν
750 564 1095 632 προαγόντων
1128 566 1456 636 εἰρήκαμεν,
1502 567 1789 620 ἀκόλουθόν
1822 569 1936 621 ἐστι

369 674 386 704 ι
427 653 521 706 καὶ
548 652 607 704 τό
629 652 807 703 λεῖπον
833 651 1239 724 ἀναπληρῶσαι.
1257 656 1447 708 Δείπει
1469 654 1523 706 δέ
1545 654 1625 717 τὸ,
1656 674 1674 705 ι
1699 656 1847 708 κατὰ
1869 657 1939 710 τὰ

370 765 386 794 σ
430 745 538 811 ὅρη
559 744 654 797 καί
688 743 828 808 τοὺς
850 744 1136 809 βουνούς.
1191 747 1302 817 Πρὸ
1329 748 1436 818 γὰρ
1459 746 1553 799 τοῦ
1575 747 1643 799 τὰ
1672 747 1771 818 ὅρη
1791 748 1938 818 ἐδρα-

368 855 386 883 «
427 834 637 903 σθῆναι,
691 836 843 905 φησὶ,
881 836 985 906 πρὸ
1023 836 1079 888 δέ
1120 837 1336 890 πάντων
1379 839 1486 892 τῶν
1526 838 1749 907 βουνῶν,
1774 840 1936 908 γεννᾷ

368 946 387 977 ‹
434 943 519 995 με.
552 928 689 996 Ὅρη
725 928 818 979 καὶ
847 927 1064 996 βουνοὺς
1089 930 1211 991 τοὺς
1233 929 1555 991 ἀποστόλους
1574 930 1806 992 καὶτοὺς
1828 929 1935 982 τῶν

370 1033 387 1065 ε
431 1014 740 1066 ἀποστόλων
769 1015 1044 1086 διαδόχους
1088 1013 1222 1069 εἶναι
1242 1058 1255 1081 ,
1283 1019 1369 1071 ἵνα
1398 1020 1549 1090 παρὰ
1591 1020 1714 1083 τοὺς
1744 1020 1935 1085 ἄλλους

369 1122 388 1153 ι
430 1103 747 1175 ἀνθρώπους
773 1105 870 1175 τὴν
917 1108 1035 1159 κατ’
1062 1108 1238 1160 αὐτῶν
1259 1108 1469 1162 δικαίαν
1502 1109 1771 1164 πολιτείαν
1798 1128 1936 1183 παρ-

370 1215 388 1244 ι
430 1196 698 1265 οιμιωδῶς
746 1197 1005 1268 σημαίνῃ.
1070 1218 1087 1249 ι
1140 1199 1402 1263 Τοιαύτας
1448 1200 1598 1264 τινὰς
1642 1202 1935 1273 ἑρμηνείας

364 1290 687 1361 ἐκθέμενος,
738 1287 893 1355 αὖθις
938 1295 1029 1346 ἐπὶ
1074 1294 1171 1356 τὰς
1218 1294 1574 1358 ἀποστολικάς
1620 1295 1933 1365 μεταϐαίνει

364 1382 569 1450 φωνὰς,
591 1384 848 1436 τάναντία
876 1383 954 1453 τῷ
995 1385 1299 1456 Ἀποστόλῳ
1324 1385 1709 1456 φθεγγόμενος.
1753 1386 1808 1438 ’0
1837 1387 1932 1457 μὲν

364 1476 474 1547 γὰρ
509 1476 599 1528 τὸν
660 1476 896 1546 προόντα
957 1476 1093 1530 Υὶὸλν
1125 1478 1229 1531 τοῦ
1261 1476 1407 1531 Θεοῦ
1434 1478 1528 1530 καὶ
1553 1478 1934 1547 Πρωτότοκον

363 1564 566 1631 πάσης
601 1566 851 1629 κτίσεως
896 1563 1056 1616 αὐτὸν
1101 1560 1241 1617 εἶναι
1281 1564 1525 1617 ἐδίδασκε
1545 1580 1558 1594 ·
1584 1563 1650 1616 τὰ
1675 1562 1850 1616 πάντα
1876 1565 1932 1616 ἐν

364 1654 531 1725 αὐτῷ,
558 1654 649 1707 καὶ
667 1655 731 1707 δι’
759 1653 918 1707 αὐτοῦ
949 1655 1210 1709 ἐκτίσθαι·
1236 1655 1397 1708 αὐτόν
1431 1671 1489 1707 τε
1526 1650 1664 1707 εἶναι
1682 1654 1786 1723 πρὸ
1807 1653 1933 1706 πάν-

361 1762 469 1797 των
517 1744 725 1816 μεγάλῃ
752 1743 846 1815 βοῇ
872 1745 1300 1817 μαρτυρόμενος·
1326 1746 1355 1797 ὁ
1389 1744 1447 1796 δέ
1477 1744 1569 1795 ἐπὶ
1609 1743 1705 1813 τὴν
1729 1744 1929 1814 σάρκα,

2046 586 2063 615 σ
2112 575 2290 619 textus
2318 565 2406 619 ille
2431 566 2714 620 duodecim
2744 564 2971 619 fontium
3005 567 3056 619 in
3082 566 3219 620 Elim
3244 611 3260 635 ,
3315 581 3436 622 cum
3480 584 3613 636 apo-

2046 676 2064 706 α
2112 657 2373 711 stolorum
2415 658 2614 711 chorus
2662 666 2808 712 esset
2848 658 3228 713 duodenarius.
3263 677 3283 708 ι
3321 658 3463 712 Idem
3509 659 3613 712 ite-

2040 764 2157 801 tum
2189 749 2279 803 ille
2309 748 2510 815 regerit
2559 749 2626 802 ad
2684 748 2826 802 hunc
2857 748 3096 813 modum,
3125 749 3413 818 inquiens:
3455 768 3474 799 ι
3501 750 3610 803 Ile-

2045 857 2062 887 σ
2114 839 2216 891 rito
2262 837 2426 907 igitur
2451 839 2515 891 de
2548 837 2896 907 generatione
2926 841 3217 892 secundum
3248 853 3468 892 carnem
3506 840 3611 892 Do-

2043 946 2059 975 ι
2109 928 2285 980 minus
2338 942 2431 995 per
2470 928 2792 996 prophetam
2850 926 3196 981 Salomonem
3228 928 3411 982 dixit:
3444 933 3607 983 Ante-

2044 1036 2061 1068 ι
2108 1035 2262 1087 quam
2292 1019 2462 1086 fontes
2505 1035 2765 1087 aquarum
2816 1021 3168 1088 provenirent.
3201 1038 3218 1069 ι
3252 1017 3307 1072 In
3341 1024 3613 1087 sequenti-

2037 1109 2167 1172 bus,
2216 1111 2459 1177 quasdam
2509 1110 2611 1163 alia
2678 1121 2998 1180 prosecutus
3058 1110 3220 1180 stylo,
3284 1107 3605 1181 inferum.

2033 1198 2203 1272 XXII]
2232 1200 2527 1266 «Quocirca
2550 1216 2670 1255 cum
2692 1201 3049 1269 praecedentia
3070 1202 3331 1254 fuerimus
3348 1202 3608 1266 exsecuti,

2042 1312 2059 1343 ι
2104 1307 2441 1361 consequens
2485 1302 2586 1356 est,
2620 1301 2679 1345 ut
2715 1293 2856 1362 quod
2885 1301 3049 1345 restat
3078 1292 3253 1346 adhuc
3278 1291 3609 1361 expleamus.

2039 1401 2057 1432 ι
2104 1383 2291 1437 Restat
2329 1393 2504 1437 autem
2554 1383 2704 1446 illud,
2743 1399 2848 1450 quo
2878 1382 3123 1435 meminit
3150 1384 3411 1435 montium
3447 1392 3610 1449 atque

2040 1491 2059 1522 ς
2102 1473 2365 1526 saltuum:
2402 1474 2474 1525 ait
2502 1474 2642 1526 enim
2675 1473 3000 1540 :Antequam
3034 1484 3230 1524 montes
3250 1471 3607 1539 ﬁrmarentur,

2041 1582 2058 1611 ι
2107 1579 2229 1615 ante
2262 1578 2440 1614 omnes
2472 1563 2643 1615 saltus
2686 1564 2861 1631 genuit
2899 1576 2994 1613 me.
3033 1558 3165 1615 Esse
3205 1575 3368 1630 porro
3400 1568 3609 1612 montes

2044 1670 2061 1701 ‹
2110 1654 2274 1706 hosce
2301 1662 2465 1721 atque
2504 1651 2677 1706 saltus
2712 1653 2989 1719 apostolos
3024 1661 3075 1705 et
3104 1665 3443 1706 successores
3476 1664 3607 1718 apo-

2041 1759 2058 1789 ι
2107 1740 2362 1793 stolorum
2406 1754 2421 1793 :
2468 1749 2528 1793 ut
2567 1740 2637 1792 ita
2693 1739 2905 1793 illorum
2940 1740 3238 1808 juStissima
3267 1740 3609 1794 conversatio

363 1838 458 1889 καὶ
493 1834 693 1905 ταύτην
721 1834 1047 1889 καταϐάλλει
1097 1836 1192 1908 τὴν
1245 1835 1537 1905 θεολογίαν·
1563 1836 1755 1908 μικρὸν
1772 1836 1929 1889 ὓστε-

2036 1850 2051 1879 ι
2100 1842 2265 1899 atque
2313 1831 2431 1884 vita:
2479 1831 2762 1895 institutio,
2792 1842 2916 1884 ante
2962 1846 3149 1886 omnes
3212 1830 3441 1884 aliorum
3471 1833 3609 1900 poli-

369 1941 459 1996 ρον
495 1926 586 1979 καὶ
636 1923 836 1994 ταύτην
869 1925 1215 1996 ἀρνούμενος.
1261 1926 1423 1994 Λέγει
1462 1926 1518 1979 δὲ
1552 1926 1727 1979 οὕτω·
1771 1947 1789 1977 ι
1834 1925 1933 1978 Διά

373 2036 390 2068 ι
430 2016 586 2069 τοῦτο
605 2017 827 2080 εἰκότως
849 2017 1119 2089 ἐπιφέρει,
1147 2018 1247 2082 Ὅς
1268 2017 1439 2071 ἐστιν
1458 2016 1634 2071 εἰκὼν
1653 2018 1759 2071 τοῦ
1783 2017 1932 2071 Θεοῦ

371 2128 389 2160 ι
429 2108 532 2161 τοῦ
550 2108 825 2175 ἀοράτου.
861 2127 879 2159 ι
902 2109 1040 2161 Πότε
1067 2108 1355 2178 γενόμενος
1382 2108 1576 2173 εἰκών;
1604 2110 1675 2161 ’Ἡ
1693 2108 1932 2178 ὁπηνίκα

363 2200 426 2253 τ’)
462 2199 580 2252 κατ’
629 2199 811 2251 εἰκόνα
834 2199 926 2251 καὶ
964 2198 1083 2251 καθ’
1107 2199 1366 2268 ὁμοίωσιν
1395 2198 1651 2269 ἀνείληφε
1672 2199 1930 2270 πλάσμα;

369 2312 387 2341 ς
430 2290 696 2361 Πρότερον
724 2289 853 2359 γὰρ,
888 2288 1075 2359 ὥσπερ
1105 2288 1361 2351 πολλάκις
1388 2288 1543 2359 ἔφην,
1574 2288 1724 2342 οὐδὲν
1751 2289 1933 2360 ἕτερον

370 2400 389 2430 ι
429 2377 495 2451 ἦν
530 2380 561 2450 ἢ
601 2381 789 2448 Λόγος·
836 2398 853 2430 ι
893 2381 987 2434 καὶ
1039 2379 1285 2449 ἐπιμένει
1316 2379 1376 2432 τό
1425 2381 1555 2433 αὐτὸ
1588 2379 1934 2451 γυμνώτερον

361 2472 659 2540 διασαφῶν,
697 2473 762 2525 δι’
798 2466 872 2525 ὧν
902 2489 1065 2542 φησιν
1088 2489 1099 2500 ·
1127 2492 1142 2523 ι
1171 2471 1378 2525 Οὐκοῦν
1414 2472 1791 2544 πρόδηλον,ότι
1829 2472 1935 2543 πρὸ

369 2582 389 2615 ε
416 2564 518 2633 τῆς
549 2565 641 2617 τοῦ
667 2565 933 2635 ἡμετέρου
971 2563 1221 2635 σώματος
1240 2564 1556 2635 ἀναλήψεως
1576 2566 1603 2617 ό
1619 2566 1787 2633 Λόγος
1814 2564 1933 2617 καθ’

366 2670 388 2701 ί
414 2650 605 2702 ἐαυτὸν
635 2651 732 2703 οὐκ
782 2647 848 2721 ἦν
878 2650 1038 2704 εἰκὼν
1066 2652 1159 2704 τοῦ
1181 2652 1412 2723 ἀοράτου
1451 2652 1607 2707 Θεοῦ.
1664 2655 1777 2725 Τὴν
1828 2653 1936 2725 γὰρ

370 2764 389 2792 ι
416 2744 598 2796 εἰκόνα
614 2744 841 2814 ὁρᾶσθαι
862 2746 1146 2814 προσήκει,
1176 2744 1259 2798 ἵνα
1280 2745 1365 2799 διὰ
1386 2746 1485 2815 τῆς
1501 2746 1705 2809 εἰκόνος
1718 2746 1778 2798 τὸ
1800 2746 1937 2809 τέως

369 2852 387 2883 ι
418 2834 490 2905 μή
523 2834 795 2905 ὁρώμενον
832 2834 1058 2905 ὁρᾶσθαι
1098 2835 1340 2906 δύνηται.
1371 2856 1388 2887 ι
1414 2839 1523 2889 Καὶ
1542 2838 1937 2909 πάλινπροστί-

365 2927 486 2995 θησι
512 2925 681 2993 λέγων
703 2942 715 2955 ·
756 2943 773 2974 ι
817 2924 939 2987 Πῶς
967 2921 1058 2977 οὖν
1080 2926 1261 2978 εἰκόνα
1293 2925 1386 2978 τοῦ
1420 2925 1649 2999 ἀοράτου
1675 2925 1810 2978 Θεοῦ
1847 2924 1936 2978 τὸν

369 3034 388 3066 ‹
427 3014 518 3067 τοῦ
542 3014 673 3067 Θεοῦ
717 3015 885 3081 Λόγον
921 3016 1191 3087 Ἀστέριος
1222 3012 1358 3069 εἶναι
1396 3020 1695 3087 γέγραφεν;
1731 3017 1797 3067 Αἰ
1830 3015 1937 3087 γὰρ

368 3127 386 3158 ι
433 3108 636 3171 εἰκόνες
693 3108 917 3169 τούτων,
953 3102 1028 3161 ὧν
1060 3110 1197 3162 εἰσιν
1248 3109 1473 3173 εἰκόνες,
1527 3110 1622 3163 καὶ
1663 3109 1932 3173 ἀπόντων,

368 3217 386 3249 ι
428 3198 689 3251 δεικτικαί
730 3201 883 3252 εἰσιν·
927 3199 1066 3252 ὥστε
1098 3201 1192 3253 καὶ
1233 3200 1322 3253 τὸν
1368 3201 1571 3252 ἀπόντα
1599 3200 1707 3269 (69)
1741 3200 1807 3252 δι’
1835 3201 1931 3253 αὐ-

367 3307 387 3338 t
424 3290 529 3341 τῶν
548 3290 829 3358 φαίνεσθαι
849 3291 1040 3343 δοκεῖν.
1068 3292 1131 3343 Εἰ
1151 3291 1205 3343 δέ
1226 3290 1317 3342 τοῦ
1343 3290 1476 3343 Θεοῦ
1504 3292 1733 3361 ἀοράτου
1757 3291 1929 3353 ὄντος,

367 3400 386 3431 ι
426 3382 650 3452 ἀόρατον
674 3378 808 3435 εἶναι
842 3386 937 3436 καὶ
958 3383 1048 3437 τὸν
1081 3384 1253 3448 Λόγον
1283 3383 1588 3451 συμϐαίνει,
1616 3382 1733 3445 πῶς
1768 3381 1931 3434 εἰκὼν

366 3494 384 3524 ι
427 3474 519 3526 τοῦ
554 3476 784 3545 ἀοράτου
814 3474 946 3527 Θεοῦ
975 3474 1093 3528 καθ’
1117 3476 1308 3528 ἐαυτὸν
1338 3475 1365 3527 ό
1403 3476 1572 3544 Λόγος
1606 3471 1741 3527 εἶναι
1769 3474 1929 3526 δύνα-

365 3584 382 3613 ι
426 3582 535 3625 ται,
576 3567 667 3619 καὶ
708 3566 867 3630 αὐτὸς
910 3567 1136 3637 ἀόρατος
1177 3565 1289 3630 (iw;
1326 3566 1585 3619 ἀδύνατον
1617 3566 1724 3637 γὰρ
1757 3566 1816 3619 τὸ
1856 3565 1931 3637 μὴ

365 3678 385 3710 ε
423 3659 616 3730 ὁρατὸν
648 3659 735 3712 διὰ
773 3660 865 3712 τοῦ
903 3662 1136 3732 ἀοράτου
1176 3661 1409 3731 φανῆναί
1457 3678 1607 3713 ποτε.
1643 3681 1662 3711 ι
1716 3661 1824 3713 Καὶ
1874 3662 1931 3713 ἐν

359 3751 570 3813 τούτοις
597 3752 652 3804 δέ
680 3754 708 3805 ό
736 3753 1051 3823 Μάρκελλος
1079 3754 1138 3806 ού
1170 3755 1388 3823 συνορᾷ,
1418 3754 1520 3817 ὅτι,
1552 3756 1599 3806 εἰ
1630 3753 1725 3824 τήν
1754 3754 1932 3825 σάρκα

358 3842 582 3913 δοίημεν
616 3837 754 3894 εἶναι
781 3842 878 3913 τὴν
912 3843 1091 3895 εἰκόνα
1127 3843 1220 3895 τοῦ
1251 3842 1408 3904 Θεοῦ,
1442 3842 1559 3914 ὥρα
1584 3844 1677 3895 καὶ
1717 3845 1932 3896 πάντων

359 3931 457 3984 ἀνθ
467 3932 659 4003 ρώπων
676 3931 770 3994 τὰς
793 3931 1021 4001 σάρκας,
1045 3932 1138 3983 καὶ
1159 3932 1227 3983 τὰ
1248 3931 1356 3983 τῶν
1381 3933 1645 4003 σωμάτων
1667 3932 1932 4003 πρόσωπα

360 4025 572 4087 εἰκόνας
601 4023 737 4077 εἶναι
767 4026 940 4093 λέγειν
963 4025 1053 4077 τοῦ
1084 4023 1241 4076 Θεοῦ.
1274 4025 1434 4076 Ὥστε
1468 4026 1587 4076 κατ’
1610 4023 1769 4076 αὑτὸν
1822 4042 1929 4094 μη-

362 4115 455 4168 δὲν
506 4115 781 4186 ἐξαίρετον
820 4118 1106 4186 ἐσχηκέναι
1145 4116 1234 4167 τὸν
1269 4114 1516 4185 Σωτῆρα.
1556 4116 1612 4167 Ὀ
1652 4114 1696 4166 δ’
1743 4114 1931 4186 ὥσπερ

361 4207 748 4279 ἐπιλαθόμενος
782 4203 859 4263 ὧν
891 4209 1028 4279 μετά
1059 4208 1229 4260 ταῦτα
1262 4208 1389 4277 περί
1426 4207 1521 4277 τῆς
1553 4206 1751 4276 σαρκὸς
1806 4224 1929 4259 συν-

362 4300 585 4371 έγραψε,
616 4301 800 4354 δούλου
837 4300 1047 4371 μορφὴν
1085 4298 1250 4367 αὐτὴν
1281 4296 1447 4349 εἰπὼν
1480 4295 1538 4362 ἐξ
1572 4295 1929 4367 ἁποστολικῆς

360 4392 731 4461 παραθέσεως,
795 4393 884 4448 καὶ
930 4393 1016 4445 διὰ
1076 4391 1233 4444 τοῦτο
1299 4391 1373 4460 μή
1434 4388 1689 4442 δύνασθαι
1754 4391 1927 4440 συνεῖ-

2039 1943 2056 1974 ‹
2110 1925 2247 1987 tias,
2294 1923 2627 1993 intelligatur
2673 1925 2986 1978 denotari.)
3040 1923 3425 1993 Huiuscemodi
3477 1938 3605 1977 suas

2035 2016 2515 2083 interpretationes
2544 2014 2633 2068 ubi
2674 2024 3049 2084 proposuerat,
3084 2016 3260 2086 pergit
3298 2015 3512 2070 demum
3542 2017 3608 2067 ad

2036 2108 2343 2161 testimonia
2385 2107 2700 2175 apostolica,
2745 2116 2801 2161 et
2838 2108 3096 2177 Apostolo
3137 2108 3409 2163 contraria
3454 2108 3506 2161 in
3546 2121 3611 2159 os

2032 2199 2311 2268 obgannit.
2366 2197 2509 2250 «Ille
2567 2199 2703 2251 enim
2758 2199 3173 2266 praeminentem
3237 2198 3430 2252 Filium
3490 2198 3608 2260 Dei,

2039 2308 2056 2338 ι
2105 2288 2285 2343 omnis
2329 2298 2592 2343 creaturae
2655 2288 3079 2359 Primogenitum
3129 2289 3357 2358 appellat
3387 2288 3609 2342 :omnia

2037 2403 2057 2427 ι
2107 2383 2160 2436 in
2192 2381 2286 2436 illo
2317 2389 2371 2434 et
2399 2396 2496 2447 per
2531 2379 2679 2434 illum
2712 2382 2927 2435 condita
2980 2380 3137 2435 docet
3166 2397 3180 2432 :
3216 2393 3449 2447 eumque
3481 2388 3613 2432 ante

2040 2492 2058 2523 ‹
2106 2473 2287 2527 omnia
2336 2473 2613 2527 exstitisse
2664 2490 2852 2543 magna
2885 2487 3002 2527 voce
3035 2481 3405 2538 protestatur;
3442 2479 3495 2522 at
3527 2473 3610 2522 hic

2043 2586 2059 2615 ι
2107 2566 2240 2618 hanc
2266 2567 2434 2631 ipsam
2464 2566 2776 2635 theologiam
2811 2562 2879 2617 ad
2922 2580 3133 2618 carnem
3167 2564 3375 2615 deducit
3405 2576 3423 2614 :
3448 2578 3605 2630 quam

2042 2677 2057 2707 ι
2104 2667 2151 2710 et
2195 2659 2365 2725 ipsam
2395 2658 2572 2710 statim
2608 2668 2757 2727 negat
2788 2672 2805 2709 .'
2835 2656 2911 2709 ait
2971 2665 3151 2708 autem
3199 2671 3213 2707 :
3252 2652 3340 2723 [Β.
3367 2651 3609 2723 LXXXI]

2026 2740 2058 2798 ἰ
2107 2746 2311 2803 Idcirco
2342 2749 2536 2804 merito
2568 2748 2751 2812 infert,
2789 2748 2891 2813 Qui
2934 2757 3018 2801 est
3040 2748 3213 2814 imago
3242 2746 3333 2799 Dei
3361 2745 3605 2800 invisibi-

2043 2858 2061 2890 ι
2108 2840 2194 2906 Iis,
2227 2841 2444 2908 quando
2471 2850 2649 2894 autem
2696 2840 2770 2893 ita
2805 2838 3016 2893 factus?
3043 2838 3179 2891 Num
3215 2853 3337 2891 cum
3378 2837 3601 2907 ﬁgmen-

2044 2949 2060 2980 ι
2110 2938 2223 2983 ιυιη
2255 2930 2549 2999 assumpsit
2575 2930 2701 2984 illud
2727 2931 2868 2997 quod
2901 2930 3101 2983 factum
3127 2928 3295 2982 estad
3320 2927 3605 2997 imaginem

2044 3040 2063 3069 ς
2109 3030 2164 3074 et
2190 3020 2641 3075 similitudinem?
2676 3025 2734 3083 ›Ι‹
2768 3019 2927 3074 Prius
2956 3021 3178 3079 etenim.
3221 3020 3362 3087 quod
3406 3019 3593 3087 aliquo

2045 3133 2062 3163 ‹
2112 3113 2210 3167 ties
2261 3112 2517 3173 diximus.
2571 3113 2700 3165 nihil
2750 3112 2897 3165 aliud
2923 3128 3088 3179 quam
3146 3113 3376 3165 Verbum
3420 3122 3554 3164 erat.
3585 3132 3604 3161 ι

2036 3203 2272 3265 Perstat,
2306 3213 2360 3256 et
2399 3203 2501 3256 boc
2535 3202 2860 3270 exliIiCatius
2912 3202 3166 3267 eiucidat,
3202 3202 3289 3255 ubi
3320 3202 3553 3271 loquitur
3588 3218 3604 3253 :

2035 3294 2122 3365 [Β.
2144 3292 2334 3346 XXXII
2356 3294 2480 3346 coll.
2498 3308 2547 3361 p.
2568 3294 2637 3346 24
2660 3292 2729 3364 Β]
2752 3311 2769 3344 ι
2801 3293 2890 3347 Est
2907 3308 3035 3364 ergo
3061 3292 3433 3357 manifestum,
3457 3297 3600 3363 quod

2034 3402 2136 3438 non
2173 3396 2289 3439 erat
2319 3384 2552 3439 Verbum
2595 3385 2772 3453 imago
2810 3384 3097 3438 invisibilis
3128 3384 3222 3437 Dei
3269 3393 3394 3437 ante
3424 3386 3603 3438 carnis

2033 3488 2233 3531 nostra:
2280 3464 2730 3544 assumptionem.
2765 3474 2896 3528 Nam
2941 3489 3162 3527 necesse
3200 3483 3283 3527 est
3313 3474 3601 3543 imaginem

2032 3567 2204 3622 oculis
2228 3568 2397 3631 cerni,
2414 3576 2473 3620 ut
2497 3567 2570 3619 ita
2591 3583 2685 3634 per
2705 3566 2989 3636 imaginem
3006 3566 3349 3619 discernatur
3373 3565 3423 3619 id
3450 3566 3592 3634 quod

2034 3676 2136 3713 non
2156 3669 2361 3728 poterat
2380 3668 2532 3711 antea
2563 3657 2731 3711 oculis
2758 3657 3058 3721 usurpari.»
3081 3656 3208 3709 Dein
3227 3656 3375 3709 addit
3400 3656 3601 3722 :the-

2041 3769 2058 3801 ι
2110 3748 2473 3802 madmodum
2503 3748 2670 3816 igitur
2693 3748 2939 3800 Asterius
2965 3744 3217 3808 aIIirmat,
3249 3744 3337 3798 Dei
3368 3743 3600 3798 Verbum

2037 3861 2057 3893 ι
2103 3842 2376 3896 exstitisse
2426 3841 2715 3909 imaginem
2780 3836 3067 3891 invisibilis
3132 3836 3263 3889 Dei?
3337 3835 3602 3905 Imagines

2037 3954 2053 3984 ι
2102 3933 2299 3988 etenim
2340 3942 2463 3986 sunt
2497 3946 2684 3985 earum
2727 3945 2908 3985 rerum
2962 3927 3397 3983 demonstrativae
3435 3928 3597 3981 etiam

2038 4045 2055 4075 ι
2101 4025 2434 4089 absentium,
2474 4039 2701 4093 quarum
2742 4032 2868 4075 sunt
2914 4021 3182 4089 imagines
3221 4020 3340 4073 :ita
3400 4027 3452 4072 ut
3502 4032 3602 4087 per

2039 4134 2055 4164 ι
2106 4115 2224 4169 illas
2253 4113 2337 4167 vel
2373 4115 2650 4168 absentem
2682 4114 2948 4182 possimus
2978 4111 3199 4164 intueri.
3239 4108 3441 4177 Quodsi
3480 4110 3597 4173 Dei,

2036 4225 2055 4257 ι
2103 4223 2224 4261 cum
2258 4207 2331 4260 sit
2365 4206 2673 4271 invisibilis,
2699 4206 2919 4260 verbum
2944 4220 3157 4274 quoque
3180 4204 3453 4258 invisibile
3475 4202 3548 4257 sit
3577 4222 3592 4256 :

2035 4320 2052 4350 ε
2096 4298 2366 4368 quomodo
2399 4298 2615 4351 tandem
2654 4295 2908 4359 Verbum,
2950 4296 3001 4348 in
3032 4310 3091 4348 se
3124 4293 3416 4359 invisibile,
3452 4294 3594 4347 invi-

2035 4410 2051 4441 ι
2100 4390 2273 4445 sibilis
2308 4389 2399 4443 Dei
2439 4390 2615 4458 imago
2641 4402 2761 4441 esse
2797 4398 2970 4456 potest
2995 4386 3019 4439 ?
3043 4386 3203 4440 Certe
3244 4394 3325 4440 est
3374 4400 3594 4454 prorsus

361 4501 451 4536 ναι
480 4485 597 4553 (70)
621 4484 695 4555 τῷ
719 4486 895 4555 Λόγῳ,
932 4484 1020 4537 διὰ
1054 4484 1113 4537 τὸ
1127 4483 1311 4536 δούλου
1351 4481 1562 4554 μορφὴν
1592 4475 1758 4534 εἶναι·
1796 4481 1928 4534 ἀλλὰ

2039 4499 2057 4531 ι
2106 4481 2462 4551 impossibile,
2511 4492 2570 4533 ut
2616 4480 2756 4548 quod
2821 4494 2924 4532 non
2975 4479 3209 4542 videtur,
3251 4493 3348 4547 per
3391 4478 3595 4545 aliquid

360 4575 455 4628 καὶ
477 4579 654 4646 γυμνῇ
685 4578 749 4646 τῇ
779 4575 983 4647 κεφαλῇ
1020 4578 1229 4646 φήσας,
1264 4594 1282 4625 ι
1317 4573 1432 4636 πῶς
1470 4569 1700 4642 ἐγχωρεῖ
1730 4572 1827 4642 τὴν
1860 4572 1923 4624 ἐκ

369 4686 386 4716 ο
429 4668 530 4737 γῆς
558 4685 615 4720 τε
647 4664 831 4729 οὖσαν,
858 4669 950 4721 κοιλ⁹
981 4668 1146 4738 μηδὲν
1188 4666 1521 4735 ὠφελοῦσαν,
1552 4666 1610 4716 ἐν
1644 4666 1755 4725 τοῖς
1792 4663 1917 4733 μέλ-

367 4778 385 4808 ε
425 4759 602 4811 λουσιν
628 4758 785 4811 αἰῶσι
818 4762 1052 4811 συνεῖναι
1080 4758 1158 4828 τῷ
1182 4758 1359 4826 Λόγῳς
1386 4776 1403 4808 ι
1445 4753 1583 4808 εἶναι
1615 4754 1799 4807 εἰκόνα
1828 4754 1921 4806 τοῦ

358 4850 589 4922 ἀοράτου
608 4850 766 4918 Θεοῦ,
791 4852 889 4922 τὴν
922 4850 1097 4921 σάρκα
1130 4849 1220 4902 ἐπὶ
1254 4850 1345 4901 τοῦ
1376 4848 1639 4919 παρόντος
1664 4846 1926 4917 διισχυρί-

360 4942 511 5006 ζεται
537 4941 1007 5013 διαϐεϐαιούμενος
1032 4939 1433 5009 ἀποφαντικῶς,
1461 4938 1542 4990 ὅτι
1572 4937 1677 5008 πρὸ
1700 4936 1799 5006 τῆς
1832 4935 1924 4989 τοῦ

360 5034 627 5106 ἡμετέρου
686 5036 936 5106 σώματος
987 5032 1302 5101 ἀναλήψεως
1359 5030 1459 5083 οὐκ
1500 5024 1568 5100 ἦν
1624 5027 1785 5080 εἰκὼν
1828 5027 1922 5080 τοῦ

359 5125 590 5195 ἀοράτου
606 5124 762 5188 Θεοῦ,
783 5128 812 5177 ό
832 5125 1001 5195 Λόγος
1024 5123 1211 5177 αὐτοῦ.
1235 5123 1345 5175 Καὶ
1362 5118 1515 5183 αὖθις
1534 5119 1672 5191 μετά
1686 5119 1756 5171 τὰ
1770 5120 1926 5172 ἐκτε-

359 5216 522 5270 θέντα
569 5218 815 5290 ἐπιφέρει
854 5217 1044 5286 λέγων·
1091 5236 1109 5267 ι
1147 5215 1236 5268 Διὸ
1264 5211 1597 5282 πανταχόθεν
1636 5210 1814 5280 δῆλον,
1850 5212 1925 5263 εἰ-

438 5361 495 5419 ›Ῑ‹
548 5354 644 5408 Ed.
682 5352 877 5414 Paris..
911 5370 1031 5423 pag.
1062 5353 1153 5407 47.

430 5495 541 5561 (69)
577 5492 744 5561 Vulgo
786 5493 882 5562 και
902 5493 967 5545 δι’
997 5492 1174 5547 αὐτῶν
1210 5505 1261 5548 et
1292 5491 1383 5544 τοῦ
1416 5491 1647 5562 ἀοράτου
1688 5492 1839 5553 ὄντος
1873 5498 1927 5543 et

362 5566 539 5635 σάρκα
565 5560 701 5635 δείνί
718 5565 815 5635 μέν
842 5560 998 5615 εἶναι.

433 5633 544 5703 (70)
596 5634 691 5701 Μὴ
744 5633 1035 5703 δύνασθαι
1078 5633 1369 5687 συνεῖναι.
1431 5634 1540 5687 Ἀεί
1595 5634 1751 5695 forte,
1799 5646 1919 5683 nam

364 5704 489 5757 illud
528 5707 721 5770 ιιοιιιιι.
759 5702 937 5769 Neque
966 5705 1127 5756 fuisse
1161 5707 1436 5757 adunitam
1461 5708 1628 5758 verbo
1657 5706 1722 5755 ab
1762 5712 1915 5753 tmer-

362 5790 451 5835 no.
480 5788 575 5827 nec
606 5772 837 5826 futuram
868 5774 1243 5839 aduniendam,
1271 5786 1326 5828 ut
1360 5776 1541 5829 statim
1569 5777 1624 5826 ἐν
1648 5776 1755 5835 τοῖς
1782 5772 1905 5840 μέλ-

2035 4590 2053 4622 (
2100 4570 2365 4625 invisibile
2400 4570 2792 4623 manifestetur.
2821 4588 2839 4620 ι
2876 4570 2991 4623 Non
3028 4569 3115 4622 hic
3162 4568 3411 4638 intelligit
3442 4567 3585 4621 Mar-

2031 4663 2225 4726 celius,
2261 4663 2403 4732 quod
2448 4663 2490 4716 si
2533 4663 2603 4716 sit
2648 4678 2870 4716 necesse
2900 4678 3118 4716 carnem
3155 4662 3438 4731 imaginem
3474 4660 3591 4713 ﬁeri
3692 4699 3701 4708 .

2032 4756 2167 4820 Del,
2214 4769 2409 4807 carnes
2458 4763 2514 4807 et
2556 4769 2785 4823 corpora
2830 4753 3107 4806 hominum
3163 4752 3492 4823 singulorum
3537 4764 3592 4805 et

2033 4859 2308 4914 personae.
2362 4844 2623 4915 imagines
2668 4844 2917 4898 dicantur
2973 4857 3092 4897 esse
3131 4842 3246 4900 Dei.
3291 4842 3365 4896 Ita
3406 4854 3459 4894 ut
3497 4859 3596 4911 per

2030 4937 2379 5004 semetipsum
2427 4936 2701 5005 singulare
2746 4934 2879 4989 nihil
2926 4936 3122 4989 habeat
3163 4935 3439 4989 Servator.
3488 4934 3593 4986 Iste

2026 5042 2177 5095 vero,
2212 5038 2465 5096 tanquam
2505 5027 2705 5083 oblitus
2734 5042 2919 5082 eorum
2957 5042 3075 5096 quae
3098 5027 3351 5096 deinceps
3376 5028 3440 5080 de
3472 5041 3589 5079 car-

2028 5133 2096 5171 ne
2133 5120 2406 5173 mandavit
2444 5120 2661 5182 litteris,
2692 5135 2813 5174 cum
2844 5133 2909 5173 ex
2939 5118 3261 5173 auctoritate
3294 5116 3586 5185 apostolica

2033 5212 2175 5266 scivi
2213 5213 2439 5267 formam
2475 5212 2619 5267 illam
2648 5210 3001 5274 nominasset,
3033 5223 3130 5263 nec
3167 5207 3369 5263 idcirco
3398 5208 3591 5261 unien-

2025 5488 2206 5540 λουσιν
2233 5487 2411 5540 enim.
2436 5484 2530 5539 Ubi
2558 5484 2694 5538 forte
2714 5484 3018 5550 legendum,
3047 5494 3100 5535 et
3130 5482 3588 5551 distinguendum,

2022 5555 2159 5610 εἶναι
2190 5558 2245 5609 δέ
2269 5558 2450 5609 εἰκόνα
2470 5555 2562 5607 τοῦ
2590 5557 2820 5624 ἀοράτου
2858 5553 2993 5624 Θεοῦ
3023 5553 3120 5624 τήν
3150 5554 3343 5624 σάρκα,
3376 5550 3472 5624 ἐπι
3492 5553 3590 5606 τοῦ

2021 5630 2288 5698 παρόντος
2311 5622 3219 5698 διισχυρίζετοιιδιαϐεϐαιούμενος.
3351 5650 3416 5661 -
3436 5622 3587 5698 ‘Dein

2021 5692 2177 5761 vulgo
2205 5694 2343 5750 εἶναι
2366 5692 2673 5767 διισχυρ.οι
2698 5692 3053 5764 ὰποφατικῶς
3091 5706 3144 5750 et
3179 5694 3349 5746 ταῦτα
3395 5692 3461 5746 τὰ
3503 5693 3588 5748 ὲκ·

2019 5768 2176 5822 Οέντα
2204 5768 2279 5835 τῷ
2307 5767 2424 5834 Θεῴ
2456 5768 2629 5834 Λόγῳ.
